<mjloggm ver="2.3"><GO type="169" lobby="0"/><UN n0="%E5%BA%83%E8%83%BD%E6%98%8C%E4%B8%89" n1="%E3%82%A8%E3%82%B9%E3%83%86%E3%83%BC" n2="%E4%B8%89%E9%83%8E%44%58" n3="%E5%B0%B1%E6%B4%BB%E7%94%9F%40%E5%B7%9D%E6%9D%91%E8%BB%8D%E5%9B%A3" dan="17,17,16,16" rate="2245.95,2185.23,2077.73,2056.06" sx="M,F,M,M"/><TAIKYOKU oya="0"/><INIT seed="0,0,0,3,3,127" ten="250,250,250,250" oya="0" hai0="118,34,73,63,52,110,130,122,98,10,93,9,124" hai1="81,70,120,32,23,40,64,100,42,68,67,121,47" hai2="2,92,22,51,106,90,16,12,84,126,44,18,117" hai3="119,28,15,20,80,123,95,35,39,6,78,66,41"/><T50/><D73/><U37/><E32/><V77/><F106/><W129/><G119/><T29/><D122/><N who="1" m="47211" /><E23/><V116/><F126/><W61/><G123/><T103/><D124/><U27/><E27/><V85/><F2/><W26/><G95/><T0/><D118/><N who="2" m="45674" /><F18/><W24/><G41/><N who="1" m="15978" /><E81/><V17/><F17/><W105/><G39/><T71/><D0/><U115/><E115/><V128/><F128/><W30/><G105/><T38/><D130/><U55/><E100/><V53/><F77/><W79/><G129/><T31/><D38/><U125/><E125/><V60/><F60/><W132/><G132/><T3/><D3/><U4/><E4/><V36/><F36/><W111/><G111/><T99/><D110/><U96/><E96/><AGARI ba="0,0" hai="12,16,22,44,51,53,84,85,90,92,96" m="45674" machi="96" ten="30,2000,0" yaku="12,1,54,1" doraHai="127" who="2" fromWho="1" sc="250,0,250,-20,250,20,250,0" /><INIT seed="1,0,0,0,1,0" ten="250,230,270,250" oya="1" hai0="2,55,118,119,66,24,80,57,22,84,125,97,49" hai1="62,70,69,4,35,105,112,74,85,18,95,108,56" hai2="83,20,45,12,86,7,68,90,52,67,113,103,43" hai3="54,94,29,104,110,28,51,87,46,37,41,109,92"/><U102/><E112/><V61/><F113/><W40/><G104/><T26/><D125/><U127/><E74/><V132/><F132/><W14/><G14/><T9/><D66/><U30/><E127/><V135/><F135/><W19/><G19/><T48/><D97/><U79/><E18/><V114/><F114/><W134/><G134/><T101/><D101/><U96/><E108/><N who="3" m="41578" /><G41/><T10/><D49/><U128/><E128/><V1/><F103/><W42/><G42/><T25/><D22/><U77/><E77/><V13/><F1/><W38/><G38/><T82/><D82/><U44/><E105/><V81/><F81/><W126/><G126/><T115/><D115/><U76/><E76/><V3/><F3/><W60/><G60/><T50/><D50/><U65/><E79/><V78/><F78/><W99/><G87/><T129/><D129/><U106/><E85/><V33/><F33/><W8/><G8/><T121/><D10/><U75/><E75/><V72/><F72/><W39/><G39/><T98/><D98/><U100/><E106/><V36/><F20/><W133/><G133/><T58/><D9/><U5/><E102/><V111/><F111/><W64/><G64/><T27/><D2/><U73/><E73/><V71/><F71/><N who="1" m="27145" /><E35/><V32/><F32/><W89/><G94/><T31/><D84/><U124/><E124/><V117/><F117/><N who="0" m="44554" /><D80/><U131/><E131/><V11/><F13/><W107/><G107/><T15/><D15/><U16/><E30/><V47/><F47/><AGARI ba="0,0" hai="28,29,37,40,46,47,51,54,89,92,99" m="41578" machi="47" ten="30,1000,0" yaku="14,1" doraHai="0" who="3" fromWho="2" sc="250,0,230,0,270,-10,250,10" /><INIT seed="2,0,0,5,2,94" ten="250,230,260,260" oya="2" hai0="1,28,75,37,86,66,92,35,78,61,63,103,128" hai1="17,126,9,81,42,10,47,36,18,20,135,70,72" hai2="68,89,39,77,95,19,114,90,50,6,107,7,54" hai3="79,133,73,134,16,105,82,85,51,64,40,108,25"/><V76/><F107/><W21/><G105/><T0/><D37/><U33/><E33/><V104/><F104/><W49/><G108/><T3/><D75/><U84/><E70/><V111/><F68/><W24/><G73/><T123/><D123/><U96/><E72/><V29/><F39/><W100/><G100/><T8/><D128/><U98/><E135/><N who="3" m="51722" /><G64/><T118/><D118/><U46/><E126/><V58/><F111/><W113/><G113/><T41/><D41/><U125/><E125/><V31/><F114/><W115/><G115/><T80/><D8/><N who="1" m="3179" /><E36/><V99/><F19/><N who="1" m="7177" /><E20/><V129/><F129/><W43/><G25/><T12/><D12/><U117/><E117/><V11/><F89/><W13/><G24/><T110/><D110/><U45/><E42/><AGARI ba="0,0" hai="13,16,21,40,42,43,49,51,79,82,85" m="51722" machi="42" ten="30,2000,0" yaku="20,1,54,1" doraHai="94" who="3" fromWho="1" sc="250,0,230,-20,260,0,260,20" /><INIT seed="3,0,0,2,4,69" ten="250,210,260,280" oya="3" hai0="30,7,58,13,120,121,77,27,4,93,117,9,59" hai1="55,49,56,87,2,123,127,63,38,54,16,24,96" hai2="37,76,104,36,52,98,115,28,48,22,20,10,75" hai3="97,114,61,50,90,107,31,81,126,53,41,42,5"/><W83/><G126/><T39/><D117/><U94/><E123/><V17/><F115/><W80/><G114/><T82/><D7/><U62/><E127/><V95/><F104/><W99/><G5/><T79/><D39/><U101/><E2/><V47/><F10/><W128/><G128/><T108/><D108/><U44/><E38/><V92/><F92/><W11/><G11/><T133/><D133/><U111/><E111/><V32/><F32/><W14/><G107/><T0/><D79/><U122/><E122/><V134/><F134/><W112/><G61/><T3/><D93/><U21/><E87/><V89/><F28/><W18/><G31/><T72/><D120/><U106/><E106/><V23/><REACH who="2" step="1"/><F17/><REACH who="2" ten="250,210,250,280" step="2"/><W67/><G112/><T65/><D121/><U60/><AGARI ba="0,1" hai="16,21,24,44,49,54,55,56,60,62,63,94,96,101" machi="60" ten="20,5200,0" yaku="0,1,7,1,8,1,54,1" doraHai="69" who="1" fromWho="1" sc="250,-13,210,62,250,-13,280,-26" /><INIT seed="4,0,0,0,3,32" ten="237,272,237,254" oya="0" hai0="92,133,81,130,60,25,37,125,118,103,124,26,7" hai1="74,104,35,59,122,72,28,132,113,110,78,89,75" hai2="17,56,112,129,83,33,109,5,114,53,134,91,13" hai3="3,95,54,18,70,31,101,108,48,117,8,106,40"/><T135/><D37/><U11/><E59/><V102/><F33/><W77/><G117/><T105/><D105/><U67/><E67/><V34/><F34/><W21/><G108/><T93/><D118/><U22/><E22/><V6/><F129/><W100/><G106/><T69/><D130/><U47/><E47/><V82/><F134/><N who="0" m="51210" /><D81/><U15/><E104/><V42/><F109/><W97/><G70/><T1/><D69/><U99/><E110/><V50/><F102/><W68/><G68/><T63/><D63/><U4/><E122/><V73/><F42/><W66/><G66/><T0/><D60/><U119/><E119/><V121/><F121/><W107/><G77/><T64/><D64/><U23/><E132/><V2/><F2/><N who="0" m="1130" /><D7/><U27/><E4/><V52/><F53/><W115/><G3/><T84/><D84/><U36/><E36/><V79/><F91/><W88/><G115/><T116/><D116/><U30/><E89/><V94/><F94/><N who="0" m="36458" /><D103/><U29/><E113/><V87/><F73/><W14/><G101/><T98/><D98/><U123/><E99/><V126/><F126/><AGARI ba="0,0" hai="25,26,124,125,126" m="36458,1130,51210" machi="126" ten="40,18000,2" yaku="28,2,18,1,20,1,52,3" doraHai="32" who="0" fromWho="2" sc="237,180,272,0,237,-180,254,0" /><INIT seed="4,1,0,4,1,51" ten="417,272,57,254" oya="0" hai0="133,21,87,101,120,37,130,56,114,6,73,75,49" hai1="1,33,134,15,66,122,16,69,48,102,0,125,108" hai2="41,20,63,12,53,11,45,72,3,57,54,59,14" hai3="62,132,34,7,123,92,83,121,95,116,90,38,31"/><T35/><D35/><U68/><E108/><V135/><F72/><W131/><G116/><T24/><D37/><U79/><E122/><N who="3" m="46602" /><G38/><T32/><D32/><U4/><E4/><V30/><F135/><W80/><G7/><T91/><D101/><U40/><E33/><V115/><F3/><W61/><G132/><T42/><D120/><U70/><E66/><V105/><F115/><W28/><G131/><T100/><D114/><U119/><E119/><V74/><F105/><W128/><G128/><T109/><D130/><U86/><E102/><V104/><F74/><W126/><G126/><T107/><D6/><U47/><E125/><V23/><F104/><W71/><G34/><T58/><D133/><U106/><E106/><V17/><F30/><N who="3" m="11307" /><G90/><T129/><D129/><U46/><E134/><V10/><F14/><W9/><G9/><T76/><D91/><U18/><E18/><V94/><F10/><W25/><G25/><T13/><D24/><U110/><E110/><V77/><F94/><N who="3" m="35883" /><G71/><T27/><D27/><U89/><E89/><V118/><F118/><W99/><G99/><T97/><D97/><U84/><E0/><V36/><REACH who="2" step="1"/><F77/><REACH who="2" ten="417,272,47,254" step="2"/><W50/><G50/><AGARI ba="1,1" hai="11,12,17,20,23,36,41,45,50,53,54,57,59,63" machi="50" ten="30,8000,1" yaku="1,1,2,1,7,1,52,2,53,0" doraHai="51" doraHaiUra="29" who="2" fromWho="3" sc="417,0,272,0,47,93,254,-83" /><INIT seed="5,0,0,0,4,96" ten="417,272,140,171" oya="1" hai0="103,114,123,49,5,40,79,99,56,85,69,29,71" hai1="57,27,88,110,67,14,81,117,100,42,74,132,82" hai2="18,4,64,116,111,16,50,89,83,77,134,52,106" hai3="0,32,129,34,28,124,66,46,112,24,11,90,93"/><U135/><E117/><V102/><F116/><W109/><G109/><T78/><D29/><U8/><E110/><V43/><F111/><W39/><G129/><T6/><D114/><U22/><E42/><V21/><F134/><W126/><G112/><T97/><D123/><U13/><E74/><V75/><F64/><W70/><G34/><T59/><D49/><U60/><E100/><V65/><F43/><N who="3" m="22911" /><G66/><T55/><D40/><U35/><E35/><V3/><F65/><W44/><G44/><T113/><D113/><U12/><E8/><V133/><F133/><N who="1" m="51273" /><E88/><V58/><F21/><W131/><G70/><T107/><D85/><U122/><E122/><V73/><F73/><W101/><G101/><T108/><D108/><U25/><E25/><V10/><REACH who="2" step="1"/><F89/><REACH who="2" ten="417,272,130,171" step="2"/><W47/><G90/><T62/><D69/><U51/><E67/><V2/><F2/><W104/><G32/><T63/><D71/><U61/><E22/><V91/><F91/><W23/><G0/><T54/><D99/><AGARI ba="0,1" hai="3,4,10,16,18,50,52,58,75,77,83,99,102,106" machi="99" ten="40,8000,1" yaku="1,1,52,1,54,2,53,0" doraHai="96" doraHaiUra="30" who="2" fromWho="0" sc="417,-80,272,0,130,90,171,0" /><INIT seed="6,0,0,3,5,66" ten="337,272,220,171" oya="2" hai0="104,65,41,36,3,123,51,17,71,0,54,128,72" hai1="2,53,7,69,18,121,43,115,32,73,106,37,12" hai2="105,28,112,56,89,85,113,6,55,90,131,21,96" hai3="122,61,92,30,135,64,91,20,101,13,52,33,46"/><V39/><F39/><W102/><G122/><T125/><D104/><U133/><RYUUKYOKU type="yao9" ba="0,0" sc="337,0,272,0,220,0,171,0" hai1="2,7,12,18,32,37,43,53,69,73,106,115,121,133" /><INIT seed="6,1,0,5,5,46" ten="337,272,220,171" oya="2" hai0="89,55,128,48,17,109,10,52,11,87,86,8,41" hai1="91,27,129,19,115,99,58,44,100,80,108,134,34" hai2="85,43,66,25,92,23,75,39,21,26,20,30,79" hai3="72,69,132,111,3,112,40,104,4,61,101,68,121"/><V2/><F2/><W84/><G84/><N who="0" m="32299" /><D109/><U127/><E108/><V74/><F66/><W124/><G40/><T78/><D128/><U67/><E115/><V130/><F130/><W119/><G101/><T45/><D78/><U102/><E134/><V106/><F106/><W18/><G18/><T60/><D89/><U122/><E127/><V110/><F110/><W47/><G4/><T63/><D17/><U83/><E91/><V62/><F62/><AGARI ba="1,0" hai="8,10,11,41,45,48,52,55,60,62,63" m="32299" machi="62" ten="30,3900,0" yaku="8,1,52,1,54,1" doraHai="46" who="0" fromWho="2" sc="337,42,272,0,220,-42,171,0" /><INIT seed="7,0,0,2,0,96" ten="379,272,178,171" oya="3" hai0="9,24,54,63,67,120,128,55,85,42,80,97,129" hai1="91,36,48,94,73,125,25,108,78,77,3,22,134" hai2="92,47,127,11,65,32,83,102,51,84,60,34,8" hai3="15,90,70,57,131,110,71,113,6,10,45,41,119"/><W107/><G119/><T118/><D118/><U33/><E108/><V116/><F127/><W115/><G110/><T26/><D42/><U16/><E36/><V5/><F116/><W122/><G122/><T50/><D97/><N who="1" m="57567" /><E3/><V28/><F28/><W93/><G107/><T62/><D9/><U89/><E73/><V29/><F29/><W111/><G57/><N who="0" m="32983" /><D55/><U104/><E134/><V81/><F81/><W12/><G12/><T43/><D43/><U19/><E33/><V112/><F112/><N who="3" m="43083" /><G131/><N who="0" m="50251" /><D120/><U103/><E103/><V20/><F20/><W74/><G74/><T132/><D132/><U88/><E104/><V124/><F124/><W105/><G105/><T95/><D95/><U76/><E125/><V106/><F106/><W39/><G111/><T17/><D17/><U109/><E109/><V79/><F11/><W46/><G46/><T4/><D4/><U44/><E19/><V27/><F27/><N who="0" m="10282" /><D67/><U53/><AGARI ba="0,0" hai="16,22,25,44,48,53,76,77,78,88,89" m="57567" machi="53" ten="30,4000,0" yaku="8,1,54,2" doraHai="96" who="1" fromWho="1" sc="379,-10,272,40,178,-10,171,-20" owari="369,47.0,312,11.0,168,-23.0,151,-35.0" /></mjloggm>