<mjloggm ver="2.3"><GO type="97" lobby="0"/><UN n0="%E7%BC%B6%E8%A9%B0%E8%A9%A6%E4%BD%9C%E4%B8%89%E5%8F%B7%E6%A9%9F" n1="%E5%8F%8C%E6%B5%B7%E7%9C%9F%E7%BE%8E" n2="%E5%B0%B1%E6%B4%BB%E7%94%9F%40%E5%B7%9D%E6%9D%91%E8%BB%8D%E5%9B%A3" n3="%E9%89%84%E5%B9%B3" dan="15,13,15,15" rate="2012.26,1864.39,2001.85,2025.69" sx="M,F,M,M"/><TAIKYOKU oya="0"/><INIT seed="0,0,0,4,1,110" ten="250,250,250,250" oya="0" hai0="42,100,41,71,74,2,31,79,88,39,66,21,99" hai1="33,85,49,94,84,30,83,127,37,121,103,50,130" hai2="98,131,63,46,119,13,25,107,55,91,44,35,9" hai3="16,7,123,8,54,128,26,29,108,114,64,117,51"/><T56/><D2/><U58/><E37/><V112/><F119/><W22/><G117/><T95/><D71/><U126/><E121/><V104/><F131/><W40/><G108/><T134/><D134/><U62/><E130/><V15/><F107/><W92/><G128/><T96/><D39/><U93/><E30/><V67/><F15/><W133/><G133/><T70/><D70/><U59/><E33/><V32/><F112/><W57/><G123/><T68/><D79/><U20/><E20/><V113/><F113/><W0/><G114/><T1/><D74/><U75/><E75/><V111/><F111/><W11/><G40/><T14/><D68/><U10/><E10/><V48/><F44/><W115/><G115/><T36/><D36/><U38/><E38/><V6/><F25/><W105/><G105/><T72/><D1/><U61/><E83/><V87/><F98/><W129/><G129/><T4/><D72/><U52/><E103/><V90/><F90/><W122/><G122/><T125/><D125/><U28/><E28/><V106/><F106/><W124/><G124/><T47/><D47/><U109/><E109/><V102/><F102/><W69/><G92/><N who="0" m="58375" /><D14/><U34/><E34/><V132/><F132/><W23/><G0/><T43/><D4/><U135/><E135/><V17/><F6/><W24/><REACH who="3" step="1"/><G7/><REACH who="3" ten="250,250,250,240" step="2"/><T27/><D43/><U18/><E126/><V81/><F104/><W78/><G78/><T3/><D3/><U76/><E127/><V86/><F86/><W12/><G12/><T65/><D66/><U89/><E76/><V77/><F77/><RYUUKYOKU ba="0,1" sc="250,10,250,-30,250,10,240,10" hai0="21,27,31,41,42,56,65,88,95,99" hai2="9,13,17,32,35,46,48,55,63,67,81,87,91" hai3="8,11,16,22,23,24,26,29,51,54,57,64,69" /><INIT seed="0,1,1,2,1,66" ten="260,220,260,250" oya="0" hai0="71,16,34,68,103,49,8,123,41,89,28,63,92" hai1="45,20,72,99,107,9,24,100,12,106,51,44,18" hai2="78,10,57,65,62,37,116,27,109,126,74,61,55" hai3="39,87,11,80,4,97,94,75,133,115,91,25,54"/><T3/><D123/><U0/><E0/><V56/><F37/><W120/><G115/><T110/><D110/><U43/><E72/><V29/><F116/><W129/><G39/><T128/><D128/><U59/><E59/><V93/><F109/><W58/><G129/><T112/><D112/><U125/><E125/><V26/><F126/><W53/><G120/><T132/><D132/><U50/><E106/><V35/><F27/><W22/><G133/><T134/><D134/><U90/><E90/><V36/><F36/><W48/><G75/><T33/><D28/><U81/><E81/><V86/><F74/><W40/><G40/><T60/><D103/><U2/><E2/><V83/><F10/><W111/><G54/><T30/><D30/><U5/><E45/><V117/><F93/><W23/><G111/><T64/><D3/><U70/><E70/><V127/><F117/><W131/><G131/><T102/><D102/><U1/><REACH who="1" step="1"/><E24/><REACH who="1" ten="260,210,260,250" step="2"/><V76/><F127/><W101/><G25/><T15/><D89/><AGARI ba="1,2" hai="26,29,35,55,56,57,61,62,65,76,78,83,86,89" machi="89" ten="30,1000,0" yaku="7,1" doraHai="66" who="2" fromWho="0" sc="260,-13,210,0,260,33,250,0" /><INIT seed="1,0,0,2,1,67" ten="247,210,293,250" oya="1" hai0="46,76,132,89,87,83,41,6,4,8,62,57,45" hai1="63,120,110,133,88,91,69,85,99,105,75,47,23" hai2="118,126,74,77,119,68,36,33,135,18,16,102,13" hai3="121,60,122,37,66,109,5,94,58,40,71,22,54"/><U70/><E75/><V30/><F36/><W26/><G5/><T61/><D132/><U34/><E34/><V130/><F102/><W107/><G107/><T55/><D76/><U0/><E0/><V65/><F135/><W124/><G94/><T12/><D6/><U92/><E120/><V48/><F130/><W25/><G25/><T11/><D8/><U42/><E133/><V114/><F114/><W80/><G80/><T56/><REACH who="0" step="1"/><D41/><REACH who="0" ten="237,210,293,250" step="2"/><U29/><E105/><V19/><F77/><W7/><G7/><T98/><D98/><U15/><E110/><V73/><F73/><W115/><G109/><T111/><D111/><U9/><E9/><V2/><F74/><W84/><G115/><T1/><D1/><U21/><E63/><V131/><F2/><W90/><G122/><T72/><D72/><U104/><E104/><V106/><F106/><W127/><G121/><T35/><D35/><U128/><E128/><V10/><F131/><W86/><G86/><T59/><D59/><U103/><E21/><V32/><F119/><W93/><G58/><T38/><D38/><U129/><E129/><V14/><F118/><W3/><G3/><T82/><D82/><U95/><E103/><V123/><F123/><W64/><G37/><T96/><D96/><U53/><E23/><V49/><F33/><W17/><G40/><T20/><D20/><U100/><E42/><V117/><F32/><W108/><G108/><T43/><D43/><U97/><E97/><V39/><F117/><W52/><G22/><T31/><D31/><U113/><E29/><V79/><F10/><RYUUKYOKU ba="0,1" sc="237,30,210,-10,293,-10,250,-10" hai0="4,11,12,45,46,55,56,57,61,62,83,87,89" /><INIT seed="2,1,1,4,4,75" ten="267,200,283,240" oya="2" hai0="101,27,80,89,22,67,26,130,93,108,36,38,21" hai1="74,97,55,33,49,16,122,25,18,15,3,88,56" hai2="12,51,70,20,76,95,121,117,44,28,94,53,73" hai3="132,65,126,23,82,114,128,120,129,30,100,42,78"/><V34/><F121/><W1/><G120/><T5/><D130/><N who="3" m="50281" /><G1/><T69/><D108/><U41/><E122/><V116/><F70/><W79/><G132/><T106/><D38/><U105/><E3/><V98/><F34/><W52/><G126/><T58/><D69/><U77/><E41/><V68/><F68/><W96/><G114/><T24/><D36/><U119/><E119/><V111/><F111/><W17/><G30/><T19/><D106/><U99/><E33/><V109/><F109/><W35/><G35/><T133/><D133/><U4/><E4/><V6/><F6/><W46/><G65/><T59/><D5/><U90/><E105/><V43/><F43/><W113/><G82/><T131/><D131/><U2/><E2/><V115/><F115/><W123/><G123/><T107/><D107/><U29/><E29/><V127/><F127/><W45/><G113/><T135/><D135/><U112/><E112/><V54/><F116/><W50/><G96/><N who="1" m="36938" /><E74/><V40/><F117/><W92/><G92/><T84/><D67/><U62/><E62/><V125/><F95/><W71/><G100/><T64/><D64/><U66/><E66/><V11/><F125/><W110/><G71/><T91/><D101/><U85/><E25/><N who="0" m="9833" /><D22/><N who="1" m="11551" /><E18/><N who="2" m="8479" /><F20/><W14/><G110/><T9/><D9/><U63/><E63/><V57/><F28/><W0/><G0/><T61/><D61/><U87/><E87/><AGARI ba="1,1" hai="19,21,27,58,59,80,84,87,89,91,93" m="9833" machi="87" ten="30,1000,0" yaku="8,1" doraHai="75" who="0" fromWho="1" sc="267,23,200,-13,283,0,240,0" /><INIT seed="3,0,0,3,5,40" ten="290,187,283,240" oya="3" hai0="106,77,47,69,86,82,66,67,79,105,96,103,97" hai1="129,1,55,53,109,0,76,36,121,25,26,17,11" hai2="102,32,59,13,30,131,64,135,33,61,16,48,93" hai3="19,24,73,38,92,116,80,20,71,85,132,72,14"/><W41/><G116/><T65/><D69/><U117/><E121/><V119/><F119/><W49/><G38/><T29/><D29/><U2/><E129/><V22/><F131/><W62/><G92/><T12/><D79/><U57/><E117/><V133/><F48/><W100/><G100/><T23/><D23/><U21/><E36/><V111/><F111/><W42/><G132/><N who="2" m="50761" /><F30/><W5/><G73/><T56/><D12/><U9/><E109/><V15/><F15/><W74/><G74/><T35/><D35/><U3/><N who="1" m="0" /><DORA hai="68" /><U91/><E76/><V124/><F124/><W18/><G72/><T83/><D82/><U94/><E25/><V122/><F122/><W99/><G99/><AGARI ba="0,0" hai="13,16,22,32,33,59,61,64,93,99,102" m="50761" machi="99" ten="30,2000,0" yaku="20,1,54,1" doraHai="40,68" who="2" fromWho="3" sc="290,0,187,0,283,20,240,-20" owari="290,9.0,187,-31.0,303,40.0,220,-18.0" /></mjloggm>