<mjloggm ver="2.3"><GO type="41" lobby="0"/><UN n0="%46%E5%BC%8F" n1="%E3%82%AB%E3%83%84%E3%82%AA%E3%81%A0%E3%81%8A" n2="%E5%B0%B1%E6%B4%BB%E7%94%9F%40%E5%B7%9D%E6%9D%91%E8%BB%8D%E5%9B%A3" n3="%E5%BE%A1%E5%BD%B1%E7%9F%B3" dan="14,14,16,15" rate="1964.24,1963.89,2081.78,2047.95" sx="M,M,M,M"/><TAIKYOKU oya="0"/><INIT seed="0,0,0,0,4,107" ten="250,250,250,250" oya="0" hai0="95,8,32,10,42,36,87,63,51,133,11,102,67" hai1="125,126,56,20,28,118,3,117,64,65,127,78,106" hai2="15,120,0,17,52,86,5,98,38,1,96,22,114" hai3="58,108,6,34,7,39,104,43,30,76,93,81,21"/><T44/><D32/><U41/><E106/><V33/><F38/><W55/><G104/><T27/><D133/><U71/><E3/><V60/><F33/><W105/><G105/><T83/><D27/><N who="1" m="16487" /><E41/><V50/><F120/><W12/><G34/><T74/><D36/><U69/><E78/><V89/><F114/><W101/><G108/><T53/><D53/><U24/><E24/><V18/><F60/><W4/><G39/><T111/><D111/><U109/><E109/><V13/><F5/><W45/><G45/><T62/><D67/><N who="1" m="25675" /><E56/><N who="2" m="32791" /><F1/><W128/><G43/><T19/><D19/><U77/><E77/><V14/><F0/><W66/><G66/><T57/><D57/><U59/><E59/><V134/><F134/><W84/><G30/><T129/><D62/><U70/><AGARI ba="0,0" hai="69,70,71,117,118,125,126,127" m="25675,16487" machi="70" ten="40,1500,0" yaku="18,1" doraHai="107" who="1" fromWho="1" sc="250,-7,250,15,250,-4,250,-4" /><INIT seed="1,0,0,0,3,77" ten="243,265,246,246" oya="1" hai0="90,2,55,112,83,14,46,48,78,18,95,107,98" hai1="6,115,70,61,69,80,10,0,28,17,16,43,82" hai2="19,26,85,5,66,113,96,88,135,1,128,100,49" hai3="7,47,58,81,22,106,132,118,89,127,67,60,105"/><U123/><E123/><V97/><F128/><W44/><G132/><T79/><D2/><U54/><E115/><V33/><F135/><W76/><G127/><T74/><D112/><U93/><E43/><V65/><F113/><W64/><G118/><T52/><D79/><U32/><E54/><V23/><F33/><W91/><G7/><T109/><D107/><U134/><E134/><V20/><F96/><W13/><G13/><T50/><D109/><U57/><E93/><V116/><F116/><W133/><G133/><T102/><D102/><U84/><E69/><V3/><F49/><W41/><G22/><T31/><D31/><U51/><E51/><V71/><F23/><W21/><G21/><T104/><D104/><U24/><E70/><V11/><F71/><W29/><G29/><T86/><D74/><U53/><REACH who="1" step="1"/><E82/><REACH who="1" ten="243,255,246,246" step="2"/><V36/><F36/><W35/><G81/><T8/><D50/><U92/><E92/><V45/><F45/><W117/><G41/><AGARI ba="0,1" hai="8,14,18,41,46,48,52,55,78,83,86,90,95,98" machi="41" ten="30,7700,0" yaku="7,1,8,1,52,1,54,1" doraHai="77" who="0" fromWho="3" sc="243,87,255,0,246,0,246,-77" /><INIT seed="2,0,0,5,1,0" ten="330,255,246,169" oya="2" hai0="5,122,26,117,28,35,119,94,62,77,53,27,92" hai1="45,100,12,30,86,34,43,131,40,23,21,73,37" hai2="33,6,95,49,79,72,59,24,55,32,58,106,80" hai3="16,13,11,19,134,3,25,81,1,57,84,71,61"/><V126/><F106/><W17/><G71/><T87/><D122/><U105/><E73/><V133/><F133/><W47/><G134/><T60/><D77/><U135/><E135/><V42/><F126/><W91/><G47/><T99/><D87/><U97/><E131/><V10/><F42/><W115/><G115/><T4/><D53/><U54/><E54/><V93/><F59/><W51/><G51/><T124/><D99/><U130/><E130/><V69/><F69/><W103/><G103/><T123/><D123/><U8/><E86/><V110/><F110/><W75/><G75/><T63/><D124/><U129/><E129/><V107/><F107/><W46/><G46/><T82/><D82/><U39/><E39/><V109/><F109/><W65/><REACH who="3" step="1"/><G25/><REACH who="3" ten="330,255,246,159" step="2"/><N who="0" m="9227" /><D28/><U89/><E30/><V38/><F38/><W20/><G20/><T112/><D35/><U132/><E132/><V76/><F76/><W2/><AGARI ba="0,1" hai="1,2,3,11,13,16,17,19,57,61,65,81,84,91" machi="2" ten="30,4000,0" yaku="1,1,0,1,54,1,53,0" doraHai="0" doraHaiUra="118" who="3" fromWho="3" sc="330,-10,255,-10,246,-20,159,50" /><INIT seed="3,0,0,3,2,59" ten="320,245,226,209" oya="3" hai0="69,41,90,120,39,53,104,37,67,91,121,97,56" hai1="26,34,116,16,83,33,89,11,130,5,131,126,95" hai2="99,84,81,108,70,29,30,65,17,122,64,51,22" hai3="109,98,80,49,13,1,25,78,15,36,85,18,115"/><W2/><G36/><T63/><D104/><U40/><E126/><V9/><F108/><W55/><G115/><T132/><D132/><U101/><E116/><V92/><F122/><N who="0" m="47210" /><D97/><U19/><E40/><V42/><F9/><W58/><G109/><T46/><D37/><U100/><E83/><V86/><F42/><W72/><G72/><T129/><D129/><N who="1" m="49163" /><E26/><V14/><F51/><AGARI ba="0,0" hai="39,41,46,51,53,56,63,67,69,90,91" m="47210" machi="51" ten="30,2000,0" yaku="24,1,52,1" doraHai="59" who="0" fromWho="2" sc="320,20,245,0,226,-20,209,0" /><INIT seed="4,0,0,0,2,74" ten="340,245,206,209" oya="0" hai0="35,31,104,120,25,66,129,47,44,84,36,50,91" hai1="55,101,13,28,10,79,32,14,24,58,1,90,45" hai2="54,94,64,130,72,57,76,56,97,7,83,102,87" hai3="61,53,70,62,110,30,85,15,107,0,126,121,81"/><T16/><D104/><U134/><E134/><V40/><F130/><W8/><G110/><T33/><D120/><U20/><E101/><V106/><F40/><W71/><G107/><T117/><D117/><U112/><E112/><V123/><F123/><W6/><G121/><T48/><D129/><U34/><E45/><V115/><F115/><W119/><G119/><T2/><D2/><U21/><E90/><V89/><F64/><W93/><G126/><T38/><D66/><U111/><E111/><V67/><F67/><W88/><G30/><T23/><D33/><N who="1" m="12907" /><E55/><V100/><F100/><W118/><G118/><T73/><D73/><U46/><E46/><V109/><F109/><W60/><G0/><T125/><D125/><U116/><E58/><V113/><F113/><W82/><REACH who="3" step="1"/><G53/><REACH who="3" ten="340,245,206,199" step="2"/><T132/><D132/><U42/><E116/><V86/><F54/><W95/><G95/><T5/><D38/><U63/><E1/><V68/><F68/><AGARI ba="0,1" hai="6,8,15,60,61,62,68,70,71,81,82,85,88,93" machi="68" ten="40,2600,0" yaku="1,1,54,1,53,0" doraHai="74" doraHaiUra="27" who="3" fromWho="2" sc="340,0,245,0,206,-26,199,36" /><INIT seed="5,0,0,3,0,33" ten="340,245,180,235" oya="1" hai0="87,52,102,64,14,2,0,7,133,26,27,84,124" hai1="135,9,1,93,60,83,116,70,13,77,75,117,91" hai2="66,5,32,20,104,67,94,22,112,61,71,95,4" hai3="12,31,23,105,25,110,47,88,11,97,80,106,85"/><U42/><E135/><V79/><F32/><W36/><G110/><T129/><D133/><U3/><E70/><V51/><F104/><W24/><G25/><T38/><D102/><U74/><E74/><V122/><F122/><W48/><G36/><T43/><D64/><U101/><E60/><V58/><F112/><W89/><G97/><T39/><D14/><U49/><E101/><V44/><F79/><W57/><G57/><T45/><D129/><U15/><E15/><V54/><F71/><W41/><REACH who="3" step="1"/><G89/><REACH who="3" ten="340,245,180,225" step="2"/><T127/><D38/><U72/><E117/><V10/><F67/><W68/><G68/><T55/><D39/><U100/><E116/><V109/><F109/><W59/><G59/><T120/><D26/><U37/><E37/><V108/><F108/><W34/><G34/><T73/><D27/><U131/><E131/><V128/><F128/><W46/><G46/><T29/><D45/><U86/><E100/><V8/><F94/><W17/><AGARI ba="0,1" hai="11,12,17,23,24,31,41,47,48,80,85,88,105,106" machi="17" ten="20,8000,1" yaku="1,1,0,1,7,1,54,1,53,1" doraHai="33" doraHaiUra="81" who="3" fromWho="3" sc="340,-20,245,-40,180,-20,225,90" /><INIT seed="6,0,0,5,0,99" ten="320,205,160,315" oya="2" hai0="9,8,59,61,109,21,88,43,5,105,3,90,83" hai1="63,54,130,6,80,68,93,96,102,115,121,16,38" hai2="124,79,35,0,131,67,108,110,46,2,11,128,39" hai3="98,135,77,97,50,81,37,28,78,31,101,120,111"/><V85/><F67/><W89/><G111/><N who="2" m="42537" /><F39/><W34/><G135/><T20/><D109/><U41/><E115/><V4/><F46/><W65/><G37/><T72/><D43/><U82/><E6/><V125/><F79/><N who="3" m="30219" /><G34/><T133/><D133/><U19/><E130/><N who="2" m="49707" /><F85/><N who="3" m="50351" /><G120/><T106/><D72/><U47/><E121/><V12/><F35/><W24/><G65/><T113/><D113/><U122/><E122/><V58/><F58/><W117/><G50/><T64/><D9/><U100/><E68/><V7/><F7/><W107/><G107/><T87/><D20/><U57/><REACH who="1" step="1"/><E102/><REACH who="1" ten="320,195,160,315" step="2"/><V112/><F112/><W104/><G101/><T75/><D75/><U1/><E1/><AGARI ba="0,1" hai="0,1,2,4,11,12,124,125" m="49707,42537" machi="1" ten="40,12000,1" yaku="10,1,19,1,34,2" doraHai="99" who="2" fromWho="1" sc="320,0,195,-120,160,130,315,0" /><INIT seed="6,1,0,0,2,132" ten="320,75,290,315" oya="2" hai0="37,102,10,4,28,61,22,123,106,17,89,116,27" hai1="25,78,8,121,107,108,66,76,50,13,36,83,74" hai2="65,0,93,118,11,3,80,33,131,46,15,109,2" hai3="18,1,52,23,85,16,40,79,60,57,56,110,133"/><V84/><F118/><W31/><G110/><T125/><D37/><U59/><E36/><V126/><F109/><W73/><G73/><T97/><D116/><U32/><E108/><V87/><F33/><W72/><G72/><T64/><D123/><U24/><E107/><V7/><F65/><N who="3" m="39047" /><G1/><T101/><D101/><U135/><E135/><V55/><F131/><W100/><G40/><T127/><D89/><U6/><E78/><V103/><F126/><W38/><G100/><T21/><D21/><U47/><E32/><V70/><F70/><W96/><G96/><T41/><D41/><U104/><E104/><V92/><F87/><W58/><G58/><T128/><D17/><U39/><E121/><V134/><F134/><W119/><G38/><T114/><D128/><U5/><E5/><V54/><F103/><W95/><G119/><T105/><D105/><U9/><E9/><V75/><F75/><W62/><G133/><T77/><D77/><U88/><E88/><V124/><F124/><W120/><G120/><T44/><D44/><U49/><E39/><V99/><F99/><W67/><G67/><T14/><REACH who="0" step="1"/><D114/><REACH who="0" ten="310,75,290,315" step="2"/><U35/><E35/><V68/><F46/><W51/><G79/><T43/><D43/><U98/><E98/><V113/><F113/><W19/><G19/><T81/><D81/><U94/><E94/><N who="2" m="36459" /><F68/><AGARI ba="1,1" hai="4,10,14,22,27,28,61,64,68,97,102,106,125,127" machi="68" ten="40,5200,0" yaku="1,1,52,2,53,0" doraHai="132" doraHaiUra="71" who="0" fromWho="2" sc="310,65,75,0,290,-55,315,0" /><INIT seed="7,0,0,1,1,123" ten="375,75,235,315" oya="3" hai0="58,76,31,113,92,135,65,101,114,87,74,0,23" hai1="80,90,32,127,107,36,106,26,98,119,42,40,109" hai2="53,111,29,125,56,3,122,104,39,35,63,55,47" hai3="91,73,126,34,66,93,22,44,108,6,16,72,5"/><W10/><G34/><T57/><D0/><U86/><E36/><V100/><F104/><W118/><G118/><T131/><D131/><U96/><E32/><V51/><F100/><W128/><G128/><T43/><D43/><U19/><E26/><V94/><F94/><W50/><G126/><T11/><D11/><U1/><E1/><V24/><F3/><W69/><G108/><T89/><D135/><U117/><E19/><V116/><F111/><W54/><G69/><T99/><D65/><U105/><E40/><V85/><F122/><W77/><G66/><T61/><D61/><U71/><E71/><V130/><F116/><N who="1" m="44617" /><E42/><V45/><F125/><W133/><G133/><T18/><D31/><U83/><E127/><V52/><F130/><W95/><G95/><N who="0" m="58623" /><D76/><U7/><E7/><V49/><F85/><W46/><G46/><T2/><D74/><U13/><E13/><V28/><F28/><W8/><G73/><T134/><D2/><U115/><E90/><V78/><F78/><W64/><G77/><T97/><D87/><U67/><E86/><V20/><F39/><W62/><G72/><T84/><D84/><U112/><E67/><V110/><F110/><W59/><G8/><T48/><D48/><U14/><E14/><V4/><F35/><W121/><G10/><T132/><D132/><U38/><E38/><V27/><F27/><W124/><G124/><T60/><D60/><U68/><E68/><V88/><F4/><W30/><G30/><T9/><D9/><U129/><E109/><V81/><F81/><N who="1" m="31305" /><E129/><V75/><F75/><W120/><G120/><RYUUKYOKU ba="0,0" sc="375,-15,75,15,235,15,315,-15" hai1="96,98,105,106,107,112,115" hai2="20,24,29,45,47,49,51,52,53,55,56,63,88" owari="360,46.0,90,-41.0,250,-15.0,300,10.0" /></mjloggm>