<mjloggm ver="2.3"><GO type="193" lobby="0"/><UN n0="%64%61%78%66%75%6E%74" n1="%62%6F%6F%62%6F%6F" n2="%E3%83%88%E3%83%88%E3%83%AA%E5%85%88%E7%94%9F%31%39%E6%AD%B3" n3="%4D%72%E3%83%81%E3%83%BC%E3%83%9D%E3%83%B3" dan="11,12,12,11" rate="1734.48,1691.64,1915.21,1499.19" sx="M,M,F,M"/><TAIKYOKU oya="0"/><INIT seed="0,0,0,0,1,89" ten="250,250,250,250" oya="0" hai0="82,108,34,45,56,114,51,127,60,7,109,94,70" hai1="63,91,81,68,107,120,54,76,74,38,95,6,96" hai2="22,71,46,65,92,5,15,132,130,110,121,16,90" hai3="111,50,116,48,113,119,26,20,69,131,80,78,25"/><T23/><D70/><U134/><E134/><V14/><F132/><W126/><G113/><T44/><D34/><U58/><E120/><V102/><F121/><W37/><G37/><T103/><D114/><U11/><E38/><V101/><F110/><N who="0" m="42602" /><D7/><U124/><E124/><V52/><F130/><W118/><G111/><T43/><D127/><U79/><E79/><V40/><F65/><W73/><G131/><T53/><D82/><U99/><E68/><V30/><F71/><W86/><G69/><T105/><D105/><U88/><E107/><V106/><F106/><W3/><G3/><T47/><D23/><U0/><E99/><AGARI ba="0,0" hai="43,44,45,47,51,53,56,60,94,99,103" m="42602" machi="99" ten="30,5800,0" yaku="14,1,10,1,52,1" doraHai="89" who="0" fromWho="1" sc="250,58,250,-58,250,0,250,0" /><INIT seed="0,1,0,2,4,34" ten="308,192,250,250" oya="0" hai0="103,51,54,111,15,57,55,53,63,127,85,46,69" hai1="107,126,40,42,113,87,59,79,68,121,128,3,43" hai2="52,66,80,83,114,24,13,120,134,73,6,115,110" hai3="104,91,36,64,5,132,95,118,62,109,12,31,22"/><T106/><D103/><U125/><E121/><V67/><F120/><W28/><G118/><T65/><D106/><U89/><E107/><V48/><F110/><W50/><G109/><T94/><D127/><N who="1" m="48651" /><E68/><V77/><F134/><W4/><G132/><T7/><D111/><U102/><E102/><V116/><F116/><W99/><G104/><T14/><D7/><U98/><E98/><V30/><F80/><W20/><G36/><T122/><D122/><U18/><E79/><V33/><F13/><W101/><G50/><T19/><D14/><U70/><E70/><V41/><F41/><N who="1" m="10497" /><U81/><DORA hai="135" /><E113/><V17/><F17/><W88/><G12/><T108/><D108/><U90/><E128/><V25/><F6/><N who="3" m="2667" /><G64/><T2/><D69/><U44/><E44/><V38/><F38/><W130/><G130/><T45/><D45/><U9/><E59/><V27/><F67/><W82/><G82/><T72/><D72/><U37/><E37/><V35/><F66/><W86/><G62/><T123/><D123/><U23/><E3/><V119/><F119/><W78/><G78/><T105/><D2/><U61/><E9/><V84/><F73/><W117/><G117/><T133/><D105/><U71/><E71/><V16/><F114/><W0/><G0/><T56/><D46/><U11/><E11/><V26/><F115/><W129/><G129/><T131/><D131/><U8/><E8/><V32/><F35/><W93/><G93/><T39/><D39/><U75/><E75/><V74/><F74/><W112/><G112/><T58/><D133/><U1/><E1/><RYUUKYOKU ba="1,0" sc="308,0,192,0,250,0,250,0" /><INIT seed="1,2,0,2,0,105" ten="308,192,250,250" oya="1" hai0="120,84,83,117,46,41,88,30,133,22,0,91,73" hai1="32,129,125,31,118,67,131,100,4,53,89,28,29" hai2="132,119,17,127,103,8,78,110,23,71,1,25,55" hai3="90,109,52,12,24,33,35,20,3,9,72,115,85"/><U87/><E118/><V106/><F119/><W112/><G109/><T49/><D0/><U94/><E32/><V21/><F71/><W34/><G3/><T128/><D117/><U37/><E37/><V92/><F106/><W65/><G65/><T82/><D120/><U126/><E67/><V66/><F66/><W13/><G72/><T107/><D107/><U69/><E69/><V114/><F110/><W77/><G77/><T111/><D111/><U7/><E53/><V135/><F127/><N who="1" m="48649" /><E100/><V15/><F114/><W36/><G115/><T38/><D38/><U39/><E39/><V102/><F1/><W45/><G45/><T79/><D133/><N who="2" m="51274" /><F78/><W113/><G113/><T64/><D64/><U68/><E68/><V96/><F55/><W75/><G75/><T58/><D58/><U121/><E121/><V104/><F25/><W5/><G5/><AGARI ba="2,0" hai="4,5,7,28,29,31,87,89,94,129,131" m="48649" machi="5" ten="40,2000,0" yaku="18,1" doraHai="105" who="1" fromWho="3" sc="308,0,192,26,250,0,250,-26" /><INIT seed="1,3,0,1,4,132" ten="308,218,250,224" oya="1" hai0="126,133,109,64,24,10,121,0,98,33,82,93,2" hai1="15,75,97,83,127,43,21,107,76,112,70,39,124" hai2="44,102,37,119,49,34,55,56,4,42,125,14,95" hai3="104,53,12,5,29,80,22,58,60,81,16,99,18"/><U17/><E112/><V51/><F119/><W113/><G113/><T46/><D121/><U25/><E15/><V71/><F34/><W79/><G29/><T32/><D133/><U8/><E8/><N who="2" m="4359" /><F71/><W91/><G5/><T72/><D109/><U6/><E6/><V118/><F37/><W92/><G104/><T88/><D64/><U7/><E7/><V94/><F118/><W74/><G79/><T23/><D10/><U103/><E70/><V41/><F125/><N who="1" m="48201" /><E43/><N who="2" m="16395" /><F102/><W20/><G74/><T67/><D126/><U66/><E66/><V85/><F85/><W100/><G100/><T69/><D2/><U105/><E105/><V89/><F89/><W135/><G135/><T40/><D0/><U86/><E86/><V28/><F28/><W9/><G9/><T62/><D72/><U110/><E39/><V122/><F122/><W130/><G130/><T47/><D82/><U116/><E116/><V3/><F3/><W84/><G84/><T30/><D47/><U120/><E120/><V128/><F128/><W87/><G87/><T35/><D35/><U90/><E90/><V78/><F78/><W48/><REACH who="3" step="1"/><G48/><AGARI ba="3,0" hai="23,24,30,32,33,40,46,48,62,67,69,88,93,98" machi="48" ten="30,2000,0" yaku="7,1,54,1" doraHai="132" who="0" fromWho="3" sc="308,29,218,0,250,0,224,-29" /><INIT seed="2,0,0,3,2,97" ten="337,218,250,195" oya="2" hai0="51,119,2,39,66,16,121,26,34,55,92,23,10" hai1="117,6,25,41,123,108,126,133,113,50,45,115,107" hai2="28,131,118,49,69,88,30,47,73,27,22,52,116" hai3="58,91,33,87,83,31,79,53,120,1,63,75,110"/><V127/><F73/><W32/><G120/><T132/><D39/><U78/><E78/><V67/><F131/><W106/><G110/><T8/><D121/><U7/><E25/><V64/><F127/><W5/><G106/><T101/><D66/><U81/><E81/><V68/><F30/><W72/><G31/><T134/><D34/><U46/><E107/><V82/><F64/><W44/><G75/><T11/><D119/><U19/><E19/><V112/><F112/><N who="1" m="43081" /><E117/><V15/><F15/><W35/><G44/><N who="1" m="17002" /><E123/><V57/><F116/><W74/><G74/><T60/><D60/><U90/><E90/><V3/><F118/><W130/><G130/><T102/><D2/><U71/><E108/><V89/><F3/><W77/><G72/><T98/><REACH who="0" step="1"/><D102/><REACH who="0" ten="327,218,250,195" step="2"/><U13/><E126/><V124/><F124/><W36/><REACH who="3" step="1"/><G36/><REACH who="3" ten="327,218,250,185" step="2"/><T95/><D95/><U135/><E71/><V24/><F68/><W40/><G40/><T70/><D70/><U48/><E41/><V109/><F69/><W38/><G38/><T20/><D20/><U56/><E56/><AGARI ba="0,2" hai="8,10,11,16,23,26,51,55,56,92,98,101,132,134" machi="56" ten="40,8000,1" yaku="1,1,52,1,54,1,53,1" doraHai="97" doraHaiUra="17" who="0" fromWho="1" sc="327,100,218,-80,250,0,185,0" /><INIT seed="3,0,0,4,4,87" ten="427,138,250,185" oya="3" hai0="66,19,75,127,50,71,93,53,15,56,112,135,101" hai1="67,113,92,34,18,96,104,126,94,79,26,48,29" hai2="1,23,117,52,63,132,89,134,10,14,115,17,62" hai3="97,42,106,99,59,107,111,84,124,98,73,55,7"/><W110/><G42/><T37/><D75/><U12/><E113/><V36/><F115/><W91/><G7/><T28/><D112/><U125/><E79/><V11/><F117/><W74/><G59/><T86/><D28/><U130/><E104/><N who="3" m="39978" /><G55/><T6/><D6/><U133/><E67/><V47/><F1/><W129/><G129/><T90/><D37/><U65/><E65/><V120/><F120/><W116/><G124/><N who="1" m="47722" /><E48/><N who="2" m="28703" /><F36/><W100/><G116/><T102/><D127/><U54/><E54/><V77/><F23/><W46/><G46/><T81/><D135/><N who="2" m="51754" /><F11/><W72/><G100/><T21/><D81/><AGARI ba="0,0" hai="72,73,74,81,84,91,97,98,99,110,111" m="39978" machi="81" ten="40,7700,0" yaku="34,2,52,1" doraHai="87" who="3" fromWho="0" sc="427,-77,138,0,250,0,185,77" /><INIT seed="3,1,0,3,2,56" ten="350,138,250,262" oya="3" hai0="22,130,107,34,113,2,13,18,36,126,109,133,88" hai1="26,122,0,64,30,46,1,38,45,60,101,110,83" hai2="106,93,63,135,127,71,91,54,68,116,125,87,78" hai3="31,112,12,67,37,120,41,59,53,39,8,131,70"/><W29/><G120/><T44/><RYUUKYOKU type="yao9" ba="1,0" sc="350,0,138,0,250,0,262,0" hai0="2,13,18,22,34,36,44,88,107,109,113,126,130,133" /><INIT seed="3,2,0,1,4,133" ten="350,138,250,262" oya="3" hai0="26,129,40,7,134,70,54,8,103,117,132,78,90" hai1="125,14,24,13,35,110,2,23,127,111,36,98,39" hai2="116,121,5,104,1,89,131,34,32,19,107,44,22" hai3="6,94,123,31,109,42,25,45,91,106,100,64,33"/><W76/><G123/><T55/><D70/><U10/><E98/><V102/><F116/><W61/><G109/><N who="1" m="41482" /><E39/><V65/><F121/><W96/><G76/><T99/><D117/><U62/><E36/><V118/><F118/><W97/><G6/><T51/><D129/><U75/><E75/><V63/><F131/><W17/><G17/><T4/><D26/><U77/><E77/><V12/><F44/><W16/><G16/><T81/><D90/><U119/><E62/><V93/><F5/><W92/><G94/><T105/><D4/><N who="1" m="1303" /><E119/><V49/><F1/><W135/><G135/><N who="0" m="51755" /><D51/><U83/><E83/><V74/><F74/><W46/><G42/><T11/><D40/><U66/><E66/><V59/><F49/><W3/><REACH who="3" step="1"/><G3/><REACH who="3" ten="350,138,250,252" step="2"/><N who="0" m="127" /><D11/><U37/><E37/><V71/><F93/><W58/><AGARI ba="2,1" hai="25,31,33,45,46,58,61,64,91,92,96,97,100,106" machi="58" ten="20,3900,0" yaku="1,1,0,1,7,1,53,0" doraHai="133" doraHaiUra="47" who="3" fromWho="3" sc="350,-15,138,-15,250,-15,252,55" /><INIT seed="3,3,0,1,1,78" ten="335,123,235,307" oya="3" hai0="58,35,95,19,2,117,56,84,48,40,15,89,111" hai1="87,16,107,67,106,116,121,109,32,133,8,30,24" hai2="63,61,4,108,93,22,122,27,97,80,77,69,52" hai3="79,131,47,38,88,42,25,7,59,43,51,3,134"/><W72/><G131/><T31/><D2/><U46/><E121/><V98/><F122/><W130/><G134/><T104/><D104/><U65/><E133/><V44/><F108/><W50/><G130/><T49/><D111/><U45/><E116/><V119/><F119/><W57/><G38/><T127/><D117/><U105/><E109/><V135/><F135/><W9/><G25/><T5/><D5/><U62/><E87/><V14/><F69/><W85/><G72/><T96/><D127/><U28/><E62/><V83/><F77/><W18/><G18/><T39/><D39/><U129/><E129/><V75/><F75/><W66/><G66/><T120/><D120/><U128/><E128/><V54/><F97/><W91/><G79/><T21/><D35/><U74/><E74/><V123/><F123/><W12/><G3/><T13/><D31/><U34/><E8/><N who="2" m="4359" /><F63/><W10/><G9/><T70/><D70/><U33/><E16/><N who="2" m="12743" /><F52/><W6/><G6/><T29/><D29/><N who="1" m="11371" /><E24/><V114/><F114/><W101/><G101/><T64/><D96/><U82/><E82/><V124/><F124/><W112/><G112/><T132/><D132/><U68/><E68/><V60/><F60/><W99/><G99/><T11/><D64/><U36/><E36/><V76/><F76/><W53/><G85/><T81/><D95/><U0/><E0/><V90/><F44/><N who="3" m="25879" /><G53/><T113/><D113/><U118/><E118/><V86/><F98/><W94/><G94/><T115/><D115/><U92/><E92/><V100/><F100/><W55/><G55/><T126/><D126/><RYUUKYOKU ba="3,0" sc="335,-30,123,10,235,10,307,10" hai1="32,33,34,45,46,65,67,105,106,107" hai2="54,61,80,83,86,90,93" hai3="7,10,12,43,47,51,57,59,88,91" owari="305,11.0,133,-37.0,245,-15.0,317,41.0" /></mjloggm>