<mjloggm ver="2.3"><GO type="225" lobby="0"/><UN n0="%E4%BC%9D%E8%AA%AC%E3%81%AE%E3%81%B2%E3%82%88%E3%81%93" n1="%E3%83%88%E3%83%88%E3%83%AA%E5%85%88%E7%94%9F%31%39%E6%AD%B3" n2="%74%61%74%73%75%37%30%32" n3="%E3%83%89%E3%83%A9%E3%83%AD%E3%83%B3%E3%83%80%E3%82%A4%E3%83%B4" dan="16,17,17,16" rate="2117.21,2122.15,2263.15,2099.48" sx="F,F,M,M"/><TAIKYOKU oya="0"/><INIT seed="0,0,0,2,4,79" ten="250,250,250,250" oya="0" hai0="135,93,122,126,124,128,74,82,57,5,98,103,10" hai1="118,127,78,17,88,130,101,112,29,85,116,73,89" hai2="121,24,42,11,9,20,111,120,18,31,55,4,117" hai3="3,109,131,12,6,87,53,77,47,0,134,64,92"/><T110/><D122/><U46/><E29/><V80/><F42/><W32/><G32/><T114/><D114/><U91/><E46/><V132/><F55/><W105/><G105/><T133/><D57/><U102/><E17/><V97/><F97/><W7/><G109/><T70/><D70/><U67/><E67/><V34/><F80/><W60/><G131/><T107/><D110/><U56/><E56/><V21/><F111/><W23/><G134/><N who="0" m="51211" /><D128/><U30/><E30/><V48/><F48/><N who="3" m="28831" /><G0/><N who="0" m="295" /><D93/><N who="1" m="54415" /><E127/><V95/><F95/><W2/><G2/><T40/><D40/><U81/><E112/><V86/><F86/><W69/><G3/><T108/><D108/><U123/><E123/><V129/><F117/><N who="1" m="45161" /><E130/><V8/><F129/><W68/><G69/><T100/><D100/><AGARI ba="0,0" hai="73,78,81,89,91,100,101,102" m="45161,54415" machi="100" ten="30,7700,0" yaku="34,2,52,1,54,1" doraHai="79" who="1" fromWho="0" sc="250,-77,250,77,250,0,250,0" /><INIT seed="1,0,0,5,5,93" ten="173,327,250,250" oya="1" hai0="61,113,23,70,25,5,0,57,52,94,128,10,24" hai1="116,89,81,105,56,125,103,83,99,58,31,63,90" hai2="119,3,76,115,28,104,78,84,26,60,123,124,96" hai3="50,110,12,42,75,80,101,73,6,69,22,118,11"/><U8/><E116/><V34/><F119/><W74/><G118/><T4/><D113/><U130/><E125/><V77/><F123/><W106/><G69/><T53/><D128/><U48/><E130/><V62/><F124/><W17/><G110/><T85/><D70/><U112/><E112/><V30/><F115/><W14/><G42/><T27/><D5/><U133/><E133/><V55/><F3/><W51/><REACH who="3" step="1"/><G80/><REACH who="3" ten="173,327,250,240" step="2"/><T109/><D109/><U47/><E81/><V13/><F34/><W59/><G59/><T54/><REACH who="0" step="1"/><D23/><REACH who="0" ten="163,327,250,240" step="2"/><U102/><E58/><V29/><F62/><W2/><G2/><T86/><D86/><U39/><E56/><V82/><F60/><W64/><G64/><T46/><D46/><U111/><E63/><V122/><F122/><W19/><G19/><T20/><D20/><U18/><E47/><V72/><F72/><W92/><G92/><T7/><D7/><U79/><E18/><V66/><F66/><W127/><G127/><T65/><D65/><U67/><E67/><V35/><F35/><W37/><G37/><T114/><D114/><U88/><E39/><V87/><F87/><W16/><G16/><T108/><D108/><U41/><E111/><V45/><F84/><W95/><G95/><T21/><D21/><U97/><E83/><V91/><F45/><W15/><G15/><T129/><D129/><U131/><E131/><V134/><F13/><W33/><G33/><T68/><D68/><U32/><E32/><V71/><F82/><W9/><G9/><T38/><D38/><U1/><E8/><V43/><F71/><RYUUKYOKU ba="0,2" sc="163,15,327,-15,250,-15,240,15" hai0="0,4,10,24,25,27,52,53,54,57,61,85,94" hai3="6,11,12,14,17,22,50,51,73,74,75,101,106" /><INIT seed="2,1,2,5,2,91" ten="178,312,235,255" oya="2" hai0="102,94,64,24,29,128,111,1,5,69,108,72,116" hai1="87,101,8,18,86,34,26,79,48,68,46,103,41" hai2="84,15,113,56,85,75,23,133,21,100,120,129,43" hai3="38,104,73,44,118,42,54,55,13,92,20,105,112"/><V35/><F113/><W62/><G118/><T7/><D116/><U4/><E68/><V71/><F75/><W63/><G73/><T0/><D72/><U53/><E34/><V97/><F35/><W131/><G131/><T78/><D78/><U80/><E86/><V14/><F71/><W33/><G33/><T124/><D69/><U119/><E119/><V114/><F114/><W77/><G112/><T134/><D64/><U27/><E53/><V16/><F129/><W122/><G122/><T37/><D37/><U22/><E27/><V115/><F120/><W98/><G77/><T135/><D128/><U25/><E26/><V109/><F133/><N who="0" m="50698" /><D94/><U88/><E79/><V51/><F109/><N who="0" m="42058" /><D102/><U123/><E123/><V95/><F115/><W130/><G130/><T49/><D49/><U31/><E31/><V74/><F74/><W40/><G38/><T67/><D67/><U126/><E126/><V99/><F99/><W59/><G98/><T3/><D124/><U117/><E117/><V6/><F6/><N who="0" m="2058" /><D24/><U127/><E127/><V2/><F2/><AGARI ba="1,2" hai="2,4,8,18,22,25,41,46,48,80,87,88,101,103" machi="2" ten="30,2000,0" yaku="7,1,54,1" doraHai="91" who="1" fromWho="2" sc="178,0,312,43,235,-23,255,0" /><INIT seed="3,0,0,3,3,3" ten="178,355,212,255" oya="3" hai0="83,33,135,34,21,38,36,16,84,126,108,128,119" hai1="122,86,28,42,109,123,68,43,129,97,70,96,10" hai2="114,51,76,35,74,13,132,111,77,94,64,79,20" hai3="78,73,29,110,69,106,66,72,120,130,39,47,118"/><W46/><G118/><T133/><D119/><U121/><E86/><V31/><F111/><W65/><G106/><T99/><D108/><U92/><E109/><V127/><F132/><N who="0" m="50762" /><D99/><N who="1" m="37963" /><E10/><V24/><F127/><W124/><G110/><T90/><D126/><U22/><E22/><V25/><F114/><W105/><G124/><T93/><D83/><U55/><E55/><V131/><F131/><W41/><G120/><T100/><D100/><U102/><E102/><V98/><F13/><W89/><G105/><T116/><D116/><U58/><E58/><V18/><F64/><W11/><G130/><T103/><D103/><U49/><E49/><V115/><F115/><W7/><G29/><T75/><D75/><U2/><E129/><V95/><F74/><W5/><G89/><T134/><N who="0" m="50770" /><T45/><DORA hai="52" /><D128/><U30/><E2/><V61/><F61/><W125/><G125/><T23/><D23/><U59/><E59/><V104/><F104/><W14/><G72/><T27/><D45/><U71/><E92/><V44/><REACH who="2" step="1"/><F98/><REACH who="2" ten="178,355,202,255" step="2"/><W107/><G107/><T15/><D15/><U113/><E113/><V0/><F0/><W9/><G73/><T6/><D6/><U17/><E123/><V62/><F62/><W101/><G14/><T8/><D8/><U37/><E122/><V112/><F112/><W80/><G11/><T32/><AGARI ba="0,1" hai="16,21,27,32,33,34,36,38,84,90,93" m="50770" machi="32" ten="50,3200,0" yaku="20,1,54,1" doraHai="3,52" who="0" fromWho="0" sc="178,42,355,-8,202,-8,255,-16" owari="220,-18.0,347,45.0,194,-31.0,239,4.0" /></mjloggm>