<mjloggm ver="2.3"><GO type="169" lobby="0"/><UN n0="%E6%9D%8E%E7%A9%8E%E8%97%8D" n1="%E3%82%A6%E3%83%AB%E3%83%88%E3%83%A9%E7%AB%8B%E7%9B%B4" n2="%E8%88%AC%E5%8D%93%E3%81%AE%E9%A4%8A%E5%88%86" n3="%E7%8E%84%E7%B1%B3" dan="16,17,16,16" rate="2116.80,2205.41,2012.24,2059.82" sx="M,M,M,M"/><TAIKYOKU oya="0"/><INIT seed="0,0,0,4,2,32" ten="250,250,250,250" oya="0" hai0="25,19,8,112,122,71,130,73,99,110,100,57,124" hai1="63,90,74,72,96,46,105,47,38,53,17,129,23" hai2="40,64,132,126,101,83,75,133,0,27,81,21,28" hai3="45,104,135,13,24,79,88,109,26,69,3,60,7"/><T93/><D122/><U61/><E129/><V48/><F126/><W119/><G119/><T16/><D112/><U118/><E118/><V128/><F128/><W30/><G104/><T86/><D130/><U33/><E33/><V6/><F101/><W52/><G79/><T35/><D73/><U12/><E72/><V85/><F64/><W120/><G120/><T55/><D71/><U82/><E38/><V70/><F70/><W9/><G109/><T97/><D124/><U62/><E53/><V2/><F6/><W14/><G135/><N who="2" m="51785" /><F75/><W5/><G5/><T87/><D110/><U1/><E1/><N who="2" m="619" /><F85/><W91/><G69/><T42/><D86/><U106/><E74/><V77/><F77/><W31/><G31/><T50/><D87/><N who="1" m="50551" /><E106/><V92/><F92/><W37/><G37/><T98/><D93/><U89/><E105/><V127/><F127/><W117/><G117/><T68/><D68/><U44/><E89/><V78/><F78/><W54/><G54/><T20/><D100/><U125/><E125/><V11/><F11/><W51/><G60/><N who="0" m="35903" /><D35/><U102/><E102/><V18/><F18/><W4/><G4/><T111/><D111/><U84/><E84/><V10/><F10/><W67/><G67/><T80/><D8/><U15/><E62/><V65/><F65/><W39/><G39/><T56/><D19/><U113/><E63/><V115/><F115/><W36/><G36/><T116/><D116/><U134/><E61/><V34/><F34/><N who="3" m="20807" /><G26/><T66/><D66/><U108/><E134/><V59/><F59/><W43/><G43/><T95/><D42/><RYUUKYOKU ba="0,0" sc="250,-15,250,-15,250,15,250,15" hai2="21,27,28,40,48,81,83" hai3="3,7,9,13,14,45,51,52,88,91" /><INIT seed="1,1,0,4,2,61" ten="235,235,265,265" oya="1" hai0="2,128,51,84,48,57,50,103,40,92,53,125,7" hai1="55,117,54,33,75,9,46,60,80,109,86,56,30" hai2="91,23,96,114,45,134,63,131,122,132,115,68,20" hai3="49,1,31,120,44,124,110,37,22,113,34,29,129"/><U87/><E117/><V4/><F122/><W74/><RYUUKYOKU type="yao9" ba="1,0" sc="235,0,235,0,265,0,265,0" hai3="1,22,29,31,34,37,44,49,74,110,113,120,124,129" /><INIT seed="1,2,0,3,0,79" ten="235,235,265,265" oya="1" hai0="88,132,32,134,6,115,123,78,28,133,90,89,52" hai1="99,10,42,129,50,34,61,126,87,24,75,53,4" hai2="68,84,67,12,104,74,14,100,72,73,65,3,95" hai3="49,86,118,46,108,103,131,54,30,112,63,127,27"/><U64/><E75/><V109/><F3/><W121/><G121/><T135/><D115/><U114/><E114/><V94/><F104/><W102/><G112/><T2/><D123/><U125/><E42/><V16/><F109/><W7/><G108/><T17/><D78/><U51/><E129/><V92/><F100/><W77/><G131/><T80/><N who="0" m="33792" /><DORA hai="20" /><T107/><D107/><U101/><E87/><V45/><F68/><W47/><G127/><N who="1" m="48650" /><E53/><V8/><F84/><W31/><G118/><T23/><D28/><N who="1" m="19719" /><E10/><V35/><F35/><W0/><G63/><T41/><D41/><U59/><E4/><V19/><F45/><N who="3" m="27951" /><G7/><T111/><D32/><U93/><AGARI ba="2,0" hai="50,51,59,61,64,93,99,101" m="19719,48650" machi="93" ten="30,3000,0" yaku="18,1,52,1" doraHai="79,20" who="1" fromWho="1" sc="235,-12,235,36,265,-12,265,-12" /><INIT seed="1,3,0,1,5,60" ten="223,271,253,253" oya="1" hai0="30,106,125,63,118,102,75,29,115,55,112,133,90" hai1="23,86,0,129,79,22,28,53,113,47,24,21,85" hai2="67,16,89,103,6,81,49,128,35,91,122,83,64" hai3="45,33,96,15,95,99,42,17,80,69,52,126,14"/><U58/><E0/><V19/><F122/><W40/><G69/><T117/><D75/><U8/><E113/><V46/><F35/><W5/><G33/><T37/><D37/><U120/><E120/><V108/><F108/><W26/><G126/><T43/><D125/><U36/><E129/><V74/><F128/><W39/><G80/><N who="2" m="30793" /><F74/><W114/><G114/><T20/><D106/><U78/><E36/><V1/><F1/><W132/><G132/><T66/><D133/><U2/><E47/><V34/><F6/><W12/><G5/><T13/><D112/><U10/><E2/><V7/><F7/><W94/><G39/><T32/><D117/><U135/><E135/><V134/><F34/><W48/><G95/><T11/><D118/><U98/><E28/><V100/><F134/><W61/><G61/><T76/><D32/><U92/><E24/><V54/><F91/><N who="3" m="55391" /><G99/><T131/><D131/><U127/><E127/><V107/><F107/><W4/><G4/><T65/><D115/><U73/><E73/><V25/><F89/><W104/><G104/><T38/><D38/><U111/><E111/><V77/><F77/><N who="1" m="29193" /><E86/><V3/><F3/><W105/><G105/><T72/><D72/><U71/><E85/><V70/><F70/><W44/><G44/><T124/><D124/><U97/><E71/><V101/><F25/><W121/><G121/><T9/><D76/><U51/><E98/><V116/><F116/><W123/><G123/><T18/><D90/><AGARI ba="3,0" hai="8,10,21,22,23,51,53,58,90,92,97" m="29193" machi="90" ten="30,1500,0" yaku="8,1" doraHai="60" who="1" fromWho="0" sc="223,-24,271,24,253,0,253,0" /><INIT seed="1,4,0,1,4,81" ten="199,295,253,253" oya="1" hai0="121,67,40,105,46,95,106,119,34,97,61,1,11" hai1="99,74,32,93,120,39,13,94,23,64,44,24,15" hai2="10,54,62,69,76,30,72,100,91,92,38,84,43" hai3="66,86,75,118,26,110,16,107,31,112,51,57,109"/><U98/><E32/><V37/><F100/><W129/><G75/><T9/><D119/><U70/><E74/><V90/><F30/><W102/><G112/><T88/><D34/><U50/><E39/><V117/><F117/><W87/><G118/><T53/><D53/><U80/><E80/><V128/><F128/><W96/><G129/><T79/><D79/><U58/><E70/><V68/><F72/><W59/><G59/><T77/><D77/><U63/><E120/><V27/><F76/><W2/><G2/><T122/><D106/><U3/><E3/><V21/><F10/><W4/><G4/><T103/><D1/><U131/><E131/><V60/><F43/><W85/><G16/><T12/><D12/><U65/><E65/><V28/><F91/><W36/><G36/><T22/><D22/><U41/><E94/><V45/><F45/><W18/><G18/><T111/><D111/><U127/><E98/><V49/><F68/><W29/><G29/><T133/><D133/><U108/><E127/><V71/><F71/><W52/><REACH who="3" step="1"/><G66/><REACH who="3" ten="199,295,253,243" step="2"/><T82/><D121/><U132/><E132/><V83/><F69/><W56/><G56/><N who="0" m="37287" /><D122/><U78/><E108/><V89/><F62/><W130/><G130/><T115/><D115/><U42/><E58/><N who="2" m="33103" /><F60/><W48/><G48/><N who="0" m="26695" /><D105/><U20/><E63/><V19/><F19/><W116/><G116/><T47/><D47/><U17/><E64/><V73/><F73/><W124/><G124/><T101/><D101/><N who="1" m="60655" /><E42/><V0/><F0/><W125/><G125/><T104/><D104/><U6/><E17/><V14/><F14/><RYUUKYOKU ba="4,1" sc="199,10,295,-30,253,10,243,10" hai0="9,11,82,88,95,97,103" hai2="21,27,28,37,38,83,84,89,90,92" hai3="26,31,51,52,57,85,86,87,96,102,107,109,110" /><INIT seed="2,5,1,2,3,37" ten="209,265,263,253" oya="2" hai0="67,110,132,134,122,91,17,29,10,6,30,81,112" hai1="114,96,86,123,20,25,55,21,33,101,109,48,53" hai2="19,113,1,92,24,90,104,59,82,95,73,107,102" hai3="13,100,120,119,36,108,117,85,60,118,98,0,65"/><V121/><F113/><W124/><G0/><T79/><D112/><U23/><E114/><V99/><F121/><W56/><G120/><T38/><D122/><U80/><E123/><V31/><F1/><W76/><G108/><T46/><D17/><U133/><E109/><V89/><F19/><W14/><G124/><T72/><D110/><U70/><E70/><V131/><F131/><W5/><G36/><T74/><D74/><U12/><E12/><V39/><F39/><W106/><G5/><T40/><D67/><U116/><E116/><V58/><F104/><W43/><G43/><T128/><D91/><U27/><E133/><N who="0" m="51305" /><D128/><U51/><E33/><V78/><F107/><W32/><REACH who="3" step="1"/><G32/><REACH who="3" ten="209,265,263,243" step="2"/><T129/><D129/><U45/><E27/><V34/><REACH who="2" step="1"/><F102/><REACH who="2" ten="209,265,253,243" step="2"/><W54/><G54/><T4/><D4/><U2/><E2/><AGARI ba="5,3" hai="2,6,10,29,30,38,40,46,72,79,81" m="51305" machi="2" ten="30,3900,0" yaku="25,1,20,1,52,1" doraHai="37" who="0" fromWho="1" sc="209,84,265,-54,253,0,243,0" /><INIT seed="3,0,0,1,2,117" ten="293,211,253,243" oya="3" hai0="88,66,58,110,15,35,114,105,83,108,9,18,3" hai1="40,55,116,102,56,92,73,52,38,85,107,12,70" hai2="81,14,111,68,109,91,94,5,125,134,80,86,42" hai3="82,7,37,39,101,90,129,118,100,97,99,124,98"/><W33/><G33/><T79/><D35/><U43/><E70/><V41/><F68/><W122/><G7/><T62/><D105/><U0/><E0/><V120/><F134/><W48/><G118/><T64/><D114/><U63/><E73/><V61/><F125/><W96/><G48/><T17/><D3/><U126/><E116/><V127/><F127/><W69/><G69/><T45/><D45/><U19/><E126/><V133/><F133/><W6/><G6/><T67/><D17/><U29/><E29/><V28/><F28/><W89/><G37/><T30/><D30/><U123/><E123/><V46/><F61/><W74/><G39/><T4/><D18/><U44/><E107/><V2/><F2/><W8/><G8/><T27/><D27/><U47/><E47/><V24/><F24/><W72/><G124/><T49/><D49/><N who="1" m="28711" /><E38/><V128/><F128/><W78/><G129/><T84/><REACH who="0" step="1"/><D79/><REACH who="0" ten="283,211,253,243" step="2"/><U106/><E106/><V11/><F46/><W104/><G122/><T59/><D59/><U23/><E40/><V130/><F130/><W36/><G36/><T53/><AGARI ba="0,1" hai="4,9,15,53,58,62,64,66,67,83,84,88,108,110" machi="53" ten="30,4000,0" yaku="1,1,0,1,54,1,53,0" doraHai="117" doraHaiUra="95" who="0" fromWho="0" sc="283,50,211,-10,253,-10,243,-20" /><INIT seed="4,0,0,5,0,1" ten="333,201,243,223" oya="0" hai0="23,54,30,26,67,112,16,0,74,12,4,102,38" hai1="119,43,81,88,64,70,113,101,133,51,47,120,87" hai2="78,122,79,91,22,80,72,7,9,71,34,40,57" hai3="41,128,63,61,127,18,130,111,85,107,13,3,44"/><T110/><D74/><U35/><E119/><V65/><F34/><W109/><G3/><T42/><D67/><U31/><E120/><V124/><F71/><W76/><G127/><T53/><D112/><U98/><E113/><V55/><F65/><W100/><G107/><T77/><D77/><U29/><E35/><V125/><F122/><W56/><G100/><T135/><D102/><U83/><E133/><V118/><F118/><W14/><G85/><T90/><D135/><U2/><E2/><V73/><F40/><W24/><G76/><T117/><D117/><U86/><E64/><V82/><F22/><N who="3" m="11599" /><G24/><T114/><D114/><U50/><E50/><V103/><F103/><W116/><G14/><T28/><D28/><U75/><E75/><V94/><F94/><W39/><G116/><T95/><D110/><N who="3" m="41993" /><G56/><T106/><D106/><U17/><E17/><V108/><F91/><W97/><G97/><N who="0" m="57591" /><D42/><U126/><E70/><V49/><REACH who="2" step="1"/><F108/><REACH who="2" ten="333,201,233,223" step="2"/><W19/><G41/><T129/><D23/><U131/><E126/><V8/><F8/><W25/><G130/><T10/><D129/><U36/><E131/><V96/><F96/><W11/><G128/><T84/><D10/><U52/><E98/><V32/><F32/><W104/><G11/><T5/><D53/><U48/><E101/><V132/><F132/><W60/><G104/><T93/><D54/><U62/><E31/><V89/><F89/><W46/><G39/><T69/><D38/><U59/><E29/><V68/><F68/><W20/><G20/><N who="0" m="11271" /><D69/><U66/><E66/><V58/><F58/><W15/><G25/><RYUUKYOKU ba="0,1" sc="333,-30,201,10,233,10,223,10" hai1="36,43,47,48,51,52,59,62,81,83,86,87,88" hai2="7,9,49,55,57,72,73,78,79,80,82,124,125" hai3="15,19,44,46,60,61,63" /><INIT seed="5,1,1,5,2,129" ten="303,211,243,233" oya="1" hai0="102,84,107,88,54,28,41,58,123,79,82,12,55" hai1="73,69,78,17,91,71,72,61,135,56,96,98,115" hai2="31,53,83,97,35,108,124,27,59,95,90,8,10" hai3="22,49,6,0,1,51,74,87,34,100,19,93,105"/><U70/><E115/><V64/><F108/><W33/><G74/><T63/><D41/><U110/><E110/><V130/><F130/><W114/><G105/><T131/><D131/><U23/><E135/><V5/><F124/><W77/><G114/><T39/><D39/><U48/><E48/><V101/><F64/><W67/><G67/><T80/><D28/><U9/><E9/><V47/><F47/><W118/><G118/><T119/><D119/><U133/><E133/><V126/><F126/><W128/><G128/><T42/><D42/><U57/><E78/><V37/><F37/><W117/><G117/><T44/><D123/><U2/><E2/><V7/><F83/><W120/><G120/><T112/><D112/><U122/><E122/><V99/><F7/><W43/><G0/><T14/><D102/><U25/><E57/><V46/><F46/><W125/><G125/><T121/><D107/><U4/><E4/><V66/><F66/><W94/><G1/><T65/><D121/><U32/><E32/><V62/><REACH who="2" step="1"/><F5/><REACH who="2" ten="303,211,233,233" step="2"/><W11/><G6/><T68/><D44/><U40/><E40/><V52/><F52/><N who="0" m="20010" /><D68/><U81/><E56/><V26/><F26/><W21/><G43/><T89/><D80/><U103/><E61/><V109/><F109/><W85/><G49/><T76/><D79/><U16/><E81/><V30/><F30/><W18/><G51/><T113/><D113/><U15/><E25/><V106/><AGARI ba="1,2" hai="8,10,27,31,35,53,59,62,90,95,97,99,101,106" machi="106" ten="20,2700,0" yaku="1,1,0,1,7,1,53,0" doraHai="129" doraHaiUra="134" who="2" fromWho="2" sc="303,-8,211,-14,233,50,233,-8" /><INIT seed="6,0,0,3,3,18" ten="295,197,283,225" oya="2" hai0="131,60,21,113,122,77,11,112,5,30,13,48,41" hai1="29,64,50,129,47,87,15,3,128,98,65,71,114" hai2="100,93,45,107,108,62,16,34,17,106,8,90,91" hai3="82,25,86,55,83,58,57,52,44,103,80,95,127"/><V42/><F34/><W89/><G127/><T0/><D122/><U78/><E3/><V32/><F32/><W63/><G44/><T73/><D131/><N who="1" m="50251" /><E98/><N who="2" m="59471" /><F106/><W6/><G6/><T135/><D135/><U23/><E71/><V115/><F107/><W96/><REACH who="3" step="1"/><G25/><REACH who="3" ten="295,197,283,215" step="2"/><T110/><D5/><U104/><E114/><V14/><F115/><W46/><G46/><T53/><D113/><U56/><E104/><V124/><F45/><W99/><G99/><T61/><D112/><U133/><E133/><V35/><F35/><W68/><G68/><T12/><D41/><N who="1" m="24943" /><E56/><V119/><F42/><W102/><G102/><T20/><D0/><U40/><E40/><V92/><F124/><W59/><G59/><T72/><D12/><U109/><E109/><V43/><F14/><W2/><G2/><T4/><D110/><U126/><E126/><V123/><F43/><W9/><G9/><T84/><D11/><U88/><E15/><V81/><F8/><W134/><G134/><T101/><D13/><U19/><E78/><V70/><F70/><W125/><G125/><T7/><D7/><U121/><E121/><V117/><F123/><W39/><G39/><T111/><D4/><U1/><E1/><V28/><F108/><W79/><G79/><T38/><D38/><U54/><E88/><V22/><F90/><W33/><G33/><T26/><D111/><U94/><E23/><V36/><F22/><W118/><G118/><T49/><D20/><U51/><E87/><V76/><F119/><W69/><G69/><T31/><D21/><U66/><E19/><V120/><F17/><RYUUKYOKU ba="0,1" sc="295,-10,197,-10,283,-10,215,30" hai3="52,55,57,58,63,80,82,83,86,89,95,96,103" /><INIT seed="7,1,1,1,2,34" ten="285,187,273,245" oya="3" hai0="32,78,84,5,41,76,83,43,102,45,116,87,122" hai1="38,101,89,8,53,52,54,127,74,108,80,26,16" hai2="15,73,97,131,106,92,59,124,85,94,46,61,58" hai3="9,40,31,37,27,115,118,66,91,130,107,60,71"/><W75/><G118/><T1/><D116/><U6/><E108/><V126/><F73/><W19/><G75/><T111/><D111/><U125/><E38/><V56/><F131/><W33/><G130/><T113/><D122/><U2/><E101/><N who="2" m="62767" /><F61/><W28/><G115/><T14/><D32/><U48/><E48/><V90/><F46/><W120/><G120/><T100/><D1/><U135/><E135/><V22/><F94/><W81/><G28/><T109/><D109/><U57/><E57/><V70/><F70/><W24/><G37/><T4/><D113/><U65/><E65/><V79/><F79/><W93/><G40/><N who="0" m="15435" /><D45/><U47/><E47/><V117/><F117/><W12/><G81/><N who="0" m="47143" /><D4/><U103/><E103/><V44/><F44/><W7/><G107/><T20/><D5/><U96/><E74/><V29/><F29/><W67/><G67/><T95/><D95/><U68/><E68/><V21/><F15/><W110/><G110/><T86/><D86/><U77/><E77/><V23/><F23/><W82/><G82/><T49/><D49/><U63/><E63/><V36/><F36/><W11/><G24/><T13/><D13/><U133/><E133/><V134/><F134/><W114/><G114/><T30/><D14/><U128/><E128/><V129/><F129/><W55/><G55/><T112/><D112/><U132/><E132/><V119/><F119/><W39/><G39/><T3/><D3/><U51/><E51/><V105/><F105/><W62/><G71/><T104/><D104/><U35/><E125/><V72/><F72/><W25/><G33/><RYUUKYOKU ba="1,1" sc="285,15,187,-15,273,15,245,-15" hai0="20,30,78,83,87,100,102" hai2="21,22,56,58,59,85,90,92,124,126" owari="310,41.0,172,-33.0,288,9.0,230,-17.0" /></mjloggm>