<mjloggm ver="2.3"><GO type="169" lobby="0"/><UN n0="%30%30%73%61%69" n1="%E3%83%99%E3%82%BF%E3%82%AA%E3%83%AA%E3%82%B9%E3%82%AF" n2="%7A%68%6B%64%73%68%67%79" n3="%E3%82%A6%E3%83%AB%E3%83%88%E3%83%A9%E7%AB%8B%E7%9B%B4" dan="18,17,16,17" rate="2177.48,2134.79,2127.11,2149.62" sx="M,M,M,M"/><TAIKYOKU oya="0"/><INIT seed="0,0,0,3,1,89" ten="250,250,250,250" oya="0" hai0="120,101,98,9,31,28,26,102,52,110,91,39,32" hai1="112,50,125,131,23,96,8,71,2,43,34,35,18" hai2="59,44,13,47,33,12,6,76,1,60,55,51,127" hai3="20,129,87,108,103,73,42,122,105,83,54,118,45"/><T15/><D120/><U86/><E71/><V109/><F33/><W16/><G118/><T30/><D39/><U46/><E125/><V37/><F127/><W75/><G122/><T92/><D110/><U116/><E116/><V3/><F109/><W93/><G108/><T100/><REACH who="0" step="1"/><D52/><REACH who="0" ten="240,250,250,250" step="2"/><U94/><E112/><V123/><F37/><W58/><G54/><T27/><D27/><U88/><E131/><V81/><F123/><W119/><G45/><T64/><D64/><U132/><E132/><V134/><F47/><W67/><G67/><T25/><D25/><U41/><E41/><V38/><F38/><W22/><G42/><T4/><AGARI ba="0,1" hai="4,9,15,26,28,30,31,32,91,92,98,100,101,102" machi="4" ten="30,6000,0" yaku="1,1,0,1,52,1,53,0" doraHai="89" doraHaiUra="66" who="0" fromWho="0" sc="240,70,250,-20,250,-20,250,-20" /><INIT seed="0,1,0,3,1,131" ten="310,230,230,230" oya="0" hai0="84,89,9,33,132,75,124,2,17,91,114,80,107" hai1="19,7,99,54,4,42,31,95,92,83,111,46,38" hai2="49,73,32,12,34,116,68,101,106,11,67,90,60" hai3="41,3,40,120,110,117,1,88,109,113,23,36,15"/><T76/><D33/><U20/><E31/><V126/><F73/><W26/><G113/><T82/><D114/><U29/><E29/><V64/><F126/><W14/><G117/><T127/><D107/><U81/><E111/><N who="3" m="42506" /><G88/><N who="0" m="51207" /><D132/><U130/><E95/><V24/><F116/><W66/><G66/><T0/><D17/><U57/><E83/><V52/><F67/><W125/><G125/><N who="0" m="48203" /><D9/><U69/><E81/><V39/><F24/><W134/><G134/><T98/><D98/><U18/><E130/><V118/><F118/><W21/><G120/><T108/><D108/><U102/><E19/><V6/><F39/><W86/><G86/><T119/><D119/><U53/><E69/><V78/><F78/><W96/><G36/><T129/><D129/><U55/><REACH who="1" step="1"/><E57/><REACH who="1" ten="310,220,230,230" step="2"/><V56/><REACH who="2" step="1"/><F90/><AGARI ba="1,1" hai="0,2,75,76,82,89,90,91" m="48203,51207" machi="90" ten="30,2900,0" yaku="18,1,54,1" doraHai="131" who="0" fromWho="2" sc="310,42,220,0,230,-32,230,0" /><INIT seed="0,2,0,2,2,25" ten="352,220,198,230" oya="0" hai0="105,85,36,45,19,84,107,127,74,40,62,35,82" hai1="113,53,32,61,22,64,91,66,79,72,122,131,83" hai2="9,15,69,57,12,104,102,21,77,24,68,114,93" hai3="20,13,63,37,119,126,38,16,70,81,34,98,30"/><T1/><D1/><U4/><E32/><V65/><F104/><W3/><G119/><T94/><D127/><U50/><E122/><V103/><F114/><W118/><G118/><T11/><D35/><U28/><E131/><V100/><F77/><W75/><G126/><T88/><D74/><U26/><E113/><V115/><F115/><W116/><G116/><T14/><REACH who="0" step="1"/><D62/><REACH who="0" ten="342,220,198,230" step="2"/><U135/><E61/><N who="2" m="38063" /><F69/><W120/><G3/><T71/><D71/><U46/><E135/><V41/><F68/><W124/><G124/><T117/><D117/><U67/><E4/><V5/><F5/><W89/><G75/><T130/><D130/><U2/><E2/><V10/><F41/><W54/><G70/><T18/><D18/><U97/><E72/><V109/><F109/><W92/><G63/><T6/><D6/><U7/><E7/><V112/><F112/><W44/><G120/><T73/><D73/><U55/><E66/><V76/><F76/><AGARI ba="2,1" hai="11,14,19,36,40,45,76,82,84,85,88,94,105,107" machi="76" ten="30,5800,0" yaku="1,1,7,1,54,1,53,0" doraHai="25" doraHaiUra="29" who="0" fromWho="2" sc="342,74,220,0,198,-64,230,0" /><INIT seed="0,3,0,2,5,104" ten="416,220,134,230" oya="0" hai0="97,51,99,127,13,106,78,96,105,39,77,126,62" hai1="73,133,29,12,83,100,60,75,47,85,20,23,130" hai2="54,107,70,102,129,6,24,7,79,44,56,134,16" hai3="90,123,114,1,61,10,8,120,17,58,2,43,35"/><T101/><D39/><U89/><E133/><V86/><F70/><W69/><G69/><T45/><D62/><U117/><E117/><V122/><F122/><N who="3" m="46635" /><G114/><T98/><D13/><U80/><E100/><V71/><F71/><W49/><G90/><T0/><D0/><N who="3" m="105" /><G35/><T34/><D34/><U55/><E130/><V59/><F129/><W121/><G121/><T14/><D14/><U116/><E116/><V94/><F107/><N who="0" m="40970" /><D51/><U124/><E124/><N who="0" m="47657" /><D45/><U36/><E36/><V3/><F3/><W118/><G118/><T95/><AGARI ba="3,0" hai="77,78,95,96,97,98,99,101" m="47657,40970" machi="95" ten="40,7800,0" yaku="18,1,34,2" doraHai="104" who="0" fromWho="0" sc="416,87,220,-29,134,-29,230,-29" /><INIT seed="0,4,0,5,3,11" ten="503,191,105,201" oya="0" hai0="50,21,34,49,112,123,51,82,95,85,114,14,39" hai1="26,99,66,132,84,6,67,44,32,101,76,61,105" hai2="25,113,45,1,43,19,75,115,38,33,88,15,122" hai3="65,121,60,71,134,106,77,3,54,107,9,91,118"/><T29/><D123/><U87/><E132/><V4/><F122/><W104/><G118/><T86/><D39/><U63/><E6/><V125/><F125/><W83/><G121/><T30/><D34/><U58/><E76/><V36/><F38/><W117/><G117/><T73/><D73/><U55/><E44/><V128/><F75/><W53/><G91/><N who="0" m="53751" /><D114/><U93/><E66/><V108/><F128/><W100/><G54/><T127/><D127/><U46/><E93/><V102/><F102/><W126/><G53/><T37/><D37/><U103/><E103/><V12/><F108/><W52/><G52/><T41/><D41/><U98/><E98/><V81/><F4/><W59/><G59/><T47/><D47/><U35/><E46/><V79/><F1/><W69/><G126/><T48/><D112/><U64/><E55/><V135/><F135/><W0/><G100/><T133/><D133/><U72/><E72/><V24/><F115/><W70/><G134/><T97/><D97/><U109/><E109/><V5/><F113/><W78/><G0/><T111/><D111/><U116/><E116/><V90/><F79/><W96/><G78/><N who="0" m="46295" /><D50/><U2/><E2/><V8/><F81/><W89/><G96/><T129/><D129/><U40/><E40/><V27/><REACH who="2" step="1"/><F33/><REACH who="2" ten="503,191,95,201" step="2"/><W74/><G89/><T42/><D42/><U119/><E119/><V94/><F94/><W130/><G130/><T62/><D62/><U124/><E124/><V92/><F92/><W20/><G60/><T80/><D80/><U7/><E35/><V18/><F18/><AGARI ba="4,1" hai="14,18,21,29,30,48,49,51" m="46295,53751" machi="18" ten="30,2900,0" yaku="8,1,52,1" doraHai="11" who="0" fromWho="2" sc="503,51,191,0,95,-41,201,0" /><INIT seed="0,5,0,3,5,51" ten="554,191,54,201" oya="0" hai0="11,15,64,33,44,119,49,31,56,109,70,122,135" hai1="102,130,32,133,43,78,75,134,12,55,91,37,118" hai2="116,101,42,34,72,86,10,62,24,131,57,82,45" hai3="88,132,22,117,9,76,84,100,124,114,46,105,0"/><T26/><D119/><U112/><E118/><V3/><F72/><W18/><G114/><T85/><D122/><U54/><E32/><V39/><F116/><W95/><G117/><T96/><D135/><N who="1" m="51723" /><E102/><V47/><F101/><W67/><G124/><T7/><D109/><U17/><E130/><V52/><F131/><W1/><G67/><T66/><D70/><U73/><E112/><V48/><F3/><W50/><G9/><T23/><D33/><U108/><E108/><V27/><F10/><W110/><G110/><T90/><D96/><U126/><E126/><V68/><F34/><W92/><G105/><T2/><D56/><U129/><E129/><V35/><F35/><W14/><G76/><T97/><D97/><U61/><E61/><V41/><REACH who="2" step="1"/><F68/><REACH who="2" ten="554,191,44,201" step="2"/><W53/><G132/><T87/><D2/><U113/><E113/><V123/><F123/><W69/><G69/><T5/><D5/><U104/><E75/><V21/><F21/><W111/><G111/><T81/><REACH who="0" step="1"/><D87/><REACH who="0" ten="544,191,44,201" step="2"/><U99/><E73/><V13/><F13/><W58/><G0/><T74/><D74/><U83/><E12/><V6/><F6/><W59/><G1/><T125/><D125/><U106/><E106/><V20/><F20/><W98/><AGARI ba="5,2" hai="14,18,22,46,50,53,58,59,84,88,92,95,98,100" machi="98" ten="30,7900,0" yaku="0,1,8,1,52,1,54,1" doraHai="51" who="3" fromWho="3" sc="544,-44,191,-25,44,-25,201,114" /><INIT seed="1,0,0,5,5,71" ten="500,166,19,315" oya="1" hai0="90,121,47,115,127,84,70,38,19,13,8,32,11" hai1="4,6,43,23,108,111,129,93,113,34,94,124,41" hai2="36,88,89,62,14,119,86,117,60,24,77,35,12" hai3="21,25,104,83,80,1,98,7,91,103,110,107,49"/><U67/><E34/><V126/><F35/><W81/><G7/><N who="1" m="2602" /><E113/><V76/><F24/><W101/><G1/><T68/><D115/><U73/><E73/><V131/><F86/><W22/><G49/><T20/><D68/><U100/><E124/><V52/><F131/><W135/><G25/><T61/><D32/><U65/><E129/><V44/><F44/><W5/><G5/><T96/><D96/><N who="1" m="59407" /><E94/><V33/><F33/><W51/><G51/><T116/><D116/><U30/><E30/><V112/><F126/><W59/><G59/><T72/><D127/><U54/><E54/><V15/><F15/><W66/><G66/><N who="1" m="25098" /><E23/><V75/><F75/><W133/><G21/><T78/><D20/><U125/><E125/><V55/><F112/><W63/><G22/><T10/><D72/><U120/><E120/><V56/><F56/><W16/><G63/><T45/><D61/><U42/><E111/><V69/><F69/><W132/><G16/><T105/><D19/><U3/><E3/><V2/><F2/><W40/><G40/><T0/><D70/><U109/><E109/><V31/><F31/><W50/><G50/><T87/><D0/><U134/><E108/><V9/><F9/><W79/><G110/><T29/><D10/><U58/><E134/><V99/><F99/><N who="3" m="61503" /><G91/><T122/><D90/><U128/><E128/><V92/><F92/><W17/><G17/><T26/><D8/><U18/><E18/><V48/><F48/><W123/><G123/><T97/><D122/><U74/><E58/><V37/><AGARI ba="0,0" hai="12,14,36,37,52,55,60,62,76,77,88,89,117,119" machi="37" ten="25,12000,2" yaku="0,1,22,2,52,2,54,2" doraHai="71" who="2" fromWho="2" sc="500,-30,166,-60,19,120,315,-30" /><INIT seed="2,0,0,5,0,31" ten="470,106,139,285" oya="2" hai0="85,125,41,40,131,61,91,36,118,27,76,7,13" hai1="69,33,71,43,124,122,4,75,46,37,39,56,15" hai2="108,21,22,60,38,20,103,5,6,67,44,17,95" hai3="18,133,119,93,65,72,87,114,3,63,94,32,110"/><V12/><F108/><W1/><G72/><T78/><D125/><U77/><E39/><V82/><F82/><W112/><G119/><T58/><D131/><U66/><E124/><V11/><F38/><W83/><G18/><T120/><D27/><U111/><E111/><V104/><F104/><W59/><G110/><T68/><D68/><U2/><E122/><V109/><F109/><W86/><G133/><T115/><D115/><N who="3" m="44073" /><G32/><T45/><D41/><U57/><E2/><N who="3" m="522" /><G86/><T106/><D120/><U10/><E33/><V51/><F103/><W23/><G23/><T128/><D106/><U0/><E15/><V24/><F95/><W100/><G100/><T30/><D30/><U97/><E97/><V70/><REACH who="2" step="1"/><F5/><REACH who="2" ten="470,106,129,285" step="2"/><W107/><G107/><T29/><D7/><U53/><E37/><V49/><F49/><W134/><G134/><T50/><D36/><U19/><E4/><V55/><AGARI ba="0,1" hai="6,11,12,17,20,21,22,24,44,51,55,60,67,70" machi="55" ten="20,3900,0" yaku="1,1,0,1,7,1,53,0" doraHai="31" doraHaiUra="89" who="2" fromWho="2" sc="470,-13,106,-13,129,49,285,-13" /><INIT seed="2,1,0,4,2,125" ten="457,93,178,272" oya="2" hai0="67,112,62,84,23,118,55,132,71,6,82,88,47" hai1="32,104,87,3,45,77,49,14,81,83,102,43,122" hai2="100,124,15,19,98,31,106,41,135,4,115,92,60" hai3="78,22,113,73,101,39,90,68,1,33,110,26,133"/><V111/><F115/><W59/><G68/><T12/><D112/><U97/><E3/><V96/><F124/><W13/><G113/><T105/><D105/><U66/><E32/><V128/><F135/><W50/><G39/><T2/><D2/><U7/><E122/><V34/><F4/><W126/><G126/><T58/><D132/><U114/><E114/><V65/><F41/><W95/><G1/><T130/><D130/><U89/><E66/><V56/><F128/><W40/><G101/><T121/><D118/><U51/><E51/><V93/><F111/><W79/><G110/><T80/><D121/><U107/><E107/><V16/><F106/><W8/><G33/><T108/><D108/><U94/><E77/><V76/><F76/><W75/><G73/><T35/><D35/><U10/><AGARI ba="1,0" hai="7,10,14,43,45,49,81,83,87,89,94,97,102,104" machi="10" ten="30,1100,0" yaku="0,1" doraHai="125" who="1" fromWho="1" sc="457,-4,93,14,178,-6,272,-4" /><INIT seed="3,0,0,1,0,16" ten="453,107,172,268" oya="3" hai0="107,100,115,70,49,3,127,60,51,97,104,90,126" hai1="106,108,34,116,75,38,48,73,4,94,43,95,9" hai2="23,59,101,69,20,7,54,27,1,21,13,118,0" hai3="74,87,117,125,62,82,61,83,39,28,120,79,105"/><W25/><G120/><T131/><D107/><U26/><E106/><V55/><F69/><W18/><G117/><T71/><D131/><U19/><E38/><V64/><F118/><W102/><G125/><N who="0" m="47627" /><D3/><U17/><E116/><V37/><F37/><W119/><G119/><T111/><D111/><U57/><E108/><V44/><F1/><W2/><G2/><T35/><D35/><U132/><E132/><V103/><F0/><W129/><G129/><T47/><D60/><U134/><E134/><V67/><F27/><W130/><G130/><T40/><D115/><U15/><E75/><V58/><F44/><W24/><G39/><T92/><D51/><U72/><E72/><V81/><F81/><W78/><G102/><N who="2" m="38921" /><F13/><W11/><G105/><T76/><D76/><U65/><E73/><V113/><F7/><W80/><G80/><T53/><D40/><U68/><E68/><V32/><F32/><W122/><G122/><T22/><D71/><U45/><E34/><V46/><F46/><W121/><G121/><T63/><D100/><U5/><E5/><V42/><F42/><W96/><G25/><T91/><D104/><U133/><E133/><V77/><F77/><W85/><G74/><T88/><D47/><U109/><E109/><V89/><F89/><W128/><G128/><T123/><D91/><U112/><E112/><V29/><F29/><W30/><G28/><T66/><D90/><U50/><E4/><V99/><F113/><W84/><G30/><T114/><D114/><U86/><E43/><V93/><F59/><W41/><G41/><T10/><D70/><RYUUKYOKU ba="0,0" sc="453,0,107,0,172,0,268,0" /><INIT seed="4,1,0,3,3,16" ten="453,107,172,268" oya="0" hai0="97,55,132,41,111,78,10,61,60,75,115,82,133" hai1="9,81,49,13,118,130,38,109,53,29,119,39,92" hai2="50,2,116,87,26,0,44,20,46,79,88,73,112" hai3="14,83,23,32,8,36,121,65,59,30,95,33,35"/><T72/><D115/><U124/><E109/><V63/><F112/><W80/><G36/><T48/><D111/><U58/><E124/><V105/><F105/><W12/><G95/><T127/><D127/><U37/><E130/><V131/><F131/><W34/><G59/><T104/><D75/><U128/><E128/><V27/><F116/><W100/><G65/><T57/><D10/><U28/><E81/><V43/><F73/><W68/><G100/><N who="0" m="62479" /><D41/><U102/><E102/><V62/><F79/><W108/><G68/><T106/><D106/><U6/><REACH who="1" step="1"/><E92/><REACH who="1" ten="453,97,172,268" step="2"/><N who="2" m="54303" /><F2/><W17/><G83/><T90/><D90/><U25/><E25/><V74/><F0/><W96/><G80/><T3/><D3/><U45/><E45/><N who="2" m="25919" /><F27/><N who="3" m="18527" /><G96/><T31/><D82/><U101/><E101/><V5/><F74/><W117/><G108/><T67/><D72/><U4/><E4/><V7/><F5/><N who="3" m="3087" /><G117/><AGARI ba="1,1" hai="6,9,13,28,29,37,38,39,49,53,58,117,118,119" machi="117" ten="50,1600,0" yaku="1,1,53,0" doraHai="16" doraHaiUra="40" who="1" fromWho="3" sc="453,0,97,29,172,0,268,-19" /><INIT seed="5,0,0,5,4,94" ten="453,126,172,249" oya="1" hai0="51,66,27,0,29,120,128,57,26,61,42,31,110" hai1="39,98,11,46,81,100,49,76,72,125,135,52,4" hai2="88,47,36,35,123,71,104,64,112,68,74,38,89" hai3="78,24,134,55,54,14,106,114,80,83,96,3,77"/><U56/><E125/><V58/><F123/><W107/><G3/><T13/><D0/><U92/><E135/><V10/><F74/><W63/><G14/><T132/><D128/><U41/><E11/><V1/><F35/><W105/><G24/><T19/><D120/><U30/><E30/><V122/><F122/><W9/><G9/><N who="0" m="6575" /><D110/><U103/><REACH who="1" step="1"/><E4/><REACH who="1" ten="453,116,172,249" step="2"/><V20/><F10/><W60/><G134/><T53/><D132/><U67/><E67/><V126/><F64/><W8/><G8/><T40/><D31/><U34/><E34/><V2/><F1/><W62/><G114/><T87/><D29/><U102/><AGARI ba="0,1" hai="39,41,46,49,52,56,72,76,81,92,98,100,102,103" machi="102" ten="20,12000,1" yaku="1,1,0,1,7,1,52,1,54,1,53,0" doraHai="94" doraHaiUra="129" who="1" fromWho="1" sc="453,-40,116,130,172,-40,249,-40" /><INIT seed="5,1,0,4,3,8" ten="413,246,132,209" oya="1" hai0="32,82,81,46,77,107,110,90,31,4,114,99,91" hai1="2,67,21,112,16,17,85,40,48,22,115,130,100" hai2="13,126,102,52,135,59,69,12,54,105,123,122,9" hai3="53,14,24,15,120,113,101,128,129,83,104,11,20"/><U60/><E2/><V84/><F69/><W19/><G120/><T39/><D114/><N who="1" m="43563" /><E100/><V78/><F135/><W62/><G113/><T51/><D107/><U93/><E130/><N who="3" m="50282" /><G83/><T89/><D77/><U117/><E117/><V25/><F126/><W98/><G11/><T74/><D74/><U109/><E109/><V86/><F105/><W76/><G76/><T49/><D99/><U68/><E85/><N who="2" m="32875" /><F123/><W116/><G116/><T118/><D82/><U45/><E93/><V5/><F122/><W97/><G97/><T79/><D81/><U41/><E41/><V27/><F78/><W7/><G7/><T43/><D79/><U47/><E47/><V80/><F80/><W23/><G23/><AGARI ba="1,0" hai="16,17,21,22,23,40,45,48,60,67,68" m="43563" machi="23" ten="30,2900,0" yaku="15,1,54,1" doraHai="8" who="1" fromWho="3" sc="413,0,246,32,132,0,209,-32" /><INIT seed="5,2,0,0,3,47" ten="413,278,132,177" oya="1" hai0="4,108,98,128,17,8,79,67,132,117,102,45,95" hai1="118,55,111,7,70,81,91,97,48,14,115,37,130" hai2="120,13,27,82,20,121,100,112,104,26,83,50,94" hai3="85,22,75,124,34,105,42,29,62,134,56,116,59"/><U25/><E37/><V92/><F104/><W106/><G75/><T54/><D117/><U110/><E70/><V69/><F69/><W78/><G34/><T40/><D128/><U52/><E118/><V76/><F112/><W2/><G2/><T125/><D132/><U64/><E64/><V77/><F13/><W88/><G116/><T19/><D125/><U65/><E65/><V24/><F20/><W122/><G122/><T41/><D79/><U30/><E115/><V99/><F94/><N who="3" m="54543" /><G106/><T72/><D67/><U16/><E7/><V21/><F21/><W18/><G105/><T6/><D72/><U5/><E5/><V123/><REACH who="2" step="1"/><F50/><REACH who="2" ten="413,278,122,177" step="2"/><W109/><G22/><T103/><D95/><N who="1" m="56575" /><E130/><V43/><F43/><W61/><G42/><T90/><D41/><U36/><E36/><V119/><F119/><W10/><G124/><T3/><D40/><U66/><E48/><V131/><F131/><W101/><G134/><T129/><D129/><U12/><E12/><V44/><F44/><W93/><G93/><T15/><D45/><U23/><E23/><V46/><F46/><W57/><G57/><T58/><D15/><U38/><E38/><V1/><F1/><W126/><G56/><T49/><D58/><U127/><E14/><V32/><F32/><W51/><G126/><T114/><D3/><U80/><E127/><V35/><F35/><W89/><G59/><T33/><D33/><U71/><E71/><V39/><F39/><W60/><G51/><T113/><D113/><U86/><E25/><V107/><F107/><W31/><G62/><T53/><D114/><RYUUKYOKU ba="2,1" sc="413,-10,278,-10,122,30,177,-10" hai2="24,26,27,76,77,82,83,92,99,100,120,121,123" /><INIT seed="6,3,1,3,4,47" ten="403,268,152,167" oya="2" hai0="22,130,114,73,66,56,69,44,133,32,95,1,21" hai1="120,7,27,55,34,0,62,24,97,128,53,35,65" hai2="109,11,40,111,88,121,94,37,87,93,28,76,129" hai3="31,82,84,63,83,110,96,131,104,26,64,89,18"/><V42/><F121/><W98/><G110/><N who="2" m="41993" /><F129/><W13/><G131/><T71/><D114/><U25/><E128/><V135/><F135/><W125/><G125/><T106/><D106/><U91/><E0/><V115/><F115/><W39/><G39/><T41/><D73/><U105/><E7/><V126/><F126/><W29/><G83/><T59/><D32/><U80/><E120/><V100/><F76/><W10/><G104/><T134/><D1/><U103/><E35/><V17/><F28/><W60/><G60/><T78/><D95/><N who="2" m="36362" /><F100/><W12/><G12/><T38/><D78/><U52/><E34/><V75/><F75/><W92/><G26/><T127/><D130/><U72/><E72/><V107/><F107/><W102/><REACH who="3" step="1"/><G98/><REACH who="3" ten="403,268,152,157" step="2"/><T118/><D127/><U70/><E80/><N who="2" m="49255" /><F37/><W45/><G45/><T36/><D44/><U79/><E79/><V19/><F11/><W6/><G6/><T68/><D38/><U20/><E105/><V58/><F58/><AGARI ba="3,2" hai="10,13,18,29,31,58,63,64,82,84,89,92,96,102" machi="58" ten="30,7700,0" yaku="1,1,7,1,8,1,53,1" doraHai="47" doraHaiUra="85" who="3" fromWho="2" sc="403,0,268,0,152,-86,157,106" /><INIT seed="7,0,0,5,3,47" ten="403,268,66,263" oya="3" hai0="132,80,119,50,102,53,38,113,2,18,28,57,48" hai1="37,66,120,82,71,69,68,91,59,95,123,60,35" hai2="101,54,94,128,70,109,84,96,99,104,13,127,129" hai3="75,105,19,116,8,89,31,23,134,83,26,114,58"/><W118/><G105/><T81/><D119/><U14/><E37/><V6/><F70/><W124/><G124/><T52/><D38/><U88/><E35/><V40/><F54/><W79/><G114/><T30/><D2/><U21/><E82/><V130/><F40/><W100/><G134/><T5/><D5/><U93/><E21/><V55/><F13/><W24/><G100/><T97/><D113/><U62/><E14/><V20/><F55/><W122/><G122/><T32/><D18/><U36/><E36/><V34/><F20/><W92/><G58/><N who="0" m="33031" /><D32/><U29/><E29/><N who="0" m="11369" /><D132/><U90/><E62/><V72/><F6/><W111/><G111/><T41/><D41/><U25/><REACH who="1" step="1"/><E25/><REACH who="1" ten="403,258,66,263" step="2"/><V45/><F34/><W110/><G110/><T51/><D81/><U121/><AGARI ba="0,1" hai="59,60,66,68,69,71,88,90,91,93,95,120,121,123" machi="121" ten="50,12000,2" yaku="1,1,2,1,0,1,29,2,54,1,53,0" doraHai="47" doraHaiUra="22" who="1" fromWho="1" sc="403,-30,258,130,66,-30,263,-60" owari="373,17.0,388,49.0,36,-46.0,203,-20.0" /></mjloggm>