<mjloggm ver="2.3"><GO type="41" lobby="0"/><UN n0="%6D%61%6D%65%74%61%72%6F" n1="%41%50%45" n2="%E5%B0%B1%E6%B4%BB%E7%94%9F%40%E5%B7%9D%E6%9D%91%E8%BB%8D%E5%9B%A3" n3="%64%6F%6C%6C%69%6E%33" dan="15,15,15,13" rate="2001.63,1956.23,2025.65,1874.71" sx="M,M,M,M"/><TAIKYOKU oya="0"/><INIT seed="0,0,0,5,4,115" ten="250,250,250,250" oya="0" hai0="12,132,15,134,27,100,37,47,122,104,57,58,88" hai1="70,66,9,101,5,21,120,38,85,107,130,52,53" hai2="31,46,16,128,87,39,55,7,75,117,106,33,74" hai3="61,14,24,90,80,64,72,105,103,83,79,108,135"/><T91/><D122/><U129/><E120/><V49/><F106/><W26/><G108/><T13/><D27/><U116/><E38/><V45/><F7/><W4/><G135/><N who="0" m="51755" /><D37/><U82/><E66/><V62/><F128/><N who="1" m="49257" /><E70/><V133/><F133/><W119/><G105/><T23/><D23/><U97/><E21/><V10/><F62/><W60/><G103/><T0/><D0/><N who="1" m="167" /><E116/><V123/><F123/><W77/><G119/><T51/><D100/><U41/><E41/><V113/><F113/><W89/><G61/><T32/><D32/><U114/><E114/><V54/><F117/><W67/><G67/><T69/><D104/><U35/><E35/><V112/><F112/><W25/><G60/><T2/><D2/><U1/><E1/><V63/><F31/><W131/><G64/><T98/><D69/><U48/><E48/><V84/><F33/><W3/><G3/><T17/><D17/><U76/><AGARI ba="0,0" hai="52,53,76,82,85,97,101,107" m="167,49257" machi="76" ten="30,2000,0" yaku="19,1,54,1" doraHai="115" who="1" fromWho="1" sc="250,-10,250,20,250,-5,250,-5" /><INIT seed="1,0,0,0,5,107" ten="240,270,245,245" oya="1" hai0="46,19,72,0,63,4,68,135,10,102,35,117,27" hai1="131,50,132,127,38,25,32,21,37,67,28,82,3" hai2="40,69,128,23,49,42,8,53,85,125,129,1,103" hai3="71,48,108,41,73,39,116,70,133,29,115,65,110"/><U120/><E120/><V47/><F69/><W26/><G115/><T89/><D117/><U79/><E3/><V118/><F118/><W109/><G116/><T98/><D135/><U57/><E132/><V91/><F103/><W58/><G133/><T90/><D46/><U44/><E127/><V34/><F34/><W96/><G96/><T122/><D122/><U76/><E131/><N who="2" m="50251" /><F125/><W87/><G87/><T45/><D45/><U99/><E99/><V6/><F23/><N who="3" m="15583" /><G73/><T61/><D61/><U62/><E32/><V121/><F121/><W78/><G78/><T12/><D72/><U51/><E79/><V24/><F24/><W43/><G39/><T113/><D113/><U11/><E11/><V92/><AGARI ba="0,0" hai="1,6,8,40,42,47,49,53,85,91,92" m="50251" machi="92" ten="30,1100,0" yaku="19,1" doraHai="107" who="2" fromWho="2" sc="240,-3,270,-5,245,11,245,-3" /><INIT seed="2,0,0,0,4,41" ten="237,265,256,242" oya="2" hai0="90,91,3,22,8,61,125,131,36,127,93,96,32" hai1="20,110,123,17,95,116,39,105,38,126,80,34,108" hai2="60,117,70,106,76,115,101,81,12,62,53,15,27" hai3="55,52,78,82,51,100,89,23,71,135,118,46,77"/><V107/><F117/><W37/><G118/><T19/><D32/><U94/><E116/><V6/><F115/><W10/><G71/><T121/><D121/><U124/><E105/><V54/><F27/><W44/><G37/><N who="1" m="13834" /><E34/><V42/><F42/><W45/><G100/><T65/><D131/><U7/><E7/><V11/><F15/><W119/><G119/><T109/><D109/><N who="1" m="42091" /><E80/><V47/><F54/><N who="3" m="20523" /><G51/><T79/><D79/><U59/><E59/><V0/><F0/><W84/><G135/><T28/><D28/><U74/><E74/><V87/><F101/><W104/><G104/><T66/><D36/><U68/><E68/><V9/><F9/><W113/><G113/><T86/><D8/><U114/><E114/><V31/><F31/><W43/><G43/><T35/><D35/><U97/><E123/><V102/><F102/><W69/><G69/><T29/><D29/><U72/><E72/><V48/><REACH who="2" step="1"/><F62/><REACH who="2" ten="237,265,246,242" step="2"/><W50/><G10/><T133/><D3/><U40/><E40/><V130/><F130/><W14/><G50/><T21/><D61/><U1/><E1/><V98/><F98/><W49/><G49/><T5/><D5/><U88/><E95/><V67/><AGARI ba="0,1" hai="6,11,12,47,48,53,60,67,70,76,81,87,106,107" machi="67" ten="30,6000,0" yaku="1,1,0,1,52,1,53,0" doraHai="41" doraHaiUra="30" who="2" fromWho="2" sc="237,-20,265,-20,246,70,242,-20" /><INIT seed="2,1,0,1,3,81" ten="217,245,316,222" oya="2" hai0="10,128,45,74,120,134,54,7,83,65,124,4,5" hai1="39,42,48,60,86,47,98,64,41,87,72,75,125" hai2="2,35,77,135,13,62,111,95,102,9,21,53,94" hai3="122,76,121,46,127,36,91,0,24,99,14,69,115"/><V26/><F135/><W70/><G0/><T11/><D120/><U126/><E98/><V114/><F114/><W123/><G127/><N who="1" m="48650" /><E42/><V110/><F35/><W1/><G1/><T59/><D134/><U68/><E39/><V34/><F34/><W89/><G76/><T25/><D124/><U63/><E60/><V107/><F77/><W3/><G3/><T6/><D128/><U31/><E31/><V129/><F2/><W103/><G24/><T51/><N who="0" m="1536" /><DORA hai="58" /><T55/><D25/><U28/><E28/><N who="2" m="17487" /><F107/><W52/><G36/><T93/><D65/><U61/><E61/><V108/><F102/><W56/><G46/><T15/><D93/><U101/><E101/><V113/><F113/><W44/><G44/><T49/><REACH who="0" step="1"/><D15/><REACH who="0" ten="207,245,316,222" step="2"/><U50/><E48/><V96/><F129/><W85/><G14/><T84/><D84/><AGARI ba="1,1" hai="41,47,50,63,64,68,72,75,84,86,87" m="48650" machi="84" ten="30,8000,1" yaku="18,1,52,4" doraHai="81,58" who="1" fromWho="0" sc="207,-83,245,93,316,0,222,0" /><INIT seed="3,0,0,0,2,115" ten="124,338,316,222" oya="3" hai0="46,13,15,123,73,104,32,50,87,51,76,106,64" hai1="93,121,118,33,78,12,1,59,84,19,125,88,70" hai2="16,114,134,90,14,36,72,48,81,47,27,38,65" hai3="100,94,129,10,128,122,133,130,135,39,41,29,11"/><W96/><G122/><T62/><D32/><U119/><E121/><V35/><F114/><W55/><G29/><T30/><D73/><U132/><E70/><V113/><F113/><W20/><G20/><T63/><D123/><U83/><E1/><V110/><F110/><W52/><G41/><T99/><D30/><U60/><E33/><V61/><F134/><N who="3" m="51211" /><G39/><T75/><D75/><U98/><E132/><V116/><F116/><N who="1" m="44585" /><E125/><V34/><F27/><W57/><G55/><T127/><D127/><U5/><E5/><V95/><F34/><W79/><G79/><T86/><D76/><U112/><E112/><V23/><F35/><W67/><G67/><T66/><D99/><U77/><E59/><V124/><F124/><W56/><G56/><T25/><D25/><U26/><E26/><V109/><F109/><W69/><G69/><T28/><D28/><U7/><E7/><V43/><F65/><W85/><G85/><T4/><D4/><U49/><E49/><AGARI ba="0,0" hai="10,11,49,52,57,94,96,100,128,129,130" m="51211" machi="49" ten="40,7700,0" yaku="19,1,20,1,54,1" doraHai="115" who="3" fromWho="1" sc="124,0,338,-77,316,0,222,77" /><INIT seed="3,1,0,2,4,51" ten="124,261,316,299" oya="3" hai0="2,102,80,128,115,59,26,36,56,7,123,54,31" hai1="86,121,79,15,62,77,45,63,46,124,132,89,131" hai2="93,35,43,70,24,130,122,104,6,16,75,23,50" hai3="106,84,12,91,98,101,69,3,81,103,41,49,20"/><W114/><G3/><T37/><D123/><U113/><E121/><V105/><F75/><W134/><G114/><T22/><D115/><U112/><E15/><V66/><F130/><W9/><G69/><T38/><D128/><U110/><E86/><V48/><F122/><W47/><G20/><T118/><D118/><U4/><E4/><V13/><F93/><W10/><G134/><T67/><D67/><U72/><E72/><V1/><F70/><W34/><G34/><T33/><D102/><U18/><E131/><V39/><F66/><W32/><G32/><T57/><D80/><U117/><E117/><V90/><F90/><W71/><G71/><T95/><D95/><U83/><E83/><V92/><F92/><W125/><G125/><T52/><REACH who="0" step="1"/><D22/><REACH who="0" ten="114,261,316,299" step="2"/><U44/><E124/><V107/><F35/><W82/><G101/><T76/><D76/><U97/><E77/><V5/><F104/><W64/><G64/><T27/><D27/><U17/><E79/><V108/><F105/><W94/><G82/><T96/><D96/><U111/><E113/><V25/><F24/><W126/><G126/><T53/><D53/><U87/><E112/><V135/><F25/><W116/><G116/><T129/><D129/><U29/><E97/><V21/><F21/><W60/><G106/><T28/><D28/><U99/><E29/><V88/><F107/><W109/><G109/><N who="1" m="41482" /><E99/><V19/><F108/><W85/><G85/><T65/><D65/><U55/><E55/><V0/><F23/><W61/><G12/><T73/><D73/><U40/><E132/><V30/><F135/><RYUUKYOKU ba="1,1" sc="114,15,261,-15,316,-15,299,15" hai0="2,7,26,31,33,36,37,38,52,54,56,57,59" hai3="9,10,41,47,49,60,61,81,84,91,94,98,103" /><INIT seed="3,2,1,2,5,59" ten="129,246,301,314" oya="3" hai0="55,108,32,126,48,12,17,65,103,38,34,40,118" hai1="75,27,62,21,58,115,97,7,6,26,60,36,93" hai2="50,125,110,53,130,85,3,117,22,5,129,123,70" hai3="81,14,113,57,87,107,106,47,29,82,0,133,68"/><W13/><G113/><T91/><D118/><U43/><E75/><V1/><F117/><W100/><G68/><T8/><D108/><U16/><E115/><V84/><F123/><W54/><G0/><T96/><D126/><U4/><E43/><V24/><F70/><W56/><G29/><T119/><D119/><U112/><E36/><V42/><F42/><W88/><G133/><T25/><D40/><U92/><E112/><V79/><F110/><W18/><G82/><T83/><D38/><U72/><E72/><V33/><F33/><W23/><G14/><T80/><D65/><U2/><E2/><V10/><F125/><W105/><G47/><T66/><D66/><U61/><E27/><V30/><F3/><W111/><G111/><T52/><D55/><N who="1" m="33887" /><E93/><V127/><F127/><W135/><G135/><T128/><D128/><N who="2" m="49258" /><F79/><W90/><G90/><AGARI ba="2,1" hai="4,6,7,16,21,26,61,62,90,92,97" m="33887" machi="90" ten="30,12000,2" yaku="25,1,8,1,52,3,54,1" doraHai="59" who="1" fromWho="3" sc="129,0,246,136,301,0,314,-126" /><INIT seed="4,0,0,5,3,6" ten="129,382,301,188" oya="0" hai0="97,110,1,72,94,10,131,104,33,19,80,117,53" hai1="126,22,81,120,60,134,71,83,99,90,89,85,92" hai2="59,95,77,69,24,118,107,54,27,114,39,112,63" hai3="26,105,17,130,111,91,25,84,32,15,16,115,102"/><T31/><D117/><U0/><E120/><V78/><F107/><W40/><G111/><T68/><D104/><U48/><E0/><V18/><F39/><W2/><G115/><N who="2" m="44073" /><F69/><W96/><G2/><T129/><D110/><U21/><E71/><V47/><F118/><W14/><G130/><N who="0" m="49675" /><D68/><U45/><E60/><V56/><F47/><W74/><G74/><T55/><D1/><U35/><E35/><V87/><F56/><W62/><G62/><T66/><D66/><U128/><E128/><V11/><F95/><W64/><G64/><T13/><D31/><U12/><E81/><N who="2" m="47535" /><F78/><W122/><G122/><T135/><D33/><U49/><E49/><V29/><F29/><W98/><G32/><T36/><D135/><U93/><E134/><V82/><F82/><W133/><G133/><T41/><D41/><U101/><E83/><V100/><F100/><W30/><G40/><T123/><D36/><U5/><E101/><V132/><F132/><W67/><G67/><T73/><D123/><U125/><E45/><V75/><F75/><N who="0" m="28746" /><D80/><U88/><E48/><V58/><F58/><W86/><G30/><T20/><D20/><U8/><E22/><V38/><F38/><W116/><G116/><T57/><D57/><U106/><E21/><V52/><F54/><W127/><G102/><AGARI ba="0,0" hai="10,13,19,53,55,94,97,102" m="28746,49675" machi="102" ten="30,2900,0" yaku="19,1,52,1" doraHai="6" who="0" fromWho="3" sc="129,29,382,0,301,0,188,-29" /><INIT seed="4,1,0,4,1,86" ten="158,382,301,159" oya="0" hai0="63,1,70,43,34,19,89,99,81,96,2,101,23" hai1="67,80,128,72,7,69,35,92,133,28,0,29,52" hai2="21,103,33,118,100,22,108,87,126,106,47,84,53" hai3="130,91,124,13,102,131,82,48,51,24,26,39,78"/><T45/><D34/><U37/><E29/><V6/><F33/><W11/><G39/><T115/><D115/><U71/><E67/><V8/><F108/><W57/><G102/><N who="2" m="38953" /><F106/><W60/><G78/><T104/><D70/><U65/><E65/><V123/><BYE who="1" /><F123/><W32/><G124/><T74/><D63/><U105/><E105/><V134/><F118/><UN n1="%41%50%45" /><W9/><G9/><T116/><D116/><U25/><E37/><V61/><F134/><W14/><G14/><T4/><D4/><U59/><E128/><N who="3" m="49194" /><G32/><T10/><D10/><U117/><E133/><V42/><F126/><W125/><G125/><T56/><D56/><U79/><E117/><V54/><F42/><W97/><G97/><T85/><D74/><U107/><E107/><V122/><F122/><W114/><G114/><T5/><D96/><U27/><E7/><V40/><F40/><W119/><G119/><T15/><REACH who="0" step="1"/><D5/><REACH who="0" ten="148,382,301,159" step="2"/><U64/><E71/><V95/><F61/><W113/><G113/><T3/><D3/><U98/><E0/><V94/><F6/><N who="3" m="3319" /><G60/><T55/><D55/><N who="2" m="21002" /><F8/><W36/><G57/><T120/><D120/><U132/><E69/><V129/><F129/><W49/><G36/><AGARI ba="1,1" hai="1,2,15,19,23,36,43,45,81,85,89,99,101,104" machi="36" ten="30,5800,0" yaku="1,1,7,1,52,1,53,0" doraHai="86" doraHaiUra="88" who="0" fromWho="3" sc="148,71,382,0,301,0,159,-61" /><INIT seed="4,2,0,5,3,17" ten="219,382,301,98" oya="0" hai0="4,113,133,107,125,97,7,19,106,43,13,36,93" hai1="32,0,31,131,110,81,121,92,14,91,122,59,53" hai2="127,94,72,96,82,24,2,61,66,77,120,46,25" hai3="134,1,130,48,99,68,83,114,104,8,54,58,41"/><T35/><D35/><U85/><E110/><V74/><F120/><W49/><G114/><T78/><D113/><U15/><E0/><V29/><F127/><W89/><G68/><T73/><D125/><U119/><E119/><V90/><F2/><W128/><G134/><T102/><D133/><U38/><E38/><V40/><F74/><W44/><G104/><T50/><D36/><U20/><E32/><V76/><F76/><W37/><G37/><T132/><D132/><U52/><E131/><V11/><F11/><W112/><G112/><T3/><D3/><U63/><E122/><V55/><F55/><N who="1" m="21065" /><E121/><V79/><F79/><W118/><G118/><T84/><D107/><U27/><E81/><V71/><F29/><W67/><G67/><AGARI ba="2,0" hai="14,15,20,27,31,59,63,67,85,91,92" m="21065" machi="67" ten="30,3900,0" yaku="8,1,52,1,54,1" doraHai="17" who="1" fromWho="3" sc="219,0,382,45,301,0,98,-45" /><INIT seed="5,0,0,1,4,98" ten="219,427,301,53" oya="1" hai0="71,32,79,74,0,111,6,115,64,11,12,76,82" hai1="70,61,4,57,91,18,54,119,48,116,28,104,92" hai2="7,17,112,87,58,50,62,88,134,97,56,44,8" hai3="120,43,100,13,127,135,94,15,41,108,45,130,81"/><U3/><E104/><V78/><F134/><W93/><G108/><T20/><D20/><U10/><E28/><V31/><F112/><W37/><G120/><T86/><D111/><U129/><E129/><V36/><F36/><W117/><G117/><T30/><D12/><U1/><E1/><V53/><F31/><W131/><G135/><T29/><D29/><U125/><E125/><V68/><F68/><W14/><G127/><T85/><D115/><U67/><E18/><V113/><F113/><W118/><G118/><T55/><D55/><U133/><E133/><V40/><F17/><W109/><G109/><T52/><D64/><U107/><E107/><V72/><F72/><W102/><G15/><T80/><D71/><U103/><E103/><V83/><F58/><W123/><G123/><T101/><D101/><U84/><AGARI ba="0,0" hai="3,4,10,48,54,57,61,67,70,84,91,92,116,119" machi="84" ten="20,2100,0" yaku="0,1,7,1" doraHai="98" who="1" fromWho="1" sc="219,-7,427,21,301,-7,53,-7" /><INIT seed="5,1,0,1,4,104" ten="212,448,294,46" oya="1" hai0="88,40,91,112,121,49,108,9,123,2,102,30,70" hai1="6,28,132,0,87,35,131,66,111,74,18,114,4" hai2="29,83,113,17,38,27,103,93,84,135,63,65,34" hai3="80,71,124,7,79,134,26,67,68,31,33,92,45"/><U8/><E74/><V120/><F120/><N who="0" m="46154" /><D108/><U126/><E66/><V98/><F38/><W119/><G119/><T127/><D112/><U61/><E61/><V116/><F116/><W52/><G134/><T95/><D127/><U105/><E87/><V64/><F113/><W23/><G124/><T60/><D30/><U32/><E105/><V39/><F39/><W14/><G67/><N who="0" m="41319" /><D2/><U97/><E126/><V118/><F118/><W86/><G92/><T115/><D9/><U3/><E132/><V47/><F135/><W59/><G45/><N who="0" m="25767" /><D115/><U73/><E97/><AGARI ba="1,0" hai="88,91,95,97,102" m="25767,41319,46154" machi="97" ten="30,2000,0" yaku="13,1,54,1" doraHai="104" who="0" fromWho="1" sc="212,23,448,-23,294,0,46,0" /><INIT seed="6,0,0,2,4,117" ten="235,425,294,46" oya="2" hai0="61,103,82,77,30,7,108,32,24,26,134,11,38" hai1="43,28,10,54,29,4,99,102,88,2,112,66,59" hai2="20,95,51,49,45,126,48,60,23,90,21,104,44" hai3="121,33,123,57,84,31,74,109,118,114,83,58,110"/><V79/><F104/><W75/><G31/><T39/><D108/><N who="3" m="41577" /><G57/><T55/><D134/><U15/><E112/><V0/><F126/><W106/><G33/><T135/><D135/><U6/><E43/><V70/><F0/><W76/><G58/><T34/><D103/><U69/><E69/><V116/><F116/><W46/><G46/><T93/><D93/><N who="1" m="56743" /><E102/><V97/><F79/><W100/><G118/><T80/><D55/><U119/><E2/><V53/><REACH who="2" step="1"/><F53/><REACH who="2" ten="235,425,284,46" step="2"/><W62/><G114/><T107/><D107/><U47/><E119/><V12/><F12/><W122/><G62/><T9/><D61/><U94/><E54/><V25/><F25/><W52/><G52/><T131/><D26/><U35/><E15/><V120/><F120/><N who="3" m="30723" /><W63/><DORA hai="72" /><G63/><T56/><D32/><U19/><E35/><V132/><F132/><W50/><G50/><T17/><D38/><U67/><E67/><AGARI ba="0,1" hai="20,21,23,44,45,48,49,51,60,67,70,90,95,97" machi="67" ten="40,12000,1" yaku="1,1,53,3" doraHai="117,72" doraHaiUra="1,16" who="2" fromWho="1" sc="235,0,425,-120,284,130,46,0" /><INIT seed="6,1,0,0,3,89" ten="235,305,414,46" oya="2" hai0="55,112,36,8,91,38,118,58,26,39,66,74,34" hai1="93,121,126,3,101,29,11,20,7,30,62,78,115" hai2="53,103,63,60,83,13,47,81,104,95,17,33,27" hai3="40,46,54,97,31,84,73,88,4,49,41,15,111"/><V117/><F104/><W79/><G111/><T94/><D112/><U1/><E115/><V132/><F117/><W77/><G31/><T28/><D74/><U45/><E78/><V80/><F132/><W43/><G73/><T102/><D118/><U105/><E105/><V100/><F33/><W135/><G135/><T65/><D102/><N who="2" m="38954" /><F27/><W87/><G97/><T109/><D8/><U22/><E121/><V56/><F47/><W18/><G4/><T2/><D2/><U82/><E82/><V52/><F95/><W90/><G77/><T71/><D71/><U134/><E1/><V72/><F72/><W9/><G79/><T130/><D130/><U6/><E6/><V25/><F25/><W108/><G108/><T99/><REACH who="0" step="1"/><D109/><REACH who="0" ten="225,305,414,46" step="2"/><U116/><E116/><V76/><F76/><W48/><G49/><AGARI ba="1,1" hai="26,28,34,36,38,39,49,55,58,65,66,91,94,99" machi="49" ten="40,5200,0" yaku="1,1,2,1,52,1,53,0" doraHai="89" doraHaiUra="16" who="0" fromWho="3" sc="225,65,305,0,414,0,46,-55" owari="290,-11.0,305,11.0,414,51.0,-9,-51.0" /></mjloggm>