<mjloggm ver="2.3"><GO type="169" lobby="0"/><UN n0="%E3%83%87%E3%83%87%E3%82%AD%E3%83%B3%E3%83%88" n1="%6C%6F%4A%61%73%6B%69%6E" n2="%E3%82%A6%E3%83%AB%E3%83%88%E3%83%A9%E7%AB%8B%E7%9B%B4" n3="%79%6F%6A%6F" dan="17,16,17,16" rate="2150.54,2112.70,2212.00,2102.15" sx="M,F,M,F"/><TAIKYOKU oya="0"/><INIT seed="0,0,0,0,2,44" ten="250,250,250,250" oya="0" hai0="79,82,64,102,85,58,98,9,92,59,107,1,14" hai1="53,4,116,34,24,96,5,62,43,10,111,65,40" hai2="20,126,57,46,110,30,54,84,77,108,104,89,74" hai3="83,114,115,117,93,28,12,133,41,7,86,109,105"/><T39/><D39/><U11/><E111/><V101/><F46/><W29/><G117/><T51/><D1/><U32/><E53/><V48/><F126/><W37/><G105/><T127/><D127/><U3/><E116/><V99/><F20/><W16/><G109/><T47/><D107/><U128/><E128/><V100/><F100/><W8/><G133/><T71/><D71/><U113/><E113/><V121/><F30/><W91/><G37/><T33/><D33/><U50/><E96/><V73/><F73/><W13/><G41/><N who="0" m="25071" /><D64/><U72/><E72/><V135/><F121/><W15/><G15/><T6/><AGARI ba="0,0" hai="6,9,14,58,59,79,82,85,92,98,102" m="25071" machi="6" ten="30,6000,0" yaku="25,1,8,1,52,1" doraHai="44" who="0" fromWho="0" sc="250,60,250,-20,250,-20,250,-20" /><INIT seed="0,1,0,3,0,20" ten="310,230,230,230" oya="0" hai0="130,79,50,26,118,109,122,119,63,108,3,124,120" hai1="100,114,129,37,66,69,55,23,91,0,80,25,95" hai2="39,67,29,68,15,112,86,41,65,90,62,33,71" hai3="61,44,73,82,89,38,7,14,46,18,105,32,22"/><T76/><D3/><U106/><E37/><V125/><F112/><W128/><G32/><T121/><D124/><U97/><E0/><V111/><F125/><W17/><G105/><T96/><D130/><U60/><E114/><V9/><F111/><N who="0" m="42570" /><D50/><U84/><E129/><V132/><F132/><W21/><G128/><T72/><D63/><U48/><E106/><V51/><F39/><W77/><G7/><T116/><D26/><U70/><E70/><V64/><F51/><W4/><G4/><T11/><D11/><U75/><E75/><V107/><F107/><W35/><G35/><T126/><D126/><U81/><E81/><V103/><F41/><W94/><G61/><T102/><D72/><U49/><REACH who="1" step="1"/><E55/><REACH who="1" ten="310,220,230,230" step="2"/><V1/><F68/><W31/><G38/><T85/><D85/><U12/><E12/><V54/><F1/><W98/><REACH who="3" step="1"/><G31/><AGARI ba="1,1" hai="23,25,31,48,49,60,66,69,80,84,91,95,97,100" machi="31" ten="30,7700,0" yaku="1,1,7,1,52,1,53,1" doraHai="20" doraHaiUra="83" who="1" fromWho="3" sc="310,0,220,90,230,0,230,-80" /><INIT seed="1,0,0,4,3,104" ten="310,310,230,150" oya="1" hai0="10,27,111,81,117,132,89,12,37,119,42,135,87" hai1="129,15,46,8,69,96,78,93,67,33,59,68,38" hai2="103,125,7,113,56,30,9,3,21,11,124,72,39" hai3="127,58,116,121,22,75,14,128,133,101,85,115,134"/><U79/><E33/><V54/><F39/><W13/><G121/><T94/><D111/><U26/><E26/><N who="2" m="16719" /><F103/><W91/><G115/><T90/><D27/><U92/><E59/><V44/><F44/><W20/><G101/><T63/><D63/><U86/><E93/><V6/><F54/><W35/><G35/><T102/><D102/><U23/><E23/><N who="3" m="8746" /><G116/><T100/><D100/><U76/><E129/><V83/><F56/><W57/><G128/><T70/><D70/><U18/><E67/><V2/><F83/><W51/><G75/><T108/><D108/><U112/><E112/><V118/><F72/><W107/><G107/><T4/><D42/><U25/><E25/><V82/><F82/><W71/><G71/><T74/><D37/><U19/><E86/><V55/><F55/><W16/><G13/><T131/><D131/><U31/><E31/><V45/><F45/><W53/><G58/><T40/><D40/><U123/><E46/><V126/><F113/><W114/><G114/><T130/><D130/><U52/><E38/><V34/><F34/><W48/><G48/><T105/><D105/><U32/><E32/><V65/><F65/><W88/><G85/><N who="0" m="50351" /><D74/><U73/><E73/><V1/><F118/><W98/><G98/><T43/><D43/><U84/><E84/><V62/><F62/><W29/><G51/><T80/><D80/><U66/><E69/><V50/><F50/><W99/><G99/><T95/><D95/><U97/><E97/><V0/><AGARI ba="0,0" hai="0,1,2,3,6,7,9,11,124,125,126" m="16719" machi="0" ten="40,5200,0" yaku="18,1,34,2" doraHai="104" who="2" fromWho="2" sc="310,-13,310,-26,230,52,150,-13" /><INIT seed="2,0,0,3,2,34" ten="297,284,282,137" oya="2" hai0="15,12,134,46,71,40,60,52,115,9,78,30,108" hai1="42,82,123,95,45,85,69,91,68,65,4,37,132" hai2="119,73,22,54,96,2,32,112,7,53,13,124,74" hai3="29,109,31,87,113,116,41,81,105,21,86,61,8"/><V76/><F119/><W6/><G116/><T88/><D115/><U104/><E132/><V121/><F121/><W100/><G113/><T24/><D134/><U129/><E104/><V127/><F112/><W106/><G109/><T118/><D108/><U62/><E123/><V111/><F32/><W80/><G61/><T57/><D118/><U130/><E69/><V3/><F111/><W122/><G122/><T64/><D78/><U28/><E28/><V1/><F96/><W25/><G41/><T0/><D88/><U26/><E26/><V126/><F76/><W49/><G49/><N who="0" m="30863" /><D0/><U94/><REACH who="1" step="1"/><E4/><REACH who="1" ten="297,274,282,137" step="2"/><V128/><F128/><AGARI ba="0,1" hai="37,42,45,62,65,68,82,85,91,94,95,128,129,130" machi="128" ten="40,5200,0" yaku="1,1,2,1,19,1,53,0" doraHai="34" doraHaiUra="133" who="1" fromWho="2" sc="297,0,274,62,282,-52,137,0" /><INIT seed="3,0,0,2,5,0" ten="297,336,230,137" oya="3" hai0="32,95,45,55,134,7,106,109,8,108,71,72,101" hai1="60,12,34,15,81,113,11,26,50,4,85,3,98" hai2="94,117,131,129,43,82,20,29,9,16,47,77,125" hai3="127,1,105,58,38,37,91,122,67,17,48,133,92"/><W2/><G122/><T112/><D32/><U42/><E113/><V118/><F29/><W24/><G105/><T124/><D112/><U22/><E34/><V119/><F94/><W35/><G1/><N who="0" m="111" /><D71/><U96/><E60/><V19/><F9/><W68/><G2/><T99/><D72/><U27/><E12/><V80/><F125/><W76/><G127/><T49/><D124/><U31/><E26/><V128/><F20/><W64/><G68/><T23/><D23/><U10/><E11/><V130/><N who="2" m="32768" /><DORA hai="5" /><V65/><F65/><W54/><G76/><T104/><D134/><U59/><E3/><V70/><F70/><W63/><G133/><T13/><D13/><U44/><E59/><V75/><REACH who="2" step="1"/><F82/><REACH who="2" ten="297,336,220,137" step="2"/><W93/><G67/><T57/><D106/><U14/><E14/><V18/><F18/><W41/><G92/><T89/><D104/><U88/><AGARI ba="0,1" hai="4,10,15,22,27,31,42,44,50,81,85,88,96,98" machi="88" ten="20,12000,2" yaku="0,1,7,1,8,1,52,2,54,1" doraHai="0,5" who="1" fromWho="1" sc="297,-30,336,130,220,-30,137,-60" /><INIT seed="4,0,0,4,5,45" ten="267,466,190,77" oya="0" hai0="8,46,99,110,3,117,128,39,79,119,86,51,13" hai1="30,43,5,6,64,71,27,103,42,116,20,29,85" hai2="125,124,131,94,53,31,34,22,41,109,36,68,121" hai3="100,11,80,44,102,78,23,21,75,67,81,17,1"/><T72/><D39/><U7/><E116/><V61/><F34/><W15/><G81/><T59/><D3/><U93/><E71/><V14/><F109/><W123/><G123/><T55/><D110/><U25/><E64/><V127/><F121/><W134/><G134/><T32/><D32/><U9/><E9/><V0/><F0/><W73/><G73/><T114/><D72/><U107/><E107/><V10/><F131/><W106/><G67/><T2/><D2/><U50/><E50/><V63/><F68/><W105/><G1/><T130/><D114/><U40/><E103/><V69/><F69/><W98/><REACH who="3" step="1"/><G44/><REACH who="3" ten="267,466,190,67" step="2"/><T19/><D46/><U104/><E104/><V49/><F94/><W89/><G89/><T133/><D133/><U111/><E111/><V122/><F122/><W48/><G48/><T57/><D117/><U135/><E135/><V101/><F36/><W118/><G118/><T84/><D119/><U112/><E112/><V96/><F61/><W76/><G76/><T62/><D79/><U52/><E93/><V91/><F91/><W54/><G54/><N who="0" m="34167" /><D128/><U95/><E52/><V115/><F63/><W65/><G65/><T60/><D130/><U83/><E95/><V87/><F53/><W4/><G4/><T47/><D99/><AGARI ba="0,1" hai="11,15,17,21,23,75,78,80,98,99,100,102,105,106" machi="99" ten="40,8000,1" yaku="1,1,9,1,53,2" doraHai="45" doraHaiUra="16" who="3" fromWho="0" sc="267,-80,466,0,190,0,67,90" /><INIT seed="5,0,0,5,1,37" ten="187,466,190,157" oya="1" hai0="20,106,45,92,129,64,96,78,76,134,83,8,112" hai1="46,79,5,3,49,1,11,27,39,47,31,91,101" hai2="130,0,105,114,87,25,111,58,16,89,55,38,50" hai3="51,86,70,80,43,132,100,127,18,2,123,94,67"/><U122/><E1/><V74/><F111/><W40/><G123/><T24/><D106/><U135/><E101/><V128/><F0/><W75/><G75/><T60/><D112/><U61/><E135/><V118/><F74/><W88/><G2/><T116/><D116/><U32/><E39/><V95/><F118/><W71/><G71/><T54/><D134/><U102/><E102/><V109/><F105/><W21/><G132/><T103/><D129/><N who="2" m="49770" /><F38/><W6/><G6/><T34/><D34/><U82/><E91/><V65/><F65/><W72/><G127/><T57/><D8/><U52/><E61/><V125/><F125/><W53/><G67/><T14/><D14/><U13/><E122/><V120/><F120/><W7/><G7/><T84/><D45/><U63/><E63/><V119/><F119/><W23/><G70/><T108/><D108/><U12/><E46/><V42/><F114/><W15/><G23/><T133/><D133/><U90/><E90/><V124/><F124/><W4/><G4/><T104/><D104/><U81/><E5/><V62/><F109/><W17/><G72/><T10/><D10/><U121/><E11/><V85/><F85/><N who="3" m="52495" /><G18/><N who="0" m="12311" /><D64/><U30/><E3/><V115/><F115/><W97/><G100/><T66/><D66/><U19/><E121/><V99/><F87/><W29/><G97/><T44/><D78/><U28/><E79/><V26/><F16/><W9/><G9/><T59/><D59/><U73/><E73/><V36/><F36/><W107/><G107/><T117/><D117/><U68/><E19/><V126/><F126/><RYUUKYOKU ba="0,0" sc="187,15,466,-15,190,15,157,-15" hai0="44,54,57,60,76,83,84,92,96,103" hai2="25,26,42,50,55,58,62,89,95,99" /><INIT seed="6,1,0,2,1,100" ten="202,451,205,142" oya="2" hai0="122,11,33,30,45,10,76,42,41,7,55,112,82" hai1="27,70,35,128,123,17,28,3,73,6,95,31,24" hai2="44,64,16,134,93,83,105,39,59,102,125,12,135" hai3="32,81,103,126,101,114,61,22,131,13,40,75,69"/><V124/><F83/><W78/><G32/><T98/><D122/><U47/><E70/><V37/><F93/><W52/><G126/><N who="2" m="48745" /><F59/><W46/><G131/><T8/><D112/><U109/><E95/><V29/><F64/><W99/><G114/><T94/><D7/><U4/><E47/><V132/><F29/><W66/><G99/><T5/><D5/><U0/><E28/><V133/><F133/><W96/><G96/><T86/><D33/><U51/><E31/><V54/><F102/><W115/><G115/><T87/><D30/><U9/><E35/><V91/><F91/><W38/><G13/><T14/><D14/><U56/><E56/><V72/><F72/><W48/><REACH who="3" step="1"/><G22/><REACH who="3" ten="202,451,205,132" step="2"/><T49/><D87/><U79/><E128/><V67/><F134/><W85/><G85/><T106/><D106/><U118/><E0/><V104/><F132/><W97/><G97/><T68/><D98/><U117/><E3/><V60/><F135/><W58/><AGARI ba="1,1" hai="38,40,46,48,52,58,61,66,69,75,78,81,101,103" machi="58" ten="20,12000,2" yaku="1,1,0,1,7,1,24,2,54,1,53,1" doraHai="100" doraHaiUra="71" who="3" fromWho="3" sc="202,-31,451,-31,205,-61,132,133" /><INIT seed="7,0,0,0,0,32" ten="171,420,144,265" oya="3" hai0="113,10,95,72,78,117,71,131,41,42,101,132,103" hai1="13,118,83,23,76,45,2,97,93,79,55,88,43" hai2="129,121,47,66,110,20,49,120,16,96,11,73,58" hai3="126,86,21,111,134,12,31,36,127,25,84,52,5"/><W65/><G65/><T44/><D117/><U108/><E2/><V112/><F73/><W50/><G36/><T57/><D71/><U123/><E108/><V30/><F110/><W22/><G134/><T39/><D132/><U61/><E123/><N who="2" m="47179" /><F30/><W135/><G135/><T114/><D131/><U106/><E106/><V60/><F96/><W82/><G111/><T100/><D42/><U17/><E118/><V56/><F11/><N who="3" m="4207" /><G21/><T4/><D57/><N who="1" m="35007" /><E83/><V33/><F33/><W85/><G126/><T105/><D105/><U27/><E27/><N who="2" m="14727" /><F58/><N who="3" m="33047" /><G127/><T119/><D119/><U8/><E23/><V81/><F129/><W115/><G115/><N who="0" m="44043" /><D72/><U130/><E130/><V94/><F112/><W37/><G37/><T102/><D78/><AGARI ba="0,0" hai="22,25,31,78,82,84,85,86" m="33047,4207" machi="78" ten="30,2900,0" yaku="8,1,54,1" doraHai="32" who="3" fromWho="0" sc="171,-29,420,0,144,0,265,29" /><INIT seed="7,1,0,4,2,77" ten="142,420,144,294" oya="3" hai0="19,69,43,22,98,10,8,106,9,128,3,71,108" hai1="2,93,82,95,27,13,123,105,4,111,63,86,90" hai2="30,114,109,127,121,129,118,29,41,42,38,57,125" hai3="47,64,100,53,110,28,35,17,132,62,58,7,113"/><W126/><G113/><T88/><D108/><U34/><E111/><V89/><F109/><W101/><G110/><T134/><D3/><U67/><E105/><V87/><F118/><W39/><G7/><T15/><D128/><U116/><E123/><V115/><F57/><W76/><G76/><T85/><D134/><U91/><E13/><V65/><F65/><W51/><G126/><N who="2" m="48137" /><F129/><W36/><G36/><T70/><D43/><N who="2" m="16394" /><F38/><W50/><G28/><N who="2" m="10857" /><F121/><W18/><G39/><T74/><D74/><U104/><E93/><AGARI ba="1,0" hai="87,89,93,114,115" m="10857,16394,48137" machi="93" ten="30,1000,0" yaku="18,1" doraHai="77" who="2" fromWho="1" sc="142,0,420,-13,144,13,294,0" owari="142,-36.0,407,51.0,157,-24.0,294,9.0" /></mjloggm>