<mjloggm ver="2.3"><GO type="41" lobby="0"/><UN n0="%E5%B0%B1%E6%B4%BB%E7%94%9F%40%E5%B7%9D%E6%9D%91%E8%BB%8D%E5%9B%A3" n1="%E3%83%88%E3%83%A2%E3%83%AA%37%31%32" n2="%33%37%34%31" n3="%54%5F%4B%32" dan="15,13,13,13" rate="1989.71,1890.02,1934.30,1861.55" sx="M,M,M,M"/><TAIKYOKU oya="0"/><INIT seed="0,0,0,2,1,7" ten="250,250,250,250" oya="0" hai0="6,111,84,45,10,71,113,80,105,131,2,54,48" hai1="35,114,33,90,79,38,40,47,83,85,29,135,51" hai2="17,31,25,88,104,13,82,98,103,100,20,69,60" hai3="125,94,78,76,123,58,130,27,65,91,128,23,3"/><T56/><D71/><U46/><E135/><V96/><F82/><W32/><G3/><T64/><D105/><U72/><E114/><V28/><F28/><W52/><G125/><T39/><D113/><U59/><E59/><V124/><F124/><W95/><G32/><T42/><D131/><N who="3" m="50217" /><G65/><T12/><D111/><U61/><E61/><V21/><F69/><W101/><G101/><T53/><D64/><U132/><E132/><V134/><F134/><W4/><G4/><T75/><D53/><U108/><E108/><V119/><F119/><W99/><G94/><T93/><D93/><U44/><E44/><V73/><F73/><W14/><G14/><T34/><D34/><U0/><E29/><V115/><F115/><W87/><G87/><T22/><D22/><U37/><E37/><V89/><F60/><N who="3" m="35911" /><G123/><T24/><D24/><U121/><E121/><V68/><F68/><W50/><G50/><T110/><D110/><U62/><E62/><V77/><REACH who="2" step="1"/><F77/><REACH who="2" ten="250,250,240,250" step="2"/><W41/><G78/><T55/><D75/><U15/><E79/><V26/><F26/><W11/><G76/><T63/><D80/><U49/><E72/><V122/><F122/><W97/><G27/><T8/><D84/><U16/><E83/><V19/><F19/><W107/><G97/><T86/><D86/><U126/><E85/><V30/><F30/><W92/><G99/><T70/><D70/><U74/><E126/><V116/><F116/><W5/><G5/><T133/><D133/><U66/><E74/><V9/><F9/><W112/><G112/><T81/><D81/><U118/><E118/><RYUUKYOKU ba="0,1" sc="250,-10,250,-10,240,30,250,-10" hai2="13,17,20,21,25,31,88,89,96,98,100,103,104" /><INIT seed="1,1,1,4,0,89" ten="240,240,270,240" oya="1" hai0="108,118,69,18,60,88,65,86,90,96,27,16,28" hai1="5,0,13,61,92,7,29,31,59,66,30,101,17" hai2="127,2,129,113,53,119,78,105,48,67,99,26,14" hai3="50,12,64,43,37,9,34,133,82,73,76,19,120"/><U58/><E0/><V102/><F119/><W40/><G133/><T21/><D108/><U107/><E107/><V94/><F2/><W44/><G34/><T124/><D124/><U8/><REACH who="1" step="1"/><E59/><REACH who="1" ten="240,230,270,240" step="2"/><V93/><F127/><W128/><G120/><T15/><D118/><U84/><E84/><V46/><F129/><W100/><G128/><T83/><D96/><AGARI ba="1,2" hai="5,7,8,13,17,29,30,31,58,61,66,92,96,101" machi="96" ten="40,12000,1" yaku="1,1,8,1,52,1,53,1" doraHai="89" doraHaiUra="10" who="1" fromWho="0" sc="240,-123,230,143,270,0,240,0" /><INIT seed="1,2,0,1,3,15" ten="117,373,270,240" oya="1" hai0="37,81,44,113,121,7,45,124,10,51,17,77,33" hai1="27,57,14,38,133,114,98,67,29,26,117,85,95" hai2="110,8,3,82,23,127,135,46,79,122,64,134,94" hai3="32,123,65,104,109,72,42,130,21,66,78,115,101"/><U6/><E117/><V47/><F122/><W9/><G123/><T68/><D121/><U106/><E114/><V83/><F110/><W50/><G109/><T108/><D108/><U19/><E38/><V88/><F127/><W74/><G32/><T36/><D124/><U125/><E133/><N who="2" m="50699" /><F64/><W86/><G130/><T52/><D113/><U128/><E128/><V24/><F3/><W25/><G74/><T107/><D107/><U20/><E125/><V99/><F8/><W1/><G72/><T97/><D33/><U60/><E106/><V28/><F83/><W89/><G78/><T112/><D68/><U63/><E85/><AGARI ba="2,0" hai="23,24,28,46,47,79,82,85,88,94,99" m="50699" machi="85" ten="30,2000,0" yaku="20,1,54,1" doraHai="15" who="2" fromWho="1" sc="117,0,373,-26,270,26,240,0" /><INIT seed="2,0,0,3,2,20" ten="117,347,296,240" oya="2" hai0="132,115,69,19,117,42,116,62,2,67,77,17,47" hai1="125,86,82,97,131,8,70,44,56,108,102,91,7" hai2="10,101,94,53,79,51,92,93,30,49,65,57,1" hai3="40,34,27,24,66,87,31,72,37,52,128,41,76"/><V122/><F122/><W90/><G66/><T123/><D2/><U74/><E70/><V11/><F79/><W33/><G128/><T129/><D77/><U3/><E131/><V126/><F126/><W106/><G106/><T63/><D129/><U124/><E108/><V133/><F133/><W18/><G18/><BYE who="3" /><T25/><D132/><U110/><E110/><V73/><F73/><UN n3="%54%5F%4B%32" /><W15/><G37/><T118/><D123/><U71/><E71/><V16/><F1/><W26/><G15/><T6/><D6/><U36/><E56/><V135/><F135/><W32/><G31/><T9/><D9/><N who="2" m="3082" /><F30/><W39/><G39/><T64/><D115/><U0/><E0/><V75/><F75/><W81/><REACH who="3" step="1"/><G52/><REACH who="3" ten="117,347,296,230" step="2"/><T14/><D14/><U38/><E38/><V85/><F65/><W12/><G12/><T109/><D109/><U58/><E36/><V83/><F83/><AGARI ba="0,1" hai="24,26,27,32,33,34,40,41,72,76,81,83,87,90" machi="83" ten="50,8000,1" yaku="1,1,52,3,53,0" doraHai="20" doraHaiUra="89" who="3" fromWho="2" sc="117,0,347,0,296,-80,230,90" /><INIT seed="3,0,0,4,2,108" ten="117,347,216,320" oya="3" hai0="7,10,3,77,53,32,60,89,66,76,58,43,14" hai1="68,0,44,1,118,133,4,81,37,70,80,74,135" hai2="19,119,88,2,11,20,48,114,12,112,50,102,128" hai3="29,15,99,24,67,124,39,113,83,134,127,63,75"/><W59/><G113/><T52/><D32/><U91/><E118/><V13/><F119/><W64/><G39/><T38/><D3/><U120/><E120/><V25/><F128/><W21/><G134/><N who="1" m="51210" /><E91/><V87/><F102/><W79/><G99/><T33/><D33/><U104/><E104/><V111/><F111/><W107/><G107/><T56/><D66/><U23/><E23/><V26/><F2/><N who="1" m="1129" /><E4/><V73/><F73/><W132/><G132/><T95/><D43/><N who="1" m="22639" /><E81/><V30/><F26/><W69/><G67/><T40/><D40/><U8/><E8/><V28/><F28/><W110/><G110/><T65/><D65/><U22/><E22/><V84/><F84/><W106/><G106/><T116/><D116/><U94/><E94/><V31/><F31/><W115/><G69/><T93/><D38/><U117/><E117/><V78/><F78/><AGARI ba="0,0" hai="68,70,74,78,80" m="22639,1129,51210" machi="78" ten="30,2000,0" yaku="20,1,23,1" doraHai="108" who="1" fromWho="2" sc="117,0,347,20,216,-20,320,0" /><INIT seed="4,0,0,3,5,115" ten="117,367,196,320" oya="0" hai0="124,4,105,74,101,84,13,88,99,36,52,27,125" hai1="28,121,122,73,0,8,3,126,94,67,54,20,89" hai2="103,107,134,12,9,72,87,131,47,116,51,132,128" hai3="102,48,6,70,61,78,2,119,29,129,33,79,19"/><T133/><D36/><U42/><E126/><N who="0" m="48745" /><D74/><U58/><E42/><V127/><F72/><W108/><G108/><T98/><D27/><U41/><E41/><N who="2" m="25071" /><F87/><W130/><G2/><T40/><D40/><U46/><E73/><V114/><F114/><W14/><G6/><T83/><D133/><N who="2" m="51306" /><F107/><W57/><G70/><T55/><D98/><U90/><E90/><V62/><F103/><W63/><G102/><T31/><D31/><U100/><E100/><V45/><F45/><W117/><G33/><T56/><D56/><U7/><E0/><V109/><F109/><W11/><G29/><T66/><D66/><U97/><E67/><V111/><F111/><W1/><G1/><T16/><D4/><U85/><E46/><V80/><F80/><W25/><G25/><T112/><D112/><U17/><E28/><V81/><F81/><W38/><G38/><T123/><D123/><U118/><E97/><V106/><F106/><W93/><G93/><T49/><D49/><U59/><E59/><V10/><F62/><W92/><G48/><T86/><D84/><U18/><E18/><N who="2" m="8463" /><F127/><W64/><G63/><T53/><D53/><U5/><E5/><V75/><F75/><W26/><G26/><T104/><D105/><U34/><E34/><V43/><F43/><W32/><G32/><T68/><D68/><U21/><E122/><V96/><F96/><W37/><G37/><T30/><D30/><U44/><E121/><V113/><F113/><W135/><G135/><T24/><D24/><U50/><E44/><V110/><F110/><W91/><G61/><T15/><D15/><RYUUKYOKU ba="0,0" sc="117,30,367,-10,196,-10,320,-10" hai0="13,16,52,55,83,86,88,99,101,104" /><INIT seed="4,1,0,1,5,84" ten="147,357,186,310" oya="0" hai0="23,113,70,120,106,2,97,29,28,99,37,54,45" hai1="44,122,42,9,80,75,71,15,25,7,46,81,110" hai2="131,134,126,16,6,87,19,22,108,53,3,104,66" hai3="40,129,47,91,0,103,30,4,127,62,73,78,125"/><T35/><D35/><U14/><E110/><V94/><F108/><W112/><G129/><T117/><D70/><U88/><E122/><V34/><F131/><W89/><G103/><T61/><D120/><U33/><E71/><V93/><F104/><W95/><G112/><T57/><D2/><U10/><E33/><V13/><F126/><N who="3" m="48139" /><G30/><N who="0" m="11883" /><D106/><U82/><E25/><V67/><F34/><W102/><G62/><T96/><D37/><U123/><E123/><V8/><F134/><W74/><G0/><T49/><D117/><U135/><E135/><V115/><F115/><W124/><G4/><T119/><D119/><U116/><E116/><V60/><F19/><W48/><G124/><T11/><D113/><U38/><E75/><N who="3" m="28682" /><G78/><T86/><D23/><U63/><E63/><V132/><F132/><W65/><G65/><N who="0" m="39087" /><D11/><U27/><E27/><V17/><F17/><W41/><G41/><T83/><D96/><AGARI ba="1,0" hai="40,47,48,89,91,95,96,102" m="28682,48139" machi="96" ten="30,3900,0" yaku="18,1,52,2" doraHai="84" who="3" fromWho="0" sc="147,-42,357,0,186,0,310,42" /><INIT seed="5,0,0,2,4,95" ten="105,357,186,352" oya="1" hai0="50,109,19,56,60,46,129,96,13,86,123,2,41" hai1="106,76,66,14,61,28,42,67,134,38,117,39,54" hai2="52,110,4,44,75,63,34,5,49,36,94,101,118" hai3="88,103,47,10,133,55,57,85,3,127,8,111,78"/><U135/><E117/><V99/><F110/><W82/><G111/><T24/><D2/><U87/><E106/><V80/><F118/><W79/><G133/><N who="1" m="50698" /><E28/><V124/><F124/><W53/><G127/><T100/><D109/><U70/><E14/><V89/><F34/><W48/><G3/><T16/><D129/><U1/><E1/><V92/><F36/><W7/><G7/><T114/><D114/><U29/><E29/><V125/><F125/><W115/><G115/><T130/><D130/><U119/><E119/><V73/><F75/><W98/><G8/><T37/><D123/><U121/><E121/><V45/><F73/><W9/><G9/><T128/><D128/><U120/><E120/><V107/><F80/><W30/><G10/><T91/><D24/><U58/><E87/><V15/><F107/><W11/><G11/><T22/><D19/><U71/><E76/><V105/><F105/><W84/><G85/><T122/><D122/><U72/><E72/><V26/><F26/><W23/><G23/><T132/><D132/><U104/><E104/><V12/><F45/><W65/><G30/><T83/><D37/><N who="1" m="13835" /><E42/><V40/><F5/><W69/><G69/><AGARI ba="0,0" hai="54,58,61,66,67,69,70,71" m="13835,50698" machi="69" ten="40,7700,0" yaku="20,1,34,2" doraHai="95" who="1" fromWho="3" sc="105,0,357,77,186,0,352,-77" /><INIT seed="5,1,0,2,1,108" ten="105,434,186,275" oya="1" hai0="128,134,30,26,81,110,92,109,62,94,16,96,65" hai1="87,8,80,48,102,79,36,18,7,77,107,44,63" hai2="67,106,117,133,112,39,105,64,31,90,82,127,78" hai3="70,43,129,72,23,91,34,9,22,119,46,95,45"/><U38/><E107/><V24/><F39/><W76/><G70/><T71/><D128/><U97/><E63/><V84/><F117/><W47/><G34/><T69/><D69/><U123/><E123/><V52/><F133/><W59/><G129/><T75/><D134/><U131/><E131/><V103/><F127/><W12/><G119/><T125/><D125/><U5/><E5/><V0/><F0/><W135/><G135/><T28/><D92/><U37/><E18/><V57/><F112/><W54/><G72/><T60/><D60/><U21/><E21/><V124/><F124/><W49/><G76/><T56/><D71/><U10/><E77/><V42/><F42/><W19/><REACH who="3" step="1"/><G43/><REACH who="3" ten="105,434,186,265" step="2"/><T14/><D75/><U93/><REACH who="1" step="1"/><E7/><REACH who="1" ten="105,424,186,265" step="2"/><V11/><F106/><W85/><AGARI ba="1,2" hai="9,12,19,22,23,45,46,47,49,54,59,85,91,95" machi="85" ten="30,7900,0" yaku="1,1,2,1,0,1,8,1,53,0" doraHai="108" doraHaiUra="115" who="3" fromWho="3" sc="105,-21,424,-40,186,-21,265,102" /><INIT seed="6,0,0,2,5,74" ten="84,384,165,367" oya="2" hai0="2,58,82,28,85,65,34,109,54,101,62,127,123" hai1="112,107,13,131,29,73,11,103,116,70,48,87,52" hai2="8,121,114,17,63,22,72,30,79,95,59,71,9" hai3="49,110,97,16,55,135,66,100,80,125,64,86,96"/><V119/><F119/><W108/><G125/><T36/><D109/><U38/><E116/><V84/><F121/><W45/><G135/><T47/><D123/><U113/><E70/><V24/><F71/><W129/><G129/><T117/><D2/><U43/><E131/><V111/><F111/><W115/><G115/><N who="1" m="44106" /><E73/><V31/><F114/><W20/><G110/><T91/><D117/><U75/><E75/><V3/><F72/><W7/><G7/><T81/><D127/><U40/><E29/><N who="2" m="10763" /><F3/><W19/><G108/><T32/><D101/><U90/><E38/><V56/><F56/><W118/><G118/><T106/><D106/><U88/><E103/><V60/><F60/><W14/><G19/><T0/><D0/><U93/><E107/><V1/><F1/><W53/><G53/><T134/><D134/><U102/><E90/><N who="2" m="53703" /><F79/><N who="3" m="46367" /><G100/><T128/><D128/><U98/><E98/><AGARI ba="0,0" hai="14,16,20,45,49,55,64,66,96,97,98" m="46367" machi="98" ten="30,3900,0" yaku="8,1,52,1,54,1" doraHai="74" who="3" fromWho="1" sc="84,0,384,-39,165,0,367,39" /><INIT seed="7,0,0,2,3,19" ten="84,345,165,406" oya="3" hai0="96,26,15,103,100,61,127,126,17,120,75,53,55" hai1="68,105,12,82,125,8,64,80,21,132,14,56,51" hai2="116,44,131,90,18,81,110,27,63,89,43,108,29" hai3="67,16,60,95,31,9,42,87,20,23,74,115,77"/><W91/><G115/><T33/><D120/><U129/><E105/><V109/><F116/><W36/><G74/><T99/><D75/><U0/><E125/><V71/><F131/><W66/><G77/><T5/><D5/><U135/><E129/><V124/><F124/><W102/><G102/><T58/><D127/><U65/><E0/><V11/><F81/><N who="1" m="31337" /><E68/><V48/><F71/><W24/><G9/><T88/><D126/><U6/><E56/><V3/><F63/><W130/><G130/><T35/><D26/><U25/><E51/><V84/><F84/><W119/><G119/><T118/><D118/><U112/><E112/><V22/><REACH who="2" step="1"/><F29/><REACH who="2" ten="84,345,155,406" step="2"/><W111/><G60/><T123/><D123/><U57/><E57/><V13/><F13/><W92/><G87/><T134/><D134/><N who="1" m="51243" /><E14/><V49/><F49/><W83/><G36/><T46/><D46/><U133/><N who="1" m="51251" /><U32/><DORA hai="85" /><E32/><V78/><F78/><W47/><G31/><AGARI ba="0,1" hai="6,8,12,21,25,31,64,65" m="51251,31337" machi="31" ten="40,2600,0" yaku="20,1,52,1" doraHai="19,85" who="1" fromWho="3" sc="84,0,345,36,155,0,406,-26" owari="84,-42.0,381,48.0,155,-24.0,380,18.0" /></mjloggm>