<mjloggm ver="2.3"><GO type="97" lobby="0"/><UN n0="%E5%B0%B1%E6%B4%BB%E7%94%9F%40%E5%B7%9D%E6%9D%91%E8%BB%8D%E5%9B%A3" n1="%E3%83%8F%E3%83%A2%E5%B8%AB%E5%8C%A0" n2="%E3%82%B8%E3%82%A7%E3%83%AD%E3%81%A9%E3%82%93" n3="%28%C2%B4%E3%83%BB%CF%89%E3%83%BB%29%EF%BC%8F" dan="15,14,14,14" rate="1956.57,1880.37,1924.08,1948.88" sx="M,M,M,M"/><TAIKYOKU oya="0"/><INIT seed="0,0,0,0,5,83" ten="250,250,250,250" oya="0" hai0="124,132,123,108,0,30,60,98,95,102,81,134,121" hai1="38,72,17,114,131,6,74,13,33,28,97,31,91" hai2="64,70,119,32,4,43,75,26,47,57,100,106,129" hai3="77,126,69,133,46,78,24,92,49,3,42,88,21"/><T65/><D0/><U99/><E131/><V25/><F57/><W127/><G69/><T1/><D1/><U8/><E38/><V23/><F23/><W113/><G3/><T12/><D30/><U19/><E114/><V115/><F4/><W54/><G113/><T15/><D124/><N who="3" m="47657" /><G133/><N who="0" m="51307" /><D81/><U111/><E111/><V71/><F26/><W2/><G2/><T39/><D39/><U48/><E48/><V5/><F5/><W52/><G77/><T29/><D29/><U130/><E130/><V103/><F103/><W80/><G21/><T11/><D108/><U128/><E128/><V135/><F64/><W109/><G24/><T86/><D86/><U55/><E55/><V63/><F119/><W51/><G51/><T94/><D94/><U96/><E91/><V82/><F129/><W101/><G101/><T112/><D112/><U18/><REACH who="1" step="1"/><E33/><REACH who="1" ten="250,240,250,250" step="2"/><V56/><F135/><W85/><G109/><T45/><D45/><U58/><E58/><V7/><F115/><W73/><AGARI ba="0,1" hai="42,46,49,52,54,73,78,80,85,88,92" m="47657" machi="73" ten="30,7900,0" yaku="18,1,52,1,54,2" doraHai="83" who="3" fromWho="3" sc="250,-39,240,-20,250,-20,250,89" /><INIT seed="1,0,0,4,4,127" ten="211,220,230,339" oya="1" hai0="33,47,108,99,1,78,84,91,114,0,86,128,65" hai1="43,102,37,117,48,16,95,76,103,26,52,106,44" hai2="20,130,126,104,68,14,51,63,121,27,129,31,80" hai3="134,59,11,23,73,39,24,89,67,38,32,83,36"/><U7/><E117/><V60/><F121/><W118/><G118/><T132/><D33/><U12/><E76/><V40/><F104/><W22/><G134/><T112/><D65/><U133/><E133/><V109/><F126/><W66/><G32/><T58/><D132/><U62/><E62/><V71/><F109/><W125/><G23/><T90/><D47/><U3/><E106/><V8/><F80/><W6/><G59/><T46/><D46/><U25/><E3/><V13/><F51/><W54/><G54/><T124/><D58/><U21/><E7/><V120/><F40/><W81/><G73/><T19/><D19/><U113/><E113/><V28/><F120/><W61/><G125/><T93/><D124/><U5/><E5/><V107/><F107/><W55/><G55/><T96/><D108/><U87/><E103/><V72/><F72/><W115/><G61/><N who="2" m="23625" /><F8/><W111/><G111/><T17/><D17/><U92/><E102/><V34/><F20/><W10/><G10/><T131/><D78/><U77/><E95/><AGARI ba="0,0" hai="0,1,84,86,90,91,93,95,96,99,112,114,128,131" machi="95" ten="25,6400,0" yaku="22,2,52,2" doraHai="127" who="0" fromWho="1" sc="211,64,220,-64,230,0,339,0" /><INIT seed="2,0,0,2,1,85" ten="275,156,230,339" oya="2" hai0="23,53,51,54,31,118,99,30,27,33,92,43,77" hai1="108,129,59,21,96,14,57,25,24,42,83,84,90" hai2="106,62,63,131,103,107,17,134,55,34,2,52,39" hai3="4,66,87,64,79,37,68,109,5,124,50,110,114"/><V98/><F34/><W125/><G37/><T111/><D118/><U93/><E108/><N who="3" m="41578" /><G114/><T58/><D111/><U86/><E129/><V20/><F2/><W94/><G50/><T36/><D77/><U56/><E42/><V76/><F39/><W28/><G28/><T22/><D31/><U112/><E112/><V71/><F134/><W65/><G68/><T80/><D80/><U78/><REACH who="1" step="1"/><E86/><REACH who="1" ten="275,146,230,339" step="2"/><V10/><F131/><W6/><G79/><T119/><D43/><U12/><E12/><V116/><F76/><W7/><N who="3" m="1536" /><DORA hai="47" /><W120/><G120/><T91/><D119/><U40/><E40/><V9/><F116/><W123/><G123/><T45/><D36/><U3/><E3/><V41/><F41/><W133/><G133/><T1/><D1/><U60/><E60/><AGARI ba="0,1" hai="22,23,27,30,33,45,51,53,54,58,60,91,92,99" machi="60" ten="30,3900,0" yaku="7,1,52,2" doraHai="85,47" who="0" fromWho="1" sc="275,49,146,-39,230,0,339,0" /><INIT seed="3,0,0,1,1,43" ten="324,107,230,339" oya="3" hai0="27,113,94,81,67,105,112,123,10,68,28,118,15" hai1="121,76,32,23,42,58,52,14,115,72,125,93,18" hai2="92,102,99,108,96,47,79,25,91,22,104,5,53" hai3="55,24,20,86,116,51,85,36,73,75,80,21,39"/><W64/><G64/><T133/><D105/><U74/><E121/><V26/><F108/><W41/><G116/><T126/><D123/><U88/><E115/><N who="0" m="44105" /><D118/><U109/><E125/><V131/><F131/><W95/><G41/><T56/><D126/><U2/><E109/><V46/><F79/><W1/><G1/><T62/><D133/><U17/><E2/><V4/><F53/><W90/><G73/><T98/><D81/><U60/><E32/><V57/><F57/><W114/><G75/><T8/><D68/><U65/><E42/><V84/><F99/><W129/><G129/><T89/><D15/><U124/><E124/><V117/><F117/><W63/><G63/><T70/><D70/><U50/><E76/><V132/><F132/><W71/><G71/><T19/><D19/><U35/><E35/><V107/><F107/><W45/><G114/><T106/><D106/><U128/><E18/><V101/><F101/><W130/><G130/><T44/><D44/><N who="2" m="16938" /><F104/><W12/><G12/><T134/><D134/><U110/><E110/><V16/><F26/><W37/><REACH who="3" step="1"/><G24/><REACH who="3" ten="324,107,230,329" step="2"/><T48/><D48/><U0/><E0/><V69/><F69/><W82/><G82/><T7/><D7/><N who="2" m="2634" /><F84/><W97/><G97/><T122/><D122/><U34/><E34/><AGARI ba="0,1" hai="8,10,27,28,34,56,62,67,89,94,98" m="44105" machi="34" ten="30,1000,0" yaku="11,1" doraHai="43" who="0" fromWho="1" sc="324,20,107,-10,230,0,329,0" owari="344,44.0,97,-40.0,230,-17.0,329,13.0" /></mjloggm>