<mjloggm ver="2.3"><GO type="169" lobby="0"/><UN n0="%E3%81%B5%E3%81%86%E3%81%8C%E2%99%AA" n1="%E2%98%85%E7%8E%89%E9%9F%BF%E2%98%85" n2="%E3%81%8B%E3%81%AE%E3%82%93%E2%99%AA" n3="%E3%82%A6%E3%83%AB%E3%83%88%E3%83%A9%E7%AB%8B%E7%9B%B4" dan="16,17,16,17" rate="2071.37,2205.87,2066.65,2162.34" sx="M,F,M,M"/><TAIKYOKU oya="0"/><INIT seed="0,0,0,4,4,71" ten="250,250,250,250" oya="0" hai0="106,105,74,80,33,78,115,119,92,126,53,25,124" hai1="104,20,89,114,134,13,48,112,110,29,91,83,130" hai2="75,39,38,12,81,47,87,50,14,32,45,8,131" hai3="125,135,22,85,127,121,28,31,21,63,65,60,77"/><T43/><D119/><U98/><E110/><V35/><F75/><W23/><G135/><T36/><D115/><N who="1" m="44075" /><E134/><V4/><F131/><W16/><G16/><T30/><D53/><U96/><E130/><V116/><F116/><W73/><G73/><T41/><D41/><U1/><E1/><V123/><F12/><W9/><G9/><T7/><D7/><U52/><E83/><V84/><F84/><W117/><G117/><T113/><D113/><U94/><E104/><V111/><F111/><W118/><G118/><T17/><D17/><N who="1" m="10287" /><E29/><N who="3" m="11338" /><G85/><T88/><D106/><U19/><E19/><V129/><F129/><W27/><G77/><T64/><D105/><U86/><E91/><V68/><F68/><W42/><G65/><T128/><D64/><U99/><E99/><V100/><F100/><W34/><G34/><T2/><D2/><U5/><E5/><V133/><F133/><W6/><G6/><T59/><D59/><AGARI ba="0,0" hai="48,52,59,86,89,94,96,98" m="10287,44075" machi="59" ten="30,3900,0" yaku="25,1,11,1,54,1" doraHai="71" who="1" fromWho="0" sc="250,-39,250,39,250,0,250,0" /><INIT seed="1,0,0,5,3,54" ten="211,289,250,250" oya="1" hai0="104,49,23,127,46,99,93,68,28,81,84,4,69" hai1="16,108,18,17,107,101,48,115,132,112,96,59,14" hai2="32,129,95,44,119,30,75,5,123,72,91,66,8" hai3="43,55,125,131,103,0,42,92,60,120,57,133,89"/><U88/><E115/><V134/><F119/><W90/><G0/><T117/><D104/><U22/><E132/><V85/><F123/><W79/><G120/><T77/><D117/><U33/><E33/><V53/><F134/><W116/><G133/><T94/><D127/><U98/><E112/><V10/><F129/><W65/><G116/><T126/><D126/><U82/><E108/><V97/><F30/><W124/><G131/><T19/><D4/><U24/><E14/><V110/><F32/><W135/><G135/><T37/><D28/><N who="1" m="17431" /><E101/><V34/><F34/><W61/><G124/><T122/><D37/><U36/><E36/><V109/><F66/><W26/><G79/><T111/><D111/><N who="2" m="42506" /><F85/><W130/><G130/><T102/><D94/><U114/><E107/><V51/><F8/><W47/><G103/><T52/><REACH who="0" step="1"/><D122/><REACH who="0" ten="201,289,250,250" step="2"/><U63/><E114/><V71/><F71/><W73/><G92/><T20/><D20/><U83/><E83/><V38/><F38/><W11/><G125/><T87/><D87/><N who="1" m="50295" /><E48/><V76/><F76/><W62/><G11/><T9/><D9/><U64/><AGARI ba="0,1" hai="16,17,18,59,63,64,96,98" m="50295,17431" machi="64" ten="30,11700,0" yaku="8,1,52,1,54,2" doraHai="54" who="1" fromWho="1" sc="201,-39,289,127,250,-39,250,-39" /><INIT seed="1,1,0,3,0,77" ten="162,416,211,211" oya="1" hai0="63,50,84,24,74,17,75,98,92,87,33,80,14" hai1="64,85,9,73,56,97,112,90,117,118,124,116,45" hai2="101,71,27,95,68,3,107,21,102,37,48,43,44" hai3="89,46,42,23,38,58,30,1,106,62,16,91,4"/><U13/><E112/><V67/><F3/><W114/><G114/><T109/><D109/><U51/><E73/><V2/><F2/><W96/><G30/><T66/><D50/><U110/><E97/><V119/><F119/><W122/><G122/><T18/><D33/><U81/><E124/><V93/><F37/><W61/><G61/><T22/><D87/><U135/><E135/><V65/><F71/><W60/><G60/><T7/><D7/><U86/><E110/><V34/><F34/><W83/><G4/><T108/><D108/><U131/><E131/><V82/><F82/><W55/><G1/><T132/><D132/><U39/><E39/><V129/><F129/><W128/><G128/><T125/><D125/><U79/><E64/><N who="2" m="24651" /><F68/><W123/><G123/><T111/><D111/><U6/><E56/><V121/><F107/><W31/><G31/><T25/><D75/><U57/><E57/><V99/><F121/><W41/><G41/><T115/><D74/><U53/><E117/><V88/><F95/><AGARI ba="1,0" hai="6,9,13,45,51,53,79,81,85,86,90,95,116,118" machi="95" ten="30,2900,0" yaku="7,1,52,1" doraHai="77" who="1" fromWho="2" sc="162,0,416,32,211,-32,211,0" /><INIT seed="1,2,0,2,2,100" ten="162,448,179,211" oya="1" hai0="102,12,7,77,70,127,9,97,87,56,122,68,117" hai1="106,134,92,114,0,30,104,50,132,69,98,90,131" hai2="2,25,135,82,108,84,118,10,133,93,119,14,21" hai3="20,4,57,73,126,120,130,81,107,78,22,13,75"/><U19/><E114/><V44/><F44/><W61/><G120/><T51/><D117/><U26/><E131/><V96/><F2/><W38/><G38/><T47/><D127/><U52/><E69/><V28/><F108/><W129/><G126/><T33/><D33/><N who="1" m="20695" /><E19/><V65/><F65/><W88/><G75/><T116/><D116/><U16/><E16/><N who="2" m="8279" /><F84/><W71/><G71/><T3/><D3/><U95/><E95/><V67/><F67/><W124/><G124/><T8/><D8/><U91/><E91/><N who="2" m="55359" /><F82/><W58/><G88/><T115/><D56/><N who="1" m="32791" /><E0/><V112/><F112/><W34/><G34/><T24/><D24/><U79/><E79/><V41/><F41/><W37/><G37/><T66/><D66/><U29/><E29/><V123/><F123/><W128/><G107/><N who="0" m="63951" /><D115/><U6/><E6/><V40/><F40/><W86/><G73/><T111/><D111/><U64/><E64/><V89/><F89/><W48/><G61/><T94/><D122/><U59/><E59/><N who="3" m="22538" /><G48/><T31/><D31/><U46/><E46/><V42/><F42/><W83/><G83/><N who="0" m="47599" /><D94/><U72/><E72/><V110/><F119/><W85/><G4/><T60/><D60/><U121/><E121/><V11/><F118/><W17/><G22/><T32/><D32/><U36/><E36/><V49/><F110/><W23/><G23/><T27/><D27/><U105/><E105/><V101/><F11/><W35/><G35/><T39/><D39/><U54/><E106/><V113/><F21/><W1/><G1/><T45/><D51/><U63/><E104/><V62/><F49/><RYUUKYOKU ba="2,0" sc="162,10,448,10,179,-30,211,10" hai0="7,9,12,45,47,68,70" hai1="54,63,90,92,98,132,134" hai3="13,17,20,78,81,85,86,128,129,130" /><INIT seed="1,3,0,3,0,79" ten="172,458,149,221" oya="1" hai0="122,85,76,121,6,86,133,55,51,3,135,106,68" hai1="56,0,22,87,99,117,34,134,89,71,13,77,31" hai2="23,124,101,21,72,47,91,8,114,10,116,49,82" hai3="16,35,7,125,70,111,33,4,118,84,129,50,28"/><U128/><E71/><V110/><F116/><W102/><G70/><T29/><D106/><U40/><E0/><V9/><F124/><W95/><G50/><T65/><D29/><U27/><E117/><V36/><F36/><W48/><G48/><T78/><D6/><U38/><E38/><V94/><F110/><W11/><G84/><N who="0" m="32363" /><D3/><U54/><E40/><N who="2" m="24807" /><F72/><W75/><G95/><T119/><D119/><U43/><E43/><V83/><F101/><W131/><G102/><T112/><D112/><U103/><E77/><N who="0" m="29801" /><D65/><U19/><E103/><V92/><F114/><W107/><G75/><T69/><D69/><U113/><E113/><V66/><F94/><W67/><G107/><T37/><D37/><U88/><E34/><N who="3" m="12810" /><G67/><T2/><D2/><U62/><E87/><N who="2" m="52351" /><F66/><W41/><G41/><T130/><D130/><N who="3" m="49673" /><G118/><T5/><D68/><U104/><E128/><V63/><F63/><W93/><G93/><T53/><D53/><U96/><E104/><V26/><F23/><W18/><G111/><T64/><D64/><U42/><E42/><V90/><F90/><W109/><G109/><T115/><D115/><U30/><E88/><V12/><F12/><N who="3" m="7199" /><G125/><T100/><D100/><U132/><E89/><V17/><AGARI ba="3,0" hai="8,9,10,17,21,26,82,83" m="52351,24807" machi="17" ten="30,4000,0" yaku="8,1,52,2" doraHai="79" who="2" fromWho="2" sc="172,-13,458,-23,149,49,221,-13" /><INIT seed="2,0,0,0,1,35" ten="159,435,198,208" oya="2" hai0="115,127,59,7,38,131,72,9,17,47,45,23,51" hai1="89,120,88,52,63,53,2,85,27,124,20,16,86" hai2="126,14,3,30,44,135,36,74,125,100,50,107,117" hai3="40,109,79,108,34,43,58,114,69,70,98,95,84"/><V102/><F36/><W64/><G34/><T1/><D115/><U8/><E124/><N who="2" m="47723" /><F117/><W41/><G84/><N who="1" m="32362" /><E2/><V110/><F74/><W0/><G0/><T77/><D127/><U134/><E134/><V62/><F3/><W10/><G10/><T67/><D131/><U130/><E130/><V66/><F30/><W105/><G105/><T83/><D38/><U5/><E120/><V103/><F14/><W81/><G81/><T33/><D33/><U73/><E73/><V121/><F121/><W71/><G79/><T90/><D90/><N who="1" m="34923" /><E5/><V37/><F110/><N who="3" m="42603" /><G95/><T19/><D19/><N who="1" m="12703" /><E63/><V60/><F37/><W26/><G98/><T96/><D96/><U29/><E29/><V80/><F135/><W11/><G26/><T119/><D119/><U129/><E129/><V123/><F123/><W116/><G11/><T91/><D91/><U68/><E68/><N who="2" m="42055" /><F62/><N who="3" m="37975" /><G116/><T6/><D6/><U78/><E78/><V97/><F80/><W104/><G104/><T48/><D48/><U25/><E25/><V93/><F107/><W118/><G118/><T12/><D51/><U94/><E94/><V128/><F128/><W99/><G99/><T106/><D106/><U54/><E8/><V112/><F112/><AGARI ba="0,0" hai="40,41,43,69,70,71,112,114" m="37975,42603" machi="112" ten="40,5200,0" yaku="14,1,34,2" doraHai="35" who="3" fromWho="2" sc="159,0,435,0,198,-52,208,52" /><INIT seed="3,0,0,5,4,119" ten="159,435,146,260" oya="3" hai0="74,55,114,26,36,107,133,98,108,24,63,75,103" hai1="110,11,76,65,39,33,40,3,118,83,106,54,84" hai2="25,52,134,132,131,93,42,121,67,47,117,129,68" hai3="0,18,16,122,43,20,135,15,71,81,2,94,64"/><W62/><G122/><T126/><D108/><U4/><E110/><V120/><F117/><W82/><G135/><N who="2" m="51753" /><F67/><W9/><G43/><T130/><D133/><U32/><E106/><V17/><F68/><W92/><G94/><T72/><D130/><N who="2" m="49674" /><F93/><W41/><G41/><T34/><D114/><U124/><E65/><V37/><F52/><W101/><G2/><T58/><D36/><U113/><E113/><V87/><F87/><W95/><G95/><T102/><D102/><U19/><E54/><V116/><F116/><W91/><G101/><T35/><D35/><U45/><E118/><V49/><F49/><W31/><G31/><T51/><D51/><U100/><E100/><V86/><F86/><W14/><G0/><T78/><D34/><U48/><E39/><V29/><F17/><W88/><G91/><T28/><D78/><U10/><E19/><V6/><F6/><W69/><G69/><T80/><D28/><U79/><E76/><V125/><F125/><W60/><G60/><T104/><D104/><U85/><E85/><AGARI ba="0,0" hai="9,14,15,16,18,20,62,64,71,81,82,85,88,92" machi="85" ten="30,5800,0" yaku="7,1,54,2" doraHai="119" who="3" fromWho="1" sc="159,0,435,-58,146,0,260,58" /><INIT seed="3,1,0,5,2,40" ten="159,377,146,318" oya="3" hai0="17,30,9,54,82,90,85,46,125,59,60,115,117" hai1="96,58,11,15,1,135,63,7,91,2,4,56,92" hai2="132,93,110,111,61,65,99,62,128,134,101,69,44" hai3="6,34,10,89,103,64,49,73,130,0,55,53,57"/><W33/><G130/><T94/><D117/><U16/><E135/><N who="2" m="51755" /><F128/><W39/><G39/><T50/><D125/><U71/><E71/><V41/><F61/><W95/><G73/><T97/><D115/><U87/><E56/><V38/><AGARI ba="1,0" hai="38,41,44,62,65,69,93,99,101,110,111" m="51755" machi="38" ten="30,2000,0" yaku="20,1,52,1" doraHai="40" who="2" fromWho="2" sc="159,-6,377,-6,146,23,318,-11" /><INIT seed="4,0,0,2,2,34" ten="153,371,169,307" oya="0" hai0="111,135,3,53,120,107,79,5,7,68,131,103,59" hai1="98,37,112,41,90,13,36,50,62,43,127,55,86" hai2="60,125,134,12,49,54,121,26,65,4,10,56,93" hai3="75,130,42,89,8,63,17,47,25,32,119,105,128"/><T118/><D118/><U80/><E127/><V33/><F125/><W108/><G105/><T35/><D120/><U51/><E112/><V95/><F134/><W24/><G75/><T124/><D131/><U6/><E37/><V110/><F110/><W21/><G108/><T114/><D124/><U29/><E29/><V46/><REACH who="2" step="1"/><F121/><REACH who="2" ten="153,371,159,307" step="2"/><W122/><G122/><T77/><D111/><U92/><E36/><V69/><F69/><W96/><G128/><T109/><D109/><U84/><E50/><V100/><F100/><W101/><G101/><T57/><D114/><U123/><E51/><V2/><F2/><W97/><G130/><T116/><D135/><U67/><E123/><V44/><F44/><W18/><G47/><T104/><D116/><U61/><E61/><V0/><F0/><W87/><G63/><T81/><D68/><U88/><E62/><V91/><F91/><W9/><G89/><T19/><D103/><U66/><E90/><V133/><F133/><W30/><G119/><T76/><D3/><U99/><E88/><V74/><F74/><W31/><G32/><T11/><D81/><U38/><E80/><V64/><F64/><W115/><G115/><T40/><D59/><U1/><E1/><V52/><F52/><W20/><G87/><T83/><D83/><U71/><E84/><V132/><F132/><W15/><G42/><T58/><D40/><U82/><E86/><V94/><F94/><W113/><G113/><T106/><D58/><U117/><E41/><V27/><F27/><W73/><G73/><T72/><D72/><U28/><E43/><RYUUKYOKU ba="0,1" sc="153,-15,371,-15,159,15,307,15" hai2="4,10,12,26,33,46,49,54,56,60,65,93,95" hai3="8,9,15,17,18,20,21,24,25,30,31,96,97" /><INIT seed="5,1,1,2,4,43" ten="138,356,174,322" oya="1" hai0="61,72,48,92,42,102,8,85,45,128,90,29,18" hai1="101,110,36,89,69,58,66,11,76,129,0,113,108" hai2="118,60,77,70,133,15,124,53,125,26,86,54,81" hai3="68,28,97,98,78,93,55,99,47,13,74,19,62"/><U109/><E113/><V10/><F118/><W63/><G28/><T120/><D72/><U32/><E129/><V126/><F133/><W84/><G74/><T44/><D128/><U103/><E32/><V17/><REACH who="2" step="1"/><F26/><REACH who="2" ten="138,356,164,322" step="2"/><W23/><G68/><T82/><D120/><U100/><E69/><V130/><F130/><W35/><G35/><T30/><D61/><U134/><E134/><V6/><F6/><W20/><G63/><T67/><D67/><AGARI ba="1,2" hai="10,15,17,53,54,60,67,70,77,81,86,124,125,126" machi="67" ten="40,2600,0" yaku="1,1,18,1,53,0" doraHai="43" doraHaiUra="116" who="2" fromWho="0" sc="138,-29,356,0,164,49,322,0" /><INIT seed="6,0,0,0,1,95" ten="109,356,213,322" oya="2" hai0="119,28,15,8,123,41,72,96,43,117,93,50,132" hai1="131,112,114,38,109,89,98,69,87,120,10,16,7" hai2="40,84,2,108,51,124,14,135,23,35,1,20,91" hai3="45,57,25,3,106,36,58,92,44,30,81,104,103"/><V48/><F35/><W128/><G3/><T77/><D123/><U107/><E109/><V9/><F124/><W97/><G128/><T70/><D70/><U118/><E118/><N who="0" m="45065" /><D28/><U33/><E131/><V49/><F135/><W113/><G113/><T127/><D132/><U100/><E120/><V65/><F108/><W46/><G36/><T37/><D37/><U101/><E69/><V32/><F32/><W42/><G42/><T19/><D127/><U105/><E38/><V129/><F129/><W134/><G134/><T110/><D110/><U121/><E33/><V80/><F40/><W76/><G106/><T53/><D77/><U82/><E16/><N who="2" m="8271" /><F1/><W86/><REACH who="3" step="1"/><G104/><REACH who="3" ten="109,356,213,312" step="2"/><T52/><D53/><U90/><E121/><V29/><F2/><W125/><G125/><T13/><D13/><U12/><E112/><V68/><F65/><W56/><G56/><N who="0" m="32791" /><D72/><U133/><E114/><V111/><F111/><W17/><G17/><T79/><D79/><U27/><E133/><V31/><F68/><W75/><G75/><T66/><D66/><U67/><E67/><V116/><F116/><W54/><G54/><T39/><D39/><U18/><E18/><V34/><F34/><AGARI ba="0,1" hai="25,30,34,44,45,46,57,58,76,81,86,92,97,103" machi="34" ten="40,2600,0" yaku="1,1,52,1,53,0" doraHai="95" doraHaiUra="71" who="3" fromWho="2" sc="109,0,356,0,213,-26,312,36" /><INIT seed="7,0,0,4,4,69" ten="109,356,187,348" oya="3" hai0="99,128,92,95,45,16,52,41,60,23,36,127,96" hai1="20,32,24,1,129,118,66,12,5,84,27,18,74" hai2="37,103,56,135,112,21,108,13,26,90,88,11,87" hai3="71,19,63,104,105,58,94,113,28,59,101,53,7"/><W64/><G113/><T30/><D128/><U29/><E74/><V85/><F108/><W49/><G7/><T77/><D127/><U119/><E129/><V40/><F40/><W54/><G28/><T44/><D30/><U8/><E66/><V79/><F37/><W55/><G19/><T70/><D77/><U17/><E84/><N who="2" m="32331" /><F103/><W134/><G134/><T115/><D115/><U68/><E68/><V117/><F117/><N who="1" m="44553" /><E24/><V121/><F79/><W42/><G42/><T0/><D0/><U82/><E82/><V39/><F39/><W93/><G55/><T72/><D72/><U133/><E18/><N who="2" m="12599" /><F121/><W73/><G73/><T131/><D131/><U51/><E51/><V47/><F112/><W80/><G80/><T109/><D109/><U14/><E1/><V116/><F116/><W91/><G101/><T106/><D106/><U43/><E43/><V114/><F114/><W86/><G94/><T124/><D124/><U107/><E107/><V81/><F47/><W31/><G31/><T2/><D2/><U34/><E133/><V78/><F81/><W120/><G120/><T125/><D125/><U57/><E34/><V33/><F33/><W123/><G123/><T102/><D70/><U25/><E25/><V15/><F78/><W35/><G35/><T67/><D67/><U111/><E111/><V122/><F135/><W98/><G86/><T38/><D60/><AGARI ba="0,0" hai="49,53,54,58,59,60,63,64,71,91,93,98,104,105" machi="60" ten="30,1500,0" yaku="7,1" doraHai="69" who="3" fromWho="0" sc="109,-15,356,0,187,0,348,15" owari="94,-41.0,356,16.0,187,-21.0,363,46.0" /></mjloggm>