<mjloggm ver="2.3"><GO type="97" lobby="0"/><UN n0="%E7%BD%AA%E3%81%AB%E3%81%AF%E7%BD%B0%E3%82%92" n1="%E3%83%88%E3%83%88%E3%83%AA%E5%85%88%E7%94%9F%31%39%E6%AD%B3" n2="%6E%69%6B%75%73%69%6F" n3="%EF%BC%A1%EF%BC%B3%EF%BC%A1%E9%96%A3%E4%B8%8B" dan="14,14,13,13" rate="1875.23,2018.92,1888.32,1862.89" sx="M,F,M,M"/><TAIKYOKU oya="0"/><INIT seed="0,0,0,1,5,62" ten="250,250,250,250" oya="0" hai0="18,66,7,95,40,119,96,72,81,29,28,14,32" hai1="63,107,26,57,24,27,21,127,110,2,12,3,39" hai2="98,92,116,4,23,5,111,131,125,108,79,113,67" hai3="17,106,101,104,80,54,31,6,10,33,133,83,11"/><T53/><D119/><U84/><E107/><V109/><F113/><W135/><G17/><T74/><D40/><U19/><E39/><V102/><F116/><W56/><G31/><T118/><D118/><U34/><E110/><V89/><F79/><W78/><G33/><T71/><D7/><U61/><E127/><V47/><F125/><W103/><G54/><T9/><D53/><U55/><E34/><V90/><F131/><W88/><G56/><T51/><D51/><U73/><E73/><V82/><F47/><W112/><G112/><T123/><D123/><U124/><E124/><V105/><F67/><W85/><G103/><T97/><D97/><U36/><E36/><V30/><F89/><W120/><G101/><T64/><D71/><U8/><E84/><V122/><F122/><W76/><G76/><T100/><D81/><U126/><E126/><V52/><F82/><W50/><G50/><T20/><D32/><U130/><E130/><V22/><F52/><W121/><G121/><T59/><D59/><U46/><E46/><V15/><F23/><W75/><G120/><T42/><D42/><U99/><E61/><V16/><F30/><N who="0" m="11882" /><D74/><U69/><E69/><V35/><REACH who="2" step="1"/><F35/><REACH who="2" ten="250,250,240,250" step="2"/><W43/><G78/><T68/><D72/><U129/><E129/><V1/><F1/><W70/><G75/><T25/><D68/><U115/><E115/><V37/><F37/><W60/><G43/><T94/><D94/><U38/><E38/><V13/><F13/><N who="3" m="5335" /><G80/><T128/><D128/><U65/><E55/><V77/><F77/><W41/><G83/><T134/><D64/><RYUUKYOKU ba="0,1" sc="250,-10,250,-10,240,30,250,-10" hai2="4,5,15,16,22,90,92,98,102,105,108,109,111" /><INIT seed="1,1,1,1,2,17" ten="240,240,270,240" oya="1" hai0="34,96,13,126,3,59,57,69,19,134,55,68,2" hai1="117,30,18,88,135,28,25,21,91,66,89,6,23" hai2="31,27,64,111,75,131,99,11,84,112,49,40,94" hai3="128,24,20,73,39,26,109,1,78,70,93,120,29"/><U52/><E117/><V104/><F111/><W7/><G70/><T113/><D113/><U51/><E135/><V83/><F112/><W105/><G105/><T8/><D134/><U45/><E6/><V62/><F131/><W4/><G39/><T5/><D34/><U22/><E66/><V60/><F75/><W129/><G120/><T97/><D126/><U38/><E38/><V44/><F104/><W41/><G41/><T86/><D86/><U87/><E87/><V114/><F114/><W107/><G107/><T14/><D68/><U132/><E132/><V130/><F130/><N who="3" m="50283" /><G1/><T102/><D69/><U46/><E46/><V122/><F122/><W33/><G109/><T35/><D35/><U98/><E98/><V121/><F121/><W10/><G93/><T54/><D19/><U37/><E37/><V106/><F11/><W82/><G10/><T133/><D8/><U92/><E92/><V67/><F106/><W77/><G77/><T95/><D133/><U124/><E124/><V32/><F64/><W80/><G80/><T100/><REACH who="0" step="1"/><D95/><REACH who="0" ten="230,240,270,240" step="2"/><U103/><E103/><V47/><F67/><W125/><G125/><T58/><D58/><U16/><E22/><V127/><F127/><W71/><G71/><T76/><D76/><U12/><AGARI ba="1,2" hai="12,16,18,21,23,25,28,30,45,51,52,88,89,91" machi="12" ten="30,18000,2" yaku="0,1,8,1,52,2,54,3" doraHai="17" who="1" fromWho="1" sc="230,-61,240,203,270,-61,240,-61" /><INIT seed="1,2,0,1,0,1" ten="169,443,209,179" oya="1" hai0="61,36,134,76,73,58,106,101,82,133,89,29,41" hai1="130,42,70,38,112,21,22,6,60,68,53,46,80" hai2="49,27,98,4,104,109,128,74,103,62,123,122,5" hai3="67,2,108,7,107,94,11,25,34,55,85,56,3"/><U66/><E112/><V69/><F74/><W117/><G107/><T95/><D29/><U71/><E130/><V43/><F128/><W114/><G114/><T96/><D41/><U24/><E80/><V10/><F109/><W78/><G108/><T33/><D36/><U23/><E53/><V93/><F5/><W63/><G117/><T97/><D33/><U48/><E48/><V116/><F116/><W83/><G94/><T39/><D39/><U115/><E115/><V54/><F43/><W99/><G99/><T81/><D61/><U75/><E75/><V20/><F104/><W64/><REACH who="3" step="1"/><G2/><REACH who="3" ten="169,443,209,169" step="2"/><T57/><D58/><U127/><E68/><V14/><F69/><W92/><G92/><T26/><D57/><U77/><E71/><V129/><F129/><W120/><G120/><T13/><D26/><U124/><E24/><V121/><F121/><W9/><G9/><T16/><REACH who="0" step="1"/><D82/><REACH who="0" ten="159,443,209,169" step="2"/><U35/><E70/><V91/><F123/><W118/><G118/><T100/><D100/><U50/><E46/><V0/><F122/><W17/><G17/><T30/><D30/><AGARI ba="2,2" hai="3,7,11,25,30,34,55,56,63,64,67,78,83,85" machi="30" ten="40,5200,0" yaku="1,1,52,1,53,1" doraHai="1" doraHaiUra="79" who="3" fromWho="0" sc="159,-58,443,0,209,0,169,78" /><INIT seed="2,0,0,4,3,28" ten="101,443,209,247" oya="2" hai0="60,101,9,116,85,99,11,132,79,86,65,109,81" hai1="75,67,96,42,73,66,131,83,37,93,22,122,92" hai2="78,48,55,8,89,106,51,34,36,95,98,45,18" hai3="29,57,82,13,33,16,32,127,91,134,69,47,31"/><V88/><F34/><W97/><G69/><T72/><D109/><U100/><E131/><V43/><F106/><W7/><G7/><T120/><D120/><U121/><E37/><V27/><F78/><W90/><G57/><T1/><D132/><U74/><E42/><V63/><F63/><W111/><G111/><T108/><D108/><U12/><E83/><V24/><F48/><W21/><G134/><T0/><D116/><U5/><E93/><V52/><F89/><W68/><G68/><T125/><D125/><U62/><E62/><V107/><F107/><W103/><G127/><T19/><D19/><N who="1" m="10599" /><E5/><V115/><F115/><W70/><G70/><T129/><D129/><U114/><E114/><V135/><F135/><W10/><G10/><T102/><D79/><U124/><E124/><V71/><F71/><W105/><G47/><T25/><D81/><U77/><E77/><V3/><F3/><W50/><G82/><T23/><D72/><U38/><E38/><V35/><F35/><W59/><G32/><T54/><D54/><N who="2" m="20522" /><F36/><W58/><G33/><T87/><D99/><U39/><E39/><V84/><F98/><W76/><G76/><T15/><D15/><AGARI ba="0,0" hai="8,15,18,24,27,43,45,51,84,88,95" m="20522" machi="15" ten="30,5800,0" yaku="8,1,54,2" doraHai="28" who="2" fromWho="0" sc="101,-58,443,0,209,58,247,0" /><INIT seed="2,1,0,3,5,88" ten="43,443,267,247" oya="2" hai0="81,102,91,40,18,109,76,0,7,121,10,22,26" hai1="5,115,54,15,72,2,58,73,25,29,43,42,30" hai2="68,120,98,131,126,105,129,123,21,92,63,94,108" hai3="8,52,93,113,100,130,56,133,51,14,44,118,122"/><V106/><F68/><W77/><G122/><T111/><D121/><N who="2" m="46666" /><F63/><N who="3" m="36231" /><G118/><T55/><D40/><U66/><E43/><V83/><F21/><W90/><G130/><N who="2" m="49673" /><F108/><W132/><G77/><T112/><D55/><U79/><E54/><V4/><F126/><W67/><G67/><T24/><D102/><U96/><E42/><V110/><F4/><N who="3" m="3335" /><G100/><T62/><D62/><U107/><E5/><V60/><F60/><W31/><G31/><T37/><D37/><U69/><E30/><V128/><N who="2" m="49681" /><V61/><DORA hai="47" /><F61/><W127/><G127/><T23/><D91/><U19/><E29/><V78/><F110/><N who="0" m="41994" /><D81/><U86/><E66/><V28/><F28/><W27/><G27/><N who="0" m="10283" /><D76/><U119/><E79/><V70/><F70/><W13/><G13/><N who="0" m="9551" /><D23/><U20/><E20/><V135/><F135/><W39/><G133/><T103/><D112/><U46/><E115/><V75/><F94/><W85/><G113/><T65/><D103/><AGARI ba="1,0" hai="75,78,83,92,98,103,105,106" m="49681,46666" machi="103" ten="40,12000,1" yaku="19,1,34,2,52,1" doraHai="88,47" who="2" fromWho="0" sc="43,-123,443,0,267,123,247,0" owari="-80,-58.0,443,54.0,390,19.0,247,-15.0" /></mjloggm>