<mjloggm ver="2.3"><GO type="97" lobby="0"/><UN n0="%41%55%2D%CE%B1%36%30%37" n1="%E6%AF%98%E6%B2%99%E9%96%80%EF%BC%92%EF%BC%91" n2="%72%79%75%2D%74%61%6E" n3="%E5%B0%B1%E6%B4%BB%E7%94%9F%40%E5%B7%9D%E6%9D%91%E8%BB%8D%E5%9B%A3" dan="14,15,14,14" rate="1955.71,2084.46,1880.47,1971.33" sx="M,M,M,M"/><TAIKYOKU oya="0"/><INIT seed="0,0,0,3,2,96" ten="250,250,250,250" oya="0" hai0="4,18,51,37,111,81,29,63,45,90,122,65,107" hai1="94,28,34,95,130,20,91,116,62,131,132,43,77" hai2="71,118,97,88,134,14,0,115,101,27,84,22,5" hai3="87,36,121,21,55,59,8,41,10,125,31,105,120"/><T117/><D117/><U42/><E34/><V56/><F118/><W52/><G125/><T60/><D122/><N who="3" m="47209" /><G105/><T92/><D107/><U99/><E116/><V58/><F115/><W2/><G2/><T123/><D123/><U26/><E77/><V47/><F134/><W113/><G113/><T6/><D37/><U44/><E132/><V103/><F71/><W48/><G55/><T13/><D29/><U32/><E32/><V46/><F0/><W17/><G31/><T80/><D111/><U25/><E25/><V119/><F119/><W73/><G73/><T23/><D63/><U98/><E62/><V135/><F135/><W68/><G68/><T86/><D81/><U49/><REACH who="1" step="1"/><E43/><REACH who="1" ten="250,240,250,250" step="2"/><V76/><F76/><W57/><G41/><N who="0" m="25007" /><D60/><U82/><E82/><N who="2" m="49175" /><F97/><W30/><G30/><T104/><D104/><U129/><E129/><V19/><F47/><W24/><G59/><N who="2" m="22569" /><F46/><W110/><G110/><T3/><D65/><U39/><E39/><V78/><F78/><W64/><G64/><T33/><D33/><U69/><E69/><V40/><F40/><W128/><G128/><T108/><D108/><U1/><E1/><V54/><F54/><W100/><G36/><T114/><D114/><U11/><E11/><AGARI ba="0,1" hai="5,11,14,19,22,27,101,103" m="22569,49175" machi="11" ten="30,7700,0" yaku="8,1,52,2,54,1" doraHai="96" who="2" fromWho="1" sc="250,0,240,-77,250,87,250,0" /><INIT seed="1,0,0,3,5,110" ten="250,163,337,250" oya="1" hai0="48,43,93,62,57,59,112,113,72,69,3,116,21" hai1="128,129,73,4,24,51,106,35,101,16,91,12,118" hai2="96,18,46,127,64,70,131,90,122,88,33,77,94" hai3="20,82,42,126,130,65,92,97,63,80,99,22,34"/><U104/><E118/><V120/><F33/><W53/><G34/><T47/><D116/><U6/><E73/><V60/><F127/><W89/><G126/><T50/><D3/><U11/><E51/><V84/><F131/><N who="1" m="50249" /><E91/><V8/><F77/><W74/><G130/><T133/><D72/><U87/><E87/><V13/><REACH who="2" step="1"/><F46/><REACH who="2" ten="250,163,327,250" step="2"/><W119/><G119/><T107/><D47/><U38/><E38/><V49/><F49/><W54/><G74/><T66/><D48/><U134/><E134/><V115/><F115/><W109/><G109/><T1/><D133/><U52/><E35/><V75/><F75/><W67/><G63/><T111/><D111/><U30/><E104/><V37/><F37/><W79/><G79/><T31/><D107/><U28/><E28/><V19/><F19/><W83/><G42/><T103/><D43/><U100/><E106/><V17/><F17/><W71/><G71/><T27/><D69/><U55/><E30/><V5/><F5/><N who="1" m="2153" /><E24/><V36/><F36/><W25/><G25/><T86/><D113/><U39/><E39/><V58/><F58/><W61/><G61/><T78/><D112/><U7/><N who="1" m="2161" /><U68/><DORA hai="41" /><E68/><V26/><F26/><W102/><G102/><AGARI ba="0,1" hai="11,12,16,52,55,100,101,102" m="2161,50249" machi="102" ten="40,7700,0" yaku="19,1,54,2" doraHai="110,41" who="1" fromWho="3" sc="250,0,163,87,327,0,250,-77" /><INIT seed="1,1,0,3,4,49" ten="250,250,327,173" oya="1" hai0="92,5,104,26,42,73,10,22,30,96,105,76,100" hai1="0,107,4,112,44,90,132,70,2,38,80,79,39" hai2="72,54,124,111,91,125,122,69,68,119,95,120,37" hai3="32,33,17,97,75,63,34,14,74,60,135,58,41"/><U3/><E112/><V31/><F119/><W1/><G1/><T94/><D94/><U106/><E90/><V20/><F72/><W131/><G135/><T87/><D42/><U46/><E132/><V61/><F37/><W51/><G131/><T57/><D57/><U78/><E70/><V12/><F111/><W113/><G113/><T53/><D105/><U16/><E4/><V88/><F91/><W55/><G41/><T13/><D104/><U108/><E108/><V101/><F101/><W114/><G114/><T81/><D73/><U21/><E80/><V99/><F12/><W84/><G84/><T15/><D15/><U66/><E66/><V47/><F20/><W128/><G128/><T56/><D56/><U123/><E123/><V65/><F31/><W40/><G97/><T83/><D83/><U27/><E79/><V35/><F35/><W64/><G40/><T7/><D7/><U134/><E134/><V29/><F29/><W6/><G6/><T36/><D36/><N who="1" m="13867" /><E78/><V11/><F11/><W43/><G43/><T71/><D71/><U130/><E130/><V18/><F18/><W50/><G74/><T67/><D67/><U86/><E86/><V59/><F47/><W103/><G103/><T28/><D28/><U127/><E127/><N who="2" m="48715" /><F68/><W116/><G75/><T25/><D25/><U77/><E77/><V133/><F133/><W85/><G85/><T24/><D24/><U109/><E109/><V52/><F69/><N who="3" m="42119" /><G116/><T48/><D48/><U118/><E118/><V8/><F8/><N who="3" m="6343" /><G51/><T129/><D129/><U23/><E23/><V110/><F110/><RYUUKYOKU ba="1,0" sc="250,0,250,0,327,0,173,0" hai0="5,10,13,22,26,30,53,76,81,87,92,96,100" hai1="0,2,3,16,21,27,44,46,106,107" hai2="52,54,59,61,65,88,95,99,120,122" hai3="32,33,34,50,55,58,63" /><INIT seed="1,2,0,1,5,88" ten="250,250,327,173" oya="1" hai0="29,13,129,89,39,104,61,94,36,91,30,73,85" hai1="126,33,110,60,20,121,118,18,7,42,87,38,119" hai2="40,86,75,117,45,106,77,67,66,32,123,34,111" hai3="4,31,132,46,27,62,63,3,28,109,15,100,10"/><U23/><E121/><V5/><F117/><W24/><G100/><T134/><D104/><U98/><E33/><V130/><F123/><W0/><G46/><T74/><D134/><U53/><E7/><V65/><F111/><W90/><G90/><T82/><D129/><U127/><E110/><V97/><F130/><W41/><G41/><T17/><D61/><U115/><E115/><V80/><F5/><W68/><G68/><T64/><D64/><U11/><E87/><V54/><F54/><W96/><G96/><T9/><D39/><U99/><E11/><V26/><F26/><N who="3" m="9771" /><G63/><T131/><D131/><U72/><E72/><V92/><F106/><W102/><G62/><T59/><D59/><N who="1" m="34927" /><E98/><V93/><F93/><W69/><G69/><T56/><D56/><U79/><E99/><V120/><F120/><W12/><G102/><T83/><D36/><U57/><E57/><V122/><F122/><W55/><G55/><T78/><D74/><U133/><E79/><V47/><F75/><W114/><G114/><T35/><D35/><U116/><E133/><V71/><F71/><W58/><G58/><T2/><D2/><N who="3" m="553" /><G109/><T50/><D50/><U125/><E42/><V48/><REACH who="2" step="1"/><F47/><REACH who="2" ten="250,250,317,173" step="2"/><W6/><G132/><T1/><D1/><U8/><E38/><V70/><F70/><W43/><G43/><T128/><D128/><U103/><E118/><V81/><F81/><W25/><G25/><T105/><D105/><U95/><E116/><V101/><AGARI ba="2,1" hai="32,34,40,45,48,65,66,67,77,80,86,92,97,101" machi="101" ten="30,4000,0" yaku="1,1,0,1,52,1,53,0" doraHai="88" doraHaiUra="112" who="2" fromWho="2" sc="250,-12,250,-22,317,56,173,-12" /><INIT seed="2,0,0,0,0,33" ten="238,228,373,161" oya="2" hai0="19,113,16,110,76,10,44,6,39,30,122,98,106" hai1="118,15,46,104,107,115,61,0,17,117,67,36,119" hai2="134,60,73,121,28,97,1,65,132,22,105,55,48" hai3="92,120,23,66,78,75,3,101,56,109,129,84,68"/><V130/><F121/><W91/><G120/><T83/><D122/><U50/><E115/><V124/><F73/><W81/><G129/><T59/><D113/><U58/><E36/><V88/><F130/><W127/><G109/><T2/><D30/><U40/><REACH who="1" step="1"/><E0/><REACH who="1" ten="238,218,373,161" step="2"/><V24/><F1/><W4/><G127/><T90/><D110/><U126/><E126/><V9/><F124/><W45/><G3/><T43/><D59/><U37/><E37/><V112/><F112/><W62/><G4/><T35/><D35/><U20/><AGARI ba="0,1" hai="15,17,20,40,46,50,58,61,67,104,107,117,118,119" machi="20" ten="30,2000,0" yaku="1,1,0,1,53,0" doraHai="33" doraHaiUra="34" who="1" fromWho="1" sc="238,-5,218,30,373,-10,161,-5" /><INIT seed="3,0,0,3,2,42" ten="233,248,363,156" oya="3" hai0="82,11,31,55,70,8,2,72,65,78,37,15,17" hai1="121,7,38,96,87,43,13,85,5,56,12,48,21" hai2="79,45,90,39,100,131,76,28,3,68,83,129,36" hai3="109,57,23,125,24,19,105,49,93,135,73,46,26"/><W123/><G105/><T75/><D75/><U62/><E121/><V91/><F68/><W20/><G123/><T14/><D2/><U115/><E38/><V120/><F120/><W61/><G73/><T54/><D37/><U10/><E115/><V126/><F126/><W22/><G125/><T104/><D104/><U41/><E96/><V47/><F3/><W25/><G135/><T66/><D31/><U32/><E32/><V128/><F100/><W64/><G109/><T98/><D98/><U50/><E21/><V59/><F59/><W94/><REACH who="3" step="1"/><G19/><REACH who="3" ten="233,248,363,146" step="2"/><T117/><D117/><U101/><E5/><V40/><F129/><W132/><G132/><T16/><D70/><U80/><E7/><V112/><F131/><W133/><G133/><T53/><AGARI ba="0,1" hai="8,11,14,15,16,17,53,54,55,65,66,72,78,82" machi="53" ten="30,4000,0" yaku="0,1,9,1,54,1" doraHai="42" who="0" fromWho="0" sc="233,50,248,-10,363,-10,146,-20" owari="283,8.0,238,-16.0,353,45.0,126,-37.0" /></mjloggm>