<mjloggm ver="2.3"><GO type="169" lobby="0"/><UN n0="%41%6B%6B%69%79" n1="%E8%A3%8F%E6%8A%95%E3%81%92%E4%B8%80%E6%9C%AC" n2="%E3%82%89%E3%81%84%E3%81%B5%E3%81%8C%E3%83%BC%E3%81%A9%E3%81%99%E3%81%8D" n3="%E3%83%88%E3%83%88%E3%83%AA%E5%85%88%E7%94%9F%31%39%E6%AD%B3" dan="16,16,17,18" rate="2064.67,2108.24,2141.28,2252.84" sx="M,M,M,F"/><TAIKYOKU oya="0"/><INIT seed="0,0,0,2,0,20" ten="250,250,250,250" oya="0" hai0="123,95,15,63,41,91,118,112,58,66,24,19,80" hai1="103,70,129,92,111,93,90,64,134,11,53,86,83" hai2="50,79,26,55,48,47,14,6,2,34,62,7,52" hai3="105,100,89,68,71,40,84,110,73,17,133,57,131"/><T78/><D118/><U4/><E111/><V98/><F2/><W0/><G73/><T61/><D112/><U108/><E108/><V51/><F79/><W96/><G110/><T45/><D63/><U3/><E70/><V37/><F98/><W97/><G0/><T75/><D123/><U13/><E64/><V60/><F37/><W127/><G131/><T39/><D24/><U99/><E129/><V23/><F34/><W43/><G133/><T31/><D31/><U104/><E134/><V22/><F50/><W29/><G127/><T122/><D122/><U117/><E117/><V38/><F38/><W101/><G29/><T69/><D69/><U85/><E93/><V94/><F94/><W28/><G68/><T35/><D35/><U120/><E120/><V115/><F115/><W81/><G71/><T113/><D113/><U121/><E121/><V119/><F119/><W8/><G28/><T25/><D25/><U76/><E53/><V56/><F14/><W49/><G17/><T32/><D32/><U116/><E116/><V30/><F23/><W59/><G8/><T102/><D102/><U54/><E54/><V126/><F126/><W128/><G128/><T1/><D1/><U33/><E33/><V18/><F18/><W130/><G130/><T74/><D74/><N who="1" m="43415" /><E3/><V27/><REACH who="2" step="1"/><F26/><REACH who="2" ten="250,250,240,250" step="2"/><W82/><G82/><T88/><D95/><U42/><E13/><V132/><F132/><W72/><G49/><T9/><AGARI ba="0,1" hai="9,15,19,39,41,45,58,61,66,75,78,80,88,91" machi="9" ten="20,3900,0" yaku="0,1,7,1,54,1" doraHai="20" who="0" fromWho="0" sc="250,49,250,-13,240,-13,250,-13" /><INIT seed="0,1,0,0,2,36" ten="299,237,227,237" oya="0" hai0="30,19,46,126,51,135,61,21,63,64,29,10,18" hai1="77,8,131,14,121,70,122,88,24,11,62,134,96" hai2="52,56,1,95,106,98,49,104,12,15,118,4,0" hai3="101,16,116,25,38,102,26,31,114,34,35,28,78"/><T37/><D37/><U69/><E77/><V2/><F118/><W108/><G116/><T68/><D135/><U54/><E24/><V57/><F57/><W82/><G114/><T85/><D63/><U129/><E134/><V60/><F49/><W22/><G38/><T76/><D126/><U94/><E54/><V23/><F12/><W44/><G44/><T9/><D9/><N who="1" m="3659" /><E14/><V32/><F32/><W67/><G108/><T115/><D115/><U13/><E13/><V132/><F132/><W92/><G92/><T86/><D18/><U87/><E87/><V90/><REACH who="2" step="1"/><F4/><REACH who="2" ten="299,237,217,237" step="2"/><W50/><G50/><T91/><D68/><U27/><E70/><V33/><F33/><W53/><G35/><T73/><D10/><U40/><E69/><V17/><AGARI ba="1,1" hai="0,1,2,15,17,23,52,56,60,90,95,98,104,106" machi="17" ten="40,5200,0" yaku="1,1,0,1,54,1,53,0" doraHai="36" doraHaiUra="105" who="2" fromWho="2" sc="299,-27,237,-14,217,65,237,-14" /><INIT seed="1,0,0,3,3,11" ten="272,223,282,223" oya="1" hai0="122,49,83,52,125,105,36,47,70,132,28,67,123" hai1="5,98,68,58,66,106,42,53,60,73,86,24,33" hai2="0,89,81,126,61,25,117,100,43,50,69,21,30" hai3="84,129,44,41,65,40,27,108,64,17,51,74,55"/><U102/><E73/><V96/><F117/><W134/><G74/><T4/><D105/><U10/><E42/><V120/><F120/><N who="0" m="46122" /><D28/><N who="1" m="19591" /><E86/><V75/><F0/><W13/><G108/><T20/><D20/><U92/><E92/><V110/><F110/><W1/><G1/><T8/><D83/><U56/><E53/><V57/><F69/><W62/><G129/><T131/><D131/><U104/><E104/><V32/><F32/><W23/><G134/><T133/><D36/><U63/><E63/><V82/><F89/><W90/><G27/><T59/><D125/><U103/><E103/><V19/><F75/><W130/><G130/><T14/><D70/><U72/><E72/><V94/><F19/><W95/><REACH who="3" step="1"/><G65/><REACH who="3" ten="272,223,282,213" step="2"/><T112/><D112/><U22/><E22/><V135/><F21/><W79/><G79/><T80/><D80/><U128/><E128/><V37/><F82/><W121/><G121/><T15/><D67/><U91/><E91/><V77/><F81/><W114/><G114/><T97/><D132/><U78/><E78/><V35/><F135/><W99/><G99/><T119/><D133/><U2/><AGARI ba="0,1" hai="2,5,10,56,58,60,66,68,98,102,106" m="19591" machi="2" ten="30,1500,0" yaku="25,1" doraHai="11" who="1" fromWho="1" sc="272,-5,223,25,282,-5,213,-5" /><INIT seed="1,1,0,2,5,24" ten="267,248,277,208" oya="1" hai0="43,91,12,130,41,16,20,69,39,48,63,32,129" hai1="23,115,67,30,35,98,0,47,1,96,135,57,125" hai2="19,120,44,134,104,75,122,36,64,107,128,99,38" hai3="127,126,33,56,52,14,17,66,82,105,62,42,102"/><U103/><E115/><V118/><F99/><N who="3" m="61663" /><G42/><T26/><D39/><U27/><E135/><V46/><F64/><W9/><G33/><T88/><D69/><U78/><E78/><V37/><F19/><W85/><G85/><T60/><D43/><U124/><E47/><N who="2" m="17963" /><F118/><W22/><G82/><T25/><D48/><U76/><E76/><V21/><F21/><W34/><G34/><T73/><D26/><U101/><E98/><V117/><F117/><W109/><G109/><T2/><D41/><U8/><E35/><V54/><F54/><W61/><G22/><T100/><D100/><U45/><E45/><V13/><F13/><W131/><G131/><N who="0" m="50187" /><D2/><U18/><E18/><V84/><F128/><W112/><G112/><T89/><D73/><U50/><E8/><V58/><F75/><W79/><G61/><T74/><D74/><U59/><E59/><V6/><F58/><W53/><G79/><T123/><D123/><U83/><E83/><V111/><F111/><W55/><G66/><T97/><D97/><U65/><E67/><V70/><F122/><W77/><G77/><T114/><D114/><U5/><E5/><V49/><F6/><W121/><G121/><T106/><D106/><N who="1" m="63783" /><E103/><V40/><F120/><W87/><G62/><T10/><D32/><U31/><E65/><V71/><F107/><W133/><G56/><T95/><D95/><U51/><E57/><V92/><F104/><W94/><G133/><T119/><D119/><U80/><E0/><V86/><F134/><W110/><G110/><T3/><D3/><U132/><E1/><V68/><F92/><RYUUKYOKU ba="1,0" sc="267,10,248,-30,277,10,208,10" hai0="10,12,16,20,25,60,63,88,89,91" hai2="36,37,38,40,49,68,70,71,84,86" hai3="9,14,17,52,53,55,87,94,126,127" /><INIT seed="2,2,0,5,3,73" ten="277,218,287,218" oya="2" hai0="53,2,115,13,25,83,0,65,22,32,118,84,14" hai1="87,21,90,121,126,96,114,131,6,51,57,58,49" hai2="74,107,64,123,101,120,42,127,59,60,69,100,91" hai3="79,82,135,27,11,41,33,117,103,56,8,7,105"/><V5/><F127/><W109/><G117/><T15/><D65/><U111/><E111/><V10/><F42/><W94/><G105/><T92/><D115/><U43/><E114/><V50/><F74/><W93/><G109/><T77/><D32/><U47/><E6/><V34/><F101/><W86/><G135/><T17/><D118/><U98/><E126/><V12/><F91/><W113/><G113/><T9/><D9/><U24/><E131/><V99/><REACH who="2" step="1"/><F34/><REACH who="2" ten="277,218,277,218" step="2"/><W102/><G102/><T26/><D92/><U67/><E90/><V88/><F88/><W112/><G112/><T31/><D53/><AGARI ba="2,1" hai="5,10,12,50,53,59,60,64,69,99,100,107,120,123" machi="53" ten="40,2000,0" yaku="1,1,53,0" doraHai="73" doraHaiUra="75" who="2" fromWho="0" sc="277,-26,218,0,277,36,218,0" /><INIT seed="2,3,0,1,2,3" ten="251,218,313,218" oya="2" hai0="119,72,110,62,28,55,89,114,111,29,125,103,128" hai1="33,117,115,15,126,73,63,95,22,35,54,124,86" hai2="51,16,8,76,87,61,130,120,48,7,112,50,121" hai3="23,64,99,65,68,43,134,32,109,135,85,74,46"/><V37/><F112/><W12/><G74/><T102/><D72/><U58/><E115/><V19/><F130/><W98/><G32/><T133/><D114/><U84/><E73/><V69/><F37/><W67/><G109/><T38/><D38/><U104/><E104/><V113/><F113/><W66/><G85/><T31/><D128/><U96/><E117/><V0/><F69/><W14/><G68/><T49/><D125/><N who="1" m="48235" /><E35/><V40/><F40/><W93/><N who="3" m="16384" /><DORA hai="60" /><W118/><G118/><T13/><D62/><U57/><E33/><V106/><F61/><W6/><G23/><T70/><D133/><N who="3" m="50697" /><G6/><T41/><D70/><U75/><E75/><V78/><F87/><W25/><G25/><T27/><D27/><U90/><E58/><V101/><F121/><W1/><G1/><T123/><D119/><U105/><E105/><V30/><F120/><W24/><G24/><T107/><D123/><U17/><AGARI ba="3,0" hai="15,17,22,54,57,63,84,86,90,95,96" m="48235" machi="17" ten="30,1100,0" yaku="18,1" doraHai="3,60" who="1" fromWho="1" sc="251,-6,218,20,313,-8,218,-6" /><INIT seed="3,0,0,4,3,113" ten="245,238,305,212" oya="3" hai0="116,40,42,90,97,77,82,35,29,128,99,30,73" hai1="32,114,56,43,3,7,39,23,88,55,58,13,96" hai2="34,9,60,125,36,112,98,53,72,93,19,79,63" hai3="52,68,17,54,8,50,75,100,86,41,121,65,131"/><W49/><G121/><T117/><D128/><U11/><E114/><V28/><F36/><W109/><G75/><T12/><D35/><U92/><E32/><V26/><F112/><W31/><G131/><T105/><D30/><U83/><E39/><V108/><F108/><W78/><G109/><T74/><D29/><U20/><E43/><V27/><F125/><W111/><G111/><T69/><D69/><U95/><E83/><V45/><F79/><W24/><G100/><T66/><D66/><U21/><E3/><V107/><F107/><W57/><G41/><T33/><D33/><U25/><E95/><V102/><F72/><W47/><G68/><T4/><D12/><U62/><REACH who="1" step="1"/><E58/><REACH who="1" ten="245,228,305,212" step="2"/><V104/><F93/><W134/><G57/><T80/><D105/><U61/><E61/><V1/><F63/><W71/><G71/><T76/><D90/><U119/><E119/><V101/><F60/><W106/><G106/><T44/><D44/><U84/><E84/><V6/><F45/><W0/><G0/><T133/><D133/><U126/><E126/><V103/><F104/><W130/><G134/><T64/><D64/><U127/><E127/><V48/><F34/><N who="3" m="20839" /><G65/><T89/><D89/><U2/><E2/><V22/><F1/><W51/><G130/><T87/><D87/><U70/><E70/><V120/><F98/><W81/><G47/><T38/><D38/><U91/><E91/><V110/><F110/><W85/><G85/><T122/><D122/><U59/><E59/><V14/><F120/><W115/><G115/><T124/><D124/><U135/><E135/><RYUUKYOKU ba="0,1" sc="245,10,228,10,305,-30,212,10" hai0="4,40,42,73,74,76,77,80,82,97,99,116,117" hai1="7,11,13,20,21,23,25,55,56,62,88,92,96" hai3="8,17,49,50,51,52,54,78,81,86" /><INIT seed="3,1,1,5,2,16" ten="255,238,275,222" oya="3" hai0="76,64,116,79,62,104,27,0,81,13,128,100,130" hai1="74,108,37,17,78,89,88,132,18,127,67,115,14" hai2="83,43,22,91,124,71,99,60,10,40,134,72,106" hai3="113,102,119,123,68,61,129,6,26,36,85,25,23"/><W94/><G113/><T120/><D120/><U33/><E108/><V96/><F10/><W131/><G119/><T112/><D0/><U126/><E115/><V42/><F134/><W58/><G123/><T65/><D116/><U103/><E33/><V7/><F124/><N who="1" m="47657" /><E103/><V38/><F38/><W121/><G121/><T110/><D110/><U20/><E37/><V118/><F118/><W12/><G68/><T52/><D112/><U46/><E46/><V1/><F7/><W49/><G49/><T75/><D79/><U109/><E109/><V39/><F1/><W70/><G70/><T135/><D135/><U97/><E132/><V92/><F39/><W55/><G36/><T59/><D13/><N who="1" m="9263" /><E97/><V105/><F99/><N who="3" m="59767" /><G131/><N who="0" m="50219" /><D100/><U3/><E3/><V84/><F96/><W69/><G69/><T66/><D104/><U63/><E78/><V24/><F106/><W15/><G129/><T28/><D66/><U19/><E74/><V45/><F105/><W11/><G12/><T29/><D29/><U35/><E35/><AGARI ba="1,1" hai="27,28,35,52,59,62,64,65,75,76,81" m="50219" machi="35" ten="30,2000,0" yaku="19,1,54,1" doraHai="16" who="0" fromWho="1" sc="255,33,238,-23,275,0,222,0" /><INIT seed="4,0,0,0,0,132" ten="288,215,275,222" oya="0" hai0="108,50,97,90,61,28,68,37,95,74,39,76,63" hai1="94,119,133,32,41,16,11,91,62,19,121,15,127" hai2="45,64,49,106,122,130,5,51,123,10,66,83,110" hai3="126,0,2,129,81,72,52,85,21,30,56,60,47"/><T86/><D74/><U42/><E119/><V125/><F110/><W71/><G72/><T59/><D68/><U115/><E121/><V33/><F33/><W75/><G75/><T35/><D63/><U22/><E32/><V24/><F24/><W18/><G129/><T4/><D108/><U9/><E133/><V102/><F130/><W120/><G120/><T101/><D76/><U77/><E77/><V124/><F83/><W27/><G126/><N who="2" m="48745" /><F102/><W128/><G71/><T25/><D50/><N who="2" m="18954" /><F106/><W26/><G47/><T113/><D4/><U36/><E36/><V8/><F45/><W109/><G128/><T55/><D113/><U13/><E127/><V105/><F105/><AGARI ba="0,0" hai="25,28,35,37,39,55,59,61,86,90,95,97,101,105" machi="105" ten="30,1500,0" yaku="7,1" doraHai="132" who="0" fromWho="2" sc="288,15,215,0,275,-15,222,0" /><INIT seed="4,1,0,4,2,18" ten="303,215,260,222" oya="0" hai0="29,61,88,49,90,6,108,16,77,82,124,131,130" hai1="24,132,53,36,96,3,91,0,13,78,121,120,39" hai2="46,75,33,92,30,28,116,66,84,125,105,119,22" hai3="101,67,57,128,129,40,1,87,56,86,55,10,31"/><T122/><D122/><U123/><E78/><V112/><F105/><W109/><G109/><T14/><D6/><U127/><E127/><V12/><F84/><W126/><G126/><T51/><D29/><U27/><E13/><V111/><F75/><W32/><G40/><T19/><D61/><U2/><E53/><V68/><F111/><W41/><G41/><T26/><D26/><U38/><E132/><V106/><F106/><W99/><G67/><T21/><D19/><U7/><E7/><V102/><F33/><W70/><G70/><T107/><D107/><U44/><E44/><V50/><F125/><W35/><G57/><T63/><D63/><U103/><E91/><N who="0" m="34857" /><D108/><U80/><E80/><V117/><F30/><W110/><G110/><T113/><D113/><U60/><REACH who="1" step="1"/><E60/><REACH who="1" ten="303,205,260,222" step="2"/><N who="2" m="40007" /><F116/><W8/><G128/><N who="0" m="49195" /><D124/><U9/><E9/><V17/><F119/><W59/><G10/><T85/><AGARI ba="1,1" hai="14,16,21,49,51,77,82,85" m="49195,34857" machi="85" ten="30,11700,0" yaku="19,1,52,1,54,2" doraHai="18" who="0" fromWho="0" sc="303,130,205,-40,260,-40,222,-40" /><INIT seed="4,2,0,1,5,69" ten="433,165,220,182" oya="0" hai0="95,32,88,127,58,40,113,75,7,110,35,38,16" hai1="82,87,45,93,130,67,101,55,30,9,11,97,64" hai2="4,27,34,96,112,50,49,123,116,92,111,71,121" hai3="108,60,15,23,72,105,107,77,54,114,24,74,29"/><T135/><D7/><U132/><E130/><V90/><F111/><W106/><G108/><T12/><D75/><U86/><E132/><V122/><F112/><W56/><G114/><T14/><D127/><U37/><E30/><V18/><F71/><W33/><G77/><T17/><D135/><U119/><E119/><V84/><F116/><W91/><G91/><T20/><D113/><U109/><E109/><V21/><F34/><W117/><G117/><T8/><D110/><U124/><E124/><V28/><F4/><W79/><G79/><T36/><D40/><U42/><E55/><V0/><F0/><W43/><G15/><T57/><D35/><U26/><E26/><V25/><F25/><W59/><G33/><T70/><D70/><U129/><E129/><V120/><N who="2" m="30720" /><DORA hai="51" /><V89/><REACH who="2" step="1"/><F28/><REACH who="2" ten="433,165,210,182" step="2"/><W52/><REACH who="3" step="1"/><G43/><REACH who="3" ten="433,165,210,172" step="2"/><T22/><D32/><U66/><REACH who="1" step="1"/><E87/><REACH who="1" ten="433,155,210,172" step="2"/><V19/><F19/><W61/><AGARI ba="2,3" hai="23,24,29,52,54,56,59,60,61,72,74,105,106,107" machi="61" ten="30,12000,2" yaku="1,1,2,1,0,1,9,1,52,2,54,1,53,0" doraHai="69,51" doraHaiUra="68,98" who="3" fromWho="3" sc="433,-62,155,-32,210,-32,172,156" /><INIT seed="5,0,0,3,2,104" ten="371,123,178,328" oya="1" hai0="86,99,101,68,27,31,72,88,37,97,0,10,19" hai1="116,13,108,114,121,133,12,71,106,42,35,119,50" hai2="48,30,36,109,49,40,15,134,84,103,82,6,64" hai3="57,32,44,58,69,67,70,91,111,83,56,120,79"/><U129/><RYUUKYOKU type="yao9" ba="0,0" sc="371,0,123,0,178,0,328,0" hai1="12,13,35,42,50,71,106,108,114,116,119,121,129,133" /><INIT seed="5,1,0,0,0,18" ten="371,123,178,328" oya="1" hai0="130,128,28,101,68,15,50,41,113,55,6,103,72" hai1="85,38,120,48,70,87,97,35,0,93,112,126,23" hai2="13,98,117,122,89,27,12,94,17,105,83,47,54" hai3="133,73,42,7,109,61,58,10,104,115,22,8,95"/><U65/><E120/><V125/><F122/><W66/><G109/><T135/><D72/><U102/><E38/><V119/><F125/><W49/><G104/><T63/><D41/><U131/><E35/><V14/><F105/><W81/><G115/><T37/><D37/><U19/><E0/><V33/><F83/><W90/><G133/><T76/><D76/><U59/><E112/><V80/><F80/><W110/><G110/><T67/><D28/><U118/><E118/><V26/><F33/><W127/><G127/><T53/><D53/><U4/><E4/><V62/><F27/><W39/><G39/><T36/><D36/><U78/><E126/><V124/><F124/><W34/><G34/><T77/><D77/><U64/><E70/><V31/><F31/><W44/><G81/><T21/><D135/><U106/><E131/><N who="0" m="50217" /><D113/><U99/><E78/><V11/><F119/><W2/><G73/><T75/><D75/><U132/><E132/><V129/><F117/><W29/><G7/><T16/><D6/><U57/><E57/><AGARI ba="1,0" hai="15,16,21,50,55,57,63,67,68,101,103" m="50217" machi="57" ten="30,3900,0" yaku="19,1,52,1,54,1" doraHai="18" who="0" fromWho="1" sc="371,42,123,-42,178,0,328,0" /><INIT seed="6,0,0,3,4,37" ten="413,81,178,328" oya="2" hai0="105,99,66,120,72,134,5,106,88,84,54,86,7" hai1="73,35,117,23,70,101,109,83,50,67,17,22,96" hai2="133,9,80,42,31,24,115,57,20,102,78,60,112" hai3="18,111,41,127,126,74,2,118,77,135,47,8,94"/><V89/><F133/><W39/><G111/><T121/><D66/><U116/><E109/><V58/><F89/><W69/><G69/><T34/><D34/><U52/><E70/><V1/><F58/><W46/><G135/><T63/><D72/><U38/><E67/><V132/><F132/><W91/><G118/><T12/><D134/><U43/><E35/><V129/><F129/><W93/><G46/><T131/><D131/><U87/><E73/><V14/><F1/><W122/><G122/><T76/><D76/><U95/><E22/><V48/><F102/><W65/><G65/><T85/><D106/><U56/><E87/><V92/><F92/><W40/><G40/><T75/><D75/><U123/><E83/><V62/><F57/><W110/><G110/><T3/><D3/><U59/><E59/><V64/><F64/><W128/><G128/><T45/><D63/><U21/><E123/><V6/><F115/><W13/><G2/><T27/><D27/><U100/><E100/><V4/><F4/><W10/><G74/><T125/><D125/><N who="3" m="47625" /><G77/><T98/><D105/><U25/><REACH who="1" step="1"/><E23/><REACH who="1" ten="413,71,178,328" step="2"/><V108/><F108/><W71/><G71/><T0/><D120/><U114/><E114/><V68/><F68/><W113/><G113/><T16/><D121/><U81/><E81/><V29/><F112/><W97/><G93/><T61/><D99/><U32/><E32/><V82/><F82/><W30/><G97/><T33/><D33/><U103/><E103/><V19/><F80/><W26/><G94/><T130/><D98/><U55/><E55/><V119/><F78/><RYUUKYOKU ba="0,1" sc="413,-10,71,30,178,-10,328,-10" hai1="17,21,25,38,43,50,52,56,95,96,101,116,117" /><INIT seed="7,1,1,0,0,117" ten="403,101,168,318" oya="3" hai0="15,93,113,128,96,126,58,30,67,66,111,89,46" hai1="36,8,70,133,19,71,54,18,90,85,41,42,48" hai2="129,47,4,32,106,12,50,17,74,114,49,21,33" hai3="108,34,55,98,16,103,130,9,2,82,20,78,81"/><W65/><G34/><T57/><D111/><U125/><E8/><V45/><F106/><W63/><G130/><T135/><D126/><U28/><E28/><V77/><F129/><W94/><G108/><T23/><D135/><U120/><E18/><V24/><F114/><W27/><G55/><T52/><D113/><U119/><E19/><V29/><F74/><W92/><G2/><T13/><D46/><N who="2" m="17418" /><F33/><W6/><G92/><T88/><D89/><U127/><E90/><V61/><F61/><W122/><G122/><T0/><D0/><U38/><E85/><V134/><F134/><W25/><G25/><N who="0" m="16703" /><D128/><U56/><E133/><V110/><F110/><W95/><G95/><T101/><D101/><U97/><E97/><V118/><F77/><W26/><G26/><T64/><D58/><U22/><E22/><N who="2" m="15511" /><F118/><W35/><G35/><T76/><D76/><U80/><E80/><V131/><F131/><W5/><G9/><T107/><D107/><U1/><E1/><V31/><F32/><W75/><REACH who="3" step="1"/><G82/><REACH who="3" ten="403,101,168,308" step="2"/><T59/><D59/><AGARI ba="1,2" hai="5,6,16,20,27,59,63,65,75,78,81,94,98,103" machi="59" ten="30,11600,0" yaku="1,1,2,1,7,1,54,1,53,0" doraHai="117" doraHaiUra="123" who="3" fromWho="0" sc="403,-119,101,0,168,0,308,139" owari="284,8.0,101,-40.0,168,-23.0,447,55.0" /></mjloggm>