<mjloggm ver="2.3"><GO type="41" lobby="0"/><UN n0="%E3%81%97%E3%82%83%E3%82%8D" n1="%4A%2E%63%6F%6D%40%4B%31" n2="%E3%81%BB%E3%81%92%E3%81%A3%E2%80%A6" n3="%E5%B0%B1%E6%B4%BB%E7%94%9F%40%E5%B7%9D%E6%9D%91%E8%BB%8D%E5%9B%A3" dan="14,14,14,15" rate="1918.55,1938.15,1896.82,1946.16" sx="M,F,M,M"/><TAIKYOKU oya="0"/><INIT seed="0,0,0,2,0,50" ten="250,250,250,250" oya="0" hai0="72,55,95,82,85,34,75,4,20,66,104,111,106" hai1="0,56,21,38,135,11,121,108,123,74,63,100,115" hai2="17,45,93,71,12,60,101,133,29,107,79,87,51" hai3="7,81,53,69,80,78,49,134,28,94,22,2,91"/><T46/><D34/><U130/><E38/><V97/><F133/><W25/><G69/><T124/><D4/><U19/><E74/><V30/><F71/><W70/><G134/><T112/><D66/><U77/><E135/><V16/><F60/><W73/><G70/><T86/><D20/><U48/><E77/><V8/><F17/><W128/><G128/><T40/><D40/><U52/><E130/><V6/><F6/><W98/><G80/><T27/><D27/><U57/><E100/><V131/><F131/><W37/><G37/><T109/><D46/><U42/><E42/><V67/><F67/><W92/><G92/><T103/><D55/><U13/><E108/><N who="0" m="41545" /><D112/><U89/><E89/><V105/><F105/><N who="0" m="40554" /><D124/><U39/><E115/><V15/><F15/><W132/><G132/><T114/><D114/><U33/><E33/><V10/><F10/><W96/><G7/><T99/><D86/><U36/><E36/><V76/><F29/><W35/><G2/><T83/><D83/><U119/><E39/><V102/><F30/><W3/><G3/><T61/><D61/><U127/><E127/><V88/><REACH who="2" step="1"/><F101/><REACH who="2" ten="250,250,240,250" step="2"/><W113/><G113/><T90/><AGARI ba="0,1" hai="72,75,82,85,90,95,99,103" m="40554,41545" machi="90" ten="30,11700,0" yaku="14,1,10,1,34,2" doraHai="50" who="0" fromWho="0" sc="250,127,250,-39,240,-39,250,-39" /><INIT seed="0,1,0,4,2,126" ten="377,211,201,211" oya="0" hai0="80,17,74,58,78,100,7,125,42,36,20,63,61" hai1="49,21,123,45,12,3,134,35,43,67,75,27,116" hai2="46,89,84,48,15,65,6,25,11,50,37,51,133" hai3="70,112,30,109,117,104,115,101,22,121,0,34,23"/><T122/><D122/><U69/><E3/><V107/><F107/><W130/><G101/><T86/><D125/><U44/><E116/><V118/><F118/><W97/><G30/><T13/><D74/><U135/><E75/><V39/><F133/><N who="1" m="50697" /><E123/><V4/><F65/><W8/><G97/><T26/><D36/><N who="1" m="21607" /><E35/><V111/><F111/><W132/><G23/><T66/><D42/><N who="1" m="24759" /><E12/><V119/><F119/><W90/><G90/><T79/><D100/><U16/><E67/><V87/><F25/><W2/><G22/><T91/><D63/><U103/><E103/><V76/><F76/><W72/><G8/><AGARI ba="1,0" hai="7,8,13,17,20,26,58,61,66,78,79,80,86,91" machi="8" ten="40,2000,0" yaku="8,1" doraHai="126" who="0" fromWho="3" sc="377,23,211,0,201,0,211,-23" /><INIT seed="0,2,0,5,1,60" ten="400,211,201,188" oya="0" hai0="133,20,105,8,103,16,101,83,45,29,39,74,25" hai1="77,26,84,68,106,88,44,81,65,6,54,24,49" hai2="72,69,127,12,107,102,57,47,31,5,118,22,125" hai3="111,120,94,62,112,116,37,122,79,36,91,7,55"/><T43/><D133/><U87/><E106/><V108/><F72/><W130/><G7/><T95/><D105/><U80/><REACH who="1" step="1"/><E6/><REACH who="1" ten="400,201,201,188" step="2"/><V40/><F118/><W52/><G116/><T4/><D95/><U121/><E121/><V9/><F108/><W13/><G111/><T97/><D97/><U85/><E85/><V75/><F75/><W38/><G112/><T67/><D67/><U21/><E21/><V96/><F69/><W66/><G130/><T115/><D115/><U128/><E128/><V11/><F11/><W18/><G120/><T117/><D117/><U51/><E51/><N who="2" m="27111" /><F22/><W70/><G122/><T10/><D29/><U1/><E1/><V27/><F31/><W17/><G79/><N who="0" m="44535" /><D8/><U129/><E129/><V42/><F9/><W89/><G89/><T53/><D53/><U110/><E110/><V0/><F5/><W15/><G18/><T3/><AGARI ba="2,1" hai="3,4,10,16,20,25,39,43,45,101,103" m="44535" machi="3" ten="30,3000,0" yaku="25,1,54,1" doraHai="60" who="0" fromWho="0" sc="400,46,201,-12,201,-12,188,-12" /><INIT seed="0,3,0,1,3,89" ten="446,189,189,176" oya="0" hai0="73,77,72,1,122,43,6,28,26,50,33,7,5" hai1="17,115,11,16,65,118,103,95,112,8,45,58,54" hai2="125,109,47,114,78,71,62,34,68,97,66,80,119" hai3="94,56,108,91,83,120,13,135,87,105,70,39,51"/><T117/><D117/><U15/><E118/><V53/><F114/><N who="1" m="43561" /><E65/><V124/><F119/><W116/><G70/><T0/><D122/><U27/><E45/><V55/><F34/><W67/><G39/><T79/><D50/><N who="1" m="31063" /><E27/><V49/><F97/><W102/><G108/><T35/><D43/><U111/><E111/><V63/><F80/><W88/><G135/><T128/><D128/><U123/><E123/><V129/><F78/><W46/><G116/><T21/><D77/><U24/><E24/><V18/><F18/><N who="1" m="7273" /><E15/><V25/><F25/><W14/><G120/><T52/><D79/><U40/><E40/><N who="2" m="24807" /><F129/><W44/><G105/><T32/><REACH who="0" step="1"/><D52/><REACH who="0" ten="436,189,189,176" step="2"/><N who="2" m="20042" /><F109/><W10/><G46/><T92/><D92/><U41/><E41/><V48/><F48/><W82/><G44/><T104/><D104/><U131/><E131/><V59/><F63/><W22/><G51/><T74/><AGARI ba="3,1" hai="0,1,5,6,7,21,26,28,32,33,35,72,73,74" machi="74" ten="50,12000,1" yaku="1,1,0,1,29,2,53,1" doraHai="89" doraHaiUra="23" who="0" fromWho="0" sc="436,139,189,-43,189,-43,176,-43" /><INIT seed="0,4,0,4,4,55" ten="575,146,146,133" oya="0" hai0="59,9,58,108,21,105,10,98,44,31,93,129,13" hai1="82,104,24,88,39,132,77,19,95,43,18,32,96" hai2="79,120,76,69,25,54,38,112,114,20,17,40,62" hai3="75,49,117,1,50,26,107,46,42,128,122,123,7"/><T106/><D129/><U37/><E132/><V135/><F120/><N who="3" m="46123" /><G107/><T103/><D108/><U6/><E6/><V12/><F135/><W115/><G115/><T100/><D44/><U118/><E118/><V5/><F114/><W85/><G117/><T97/><D93/><U81/><E104/><V2/><F112/><W15/><G75/><T70/><D70/><U14/><E43/><V125/><F125/><W130/><G1/><T65/><D65/><U41/><E41/><V101/><F101/><W48/><G48/><T124/><D124/><U16/><E81/><V28/><F69/><W134/><G134/><T22/><D31/><U113/><E113/><V116/><F116/><W4/><G26/><T56/><D10/><U52/><E24/><V0/><F0/><W45/><G85/><T111/><D111/><U74/><E32/><N who="2" m="20495" /><F40/><N who="3" m="24743" /><G15/><T110/><REACH who="0" step="1"/><D110/><REACH who="0" ten="565,146,146,133" step="2"/><U71/><E14/><V3/><F38/><W35/><G35/><T83/><D83/><U57/><REACH who="1" step="1"/><E71/><REACH who="1" ten="565,136,146,133" step="2"/><V51/><F2/><W72/><G7/><AGARI ba="4,2" hai="7,9,13,21,22,56,58,59,97,98,100,103,105,106" machi="7" ten="40,12000,1" yaku="1,1,9,1,52,3,53,0" doraHai="55" doraHaiUra="64" who="0" fromWho="3" sc="565,152,136,0,146,0,133,-132" /><INIT seed="0,5,0,2,2,84" ten="717,136,146,1" oya="0" hai0="67,134,112,71,127,125,53,52,15,100,117,115,45" hai1="76,86,101,64,78,75,62,32,79,114,47,107,27" hai2="42,29,40,132,85,73,104,55,133,1,28,49,30" hai3="8,116,6,110,131,50,3,25,22,39,13,123,121"/><T0/><D0/><U111/><E111/><V88/><F73/><W17/><G39/><T33/><D33/><U24/><E75/><V106/><F1/><W105/><G105/><T80/><D80/><N who="1" m="47367" /><E47/><N who="2" m="28095" /><F104/><W69/><G69/><T34/><D34/><U129/><E129/><V93/><F106/><W37/><G37/><T11/><D117/><U57/><E114/><N who="0" m="43561" /><D100/><U77/><E32/><V118/><F118/><W102/><G102/><T81/><D81/><U21/><E107/><V120/><F120/><N who="3" m="46155" /><G50/><N who="0" m="28751" /><D11/><U26/><E101/><V70/><F70/><W20/><G116/><T99/><D15/><U119/><E119/><V113/><F113/><W87/><G87/><T58/><D99/><U14/><E14/><V19/><F19/><AGARI ba="5,0" hai="19,21,24,26,27,57,62,64,77,78,79" m="47367" machi="19" ten="30,1000,0" yaku="8,1" doraHai="84" who="1" fromWho="2" sc="717,0,136,25,146,-25,1,0" /><INIT seed="1,0,0,1,1,121" ten="717,161,121,1" oya="1" hai0="107,20,11,80,63,87,126,64,108,79,18,62,19" hai1="29,44,25,35,101,72,119,125,37,65,116,74,17" hai2="76,3,71,75,78,88,89,129,22,5,21,112,10" hai3="82,100,120,58,84,23,132,109,55,53,16,93,52"/><U123/><E123/><V54/><F71/><W124/><G120/><T95/><D107/><U12/><E101/><V118/><F118/><W42/><G124/><T97/><D126/><U56/><E125/><V14/><F129/><W111/><G132/><T110/><D11/><U46/><E37/><V59/><F112/><W15/><G42/><T28/><D28/><U67/><E56/><V104/><F104/><W36/><G36/><T77/><D77/><N who="2" m="29802" /><F75/><W43/><G43/><T94/><D94/><U7/><E7/><V96/><F3/><W32/><G32/><T1/><D1/><U47/><E72/><V81/><F81/><W31/><G31/><T92/><D92/><U39/><E74/><V135/><F135/><W115/><G115/><T41/><D41/><U13/><E39/><V133/><F133/><W98/><G58/><T130/><D130/><U60/><E13/><V69/><F69/><W68/><G68/><T0/><D0/><U86/><E86/><V34/><F34/><W57/><G57/><T91/><D64/><U26/><E65/><V128/><F128/><W85/><G85/><T6/><D6/><U30/><E67/><V102/><F102/><W38/><G38/><T66/><D66/><U117/><E35/><V105/><F105/><W90/><AGARI ba="0,0" hai="15,16,23,52,53,55,82,84,90,93,98,100,109,111" machi="90" ten="30,8000,1" yaku="0,1,52,2,54,2" doraHai="121" who="3" fromWho="3" sc="717,-20,161,-40,121,-20,1,80" /><INIT seed="2,0,0,1,5,115" ten="697,121,101,81" oya="2" hai0="95,89,41,98,29,134,62,61,42,8,40,9,102" hai1="26,121,31,35,53,18,132,11,131,25,24,79,126" hai2="75,50,6,48,83,1,127,116,67,65,66,87,45" hai3="120,119,114,52,124,128,13,91,112,34,10,103,3"/><V129/><F75/><W56/><G34/><T60/><D134/><U64/><E79/><V108/><F129/><W28/><G3/><T101/><D29/><N who="1" m="19895" /><E53/><V54/><F127/><W33/><G33/><T84/><REACH who="0" step="1"/><D102/><REACH who="0" ten="687,121,101,81" step="2"/><U77/><E132/><V15/><F108/><W72/><G91/><T47/><D47/><U39/><E31/><V27/><F27/><W14/><G28/><T104/><AGARI ba="0,1" hai="8,9,40,41,42,60,61,62,84,89,95,98,101,104" machi="104" ten="30,2000,0" yaku="1,1,0,1,53,0" doraHai="115" doraHaiUra="117" who="0" fromWho="0" sc="687,30,121,-5,101,-10,81,-5" /><INIT seed="3,0,0,5,3,100" ten="717,116,91,76" oya="3" hai0="63,11,86,61,74,37,20,97,130,42,57,59,104" hai1="91,103,70,47,58,99,125,131,83,31,132,106,85" hai2="92,101,116,117,44,1,78,16,66,6,98,95,77" hai3="118,89,135,60,133,79,68,39,3,124,25,29,88"/><W8/><G118/><T13/><D74/><U54/><E70/><V48/><F66/><W93/><G39/><T17/><D130/><U75/><E131/><V72/><F95/><W128/><G79/><T114/><D114/><U107/><E125/><V35/><F35/><W26/><G124/><T23/><D86/><U41/><E31/><V0/><F0/><W120/><G120/><T43/><D37/><U87/><E87/><V134/><F134/><N who="3" m="51211" /><G128/><T9/><D97/><U51/><E75/><V121/><F121/><W19/><G29/><T129/><D129/><U30/><E30/><V109/><F109/><W10/><G3/><T67/><D104/><U73/><E73/><V50/><F6/><W84/><G84/><T36/><D36/><U27/><E132/><V38/><F1/><W90/><G93/><T56/><D20/><U64/><E64/><V127/><F127/><W94/><G94/><T45/><D59/><U12/><E58/><V112/><F112/><W122/><G122/><T40/><REACH who="0" step="1"/><D45/><REACH who="0" ten="707,116,91,76" step="2"/><U111/><E47/><V113/><F113/><W24/><G24/><T5/><D5/><U46/><E27/><N who="3" m="10250" /><G19/><T76/><D76/><U53/><E85/><V123/><F123/><W22/><G22/><T71/><D71/><U110/><E106/><V28/><F38/><W82/><G82/><T21/><D21/><U115/><E107/><V15/><F72/><W18/><G18/><T4/><D4/><U102/><E115/><V2/><F16/><W49/><G68/><T14/><D14/><U69/><E83/><V62/><F15/><W32/><G32/><RYUUKYOKU ba="0,1" sc="707,30,116,-10,91,-10,76,-10" hai0="9,11,13,17,23,40,42,43,56,57,61,63,67" /><INIT seed="4,1,1,4,5,22" ten="737,106,81,66" oya="0" hai0="18,116,57,71,126,86,63,29,34,26,120,62,115" hai1="95,130,60,93,3,6,19,79,73,25,40,83,102" hai2="11,72,33,94,14,107,35,51,17,88,54,23,44" hai3="21,99,55,39,8,47,91,128,85,15,81,114,127"/><T53/><D120/><U13/><E130/><V98/><F72/><W56/><G128/><T105/><D116/><U122/><E122/><V4/><REACH who="2" step="1"/><F107/><REACH who="2" ten="737,106,71,66" step="2"/><W52/><G114/><T75/><D75/><U70/><E73/><V27/><AGARI ba="1,2" hai="4,11,14,17,23,27,33,35,44,51,54,88,94,98" machi="27" ten="20,12000,2" yaku="1,1,2,1,0,1,7,1,52,1,54,1,53,0" doraHai="22" doraHaiUra="111" who="2" fromWho="2" sc="737,-61,106,-31,71,143,66,-31" /><INIT seed="5,0,0,2,5,126" ten="676,75,214,35" oya="1" hai0="64,111,89,85,55,28,10,100,41,121,31,52,66" hai1="131,9,120,46,36,95,57,119,30,69,56,98,65" hai2="134,24,116,19,21,60,11,23,6,53,101,67,135" hai3="0,40,48,125,94,73,72,51,118,130,91,112,29"/><U74/><E120/><V39/><F116/><W93/><G0/><T77/><D121/><U18/><E119/><V83/><F39/><W27/><G118/><T86/><D111/><U129/><E74/><V5/><F101/><W49/><G125/><T96/><D41/><N who="1" m="22823" /><E30/><N who="0" m="11305" /><D10/><U62/><E18/><N who="2" m="12407" /><F83/><W97/><G112/><T37/><D37/><U90/><E9/><V82/><F82/><W1/><G1/><T43/><D43/><U35/><E35/><V104/><F104/><W128/><G40/><T2/><D2/><U38/><E38/><V4/><F53/><N who="0" m="20554" /><D77/><U45/><E45/><V26/><F11/><W25/><G25/><T113/><D113/><U80/><E80/><V20/><F20/><W22/><REACH who="3" step="1"/><G94/><REACH who="3" ten="676,75,214,25" step="2"/><N who="0" m="56399" /><D100/><U88/><E90/><V54/><F26/><W123/><G123/><T47/><D47/><U78/><E78/><V14/><F60/><W106/><G106/><T124/><D124/><U15/><E15/><V59/><F5/><W133/><G133/><T99/><D99/><U71/><E98/><V115/><F135/><W87/><G87/><AGARI ba="0,1" hai="64,66,85,86,87" m="56399,20554,11305" machi="87" ten="30,2000,0" yaku="8,1,54,1" doraHai="126" who="0" fromWho="3" sc="676,30,75,0,214,0,25,-20" /><INIT seed="6,0,0,1,5,107" ten="706,75,214,5" oya="2" hai0="67,85,89,49,9,45,23,100,106,63,5,131,116" hai1="13,17,90,28,135,81,119,126,70,43,72,117,51" hai2="133,120,8,6,3,108,36,56,103,86,122,20,58" hai3="76,24,132,115,37,125,46,79,113,42,35,94,11"/><V121/><F36/><W64/><G64/><T52/><D116/><U95/><E70/><V15/><F103/><W78/><G11/><T99/><D131/><U18/><E28/><V48/><F86/><W87/><G125/><T97/><D23/><U112/><E112/><N who="3" m="43082" /><G132/><T32/><D32/><U91/><E135/><V102/><F102/><W130/><G130/><T66/><D99/><U57/><E126/><V10/><F133/><W40/><G40/><T68/><D66/><U124/><E124/><V29/><F48/><W127/><G127/><T38/><D38/><U88/><E43/><V54/><F54/><W41/><G41/><T25/><D25/><U118/><E51/><V92/><F92/><W21/><G35/><T16/><D16/><U22/><E18/><N who="2" m="8567" /><F56/><W44/><G44/><T33/><D33/><U14/><E57/><V75/><F58/><W50/><G37/><T65/><D65/><U7/><E117/><V1/><F1/><W31/><G31/><T98/><D98/><N who="1" m="57703" /><E118/><V69/><F69/><W74/><G94/><T84/><REACH who="0" step="1"/><D89/><REACH who="0" ten="696,75,214,5" step="2"/><U62/><E91/><V30/><F122/><W73/><G87/><T12/><AGARI ba="0,1" hai="5,9,12,45,49,52,63,67,68,84,85,97,100,106" machi="12" ten="20,8000,1" yaku="1,1,2,1,0,1,7,1,54,1,53,0" doraHai="107" doraHaiUra="77" who="0" fromWho="0" sc="696,90,75,-20,214,-40,5,-20" owari="786,89.0,55,-34.0,174,-3.0,-15,-52.0" /></mjloggm>