<mjloggm ver="2.3"><GO type="97" lobby="0"/><UN n0="%52%65%78%65%6E%61" n1="%E8%85%90%E7%94%9F%E8%B1%9A%E3%82%B3%E3%83%84%E3%83%9C%E3%83%BC" n2="%53%74%65%70%68%65%6E" n3="%E5%B0%B1%E6%B4%BB%E7%94%9F%40%E5%B7%9D%E6%9D%91%E8%BB%8D%E5%9B%A3" dan="13,15,13,15" rate="1811.74,2010.95,1821.05,2025.81" sx="M,M,M,M"/><TAIKYOKU oya="0"/><INIT seed="0,0,0,1,4,52" ten="250,250,250,250" oya="0" hai0="86,81,59,26,14,5,50,51,13,92,21,103,30" hai1="12,17,131,95,66,71,128,36,132,80,27,34,25" hai2="87,40,67,77,135,68,108,4,16,18,112,110,88" hai3="106,20,117,99,109,115,73,116,91,102,124,70,6"/><T121/><D121/><U127/><E36/><V24/><F77/><W133/><G70/><T94/><D5/><U118/><E118/><V29/><F112/><W60/><G6/><T42/><D51/><U19/><E80/><V44/><F4/><W97/><G115/><T79/><D42/><U23/><E71/><V56/><F68/><W46/><G46/><T72/><D72/><U47/><E47/><V38/><F135/><W120/><G60/><T82/><D82/><U85/><E132/><V32/><F56/><W69/><G69/><T123/><D123/><U43/><E43/><V65/><F65/><W8/><G8/><T3/><D3/><U105/><E105/><V45/><F67/><W53/><G120/><T122/><D122/><U2/><E2/><V58/><F58/><W111/><G73/><T89/><D103/><U96/><E85/><V15/><F44/><W41/><G41/><T93/><D79/><U22/><E66/><V0/><F0/><W57/><G133/><T134/><D134/><U7/><E127/><V76/><F76/><W100/><G124/><T114/><D114/><U11/><REACH who="1" step="1"/><E34/><REACH who="1" ten="250,240,250,250" step="2"/><V126/><F126/><W37/><G37/><T83/><REACH who="0" step="1"/><D83/><REACH who="0" ten="240,240,250,250" step="2"/><U75/><E75/><V54/><F54/><AGARI ba="0,2" hai="13,14,21,26,30,50,54,59,81,86,89,92,93,94" machi="54" ten="40,18000,2" yaku="1,1,2,1,8,1,52,1,53,2" doraHai="52" doraHaiUra="9" who="0" fromWho="2" sc="240,200,240,0,250,-180,250,0" /><INIT seed="0,1,0,2,4,27" ten="440,240,70,250" oya="0" hai0="28,105,32,97,85,71,108,59,38,67,43,83,8" hai1="49,114,112,120,84,12,118,29,14,70,133,125,128" hai2="116,110,90,122,123,13,75,74,66,19,65,132,64" hai3="134,135,126,79,73,33,22,46,1,52,102,113,86"/><T17/><D105/><U92/><E70/><V36/><F36/><W87/><G33/><T131/><D71/><U80/><E120/><V4/><F4/><W51/><G1/><T10/><D131/><U50/><E118/><V103/><F103/><W11/><G113/><T18/><D97/><U54/><E128/><V76/><F116/><W47/><G126/><T101/><D101/><U119/><E119/><V53/><F53/><W56/><G11/><T3/><D43/><U106/><E106/><V21/><F110/><W129/><G129/><T77/><D38/><U24/><E125/><V23/><F132/><N who="3" m="50731" /><G102/><T9/><D17/><U31/><E92/><V35/><F35/><W100/><G100/><T16/><D108/><U34/><E133/><V72/><F76/><W15/><G73/><T124/><D124/><U95/><E95/><V121/><REACH who="2" step="1"/><F23/><REACH who="2" ten="440,240,60,250" step="2"/><W45/><G79/><T117/><D117/><U98/><E54/><V115/><F115/><W130/><G130/><T62/><D77/><U48/><E114/><V107/><F107/><W94/><G94/><T20/><D83/><U127/><E112/><V57/><F57/><W96/><G96/><T93/><D59/><U40/><E98/><V104/><F104/><W44/><G56/><T78/><D78/><N who="1" m="46103" /><E127/><V30/><F30/><N who="1" m="11273" /><E34/><V41/><F41/><W0/><G0/><T109/><D32/><U81/><E40/><V60/><F60/><W68/><G68/><T26/><D62/><U91/><E81/><V39/><F39/><W63/><G63/><T82/><D3/><U61/><E61/><V111/><F111/><RYUUKYOKU ba="1,1" sc="440,-15,240,-15,60,15,250,15" hai2="13,19,21,64,65,66,72,74,75,90,121,122,123" hai3="15,22,44,45,46,47,51,52,86,87" /><INIT seed="1,2,1,5,0,32" ten="425,225,75,265" oya="1" hai0="102,130,100,20,122,126,50,38,107,60,56,82,116" hai1="43,31,124,68,110,75,8,21,0,79,33,114,90" hai2="5,125,67,53,123,92,85,87,48,98,63,16,93" hai3="131,132,49,97,29,30,113,13,24,41,7,18,134"/><U28/><E114/><V76/><F123/><W69/><G69/><T74/><D116/><U46/><E68/><V59/><F125/><W101/><G113/><T89/><D130/><U58/><E124/><V26/><F5/><W121/><G121/><T118/><D126/><U96/><E33/><V91/><F93/><W34/><G29/><T2/><D38/><U14/><E58/><V3/><F3/><W103/><G7/><T51/><D107/><U105/><E110/><V70/><F76/><W25/><G25/><T72/><D72/><U65/><E65/><V104/><F104/><W117/><G117/><T84/><D74/><U71/><E71/><V62/><F48/><W23/><G131/><T15/><D51/><U64/><E64/><V106/><F106/><W99/><G49/><T6/><D50/><U37/><E105/><V95/><F95/><W11/><G41/><T112/><D112/><U9/><E90/><V19/><F19/><W27/><G101/><T44/><D100/><U77/><E96/><V111/><F111/><W54/><G54/><T47/><D102/><U36/><E36/><V66/><F66/><W129/><G103/><T135/><D118/><U55/><E55/><V1/><F1/><W115/><G115/><T57/><D2/><U86/><E75/><V83/><F83/><W109/><G129/><T128/><D122/><U22/><E0/><V39/><F39/><W133/><G109/><T80/><D128/><U119/><E119/><V17/><F17/><N who="3" m="8383" /><G99/><T94/><D80/><N who="1" m="47375" /><E79/><V108/><F108/><W40/><G97/><T45/><D82/><RYUUKYOKU ba="2,1" sc="425,-15,225,-15,75,15,265,15" hai2="16,26,53,59,62,63,67,70,85,87,91,92,98" hai3="18,23,24,27,30,34,40,132,133,134" /><INIT seed="2,3,1,3,4,111" ten="410,210,90,280" oya="2" hai0="35,34,18,50,12,14,43,59,57,93,102,24,74" hai1="75,45,53,81,114,27,109,48,118,122,87,31,36" hai2="66,47,116,96,70,29,117,55,30,11,106,127,86" hai3="80,135,94,10,84,5,9,17,98,120,124,56,58"/><V99/><F99/><W60/><G120/><T108/><D74/><U130/><E75/><V73/><F73/><W68/><G124/><T19/><D43/><U51/><E122/><V7/><F127/><W0/><G135/><T62/><D24/><U61/><E109/><V38/><F116/><W91/><G68/><T37/><D37/><U40/><E118/><V42/><F117/><W44/><G44/><T16/><D102/><U25/><E114/><V23/><F23/><W121/><G121/><T103/><D103/><U92/><E130/><V6/><F6/><W126/><G126/><T105/><D93/><U88/><E61/><V26/><F26/><W110/><G110/><T49/><D62/><U3/><E3/><V2/><F86/><W100/><G60/><T39/><D39/><U82/><E36/><V119/><F119/><W97/><G97/><T52/><D105/><U132/><E132/><V134/><F134/><W8/><G17/><T123/><D123/><U54/><E40/><V41/><F41/><W85/><G85/><T4/><D4/><U101/><E101/><V112/><F112/><W21/><G21/><T22/><D108/><U128/><E128/><V95/><F106/><W46/><G46/><T65/><D65/><U90/><E90/><V89/><REACH who="2" step="1"/><F55/><REACH who="2" ten="410,210,80,280" step="2"/><W15/><G0/><T77/><D22/><N who="1" m="15799" /><E27/><V71/><F71/><W13/><G5/><T1/><D34/><U33/><E33/><V32/><F32/><W125/><G125/><T72/><D35/><U69/><E69/><V79/><F79/><W129/><G129/><T131/><D1/><RYUUKYOKU ba="3,2" sc="410,-30,210,10,80,10,280,10" hai1="45,48,51,53,54,81,82,87,88,92" hai2="2,7,11,29,30,38,42,47,66,70,89,95,96" hai3="8,9,10,13,15,56,58,80,84,91,94,98,100" /><INIT seed="2,4,2,0,5,20" ten="380,220,90,290" oya="2" hai0="117,77,96,111,37,112,7,28,45,102,10,60,40" hai1="53,47,74,113,131,91,132,49,41,61,127,56,21" hai2="8,46,130,26,16,121,9,25,55,0,87,50,110" hai3="15,38,5,122,27,69,42,123,79,78,65,115,59"/><V36/><F121/><W33/><G69/><T124/><D111/><U23/><E113/><V29/><F110/><W106/><G106/><T134/><D112/><U34/><E74/><V51/><F36/><W6/><G115/><T19/><D124/><U62/><E34/><V101/><F101/><W89/><G38/><T54/><D134/><U90/><E127/><V83/><F130/><W73/><G42/><T103/><D117/><U35/><E35/><V128/><F128/><W85/><G73/><T58/><D103/><U107/><E107/><V99/><F99/><W81/><G123/><T44/><D77/><U116/><E116/><V30/><F0/><W88/><G79/><T94/><D19/><U4/><E4/><V72/><F72/><W66/><G6/><T31/><D44/><U63/><E132/><V80/><F55/><W97/><G97/><T120/><D120/><U70/><E131/><V125/><F125/><W75/><G75/><T109/><D109/><U67/><E62/><V114/><F114/><W76/><G76/><T82/><D82/><U105/><E105/><V22/><F22/><W24/><G33/><T3/><AGARI ba="4,2" hai="3,7,10,28,31,37,40,45,54,58,60,94,96,102" machi="3" ten="20,1500,0" yaku="0,1,7,1" doraHai="20" who="0" fromWho="0" sc="380,47,220,-8,90,-11,290,-8" /><INIT seed="3,0,0,2,3,10" ten="427,212,79,282" oya="3" hai0="121,5,13,111,117,26,134,86,31,105,94,88,74" hai1="55,68,16,38,40,49,11,19,52,32,17,79,87" hai2="102,118,2,59,89,104,129,106,126,64,15,6,37" hai3="8,47,92,61,116,82,113,24,99,65,50,90,96"/><W95/><G113/><T39/><D111/><U132/><E68/><V115/><F115/><W4/><G116/><T29/><D117/><U14/><E32/><V131/><F37/><W103/><G82/><T21/><D121/><U28/><E28/><V48/><F118/><W127/><G127/><T107/><D39/><U69/><E69/><V108/><F108/><W98/><G98/><T63/><D74/><U45/><E132/><V9/><F2/><W43/><G24/><T54/><D134/><U84/><E38/><V85/><F126/><W20/><G20/><T30/><D107/><U18/><E79/><V51/><F51/><W78/><G78/><T12/><D105/><U0/><E0/><V72/><F72/><W60/><REACH who="3" step="1"/><G65/><REACH who="3" ten="427,212,79,272" step="2"/><T75/><D75/><U57/><REACH who="1" step="1"/><E40/><REACH who="1" ten="427,202,79,272" step="2"/><V22/><F64/><W53/><G53/><T91/><D54/><U110/><E110/><V1/><F1/><AGARI ba="0,2" hai="1,4,8,43,47,50,60,61,90,92,95,96,99,103" machi="1" ten="30,2900,0" yaku="1,1,7,1,53,0" doraHai="10" doraHaiUra="125" who="3" fromWho="2" sc="427,0,202,0,79,-29,272,49" /><BYE who="2" /><INIT seed="3,1,0,0,5,25" ten="427,202,50,321" oya="3" hai0="35,69,118,15,1,19,67,70,122,18,86,130,135" hai1="132,58,117,23,46,68,121,99,111,91,49,43,102" hai2="4,90,110,31,71,7,105,60,45,29,77,92,82" hai3="62,119,64,131,30,63,34,37,81,11,115,94,47"/><W39/><G119/><T10/><D118/><U78/><E117/><V112/><F112/><W125/><G115/><T66/><D122/><U107/><E121/><V38/><F38/><W8/><G125/><T114/><D135/><U26/><E132/><V41/><F41/><W13/><G131/><T96/><D130/><U108/><E68/><V48/><F48/><W103/><G81/><T52/><D114/><U6/><E6/><V28/><F28/><W124/><G124/><T51/><D35/><U76/><E91/><V9/><F9/><W3/><G3/><T106/><D1/><U40/><E40/><V17/><F17/><W89/><G103/><T120/><D120/><U79/><REACH who="1" step="1"/><E58/><REACH who="1" ten="427,192,50,321" step="2"/><V109/><F109/><W2/><G2/><T128/><D70/><U113/><E113/><V32/><F32/><W56/><G39/><T0/><D69/><U12/><E12/><V104/><F104/><W55/><G37/><T42/><D0/><U123/><E123/><V93/><F93/><W88/><G89/><T36/><D42/><U85/><E85/><V80/><F80/><W22/><G94/><T24/><D36/><U21/><E21/><V116/><F116/><W57/><G88/><T134/><D86/><U101/><E101/><V20/><F20/><W129/><G129/><T65/><D106/><U126/><E126/><V98/><F98/><W74/><G57/><T87/><D96/><U84/><E84/><V75/><F75/><W133/><G56/><T5/><D87/><U33/><E33/><V61/><F61/><W97/><G34/><T27/><D5/><RYUUKYOKU ba="1,1" sc="427,-10,192,30,50,-10,321,-10" hai1="23,26,43,46,49,76,78,79,99,102,107,108,111" owari="427,53.0,222,-18.0,40,-46.0,311,11.0" /></mjloggm>