<mjloggm ver="2.3"><GO type="169" lobby="0"/><UN n0="%E5%B0%B1%E6%B4%BB%E7%94%9F%40%E5%B7%9D%E6%9D%91%E8%BB%8D%E5%9B%A3" n1="%E2%84%83%2D%75%74%65" n2="%72%61%64%65%72" n3="%E3%81%A4%E3%81%A3%E3%81%8D%EF%BD%9E%32%6E%64" dan="16,17,16,16" rate="2127.19,2226.67,2058.14,2166.60" sx="M,M,M,F"/><TAIKYOKU oya="0"/><INIT seed="0,0,0,1,4,43" ten="250,250,250,250" oya="0" hai0="85,35,23,94,134,72,54,121,0,25,128,2,66" hai1="103,49,24,68,53,130,6,120,57,77,88,131,59" hai2="84,135,124,97,27,40,115,89,123,26,5,129,52" hai3="45,44,4,92,119,125,122,33,48,91,76,30,90"/><T7/><D121/><U13/><E120/><V69/><F69/><W78/><G122/><T46/><D72/><U3/><E68/><V117/><F40/><W42/><G119/><T50/><D35/><U112/><E3/><V132/><F5/><W62/><G125/><T133/><D128/><N who="1" m="49195" /><E103/><V70/><F70/><W55/><G4/><T60/><D7/><U81/><E24/><V113/><F123/><W71/><G33/><T15/><D15/><U19/><E6/><V102/><F52/><W79/><G30/><T58/><D85/><N who="1" m="50223" /><E77/><V105/><F117/><W61/><G71/><T47/><D94/><U29/><E29/><V104/><F104/><W116/><G116/><T82/><D82/><U21/><E112/><N who="2" m="43083" /><F124/><W38/><REACH who="3" step="1"/><G91/><REACH who="3" ten="250,250,250,240" step="2"/><T16/><D2/><U67/><E67/><V108/><F89/><W31/><G31/><T127/><D0/><U96/><E96/><AGARI ba="0,1" hai="38,42,44,45,48,55,61,62,76,78,79,90,92,96" machi="96" ten="40,5200,0" yaku="1,1,52,2,53,0" doraHai="43" doraHaiUra="17" who="3" fromWho="1" sc="250,0,250,-52,250,0,240,62" /><INIT seed="1,0,0,1,4,111" ten="250,198,250,302" oya="1" hai0="130,8,124,100,42,91,11,79,61,58,30,123,38" hai1="98,49,0,104,56,34,95,31,87,43,10,48,59" hai2="37,40,47,129,73,53,15,134,7,135,4,113,72" hai3="69,99,28,84,125,103,9,121,116,126,29,21,66"/><U51/><E104/><V88/><F129/><W63/><G121/><T32/><D100/><U110/><E43/><V115/><F53/><W5/><G116/><T39/><D130/><U74/><E74/><V108/><F108/><W62/><G62/><T22/><D123/><U13/><E0/><V81/><F88/><W105/><G84/><T27/><D79/><U78/><E31/><V60/><F60/><W131/><G131/><T71/><D71/><U97/><E34/><V118/><F118/><W89/><G89/><T92/><D124/><N who="3" m="47721" /><G21/><T90/><D90/><U20/><E20/><V120/><F120/><W24/><G24/><T132/><D32/><U76/><E110/><V17/><F81/><W86/><G86/><T26/><D26/><U33/><E33/><V112/><F73/><W54/><G54/><T16/><D132/><N who="2" m="50730" /><F72/><W107/><G107/><T2/><D30/><U122/><E122/><V96/><F96/><N who="1" m="36969" /><E95/><V36/><F37/><W25/><G25/><T44/><D39/><U82/><E78/><V83/><F83/><W18/><G18/><AGARI ba="0,0" hai="10,13,18,48,49,51,56,59,76,82,87" m="36969" machi="18" ten="30,1500,0" yaku="8,1" doraHai="111" who="1" fromWho="3" sc="250,0,198,15,250,0,302,-15" /><INIT seed="1,1,0,3,5,77" ten="250,213,250,287" oya="1" hai0="75,19,21,44,131,69,130,70,76,38,2,68,92" hai1="24,16,18,93,12,39,132,84,111,96,124,71,48" hai2="104,65,49,90,91,113,52,9,31,66,27,123,99" hai3="42,78,22,54,5,53,86,114,67,37,56,81,133"/><U36/><E71/><V97/><F123/><W6/><G114/><T98/><D2/><U0/><E0/><V134/><F113/><W79/><G133/><T59/><D59/><U100/><E132/><V63/><F134/><W116/><G116/><T40/><D76/><U4/><E124/><V95/><F9/><W73/><G73/><T50/><D75/><U26/><E111/><V45/><F63/><N who="3" m="38375" /><G37/><T125/><D125/><U30/><E4/><N who="3" m="1642" /><G42/><T128/><D38/><U105/><E24/><V34/><F104/><W135/><G78/><T61/><D61/><U127/><E127/><V15/><F15/><W64/><G64/><T57/><D57/><U43/><E48/><V112/><F112/><W102/><G135/><T20/><REACH who="0" step="1"/><D19/><REACH who="0" ten="240,213,250,287" step="2"/><U29/><E18/><V58/><F58/><W62/><G62/><T11/><D11/><U33/><E36/><V83/><F65/><W41/><G79/><T119/><D119/><U94/><E30/><V13/><F66/><W126/><G126/><T106/><D106/><U122/><E122/><V8/><F8/><W129/><G53/><T60/><D60/><U55/><E55/><V74/><F74/><W32/><G54/><T110/><D110/><U14/><E16/><V10/><F10/><W28/><G28/><T80/><D80/><U72/><E72/><V115/><F83/><W85/><G81/><T7/><D7/><U117/><E117/><V120/><F120/><W103/><G41/><T88/><AGARI ba="1,1" hai="20,21,40,44,50,68,69,70,88,92,98,128,130,131" machi="88" ten="40,8000,1" yaku="1,1,0,1,19,1,54,1,53,0" doraHai="77" doraHaiUra="109" who="0" fromWho="0" sc="240,93,213,-41,250,-21,287,-21" /><INIT seed="2,0,0,5,1,57" ten="333,172,229,266" oya="2" hai0="79,5,135,1,33,40,47,18,67,58,117,95,116" hai1="121,60,81,34,82,24,31,90,54,35,128,123,113" hai2="105,45,12,118,94,63,28,122,114,55,2,96,97" hai3="66,129,112,0,3,61,104,68,4,20,91,86,132"/><V64/><F2/><W52/><G129/><T17/><D33/><U99/><E113/><V98/><F114/><W130/><G130/><T75/><D135/><U93/><E35/><V53/><F122/><N who="1" m="46601" /><E128/><V44/><F118/><N who="0" m="45674" /><D95/><U43/><E43/><V49/><F105/><W21/><G132/><T106/><D106/><U133/><E133/><V14/><F94/><W107/><G112/><T46/><D5/><U69/><E54/><V8/><F28/><W29/><G107/><T19/><D1/><U27/><E27/><V42/><F12/><W126/><G126/><T36/><D47/><U6/><E6/><V77/><F77/><W92/><G104/><T127/><D127/><U102/><E90/><V110/><F110/><W56/><G4/><T125/><D125/><U59/><E59/><V9/><F14/><W41/><G41/><T37/><D37/><U7/><E7/><V78/><F78/><W25/><REACH who="3" step="1"/><G20/><REACH who="3" ten="333,172,229,256" step="2"/><T13/><D40/><U50/><E50/><AGARI ba="0,1" hai="0,3,21,25,29,50,52,56,61,66,68,86,91,92" machi="50" ten="30,8000,1" yaku="1,1,2,1,7,1,52,1,54,1,53,0" doraHai="57" doraHaiUra="71" who="3" fromWho="1" sc="333,0,172,-80,229,0,256,90" /><INIT seed="3,0,0,5,2,6" ten="333,92,229,346" oya="3" hai0="9,128,63,5,56,67,57,96,78,28,2,88,99" hai1="49,89,30,64,41,16,101,79,53,113,36,59,29" hai2="80,131,134,22,129,123,111,103,98,40,10,39,17" hai3="122,65,85,26,104,102,135,94,31,100,11,125,127"/><W105/><G122/><T48/><D128/><U120/><E120/><V95/><F123/><W33/><G135/><T114/><D114/><U93/><E113/><V117/><F134/><W23/><G65/><T132/><D132/><U81/><E101/><N who="3" m="39018" /><G33/><T74/><D28/><U1/><E1/><V92/><F117/><W44/><G44/><T3/><D3/><U106/><E106/><V76/><F111/><W50/><G50/><T91/><D78/><U8/><E64/><V43/><F92/><W34/><G11/><T97/><D74/><U70/><E70/><V72/><F10/><W42/><G42/><T38/><D38/><U13/><E41/><V25/><F39/><W54/><G54/><T119/><D119/><U86/><REACH who="1" step="1"/><E36/><REACH who="1" ten="333,82,229,346" step="2"/><V108/><F108/><W12/><G105/><T110/><D110/><U51/><E51/><V83/><F129/><W124/><G104/><T87/><D48/><U75/><AGARI ba="0,1" hai="8,13,16,29,30,49,53,59,75,79,81,86,89,93" machi="75" ten="20,8000,1" yaku="1,1,0,1,7,1,52,1,54,1,53,0" doraHai="6" doraHaiUra="68" who="1" fromWho="1" sc="333,-20,82,90,229,-20,346,-40" /><INIT seed="4,0,0,2,1,72" ten="313,172,209,306" oya="0" hai0="68,60,49,98,29,0,66,14,107,90,40,81,67" hai1="25,105,104,120,133,129,75,125,128,39,112,79,19" hai2="41,96,117,53,109,48,17,7,110,122,43,69,3" hai3="21,89,102,93,92,124,45,130,78,88,33,38,37"/><T15/><D0/><U36/><E120/><V11/><F69/><W113/><G33/><T55/><D67/><U123/><E123/><V63/><F122/><W34/><G34/><T30/><D40/><U65/><E65/><V32/><F32/><W56/><G102/><T46/><D107/><N who="1" m="41035" /><E19/><V4/><F117/><W99/><G113/><T84/><D98/><U74/><E25/><V132/><F96/><W91/><G130/><N who="1" m="50282" /><E112/><V127/><F17/><W114/><G124/><T2/><D2/><U22/><E22/><V13/><F127/><W119/><G119/><T59/><D68/><U103/><E125/><V134/><F3/><W73/><G114/><T18/><REACH who="0" step="1"/><D15/><REACH who="0" ten="303,172,209,306" step="2"/><U100/><E133/><V135/><F13/><W115/><G99/><T16/><D16/><U52/><E52/><V62/><F109/><W111/><G111/><T118/><D118/><U87/><E39/><V101/><F110/><W108/><G38/><T27/><D27/><U31/><E36/><V9/><F53/><W6/><G37/><T20/><AGARI ba="0,1" hai="14,18,20,29,30,46,49,55,59,60,66,81,84,90" machi="20" ten="20,7800,0" yaku="1,1,0,1,7,1,8,1,53,0" doraHai="72" doraHaiUra="35" who="0" fromWho="0" sc="303,88,172,-26,209,-26,306,-26" /><INIT seed="4,1,0,5,3,53" ten="391,146,183,280" oya="0" hai0="113,36,29,18,131,45,33,129,122,92,124,73,104" hai1="135,0,74,71,84,81,96,111,101,83,21,9,66" hai2="23,91,54,48,16,11,112,61,13,133,125,76,6" hai3="44,94,38,110,51,99,4,67,50,20,39,35,37"/><T82/><D104/><U60/><E111/><V19/><F112/><W86/><G110/><T100/><D33/><U107/><E135/><V128/><F61/><W31/><G35/><T114/><D29/><U42/><E42/><V41/><F133/><W5/><G86/><T24/><D36/><U95/><E21/><V120/><F120/><W72/><G72/><T78/><D45/><U62/><E62/><V89/><F125/><W57/><G31/><T117/><D24/><U127/><E127/><V58/><F128/><N who="0" m="49226" /><D18/><U115/><E115/><N who="0" m="44041" /><D124/><U105/><E81/><V14/><F41/><W2/><G5/><T118/><D122/><U26/><E26/><V121/><F121/><W40/><G4/><T63/><D63/><U22/><E22/><V52/><F54/><W134/><G20/><T64/><D64/><U46/><E46/><V77/><F19/><W32/><G67/><T8/><D8/><U12/><E0/><V30/><F30/><W7/><G32/><T10/><D10/><U79/><REACH who="1" step="1"/><E74/><REACH who="1" ten="391,136,183,280" step="2"/><V93/><REACH who="2" step="1"/><F91/><REACH who="2" ten="391,136,173,280" step="2"/><W90/><G90/><T59/><D118/><U34/><E34/><V97/><AGARI ba="1,2" hai="6,11,13,14,16,23,48,52,58,76,77,89,93,97" machi="97" ten="20,16000,3" yaku="1,1,2,1,0,1,7,1,8,1,52,1,54,2,53,1" doraHai="53" doraHaiUra="49" who="2" fromWho="2" sc="391,-81,136,-41,173,183,280,-41" /><INIT seed="5,0,0,2,5,59" ten="310,95,356,239" oya="1" hai0="99,63,97,98,33,73,103,88,38,3,9,129,71" hai1="122,75,90,15,11,81,120,60,113,16,94,111,133" hai2="77,70,0,30,43,126,17,49,119,47,100,109,34" hai3="82,22,54,7,12,92,134,85,58,21,2,39,72"/><U131/><E113/><V104/><F0/><W101/><G72/><T95/><D33/><U84/><E133/><V66/><F119/><W96/><G2/><T53/><D38/><U117/><E117/><V121/><F49/><W91/><G39/><T68/><D73/><U105/><E131/><V116/><F47/><W32/><G32/><T130/><D3/><U31/><E31/><V1/><F66/><W24/><G134/><T125/><D125/><U127/><E127/><V57/><F57/><W40/><G40/><T132/><D132/><U62/><E105/><V89/><F17/><W10/><REACH who="3" step="1"/><G24/><REACH who="3" ten="310,95,356,229" step="2"/><T107/><D129/><U56/><E111/><V74/><F34/><W28/><G28/><T48/><D130/><U123/><REACH who="1" step="1"/><E56/><REACH who="1" ten="310,85,356,229" step="2"/><V41/><F30/><W64/><G64/><T79/><D71/><U37/><E37/><V19/><F116/><W65/><G65/><T35/><D35/><U102/><E102/><V115/><F100/><W106/><G106/><T50/><D68/><U135/><E135/><V83/><F70/><W93/><G93/><T44/><D107/><U45/><E45/><V76/><F126/><W5/><G5/><T128/><D128/><U118/><E118/><V61/><F115/><W36/><G36/><T25/><D103/><U27/><E27/><V78/><F109/><W52/><G52/><N who="0" m="29703" /><D25/><U29/><E29/><V86/><F104/><W87/><G87/><T124/><D124/><U14/><E14/><V4/><F86/><W67/><G67/><T51/><D95/><U42/><E42/><V114/><F43/><W108/><G108/><RYUUKYOKU ba="0,2" sc="310,-15,85,15,356,-15,229,15" hai1="11,15,16,60,62,75,81,84,90,94,120,122,123" hai3="7,10,12,21,22,54,58,82,85,91,92,96,101" /><INIT seed="5,1,2,5,1,57" ten="295,100,341,244" oya="1" hai0="56,114,44,51,34,112,63,123,124,13,80,40,100" hai1="30,98,118,6,2,126,25,60,131,46,11,10,33" hai2="89,102,17,50,43,77,111,7,26,49,79,71,96" hai3="104,12,103,18,39,21,35,97,90,53,86,14,32"/><U74/><E74/><V45/><F7/><W62/><G39/><T24/><D124/><U15/><E118/><V70/><F89/><W0/><G0/><T19/><D123/><U41/><E126/><V69/><F111/><W28/><G28/><N who="0" m="19719" /><D100/><U132/><E132/><V48/><F17/><W101/><G101/><T92/><D92/><U9/><E98/><V94/><F26/><W73/><G73/><T75/><D80/><U85/><E85/><V61/><REACH who="2" step="1"/><F61/><REACH who="2" ten="295,100,331,244" step="2"/><W128/><G12/><T64/><D19/><U133/><E133/><V5/><F5/><W8/><G62/><T115/><D13/><U37/><E131/><V59/><F59/><W66/><G128/><T122/><D122/><U129/><E129/><V121/><F121/><W116/><G14/><T58/><D75/><U83/><E83/><V81/><F81/><W72/><G18/><T23/><D23/><U84/><E84/><V76/><AGARI ba="1,3" hai="43,45,48,49,50,69,70,71,76,77,79,94,96,102" machi="76" ten="40,2700,0" yaku="1,1,0,1,53,0" doraHai="57" doraHaiUra="1" who="2" fromWho="2" sc="295,-8,100,-14,331,60,244,-8" /><INIT seed="6,0,0,3,4,59" ten="287,86,391,236" oya="2" hai0="110,102,98,9,120,15,32,75,25,50,114,18,43" hai1="10,94,49,8,35,103,13,30,67,81,57,47,53" hai2="115,54,87,77,124,97,112,45,71,118,70,104,6" hai3="44,117,129,1,132,125,56,69,27,17,85,68,58"/><V65/><F118/><W20/><G117/><T61/><D120/><U22/><E35/><V34/><F34/><W3/><G132/><T76/><D114/><U91/><E103/><V5/><F124/><W82/><G125/><T24/><D110/><U99/><E81/><V41/><F54/><W109/><G109/><T100/><D100/><U29/><E22/><V38/><F104/><W51/><G129/><T128/><D128/><U63/><REACH who="1" step="1"/><E8/><REACH who="1" ten="287,76,391,236" step="2"/><V66/><F112/><W92/><G82/><T134/><D32/><U116/><E116/><V42/><F115/><W60/><G20/><T46/><D134/><U2/><E2/><V72/><F72/><W113/><G1/><T107/><D75/><U73/><E73/><V55/><F77/><W19/><G3/><T23/><D76/><U123/><E123/><V119/><F119/><W90/><G113/><T88/><D9/><U133/><E133/><V131/><F131/><W78/><G78/><T84/><D88/><U64/><E64/><V83/><F83/><W52/><G90/><T48/><D102/><U0/><E0/><V4/><F70/><W101/><G69/><T135/><D23/><U40/><E40/><V96/><F71/><W37/><G68/><T16/><D43/><U80/><E80/><V89/><F42/><W86/><G101/><T11/><D135/><U79/><E79/><V111/><F41/><W108/><G108/><T36/><D11/><U121/><E121/><V39/><F111/><W122/><G122/><T14/><D107/><U31/><E31/><V21/><F89/><W126/><G126/><RYUUKYOKU ba="0,1" sc="287,-10,76,30,391,-10,236,-10" hai1="10,13,29,30,47,49,53,57,63,67,91,94,99" /><INIT seed="7,1,1,0,3,92" ten="277,106,381,226" oya="3" hai0="120,87,109,52,61,36,75,99,110,0,9,127,89" hai1="35,64,112,43,11,19,86,54,60,119,37,96,28" hai2="46,80,98,94,116,115,68,71,91,20,41,123,70" hai3="26,22,111,104,66,132,34,129,51,122,62,133,7"/><W24/><G51/><T114/><D75/><U25/><E112/><V78/><F115/><W1/><G22/><T118/><D36/><U73/><E119/><V124/><F116/><W102/><G26/><T107/><D118/><U57/><E73/><V16/><F123/><W38/><G129/><T53/><D120/><U72/><E72/><V84/><F124/><W10/><G102/><T4/><D114/><U21/><E86/><V56/><F56/><W105/><G62/><T8/><D127/><U14/><E37/><V3/><F3/><W128/><G66/><T33/><D33/><U81/><E81/><V88/><F91/><W69/><G38/><T135/><D135/><U18/><E43/><V12/><F70/><W17/><G69/><T83/><D9/><U63/><E19/><V134/><F134/><W100/><G17/><T97/><D107/><U108/><E108/><V65/><F65/><W50/><G111/><T47/><D110/><U29/><E29/><V49/><AGARI ba="1,1" hai="12,16,20,41,46,49,68,71,78,80,84,88,94,98" machi="49" ten="20,8000,1" yaku="0,1,7,1,52,1,54,2" doraHai="92" who="2" fromWho="2" sc="277,-21,106,-21,381,93,226,-41" owari="256,6.0,85,-41.0,474,56.0,185,-21.0" /></mjloggm>