<mjloggm ver="2.3"><GO type="97" lobby="0"/><UN n0="%E3%81%A4%E3%82%A7%E3%81%A8" n1="%E3%82%89%E3%82%8A%E3%81%8F%E3%81%BE" n2="%E3%81%A4%E3%81%AD%E3%81%8A" n3="%E3%83%88%E3%83%88%E3%83%AA%E5%85%88%E7%94%9F%31%39%E6%AD%B3" dan="13,15,14,14" rate="1879.77,1992.39,1956.45,2017.86" sx="M,M,M,F"/><TAIKYOKU oya="0"/><INIT seed="0,0,0,1,4,22" ten="250,250,250,250" oya="0" hai0="27,24,63,60,104,72,91,123,132,129,108,48,83" hai1="54,45,32,79,12,14,13,89,62,17,25,110,70" hai2="115,93,97,85,39,76,98,67,41,46,16,118,3" hai3="21,95,64,44,114,71,80,50,2,77,109,131,68"/><T28/><D123/><U59/><E110/><V43/><F118/><W78/><G114/><T84/><D104/><U99/><E79/><V55/><F3/><W86/><G2/><T18/><D129/><U1/><E1/><V5/><F115/><W90/><G131/><T111/><D132/><U81/><E70/><V31/><F5/><W92/><G109/><N who="0" m="42059" /><D28/><U105/><E105/><V122/><F31/><W128/><G128/><T82/><D18/><U73/><E73/><V116/><F67/><W8/><G78/><N who="0" m="44359" /><D48/><N who="1" m="28943" /><E32/><V10/><F39/><W119/><G8/><T20/><D20/><N who="1" m="13455" /><E81/><N who="2" m="47271" /><F116/><W107/><G107/><T36/><D36/><U15/><E15/><N who="2" m="7287" /><F122/><W9/><G119/><T117/><D117/><U47/><E12/><V26/><F26/><AGARI ba="0,0" hai="24,26,27,60,63,83,84,91" m="44359,42059" machi="26" ten="30,12000,1" yaku="14,1,10,1,52,3" doraHai="22" who="0" fromWho="2" sc="250,120,250,0,250,-120,250,0" /><INIT seed="0,1,0,3,1,120" ten="370,250,130,250" oya="0" hai0="108,105,74,36,54,48,37,110,79,62,33,63,117" hai1="116,50,27,40,113,42,22,30,39,46,127,82,21" hai2="115,3,92,131,1,68,52,89,55,49,9,102,90" hai3="59,2,23,10,31,71,109,134,101,15,128,38,58"/><T73/><D105/><U111/><E116/><V57/><F68/><W124/><G38/><T61/><D117/><U91/><E113/><V44/><F115/><W119/><G71/><T5/><D33/><U88/><E127/><V41/><F131/><W11/><G119/><T34/><D34/><U96/><E111/><N who="0" m="42537" /><D5/><U56/><E22/><V53/><F102/><W6/><G23/><T87/><D87/><U132/><E132/><V81/><F3/><W100/><G101/><T29/><D29/><U25/><E25/><V28/><F28/><W12/><G100/><T122/><D122/><U0/><E0/><V8/><F57/><W86/><G58/><N who="0" m="33095" /><D79/><U118/><E118/><V83/><F1/><W7/><G31/><T133/><D133/><U93/><E30/><V107/><F107/><W114/><G2/><T47/><D47/><U17/><E56/><V98/><REACH who="2" step="1"/><F89/><REACH who="2" ten="370,250,120,250" step="2"/><W95/><G109/><T84/><D84/><U14/><E91/><V72/><F72/><AGARI ba="1,1" hai="36,37,61,62,63,72,73,74" m="33095,42537" machi="72" ten="40,12000,1" yaku="14,1,10,1,52,3" doraHai="120" who="0" fromWho="2" sc="370,133,250,0,120,-123,250,0" owari="503,60.0,250,5.0,-3,-50.0,250,-15.0" /></mjloggm>