<mjloggm ver="2.3"><GO type="97" lobby="0"/><UN n0="%62%6C%61%75%38%38" n1="%E5%B0%B1%E6%B4%BB%E7%94%9F%40%E5%B7%9D%E6%9D%91%E8%BB%8D%E5%9B%A3" n2="%69%6B%65%70%61%6B%69%32" n3="%E3%82%A2%E3%82%AF%E3%82%B9%E3%82%B1" dan="13,15,15,14" rate="1866.13,1954.50,2011.44,1989.97" sx="M,M,M,M"/><TAIKYOKU oya="0"/><INIT seed="0,0,0,0,5,92" ten="250,250,250,250" oya="0" hai0="46,130,96,100,128,49,94,30,47,89,113,45,27" hai1="91,39,43,44,51,107,58,85,81,84,115,60,95" hai2="129,33,36,67,133,108,97,25,38,75,59,76,77" hai3="63,73,112,123,2,40,12,14,71,3,55,7,125"/><T116/><D113/><U111/><E115/><V124/><F108/><W104/><G112/><T102/><D116/><U13/><E111/><V118/><F118/><W41/><G73/><T103/><D128/><U42/><E107/><V74/><F129/><W34/><G123/><T18/><D30/><U48/><E13/><V56/><F133/><W16/><G125/><T6/><D6/><U101/><E43/><V72/><F124/><W17/><G34/><T98/><D130/><U29/><E29/><V122/><F122/><W121/><G121/><T54/><D27/><U5/><E5/><V65/><F97/><W114/><G114/><T117/><D117/><U24/><E24/><V20/><F33/><W23/><G104/><T82/><D82/><U28/><E28/><V19/><F59/><W11/><G71/><T0/><D0/><U53/><REACH who="1" step="1"/><E101/><REACH who="1" ten="250,240,250,250" step="2"/><V119/><F119/><W135/><G135/><T131/><D131/><U57/><E57/><V15/><F56/><W35/><G2/><T78/><D18/><U50/><E50/><V87/><F25/><W68/><G68/><T134/><D134/><U10/><E10/><V86/><F38/><W62/><G35/><T52/><D49/><U88/><AGARI ba="0,1" hai="39,42,44,48,51,53,58,60,81,84,85,88,91,95" machi="88" ten="20,5200,0" yaku="1,1,0,1,7,1,54,1,53,0" doraHai="92" doraHaiUra="22" who="1" fromWho="1" sc="250,-26,240,62,250,-13,250,-13" /><INIT seed="1,0,0,3,4,104" ten="224,302,237,237" oya="1" hai0="0,57,94,86,39,56,135,118,49,36,29,59,102" hai1="41,62,112,133,50,60,101,65,1,45,126,72,40" hai2="26,30,97,73,3,27,52,109,61,53,54,21,67" hai3="78,90,9,47,99,18,123,4,119,44,28,58,74"/><U116/><E112/><V80/><F109/><W91/><G123/><T121/><D0/><U55/><E1/><V38/><F3/><W122/><G122/><T10/><D121/><U127/><E101/><V35/><F38/><W124/><G124/><N who="1" m="47658" /><E72/><V89/><F97/><W8/><G28/><T115/><D118/><U120/><E120/><V83/><F89/><W85/><G74/><T130/><D115/><U66/><E116/><V48/><F48/><W71/><G71/><T107/><D29/><U37/><E133/><V125/><F125/><W77/><G119/><T23/><D135/><U131/><E131/><V15/><F15/><N who="3" m="5511" /><G58/><T96/><D130/><U92/><E92/><V114/><F114/><W64/><G64/><N who="1" m="24682" /><E40/><V82/><F73/><W103/><G103/><T5/><D23/><U111/><E111/><V76/><F76/><W128/><G128/><T132/><D132/><U68/><E68/><V42/><F42/><W106/><G99/><T75/><D75/><U81/><E81/><V13/><F13/><N who="3" m="7471" /><G106/><T17/><D107/><U11/><E11/><V113/><F113/><W100/><G100/><T24/><D39/><U34/><E34/><V22/><REACH who="2" step="1"/><F27/><REACH who="2" ten="224,302,227,237" step="2"/><W43/><G43/><T117/><D36/><U134/><E134/><V70/><AGARI ba="0,1" hai="21,22,26,30,35,52,53,54,61,67,70,80,82,83" machi="70" ten="30,7900,0" yaku="1,1,2,1,0,1,54,1,53,0" doraHai="104" doraHaiUra="87" who="2" fromWho="2" sc="224,-20,302,-39,227,89,237,-20" /><INIT seed="2,0,0,1,0,11" ten="204,263,316,217" oya="2" hai0="45,108,88,82,10,128,91,43,129,111,121,113,30" hai1="67,90,98,70,35,38,123,41,19,57,61,17,12" hai2="36,95,62,117,3,134,33,126,83,130,60,135,106" hai3="100,63,115,125,92,102,29,59,64,104,99,119,118"/><V1/><F117/><W86/><G125/><T80/><D30/><U0/><E0/><V101/><F106/><W65/><G115/><T20/><D20/><U103/><E35/><V58/><F33/><W77/><G65/><T55/><D55/><U27/><E123/><V105/><F105/><W85/><G85/><T26/><D26/><U49/><E90/><N who="0" m="34345" /><D10/><U40/><E38/><V51/><F126/><W6/><G6/><T120/><D45/><U34/><E49/><V94/><F36/><W68/><G68/><T7/><D7/><U114/><E114/><V14/><F130/><N who="0" m="50282" /><D43/><U74/><E74/><V107/><F83/><N who="0" m="31786" /><D113/><U78/><E57/><V9/><F51/><W89/><G77/><T96/><D96/><U15/><E78/><V81/><F81/><W69/><G69/><T4/><D4/><U133/><E27/><V132/><F1/><W72/><G119/><T73/><D73/><U131/><E34/><V71/><F3/><W13/><G86/><T122/><AGARI ba="0,0" hai="108,111,120,121,122" m="31786,50282,34345" machi="122" ten="40,12000,2" yaku="28,2,19,1,34,2,54,1" doraHai="11" who="0" fromWho="0" sc="204,120,263,-30,316,-60,217,-30" /><INIT seed="3,0,0,0,1,124" ten="324,233,256,187" oya="3" hai0="14,134,63,78,65,72,33,73,32,20,110,16,40" hai1="76,101,111,95,43,15,91,42,88,94,105,55,28" hai2="56,45,117,10,53,31,131,74,37,2,104,51,0" hai3="112,121,69,34,85,96,129,13,38,17,26,75,98"/><W118/><G121/><T115/><D110/><U103/><E111/><V106/><F74/><W52/><G118/><T93/><D134/><U128/><E105/><V107/><F117/><W82/><G112/><T39/><D72/><U81/><E28/><V120/><F31/><W133/><G75/><T6/><D6/><U127/><E127/><V126/><F120/><W97/><G69/><T61/><D61/><U79/><E55/><V99/><F126/><W35/><G133/><T27/><D27/><U58/><E58/><V100/><F131/><W123/><G123/><T108/><D108/><U8/><E128/><V92/><F10/><W80/><G38/><T7/><D7/><U36/><E36/><V59/><F59/><W3/><G3/><T60/><D60/><U57/><E57/><V50/><F37/><W23/><G35/><T30/><D30/><U11/><E81/><V116/><F116/><W67/><G129/><T89/><D78/><U66/><REACH who="1" step="1"/><E15/><REACH who="1" ten="324,223,256,187" step="2"/><V109/><F109/><W21/><G67/><AGARI ba="0,1" hai="8,11,42,43,66,67,76,79,88,91,94,95,101,103" machi="67" ten="25,12000,2" yaku="1,1,2,1,22,2,8,1,54,1,53,0" doraHai="124" doraHaiUra="24" who="1" fromWho="3" sc="324,0,223,130,256,0,187,-120" owari="324,12.0,353,45.0,256,-14.0,67,-43.0" /></mjloggm>