<mjloggm ver="2.3"><GO type="169" lobby="0"/><UN n0="%E6%9D%BE%E5%B1%8B%E3%81%8A%E3%81%98%E3%81%95%E3%82%93" n1="%EF%BC%9D%E9%AB%98%E6%A9%8B%E3%83%91%E3%83%B3%E3%83%80%EF%BC%9D" n2="%E3%82%A6%E3%83%AB%E3%83%88%E3%83%A9%E7%AB%8B%E7%9B%B4" n3="%E3%82%8F%E3%81%A3%E3%81%93%E3%83%BC%E3%83%BB%EF%BC%A1%E3%83%BB%E3%83%8E" dan="18,16,17,16" rate="2195.77,2120.35,2123.74,2089.35" sx="M,M,M,M"/><TAIKYOKU oya="0"/><INIT seed="0,0,0,2,1,37" ten="250,250,250,250" oya="0" hai0="16,96,34,133,49,74,128,83,44,5,17,64,79" hai1="94,33,35,126,106,53,55,113,86,78,102,97,57" hai2="65,60,70,40,4,71,20,31,130,27,98,19,80" hai3="10,90,123,48,114,82,132,72,58,103,135,52,36"/><T93/><D128/><U124/><E113/><V38/><F130/><W32/><G114/><T15/><D133/><N who="3" m="51273" /><G32/><T7/><D34/><U8/><E8/><V81/><F4/><W41/><G103/><T59/><D17/><U54/><E57/><V23/><F98/><W13/><G123/><T75/><D74/><U77/><E77/><V25/><REACH who="2" step="1"/><F70/><REACH who="2" ten="250,250,240,250" step="2"/><W89/><G72/><T87/><D75/><U47/><E97/><V110/><F110/><W115/><G115/><T12/><D5/><U76/><E124/><V21/><F21/><W84/><G90/><T50/><D7/><U30/><E126/><V9/><F9/><W120/><G120/><T129/><D129/><U6/><E6/><V62/><F62/><W46/><G10/><T85/><D96/><U14/><E35/><V125/><F125/><W122/><G122/><T3/><D85/><U100/><E86/><V95/><F95/><W69/><G69/><T116/><D93/><U118/><E94/><V24/><F24/><W0/><G13/><T28/><D12/><U91/><E14/><V111/><F111/><W43/><G0/><T11/><D3/><U92/><E92/><V73/><F73/><W131/><G131/><T117/><D15/><U121/><E33/><V56/><F56/><W101/><G101/><T134/><D11/><U107/><E102/><V51/><F51/><N who="3" m="31007" /><G36/><T45/><D134/><U99/><E100/><V1/><F1/><W119/><G119/><T61/><D117/><U42/><E118/><V63/><F63/><W22/><G22/><T68/><D116/><U109/><E121/><RYUUKYOKU ba="0,1" sc="250,-15,250,-15,240,15,250,15" hai2="19,20,23,25,27,31,38,40,60,65,71,80,81" hai3="41,43,46,48,82,84,89" /><INIT seed="1,1,1,2,2,79" ten="235,235,255,265" oya="1" hai0="86,51,46,113,133,48,91,31,125,60,19,23,88" hai1="27,116,42,85,102,82,6,103,117,62,64,96,83" hai2="29,55,99,40,119,32,81,36,15,124,33,101,9" hai3="114,37,127,122,69,132,24,11,135,28,12,112,72"/><U105/><E103/><V14/><F119/><W106/><G69/><T89/><D113/><N who="3" m="43625" /><G37/><T84/><D125/><U45/><E6/><V120/><F120/><W77/><G106/><T3/><D3/><U10/><E10/><V95/><F124/><W41/><G41/><T38/><D38/><U26/><E26/><V90/><F55/><W123/><G77/><T115/><D115/><U129/><E129/><V18/><F29/><W47/><G47/><T58/><D31/><U43/><E27/><V97/><F40/><W1/><G72/><T30/><D30/><U53/><E53/><V107/><F36/><W118/><G1/><T100/><D100/><U92/><E105/><V75/><F15/><W57/><G57/><T7/><D7/><U121/><E121/><N who="3" m="46090" /><G118/><T73/><D73/><U110/><E110/><V34/><REACH who="2" step="1"/><F75/><REACH who="2" ten="235,235,245,265" step="2"/><W2/><G2/><T87/><D46/><U67/><E45/><V134/><F134/><W130/><G127/><T126/><D133/><U74/><E74/><V128/><F128/><W66/><G130/><T39/><D39/><U44/><E117/><V80/><AGARI ba="1,2" hai="9,14,18,32,33,34,80,81,90,95,97,99,101,107" machi="80" ten="40,8000,1" yaku="1,1,0,1,52,2,53,0" doraHai="79" doraHaiUra="63" who="2" fromWho="2" sc="235,-21,235,-41,245,103,265,-21" /><INIT seed="2,0,0,3,1,11" ten="214,194,348,244" oya="2" hai0="27,49,104,88,10,56,20,118,93,87,54,24,47" hai1="131,84,86,122,119,116,80,39,120,45,110,69,3" hai2="62,28,37,33,133,114,71,97,36,50,94,32,35" hai3="91,81,51,53,99,58,98,101,78,112,19,111,83"/><V102/><F114/><W74/><G111/><T25/><D118/><N who="1" m="45099" /><E69/><V43/><F133/><W67/><G112/><T55/><D104/><U26/><E3/><V29/><F50/><W66/><G19/><T103/><D103/><U5/><E5/><V126/><F126/><W135/><G135/><T9/><REACH who="0" step="1"/><D20/><REACH who="0" ten="204,194,348,244" step="2"/><U75/><E122/><V108/><F35/><W85/><G99/><T121/><D121/><U44/><E120/><V65/><F33/><W117/><G117/><T60/><AGARI ba="0,1" hai="9,10,24,25,27,47,49,54,55,56,60,87,88,93" machi="60" ten="30,7900,0" yaku="1,1,0,1,8,1,54,1,53,0" doraHai="11" doraHaiUra="0" who="0" fromWho="0" sc="204,89,194,-20,348,-39,244,-20" /><INIT seed="3,0,0,5,0,24" ten="293,174,309,224" oya="3" hai0="12,102,69,90,47,65,78,26,93,132,114,97,37" hai1="19,68,113,123,127,44,108,23,82,122,16,46,104" hai2="4,52,2,48,59,17,87,32,75,33,20,64,80" hai3="89,35,121,3,25,81,95,11,42,39,45,73,129"/><W34/><G121/><T31/><D132/><U115/><E104/><V27/><F75/><W71/><G71/><T54/><D114/><U84/><E68/><V36/><F36/><W55/><G129/><T74/><D65/><U72/><E72/><V22/><F64/><W40/><G40/><T18/><D69/><U106/><E106/><V57/><F57/><W96/><G55/><T85/><D74/><U110/><E127/><V38/><F38/><W119/><G119/><T41/><D78/><U63/><E63/><V51/><F51/><W7/><REACH who="3" step="1"/><G25/><REACH who="3" ten="293,174,309,214" step="2"/><T126/><D54/><U9/><E123/><V21/><F52/><W112/><G112/><T128/><D128/><U94/><E122/><V107/><F27/><W13/><G13/><T120/><D120/><U103/><E115/><V77/><F2/><W117/><G117/><T14/><D126/><U79/><E113/><V130/><F130/><W99/><G99/><T53/><D53/><U101/><E46/><V92/><F59/><W125/><G125/><T109/><D12/><N who="1" m="7183" /><E44/><V124/><F124/><W43/><G43/><T67/><D47/><U28/><E110/><V60/><F60/><W49/><G49/><T135/><D109/><U105/><E108/><V118/><F48/><W6/><G6/><T133/><D41/><U0/><E0/><V111/><F4/><W1/><G1/><T10/><D37/><U91/><E105/><V66/><F107/><W88/><G88/><T76/><D67/><U116/><E116/><V29/><F66/><W50/><G50/><T83/><D90/><U98/><E91/><RYUUKYOKU ba="0,1" sc="293,15,174,-15,309,-15,214,15" hai0="10,14,18,26,31,76,83,85,93,97,102,133,135" hai3="3,7,11,34,35,39,42,45,73,81,89,95,96" /><INIT seed="3,1,1,5,0,97" ten="308,159,294,229" oya="3" hai0="43,3,118,128,81,102,90,37,49,71,98,55,36" hai1="21,132,23,108,73,14,65,129,131,106,133,2,87" hai2="45,7,66,76,94,20,51,84,10,50,4,115,9" hai3="85,82,95,64,16,25,8,6,53,99,117,112,38"/><W109/><G117/><T114/><D71/><U72/><E2/><V134/><F115/><W39/><G112/><T42/><D118/><U40/><E40/><V80/><F134/><N who="1" m="51817" /><E65/><V34/><F34/><W121/><G121/><T24/><D24/><U83/><E14/><V28/><F66/><W126/><G126/><T13/><D98/><U105/><E23/><V46/><F94/><W107/><G107/><N who="1" m="40970" /><E21/><V120/><F120/><W33/><G64/><T27/><D13/><U35/><E35/><V79/><F20/><W124/><G124/><T59/><D43/><U0/><E0/><V58/><F58/><W116/><G116/><T30/><D42/><U12/><E12/><V91/><F28/><W47/><G33/><T119/><D36/><U57/><E57/><V67/><F67/><W96/><G25/><T48/><D59/><U88/><E108/><V74/><F45/><W11/><G109/><T111/><D27/><U92/><E92/><V41/><F50/><N who="3" m="28895" /><G95/><T5/><D3/><U75/><AGARI ba="1,1" hai="72,73,75,83,87,88,129,131" m="40970,51817" machi="75" ten="40,8000,1" yaku="20,1,34,2,54,1" doraHai="97" who="1" fromWho="1" sc="308,-21,159,93,294,-21,229,-41" /><INIT seed="4,0,0,5,4,58" ten="287,252,273,188" oya="0" hai0="28,41,51,30,109,91,113,133,90,111,57,106,24" hai1="15,11,74,8,59,68,46,107,64,6,21,88,97" hai2="121,60,1,61,44,69,112,103,54,118,16,110,27" hai3="78,39,124,10,17,126,83,95,13,37,105,65,128"/><T119/><D119/><U0/><E68/><V31/><F110/><N who="0" m="41994" /><D113/><U48/><E74/><V94/><F1/><W129/><G105/><T71/><D71/><U9/><E21/><N who="2" m="13735" /><F69/><W2/><G95/><T55/><D106/><U84/><E97/><N who="2" m="59831" /><F121/><W32/><G32/><N who="0" m="20487" /><D133/><U108/><E107/><V7/><F112/><W47/><G65/><T63/><D30/><U131/><E131/><N who="3" m="50250" /><G2/><T18/><D18/><U25/><E25/><V40/><F31/><W85/><G47/><AGARI ba="0,0" hai="41,47,51,55,57,63,90,91" m="20487,41994" machi="47" ten="30,2900,0" yaku="10,1,52,1" doraHai="58" who="0" fromWho="3" sc="287,29,252,0,273,0,188,-29" /><INIT seed="4,1,0,2,1,59" ten="316,252,273,159" oya="0" hai0="29,3,109,127,37,87,67,91,74,89,58,60,72" hai1="42,62,135,107,2,64,105,28,133,92,86,35,45" hai2="1,122,32,17,78,95,125,39,33,50,117,132,13" hai3="83,124,27,84,41,21,129,120,24,40,11,56,61"/><T22/><D127/><U113/><E2/><V81/><F39/><W8/><G124/><T128/><D128/><U15/><E113/><V25/><F1/><W5/><G129/><T49/><D37/><U111/><E111/><V57/><F122/><W31/><G120/><T85/><D3/><U75/><E75/><V82/><F82/><W66/><G27/><T26/><D109/><U71/><E15/><V51/><F51/><W7/><G11/><T48/><D74/><U46/><E28/><V90/><F25/><W108/><G108/><T14/><D72/><U9/><E9/><V118/><F132/><N who="1" m="50761" /><E35/><V20/><F125/><W114/><G114/><T116/><D116/><U18/><E18/><V123/><F123/><W102/><G102/><T119/><D119/><U104/><E42/><V112/><F112/><W101/><G101/><T0/><D0/><U47/><E92/><V93/><F93/><W12/><REACH who="3" step="1"/><G7/><REACH who="3" ten="316,252,273,149" step="2"/><T16/><D89/><AGARI ba="1,1" hai="5,8,12,21,24,31,40,41,56,61,66,83,84,89" machi="89" ten="30,8000,1" yaku="1,1,2,1,7,1,8,1,52,1,53,0" doraHai="59" doraHaiUra="103" who="3" fromWho="0" sc="316,-83,252,0,273,0,149,93" /><INIT seed="5,0,0,3,2,67" ten="233,252,273,242" oya="1" hai0="90,122,104,114,72,33,59,54,46,62,10,99,63" hai1="107,125,38,26,87,133,113,51,132,129,135,48,18" hai2="74,28,81,39,23,41,123,98,56,131,34,40,127" hai3="126,61,4,121,83,70,103,53,73,105,71,111,66"/><U106/><E113/><V6/><F34/><W92/><G111/><T76/><D114/><U110/><E125/><V112/><F123/><W88/><G126/><T55/><D33/><U47/><E110/><V57/><F39/><W17/><G4/><T49/><D122/><U3/><E3/><V79/><F74/><W102/><G121/><T60/><D76/><U65/><E65/><V42/><F112/><W21/><G53/><T95/><D72/><U9/><E129/><V94/><F6/><W96/><G71/><T52/><D104/><N who="1" m="39979" /><E87/><N who="2" m="48575" /><F131/><W115/><G115/><T118/><D118/><U2/><E2/><V12/><F127/><W91/><G105/><T58/><REACH who="0" step="1"/><D10/><REACH who="0" ten="223,252,273,242" step="2"/><U35/><E9/><V16/><F28/><W78/><REACH who="3" step="1"/><G91/><AGARI ba="0,1" hai="12,16,23,40,41,42,56,57,91,94,98" m="48575" machi="91" ten="30,2000,0" yaku="8,1,54,1" doraHai="67" who="2" fromWho="3" sc="223,0,252,0,273,30,242,-20" /><INIT seed="6,0,0,0,5,116" ten="223,252,303,222" oya="2" hai0="73,70,40,8,128,4,112,45,79,125,12,35,68" hai1="25,76,43,63,130,18,26,106,69,53,55,109,60" hai2="15,94,85,110,111,9,16,114,80,56,34,124,52" hai3="49,48,115,67,50,82,23,134,91,31,51,102,65"/><V100/><F34/><W57/><G134/><T3/><D112/><U1/><E109/><N who="2" m="41483" /><F114/><W133/><G133/><T29/><D125/><U127/><E106/><V30/><F30/><W119/><G119/><T2/><D12/><U27/><E1/><V46/><F46/><W19/><G115/><T61/><D128/><U96/><E130/><V24/><F24/><W97/><G31/><T98/><D98/><U107/><E76/><V37/><F37/><W113/><G113/><T58/><D58/><U62/><E69/><V105/><F105/><W135/><G135/><T118/><D3/><U132/><E132/><V92/><F100/><W126/><G126/><T87/><D61/><U84/><E127/><V77/><F124/><W39/><G39/><N who="0" m="21663" /><D87/><U95/><E43/><V123/><F123/><W44/><G57/><T36/><D36/><U42/><E42/><V66/><F66/><W7/><G7/><T17/><D17/><U122/><E122/><V0/><F0/><W129/><G129/><T86/><D118/><U103/><E18/><V104/><F104/><W47/><G102/><T90/><D29/><U38/><E38/><V108/><F108/><W59/><G59/><T83/><D35/><U14/><E14/><V41/><F41/><W64/><N who="3" m="12288" /><DORA hai="117" /><W20/><G19/><T121/><D121/><U74/><E107/><V71/><F71/><W78/><G47/><T5/><D5/><U81/><E74/><V22/><F9/><W131/><G131/><T75/><D75/><U88/><AGARI ba="0,0" hai="25,26,27,53,55,60,62,63,81,84,88,95,96,103" machi="88" ten="30,4000,0" yaku="0,1,8,1,54,1" doraHai="116,117" who="1" fromWho="1" sc="223,-10,252,40,303,-20,222,-10" /><INIT seed="7,0,0,4,1,59" ten="213,292,283,212" oya="3" hai0="117,6,90,58,119,63,75,48,70,121,82,27,28" hai1="108,116,94,51,97,22,54,62,41,47,43,24,11" hai2="35,36,98,1,64,61,80,122,79,84,12,77,17" hai3="105,91,99,104,123,29,40,55,44,23,124,21,87"/><W93/><G123/><T65/><D121/><U133/><E108/><V20/><F36/><W46/><G124/><T13/><D6/><U72/><E72/><V95/><F35/><W125/><G125/><T92/><D13/><U101/><E133/><V115/><F1/><W31/><G105/><T18/><D18/><N who="1" m="12375" /><E116/><V112/><F122/><W129/><G129/><T102/><D102/><U2/><E2/><V130/><F130/><W88/><G55/><T38/><D38/><U0/><E0/><V100/><REACH who="2" step="1"/><F79/><REACH who="2" ten="213,292,273,212" step="2"/><W66/><G66/><T26/><D65/><U60/><E11/><V128/><F128/><W4/><G4/><T56/><D117/><U68/><E68/><AGARI ba="0,1" hai="12,17,20,61,64,68,77,80,84,95,98,100,112,115" machi="68" ten="40,2600,0" yaku="1,1,52,1,53,0" doraHai="59" doraHaiUra="107" who="2" fromWho="1" sc="213,0,292,-26,273,36,212,0" owari="213,-19.0,266,7.0,309,41.0,212,-29.0" /></mjloggm>