<mjloggm ver="2.3"><GO type="97" lobby="0"/><UN n0="%E3%83%88%E3%83%88%E3%83%AA%E5%85%88%E7%94%9F%31%39%E6%AD%B3" n1="%E9%A6%99%E5%91%B3%E7%B4%B3%E5%A3%AB" n2="%E3%82%B7%E3%83%BC%E3%82%B7%E3%83%A3" n3="%E3%81%97%E3%81%BF%E3%81%A3%E3%81%9F%E3%82%8C%2B%CF%86" dan="14,13,15,14" rate="1989.06,1832.67,2041.67,1963.61" sx="F,M,M,M"/><TAIKYOKU oya="0"/><INIT seed="0,0,0,1,5,73" ten="250,250,250,250" oya="0" hai0="41,123,117,94,2,109,0,24,78,63,107,58,10" hai1="95,42,36,35,18,72,66,108,93,7,3,65,23" hai2="53,8,9,22,28,39,87,57,135,71,125,14,26" hai3="83,33,100,84,68,128,104,27,15,19,76,111,103"/><T91/><D117/><U106/><E106/><V118/><F39/><W86/><G68/><T120/><D107/><U50/><E35/><V38/><F125/><W79/><G128/><T34/><D109/><U80/><E108/><V90/><F38/><W96/><G111/><T112/><D112/><U30/><E30/><V124/><F135/><W20/><G103/><T5/><D2/><U25/><E36/><V1/><F71/><W47/><G47/><T81/><D41/><U56/><E3/><V89/><F124/><W105/><G105/><T127/><D24/><U59/><E7/><V114/><F114/><W92/><G33/><T74/><D34/><U55/><E59/><V16/><F118/><W62/><G62/><T43/><D43/><U44/><E66/><V126/><F126/><W40/><G40/><T98/><REACH who="0" step="1"/><D127/><REACH who="0" ten="240,250,250,250" step="2"/><U12/><E25/><V75/><F1/><W60/><G104/><T67/><AGARI ba="0,1" hai="0,5,10,58,63,67,74,78,81,91,94,98,120,123" machi="67" ten="20,12000,1" yaku="1,1,2,1,0,1,7,1,52,1,53,0" doraHai="73" doraHaiUra="37" who="0" fromWho="0" sc="240,130,250,-40,250,-40,250,-40" /><INIT seed="0,1,0,3,5,56" ten="370,210,210,210" oya="0" hai0="44,1,80,87,23,83,96,36,129,60,66,95,71" hai1="46,114,90,0,19,16,134,20,101,69,76,120,128" hai2="26,61,53,39,62,108,132,42,21,15,70,68,94" hai3="4,31,13,35,93,5,98,106,48,18,105,104,65"/><T9/><D129/><U2/><E120/><V82/><F108/><W115/><G115/><T51/><D36/><U3/><E128/><V8/><F132/><W84/><G48/><T107/><D107/><U73/><E134/><V125/><F125/><W130/><G130/><T75/><D75/><U88/><E114/><V119/><F119/><W32/><G84/><T127/><D127/><U47/><E101/><V113/><F113/><W40/><G40/><T41/><D87/><U11/><E69/><V52/><F42/><W50/><G50/><T99/><D99/><U17/><E11/><V54/><F39/><W124/><G124/><T81/><D23/><U28/><E76/><V49/><F49/><W131/><G131/><T112/><D112/><U133/><E73/><V91/><F82/><W30/><G65/><T14/><D1/><U12/><E12/><V25/><F68/><W111/><G111/><T10/><REACH who="0" step="1"/><D14/><REACH who="0" ten="360,210,210,210" step="2"/><U33/><E133/><V67/><F21/><W122/><G32/><T74/><D74/><U29/><E20/><V79/><F79/><W116/><G35/><T117/><D117/><U63/><E33/><V6/><REACH who="2" step="1"/><F62/><REACH who="2" ten="360,210,200,210" step="2"/><W43/><G116/><T110/><D110/><U7/><E63/><V126/><F126/><W45/><G122/><T24/><D24/><U78/><E78/><V103/><F103/><AGARI ba="1,2" hai="9,10,41,44,51,60,66,71,80,81,83,95,96,103" machi="103" ten="40,7700,0" yaku="1,1,52,1,53,1" doraHai="56" doraHaiUra="57" who="0" fromWho="2" sc="360,100,210,0,200,-80,210,0" /><INIT seed="0,2,0,4,0,8" ten="460,210,120,210" oya="0" hai0="58,77,91,101,28,50,124,22,126,41,55,115,99" hai1="68,132,15,112,13,31,120,60,84,49,125,11,76" hai2="54,114,95,74,5,78,35,79,6,23,121,66,93" hai3="36,39,130,32,75,72,26,38,25,56,18,59,10"/><T83/><D115/><U29/><E120/><V2/><F35/><W119/><G119/><T57/><D91/><U30/><E112/><V98/><F121/><W86/><G130/><T103/><D41/><U87/><E132/><V40/><F40/><W7/><G86/><N who="1" m="32810" /><E125/><N who="0" m="48233" /><D28/><U105/><E105/><V117/><F117/><W42/><G42/><T100/><D22/><U48/><E76/><V69/><F69/><W131/><G131/><T43/><D43/><U106/><E106/><V16/><F66/><W82/><G82/><T96/><D58/><U47/><E68/><V21/><F74/><AGARI ba="2,0" hai="50,55,57,74,77,83,96,99,100,101,103" m="48233" machi="74" ten="30,1500,0" yaku="18,1" doraHai="8" who="0" fromWho="2" sc="460,21,210,0,120,-21,210,0" /><INIT seed="0,3,0,1,0,47" ten="481,210,99,210" oya="0" hai0="60,32,86,117,48,19,98,22,61,88,52,20,87" hai1="23,105,67,7,46,41,130,75,31,131,55,100,58" hai2="69,38,14,106,90,29,8,2,12,11,77,62,85" hai3="120,128,102,16,134,107,36,132,65,26,103,10,113"/><T27/><D117/><U9/><E75/><V84/><F38/><W89/><G113/><T91/><D32/><U133/><E67/><V51/><F106/><W50/><G36/><T70/><D22/><U135/><E105/><V66/><F29/><W124/><G107/><T53/><D70/><U33/><E100/><V15/><F77/><W49/><G120/><T82/><D98/><U114/><E33/><V81/><F85/><W18/><G65/><T68/><D68/><U13/><E114/><V4/><F2/><W99/><G99/><T108/><D53/><U57/><E31/><V119/><F119/><W109/><G89/><T43/><D43/><U28/><E28/><V101/><F101/><W71/><G71/><T127/><D127/><U0/><E0/><V34/><F34/><W3/><G124/><T5/><D5/><U25/><E25/><V54/><F11/><W6/><G128/><N who="1" m="49194" /><E23/><V129/><REACH who="2" step="1"/><F129/><REACH who="2" ten="481,210,89,210" step="2"/><W123/><G123/><T104/><D104/><U126/><E126/><V59/><AGARI ba="3,1" hai="4,8,12,14,15,51,54,59,62,66,69,81,84,90" machi="59" ten="20,12000,2" yaku="1,1,2,1,0,1,7,1,52,1,53,1" doraHai="47" doraHaiUra="79" who="2" fromWho="2" sc="481,-63,210,-33,89,139,210,-33" /><INIT seed="1,0,0,3,1,15" ten="418,177,228,177" oya="1" hai0="35,58,96,2,94,3,124,20,63,97,81,99,42" hai1="84,53,79,21,120,27,45,59,22,69,0,100,52" hai2="114,39,11,109,90,91,118,40,92,134,98,130,121" hai3="14,65,34,117,111,17,108,57,1,112,23,95,24"/><U123/><E69/><V4/><F121/><W7/><G112/><T85/><D35/><U46/><E0/><V88/><F118/><W60/><G117/><T26/><D124/><U83/><E100/><V44/><F109/><N who="3" m="42059" /><G95/><T29/><D42/><U16/><E21/><V131/><F134/><W67/><G1/><T49/><D49/><U87/><E87/><V75/><F75/><W101/><G101/><N who="0" m="60567" /><D2/><U62/><REACH who="1" step="1"/><E53/><REACH who="1" ten="418,167,228,177" step="2"/><V113/><F11/><N who="3" m="4479" /><G34/><T128/><D3/><U71/><E71/><V110/><F110/><W74/><G74/><T86/><D86/><U78/><E78/><V127/><F127/><W66/><AGARI ba="0,1" hai="17,23,24,57,60,65,66,67" m="4479,42059" machi="66" ten="30,2000,0" yaku="14,1,52,1" doraHai="15" who="3" fromWho="3" sc="418,-5,167,-10,228,-5,177,30" /><INIT seed="2,0,0,3,1,40" ten="413,157,223,207" oya="2" hai0="135,60,115,66,111,9,129,103,32,5,25,55,86" hai1="127,3,106,91,95,52,70,22,63,18,8,114,35" hai2="71,30,96,7,12,17,14,80,108,109,77,110,97" hai3="61,41,39,46,2,83,44,124,59,84,50,125,6"/><V128/><F71/><W133/><G2/><T48/><D115/><U23/><E127/><N who="3" m="48714" /><G6/><T49/><D111/><U87/><E114/><V75/><F30/><W31/><G31/><T134/><D129/><U19/><E35/><V0/><F128/><W78/><G133/><N who="0" m="50699" /><D103/><U34/><E34/><V57/><F57/><W102/><G102/><T58/><D86/><U62/><E106/><V121/><F121/><W85/><G59/><T74/><D74/><U118/><E118/><V11/><REACH who="2" step="1"/><F0/><REACH who="2" ten="413,157,213,207" step="2"/><W101/><G61/><T68/><D68/><U132/><E70/><V45/><F45/><W72/><G101/><T4/><D66/><U47/><E132/><V1/><F1/><W120/><G120/><T81/><D60/><U94/><E3/><V27/><F27/><W131/><G131/><T16/><D25/><U43/><E47/><V56/><F56/><W38/><G38/><T116/><D58/><U51/><E51/><V54/><F54/><AGARI ba="0,1" hai="39,41,44,46,50,54,72,78,83,84,85" m="48714" machi="54" ten="30,3900,0" yaku="18,1,52,2" doraHai="40" who="3" fromWho="2" sc="413,0,157,0,213,-39,207,49" /><INIT seed="3,0,0,4,2,25" ten="413,157,174,256" oya="3" hai0="123,65,43,70,103,77,125,105,62,28,18,78,79" hai1="76,61,102,66,60,15,63,71,75,112,89,67,64" hai2="52,85,29,104,19,74,13,113,133,84,2,114,34" hai3="5,86,108,16,100,45,83,4,110,95,10,3,57"/><W50/><G4/><T106/><D123/><U1/><E1/><V134/><F2/><W8/><G57/><T111/><D111/><N who="3" m="42537" /><G100/><T37/><D125/><U39/><E112/><V68/><F68/><W35/><G35/><T46/><D103/><U117/><E117/><V128/><F74/><W59/><G59/><T6/><D6/><U81/><E39/><V97/><F128/><W30/><G95/><T44/><D18/><U107/><E15/><V9/><F29/><W124/><G124/><T119/><D119/><U92/><E64/><V72/><F34/><W42/><G30/><T17/><D28/><U73/><E73/><V88/><F72/><W38/><G10/><T131/><D131/><U56/><E56/><V122/><F122/><W7/><G7/><T80/><D80/><U32/><E32/><V121/><F121/><W132/><G16/><T96/><D96/><U90/><E90/><V14/><F14/><W127/><G127/><T126/><D126/><U69/><E69/><V21/><F9/><W27/><G27/><T24/><REACH who="0" step="1"/><D46/><REACH who="0" ten="403,157,174,256" step="2"/><U94/><E67/><V82/><F113/><W31/><G31/><T20/><AGARI ba="0,1" hai="17,20,24,37,43,44,62,65,70,77,78,79,105,106" machi="20" ten="30,4000,0" yaku="1,1,2,1,0,1,53,0" doraHai="25" doraHaiUra="26" who="0" fromWho="0" sc="403,50,157,-10,174,-10,256,-20" owari="453,55.0,147,-35.0,164,-24.0,236,4.0" /></mjloggm>