<mjloggm ver="2.3"><GO type="169" lobby="0"/><UN n0="%E7%A9%B6%E6%A5%B5%41%49" n1="%E5%A4%A9%E7%A9%BA%73%61%79%61" n2="%E9%81%8A%E8%B5%B0" n3="%E3%82%A6%E3%83%AB%E3%83%88%E3%83%A9%E7%AB%8B%E7%9B%B4" dan="16,17,16,17" rate="2034.42,2170.56,2180.07,2176.04" sx="M,M,M,M"/><TAIKYOKU oya="0"/><INIT seed="0,0,0,1,5,58" ten="250,250,250,250" oya="0" hai0="133,125,100,44,31,23,61,131,105,56,18,50,129" hai1="25,123,19,110,103,74,36,104,57,12,8,29,45" hai2="102,63,6,80,15,43,114,2,53,5,11,95,119" hai3="32,72,83,90,76,46,121,16,81,93,130,40,14"/><T22/><D125/><U112/><E123/><V85/><F114/><W38/><G32/><T64/><D133/><U135/><E74/><V86/><F119/><W60/><G121/><T42/><D31/><U88/><E135/><V94/><F43/><W68/><G130/><N who="0" m="49675" /><D18/><U52/><E110/><V65/><F53/><W34/><G34/><T92/><D105/><U49/><E112/><V30/><F30/><W111/><G111/><T70/><D70/><U47/><E36/><V37/><F37/><W132/><G132/><T97/><AGARI ba="0,0" hai="22,23,42,44,50,56,61,64,92,97,100" m="49675" machi="97" ten="30,3000,0" yaku="19,1,52,1" doraHai="58" who="0" fromWho="0" sc="250,30,250,-10,250,-10,250,-10" /><INIT seed="0,1,0,2,3,92" ten="280,240,240,240" oya="0" hai0="44,104,134,127,99,18,55,69,15,32,24,94,66" hai1="77,76,135,64,74,12,102,30,73,131,116,70,81" hai2="52,130,72,50,19,0,106,114,60,43,10,58,126" hai3="8,120,133,40,34,25,78,98,11,89,54,21,88"/><T27/><D104/><U95/><E116/><V41/><F114/><W26/><G133/><T101/><D134/><U42/><E131/><V3/><F130/><W33/><G78/><T97/><D127/><U59/><E135/><V35/><F126/><W63/><G40/><T80/><D69/><U71/><E42/><V4/><F3/><W28/><G120/><T86/><D66/><U90/><E102/><V56/><F72/><W47/><G47/><T53/><D32/><U108/><E30/><V100/><F35/><W6/><G6/><T22/><D99/><U17/><E108/><V1/><F1/><W38/><G38/><T121/><D121/><U113/><E113/><V123/><F123/><W14/><G14/><T128/><D128/><U45/><E45/><V103/><F103/><W20/><G63/><T82/><D82/><U57/><E64/><V16/><F43/><W83/><G83/><T46/><D46/><U105/><E105/><V31/><F31/><W91/><G54/><N who="0" m="20491" /><D44/><U122/><E122/><V117/><F117/><W39/><G39/><T48/><D48/><U68/><E76/><AGARI ba="1,0" hai="15,18,22,24,27,76,80,86,94,97,101" m="20491" machi="76" ten="30,2900,0" yaku="8,1,52,1" doraHai="92" who="0" fromWho="1" sc="280,32,240,-32,240,0,240,0" /><INIT seed="0,2,0,3,3,55" ten="312,208,240,240" oya="0" hai0="3,67,69,5,75,36,21,110,124,95,104,38,86" hai1="114,39,89,62,61,52,28,112,127,23,12,81,7" hai2="57,83,35,97,98,84,44,49,76,6,113,37,82" hai3="80,48,123,115,54,130,63,58,14,59,68,106,129"/><T65/><D104/><U51/><E39/><V100/><F113/><N who="1" m="43625" /><E127/><V42/><F42/><W43/><G106/><T128/><D75/><U1/><E1/><V15/><F35/><W8/><G115/><T125/><D128/><N who="3" m="49257" /><G123/><T94/><D110/><U99/><E28/><V18/><F37/><N who="0" m="14442" /><D21/><U27/><E12/><V101/><F6/><N who="3" m="3351" /><G80/><T121/><D121/><U78/><E7/><V126/><F126/><N who="0" m="48746" /><D69/><U87/><E23/><V31/><F31/><W30/><G30/><T108/><D108/><U107/><E27/><V88/><F44/><N who="3" m="25631" /><G54/><T32/><D32/><U91/><E107/><V103/><F82/><W90/><G90/><N who="1" m="34314" /><E99/><V70/><F70/><W29/><G29/><T109/><D109/><U46/><AGARI ba="2,0" hai="46,51,52,61,62,78,81,87" m="34314,43625" machi="46" ten="30,2000,0" yaku="11,1,54,1" doraHai="55" who="1" fromWho="1" sc="312,-12,208,26,240,-7,240,-7" /><INIT seed="1,0,0,4,0,29" ten="300,234,233,233" oya="1" hai0="112,5,80,104,68,83,38,117,134,70,95,44,53" hai1="3,16,52,59,10,127,66,37,61,135,7,73,36" hai2="42,57,107,105,108,81,28,90,78,43,49,86,123" hai3="64,40,4,1,30,91,39,35,111,132,109,82,50"/><U33/><E73/><V96/><F123/><W93/><G39/><T51/><D104/><U101/><E127/><V54/><F108/><N who="3" m="41547" /><G64/><T113/><D117/><U22/><E135/><V97/><F107/><W122/><G82/><T0/><D134/><U24/><E101/><V46/><F28/><W120/><G132/><T14/><D0/><U103/><E103/><V131/><F131/><W32/><G4/><T99/><D38/><U115/><E115/><V17/><F105/><W71/><G1/><T121/><D121/><N who="3" m="46697" /><G30/><T118/><D118/><U130/><E130/><V102/><F102/><W84/><G71/><T100/><D70/><U69/><REACH who="1" step="1"/><E33/><REACH who="1" ten="300,224,233,233" step="2"/><N who="3" m="12874" /><G40/><T41/><D41/><U110/><E110/><V114/><F42/><W77/><G77/><T34/><D113/><U58/><E58/><V60/><F114/><W31/><G31/><T19/><D112/><U20/><E20/><V48/><F78/><W88/><G91/><T85/><D68/><U133/><E133/><V65/><REACH who="2" step="1"/><F17/><REACH who="2" ten="300,224,223,233" step="2"/><W47/><G47/><AGARI ba="0,2" hai="43,46,47,48,49,54,57,60,65,81,86,90,96,97" machi="47" ten="30,12000,2" yaku="1,1,2,1,7,1,8,1,53,2" doraHai="29" doraHaiUra="94" who="2" fromWho="3" sc="300,0,224,0,223,140,233,-120" /><INIT seed="2,0,0,4,4,3" ten="300,224,363,113" oya="2" hai0="103,97,0,41,79,93,59,112,40,50,29,102,17" hai1="14,128,99,45,82,13,134,28,101,10,16,84,18" hai2="33,96,100,26,6,34,54,24,67,87,46,66,74" hai3="49,61,78,57,63,80,77,75,109,31,121,116,15"/><V52/><F74/><W38/><G38/><T4/><D112/><U70/><E70/><V42/><F87/><W104/><G121/><T135/><D135/><U7/><E134/><V85/><F85/><W122/><G122/><T107/><D79/><U37/><E128/><V20/><F6/><W1/><G1/><T48/><D29/><U91/><E28/><V39/><F33/><W131/><G109/><T95/><D107/><U64/><E64/><V111/><F111/><W108/><G108/><T58/><D97/><U73/><E73/><V98/><F34/><W86/><G104/><T11/><D0/><U55/><E14/><V21/><F46/><W68/><G131/><T71/><D11/><U129/><E129/><V2/><F2/><W5/><G116/><T72/><D72/><U60/><E37/><V36/><F42/><W65/><G31/><T124/><D71/><U47/><E60/><V22/><REACH who="2" step="1"/><F20/><REACH who="2" ten="300,224,353,113" step="2"/><W125/><G75/><T119/><D4/><U113/><E113/><V8/><F8/><W133/><G133/><T118/><D41/><U76/><E47/><V126/><F126/><W90/><G125/><T27/><D40/><U83/><E76/><V106/><F106/><W9/><REACH who="3" step="1"/><G49/><REACH who="3" ten="300,224,353,103" step="2"/><T12/><D124/><U53/><E45/><V110/><F110/><W51/><G51/><T94/><D50/><U69/><E83/><V44/><F44/><W123/><G123/><T25/><D48/><U19/><E69/><V35/><F35/><W127/><G127/><T62/><D119/><U120/><E120/><V30/><F30/><W92/><G92/><AGARI ba="0,2" hai="7,10,13,16,18,19,53,55,82,84,91,92,99,101" machi="92" ten="40,8000,1" yaku="6,1,8,1,52,1,54,1" doraHai="3" who="1" fromWho="3" sc="300,0,224,100,353,0,103,-80" /><INIT seed="3,0,0,2,0,89" ten="300,324,353,23" oya="3" hai0="51,6,115,14,79,114,40,30,4,70,108,74,60" hai1="23,72,50,29,129,25,64,125,122,57,58,109,119" hai2="130,100,75,56,54,128,41,131,84,135,111,97,48" hai3="117,24,55,63,44,93,7,5,11,21,43,33,47"/><W110/><G33/><T91/><D108/><U34/><E109/><V126/><F111/><W99/><G110/><T39/><D39/><U16/><E122/><V102/><F75/><W9/><G117/><T132/><D132/><U38/><E72/><V17/><F135/><W77/><G77/><T106/><D106/><U12/><E38/><V101/><F126/><W67/><G43/><T80/><D30/><U120/><E120/><V69/><F69/><W45/><G7/><T53/><D40/><U27/><E125/><V82/><F41/><W2/><G11/><T1/><D1/><U35/><E119/><V90/><REACH who="2" step="1"/><F17/><REACH who="2" ten="300,324,343,23" step="2"/><W78/><G78/><T73/><D74/><U19/><E19/><V68/><F68/><W26/><G55/><T118/><D118/><U103/><E64/><V116/><F116/><W46/><N who="3" m="11264" /><DORA hai="124" /><W49/><G49/><T95/><D51/><U20/><E50/><V59/><F59/><W8/><G8/><T66/><D53/><U123/><E58/><V105/><AGARI ba="0,1" hai="48,54,56,82,84,90,97,100,101,102,105,128,130,131" machi="105" ten="30,12000,2" yaku="1,1,0,1,19,1,52,3,53,0" doraHai="89,124" doraHaiUra="32,28" who="2" fromWho="2" sc="300,-30,324,-30,343,130,23,-60" owari="270,-13.0,294,9.0,473,58.0,-37,-54.0" /></mjloggm>