<mjloggm ver="2.3"><GO type="169" lobby="0"/><UN n0="%4B%69%72%63%68%65" n1="%E5%B0%B1%E6%B4%BB%E7%94%9F%40%E5%B7%9D%E6%9D%91%E8%BB%8D%E5%9B%A3" n2="%E3%81%84%E3%81%AC%E3%81%98%E3%82%83%E3%82%89%EF%BC%94" n3="%52%4F%4C%4C%59" dan="17,16,19,16" rate="2125.36,2103.80,2295.74,2140.18" sx="M,M,M,M"/><TAIKYOKU oya="0"/><INIT seed="0,0,0,4,1,99" ten="250,250,250,250" oya="0" hai0="14,120,21,13,33,17,84,127,46,12,63,80,36" hai1="92,112,38,103,3,134,49,8,104,65,56,39,81" hai2="110,67,57,97,1,30,132,101,11,129,87,62,95" hai3="59,82,109,121,118,43,69,89,91,73,10,128,53"/><T77/><D120/><U78/><E104/><V16/><F110/><W35/><G10/><T122/><D122/><U28/><E134/><V2/><F132/><W31/><G31/><T54/><D33/><U98/><E28/><V117/><F117/><W47/><G82/><T86/><D127/><U96/><E112/><V114/><F114/><W18/><G18/><T68/><D68/><U133/><E96/><V75/><F75/><W34/><G59/><N who="0" m="35319" /><D36/><U106/><E106/><V115/><F115/><W15/><G15/><N who="0" m="9407" /><D86/><U100/><E133/><V107/><F129/><W126/><G53/><T93/><D93/><U25/><E25/><V135/><F30/><W72/><G126/><T116/><D116/><U85/><E39/><V123/><F123/><W50/><G118/><T7/><D46/><U83/><E38/><V29/><F29/><W90/><G121/><T44/><D44/><U79/><E3/><V71/><F71/><W37/><G69/><T74/><D74/><N who="3" m="28777" /><G37/><T64/><D64/><U26/><E26/><V45/><F45/><W124/><G124/><T9/><AGARI ba="0,0" hai="7,9,12,13,14,77,80,84" m="9407,35319" machi="9" ten="30,1500,0" yaku="8,1" doraHai="99" who="0" fromWho="0" sc="250,15,250,-5,250,-5,250,-5" /><INIT seed="0,1,0,4,0,135" ten="265,245,245,245" oya="0" hai0="58,50,122,85,61,119,75,89,118,88,31,71,92" hai1="66,14,23,60,4,73,129,64,100,86,94,19,105" hai2="48,0,29,82,10,90,13,93,51,56,132,43,109" hai3="25,134,54,65,52,113,15,27,115,106,69,116,112"/><T46/><D71/><U77/><E129/><V128/><F0/><W80/><G116/><T98/><D75/><U30/><E105/><V72/><F132/><W97/><G134/><T78/><D78/><U81/><E4/><V123/><F123/><W114/><G114/><T26/><D122/><U8/><E30/><V32/><F128/><W2/><G2/><T34/><D61/><U36/><E36/><V67/><F43/><W102/><G80/><T130/><D58/><U91/><E60/><V70/><F70/><W20/><G15/><T5/><D5/><U18/><REACH who="1" step="1"/><E100/><REACH who="1" ten="265,235,245,245" step="2"/><V12/><F29/><W44/><G113/><T127/><D130/><U99/><E99/><V22/><F51/><W47/><G112/><T96/><D96/><U16/><E16/><V21/><F48/><W84/><G115/><T124/><D118/><U87/><E87/><V120/><F120/><W1/><G102/><T6/><D6/><U111/><E111/><V39/><F39/><W17/><G106/><T35/><D119/><U108/><E108/><V11/><F109/><W24/><G97/><T62/><D62/><U53/><E53/><V126/><F67/><W3/><G65/><T101/><D35/><U121/><E121/><V103/><F103/><W37/><G37/><T57/><D85/><U110/><E110/><V59/><F72/><W68/><G17/><T55/><REACH who="0" step="1"/><D46/><REACH who="0" ten="255,235,245,245" step="2"/><U76/><E76/><V133/><F32/><W45/><G84/><T49/><D49/><U63/><E63/><V41/><F133/><W7/><G7/><T117/><D117/><U28/><E28/><RYUUKYOKU ba="1,2" sc="255,15,235,15,245,-15,245,-15" hai0="26,31,34,50,55,57,88,89,92,98,101,124,127" hai1="8,14,18,19,23,64,66,73,77,81,86,91,94" /><INIT seed="0,2,2,1,0,44" ten="270,250,230,230" oya="0" hai0="8,88,7,98,57,38,43,130,81,40,37,25,127" hai1="111,132,94,97,102,86,52,9,2,18,69,126,20" hai2="83,51,134,0,34,54,89,70,28,14,15,31,114" hai3="119,27,49,80,85,58,129,17,23,32,109,12,93"/><T82/><D130/><U71/><E111/><V73/><F0/><W116/><G109/><T30/><D127/><U59/><E126/><V107/><F114/><W35/><G129/><T47/><D57/><U123/><E123/><V62/><F107/><W113/><G113/><T122/><D122/><U11/><E132/><V68/><F134/><W16/><G116/><T75/><D75/><U67/><E67/><V87/><F73/><W65/><G119/><T50/><D40/><U105/><E2/><V74/><F74/><W10/><G93/><N who="0" m="56615" /><D37/><U26/><E71/><V124/><F124/><W46/><G58/><T72/><D38/><U53/><E53/><V104/><F104/><W22/><G22/><N who="0" m="15671" /><D72/><U128/><E69/><V6/><F34/><W13/><G27/><T108/><D108/><U112/><E128/><V4/><F70/><W78/><REACH who="3" step="1"/><G65/><REACH who="3" ten="270,250,230,220" step="2"/><T96/><D96/><U101/><E112/><V42/><F68/><W76/><G76/><T61/><D61/><N who="1" m="36071" /><E105/><V92/><F62/><W118/><G118/><T125/><D125/><U131/><E131/><V5/><F92/><W33/><G33/><T115/><D115/><U21/><E102/><V110/><F110/><W56/><G56/><T29/><D29/><N who="1" m="17607" /><E86/><V135/><F135/><W121/><G121/><T64/><D64/><U106/><E106/><V103/><F103/><W95/><G95/><T120/><D120/><U41/><E94/><V66/><F66/><W100/><G100/><T84/><D84/><U77/><E97/><V39/><F87/><W55/><AGARI ba="2,3" hai="10,12,13,16,17,23,32,35,46,49,55,78,80,85" machi="55" ten="20,12000,2" yaku="1,1,0,1,7,1,52,1,54,1,53,1" doraHai="44" doraHaiUra="45" who="3" fromWho="3" sc="270,-62,250,-32,230,-32,220,156" /><INIT seed="1,0,0,5,4,31" ten="208,218,198,376" oya="1" hai0="128,131,78,104,116,16,2,55,107,80,30,101,76" hai1="8,22,68,110,127,46,18,14,134,125,3,124,4" hai2="108,20,33,53,118,52,95,23,45,83,130,94,120" hai3="42,10,112,61,57,82,1,63,105,84,135,15,85"/><U100/><E68/><V48/><F118/><W13/><G112/><T43/><D2/><U9/><E100/><V62/><F120/><W133/><G105/><T117/><D43/><U72/><E72/><V44/><F108/><W12/><G42/><T47/><D30/><U25/><E46/><V51/><F130/><N who="0" m="49706" /><D55/><U39/><E39/><V34/><F83/><W91/><G84/><N who="0" m="48135" /><D47/><U115/><E110/><V119/><F119/><N who="0" m="45642" /><D16/><N who="1" m="12487" /><E134/><N who="3" m="51210" /><G57/><T67/><D67/><U7/><E115/><V49/><F49/><W24/><G24/><T29/><D29/><U92/><E92/><V5/><F5/><AGARI ba="0,0" hai="1,5,10,12,13,15,61,63,82,85,91" m="51210" machi="5" ten="30,1000,0" yaku="20,1" doraHai="31" who="3" fromWho="2" sc="208,0,218,0,198,-10,376,10" /><AGARI ba="0,0" hai="3,4,5,7,8,9,14,18,124,125,127" m="12487" machi="5" ten="30,11600,0" yaku="18,1,34,2,54,1" doraHai="31" who="1" fromWho="2" sc="208,0,218,116,188,-116,386,0" /><INIT seed="1,1,0,5,1,72" ten="208,334,72,386" oya="1" hai0="135,5,78,48,36,112,14,120,133,131,64,9,2" hai1="69,126,31,15,121,4,104,42,24,39,101,51,57" hai2="46,7,103,6,125,1,128,70,71,17,98,130,61" hai3="41,108,132,94,86,34,85,109,10,90,65,35,29"/><U59/><E69/><V45/><F125/><W118/><G132/><N who="0" m="50763" /><D36/><U91/><E39/><V123/><F123/><W107/><G107/><T97/><D120/><U124/><E121/><V0/><F17/><W84/><G118/><T33/><D33/><N who="3" m="12297" /><G29/><T134/><D112/><U110/><E104/><V23/><F23/><W89/><G41/><T3/><D131/><U40/><E101/><V74/><F74/><W111/><G65/><T60/><D134/><U93/><E110/><V67/><F103/><W20/><G20/><T25/><D25/><U54/><E15/><V95/><F95/><W88/><G10/><T66/><D97/><AGARI ba="1,0" hai="84,85,86,88,89,90,94,97,108,109,111" m="12297" machi="97" ten="40,2600,0" yaku="14,1,54,1" doraHai="72" who="3" fromWho="0" sc="208,-29,334,0,72,0,386,29" /><INIT seed="2,0,0,0,4,99" ten="179,334,72,415" oya="2" hai0="132,78,19,127,107,51,27,98,29,43,89,128,122" hai1="1,37,14,22,109,76,18,124,48,90,64,115,53" hai2="41,54,74,62,33,17,52,30,9,0,91,8,97" hai3="96,31,44,93,134,47,55,118,70,112,5,87,36"/><V25/><F74/><W65/><G118/><T116/><D122/><U45/><E1/><V6/><F41/><W105/><G134/><T56/><D132/><U94/><E115/><V49/><F62/><W119/><G119/><T35/><D116/><U104/><E104/><V59/><F54/><W20/><G105/><T10/><D128/><U92/><E109/><V117/><F117/><W103/><G112/><T131/><D131/><U100/><E124/><V69/><F69/><W81/><G5/><T42/><D127/><U67/><E37/><V72/><F72/><W133/><G133/><T77/><D42/><U28/><E76/><V82/><F97/><W135/><G135/><T110/><D110/><U60/><E28/><V57/><F57/><W32/><G32/><T123/><D123/><U58/><E100/><V106/><F106/><W126/><G126/><T129/><D129/><U80/><E80/><V85/><F9/><W50/><G70/><T108/><D108/><U113/><E94/><V4/><F4/><W130/><G130/><T15/><D43/><N who="1" m="24639" /><E113/><V46/><F17/><W84/><G65/><T114/><D114/><U13/><E13/><V21/><REACH who="2" step="1"/><F46/><REACH who="2" ten="179,334,62,415" step="2"/><W121/><G121/><T7/><D19/><U26/><E53/><V61/><F61/><W23/><G47/><T63/><D63/><U73/><E73/><V11/><F11/><W125/><G125/><T86/><D107/><U75/><E75/><V38/><F38/><W79/><G36/><T24/><D7/><U111/><E111/><V39/><F39/><W101/><G96/><T66/><D98/><RYUUKYOKU ba="0,1" sc="179,-10,334,-10,62,30,415,-10" hai2="0,6,8,21,25,30,33,49,52,59,82,85,91" /><INIT seed="2,1,1,0,1,11" ten="169,324,92,405" oya="2" hai0="32,97,16,52,78,62,123,29,132,127,12,0,13" hai1="59,70,74,107,90,19,89,3,69,102,48,94,100" hai2="57,71,77,84,8,95,41,120,68,99,49,15,118" hai3="83,55,27,37,85,9,66,105,26,61,135,22,23"/><V80/><F118/><W88/><G105/><T116/><D0/><U45/><E74/><V63/><F120/><W131/><G131/><T31/><D123/><U93/><E3/><V14/><F49/><W39/><G135/><T44/><D132/><U114/><E107/><V126/><F41/><W130/><G130/><T73/><D127/><U20/><E114/><V125/><F71/><W113/><G55/><T30/><D32/><U60/><E69/><V17/><F68/><W79/><G79/><T4/><D116/><U82/><E82/><V54/><REACH who="2" step="1"/><F15/><REACH who="2" ten="169,324,82,405" step="2"/><W40/><G40/><T7/><D13/><N who="1" m="9327" /><E70/><V36/><F36/><W106/><G39/><T112/><D112/><U56/><E48/><V98/><F98/><W42/><G37/><T1/><D1/><U122/><E122/><V110/><F110/><W58/><G42/><T92/><D4/><U64/><E45/><V128/><F128/><W35/><G113/><T47/><D7/><U124/><E124/><V18/><F18/><W87/><G61/><T65/><D44/><U38/><E38/><V101/><AGARI ba="1,2" hai="8,14,17,54,57,63,77,80,84,95,99,101,125,126" machi="101" ten="30,11700,0" yaku="1,1,0,1,52,1,53,1" doraHai="11" doraHaiUra="96" who="2" fromWho="2" sc="169,-40,324,-40,82,140,405,-40" /><INIT seed="2,2,0,2,4,21" ten="129,284,222,365" oya="2" hai0="122,66,68,90,58,98,17,132,36,44,88,133,70" hai1="125,83,118,15,62,130,5,0,105,86,120,56,104" hai2="19,74,52,53,4,84,9,61,93,112,1,37,33" hai3="11,49,107,123,7,106,13,46,102,76,12,77,89"/><V18/><F74/><W67/><G123/><T65/><D122/><U121/><E118/><V55/><F112/><W99/><G107/><T72/><D72/><U38/><E38/><V60/><F37/><W6/><G67/><N who="0" m="25611" /><D58/><U34/><E34/><V3/><F33/><W16/><G89/><N who="0" m="34411" /><D98/><U110/><E0/><V63/><F84/><W85/><G85/><T134/><D17/><U94/><E105/><V23/><F93/><W2/><G2/><T113/><D113/><U42/><E104/><V43/><F43/><AGARI ba="2,0" hai="36,43,44,68,70,132,133,134" m="34411,25611" machi="43" ten="40,2600,0" yaku="20,1,54,1" doraHai="21" who="0" fromWho="2" sc="129,32,284,0,222,-32,365,0" /><INIT seed="3,0,0,1,4,88" ten="161,284,190,365" oya="3" hai0="101,45,11,122,124,42,104,67,8,46,126,40,75" hai1="80,56,100,5,32,77,119,114,116,127,49,135,17" hai2="41,35,39,123,18,19,0,73,14,33,36,112,78" hai3="10,99,87,28,48,70,103,106,4,110,53,94,68"/><W54/><G28/><T72/><D122/><U29/><E114/><V24/><F112/><W130/><G130/><T92/><D104/><U38/><E38/><V63/><F0/><W69/><G110/><T51/><D67/><U118/><E135/><V65/><F123/><W52/><G87/><T84/><D101/><U37/><E37/><V22/><F78/><W43/><G43/><T23/><D23/><U58/><E127/><V97/><F73/><W107/><REACH who="3" step="1"/><G48/><REACH who="3" ten="161,284,190,355" step="2"/><T27/><D84/><N who="1" m="48143" /><E49/><V111/><F111/><W76/><G76/><T9/><D51/><U79/><E29/><V129/><F129/><W113/><G113/><T85/><D85/><U134/><E79/><V131/><F131/><W34/><G34/><T133/><D133/><U83/><E32/><V86/><F86/><W82/><G82/><T47/><D42/><U95/><E83/><V62/><F41/><W64/><G64/><T13/><D40/><U57/><E134/><V115/><F115/><W21/><G21/><T108/><D108/><U71/><E116/><V60/><F65/><W6/><G6/><T50/><D50/><U105/><E5/><V121/><F121/><W102/><G102/><T93/><D75/><U91/><E118/><V26/><F39/><W3/><AGARI ba="0,1" hai="3,4,10,52,53,54,68,69,70,94,99,103,106,107" machi="3" ten="40,12000,1" yaku="1,1,0,1,52,1,54,1,53,0" doraHai="88" doraHaiUra="109" who="3" fromWho="3" sc="161,-40,284,-40,190,-40,355,130" /><INIT seed="3,1,0,1,5,133" ten="121,244,150,485" oya="3" hai0="3,76,69,86,47,109,118,0,4,96,116,64,115" hai1="98,5,104,73,42,90,125,15,102,39,110,80,26" hai2="91,122,67,23,81,53,93,84,94,59,126,35,130" hai3="21,107,75,13,9,87,31,131,99,68,50,83,36"/><W89/><G36/><T45/><D115/><U82/><E110/><V25/><F35/><W34/><G34/><T32/><D32/><U51/><E39/><V63/><F130/><W88/><G68/><T111/><D96/><U49/><E26/><V33/><F33/><W14/><G131/><T129/><D129/><U55/><E42/><V6/><F122/><W10/><G75/><T77/><D64/><U30/><E30/><V105/><F105/><W134/><G134/><T132/><D69/><U41/><E41/><V65/><F126/><W113/><G113/><T38/><D38/><U114/><E114/><V2/><F6/><W37/><G37/><T43/><D43/><U12/><E51/><V29/><F2/><W106/><G106/><T48/><D48/><U58/><E125/><V40/><F40/><W128/><G128/><T28/><D28/><U135/><E135/><V71/><REACH who="2" step="1"/><F67/><REACH who="2" ten="121,244,140,485" step="2"/><W44/><G107/><T8/><D132/><U72/><E5/><V127/><F127/><W103/><G103/><T56/><D4/><U78/><E90/><V79/><F79/><AGARI ba="1,1" hai="12,15,49,55,58,72,73,78,79,80,82,98,102,104" machi="79" ten="40,1300,0" yaku="9,1" doraHai="133" who="1" fromWho="2" sc="121,0,244,26,140,-16,485,0" /><INIT seed="4,0,0,5,1,122" ten="121,270,124,485" oya="0" hai0="10,127,9,59,94,100,56,118,114,109,37,2,53" hai1="29,95,25,98,21,78,31,77,116,12,41,86,91" hai2="19,34,126,119,8,103,112,69,5,16,22,133,66" hai3="131,90,3,35,130,72,108,62,71,117,52,67,96"/><T61/><D118/><U80/><E116/><V74/><F119/><W79/><G35/><T48/><D37/><U15/><E41/><V28/><F74/><W30/><G3/><T82/><D127/><U87/><E31/><V57/><F69/><W42/><G42/><T0/><D114/><U89/><E77/><V36/><F36/><W81/><G30/><T135/><D135/><U111/><E111/><V60/><F112/><W27/><G27/><T83/><D0/><U65/><E65/><V120/><F120/><W132/><G132/><T92/><D109/><U101/><REACH who="1" step="1"/><E89/><REACH who="1" ten="121,260,124,485" step="2"/><V14/><F133/><W110/><G117/><T125/><D125/><U44/><E44/><V85/><F126/><W107/><G90/><T73/><D73/><U23/><E23/><V93/><F34/><W115/><G115/><T106/><D2/><U38/><E38/><V26/><REACH who="2" step="1"/><F85/><REACH who="2" ten="121,260,114,485" step="2"/><W129/><G108/><T50/><D53/><U76/><E76/><V11/><F11/><W33/><G110/><T45/><D9/><U58/><E58/><V123/><F123/><W104/><G52/><T49/><D10/><U32/><E32/><V7/><F7/><W1/><G33/><T121/><D121/><U124/><E124/><V113/><F113/><W64/><G71/><T68/><D68/><U102/><E102/><V128/><F128/><W134/><G129/><T63/><D59/><U70/><E70/><V18/><F18/><W97/><G130/><T13/><D56/><U88/><E88/><V99/><AGARI ba="0,2" hai="5,8,14,16,19,22,26,28,57,60,66,93,99,103" machi="99" ten="30,12000,2" yaku="1,1,0,1,25,2,8,1,54,1,53,0" doraHai="122" doraHaiUra="84" who="2" fromWho="2" sc="121,-60,260,-30,114,140,485,-30" /><INIT seed="5,0,0,2,3,63" ten="61,230,254,455" oya="1" hai0="45,22,125,124,102,132,86,84,52,83,9,42,56" hai1="130,25,2,30,39,134,94,87,65,66,116,29,11" hai2="103,49,20,3,68,95,78,74,127,40,62,122,104" hai3="35,73,126,7,100,117,70,0,51,97,47,105,13"/><U92/><E116/><V21/><F122/><W75/><G126/><T8/><D132/><U90/><E39/><V61/><F104/><W32/><G13/><T1/><D102/><U76/><E134/><V109/><F109/><W71/><G51/><T18/><D1/><U16/><E130/><V82/><F3/><W23/><G23/><T60/><D125/><U33/><E76/><V34/><F34/><N who="3" m="12843" /><G117/><T88/><D86/><U17/><E30/><V111/><F111/><W99/><G99/><T38/><REACH who="0" step="1"/><D124/><REACH who="0" ten="51,230,254,455" step="2"/><U113/><E2/><V131/><F103/><W50/><G100/><T55/><D55/><U43/><E43/><V129/><F40/><W115/><G0/><T128/><D128/><U37/><E87/><V133/><F133/><W67/><G75/><T110/><D110/><U5/><E113/><V48/><F74/><W93/><G115/><T15/><AGARI ba="0,1" hai="8,9,15,18,22,38,42,45,52,56,60,83,84,88" machi="15" ten="20,12000,2" yaku="1,1,0,1,7,1,54,2,53,2" doraHai="63" doraHaiUra="6" who="0" fromWho="0" sc="51,130,230,-60,254,-30,455,-30" /><INIT seed="6,0,0,1,3,99" ten="181,170,224,425" oya="2" hai0="0,11,123,13,121,49,128,59,27,23,62,129,61" hai1="46,37,135,64,32,25,50,26,79,134,118,87,16" hai2="3,105,116,68,41,40,81,8,33,107,54,71,84" hai3="66,38,42,115,9,75,60,31,120,130,74,1,36"/><V14/><F3/><W132/><G120/><T125/><D0/><U72/><E118/><V34/><F116/><W91/><G91/><T80/><D80/><N who="1" m="47519" /><E37/><V18/><F54/><W21/><G21/><T7/><D49/><U17/><E72/><V86/><F14/><W124/><G115/><T20/><D20/><U2/><E2/><V52/><F52/><W109/><G109/><T92/><D92/><U73/><E73/><V15/><F15/><W94/><G94/><T63/><D59/><U55/><E64/><V108/><F8/><W48/><G48/><T122/><REACH who="0" step="1"/><D125/><REACH who="0" ten="171,170,224,425" step="2"/><U67/><E32/><V30/><F81/><W58/><G58/><T100/><D100/><U98/><E134/><V29/><F108/><W24/><G1/><T96/><D96/><U70/><E135/><V102/><F102/><W117/><G124/><T85/><D85/><U89/><E70/><V93/><F93/><W114/><G75/><T101/><D101/><U103/><E103/><V76/><F34/><W77/><G74/><T53/><D53/><U19/><E67/><V83/><F83/><W106/><G66/><T90/><D90/><U131/><E131/><V5/><F33/><W127/><G130/><T43/><D43/><U4/><E98/><V95/><F95/><W104/><G127/><T10/><D10/><U69/><E89/><V97/><F97/><W56/><G132/><T57/><D57/><U22/><E69/><N who="2" m="26699" /><F86/><W35/><G35/><T78/><D78/><U39/><E39/><V126/><F84/><W110/><G38/><T51/><D51/><U133/><E133/><RYUUKYOKU ba="0,1" sc="171,30,170,-10,224,-10,425,-10" hai0="7,11,13,23,27,61,62,63,121,122,123,128,129" /><INIT seed="7,1,1,4,3,41" ten="201,160,214,415" oya="3" hai0="86,71,87,44,101,92,119,73,103,122,50,15,63" hai1="108,90,0,104,89,55,129,105,99,32,66,114,31" hai2="110,84,46,30,121,112,8,17,94,107,102,13,65" hai3="28,70,22,134,111,54,98,33,69,116,126,80,51"/><W48/><G116/><T10/><D119/><U57/><E108/><V58/><F107/><W14/><G111/><T97/><D73/><U95/><E0/><V72/><F72/><W83/><G33/><T52/><D122/><U96/><E129/><V109/><F30/><W23/><G134/><T12/><D12/><U21/><E114/><V53/><F112/><W132/><G132/><T16/><D71/><U123/><E32/><V68/><F68/><W77/><G77/><T45/><D63/><U38/><E38/><V59/><F59/><W9/><G70/><T35/><D35/><U19/><E123/><V113/><F58/><W25/><G69/><T18/><D18/><U74/><E74/><V56/><F17/><N who="3" m="8399" /><G126/><T64/><D64/><U47/><E31/><V124/><F65/><W36/><G36/><T106/><D106/><U79/><E79/><V130/><F124/><W91/><G23/><T118/><D118/><U5/><E5/><V133/><F133/><W81/><G54/><N who="0" m="30023" /><D103/><U26/><E66/><V135/><F121/><W49/><G98/><T75/><D75/><U125/><E125/><V82/><F113/><W39/><G39/><T62/><D62/><N who="1" m="36159" /><E104/><V42/><F135/><W4/><G4/><T76/><D76/><U115/><E115/><V60/><F110/><W120/><G120/><T127/><D127/><U20/><E20/><V11/><F11/><W93/><G91/><N who="1" m="34826" /><E105/><V88/><F109/><W67/><G67/><T78/><D78/><U131/><E131/><V40/><F130/><W3/><G3/><T7/><D7/><U24/><E96/><RYUUKYOKU ba="1,1" sc="201,15,160,-15,214,-15,415,15" hai0="10,15,16,45,52,86,87,92,97,101" hai3="22,25,28,48,49,51,80,81,83,93" owari="216,2.0,145,-35.0,199,-20.0,440,53.0" /></mjloggm>