<mjloggm ver="2.3"><GO type="41" lobby="0"/><UN n0="%E5%B0%B1%E6%B4%BB%E7%94%9F%40%E5%B7%9D%E6%9D%91%E8%BB%8D%E5%9B%A3" n1="%49%54%4F%4B%4F" n2="%E3%81%AD%E3%82%80%E3%82%8A%E3%82%93" n3="%E8%92%BC%E8%99%8E" dan="17,14,15,13" rate="2128.49,1894.96,1959.75,1889.87" sx="M,M,F,M"/><TAIKYOKU oya="0"/><INIT seed="0,0,0,5,3,75" ten="250,250,250,250" oya="0" hai0="62,114,99,117,37,68,22,3,14,17,81,49,88" hai1="66,110,94,60,131,32,8,52,55,0,5,86,33" hai2="35,105,59,101,124,11,44,133,128,106,20,125,27" hai3="61,134,109,104,82,57,15,112,74,89,132,43,85"/><T45/><D114/><U122/><E122/><V107/><F35/><W64/><G112/><T50/><D117/><U76/><E131/><V51/><F133/><W26/><G104/><T13/><D3/><U120/><E120/><V42/><F128/><W119/><G119/><T84/><D37/><U113/><E113/><V103/><F11/><W130/><G43/><T67/><D99/><U135/><E135/><N who="3" m="51754" /><G109/><T19/><REACH who="0" step="1"/><D45/><REACH who="0" ten="240,250,250,250" step="2"/><U96/><E110/><V30/><REACH who="2" step="1"/><F59/><REACH who="2" ten="240,250,240,250" step="2"/><W95/><G130/><T2/><D2/><U6/><E0/><V69/><F69/><W46/><G46/><T41/><D41/><U58/><E33/><V1/><F1/><W87/><G57/><T29/><D29/><U79/><E32/><V23/><F23/><AGARI ba="0,2" hai="13,14,17,19,22,23,49,50,62,67,68,81,84,88" machi="23" ten="30,11600,0" yaku="1,1,7,1,9,1,54,1,53,0" doraHai="75" doraHaiUra="115" who="0" fromWho="2" sc="240,136,250,0,240,-116,250,0" /><INIT seed="0,1,0,2,0,44" ten="376,250,124,250" oya="0" hai0="71,113,47,26,37,89,5,77,109,112,126,46,45" hai1="87,123,131,21,103,6,92,135,32,8,56,108,64" hai2="116,83,66,72,133,54,3,59,62,53,22,117,27" hai3="63,101,118,49,38,12,23,114,0,69,13,115,60"/><T1/><D71/><U30/><E32/><V65/><F3/><W55/><G38/><T80/><D37/><U81/><E123/><V124/><F72/><W132/><G0/><T18/><D126/><U104/><E104/><V85/><F133/><W42/><G132/><T84/><D109/><U119/><E108/><V9/><F124/><W129/><G118/><T20/><D1/><U76/><E119/><N who="2" m="45643" /><F9/><W35/><G35/><T73/><REACH who="0" step="1"/><D5/><REACH who="0" ten="366,250,124,250" step="2"/><U95/><E135/><V7/><F7/><W74/><G69/><T134/><D134/><U31/><E131/><V29/><F66/><W97/><G129/><T25/><D25/><U39/><E39/><V86/><F86/><W67/><G74/><T127/><D127/><U79/><E6/><V36/><F36/><W61/><G67/><T28/><D28/><U82/><E64/><V51/><F65/><W94/><G13/><T57/><D57/><U2/><E56/><V40/><F85/><W78/><G115/><T68/><D68/><U52/><E2/><V120/><F120/><W107/><G114/><T121/><D121/><U90/><E87/><V100/><F59/><W17/><G78/><T15/><D15/><U130/><E130/><V110/><F110/><W88/><G107/><T16/><D16/><U14/><E14/><V125/><F125/><W128/><G128/><T106/><D106/><U34/><E79/><V48/><F29/><W19/><G19/><T70/><D70/><U91/><E76/><V111/><F111/><W105/><G105/><T50/><D50/><U99/><E31/><V24/><F24/><RYUUKYOKU ba="1,1" sc="366,30,250,-10,124,-10,250,-10" hai0="18,20,26,45,46,47,73,77,80,84,89,112,113" /><INIT seed="0,2,1,1,3,101" ten="396,240,114,240" oya="0" hai0="134,124,35,131,86,82,126,47,135,83,68,123,109" hai1="133,66,95,91,104,18,81,111,117,20,39,88,40" hai2="45,37,48,52,13,115,44,60,73,58,98,64,54" hai3="100,96,31,93,113,46,38,122,67,56,121,85,4"/><T103/><D35/><U87/><E117/><V128/><F73/><W65/><G113/><T76/><D68/><U25/><E111/><V5/><F115/><W16/><G4/><T21/><D21/><U78/><E91/><V120/><F120/><N who="3" m="46187" /><G31/><T0/><D0/><U41/><E39/><V107/><F128/><W11/><G56/><T92/><D47/><U8/><E133/><N who="0" m="50697" /><D123/><U49/><E66/><V75/><F75/><W97/><G85/><N who="0" m="48327" /><D109/><U130/><E130/><V69/><F5/><W34/><G34/><T79/><D131/><U27/><E8/><V77/><F77/><W132/><G132/><T80/><D80/><U118/><E118/><V17/><F37/><W50/><G38/><T63/><D63/><U59/><E27/><V110/><F110/><W62/><G62/><T89/><D103/><U23/><E23/><V12/><F12/><N who="3" m="7199" /><G50/><T24/><D24/><U106/><E59/><V22/><F54/><W114/><G114/><T7/><D7/><U112/><E112/><V57/><F69/><W119/><G46/><T6/><D6/><U2/><E2/><V74/><F74/><AGARI ba="2,1" hai="74,79,83,86,89,92,124,126" m="48327,50697" machi="74" ten="30,5800,0" yaku="20,1,34,2" doraHai="101" who="0" fromWho="2" sc="396,74,240,0,114,-64,240,0" /><INIT seed="0,3,0,0,4,76" ten="470,240,50,240" oya="0" hai0="133,57,47,10,52,127,40,5,68,67,35,116,46" hai1="49,6,112,90,19,30,122,48,27,132,101,34,81" hai2="60,18,59,83,121,70,28,80,41,120,62,22,4" hai3="61,54,89,82,11,123,113,78,69,114,16,13,2"/><T125/><D35/><U0/><E122/><V103/><F41/><W126/><G123/><T63/><D116/><U64/><E132/><V92/><F28/><W131/><G131/><T107/><D107/><U38/><E38/><V97/><F4/><W1/><G126/><N who="0" m="48139" /><D133/><U110/><E64/><V108/><F108/><W104/><G104/><T72/><D72/><U42/><E110/><V25/><F121/><W23/><G1/><N who="0" m="303" /><D40/><U14/><E101/><V73/><F73/><W8/><G8/><T84/><D84/><U24/><E112/><V74/><F74/><W58/><G69/><T118/><D118/><U37/><E37/><V43/><F43/><W56/><G89/><T135/><D135/><U50/><E27/><V7/><F7/><W15/><G2/><T51/><AGARI ba="3,0" hai="46,47,51,52,57,63,67,68" m="303,48139" machi="51" ten="30,3000,0" yaku="18,1,54,1" doraHai="76" who="0" fromWho="0" sc="470,39,240,-13,50,-13,240,-13" /><INIT seed="0,4,0,1,3,29" ten="509,227,37,227" oya="0" hai0="14,96,0,42,75,47,9,25,60,86,104,37,16" hai1="64,77,67,40,53,70,68,127,5,82,52,15,43" hai2="49,51,97,55,124,7,92,108,71,125,72,84,31" hai3="38,101,1,48,80,128,126,78,120,66,105,102,90"/><T117/><D75/><U58/><E5/><V61/><F72/><W35/><G1/><T59/><D117/><U107/><E107/><V63/><F7/><W83/><G38/><T27/><D0/><U32/><E15/><V116/><F108/><W113/><G66/><N who="1" m="25130" /><E77/><V18/><F71/><N who="1" m="27177" /><E32/><V110/><F110/><W118/><G35/><T88/><D96/><U103/><E103/><V33/><F116/><W39/><G39/><T36/><D104/><U26/><E26/><V4/><F51/><W109/><G48/><T131/><D37/><U74/><E82/><V111/><F84/><W24/><G24/><T30/><D30/><U8/><E8/><V21/><F4/><W122/><G109/><T76/><D76/><U6/><E6/><V2/><F2/><W135/><G118/><T12/><D12/><U121/><E121/><V115/><F111/><W93/><G78/><T62/><D131/><U13/><E13/><V11/><F11/><W106/><G128/><T69/><D69/><U81/><E81/><V54/><F115/><W123/><G113/><T3/><D3/><U22/><E22/><V133/><F133/><W112/><G112/><T56/><D27/><U129/><E129/><V50/><F31/><W91/><G135/><T10/><D25/><U87/><E87/><V44/><F33/><W73/><G123/><T65/><D10/><U28/><E28/><V114/><F114/><W20/><G20/><T98/><D98/><U132/><E132/><V57/><F21/><W99/><G99/><T130/><D9/><U119/><E119/><V134/><F134/><RYUUKYOKU ba="4,0" sc="509,0,227,0,37,0,227,0" /><INIT seed="1,5,0,1,4,94" ten="509,227,37,227" oya="1" hai0="49,121,119,79,106,116,10,127,26,77,12,109,114" hai1="24,72,68,75,7,38,52,96,88,46,78,123,34" hai2="86,66,15,23,120,102,128,81,8,95,93,82,105" hai3="47,48,2,25,29,71,5,74,16,4,99,132,131"/><U126/><E123/><V91/><F66/><W89/><G74/><T98/><D114/><U20/><E68/><V14/><F120/><W117/><G71/><T33/><D127/><U111/><E34/><V59/><F105/><W21/><G117/><T90/><D121/><U67/><E67/><V17/><F59/><W30/><G131/><T61/><D109/><U3/><E38/><V51/><F51/><W60/><G60/><T13/><D33/><U53/><E126/><V69/><F69/><W135/><G2/><T87/><D26/><U113/><E113/><V1/><F1/><W80/><G80/><T39/><D39/><U112/><E112/><V35/><F35/><W63/><G63/><T97/><D106/><U27/><E27/><V18/><F128/><W42/><G30/><T43/><D61/><U64/><E64/><V0/><F0/><W9/><G29/><T100/><D100/><U65/><E65/><V58/><F58/><W19/><G19/><N who="0" m="8599" /><D13/><U101/><E101/><V134/><F134/><N who="3" m="51243" /><G9/><T130/><D130/><U115/><E115/><V84/><REACH who="2" step="1"/><F102/><REACH who="2" ten="509,227,27,227" step="2"/><W70/><G70/><T40/><D119/><U125/><E3/><V54/><F54/><W45/><G47/><N who="0" m="25831" /><D43/><U62/><E53/><V83/><F83/><W56/><G56/><T108/><D108/><U37/><E111/><V104/><F104/><W122/><G122/><T44/><D44/><U110/><E110/><V57/><F57/><W85/><G42/><T28/><D116/><U32/><E32/><V31/><F31/><W36/><G36/><T73/><D73/><U103/><E46/><RYUUKYOKU ba="5,1" sc="509,-10,227,-10,27,30,227,-10" hai2="8,14,15,17,18,23,81,82,84,86,91,93,95" /><INIT seed="2,6,1,4,0,70" ten="499,217,57,217" oya="2" hai0="54,8,16,111,97,98,2,80,130,118,53,24,68" hai1="104,90,19,12,56,1,69,23,20,99,13,114,66" hai2="26,78,35,101,84,52,89,57,18,74,120,119,112" hai3="67,10,88,40,113,50,28,17,94,122,93,45,27"/><V5/><F120/><W44/><G122/><T29/><D68/><U108/><E114/><V14/><F112/><W60/><G113/><T72/><D118/><U134/><E69/><V36/><F119/><W58/><G45/><T131/><D111/><U76/><E1/><V107/><F5/><W123/><G123/><T127/><D127/><U109/><E134/><V11/><F36/><W96/><G94/><T124/><D124/><U42/><E76/><V55/><F55/><W46/><G46/><T49/><D72/><U4/><E42/><V85/><F101/><W116/><G116/><T115/><D80/><U65/><E56/><V79/><F107/><W117/><G117/><T86/><D86/><U6/><E6/><V38/><F38/><W71/><G71/><T34/><D53/><U0/><E0/><V61/><F85/><W41/><G17/><T83/><D83/><U100/><E90/><V103/><F103/><W59/><G59/><T37/><D37/><U31/><E31/><V121/><F74/><W47/><G10/><T128/><D115/><U126/><E126/><V15/><F15/><W62/><G58/><N who="0" m="33103" /><D2/><U25/><E25/><V51/><F61/><W95/><G67/><T129/><D129/><U132/><E132/><V87/><F87/><N who="3" m="52383" /><G47/><T81/><D81/><U125/><E125/><V135/><F135/><W133/><G133/><T63/><D63/><U82/><E82/><N who="2" m="49303" /><F121/><W39/><G39/><T30/><D30/><U48/><E66/><V7/><F35/><N who="3" m="20895" /><G40/><T21/><D34/><U75/><E65/><V106/><F106/><W22/><G62/><RYUUKYOKU ba="6,1" sc="499,15,217,-15,57,15,217,-15" hai0="8,16,21,24,29,97,98,128,130,131" hai2="7,11,14,18,26,51,52,57,78,79" /><INIT seed="2,7,1,4,0,79" ten="514,202,72,202" oya="2" hai0="36,106,72,84,13,68,26,55,16,7,25,78,67" hai1="34,43,5,60,122,123,109,0,53,6,128,45,108" hai2="9,12,82,132,3,38,129,124,33,89,75,107,83" hai3="77,23,88,8,71,112,127,117,14,121,46,85,52"/><V32/><F107/><W120/><G71/><T95/><D106/><U97/><E34/><V31/><F38/><W4/><G117/><T61/><D72/><U11/><E6/><V105/><F105/><W39/><G112/><T57/><D36/><U18/><E18/><V90/><F75/><W104/><G104/><T64/><D7/><U103/><E128/><V58/><F3/><W73/><G127/><T51/><D67/><U92/><E53/><V30/><F124/><W54/><G73/><T66/><D66/><U22/><E22/><V113/><F113/><W20/><G77/><T102/><D102/><U48/><REACH who="1" step="1"/><E60/><REACH who="1" ten="514,192,72,202" step="2"/><V101/><F129/><W98/><G121/><AGARI ba="7,2" hai="0,5,11,43,45,48,92,97,103,108,109,121,122,123" machi="121" ten="40,5200,0" yaku="1,1,2,1,13,1,53,0" doraHai="79" doraHaiUra="56" who="1" fromWho="3" sc="514,0,192,93,72,0,202,-73" /><INIT seed="3,0,0,5,1,83" ten="514,285,72,129" oya="3" hai0="30,100,52,32,28,107,87,56,105,26,27,135,16" hai1="43,86,61,99,31,33,94,17,122,120,93,51,10" hai2="81,117,128,55,125,118,40,66,44,75,25,82,7" hai3="126,67,19,91,69,95,110,35,96,119,21,59,130"/><W101/><G35/><T12/><D135/><U127/><E33/><V114/><F114/><W76/><G119/><T116/><D116/><U112/><E112/><V73/><F7/><W9/><G69/><T13/><D100/><U131/><E31/><V1/><F1/><W34/><G34/><T2/><D2/><U77/><E61/><V84/><F66/><W18/><G130/><T102/><D102/><U97/><E127/><V6/><F6/><W89/><G126/><T57/><D87/><U41/><E51/><V74/><F82/><W58/><G76/><T62/><D57/><N who="3" m="21513" /><G67/><T70/><D13/><N who="1" m="7351" /><E131/><V79/><F55/><W92/><G110/><T133/><D133/><U50/><E50/><V5/><F5/><W108/><G108/><T47/><D47/><U23/><E122/><V113/><F113/><W124/><G124/><T121/><D70/><U72/><E72/><V111/><F125/><W104/><G104/><T123/><D107/><U78/><E41/><V129/><F111/><W42/><G42/><T132/><D132/><U8/><E8/><V88/><F117/><W0/><G0/><T49/><D105/><U115/><E43/><V48/><F118/><W63/><G63/><T90/><D62/><U29/><E120/><V15/><F79/><W109/><G109/><T134/><D134/><U60/><E60/><V36/><F36/><W37/><G37/><T14/><D123/><U24/><E115/><V64/><F64/><W22/><G9/><T68/><D121/><U54/><E54/><V80/><F129/><W45/><G45/><T71/><D52/><RYUUKYOKU ba="0,0" sc="514,0,285,0,72,0,129,0" /><INIT seed="4,1,0,4,3,35" ten="514,285,72,129" oya="0" hai0="134,58,56,83,21,22,16,52,101,76,104,20,39" hai1="107,55,65,61,124,6,113,14,64,120,91,87,117" hai2="79,89,95,7,54,74,81,115,30,133,13,112,94" hai3="23,29,53,27,60,84,123,47,111,103,99,10,122"/><T129/><D39/><U88/><E117/><V15/><F133/><W9/><G111/><T68/><D68/><U127/><E107/><V126/><F30/><W128/><G128/><T116/><D116/><U4/><E120/><V66/><F126/><N who="1" m="48169" /><E91/><V28/><F28/><W36/><G84/><N who="0" m="48231" /><D104/><U114/><E55/><V31/><F31/><W41/><G53/><T121/><D129/><U69/><E65/><V125/><F125/><W51/><G60/><N who="0" m="35847" /><D134/><U130/><E130/><V32/><F32/><W34/><G36/><T8/><D121/><N who="3" m="46089" /><G34/><T57/><D101/><U49/><E49/><V67/><F94/><AGARI ba="1,0" hai="9,10,23,27,29,41,47,51,94,99,103" m="46089" machi="94" ten="30,1000,0" yaku="13,1" doraHai="35" who="3" fromWho="2" sc="514,0,285,0,72,-13,129,13" /><INIT seed="5,0,0,3,0,37" ten="514,285,59,142" oya="1" hai0="38,60,29,23,41,77,94,98,42,97,74,88,34" hai1="30,54,112,16,14,111,104,118,59,26,108,135,102" hai2="114,47,87,66,58,123,99,122,7,4,12,95,51" hai3="107,72,22,50,44,43,70,125,119,86,124,45,56"/><U20/><E118/><V84/><F114/><W48/><G107/><T49/><D38/><U8/><E104/><V100/><F123/><W91/><G72/><T106/><D34/><U80/><E102/><V19/><F122/><W64/><G22/><T92/><D106/><U40/><E112/><V121/><F121/><W103/><G103/><N who="0" m="60839" /><D74/><U5/><E80/><V46/><F46/><N who="3" m="25695" /><G86/><T133/><D77/><U0/><E40/><N who="0" m="15465" /><D133/><U134/><E59/><V101/><F101/><W21/><G119/><T31/><D60/><U113/><E54/><N who="2" m="30079" /><F58/><W96/><G45/><T3/><D3/><U55/><E55/><V109/><F66/><W28/><G44/><T25/><D49/><U2/><E113/><V85/><F109/><N who="1" m="42057" /><E0/><V93/><F93/><W11/><G50/><T18/><AGARI ba="0,0" hai="18,23,25,29,31,88,94,98" m="15465,60839" machi="18" ten="30,8000,1" yaku="8,1,52,3,54,1" doraHai="37" who="0" fromWho="0" sc="514,80,285,-40,59,-20,142,-20" /><INIT seed="6,0,0,1,5,120" ten="594,245,39,122" oya="2" hai0="2,22,78,55,67,90,101,17,124,100,75,97,15" hai1="46,107,43,128,127,19,52,14,73,45,114,125,53" hai2="6,68,96,58,88,76,87,47,10,36,26,121,5" hai3="61,117,98,42,71,93,56,83,79,29,39,85,7"/><V77/><F68/><W11/><G117/><T30/><D2/><U132/><E107/><V123/><F6/><W91/><G71/><T49/><D124/><N who="1" m="47691" /><E73/><V116/><F116/><W119/><G119/><T3/><D3/><U105/><E105/><V99/><F123/><W111/><G29/><T94/><D67/><U63/><E128/><V12/><F121/><W65/><G111/><T40/><D40/><U38/><E132/><V115/><F115/><W57/><G57/><T18/><D30/><U41/><E63/><V25/><F36/><W92/><G92/><T20/><D78/><N who="2" m="30314" /><F47/><W66/><G42/><T84/><D97/><N who="2" m="37450" /><F58/><W118/><G118/><T131/><D75/><U103/><E114/><V13/><F13/><W130/><G130/><T0/><D0/><U35/><E35/><V108/><F108/><W54/><G39/><T110/><D110/><U81/><E43/><V48/><F48/><W72/><G72/><T129/><D129/><U134/><E134/><V126/><F126/><W31/><G31/><T50/><D131/><U133/><E46/><V112/><F112/><W102/><G79/><T16/><D50/><U104/><E133/><V1/><F1/><AGARI ba="0,0" hai="1,7,11,54,56,61,65,66,83,85,91,93,98,102" machi="1" ten="30,1000,0" yaku="7,1" doraHai="120" who="3" fromWho="2" sc="594,0,245,0,39,-10,122,10" /><INIT seed="7,0,0,5,4,73" ten="594,245,29,132" oya="3" hai0="30,46,75,66,3,59,107,133,130,80,131,55,49" hai1="118,2,26,121,5,9,33,54,43,57,120,42,18" hai2="102,92,29,40,111,105,100,1,7,14,12,127,23" hai3="113,122,50,64,56,108,79,15,35,109,47,19,81"/><W82/><G35/><T58/><D107/><U83/><E120/><V123/><F105/><W98/><G122/><T44/><D133/><U97/><E121/><V78/><F123/><W38/><G38/><T20/><D3/><U52/><E54/><V85/><F111/><N who="3" m="42571" /><G113/><T106/><D106/><U24/><E24/><V13/><F127/><W96/><G82/><T0/><D0/><U110/><E110/><V16/><F40/><N who="3" m="24935" /><G56/><T8/><D8/><U34/><E34/><V126/><F126/><W36/><G64/><T60/><D80/><U87/><E118/><V71/><F71/><W119/><G36/><T63/><D75/><U69/><E69/><V21/><F1/><W28/><G28/><T51/><D20/><U67/><E67/><V104/><F104/><W89/><G89/><T103/><D30/><U74/><E74/><V124/><F124/><W17/><G17/><T84/><D103/><U48/><E97/><V68/><F68/><W112/><G112/><T53/><D84/><U132/><E132/><V39/><F39/><W31/><G31/><T88/><D88/><U37/><E37/><V117/><F117/><W62/><G62/><T94/><D94/><U95/><E95/><V86/><F7/><W128/><G128/><T76/><D76/><U41/><E33/><V45/><F29/><W93/><G93/><T135/><D135/><U101/><E101/><N who="2" m="39019" /><F23/><N who="3" m="11775" /><G119/><T27/><D27/><U114/><E114/><V25/><F92/><W72/><AGARI ba="0,0" hai="72,79,81,96,98" m="11775,24935,42571" machi="72" ten="30,3000,0" yaku="10,1,52,1" doraHai="73" who="3" fromWho="3" sc="594,-10,245,-10,29,-10,132,30" /><INIT seed="7,1,0,4,5,129" ten="584,235,19,162" oya="3" hai0="99,34,92,35,105,101,130,96,21,31,100,108,13" hai1="114,90,74,22,128,78,84,19,41,94,39,77,107" hai2="20,59,120,63,33,25,88,125,42,10,67,4,134" hai3="87,119,81,86,75,5,28,51,8,69,23,16,111"/><W9/><G69/><T85/><D130/><U44/><E128/><V104/><F104/><W112/><G119/><T109/><D85/><U17/><E107/><V29/><F125/><W116/><G116/><T40/><D40/><U82/><E114/><V73/><F73/><W95/><G112/><T121/><D121/><U12/><E78/><V6/><F120/><W133/><G133/><T50/><D50/><U57/><E57/><V113/><F113/><W83/><G28/><T79/><D79/><U49/><E19/><V122/><F122/><W76/><G95/><T27/><REACH who="0" step="1"/><D13/><REACH who="0" ten="574,235,19,162" step="2"/><U32/><E39/><V14/><F42/><W97/><G97/><T60/><D60/><U43/><E32/><AGARI ba="1,1" hai="21,27,31,32,34,35,92,96,99,100,101,105,108,109" machi="32" ten="40,2600,0" yaku="1,1,53,1" doraHai="129" doraHaiUra="103" who="0" fromWho="1" sc="574,39,235,-29,19,0,162,0" owari="613,71.0,206,1.0,19,-48.0,162,-24.0" /></mjloggm>