<mjloggm ver="2.3"><GO type="97" lobby="0"/><UN n0="%E3%81%B7%E3%82%8A%E3%82%93%E8%81%96%E4%BA%BA%40" n1="%E5%B0%B1%E6%B4%BB%E7%94%9F%40%E5%B7%9D%E6%9D%91%E8%BB%8D%E5%9B%A3" n2="%73%68%69%6D%40%6D%75" n3="%E3%83%8B%E3%82%A6%E3%83%91%E3%83%AB%52" dan="14,14,14,14" rate="1900.32,2047.37,1924.46,1935.48" sx="M,M,M,M"/><TAIKYOKU oya="0"/><INIT seed="0,0,0,2,1,50" ten="250,250,250,250" oya="0" hai0="121,122,0,23,25,73,114,32,93,109,37,71,43" hai1="11,15,55,47,127,133,116,81,62,53,106,27,119" hai2="66,28,100,33,31,91,17,107,83,29,72,63,38" hai3="87,84,18,126,117,95,49,128,60,79,78,82,75"/><T110/><D73/><U9/><E106/><V56/><F38/><W42/><G117/><T115/><D71/><U57/><E127/><V12/><F33/><W24/><G75/><T35/><D37/><U92/><E133/><V86/><F72/><W7/><G126/><T96/><D43/><U101/><E27/><V45/><F45/><W34/><G7/><T90/><D0/><U112/><E112/><N who="0" m="43049" /><D23/><U99/><E81/><V20/><F107/><W108/><G108/><N who="0" m="41579" /><D25/><U80/><E80/><V59/><F100/><W102/><G128/><T85/><D96/><U54/><E11/><V124/><F124/><W14/><G34/><AGARI ba="0,0" hai="32,34,35,85,90,93,121,122" m="41579,43049" machi="34" ten="40,3900,0" yaku="14,1,10,1" doraHai="50" who="0" fromWho="3" sc="250,39,250,0,250,0,250,-39" /><INIT seed="0,1,0,5,0,72" ten="289,250,250,211" oya="0" hai0="2,120,90,11,76,97,80,109,27,26,43,77,111" hai1="52,41,103,51,102,48,5,81,113,39,70,37,114" hai2="86,56,88,132,49,31,131,110,125,92,93,66,105" hai3="108,10,91,75,64,119,15,135,89,33,106,107,53"/><T19/><D120/><U84/><E70/><V58/><F105/><W87/><G119/><T60/><D43/><U94/><E5/><V12/><F131/><W0/><G75/><T44/><D44/><N who="1" m="25615" /><E94/><V133/><F110/><N who="0" m="41994" /><D60/><U67/><E67/><V50/><F125/><W112/><G108/><T99/><D2/><U127/><E127/><V85/><F31/><W57/><G112/><N who="1" m="43114" /><E39/><V101/><F12/><W16/><G33/><T96/><D80/><U65/><E65/><V13/><F13/><W9/><G135/><N who="2" m="51785" /><F66/><W24/><G64/><T79/><D90/><N who="1" m="51471" /><E37/><V123/><F123/><W17/><G107/><T30/><D30/><U121/><E121/><V124/><F124/><W59/><G106/><T117/><D117/><U6/><E6/><V32/><F32/><W35/><G35/><T78/><N who="0" m="19968" /><DORA hai="63" /><T8/><D19/><U128/><E128/><V61/><F61/><W100/><G17/><T73/><D73/><U18/><E18/><V62/><F62/><W116/><G16/><T20/><D20/><U3/><E3/><V126/><F126/><W36/><G0/><T55/><D55/><U34/><E34/><V82/><F82/><W29/><G53/><T54/><D54/><U118/><E118/><V47/><F85/><W38/><G87/><T129/><D129/><U98/><E98/><N who="0" m="25089" /><T95/><DORA hai="122" /><D95/><U25/><E25/><AGARI ba="1,0" hai="8,11,25,26,27" m="25089,19968,41994" machi="25" ten="50,36000,4" yaku="28,2,14,1,10,1,52,7" doraHai="72,63,122" who="0" fromWho="1" sc="289,363,250,-363,250,0,211,0" owari="652,75.0,-113,-61.0,250,5.0,211,-19.0" /></mjloggm>