<mjloggm ver="2.3"><GO type="169" lobby="0"/><UN n0="%70%67%61%69%6E" n1="%5B%E5%BE%A1%E5%9D%82%E7%BE%8E%E7%90%B4%5D" n2="%E3%82%A6%E3%83%AB%E3%83%88%E3%83%A9%E7%AB%8B%E7%9B%B4" n3="%41%79%65%73%68%61" dan="17,16,16,16" rate="2138.47,2041.78,2120.46,2174.67" sx="M,F,M,F"/><TAIKYOKU oya="0"/><INIT seed="0,0,0,4,2,42" ten="250,250,250,250" oya="0" hai0="21,16,108,76,104,85,96,70,68,78,91,11,106" hai1="1,36,4,49,69,13,35,51,133,127,26,63,130" hai2="128,120,33,27,81,110,64,48,56,90,67,65,7" hai3="54,5,53,43,24,6,94,23,93,83,132,52,103"/><T112/><D112/><U25/><E36/><V73/><F120/><W100/><G132/><T102/><D106/><U97/><E133/><V50/><F128/><W71/><G71/><T109/><D11/><U89/><E26/><V66/><F110/><N who="0" m="42602" /><D70/><U111/><E13/><V22/><F33/><W60/><G83/><N who="0" m="49599" /><D68/><U105/><E51/><V34/><F34/><W15/><G60/><T17/><D17/><U46/><E49/><V72/><F7/><N who="3" m="2571" /><G15/><AGARI ba="0,0" hai="15,16,21,76,78,96,102,104" m="49599,42602" machi="15" ten="30,5800,0" yaku="14,1,10,1,54,1" doraHai="42" who="0" fromWho="3" sc="250,58,250,0,250,0,250,-58" /><INIT seed="0,1,0,4,0,119" ten="308,250,250,192" oya="0" hai0="117,49,91,70,108,41,52,86,87,20,109,57,130" hai1="31,33,100,71,95,4,43,85,16,76,107,56,3" hai2="27,23,55,10,123,68,79,90,18,77,45,135,122" hai3="53,63,25,50,126,48,6,0,38,118,36,94,115"/><T24/><D117/><U19/><E71/><V67/><F135/><W2/><G118/><T73/><D73/><U89/><E43/><V120/><F67/><W30/><G115/><T59/><D70/><U60/><E31/><V47/><F68/><W66/><G126/><T17/><D130/><U110/><E110/><N who="0" m="42601" /><D41/><U1/><E33/><V125/><F125/><W5/><G94/><N who="0" m="54647" /><D87/><U127/><E127/><V32/><F32/><W72/><G72/><T11/><D11/><U54/><E76/><V129/><F129/><W29/><G66/><T92/><D92/><U46/><E46/><AGARI ba="1,0" hai="17,20,24,46,49,52,57,59" m="54647,42601" machi="46" ten="30,5800,0" yaku="14,1,10,1,54,1" doraHai="119" who="0" fromWho="1" sc="308,61,250,-61,250,0,192,0" /><INIT seed="0,2,0,0,4,85" ten="369,189,250,192" oya="0" hai0="118,102,71,134,4,79,73,108,42,116,76,119,68" hai1="91,52,19,58,100,75,94,69,3,65,66,29,130" hai2="14,50,6,82,78,16,105,81,27,55,63,43,17" hai3="7,59,99,36,83,97,123,25,128,11,8,35,88"/><T9/><D134/><U115/><E115/><V133/><F105/><W95/><G123/><T96/><D108/><U64/><E75/><V21/><F133/><W112/><G36/><T33/><D33/><U1/><E69/><V90/><F6/><W57/><G112/><T124/><D124/><U41/><E130/><V37/><F37/><W77/><G128/><T84/><D42/><U46/><E100/><V122/><F122/><W121/><G121/><T23/><D23/><U40/><E46/><V89/><F63/><W86/><G97/><T47/><D47/><U106/><E106/><V103/><F103/><W22/><G35/><T117/><D84/><N who="1" m="52583" /><E3/><V56/><F43/><W72/><G72/><T54/><D54/><U110/><E1/><V15/><F27/><W92/><G92/><T45/><D45/><U10/><E29/><V129/><F129/><W107/><G107/><N who="0" m="63943" /><D79/><U2/><E2/><V38/><F38/><W5/><G8/><T48/><D119/><U114/><E110/><V104/><F104/><W31/><REACH who="3" step="1"/><G5/><REACH who="3" ten="369,189,250,182" step="2"/><T67/><D4/><U62/><E114/><V87/><F81/><W74/><G74/><T113/><D73/><U61/><E10/><AGARI ba="2,1" hai="10,14,15,16,17,21,50,55,56,78,82,87,89,90" machi="10" ten="30,8000,1" yaku="7,1,8,1,52,2,54,1" doraHai="85" who="2" fromWho="1" sc="369,0,189,-86,250,96,182,0" /><INIT seed="1,0,0,0,1,80" ten="369,103,346,182" oya="1" hai0="99,65,52,18,127,74,98,73,96,108,119,59,123" hai1="67,24,128,87,130,95,122,21,45,17,33,81,103" hai2="115,93,3,57,32,6,92,13,89,10,135,2,117" hai3="22,102,54,79,27,43,124,68,69,105,56,12,7"/><U25/><E122/><V15/><F117/><W94/><G124/><T114/><D108/><U111/><E67/><V64/><F32/><W31/><G105/><T34/><D119/><U46/><E33/><V53/><F135/><W101/><G79/><T70/><D114/><U100/><E111/><V86/><F115/><W16/><G43/><T28/><D127/><U113/><E25/><V30/><F30/><W38/><G38/><T125/><D125/><U76/><E113/><V42/><F42/><W39/><G39/><T4/><D123/><U90/><E103/><V9/><F92/><W51/><G7/><T1/><D70/><U132/><E100/><V84/><F84/><W91/><G69/><T72/><D65/><U61/><E61/><V23/><F23/><W97/><REACH who="3" step="1"/><G68/><REACH who="3" ten="369,103,346,172" step="2"/><T66/><D4/><U126/><E126/><V49/><F64/><W5/><G5/><AGARI ba="0,1" hai="2,3,5,6,9,10,13,15,49,53,57,86,89,93" machi="5" ten="30,3900,0" yaku="7,1,9,1,52,1" doraHai="80" who="2" fromWho="3" sc="369,0,103,0,346,49,172,-39" /><INIT seed="2,0,0,3,1,13" ten="369,103,395,133" oya="2" hai0="41,37,14,7,101,2,126,103,29,33,104,54,77" hai1="133,75,108,69,128,113,63,57,105,91,97,100,8" hai2="76,35,65,98,118,125,111,124,49,17,23,36,42" hai3="123,66,68,127,84,61,117,94,112,83,99,1,96"/><V115/><F35/><W15/><G117/><T74/><D126/><N who="2" m="48746" /><F118/><W32/><G127/><T90/><D104/><U60/><E108/><V47/><F115/><W28/><G123/><T70/><D70/><U43/><E113/><V4/><F111/><W0/><G1/><T44/><D90/><U10/><E128/><V9/><F76/><W53/><G0/><T11/><D54/><U67/><E133/><V40/><F98/><W50/><G112/><T132/><D132/><U89/><E43/><N who="2" m="24831" /><F65/><W20/><G32/><T31/><D14/><U116/><E116/><V48/><F48/><W87/><G87/><T110/><D110/><U109/><E109/><V26/><F36/><W114/><G114/><T30/><REACH who="0" step="1"/><D33/><REACH who="0" ten="359,103,395,133" step="2"/><U39/><E91/><V45/><F45/><W38/><G68/><T122/><D122/><U21/><E89/><V78/><F78/><W18/><G66/><T129/><D129/><U92/><E105/><V81/><F81/><AGARI ba="0,1" hai="2,7,11,29,30,31,37,41,44,74,77,81,101,103" machi="81" ten="40,5200,0" yaku="1,1,25,2,53,0" doraHai="13" doraHaiUra="56" who="0" fromWho="2" sc="359,62,103,0,395,-52,133,0" /><INIT seed="3,0,0,1,5,41" ten="421,103,343,133" oya="3" hai0="120,132,20,68,5,73,113,35,91,14,49,63,69" hai1="45,34,77,92,94,24,118,44,21,17,25,64,6" hai2="46,28,65,108,26,47,38,33,16,86,56,78,58" hai3="0,13,115,129,36,2,54,67,119,88,57,10,95"/><W80/><G119/><T90/><D35/><U29/><E118/><V116/><F116/><W133/><G36/><T70/><D120/><U11/><E77/><V15/><F108/><W114/><G133/><T97/><D132/><U18/><E64/><V109/><F109/><W124/><G67/><T48/><D63/><U96/><E94/><V111/><F111/><W3/><G129/><T84/><D73/><U40/><E40/><V85/><F38/><W121/><G80/><T107/><D113/><U30/><E18/><V52/><F85/><W134/><G134/><T62/><D62/><U51/><E51/><V4/><F4/><W55/><G121/><T117/><D117/><U126/><E126/><V131/><F131/><W19/><G124/><T99/><D91/><U128/><E128/><V75/><F75/><W27/><G27/><T66/><D66/><U71/><E71/><V125/><F125/><W60/><REACH who="3" step="1"/><G55/><REACH who="3" ten="421,103,343,123" step="2"/><T100/><D70/><U8/><E30/><V122/><F122/><W42/><G42/><T79/><D69/><U102/><REACH who="1" step="1"/><E11/><REACH who="1" ten="421,93,343,123" step="2"/><V130/><F65/><W43/><G43/><T110/><D68/><U59/><E59/><V61/><F58/><W31/><G31/><T104/><D110/><U98/><E98/><AGARI ba="0,2" hai="0,2,3,10,13,19,54,57,60,88,95,98,114,115" machi="98" ten="40,3900,0" yaku="1,1,54,1,53,0" doraHai="41" doraHaiUra="74" who="3" fromWho="1" sc="421,0,93,-39,343,0,123,59" /><INIT seed="3,1,0,4,3,83" ten="421,54,343,182" oya="3" hai0="81,133,11,17,115,78,55,75,52,95,132,97,15" hai1="20,46,68,4,130,123,1,121,49,57,58,42,28" hai2="77,26,13,6,118,8,116,32,92,70,73,61,22" hai3="113,125,54,94,63,105,62,69,41,47,87,14,91"/><W34/><G113/><T131/><D131/><U3/><E68/><V76/><F76/><W21/><G105/><T80/><D80/><U119/><E130/><V111/><F111/><W89/><G34/><T33/><D33/><U27/><E119/><V9/><F32/><W31/><G125/><T37/><D37/><U114/><E114/><V53/><F73/><W65/><G54/><T86/><D75/><U23/><E4/><V135/><F135/><N who="0" m="51786" /><D115/><U24/><E123/><V109/><F109/><W126/><G126/><T39/><D39/><U72/><E72/><V88/><F77/><W64/><G89/><AGARI ba="1,0" hai="11,15,17,52,55,78,81,86,89,95,97" m="51786" machi="89" ten="30,3900,0" yaku="20,1,52,1,54,1" doraHai="83" who="0" fromWho="3" sc="421,42,54,0,343,0,182,-42" /><INIT seed="4,0,0,4,3,78" ten="463,54,343,140" oya="0" hai0="70,66,90,125,81,72,31,50,129,123,15,29,64" hai1="79,127,100,19,48,108,12,118,11,107,93,44,121" hai2="115,106,3,126,42,4,104,83,85,47,68,30,10" hai3="26,33,65,63,69,96,77,32,8,54,109,7,99"/><T84/><D123/><U62/><E107/><V67/><F126/><W20/><G109/><T135/><D125/><U89/><E127/><V38/><F115/><W61/><G77/><T122/><D122/><U86/><E108/><V35/><F85/><W14/><G33/><T101/><D135/><U60/><E121/><V40/><F40/><W34/><G32/><T51/><D129/><U120/><E120/><V16/><F16/><W94/><G34/><T21/><D70/><U17/><E118/><V23/><F23/><W43/><G43/><T130/><D72/><U5/><E5/><V112/><F112/><W46/><G94/><T53/><D101/><U25/><E100/><V0/><F0/><W6/><G6/><T1/><D1/><U103/><E103/><V132/><F83/><W117/><G117/><T55/><D51/><U88/><E79/><V76/><F76/><W105/><G105/><T124/><D130/><U87/><E19/><V41/><F41/><W111/><G111/><T114/><D114/><U134/><E25/><N who="2" m="18895" /><F132/><W2/><G2/><T74/><D74/><U97/><E97/><V22/><F22/><W24/><G24/><T27/><D31/><U45/><E134/><V128/><F128/><W37/><G63/><AGARI ba="0,0" hai="3,4,10,38,42,47,63,67,68,104,106" m="18895" machi="63" ten="30,2000,0" yaku="33,2" doraHai="78" who="2" fromWho="3" sc="463,0,54,0,343,20,140,-20" /><INIT seed="5,0,0,4,0,116" ten="463,54,363,120" oya="1" hai0="36,82,6,94,112,76,88,64,101,59,80,34,77" hai1="43,135,134,67,83,107,105,69,39,14,3,40,85" hai2="129,56,1,99,8,42,109,58,120,110,74,60,125" hai3="115,72,73,113,102,21,128,45,114,118,106,44,130"/><U26/><E3/><V127/><F74/><N who="3" m="28779" /><G21/><T119/><D119/><U132/><E26/><V90/><F42/><N who="1" m="15913" /><E39/><V35/><F35/><W48/><G118/><T25/><D112/><U16/><E67/><V93/><F129/><N who="3" m="49771" /><G48/><T29/><D101/><U37/><E69/><V91/><F8/><W66/><G66/><T32/><D36/><U19/><E37/><V65/><F1/><W4/><G4/><T123/><D6/><U62/><E62/><V63/><F65/><W100/><G106/><N who="1" m="40458" /><E14/><V51/><F51/><W52/><G52/><T122/><D64/><U53/><E53/><V86/><F60/><W111/><G111/><T75/><D25/><U54/><E54/><V22/><F63/><W117/><G117/><T23/><D34/><U89/><AGARI ba="0,0" hai="16,19,83,85,89,132,134,135" m="40458,15913" machi="89" ten="40,3900,0" yaku="20,1,54,1" doraHai="116" who="1" fromWho="1" sc="463,-13,54,39,363,-13,120,-13" /><INIT seed="5,1,0,1,4,117" ten="450,93,350,107" oya="1" hai0="21,7,74,47,22,29,63,32,83,56,120,98,110" hai1="64,38,92,94,125,131,40,54,57,99,132,118,19" hai2="33,133,50,135,0,42,91,66,115,78,30,14,4" hai3="37,8,36,113,3,27,41,104,2,126,31,114,55"/><U124/><E118/><V58/><F78/><W45/><G104/><T111/><D120/><U112/><E112/><N who="3" m="43114" /><G126/><N who="1" m="48746" /><E131/><V26/><F115/><W81/><G37/><T122/><D122/><U89/><E132/><N who="2" m="50763" /><F0/><W129/><G129/><T127/><D127/><U90/><E19/><V85/><F4/><W86/><G8/><T44/><D32/><U134/><E134/><V24/><F14/><W17/><G55/><T72/><D7/><U39/><E64/><V69/><F24/><W67/><G17/><T5/><D5/><U105/><E105/><V95/><F69/><W18/><G18/><T96/><D29/><U121/><E121/><V35/><F35/><N who="3" m="20991" /><G67/><T75/><D22/><U80/><E80/><V12/><F12/><W77/><AGARI ba="1,0" hai="2,3,36,41,45,77,81,86" m="20991,43114" machi="77" ten="30,1100,0" yaku="15,1" doraHai="117" who="3" fromWho="3" sc="450,-4,93,-6,350,-4,107,14" /><INIT seed="6,0,0,0,4,76" ten="446,87,346,121" oya="2" hai0="32,120,104,72,55,114,128,90,18,98,15,29,95" hai1="54,112,99,46,107,71,118,133,19,53,82,57,22" hai2="103,50,89,93,130,126,91,84,45,62,87,6,17" hai3="20,38,28,102,117,1,113,129,81,69,52,66,42"/><V127/><F130/><W125/><G117/><T51/><D120/><U96/><E118/><V24/><F103/><W49/><G125/><T70/><D70/><U73/><E71/><V86/><F6/><W31/><G1/><T106/><D114/><U74/><E74/><V21/><F62/><W61/><G113/><T131/><D72/><U132/><E112/><V16/><F17/><W58/><G129/><N who="0" m="49739" /><D32/><U37/><E107/><V9/><F9/><W25/><G102/><T5/><D29/><U33/><E33/><V36/><F36/><W14/><G14/><T27/><D27/><U30/><E30/><V109/><F109/><W68/><G31/><T100/><D5/><U121/><E121/><V124/><REACH who="2" step="1"/><F93/><REACH who="2" ten="446,87,336,121" step="2"/><W44/><G69/><T8/><D100/><U80/><E133/><V12/><F12/><W56/><G68/><T135/><D135/><U35/><E132/><V83/><F83/><N who="1" m="31785" /><E73/><V122/><F122/><W97/><G81/><T7/><D7/><U105/><E105/><V34/><F34/><W77/><G77/><T48/><D48/><N who="1" m="28823" /><E37/><V11/><F11/><W23/><G23/><T111/><D111/><U3/><E35/><V26/><F26/><W116/><G116/><T134/><D134/><U64/><E3/><V67/><F67/><W13/><G13/><T108/><D108/><U75/><E64/><V0/><F0/><W40/><G38/><T79/><D106/><U2/><E2/><V88/><F88/><W92/><G92/><T123/><D104/><U78/><E75/><V110/><F110/><W65/><G66/><T43/><D123/><RYUUKYOKU ba="0,1" sc="446,-10,87,-10,336,30,121,-10" hai2="16,21,24,45,50,84,86,87,89,91,124,126,127" /><INIT seed="6,1,1,4,3,85" ten="436,77,366,111" oya="2" hai0="124,131,94,126,23,117,49,14,92,45,38,100,113" hai1="115,68,96,86,127,90,6,128,50,81,32,102,112" hai2="15,30,5,107,54,72,31,133,82,37,56,19,47" hai3="71,95,28,80,17,58,11,67,84,65,42,55,76"/><V98/><F133/><W93/><G71/><T77/><D113/><N who="1" m="43595" /><E68/><V97/><F5/><W79/><G42/><T52/><D131/><U132/><E32/><V33/><F33/><W99/><G28/><N who="2" m="10793" /><F107/><W36/><G36/><T111/><D111/><U123/><E6/><V40/><F37/><W13/><G79/><T26/><D117/><U22/><E22/><N who="2" m="11647" /><F72/><W109/><G109/><T73/><D14/><U61/><E61/><N who="2" m="35991" /><F82/><W20/><G11/><T8/><D73/><U120/><E50/><N who="2" m="26983" /><F98/><W122/><G122/><N who="1" m="46634" /><E132/><V27/><F97/><W69/><G69/><T135/><D126/><U12/><E12/><V21/><F21/><W108/><G108/><T66/><D124/><U105/><E128/><V118/><F118/><W106/><G106/><T48/><D48/><U57/><E57/><V74/><F74/><W130/><G130/><T110/><D49/><U9/><E9/><V103/><F103/><N who="3" m="60911" /><G95/><T101/><D94/><U7/><E7/><V75/><F75/><W24/><G24/><AGARI ba="1,1" hai="24,27" m="26983,35991,11647,10793" machi="24" ten="30,1500,0" yaku="8,1" doraHai="85" who="2" fromWho="3" sc="436,0,77,0,366,28,111,-18" /><INIT seed="6,2,0,0,1,107" ten="436,77,394,93" oya="2" hai0="30,50,20,1,135,113,18,46,93,116,100,4,69" hai1="119,95,54,41,48,57,77,14,2,73,59,68,75" hai2="126,133,27,131,49,76,106,24,118,58,114,28,110" hai3="6,112,91,97,124,34,53,13,94,130,105,127,36"/><V122/><F122/><W104/><G34/><T9/><D69/><U40/><E2/><V74/><F118/><W102/><G112/><T125/><D113/><U43/><E68/><V11/><F114/><W78/><G36/><T87/><D135/><U38/><E38/><V79/><F133/><W44/><G130/><T90/><D125/><N who="3" m="48201" /><G78/><N who="2" m="29737" /><F106/><N who="3" m="41067" /><G6/><T134/><D134/><U84/><E119/><V101/><F74/><W64/><G13/><N who="0" m="5287" /><D116/><U15/><E59/><V82/><F126/><W37/><G64/><T21/><D1/><U52/><E54/><N who="2" m="32079" /><F131/><W121/><G121/><T61/><D61/><U8/><E15/><V81/><F110/><W128/><G128/><T26/><D100/><U7/><REACH who="1" step="1"/><E95/><REACH who="1" ten="436,67,394,93" step="2"/><V109/><F109/><W88/><G37/><T39/><D39/><U35/><E35/><V72/><F27/><W17/><G17/><T85/><D18/><U65/><E65/><V47/><F47/><W115/><G115/><T111/><D111/><U0/><E0/><V86/><F24/><W66/><G66/><T12/><D12/><U117/><E117/><V19/><F19/><W71/><G71/><T10/><D26/><U92/><E92/><V67/><F67/><W56/><G44/><T108/><D108/><U5/><E5/><V3/><F3/><W33/><G33/><T22/><D93/><U99/><E99/><V103/><F11/><W31/><G31/><T42/><D10/><U62/><E62/><AGARI ba="2,1" hai="53,56,62,88,91,94,97,102" m="41067,48201" machi="62" ten="30,2000,0" yaku="18,1,54,1" doraHai="107" who="3" fromWho="1" sc="436,0,67,-26,394,0,93,36" /><INIT seed="7,0,0,2,1,59" ten="436,41,394,129" oya="3" hai0="72,52,57,112,128,21,4,119,12,90,62,97,37" hai1="115,11,101,131,96,16,110,2,61,6,22,25,109" hai2="133,8,42,129,81,10,32,7,58,134,124,55,114" hai3="31,117,106,15,84,87,64,39,23,40,3,89,74"/><W116/><G74/><T118/><D72/><U56/><E115/><V24/><F114/><W85/><G3/><T60/><D112/><U73/><E73/><V122/><F122/><W77/><G106/><T67/><D37/><U27/><E131/><V0/><F42/><W120/><G120/><T48/><D128/><U65/><REACH who="1" step="1"/><E27/><REACH who="1" ten="436,31,394,129" step="2"/><V111/><F129/><W34/><G89/><T68/><D119/><U83/><E83/><V63/><F111/><W69/><G116/><T1/><D118/><U105/><AGARI ba="0,1" hai="2,6,11,16,22,25,56,61,65,96,101,105,109,110" machi="105" ten="20,8000,1" yaku="1,1,0,1,7,1,52,1,54,1,53,0" doraHai="59" doraHaiUra="26" who="1" fromWho="1" sc="436,-20,31,90,394,-20,129,-40" owari="416,52.0,121,-28.0,374,17.0,89,-41.0" /></mjloggm>