<mjloggm ver="2.3"><GO type="97" lobby="0"/><UN n0="%E5%B7%9D%E6%9D%91%E8%BB%8D%E5%9B%A3%E8%BB%8D%E6%9D%91%E5%B7%9D" n1="%E5%B0%B1%E6%B4%BB%E7%94%9F%40%E5%B7%9D%E6%9D%91%E8%BB%8D%E5%9B%A3" n2="%E5%A6%82%E6%9C%88%E3%82%AB%E3%83%AB%E3%83%8A" n3="%E9%9B%80%E8%8D%98%E3%81%8B%E3%81%82" dan="14,15,14,14" rate="1993.58,2000.11,1920.70,1873.74" sx="F,M,M,M"/><TAIKYOKU oya="0"/><INIT seed="0,0,0,2,5,72" ten="250,250,250,250" oya="0" hai0="18,117,63,42,64,51,84,38,50,109,116,105,83" hai1="79,113,46,126,75,88,2,99,55,41,104,53,96" hai2="94,85,10,87,77,128,11,130,39,110,48,0,49" hai3="69,54,115,33,68,123,34,30,40,73,22,59,91"/><T124/><D105/><U12/><E2/><V15/><F39/><W21/><G123/><T17/><D124/><U97/><E104/><V9/><F0/><W47/><G73/><T100/><D100/><U45/><E126/><V134/><F134/><W103/><G103/><T25/><D109/><U106/><E106/><V108/><F15/><W114/><G91/><T80/><D25/><U23/><E113/><V131/><F94/><W6/><G6/><T4/><D4/><U26/><E75/><V81/><REACH who="2" step="1"/><F87/><REACH who="2" ten="250,250,240,250" step="2"/><W35/><G114/><T43/><D84/><U36/><E12/><V95/><F95/><W111/><G115/><T7/><D38/><U82/><E99/><V67/><F67/><W120/><G111/><AGARI ba="0,1" hai="9,10,11,48,49,77,81,85,108,110,111,128,130,131" machi="111" ten="50,8000,1" yaku="1,1,14,1,19,1,52,1,53,0" doraHai="72" doraHaiUra="27" who="2" fromWho="3" sc="250,0,250,0,240,90,250,-80" /><INIT seed="1,0,0,0,3,17" ten="250,250,330,170" oya="1" hai0="84,94,111,19,30,13,134,117,100,15,118,73,112" hai1="87,128,96,77,6,18,129,22,115,109,31,110,86" hai2="41,90,26,16,46,64,75,66,48,92,70,57,103" hai3="99,127,62,5,53,35,107,88,79,76,63,123,40"/><U101/><E115/><V78/><F103/><W80/><G35/><T50/><D73/><U93/><E31/><V14/><F70/><W105/><G5/><T102/><D112/><U9/><E9/><V106/><F106/><W51/><G127/><T60/><D30/><U3/><E6/><V23/><F75/><W119/><G119/><T82/><D111/><N who="1" m="42507" /><E3/><V135/><F78/><N who="3" m="29739" /><G107/><T69/><D60/><U21/><E21/><N who="2" m="11415" /><F57/><N who="3" m="32959" /><G105/><T120/><D120/><U113/><E113/><V67/><F135/><W98/><G123/><T44/><D69/><U25/><E77/><V7/><F7/><W12/><G40/><T65/><D65/><U33/><E33/><V133/><F133/><W34/><G34/><T36/><D36/><U59/><E59/><V91/><F92/><W42/><G42/><T45/><D94/><U116/><E116/><V20/><F20/><W37/><G37/><T49/><D134/><U24/><E24/><V83/><F83/><W54/><G12/><T130/><D82/><U58/><E58/><V29/><AGARI ba="0,0" hai="23,26,29,41,46,48,64,66,67,90,91" m="11415" machi="29" ten="30,7900,0" yaku="8,1,52,2,54,1" doraHai="17" who="2" fromWho="2" sc="250,-20,250,-39,330,79,170,-20" /><INIT seed="2,0,0,4,5,90" ten="230,211,409,150" oya="2" hai0="80,27,93,129,127,85,10,77,17,112,110,135,58" hai1="83,7,72,46,45,122,16,13,101,76,131,67,41" hai2="114,98,104,28,88,81,6,20,133,61,113,1,49" hai3="26,54,73,60,107,36,128,121,89,87,23,134,31"/><V96/><F133/><W130/><G73/><T43/><D112/><U42/><E122/><V52/><F61/><W66/><G36/><T55/><D135/><U84/><E131/><V71/><F71/><W40/><G107/><T94/><D127/><U95/><E7/><V24/><F1/><W123/><G40/><N who="1" m="15466" /><E72/><V126/><F6/><W75/><G75/><T59/><D43/><U56/><E56/><V86/><F126/><W4/><G4/><T19/><D110/><U18/><E67/><V69/><F69/><W68/><G54/><T125/><D125/><U65/><E65/><V8/><F8/><W118/><G118/><T15/><D129/><N who="3" m="49769" /><G134/><T63/><D58/><U57/><E57/><V33/><F33/><W99/><G99/><T38/><D38/><U37/><E37/><V116/><F116/><W115/><G115/><T44/><D44/><N who="1" m="17003" /><E13/><V25/><F114/><W74/><G74/><T64/><D64/><U0/><E0/><V102/><F113/><W48/><G48/><T12/><D27/><U32/><E32/><V103/><F25/><W53/><G53/><T70/><D70/><U47/><E47/><N who="2" m="27711" /><F104/><W91/><G87/><T117/><D117/><U14/><E14/><V109/><F109/><W35/><G35/><T2/><D2/><U50/><E50/><V124/><F124/><W106/><G106/><T119/><D119/><U120/><E120/><AGARI ba="0,0" hai="23,26,31,60,66,68,89,91,120,121,123" m="49769" machi="120" ten="30,1000,0" yaku="19,1" doraHai="90" who="3" fromWho="1" sc="230,0,211,-10,409,0,150,10" /><INIT seed="3,0,0,4,3,18" ten="230,201,409,160" oya="3" hai0="58,13,53,26,104,107,61,32,95,96,75,14,29" hai1="113,108,119,23,132,111,133,78,37,59,82,124,117" hai2="91,36,41,76,69,28,30,88,63,83,128,46,52" hai3="43,74,123,64,62,67,125,34,114,0,110,102,116"/><W21/><G123/><T71/><D71/><U135/><E37/><V101/><F101/><W25/><G116/><N who="1" m="44618" /><E113/><V40/><F128/><W4/><G74/><T80/><D75/><N who="1" m="43359" /><E124/><V16/><F69/><W94/><G114/><T79/><D14/><U5/><E5/><V87/><F16/><N who="3" m="12455" /><G34/><T8/><D13/><U24/><E59/><N who="2" m="35303" /><F36/><W127/><G0/><T89/><D8/><U17/><AGARI ba="0,0" hai="17,23,24,108,111,132,133,135" m="43359,44618" machi="17" ten="40,5200,0" yaku="20,1,12,1,52,1" doraHai="18" who="1" fromWho="1" sc="230,-13,201,52,409,-13,160,-26" owari="217,-18.0,253,5.0,396,50.0,134,-37.0" /></mjloggm>