<mjloggm ver="2.3"><GO type="225" lobby="0"/><UN n0="%E3%82%81%E3%81%8C%EF%BC%93" n1="%E3%81%BF%E3%81%BF%E3%81%9A" n2="%E6%B4%BE%E9%81%A3%E3%81%AE%E3%82%B8%E3%83%A3%E3%83%83%E3%82%AF" n3="%E5%B0%B1%E6%B4%BB%E7%94%9F%40%E5%B7%9D%E6%9D%91%E8%BB%8D%E5%9B%A3" dan="16,17,17,16" rate="2172.53,2149.63,2191.31,2072.80" sx="M,M,M,M"/><TAIKYOKU oya="0"/><INIT seed="0,0,0,5,5,42" ten="250,250,250,250" oya="0" hai0="40,79,92,120,50,117,33,133,66,52,122,67,115" hai1="10,24,29,15,28,97,107,3,41,109,134,55,70" hai2="105,58,59,48,62,85,135,131,13,5,104,132,124" hai3="25,56,98,60,119,4,75,118,6,54,100,94,126"/><T82/><D117/><U61/><E3/><V45/><F124/><W30/><G75/><T116/><D115/><U16/><E109/><V123/><F131/><W63/><G126/><T96/><D116/><U49/><E134/><N who="2" m="51243" /><F85/><W130/><G130/><T86/><D133/><U111/><E111/><V22/><F123/><W84/><G118/><T89/><D40/><U68/><E41/><N who="2" m="24623" /><F59/><W72/><G72/><T125/><D33/><U99/><E107/><V51/><F51/><W101/><G101/><T71/><D125/><U18/><E70/><V103/><F103/><W73/><G73/><T90/><D71/><U23/><E61/><V108/><F108/><W87/><G63/><T110/><D110/><U39/><E68/><V8/><F22/><N who="3" m="15671" /><G119/><T12/><D12/><U91/><E39/><V77/><F77/><W102/><G102/><N who="0" m="60679" /><D122/><U19/><E91/><N who="0" m="34825" /><D120/><U76/><E76/><V0/><F0/><W9/><G9/><T7/><D7/><AGARI ba="0,0" hai="4,6,7,54,56,60,84,87,94,98,100" m="15671" machi="7" ten="30,1000,0" yaku="8,1" doraHai="42" who="3" fromWho="0" sc="250,-10,250,0,250,0,250,10" /><INIT seed="1,0,0,1,4,59" ten="240,250,250,260" oya="1" hai0="39,43,46,115,24,125,77,131,6,134,100,16,72" hai1="112,123,108,14,2,48,15,50,55,70,130,40,74" hai2="103,132,7,32,25,44,93,75,106,109,91,81,88" hai3="83,92,128,62,64,33,113,73,63,79,9,27,127"/><U129/><E112/><V96/><F132/><W116/><G113/><T49/><D115/><U78/><E123/><V5/><F109/><W45/><G116/><T22/><D134/><U85/><E2/><V11/><F44/><W13/><G127/><T51/><D125/><U101/><E74/><V97/><F11/><W86/><G128/><N who="1" m="49258" /><E108/><V61/><F61/><W119/><G119/><T114/><D114/><U111/><E111/><V31/><REACH who="2" step="1"/><F91/><REACH who="2" ten="240,250,240,260" step="2"/><W98/><G45/><T66/><D131/><U21/><E70/><V26/><F26/><W65/><G65/><T20/><D66/><U107/><E40/><V117/><F117/><W94/><G27/><T10/><D24/><U4/><E4/><V54/><F54/><W87/><G64/><T71/><D6/><U37/><E37/><V30/><F30/><W28/><G28/><T1/><D71/><U52/><E48/><V38/><F38/><W118/><G118/><T57/><D39/><U99/><E50/><V23/><F23/><W135/><G33/><T60/><D51/><U3/><E3/><V47/><F47/><W17/><G135/><T104/><D1/><U68/><E68/><V124/><F124/><W80/><G63/><T120/><D120/><U42/><E42/><V8/><F8/><W67/><G62/><T102/><D10/><U121/><E121/><V110/><F110/><W76/><G67/><T12/><D22/><U34/><E34/><V56/><F56/><W90/><G94/><T84/><D60/><U105/><E55/><V53/><F53/><W122/><G122/><T35/><D35/><RYUUKYOKU ba="0,1" sc="240,-15,250,-15,240,15,260,15" hai2="5,7,25,31,32,75,81,88,93,96,97,103,106" hai3="9,13,17,73,76,79,80,83,86,87,90,92,98" /><INIT seed="2,1,1,0,2,104" ten="225,235,255,275" oya="2" hai0="98,54,47,117,23,122,133,67,103,9,52,128,33" hai1="108,31,0,55,76,44,96,120,115,11,19,61,89" hai2="111,72,34,83,17,35,93,60,88,26,121,77,74" hai3="118,20,85,126,30,63,28,99,110,97,68,40,50"/><V71/><F121/><W78/><G118/><T4/><D122/><U114/><E120/><V116/><F116/><W18/><G110/><T36/><D117/><U90/><E31/><N who="3" m="11818" /><G68/><T69/><D33/><U10/><E108/><V57/><F111/><W27/><G63/><T53/><D23/><U41/><E76/><V6/><F71/><W84/><G126/><T42/><D128/><U62/><E115/><V2/><F72/><W87/><G78/><T70/><D133/><U64/><E114/><V59/><F59/><W16/><G18/><T101/><D67/><U86/><E96/><V102/><F102/><W13/><G27/><T105/><REACH who="0" step="1"/><D103/><REACH who="0" ten="215,235,255,275" step="2"/><U80/><E64/><N who="2" m="38927" /><F34/><W127/><G127/><T81/><D81/><U39/><E10/><V65/><F65/><W130/><G130/><T24/><D24/><U3/><E55/><V92/><F26/><W124/><G124/><T58/><D58/><U12/><REACH who="1" step="1"/><E90/><REACH who="1" ten="215,225,255,275" step="2"/><V82/><F88/><W125/><G125/><T21/><D21/><U112/><E112/><V109/><F109/><W15/><G20/><T1/><AGARI ba="1,3" hai="1,4,9,36,42,47,52,53,54,69,70,98,101,105" machi="1" ten="30,4000,0" yaku="1,1,0,1,54,1,53,0" doraHai="104" doraHaiUra="119" who="0" fromWho="0" sc="215,73,225,-11,255,-21,275,-11" /><INIT seed="3,0,0,4,5,48" ten="288,214,234,264" oya="3" hai0="112,17,1,16,57,70,30,63,18,0,105,104,78" hai1="127,106,15,111,86,33,97,9,93,88,26,10,35" hai2="107,123,118,77,75,84,82,32,46,71,40,36,68" hai3="20,80,37,25,62,114,115,34,124,133,53,110,27"/><W51/><G37/><T79/><D70/><U100/><E111/><V85/><F118/><W122/><G122/><T83/><D112/><U126/><E9/><V101/><F123/><W132/><G34/><T130/><D130/><U38/><E38/><V2/><F84/><W7/><G7/><T12/><D30/><U42/><E42/><V6/><F85/><W66/><G80/><T64/><D12/><U74/><E74/><V31/><F31/><N who="3" m="17831" /><G110/><T109/><D109/><U72/><E72/><V13/><F13/><W120/><G27/><T135/><D135/><N who="3" m="51785" /><G120/><T45/><D45/><U59/><E59/><V49/><F49/><W67/><G124/><N who="1" m="47658" /><E26/><V117/><F117/><W22/><G22/><T94/><D94/><U3/><E3/><V113/><F32/><W39/><G39/><T116/><D116/><U92/><E92/><V134/><F113/><N who="3" m="43019" /><G62/><T99/><D0/><U65/><E65/><V24/><F24/><W73/><G73/><N who="0" m="43471" /><D1/><U60/><E60/><V61/><F61/><W131/><G131/><T28/><D28/><U108/><E108/><V90/><F134/><W69/><G69/><T76/><D105/><U4/><AGARI ba="0,0" hai="4,10,15,33,35,86,88,93,97,100,106" m="47658" machi="4" ten="30,2000,0" yaku="18,1,54,1" doraHai="48" who="1" fromWho="1" sc="288,-5,214,20,234,-5,264,-10" /><INIT seed="4,0,0,0,0,114" ten="283,234,229,254" oya="0" hai0="37,48,79,106,88,41,27,66,5,29,121,6,1" hai1="98,78,77,65,101,94,116,9,73,83,111,25,58" hai2="11,30,96,55,31,62,85,124,43,57,81,34,113" hai3="92,15,45,109,115,82,118,59,91,90,95,17,32"/><T0/><D121/><U126/><E111/><V18/><F113/><W100/><G109/><T24/><D106/><U4/><E126/><V64/><F124/><W19/><G32/><T35/><D66/><U39/><E39/><V60/><F43/><W129/><G115/><T135/><D79/><U47/><E47/><V108/><F108/><W22/><G100/><T53/><D135/><U110/><E110/><V10/><F96/><W21/><G129/><T69/><D69/><U70/><E70/><V123/><F123/><W104/><G104/><T40/><D37/><U89/><E116/><V97/><F97/><W84/><G118/><T75/><D75/><U132/><E132/><V86/><F34/><W102/><G102/><T44/><D88/><U13/><E25/><V3/><F3/><W46/><G59/><T52/><D27/><U49/><E78/><N who="2" m="46263" /><F86/><N who="3" m="52343" /><G82/><T80/><D80/><U119/><E119/><V8/><F18/><W112/><G112/><T54/><D40/><U72/><E101/><V117/><F117/><W63/><G63/><N who="2" m="24105" /><F64/><W20/><G20/><T26/><D26/><AGARI ba="0,0" hai="15,17,19,21,22,26,45,46,84,90,95" m="52343" machi="26" ten="30,1000,0" yaku="8,1" doraHai="114" who="3" fromWho="0" sc="283,-10,234,0,229,0,254,10" /><INIT seed="5,0,0,3,0,99" ten="273,234,229,264" oya="1" hai0="102,47,95,11,6,31,110,50,46,18,5,21,38" hai1="17,80,115,94,72,12,83,134,42,0,29,4,76" hai2="30,132,58,9,40,39,130,117,44,35,28,37,25" hai3="90,84,125,55,75,73,85,22,104,71,116,59,123"/><U127/><E115/><V14/><F117/><W114/><G71/><T129/><D110/><U77/><E127/><V24/><F132/><W52/><G104/><T91/><D129/><U113/><E113/><V69/><F130/><W96/><G114/><T100/><D38/><U62/><E134/><V126/><F126/><W119/><G123/><T33/><D31/><U56/><E29/><V121/><F121/><W88/><G125/><T54/><D46/><U20/><E42/><V128/><F128/><W70/><G70/><T19/><D33/><U111/><E111/><V120/><F120/><W86/><G22/><T34/><D34/><U26/><E0/><V66/><F69/><W57/><G85/><N who="0" m="52719" /><D11/><N who="1" m="4199" /><E72/><V97/><F97/><AGARI ba="0,0" hai="52,55,57,59,73,75,84,86,88,90,96,97,116,119" machi="97" ten="25,6400,0" yaku="22,2,54,2" doraHai="99" who="3" fromWho="2" sc="273,0,234,0,229,-64,264,64" owari="273,7.0,234,-17.0,165,-33.0,328,43.0" /></mjloggm>