<mjloggm ver="2.3"><GO type="41" lobby="0"/><UN n0="%E5%B0%B1%E6%B4%BB%E7%94%9F%40%E5%B7%9D%E6%9D%91%E8%BB%8D%E5%9B%A3" n1="%E9%B3%B3" n2="%E3%83%9E%E3%82%B9%E3%83%AF%E3%83%AA" n3="%E5%A4%A7%E6%A8%B9%E6%B0%B7%EF%BC%92%EF%BC%95%EF%BC%85" dan="15,15,14,13" rate="1956.52,2008.31,1876.42,1913.99" sx="M,M,M,M"/><TAIKYOKU oya="0"/><INIT seed="0,0,0,4,3,65" ten="250,250,250,250" oya="0" hai0="84,42,98,16,112,24,130,88,13,35,64,79,27" hai1="11,29,38,66,116,57,75,21,122,47,85,105,113" hai2="109,124,68,114,30,125,9,134,3,115,82,50,36" hai3="51,73,93,46,41,54,32,58,10,81,6,69,70"/><T83/><D112/><U123/><E75/><V49/><F30/><W94/><G32/><T33/><D130/><U100/><E85/><V23/><F23/><W95/><G81/><T90/><D35/><U0/><E116/><V72/><F9/><W110/><G110/><T118/><D118/><U119/><E119/><V2/><F82/><W102/><G102/><T74/><D33/><U92/><E105/><V12/><F12/><W104/><G104/><T131/><D131/><U60/><E11/><V99/><F99/><W40/><G73/><T4/><D4/><U91/><E91/><N who="0" m="34857" /><D74/><U106/><E0/><V56/><F72/><W63/><REACH who="3" step="1"/><G41/><REACH who="3" ten="250,250,250,240" step="2"/><T97/><D42/><N who="1" m="22999" /><E106/><V133/><F109/><W78/><G78/><T37/><D37/><U128/><E128/><V121/><F36/><W108/><G108/><T87/><D87/><U25/><E113/><V135/><F135/><W62/><G62/><T89/><D64/><U127/><E60/><V17/><F121/><W31/><G31/><T55/><D55/><U101/><E66/><V53/><F53/><W77/><G77/><T44/><D44/><U120/><E120/><V1/><F115/><W39/><G39/><T43/><D43/><U22/><E123/><V59/><F114/><W61/><G61/><T129/><D129/><U103/><E122/><V7/><F134/><W111/><G111/><T8/><D98/><U15/><E101/><V80/><F133/><W19/><G19/><T117/><D117/><U26/><E103/><V71/><F17/><W67/><G67/><T96/><D96/><U34/><E100/><RYUUKYOKU ba="0,1" sc="250,15,250,-15,250,-15,240,15" hai0="8,13,16,24,27,79,83,84,89,97" hai3="6,10,40,46,51,54,58,63,69,70,93,94,95" /><INIT seed="0,1,1,3,5,32" ten="265,235,235,255" oya="0" hai0="64,56,39,67,106,16,35,88,111,23,54,87,0" hai1="44,130,52,21,123,12,7,11,103,101,41,46,89" hai2="33,128,9,119,51,126,17,108,3,26,107,86,65" hai3="27,113,28,98,82,78,42,84,129,124,75,19,15"/><T69/><D39/><U94/><E123/><V115/><F107/><W68/><G113/><T93/><D35/><U6/><E130/><V85/><F65/><N who="0" m="25162" /><D106/><U57/><E21/><V100/><F100/><N who="1" m="38473" /><E41/><V133/><F51/><W8/><G68/><T122/><D69/><U47/><E7/><V96/><F96/><W114/><G124/><T49/><D122/><U14/><E14/><V134/><F128/><W72/><G129/><T132/><D132/><U110/><E110/><V116/><F115/><W135/><G135/><T109/><D0/><U80/><E80/><V22/><F86/><W91/><G42/><T45/><D45/><U36/><E36/><V58/><F85/><W73/><G98/><T50/><D50/><N who="1" m="30871" /><E47/><V63/><F108/><W43/><G43/><T59/><D59/><U37/><E37/><V66/><F126/><W92/><REACH who="3" step="1"/><G114/><REACH who="3" ten="265,235,235,245" step="2"/><T38/><D38/><U60/><E60/><V125/><F125/><W76/><G76/><T13/><AGARI ba="1,2" hai="13,16,23,49,54,56,87,88,93,109,111" m="25162" machi="13" ten="30,6000,0" yaku="25,1,54,2" doraHai="32" who="0" fromWho="0" sc="265,83,235,-21,235,-21,245,-21" /><INIT seed="0,2,0,2,4,27" ten="348,214,214,224" oya="0" hai0="0,84,61,104,38,99,28,59,116,102,44,80,88" hai1="19,47,96,1,124,129,117,128,122,35,7,31,127" hai2="65,81,75,15,51,45,72,12,86,70,123,63,114" hai3="85,16,87,118,5,4,98,91,112,49,34,115,41"/><T97/><D0/><U83/><E122/><V73/><F114/><W29/><G118/><T10/><D116/><U90/><E117/><V76/><REACH who="2" step="1"/><F123/><REACH who="2" ten="348,214,204,224" step="2"/><W17/><G115/><T133/><D133/><U95/><E128/><V40/><AGARI ba="2,1" hai="12,15,40,45,51,63,65,70,72,73,75,76,81,86" machi="40" ten="30,7900,0" yaku="1,1,2,1,0,1,53,1" doraHai="27" doraHaiUra="79" who="2" fromWho="2" sc="348,-41,214,-22,204,95,224,-22" /><INIT seed="1,0,0,0,5,3" ten="307,192,299,202" oya="1" hai0="53,85,51,48,25,34,115,67,2,94,102,93,46" hai1="15,122,113,83,73,109,0,82,61,131,12,7,65" hai2="97,64,126,49,95,31,23,75,134,28,44,123,72" hai3="129,132,38,88,29,42,59,35,45,47,112,60,91"/><U13/><E122/><V108/><F123/><W114/><G129/><T68/><D115/><U121/><E113/><V17/><F126/><W52/><G132/><T5/><D102/><U81/><E121/><V103/><F134/><W107/><G107/><T118/><D118/><U78/><E131/><V87/><F108/><W21/><G35/><T16/><D68/><U116/><E116/><V26/><F31/><W110/><G110/><T92/><D67/><U79/><E109/><V10/><F64/><W18/><G29/><T111/><D111/><U20/><E20/><V76/><F76/><W36/><G114/><T54/><D85/><U133/><E133/><V63/><F63/><W125/><G125/><T89/><D89/><U24/><E24/><V98/><F87/><W100/><G100/><T104/><D104/><U33/><E33/><V70/><F70/><W77/><G77/><T66/><D66/><U4/><E0/><V8/><F98/><W69/><G69/><T57/><D34/><U71/><REACH who="1" step="1"/><E82/><REACH who="1" ten="307,182,299,202" step="2"/><V117/><F117/><W22/><G22/><N who="0" m="13511" /><D2/><U11/><E11/><V127/><F10/><W128/><G128/><T40/><D40/><U119/><E119/><V99/><F8/><W62/><G112/><T37/><D37/><U101/><E101/><V124/><F127/><W80/><G80/><T43/><D43/><U55/><E55/><V9/><F124/><W74/><G42/><T50/><D50/><U14/><N who="1" m="3072" /><DORA hai="120" /><U39/><E39/><V58/><F9/><W130/><G38/><T106/><D51/><U1/><E1/><V84/><F49/><RYUUKYOKU ba="0,1" sc="307,-10,182,30,299,-10,202,-10" hai1="4,7,61,65,71,73,78,79,81,83" /><INIT seed="1,1,1,1,4,92" ten="297,212,289,192" oya="1" hai0="8,62,20,49,95,21,135,45,43,57,127,42,54" hai1="97,24,91,111,13,51,31,14,128,50,88,80,74" hai2="27,106,117,102,122,44,131,78,112,132,68,19,63" hai3="0,66,103,71,69,33,6,114,10,101,133,81,28"/><U55/><E128/><V83/><F19/><W3/><G114/><T67/><D135/><U1/><E1/><V76/><F44/><W107/><G133/><T125/><D8/><U98/><E111/><V99/><F132/><W85/><G101/><T5/><D5/><U30/><E74/><V82/><F27/><W115/><G115/><T130/><D130/><U61/><E61/><V2/><F2/><W23/><G23/><N who="0" m="8779" /><D95/><U17/><E80/><V73/><F112/><W77/><G0/><T90/><D90/><N who="1" m="34347" /><E24/><V36/><F36/><W53/><G53/><T46/><D46/><N who="1" m="28151" /><E50/><V41/><F41/><W118/><G66/><T84/><D84/><U121/><E121/><V123/><F131/><W113/><G118/><T37/><D37/><U11/><E13/><V16/><F117/><W94/><G107/><T93/><D93/><U15/><E15/><V38/><F38/><W100/><G113/><T58/><D58/><U108/><E108/><V39/><F39/><W116/><G116/><T32/><D32/><U64/><E64/><V9/><F63/><W47/><G47/><T124/><AGARI ba="1,1" hai="42,43,45,49,54,57,62,67,124,125,127" m="8779" machi="124" ten="40,1500,0" yaku="18,1" doraHai="92" who="0" fromWho="0" sc="297,28,212,-8,289,-5,192,-5" /><INIT seed="2,0,0,2,4,107" ten="325,204,284,187" oya="2" hai0="135,114,46,0,1,100,9,67,15,83,99,123,25" hai1="91,29,2,59,131,57,3,51,85,66,34,60,93" hai2="7,62,130,69,72,87,19,36,71,74,21,48,89" hai3="98,97,17,23,92,41,96,103,18,33,112,56,75"/><V80/><F36/><W113/><G33/><T79/><D123/><U106/><E106/><V64/><F130/><W104/><G41/><T11/><D114/><N who="3" m="44137" /><G56/><T134/><D67/><U47/><E131/><V109/><F71/><W115/><N who="3" m="44145" /><W129/><DORA hai="111" /><G129/><T28/><D46/><U94/><E57/><V20/><F109/><W10/><G10/><T124/><D124/><U119/><E119/><V126/><F126/><W120/><G120/><T39/><D39/><U88/><E29/><V42/><F7/><W5/><G5/><T84/><D11/><U31/><E31/><V105/><F105/><W116/><G116/><T32/><D15/><U12/><E12/><V70/><F70/><W26/><G17/><T61/><D61/><U22/><E22/><V102/><F102/><N who="3" m="60679" /><G98/><T30/><D30/><U45/><E34/><V127/><F127/><W44/><G44/><T53/><D9/><U81/><E45/><V132/><F132/><N who="0" m="50730" /><D53/><U50/><E47/><V77/><F21/><W128/><G128/><T82/><D1/><U35/><E3/><V16/><F19/><W125/><G125/><T6/><D6/><U78/><E2/><V110/><F110/><W86/><G86/><T37/><D0/><U122/><E35/><V108/><F108/><W90/><G90/><N who="1" m="34346" /><E122/><V133/><F133/><W52/><G52/><T58/><D37/><U4/><E4/><V27/><F42/><W118/><G118/><T49/><D58/><U14/><E59/><V68/><F68/><W76/><G76/><T121/><D49/><U8/><E50/><V38/><F48/><RYUUKYOKU ba="0,0" sc="325,-10,204,-10,284,-10,187,30" hai3="18,23,26,75,97,103,104" /><INIT seed="3,1,0,1,2,26" ten="315,194,274,217" oya="3" hai0="87,125,2,8,62,123,117,120,11,56,48,12,15" hai1="92,126,74,41,104,133,49,31,81,61,22,5,88" hai2="51,32,58,39,106,13,4,134,38,112,132,75,95" hai3="1,113,131,90,91,40,103,83,79,82,29,94,65"/><W135/><G1/><T77/><D2/><U3/><E104/><V93/><F75/><W9/><G113/><T60/><D117/><U105/><E105/><V116/><F106/><W97/><G65/><T21/><D125/><U80/><E126/><V69/><F69/><W70/><G70/><T128/><D128/><U127/><E61/><V78/><F112/><W50/><G131/><T14/><D21/><U23/><E5/><V35/><F116/><W55/><G40/><T100/><D100/><U0/><E92/><V52/><F78/><W121/><G121/><T27/><D27/><U111/><E49/><V28/><F39/><W115/><G29/><T16/><D14/><U72/><E127/><V53/><F38/><W63/><G63/><T73/><D73/><U59/><E41/><V66/><F66/><W47/><G135/><N who="2" m="51753" /><F53/><W85/><G115/><T10/><D48/><U6/><E133/><V101/><F101/><W37/><G37/><T102/><D102/><U130/><E130/><V34/><F28/><W67/><G67/><T110/><D110/><U57/><E31/><V107/><F107/><W30/><G30/><T43/><D43/><U114/><E111/><V118/><F118/><W33/><G33/><N who="2" m="8449" /><V68/><DORA hai="44" /><F68/><W109/><G109/><T89/><D77/><U98/><E114/><V45/><F45/><W42/><G42/><T19/><D120/><U54/><E54/><V71/><F71/><W20/><G82/><N who="0" m="49399" /><D123/><U99/><E88/><N who="3" m="33834" /><G9/><AGARI ba="1,0" hai="4,9,13,51,52,58,93,95" m="8449,51753" machi="9" ten="50,6400,0" yaku="20,1,52,1,54,1" doraHai="26,44" who="2" fromWho="3" sc="315,0,194,0,274,67,217,-67" /><INIT seed="4,0,0,4,3,72" ten="315,194,341,150" oya="0" hai0="99,47,64,14,11,23,36,80,130,18,21,123,129" hai1="108,76,20,46,71,124,119,111,109,38,105,55,75" hai2="56,104,66,49,26,54,112,94,6,97,3,40,128" hai3="27,115,134,52,22,82,34,121,25,132,78,118,96"/><T69/><D123/><U63/><E119/><V77/><F104/><W62/><G118/><T127/><D127/><U79/><E105/><V33/><F3/><W135/><G121/><T88/><D69/><U29/><E75/><V32/><F6/><W59/><G115/><T37/><D64/><U102/><E102/><V16/><F112/><W30/><G96/><T9/><D9/><U116/><E116/><V100/><F128/><N who="0" m="49258" /><D47/><U131/><E131/><V81/><F40/><W19/><G82/><T41/><D41/><U31/><E124/><V44/><F66/><W117/><G117/><T98/><D98/><U58/><E71/><V65/><F65/><W61/><G61/><T51/><D51/><U5/><E5/><V70/><F44/><W28/><G19/><T68/><D68/><U24/><REACH who="1" step="1"/><E31/><REACH who="1" ten="315,184,341,150" step="2"/><V45/><F70/><W90/><G90/><T114/><D114/><U73/><E73/><V89/><F100/><W91/><G91/><T106/><D106/><U60/><E60/><V12/><F89/><W85/><REACH who="3" step="1"/><G85/><REACH who="3" ten="315,184,341,140" step="2"/><N who="0" m="50215" /><D99/><U133/><E133/><V39/><F97/><W95/><G95/><T122/><D122/><U2/><E2/><V86/><F94/><W53/><G53/><T48/><D18/><U1/><E1/><V87/><F16/><W15/><G15/><T0/><D14/><U42/><AGARI ba="0,2" hai="20,24,29,38,42,46,55,58,63,76,79,108,109,111" machi="42" ten="40,8000,1" yaku="1,1,0,1,52,2,53,0" doraHai="72" doraHaiUra="13" who="1" fromWho="1" sc="315,-40,184,100,341,-20,140,-20" /><INIT seed="5,0,0,2,4,106" ten="275,284,321,120" oya="1" hai0="118,36,113,9,3,11,67,66,95,65,62,134,104" hai1="47,58,1,79,73,13,71,46,4,30,27,55,108" hai2="76,0,22,131,81,19,103,86,70,69,114,121,49" hai3="119,40,122,29,129,117,91,83,78,14,31,57,109"/><U101/><E1/><V98/><F121/><W90/><G122/><T54/><D104/><U116/><E71/><V26/><F0/><W124/><G109/><T42/><D118/><U53/><E116/><N who="3" m="44618" /><G40/><T133/><D113/><U105/><E108/><V17/><F131/><W82/><G57/><N who="0" m="35127" /><D3/><U80/><E55/><V127/><F127/><W123/><G123/><T102/><D102/><U7/><E101/><V25/><F49/><W35/><G14/><T5/><D5/><U111/><E105/><V44/><F44/><W38/><G38/><T85/><D85/><U2/><E2/><V112/><F19/><W96/><G35/><T89/><D89/><N who="3" m="33801" /><G124/><T43/><D95/><U120/><E120/><V94/><F26/><W125/><G125/><T107/><D107/><U74/><E7/><V64/><F64/><W28/><G96/><T18/><D18/><U130/><E46/><V8/><F8/><N who="0" m="3146" /><D36/><U24/><E4/><V75/><REACH who="2" step="1"/><F86/><REACH who="2" ten="275,284,311,120" step="2"/><W41/><G129/><T115/><D115/><AGARI ba="0,1" hai="17,22,25,69,70,75,76,81,94,98,103,112,114,115" machi="115" ten="40,12000,2" yaku="1,1,2,1,15,1,11,1,52,1,53,1" doraHai="106" doraHaiUra="92" who="2" fromWho="0" sc="275,-120,284,0,311,130,120,0" /><INIT seed="6,0,0,3,2,59" ten="155,284,441,120" oya="2" hai0="128,103,131,118,13,62,129,50,64,6,54,101,70" hai1="120,4,87,36,44,95,49,48,106,91,39,124,34" hai2="1,55,98,74,110,19,56,114,26,57,47,0,72" hai3="23,99,17,117,94,83,66,45,52,100,76,35,125"/><V40/><F110/><W116/><G125/><T135/><D118/><U38/><E34/><V108/><F108/><W85/><G35/><T90/><D135/><U63/><E124/><V96/><F74/><W79/><G66/><T46/><REACH who="0" step="1"/><D90/><REACH who="0" ten="145,284,441,120" step="2"/><N who="1" m="53727" /><E120/><V30/><F114/><W61/><G76/><T12/><D12/><U27/><E91/><V122/><F122/><W112/><G112/><T119/><D119/><U126/><E126/><V10/><F1/><W80/><G80/><T37/><D37/><U93/><E38/><V15/><F0/><W43/><G117/><T130/><N who="0" m="33280" /><DORA hai="105" /><T123/><D123/><U102/><E39/><V53/><F26/><N who="3" m="14703" /><G116/><T22/><D22/><U89/><E27/><V2/><F2/><W88/><G79/><T14/><D14/><U18/><E36/><V67/><F10/><AGARI ba="0,1" hai="6,10,13,46,50,54,62,64,70,101,103" m="33280" machi="10" ten="70,12000,2" yaku="1,1,19,1,52,1,53,4" doraHai="59,105" doraHaiUra="127,81" who="0" fromWho="2" sc="145,130,284,0,441,-120,120,0" /><INIT seed="7,0,0,3,1,36" ten="275,284,321,120" oya="3" hai0="108,51,112,99,109,121,66,57,15,7,74,79,38" hai1="95,41,55,49,96,78,47,35,0,12,46,129,114" hai2="98,106,130,54,86,105,124,103,14,3,115,43,97" hai3="113,24,10,67,92,118,31,28,58,69,56,84,116"/><W75/><G69/><T82/><D121/><U16/><E35/><V85/><F3/><W102/><G75/><T52/><D38/><U6/><E129/><V83/><F43/><W40/><G40/><T53/><D66/><U64/><E114/><V90/><F54/><W27/><G113/><T39/><D39/><U91/><E64/><V34/><F14/><W68/><G10/><T123/><D123/><U2/><E78/><N who="2" m="46327" /><F34/><W120/><G68/><T5/><D112/><U87/><E6/><V65/><F65/><W77/><G120/><T32/><D32/><U125/><E125/><V70/><F70/><W62/><G58/><T89/><D53/><U37/><E96/><V80/><F115/><W76/><G118/><T126/><D126/><U45/><E45/><V13/><F13/><W8/><G8/><AGARI ba="0,0" hai="0,2,8,12,16,37,41,46,47,49,55,87,91,95" machi="8" ten="30,3900,0" yaku="7,1,52,1,54,1" doraHai="36" who="1" fromWho="3" sc="275,0,284,39,321,0,120,-39" owari="275,-12.0,323,42.0,321,12.0,81,-42.0" /></mjloggm>