<mjloggm ver="2.3"><GO type="97" lobby="0"/><UN n0="%6D%61%64" n1="%E5%B7%9D%E6%9D%91%E8%BB%8D%E5%9B%A3%E8%BB%8D%E6%9D%91%E5%B7%9D" n2="%E6%96%A7%E6%96%A7%E6%96%A7" n3="%E3%83%88%E3%83%88%E3%83%AA%E5%85%88%E7%94%9F%31%39%E6%AD%B3" dan="13,15,13,15" rate="1894.00,1999.40,1838.52,2008.71" sx="M,F,M,F"/><TAIKYOKU oya="0"/><INIT seed="0,0,0,0,5,121" ten="250,250,250,250" oya="0" hai0="9,13,82,30,51,74,14,86,31,77,35,93,115" hai1="92,22,99,133,18,122,68,123,44,95,69,134,84" hai2="20,28,129,88,102,71,132,83,79,128,46,5,61" hai3="52,66,76,38,117,124,112,106,53,47,91,63,23"/><T116/><D115/><U120/><E44/><V111/><F132/><N who="1" m="50793" /><E84/><V50/><F5/><W67/><G112/><T98/><D116/><U19/><E22/><V62/><F102/><W7/><G117/><T94/><D74/><U110/><E99/><V54/><F71/><N who="1" m="27209" /><E110/><V33/><F33/><W12/><G38/><T10/><D35/><U21/><E21/><V130/><F111/><W36/><G36/><T43/><D94/><AGARI ba="0,0" hai="18,19,92,94,95,120,122,123" m="27209,50793" machi="94" ten="40,5200,0" yaku="28,2,20,1" doraHai="121" who="1" fromWho="0" sc="250,-52,250,52,250,0,250,0" /><INIT seed="1,0,0,5,5,98" ten="198,302,250,250" oya="1" hai0="52,39,42,70,34,112,26,0,75,125,31,16,100" hai1="28,118,59,4,27,94,78,72,3,76,133,79,22" hai2="73,46,1,80,87,128,71,99,91,41,36,124,9" hai3="89,90,86,106,82,93,135,61,5,38,50,83,19"/><U65/><E118/><V24/><F128/><W25/><G38/><T81/><D112/><U55/><E133/><V69/><F124/><W32/><G106/><T37/><D125/><U7/><E3/><V108/><F108/><W127/><G127/><T17/><D0/><U101/><E72/><V62/><F62/><W53/><G135/><T88/><D70/><U40/><E65/><V44/><F44/><W20/><G32/><T96/><D39/><U126/><E126/><V67/><F67/><W85/><G61/><T102/><D37/><U12/><E40/><V43/><F43/><W134/><G134/><T13/><D42/><U10/><E4/><N who="2" m="1167" /><F24/><W113/><G113/><T58/><D75/><U132/><E132/><V35/><F99/><W60/><G60/><T47/><D47/><U56/><E55/><V6/><F6/><W95/><REACH who="3" step="1"/><G5/><REACH who="3" ten="198,302,250,240" step="2"/><T109/><D109/><U84/><E84/><V18/><F35/><W33/><G33/><T116/><D116/><U121/><E121/><V54/><F54/><W49/><G49/><T15/><D15/><U30/><E30/><V51/><F51/><W2/><G2/><T103/><D13/><U119/><E119/><V14/><F14/><W64/><G64/><T129/><D129/><U123/><E123/><V131/><F18/><W110/><G110/><T114/><D114/><U45/><E45/><AGARI ba="0,1" hai="19,20,25,45,50,53,82,83,85,86,89,90,93,95" machi="45" ten="30,7700,0" yaku="1,1,7,1,9,1,8,1,53,0" doraHai="98" doraHaiUra="115" who="3" fromWho="1" sc="198,0,302,-77,250,0,240,87" /><INIT seed="2,0,0,4,5,73" ten="198,225,250,327" oya="2" hai0="105,20,10,24,21,58,35,57,114,71,85,118,113" hai1="25,125,91,110,112,131,47,83,44,86,87,119,51" hai2="38,90,9,31,27,132,42,48,124,26,92,7,99" hai3="55,5,2,65,12,59,17,103,100,45,69,18,14"/><V102/><F124/><W32/><G32/><T129/><D71/><U40/><E119/><V28/><F38/><W130/><G130/><T133/><D10/><U128/><E112/><V6/><F132/><W3/><G45/><T15/><D129/><N who="1" m="49739" /><E125/><V135/><F135/><W78/><G65/><T43/><D133/><U89/><E110/><V0/><F7/><W33/><G69/><T80/><D35/><U1/><E1/><V36/><F36/><W82/><G33/><T108/><D108/><U68/><E68/><V75/><F75/><W134/><G134/><T63/><D118/><U101/><E101/><V39/><F39/><W94/><G2/><T56/><D105/><U88/><E25/><V77/><F77/><W117/><G3/><T22/><D24/><U104/><E104/><V50/><F102/><N who="3" m="38955" /><G94/><T53/><D15/><N who="3" m="5673" /><G5/><T74/><D74/><U11/><E11/><V29/><REACH who="2" step="1"/><F50/><REACH who="2" ten="198,225,240,327" step="2"/><N who="3" m="31223" /><G117/><T49/><D114/><U16/><E44/><AGARI ba="0,1" hai="0,6,9,26,27,28,29,31,42,44,48,90,92,99" machi="44" ten="40,3900,0" yaku="1,1,53,1" doraHai="73" doraHaiUra="84" who="2" fromWho="1" sc="198,0,225,-39,240,49,327,0" /><INIT seed="2,1,0,3,3,21" ten="198,186,289,327" oya="2" hai0="92,109,2,0,67,10,76,34,96,26,89,98,99" hai1="82,73,17,68,4,117,12,132,93,27,106,94,104" hai2="29,40,95,14,122,85,72,18,22,25,108,121,60" hai3="71,58,43,69,130,119,113,111,65,70,1,112,48"/><V84/><F72/><W13/><G1/><T7/><D109/><U5/><E117/><V81/><F108/><W24/><G119/><T90/><D0/><U78/><E68/><V42/><F121/><W115/><G111/><T53/><D67/><U66/><E66/><V118/><F118/><W54/><G130/><T16/><D76/><U116/><E116/><V135/><F135/><W15/><G65/><T59/><D34/><U101/><E132/><V51/><F122/><W102/><G102/><T38/><D38/><U3/><E3/><V23/><F60/><W28/><REACH who="3" step="1"/><G43/><REACH who="3" ten="198,186,289,317" step="2"/><T86/><D86/><U32/><E101/><V107/><F107/><W123/><G123/><T87/><D87/><U50/><E106/><V6/><F42/><W134/><G134/><T62/><D90/><U63/><E104/><V41/><F40/><W79/><G79/><T126/><D126/><U36/><E78/><V125/><F125/><W57/><G57/><T88/><D89/><U131/><E73/><V77/><F95/><W97/><G97/><T75/><D75/><U128/><E131/><V127/><F85/><W110/><G110/><T56/><D56/><U114/><E128/><V124/><F127/><W55/><G55/><T133/><D133/><U20/><E94/><V31/><F124/><W52/><G52/><T9/><D9/><U39/><E93/><V103/><F41/><W91/><G91/><T80/><D80/><U11/><E82/><V47/><F81/><W74/><G74/><T35/><D35/><AGARI ba="1,1" hai="13,15,24,28,35,48,54,58,69,70,71,112,113,115" machi="35" ten="50,6400,0" yaku="1,1,11,1,52,1,53,0" doraHai="21" doraHaiUra="120" who="3" fromWho="0" sc="198,-67,186,0,289,0,317,77" /><INIT seed="3,0,0,3,0,119" ten="131,186,289,394" oya="3" hai0="10,113,15,70,3,115,69,126,37,132,42,7,29" hai1="14,105,133,81,102,47,63,72,39,93,99,117,78" hai2="103,68,28,96,43,54,66,98,134,123,106,120,104" hai3="57,33,32,51,49,127,110,65,48,121,101,45,82"/><W122/><G127/><T94/><D29/><U56/><E117/><V111/><F111/><W25/><G110/><T55/><D126/><U22/><E133/><V125/><F134/><W95/><G45/><T91/><D132/><U80/><E80/><V100/><F125/><W60/><G82/><T131/><D131/><U20/><E14/><V8/><F54/><W128/><G128/><T129/><D129/><U21/><E39/><V79/><F79/><W58/><G58/><T0/><D55/><U73/><E47/><V97/><F43/><W90/><G101/><N who="2" m="38985" /><F28/><W41/><G41/><T16/><D115/><U62/><E73/><V9/><F66/><W67/><G67/><T88/><D113/><U11/><E11/><N who="2" m="4171" /><F68/><W13/><G13/><T83/><D0/><U1/><E56/><V5/><F5/><W50/><G25/><T118/><D118/><U77/><E1/><V4/><F4/><W44/><G44/><T36/><D36/><U64/><E78/><V35/><F35/><W53/><G32/><T86/><D37/><U114/><E114/><V108/><F108/><W107/><G33/><T2/><D42/><U19/><E64/><V46/><F46/><W85/><G65/><T17/><D2/><U26/><E105/><AGARI ba="0,0" hai="96,97,98,104,105,106,120,123" m="4171,38985" machi="105" ten="40,8000,1" yaku="28,2,52,2" doraHai="119" who="2" fromWho="1" sc="131,0,186,-80,289,80,394,0" owari="131,-27.0,106,-39.0,369,17.0,394,49.0" /></mjloggm>