<mjloggm ver="2.3"><GO type="41" lobby="0"/><UN n0="%E3%83%81%E3%83%A3%E3%83%A9%E3%83%A1%E3%83%B3%E3%83%90%E3%83%BC%E4%BC%8A" n1="%E5%B0%B1%E6%B4%BB%E7%94%9F%40%E5%B7%9D%E6%9D%91%E8%BB%8D%E5%9B%A3" n2="%E3%82%AA%E3%83%8B%E3%82%AA%E3%83%B3%E3%81%99%E3%81%AA%E3%81%84%E3%81%97" n3="%73%68%6F%6E%61%6E%6A%69" dan="13,16,14,14" rate="1854.12,2170.00,1996.48,1862.25" sx="M,M,M,M"/><TAIKYOKU oya="0"/><INIT seed="0,0,0,3,0,122" ten="250,250,250,250" oya="0" hai0="52,111,27,17,5,39,82,70,19,126,44,102,6" hai1="26,45,94,38,75,110,37,60,114,36,68,51,109" hai2="74,92,33,43,128,88,116,89,11,127,95,69,56" hai3="118,24,78,106,28,4,48,72,87,10,124,107,90"/><T71/><D126/><U115/><E75/><V103/><F69/><W21/><G124/><T112/><D112/><N who="1" m="43051" /><E94/><V129/><F127/><W64/><G118/><T61/><D102/><U47/><E26/><V130/><F116/><W55/><G64/><T0/><D82/><U53/><E47/><V13/><F33/><W23/><G23/><T42/><D70/><U121/><E121/><V101/><F56/><W14/><G78/><T65/><D0/><U83/><E83/><V84/><F43/><W105/><G72/><T104/><D104/><U81/><E81/><V18/><REACH who="2" step="1"/><F74/><REACH who="2" ten="250,250,240,250" step="2"/><W96/><G96/><AGARI ba="0,1" hai="11,13,18,84,88,89,92,95,96,101,103,128,129,130" machi="96" ten="40,12000,2" yaku="1,1,2,1,19,1,54,1,53,2" doraHai="122" doraHaiUra="86" who="2" fromWho="3" sc="250,0,250,0,240,130,250,-120" /><INIT seed="1,0,0,2,4,78" ten="250,250,370,130" oya="1" hai0="118,99,14,47,81,95,113,17,82,123,20,53,69" hai1="5,24,89,96,65,101,107,93,51,49,44,106,133" hai2="87,10,100,35,33,112,39,125,115,135,129,52,54" hai3="75,40,98,36,88,29,30,134,132,94,122,103,86"/><U108/><E133/><N who="3" m="51306" /><G122/><T0/><D118/><U74/><E74/><V124/><F135/><W126/><G75/><T9/><D69/><U116/><E116/><V7/><F100/><W67/><G126/><N who="2" m="48745" /><F39/><W37/><G67/><T76/><D113/><N who="2" m="43594" /><F87/><W34/><G34/><N who="2" m="12809" /><F129/><W63/><G63/><T43/><D76/><U59/><E108/><V58/><F58/><W45/><G37/><T110/><D110/><U70/><E70/><V83/><F83/><AGARI ba="0,0" hai="29,30,36,40,45,83,86,88,94,98,103" m="51306" machi="83" ten="30,3900,0" yaku="20,1,52,1,54,1" doraHai="78" who="3" fromWho="2" sc="250,0,250,0,370,-39,130,39" /><INIT seed="2,0,0,3,3,128" ten="250,250,331,169" oya="2" hai0="64,85,97,11,58,98,21,2,45,88,27,66,32" hai1="17,48,14,76,20,52,77,50,71,103,40,65,79" hai2="86,4,107,10,13,60,54,70,131,26,12,90,30" hai3="87,121,102,124,126,28,1,83,5,105,63,0,133"/><V109/><F107/><W53/><G121/><T9/><D32/><U8/><E71/><V84/><F131/><W43/><G28/><T106/><D106/><U132/><E65/><V44/><F109/><W110/><G110/><T56/><D45/><U113/><E113/><V39/><F86/><W42/><G102/><T49/><D2/><U24/><E103/><V62/><F70/><W69/><G105/><T74/><D74/><U51/><E40/><V38/><F13/><W111/><G111/><T55/><D11/><U37/><E37/><V112/><F112/><W120/><G120/><T122/><D9/><U117/><E117/><V80/><F39/><W135/><G43/><T118/><D118/><U78/><N who="1" m="19968" /><DORA hai="3" /><U81/><E81/><V104/><F104/><W93/><G93/><T23/><D122/><U59/><REACH who="1" step="1"/><E132/><REACH who="1" ten="250,240,331,169" step="2"/><N who="3" m="50762" /><G42/><T99/><D58/><U34/><E34/><V123/><F123/><W129/><G129/><T82/><REACH who="0" step="1"/><D23/><REACH who="0" ten="240,240,331,169" step="2"/><U134/><E134/><V94/><F38/><W18/><G69/><T57/><D57/><U19/><AGARI ba="0,2" hai="8,14,17,19,20,24,48,50,51,52,59" m="19968" machi="19" ten="40,16000,3" yaku="1,1,0,1,8,1,54,1,53,4" doraHai="128,3" doraHaiUra="95,75" who="1" fromWho="1" sc="240,-40,240,180,331,-80,169,-40" /><INIT seed="3,0,0,2,0,81" ten="200,420,251,129" oya="3" hai0="107,10,97,11,6,20,134,27,22,65,60,105,63" hai1="66,44,133,23,124,86,28,2,40,42,62,13,91" hai2="57,17,16,38,48,127,61,83,59,31,131,21,4" hai3="135,34,98,19,110,33,75,100,36,30,123,111,51"/><W3/><G36/><T95/><D134/><U102/><E2/><V112/><F38/><W92/><G123/><T70/><D63/><U119/><E119/><V104/><F112/><W68/><G75/><T126/><D126/><U47/><E133/><V122/><F104/><W88/><G135/><T29/><D22/><U32/><E32/><V79/><F4/><W84/><G68/><T96/><D96/><U125/><E102/><V64/><F131/><W58/><G3/><T45/><D45/><U89/><E28/><V49/><F127/><N who="1" m="48713" /><E23/><V77/><F77/><W113/><G113/><T7/><D11/><U39/><E13/><V118/><F118/><W14/><G14/><T56/><D70/><N who="1" m="42327" /><E86/><N who="2" m="48511" /><F122/><W54/><G54/><T85/><D85/><U53/><E53/><N who="2" m="31911" /><F49/><AGARI ba="0,0" hai="39,40,42,44,47,49,89,91" m="42327,48713" machi="49" ten="30,1000,0" yaku="18,1" doraHai="81" who="1" fromWho="2" sc="200,0,420,10,251,-10,129,0" /><INIT seed="4,0,0,0,1,112" ten="200,430,241,129" oya="0" hai0="84,17,36,13,131,106,3,83,22,100,81,61,126" hai1="49,10,96,135,4,60,40,129,6,110,53,35,39" hai2="43,55,121,127,27,125,86,12,103,63,59,5,128" hai3="24,115,124,94,0,122,41,113,73,54,78,105,23"/><T109/><D36/><U18/><E35/><V57/><F121/><W87/><G87/><T44/><D126/><U20/><E110/><V51/><F27/><W9/><G105/><T132/><D44/><U90/><E129/><V34/><F34/><W30/><G122/><T79/><D131/><U47/><E135/><V26/><F26/><W45/><G124/><T15/><D3/><U64/><E96/><V82/><F103/><W95/><G54/><T19/><D132/><U69/><E90/><V46/><F59/><W80/><G95/><T130/><D130/><U118/><E118/><V11/><REACH who="2" step="1"/><F128/><REACH who="2" ten="200,430,231,129" step="2"/><W119/><G119/><T123/><D123/><U31/><E31/><V92/><F92/><W33/><G94/><T114/><D109/><U108/><E108/><V56/><F56/><W91/><G91/><AGARI ba="0,1" hai="5,11,12,43,46,51,55,57,63,82,86,91,125,127" machi="91" ten="40,2600,0" yaku="1,1,53,1" doraHai="112" doraHaiUra="8" who="2" fromWho="3" sc="200,0,430,0,231,36,129,-26" /><INIT seed="5,0,0,3,5,45" ten="200,430,267,103" oya="1" hai0="100,93,62,20,12,129,90,57,99,29,122,80,38" hai1="61,55,44,64,104,94,120,105,58,26,2,19,56" hai2="73,75,22,115,119,27,132,91,101,135,37,21,77" hai3="109,131,72,24,134,40,23,88,70,83,103,71,78"/><U121/><E2/><V48/><F37/><W96/><G109/><T74/><D38/><U102/><E44/><V16/><F101/><W60/><G60/><T7/><D122/><U124/><E124/><V128/><F119/><W125/><G131/><T59/><D129/><U13/><E26/><V85/><F128/><W42/><G125/><T3/><D3/><U66/><E66/><V6/><F115/><W0/><G134/><N who="2" m="51241" /><F77/><W114/><G0/><T79/><D7/><U97/><E104/><V87/><F87/><W110/><G110/><T32/><D32/><U112/><E112/><V34/><F34/><W52/><G42/><T9/><D9/><U4/><E105/><V31/><F6/><W10/><G10/><T113/><D113/><U95/><E4/><V127/><F48/><W116/><G40/><T76/><D76/><U111/><E111/><V11/><F11/><W118/><G114/><T47/><D47/><U123/><E95/><N who="2" m="54767" /><F127/><W14/><G118/><T126/><D126/><U39/><E39/><V69/><F69/><W106/><G116/><T82/><D82/><U81/><E81/><V36/><F36/><W98/><G71/><T15/><D90/><U51/><E123/><V89/><F89/><W53/><G70/><T133/><D133/><U8/><AGARI ba="0,0" hai="8,13,19,51,55,56,58,61,64,94,97,102,120,121" machi="8" ten="20,3900,0" yaku="0,1,7,1,52,1" doraHai="45" who="1" fromWho="1" sc="200,-13,430,39,267,-13,103,-13" /><INIT seed="5,1,0,0,1,11" ten="187,469,254,90" oya="1" hai0="50,96,43,55,126,128,31,52,95,1,80,62,66" hai1="78,21,32,7,70,93,58,133,110,107,89,135,91" hai2="35,39,97,46,114,6,36,92,60,85,101,63,81" hai3="119,111,0,125,84,75,99,86,120,5,47,61,87"/><U13/><E107/><V28/><F114/><W68/><G111/><T98/><D1/><U49/><E70/><V90/><F6/><W56/><G120/><T27/><D126/><U123/><E32/><V48/><F28/><W82/><G125/><T40/><D128/><U9/><E123/><V74/><F35/><W69/><G119/><T79/><D55/><U14/><E110/><V112/><F112/><W113/><G113/><T8/><D8/><U34/><E34/><V23/><F23/><W122/><G122/><T131/><D131/><U15/><E78/><V65/><F74/><W37/><G99/><T134/><D134/><N who="1" m="51211" /><E21/><V45/><F45/><W17/><G17/><T115/><D115/><U100/><E100/><V132/><F132/><W64/><G5/><T94/><D98/><N who="1" m="57647" /><E91/><V117/><F117/><W106/><G0/><T29/><D95/><U118/><E118/><V38/><REACH who="2" step="1"/><F65/><REACH who="2" ten="187,469,244,90" step="2"/><W102/><G47/><T83/><D31/><U103/><E103/><V10/><F10/><W108/><G102/><T129/><D129/><U104/><E104/><V22/><F22/><W121/><G108/><T44/><D29/><U73/><E73/><V53/><AGARI ba="1,1" hai="36,38,39,46,48,53,60,63,81,85,90,92,97,101" machi="53" ten="30,2000,0" yaku="1,1,0,1,53,0" doraHai="11" doraHaiUra="18" who="2" fromWho="2" sc="187,-6,469,-11,244,33,90,-6" /><INIT seed="6,0,0,4,5,56" ten="181,458,277,84" oya="2" hai0="12,27,0,69,106,84,86,40,65,8,55,135,124" hai1="50,111,92,114,16,25,103,52,109,51,73,83,72" hai2="11,94,130,116,54,118,123,121,45,4,75,98,128" hai3="91,9,79,10,89,67,62,105,21,110,64,60,38"/><V119/><F75/><W26/><G38/><T5/><D106/><U129/><E51/><V39/><F39/><W49/><G105/><T90/><D40/><U85/><E114/><V34/><F45/><W53/><G110/><T115/><D115/><U68/><E129/><N who="2" m="49771" /><F54/><W20/><G79/><T47/><D135/><U41/><E68/><V120/><F34/><W76/><G76/><T93/><D124/><U108/><E41/><V82/><F82/><W63/><G49/><T44/><D0/><U19/><E103/><N who="2" m="60887" /><F123/><W95/><G53/><T2/><D2/><AGARI ba="0,0" hai="2,4,11,116,118,119,120,121" m="60887,49771" machi="2" ten="40,2000,0" yaku="19,1" doraHai="56" who="2" fromWho="0" sc="181,-20,458,0,277,20,84,0" /><INIT seed="6,1,0,0,3,42" ten="161,458,297,84" oya="2" hai0="97,124,116,123,14,22,111,107,92,66,74,9,0" hai1="121,5,65,27,122,98,99,10,39,79,113,115,76" hai2="2,128,77,48,72,126,81,19,12,110,45,87,95" hai3="90,26,17,108,40,93,61,49,117,44,101,127,86"/><V41/><F2/><W21/><G108/><T135/><D107/><U129/><E39/><V60/><F126/><W38/><G127/><T119/><D74/><U125/><E125/><V33/><F33/><W25/><G117/><T20/><D123/><N who="1" m="47115" /><E129/><V53/><F128/><W47/><G61/><T23/><D124/><U52/><E65/><V43/><F60/><W84/><G101/><T35/><D35/><U16/><E52/><V104/><F104/><W114/><G114/><N who="1" m="43530" /><E16/><V64/><F64/><W4/><G4/><T1/><D111/><U11/><E27/><V29/><F29/><W94/><G26/><T55/><D66/><U82/><E76/><V133/><F133/><W24/><G24/><T70/><D70/><U34/><E34/><V37/><F37/><W18/><G86/><T67/><D67/><U132/><E132/><V69/><F69/><W31/><REACH who="3" step="1"/><G94/><REACH who="3" ten="161,458,297,74" step="2"/><T58/><D135/><U36/><E99/><V85/><F110/><W62/><G62/><T71/><D119/><U91/><E98/><V105/><F105/><W8/><G8/><T120/><D120/><U63/><E11/><N who="2" m="6559" /><F72/><W83/><G83/><T103/><D116/><U32/><E10/><V102/><F102/><W75/><G75/><T109/><D109/><U30/><E82/><N who="2" m="47311" /><F95/><W78/><G78/><AGARI ba="1,1" hai="41,43,45,48,53,78,81,87" m="47311,6559" machi="78" ten="30,2900,0" yaku="8,1,52,1" doraHai="42" who="2" fromWho="3" sc="161,0,458,0,297,42,74,-32" /><INIT seed="6,2,0,0,1,100" ten="161,458,339,42" oya="2" hai0="23,86,15,64,101,125,82,109,127,35,2,53,59" hai1="73,10,87,7,123,81,36,43,83,106,117,74,119" hai2="42,130,21,62,13,34,99,28,5,115,1,88,12" hai3="104,133,92,32,14,60,16,39,29,93,48,96,94"/><V121/><F121/><W69/><G39/><T67/><D2/><N who="1" m="375" /><E106/><V76/><F76/><W68/><G133/><T18/><D35/><U26/><E26/><V65/><F1/><W58/><G48/><T4/><D4/><U52/><E52/><V8/><F34/><W63/><G29/><T40/><D109/><U112/><E112/><V24/><F115/><W78/><G78/><T70/><D40/><U128/><E128/><V46/><F130/><W27/><G27/><T55/><D101/><U3/><E3/><V33/><F33/><W108/><G32/><T131/><D131/><U113/><E113/><V89/><F13/><W84/><G84/><T116/><D116/><U98/><E98/><V50/><REACH who="2" step="1"/><F99/><REACH who="2" ten="161,458,329,42" step="2"/><W17/><G108/><T91/><D127/><U126/><E126/><V56/><AGARI ba="2,1" hai="5,8,12,21,24,28,42,46,50,56,62,65,88,89" machi="56" ten="20,18000,2" yaku="1,1,2,1,0,1,7,1,8,1,54,1,53,0" doraHai="100" doraHaiUra="122" who="2" fromWho="2" sc="161,-62,458,-62,329,196,42,-62" owari="99,-30.0,396,20.0,525,62.0,-20,-52.0" /></mjloggm>