<mjloggm ver="2.3"><GO type="97" lobby="0"/><UN n0="%E3%81%BF%E3%81%8B%E3%82%93%E3%82%BF%E3%82%A4%E3%83%A0" n1="%6B%79%6F%73%65%6E" n2="%E5%B7%9D%E6%9D%91%E8%BB%8D%E5%9B%A3%E8%BB%8D%E6%9D%91%E5%B7%9D" n3="%E3%83%88%E3%83%88%E3%83%AA%E5%85%88%E7%94%9F%31%39%E6%AD%B3" dan="14,15,14,15" rate="1925.90,1975.56,1958.55,2060.29" sx="M,M,F,F"/><TAIKYOKU oya="0"/><INIT seed="0,0,0,1,0,14" ten="250,250,250,250" oya="0" hai0="76,111,125,11,12,9,44,91,104,103,54,5,53" hai1="15,112,51,8,118,77,57,71,2,59,49,60,131" hai2="46,128,75,22,70,55,17,24,106,95,94,31,88" hai3="18,23,0,135,1,39,129,7,127,122,65,108,28"/><T110/><D76/><U36/><E2/><N who="3" m="1130" /><G65/><T80/><D125/><U81/><E118/><V68/><F75/><W130/><G39/><T126/><D126/><U132/><E36/><V102/><F128/><N who="3" m="49259" /><G127/><T134/><D134/><U43/><E71/><V42/><F70/><W87/><G87/><T109/><D103/><U10/><E131/><V34/><F68/><W123/><G7/><N who="0" m="3135" /><D104/><U89/><E132/><V99/><F55/><W58/><G58/><T98/><D44/><U52/><E112/><V19/><F34/><W79/><G79/><T13/><D80/><U45/><E89/><V26/><F26/><N who="3" m="16479" /><G135/><T40/><D40/><U83/><E77/><V78/><F78/><W48/><G48/><T101/><D101/><U33/><E33/><V107/><F94/><AGARI ba="0,0" hai="5,11,13,53,54,91,94,98,109,110,111" m="3135" machi="94" ten="30,2900,0" yaku="14,1,10,1" doraHai="14" who="0" fromWho="2" sc="250,29,250,0,250,-29,250,0" /><INIT seed="0,1,0,3,4,52" ten="279,250,221,250" oya="0" hai0="117,114,45,118,68,88,127,66,79,81,75,4,69" hai1="62,131,89,14,46,8,51,39,30,49,20,53,21" hai2="101,16,94,86,64,96,24,119,115,71,13,26,22" hai3="92,29,84,80,99,7,102,93,40,95,125,128,41"/><T132/><D114/><U58/><E131/><V104/><F115/><W12/><G128/><T67/><D4/><U65/><E39/><V34/><F119/><W85/><G125/><T76/><D127/><U120/><E120/><V19/><F34/><W103/><G29/><T31/><D31/><U44/><E89/><V98/><F86/><N who="3" m="33387" /><G80/><T91/><D45/><U111/><E111/><V100/><REACH who="2" step="1"/><F19/><REACH who="2" ten="279,250,211,250" step="2"/><W113/><G113/><T63/><D132/><U25/><E30/><V90/><F90/><N who="0" m="34346" /><D75/><U107/><E25/><V48/><F48/><W27/><G27/><T59/><D81/><U122/><E122/><V23/><F23/><W112/><G112/><T123/><D123/><U0/><E21/><V36/><F36/><W33/><G33/><T133/><D133/><U1/><E20/><V10/><F10/><N who="3" m="4191" /><G99/><T124/><D124/><U108/><E108/><V32/><F32/><W37/><G37/><T135/><D135/><U35/><E35/><V28/><F28/><W60/><G103/><T47/><D118/><U18/><E107/><V72/><F72/><W5/><G102/><T116/><D116/><U9/><E9/><V106/><F106/><W42/><G5/><T15/><D117/><U77/><E77/><V109/><F109/><W11/><G11/><T61/><D79/><U74/><E74/><V130/><F130/><W6/><G6/><T38/><D76/><U105/><E105/><V55/><F55/><AGARI ba="1,1" hai="0,1,8,14,18,44,46,49,51,53,55,58,62,65" machi="55" ten="30,3900,0" yaku="7,1,9,1,52,1" doraHai="52" who="1" fromWho="2" sc="279,0,250,52,211,-42,250,0" /><INIT seed="1,0,0,2,1,117" ten="279,302,169,250" oya="1" hai0="24,49,128,50,57,126,96,129,112,87,25,89,12" hai1="67,6,36,74,64,90,13,99,40,44,58,94,46" hai2="34,52,106,15,95,59,26,28,125,5,108,82,65" hai3="75,3,39,60,122,32,127,77,98,20,76,116,135"/><U131/><E131/><N who="0" m="50249" /><D112/><U48/><E74/><V61/><F106/><W1/><G20/><T97/><D126/><U27/><E58/><V47/><F108/><W109/><G60/><T92/><D12/><U62/><E62/><V42/><F125/><W130/><G98/><N who="0" m="37995" /><D57/><U81/><E81/><V120/><F120/><W17/><G17/><T45/><D50/><U11/><REACH who="1" step="1"/><E27/><REACH who="1" ten="279,292,169,250" step="2"/><V0/><F82/><W123/><G75/><T41/><AGARI ba="0,1" hai="24,25,41,45,49,87,89,92" m="37995,50249" machi="41" ten="30,1100,0" yaku="19,1" doraHai="117" who="0" fromWho="0" sc="279,21,292,-5,169,-3,250,-3" /><INIT seed="2,0,0,4,0,22" ten="300,287,166,247" oya="2" hai0="113,132,115,23,81,12,38,63,26,35,4,85,41" hai1="34,125,77,10,50,84,119,79,109,88,25,40,82" hai2="112,9,66,45,59,49,11,108,51,122,69,97,3" hai3="55,57,73,95,48,53,118,31,65,42,18,131,44"/><V124/><F112/><W87/><G118/><T105/><D105/><U130/><E119/><V36/><F122/><W58/><G73/><T117/><D35/><U91/><E130/><V86/><F108/><W13/><G131/><T24/><D117/><U16/><E109/><V15/><F124/><W123/><G123/><T92/><D132/><U126/><E125/><V133/><F133/><W127/><G127/><T114/><D38/><U98/><E126/><V33/><F33/><W0/><G0/><T54/><D41/><U120/><E34/><V134/><F134/><W90/><G31/><T28/><D92/><N who="1" m="56583" /><E120/><V39/><F3/><W8/><G65/><T78/><D4/><U30/><E30/><V6/><F69/><W102/><G102/><T7/><D7/><U71/><E71/><V61/><F39/><W19/><G19/><T96/><D96/><U5/><E5/><V21/><F36/><W32/><G32/><T128/><D128/><U129/><E129/><V116/><F116/><W46/><REACH who="3" step="1"/><G42/><REACH who="3" ten="300,287,166,237" step="2"/><T135/><D135/><U20/><E10/><V83/><F97/><W100/><G100/><T111/><D111/><U75/><E75/><V103/><F11/><W2/><G2/><T107/><D115/><U94/><E40/><N who="2" m="24743" /><F103/><W1/><G1/><T104/><D114/><U76/><E16/><N who="2" m="10399" /><F51/><AGARI ba="0,1" hai="8,13,18,44,46,48,51,53,55,57,58,87,90,95" machi="51" ten="30,7700,0" yaku="1,1,7,1,9,1,8,1,53,0" doraHai="22" doraHaiUra="70" who="3" fromWho="2" sc="300,0,287,0,166,-77,237,87" /><INIT seed="3,0,0,0,0,135" ten="300,287,89,324" oya="3" hai0="29,57,116,98,83,71,24,127,42,101,3,52,64" hai1="113,117,119,30,81,67,26,55,33,103,60,123,41" hai2="9,124,90,134,38,88,109,18,1,28,68,48,92" hai3="79,46,107,99,6,44,129,22,51,85,27,34,0"/><W91/><G34/><T125/><D116/><N who="1" m="44619" /><E113/><V114/><F9/><W31/><G129/><T102/><D3/><U65/><E123/><V63/><F18/><W61/><G79/><T47/><D83/><U66/><E103/><V36/><F28/><W128/><G128/><T11/><D11/><U7/><E7/><V132/><F48/><W105/><G46/><T50/><D64/><N who="1" m="16387" /><U19/><DORA hai="15" /><E41/><V75/><F63/><W100/><G61/><T37/><D71/><U4/><E4/><V10/><F92/><W62/><G62/><T40/><D40/><U72/><E72/><V70/><F10/><W77/><G77/><T115/><D115/><U122/><E122/><V111/><F114/><W16/><G6/><T120/><D120/><U5/><E5/><V14/><F14/><W110/><G105/><T130/><D130/><U112/><E112/><V23/><F23/><W20/><G0/><T2/><D2/><U108/><E108/><V74/><REACH who="2" step="1"/><F1/><REACH who="2" ten="300,287,79,324" step="2"/><W73/><G22/><T25/><D25/><U126/><E81/><V106/><F106/><W21/><G107/><T69/><D69/><U76/><E76/><V49/><F49/><W80/><G51/><T43/><D43/><U93/><E93/><V84/><F84/><W35/><G27/><T32/><REACH who="0" step="1"/><D101/><REACH who="0" ten="290,287,79,324" step="2"/><U39/><E39/><V54/><F54/><W78/><G100/><T87/><D87/><U89/><E89/><V8/><F8/><W86/><G91/><T13/><D13/><U56/><E19/><V121/><F121/><W45/><G16/><T17/><D17/><U12/><E12/><RYUUKYOKU ba="0,2" sc="290,10,287,10,79,10,324,-30" hai0="24,29,32,37,42,47,50,52,57,98,102,125,127" hai1="26,30,33,55,56,60,126" hai2="36,38,68,70,74,75,88,90,109,111,124,132,134" owari="320,42.0,297,10.0,89,-41.0,294,-11.0" /></mjloggm>