<mjloggm ver="2.3"><GO type="169" lobby="0"/><UN n0="%E3%82%A6%E3%83%AB%E3%83%88%E3%83%A9%E7%AB%8B%E7%9B%B4" n1="%E7%9C%9F%E7%A9%BA%E3%83%95%E3%82%A7%E3%82%B9%E3%82%BF" n2="%52%4F%4C%4C%59" n3="%79%6F%6B%6F%77%61%73%68" dan="18,16,16,16" rate="2210.26,2063.00,2069.17,2052.56" sx="M,M,M,M"/><TAIKYOKU oya="0"/><INIT seed="0,0,0,2,0,70" ten="250,250,250,250" oya="0" hai0="127,111,24,17,110,86,69,45,101,52,49,29,97" hai1="26,28,31,105,96,100,33,60,68,125,61,7,1" hai2="77,83,126,124,76,27,65,94,66,43,108,107,58" hai3="15,99,50,6,73,82,40,18,20,87,13,25,128"/><T2/><D2/><U120/><E31/><V130/><F107/><W42/><G128/><T44/><D127/><N who="2" m="48682" /><F108/><N who="0" m="41514" /><D69/><U112/><E125/><V131/><F43/><W118/><G73/><T57/><D86/><U109/><E109/><V135/><F27/><W56/><G99/><T8/><D17/><U80/><E60/><V23/><F23/><W103/><G103/><T14/><D14/><U102/><E102/><V88/><F58/><W90/><G118/><T98/><D8/><U134/><E80/><V34/><F34/><W0/><G0/><T38/><D38/><U79/><E79/><N who="2" m="30283" /><F83/><W64/><G25/><T119/><D119/><U78/><E78/><V106/><F106/><W91/><G13/><T54/><D54/><U113/><E120/><V63/><F63/><W37/><G6/><T81/><D81/><U84/><E84/><N who="2" m="52487" /><F66/><W10/><G10/><T74/><D74/><U116/><E116/><V53/><F65/><W133/><G64/><T19/><D19/><U115/><E61/><V71/><F53/><N who="3" m="31799" /><G40/><T93/><D98/><U92/><E68/><V121/><F71/><W30/><G30/><T75/><D75/><U95/><E95/><V72/><F72/><W51/><G37/><T46/><D57/><U4/><E92/><V104/><F104/><W89/><G15/><T21/><AGARI ba="0,0" hai="21,24,29,44,45,46,49,52,93,97,101" m="41514" machi="21" ten="30,6000,0" yaku="14,1,10,1,54,1" doraHai="70" who="0" fromWho="0" sc="250,60,250,-20,250,-20,250,-20" /><INIT seed="0,1,0,4,1,45" ten="310,230,230,230" oya="0" hai0="20,118,89,109,73,46,9,35,126,98,100,75,71" hai1="90,101,55,96,31,51,102,64,86,15,94,65,115" hai2="8,124,17,135,26,34,56,97,93,44,3,77,11" hai3="43,78,59,36,74,23,68,30,133,14,128,81,106"/><T79/><D35/><U58/><E115/><V69/><F69/><W112/><G112/><T7/><D118/><U84/><E31/><V111/><F111/><W28/><G68/><T83/><D126/><U80/><E84/><V67/><F124/><W18/><G128/><T32/><D32/><U12/><E102/><V38/><F135/><W119/><G119/><T29/><D109/><U127/><E127/><V5/><F77/><W48/><G106/><T76/><D71/><U117/><E117/><V107/><F107/><W13/><G133/><T70/><D70/><U10/><REACH who="1" step="1"/><E15/><REACH who="1" ten="310,220,230,230" step="2"/><V92/><F3/><W108/><G108/><T82/><D100/><U123/><E123/><V6/><F34/><W99/><G13/><T37/><D98/><U40/><E40/><V134/><F134/><W122/><G122/><T120/><D120/><U91/><E91/><V52/><F97/><W54/><REACH who="3" step="1"/><G99/><REACH who="3" ten="310,220,230,220" step="2"/><T95/><D75/><U16/><AGARI ba="1,2" hai="10,12,16,51,55,58,64,65,80,86,90,94,96,101" machi="16" ten="20,12000,2" yaku="1,1,0,1,7,1,8,1,52,1,54,1,53,0" doraHai="45" doraHaiUra="114" who="1" fromWho="1" sc="310,-61,220,143,230,-31,220,-31" /><INIT seed="1,0,0,5,3,103" ten="249,363,199,189" oya="1" hai0="76,51,99,90,17,119,91,135,53,87,123,71,67" hai1="116,41,30,115,100,94,70,85,62,45,60,96,49" hai2="43,59,118,55,83,40,4,84,80,112,131,127,32" hai3="114,128,20,48,109,98,125,102,1,38,63,107,22"/><U92/><E116/><V3/><F118/><W113/><G38/><T42/><D119/><U121/><E121/><V69/><F69/><W75/><G1/><T19/><D135/><U26/><E115/><V78/><F32/><W54/><G109/><T126/><D126/><U57/><E70/><V28/><F127/><W12/><G125/><T73/><D42/><U8/><E8/><V15/><F3/><W47/><G75/><T108/><D108/><U111/><E111/><V52/><F28/><W23/><G128/><T117/><D76/><U82/><E92/><V18/><F4/><W25/><G25/><T11/><D73/><U95/><E95/><V24/><F24/><W74/><G74/><T50/><D50/><U105/><E94/><V134/><F134/><W46/><G46/><T106/><D90/><U0/><E0/><V61/><F112/><W88/><G63/><T2/><D2/><U81/><E85/><N who="2" m="48279" /><F55/><W34/><G34/><T21/><D67/><U36/><E36/><V122/><F131/><W97/><G97/><T79/><D71/><U5/><E5/><V65/><F65/><W27/><G27/><T56/><D117/><U120/><E120/><V129/><F129/><W39/><G39/><T133/><D133/><U93/><E93/><V132/><F132/><W110/><G110/><T14/><D123/><U7/><E7/><V64/><F64/><W9/><REACH who="3" step="1"/><G88/><REACH who="3" ten="249,363,199,179" step="2"/><T130/><D91/><U44/><E44/><V89/><F122/><W68/><G68/><T33/><D33/><N who="1" m="20695" /><E62/><V104/><F104/><W10/><G10/><AGARI ba="0,1" hai="10,15,18,40,43,52,59,61,83,84,89" m="48279" machi="10" ten="30,2000,0" yaku="8,1,54,1" doraHai="103" who="2" fromWho="3" sc="249,0,363,0,199,30,179,-20" /><INIT seed="2,0,0,0,5,93" ten="249,363,229,159" oya="2" hai0="17,27,83,33,19,6,110,117,82,41,105,119,78" hai1="107,51,44,128,91,131,56,42,57,71,68,49,63" hai2="99,15,45,79,32,75,39,25,4,85,102,125,30" hai3="65,77,100,20,86,22,35,5,76,37,61,118,96"/><V29/><F125/><W122/><G118/><N who="0" m="45067" /><D110/><U58/><E107/><V50/><F39/><W84/><G122/><T106/><D6/><U3/><E3/><V28/><F75/><W123/><G123/><T62/><D41/><U12/><E12/><V133/><F133/><W134/><G134/><T115/><D115/><U92/><E91/><V16/><F4/><W72/><G37/><T11/><D62/><U132/><E92/><V10/><F85/><W53/><G53/><T116/><D82/><U0/><E0/><V8/><F79/><W112/><G112/><T13/><D116/><U40/><E132/><V95/><F10/><W18/><G35/><T81/><D81/><U69/><E63/><V48/><F48/><W101/><G22/><N who="0" m="13791" /><D33/><U59/><N who="1" m="14848" /><DORA hai="54" /><U130/><REACH who="1" step="1"/><E44/><REACH who="1" ten="249,353,229,159" step="2"/><V14/><REACH who="2" step="1"/><F14/><REACH who="2" ten="249,353,219,159" step="2"/><W31/><G76/><T104/><D78/><U109/><E109/><V121/><F121/><W127/><G77/><T129/><D13/><U9/><E9/><V80/><F80/><W36/><G72/><T73/><D83/><U2/><E2/><V126/><F126/><W67/><G127/><T89/><D73/><U74/><E74/><V97/><F97/><W38/><G96/><T34/><D11/><U60/><E60/><V52/><AGARI ba="0,2" hai="8,15,16,25,28,29,30,32,45,50,52,95,99,102" machi="52" ten="20,18000,2" yaku="1,1,0,1,7,1,52,1,54,2,53,1" doraHai="93,54" doraHaiUra="88,66" who="2" fromWho="2" sc="249,-60,353,-60,219,200,159,-60" /><INIT seed="2,1,0,1,1,122" ten="189,293,419,99" oya="2" hai0="31,134,17,59,103,53,79,119,7,112,126,12,91" hai1="45,121,35,42,2,106,33,73,125,14,102,82,8" hai2="9,22,135,130,66,15,86,37,89,44,34,30,43" hai3="26,97,6,115,128,107,63,3,116,38,77,62,71"/><V47/><F130/><W85/><G116/><T110/><D112/><U10/><E121/><V90/><F135/><W49/><G38/><T93/><D134/><U65/><E65/><V74/><F74/><W129/><G6/><T58/><D126/><U16/><E125/><V80/><F34/><W50/><G3/><T27/><D7/><N who="1" m="1143" /><E102/><V100/><F100/><N who="3" m="62863" /><G26/><T61/><D110/><U75/><E106/><V118/><F118/><W109/><G71/><T98/><D119/><U113/><E73/><V131/><F131/><N who="3" m="50251" /><G115/><T99/><D79/><N who="1" m="44415" /><E113/><V76/><F66/><W81/><G109/><T132/><D132/><U51/><E51/><AGARI ba="1,0" hai="49,50,51,62,63,77,81,85" m="50251,62863" machi="51" ten="30,1000,0" yaku="19,1" doraHai="122" who="3" fromWho="1" sc="189,0,293,-13,419,0,99,13" /><INIT seed="3,0,0,1,4,34" ten="189,280,419,112" oya="3" hai0="31,4,53,82,56,95,59,75,84,57,3,85,8" hai1="121,40,107,100,83,116,113,70,102,127,87,48,7" hai2="81,18,111,19,108,90,69,14,103,117,54,58,26" hai3="129,128,126,101,71,50,124,77,45,110,78,36,61"/><W23/><G101/><T49/><D31/><U44/><E113/><V27/><F69/><W28/><G28/><T105/><D105/><U122/><E70/><V1/><F1/><W47/><G23/><T21/><D21/><U97/><E100/><V64/><F64/><N who="3" m="41359" /><G77/><T2/><D2/><U22/><E116/><V32/><F103/><W41/><G78/><T68/><D68/><U25/><E7/><V118/><F81/><W119/><G110/><N who="2" m="42025" /><F90/><W131/><G119/><N who="2" m="45577" /><F32/><W30/><G30/><T52/><D75/><U5/><E5/><V39/><F39/><W46/><G46/><T99/><D82/><U6/><E6/><V114/><F114/><W0/><G0/><T65/><D85/><U134/><E134/><V35/><F35/><W98/><G98/><T55/><D84/><U93/><E107/><V73/><F73/><W123/><G123/><T132/><D132/><U16/><REACH who="1" step="1"/><E127/><REACH who="1" ten="189,270,419,112" step="2"/><V106/><F106/><W120/><G120/><T94/><D4/><U66/><E66/><V15/><F19/><W80/><G80/><T109/><D65/><U29/><E29/><V38/><F18/><W72/><G72/><T60/><D109/><U51/><E51/><N who="2" m="31071" /><F38/><W24/><G24/><AGARI ba="0,1" hai="14,15,24,26,27" m="31071,45577,42025" machi="24" ten="30,1000,0" yaku="14,1" doraHai="34" who="2" fromWho="3" sc="189,0,270,0,419,20,112,-10" /><INIT seed="4,0,0,4,4,13" ten="189,270,439,102" oya="0" hai0="31,9,22,70,1,42,32,67,56,91,51,45,101" hai1="126,102,100,26,130,53,10,112,109,50,0,27,123" hai2="118,83,55,60,121,105,88,95,46,127,134,108,133" hai3="5,30,107,21,78,92,6,39,72,66,7,111,48"/><T37/><D101/><U97/><E123/><V73/><F121/><W61/><G107/><T110/><D110/><U16/><E109/><V125/><F108/><W77/><G111/><T29/><D32/><U35/><E126/><N who="2" m="48139" /><F118/><W3/><G3/><T2/><D91/><U4/><E130/><V65/><F105/><W19/><G39/><T64/><D64/><U89/><E112/><V57/><F83/><W71/><G30/><T90/><D90/><U11/><E89/><V114/><F73/><W12/><G72/><T17/><D9/><U104/><E102/><V41/><F65/><W79/><REACH who="3" step="1"/><G48/><REACH who="3" ten="189,270,439,92" step="2"/><T84/><D1/><U20/><E35/><V131/><F114/><W59/><G59/><T76/><D2/><U135/><E135/><N who="2" m="51723" /><F46/><W33/><G33/><T129/><D70/><U120/><E120/><V58/><F58/><W52/><G52/><T18/><D37/><U117/><E117/><V75/><F75/><W99/><G99/><T98/><D98/><U116/><E116/><V87/><F41/><W94/><AGARI ba="0,1" hai="5,6,7,12,19,21,61,66,71,77,78,79,92,94" machi="94" ten="40,5200,0" yaku="1,1,0,1,52,1,53,0" doraHai="13" doraHaiUra="34" who="3" fromWho="3" sc="189,-26,270,-13,439,-13,92,62" /><INIT seed="5,0,0,2,0,55" ten="163,257,426,154" oya="1" hai0="106,103,35,32,22,65,28,14,127,39,9,12,129" hai1="120,80,112,8,31,119,85,83,91,42,18,105,4" hai2="46,79,13,86,1,68,24,64,128,135,117,123,44" hai3="25,48,17,16,108,47,121,81,113,70,52,107,6"/><U5/><E105/><V59/><F68/><W97/><G108/><T111/><D111/><U71/><E120/><V92/><F1/><W72/><G70/><T82/><D39/><U126/><E71/><V109/><F117/><W7/><G113/><T93/><D106/><U50/><E119/><V38/><F123/><W100/><G121/><T66/><D127/><U30/><E126/><V74/><F74/><W76/><REACH who="3" step="1"/><G25/><REACH who="3" ten="163,257,426,144" step="2"/><N who="0" m="16439" /><D129/><U40/><E112/><V87/><F109/><W21/><G21/><T134/><D35/><U98/><E98/><V78/><F128/><W116/><G116/><T62/><D32/><U89/><E8/><V69/><F69/><W10/><G10/><T43/><D9/><U125/><E125/><V94/><F24/><W49/><G49/><T67/><D134/><U101/><E50/><V41/><F135/><W56/><G56/><T60/><D12/><U110/><E110/><V58/><F38/><W131/><G131/><T115/><D14/><U51/><E51/><V36/><F13/><W29/><G29/><T61/><D115/><U34/><E34/><V104/><F36/><W114/><G114/><T77/><D43/><U130/><E130/><V122/><F122/><W0/><G0/><T37/><D37/><U133/><E133/><V45/><F41/><W96/><G96/><N who="0" m="59791" /><D60/><U2/><E2/><V57/><F64/><W20/><G20/><T73/><D61/><U95/><E31/><V118/><F118/><W84/><G84/><N who="2" m="32297" /><F104/><W33/><G33/><T23/><D23/><U11/><E40/><V132/><F132/><W3/><G3/><RYUUKYOKU ba="0,1" sc="163,10,257,-30,426,10,144,10" hai0="62,65,66,67,73,77,82" hai2="44,45,46,57,58,59,78,79,92,94" hai3="6,7,16,17,47,48,52,72,76,81,97,100,107" /><INIT seed="6,1,1,5,5,63" ten="173,227,436,154" oya="2" hai0="37,129,28,88,112,132,110,43,73,111,62,127,80" hai1="20,109,99,69,104,82,117,13,16,56,39,79,85" hai2="45,55,81,60,66,6,3,107,101,32,102,46,1" hai3="41,116,67,18,128,12,34,90,83,42,89,114,29"/><V87/><F32/><W74/><G116/><T5/><D28/><U59/><E39/><V71/><F107/><W15/><G128/><T98/><D62/><U108/><E117/><V17/><F17/><W65/><G74/><T35/><D35/><U36/><E36/><V7/><F1/><W38/><G38/><T115/><D5/><U44/><E44/><V131/><F131/><W134/><G134/><T49/><D49/><U51/><E69/><V84/><F84/><N who="3" m="50335" /><G114/><N who="0" m="43563" /><D129/><U21/><E21/><V50/><F46/><W27/><G34/><T48/><D48/><U78/><E78/><V61/><F60/><W91/><G29/><T23/><D23/><U57/><E51/><V14/><F3/><W19/><G27/><T54/><D54/><U133/><E133/><V106/><F106/><W121/><G18/><T11/><D132/><U119/><E119/><V94/><F94/><W124/><G12/><T95/><D127/><U22/><E22/><V135/><F135/><W123/><G124/><T2/><D73/><U47/><E47/><V4/><REACH who="2" step="1"/><F14/><REACH who="2" ten="173,227,426,154" step="2"/><W8/><G123/><T68/><D2/><U118/><E118/><V97/><F97/><W30/><G121/><T10/><D95/><U31/><E104/><V122/><F122/><W72/><G30/><T58/><D98/><U92/><E31/><V76/><AGARI ba="1,2" hai="4,6,7,45,50,55,61,66,71,76,81,87,101,102" machi="76" ten="30,11700,0" yaku="1,1,0,1,52,1,53,1" doraHai="63" doraHaiUra="77" who="2" fromWho="2" sc="173,-40,227,-40,426,140,154,-40" /><INIT seed="6,2,0,1,0,132" ten="133,187,566,114" oya="2" hai0="92,52,4,0,102,120,60,130,116,8,16,114,95" hai1="129,99,61,11,31,36,37,77,35,39,54,117,124" hai2="72,104,108,9,67,125,41,40,79,64,50,1,135" hai3="26,106,110,69,133,48,74,34,80,18,84,83,32"/><V15/><F15/><W38/><G110/><T23/><D120/><U75/><E117/><V115/><F50/><W78/><G106/><T42/><D116/><U56/><E129/><V96/><F96/><W131/><G38/><T7/><D130/><U43/><E99/><V89/><F89/><W5/><G131/><T82/><D114/><U111/><E111/><V113/><F9/><W22/><G133/><T24/><D7/><U112/><E112/><V51/><F51/><W14/><G69/><T73/><D102/><U101/><E101/><V3/><F79/><W107/><G107/><T20/><D42/><U70/><E31/><V134/><F104/><W12/><G48/><T71/><D23/><U109/><E35/><V97/><F97/><W122/><G122/><T98/><D98/><U58/><E109/><V21/><F108/><W6/><G34/><T46/><D46/><U128/><E128/><V44/><F44/><W90/><REACH who="3" step="1"/><G14/><REACH who="3" ten="133,187,566,104" step="2"/><T68/><D71/><U2/><E70/><V87/><F113/><W85/><G85/><T121/><D68/><U81/><E36/><V59/><F87/><W123/><G123/><T65/><D121/><U66/><E37/><V33/><F115/><W127/><G127/><T126/><D126/><U13/><E124/><V62/><F125/><W63/><G63/><T53/><D60/><U47/><E13/><V27/><F62/><W28/><AGARI ba="2,1" hai="5,6,12,18,22,26,28,32,74,78,80,83,84,90" machi="28" ten="30,4000,0" yaku="1,1,0,1,53,1" doraHai="132" doraHaiUra="25" who="3" fromWho="3" sc="133,-12,187,-12,566,-22,104,56" /><INIT seed="7,0,0,1,3,79" ten="121,175,544,160" oya="3" hai0="14,31,41,21,93,98,35,15,42,111,124,115,94" hai1="121,128,49,97,117,88,87,75,71,120,123,46,74" hai2="29,129,40,4,30,54,86,24,106,89,112,13,65" hai3="67,36,113,84,11,108,127,23,2,114,63,47,116"/><W130/><G116/><T59/><D111/><U80/><E71/><V102/><F40/><N who="3" m="22919" /><G108/><T69/><D69/><U17/><E117/><V125/><F65/><W26/><G127/><T78/><D124/><U61/><E61/><V33/><F30/><W122/><G122/><T101/><D115/><N who="3" m="44041" /><G130/><T135/><D135/><U52/><E128/><V81/><F129/><W34/><G84/><T133/><D133/><U66/><E66/><V64/><F125/><W1/><G11/><T132/><D132/><U118/><E118/><V68/><F112/><W28/><G23/><T6/><D35/><U25/><E97/><N who="2" m="61775" /><F13/><W134/><G134/><T99/><D59/><AGARI ba="0,0" hai="1,2,26,28,34,59,63,67" m="44041,22919" machi="59" ten="30,1500,0" yaku="15,1" doraHai="79" who="3" fromWho="0" sc="121,-15,175,0,544,0,160,15" /><INIT seed="7,1,0,1,1,59" ten="106,175,544,175" oya="3" hai0="8,32,110,93,94,96,36,1,105,72,58,57,20" hai1="115,68,42,128,34,82,40,60,90,117,74,39,131" hai2="26,47,65,25,71,51,88,79,114,55,23,126,108" hai3="102,100,31,41,135,24,61,78,9,69,22,21,97"/><W62/><G69/><T84/><D110/><U134/><E117/><V87/><F108/><W113/><G113/><T122/><D32/><U14/><E115/><V130/><F114/><W43/><G135/><T30/><D122/><U28/><E134/><V120/><F120/><W17/><G78/><T92/><D72/><U123/><E123/><V56/><F71/><W67/><G67/><T6/><D36/><U19/><E28/><V98/><F130/><N who="1" m="49705" /><E34/><V124/><F79/><W129/><G9/><T44/><D44/><N who="1" m="23583" /><E42/><N who="3" m="15882" /><G129/><T116/><D116/><U83/><E90/><V89/><F98/><W33/><G33/><T11/><D84/><U18/><E74/><V119/><F119/><W49/><G49/><T106/><D96/><U73/><E73/><V63/><F89/><W3/><G3/><T50/><D50/><U0/><E0/><V101/><F101/><N who="3" m="39019" /><G97/><T81/><D1/><U16/><E14/><AGARI ba="1,0" hai="14,17,21,22,24,31,61,62" m="39019,15882" machi="14" ten="30,5800,0" yaku="8,1,52,2" doraHai="59" who="3" fromWho="1" sc="106,0,175,-61,544,0,175,61" /><INIT seed="7,2,0,0,2,69" ten="106,114,544,236" oya="3" hai0="86,68,11,93,70,124,5,29,66,30,112,88,15" hai1="17,100,82,37,39,19,36,103,85,135,84,95,38" hai2="61,31,53,128,78,79,106,64,1,113,40,133,32" hai3="59,51,74,48,46,49,23,131,83,118,105,60,87"/><W132/><G105/><T63/><D124/><U127/><E127/><V44/><F53/><W71/><G74/><T28/><REACH who="0" step="1"/><D112/><REACH who="0" ten="96,114,544,236" step="2"/><U97/><N who="1" m="9728" /><DORA hai="109" /><U43/><E135/><V27/><F113/><W104/><G132/><T89/><D89/><U129/><E129/><V24/><F128/><W92/><G131/><T55/><D55/><U73/><E43/><V18/><F133/><W80/><G118/><T16/><D16/><U12/><E17/><V108/><F18/><W62/><G46/><T67/><D67/><U134/><E134/><V90/><F44/><W50/><G71/><AGARI ba="2,1" hai="5,11,15,28,29,30,63,66,68,70,71,86,88,93" machi="71" ten="40,5200,0" yaku="1,1,54,1,53,1" doraHai="69,109" doraHaiUra="42,81" who="0" fromWho="3" sc="96,68,114,0,544,0,236,-58" owari="164,-24.0,114,-39.0,544,65.0,178,-2.0" /></mjloggm>