<mjloggm ver="2.3"><GO type="169" lobby="0"/><UN n0="%E5%B0%B1%E6%B4%BB%E7%94%9F%40%E5%B7%9D%E6%9D%91%E8%BB%8D%E5%9B%A3" n1="%E3%81%8A%E7%9F%A5%E3%82%89%E3%81%9B" n2="%E3%81%BE%E3%83%BC%E3%81%95%EF%BC%A0%EF%BC%92%EF%BC%91" n3="%62%75%74%69%74%61%6D%61" dan="16,16,17,17" rate="2085.31,2110.86,2176.80,2126.05" sx="M,M,M,M"/><TAIKYOKU oya="0"/><INIT seed="0,0,0,3,4,50" ten="250,250,250,250" oya="0" hai0="79,108,85,9,38,86,40,8,106,120,122,43,102" hai1="44,81,34,62,91,58,15,74,103,28,127,114,46" hai2="59,94,21,32,41,101,13,107,42,118,5,88,110" hai3="33,98,22,128,73,57,35,112,63,48,14,129,10"/><T124/><D106/><U2/><E2/><V89/><F32/><W7/><G73/><T0/><D0/><U51/><E127/><V54/><F110/><W52/><G112/><T60/><D108/><U95/><E114/><V93/><F107/><W4/><G4/><T26/><D26/><U31/><E103/><V53/><F118/><W131/><G98/><T19/><D102/><U96/><E34/><V70/><F70/><W16/><REACH who="3" step="1"/><G63/><REACH who="3" ten="250,250,250,240" step="2"/><T39/><D60/><U111/><E111/><V84/><F5/><W20/><G20/><T130/><D124/><U23/><E62/><V55/><F101/><W3/><AGARI ba="0,1" hai="3,7,10,14,16,22,33,35,48,52,57,128,129,131" machi="3" ten="30,12000,2" yaku="1,1,0,1,19,1,52,1,54,2,53,1" doraHai="50" doraHaiUra="18" who="3" fromWho="3" sc="250,-60,250,-30,250,-30,240,130" /><INIT seed="1,0,0,4,5,18" ten="190,220,220,370" oya="1" hai0="95,19,10,30,48,113,59,14,8,54,108,25,50" hai1="133,126,131,122,111,66,51,106,115,31,3,9,7" hai2="12,125,38,26,98,41,70,112,32,81,69,123,49" hai3="114,33,46,92,96,52,55,85,0,107,47,94,118"/><U57/><E106/><V93/><F123/><W72/><G72/><T5/><D113/><U42/><E42/><V129/><F38/><W101/><G0/><T73/><D73/><U40/><E40/><V22/><F112/><W97/><G33/><T88/><D108/><U100/><E100/><V80/><F129/><W29/><G114/><T60/><D30/><U130/><E66/><V4/><F125/><W90/><G118/><T63/><D63/><U43/><E43/><V105/><F105/><W16/><G29/><T121/><D121/><U71/><E71/><V127/><F127/><W102/><G46/><T36/><D36/><U21/><E57/><V84/><F32/><W27/><REACH who="3" step="1"/><G47/><REACH who="3" ten="190,220,220,360" step="2"/><T109/><D109/><U64/><E115/><V77/><F41/><W35/><G35/><T20/><REACH who="0" step="1"/><D8/><REACH who="0" ten="180,220,220,360" step="2"/><U89/><E111/><V1/><F1/><W120/><G120/><T28/><D28/><U13/><E31/><V15/><F49/><W74/><G74/><T116/><D116/><U53/><E51/><V39/><F39/><W103/><G103/><T128/><D128/><U76/><E3/><V37/><F37/><W61/><G61/><T23/><D23/><AGARI ba="0,2" hai="16,23,27,52,55,85,90,92,94,96,97,101,102,107" machi="23" ten="40,8000,1" yaku="1,1,52,1,54,2,53,0" doraHai="18" doraHaiUra="104" who="3" fromWho="0" sc="180,-80,220,0,220,0,360,100" /><INIT seed="2,0,0,2,0,109" ten="100,220,220,460" oya="2" hai0="85,76,33,44,22,12,95,124,34,75,0,3,96" hai1="82,52,65,26,38,30,105,126,6,35,100,20,101" hai2="7,59,14,49,18,119,127,19,23,84,111,132,62" hai3="54,80,61,133,107,125,43,15,114,32,98,87,5"/><V135/><F119/><W83/><G32/><T55/><D75/><U41/><E126/><V103/><F127/><W17/><G125/><T37/><D124/><U60/><E105/><V64/><F111/><W81/><G133/><T45/><D37/><U29/><E6/><V131/><F131/><W115/><G5/><T39/><D39/><U11/><E11/><V123/><F123/><W78/><G43/><T91/><D34/><U110/><E110/><V48/><F7/><W86/><G61/><T79/><D33/><U128/><E128/><V68/><F103/><N who="3" m="62967" /><G54/><T16/><D3/><U102/><E82/><N who="3" m="31850" /><G15/><T4/><D0/><U90/><E90/><V69/><F84/><N who="3" m="32299" /><G17/><T120/><D4/><U67/><E41/><V36/><F36/><W63/><G63/><T21/><D21/><U113/><E38/><V89/><F59/><W108/><G108/><T40/><D120/><U56/><E35/><V122/><F122/><W57/><G57/><T51/><D40/><U118/><E30/><V77/><F62/><W72/><AGARI ba="0,0" hai="72,78,83,114,115" m="32299,31850,62967" machi="72" ten="30,7900,0" yaku="34,2,52,2" doraHai="109" who="3" fromWho="3" sc="100,-20,220,-20,220,-39,460,79" /><INIT seed="3,0,0,4,1,110" ten="80,200,181,539" oya="3" hai0="122,58,93,81,105,17,48,54,132,4,28,101,25" hai1="40,118,69,10,111,79,106,98,41,49,26,14,124" hai2="107,108,89,16,47,90,104,96,65,76,125,131,95" hai3="45,115,133,129,23,83,32,86,135,62,113,7,109"/><W68/><G32/><T59/><D122/><U53/><E118/><V42/><F108/><W50/><G109/><T97/><D132/><N who="3" m="50761" /><G129/><T94/><D4/><U39/><E124/><V31/><F125/><W29/><G7/><T37/><D37/><U130/><E79/><V85/><F131/><W88/><G29/><T5/><D5/><U21/><E69/><V18/><F31/><W3/><G3/><T63/><D81/><U114/><E39/><V34/><F34/><W73/><G73/><T120/><D120/><U33/><E33/><V70/><F76/><W55/><G23/><T60/><D17/><U112/><E111/><V8/><F65/><AGARI ba="0,0" hai="45,50,55,62,65,68,83,86,88,113,115" m="50761" machi="65" ten="30,11600,0" yaku="20,1,52,2,54,1" doraHai="110" who="3" fromWho="2" sc="80,0,200,0,181,-116,539,116" /><INIT seed="3,1,0,5,2,57" ten="80,200,65,655" oya="3" hai0="8,60,43,24,59,82,66,126,44,97,17,18,115" hai1="1,30,33,70,78,16,125,25,108,32,120,80,94" hai2="122,83,72,7,117,65,69,31,48,73,93,21,36" hai3="110,38,130,134,4,13,123,6,85,58,49,90,54"/><W104/><G123/><T81/><D115/><U99/><E120/><V27/><F122/><W102/><G38/><T15/><D126/><U86/><E125/><V14/><F36/><W51/><G134/><T132/><D132/><U119/><E119/><V116/><F48/><W109/><G130/><T10/><D97/><U45/><E108/><N who="3" m="41578" /><G104/><T26/><D26/><U77/><E1/><V68/><F93/><N who="3" m="54479" /><G102/><T34/><D34/><U92/><E70/><V98/><F69/><W121/><G121/><T63/><D63/><U3/><E3/><V87/><F68/><W75/><G75/><T37/><D24/><U103/><E78/><V40/><F27/><W124/><G124/><T88/><D88/><U2/><E2/><V96/><F73/><W74/><G74/><T105/><D105/><U52/><E33/><V111/><F72/><W89/><G89/><T118/><D118/><U64/><E103/><V128/><F111/><W50/><G13/><AGARI ba="1,0" hai="8,10,13,15,17,18,37,43,44,59,60,66,81,82" machi="13" ten="40,2600,0" yaku="9,1,52,1" doraHai="57" who="0" fromWho="3" sc="80,29,200,0,65,0,655,-29" /><INIT seed="4,0,0,4,2,81" ten="109,200,65,626" oya="0" hai0="12,9,68,72,52,95,132,89,104,62,80,49,71" hai1="126,91,135,30,35,100,119,19,57,70,4,27,117" hai2="109,29,33,45,97,63,88,60,122,38,115,51,107" hai3="78,2,98,47,113,11,17,87,108,93,0,20,84"/><T37/><D104/><U73/><E70/><V65/><F122/><W130/><G108/><T123/><D37/><U133/><E126/><V131/><F109/><W1/><G113/><T42/><D123/><U74/><E100/><V23/><F115/><W3/><G130/><T110/><D110/><U21/><E4/><V26/><F131/><W96/><G78/><T67/><D132/><N who="1" m="50763" /><E91/><V15/><F38/><W5/><G47/><T112/><D112/><U90/><E90/><V31/><F107/><W28/><G28/><T36/><D71/><U99/><E99/><V40/><F15/><W75/><G75/><N who="1" m="28682" /><E57/><V53/><F40/><W24/><REACH who="3" step="1"/><G98/><REACH who="3" ten="109,200,65,616" step="2"/><T61/><D72/><U10/><E10/><V14/><F97/><W18/><G18/><T39/><D9/><U82/><E19/><V13/><F31/><W34/><G34/><T85/><D42/><U121/><E35/><V114/><F33/><W46/><G46/><T32/><D32/><U111/><E111/><V120/><F114/><W43/><G43/><T86/><D61/><U59/><E30/><V128/><F128/><W69/><G69/><T58/><D12/><U25/><E121/><V127/><F120/><W118/><G118/><T102/><D102/><AGARI ba="0,1" hai="0,1,2,3,5,11,17,20,24,84,87,93,96,102" machi="102" ten="40,8000,1" yaku="1,1,52,2,53,1" doraHai="81" doraHaiUra="92" who="3" fromWho="0" sc="109,-80,200,0,65,0,616,90" /><INIT seed="5,0,0,4,2,49" ten="29,200,65,706" oya="1" hai0="120,53,10,51,132,1,79,19,7,11,55,13,27" hai1="15,94,133,92,20,30,76,104,71,43,29,12,127" hai2="111,125,90,81,32,3,61,48,114,21,108,25,99" hai3="119,38,102,118,41,47,131,35,16,60,8,0,113"/><U129/><E104/><V68/><F3/><W88/><G35/><T85/><D120/><U14/><E71/><V121/><F121/><W36/><G113/><T24/><D132/><U105/><E105/><V4/><F114/><W23/><G131/><T45/><REACH who="0" step="1"/><D53/><REACH who="0" ten="19,200,65,706" step="2"/><U135/><E135/><V28/><F111/><W34/><G34/><T116/><D116/><U123/><E133/><V83/><F108/><W74/><G74/><T106/><D106/><U130/><E130/><V115/><F115/><W64/><G102/><T96/><D96/><U107/><E107/><V80/><F32/><W73/><G73/><T26/><D26/><U78/><E129/><V98/><F98/><W65/><G38/><T22/><D22/><U110/><E123/><V124/><F124/><W44/><G44/><T97/><D97/><U93/><E20/><V33/><F125/><W89/><G65/><T31/><D31/><U126/><E110/><V109/><F109/><W86/><G86/><T128/><D128/><U112/><E112/><V95/><F33/><W5/><G118/><T63/><D63/><U72/><E72/><V82/><F61/><W58/><REACH who="3" step="1"/><G119/><REACH who="3" ten="19,200,65,696" step="2"/><T70/><D70/><U84/><E84/><V46/><F68/><W101/><G101/><T6/><D6/><U54/><E127/><V117/><F117/><W37/><G37/><T122/><D122/><U69/><E126/><V62/><F4/><W66/><G66/><T39/><D39/><U17/><E69/><V134/><F134/><W2/><G2/><T18/><D18/><U59/><E17/><N who="2" m="12463" /><F46/><W91/><G91/><RYUUKYOKU ba="0,2" sc="19,15,200,-15,65,-15,696,15" hai0="1,7,10,11,13,19,24,27,45,51,55,79,85" hai3="0,5,8,16,23,36,41,47,58,60,64,88,89" /><INIT seed="6,1,2,1,3,27" ten="34,185,50,711" oya="2" hai0="63,57,35,59,67,22,93,129,80,8,75,5,9" hai1="114,133,2,85,100,34,46,123,13,83,79,128,111" hai2="95,18,6,89,105,135,26,37,92,41,125,119,56" hai3="112,101,99,64,33,52,32,53,65,28,106,54,50"/><V51/><F119/><W102/><G112/><T25/><D35/><U0/><E34/><V97/><F105/><W14/><G102/><T82/><D129/><U7/><E100/><V124/><F135/><W118/><G118/><T110/><D110/><U20/><E111/><V16/><F6/><W42/><G32/><T122/><D122/><U127/><E127/><N who="2" m="48715" /><F95/><W31/><G33/><T17/><D75/><U113/><E128/><V66/><F26/><W90/><G90/><T126/><D126/><U23/><E133/><V115/><F115/><N who="1" m="44041" /><E123/><V91/><F91/><W71/><G71/><T76/><D76/><U78/><E78/><V47/><F66/><W96/><G96/><T70/><D93/><U131/><E131/><V4/><F4/><W117/><G117/><T10/><D5/><U88/><E88/><V43/><F43/><W120/><G120/><T38/><D38/><U19/><E7/><V49/><F37/><W44/><REACH who="3" step="1"/><G14/><REACH who="3" ten="34,185,50,701" step="2"/><T39/><D39/><U3/><E3/><V107/><F107/><W11/><G11/><T72/><D72/><U109/><E0/><V94/><F94/><W86/><G86/><T87/><D87/><U24/><E2/><V98/><F97/><W40/><G40/><T116/><D116/><U121/><E121/><V60/><F98/><W15/><G15/><T55/><D70/><U48/><E109/><V104/><F104/><W36/><G36/><T1/><D1/><U45/><E85/><V61/><F92/><W73/><G73/><T130/><D130/><U69/><E13/><V134/><F89/><W81/><G81/><RYUUKYOKU ba="1,3" sc="34,15,185,-15,50,-15,701,15" hai0="8,9,10,17,22,25,55,57,59,63,67,80,82" hai3="28,31,42,44,50,52,53,54,64,65,99,101,106" /><INIT seed="7,2,3,0,5,62" ten="49,170,35,716" oya="3" hai0="73,22,60,31,103,25,11,6,48,119,63,20,120" hai1="98,133,72,111,96,77,28,112,117,114,113,65,29" hai2="9,2,24,87,90,56,122,84,100,101,91,32,8" hai3="37,109,79,14,71,110,43,102,1,121,99,57,94"/><W53/><G71/><T49/><D73/><U38/><E111/><N who="3" m="42506" /><G1/><T51/><D120/><U81/><E133/><V44/><F122/><W36/><G121/><T68/><D119/><U12/><E117/><V106/><F106/><W3/><G3/><T21/><D103/><N who="2" m="39498" /><F2/><W4/><G79/><T18/><D68/><U26/><E38/><V0/><F32/><W104/><G104/><T10/><D21/><N who="1" m="15439" /><E29/><V123/><F0/><W55/><G43/><T124/><D124/><U95/><E12/><V50/><F24/><W135/><G135/><T127/><D127/><U59/><E95/><N who="2" m="54727" /><F56/><W116/><G116/><T130/><D130/><U15/><E15/><V134/><F134/><W42/><G42/><T54/><D54/><N who="3" m="20489" /><G57/><T82/><D6/><U97/><E59/><V75/><F123/><W89/><G102/><T70/><D70/><U129/><E129/><V118/><F118/><W105/><G105/><T128/><D128/><U19/><E113/><V64/><F64/><W5/><G5/><T13/><D82/><U115/><E65/><V83/><F75/><W76/><G76/><T85/><D85/><U61/><E77/><V88/><F91/><W131/><G131/><T34/><D34/><U125/><E125/><V41/><AGARI ba="2,3" hai="8,9,41,44,50,83,87,88" m="54727,39498" machi="41" ten="30,2000,0" yaku="8,1,54,1" doraHai="62" who="2" fromWho="2" sc="49,-7,170,-7,35,56,716,-12" owari="42,-46.0,163,-4.0,91,-31.0,704,81.0" /></mjloggm>