<mjloggm ver="2.3"><GO type="169" lobby="0"/><UN n0="%6B%61%6E%65%67%61%6E%65" n1="%E3%82%A6%E3%83%AB%E3%83%88%E3%83%A9%E7%AB%8B%E7%9B%B4" n2="%E3%83%95%E3%82%A7%E3%83%AB%E3%83%A1%E3%83%BC%E3%83%AB" n3="%E8%A3%95%E7%BE%8E%E5%AD%90" dan="16,17,16,16" rate="2064.30,2125.89,2089.38,2144.13" sx="M,M,F,F"/><TAIKYOKU oya="0"/><INIT seed="0,0,0,5,0,64" ten="250,250,250,250" oya="0" hai0="72,73,42,75,6,67,121,41,2,18,23,10,80" hai1="77,99,30,31,134,120,87,17,40,86,93,107,47" hai2="82,37,88,128,3,104,103,105,108,36,43,0,49" hai3="90,122,112,132,22,91,71,118,110,126,11,54,27"/><T133/><D121/><U123/><E107/><V56/><F108/><W24/><G122/><T25/><D133/><U94/><E134/><V57/><F128/><W29/><G132/><T35/><D80/><U83/><E123/><V114/><F114/><W39/><G112/><T130/><D130/><U131/><E131/><V66/><F103/><W60/><G39/><T7/><D7/><U69/><E69/><V33/><F33/><W1/><G118/><T81/><D81/><U52/><E120/><V68/><F82/><W96/><G110/><T4/><D4/><U119/><E119/><V76/><F76/><W125/><G11/><T61/><REACH who="0" step="1"/><D35/><REACH who="0" ten="240,250,250,250" step="2"/><U15/><E83/><V116/><F116/><W100/><G125/><T46/><D46/><U26/><E47/><V32/><F32/><W62/><G126/><T129/><D129/><U106/><E77/><V45/><F45/><W97/><G1/><T135/><D135/><U102/><E31/><V84/><F3/><W9/><G29/><T113/><D113/><U53/><E30/><V58/><F0/><W101/><G9/><T5/><D5/><U109/><E109/><V127/><F127/><W59/><G22/><T74/><N who="0" m="18432" /><DORA hai="78" /><T51/><D51/><U38/><E38/><V12/><F37/><W8/><G8/><T34/><D34/><U16/><E17/><V111/><F36/><W117/><G117/><T19/><D19/><U28/><E16/><V79/><F111/><W13/><G13/><T65/><D65/><U44/><E15/><V50/><F12/><W95/><G27/><T20/><D20/><RYUUKYOKU ba="0,1" sc="240,30,250,-10,250,-10,250,-10" hai0="2,6,10,18,23,25,41,42,61,67" /><INIT seed="0,1,1,0,4,26" ten="270,240,240,240" oya="0" hai0="15,105,112,135,57,11,8,59,82,20,46,95,24" hai1="63,115,116,52,6,74,33,43,132,16,37,0,50" hai2="49,73,103,60,13,5,40,91,118,54,89,9,110" hai3="29,117,98,133,134,21,22,94,17,12,108,120,70"/><T58/><D105/><U66/><E116/><V7/><F73/><W3/><G70/><T123/><D112/><U62/><E74/><V130/><F118/><W67/><G120/><T2/><D123/><U69/><E6/><V86/><F103/><W75/><G117/><T81/><D2/><U129/><E0/><V127/><F127/><W32/><G75/><T124/><D124/><U25/><E115/><V122/><F122/><W96/><G3/><T97/><D135/><N who="3" m="51721" /><G67/><T44/><D15/><U126/><E132/><V30/><F130/><W101/><G108/><T107/><D107/><U109/><E109/><V36/><F110/><W106/><G32/><T131/><D131/><U68/><E129/><V77/><F5/><W79/><G79/><T90/><D81/><U87/><E68/><V34/><F36/><W84/><G84/><T51/><D82/><U92/><E66/><V38/><F38/><W55/><G55/><N who="0" m="30199" /><D44/><U4/><E69/><V100/><F100/><N who="3" m="60439" /><G22/><T121/><D121/><U113/><E113/><V102/><F102/><W31/><AGARI ba="1,1" hai="12,17,21,29,31,98,101,106" m="60439,51721" machi="31" ten="30,4000,0" yaku="20,1,52,2" doraHai="26" who="3" fromWho="3" sc="270,-21,240,-11,240,-11,240,53" /><INIT seed="1,0,0,4,3,101" ten="249,229,229,293" oya="1" hai0="55,117,39,119,60,84,37,121,9,17,112,76,4" hai1="13,1,25,48,127,58,130,35,28,124,15,67,77" hai2="108,134,24,106,33,80,19,0,41,22,72,129,128" hai3="57,61,45,116,5,10,125,29,74,103,23,51,100"/><U82/><E1/><V75/><F0/><W49/><G74/><T120/><D112/><U8/><E130/><V43/><F33/><W135/><G135/><T122/><D17/><U56/><E15/><V109/><F134/><W59/><G125/><N who="1" m="48202" /><E48/><N who="3" m="18506" /><G45/><T53/><D76/><U87/><E67/><V12/><F24/><N who="3" m="16543" /><G116/><N who="0" m="44619" /><D84/><U6/><AGARI ba="0,0" hai="6,8,13,25,28,35,56,58,77,82,87" m="48202" machi="6" ten="30,1500,0" yaku="18,1" doraHai="101" who="1" fromWho="1" sc="249,-5,229,15,229,-5,293,-5" /><INIT seed="1,1,0,4,0,44" ten="244,244,224,288" oya="1" hai0="32,12,92,19,113,68,98,23,116,96,51,128,124" hai1="1,95,65,75,34,15,126,35,54,74,93,127,76" hai2="2,40,21,122,16,38,13,49,55,41,114,14,129" hai3="87,130,101,73,50,6,33,120,66,131,105,106,84"/><U79/><E1/><V36/><F122/><W91/><G33/><N who="1" m="12298" /><E54/><V118/><F2/><W71/><G6/><T31/><D68/><U42/><E65/><V94/><F118/><W81/><G66/><T37/><D37/><U60/><E15/><V97/><F114/><W110/><G71/><T22/><D116/><U109/><E60/><V27/><F129/><N who="3" m="49163" /><G50/><T134/><D124/><N who="1" m="47659" /><E42/><N who="2" m="16491" /><F36/><W59/><G59/><T58/><D32/><U3/><E3/><V11/><F38/><W8/><G8/><T30/><D113/><U57/><E57/><N who="2" m="33007" /><F11/><W80/><G120/><T70/><D70/><U69/><E69/><V121/><F121/><W5/><G5/><T125/><D125/><U86/><E86/><V48/><F48/><W102/><G87/><T85/><D85/><U82/><E109/><V112/><F112/><W67/><G110/><T115/><D128/><U83/><AGARI ba="1,0" hai="74,75,76,79,82,83,93,95" m="47659,12298" machi="83" ten="40,2100,0" yaku="18,1" doraHai="44" who="1" fromWho="1" sc="244,-8,244,24,224,-8,288,-8" /><INIT seed="1,2,0,1,1,125" ten="236,268,216,280" oya="1" hai0="94,114,13,120,59,23,43,118,44,11,128,2,55" hai1="102,71,98,75,58,116,53,4,126,104,84,92,28" hai2="117,8,79,61,131,12,93,17,20,103,107,124,21" hai3="99,130,91,83,135,7,73,77,65,115,111,82,122"/><U31/><E71/><V41/><F117/><W16/><G7/><T27/><D118/><U14/><E75/><V19/><F107/><W66/><G122/><T57/><D114/><U60/><E116/><V22/><F124/><W112/><G111/><T56/><D120/><U45/><E126/><V33/><F33/><W96/><G135/><T38/><D2/><U69/><E69/><V63/><F79/><W95/><G66/><T88/><D128/><U54/><E104/><V3/><F131/><W1/><G1/><T36/><D36/><U52/><E84/><V119/><F119/><W129/><G65/><T85/><D27/><U24/><E45/><V48/><F3/><W30/><G16/><N who="0" m="10639" /><D11/><N who="1" m="4455" /><E24/><V40/><F19/><W46/><G46/><T26/><D26/><U68/><E68/><V42/><F48/><AGARI ba="2,0" hai="38,43,44,48,55,56,57,59,85,88,94" m="10639" machi="48" ten="30,3900,0" yaku="25,1,54,2" doraHai="125" who="0" fromWho="2" sc="236,45,268,0,216,-45,280,0" /><INIT seed="2,0,0,1,0,77" ten="281,268,171,280" oya="2" hai0="108,47,124,10,1,66,92,112,14,30,33,115,117" hai1="133,64,61,122,44,102,36,114,97,88,109,79,113" hai2="58,2,105,67,98,86,91,80,95,24,8,125,48" hai3="132,19,45,106,78,82,16,13,94,90,22,76,65"/><V57/><F125/><W32/><G106/><T21/><D124/><U50/><E36/><V42/><F105/><W56/><G32/><T26/><D66/><U103/><E122/><V68/><F24/><W49/><G132/><T7/><D47/><U43/><E109/><V83/><F2/><W107/><G107/><T127/><D127/><U39/><E39/><V96/><F8/><W126/><G126/><T46/><D46/><U81/><E133/><V87/><F68/><W60/><G19/><N who="0" m="10487" /><D92/><N who="1" m="56455" /><E113/><N who="0" m="43593" /><D117/><U35/><E35/><V62/><F95/><W120/><G120/><T17/><D17/><U99/><E99/><V12/><F12/><W72/><G72/><T119/><D119/><U3/><E3/><V40/><F57/><W6/><G6/><T130/><D130/><U9/><E9/><V116/><F116/><W51/><G51/><T118/><D118/><U15/><E15/><V41/><F48/><W75/><G75/><T110/><AGARI ba="0,0" hai="1,7,10,26,30,33,108,110" m="43593,10487" machi="110" ten="30,4000,0" yaku="24,1,34,2" doraHai="77" who="0" fromWho="0" sc="281,40,268,-10,171,-20,280,-10" /><INIT seed="3,0,0,0,2,23" ten="321,258,151,270" oya="3" hai0="17,127,98,65,19,111,108,21,80,49,60,110,79" hai1="133,71,33,64,24,78,84,93,105,57,16,42,126" hai2="53,73,128,41,47,34,66,118,89,5,117,107,112" hai3="7,28,119,115,85,130,100,8,132,6,125,121,113"/><W0/><G100/><T62/><D127/><U3/><E105/><V56/><F112/><N who="3" m="43083" /><G85/><N who="0" m="48287" /><D98/><U87/><E71/><V101/><F73/><W134/><G119/><T104/><D104/><U67/><E3/><V25/><F66/><N who="1" m="25129" /><E33/><V22/><F34/><W1/><G125/><T96/><D96/><U30/><E30/><V114/><F114/><W29/><G121/><T131/><D131/><U2/><E2/><N who="3" m="1130" /><G130/><T109/><D19/><U58/><E133/><N who="3" m="51306" /><G8/><T54/><D65/><U77/><E126/><V81/><F101/><W43/><G43/><T86/><D86/><U72/><E42/><V91/><F107/><W70/><G70/><T18/><D111/><U90/><E72/><V4/><F117/><W95/><G95/><T135/><D135/><U37/><E87/><N who="2" m="50415" /><F118/><W26/><G29/><T68/><D68/><U129/><E129/><V52/><F91/><W75/><G75/><T124/><D124/><U11/><E11/><V50/><F128/><W55/><G55/><N who="2" m="21065" /><F56/><N who="1" m="21609" /><E37/><V14/><F14/><W45/><G45/><T39/><D39/><U36/><E36/><V122/><F122/><W32/><AGARI ba="0,0" hai="6,7,26,28,32" m="51306,1130,43083" machi="32" ten="40,12000,1" yaku="20,1,34,2,52,1" doraHai="23" who="3" fromWho="3" sc="321,-40,258,-40,151,-40,270,120" /><INIT seed="3,1,0,0,5,57" ten="281,218,111,390" oya="3" hai0="26,17,32,4,24,3,14,133,93,118,103,60,98" hai1="30,62,80,88,34,12,33,107,77,74,67,35,41" hai2="29,100,129,47,89,119,112,27,7,104,64,42,15" hai3="5,71,86,99,72,90,69,58,65,117,55,48,1"/><W106/><G72/><T19/><D133/><U31/><E107/><V135/><F112/><W8/><G117/><T10/><D118/><U81/><E41/><V115/><F115/><W105/><G99/><T16/><D3/><U114/><E114/><V124/><F119/><W52/><G55/><T36/><D36/><U23/><E12/><V39/><F135/><W0/><G0/><T85/><D32/><U79/><E23/><V68/><F129/><W46/><G46/><T13/><D13/><U11/><E11/><V101/><F89/><W75/><G75/><T51/><D51/><U45/><E45/><V94/><F94/><W76/><G76/><T97/><D97/><U28/><E88/><V127/><F104/><W91/><G91/><T54/><D85/><U82/><REACH who="1" step="1"/><E74/><REACH who="1" ten="281,208,111,390" step="2"/><V110/><F15/><W49/><G105/><T50/><D14/><U92/><E92/><V116/><F7/><W70/><G106/><T66/><D4/><U126/><E126/><V59/><F116/><W78/><G78/><T84/><D10/><U25/><E25/><V6/><F6/><W123/><G8/><T131/><D24/><U22/><E22/><N who="2" m="15607" /><F101/><W38/><G5/><T102/><D26/><U56/><AGARI ba="1,1" hai="28,30,31,33,34,35,56,62,67,77,79,80,81,82" machi="56" ten="40,8000,1" yaku="1,1,0,1,29,2,52,1,53,0" doraHai="57" doraHaiUra="9" who="1" fromWho="1" sc="281,-21,208,93,111,-21,390,-41" /><INIT seed="4,0,0,1,3,75" ten="260,301,90,349" oya="0" hai0="62,103,1,117,96,125,124,73,9,112,108,5,44" hai1="12,111,105,88,126,23,15,46,29,113,40,67,81" hai2="128,65,26,56,16,100,109,60,38,4,115,41,39" hai3="52,35,99,132,82,98,86,27,24,3,22,17,106"/><T58/><D117/><U2/><E2/><V77/><F109/><W131/><G3/><T6/><D6/><U0/><E0/><V18/><F4/><W51/><G132/><T78/><D108/><U84/><E105/><V30/><F115/><W20/><G35/><T48/><D112/><U97/><E111/><V64/><F64/><W76/><G106/><T116/><D116/><U129/><E126/><N who="0" m="48745" /><D73/><U31/><E129/><V55/><F100/><W54/><G131/><T94/><D78/><U33/><E33/><V104/><F104/><W10/><G10/><T14/><D14/><U25/><E113/><V91/><F91/><W85/><G86/><T102/><D48/><U7/><E7/><V8/><F128/><W66/><G66/><N who="0" m="39255" /><D44/><U53/><E67/><V43/><F77/><W123/><G123/><T72/><D72/><U87/><E53/><N who="3" m="20586" /><G51/><T95/><D103/><U133/><E133/><V11/><F39/><W83/><G83/><T28/><D28/><AGARI ba="0,0" hai="17,20,22,24,27,28,76,82,85,98,99" m="20586" machi="28" ten="30,3900,0" yaku="8,1,52,1,54,1" doraHai="75" who="3" fromWho="0" sc="260,-39,301,0,90,0,349,39" /><INIT seed="5,0,0,5,4,58" ten="221,301,90,388" oya="1" hai0="41,135,73,13,78,47,35,40,53,65,98,109,2" hai1="5,110,57,72,126,44,87,46,21,88,115,33,12" hai2="131,36,124,117,111,94,56,50,127,29,14,16,54" hai3="97,10,11,42,114,79,6,108,119,70,129,96,0"/><U43/><E72/><V105/><F105/><W76/><G108/><T133/><D2/><U8/><E33/><V20/><F111/><W15/><G70/><T52/><D35/><U26/><E126/><V60/><F36/><W84/><G129/><T82/><D109/><U25/><E115/><V113/><F131/><W38/><G114/><T18/><D98/><U130/><E130/><V32/><F113/><W85/><G38/><T61/><D41/><U1/><E110/><V74/><F74/><W64/><G42/><T7/><D7/><U90/><E1/><V48/><F117/><W17/><G64/><T31/><D31/><U9/><E9/><V80/><F80/><W59/><G59/><T92/><D92/><N who="1" m="54303" /><E43/><V102/><F102/><W83/><G119/><T19/><D40/><U132/><E132/><N who="0" m="50761" /><D47/><N who="1" m="17963" /><E21/><V121/><F94/><W75/><G75/><T4/><D4/><U107/><E107/><V62/><F121/><W34/><G34/><T81/><D81/><AGARI ba="0,0" hai="0,6,10,11,15,17,76,79,81,83,84,85,96,97" machi="81" ten="40,1300,0" yaku="9,1" doraHai="58" who="3" fromWho="0" sc="221,-13,301,0,90,0,388,13" /><INIT seed="6,0,0,0,5,98" ten="208,301,90,401" oya="2" hai0="65,83,115,61,6,117,42,12,15,94,69,134,9" hai1="131,57,129,103,44,85,45,63,43,107,62,52,78" hai2="71,68,56,30,88,99,102,41,97,38,50,58,80" hai3="95,125,37,64,84,24,5,53,114,25,92,100,73"/><V120/><F120/><W87/><G73/><T21/><D134/><U108/><E108/><V0/><F0/><W31/><G37/><T11/><D117/><U51/><E78/><V3/><F3/><W75/><G75/><T34/><D34/><U4/><E4/><V29/><F38/><W39/><G39/><T17/><D115/><U127/><E85/><N who="2" m="50215" /><F68/><W7/><G64/><T111/><D111/><U90/><E90/><V27/><F71/><W47/><G47/><N who="1" m="17994" /><E103/><V135/><F135/><W26/><G31/><N who="2" m="11785" /><F41/><W104/><G114/><T105/><D42/><U35/><E107/><V19/><F50/><W124/><G26/><T130/><D105/><U113/><E35/><V128/><F128/><N who="1" m="49225" /><E113/><V93/><F99/><W81/><G104/><T86/><D130/><U1/><E1/><V121/><F121/><W49/><G84/><T112/><D112/><U2/><E2/><V54/><F54/><W10/><G53/><T72/><D72/><U14/><E43/><V119/><F119/><W59/><G87/><T60/><D86/><U8/><E127/><V132/><F132/><W126/><G125/><T79/><D79/><U23/><E8/><V70/><F70/><W40/><G10/><T16/><D69/><U22/><E22/><AGARI ba="0,0" hai="19,22,27,56,58,93,97,102" m="11785,50215" machi="22" ten="30,5800,0" yaku="8,1,52,1,54,1" doraHai="98" who="2" fromWho="1" sc="208,0,301,-58,90,58,401,0" /><INIT seed="6,1,0,1,0,124" ten="208,243,148,401" oya="2" hai0="78,73,116,108,48,44,72,68,13,46,83,16,95" hai1="69,127,101,96,6,94,40,111,76,103,9,128,64" hai2="35,123,50,122,126,75,132,58,29,14,61,30,39" hai3="82,1,33,41,97,118,26,135,84,86,7,28,47"/><V52/><F39/><W11/><G118/><T117/><D108/><U17/><E111/><V36/><F36/><W85/><G135/><T120/><D120/><U107/><E40/><V43/><F75/><W104/><G104/><T4/><D68/><U113/><E17/><V109/><F109/><W34/><G97/><T12/><D72/><U89/><E76/><V19/><F132/><W63/><G63/><T57/><D95/><U99/><E89/><V45/><F126/><W130/><G34/><T80/><D80/><U129/><E113/><V102/><F102/><W91/><G130/><N who="1" m="50282" /><E127/><V121/><REACH who="2" step="1"/><F35/><REACH who="2" ten="208,243,138,401" step="2"/><W66/><G66/><T25/><D73/><U51/><E64/><V3/><F3/><W18/><G18/><T115/><D16/><U112/><E112/><V110/><F110/><W71/><G71/><T119/><D115/><U88/><E69/><V70/><F70/><W20/><G33/><T90/><D119/><U60/><E60/><V131/><F131/><W105/><G105/><T54/><D117/><U133/><E133/><V21/><AGARI ba="1,1" hai="14,19,21,29,30,43,45,50,52,58,61,121,122,123" machi="21" ten="30,12000,1" yaku="1,1,0,1,54,1,53,2" doraHai="124" doraHaiUra="24" who="2" fromWho="2" sc="208,-41,243,-41,138,133,401,-41" /><INIT seed="6,2,0,2,5,121" ten="167,202,271,360" oya="2" hai0="92,75,132,113,26,47,35,7,54,33,108,25,11" hai1="124,109,51,40,82,117,95,130,66,21,3,62,4" hai2="37,52,84,23,53,85,18,29,42,58,49,125,107" hai3="71,36,118,22,17,114,19,0,83,78,105,1,12"/><V129/><F107/><W96/><G118/><T65/><D75/><U134/><E109/><V45/><F29/><W80/><G71/><T119/><D119/><U2/><E117/><V111/><F111/><W69/><G69/><T28/><D108/><U120/><E120/><V87/><F129/><W72/><G36/><T93/><D113/><U50/><E130/><V89/><F125/><W131/><G131/><T100/><D132/><U67/><E134/><V106/><F106/><W90/><G114/><T44/><D65/><U123/><E123/><V32/><F32/><W81/><G83/><T30/><D100/><U16/><E2/><V64/><F64/><W103/><G81/><T94/><REACH who="0" step="1"/><D54/><REACH who="0" ten="157,202,271,360" step="2"/><U77/><E67/><V57/><F89/><W27/><G90/><T24/><D24/><U46/><E66/><V128/><F128/><W127/><G127/><T59/><D59/><U8/><E124/><V86/><N who="2" m="21504" /><DORA hai="110" /><V43/><F43/><W126/><G126/><T79/><D79/><U112/><E77/><V38/><F53/><W34/><G78/><T70/><D70/><U15/><E112/><V56/><REACH who="2" step="1"/><F38/><REACH who="2" ten="157,202,261,360" step="2"/><W13/><G103/><T116/><D116/><U60/><E82/><V76/><F76/><W39/><G80/><T68/><D68/><U31/><E40/><V20/><F20/><W88/><G22/><T6/><D6/><U115/><E4/><V9/><F9/><W135/><G88/><T5/><D5/><U48/><E8/><V73/><F73/><W61/><G39/><T41/><D41/><N who="1" m="24655" /><E21/><V10/><F10/><W101/><G72/><RYUUKYOKU ba="2,2" sc="157,15,202,-15,261,15,360,-15" hai0="7,11,25,26,28,30,33,35,44,47,92,93,94" hai2="18,23,37,42,45,49,52,56,57,58" /><INIT seed="6,3,2,2,2,39" ten="172,187,276,345" oya="2" hai0="1,40,89,54,62,92,65,102,126,63,23,86,58" hai1="122,108,45,68,60,98,56,78,6,55,3,100,83" hai2="38,134,0,69,90,117,51,31,16,13,129,104,87" hai3="25,73,41,116,22,123,124,76,111,94,50,80,47"/><V112/><F117/><W133/><G111/><T131/><D1/><U8/><E68/><V48/><F69/><W127/><G116/><T70/><D131/><U2/><E108/><V20/><F0/><W135/><G94/><T96/><D126/><N who="3" m="48169" /><G123/><T107/><D23/><U72/><E122/><V110/><F104/><W79/><G76/><T106/><REACH who="0" step="1"/><D40/><REACH who="0" ten="162,187,276,345" step="2"/><U119/><E119/><V30/><F110/><W61/><G61/><T71/><D71/><U75/><E2/><V7/><F129/><W27/><G25/><T37/><D37/><U64/><E45/><V49/><F38/><W121/><G121/><T120/><D120/><U84/><REACH who="1" step="1"/><E64/><REACH who="1" ten="162,177,276,345" step="2"/><V19/><F112/><W93/><G47/><T114/><D114/><U66/><E66/><V17/><F134/><W34/><G133/><T4/><D4/><U118/><E118/><V91/><F7/><W18/><G135/><T97/><D97/><U44/><E44/><V35/><F35/><W10/><G34/><T99/><D99/><U88/><E88/><V36/><F36/><W32/><G32/><T5/><D5/><U14/><E14/><V101/><F101/><W128/><G128/><T103/><D103/><U28/><E28/><N who="2" m="10795" /><F91/><W67/><G67/><T26/><D26/><U125/><E125/><V12/><F13/><W85/><G27/><T77/><D77/><U132/><E132/><V11/><F11/><W115/><G10/><T130/><D130/><U57/><E57/><V52/><F52/><W21/><G115/><T15/><D15/><U81/><E81/><AGARI ba="3,4" hai="12,16,17,19,20,48,49,51,81,87,90" m="10795" machi="81" ten="30,2900,0" yaku="8,1,54,1" doraHai="39" who="2" fromWho="1" sc="162,0,177,-38,276,78,345,0" /><AGARI ba="3,0" hai="54,58,62,63,65,70,81,86,89,92,96,102,106,107" machi="81" ten="30,2000,0" yaku="1,1,7,1,53,0" doraHai="39" doraHaiUra="33" who="0" fromWho="1" sc="162,20,139,-20,354,0,345,0" /><INIT seed="6,4,0,4,1,135" ten="182,119,354,345" oya="2" hai0="93,87,97,82,42,18,55,71,84,58,37,121,122" hai1="110,107,22,104,101,39,68,112,15,76,20,61,98" hai2="128,41,109,64,72,77,70,86,45,124,119,54,102" hai3="53,79,115,117,78,8,130,40,17,38,29,31,48"/><V32/><F119/><W50/><G117/><T9/><D71/><U35/><E110/><V111/><F32/><W63/><G38/><T120/><D42/><U2/><E2/><V3/><F3/><W94/><G130/><T6/><D37/><U43/><E112/><V123/><F123/><W12/><G115/><T127/><D18/><U14/><E107/><V7/><F7/><W16/><G94/><T69/><D69/><U80/><E35/><V33/><F33/><W131/><G17/><T96/><D96/><U28/><E28/><N who="3" m="10826" /><G131/><T56/><D56/><U83/><E43/><V88/><F54/><W132/><G132/><T4/><D4/><U99/><E39/><N who="2" m="21695" /><F102/><W34/><G34/><T27/><D27/><U133/><E133/><V65/><F70/><W129/><G129/><T11/><D6/><U113/><E113/><V52/><F128/><W106/><G106/><T85/><D120/><U25/><E68/><V67/><F77/><N who="3" m="29195" /><G40/><T91/><D121/><U44/><E104/><V114/><F72/><W13/><G13/><T47/><D122/><U30/><E101/><V108/><F114/><W57/><AGARI ba="4,0" hai="8,12,16,48,50,53,57,63" m="29195,10826" machi="57" ten="30,2000,0" yaku="8,1,54,1" doraHai="135" who="3" fromWho="3" sc="182,-9,119,-9,354,-14,345,32" /><INIT seed="7,0,0,0,3,120" ten="173,110,340,377" oya="3" hai0="12,35,71,34,135,134,53,133,86,29,57,129,33" hai1="72,123,107,70,41,73,117,47,118,37,2,81,131" hai2="94,61,62,27,30,104,97,25,101,85,36,100,42" hai3="9,65,23,132,122,75,102,64,0,93,13,109,3"/><W18/><G75/><T52/><D71/><U68/><E123/><V80/><F27/><W50/><G122/><T55/><D129/><U111/><E107/><V82/><F82/><W43/><G109/><T60/><D29/><U31/><E31/><V66/><F42/><W19/><G3/><T6/><D86/><U128/><E2/><V63/><F36/><W10/><G0/><T114/><D114/><U32/><E32/><V79/><F100/><W84/><G132/><T106/><D106/><U46/><E81/><V67/><F104/><W14/><G23/><T121/><D121/><U99/><E99/><V76/><F76/><W119/><G119/><N who="1" m="45578" /><E73/><V127/><F127/><W130/><G130/><N who="1" m="49706" /><E72/><V83/><F83/><W21/><G21/><T51/><D6/><U126/><E126/><V1/><F1/><W74/><G74/><T124/><D124/><U90/><E90/><V22/><REACH who="2" step="1"/><F67/><REACH who="2" ten="173,110,330,377" step="2"/><W28/><G28/><T56/><D12/><U78/><E78/><V4/><F4/><W24/><G24/><T48/><D134/><U110/><E47/><V45/><F45/><N who="3" m="25919" /><G102/><T49/><D135/><U95/><E95/><V15/><F15/><W89/><AGARI ba="0,1" hai="9,10,13,14,18,19,64,65,84,89,93" m="25919" machi="89" ten="30,1500,0" yaku="8,1" doraHai="120" who="3" fromWho="3" sc="173,-5,110,-5,330,-5,377,25" owari="168,-23.0,105,-39.0,325,13.0,402,49.0" /></mjloggm>