<mjloggm ver="2.3"><GO type="41" lobby="0"/><UN n0="%E3%83%81%E3%83%A3%E3%83%BC%E3%83%9F%E3%83%BC" n1="%E5%B0%B1%E6%B4%BB%E7%94%9F%40%E5%B7%9D%E6%9D%91%E8%BB%8D%E5%9B%A3" n2="%E3%81%8F%E3%82%8D%E3%81%AB%E3%82%83%E3%82%93" n3="%41%76%6F%63%61%72%64" dan="13,16,13,13" rate="1905.67,2118.12,1854.22,1895.83" sx="M,M,M,M"/><TAIKYOKU oya="0"/><INIT seed="0,0,0,4,2,53" ten="250,250,250,250" oya="0" hai0="124,92,55,45,114,30,5,90,113,18,32,71,47" hai1="130,87,84,95,61,22,3,76,119,110,63,82,94" hai2="58,34,51,79,4,54,16,28,93,85,72,116,123" hai3="49,46,8,75,118,77,122,26,106,96,131,9,37"/><T1/><D124/><U108/><E3/><V88/><F116/><W97/><G118/><T57/><D71/><U133/><E119/><V2/><F123/><W91/><G37/><T100/><D100/><U80/><E22/><V29/><F34/><W42/><G122/><T20/><D32/><U33/><E33/><V56/><F79/><W134/><G134/><T68/><D68/><U25/><E25/><V50/><F72/><W43/><G43/><T125/><D125/><U109/><E130/><V38/><F38/><W121/><G121/><T17/><D1/><U74/><E133/><V101/><F101/><W12/><G96/><T128/><D128/><U105/><E105/><V99/><F99/><W70/><G70/><T6/><D114/><U132/><E132/><V115/><F115/><W78/><G78/><T112/><D113/><U59/><E63/><V107/><F107/><W120/><G120/><T24/><D30/><U41/><E41/><V83/><F4/><N who="0" m="1642" /><D18/><U7/><E7/><V23/><F83/><W0/><G131/><T135/><D135/><U126/><E126/><V21/><F21/><W127/><G127/><T69/><D69/><U117/><E117/><V103/><F103/><W129/><G129/><T102/><D102/><U36/><E36/><V27/><F2/><W44/><G106/><T60/><D112/><U35/><E35/><V10/><F10/><W65/><G8/><T40/><D40/><U73/><E73/><V111/><F111/><N who="1" m="28417" /><U14/><DORA hai="89" /><E14/><V66/><F66/><W31/><G65/><T19/><D19/><U86/><E82/><RYUUKYOKU ba="0,0" sc="250,10,250,10,250,10,250,-30" hai0="17,20,24,45,47,55,57,60,90,92" hai1="59,61,74,76,80,84,86,87,94,95" hai2="16,23,27,28,29,50,51,54,56,58,85,88,93" /><INIT seed="0,1,0,2,2,113" ten="260,260,260,220" oya="0" hai0="59,87,79,10,76,58,22,86,73,100,53,17,61" hai1="78,130,14,2,11,46,45,34,5,94,43,25,60" hai2="135,63,57,9,67,66,93,20,24,75,28,1,97" hai3="116,104,15,125,65,56,95,83,19,108,49,50,74"/><T98/><D10/><U91/><E130/><V132/><F75/><W101/><G104/><T52/><D73/><U51/><E78/><V89/><F67/><W107/><G107/><T119/><D119/><U12/><E60/><V35/><F35/><W42/><G125/><T30/><D79/><U115/><E115/><V18/><F18/><W109/><G42/><T36/><D36/><U111/><E111/><N who="3" m="42570" /><G83/><T127/><D127/><U84/><E34/><V13/><F1/><W48/><G74/><T131/><D131/><U31/><E31/><V71/><F71/><W40/><G40/><T29/><D29/><U92/><E25/><V103/><F89/><W118/><G95/><N who="0" m="58463" /><D30/><U112/><E112/><V68/><F68/><W38/><G38/><T124/><D76/><U21/><E46/><V106/><F106/><W54/><G65/><T44/><D44/><U41/><E41/><V77/><F77/><W55/><G101/><T80/><D80/><N who="1" m="49543" /><E2/><V8/><F13/><W88/><G88/><T39/><D39/><U102/><E102/><V114/><F114/><W4/><G4/><T134/><D124/><U117/><E117/><N who="3" m="45162" /><G56/><T32/><D32/><U23/><E94/><V69/><F69/><W7/><G7/><T133/><D133/><AGARI ba="1,0" hai="8,9,20,24,28,57,63,66,93,97,103,132,133,135" machi="133" ten="40,5200,0" yaku="25,2,20,1" doraHai="113" who="2" fromWho="0" sc="260,-55,260,0,260,55,220,0" /><INIT seed="1,0,0,4,4,15" ten="205,260,315,220" oya="1" hai0="50,36,92,18,77,46,23,78,71,133,97,134,21" hai1="114,112,59,110,86,111,63,117,0,5,62,43,48" hai2="124,25,69,95,56,87,42,28,122,57,20,47,121" hai3="76,70,29,99,79,123,84,107,19,38,34,58,26"/><U9/><E117/><V40/><F69/><W94/><G70/><T109/><D71/><U106/><E106/><V129/><F124/><W103/><G123/><T135/><D23/><U82/><E112/><V104/><F129/><W44/><G58/><T7/><D109/><N who="1" m="41483" /><E114/><V24/><F104/><W13/><G38/><T61/><D36/><U102/><E102/><V39/><F42/><W120/><G120/><T22/><D22/><U108/><N who="1" m="41491" /><U81/><DORA hai="128" /><E81/><V105/><F105/><W125/><G125/><T89/><D61/><U33/><E33/><V119/><F119/><W131/><G44/><T88/><D7/><U73/><E73/><V52/><F25/><W27/><G27/><N who="0" m="14775" /><D89/><N who="1" m="51415" /><E43/><AGARI ba="0,0" hai="43,46,50,77,78,88,92,97,133,134,135" m="14775" machi="43" ten="30,12000,2" yaku="20,1,52,4,54,1" doraHai="15,128" who="0" fromWho="1" sc="205,120,260,-120,315,0,220,0" /><INIT seed="2,0,0,5,2,68" ten="325,140,315,220" oya="2" hai0="53,52,87,120,25,88,94,93,107,24,127,34,85" hai1="36,67,71,5,17,121,33,104,40,70,35,111,125" hai2="75,29,48,99,113,77,20,96,32,4,80,79,124" hai3="56,74,91,131,84,2,55,101,102,28,43,64,49"/><V39/><F113/><W66/><G74/><T19/><D107/><U12/><E121/><V129/><F129/><W9/><G131/><T72/><D72/><U114/><E114/><V130/><F124/><W92/><G28/><T116/><D127/><U134/><E125/><V42/><F130/><W73/><G73/><T26/><D34/><U81/><E134/><V10/><F32/><W105/><G105/><T62/><D116/><U90/><E111/><V54/><F77/><W109/><G109/><T112/><D112/><U7/><E104/><V115/><F115/><W60/><G64/><T58/><D53/><U82/><E67/><V13/><F42/><W27/><G27/><T110/><D120/><U135/><E135/><V89/><F39/><W23/><G23/><N who="0" m="13439" /><D110/><U123/><E123/><V83/><F89/><AGARI ba="0,0" hai="25,26,52,58,62,85,87,88,89,93,94" m="13439" machi="89" ten="30,3900,0" yaku="8,1,54,2" doraHai="68" who="0" fromWho="2" sc="325,39,140,0,315,-39,220,0" /><INIT seed="3,0,0,3,3,117" ten="364,140,276,220" oya="3" hai0="46,128,113,23,78,44,50,80,101,20,12,1,100" hai1="2,125,86,59,131,120,11,8,29,38,114,37,119" hai2="104,81,58,118,115,122,40,48,130,16,18,13,6" hai3="123,89,72,52,88,73,116,24,35,42,9,87,31"/><W75/><G116/><T30/><D1/><U47/><E119/><V26/><F118/><W10/><G42/><T56/><D113/><U43/><E114/><V127/><F115/><W91/><G87/><T84/><D128/><U51/><E125/><V64/><F130/><W61/><REACH who="3" step="1"/><G123/><REACH who="3" ten="364,140,276,210" step="2"/><T19/><D84/><U4/><E120/><V49/><F122/><W95/><G95/><T135/><D135/><U65/><E131/><V90/><F40/><W27/><G27/><T110/><D110/><U82/><E29/><V77/><F26/><W107/><G107/><T60/><D30/><U92/><E92/><V133/><F104/><W112/><G112/><T108/><D108/><U103/><E103/><V33/><F133/><W99/><G99/><T74/><D100/><U22/><E22/><V71/><F127/><W134/><G134/><T121/><D101/><U96/><E96/><V21/><F77/><W85/><G85/><T106/><D106/><U76/><E8/><V66/><F81/><W94/><G94/><T41/><D23/><U93/><E93/><V45/><F21/><W102/><G102/><T28/><D28/><U129/><E129/><V0/><F33/><W34/><G34/><T3/><D121/><U124/><E124/><V17/><F90/><W83/><G83/><T5/><D41/><U15/><REACH who="1" step="1"/><E2/><REACH who="1" ten="364,130,276,210" step="2"/><V79/><F0/><W57/><AGARI ba="0,2" hai="9,10,24,31,35,52,57,61,72,73,75,88,89,91" machi="57" ten="40,12000,1" yaku="1,1,0,1,54,2,53,1" doraHai="117" doraHaiUra="55" who="3" fromWho="3" sc="364,-40,130,-40,276,-40,210,140" /><INIT seed="3,1,0,2,2,115" ten="324,90,236,350" oya="3" hai0="4,3,52,60,107,105,38,35,22,109,32,16,51" hai1="56,9,44,39,58,54,89,81,96,40,72,61,101" hai2="118,135,73,48,6,27,14,64,117,84,114,49,50" hai3="33,111,97,103,36,121,94,70,92,125,124,0,66"/><W91/><G0/><T5/><D38/><U65/><E89/><V82/><F114/><W25/><G36/><T45/><D109/><U102/><E81/><V80/><F64/><W122/><G70/><T93/><D107/><U57/><E72/><V130/><F135/><W133/><G66/><T10/><D105/><U55/><E101/><V128/><F73/><W86/><G133/><T28/><D5/><U90/><E90/><V127/><F27/><W46/><G46/><T20/><D32/><U11/><E96/><V1/><F1/><W98/><G25/><T18/><D60/><N who="1" m="35863" /><E102/><V106/><F106/><W43/><G43/><T71/><D71/><N who="1" m="42415" /><E9/><V8/><F127/><N who="3" m="48715" /><G33/><T134/><D35/><U68/><E11/><V112/><F112/><W110/><G97/><T83/><D134/><U78/><E78/><V75/><F75/><W108/><AGARI ba="1,0" hai="86,91,92,94,98,103,108,110,111,121,122" m="48715" machi="108" ten="40,12000,1" yaku="14,1,10,1,18,1,34,2" doraHai="115" who="3" fromWho="3" sc="324,-41,90,-41,236,-41,350,123" /><INIT seed="3,2,0,3,1,70" ten="283,49,195,473" oya="3" hai0="135,44,31,5,111,126,80,122,130,109,72,102,15" hai1="12,82,120,50,54,95,45,86,129,65,46,17,115" hai2="58,123,33,1,39,0,56,104,57,108,6,101,94" hai3="21,20,97,85,116,76,29,105,13,98,27,51,53"/><W55/><G116/><T125/><D122/><U88/><E120/><V77/><F123/><W127/><G127/><N who="0" m="48651" /><D102/><U121/><E121/><V66/><F33/><W42/><G105/><T28/><D44/><U75/><E129/><V63/><F108/><N who="0" m="41546" /><D72/><U2/><E115/><V81/><F104/><W117/><G117/><T73/><D73/><U34/><E34/><V3/><F39/><W118/><G118/><T32/><D80/><U41/><E2/><V61/><F6/><W23/><G42/><T107/><D107/><U69/><E69/><V132/><F132/><W16/><G53/><T48/><D48/><U87/><E65/><V47/><F47/><W92/><G21/><T22/><D135/><U36/><E75/><V131/><F131/><W93/><G93/><T43/><D43/><U113/><E113/><V35/><F35/><W19/><G29/><T25/><D130/><U99/><REACH who="1" step="1"/><E82/><REACH who="1" ten="283,39,195,473" step="2"/><V49/><F66/><W133/><G133/><T38/><D32/><U24/><E24/><V106/><F81/><N who="3" m="47271" /><G92/><T90/><D25/><U71/><E71/><V134/><F94/><W14/><G27/><T96/><D31/><U9/><AGARI ba="2,1" hai="9,12,17,36,41,45,46,50,54,86,87,88,95,99" machi="9" ten="20,8000,1" yaku="1,1,0,1,7,1,52,1,54,1,53,0" doraHai="70" doraHaiUra="78" who="1" fromWho="1" sc="283,-22,39,96,195,-22,473,-42" /><INIT seed="4,0,0,1,5,63" ten="261,135,173,431" oya="0" hai0="47,115,46,120,130,106,35,0,11,25,19,61,56" hai1="31,66,52,23,78,3,99,123,59,48,21,55,72" hai2="32,34,60,17,103,58,62,13,68,77,75,112,39" hai3="83,74,95,104,84,108,114,1,49,118,40,132,82"/><T64/><D120/><U9/><E123/><V2/><F112/><W86/><G1/><T87/><D115/><U16/><E72/><V125/><F2/><W79/><G114/><T124/><D130/><U14/><E78/><V51/><F125/><W128/><G40/><T92/><D106/><U85/><E85/><V6/><F39/><W43/><G43/><T27/><D124/><U44/><E99/><V102/><F6/><W29/><G49/><T7/><D35/><U96/><E96/><V122/><F122/><W69/><G29/><T91/><REACH who="0" step="1"/><D19/><REACH who="0" ten="251,135,173,431" step="2"/><U37/><E37/><V81/><F32/><W41/><G104/><T121/><D121/><U71/><E31/><V107/><F34/><W127/><G127/><T98/><D98/><U28/><E28/><V135/><F107/><W88/><G128/><T73/><D73/><U18/><E18/><V133/><F135/><W8/><G74/><T22/><D22/><U80/><E23/><V111/><F75/><W53/><G8/><T113/><D113/><U45/><E21/><V117/><F133/><W24/><G132/><T110/><D110/><U94/><E16/><V100/><F17/><W36/><G108/><T57/><D57/><U134/><E71/><V38/><F58/><W15/><G69/><T33/><D33/><U90/><E134/><V119/><F68/><W97/><G97/><T42/><D42/><U105/><E105/><V12/><F111/><W70/><G70/><T89/><D89/><U54/><E59/><V30/><F30/><W10/><G41/><T126/><D126/><U109/><E90/><RYUUKYOKU ba="0,1" sc="251,30,135,-10,173,-10,431,-10" hai0="0,7,11,25,27,46,47,56,61,64,87,91,92" /><INIT seed="4,1,1,3,0,34" ten="281,125,163,421" oya="0" hai0="25,32,50,93,64,83,37,88,24,12,30,44,33" hai1="70,38,128,87,73,0,61,20,46,86,107,14,22" hai2="2,55,116,67,76,100,52,118,21,47,45,7,23" hai3="99,62,39,35,42,59,91,71,82,17,10,103,5"/><T66/><D37/><U105/><E73/><V104/><F67/><W102/><G71/><T112/><D112/><U56/><E70/><V69/><F76/><W97/><G35/><T106/><D106/><U89/><E128/><V48/><F69/><W129/><G129/><T95/><D32/><U29/><E38/><V124/><F124/><W31/><G31/><T72/><D24/><U40/><E0/><V96/><F7/><W16/><G82/><T134/><D134/><U80/><E105/><V98/><F48/><W63/><G91/><T6/><D93/><U65/><E107/><V77/><F104/><W8/><G5/><T122/><D122/><U49/><E29/><V130/><F77/><W41/><G59/><T131/><D131/><U115/><E115/><V53/><F130/><W114/><G39/><T19/><D6/><U133/><E133/><V94/><F2/><W121/><G114/><T9/><D83/><N who="1" m="49375" /><E14/><V81/><F81/><W117/><G117/><N who="2" m="45161" /><F96/><W85/><G85/><T135/><D72/><U90/><AGARI ba="1,1" hai="20,22,40,46,49,56,61,65,80,87,90" m="49375" machi="90" ten="30,1100,0" yaku="8,1" doraHai="34" who="1" fromWho="1" sc="281,-6,125,24,163,-4,421,-4" /><INIT seed="5,0,0,2,4,39" ten="275,149,159,417" oya="1" hai0="68,82,6,135,32,79,51,63,100,74,31,67,8" hai1="58,17,28,48,73,96,3,101,0,80,92,99,53" hai2="120,59,10,122,115,105,44,102,60,52,7,13,76" hai3="86,104,30,16,97,27,47,69,108,25,133,50,107"/><U54/><E28/><V34/><F34/><W19/><G108/><T81/><D135/><U33/><E33/><V61/><F76/><W110/><G110/><T113/><D113/><U84/><E73/><V129/><F129/><W103/><G133/><T88/><D100/><U29/><E29/><V134/><F115/><W2/><G2/><T57/><D32/><U65/><E65/><V49/><F134/><W109/><G109/><T24/><D31/><U98/><E3/><V112/><F112/><W41/><G69/><T72/><D24/><U37/><E37/><V77/><F77/><W46/><G104/><T128/><D128/><U62/><E0/><V66/><F102/><W119/><G119/><T22/><D22/><U38/><E17/><V14/><F105/><W5/><G5/><T89/><D81/><U85/><E38/><V36/><F13/><W123/><G123/><T23/><D23/><U130/><E130/><V95/><F95/><W71/><G71/><T93/><D72/><U21/><E21/><V118/><F61/><W45/><G30/><T15/><D93/><U40/><E40/><N who="2" m="22535" /><F118/><W132/><G132/><T9/><D9/><U1/><E1/><V78/><F78/><W114/><G114/><T56/><REACH who="0" step="1"/><D51/><REACH who="0" ten="265,149,159,417" step="2"/><U124/><E124/><V121/><F121/><W126/><G126/><T91/><AGARI ba="0,1" hai="6,8,15,56,57,63,67,68,74,79,82,88,89,91" machi="91" ten="30,7900,0" yaku="1,1,2,1,0,1,54,1,53,0" doraHai="39" doraHaiUra="18" who="0" fromWho="0" sc="265,89,149,-39,159,-20,417,-20" /><INIT seed="6,0,0,2,4,64" ten="354,110,139,397" oya="2" hai0="62,42,102,6,77,20,90,99,131,14,104,114,124" hai1="79,81,18,129,26,45,105,32,100,92,116,11,4" hai2="61,130,126,66,117,96,10,95,57,60,24,128,72" hai3="9,59,51,25,83,21,93,75,17,108,58,78,69"/><V120/><F72/><W84/><G108/><T74/><D131/><N who="2" m="50218" /><F120/><W35/><G69/><T1/><D1/><U39/><E129/><V76/><F76/><W8/><G58/><T118/><D118/><U110/><E110/><V5/><F117/><W98/><G35/><T125/><D42/><N who="1" m="22751" /><E92/><V48/><F126/><W121/><G121/><T12/><D114/><U22/><E116/><V16/><F60/><W67/><G67/><T2/><D62/><U109/><E109/><V34/><F48/><W37/><G37/><T94/><D77/><U29/><E18/><V134/><F134/><W127/><G127/><T30/><D74/><N who="1" m="43255" /><E22/><N who="2" m="13383" /><F34/><W63/><G51/><T106/><D124/><U46/><E46/><V7/><F10/><W119/><G119/><T73/><D73/><U33/><E33/><V54/><F66/><N who="3" m="39295" /><G75/><T23/><D125/><U47/><E47/><V91/><AGARI ba="0,0" hai="5,7,54,57,61,91,95,96" m="13383,50218" machi="91" ten="30,6000,0" yaku="25,1,19,1,54,1" doraHai="64" who="2" fromWho="2" sc="354,-20,110,-20,139,60,397,-20" /><INIT seed="6,1,0,5,1,25" ten="334,90,199,377" oya="2" hai0="92,10,67,130,43,100,126,91,133,84,119,79,55" hai1="40,71,24,104,20,80,62,41,31,88,121,70,27" hai2="69,5,75,64,134,56,109,124,17,18,118,6,54" hai3="120,89,37,46,42,53,135,73,7,123,86,13,103"/><V29/><F118/><W30/><G73/><T112/><D130/><U87/><E104/><V19/><F75/><W115/><G103/><T9/><D126/><U129/><E121/><V122/><F124/><W78/><G78/><T66/><D43/><U127/><E127/><V117/><F122/><W38/><G38/><T98/><D133/><U45/><E129/><V8/><F117/><W51/><G135/><T50/><D112/><U33/><E62/><N who="2" m="37959" /><F134/><W77/><G115/><T12/><D9/><U128/><E128/><V95/><F69/><W74/><G74/><T49/><D49/><U21/><E33/><V39/><F39/><W16/><G7/><N who="2" m="2569" /><F109/><W76/><G120/><T52/><D79/><U59/><E59/><V44/><F29/><W1/><G1/><T68/><D68/><U93/><E80/><V65/><F65/><N who="0" m="24586" /><D50/><U15/><E15/><N who="2" m="7399" /><F95/><N who="3" m="54711" /><G123/><T32/><D32/><U48/><REACH who="1" step="1"/><E40/><REACH who="1" ten="334,80,199,377" step="2"/><V61/><F44/><W108/><G108/><T116/><D119/><U82/><E82/><V102/><F102/><W111/><G111/><T90/><D116/><U4/><E4/><V131/><F131/><W0/><G0/><T114/><D114/><U28/><AGARI ba="1,1" hai="20,21,24,27,28,31,41,45,48,70,71,87,88,93" machi="28" ten="20,12000,2" yaku="1,1,0,1,7,1,9,1,52,2,54,1,53,0" doraHai="25" doraHaiUra="72" who="1" fromWho="1" sc="334,-31,80,133,199,-61,377,-31" /><INIT seed="7,0,0,3,0,70" ten="303,213,138,346" oya="3" hai0="31,14,69,2,32,82,10,45,61,23,34,50,42" hai1="0,64,6,37,40,98,133,91,118,59,46,121,4" hai2="63,49,134,66,103,19,120,35,83,3,100,57,24" hai3="8,108,94,126,101,119,114,76,131,109,111,22,112"/><W17/><G119/><T29/><D2/><U16/><E121/><V104/><F120/><W33/><G131/><T87/><D34/><U27/><E118/><V5/><F134/><W97/><G126/><T96/><D32/><U20/><E133/><V13/><F104/><W135/><G135/><T52/><D96/><U30/><E0/><V72/><F72/><W78/><G8/><T58/><D69/><U51/><E30/><V18/><F3/><W47/><G47/><T117/><D23/><U93/><REACH who="1" step="1"/><E51/><REACH who="1" ten="303,203,138,346" step="2"/><V124/><F35/><W81/><G33/><T86/><D117/><U36/><E36/><V106/><F124/><W25/><G78/><N who="0" m="46423" /><D87/><AGARI ba="0,1" hai="17,22,25,76,81,87,94,97,101,108,109,111,112,114" machi="87" ten="40,2000,0" yaku="10,1" doraHai="70" who="3" fromWho="0" sc="303,-20,203,0,138,0,346,30" owari="283,8.0,203,-20.0,138,-36.0,376,48.0" /></mjloggm>