<mjloggm ver="2.3"><GO type="97" lobby="0"/><UN n0="%E5%B0%B1%E6%B4%BB%E7%94%9F%40%E5%B7%9D%E6%9D%91%E8%BB%8D%E5%9B%A3" n1="%E4%BD%90%E8%97%A4%E3%83%95%E3%83%AA%E3%83%BC%E3%82%B6" n2="%E5%BE%8B%E3%81%A1%E3%82%83%E3%82%93%E9%9A%8A%E5%93%A1" n3="%34%3A%31%35" dan="15,14,15,13" rate="2037.71,1985.91,1985.58,1841.44" sx="M,F,F,M"/><TAIKYOKU oya="0"/><INIT seed="0,0,0,5,1,105" ten="250,250,250,250" oya="0" hai0="57,43,123,5,68,86,115,13,58,74,70,80,24" hai1="20,34,30,88,124,27,119,109,42,132,52,76,134" hai2="98,110,23,71,78,32,121,111,45,129,128,102,125" hai3="77,94,29,120,62,83,36,130,2,31,61,72,92"/><T10/><D74/><U108/><E119/><V50/><F32/><W133/><G36/><T118/><D115/><U93/><E124/><V12/><F71/><W97/><G2/><T101/><D123/><U44/><E76/><V53/><F121/><W16/><G120/><T85/><D43/><U17/><E52/><N who="2" m="29775" /><F125/><W126/><G126/><T66/><D101/><U59/><E59/><V116/><F116/><W87/><G133/><N who="1" m="51306" /><E30/><V82/><F53/><W0/><G130/><N who="2" m="50281" /><F12/><W9/><G0/><T7/><D7/><U28/><E28/><V18/><F23/><W112/><G112/><T15/><D15/><U37/><E34/><V38/><F18/><W56/><G31/><T96/><D24/><U100/><E100/><V81/><F38/><W69/><G29/><T40/><D40/><U14/><E14/><V113/><F113/><W41/><G69/><T19/><D70/><U8/><E8/><V4/><F4/><W11/><G41/><T49/><D68/><U39/><E39/><V127/><F127/><W54/><G9/><T22/><D5/><U73/><E73/><N who="2" m="43215" /><F82/><W26/><G11/><T103/><D80/><U63/><E63/><V95/><AGARI ba="0,0" hai="95,98,102,110,111" m="43215,50281,29775" machi="95" ten="30,4000,0" yaku="19,1,52,1,54,1" doraHai="105" who="2" fromWho="2" sc="250,-20,250,-10,250,40,250,-10" /><INIT seed="1,0,0,1,2,99" ten="230,240,290,240" oya="1" hai0="100,20,32,53,106,128,116,111,72,52,121,13,87" hai1="82,89,37,62,77,76,131,88,91,134,56,85,1" hai2="69,3,8,46,2,18,117,109,6,84,12,31,133" hai3="118,71,124,27,57,64,103,132,51,14,105,74,104"/><U44/><E134/><V17/><F69/><W115/><G115/><T58/><D32/><U9/><E131/><V49/><F117/><W67/><G132/><T42/><D72/><U15/><E1/><V80/><F133/><W114/><G114/><T11/><D111/><U28/><E28/><V4/><F109/><W19/><G74/><T30/><D116/><U70/><E70/><V86/><F31/><W120/><G120/><T48/><D128/><U66/><E37/><V123/><F123/><W83/><G83/><T54/><D42/><U25/><E25/><V45/><F49/><W26/><G71/><T22/><D87/><U119/><E119/><V113/><F113/><W93/><G118/><T40/><D30/><U36/><E36/><V96/><F96/><N who="3" m="59791" /><G104/><T61/><D40/><U112/><E112/><V50/><F50/><W95/><G105/><T75/><D75/><U92/><E44/><V38/><F38/><W34/><G34/><T94/><D106/><U24/><E24/><V78/><F80/><W101/><G124/><T29/><D29/><U127/><E127/><V60/><F78/><W43/><G43/><T0/><D0/><U68/><E68/><V16/><F2/><W126/><G126/><T110/><D110/><U129/><E129/><V10/><F60/><W122/><G122/><T5/><D121/><U47/><E47/><N who="2" m="17931" /><F3/><W90/><G67/><N who="0" m="39351" /><D48/><U98/><REACH who="1" step="1"/><E77/><REACH who="1" ten="230,230,290,240" step="2"/><V23/><F12/><W135/><G135/><T55/><N who="0" m="13312" /><DORA hai="130" /><T35/><D35/><U59/><E59/><V33/><F33/><W63/><G51/><T102/><D13/><RYUUKYOKU ba="0,1" sc="230,-10,230,30,290,-10,240,-10" hai1="9,15,56,62,66,76,82,85,88,89,91,92,98" /><INIT seed="1,1,1,0,3,37" ten="220,260,280,230" oya="1" hai0="106,4,42,58,62,91,22,93,43,87,18,25,12" hai1="97,23,83,85,69,81,124,121,28,74,15,119,90" hai2="53,134,45,10,67,118,31,95,9,71,79,123,78" hai3="8,94,120,38,63,115,47,41,110,51,64,68,1"/><U20/><E121/><V112/><F123/><W70/><G115/><T125/><D106/><U104/><E119/><V21/><F118/><W33/><G33/><T46/><D125/><U59/><E124/><V129/><F112/><W54/><G120/><T11/><REACH who="0" step="1"/><D46/><REACH who="0" ten="210,260,280,230" step="2"/><U56/><E69/><V2/><F45/><W40/><G110/><T135/><D135/><U17/><E104/><V101/><F71/><W35/><G70/><T86/><D86/><N who="1" m="50527" /><E74/><V103/><F134/><W98/><G35/><T32/><D32/><U19/><E97/><V39/><F129/><W7/><REACH who="3" step="1"/><G38/><REACH who="3" ten="210,260,280,220" step="2"/><T117/><D117/><U50/><E28/><V29/><F39/><W72/><G72/><T122/><D122/><U130/><E130/><V26/><F31/><W75/><G75/><T88/><D88/><AGARI ba="1,3" hai="1,7,8,40,41,47,51,54,63,64,68,88,94,98" machi="88" ten="30,8000,1" yaku="1,1,7,1,52,2,54,1,53,0" doraHai="37" doraHaiUra="55" who="3" fromWho="0" sc="210,-83,260,0,280,0,220,113" /><INIT seed="2,0,0,0,4,103" ten="127,260,280,333" oya="2" hai0="114,79,131,82,23,119,106,26,19,43,97,61,107" hai1="28,20,101,80,47,100,53,27,13,49,120,34,55" hai2="90,30,52,67,48,40,54,113,29,18,127,58,81" hai3="41,125,1,135,68,111,35,11,25,2,64,128,78"/><V45/><F113/><W112/><G112/><T95/><D114/><U92/><E120/><V102/><F127/><W116/><G116/><T91/><D119/><U74/><E74/><V71/><F102/><W129/><G125/><T8/><D131/><N who="3" m="50249" /><G111/><T65/><D43/><U88/><E80/><V17/><F54/><W37/><G135/><T39/><D8/><U3/><E3/><V86/><F71/><W115/><G11/><T130/><D39/><U21/><E55/><V33/><F67/><W126/><G126/><T56/><REACH who="0" step="1"/><D130/><REACH who="0" ten="117,260,280,333" step="2"/><U96/><E34/><V123/><F123/><W5/><G115/><T117/><D117/><U51/><E51/><N who="2" m="27047" /><F33/><W87/><G35/><T24/><D24/><U105/><E105/><V62/><F48/><W98/><G25/><T7/><D7/><U121/><E121/><V32/><F32/><W70/><G5/><T84/><AGARI ba="0,1" hai="19,23,26,56,61,65,79,82,84,91,95,97,106,107" machi="84" ten="20,12000,2" yaku="1,1,0,1,7,1,52,2,53,1" doraHai="103" doraHaiUra="22" who="0" fromWho="0" sc="117,130,260,-30,280,-60,333,-30" /><INIT seed="3,0,0,1,0,98" ten="247,230,220,303" oya="3" hai0="2,77,3,46,61,72,44,93,83,11,51,123,99" hai1="105,32,70,129,106,92,103,132,8,91,41,110,35" hai2="76,14,69,13,50,131,124,108,23,48,100,57,113" hai3="12,49,74,34,87,7,82,127,24,17,52,54,94"/><W38/><G38/><T19/><D123/><U80/><E70/><V43/><F113/><W75/><G127/><T4/><D61/><U79/><E132/><V85/><F69/><W9/><G54/><T115/><D19/><U68/><E68/><V30/><F124/><W114/><G114/><T120/><D120/><U36/><E129/><V47/><F131/><W109/><G109/><T33/><D33/><U116/><E116/><V90/><F76/><W118/><G118/><T59/><D59/><U40/><E110/><V84/><F108/><W107/><G107/><T55/><D44/><U25/><E106/><V0/><F0/><W21/><G34/><T28/><D28/><U56/><E56/><V135/><F100/><W37/><G37/><T96/><D96/><U65/><E65/><V122/><F135/><W121/><G121/><T101/><D115/><U88/><E91/><V71/><F71/><W89/><G82/><T26/><REACH who="0" step="1"/><D26/><REACH who="0" ten="237,230,220,303" step="2"/><U60/><E60/><V39/><F122/><W86/><G87/><T31/><D31/><U6/><E25/><N who="2" m="16703" /><F85/><W78/><G7/><T66/><D66/><U10/><E32/><V125/><F125/><W117/><G117/><T20/><D20/><U67/><E35/><V27/><F27/><W18/><G24/><T1/><AGARI ba="0,1" hai="1,2,3,4,11,46,51,55,72,77,83,93,99,101" machi="1" ten="20,5200,0" yaku="1,1,0,1,7,1,52,1,53,0" doraHai="98" doraHaiUra="133" who="0" fromWho="0" sc="237,62,230,-13,220,-13,303,-26" /><INIT seed="4,0,0,4,2,74" ten="299,217,207,277" oya="0" hai0="80,87,70,124,90,97,17,99,82,100,68,86,118" hai1="81,14,11,89,115,8,29,110,69,27,47,34,23" hai2="56,107,40,46,104,49,24,71,12,26,28,108,121" hai3="30,92,33,84,60,15,119,62,19,37,65,125,127"/><T79/><D118/><U103/><E110/><V114/><F108/><W85/><G119/><T78/><D124/><N who="3" m="47689" /><G37/><T130/><D130/><U0/><E69/><V53/><F121/><W112/><G112/><T2/><D2/><U95/><E115/><V10/><F71/><N who="3" m="42407" /><G62/><T36/><D36/><U6/><E103/><V35/><F26/><N who="3" m="18647" /><G92/><T105/><D17/><U126/><E126/><V20/><F35/><W4/><G4/><T48/><D48/><U131/><E131/><V96/><F96/><W133/><G133/><T13/><D13/><U117/><E117/><V64/><F64/><W25/><G25/><T123/><D123/><U55/><E95/><AGARI ba="0,0" hai="68,70,78,79,80,82,86,87,90,95,97,99,100,105" machi="95" ten="40,7700,0" yaku="9,1,52,2" doraHai="74" who="0" fromWho="1" sc="299,77,217,-77,207,0,277,0" owari="376,47.0,140,-36.0,207,-19.0,277,8.0" /></mjloggm>