<mjloggm ver="2.3"><GO type="97" lobby="0"/><UN n0="%E5%B0%B1%E6%B4%BB%E7%94%9F%40%E5%B7%9D%E6%9D%91%E8%BB%8D%E5%9B%A3" n1="%E3%81%A8%E3%82%89%E5%A4%AA" n2="%E8%A9%A9%E7%B9%94" n3="%62%65%6A%69%74%74%6F%31" dan="14,13,14,14" rate="1959.75,1804.26,1916.11,1991.30" sx="M,M,M,F"/><TAIKYOKU oya="0"/><INIT seed="0,0,0,2,5,10" ten="250,250,250,250" oya="0" hai0="66,129,105,87,90,120,81,50,11,123,9,21,84" hai1="71,57,63,85,135,97,78,86,77,131,112,113,82" hai2="60,44,31,100,54,104,95,19,133,76,34,79,122" hai3="3,48,101,56,38,22,7,2,47,35,102,65,108"/><T45/><D105/><U27/><E71/><V18/><F122/><W36/><G35/><T74/><D74/><U8/><E27/><V16/><F133/><W40/><G108/><T14/><D129/><U114/><E135/><V5/><F104/><W103/><G7/><T58/><D123/><U15/><E97/><V98/><F31/><W28/><G28/><T64/><D120/><U4/><E131/><V55/><F34/><W94/><G94/><N who="0" m="54599" /><D21/><U109/><E109/><V67/><F5/><W52/><G22/><T68/><D68/><U118/><E118/><V93/><F93/><W116/><G116/><T96/><D11/><U130/><E130/><V53/><REACH who="2" step="1"/><F44/><REACH who="2" ten="250,250,240,250" step="2"/><W26/><G26/><T128/><D128/><U69/><E69/><AGARI ba="0,1" hai="16,18,19,53,54,55,60,67,69,76,79,95,98,100" machi="69" ten="40,5200,0" yaku="1,1,2,1,54,1,53,0" doraHai="10" doraHaiUra="119" who="2" fromWho="1" sc="250,0,250,-52,240,62,250,0" /><INIT seed="1,0,0,0,2,5" ten="250,198,302,250" oya="1" hai0="77,49,33,76,115,15,109,7,52,124,61,63,110" hai1="25,128,22,24,90,11,107,2,132,40,99,57,95" hai2="74,80,47,101,82,113,67,42,122,26,126,48,53" hai3="60,43,93,54,73,19,83,108,75,46,38,12,79"/><U70/><E70/><V87/><F122/><W27/><G108/><N who="0" m="41579" /><D33/><U32/><E107/><V39/><F126/><W129/><G129/><T117/><D117/><U50/><E128/><V125/><F113/><W112/><G112/><T111/><D115/><U66/><E132/><V133/><F125/><W13/><G75/><T120/><D124/><U6/><E32/><V37/><F133/><W96/><G60/><N who="0" m="23115" /><D120/><U71/><E71/><V29/><F67/><W121/><G121/><T89/><D89/><U127/><E127/><V10/><F101/><W69/><G69/><T41/><D41/><U103/><E66/><V14/><F74/><W88/><REACH who="3" step="1"/><G54/><REACH who="3" ten="250,198,302,240" step="2"/><T106/><D111/><U45/><E57/><V130/><F130/><W104/><G104/><T18/><D106/><U64/><E64/><V9/><F14/><W65/><G65/><T100/><D100/><U1/><E103/><V36/><F53/><W119/><G119/><T56/><D7/><U8/><REACH who="1" step="1"/><E22/><AGARI ba="0,1" hai="12,13,19,22,27,38,43,46,73,79,83,88,93,96" machi="22" ten="40,2600,0" yaku="1,1,54,1,53,0" doraHai="5" doraHaiUra="123" who="3" fromWho="1" sc="250,0,198,-26,302,0,240,36" /><AGARI ba="0,0" hai="15,18,22,49,52,56,76,77" m="23115,41579" machi="22" ten="30,2000,0" yaku="14,1,54,1" doraHai="5" who="0" fromWho="1" sc="250,20,172,-20,302,0,276,0" /><INIT seed="2,0,0,4,1,21" ten="270,152,302,276" oya="2" hai0="113,103,15,109,128,18,135,16,96,120,125,83,36" hai1="99,129,108,105,44,82,107,9,2,87,122,66,52" hai2="63,101,97,24,34,112,51,3,71,100,86,8,91" hai3="98,11,115,114,84,126,12,50,124,59,106,92,46"/><V20/><F112/><N who="3" m="43051" /><G106/><T23/><D36/><U6/><E66/><V57/><F34/><W95/><G59/><T77/><D120/><U67/><E67/><V85/><F71/><W94/><G84/><T134/><D113/><U104/><E108/><V133/><F133/><N who="0" m="50698" /><D109/><U123/><E129/><V30/><F51/><W53/><G98/><T131/><D125/><N who="3" m="48233" /><G95/><N who="0" m="58783" /><D18/><AGARI ba="0,0" hai="11,12,18,46,50,53,92,94" m="48233,43051" machi="18" ten="30,2000,0" yaku="11,1,18,1" doraHai="21" who="3" fromWho="0" sc="270,-20,152,0,302,0,276,20" /><INIT seed="3,0,0,1,4,43" ten="250,152,302,296" oya="3" hai0="18,71,37,135,24,102,14,128,10,132,115,93,69" hai1="129,2,35,9,12,117,13,134,33,36,55,85,53" hai2="118,3,96,80,130,66,111,124,76,4,74,22,75" hai3="41,21,99,70,54,42,38,83,79,110,107,61,49"/><W46/><G110/><T1/><D37/><U133/><E36/><V87/><F118/><W60/><G107/><T39/><D39/><U104/><E104/><V121/><F121/><W91/><G38/><T6/><D115/><U51/><E117/><V120/><F120/><W101/><G101/><T44/><D128/><U100/><E100/><V28/><F111/><W26/><G99/><N who="0" m="59759" /><D24/><U48/><E85/><V47/><F130/><W131/><G131/><T30/><D30/><U58/><E129/><V32/><F32/><W105/><G105/><T8/><D44/><U114/><E114/><V73/><F66/><W77/><G91/><T57/><D57/><U92/><E92/><V88/><F124/><W59/><G70/><T23/><D8/><U20/><E2/><V34/><F34/><W72/><G79/><T109/><D109/><U98/><E98/><V45/><F4/><W67/><G61/><T89/><D89/><U17/><E133/><AGARI ba="0,0" hai="1,6,10,14,18,23,69,71,132,133,135" m="59759" machi="133" ten="30,1000,0" yaku="20,1" doraHai="43" who="0" fromWho="1" sc="250,10,152,-10,302,0,296,0" owari="260,-14.0,142,-36.0,302,40.0,296,10.0" /></mjloggm>