<mjloggm ver="2.3"><GO type="97" lobby="0"/><UN n0="%44%75%73%74%2E%44%52" n1="%E5%B0%B1%E6%B4%BB%E7%94%9F%40%E5%B7%9D%E6%9D%91%E8%BB%8D%E5%9B%A3" n2="%E3%82%A8%E3%83%AB%E3%83%91%E3%82%B5" n3="%E3%81%9F%E3%83%BC%E3%81%8F%E3%82%8B" dan="13,15,14,13" rate="1851.51,1968.09,1961.04,1856.59" sx="M,M,M,M"/><TAIKYOKU oya="0"/><INIT seed="0,0,0,1,2,100" ten="250,250,250,250" oya="0" hai0="65,22,134,64,70,105,107,123,132,108,106,124,72" hai1="120,101,3,31,104,93,38,41,135,25,126,133,5" hai2="97,54,46,83,114,14,125,18,82,17,88,116,77" hai3="66,23,79,128,85,40,121,112,50,117,68,89,53"/><T26/><D123/><U73/><E73/><V27/><F116/><W48/><G117/><T39/><D39/><U110/><E126/><V69/><F69/><W6/><G112/><T84/><D72/><U56/><E120/><V92/><F114/><W12/><G121/><T102/><D124/><U81/><E110/><V13/><F125/><W130/><G79/><T47/><D108/><U131/><E131/><N who="3" m="50218" /><G66/><T115/><D115/><U29/><E81/><V76/><F27/><W15/><G68/><T36/><D36/><U11/><E93/><V37/><F37/><W1/><G40/><T95/><D47/><N who="1" m="23991" /><E56/><V32/><F32/><W7/><G50/><T111/><D111/><U4/><E4/><N who="3" m="1578" /><G1/><T62/><D65/><U86/><E86/><V122/><F77/><W44/><G23/><T28/><REACH who="0" step="1"/><D84/><REACH who="0" ten="240,250,250,250" step="2"/><U61/><E135/><V87/><F87/><W127/><G127/><T58/><D58/><U99/><E133/><V80/><F122/><W10/><G85/><T2/><D2/><U59/><E59/><V19/><F76/><W51/><G44/><T98/><AGARI ba="0,1" hai="22,26,28,62,64,70,95,98,102,105,106,107,132,134" machi="98" ten="40,18000,2" yaku="1,1,0,1,52,3,53,1" doraHai="100" doraHaiUra="57" who="0" fromWho="0" sc="240,190,250,-60,250,-60,250,-60" /><INIT seed="0,1,0,0,3,82" ten="430,190,190,190" oya="0" hai0="34,37,129,13,80,106,73,92,12,126,120,98,16" hai1="76,57,99,69,28,125,42,134,131,26,93,88,49" hai2="81,60,85,94,89,116,100,61,35,1,51,44,135" hai3="48,55,86,74,104,25,77,123,111,108,7,127,78"/><T121/><D37/><U54/><E69/><V103/><F35/><W22/><G127/><T79/><D34/><U118/><E118/><V59/><F1/><W83/><G104/><T115/><D115/><U41/><E125/><V63/><F116/><W132/><G132/><T40/><D106/><U20/><E131/><V17/><F135/><W70/><G7/><T102/><D126/><U58/><E134/><V91/><F17/><N who="3" m="12495" /><G70/><T56/><D129/><U130/><E130/><V43/><REACH who="2" step="1"/><F59/><REACH who="2" ten="430,190,180,190" step="2"/><N who="3" m="33255" /><G123/><T30/><D56/><U117/><E117/><V97/><AGARI ba="1,1" hai="43,44,51,60,61,63,81,85,89,91,94,97,100,103" machi="97" ten="30,7900,0" yaku="1,1,0,1,8,1,52,1,53,0" doraHai="82" doraHaiUra="3" who="2" fromWho="2" sc="430,-40,190,-21,180,92,190,-21" /><INIT seed="1,0,0,1,2,96" ten="390,169,272,169" oya="1" hai0="42,30,128,34,27,12,118,7,87,91,69,99,10" hai1="18,4,37,120,117,125,57,80,122,88,26,49,63" hai2="114,127,75,28,108,59,102,21,23,119,19,60,121" hai3="71,126,0,65,29,64,112,58,5,78,132,101,77"/><U22/><E37/><V107/><F75/><W25/><G112/><T86/><D118/><U9/><E117/><V68/><F68/><W52/><G101/><T62/><D128/><U39/><E39/><V135/><F121/><W66/><G71/><T95/><D42/><U2/><E125/><V13/><F127/><W61/><G126/><T70/><REACH who="0" step="1"/><D62/><REACH who="0" ten="380,169,272,169" step="2"/><U82/><E49/><V115/><F119/><W113/><G113/><T97/><D97/><U46/><E46/><V130/><F115/><W85/><G132/><T36/><D36/><U3/><E3/><V48/><F114/><W111/><G111/><T94/><D94/><U116/><E116/><V55/><F55/><W44/><G44/><T81/><D81/><U33/><E82/><V47/><F135/><W104/><G104/><T43/><D43/><U72/><E72/><V15/><F107/><W84/><G78/><T134/><D134/><U76/><E76/><V129/><F130/><W100/><G77/><T32/><D32/><U110/><E33/><V1/><F129/><W11/><REACH who="3" step="1"/><G100/><REACH who="3" ten="380,169,272,159" step="2"/><T20/><D20/><AGARI ba="0,2" hai="0,5,11,20,25,29,52,58,61,64,65,66,84,85" machi="20" ten="40,5200,0" yaku="1,1,2,1,54,1,53,0" doraHai="96" doraHaiUra="38" who="3" fromWho="0" sc="380,-52,169,0,272,0,159,72" /><INIT seed="2,0,0,2,1,130" ten="328,169,272,231" oya="2" hai0="29,80,50,123,11,107,39,63,119,13,8,17,27" hai1="77,115,6,134,30,3,45,85,62,83,117,132,118" hai2="15,112,108,23,43,113,129,42,98,67,32,100,19" hai3="61,53,127,87,18,68,5,66,101,20,37,110,99"/><V135/><F32/><W60/><G110/><T10/><D123/><U48/><E115/><V95/><F129/><W78/><G127/><T34/><D39/><U109/><E109/><V96/><F108/><W57/><G37/><T120/><D107/><U51/><E30/><V24/><F135/><N who="1" m="51753" /><E62/><V69/><F69/><W94/><G5/><T9/><D80/><U116/><E45/><V35/><F35/><W97/><G101/><T73/><D73/><U125/><E125/><V84/><F67/><W91/><REACH who="3" step="1"/><G78/><REACH who="3" ten="328,169,272,221" step="2"/><T31/><D120/><U41/><E41/><V28/><F43/><W46/><G46/><T52/><D63/><U71/><E71/><V49/><F42/><W124/><G124/><T93/><D119/><U38/><E38/><V111/><F111/><W40/><G40/><T81/><D81/><U22/><E22/><V2/><F23/><W70/><G70/><T88/><D34/><U86/><E86/><V102/><F84/><W75/><G75/><T82/><D82/><U121/><E121/><V74/><F74/><W33/><G33/><T12/><D12/><AGARI ba="0,1" hai="12,18,20,53,57,60,61,66,68,87,91,94,97,99" machi="12" ten="30,2000,0" yaku="1,1,7,1,53,0" doraHai="130" doraHaiUra="47" who="3" fromWho="0" sc="328,-20,169,0,272,0,221,30" /><INIT seed="3,0,0,4,2,115" ten="308,169,272,251" oya="3" hai0="34,62,61,18,88,114,45,96,4,20,83,64,58" hai1="94,0,134,2,73,8,41,76,65,97,124,47,128" hai2="12,74,38,40,90,24,19,89,51,93,43,36,103" hai3="32,132,108,30,15,101,67,29,113,109,66,42,105"/><W127/><G113/><T56/><D114/><U85/><E128/><V49/><F74/><W44/><G127/><T22/><D34/><U14/><E124/><V119/><F119/><W68/><G15/><T135/><D135/><U99/><E134/><V23/><F36/><N who="3" m="21575" /><G132/><T118/><D118/><U57/><E73/><V33/><F38/><W125/><G125/><T102/><D4/><U130/><E130/><V7/><F103/><W59/><G59/><T100/><D45/><U95/><E0/><V87/><F33/><W17/><G17/><T72/><D72/><U48/><E2/><V53/><F49/><W129/><G129/><T27/><D22/><U37/><E95/><V39/><F39/><W106/><G106/><T28/><D28/><U86/><E76/><V131/><F90/><W55/><G55/><T5/><D5/><U126/><E126/><V98/><F98/><N who="3" m="61623" /><G30/><T31/><D31/><U60/><E37/><V110/><F131/><W104/><G104/><T80/><D88/><U107/><E107/><V84/><F87/><W52/><G52/><N who="0" m="33927" /><D96/><U3/><E3/><V70/><F70/><W35/><G35/><T77/><D77/><U63/><E63/><V121/><F40/><W122/><G122/><T9/><D9/><U71/><E71/><V1/><F43/><W11/><G11/><T6/><D6/><U50/><E50/><V10/><F121/><W82/><G82/><AGARI ba="0,0" hai="18,20,27,58,62,64,80,82,83,100,102" m="33927" machi="82" ten="30,2000,0" yaku="8,1,54,1" doraHai="115" who="0" fromWho="3" sc="308,20,169,0,272,0,251,-20" owari="328,43.0,169,-33.0,272,7.0,231,-17.0" /></mjloggm>