<mjloggm ver="2.3"><GO type="225" lobby="0"/><UN n0="%E3%83%88%E3%83%88%E3%83%AA%E5%85%88%E7%94%9F%31%39%E6%AD%B3" n1="%E3%82%82%E3%82%81%E3%82%93%E3%81%AA%E3%81%A1%E3%82%83%E3%81%84" n2="%E5%A4%A7%E7%8E%89%E5%B0%86" n3="%E3%81%97%E3%82%8D%E3%81%9F%E3%82%93%E3%81%8C%E3%81%84%E3%81%84%E3%81%8A" dan="17,17,16,16" rate="2241.60,2137.58,2116.67,2121.77" sx="F,M,M,M"/><TAIKYOKU oya="0"/><INIT seed="0,0,0,0,5,78" ten="250,250,250,250" oya="0" hai0="49,63,20,37,47,93,129,44,110,11,89,133,123" hai1="70,112,21,2,102,128,32,86,75,35,48,46,97" hai2="82,45,127,42,81,28,111,61,40,31,100,4,43" hai3="104,106,66,109,13,91,116,26,41,83,130,103,22"/><T96/><D123/><U8/><E75/><V3/><F111/><W92/><G116/><T115/><D115/><U84/><E70/><V65/><F127/><W54/><G109/><T53/><D110/><U73/><E73/><V9/><F45/><W36/><G130/><T74/><D74/><U19/><E128/><V50/><F50/><W122/><G122/><T120/><D120/><U0/><E112/><V88/><F100/><W85/><G13/><T52/><D129/><U125/><E125/><V10/><F10/><W6/><G6/><T30/><D133/><U39/><E39/><V12/><F3/><W101/><G66/><T59/><D11/><U117/><E117/><V105/><F105/><W14/><G14/><T77/><D77/><U60/><E60/><V23/><F23/><W135/><G135/><T68/><D68/><U5/><E2/><V58/><F88/><W33/><G33/><T57/><D37/><U1/><E1/><V67/><F67/><W113/><G113/><T76/><D76/><U80/><E86/><V114/><F114/><W94/><G54/><T38/><D38/><U16/><E48/><V87/><F87/><W118/><G118/><T51/><D63/><U29/><E46/><V90/><F90/><W119/><G119/><T69/><D69/><U134/><E134/><V15/><F15/><W124/><G124/><T55/><D55/><U62/><E62/><V18/><F4/><W71/><G71/><T107/><D107/><N who="3" m="41001" /><G36/><T27/><AGARI ba="0,0" hai="20,27,30,44,47,49,51,52,53,57,59,89,93,96" machi="27" ten="30,11700,0" yaku="0,1,9,1,8,1,54,1" doraHai="78" who="0" fromWho="0" sc="250,117,250,-39,250,-39,250,-39" /><INIT seed="0,1,0,5,5,90" ten="367,211,211,211" oya="0" hai0="79,28,132,21,76,3,25,54,15,131,43,23,103" hai1="42,100,92,128,71,118,18,17,56,33,31,74,69" hai2="62,108,34,7,48,8,44,127,94,120,73,111,57" hai3="91,102,32,60,104,93,46,52,4,99,81,41,106"/><T6/><D3/><U122/><E118/><V2/><F120/><W96/><G32/><T37/><D131/><U66/><E122/><V49/><F127/><W26/><G26/><T82/><D132/><U53/><E74/><V68/><F73/><W27/><G27/><T134/><D134/><U133/><E128/><V20/><F68/><W58/><G4/><T0/><D0/><U64/><E133/><V61/><F34/><W95/><REACH who="3" step="1"/><G81/><REACH who="3" ten="367,211,211,201" step="2"/><T109/><D82/><U125/><E33/><V45/><F108/><W12/><G12/><T47/><D15/><U63/><E125/><V101/><F111/><W67/><G67/><T78/><D6/><U110/><E31/><V114/><F7/><W1/><G1/><T77/><D109/><U10/><E110/><V124/><F2/><W87/><G87/><T19/><D28/><U38/><E64/><V86/><F124/><W24/><G24/><T117/><D25/><U88/><E10/><V85/><F8/><W5/><G5/><T119/><D21/><U123/><E123/><V40/><F20/><W113/><G113/><T135/><D135/><U13/><E13/><V70/><F114/><W39/><AGARI ba="1,1" hai="39,41,46,52,58,60,91,93,95,96,99,102,104,106" machi="39" ten="20,12000,2" yaku="1,1,0,1,7,1,52,2,54,1,53,0" doraHai="90" doraHaiUra="121" who="3" fromWho="3" sc="367,-61,211,-31,211,-31,201,133" /><INIT seed="1,0,0,3,3,15" ten="306,180,180,334" oya="1" hai0="22,45,5,8,44,75,120,29,88,116,55,23,64" hai1="12,83,25,101,125,65,39,109,47,9,28,82,24" hai2="97,7,4,2,63,66,14,102,117,54,129,127,106" hai3="1,132,43,126,87,0,21,52,74,33,104,91,115"/><U80/><E125/><V119/><F129/><W35/><G74/><T110/><D116/><U11/><E109/><V20/><F127/><W89/><G104/><T16/><D75/><U121/><E121/><V10/><F54/><W76/><G115/><T79/><D79/><U30/><E101/><V96/><F96/><W27/><G126/><T134/><D110/><U108/><E108/><V105/><F105/><W17/><G132/><T86/><D134/><U13/><E65/><V99/><F99/><W3/><G76/><T98/><D98/><U51/><E39/><V94/><F106/><W42/><G52/><T18/><D64/><U57/><E57/><V128/><F128/><W93/><REACH who="3" step="1"/><G89/><REACH who="3" ten="306,180,180,324" step="2"/><T32/><D55/><U37/><E37/><V34/><F119/><W60/><G60/><T123/><D120/><U6/><E30/><V135/><F117/><W124/><G124/><T48/><D123/><U67/><E28/><V56/><F135/><W114/><G114/><T113/><D113/><U131/><E131/><V107/><F107/><W95/><G95/><N who="0" m="54679" /><D48/><U31/><E67/><V61/><F66/><W130/><G130/><T53/><D53/><N who="1" m="29951" /><E31/><V58/><F63/><W81/><G81/><T36/><D36/><U46/><E46/><N who="0" m="18025" /><D29/><U69/><E69/><V85/><F61/><W78/><G78/><T62/><D62/><U26/><E83/><V118/><F118/><W111/><G111/><T84/><D32/><AGARI ba="0,1" hai="0,1,3,17,21,27,32,33,35,42,43,87,91,93" machi="32" ten="50,3200,0" yaku="1,1,52,1,53,0" doraHai="15" doraHaiUra="133" who="3" fromWho="0" sc="306,-32,180,0,180,0,324,42" /><INIT seed="2,0,0,0,1,50" ten="274,180,180,366" oya="2" hai0="98,130,20,21,85,100,91,6,70,105,73,82,44" hai1="1,93,67,48,103,86,129,47,7,15,72,108,12" hai2="78,74,49,92,5,60,77,36,132,101,40,13,59" hai3="23,71,135,34,79,76,84,104,89,35,16,41,37"/><V125/><F125/><W83/><G71/><T114/><D114/><U30/><E72/><V119/><F132/><W131/><G104/><T51/><D70/><U64/><E108/><V120/><F36/><W63/><G135/><T128/><D6/><U52/><E129/><N who="0" m="49769" /><D73/><U18/><E1/><V4/><F120/><W62/><G131/><T97/><D97/><N who="1" m="59823" /><E30/><V39/><F39/><W87/><G79/><N who="2" m="30217" /><F119/><W24/><G41/><AGARI ba="0,0" hai="20,21,41,44,51,82,85,91,98,100,105" m="49769" machi="41" ten="30,1000,0" yaku="19,1" doraHai="50" who="0" fromWho="3" sc="274,10,180,0,180,0,366,-10" /><INIT seed="3,0,0,4,5,63" ten="284,180,180,356" oya="3" hai0="124,10,107,61,52,40,37,81,18,111,6,38,123" hai1="39,48,44,100,56,129,128,35,36,119,27,14,55" hai2="103,26,74,1,42,59,32,108,114,33,60,13,110" hai3="77,25,86,41,24,30,97,22,90,31,96,116,130"/><W65/><G130/><N who="1" m="50282" /><E119/><V82/><F1/><W43/><G116/><T19/><D107/><U88/><E100/><V126/><F114/><W98/><G65/><T50/><D123/><U29/><E14/><V3/><F3/><W57/><G57/><T17/><D111/><N who="2" m="42538" /><F126/><W125/><G125/><T11/><D124/><U47/><E88/><V106/><F13/><W118/><G77/><T45/><D81/><U84/><E84/><V75/><F42/><N who="3" m="15883" /><G118/><T134/><D134/><U83/><E83/><V112/><F112/><W51/><G51/><T67/><D6/><U34/><E34/><N who="2" m="13419" /><F26/><N who="3" m="10347" /><G22/><T120/><D120/><U85/><E85/><V117/><F82/><AGARI ba="0,0" hai="30,31,82,86,90,96,97,98" m="10347,15883" machi="82" ten="30,1500,0" yaku="8,1" doraHai="63" who="3" fromWho="2" sc="284,0,180,0,180,-15,356,15" owari="284,8.0,180,-22.0,165,-33.0,371,47.0" /></mjloggm>