<mjloggm ver="2.3"><GO type="41" lobby="0"/><UN n0="%E5%B0%B1%E6%B4%BB%E7%94%9F%40%E5%B7%9D%E6%9D%91%E8%BB%8D%E5%9B%A3" n1="%E3%82%B2%E3%83%BC%E3%83%88%E3%83%9B%E3%83%BC%E3%82%B9" n2="%E3%81%8F%E3%81%86%E3%81%93" n3="%E3%81%86%E3%82%89%E3%81%91%E3%82%93" dan="15,15,14,13" rate="1954.31,2065.90,1869.33,1944.20" sx="M,M,M,M"/><TAIKYOKU oya="0"/><INIT seed="0,0,0,1,1,112" ten="250,250,250,250" oya="0" hai0="49,76,36,6,132,52,27,62,60,25,55,65,80" hai1="5,128,122,39,98,77,78,18,33,21,59,8,14" hai2="91,118,110,69,133,2,3,61,119,24,15,53,54" hai3="89,90,135,38,58,29,48,67,28,45,87,34,47"/><T107/><D36/><U79/><E122/><V42/><F42/><W7/><G135/><T71/><D107/><U134/><E33/><V0/><F133/><W16/><G38/><T105/><D105/><U116/><E134/><V82/><F110/><W130/><G130/><T111/><D6/><U72/><E39/><V40/><F40/><W68/><G68/><T92/><D132/><U11/><E128/><V85/><F24/><W56/><G7/><T95/><D111/><U131/><E131/><V73/><F73/><W51/><G34/><T20/><D25/><U19/><E116/><N who="2" m="44587" /><F15/><W104/><G104/><T31/><D60/><U84/><E72/><V86/><F86/><W74/><G74/><T4/><D4/><U129/><E129/><V37/><F37/><W57/><G67/><AGARI ba="0,0" hai="0,2,3,53,54,61,67,69,82,85,91" m="44587" machi="67" ten="40,8000,1" yaku="12,1,52,3" doraHai="112" who="2" fromWho="3" sc="250,0,250,0,250,80,250,-80" /><INIT seed="1,0,0,3,3,115" ten="250,250,330,170" oya="1" hai0="64,9,7,96,46,91,114,1,102,30,43,135,132" hai1="42,53,128,89,111,34,36,0,5,10,118,6,94" hai2="87,51,49,123,133,105,27,23,75,45,32,129,19" hai3="77,24,38,79,84,28,112,11,92,40,131,56,60"/><U113/><E113/><V17/><F123/><W108/><G112/><T104/><D114/><U12/><E34/><V25/><F75/><W14/><G108/><T117/><D91/><U16/><E128/><V110/><F129/><W26/><G131/><T47/><D47/><U21/><E111/><V69/><F110/><W97/><G38/><N who="0" m="21879" /><D30/><U2/><E118/><V120/><F120/><W126/><G40/><T78/><D78/><U55/><E42/><V122/><F69/><W106/><G106/><T85/><D85/><U58/><E36/><V68/><F68/><W8/><G126/><T61/><D61/><U66/><E66/><V41/><F105/><W13/><G84/><T95/><D95/><U18/><E18/><V107/><F107/><W90/><G13/><T72/><D64/><U83/><E83/><V100/><F100/><W130/><G130/><T86/><D86/><U20/><E2/><V67/><F67/><N who="3" m="39303" /><G11/><T74/><D117/><U59/><E0/><V103/><F103/><W70/><G70/><T76/><D76/><N who="3" m="29257" /><G28/><T15/><D15/><U22/><E59/><V99/><F99/><W98/><G97/><T119/><D119/><U50/><E55/><V57/><F122/><W37/><G37/><T4/><D4/><AGARI ba="0,0" hai="4,8,14,24,26,90,92,98" m="29257,39303" machi="4" ten="30,1000,0" yaku="8,1" doraHai="115" who="3" fromWho="0" sc="250,-10,250,0,330,0,170,10" /><INIT seed="2,0,0,4,0,6" ten="240,250,330,180" oya="2" hai0="132,128,18,44,70,134,125,27,60,25,119,131,15" hai1="19,54,76,129,10,75,17,46,95,61,65,81,102" hai2="98,11,30,116,66,74,1,9,31,57,58,130,87" hai3="79,120,13,92,34,4,89,69,133,126,90,59,104"/><V121/><F121/><W101/><G120/><T35/><D70/><U64/><E129/><N who="0" m="49737" /><D60/><U111/><E111/><V20/><F130/><W42/><G69/><T2/><D44/><U118/><E118/><V55/><F74/><W22/><G34/><T91/><D91/><U135/><E135/><N who="0" m="51753" /><D2/><U23/><E102/><V38/><F1/><W7/><G89/><T84/><D84/><U45/><E95/><V40/><F38/><W47/><G133/><T115/><D115/><U88/><E88/><V8/><F40/><W49/><G101/><T43/><D43/><U97/><E97/><V68/><F68/><W0/><G0/><T51/><D51/><U28/><E46/><V109/><F109/><W100/><G79/><T112/><D112/><U3/><E45/><V21/><F116/><W67/><G100/><T32/><D119/><U48/><E48/><N who="2" m="30951" /><F98/><W124/><G104/><T16/><D125/><N who="3" m="48233" /><G67/><T56/><D56/><U113/><E113/><V85/><F66/><W99/><G59/><T94/><D94/><U122/><E65/><V106/><F58/><W77/><G77/><T86/><D86/><N who="2" m="32778" /><F106/><W53/><G42/><T72/><D72/><U41/><E41/><V78/><F78/><W52/><G53/><T71/><D71/><U50/><E54/><V123/><F123/><W110/><G110/><T33/><D18/><AGARI ba="0,0" hai="4,7,13,18,22,47,49,52,90,92,99" m="48233" machi="18" ten="30,2000,0" yaku="18,1,54,1" doraHai="6" who="3" fromWho="0" sc="240,-20,250,0,330,0,180,20" /><INIT seed="3,0,0,3,5,44" ten="220,250,330,200" oya="3" hai0="71,131,110,100,78,103,34,5,66,14,111,52,20" hai1="17,64,8,72,118,99,85,1,25,39,54,132,92" hai2="135,7,116,96,32,3,24,10,11,63,84,82,127" hai3="18,23,93,65,67,86,2,73,113,21,97,51,58"/><W4/><G113/><T90/><D34/><U62/><E72/><V83/><F116/><W123/><G73/><T94/><D78/><U117/><E39/><V42/><F135/><W102/><G123/><T81/><D81/><U16/><E85/><V22/><F32/><W30/><G2/><T109/><D131/><U15/><E132/><V57/><F127/><W27/><G4/><T106/><D106/><U70/><E1/><V133/><F133/><W68/><G68/><T33/><D33/><U36/><E36/><V46/><F96/><W40/><G86/><T41/><D41/><U89/><E54/><V130/><F130/><W38/><G38/><T87/><D66/><U12/><REACH who="1" step="1"/><E25/><REACH who="1" ten="220,240,330,200" step="2"/><V19/><F3/><W61/><G40/><T55/><D71/><U79/><E79/><V128/><F128/><W74/><G74/><T134/><D134/><U101/><E101/><V88/><F83/><W80/><G80/><T115/><D115/><U45/><E45/><V104/><F104/><W13/><G65/><T95/><D100/><U43/><E43/><V105/><F105/><W112/><G112/><T107/><D107/><U59/><E59/><V26/><F26/><W125/><G125/><T35/><D103/><U126/><E126/><V75/><F75/><W47/><G47/><T124/><D124/><U91/><E91/><V56/><F56/><W119/><G119/><T108/><D90/><U121/><E121/><V50/><F7/><W31/><G31/><T6/><D5/><U37/><E37/><V69/><F69/><W98/><G98/><T0/><D6/><RYUUKYOKU ba="0,1" sc="220,-30,240,10,330,10,200,10" hai1="8,12,15,16,17,62,64,70,89,92,99,117,118" hai2="10,11,19,22,24,42,46,50,57,63,82,84,88" hai3="13,18,21,23,27,30,51,58,61,67,93,97,102" /><INIT seed="3,1,1,0,3,108" ten="190,250,340,210" oya="3" hai0="8,75,65,14,74,34,121,9,128,38,45,85,129" hai1="122,66,32,82,88,78,126,68,86,125,42,81,33" hai2="130,80,127,35,50,25,24,132,70,27,61,3,22" hai3="100,2,40,48,103,11,69,55,94,71,4,19,97"/><W117/><G117/><T6/><D34/><U56/><E122/><V113/><F80/><W23/><G40/><N who="0" m="22679" /><D121/><U52/><E42/><V93/><F93/><W111/><G111/><T49/><D65/><U57/><E68/><V54/><F70/><W20/><G103/><T77/><D9/><U83/><E66/><V95/><F61/><W106/><G20/><T28/><D28/><U17/><E17/><V36/><F36/><W79/><G94/><T73/><D49/><N who="1" m="30735" /><E57/><V18/><F50/><W109/><G109/><T98/><D98/><U87/><E83/><V15/><F54/><W91/><G79/><T43/><D43/><U90/><E78/><V84/><F95/><W39/><G91/><T12/><D85/><U131/><E131/><N who="0" m="50249" /><D77/><U101/><E101/><V115/><F84/><W102/><G102/><T135/><D135/><U67/><E67/><V21/><F132/><W10/><G39/><T104/><D104/><U47/><E47/><V76/><F76/><W31/><G11/><T63/><D63/><U123/><E123/><V119/><F130/><W60/><G60/><T107/><D107/><U134/><E134/><V133/><F133/><W46/><G31/><T72/><N who="0" m="18944" /><DORA hai="118" /><T58/><D58/><U92/><E92/><V5/><F119/><W1/><G1/><AGARI ba="1,1" hai="1,6,8,12,14" m="18944,50249,22679" machi="1" ten="60,2000,0" yaku="19,1" doraHai="108,118" who="0" fromWho="3" sc="190,33,250,0,340,0,210,-23" /><INIT seed="4,0,0,3,0,60" ten="223,250,340,187" oya="0" hai0="86,130,100,77,58,59,34,85,57,26,22,81,10" hai1="7,95,38,20,62,73,36,115,3,61,69,9,37" hai2="104,123,16,46,5,12,109,70,90,40,18,19,91" hai3="41,42,55,101,87,0,133,89,45,118,122,79,24"/><T83/><D130/><U80/><E95/><V92/><F123/><W127/><G118/><T88/><D34/><U102/><E102/><V53/><F109/><W98/><G122/><T30/><D100/><U54/><E20/><V8/><F104/><W74/><G133/><T117/><D117/><U27/><E27/><V94/><F70/><W68/><G127/><T1/><D1/><U119/><E119/><V14/><F53/><W44/><G0/><T114/><D114/><U106/><E106/><V134/><F134/><W76/><G74/><T31/><REACH who="0" step="1"/><D10/><REACH who="0" ten="213,250,340,187" step="2"/><U103/><E103/><V50/><F14/><W28/><G101/><T11/><D11/><U39/><E115/><V84/><F5/><W99/><G79/><T108/><D108/><U48/><E9/><V78/><F78/><W4/><G76/><T33/><D33/><U21/><E7/><V125/><F125/><W135/><G4/><T17/><AGARI ba="0,1" hai="17,22,26,30,31,57,58,59,77,81,83,85,86,88" machi="17" ten="30,11700,0" yaku="1,1,0,1,8,1,54,1,53,0" doraHai="60" doraHaiUra="132" who="0" fromWho="0" sc="213,127,250,-39,340,-39,187,-39" /><INIT seed="4,1,0,4,2,119" ten="340,211,301,148" oya="0" hai0="26,118,88,57,44,61,5,111,22,30,83,54,84" hai1="103,95,113,39,6,68,128,72,108,19,102,32,133" hai2="49,21,52,58,33,129,117,104,18,69,2,3,23" hai3="94,16,9,38,105,123,20,29,78,63,17,65,40"/><T82/><D118/><U96/><E108/><V135/><F117/><W134/><G105/><T13/><D111/><U120/><E32/><V98/><F135/><W27/><G134/><T28/><D44/><U53/><E133/><V85/><F33/><W66/><G78/><T1/><D1/><U112/><E39/><V110/><F110/><W132/><G132/><T77/><D5/><U47/><E68/><V101/><F129/><W60/><G123/><T107/><D107/><U51/><E72/><V50/><F69/><W127/><G127/><T41/><D41/><U81/><E6/><V45/><F85/><W25/><G38/><T130/><D130/><U106/><E128/><V131/><F131/><W126/><G40/><T121/><D13/><U76/><E19/><V56/><F23/><N who="3" m="13543" /><G126/><T67/><D121/><U79/><E120/><V31/><F31/><W59/><G94/><T124/><D124/><U64/><E64/><N who="3" m="24682" /><G59/><T43/><D43/><U37/><E37/><V42/><REACH who="2" step="1"/><F58/><REACH who="2" ten="340,211,291,148" step="2"/><W116/><G116/><T55/><D30/><U24/><E113/><V80/><F80/><W12/><AGARI ba="1,1" hai="9,12,17,20,27,29,60,63" m="24682,13543" machi="12" ten="30,2000,0" yaku="8,1,54,1" doraHai="119" who="3" fromWho="3" sc="340,-11,211,-6,291,-6,148,33" /><INIT seed="5,0,0,3,1,54" ten="329,205,285,181" oya="1" hai0="91,55,40,107,2,119,57,92,67,66,23,100,101" hai1="75,97,108,61,128,16,90,72,109,86,38,4,85" hai2="71,77,117,12,118,88,114,99,89,135,60,18,81" hai3="74,39,103,34,9,56,131,121,43,87,115,122,36"/><U32/><E32/><V14/><F14/><W41/><G74/><T125/><D2/><U31/><E31/><V44/><F135/><W116/><G34/><T84/><D119/><U59/><E38/><N who="3" m="14378" /><G87/><T78/><D125/><U25/><E4/><V76/><F114/><W46/><G103/><N who="0" m="39499" /><D107/><U51/><E51/><V10/><F118/><W27/><G27/><T129/><D129/><U111/><E128/><V45/><F117/><W69/><G9/><T93/><D78/><N who="2" m="30314" /><F71/><W102/><G102/><T110/><D40/><N who="3" m="15433" /><G131/><T53/><D53/><N who="1" m="34031" /><E97/><V79/><F60/><W83/><G83/><N who="0" m="49567" /><D110/><N who="1" m="28163" /><U127/><DORA hai="104" /><E127/><V6/><N who="2" m="30322" /><V35/><DORA hai="21" /><F35/><W49/><G116/><T124/><D124/><U52/><E52/><V98/><F6/><W22/><G69/><T123/><D123/><U95/><E86/><N who="2" m="50255" /><F99/><W19/><G19/><T63/><D23/><AGARI ba="0,0" hai="16,23,25,72,75,85,90,95" m="28163,34031" machi="23" ten="40,18000,2" yaku="10,1,52,4,54,1" doraHai="54,104,21" who="1" fromWho="0" sc="329,-180,205,180,285,0,181,0" /><INIT seed="5,1,0,0,0,47" ten="149,385,285,181" oya="1" hai0="119,46,17,74,65,96,26,60,24,39,30,78,116" hai1="6,135,95,3,102,1,56,64,92,122,16,81,77" hai2="44,130,87,83,25,35,20,18,115,129,14,71,27" hai3="132,70,108,62,5,49,106,86,79,40,66,103,113"/><U97/><E122/><V32/><F71/><W34/><G108/><T12/><D96/><U128/><E128/><N who="2" m="49259" /><F83/><W19/><G132/><T94/><D94/><U22/><E135/><V118/><F87/><W98/><G113/><T84/><D74/><U36/><E36/><V45/><F45/><W31/><G5/><T109/><D109/><U110/><E110/><V133/><F44/><W55/><G40/><T91/><D78/><U0/><E95/><V101/><F101/><W29/><G19/><T125/><D125/><U82/><E6/><V89/><F89/><W4/><G4/><T58/><D46/><U13/><REACH who="1" step="1"/><E77/><REACH who="1" ten="149,375,285,181" step="2"/><V105/><F105/><W10/><G79/><T43/><D39/><U99/><E99/><V8/><F118/><W52/><G86/><T67/><D116/><U114/><E114/><V61/><F115/><W33/><G98/><T54/><D119/><U121/><E121/><V59/><F133/><W2/><G106/><T80/><D43/><U72/><E72/><V28/><F27/><N who="0" m="10282" /><D30/><U37/><E37/><V51/><F28/><W104/><G31/><T123/><D123/><U48/><E48/><V53/><F25/><N who="3" m="18607" /><G49/><T15/><D15/><U134/><E134/><V68/><F51/><W7/><G34/><T88/><D91/><U112/><E112/><V23/><F35/><W85/><G85/><T117/><D117/><U9/><E9/><AGARI ba="1,1" hai="9,12,17,54,58,60,65,67,80,84,88" m="10282" machi="9" ten="30,2000,0" yaku="8,1,54,1" doraHai="47" who="0" fromWho="1" sc="149,33,375,-23,285,0,181,0" /><INIT seed="6,0,0,3,4,23" ten="182,352,285,181" oya="2" hai0="107,85,37,49,11,125,12,65,86,47,21,75,99" hai1="120,74,129,29,94,26,104,100,32,109,8,43,9" hai2="89,69,66,122,90,102,115,53,14,44,10,72,34" hai3="39,113,15,48,121,126,78,4,50,22,133,27,1"/><V20/><F122/><W3/><G39/><T92/><D75/><U134/><E109/><V106/><F34/><W88/><G121/><T51/><D107/><U71/><E120/><V132/><F72/><W64/><G133/><T119/><D119/><U16/><E104/><V25/><F132/><W36/><G36/><T41/><D125/><U5/><E134/><V56/><F115/><W70/><G126/><T35/><D35/><U131/><E71/><V123/><F123/><W103/><G103/><T80/><D65/><U108/><E108/><V58/><F69/><W30/><G78/><T33/><D33/><U95/><E74/><V127/><F127/><W57/><G113/><T93/><D21/><U101/><E43/><V40/><F102/><N who="1" m="39529" /><E16/><N who="2" m="8279" /><F106/><W42/><G70/><T76/><D86/><U19/><E19/><N who="2" m="12447" /><F66/><W18/><G1/><T61/><D61/><U114/><E114/><V68/><F68/><W7/><G3/><T110/><D110/><U128/><E9/><V38/><F38/><W116/><G116/><T98/><D49/><U45/><E45/><V118/><F118/><W0/><G0/><AGARI ba="0,0" hai="0,5,8,26,29,32,94,95,128,129,131" m="39529" machi="0" ten="30,2000,0" yaku="19,1,52,1" doraHai="23" who="1" fromWho="3" sc="182,0,352,20,285,0,181,-20" /><INIT seed="7,0,0,3,0,94" ten="182,372,285,161" oya="3" hai0="21,2,51,71,34,103,133,79,104,86,29,90,97" hai1="55,69,96,17,39,54,43,30,76,3,111,45,88" hai2="64,60,12,114,62,72,99,132,68,11,108,41,61" hai3="65,44,52,80,126,113,48,57,58,82,13,74,33"/><W84/><G126/><T119/><D119/><U89/><E111/><V47/><F108/><W22/><G113/><T92/><D133/><U28/><E3/><V25/><F114/><W87/><G33/><T27/><D2/><U16/><E69/><V130/><F132/><W23/><G74/><T101/><D101/><U102/><E76/><V31/><F72/><W14/><G23/><T50/><D21/><U49/><E39/><V135/><F135/><W20/><G20/><T35/><D35/><U1/><E1/><V0/><F0/><W4/><G65/><T67/><D79/><U93/><E30/><V107/><F130/><W95/><G95/><T122/><D122/><U112/><E28/><V128/><F128/><W63/><G63/><AGARI ba="0,0" hai="27,29,34,50,51,63,67,71,86,90,92,97,103,104" machi="63" ten="40,5200,0" yaku="25,2,52,1" doraHai="94" who="0" fromWho="3" sc="182,52,372,0,285,0,161,-52" owari="234,-17.0,372,47.0,285,9.0,109,-39.0" /></mjloggm>