<mjloggm ver="2.3"><GO type="97" lobby="0"/><UN n0="%70%69%79%6F%72%69%6E" n1="%74%65%72%61%74%65%72%61" n2="%E3%83%88%E3%83%88%E3%83%AA%E5%85%88%E7%94%9F%31%39%E6%AD%B3" n3="%73%75%63%6B%65%72%32" dan="14,14,14,14" rate="1868.63,1975.99,2014.56,1935.05" sx="M,M,F,M"/><TAIKYOKU oya="0"/><INIT seed="0,0,0,4,5,120" ten="250,250,250,250" oya="0" hai0="122,66,73,77,61,78,50,97,74,95,37,19,15" hai1="93,28,130,11,121,39,119,100,88,112,22,117,33" hai2="110,46,59,82,3,85,70,36,69,52,133,12,58" hai3="116,14,113,124,45,105,43,131,102,17,64,7,47"/><T25/><D122/><U27/><E121/><V30/><F3/><W71/><G116/><T109/><D37/><U83/><E39/><V84/><F133/><W103/><G113/><T108/><D25/><U53/><E112/><V132/><F132/><W107/><G131/><T91/><D50/><U13/><E130/><V42/><F110/><N who="0" m="42602" /><D74/><U106/><E83/><V40/><F59/><W29/><G124/><T129/><D129/><U128/><E128/><V54/><F85/><W125/><G125/><T60/><D73/><U57/><E33/><V35/><F54/><W101/><G107/><T104/><D104/><U94/><E100/><V4/><F40/><W92/><G43/><T80/><D80/><U75/><E94/><V55/><F55/><W98/><G105/><T1/><D1/><U135/><E75/><V99/><F30/><W38/><G29/><T20/><D61/><U5/><E135/><V10/><F35/><W127/><G38/><T24/><D24/><U34/><E34/><V26/><F26/><W32/><G127/><T65/><D65/><U67/><E67/><V56/><F36/><W8/><G32/><T81/><D81/><U114/><E106/><V118/><F82/><W134/><G134/><T21/><D21/><U18/><E114/><V31/><F31/><W6/><G64/><T62/><D62/><N who="1" m="36143" /><E28/><V2/><F2/><W89/><G71/><AGARI ba="0,0" hai="15,19,20,60,66,71,77,78,91,95,97" m="42602" machi="71" ten="30,12000,1" yaku="14,1,10,1,52,3" doraHai="120" who="0" fromWho="3" sc="250,120,250,0,250,0,250,-120" /><INIT seed="0,1,0,5,0,66" ten="370,250,250,130" oya="0" hai0="130,41,88,59,48,46,32,45,10,1,115,67,121" hai1="80,57,23,9,55,53,98,12,131,97,112,15,38" hai2="26,47,18,13,104,60,78,105,110,68,95,22,125" hai3="44,87,86,61,29,4,5,111,93,30,33,114,117"/><T113/><D121/><U76/><E38/><V17/><F110/><W101/><G111/><T100/><D130/><U132/><E131/><V40/><F125/><W24/><G114/><T85/><D32/><U103/><E132/><V6/><F6/><W54/><G117/><T107/><D100/><U2/><E2/><V36/><F78/><W133/><G133/><T84/><D107/><U134/><E134/><V34/><F95/><W99/><G29/><T129/><D84/><N who="1" m="48135" /><E112/><V127/><F127/><W109/><G109/><T19/><D129/><U71/><E71/><V89/><F89/><W118/><G118/><T79/><D79/><U124/><E124/><V3/><F3/><W126/><G126/><T56/><D56/><U108/><E108/><V82/><F82/><W106/><G86/><T63/><D46/><U90/><E90/><V73/><F73/><W35/><G35/><T116/><D116/><U91/><E91/><V8/><REACH who="2" step="1"/><F34/><REACH who="2" ten="370,250,240,130" step="2"/><W72/><G72/><T31/><D1/><U102/><E102/><V69/><F69/><W43/><G106/><T83/><D115/><U21/><E103/><V25/><F25/><W14/><G87/><T92/><D113/><U27/><E27/><V128/><F128/><W75/><G75/><T62/><D83/><U37/><E98/><V52/><F52/><W65/><G54/><T16/><D67/><AGARI ba="1,1" hai="8,13,17,18,22,26,36,40,47,60,67,68,104,105" machi="67" ten="40,2600,0" yaku="1,1,52,1,53,0" doraHai="66" doraHaiUra="50" who="2" fromWho="0" sc="370,-29,250,0,240,39,130,0" /><INIT seed="1,0,0,5,2,26" ten="341,250,279,130" oya="1" hai0="56,34,59,10,1,13,94,129,33,67,82,89,103" hai1="77,42,111,76,88,91,24,71,30,126,52,16,130" hai2="23,51,120,99,35,122,45,63,5,9,104,19,127" hai3="28,70,73,60,128,133,12,0,90,43,39,65,84"/><U36/><E71/><V107/><F35/><W135/><G0/><T2/><D129/><U85/><E36/><V3/><F127/><W105/><G105/><T62/><D103/><U118/><E42/><V87/><F63/><W6/><G73/><T15/><D82/><U27/><E118/><V95/><F87/><W83/><G128/><T57/><D15/><U131/><E126/><V55/><F107/><W93/><G83/><T124/><D124/><U79/><E111/><V31/><F104/><W66/><G66/><T112/><D112/><U25/><E131/><V14/><REACH who="2" step="1"/><F31/><REACH who="2" ten="341,250,269,130" step="2"/><W86/><G86/><N who="0" m="52535" /><D34/><U58/><E130/><V75/><F75/><W49/><G28/><T134/><D33/><U106/><E106/><V81/><F81/><W11/><G39/><T64/><D62/><N who="1" m="36167" /><E30/><V125/><F125/><W18/><G6/><T46/><D67/><U101/><E101/><AGARI ba="0,1" hai="3,5,9,14,19,23,45,51,55,95,99,101,120,122" machi="101" ten="30,7700,0" yaku="1,1,7,1,53,2" doraHai="26" doraHaiUra="119" who="2" fromWho="1" sc="341,0,250,-77,269,87,130,0" /><INIT seed="2,0,0,2,2,79" ten="341,173,356,130" oya="2" hai0="50,95,83,42,48,39,8,106,9,67,57,114,120" hai1="123,12,77,52,126,122,76,93,116,56,134,127,133" hai2="109,92,60,51,107,75,22,21,3,40,26,6,74" hai3="31,0,35,2,27,119,73,118,100,129,108,23,112"/><V13/><F107/><W64/><G73/><T54/><D106/><U87/><E12/><V24/><F3/><W82/><G64/><T117/><D120/><N who="1" m="46123" /><E116/><V80/><F109/><W78/><G108/><T61/><D117/><U70/><E70/><V37/><F37/><W66/><G66/><T111/><D114/><U53/><E93/><V38/><F38/><W84/><G112/><T17/><D111/><U15/><E15/><V125/><F125/><N who="1" m="47625" /><E87/><V65/><F92/><W16/><G100/><T1/><D1/><U36/><E36/><V19/><F6/><W103/><G103/><T124/><D124/><U135/><E53/><V29/><F13/><W62/><G129/><T115/><D115/><U34/><E34/><V85/><F40/><W110/><G110/><T102/><D102/><U4/><E4/><V30/><F19/><W91/><G62/><T55/><D95/><U81/><E81/><V69/><F51/><AGARI ba="0,0" hai="51,52,56,76,77,133,134,135" m="47625,46123" machi="51" ten="40,8000,1" yaku="20,1,13,1,18,1,54,1" doraHai="79" who="1" fromWho="2" sc="341,0,173,80,356,-80,130,0" /><INIT seed="3,0,0,4,3,75" ten="341,253,276,130" oya="3" hai0="82,98,45,39,70,131,86,66,32,4,121,118,28" hai1="71,110,132,128,54,37,34,46,119,60,114,99,15" hai2="33,29,122,97,24,19,78,126,61,2,84,80,104" hai3="127,3,58,11,6,133,116,21,55,134,102,53,76"/><W42/><G116/><T36/><D131/><U135/><E34/><V40/><F126/><W67/><G127/><T90/><D4/><U41/><E99/><V23/><F122/><W124/><G124/><T101/><D121/><U109/><E15/><V94/><F2/><W62/><G102/><T47/><D45/><U120/><E120/><V56/><F104/><W52/><G42/><T83/><D83/><U77/><E77/><V63/><F40/><W5/><G5/><T25/><D47/><U74/><E74/><V44/><F44/><W49/><G49/><T117/><D117/><U96/><E96/><V112/><F112/><W0/><G0/><T103/><D103/><U129/><E119/><V106/><F106/><W43/><G43/><T50/><D50/><U81/><E81/><V72/><F72/><W95/><G95/><T100/><D100/><U9/><E9/><V10/><F33/><W130/><G130/><N who="1" m="50282" /><E114/><V12/><REACH who="2" step="1"/><F56/><REACH who="2" ten="341,253,266,130" step="2"/><W65/><G65/><T89/><D118/><U123/><E123/><V22/><F22/><W73/><REACH who="3" step="1"/><G21/><REACH who="3" ten="341,253,266,120" step="2"/><N who="0" m="15407" /><D39/><U92/><E92/><V85/><F85/><W48/><G48/><T38/><D36/><U18/><E18/><V91/><AGARI ba="0,2" hai="10,12,19,23,24,29,61,63,78,80,84,91,94,97" machi="91" ten="20,8000,1" yaku="1,1,0,1,7,1,8,1,52,1,53,0" doraHai="75" doraHaiUra="107" who="2" fromWho="2" sc="341,-20,253,-20,266,100,120,-40" owari="321,12.0,233,-17.0,366,47.0,80,-42.0" /></mjloggm>