<mjloggm ver="2.3"><GO type="41" lobby="0"/><UN n0="%68%61%73%75%6F%69%6B%65" n1="%E6%B7%AB%E8%A1%8C%E6%95%99%E5%B8%AB" n2="%74%74%79%6F%62%69%72%65" n3="%E5%B0%B1%E6%B4%BB%E7%94%9F%40%E5%B7%9D%E6%9D%91%E8%BB%8D%E5%9B%A3" dan="15,14,14,15" rate="2008.41,1896.54,1916.19,1968.61" sx="M,M,M,M"/><TAIKYOKU oya="0"/><INIT seed="0,0,0,3,4,21" ten="250,250,250,250" oya="0" hai0="8,35,38,72,31,60,126,76,131,122,70,106,132" hai1="33,123,87,23,28,119,43,5,121,52,104,40,36" hai2="130,42,3,24,107,68,117,58,71,44,88,1,85" hai3="116,51,92,54,0,90,65,111,59,39,73,15,89"/><T61/><RYUUKYOKU type="yao9" ba="0,0" sc="250,0,250,0,250,0,250,0" hai0="8,31,35,38,60,61,70,72,76,106,122,126,131,132" /><INIT seed="0,1,0,1,3,55" ten="250,250,250,250" oya="0" hai0="24,67,97,90,101,93,127,95,62,104,134,2,113" hai1="87,31,119,133,103,27,14,48,81,6,7,50,88" hai2="91,117,64,34,11,135,66,83,75,109,68,106,118" hai3="54,115,56,61,17,44,110,120,73,20,18,96,65"/><T92/><D113/><U46/><E119/><N who="2" m="45579" /><F106/><W82/><G115/><T122/><D122/><U19/><E103/><V63/><F109/><W123/><G110/><T32/><D2/><U85/><E85/><N who="2" m="50623" /><F34/><W94/><G73/><T28/><D134/><U114/><E133/><V77/><F135/><W124/><G124/><T121/><D127/><U5/><E114/><V132/><F132/><W41/><G82/><T45/><D45/><U22/><REACH who="1" step="1"/><E46/><REACH who="1" ten="250,240,250,250" step="2"/><V12/><F77/><W3/><G123/><T40/><D121/><U4/><N who="1" m="1536" /><DORA hai="42" /><U36/><E36/><V21/><F75/><W89/><G120/><T8/><D40/><U1/><E1/><V39/><F39/><W84/><G3/><T10/><REACH who="0" step="1"/><D90/><REACH who="0" ten="240,240,250,250" step="2"/><U105/><E105/><V86/><F68/><AGARI ba="1,2" hai="8,10,24,28,32,62,67,68,92,93,95,97,101,104" machi="68" ten="40,12000,1" yaku="1,1,2,1,25,2,53,0" doraHai="55,42" doraHaiUra="107,79" who="0" fromWho="2" sc="240,143,240,0,250,-123,250,0" /><INIT seed="0,2,0,2,0,74" ten="383,240,127,250" oya="0" hai0="49,25,10,85,36,128,71,91,48,15,35,4,121" hai1="18,26,64,27,56,124,30,65,102,119,17,109,95" hai2="97,52,112,20,123,2,7,14,37,68,61,23,130" hai3="51,24,41,1,39,83,40,60,125,98,103,69,63"/><T9/><D36/><U120/><E120/><V21/><F123/><W43/><G1/><T133/><D71/><U96/><E119/><V82/><F112/><W50/><G125/><T107/><D107/><U100/><E124/><V70/><F37/><W73/><G73/><T132/><D121/><U134/><E134/><N who="0" m="51817" /><D128/><U93/><E109/><V22/><F130/><W11/><G39/><T12/><D25/><U16/><E56/><V105/><F82/><W34/><G83/><N who="0" m="49599" /><D35/><U13/><E13/><V101/><F2/><W72/><G72/><T117/><D117/><U87/><E87/><V42/><F42/><W108/><G108/><T53/><D53/><U38/><E38/><V126/><F126/><W55/><G24/><T46/><D46/><U116/><E116/><V59/><N who="2" m="5632" /><DORA hai="3" /><V29/><REACH who="2" step="1"/><F29/><REACH who="2" ten="383,240,117,250" step="2"/><W114/><G41/><T67/><D67/><U76/><E30/><V31/><F31/><W62/><G43/><T8/><D8/><AGARI ba="2,1" hai="7,8,14,52,59,61,68,70,97,101,105" m="5632" machi="8" ten="50,8000,1" yaku="1,1,52,1,54,1,53,2" doraHai="74,3" doraHaiUra="57,99" who="2" fromWho="0" sc="383,-86,240,0,117,96,250,0" /><INIT seed="1,0,0,4,1,75" ten="297,240,213,250" oya="1" hai0="48,79,85,124,106,133,6,111,60,69,18,92,114" hai1="5,15,3,21,29,14,65,120,41,84,127,102,103" hai2="20,94,2,4,52,26,66,113,50,109,68,55,131" hai3="45,35,27,53,116,0,51,16,32,31,8,11,88"/><U78/><E120/><V34/><F113/><W54/><G116/><T36/><D114/><U33/><E127/><V91/><F34/><W49/><G35/><T126/><D36/><U122/><E122/><V105/><F105/><W62/><G0/><T90/><D106/><U73/><E73/><V46/><F131/><W43/><G62/><T101/><D101/><U57/><E41/><V98/><F109/><W119/><G119/><T82/><D111/><U115/><E115/><V47/><F66/><W132/><G132/><T130/><D133/><U110/><E110/><V104/><F68/><W25/><G43/><T135/><D135/><U74/><E74/><V96/><F104/><W95/><G27/><T12/><D6/><U72/><E72/><V134/><F2/><W112/><G16/><T108/><D108/><U67/><E33/><V118/><F4/><W9/><G112/><T44/><D130/><U23/><E3/><V10/><F10/><W13/><G13/><T97/><D60/><U56/><E5/><V71/><F71/><W89/><REACH who="3" step="1"/><G95/><REACH who="3" ten="297,240,213,240" step="2"/><T129/><D129/><U28/><E15/><V63/><F118/><W30/><G30/><T81/><D69/><U123/><E14/><V24/><F134/><W40/><G40/><T42/><D126/><U100/><E123/><V125/><F125/><W39/><G39/><T86/><D124/><U70/><E70/><V61/><F26/><W77/><G77/><N who="0" m="46255" /><D18/><U128/><E128/><V87/><F61/><W58/><AGARI ba="0,1" hai="8,9,11,25,31,32,45,49,51,53,54,58,88,89" machi="58" ten="30,4000,0" yaku="1,1,0,1,54,1,53,0" doraHai="75" doraHaiUra="1" who="3" fromWho="3" sc="297,-10,240,-20,213,-10,240,50" /><INIT seed="2,0,0,4,4,64" ten="287,220,203,290" oya="2" hai0="87,116,5,55,26,4,74,36,52,47,51,28,75" hai1="20,76,73,48,71,100,94,14,13,84,121,63,111" hai2="92,24,89,18,127,85,37,88,97,49,0,102,67" hai3="45,108,128,25,39,80,124,82,122,117,114,131,65"/><V77/><F37/><W58/><G82/><T6/><D36/><U106/><E121/><V7/><F127/><W129/><G80/><T109/><D109/><U72/><E111/><V11/><F49/><W56/><G25/><T38/><D38/><U115/><E115/><V57/><F77/><W41/><G108/><T22/><D116/><U19/><E106/><V34/><F85/><W3/><G3/><T61/><REACH who="0" step="1"/><D87/><REACH who="0" ten="277,220,203,290" step="2"/><U83/><E84/><V10/><F34/><W8/><G117/><T101/><D101/><U125/><E100/><V98/><F97/><W112/><G122/><T35/><D35/><U30/><E73/><V110/><F110/><W50/><G124/><T113/><D113/><N who="3" m="43625" /><G8/><T2/><D2/><U91/><E72/><V79/><F11/><W78/><G78/><T103/><D103/><U29/><E76/><V43/><F79/><W27/><G27/><T40/><D40/><U132/><E125/><V120/><F43/><W42/><G65/><T66/><D66/><U62/><E14/><V81/><F120/><W96/><G96/><T15/><D15/><U130/><E13/><V54/><F81/><W12/><G12/><T59/><AGARI ba="0,1" hai="4,5,6,22,26,28,47,51,52,55,59,61,74,75" machi="59" ten="30,4000,0" yaku="1,1,0,1,54,1,53,0" doraHai="64" doraHaiUra="135" who="0" fromWho="0" sc="277,50,220,-10,203,-20,290,-10" /><INIT seed="3,0,0,2,3,122" ten="327,210,183,280" oya="3" hai0="29,5,108,67,57,135,7,104,36,91,9,21,49" hai1="68,24,127,80,26,131,35,101,72,40,18,118,50" hai2="13,92,30,34,12,96,3,25,90,99,73,64,82" hai3="87,59,51,94,103,84,61,88,75,89,106,38,83"/><W44/><G38/><T109/><D104/><U55/><E40/><V107/><F3/><W120/><G120/><T86/><D36/><U126/><E68/><V69/><F73/><W114/><G114/><T117/><D117/><U42/><E42/><V125/><F82/><W76/><G106/><T56/><D135/><U47/><E101/><V58/><F58/><N who="0" m="22634" /><D67/><U129/><E118/><V39/><F39/><W112/><G112/><T41/><D29/><U98/><E98/><V37/><F37/><W78/><G103/><T113/><D113/><U52/><E55/><V85/><F125/><N who="1" m="47625" /><E18/><V95/><F85/><W4/><G4/><T97/><D21/><U102/><E102/><N who="2" m="62919" /><F95/><W28/><G28/><T77/><D77/><N who="1" m="44071" /><E35/><V53/><F53/><N who="3" m="29927" /><G75/><T115/><D97/><U22/><E22/><V70/><F70/><W71/><G71/><T63/><D63/><AGARI ba="0,0" hai="12,13,25,30,34,63,64,69,90,92,99" m="62919" machi="63" ten="30,1000,0" yaku="25,1" doraHai="122" who="2" fromWho="0" sc="327,-10,210,0,183,10,280,0" /><INIT seed="4,0,0,4,2,106" ten="317,210,193,280" oya="0" hai0="70,61,88,19,51,15,12,13,119,38,31,42,81" hai1="3,135,73,22,83,53,91,6,80,107,62,9,104" hai2="2,44,98,76,79,118,131,54,10,100,60,96,64" hai3="25,132,17,95,134,114,46,97,18,71,78,68,50"/><T41/><D119/><U56/><E135/><N who="3" m="51754" /><G78/><T57/><D70/><N who="3" m="26665" /><G25/><T133/><D38/><U117/><E117/><V75/><F118/><W113/><G95/><T115/><D133/><U5/><E5/><V32/><F32/><W99/><G50/><T72/><D31/><U110/><E110/><V1/><F79/><W90/><G46/><T36/><D36/><U125/><E125/><V102/><F44/><W74/><G90/><T55/><D115/><N who="3" m="44041" /><G74/><T14/><D72/><U16/><E83/><V66/><F76/><W65/><G65/><T11/><D51/><U86/><REACH who="1" step="1"/><E73/><REACH who="1" ten="317,200,193,280" step="2"/><V122/><F75/><W4/><G4/><T45/><D81/><U120/><E120/><V108/><F122/><W87/><G87/><T111/><D111/><U43/><E43/><V127/><F108/><W34/><G34/><T77/><D42/><U27/><AGARI ba="0,1" hai="3,6,9,16,22,27,53,56,62,80,86,91,104,107" machi="27" ten="20,8000,1" yaku="1,1,0,1,7,1,54,1,53,1" doraHai="106" doraHaiUra="33" who="1" fromWho="1" sc="317,-40,200,90,193,-20,280,-20" /><INIT seed="5,0,0,2,3,111" ten="277,290,173,260" oya="1" hai0="120,3,118,24,117,114,91,134,109,4,104,95,107" hai1="83,14,8,43,18,75,19,46,124,53,80,0,106" hai2="98,63,130,54,23,7,68,26,2,36,72,79,69" hai3="73,87,21,38,112,13,66,108,35,29,61,17,103"/><U55/><E106/><V93/><F36/><W45/><G73/><T88/><D109/><U64/><E64/><V40/><F130/><W6/><G108/><T30/><D134/><U85/><E124/><V101/><F40/><W27/><G103/><T129/><D129/><U62/><E83/><V41/><F41/><W123/><G38/><T116/><D120/><U42/><E42/><V12/><F2/><W50/><G123/><T126/><D126/><U100/><E100/><V84/><F72/><W16/><G6/><T25/><D114/><U113/><E113/><V94/><F12/><W96/><G96/><T90/><D95/><U99/><E99/><V125/><F7/><W89/><G17/><T58/><D58/><U105/><E105/><V74/><F125/><W115/><G50/><T81/><D81/><U51/><E62/><V20/><F74/><W11/><G45/><T71/><D71/><U1/><E75/><V67/><F54/><N who="1" m="20489" /><E1/><V102/><F69/><W59/><REACH who="3" step="1"/><G35/><REACH who="3" ten="277,290,173,250" step="2"/><T9/><REACH who="0" step="1"/><D25/><REACH who="0" ten="267,290,173,250" step="2"/><U48/><E0/><V47/><F26/><W33/><G33/><AGARI ba="0,2" hai="3,4,9,24,30,33,88,90,91,104,107,116,117,118" machi="33" ten="50,6400,0" yaku="1,1,2,1,54,1,53,0" doraHai="111" doraHaiUra="15" who="0" fromWho="3" sc="267,84,290,0,173,0,250,-64" /><INIT seed="6,0,0,1,3,16" ten="351,290,173,186" oya="2" hai0="3,95,117,6,122,57,19,68,94,114,34,104,115" hai1="85,66,69,35,63,79,47,107,32,73,2,108,39" hai2="52,62,31,127,43,101,28,90,80,25,125,91,29" hai3="74,92,22,124,30,111,17,72,75,119,65,51,86"/><V84/><F43/><W15/><G111/><T121/><D68/><U50/><E108/><V76/><F101/><W135/><G119/><T134/><D104/><U120/><E85/><V81/><F125/><W99/><G124/><T102/><D34/><U110/><E110/><V82/><F127/><W27/><G135/><T49/><D134/><U37/><E50/><V129/><F129/><W54/><G65/><T106/><D106/><U105/><E120/><V20/><F76/><W103/><G86/><T83/><D117/><U36/><E47/><V132/><F132/><W24/><REACH who="3" step="1"/><G30/><REACH who="3" ten="351,290,173,176" step="2"/><N who="2" m="11881" /><F84/><W23/><G23/><T7/><D122/><U126/><E126/><V48/><F62/><W70/><G70/><T53/><D121/><U55/><E35/><V59/><AGARI ba="0,1" hai="20,25,31,48,52,59,80,81,82,90,91" m="11881" machi="59" ten="30,6000,0" yaku="8,1,52,1,54,1" doraHai="16" who="2" fromWho="2" sc="351,-20,290,-20,173,70,176,-20" /><INIT seed="6,1,0,3,1,94" ten="331,270,243,156" oya="2" hai0="46,112,81,7,12,44,64,50,95,26,3,89,61" hai1="118,6,20,88,38,85,84,74,133,131,124,125,102" hai2="41,11,49,0,116,70,34,57,66,127,16,80,92" hai3="106,96,73,10,55,8,30,47,65,60,98,100,53"/><V83/><F116/><W56/><G73/><T19/><D112/><U78/><E38/><V25/><F127/><W15/><G30/><T135/><D135/><U22/><E6/><V52/><F34/><W45/><G10/><T62/><D81/><U13/><E118/><V40/><F0/><W91/><G47/><T128/><D26/><U48/><E48/><V104/><F104/><W134/><G134/><T32/><D32/><U43/><E43/><V9/><F9/><W72/><G72/><T97/><D128/><U31/><E133/><V122/><F122/><W117/><G117/><T103/><D7/><U14/><E131/><V82/><F70/><W5/><REACH who="3" step="1"/><G45/><REACH who="3" ten="331,270,243,146" step="2"/><T119/><D46/><U76/><E74/><V71/><F11/><W107/><G107/><T113/><D44/><U108/><E31/><V126/><F126/><W93/><AGARI ba="1,1" hai="5,8,15,53,55,56,60,65,91,93,96,98,100,106" machi="93" ten="30,7900,0" yaku="1,1,0,1,52,2,53,0" doraHai="94" doraHaiUra="27" who="3" fromWho="3" sc="331,-21,270,-21,243,-40,146,92" /><INIT seed="7,0,0,0,1,126" ten="310,249,203,238" oya="3" hai0="65,89,82,41,121,63,36,1,108,113,100,95,6" hai1="124,109,111,61,99,42,19,14,10,91,105,16,46" hai2="79,28,30,62,123,74,76,25,88,2,80,54,48" hai3="87,43,60,8,71,31,18,3,129,107,77,13,78"/><W98/><G129/><T27/><D108/><U53/><E124/><V59/><F123/><W5/><G43/><T44/><D121/><U12/><E61/><V66/><F2/><W120/><G31/><T22/><D100/><U45/><E53/><V118/><F118/><W52/><G120/><T122/><D82/><U127/><E127/><V102/><F102/><W47/><G107/><T40/><D40/><U51/><E46/><V114/><F114/><W131/><G131/><T110/><D110/><U133/><E133/><V70/><F76/><W4/><G98/><T7/><D1/><U55/><E42/><V26/><F28/><W58/><G71/><T125/><D113/><U29/><E29/><V64/><F30/><W96/><G96/><T37/><D37/><U56/><E56/><V15/><F66/><W90/><G47/><T117/><D117/><U69/><E69/><V83/><REACH who="2" step="1"/><F15/><REACH who="2" ten="310,249,193,238" step="2"/><W57/><G57/><T92/><D122/><U32/><E32/><V72/><F72/><W86/><G3/><T130/><D65/><U106/><E106/><V35/><F35/><W21/><G78/><T17/><D125/><U97/><E105/><V84/><AGARI ba="0,1" hai="25,26,48,54,59,62,64,70,74,79,80,83,84,88" machi="84" ten="30,7900,0" yaku="1,1,0,1,54,1,53,1" doraHai="126" doraHaiUra="67" who="2" fromWho="2" sc="310,-20,249,-20,193,89,238,-39" /><INIT seed="8,0,0,0,5,33" ten="290,229,282,199" oya="0" hai0="18,59,7,6,109,0,2,64,9,62,70,38,131" hai1="119,102,65,39,92,14,55,124,90,89,1,91,29" hai2="40,123,133,125,28,114,10,82,101,24,117,17,112" hai3="95,11,42,85,32,4,60,110,61,121,67,134,54"/><T69/><D38/><U113/><E39/><V81/><F123/><W8/><G110/><T105/><D105/><U73/><E73/><V63/><F40/><W99/><G121/><T23/><D131/><U128/><E128/><V80/><F101/><W104/><G32/><T5/><D109/><U25/><E65/><V77/><F125/><W45/><G104/><T19/><D19/><U36/><E36/><V106/><F106/><W51/><G134/><T97/><D97/><U84/><E124/><V12/><F117/><W96/><G42/><T56/><D70/><U86/><E119/><V68/><F133/><W74/><G74/><T87/><D87/><U48/><E14/><V31/><F77/><W21/><G21/><T53/><D9/><U50/><E1/><V49/><F49/><W35/><G35/><T122/><D122/><U66/><E66/><V20/><F68/><W72/><G72/><T132/><D132/><U130/><E130/><V43/><F43/><W127/><G127/><T100/><D100/><U26/><E113/><V107/><F107/><W30/><G30/><T52/><D69/><U44/><E50/><V111/><F111/><W46/><G46/><T93/><D93/><U75/><E75/><V71/><REACH who="2" step="1"/><F28/><REACH who="2" ten="290,229,272,199" step="2"/><W103/><G61/><T120/><D120/><U47/><E29/><V41/><F41/><W13/><G11/><T108/><D108/><U76/><E76/><V98/><F98/><N who="3" m="59871" /><G85/><N who="1" m="32874" /><E47/><V135/><F135/><W57/><AGARI ba="0,1" hai="4,8,13,45,51,54,57,60,67,96,99" m="59871" machi="57" ten="30,1100,0" yaku="8,1" doraHai="33" who="3" fromWho="3" sc="290,-5,229,-3,272,-3,199,21" /><INIT seed="9,0,0,1,0,13" ten="285,226,269,220" oya="1" hai0="33,5,110,78,131,6,126,57,69,92,45,59,65" hai1="3,96,34,4,118,53,37,133,58,56,63,115,125" hai2="120,93,114,109,9,22,105,49,50,94,43,102,134" hai3="95,116,81,79,132,84,88,2,104,74,36,51,122"/><U85/><E115/><V127/><F120/><W16/><G36/><T70/><D110/><U72/><E72/><V30/><F109/><W8/><G122/><T97/><D33/><U87/><E34/><V128/><F114/><W135/><G104/><T28/><D70/><U55/><E37/><V119/><F119/><W44/><G116/><T38/><D69/><U1/><E118/><V35/><F35/><W107/><G107/><T27/><D131/><U61/><E133/><N who="3" m="51274" /><G2/><T26/><D78/><U121/><E121/><V47/><F134/><W0/><G0/><T7/><D126/><U18/><E96/><V21/><F127/><W19/><G8/><T12/><D12/><U111/><E111/><V15/><F128/><W103/><G103/><T62/><D38/><U31/><E125/><V98/><F50/><W117/><G117/><T124/><D45/><U100/><E31/><V91/><F30/><W76/><G76/><T82/><D82/><U77/><E77/><V90/><F105/><W24/><G24/><N who="0" m="9259" /><D28/><U123/><E123/><V68/><F102/><W60/><G60/><T42/><D42/><AGARI ba="0,0" hai="16,19,42,44,51,74,79,81,84,88,95" m="51274" machi="42" ten="30,8000,1" yaku="20,1,52,2,54,2" doraHai="13" who="3" fromWho="0" sc="285,-80,226,0,269,0,220,80" owari="205,-29.0,226,-17.0,269,7.0,300,39.0" /></mjloggm>