<mjloggm ver="2.3"><GO type="169" lobby="0"/><UN n0="%E5%B7%9D%E6%9D%91%E6%99%83%E8%A3%95%EF%BC%88%E4%B8%A1%E6%96%B9%EF%BC%89" n1="%E5%B0%B1%E6%B4%BB%E7%94%9F%40%E5%B7%9D%E6%9D%91%E8%BB%8D%E5%9B%A3" n2="%E3%81%84%E3%82%82%E3%81%91%E3%82%93%70" n3="%E6%96%B0%E4%B8%96%E7%95%8C%E3%81%AE%E7%B4%99" dan="16,16,16,18" rate="2111.54,2056.22,2070.53,2216.43" sx="M,M,M,M"/><TAIKYOKU oya="0"/><INIT seed="0,0,0,5,4,93" ten="250,250,250,250" oya="0" hai0="24,115,80,38,1,101,62,135,50,102,66,3,10" hai1="47,36,60,77,56,110,54,97,121,75,84,124,18" hai2="92,126,43,53,48,72,98,49,31,37,100,125,78" hai3="20,73,108,6,76,32,123,130,35,61,14,86,46"/><T4/><D115/><U106/><E110/><V118/><F118/><W95/><G108/><T131/><D38/><U52/><E124/><N who="2" m="47723" /><F31/><W23/><G73/><T119/><D119/><U44/><E121/><V87/><F72/><W109/><G109/><T105/><D1/><U19/><E75/><V112/><F112/><W15/><G130/><T63/><D131/><U39/><E77/><V114/><F114/><W28/><G123/><T55/><D135/><U30/><E30/><V120/><F120/><W94/><G46/><N who="1" m="17450" /><E84/><V107/><F37/><N who="1" m="14409" /><E106/><V57/><F43/><W26/><G61/><T41/><D80/><U21/><E21/><V128/><F128/><W90/><G76/><T0/><D0/><U132/><E132/><V59/><F78/><W29/><G6/><T96/><D41/><U134/><E134/><V82/><F82/><W74/><G74/><T68/><D24/><U83/><E83/><V16/><F16/><N who="1" m="6185" /><E60/><V116/><F116/><W133/><G133/><T89/><D63/><U113/><E113/><V85/><F107/><W71/><G86/><T2/><D2/><U104/><E56/><V103/><F103/><W129/><G129/><T27/><D27/><U13/><E13/><V79/><F79/><W81/><G81/><T67/><D67/><U99/><E104/><V33/><F33/><W9/><G26/><T45/><REACH who="0" step="1"/><D105/><REACH who="0" ten="240,250,250,250" step="2"/><U11/><E11/><V88/><F59/><W127/><G127/><T17/><D17/><U91/><E91/><V5/><F88/><W69/><G90/><T117/><D117/><U70/><E70/><V65/><F65/><RYUUKYOKU ba="0,1" sc="240,10,250,10,250,-30,250,10" hai0="3,4,10,45,50,55,62,66,68,89,96,101,102" hai1="52,54,97,99" hai3="9,14,15,20,23,28,29,32,35,69,71,94,95" /><INIT seed="0,1,1,3,5,58" ten="250,260,220,260" oya="0" hai0="69,108,84,28,93,6,63,109,85,46,57,55,123" hai1="10,89,19,71,14,54,12,81,115,105,23,130,33" hai2="113,47,122,70,86,67,59,18,51,119,11,77,88" hai3="72,30,112,79,35,56,5,118,31,133,22,114,4"/><T135/><D123/><U116/><E33/><V83/><F70/><W40/><G40/><T97/><D135/><U99/><E116/><V66/><F122/><W111/><G56/><T42/><D69/><U13/><E115/><N who="3" m="44074" /><G79/><T15/><D28/><N who="3" m="10793" /><G72/><T17/><D6/><N who="3" m="2665" /><G118/><T26/><D26/><U80/><E71/><V62/><F113/><W49/><G49/><N who="0" m="26839" /><D97/><U98/><E105/><V101/><F119/><W38/><G38/><T9/><D93/><N who="1" m="56623" /><E99/><V91/><F101/><W60/><G60/><T27/><D27/><N who="1" m="14847" /><E10/><V16/><F66/><W21/><G35/><T50/><D50/><U41/><E41/><N who="2" m="25071" /><F11/><W102/><G102/><T126/><D126/><U129/><E54/><V34/><F34/><W7/><G133/><T134/><D134/><U8/><E8/><V94/><F77/><W76/><G76/><T29/><D29/><U3/><E3/><V95/><F95/><W52/><G52/><T65/><D55/><U100/><E100/><V43/><F43/><W120/><G120/><T124/><D124/><U24/><E24/><V128/><F128/><AGARI ba="1,1" hai="12,13,14,80,81,128,129,130" m="14847,56623" machi="128" ten="30,1000,0" yaku="19,1" doraHai="58" who="1" fromWho="2" sc="250,0,260,23,220,-13,260,0" /><INIT seed="1,0,0,4,5,96" ten="250,283,207,260" oya="1" hai0="40,0,115,23,22,20,130,134,104,93,107,16,103" hai1="66,110,2,69,129,39,12,67,42,116,37,117,112" hai2="11,70,60,31,28,68,55,3,72,46,118,32,10" hai3="71,114,94,131,95,41,91,100,83,113,36,6,38"/><U119/><E2/><V59/><F118/><W75/><G71/><T86/><D115/><N who="3" m="44041" /><G41/><T79/><D0/><U128/><E112/><V106/><F72/><W64/><G64/><N who="1" m="24618" /><E12/><V109/><F109/><W45/><G45/><T101/><D134/><U14/><E14/><V105/><F70/><W132/><G6/><T124/><D124/><U57/><E69/><V34/><F68/><W126/><G36/><N who="1" m="13898" /><E42/><V56/><F46/><W121/><G38/><T8/><D40/><U26/><E26/><V29/><F3/><W92/><G121/><T97/><D130/><N who="1" m="50283" /><E57/><V90/><F59/><W63/><G131/><T13/><REACH who="0" step="1"/><D103/><REACH who="0" ten="240,283,207,260" step="2"/><U25/><E25/><V78/><F34/><W19/><G100/><T99/><D99/><U122/><E110/><V48/><F32/><W127/><G132/><T81/><AGARI ba="0,1" hai="8,13,16,20,22,23,79,81,86,93,97,101,104,107" machi="81" ten="30,8000,1" yaku="1,1,0,1,52,1,54,1,53,1" doraHai="96" doraHaiUra="82" who="0" fromWho="0" sc="240,90,283,-40,207,-20,260,-20" /><INIT seed="2,0,0,3,1,88" ten="330,243,187,240" oya="2" hai0="123,66,115,18,87,11,3,129,128,111,96,26,85" hai1="2,121,119,110,32,51,75,81,77,93,105,116,131" hai2="78,0,74,133,100,13,86,101,61,76,124,103,69" hai3="47,6,14,16,31,106,91,36,132,79,17,44,50"/><V43/><F0/><W62/><G132/><T71/><D111/><U80/><E32/><V73/><F43/><W55/><G106/><T4/><D123/><U134/><E2/><V49/><F49/><W98/><G79/><N who="2" m="30249" /><F69/><W82/><G31/><T127/><D127/><U114/><E51/><V41/><F41/><W104/><G104/><T126/><D126/><U34/><E34/><V58/><F13/><W130/><G130/><N who="0" m="50283" /><D115/><U64/><E64/><V70/><F70/><W89/><G62/><N who="0" m="40407" /><D96/><U117/><E105/><V59/><F61/><W65/><G65/><T84/><D18/><N who="3" m="7273" /><G36/><T27/><AGARI ba="0,0" hai="3,4,11,26,27,84,85,87" m="40407,50283" machi="27" ten="40,1500,0" yaku="19,1" doraHai="88" who="0" fromWho="0" sc="330,15,243,-4,187,-7,240,-4" /><INIT seed="3,0,0,4,3,52" ten="345,239,180,236" oya="3" hai0="54,93,122,0,82,135,108,48,2,115,74,79,29" hai1="33,37,75,23,34,101,35,83,103,22,36,120,116" hai2="27,3,132,118,31,53,111,110,117,11,72,41,88" hai3="123,134,56,20,95,125,55,24,12,67,105,71,129"/><W47/><G105/><T7/><D122/><U91/><E120/><V28/><F72/><W80/><G123/><T45/><D108/><N who="2" m="41514" /><F41/><W43/><G125/><T38/><D135/><U59/><E116/><N who="2" m="44651" /><F132/><W98/><G134/><T62/><D115/><U26/><E75/><V17/><F53/><W99/><G129/><T77/><D77/><U133/><E133/><V61/><F61/><W46/><G67/><T14/><D38/><N who="1" m="14955" /><E26/><V66/><F66/><W86/><G71/><T100/><D29/><N who="2" m="11338" /><F88/><N who="3" m="51271" /><G12/><T113/><D54/><U68/><E91/><V102/><F102/><N who="1" m="38921" /><E68/><V63/><F63/><N who="3" m="36255" /><G43/><T121/><D14/><U109/><E109/><V65/><F65/><W1/><G1/><T87/><D0/><U32/><N who="1" m="8192" /><DORA hai="10" /><U42/><E42/><V30/><F3/><W25/><G95/><T39/><D93/><U16/><E16/><V90/><F17/><N who="3" m="12303" /><G25/><T130/><D2/><U21/><E83/><V51/><F90/><W97/><AGARI ba="0,0" hai="46,47,97,98,99" m="12303,36255,51271" machi="97" ten="30,6000,0" yaku="8,1,52,1,54,1" doraHai="52,10" who="3" fromWho="3" sc="345,-20,239,-20,180,-20,236,60" /><INIT seed="3,1,0,1,2,51" ten="325,219,160,296" oya="3" hai0="27,80,2,99,130,102,50,129,10,26,114,35,73" hai1="134,110,23,41,131,45,44,91,15,32,22,93,54" hai2="90,12,59,39,122,81,107,117,118,17,38,55,47" hai3="48,104,6,66,7,63,133,61,98,49,120,1,18"/><W28/><G120/><T95/><D114/><U84/><E32/><V16/><F107/><W30/><G133/><T58/><D2/><U56/><E134/><V4/><F122/><W103/><G18/><T24/><D10/><U96/><E131/><N who="0" m="50185" /><D35/><U46/><E110/><V11/><F39/><W60/><G66/><T111/><D111/><U62/><E41/><V82/><F38/><W43/><G1/><T94/><D95/><U76/><REACH who="1" step="1"/><E15/><REACH who="1" ten="325,209,160,296" step="2"/><V64/><F118/><W37/><G43/><T74/><D26/><U5/><E5/><V112/><F4/><W29/><G7/><T126/><D24/><U132/><E132/><V53/><F117/><W101/><G6/><T72/><D27/><U89/><E89/><V8/><F112/><W52/><G103/><T57/><D126/><U135/><E135/><V86/><F11/><W25/><G25/><T33/><D33/><U65/><E65/><V92/><F17/><W125/><G125/><T36/><D102/><U113/><E113/><V78/><F64/><W31/><G31/><T100/><D100/><U9/><E9/><V123/><F123/><W106/><G106/><T40/><D40/><U105/><E105/><V19/><F19/><W115/><G115/><T3/><D3/><U20/><E20/><V42/><F78/><W79/><G79/><T97/><D36/><U85/><E85/><V71/><F42/><W21/><G37/><T128/><D128/><U68/><E68/><V77/><F71/><W34/><G34/><T87/><D87/><U83/><AGARI ba="1,1" hai="22,23,44,45,46,54,56,62,76,83,84,91,93,96" machi="83" ten="30,7900,0" yaku="1,1,0,1,8,1,52,1,53,0" doraHai="51" doraHaiUra="0" who="1" fromWho="1" sc="325,-21,209,92,160,-21,296,-40" /><INIT seed="4,0,0,4,3,43" ten="304,301,139,256" oya="0" hai0="32,57,130,24,132,33,47,35,90,88,107,53,64" hai1="60,54,51,25,13,79,70,100,117,14,110,22,65" hai2="121,80,113,124,50,2,28,17,19,87,103,76,85" hai3="101,74,131,36,67,41,134,111,55,120,1,49,45"/><T98/><D130/><U31/><E110/><V104/><F121/><W9/><G111/><T118/><D118/><U94/><E117/><V126/><F2/><W119/><G119/><T38/><D132/><U75/><E75/><V7/><F7/><W52/><G134/><T29/><D64/><U46/><E79/><V82/><F113/><W95/><G131/><T135/><D135/><U127/><E127/><N who="2" m="48683" /><F28/><W39/><G120/><T105/><D38/><U93/><E100/><V106/><F50/><W123/><G123/><T63/><D47/><U125/><E125/><V128/><F128/><W18/><G74/><T66/><D53/><N who="3" m="20553" /><G1/><T21/><REACH who="0" step="1"/><D98/><REACH who="0" ten="294,301,139,256" step="2"/><U73/><E73/><V116/><F116/><W86/><G39/><T77/><D77/><U108/><E108/><V97/><F106/><AGARI ba="0,1" hai="21,24,29,32,33,35,57,63,66,88,90,105,106,107" machi="106" ten="50,4800,0" yaku="1,1,54,1,53,0" doraHai="43" doraHaiUra="109" who="0" fromWho="2" sc="294,58,301,0,139,-48,256,0" /><INIT seed="4,1,0,5,5,13" ten="352,301,91,256" oya="0" hai0="111,11,102,68,119,27,32,122,76,52,49,18,109" hai1="60,92,57,59,39,83,106,70,47,112,44,25,2" hai2="50,24,89,36,45,130,94,30,41,95,126,22,104" hai3="20,33,28,75,21,127,107,93,132,129,38,131,16"/><T86/><D119/><U8/><E106/><V37/><F130/><N who="3" m="49675" /><G107/><T79/><D68/><U116/><E116/><V97/><F126/><W61/><G38/><T10/><D122/><U67/><E83/><V123/><F123/><W73/><G127/><T103/><D32/><U31/><E112/><V125/><F104/><W135/><G33/><T118/><D118/><U77/><E77/><N who="0" m="29769" /><D86/><U53/><E92/><V40/><F125/><W55/><G93/><T78/><D78/><U3/><E8/><N who="0" m="3113" /><D18/><U74/><E74/><N who="3" m="28170" /><G21/><T82/><D27/><U100/><E100/><V81/><F81/><W133/><G28/><T134/><D134/><U99/><E25/><V85/><REACH who="2" step="1"/><F41/><REACH who="2" ten="352,301,81,256" step="2"/><W96/><G133/><T7/><D82/><U12/><E3/><V48/><F48/><W113/><G113/><T56/><D49/><U64/><E2/><V43/><F43/><W15/><G132/><T108/><D108/><U110/><E110/><V98/><F98/><W54/><G135/><T87/><D111/><U5/><E99/><V120/><F120/><W62/><G96/><T0/><D109/><U42/><E42/><V9/><F9/><W35/><G35/><T128/><D128/><U23/><E39/><V80/><F80/><W105/><G105/><T84/><D0/><U72/><E72/><V14/><F14/><W91/><G62/><N who="0" m="36103" /><D7/><U114/><E5/><V26/><F26/><W66/><G15/><T58/><D84/><U1/><E12/><V19/><F19/><W6/><G16/><T101/><D87/><U29/><E114/><V117/><F117/><W88/><G6/><RYUUKYOKU ba="1,1" sc="352,15,301,-15,81,15,256,-15" hai0="58,101,102,103" hai2="22,24,30,36,37,40,45,50,85,89,94,95,97" /><INIT seed="4,2,1,4,3,75" ten="367,286,96,241" oya="0" hai0="108,26,11,31,126,66,86,70,55,10,125,48,112" hai1="117,135,65,14,56,79,47,24,76,71,17,51,97" hai2="13,99,43,67,124,9,104,74,63,16,82,131,91" hai3="61,46,4,38,118,105,19,27,23,106,33,58,78"/><T72/><D72/><U120/><E135/><V30/><F124/><N who="0" m="47722" /><D112/><U94/><E71/><V77/><F131/><W32/><G118/><T85/><D108/><U40/><E24/><V20/><F43/><W132/><G132/><T96/><D96/><U121/><E117/><V1/><F30/><W111/><G111/><T28/><D66/><U128/><E128/><V69/><F91/><W21/><G4/><T110/><D28/><U122/><E56/><V6/><F99/><W134/><G134/><T89/><D70/><U8/><REACH who="1" step="1"/><E65/><REACH who="1" ten="367,276,96,241" step="2"/><V34/><REACH who="2" step="1"/><F104/><REACH who="2" ten="367,276,86,241" step="2"/><W90/><G105/><T80/><D110/><U129/><E129/><V41/><F41/><W102/><G106/><T5/><D31/><U88/><AGARI ba="2,3" hai="8,14,17,40,47,51,76,79,88,94,97,120,121,122" machi="88" ten="30,12000,2" yaku="1,1,0,1,52,2,54,1,53,1" doraHai="75" doraHaiUra="7" who="1" fromWho="1" sc="367,-62,276,156,86,-32,241,-32" /><INIT seed="5,0,0,1,2,82" ten="305,432,54,209" oya="1" hai0="51,127,55,113,29,34,87,17,128,3,21,38,41" hai1="66,102,0,20,126,9,28,67,75,121,43,124,31" hai2="53,118,4,111,6,62,116,48,1,88,24,86,68" hai3="71,115,78,133,103,11,49,85,35,105,44,79,18"/><U23/><E75/><V45/><F111/><W39/><G39/><T106/><D113/><U96/><E43/><V61/><F1/><W8/><G115/><T112/><D112/><U90/><E90/><V69/><F69/><W22/><G35/><T52/><D3/><U123/><E96/><V132/><F132/><W57/><G71/><T114/><D106/><U92/><E0/><V80/><F24/><W108/><G108/><T84/><D114/><U42/><E42/><V104/><F104/><W107/><G107/><T58/><D127/><N who="1" m="48683" /><E9/><V13/><F13/><W74/><G74/><T110/><D110/><U60/><E92/><V98/><F98/><W54/><G105/><T130/><D29/><N who="1" m="11339" /><E60/><V72/><F72/><W117/><G103/><T91/><D34/><U16/><E102/><V63/><REACH who="2" step="1"/><F68/><REACH who="2" ten="305,432,44,209" step="2"/><W97/><G97/><T101/><D101/><U10/><E10/><V32/><F32/><W100/><G133/><T65/><D128/><U109/><E109/><V2/><F2/><W14/><G100/><T30/><D130/><U50/><E23/><V83/><F83/><N who="3" m="47351" /><G11/><T135/><D135/><U125/><E125/><V81/><F81/><W131/><G131/><T129/><D129/><U70/><E70/><V59/><F59/><W26/><G57/><T27/><D58/><U77/><E123/><V73/><F73/><W93/><G93/><T99/><D99/><U33/><E20/><V25/><F25/><W5/><G8/><T36/><D27/><U12/><E33/><V19/><F19/><W47/><G26/><T119/><D17/><U120/><E121/><RYUUKYOKU ba="0,1" sc="305,-10,432,-10,44,30,209,-10" hai2="4,6,45,48,53,61,62,63,80,86,88,116,118" /><INIT seed="6,1,1,4,4,72" ten="295,422,74,199" oya="2" hai0="17,85,92,112,5,59,61,14,60,9,64,36,108" hai1="77,68,76,12,46,37,63,73,124,58,118,21,134" hai2="32,55,101,66,3,133,96,56,47,132,16,54,31" hai3="100,103,1,83,33,75,65,69,119,121,93,111,109"/><V90/><F3/><W67/><G1/><T18/><D36/><U22/><E73/><V131/><F131/><W79/><G33/><T98/><D108/><N who="3" m="41545" /><G69/><T110/><D110/><U8/><E68/><V120/><F120/><W70/><G70/><T123/><D112/><U97/><E118/><V84/><F32/><W102/><G67/><T125/><D125/><U91/><E37/><V130/><F31/><W41/><G65/><T44/><D123/><U116/><E46/><V29/><F29/><W20/><G20/><N who="1" m="7786" /><E134/><N who="2" m="51819" /><F130/><W49/><G49/><T0/><D61/><U52/><E124/><V135/><N who="2" m="51827" /><V13/><DORA hai="104" /><F47/><W28/><G41/><T81/><D44/><U87/><E97/><V106/><F66/><W107/><G28/><T4/><D4/><N who="1" m="3079" /><E116/><V89/><F56/><W39/><G39/><T45/><D45/><U40/><E40/><V114/><F114/><W35/><G35/><T82/><D0/><U129/><E129/><V11/><F90/><W122/><G119/><T25/><D25/><U57/><E57/><V42/><F42/><W50/><G50/><T86/><D59/><U48/><E48/><V126/><F126/><W19/><G121/><T128/><D128/><U34/><E34/><V71/><F71/><W113/><G122/><T6/><D64/><U115/><E115/><V105/><F105/><W43/><G113/><T15/><D60/><U80/><AGARI ba="1,1" hai="52,58,63,76,77,80,87,91" m="3079,7786" machi="80" ten="30,7900,0" yaku="8,1,52,2,54,1" doraHai="72,104" who="1" fromWho="1" sc="295,-21,422,92,74,-40,199,-21" /><INIT seed="7,0,0,4,0,45" ten="274,514,34,178" oya="3" hai0="94,71,48,107,129,7,5,69,33,108,77,46,84" hai1="115,36,34,55,82,135,100,4,123,91,119,31,64" hai2="65,14,0,74,8,103,132,75,57,86,99,70,37" hai3="96,27,58,124,3,54,39,117,83,79,90,63,134"/><W9/><G117/><T87/><D107/><U26/><E36/><V10/><F70/><W59/><G39/><T22/><D33/><U116/><E123/><V73/><F37/><W133/><G124/><T98/><D108/><U62/><E115/><V32/><F32/><W105/><G27/><T67/><D129/><U131/><E131/><V114/><F114/><W17/><G3/><T47/><D22/><U106/><E4/><V113/><F113/><W16/><G9/><T43/><D94/><U78/><E91/><V118/><F118/><W18/><G59/><T120/><D98/><N who="1" m="61719" /><E55/><V29/><F0/><W11/><G11/><T109/><D67/><U102/><E102/><V44/><F75/><W50/><G105/><T42/><D77/><U49/><E49/><V52/><F74/><N who="3" m="43511" /><G96/><T80/><D80/><U6/><E6/><V23/><F73/><W110/><G90/><T25/><D25/><U68/><E135/><N who="3" m="51722" /><G110/><T126/><D109/><U35/><E35/><V24/><F132/><W30/><G30/><T95/><D95/><U12/><E12/><V60/><F86/><AGARI ba="0,0" hai="26,31,34,62,64,68,78,82,86,116,119" m="61719" machi="86" ten="30,1000,0" yaku="25,1" doraHai="45" who="1" fromWho="2" sc="274,0,514,10,34,-10,178,0" owari="274,7.0,524,63.0,24,-48.0,178,-22.0" /></mjloggm>