<mjloggm ver="2.3"><GO type="97" lobby="0"/><UN n0="%E5%98%98%E3%81%AF%E7%BD%AA" n1="%E3%81%93%E3%82%8C%E3%81%AF%EF%BD%97%EF%BD%97%EF%BD%97" n2="%E5%B0%B1%E6%B4%BB%E7%94%9F%40%E5%B7%9D%E6%9D%91%E8%BB%8D%E5%9B%A3" n3="%E5%9B%A3%E9%95%B7%EF%BC%A0%E5%B7%9D%E6%9D%91%E8%BB%8D%E5%9B%A3" dan="14,15,15,13" rate="1955.59,1919.99,1996.25,1867.58" sx="M,M,M,M"/><TAIKYOKU oya="0"/><INIT seed="0,0,0,4,4,69" ten="250,250,250,250" oya="0" hai0="14,23,76,73,83,114,99,105,7,90,5,71,95" hai1="26,33,127,39,89,135,74,24,48,109,107,0,75" hai2="37,84,98,81,28,100,130,42,17,2,62,102,65" hai3="53,51,111,96,108,129,92,15,103,13,123,55,82"/><T115/><D71/><U131/><RYUUKYOKU type="yao9" ba="0,0" sc="250,0,250,0,250,0,250,0" hai1="0,24,26,33,39,48,74,75,89,107,109,127,131,135" /><INIT seed="0,1,0,0,3,86" ten="250,250,250,250" oya="0" hai0="112,1,88,24,55,9,134,63,29,122,8,130,44" hai1="60,11,35,105,49,87,98,28,38,52,68,51,3" hai2="81,19,118,25,77,37,7,76,6,22,27,31,84" hai3="132,102,36,10,62,4,104,66,16,65,93,95,67"/><T94/><D122/><U48/><E38/><V15/><F37/><W89/><G36/><T54/><D112/><U17/><E3/><V119/><F76/><W124/><G104/><T82/><D130/><U42/><E42/><V117/><REACH who="2" step="1"/><F25/><REACH who="2" ten="250,250,240,250" step="2"/><W110/><G110/><T96/><D134/><U113/><E113/><V13/><F13/><N who="3" m="5319" /><G132/><T20/><D1/><U46/><E46/><V75/><F75/><W129/><G129/><T92/><D44/><U40/><E40/><V50/><F50/><W126/><G124/><T115/><D115/><U47/><E49/><V41/><F41/><W121/><G126/><T57/><D55/><U101/><E48/><V30/><F30/><W99/><G121/><T39/><D39/><U21/><E51/><V123/><F123/><W59/><G16/><T135/><D135/><U83/><E28/><V111/><F111/><W116/><G116/><T14/><D14/><U12/><E47/><V33/><AGARI ba="1,1" hai="6,7,15,19,22,27,31,33,77,81,84,117,118,119" machi="33" ten="30,4000,0" yaku="1,1,0,1,12,1,53,0" doraHai="86" doraHaiUra="45" who="2" fromWho="2" sc="250,-21,250,-11,240,53,250,-11" /><INIT seed="1,0,0,4,4,127" ten="229,239,293,239" oya="1" hai0="26,81,40,57,20,4,53,96,97,38,129,101,131" hai1="89,109,28,74,117,68,0,100,25,71,54,107,39" hai2="27,2,77,62,98,78,83,46,56,64,91,75,17" hai3="133,23,99,90,16,36,21,116,130,41,61,63,122"/><U92/><E117/><V102/><F2/><W24/><G122/><T35/><D35/><U126/><E0/><V104/><F46/><W95/><G116/><T65/><D65/><U13/><E39/><V121/><F121/><W80/><G133/><T14/><D38/><U123/><E123/><V82/><F91/><W30/><G130/><N who="0" m="49675" /><D40/><U112/><E74/><V66/><F27/><W85/><G41/><T84/><D4/><U106/><E112/><V120/><F120/><W47/><G36/><T114/><D14/><U134/><E134/><V124/><F17/><W70/><G70/><T73/><D73/><U31/><E71/><V88/><F88/><N who="3" m="55783" /><G47/><T45/><D45/><U94/><E68/><V113/><F113/><W132/><G132/><T6/><D6/><U22/><E126/><V69/><F124/><W42/><G42/><T10/><D10/><U32/><E32/><V93/><F69/><W1/><G1/><T59/><D114/><U110/><E13/><AGARI ba="0,0" hai="13,16,21,23,24,30,61,63,80,85,90" m="55783" machi="13" ten="30,3900,0" yaku="8,1,54,2" doraHai="127" who="3" fromWho="1" sc="229,0,239,-39,293,0,239,39" /><INIT seed="2,0,0,2,1,36" ten="229,200,293,278" oya="2" hai0="54,8,56,111,96,99,0,119,85,125,82,132,13" hai1="25,108,120,60,35,91,16,63,83,87,118,88,52" hai2="76,48,122,43,84,3,39,34,95,78,81,23,28" hai3="89,68,62,59,19,112,40,130,102,98,110,92,31"/><V22/><F122/><W74/><G110/><T117/><D111/><U128/><E108/><V93/><F39/><W17/><G68/><T15/><D125/><U73/><E118/><V70/><F3/><W72/><G130/><T79/><D132/><U107/><E107/><V101/><F70/><W109/><G109/><T86/><D0/><U27/><E128/><V124/><F124/><W53/><G112/><T67/><D67/><U69/><E73/><V10/><F34/><W126/><G126/><T64/><D64/><U2/><E2/><V71/><F71/><W90/><G31/><T115/><D115/><U51/><E35/><V133/><F78/><W1/><G1/><T113/><D113/><U5/><E5/><V12/><F133/><W24/><G40/><T49/><D86/><N who="1" m="50271" /><E27/><N who="2" m="16503" /><F23/><N who="3" m="13423" /><G74/><T58/><D56/><N who="1" m="32799" /><E69/><V45/><F101/><W46/><G72/><T116/><REACH who="0" step="1"/><D13/><REACH who="0" ten="219,200,293,278" step="2"/><U26/><E120/><V121/><F121/><W42/><G19/><AGARI ba="0,1" hai="8,15,19,49,54,58,79,82,85,96,99,116,117,119" machi="19" ten="40,8000,1" yaku="1,1,2,1,12,1,53,1" doraHai="36" doraHaiUra="11" who="0" fromWho="3" sc="219,90,200,0,293,0,278,-80" /><AGARI ba="0,0" hai="10,12,19,43,45,48,76,81,84,93,95" m="16503" machi="19" ten="30,2900,0" yaku="8,1,52,1" doraHai="36" who="2" fromWho="3" sc="309,0,200,0,293,29,198,-29" /><INIT seed="2,1,0,5,2,74" ten="309,200,322,169" oya="2" hai0="44,53,18,95,135,61,57,65,115,55,9,103,82" hai1="71,20,83,54,14,17,75,13,133,39,4,48,29" hai2="64,8,70,116,32,23,87,69,94,128,73,100,111" hai3="52,63,126,81,22,72,130,93,5,91,11,92,79"/><V107/><F73/><W37/><G126/><T132/><D115/><U104/><E39/><V99/><F32/><W6/><G130/><T19/><D82/><U129/><E71/><V86/><F116/><W25/><G37/><T3/><D3/><U56/><E104/><V110/><F128/><W10/><G10/><T77/><D77/><U67/><E133/><N who="0" m="51273" /><D103/><U51/><E67/><V0/><F23/><W114/><G114/><T124/><D124/><U59/><E29/><V84/><F107/><W90/><G72/><T123/><D123/><U47/><E51/><V1/><F1/><W38/><G38/><T35/><D35/><U101/><E101/><V102/><F102/><W113/><G113/><T26/><D95/><N who="3" m="36425" /><G79/><T105/><D105/><U109/><E109/><N who="2" m="41483" /><F64/><W131/><G131/><T31/><D9/><U33/><E33/><V7/><AGARI ba="1,0" hai="0,7,8,69,70,84,86,87,94,99,100" m="41483" machi="7" ten="40,3900,0" yaku="14,1,10,1" doraHai="74" who="2" fromWho="2" sc="309,-14,200,-14,322,42,169,-14" /><INIT seed="2,2,0,0,3,115" ten="295,186,364,155" oya="2" hai0="116,30,13,118,12,23,86,81,51,63,97,69,130" hai1="66,17,109,48,111,4,128,101,22,11,32,57,129" hai2="7,78,42,28,47,123,124,5,2,14,108,59,72" hai3="6,95,71,106,27,20,82,29,89,135,134,80,75"/><V21/><F123/><W9/><G106/><T132/><D130/><N who="1" m="50283" /><E101/><V119/><F119/><N who="0" m="45610" /><D132/><N who="3" m="50729" /><G71/><T84/><D97/><U67/><E32/><V104/><F47/><W77/><G77/><N who="0" m="46127" /><D86/><U103/><E103/><V110/><F14/><N who="3" m="5431" /><G75/><T64/><D51/><U0/><E48/><V94/><F28/><W100/><G100/><T8/><D8/><U55/><E11/><V113/><F21/><W91/><G91/><T10/><D10/><U25/><E22/><V26/><F94/><W107/><G107/><T46/><D46/><U96/><E96/><AGARI ba="2,0" hai="20,27,29,80,82,89,95,96" m="5431,50729" machi="96" ten="30,1000,0" yaku="20,1" doraHai="115" who="3" fromWho="1" sc="295,0,186,-16,364,0,155,16" /><INIT seed="3,0,0,0,1,40" ten="295,170,364,171" oya="3" hai0="5,126,129,76,82,99,25,102,118,121,83,36,55" hai1="133,24,20,33,132,107,7,103,92,106,27,60,41" hai2="84,9,110,15,51,85,134,101,11,59,39,26,10" hai3="16,70,100,56,22,89,130,18,12,0,45,46,111"/><W62/><G0/><T79/><D118/><U66/><E41/><V108/><F39/><W135/><G70/><T2/><D36/><U93/><E33/><V58/><F134/><N who="1" m="51817" /><E7/><V81/><F101/><W104/><G135/><T44/><D121/><U74/><E74/><V52/><F26/><N who="1" m="9769" /><E20/><V19/><F59/><W31/><G130/><T75/><D129/><U87/><E87/><N who="2" m="33355" /><F81/><W21/><G111/><AGARI ba="0,0" hai="9,10,11,15,19,51,52,58,108,110,111" m="33355" machi="111" ten="30,2000,0" yaku="14,1,54,1" doraHai="40" who="2" fromWho="3" sc="295,0,170,0,364,20,171,-20" owari="295,10.0,170,-23.0,384,48.0,151,-35.0" /></mjloggm>