<mjloggm ver="2.3"><GO type="169" lobby="0"/><UN n0="%E3%82%AA%E3%82%AB%E3%83%AB%E3%83%88%E4%B8%80%E8%89%B2" n1="%E3%82%A6%E3%83%AB%E3%83%88%E3%83%A9%E7%AB%8B%E7%9B%B4" n2="%66%6F%6F%6C%5F%6B%65%79" n3="%2D%E7%81%BC%E7%86%B1%E3%83%8E%E6%B3%A2%E5%8B%95%2D" dan="16,16,16,16" rate="2035.42,2151.49,2090.40,2034.19" sx="M,M,M,M"/><TAIKYOKU oya="0"/><INIT seed="0,0,0,0,5,14" ten="250,250,250,250" oya="0" hai0="58,36,70,40,125,11,135,55,72,37,53,107,110" hai1="124,26,60,9,117,56,93,104,50,126,23,80,89" hai2="132,131,29,6,114,59,68,65,21,108,106,46,45" hai3="100,98,38,85,86,15,27,12,76,17,81,115,133"/><T48/><D107/><U129/><E104/><V118/><F29/><W105/><G38/><T82/><D70/><U0/><E117/><V19/><F6/><W83/><G133/><T84/><D72/><U64/><E129/><V94/><F106/><W101/><G115/><T87/><D135/><U47/><E80/><V1/><F1/><W119/><G119/><T39/><D125/><U71/><E71/><V32/><F32/><W90/><REACH who="3" step="1"/><G101/><REACH who="3" ten="250,250,250,240" step="2"/><T96/><D36/><U88/><E124/><V13/><F114/><W10/><G10/><T3/><D39/><U73/><E9/><V99/><F118/><W62/><G62/><T69/><D110/><U63/><E63/><N who="2" m="38143" /><F132/><W2/><G2/><T111/><D111/><U20/><E0/><V134/><F134/><W79/><G79/><T31/><D3/><U52/><E126/><V121/><F108/><W77/><G77/><T42/><D11/><U8/><E8/><V43/><F121/><W97/><G97/><T112/><D112/><U67/><E89/><N who="2" m="55759" /><F131/><W91/><G91/><T18/><D37/><U49/><E60/><V61/><F61/><W78/><G78/><T103/><D69/><U130/><E130/><V127/><F68/><W120/><G120/><T41/><D96/><U109/><E109/><V5/><F127/><W51/><G51/><T57/><D103/><U66/><E50/><N who="2" m="26943" /><F5/><W92/><G92/><T35/><D48/><U44/><E64/><V4/><F4/><W25/><G25/><N who="0" m="18927" /><D82/><U113/><E67/><V24/><F24/><W54/><G54/><T22/><D55/><N who="1" m="31855" /><E66/><V74/><F74/><RYUUKYOKU ba="0,1" sc="250,-15,250,-15,250,15,240,15" hai2="13,19,21,46" hai3="12,15,17,27,76,81,83,85,86,90,98,100,105" /><INIT seed="1,1,1,1,5,13" ten="235,235,265,255" oya="1" hai0="61,98,122,86,68,110,57,119,59,60,95,12,36" hai1="104,21,70,76,82,39,93,123,114,5,91,26,6" hai2="62,94,31,38,11,130,97,124,53,24,131,89,20" hai3="90,69,46,71,8,115,52,42,45,92,105,58,88"/><U44/><E123/><V48/><F38/><W77/><G115/><T103/><D119/><U0/><E114/><V67/><F124/><W128/><G128/><T41/><D122/><U15/><E104/><V78/><F78/><W43/><G105/><T126/><D126/><U7/><E70/><V74/><F74/><W117/><G77/><T63/><D110/><U111/><E0/><V29/><F11/><W85/><G8/><T127/><D127/><U47/><E111/><V96/><F31/><W2/><G2/><T4/><D68/><U109/><E15/><V33/><F33/><W49/><G117/><T50/><D36/><U84/><E39/><V64/><F97/><W25/><G25/><T51/><D86/><U118/><E109/><V16/><F29/><W27/><G27/><T100/><D100/><U79/><E79/><V10/><F10/><W121/><G121/><T54/><D41/><N who="3" m="15369" /><G71/><T32/><D32/><U9/><E9/><V55/><F55/><W30/><G30/><T108/><D108/><U113/><E113/><V17/><F17/><W107/><G107/><T19/><D4/><U87/><REACH who="1" step="1"/><E118/><REACH who="1" ten="235,225,265,255" step="2"/><V18/><F131/><W129/><G69/><T65/><D60/><U56/><E56/><N who="2" m="32807" /><F130/><W112/><G112/><T75/><D75/><U66/><E66/><N who="2" m="25131" /><F62/><W99/><G129/><T125/><D125/><U34/><E34/><V35/><F35/><W135/><G135/><T116/><D116/><U83/><E83/><AGARI ba="1,2" hai="45,46,49,52,58,83,85,88,90,92,99" m="15369" machi="83" ten="30,3900,0" yaku="8,1,54,2" doraHai="13" who="3" fromWho="1" sc="235,0,225,-42,265,0,255,62" /><INIT seed="2,0,0,0,0,132" ten="235,183,265,317" oya="2" hai0="72,67,28,6,43,61,118,79,123,3,95,91,22" hai1="119,30,127,49,115,75,25,133,58,66,20,51,131" hai2="52,111,34,62,11,76,122,33,82,59,36,85,19" hai3="9,32,57,1,29,65,2,46,7,42,89,84,101"/><V63/><F122/><W112/><G112/><T117/><D123/><U96/><E119/><N who="0" m="45577" /><D43/><U0/><E115/><V98/><F36/><W16/><G101/><T45/><D45/><U103/><E133/><V41/><F41/><W21/><G2/><T38/><D38/><U105/><E131/><V37/><F37/><W13/><G57/><T135/><D135/><U69/><E75/><V74/><F111/><W102/><G102/><T71/><D6/><U24/><E0/><V12/><F74/><W53/><G65/><T48/><D48/><U116/><E116/><V93/><REACH who="2" step="1"/><F63/><REACH who="2" ten="235,183,255,317" step="2"/><W54/><G42/><T92/><D61/><N who="1" m="40143" /><E51/><V23/><F23/><W126/><G32/><T129/><D22/><U87/><E49/><V110/><F110/><W81/><G21/><T77/><D72/><U73/><E73/><V47/><F47/><W40/><G46/><T108/><D108/><U86/><E24/><V60/><F60/><W78/><G40/><T124/><D129/><U64/><E20/><V50/><F50/><W27/><G9/><T8/><D8/><U70/><E25/><V39/><F39/><W15/><G27/><T35/><D35/><U88/><E30/><V56/><F56/><W55/><G29/><T18/><D28/><U130/><E58/><V80/><F80/><W90/><G81/><T134/><D134/><U114/><E130/><V26/><F26/><W121/><G121/><T14/><D71/><U109/><E70/><V10/><F10/><W5/><G5/><T94/><D67/><U83/><E64/><V106/><F106/><W125/><G7/><RYUUKYOKU ba="0,1" sc="235,-10,183,-10,255,30,317,-10" hai2="11,12,19,33,34,52,59,62,76,82,85,93,98" /><INIT seed="2,1,1,3,4,83" ten="225,173,285,307" oya="2" hai0="96,115,56,26,6,9,128,5,37,25,92,77,52" hai1="88,111,57,101,66,86,34,23,89,106,64,104,93" hai2="87,53,125,133,42,29,73,31,67,62,7,44,71" hai3="74,46,105,94,102,80,17,28,129,68,45,11,61"/><V79/><F73/><W99/><G129/><T121/><D115/><U50/><E34/><V13/><F125/><W18/><G28/><T82/><D121/><U51/><E111/><V14/><F133/><W107/><G68/><T10/><D37/><U21/><E101/><V127/><F127/><W43/><G61/><T24/><D128/><U118/><E118/><V90/><F79/><W59/><G59/><T132/><D132/><U76/><E76/><V69/><F69/><W122/><G45/><T130/><D130/><U20/><E106/><V41/><F53/><W27/><G122/><T135/><D135/><U110/><E104/><V100/><F100/><W72/><G107/><T65/><D65/><N who="1" m="25195" /><E110/><V91/><F91/><W48/><G105/><T4/><D82/><N who="1" m="49239" /><E57/><V134/><F134/><W95/><G95/><T120/><D77/><U55/><E55/><V84/><F71/><W2/><G27/><T49/><REACH who="0" step="1"/><D120/><REACH who="0" ten="215,173,285,307" step="2"/><U47/><E47/><V35/><F44/><W108/><G46/><T36/><D36/><U39/><E39/><V123/><F67/><W19/><G108/><T63/><D63/><U1/><E1/><V70/><F123/><W124/><G124/><T58/><D58/><U16/><E16/><V3/><F70/><W40/><G18/><T54/><D54/><U112/><E112/><V131/><F3/><W15/><G19/><T32/><D32/><U75/><E75/><V116/><F35/><W78/><G2/><T126/><D126/><U113/><E113/><V117/><F117/><W12/><G74/><T109/><D109/><U38/><E38/><RYUUKYOKU ba="1,2" sc="215,15,173,15,285,-15,307,-15" hai0="4,5,6,9,10,24,25,26,49,52,56,92,96" hai1="20,21,23,50,51,89,93" /><INIT seed="3,2,2,4,0,109" ten="230,188,270,292" oya="3" hai0="10,112,56,43,7,30,111,50,48,54,22,128,44" hai1="96,3,106,8,126,94,14,127,51,33,31,115,76" hai2="15,108,12,35,60,49,66,90,98,117,23,52,41" hai3="24,5,129,113,99,125,103,61,42,119,78,2,34"/><W122/><G122/><T83/><D111/><U11/><E106/><V101/><F35/><W92/><G119/><T32/><D32/><U72/><E3/><V71/><F117/><W9/><G129/><T86/><D128/><U70/><E70/><V104/><F108/><W68/><G113/><T100/><D100/><U16/><E115/><V82/><F23/><W114/><G114/><T26/><D112/><U121/><E121/><V57/><REACH who="2" step="1"/><F41/><REACH who="2" ten="230,188,260,292" step="2"/><W87/><G42/><T13/><D43/><U134/><E33/><V91/><F91/><W81/><G34/><T105/><D105/><U131/><E131/><V124/><F124/><N who="1" m="47657" /><E134/><V64/><F64/><W135/><G125/><T67/><D67/><U84/><E31/><V74/><F74/><W77/><G135/><T69/><D30/><U97/><E11/><V47/><F47/><W107/><G78/><T116/><D22/><U1/><E72/><V21/><F21/><W20/><G20/><T40/><D10/><U58/><E1/><V65/><F65/><W19/><G24/><T46/><D40/><U62/><E76/><V18/><F18/><W79/><G79/><T95/><D116/><U28/><E28/><V0/><F0/><W132/><G132/><T4/><D46/><U6/><E16/><V36/><F36/><W45/><G45/><T37/><D44/><U25/><E25/><V93/><F93/><W53/><G19/><T88/><D37/><U17/><E17/><V73/><F73/><W85/><G107/><T120/><D26/><U118/><E118/><V102/><F102/><W123/><G103/><RYUUKYOKU ba="2,3" sc="230,-10,188,-10,260,30,292,-10" hai2="12,15,49,52,57,60,66,71,82,90,98,101,104" /><INIT seed="4,3,3,4,5,57" ten="220,178,290,282" oya="0" hai0="13,37,80,111,72,119,130,63,39,125,128,45,25" hai1="55,113,22,30,83,95,91,105,27,70,117,84,42" hai2="21,2,79,67,40,51,121,41,23,116,120,96,53" hai3="104,106,31,115,19,133,48,61,17,123,34,81,50"/><T11/><D119/><U69/><E117/><V18/><F2/><W100/><G115/><T71/><D125/><U132/><E105/><V134/><F116/><W43/><G106/><T7/><D111/><U16/><E113/><V124/><F67/><W94/><G133/><T135/><D135/><U44/><E132/><V88/><F79/><W15/><G104/><T4/><D4/><U107/><E107/><V112/><F134/><W87/><G34/><T75/><D25/><U108/><E108/><V36/><F36/><N who="0" m="13898" /><D45/><U46/><E55/><V28/><F112/><W9/><G31/><T54/><D80/><U110/><E110/><V97/><F124/><W93/><G43/><N who="2" m="16457" /><F121/><W109/><G109/><T62/><D54/><U90/><E30/><V6/><F6/><W29/><G81/><T129/><D71/><U12/><E27/><N who="2" m="16511" /><F120/><W102/><G123/><T3/><D3/><U99/><E46/><N who="2" m="27895" /><F88/><N who="3" m="53407" /><G29/><T68/><D68/><U92/><E83/><V0/><F0/><W77/><G17/><T20/><D20/><U85/><REACH who="1" step="1"/><E99/><REACH who="1" ten="220,168,290,282" step="2"/><V76/><F76/><W127/><G127/><T33/><D33/><U101/><E101/><V32/><F32/><W118/><G118/><T59/><D59/><U73/><E73/><AGARI ba="3,4" hai="7,11,13,62,63,72,73,75,128,129,130" m="13898" machi="73" ten="40,7700,0" yaku="19,1,52,2" doraHai="57" who="0" fromWho="1" sc="220,126,168,-86,290,0,282,0" /><INIT seed="4,4,0,4,1,28" ten="346,82,290,282" oya="0" hai0="79,57,130,29,55,45,17,106,40,92,122,74,66" hai1="68,44,115,31,102,83,33,76,15,63,37,25,88" hai2="96,128,16,26,8,119,43,69,107,103,51,133,65" hai3="117,56,6,97,21,71,108,61,9,24,46,116,12"/><T99/><D122/><U18/><E115/><V124/><F128/><W72/><G72/><T110/><D130/><U42/><E102/><V126/><F133/><W70/><G108/><T23/><D110/><U135/><E135/><V20/><F119/><W11/><G46/><T35/><D106/><U75/><E68/><V13/><F51/><W36/><G36/><T93/><D66/><U52/><E88/><V3/><F3/><W38/><G38/><T10/><D10/><U100/><E100/><V34/><F43/><W64/><G117/><T101/><D74/><U81/><E83/><V121/><F121/><W30/><G116/><T78/><D92/><U39/><E39/><V14/><F14/><W125/><G125/><T105/><D105/><U0/><E0/><V1/><F1/><W48/><G48/><N who="0" m="26663" /><D35/><U59/><E15/><V85/><F85/><W112/><G112/><T49/><D29/><U118/><E118/><V77/><F77/><W94/><REACH who="3" step="1"/><G9/><REACH who="3" ten="346,82,290,272" step="2"/><T22/><D22/><U54/><REACH who="1" step="1"/><E18/><REACH who="1" ten="346,72,290,272" step="2"/><V127/><F127/><W132/><G132/><T5/><D17/><U60/><E60/><N who="2" m="40103" /><F8/><W62/><G62/><T120/><D120/><U82/><E82/><V58/><F124/><W19/><G19/><T41/><D49/><U73/><E73/><V113/><F126/><W123/><G123/><T50/><D50/><U89/><E89/><AGARI ba="4,2" hai="6,11,12,21,24,30,56,61,64,70,71,89,94,97" machi="89" ten="30,7700,0" yaku="1,1,7,1,53,2" doraHai="28" doraHaiUra="67" who="3" fromWho="1" sc="346,0,72,-89,290,0,272,109" owari="346,15.0,-17,-52.0,290,-11.0,381,48.0" /></mjloggm>