<mjloggm ver="2.3"><GO type="169" lobby="0"/><UN n0="%E3%81%95%E3%81%95%E3%81%95%E3%81%95" n1="%E3%82%A6%E3%83%AB%E3%83%88%E3%83%A9%E7%AB%8B%E7%9B%B4" n2="%64%75%72%72%72%72%72" n3="%E3%83%95%E3%83%AA%E3%83%86%E3%83%B3" dan="16,16,16,17" rate="2094.87,2106.84,2106.19,2113.89" sx="M,M,M,M"/><TAIKYOKU oya="0"/><INIT seed="0,0,0,3,1,77" ten="250,250,250,250" oya="0" hai0="12,79,47,104,2,125,66,42,92,131,9,97,72" hai1="27,76,37,15,103,90,80,105,0,61,134,41,68" hai2="67,29,88,110,6,89,124,127,98,118,115,112,36" hai3="24,135,56,17,58,114,44,113,102,10,101,8,94"/><T130/><D104/><U81/><E0/><V22/><F36/><W106/><G106/><T28/><D66/><U84/><E134/><V64/><F110/><W62/><G44/><T51/><D28/><U26/><E41/><V70/><F6/><W14/><G135/><T60/><D60/><U53/><E37/><V38/><F38/><W19/><G24/><T96/><D2/><U32/><E32/><V40/><F40/><W30/><G30/><T45/><D45/><U107/><E107/><V86/><F118/><W132/><G132/><T128/><D92/><U57/><E68/><V129/><F129/><W3/><G3/><T126/><D72/><U69/><E69/><V49/><F49/><W31/><G31/><T13/><D79/><U55/><E15/><N who="0" m="5705" /><D9/><U73/><REACH who="1" step="1"/><E55/><REACH who="1" ten="250,240,250,250" step="2"/><V133/><F70/><W71/><G14/><T87/><D128/><U35/><E35/><V34/><F34/><W111/><G71/><T121/><D130/><U109/><E109/><V65/><F65/><W1/><G1/><T85/><D131/><U33/><E33/><V46/><F64/><W74/><G111/><T75/><D42/><U122/><E122/><V59/><F67/><W11/><G11/><T93/><D121/><U16/><E16/><V91/><F133/><W23/><G23/><T4/><D4/><U5/><E5/><V123/><F22/><W21/><G21/><T63/><D125/><U18/><E18/><V78/><F29/><W117/><G10/><T54/><D126/><U99/><AGARI ba="0,1" hai="26,27,53,57,61,73,76,80,81,84,90,99,103,105" machi="99" ten="30,7900,0" yaku="1,1,0,1,52,2,53,0" doraHai="77" doraHaiUra="108" who="1" fromWho="1" sc="250,-39,240,89,250,-20,250,-20" /><INIT seed="1,0,0,2,2,116" ten="211,329,230,230" oya="1" hai0="118,70,41,60,63,61,50,53,100,52,20,112,78" hai1="62,34,122,134,5,126,132,74,107,36,29,17,27" hai2="13,31,131,109,58,123,130,82,127,44,51,114,11" hai3="69,121,55,65,12,14,85,102,71,22,104,0,15"/><U84/><E74/><V75/><F109/><W25/><G0/><T16/><D118/><U81/><E107/><V33/><F58/><W19/><G65/><T135/><D70/><U40/><E5/><V91/><F127/><W46/><G121/><T72/><D112/><U56/><E40/><V99/><F114/><W80/><G102/><T105/><D135/><N who="1" m="51755" /><E36/><V23/><F33/><W49/><REACH who="3" step="1"/><G104/><REACH who="3" ten="211,329,230,220" step="2"/><T2/><D2/><U119/><E119/><V28/><F130/><W101/><G101/><T92/><D105/><U3/><E3/><V38/><F123/><W95/><G95/><T18/><D100/><U24/><E122/><V10/><F131/><W48/><G48/><T42/><D92/><U30/><E126/><V32/><F51/><W115/><G115/><T39/><D39/><U103/><E103/><V113/><F38/><W59/><G59/><T76/><D50/><U6/><E56/><V37/><F37/><W21/><G21/><T93/><D93/><U64/><E64/><V89/><F23/><W120/><G120/><T97/><D20/><U66/><E66/><V35/><F35/><W98/><G98/><T87/><D97/><U77/><E62/><V1/><F32/><W90/><AGARI ba="0,1" hai="12,14,15,19,22,25,46,49,55,69,71,80,85,90" machi="90" ten="30,2000,0" yaku="1,1,0,1,53,0" doraHai="116" doraHaiUra="94" who="3" fromWho="3" sc="211,-5,329,-10,230,-5,220,30" /><INIT seed="2,0,0,4,0,74" ten="206,319,225,250" oya="2" hai0="125,46,100,41,54,135,39,60,101,132,48,124,9" hai1="127,102,49,10,107,92,6,11,47,3,7,42,13" hai2="15,44,86,34,97,117,24,23,113,38,50,51,72" hai3="56,118,77,131,19,88,122,96,29,130,85,67,129"/><V32/><F72/><W114/><G118/><T45/><D9/><U16/><E107/><V126/><F113/><W123/><G114/><T73/><D73/><U104/><E104/><V21/><F117/><W36/><G36/><T1/><D1/><U31/><E127/><N who="0" m="48713" /><D100/><U112/><E112/><V95/><F38/><W121/><G29/><T26/><D26/><U2/><E31/><V68/><F68/><W4/><G4/><T128/><D101/><U115/><E115/><V134/><F126/><W27/><G96/><T105/><D105/><U106/><E106/><V81/><F32/><W22/><G77/><T91/><D91/><U14/><E16/><N who="2" m="10399" /><F134/><N who="0" m="51242" /><D60/><U57/><E3/><V70/><F34/><W63/><G122/><T111/><D111/><U59/><E2/><V43/><F95/><AGARI ba="0,0" hai="19,22,27,56,63,67,85,88,95,121,123,129,130,131" machi="95" ten="40,2600,0" yaku="19,1,54,1" doraHai="74" who="3" fromWho="2" sc="206,0,319,0,225,-26,250,26" /><INIT seed="3,0,0,4,1,3" ten="206,319,199,276" oya="3" hai0="58,62,50,132,83,115,9,98,5,56,10,57,28" hai1="112,88,122,117,25,21,70,135,131,92,36,104,86" hai2="94,91,109,51,90,11,30,81,75,73,63,84,130" hai3="133,16,7,95,124,64,72,60,120,108,13,103,52"/><W20/><G120/><T55/><D115/><U26/><E70/><V24/><F109/><W14/><G72/><T40/><D10/><U123/><E36/><V126/><F130/><W0/><G0/><T53/><D28/><U134/><E104/><V39/><F39/><W113/><G113/><T125/><D125/><U97/><E112/><V34/><F126/><W22/><G124/><T41/><D57/><U111/><E111/><V78/><F90/><W18/><G108/><T77/><D98/><U19/><E131/><V31/><F31/><W93/><G133/><N who="1" m="50698" /><E117/><V17/><F63/><W42/><G42/><T89/><D89/><N who="1" m="55439" /><E26/><V49/><F73/><W1/><G103/><T66/><D132/><U33/><E33/><V116/><F116/><W99/><G99/><T44/><D66/><U100/><E100/><V127/><F127/><W82/><G82/><AGARI ba="0,0" hai="19,21,25,82,86,88,122,123" m="55439,50698" machi="82" ten="30,2000,0" yaku="20,1,54,1" doraHai="3" who="1" fromWho="3" sc="206,0,319,20,199,0,276,-20" /><INIT seed="4,0,0,4,3,97" ten="206,339,199,256" oya="0" hai0="78,43,23,45,19,87,126,122,59,9,22,120,69" hai1="99,15,83,82,41,56,34,27,58,85,51,135,96" hai2="40,105,90,63,92,124,132,118,38,91,11,98,42" hai3="107,57,32,64,39,17,30,7,14,84,24,129,29"/><T46/><D69/><U50/><E34/><V108/><F108/><W35/><G39/><T73/><D73/><U26/><E15/><V102/><F132/><W131/><G107/><T28/><D59/><U100/><E85/><V80/><F124/><W113/><G113/><T104/><D104/><U111/><E41/><V95/><F118/><W36/><G36/><T18/><D28/><N who="3" m="10857" /><G84/><T12/><D9/><U13/><E13/><V77/><F92/><W121/><G64/><T66/><D66/><U0/><E0/><V55/><F11/><N who="3" m="4479" /><G57/><T75/><D75/><U79/><E135/><V94/><F94/><W115/><G115/><T2/><D87/><U101/><E79/><V86/><F91/><W70/><G70/><T127/><D78/><U3/><E3/><V134/><F134/><W117/><G117/><T119/><D2/><U133/><E133/><V67/><F55/><W48/><G48/><T8/><D119/><U128/><E111/><V21/><F21/><N who="3" m="13359" /><G121/><T103/><D120/><U31/><E31/><V68/><F38/><W76/><G76/><T44/><D122/><U33/><E33/><AGARI ba="0,0" hai="32,33,35,129,131" m="13359,4479,10857" machi="33" ten="30,2000,0" yaku="34,2" doraHai="97" who="3" fromWho="1" sc="206,0,339,-20,199,0,256,20" /><INIT seed="5,0,0,5,1,17" ten="206,319,199,276" oya="1" hai0="71,121,43,87,34,127,86,65,124,110,1,118,13" hai1="42,108,70,105,132,90,19,20,5,80,130,83,72" hai2="84,131,85,4,12,93,45,2,59,119,47,135,92" hai3="99,10,77,50,78,35,51,117,79,7,24,120,36"/><U28/><E70/><V40/><F119/><W55/><G36/><T116/><D1/><U49/><E105/><V26/><F2/><W112/><G120/><T82/><D34/><U37/><E37/><V122/><F122/><W31/><G112/><T123/><D43/><U76/><E5/><V98/><F135/><W60/><G99/><T54/><D54/><U66/><E66/><V30/><F59/><W8/><G8/><T69/><D13/><U95/><E28/><V74/><F74/><W63/><G51/><T44/><D44/><U129/><E83/><V25/><F131/><N who="1" m="50185" /><E132/><V58/><F58/><W109/><G109/><T29/><D29/><U107/><E107/><V15/><F30/><W134/><G117/><T103/><D82/><U101/><E101/><V53/><F98/><W23/><G35/><T104/><D104/><U75/><E108/><V115/><F53/><W64/><G64/><T88/><D103/><U67/><E67/><V133/><F133/><W11/><G11/><T111/><D65/><U9/><E9/><V97/><F97/><W57/><REACH who="3" step="1"/><G134/><REACH who="3" ten="206,319,199,266" step="2"/><T52/><D111/><U126/><E49/><V48/><F48/><W41/><G41/><T16/><D110/><U91/><E42/><V73/><F40/><W27/><G27/><T0/><D118/><U106/><E106/><V128/><F128/><W113/><G113/><T61/><D116/><U56/><E56/><V114/><F4/><W68/><G68/><T94/><D121/><U33/><E33/><V38/><F38/><W46/><G46/><T125/><D123/><U39/><E39/><RYUUKYOKU ba="0,1" sc="206,-15,319,-15,199,15,266,15" hai2="12,15,25,26,45,47,73,84,85,92,93,114,115" hai3="7,10,23,24,31,50,55,57,60,63,77,78,79" /><INIT seed="6,1,1,4,1,54" ten="191,304,214,281" oya="2" hai0="124,93,104,57,95,119,92,22,121,33,18,67,128" hai1="71,8,80,1,19,84,126,14,116,49,76,64,100" hai2="120,131,68,34,85,11,114,125,122,69,127,9,12" hai3="91,6,47,118,110,31,123,79,134,20,7,83,75"/><V65/><F34/><W10/><G110/><T44/><D121/><U26/><E116/><V109/><F109/><W86/><G123/><N who="2" m="47145" /><F114/><W27/><G118/><T56/><D119/><U87/><E71/><N who="2" m="27211" /><F65/><W107/><G134/><T24/><D104/><U66/><E1/><V52/><F12/><W43/><G107/><T60/><D33/><U130/><E100/><V102/><F102/><W72/><G91/><T99/><D124/><N who="2" m="47690" /><F131/><W39/><G7/><T132/><D128/><U25/><E130/><V129/><F129/><W82/><G82/><T38/><D132/><U5/><E66/><V97/><F97/><W13/><AGARI ba="1,1" hai="6,10,13,20,27,31,39,43,47,72,75,79,83,86" machi="13" ten="20,1500,0" yaku="0,1,7,1" doraHai="54" who="3" fromWho="3" sc="191,-5,304,-5,214,-8,281,28" /><INIT seed="7,0,0,5,5,131" ten="186,299,206,309" oya="3" hai0="109,12,113,54,21,128,69,71,122,22,70,104,13" hai1="35,60,79,4,86,127,91,72,67,119,106,56,19" hai2="74,33,53,3,6,32,5,89,121,95,16,42,93" hai3="10,99,8,39,25,38,80,27,62,43,116,97,118"/><W133/><G133/><T112/><D128/><U82/><E35/><V105/><F105/><W0/><G62/><T111/><D104/><U98/><E4/><V92/><F74/><W9/><G80/><T11/><D54/><U34/><E34/><V134/><F33/><W75/><G43/><T46/><D46/><U77/><E127/><V68/><F32/><W125/><G75/><T88/><D88/><N who="1" m="51287" /><E72/><V40/><F68/><W29/><G29/><T26/><D122/><U31/><E31/><V114/><F3/><W41/><G41/><N who="2" m="15977" /><F114/><N who="0" m="44138" /><D26/><N who="3" m="9737" /><G0/><T45/><D45/><U20/><E106/><V115/><F134/><W15/><G15/><N who="0" m="5707" /><D11/><U52/><E52/><V66/><F53/><W59/><G125/><T85/><D85/><U57/><E119/><N who="3" m="45610" /><G59/><T28/><D28/><U96/><E57/><V78/><F95/><W23/><G23/><AGARI ba="0,0" hai="21,22,23,69,70,71,109,111" m="5707,44138" machi="23" ten="40,8000,1" yaku="28,2,15,1,11,1" doraHai="131" who="0" fromWho="3" sc="186,80,299,0,206,0,309,-80" /><INIT seed="8,0,0,3,0,19" ten="266,299,206,229" oya="0" hai0="132,121,31,50,46,45,92,43,23,68,60,11,59" hai1="62,58,116,13,130,80,72,119,102,123,125,95,47" hai2="39,109,4,84,26,97,93,33,120,52,110,35,30" hai3="66,76,63,36,37,8,9,104,42,28,105,57,101"/><T81/><D121/><U96/><E123/><V56/><F35/><W134/><G76/><T17/><D68/><U128/><E125/><V106/><F120/><W49/><G134/><T7/><D31/><U131/><E13/><V67/><F39/><W14/><G8/><T40/><D81/><U51/><E80/><V91/><F67/><W82/><G82/><T79/><D79/><U83/><E83/><V112/><F112/><W38/><G28/><T103/><D132/><U65/><E72/><V107/><F4/><W69/><G101/><T98/><D11/><U77/><E77/><V124/><F124/><W20/><G20/><T78/><D7/><U129/><E129/><V48/><REACH who="2" step="1"/><F97/><REACH who="2" ten="266,299,196,229" step="2"/><W90/><G36/><T133/><D133/><U12/><E130/><V71/><F71/><W1/><G37/><T41/><D78/><U6/><E128/><V135/><F135/><W122/><G122/><T100/><D98/><U29/><E131/><V111/><AGARI ba="0,1" hai="26,30,33,48,52,56,84,91,93,106,107,109,110,111" machi="111" ten="30,4000,0" yaku="1,1,0,1,54,1,53,0" doraHai="19" doraHaiUra="5" who="2" fromWho="2" sc="266,-20,299,-10,196,50,229,-10" /><INIT seed="9,0,0,1,0,90" ten="246,289,246,219" oya="1" hai0="93,109,7,14,8,56,30,70,127,65,28,125,91" hai1="52,47,20,80,68,112,95,22,79,119,13,37,42" hai2="4,16,1,120,50,121,36,27,67,106,43,94,26" hai3="87,55,9,133,32,39,41,38,113,86,114,99,53"/><U48/><E112/><V46/><F106/><W69/><G69/><T45/><D45/><U126/><E68/><V12/><F67/><W103/><G32/><T129/><D109/><U74/><E119/><V10/><F36/><W51/><G133/><T33/><D33/><U130/><E126/><N who="0" m="48137" /><D129/><U89/><E13/><V5/><F5/><W105/><G41/><T131/><D70/><U35/><E35/><V11/><REACH who="2" step="1"/><F94/><REACH who="2" ten="246,289,236,219" step="2"/><W84/><G39/><T17/><D65/><U96/><E130/><V3/><F3/><W83/><G38/><T24/><D131/><U60/><E60/><V108/><F108/><W97/><G113/><T102/><D93/><U73/><E73/><V21/><F21/><W25/><G114/><T29/><D7/><U59/><AGARI ba="0,1" hai="20,22,37,42,47,48,52,59,74,79,80,89,95,96" machi="59" ten="20,7800,0" yaku="0,1,7,1,52,1,54,1" doraHai="90" who="1" fromWho="1" sc="246,-26,289,88,236,-26,219,-26" owari="220,2.0,377,48.0,210,-19.0,193,-31.0" /></mjloggm>