<mjloggm ver="2.3"><GO type="97" lobby="0"/><UN n0="%E7%BE%8E%E6%B5%9C%E3%81%A1%E3%82%83%E3%82%93" n1="%E3%82%86%E3%81%86%E3%81%98%E3%81%98" n2="%E3%83%91%E3%83%8B%E3%82%AA" n3="%E5%B0%B1%E6%B4%BB%E7%94%9F%40%E5%B7%9D%E6%9D%91%E8%BB%8D%E5%9B%A3" dan="14,14,14,15" rate="2005.14,1925.40,1931.55,1993.61" sx="F,M,M,M"/><TAIKYOKU oya="0"/><INIT seed="0,0,0,1,5,89" ten="250,250,250,250" oya="0" hai0="47,57,14,107,128,48,74,19,80,73,51,10,76" hai1="4,123,75,11,24,64,94,87,18,0,6,82,60" hai2="81,39,33,129,44,38,23,62,120,119,90,63,21" hai3="116,105,9,71,125,56,93,5,88,35,12,65,92"/><T29/><D107/><U114/><E123/><V124/><F33/><W110/><G105/><T49/><D128/><U69/><E114/><V43/><F120/><W2/><G71/><T133/><D133/><U59/><E6/><V28/><F119/><W16/><G35/><T131/><D131/><U117/><E117/><V53/><F124/><W96/><G116/><T77/><D29/><U72/><E69/><V68/><F39/><W8/><G125/><T54/><REACH who="0" step="1"/><D47/><REACH who="0" ten="240,250,250,250" step="2"/><U132/><E132/><V109/><F129/><W25/><G110/><T22/><D22/><U84/><E24/><V42/><F109/><W30/><G25/><T130/><D130/><U102/><E18/><V98/><F28/><W46/><G46/><T66/><D66/><U34/><E34/><V118/><F44/><W3/><G30/><T111/><D111/><U41/><E41/><V79/><F43/><W97/><G65/><T112/><D112/><U126/><E126/><V40/><F42/><W100/><G56/><T86/><D86/><U36/><E87/><V55/><F40/><W13/><AGARI ba="0,1" hai="2,3,5,8,9,12,13,16,88,92,93,96,97,100" machi="13" ten="20,12000,2" yaku="0,1,7,1,52,2,54,2" doraHai="89" who="3" fromWho="3" sc="240,-60,250,-30,250,-30,250,130" /><INIT seed="1,0,0,5,5,32" ten="180,220,220,380" oya="1" hai0="132,106,90,10,14,59,74,86,96,98,35,2,120" hai1="70,83,93,92,27,20,104,52,71,8,51,88,68" hai2="54,65,114,89,28,12,5,29,0,108,82,34,22" hai3="49,44,48,112,107,23,72,58,53,124,129,84,61"/><U62/><E104/><V103/><F65/><W111/><G72/><T57/><D74/><U42/><E8/><N who="2" m="2087" /><F103/><W109/><G107/><T37/><D37/><U69/><E42/><V50/><F89/><W45/><G112/><T100/><D132/><U40/><E40/><V115/><F82/><W63/><G124/><T36/><D36/><U85/><E62/><V33/><F50/><W7/><G129/><T13/><D35/><N who="2" m="13322" /><F54/><W4/><G23/><T91/><D120/><U123/><E123/><V118/><F108/><N who="3" m="41547" /><G84/><T39/><D39/><U135/><E135/><V67/><F67/><N who="3" m="39351" /><G63/><T19/><D98/><U128/><E128/><V31/><F118/><W99/><G99/><T3/><D91/><U121/><E121/><V97/><F97/><W113/><G113/><T41/><D41/><AGARI ba="0,0" hai="4,7,41,44,45,48,49,53" m="39351,41547" machi="41" ten="30,1000,0" yaku="14,1" doraHai="32" who="3" fromWho="0" sc="180,-10,220,0,220,0,380,10" /><INIT seed="2,0,0,0,3,128" ten="170,220,220,390" oya="2" hai0="110,11,74,25,42,135,66,133,52,82,34,54,126" hai1="30,92,97,78,109,100,22,108,57,69,61,23,102" hai2="95,10,104,115,86,106,37,62,93,90,18,32,31" hai3="118,12,4,35,68,17,84,73,20,7,101,56,124"/><V96/><F37/><W27/><G68/><T64/><D42/><U26/><E69/><V53/><F115/><W5/><G73/><T40/><D40/><U132/><E78/><V63/><F32/><W125/><G118/><T41/><D41/><U59/><E22/><V99/><F31/><N who="3" m="19967" /><G101/><T46/><D11/><U130/><E102/><V67/><F53/><N who="0" m="20586" /><D46/><U72/><E72/><V28/><F28/><W6/><G84/><T49/><D49/><U44/><E44/><V113/><F86/><W120/><G56/><T71/><D71/><U123/><E57/><V65/><F113/><W119/><G119/><T77/><D110/><U129/><E123/><V48/><F48/><W21/><G120/><T85/><D85/><U112/><E112/><V116/><F116/><W14/><G7/><T8/><D8/><U39/><E39/><V98/><F10/><W47/><G47/><T94/><D94/><U43/><E43/><V76/><F76/><W70/><G70/><T107/><D107/><N who="2" m="41002" /><F18/><AGARI ba="0,0" hai="4,5,6,12,14,17,18,20,21,124,125" m="19967" machi="18" ten="30,2000,0" yaku="34,2" doraHai="128" who="3" fromWho="2" sc="170,0,220,0,220,-20,390,20" /><INIT seed="3,0,0,0,5,38" ten="170,220,200,410" oya="3" hai0="42,37,134,36,125,23,31,78,69,66,103,1,95" hai1="118,62,96,21,64,112,130,52,55,83,45,126,65" hai2="133,59,80,79,132,122,114,46,81,99,88,68,89" hai3="115,131,97,58,110,16,14,35,10,106,7,49,20"/><W116/><G35/><T0/><D125/><U74/><E112/><V92/><F68/><W101/><G116/><T67/><D134/><N who="2" m="51818" /><F59/><W87/><G115/><T25/><D37/><U57/><E126/><V119/><F46/><W102/><G102/><T29/><D29/><U109/><E118/><V82/><F119/><W50/><G110/><T94/><D78/><U111/><E130/><V117/><F117/><W73/><G73/><T32/><D23/><U120/><E120/><V51/><F51/><W3/><G131/><T98/><D95/><U123/><E123/><V63/><F63/><W15/><G58/><T22/><D22/><U54/><E64/><V47/><F47/><W11/><G87/><T48/><D48/><U135/><E135/><V60/><F60/><W104/><G104/><N who="0" m="63607" /><D67/><U70/><E70/><V91/><F122/><W77/><G77/><T30/><D94/><U61/><E61/><V108/><F108/><W19/><AGARI ba="0,0" hai="3,7,10,11,14,15,16,19,20,49,50,97,101,106" machi="19" ten="20,3900,0" yaku="0,1,7,1,54,1" doraHai="38" who="3" fromWho="3" sc="170,-13,220,-13,200,-13,410,39" owari="157,-34.0,207,1.0,187,-21.0,449,54.0" /></mjloggm>