<mjloggm ver="2.3"><GO type="169" lobby="0"/><UN n0="%E7%89%9B%E4%B8%BC%E5%A4%A7%E9%AD%94%E7%A5%9E" n1="%E5%B0%B1%E6%B4%BB%E7%94%9F%40%E5%B7%9D%E6%9D%91%E8%BB%8D%E5%9B%A3" n2="%EF%BC%AA%E3%81%AE%E3%83%86%E3%83%BC%E3%83%9E" n3="%E3%81%BE%E3%81%95%E3%81%A8%E3%81%97" dan="16,16,16,17" rate="2142.70,2017.74,2056.54,2133.20" sx="M,M,M,M"/><TAIKYOKU oya="0"/><INIT seed="0,0,0,2,3,122" ten="250,250,250,250" oya="0" hai0="79,90,131,39,110,27,62,100,102,14,135,12,7" hai1="121,31,125,73,94,120,33,36,86,85,70,44,92" hai2="47,82,118,18,59,43,116,65,52,34,8,24,40" hai3="104,20,80,10,81,6,95,32,115,113,9,130,127"/><T4/><D39/><U28/><E70/><V76/><F65/><W128/><G32/><T50/><D79/><U114/><E73/><V60/><F34/><W2/><G104/><T53/><D131/><N who="3" m="50217" /><G127/><T67/><D135/><U30/><E33/><V54/><F54/><W25/><G95/><T117/><D117/><N who="2" m="45162" /><F47/><W56/><G56/><N who="0" m="37319" /><D27/><U55/><E125/><V129/><F129/><W108/><G108/><T74/><D74/><U124/><E124/><V57/><F57/><W21/><G21/><T83/><D12/><U126/><E126/><V45/><F45/><W72/><G72/><T68/><D68/><U0/><E0/><V42/><F42/><W75/><G10/><N who="0" m="4423" /><D7/><U134/><E134/><V112/><F112/><N who="3" m="43083" /><G75/><T84/><D110/><U105/><E105/><V106/><F106/><W103/><G103/><T26/><D26/><U58/><E114/><V11/><F11/><W71/><G71/><T101/><D101/><U99/><E120/><V16/><F8/><W19/><AGARI ba="0,0" hai="2,6,9,19,20,25,80,81" m="43083,50217" machi="19" ten="30,1100,0" yaku="19,1" doraHai="122" who="3" fromWho="3" sc="250,-5,250,-3,250,-3,250,11" /><INIT seed="1,0,0,1,2,64" ten="245,247,247,261" oya="1" hai0="76,19,55,95,42,44,103,5,4,56,99,107,63" hai1="112,123,77,36,21,114,97,89,65,23,61,29,8" hai2="38,0,96,70,49,83,47,11,74,132,51,72,53" hai3="129,104,26,94,91,130,12,6,69,127,43,126,37"/><U78/><E123/><V25/><F132/><W10/><G104/><T115/><D115/><U81/><E36/><V86/><F38/><W100/><G100/><T119/><D119/><U106/><E112/><V105/><F105/><W62/><G26/><T17/><D76/><U92/><E114/><V125/><F125/><N who="3" m="47627" /><G43/><T14/><D107/><U40/><E40/><V87/><F87/><N who="3" m="52607" /><G37/><T41/><D19/><U90/><E106/><V24/><F74/><W58/><G69/><T39/><REACH who="0" step="1"/><D42/><REACH who="0" ten="235,247,247,261" step="2"/><U84/><E29/><V35/><F72/><W75/><G75/><T101/><D101/><U80/><E78/><V15/><F25/><W22/><G130/><T66/><D66/><U111/><E111/><V135/><F24/><W85/><G129/><T57/><D57/><U133/><E133/><V46/><F135/><W54/><G58/><T109/><D109/><U48/><E77/><V88/><F53/><W113/><G113/><T16/><D16/><U27/><E27/><V67/><F67/><W122/><G122/><T124/><D124/><U131/><E131/><V128/><F128/><W32/><G6/><T110/><D110/><U102/><E65/><V79/><F79/><W59/><G59/><T28/><D28/><U7/><E102/><V13/><F47/><W98/><G54/><T116/><D116/><U108/><E108/><V117/><F46/><W20/><G10/><AGARI ba="0,1" hai="4,5,10,14,17,39,41,44,55,56,63,95,99,103" machi="10" ten="30,2000,0" yaku="1,1,7,1,53,0" doraHai="64" doraHaiUra="33" who="0" fromWho="3" sc="235,30,247,0,247,0,261,-20" /><INIT seed="2,0,0,2,2,75" ten="265,247,247,241" oya="2" hai0="90,52,33,92,38,69,25,121,62,101,67,57,116" hai1="109,30,47,41,104,6,73,65,26,5,131,124,35" hai2="96,88,9,79,105,87,18,122,84,107,108,129,117" hai3="4,43,3,59,1,10,46,60,14,110,15,23,48"/><V21/><F122/><W91/><G110/><T114/><D121/><U99/><E109/><V61/><F117/><W120/><G120/><T16/><D38/><U49/><E131/><V93/><F108/><W53/><G15/><T125/><D125/><U39/><E124/><V78/><F129/><W128/><G128/><T98/><D114/><U111/><E111/><V97/><F9/><W126/><G126/><T36/><D36/><U56/><E73/><V112/><F112/><W31/><G31/><T119/><D101/><U0/><E0/><V22/><F61/><W20/><G3/><T55/><D33/><U42/><E42/><V123/><F123/><W118/><G118/><N who="0" m="45099" /><D69/><U94/><E104/><V134/><F134/><W76/><G1/><T70/><D70/><U74/><E74/><V63/><F63/><W80/><REACH who="3" step="1"/><G91/><REACH who="3" ten="265,247,247,231" step="2"/><T58/><D90/><U51/><E6/><V24/><F88/><W34/><G34/><T135/><D135/><U12/><E5/><V32/><F32/><W77/><G77/><T19/><D25/><U95/><E12/><V64/><F24/><W17/><G17/><T50/><D67/><U103/><E26/><V11/><F64/><W130/><G130/><T13/><D13/><U100/><E35/><V37/><F18/><W27/><G27/><T85/><D16/><U28/><E28/><V132/><F132/><W40/><G40/><T44/><D19/><U45/><E30/><V127/><F127/><W106/><G106/><T68/><D68/><U89/><E41/><V83/><F107/><W66/><G66/><T54/><D54/><RYUUKYOKU ba="0,1" sc="265,-10,247,-10,247,-10,231,30" hai3="4,10,14,20,23,43,46,48,53,59,60,76,80" /><INIT seed="3,1,1,5,2,12" ten="255,237,237,261" oya="3" hai0="63,66,130,46,107,91,78,122,5,86,98,112,85" hai1="35,88,82,4,113,90,69,38,1,49,80,19,41" hai2="18,60,11,135,59,39,116,93,83,125,8,21,75" hai3="108,7,68,34,72,89,70,106,53,33,25,40,62"/><W47/><G106/><T24/><D122/><U96/><E113/><V76/><F116/><W74/><G7/><T57/><D112/><U105/><E38/><V61/><F39/><W119/><G119/><T0/><D130/><U10/><E69/><V31/><F135/><W65/><G68/><T9/><D78/><U110/><E35/><V15/><F31/><W77/><G108/><T51/><D24/><U26/><E110/><V117/><F117/><W14/><G14/><T104/><D98/><U52/><E41/><V32/><F32/><W56/><G89/><T81/><REACH who="0" step="1"/><D85/><REACH who="0" ten="245,237,237,261" step="2"/><U6/><E105/><V102/><F125/><W22/><G72/><T120/><D120/><U44/><E96/><V101/><F76/><W17/><G77/><T43/><AGARI ba="1,2" hai="0,5,9,43,46,51,57,63,66,81,86,91,104,107" machi="43" ten="20,2700,0" yaku="1,1,0,1,7,1,53,0" doraHai="12" doraHaiUra="99" who="0" fromWho="0" sc="245,50,237,-8,237,-8,261,-14" /><INIT seed="4,0,0,4,5,31" ten="295,229,229,247" oya="0" hai0="50,46,72,92,75,100,41,38,20,48,120,30,81" hai1="45,107,22,13,117,21,77,102,55,134,93,129,56" hai2="58,115,19,66,36,90,57,125,5,16,82,23,10" hai3="133,88,35,69,83,108,1,63,94,87,11,123,43"/><T104/><D120/><U27/><E117/><V44/><F125/><W105/><G105/><T33/><D104/><U53/><E129/><V110/><F110/><W127/><G108/><T2/><D2/><U109/><E109/><V121/><F121/><W28/><G123/><T26/><D20/><U0/><E0/><V95/><F115/><W78/><G127/><T15/><D15/><U64/><E134/><V96/><F19/><W59/><G133/><T128/><D128/><U54/><E107/><V8/><F66/><W101/><G43/><T70/><D70/><U80/><E45/><V32/><F32/><W71/><G101/><T89/><D100/><U130/><E130/><V34/><F34/><W131/><G131/><T97/><REACH who="0" step="1"/><D75/><REACH who="0" ten="285,229,229,247" step="2"/><U116/><E13/><V42/><F10/><W122/><G11/><T18/><D18/><U85/><E116/><V40/><F23/><W49/><G1/><T12/><D12/><U124/><E124/><V6/><F8/><W37/><G122/><T76/><AGARI ba="0,1" hai="26,30,33,38,41,46,48,50,72,76,81,89,92,97" machi="76" ten="30,11700,0" yaku="1,1,0,1,52,1,53,1" doraHai="31" doraHaiUra="73" who="0" fromWho="0" sc="285,127,229,-39,229,-39,247,-39" /><INIT seed="4,1,0,4,3,91" ten="412,190,190,208" oya="0" hai0="54,21,50,83,31,30,60,114,72,86,116,53,43" hai1="28,11,104,128,107,77,24,51,70,4,89,69,73" hai2="37,65,92,66,47,108,23,79,57,32,45,39,132" hai3="33,134,1,101,67,97,129,13,127,124,19,122,63"/><T64/><D116/><U68/><E128/><V120/><F32/><W18/><G1/><T113/><D72/><U80/><E51/><V110/><F120/><W105/><G122/><T84/><D43/><U49/><E49/><V118/><F118/><W6/><G33/><T9/><D9/><U81/><E89/><V34/><F34/><W135/><G6/><T15/><D15/><U62/><E81/><V58/><F79/><W36/><G36/><T35/><D35/><U5/><E5/><V93/><REACH who="2" step="1"/><F23/><REACH who="2" ten="412,190,180,208" step="2"/><N who="3" m="11727" /><G129/><T71/><D21/><U95/><E104/><V78/><F78/><W42/><G134/><AGARI ba="1,1" hai="37,39,45,47,57,58,65,66,92,93,108,110,132,134" machi="134" ten="25,8000,1" yaku="1,1,22,2,52,2,53,0" doraHai="91" doraHaiUra="100" who="2" fromWho="3" sc="412,0,190,0,180,93,208,-83" /><INIT seed="5,0,0,4,3,5" ten="412,190,273,125" oya="1" hai0="31,125,59,120,79,30,89,67,29,91,51,20,133" hai1="13,52,69,23,135,87,134,42,63,55,86,22,119" hai2="73,90,130,2,35,128,44,123,64,96,111,102,46" hai3="34,80,76,103,99,106,117,16,60,109,56,43,66"/><U53/><E119/><V101/><F35/><W27/><G117/><T62/><D120/><U48/><E69/><V12/><F2/><W92/><G109/><T124/><D133/><N who="1" m="50699" /><E63/><V97/><F111/><W84/><G43/><T39/><D39/><U75/><E75/><V116/><F116/><W8/><G34/><T24/><D79/><U15/><E48/><V3/><F3/><W49/><G49/><T94/><D51/><U115/><E42/><V77/><F73/><W118/><G118/><T131/><D131/><U78/><E78/><V21/><F77/><W47/><G47/><T14/><D89/><U88/><E87/><V50/><F123/><W17/><G27/><T112/><D112/><U1/><E1/><V19/><F64/><W9/><G106/><T11/><D125/><U110/><E110/><V74/><F74/><W122/><G122/><T18/><D124/><U61/><E61/><V70/><F70/><W104/><G104/><T6/><D29/><U41/><E41/><N who="2" m="24847" /><F46/><W126/><G126/><T98/><AGARI ba="0,0" hai="6,11,14,18,20,24,30,31,59,62,67,91,94,98" machi="98" ten="20,5200,0" yaku="0,1,7,1,8,1,52,1" doraHai="5" who="0" fromWho="0" sc="412,52,190,-26,273,-13,125,-13" /><INIT seed="6,0,0,0,3,102" ten="464,164,260,112" oya="2" hai0="46,84,61,67,72,21,85,56,109,112,101,4,14" hai1="116,54,114,134,97,13,118,80,23,43,11,133,111" hai2="25,124,31,49,98,40,63,83,104,121,78,7,39" hai3="135,62,120,38,70,110,117,86,29,1,42,2,55"/><V132/><F39/><W20/><G86/><T95/><D72/><U9/><E43/><V3/><F121/><W108/><G20/><T88/><D109/><N who="3" m="42089" /><G29/><T22/><D112/><U74/><E54/><V34/><F3/><N who="3" m="1035" /><G55/><T8/><D101/><U16/><E111/><V65/><F7/><W69/><G62/><T57/><D46/><U92/><E114/><V125/><F132/><N who="1" m="50793" /><E80/><V76/><F83/><W73/><G135/><T28/><D28/><U105/><E74/><V128/><F128/><W79/><G79/><T27/><D27/><U48/><E48/><V126/><F49/><W99/><G99/><T45/><D45/><U94/><E94/><V10/><F10/><N who="1" m="3593" /><E105/><V18/><F40/><W103/><G103/><AGARI ba="0,0" hai="13,16,23,92,97,103,116,118" m="3593,50793" machi="103" ten="30,2000,0" yaku="20,1,54,1" doraHai="102" who="1" fromWho="3" sc="464,0,164,20,260,0,112,-20" /><INIT seed="7,0,0,4,2,129" ten="464,184,260,92" oya="3" hai0="33,46,95,31,92,59,29,97,53,72,65,43,124" hai1="23,104,17,7,81,128,105,21,24,134,13,119,5" hai2="3,1,45,84,120,19,64,54,61,67,111,51,123" hai3="132,8,131,47,68,30,89,36,57,18,115,48,103"/><W42/><G115/><T49/><D72/><U12/><E128/><V16/><F67/><W39/><G131/><T40/><D124/><U75/><E119/><V69/><F111/><W88/><G68/><T109/><D109/><U76/><E134/><V71/><F71/><W90/><G132/><T114/><D114/><U50/><E105/><V32/><F84/><W4/><G30/><T113/><D33/><U44/><E104/><V22/><F32/><W26/><G103/><T100/><D113/><U108/><E108/><V93/><F93/><W38/><G57/><T126/><D92/><U107/><E107/><V125/><F125/><W27/><REACH who="3" step="1"/><G18/><REACH who="3" ten="464,184,260,82" step="2"/><T52/><D126/><U83/><E17/><V86/><F19/><W79/><G79/><T20/><D31/><U14/><E76/><V106/><F16/><W77/><G77/><T63/><D29/><U62/><E75/><V130/><F130/><W102/><G102/><T87/><D100/><U34/><E34/><V118/><F69/><W80/><G80/><T112/><D112/><U58/><E83/><V99/><F118/><W122/><G122/><T101/><D101/><U56/><E81/><V98/><F120/><W35/><G35/><T133/><D133/><U94/><E94/><V15/><F123/><W25/><G25/><T127/><D59/><U121/><E121/><V9/><F106/><W41/><G41/><T96/><D43/><N who="1" m="24863" /><E24/><V0/><F45/><W6/><G6/><N who="1" m="2058" /><E58/><V10/><F64/><AGARI ba="0,1" hai="12,13,14,21,23,56,62,64" m="2058,24863" machi="64" ten="30,1000,0" yaku="8,1" doraHai="129" who="1" fromWho="2" sc="464,0,184,20,260,-10,82,0" owari="464,57.0,204,-20.0,250,5.0,82,-42.0" /></mjloggm>