<mjloggm ver="2.3"><GO type="169" lobby="0"/><UN n0="%E6%AC%A1%E3%81%AF%E6%B3%95%E5%BB%B7%E3%81%A7%E4%BC%9A%E3%81%8A%E3%81%86" n1="%E3%80%93%E3%81%84%E3%81%A1%E3%81%AF%E3%82%89%E3%80%93" n2="%E3%83%A4%E3%82%AD%E3%83%B3" n3="%E5%B0%B1%E6%B4%BB%E7%94%9F%40%E5%B7%9D%E6%9D%91%E8%BB%8D%E5%9B%A3" dan="16,17,17,17" rate="2021.29,2189.21,2176.69,2255.31" sx="M,M,M,M"/><TAIKYOKU oya="0"/><INIT seed="0,0,0,1,2,111" ten="250,250,250,250" oya="0" hai0="93,26,31,110,100,30,115,87,20,36,112,82,108" hai1="107,73,64,60,118,3,61,119,21,113,63,133,131" hai2="94,123,35,90,9,101,88,69,37,135,70,71,6" hai3="104,84,80,85,0,24,55,72,50,122,45,59,117"/><T75/><D75/><U38/><E3/><V121/><F37/><W1/><G104/><T109/><D36/><U52/><E107/><V4/><F35/><W23/><G117/><N who="1" m="44554" /><E73/><V14/><F135/><W125/><G125/><T44/><D44/><U78/><E21/><V56/><F6/><W68/><G68/><T66/><D66/><U129/><E78/><V134/><F134/><W127/><G127/><T47/><D47/><U114/><E133/><V27/><F27/><W19/><G72/><T34/><D34/><U18/><E18/><V98/><REACH who="2" step="1"/><F56/><REACH who="2" ten="250,250,240,250" step="2"/><W32/><G32/><T12/><D12/><U62/><E38/><V65/><F65/><W120/><G59/><T28/><D28/><U8/><E8/><V54/><F54/><W49/><G0/><T126/><D31/><U89/><E52/><V81/><F81/><W91/><G1/><T29/><D29/><U5/><E5/><V13/><F13/><W58/><G120/><AGARI ba="0,1" hai="4,9,14,69,70,71,88,90,94,98,101,120,121,123" machi="120" ten="50,6400,0" yaku="1,1,54,1,53,1" doraHai="111" doraHaiUra="2" who="2" fromWho="3" sc="250,0,250,0,240,74,250,-64" /><INIT seed="1,0,0,0,2,90" ten="250,250,314,186" oya="1" hai0="105,23,108,27,99,63,32,4,10,104,33,112,6" hai1="129,80,61,106,132,76,128,103,83,78,41,12,68" hai2="130,56,38,5,60,25,20,72,66,54,115,74,43" hai3="3,96,50,24,100,101,131,95,124,84,65,18,98"/><U17/><E41/><V97/><F130/><N who="1" m="50281" /><E68/><V26/><F115/><W102/><G131/><T86/><D108/><U75/><E61/><V58/><F5/><W30/><G124/><T62/><D6/><U28/><E28/><V2/><F2/><W35/><G3/><T113/><D63/><U107/><E17/><V16/><F97/><W48/><G65/><T69/><D105/><N who="1" m="39947" /><E12/><V88/><F43/><W94/><G101/><T37/><D62/><U15/><E15/><V126/><F38/><W92/><G18/><T53/><D53/><U39/><E39/><V89/><F126/><W36/><G36/><T118/><D69/><U109/><E103/><V77/><F58/><W123/><G123/><T8/><D37/><U52/><E52/><V40/><F40/><W59/><G59/><T22/><D33/><U125/><E125/><V79/><F66/><W21/><G35/><T71/><D32/><U133/><E109/><V120/><F120/><W7/><G7/><T42/><D42/><U82/><E82/><V117/><F117/><W135/><G135/><T51/><D118/><U127/><E127/><V87/><F26/><W85/><G85/><AGARI ba="0,0" hai="75,76,78,80,83,85,132,133" m="39947,50281" machi="85" ten="30,5800,0" yaku="19,1,34,2" doraHai="90" who="1" fromWho="3" sc="250,0,250,58,314,0,186,-58" /><INIT seed="1,1,0,0,0,126" ten="250,308,314,128" oya="1" hai0="78,55,89,129,91,107,48,100,31,102,46,52,71" hai1="30,34,116,49,119,120,108,103,20,18,24,41,58" hai2="47,21,124,94,40,42,79,39,2,63,5,106,104" hai3="1,95,128,93,118,75,111,125,77,56,0,86,28"/><U4/><E120/><V12/><F40/><W73/><G125/><T25/><D71/><U127/><E127/><V53/><F124/><W51/><G111/><T15/><D78/><U85/><E108/><V101/><F79/><W68/><G68/><T11/><D129/><U98/><E85/><V133/><F2/><W16/><G28/><T3/><D3/><U81/><E81/><V57/><F133/><W37/><G37/><T59/><D107/><U122/><E122/><V54/><F54/><W26/><G128/><T64/><D64/><U32/><E4/><V112/><F112/><W6/><G6/><T38/><D38/><U36/><E36/><V14/><F14/><W114/><G114/><T23/><D100/><U134/><E134/><V76/><F76/><W9/><G118/><T113/><D102/><U19/><E34/><V35/><F35/><W92/><G73/><T131/><D131/><U44/><E58/><V60/><F5/><W43/><G75/><T50/><REACH who="0" step="1"/><D113/><REACH who="0" ten="240,308,314,128" step="2"/><U67/><E67/><V135/><F135/><W62/><G1/><T90/><D90/><U97/><E97/><V45/><F101/><W115/><G0/><T80/><D80/><U17/><REACH who="1" step="1"/><E32/><REACH who="1" ten="240,298,314,128" step="2"/><V13/><F39/><W29/><G77/><T69/><D69/><U132/><E132/><V117/><F117/><W70/><G70/><T121/><D121/><U96/><E96/><V65/><F65/><W74/><G115/><T72/><D72/><U10/><E10/><V27/><F106/><AGARI ba="1,2" hai="17,18,19,20,24,30,41,44,49,98,103,106,116,119" machi="106" ten="40,2000,0" yaku="1,1,53,0" doraHai="126" doraHaiUra="123" who="1" fromWho="2" sc="240,0,298,43,314,-23,128,0" /><INIT seed="1,2,0,3,1,72" ten="240,341,291,128" oya="1" hai0="1,50,39,78,57,103,134,121,64,90,127,23,128" hai1="8,92,91,117,124,76,114,44,80,94,22,69,48" hai2="11,54,52,62,19,27,75,104,9,115,41,55,66" hai3="28,70,98,132,119,129,7,43,32,59,15,133,29"/><U18/><E114/><V4/><F104/><W36/><G70/><T101/><D1/><U112/><E112/><V105/><F105/><W46/><G129/><T12/><D39/><U51/><E69/><V25/><F115/><W82/><G119/><T107/><D107/><U31/><E117/><V24/><F75/><W38/><G38/><T21/><D90/><U88/><E124/><V108/><F108/><W67/><G98/><T102/><D102/><U110/><E110/><V61/><F41/><W111/><G111/><T65/><D128/><U20/><E8/><N who="2" m="3147" /><F4/><W100/><G100/><T96/><D103/><U130/><E130/><V126/><F126/><W37/><G37/><T45/><D101/><U116/><E116/><V10/><F66/><W68/><G15/><AGARI ba="2,0" hai="10,15,19,24,25,27,52,54,55,61,62" m="3147" machi="15" ten="40,2600,0" yaku="8,1,54,1" doraHai="72" who="2" fromWho="3" sc="240,0,341,0,291,32,128,-32" /><INIT seed="2,0,0,4,1,71" ten="240,341,323,96" oya="2" hai0="128,124,21,121,81,3,79,50,123,49,105,70,106" hai1="125,63,59,109,90,42,97,7,64,78,93,85,54" hai2="91,103,69,127,86,18,67,16,35,9,37,56,11" hai3="119,38,19,75,98,31,24,112,102,76,0,101,36"/><V84/><F69/><W104/><G0/><T22/><D70/><U110/><E125/><V120/><F120/><W47/><G119/><T115/><D81/><U17/><E7/><V1/><F35/><N who="3" m="20967" /><G19/><T129/><D79/><U39/><E78/><V52/><F67/><W77/><G47/><T83/><D83/><U134/><E134/><V116/><F127/><W13/><G13/><T111/><D124/><U130/><E130/><V96/><F37/><N who="3" m="14443" /><G76/><T40/><D3/><U30/><E30/><V82/><F86/><W113/><G102/><T108/><D40/><U23/><E64/><V117/><F117/><W48/><G48/><T73/><D73/><U133/><E133/><V45/><F45/><W80/><AGARI ba="0,0" hai="75,77,80,98,101,104,112,113" m="14443,20967" machi="80" ten="30,7900,0" yaku="23,1,52,3" doraHai="71" who="3" fromWho="3" sc="240,-20,341,-20,323,-39,96,79" /><INIT seed="3,0,0,4,3,92" ten="220,321,284,175" oya="3" hai0="108,28,97,16,93,120,1,0,46,12,71,80,109" hai1="91,56,117,60,130,107,64,13,75,83,57,18,17" hai2="85,111,40,123,89,133,132,95,131,47,134,125,114" hai3="68,35,10,70,72,6,7,113,14,15,105,51,66"/><W126/><G72/><T34/><D71/><U122/><E122/><V63/><F114/><W27/><G113/><T78/><D120/><U39/><E39/><V118/><F123/><W36/><G36/><T101/><D46/><U55/><E130/><V128/><F118/><W86/><G126/><T99/><D28/><U43/><E107/><V102/><F111/><N who="0" m="42570" /><D99/><U50/><E117/><V103/><F63/><W44/><G105/><T37/><D34/><U100/><E100/><N who="2" m="38443" /><F125/><W5/><G66/><T25/><D25/><U53/><E75/><V31/><F31/><W54/><G27/><T24/><D24/><U127/><E127/><V19/><F19/><W69/><G35/><T65/><D65/><U45/><E18/><V104/><F104/><W32/><G32/><T112/><D37/><AGARI ba="0,0" hai="37,40,47,85,89,95,128,131,132,133,134" m="38443" machi="37" ten="40,1300,0" yaku="20,1" doraHai="92" who="2" fromWho="0" sc="220,-13,321,0,284,13,175,0" /><INIT seed="4,0,0,5,5,60" ten="207,321,297,175" oya="0" hai0="2,103,84,101,93,69,117,18,135,130,51,107,111" hai1="24,82,124,116,118,58,62,109,74,35,26,83,110" hai2="46,112,0,67,95,92,34,6,20,77,86,102,72" hai3="17,126,53,85,54,131,115,99,121,23,9,68,78"/><T63/><D117/><U61/><E58/><V19/><F34/><W134/><G68/><T45/><D2/><U52/><E35/><V122/><F72/><W10/><G115/><T49/><D49/><U38/><E74/><V31/><F31/><W27/><G131/><T119/><D119/><U71/><E38/><V129/><F122/><W15/><G126/><T57/><D69/><U50/><E50/><V80/><F112/><W90/><G134/><T133/><D130/><U65/><E71/><V32/><F32/><W132/><G132/><N who="0" m="50763" /><D107/><U33/><E33/><V22/><F6/><W16/><G121/><T37/><D37/><U29/><E29/><V40/><F0/><W39/><G39/><T87/><D18/><U28/><E28/><V64/><F129/><W30/><G99/><N who="0" m="59631" /><D103/><U114/><E114/><V13/><F22/><W42/><G42/><N who="0" m="25015" /><D111/><U55/><REACH who="1" step="1"/><E124/><REACH who="1" ten="207,311,297,175" step="2"/><V70/><F70/><W44/><G44/><T89/><D57/><U36/><E36/><V66/><F102/><W76/><G54/><T104/><D63/><U125/><E125/><V8/><F46/><W123/><G53/><T128/><D128/><U96/><E96/><V25/><F40/><W94/><G123/><T113/><D113/><U14/><E14/><AGARI ba="0,1" hai="9,10,14,15,16,17,23,27,30,76,78,85,90,94" machi="14" ten="40,5200,0" yaku="9,1,8,1,54,1" doraHai="60" who="3" fromWho="1" sc="207,0,311,-52,297,0,175,62" /><INIT seed="5,0,0,2,4,3" ten="207,259,297,237" oya="1" hai0="76,27,105,24,19,112,81,117,34,74,99,53,69" hai1="78,9,26,111,120,47,55,87,132,107,33,110,13" hai2="68,93,22,73,7,77,8,29,96,95,31,128,42" hai3="2,80,129,50,122,90,63,46,23,71,66,4,113"/><U97/><E120/><V59/><F68/><W85/><G122/><T57/><D69/><U14/><E132/><V72/><F42/><W25/><G113/><T108/><D108/><U134/><E134/><V75/><F77/><W20/><G129/><T106/><D117/><U1/><E1/><V127/><F128/><W6/><G2/><T60/><D112/><U12/><E107/><V101/><F127/><W43/><REACH who="3" step="1"/><G23/><REACH who="3" ten="207,259,297,227" step="2"/><T123/><D123/><U100/><E111/><V54/><F22/><W98/><G98/><T30/><D99/><U35/><E110/><V114/><F114/><W67/><G67/><T37/><D34/><U115/><E115/><V116/><F116/><W5/><G5/><T103/><D106/><U135/><E135/><V109/><F109/><W119/><G119/><T18/><D105/><U86/><E35/><V16/><F7/><W39/><G39/><T121/><D121/><U92/><E33/><V48/><F96/><W102/><G102/><T82/><D103/><U21/><E9/><V58/><F101/><W10/><G10/><T56/><D37/><U44/><E55/><V89/><F8/><W11/><G11/><T70/><D53/><U36/><E36/><V38/><F38/><W41/><G41/><T32/><D32/><U104/><E104/><V125/><F54/><W52/><G52/><T51/><D51/><U15/><N who="1" m="3072" /><DORA hai="0" /><U130/><E130/><V83/><F48/><W65/><G65/><T64/><D64/><U88/><E100/><V49/><F49/><W84/><G84/><N who="1" m="32298" /><E78/><N who="2" m="44487" /><F73/><W17/><AGARI ba="0,1" hai="4,6,17,20,25,43,46,50,63,66,71,80,85,90" machi="17" ten="20,16000,3" yaku="1,1,0,1,7,1,52,4,53,1" doraHai="3,0" doraHaiUra="45,126" who="3" fromWho="3" sc="207,-40,259,-80,297,-40,227,170" /><INIT seed="6,0,0,3,5,61" ten="167,179,257,397" oya="2" hai0="94,121,109,115,89,26,63,56,58,131,70,111,88" hai1="130,52,51,37,90,33,3,134,14,120,31,102,10" hai2="20,2,135,9,42,16,110,36,50,34,64,8,67" hai3="86,96,103,82,48,100,75,107,128,104,45,126,21"/><V6/><F36/><W76/><G126/><T83/><D121/><U19/><E37/><V85/><F9/><W81/><G128/><T46/><D115/><U118/><E118/><V60/><F60/><W28/><G28/><T73/><D131/><U47/><E130/><V23/><F23/><W77/><G21/><T72/><D70/><U4/><E120/><V71/><F71/><W12/><G12/><T133/><D133/><U43/><E134/><V49/><F135/><W78/><G48/><N who="2" m="18537" /><F85/><W62/><G62/><T11/><D46/><U112/><E112/><V92/><F92/><W30/><G30/><T114/><D114/><U87/><E102/><N who="3" m="38954" /><G45/><T13/><D73/><U5/><E3/><V18/><F18/><W113/><G113/><T117/><D72/><U119/><E119/><V25/><F42/><W106/><G96/><T15/><D117/><U80/><E43/><V68/><F68/><W91/><AGARI ba="0,0" hai="75,76,77,78,81,82,86,91,104,106,107" m="38954" machi="91" ten="40,8000,1" yaku="35,5" doraHai="61" who="3" fromWho="3" sc="167,-20,179,-20,257,-40,397,80" /><INIT seed="7,0,0,0,2,89" ten="147,159,217,477" oya="3" hai0="18,38,70,28,93,91,108,105,46,92,10,125,128" hai1="3,115,127,124,131,56,106,42,111,116,21,133,114" hai2="35,54,77,109,101,4,9,13,135,76,0,69,100" hai3="25,83,48,96,88,40,2,32,64,27,66,58,44"/><W60/><G2/><T7/><D105/><U81/><E3/><V20/><F69/><W45/><G32/><T82/><D108/><U130/><E106/><V37/><F37/><W63/><G45/><T15/><D70/><U14/><E42/><V87/><F35/><W103/><G83/><T6/><D125/><N who="1" m="48203" /><E56/><V122/><F87/><W23/><G23/><T79/><D128/><N who="1" m="49195" /><E111/><V95/><F122/><W51/><G88/><T59/><D28/><U68/><E68/><V78/><F78/><W19/><G19/><T110/><D110/><U50/><E50/><V8/><F77/><W74/><G74/><T49/><D38/><U134/><E81/><V94/><F54/><W30/><G30/><T52/><D59/><U55/><E55/><V16/><F109/><W57/><G51/><T43/><D43/><U107/><E107/><AGARI ba="0,0" hai="25,27,40,44,48,57,58,60,63,64,66,96,103,107" machi="107" ten="30,2900,0" yaku="7,1,9,1" doraHai="89" who="3" fromWho="1" sc="147,0,159,-29,217,0,477,29" owari="147,-25.0,130,-37.0,217,2.0,506,60.0" /></mjloggm>