<mjloggm ver="2.3"><GO type="225" lobby="0"/><UN n0="%E3%83%88%E3%83%88%E3%83%AA%E5%85%88%E7%94%9F%31%39%E6%AD%B3" n1="%68%69%67%68%31%35%31%35" n2="%53%48%49%53%55%4B%45" n3="%E3%82%B4%E3%83%BC%E3%83%AB%E3%83%87%E3%83%B3%E3%81%B2%E3%82%88%E3%81%93" dan="18,16,16,16" rate="2264.27,2081.75,2143.26,2095.66" sx="F,M,M,M"/><TAIKYOKU oya="0"/><INIT seed="0,0,0,4,5,107" ten="250,250,250,250" oya="0" hai0="112,39,131,11,59,72,115,128,118,50,60,108,92" hai1="36,100,37,83,8,129,27,2,29,111,99,42,103" hai2="9,71,68,24,19,98,109,76,119,12,51,63,6" hai3="15,67,122,121,77,7,13,44,25,3,14,133,34"/><T30/><D39/><U105/><E111/><V55/><F109/><W110/><G67/><T18/><D108/><U97/><E129/><N who="0" m="49737" /><D118/><U101/><E42/><V86/><F119/><W22/><G110/><T33/><D50/><U80/><E101/><V23/><F63/><W113/><G113/><T21/><D11/><U38/><E2/><V120/><F120/><N who="3" m="46187" /><G44/><T52/><D72/><U46/><E8/><V82/><REACH who="2" step="1"/><F98/><REACH who="2" ten="250,250,240,250" step="2"/><W61/><G133/><T47/><D115/><U123/><E123/><V41/><F41/><W57/><G3/><T65/><D112/><U69/><E99/><V4/><F4/><W20/><G7/><T53/><D65/><U40/><E97/><V73/><F73/><W49/><G49/><N who="0" m="28735" /><D92/><U17/><E37/><V5/><F5/><W35/><G77/><T64/><D64/><U127/><E36/><V74/><F74/><W126/><G126/><T16/><D33/><N who="3" m="12297" /><G25/><AGARI ba="0,1" hai="16,18,21,25,30,53,59,60" m="28735,49737" machi="25" ten="30,5800,0" yaku="19,1,54,2" doraHai="107" who="0" fromWho="3" sc="250,68,250,0,240,0,250,-58" /><INIT seed="0,1,0,3,2,86" ten="318,250,240,192" oya="0" hai0="20,104,92,58,98,102,87,5,130,93,128,36,46" hai1="38,129,96,55,18,112,50,22,56,124,64,117,101" hai2="72,83,115,33,26,78,60,17,105,121,114,12,116" hai3="67,65,3,11,90,57,16,14,28,125,21,30,44"/><T63/><D5/><U61/><E117/><V135/><F121/><W85/><G125/><T42/><D20/><U51/><E124/><V133/><F116/><W19/><G3/><T106/><D93/><U77/><E38/><V126/><F105/><W9/><G44/><T132/><D132/><N who="2" m="50762" /><F126/><W81/><G9/><T73/><D73/><U43/><E129/><N who="0" m="49769" /><D87/><U4/><E112/><N who="2" m="43051" /><F60/><N who="3" m="38031" /><G67/><AGARI ba="1,0" hai="36,42,46,58,63,67,92,98,102,104,106" m="49769" machi="67" ten="30,1500,0" yaku="19,1" doraHai="86" who="0" fromWho="3" sc="318,18,250,0,240,0,192,-18" /><INIT seed="0,2,0,3,0,128" ten="336,250,240,174" oya="0" hai0="93,30,65,3,129,99,95,94,125,100,36,130,134" hai1="107,135,69,21,51,18,11,104,124,2,131,112,132" hai2="115,98,76,27,1,70,57,12,110,19,84,78,14" hai3="101,67,42,96,28,116,83,108,63,54,89,55,24"/><T15/><D3/><U71/><E131/><N who="0" m="50185" /><D36/><U47/><E124/><V119/><F115/><W10/><G108/><T26/><D125/><U60/><E112/><V106/><F1/><W34/><G116/><T48/><D65/><N who="1" m="41127" /><E71/><V4/><F70/><W40/><G10/><T61/><D61/><U90/><E90/><V37/><F37/><W77/><G89/><T59/><D134/><N who="1" m="51243" /><E11/><V23/><F110/><W133/><G133/><T114/><D114/><U87/><E87/><V97/><F119/><W75/><G42/><T35/><D15/><N who="2" m="5674" /><F84/><W8/><G40/><T50/><D59/><U122/><E2/><V44/><F57/><W29/><G8/><T123/><D123/><U111/><E111/><V49/><F106/><AGARI ba="2,0" hai="26,30,35,48,50,93,94,95,99,100,106" m="50185" machi="106" ten="30,1500,0" yaku="19,1" doraHai="128" who="0" fromWho="2" sc="336,21,250,0,240,-21,174,0" /><INIT seed="0,3,0,4,2,13" ten="357,250,219,174" oya="0" hai0="42,124,36,95,121,57,98,102,46,54,25,81,11" hai1="34,123,107,16,75,22,132,135,71,29,127,14,12" hai2="88,61,27,49,94,62,68,51,111,38,33,114,23" hai3="32,3,18,66,72,73,113,117,26,134,31,96,103"/><T109/><D121/><U43/><E123/><V106/><F38/><W110/><G117/><T126/><D109/><U50/><E75/><V37/><F33/><W74/><G110/><T70/><D70/><U69/><E107/><V85/><F37/><W24/><G113/><T119/><D119/><U130/><E130/><V48/><F114/><W65/><G3/><T17/><D81/><U55/><E43/><V40/><F106/><W83/><G134/><N who="1" m="51242" /><E127/><V67/><F111/><W1/><G1/><T89/><D102/><U101/><E101/><V47/><REACH who="2" step="1"/><F62/><REACH who="2" ten="357,250,209,174" step="2"/><W59/><G32/><T28/><D124/><U35/><E35/><V53/><F53/><W116/><G116/><T80/><D54/><U44/><E14/><V77/><F77/><W115/><G115/><T108/><D126/><U76/><E76/><V131/><F131/><W122/><G122/><T79/><D108/><U64/><E64/><V87/><F87/><W10/><G72/><T2/><D2/><U100/><E100/><V120/><F120/><W105/><G73/><T99/><D79/><U15/><E15/><V45/><F45/><W6/><G74/><T90/><D46/><U4/><E4/><V91/><F91/><W56/><G6/><T58/><D89/><U21/><E34/><V93/><F93/><W39/><G39/><T41/><D95/><U112/><E112/><V125/><F125/><W0/><G0/><T82/><D42/><U104/><E104/><V9/><F9/><W63/><G105/><T86/><D36/><U97/><E97/><V7/><F7/><W129/><G129/><RYUUKYOKU ba="3,1" sc="357,-15,250,15,209,15,174,-15" hai1="12,16,21,22,29,44,50,55,69,71" hai2="23,27,40,47,48,49,51,61,67,68,85,88,94" /><INIT seed="1,4,1,0,2,14" ten="342,265,224,159" oya="1" hai0="34,133,58,19,25,42,87,132,44,27,70,97,26" hai1="72,107,53,17,74,49,66,110,125,82,7,83,123" hai2="99,91,13,2,36,10,100,56,41,96,23,16,46" hai3="113,117,135,76,94,109,22,115,32,77,93,54,30"/><U60/><E123/><V128/><F128/><W78/><G32/><T131/><D70/><U11/><E107/><V38/><F2/><W130/><G54/><T90/><D131/><U64/><E72/><V134/><F134/><N who="0" m="51818" /><D97/><U69/><E66/><V124/><F124/><W73/><G135/><T106/><D106/><U31/><E31/><V28/><F38/><W84/><G130/><T127/><D58/><U45/><E74/><V35/><F35/><W24/><G73/><T1/><D1/><U65/><E65/><V67/><F91/><W15/><G109/><T62/><D62/><U92/><E125/><V102/><F99/><W18/><G117/><T120/><D120/><U126/><E126/><V51/><F96/><W80/><G113/><T39/><D127/><U3/><E110/><V111/><F111/><W75/><G115/><T88/><D34/><U4/><E4/><V122/><F122/><W20/><REACH who="3" step="1"/><G75/><REACH who="3" ten="342,265,224,149" step="2"/><T129/><D129/><U50/><E53/><V116/><F116/><W119/><G119/><T29/><D42/><U43/><E43/><V112/><F112/><W47/><G47/><T114/><D44/><U85/><E45/><V57/><F36/><W59/><G59/><N who="2" m="22601" /><F67/><W21/><G21/><N who="0" m="13503" /><D39/><U12/><E64/><V103/><F23/><W52/><G52/><T37/><D37/><U6/><E69/><V61/><F61/><W68/><G68/><T5/><D114/><U71/><E71/><V63/><F63/><W108/><G108/><T8/><D8/><U48/><E60/><V0/><F0/><W95/><AGARI ba="4,2" hai="15,18,20,22,24,30,76,77,78,80,84,93,94,95" machi="95" ten="30,8000,1" yaku="1,1,0,1,8,1,52,1,53,1" doraHai="14" doraHaiUra="79" who="3" fromWho="3" sc="342,-24,265,-44,224,-24,149,112" /><INIT seed="2,0,0,1,3,6" ten="318,221,200,261" oya="2" hai0="35,49,121,28,39,94,81,129,77,23,108,95,109" hai1="24,116,74,103,26,12,58,72,87,33,99,106,124" hai2="105,123,73,9,133,79,37,111,122,3,112,32,117" hai3="120,125,4,88,71,130,84,93,128,65,110,13,126"/><V16/><RYUUKYOKU type="yao9" ba="0,0" sc="318,0,221,0,200,0,261,0" hai2="3,9,16,32,37,73,79,105,111,112,117,122,123,133" /><INIT seed="2,1,0,5,2,33" ten="318,221,200,261" oya="2" hai0="98,38,86,37,80,23,135,92,63,126,124,120,119" hai1="112,111,128,100,71,9,32,56,133,40,104,46,94" hai2="8,52,20,77,5,122,134,42,15,114,29,25,121" hai3="123,17,97,12,21,88,6,18,11,39,74,19,103"/><V35/><F114/><W1/><G74/><T51/><D120/><U116/><E112/><V47/><F134/><W73/><G73/><T78/><D135/><U14/><E133/><V30/><F77/><W106/><G123/><T83/><D119/><U115/><E115/><V84/><F30/><W60/><G39/><T58/><D51/><U117/><E71/><V108/><F108/><W91/><G19/><T72/><D23/><U82/><E32/><V89/><F35/><W79/><G79/><N who="0" m="46367" /><D58/><U50/><E104/><V70/><F70/><W7/><G7/><T27/><D27/><U45/><E111/><V16/><F5/><W65/><REACH who="3" step="1"/><G18/><REACH who="3" ten="318,221,200,251" step="2"/><T96/><D38/><U41/><E116/><V36/><REACH who="2" step="1"/><F52/><REACH who="2" ten="318,221,190,251" step="2"/><W95/><G95/><AGARI ba="1,2" hai="8,15,16,20,25,29,36,42,47,84,89,95,121,122" machi="95" ten="30,11600,0" yaku="1,1,2,1,7,1,54,1,53,0" doraHai="33" doraHaiUra="109" who="2" fromWho="3" sc="318,0,221,0,190,139,251,-119" /><INIT seed="2,2,0,2,5,19" ten="318,221,329,132" oya="2" hai0="36,52,83,97,116,111,120,12,5,44,106,10,77" hai1="123,16,82,54,84,69,21,91,127,135,95,56,108" hai2="9,41,35,65,60,128,25,33,79,96,101,103,80" hai3="55,40,81,28,119,37,115,20,132,118,99,133,122"/><V17/><F128/><W7/><G122/><T15/><D120/><U66/><E123/><V50/><F35/><W48/><G115/><T46/><D111/><U70/><E108/><V22/><F33/><W47/><G7/><T2/><D116/><U68/><E127/><V78/><F9/><W117/><G99/><T124/><D124/><U64/><E135/><N who="3" m="51786" /><G81/><T31/><D31/><U29/><E29/><V62/><F101/><W23/><G28/><T102/><D46/><AGARI ba="2,0" hai="20,23,37,40,46,47,48,55,117,118,119" m="51786" machi="46" ten="40,5200,0" yaku="20,1,52,2" doraHai="19" who="3" fromWho="0" sc="318,-58,221,0,329,0,132,58" /><INIT seed="3,0,0,3,5,8" ten="260,221,329,190" oya="3" hai0="37,96,9,52,16,41,61,123,36,115,5,43,75" hai1="105,99,23,92,47,39,81,118,28,117,24,63,104" hai2="83,18,15,98,95,122,51,114,77,97,21,10,20" hai3="112,103,34,71,93,6,56,26,40,35,91,55,29"/><W54/><G71/><T120/><D75/><U125/><E125/><V78/><F114/><W101/><G112/><T113/><D96/><N who="2" m="36970" /><F122/><N who="0" m="46634" /><D16/><U49/><E39/><N who="0" m="14921" /><D9/><U68/><E81/><V44/><F95/><W94/><G40/><N who="0" m="15435" /><D5/><U128/><E104/><V86/><F78/><W65/><G6/><T48/><D61/><U31/><E105/><V109/><F109/><W22/><G35/><T33/><D33/><U17/><E63/><V108/><F108/><W111/><G34/><T119/><D119/><U64/><E17/><V73/><F73/><W107/><G111/><T116/><D116/><U7/><E23/><V110/><F110/><W53/><G107/><T14/><D14/><U134/><E24/><V13/><F13/><W74/><G74/><T84/><D84/><U2/><E92/><N who="3" m="35434" /><G91/><T50/><D50/><U66/><E49/><V79/><F77/><W58/><G65/><T85/><D85/><U135/><E2/><V80/><F83/><W32/><G32/><T60/><D60/><U102/><E7/><V25/><F25/><W131/><G131/><T1/><D1/><U72/><E66/><V100/><F100/><AGARI ba="0,0" hai="22,26,29,53,54,55,56,58,100,101,103" m="35434" machi="100" ten="30,1500,0" yaku="8,1" doraHai="8" who="3" fromWho="2" sc="260,0,221,0,329,-15,190,15" /><INIT seed="3,1,0,2,0,82" ten="260,221,314,205" oya="3" hai0="114,2,117,127,131,88,24,48,14,50,32,123,18" hai1="93,56,83,75,33,30,90,70,43,51,97,19,115" hai2="105,134,100,59,9,25,111,4,54,129,10,132,118" hai3="20,135,119,107,6,128,126,35,109,73,72,47,68"/><W21/><RYUUKYOKU type="yao9" ba="1,0" sc="260,0,221,0,314,0,205,0" hai3="6,20,21,35,47,68,72,73,107,109,119,126,128,135" /><INIT seed="3,2,0,4,0,114" ten="260,221,314,205" oya="3" hai0="24,117,127,95,11,51,104,66,119,31,92,130,43" hai1="9,17,45,96,47,109,101,67,32,4,49,42,86" hai2="76,103,75,111,125,85,110,135,29,27,21,26,72" hai3="129,83,48,93,6,68,74,10,52,71,133,55,62"/><W131/><G133/><T80/><D104/><U39/><E32/><V112/><F125/><W120/><G120/><T121/><D121/><U34/><E34/><V100/><F112/><W88/><G83/><T97/><D66/><U0/><E109/><N who="2" m="41483" /><F135/><W44/><G74/><N who="2" m="28201" /><F26/><W128/><G55/><T123/><D123/><U118/><E67/><V46/><F46/><W102/><G102/><T8/><D80/><AGARI ba="2,0" hai="21,27,29,76,80,85,100,103" m="28201,41483" machi="80" ten="30,1000,0" yaku="14,1" doraHai="114" who="2" fromWho="0" sc="260,-16,221,0,314,16,205,0" owari="244,4.0,221,-18.0,330,43.0,205,-29.0" /></mjloggm>