<mjloggm ver="2.3"><GO type="97" lobby="0"/><UN n0="%E5%AE%87%E6%B4%A5%E4%BA%95%E5%84%AA%E4%B8%80" n1="%E5%B0%B1%E6%B4%BB%E7%94%9F%40%E5%B7%9D%E6%9D%91%E8%BB%8D%E5%9B%A3" n2="%E3%82%BC%E3%83%B3%E3%83%84%E7%B8%9B%E3%82%8A" n3="%E3%82%A2%E3%83%A1%E3%83%AA%E3%82%A2" dan="14,15,13,14" rate="1978.62,2062.33,1847.59,1892.58" sx="M,M,M,M"/><TAIKYOKU oya="0"/><INIT seed="0,0,0,4,2,9" ten="250,250,250,250" oya="0" hai0="17,88,125,25,41,64,14,16,117,75,62,74,116" hai1="61,126,101,99,86,47,108,70,53,28,26,109,81" hai2="65,135,37,29,32,2,122,44,45,27,104,39,114" hai3="40,13,128,110,58,72,30,31,51,100,68,103,129"/><T11/><D41/><U76/><E126/><V111/><F114/><W97/><G68/><T91/><D125/><U33/><E47/><V130/><F111/><W18/><G72/><T21/><D116/><U23/><E23/><V89/><F122/><W105/><G103/><T10/><D117/><U7/><E7/><V8/><F89/><W102/><G102/><T56/><REACH who="0" step="1"/><D11/><REACH who="0" ten="240,250,250,250" step="2"/><U71/><E108/><V98/><F8/><N who="3" m="6439" /><G110/><T38/><D38/><U84/><E109/><V48/><F39/><W82/><G128/><T42/><D42/><U1/><E1/><V119/><F37/><W93/><G129/><T60/><D60/><U20/><E61/><V19/><F2/><W43/><G40/><T123/><D123/><U6/><E6/><V90/><F130/><W121/><G43/><T113/><D113/><U52/><E71/><V59/><F119/><W95/><G121/><T112/><D112/><U118/><E70/><V87/><F135/><W36/><G36/><T69/><D69/><U132/><E118/><V80/><F48/><W63/><G63/><T94/><D94/><N who="1" m="58615" /><E132/><V83/><F104/><W127/><G105/><T92/><D92/><U133/><E133/><V134/><F134/><W124/><G95/><T34/><D34/><U73/><E33/><V0/><F0/><W77/><G124/><T106/><D106/><U50/><E50/><V12/><F83/><W15/><G127/><T24/><D24/><U107/><E107/><V131/><F131/><W35/><G35/><T79/><D79/><U4/><E4/><V49/><F32/><W22/><G93/><RYUUKYOKU ba="0,1" sc="240,15,250,15,250,-15,250,-15" hai0="10,14,16,17,21,25,56,62,64,74,75,88,91" hai1="20,26,28,52,53,73,76,81,84,86" /><INIT seed="0,1,1,4,2,12" ten="255,265,235,235" oya="0" hai0="125,78,23,9,128,27,56,40,95,41,55,101,133" hai1="134,36,10,100,49,14,96,62,2,45,8,91,129" hai2="126,57,6,107,18,31,1,131,104,61,110,92,93" hai3="52,123,112,121,50,63,71,72,43,119,37,24,127"/><T122/><D122/><N who="3" m="46601" /><G72/><T42/><D133/><U44/><E2/><V135/><F110/><W19/><G119/><T47/><D128/><U120/><E36/><V35/><F135/><W87/><G112/><T70/><D125/><U79/><E79/><V113/><F131/><W111/><G111/><T28/><D70/><U84/><E134/><V21/><F113/><W13/><G24/><T51/><D78/><U103/><E62/><V130/><F130/><W77/><G127/><T16/><D9/><U20/><E45/><V48/><F48/><W60/><G71/><T22/><D101/><U102/><E96/><V33/><F126/><W26/><G87/><T89/><D23/><U99/><E99/><V66/><F6/><W98/><G98/><N who="0" m="57711" /><D28/><U29/><E129/><V38/><F38/><W73/><G26/><T65/><D65/><U30/><E120/><V116/><F1/><W67/><G67/><T105/><D105/><U132/><E132/><V115/><F115/><W117/><G117/><T54/><D54/><N who="1" m="29991" /><E20/><V118/><F118/><W32/><G32/><N who="2" m="12361" /><F31/><N who="1" m="11785" /><E14/><N who="2" m="9431" /><F116/><W53/><G37/><T106/><D106/><U75/><E75/><V7/><F7/><W3/><G3/><T15/><D15/><U4/><E4/><V39/><F39/><W5/><G5/><T17/><D17/><U69/><E69/><V76/><F76/><W114/><G114/><T108/><D108/><U34/><E34/><V11/><F11/><N who="3" m="6591" /><G77/><T83/><D83/><AGARI ba="1,1" hai="8,10,83,84,91,100,102,103" m="11785,29991" machi="83" ten="30,1000,0" yaku="8,1" doraHai="12" who="1" fromWho="0" sc="255,-13,265,23,235,0,235,0" /><INIT seed="1,0,0,2,1,56" ten="242,288,235,235" oya="1" hai0="8,130,126,27,123,76,26,24,73,72,118,121,17" hai1="97,15,50,113,112,61,78,122,4,33,108,23,81" hai2="135,3,37,52,86,34,2,109,42,54,59,75,49" hai3="87,107,16,129,99,63,39,127,51,96,80,47,98"/><U131/><E33/><V94/><F75/><N who="0" m="28746" /><D118/><U35/><E35/><V7/><F109/><W38/><G107/><T40/><D40/><U124/><E50/><V133/><F34/><W22/><G129/><T53/><D76/><U91/><E122/><N who="0" m="46601" /><D53/><U82/><E124/><V21/><F21/><W134/><G134/><N who="2" m="51209" /><F42/><W119/><G119/><T64/><D64/><U71/><E108/><V25/><F25/><N who="3" m="14535" /><G127/><T65/><D126/><U100/><E131/><V79/><F37/><W12/><G12/><N who="0" m="7303" /><D65/><U44/><E15/><V9/><F54/><N who="3" m="30079" /><G39/><T84/><D130/><U92/><E4/><V55/><F55/><W128/><G128/><T77/><D77/><U0/><E78/><V93/><F2/><W115/><G38/><T120/><N who="0" m="46609" /><T105/><DORA hai="116" /><D105/><U29/><E0/><V18/><F18/><W30/><G30/><T117/><D117/><U48/><E29/><V74/><F74/><W57/><G115/><T67/><D67/><U90/><E112/><V62/><F49/><W58/><G58/><T11/><D11/><U95/><E48/><V1/><F1/><W20/><G20/><T88/><D84/><U106/><E106/><V5/><F5/><W32/><G32/><T46/><D46/><U6/><E44/><V132/><N who="2" m="51217" /><V69/><DORA hai="85" /><F69/><W114/><G114/><T111/><D111/><U89/><E71/><V60/><F60/><W36/><G36/><T125/><D125/><U10/><E61/><V104/><F104/><W83/><G87/><T70/><D70/><U103/><E113/><V45/><F45/><W110/><G110/><RYUUKYOKU ba="0,0" sc="242,10,288,-30,235,10,235,10" hai0="24,26,27,88" hai2="3,7,9,52,59,62,79,86,93,94" hai3="57,63,80,83,96,98,99" /><INIT seed="2,1,0,1,0,36" ten="252,258,245,245" oya="2" hai0="10,106,24,96,14,50,108,55,100,103,99,48,114" hai1="30,13,20,45,112,83,56,118,40,116,125,63,121" hai2="42,5,54,94,72,90,109,130,27,102,127,133,95" hai3="97,132,131,104,38,129,59,86,82,134,28,7,60"/><V120/><F120/><W115/><G38/><T31/><D108/><U84/><E125/><V92/><F72/><W88/><G7/><T107/><D114/><U80/><E112/><V101/><F127/><W52/><G115/><T69/><D55/><U65/><E121/><V19/><F109/><W22/><G28/><T12/><D69/><U21/><E83/><V77/><F77/><W23/><G97/><T79/><D79/><U8/><E30/><V0/><F133/><N who="3" m="51307" /><G104/><T91/><D91/><U67/><E67/><V35/><F130/><AGARI ba="1,0" hai="22,23,52,59,60,82,86,88,129,130,131" m="51307" machi="130" ten="30,7700,0" yaku="19,1,20,1,54,2" doraHai="36" who="3" fromWho="2" sc="252,0,258,0,245,-80,245,80" /><INIT seed="3,0,0,4,1,69" ten="252,258,165,325" oya="3" hai0="66,119,43,130,60,46,94,55,20,12,19,15,97" hai1="86,122,105,28,37,34,115,29,33,101,50,4,82" hai2="110,84,39,31,24,0,21,18,132,25,80,57,53" hai3="2,103,109,8,64,75,107,89,127,118,129,41,70"/><W104/><G118/><T98/><D119/><U93/><E105/><V9/><F110/><W126/><G75/><T3/><D3/><U27/><E4/><V117/><F132/><W68/><G41/><T23/><D130/><U22/><E37/><V95/><F117/><W35/><G129/><T17/><D55/><U59/><E29/><V112/><F112/><W65/><G89/><T102/><D97/><U77/><E115/><V58/><F95/><W67/><G109/><T131/><D131/><U83/><E83/><V72/><F72/><W79/><G79/><T5/><D5/><U99/><E122/><V51/><F0/><W48/><G48/><T133/><D133/><U13/><E13/><V87/><F87/><W7/><G35/><T14/><D14/><U36/><E36/><V92/><F92/><W1/><G103/><T49/><D60/><U90/><E77/><V76/><F39/><W116/><G2/><T113/><REACH who="0" step="1"/><D113/><REACH who="0" ten="242,258,165,325" step="2"/><U88/><E101/><V78/><F9/><N who="3" m="2287" /><G116/><T42/><D42/><U11/><E11/><V54/><F78/><W128/><G8/><T124/><D124/><N who="3" m="47657" /><G128/><T125/><D125/><U123/><E123/><V44/><REACH who="2" step="1"/><F53/><REACH who="2" ten="242,258,155,325" step="2"/><W111/><G111/><T106/><D106/><AGARI ba="0,2" hai="64,65,67,68,70,104,106,107" m="47657,2287" machi="106" ten="40,2000,0" yaku="18,1" doraHai="69" who="3" fromWho="0" sc="242,-20,258,0,155,0,325,40" owari="222,-18.0,258,6.0,155,-34.0,365,46.0" /></mjloggm>