<mjloggm ver="2.3"><GO type="97" lobby="0"/><UN n0="%6E%75%65%65%65%65%78" n1="%4A%48%4E" n2="%E5%B0%B1%E6%B4%BB%E7%94%9F%40%E5%B7%9D%E6%9D%91%E8%BB%8D%E5%9B%A3" n3="%E3%83%AA%E3%83%81%E3%83%A3%21%21" dan="13,13,15,15" rate="1853.67,1899.31,2012.83,1971.83" sx="M,M,M,M"/><TAIKYOKU oya="0"/><INIT seed="0,0,0,1,5,69" ten="250,250,250,250" oya="0" hai0="7,50,1,98,88,2,106,59,130,99,30,27,131" hai1="132,127,46,92,19,95,75,83,43,96,17,15,36" hai2="31,58,117,65,119,97,125,102,25,78,123,53,79" hai3="100,80,8,29,45,68,23,82,24,26,87,48,5"/><T90/><D2/><U4/><E127/><V101/><F123/><W51/><G68/><T72/><D72/><U121/><E132/><V6/><F125/><W118/><G118/><N who="2" m="45065" /><F65/><W10/><G100/><N who="2" m="38505" /><F97/><N who="0" m="36874" /><D106/><U107/><E121/><V35/><F6/><W109/><G109/><T116/><D116/><U14/><E107/><V111/><F111/><W105/><G105/><T91/><D1/><U114/><E114/><V115/><F115/><W60/><G60/><AGARI ba="0,0" hai="25,31,35,53,58,60,78,79" m="38505,45065" machi="60" ten="30,1000,0" yaku="12,1" doraHai="69" who="2" fromWho="3" sc="250,0,250,0,250,10,250,-10" /><INIT seed="1,0,0,3,4,133" ten="250,250,260,240" oya="1" hai0="57,26,99,85,62,30,10,47,71,2,13,63,51" hai1="77,106,80,32,19,1,8,40,56,126,129,104,4" hai2="60,64,0,73,55,128,110,107,119,41,109,66,92" hai3="76,9,61,25,39,17,48,52,22,21,112,132,46"/><U96/><E129/><V3/><F107/><W102/><G132/><T49/><D99/><U82/><E32/><V36/><F73/><W7/><G112/><T12/><D2/><U84/><E40/><V116/><F128/><W124/><G102/><T130/><D130/><U18/><E126/><V65/><F92/><W123/><G123/><T74/><D74/><U97/><E56/><N who="2" m="34847" /><F3/><W100/><G124/><T98/><D98/><U14/><E19/><V111/><F0/><W69/><G100/><T72/><D72/><U67/><E96/><V113/><F113/><W50/><G76/><T114/><D114/><U35/><E35/><V79/><F79/><W6/><G39/><T105/><D105/><U45/><E82/><V78/><F78/><W15/><G9/><T43/><D85/><U121/><E121/><V16/><F16/><N who="3" m="12455" /><G69/><T5/><D12/><U122/><E122/><V28/><F28/><W93/><G61/><T33/><D71/><U37/><E67/><V118/><F41/><N who="3" m="24655" /><G93/><T101/><D101/><U11/><E97/><V38/><AGARI ba="0,0" hai="36,38,64,65,66,109,110,111,116,118,119" m="34847" machi="38" ten="50,8000,1" yaku="29,2,14,1,34,2" doraHai="133" who="2" fromWho="2" sc="250,-20,250,-40,260,80,240,-20" /><INIT seed="2,0,0,0,0,38" ten="230,210,340,220" oya="2" hai0="24,123,110,93,66,124,69,86,80,79,6,85,81" hai1="134,26,131,88,103,48,61,83,115,94,129,78,72" hai2="106,20,87,12,59,43,127,118,114,0,35,16,65" hai3="34,18,133,47,62,25,46,13,125,52,32,76,95"/><V8/><F114/><W97/><G133/><T130/><D123/><U40/><E134/><V21/><F118/><W120/><G125/><T122/><D122/><U36/><E115/><V71/><F106/><W58/><G120/><T42/><D124/><U119/><E119/><V5/><F35/><W17/><G76/><T37/><D6/><U55/><E26/><V105/><F71/><W30/><G34/><T112/><D112/><U135/><E135/><V54/><F105/><W104/><G104/><T10/><D10/><U92/><E92/><V73/><F73/><W3/><G3/><T41/><D37/><U29/><E29/><V107/><F107/><W102/><REACH who="3" step="1"/><G18/><REACH who="3" ten="230,210,340,210" step="2"/><T9/><D79/><U117/><E117/><V1/><F1/><W56/><G56/><T27/><D69/><U63/><E103/><V60/><F127/><W91/><G91/><T84/><D9/><AGARI ba="0,1" hai="9,13,17,25,30,32,46,47,52,58,62,95,97,102" machi="9" ten="30,3900,0" yaku="1,1,7,1,54,1,53,0" doraHai="38" doraHaiUra="45" who="3" fromWho="0" sc="230,-39,210,0,340,0,210,49" /><INIT seed="3,0,0,1,2,71" ten="191,210,340,259" oya="3" hai0="2,81,17,131,75,25,67,70,52,96,45,41,128" hai1="60,97,63,27,103,38,35,3,64,108,93,49,12" hai2="105,90,24,120,118,111,112,28,113,101,115,11,32" hai3="19,51,69,92,126,43,99,36,31,55,61,8,80"/><W53/><G126/><T39/><D2/><U122/><E122/><V56/><F118/><W91/><G31/><T57/><D96/><U4/><E108/><V134/><F111/><W33/><G33/><T21/><D75/><U37/><E63/><V114/><F120/><W1/><G80/><T88/><D81/><U100/><E3/><V130/><F134/><W94/><G69/><T87/><D70/><U74/><E74/><V66/><F130/><N who="0" m="49706" /><D67/><U65/><E65/><V83/><F112/><W48/><G61/><N who="0" m="36007" /><D87/><U44/><E103/><V95/><F105/><W135/><G1/><T47/><D47/><U6/><E35/><V15/><F83/><W116/><G99/><T54/><D54/><U127/><E127/><V42/><F101/><W7/><G53/><T16/><D88/><U18/><E27/><V107/><F107/><W110/><G55/><T34/><D34/><U9/><E4/><V14/><F66/><W106/><G91/><T79/><D79/><U58/><E6/><V125/><F125/><W89/><G89/><T82/><D82/><U124/><E124/><V13/><F90/><W5/><G110/><T132/><D132/><U59/><E59/><V76/><F56/><W109/><G135/><T72/><D72/><U30/><E30/><AGARI ba="0,0" hai="16,17,21,25,30,39,41,45" m="36007,49706" machi="30" ten="30,7700,0" yaku="19,1,52,1,54,2" doraHai="71" who="0" fromWho="1" sc="191,77,210,-77,340,0,259,0" owari="268,7.0,133,-37.0,340,44.0,259,-14.0" /></mjloggm>