<mjloggm ver="2.3"><GO type="97" lobby="0"/><UN n0="%EF%BC%A3%EF%BC%B6%E3%83%BB%E5%A4%A9%E6%B1%9F%E8%A1%A3" n1="%48%2D%4B%69%73%65%6B%69" n2="%E5%B0%B1%E6%B4%BB%E7%94%9F%40%E5%B7%9D%E6%9D%91%E8%BB%8D%E5%9B%A3" n3="%74%6F%73%69" dan="13,14,15,15" rate="1886.91,1995.34,2019.41,2022.77" sx="M,M,M,M"/><TAIKYOKU oya="0"/><INIT seed="0,0,0,0,3,54" ten="250,250,250,250" oya="0" hai0="124,104,112,80,115,56,107,10,1,46,0,94,109" hai1="19,42,131,36,5,52,129,38,82,14,17,15,64" hai2="11,27,8,99,74,21,28,97,81,53,127,77,79" hai3="83,106,90,130,78,96,31,122,20,117,25,48,120"/><T26/><D80/><U113/><E113/><N who="0" m="43593" /><D94/><U24/><E64/><V88/><F127/><W125/><G117/><T110/><D26/><U133/><E133/><V61/><F97/><W95/><G125/><T114/><N who="0" m="43601" /><T71/><DORA hai="101" /><D124/><U33/><E5/><V40/><F40/><W12/><G130/><N who="1" m="49674" /><E82/><V98/><F98/><W132/><G106/><N who="0" m="40491" /><D46/><N who="1" m="23879" /><E38/><V58/><REACH who="2" step="1"/><F77/><REACH who="2" ten="250,250,240,250" step="2"/><W39/><G132/><T41/><D41/><U93/><E93/><AGARI ba="0,1" hai="8,11,21,27,28,53,58,61,74,79,81,88,93,99" machi="93" ten="40,8000,1" yaku="1,1,2,1,52,1,54,1,53,1" doraHai="54,101" doraHaiUra="60,92" who="2" fromWho="1" sc="250,0,250,-80,240,90,250,0" /><INIT seed="1,0,0,2,1,14" ten="250,170,330,250" oya="1" hai0="96,59,109,114,104,61,42,124,65,60,58,6,51" hai1="62,63,115,25,87,90,27,5,134,84,70,129,36" hai2="20,74,49,67,21,69,50,131,28,46,32,19,135" hai3="86,22,34,123,117,79,73,113,68,120,105,30,71"/><U91/><E115/><V106/><F74/><W33/><G113/><T45/><D114/><U1/><E36/><V89/><F106/><W66/><G105/><T101/><D109/><U78/><E129/><V80/><F131/><W107/><G73/><T133/><D124/><U10/><E134/><V54/><F135/><W16/><G107/><T41/><D133/><U39/><E39/><V17/><F32/><W127/><G117/><T95/><D6/><U26/><E78/><V15/><F28/><W83/><G127/><T125/><D125/><U81/><REACH who="1" step="1"/><E70/><REACH who="1" ten="250,160,330,250" step="2"/><V38/><F38/><W44/><G71/><T12/><D104/><U99/><E99/><V128/><F69/><W98/><G98/><T82/><D12/><U4/><E4/><V110/><F128/><W35/><G120/><T23/><D23/><U132/><E132/><V0/><F21/><W97/><G97/><T126/><D126/><U7/><E7/><V102/><F20/><W111/><G123/><T94/><D42/><U18/><E18/><V76/><F19/><W88/><G79/><T122/><D122/><U9/><E9/><V8/><F17/><W72/><G68/><T43/><D41/><U130/><E130/><V119/><F8/><W77/><G35/><T64/><D96/><U85/><E85/><V116/><F15/><W118/><G34/><T121/><D101/><U55/><E55/><V53/><F53/><W93/><G77/><T108/><D121/><U48/><E48/><V57/><F54/><W3/><G86/><T37/><D108/><U92/><AGARI ba="0,1" hai="1,5,10,25,26,27,62,63,81,84,87,90,91,92" machi="92" ten="30,3000,0" yaku="1,1,0,1,53,0" doraHai="14" doraHaiUra="100" who="1" fromWho="1" sc="250,-10,160,40,330,-10,250,-10" /><INIT seed="1,1,0,4,5,7" ten="240,200,320,240" oya="1" hai0="60,81,89,93,43,110,135,125,19,35,64,62,90" hai1="119,46,56,58,126,115,45,120,96,123,23,39,77" hai2="102,127,134,48,2,8,52,103,80,32,88,59,68" hai3="31,73,53,101,131,55,13,36,91,72,57,5,42"/><U129/><E119/><V118/><F68/><W49/><G131/><T41/><D35/><U107/><E115/><V84/><F32/><W18/><G5/><T17/><D135/><U3/><E3/><V34/><F34/><W40/><G101/><T112/><D125/><U86/><E126/><V65/><F118/><W106/><G106/><T61/><D112/><U74/><E74/><V10/><F127/><W24/><G36/><T14/><D110/><U21/><E129/><V83/><F134/><W25/><G73/><T4/><D64/><U30/><E77/><V11/><F2/><W70/><G70/><T51/><D51/><U95/><E107/><V9/><N who="2" m="2560" /><DORA hai="132" /><V37/><F37/><W78/><G55/><T44/><D14/><U69/><E69/><V79/><REACH who="2" step="1"/><F65/><REACH who="2" ten="240,200,310,240" step="2"/><W27/><G72/><AGARI ba="1,1" hai="48,52,59,72,79,80,83,84,88,102,103" m="2560" machi="72" ten="50,16000,3" yaku="1,1,2,1,52,4,54,2,53,0" doraHai="7,132" doraHaiUra="16,121" who="2" fromWho="3" sc="240,0,200,0,310,173,240,-163" /><INIT seed="2,0,0,2,4,1" ten="240,200,483,77" oya="2" hai0="46,62,33,81,129,122,111,108,7,82,89,70,64" hai1="47,71,83,100,85,93,40,84,6,106,115,104,50" hai2="133,102,51,91,52,113,3,39,16,92,20,95,61" hai3="22,11,12,97,110,109,13,38,118,86,72,60,41"/><V25/><F39/><W32/><G118/><T99/><D33/><U4/><E115/><V0/><F113/><W105/><G32/><T18/><D122/><U21/><E71/><V98/><F133/><W17/><G72/><T23/><D129/><U2/><E2/><V14/><F61/><W124/><G124/><T31/><D31/><U8/><E8/><V88/><F25/><W35/><G35/><T48/><D99/><N who="1" m="59503" /><E104/><V112/><F112/><W78/><G60/><T9/><D89/><U107/><E107/><V58/><F102/><W37/><G41/><T120/><D120/><U121/><E106/><V5/><F5/><N who="1" m="2153" /><E121/><V42/><F42/><W127/><G127/><T116/><D108/><N who="3" m="41577" /><G97/><AGARI ba="0,0" hai="0,3,14,16,20,51,52,58,88,91,92,95,97,98" machi="97" ten="30,12000,1" yaku="7,1,9,1,54,3" doraHai="1" who="2" fromWho="3" sc="240,0,200,0,483,120,77,-120" owari="240,4.0,200,-20.0,603,70.0,-43,-54.0" /></mjloggm>