<mjloggm ver="2.3"><GO type="97" lobby="0"/><UN n0="%E5%B0%B1%E6%B4%BB%E7%94%9F%40%E5%B7%9D%E6%9D%91%E8%BB%8D%E5%9B%A3" n1="%E3%81%93%E3%82%8C%E3%81%AF%EF%BD%97%EF%BD%97%EF%BD%97" n2="%63%6F%6E%75%6C%61" n3="%E3%83%A8%E3%82%B9%E3%82%AC%E3%83%8E%E3%83%A4%E3%83%A4" dan="14,14,15,13" rate="1992.19,1973.57,2066.16,2016.71" sx="M,F,M,M"/><TAIKYOKU oya="0"/><INIT seed="0,0,0,5,1,125" ten="250,250,250,250" oya="0" hai0="45,6,20,32,52,2,74,10,112,134,44,86,101" hai1="25,76,4,127,109,126,13,85,0,133,62,99,78" hai2="130,84,46,107,89,1,71,88,117,73,38,100,56" hai3="8,91,121,16,22,70,55,92,12,72,87,47,97"/><T35/><D74/><U15/><E109/><V37/><F73/><W19/><G72/><T60/><D112/><U93/><E133/><V94/><F71/><W98/><G70/><T102/><D134/><U96/><E0/><V31/><F1/><W58/><G47/><T116/><D116/><U3/><E3/><V48/><F117/><W57/><G121/><T17/><D86/><U41/><E25/><V36/><F31/><W122/><G122/><T95/><D45/><U75/><E75/><V61/><F89/><W23/><G8/><T28/><D28/><U67/><E41/><V132/><F132/><W104/><G104/><T30/><D30/><U108/><E108/><V129/><F100/><W7/><G7/><T64/><D95/><U80/><E78/><V81/><F107/><W124/><G124/><N who="1" m="47658" /><E4/><V24/><F24/><N who="3" m="14407" /><G57/><N who="0" m="36879" /><D35/><U53/><E53/><V123/><F123/><W51/><AGARI ba="0,0" hai="12,19,23,51,55,58,87,91,92,97,98" m="14407" machi="51" ten="30,4000,0" yaku="25,1,8,1,54,1" doraHai="125" who="3" fromWho="3" sc="250,-20,250,-10,250,-10,250,40" /><INIT seed="1,0,0,2,5,90" ten="230,240,240,290" oya="1" hai0="18,89,14,36,47,134,23,44,96,1,63,43,98" hai1="128,74,109,101,81,6,126,7,45,57,76,39,59" hai2="78,106,55,8,4,58,115,102,37,118,19,25,34" hai3="86,65,38,54,114,103,69,112,130,27,5,49,41"/><U80/><E128/><V108/><F37/><W79/><G130/><T11/><D134/><U122/><E122/><V124/><F118/><W0/><G103/><T46/><D63/><U16/><E126/><V52/><F124/><W35/><G5/><T92/><D1/><U3/><E101/><V77/><F115/><W123/><G0/><T51/><D36/><U100/><E100/><V83/><F108/><W132/><G123/><T95/><D11/><U62/><E109/><V24/><F78/><W71/><G132/><T131/><D131/><U61/><E81/><V107/><F25/><W31/><G79/><T10/><D10/><U111/><E111/><V26/><F26/><W116/><G116/><T75/><D75/><U84/><E84/><V56/><F56/><N who="3" m="32847" /><G86/><T135/><D135/><U97/><E97/><V127/><F127/><W68/><G68/><T12/><D12/><U72/><E72/><V88/><F102/><AGARI ba="0,0" hai="14,18,23,43,44,46,47,51,89,92,95,96,98,102" machi="102" ten="30,7700,0" yaku="7,1,8,1,52,2" doraHai="90" who="0" fromWho="2" sc="230,77,240,0,240,-77,290,0" /><INIT seed="2,0,0,2,0,22" ten="307,240,163,290" oya="2" hai0="69,43,8,5,19,103,105,85,12,76,86,120,106" hai1="44,134,132,95,130,83,60,91,31,25,30,131,34" hai2="63,55,36,125,114,128,57,101,96,126,29,14,82" hai3="110,61,35,53,28,26,99,15,3,10,51,118,18"/><V13/><F36/><W77/><G110/><T127/><D120/><U0/><E0/><V100/><F114/><W81/><G118/><T24/><D69/><U2/><E2/><V7/><F128/><N who="1" m="49193" /><E60/><V47/><F47/><W21/><G61/><T40/><D127/><N who="2" m="48650" /><F82/><W73/><G99/><T70/><D70/><U23/><E44/><V104/><F100/><W122/><G122/><T107/><D103/><U116/><E116/><V54/><F7/><W72/><G3/><T11/><D76/><U93/><E83/><V64/><F29/><W115/><G115/><T84/><D8/><U46/><E46/><V89/><F89/><W49/><G49/><T124/><D124/><U123/><E123/><V80/><F80/><W50/><G50/><T48/><D48/><U135/><E91/><V92/><F104/><W37/><G37/><T98/><D98/><U6/><E6/><V59/><F64/><W52/><G51/><AGARI ba="0,0" hai="13,14,51,54,55,57,59,63,92,96,101" m="48650" machi="51" ten="30,1500,0" yaku="18,1" doraHai="22" who="2" fromWho="3" sc="307,0,240,0,163,15,290,-15" /><INIT seed="2,1,0,5,4,96" ten="307,240,178,275" oya="2" hai0="134,57,123,26,87,40,32,38,34,43,39,2,122" hai1="54,30,25,76,78,74,85,50,44,86,62,72,120" hai2="68,59,13,23,73,89,104,121,77,49,135,56,109" hai3="91,98,99,60,1,21,112,67,61,63,27,29,127"/><V124/><F68/><W97/><G1/><T80/><D2/><U64/><E120/><V133/><F121/><W22/><G127/><T105/><D105/><U117/><E117/><V41/><F124/><W8/><G112/><T53/><D134/><N who="2" m="51210" /><F104/><W102/><G8/><T115/><D115/><U82/><E74/><V24/><F13/><W130/><G130/><T66/><D66/><U92/><E76/><V69/><F69/><W20/><G91/><T14/><D14/><U83/><E83/><N who="2" m="45487" /><F89/><W132/><G132/><T6/><D6/><U88/><E72/><V18/><F109/><W131/><G131/><T10/><D10/><U108/><E108/><V37/><F37/><W94/><REACH who="3" step="1"/><G67/><REACH who="3" ten="307,240,178,265" step="2"/><T84/><D122/><U45/><E64/><V126/><F126/><W114/><G114/><T33/><D123/><U75/><E88/><V11/><F11/><W79/><G79/><T51/><D80/><U110/><E82/><V42/><F42/><W103/><G103/><T116/><D116/><U52/><E78/><V28/><F28/><W65/><G65/><T9/><D43/><U3/><E30/><V106/><F106/><W119/><G119/><T19/><D40/><U107/><E107/><V0/><F0/><W36/><G36/><T4/><D39/><U48/><E3/><V101/><F101/><W46/><G46/><AGARI ba="1,1" hai="18,23,24,41,46,49,56,59" m="45487,51210" machi="46" ten="30,1500,0" yaku="20,1" doraHai="96" who="2" fromWho="3" sc="307,0,240,0,178,28,265,-18" /><INIT seed="2,2,0,3,4,26" ten="307,240,206,247" oya="2" hai0="34,8,86,15,98,48,73,44,124,71,40,45,65" hai1="89,113,72,14,47,104,77,105,55,79,23,95,115" hai2="1,132,121,21,37,16,88,114,24,50,0,29,108" hai3="42,116,30,78,5,2,133,100,123,59,4,85,25"/><V52/><F37/><W32/><G123/><T28/><D73/><U126/><E126/><V11/><F121/><W112/><G116/><T131/><D124/><U56/><E47/><V67/><F114/><W31/><G133/><T109/><D109/><U18/><E115/><V46/><F67/><W91/><G112/><T10/><D131/><U111/><E111/><V135/><F108/><W74/><G100/><T107/><D86/><U134/><E134/><N who="2" m="51243" /><F88/><W76/><G42/><T38/><D15/><AGARI ba="2,0" hai="0,1,11,15,16,21,24,29,46,50,52" m="51243" machi="15" ten="30,11600,0" yaku="20,1,52,1,54,2" doraHai="26" who="2" fromWho="0" sc="307,-122,240,0,206,122,247,0" /><INIT seed="2,3,0,4,0,14" ten="185,240,328,247" oya="2" hai0="89,67,79,76,15,94,72,122,133,52,26,74,63" hai1="12,104,19,51,118,65,3,120,84,55,17,73,38" hai2="53,109,102,115,97,6,30,117,134,87,7,80,39" hai3="66,48,42,128,124,36,18,37,77,29,69,35,68"/><V54/><F39/><W32/><G77/><N who="0" m="29771" /><D72/><U127/><E118/><V70/><F117/><W92/><G36/><T13/><D74/><U91/><E38/><V22/><F70/><W125/><G37/><T2/><D2/><U40/><E3/><V16/><F115/><W33/><G33/><T95/><D122/><U78/><E104/><V46/><F30/><W112/><G32/><T71/><D71/><U47/><E120/><V4/><F134/><W88/><G35/><T107/><D107/><U131/><E131/><V1/><F1/><W62/><G69/><T60/><D133/><U41/><E127/><V44/><F109/><W90/><G128/><T114/><D114/><U45/><E78/><N who="2" m="46487" /><F97/><W126/><G112/><T82/><D26/><U11/><E65/><V49/><F102/><W98/><G68/><T129/><D129/><U110/><E110/><V111/><F111/><W93/><G124/><T101/><D67/><U81/><E73/><V23/><F23/><W25/><G66/><T106/><D106/><U27/><E47/><N who="2" m="17963" /><F49/><W10/><G48/><T119/><D119/><U64/><E64/><V24/><AGARI ba="3,0" hai="4,6,7,16,22,24,53,54" m="17963,46487" machi="24" ten="30,6000,0" yaku="8,1,52,1,54,1" doraHai="14" who="2" fromWho="2" sc="185,-23,240,-23,328,69,247,-23" /><INIT seed="2,4,0,1,0,47" ten="162,217,397,224" oya="2" hai0="14,71,81,22,107,18,11,31,97,77,108,126,78" hai1="28,106,110,120,50,83,74,30,55,37,102,90,85" hai2="93,84,60,96,127,35,82,48,54,21,57,39,10" hai3="63,3,117,100,12,38,122,2,119,45,27,68,105"/><V40/><F35/><W121/><G12/><T86/><D71/><U130/><E37/><V8/><F127/><W9/><G27/><T19/><D126/><U15/><E110/><V0/><F39/><W112/><G112/><T62/><D108/><U29/><E130/><V43/><F21/><W69/><G100/><T46/><D31/><U114/><E114/><V98/><F98/><W25/><G25/><T72/><D72/><U65/><E65/><V33/><F33/><W51/><G51/><T49/><D62/><U75/><E120/><N who="3" m="46186" /><G105/><T128/><D128/><U16/><E102/><V26/><F26/><W53/><G53/><N who="0" m="29879" /><D97/><U34/><E106/><V89/><F60/><W125/><G125/><T109/><D107/><U101/><E101/><V134/><F134/><W5/><G2/><T104/><D104/><U23/><REACH who="1" step="1"/><E34/><REACH who="1" ten="162,207,397,224" step="2"/><V111/><F111/><W17/><G119/><T56/><D109/><U129/><E129/><V70/><F70/><W73/><G117/><T135/><D135/><U7/><E7/><V24/><F0/><W116/><G116/><T80/><D56/><AGARI ba="4,1" hai="15,16,23,28,29,30,50,55,56,74,75,83,85,90" machi="56" ten="40,5200,0" yaku="1,1,52,1,54,1,53,0" doraHai="47" doraHaiUra="58" who="1" fromWho="0" sc="162,-64,207,74,397,0,224,0" /><INIT seed="3,0,0,5,3,16" ten="98,281,397,224" oya="3" hai0="68,58,106,116,60,87,112,54,65,4,32,27,93" hai1="98,88,96,20,83,24,61,120,11,107,62,37,119" hai2="73,126,110,56,97,64,19,128,3,55,122,25,40" hai3="10,67,77,44,85,50,70,129,76,1,52,18,135"/><W103/><G129/><T75/><D106/><U30/><E37/><V90/><F3/><W121/><G121/><T99/><D75/><U84/><E120/><V66/><F122/><W38/><G135/><T91/><D116/><U53/><E119/><V45/><F73/><W0/><G103/><T41/><D112/><U81/><E107/><V111/><F128/><W31/><G31/><T89/><D41/><U117/><E117/><V130/><F130/><W132/><G132/><T2/><D4/><U72/><E72/><V21/><F126/><W49/><G49/><T51/><D2/><U13/><E81/><V28/><F28/><W69/><G67/><T23/><D32/><U95/><E53/><V34/><F34/><W5/><G38/><T74/><D74/><U46/><E46/><V101/><F90/><W39/><G39/><T86/><D68/><U113/><E113/><V125/><F125/><W134/><G70/><T22/><D27/><U59/><E59/><V104/><F45/><W26/><G44/><T6/><D6/><N who="1" m="3319" /><E98/><V78/><F78/><AGARI ba="0,0" hai="20,24,30,61,62,78,83,84,88,95,96" m="3319" machi="78" ten="30,3900,0" yaku="8,1,52,1,54,1" doraHai="16" who="1" fromWho="2" sc="98,0,281,39,397,-39,224,0" owari="98,-40.0,320,12.0,358,46.0,224,-18.0" /></mjloggm>