<mjloggm ver="2.3"><GO type="169" lobby="0"/><UN n0="%E3%82%A6%E3%83%AB%E3%83%88%E3%83%A9%E7%AB%8B%E7%9B%B4" n1="%49%53%53%4F%4E%34" n2="%E7%89%8C%E5%BB%83%E4%BA%BA" n3="%E3%82%B4%E3%83%B3%E3%82%BE%E3%83%A1%E3%82%B9%E5%A4%A7%E5%86%85" dan="17,17,17,16" rate="2192.03,2174.16,2242.58,2074.72" sx="M,M,M,M"/><TAIKYOKU oya="0"/><INIT seed="0,0,0,4,1,92" ten="250,250,250,250" oya="0" hai0="5,68,77,70,14,28,49,103,9,119,88,87,91" hai1="124,121,13,55,95,115,131,59,3,46,35,130,11" hai2="134,97,89,58,78,39,23,127,29,94,67,7,106" hai3="38,102,48,85,123,109,128,133,44,22,10,50,37"/><T116/><D103/><U117/><E121/><V21/><F39/><W36/><G123/><T65/><D28/><U12/><E117/><V33/><F134/><W47/><G133/><T54/><D77/><U31/><E46/><V113/><F113/><W84/><G10/><T112/><D112/><U0/><E115/><V104/><F33/><W86/><G22/><T40/><D40/><U107/><E107/><V4/><F127/><W43/><G102/><T2/><D2/><U114/><E95/><V100/><F78/><W15/><G15/><N who="1" m="5706" /><E11/><V126/><F126/><W32/><G32/><T73/><D73/><U122/><E122/><V52/><F67/><W6/><G109/><T79/><D79/><U72/><E72/><V62/><F106/><W26/><G26/><T71/><D65/><U83/><E83/><V69/><F69/><W82/><G6/><T63/><D63/><U57/><E124/><V101/><F101/><W53/><REACH who="3" step="1"/><G128/><REACH who="3" ten="250,250,250,240" step="2"/><T18/><D5/><U64/><E114/><V108/><F108/><W96/><G96/><T76/><D76/><AGARI ba="0,1" hai="36,37,38,43,44,47,48,50,53,76,82,84,85,86" machi="76" ten="40,8000,1" yaku="1,1,53,3" doraHai="92" doraHaiUra="80" who="3" fromWho="0" sc="250,-80,250,0,250,0,240,90" /><INIT seed="1,0,0,3,3,124" ten="170,250,250,330" oya="1" hai0="58,118,28,123,53,81,49,35,74,79,57,102,103" hai1="21,125,86,73,108,45,93,13,39,32,55,60,104" hai2="94,122,91,47,77,42,43,121,0,17,20,56,2" hai3="18,37,120,87,29,65,111,105,19,46,80,27,50"/><U129/><E32/><V98/><F77/><W40/><G120/><T67/><D118/><U14/><E104/><V31/><F31/><W1/><G111/><T54/><D67/><U5/><E73/><V134/><F134/><W83/><G105/><T115/><D115/><U113/><E113/><V114/><F114/><W44/><G1/><T95/><D123/><U84/><E39/><V92/><F122/><W6/><G6/><T61/><D35/><U89/><E125/><V110/><F121/><W10/><G10/><T116/><D116/><U8/><E108/><V75/><F75/><W4/><G4/><T9/><D28/><U62/><E86/><V119/><F119/><W41/><G83/><T66/><D9/><U71/><E71/><V3/><F110/><W23/><REACH who="3" step="1"/><G65/><REACH who="3" ten="170,250,250,320" step="2"/><T90/><REACH who="0" step="1"/><D66/><REACH who="0" ten="160,250,250,320" step="2"/><U16/><REACH who="1" step="1"/><E129/><REACH who="1" ten="160,240,250,320" step="2"/><V130/><F130/><W96/><G96/><AGARI ba="0,3" hai="49,53,54,57,58,61,74,79,81,90,95,96,102,103" machi="96" ten="30,3900,0" yaku="1,1,2,1,7,1,53,0" doraHai="124" doraHaiUra="7" who="0" fromWho="3" sc="160,69,240,0,250,0,320,-39" /><INIT seed="2,0,0,2,5,99" ten="229,240,250,281" oya="2" hai0="98,1,95,127,26,6,4,112,122,85,106,81,32" hai1="40,63,89,80,11,69,70,61,110,120,33,43,9" hai2="90,78,87,100,39,2,29,132,53,7,46,124,114" hai3="72,42,35,25,67,14,16,60,52,116,3,10,119"/><V88/><F114/><W56/><G72/><T123/><D112/><U105/><E33/><V18/><F29/><W128/><G128/><T74/><D127/><U103/><E80/><N who="2" m="47511" /><F2/><W57/><G42/><T134/><D134/><U23/><E105/><V96/><F39/><W38/><G38/><T64/><D74/><U55/><E120/><V111/><F7/><W135/><G3/><T93/><D106/><U48/><E89/><V86/><F132/><W65/><G65/><T30/><D93/><U131/><E131/><V34/><F34/><W129/><G129/><T107/><D107/><U71/><E71/><V68/><F68/><W20/><G35/><T24/><D64/><U45/><E45/><V50/><F124/><W102/><G102/><T125/><D24/><U8/><E103/><V31/><F31/><W109/><G135/><T15/><D15/><U13/><E70/><V91/><F111/><W83/><G109/><T77/><D125/><U97/><E69/><V59/><F18/><W104/><G104/><T22/><D32/><U133/><E110/><V51/><F96/><W75/><G119/><T54/><D54/><U28/><E97/><V126/><F126/><W66/><G116/><T94/><D94/><U0/><E0/><V5/><F5/><N who="0" m="2154" /><D1/><U49/><E133/><V44/><F100/><W62/><G67/><T79/><D79/><U121/><E121/><V27/><F27/><W118/><G118/><T47/><D47/><N who="2" m="17962" /><F86/><W19/><G75/><T113/><D113/><U92/><E28/><V115/><F115/><W108/><G108/><T12/><D12/><RYUUKYOKU ba="0,0" sc="229,10,240,-30,250,10,281,10" hai0="22,26,30,77,81,85,95,98,122,123" hai2="50,51,53,59,88,90,91" hai3="10,14,16,19,20,25,52,56,57,60,62,66,83" /><INIT seed="2,1,0,0,5,101" ten="239,210,260,291" oya="2" hai0="14,80,69,41,124,62,85,53,132,0,64,76,127" hai1="131,119,51,126,123,35,28,107,15,47,59,121,89" hai2="52,94,23,99,16,29,63,98,50,91,73,105,104" hai3="115,31,13,10,129,72,114,88,111,2,7,26,34"/><V122/><F122/><W83/><G111/><T96/><D0/><U36/><E119/><V37/><F37/><W92/><G129/><T100/><D132/><U49/><E131/><V58/><F73/><W65/><G65/><T18/><D53/><U12/><E36/><V102/><F29/><W130/><G130/><T32/><D41/><U45/><E89/><V60/><F105/><W110/><G110/><T75/><D32/><U66/><E28/><V108/><F108/><W11/><G83/><T48/><D48/><U56/><E35/><V8/><F8/><W33/><G72/><T44/><D44/><U70/><E126/><V19/><F19/><N who="3" m="8631" /><G88/><T4/><D4/><U17/><E17/><V20/><F20/><N who="3" m="15815" /><G92/><T25/><D25/><AGARI ba="1,0" hai="16,23,25,50,52,58,60,63,91,94,98,99,102,104" machi="25" ten="30,11600,0" yaku="7,1,52,1,54,2" doraHai="101" who="2" fromWho="0" sc="239,-119,210,0,260,119,291,0" /><INIT seed="2,2,0,3,1,97" ten="120,210,379,291" oya="2" hai0="22,120,95,47,13,38,43,64,76,29,113,84,46" hai1="3,53,101,73,57,58,52,70,48,51,21,71,31" hai2="85,14,32,68,110,116,134,37,81,0,61,50,107" hai3="106,25,119,93,77,90,54,49,109,98,105,65,17"/><V1/><F116/><W24/><G109/><T118/><D120/><U117/><E73/><V91/><F37/><W124/><G124/><T39/><D113/><U8/><E117/><V112/><F112/><W126/><G126/><T78/><D118/><U114/><E114/><V44/><F32/><W5/><G77/><T34/><D64/><U55/><E55/><V42/><F134/><W69/><G5/><T33/><D95/><U94/><E3/><V16/><F107/><W129/><G129/><T125/><D125/><U59/><E59/><V66/><REACH who="2" step="1"/><F110/><REACH who="2" ten="120,210,369,291" step="2"/><W86/><G106/><T79/><D34/><U83/><E83/><V4/><F4/><W87/><G105/><T20/><D33/><U104/><E104/><V111/><F111/><W40/><G119/><T108/><D108/><U45/><E45/><V2/><F2/><W35/><G35/><T15/><D47/><U26/><E8/><AGARI ba="2,1" hai="0,1,8,14,16,42,44,50,61,66,68,81,85,91" machi="8" ten="30,5800,0" yaku="1,1,7,1,54,1,53,0" doraHai="97" doraHaiUra="121" who="2" fromWho="1" sc="120,0,210,-64,369,74,291,0" /><INIT seed="2,3,0,5,0,89" ten="120,146,443,291" oya="2" hai0="88,116,22,112,101,10,20,32,49,81,86,29,40" hai1="61,72,96,39,9,55,18,34,7,74,124,46,28" hai2="113,128,35,54,109,37,6,125,66,120,82,126,90" hai3="64,110,91,50,102,62,115,79,87,30,33,16,14"/><V57/><F35/><W42/><G102/><T58/><D112/><U135/><E18/><V106/><F106/><W2/><G2/><T68/><D68/><U130/><E55/><V131/><F6/><W60/><G33/><T75/><D116/><U25/><E124/><N who="2" m="47723" /><F113/><W63/><G30/><T38/><D75/><U121/><E130/><N who="2" m="49707" /><F37/><W78/><G110/><T133/><D10/><U8/><E8/><V69/><F82/><N who="3" m="49655" /><G64/><T24/><D38/><U19/><E9/><V134/><F90/><W47/><G115/><T71/><D71/><U45/><E39/><V118/><F120/><W43/><G42/><T103/><D32/><U12/><E7/><V76/><F76/><W77/><G79/><T1/><D1/><U99/><E34/><V21/><F21/><AGARI ba="3,0" hai="14,16,21,43,47,50,60,62,63,77,78" m="49655" machi="21" ten="30,2000,0" yaku="8,1,54,1" doraHai="89" who="3" fromWho="2" sc="120,0,146,0,443,-29,291,29" /><INIT seed="3,0,0,5,4,61" ten="120,146,414,320" oya="3" hai0="52,63,96,72,123,50,78,115,40,83,120,92,69" hai1="51,105,113,129,24,91,79,44,11,35,88,10,3" hai2="106,19,12,60,130,74,65,20,54,114,85,41,112" hai3="108,64,4,131,22,36,66,17,119,53,25,14,31"/><W2/><G119/><T132/><D132/><U32/><E105/><V27/><F74/><W42/><G42/><T62/><D115/><U135/><E113/><V86/><F106/><W81/><G36/><T77/><D77/><U133/><E79/><V39/><F130/><W38/><G38/><T134/><D134/><N who="1" m="51211" /><E129/><V13/><F114/><W89/><G131/><T58/><D40/><U125/><E125/><V8/><F112/><W30/><G30/><T18/><D18/><U59/><E59/><N who="2" m="37023" /><F41/><W5/><G53/><T76/><D76/><U117/><E117/><V56/><F39/><W122/><G122/><T80/><D80/><U95/><E91/><V109/><F109/><W124/><G124/><T7/><D7/><N who="3" m="2633" /><G2/><T128/><D128/><U23/><E3/><V107/><F107/><W103/><G103/><T29/><D29/><N who="1" m="17567" /><E51/><N who="2" m="30815" /><F13/><W118/><G108/><T97/><D120/><U43/><E44/><V75/><F75/><W48/><G118/><T68/><D123/><U16/><E43/><V57/><F57/><W15/><G15/><T34/><D69/><U127/><E127/><V104/><F104/><W28/><G28/><AGARI ba="0,0" hai="8,12,19,20,27,28,85,86" m="30815,37023" machi="28" ten="30,2000,0" yaku="8,1,52,1" doraHai="61" who="2" fromWho="3" sc="120,0,146,0,414,20,320,-20" /><INIT seed="4,0,0,2,4,49" ten="120,146,434,300" oya="0" hai0="92,19,108,135,35,112,40,27,78,72,70,50,10" hai1="58,120,82,87,22,34,4,98,65,0,60,133,100" hai2="52,74,94,101,28,109,89,13,20,110,62,134,88" hai3="15,31,57,42,59,104,9,12,106,54,18,95,11"/><T119/><D119/><U23/><E133/><V44/><F74/><W56/><G42/><T5/><D135/><U128/><E128/><V105/><F134/><W97/><G106/><T24/><D112/><U67/><E120/><V127/><F105/><W76/><G76/><T25/><D108/><U115/><E34/><V86/><F127/><W7/><G104/><T117/><D117/><U93/><E115/><V1/><F1/><W80/><G80/><T132/><D132/><U39/><E39/><V118/><F118/><W3/><G3/><T33/><D70/><U26/><E0/><V116/><F116/><W55/><REACH who="3" step="1"/><G31/><REACH who="3" ten="120,146,434,290" step="2"/><T84/><D40/><U75/><E75/><V107/><F110/><W96/><G96/><T61/><D78/><U46/><E82/><V6/><F107/><W66/><G66/><T122/><D72/><U8/><E67/><V130/><F28/><W43/><G43/><T131/><D122/><U45/><E87/><V121/><F121/><W53/><G53/><T63/><D131/><U38/><E38/><V48/><F130/><W29/><G29/><T129/><D129/><U126/><E126/><V102/><F86/><W113/><G113/><T51/><D84/><U37/><E37/><V41/><F41/><W91/><AGARI ba="0,1" hai="7,9,11,12,15,18,54,55,56,57,59,91,95,97" machi="91" ten="30,8000,1" yaku="1,1,0,1,8,1,52,2,53,0" doraHai="49" doraHaiUra="64" who="3" fromWho="3" sc="120,-40,146,-20,434,-20,290,90" /><INIT seed="5,0,0,1,2,41" ten="80,126,414,380" oya="1" hai0="5,135,39,22,19,11,61,84,27,124,49,131,76" hai1="18,112,54,26,60,100,128,99,14,101,33,28,109" hai2="126,79,120,111,130,56,68,114,29,97,65,12,10" hai3="30,58,3,98,38,115,59,43,75,46,55,82,21"/><U51/><E128/><V67/><F111/><W102/><G3/><T134/><D39/><U89/><E109/><V127/><F120/><W6/><G6/><T78/><D131/><U72/><E72/><V20/><F68/><W4/><G4/><T93/><D124/><N who="2" m="47658" /><F130/><W47/><G115/><T16/><D61/><U7/><E7/><V34/><F34/><W57/><G75/><T69/><D69/><U108/><E108/><V74/><F97/><W87/><G38/><T107/><D107/><U44/><E112/><V35/><F35/><W103/><G98/><T53/><D19/><U8/><REACH who="1" step="1"/><E60/><REACH who="1" ten="80,116,414,380" step="2"/><V121/><F114/><W37/><G37/><T117/><D117/><U31/><E31/><V83/><F29/><W64/><G30/><T122/><D122/><U42/><E42/><V63/><F121/><W123/><G43/><T15/><D134/><U88/><E88/><V40/><F40/><W119/><G123/><T36/><D135/><U133/><E133/><V66/><F74/><W91/><G91/><N who="0" m="53479" /><D36/><U52/><E52/><V106/><F63/><W2/><G55/><T62/><D62/><U94/><AGARI ba="0,1" hai="8,14,18,26,28,33,44,51,54,89,94,99,100,101" machi="94" ten="30,11700,0" yaku="1,1,0,1,52,1,53,1" doraHai="41" doraHaiUra="95" who="1" fromWho="1" sc="80,-39,116,127,414,-39,380,-39" /><INIT seed="5,1,0,2,0,40" ten="41,243,375,341" oya="1" hai0="51,135,23,35,67,36,97,45,82,132,42,126,99" hai1="106,93,60,49,115,89,47,123,125,15,105,117,62" hai2="77,127,104,68,134,121,16,43,7,73,92,110,131" hai3="52,76,17,98,24,71,119,95,58,109,12,38,59"/><U46/><E123/><V41/><F104/><W69/><G109/><T129/><D35/><U1/><E1/><V21/><F110/><W101/><G38/><T27/><D126/><U65/><E117/><V50/><F68/><W79/><G69/><T130/><D82/><U91/><E125/><V80/><F121/><W83/><G71/><T3/><D3/><U39/><E39/><V11/><F127/><W103/><G24/><T75/><D75/><U124/><E124/><V48/><F134/><W26/><G26/><T78/><D78/><N who="3" m="29737" /><G59/><T29/><D67/><U108/><E108/><V37/><F131/><W128/><G128/><N who="0" m="49259" /><D36/><U120/><E120/><V116/><F116/><W56/><G56/><T118/><D118/><U61/><E65/><V87/><F41/><W13/><G83/><T14/><D14/><U133/><E133/><AGARI ba="1,0" hai="23,27,29,42,45,51,97,99,132,133,135" m="49259" machi="133" ten="30,3900,0" yaku="20,1,19,1,52,1" doraHai="40" who="0" fromWho="1" sc="41,42,243,-42,375,0,341,0" /><INIT seed="6,0,0,5,3,131" ten="83,201,375,341" oya="2" hai0="27,85,116,31,26,89,80,44,61,5,77,38,33" hai1="127,34,59,118,102,20,53,54,64,114,51,120,78" hai2="40,71,134,18,17,24,2,87,128,74,135,130,94" hai3="109,25,57,108,28,107,4,124,133,67,60,16,56"/><V103/><F74/><W84/><G107/><T96/><D116/><U1/><E34/><V41/><F71/><W50/><G4/><T70/><D5/><U22/><E1/><V90/><F2/><W125/><G133/><N who="2" m="50697" /><F103/><W100/><G16/><N who="2" m="6249" /><F24/><W72/><G100/><T9/><D9/><U8/><E8/><V73/><F73/><W112/><G72/><T76/><D27/><U101/><E118/><V117/><F117/><W39/><G109/><T23/><D33/><U79/><E102/><V105/><F105/><W35/><G35/><T104/><D70/><U69/><E101/><V14/><F14/><W36/><G108/><T132/><D104/><U55/><E69/><V66/><F66/><W49/><G67/><T68/><D68/><U52/><E64/><V82/><F94/><W81/><G125/><T93/><D132/><U95/><E127/><V10/><F10/><W43/><G124/><T121/><D93/><U0/><E95/><V122/><F122/><W115/><G115/><T123/><D123/><U62/><E120/><V19/><N who="2" m="6257" /><V86/><DORA hai="119" /><F86/><W65/><G84/><T15/><D15/><U6/><E0/><V75/><F75/><W110/><G110/><T30/><D121/><U13/><E13/><V58/><F58/><W42/><G25/><T45/><D26/><U37/><E59/><V11/><F11/><W129/><G56/><T99/><D85/><U46/><E6/><V32/><F32/><W21/><G112/><T91/><D30/><U48/><E114/><V113/><F113/><W88/><G28/><T47/><D31/><RYUUKYOKU ba="0,0" sc="83,-10,201,-10,375,30,341,-10" hai2="40,41,82,87,90,128,130" /><INIT seed="6,1,0,3,0,20" ten="73,191,405,331" oya="2" hai0="14,32,64,118,28,35,80,105,51,128,46,111,110" hai1="27,56,86,21,58,19,84,127,106,63,121,62,2" hai2="85,22,96,30,18,82,132,87,126,70,113,4,79" hai3="44,120,67,69,116,39,112,109,76,124,88,53,93"/><V26/><F70/><W102/><G120/><T59/><D118/><U50/><E106/><V97/><F113/><W61/><G109/><T74/><D128/><U108/><E2/><V115/><F115/><W24/><G112/><T101/><D14/><U7/><E108/><V83/><F132/><W91/><G76/><T65/><D35/><U133/><E133/><V25/><F4/><W40/><G124/><T23/><D32/><U130/><E127/><V15/><F126/><W92/><G53/><T99/><D80/><U129/><E7/><V49/><F49/><W107/><G107/><T119/><D74/><U42/><E121/><V43/><F43/><W131/><G131/><T60/><D65/><U71/><E71/><V29/><F29/><W77/><G77/><T5/><D5/><U89/><E129/><V36/><F36/><W9/><G9/><T10/><D10/><U37/><E37/><V54/><F54/><W122/><G116/><T134/><D134/><U47/><E130/><V125/><F125/><W81/><G81/><T114/><D114/><U31/><E31/><V95/><F95/><W45/><G93/><T68/><D68/><U57/><REACH who="1" step="1"/><E86/><REACH who="1" ten="73,181,405,331" step="2"/><V104/><F104/><W41/><G39/><T33/><D119/><U66/><E66/><V117/><F30/><W6/><G67/><T135/><D135/><U98/><E98/><N who="2" m="37995" /><F117/><W78/><G122/><T123/><D123/><U90/><E90/><AGARI ba="1,1" hai="15,18,22,25,26,79,82,83,85,87,90" m="37995" machi="90" ten="30,5800,0" yaku="8,1,52,2" doraHai="20" who="2" fromWho="1" sc="73,0,181,-61,405,71,331,0" /><INIT seed="6,2,0,4,1,48" ten="73,120,476,331" oya="2" hai0="17,39,25,15,46,85,126,82,83,21,102,37,129" hai1="117,135,103,66,55,9,125,60,110,118,89,54,76" hai2="130,111,119,115,32,90,92,41,22,94,26,42,70" hai3="127,98,65,106,123,79,1,108,35,109,8,38,120"/><V74/><F119/><W11/><G127/><T33/><D126/><U131/><E125/><V100/><F70/><W59/><G38/><T18/><D129/><U28/><E110/><V116/><F74/><W93/><G106/><T30/><D102/><U45/><E131/><V80/><F32/><W51/><G35/><T49/><D18/><U57/><E103/><V67/><F67/><W36/><G36/><T121/><D121/><U14/><E28/><V101/><F116/><W20/><G79/><T50/><D49/><U134/><E76/><V6/><F115/><W133/><G133/><N who="1" m="50698" /><E89/><V23/><F90/><W97/><G98/><T40/><REACH who="0" step="1"/><D83/><REACH who="0" ten="63,120,476,331" step="2"/><U99/><E117/><V87/><F80/><W29/><G123/><T96/><D96/><U73/><E99/><V105/><F130/><W88/><G120/><T47/><D47/><U95/><E118/><V68/><F101/><W43/><G51/><T107/><D107/><U5/><E95/><V77/><F100/><W86/><G97/><T113/><D113/><U122/><E122/><V63/><F94/><W12/><G109/><T7/><D7/><U114/><E114/><V53/><F6/><W3/><G108/><T69/><D69/><U132/><N who="1" m="50706" /><U44/><DORA hai="4" /><E73/><V75/><F92/><W52/><G93/><T0/><D0/><U61/><E61/><V91/><F75/><W84/><G1/><T10/><D10/><U13/><E44/><V64/><F111/><W19/><G8/><T104/><D104/><U34/><E45/><V128/><F128/><W58/><G3/><T78/><AGARI ba="2,1" hai="15,17,21,25,30,33,37,39,40,46,50,78,82,85" machi="78" ten="20,12000,2" yaku="1,1,5,1,0,1,7,1,53,2" doraHai="48,4" doraHaiUra="56,71" who="0" fromWho="0" sc="63,136,120,-32,476,-62,331,-32" /><INIT seed="7,0,0,4,4,103" ten="199,88,414,299" oya="3" hai0="55,40,39,86,114,72,4,29,44,43,108,82,125" hai1="17,31,36,16,92,111,37,38,58,109,84,23,66" hai2="90,61,119,6,25,26,20,71,33,76,115,68,65" hai3="121,98,18,53,19,48,124,54,13,14,41,106,83"/><W112/><G121/><T107/><D108/><U118/><E92/><V85/><F119/><W135/><G83/><T1/><D43/><U126/><E84/><V95/><F115/><W9/><G112/><T131/><D114/><U78/><E78/><V102/><F6/><W130/><G124/><T93/><D125/><U8/><E126/><V35/><F71/><W75/><G75/><T104/><D131/><U12/><E31/><V69/><F69/><W24/><G24/><T113/><D113/><U63/><E23/><V28/><F102/><W127/><G135/><T80/><D29/><U21/><E21/><V49/><F76/><W87/><G87/><T67/><D93/><U116/><REACH who="1" step="1"/><E17/><REACH who="1" ten="199,78,414,299" step="2"/><V27/><F33/><W79/><G18/><T52/><D86/><U60/><E60/><V94/><F94/><W89/><G19/><T132/><D82/><U73/><E73/><V0/><F35/><W57/><G79/><T129/><D80/><U117/><AGARI ba="0,1" hai="8,12,16,36,37,38,58,63,66,109,111,116,117,118" machi="117" ten="40,12000,2" yaku="1,1,0,1,12,1,54,1,53,3" doraHai="103" doraHaiUra="70" who="1" fromWho="1" sc="199,-30,78,130,414,-30,299,-60" owari="169,-33.0,208,-19.0,384,48.0,239,4.0" /></mjloggm>