<mjloggm ver="2.3"><GO type="225" lobby="0"/><UN n0="%E3%83%8F%E3%83%AA%E3%83%9C%E3%83%86%E5%A4%A7%E5%B0%86" n1="%46%4C%41%4D%45" n2="%E5%B0%B1%E6%B4%BB%E7%94%9F%40%E5%B7%9D%E6%9D%91%E8%BB%8D%E5%9B%A3" n3="%E5%AE%8C%E5%85%A8%E7%84%A1%E6%95%B5%E5%B0%91%E5%A5%B3%45%58" dan="16,16,16,16" rate="2061.10,2146.78,2061.90,2162.12" sx="M,M,M,M"/><TAIKYOKU oya="0"/><INIT seed="0,0,0,4,2,75" ten="250,250,250,250" oya="0" hai0="16,71,117,109,53,123,85,31,33,23,127,83,92" hai1="77,100,4,25,32,128,70,24,72,45,82,97,99" hai2="36,62,121,91,130,17,89,41,7,120,110,38,81" hai3="14,49,64,29,59,126,28,76,108,42,105,56,124"/><T94/><D117/><U43/><E70/><V86/><F7/><W3/><G105/><T107/><D123/><U98/><E128/><V112/><F112/><W19/><G3/><T80/><D107/><U84/><E100/><V132/><F130/><W60/><G108/><T133/><D71/><U20/><E4/><V114/><F114/><W61/><G76/><T9/><D127/><N who="3" m="48681" /><G42/><T21/><D33/><U8/><E8/><V79/><F132/><W55/><G60/><T102/><D133/><U26/><E32/><V58/><F110/><W119/><G119/><T125/><D125/><U52/><E72/><V12/><F120/><W48/><G48/><T67/><D67/><U88/><E88/><V50/><F121/><W10/><AGARI ba="0,0" hai="10,14,19,28,29,49,55,56,59,61,64" m="48681" machi="10" ten="30,1100,0" yaku="18,1" doraHai="75" who="3" fromWho="3" sc="250,-5,250,-3,250,-3,250,11" /><INIT seed="1,0,0,0,3,113" ten="245,247,247,261" oya="1" hai0="33,13,128,60,46,45,73,77,99,21,57,14,63" hai1="130,118,134,123,92,43,90,127,26,2,4,50,1" hai2="107,25,89,15,82,31,70,55,41,30,47,10,129" hai3="111,108,59,24,64,83,35,119,126,48,79,117,40"/><U101/><E123/><V61/><F107/><W78/><G126/><T49/><D33/><U95/><E127/><V52/><F129/><W3/><G3/><T38/><D128/><U6/><E130/><V27/><F70/><W22/><G35/><T131/><D131/><U72/><E72/><V71/><F71/><W18/><G79/><T23/><D38/><U11/><E134/><V16/><F61/><N who="3" m="37951" /><G40/><T122/><D122/><U28/><E101/><V114/><F114/><W12/><G12/><N who="0" m="4715" /><D73/><U88/><E43/><V5/><F5/><W84/><G48/><T8/><D8/><U104/><E104/><V106/><F106/><W69/><G69/><T67/><D77/><U96/><E50/><N who="2" m="26991" /><F27/><W53/><G53/><N who="2" m="20553" /><F25/><W109/><AGARI ba="0,0" hai="18,22,24,78,83,84,108,109,111,117,119" m="37951" machi="109" ten="40,5200,0" yaku="14,1,52,2" doraHai="113" who="3" fromWho="3" sc="245,-13,247,-26,247,-13,261,52" /><INIT seed="2,0,0,5,3,47" ten="232,221,234,313" oya="2" hai0="32,124,62,65,94,76,34,118,89,98,87,77,28" hai1="116,134,19,84,123,56,101,97,107,126,125,25,119" hai2="74,49,21,96,48,22,58,63,92,10,4,41,85" hai3="55,88,36,20,71,17,102,117,60,3,115,23,103"/><V13/><F74/><W50/><G3/><T114/><D114/><U7/><E7/><V52/><F85/><W14/><G36/><T112/><D112/><U91/><E56/><V106/><F106/><W11/><G117/><N who="1" m="45130" /><E19/><V27/><F41/><W69/><G69/><T39/><D124/><N who="1" m="47723" /><E25/><V29/><F22/><N who="3" m="8235" /><G71/><T93/><D118/><U108/><E108/><V31/><F31/><W135/><G60/><T79/><D39/><U59/><E59/><V133/><F133/><W18/><G18/><T90/><REACH who="0" step="1"/><D28/><REACH who="0" ten="222,221,234,313" step="2"/><U99/><E134/><V0/><REACH who="2" step="1"/><F0/><REACH who="2" ten="222,221,224,313" step="2"/><W45/><G135/><T72/><D72/><U35/><E35/><V46/><F46/><W100/><G115/><T42/><D42/><U37/><E37/><V33/><F33/><W26/><G26/><T61/><D61/><U6/><E123/><V111/><F111/><W82/><G45/><T105/><D105/><U109/><E109/><V121/><F121/><W129/><G129/><T86/><D86/><U15/><E107/><V54/><F54/><W16/><G55/><T110/><D110/><U40/><E40/><V131/><F131/><W9/><G50/><T2/><D2/><U68/><E84/><V51/><F51/><W73/><G73/><T104/><D104/><U12/><E99/><V38/><F38/><W57/><G57/><AGARI ba="0,2" hai="32,34,57,62,65,76,77,79,87,89,90,93,94,98" machi="57" ten="40,1300,0" yaku="1,1,53,0" doraHai="47" doraHaiUra="120" who="0" fromWho="3" sc="222,33,221,0,224,0,313,-13" /><INIT seed="3,0,0,4,4,88" ten="255,221,224,300" oya="3" hai0="63,124,115,75,87,85,40,60,133,38,41,135,66" hai1="122,68,5,12,9,43,30,129,25,93,54,24,134" hai2="80,52,29,84,112,19,20,98,125,58,61,6,47" hai3="100,79,78,53,35,18,62,32,45,44,73,120,42"/><W105/><G120/><T23/><D75/><U37/><E122/><V116/><F112/><W119/><G119/><T118/><D118/><U113/><E113/><V82/><F116/><W15/><G105/><T132/><D124/><U16/><E68/><V109/><F125/><W92/><G32/><T72/><D72/><U97/><E129/><V10/><F109/><W104/><G104/><T59/><D38/><U130/><E130/><V2/><F29/><W101/><G35/><T13/><D115/><U96/><E134/><V77/><F47/><W33/><G33/><T49/><D63/><U91/><E37/><V46/><F46/><W1/><G1/><T21/><D21/><N who="1" m="15663" /><E43/><N who="0" m="16457" /><D49/><U131/><E131/><V65/><F98/><N who="3" m="59463" /><G101/><T48/><D48/><U36/><E36/><V89/><F65/><W74/><G74/><T90/><D90/><U106/><E106/><V95/><F77/><N who="3" m="29195" /><G73/><T83/><D83/><U67/><E67/><V107/><F107/><W34/><G34/><T4/><D133/><U117/><E117/><V70/><F70/><W56/><G42/><T22/><D135/><U126/><E126/><V86/><F86/><N who="0" m="32778" /><D132/><U39/><E39/><V114/><F114/><W31/><G31/><T51/><D51/><U111/><E111/><V64/><F64/><W94/><G45/><T76/><D76/><U121/><E121/><V3/><F3/><W17/><G44/><T123/><D123/><U71/><E71/><V8/><F8/><AGARI ba="0,0" hai="4,8,13,22,23,59,60,66" m="32778,16457" machi="8" ten="30,1000,0" yaku="8,1" doraHai="88" who="0" fromWho="2" sc="255,10,221,0,224,-10,300,0" owari="265,7.0,221,-18.0,214,-29.0,300,40.0" /></mjloggm>