<mjloggm ver="2.3"><GO type="225" lobby="0"/><UN n0="%E3%83%88%E3%83%88%E3%83%AA%E5%85%88%E7%94%9F%31%39%E6%AD%B3" n1="%E5%A4%A7%E5%AE%AE%E5%BF%8D%76" n2="%E3%82%AB%E3%83%9C%E3%83%81%E3%83%A3%E3%82%BF%E3%83%8D" n3="%E3%81%97%E3%81%91%E3%81%84%E3%81%97%E3%82%85%E3%81%86" dan="18,16,16,16" rate="2282.65,2166.21,2145.04,2121.32" sx="F,M,M,M"/><TAIKYOKU oya="0"/><INIT seed="0,0,0,3,0,69" ten="250,250,250,250" oya="0" hai0="110,56,53,22,93,70,103,104,101,26,52,58,114" hai1="9,41,127,97,50,90,121,7,75,98,124,2,74" hai2="86,133,28,30,5,24,128,4,0,89,82,102,131" hai3="126,100,47,67,85,21,19,34,129,79,84,108,44"/><T76/><D114/><U25/><E121/><V57/><F133/><W37/><G34/><T78/><D70/><U8/><E25/><V112/><F112/><W113/><G113/><T72/><D104/><U38/><E50/><V14/><F0/><W80/><G108/><T63/><D110/><U35/><E35/><V60/><F102/><W59/><G126/><N who="1" m="48170" /><E9/><N who="2" m="4399" /><F24/><N who="3" m="14399" /><G37/><T92/><D72/><N who="1" m="27691" /><E90/><V119/><F4/><W66/><G129/><N who="2" m="49737" /><F119/><W116/><G116/><T105/><D105/><U132/><E132/><V16/><F16/><W11/><G100/><N who="0" m="38475" /><D76/><U15/><E15/><V73/><F73/><W125/><G125/><T54/><D78/><U77/><E77/><V23/><F23/><W51/><G11/><T87/><D63/><U115/><E115/><V6/><F6/><W45/><G84/><T48/><D48/><U109/><E109/><V13/><F13/><W31/><G31/><N who="0" m="17879" /><D87/><U81/><E81/><V32/><F32/><W62/><G66/><AGARI ba="0,0" hai="28,30,57,60,66,82,86,89" m="49737,4399" machi="66" ten="30,1000,0" yaku="19,1" doraHai="69" who="2" fromWho="3" sc="250,0,250,0,250,10,250,-10" /><INIT seed="1,0,0,4,0,103" ten="250,250,260,240" oya="1" hai0="15,127,80,101,53,33,17,69,45,95,97,37,90" hai1="61,79,113,16,62,133,19,50,117,114,56,31,26" hai2="24,115,85,43,96,120,135,0,39,23,32,89,40" hai3="73,72,2,63,106,41,27,7,111,107,13,3,130"/><U48/><E117/><V100/><F120/><W82/><G111/><T1/><D33/><U118/><E118/><V88/><F115/><W46/><G130/><T57/><D1/><U123/><E123/><V105/><F135/><W67/><G27/><T66/><D127/><U110/><E79/><V84/><F32/><W51/><G13/><T78/><D69/><U119/><E119/><V102/><F0/><W36/><G51/><T104/><D66/><U131/><E131/><V112/><F112/><W68/><G2/><T14/><D17/><U60/><E133/><V134/><F134/><W34/><G34/><T83/><D45/><U20/><E114/><V21/><F39/><W77/><G72/><T58/><D37/><U52/><E113/><V122/><F122/><W55/><G55/><T121/><D58/><U98/><E110/><V28/><F102/><W25/><G25/><T99/><D121/><U11/><E98/><V38/><F21/><W18/><G18/><N who="1" m="6698" /><E50/><V126/><F126/><W81/><G81/><T47/><D47/><N who="1" m="27679" /><E11/><AGARI ba="0,0" hai="3,7,11,36,41,46,63,67,68,73,77,82,106,107" machi="11" ten="40,12000,2" yaku="25,2,33,3,52,2" doraHai="103" who="3" fromWho="1" sc="250,0,250,-120,260,0,240,120" /><INIT seed="2,0,0,1,1,73" ten="250,130,260,360" oya="2" hai0="75,135,22,42,123,106,78,17,108,18,70,67,133" hai1="63,66,51,48,23,84,9,41,120,89,35,36,111" hai2="21,119,124,32,79,114,127,129,72,26,96,13,130" hai3="57,95,43,34,134,83,126,65,74,60,49,103,68"/><V31/><F114/><W37/><G34/><T109/><D123/><U110/><E35/><V90/><F119/><W107/><G107/><T99/><D42/><U112/><E9/><V55/><F55/><N who="3" m="31983" /><G103/><N who="0" m="62847" /><D67/><U52/><E89/><V77/><F72/><W38/><G95/><T5/><D70/><N who="1" m="42335" /><E84/><V6/><F96/><W91/><G126/><N who="2" m="48169" /><F90/><W47/><G134/><N who="0" m="51211" /><D5/><U0/><E23/><V7/><F7/><W53/><G53/><T97/><D97/><U100/><E100/><V19/><F6/><W4/><G37/><T14/><D18/><U93/><E93/><V94/><F94/><W20/><G4/><T61/><D61/><U125/><E0/><V80/><F80/><AGARI ba="0,0" hai="14,17,22,75,78,80,108,109" m="51211,62847" machi="80" ten="30,2000,0" yaku="20,1,52,1" doraHai="73" who="0" fromWho="2" sc="250,20,130,0,260,-20,360,0" /><INIT seed="3,0,0,3,2,66" ten="270,130,240,360" oya="3" hai0="117,112,3,130,42,85,113,26,102,43,6,33,79" hai1="83,16,15,39,78,18,62,32,7,68,4,20,108" hai2="101,71,44,125,25,75,82,29,31,21,103,14,135" hai3="49,129,5,93,1,9,17,52,67,121,46,96,35"/><W118/><G121/><T72/><D117/><U89/><E39/><V0/><F135/><W28/><G118/><T8/><D130/><U120/><E120/><V47/><F125/><W133/><G133/><T2/><D2/><U114/><E32/><V131/><F131/><W97/><G129/><T19/><D102/><U64/><E114/><N who="0" m="44137" /><D72/><U87/><E108/><V100/><F0/><W110/><G110/><T127/><D127/><U37/><E37/><V36/><F36/><W74/><G74/><T12/><D79/><U123/><E123/><V69/><F31/><W76/><G76/><T126/><D85/><U58/><E78/><V54/><F75/><W86/><G67/><T128/><D128/><U65/><E65/><V53/><F82/><W59/><G17/><T98/><D98/><U115/><E115/><V50/><F14/><W51/><G86/><T105/><D105/><U38/><E38/><V84/><F84/><W61/><G93/><T107/><D107/><U23/><REACH who="1" step="1"/><E68/><REACH who="1" ten="270,120,240,360" step="2"/><V40/><F40/><W104/><G35/><T92/><D43/><U132/><E132/><V48/><AGARI ba="0,1" hai="21,25,29,44,47,48,50,53,54,69,71,100,101,103" machi="48" ten="30,7900,0" yaku="0,1,9,1,52,2" doraHai="66" who="2" fromWho="2" sc="270,-20,120,-20,240,89,360,-39" owari="250,-15.0,100,-40.0,329,43.0,321,12.0" /></mjloggm>