<mjloggm ver="2.3"><GO type="169" lobby="0"/><UN n0="%E9%BA%BB%E9%BE%8D" n1="%E3%81%B1%E3%82%93%E3%81%9E%E3%81%86" n2="%E3%81%A6%E3%81%83%E3%81%BF%E3%82%93" n3="%E3%82%A6%E3%83%AB%E3%83%88%E3%83%A9%E7%AB%8B%E7%9B%B4" dan="16,16,17,17" rate="2115.65,2100.45,2164.12,2126.46" sx="M,M,M,M"/><TAIKYOKU oya="0"/><INIT seed="0,0,0,4,0,7" ten="250,250,250,250" oya="0" hai0="105,83,118,53,77,32,75,47,88,44,101,3,85" hai1="111,76,102,121,45,12,49,48,17,15,132,120,108" hai2="6,115,95,36,61,80,63,114,28,51,60,57,39" hai3="74,112,20,70,127,11,99,93,91,107,19,87,116"/><T134/><D32/><U25/><E102/><V59/><F28/><W123/><G123/><N who="1" m="47178" /><E76/><V10/><F95/><W73/><G116/><T8/><D118/><U92/><E92/><V1/><F80/><W62/><G112/><T103/><D134/><U133/><E45/><V14/><F51/><N who="1" m="19529" /><E25/><V128/><F128/><W4/><G127/><T24/><D24/><U27/><E27/><V41/><F1/><W30/><G30/><T131/><D131/><U81/><E81/><V90/><F90/><W84/><G20/><T0/><D53/><U129/><E129/><V126/><F126/><W52/><G19/><T29/><D29/><U23/><E12/><V98/><F98/><W124/><G124/><T55/><D55/><U104/><E104/><V56/><REACH who="2" step="1"/><F41/><REACH who="2" ten="250,250,240,250" step="2"/><W64/><G107/><T68/><D3/><U78/><E78/><V100/><F100/><W71/><G99/><T67/><D103/><U110/><AGARI ba="0,1" hai="15,17,23,108,110,111,132,133" m="19529,47178" machi="110" ten="40,1500,0" yaku="14,1" doraHai="7" who="1" fromWho="1" sc="250,-7,250,25,240,-4,250,-4" /><INIT seed="1,0,0,0,2,115" ten="243,275,236,246" oya="1" hai0="58,16,5,121,102,12,10,75,126,83,3,32,63" hai1="42,66,11,85,71,53,48,59,61,93,44,20,31" hai2="7,29,130,88,122,129,62,94,103,9,15,40,123" hai3="8,1,74,60,35,28,38,46,4,96,92,110,116"/><U134/><E134/><V14/><F29/><W124/><G110/><T120/><D126/><U100/><E11/><V22/><F40/><W77/><G124/><T99/><D32/><U34/><E34/><V13/><F103/><W132/><G132/><T118/><D118/><U41/><E71/><V49/><F49/><W112/><G112/><T113/><D113/><U119/><E119/><V36/><F36/><W0/><G0/><T43/><D43/><U56/><E44/><V57/><F22/><W108/><G108/><T68/><D68/><U18/><E85/><V91/><F122/><W114/><G114/><T39/><D39/><U109/><E109/><V23/><F123/><W45/><G116/><T79/><D3/><U17/><E17/><V81/><F81/><W90/><G60/><T25/><D25/><N who="1" m="16807" /><E18/><V87/><F91/><W70/><G70/><T107/><REACH who="0" step="1"/><D5/><REACH who="0" ten="233,275,236,246" step="2"/><U55/><E41/><V27/><F7/><W47/><G35/><T131/><D131/><U21/><E42/><V84/><F130/><W50/><G38/><T72/><D72/><U98/><E21/><V101/><F129/><W106/><G4/><T117/><D117/><U24/><E24/><V19/><F27/><W135/><G74/><T105/><D105/><U54/><AGARI ba="0,1" hai="48,53,54,55,56,59,61,66,93,98,100" m="16807" machi="54" ten="30,3000,0" yaku="25,1,8,1" doraHai="115" who="1" fromWho="1" sc="233,-10,275,40,236,-10,246,-10" /><INIT seed="1,1,0,5,5,56" ten="223,315,226,236" oya="1" hai0="133,50,119,128,115,44,118,31,102,3,112,22,11" hai1="46,64,23,19,0,12,41,75,86,60,132,92,15" hai2="49,78,95,1,113,127,70,26,63,109,33,36,17" hai3="129,100,16,67,114,55,4,45,38,134,122,57,79"/><U83/><E0/><V28/><F36/><W53/><G122/><T104/><D104/><U47/><E132/><V117/><F117/><N who="0" m="44554" /><D102/><U135/><E135/><V9/><F109/><W89/><G114/><N who="0" m="43563" /><D50/><U103/><E75/><V116/><F116/><W124/><G134/><T52/><D52/><U43/><E12/><V84/><F113/><W24/><G55/><T107/><D107/><U121/><E121/><V48/><F48/><W99/><G53/><T131/><D44/><U32/><E32/><V106/><F49/><W76/><G45/><T66/><D66/><U18/><E18/><V108/><F17/><W81/><G67/><T65/><D65/><U5/><E5/><V94/><F33/><W110/><G38/><T68/><D68/><U34/><E34/><V71/><F106/><W125/><G100/><T13/><D133/><U80/><E47/><V27/><F71/><W85/><G57/><T101/><D101/><U20/><E20/><V77/><F70/><W61/><G79/><T91/><D91/><N who="1" m="53367" /><E103/><V126/><F1/><W40/><G76/><T7/><D13/><U90/><E46/><V8/><F78/><W72/><G72/><T42/><D42/><N who="1" m="15883" /><E90/><V39/><F77/><W111/><G89/><T35/><D22/><U62/><E64/><V69/><F69/><W74/><G40/><T88/><D88/><U120/><E120/><V130/><F39/><W30/><G74/><T10/><D10/><U105/><E105/><V54/><F9/><W6/><G6/><T96/><D96/><U73/><E73/><V58/><F8/><W25/><G4/><RYUUKYOKU ba="1,0" sc="223,15,315,15,226,-15,236,-15" hai0="3,7,11,31,35,128,131" hai1="15,19,23,60,62,80,83" /><INIT seed="1,2,0,0,3,0" ten="238,330,211,221" oya="1" hai0="107,72,39,87,15,4,8,75,98,26,95,111,109" hai1="130,101,45,36,23,99,60,128,85,76,21,117,89" hai2="120,82,123,34,104,18,31,68,43,28,30,47,122" hai3="73,38,92,80,131,134,11,61,112,56,27,129,81"/><U69/><E76/><V121/><F104/><W20/><G38/><T97/><D39/><U33/><E117/><V37/><F68/><W46/><G112/><T3/><D107/><U86/><E33/><V106/><F106/><W63/><G134/><T52/><D26/><U132/><E132/><V19/><N who="2" m="31232" /><DORA hai="24" /><V110/><F34/><W9/><G46/><T102/><D98/><U113/><E113/><V114/><F114/><W57/><G92/><T59/><D87/><U133/><E133/><V65/><F65/><W58/><G27/><T10/><D111/><U66/><E99/><V25/><F25/><W44/><G44/><T22/><D22/><U100/><E45/><V55/><F110/><W78/><G20/><N who="1" m="7754" /><E36/><V53/><REACH who="2" step="1"/><F82/><REACH who="2" ten="238,330,201,221" step="2"/><W108/><G108/><T119/><D109/><U103/><E66/><V62/><F62/><W40/><G81/><T48/><REACH who="0" step="1"/><D119/><REACH who="0" ten="228,330,201,221" step="2"/><U32/><E32/><V1/><F1/><W41/><G63/><T29/><D29/><U127/><E60/><V105/><F105/><W16/><G61/><T7/><AGARI ba="2,2" hai="3,4,7,8,10,15,48,52,59,72,75,95,97,102" machi="7" ten="20,12000,2" yaku="1,1,0,1,7,1,52,2,54,1,53,1" doraHai="0,24" doraHaiUra="88,14" who="0" fromWho="0" sc="228,146,330,-62,201,-32,221,-32" /><INIT seed="2,0,0,2,2,36" ten="374,268,169,189" oya="2" hai0="4,123,43,69,12,83,26,124,66,27,98,37,95" hai1="5,34,100,22,48,127,59,93,91,56,106,42,80" hai2="88,101,112,130,109,92,75,126,1,119,0,104,116" hai3="82,64,50,87,115,55,21,134,85,107,72,135,20"/><V11/><F1/><W76/><G107/><T117/><D123/><U113/><E34/><V94/><F0/><W96/><G96/><T121/><D121/><U67/><E113/><V73/><F11/><W81/><G64/><T46/><D117/><N who="2" m="45130" /><F112/><W29/><G115/><T25/><D124/><U103/><E127/><V13/><F13/><W54/><G72/><N who="2" m="27721" /><F126/><W68/><G68/><T111/><D111/><U108/><E5/><V122/><F122/><W84/><G84/><T30/><D83/><U97/><E80/><V102/><F130/><W17/><G29/><T118/><D118/><U16/><E59/><V114/><F114/><W90/><G21/><T128/><D128/><U70/><E56/><V105/><F109/><W129/><G129/><T132/><D132/><N who="3" m="50729" /><G50/><T47/><D47/><U31/><E48/><V3/><F3/><W79/><G79/><T41/><D41/><U125/><E42/><V32/><F32/><W71/><G71/><T86/><D86/><U6/><E70/><V61/><F61/><W133/><N who="3" m="50737" /><W38/><DORA hai="89" /><G38/><T35/><D66/><U120/><E67/><V10/><F10/><W58/><G58/><T18/><D69/><U28/><E120/><V40/><F40/><W65/><G65/><T110/><D4/><U8/><E108/><V78/><F78/><W62/><G62/><T99/><D110/><U39/><E39/><V44/><F44/><W45/><G45/><T77/><D77/><U49/><E6/><V57/><F57/><W63/><G63/><T2/><D35/><U131/><E131/><V14/><F105/><RYUUKYOKU ba="0,0" sc="374,-10,268,-10,169,-10,189,30" hai3="17,20,54,55,76,81,82,85,87,90" /><INIT seed="3,1,0,0,3,9" ten="364,258,159,219" oya="3" hai0="57,29,98,61,65,122,21,48,74,20,63,37,93" hai1="128,118,109,6,11,95,113,67,49,31,89,86,10" hai2="44,102,51,117,33,111,42,107,100,88,54,16,115" hai3="119,78,106,55,81,28,36,58,50,18,90,27,52"/><W110/><G36/><T13/><D37/><U120/><E113/><V87/><F115/><W69/><G69/><T99/><D74/><U41/><E120/><V68/><F68/><W104/><G119/><T60/><D122/><U116/><E109/><V124/><F117/><N who="1" m="45161" /><E128/><V14/><F111/><W2/><G110/><T3/><D3/><U35/><E67/><V53/><F124/><W135/><G135/><T108/><D108/><U34/><E31/><V43/><F33/><W134/><G134/><T133/><D133/><U66/><E66/><V23/><F107/><W76/><G2/><T94/><D48/><U30/><E30/><V80/><F53/><W62/><G90/><N who="0" m="55607" /><D29/><U45/><E11/><V70/><F70/><W7/><G7/><T26/><D26/><U123/><E123/><V15/><F15/><AGARI ba="1,0" hai="6,10,15,34,35,41,45,49,86,89,95" m="45161" machi="15" ten="30,2000,0" yaku="12,1,52,1" doraHai="9" who="1" fromWho="2" sc="364,0,258,23,159,-23,219,0" /><INIT seed="4,0,0,3,4,43" ten="364,281,136,219" oya="0" hai0="84,73,46,72,11,82,52,130,17,131,9,69,67" hai1="27,19,54,122,22,133,90,36,88,89,127,31,109" hai2="25,129,101,64,71,38,58,8,132,77,6,108,134" hai3="103,91,123,76,24,32,62,53,10,15,26,105,94"/><T29/><D69/><U85/><E109/><V20/><F71/><W60/><G105/><T98/><D67/><U80/><E122/><V95/><F108/><W49/><G76/><T61/><D29/><U110/><E133/><V118/><F129/><N who="0" m="49162" /><D98/><U74/><E74/><N who="0" m="28777" /><D17/><U41/><E110/><V63/><F77/><W44/><G103/><T12/><D12/><U120/><E120/><V112/><F112/><W111/><G111/><T28/><D28/><U50/><E19/><V126/><F126/><W39/><G123/><T33/><D33/><U35/><E35/><V0/><F118/><W56/><G32/><T99/><D99/><U21/><E21/><V55/><F64/><W79/><G26/><T1/><D1/><U75/><E75/><V59/><F0/><W81/><G24/><T42/><D61/><U5/><E127/><V37/><F25/><W119/><G62/><T78/><D52/><U16/><E31/><V23/><F55/><W125/><G60/><T124/><D124/><U117/><E54/><V106/><F63/><W18/><G125/><T3/><D3/><U57/><E16/><V4/><F8/><W135/><G18/><T86/><D84/><U102/><E85/><V92/><REACH who="2" step="1"/><F101/><REACH who="2" ten="364,281,126,219" step="2"/><W121/><G10/><T116/><D116/><U100/><E117/><V47/><F47/><W65/><G119/><T96/><D96/><U34/><E102/><V2/><F2/><W113/><G44/><T51/><AGARI ba="0,1" hai="9,11,42,46,51,78,82,86" m="28777,49162" machi="51" ten="30,3000,0" yaku="19,1,52,1" doraHai="43" who="0" fromWho="0" sc="364,40,281,-10,126,-10,219,-10" /><INIT seed="4,1,0,2,2,20" ten="404,271,116,209" oya="0" hai0="72,52,105,104,16,123,11,92,110,106,85,134,31" hai1="114,91,122,80,101,60,82,8,97,7,100,15,126" hai2="124,83,5,37,17,90,74,29,108,55,58,0,77" hai3="64,44,27,84,10,40,21,125,89,70,34,66,128"/><T35/><D123/><U94/><E126/><V53/><F108/><W57/><G34/><T103/><D72/><U47/><E122/><V56/><F124/><W118/><G70/><T95/><D110/><U9/><E114/><V42/><F29/><W3/><G128/><T2/><D134/><U59/><E47/><V19/><F58/><W23/><G118/><T50/><D103/><N who="1" m="39499" /><E8/><V43/><F43/><W120/><G21/><T133/><D133/><U87/><E87/><V112/><F112/><W67/><G125/><T127/><D127/><U76/><E76/><V116/><F116/><W32/><G32/><T13/><D2/><U1/><E1/><V6/><F90/><W102/><G102/><T130/><D130/><U28/><E28/><V117/><F117/><W79/><G79/><T61/><D61/><U111/><E111/><V39/><F39/><W62/><G10/><T88/><D95/><U86/><E86/><V26/><F0/><W38/><G3/><T46/><REACH who="0" step="1"/><D106/><REACH who="0" ten="394,271,116,209" step="2"/><U121/><E121/><V30/><F74/><W132/><G132/><T4/><D4/><U69/><E69/><V93/><F5/><W22/><G120/><T135/><D135/><U33/><E82/><V113/><F83/><W71/><G62/><T14/><D14/><U131/><E80/><V109/><F109/><W65/><G71/><T63/><D63/><U75/><E75/><V107/><F6/><W99/><G99/><T25/><AGARI ba="1,1" hai="11,13,16,25,31,35,46,50,52,85,88,92,104,105" machi="25" ten="30,18000,2" yaku="1,1,0,1,52,1,54,3,53,0" doraHai="20" doraHaiUra="98" who="0" fromWho="0" sc="394,193,271,-61,116,-61,209,-61" /><INIT seed="4,2,0,0,4,134" ten="587,210,55,148" oya="0" hai0="96,123,82,91,20,52,119,51,100,101,11,38,122" hai1="63,41,89,60,87,104,37,27,17,74,28,109,23" hai2="33,65,110,24,92,56,124,32,6,22,102,78,53" hai3="2,13,131,88,0,117,125,34,128,85,59,64,58"/><T116/><D38/><U76/><E104/><V130/><F110/><W129/><G34/><T75/><D101/><U69/><E74/><V97/><F130/><W45/><G117/><T70/><D70/><U1/><E76/><V55/><F6/><W105/><G105/><T90/><D90/><U36/><E109/><V9/><F9/><W21/><G45/><T71/><D71/><U19/><E1/><V3/><F3/><W62/><G58/><T8/><D119/><U93/><E36/><V16/><F78/><W79/><G79/><T86/><D75/><U132/><E132/><V14/><F124/><W15/><G15/><T120/><D116/><U40/><E37/><V43/><F43/><N who="1" m="16457" /><E69/><V121/><F121/><W83/><G125/><T72/><D72/><U66/><E66/><V18/><F33/><W126/><G126/><T113/><D113/><U108/><E108/><V115/><F115/><W7/><REACH who="3" step="1"/><G21/><REACH who="3" ten="587,210,55,138" step="2"/><T39/><D20/><U10/><E10/><AGARI ba="2,1" hai="0,2,7,10,13,59,62,64,83,85,88,128,129,131" machi="10" ten="40,8000,1" yaku="1,1,2,1,19,1,54,1,53,0" doraHai="134" doraHaiUra="103" who="3" fromWho="1" sc="587,0,210,-86,55,0,138,96" /><INIT seed="5,0,0,5,3,97" ten="587,124,55,234" oya="1" hai0="37,49,6,113,95,75,2,43,4,94,15,80,26" hai1="124,114,131,98,5,89,135,83,108,62,25,23,28" hai2="33,66,123,35,1,9,86,14,65,42,22,58,99" hai3="78,102,74,12,92,52,79,110,64,125,109,70,88"/><U101/><E114/><V54/><F123/><W57/><G64/><T73/><D113/><U82/><E131/><V29/><F1/><W24/><G70/><T127/><D127/><U104/><E124/><V34/><F42/><W69/><G24/><T132/><D132/><U91/><E135/><V117/><F117/><W19/><G69/><T13/><D37/><U81/><E108/><V41/><F41/><W53/><G53/><T20/><D2/><U46/><E5/><V16/><F86/><N who="3" m="52247" /><G74/><T59/><D75/><U121/><E121/><V8/><F8/><W111/><G125/><T48/><D73/><U126/><E126/><V17/><F29/><W93/><G93/><T60/><D80/><U85/><E46/><V103/><F17/><W27/><G27/><T40/><D26/><U120/><E120/><V36/><F36/><W112/><G112/><T38/><D38/><U90/><REACH who="1" step="1"/><E62/><REACH who="1" ten="587,114,55,234" step="2"/><V21/><F65/><W130/><G130/><T116/><D60/><U55/><E55/><V30/><F66/><W39/><G52/><T76/><D116/><U11/><E11/><V44/><F44/><W129/><G129/><T134/><D134/><U96/><E96/><V119/><F119/><W47/><G47/><T77/><D59/><U67/><E67/><V106/><REACH who="2" step="1"/><F30/><REACH who="2" ten="587,114,45,234" step="2"/><W122/><G122/><T128/><REACH who="0" step="1"/><D128/><REACH who="0" ten="577,114,45,234" step="2"/><U0/><E0/><V68/><F68/><W118/><G118/><T10/><D10/><U71/><E71/><V105/><F105/><W133/><G133/><T84/><D84/><AGARI ba="0,3" hai="23,25,28,81,82,83,84,85,89,90,91,98,101,104" machi="84" ten="40,3900,0" yaku="1,1,52,1,53,0" doraHai="97" doraHaiUra="51" who="1" fromWho="0" sc="577,-39,114,69,45,0,234,0" /><INIT seed="5,1,0,5,2,67" ten="538,183,45,234" oya="1" hai0="88,23,106,74,128,76,42,124,33,93,75,8,65" hai1="52,21,122,26,90,10,71,40,5,31,84,68,101" hai2="85,15,129,17,112,39,114,89,86,1,113,77,50" hai3="2,63,60,46,54,58,98,83,92,96,94,36,127"/><U103/><E122/><V105/><F1/><W22/><G2/><T133/><D106/><U11/><E40/><V118/><F39/><W117/><G117/><T80/><D33/><U12/><E52/><V4/><F4/><W131/><G127/><T61/><D124/><U32/><E32/><V73/><F118/><W14/><G131/><T78/><D128/><U72/><E72/><V38/><F38/><W51/><G83/><T27/><D133/><U115/><E115/><V18/><F129/><W0/><G36/><T135/><D135/><U120/><E120/><V34/><F34/><W97/><G0/><T82/><D42/><U56/><E56/><V55/><F105/><W35/><G35/><T111/><D111/><U13/><E103/><V102/><F102/><W79/><G79/><T20/><D8/><U30/><E30/><V130/><F130/><W126/><G63/><T99/><D27/><U19/><REACH who="1" step="1"/><E101/><REACH who="1" ten="538,173,45,234" step="2"/><V87/><F73/><W107/><G126/><T119/><D119/><U62/><E62/><V9/><F77/><W47/><G60/><T44/><D44/><U41/><E41/><V16/><REACH who="2" step="1"/><F89/><REACH who="2" ten="538,173,35,234" step="2"/><W57/><G107/><T110/><REACH who="0" step="1"/><D110/><REACH who="0" ten="528,173,35,234" step="2"/><U49/><E49/><V108/><F108/><W104/><G104/><T109/><D109/><U123/><E123/><V48/><F48/><W43/><G51/><T81/><D81/><AGARI ba="1,3" hai="5,10,11,12,13,19,21,26,31,68,71,81,84,90" machi="81" ten="30,11600,0" yaku="1,1,7,1,52,2,53,0" doraHai="67" doraHaiUra="45" who="1" fromWho="0" sc="528,-119,173,149,35,0,234,0" /><INIT seed="5,2,0,2,5,92" ten="409,322,35,234" oya="1" hai0="55,94,32,20,119,121,105,3,62,85,56,60,98" hai1="40,29,22,67,74,61,117,109,44,45,75,104,112" hai2="4,14,95,73,114,54,83,12,113,108,124,126,132" hai3="38,102,17,115,10,34,127,11,5,35,68,27,19"/><U111/><E117/><V26/><F54/><W39/><G102/><T49/><D119/><U51/><E112/><N who="2" m="43115" /><F73/><W52/><G115/><T8/><D32/><U77/><E104/><V133/><F83/><W76/><G76/><T82/><D121/><U24/><E45/><V72/><F72/><W84/><G84/><T87/><D105/><U43/><E43/><V91/><F108/><N who="1" m="41545" /><E77/><V59/><F59/><AGARI ba="2,0" hai="22,24,29,40,44,51,59,61,67,74,75" m="41545" machi="59" ten="30,1500,0" yaku="10,1" doraHai="92" who="1" fromWho="2" sc="409,0,322,21,35,-21,234,0" /><INIT seed="5,3,0,4,2,38" ten="409,343,14,234" oya="1" hai0="102,6,71,36,48,10,15,115,8,68,88,12,124" hai1="118,41,63,34,119,65,77,75,45,126,133,81,130" hai2="125,7,58,114,29,70,2,120,40,86,104,74,30" hai3="17,82,85,116,0,109,19,43,113,108,128,51,33"/><U5/><E126/><V73/><F104/><W11/><G33/><T62/><D36/><U57/><E133/><V21/><F120/><W94/><G128/><T55/><D124/><U20/><E34/><V92/><F70/><W61/><G113/><T76/><D115/><U54/><E130/><V112/><F125/><W127/><G127/><T53/><D102/><U23/><E5/><V117/><F58/><W49/><G116/><T60/><D88/><U131/><E131/><V91/><F7/><W28/><G28/><T97/><D97/><U56/><E118/><V105/><F105/><W134/><G134/><T50/><REACH who="0" step="1"/><D6/><REACH who="0" ten="399,343,14,234" step="2"/><U26/><E119/><V111/><F114/><W121/><G121/><T72/><D72/><U99/><E99/><V66/><F74/><W16/><G94/><T135/><D135/><U39/><REACH who="1" step="1"/><E26/><REACH who="1" ten="399,333,14,234" step="2"/><V87/><F112/><W83/><G109/><T46/><D46/><U79/><E79/><AGARI ba="3,2" hai="8,10,12,15,48,50,53,55,60,62,68,71,76,79" machi="79" ten="25,3200,0" yaku="1,1,22,2,53,0" doraHai="38" doraHaiUra="78" who="0" fromWho="1" sc="399,61,333,-41,14,0,234,0" /><INIT seed="6,0,0,1,1,121" ten="460,292,14,234" oya="2" hai0="25,116,115,72,68,50,5,59,17,97,45,99,22" hai1="90,108,133,78,118,19,135,70,110,120,117,4,131" hai2="14,87,119,20,33,39,93,65,7,124,88,30,12" hai3="69,123,66,125,35,58,40,126,107,8,105,130,98"/><V42/><F119/><N who="1" m="45577" /><E70/><V11/><F124/><W23/><G35/><T64/><D116/><U73/><E4/><V92/><F33/><W77/><G69/><T89/><D68/><U13/><E120/><V55/><F65/><W48/><G123/><T96/><D72/><U32/><E32/><V80/><F39/><W10/><G77/><T100/><D115/><U41/><E41/><V74/><F74/><W113/><G130/><T86/><D5/><U94/><E19/><N who="2" m="10343" /><F42/><W18/><G113/><T82/><D59/><U38/><E13/><V109/><F109/><N who="1" m="42089" /><E38/><V76/><F76/><W71/><G71/><T56/><D56/><U26/><E26/><V61/><F30/><W49/><G40/><T132/><D132/><N who="1" m="50763" /><E131/><V27/><F27/><W43/><G43/><T129/><D129/><U67/><E67/><V0/><F0/><W21/><G66/><T37/><D64/><U29/><E29/><V79/><F79/><W83/><G58/><AGARI ba="0,0" hai="7,11,14,55,58,61,80,87,88,92,93" m="10343" machi="58" ten="30,2900,0" yaku="8,1,54,1" doraHai="121" who="2" fromWho="3" sc="460,0,292,0,14,29,234,-29" /><INIT seed="6,1,0,5,1,83" ten="460,292,43,205" oya="2" hai0="61,52,73,119,32,29,104,109,72,39,105,110,45" hai1="114,12,92,11,50,27,46,79,117,17,53,85,7" hai2="31,35,8,93,5,113,49,19,4,30,75,56,111" hai3="62,26,86,3,15,55,90,69,13,95,132,99,54"/><V65/><F75/><W102/><G3/><T122/><D122/><U118/><E114/><V37/><F37/><W82/><G132/><T47/><D119/><U108/><E108/><V16/><F113/><W101/><G101/><T91/><D39/><U51/><E51/><V88/><F111/><W2/><G2/><T42/><D91/><U135/><E135/><V78/><F78/><W120/><G120/><T63/><D52/><N who="3" m="20009" /><G69/><T87/><D87/><U20/><REACH who="1" step="1"/><E92/><REACH who="1" ten="460,282,43,205" step="2"/><V43/><F43/><W28/><G62/><T81/><D42/><U9/><E9/><V134/><F134/><W121/><G121/><T77/><D61/><U58/><E58/><V100/><F49/><W112/><G112/><T67/><D63/><U34/><E34/><V1/><F35/><W97/><G97/><T66/><D32/><U40/><E40/><V44/><F56/><W48/><G48/><T124/><D110/><U89/><E89/><V94/><F100/><W25/><G28/><T123/><D29/><U22/><E22/><V98/><F65/><W131/><G131/><T6/><D67/><U59/><E59/><V41/><F41/><W71/><G71/><T76/><D66/><U24/><E24/><AGARI ba="1,1" hai="13,15,24,25,26,82,86,90,95,99,102" m="20009" machi="24" ten="30,3900,0" yaku="8,1,52,1,54,1" doraHai="83" who="3" fromWho="1" sc="460,0,282,-42,43,0,205,52" /><INIT seed="7,0,0,3,1,20" ten="460,240,43,257" oya="3" hai0="111,75,74,118,85,58,101,114,125,50,72,78,106" hai1="103,2,116,120,18,104,36,25,30,1,97,37,48" hai2="40,68,67,122,134,15,61,62,5,49,90,110,100" hai3="92,22,51,59,82,34,77,26,93,14,109,45,23"/><W79/><G34/><T29/><D118/><U127/><E120/><V123/><F90/><W124/><G59/><T43/><D111/><U65/><E116/><V89/><F89/><W33/><G33/><T76/><D114/><U52/><E65/><V95/><F95/><N who="3" m="36427" /><G124/><T83/><D125/><U7/><E18/><V133/><F100/><W11/><G109/><T56/><D78/><N who="3" m="29705" /><G82/><T129/><D129/><U55/><E127/><V130/><F15/><W13/><G11/><T12/><D29/><U60/><E60/><V24/><F5/><W107/><G107/><T131/><D131/><U46/><E55/><V70/><F130/><W80/><G80/><T32/><D32/><U8/><E1/><V16/><F16/><N who="3" m="12647" /><G22/><AGARI ba="0,0" hai="2,7,8,22,25,30,36,37,46,48,52,97,103,104" machi="22" ten="30,3900,0" yaku="7,1,52,1,54,1" doraHai="20" who="1" fromWho="3" sc="460,0,240,39,43,0,257,-39" owari="460,56.0,279,8.0,43,-46.0,218,-18.0" /></mjloggm>