<mjloggm ver="2.3"><GO type="97" lobby="0"/><UN n0="%E6%A3%AE%E9%87%8E" n1="%E5%B0%B1%E6%B4%BB%E7%94%9F%40%E5%B7%9D%E6%9D%91%E8%BB%8D%E5%9B%A3" n2="%75%2D%61%71%75%61" n3="%67%6C%69%65%73%65%35%35" dan="15,15,14,14" rate="1967.32,2084.58,1927.43,1858.99" sx="M,M,M,M"/><TAIKYOKU oya="0"/><INIT seed="0,0,0,3,4,127" ten="250,250,250,250" oya="0" hai0="32,71,89,122,29,17,125,61,62,21,43,110,98" hai1="85,126,119,117,28,99,0,124,72,130,19,95,38" hai2="2,24,69,33,52,76,96,135,115,49,129,75,23" hai3="3,123,82,132,101,102,1,88,51,131,81,50,111"/><T22/><D125/><N who="1" m="48235" /><E38/><V20/><F115/><W91/><G111/><T16/><D71/><U30/><E0/><V36/><F36/><W7/><G123/><T63/><D43/><U77/><E19/><N who="0" m="7241" /><D110/><U83/><E30/><V133/><F69/><W74/><G7/><T86/><D32/><U9/><E9/><V54/><F2/><W80/><G131/><T114/><D114/><U27/><E27/><V31/><F96/><W78/><G132/><N who="2" m="50761" /><F76/><W92/><G3/><T40/><D40/><U42/><E28/><V90/><F75/><W128/><G1/><T11/><D29/><U53/><E53/><V97/><F129/><W58/><G128/><T84/><D11/><U94/><E42/><V34/><F20/><N who="0" m="7786" /><D122/><U108/><E108/><V12/><F12/><W87/><G81/><T26/><D26/><U59/><E59/><N who="2" m="33167" /><F54/><W48/><REACH who="3" step="1"/><G58/><REACH who="3" ten="250,250,250,240" step="2"/><T47/><D47/><U4/><E130/><V64/><F34/><W10/><G10/><T112/><D112/><U134/><E134/><V41/><F33/><W44/><G44/><T70/><D70/><U14/><E4/><V56/><F56/><W118/><G118/><T116/><D116/><U104/><E14/><V5/><F23/><W18/><G18/><T57/><D57/><U65/><E117/><V103/><F5/><W37/><G37/><T121/><D121/><U105/><E119/><V45/><F31/><W79/><G79/><T55/><D55/><U66/><E72/><V15/><F45/><W107/><G107/><T35/><D35/><U73/><E73/><V8/><F15/><W106/><G106/><RYUUKYOKU ba="0,1" sc="250,15,250,-15,250,-15,240,15" hai0="61,62,63,84,86,89,98" hai3="48,50,51,74,78,80,82,87,88,91,92,101,102" /><INIT seed="0,1,1,4,2,82" ten="265,235,235,255" oya="0" hai0="2,108,127,80,14,86,119,52,3,129,17,135,58" hai1="10,26,113,103,125,117,69,101,88,107,9,110,51" hai2="0,59,118,27,38,72,31,29,98,50,71,13,100" hai3="104,97,131,84,7,45,30,79,55,102,90,87,91"/><T5/><D119/><U44/><E69/><V115/><F115/><W16/><G131/><T35/><D35/><U68/><E68/><V53/><F0/><W41/><G7/><T23/><D129/><U54/><E117/><V32/><F118/><W49/><G30/><T93/><D127/><U95/><E107/><V130/><F130/><W70/><G70/><T83/><D135/><U121/><E121/><V132/><F132/><W42/><G79/><T48/><D108/><U78/><E78/><V46/><F72/><W24/><G91/><N who="0" m="53495" /><D3/><U11/><E125/><V33/><F71/><W20/><REACH who="3" step="1"/><G87/><REACH who="3" ten="265,235,235,245" step="2"/><T1/><D1/><U76/><E76/><V6/><F31/><W63/><G63/><T123/><D123/><U111/><E113/><V65/><F33/><W40/><G40/><T124/><D124/><U21/><E111/><V19/><F6/><W8/><G8/><AGARI ba="1,2" hai="2,5,8,14,17,23,48,52,58,80,83" m="53495" machi="8" ten="30,5800,0" yaku="25,1,52,1,54,1" doraHai="82" who="0" fromWho="3" sc="265,81,235,0,235,0,245,-61" /><INIT seed="0,2,0,3,0,71" ten="346,235,235,184" oya="0" hai0="93,79,116,19,38,18,57,112,51,26,40,127,106" hai1="122,17,109,41,21,45,132,134,113,133,5,60,59" hai2="11,55,100,58,54,66,135,126,28,78,94,120,99" hai3="7,131,13,20,118,63,70,130,107,9,92,16,1"/><T47/><D106/><U42/><E122/><V25/><F120/><W12/><G107/><T104/><D104/><U49/><E5/><V23/><F135/><W8/><G118/><T62/><D112/><U22/><E113/><V64/><F126/><W14/><G92/><T52/><D127/><U124/><E124/><V39/><F78/><W119/><G119/><T24/><D79/><U33/><E33/><V73/><F73/><W102/><G102/><T114/><D114/><U85/><E109/><V91/><F39/><W31/><G31/><T50/><D116/><U65/><E85/><V110/><F110/><W56/><G70/><T4/><D4/><U27/><REACH who="1" step="1"/><E22/><REACH who="1" ten="346,225,235,184" step="2"/><V29/><F11/><W86/><G86/><T68/><D51/><U15/><E15/><V30/><F23/><W48/><G48/><T37/><D93/><U0/><E0/><V80/><F25/><N who="0" m="9834" /><D38/><U96/><E96/><V69/><F69/><W87/><G87/><T36/><D36/><U74/><E74/><V75/><F75/><W3/><G130/><T6/><D6/><U97/><E97/><V117/><F117/><W128/><G3/><T90/><D37/><U35/><E35/><V72/><F72/><W83/><G83/><T98/><D68/><U61/><E61/><V32/><F32/><W76/><G76/><T108/><D108/><U121/><E121/><V43/><F80/><W115/><G115/><T129/><D129/><N who="3" m="49737" /><G20/><T2/><D2/><U111/><E111/><V77/><F99/><W89/><G89/><T88/><D98/><U123/><E123/><V53/><F77/><RYUUKYOKU ba="2,1" sc="346,10,225,10,235,-30,184,10" hai0="18,19,40,47,50,52,57,62,88,90" hai1="17,21,27,41,42,45,49,59,60,65,132,133,134" hai3="1,7,8,9,12,13,14,16,56,63" /><INIT seed="0,3,1,0,1,81" ten="356,235,205,194" oya="0" hai0="120,133,75,84,7,28,105,92,125,65,111,114,51" hai1="131,117,74,90,14,9,67,96,122,63,31,55,113" hai2="10,22,93,34,45,17,82,42,134,38,16,70,11" hai3="59,6,102,15,132,58,21,118,68,101,43,87,0"/><T18/><D75/><U121/><E74/><V127/><F34/><W20/><G118/><T94/><D105/><U61/><E117/><V64/><F134/><W103/><G68/><T2/><D133/><U78/><E78/><V54/><F127/><W126/><G132/><T46/><D120/><U130/><E31/><V69/><F17/><W41/><G126/><T25/><D65/><U50/><E96/><V124/><F124/><W85/><G0/><T1/><D18/><N who="1" m="8527" /><E90/><V36/><F36/><W44/><G6/><T60/><D60/><N who="1" m="23115" /><E67/><V56/><F93/><W32/><G32/><T33/><D111/><U91/><E91/><V83/><F70/><W115/><G115/><T57/><D57/><N who="3" m="21513" /><G15/><T86/><D125/><U108/><E108/><V5/><F69/><W89/><G89/><T13/><D114/><U77/><E77/><V53/><F64/><W71/><G71/><T26/><D1/><U3/><E3/><V119/><F11/><W97/><G97/><T66/><D66/><U116/><E116/><V19/><F19/><W80/><G44/><T40/><D2/><U109/><E109/><V106/><F106/><W8/><G8/><N who="0" m="4255" /><D33/><U100/><E100/><N who="3" m="25602" /><W128/><DORA hai="95" /><G128/><N who="1" m="49194" /><E113/><V49/><F119/><W99/><G99/><T52/><D28/><U104/><E104/><V48/><F38/><W24/><G24/><N who="0" m="9323" /><D94/><U110/><E110/><V112/><F112/><W39/><G39/><N who="0" m="21791" /><D92/><U79/><E79/><V27/><F42/><N who="3" m="15883" /><G80/><T107/><D107/><U135/><E135/><V37/><F37/><W88/><G88/><T72/><D72/><U47/><AGARI ba="3,1" hai="47,50,55,121,122" m="49194,23115,8527" machi="47" ten="30,2000,0" yaku="5,1,19,1" doraHai="81,95" who="1" fromWho="1" sc="356,-13,235,39,205,-8,194,-8" /><INIT seed="1,0,0,4,3,75" ten="343,274,197,186" oya="1" hai0="112,71,89,129,36,31,64,63,20,62,47,61,37" hai1="86,22,67,134,117,35,73,42,59,84,111,124,33" hai2="25,133,81,40,8,102,38,100,101,107,105,15,30" hai3="72,26,92,6,29,78,123,79,69,23,94,97,13"/><U77/><E117/><V60/><F133/><W56/><G69/><T68/><D20/><U120/><E120/><V125/><F125/><W91/><G123/><T110/><D31/><U7/><E124/><V9/><F60/><N who="0" m="23146" /><D89/><U116/><E67/><V49/><F38/><N who="0" m="14954" /><D110/><U93/><E59/><V96/><F81/><W58/><G72/><T4/><D4/><U1/><E116/><V82/><F82/><W88/><G56/><N who="0" m="36967" /><D129/><U132/><E111/><V27/><F96/><N who="3" m="57351" /><G58/><T41/><D112/><U121/><E42/><V108/><F108/><W126/><G126/><T57/><D57/><U65/><E121/><V50/><F101/><W19/><G6/><T127/><D127/><U103/><E65/><V106/><F106/><W28/><G28/><T43/><D43/><U39/><E39/><AGARI ba="0,0" hai="39,41,47,68,71" m="36967,14954,23146" machi="39" ten="30,8000,1" yaku="35,5" doraHai="75" who="0" fromWho="1" sc="343,80,274,-80,197,0,186,0" /><INIT seed="2,0,0,5,2,33" ten="423,194,197,186" oya="2" hai0="45,84,125,60,51,119,54,128,30,32,25,43,9" hai1="22,61,70,108,100,103,105,56,28,131,38,123,34" hai2="135,118,64,12,109,83,20,48,72,102,46,65,6" hai3="90,79,99,58,110,126,16,113,93,73,2,4,86"/><V91/><F118/><W77/><G113/><T10/><D128/><U36/><E131/><V94/><F135/><W7/><G73/><T67/><D125/><U31/><E70/><V0/><F0/><W55/><G126/><T132/><D132/><U116/><E116/><V62/><F109/><W92/><G110/><T69/><D84/><U47/><E34/><V50/><F72/><W35/><G35/><T41/><D119/><U23/><E108/><V11/><F83/><W111/><G111/><T49/><D41/><U78/><E78/><V27/><F102/><W39/><G39/><T37/><D51/><U14/><E105/><V95/><F62/><W88/><G16/><T44/><AGARI ba="0,0" hai="9,10,25,30,32,37,43,44,45,49,54,60,67,69" machi="44" ten="20,1500,0" yaku="0,1,7,1" doraHai="33" who="0" fromWho="0" sc="423,15,194,-4,197,-7,186,-4" /><INIT seed="3,0,0,0,4,86" ten="438,190,190,182" oya="3" hai0="23,106,41,24,0,98,131,119,45,88,105,134,14" hai1="51,7,132,135,93,42,82,101,126,67,16,65,46" hai2="91,124,35,120,97,56,116,112,104,10,31,73,111" hai3="40,13,1,84,30,61,48,60,18,77,92,87,55"/><W28/><G1/><T108/><D0/><U72/><E7/><V94/><F10/><W58/><G87/><T12/><D119/><U38/><E38/><V70/><F56/><W96/><G77/><T68/><D68/><U115/><E115/><V114/><F31/><W130/><G130/><T15/><D108/><U129/><E126/><V102/><F35/><W123/><G123/><T44/><D134/><N who="1" m="51243" /><E129/><V118/><F70/><W133/><G133/><T69/><D69/><U81/><E16/><V17/><F17/><W22/><G84/><T29/><D131/><U63/><E63/><V37/><F37/><W117/><G117/><N who="2" m="45161" /><F124/><W54/><G40/><T32/><D32/><U49/><E49/><V100/><F120/><W71/><G71/><T95/><D45/><U5/><E5/><V103/><F111/><W107/><G107/><T6/><REACH who="0" step="1"/><D6/><REACH who="0" ten="428,190,190,182" step="2"/><U127/><E127/><V43/><F43/><W52/><G52/><T62/><D62/><N who="3" m="24169" /><G55/><T89/><D89/><AGARI ba="0,1" hai="13,18,22,28,30,48,54,58,89,92,96" m="24169" machi="89" ten="30,2900,0" yaku="8,1,52,1" doraHai="86" who="3" fromWho="0" sc="428,-29,190,0,190,0,182,39" /><INIT seed="3,1,0,5,2,109" ten="399,190,190,221" oya="3" hai0="99,47,88,14,48,45,61,25,52,101,130,97,111" hai1="38,3,28,15,42,58,44,117,108,33,135,46,43" hai2="71,11,128,79,31,22,121,64,87,129,113,67,6" hai3="103,106,27,84,91,32,36,50,20,114,123,2,19"/><W35/><G36/><T57/><D130/><N who="2" m="50282" /><F121/><W21/><G123/><T41/><D111/><U56/><E108/><V133/><F113/><W7/><G114/><T54/><D25/><U92/><E3/><N who="2" m="479" /><F133/><W12/><G2/><T93/><D14/><U83/><E135/><V81/><F71/><W122/><G122/><T8/><D8/><U5/><E117/><V77/><F77/><W39/><G39/><T115/><D115/><U17/><E5/><V98/><F98/><W118/><G118/><T125/><D125/><U51/><E83/><V104/><F104/><W80/><G7/><T24/><D24/><AGARI ba="1,0" hai="22,24,31,64,67,79,81,87" m="479,50282" machi="24" ten="30,1000,0" yaku="19,1" doraHai="109" who="2" fromWho="0" sc="399,-13,190,0,190,13,221,0" owari="386,49.0,190,-31.0,203,-20.0,221,2.0" /></mjloggm>