<mjloggm ver="2.3"><GO type="41" lobby="0"/><UN n0="%E3%81%BD%E3%81%88%EF%BD%9E%E3%82%93" n1="%E5%B0%B1%E6%B4%BB%E7%94%9F%40%E5%B7%9D%E6%9D%91%E8%BB%8D%E5%9B%A3" n2="%E5%8C%97%E6%B5%B7%E9%81%93%E5%A4%A7%E5%AD%A6%EF%BC%92%E5%B9%B4" n3="%E3%81%A1%E3%82%85%E3%81%86%E3%82%8C%E3%82%93" dan="15,15,13,14" rate="1968.14,1944.38,1827.32,1926.10" sx="M,M,F,M"/><TAIKYOKU oya="0"/><INIT seed="0,0,0,3,1,109" ten="250,250,250,250" oya="0" hai0="79,9,122,127,14,119,51,25,94,92,38,59,134" hai1="116,83,66,37,53,15,108,21,3,82,91,90,60" hai2="95,124,57,87,13,100,88,40,43,135,80,118,62" hai3="5,4,30,74,121,8,61,85,7,96,113,103,84"/><T26/><D122/><U68/><E3/><V69/><F69/><W76/><G121/><T33/><D119/><U75/><E108/><V102/><F135/><W81/><G30/><T128/><D38/><U28/><E116/><V19/><F124/><W12/><G113/><T27/><D33/><U32/><E32/><V86/><F118/><W111/><G111/><T20/><D127/><U110/><E110/><V106/><F106/><W34/><G34/><T77/><D134/><U16/><E37/><V46/><F46/><W105/><REACH who="3" step="1"/><G61/><REACH who="3" ten="250,250,250,240" step="2"/><T45/><D128/><U71/><E28/><V130/><F130/><W47/><G47/><T6/><D59/><U72/><E71/><V64/><F102/><W70/><G70/><T24/><D79/><U125/><E125/><V114/><F114/><W22/><G22/><T63/><D63/><U123/><E123/><V65/><F100/><W97/><G97/><T115/><D115/><U29/><E29/><V112/><F112/><W117/><G117/><T58/><D58/><U56/><E83/><V89/><REACH who="2" step="1"/><F65/><REACH who="2" ten="250,250,240,240" step="2"/><W55/><G55/><N who="0" m="30191" /><D77/><U99/><E66/><V120/><F120/><W107/><G107/><T129/><D129/><U132/><E68/><V23/><AGARI ba="0,2" hai="13,19,23,40,43,57,62,64,80,86,87,88,89,95" machi="23" ten="20,8000,1" yaku="1,1,0,1,7,1,8,1,54,1,53,0" doraHai="109" doraHaiUra="44" who="2" fromWho="2" sc="250,-40,250,-20,240,100,240,-20" /><INIT seed="1,0,0,5,0,5" ten="210,230,340,220" oya="1" hai0="106,0,31,67,113,43,18,10,50,71,134,25,90" hai1="27,107,54,33,6,93,135,22,4,49,105,94,122" hai2="28,40,86,30,100,64,74,23,121,15,63,48,19" hai3="69,82,57,53,21,97,38,42,12,2,52,118,120"/><U51/><E33/><V132/><F74/><W16/><G120/><T7/><D106/><U60/><E122/><V44/><F121/><W95/><G69/><T102/><D102/><U119/><E119/><V123/><F132/><W110/><G118/><T8/><D113/><U114/><E114/><V75/><F75/><W26/><G110/><T85/><D134/><U91/><E135/><V115/><F115/><W79/><G2/><T112/><D112/><U59/><E107/><V104/><F123/><W72/><G38/><T9/><D71/><U66/><E105/><V80/><F100/><W128/><G42/><T81/><D67/><U103/><E103/><V96/><F96/><W89/><G128/><T87/><D18/><U88/><E94/><V34/><F34/><W24/><G53/><T1/><D1/><U92/><E92/><V78/><F104/><W14/><G26/><T45/><D87/><U56/><E51/><AGARI ba="0,0" hai="12,14,16,21,24,51,52,57,72,79,82,89,95,97" machi="51" ten="30,3900,0" yaku="7,1,54,2" doraHai="5" who="3" fromWho="1" sc="210,0,230,-39,340,0,220,39" /><INIT seed="2,0,0,4,0,79" ten="210,191,340,259" oya="2" hai0="84,41,95,104,14,97,110,17,54,52,80,26,115" hai1="0,19,16,42,21,32,91,123,9,67,77,1,15" hai2="76,111,65,63,102,116,107,33,2,62,12,60,103" hai3="69,117,59,10,113,125,48,96,57,89,23,99,101"/><V30/><F116/><W50/><G117/><T92/><D115/><U83/><E32/><V119/><F2/><W56/><G113/><T105/><D110/><U68/><E123/><V29/><F119/><W131/><G69/><T71/><D71/><U121/><E121/><V118/><F118/><W24/><G131/><T38/><D26/><U40/><BYE who="2" /><E91/><V134/><F134/><W70/><G70/><T58/><D95/><U124/><E124/><V4/><F4/><W66/><G125/><T122/><D122/><U108/><E108/><V35/><F35/><W34/><G34/><T78/><D41/><UN n2="%E5%8C%97%E6%B5%B7%E9%81%93%E5%A4%A7%E5%AD%A6%EF%BC%92%E5%B9%B4" /><U93/><E93/><V120/><F120/><W6/><G89/><T31/><D31/><U44/><E67/><V126/><F126/><W88/><G101/><T39/><D54/><U130/><E68/><N who="2" m="42023" /><F30/><W22/><G99/><T7/><D7/><U112/><E130/><V45/><F111/><W37/><G37/><T82/><D82/><U36/><E42/><V90/><F76/><W86/><G96/><T114/><D114/><U75/><REACH who="1" step="1"/><E112/><REACH who="1" ten="210,181,340,259" step="2"/><V20/><F90/><W98/><G66/><T73/><D105/><U46/><E46/><V81/><F45/><W129/><G129/><T133/><D104/><U25/><AGARI ba="0,1" hai="0,1,9,15,16,19,21,25,36,40,44,75,77,83" machi="25" ten="20,8000,1" yaku="1,1,0,1,7,1,52,1,54,1,53,0" doraHai="79" doraHaiUra="132" who="1" fromWho="1" sc="210,-20,181,90,340,-40,259,-20" /><INIT seed="3,0,0,3,4,62" ten="190,271,300,239" oya="3" hai0="19,1,100,38,18,113,112,50,73,123,15,9,126" hai1="8,130,10,121,80,135,36,63,40,41,119,42,74" hai2="101,83,96,45,67,92,84,70,22,54,35,39,103" hai3="133,48,120,0,91,116,86,105,37,122,75,132,69"/><W24/><G75/><T81/><D123/><U117/><E121/><V131/><F35/><W104/><G37/><T82/><D1/><U97/><E36/><V14/><F131/><W2/><G24/><T7/><D38/><U17/><E130/><V65/><F70/><W21/><G116/><N who="1" m="44618" /><E135/><V64/><F39/><W23/><G69/><T125/><D100/><U99/><E63/><V128/><F128/><W85/><G48/><T31/><D50/><U4/><E17/><N who="0" m="6153" /><D73/><U28/><E28/><V106/><F106/><W129/><REACH who="3" step="1"/><G91/><REACH who="3" ten="190,271,300,229" step="2"/><T127/><D31/><U52/><E74/><V61/><F61/><W94/><G94/><T59/><D59/><U20/><E80/><AGARI ba="0,1" hai="7,9,15,80,81,82,112,113,125,126,127" m="6153" machi="80" ten="40,1300,0" yaku="18,1" doraHai="62" who="0" fromWho="1" sc="190,23,271,-13,300,0,229,0" /><INIT seed="4,0,0,3,1,118" ten="213,258,300,229" oya="0" hai0="72,50,101,133,70,65,79,132,106,86,135,75,3" hai1="104,16,96,31,119,9,91,0,121,113,44,130,124" hai2="40,66,8,98,23,127,83,76,100,110,64,61,120" hai3="78,95,53,57,30,71,122,99,15,58,123,105,107"/><T125/><D3/><U54/><E119/><V52/><F110/><W69/><G78/><T47/><D125/><U1/><E31/><V12/><F40/><W5/><G30/><T74/><D70/><N who="3" m="26633" /><G5/><T103/><D65/><U22/><E124/><V2/><F2/><W109/><G109/><T35/><D35/><U94/><E113/><V56/><F120/><N who="3" m="46123" /><G15/><T6/><D6/><U60/><E104/><N who="3" m="40010" /><G53/><N who="0" m="29919" /><D106/><U24/><E121/><V20/><F127/><W17/><G17/><T128/><D128/><U36/><E130/><V38/><F64/><W81/><G81/><AGARI ba="0,0" hai="72,74,75,79,81,86,101,103,132,133,135" m="29919" machi="81" ten="40,2000,0" yaku="20,1" doraHai="118" who="0" fromWho="3" sc="213,20,258,0,300,0,229,-20" /><INIT seed="4,1,0,2,0,88" ten="233,258,300,209" oya="0" hai0="70,61,63,103,134,32,109,117,67,9,97,122,95" hai1="60,37,12,59,41,92,25,28,16,11,0,112,34" hai2="111,85,113,6,132,110,99,116,21,47,86,72,65" hai3="105,26,66,79,76,77,98,82,5,93,43,49,17"/><T55/><D122/><U7/><E112/><V91/><F72/><W64/><G105/><T74/><D74/><U121/><E121/><V108/><F113/><W57/><G5/><T24/><D117/><U119/><E119/><V89/><F116/><W22/><G82/><T14/><D109/><U23/><E41/><V62/><F132/><W115/><G115/><T30/><D134/><U118/><E118/><V13/><F47/><W45/><REACH who="3" step="1"/><G57/><REACH who="3" ten="233,258,300,199" step="2"/><T33/><D63/><U68/><E68/><V129/><F62/><W42/><G42/><T15/><D9/><U50/><E50/><V90/><F6/><W126/><G126/><T27/><D55/><U101/><E37/><V102/><F65/><W8/><G8/><T107/><REACH who="0" step="1"/><D95/><REACH who="0" ten="223,258,300,199" step="2"/><U29/><E92/><N who="2" m="58727" /><F108/><W46/><G46/><T31/><AGARI ba="1,2" hai="14,15,24,27,30,31,32,33,61,67,70,97,103,107" machi="31" ten="30,12000,1" yaku="1,1,0,1,9,1,25,2,53,0" doraHai="88" doraHaiUra="53" who="0" fromWho="0" sc="223,143,258,-41,300,-41,199,-41" /><INIT seed="4,2,0,2,4,6" ten="366,217,259,158" oya="0" hai0="98,23,116,104,45,51,7,100,57,82,127,27,97" hai1="1,60,35,84,85,88,56,47,61,99,113,78,107" hai2="49,15,65,120,73,92,108,109,50,34,54,8,13" hai3="18,86,55,33,101,12,5,89,62,39,37,59,66"/><T32/><D116/><U74/><E35/><V64/><F34/><W44/><G33/><T31/><D127/><U72/><E1/><V121/><F73/><W75/><G75/><T71/><D71/><U133/><E133/><V28/><F92/><W134/><G134/><T38/><D98/><U87/><E47/><V106/><F54/><W20/><G101/><T135/><D135/><U25/><E25/><V96/><F96/><W83/><G39/><T90/><D38/><U95/><E60/><V40/><F40/><W67/><G37/><T131/><D131/><U2/><E2/><V48/><F28/><W80/><G44/><T30/><D57/><U114/><E107/><V17/><F106/><W111/><G111/><T112/><D112/><N who="1" m="43115" /><E78/><V77/><F77/><W52/><G67/><AGARI ba="2,0" hai="56,61,67,72,74,84,85,87,88,95,99" m="43115" machi="67" ten="30,3900,0" yaku="15,1,11,1,54,1" doraHai="6" who="1" fromWho="3" sc="366,0,217,45,259,0,158,-45" /><INIT seed="5,0,0,1,0,70" ten="366,262,259,113" oya="1" hai0="81,95,72,45,131,109,117,93,122,13,42,101,19" hai1="83,82,106,113,23,43,1,28,61,65,90,111,80" hai2="75,57,76,98,37,89,36,107,132,127,67,47,133" hai3="21,0,48,124,85,56,25,135,5,55,14,121,27"/><U44/><E1/><V73/><F127/><W120/><G124/><T20/><D117/><U74/><E111/><V60/><F47/><W32/><G135/><N who="2" m="51785" /><F76/><W103/><G103/><T29/><D109/><U69/><E113/><V62/><F60/><W4/><G4/><T97/><D131/><U79/><E106/><V118/><F118/><W6/><G6/><T87/><D72/><N who="2" m="27722" /><F89/><W102/><G102/><AGARI ba="0,0" hai="36,37,57,62,67,98,102,107" m="27722,51785" machi="102" ten="30,3900,0" yaku="20,1,52,2" doraHai="70" who="2" fromWho="3" sc="366,0,262,0,259,39,113,-39" /><INIT seed="6,0,0,2,1,45" ten="366,262,298,74" oya="2" hai0="82,71,2,112,96,91,61,104,21,67,36,133,132" hai1="55,125,115,86,101,74,75,24,114,97,51,65,123" hai2="88,79,117,28,16,70,7,54,122,49,12,84,20" hai3="76,4,110,59,6,85,105,100,103,72,81,25,29"/><V126/><F117/><W9/><G110/><T34/><D2/><U27/><E65/><V52/><F70/><W63/><G72/><N who="1" m="27690" /><E86/><V128/><F122/><W99/><G103/><T129/><D36/><U38/><E38/><V37/><F37/><W5/><G29/><T77/><D112/><N who="1" m="43051" /><E123/><V62/><F128/><W66/><REACH who="3" step="1"/><G25/><REACH who="3" ten="366,262,298,64" step="2"/><T111/><D129/><U22/><E27/><N who="2" m="16487" /><F126/><W0/><AGARI ba="0,1" hai="0,4,5,6,9,59,63,66,76,81,85,99,100,105" machi="0" ten="20,5200,0" yaku="1,1,0,1,7,1,53,1" doraHai="45" doraHaiUra="98" who="3" fromWho="3" sc="366,-13,262,-13,298,-26,64,62" /><INIT seed="7,0,0,1,3,100" ten="353,249,272,126" oya="3" hai0="2,86,45,3,74,92,7,130,67,17,13,37,62" hai1="32,122,95,34,4,97,1,119,31,78,59,84,99" hai2="55,109,46,91,57,50,16,79,43,93,11,21,118" hai3="96,10,116,123,61,114,0,35,18,64,63,14,65"/><W58/><G116/><T23/><D74/><U47/><E122/><V88/><F118/><W12/><G114/><T69/><D130/><U60/><E119/><V126/><F109/><W135/><G123/><T48/><D37/><U76/><E1/><V54/><F126/><W53/><G35/><T42/><D7/><U115/><E115/><V87/><F11/><W25/><G135/><T107/><D107/><U98/><E4/><V15/><F79/><W80/><G25/><T68/><D68/><U121/><E121/><V38/><F55/><W106/><G12/><T44/><D45/><U125/><E125/><V9/><F9/><W36/><G36/><T20/><D20/><U81/><E76/><V66/><F91/><W104/><G0/><T5/><D5/><U72/><E72/><V113/><F113/><W105/><G80/><T131/><D131/><U112/><E112/><V73/><F73/><W103/><REACH who="3" step="1"/><G65/><AGARI ba="0,0" hai="15,16,21,38,43,46,50,54,57,65,66,87,88,93" machi="65" ten="40,8000,1" yaku="25,2,54,2" doraHai="100" who="2" fromWho="3" sc="353,0,249,0,272,80,126,-80" owari="353,45.0,249,-15.0,352,15.0,46,-45.0" /></mjloggm>