<mjloggm ver="2.3"><GO type="97" lobby="0"/><UN n0="%E6%B0%B4%E7%84%A1%E7%80%AC%E6%B5%81%E5%8D%97" n1="%E3%81%8B%E3%81%AA%E3%81%B6%E3%82%93" n2="%E3%82%AD%E3%82%A8%E3%83%AB%E3%83%BB%E3%83%8F%E3%82%A4%E3%83%A0" n3="%E5%B0%B1%E6%B4%BB%E7%94%9F%40%E5%B7%9D%E6%9D%91%E8%BB%8D%E5%9B%A3" dan="13,14,15,14" rate="1888.72,1935.31,2002.18,1957.07" sx="M,M,F,M"/><TAIKYOKU oya="0"/><INIT seed="0,0,0,4,3,74" ten="250,250,250,250" oya="0" hai0="78,80,88,7,108,27,6,26,30,51,45,104,89" hai1="73,112,113,84,15,110,79,44,8,101,117,67,49" hai2="12,90,91,70,5,58,85,96,21,10,107,33,23" hai3="115,20,128,43,62,36,24,47,25,48,50,4,99"/><T77/><D104/><U103/><E117/><V2/><F70/><W59/><G115/><N who="1" m="44106" /><E73/><V134/><F134/><W17/><G128/><T114/><D114/><U71/><E67/><V60/><F33/><W28/><G4/><N who="0" m="1579" /><D108/><U122/><E71/><V129/><F129/><W55/><REACH who="3" step="1"/><G99/><REACH who="3" ten="250,250,250,240" step="2"/><T56/><D30/><U98/><E110/><V22/><F2/><W37/><G37/><T46/><D26/><U1/><E98/><V18/><F96/><W131/><G131/><T81/><D27/><U52/><E1/><V119/><F119/><W61/><G61/><T63/><D63/><U66/><E122/><V3/><F3/><W69/><G69/><T32/><D32/><AGARI ba="0,1" hai="17,20,24,25,28,32,36,43,47,48,50,55,59,62" machi="32" ten="30,2000,0" yaku="1,1,7,1,53,0" doraHai="74" doraHaiUra="120" who="3" fromWho="0" sc="250,-20,250,0,250,0,240,30" /><INIT seed="1,0,0,0,5,88" ten="230,250,250,270" oya="1" hai0="15,125,111,85,65,69,89,102,32,27,95,12,129" hai1="105,9,54,128,99,41,133,17,31,103,134,28,30" hai2="40,56,113,114,86,68,48,64,36,92,1,0,39" hai3="84,7,4,97,59,21,35,70,112,34,16,78,23"/><U19/><E41/><V75/><F75/><W37/><G70/><T98/><D125/><U29/><N who="1" m="7680" /><DORA hai="46" /><U57/><E9/><V87/><F68/><W8/><G37/><T81/><D32/><U63/><E128/><V13/><F13/><N who="3" m="7207" /><G35/><T82/><D27/><U18/><AGARI ba="0,0" hai="17,18,19,54,57,63,99,103,105,133,134" m="7680" machi="18" ten="50,2400,0" yaku="0,1" doraHai="88,46" who="1" fromWho="1" sc="230,-8,250,24,250,-8,270,-8" /><INIT seed="1,1,0,1,4,65" ten="222,274,242,262" oya="1" hai0="21,50,1,49,112,63,41,10,98,114,117,132,116" hai1="32,113,119,107,56,115,19,131,104,18,59,42,122" hai2="62,101,0,7,125,23,88,135,100,29,9,74,83" hai3="92,106,2,31,33,43,28,110,91,44,81,6,111"/><U15/><E42/><V36/><F36/><W77/><G106/><T73/><D73/><U30/><E30/><V45/><F125/><W102/><G102/><T51/><D98/><U76/><E76/><V85/><F135/><W47/><G2/><T22/><D132/><U86/><E32/><V105/><F45/><W121/><G6/><T97/><D97/><U87/><E15/><V48/><F48/><W14/><G14/><T46/><D10/><U124/><E124/><V95/><F62/><W79/><G121/><T128/><D1/><U127/><E127/><V27/><REACH who="2" step="1"/><F105/><REACH who="2" ten="222,274,232,262" step="2"/><W5/><G47/><T72/><D63/><U80/><E122/><V93/><F93/><W70/><G44/><T123/><D123/><U129/><REACH who="1" step="1"/><E80/><REACH who="1" ten="222,264,232,262" step="2"/><V75/><F75/><W134/><G81/><T61/><D72/><U8/><E8/><V89/><F89/><W17/><G91/><T68/><D41/><U71/><E71/><V38/><F38/><W20/><G70/><T34/><D68/><U37/><E37/><V78/><AGARI ba="1,2" hai="0,7,9,23,27,29,74,78,83,85,88,95,100,101" machi="78" ten="30,4000,0" yaku="1,1,0,1,54,1,53,0" doraHai="65" doraHaiUra="118" who="2" fromWho="2" sc="222,-11,264,-21,232,63,262,-11" /><INIT seed="2,0,0,0,2,67" ten="211,243,295,251" oya="2" hai0="123,0,54,24,122,36,101,42,52,60,58,27,117" hai1="26,73,23,61,6,109,110,99,90,21,80,22,102" hai2="78,75,16,47,69,104,41,88,74,45,111,5,68" hai3="114,100,119,124,44,106,9,25,17,55,91,125,63"/><V46/><F104/><W51/><G119/><T83/><D0/><U49/><E6/><V131/><F5/><W98/><G114/><T92/><D117/><U1/><E1/><V120/><F120/><W134/><G134/><T13/><D83/><U87/><E73/><V70/><F41/><W64/><G91/><T57/><D42/><U59/><E49/><V43/><F43/><W84/><G84/><T77/><D77/><U28/><E109/><V76/><F111/><W82/><G82/><T135/><D36/><U8/><E8/><V113/><F113/><W53/><G53/><T86/><D135/><U56/><E56/><V79/><F131/><W40/><G40/><T10/><D122/><U15/><E15/><V18/><F88/><W19/><G9/><T30/><D30/><U105/><REACH who="1" step="1"/><E110/><REACH who="1" ten="211,233,295,251" step="2"/><V103/><F103/><W107/><G51/><N who="0" m="30879" /><D101/><U93/><E93/><V121/><F121/><W96/><G100/><T50/><D50/><U29/><E29/><V62/><F62/><W130/><G106/><T12/><D12/><U126/><E126/><V97/><F97/><W95/><G107/><T11/><D123/><U94/><E94/><V3/><F3/><W133/><G96/><T31/><D31/><U89/><E89/><V32/><F32/><W112/><G98/><T129/><D129/><U127/><E127/><V81/><F81/><W71/><G125/><T65/><D10/><U115/><E115/><V33/><F33/><W35/><G124/><T72/><D72/><AGARI ba="0,1" hai="16,18,45,46,47,68,69,70,72,74,75,76,78,79" machi="72" ten="50,24000,3" yaku="29,2,28,2,52,3,54,1" doraHai="67" who="2" fromWho="0" sc="211,-240,233,0,295,250,251,0" owari="-29,-53.0,233,-17.0,545,65.0,251,5.0" /></mjloggm>