<mjloggm ver="2.3"><GO type="225" lobby="0"/><UN n0="%E3%83%B4%E3%83%A0%EF%BC%99%E3%81%A6" n1="%E3%83%88%E3%83%88%E3%83%AA%E5%85%88%E7%94%9F%31%39%E6%AD%B3" n2="%70%69%2D%70%6F" n3="%E5%A9%9A%E6%B4%BB%E7%94%9F%40%E5%B7%9D%E6%9D%91%E8%BB%8D%E5%9B%A3" dan="16,17,17,16" rate="2107.50,2183.21,2230.80,2081.07" sx="M,F,M,M"/><TAIKYOKU oya="0"/><INIT seed="0,0,0,0,3,68" ten="250,250,250,250" oya="0" hai0="96,31,3,123,99,82,69,134,46,126,105,103,32" hai1="60,92,128,27,33,15,37,0,93,45,8,120,62" hai2="13,57,21,83,104,24,107,20,116,65,25,38,43" hai3="106,1,86,125,115,26,54,58,9,72,18,113,131"/><T119/><D123/><U52/><E120/><V88/><F116/><W64/><G72/><T48/><D119/><U23/><E33/><V61/><F13/><W109/><G106/><T127/><D3/><U55/><E0/><V108/><F108/><W85/><G109/><T78/><D69/><U71/><E128/><V28/><F83/><W73/><G131/><T5/><D5/><N who="1" m="3471" /><E37/><V111/><F88/><W66/><G73/><N who="0" m="43343" /><D134/><U97/><E71/><V117/><F117/><W135/><G135/><T53/><D96/><U95/><E97/><V42/><F111/><W76/><G1/><T110/><D110/><U39/><E39/><V34/><F42/><W6/><G6/><T49/><D49/><N who="1" m="28719" /><E55/><V114/><F114/><W7/><G7/><T112/><D112/><U133/><E133/><V17/><REACH who="2" step="1"/><F34/><REACH who="2" ten="250,250,240,250" step="2"/><W67/><G113/><T29/><D32/><U98/><E98/><V102/><F102/><W63/><G115/><T11/><D11/><U2/><E2/><V41/><F41/><W130/><G9/><T129/><D129/><U77/><E77/><V14/><F14/><W101/><G130/><T10/><D10/><U89/><E89/><V91/><F91/><W118/><G101/><T80/><D80/><U16/><AGARI ba="0,1" hai="16,23,27,60,62,92,93,95" m="28719,3471" machi="16" ten="30,4000,0" yaku="8,1,54,2" doraHai="68" who="1" fromWho="1" sc="250,-20,250,50,240,-10,250,-10" /><INIT seed="1,0,0,2,3,19" ten="230,300,230,240" oya="1" hai0="50,0,22,17,117,129,102,126,9,8,109,41,123" hai1="105,58,36,83,5,23,96,54,7,103,46,72,3" hai2="2,135,133,99,30,39,90,27,14,40,52,87,60" hai3="76,51,128,118,124,48,13,89,125,34,18,113,68"/><U91/><E3/><V32/><F2/><W15/><G113/><T101/><D117/><U6/><E36/><V1/><F1/><W127/><G68/><T98/><D109/><U75/><E46/><N who="2" m="23839" /><F99/><W115/><G34/><T95/><D123/><U66/><E66/><V119/><F14/><W35/><G35/><T100/><D126/><U77/><E91/><V78/><F78/><W80/><G118/><T86/><D86/><U24/><E75/><V64/><F119/><W55/><G115/><T31/><D31/><U131/><E131/><V122/><F122/><W70/><G128/><T79/><D79/><U81/><E81/><N who="2" m="49519" /><F64/><W61/><G89/><N who="0" m="55663" /><D0/><U26/><REACH who="1" step="1"/><E23/><REACH who="1" ten="230,290,230,240" step="2"/><V43/><F32/><W110/><G110/><T10/><D129/><U47/><E47/><V29/><F133/><W104/><G70/><T67/><D67/><U49/><AGARI ba="0,1" hai="5,6,7,24,26,49,54,58,72,77,83,96,103,105" machi="49" ten="30,3000,0" yaku="1,1,0,1,53,0" doraHai="19" doraHaiUra="62" who="1" fromWho="1" sc="230,-10,290,40,230,-10,240,-10" /><INIT seed="1,1,0,1,2,81" ten="220,330,220,230" oya="1" hai0="29,44,132,70,86,27,119,54,0,98,71,93,17" hai1="58,49,4,5,51,50,7,97,48,68,42,110,10" hai2="2,22,134,55,80,84,67,104,117,118,131,3,72" hai3="112,66,63,114,61,12,123,65,96,124,82,74,76"/><U95/><E68/><V56/><F72/><W18/><G123/><T75/><D75/><U45/><E110/><V23/><F104/><W9/><G124/><T34/><D119/><U90/><REACH who="1" step="1"/><E58/><REACH who="1" ten="220,320,220,230" step="2"/><V30/><F56/><W64/><REACH who="3" step="1"/><G96/><REACH who="3" ten="220,320,220,220" step="2"/><T39/><D98/><U40/><E40/><V128/><F117/><W16/><G16/><T127/><D17/><U106/><E106/><V43/><F118/><W52/><G52/><T115/><D54/><U79/><E79/><V36/><F43/><W53/><G53/><T121/><D121/><U62/><E62/><AGARI ba="1,2" hai="9,12,18,61,62,63,64,65,66,74,76,82,112,114" machi="62" ten="40,2600,0" yaku="1,1,53,1" doraHai="81" doraHaiUra="105" who="3" fromWho="1" sc="220,0,320,-29,220,0,220,49" /><INIT seed="2,0,0,2,5,26" ten="220,291,220,269" oya="2" hai0="28,124,120,5,64,0,133,132,78,42,119,12,2" hai1="54,67,134,10,18,121,11,4,76,6,108,123,16" hai2="41,59,43,106,51,87,47,71,116,97,92,61,9" hai3="17,57,35,68,15,38,115,49,130,13,127,30,105"/><V72/><F116/><W27/><G105/><T102/><D120/><N who="1" m="46155" /><E108/><V34/><F72/><W63/><G38/><T36/><D119/><U31/><E134/><N who="0" m="51817" /><D124/><U50/><E67/><V75/><F75/><W113/><G127/><T19/><D78/><U8/><E76/><V80/><F106/><W23/><G130/><T126/><D126/><U45/><E31/><V21/><F34/><W89/><G68/><T20/><D102/><U104/><E104/><V53/><F9/><N who="1" m="3689" /><E6/><V95/><F71/><W85/><G15/><AGARI ba="0,0" hai="4,11,15,16,18,45,50,54" m="3689,46155" machi="15" ten="30,2000,0" yaku="13,1,54,1" doraHai="26" who="1" fromWho="3" sc="220,0,291,20,220,0,269,-20" /><INIT seed="3,0,0,2,0,126" ten="220,311,220,249" oya="3" hai0="66,51,135,100,0,9,118,89,108,36,72,99,94" hai1="105,86,95,130,73,46,90,4,14,80,11,47,117" hai2="110,109,120,68,81,92,65,53,111,133,24,74,82" hai3="26,50,44,119,12,77,34,121,17,87,43,58,21"/><W113/><G121/><T69/><D36/><U45/><E130/><V40/><F133/><W32/><G113/><T20/><D118/><U93/><E105/><V57/><F120/><W107/><G107/><T122/><D122/><U56/><E73/><V22/><F40/><W23/><G119/><T129/><D72/><U62/><E117/><V49/><F74/><W28/><G77/><T97/><D135/><U83/><E95/><V76/><F92/><W42/><G42/><T8/><D108/><N who="2" m="27650" /><V5/><DORA hai="31" /><F5/><W30/><G30/><T124/><D124/><U52/><AGARI ba="0,0" hai="4,11,14,45,46,47,52,56,62,80,83,86,90,93" machi="52" ten="30,4000,0" yaku="0,1,8,1,54,1" doraHai="126,31" who="1" fromWho="1" sc="220,-10,311,40,220,-10,249,-20" owari="210,-19.0,351,45.0,210,-29.0,229,3.0" /></mjloggm>