<mjloggm ver="2.3"><GO type="169" lobby="0"/><UN n0="%E5%AE%AE%E6%9C%AC%E4%BE%86%E5%A4%8F" n1="%6D%6F%65%2E%6E" n2="%28%EF%BC%BE%CF%89%EF%BC%BE%29%E3%81%8A%E3%81%89%E3%82%93" n3="%E5%B0%B1%E6%B4%BB%E7%94%9F%40%E5%B7%9D%E6%9D%91%E8%BB%8D%E5%9B%A3" dan="18,16,16,17" rate="2177.88,2051.19,2182.72,2248.29" sx="F,F,F,M"/><TAIKYOKU oya="0"/><INIT seed="0,0,0,3,0,81" ten="250,250,250,250" oya="0" hai0="87,23,41,105,113,38,76,58,19,84,14,123,104" hai1="43,32,107,20,118,55,63,124,129,98,73,66,116" hai2="90,106,114,9,121,22,54,51,71,60,62,39,61" hai3="131,59,88,26,112,83,7,135,0,18,80,12,130"/><T49/><D113/><U128/><E32/><V33/><F33/><W46/><G112/><T29/><D123/><U64/><E124/><V102/><F121/><W100/><G100/><T74/><D38/><U36/><E73/><V120/><F120/><W82/><G135/><T70/><D70/><U86/><E55/><V52/><F39/><W27/><G46/><N who="0" m="25807" /><D74/><U108/><E108/><V24/><F71/><W5/><G59/><T134/><D134/><U37/><E20/><V57/><F9/><W65/><G65/><T127/><D105/><U42/><E98/><V4/><F4/><N who="3" m="1611" /><G0/><T40/><D104/><U119/><E107/><V30/><F114/><W97/><G131/><N who="1" m="50250" /><E86/><N who="0" m="32809" /><D127/><U16/><E36/><V11/><F106/><W25/><G130/><T99/><D99/><U15/><E37/><V48/><F102/><W85/><G97/><T3/><D3/><U21/><E66/><V53/><F11/><AGARI ba="0,0" hai="11,12,18,25,26,27,80,82,83,85,88" m="1611" machi="11" ten="30,3900,0" yaku="8,1,52,1,54,1" doraHai="81" who="3" fromWho="2" sc="250,0,250,0,250,-39,250,39" /><INIT seed="1,0,0,3,1,102" ten="250,250,211,289" oya="1" hai0="75,19,51,39,89,106,112,58,87,3,78,113,70" hai1="103,17,47,131,111,30,132,130,66,68,123,77,86" hai2="82,6,121,118,8,84,53,69,99,114,5,80,36" hai3="101,83,76,24,95,88,107,96,2,67,16,135,40"/><U90/><E123/><V110/><F121/><W125/><G2/><T50/><D39/><U23/><E132/><V28/><F118/><W94/><G135/><T91/><D70/><U105/><E111/><V115/><F69/><W129/><G129/><N who="1" m="49162" /><E77/><V127/><F36/><W49/><G67/><T32/><D3/><U15/><E30/><V126/><F99/><W100/><G125/><N who="2" m="47625" /><F28/><W14/><G24/><T93/><D32/><U98/><E47/><V20/><F20/><W85/><G107/><T81/><D19/><U62/><E86/><V0/><F110/><W133/><G133/><T120/><D120/><U22/><E90/><N who="2" m="51463" /><F82/><W74/><G74/><T37/><D37/><U11/><AGARI ba="0,0" hai="11,15,17,22,23,62,66,68,98,103,105" m="49162" machi="11" ten="30,3000,0" yaku="19,1,52,1" doraHai="102" who="1" fromWho="1" sc="250,-10,250,30,211,-10,289,-10" /><INIT seed="1,1,0,0,1,72" ten="240,280,201,279" oya="1" hai0="98,92,17,86,4,79,119,24,35,77,50,14,16" hai1="101,18,34,94,82,51,135,25,36,27,99,100,0" hai2="44,1,2,120,64,85,45,117,130,15,74,65,102" hai3="80,57,118,28,71,67,76,109,93,115,90,69,122"/><U52/><E36/><V19/><F74/><W30/><G122/><T38/><D38/><U107/><E0/><V29/><F120/><W46/><G115/><T131/><D119/><U6/><E6/><V42/><F117/><W81/><G109/><T13/><D86/><U106/><E135/><V112/><F130/><W87/><G118/><T128/><D4/><U62/><E62/><V33/><F102/><W58/><G71/><T104/><D104/><U56/><E82/><V22/><F85/><N who="3" m="48263" /><G69/><T61/><D61/><U40/><E40/><V9/><F45/><W26/><G46/><T11/><D50/><U31/><REACH who="1" step="1"/><E100/><REACH who="1" ten="240,270,201,279" step="2"/><V114/><F1/><W121/><G121/><T48/><D48/><U97/><E97/><V108/><F114/><W75/><G75/><T111/><D111/><U39/><E39/><V5/><F112/><W54/><G81/><T124/><D128/><U3/><E3/><V91/><F108/><W134/><G134/><T125/><D131/><U10/><E10/><V41/><F41/><W60/><G26/><T88/><D24/><U32/><E32/><V7/><F7/><W49/><AGARI ba="1,1" hai="28,30,49,54,57,58,60,67,87,90,93" m="48263" machi="49" ten="30,2000,0" yaku="8,1,52,1" doraHai="72" who="3" fromWho="3" sc="240,-6,270,-11,201,-6,279,33" /><INIT seed="2,0,0,3,5,103" ten="234,259,195,312" oya="2" hai0="126,96,15,27,59,42,20,106,110,32,33,46,48" hai1="120,35,31,102,70,13,23,62,76,105,17,16,80" hai2="71,22,52,6,114,123,45,55,116,135,129,38,7" hai3="26,133,54,125,130,34,58,65,0,88,30,67,29"/><V57/><F116/><W107/><G0/><T68/><D68/><U69/><E120/><V18/><F71/><W72/><G72/><T78/><D110/><U131/><E131/><V90/><F123/><W4/><G4/><T122/><D122/><U73/><E62/><V53/><F114/><W97/><G30/><T1/><D1/><U10/><E35/><V99/><F135/><W40/><G40/><T109/><D109/><U100/><E31/><V43/><F129/><W5/><G5/><T128/><D128/><U117/><E117/><V28/><F28/><W36/><G36/><T2/><D2/><U9/><E100/><V83/><F57/><W124/><G133/><T118/><D118/><U115/><E115/><V50/><F38/><W3/><G3/><T60/><D33/><U92/><E92/><N who="2" m="56727" /><F83/><W47/><G47/><T56/><D32/><U104/><E10/><V112/><F112/><W111/><G111/><T121/><D121/><U64/><E64/><V108/><F108/><W87/><G130/><T11/><D106/><U63/><E104/><V89/><F89/><W66/><G97/><T91/><D91/><U79/><E79/><V119/><F119/><W132/><G132/><T94/><D78/><U24/><REACH who="1" step="1"/><E63/><REACH who="1" ten="234,249,195,312" step="2"/><V95/><F95/><W49/><G107/><T14/><D60/><U37/><E37/><V85/><F85/><W101/><G101/><T25/><D94/><U93/><E93/><V127/><F127/><N who="3" m="48715" /><G67/><T21/><D126/><U81/><E81/><AGARI ba="0,1" hai="26,29,34,49,54,58,65,66,81,87,88" m="48715" machi="81" ten="30,2000,0" yaku="18,1,54,1" doraHai="103" who="3" fromWho="1" sc="234,0,249,-20,195,0,312,30" /><INIT seed="3,0,0,4,4,15" ten="234,229,195,342" oya="3" hai0="75,58,107,12,113,4,27,73,34,104,22,33,9" hai1="67,90,40,125,68,36,10,74,106,55,32,30,100" hai2="123,127,53,130,103,99,42,19,38,108,80,39,112" hai3="17,50,66,114,71,46,95,122,72,64,92,24,83"/><W28/><G122/><T121/><D121/><U35/><E90/><V81/><F112/><W47/><G114/><T37/><D37/><U51/><E10/><V135/><F123/><W131/><G131/><T41/><D41/><U79/><E125/><V129/><F108/><W77/><G47/><T63/><D113/><U21/><E21/><V18/><F53/><W6/><G6/><T117/><D117/><U20/><E20/><V69/><F69/><W26/><G26/><T126/><D126/><U110/><E110/><V29/><F29/><W115/><G115/><T65/><D75/><U109/><E109/><V91/><F135/><W84/><G72/><T11/><D73/><U43/><E43/><V111/><F111/><W2/><G2/><T25/><D11/><U98/><E55/><V7/><F7/><W102/><G71/><T89/><D89/><U78/><E78/><V124/><F91/><W61/><G61/><T101/><D27/><U133/><E51/><V118/><F42/><W82/><G82/><T44/><D44/><N who="1" m="23559" /><E30/><V14/><F14/><W88/><G102/><T57/><D101/><U132/><E132/><V48/><F103/><W93/><G77/><T116/><D116/><U31/><E31/><V45/><F45/><W86/><G84/><T119/><D119/><U0/><E133/><V87/><F118/><W16/><G24/><T97/><D25/><U8/><E0/><V59/><F87/><W56/><G28/><T5/><D4/><U70/><E70/><V52/><F127/><W120/><G120/><T105/><D5/><U85/><E85/><RYUUKYOKU ba="0,0" sc="234,0,229,0,195,0,342,0" /><INIT seed="4,1,0,5,1,114" ten="234,229,195,342" oya="0" hai0="47,41,95,11,1,96,80,38,83,128,62,79,15" hai1="116,12,53,105,51,5,107,71,127,10,42,28,99" hai2="112,98,54,65,120,21,2,115,36,20,49,129,44" hai3="23,48,9,126,17,26,33,89,87,108,75,134,132"/><T30/><D128/><U60/><E116/><V76/><F120/><W7/><G126/><T58/><D30/><U31/><E127/><V109/><F2/><W50/><G75/><T25/><D25/><U56/><E71/><V55/><F109/><W52/><G33/><T104/><D104/><U93/><E107/><V22/><F36/><W35/><G35/><T69/><D69/><U34/><E105/><V18/><F65/><W14/><G108/><T57/><D1/><U94/><E34/><V4/><F4/><W13/><G26/><T59/><D62/><U27/><E27/><V66/><F66/><W46/><REACH who="3" step="1"/><G48/><REACH who="3" ten="234,229,195,332" step="2"/><T67/><D67/><U119/><E51/><V77/><F115/><W130/><G130/><T74/><D74/><U91/><E60/><V63/><F112/><W81/><AGARI ba="1,1" hai="7,9,13,14,17,23,46,50,52,81,87,89,132,134" machi="81" ten="30,7900,0" yaku="1,1,0,1,54,1,53,1" doraHai="114" doraHaiUra="82" who="3" fromWho="3" sc="234,-40,229,-21,195,-21,332,92" /><INIT seed="5,0,0,1,0,101" ten="194,208,174,424" oya="1" hai0="89,95,129,111,84,13,126,27,131,99,33,5,19" hai1="60,75,46,59,130,16,49,135,2,125,8,18,134" hai2="9,68,30,15,56,86,69,98,92,63,43,118,90" hai3="91,53,35,76,6,74,94,121,29,22,61,21,97"/><U80/><E125/><V7/><F118/><W73/><G121/><T4/><D111/><U23/><E130/><N who="0" m="49673" /><D126/><U112/><E112/><V11/><F43/><W66/><G53/><T119/><D119/><U115/><E115/><V12/><F30/><W132/><G6/><T128/><N who="0" m="49681" /><T31/><DORA hai="85" /><D99/><U3/><E75/><V72/><F72/><W55/><G55/><T124/><D124/><U106/><E106/><V20/><F20/><AGARI ba="0,0" hai="4,5,13,19,20,27,31,33,84,89,95" m="49681" machi="20" ten="40,2600,0" yaku="19,1,52,1" doraHai="101,85" who="0" fromWho="2" sc="194,26,208,0,174,-26,424,0" /><INIT seed="6,0,0,5,4,52" ten="220,208,148,424" oya="2" hai0="126,45,77,73,80,95,6,82,125,62,97,17,112" hai1="86,135,25,40,48,38,7,106,56,71,26,59,92" hai2="44,87,14,91,109,10,46,96,11,49,22,132,81" hai3="69,98,8,78,131,5,15,64,65,33,47,94,30"/><V130/><F130/><W129/><G69/><T88/><D6/><U53/><E106/><V23/><F132/><W0/><G0/><T39/><D112/><U61/><E71/><V3/><F109/><W101/><G78/><N who="0" m="44111" /><D17/><U103/><E135/><V108/><F108/><W19/><G19/><T124/><D62/><U105/><E105/><V21/><F3/><W84/><G84/><N who="0" m="48207" /><D45/><N who="1" m="25639" /><E38/><AGARI ba="0,0" hai="38,39,88,95,97,124,125,126" m="48207,44111" machi="38" ten="30,2000,0" yaku="18,1,54,1" doraHai="52" who="0" fromWho="1" sc="220,20,208,-20,148,0,424,0" /><INIT seed="7,0,0,0,2,19" ten="240,188,148,424" oya="3" hai0="27,89,66,6,59,87,53,120,118,133,76,116,30" hai1="125,46,74,115,33,36,13,48,40,73,32,3,38" hai2="113,132,114,39,23,8,95,112,69,96,57,117,58" hai3="64,128,100,124,126,61,28,63,17,78,99,54,101"/><W94/><G28/><T104/><D120/><U49/><E3/><V26/><F69/><W107/><G128/><T92/><D104/><U130/><E130/><V83/><F39/><W86/><G54/><T47/><D133/><U50/><E38/><V123/><F117/><W37/><G37/><T122/><D122/><U134/><E134/><V20/><F123/><W131/><G131/><T2/><D76/><U11/><E115/><N who="2" m="29443" /><V45/><DORA hai="91" /><F132/><W70/><G63/><T88/><D66/><U31/><E125/><V18/><F8/><W9/><G101/><T14/><D2/><U51/><E36/><V15/><F45/><W97/><G97/><T119/><D47/><U22/><E33/><V110/><F83/><W71/><G71/><T127/><D127/><U79/><E32/><V56/><F110/><W129/><G129/><T90/><D118/><U84/><E74/><V10/><F26/><W12/><G78/><T106/><D119/><U109/><E73/><V34/><F34/><W65/><G65/><T72/><D72/><U16/><E109/><V85/><F85/><W5/><G5/><T82/><D6/><U29/><E11/><V108/><F108/><W24/><G24/><T21/><D116/><U1/><E1/><V7/><F7/><W0/><G0/><T93/><D82/><AGARI ba="0,0" hai="13,16,22,29,31,40,46,48,49,50,51,79,82,84" machi="82" ten="40,5200,0" yaku="8,1,52,1,54,1" doraHai="19,91" who="1" fromWho="0" sc="240,-52,188,52,148,0,424,0" owari="188,-21.0,240,4.0,148,-35.0,424,52.0" /></mjloggm>