<mjloggm ver="2.3"><GO type="41" lobby="0"/><UN n0="%E5%B0%B1%E6%B4%BB%E7%94%9F%40%E5%B7%9D%E6%9D%91%E8%BB%8D%E5%9B%A3" n1="%E3%83%9F%E3%82%B9%E3%83%86%E3%82%A3%E3%82%B3" n2="%E6%98%8E%E5%9D%82%E8%81%A1%E7%BE%8E%CE%B2" n3="%E3%83%90%E3%83%BC%E3%83%81%E3%83%A3%E7%A7%8B%E5%B1%B1" dan="15,13,15,13" rate="2020.64,1918.85,2035.47,1874.51" sx="M,M,F,M"/><TAIKYOKU oya="0"/><INIT seed="0,0,0,4,3,121" ten="250,250,250,250" oya="0" hai0="38,129,43,66,130,25,77,10,52,64,85,14,87" hai1="32,54,62,39,104,46,131,49,114,135,45,89,6" hai2="119,102,109,12,94,34,17,112,36,96,126,98,58" hai3="27,41,88,110,122,18,13,3,113,91,75,0,72"/><T105/><D105/><U111/><E32/><V30/><F36/><W103/><G122/><T134/><D38/><U132/><E104/><V108/><F112/><W79/><G113/><T26/><D43/><N who="1" m="22911" /><E6/><V8/><F126/><W42/><G103/><T83/><D134/><N who="1" m="51243" /><E89/><V125/><F125/><W71/><G27/><N who="0" m="10251" /><D85/><U97/><E97/><N who="2" m="59703" /><F30/><W33/><G33/><T24/><N who="0" m="10259" /><T50/><DORA hai="76" /><D130/><U101/><E101/><V127/><F34/><W9/><G79/><T51/><D51/><U48/><E114/><V16/><F119/><W11/><G13/><T90/><D129/><U57/><E131/><V65/><F127/><W5/><G5/><N who="0" m="3407" /><D77/><U78/><E78/><V56/><F17/><W80/><G18/><T124/><D124/><U128/><E128/><V61/><F58/><AGARI ba="0,0" hai="50,52,58,64,66,83,87,90" m="3407,10259" machi="58" ten="30,5800,0" yaku="8,1,52,1,54,1" doraHai="121,76" who="0" fromWho="2" sc="250,58,250,0,250,-58,250,0" /><INIT seed="0,1,0,5,2,55" ten="308,250,192,250" oya="0" hai0="132,125,116,7,120,19,103,106,134,98,62,18,83" hai1="59,104,47,71,113,51,32,114,26,63,14,38,37" hai2="99,108,24,87,54,76,102,105,10,58,121,57,64" hai3="127,69,0,96,90,129,79,84,118,95,110,130,53"/><T28/><D116/><U40/><E14/><V13/><F121/><W68/><G0/><T41/><D120/><U117/><E26/><V88/><F108/><W48/><G118/><T101/><D7/><U3/><E32/><V35/><F76/><W75/><G127/><T135/><D125/><U2/><E3/><V56/><F64/><W11/><G11/><T107/><D41/><U43/><E2/><V9/><F54/><W77/><G110/><T65/><D28/><U92/><E92/><V78/><F78/><N who="3" m="29707" /><G96/><T16/><D83/><U4/><E4/><V46/><F46/><N who="3" m="27799" /><G75/><T61/><D65/><N who="1" m="41407" /><E104/><N who="0" m="39977" /><D98/><U1/><E1/><V25/><F35/><W85/><G85/><T100/><AGARI ba="1,0" hai="16,18,19,61,62,100,101,103,132,134,135" m="39977" machi="100" ten="50,18000,2" yaku="29,2,28,2,20,1,54,1" doraHai="55" who="0" fromWho="0" sc="308,183,250,-61,192,-61,250,-61" /><INIT seed="0,2,0,3,1,119" ten="491,189,131,189" oya="0" hai0="11,33,50,26,13,71,2,85,76,120,108,7,35" hai1="34,97,113,96,81,27,106,9,128,54,88,4,57" hai2="77,51,129,116,103,59,41,31,101,111,46,132,122" hai3="56,124,69,53,95,68,93,49,98,114,99,44,78"/><T37/><D37/><U109/><E109/><V30/><F111/><W15/><G124/><T40/><D71/><U87/><E113/><V105/><F116/><W117/><G114/><T112/><D112/><U14/><E128/><V126/><F129/><W19/><G78/><T91/><D108/><U115/><E115/><V73/><F126/><W83/><G83/><T5/><D76/><U47/><E106/><V36/><F132/><W90/><G44/><T89/><D120/><U60/><E34/><V133/><F133/><W123/><G117/><T82/><D91/><U102/><E102/><V25/><F105/><W12/><G123/><T18/><D7/><U104/><E104/><V16/><F122/><W134/><G134/><T65/><D65/><U125/><E125/><V52/><F73/><W61/><G61/><T17/><D26/><U0/><E0/><V55/><F77/><W20/><REACH who="3" step="1"/><G12/><REACH who="3" ten="491,189,131,179" step="2"/><T130/><D130/><U75/><E75/><V66/><F46/><W92/><G92/><T127/><D127/><U48/><REACH who="1" step="1"/><E27/><REACH who="1" ten="491,179,131,179" step="2"/><V100/><F25/><W32/><G32/><T86/><D35/><U10/><E10/><V64/><F103/><AGARI ba="2,2" hai="15,19,20,49,53,56,68,69,90,93,95,98,99,103" machi="103" ten="30,2000,0" yaku="1,1,7,1,53,0" doraHai="119" doraHaiUra="39" who="3" fromWho="2" sc="491,0,179,0,131,-26,179,46" /><INIT seed="1,0,0,2,3,6" ten="491,179,105,225" oya="1" hai0="51,107,99,131,32,104,36,16,7,61,88,84,67" hai1="74,75,26,114,93,85,17,69,27,91,39,82,56" hai2="71,57,72,97,52,90,25,29,96,123,50,100,14" hai3="115,54,132,111,108,19,124,103,8,18,62,126,63"/><U129/><E69/><V128/><F123/><W28/><G103/><T118/><D36/><U133/><E129/><V98/><F72/><W9/><G28/><T102/><D118/><U119/><E133/><V41/><F128/><W47/><G47/><T10/><D131/><U23/><E119/><V37/><F71/><W48/><G48/><T70/><D32/><U2/><E114/><V113/><F113/><W65/><G54/><T1/><D51/><U34/><E2/><V20/><F37/><W121/><G121/><T116/><D116/><U46/><E34/><V30/><F41/><W43/><G43/><T11/><D104/><U81/><E27/><V92/><F14/><W117/><G117/><T109/><D109/><N who="3" m="42057" /><G115/><T40/><D40/><U64/><E39/><V87/><REACH who="2" step="1"/><F30/><REACH who="2" ten="491,179,95,225" step="2"/><W130/><G130/><T110/><D110/><U35/><E75/><V31/><F31/><W89/><G132/><T76/><D76/><U22/><E74/><V24/><F24/><W53/><G124/><T77/><D77/><U105/><E26/><V135/><F135/><W15/><G126/><T49/><D70/><U5/><E35/><V78/><F78/><W42/><G42/><T44/><D1/><U106/><E106/><AGARI ba="0,1" hai="20,25,29,50,52,57,87,90,92,96,97,98,100,106" machi="106" ten="30,3900,0" yaku="1,1,7,1,54,1,53,0" doraHai="6" doraHaiUra="58" who="2" fromWho="1" sc="491,0,179,-39,95,49,225,0" /><INIT seed="2,0,0,0,0,65" ten="491,140,144,225" oya="2" hai0="128,10,24,93,122,41,106,131,77,1,69,100,4" hai1="97,25,26,54,66,75,39,117,40,88,60,30,20" hai2="120,74,6,110,56,67,96,99,107,36,28,108,105" hai3="45,116,84,37,19,71,80,3,92,98,13,104,29"/><V103/><F36/><W47/><G3/><T121/><D106/><U87/><E117/><V15/><F120/><W22/><G116/><T5/><D77/><U35/><E75/><V8/><F74/><W112/><G104/><T62/><D41/><U11/><E97/><V49/><F28/><W129/><G129/><N who="0" m="49739" /><D5/><U115/><E115/><V43/><F43/><W7/><G71/><T48/><D48/><U12/><E54/><V0/><F0/><W101/><G112/><T42/><D42/><U89/><E40/><V73/><F73/><W63/><G63/><T68/><D24/><U119/><E39/><V31/><F31/><W79/><G37/><T114/><D62/><U127/><E119/><V46/><F67/><W130/><G130/><T58/><D58/><U14/><E127/><V81/><F56/><W76/><G79/><T78/><D78/><U124/><E124/><V16/><F6/><W83/><G83/><T33/><D33/><U44/><E44/><V134/><F46/><W9/><G7/><T59/><D59/><U126/><E126/><V135/><F49/><W132/><G132/><N who="2" m="50729" /><F81/><W52/><G52/><T38/><D38/><U53/><E53/><V51/><F51/><W34/><G34/><T61/><D61/><U123/><E123/><N who="0" m="47113" /><D114/><U94/><E89/><V102/><AGARI ba="0,0" hai="8,15,16,96,99,102,103,105,107,108,110" m="50729" machi="102" ten="40,3900,0" yaku="20,1,54,1" doraHai="65" who="2" fromWho="2" sc="491,-13,140,-13,144,39,225,-13" /><INIT seed="2,1,0,5,3,90" ten="478,127,183,212" oya="2" hai0="125,19,15,68,73,103,41,61,107,14,106,2,18" hai1="46,100,39,31,8,56,16,112,6,122,20,78,29" hai2="60,116,132,88,72,127,23,40,69,108,54,50,105" hai3="84,64,28,131,7,21,9,97,4,34,87,124,76"/><V24/><F116/><W89/><G34/><T70/><D2/><U75/><E122/><V130/><F72/><W101/><G131/><T94/><D73/><U93/><E112/><V71/><F105/><W83/><G124/><T10/><D125/><U96/><E56/><V123/><F123/><W118/><G118/><T45/><D106/><U17/><E17/><V47/><F127/><W95/><G64/><T0/><D107/><U120/><E120/><V33/><F33/><W135/><G135/><T79/><D79/><U66/><E66/><V57/><F130/><W63/><G63/><T91/><D103/><U115/><E115/><V77/><F77/><W74/><G9/><T114/><D0/><U92/><E78/><V121/><F132/><W26/><G74/><T3/><D3/><U80/><E75/><V99/><F108/><W11/><G11/><T49/><D61/><U134/><E80/><AGARI ba="1,0" hai="4,7,21,26,28,76,80,83,84,87,89,95,97,101" machi="80" ten="30,3900,0" yaku="7,1,8,1,52,1" doraHai="90" who="3" fromWho="1" sc="478,0,127,-42,183,0,212,42" /><INIT seed="3,0,0,3,0,64" ten="478,85,183,254" oya="3" hai0="55,106,15,57,13,60,108,38,11,29,36,37,126" hai1="5,78,92,121,19,107,113,39,104,62,53,9,35" hai2="17,94,66,91,68,79,72,86,132,12,34,61,114" hai3="123,93,124,101,26,44,103,40,119,51,42,77,95"/><W85/><G123/><T47/><D106/><U83/><E35/><V76/><F114/><W133/><G133/><T80/><D126/><U43/><E121/><V10/><F132/><W105/><G105/><T116/><D116/><U73/><E19/><V99/><F72/><W4/><G4/><T125/><D125/><U3/><E92/><V20/><F34/><W45/><G124/><T131/><D131/><U135/><E113/><V112/><F112/><W102/><G119/><T67/><D108/><U117/><E135/><V71/><F68/><W128/><G128/><T63/><D29/><U118/><E53/><V49/><F49/><W32/><G32/><T120/><D120/><U115/><E115/><V50/><F99/><W74/><G74/><T110/><D110/><U27/><E27/><V84/><F84/><W98/><G26/><T56/><D47/><U52/><E118/><V31/><REACH who="2" step="1"/><F50/><REACH who="2" ten="478,85,173,254" step="2"/><N who="3" m="26887" /><G98/><T87/><REACH who="0" step="1"/><D11/><REACH who="0" ten="468,85,173,254" step="2"/><U59/><REACH who="1" step="1"/><E117/><REACH who="1" ten="468,75,173,254" step="2"/><V58/><F58/><W88/><G45/><AGARI ba="0,3" hai="3,5,9,39,43,45,52,59,62,73,78,83,104,107" machi="45" ten="40,12000,2" yaku="1,1,2,1,25,2,54,1,53,1" doraHai="64" doraHaiUra="41" who="1" fromWho="3" sc="468,0,75,150,173,0,254,-120" /><INIT seed="4,0,0,1,5,26" ten="468,225,173,134" oya="0" hai0="50,31,36,29,23,38,115,130,124,91,58,89,96" hai1="122,103,63,112,44,25,70,54,32,127,2,98,37" hai2="4,99,133,117,73,0,59,34,46,82,120,64,12" hai3="74,56,9,8,62,51,92,69,107,39,60,16,55"/><T100/><D124/><U20/><E122/><V28/><F120/><W132/><G39/><T85/><D115/><U52/><E112/><V17/><F133/><W108/><G108/><T123/><D123/><U95/><E127/><V53/><F117/><W27/><G107/><T76/><D130/><U45/><E2/><V19/><F64/><W105/><G105/><T71/><D71/><U118/><E32/><V18/><F46/><W116/><G116/><T47/><D58/><U7/><E7/><V90/><F73/><W110/><G110/><T128/><D128/><U33/><E33/><V80/><F0/><W135/><G74/><T87/><D38/><U68/><E118/><V5/><F34/><W42/><G42/><N who="0" m="24951" /><D36/><U125/><E125/><V104/><F28/><N who="0" m="10826" /><D23/><U79/><E79/><V67/><F104/><W81/><G69/><T93/><D76/><U78/><E78/><V84/><F67/><W83/><G132/><T113/><D113/><U11/><E37/><V119/><F119/><W49/><G135/><T94/><D100/><U43/><E68/><V131/><F131/><W6/><G62/><T61/><D96/><U109/><E70/><V101/><F99/><W48/><G60/><AGARI ba="0,0" hai="60,61,85,87,89,91,93,94" m="10826,24951" machi="60" ten="30,11600,0" yaku="8,1,52,3" doraHai="26" who="0" fromWho="3" sc="468,116,225,0,173,0,134,-116" /><INIT seed="4,1,0,2,5,44" ten="584,225,173,18" oya="0" hai0="20,89,78,36,46,104,126,9,6,100,66,103,129" hai1="90,130,110,34,12,106,131,86,19,134,98,111,133" hai2="56,112,33,84,38,5,83,0,73,115,26,58,41" hai3="93,8,45,40,14,71,72,43,62,79,54,51,105"/><T25/><D126/><U109/><E34/><V64/><F73/><W1/><G105/><T23/><D129/><N who="1" m="49163" /><E12/><V24/><F38/><W96/><G1/><T97/><D66/><U32/><E32/><V118/><F41/><W67/><G79/><T13/><D78/><U65/><E19/><V50/><F118/><W69/><G72/><T85/><D103/><N who="1" m="62839" /><E65/><V122/><F122/><W42/><G71/><T91/><D91/><U114/><E114/><N who="2" m="43563" /><F64/><W29/><G29/><T3/><D3/><U35/><E35/><V15/><F0/><W2/><G2/><T10/><D10/><U82/><AGARI ba="1,0" hai="82,86,90,109,110,111,133,134" m="62839,49163" machi="82" ten="40,5200,0" yaku="19,1,34,2" doraHai="44" who="1" fromWho="1" sc="584,-27,225,55,173,-14,18,-14" /><INIT seed="5,0,0,2,5,116" ten="557,280,159,4" oya="1" hai0="112,23,67,108,76,124,2,132,13,91,62,81,53" hai1="90,31,69,46,106,9,96,55,52,109,4,110,50" hai2="63,131,39,122,78,18,95,38,71,102,33,29,54" hai3="40,87,70,21,20,59,119,3,79,134,11,65,99"/><U51/><E69/><V92/><F122/><W82/><G70/><T68/><D2/><U43/><E31/><V25/><F131/><W61/><G119/><T72/><D108/><U118/><E118/><V127/><F127/><W89/><G134/><T37/><D37/><U24/><E24/><V133/><F133/><W6/><G40/><T32/><D32/><U57/><E43/><V111/><F111/><N who="1" m="42505" /><E90/><V83/><F18/><W1/><G3/><T14/><D112/><U36/><E96/><V12/><F12/><W19/><G19/><T120/><D120/><U101/><E101/><V77/><F77/><W60/><G60/><T56/><D124/><U8/><E106/><V44/><F71/><W30/><G30/><T66/><D132/><U126/><E126/><V49/><F63/><W128/><G128/><T5/><D91/><U26/><E26/><V64/><F102/><W74/><G99/><T88/><D88/><U85/><E85/><V105/><F105/><W28/><G28/><T104/><D104/><U10/><E36/><V86/><F64/><W107/><G107/><T130/><D130/><U94/><E94/><AGARI ba="0,0" hai="1,6,11,20,21,59,61,65,74,79,82,87,89,94" machi="94" ten="30,1000,0" yaku="7,1" doraHai="116" who="3" fromWho="1" sc="557,0,280,-10,159,0,4,10" /><INIT seed="6,0,0,0,4,109" ten="557,270,159,14" oya="2" hai0="40,38,43,114,9,69,68,41,3,51,56,30,94" hai1="42,93,126,60,72,53,86,36,102,99,63,105,23" hai2="104,106,135,66,70,74,55,71,32,20,14,59,19" hai3="107,18,101,73,122,34,134,119,0,8,37,83,28"/><V31/><F74/><W21/><G18/><T108/><D30/><U132/><E126/><V64/><F135/><W92/><G21/><T78/><D108/><U33/><E33/><V128/><F128/><W49/><G49/><T127/><D127/><U17/><E132/><V52/><F66/><W91/><G91/><T76/><D38/><U10/><E72/><V113/><F64/><W75/><G92/><T133/><D133/><U120/><E120/><V85/><F106/><W47/><G122/><T46/><D114/><U25/><E10/><V96/><F113/><W57/><G57/><T79/><D56/><U118/><E118/><V87/><F71/><W6/><G134/><T44/><D94/><U24/><E24/><V45/><F70/><W110/><G119/><T89/><D89/><U50/><E36/><V100/><F45/><W58/><G58/><T29/><D29/><U5/><E42/><V12/><F14/><W125/><G125/><T88/><D88/><U2/><E5/><V67/><F67/><W27/><G110/><T84/><D84/><U131/><E2/><V4/><F4/><W115/><G115/><T117/><D117/><U124/><E131/><V90/><F90/><W65/><G65/><T103/><D103/><U82/><E124/><V26/><REACH who="2" step="1"/><F55/><REACH who="2" ten="557,270,149,14" step="2"/><W7/><G7/><N who="0" m="1279" /><D68/><U116/><E105/><V39/><F39/><W77/><G73/><T11/><D69/><U22/><E116/><V80/><F80/><W35/><G35/><T54/><D46/><N who="1" m="27863" /><E23/><V112/><F112/><W130/><G130/><T98/><D98/><U1/><E1/><RYUUKYOKU ba="0,1" sc="557,10,270,10,149,10,14,-30" hai0="11,40,41,43,44,51,54,76,78,79" hai1="17,22,25,60,63,82,86,93,99,102" hai2="12,19,20,26,31,32,52,59,85,87,96,100,104" owari="577,68.0,280,8.0,159,-24.0,-16,-52.0" /></mjloggm>