<mjloggm ver="2.3"><GO type="97" lobby="0"/><UN n0="%E3%82%82%E3%82%93%E5%A4%AA" n1="%E3%83%88%E3%83%88%E3%83%AA%E5%85%88%E7%94%9F%31%39%E6%AD%B3" n2="%E9%9D%92%E5%B5%90%E3%81%AE%E4%B8%80%E5%85%83" n3="%E3%82%A2%E3%83%AC%E3%82%B9%E3%83%86%E3%83%AD" dan="13,15,15,14" rate="1980.66,2024.77,1988.44,1978.18" sx="M,F,M,M"/><TAIKYOKU oya="0"/><INIT seed="0,0,0,2,0,68" ten="250,250,250,250" oya="0" hai0="95,15,130,6,56,123,86,112,63,50,79,66,108" hai1="42,41,21,94,62,13,89,32,10,55,93,37,128" hai2="113,0,57,58,59,46,133,40,87,14,100,2,109" hai3="51,8,3,26,33,101,39,38,30,105,23,65,82"/><T132/><D123/><U35/><E128/><V48/><F113/><W20/><G82/><T34/><D112/><U126/><E126/><V16/><F133/><W5/><G65/><T103/><D34/><U24/><E93/><V61/><F109/><W19/><G23/><T78/><D132/><U45/><E42/><V71/><F100/><W4/><G4/><T9/><D130/><U120/><E120/><V53/><F71/><W134/><G134/><T110/><D50/><U81/><E81/><V43/><F2/><W18/><G18/><T88/><REACH who="0" step="1"/><D103/><REACH who="0" ten="240,250,250,250" step="2"/><U11/><E32/><V7/><F61/><W83/><G51/><T1/><D1/><U104/><E35/><V74/><F0/><W131/><G131/><T22/><D22/><U54/><E62/><V75/><F7/><W80/><G101/><T115/><D115/><U91/><E11/><V77/><F43/><W117/><G117/><T102/><D102/><U60/><E60/><V84/><F40/><W118/><G118/><T31/><D31/><U73/><E10/><V64/><F48/><W47/><G38/><T97/><D97/><U114/><E37/><V127/><F127/><W116/><G116/><T96/><D96/><U28/><E21/><V29/><F29/><W25/><G105/><T76/><AGARI ba="0,1" hai="6,9,15,56,63,66,76,78,79,86,88,95,108,110" machi="76" ten="30,6000,0" yaku="1,1,0,1,54,1,53,0" doraHai="68" doraHaiUra="69" who="0" fromWho="0" sc="240,70,250,-20,250,-20,250,-20" /><INIT seed="0,1,0,4,1,36" ten="310,230,230,230" oya="0" hai0="0,51,49,17,102,32,122,128,25,100,43,46,16" hai1="5,42,124,74,1,2,61,79,111,12,108,70,68" hai2="134,57,91,71,27,82,8,125,96,116,84,113,106" hai3="23,133,65,64,60,75,53,109,35,73,117,88,132"/><T69/><D122/><U83/><E124/><V62/><F71/><W50/><G35/><T15/><D0/><N who="1" m="107" /><E5/><V18/><F113/><W22/><G117/><T6/><D69/><N who="1" m="26731" /><E12/><V55/><F125/><W52/><G109/><N who="1" m="42058" /><E61/><V95/><F116/><W105/><G60/><T30/><D6/><U80/><E80/><V87/><F106/><W40/><G40/><AGARI ba="1,0" hai="40,42,74,79,83" m="42058,26731,107" machi="40" ten="40,5200,0" yaku="14,1,52,2" doraHai="36" who="1" fromWho="3" sc="310,0,230,55,230,0,230,-55" /><INIT seed="1,0,0,5,0,112" ten="310,285,230,175" oya="1" hai0="71,121,119,63,133,16,40,33,31,61,49,124,66" hai1="97,35,128,20,79,122,67,102,18,42,70,6,101" hai2="47,77,57,95,108,9,127,24,118,114,29,56,25" hai3="135,60,126,26,116,28,106,80,2,34,69,129,43"/><U0/><E122/><V73/><F118/><W98/><G126/><T130/><D33/><U5/><E35/><V22/><F127/><W54/><G129/><T99/><D31/><U27/><E128/><V84/><F73/><W62/><G135/><T125/><D121/><U15/><E0/><V46/><F114/><W64/><G43/><T30/><D30/><N who="1" m="17767" /><E70/><V13/><F25/><W32/><G80/><T93/><D133/><U110/><E42/><V48/><F47/><W36/><G34/><T45/><D130/><U91/><E67/><V55/><F108/><W111/><G111/><T89/><D119/><U21/><E79/><V115/><F115/><W38/><G2/><T68/><D68/><U83/><E110/><V1/><F1/><W94/><G94/><T76/><D76/><U8/><E97/><V52/><F55/><W87/><G87/><T86/><D99/><U14/><E6/><V59/><F77/><W4/><G4/><T131/><D131/><U10/><E10/><V88/><F46/><W134/><G134/><T90/><D125/><U103/><E91/><V65/><F65/><W7/><G7/><AGARI ba="0,0" hai="7,9,13,22,24,29,48,52,56,57,59,84,88,95" machi="7" ten="30,7700,0" yaku="7,1,8,1,54,2" doraHai="112" who="2" fromWho="3" sc="310,0,285,0,230,77,175,-77" /><INIT seed="2,0,0,5,2,67" ten="310,285,307,98" oya="2" hai0="68,5,110,29,3,17,53,92,22,106,97,69,33" hai1="111,24,117,100,23,28,56,11,82,18,115,112,60" hai2="123,7,47,119,2,19,6,36,90,71,85,44,57" hai3="50,107,93,32,4,135,46,58,120,45,95,126,31"/><V40/><F119/><W12/><G120/><T131/><D106/><U72/><E117/><V113/><F123/><W61/><G107/><T9/><D131/><U34/><E111/><V10/><F113/><W80/><G126/><T103/><D110/><U37/><E37/><V16/><F7/><W14/><G135/><T38/><D38/><U70/><E70/><V77/><F71/><W105/><G105/><T21/><D21/><U121/><E100/><V116/><F116/><W55/><G32/><T114/><D114/><U76/><E11/><V128/><F128/><W88/><G31/><T25/><D53/><U134/><E134/><V129/><F129/><W127/><G127/><T87/><D87/><U0/><E0/><V84/><F47/><W13/><G4/><T30/><D30/><U83/><E83/><V20/><F57/><W108/><G108/><T15/><AGARI ba="0,0" hai="3,5,9,15,17,22,25,29,33,68,69,92,97,103" machi="15" ten="20,12000,2" yaku="0,1,7,1,24,2,52,2" doraHai="67" who="0" fromWho="0" sc="310,120,285,-30,307,-60,98,-30" /><INIT seed="3,0,0,4,1,37" ten="430,255,247,68" oya="3" hai0="52,86,65,40,30,2,84,24,27,19,16,21,83" hai1="34,122,42,15,128,81,120,74,31,113,56,60,26" hai2="98,129,58,115,18,51,109,101,48,119,134,82,61" hai3="130,77,49,69,29,117,55,35,59,70,23,13,105"/><W80/><G117/><T68/><D2/><U114/><E128/><V132/><F119/><W39/><G39/><T43/><D68/><U36/><E15/><V126/><F109/><W95/><G105/><T110/><D65/><U64/><E56/><V3/><F3/><W73/><G130/><T111/><D30/><U85/><E85/><V20/><F129/><W72/><G72/><T7/><D7/><U94/><E94/><N who="2" m="58583" /><F82/><W124/><G124/><T90/><D111/><U6/><E6/><V108/><F126/><W100/><G35/><T89/><D110/><U53/><E53/><N who="2" m="33999" /><F108/><W123/><G123/><N who="1" m="47146" /><E60/><V97/><F97/><W1/><G1/><T88/><D52/><U121/><E64/><V103/><F103/><W71/><G95/><N who="0" m="54663" /><D90/><U54/><E54/><V50/><F115/><W112/><G100/><T11/><D27/><U45/><E121/><V32/><F32/><W102/><G102/><T92/><D83/><U12/><E12/><AGARI ba="0,0" hai="11,12,16,19,21,24,40,43,86,89,92" m="54663" machi="12" ten="30,8000,1" yaku="8,1,52,2,54,2" doraHai="37" who="0" fromWho="1" sc="430,80,255,-80,247,0,68,0" owari="510,60.0,175,-22.0,247,5.0,68,-43.0" /></mjloggm>