<mjloggm ver="2.3"><GO type="169" lobby="0"/><UN n0="%E3%83%95%E3%82%A7%E3%83%AB%E3%83%A1%E3%83%BC%E3%83%AB" n1="%E3%82%A6%E3%83%AB%E3%83%88%E3%83%A9%E7%AB%8B%E7%9B%B4" n2="%E6%9D%BE%E5%B1%8B%E3%81%8A%E3%81%98%E3%81%95%E3%82%93" n3="%E3%82%88%E3%81%86%E3%81%B8%E3%83%BC%58" dan="16,17,17,16" rate="2120.89,2120.58,2197.63,2050.75" sx="F,M,M,M"/><TAIKYOKU oya="0"/><INIT seed="0,0,0,0,0,72" ten="250,250,250,250" oya="0" hai0="55,75,58,130,80,41,118,120,46,38,7,27,117" hai1="50,2,129,32,24,40,6,86,81,18,95,9,36" hai2="87,3,94,44,121,65,53,128,98,92,30,83,88" hai3="85,132,35,135,99,124,103,123,77,90,125,111,101"/><T108/><D120/><U60/><E129/><V37/><F3/><W107/><G35/><T78/><D130/><U23/><E60/><V14/><F121/><W91/><G123/><T96/><D108/><U52/><E95/><V67/><F128/><W100/><G111/><T131/><D131/><U49/><E32/><V82/><F30/><W15/><G15/><T74/><D74/><U48/><E40/><V122/><F122/><W10/><G10/><T29/><D96/><U61/><E36/><V115/><F37/><W20/><G20/><T110/><D110/><U42/><E61/><V59/><F115/><W68/><G68/><T73/><D73/><U43/><REACH who="1" step="1"/><E52/><REACH who="1" ten="250,240,250,250" step="2"/><V119/><F44/><W102/><G125/><T47/><D47/><U112/><E112/><V16/><F119/><W64/><G124/><T54/><D54/><U5/><E5/><V79/><F92/><W133/><G64/><T28/><D7/><U56/><E56/><V11/><F82/><AGARI ba="0,1" hai="77,82,85,90,91,99,100,101,102,103,107,132,133,135" machi="82" ten="50,8000,1" yaku="20,1,34,3,52,1" doraHai="72" who="3" fromWho="2" sc="250,0,240,0,250,-80,250,90" /><INIT seed="1,0,0,3,1,10" ten="250,240,170,340" oya="1" hai0="62,27,104,132,28,105,81,101,72,25,37,100,35" hai1="124,41,52,85,50,64,134,19,87,34,45,95,96" hai2="60,4,30,135,68,131,65,42,14,55,112,80,121" hai3="53,129,77,118,48,94,56,133,11,84,89,32,128"/><U2/><E2/><V18/><F121/><W8/><G133/><T78/><D37/><U93/><E34/><V103/><F42/><W127/><G127/><T108/><D132/><U0/><E0/><V113/><F135/><W22/><G32/><T114/><D114/><U70/><E124/><V26/><F4/><W46/><G118/><T59/><D108/><U86/><E134/><V5/><F5/><W7/><G77/><T106/><REACH who="0" step="1"/><D27/><REACH who="0" ten="240,240,170,340" step="2"/><U1/><E1/><V31/><F26/><W92/><G129/><T3/><D3/><U61/><E19/><V13/><F18/><W110/><G128/><T36/><D36/><U102/><REACH who="1" step="1"/><E41/><REACH who="1" ten="240,230,170,340" step="2"/><V21/><F131/><W76/><G7/><T130/><D130/><U120/><E120/><V88/><F112/><W73/><G110/><T99/><D99/><U20/><E20/><V117/><F21/><W75/><G22/><T39/><D39/><U116/><E116/><V33/><F117/><W12/><G11/><T91/><D91/><AGARI ba="0,2" hai="45,50,52,61,64,70,85,86,87,91,93,95,96,102" machi="91" ten="40,3900,0" yaku="1,1,54,1,53,0" doraHai="10" doraHaiUra="16" who="1" fromWho="0" sc="240,-39,230,59,170,0,340,0" /><INIT seed="1,1,0,4,0,120" ten="201,289,170,340" oya="1" hai0="22,74,38,132,20,97,64,79,124,100,0,3,106" hai1="16,115,104,11,51,80,89,12,72,17,118,44,82" hai2="27,53,23,36,126,116,41,42,70,13,26,28,4" hai3="90,60,128,9,15,1,95,19,63,57,50,111,5"/><U58/><E115/><V56/><F70/><W125/><G128/><T122/><D38/><U134/><E134/><V130/><F116/><W91/><G125/><T121/><D64/><U99/><E118/><V112/><F126/><W24/><G24/><T123/><D124/><U133/><E133/><V131/><F112/><W8/><G91/><T40/><D40/><U18/><E58/><V114/><F114/><W32/><G32/><T45/><D45/><U46/><E46/><V66/><F66/><W101/><G101/><T21/><REACH who="0" step="1"/><D132/><REACH who="0" ten="191,289,170,340" step="2"/><U55/><E72/><V69/><F41/><W85/><G60/><T14/><D14/><U109/><E109/><V65/><F42/><W119/><G63/><T78/><D78/><U96/><E104/><V81/><F36/><W62/><G62/><T127/><D127/><U93/><REACH who="1" step="1"/><E99/><REACH who="1" ten="191,279,170,340" step="2"/><V52/><F131/><W77/><G111/><T33/><D33/><U48/><E48/><V108/><F108/><W87/><G119/><T35/><D35/><U92/><E92/><V107/><F107/><W59/><G50/><T31/><D31/><U68/><E68/><V7/><F28/><W47/><G47/><T117/><D117/><U113/><E113/><V34/><F34/><W84/><G84/><T88/><D88/><U39/><E39/><V102/><F69/><W67/><G67/><T86/><D86/><U103/><E103/><V105/><F102/><W129/><G129/><T54/><D54/><U83/><AGARI ba="1,2" hai="11,12,16,17,18,44,51,55,80,82,83,89,93,96" machi="83" ten="30,11700,0" yaku="1,1,0,1,8,1,54,1,53,0" doraHai="120" doraHaiUra="98" who="1" fromWho="1" sc="191,-40,279,140,170,-40,340,-40" /><INIT seed="1,2,0,5,3,5" ten="151,419,130,300" oya="1" hai0="45,52,51,12,20,133,116,56,43,97,57,107,93" hai1="21,86,99,19,35,127,126,80,96,50,4,101,129" hai2="79,6,77,66,29,98,90,61,62,42,10,47,109" hai3="8,102,60,30,23,118,124,0,1,41,40,55,25"/><U2/><E35/><V117/><F117/><W33/><G124/><N who="1" m="47658" /><E129/><V53/><F29/><W104/><G33/><T44/><D107/><U38/><E38/><V114/><F109/><W7/><G1/><T120/><D120/><U59/><E50/><V39/><F114/><W110/><G110/><T85/><D116/><U54/><E54/><V71/><F90/><W91/><G91/><T94/><D85/><U95/><E59/><V11/><F98/><W131/><G131/><T74/><D74/><U130/><E130/><V36/><F36/><W111/><G118/><T135/><D93/><U68/><E68/><V119/><F119/><W92/><G104/><T9/><D20/><U65/><E65/><V89/><F89/><W88/><G102/><N who="0" m="60727" /><D44/><U121/><E121/><V67/><F53/><W22/><G22/><T81/><D43/><U13/><E95/><V78/><REACH who="2" step="1"/><F6/><REACH who="2" ten="151,419,120,300" step="2"/><W87/><G111/><T63/><D81/><U37/><E37/><V72/><F72/><W83/><G83/><T64/><D64/><U122/><E122/><V108/><F108/><W14/><G40/><T84/><D84/><U34/><E101/><V75/><F75/><W15/><G41/><T69/><D133/><U49/><E96/><V125/><F125/><W18/><G55/><T113/><D135/><U48/><E99/><V46/><F46/><W26/><G30/><T123/><D113/><U3/><E34/><V16/><F16/><W73/><G73/><T28/><D123/><U115/><E115/><V27/><F27/><W82/><G26/><T103/><D52/><U106/><E19/><RYUUKYOKU ba="2,1" sc="151,-10,419,-10,120,30,300,-10" hai2="10,11,39,42,47,61,62,66,67,71,77,78,79" /><INIT seed="2,3,1,3,3,29" ten="141,409,150,290" oya="2" hai0="12,50,109,8,38,122,10,64,78,115,62,51,65" hai1="123,66,121,48,23,82,42,63,132,18,46,87,44" hai2="55,68,113,40,59,17,91,128,124,57,112,53,5" hai3="95,130,67,15,3,118,101,43,60,100,4,83,103"/><V6/><F68/><W21/><G118/><T9/><D122/><N who="1" m="46603" /><E132/><V16/><F40/><W92/><G43/><T69/><D38/><U89/><E48/><V27/><F27/><W37/><G37/><T14/><D115/><U119/><E42/><V76/><F91/><W79/><G3/><T74/><D109/><U19/><E19/><V97/><F97/><W81/><G130/><T135/><D135/><U30/><E30/><V96/><F96/><W41/><G41/><T36/><D36/><U35/><E35/><V133/><F133/><W70/><G21/><T45/><D51/><U116/><E46/><V25/><F25/><W33/><G33/><T94/><D94/><U24/><E44/><V71/><F76/><W75/><G83/><T110/><D65/><U31/><E31/><V73/><F73/><W1/><G1/><T49/><D110/><U104/><E104/><V22/><F124/><W107/><G107/><T28/><D28/><U13/><E24/><V26/><F26/><W129/><G129/><T126/><D126/><U114/><E114/><V90/><F128/><W93/><G15/><T7/><D45/><U72/><E72/><V32/><F32/><W20/><G20/><T56/><D69/><AGARI ba="3,1" hai="13,18,23,63,66,69,82,87,89,116,119" m="46603" machi="69" ten="30,1000,0" yaku="13,1" doraHai="29" who="1" fromWho="0" sc="141,-19,409,29,150,0,290,0" /><INIT seed="3,0,0,0,3,135" ten="122,438,150,290" oya="3" hai0="9,93,130,92,84,126,48,133,76,54,111,113,18" hai1="5,119,80,64,71,89,62,16,28,8,120,61,67" hai2="60,59,2,33,12,83,123,63,72,53,36,115,49" hai3="98,69,58,34,118,114,104,23,6,44,112,106,68"/><W39/><G34/><T91/><D133/><U17/><E28/><V99/><F2/><W110/><G23/><T50/><D111/><U101/><E101/><V65/><F33/><W103/><G106/><T116/><D116/><U74/><E120/><V100/><F36/><W87/><G118/><T41/><D130/><U40/><E40/><V124/><F115/><W7/><G110/><T70/><D70/><U45/><E45/><V108/><F108/><W51/><G58/><T25/><D113/><U27/><E27/><V15/><F63/><W122/><G39/><T21/><D76/><U47/><E47/><V20/><F72/><W78/><G122/><T30/><D41/><U117/><E117/><V109/><F83/><N who="3" m="47607" /><G69/><T43/><D43/><U96/><E119/><V38/><F38/><W121/><G68/><T105/><D105/><U127/><E74/><V129/><F20/><W10/><G121/><T26/><D26/><U88/><E62/><V11/><F60/><W131/><G131/><T24/><D24/><U134/><E61/><V85/><F59/><W14/><G7/><T79/><D79/><U125/><E71/><V32/><F32/><W86/><G86/><T90/><D54/><U107/><E134/><V22/><F53/><W81/><G81/><T0/><D48/><U4/><E80/><V73/><F73/><W19/><G6/><N who="0" m="1223" /><D50/><U1/><E1/><V31/><F109/><W82/><G82/><T46/><D46/><U37/><E37/><V55/><F123/><W42/><G114/><T52/><D52/><U77/><E4/><V75/><F129/><RYUUKYOKU ba="0,0" sc="122,-10,438,-10,150,-10,290,30" hai3="10,14,19,42,44,51,98,103,104,112" /><INIT seed="3,1,0,1,1,27" ten="112,428,140,320" oya="3" hai0="94,132,28,13,38,8,24,131,17,101,78,51,50" hai1="30,120,133,18,104,85,47,92,109,103,61,31,107" hai2="74,71,117,48,11,134,7,113,1,36,64,108,87" hai3="77,60,57,121,115,4,124,20,80,67,23,79,88"/><W59/><G121/><T22/><D38/><U12/><E120/><V102/><F102/><W112/><G124/><T45/><D131/><U10/><E109/><V2/><F2/><W125/><G125/><T19/><D132/><U129/><E133/><V110/><F48/><W25/><G4/><T0/><D0/><U98/><E129/><V55/><F55/><W68/><G23/><T72/><D72/><U53/><E104/><V114/><F87/><N who="3" m="50279" /><G68/><T21/><D78/><U32/><E32/><V3/><F3/><W111/><G115/><N who="2" m="44041" /><F117/><W41/><G41/><T42/><D50/><N who="1" m="28895" /><E107/><V46/><F74/><W135/><G135/><T44/><D44/><U58/><E85/><V15/><F15/><W40/><G40/><T90/><D101/><U52/><AGARI ba="1,0" hai="10,12,18,30,31,52,58,61,92,98,103" m="28895" machi="52" ten="30,7900,0" yaku="8,1,52,2,54,1" doraHai="27" who="1" fromWho="1" sc="112,-21,428,82,140,-21,320,-40" /><INIT seed="4,0,0,1,1,126" ten="91,510,119,280" oya="0" hai0="19,93,18,92,110,87,64,32,37,99,105,45,72" hai1="59,6,73,102,33,120,61,95,116,122,86,96,83" hai2="65,124,41,75,9,51,3,17,16,88,4,103,125" hai3="58,117,133,2,24,28,98,8,7,131,109,55,135"/><T26/><D72/><U30/><E116/><V54/><F75/><W53/><G117/><T80/><D110/><U67/><E73/><V38/><F65/><W132/><G109/><T27/><D64/><U40/><E40/><V113/><F103/><W100/><G58/><T0/><D0/><U12/><E33/><V106/><F106/><N who="3" m="63767" /><G131/><T56/><D105/><U130/><E130/><V112/><F41/><W78/><G78/><T52/><D45/><U47/><E47/><N who="2" m="28031" /><F38/><W22/><AGARI ba="0,0" hai="2,7,8,22,24,28,53,55,132,133,135" m="63767" machi="22" ten="30,1100,0" yaku="20,1" doraHai="126" who="3" fromWho="3" sc="91,-5,510,-3,119,-3,280,11" /><INIT seed="5,0,0,3,1,38" ten="86,507,116,291" oya="1" hai0="81,59,53,110,130,34,99,29,73,115,75,84,71" hai1="132,0,66,77,47,126,43,64,111,21,70,100,63" hai2="95,62,69,125,25,74,44,42,22,54,91,46,56" hai3="31,61,104,19,129,49,24,15,33,78,120,13,40"/><U128/><E0/><V76/><F125/><W114/><G120/><T35/><D110/><U30/><E126/><V65/><F76/><W135/><G104/><T8/><D71/><U32/><E32/><V48/><F74/><W134/><G78/><T14/><D115/><U118/><E118/><V90/><F95/><W39/><G39/><T80/><D130/><U116/><E116/><V11/><F11/><W83/><G83/><T52/><D99/><U10/><E10/><V102/><F102/><W50/><G114/><T28/><D8/><U79/><E128/><V133/><F133/><W117/><G129/><T108/><D59/><U1/><E1/><V58/><F58/><W27/><G61/><T18/><D108/><U85/><E132/><V112/><F112/><W121/><G33/><T2/><D2/><U51/><E111/><V9/><F9/><W98/><G98/><T123/><D14/><U106/><E66/><V72/><F72/><W3/><G3/><T45/><D45/><U6/><E100/><V107/><F107/><W113/><G117/><T89/><D18/><U93/><E106/><V82/><F82/><W68/><G113/><T105/><D105/><U4/><E79/><V87/><F87/><W23/><G135/><T119/><D119/><U67/><E67/><V92/><F92/><W36/><G68/><T103/><D103/><U55/><E93/><V41/><F46/><W20/><G134/><T26/><D123/><U131/><E131/><V60/><F41/><W17/><G121/><T124/><D124/><U109/><E70/><V97/><F97/><RYUUKYOKU ba="0,0" sc="86,-10,507,-10,116,30,291,-10" hai2="22,25,42,44,48,54,56,60,62,65,69,90,91" /><INIT seed="6,1,0,1,4,6" ten="76,497,146,281" oya="2" hai0="20,22,125,51,127,105,36,77,49,67,24,13,39" hai1="34,15,86,38,96,11,53,54,102,56,132,92,98" hai2="26,69,76,8,133,64,68,111,121,23,50,25,27" hai3="91,4,74,78,99,90,97,0,32,61,75,93,81"/><V40/><F121/><W112/><G32/><T33/><D67/><U82/><E34/><V83/><F133/><W30/><G30/><T110/><D105/><U37/><E98/><V3/><F111/><W113/><G61/><T101/><D101/><U122/><E54/><V10/><F3/><W19/><G19/><T89/><D33/><U73/><E73/><V94/><F23/><W18/><G18/><T95/><D77/><U14/><E14/><V84/><F64/><W108/><G108/><T128/><D110/><U28/><E28/><V52/><F40/><W60/><G60/><T71/><D71/><U41/><E41/><V72/><F68/><W65/><G65/><T17/><D128/><U124/><E124/><V1/><F1/><W116/><G116/><T44/><D49/><U123/><E132/><V9/><F69/><W135/><G135/><T46/><D46/><U107/><E107/><V42/><F42/><W59/><G59/><T29/><D51/><U126/><E126/><N who="0" m="48137" /><D44/><U21/><E21/><V130/><F130/><W80/><G0/><T120/><D120/><U58/><E58/><N who="2" m="33047" /><F72/><W88/><G74/><T31/><D31/><U109/><E123/><V114/><F114/><W66/><G66/><T5/><D5/><U45/><E122/><V35/><F35/><W7/><G4/><T79/><D79/><N who="1" m="46431" /><E38/><V118/><F118/><W103/><G7/><T106/><D106/><U2/><E37/><V55/><F55/><W43/><G43/><T12/><D12/><U63/><E109/><V87/><F27/><W62/><G113/><T47/><D47/><RYUUKYOKU ba="1,0" sc="76,15,497,-15,146,15,281,-15" hai0="13,17,20,22,24,29,36,39,89,95" hai2="8,9,10,25,26,76,83,84,87,94" /><INIT seed="6,2,0,2,3,91" ten="91,482,161,266" oya="2" hai0="11,4,5,96,65,74,86,50,85,8,14,38,108" hai1="28,53,37,106,115,60,105,81,117,128,134,84,122" hai2="95,123,3,13,97,52,30,63,49,116,90,24,0" hai3="118,126,101,23,89,6,20,88,70,76,67,57,80"/><V82/><F116/><W78/><G70/><T15/><D108/><U73/><E37/><V104/><F123/><W46/><G101/><T103/><D74/><U111/><E53/><V125/><F104/><W32/><G32/><T130/><D130/><U27/><E60/><V39/><F39/><W61/><G126/><T54/><D65/><U102/><E27/><V79/><F63/><W12/><G46/><T109/><D109/><U71/><E28/><V36/><F13/><W119/><G118/><T75/><D75/><U45/><E71/><V47/><F36/><W51/><G51/><T18/><D18/><U22/><E106/><V26/><F125/><W107/><G107/><T10/><D10/><U9/><E73/><V17/><F17/><W56/><G56/><T121/><D121/><U129/><E105/><V33/><F24/><W55/><G55/><T7/><D7/><U31/><E117/><V132/><F132/><W69/><G69/><T135/><D135/><U110/><E128/><V62/><F62/><W100/><G100/><T127/><D127/><U41/><E129/><V40/><F40/><W2/><G2/><T131/><D38/><U1/><E41/><V29/><F29/><W92/><G119/><T94/><D131/><U43/><E134/><V34/><F33/><W25/><G6/><T48/><D48/><U83/><E111/><V42/><F42/><W93/><G12/><T133/><D133/><U66/><E43/><V98/><F97/><N who="3" m="57479" /><G25/><T58/><AGARI ba="2,0" hai="4,5,8,11,14,15,50,54,58,85,86,94,96,103" machi="58" ten="20,8000,1" yaku="0,1,7,1,9,1,8,1,52,1" doraHai="91" who="0" fromWho="0" sc="91,86,482,-22,161,-42,266,-22" /><INIT seed="7,0,0,0,4,122" ten="177,460,119,244" oya="3" hai0="80,2,85,70,38,16,115,107,116,9,54,78,52" hai1="111,17,86,48,73,51,102,53,87,25,126,117,6" hai2="72,76,42,12,26,8,5,65,58,84,124,71,45" hai3="69,64,31,57,40,90,128,29,100,36,32,62,113"/><W95/><G100/><T59/><D107/><U55/><E73/><V118/><F118/><W114/><G128/><T75/><D70/><U34/><E34/><V112/><F71/><W121/><G32/><T109/><D38/><U19/><E25/><V104/><F104/><W3/><G3/><T1/><D109/><U0/><E6/><V66/><F112/><W74/><G74/><T133/><D116/><U20/><E20/><V129/><F129/><W14/><G14/><T67/><D133/><U27/><E27/><V28/><F124/><W110/><G29/><T132/><D132/><U22/><E22/><V119/><F119/><W10/><G10/><T47/><D67/><U81/><E102/><V4/><F4/><W93/><G31/><T101/><D101/><U60/><E126/><V127/><F72/><W134/><G64/><T92/><D115/><U61/><E117/><V89/><F127/><W82/><G110/><T91/><D47/><U68/><E111/><V13/><F13/><W21/><G21/><T49/><D54/><U39/><E39/><V94/><F76/><W98/><G134/><T125/><D125/><U79/><E79/><V30/><F26/><W88/><G36/><T97/><D75/><U50/><E0/><V44/><F66/><W15/><G15/><N who="0" m="7279" /><D2/><U43/><E17/><V24/><F42/><W33/><G40/><T23/><D1/><U103/><E19/><V106/><F106/><W131/><G114/><T135/><D135/><U120/><E43/><V105/><F105/><W11/><G113/><T83/><D83/><U63/><E81/><RYUUKYOKU ba="0,0" sc="177,30,460,-10,119,-10,244,-10" hai0="23,49,52,59,78,80,85,91,92,97" owari="207,-19.0,450,55.0,109,-39.0,234,3.0" /></mjloggm>