<mjloggm ver="2.3"><GO type="41" lobby="0"/><UN n0="%64%64%64%6F%6E%31%31" n1="%E3%83%88%E3%83%88%E3%83%AA%E5%85%88%E7%94%9F%31%39%E6%AD%B3" n2="%72%61%6B%75%E6%9D%B1%E9%A2%A8%E7%AC%AC%32" n3="%E3%82%89%E3%82%8A%E3%81%82%E3%82%93" dan="15,15,14,13" rate="2004.06,2057.29,1974.78,1894.35" sx="M,F,M,M"/><TAIKYOKU oya="0"/><INIT seed="0,0,0,0,4,118" ten="250,250,250,250" oya="0" hai0="47,79,61,112,96,85,37,29,120,54,134,115,52" hai1="78,10,111,92,63,57,64,121,127,66,107,83,8" hai2="116,22,16,40,105,18,135,51,98,33,55,41,44" hai3="9,129,11,77,28,35,4,90,31,128,38,68,12"/><T93/><D134/><U70/><E107/><V62/><F135/><W0/><G68/><T72/><D72/><U126/><E111/><V48/><F33/><W15/><G38/><T1/><D1/><U7/><E121/><V130/><F116/><W5/><G77/><T97/><D29/><N who="3" m="11337" /><G35/><T81/><D120/><U39/><E39/><V26/><F130/><N who="3" m="50283" /><G90/><T23/><D96/><U99/><E66/><V132/><F132/><W34/><G34/><T19/><D37/><U46/><E70/><V125/><F125/><N who="1" m="47625" /><E46/><V14/><F105/><W73/><G73/><T49/><D61/><U42/><E42/><N who="2" m="24599" /><F98/><W71/><G71/><T100/><REACH who="0" step="1"/><D54/><REACH who="0" ten="240,250,250,250" step="2"/><U123/><E63/><V67/><F62/><W84/><G84/><T69/><D69/><U87/><E87/><V122/><F67/><W36/><G36/><T76/><D76/><U24/><E78/><V75/><F75/><W88/><G88/><T89/><D89/><U45/><E64/><V108/><F122/><W59/><G59/><T117/><D117/><U3/><E57/><N who="2" m="33023" /><F108/><W114/><G114/><T133/><D133/><U20/><E123/><V53/><F53/><W65/><G65/><T94/><D94/><U124/><E124/><V43/><F43/><W109/><G109/><T86/><D86/><U27/><E92/><V6/><F6/><N who="3" m="2667" /><G0/><T56/><D56/><U58/><E58/><V101/><F101/><W131/><G131/><T104/><D104/><U13/><E99/><V2/><F2/><W95/><G95/><T119/><D119/><U30/><E3/><V50/><F50/><W102/><G102/><RYUUKYOKU ba="0,1" sc="240,10,250,-30,250,10,250,10" hai0="19,23,47,49,52,79,81,85,93,97,100,112,115" hai2="14,16,18,22,26,40,41" hai3="9,11,12,15" /><INIT seed="0,1,1,5,2,42" ten="250,220,260,260" oya="0" hai0="91,33,124,28,109,7,62,61,44,99,15,10,84" hai1="39,41,94,26,69,27,45,95,59,54,93,67,126" hai2="22,80,78,82,21,49,18,102,64,36,52,79,5" hai3="6,101,110,73,118,87,112,16,23,103,134,24,129"/><T34/><D34/><U96/><E126/><V83/><F36/><W85/><G112/><T66/><D124/><U117/><E117/><V123/><F123/><W57/><G118/><T135/><D135/><U116/><E116/><V17/><F5/><W55/><G73/><T89/><D66/><U46/><E96/><V8/><F64/><W30/><G110/><T51/><D33/><U92/><N who="1" m="23552" /><DORA hai="29" /><U131/><E131/><V130/><F102/><N who="3" m="38923" /><G129/><T106/><D106/><U43/><E67/><V75/><F130/><W19/><G134/><T81/><D28/><U53/><E69/><V108/><F108/><W121/><G6/><T65/><D99/><U13/><E13/><N who="2" m="7335" /><F75/><W25/><G121/><T98/><D98/><U63/><REACH who="1" step="1"/><E54/><REACH who="1" ten="250,210,260,260" step="2"/><V74/><F74/><W114/><G114/><T77/><D65/><U125/><E125/><V35/><F35/><W115/><G115/><T4/><D109/><U122/><E122/><V37/><F37/><AGARI ba="1,2" hai="26,27,37,39,41,43,45,46,53,59,63" m="23552" machi="37" ten="50,8000,1" yaku="1,1,9,1,52,2,53,0" doraHai="42,29" doraHaiUra="128,0" who="1" fromWho="2" sc="250,0,210,103,260,-83,260,0" /><INIT seed="1,0,0,4,4,41" ten="250,313,177,260" oya="1" hai0="105,126,32,42,48,36,62,71,65,63,116,56,119" hai1="24,109,120,101,2,95,130,93,127,54,16,88,113" hai2="99,19,128,55,108,27,129,79,111,112,49,57,70" hai3="123,134,72,5,121,53,7,26,11,3,1,104,21"/><U92/><E113/><V115/><F70/><W118/><G72/><T33/><D105/><U35/><E120/><V50/><F79/><W38/><G104/><T124/><D32/><U74/><E74/><V66/><F99/><W117/><G38/><T20/><D20/><N who="1" m="13319" /><E2/><V100/><F100/><W6/><G53/><N who="0" m="31783" /><D33/><U103/><E35/><V102/><F102/><N who="1" m="38921" /><E130/><N who="2" m="50283" /><F19/><N who="3" m="12607" /><G134/><T97/><D97/><N who="1" m="57479" /><E127/><N who="0" m="48681" /><D63/><U8/><E109/><N who="2" m="42059" /><F27/><W18/><G18/><T10/><D10/><U89/><E89/><V17/><F17/><W82/><G82/><T28/><D28/><U0/><E8/><V77/><F77/><W114/><G114/><N who="2" m="43561" /><F66/><W45/><G121/><T40/><D36/><U110/><E110/><V61/><AGARI ba="0,0" hai="49,50,55,57,61" m="43561,42059,50283" machi="61" ten="40,8000,1" yaku="19,1,14,1,11,1,34,2" doraHai="41" who="2" fromWho="2" sc="250,-20,313,-40,177,80,260,-20" /><INIT seed="2,0,0,0,2,10" ten="230,273,257,240" oya="2" hai0="79,125,4,102,12,88,39,113,73,107,75,1,33" hai1="90,2,72,47,54,31,126,34,128,17,19,27,44" hai2="18,42,59,108,87,110,21,20,135,132,95,103,51" hai3="122,133,56,15,77,7,124,8,16,14,58,41,89"/><V13/><F21/><N who="3" m="11415" /><G122/><T26/><D39/><U48/><E72/><V105/><F105/><W49/><G133/><N who="2" m="51273" /><F103/><W127/><G77/><T111/><D111/><N who="2" m="42538" /><F95/><W68/><G68/><T40/><D102/><U22/><E2/><V76/><F42/><W36/><G36/><T80/><D107/><U28/><E128/><V106/><F106/><W114/><G114/><T46/><D113/><U118/><E126/><N who="3" m="48170" /><G89/><T74/><D125/><U93/><E118/><V3/><F3/><W98/><G98/><T84/><D79/><U53/><E34/><V112/><F112/><W85/><G85/><T129/><D33/><U78/><E78/><V120/><F120/><W61/><G61/><T23/><D1/><U94/><E28/><V32/><F32/><W130/><G130/><T11/><D129/><U91/><E91/><V55/><F76/><W69/><G69/><T81/><D81/><U86/><E93/><V71/><F87/><W70/><G70/><AGARI ba="0,0" hai="13,18,20,51,55,59,70,71" m="42538,51273" machi="70" ten="30,11600,0" yaku="20,1,14,1,10,1,52,1" doraHai="10" who="2" fromWho="3" sc="230,0,273,0,257,116,240,-116" /><INIT seed="2,1,0,2,1,14" ten="230,273,373,124" oya="2" hai0="16,1,69,47,91,22,87,113,72,62,41,122,101" hai1="117,43,70,58,79,73,80,90,29,71,83,12,134" hai2="102,88,128,4,68,67,56,116,133,34,82,103,20" hai3="46,42,60,17,6,49,10,9,98,132,78,57,66"/><V129/><F116/><W84/><G132/><T54/><D1/><U21/><E117/><V24/><F68/><W94/><G6/><T124/><D122/><U106/><E134/><V125/><F34/><W5/><G5/><T28/><D72/><U50/><E106/><V31/><F4/><W95/><G94/><T8/><D101/><U48/><E48/><V3/><F3/><W76/><G84/><T74/><D74/><U33/><E33/><V111/><F133/><W35/><G35/><T81/><D113/><U37/><E37/><V100/><F125/><W23/><G76/><T109/><D8/><U39/><E39/><V97/><F111/><W105/><G105/><T96/><D96/><U77/><E90/><V32/><F32/><W18/><G78/><T44/><D28/><U92/><E92/><V123/><F123/><W36/><G36/><T86/><D86/><U107/><E107/><V112/><F112/><W126/><G126/><T114/><D114/><U30/><E30/><V51/><F67/><W25/><REACH who="3" step="1"/><G17/><REACH who="3" ten="230,273,373,114" step="2"/><T93/><D124/><U99/><E99/><V59/><F128/><W38/><G38/><T119/><D119/><U64/><E29/><V2/><F129/><W115/><G115/><T130/><D130/><U127/><E127/><V108/><F108/><W135/><G135/><T55/><D109/><U120/><E120/><V75/><F2/><W15/><G15/><N who="0" m="9503" /><D93/><U40/><E73/><V89/><F75/><W118/><G118/><T7/><D7/><U13/><E80/><V27/><F97/><W45/><G45/><N who="0" m="17483" /><D41/><U11/><E40/><RYUUKYOKU ba="1,1" sc="230,15,273,-15,373,-15,114,15" hai0="54,55,62,69,81,87,91" hai3="9,10,18,23,25,42,46,49,57,60,66,95,98" /><INIT seed="3,2,1,1,0,46" ten="245,258,358,129" oya="3" hai0="23,81,8,53,109,87,91,88,117,99,2,68,134" hai1="98,59,56,111,66,27,116,45,30,11,75,78,122" hai2="4,107,120,12,29,85,121,13,52,130,63,47,55" hai3="128,9,37,48,19,35,90,39,50,89,1,73,124"/><W71/><G73/><T17/><D117/><U28/><E122/><V65/><F107/><W108/><G35/><T58/><D68/><U100/><E111/><V72/><F72/><W83/><G71/><T131/><D109/><U84/><E75/><V67/><F130/><W32/><G32/><T135/><D131/><U125/><E116/><V123/><F29/><W119/><G108/><T31/><D31/><U126/><E30/><V95/><F4/><W76/><G119/><T113/><D113/><U104/><E11/><V101/><F101/><W38/><G128/><T60/><D8/><U64/><E84/><V40/><F95/><W80/><G124/><N who="1" m="47722" /><E78/><V79/><F85/><W44/><G44/><T129/><D2/><U97/><E97/><V43/><F79/><W62/><G62/><T0/><D0/><U34/><E45/><V7/><F7/><W10/><G76/><T49/><D60/><U22/><E34/><V3/><F3/><W103/><G103/><T86/><D129/><U41/><E41/><N who="2" m="15947" /><F13/><W118/><G118/><T33/><D33/><U115/><E115/><V133/><F12/><W132/><G1/><T93/><D99/><U96/><E96/><V21/><F21/><W51/><G19/><T69/><D69/><U54/><E59/><N who="2" m="35303" /><F133/><W16/><G16/><T57/><D57/><U112/><E112/><V110/><F110/><W15/><G132/><T102/><D102/><U105/><E105/><V18/><F18/><N who="3" m="8559" /><G10/><T6/><D6/><U82/><E82/><V61/><F61/><AGARI ba="2,1" hai="22,27,28,54,56,61,64,66,98,100,104" m="47722" machi="61" ten="30,1000,0" yaku="18,1" doraHai="46" who="1" fromWho="2" sc="245,0,258,26,358,-16,129,0" /><INIT seed="4,0,0,4,4,83" ten="245,284,342,129" oya="0" hai0="131,36,67,111,0,84,106,78,23,29,127,88,26" hai1="96,42,122,8,129,32,74,48,130,82,24,94,85" hai2="19,35,93,17,57,1,68,71,128,80,119,45,123" hai3="59,25,124,110,20,87,39,33,55,10,21,107,52"/><T37/><D131/><N who="1" m="50187" /><E122/><V73/><F123/><W104/><G110/><T115/><D115/><U51/><E74/><V105/><F119/><W58/><G39/><T97/><D0/><U44/><E8/><V77/><F35/><W118/><G118/><T90/><D127/><U54/><E24/><V64/><F105/><W134/><G124/><T95/><D67/><U126/><E32/><V125/><F1/><W70/><G70/><T117/><D117/><U112/><E112/><V62/><F125/><W7/><G134/><T109/><D78/><N who="1" m="46295" /><E126/><V92/><F45/><W47/><G47/><T9/><D9/><U14/><E14/><V61/><F71/><W99/><G99/><T34/><D34/><U12/><E12/><V41/><F41/><W28/><G21/><T31/><D31/><U91/><E54/><V60/><F62/><W49/><G33/><T114/><D114/><U133/><E133/><V79/><F77/><W46/><G46/><T76/><D76/><U53/><E53/><V69/><F68/><W2/><REACH who="3" step="1"/><G87/><REACH who="3" ten="245,284,342,119" step="2"/><T86/><D86/><U103/><E103/><V116/><F128/><W43/><G43/><T13/><D111/><U50/><AGARI ba="0,1" hai="42,44,48,50,51,91,94,96" m="46295,50187" machi="50" ten="30,2000,0" yaku="19,1,52,1" doraHai="83" who="1" fromWho="1" sc="245,-10,284,30,342,-5,119,-5" /><INIT seed="5,0,0,5,0,82" ten="235,314,337,114" oya="1" hai0="89,98,125,103,10,39,70,35,100,121,109,96,66" hai1="19,91,29,106,31,65,16,44,134,108,26,118,78" hai2="64,61,112,11,58,1,38,55,2,5,53,132,99" hai3="40,43,68,77,52,72,80,36,12,131,47,67,33"/><U120/><E118/><V105/><F132/><W127/><G131/><T7/><D35/><U25/><E120/><V94/><F105/><W37/><G127/><T76/><D39/><U133/><E106/><V124/><F124/><W90/><G33/><T116/><D125/><U22/><E65/><V95/><F38/><W110/><G110/><T135/><D76/><U49/><E78/><V9/><F112/><W4/><G40/><T6/><D116/><U111/><E91/><V3/><F95/><W13/><G37/><T0/><D7/><U92/><E92/><V69/><F11/><W71/><G71/><T115/><D115/><U23/><E49/><V101/><F55/><W27/><G27/><T14/><D0/><U83/><E83/><V28/><F28/><W59/><G4/><T119/><D119/><U123/><E44/><V126/><F126/><W45/><G45/><T60/><D109/><N who="1" m="42059" /><E123/><V51/><AGARI ba="0,0" hai="1,2,3,5,9,51,53,58,61,64,69,94,99,101" machi="51" ten="20,1500,0" yaku="0,1,7,1" doraHai="82" who="2" fromWho="2" sc="235,-4,314,-7,337,15,114,-4" /><INIT seed="6,0,0,3,4,97" ten="231,307,352,110" oya="2" hai0="38,79,103,43,135,16,14,13,114,48,124,46,93" hai1="30,67,118,99,129,7,18,119,55,11,49,104,100" hai2="80,94,102,127,121,27,128,61,87,0,39,91,9" hai3="3,59,36,72,34,112,33,53,51,105,89,123,21"/><V6/><F121/><W90/><G105/><T126/><D114/><U50/><E129/><V57/><F39/><W54/><G36/><T120/><D120/><U76/><E50/><V88/><F128/><W84/><G123/><T86/><D38/><U1/><E67/><V108/><F108/><W10/><G72/><T96/><D13/><U74/><E30/><V64/><F127/><N who="0" m="48682" /><D86/><U83/><REACH who="1" step="1"/><E18/><REACH who="1" ten="231,297,352,110" step="2"/><V78/><REACH who="2" step="1"/><F27/><REACH who="2" ten="231,297,342,110" step="2"/><W95/><G112/><T68/><D135/><U42/><E42/><V116/><F116/><W66/><G66/><T107/><D43/><U101/><E101/><V26/><F26/><W19/><G54/><T134/><D103/><U130/><E130/><V85/><F85/><W32/><G84/><T110/><D134/><U63/><E63/><V109/><F109/><W25/><G51/><T56/><D48/><U81/><E81/><V71/><F71/><W22/><G32/><T117/><D68/><U45/><AGARI ba="0,2" hai="1,7,11,45,49,55,74,76,83,99,100,104,118,119" machi="45" ten="20,5200,0" yaku="1,1,0,1,7,1,52,1,53,0" doraHai="97" doraHaiUra="15" who="1" fromWho="1" sc="231,-13,297,72,342,-26,110,-13" /><INIT seed="7,0,0,1,5,29" ten="218,369,316,97" oya="3" hai0="55,106,2,33,130,95,78,79,124,52,73,119,14" hai1="85,62,53,132,69,9,135,60,131,122,88,123,18" hai2="96,127,5,84,64,26,87,101,75,28,108,93,128" hai3="97,104,35,47,40,107,10,1,76,54,125,31,68"/><W89/><G125/><T20/><D2/><U83/><E131/><V129/><F108/><W115/><G115/><T36/><D36/><U58/><E18/><V118/><F75/><W15/><G1/><T41/><D41/><U98/><E9/><V120/><F5/><W44/><G68/><T37/><D37/><U61/><E98/><V86/><F64/><W126/><G126/><T134/><D124/><U13/><E13/><V81/><F127/><W12/><G76/><T8/><D106/><U77/><E77/><N who="2" m="46127" /><F26/><W94/><G12/><T17/><D119/><U113/><E113/><V117/><F28/><W66/><G66/><T112/><D112/><U59/><E69/><V7/><F7/><W133/><G133/><N who="1" m="51274" /><E59/><V90/><F120/><AGARI ba="0,0" hai="53,58,60,61,62,83,85,88,120,122,123" m="51274" machi="120" ten="30,2000,0" yaku="20,1,54,1" doraHai="29" who="1" fromWho="2" sc="218,0,369,20,316,-20,97,0" owari="218,-18.0,389,48.0,296,10.0,97,-40.0" /></mjloggm>