<mjloggm ver="2.3"><GO type="97" lobby="0"/><UN n0="%E5%B9%BC%E5%A5%B3%E5%A4%A7%E5%A5%BD%E7%81%AB%E3%83%8E%E9%B3%A5" n1="%E3%83%88%E3%83%88%E3%83%AA%E5%85%88%E7%94%9F%31%39%E6%AD%B3" n2="%E3%81%8B%E3%81%BF%E2%98%86%E3%81%8A%E3%82%80%E3%81%A4" n3="%E3%82%BF%E3%82%B3%E3%83%A4%E3%82%AD%E4%B8%89%E4%B8%96" dan="14,15,14,13" rate="1901.66,2078.90,1919.83,1865.78" sx="M,F,M,M"/><TAIKYOKU oya="0"/><INIT seed="0,0,0,3,3,114" ten="250,250,250,250" oya="0" hai0="104,2,119,84,22,63,70,67,0,135,110,94,41" hai1="134,18,4,129,64,28,17,125,90,81,47,92,43" hai2="124,54,35,20,57,56,50,91,42,33,34,38,24" hai3="46,122,53,65,82,29,55,115,74,89,118,66,95"/><T79/><D119/><U49/><E129/><V37/><F124/><W101/><G122/><T112/><D112/><U121/><E121/><V21/><F20/><W25/><G118/><T97/><D104/><U83/><E125/><V107/><F107/><W26/><G115/><T113/><D113/><U96/><E134/><V19/><F42/><W61/><G101/><T78/><D135/><U123/><E123/><V1/><F1/><W93/><G74/><T9/><D110/><U6/><E28/><V52/><REACH who="2" step="1"/><F91/><REACH who="2" ten="250,250,240,250" step="2"/><W3/><G3/><T98/><D22/><U108/><E43/><V13/><F13/><W12/><G12/><T126/><D126/><U128/><E90/><V99/><F99/><W44/><G89/><T75/><D41/><U76/><E96/><V14/><F14/><W102/><G102/><T59/><D78/><U69/><E76/><V15/><F15/><W116/><G116/><T120/><D120/><U117/><E117/><V132/><F132/><W48/><G29/><T58/><D79/><U11/><E17/><V40/><F40/><W131/><G131/><T111/><D111/><U105/><E18/><V60/><AGARI ba="0,1" hai="19,21,24,33,34,35,37,38,50,52,54,56,57,60" machi="60" ten="30,4000,0" yaku="1,1,0,1,54,1,53,0" doraHai="114" doraHaiUra="103" who="2" fromWho="2" sc="250,-20,250,-10,240,50,250,-10" /><INIT seed="1,0,0,5,1,81" ten="230,240,290,240" oya="1" hai0="9,46,44,31,132,114,76,93,5,39,43,41,131" hai1="58,79,49,69,112,1,126,65,101,84,66,103,95" hai2="36,11,54,87,120,64,117,17,13,0,26,38,110" hai3="94,12,52,35,109,73,91,7,108,20,121,33,116"/><U55/><E112/><V27/><F120/><W89/><G73/><T92/><D114/><U2/><E126/><V119/><F110/><N who="3" m="42603" /><G91/><T18/><D131/><U102/><E69/><V83/><F64/><N who="1" m="24681" /><E2/><V133/><F133/><W118/><G121/><T28/><D132/><U68/><E1/><V107/><F107/><W77/><G77/><T98/><D76/><U42/><E68/><V45/><F0/><W70/><G70/><T135/><D135/><U8/><E42/><V106/><F106/><W129/><G129/><T134/><D134/><U30/><E30/><V115/><F115/><W100/><G100/><T127/><D127/><U59/><E8/><V97/><F97/><W96/><G7/><T85/><D5/><U82/><E59/><V10/><F10/><W21/><G35/><T105/><D105/><U40/><E40/><V32/><F32/><W51/><G33/><T125/><D125/><U19/><E19/><V37/><F119/><N who="3" m="45611" /><G12/><T90/><D18/><U60/><E60/><V113/><F113/><W4/><G4/><T99/><D9/><U3/><E3/><V29/><F29/><W104/><G104/><T62/><D62/><U14/><E14/><V75/><F75/><W6/><G6/><T57/><D57/><AGARI ba="0,0" hai="20,21,51,52,57,89,94,96" m="45611,42603" machi="57" ten="30,3900,0" yaku="14,1,12,1,54,1" doraHai="81" who="3" fromWho="0" sc="230,-39,240,0,290,0,240,39" /><INIT seed="2,0,0,0,1,124" ten="191,240,290,279" oya="2" hai0="94,89,53,105,39,131,64,106,65,69,14,84,108" hai1="57,22,128,82,8,15,24,126,18,36,113,130,99" hai2="121,19,42,6,9,118,120,11,107,129,40,26,92" hai3="63,133,102,80,41,114,75,104,66,52,34,90,1"/><V87/><F107/><W62/><G1/><T51/><D39/><U55/><E126/><V28/><F118/><W58/><G34/><T125/><D108/><U43/><E113/><V20/><F129/><N who="1" m="49769" /><E82/><V72/><F72/><W116/><G133/><T50/><D131/><U10/><E99/><V95/><F120/><W25/><G116/><T122/><D125/><U109/><E109/><V96/><F19/><W127/><G127/><T68/><D122/><U30/><E43/><V97/><F87/><W119/><G119/><T79/><D79/><U74/><E36/><V37/><F37/><W2/><G114/><T100/><D14/><U117/><E117/><V59/><F42/><W17/><G2/><T48/><D53/><U98/><E98/><V81/><F81/><W12/><G41/><T86/><D86/><U112/><E112/><V27/><F40/><W101/><G75/><T134/><D134/><U38/><E38/><V93/><F97/><W103/><G104/><T85/><D50/><N who="1" m="30967" /><E74/><V71/><F96/><W123/><G123/><T3/><D3/><U115/><E115/><V78/><F95/><W83/><G83/><T135/><D135/><U61/><E61/><V16/><F92/><W111/><G111/><T67/><D67/><U46/><E46/><V54/><F93/><W13/><G63/><T47/><D47/><U110/><E110/><V73/><F73/><W32/><G66/><T76/><D94/><U49/><E49/><V35/><F121/><W23/><G32/><AGARI ba="0,0" hai="8,10,15,18,22,24,30,32" m="30967,49769" machi="32" ten="30,7700,0" yaku="19,1,52,3" doraHai="124" who="1" fromWho="3" sc="191,0,240,77,290,0,279,-77" /><INIT seed="3,0,0,5,0,21" ten="191,317,290,202" oya="3" hai0="74,69,56,64,26,95,105,18,99,133,35,58,23" hai1="128,91,11,78,115,12,42,9,30,6,135,14,8" hai2="109,59,29,70,112,3,87,82,134,84,101,107,67" hai3="106,102,49,65,98,43,75,60,100,51,79,41,92"/><W125/><G125/><T4/><D105/><U32/><E115/><V47/><F112/><W130/><G130/><T114/><D114/><U53/><E128/><V44/><F3/><W77/><G106/><T129/><D69/><U111/><E111/><V132/><F109/><W40/><G75/><T71/><D74/><U27/><E135/><N who="2" m="51755" /><F70/><W76/><REACH who="3" step="1"/><G102/><REACH who="3" ten="191,317,290,192" step="2"/><T122/><D122/><U108/><E108/><V45/><F101/><W33/><G33/><T94/><D35/><U1/><E32/><V48/><F107/><W5/><G5/><T37/><D4/><U120/><E6/><V63/><F44/><W66/><G66/><T126/><D126/><U19/><E120/><V83/><F45/><W110/><G110/><T46/><D129/><U38/><E1/><V17/><F47/><W90/><G90/><T36/><D133/><U50/><E91/><V54/><F67/><W121/><G121/><T85/><D71/><AGARI ba="0,1" hai="40,41,43,49,51,60,65,71,76,77,79,92,98,100" machi="71" ten="40,2000,0" yaku="1,1,53,0" doraHai="21" doraHaiUra="123" who="3" fromWho="0" sc="191,-20,317,0,290,0,192,30" /><INIT seed="3,1,0,1,5,126" ten="171,317,290,222" oya="3" hai0="49,89,6,75,22,103,105,114,50,119,0,80,135" hai1="21,124,27,98,1,7,96,95,134,8,45,86,30" hai2="46,107,19,79,3,24,25,83,58,69,110,39,74" hai3="91,101,4,38,28,59,92,123,68,43,127,99,70"/><W34/><G123/><T10/><D119/><U9/><E124/><V56/><F69/><W57/><G127/><T132/><D114/><U55/><E134/><V90/><F107/><W33/><G4/><T13/><D105/><U14/><E8/><V85/><F3/><W47/><G70/><T16/><D103/><U130/><E130/><V122/><F110/><W41/><G68/><T32/><D32/><U81/><E1/><V113/><F113/><W18/><G43/><T97/><D75/><U121/><E121/><V104/><F104/><W128/><G128/><T84/><D97/><U26/><E26/><V48/><F39/><W67/><G101/><T11/><REACH who="0" step="1"/><D22/><REACH who="0" ten="161,317,290,222" step="2"/><U78/><E98/><V35/><F35/><W2/><G34/><T44/><D44/><U12/><E45/><V31/><F122/><W37/><G37/><T65/><D65/><U112/><E112/><V64/><F64/><W61/><G59/><T120/><D120/><U109/><E109/><V66/><F66/><W23/><G33/><T17/><D17/><U60/><E96/><V5/><F19/><W125/><G125/><T131/><D131/><U88/><E21/><V115/><F115/><W77/><G28/><T100/><D100/><U129/><E129/><V82/><F31/><W108/><G108/><T111/><D111/><U106/><E106/><V76/><F74/><W40/><G40/><T94/><D94/><U54/><E30/><V15/><F56/><W71/><G71/><T118/><D118/><U20/><E20/><V73/><F58/><W53/><G67/><T102/><D102/><RYUUKYOKU ba="1,1" sc="161,30,317,-10,290,-10,222,-10" hai0="0,6,10,11,13,16,49,50,80,84,89,132,135" owari="191,-31.0,317,42.0,280,8.0,212,-19.0" /></mjloggm>