<mjloggm ver="2.3"><GO type="97" lobby="0"/><UN n0="%E5%B0%B1%E6%B4%BB%E7%94%9F%40%E5%B7%9D%E6%9D%91%E8%BB%8D%E5%9B%A3" n1="%E3%82%A6%E3%83%92%E3%83%A7%E5%8A%A9" n2="%E3%82%BF%E3%82%B3%EF%BC%92%EF%BC%95%EF%BC%92%EF%BC%95" n3="%E7%9F%B3%E5%8E%9F%E8%A3%95%E6%AC%A1%E9%83%8E" dan="14,14,14,15" rate="1939.02,1902.03,1957.85,1932.05" sx="M,M,M,F"/><TAIKYOKU oya="0"/><INIT seed="0,0,0,3,3,84" ten="250,250,250,250" oya="0" hai0="89,133,36,111,24,3,105,132,80,21,8,69,68" hai1="87,90,96,35,14,29,75,107,91,26,44,106,56" hai2="55,78,117,85,53,7,100,98,45,66,22,101,6" hai3="43,32,83,108,34,81,134,46,9,125,62,79,92"/><T18/><D105/><U42/><E75/><V114/><F114/><W25/><G108/><T77/><D36/><U71/><E71/><V97/><F117/><W95/><G134/><N who="0" m="51819" /><D111/><U113/><E113/><V31/><F66/><W23/><G125/><T127/><D127/><U17/><E56/><V54/><F45/><W67/><G9/><T102/><D102/><N who="2" m="39530" /><F78/><W13/><G13/><N who="0" m="7463" /><D3/><U15/><E15/><V1/><F1/><W123/><G123/><T58/><D58/><U82/><E96/><N who="2" m="36971" /><F85/><W119/><G119/><T135/><N who="0" m="51827" /><T104/><DORA hai="10" /><D104/><U130/><E107/><V19/><F31/><W94/><G34/><T28/><D89/><U57/><E106/><V121/><F121/><W88/><G32/><T60/><D60/><U51/><E57/><V126/><F126/><W128/><G128/><T59/><D59/><U110/><E110/><V20/><F19/><N who="3" m="12543" /><G62/><T49/><D49/><U74/><E130/><V103/><N who="2" m="39538" /><V131/><DORA hai="124" /><F131/><W50/><G67/><T12/><D12/><U47/><E47/><V41/><F41/><W86/><G79/><T93/><D93/><AGARI ba="0,0" hai="43,46,50,81,83,86,88,92,93,94,95" m="12543" machi="93" ten="30,3900,0" yaku="8,1,52,1,54,1" doraHai="84,10,124" who="3" fromWho="0" sc="250,-39,250,0,250,0,250,39" /><INIT seed="1,0,0,3,4,21" ten="211,250,250,289" oya="1" hai0="15,103,117,130,73,13,109,91,72,40,42,32,101" hai1="95,43,20,127,92,112,58,37,35,23,48,115,71" hai2="59,76,108,113,49,99,123,29,38,11,82,133,18" hai3="27,119,14,128,102,61,80,69,135,74,81,125,7"/><U36/><E71/><V56/><F38/><W122/><G122/><T24/><D117/><U132/><E35/><V124/><F123/><W121/><G121/><T79/><D109/><U39/><E132/><V100/><F133/><W84/><G135/><T110/><D110/><U26/><E127/><V66/><F108/><W65/><G125/><T9/><D130/><U51/><E58/><V55/><F124/><W104/><G128/><T70/><D70/><U90/><E43/><V126/><F126/><W44/><G119/><T19/><D91/><U10/><E10/><V98/><F113/><N who="1" m="43593" /><E26/><V97/><F29/><W46/><G74/><T3/><D3/><U16/><E90/><V53/><F66/><W94/><G104/><T25/><D79/><U41/><E16/><V1/><F1/><W118/><G118/><T6/><D19/><U116/><E41/><V57/><F100/><W129/><G129/><T60/><D9/><U63/><E63/><V96/><N who="2" m="24576" /><DORA hai="86" /><V33/><F33/><W77/><G102/><T47/><D60/><U17/><E17/><V64/><F64/><W12/><G65/><T93/><D32/><U8/><E8/><V0/><F0/><W68/><G68/><T105/><D47/><U31/><E31/><V50/><F18/><W114/><G44/><T54/><D54/><N who="2" m="20490" /><F11/><W52/><G69/><T75/><D75/><U5/><E116/><V45/><F45/><W134/><G46/><T2/><D2/><U22/><E5/><V89/><F76/><W4/><G134/><T34/><D34/><U87/><E87/><AGARI ba="0,0" hai="49,50,56,57,59,82,87,89" m="20490,24576" machi="87" ten="50,3200,0" yaku="8,1,52,1" doraHai="21,86" who="2" fromWho="1" sc="211,0,250,-32,250,32,289,0" /><INIT seed="2,0,0,1,2,1" ten="211,218,282,289" oya="2" hai0="11,19,69,56,7,32,14,116,93,94,92,41,128" hai1="125,4,5,8,100,83,49,133,61,107,20,114,71" hai2="12,132,2,13,18,124,91,51,119,24,117,134,135" hai3="17,30,102,129,84,45,118,113,130,46,80,42,53"/><V108/><F2/><W3/><G118/><N who="2" m="45065" /><F91/><W68/><G68/><T35/><D69/><U131/><E114/><V99/><F99/><W62/><G113/><T52/><D116/><U81/><E133/><V65/><F65/><W86/><G102/><T60/><D128/><N who="3" m="49257" /><G3/><T57/><D41/><U26/><E131/><V115/><F115/><W59/><G30/><T31/><D31/><U126/><E49/><V104/><F104/><W85/><G17/><T6/><D35/><U111/><E111/><V78/><F78/><N who="3" m="46103" /><G46/><T48/><D32/><U120/><E120/><V54/><F108/><W70/><G70/><T123/><D123/><U112/><E112/><V36/><F36/><AGARI ba="0,0" hai="36,42,45,53,59,62,85,86" m="46103,49257" machi="36" ten="30,1000,0" yaku="19,1" doraHai="1" who="3" fromWho="2" sc="211,0,218,0,282,-10,289,10" /><INIT seed="3,0,0,0,0,90" ten="211,218,272,299" oya="3" hai0="66,4,36,9,59,34,58,82,87,112,17,18,38" hai1="126,21,0,98,27,119,10,134,15,94,84,16,69" hai2="93,115,44,45,37,61,91,63,121,1,81,135,132" hai3="67,60,47,23,74,103,5,8,113,68,111,89,88"/><W105/><G113/><T99/><D112/><U78/><E126/><V65/><F115/><W57/><G74/><T72/><D34/><U43/><E134/><N who="2" m="51243" /><F1/><W125/><G125/><T75/><D75/><U86/><E69/><N who="2" m="42159" /><F121/><W2/><G111/><T32/><D72/><U56/><E119/><V77/><F63/><W131/><G131/><T12/><D32/><U73/><E43/><V85/><F37/><W96/><G47/><T33/><D33/><U102/><E0/><V83/><F83/><W49/><G23/><T28/><D38/><U110/><E110/><V22/><F22/><W62/><G49/><T46/><D36/><U123/><E123/><V71/><F71/><W50/><G50/><T118/><D118/><U130/><E130/><V30/><F30/><W31/><G31/><T70/><D70/><U26/><E26/><V20/><F20/><W3/><G2/><T54/><D28/><N who="1" m="17519" /><E73/><AGARI ba="0,0" hai="44,45,73,77,81,85,91,93" m="42159,51243" machi="73" ten="30,2000,0" yaku="20,1,52,1" doraHai="90" who="2" fromWho="1" sc="211,0,218,-20,272,20,299,0" /><INIT seed="4,0,0,5,5,24" ten="211,198,292,299" oya="0" hai0="85,11,56,106,5,86,132,66,113,135,79,90,119" hai1="22,100,14,105,108,67,126,95,76,64,123,68,54" hai2="9,114,19,18,1,4,48,35,125,20,32,21,131" hai3="124,118,83,110,99,128,7,47,57,94,8,129,71"/><T16/><D106/><U107/><E123/><V6/><F48/><W51/><G110/><T88/><D119/><U31/><E108/><V3/><F125/><W70/><G118/><T2/><D113/><U74/><E126/><V130/><F9/><W134/><G57/><T25/><D79/><U115/><E115/><AGARI ba="0,0" hai="1,3,4,6,18,19,20,21,32,35,114,115,130,131" machi="115" ten="25,8000,1" yaku="22,2,34,3" doraHai="24" who="2" fromWho="1" sc="211,0,198,-80,292,80,299,0" owari="211,-19.0,118,-38.0,372,47.0,299,10.0" /></mjloggm>