<mjloggm ver="2.3"><GO type="41" lobby="0"/><UN n0="%E3%82%AF%E3%83%A9%E3%83%AA%E3%82%AB" n1="%E5%B0%B1%E6%B4%BB%E7%94%9F%40%E5%B7%9D%E6%9D%91%E8%BB%8D%E5%9B%A3" n2="%E7%81%AB%E8%96%AC%E5%BE%A1%E9%A3%AF" n3="%E3%80%90%E6%B8%9A%E6%A5%93%E3%80%91" dan="15,16,16,13" rate="1987.61,2138.06,2070.97,2034.97" sx="F,M,M,F"/><TAIKYOKU oya="0"/><INIT seed="0,0,0,0,0,74" ten="250,250,250,250" oya="0" hai0="129,42,49,62,87,30,108,21,11,130,95,64,117" hai1="83,47,17,36,111,18,22,121,27,28,56,39,55" hai2="60,32,115,125,101,103,78,59,105,93,119,58,38" hai3="25,114,10,53,84,31,73,69,16,7,82,34,52"/><T86/><D117/><U65/><E121/><V19/><F60/><W13/><G69/><T35/><D35/><U45/><E111/><V92/><F19/><W113/><G73/><T66/><D108/><U5/><E5/><V68/><F38/><W107/><G107/><T81/><D95/><U3/><E3/><V100/><F68/><W124/><G124/><T15/><D21/><U26/><E65/><N who="0" m="25193" /><D30/><U71/><E71/><V40/><F40/><W77/><REACH who="3" step="1"/><G7/><REACH who="3" ten="250,250,250,240" step="2"/><N who="0" m="3583" /><D130/><U0/><E0/><V91/><F125/><W98/><G98/><T50/><D129/><U20/><E28/><V61/><F105/><W70/><G70/><T43/><D87/><U102/><E36/><V51/><F119/><W104/><G104/><T94/><D94/><U12/><E39/><V72/><F93/><W75/><G75/><T1/><D62/><U54/><E102/><V116/><F101/><W123/><G123/><T88/><D1/><U76/><E12/><V37/><F103/><W85/><G85/><T97/><D97/><U132/><E132/><V135/><F100/><W57/><G57/><T133/><D133/><U99/><E99/><V106/><F59/><W23/><G23/><T79/><D49/><U109/><E109/><V90/><F37/><W126/><G126/><T2/><D50/><U67/><E67/><V29/><F51/><W134/><G134/><T14/><D2/><U120/><E120/><V33/><F135/><W127/><G127/><T46/><D14/><U4/><E4/><V9/><F116/><W112/><AGARI ba="0,1" hai="10,13,16,25,31,34,52,53,77,82,84,112,113,114" machi="112" ten="30,8000,1" yaku="1,1,0,1,52,1,54,2,53,0" doraHai="74" doraHaiUra="41" who="3" fromWho="3" sc="250,-40,250,-20,250,-20,240,90" /><INIT seed="1,0,0,0,3,2" ten="210,230,230,330" oya="1" hai0="13,125,45,16,49,7,81,131,97,123,63,0,119" hai1="41,23,132,101,21,114,99,100,68,40,18,47,127" hai2="27,14,87,25,111,60,117,31,129,118,105,5,22" hai3="104,83,52,65,73,4,42,98,108,95,80,15,11"/><U61/><E114/><V29/><F105/><W110/><G104/><T43/><D119/><U112/><E112/><V33/><F87/><W113/><G42/><T72/><D125/><U82/><E127/><V58/><F111/><N who="3" m="42539" /><G65/><T19/><D131/><U94/><E132/><V91/><F91/><N who="3" m="55679" /><G73/><T28/><D123/><U90/><E68/><V10/><REACH who="2" step="1"/><F129/><REACH who="2" ten="210,230,220,330" step="2"/><W3/><G113/><T26/><D72/><U84/><E101/><V85/><F85/><W79/><G79/><T121/><D121/><U69/><E84/><V128/><F128/><W46/><G3/><T77/><D0/><U30/><E90/><V37/><F37/><W93/><G93/><T24/><D77/><U103/><E82/><V6/><F6/><W44/><G83/><T74/><D81/><U115/><E103/><V34/><F34/><W116/><G80/><T88/><D7/><U124/><E124/><V36/><F36/><W51/><G116/><T130/><D74/><U48/><E115/><V38/><F38/><W67/><G67/><AGARI ba="0,1" hai="5,10,14,22,25,27,29,31,33,58,60,67,117,118" machi="67" ten="30,7700,0" yaku="1,1,7,1,52,1,53,1" doraHai="2" doraHaiUra="8" who="2" fromWho="3" sc="210,0,230,0,220,87,330,-77" /><INIT seed="2,0,0,3,4,110" ten="210,230,307,253" oya="2" hai0="12,88,85,108,132,125,25,57,45,66,63,134,47" hai1="53,39,2,26,38,79,67,81,65,103,24,78,52" hai2="118,76,89,90,51,60,109,87,41,54,15,68,19" hai3="102,3,93,70,83,69,50,61,32,73,10,105,112"/><V115/><F118/><W77/><G32/><T30/><D108/><U75/><E103/><V107/><F109/><W86/><G50/><T11/><D125/><U43/><E43/><V46/><F115/><W97/><G61/><T58/><D58/><U104/><E2/><V126/><F107/><W101/><G101/><T111/><D111/><U92/><E92/><V17/><F126/><W36/><G36/><N who="1" m="13866" /><E81/><N who="2" m="47527" /><F68/><W0/><G112/><T129/><D129/><U124/><E75/><V80/><F80/><W21/><G21/><N who="0" m="15663" /><D134/><U91/><E91/><N who="2" m="34827" /><F15/><W27/><G27/><N who="1" m="10282" /><E104/><V8/><F8/><W130/><G130/><T98/><D132/><U59/><E59/><AGARI ba="0,0" hai="17,19,41,46,51,54,59,60" m="34827,47527" machi="59" ten="30,1500,0" yaku="8,1" doraHai="110" who="2" fromWho="1" sc="210,0,230,-15,307,15,253,0" /><INIT seed="2,1,0,3,2,114" ten="210,215,322,253" oya="2" hai0="126,55,86,58,129,2,112,132,29,109,71,91,106" hai1="130,83,23,64,96,18,62,81,43,47,56,44,36" hai2="120,101,92,134,97,57,75,68,7,108,54,21,82" hai3="4,87,98,24,8,19,3,110,118,60,38,74,94"/><V53/><F68/><W5/><G74/><T45/><D112/><U85/><E130/><V102/><F134/><W66/><G38/><T42/><D71/><U15/><E96/><V80/><F120/><W20/><G110/><T123/><D123/><U90/><REACH who="1" step="1"/><E44/><REACH who="1" ten="210,205,322,253" step="2"/><V78/><F108/><W12/><G3/><T65/><D45/><U39/><E39/><V40/><F40/><W48/><G98/><T128/><D2/><U25/><E25/><V26/><F102/><W37/><G37/><T16/><D42/><U61/><E61/><V113/><F113/><W6/><G60/><T127/><D109/><U107/><E107/><V52/><F7/><W1/><G4/><T11/><D106/><U79/><E79/><V14/><F78/><W17/><G5/><T30/><D129/><U89/><E89/><V131/><F131/><W125/><G6/><T133/><D91/><U117/><E117/><V76/><F14/><W124/><G118/><T33/><D128/><U0/><E0/><V70/><F70/><W9/><G24/><T93/><D133/><U69/><E69/><V22/><F26/><W84/><G12/><T35/><D132/><U135/><E135/><V103/><F101/><W34/><G1/><T111/><D111/><U88/><E88/><V28/><F57/><W116/><G116/><T121/><D58/><U105/><E105/><V122/><F76/><W115/><G115/><T100/><D100/><U95/><AGARI ba="1,1" hai="15,18,23,36,43,47,56,62,64,81,83,85,90,95" machi="95" ten="20,2700,0" yaku="1,1,0,1,7,1,53,0" doraHai="114" doraHaiUra="31" who="1" fromWho="1" sc="210,-8,205,40,322,-14,253,-8" /><INIT seed="3,0,0,1,1,113" ten="202,245,308,245" oya="3" hai0="99,100,83,12,65,101,103,34,80,107,131,38,129" hai1="118,108,30,20,7,42,77,89,1,97,92,2,127" hai2="91,120,25,39,51,8,71,50,33,4,45,94,111" hai3="11,48,96,88,130,102,52,29,104,16,9,126,121"/><W134/><G121/><T109/><D38/><U44/><E77/><V114/><F71/><W63/><G130/><N who="0" m="49675" /><D34/><U0/><E108/><V133/><F111/><W122/><G122/><T43/><D109/><U46/><E46/><V13/><F114/><W112/><G112/><T86/><D43/><U82/><E82/><V53/><F39/><W106/><G126/><T95/><D65/><U19/><E127/><V125/><F133/><W135/><G63/><T14/><D14/><U56/><E30/><V41/><F33/><W6/><G29/><T70/><D12/><U26/><E56/><V22/><F125/><W60/><G60/><T62/><D62/><U18/><E18/><V15/><F13/><N who="3" m="7231" /><G9/><T66/><D66/><U55/><E55/><V37/><F53/><W73/><G73/><T132/><D70/><U67/><E67/><V116/><F120/><W21/><G21/><T76/><D132/><N who="3" m="50729" /><G6/><T31/><D31/><U124/><E124/><V58/><F22/><W117/><G117/><T69/><D69/><U68/><E68/><V49/><F116/><W81/><G102/><N who="0" m="39531" /><D80/><U78/><E118/><V110/><F25/><W87/><G96/><T17/><D17/><U23/><E23/><V75/><F110/><W10/><G10/><T90/><N who="0" m="39539" /><T32/><DORA hai="64" /><D32/><U119/><E119/><V72/><REACH who="2" step="1"/><F58/><AGARI ba="0,0" hai="48,52,58,81,87,88,104,106" m="50729,7231" machi="58" ten="30,11600,0" yaku="20,1,54,3" doraHai="113,64" who="3" fromWho="2" sc="202,0,245,0,308,-116,245,116" /><INIT seed="3,1,0,1,2,58" ten="202,245,192,361" oya="3" hai0="133,72,13,62,29,102,64,88,9,107,118,108,52" hai1="89,38,127,123,10,34,39,135,5,117,106,125,70" hai2="91,79,14,55,77,114,128,60,98,126,130,19,57" hai3="82,6,66,4,104,78,99,113,115,65,111,44,68"/><W30/><G30/><T131/><D118/><U129/><E89/><V37/><F37/><W0/><G44/><T26/><D72/><U24/><E24/><V81/><F126/><W87/><G66/><T35/><D108/><U69/><E10/><N who="2" m="6615" /><F114/><W40/><G40/><T97/><D133/><U124/><E5/><V90/><F98/><W63/><G111/><T71/><D131/><N who="2" m="50218" /><F79/><W22/><G22/><T67/><D88/><U33/><E129/><V51/><F51/><W23/><G23/><T17/><D67/><U3/><E117/><V93/><F93/><W25/><G25/><T11/><D52/><U32/><E123/><V94/><F94/><W84/><G84/><AGARI ba="1,0" hai="55,57,60,77,81,84,90,91" m="50218,6615" machi="84" ten="30,2000,0" yaku="19,1,52,1" doraHai="58" who="2" fromWho="3" sc="202,0,245,0,192,23,361,-23" /><INIT seed="4,0,0,1,4,93" ten="202,245,215,338" oya="0" hai0="116,82,2,128,24,21,103,18,9,90,23,6,11" hai1="40,20,65,100,126,10,51,46,98,26,104,56,89" hai2="48,91,108,47,59,15,58,55,115,53,109,101,102" hai3="70,81,123,131,63,62,125,117,73,44,88,3,84"/><T39/><D116/><U19/><E126/><V71/><F115/><W99/><G117/><T127/><D39/><U83/><E10/><V54/><F71/><W45/><G3/><T5/><D127/><U132/><E132/><V31/><F31/><W120/><G73/><T67/><D67/><U13/><E83/><V107/><F107/><W69/><G131/><T36/><D36/><U97/><E89/><V32/><F32/><W22/><G22/><T119/><D119/><U130/><E130/><V42/><F15/><W35/><G35/><T92/><D128/><U41/><E41/><V25/><F25/><W28/><G28/><T66/><D66/><U37/><E26/><V30/><F30/><W106/><G125/><T121/><D121/><N who="3" m="46665" /><G70/><T105/><D82/><U12/><E12/><V60/><F91/><W134/><G134/><T57/><D57/><N who="2" m="21514" /><F102/><N who="3" m="62815" /><G69/><T129/><D129/><U64/><E37/><V75/><F101/><W86/><G86/><T16/><D103/><U1/><E1/><V96/><F96/><N who="1" m="36969" /><E104/><V118/><F75/><W77/><G77/><T52/><D105/><U78/><E78/><V29/><F29/><W38/><G38/><T33/><D33/><U0/><E0/><V34/><F34/><W110/><G110/><N who="2" m="42601" /><F118/><W95/><G81/><T85/><D2/><U43/><E100/><V80/><F80/><W50/><G44/><T72/><D72/><U74/><E74/><V133/><F133/><W114/><G114/><T49/><D9/><U14/><E14/><V112/><F112/><W17/><G17/><T7/><D18/><U79/><E79/><RYUUKYOKU ba="0,0" sc="202,-15,245,-15,215,15,338,15" hai2="42,47,48,53,54,55,60" hai3="45,50,62,63,84,88,95" /><INIT seed="5,1,0,5,3,125" ten="187,230,230,353" oya="1" hai0="59,21,101,54,9,20,73,130,119,110,83,91,46" hai1="5,34,100,52,35,4,49,60,104,135,115,68,56" hai2="42,131,86,106,95,55,109,96,53,11,107,24,94" hai3="8,111,93,134,117,47,61,121,102,57,79,40,81"/><U37/><E37/><V72/><F42/><W23/><G111/><T51/><D110/><U41/><E115/><V62/><F72/><W99/><G121/><T33/><D33/><U65/><E135/><V127/><F11/><W58/><G134/><T25/><D119/><U129/><E129/><V63/><F109/><W114/><G114/><T30/><D130/><U128/><E128/><V76/><F131/><W70/><G117/><T116/><D116/><U39/><E100/><V108/><F127/><W27/><G8/><T82/><D101/><U80/><E80/><V69/><F76/><W105/><G105/><T29/><D73/><U74/><E74/><V17/><F86/><W28/><G70/><T78/><D78/><U98/><E98/><V113/><F108/><W0/><G0/><T90/><D9/><U1/><E104/><V16/><F96/><W124/><G124/><T22/><D46/><N who="1" m="25807" /><E39/><V44/><F44/><W85/><G61/><T97/><D97/><U18/><E1/><V31/><F24/><W15/><G15/><T50/><D50/><AGARI ba="1,0" hai="23,27,28,40,47,50,57,58,79,81,85,93,99,102" machi="50" ten="30,2000,0" yaku="7,1,8,1" doraHai="125" who="3" fromWho="0" sc="187,-23,230,0,230,0,353,23" /><INIT seed="6,0,0,1,3,76" ten="164,230,230,376" oya="2" hai0="71,65,129,102,2,125,93,40,7,127,72,100,132" hai1="5,112,6,67,15,60,0,11,81,9,52,55,19" hai2="75,56,90,111,95,120,123,61,58,17,26,53,32" hai3="82,57,4,28,27,106,10,96,34,89,36,116,92"/><V91/><F75/><W14/><G116/><T104/><D104/><U88/><E112/><V63/><F111/><W24/><G36/><T84/><D72/><U107/><E107/><V12/><F91/><W119/><G119/><T37/><D37/><U110/><E110/><V31/><F58/><W33/><G106/><T131/><D40/><U97/><E6/><V94/><F95/><W117/><G117/><T50/><D2/><U68/><E97/><V86/><REACH who="2" step="1"/><F63/><REACH who="2" ten="164,230,220,376" step="2"/><W21/><G57/><T43/><D93/><U70/><E68/><V115/><F115/><W18/><G82/><T25/><D71/><U133/><E133/><V87/><F87/><W103/><G89/><T29/><D84/><U1/><E88/><V13/><F13/><W66/><G66/><T64/><D132/><U48/><E81/><V135/><F135/><W69/><G69/><T59/><D59/><U124/><E124/><V51/><F51/><W23/><AGARI ba="0,1" hai="4,10,14,18,21,23,24,27,28,33,34,92,96,103" machi="23" ten="20,1500,0" yaku="0,1,7,1" doraHai="76" who="3" fromWho="3" sc="164,-4,230,-4,220,-7,376,25" /><INIT seed="7,0,0,4,2,98" ten="160,226,213,401" oya="3" hai0="24,124,56,91,75,129,54,17,135,50,88,1,59" hai1="62,85,25,82,5,122,16,68,94,36,57,105,133" hai2="42,80,86,114,77,7,103,99,44,11,22,108,107" hai3="74,38,132,96,115,87,67,29,60,6,117,65,111"/><W116/><G38/><T31/><D124/><U127/><E105/><V52/><F114/><W120/><G74/><T121/><D121/><U35/><E122/><V3/><F22/><W97/><G6/><T119/><D119/><U93/><E68/><V83/><F80/><W92/><G87/><T8/><D135/><U134/><E36/><V19/><F19/><W48/><G48/><T10/><D129/><U20/><E35/><V46/><F108/><W118/><G92/><T12/><D75/><U49/><E5/><V90/><F42/><W61/><G29/><T9/><D56/><U109/><E109/><V84/><F52/><W2/><G2/><T125/><D125/><U112/><E49/><V69/><F69/><W81/><G81/><T66/><D66/><N who="1" m="39247" /><E112/><V79/><REACH who="2" step="1"/><F86/><REACH who="2" ten="160,226,203,401" step="2"/><W28/><G111/><T128/><D128/><U53/><E53/><V27/><F27/><W13/><G115/><T72/><D72/><U47/><E127/><V73/><F73/><W55/><G55/><T110/><D110/><U0/><E82/><V39/><F39/><W104/><G116/><T106/><D106/><U89/><E47/><AGARI ba="0,1" hai="3,7,11,44,46,47,77,79,83,84,90,99,103,107" machi="47" ten="40,2600,0" yaku="1,1,52,1,53,0" doraHai="98" doraHaiUra="15" who="2" fromWho="1" sc="160,0,226,-26,203,36,401,0" owari="160,-34.0,200,-20.0,239,4.0,401,50.0" /></mjloggm>