<mjloggm ver="2.3"><GO type="41" lobby="0"/><UN n0="%E5%B0%B1%E6%B4%BB%E7%94%9F%40%E5%B7%9D%E6%9D%91%E8%BB%8D%E5%9B%A3" n1="%E5%8E%9F%E4%BA%BA%E3%81%A1%E3%82%83%E3%82%93" n2="%6D%30%32%31%32%32%34" n3="%33%33%62%6C%61%63%6B" dan="15,15,14,15" rate="1979.87,2009.44,1945.16,2054.13" sx="M,M,M,F"/><TAIKYOKU oya="0"/><INIT seed="0,0,0,1,0,80" ten="250,250,250,250" oya="0" hai0="8,84,45,91,119,10,57,105,133,106,116,27,2" hai1="85,74,23,132,83,121,19,26,36,43,6,42,69" hai2="104,28,59,113,40,73,55,124,24,56,31,70,58" hai3="102,112,38,115,100,77,97,47,41,48,30,67,120"/><T64/><D133/><U3/><E121/><V32/><F73/><W1/><G120/><T117/><D27/><U81/><E132/><V88/><F70/><W5/><G67/><T63/><D45/><U7/><E69/><V135/><F104/><W14/><G30/><T22/><D22/><U13/><E3/><V39/><F135/><W12/><G77/><T118/><N who="0" m="29696" /><DORA hai="29" /><T49/><D49/><U15/><E74/><V128/><F113/><W21/><G21/><T79/><D79/><N who="1" m="46271" /><E36/><V51/><F124/><W54/><G1/><T95/><REACH who="0" step="1"/><D2/><REACH who="0" ten="240,250,250,250" step="2"/><U76/><E23/><V109/><F31/><W53/><G48/><T92/><D92/><U94/><E94/><V62/><F39/><W86/><G38/><T123/><D123/><U98/><E26/><V34/><F40/><W131/><G41/><T122/><D122/><U96/><E43/><V107/><F34/><W61/><G112/><T87/><D87/><N who="1" m="48615" /><E42/><V72/><F32/><W111/><G86/><T25/><D25/><U33/><E33/><V89/><F24/><W101/><G47/><T66/><D66/><U18/><E15/><V103/><F51/><W129/><G14/><T46/><D46/><U60/><E13/><V52/><F28/><W11/><G12/><T99/><D99/><N who="1" m="37931" /><E60/><V125/><F62/><W16/><G61/><T75/><D75/><U108/><E7/><V134/><F72/><W126/><G5/><T68/><D68/><U127/><E6/><V20/><F134/><W44/><G115/><T78/><D78/><U82/><E19/><V50/><F20/><W17/><G16/><RYUUKYOKU ba="0,1" sc="240,30,250,-10,250,-10,250,-10" hai0="8,10,57,63,64,84,91,95,105,106" /><INIT seed="0,1,1,1,2,107" ten="270,240,240,240" oya="0" hai0="26,5,56,15,118,91,111,130,95,104,49,87,13" hai1="70,31,81,24,46,36,94,34,117,114,21,39,47" hai2="27,3,134,89,44,50,97,77,74,80,84,73,23" hai3="103,125,65,2,121,61,52,108,18,22,68,71,60"/><T8/><D104/><U120/><E117/><V28/><F3/><W105/><G108/><T93/><D118/><U109/><E70/><V20/><F20/><W55/><G125/><T110/><D130/><U10/><E120/><V116/><F116/><W48/><G2/><T30/><D93/><U135/><E109/><N who="0" m="41481" /><D56/><U0/><E135/><V100/><F134/><W78/><G121/><T124/><D124/><U96/><E114/><V11/><F11/><W115/><G115/><T106/><D106/><U92/><E92/><V128/><F128/><W35/><G35/><N who="0" m="20951" /><D49/><U86/><E39/><V14/><F14/><AGARI ba="1,1" hai="5,8,13,14,15,87,91,95" m="20951,41481" machi="14" ten="30,2900,0" yaku="14,1,10,1" doraHai="107" who="0" fromWho="2" sc="270,42,240,0,240,-32,240,0" /><INIT seed="0,2,0,1,1,111" ten="312,240,208,240" oya="0" hai0="122,43,80,119,78,34,17,0,77,120,94,90,64" hai1="19,112,97,123,109,44,106,99,6,13,113,63,108" hai2="81,61,14,128,102,50,110,104,121,76,62,71,32" hai3="75,103,100,107,125,82,37,45,133,89,7,66,35"/><T53/><D119/><U51/><E123/><V72/><F110/><N who="1" m="42601" /><E6/><V87/><F121/><W9/><G35/><T79/><D34/><U93/><E63/><V52/><F128/><W59/><G133/><T3/><D43/><N who="1" m="24991" /><E106/><V84/><F32/><W27/><G125/><T105/><D105/><U22/><E93/><V96/><F71/><W60/><G107/><T95/><D64/><U39/><E39/><V10/><F62/><W88/><G27/><T135/><D135/><U4/><E4/><V115/><F61/><W2/><G89/><T98/><D53/><U116/><E116/><V73/><F73/><W85/><REACH who="3" step="1"/><G75/><REACH who="3" ten="312,240,208,230" step="2"/><T83/><D120/><U29/><E29/><V1/><F72/><W74/><G74/><T55/><D122/><U12/><E12/><V68/><F104/><W67/><G67/><T28/><D0/><U30/><E30/><V48/><F1/><W114/><G114/><AGARI ba="2,1" hai="13,19,22,97,99,112,113,114" m="24991,42601" machi="114" ten="30,8000,1" yaku="11,1,14,1,52,3" doraHai="111" who="1" fromWho="3" sc="312,0,240,96,208,0,230,-86" /><INIT seed="1,0,0,2,3,42" ten="312,336,208,144" oya="1" hai0="1,16,129,91,0,117,120,103,45,82,78,61,11" hai1="106,84,3,83,19,6,32,7,118,90,23,9,62" hai2="46,101,99,89,31,40,27,76,33,124,95,70,52" hai3="67,18,22,113,13,28,134,63,122,54,109,88,107"/><U97/><E118/><V36/><F124/><W100/><G113/><T108/><D120/><U105/><E32/><V64/><F76/><W86/><G122/><T29/><D117/><U133/><E7/><V132/><F132/><W98/><G134/><T60/><D129/><U43/><E133/><V59/><F64/><W75/><G75/><T114/><D114/><U96/><E62/><V26/><F26/><W4/><G109/><T135/><D135/><U15/><REACH who="1" step="1"/><E43/><REACH who="1" ten="312,326,208,144" step="2"/><V20/><F70/><W126/><G4/><T50/><D61/><U38/><E38/><V44/><F44/><W53/><G126/><T51/><D60/><U131/><E131/><V55/><F33/><W73/><G73/><T24/><D45/><U48/><E48/><V12/><F59/><W30/><G54/><T112/><D51/><U87/><E87/><V17/><F101/><W93/><REACH who="3" step="1"/><G53/><REACH who="3" ten="312,326,208,134" step="2"/><T8/><D108/><U56/><E56/><AGARI ba="0,2" hai="13,18,22,28,30,56,63,67,86,88,93,98,100,107" machi="56" ten="30,8000,1" yaku="1,1,2,1,7,1,54,1,53,1" doraHai="42" doraHaiUra="85" who="3" fromWho="1" sc="312,0,326,-80,208,0,134,100" /><INIT seed="2,0,0,0,2,52" ten="312,246,208,234" oya="2" hai0="31,121,130,26,9,7,101,118,69,99,1,19,84" hai1="103,83,90,110,46,45,95,36,10,86,87,47,8" hai2="119,64,125,35,3,81,133,55,38,11,80,44,21" hai3="96,76,91,79,4,62,56,82,129,65,66,13,128"/><V48/><F119/><W29/><G29/><T97/><D121/><U134/><E110/><V78/><F35/><W58/><G4/><T57/><D69/><U30/><E134/><V28/><F125/><W51/><G13/><T16/><D118/><U61/><E30/><V40/><F133/><W34/><G34/><T60/><D130/><N who="3" m="50281" /><G96/><T75/><D75/><U20/><E36/><V22/><F81/><W27/><G27/><T70/><D84/><U100/><E20/><V71/><F28/><W115/><G115/><T123/><D70/><U107/><E107/><V126/><F126/><W106/><G106/><T39/><D39/><U116/><E116/><V15/><F3/><W94/><G94/><N who="0" m="58551" /><D99/><U135/><E135/><V102/><F102/><N who="1" m="38953" /><E61/><V6/><F64/><W63/><G51/><T14/><D1/><U68/><E87/><AGARI ba="0,0" hai="56,58,62,63,65,66,76,79,82,87,91" m="50281" machi="87" ten="30,3900,0" yaku="19,1,52,2" doraHai="52" who="3" fromWho="1" sc="312,0,246,-39,208,0,234,39" /><INIT seed="3,0,0,5,4,5" ten="312,207,208,273" oya="3" hai0="120,18,126,12,131,11,88,94,124,55,36,68,117" hai1="116,31,50,43,58,45,66,105,135,0,113,24,2" hai2="118,27,67,35,21,103,32,4,8,91,121,99,98" hai3="48,1,109,78,133,93,39,129,106,30,34,127,111"/><W97/><G39/><T114/><D120/><U76/><E105/><V125/><F118/><W62/><G1/><T28/><D117/><U47/><E116/><V63/><F121/><W64/><G129/><T22/><D68/><U46/><E113/><V85/><F125/><N who="0" m="48234" /><D36/><U89/><E135/><V33/><F103/><W54/><G133/><T84/><D131/><U53/><E76/><V41/><F41/><W16/><G127/><T95/><D114/><U42/><E66/><V128/><F128/><W130/><G130/><T61/><D28/><U74/><E74/><V115/><F115/><W81/><G106/><T25/><D61/><U80/><E2/><V90/><F90/><W122/><G122/><T77/><D77/><U72/><E72/><V107/><F107/><W104/><G104/><T13/><D55/><U29/><E0/><V70/><F91/><N who="3" m="55487" /><G30/><N who="1" m="11274" /><E24/><V56/><F70/><W49/><G34/><T59/><D59/><U26/><E26/><V69/><F69/><N who="3" m="42135" /><G54/><T38/><D38/><U40/><E89/><V110/><F85/><W3/><G3/><T73/><D73/><U19/><E80/><V100/><F27/><W14/><G81/><N who="0" m="49167" /><D25/><U71/><E71/><V37/><F37/><W6/><G78/><T23/><D23/><U82/><E82/><V134/><F21/><N who="3" m="11415" /><G6/><AGARI ba="0,0" hai="6,11,12,13,18,22,94,95" m="49167,48234" machi="6" ten="30,3900,0" yaku="18,1,52,1,54,1" doraHai="5" who="0" fromWho="3" sc="312,39,207,0,208,0,273,-39" /><INIT seed="4,0,0,4,1,94" ten="351,207,208,234" oya="0" hai0="9,110,125,19,47,36,6,61,42,29,84,16,30" hai1="135,103,116,114,64,63,83,45,95,98,122,28,43" hai2="53,66,77,25,93,132,50,117,14,109,54,2,115" hai3="20,107,0,5,11,74,118,71,72,39,70,90,38"/><T24/><D110/><U121/><E116/><V108/><F2/><W44/><G118/><T127/><D61/><U62/><E135/><V112/><F117/><W113/><G113/><N who="2" m="43593" /><F77/><W37/><G107/><T26/><D84/><U48/><E114/><V124/><F25/><N who="0" m="9834" /><D47/><U102/><E28/><N who="0" m="10857" /><D36/><U3/><E3/><V17/><F132/><W32/><G32/><T49/><D49/><U73/><E63/><V129/><F129/><W104/><G104/><T23/><D42/><U67/><E67/><V79/><F79/><W76/><G44/><T123/><D123/><U13/><E73/><V99/><F66/><W41/><G41/><T96/><D96/><U52/><E43/><V18/><F124/><N who="0" m="47690" /><D23/><U126/><E126/><V10/><F18/><W100/><G20/><T15/><AGARI ba="0,0" hai="6,9,15,16,19" m="47690,10857,9834" machi="15" ten="30,11700,0" yaku="18,1,34,2,54,1" doraHai="94" who="0" fromWho="0" sc="351,117,207,-39,208,-39,234,-39" /><INIT seed="4,1,0,4,3,63" ten="468,168,169,195" oya="0" hai0="56,130,50,35,127,4,134,16,87,91,115,11,44" hai1="97,14,49,23,41,116,98,94,117,53,92,10,0" hai2="22,85,28,95,123,114,9,2,1,86,99,65,113" hai3="82,20,75,45,15,122,124,12,64,24,89,61,118"/><T36/><D35/><U126/><E126/><V109/><F123/><W68/><G118/><T46/><D127/><U30/><E41/><V84/><F109/><W121/><G124/><T74/><D74/><U104/><E104/><V47/><F47/><W51/><G75/><T7/><D130/><U128/><E128/><V52/><F28/><W26/><G82/><T112/><D134/><U78/><E78/><V18/><F9/><W66/><G89/><T106/><D106/><U40/><E40/><V111/><F111/><W69/><G45/><T58/><D44/><N who="1" m="27815" /><E0/><V27/><F65/><W32/><G32/><T57/><D36/><U55/><E117/><V72/><F72/><W54/><G51/><T42/><D115/><N who="2" m="44042" /><F52/><W81/><G54/><T101/><D101/><AGARI ba="1,0" hai="1,2,18,22,27,84,85,86,95,99,101" m="44042" machi="101" ten="30,1000,0" yaku="15,1" doraHai="63" who="2" fromWho="0" sc="468,-13,168,0,169,13,195,0" /><INIT seed="5,0,0,5,0,94" ten="455,168,182,195" oya="1" hai0="53,93,65,56,48,14,98,36,3,58,96,9,102" hai1="81,46,20,12,45,26,83,132,108,57,84,63,52" hai2="51,129,6,21,115,60,1,90,86,54,17,10,68" hai3="117,29,44,19,28,120,2,69,55,23,95,34,134"/><U100/><E132/><V35/><F35/><W125/><G120/><T122/><D36/><U106/><E108/><V8/><F8/><W4/><G69/><T27/><D122/><U59/><E12/><V61/><F129/><W37/><G134/><T119/><D119/><U107/><E83/><V89/><F89/><W64/><G117/><T18/><D3/><U75/><E75/><V121/><F121/><W79/><G125/><T114/><D114/><U74/><E74/><V131/><F131/><W32/><G79/><T15/><D27/><U128/><E128/><V87/><F68/><W39/><G64/><T97/><D14/><U77/><E59/><N who="0" m="22569" /><D65/><U135/><E135/><V110/><F110/><W50/><G29/><T109/><D109/><U66/><E66/><V30/><F30/><W91/><G2/><T7/><D7/><U72/><E72/><V42/><F42/><W31/><G4/><T13/><D15/><U126/><E126/><V70/><F70/><W33/><G28/><T71/><D71/><U80/><E80/><V22/><F115/><W67/><G67/><T104/><D104/><N who="1" m="39979" /><E100/><V130/><F1/><W82/><G82/><T43/><D43/><U11/><E11/><V16/><F10/><W38/><G31/><T103/><D103/><U92/><E92/><V124/><F130/><W73/><G73/><T85/><D85/><U76/><E76/><V25/><F87/><N who="3" m="52735" /><G34/><T41/><D41/><U47/><E47/><AGARI ba="0,0" hai="9,13,18,47,48,53,93,96,97,98,102" m="22569" machi="47" ten="30,7700,0" yaku="8,1,52,3" doraHai="94" who="0" fromWho="1" sc="455,77,168,-77,182,0,195,0" /><INIT seed="6,0,0,3,0,132" ten="532,91,182,195" oya="2" hai0="53,95,110,90,107,70,29,57,19,82,24,46,109" hai1="112,17,113,47,102,1,124,101,69,62,59,135,128" hai2="12,117,99,13,88,78,84,27,67,38,36,15,2" hai3="131,89,71,54,39,26,18,83,74,9,81,7,5"/><V25/><F117/><W118/><G118/><T28/><D70/><U119/><E1/><V94/><F2/><W48/><G39/><T108/><D107/><U11/><E135/><V52/><F67/><W92/><G71/><T105/><D105/><U87/><E119/><V103/><F38/><W34/><G131/><T43/><D82/><U115/><E128/><V91/><F36/><W37/><G37/><T32/><D28/><U73/><E73/><V41/><F41/><W106/><G106/><T21/><D46/><U93/><E69/><V130/><F130/><W0/><G74/><T50/><D43/><U22/><E11/><V33/><F33/><W129/><G7/><T133/><D133/><U30/><E47/><V104/><F78/><W134/><G134/><T96/><D110/><U44/><E44/><V98/><REACH who="2" step="1"/><F52/><REACH who="2" ten="532,91,172,195" step="2"/><W66/><G66/><T8/><D32/><U61/><E30/><V55/><F55/><W42/><G54/><T86/><D108/><U127/><E59/><V122/><F122/><W64/><G64/><T63/><D109/><U40/><E40/><V58/><F58/><W126/><G34/><T100/><D50/><U120/><E120/><V51/><F51/><W80/><G129/><T23/><D53/><U68/><E68/><V35/><F35/><W45/><G42/><T121/><D57/><U75/><E62/><V60/><F60/><W65/><G65/><T76/><D121/><U31/><E61/><V49/><F49/><W116/><G48/><T77/><D76/><U20/><E115/><V79/><F79/><W3/><G116/><RYUUKYOKU ba="0,1" sc="532,-10,91,-10,172,30,195,-10" hai2="12,13,15,25,27,84,88,91,94,98,99,103,104" /><INIT seed="6,1,1,3,5,37" ten="522,81,202,185" oya="2" hai0="54,22,63,30,62,84,108,51,106,28,2,36,38" hai1="14,76,81,33,123,9,29,119,4,32,1,83,87" hai2="45,15,64,118,7,91,47,101,90,107,52,68,46" hai3="16,20,73,17,77,21,134,97,44,11,112,128,78"/><V31/><F118/><W53/><G128/><T122/><D108/><U61/><E119/><V103/><F107/><W82/><G134/><T135/><D122/><U124/><E123/><V34/><F68/><W126/><G126/><T49/><D106/><U99/><E124/><V27/><F64/><W12/><G112/><T96/><D2/><U131/><E131/><V117/><F117/><W132/><G132/><T70/><D135/><U23/><E99/><V55/><F7/><W94/><G77/><T58/><D96/><U89/><E61/><V10/><F10/><W114/><G114/><T59/><D84/><U42/><E29/><V18/><F18/><W121/><G121/><T86/><D86/><U125/><E125/><V80/><F15/><W5/><G5/><T25/><D70/><U100/><E100/><V88/><REACH who="2" step="1"/><F80/><REACH who="2" ten="522,81,192,185" step="2"/><W113/><G113/><T130/><D130/><U72/><E14/><V69/><F69/><W120/><G120/><T115/><D115/><U104/><E104/><V8/><F8/><W43/><G17/><T74/><D30/><U129/><E129/><V79/><F79/><W13/><G13/><T75/><D28/><U26/><E26/><V19/><F19/><W102/><G53/><AGARI ba="1,2" hai="27,31,34,45,46,47,52,53,55,88,90,91,101,103" machi="53" ten="40,18000,2" yaku="1,1,54,2,53,3" doraHai="37" doraHaiUra="85" who="2" fromWho="3" sc="522,0,81,0,192,203,185,-183" /><INIT seed="6,2,0,3,1,15" ten="522,81,395,2" oya="2" hai0="43,127,58,121,108,107,105,11,99,98,14,64,68" hai1="93,4,24,115,134,32,110,27,59,120,130,2,70" hai2="78,33,22,9,106,82,20,23,25,119,135,67,102" hai3="3,75,40,118,39,44,46,111,34,112,71,16,128"/><V76/><F119/><W21/><RYUUKYOKU type="yao9" ba="2,0" sc="522,0,81,0,395,0,2,0" hai3="3,16,21,34,39,40,44,46,71,75,111,112,118,128" /><INIT seed="6,3,0,0,3,2" ten="522,81,395,2" oya="2" hai0="48,1,119,17,72,32,27,80,37,102,4,93,134" hai1="60,9,104,10,25,44,36,53,90,85,79,135,59" hai2="84,52,3,57,103,5,86,82,129,100,18,70,122" hai3="21,47,127,45,83,113,126,123,117,35,64,78,24"/><V65/><F122/><W13/><G117/><T30/><D37/><U106/><E79/><V12/><F129/><W73/><G123/><T120/><D119/><U43/><E135/><V20/><F70/><W108/><G108/><T111/><D134/><U66/><E25/><V49/><F65/><W7/><G113/><T75/><D111/><U88/><E90/><V61/><F61/><W112/><G112/><T33/><D120/><U55/><E10/><V71/><F71/><W63/><G35/><T133/><D133/><U130/><E130/><V87/><F3/><W110/><G110/><T107/><D107/><U105/><REACH who="1" step="1"/><E9/><REACH who="1" ten="522,71,395,2" step="2"/><N who="2" m="4143" /><F82/><AGARI ba="3,1" hai="36,43,44,53,55,59,60,66,82,85,88,104,105,106" machi="82" ten="40,5200,0" yaku="1,1,54,1,53,1" doraHai="2" doraHaiUra="38" who="1" fromWho="2" sc="522,0,71,71,395,-61,2,0" /><INIT seed="7,0,0,4,2,31" ten="522,142,334,2" oya="3" hai0="62,33,117,94,3,5,97,119,102,41,135,75,47" hai1="124,80,56,108,77,101,131,13,37,76,39,89,96" hai2="63,35,64,98,34,24,123,46,60,107,93,105,87" hai3="81,29,53,17,113,115,103,21,12,25,20,14,38"/><W23/><G38/><T79/><D135/><U69/><E69/><V83/><F123/><W99/><G81/><N who="0" m="45311" /><D62/><U36/><E124/><V18/><F18/><N who="3" m="10327" /><G53/><T2/><D2/><U112/><E56/><V6/><F6/><W28/><G99/><T66/><D66/><U125/><E125/><V51/><F107/><W110/><G103/><T88/><D102/><U78/><E101/><V19/><F105/><W42/><G42/><T129/><D33/><U50/><E50/><V84/><F84/><W70/><G70/><T127/><D127/><U122/><E96/><V61/><F64/><W71/><G71/><T95/><D95/><U44/><E44/><V30/><F19/><N who="3" m="10471" /><G110/><T7/><D7/><U126/><E89/><V111/><F111/><W40/><G40/><T8/><D129/><U57/><E80/><V73/><F73/><W4/><G4/><T0/><D0/><U43/><E43/><V130/><F130/><W52/><G52/><T16/><D16/><U68/><E68/><V106/><F106/><W116/><G116/><T72/><D72/><U134/><E131/><V65/><F65/><W109/><G109/><T54/><D54/><U27/><E108/><V67/><F67/><W9/><G9/><T82/><D82/><U1/><E39/><AGARI ba="0,0" hai="3,5,8,39,41,47,88,94,97,117,119" m="45311" machi="39" ten="30,2000,0" yaku="25,1,54,1" doraHai="31" who="0" fromWho="1" sc="522,20,142,-20,334,0,2,0" owari="542,65.0,122,-28.0,334,13.0,2,-50.0" /></mjloggm>