<mjloggm ver="2.3"><GO type="233" lobby="0"/><UN n0="%E5%A4%A7%E5%AE%AE%E5%BF%8D%76" n1="%67%69%6A%79%75%74%75" n2="%4D%6F%67%65%72%61" n3="%E3%82%A6%E3%83%AB%E3%83%88%E3%83%A9%E7%AB%8B%E7%9B%B4" dan="16,17,16,17" rate="2157.29,2204.31,2072.37,2189.03" sx="M,M,F,M"/><TAIKYOKU oya="0"/><INIT seed="0,0,0,1,4,53" ten="250,250,250,250" oya="0" hai0="43,29,15,45,84,7,82,48,19,22,87,1,127" hai1="96,11,0,114,37,86,68,38,10,135,69,30,133" hai2="20,66,50,117,112,54,98,62,12,125,33,89,105" hai3="100,13,115,101,77,116,92,134,85,31,124,122,58"/><T79/><D127/><U3/><E86/><V72/><F125/><W74/><G115/><T56/><D29/><U123/><E30/><V14/><F72/><W23/><G116/><T41/><D1/><U73/><E96/><V76/><F33/><W129/><G122/><T132/><D132/><U99/><E99/><V119/><F76/><W63/><G129/><T9/><D87/><U120/><REACH who="1" step="1"/><E73/><REACH who="1" ten="250,240,250,250" step="2"/><V4/><F98/><W35/><G74/><T57/><REACH who="0" step="1"/><D43/><REACH who="0" ten="240,240,250,250" step="2"/><U93/><E93/><V16/><F117/><W44/><G92/><T67/><D67/><U78/><E78/><V65/><F66/><W71/><G77/><T94/><D94/><U110/><E110/><V40/><F65/><W49/><G85/><T17/><D17/><U81/><E81/><V80/><F16/><W32/><G31/><T109/><D109/><U126/><E126/><V70/><F80/><W102/><G124/><T130/><D130/><U97/><E97/><V52/><F119/><W26/><G102/><T118/><D118/><U60/><E60/><V83/><F40/><W42/><G101/><T107/><D107/><U75/><E75/><V6/><F62/><W34/><G100/><T39/><D39/><U25/><E25/><V24/><F83/><W27/><G27/><T106/><D106/><U90/><E90/><V103/><F89/><W131/><G26/><T108/><D108/><U18/><E18/><V91/><F24/><W113/><G131/><T121/><D121/><U64/><E64/><V2/><F91/><W46/><G63/><T5/><D5/><U88/><E88/><RYUUKYOKU ba="0,2" sc="240,15,240,15,250,-15,250,-15" hai0="7,9,15,19,22,41,45,48,56,57,79,82,84" hai1="0,3,10,11,37,38,68,69,114,120,123,133,135" /><INIT seed="0,1,2,2,3,42" ten="255,255,235,235" oya="0" hai0="95,35,111,121,70,97,39,36,91,46,43,25,128" hai1="21,107,73,131,103,58,50,26,130,65,24,20,48" hai2="69,33,32,119,80,68,45,55,101,18,127,64,53" hai3="71,92,115,17,96,44,118,9,28,93,99,23,83"/><T59/><D121/><U62/><E73/><V113/><F119/><W106/><G71/><T90/><D70/><U41/><E103/><V15/><F113/><W61/><G106/><T8/><D128/><N who="1" m="49195" /><E107/><V122/><F122/><W126/><G115/><T82/><D111/><U22/><E41/><V134/><F64/><W67/><G126/><T47/><D8/><U0/><E0/><V105/><F105/><W84/><G118/><T78/><D90/><U49/><AGARI ba="1,2" hai="20,21,22,24,26,48,49,50,58,62,65" m="49195" machi="49" ten="40,1500,0" yaku="19,1" doraHai="42" who="1" fromWho="1" sc="255,-8,255,38,235,-5,235,-5" /><INIT seed="1,0,0,5,5,88" ten="247,293,230,230" oya="1" hai0="90,14,89,129,26,80,105,45,108,9,3,104,18" hai1="97,93,84,53,135,8,107,66,6,59,111,20,75" hai2="47,16,54,28,100,2,74,35,15,64,43,102,134" hai3="117,58,55,99,24,126,11,86,38,127,51,95,1"/><U30/><E75/><V81/><F2/><W36/><G117/><T17/><D3/><U79/><E107/><V116/><F116/><W31/><G86/><T109/><D45/><U114/><E114/><V37/><F64/><W13/><G1/><T49/><D49/><U123/><E123/><V124/><F124/><N who="3" m="47659" /><G13/><T122/><D129/><U82/><E135/><V96/><F54/><W10/><G38/><T120/><D26/><N who="1" m="16711" /><E111/><N who="0" m="42569" /><D18/><U76/><E66/><V48/><F28/><W56/><G56/><T44/><D44/><U73/><E73/><V125/><F125/><W41/><G36/><T46/><D46/><U131/><E131/><V12/><F37/><W5/><G5/><T34/><D34/><U4/><E76/><V61/><F47/><W25/><G41/><T19/><D19/><U63/><E8/><N who="3" m="3114" /><G31/><T106/><D80/><U91/><AGARI ba="0,0" hai="4,6,53,59,63,79,82,84,91,93,97" m="16711" machi="91" ten="30,3000,0" yaku="8,1,52,1" doraHai="88" who="1" fromWho="1" sc="247,-10,293,30,230,-10,230,-10" /><INIT seed="1,1,0,5,0,117" ten="237,323,220,220" oya="1" hai0="33,49,97,74,91,34,66,121,18,42,70,19,25" hai1="129,87,111,40,79,82,37,78,23,14,55,132,59" hai2="13,7,109,68,73,48,30,71,46,26,2,127,83" hai3="99,103,41,80,123,44,15,131,124,89,58,133,65"/><U10/><E129/><V81/><F109/><W122/><G131/><T12/><D74/><U105/><E105/><V36/><F127/><W106/><G124/><T0/><D0/><U69/><E69/><V35/><F81/><W118/><G118/><T84/><D97/><U108/><E23/><V85/><F13/><W95/><G133/><T101/><D101/><U52/><E132/><V130/><F130/><W21/><G80/><T94/><D66/><U4/><E78/><N who="2" m="44495" /><F85/><W75/><G75/><T120/><D70/><U67/><E67/><V27/><F48/><W56/><G15/><T24/><D24/><U17/><E4/><V93/><F93/><W38/><G21/><T31/><D34/><U115/><E115/><V32/><F27/><W51/><G58/><T96/><D96/><U39/><E55/><V60/><F60/><W16/><G16/><T92/><D92/><U54/><E54/><V104/><F104/><W29/><G29/><T100/><D100/><U119/><E119/><V57/><F57/><W135/><G135/><T63/><D63/><N who="1" m="36327" /><E40/><N who="2" m="22791" /><F35/><W86/><REACH who="3" step="1"/><G51/><REACH who="3" ten="237,323,220,210" step="2"/><T62/><D18/><U20/><E20/><V77/><F77/><W22/><G22/><T102/><D19/><U90/><E79/><V5/><F7/><W107/><G107/><T114/><D31/><U43/><E37/><V125/><F125/><W3/><G3/><T6/><D6/><U9/><E9/><AGARI ba="1,1" hai="2,5,9,26,30,32,68,71" m="22791,44495" machi="9" ten="30,3900,0" yaku="25,1,33,2" doraHai="117" who="2" fromWho="1" sc="237,0,323,-42,220,52,210,0" /><INIT seed="2,0,0,2,3,114" ten="237,281,272,210" oya="2" hai0="84,27,117,23,107,116,86,45,5,22,119,43,132" hai1="74,26,131,127,113,104,130,12,15,96,61,91,21" hai2="36,13,39,25,99,56,93,105,88,9,65,72,52" hai3="58,38,48,8,100,77,18,87,54,115,49,64,121"/><V60/><F72/><W82/><G38/><N who="0" m="21751" /><D132/><U89/><E74/><V51/><F25/><W68/><G121/><T69/><D69/><U3/><E3/><V94/><F105/><W42/><G115/><T66/><D66/><U111/><E113/><V129/><F93/><W10/><G100/><T34/><D107/><U133/><E133/><V40/><F40/><W83/><G68/><T122/><D122/><U95/><E104/><V71/><REACH who="2" step="1"/><F129/><REACH who="2" ten="237,281,262,210" step="2"/><W70/><G42/><T125/><D125/><U67/><E127/><V63/><F63/><W7/><G82/><T73/><D73/><U28/><E131/><V118/><F118/><W126/><G83/><T75/><D75/><U20/><E130/><V62/><F62/><W109/><G126/><T2/><D34/><U103/><E61/><V35/><F35/><W1/><G109/><T92/><D92/><U101/><E111/><V134/><F134/><W30/><G49/><T47/><D27/><U59/><E26/><V124/><F124/><W53/><G48/><T120/><D120/><U32/><E95/><V37/><F37/><W57/><G87/><N who="0" m="33323" /><D47/><U11/><E32/><V123/><F123/><W108/><G108/><T79/><D79/><U112/><E112/><V46/><F46/><W106/><G77/><T44/><D44/><U4/><E96/><V19/><AGARI ba="0,1" hai="9,13,19,36,39,51,52,56,60,65,71,88,94,99" machi="19" ten="20,12000,1" yaku="1,1,0,1,7,1,54,2,53,0" doraHai="114" doraHaiUra="81" who="2" fromWho="2" sc="237,-40,281,-40,262,130,210,-40" /><INIT seed="2,1,0,3,0,101" ten="197,241,392,170" oya="2" hai0="3,43,8,23,51,9,71,2,68,78,49,30,73" hai1="40,83,99,133,5,127,29,59,21,67,85,11,89" hai2="56,82,7,4,80,13,113,110,26,116,10,93,87" hai3="111,53,60,6,64,14,38,61,96,41,15,120,58"/><V131/><F113/><W65/><G120/><T22/><D78/><U36/><E133/><V52/><F116/><W42/><G111/><T16/><D43/><U31/><E127/><V39/><F39/><W55/><G96/><T28/><REACH who="0" step="1"/><D73/><REACH who="0" ten="187,241,392,170" step="2"/><U98/><E40/><V86/><F110/><W117/><G38/><T91/><D91/><U94/><E36/><V106/><F131/><W105/><G117/><T104/><D104/><U20/><E99/><V135/><F106/><W123/><G105/><T69/><D69/><U90/><E90/><V44/><F135/><W102/><G42/><T54/><D54/><U0/><E89/><V27/><F52/><W34/><G41/><T62/><D62/><U79/><E98/><V81/><F82/><W70/><G55/><T76/><D76/><U128/><E79/><V63/><F81/><W126/><G53/><T125/><D125/><U45/><E83/><V25/><F80/><W112/><G126/><T97/><D97/><U103/><E128/><V75/><F75/><W107/><G61/><T24/><D24/><U33/><E67/><V37/><F25/><W74/><G65/><T35/><D35/><U47/><E103/><V12/><F26/><W18/><G34/><T66/><D66/><U95/><E33/><V109/><F27/><W100/><G70/><T1/><D1/><U129/><E0/><V124/><F37/><W72/><G74/><T48/><D48/><U118/><E129/><V121/><F124/><W130/><G72/><T119/><D119/><U57/><E118/><V77/><F109/><W84/><G130/><RYUUKYOKU ba="1,1" sc="187,30,241,-10,392,-10,170,-10" hai0="2,3,8,9,16,22,23,28,30,49,51,68,71" /><INIT seed="3,2,1,4,4,78" ten="217,231,382,160" oya="3" hai0="127,98,62,7,118,73,36,13,10,109,25,96,2" hai1="4,67,68,134,119,126,24,124,29,89,72,133,120" hai2="79,70,34,40,104,58,114,108,85,22,38,81,63" hai3="57,35,3,110,31,41,45,18,19,125,33,52,111"/><W97/><G3/><T23/><D118/><U91/><E67/><V39/><F108/><N who="3" m="41515" /><G125/><N who="1" m="48234" /><E68/><V26/><F70/><W1/><G1/><T16/><D127/><U82/><E4/><V77/><F34/><N who="3" m="12811" /><G97/><T20/><D109/><U0/><E0/><V128/><F128/><W100/><G100/><T51/><D36/><U99/><E120/><V86/><F104/><W56/><G31/><T121/><D121/><U15/><E15/><V43/><F39/><N who="3" m="21695" /><G57/><T80/><D98/><U105/><E29/><V95/><F38/><W103/><G103/><T9/><D96/><U87/><E24/><V135/><F58/><W116/><G116/><T71/><D25/><U44/><E44/><V112/><F26/><W130/><G130/><T28/><D28/><U66/><E119/><V55/><F112/><W54/><G54/><T32/><D32/><U115/><E115/><V53/><F55/><W60/><AGARI ba="2,1" hai="18,19,52,56,60" m="21695,12811,41515" machi="60" ten="30,6000,0" yaku="14,1,10,1,54,1" doraHai="78" who="3" fromWho="3" sc="217,-22,231,-22,382,-22,160,76" /><INIT seed="3,3,0,3,4,55" ten="195,209,360,236" oya="3" hai0="48,119,107,15,49,25,29,32,95,103,81,67,72" hai1="80,118,10,90,123,40,71,37,130,106,89,61,12" hai2="84,63,124,73,11,24,3,33,113,58,108,116,122" hai3="66,121,83,135,16,128,96,31,43,13,110,99,91"/><W8/><G121/><T65/><D119/><U17/><E123/><V19/><F122/><W97/><G128/><T82/><D107/><U104/><E130/><V127/><F116/><W93/><G135/><T30/><D15/><U86/><E118/><V132/><F108/><W85/><G110/><T41/><D72/><U38/><E38/><V74/><F132/><W117/><G117/><T92/><D32/><U36/><E36/><V14/><F84/><W62/><G43/><T87/><D87/><U101/><E101/><V134/><F134/><W2/><G31/><T27/><D41/><U21/><E90/><V126/><F113/><W22/><G2/><T133/><D133/><U54/><E37/><V115/><F115/><W105/><G105/><T125/><REACH who="0" step="1"/><D103/><REACH who="0" ten="185,209,360,236" step="2"/><U44/><E40/><V9/><F33/><W78/><REACH who="3" step="1"/><G8/><REACH who="3" ten="185,209,360,226" step="2"/><T131/><D131/><U7/><E106/><V35/><F11/><W76/><G76/><T18/><D18/><U0/><E104/><V42/><F42/><W45/><G45/><T60/><D60/><U26/><E44/><V59/><F9/><W79/><G79/><T112/><D112/><U56/><REACH who="1" step="1"/><E71/><AGARI ba="3,2" hai="13,16,22,62,66,71,78,83,85,91,93,96,97,99" machi="71" ten="30,5800,0" yaku="1,1,7,1,54,1,53,0" doraHai="55" doraHaiUra="114" who="3" fromWho="1" sc="185,0,209,-67,360,0,226,87" /><INIT seed="3,4,0,0,5,103" ten="185,142,360,313" oya="3" hai0="30,1,72,84,77,90,110,31,132,3,20,74,83" hai1="11,50,39,134,69,71,46,85,100,79,58,7,15" hai2="16,10,35,21,33,38,63,6,32,78,97,123,29" hai3="8,76,19,73,5,122,36,67,60,24,9,68,127"/><W111/><G122/><T86/><D110/><U124/><E134/><V106/><F38/><W130/><G111/><T129/><D132/><U23/><E124/><V118/><F123/><W107/><G127/><T61/><D61/><U75/><E75/><V59/><F118/><W4/><G130/><T55/><D129/><U42/><E100/><V26/><F78/><W18/><G36/><T14/><D3/><U17/><E39/><V92/><F106/><W65/><G73/><T43/><D1/><U121/><E121/><V101/><F10/><W66/><G76/><T104/><D104/><U52/><E79/><V62/><F6/><W12/><G107/><T80/><D43/><U13/><REACH who="1" step="1"/><E85/><REACH who="1" ten="185,132,360,313" step="2"/><V82/><F82/><W87/><G87/><T98/><D74/><U89/><E89/><V57/><F101/><W64/><REACH who="3" step="1"/><G24/><REACH who="3" ten="185,132,360,303" step="2"/><T120/><D72/><U108/><E108/><V48/><F26/><W114/><G114/><T117/><D120/><U53/><E53/><V125/><F125/><W22/><G22/><T94/><D55/><U81/><E81/><V105/><F21/><W91/><G91/><N who="0" m="55647" /><D117/><U47/><E47/><V44/><F44/><W116/><G116/><T133/><D133/><U70/><E70/><V49/><F32/><W88/><G88/><T112/><D112/><U135/><E135/><V96/><F33/><W40/><G40/><T102/><D102/><U99/><E99/><V41/><F96/><W93/><G93/><T95/><D95/><U37/><AGARI ba="4,2" hai="7,11,13,15,17,23,37,42,46,50,52,58,69,71" machi="37" ten="20,8000,1" yaku="1,1,0,1,7,1,54,1,53,1" doraHai="103" doraHaiUra="0" who="1" fromWho="1" sc="185,-24,132,112,360,-24,303,-44" /><INIT seed="4,0,0,1,4,41" ten="161,244,336,259" oya="0" hai0="35,66,40,92,62,53,90,44,126,30,58,89,128" hai1="96,132,88,37,5,51,98,110,87,131,50,11,49" hai2="24,39,111,31,15,43,25,54,77,130,124,112,113" hai3="125,73,61,71,47,6,28,74,134,0,38,48,45"/><T103/><D128/><U120/><E120/><V68/><F111/><W56/><G28/><T65/><D126/><U36/><E110/><V70/><F77/><W32/><G32/><T102/><D35/><U3/><E131/><V55/><F124/><W23/><G0/><T122/><D122/><U33/><E33/><V95/><F130/><W8/><G23/><T7/><D7/><U119/><E119/><V118/><F15/><W57/><G8/><T20/><D66/><U106/><E132/><V34/><F95/><W129/><G6/><T78/><D78/><U60/><E60/><V16/><F118/><W117/><G125/><T1/><D1/><U116/><E116/><V10/><F10/><W52/><G117/><T42/><D53/><U67/><E67/><V18/><F34/><W94/><G94/><T93/><D93/><U81/><REACH who="1" step="1"/><E106/><REACH who="1" ten="161,234,336,259" step="2"/><V26/><F112/><W4/><G129/><T2/><D2/><U83/><E83/><V86/><F113/><W46/><G134/><T76/><D76/><U115/><E115/><V12/><F31/><W123/><G123/><T104/><D104/><U79/><E79/><V121/><F121/><W82/><G82/><T133/><D133/><U127/><E127/><V19/><F70/><W109/><G71/><T9/><D65/><U99/><AGARI ba="0,1" hai="3,5,11,36,37,49,50,51,81,87,88,96,98,99" machi="99" ten="30,4000,0" yaku="1,1,0,1,54,1,53,0" doraHai="41" doraHaiUra="135" who="1" fromWho="1" sc="161,-20,234,50,336,-10,259,-10" /><INIT seed="5,0,0,0,2,14" ten="141,284,326,249" oya="1" hai0="131,12,102,49,89,124,116,92,48,123,33,24,42" hai1="20,58,129,72,23,85,13,0,113,90,34,22,74" hai2="21,15,120,10,91,64,109,25,94,115,29,97,27" hai3="132,9,36,87,57,118,122,103,61,2,35,41,80"/><U66/><E0/><V8/><F109/><W81/><G122/><T105/><D116/><U53/><E34/><V104/><F120/><W86/><G35/><T119/><D119/><U1/><E1/><V130/><F130/><W101/><G132/><T83/><D123/><U16/><E129/><V88/><F115/><W50/><G36/><T32/><D131/><U26/><E113/><V28/><F104/><W135/><G135/><T67/><D124/><U128/><E66/><V43/><F64/><W84/><G118/><T45/><D105/><U19/><E22/><N who="2" m="15415" /><F43/><W126/><G126/><T63/><D49/><U46/><E46/><V82/><F15/><W73/><G73/><T60/><D60/><U69/><E69/><V99/><F82/><W18/><G2/><T55/><D42/><U98/><E98/><V62/><F62/><W68/><G68/><T78/><D102/><U51/><E128/><V93/><AGARI ba="0,0" hai="8,10,21,27,29,88,91,93,94,97,99" m="15415" machi="93" ten="30,2000,0" yaku="8,1,54,1" doraHai="14" who="2" fromWho="2" sc="141,-5,284,-10,326,20,249,-5" /><INIT seed="6,0,0,0,4,21" ten="136,274,346,244" oya="2" hai0="108,125,23,46,57,99,59,7,51,22,86,45,67" hai1="12,31,119,129,85,94,111,87,52,124,101,0,96" hai2="122,53,84,48,44,88,104,50,38,27,77,65,112" hai3="135,73,63,42,58,106,54,64,17,40,130,110,24"/><V89/><F104/><W35/><G110/><T4/><D108/><U117/><E0/><V118/><F122/><W74/><G106/><T114/><D114/><U92/><E111/><V20/><F38/><W71/><G130/><T60/><D125/><U93/><E31/><V56/><F118/><N who="1" m="45065" /><E12/><V134/><F134/><W95/><G135/><T8/><D59/><U123/><E52/><N who="2" m="29703" /><F65/><W37/><G42/><T83/><D46/><U66/><E66/><V79/><F112/><W109/><G109/><T14/><D99/><N who="1" m="59623" /><E124/><V102/><F102/><W18/><G40/><T126/><D4/><U41/><E41/><V43/><F43/><W90/><G37/><T47/><D126/><U120/><E129/><V78/><F84/><N who="1" m="32329" /><E93/><V9/><F9/><W13/><G64/><T34/><D34/><U33/><E33/><V132/><F132/><W103/><G71/><T62/><D62/><U5/><E5/><V113/><F113/><W1/><G1/><T80/><D80/><U55/><E55/><V121/><F121/><W3/><G3/><T19/><D51/><U105/><E105/><V133/><F133/><W15/><G35/><T32/><D32/><U91/><AGARI ba="0,0" hai="91,94,96,120,123" m="32329,59623,45065" machi="91" ten="30,2000,0" yaku="34,2" doraHai="21" who="1" fromWho="1" sc="136,-5,274,20,346,-10,244,-5" /><INIT seed="7,0,0,2,0,118" ten="131,294,336,239" oya="3" hai0="5,19,83,30,53,10,62,114,6,23,64,15,41" hai1="14,70,27,42,129,56,106,125,52,73,132,71,25" hai2="117,22,126,39,85,54,36,122,20,12,105,57,49" hai3="88,128,79,134,7,45,80,17,124,33,99,94,72"/><W8/><G33/><T24/><D41/><U111/><E111/><V65/><F105/><W89/><G124/><T38/><D38/><U50/><E73/><V77/><F126/><W127/><G127/><T120/><D120/><U121/><E125/><V78/><F122/><W9/><G128/><T101/><D83/><U74/><E121/><V96/><F117/><W3/><G134/><T1/><D53/><U92/><E106/><V67/><F96/><W34/><G34/><T66/><D66/><U51/><E74/><V130/><F130/><W93/><G45/><T123/><D123/><U91/><E129/><V60/><F39/><W16/><G9/><T55/><D55/><U110/><E70/><V47/><F36/><W131/><G131/><T104/><D104/><U84/><E71/><V44/><F65/><W112/><G112/><T98/><D114/><U68/><E68/><V21/><F47/><W97/><AGARI ba="0,0" hai="3,7,8,16,17,72,79,80,88,89,93,94,97,99" machi="97" ten="20,12000,1" yaku="0,1,7,1,9,1,54,2" doraHai="118" who="3" fromWho="3" sc="131,-40,294,-40,336,-40,239,120" owari="91,-41.0,254,-15.0,296,10.0,359,46.0" /></mjloggm>