<mjloggm ver="2.3"><GO type="41" lobby="0"/><UN n0="%40%2F%40" n1="%4C%53%E9%99%BD" n2="%E5%B0%B1%E6%B4%BB%E7%94%9F%40%E5%B7%9D%E6%9D%91%E8%BB%8D%E5%9B%A3" n3="%6A%69%74%61%6E" dan="15,14,15,13" rate="1922.96,1918.21,2009.42,1918.03" sx="M,M,M,M"/><TAIKYOKU oya="0"/><INIT seed="0,0,0,4,5,42" ten="250,250,250,250" oya="0" hai0="46,71,94,28,8,44,40,66,133,86,127,93,123" hai1="61,10,49,56,81,112,116,109,121,52,3,83,9" hai2="29,126,17,21,114,32,107,25,5,102,48,130,12" hai3="135,2,27,51,129,43,41,47,87,58,111,101,57"/><T115/><D123/><U75/><E109/><V90/><F114/><W30/><G111/><T23/><D115/><U54/><E116/><V31/><F130/><W24/><G129/><T55/><D127/><U13/><E112/><V110/><F126/><W36/><G2/><T134/><D8/><U39/><E39/><V63/><F110/><W85/><G135/><N who="0" m="51723" /><D40/><U131/><E121/><V98/><F63/><W89/><G101/><T1/><D1/><U91/><E131/><V120/><F120/><W11/><G11/><T60/><D55/><U72/><E3/><V125/><F125/><W38/><G51/><T34/><D34/><U73/><E9/><V53/><F90/><W97/><G97/><T122/><D122/><U119/><E91/><V117/><F117/><W78/><G78/><T100/><D100/><U15/><E15/><V35/><F29/><W113/><G113/><T104/><D104/><U69/><E119/><V18/><F5/><W77/><G77/><T103/><D86/><U76/><E83/><V106/><F18/><W65/><G65/><T88/><D88/><U128/><E128/><V74/><F74/><W33/><G24/><N who="0" m="16415" /><D103/><U96/><E96/><V99/><F99/><W6/><G6/><T92/><AGARI ba="0,0" hai="44,46,60,66,71,92,93,94" m="16415,51723" machi="92" ten="30,6000,0" yaku="20,1,52,2" doraHai="42" who="0" fromWho="0" sc="250,60,250,-20,250,-20,250,-20" /><INIT seed="0,1,0,1,3,71" ten="310,230,230,230" oya="0" hai0="48,58,74,27,64,42,135,35,86,69,120,45,129" hai1="124,134,80,88,127,77,125,118,110,79,47,4,51" hai2="121,114,70,104,43,36,133,53,92,62,49,52,30" hai3="108,83,90,6,72,122,94,63,31,3,5,34,128"/><T13/><D74/><U81/><E118/><V123/><F104/><W66/><G122/><N who="2" m="46601" /><F30/><W111/><G128/><T33/><D120/><U89/><E4/><V25/><F25/><W54/><G54/><N who="2" m="21097" /><F92/><W78/><G90/><N who="1" m="34922" /><E110/><V113/><F133/><W32/><G94/><T119/><D69/><U29/><E29/><V19/><F19/><W100/><G100/><T132/><D119/><U85/><E134/><N who="0" m="51241" /><D129/><U59/><E59/><V57/><F70/><N who="3" m="42335" /><G31/><T9/><D27/><U17/><E17/><V76/><F76/><N who="1" m="29257" /><E85/><V93/><F93/><W24/><G24/><T117/><D86/><U106/><E106/><V16/><F16/><W98/><G98/><T112/><D117/><U60/><E60/><V23/><F23/><W75/><G75/><T131/><D131/><U95/><E95/><V115/><F49/><W96/><G96/><T105/><D105/><U82/><E51/><V101/><F101/><W50/><G50/><T22/><D22/><U2/><E2/><V8/><F8/><N who="3" m="2111" /><G6/><N who="0" m="3255" /><D112/><U18/><E18/><V99/><F99/><W109/><AGARI ba="1,0" hai="32,34,72,78,83,108,109,111" m="2111,42335" machi="109" ten="30,2000,0" yaku="14,1,23,1" doraHai="71" who="3" fromWho="3" sc="310,-11,230,-6,230,-6,230,23" /><INIT seed="1,0,0,0,1,60" ten="299,224,224,253" oya="1" hai0="71,59,56,118,89,122,126,110,8,22,103,79,18" hai1="125,54,10,44,69,106,107,99,19,93,84,91,72" hai2="88,121,127,74,55,33,112,102,34,73,46,128,123" hai3="27,23,12,63,104,124,108,92,26,1,35,64,36"/><U101/><E69/><V47/><F102/><W87/><G1/><T132/><D71/><U61/><E125/><V53/><F127/><W67/><G104/><T42/><D42/><U45/><E72/><V68/><F68/><W90/><G124/><T120/><D103/><U0/><E0/><V49/><F128/><W38/><G108/><T11/><D89/><U111/><E111/><V21/><F21/><W29/><G12/><T75/><D79/><U5/><E5/><V40/><F112/><W48/><G48/><T135/><D75/><U41/><E107/><V4/><F4/><W85/><G85/><T117/><D110/><U105/><E105/><V51/><REACH who="2" step="1"/><F88/><REACH who="2" ten="299,224,214,253" step="2"/><W3/><G3/><T77/><D126/><U129/><E129/><V20/><F20/><W17/><G67/><T2/><D77/><U80/><E106/><V25/><F25/><W94/><G92/><T24/><D56/><AGARI ba="0,1" hai="17,23,26,27,29,35,36,38,56,63,64,87,90,94" machi="56" ten="30,2000,0" yaku="7,1,52,1" doraHai="60" who="3" fromWho="0" sc="299,-20,224,0,214,0,253,30" /><INIT seed="2,0,0,2,2,26" ten="279,224,214,283" oya="2" hai0="30,135,50,78,24,18,29,47,3,74,59,126,13" hai1="117,107,14,77,38,22,27,9,66,34,97,73,37" hai2="54,81,49,111,64,25,19,71,8,112,105,11,68" hai3="108,82,46,7,23,95,120,99,43,42,61,125,83"/><V96/><F112/><W44/><G120/><T115/><D3/><U55/><E117/><V133/><F133/><W75/><G108/><T94/><D115/><U67/><E34/><V1/><F111/><W109/><G125/><T51/><D59/><U28/><E55/><V102/><F81/><W91/><G109/><T85/><D74/><U16/><E38/><V60/><F1/><W90/><G7/><T35/><D126/><U124/><E124/><V132/><F132/><W121/><G121/><T70/><D70/><U110/><E110/><V103/><F103/><W119/><G119/><T33/><D135/><U86/><E73/><V57/><F11/><W12/><G61/><T69/><D69/><U4/><E37/><V88/><F68/><W104/><G104/><T129/><D129/><U93/><E107/><V101/><F105/><W127/><G90/><T123/><D123/><U21/><E77/><V5/><F5/><W84/><G75/><T31/><D35/><U36/><E86/><V48/><F48/><W52/><G52/><T65/><D65/><U76/><E76/><V62/><F49/><W87/><G87/><T53/><D51/><U39/><E36/><V15/><REACH who="2" step="1"/><F25/><REACH who="2" ten="279,224,204,283" step="2"/><W32/><G82/><T72/><D72/><U113/><E39/><V63/><F63/><W106/><G106/><T118/><D118/><U116/><E116/><V58/><F58/><W100/><G127/><T130/><D130/><U122/><E113/><V0/><F0/><W20/><G44/><T2/><D47/><U134/><E122/><V41/><F41/><W114/><G46/><RYUUKYOKU ba="0,1" sc="279,-10,224,-10,204,30,283,-10" hai2="8,15,19,54,57,60,62,64,71,88,96,101,102" /><INIT seed="2,1,1,3,5,88" ten="269,214,234,273" oya="2" hai0="77,117,15,28,25,19,54,37,31,80,12,14,6" hai1="134,75,93,123,104,23,79,49,83,64,133,27,125" hai2="111,68,114,35,113,39,85,71,46,24,33,102,7" hai3="56,122,87,13,42,0,84,128,135,105,8,44,43"/><V70/><F7/><W103/><G122/><T9/><D37/><U22/><E123/><V61/><F111/><W4/><G135/><N who="1" m="51722" /><E125/><V20/><F61/><W119/><G128/><T63/><D117/><U55/><E104/><V129/><F129/><W91/><G119/><T58/><D31/><U89/><E64/><V86/><F102/><W57/><G42/><T96/><D96/><N who="1" m="57391" /><E27/><V82/><F39/><W132/><G84/><T2/><D80/><U72/><E72/><V62/><F62/><W76/><G0/><T16/><REACH who="0" step="1"/><D77/><REACH who="0" ten="259,214,234,273" step="2"/><U95/><E95/><V60/><F113/><W130/><G132/><T18/><D18/><U29/><E29/><V10/><F114/><W73/><G130/><T30/><D30/><U100/><E100/><V131/><F85/><W107/><G73/><T121/><D121/><U5/><E5/><V92/><F82/><W47/><G76/><T126/><D126/><U11/><E11/><V36/><F35/><AGARI ba="1,2" hai="2,6,9,12,14,15,16,19,25,28,35,54,58,63" machi="35" ten="40,2600,0" yaku="1,1,54,1,53,0" doraHai="88" doraHaiUra="106" who="0" fromWho="2" sc="259,49,214,0,234,-29,273,0" /><INIT seed="3,0,0,2,3,11" ten="308,214,205,273" oya="3" hai0="26,27,93,53,5,47,100,134,74,119,38,70,20" hai1="127,132,120,118,62,123,81,112,22,32,73,71,48" hai2="76,131,63,58,126,65,108,128,13,49,86,77,80" hai3="42,16,90,124,23,87,36,105,46,43,97,79,66"/><W75/><G124/><T6/><D70/><U3/><RYUUKYOKU type="yao9" ba="0,0" sc="308,0,214,0,205,0,273,0" hai1="3,22,32,48,62,71,73,81,112,118,120,123,127,132" /><INIT seed="3,1,0,4,1,16" ten="308,214,205,273" oya="3" hai0="104,124,55,4,108,26,96,30,110,85,20,52,115" hai1="117,14,47,107,74,53,51,95,45,126,89,94,17" hai2="100,60,10,57,64,113,131,39,97,6,102,18,86" hai3="78,66,5,36,32,119,41,76,28,3,15,133,50"/><W12/><G119/><T40/><D4/><U13/><E126/><V25/><F39/><W42/><G36/><T116/><D116/><U87/><E117/><V98/><F113/><W127/><G127/><T62/><D40/><U48/><E107/><V118/><F118/><W130/><G3/><T121/><D121/><U109/><E74/><V19/><F131/><W111/><G130/><T65/><D115/><U49/><E109/><N who="0" m="42089" /><D124/><U67/><E67/><V24/><F86/><W11/><G111/><T35/><D85/><U37/><E37/><V27/><F98/><W91/><G133/><T82/><D82/><N who="1" m="49399" /><E51/><V46/><F46/><W21/><G32/><T135/><D135/><U79/><E79/><N who="3" m="30250" /><G66/><T81/><D81/><U34/><E34/><V73/><F73/><W0/><G0/><T72/><D72/><U58/><E58/><V88/><F102/><W9/><G91/><T132/><D132/><U90/><E90/><V61/><F61/><W2/><G2/><T112/><D35/><U29/><E29/><V8/><F100/><W22/><G28/><T33/><D33/><U125/><E125/><V83/><F83/><W56/><G42/><T103/><D112/><U68/><E68/><AGARI ba="1,0" hai="20,26,30,52,55,62,65,68,96,103,104" m="42089" machi="68" ten="30,3900,0" yaku="14,1,52,1,54,1" doraHai="16" who="0" fromWho="1" sc="308,42,214,-42,205,0,273,0" /><INIT seed="4,0,0,0,0,75" ten="350,172,205,273" oya="0" hai0="71,1,65,79,36,74,12,55,91,14,45,88,97" hai1="84,135,113,130,13,125,124,41,120,64,94,108,29" hai2="51,28,58,30,103,96,42,83,53,104,123,6,57" hai3="15,77,11,81,86,26,117,47,5,62,24,19,112"/><T46/><D1/><U43/><E13/><V20/><F123/><W73/><G117/><T119/><D45/><U82/><E29/><V114/><F114/><W90/><G112/><T49/><D36/><U122/><E64/><V33/><F33/><W121/><G121/><N who="1" m="46698" /><E41/><V3/><F42/><W102/><G102/><T132/><D132/><U72/><E43/><V129/><F129/><W54/><G5/><T87/><D119/><U8/><E113/><V52/><F20/><W92/><G62/><T111/><D111/><U126/><E8/><V34/><F34/><W101/><G101/><T27/><D27/><U48/><E48/><V68/><F68/><W100/><G100/><T89/><D74/><U109/><E130/><V16/><F83/><W59/><G59/><T67/><D71/><U7/><E7/><V106/><F106/><W95/><G95/><T4/><D97/><U118/><E118/><V23/><F6/><W21/><G21/><T110/><D110/><U44/><E44/><V93/><F104/><W99/><REACH who="3" step="1"/><G73/><REACH who="3" ten="350,172,205,263" step="2"/><T63/><D63/><U10/><E109/><V66/><F3/><W76/><G76/><T107/><D107/><U9/><E108/><V60/><F66/><N who="0" m="25098" /><D4/><U116/><E116/><V38/><REACH who="2" step="1"/><F38/><REACH who="2" ten="350,172,195,263" step="2"/><W105/><G105/><T2/><D2/><U61/><E126/><V85/><F85/><W115/><G115/><T0/><D0/><U78/><E125/><V134/><F134/><W35/><G35/><T32/><D32/><U17/><E124/><V56/><F56/><W127/><G127/><T40/><D40/><U37/><E135/><RYUUKYOKU ba="0,2" sc="350,10,172,-30,195,10,263,10" hai0="12,14,46,49,55,79,87,88,89,91" hai2="16,23,28,30,51,52,53,57,58,60,93,96,103" hai3="11,15,19,24,26,47,54,77,81,86,90,92,99" /><INIT seed="4,1,2,4,1,117" ten="360,142,205,273" oya="0" hai0="21,71,73,74,96,135,95,76,62,61,46,114,41" hai1="9,93,6,12,109,77,25,51,97,88,20,4,49" hai2="19,108,112,91,59,5,83,110,94,3,58,103,86" hai3="65,107,28,130,7,126,30,128,32,66,26,101,134"/><T121/><D114/><U42/><E109/><V131/><F112/><W98/><G30/><T23/><D135/><U10/><E77/><V38/><F38/><W92/><G7/><T125/><D125/><U99/><E99/><V79/><F131/><N who="3" m="50219" /><G126/><T44/><D74/><U68/><E68/><V31/><F31/><W104/><G134/><T72/><D73/><U50/><E42/><V118/><F118/><W75/><G75/><T56/><D71/><U69/><E69/><V129/><F129/><W39/><G39/><T11/><D11/><U24/><REACH who="1" step="1"/><E20/><REACH who="1" ten="360,132,205,273" step="2"/><V8/><F103/><N who="3" m="60871" /><G107/><T53/><D23/><U36/><E36/><V80/><F110/><W17/><G104/><T14/><D21/><U78/><E78/><V35/><F108/><W85/><G101/><T106/><D76/><U111/><E111/><V13/><F35/><W43/><G43/><T63/><D72/><U48/><N who="1" m="12800" /><DORA hai="52" /><U18/><E18/><V0/><F83/><W132/><G132/><T34/><D34/><U120/><E120/><V22/><F3/><AGARI ba="1,3" hai="3,4,6,9,10,12,24,25,88,93,97" m="12800" machi="3" ten="50,3200,0" yaku="1,1,54,1,53,0" doraHai="117,52" doraHaiUra="105,82" who="1" fromWho="2" sc="360,0,132,65,205,-35,273,0" /><INIT seed="5,0,0,1,1,8" ten="360,197,170,273" oya="1" hai0="3,84,85,38,29,24,120,39,111,65,62,105,49" hai1="113,90,123,46,43,74,50,16,28,55,64,68,31" hai2="134,25,56,22,70,37,11,79,48,96,131,73,54" hai3="78,77,81,129,35,33,9,122,18,26,133,45,121"/><U27/><E123/><V63/><F131/><W116/><G129/><T102/><D3/><U58/><E74/><V101/><F134/><W36/><G133/><T10/><D10/><U125/><E125/><V2/><F37/><W114/><G78/><T107/><D49/><U60/><E113/><V83/><F2/><W127/><G127/><T42/><D111/><U12/><E90/><V52/><F11/><W128/><G128/><T14/><D107/><U41/><E27/><V34/><F34/><W32/><G114/><T98/><D14/><U86/><E86/><V112/><F112/><W67/><G67/><T30/><D30/><N who="1" m="11307" /><E68/><V20/><F25/><W82/><G116/><T99/><D99/><U135/><E135/><V91/><F91/><W124/><G124/><T104/><D104/><U5/><E5/><V95/><REACH who="2" step="1"/><F70/><REACH who="2" ten="360,197,160,273" step="2"/><W19/><G122/><T93/><D39/><U103/><E103/><V118/><F118/><W106/><G121/><T4/><D120/><U69/><E69/><V66/><F66/><W72/><G26/><T110/><D110/><U7/><E7/><V13/><F13/><W44/><G36/><T71/><D4/><U130/><E130/><V53/><F53/><W17/><G9/><AGARI ba="0,1" hai="9,12,16,41,43,46,50,55,58,60,64" m="11307" machi="9" ten="30,5800,0" yaku="8,1,52,1,54,1" doraHai="8" who="1" fromWho="3" sc="360,0,197,68,160,0,273,-58" /><INIT seed="5,1,0,3,4,18" ten="360,265,160,215" oya="1" hai0="27,103,58,130,12,101,19,8,3,90,20,121,69" hai1="105,116,60,41,132,108,23,14,113,33,126,0,129" hai2="131,64,40,112,79,80,26,125,7,10,43,47,31" hai3="120,25,106,83,114,117,127,98,74,34,1,63,89"/><U24/><RYUUKYOKU type="yao9" ba="1,0" sc="360,0,265,0,160,0,215,0" hai1="0,14,23,24,33,41,60,105,108,113,116,126,129,132" /><INIT seed="5,2,0,0,0,132" ten="360,265,160,215" oya="1" hai0="123,15,14,36,10,134,120,45,98,124,97,41,72" hai1="127,93,5,62,68,4,23,60,24,1,63,116,43" hai2="29,113,105,122,82,80,6,38,70,27,108,73,115" hai3="7,90,87,44,33,64,76,69,48,126,28,133,9"/><U18/><E116/><V39/><F108/><W89/><G133/><T110/><D134/><U78/><E127/><V107/><F6/><W25/><G69/><T30/><D110/><U61/><E43/><V129/><F122/><N who="0" m="46634" /><D72/><U131/><E131/><V56/><F56/><W125/><G64/><T77/><D77/><U49/><E78/><N who="2" m="44111" /><F70/><W58/><G58/><T99/><D124/><N who="3" m="47721" /><G76/><T55/><D55/><U8/><E5/><V102/><F129/><W2/><G87/><T34/><D10/><U75/><E75/><V79/><F38/><W66/><G66/><T88/><D88/><U100/><E49/><V114/><F39/><W21/><G33/><T92/><D92/><U96/><REACH who="1" step="1"/><E63/><REACH who="1" ten="360,255,160,215" step="2"/><V11/><F115/><W84/><G84/><T17/><D36/><U65/><AGARI ba="2,1" hai="1,4,8,18,23,24,60,61,62,65,68,93,96,100" machi="65" ten="30,6000,0" yaku="1,1,2,1,0,1,53,0" doraHai="132" doraHaiUra="121" who="1" fromWho="1" sc="360,-22,255,76,160,-22,215,-22" /><INIT seed="5,3,0,2,1,121" ten="338,331,138,193" oya="1" hai0="111,80,72,46,65,94,98,70,134,90,68,115,32" hai1="116,29,43,57,19,77,45,120,50,30,75,20,91" hai2="58,133,15,22,129,54,89,7,73,38,113,135,123" hai3="71,110,127,17,12,35,124,25,16,62,79,100,39"/><U114/><E116/><V101/><F73/><W5/><G39/><T18/><D32/><U107/><E120/><V109/><F38/><W44/><G79/><T69/><D134/><N who="2" m="51210" /><F101/><W106/><G44/><T23/><D115/><U34/><E114/><V95/><F123/><W21/><G100/><T131/><D131/><U86/><E107/><V97/><F113/><W93/><G106/><T85/><D46/><U36/><E34/><V122/><F122/><W99/><G71/><T63/><D111/><U9/><E9/><N who="2" m="4543" /><F22/><W92/><G62/><T125/><D72/><U27/><E75/><V49/><F129/><W84/><G35/><T14/><D125/><N who="3" m="48201" /><G5/><T1/><D1/><U2/><E77/><AGARI ba="3,0" hai="14,18,23,63,65,68,69,70,77,80,85,90,94,98" machi="77" ten="30,1000,0" yaku="7,1" doraHai="121" who="0" fromWho="1" sc="338,19,331,-19,138,0,193,0" /><INIT seed="6,0,0,1,5,53" ten="357,312,138,193" oya="2" hai0="8,66,81,60,109,105,73,61,67,100,28,127,36" hai1="12,6,57,49,122,132,15,43,84,113,97,37,31" hai2="86,99,50,59,23,118,98,78,29,35,0,123,82" hai3="34,1,64,62,46,134,119,77,110,116,71,54,20"/><V47/><F123/><W70/><G110/><T131/><D36/><U19/><E122/><V13/><F118/><W2/><G134/><T112/><D28/><U25/><E113/><V93/><F0/><W114/><G114/><T24/><D24/><U95/><E132/><V80/><F35/><W92/><G54/><T51/><D51/><U130/><E130/><V55/><F93/><W120/><G120/><T74/><D8/><N who="1" m="4119" /><E37/><V135/><F135/><W101/><G77/><T88/><D100/><U108/><E108/><V7/><F82/><W40/><G34/><T17/><D17/><U103/><E84/><V21/><F47/><W124/><G124/><T111/><D105/><U33/><E33/><V58/><F23/><W45/><G45/><T91/><D112/><U63/><E49/><V27/><REACH who="2" step="1"/><F59/><REACH who="2" ten="357,312,128,193" step="2"/><W52/><G119/><T69/><D81/><U87/><E57/><V10/><AGARI ba="0,1" hai="7,10,13,21,27,29,50,55,58,78,80,86,98,99" machi="10" ten="30,18000,2" yaku="1,1,2,1,0,1,8,1,52,1,53,1" doraHai="53" doraHaiUra="9" who="2" fromWho="2" sc="357,-60,312,-60,128,190,193,-60" /><INIT seed="6,1,0,1,2,16" ten="297,252,318,133" oya="2" hai0="85,98,10,2,121,119,116,32,113,103,22,49,46" hai1="37,128,72,58,89,44,114,59,90,56,63,115,6" hai2="1,127,134,41,71,75,94,57,8,27,110,78,83" hai3="21,0,4,45,43,76,39,99,101,67,132,135,47"/><V96/><F71/><W87/><G47/><T40/><D32/><U54/><E72/><V130/><F110/><W25/><G67/><T91/><D121/><U126/><E6/><V18/><F130/><W42/><G42/><T125/><D125/><U68/><E90/><V122/><F122/><W120/><G120/><T3/><D113/><N who="1" m="43019" /><E89/><V88/><F127/><W69/><G69/><T92/><D10/><U80/><E80/><V48/><F134/><W35/><G87/><T73/><D73/><U19/><E19/><V62/><F1/><W30/><G76/><T7/><D7/><U36/><E126/><V9/><F48/><W123/><G123/><T86/><D86/><U64/><E128/><V60/><F62/><W79/><G79/><T95/><REACH who="0" step="1"/><D22/><REACH who="0" ten="287,252,318,133" step="2"/><U5/><E5/><V33/><F33/><W93/><REACH who="3" step="1"/><G35/><REACH who="3" ten="287,252,318,123" step="2"/><T70/><D70/><U82/><E82/><V13/><F83/><W12/><G12/><T51/><D51/><AGARI ba="1,2" hai="36,37,44,51,54,56,58,59,63,64,68" m="43019" machi="51" ten="30,3900,0" yaku="15,1,34,2" doraHai="16" who="1" fromWho="0" sc="287,-42,252,62,318,0,123,0" /><INIT seed="7,0,0,3,1,82" ten="245,314,318,123" oya="3" hai0="130,132,41,109,67,13,127,5,93,73,61,87,126" hai1="0,43,116,122,86,19,44,92,59,42,113,31,51" hai2="60,46,35,50,4,28,69,102,101,134,37,99,45" hai3="6,111,17,65,23,112,9,20,29,40,90,79,39"/><W88/><G111/><T32/><D32/><U85/><E116/><V54/><F134/><W1/><G112/><T53/><D73/><U131/><E122/><V33/><F4/><W7/><G7/><T78/><D109/><U114/><E131/><V100/><F28/><W30/><G65/><T72/><D72/><U15/><E0/><V55/><F99/><W3/><G79/><T75/><D75/><U118/><E15/><V10/><F10/><W83/><G1/><T12/><D41/><N who="1" m="24975" /><E31/><V36/><F69/><W16/><G17/><T98/><D53/><N who="2" m="19978" /><F50/><W94/><G83/><T52/><D12/><U123/><E19/><V11/><F11/><W49/><G39/><N who="2" m="14921" /><F60/><W89/><G94/><T18/><D5/><U115/><E59/><V48/><F48/><W34/><G34/><AGARI ba="0,0" hai="33,34,35,45,46,100,101,102" m="14921,19978" machi="34" ten="40,2600,0" yaku="28,2" doraHai="82" who="2" fromWho="3" sc="245,0,314,0,318,26,123,-26" owari="245,-15.0,314,11.0,344,44.0,97,-40.0" /></mjloggm>