<mjloggm ver="2.3"><GO type="169" lobby="0"/><UN n0="%E4%B8%89%E9%BA%BB%E3%81%AF%EF%BD%8B%EF%BD%93%EF%BD%87" n1="%E3%82%A6%E3%83%AB%E3%83%88%E3%83%A9%E7%AB%8B%E7%9B%B4" n2="%E3%81%82%E3%81%B2%E3%82%8B%E3%81%95%E3%82%93" n3="%E6%96%B0%E4%B8%96%E7%95%8C%E3%81%AE%E7%B4%99" dan="17,17,16,17" rate="2096.51,2132.73,2074.93,2150.89" sx="M,M,M,M"/><TAIKYOKU oya="0"/><INIT seed="0,0,0,4,2,13" ten="250,250,250,250" oya="0" hai0="18,133,27,34,54,87,81,8,17,31,132,129,30" hai1="59,25,45,82,91,29,123,112,57,115,120,58,9" hai2="15,44,33,93,80,36,110,86,43,113,102,61,77" hai3="70,23,125,114,7,37,4,124,131,126,69,5,52"/><T88/><D31/><U14/><E45/><V71/><F33/><W109/><G114/><N who="1" m="43562" /><E91/><V106/><F106/><W67/><G109/><T64/><D64/><U42/><E82/><V35/><F35/><W127/><N who="3" m="31744" /><DORA hai="6" /><W20/><G37/><T107/><D107/><U46/><E46/><V50/><F36/><W78/><G131/><T94/><D129/><U63/><E42/><V53/><F43/><W1/><G1/><T56/><D81/><U104/><E63/><V55/><F61/><W28/><G78/><T3/><D3/><U121/><E104/><V32/><F32/><W41/><G41/><T90/><D90/><U51/><E51/><V89/><F71/><N who="3" m="27147" /><G28/><T79/><D79/><U76/><E76/><V38/><F38/><W39/><G39/><T83/><D83/><U12/><E29/><V100/><F80/><W97/><G67/><T60/><REACH who="0" step="1"/><D8/><REACH who="0" ten="240,250,250,250" step="2"/><U119/><E9/><V72/><F77/><W48/><G97/><T49/><D49/><U22/><E121/><V10/><F50/><W75/><G75/><T74/><D74/><U116/><E123/><V118/><F72/><W73/><G73/><T47/><D47/><AGARI ba="0,1" hai="4,5,7,20,23,47,48,52" m="27147,31744" machi="47" ten="60,3900,0" yaku="18,1,54,1" doraHai="13,6" who="3" fromWho="0" sc="240,-39,250,0,250,0,250,49" /><INIT seed="1,0,0,2,1,68" ten="201,250,250,299" oya="1" hai0="56,94,113,61,58,6,115,53,84,126,7,38,59" hai1="69,97,117,17,118,93,82,120,28,119,27,108,78" hai2="35,43,103,10,127,106,109,92,48,135,74,16,13" hai3="36,60,22,47,20,1,99,101,30,49,129,132,71"/><U104/><E69/><V112/><F74/><W128/><G1/><T107/><D107/><U26/><E120/><V95/><F35/><W18/><G30/><T134/><D134/><U110/><E17/><V102/><F109/><N who="1" m="42089" /><E28/><V4/><F127/><W77/><G77/><T37/><D126/><U72/><E104/><V25/><F135/><W76/><G76/><T131/><D131/><N who="3" m="50249" /><G36/><N who="0" m="13931" /><D84/><U87/><E87/><V130/><F106/><N who="3" m="63807" /><G132/><T31/><D31/><U57/><E57/><V15/><F112/><N who="0" m="43082" /><D94/><U33/><E33/><V89/><F95/><W86/><G86/><T8/><D8/><U62/><E62/><V121/><F10/><W75/><G75/><T44/><D61/><U100/><AGARI ba="0,0" hai="26,27,72,78,82,93,97,100,117,118,119" m="42089" machi="100" ten="40,3900,0" yaku="14,1,10,1" doraHai="68" who="1" fromWho="1" sc="201,-13,250,39,250,-13,299,-13" /><INIT seed="1,1,0,0,0,105" ten="188,289,237,286" oya="1" hai0="110,37,68,97,133,42,114,56,93,15,115,43,71" hai1="102,16,118,5,77,0,36,72,130,87,99,17,111" hai2="57,84,8,12,38,62,39,104,129,92,98,53,11" hai3="73,50,6,135,21,45,49,116,70,24,121,131,79"/><U18/><E118/><V107/><F129/><W122/><G131/><T10/><D110/><U85/><E36/><V66/><F107/><W96/><G116/><T127/><D127/><U41/><E41/><V69/><F104/><W128/><G128/><T95/><D56/><U76/><E130/><V48/><F84/><W90/><G70/><T51/><D51/><U23/><E111/><V31/><F31/><W113/><G113/><T14/><D10/><U119/><E119/><V1/><F1/><W60/><G60/><T112/><D97/><U27/><E5/><V13/><F8/><W40/><G6/><T44/><D133/><U55/><E0/><V34/><F34/><W61/><G61/><T35/><D35/><U132/><E55/><V101/><REACH who="2" step="1"/><F13/><REACH who="2" ten="188,289,227,286" step="2"/><W80/><G135/><T47/><D114/><U88/><E132/><V89/><F89/><W109/><G109/><T124/><D124/><U54/><E85/><V58/><F58/><W78/><G78/><T117/><D117/><U32/><E32/><V52/><F52/><W25/><G25/><T125/><D125/><U4/><E54/><V59/><F59/><W65/><G90/><T30/><D30/><N who="1" m="17791" /><E88/><V82/><F82/><W106/><G106/><T103/><D103/><U86/><E87/><V94/><F94/><W75/><G24/><T20/><D20/><U108/><E86/><V29/><F29/><W26/><G21/><T91/><D91/><U67/><E77/><V120/><F120/><W7/><G121/><T134/><D134/><U100/><E76/><V3/><F3/><W2/><G122/><RYUUKYOKU ba="1,1" sc="188,15,289,-15,227,15,286,-15" hai0="14,15,37,42,43,44,47,68,71,93,95,112,115" hai2="11,12,38,39,48,53,57,62,66,69,92,98,101" /><INIT seed="2,2,1,1,4,73" ten="203,274,242,271" oya="2" hai0="50,47,12,20,38,81,25,87,13,65,83,11,46" hai1="42,98,126,21,86,84,58,0,51,100,64,67,14" hai2="113,132,75,119,95,24,120,32,82,108,93,59,49" hai3="76,2,71,30,28,27,8,16,103,72,117,6,115"/><V97/><F113/><W66/><G117/><T125/><D125/><U96/><E0/><V90/><F120/><W85/><G72/><T18/><D65/><N who="1" m="25163" /><E126/><V133/><F119/><W37/><G37/><T104/><D104/><U94/><E98/><N who="2" m="57655" /><F32/><W54/><G103/><T68/><D68/><U102/><E102/><N who="2" m="60735" /><F24/><W114/><G66/><T135/><D135/><N who="2" m="51786" /><F59/><W29/><G71/><T118/><D118/><U3/><E3/><V10/><F49/><W43/><G43/><T26/><D38/><U7/><E58/><V55/><F10/><W35/><G54/><T129/><D83/><U62/><E62/><V101/><F55/><W78/><G85/><T74/><D74/><U131/><E51/><V19/><F19/><W109/><G109/><T79/><D129/><U124/><E131/><V80/><F101/><W36/><G36/><T60/><D60/><U130/><E130/><V9/><F9/><W61/><G61/><T69/><D69/><U40/><E124/><V41/><F41/><N who="1" m="15977" /><E7/><V106/><F106/><W70/><G70/><T88/><D50/><U111/><E111/><V116/><F116/><W48/><G48/><T45/><D26/><U23/><E23/><V121/><F108/><W57/><G57/><T31/><D13/><U99/><E21/><V15/><F15/><W107/><G107/><T105/><D105/><U52/><E14/><V77/><F82/><W92/><G35/><T33/><D33/><U89/><E52/><V44/><F44/><W5/><G5/><T34/><D34/><U17/><E17/><V127/><F127/><W1/><G6/><RYUUKYOKU ba="2,1" sc="203,10,274,10,242,10,271,-30" hai0="11,12,18,20,25,31,45,46,47,79,81,87,88" hai1="84,86,89,94,96,99,100" hai2="75,77,80,121" /><INIT seed="2,3,1,4,0,133" ten="213,284,252,241" oya="2" hai0="44,109,7,127,98,5,32,6,38,66,62,73,1" hai1="125,116,25,118,88,30,68,120,56,9,93,79,110" hai2="128,22,35,3,43,46,96,50,18,12,58,37,119" hai3="122,4,67,91,49,13,11,82,123,84,70,33,55"/><V36/><F119/><W100/><G33/><T105/><D109/><U103/><E68/><V111/><F3/><W64/><G100/><T8/><D127/><U124/><E110/><V15/><F35/><W78/><G70/><T80/><D32/><U63/><E79/><V132/><F111/><W21/><G122/><T126/><D126/><N who="1" m="48747" /><E103/><V74/><F74/><W87/><G21/><T97/><D97/><N who="1" m="57511" /><E9/><V10/><F132/><W19/><G123/><T71/><D98/><U101/><E101/><V86/><F128/><W28/><G28/><T114/><D105/><U77/><E77/><V135/><F135/><W102/><G102/><T59/><D71/><U75/><E75/><V108/><F108/><W92/><REACH who="3" step="1"/><G4/><REACH who="3" ten="213,284,252,231" step="2"/><T16/><D6/><U29/><E120/><V17/><F22/><W24/><G24/><T117/><D7/><U106/><E106/><V40/><F10/><W20/><G20/><T34/><D8/><U104/><E104/><V113/><F18/><W72/><G72/><T26/><D16/><U51/><E25/><V27/><F27/><W39/><G39/><T57/><D26/><U45/><E29/><V107/><F107/><W90/><G90/><T121/><D5/><U85/><E30/><V131/><F17/><W54/><G54/><T14/><D121/><U41/><E85/><V115/><F86/><W60/><G60/><T129/><D62/><U81/><E81/><V95/><F37/><W0/><G0/><T134/><D1/><U65/><AGARI ba="3,2" hai="41,45,51,56,63,65,116,118" m="57511,48747" machi="65" ten="30,8000,1" yaku="18,1,52,3,54,1" doraHai="133" who="1" fromWho="1" sc="213,-23,284,109,252,-43,231,-23" /><INIT seed="3,0,0,2,2,41" ten="190,393,209,208" oya="3" hai0="58,34,50,56,43,21,97,17,30,120,67,62,115" hai1="18,47,52,135,111,130,74,45,127,124,101,94,65" hai2="20,118,66,25,60,85,119,42,87,114,35,80,13" hai3="53,108,113,95,129,28,86,0,82,48,7,44,22"/><W132/><G113/><T72/><D72/><U59/><E74/><V19/><F114/><W131/><G132/><T24/><D115/><U98/><E135/><V16/><F87/><W117/><G117/><T11/><D120/><U9/><E65/><V36/><F35/><W125/><G125/><N who="1" m="48202" /><E111/><V134/><F134/><W121/><G121/><T96/><D11/><U106/><E106/><V12/><F25/><W100/><G108/><T38/><D38/><U1/><E130/><N who="3" m="49674" /><G7/><T5/><D5/><N who="1" m="1199" /><E18/><V26/><F119/><W57/><G0/><T128/><D128/><U112/><E112/><V103/><F118/><W77/><G28/><T123/><D123/><U109/><E109/><V37/><F19/><W93/><G100/><T89/><D30/><U71/><E71/><V126/><F103/><W91/><G22/><T39/><D39/><U14/><E14/><V68/><F37/><W40/><G77/><T83/><D34/><U54/><E54/><V76/><REACH who="2" step="1"/><F126/><REACH who="2" ten="190,393,199,208" step="2"/><W64/><G64/><N who="0" m="38983" /><D24/><U105/><E105/><V6/><F6/><W70/><G70/><T81/><D17/><U102/><E102/><V90/><F90/><W27/><G27/><T3/><D89/><U78/><E78/><V88/><F88/><W104/><G104/><T79/><D67/><U8/><E8/><V31/><F31/><W32/><G32/><T61/><D79/><U46/><E101/><V92/><F92/><W23/><G23/><T15/><D21/><U69/><E94/><V75/><F75/><W4/><G4/><T84/><D83/><U49/><E69/><V29/><F29/><RYUUKYOKU ba="0,1" sc="190,-30,393,10,199,10,208,10" hai1="45,46,47,49,52,59,98" hai2="12,13,16,20,26,36,42,60,66,68,76,80,85" hai3="40,44,48,53,57,82,86,91,93,95" /><INIT seed="3,1,1,0,5,92" ten="160,403,209,218" oya="3" hai0="64,112,50,72,54,41,39,57,98,19,74,120,118" hai1="2,63,95,124,18,90,36,9,94,113,27,32,3" hai2="8,16,116,135,84,82,127,29,46,48,78,119,26" hai3="115,75,107,35,67,85,76,101,44,68,4,96,34"/><W42/><G115/><T123/><D112/><U125/><E113/><V10/><F135/><W25/><G85/><T7/><D7/><U49/><E36/><V20/><F127/><N who="1" m="48713" /><E49/><V60/><F60/><N who="3" m="40039" /><G25/><T13/><D118/><U33/><E63/><V30/><F119/><W126/><G4/><T111/><D111/><U77/><E77/><V28/><REACH who="2" step="1"/><F116/><REACH who="2" ten="160,403,199,218" step="2"/><W104/><G126/><T108/><D108/><U15/><E2/><V52/><AGARI ba="1,2" hai="8,10,16,20,26,28,29,30,46,48,52,78,82,84" machi="52" ten="30,16000,3" yaku="1,1,2,1,0,1,8,1,54,2,53,3" doraHai="92" doraHaiUra="24" who="2" fromWho="2" sc="160,-41,403,-41,199,183,218,-81" /><INIT seed="4,0,0,3,5,26" ten="119,362,382,137" oya="0" hai0="109,51,48,3,56,135,7,125,22,61,83,121,19" hai1="40,34,89,95,134,72,90,28,31,81,116,16,130" hai2="91,50,118,112,94,111,103,0,58,104,60,65,52" hai3="10,76,86,8,38,105,47,55,87,102,57,5,99"/><T70/><D70/><U97/><E34/><V78/><F111/><W23/><G76/><T84/><D121/><U126/><E116/><V68/><F0/><W73/><G73/><T127/><D109/><U39/><E39/><V98/><F112/><W29/><G38/><T64/><D135/><U21/><E134/><V124/><F124/><N who="0" m="47690" /><D7/><U45/><E126/><V42/><F118/><W85/><G47/><T71/><D3/><U96/><E130/><V132/><F132/><W53/><G5/><T62/><D19/><U67/><E67/><V2/><F2/><W43/><G43/><T35/><D35/><U107/><E107/><V18/><F78/><W9/><REACH who="3" step="1"/><G57/><REACH who="3" ten="119,362,382,127" step="2"/><T131/><D131/><U77/><E45/><V110/><F42/><W14/><G14/><T101/><D101/><U32/><E40/><V80/><F110/><W75/><G75/><T20/><D56/><U12/><E32/><V30/><F58/><W117/><G117/><T11/><D11/><U120/><E120/><V4/><F4/><W82/><G82/><T128/><D128/><U46/><E46/><V24/><F80/><W15/><G15/><T115/><D115/><U17/><E17/><V54/><F18/><W92/><G92/><AGARI ba="0,1" hai="12,16,21,28,31,72,77,81,89,90,92,95,96,97" machi="92" ten="40,8000,1" yaku="9,1,52,2,54,1" doraHai="26" who="1" fromWho="3" sc="119,0,362,90,382,0,127,-80" /><INIT seed="5,0,0,3,4,18" ten="119,452,382,47" oya="1" hai0="47,116,51,31,83,7,0,84,26,14,102,108,25" hai1="133,57,2,23,105,97,101,50,114,72,34,61,33" hai2="80,16,36,104,107,45,8,122,82,73,98,43,5" hai3="131,37,20,59,29,91,10,56,32,67,35,24,66"/><U68/><E2/><V77/><F122/><W103/><G37/><T6/><D108/><U113/><E72/><V109/><F109/><W21/><G103/><T55/><D116/><U99/><E68/><V127/><F127/><W40/><G40/><T39/><D39/><U89/><E50/><V87/><F98/><W119/><G119/><T52/><D102/><U48/><E48/><V74/><F16/><N who="3" m="12295" /><G35/><T27/><D0/><U49/><E49/><V86/><F86/><W93/><G32/><T60/><D31/><U30/><E89/><V38/><F38/><W15/><G131/><T129/><D129/><U88/><E88/><V117/><F117/><W90/><G90/><T1/><D1/><U22/><E30/><V135/><F135/><W54/><G59/><T92/><D92/><U53/><E133/><V4/><F4/><N who="3" m="3527" /><G54/><T3/><D3/><U134/><E134/><V128/><F128/><W71/><G56/><N who="0" m="34847" /><D14/><U115/><E33/><V19/><F74/><W121/><G121/><T95/><D95/><N who="1" m="58559" /><E34/><V63/><F73/><W130/><G71/><T64/><D64/><U106/><E99/><V125/><F36/><W11/><G130/><T28/><D28/><U70/><E70/><V62/><F107/><AGARI ba="0,0" hai="22,23,53,57,61,105,106,107,113,114,115" m="58559" machi="107" ten="40,7700,0" yaku="15,1,52,2" doraHai="18" who="1" fromWho="2" sc="119,0,452,77,382,-77,47,0" /><INIT seed="5,1,0,0,1,13" ten="119,529,305,47" oya="1" hai0="135,46,48,84,87,50,90,75,83,28,42,29,121" hai1="15,82,128,112,102,54,129,5,71,92,126,104,62" hai2="34,80,96,134,45,9,101,27,95,1,61,44,33" hai3="73,110,20,69,30,52,116,49,120,118,133,117,16"/><U91/><E104/><V85/><F134/><W68/><G120/><T63/><D135/><U99/><E126/><V53/><F34/><W7/><G133/><T115/><D75/><U65/><E112/><V97/><F1/><W130/><G110/><T114/><D121/><U0/><E0/><V127/><F9/><W111/><G111/><T41/><D63/><U36/><E36/><V119/><F119/><W105/><G130/><N who="1" m="50282" /><E54/><V123/><F53/><W107/><G30/><T40/><D46/><U51/><E51/><N who="0" m="19497" /><D90/><U86/><E15/><V19/><F45/><N who="3" m="27695" /><G7/><AGARI ba="1,0" hai="5,7,62,65,71,82,86,91,92,99,102" m="50282" machi="7" ten="30,1500,0" yaku="19,1" doraHai="13" who="1" fromWho="3" sc="119,0,529,18,305,0,47,-18" /><INIT seed="5,2,0,2,1,125" ten="119,547,305,29" oya="1" hai0="25,35,123,27,68,92,70,23,133,42,51,106,45" hai1="86,39,79,91,82,5,43,0,73,81,65,98,67" hai2="105,110,33,40,88,116,59,93,89,22,64,50,57" hai3="30,15,7,95,47,37,96,19,84,29,119,128,107"/><U72/><E72/><V21/><F105/><W4/><G107/><T104/><D133/><U114/><E114/><V132/><F33/><W101/><G119/><T77/><D77/><U38/><E98/><V127/><F110/><W12/><G37/><T60/><D123/><U55/><E55/><V14/><F127/><W78/><G47/><T109/><D109/><U34/><E34/><V80/><F132/><W90/><G78/><T121/><D121/><U135/><E39/><V32/><F32/><W100/><G128/><T1/><D1/><U71/><E71/><V52/><F116/><W46/><G46/><T56/><D35/><U94/><E94/><V112/><F40/><W124/><G124/><T49/><D27/><U17/><E17/><N who="2" m="10423" /><F112/><W63/><G63/><T8/><D8/><N who="1" m="2087" /><E135/><V18/><F80/><W120/><G120/><T118/><D118/><U26/><E26/><N who="2" m="14679" /><F93/><N who="3" m="54471" /><G15/><T85/><D70/><U6/><E6/><N who="3" m="2090" /><G101/><T131/><D68/><U122/><E122/><V54/><F64/><W36/><G36/><T83/><D104/><U41/><E41/><V75/><F75/><W99/><G100/><T69/><D69/><U13/><E13/><V10/><F10/><N who="3" m="6551" /><G95/><T2/><D92/><U9/><E9/><V16/><F16/><W48/><G48/><AGARI ba="2,0" hai="48,50,52,54,57,59,88,89" m="14679,10423" machi="48" ten="30,3900,0" yaku="8,1,54,2" doraHai="125" who="2" fromWho="3" sc="119,0,547,0,305,45,29,-45" owari="119,-28.0,547,65.0,350,15.0,-16,-52.0" /></mjloggm>