<mjloggm ver="2.3"><GO type="97" lobby="0"/><UN n0="%73%61%6C%6F%6E%70%61%73" n1="%4A%50%53%E6%9D%B1%E9%A2%A8" n2="%E5%B0%B1%E6%B4%BB%E7%94%9F%40%E5%B7%9D%E6%9D%91%E8%BB%8D%E5%9B%A3" n3="%50%65%74%65%72%50%61%6E" dan="14,15,14,13" rate="1906.70,2011.75,1952.78,1897.03" sx="M,M,M,M"/><TAIKYOKU oya="0"/><INIT seed="0,0,0,5,4,2" ten="250,250,250,250" oya="0" hai0="91,121,112,80,104,51,67,72,44,116,135,54,41" hai1="84,59,118,1,78,108,4,6,88,131,50,32,110" hai2="115,29,125,12,36,69,103,105,14,76,31,86,21" hai3="73,24,93,38,22,20,111,33,0,113,128,5,126"/><T114/><D121/><U15/><E118/><V56/><F69/><W122/><RYUUKYOKU type="yao9" ba="0,0" sc="250,0,250,0,250,0,250,0" hai3="0,5,20,22,24,33,38,73,93,111,113,122,126,128" /><INIT seed="0,1,0,2,3,106" ten="250,250,250,250" oya="0" hai0="19,68,21,116,32,66,111,47,113,65,4,63,105" hai1="36,14,80,100,117,11,69,75,123,10,84,56,107" hai2="22,122,13,74,9,1,7,17,95,83,96,110,45" hai3="5,31,37,48,55,71,125,39,28,2,57,99,20"/><T61/><D116/><U50/><E117/><V124/><F122/><W114/><G71/><T133/><D113/><U128/><E123/><V38/><F124/><W89/><G114/><T62/><D133/><U44/><E128/><V49/><F110/><W103/><G125/><T131/><D131/><U91/><E36/><V24/><F38/><W54/><G89/><T129/><D111/><U108/><E108/><V79/><F95/><W43/><G43/><T132/><D132/><U67/><E69/><V52/><REACH who="2" step="1"/><F96/><REACH who="2" ten="250,250,240,250" step="2"/><W12/><G37/><T41/><D129/><U93/><E107/><V121/><F121/><W0/><G39/><T35/><D105/><U51/><E100/><V109/><F109/><W92/><G99/><T25/><D4/><U112/><E112/><V119/><F119/><W16/><G92/><T30/><D68/><U98/><E98/><V81/><F81/><W78/><G103/><T134/><D134/><U15/><E93/><V102/><F102/><W34/><G0/><AGARI ba="1,1" hai="0,1,7,9,13,17,22,24,45,49,52,74,79,83" machi="0" ten="40,5200,0" yaku="1,1,52,1,54,1,53,0" doraHai="106" doraHaiUra="64" who="2" fromWho="3" sc="250,0,250,0,240,65,250,-55" /><INIT seed="1,0,0,5,0,107" ten="250,250,305,195" oya="1" hai0="128,35,106,63,97,31,71,83,120,36,93,67,12" hai1="1,130,54,89,133,14,73,109,5,20,25,55,111" hai2="33,30,95,113,122,10,64,74,84,29,59,52,82" hai3="66,9,51,116,15,121,79,114,19,8,91,80,61"/><U77/><E133/><V11/><F122/><W38/><G114/><T39/><D120/><U3/><E130/><V123/><F123/><W46/><G121/><T78/><D128/><U96/><E14/><V94/><F74/><W50/><G38/><T32/><D12/><U7/><E55/><V48/><F64/><W131/><G131/><T99/><D106/><U118/><E54/><V132/><F132/><W76/><G116/><T81/><D81/><N who="1" m="45231" /><E118/><V57/><F57/><W70/><G91/><T88/><D97/><U47/><E47/><V126/><F126/><W65/><G65/><T42/><D42/><U44/><E44/><V100/><F113/><W104/><G104/><T6/><D6/><N who="1" m="2059" /><E89/><N who="2" m="51351" /><F33/><W18/><G51/><T16/><D16/><N who="1" m="12423" /><E96/><N who="2" m="59415" /><F95/><W23/><G18/><T98/><D98/><U72/><E72/><V62/><F62/><W37/><G37/><T49/><D36/><U124/><E124/><V68/><F68/><W21/><G9/><AGARI ba="0,0" hai="9,10,11,29,30,48,52,59" m="59415,51351" machi="9" ten="30,2000,0" yaku="8,1,54,1" doraHai="107" who="2" fromWho="3" sc="250,0,250,0,305,20,195,-20" /><INIT seed="2,0,0,3,5,36" ten="250,250,325,175" oya="2" hai0="40,60,127,25,14,123,6,65,132,80,56,114,117" hai1="49,116,129,102,5,112,11,37,125,118,58,98,100" hai2="12,110,44,39,122,28,88,22,95,18,99,17,134" hai3="47,85,87,105,104,82,31,135,45,59,15,101,128"/><V124/><F122/><W1/><G1/><T29/><D123/><U73/><E112/><V41/><F124/><W84/><G135/><T78/><D114/><U121/><E121/><V20/><F134/><W96/><G128/><T62/><D132/><U61/><E125/><V3/><F110/><W38/><G31/><T26/><D127/><U86/><E129/><V77/><F3/><W33/><G33/><T53/><D117/><U119/><E37/><V42/><F77/><W81/><G105/><T79/><D40/><N who="2" m="15466" /><F39/><W51/><G38/><T126/><D126/><U21/><E49/><V46/><F28/><W72/><G72/><T71/><D29/><U27/><E73/><V90/><F90/><W55/><REACH who="3" step="1"/><G15/><AGARI ba="0,0" hai="12,15,17,18,20,22,44,46,88,95,99" m="15466" machi="15" ten="30,12000,1" yaku="8,1,52,3,54,1" doraHai="36" who="2" fromWho="3" sc="250,0,250,0,325,120,175,-120" /><INIT seed="2,1,0,3,2,4" ten="250,250,445,55" oya="2" hai0="15,53,47,104,65,66,108,39,83,126,60,77,46" hai1="114,96,31,112,131,135,122,100,50,52,118,128,24" hai2="133,70,117,119,32,87,2,58,48,30,106,34,57" hai3="14,68,89,9,84,130,107,55,90,35,16,115,43"/><V11/><F70/><W91/><G107/><T44/><D126/><U69/><E69/><V82/><F106/><W19/><G35/><T92/><D108/><U95/><E118/><V94/><F133/><W20/><G68/><T49/><D104/><U63/><E63/><V1/><F94/><W51/><G130/><N who="1" m="49706" /><E122/><V101/><F101/><W79/><G115/><T54/><D92/><U132/><E135/><V67/><F67/><N who="0" m="25610" /><D39/><U22/><E132/><V64/><F64/><W102/><G43/><T109/><D109/><U98/><E98/><V97/><F97/><W62/><G62/><T123/><D123/><U3/><E3/><V73/><F73/><W8/><G102/><T5/><D60/><U134/><E134/><V13/><F1/><W23/><G79/><T17/><D5/><U125/><E125/><V121/><F2/><W38/><G38/><T10/><D49/><U129/><E129/><V111/><F121/><W72/><G72/><T56/><D56/><AGARI ba="1,0" hai="22,24,31,50,52,56,95,96,100,112,114" m="49706" machi="56" ten="30,2000,0" yaku="19,1,54,1" doraHai="4" who="1" fromWho="0" sc="250,-23,250,23,445,0,55,0" /><INIT seed="3,0,0,0,4,27" ten="227,273,445,55" oya="3" hai0="54,72,49,133,58,41,120,50,56,30,92,29,135" hai1="68,51,6,13,34,79,23,55,63,115,44,39,75" hai2="95,31,103,80,65,119,122,2,111,126,97,123,121" hai3="99,85,53,125,89,66,36,77,134,10,104,93,1"/><W12/><G1/><T46/><D72/><U131/><E115/><V19/><F111/><W118/><G118/><T98/><D120/><U17/><E131/><V35/><F126/><W73/><G134/><N who="0" m="51211" /><D56/><U129/><E129/><V82/><F2/><W100/><G125/><T38/><D38/><U18/><E34/><V132/><F132/><W5/><G36/><T32/><D32/><U0/><E0/><V113/><F113/><W114/><G114/><T116/><D116/><U87/><E6/><V78/><F119/><W109/><G109/><T62/><D62/><U14/><E75/><V69/><F19/><W9/><G66/><T37/><D37/><U102/><E102/><AGARI ba="0,0" hai="29,30,41,46,49,50,54,58,92,98,102" m="51211" machi="102" ten="30,3900,0" yaku="20,1,52,2" doraHai="27" who="0" fromWho="1" sc="227,39,273,-39,445,0,55,0" owari="266,7.0,234,-17.0,445,54.0,55,-44.0" /></mjloggm>