<mjloggm ver="2.3"><GO type="97" lobby="0"/><UN n0="%E5%B0%B1%E6%B4%BB%E7%94%9F%40%E5%B7%9D%E6%9D%91%E8%BB%8D%E5%9B%A3" n1="%6D%61%73%61%63" n2="%6A%6F%6E%E5%A4%AA%E9%83%8E" n3="%64%61%69%6F" dan="14,14,15,15" rate="1926.94,1942.87,1982.35,1952.28" sx="M,M,M,M"/><TAIKYOKU oya="0"/><INIT seed="0,0,0,5,1,45" ten="250,250,250,250" oya="0" hai0="32,123,68,96,7,1,18,40,43,49,128,99,21" hai1="120,80,93,81,14,37,94,132,124,29,84,77,4" hai2="112,41,22,102,121,74,95,69,16,50,12,26,88" hai3="31,35,67,125,62,75,6,116,91,92,83,52,114"/><T105/><D32/><U89/><E120/><V59/><F121/><W58/><G116/><T10/><D123/><U119/><E37/><V111/><F112/><W44/><G6/><T82/><D128/><U54/><E119/><V127/><F74/><W134/><G134/><T115/><D68/><U85/><E132/><V122/><F122/><W5/><G5/><T51/><D115/><U55/><E124/><V98/><F69/><W13/><G125/><T17/><D82/><U72/><E29/><V48/><F127/><W19/><G35/><T30/><D105/><U61/><E61/><V86/><F111/><W57/><G44/><T129/><D129/><U113/><E113/><V90/><F41/><N who="0" m="15946" /><D30/><U9/><E72/><V73/><F73/><W70/><G31/><T24/><D1/><U46/><E55/><N who="2" m="32231" /><F50/><AGARI ba="0,0" hai="4,9,14,46,50,54,77,80,81,84,85,89,93,94" machi="50" ten="40,2600,0" yaku="8,1,52,1" doraHai="45" who="1" fromWho="2" sc="250,0,250,26,250,-26,250,0" /><INIT seed="1,0,0,5,1,32" ten="250,276,224,250" oya="1" hai0="82,125,9,44,46,58,29,17,116,99,16,53,4" hai1="79,11,61,56,12,35,94,105,63,124,22,120,127" hai2="21,60,2,119,28,132,13,103,84,52,91,54,26" hai3="87,10,38,110,67,27,122,128,49,48,18,20,14"/><U101/><E120/><V121/><F121/><W114/><G38/><T108/><D116/><U43/><E35/><V90/><F119/><W69/><G114/><T106/><D29/><U85/><E105/><V3/><F132/><W0/><G122/><T8/><D108/><U98/><E43/><V30/><F103/><W96/><G110/><T118/><D118/><U41/><E41/><V102/><F102/><W7/><G96/><T50/><D125/><U123/><E123/><V64/><F28/><W83/><G128/><T59/><D106/><U51/><E22/><V133/><F133/><W36/><G36/><T95/><D82/><U131/><E131/><V134/><F134/><W57/><G69/><T92/><D4/><U74/><E74/><V19/><F90/><W37/><G37/><T115/><D115/><U55/><E127/><V129/><F129/><W39/><G39/><T117/><D117/><U135/><E135/><V97/><F97/><W75/><G75/><T113/><D113/><U6/><E124/><V24/><F24/><W40/><G40/><T33/><D33/><U1/><E1/><V70/><F54/><W65/><G0/><T126/><D126/><U34/><E34/><V66/><F52/><N who="3" m="31879" /><G49/><T80/><D99/><U104/><E104/><V62/><F62/><W76/><AGARI ba="0,0" hai="7,10,14,18,20,27,65,67,76,83,87" m="31879" machi="76" ten="30,2000,0" yaku="8,1,54,1" doraHai="32" who="3" fromWho="3" sc="250,-5,276,-10,224,-5,250,20" /><INIT seed="2,0,0,1,5,23" ten="245,266,219,270" oya="2" hai0="31,60,63,101,113,132,78,20,77,134,124,100,73" hai1="21,8,18,118,45,115,75,25,57,38,48,58,30" hai2="36,94,27,19,95,13,5,42,32,79,123,82,39" hai3="107,11,7,89,85,131,87,86,53,12,49,103,62"/><V37/><F123/><W110/><G62/><N who="0" m="23595" /><D73/><U128/><E115/><V69/><F69/><W40/><G40/><T81/><D113/><U50/><E118/><V33/><F42/><W70/><G70/><T47/><D124/><U46/><E75/><V97/><F5/><W88/><G131/><T51/><D31/><U96/><E128/><V55/><F55/><W129/><G129/><T64/><D20/><U59/><E38/><V22/><F13/><W126/><G126/><T65/><D81/><U111/><E111/><V106/><F106/><W72/><G72/><T76/><D51/><U29/><E96/><V52/><F52/><W56/><REACH who="3" step="1"/><G110/><REACH who="3" ten="245,266,219,260" step="2"/><T108/><D108/><U83/><E83/><V116/><F116/><W43/><G43/><T102/><D47/><N who="1" m="17931" /><E30/><V80/><F80/><W54/><G54/><T130/><D130/><U135/><E135/><AGARI ba="0,1" hai="64,65,76,77,78,100,101,102,132,134,135" m="23595" machi="135" ten="40,5200,0" yaku="28,2,20,1" doraHai="23" who="0" fromWho="1" sc="245,62,266,-52,219,0,260,0" /><INIT seed="3,0,0,5,0,112" ten="307,214,219,260" oya="3" hai0="115,73,133,78,17,103,122,52,85,96,95,50,27" hai1="28,32,93,43,61,134,57,8,113,107,40,76,110" hai2="126,12,71,132,30,117,100,116,124,125,74,130,24" hai3="109,120,36,75,0,89,90,86,41,121,80,62,131"/><W39/><G0/><T56/><D122/><U16/><E107/><V82/><F71/><W64/><G75/><T53/><D115/><U111/><E113/><V101/><F132/><W13/><G131/><T55/><D133/><U129/><E134/><V94/><F130/><W98/><G121/><T1/><D1/><U114/><E114/><V102/><F12/><W65/><G65/><T70/><D70/><U68/><E68/><V106/><F94/><W51/><G51/><T54/><D73/><U83/><E129/><V48/><F48/><W26/><G26/><T22/><D85/><U19/><E93/><V67/><F67/><W25/><G25/><T4/><D4/><U33/><E28/><V72/><F106/><W99/><G120/><T34/><D34/><N who="1" m="13419" /><E57/><V7/><F7/><W108/><G13/><T49/><D78/><U15/><E19/><V3/><F3/><W123/><G123/><T92/><D92/><U97/><E97/><V10/><F10/><W37/><G41/><T60/><AGARI ba="0,0" hai="17,22,27,49,50,52,53,54,55,56,60,95,96,103" machi="60" ten="30,4000,0" yaku="0,1,8,1,54,1" doraHai="112" who="0" fromWho="0" sc="307,40,214,-10,219,-10,260,-20" owari="347,45.0,204,-30.0,209,-19.0,240,4.0" /></mjloggm>