<mjloggm ver="2.3"><GO type="225" lobby="0"/><UN n0="%E5%A4%A7%E5%A4%A7%E5%B2%A1%E5%B1%B1%EF%BC%A0%E6%A8%AA%E6%B5%9C" n1="%E9%9B%80%E9%BE%8D%E9%96%80%5F%59%75%74%69" n2="%55%4E%4B%4F%63%68%61%6E" n3="%E3%83%88%E3%83%88%E3%83%AA%E5%85%88%E7%94%9F%31%39%E6%AD%B3" dan="16,16,16,16" rate="2143.51,2120.38,2129.82,2084.88" sx="M,M,M,F"/><TAIKYOKU oya="0"/><INIT seed="0,0,0,3,0,93" ten="250,250,250,250" oya="0" hai0="31,111,53,106,49,122,134,84,11,26,92,58,120" hai1="47,69,83,27,124,74,57,96,135,128,98,88,109" hai2="107,108,61,29,32,94,76,117,95,25,82,65,7" hai3="72,37,87,130,113,4,54,59,33,68,38,41,18"/><T66/><D106/><U3/><E69/><V39/><F108/><W101/><G113/><T21/><D111/><U64/><E3/><V43/><F117/><W115/><G115/><T24/><D134/><U16/><E109/><V50/><F7/><W112/><G112/><T60/><D11/><U129/><E135/><V42/><F39/><W110/><G72/><T36/><D36/><U48/><E124/><V132/><F132/><W125/><G33/><T78/><D26/><U85/><E74/><V34/><F34/><W116/><G68/><T19/><D19/><U55/><E129/><V131/><F107/><W99/><G38/><T12/><D12/><U17/><E128/><V62/><F62/><W133/><G37/><T71/><REACH who="0" step="1"/><D78/><REACH who="0" ten="240,250,250,250" step="2"/><U20/><E17/><V105/><F105/><W23/><G110/><T30/><D30/><U6/><E6/><V15/><F15/><W91/><G133/><T28/><D28/><U89/><E89/><AGARI ba="0,1" hai="21,24,31,49,53,58,60,66,71,84,89,92,120,122" machi="89" ten="40,3900,0" yaku="1,1,53,1" doraHai="93" doraHaiUra="45" who="0" fromWho="1" sc="240,49,250,-39,250,0,250,0" /><INIT seed="0,1,0,1,0,120" ten="289,211,250,250" oya="0" hai0="26,38,20,133,80,66,25,54,131,61,105,21,124" hai1="115,59,79,32,122,93,103,114,108,130,45,99,35" hai2="85,4,44,14,39,48,127,23,12,89,116,84,9" hai3="0,92,107,63,57,55,81,47,50,123,53,40,82"/><T3/><D105/><U69/><E122/><V78/><F39/><W119/><G107/><T1/><D131/><U31/><E69/><V28/><F127/><W30/><G119/><T27/><D124/><U64/><E130/><V34/><F34/><N who="1" m="12841" /><E31/><V125/><F116/><W46/><G0/><T11/><D133/><U19/><E19/><N who="2" m="10743" /><F125/><W126/><G126/><T118/><D118/><U96/><E79/><V60/><F28/><W70/><G70/><T7/><D38/><U88/><E45/><V87/><F60/><W98/><G30/><T83/><D54/><U10/><E10/><V94/><F78/><W22/><G22/><T71/><REACH who="0" step="1"/><D3/><REACH who="0" ten="279,211,250,250" step="2"/><U73/><E115/><V17/><F4/><W18/><G123/><T121/><D121/><U5/><E114/><V2/><F2/><W113/><G113/><T95/><D95/><U15/><E93/><V77/><F77/><W134/><G134/><T117/><D117/><U24/><E64/><V74/><F74/><W100/><G81/><AGARI ba="1,1" hai="1,7,11,20,21,25,26,27,61,66,71,80,81,83" machi="81" ten="40,2000,0" yaku="1,1,53,0" doraHai="120" doraHaiUra="90" who="0" fromWho="3" sc="279,33,211,0,250,0,250,-23" /><INIT seed="0,2,0,5,1,68" ten="312,211,250,227" oya="0" hai0="103,22,96,73,111,0,54,125,114,43,25,19,40" hai1="13,51,30,59,126,63,1,99,24,92,14,33,26" hai2="100,70,82,74,122,78,101,27,23,109,31,134,28" hai3="9,110,72,131,47,130,20,16,102,10,87,116,32"/><T97/><D114/><U135/><E1/><V119/><F122/><W85/><G116/><T34/><D73/><U8/><E126/><V91/><F109/><W132/><G32/><T38/><D125/><U48/><E135/><V39/><F134/><W129/><G132/><T46/><D111/><U121/><E121/><V95/><F70/><W98/><G72/><T64/><D0/><U35/><E35/><V106/><F119/><W29/><G110/><T94/><D64/><U71/><E71/><V93/><F93/><W15/><G47/><T12/><D43/><U105/><E105/><V77/><F77/><W6/><G29/><T17/><D54/><U21/><E33/><V60/><F39/><W118/><G118/><T65/><D65/><N who="1" m="39167" /><E26/><V2/><F2/><N who="3" m="215" /><G20/><T11/><D34/><U113/><E113/><V89/><F106/><AGARI ba="2,0" hai="10,15,16,85,87,98,102,106,129,130,131" m="215" machi="106" ten="30,2000,0" yaku="19,1,54,1" doraHai="68" who="3" fromWho="2" sc="312,0,211,0,250,-26,227,26" /><INIT seed="1,0,0,5,5,66" ten="312,211,224,253" oya="1" hai0="96,56,8,70,71,21,53,91,131,24,4,113,2" hai1="54,65,23,25,67,134,59,72,102,20,13,12,104" hai2="55,86,129,100,31,135,95,115,76,44,132,92,63" hai3="69,97,46,89,0,73,105,123,128,60,57,130,83"/><U108/><E72/><V119/><F119/><W3/><G123/><T85/><D113/><U40/><E134/><N who="2" m="51243" /><F115/><W111/><G111/><T68/><D96/><U79/><E108/><V125/><F125/><W41/><G69/><T106/><D106/><U64/><E40/><V74/><F74/><W112/><G112/><T103/><D103/><U14/><E79/><V47/><F129/><N who="3" m="49771" /><G105/><T39/><D39/><U7/><E7/><V28/><F100/><W75/><G97/><T58/><D53/><U35/><E104/><V52/><F55/><N who="3" m="33855" /><G89/><T51/><D51/><N who="1" m="31199" /><E35/><V116/><F116/><W18/><G18/><T80/><REACH who="0" step="1"/><D131/><REACH who="0" ten="302,211,224,253" step="2"/><U120/><E102/><V93/><F47/><W118/><G118/><T81/><D81/><U82/><E82/><N who="2" m="47431" /><F63/><W42/><G42/><T50/><D50/><AGARI ba="0,1" hai="28,31,44,50,52,92,93,95" m="47431,51243" machi="50" ten="30,2000,0" yaku="20,1,54,1" doraHai="66" who="2" fromWho="0" sc="302,-20,211,0,224,30,253,0" /><INIT seed="2,0,0,2,5,60" ten="282,211,254,253" oya="2" hai0="128,82,80,38,76,131,0,123,24,28,106,97,44" hai1="50,92,56,1,113,47,66,21,22,81,99,8,19" hai2="32,104,118,9,129,2,61,69,116,70,23,91,46" hai3="101,120,126,63,49,134,72,34,108,109,15,3,107"/><V59/><F32/><W27/><G120/><T98/><D0/><U117/><E117/><V85/><F104/><W135/><G3/><T93/><D123/><U43/><E113/><V121/><F121/><W14/><G72/><T53/><D106/><U127/><E127/><V54/><F129/><N who="0" m="49738" /><D93/><U57/><E81/><N who="0" m="31337" /><D76/><U39/><E39/><V110/><F23/><N who="1" m="8713" /><E1/><V100/><F100/><W30/><G49/><N who="0" m="28839" /><D38/><U84/><E84/><V65/><F116/><W6/><G126/><T4/><D4/><U41/><E41/><V37/><F118/><W48/><G101/><T5/><D5/><U35/><E35/><AGARI ba="0,0" hai="24,28,35,97,98" m="28839,31337,49738" machi="35" ten="30,1000,0" yaku="19,1" doraHai="60" who="0" fromWho="1" sc="282,10,211,-10,254,0,253,0" /><INIT seed="3,0,0,1,0,13" ten="292,201,254,253" oya="3" hai0="119,57,11,114,38,53,83,91,70,111,18,26,80" hai1="6,64,92,8,47,66,120,14,68,59,126,23,98" hai2="96,63,28,24,76,102,104,45,35,84,132,130,58" hai3="10,106,9,112,81,46,69,33,115,39,73,113,17"/><W101/><G69/><T67/><D119/><U105/><E120/><V121/><F121/><W109/><G33/><T31/><D38/><U97/><E126/><V79/><F130/><W32/><G32/><T100/><D100/><U27/><E68/><V108/><F108/><W87/><G73/><T29/><D111/><U90/><E47/><V30/><F132/><W52/><G109/><T21/><D114/><U48/><E105/><V124/><F124/><W15/><G101/><T77/><D67/><U19/><REACH who="1" step="1"/><E98/><REACH who="1" ten="292,191,254,253" step="2"/><V134/><F45/><W44/><G106/><T56/><D70/><U2/><E2/><V74/><F96/><W131/><G131/><T71/><D71/><U54/><AGARI ba="0,1" hai="6,8,14,19,23,27,48,54,59,64,66,90,92,97" machi="54" ten="30,7900,0" yaku="1,1,0,1,8,1,52,1,53,0" doraHai="13" doraHaiUra="42" who="1" fromWho="1" sc="292,-20,191,89,254,-20,253,-39" /><INIT seed="4,0,0,3,4,117" ten="272,280,234,214" oya="0" hai0="115,134,55,88,113,64,68,61,71,42,127,58,80" hai1="95,65,89,19,51,49,35,38,10,54,56,74,119" hai2="112,96,126,73,124,128,133,120,24,70,132,122,15" hai3="78,66,116,131,125,20,101,81,121,92,82,9,93"/><T97/><D134/><N who="2" m="51818" /><F112/><N who="0" m="43082" /><D127/><N who="2" m="48682" /><F128/><W23/><G125/><T123/><D123/><U85/><E38/><V53/><F73/><W45/><G116/><T86/><D42/><U12/><E74/><V11/><F70/><N who="0" m="26666" /><D97/><U130/><E130/><V67/><F67/><AGARI ba="0,0" hai="55,58,61,64,67,80,86,88" m="26666,43082" machi="67" ten="30,2900,0" yaku="15,1,54,1" doraHai="117" who="0" fromWho="2" sc="272,29,280,0,234,-29,214,0" owari="301,40.0,280,8.0,205,-29.0,214,-19.0" /></mjloggm>