<mjloggm ver="2.3"><GO type="97" lobby="0"/><UN n0="%E3%81%86%E3%82%8B%E3%81%95%E3%81%84%E3%81%AF%E8%A4%92%E3%82%81%E8%A9%9E" n1="%E3%83%88%E3%83%88%E3%83%AA%E5%85%88%E7%94%9F%31%39%E6%AD%B3" n2="%E3%81%B6%E3%81%9F%EF%BC%A0%E3%81%A1%E3%82%85%E3%81%86" n3="%4D%2E%75%6F%6E%75%6D%61" dan="14,15,17,14" rate="1944.61,2068.55,2027.76,1926.01" sx="M,F,M,M"/><TAIKYOKU oya="0"/><INIT seed="0,0,0,0,2,116" ten="250,250,250,250" oya="0" hai0="86,99,22,61,9,69,31,122,63,108,36,72,118" hai1="77,44,95,60,135,16,45,23,56,115,78,32,51" hai2="38,21,47,53,104,120,28,1,65,79,37,71,123" hai3="134,49,27,133,58,85,0,30,29,68,81,87,97"/><T102/><D118/><U80/><E32/><V128/><F1/><W113/><G68/><T110/><D72/><U67/><E135/><V8/><F104/><W57/><G113/><T124/><D36/><N who="2" m="13930" /><F79/><W52/><G0/><T73/><D73/><U70/><E115/><V89/><F8/><W131/><G97/><T3/><D124/><U105/><E105/><V19/><F28/><W46/><G131/><T64/><D63/><U34/><E34/><V5/><F89/><W35/><G30/><T43/><D86/><U6/><E6/><V59/><F5/><W100/><G100/><T126/><D43/><U92/><E70/><V88/><F88/><N who="3" m="51247" /><G87/><T125/><D22/><U117/><E117/><V114/><F19/><W91/><G91/><T62/><D61/><U10/><E10/><V106/><F21/><W119/><G119/><T42/><D42/><N who="1" m="24983" /><E45/><V84/><F106/><W127/><G127/><N who="0" m="48651" /><D31/><U13/><E80/><V54/><F114/><W50/><G50/><T48/><D48/><U17/><E17/><V7/><F7/><W74/><G74/><T25/><D9/><U39/><E39/><V130/><F47/><W55/><G55/><N who="2" m="21001" /><F71/><W90/><G90/><T76/><D76/><AGARI ba="0,0" hai="13,16,23,56,60,67,76,77,78,92,95" m="24983" machi="76" ten="30,2000,0" yaku="8,1,54,1" doraHai="116" who="1" fromWho="0" sc="250,-20,250,20,250,0,250,0" /><INIT seed="1,0,0,4,2,97" ten="230,270,250,250" oya="1" hai0="5,62,65,8,40,82,83,50,91,103,95,100,71" hai1="12,74,79,6,35,61,57,135,75,39,105,33,54" hai2="41,1,53,68,45,63,124,15,73,72,96,38,129" hai3="0,21,119,19,122,26,52,80,43,127,133,36,17"/><U3/><E3/><V30/><F129/><W108/><G122/><T107/><D107/><U98/><E39/><V131/><F131/><W114/><G114/><T9/><D9/><U110/><E135/><V117/><F117/><W69/><G69/><T37/><D37/><U25/><E110/><V109/><F109/><W120/><G108/><T85/><D40/><U106/><E106/><V11/><F124/><W51/><G120/><T70/><D70/><U92/><E105/><V46/><F1/><W81/><G0/><T42/><D42/><U121/><E121/><V48/><F30/><W16/><G127/><T104/><D50/><U23/><E12/><V10/><F10/><W130/><G130/><T49/><D49/><U27/><E6/><V29/><F29/><W66/><G66/><T55/><D55/><U118/><E118/><V87/><F87/><W126/><G133/><T20/><D20/><U93/><E93/><V59/><F96/><W123/><G123/><T31/><D31/><N who="1" m="19711" /><E79/><V7/><REACH who="2" step="1"/><F68/><REACH who="2" ten="230,270,240,250" step="2"/><W128/><G126/><T125/><D125/><U67/><E35/><V64/><AGARI ba="0,1" hai="7,11,15,38,41,45,46,48,53,59,63,64,72,73" machi="64" ten="20,8000,1" yaku="1,1,2,1,0,1,7,1,53,1" doraHai="97" doraHaiUra="60" who="2" fromWho="2" sc="230,-20,270,-40,240,90,250,-20" /><INIT seed="2,0,0,2,2,68" ten="210,230,330,230" oya="2" hai0="96,94,54,119,74,59,47,110,132,14,114,70,87" hai1="101,35,75,77,69,1,38,25,61,100,51,63,99" hai2="81,30,6,9,104,28,102,84,95,45,64,62,56" hai3="13,134,49,115,83,98,4,60,118,11,113,112,71"/><V86/><F104/><W89/><G118/><T88/><D114/><U117/><E117/><V82/><F45/><W108/><G134/><T43/><D74/><U50/><E1/><V109/><F109/><W85/><G108/><T78/><D70/><U22/><E35/><V131/><F131/><W29/><G29/><T32/><D32/><U124/><E38/><V97/><F86/><W103/><G49/><N who="0" m="26879" /><D110/><U91/><E124/><V18/><F18/><W73/><G73/><T2/><D2/><U31/><E77/><V10/><F82/><W130/><G130/><T23/><D132/><U37/><E37/><V16/><F6/><W0/><G0/><T133/><D119/><U120/><E69/><V67/><F64/><W48/><G48/><N who="1" m="18474" /><E120/><V79/><F9/><W46/><G46/><T105/><D133/><U116/><E75/><V34/><F34/><W7/><G7/><T92/><D105/><U26/><E26/><V93/><F95/><W36/><G36/><T65/><D65/><U15/><E15/><AGARI ba="0,0" hai="10,15,16,28,30,56,62,67,79,81,84,93,97,102" machi="15" ten="40,3900,0" yaku="8,1,54,1" doraHai="68" who="2" fromWho="1" sc="210,0,230,-39,330,39,230,0" /><INIT seed="2,1,0,2,5,117" ten="210,191,369,230" oya="2" hai0="99,126,135,87,104,1,120,36,50,69,48,0,49" hai1="54,130,70,32,60,98,101,61,129,75,35,3,28" hai2="90,82,100,65,6,102,128,58,68,7,79,17,57" hai3="44,37,106,2,93,110,27,97,46,107,71,127,122"/><V22/><F128/><N who="1" m="49257" /><E3/><N who="0" m="1097" /><D36/><U11/><E75/><V81/><F68/><W14/><G2/><T33/><D69/><U111/><E11/><V123/><F123/><W95/><G71/><T20/><D87/><U73/><E73/><V89/><F79/><W40/><G127/><T62/><D62/><N who="1" m="24171" /><E70/><V21/><REACH who="2" step="1"/><F17/><REACH who="2" ten="210,191,359,230" step="2"/><W23/><G122/><T112/><D120/><U34/><E111/><V132/><F132/><W115/><G110/><T108/><D108/><U30/><E54/><V51/><F51/><W94/><G115/><T133/><D50/><U121/><E121/><V116/><F116/><W29/><G97/><T53/><D48/><U114/><E114/><V105/><F105/><AGARI ba="1,1" hai="28,30,32,34,35,98,101,105" m="24171,49257" machi="105" ten="40,1300,0" yaku="19,1" doraHai="117" who="1" fromWho="2" sc="210,0,191,26,359,-16,230,0" /><INIT seed="3,0,0,3,5,126" ten="210,217,343,230" oya="3" hai0="7,14,108,87,13,68,37,97,83,115,86,120,92" hai1="76,44,95,54,5,42,12,31,43,133,93,65,52" hai2="129,56,78,1,105,94,79,17,104,62,11,2,117" hai3="9,106,81,123,82,3,131,36,118,45,59,40,119"/><W128/><G123/><T64/><D120/><U102/><E133/><V109/><F117/><W66/><G106/><T103/><D37/><U107/><E107/><V27/><F104/><W130/><G66/><T16/><D108/><U71/><E71/><V4/><F2/><W135/><G135/><T20/><D115/><U58/><E76/><V50/><F109/><W112/><G112/><T25/><D7/><U24/><E65/><V113/><F105/><W22/><G59/><T30/><D13/><U41/><E44/><V70/><F70/><W75/><G22/><T46/><D46/><U39/><E39/><V100/><F50/><W88/><G82/><T19/><D19/><U73/><E73/><V28/><F17/><W60/><G60/><T85/><D64/><U63/><E54/><V8/><F11/><W134/><G134/><T10/><D68/><U122/><E122/><V61/><F62/><W72/><G72/><T6/><D6/><U67/><E67/><V15/><F1/><W53/><G53/><T121/><D121/><U33/><E102/><V47/><F47/><W111/><G111/><T34/><D34/><U114/><E114/><V80/><F113/><W38/><G38/><T29/><D30/><U110/><E110/><V98/><F80/><AGARI ba="0,0" hai="10,14,16,20,25,29,80,83,85,86,87,92,97,103" machi="80" ten="40,2600,0" yaku="8,1,54,1" doraHai="126" who="0" fromWho="2" sc="210,26,217,0,343,-26,230,0" owari="236,4.0,217,-28.0,317,41.0,230,-17.0" /></mjloggm>