<mjloggm ver="2.3"><GO type="41" lobby="0"/><UN n0="%E3%83%87%E3%82%A4%E3%82%B8%E3%83%BC" n1="%E3%83%89%E3%83%A9%E3%82%A4%E3%82%B0" n2="%4E%6F%2C%4E%61%6D%65" n3="%E5%B0%B1%E6%B4%BB%E7%94%9F%40%E5%B7%9D%E6%9D%91%E8%BB%8D%E5%9B%A3" dan="14,13,13,15" rate="1807.85,1917.70,1918.96,2016.55" sx="M,M,M,M"/><TAIKYOKU oya="0"/><INIT seed="0,0,0,2,0,23" ten="250,250,250,250" oya="0" hai0="40,16,41,94,121,53,44,8,2,57,31,35,21" hai1="126,124,54,120,47,17,10,29,85,110,115,105,80" hai2="131,123,93,81,38,60,7,63,74,78,87,72,125" hai3="66,0,52,39,73,84,9,42,65,45,46,100,5"/><T33/><D121/><U56/><E120/><V14/><F123/><W83/><G100/><T64/><D64/><U51/><E105/><V25/><F38/><W62/><G73/><T36/><D41/><U19/><E110/><V6/><F131/><W79/><G46/><T133/><D133/><U96/><E96/><V111/><F111/><W34/><G34/><T101/><D31/><U15/><E29/><V59/><F125/><N who="1" m="48233" /><E115/><V12/><F74/><W112/><G112/><T30/><D30/><U117/><E117/><V118/><F118/><W89/><G52/><T24/><D2/><U68/><E68/><V13/><F25/><W132/><G132/><T95/><D8/><U28/><E28/><V108/><F108/><W119/><G119/><T122/><D122/><U4/><E56/><V27/><F27/><W135/><G135/><T77/><D77/><AGARI ba="0,0" hai="4,10,15,17,19,47,51,54,77,80,85" m="48233" machi="77" ten="30,1000,0" yaku="18,1" doraHai="23" who="1" fromWho="0" sc="250,-10,250,10,250,0,250,0" /><INIT seed="1,0,0,4,2,22" ten="240,260,250,250" oya="1" hai0="128,31,66,97,130,89,122,1,79,7,10,64,102" hai1="30,17,75,27,5,83,38,19,109,20,134,105,33" hai2="77,94,135,96,93,42,91,69,74,119,55,125,131" hai3="21,56,65,100,78,34,114,61,95,0,12,112,32"/><U126/><E105/><V117/><F69/><W68/><G0/><T116/><D116/><U48/><E38/><V73/><F42/><W107/><G107/><T57/><D79/><U80/><E75/><N who="2" m="28683" /><F55/><W106/><G106/><N who="0" m="63823" /><D122/><U72/><E72/><V59/><F59/><W35/><G78/><T104/><D104/><U133/><E126/><V46/><F46/><W47/><G68/><T8/><D89/><U92/><E5/><V81/><F125/><W86/><G47/><T2/><D31/><U88/><E48/><V67/><F67/><W3/><G3/><T49/><D49/><U132/><E109/><V14/><F14/><W127/><G127/><T118/><D118/><N who="2" m="45066" /><F135/><W76/><G76/><T23/><D23/><U24/><E17/><V82/><F131/><N who="0" m="50218" /><D57/><U29/><E19/><V70/><F70/><W63/><G63/><T6/><AGARI ba="0,0" hai="1,2,6,7,8,10,64,66" m="50218,63823" machi="6" ten="30,1100,0" yaku="19,1" doraHai="22" who="0" fromWho="0" sc="240,11,260,-5,250,-3,250,-3" /><INIT seed="2,0,0,5,4,21" ten="251,255,247,247" oya="2" hai0="135,0,32,2,19,62,8,25,92,114,124,126,56" hai1="74,72,1,69,63,71,87,5,70,18,11,65,115" hai2="83,85,29,28,96,117,79,42,31,61,43,109,24" hai3="94,41,107,77,81,90,50,9,122,132,116,67,53"/><V110/><F117/><W125/><G107/><T35/><D114/><U100/><E87/><V12/><F12/><W46/><G122/><T78/><D78/><U45/><E18/><V104/><F61/><W82/><G116/><T102/><D35/><U106/><E45/><V123/><F123/><W20/><G125/><T97/><D135/><U51/><E51/><V91/><F91/><W99/><G132/><T68/><D68/><U89/><E89/><V58/><F58/><W55/><G67/><T98/><D98/><U17/><E17/><V129/><F129/><W6/><G20/><N who="0" m="13471" /><D8/><U54/><E54/><V47/><F96/><W118/><G118/><T34/><D34/><U127/><E115/><V101/><F101/><W14/><REACH who="3" step="1"/><G81/><REACH who="3" ten="251,255,247,237" step="2"/><T93/><D93/><U128/><E127/><N who="0" m="48681" /><D32/><U60/><E128/><V64/><F104/><W36/><G36/><T133/><D133/><U112/><E112/><V113/><F113/><W7/><G7/><T27/><D27/><U121/><E121/><V44/><F64/><AGARI ba="0,1" hai="0,2,56,62,64,92,97,102" m="48681,13471" machi="64" ten="30,2000,0" yaku="18,1,52,1" doraHai="21" who="0" fromWho="2" sc="251,30,255,0,247,-20,237,0" /><INIT seed="3,0,0,5,3,84" ten="281,255,227,237" oya="3" hai0="71,56,6,108,129,103,7,93,72,42,15,25,119" hai1="133,47,99,1,130,8,113,127,104,61,57,24,41" hai2="44,51,101,112,125,122,69,52,22,55,3,89,66" hai3="23,86,14,126,32,67,124,13,118,34,48,100,83"/><W87/><G118/><T36/><D119/><U115/><E127/><N who="3" m="48682" /><G67/><T91/><D71/><U20/><E130/><V40/><F125/><W5/><G100/><T64/><D72/><U74/><E74/><V73/><F112/><W105/><G105/><T120/><D103/><U28/><E133/><V134/><F73/><W17/><G48/><T110/><D120/><U117/><E117/><V16/><F134/><W53/><G53/><T109/><D25/><U63/><E63/><V29/><F29/><W37/><G37/><T123/><D15/><U116/><E116/><V27/><F122/><W106/><G106/><T70/><D70/><U111/><E111/><V58/><F3/><W35/><G83/><T49/><D36/><U30/><E30/><V95/><F101/><W12/><G87/><T38/><D38/><U45/><E104/><V98/><F69/><W10/><G86/><N who="0" m="52471" /><D123/><U68/><E68/><V60/><AGARI ba="0,0" hai="16,22,27,40,44,51,52,55,58,60,66,89,95,98" machi="60" ten="30,8000,1" yaku="0,1,8,1,52,1,54,2" doraHai="84" who="2" fromWho="2" sc="281,-20,255,-20,227,80,237,-40" /><INIT seed="4,0,0,0,5,134" ten="261,235,307,197" oya="0" hai0="110,71,101,50,87,119,121,84,129,78,103,1,49" hai1="92,10,128,96,48,28,57,81,46,43,116,122,91" hai2="17,106,124,11,77,54,75,5,90,30,74,93,41" hai3="19,6,16,59,73,24,2,63,99,9,55,89,25"/><T126/><D1/><U105/><E116/><V95/><F106/><W107/><G73/><T114/><D71/><U23/><E122/><V120/><F120/><W8/><G107/><T60/><D121/><U130/><E105/><V44/><F30/><W118/><G118/><T15/><D119/><U58/><E10/><V37/><F77/><W86/><G99/><T94/><D15/><U108/><E108/><V66/><F66/><W70/><G70/><T45/><D110/><U111/><E111/><V22/><F54/><W12/><REACH who="3" step="1"/><G19/><REACH who="3" ten="261,235,307,187" step="2"/><T100/><D87/><N who="1" m="50671" /><E130/><V68/><F68/><W115/><G115/><T52/><D129/><U123/><E128/><V135/><F74/><W20/><G20/><T4/><D114/><U79/><E123/><V3/><F75/><W61/><G61/><T53/><D60/><U42/><E79/><V85/><F135/><W36/><G36/><T64/><D78/><U83/><E83/><AGARI ba="0,1" hai="2,6,8,9,12,16,24,25,55,59,63,83,86,89" machi="83" ten="30,7700,0" yaku="1,1,7,1,54,1,53,1" doraHai="134" doraHaiUra="80" who="3" fromWho="1" sc="261,0,235,-77,307,0,187,87" /><INIT seed="5,0,0,3,4,79" ten="261,158,307,274" oya="1" hai0="98,20,29,34,72,22,126,5,25,132,106,28,101" hai1="114,37,3,47,110,53,125,81,107,119,16,84,44" hai2="120,121,118,15,2,117,115,59,130,70,31,33,78" hai3="54,112,6,43,128,86,92,108,26,42,85,129,45"/><U23/><E119/><N who="2" m="45579" /><F59/><W76/><G108/><T36/><D36/><U93/><E110/><V80/><F70/><W99/><G112/><T88/><D72/><U14/><E3/><V89/><F89/><W96/><G6/><T73/><D73/><U58/><E107/><V133/><F115/><W52/><G26/><T69/><D69/><U17/><E125/><V8/><F15/><W41/><G45/><T48/><D5/><U68/><E37/><V122/><F130/><N who="3" m="50283" /><G92/><T66/><D66/><U57/><E68/><V32/><F31/><W95/><G95/><T65/><D65/><U49/><E93/><V55/><F55/><N who="3" m="21035" /><G76/><T27/><D126/><U113/><E113/><V61/><F61/><W0/><G0/><T12/><D12/><N who="1" m="9607" /><E114/><V94/><F94/><W105/><G105/><T74/><D74/><U102/><E47/><V46/><F46/><W56/><G56/><T97/><D106/><U35/><E35/><V11/><F33/><W21/><G21/><T82/><D34/><U18/><E102/><V7/><F32/><W77/><G77/><T39/><D39/><U67/><E67/><V4/><F78/><W10/><G10/><N who="2" m="3625" /><F2/><W1/><G1/><T123/><D101/><U134/><E134/><V103/><F133/><W40/><N who="3" m="10752" /><DORA hai="50" /><W87/><AGARI ba="0,0" hai="85,86,87,96,99" m="10752,21035,50283" machi="87" ten="50,16000,3" yaku="4,1,28,2,19,1,52,3,54,1" doraHai="79,50" who="3" fromWho="3" sc="261,-40,158,-80,307,-40,274,160" /><INIT seed="6,0,0,2,0,16" ten="221,78,267,434" oya="2" hai0="99,44,86,131,56,13,83,46,116,127,123,76,53" hai1="30,128,91,114,57,112,105,73,12,49,24,67,8" hai2="19,35,32,47,107,39,87,95,68,51,106,70,55" hai3="92,84,97,90,58,132,96,41,93,135,64,122,72"/><V78/><F39/><W69/><G69/><N who="2" m="26729" /><F19/><W75/><G41/><T62/><D123/><U37/><E37/><V81/><F95/><W74/><G64/><T22/><D116/><U61/><E73/><V120/><F120/><W52/><G122/><T121/><D121/><U18/><E105/><N who="2" m="39947" /><F47/><W29/><G29/><T82/><D127/><U109/><E109/><V117/><F51/><W7/><G7/><T98/><D131/><U88/><E128/><V94/><F94/><W133/><G93/><T125/><D125/><U26/><E49/><AGARI ba="0,0" hai="49,52,58,72,74,75,84,90,92,96,97,132,133,135" machi="49" ten="50,3200,0" yaku="20,1,54,1" doraHai="16" who="3" fromWho="1" sc="221,0,78,-32,267,0,434,32" /><INIT seed="7,0,0,3,5,3" ten="221,46,267,466" oya="3" hai0="44,37,108,77,72,128,100,82,107,83,74,35,42" hai1="65,45,114,105,23,27,10,115,62,52,29,111,106" hai2="58,92,28,69,16,14,48,34,90,20,124,81,95" hai3="25,32,49,6,113,123,57,53,51,117,26,79,126"/><W103/><G6/><T33/><D108/><U87/><E111/><V63/><F124/><W70/><G32/><T131/><D131/><U110/><E110/><V93/><F69/><W24/><G70/><T96/><REACH who="0" step="1"/><D128/><REACH who="0" ten="211,46,267,466" step="2"/><U76/><E76/><AGARI ba="0,1" hai="33,35,37,42,44,72,74,76,77,82,83,96,100,107" machi="76" ten="40,12000,2" yaku="1,1,2,1,9,1,33,3,53,0" doraHai="3" doraHaiUra="118" who="0" fromWho="1" sc="211,130,46,-120,267,0,466,0" owari="341,14.0,-74,-57.0,267,-13.0,466,56.0" /></mjloggm>