<mjloggm ver="2.3"><GO type="225" lobby="0"/><UN n0="%E3%81%B5%E3%81%8B%E3%81%BF" n1="%E3%81%AA%E3%81%A3%E3%81%8D%E3%82%8A" n2="%E3%82%B4%E3%83%9F%E3%82%AF%E3%82%BA%E4%B8%83%E6%AE%B5" n3="%E5%B0%B1%E6%B4%BB%E7%94%9F%40%E5%B7%9D%E6%9D%91%E8%BB%8D%E5%9B%A3" dan="17,16,16,16" rate="2146.51,2104.91,2038.88,2093.91" sx="F,M,F,M"/><TAIKYOKU oya="0"/><INIT seed="0,0,0,5,5,118" ten="250,250,250,250" oya="0" hai0="70,14,124,79,5,121,132,7,74,58,78,98,9" hai1="105,102,69,104,21,49,99,38,63,50,37,127,113" hai2="10,120,23,91,116,129,65,68,134,20,87,42,135" hai3="40,133,93,90,64,4,3,6,83,101,97,8,17"/><T19/><D70/><U1/><E127/><V109/><F109/><W47/><G133/><N who="2" m="50697" /><F129/><W28/><G64/><T84/><D132/><U60/><E113/><V126/><F126/><W72/><G28/><T76/><D74/><U57/><E1/><V24/><F116/><W25/><G6/><N who="0" m="2059" /><D121/><U33/><E33/><V71/><F10/><W2/><G2/><T39/><D39/><U51/><E105/><V122/><F42/><W52/><G17/><T34/><D34/><U130/><E130/><V75/><F75/><W35/><G25/><T117/><D117/><U12/><E69/><N who="2" m="26699" /><F65/><W43/><G35/><T94/><D124/><U114/><E114/><V66/><F66/><W46/><G72/><T16/><D58/><U18/><E63/><V110/><F110/><W48/><G46/><T88/><D19/><U59/><REACH who="1" step="1"/><E57/><REACH who="1" ten="250,240,250,250" step="2"/><V86/><F122/><W26/><G26/><T31/><D31/><U44/><E44/><V62/><F120/><W115/><G115/><T103/><D103/><U89/><E89/><V55/><F91/><W41/><G101/><T107/><D107/><U32/><E32/><V131/><F131/><W119/><G119/><T15/><D15/><U22/><E22/><N who="2" m="8235" /><F24/><W53/><G90/><T27/><D27/><U61/><E61/><V112/><F112/><W108/><G108/><T13/><D14/><U30/><E30/><V125/><F125/><W100/><G83/><AGARI ba="0,1" hai="9,13,16,76,78,79,83,84,88,94,98" m="2059" machi="83" ten="30,5800,0" yaku="8,1,54,2" doraHai="118" who="0" fromWho="3" sc="250,68,240,0,250,0,250,-58" /><INIT seed="0,1,0,0,0,51" ten="318,240,250,192" oya="0" hai0="85,64,94,96,68,27,120,7,46,32,127,72,129" hai1="124,100,28,118,133,11,12,107,24,113,91,117,31" hai2="53,42,93,47,34,88,101,52,16,56,80,76,29" hai3="36,87,79,61,122,86,69,65,50,92,111,77,134"/><T128/><D72/><U2/><E107/><V98/><F34/><W43/><G122/><T60/><D120/><U103/><E91/><V112/><F112/><W54/><G134/><T63/><D127/><U109/><E124/><V70/><F70/><W20/><G111/><T44/><D7/><N who="1" m="1527" /><E103/><V130/><F130/><N who="0" m="50282" /><D85/><U123/><E100/><V99/><F29/><W131/><G131/><T62/><D27/><U66/><E66/><V132/><F132/><W58/><G20/><T48/><D32/><U1/><E1/><V89/><F16/><W67/><G67/><T104/><D104/><U9/><E123/><V115/><F115/><W126/><G126/><T23/><D23/><N who="1" m="15391" /><E133/><V35/><F35/><W71/><G71/><T106/><D106/><U4/><E113/><V49/><F101/><W125/><G125/><T75/><D75/><U18/><E31/><V38/><F99/><W119/><G119/><N who="1" m="45578" /><E109/><V10/><F98/><W6/><G6/><AGARI ba="1,0" hai="4,6,9,12,18" m="45578,15391,1527" machi="6" ten="30,2000,0" yaku="34,2" doraHai="51" who="1" fromWho="3" sc="318,0,240,23,250,0,192,-23" /><INIT seed="1,0,0,0,1,43" ten="318,263,250,169" oya="1" hai0="32,80,133,74,6,112,20,98,14,75,47,92,67" hai1="81,3,135,118,49,50,72,23,33,4,127,16,130" hai2="19,15,90,68,22,110,131,26,106,54,114,56,103" hai3="124,115,17,61,87,93,107,89,96,41,38,134,88"/><U45/><E118/><V97/><F110/><W34/><G115/><T125/><D32/><U101/><E33/><V116/><F131/><W18/><G34/><T52/><D112/><U126/><E130/><V44/><F114/><W5/><G124/><N who="1" m="47658" /><E135/><V86/><F116/><W73/><G134/><T129/><D129/><U39/><E101/><V117/><F117/><W83/><G5/><T119/><D133/><U76/><E4/><V64/><F68/><W104/><G73/><T100/><D125/><U79/><E79/><V27/><F64/><W31/><G31/><T62/><D119/><U24/><E3/><V53/><F53/><W108/><G108/><T70/><D80/><U29/><E29/><V37/><F37/><W8/><G61/><T57/><D6/><U69/><E69/><V128/><F128/><W46/><REACH who="3" step="1"/><G8/><REACH who="3" ten="318,263,250,159" step="2"/><T40/><D74/><U51/><E39/><V82/><REACH who="2" step="1"/><F44/><AGARI ba="0,1" hai="16,23,24,44,45,49,50,51,72,76,81" m="47658" machi="44" ten="30,11600,0" yaku="18,1,52,2,54,1" doraHai="43" who="1" fromWho="2" sc="318,0,263,126,250,-116,159,0" /><INIT seed="1,1,0,3,5,79" ten="318,389,134,159" oya="1" hai0="105,53,0,131,89,16,114,111,57,100,29,112,97" hai1="69,98,71,22,2,122,35,15,32,76,39,52,120" hai2="107,87,5,70,17,61,4,132,99,26,24,44,95" hai3="45,46,67,21,117,121,28,125,58,20,96,82,47"/><U41/><E52/><V127/><F132/><W34/><G121/><N who="1" m="46698" /><E22/><N who="3" m="8810" /><G34/><N who="1" m="12842" /><E15/><V33/><F127/><W10/><G125/><T102/><D53/><U60/><E60/><V62/><F33/><W88/><G117/><T1/><D57/><U55/><E55/><V54/><F26/><W50/><G28/><T31/><D89/><U113/><E113/><V74/><F24/><W123/><G123/><T75/><D112/><U38/><E76/><V106/><F70/><N who="1" m="26633" /><E41/><V23/><F23/><W108/><G108/><T83/><D111/><U134/><E98/><V18/><F62/><N who="3" m="38359" /><G10/><T133/><D114/><U66/><E66/><V49/><F61/><W72/><G72/><T86/><D75/><U104/><E104/><V73/><F74/><W48/><G96/><T135/><D97/><U80/><E134/><V126/><F73/><W78/><G78/><T109/><D105/><N who="2" m="39946" /><F126/><W36/><G36/><T85/><D109/><U101/><E101/><V25/><F99/><W118/><G118/><T13/><D135/><U12/><E2/><V115/><F115/><W51/><G51/><T11/><D133/><U14/><E38/><V42/><F25/><W3/><G3/><T7/><D0/><U59/><E39/><V56/><F56/><W94/><G94/><T27/><D102/><U19/><E59/><V116/><F116/><W129/><G129/><T130/><D100/><U37/><E37/><V84/><F95/><W128/><G128/><T110/><D131/><U43/><E14/><V91/><F49/><W103/><G103/><T93/><D130/><U64/><E12/><V119/><F119/><RYUUKYOKU ba="1,0" sc="318,-10,389,-10,134,-10,159,30" hai3="45,46,47,48,50,82,88" /><INIT seed="2,2,0,0,4,56" ten="308,379,124,189" oya="2" hai0="102,73,87,68,26,57,71,52,42,49,50,67,132" hai1="92,41,11,15,51,120,74,77,47,118,122,36,59" hai2="110,128,9,83,115,97,88,75,37,66,111,84,93" hai3="44,81,6,7,116,90,18,78,48,103,126,14,109"/><V82/><F115/><W20/><G109/><N who="2" m="41481" /><F128/><W23/><G116/><T55/><D73/><U101/><E118/><V34/><F34/><W117/><G117/><T96/><D132/><U31/><E31/><V43/><F66/><W125/><G103/><T127/><D127/><N who="3" m="48649" /><G90/><T12/><D42/><U89/><E101/><N who="2" m="60591" /><F9/><W135/><G23/><T45/><D67/><U100/><E100/><V123/><F123/><W24/><G24/><T107/><D26/><U62/><E122/><V46/><F75/><N who="3" m="43231" /><G135/><T69/><D87/><U10/><E74/><V3/><F82/><W112/><G112/><T1/><D1/><AGARI ba="2,0" hai="1,3,37,43,46,83,84,88" m="60591,41481" machi="1" ten="30,5800,0" yaku="14,1,10,1,54,1" doraHai="56" who="2" fromWho="0" sc="308,-64,379,0,124,64,189,0" /><INIT seed="2,3,0,0,4,94" ten="244,379,188,189" oya="2" hai0="87,58,15,109,27,131,132,111,106,1,133,101,3" hai1="19,116,29,135,77,67,71,40,50,76,110,44,79" hai2="74,81,35,63,85,49,134,120,91,33,99,59,16" hai3="34,130,124,119,82,62,53,57,125,14,93,4,83"/><V88/><F120/><W112/><G34/><T41/><D131/><U64/><E116/><V108/><F74/><W80/><G119/><T96/><D41/><U11/><E135/><N who="0" m="51785" /><D15/><N who="1" m="7679" /><E71/><V10/><F134/><W118/><G130/><T104/><D104/><U121/><E121/><V92/><F108/><N who="0" m="41546" /><D58/><U23/><E110/><V105/><F105/><W51/><G118/><T22/><D87/><U6/><E6/><V100/><F49/><W122/><G112/><T2/><D1/><U115/><E115/><V69/><F69/><W103/><G122/><T13/><D13/><U107/><E107/><V38/><F38/><W30/><G14/><T89/><D89/><U48/><E48/><V45/><F45/><W17/><G4/><T65/><D65/><U61/><E61/><V128/><F128/><W54/><G62/><T8/><D8/><U55/><E40/><V20/><F10/><W102/><G54/><T37/><D37/><U114/><E114/><V32/><F100/><W86/><G102/><T31/><AGARI ba="3,0" hai="2,3,22,27,31,96,101,106" m="41546,51785" machi="31" ten="30,4000,0" yaku="20,1,14,1,52,1" doraHai="94" who="0" fromWho="0" sc="244,49,379,-13,188,-23,189,-13" /><INIT seed="3,0,0,2,3,106" ten="293,366,165,176" oya="3" hai0="93,36,60,113,49,13,63,97,86,17,77,15,103" hai1="69,65,9,88,38,0,64,41,42,76,112,110,2" hai2="71,121,34,92,11,21,116,5,70,125,62,117,73" hai3="89,95,48,99,107,115,46,102,109,100,128,83,101"/><W127/><G115/><T67/><D36/><U90/><E38/><V87/><F34/><W123/><G123/><T26/><D113/><U80/><E112/><V56/><F121/><W8/><G127/><T12/><D49/><U25/><E25/><V105/><F105/><W72/><G128/><T91/><D77/><U108/><E80/><V74/><F125/><W124/><G124/><T55/><D55/><U75/><E76/><V51/><F21/><W118/><G118/><T78/><D78/><U40/><E75/><V27/><F27/><W131/><G109/><N who="1" m="42090" /><E9/><V98/><F87/><W132/><G131/><T1/><D1/><N who="1" m="619" /><E69/><V53/><F116/><W6/><G132/><T114/><D67/><AGARI ba="0,0" hai="40,41,42,64,65,67,88,90" m="619,42090" machi="67" ten="40,8000,1" yaku="28,2,14,1,54,1" doraHai="106" who="1" fromWho="0" sc="293,-80,366,80,165,0,176,0" owari="213,1.0,446,54.0,165,-33.0,176,-22.0" /></mjloggm>