<mjloggm ver="2.3"><GO type="169" lobby="0"/><UN n0="%E6%AF%94%E5%98%89%E7%A7%80%E4%BB%81" n1="%E7%AA%93%E4%BB%98%E3%81%8D%2E" n2="%74%6F%72%69%30%36%31%32" n3="%E3%82%A6%E3%83%AB%E3%83%88%E3%83%A9%E7%AB%8B%E7%9B%B4" dan="17,16,17,17" rate="2149.80,2007.91,2164.67,2166.18" sx="M,F,M,M"/><TAIKYOKU oya="0"/><INIT seed="0,0,0,4,0,123" ten="250,250,250,250" oya="0" hai0="92,131,26,46,87,16,83,59,45,132,19,89,120" hai1="124,20,106,71,98,85,56,51,125,130,66,65,53" hai2="10,33,9,133,117,79,6,43,50,96,54,29,49" hai3="127,52,38,1,135,100,101,129,62,116,107,69,122"/><T118/><D131/><U68/><E106/><V58/><F133/><W126/><G52/><T32/><D132/><U94/><E85/><V111/><F79/><W39/><G62/><T97/><D120/><U74/><E74/><V81/><F81/><W75/><G101/><T134/><D134/><U63/><E20/><V0/><F117/><W99/><G99/><T2/><D2/><U21/><E21/><V44/><F9/><W112/><G100/><T42/><D118/><U13/><E13/><V115/><F115/><W103/><G103/><T84/><D59/><N who="1" m="33215" /><E94/><V7/><F7/><W31/><G31/><T47/><D32/><U3/><E3/><V18/><F96/><W113/><G39/><T23/><D19/><U48/><E98/><V14/><F111/><W119/><G112/><T95/><D87/><U4/><E4/><V128/><F128/><W72/><G72/><T108/><D108/><U70/><E130/><V91/><F91/><W90/><G90/><T25/><D25/><U17/><E17/><V73/><F73/><W27/><G27/><T105/><D105/><U40/><E65/><V8/><F29/><W41/><G41/><T30/><D30/><U15/><E15/><V11/><F11/><W109/><G119/><T60/><D42/><U34/><E34/><AGARI ba="0,0" hai="1,34,38,69,75,107,109,113,116,122,126,127,129,135" machi="34" ten="0,32000,5" yakuman="47" doraHai="123" who="3" fromWho="1" sc="250,0,250,-320,250,0,250,320" owari="250,5.0,-70,-57.0,250,-15.0,570,67.0" /></mjloggm>