<mjloggm ver="2.3"><GO type="169" lobby="0"/><UN n0="%7A%65%6C%64%69%6E%61" n1="%E5%9C%B0%E7%90%83%E5%A7%94%E5%93%A1%E9%95%B7" n2="%E3%82%A6%E3%83%AB%E3%83%88%E3%83%A9%E7%AB%8B%E7%9B%B4" n3="%E3%83%90%E3%82%B9%E3%82%BF%E3%83%BC%E5%90%9B" dan="17,16,17,16" rate="2233.29,2045.38,2149.30,2175.65" sx="M,M,M,M"/><TAIKYOKU oya="0"/><INIT seed="0,0,0,4,3,40" ten="250,250,250,250" oya="0" hai0="56,133,89,106,127,115,114,8,58,92,100,72,80" hai1="57,125,76,102,121,94,10,22,68,134,103,79,101" hai2="128,26,119,83,29,81,55,66,6,117,65,37,41" hai3="24,62,132,104,86,120,99,96,46,60,118,33,34"/><T16/><D106/><U64/><E68/><V97/><F6/><W75/><G75/><T30/><D30/><U19/><E10/><V71/><F97/><W109/><G118/><T70/><D70/><U45/><E121/><V42/><F55/><W73/><G73/><T35/><D35/><U90/><E125/><V124/><F71/><W110/><G120/><T23/><D127/><U129/><E129/><V113/><F29/><W50/><G86/><T135/><D8/><U36/><E57/><N who="0" m="22121" /><D100/><U85/><E64/><V13/><F37/><W105/><G24/><N who="0" m="14439" /><D80/><U54/><E134/><N who="0" m="51209" /><D72/><U131/><E131/><V98/><F83/><W17/><G132/><T49/><D49/><U43/><REACH who="1" step="1"/><E54/><REACH who="1" ten="250,240,250,250" step="2"/><V77/><F128/><W126/><G126/><T9/><D9/><U0/><E0/><V84/><F124/><W51/><G17/><T25/><D25/><AGARI ba="0,1" hai="19,22,25,36,43,45,76,79,85,90,94,101,102,103" machi="25" ten="40,2600,0" yaku="1,1,52,1,53,0" doraHai="40" doraHaiUra="3" who="1" fromWho="0" sc="250,-26,240,36,250,0,250,0" /><INIT seed="1,0,0,2,5,10" ten="224,276,250,250" oya="1" hai0="48,103,44,121,53,80,118,56,51,82,12,29,7" hai1="68,132,89,16,126,31,79,46,60,120,28,99,122" hai2="101,130,26,127,13,90,107,129,35,135,115,114,131" hai3="93,27,11,77,76,87,42,73,5,47,19,134,14"/><U117/><E79/><V40/><F101/><W0/><G73/><T4/><D121/><U52/><E117/><V91/><F107/><W9/><G134/><T22/><D118/><U41/><E132/><V123/><F123/><W36/><G93/><T72/><D72/><U24/><E126/><V75/><F75/><W6/><G87/><T86/><D103/><U98/><E31/><N who="2" m="19959" /><F40/><W100/><G100/><T83/><D86/><U63/><E63/><V45/><F45/><W62/><G62/><T125/><D125/><U59/><E68/><V50/><F50/><W110/><G110/><T78/><D78/><U94/><E99/><V38/><F38/><W57/><G57/><T18/><REACH who="0" step="1"/><D29/><REACH who="0" ten="214,276,250,250" step="2"/><U67/><E120/><V119/><F119/><W66/><G77/><T111/><D111/><U85/><E122/><V20/><F127/><W133/><G76/><T124/><D124/><U70/><E85/><V81/><F135/><W58/><G133/><T71/><D71/><U17/><E70/><V32/><F91/><W105/><G105/><T61/><D61/><U21/><REACH who="1" step="1"/><E67/><REACH who="1" ten="214,266,250,250" step="2"/><V34/><F90/><W25/><G66/><T23/><D23/><U3/><E3/><V106/><F20/><W109/><G109/><T84/><D84/><U112/><E112/><V1/><F115/><W15/><G0/><T8/><D8/><U88/><E88/><V64/><F114/><W102/><G11/><T30/><D30/><U43/><E43/><AGARI ba="0,2" hai="4,7,12,18,22,43,44,48,51,53,56,80,82,83" machi="43" ten="40,5200,0" yaku="1,1,8,1,52,1,53,0" doraHai="10" doraHaiUra="113" who="0" fromWho="1" sc="214,72,266,-52,250,0,250,0" /><INIT seed="2,0,0,2,3,60" ten="286,214,250,250" oya="2" hai0="126,123,28,1,105,103,111,114,22,4,9,88,56" hai1="92,80,71,11,47,52,41,51,14,57,116,73,122" hai2="23,112,100,21,110,89,43,115,39,120,84,55,133" hai3="24,67,15,72,58,131,31,86,37,108,44,54,10"/><V81/><F120/><W48/><G72/><T17/><D103/><U78/><E122/><V33/><F33/><W83/><G131/><T66/><D105/><U65/><E116/><V99/><F133/><W35/><G108/><T0/><D123/><U40/><E92/><V2/><F2/><W46/><G37/><T129/><D111/><U49/><E71/><V34/><F34/><W25/><G25/><T13/><D114/><U77/><E77/><V104/><F110/><W8/><G8/><T128/><D126/><U61/><REACH who="1" step="1"/><E49/><REACH who="1" ten="286,204,250,250" step="2"/><V26/><F112/><W130/><G130/><T7/><D129/><U79/><E79/><V30/><F115/><W74/><G74/><T109/><D128/><U69/><E69/><V98/><F39/><W95/><G95/><T107/><D107/><U68/><E68/><V70/><F70/><W75/><G75/><T124/><D124/><U20/><E20/><V117/><F117/><W132/><G132/><T45/><D22/><U38/><E38/><V125/><F125/><W63/><G83/><T134/><D134/><U121/><E121/><V27/><F23/><W94/><G94/><T101/><D109/><U12/><E12/><V42/><F27/><W19/><G86/><T85/><D13/><U96/><E96/><V91/><F99/><W5/><G5/><AGARI ba="0,1" hai="5,11,14,40,41,47,51,52,57,61,65,73,78,80" machi="5" ten="30,7700,0" yaku="1,1,7,1,52,1,54,1,53,0" doraHai="60" doraHaiUra="93" who="1" fromWho="3" sc="286,0,204,87,250,0,250,-77" /><INIT seed="3,0,0,5,3,37" ten="286,291,250,173" oya="3" hai0="99,94,72,120,68,103,29,133,21,124,84,13,54" hai1="114,45,83,25,91,11,52,85,36,108,110,129,9" hai2="55,18,104,17,98,5,71,23,115,62,16,105,7" hai3="31,61,77,135,57,40,97,30,130,128,32,19,2"/><W47/><G2/><T64/><D72/><U117/><E114/><V123/><F123/><W35/><G77/><T28/><D124/><U53/><E129/><N who="3" m="49770" /><G135/><T93/><D133/><U33/><E117/><V107/><F115/><W87/><G87/><T125/><D125/><U109/><E36/><V6/><F98/><W26/><G97/><T60/><D54/><N who="1" m="21099" /><E45/><V86/><F86/><W12/><G31/><AGARI ba="0,0" hai="9,11,25,31,33,83,85,91,108,109,110" m="21099" machi="31" ten="40,2600,0" yaku="14,1,54,1" doraHai="37" who="1" fromWho="3" sc="286,0,291,26,250,0,173,-26" /><INIT seed="4,0,0,0,5,9" ten="286,317,250,147" oya="0" hai0="132,74,55,92,117,56,106,6,114,135,43,44,54" hai1="91,60,70,34,42,63,129,69,122,116,118,18,21" hai2="16,100,87,107,29,46,88,3,119,49,71,41,66" hai3="120,108,27,77,38,134,105,104,15,110,72,65,31"/><T19/><D106/><U50/><E34/><V89/><F3/><W67/><G38/><T58/><D74/><U115/><E122/><V35/><F119/><W75/><G120/><T23/><D117/><U68/><E129/><V61/><F87/><W83/><G134/><N who="0" m="51243" /><D6/><U73/><E73/><V102/><F16/><W103/><G72/><T126/><D114/><U47/><E91/><V53/><F53/><N who="0" m="19978" /><D92/><U22/><E22/><V30/><F30/><W14/><G104/><T52/><N who="0" m="19986" /><T84/><DORA hai="59" /><D84/><U40/><E115/><V17/><F17/><W101/><G105/><T45/><D126/><U112/><E112/><V80/><F80/><W79/><G83/><T98/><D98/><U64/><E116/><V4/><F4/><W85/><G75/><T62/><D43/><U24/><E118/><V57/><F102/><W96/><G85/><T5/><D5/><U125/><E40/><V51/><F100/><W32/><G96/><T25/><D56/><U28/><E125/><V8/><F57/><W37/><G101/><T86/><D86/><U26/><E64/><AGARI ba="0,0" hai="19,23,25,44,45,58,62,64" m="19986,51243" machi="64" ten="40,7700,0" yaku="20,1,52,1,54,1" doraHai="9,59" who="0" fromWho="1" sc="286,77,317,-77,250,0,147,0" /><INIT seed="4,1,0,4,0,123" ten="363,240,250,147" oya="0" hai0="105,109,130,107,21,64,131,94,83,59,68,40,44" hai1="8,48,76,47,129,49,80,50,22,14,98,115,113" hai2="119,75,6,25,5,89,30,126,103,28,35,24,51" hai3="114,70,16,53,12,132,7,58,19,33,17,93,43"/><T87/><D109/><U133/><E129/><N who="0" m="49161" /><D94/><U1/><E1/><V65/><F75/><W116/><G70/><T121/><D21/><U31/><E98/><V9/><F65/><W63/><G33/><T37/><D68/><U41/><E133/><V52/><F103/><W96/><G116/><T124/><D124/><U92/><E92/><V78/><F78/><W36/><G132/><T15/><D15/><U101/><E101/><V61/><F61/><W134/><G134/><T108/><D108/><U60/><E60/><V71/><F71/><W27/><G114/><N who="1" m="43530" /><E22/><V106/><F106/><W55/><G55/><T39/><D39/><U4/><E31/><V67/><F67/><W72/><G72/><AGARI ba="1,0" hai="4,8,14,41,47,48,49,50,72,76,80" m="43530" machi="72" ten="30,2000,0" yaku="15,1,11,1" doraHai="123" who="1" fromWho="3" sc="363,0,240,23,250,0,147,-23" /><INIT seed="5,0,0,3,3,129" ten="363,263,250,124" oya="1" hai0="19,53,123,36,67,15,21,78,29,60,56,77,18" hai1="96,95,13,63,130,85,70,86,42,105,132,117,104" hai2="79,5,109,121,1,61,24,57,6,26,133,112,33" hai3="81,135,40,88,82,58,51,84,66,35,3,27,71"/><U73/><E42/><V16/><F121/><W54/><G3/><T38/><D123/><U22/><E70/><V34/><F79/><N who="0" m="30218" /><D38/><U118/><E63/><V102/><F102/><W47/><G35/><T94/><D36/><U100/><E22/><V68/><F57/><W111/><G111/><T17/><D94/><U32/><E32/><V91/><F91/><W128/><G128/><T2/><D2/><U64/><E64/><V9/><F61/><N who="3" m="40399" /><G27/><N who="0" m="16623" /><D53/><U92/><E13/><AGARI ba="0,0" hai="13,15,17,18,19,56,60,67" m="16623,30218" machi="13" ten="30,1000,0" yaku="8,1" doraHai="129" who="0" fromWho="1" sc="363,10,263,-10,250,0,124,0" /><INIT seed="6,0,0,1,5,95" ten="373,253,250,124" oya="2" hai0="1,16,73,114,81,104,26,100,64,86,121,82,132" hai1="101,22,39,63,120,54,107,45,23,8,103,0,60" hai2="74,51,7,126,72,25,20,49,48,10,116,90,35" hai3="115,94,9,38,55,75,124,31,56,67,37,135,69"/><V12/><F35/><W76/><G31/><T117/><D1/><U15/><E0/><V91/><F116/><W40/><G76/><N who="0" m="44175" /><D16/><N who="1" m="8295" /><E120/><V3/><F3/><W62/><G9/><T47/><D26/><U83/><E107/><V13/><F126/><W50/><G75/><T97/><D47/><U113/><E113/><V84/><F13/><W78/><G78/><N who="0" m="46423" /><D64/><U88/><E39/><V96/><F90/><W112/><G94/><T123/><D132/><U106/><E106/><V27/><F96/><W2/><G2/><T58/><D58/><U36/><E36/><V30/><REACH who="2" step="1"/><F25/><REACH who="2" ten="373,253,240,124" step="2"/><W77/><G124/><T109/><D117/><U130/><E88/><V17/><F17/><W19/><G19/><T127/><D127/><U80/><E130/><V134/><F134/><W5/><G77/><T32/><D32/><U53/><E101/><V93/><AGARI ba="0,1" hai="7,10,12,20,27,30,48,49,51,72,74,84,91,93" machi="93" ten="30,3000,0" yaku="1,1,0,1,53,0" doraHai="95" doraHaiUra="108" who="2" fromWho="2" sc="373,-10,253,-10,240,40,124,-10" /><INIT seed="6,1,0,5,4,14" ten="363,243,280,114" oya="2" hai0="114,12,11,19,4,15,79,86,31,108,106,88,99" hai1="125,122,28,43,85,70,78,27,17,73,39,93,56" hai2="126,8,51,67,46,87,109,115,40,90,68,21,25" hai3="44,3,74,75,71,13,37,22,33,98,42,49,112"/><V129/><F126/><W120/><G33/><T127/><D108/><U45/><E70/><V113/><F129/><W111/><G3/><T89/><D114/><N who="2" m="43530" /><F8/><W2/><G2/><T76/><D127/><U101/><E125/><V47/><F47/><W65/><G120/><T62/><D31/><U7/><E122/><V94/><F109/><W26/><G111/><T130/><D130/><U80/><E7/><V69/><F67/><W52/><G13/><T66/><D99/><U131/><E131/><V38/><F38/><W34/><G98/><T10/><D106/><U0/><E0/><V55/><F55/><W81/><G34/><T53/><D53/><U50/><E56/><V133/><F133/><W29/><G81/><N who="0" m="49231" /><D89/><U77/><E39/><V84/><F84/><W134/><G134/><T82/><D82/><U48/><E48/><V117/><F117/><W58/><REACH who="3" step="1"/><G112/><REACH who="3" ten="363,243,280,104" step="2"/><T54/><D12/><U64/><E27/><V116/><F116/><W18/><G18/><AGARI ba="1,1" hai="18,21,25,40,46,51,68,69,87,90,94" m="43530" machi="18" ten="30,2900,0" yaku="15,1,52,1" doraHai="14" who="2" fromWho="3" sc="363,0,243,0,280,42,104,-32" /><INIT seed="6,2,0,4,2,83" ten="363,243,322,72" oya="2" hai0="5,30,85,53,46,56,67,112,9,108,113,100,3" hai1="98,66,10,80,97,71,24,52,93,95,38,17,58" hai2="127,12,29,49,116,128,11,23,94,62,34,41,102" hai3="47,7,20,69,79,21,22,19,63,4,109,72,84"/><V64/><F34/><W132/><G72/><T106/><D108/><U60/><E38/><V73/><F73/><W70/><G109/><T119/><D30/><U26/><E10/><V91/><F102/><W133/><G47/><T8/><D67/><U131/><E131/><V33/><F33/><W122/><G19/><T78/><D46/><U88/><E80/><V118/><F127/><W0/><G0/><T65/><D65/><U57/><E17/><V126/><F126/><W77/><G63/><N who="0" m="36239" /><D119/><U45/><E45/><V115/><F128/><W36/><G36/><T76/><D85/><U111/><E111/><V89/><F115/><N who="0" m="44106" /><D8/><U81/><E81/><V82/><F82/><W32/><G32/><T87/><D87/><N who="1" m="52383" /><E71/><V123/><F123/><W18/><G18/><T68/><D68/><U55/><E66/><V107/><F107/><W27/><G27/><N who="1" m="10282" /><E95/><V103/><F29/><W48/><G122/><T114/><D114/><U104/><E104/><V110/><F110/><W125/><G125/><T105/><D105/><U92/><E92/><V99/><F23/><W16/><G16/><T54/><D54/><U28/><E28/><V130/><F130/><W135/><G84/><T86/><D86/><U134/><E134/><V15/><F118/><W75/><G75/><T59/><D59/><U44/><E44/><N who="2" m="25743" /><F116/><W37/><G37/><T35/><D35/><U74/><E74/><V25/><F25/><W39/><G39/><T101/><D106/><U117/><E117/><V13/><F11/><W51/><G22/><T42/><D42/><U61/><AGARI ba="2,0" hai="52,55,57,58,60,61,97,98" m="10282,52383" machi="61" ten="30,7900,0" yaku="8,1,52,1,54,2" doraHai="83" who="1" fromWho="1" sc="363,-22,243,85,322,-41,72,-22" /><INIT seed="7,0,0,3,4,67" ten="341,328,281,50" oya="3" hai0="53,52,50,21,107,59,3,111,17,87,22,24,36" hai1="75,105,131,73,45,18,126,130,55,134,72,46,119" hai2="33,26,85,96,56,78,98,15,128,132,19,129,40" hai3="32,110,7,6,71,65,77,62,106,43,109,79,1"/><W23/><G32/><T135/><D36/><U93/><E105/><V80/><F40/><W64/><G106/><T83/><D3/><U60/><E134/><V63/><F132/><W30/><G43/><T42/><D111/><N who="3" m="42505" /><G64/><T104/><D135/><U74/><E126/><V120/><F120/><W112/><G112/><T20/><D42/><U94/><E18/><V9/><F33/><W92/><G92/><N who="1" m="35434" /><E119/><V91/><F26/><N who="3" m="16735" /><G1/><T14/><D107/><U68/><N who="1" m="18432" /><DORA hai="49" /><U4/><E4/><AGARI ba="0,0" hai="4,6,7,62,65,71,77,79" m="16735,42505" machi="4" ten="30,2900,0" yaku="10,1,52,1" doraHai="67,49" who="3" fromWho="1" sc="341,0,328,-29,281,0,50,29" /><INIT seed="7,1,0,2,5,9" ten="341,299,281,79" oya="3" hai0="28,3,82,83,68,14,12,101,42,91,76,13,88" hai1="22,44,130,79,33,59,8,34,94,57,92,20,85" hai2="135,121,134,21,80,24,70,103,61,128,110,4,23" hai3="52,93,25,87,90,115,112,84,122,107,105,41,72"/><W78/><G41/><T45/><D68/><U125/><E44/><V89/><F110/><W31/><G122/><T49/><D3/><U129/><E8/><V43/><F103/><W6/><G6/><T71/><D71/><U16/><E79/><V40/><F4/><W67/><G67/><T114/><D114/><N who="3" m="43561" /><G72/><T74/><D101/><U56/><E85/><N who="2" m="50343" /><F121/><W0/><G0/><T29/><REACH who="0" step="1"/><D82/><REACH who="0" ten="331,299,281,79" step="2"/><U2/><E2/><V104/><F104/><W131/><G131/><N who="1" m="50186" /><E125/><V69/><F128/><W39/><G39/><T64/><D64/><U98/><E98/><V127/><F127/><W38/><G38/><T48/><D48/><U97/><E97/><V11/><F70/><W15/><G78/><T46/><D46/><U116/><E116/><V55/><F69/><W5/><G84/><T133/><D133/><U17/><E57/><V32/><F135/><W117/><G117/><T118/><D118/><U113/><E56/><V54/><F134/><W19/><G5/><T7/><D7/><U95/><E59/><V26/><F43/><W123/><G123/><T53/><D53/><U63/><E113/><V106/><F40/><W10/><G52/><T81/><D81/><U58/><E58/><V119/><F119/><W102/><G102/><T86/><D86/><U73/><E73/><V1/><F55/><W18/><G18/><N who="1" m="7274" /><E63/><V96/><F61/><W109/><G109/><T126/><D126/><U47/><E47/><V50/><F54/><W132/><G132/><T37/><D37/><U65/><E65/><V30/><F50/><W51/><G51/><T66/><D66/><RYUUKYOKU ba="1,1" sc="331,10,299,10,281,-30,79,10" hai0="12,13,14,28,29,42,45,49,74,76,83,88,91" hai1="20,22,33,34,92,94,95" hai3="10,15,19,25,31,87,90,93,105,107" /><INIT seed="7,2,1,4,2,132" ten="341,309,251,89" oya="3" hai0="108,20,55,28,70,35,77,61,118,13,66,38,100" hai1="69,33,19,111,96,9,15,65,46,98,91,119,72" hai2="90,124,59,56,47,82,2,37,133,94,103,122,27" hai3="121,58,68,71,39,109,3,134,7,123,88,106,17"/><W89/><G39/><T22/><D38/><U34/><E72/><V12/><F2/><W76/><G106/><T53/><D118/><U40/><E111/><V41/><F133/><W84/><G134/><T29/><D77/><U16/><E19/><V126/><F27/><W18/><G109/><T95/><D108/><U57/><E69/><V0/><F0/><W86/><G3/><T30/><D35/><U74/><E74/><V99/><F12/><W114/><G7/><T81/><D81/><U104/><E98/><N who="2" m="57687" /><F82/><W49/><G76/><T93/><D13/><U5/><E5/><V63/><F63/><W11/><G114/><T24/><D93/><U26/><E26/><V80/><F80/><W42/><G58/><T45/><D45/><U83/><E83/><V78/><F78/><W67/><G67/><T73/><D73/><U97/><E97/><V117/><F117/><W1/><G1/><T107/><D107/><U87/><E96/><V44/><F44/><W36/><G36/><T43/><D43/><U105/><E104/><N who="2" m="63615" /><F122/><W62/><G62/><T54/><D24/><U25/><E105/><V128/><F128/><W131/><G131/><T92/><D100/><U125/><E25/><V135/><F135/><W10/><REACH who="3" step="1"/><G42/><REACH who="3" ten="341,309,251,79" step="2"/><T23/><AGARI ba="2,2" hai="20,22,23,28,29,30,53,54,55,61,66,70,92,95" machi="23" ten="40,5200,0" yaku="0,1,29,2" doraHai="132" who="0" fromWho="0" sc="341,78,309,-15,251,-15,79,-28" owari="419,52.0,294,9.0,236,-16.0,51,-45.0" /></mjloggm>