<mjloggm ver="2.3"><GO type="41" lobby="0"/><UN n0="%E5%B9%BB%E3%81%AB%E8%B3%AD%E3%81%91%E3%82%8D" n1="%E5%B0%B1%E6%B4%BB%E7%94%9F%40%E5%B7%9D%E6%9D%91%E8%BB%8D%E5%9B%A3" n2="%77%61%6C%6B" n3="%73%74%61%72%63%72%79" dan="14,16,16,14" rate="1974.21,2151.43,2104.61,1996.36" sx="M,M,M,M"/><TAIKYOKU oya="0"/><INIT seed="0,0,0,2,1,4" ten="250,250,250,250" oya="0" hai0="114,72,37,120,59,129,102,112,69,52,126,8,116" hai1="93,7,62,83,99,121,46,14,108,53,97,117,57" hai2="87,104,19,55,106,125,90,115,134,11,76,31,56" hai3="85,45,71,5,48,75,119,66,41,20,105,2,63"/><T107/><RYUUKYOKU type="yao9" ba="0,0" sc="250,0,250,0,250,0,250,0" hai0="8,37,52,59,69,72,102,107,112,114,116,120,126,129" /><INIT seed="0,1,0,2,3,133" ten="250,250,250,250" oya="0" hai0="97,99,1,114,103,34,88,134,86,96,111,33,98" hai1="14,102,73,37,81,78,17,127,92,79,56,8,9" hai2="4,57,64,42,115,128,131,66,15,116,18,95,120" hai3="48,77,119,51,38,45,94,35,110,26,16,52,36"/><T104/><D1/><U84/><E37/><V11/><F42/><W68/><G119/><T112/><D34/><U50/><E79/><V106/><F106/><W83/><G68/><T87/><D33/><U60/><E50/><V5/><F116/><W59/><G35/><T123/><D123/><U122/><E122/><V89/><F120/><W135/><G135/><T2/><D2/><U63/><E63/><N who="2" m="37999" /><F66/><W32/><G32/><T23/><D23/><U82/><E9/><V27/><F27/><W53/><G94/><N who="0" m="56391" /><D134/><U28/><E28/><V76/><F76/><W31/><G31/><T85/><D111/><U70/><E70/><V29/><F29/><W7/><G7/><T72/><D72/><U74/><E74/><V132/><F132/><W121/><G121/><T71/><D71/><U75/><E75/><V30/><F30/><W3/><G3/><T80/><D80/><U47/><E47/><V40/><F40/><W62/><G62/><T46/><D46/><U10/><E10/><V6/><F115/><AGARI ba="1,0" hai="85,86,87,97,98,99,103,104,112,114,115" m="56391" machi="115" ten="30,5800,0" yaku="34,2,54,1" doraHai="133" who="0" fromWho="2" sc="250,61,250,0,250,-61,250,0" /><INIT seed="0,2,0,3,3,75" ten="311,250,189,250" oya="0" hai0="131,5,100,126,1,17,59,74,97,112,84,110,123" hai1="55,66,95,11,124,13,14,86,92,23,98,58,94" hai2="91,125,78,39,120,24,96,135,40,72,82,29,6" hai3="105,33,41,68,129,101,2,81,93,50,134,32,7"/><T71/><D112/><U20/><E124/><V99/><F120/><W18/><G129/><T19/><D123/><U26/><E66/><V121/><F121/><W67/><G134/><T46/><D71/><U118/><E118/><V30/><F125/><W12/><G93/><T49/><D74/><U60/><E86/><V34/><F30/><W10/><G50/><T42/><D126/><U25/><E98/><V132/><F6/><W27/><G41/><T56/><D131/><U113/><E113/><V54/><F91/><W4/><G4/><T15/><D1/><U28/><REACH who="1" step="1"/><E11/><REACH who="1" ten="311,240,189,250" step="2"/><V53/><F96/><W62/><G18/><AGARI ba="2,1" hai="13,14,18,20,23,25,26,28,55,58,60,92,94,95" machi="18" ten="40,5200,0" yaku="1,1,2,1,8,1,53,0" doraHai="75" doraHaiUra="69" who="1" fromWho="3" sc="311,0,240,68,189,0,250,-58" /><INIT seed="1,0,0,0,5,7" ten="311,308,189,192" oya="1" hai0="65,47,127,53,3,40,10,35,14,89,61,52,123" hai1="11,2,87,24,80,128,59,0,19,39,101,115,16" hai2="96,62,42,120,46,90,57,135,44,126,34,31,4" hai3="88,36,71,113,41,6,85,76,48,28,84,133,72"/><U21/><E39/><V112/><F120/><W95/><G71/><T114/><D114/><U86/><E115/><V81/><F112/><W50/><G36/><T124/><D35/><U13/><E128/><V55/><F126/><N who="0" m="48170" /><D3/><U68/><E68/><V97/><F135/><W63/><G72/><T1/><D1/><U82/><E101/><V132/><F132/><W104/><G104/><T129/><D129/><U32/><E32/><V64/><F44/><W105/><G105/><T110/><D110/><U91/><REACH who="1" step="1"/><E59/><REACH who="1" ten="311,298,189,192" step="2"/><V103/><F103/><W8/><G113/><T99/><D123/><U22/><E22/><V51/><F34/><W17/><G133/><T54/><D99/><U49/><E49/><V38/><F96/><W94/><G63/><T37/><D89/><AGARI ba="0,1" hai="0,2,11,13,16,19,21,24,80,82,86,87,89,91" machi="89" ten="30,18000,2" yaku="1,1,7,1,9,1,52,1,54,1,53,1" doraHai="7" doraHaiUra="5" who="1" fromWho="0" sc="311,-180,298,190,189,0,192,0" /><INIT seed="1,1,0,3,3,96" ten="131,488,189,192" oya="1" hai0="76,94,92,68,103,77,122,7,133,72,6,130,102" hai1="117,57,81,63,54,105,51,8,46,108,58,121,16" hai2="61,131,93,74,71,86,12,123,4,128,84,98,97" hai3="9,91,56,111,11,59,13,89,85,119,129,15,62"/><U115/><E117/><V113/><F74/><W2/><G119/><T90/><D68/><U109/><E121/><V34/><F34/><W82/><G2/><T83/><D122/><U118/><E115/><V112/><F71/><W20/><G20/><T29/><D29/><U53/><E118/><V3/><F3/><W64/><G111/><N who="1" m="42570" /><E105/><V25/><F25/><W5/><G129/><N who="2" m="49737" /><F123/><W47/><G47/><T75/><D130/><U99/><E99/><V124/><F61/><W126/><G126/><T120/><D120/><U114/><E114/><N who="2" m="44139" /><F124/><W48/><G48/><T73/><D133/><U31/><E31/><V1/><F1/><W24/><G24/><T40/><D40/><U66/><E81/><V106/><F12/><W104/><G104/><T14/><D14/><N who="1" m="7239" /><E57/><V60/><F4/><N who="0" m="1578" /><D83/><U27/><E27/><V107/><F107/><W69/><G91/><T30/><D90/><U135/><E135/><V88/><F60/><W32/><G32/><T80/><D80/><U134/><E134/><V45/><F45/><W95/><G82/><T110/><D30/><U87/><E87/><V38/><F86/><W22/><G22/><T36/><D110/><U28/><E28/><V0/><F0/><W100/><G69/><T39/><D94/><U78/><E78/><N who="0" m="30313" /><D92/><U18/><E18/><V49/><F106/><W70/><G70/><T55/><D55/><AGARI ba="1,0" hai="46,51,53,54,55,58,63,66" m="7239,42570" machi="55" ten="30,5800,0" yaku="14,1,10,1,54,1" doraHai="96" who="1" fromWho="0" sc="131,-61,488,61,189,0,192,0" /><INIT seed="1,2,0,1,3,121" ten="70,549,189,192" oya="1" hai0="85,114,124,112,56,81,80,69,36,41,123,98,113" hai1="3,117,134,116,9,73,71,129,102,35,58,43,130" hai2="127,20,12,125,0,82,87,42,39,78,61,79,44" hai3="22,31,5,55,6,10,17,23,59,103,76,52,68"/><U18/><E71/><V75/><F0/><W2/><G68/><T100/><D69/><U32/><E32/><V24/><F61/><W84/><G103/><T89/><D36/><U95/><E73/><V48/><F39/><W11/><G31/><T133/><D41/><U54/><E43/><V115/><F115/><N who="0" m="29442" /><T90/><DORA hai="106" /><D56/><U63/><E35/><V13/><F78/><W28/><G28/><T86/><D133/><U49/><E134/><V57/><F57/><W47/><G47/><T110/><D124/><N who="2" m="47690" /><F87/><N who="0" m="33290" /><D123/><U33/><E33/><V94/><F94/><W21/><G17/><AGARI ba="2,0" hai="12,13,17,20,24,42,44,48,75,79,82" m="47690" machi="17" ten="30,2000,0" yaku="18,1,52,1" doraHai="121,106" who="2" fromWho="3" sc="70,0,549,0,189,26,192,-26" /><INIT seed="2,0,0,5,4,58" ten="70,549,215,166" oya="2" hai0="49,24,9,51,113,41,73,34,18,135,26,42,67" hai1="108,112,80,14,115,53,63,78,102,7,111,27,118" hai2="55,91,15,10,71,82,125,25,52,110,32,57,46" hai3="77,122,107,65,2,98,40,97,11,117,119,36,84"/><V93/><F71/><W120/><G65/><T94/><D73/><U75/><E27/><N who="0" m="10281" /><D34/><U44/><E118/><V101/><F101/><W66/><G66/><T43/><D67/><U114/><E102/><V22/><F125/><W12/><G2/><T70/><D70/><U47/><E7/><V106/><F106/><W88/><G36/><T45/><D113/><U62/><E14/><V56/><F110/><N who="1" m="42025" /><E53/><N who="2" m="20555" /><F46/><AGARI ba="0,0" hai="44,46,47,62,63,75,78,80,112,114,115" m="42025" machi="46" ten="40,5200,0" yaku="14,1,52,2" doraHai="58" who="1" fromWho="2" sc="70,0,549,52,215,-52,166,0" /><INIT seed="3,0,0,4,5,38" ten="70,601,163,166" oya="3" hai0="130,109,16,4,24,15,133,66,80,111,126,86,97" hai1="110,83,132,11,102,32,46,0,56,125,53,57,79" hai2="2,124,95,23,39,135,50,74,116,103,62,113,131" hai3="70,52,8,87,119,10,20,106,18,48,89,91,93"/><W47/><G119/><T105/><D133/><U73/><E110/><N who="0" m="41993" /><D130/><U9/><E32/><V98/><F50/><W22/><G106/><T29/><D126/><U28/><E125/><V1/><F62/><W108/><G70/><T13/><D66/><U128/><E132/><V49/><F49/><W37/><G37/><T81/><D4/><U120/><E120/><V7/><F7/><W69/><G69/><T25/><D15/><U68/><E128/><V44/><F23/><W34/><G34/><N who="0" m="20775" /><D86/><U41/><E68/><V99/><F99/><W63/><G108/><T76/><D76/><U82/><E102/><V123/><F98/><W45/><G45/><T60/><D60/><U78/><E28/><V26/><F44/><W115/><G115/><T31/><D97/><U67/><E67/><V43/><F2/><W104/><G104/><T54/><D54/><U134/><E134/><V33/><F124/><W14/><G63/><T101/><D101/><U122/><E122/><V96/><F123/><W30/><G91/><T36/><D36/><U129/><E129/><V51/><F39/><W88/><G89/><T121/><D105/><U94/><E94/><V55/><F95/><W17/><G30/><T21/><D121/><U112/><E112/><V40/><F113/><W75/><G75/><T127/><D127/><U100/><E100/><V107/><F103/><W27/><AGARI ba="0,0" hai="8,10,14,17,18,20,22,27,47,48,52,87,88,93" machi="27" ten="20,12000,1" yaku="0,1,7,1,8,1,54,2" doraHai="38" who="3" fromWho="3" sc="70,-40,601,-40,163,-40,166,120" /><INIT seed="3,1,0,2,0,31" ten="30,561,123,286" oya="3" hai0="27,51,95,48,2,76,93,33,107,36,77,129,112" hai1="105,124,109,55,100,56,118,28,82,13,50,90,1" hai2="54,66,16,38,61,34,47,26,23,52,103,18,115" hai3="128,83,130,123,126,59,4,42,104,60,70,134,63"/><W101/><G123/><T30/><D107/><U84/><E1/><V92/><F115/><W67/><G4/><T88/><D36/><U85/><E118/><V43/><F18/><W39/><G83/><T9/><D112/><U14/><E124/><V7/><F7/><W97/><G126/><T87/><D129/><N who="3" m="49769" /><G134/><T45/><D2/><U22/><E109/><V12/><F103/><W102/><G102/><T96/><D9/><U80/><E100/><V17/><F92/><W79/><G79/><T127/><D127/><U49/><E105/><V57/><REACH who="2" step="1"/><F34/><REACH who="2" ten="30,561,113,286" step="2"/><W91/><G91/><T62/><D62/><U113/><E113/><V81/><F81/><W69/><G63/><T75/><D75/><U64/><E82/><V3/><F3/><W32/><G32/><T108/><D108/><U37/><E80/><V119/><F119/><W71/><G101/><T120/><D120/><U53/><E28/><V40/><F40/><W65/><G104/><T98/><D51/><U117/><E50/><V15/><F15/><W111/><G111/><T21/><D33/><U106/><E13/><V99/><F99/><N who="0" m="37930" /><D95/><U19/><E37/><V44/><F44/><N who="3" m="23647" /><G97/><T46/><D46/><U35/><E106/><V86/><F86/><W110/><G110/><T94/><D94/><U11/><E117/><V58/><F58/><W89/><G89/><T133/><D133/><U5/><E84/><V125/><F125/><W73/><G73/><T121/><D121/><U122/><E85/><V6/><F6/><W8/><G8/><AGARI ba="1,1" hai="8,12,16,17,23,26,38,43,47,52,54,57,61,66" machi="8" ten="30,8000,1" yaku="1,1,7,1,54,2,53,1" doraHai="31" doraHaiUra="10" who="2" fromWho="3" sc="30,0,561,0,113,93,286,-83" /><INIT seed="4,0,0,4,5,35" ten="30,561,206,203" oya="0" hai0="33,67,93,66,80,134,125,74,72,0,90,124,23" hai1="12,45,122,26,95,118,99,37,69,91,85,83,98" hai2="8,5,105,56,53,50,101,106,109,88,77,103,108" hai3="15,20,62,31,64,6,40,87,4,28,127,30,22"/><T132/><D33/><U55/><E118/><V61/><F77/><W94/><G40/><T129/><D23/><U110/><E122/><V9/><F103/><W79/><G64/><N who="0" m="24619" /><D80/><U27/><E69/><V3/><F9/><W48/><G62/><T116/><D116/><U133/><E133/><N who="0" m="51305" /><D0/><U47/><E110/><V119/><F119/><W16/><G48/><T89/><D93/><U7/><E37/><V57/><F105/><W84/><G127/><N who="0" m="48715" /><D129/><U32/><E32/><V39/><F106/><W17/><G79/><T113/><D113/><U2/><E2/><V92/><F101/><W100/><G100/><T29/><D29/><U65/><E65/><V14/><F3/><W86/><REACH who="3" step="1"/><G94/><REACH who="3" ten="30,561,206,193" step="2"/><T10/><D10/><U24/><E95/><V112/><F112/><W73/><G73/><AGARI ba="0,1" hai="72,73,74,89,90" m="48715,51305,24619" machi="73" ten="40,12000,1" yaku="28,2,20,1,18,1" doraHai="35" who="0" fromWho="3" sc="30,130,561,0,206,0,193,-120" /><INIT seed="4,1,0,1,0,79" ten="160,561,206,73" oya="0" hai0="0,32,83,102,9,33,17,25,13,27,107,131,95" hai1="3,56,87,110,14,98,132,103,35,55,59,24,7" hai2="49,19,111,23,82,21,88,6,85,36,20,53,68" hai3="80,69,30,29,128,11,8,130,73,66,70,38,48"/><T71/><D71/><N who="3" m="27145" /><G66/><T45/><D107/><U120/><E3/><V90/><F68/><W112/><G48/><T37/><D131/><N who="3" m="50217" /><G38/><T67/><D67/><U105/><E120/><V28/><F36/><W41/><G41/><T106/><D106/><U54/><E110/><V134/><F134/><W123/><G123/><T115/><D115/><U84/><E132/><V108/><F6/><W15/><G15/><T62/><D62/><U51/><E24/><N who="0" m="9289" /><D37/><U74/><E35/><N who="0" m="13385" /><D45/><U58/><E74/><V64/><F28/><N who="3" m="10859" /><G112/><T119/><D13/><U43/><E43/><V47/><F64/><W26/><G26/><T129/><D129/><U118/><E118/><V77/><REACH who="2" step="1"/><F19/><REACH who="2" ten="160,561,196,73" step="2"/><W89/><G89/><AGARI ba="1,1" hai="20,21,23,47,49,53,77,82,85,88,89,90,108,111" machi="89" ten="40,8000,1" yaku="1,1,2,1,52,1,54,1,53,1" doraHai="79" doraHaiUra="76" who="2" fromWho="3" sc="160,0,561,0,196,93,73,-83" owari="160,-24.0,561,66.0,289,9.0,-10,-51.0" /></mjloggm>