<mjloggm ver="2.3"><GO type="225" lobby="0"/><UN n0="%E3%81%86%E3%81%A9%E3%82%93%E5%B1%8B" n1="%E3%81%AA%E3%81%A3%E3%81%8D%E3%82%8A" n2="%74%61%74%73%75%37%30%32" n3="%E3%83%88%E3%83%88%E3%83%AA%E5%85%88%E7%94%9F%31%39%E6%AD%B3" dan="17,16,17,17" rate="2156.02,2107.78,2251.81,2188.54" sx="M,M,M,F"/><TAIKYOKU oya="0"/><INIT seed="0,0,0,5,0,40" ten="250,250,250,250" oya="0" hai0="96,120,32,50,44,7,126,78,92,13,49,61,2" hai1="113,118,122,16,55,116,59,108,115,51,28,90,68" hai2="80,46,53,5,4,77,56,84,34,97,25,18,29" hai3="74,75,60,66,82,8,73,69,102,127,21,109,125"/><T101/><D120/><U87/><E122/><V94/><F18/><W1/><G109/><T129/><D2/><U119/><E108/><V100/><REACH who="2" step="1"/><F46/><REACH who="2" ten="250,250,240,250" step="2"/><W135/><G127/><T104/><D126/><U62/><E28/><V114/><F114/><N who="1" m="43529" /><E16/><V99/><F99/><W45/><G45/><T48/><D44/><U41/><E41/><V134/><F134/><W112/><G135/><T37/><D96/><U93/><E119/><V24/><F24/><W70/><G125/><T39/><D7/><U124/><E124/><V67/><F67/><AGARI ba="0,1" hai="51,55,59,62,67,68,87,90,93,116,118" m="43529" machi="67" ten="30,1000,0" yaku="11,1" doraHai="40" who="1" fromWho="2" sc="250,0,250,20,240,-10,250,0" /><INIT seed="1,0,0,0,0,115" ten="250,270,230,250" oya="1" hai0="131,129,47,94,69,22,71,55,29,10,99,85,74" hai1="96,91,25,60,17,50,132,127,124,11,90,45,64" hai2="28,9,31,34,82,98,35,41,76,19,61,130,62" hai3="118,122,81,38,126,107,110,18,20,40,114,103,93"/><U58/><E132/><V53/><F130/><W65/><G122/><T43/><D74/><U109/><E109/><V104/><F41/><W113/><G107/><T13/><D85/><U39/><E39/><V77/><F19/><W16/><G110/><T123/><D55/><N who="1" m="30159" /><E96/><V106/><F53/><W95/><G126/><N who="1" m="48170" /><E25/><V78/><F98/><W86/><G118/><T125/><D125/><U75/><E75/><V0/><F9/><W57/><G40/><T92/><D123/><U79/><E79/><V133/><F78/><W84/><G38/><T42/><D10/><U119/><E119/><V63/><F63/><W33/><G103/><T2/><D99/><U12/><AGARI ba="0,0" hai="11,12,17,58,60,64,90,91" m="48170,30159" machi="12" ten="30,1500,0" yaku="18,1" doraHai="115" who="1" fromWho="1" sc="250,-5,270,15,230,-5,250,-5" /><INIT seed="1,1,0,1,5,57" ten="245,285,225,245" oya="1" hai0="29,94,123,119,92,116,71,131,28,118,1,14,64" hai1="38,30,34,27,6,67,74,68,130,93,56,83,104" hai2="79,102,108,101,26,88,61,107,113,111,110,49,62" hai3="15,117,11,45,89,112,84,80,109,32,8,44,37"/><U103/><E56/><V124/><F124/><W46/><G112/><T72/><D72/><U86/><E6/><V115/><F79/><W75/><G32/><T66/><D1/><U25/><E38/><V85/><F49/><W54/><G109/><T4/><D131/><U33/><E130/><V70/><F26/><W12/><G117/><T135/><D135/><U78/><E27/><V0/><F0/><W105/><G105/><T82/><D123/><U73/><E34/><V58/><F70/><W42/><G75/><T31/><D82/><U98/><REACH who="1" step="1"/><E93/><REACH who="1" ten="245,275,225,245" step="2"/><N who="0" m="35945" /><D4/><U90/><E90/><V133/><F133/><W87/><G37/><T39/><D39/><U17/><E17/><V51/><F102/><W114/><G89/><T65/><D71/><U23/><E23/><V77/><F77/><W120/><G11/><T96/><D14/><U99/><E99/><AGARI ba="1,1" hai="28,29,31,64,65,66,96,99,116,118,119" m="35945" machi="99" ten="40,8000,1" yaku="29,2,28,2" doraHai="57" who="0" fromWho="1" sc="245,93,275,-83,225,0,245,0" /><INIT seed="2,0,0,5,4,126" ten="338,192,225,245" oya="2" hai0="4,18,128,116,37,72,74,55,81,104,108,75,90" hai1="129,69,7,102,35,20,118,58,68,65,117,64,27" hai2="97,21,40,124,5,42,46,85,43,28,99,78,62" hai3="0,66,22,34,94,53,36,49,29,17,44,125,32"/><V23/><F124/><W130/><G125/><T131/><D37/><U115/><E115/><V79/><F5/><W2/><G130/><N who="0" m="49707" /><D108/><U84/><E129/><V24/><F46/><W39/><G94/><T98/><D116/><U33/><E102/><V76/><F85/><W60/><G29/><T38/><D38/><U19/><E7/><V121/><F121/><W31/><G31/><T59/><D4/><U120/><E120/><V61/><REACH who="2" step="1"/><F23/><REACH who="2" ten="338,192,215,245" step="2"/><W113/><G22/><T51/><D75/><U134/><E118/><V52/><F52/><W73/><G53/><T114/><D114/><U92/><E117/><V8/><F8/><W112/><G73/><T96/><D72/><U47/><E47/><V25/><F25/><W93/><G44/><T63/><D74/><U95/><E134/><V80/><F80/><W87/><G87/><T123/><D123/><U16/><E84/><V1/><F1/><W48/><G112/><T86/><D81/><U14/><E20/><V56/><F56/><W67/><G113/><T133/><D133/><U70/><E70/><V101/><F101/><W135/><G135/><T54/><D86/><U13/><E58/><V103/><F103/><W9/><G9/><T45/><D55/><U82/><E82/><V57/><F57/><W26/><G26/><AGARI ba="0,1" hai="13,14,16,19,26,27,33,35,64,65,68,69,92,95" machi="26" ten="25,3200,0" yaku="22,2,54,1" doraHai="126" who="1" fromWho="3" sc="338,0,192,42,215,0,245,-32" /><INIT seed="3,0,0,5,2,109" ten="338,234,215,213" oya="3" hai0="78,90,127,11,63,10,71,7,102,53,36,131,134" hai1="67,6,106,99,107,91,124,74,135,26,97,116,30" hai2="58,49,132,5,77,4,108,118,20,43,46,24,28" hai3="27,0,114,25,93,117,42,122,104,37,3,59,110"/><W88/><G117/><T111/><D36/><U60/><E116/><V47/><F132/><W31/><G122/><T87/><D71/><U48/><E135/><V113/><F108/><W92/><G104/><T81/><D111/><U44/><E74/><V80/><F113/><W100/><G110/><T84/><D134/><U89/><E6/><V101/><F118/><W76/><G114/><T72/><D72/><U12/><E12/><V61/><F47/><W95/><G76/><T41/><D41/><N who="1" m="24591" /><E124/><V75/><REACH who="2" step="1"/><F101/><REACH who="2" ten="338,234,205,213" step="2"/><W125/><G125/><T35/><D102/><U79/><E107/><V119/><F119/><W112/><G112/><T18/><D127/><U29/><E106/><V130/><F130/><W2/><G100/><T55/><D131/><U1/><E1/><V126/><F126/><W98/><G42/><T32/><D32/><U105/><E105/><V52/><AGARI ba="0,1" hai="4,5,20,24,28,43,46,49,52,58,61,75,77,80" machi="52" ten="20,5200,0" yaku="1,1,0,1,7,1,54,1,53,0" doraHai="109" doraHaiUra="65" who="2" fromWho="2" sc="338,-13,234,-13,205,62,213,-26" owari="325,42.0,221,-18.0,267,7.0,187,-31.0" /></mjloggm>