<mjloggm ver="2.3"><GO type="97" lobby="0"/><UN n0="%E3%81%A6%E3%81%A3%E3%81%8B%E3%82%93" n1="%E9%89%84%E4%B8%B8" n2="%E3%83%88%E3%83%88%E3%83%AA%E5%85%88%E7%94%9F%31%39%E6%AD%B3" n3="%E3%83%A2%E3%83%AB%E3%82%B9%E3%82%A1%E3%83%83%E3%83%BC%EF%BC%81%EF%BC%81" dan="14,14,14,14" rate="1914.83,1895.65,2038.01,1958.83" sx="M,M,F,M"/><TAIKYOKU oya="0"/><INIT seed="0,0,0,5,2,39" ten="250,250,250,250" oya="0" hai0="1,74,43,72,32,10,15,80,40,21,45,117,36" hai1="113,54,93,7,14,50,31,102,66,86,118,122,9" hai2="46,95,132,81,82,18,76,42,28,127,4,101,88" hai3="108,67,89,124,37,85,34,112,17,26,129,111,8"/><T55/><D117/><U33/><E122/><V106/><F132/><W115/><G67/><T56/><D32/><U30/><E118/><V2/><F127/><W84/><G37/><T83/><D21/><U109/><E33/><V62/><F28/><W35/><G129/><T24/><D24/><U96/><E109/><V105/><F101/><W71/><G124/><T104/><D104/><U58/><E113/><V114/><F114/><W121/><G71/><T59/><D1/><U61/><REACH who="1" step="1"/><E86/><REACH who="1" ten="250,240,250,250" step="2"/><V92/><F105/><W131/><G121/><T3/><D74/><U53/><E53/><V133/><F106/><W130/><G85/><T49/><D72/><U44/><AGARI ba="0,1" hai="7,9,14,30,31,44,50,54,58,61,66,93,96,102" machi="44" ten="20,8000,1" yaku="1,1,0,1,7,1,8,1,53,1" doraHai="39" doraHaiUra="91" who="1" fromWho="1" sc="250,-40,240,90,250,-20,250,-20" /><INIT seed="1,0,0,1,4,69" ten="210,330,230,230" oya="1" hai0="16,18,46,87,109,100,36,30,90,108,6,117,111" hai1="124,31,42,70,5,116,10,7,17,96,4,15,95" hai2="119,54,127,60,113,14,122,84,48,53,52,98,94" hai3="101,64,55,45,51,25,26,82,28,20,32,118,34"/><U71/><E116/><V43/><F122/><W102/><G118/><T76/><D117/><U78/><E124/><V65/><F119/><W37/><G34/><T77/><D100/><U24/><E78/><N who="0" m="30313" /><D30/><U72/><E42/><V57/><F127/><W21/><G82/><N who="0" m="49527" /><D6/><U75/><E75/><V0/><F0/><W133/><G133/><T81/><D81/><U120/><E72/><V129/><F84/><W38/><G64/><T8/><D8/><U97/><E97/><V50/><F129/><W67/><G67/><T134/><D134/><U13/><E13/><V99/><F113/><W89/><G89/><T9/><D9/><U80/><E80/><V92/><F43/><AGARI ba="0,0" hai="16,18,36,43,46,108,109,111" m="49527,30313" machi="43" ten="40,5200,0" yaku="14,1,52,1,54,1" doraHai="69" who="0" fromWho="2" sc="210,52,330,0,230,-52,230,0" /><INIT seed="2,0,0,4,1,54" ten="262,330,178,230" oya="2" hai0="92,8,103,65,27,71,133,22,60,41,30,15,105" hai1="100,124,113,118,77,89,80,132,85,52,51,17,88" hai2="102,98,2,68,131,10,129,63,72,39,21,107,83" hai3="78,115,93,49,29,36,0,70,119,99,28,5,110"/><V18/><F39/><W3/><G49/><T35/><D133/><U76/><E113/><V81/><F2/><W58/><G78/><N who="1" m="30314" /><E118/><V66/><F10/><W108/><G58/><T96/><D41/><U104/><E104/><V67/><F67/><W106/><G99/><T34/><D105/><U24/><E124/><V38/><F38/><W82/><G93/><T6/><AGARI ba="0,0" hai="6,8,15,22,27,30,34,35,60,65,71,92,96,103" machi="6" ten="20,1500,0" yaku="0,1,7,1" doraHai="54" who="0" fromWho="0" sc="262,15,330,-4,178,-7,230,-4" /><INIT seed="3,0,0,4,1,12" ten="277,326,171,226" oya="3" hai0="25,95,41,126,15,133,65,86,85,102,105,23,67" hai1="40,71,84,123,53,114,64,8,42,51,46,115,7" hai2="103,94,78,21,48,47,93,111,89,124,24,61,131" hai3="22,129,63,62,56,27,112,44,120,88,55,0,97"/><W122/><G0/><T80/><D133/><U66/><E123/><V43/><F111/><W45/><G112/><T54/><D105/><U101/><E101/><V58/><F131/><W118/><G118/><T35/><D35/><U72/><E72/><V117/><F117/><W127/><G129/><T119/><D119/><U68/><E84/><V104/><F124/><W19/><G127/><T13/><D41/><N who="1" m="15979" /><E8/><V132/><F132/><W39/><G63/><T1/><D1/><U17/><E17/><V128/><F128/><W11/><G11/><T79/><D126/><U70/><E7/><V99/><F78/><W20/><G20/><T116/><D116/><U57/><E57/><V29/><F104/><W106/><G106/><T18/><D54/><U107/><E107/><V36/><F36/><W108/><G108/><T76/><D102/><U83/><E83/><V90/><REACH who="2" step="1"/><F94/><REACH who="2" ten="277,326,161,226" step="2"/><N who="3" m="56519" /><G39/><T4/><D95/><U96/><E115/><V9/><F9/><W38/><G38/><T60/><D4/><U34/><E114/><V69/><F69/><W121/><AGARI ba="0,1" hai="19,22,27,44,45,55,56,62,120,121,122" m="56519" machi="121" ten="30,6000,0" yaku="25,1,52,1,54,1" doraHai="12" who="3" fromWho="3" sc="277,-20,326,-20,161,-20,226,70" /><INIT seed="3,1,0,0,3,50" ten="257,306,141,296" oya="3" hai0="30,105,28,135,20,27,86,68,51,46,71,31,8" hai1="62,70,44,15,113,120,32,3,117,11,56,112,96" hai2="90,109,16,104,110,45,81,58,93,38,84,130,52" hai3="57,101,22,23,82,89,36,67,126,100,1,53,95"/><W80/><G36/><T122/><D122/><U99/><E3/><V40/><F104/><W26/><G1/><T121/><D121/><U55/><E120/><V98/><F130/><W4/><G4/><T83/><D105/><U60/><E32/><V18/><F109/><W91/><G67/><T17/><D135/><U29/><E29/><V19/><F110/><W37/><G37/><T43/><REACH who="0" step="1"/><D8/><REACH who="0" ten="247,306,141,296" step="2"/><U72/><E11/><V21/><F21/><N who="3" m="7691" /><G126/><T65/><D65/><U107/><E107/><V124/><F124/><W48/><G26/><T34/><D34/><U64/><E64/><V115/><F115/><W87/><G80/><T129/><D129/><U54/><E113/><V102/><REACH who="2" step="1"/><F19/><REACH who="2" ten="247,306,131,296" step="2"/><W49/><G49/><AGARI ba="1,2" hai="16,18,38,40,45,49,52,58,81,84,90,93,98,102" machi="49" ten="30,12000,2" yaku="1,1,2,1,7,1,52,1,54,2,53,1" doraHai="50" doraHaiUra="85" who="2" fromWho="3" sc="247,0,306,0,131,143,296,-123" owari="247,-15.0,306,41.0,274,7.0,173,-33.0" /></mjloggm>