<mjloggm ver="2.3"><GO type="169" lobby="0"/><UN n0="%54%42%41%43%4E" n1="%E3%82%A6%E3%83%AB%E3%83%88%E3%83%A9%E7%AB%8B%E7%9B%B4" n2="%54%2E%54%2E%38" n3="%E4%B8%A6%E3%81%BF%E3%81%AE%E7%AB%9C" dan="16,17,16,16" rate="2076.60,2160.38,2076.28,2108.85" sx="M,M,M,M"/><TAIKYOKU oya="0"/><INIT seed="0,0,0,5,0,121" ten="250,250,250,250" oya="0" hai0="125,110,99,82,16,133,76,95,52,25,24,55,108" hai1="45,51,117,33,86,97,129,87,46,96,122,66,38" hai2="130,90,109,1,39,88,50,10,92,104,18,40,94" hai3="49,106,116,42,30,73,102,62,3,26,75,101,14"/><T112/><D112/><U83/><E122/><V105/><F104/><W53/><G116/><T113/><D113/><U27/><E117/><V60/><F39/><W100/><G3/><T115/><D115/><U28/><E129/><V58/><F105/><W69/><G42/><T11/><D133/><U123/><E123/><V107/><F107/><W61/><G106/><T57/><D125/><U23/><E33/><V78/><F130/><W63/><G69/><T17/><D11/><U7/><E7/><V80/><F1/><W81/><G14/><T85/><D24/><U74/><E74/><V19/><F78/><W134/><G81/><T56/><D56/><U84/><E66/><V72/><F80/><W4/><G4/><T6/><D6/><U41/><REACH who="1" step="1"/><E83/><REACH who="1" ten="250,240,250,250" step="2"/><V31/><F72/><W21/><REACH who="3" step="1"/><G134/><REACH who="3" ten="250,240,250,240" step="2"/><T36/><D110/><U54/><AGARI ba="0,2" hai="23,27,28,38,41,45,46,51,54,84,86,87,96,97" machi="54" ten="30,4000,0" yaku="1,1,2,1,0,1,53,0" doraHai="121" doraHaiUra="120" who="1" fromWho="1" sc="250,-20,240,60,250,-10,240,-10" /><INIT seed="1,0,0,4,0,69" ten="230,300,240,230" oya="1" hai0="120,76,87,39,116,25,130,131,43,5,95,42,47" hai1="106,1,72,122,108,56,31,33,57,74,29,38,20" hai2="75,104,117,48,123,30,34,63,110,15,77,67,121" hai3="60,65,16,70,9,132,52,109,107,45,92,24,127"/><U112/><E122/><V129/><F117/><W8/><G107/><T4/><D116/><U19/><E106/><V128/><F104/><W102/><G109/><T101/><D120/><U6/><E112/><V28/><F48/><N who="3" m="28687" /><G70/><T133/><D133/><U105/><E105/><V83/><F15/><N who="3" m="7271" /><G132/><T78/><D42/><U73/><E38/><V80/><F110/><W3/><G3/><T54/><D43/><U14/><E108/><V40/><F123/><W37/><G37/><T11/><D39/><U21/><E21/><V90/><F121/><W97/><G127/><T26/><D130/><U81/><E31/><V82/><F40/><W35/><G35/><T23/><D131/><N who="2" m="50250" /><F34/><W103/><G24/><T17/><D25/><N who="1" m="18607" /><E81/><N who="2" m="31339" /><F90/><W13/><G60/><T124/><D124/><U53/><E74/><V89/><F89/><N who="3" m="55439" /><G65/><T94/><D26/><U88/><E88/><V96/><F96/><W22/><G22/><T27/><D23/><U113/><E113/><V134/><F134/><W7/><AGARI ba="0,0" hai="7,9,13,102,103" m="55439,7271,28687" machi="7" ten="30,4000,0" yaku="8,1,54,2" doraHai="69" who="3" fromWho="3" sc="230,-10,300,-20,240,-10,230,40" /><INIT seed="2,0,0,1,1,101" ten="220,280,230,270" oya="2" hai0="108,63,117,79,121,6,30,16,111,3,105,85,27" hai1="62,110,87,26,5,116,15,24,102,71,9,92,129" hai2="106,88,80,73,22,96,130,1,81,69,99,60,14" hai3="23,128,34,21,25,46,29,75,76,113,125,0,31"/><V104/><F1/><W103/><G75/><T36/><D36/><U120/><E116/><V72/><F60/><W2/><G76/><T11/><D121/><U20/><E120/><V51/><F69/><W123/><G103/><T39/><D39/><U56/><E110/><N who="0" m="42025" /><D117/><U42/><E129/><V93/><F51/><W65/><G123/><T97/><D63/><U44/><E71/><V33/><F22/><N who="3" m="8203" /><G46/><T45/><D45/><U50/><E20/><V35/><F14/><W58/><G58/><T28/><D27/><U66/><REACH who="1" step="1"/><E87/><REACH who="1" ten="220,270,230,270" step="2"/><V68/><F68/><W109/><G128/><T70/><D70/><U112/><E112/><V52/><F130/><W127/><G113/><T12/><D30/><U131/><E131/><V94/><F35/><W82/><G31/><T74/><D85/><U89/><E89/><N who="2" m="55375" /><F33/><W48/><G34/><T126/><D28/><U119/><E119/><V122/><F122/><W98/><G29/><T133/><D74/><N who="2" m="28778" /><F52/><W107/><G125/><T95/><D126/><U134/><E134/><V132/><F132/><W8/><G127/><T57/><D133/><U114/><E114/><V118/><F118/><W49/><G109/><T41/><D97/><AGARI ba="0,1" hai="5,9,15,24,26,42,44,50,56,62,66,92,97,102" machi="97" ten="40,2600,0" yaku="1,1,8,1,53,0" doraHai="101" doraHaiUra="19" who="1" fromWho="0" sc="220,-26,270,36,230,0,270,0" /><INIT seed="3,0,0,2,3,20" ten="194,306,230,270" oya="3" hai0="57,105,55,11,107,48,53,58,34,23,92,100,83" hai1="88,77,38,30,14,82,135,102,8,66,25,10,46" hai2="106,60,117,54,43,84,61,24,104,39,70,56,111" hai3="118,123,17,134,89,26,62,130,27,4,7,113,9"/><W35/><G113/><T78/><D34/><U131/><E131/><V125/><F117/><W119/><G123/><T65/><D65/><U73/><E135/><V19/><F125/><W63/><G134/><T103/><D11/><U16/><E102/><V81/><F111/><W6/><G35/><T108/><D108/><U114/><E114/><V41/><F70/><W75/><G75/><T5/><D5/><U110/><E110/><V129/><F129/><W64/><G130/><T93/><D103/><U21/><E66/><V101/><F60/><N who="3" m="23083" /><G64/><T69/><D69/><U97/><E10/><V68/><F68/><W28/><G118/><T116/><D116/><U122/><E122/><V72/><F72/><W109/><G28/><T13/><D107/><U121/><E121/><V67/><F67/><W15/><G109/><T120/><D105/><U50/><E38/><V98/><F106/><W99/><G119/><T128/><D120/><U90/><E97/><V59/><F39/><W80/><G99/><T31/><D31/><U52/><AGARI ba="0,0" hai="8,14,16,21,25,30,46,50,52,73,77,82,88,90" machi="52" ten="20,12000,2" yaku="0,1,7,1,52,1,54,3" doraHai="20" who="1" fromWho="1" sc="194,-30,306,120,230,-30,270,-60" /><INIT seed="4,0,0,2,5,75" ten="164,426,200,210" oya="0" hai0="80,16,46,53,82,109,78,111,5,9,68,3,25" hai1="104,39,113,74,18,54,60,37,85,67,58,81,56" hai2="135,64,13,23,89,26,29,42,35,32,31,97,41" hai3="14,90,76,133,19,98,49,125,22,92,62,34,95"/><T21/><D68/><U43/><E104/><V36/><F36/><W88/><G34/><T7/><D5/><U30/><E74/><V101/><F135/><W93/><G133/><T118/><D118/><U115/><E30/><V102/><F64/><W128/><G125/><T73/><REACH who="0" step="1"/><D82/><REACH who="0" ten="154,426,200,210" step="2"/><U126/><E81/><V51/><F35/><W72/><G128/><T132/><D132/><U10/><E126/><V87/><F32/><W116/><G116/><T12/><D12/><U84/><E115/><V48/><F13/><W91/><G62/><T122/><D122/><U63/><E113/><V94/><F31/><W77/><G72/><T70/><D70/><U65/><E60/><V129/><F129/><W61/><G61/><T4/><D4/><U100/><E63/><V28/><F28/><W55/><REACH who="3" step="1"/><G98/><REACH who="3" ten="154,426,200,200" step="2"/><T107/><D107/><U105/><E105/><V103/><F97/><W15/><G15/><T86/><D86/><U2/><E85/><V20/><F87/><W124/><G124/><T27/><D27/><U96/><E84/><V112/><F26/><W79/><G79/><T66/><D66/><U106/><E67/><V110/><F112/><W134/><G134/><T44/><D44/><AGARI ba="0,2" hai="14,19,22,44,49,55,76,77,88,90,91,92,93,95" machi="44" ten="40,8000,1" yaku="1,1,8,1,52,2,54,1,53,0" doraHai="75" doraHaiUra="0" who="3" fromWho="0" sc="154,-80,426,0,200,0,200,100" /><INIT seed="5,0,0,0,0,128" ten="74,426,200,300" oya="1" hai0="99,109,118,76,71,131,56,4,53,72,85,59,3" hai1="13,65,46,123,75,63,108,98,9,114,12,58,132" hai2="24,81,55,119,43,64,102,26,32,68,96,0,10" hai3="92,93,52,21,15,25,73,115,110,117,41,17,82"/><U87/><E75/><V91/><F119/><W88/><G110/><T47/><D118/><U106/><E123/><V111/><F111/><W6/><G117/><T19/><D71/><U67/><E108/><V16/><F43/><W35/><G115/><T11/><D109/><U7/><E114/><V107/><F55/><W44/><G73/><T126/><D72/><U33/><E33/><V113/><F0/><W120/><G120/><T62/><D131/><U38/><E87/><V122/><F122/><W127/><G127/><T101/><D47/><U103/><E67/><V86/><F32/><W125/><G35/><T5/><D126/><U130/><E130/><V61/><F113/><W31/><G41/><T23/><D56/><U14/><E38/><V80/><F81/><W116/><G6/><T42/><D42/><U74/><E74/><V69/><F68/><W124/><G116/><T30/><D30/><U89/><E46/><V37/><F37/><W83/><G93/><N who="0" m="58607" /><D4/><U51/><E51/><V54/><REACH who="2" step="1"/><F54/><REACH who="2" ten="74,426,190,300" step="2"/><W29/><G124/><T36/><D36/><U18/><E65/><V133/><F133/><W1/><G1/><T79/><D85/><U78/><E132/><V121/><F121/><W8/><G125/><T97/><D97/><U27/><E98/><V28/><F28/><W20/><G31/><T95/><D95/><U57/><E106/><V105/><F105/><W84/><G82/><T49/><D62/><U39/><E63/><V135/><F135/><W22/><G92/><T77/><D77/><U100/><E39/><V40/><F40/><W94/><G94/><RYUUKYOKU ba="0,1" sc="74,10,426,-30,190,10,300,10" hai0="3,5,11,19,23,49,53,59,76,79" hai2="10,16,24,26,61,64,69,80,86,91,96,102,107" hai3="8,15,17,20,21,22,25,29,44,52,83,84,88" /><INIT seed="6,1,1,2,1,77" ten="84,396,200,310" oya="2" hai0="129,6,78,118,31,113,67,53,35,97,71,55,103" hai1="2,109,116,102,92,81,132,64,127,56,110,13,69" hai2="66,90,54,99,117,17,95,40,104,62,84,123,12" hai3="122,36,82,133,42,80,73,38,61,121,87,131,5"/><V26/><F123/><W125/><G73/><T24/><D118/><U76/><E2/><V106/><F117/><W39/><G42/><T128/><D6/><U75/><E69/><V124/><F40/><W18/><G5/><T16/><D78/><U28/><E116/><V33/><F124/><W115/><G125/><T94/><D113/><U23/><E127/><V58/><F54/><W25/><G133/><T29/><D29/><U3/><E3/><V101/><F33/><W0/><G0/><T4/><D4/><U120/><E120/><V52/><F26/><W20/><G131/><T21/><D71/><U96/><E132/><V111/><F66/><W130/><G130/><N who="0" m="50283" /><D67/><U135/><E135/><V14/><F111/><W1/><G1/><T34/><D34/><U85/><E75/><V89/><F89/><W88/><G115/><T59/><D59/><U47/><E47/><V100/><F100/><W57/><REACH who="3" step="1"/><G80/><REACH who="3" ten="84,396,200,300" step="2"/><T70/><D70/><U49/><E110/><V44/><F44/><W79/><G79/><T32/><D32/><U10/><E109/><V15/><REACH who="2" step="1"/><F106/><REACH who="2" ten="84,396,190,300" step="2"/><W105/><G105/><T119/><D119/><U86/><E76/><V98/><F98/><W27/><G27/><AGARI ba="1,3" hai="16,21,24,27,31,35,53,55,94,97,103" m="50283" machi="27" ten="30,2000,0" yaku="19,1,54,1" doraHai="77" who="0" fromWho="3" sc="84,53,396,0,190,0,300,-23" /><INIT seed="7,0,0,0,0,127" ten="137,396,190,277" oya="3" hai0="21,92,20,130,110,53,120,96,56,51,37,80,128" hai1="132,24,131,109,113,87,82,52,57,30,1,69,100" hai2="108,116,97,76,14,23,42,25,43,112,46,63,22" hai3="59,91,7,49,77,4,86,26,81,90,38,129,125"/><W41/><G38/><T58/><D120/><U115/><E69/><V118/><F112/><N who="1" m="43081" /><E1/><V61/><F108/><W66/><G125/><T70/><D70/><U124/><E109/><V19/><F76/><W79/><G129/><N who="0" m="49771" /><D110/><U73/><E131/><V114/><F114/><W95/><G66/><T6/><D37/><U111/><E111/><V119/><F97/><W13/><G26/><T83/><D6/><U104/><E132/><V94/><F94/><W98/><G7/><T55/><D83/><U60/><E73/><V18/><REACH who="2" step="1"/><F43/><REACH who="2" ten="137,396,180,277" step="2"/><W68/><G41/><T134/><D80/><U40/><E124/><V78/><F78/><W93/><G81/><T84/><D134/><U0/><E0/><V10/><F10/><W44/><G79/><T107/><D107/><U33/><E40/><V85/><F85/><W88/><G77/><T72/><D84/><U3/><E3/><V74/><F74/><W31/><G86/><T2/><D2/><U65/><E100/><V101/><F101/><W103/><G93/><T71/><D72/><U27/><E104/><V64/><F64/><W39/><G95/><T9/><D9/><U12/><E65/><V117/><N who="2" m="29696" /><DORA hai="5" /><V50/><AGARI ba="0,1" hai="14,18,19,22,23,25,42,46,50,61,63" m="29696" machi="50" ten="60,8000,1" yaku="1,1,4,1,0,1,53,2" doraHai="127,5" doraHaiUra="15,35" who="2" fromWho="2" sc="137,-20,396,-20,180,90,277,-40" owari="117,-38.0,376,47.0,270,7.0,237,-16.0" /></mjloggm>