<mjloggm ver="2.3"><GO type="225" lobby="0"/><UN n0="%E3%82%B7%E3%83%AD%E3%82%AF%E3%83%AD" n1="%E4%B8%96%E3%82%92%E7%9B%B4%E3%81%99%E8%80%85" n2="%E3%81%8B%E3%81%B6%E3%81%AE%E4%B8%80%E5%A4%9C%E6%BC%AC%E3%81%91" n3="%E3%83%88%E3%83%88%E3%83%AA%E5%85%88%E7%94%9F%31%39%E6%AD%B3" dan="17,17,16,18" rate="2159.26,2176.29,2059.95,2248.39" sx="M,M,M,F"/><TAIKYOKU oya="0"/><INIT seed="0,0,0,1,0,120" ten="250,250,250,250" oya="0" hai0="111,92,28,131,70,19,68,23,74,20,86,42,66" hai1="124,47,99,39,94,34,5,48,93,64,3,130,0" hai2="88,1,9,59,56,108,57,7,62,119,43,76,2" hai3="100,80,12,75,26,15,61,107,87,52,109,83,90"/><T105/><D105/><U122/><E122/><V10/><F119/><W97/><G109/><T125/><D74/><U79/><E130/><V114/><F76/><W8/><G26/><T121/><D131/><U72/><E34/><V13/><F114/><W101/><G101/><T38/><D121/><U29/><E29/><V106/><F106/><W69/><G69/><T132/><D132/><U33/><E33/><V67/><F108/><W115/><G115/><T35/><D125/><U127/><E39/><V96/><F43/><W116/><G116/><T123/><D111/><U82/><E64/><V40/><F40/><W6/><G75/><T45/><D123/><U113/><E113/><V60/><F62/><W46/><G46/><T58/><D68/><U32/><E32/><V4/><F13/><W112/><G112/><T41/><D70/><U36/><E36/><V89/><F96/><W53/><G61/><N who="0" m="38199" /><D41/><N who="1" m="24687" /><E5/><V49/><F49/><W110/><G110/><T65/><D65/><U134/><E134/><V21/><F21/><W98/><G98/><T54/><D54/><U126/><E94/><V95/><F95/><W11/><REACH who="3" step="1"/><G80/><REACH who="3" ten="250,250,250,240" step="2"/><T104/><D45/><U25/><E25/><V14/><F14/><W73/><G73/><T16/><D38/><U31/><E31/><V91/><AGARI ba="0,1" hai="1,2,4,7,9,10,56,57,59,60,67,88,89,91" machi="91" ten="30,4000,0" yaku="0,1,9,1,54,1" doraHai="120" who="2" fromWho="2" sc="250,-20,250,-10,250,50,240,-10" /><INIT seed="1,0,0,2,3,3" ten="230,240,300,230" oya="1" hai0="130,80,112,105,11,34,5,62,93,76,31,23,47" hai1="78,43,104,116,66,91,125,100,64,44,132,113,99" hai2="68,71,70,135,67,51,54,121,87,13,92,69,56" hai3="12,83,48,7,120,117,129,58,52,108,4,35,77"/><U95/><E113/><V82/><F121/><W45/><G120/><T79/><D105/><U39/><E116/><V60/><F92/><W97/><G35/><T86/><D112/><U14/><E125/><V63/><F13/><W17/><G117/><T102/><D130/><U27/><E132/><V123/><F123/><W22/><G129/><T85/><D34/><U98/><E78/><V16/><F135/><W122/><G122/><T33/><D33/><U36/><E39/><V89/><REACH who="2" step="1"/><F16/><REACH who="2" ten="230,240,290,230" step="2"/><W94/><G108/><T124/><D93/><U10/><E27/><V115/><F115/><W24/><G12/><N who="0" m="5231" /><D124/><U84/><E99/><V25/><F25/><W61/><G94/><T133/><D133/><U21/><E21/><V74/><F74/><W50/><G97/><T103/><D23/><U42/><E43/><V40/><F40/><W88/><G17/><AGARI ba="0,1" hai="10,14,17,36,42,44,64,66,84,91,95,98,100,104" machi="17" ten="30,1500,0" yaku="7,1" doraHai="3" who="1" fromWho="3" sc="230,0,240,25,290,0,230,-15" /><INIT seed="1,1,0,2,3,76" ten="230,265,290,215" oya="1" hai0="120,74,129,68,61,103,97,66,107,127,71,86,63" hai1="111,50,25,80,128,96,46,93,1,16,118,51,10" hai2="31,26,77,9,8,57,112,52,49,81,105,98,121" hai3="87,100,41,55,115,84,20,106,13,24,72,79,124"/><U6/><E118/><V94/><F105/><W38/><G115/><T130/><D120/><U82/><E128/><N who="0" m="49257" /><D127/><U117/><E117/><V95/><F121/><W54/><G124/><T123/><D123/><U14/><E111/><V73/><F112/><W104/><G72/><T131/><N who="0" m="49265" /><T27/><DORA hai="33" /><D27/><U110/><E110/><V3/><F3/><W32/><G32/><T108/><D108/><U19/><E25/><V12/><F98/><W85/><G13/><T91/><D74/><U42/><E51/><V109/><F109/><W11/><G11/><T114/><D114/><U102/><E19/><V116/><F116/><W90/><G79/><T70/><D66/><U48/><E50/><V62/><F49/><W126/><G126/><T37/><D37/><U134/><E134/><V88/><F88/><W119/><G119/><T0/><D0/><U44/><E46/><V39/><F39/><W83/><G41/><T36/><D36/><U45/><E44/><V22/><F9/><AGARI ba="1,0" hai="1,6,9,10,14,16,42,45,48,80,82,93,96,102" machi="9" ten="30,12000,1" yaku="7,1,52,3,54,1" doraHai="76,33" who="1" fromWho="2" sc="230,0,265,123,290,-123,215,0" /><INIT seed="1,2,0,1,2,113" ten="230,388,167,215" oya="1" hai0="75,81,105,50,70,116,9,60,31,17,127,15,95" hai1="62,25,124,120,57,74,92,53,125,24,85,61,93" hai2="46,51,134,86,122,80,99,106,6,38,83,96,0" hai3="66,129,26,8,2,42,109,5,54,65,13,10,34"/><U27/><E74/><V119/><F122/><W82/><G109/><T59/><D105/><U4/><E120/><V43/><F134/><W47/><G129/><T41/><D127/><N who="1" m="48715" /><E4/><V97/><F106/><W39/><G54/><T132/><D70/><U11/><E11/><V78/><F83/><W12/><G34/><T45/><D132/><U90/><E93/><V77/><F78/><W117/><G117/><T37/><D116/><U58/><E57/><V91/><F38/><W33/><G33/><T128/><D128/><U112/><E112/><V40/><F40/><W123/><G123/><T21/><D95/><U118/><E62/><V98/><N who="2" m="24576" /><DORA hai="19" /><V16/><F77/><W73/><G26/><N who="0" m="16847" /><D75/><U56/><E58/><V89/><F91/><W115/><G115/><T88/><D37/><U114/><E114/><V48/><F51/><W55/><G55/><N who="0" m="33919" /><D88/><U52/><E118/><V110/><F110/><W64/><G10/><T130/><D130/><U108/><E108/><V101/><F119/><W67/><N who="3" m="16384" /><DORA hai="100" /><W107/><G107/><T87/><D81/><U72/><E72/><V28/><F0/><W104/><G104/><T121/><D121/><U68/><E53/><V63/><F101/><W1/><G1/><T135/><D135/><U71/><AGARI ba="2,0" hai="24,25,27,52,56,61,68,71,85,90,92" m="48715" machi="71" ten="40,3900,0" yaku="18,1,54,1" doraHai="113,19,100" who="1" fromWho="1" sc="230,-15,388,45,167,-15,215,-15" /><INIT seed="1,3,0,4,5,104" ten="215,433,152,200" oya="1" hai0="64,125,106,81,46,87,2,60,128,32,58,120,0" hai1="110,59,97,11,86,53,127,63,98,93,90,118,119" hai2="135,40,89,114,111,94,48,33,45,70,29,96,52" hai3="117,6,43,18,107,31,22,69,133,72,116,79,35"/><U123/><E123/><V82/><F111/><W84/><G107/><T71/><D120/><U131/><E110/><V88/><F70/><W105/><G105/><T10/><D106/><U78/><E127/><V13/><F135/><W38/><G69/><T56/><D125/><U112/><E112/><V14/><F114/><W92/><G133/><T20/><D32/><U8/><E131/><V30/><F33/><W51/><G6/><T80/><D128/><U28/><E28/><N who="2" m="10859" /><F40/><W15/><G38/><T24/><D46/><U73/><E98/><V102/><F82/><N who="3" m="45415" /><G31/><T55/><D10/><U49/><E97/><V21/><F21/><W126/><G35/><T76/><D80/><U62/><E78/><V50/><F48/><W27/><G126/><T68/><D0/><U44/><E73/><V67/><F67/><W47/><G92/><T57/><D2/><U19/><E63/><V115/><F115/><W34/><G84/><T5/><D5/><U129/><E129/><V23/><F23/><W12/><G34/><T66/><D71/><U122/><E122/><V132/><F132/><W109/><G109/><T121/><D121/><U61/><E62/><V36/><F36/><W100/><G100/><T25/><D20/><U9/><REACH who="1" step="1"/><E19/><REACH who="1" ten="215,423,152,200" step="2"/><V75/><F75/><W1/><G117/><T99/><D99/><U74/><E74/><V83/><F102/><W17/><G116/><T108/><D108/><U85/><E85/><AGARI ba="3,1" hai="13,14,45,50,52,83,85,88,89,94,96" m="10859" machi="85" ten="30,3900,0" yaku="8,1,54,2" doraHai="104" who="2" fromWho="1" sc="215,0,423,-48,152,58,200,0" /><INIT seed="2,0,0,1,3,9" ten="215,375,210,200" oya="2" hai0="99,103,91,110,130,73,29,86,21,6,134,71,60" hai1="69,14,84,22,97,15,124,78,75,40,30,24,64" hai2="32,72,5,0,93,54,119,122,105,42,19,131,132" hai3="76,12,55,102,96,128,123,61,46,13,1,63,70"/><V77/><F122/><W112/><G123/><T100/><D73/><U20/><E75/><V2/><F119/><W133/><G1/><T81/><D110/><U126/><E40/><V66/><F105/><W48/><G128/><T28/><D130/><U106/><E22/><V108/><F54/><W37/><G133/><T17/><D134/><U129/><E129/><V4/><F66/><W120/><G120/><T82/><D6/><U58/><E69/><V90/><F42/><W118/><G118/><T18/><D71/><U38/><E38/><V65/><F65/><W104/><G112/><T62/><D81/><N who="1" m="47159" /><E106/><V74/><F32/><W121/><G121/><T117/><D17/><U52/><E97/><N who="2" m="57527" /><F131/><W44/><G76/><T125/><D125/><N who="1" m="48235" /><E64/><V26/><F77/><W79/><G70/><T111/><D111/><U35/><E35/><V23/><F132/><W39/><G79/><T98/><D117/><U36/><E36/><V57/><F108/><W83/><G37/><T56/><D99/><U67/><E67/><V116/><F116/><W7/><G83/><T115/><D115/><U88/><E88/><V127/><F127/><W80/><G80/><T16/><D98/><U107/><E107/><V95/><F95/><W51/><G39/><T89/><D82/><U85/><E85/><V47/><F74/><W8/><REACH who="3" step="1"/><G13/><REACH who="3" ten="215,375,210,190" step="2"/><T27/><D86/><U3/><E3/><V53/><F72/><W113/><G113/><T10/><D100/><U25/><E24/><N who="2" m="14463" /><F0/><W59/><G59/><T33/><D103/><U45/><E58/><V135/><F57/><W49/><G49/><AGARI ba="0,1" hai="14,15,20,25,30,45,49,52" m="48235,47159" machi="49" ten="30,8000,1" yaku="6,1,18,1,52,2,54,1" doraHai="9" who="1" fromWho="3" sc="215,0,375,90,210,0,190,-80" /><INIT seed="3,0,0,2,5,75" ten="215,465,210,110" oya="3" hai0="73,16,65,67,123,32,21,28,54,11,59,49,72" hai1="66,128,33,105,83,53,27,56,93,37,131,116,121" hai2="6,80,47,22,102,89,130,127,106,31,29,113,23" hai3="74,129,70,98,69,88,119,39,122,12,87,76,104"/><W57/><G119/><T9/><D123/><U97/><E121/><V108/><F113/><W135/><G122/><T14/><D72/><U78/><E37/><V117/><F117/><W90/><G39/><T24/><D73/><U110/><E116/><V64/><F106/><W85/><G129/><T58/><D58/><U68/><E105/><V82/><F102/><W15/><G135/><T41/><D41/><U126/><E110/><V46/><F64/><W25/><G25/><T99/><D11/><U7/><E7/><V2/><F2/><W132/><G132/><T38/><D38/><U84/><E126/><V18/><F89/><W94/><G57/><T52/><D59/><U96/><E66/><N who="0" m="25097" /><D32/><U1/><E1/><V107/><F6/><W26/><G26/><T50/><D99/><U51/><E68/><V77/><F107/><W13/><G74/><T5/><D5/><U42/><E42/><V124/><F130/><N who="1" m="49705" /><E93/><V19/><REACH who="2" step="1"/><F108/><REACH who="2" ten="215,465,200,110" step="2"/><W86/><G104/><T134/><D134/><U17/><E17/><V92/><F92/><W61/><G61/><T118/><D118/><U60/><E60/><V43/><F43/><W55/><G55/><AGARI ba="0,1" hai="9,14,16,21,24,28,49,50,52,54,55" m="25097" machi="55" ten="30,3900,0" yaku="8,1,54,2" doraHai="75" who="0" fromWho="3" sc="215,49,465,0,200,0,110,-39" owari="264,6.0,465,57.0,200,-20.0,71,-43.0" /></mjloggm>