<mjloggm ver="2.3"><GO type="169" lobby="0"/><UN n0="%E3%82%A6%E3%83%AB%E3%83%88%E3%83%A9%E7%AB%8B%E7%9B%B4" n1="%E3%83%8F%E3%82%A4%E3%83%86%E3%83%B3%E3%83%9C%E3%83%BC" n2="%E3%83%A9%E3%83%A0%E3%83%80%E3%81%95%E3%82%93" n3="%E3%81%97%E3%81%8A%E3%81%BE%E3%81%AD%E3%81%8D" dan="17,16,17,16" rate="2163.78,2117.84,2215.36,2083.41" sx="M,M,M,M"/><TAIKYOKU oya="0"/><INIT seed="0,0,0,3,0,28" ten="250,250,250,250" oya="0" hai0="42,126,82,103,132,57,99,129,75,62,10,61,26" hai1="56,72,64,90,46,58,69,4,114,30,117,84,77" hai2="123,107,96,83,105,80,94,121,128,76,95,33,49" hai3="122,55,36,29,43,135,32,59,93,65,35,89,73"/><T41/><D126/><U100/><E117/><V102/><F49/><W51/><G73/><T131/><D10/><U25/><E100/><V110/><F33/><W5/><G29/><T14/><D14/><U27/><E4/><V85/><F110/><W38/><G135/><T118/><D26/><U109/><E109/><V71/><F71/><W54/><G122/><T22/><D22/><U66/><E69/><V15/><F15/><W87/><G5/><T125/><D125/><U81/><E114/><V23/><F23/><W45/><G65/><T97/><D118/><U12/><E12/><V79/><F128/><N who="0" m="49226" /><D132/><U9/><E9/><V48/><F48/><W53/><REACH who="3" step="1"/><G59/><REACH who="3" ten="250,250,250,240" step="2"/><T8/><D57/><U112/><E58/><V98/><F123/><W17/><G17/><T119/><D75/><U18/><E56/><V21/><F121/><W124/><G124/><T6/><D119/><U88/><E112/><V108/><F108/><W47/><G47/><T106/><D6/><U40/><E18/><V16/><F16/><W113/><G113/><T1/><D8/><U70/><E70/><V130/><F130/><W111/><G111/><T3/><D61/><U74/><E74/><N who="2" m="43031" /><F21/><W11/><G11/><T104/><D62/><U24/><E30/><V67/><F67/><N who="1" m="25641" /><E72/><V2/><F2/><W86/><G86/><T101/><D1/><U91/><E46/><V115/><F115/><W60/><G60/><T7/><D7/><U63/><E63/><V20/><F20/><W0/><G0/><T34/><D3/><U116/><E116/><V39/><F39/><AGARI ba="0,1" hai="32,35,36,38,39,43,45,51,53,54,55,87,89,93" machi="39" ten="40,5200,0" yaku="1,1,52,2,53,0" doraHai="28" doraHaiUra="134" who="3" fromWho="2" sc="250,0,250,0,250,-52,240,62" /><INIT seed="1,0,0,1,5,37" ten="250,250,198,302" oya="1" hai0="8,102,115,18,49,85,21,71,119,109,84,13,135" hai1="87,93,66,64,67,3,5,101,9,45,24,39,33" hai2="107,126,128,58,0,99,63,81,1,124,50,19,23" hai3="25,86,118,34,122,12,95,80,79,47,40,2,26"/><U112/><E112/><V31/><F31/><W127/><G2/><T121/><D71/><U20/><E33/><V132/><F81/><W14/><G122/><T57/><D119/><U75/><E75/><V90/><F50/><W130/><G127/><N who="2" m="48681" /><F128/><W4/><G130/><T129/><D129/><U103/><E87/><V56/><F132/><W74/><G118/><T77/><D135/><U15/><E3/><N who="2" m="1099" /><F63/><W54/><G34/><T30/><D109/><U42/><REACH who="1" step="1"/><E93/><REACH who="1" ten="250,240,198,302" step="2"/><N who="2" m="56759" /><F107/><W59/><G95/><T65/><D115/><U35/><E35/><V17/><F17/><AGARI ba="0,1" hai="5,9,15,17,20,24,39,42,45,64,66,67,101,103" machi="17" ten="40,3900,0" yaku="1,1,52,1,53,0" doraHai="37" doraHaiUra="89" who="1" fromWho="2" sc="250,0,240,49,198,-39,302,0" /><INIT seed="1,1,0,3,5,48" ten="250,289,159,302" oya="1" hai0="2,77,103,36,32,124,86,90,19,127,63,97,89" hai1="14,132,128,40,105,115,108,0,134,85,7,3,62" hai2="112,92,56,11,95,44,109,53,22,100,64,71,111" hai3="1,12,78,80,6,102,60,118,87,104,25,75,94"/><U67/><E105/><V31/><F112/><W82/><G118/><T42/><D32/><U70/><E115/><V79/><F79/><W58/><G1/><T15/><D2/><U35/><E35/><V18/><F44/><W126/><G104/><T30/><D30/><U121/><E121/><V46/><F46/><W29/><G126/><N who="0" m="48171" /><D63/><U55/><E40/><V131/><F131/><W61/><G61/><T76/><D42/><U130/><E85/><V73/><F73/><W57/><G12/><T68/><D68/><U83/><E83/><V88/><F95/><W52/><G6/><T120/><D36/><U43/><E43/><V135/><F100/><W84/><G58/><T23/><D120/><U107/><E107/><V49/><F135/><N who="1" m="51753" /><E108/><V26/><F64/><W41/><G41/><T96/><D86/><U101/><E101/><V66/><F66/><W34/><REACH who="3" step="1"/><G82/><REACH who="3" ten="250,289,159,292" step="2"/><T47/><D15/><U54/><E14/><V110/><F71/><W114/><G114/><T106/><D106/><U129/><E0/><V119/><F119/><W13/><G13/><T10/><D10/><AGARI ba="1,1" hai="3,7,10,54,55,62,67,70,128,129,130" m="51753" machi="10" ten="40,12000,1" yaku="19,1,20,1,52,2" doraHai="48" who="1" fromWho="0" sc="250,-123,289,133,159,0,292,0" /><INIT seed="1,2,0,5,5,39" ten="127,422,159,292" oya="1" hai0="12,123,70,81,33,20,98,51,85,10,104,96,29" hai1="23,75,106,56,47,44,25,120,77,112,132,55,66" hai2="18,97,45,99,36,38,35,50,13,115,58,8,62" hai3="57,118,71,27,61,114,129,49,17,108,73,43,135"/><U128/><E120/><V0/><F35/><W79/><G114/><T84/><D70/><U7/><E106/><V64/><F115/><W89/><G89/><T26/><D123/><U40/><E112/><V121/><F121/><W54/><G135/><T110/><D110/><U94/><E66/><V76/><F0/><W5/><G129/><T87/><D33/><U109/><E7/><V117/><F117/><W69/><G118/><T126/><D126/><U105/><E105/><V30/><F30/><W32/><G108/><T74/><D104/><U90/><E109/><V42/><REACH who="2" step="1"/><F76/><REACH who="2" ten="127,422,149,292" step="2"/><W86/><G32/><T91/><D51/><U16/><E77/><V119/><F119/><W34/><G34/><T113/><D113/><U2/><E2/><V80/><F80/><W124/><G124/><T102/><D102/><U83/><E83/><V133/><F133/><W78/><G79/><T9/><D81/><U14/><E132/><V19/><F19/><W4/><G78/><T48/><D48/><U72/><E128/><V125/><F125/><W122/><G122/><T22/><D91/><U60/><E75/><V3/><F3/><W107/><G73/><T82/><D82/><U67/><E72/><V41/><F41/><W31/><G31/><T103/><D74/><U127/><E40/><V134/><F134/><W24/><G43/><T21/><D103/><U52/><E127/><V131/><F131/><W101/><G49/><T93/><D29/><U63/><E25/><V95/><F95/><W15/><G27/><T53/><D26/><U130/><E130/><V116/><F116/><RYUUKYOKU ba="2,1" sc="127,-10,422,-10,149,30,292,-10" hai2="8,13,18,36,38,42,45,50,58,62,64,97,99" /><INIT seed="2,3,1,4,2,134" ten="117,412,179,282" oya="2" hai0="41,59,97,99,38,68,22,64,79,119,5,26,71" hai1="42,92,67,82,110,103,55,35,70,93,132,8,122" hai2="51,84,69,135,118,23,124,80,39,18,47,107,74" hai3="32,46,61,57,25,60,72,6,54,31,36,98,109"/><V73/><F118/><W102/><G109/><T27/><D119/><U133/><E35/><V116/><F116/><W30/><G72/><T121/><D121/><U13/><E110/><V14/><F107/><W104/><G30/><T89/><D79/><U126/><E42/><V63/><F39/><W20/><G6/><T16/><D5/><U15/><E122/><V90/><F135/><W34/><G36/><T111/><D111/><U9/><E70/><V48/><F48/><W114/><G114/><T52/><D64/><U0/><E67/><V7/><F7/><W77/><G77/><T108/><D108/><U10/><E0/><V28/><F28/><W21/><G46/><T19/><D41/><U11/><E133/><V66/><REACH who="2" step="1"/><F124/><REACH who="2" ten="117,412,169,282" step="2"/><W96/><G104/><T76/><D38/><U91/><E126/><V1/><F1/><W94/><G60/><N who="0" m="35943" /><D71/><U4/><E132/><V125/><F125/><W81/><G61/><T50/><D68/><U95/><E103/><V65/><F65/><W129/><G102/><T117/><D117/><U62/><E4/><V120/><F120/><W112/><G31/><T88/><D50/><U86/><N who="1" m="2048" /><DORA hai="56" /><U128/><E128/><V24/><F24/><W113/><G25/><T40/><D40/><AGARI ba="3,2" hai="14,18,23,40,47,51,63,66,69,73,74,80,84,90" machi="40" ten="30,5800,0" yaku="1,1,7,1,52,1,53,0" doraHai="134,56" doraHaiUra="123,53" who="2" fromWho="0" sc="117,-67,412,0,169,87,282,0" /><INIT seed="2,4,0,0,0,95" ten="50,412,256,282" oya="2" hai0="67,36,103,90,129,19,134,84,31,21,61,5,16" hai1="97,73,56,116,12,76,74,106,83,107,33,37,108" hai2="117,94,3,29,121,42,104,22,100,81,59,24,96" hai3="60,126,55,4,8,112,88,75,48,87,44,111,20"/><V127/><F117/><W39/><G75/><T123/><D36/><U52/><E116/><V133/><F121/><W122/><G111/><T71/><D123/><U54/><E108/><V131/><F3/><W30/><G126/><T7/><D129/><U115/><E115/><V85/><F127/><W125/><G125/><T46/><D103/><U1/><E1/><V72/><F131/><W2/><G112/><T17/><D46/><U47/><E33/><V89/><F133/><W11/><G122/><T34/><D34/><U6/><E73/><V92/><F42/><W135/><G135/><T69/><D69/><U86/><E74/><V53/><REACH who="2" step="1"/><F72/><REACH who="2" ten="50,412,246,282" step="2"/><W113/><G113/><T63/><D134/><U50/><E37/><V57/><F57/><N who="3" m="34879" /><G2/><T13/><D71/><U64/><E64/><V35/><F35/><W40/><G39/><T70/><D70/><U15/><E6/><V128/><F128/><W41/><G4/><T26/><D67/><U45/><E45/><V124/><F124/><W114/><G41/><T14/><D7/><U28/><E28/><V27/><F27/><N who="3" m="16743" /><G114/><T43/><D43/><U110/><E110/><V78/><F78/><W0/><G0/><T9/><REACH who="0" step="1"/><D14/><REACH who="0" ten="40,412,246,282" step="2"/><U130/><E130/><V18/><F18/><W79/><G79/><T62/><D62/><AGARI ba="4,2" hai="22,24,29,53,59,62,81,85,89,92,94,96,100,104" machi="62" ten="30,11600,0" yaku="1,1,7,1,52,1,53,1" doraHai="95" doraHaiUra="77" who="2" fromWho="0" sc="40,-128,412,0,246,148,282,0" owari="-88,-59.0,412,52.0,394,19.0,282,-12.0" /></mjloggm>