<mjloggm ver="2.3"><GO type="169" lobby="0"/><UN n0="%E3%83%88%E3%83%88%E3%83%AA%E5%85%88%E7%94%9F%31%39%E6%AD%B3" n1="%4C%53%E9%99%BD" n2="%E5%A4%A7%E5%AE%AE%E5%BF%8D%76" n3="%62%75%74%69%74%61%6D%61" dan="18,16,16,18" rate="2267.91,2078.45,2139.09,2167.40" sx="F,M,M,M"/><TAIKYOKU oya="0"/><INIT seed="0,0,0,5,5,124" ten="250,250,250,250" oya="0" hai0="52,118,103,13,6,132,58,31,69,70,121,93,32" hai1="99,72,110,43,104,101,83,26,11,37,97,105,15" hai2="27,16,73,1,21,94,80,91,81,123,57,130,10" hai3="117,89,0,33,28,106,62,65,115,92,119,39,25"/><T30/><D118/><U98/><E110/><V44/><F123/><W75/><G115/><T17/><D121/><U5/><E26/><V55/><F44/><W61/><G75/><T40/><D132/><U82/><E72/><V128/><F10/><W116/><G39/><T96/><D6/><U53/><E53/><V78/><F1/><W45/><G0/><T29/><D32/><U127/><E127/><V134/><F134/><W4/><G4/><T50/><REACH who="0" step="1"/><D40/><REACH who="0" ten="240,250,250,250" step="2"/><U18/><E5/><V7/><F7/><W46/><G116/><T88/><D88/><U68/><E43/><V63/><REACH who="2" step="1"/><F81/><REACH who="2" ten="240,250,240,250" step="2"/><W108/><G119/><T36/><D36/><U23/><E37/><V35/><F35/><W95/><G117/><T12/><D12/><U41/><E83/><V66/><F66/><W48/><G33/><T19/><D19/><U120/><E82/><V90/><F90/><W131/><G65/><T34/><D34/><U129/><E120/><V38/><F38/><W133/><G89/><T8/><AGARI ba="0,2" hai="8,13,17,29,30,31,50,52,58,69,70,93,96,103" machi="8" ten="30,6000,0" yaku="1,1,0,1,54,1,53,0" doraHai="124" doraHaiUra="20" who="0" fromWho="0" sc="240,80,250,-20,240,-20,250,-20" /><INIT seed="0,1,0,2,3,113" ten="320,230,220,230" oya="0" hai0="45,41,4,81,9,76,93,121,91,75,26,102,94" hai1="37,118,88,66,107,17,42,44,25,55,106,92,62" hai2="103,111,80,18,122,43,49,22,3,34,71,105,28" hai3="27,14,10,47,59,85,108,83,21,74,5,78,64"/><T132/><D121/><U98/><E118/><V110/><F122/><W97/><G108/><N who="2" m="41513" /><F71/><W69/><G69/><T46/><D132/><U1/><E1/><V128/><F3/><W86/><G47/><T120/><D120/><U130/><E130/><V84/><F128/><W89/><G97/><T100/><D26/><U40/><E40/><V101/><F28/><W129/><G129/><T58/><D58/><N who="1" m="35167" /><E66/><V131/><F34/><W6/><G6/><T135/><D46/><U7/><E7/><V79/><F131/><W104/><G104/><T16/><D93/><U70/><E70/><V36/><F36/><W38/><G38/><T50/><D135/><U35/><E35/><V33/><F33/><W125/><G125/><T8/><D8/><U115/><E115/><V134/><F134/><W73/><G59/><T13/><REACH who="0" step="1"/><D4/><REACH who="0" ten="310,230,220,230" step="2"/><U116/><E106/><V124/><F105/><W39/><G27/><T32/><D32/><U52/><E107/><V48/><F124/><W53/><G10/><T123/><D123/><U15/><E25/><V112/><F112/><W12/><G5/><T67/><D67/><U99/><E44/><V29/><F22/><W63/><G21/><T54/><D54/><U56/><E52/><V0/><F43/><W61/><G53/><T57/><D57/><U68/><E56/><V87/><F0/><W23/><G64/><T60/><D60/><U127/><E127/><V72/><F48/><W2/><G23/><T20/><D20/><U90/><E42/><V96/><F49/><W65/><G63/><T51/><D51/><U126/><E126/><RYUUKYOKU ba="1,1" sc="310,30,230,-10,220,-10,230,-10" hai0="9,13,16,41,45,50,75,76,81,91,94,100,102" /><INIT seed="0,2,1,2,0,91" ten="340,220,210,220" oya="0" hai0="47,48,116,133,65,73,30,49,58,44,32,50,15" hai1="134,8,126,13,43,90,56,135,66,80,5,62,18" hai2="107,67,23,59,54,31,94,76,45,109,71,70,10" hai3="33,113,125,115,87,21,39,24,74,95,37,130,84"/><T114/><D114/><U77/><E126/><V19/><F107/><W119/><G33/><T57/><D73/><U98/><E43/><V97/><F76/><W128/><G119/><T72/><D72/><U29/><E29/><V53/><F109/><W75/><G125/><T55/><D116/><U20/><E98/><V100/><F45/><N who="0" m="17482" /><D32/><U35/><E35/><V27/><F54/><W1/><G1/><T2/><D2/><U122/><E90/><V46/><F46/><W38/><G21/><T85/><D30/><U120/><E120/><V127/><F127/><W64/><G64/><T123/><D133/><U81/><E122/><V0/><F67/><W69/><G24/><T117/><D117/><U9/><E9/><V42/><F42/><W28/><G28/><T103/><D103/><U52/><E134/><V121/><F121/><W101/><G101/><T3/><D3/><U40/><E135/><V36/><F36/><W51/><G51/><N who="0" m="30975" /><D85/><U112/><E112/><V26/><F0/><W131/><G69/><T129/><D123/><U110/><E40/><V17/><F10/><W86/><G75/><T25/><D25/><U96/><E66/><V104/><F27/><W99/><G74/><T82/><D82/><U108/><E81/><V7/><F70/><W60/><G60/><N who="0" m="38039" /><D15/><N who="1" m="5519" /><E96/><V41/><F97/><W105/><G105/><T124/><D124/><U63/><E63/><V118/><F104/><W92/><G99/><T68/><D68/><U79/><E80/><V16/><F71/><W22/><G22/><T12/><D12/><U61/><E61/><V4/><F118/><RYUUKYOKU ba="2,1" sc="340,10,220,10,210,-30,220,10" hai0="48,49,50,129" hai1="13,18,20,52,56,62,77,79,108,110" hai3="37,38,39,84,86,87,92,95,113,115,128,130,131" /><INIT seed="0,3,1,3,5,37" ten="350,230,180,230" oya="0" hai0="45,86,112,31,41,89,117,94,130,81,33,66,61" hai1="7,5,62,118,95,101,135,59,20,126,96,78,109" hai2="65,80,14,123,56,12,49,42,79,30,129,23,54" hai3="21,119,19,98,50,97,132,58,111,0,76,4,115"/><T72/><D112/><U35/><E35/><V105/><F123/><W10/><G115/><T25/><D130/><U77/><E118/><V92/><F105/><W74/><G119/><T17/><D117/><U57/><E126/><V15/><F129/><W99/><G111/><T102/><D17/><U83/><E135/><V67/><F92/><W51/><G132/><T53/><D53/><U91/><E109/><V16/><F30/><W64/><G74/><T134/><D134/><U1/><E1/><V84/><REACH who="2" step="1"/><F42/><REACH who="2" ten="350,230,170,230" step="2"/><W87/><G98/><T75/><D94/><U18/><E95/><V36/><F36/><W55/><G97/><T63/><D102/><U125/><E96/><V44/><F44/><W13/><G99/><T68/><D63/><U104/><E101/><V121/><F121/><W108/><G108/><T73/><D73/><U131/><E104/><V47/><F47/><W46/><G87/><T11/><REACH who="0" step="1"/><D11/><REACH who="0" ten="340,230,170,230" step="2"/><U116/><E131/><V70/><F70/><W69/><G69/><T120/><D120/><U90/><E116/><V107/><F107/><W38/><G10/><T48/><AGARI ba="3,3" hai="25,31,33,41,45,48,61,66,68,72,75,81,86,89" machi="48" ten="20,7800,0" yaku="1,1,0,1,7,1,52,1,53,0" doraHai="37" doraHaiUra="2" who="0" fromWho="0" sc="340,117,230,-29,170,-29,230,-29" /><INIT seed="0,4,0,2,2,128" ten="457,201,141,201" oya="0" hai0="30,99,29,14,36,89,32,90,110,85,97,47,65" hai1="15,52,72,34,69,71,20,13,115,33,21,131,4" hai2="62,28,17,133,64,129,130,114,26,101,98,43,23" hai3="91,103,127,12,94,31,75,105,96,119,112,79,11"/><T83/><D110/><U78/><E131/><N who="2" m="50187" /><F114/><W56/><G119/><T106/><D65/><U113/><E78/><V58/><F43/><W82/><G112/><T87/><D36/><U5/><REACH who="1" step="1"/><E52/><REACH who="1" ten="457,191,141,201" step="2"/><V109/><F109/><W45/><G127/><T80/><D47/><U24/><E24/><V132/><F17/><W19/><G45/><T107/><D14/><U7/><E7/><V59/><F59/><W42/><G42/><T55/><REACH who="0" step="1"/><D32/><REACH who="0" ten="447,191,141,201" step="2"/><U84/><E84/><V122/><F122/><W6/><G56/><T124/><D124/><U37/><E37/><V0/><F0/><W126/><G126/><T73/><D73/><AGARI ba="4,2" hai="4,5,13,15,20,21,33,34,69,71,72,73,113,115" machi="73" ten="25,3200,0" yaku="1,1,22,2,53,0" doraHai="128" doraHaiUra="135" who="1" fromWho="0" sc="447,-44,191,64,141,0,201,0" /><INIT seed="1,0,0,4,5,125" ten="403,255,141,201" oya="1" hai0="20,7,126,54,98,66,76,111,2,32,27,118,72" hai1="16,57,88,65,94,78,19,59,9,35,87,13,84" hai2="3,12,31,92,128,56,44,95,85,74,112,38,89" hai3="113,49,28,37,103,75,48,23,62,58,68,18,80"/><U42/><E35/><V22/><F112/><W29/><G37/><T50/><D118/><U4/><E42/><V6/><F74/><W133/><G113/><T24/><D126/><U105/><E105/><V97/><F3/><W93/><G68/><T39/><D39/><U101/><E101/><V122/><F122/><W10/><G133/><T86/><D72/><U61/><E59/><V47/><F38/><W41/><G10/><T43/><D43/><U81/><AGARI ba="0,0" hai="4,9,13,16,19,57,61,65,78,81,84,87,88,94" machi="81" ten="30,11700,0" yaku="0,1,8,1,54,2" doraHai="125" who="1" fromWho="1" sc="403,-39,255,117,141,-39,201,-39" /><INIT seed="1,1,0,0,1,101" ten="364,372,102,162" oya="1" hai0="28,78,11,128,94,53,81,25,31,4,123,117,113" hai1="97,108,32,131,132,125,83,127,67,15,118,40,114" hai2="100,17,120,47,43,119,92,44,126,39,46,2,23" hai3="6,75,107,62,24,60,38,21,56,10,27,130,64"/><U133/><E32/><V109/><F119/><W90/><G75/><T14/><D117/><U122/><E67/><V3/><F120/><W5/><G38/><T51/><D123/><U55/><E40/><V134/><F109/><W1/><G130/><T50/><D128/><U104/><E108/><V121/><F121/><W70/><G6/><T115/><D94/><U116/><E122/><V42/><F134/><N who="1" m="51817" /><E15/><V34/><F34/><W88/><G107/><T86/><D50/><U87/><E55/><V89/><F100/><W41/><G41/><T68/><D68/><U111/><E111/><V77/><F77/><W74/><G74/><T91/><D78/><N who="1" m="46583" /><E131/><V37/><F47/><W85/><G27/><T73/><D73/><U33/><E33/><V16/><F126/><N who="1" m="48137" /><E114/><V8/><F8/><W98/><G62/><T76/><D113/><U93/><E104/><V35/><F35/><W12/><G1/><T96/><D25/><U82/><E82/><V30/><F30/><W54/><G70/><T69/><D69/><U59/><E59/><V80/><F80/><W112/><G64/><T36/><D36/><U29/><E29/><V71/><F71/><W19/><G112/><T65/><D65/><U58/><E58/><V9/><F9/><W124/><G124/><T105/><D115/><U26/><E26/><V7/><F7/><W129/><G129/><T52/><D53/><U0/><E0/><V45/><F45/><W106/><G106/><T95/><D105/><U20/><E20/><V135/><F135/><W84/><G5/><T79/><D76/><U72/><E72/><RYUUKYOKU ba="1,0" sc="364,15,372,15,102,-15,162,-15" hai0="4,11,14,28,31,51,52,79,81,86,91,95,96" hai1="93,97,116,118" /><INIT seed="1,2,0,1,0,121" ten="379,387,87,147" oya="1" hai0="7,100,45,26,27,60,17,16,106,70,112,124,42" hai1="49,111,31,43,95,5,50,88,76,34,86,133,8" hai2="0,101,99,89,51,97,73,64,28,35,125,48,82" hai3="120,59,127,129,109,90,80,131,81,122,22,6,54"/><U2/><E133/><V14/><F0/><W66/><G66/><T75/><D75/><U32/><E31/><V25/><F125/><W20/><G6/><T57/><D70/><U68/><E68/><V128/><F128/><N who="3" m="49227" /><G127/><T55/><D112/><U94/><E111/><V36/><F36/><W102/><G102/><T113/><D113/><U67/><E67/><V3/><F3/><W79/><G90/><T132/><D124/><U15/><E2/><V9/><F64/><W1/><G1/><T44/><D132/><U98/><E50/><V19/><F73/><N who="3" m="43119" /><G81/><T12/><D100/><U74/><E74/><V24/><F24/><N who="0" m="9258" /><D106/><U40/><E76/><V119/><F119/><W38/><G38/><T62/><D62/><U23/><E23/><N who="3" m="8746" /><G109/><T118/><D118/><U93/><E93/><V134/><F134/><W56/><G56/><T63/><D63/><AGARI ba="2,0" hai="54,59,63,120,122" m="8746,43119,49227" machi="63" ten="30,1000,0" yaku="19,1" doraHai="121" who="3" fromWho="0" sc="379,-16,387,0,87,0,147,16" /><INIT seed="2,0,0,0,3,2" ten="363,387,87,163" oya="2" hai0="6,3,10,44,135,66,122,84,101,47,19,86,97" hai1="8,0,98,30,59,31,22,53,29,11,68,28,1" hai2="117,33,65,67,35,18,112,87,37,88,52,36,109" hai3="21,69,57,41,79,9,125,5,103,114,26,116,40"/><V51/><F112/><W55/><G69/><T124/><D122/><U45/><E68/><V118/><F117/><W20/><G116/><T113/><D113/><U48/><E98/><V74/><F118/><W17/><G114/><T14/><D135/><U99/><E99/><V119/><F119/><W127/><G103/><T102/><D124/><N who="3" m="47689" /><G79/><T49/><D66/><U121/><E121/><V107/><F107/><W94/><G94/><T115/><D115/><U83/><E83/><V76/><F33/><W129/><G21/><T82/><D101/><U81/><E81/><N who="2" m="49263" /><F35/><W70/><G70/><T72/><D72/><U43/><E1/><V85/><F74/><W13/><G129/><T105/><D49/><AGARI ba="0,0" hai="5,9,13,17,20,26,40,41,49,55,57" m="47689" machi="49" ten="30,2000,0" yaku="18,1,52,1" doraHai="2" who="3" fromWho="0" sc="363,-20,387,0,87,0,163,20" /><INIT seed="3,0,0,5,5,13" ten="343,387,87,183" oya="3" hai0="61,92,29,101,64,10,36,32,127,99,97,86,116" hai1="104,28,26,65,89,85,109,115,134,47,27,110,80" hai2="35,125,70,107,3,23,94,96,25,131,37,77,71" hai3="135,0,31,130,1,122,11,19,9,108,75,40,102"/><W14/><G75/><T38/><D116/><U72/><E134/><V105/><F37/><W76/><G76/><T73/><D73/><U58/><E115/><V44/><F3/><N who="3" m="1099" /><G102/><T63/><D127/><U52/><E104/><V57/><F125/><W91/><G91/><T24/><D63/><N who="1" m="38135" /><E72/><V17/><F131/><W41/><G41/><T30/><D30/><U68/><E68/><V98/><F77/><W95/><G95/><T133/><D133/><U15/><E15/><V20/><F35/><W42/><G42/><T6/><D10/><N who="3" m="3593" /><G40/><T93/><D6/><U59/><E47/><V21/><F44/><W74/><G74/><T55/><D55/><U39/><E28/><V126/><F126/><W119/><G135/><T87/><D38/><U67/><E67/><V49/><F70/><W48/><G48/><T84/><D36/><U2/><E2/><V78/><F71/><W123/><G119/><T111/><D61/><N who="1" m="36071" /><E39/><V88/><F78/><W45/><G45/><T103/><D64/><U83/><E83/><V79/><F79/><W16/><G130/><T129/><D129/><U121/><E89/><V60/><F49/><W69/><G69/><T113/><D113/><U22/><E80/><V106/><REACH who="2" step="1"/><F98/><REACH who="2" ten="343,387,77,183" step="2"/><W62/><G62/><T7/><D97/><U12/><E85/><V50/><F50/><W118/><G118/><T132/><D132/><U81/><E81/><V18/><F18/><W56/><G19/><T120/><D99/><U8/><E121/><V43/><F43/><W5/><G122/><T114/><D120/><U53/><E53/><AGARI ba="0,1" hai="17,20,21,23,25,53,57,60,88,94,96,105,106,107" machi="53" ten="40,16000,3" yaku="1,1,25,2,52,1,54,1,53,3" doraHai="13" doraHaiUra="100" who="2" fromWho="1" sc="343,0,387,-160,77,170,183,0" /><INIT seed="4,0,0,1,4,117" ten="343,227,247,183" oya="0" hai0="62,34,10,11,116,63,51,43,89,114,111,47,74" hai1="73,132,55,79,134,106,41,53,131,22,123,27,109" hai2="110,69,48,102,127,50,95,87,135,122,16,80,30" hai3="13,57,71,2,20,81,15,45,90,26,129,75,76"/><T84/><D116/><U44/><E131/><V4/><F69/><W65/><G71/><T37/><D74/><U120/><E109/><V126/><F110/><W54/><G129/><T92/><D111/><U31/><E106/><V128/><F128/><W7/><G65/><T108/><D108/><U8/><E8/><V23/><F30/><W39/><G2/><T6/><D34/><U14/><E14/><V1/><F135/><N who="1" m="51753" /><E79/><V125/><F122/><N who="1" m="46633" /><E73/><V93/><F1/><W21/><G21/><T78/><D114/><U9/><E9/><V124/><F124/><W72/><G72/><T5/><D78/><U19/><E31/><V59/><F4/><W99/><G7/><T113/><D113/><U119/><E119/><V107/><F107/><W60/><G39/><AGARI ba="0,0" hai="19,22,27,39,41,44,53,55" m="46633,51753" machi="39" ten="30,7700,0" yaku="20,1,52,3" doraHai="117" who="1" fromWho="3" sc="343,0,227,77,247,0,183,-77" /><INIT seed="5,0,0,1,5,67" ten="343,304,247,106" oya="1" hai0="63,60,58,131,18,2,57,106,91,56,94,80,26" hai1="13,98,49,7,72,17,90,97,101,10,50,104,42" hai2="69,25,8,47,43,19,74,59,53,35,68,76,107" hai3="51,92,32,30,95,70,117,113,22,87,24,82,33"/><U44/><E72/><V85/><F74/><W99/><G113/><T116/><D116/><U16/><E97/><V15/><F107/><W52/><G117/><T11/><D106/><U114/><E114/><V123/><F123/><W37/><G37/><T27/><D131/><U28/><E28/><V71/><F35/><N who="3" m="13387" /><G99/><N who="0" m="57823" /><D2/><U84/><REACH who="1" step="1"/><E50/><REACH who="1" ten="343,294,247,106" step="2"/><V20/><F85/><W41/><G51/><T65/><D60/><U12/><E12/><V133/><F133/><W77/><G30/><T108/><D27/><U5/><E5/><V31/><F76/><W81/><G24/><T21/><D26/><U0/><E0/><V61/><F69/><W64/><G64/><T14/><D65/><U1/><E1/><V96/><F96/><W86/><G70/><T93/><D63/><U122/><E122/><V78/><F78/><W120/><G77/><T127/><D14/><U125/><E125/><V89/><F89/><W45/><G120/><T73/><D127/><U6/><E6/><V126/><F126/><W119/><G119/><T75/><D73/><U109/><E109/><V79/><F79/><W88/><G88/><T55/><D108/><U54/><E54/><V9/><F68/><W102/><G102/><T121/><D121/><U4/><E4/><V46/><F71/><W135/><G135/><T128/><D75/><U134/><E134/><V110/><F110/><W118/><G118/><T103/><D103/><U105/><E105/><V111/><F111/><W40/><G40/><T38/><D55/><U129/><E129/><V23/><F43/><W29/><G41/><T130/><D128/><RYUUKYOKU ba="0,1" sc="343,-15,294,15,247,15,106,-15" hai1="7,10,13,16,17,42,44,49,84,90,98,101,104" hai2="8,9,15,19,20,23,25,31,46,47,53,59,61" /><INIT seed="5,1,1,1,0,42" ten="328,309,262,91" oya="1" hai0="96,59,30,45,35,62,21,8,110,55,46,19,58" hai1="2,105,113,114,91,54,15,118,132,78,85,71,72" hai2="79,4,16,5,40,127,121,111,125,115,109,70,43" hai3="86,65,131,101,120,82,90,39,112,56,68,12,130"/><U31/><E2/><V64/><F79/><W26/><G26/><N who="0" m="16719" /><D35/><U107/><E71/><V0/><F121/><W84/><G84/><T53/><D110/><U117/><E31/><V76/><F76/><W126/><G126/><N who="2" m="48137" /><F64/><W81/><G81/><T36/><D36/><U93/><E15/><V67/><F67/><W128/><G128/><T3/><D3/><U10/><E10/><N who="2" m="2311" /><F70/><W52/><G52/><N who="0" m="34119" /><D96/><U23/><E23/><V22/><F5/><W37/><G37/><T60/><D53/><U95/><E54/><V80/><F80/><W11/><G11/><T133/><D133/><U47/><E132/><V14/><F115/><N who="1" m="44041" /><E47/><V66/><F66/><W38/><G38/><T75/><D75/><U74/><E95/><V106/><F40/><W13/><G13/><AGARI ba="1,1" hai="8,13,19,45,46,55,59,60" m="34119,16719" machi="13" ten="30,7700,0" yaku="8,1,52,2,54,1" doraHai="42" who="0" fromWho="3" sc="328,90,309,0,262,0,91,-80" /><INIT seed="6,0,0,0,5,112" ten="418,309,262,11" oya="2" hai0="19,56,106,124,118,53,5,63,78,121,38,90,29" hai1="74,16,3,115,70,49,122,50,64,20,27,94,126" hai2="89,80,69,44,2,0,22,73,135,85,10,113,48" hai3="67,95,98,58,75,52,84,37,71,1,125,24,28"/><V30/><F69/><W92/><G92/><T6/><D121/><U132/><E3/><V87/><F73/><W77/><G77/><T39/><D106/><U128/><E74/><V46/><F113/><W110/><G110/><T17/><D124/><U41/><E41/><V82/><F135/><W79/><G79/><T88/><D78/><U93/><E132/><V55/><F46/><W133/><G133/><T103/><D103/><U31/><E126/><V104/><F104/><W33/><G33/><T83/><D29/><U18/><E115/><V66/><F66/><W36/><G36/><T8/><D118/><U116/><E122/><V59/><F59/><W107/><G107/><T21/><D39/><U60/><E116/><V32/><F32/><W40/><G40/><T108/><D38/><U11/><E128/><V97/><F97/><W57/><G57/><T51/><D108/><U119/><E119/><V25/><REACH who="2" step="1"/><F10/><REACH who="2" ten="418,309,252,11" step="2"/><W130/><G130/><T131/><D56/><N who="1" m="36871" /><E11/><V123/><F123/><W14/><G14/><T99/><D8/><U76/><E70/><V109/><F109/><W35/><G35/><T23/><D131/><U9/><E9/><V101/><F101/><W111/><G111/><T13/><D99/><U127/><E127/><V26/><F26/><W100/><G100/><T47/><D13/><U4/><E4/><V72/><F72/><W65/><G65/><T129/><D129/><U81/><E93/><V134/><F134/><W96/><G96/><T7/><D6/><U15/><E94/><V34/><F34/><W120/><G120/><T105/><D5/><RYUUKYOKU ba="0,1" sc="418,-10,309,-10,252,30,11,-10" hai2="0,2,22,25,30,44,48,55,80,82,85,87,89" /><INIT seed="6,1,1,5,1,101" ten="408,299,282,1" oya="2" hai0="93,15,39,116,126,31,108,123,11,17,29,38,59" hai1="30,55,78,107,14,42,124,25,8,54,13,76,1" hai2="68,73,33,121,5,95,81,119,3,71,77,66,99" hai3="84,50,87,120,74,61,35,132,122,114,112,9,58"/><V75/><F121/><W45/><G45/><T52/><D108/><U80/><E124/><V94/><F119/><W43/><G43/><T36/><D123/><U79/><E42/><V135/><F33/><W92/><G92/><T109/><D109/><U129/><E107/><V125/><F125/><W44/><G44/><T12/><D126/><U34/><E129/><V53/><F5/><W0/><G0/><T67/><D67/><U28/><E28/><V46/><F3/><W82/><G82/><T65/><D65/><U56/><E80/><V18/><F75/><W47/><G47/><T60/><D116/><U131/><E131/><V110/><F110/><W20/><G20/><T63/><D63/><U2/><E55/><V89/><F135/><W23/><G23/><T111/><D111/><U27/><E27/><V97/><F66/><W90/><G90/><T104/><D104/><U100/><E100/><V88/><F18/><W130/><G130/><T16/><REACH who="0" step="1"/><D93/><REACH who="0" ten="398,299,282,1" step="2"/><U134/><E134/><V21/><REACH who="2" step="1"/><F21/><AGARI ba="1,2" hai="11,12,15,16,17,21,29,31,36,38,39,52,59,60" machi="21" ten="40,12000,2" yaku="1,1,2,1,54,2,53,2" doraHai="101" doraHaiUra="24" who="0" fromWho="2" sc="398,143,299,0,282,-123,1,0" /><INIT seed="7,0,0,5,0,12" ten="541,299,159,1" oya="3" hai0="73,130,29,93,46,33,51,16,75,68,25,49,91" hai1="18,95,78,58,45,131,61,35,133,10,30,60,22" hai2="86,11,40,48,79,27,31,122,134,42,76,13,6" hai3="107,50,64,118,123,41,88,36,100,56,102,20,106"/><W104/><G104/><T2/><D2/><U54/><E35/><V34/><F122/><W114/><G114/><T101/><D68/><U126/><E78/><V84/><F134/><W132/><G132/><T74/><D130/><U67/><E95/><V90/><F84/><W14/><G14/><T103/><D16/><U72/><E72/><V15/><F15/><W39/><G39/><T125/><D125/><U85/><E85/><V24/><F24/><W32/><G32/><T108/><D108/><U109/><E109/><V77/><REACH who="2" step="1"/><F48/><REACH who="2" ten="541,299,149,1" step="2"/><W135/><G135/><T97/><D49/><N who="1" m="28975" /><E133/><V98/><F98/><W7/><G7/><T87/><D97/><U17/><E126/><V26/><F26/><W115/><G115/><T37/><D37/><U113/><E113/><V112/><F112/><W63/><G63/><T65/><D65/><U89/><E61/><V81/><AGARI ba="0,1" hai="6,11,13,27,31,34,40,42,76,77,79,81,86,90" machi="81" ten="30,4000,0" yaku="1,1,0,1,53,1" doraHai="12" doraHaiUra="3" who="2" fromWho="2" sc="541,-10,299,-10,149,50,1,-20" owari="531,63.0,289,9.0,199,-20.0,-19,-52.0" /></mjloggm>