<mjloggm ver="2.3"><GO type="169" lobby="0"/><UN n0="%79%61%6D%69" n1="%E3%81%B1%E3%82%93%E3%81%9E%E3%81%86" n2="%E3%80%93%E9%B3%A9%E9%BA%A6%E7%8E%84%E7%B1%B3%E3%80%93" n3="%E3%82%A6%E3%83%AB%E3%83%88%E3%83%A9%E7%AB%8B%E7%9B%B4" dan="16,16,17,17" rate="2061.71,2096.16,2232.21,2149.77" sx="M,M,M,M"/><TAIKYOKU oya="0"/><INIT seed="0,0,0,5,5,59" ten="250,250,250,250" oya="0" hai0="32,67,55,3,29,100,4,104,31,0,18,14,22" hai1="16,7,95,93,133,105,132,24,77,54,110,41,83" hai2="20,72,39,58,102,134,37,79,112,87,36,50,44" hai3="49,97,28,115,114,17,61,73,74,46,108,122,128"/><T98/><D55/><U71/><E105/><V47/><F72/><W76/><G28/><T99/><D99/><U5/><E110/><V85/><F112/><W107/><G108/><T84/><D84/><U101/><E71/><V1/><F1/><W120/><G17/><T131/><D131/><U81/><E41/><V23/><F102/><N who="3" m="62927" /><G128/><T135/><D135/><U52/><E16/><V94/><F134/><W82/><G73/><T69/><D4/><U66/><E101/><V116/><F116/><W129/><G61/><N who="0" m="40175" /><D31/><U15/><E15/><V117/><F117/><W60/><G60/><T111/><D111/><U80/><E80/><V90/><F79/><W35/><G129/><T2/><D2/><U45/><E66/><V91/><F58/><W38/><G38/><T75/><D75/><U103/><E103/><V64/><F64/><W48/><G48/><T51/><D51/><U53/><E53/><V43/><REACH who="2" step="1"/><F47/><REACH who="2" ten="250,250,240,250" step="2"/><W125/><G115/><T123/><D123/><U6/><E45/><V63/><F63/><W26/><G114/><T56/><D56/><U113/><E113/><V8/><F8/><W27/><G122/><T33/><D0/><U57/><E133/><V130/><F130/><W121/><G120/><T19/><D3/><U92/><E132/><V96/><F96/><W89/><G121/><T9/><D9/><U42/><E57/><V70/><F70/><W127/><G46/><T119/><D119/><U34/><E77/><V88/><F88/><W12/><G76/><T65/><D65/><U30/><E34/><N who="0" m="13417" /><D29/><U68/><E30/><V126/><F126/><RYUUKYOKU ba="0,1" sc="250,15,250,-15,240,15,250,-15" hai0="14,18,19,22,98,100,104" hai2="20,23,36,37,39,43,44,50,85,87,90,91,94" /><INIT seed="0,1,1,4,2,44" ten="265,235,255,235" oya="0" hai0="100,107,72,84,55,117,114,40,90,76,23,91,69" hai1="56,63,43,130,110,47,65,39,128,7,34,111,20" hai2="19,32,113,60,45,105,21,112,134,106,94,41,11" hai3="31,127,29,97,82,95,30,24,50,102,81,131,18"/><T51/><D114/><U6/><E34/><V121/><F32/><W119/><G119/><T37/><D117/><U1/><E20/><V116/><F121/><W35/><G131/><N who="1" m="50218" /><E1/><V104/><F11/><W13/><G127/><T5/><D69/><N who="1" m="42175" /><E6/><V54/><F116/><W108/><G108/><N who="1" m="41514" /><E7/><V135/><F21/><N who="3" m="11471" /><G24/><T8/><D23/><U38/><E56/><V33/><F33/><W27/><G27/><T89/><D8/><U125/><E125/><V85/><F19/><W16/><G16/><T42/><D5/><U26/><E26/><V67/><F113/><W14/><G14/><T68/><D68/><U73/><E73/><V122/><F112/><W86/><G35/><T49/><D72/><U79/><E79/><V57/><F122/><W28/><G28/><T0/><D0/><U74/><E74/><V71/><F85/><W78/><G82/><T17/><D17/><U80/><E80/><V123/><F123/><W46/><G30/><T15/><D15/><U118/><E118/><V10/><F10/><W133/><G29/><T22/><D22/><U25/><E25/><V129/><F129/><W75/><G31/><T87/><D76/><U93/><E93/><V61/><REACH who="2" step="1"/><F94/><REACH who="2" ten="265,235,245,235" step="2"/><W62/><G95/><T52/><D107/><U126/><E126/><V36/><AGARI ba="1,2" hai="36,41,45,54,57,60,61,67,71,104,105,106,134,135" machi="36" ten="40,5200,0" yaku="1,1,2,1,0,1,53,0" doraHai="44" doraHaiUra="2" who="2" fromWho="2" sc="265,-27,235,-14,245,75,235,-14" /><INIT seed="1,0,0,4,4,118" ten="238,221,320,221" oya="1" hai0="132,16,41,57,34,27,38,53,78,11,134,83,111" hai1="32,120,110,72,56,69,126,42,26,47,61,68,94" hai2="13,112,73,62,70,10,65,25,99,101,121,113,31" hai3="66,107,86,67,40,76,104,8,71,46,6,129,37"/><U45/><E72/><V100/><F73/><W102/><G129/><T20/><D34/><U93/><E126/><V0/><F0/><W50/><G37/><T19/><D41/><U122/><E32/><N who="2" m="20591" /><F121/><W29/><G29/><T75/><D38/><U74/><E74/><V18/><F99/><W39/><G39/><T43/><D43/><U115/><E26/><V108/><F108/><W124/><G124/><T92/><D111/><U14/><E42/><V59/><F70/><W89/><G102/><T119/><D119/><U117/><E14/><V54/><F65/><W88/><G107/><T64/><D64/><N who="3" m="24617" /><G104/><T9/><D92/><U116/><E56/><V35/><F35/><W17/><G17/><T22/><D9/><U1/><E61/><V91/><F91/><W127/><G127/><T80/><D80/><U52/><E52/><V128/><F128/><W84/><G71/><T36/><D11/><U24/><E24/><V5/><F18/><W131/><G131/><T63/><REACH who="0" step="1"/><D36/><REACH who="0" ten="228,221,320,221" step="2"/><U2/><REACH who="1" step="1"/><E110/><REACH who="1" ten="228,211,320,221" step="2"/><V90/><F113/><AGARI ba="0,2" hai="1,2,45,47,68,69,93,94,113,115,116,117,120,122" machi="113" ten="25,18000,2" yaku="1,1,2,1,22,2,52,2,53,0" doraHai="118" doraHaiUra="28" who="1" fromWho="2" sc="228,0,211,200,320,-180,221,0" /><INIT seed="1,1,0,0,1,94" ten="228,411,140,221" oya="1" hai0="116,25,18,108,38,107,37,76,63,109,11,125,23" hai1="8,7,92,81,35,53,1,133,45,22,100,61,103" hai2="21,127,31,48,98,135,118,66,14,49,40,60,74" hai3="46,0,58,117,68,124,3,12,54,105,20,43,121"/><U123/><E35/><V34/><F118/><W126/><G68/><T15/><D116/><U78/><E133/><V65/><F74/><W62/><G105/><T64/><D76/><U13/><E92/><V5/><F135/><W86/><G121/><T9/><D107/><U120/><E22/><V73/><F73/><W77/><G117/><T95/><D125/><N who="3" m="48233" /><G86/><T6/><D11/><U102/><E1/><V57/><F127/><W69/><G69/><N who="0" m="42143" /><D95/><U10/><E10/><N who="2" m="4431" /><F34/><W51/><G77/><T59/><D59/><U110/><E78/><V75/><F75/><W41/><G12/><T128/><D128/><U27/><E13/><V55/><F98/><W101/><G20/><T85/><D85/><U134/><E8/><V114/><F114/><W131/><G131/><T99/><D99/><U67/><E134/><V89/><F89/><W132/><G101/><T113/><D113/><U4/><E103/><V97/><F97/><W104/><G104/><T80/><D80/><U119/><E81/><V122/><F122/><W129/><G129/><T93/><D93/><U33/><E102/><V70/><F70/><W91/><G91/><T72/><D72/><U39/><E100/><V82/><F82/><W16/><G132/><T106/><D106/><U50/><E120/><V2/><F2/><W111/><G0/><T29/><D38/><U19/><E123/><V17/><F31/><W130/><G3/><N who="0" m="223" /><D37/><U84/><E39/><V83/><F83/><W115/><G130/><T32/><AGARI ba="1,0" hai="15,18,23,25,29,32,108,109" m="223,42143" machi="32" ten="30,1100,0" yaku="24,1" doraHai="94" who="0" fromWho="0" sc="228,14,411,-6,140,-4,221,-4" /><INIT seed="2,0,0,5,2,103" ten="242,405,136,217" oya="2" hai0="118,55,54,92,69,52,60,102,110,96,50,68,3" hai1="12,106,130,112,64,6,93,23,126,116,1,65,21" hai2="78,22,129,30,115,87,123,13,111,49,43,41,63" hai3="98,71,40,75,90,2,135,114,32,121,105,131,66"/><V77/><F115/><W58/><RYUUKYOKU type="yao9" ba="0,0" sc="242,0,405,0,136,0,217,0" hai3="2,32,40,58,66,71,75,90,98,105,114,121,131,135" /><INIT seed="2,1,0,3,2,38" ten="242,405,136,217" oya="2" hai0="63,46,76,74,123,129,99,80,110,112,97,32,42" hai1="98,18,26,127,49,54,126,94,135,71,131,85,59" hai2="87,73,29,45,82,88,11,119,34,33,5,27,21" hai3="89,83,68,69,105,44,13,132,52,120,65,109,41"/><V67/><F119/><W6/><G105/><T28/><D112/><U10/><E135/><V57/><F73/><W114/><G120/><T12/><D123/><U96/><E71/><V93/><F45/><W64/><G89/><T0/><D110/><U134/><E131/><V8/><F8/><W75/><G13/><T91/><D129/><U51/><E134/><V60/><REACH who="2" step="1"/><F82/><REACH who="2" ten="242,405,126,217" step="2"/><W61/><G83/><T125/><D46/><U81/><E10/><V122/><F122/><W3/><G75/><T100/><D80/><U15/><E81/><V103/><F103/><W4/><G114/><T95/><D100/><U116/><E116/><V47/><F47/><W43/><G132/><T90/><D74/><U118/><E118/><V113/><F113/><W130/><G130/><T31/><D76/><U133/><E133/><V36/><F36/><W111/><G44/><T128/><D128/><U121/><E121/><V106/><F106/><W22/><G109/><T104/><D104/><U35/><E126/><V56/><F56/><W2/><G111/><T92/><D125/><U25/><E127/><V14/><AGARI ba="1,1" hai="5,11,14,21,27,29,33,34,57,60,67,87,88,93" machi="14" ten="20,12000,1" yaku="1,1,0,1,7,1,54,1,53,1" doraHai="38" doraHaiUra="17" who="2" fromWho="2" sc="242,-41,405,-41,126,133,217,-41" /><INIT seed="2,2,0,3,0,96" ten="201,364,259,176" oya="2" hai0="13,117,76,42,9,10,36,38,18,119,23,94,19" hai1="41,115,39,105,17,100,44,85,69,52,120,116,88" hai2="90,78,81,129,123,93,27,112,132,5,87,99,95" hai3="126,103,55,25,30,84,127,54,79,73,6,133,113"/><V58/><F112/><W51/><G73/><T130/><D130/><U57/><E115/><V91/><F123/><W75/><G75/><T21/><D76/><U33/><E116/><N who="0" m="44617" /><D94/><U107/><E69/><V16/><F129/><W121/><G6/><T0/><D0/><U24/><E120/><V34/><F132/><W64/><G64/><T124/><D124/><N who="3" m="47657" /><G113/><T65/><D65/><U70/><E70/><V29/><F5/><W77/><G133/><T2/><D2/><U56/><E56/><V92/><F58/><N who="3" m="33119" /><G55/><T131/><D131/><U98/><E52/><V122/><F122/><W82/><G79/><T4/><D4/><U125/><E125/><V134/><F134/><W50/><G50/><T49/><D49/><U71/><E39/><N who="0" m="14889" /><D42/><U108/><E41/><V11/><REACH who="2" step="1"/><F78/><REACH who="2" ten="201,364,249,176" step="2"/><W14/><G121/><T62/><D62/><U128/><E128/><V45/><F45/><W3/><G3/><T22/><D19/><U1/><E17/><V12/><AGARI ba="2,1" hai="11,12,16,27,29,34,81,87,90,91,92,93,95,99" machi="12" ten="30,11700,0" yaku="1,1,0,1,54,1,53,1" doraHai="96" doraHaiUra="7" who="2" fromWho="2" sc="201,-41,364,-41,249,133,176,-41" /><INIT seed="2,3,0,2,5,133" ten="160,323,382,135" oya="2" hai0="13,22,60,100,9,20,54,49,3,26,69,89,121" hai1="44,73,80,59,125,31,81,17,90,27,53,124,4" hai2="85,43,78,72,38,23,105,2,62,134,28,110,40" hai3="68,50,113,104,126,86,103,82,47,61,37,112,75"/><V101/><F85/><W25/><G37/><T8/><D121/><U15/><E4/><V66/><F23/><W7/><G75/><T21/><D26/><U48/><E59/><V24/><F43/><W131/><G7/><T122/><D122/><U45/><E45/><N who="2" m="23703" /><F2/><W39/><G39/><T118/><D118/><U34/><E90/><V5/><F5/><W95/><G25/><T94/><D100/><U18/><E73/><V97/><F134/><W108/><G104/><T77/><D77/><U88/><E18/><V119/><F119/><W33/><G33/><T12/><D3/><U107/><E107/><V130/><F130/><W115/><G131/><T36/><D36/><U96/><E96/><V16/><F16/><W109/><G103/><T55/><D13/><U57/><E57/><V10/><F10/><W114/><G95/><T98/><D12/><U30/><E30/><V123/><F123/><W1/><G1/><T11/><D69/><U93/><E93/><V128/><F128/><W117/><G117/><T132/><D132/><U14/><E14/><V64/><F110/><N who="3" m="42603" /><G113/><T91/><D94/><U106/><E106/><V56/><F72/><W32/><G32/><T111/><D111/><U127/><E88/><V42/><F78/><N who="3" m="46423" /><G61/><T58/><REACH who="0" step="1"/><D98/><REACH who="0" ten="150,323,382,135" step="2"/><U87/><REACH who="1" step="1"/><E87/><REACH who="1" ten="150,313,382,135" step="2"/><V0/><F97/><W6/><G68/><T79/><D79/><U120/><E120/><V46/><F105/><W116/><G116/><T76/><D76/><U135/><E135/><V19/><F101/><W129/><G129/><T92/><D92/><U74/><E74/><V99/><F99/><RYUUKYOKU ba="3,2" sc="150,15,313,15,382,-15,135,-15" hai0="8,9,11,20,21,22,49,54,55,58,60,89,91" hai1="15,17,27,31,34,44,48,53,80,81,124,125,127" /><INIT seed="3,4,2,3,3,131" ten="165,328,367,120" oya="3" hai0="27,21,123,93,36,95,109,108,75,103,28,57,126" hai1="100,47,129,62,83,50,16,72,70,4,89,91,59" hai2="64,67,101,125,53,20,107,116,135,33,37,22,74" hai3="2,38,90,23,31,58,56,105,7,48,11,60,117"/><W94/><G105/><T80/><D123/><U112/><E70/><V55/><F33/><W8/><G38/><T111/><D126/><U49/><E112/><V77/><F37/><W34/><G34/><T79/><D36/><U66/><E129/><V76/><F116/><W99/><G117/><T51/><REACH who="0" step="1"/><D103/><REACH who="0" ten="155,328,367,120" step="2"/><U82/><E100/><V39/><F125/><W41/><G60/><T118/><D118/><U121/><E62/><V122/><F101/><W19/><G31/><T133/><D133/><U115/><E121/><V5/><F135/><W128/><G128/><T87/><D87/><U96/><E72/><V35/><F74/><W127/><G127/><T10/><D10/><U120/><E120/><V84/><F122/><W92/><G11/><T12/><D12/><U106/><E115/><V6/><F84/><W18/><G8/><T40/><D40/><U110/><E96/><V78/><F39/><W43/><G41/><T15/><D15/><U132/><E132/><V113/><F113/><W85/><G43/><T46/><D46/><U9/><E47/><V119/><F119/><W3/><G48/><T32/><D32/><U124/><E124/><V114/><F35/><W29/><G2/><T69/><D69/><U26/><E50/><V61/><F61/><W97/><G85/><T17/><D17/><N who="3" m="6153" /><G3/><T86/><D86/><U25/><E49/><V68/><F68/><W14/><G7/><N who="2" m="2569" /><F114/><W30/><G14/><T130/><D130/><U1/><E1/><V73/><F73/><W63/><G63/><T88/><D88/><U81/><E4/><V42/><F42/><RYUUKYOKU ba="4,3" sc="155,30,328,-10,367,-10,120,-10" hai0="21,27,28,51,57,75,79,80,93,95,108,109,111" /><INIT seed="4,5,3,2,5,49" ten="185,318,357,110" oya="0" hai0="11,77,34,33,56,18,109,28,126,6,0,99,79" hai1="100,128,71,86,108,26,50,1,107,91,135,68,127" hai2="119,63,115,55,25,120,83,123,101,30,16,96,81" hai3="45,112,69,130,31,72,125,36,133,24,114,132,67"/><T51/><D126/><U121/><E26/><V94/><F115/><N who="3" m="44075" /><G72/><T29/><D109/><U27/><E27/><V59/><F119/><W38/><G125/><T65/><D29/><U35/><E50/><V10/><F123/><W70/><G130/><T75/><D75/><U43/><E43/><V57/><F120/><W47/><G47/><T19/><D19/><U106/><E35/><V113/><F113/><W122/><G122/><T44/><D99/><U7/><E100/><V66/><F30/><W85/><G85/><T104/><D104/><U76/><E76/><V58/><F58/><W9/><G9/><T84/><D18/><U5/><E86/><V129/><F129/><W82/><G82/><T110/><D110/><U12/><E127/><V73/><F73/><W88/><G88/><T102/><D102/><U13/><E128/><V4/><F4/><W14/><G14/><T21/><D84/><U105/><E91/><V8/><F8/><W39/><G45/><T40/><D79/><U90/><E90/><V97/><F97/><W52/><G52/><T22/><D77/><U20/><E5/><V78/><F78/><W74/><G74/><T111/><D111/><U23/><E108/><V46/><F46/><W117/><G117/><T3/><D3/><U53/><E53/><V95/><F95/><W134/><G67/><T37/><D65/><U64/><E121/><V15/><F25/><W89/><G89/><T103/><D103/><U41/><E106/><V60/><AGARI ba="5,3" hai="10,15,16,55,57,59,60,63,66,81,83,94,96,101" machi="60" ten="20,8000,1" yaku="0,1,7,1,8,1,52,1,54,1" doraHai="49" who="2" fromWho="2" sc="185,-45,318,-25,357,125,110,-25" /><INIT seed="5,0,0,5,0,81" ten="140,293,482,85" oya="1" hai0="10,75,23,22,68,103,63,102,129,37,79,108,112" hai1="91,6,72,101,92,106,88,126,16,74,21,9,82" hai2="120,42,35,33,61,94,53,83,14,1,90,40,93" hai3="71,12,109,44,26,64,121,86,47,15,3,132,97"/><U57/><E126/><V133/><F1/><W7/><G3/><T99/><D37/><U125/><E125/><V31/><F35/><W66/><G109/><T131/><D108/><U51/><E106/><V118/><F83/><W45/><G71/><T134/><D10/><U30/><E30/><V111/><F93/><W80/><G121/><T29/><D112/><U17/><E101/><V46/><F14/><N who="3" m="5163" /><G7/><T117/><D117/><U107/><E107/><V11/><F53/><W114/><G114/><T54/><D134/><U84/><E6/><V73/><F90/><N who="3" m="51527" /><G132/><T105/><D103/><U130/><E9/><V18/><F61/><W78/><G78/><T110/><D110/><U24/><E130/><N who="0" m="49673" /><D29/><N who="1" m="17551" /><E72/><V100/><F31/><W39/><G39/><T58/><D68/><U135/><E74/><V123/><F118/><W98/><G26/><T127/><D127/><U13/><E135/><V38/><F133/><W41/><G41/><T19/><D19/><N who="1" m="7243" /><E13/><V25/><F73/><W85/><G85/><T20/><D75/><U116/><E116/><V34/><F100/><W0/><G0/><T56/><D79/><N who="1" m="46175" /><E92/><V122/><F34/><W50/><G50/><N who="0" m="30807" /><D23/><U59/><E51/><V52/><F33/><W43/><G43/><T70/><D70/><U28/><E28/><V119/><F94/><W55/><G55/><AGARI ba="0,0" hai="20,22,55,58,63,99,102,105" m="30807,49673" machi="55" ten="30,1000,0" yaku="19,1" doraHai="81" who="0" fromWho="3" sc="140,10,293,0,482,0,85,-10" /><INIT seed="6,0,0,2,1,83" ten="150,293,482,75" oya="2" hai0="92,98,79,58,29,115,72,38,48,8,1,60,52" hai1="89,121,33,102,117,26,56,99,63,77,10,14,130" hai2="125,32,2,18,47,19,51,84,114,57,128,30,61" hai3="50,127,21,94,132,109,67,87,65,70,119,131,97"/><V35/><F2/><W66/><G109/><T74/><D38/><U105/><E77/><V93/><F114/><W3/><G3/><T110/><D110/><U134/><E117/><V49/><F49/><W34/><G34/><T20/><D115/><U124/><E124/><V101/><F128/><W126/><G119/><T122/><D122/><U17/><E134/><V76/><F30/><W75/><G75/><T62/><D29/><U4/><E33/><V24/><F19/><W86/><G70/><T112/><D112/><U41/><E41/><V0/><F0/><W88/><G132/><T5/><D20/><U12/><E26/><V27/><F27/><W91/><G131/><T123/><D123/><U43/><E43/><V80/><F125/><N who="3" m="47627" /><G21/><T82/><REACH who="0" step="1"/><D74/><REACH who="0" ten="140,293,482,75" step="2"/><U118/><E121/><V111/><F111/><W59/><G91/><AGARI ba="0,1" hai="1,5,8,48,52,58,60,62,72,79,82,91,92,98" machi="91" ten="30,7700,0" yaku="1,1,2,1,7,1,54,1,53,0" doraHai="83" doraHaiUra="103" who="0" fromWho="3" sc="140,87,293,0,482,0,75,-77" owari="227,-17.0,293,9.0,482,58.0,-2,-50.0" /></mjloggm>