<mjloggm ver="2.3"><GO type="225" lobby="0"/><UN n0="%73%61%74%65" n1="%E3%83%88%E3%83%88%E3%83%AA%E5%85%88%E7%94%9F%31%39%E6%AD%B3" n2="%E5%90%91%E4%BA%95%E7%90%86" n3="%E5%B2%A9%E7%9F%B3%E3%82%AA%E3%83%BC%E3%83%97%E3%83%B3" dan="16,18,16,16" rate="2039.81,2266.01,2101.91,2063.40" sx="M,F,M,M"/><TAIKYOKU oya="0"/><INIT seed="0,0,0,2,3,65" ten="250,250,250,250" oya="0" hai0="32,89,97,100,98,130,93,45,70,86,73,95,8" hai1="41,81,103,118,132,91,36,126,74,0,62,57,53" hai2="107,10,33,109,1,110,28,19,112,90,123,47,49" hai3="24,4,34,119,102,38,52,129,31,79,134,61,55"/><T6/><D32/><U108/><E118/><V20/><F107/><W72/><G119/><T68/><D73/><U83/><E0/><V22/><F123/><W18/><G38/><T37/><D130/><U87/><E108/><N who="2" m="41579" /><F112/><W54/><G4/><T120/><D120/><U69/><E132/><V84/><F33/><W135/><G129/><T56/><D56/><U35/><E35/><V23/><F28/><W76/><G102/><T21/><D21/><U2/><E2/><V63/><F63/><W111/><G111/><T59/><D59/><U105/><E126/><V58/><F58/><W13/><G61/><T96/><D96/><U75/><E103/><V7/><F19/><W14/><G14/><T88/><D45/><U16/><E105/><V64/><F64/><W77/><REACH who="3" step="1"/><G72/><REACH who="3" ten="250,250,250,240" step="2"/><T101/><D37/><U48/><E36/><V60/><F60/><W131/><G131/><T104/><D89/><U5/><E74/><V12/><F1/><AGARI ba="0,1" hai="1,6,8,68,70,86,88,93,95,97,98,100,101,104" machi="1" ten="30,11600,0" yaku="7,1,52,2,54,1" doraHai="65" who="0" fromWho="2" sc="250,126,250,0,250,-116,240,0" /><INIT seed="0,1,0,5,4,59" ten="376,250,134,240" oya="0" hai0="124,82,120,39,1,121,73,105,126,116,81,92,90" hai1="133,24,10,89,111,58,50,40,32,60,80,5,13" hai2="117,104,67,51,44,48,47,74,79,71,103,14,19" hai3="109,42,85,35,63,115,100,72,114,12,112,86,132"/><T20/><D1/><U28/><E111/><V53/><F117/><W8/><G109/><T22/><D39/><U84/><E133/><V76/><F103/><W123/><G132/><T27/><D105/><U9/><E9/><V128/><F104/><W130/><G72/><T37/><D37/><U49/><REACH who="1" step="1"/><E40/><REACH who="1" ten="376,240,134,240" step="2"/><V29/><F128/><W25/><G42/><T43/><D43/><U3/><E3/><V110/><F110/><W23/><G130/><T122/><D116/><U56/><E56/><V99/><F71/><W6/><G115/><T17/><D122/><U11/><E11/><V68/><F68/><W33/><G123/><T131/><D131/><U62/><E62/><V45/><F45/><W94/><G63/><T134/><D121/><U2/><E2/><V31/><F47/><W83/><G114/><T54/><D134/><U87/><E87/><V118/><F44/><W26/><G86/><T95/><D120/><U38/><E38/><V69/><F118/><W101/><G85/><T125/><D125/><U108/><E108/><V52/><F69/><W21/><G8/><T106/><D126/><U55/><AGARI ba="1,1" hai="5,10,13,24,28,32,49,50,55,58,60,80,84,89" machi="55" ten="20,5200,0" yaku="1,1,0,1,7,1,52,1,53,0" doraHai="59" doraHaiUra="129" who="1" fromWho="1" sc="376,-27,240,65,134,-14,240,-14" /><INIT seed="1,0,0,2,1,119" ten="349,305,120,226" oya="1" hai0="101,117,26,104,29,60,94,128,123,35,90,125,127" hai1="49,23,100,82,57,5,89,126,40,110,79,39,135" hai2="113,21,18,31,67,134,48,124,111,122,17,71,86" hai3="7,0,1,12,50,6,56,41,4,77,81,102,16"/><U109/><E135/><V70/><F113/><W69/><G69/><T80/><D117/><U115/><E115/><V55/><F134/><W61/><G102/><T44/><D128/><U34/><E34/><V91/><F111/><N who="1" m="42505" /><E100/><V52/><F122/><W8/><G50/><T112/><D112/><U24/><E126/><N who="0" m="48137" /><D60/><U10/><E89/><V95/><F124/><W65/><REACH who="3" step="1"/><G41/><REACH who="3" ten="349,305,120,216" step="2"/><T85/><D101/><U93/><E49/><V84/><F71/><W53/><G53/><T62/><D62/><U83/><E40/><V36/><F36/><W105/><G105/><T92/><D104/><U116/><E39/><V51/><F70/><W11/><G11/><T30/><D44/><U25/><E116/><V99/><F67/><W73/><AGARI ba="0,1" hai="0,1,4,6,7,8,12,16,56,61,65,73,77,81" machi="73" ten="30,4000,0" yaku="1,1,0,1,54,1,53,0" doraHai="119" doraHaiUra="103" who="3" fromWho="3" sc="349,-10,305,-20,120,-10,216,50" /><INIT seed="2,0,0,5,1,41" ten="339,285,110,266" oya="2" hai0="100,64,11,49,129,17,19,42,44,94,101,43,53" hai1="77,71,74,75,33,84,119,34,23,117,106,51,52" hai2="110,47,116,107,78,5,125,30,69,135,105,14,99" hai3="45,6,58,15,65,31,115,26,39,37,104,72,32"/><V24/><F116/><W89/><G115/><T131/><D64/><U27/><E71/><V108/><F69/><W7/><G39/><T54/><D11/><U133/><E106/><V90/><F78/><W80/><G104/><T70/><D70/><U9/><E133/><V20/><F135/><W79/><G89/><T4/><D4/><U28/><E84/><V122/><F122/><W1/><G15/><T12/><D12/><U59/><E9/><N who="2" m="4399" /><F125/><W114/><G114/><T132/><D132/><U112/><E112/><V21/><F21/><W88/><G1/><T85/><D85/><U124/><E124/><V109/><F47/><W127/><G79/><T96/><D101/><U82/><REACH who="1" step="1"/><E75/><REACH who="1" ten="339,275,110,266" step="2"/><V60/><F60/><W57/><G72/><T18/><D131/><U25/><E25/><V102/><F105/><W40/><G127/><T93/><D129/><U36/><E36/><V48/><F90/><W86/><REACH who="3" step="1"/><G65/><REACH who="3" ten="339,275,110,256" step="2"/><T0/><D0/><U83/><E83/><V8/><F8/><W3/><G3/><T56/><D94/><U130/><E130/><V76/><F76/><W81/><G81/><T35/><D35/><AGARI ba="0,2" hai="23,27,28,33,34,35,51,52,59,74,77,82,117,119" machi="35" ten="40,2600,0" yaku="1,1,54,1,53,0" doraHai="41" doraHaiUra="134" who="1" fromWho="0" sc="339,-26,275,46,110,0,256,0" /><INIT seed="3,0,0,2,2,47" ten="313,321,110,256" oya="3" hai0="112,81,13,91,69,46,101,32,93,31,40,17,15" hai1="50,104,84,75,68,130,52,43,12,74,49,26,135" hai2="23,109,9,79,41,124,87,72,65,129,102,35,55" hai3="8,27,99,53,25,131,96,18,103,105,42,66,115"/><W110/><G115/><T34/><D69/><U59/><E104/><V107/><F35/><W111/><G66/><T7/><D112/><U57/><E68/><V88/><F109/><N who="3" m="41483" /><G42/><T61/><D61/><U16/><E130/><V85/><F124/><W67/><G67/><T5/><D81/><U3/><E3/><V94/><F65/><W45/><G131/><T56/><D56/><U82/><E26/><V83/><F41/><W14/><G99/><T71/><D101/><U119/><E135/><V2/><F23/><W98/><G98/><T63/><D63/><U116/><E50/><AGARI ba="0,0" hai="8,14,18,25,27,45,50,53,96,103,105" m="41483" machi="50" ten="30,5800,0" yaku="14,1,10,1,52,1" doraHai="47" who="3" fromWho="1" sc="313,0,321,-58,110,0,256,58" owari="313,11.0,263,-14.0,110,-39.0,314,42.0" /></mjloggm>