<mjloggm ver="2.3"><GO type="41" lobby="0"/><UN n0="%E3%81%AF%E3%81%8C%E3%81%AD%E3%81%AE%E3%81%8A%E3%81%AE" n1="%E5%B0%B1%E6%B4%BB%E7%94%9F%40%E5%B7%9D%E6%9D%91%E8%BB%8D%E5%9B%A3" n2="%E5%BB%83%E4%BA%BA%E9%81%94%E9%9B%86%E5%90%88" n3="%6B%61%74%6F%72%69%31%30" dan="14,14,15,13" rate="1985.29,1998.31,2018.11,1815.79" sx="M,M,M,M"/><TAIKYOKU oya="0"/><INIT seed="0,0,0,2,2,130" ten="250,250,250,250" oya="0" hai0="5,86,54,88,61,74,69,53,62,120,68,132,94" hai1="108,18,100,106,14,49,101,115,22,51,112,64,128" hai2="117,67,41,97,40,103,16,70,118,35,57,23,84" hai3="87,48,9,4,28,79,124,133,50,31,0,105,10"/><T127/><D120/><U15/><E128/><V60/><F35/><W55/><G105/><T107/><D127/><U125/><E125/><V109/><F109/><W2/><G124/><T20/><D107/><U17/><E64/><V113/><F113/><N who="1" m="43593" /><E108/><V90/><F70/><W131/><G131/><T89/><D74/><U82/><E82/><V21/><F21/><W24/><G133/><T66/><D132/><U45/><E106/><V46/><F103/><N who="1" m="39497" /><E45/><V102/><F102/><W76/><G87/><T6/><D20/><AGARI ba="0,0" hai="14,15,17,18,20,22,49,51" m="39497,43593" machi="20" ten="30,1000,0" yaku="11,1" doraHai="130" who="1" fromWho="0" sc="250,-10,250,10,250,0,250,0" /><INIT seed="1,0,0,4,0,45" ten="240,260,250,250" oya="1" hai0="124,40,66,28,73,30,121,120,132,116,53,135,92" hai1="50,108,70,10,110,27,8,125,41,128,111,23,80" hai2="1,114,90,24,77,107,33,14,115,43,63,22,4" hai3="37,64,7,9,134,12,106,59,2,61,52,97,6"/><U123/><E70/><V81/><F107/><W60/><G134/><N who="0" m="51243" /><D116/><U127/><E123/><V71/><F90/><W65/><G37/><T88/><D124/><N who="1" m="47691" /><E80/><V113/><F33/><W117/><G117/><T104/><D104/><U131/><E50/><V130/><F1/><W29/><G2/><T16/><D73/><U36/><E36/><V21/><F43/><W26/><G106/><T11/><D40/><U102/><E102/><V62/><F71/><W85/><G97/><N who="0" m="57479" /><D66/><U96/><E96/><V56/><F4/><W129/><G129/><N who="1" m="49738" /><E41/><V133/><F133/><W15/><G15/><N who="0" m="7295" /><D53/><U47/><E47/><V58/><F130/><W99/><G99/><T68/><D68/><U42/><E42/><V51/><F58/><W78/><G85/><T101/><D101/><U44/><E44/><V95/><F95/><W126/><G126/><T74/><D74/><U69/><E69/><V86/><F114/><W118/><G118/><T103/><D103/><U49/><E49/><V98/><F115/><W82/><G65/><T48/><D48/><U89/><E89/><V39/><F113/><W72/><G64/><T87/><D87/><U17/><AGARI ba="0,0" hai="8,10,17,23,27,108,110,111" m="49738,47691" machi="17" ten="40,18000,2" yaku="14,1,10,1,18,1,19,1,34,2" doraHai="45" who="1" fromWho="1" sc="240,-60,260,180,250,-60,250,-60" /><INIT seed="1,1,0,2,2,82" ten="180,440,190,190" oya="1" hai0="100,121,125,105,131,72,6,44,108,119,48,90,92" hai1="127,31,66,58,0,5,21,65,86,3,110,52,51" hai2="71,78,25,20,9,81,101,115,73,39,47,70,61" hai3="45,117,102,135,75,111,59,63,120,76,60,133,98"/><U103/><E127/><V1/><F115/><W28/><G120/><T134/><D125/><U107/><E110/><V35/><F101/><W74/><G111/><T29/><D108/><U16/><E31/><V67/><F20/><W87/><G28/><T62/><D119/><U79/><E103/><V22/><F22/><W34/><G34/><T88/><D29/><U123/><E107/><V30/><F70/><W132/><G117/><T17/><D121/><U42/><E42/><V18/><F18/><W24/><G24/><T32/><D32/><U112/><E112/><V116/><F116/><W13/><G87/><T106/><D72/><U56/><E123/><V55/><F55/><W40/><G13/><T97/><D131/><U4/><E3/><V50/><F50/><W84/><G63/><T12/><D134/><U85/><E0/><V122/><F122/><W38/><G76/><T118/><D118/><U2/><E2/><V126/><F126/><W27/><G27/><T77/><D77/><U43/><E43/><V53/><F53/><W49/><G38/><T113/><D113/><U124/><E124/><V128/><F128/><W57/><G57/><T41/><D6/><N who="1" m="2667" /><E79/><V94/><F1/><W26/><G26/><T33/><D33/><U89/><E58/><V14/><F39/><W11/><G74/><T69/><D105/><U109/><E109/><V129/><F129/><W104/><G75/><T15/><D106/><U99/><E99/><V7/><F47/><W83/><G59/><T36/><D44/><U93/><E85/><V64/><F64/><W80/><G135/><RYUUKYOKU ba="1,0" sc="180,-15,440,15,190,15,190,-15" hai1="16,21,51,52,56,65,66,86,89,93" hai2="7,9,14,25,30,35,61,67,71,73,78,81,94" /><INIT seed="1,2,0,0,4,73" ten="165,455,205,175" oya="1" hai0="132,43,131,49,111,5,133,134,99,17,106,71,20" hai1="92,121,33,70,45,124,94,67,37,101,102,76,107" hai2="63,61,81,118,100,79,78,41,42,65,72,56,22" hai3="32,31,116,6,135,50,4,34,84,127,125,95,15"/><U69/><E121/><V46/><F118/><W21/><G50/><T86/><D111/><U8/><E107/><V0/><F0/><W126/><G84/><T60/><D131/><U66/><E33/><N who="3" m="12906" /><G95/><T10/><D86/><U90/><E37/><V59/><F100/><W114/><G114/><T68/><D106/><U119/><E8/><V7/><F7/><N who="3" m="2603" /><G116/><T1/><D99/><U104/><E104/><V39/><F42/><W48/><G48/><T123/><D123/><U97/><E45/><V113/><F113/><W75/><G75/><T130/><D130/><U129/><E129/><V120/><F120/><W11/><G31/><T108/><D108/><U112/><E112/><V105/><F105/><W88/><G88/><T77/><D77/><U128/><E128/><V115/><F115/><W24/><G135/><T16/><D60/><U44/><E44/><V29/><F81/><W80/><G80/><T55/><D43/><U93/><E93/><V82/><F82/><W27/><G21/><T98/><D98/><U47/><E47/><V25/><REACH who="2" step="1"/><F72/><REACH who="2" ten="165,455,195,175" step="2"/><W38/><G38/><T57/><REACH who="0" step="1"/><D17/><AGARI ba="2,1" hai="11,15,17,24,27,125,126,127" m="2603,12906" machi="17" ten="40,5200,0" yaku="18,1,34,2" doraHai="73" who="3" fromWho="0" sc="165,-58,455,0,195,0,175,68" /><INIT seed="2,0,0,2,3,109" ten="107,455,195,243" oya="2" hai0="55,23,123,104,118,100,17,47,26,27,73,0,39" hai1="89,59,126,93,35,10,83,70,82,107,127,44,97" hai2="2,91,80,52,45,43,51,57,86,8,5,56,90" hai3="29,20,87,7,38,131,37,40,102,68,101,18,122"/><V111/><F111/><W125/><G122/><T115/><D123/><U66/><E70/><V28/><F28/><W130/><G68/><T81/><D118/><U99/><E35/><V58/><REACH who="2" step="1"/><F91/><REACH who="2" ten="107,455,185,243" step="2"/><W1/><G29/><T36/><D100/><U13/><E126/><V76/><F76/><W49/><G125/><T96/><D36/><AGARI ba="0,1" hai="2,5,8,36,43,45,51,52,56,57,58,80,86,90" machi="36" ten="30,5800,0" yaku="1,1,7,1,54,1,53,0" doraHai="109" doraHaiUra="133" who="2" fromWho="0" sc="107,-58,455,0,185,68,243,0" /><INIT seed="2,1,0,4,2,30" ten="49,455,253,243" oya="2" hai0="125,41,104,78,114,116,108,133,130,88,107,94,14" hai1="42,60,26,105,15,80,75,57,49,122,64,46,118" hai2="128,16,52,1,71,37,23,134,113,13,109,93,29" hai3="58,87,112,18,117,34,79,51,69,43,40,85,106"/><V90/><F71/><W129/><G117/><T25/><D41/><U54/><E105/><N who="0" m="40521" /><D14/><U72/><E118/><V98/><F37/><W0/><G106/><T65/><D116/><U31/><E122/><V83/><F113/><W44/><G69/><T8/><D8/><U111/><E111/><V103/><F109/><W89/><G112/><T99/><D65/><U12/><E80/><V32/><F1/><W53/><G129/><T119/><D25/><U47/><E75/><V63/><F128/><W102/><G102/><T38/><D38/><U73/><E73/><V67/><F67/><W61/><G0/><T115/><D119/><U66/><E72/><V48/><F63/><W74/><G74/><T96/><D108/><U24/><E66/><V59/><F134/><W126/><G126/><T81/><D130/><U92/><E92/><V2/><F2/><W110/><G110/><T131/><D131/><U6/><E6/><V4/><F4/><W70/><G70/><T97/><D133/><U124/><E124/><V68/><F68/><W22/><G34/><T17/><D17/><U21/><E26/><V27/><REACH who="2" step="1"/><F83/><REACH who="2" ten="49,455,243,243" step="2"/><N who="3" m="47359" /><G61/><T39/><D39/><AGARI ba="1,1" hai="12,15,21,24,31,39,42,46,47,49,54,57,60,64" machi="39" ten="30,1000,0" yaku="7,1" doraHai="30" who="1" fromWho="0" sc="49,-13,455,23,243,0,243,0" /><INIT seed="3,0,0,5,5,50" ten="36,478,243,243" oya="3" hai0="55,79,92,80,112,28,131,0,6,109,120,68,40" hai1="94,1,65,83,101,49,24,32,61,81,5,14,2" hai2="27,103,82,108,41,21,60,36,125,71,47,134,59" hai3="130,116,20,91,33,23,121,18,63,115,46,127,51"/><W35/><G121/><T110/><D120/><U13/><E32/><V34/><F125/><W132/><G116/><T31/><D131/><U48/><E24/><V11/><F34/><W118/><G118/><T8/><D112/><U72/><E72/><V129/><F129/><W117/><G117/><T29/><D68/><U113/><E113/><V69/><F11/><W122/><G122/><T87/><D40/><U114/><E114/><V10/><F10/><W54/><G115/><T57/><REACH who="0" step="1"/><D92/><REACH who="0" ten="26,478,243,243" step="2"/><U15/><E94/><V53/><F71/><W76/><G130/><T95/><D95/><U78/><E5/><V38/><F69/><W70/><G127/><T126/><D126/><U107/><E107/><V102/><F134/><W124/><G124/><T104/><D104/><U66/><E101/><V74/><F108/><W86/><G132/><T96/><D96/><U135/><E135/><V37/><F103/><W42/><G70/><T64/><D64/><U26/><E66/><V16/><REACH who="2" step="1"/><F102/><REACH who="2" ten="26,478,233,243" step="2"/><W44/><G35/><T56/><D56/><N who="1" m="37031" /><E2/><V128/><F128/><W85/><G33/><T17/><D17/><U111/><E1/><V7/><F7/><W77/><G18/><T88/><D88/><U93/><E111/><V106/><F106/><W97/><G91/><T52/><D52/><U9/><E78/><AGARI ba="0,2" hai="16,21,27,36,37,38,41,47,53,59,60,74,78,82" machi="78" ten="40,8000,1" yaku="1,1,52,1,54,1,53,1" doraHai="50" doraHaiUra="75" who="2" fromWho="1" sc="26,0,478,-80,233,100,243,0" /><INIT seed="4,0,0,1,3,113" ten="26,398,333,243" oya="0" hai0="107,88,96,64,12,28,8,109,19,125,26,62,116" hai1="67,36,30,59,95,97,14,91,87,127,105,135,101" hai2="103,123,56,9,7,6,65,10,102,38,31,119,55" hai3="124,85,16,72,98,33,27,47,83,21,130,1,73"/><T75/><D116/><U4/><E135/><V129/><F38/><W25/><G124/><T93/><D125/><U121/><E121/><V126/><F126/><W3/><G130/><T122/><D122/><U13/><E127/><V48/><F123/><W106/><G1/><T117/><D109/><U132/><E36/><V41/><F129/><W70/><G70/><T79/><D107/><U23/><E132/><V52/><F41/><W120/><G120/><T112/><D112/><U133/><E133/><V22/><F65/><W39/><G3/><T0/><D0/><U29/><E4/><V77/><F77/><W81/><G81/><T40/><D40/><U80/><E105/><V37/><F37/><W53/><G106/><T50/><D50/><U24/><E30/><V15/><F119/><W63/><G98/><T99/><D117/><U17/><E17/><V110/><F110/><W104/><G104/><T114/><D114/><U76/><E76/><V60/><F22/><W82/><G82/><T89/><D75/><U78/><E78/><V128/><F31/><W18/><G39/><T44/><D44/><U90/><E90/><N who="0" m="34921" /><D93/><U108/><E108/><V68/><F128/><W42/><G42/><T74/><D79/><U11/><E11/><V45/><REACH who="2" step="1"/><F68/><REACH who="2" ten="26,398,323,243" step="2"/><W32/><G32/><N who="0" m="20503" /><D74/><U54/><E67/><V43/><F43/><W134/><G33/><T46/><D46/><U34/><E34/><V94/><F94/><W58/><G134/><T57/><D64/><U66/><E66/><V115/><F115/><W51/><G72/><T61/><D57/><U100/><E100/><RYUUKYOKU ba="0,1" sc="26,10,398,10,323,10,243,-30" hai0="8,12,19,61,62,96,99" hai1="13,14,23,24,29,54,59,80,87,91,95,97,101" hai2="6,7,9,10,15,45,48,52,55,56,60,102,103" /><INIT seed="4,1,1,5,3,113" ten="36,408,333,213" oya="0" hai0="48,64,76,129,30,126,87,130,32,31,23,68,26" hai1="36,92,17,1,100,59,12,95,25,49,102,131,5" hai2="19,38,46,16,88,58,74,61,27,34,98,72,9" hai3="109,62,71,134,53,18,91,112,108,57,122,124,11"/><T6/><D126/><U128/><E36/><V79/><F34/><W115/><G91/><T2/><D48/><U97/><E1/><V70/><F70/><W84/><G84/><T33/><D68/><U106/><E5/><V42/><F9/><W50/><G11/><N who="0" m="2519" /><D64/><U60/><E25/><V101/><F101/><W118/><G18/><N who="0" m="12663" /><D76/><U99/><E49/><V78/><F74/><W35/><G35/><N who="0" m="13387" /><D87/><U93/><E59/><V29/><F78/><W114/><G124/><T135/><D135/><U24/><E24/><V20/><F79/><W66/><G134/><T0/><D0/><U41/><E41/><V56/><F56/><W51/><G122/><T127/><D127/><U55/><E55/><V125/><F72/><W117/><G51/><T110/><D110/><AGARI ba="1,1" hai="50,53,57,62,66,71,108,109,110,112,114,115,117,118" machi="110" ten="50,12000,2" yaku="15,1,34,3,52,2" doraHai="113" who="3" fromWho="0" sc="36,-123,408,0,333,0,213,133" owari="-87,-59.0,408,51.0,333,-7.0,346,15.0" /></mjloggm>