<mjloggm ver="2.3"><GO type="97" lobby="0"/><UN n0="%E7%99%BD%E5%B9%A1%E5%A4%A9%E5%AE%88%E9%96%A3" n1="%E7%9F%A2%E6%9C%A8%E5%9C%AD%E6%AC%A1" n2="%64%61%73%6F" n3="%E5%B0%B1%E6%B4%BB%E7%94%9F%40%E5%B7%9D%E6%9D%91%E8%BB%8D%E5%9B%A3" dan="15,13,14,15" rate="1932.65,1911.76,1974.72,2091.07" sx="F,F,M,M"/><TAIKYOKU oya="0"/><INIT seed="0,0,0,3,1,117" ten="250,250,250,250" oya="0" hai0="105,80,40,121,68,77,115,45,85,4,15,82,62" hai1="36,126,12,74,135,111,81,64,112,21,69,51,132" hai2="42,53,13,78,48,27,58,18,90,57,86,104,84" hai3="124,109,30,91,76,102,120,3,0,17,119,108,56"/><T94/><D105/><U70/><E112/><V114/><F104/><W87/><G119/><T14/><D94/><U20/><E36/><V16/><F114/><W59/><G124/><T79/><D115/><U8/><E126/><V83/><F27/><W72/><G102/><T26/><D121/><U97/><E111/><N who="3" m="42570" /><G30/><T7/><D26/><U34/><E34/><V101/><F101/><W100/><G100/><T116/><D116/><U113/><E97/><V50/><F18/><W131/><G131/><T28/><D28/><U2/><E2/><N who="3" m="554" /><G17/><T107/><D107/><U73/><E113/><V11/><F42/><W118/><G118/><T75/><D4/><U103/><E103/><V67/><F67/><W63/><G76/><T95/><D7/><U61/><E70/><V66/><F66/><N who="3" m="39271" /><G59/><N who="2" m="22537" /><F53/><W24/><G24/><T60/><D14/><U6/><E51/><V47/><F47/><W22/><G22/><T65/><D15/><U71/><E71/><V9/><F9/><W25/><G72/><T133/><D75/><U88/><E74/><V96/><F96/><W41/><G41/><T93/><D68/><U10/><E73/><V52/><F52/><W55/><G55/><T125/><D40/><U99/><E10/><V19/><F19/><W89/><G25/><T122/><D65/><U31/><E31/><V110/><F110/><W39/><G39/><T98/><D125/><U43/><E99/><V130/><F130/><W5/><G5/><T127/><D127/><U129/><E43/><V106/><F106/><W23/><G120/><T38/><D122/><U37/><E129/><RYUUKYOKU ba="0,0" sc="250,-10,250,-10,250,30,250,-10" hai2="11,13,16,48,50,78,83,84,86,90" /><INIT seed="1,1,0,0,3,79" ten="240,240,280,240" oya="1" hai0="92,70,123,56,104,98,28,30,109,9,91,120,80" hai1="101,42,93,21,52,3,39,36,27,116,129,125,48" hai2="47,11,135,10,53,71,15,46,32,63,8,49,58" hai3="117,41,103,22,88,102,13,85,29,2,94,105,76"/><U19/><E116/><V87/><F32/><W132/><G2/><T4/><D70/><U35/><E3/><V0/><F135/><W66/><G117/><T112/><D112/><U122/><E122/><V107/><F107/><W110/><G132/><T134/><D134/><U83/><E35/><V118/><F118/><W97/><G110/><T18/><D109/><U69/><E69/><V124/><F0/><W26/><G41/><T7/><D104/><U57/><E129/><V16/><F124/><W12/><G103/><T77/><D18/><U67/><E125/><V72/><F72/><W73/><G66/><T131/><D131/><U113/><E113/><V44/><F71/><W38/><G38/><T50/><D9/><U14/><E67/><V55/><REACH who="2" step="1"/><F87/><REACH who="2" ten="240,240,270,240" step="2"/><W65/><G65/><T90/><D120/><U95/><E36/><V130/><F130/><W128/><G128/><T68/><D68/><U84/><E39/><V60/><F60/><W106/><G105/><T86/><D123/><U114/><E114/><V81/><F81/><AGARI ba="1,1" hai="12,13,22,26,29,73,76,81,85,88,94,97,102,106" machi="81" ten="40,8000,1" yaku="24,2,52,1,54,1" doraHai="79" who="3" fromWho="2" sc="240,0,240,0,270,-83,240,93" /><INIT seed="2,0,0,2,4,122" ten="240,240,187,333" oya="2" hai0="18,63,30,6,111,15,11,109,67,89,41,59,130" hai1="3,47,14,0,107,114,27,125,23,132,108,35,117" hai2="57,61,5,72,90,76,38,53,124,110,62,21,26" hai3="100,73,49,99,94,95,96,55,135,128,4,22,101"/><V79/><F38/><W48/><G73/><T116/><D130/><U82/><E107/><V17/><F5/><W75/><G75/><T39/><D116/><U70/><E70/><V31/><F72/><W121/><G121/><T86/><D30/><U92/><E117/><V37/><F37/><W50/><G135/><T102/><D102/><U74/><E114/><V68/><F124/><W123/><G123/><T133/><D133/><U115/><E132/><V106/><F106/><W7/><G128/><T44/><REACH who="0" step="1"/><D6/><REACH who="0" ten="230,240,187,333" step="2"/><U98/><E115/><V40/><F40/><W58/><G7/><T34/><D34/><U71/><E35/><V25/><F90/><W66/><G4/><T51/><D51/><U28/><E125/><V24/><F110/><W54/><G49/><T65/><D65/><U56/><E28/><V87/><F68/><W9/><G66/><T84/><D84/><U118/><E71/><V33/><F87/><W80/><G50/><T134/><D134/><U8/><E108/><V97/><F97/><W88/><G48/><T131/><D131/><U10/><E98/><V129/><F129/><W13/><G58/><T1/><D1/><U104/><E56/><N who="2" m="34959" /><F33/><W112/><G112/><T32/><D32/><U42/><E0/><V120/><F120/><W85/><G55/><T91/><D91/><U119/><E3/><V20/><F31/><W93/><G54/><T126/><D126/><U12/><E119/><V64/><F17/><N who="3" m="10543" /><G80/><AGARI ba="0,1" hai="11,15,18,39,41,44,59,63,67,80,86,89,109,111" machi="80" ten="40,5200,0" yaku="1,1,52,2,53,0" doraHai="122" doraHaiUra="45" who="0" fromWho="3" sc="230,62,240,0,187,0,333,-52" /><INIT seed="3,0,0,2,2,113" ten="292,240,187,281" oya="3" hai0="17,30,86,97,34,31,76,33,67,89,39,25,36" hai1="24,48,95,83,55,131,117,19,56,58,43,93,1" hai2="79,20,94,62,134,127,15,84,128,110,114,111,68" hai3="57,3,5,132,10,124,106,92,103,91,59,14,38"/><W26/><G38/><T70/><D17/><U0/><E131/><V87/><F114/><W27/><G124/><T41/><D41/><U119/><E43/><V85/><F128/><W9/><G132/><T65/><D76/><U18/><E83/><N who="2" m="47231" /><F127/><W45/><G103/><T6/><D6/><U81/><E81/><V63/><F134/><W82/><G106/><T52/><D67/><U53/><E48/><V129/><F129/><W130/><G82/><T21/><D52/><U7/><E7/><V100/><F87/><W78/><G78/><T72/><D72/><U73/><E24/><V96/><F85/><W42/><G27/><T40/><D40/><U50/><E50/><V46/><F46/><W47/><G26/><T44/><D44/><U69/><E69/><V101/><F68/><W98/><G47/><T105/><D31/><U12/><E12/><V115/><F115/><W29/><G29/><T135/><D135/><U109/><E109/><N who="2" m="41483" /><F101/><W11/><G130/><T13/><D39/><U77/><E77/><V37/><F37/><W28/><G45/><T75/><D36/><U121/><E121/><V123/><F123/><W4/><G42/><T23/><D13/><U71/><E71/><V22/><F22/><W54/><G28/><T126/><D75/><AGARI ba="0,0" hai="0,1,18,19,53,55,56,58,73,75,93,95,117,119" machi="75" ten="25,6400,0" yaku="22,2,52,2" doraHai="113" who="1" fromWho="0" sc="292,-64,240,64,187,0,281,0" owari="228,-17.0,304,40.0,187,-31.0,281,8.0" /></mjloggm>