<mjloggm ver="2.3"><GO type="225" lobby="0"/><UN n0="%E5%B0%B1%E6%B4%BB%E7%94%9F%40%E5%B7%9D%E6%9D%91%E8%BB%8D%E5%9B%A3" n1="%E6%9D%89%E6%B5%A6%E7%B6%BE%E4%B9%83%76" n2="%E9%AC%BC%E5%8F%A3%E3%81%BE%E3%81%93%E3%81%A8" n3="%E3%81%AF%E3%81%BF%E3%82%82%E3%82%93" dan="17,16,16,17" rate="2088.70,2074.38,2217.08,2173.13" sx="M,M,M,M"/><TAIKYOKU oya="0"/><INIT seed="0,0,0,5,2,127" ten="250,250,250,250" oya="0" hai0="124,123,40,37,15,25,56,80,110,0,22,97,111" hai1="36,90,28,115,27,66,65,7,128,91,57,129,8" hai2="86,101,125,112,117,71,87,11,126,14,107,26,47" hai3="121,19,58,83,29,133,55,62,10,88,6,5,35"/><T16/><D0/><N who="1" m="103" /><E36/><V78/><F71/><W12/><G133/><T60/><D123/><U102/><E102/><V76/><F26/><W3/><G121/><T41/><D124/><N who="2" m="47722" /><F47/><W122/><G122/><T48/><D37/><U92/><E115/><V89/><F112/><W1/><G29/><T69/><D69/><U104/><E104/><V51/><F51/><W24/><G35/><T64/><D97/><N who="1" m="57495" /><E91/><V33/><F33/><W72/><G72/><T119/><D119/><U17/><E57/><V39/><F39/><W32/><G32/><T2/><D2/><U21/><E28/><V63/><F63/><W13/><G24/><T59/><D80/><U38/><E38/><V18/><F87/><N who="3" m="50303" /><G1/><T75/><D75/><U46/><E46/><V113/><F113/><W53/><G3/><T130/><D25/><U82/><E82/><N who="2" m="49367" /><F117/><W98/><G98/><AGARI ba="0,0" hai="11,14,18,76,78,98,101,107" m="49367,47722" machi="98" ten="30,1000,0" yaku="18,1" doraHai="127" who="2" fromWho="3" sc="250,0,250,0,250,10,250,-10" /><INIT seed="1,0,0,0,0,89" ten="250,250,260,240" oya="1" hai0="12,101,17,93,123,129,132,31,43,23,82,2,48" hai1="112,119,59,58,3,72,60,44,55,39,20,66,71" hai2="70,33,81,113,99,42,104,32,36,67,45,92,79" hai3="62,56,120,94,28,4,53,128,11,88,86,9,51"/><U34/><E34/><V80/><F104/><W125/><G128/><T14/><D2/><U121/><E72/><V77/><F113/><W116/><G125/><T46/><D132/><U111/><E3/><V90/><F80/><W65/><G120/><T10/><D129/><U98/><E20/><V63/><REACH who="2" step="1"/><F79/><REACH who="2" ten="250,250,250,240" step="2"/><W15/><G116/><T83/><D123/><U6/><E121/><V7/><F7/><W52/><G28/><T8/><D31/><U27/><E6/><V124/><F124/><W26/><G26/><T22/><D83/><U78/><E27/><V96/><F96/><W25/><G25/><T126/><D82/><U74/><E98/><V69/><F69/><W117/><G117/><T38/><D126/><U47/><E78/><V103/><F103/><W84/><G11/><T135/><D135/><U131/><E119/><V5/><F5/><W76/><G76/><T134/><D134/><U106/><E106/><V68/><F68/><W24/><G24/><T29/><D29/><U102/><E102/><V35/><F35/><W21/><G21/><T13/><D38/><U18/><E74/><AGARI ba="0,1" hai="32,33,36,42,45,63,67,70,74,77,81,90,92,99" machi="74" ten="30,3900,0" yaku="1,1,7,1,52,1,53,0" doraHai="89" doraHaiUra="97" who="2" fromWho="1" sc="250,0,250,-39,250,49,240,0" /><INIT seed="2,0,0,2,2,76" ten="250,211,299,240" oya="2" hai0="108,73,25,116,121,128,104,46,129,69,87,35,131" hai1="40,81,43,84,132,126,9,111,63,119,19,28,68" hai2="78,130,41,51,61,31,53,57,107,21,82,48,120" hai3="2,33,18,26,66,91,27,113,29,114,100,118,90"/><V24/><F107/><W67/><G100/><T0/><RYUUKYOKU type="yao9" ba="0,0" sc="250,0,211,0,299,0,240,0" hai0="0,25,35,46,69,73,87,104,108,116,121,128,129,131" /><INIT seed="2,1,0,2,4,43" ten="250,211,299,240" oya="2" hai0="61,94,7,127,34,52,112,117,55,15,73,66,36" hai1="110,79,59,113,85,76,121,119,111,128,72,102,22" hai2="90,45,2,4,116,78,81,122,23,104,106,67,63" hai3="88,77,11,53,120,93,65,29,103,133,10,28,131"/><V56/><F116/><W24/><G131/><T97/><D73/><U99/><E22/><V49/><F122/><W48/><G133/><T47/><D34/><U89/><E59/><V57/><F57/><W54/><G103/><T21/><D112/><U125/><E113/><V12/><F2/><W134/><G65/><T25/><D117/><U71/><E71/><V19/><F90/><W31/><G77/><N who="1" m="29770" /><E119/><V123/><F4/><W69/><G69/><T42/><D127/><U87/><E125/><V129/><F129/><W107/><G107/><T26/><D7/><U62/><E62/><V91/><F91/><W82/><G82/><T132/><D15/><U39/><E39/><V100/><F100/><W40/><G24/><T60/><D132/><U96/><E128/><V27/><F123/><W0/><G134/><T83/><D83/><U118/><E118/><V115/><F27/><W44/><G120/><T135/><D135/><U50/><E50/><V14/><F12/><W86/><G0/><T16/><D26/><U13/><E13/><V105/><F115/><W98/><G98/><T64/><D61/><U8/><E8/><AGARI ba="1,0" hai="8,10,11,28,29,31,40,44,48,53,54,86,88,93" machi="8" ten="40,5200,0" yaku="8,1,52,1,54,1" doraHai="43" who="3" fromWho="1" sc="250,0,211,-55,299,0,240,55" /><INIT seed="3,0,0,4,4,117" ten="250,156,299,295" oya="3" hai0="55,58,79,30,36,28,51,83,135,118,105,99,134" hai1="104,115,17,97,121,40,75,54,77,52,34,71,114" hai2="44,67,42,1,45,19,78,53,108,91,93,41,39" hai3="68,110,109,3,88,73,9,21,106,81,56,2,133"/><W126/><G106/><T8/><D36/><U22/><E34/><V103/><F1/><N who="3" m="11" /><G68/><T85/><D118/><U112/><E71/><V124/><F108/><N who="3" m="41579" /><G9/><T33/><D33/><U90/><E40/><N who="2" m="15467" /><F124/><W4/><G4/><T60/><D8/><U131/><E131/><V13/><F103/><W132/><G126/><T70/><D105/><U6/><E6/><V16/><F78/><N who="3" m="44239" /><G21/><T74/><D74/><U57/><E77/><V24/><F39/><W84/><G56/><T63/><D99/><U15/><E75/><V72/><F72/><W120/><G120/><T50/><D70/><U12/><E121/><V14/><F53/><W130/><G130/><T35/><D35/><U10/><E57/><V101/><F101/><W59/><G59/><T102/><D63/><U20/><E104/><V27/><F45/><W47/><G47/><T29/><REACH who="0" step="1"/><D102/><REACH who="0" ten="240,156,299,295" step="2"/><U43/><E43/><V127/><F127/><W107/><G107/><T80/><D80/><AGARI ba="0,1" hai="80,84,88,132,133" m="44239,41579,11" machi="80" ten="30,5800,0" yaku="14,1,10,1,54,1" doraHai="117" who="3" fromWho="0" sc="240,-58,156,0,299,0,295,68" owari="182,-22.0,156,-34.0,299,10.0,363,46.0" /></mjloggm>