<mjloggm ver="2.3"><GO type="225" lobby="0"/><UN n0="%E9%A7%84%E5%A6%B9" n1="%E6%96%B0%E4%B8%96%E7%95%8C%E3%81%AE%E7%B4%99" n2="%E5%9F%BC%E4%BA%AC%E7%B7%9A" n3="%E5%B0%B1%E6%B4%BB%E7%94%9F%40%E5%B7%9D%E6%9D%91%E8%BB%8D%E5%9B%A3" dan="16,18,16,17" rate="2133.36,2176.73,2162.84,2103.59" sx="F,M,M,M"/><TAIKYOKU oya="0"/><INIT seed="0,0,0,0,3,118" ten="250,250,250,250" oya="0" hai0="102,83,93,19,97,91,84,13,51,90,79,82,100" hai1="39,30,134,129,70,52,125,113,75,42,107,38,101" hai2="45,112,119,77,35,59,110,128,122,123,124,131,66" hai3="88,96,76,58,105,87,56,1,55,121,98,81,40"/><T78/><D51/><U117/><RYUUKYOKU type="yao9" ba="0,0" sc="250,0,250,0,250,0,250,0" hai1="30,38,39,42,52,70,75,101,107,113,117,125,129,134" /><INIT seed="0,1,0,4,3,36" ten="250,250,250,250" oya="0" hai0="13,64,86,16,107,6,100,83,1,76,84,28,120" hai1="0,48,103,106,20,25,73,65,8,71,122,94,10" hai2="30,54,78,123,22,62,117,31,72,109,19,112,99" hai3="32,66,61,74,26,4,51,104,2,75,24,46,95"/><T47/><D120/><U108/><E122/><V39/><F123/><W124/><G104/><T126/><D126/><U93/><E73/><V79/><F117/><W56/><G124/><T81/><D28/><N who="2" m="10794" /><F39/><W60/><G32/><T35/><D35/><U7/><E108/><V98/><F72/><W15/><G2/><T115/><D115/><U5/><E106/><V127/><F109/><W77/><G95/><T14/><D64/><U41/><E103/><V105/><F105/><W88/><G88/><N who="0" m="51215" /><D107/><U3/><E65/><V44/><F127/><W90/><G90/><T70/><D70/><U43/><E71/><V68/><F68/><W91/><G91/><T121/><D1/><U135/><E135/><V53/><F112/><W128/><G128/><T37/><D37/><U38/><E38/><V67/><F67/><W96/><G96/><N who="2" m="36905" /><F62/><W113/><G61/><T132/><D100/><U97/><E97/><V23/><F23/><W101/><G113/><T12/><D132/><U80/><E48/><N who="2" m="28807" /><F54/><W134/><G101/><T11/><D121/><U58/><E58/><V27/><AGARI ba="1,0" hai="19,22,27,78,79" m="28807,36905,10794" machi="27" ten="30,1100,0" yaku="8,1" doraHai="36" who="2" fromWho="2" sc="250,-6,250,-4,250,14,250,-4" /><INIT seed="1,0,0,3,5,74" ten="244,246,264,246" oya="1" hai0="25,10,89,45,71,85,13,32,86,87,135,113,94" hai1="0,57,48,26,5,15,63,106,117,90,114,65,110" hai2="98,81,84,38,64,4,100,96,47,105,107,23,68" hai3="60,67,134,131,129,3,75,103,17,31,49,92,111"/><U115/><E117/><V122/><F122/><W82/><G3/><T99/><D113/><U33/><E0/><V83/><F4/><W28/><G134/><T119/><D119/><U18/><E106/><V62/><F23/><W8/><G111/><T7/><D71/><U66/><E110/><V88/><F83/><W120/><G120/><T52/><D135/><U104/><E104/><V109/><F109/><W56/><G49/><N who="0" m="28719" /><D32/><U80/><E65/><V19/><F19/><W29/><G75/><T123/><D123/><U41/><E5/><V61/><F61/><W70/><G70/><T12/><D12/><U118/><E118/><V97/><REACH who="2" step="1"/><F100/><REACH who="2" ten="244,246,254,246" step="2"/><W69/><G82/><N who="0" m="49335" /><D25/><U102/><E26/><V93/><F93/><W130/><G92/><T79/><D79/><U55/><E33/><V121/><F121/><W50/><G103/><AGARI ba="0,1" hai="7,10,13,86,87,94,99,103" m="49335,28719" machi="103" ten="30,2000,0" yaku="8,1,54,1" doraHai="74" who="0" fromWho="3" sc="244,30,246,0,254,0,246,-20" /><INIT seed="2,0,0,2,1,52" ten="274,246,254,226" oya="2" hai0="22,62,36,81,45,64,50,130,66,84,90,6,65" hai1="118,16,120,113,77,5,4,99,80,1,55,78,13" hai2="10,71,18,2,97,108,85,59,25,121,129,72,131" hai3="53,103,106,96,38,115,73,74,56,34,42,29,98"/><V11/><F72/><W33/><G115/><T49/><D130/><N who="2" m="49674" /><F71/><W48/><G98/><T47/><D6/><N who="1" m="2667" /><E118/><V46/><F121/><W91/><G91/><T132/><D132/><U79/><E1/><V60/><F108/><W39/><G42/><N who="0" m="24759" /><D36/><U17/><E113/><V58/><F46/><W51/><G51/><T109/><D109/><U19/><E120/><V75/><F75/><W124/><G124/><T57/><D22/><N who="1" m="11535" /><E99/><V21/><F2/><W27/><G74/><T31/><D31/><U87/><E55/><AGARI ba="0,0" hai="47,50,55,57,62,64,65,66,81,84,90" m="24759" machi="55" ten="30,2000,0" yaku="8,1,52,1" doraHai="52" who="0" fromWho="1" sc="274,20,246,-20,254,0,226,0" /><INIT seed="3,0,0,0,0,1" ten="294,226,254,226" oya="3" hai0="48,111,135,121,39,131,30,113,73,6,32,64,35" hai1="9,51,31,22,109,29,37,126,125,105,56,33,40" hai2="27,50,0,49,92,44,116,101,52,91,93,67,124" hai3="71,76,85,57,89,59,54,77,106,74,103,60,3"/><W13/><G3/><T2/><RYUUKYOKU type="yao9" ba="0,0" sc="294,0,226,0,254,0,226,0" hai0="2,6,30,32,35,39,48,64,73,111,113,121,131,135" /><INIT seed="3,1,0,0,5,40" ten="294,226,254,226" oya="3" hai0="94,124,76,17,96,67,6,91,37,64,54,24,45" hai1="134,114,79,49,92,127,47,57,71,125,10,65,116" hai2="87,111,100,129,19,120,84,89,68,97,46,38,20" hai3="21,101,75,60,82,56,53,106,107,93,110,11,103"/><W131/><G131/><T28/><D124/><N who="1" m="47691" /><E114/><V128/><F68/><W112/><G112/><T50/><D37/><U77/><E71/><V90/><F111/><W43/><G110/><T15/><D76/><U66/><E134/><V13/><F120/><W95/><G43/><T135/><D6/><U99/><E10/><V26/><F26/><W1/><G1/><T3/><D3/><U55/><E116/><V4/><F4/><W105/><G11/><N who="0" m="6399" /><D135/><U23/><E23/><AGARI ba="1,0" hai="23,24,28,45,50,54,64,67,91,94,96" m="6399" machi="23" ten="30,2000,0" yaku="8,1,52,1" doraHai="40" who="0" fromWho="1" sc="294,23,226,-23,254,0,226,0" owari="317,42.0,203,-30.0,254,5.0,226,-17.0" /></mjloggm>