<mjloggm ver="2.3"><GO type="97" lobby="0"/><UN n0="%70%69%6E%66%75%74%75%6D" n1="%73%61%6E%6E%64%61%73%75" n2="%E5%B0%B1%E6%B4%BB%E7%94%9F%40%E5%B7%9D%E6%9D%91%E8%BB%8D%E5%9B%A3" n3="%E5%AE%97%E3%81%98%E3%81%84%E3%81%95%E3%82%93" dan="14,14,15,14" rate="1938.32,1929.23,1941.05,1928.87" sx="M,M,M,F"/><TAIKYOKU oya="0"/><INIT seed="0,0,0,1,1,81" ten="250,250,250,250" oya="0" hai0="117,4,107,89,32,69,58,95,79,37,8,130,12" hai1="128,127,42,23,44,118,70,59,15,50,110,99,120" hai2="106,68,131,112,45,54,97,16,56,93,64,60,49" hai3="91,29,71,24,108,101,25,73,103,52,63,3,38"/><T35/><D107/><U67/><E110/><V125/><F112/><W28/><G108/><T10/><D69/><U104/><E118/><V39/><F131/><W40/><G3/><T80/><D37/><U19/><E127/><V113/><F125/><W21/><G38/><T47/><D117/><U41/><E120/><V116/><F106/><W100/><G73/><T53/><D47/><U85/><E128/><V109/><F113/><W90/><G40/><T26/><D26/><U75/><E75/><V11/><F116/><W9/><G9/><T72/><D130/><U135/><E135/><V133/><F133/><W92/><G71/><T76/><D76/><U48/><E70/><V132/><F132/><W34/><REACH who="3" step="1"/><G92/><REACH who="3" ten="250,250,250,240" step="2"/><T65/><D10/><U57/><E104/><V115/><F109/><W88/><G88/><T134/><D134/><U0/><E0/><V87/><F115/><W83/><G83/><T33/><D65/><U86/><E67/><V114/><F114/><W55/><G55/><T13/><D13/><U78/><E78/><V102/><F39/><W98/><G98/><T14/><D14/><U27/><E15/><N who="2" m="7295" /><F68/><W129/><G129/><T5/><D5/><U74/><E74/><V30/><F102/><W119/><G119/><T66/><D66/><U105/><E105/><V17/><F97/><W18/><G18/><T20/><D53/><U51/><E99/><V96/><F96/><W84/><G84/><N who="1" m="32362" /><E41/><V1/><F1/><W36/><G36/><T124/><D124/><U31/><E19/><V22/><F17/><W7/><G7/><T6/><D6/><RYUUKYOKU ba="0,1" sc="250,-15,250,15,250,-15,240,15" hai1="23,27,31,42,44,48,50,51,57,59" hai3="21,24,25,28,29,34,52,63,90,91,100,101,103" /><INIT seed="1,1,1,2,0,0" ten="235,265,235,255" oya="1" hai0="80,43,130,121,1,132,129,103,50,111,104,53,11" hai1="133,45,126,25,52,8,76,42,124,79,117,61,49" hai2="77,60,22,65,83,19,78,125,37,2,10,96,30" hai3="112,107,66,123,73,98,71,75,94,92,108,87,12"/><U99/><E117/><V68/><F37/><W35/><G35/><T116/><D116/><U64/><E133/><V16/><F125/><N who="1" m="48233" /><E99/><V48/><F96/><W3/><G3/><T29/><D29/><U18/><E25/><V72/><F77/><N who="1" m="29769" /><E18/><V67/><F67/><W81/><G71/><T90/><D132/><U70/><E8/><V118/><F118/><W131/><G66/><T120/><D111/><U41/><AGARI ba="1,1" hai="41,42,45,49,52,61,64,70" m="29769,48233" machi="41" ten="30,3000,0" yaku="18,1,54,1" doraHai="0" who="1" fromWho="1" sc="235,-11,265,43,235,-11,255,-11" /><INIT seed="1,2,0,1,1,27" ten="224,308,224,244" oya="1" hai0="53,81,64,114,88,30,19,68,57,22,51,48,84" hai1="106,42,32,110,17,93,29,54,101,66,91,56,25" hai2="5,61,70,108,132,6,41,131,105,135,59,118,120" hai3="47,24,33,28,86,0,14,102,111,40,35,36,130"/><U63/><E42/><V96/><F118/><W82/><G111/><T58/><D114/><U12/><E110/><V107/><F120/><W116/><G130/><T3/><D3/><U127/><E127/><V52/><F108/><W122/><G116/><T50/><D68/><U62/><E106/><V89/><F70/><W103/><G122/><T26/><D26/><U79/><E79/><V78/><F78/><W128/><G128/><T2/><D2/><U10/><E101/><V95/><F131/><W77/><G0/><T117/><D117/><U133/><E133/><N who="2" m="51275" /><F41/><W23/><G14/><N who="0" m="9591" /><D64/><U94/><E91/><V55/><F55/><W16/><REACH who="3" step="1"/><G35/><REACH who="3" ten="224,308,224,234" step="2"/><T112/><D112/><U76/><REACH who="1" step="1"/><E76/><REACH who="1" ten="224,298,224,234" step="2"/><V87/><F107/><W83/><G83/><T80/><D80/><U69/><AGARI ba="2,2" hai="10,12,17,25,29,32,54,56,62,63,66,69,93,94" machi="69" ten="20,12000,1" yaku="1,1,2,1,0,1,7,1,52,1,53,0" doraHai="27" doraHaiUra="134" who="1" fromWho="1" sc="224,-42,298,146,224,-42,234,-42" /><INIT seed="1,3,0,3,2,120" ten="182,444,182,192" oya="1" hai0="0,10,124,132,8,86,95,91,56,30,46,104,107" hai1="122,11,40,9,16,125,135,118,41,18,50,31,83" hai2="34,68,115,55,130,78,26,84,2,12,3,43,35" hai3="19,133,80,69,38,75,24,36,81,72,134,7,73"/><U28/><E118/><V23/><F68/><W47/><G7/><T105/><D132/><N who="3" m="50793" /><G47/><T39/><D124/><U98/><E122/><V99/><F115/><W62/><G19/><N who="1" m="7210" /><E135/><V89/><F130/><W82/><G24/><T21/><D56/><U121/><E121/><V94/><F43/><N who="1" m="16457" /><E125/><V52/><F3/><W103/><G103/><T106/><D39/><N who="3" m="14889" /><G62/><T22/><D46/><U61/><E98/><V131/><F2/><W112/><G69/><T5/><D10/><N who="1" m="3595" /><E61/><V108/><F131/><W4/><G4/><T96/><D30/><N who="1" m="11307" /><E50/><V93/><F35/><W32/><G112/><T114/><D114/><U1/><E1/><V113/><F34/><AGARI ba="3,0" hai="32,34,72,73,75,80,81,82" m="14889,50793" machi="34" ten="50,6400,0" yaku="28,2,20,1" doraHai="120" who="3" fromWho="2" sc="182,0,444,0,182,-73,192,73" /><INIT seed="2,0,0,5,3,114" ten="182,444,109,265" oya="2" hai0="28,85,82,117,10,108,76,16,115,47,110,34,77" hai1="8,113,122,53,112,11,18,64,74,96,45,91,93" hai2="56,120,3,37,71,70,32,107,118,98,103,58,65" hai3="106,125,97,17,133,89,75,62,131,102,135,24,42"/><V48/><F118/><W12/><G75/><T1/><D115/><U99/><E122/><V15/><F120/><W46/><G24/><N who="0" m="18695" /><D47/><U2/><E74/><V84/><F3/><W92/><G131/><T41/><D41/><U60/><E2/><V87/><F37/><N who="3" m="21839" /><G125/><T5/><D77/><U94/><E112/><V73/><F32/><W72/><G72/><T13/><D117/><U23/><E113/><V134/><F73/><W43/><G43/><T49/><D49/><N who="1" m="28847" /><E64/><V66/><F134/><N who="3" m="51211" /><G62/><T126/><D126/><U86/><E60/><V20/><F71/><W68/><G68/><T29/><D29/><U9/><E94/><V4/><F70/><W101/><G106/><T39/><D39/><U36/><E36/><V67/><F56/><W116/><G116/><T105/><D105/><U35/><E35/><V100/><F100/><W69/><G69/><T123/><D123/><U79/><E79/><V83/><F83/><W50/><G50/><T119/><D119/><U59/><E59/><V132/><F132/><W127/><G127/><T88/><D76/><U14/><AGARI ba="0,0" hai="8,9,11,14,18,23,86,91,93,96,99" m="28847" machi="14" ten="30,1100,0" yaku="8,1" doraHai="114" who="1" fromWho="1" sc="182,-3,444,11,109,-5,265,-3" /><INIT seed="3,0,0,1,5,106" ten="179,455,104,262" oya="3" hai0="74,45,59,115,47,123,111,21,14,109,39,29,133" hai1="76,0,126,72,43,91,58,24,127,37,48,97,103" hai2="63,12,122,94,86,42,84,104,79,88,15,134,75" hai3="13,102,32,65,33,3,17,18,112,5,71,128,96"/><W64/><G112/><T117/><D115/><U46/><E0/><V19/><F122/><W54/><G128/><T38/><D123/><U49/><E24/><V30/><F134/><W31/><G54/><T52/><D117/><U40/><E91/><V80/><F104/><W116/><G116/><T8/><D133/><U69/><E69/><V85/><F30/><W99/><G3/><T22/><D29/><U98/><E72/><V108/><F108/><W90/><G71/><T23/><D8/><U89/><E76/><V41/><F63/><W35/><G31/><T131/><D14/><U2/><E2/><V93/><F15/><W25/><G5/><T27/><D27/><U105/><E58/><V50/><F50/><W55/><G55/><T10/><D10/><U70/><E70/><V124/><F124/><N who="1" m="47657" /><E43/><V44/><F44/><W56/><G25/><T62/><D131/><U1/><E1/><V107/><F107/><W60/><G64/><T36/><REACH who="0" step="1"/><D74/><REACH who="0" ten="169,455,104,262" step="2"/><U73/><E73/><V6/><F6/><W118/><G118/><T121/><D121/><U68/><E68/><V26/><F26/><W53/><G13/><T119/><D119/><U132/><E132/><V87/><REACH who="2" step="1"/><F93/><AGARI ba="0,1" hai="37,40,46,48,49,89,93,97,98,103,105" m="47657" machi="93" ten="30,1000,0" yaku="18,1" doraHai="106" who="1" fromWho="2" sc="169,0,455,20,104,-10,262,0" owari="169,-23.0,475,58.0,94,-41.0,262,6.0" /></mjloggm>