<mjloggm ver="2.3"><GO type="169" lobby="0"/><UN n0="%E8%A1%A8%E8%A3%8F%E8%A3%8F" n1="%E3%83%89%E3%83%BC%E3%83%B3%E3%83%89" n2="%E5%B0%B1%E6%B4%BB%E7%94%9F%40%E5%B7%9D%E6%9D%91%E8%BB%8D%E5%9B%A3" n3="%E3%80%90%E7%BD%AA%E6%AD%8C%E3%80%91" dan="17,16,16,18" rate="2203.97,2080.61,2062.15,2237.16" sx="M,M,M,F"/><TAIKYOKU oya="0"/><INIT seed="0,0,0,4,3,86" ten="250,250,250,250" oya="0" hai0="121,117,116,24,129,125,40,104,20,127,107,64,32" hai1="67,102,91,134,35,30,110,122,109,105,6,59,65" hai2="15,113,103,100,39,120,97,27,66,92,93,44,42" hai3="62,17,101,70,72,131,37,108,28,132,96,135,63"/><T19/><D121/><U41/><E122/><V74/><F120/><W47/><G17/><T1/><D129/><U114/><E41/><V50/><F113/><W84/><G84/><T53/><D1/><U36/><E36/><V111/><F74/><W4/><G4/><T78/><D64/><U18/><E6/><V2/><F2/><W79/><G131/><T130/><D130/><U23/><E134/><V11/><F66/><W5/><G5/><T81/><D40/><U85/><E59/><V112/><F112/><W68/><G28/><T10/><D53/><U48/><E48/><V88/><F111/><N who="1" m="42505" /><E102/><N who="2" m="60711" /><F27/><W52/><G108/><T90/><D32/><U119/><E105/><N who="0" m="40521" /><D10/><U98/><E98/><N who="2" m="57639" /><F39/><W89/><G37/><T33/><D33/><U124/><E35/><V21/><F21/><W76/><G135/><T31/><D20/><U83/><E23/><V51/><F50/><W56/><G132/><T123/><D24/><U49/><E49/><V126/><F126/><W133/><G133/><T38/><D125/><U9/><E124/><V58/><F58/><W3/><G3/><T69/><D127/><U80/><E114/><V55/><F42/><W73/><G47/><T43/><D38/><U61/><E67/><V45/><F44/><W16/><G56/><T34/><D34/><U75/><E65/><V14/><F14/><W87/><G52/><T118/><D123/><U8/><E75/><V71/><F71/><W106/><G70/><T82/><D69/><U94/><E61/><V77/><F77/><W22/><G68/><T115/><D115/><U7/><E30/><RYUUKYOKU ba="0,0" sc="250,-10,250,-10,250,30,250,-10" hai2="11,15,45,51,55,100,103" /><INIT seed="1,1,0,5,3,57" ten="240,240,280,240" oya="1" hai0="45,40,76,41,117,71,68,27,39,1,15,14,116" hai1="46,13,61,62,118,86,10,59,95,81,25,21,72" hai2="96,24,89,135,7,55,125,32,2,63,50,37,0" hai3="51,78,53,8,128,100,126,5,124,66,12,88,108"/><U18/><E118/><V133/><F37/><W70/><G128/><T49/><D1/><U103/><E72/><V91/><F125/><W111/><G100/><T69/><D76/><U77/><E46/><V17/><F7/><W106/><G106/><T19/><D27/><U83/><E83/><V75/><F75/><W31/><G78/><T129/><D129/><U52/><E95/><N who="2" m="56431" /><F91/><W42/><G42/><T9/><D41/><U58/><E103/><V113/><F113/><W11/><G31/><T123/><D123/><U60/><E59/><N who="2" m="35327" /><F50/><W4/><G66/><T102/><D39/><U130/><E130/><V6/><F6/><AGARI ba="1,0" hai="6,10,13,18,21,25,52,58,60,61,62,77,81,86" machi="6" ten="30,18000,2" yaku="7,1,8,1,52,3,54,1" doraHai="57" who="1" fromWho="2" sc="240,0,240,183,280,-183,240,0" /><INIT seed="1,2,0,4,1,61" ten="240,423,97,240" oya="1" hai0="64,68,108,62,25,57,110,73,9,32,19,101,130" hai1="1,125,129,22,65,55,23,122,85,133,112,120,34" hai2="6,132,75,59,124,47,54,12,70,11,63,46,51" hai3="53,93,44,30,15,69,131,72,18,77,128,89,123"/><U35/><E1/><V113/><F75/><W104/><G104/><T0/><D130/><U115/><E55/><V28/><F124/><W81/><G123/><T37/><D37/><U38/><E85/><V52/><F132/><W4/><G69/><T127/><D127/><U49/><E49/><V79/><F113/><W86/><G30/><N who="0" m="19535" /><D73/><U17/><E38/><V118/><F118/><W117/><G4/><N who="0" m="1159" /><D57/><U106/><E106/><V36/><F28/><W114/><G114/><T87/><D87/><U60/><E129/><N who="3" m="49738" /><G117/><T5/><D5/><U33/><E133/><V119/><F119/><W98/><G53/><T8/><D8/><U116/><E116/><V39/><F79/><W16/><G44/><T29/><D29/><U20/><E125/><V76/><F76/><N who="3" m="44167" /><G15/><T97/><D19/><U7/><E17/><V66/><REACH who="2" step="1"/><F46/><REACH who="2" ten="240,423,87,240" step="2"/><W91/><G77/><T111/><D111/><U83/><E115/><V31/><F31/><W134/><G134/><T96/><D110/><U14/><E112/><V67/><F67/><W2/><G2/><T48/><D108/><U109/><E109/><V92/><F92/><AGARI ba="2,1" hai="16,18,86,89,91,92,93,98" m="44167,49738" machi="92" ten="30,2000,0" yaku="19,1,54,1" doraHai="61" who="3" fromWho="2" sc="240,0,423,0,87,-26,240,36" /><INIT seed="2,0,0,2,3,28" ten="240,423,61,276" oya="2" hai0="103,121,73,43,8,100,96,50,32,128,126,68,6" hai1="120,5,83,92,112,46,77,26,31,72,17,114,4" hai2="90,16,24,37,39,64,25,20,47,40,48,106,53" hai3="122,29,102,52,36,87,10,115,56,134,42,22,23"/><V76/><F106/><W105/><G122/><T69/><D121/><U58/><E120/><V79/><F64/><W35/><G134/><T74/><D128/><U110/><E17/><V66/><F66/><W12/><G115/><T109/><D126/><U127/><E58/><V91/><F37/><W65/><G65/><T15/><D109/><U18/><E18/><V59/><REACH who="2" step="1"/><F25/><REACH who="2" ten="240,423,51,276" step="2"/><W99/><G36/><T33/><D68/><U94/><E26/><V34/><F34/><W123/><G35/><T85/><D69/><U95/><E112/><V45/><F45/><W14/><G123/><T44/><D32/><U135/><E114/><V78/><AGARI ba="0,1" hai="16,20,24,39,40,47,48,53,59,76,78,79,90,91" machi="78" ten="30,6000,0" yaku="1,1,0,1,54,1,53,0" doraHai="28" doraHaiUra="125" who="2" fromWho="2" sc="240,-20,423,-20,51,70,276,-20" /><INIT seed="2,1,0,1,3,103" ten="220,403,121,256" oya="2" hai0="10,88,117,48,33,69,32,77,74,81,3,22,37" hai1="108,58,30,115,82,43,71,21,121,27,14,89,106" hai2="129,93,25,86,78,66,11,61,63,62,112,110,18" hai3="114,99,67,102,128,70,109,2,47,31,113,92,65"/><V85/><F112/><N who="3" m="43115" /><G2/><T57/><D117/><U135/><E71/><V7/><F129/><W15/><G128/><T24/><D69/><U130/><E115/><V45/><F110/><W119/><G119/><T72/><D37/><U87/><E135/><V90/><F45/><W55/><G31/><T122/><D122/><U75/><E106/><V79/><F66/><W52/><G109/><T49/><D74/><U98/><E75/><V46/><F46/><W34/><G34/><T60/><D32/><U19/><E43/><V36/><F36/><W16/><G70/><T51/><D33/><U35/><E121/><V23/><REACH who="2" step="1"/><F86/><REACH who="2" ten="220,403,111,256" step="2"/><W76/><G76/><T44/><D77/><U54/><E108/><V104/><F104/><W96/><G96/><T124/><D44/><U97/><E130/><V100/><F100/><W39/><G39/><T94/><D72/><U1/><E1/><AGARI ba="1,1" hai="1,7,11,18,23,25,61,62,63,78,79,85,90,93" machi="1" ten="40,3900,0" yaku="1,1,53,1" doraHai="103" doraHaiUra="12" who="2" fromWho="1" sc="220,0,403,-42,111,52,256,0" /><INIT seed="2,2,0,5,1,55" ten="220,361,163,256" oya="2" hai0="131,99,11,53,51,58,66,130,56,4,65,108,18" hai1="92,133,43,96,134,28,98,100,20,32,83,67,69" hai2="80,91,135,111,85,88,105,114,102,94,123,15,29" hai3="122,27,129,0,64,84,77,39,26,109,9,73,110"/><V72/><F29/><W50/><G84/><T112/><D112/><U120/><E43/><V104/><F114/><W63/><G50/><T45/><D18/><U22/><E120/><V17/><F123/><W25/><G122/><T48/><D99/><U5/><E5/><V118/><F118/><W41/><G129/><N who="0" m="49163" /><D108/><N who="3" m="41577" /><G0/><N who="0" m="391" /><D56/><U62/><E83/><V117/><F117/><W82/><G9/><T16/><D16/><U23/><E96/><V61/><F111/><W52/><G64/><T47/><D47/><U46/><E46/><V59/><F135/><N who="1" m="51721" /><E32/><V33/><F33/><W30/><G30/><AGARI ba="2,0" hai="20,22,23,28,30,62,67,69,92,98,100" m="51721" machi="30" ten="30,1000,0" yaku="20,1" doraHai="55" who="1" fromWho="3" sc="220,0,361,16,163,0,256,-16" /><INIT seed="3,0,0,5,3,88" ten="220,377,163,240" oya="3" hai0="27,128,110,95,74,125,83,3,54,104,85,108,100" hai1="25,135,65,66,119,113,72,122,127,62,36,91,56" hai2="16,111,19,130,4,2,33,44,90,20,124,93,105" hai3="60,41,87,48,89,126,102,67,68,112,84,63,123"/><W40/><G123/><T23/><D128/><U21/><E36/><V92/><F105/><W22/><G112/><T37/><D125/><U81/><E135/><V109/><F33/><W15/><G102/><T121/><D121/><U42/><E42/><V13/><F124/><W55/><G126/><T75/><D104/><U96/><E119/><V61/><F130/><W8/><G87/><T28/><D3/><U64/><E122/><V78/><F78/><W101/><G101/><T24/><D37/><U73/><E113/><V6/><F61/><W49/><G49/><T14/><D14/><U47/><E47/><V57/><F57/><W12/><G12/><T116/><D116/><U30/><E127/><V10/><F44/><W107/><G63/><T106/><D106/><U18/><E73/><V9/><F19/><W52/><G55/><T129/><D54/><N who="1" m="34071" /><E72/><V97/><REACH who="2" step="1"/><F93/><REACH who="2" ten="220,377,153,240" step="2"/><W45/><G107/><T69/><D129/><U26/><E81/><V114/><F114/><W29/><G29/><T82/><D83/><U35/><E18/><V118/><F118/><W43/><G22/><T71/><D23/><U99/><E21/><V58/><F58/><W79/><G79/><T31/><D28/><U77/><E77/><V34/><F34/><W80/><G40/><T86/><D31/><U103/><E30/><V1/><AGARI ba="0,1" hai="1,2,4,6,9,10,13,16,20,90,92,97,109,111" machi="1" ten="30,12000,2" yaku="1,1,0,1,9,1,52,1,54,1,53,2" doraHai="88" doraHaiUra="120" who="2" fromWho="2" sc="220,-30,377,-30,153,130,240,-60" /><INIT seed="4,0,0,2,2,12" ten="190,347,283,180" oya="0" hai0="49,91,116,58,24,118,63,115,5,21,54,133,71" hai1="64,35,82,129,122,111,25,110,128,38,56,14,43" hai2="2,31,93,89,114,77,103,8,39,95,109,37,52" hai3="65,30,102,6,3,79,92,98,33,36,132,9,81"/><T19/><D133/><U70/><E122/><V29/><F109/><W55/><G132/><T60/><D115/><U46/><E82/><V85/><F114/><W13/><G36/><T135/><D135/><U100/><E100/><V96/><F77/><W50/><G65/><T124/><D124/><U40/><E43/><V105/><F39/><W113/><G113/><T15/><D71/><U87/><E87/><V101/><F37/><W11/><G33/><T23/><D5/><U104/><E104/><V134/><F105/><W42/><G30/><T121/><D121/><U18/><E70/><V73/><F73/><W130/><G130/><N who="1" m="50282" /><E25/><V112/><F103/><W67/><G67/><T22/><D91/><U1/><E1/><V62/><F134/><W78/><G42/><T99/><D99/><U66/><E35/><V83/><F83/><W51/><G55/><T34/><D34/><U75/><E75/><V106/><F106/><W131/><G131/><T59/><D49/><U88/><E88/><V61/><F112/><W74/><REACH who="3" step="1"/><G79/><REACH who="3" ten="190,347,283,170" step="2"/><T0/><D54/><U72/><E66/><V108/><F52/><W44/><G44/><T90/><D59/><U7/><E56/><V107/><F31/><W84/><G84/><T68/><D58/><U47/><E47/><V126/><F29/><W97/><G97/><T123/><D68/><U53/><E64/><V26/><F85/><W69/><G69/><T76/><D123/><U94/><E46/><V32/><F96/><W4/><AGARI ba="0,1" hai="3,4,6,9,11,13,50,51,74,78,81,92,98,102" machi="4" ten="20,5200,0" yaku="1,1,0,1,7,1,53,1" doraHai="12" doraHaiUra="10" who="3" fromWho="3" sc="190,-26,347,-13,283,-13,170,62" /><INIT seed="5,0,0,3,0,62" ten="164,334,270,232" oya="1" hai0="88,120,16,132,111,10,125,99,51,4,45,114,100" hai1="23,61,36,130,70,135,105,89,14,73,18,60,49" hai2="31,133,118,81,29,46,33,129,64,93,127,2,121" hai3="43,35,54,115,78,25,67,24,47,117,87,68,37"/><U131/><E36/><V5/><F121/><W59/><G115/><T3/><D111/><U1/><E1/><V7/><F118/><W56/><G117/><T113/><D120/><U76/><E105/><V80/><F33/><W48/><G35/><T92/><D125/><U104/><E104/><V32/><F32/><W128/><G128/><N who="1" m="49194" /><E135/><V21/><F2/><W40/><G56/><T50/><D132/><U66/><E89/><V103/><F46/><W91/><G43/><T97/><D16/><U77/><E73/><V72/><F72/><W69/><G78/><T38/><D38/><U22/><E22/><V39/><F21/><W122/><G122/><T98/><D51/><U12/><E12/><V84/><F39/><W82/><G69/><T52/><REACH who="0" step="1"/><D100/><REACH who="0" ten="154,334,270,232" step="2"/><U102/><E102/><V34/><F103/><W124/><G124/><T0/><D0/><U79/><E49/><V101/><F101/><W11/><G11/><T108/><D108/><U86/><E60/><AGARI ba="0,1" hai="24,25,37,40,47,48,54,59,60,67,68,82,87,91" machi="60" ten="40,5200,0" yaku="24,2,52,1" doraHai="62" who="3" fromWho="1" sc="154,0,334,-52,270,0,232,62" /><INIT seed="6,0,0,0,3,24" ten="154,282,270,294" oya="2" hai0="106,3,134,79,71,95,74,67,133,123,17,80,37" hai1="115,4,103,15,41,51,23,54,108,110,92,62,98" hai2="16,114,1,124,29,128,68,47,97,7,31,102,73" hai3="19,135,32,8,81,60,27,40,94,14,52,91,77"/><V11/><F114/><W34/><G135/><N who="0" m="51723" /><D123/><U49/><E115/><V64/><F73/><W76/><G40/><T35/><D106/><U59/><E41/><V117/><F117/><W129/><G129/><T118/><D118/><U120/><E120/><V127/><F128/><W63/><G63/><N who="0" m="40447" /><D37/><U83/><E108/><V2/><F2/><W42/><G42/><T100/><D3/><U53/><E83/><V85/><F85/><W65/><G81/><T125/><D125/><N who="2" m="48202" /><F47/><W55/><G34/><T119/><D119/><U66/><E110/><V75/><F75/><W36/><G36/><T122/><D122/><U44/><E44/><V25/><F64/><W132/><G132/><T78/><D78/><U6/><E66/><V99/><F68/><W48/><G77/><T113/><D113/><U90/><E62/><V126/><F126/><W121/><G48/><T105/><D35/><U45/><E103/><V57/><F57/><N who="3" m="37007" /><G76/><T82/><D82/><U9/><E23/><N who="2" m="13543" /><F99/><N who="3" m="57823" /><G32/><T70/><D70/><U88/><E90/><V93/><AGARI ba="0,0" hai="1,7,11,29,31,93,97,102" m="13543,48202" machi="93" ten="30,11700,0" yaku="18,1,52,2,54,1" doraHai="24" who="2" fromWho="2" sc="154,-39,282,-39,270,117,294,-39" /><INIT seed="6,1,0,5,0,26" ten="115,243,387,255" oya="2" hai0="93,60,120,131,63,118,126,25,74,34,12,0,13" hai1="75,103,77,2,35,121,43,73,72,67,27,1,127" hai2="41,3,65,92,39,21,61,96,47,46,71,18,95" hai3="123,89,42,128,84,68,64,132,88,104,51,133,29"/><V135/><F3/><N who="1" m="1033" /><E103/><V56/><F135/><N who="3" m="51787" /><G123/><T99/><D0/><U57/><E77/><V36/><F71/><W30/><G104/><T50/><D120/><U52/><E43/><V31/><F39/><W112/><G128/><T117/><D74/><U11/><E11/><V106/><F47/><N who="3" m="26103" /><G112/><T53/><D131/><U24/><E67/><V129/><F129/><W122/><G122/><T9/><D126/><U125/><E35/><V110/><F110/><W76/><G76/><T70/><D63/><N who="1" m="36263" /><E121/><V37/><F37/><W115/><G115/><T134/><D134/><U100/><E100/><V102/><F18/><W107/><G107/><T54/><D70/><U33/><E33/><V81/><F81/><N who="3" m="49167" /><G89/><N who="0" m="55727" /><D60/><AGARI ba="1,0" hai="29,30,60,64,68" m="49167,26103,51787" machi="60" ten="30,7700,0" yaku="20,1,52,2,54,1" doraHai="26" who="3" fromWho="0" sc="115,-80,243,0,387,0,255,80" /><INIT seed="7,0,0,4,5,118" ten="35,243,387,335" oya="3" hai0="28,53,46,71,64,91,82,107,25,69,131,14,86" hai1="48,77,98,35,133,67,24,33,65,88,94,125,6" hai2="34,72,76,60,121,124,61,81,39,38,73,47,83" hai3="40,84,21,74,97,29,110,114,66,123,104,62,30"/><W54/><G74/><T37/><D14/><U95/><E6/><V127/><F34/><W135/><G123/><T7/><D7/><U20/><E125/><N who="2" m="48203" /><F121/><W132/><G40/><T18/><D18/><U0/><E0/><V85/><F73/><W101/><G54/><T63/><D25/><U3/><E3/><V2/><F2/><W52/><G114/><T126/><D28/><U102/><E133/><N who="3" m="51274" /><G84/><T31/><D31/><U57/><E77/><N who="2" m="46319" /><F47/><W120/><G120/><T93/><D93/><U42/><E35/><V43/><F43/><W1/><G1/><T90/><D90/><U36/><E36/><AGARI ba="0,0" hai="36,38,39,60,61,72,76,81" m="46319,48203" machi="36" ten="30,1000,0" yaku="18,1" doraHai="118" who="2" fromWho="1" sc="35,0,243,-10,387,10,335,0" owari="35,-46.0,233,-17.0,397,49.0,335,14.0" /></mjloggm>