<mjloggm ver="2.3"><GO type="41" lobby="0"/><UN n0="%E5%A4%8F%E8%94%AD" n1="%E5%B0%B1%E6%B4%BB%E7%94%9F%40%E5%B7%9D%E6%9D%91%E8%BB%8D%E5%9B%A3" n2="%6B%65%69%30%34%31%33" n3="%66%61%74%65%73%74" dan="15,15,14,13" rate="2039.81,2011.74,1955.92,1873.93" sx="M,M,M,M"/><TAIKYOKU oya="0"/><INIT seed="0,0,0,4,5,13" ten="250,250,250,250" oya="0" hai0="121,12,18,39,86,28,109,7,48,112,96,126,43" hai1="47,114,8,21,124,31,123,102,73,122,131,57,90" hai2="60,51,78,91,64,4,67,59,62,30,54,11,128" hai3="105,71,58,74,34,83,127,1,10,80,95,75,9"/><T27/><D121/><U26/><E73/><V120/><F120/><W68/><G127/><T25/><D112/><U82/><E124/><V110/><F30/><W45/><G105/><T49/><D126/><U100/><E131/><V117/><F78/><W87/><G34/><T101/><D109/><U132/><E132/><V37/><F37/><W106/><G106/><T125/><D125/><U33/><E33/><V5/><F110/><W111/><G95/><N who="0" m="58527" /><D39/><U19/><E114/><V65/><F128/><W16/><G83/><T55/><D7/><N who="2" m="2634" /><F117/><W56/><G45/><N who="0" m="25663" /><D86/><N who="1" m="50519" /><E122/><V63/><F11/><W84/><G80/><T94/><D94/><U135/><E135/><V70/><F70/><W72/><G111/><T61/><D61/><N who="2" m="23658" /><F91/><W107/><G107/><T69/><D28/><U22/><E8/><V113/><F113/><W98/><G74/><T2/><D69/><U115/><E115/><V24/><F24/><W76/><G76/><T23/><D2/><U85/><E47/><AGARI ba="0,0" hai="12,18,23,25,27,47,49,55" m="25663,58527" machi="47" ten="30,2900,0" yaku="8,1,52,1" doraHai="13" who="0" fromWho="1" sc="250,29,250,-29,250,0,250,0" /><INIT seed="0,1,0,2,4,3" ten="279,221,250,250" oya="0" hai0="120,129,17,88,70,102,117,79,45,23,95,134,114" hai1="56,38,18,0,125,113,40,62,52,104,121,115,15" hai2="24,7,46,4,39,81,131,8,1,100,12,73,77" hai3="86,101,51,43,42,112,92,21,130,128,6,67,90"/><T78/><D120/><U49/><E104/><V37/><F100/><W63/><G112/><N who="1" m="43082" /><E0/><V27/><F131/><W22/><G101/><T89/><D117/><U26/><E121/><V126/><F126/><W116/><G116/><T50/><D114/><U36/><E125/><V110/><F110/><W135/><G135/><T127/><D70/><U41/><E26/><V48/><F39/><N who="1" m="14889" /><E15/><V53/><REACH who="2" step="1"/><F37/><REACH who="2" ten="279,221,240,250" step="2"/><W14/><G128/><T16/><D127/><U80/><E18/><V5/><F5/><W47/><G130/><T93/><D102/><U33/><E33/><V85/><F85/><W57/><G42/><N who="1" m="16490" /><E80/><V74/><F74/><W20/><REACH who="3" step="1"/><G14/><REACH who="3" ten="279,221,240,240" step="2"/><T99/><D129/><U64/><E49/><V71/><F71/><W96/><G96/><T124/><D99/><U109/><E109/><V97/><F97/><W31/><G31/><T106/><D124/><U123/><E123/><V25/><F25/><W28/><G28/><T107/><D50/><U32/><E32/><V118/><F118/><W58/><G58/><T84/><D106/><U55/><AGARI ba="1,2" hai="52,55,56,62,64" m="16490,14889,43082" machi="55" ten="40,8000,1" yaku="11,1,34,2,54,1" doraHai="3" who="1" fromWho="1" sc="279,-41,221,103,240,-21,240,-21" /><INIT seed="1,0,0,4,3,56" ten="238,324,219,219" oya="1" hai0="125,112,59,62,95,66,85,82,43,40,68,104,114" hai1="63,83,70,60,29,101,126,106,122,52,42,94,0" hai2="130,26,53,12,65,124,15,58,32,6,51,131,76" hai3="80,133,132,105,46,135,100,5,81,39,119,64,13"/><U113/><E106/><V22/><F124/><W92/><G64/><T8/><D104/><U96/><E0/><V103/><F32/><W18/><G5/><T118/><D118/><U30/><E113/><V84/><F103/><W102/><G39/><T21/><D125/><U128/><E126/><V99/><F99/><N who="3" m="61599" /><G46/><T57/><D8/><U2/><E2/><V19/><F65/><W73/><G119/><T23/><D68/><U34/><E34/><V35/><F35/><W9/><G73/><T50/><D112/><U71/><E122/><V14/><F6/><W41/><G41/><N who="0" m="15947" /><D114/><U36/><E128/><V86/><REACH who="2" step="1"/><F76/><REACH who="2" ten="238,324,209,219" step="2"/><W4/><G4/><T24/><D95/><U77/><E71/><V120/><F120/><W110/><G92/><T67/><D67/><U117/><E70/><V123/><F123/><W75/><G102/><T89/><D24/><U88/><E117/><V87/><AGARI ba="0,1" hai="12,14,15,19,22,26,51,53,58,84,86,87,130,131" machi="87" ten="40,2700,0" yaku="1,1,0,1,53,0" doraHai="56" doraHaiUra="93" who="2" fromWho="2" sc="238,-7,324,-13,209,37,219,-7" /><INIT seed="2,0,0,1,1,23" ten="231,311,246,212" oya="2" hai0="91,114,51,69,63,54,92,33,118,57,10,103,94" hai1="129,107,77,24,80,7,18,134,68,87,27,81,128" hai2="83,122,111,2,14,97,35,26,117,20,11,28,82" hai3="47,19,89,17,48,115,131,119,65,108,34,98,113"/><V110/><F117/><W123/><G119/><T84/><D114/><U30/><E68/><V116/><F116/><W120/><G123/><T4/><D118/><U1/><E107/><V22/><F97/><W75/><G108/><N who="2" m="41513" /><F122/><W39/><G34/><T70/><D33/><U79/><E134/><V135/><F135/><W29/><G120/><T40/><D40/><U126/><E126/><V101/><F101/><W36/><G29/><T56/><D103/><U72/><E18/><N who="2" m="10327" /><F22/><W105/><G75/><T95/><D70/><U16/><E30/><V58/><F58/><W9/><G131/><N who="1" m="50250" /><E16/><N who="3" m="6218" /><G9/><AGARI ba="0,0" hai="1,7,9,24,27,72,77,79,80,81,87" m="50250" machi="9" ten="30,3900,0" yaku="19,1,52,2" doraHai="23" who="1" fromWho="3" sc="231,0,311,39,246,0,212,-39" /><INIT seed="3,0,0,1,2,61" ten="231,350,246,173" oya="3" hai0="6,10,135,53,59,4,103,0,43,68,32,93,112" hai1="120,99,29,102,15,54,110,80,97,51,117,58,17" hai2="49,60,55,88,78,133,92,31,11,34,35,63,90" hai3="13,45,3,42,72,122,115,98,40,41,73,70,19"/><W134/><G115/><T89/><D68/><U2/><E2/><V101/><F133/><W113/><G113/><T100/><D112/><U125/><E120/><V8/><F35/><W23/><G122/><T91/><D32/><U85/><E110/><V56/><F34/><W50/><G134/><T18/><D135/><U81/><E125/><V38/><F38/><W128/><G3/><T132/><D132/><U76/><E117/><V46/><F78/><W28/><G128/><T66/><D6/><U37/><E37/><V9/><F31/><W129/><G129/><T84/><D43/><U119/><E119/><V124/><F124/><W111/><G111/><T118/><D118/><U1/><E1/><V48/><F101/><W121/><G121/><T79/><D79/><U106/><E29/><V22/><F22/><W105/><G70/><T47/><D18/><U131/><E131/><V44/><F56/><W24/><G105/><T14/><D0/><U12/><E99/><V94/><F8/><W62/><G72/><T74/><D74/><U71/><E71/><V127/><F127/><W116/><G73/><T86/><D47/><U26/><E81/><V5/><REACH who="2" step="1"/><F55/><REACH who="2" ten="231,350,236,173" step="2"/><W95/><G116/><T82/><D53/><U107/><E107/><V33/><F33/><W126/><G126/><T123/><D123/><U7/><E54/><V108/><F108/><W75/><G75/><T30/><D30/><U25/><E58/><V87/><F87/><W27/><G28/><T65/><D59/><U64/><E85/><V69/><F69/><W20/><G23/><T130/><D130/><RYUUKYOKU ba="0,1" sc="231,15,350,-15,236,15,173,-15" hai0="4,10,14,65,66,82,84,86,89,91,93,100,103" hai2="5,9,11,44,46,48,49,60,63,88,90,92,94" /><INIT seed="4,1,1,2,2,77" ten="246,335,251,158" oya="0" hai0="34,10,97,86,26,108,100,68,80,98,53,47,12" hai1="111,62,129,48,4,56,116,59,81,11,33,128,72" hai2="14,103,114,106,61,127,132,119,25,69,21,79,40" hai3="8,9,31,78,71,5,20,46,104,130,57,38,2"/><T54/><D68/><U49/><E33/><V19/><F103/><W3/><G71/><T27/><D108/><U29/><E29/><V76/><F106/><W109/><G130/><N who="1" m="50282" /><E111/><V45/><F114/><W91/><G104/><T87/><D34/><U94/><E94/><V112/><F112/><W95/><G109/><T90/><D86/><U37/><E37/><V52/><F132/><W99/><G57/><T88/><D90/><U42/><E42/><V134/><F127/><W82/><G8/><T60/><D60/><U43/><E43/><V125/><F134/><W83/><G3/><T123/><D123/><U39/><E39/><V115/><F125/><W23/><G31/><T16/><D54/><N who="1" m="34071" /><E59/><N who="2" m="35047" /><F115/><W50/><G38/><T110/><D110/><U7/><E116/><V89/><F69/><W13/><G2/><T24/><D100/><U51/><E11/><N who="2" m="6623" /><F89/><W92/><G92/><T126/><D126/><U17/><E17/><N who="2" m="12463" /><F119/><W30/><G30/><T84/><D84/><U73/><E73/><V122/><F122/><W118/><G118/><T1/><D1/><U18/><E18/><V67/><F67/><W85/><REACH who="3" step="1"/><G82/><REACH who="3" ten="246,335,251,148" step="2"/><T28/><REACH who="0" step="1"/><D28/><REACH who="0" ten="236,335,251,148" step="2"/><U6/><E72/><V41/><F45/><W133/><G133/><T0/><D0/><U101/><E101/><V15/><F79/><W64/><G64/><T22/><D22/><U75/><E75/><V70/><F76/><W93/><G93/><T135/><D135/><U74/><E74/><V66/><F70/><W55/><AGARI ba="1,3" hai="5,9,13,20,23,46,50,55,78,83,85,91,95,99" machi="55" ten="20,8000,1" yaku="1,1,0,1,7,1,8,1,52,1,53,0" doraHai="77" doraHaiUra="113" who="3" fromWho="3" sc="236,-41,335,-21,251,-21,148,113" /><INIT seed="5,0,0,5,1,111" ten="195,314,230,261" oya="1" hai0="37,52,98,82,24,133,2,39,19,61,9,132,50" hai1="69,57,25,30,103,44,91,65,15,59,45,104,78" hai2="105,51,74,72,35,88,77,73,100,114,128,116,109" hai3="36,18,112,16,83,79,62,60,90,28,23,22,4"/><U46/><E78/><V26/><F116/><W32/><G32/><T21/><D61/><U38/><E38/><V108/><F26/><W14/><G36/><T34/><D34/><U92/><E69/><V81/><F35/><W8/><G112/><T85/><D98/><U1/><E1/><V122/><F51/><W6/><G90/><T135/><D9/><U94/><E104/><V13/><F13/><W118/><G118/><T49/><D2/><U130/><E65/><V134/><F122/><W3/><G6/><T126/><D126/><U54/><E130/><V89/><F134/><W120/><G28/><T0/><D0/><U12/><E103/><V97/><F128/><W124/><G120/><T127/><D127/><U86/><E94/><V102/><F102/><W121/><G121/><T110/><D49/><N who="1" m="30927" /><E59/><V56/><F56/><W67/><G124/><T47/><REACH who="0" step="1"/><D110/><REACH who="0" ten="185,314,230,261" step="2"/><N who="2" m="42602" /><F114/><W80/><G62/><T75/><D75/><AGARI ba="0,1" hai="72,73,74,75,77,81,88,89,97,100,105" m="42602" machi="75" ten="40,5200,0" yaku="34,2,54,1" doraHai="111" who="2" fromWho="0" sc="185,-52,314,0,230,62,261,0" /><INIT seed="6,0,0,3,5,107" ten="133,314,292,261" oya="2" hai0="43,58,13,121,44,65,21,54,26,70,30,83,119" hai1="9,59,79,108,71,36,29,111,20,116,0,97,12" hai2="37,46,4,23,28,124,91,10,95,82,94,96,22" hai3="128,98,76,75,117,69,50,87,45,132,89,52,40"/><V60/><F124/><W120/><G117/><T5/><D121/><U41/><E71/><V86/><F28/><W8/><G120/><T114/><D114/><U2/><E116/><V115/><F115/><W56/><G128/><T27/><D119/><U77/><E36/><V93/><F37/><W35/><G35/><T47/><D83/><U33/><E41/><V102/><F46/><W66/><G132/><T130/><D130/><U80/><E33/><V74/><F60/><N who="3" m="40135" /><G8/><T32/><D65/><U16/><E97/><V126/><F126/><W25/><G25/><T112/><D70/><U49/><E77/><V3/><REACH who="2" step="1"/><F74/><REACH who="2" ten="133,314,282,261" step="2"/><W68/><G68/><T48/><D44/><U105/><E29/><V73/><F73/><W125/><G125/><T123/><D112/><U113/><E113/><V17/><F17/><W19/><G19/><T18/><D123/><U55/><E105/><AGARI ba="0,1" hai="3,4,10,22,23,82,86,91,93,94,95,96,102,105" machi="105" ten="40,2000,0" yaku="1,1,53,0" doraHai="107" doraHaiUra="64" who="2" fromWho="1" sc="133,0,314,-20,282,30,261,0" /><INIT seed="6,1,0,1,5,44" ten="133,294,312,261" oya="2" hai0="98,11,134,6,105,8,13,82,28,123,129,103,2" hai1="113,93,83,135,35,79,95,104,27,5,40,63,10" hai2="110,56,33,107,64,20,132,114,48,45,124,1,61" hai3="87,57,16,85,15,131,122,80,119,47,126,115,32"/><V12/><F107/><W116/><G122/><T37/><D123/><U74/><E104/><V81/><F1/><W50/><G126/><T97/><D37/><U127/><E127/><V86/><F33/><W52/><G131/><T25/><D129/><U117/><E117/><V90/><F124/><W100/><G115/><T120/><D120/><U75/><E75/><V94/><F132/><W66/><G32/><T34/><D134/><U71/><E135/><V3/><F3/><W22/><G100/><T51/><D97/><U121/><E113/><V106/><F106/><W92/><G116/><T21/><D82/><U101/><E101/><V43/><F114/><W112/><G112/><T23/><REACH who="0" step="1"/><D51/><REACH who="0" ten="123,294,312,261" step="2"/><U125/><E121/><V9/><F110/><W102/><G119/><T108/><D108/><U31/><E125/><V109/><F109/><W54/><G80/><T26/><D26/><U59/><E83/><V53/><F81/><W68/><G68/><T24/><D24/><U78/><E71/><V17/><REACH who="2" step="1"/><F9/><REACH who="2" ten="123,294,302,261" step="2"/><W73/><G92/><T0/><D0/><U77/><E74/><V39/><F39/><W128/><G73/><T84/><D84/><U14/><E93/><V60/><F60/><N who="3" m="38159" /><G128/><T76/><D76/><U133/><E95/><V55/><AGARI ba="1,2" hai="12,17,20,43,45,48,53,55,56,61,64,86,90,94" machi="55" ten="30,12000,1" yaku="1,1,0,1,8,1,52,1,53,1" doraHai="44" doraHaiUra="91" who="2" fromWho="2" sc="123,-41,294,-41,302,143,261,-41" /><INIT seed="6,2,0,5,4,9" ten="82,253,445,220" oya="2" hai0="78,62,50,71,98,30,46,88,77,111,38,127,53" hai1="37,73,51,67,44,52,86,15,74,87,117,129,106" hai2="93,7,112,28,131,134,100,119,17,25,102,39,92" hai3="99,12,109,8,32,84,116,124,69,24,123,107,105"/><V126/><F39/><W114/><G109/><T45/><D111/><U34/><E106/><V22/><F119/><W125/><G116/><T64/><D127/><N who="3" m="48713" /><G69/><T133/><D133/><U26/><E117/><V128/><F126/><W122/><G114/><T20/><D30/><U40/><E67/><V113/><F7/><W80/><G24/><T58/><D46/><U49/><E26/><V135/><F28/><W59/><G32/><T103/><D20/><U10/><E34/><V3/><F3/><W66/><G59/><T23/><D23/><U1/><E1/><V27/><F22/><W0/><G66/><T42/><REACH who="0" step="1"/><D88/><REACH who="0" ten="72,253,445,220" step="2"/><U96/><E44/><V35/><F35/><W13/><G122/><T110/><D110/><U121/><E121/><V14/><REACH who="2" step="1"/><F17/><REACH who="2" ten="72,253,435,220" step="2"/><W33/><G123/><T5/><D5/><U83/><E37/><V56/><F56/><W36/><G33/><T108/><D108/><U2/><E2/><V55/><F55/><W21/><G36/><T60/><D60/><U68/><E52/><V57/><F57/><W43/><G21/><T115/><D115/><U4/><E4/><V19/><F19/><W76/><G0/><T63/><D63/><U97/><E68/><V132/><F132/><W47/><G47/><T54/><D54/><U82/><E40/><V70/><F70/><W130/><G43/><T65/><D65/><U90/><E51/><V41/><F41/><W16/><G16/><T85/><D85/><U11/><E49/><V120/><F120/><W81/><G84/><T61/><D61/><U118/><E87/><V48/><F48/><RYUUKYOKU ba="2,2" sc="72,15,253,-15,435,15,220,-15" hai0="38,42,45,50,53,58,62,64,71,77,78,98,103" hai2="14,25,27,92,93,100,102,112,113,128,131,134,135" /><INIT seed="6,3,2,2,2,134" ten="87,238,450,205" oya="2" hai0="41,68,110,69,81,46,58,97,11,85,28,112,36" hai1="3,67,108,91,120,60,89,22,47,24,12,49,63" hai2="116,92,95,114,37,23,88,38,30,65,119,76,122" hai3="102,18,133,74,26,7,4,5,125,132,113,6,53"/><V87/><F122/><W57/><G74/><T121/><D110/><U27/><E3/><V118/><F114/><W94/><G113/><T21/><D112/><U1/><E1/><V99/><F65/><W86/><G125/><T32/><D121/><U34/><E34/><V44/><F44/><W45/><G45/><T101/><D32/><U66/><E108/><V48/><F48/><W31/><G18/><T54/><D11/><U25/><E120/><V96/><F96/><W35/><G102/><T109/><D109/><U82/><E22/><V8/><F8/><W64/><G64/><N who="1" m="24618" /><E12/><V107/><F107/><W111/><G111/><T51/><D28/><U20/><E20/><V71/><F71/><W0/><G0/><T100/><D21/><U10/><E10/><V77/><F77/><W135/><G94/><T55/><D55/><N who="1" m="30143" /><E82/><V16/><F30/><W123/><G123/><T83/><D83/><U43/><E43/><V15/><F76/><W115/><G115/><T129/><D129/><U106/><E106/><V78/><F78/><W42/><G86/><T40/><D41/><U33/><E33/><V130/><F130/><W56/><G42/><T105/><REACH who="0" step="1"/><D100/><REACH who="0" ten="77,238,450,205" step="2"/><U59/><E59/><V117/><REACH who="2" step="1"/><F117/><REACH who="2" ten="77,238,440,205" step="2"/><W39/><G132/><T50/><D50/><U93/><E63/><V124/><F124/><W75/><G133/><T14/><D14/><U61/><E61/><V9/><F9/><W104/><G135/><T2/><D2/><U19/><E60/><V62/><F62/><W84/><G39/><T79/><AGARI ba="3,4" hai="36,40,46,51,54,58,68,69,79,81,85,97,101,105" machi="79" ten="20,2700,0" yaku="1,1,0,1,7,1,53,0" doraHai="134" doraHaiUra="126" who="0" fromWho="0" sc="77,76,238,-10,440,-16,205,-10" /><INIT seed="7,0,0,4,1,20" ten="153,228,424,195" oya="3" hai0="117,101,71,119,113,2,33,130,26,68,77,36,67" hai1="84,14,29,115,126,42,93,104,78,17,47,72,122" hai2="103,116,48,127,55,52,81,121,80,70,69,13,30" hai3="123,99,74,24,129,133,106,92,35,34,5,59,31"/><W8/><G123/><T118/><D130/><U44/><E104/><V58/><F55/><W6/><G106/><T111/><D111/><U88/><E122/><V112/><F81/><W18/><G129/><T9/><D113/><U87/><E115/><V46/><F13/><W4/><G74/><T132/><D132/><U37/><E126/><V54/><F30/><W97/><G133/><T23/><D36/><U64/><E64/><V134/><F54/><W120/><G35/><T38/><D38/><U1/><E1/><V125/><F52/><W16/><G120/><T83/><D101/><U86/><E44/><V25/><F48/><W107/><G59/><T53/><D53/><U0/><E0/><V19/><F58/><W102/><REACH who="3" step="1"/><G8/><REACH who="3" ten="153,228,424,185" step="2"/><T3/><D9/><U43/><E72/><V95/><F121/><W75/><G75/><N who="0" m="43455" /><D23/><U61/><E61/><V79/><F134/><W11/><G11/><T96/><D71/><U66/><E66/><V22/><F70/><W65/><G65/><T39/><D67/><U10/><E78/><V124/><F69/><W49/><G49/><T62/><D68/><U32/><E43/><V114/><F46/><W105/><G105/><T76/><D33/><U85/><E32/><V57/><F57/><W7/><N who="3" m="1536" /><DORA hai="89" /><W45/><G45/><T21/><D21/><U98/><N who="1" m="22016" /><DORA hai="110" /><U50/><E37/><V91/><F127/><W41/><G41/><T40/><D39/><U27/><E50/><V28/><F114/><W15/><G15/><T108/><D40/><U63/><E63/><V73/><F112/><W56/><G56/><RYUUKYOKU ba="0,1" sc="153,-10,228,-10,424,-10,185,30" hai3="16,18,24,31,34,92,97,99,102,107" /><INIT seed="7,1,1,0,3,68" ten="143,218,414,215" oya="3" hai0="13,132,60,119,135,1,93,16,32,86,69,33,116" hai1="85,77,114,27,63,94,3,67,34,82,78,58,108" hai2="80,12,44,39,130,128,45,6,54,96,55,104,24" hai3="107,2,123,21,133,52,14,76,110,5,35,71,38"/><W25/><G123/><T120/><D69/><U72/><E108/><V20/><F39/><W53/><G133/><N who="0" m="51275" /><D60/><U50/><E114/><V95/><F104/><W91/><G107/><T84/><D93/><U106/><E106/><V125/><F80/><W122/><G38/><T134/><N who="0" m="51283" /><T30/><DORA hai="42" /><D86/><U40/><E3/><V29/><F125/><W75/><G71/><T118/><D84/><U65/><E34/><N who="0" m="13417" /><D120/><U10/><E27/><V19/><F6/><W57/><G110/><T100/><D100/><U112/><E10/><N who="2" m="6551" /><F128/><W22/><G122/><T8/><D1/><U64/><E112/><V4/><F4/><W36/><G36/><T43/><D43/><U47/><E77/><V111/><F111/><W79/><G53/><N who="2" m="19977" /><F130/><W18/><G75/><T89/><D89/><AGARI ba="1,1" hai="20,24,29,44,45,89,95,96" m="19977,6551" machi="89" ten="30,3900,0" yaku="8,1,52,2" doraHai="68,42" who="2" fromWho="0" sc="143,-42,218,0,414,52,215,0" owari="101,-40.0,218,2.0,466,56.0,215,-18.0" /></mjloggm>