<mjloggm ver="2.3"><GO type="169" lobby="0"/><UN n0="%E3%82%A6%E3%83%AB%E3%83%88%E3%83%A9%E7%AB%8B%E7%9B%B4" n1="%E3%81%A1%E3%82%83%E3%81%9D%E2%98%86" n2="%EF%BC%84%E3%83%8A%E3%83%8A%E3%82%B7%E3%83%BC%EF%BF%A5" n3="%E3%81%8B%E3%82%89%E3%83%BC%E3%81%9C" dan="17,17,16,17" rate="2183.12,2094.43,2064.59,2184.96" sx="M,M,M,M"/><TAIKYOKU oya="0"/><INIT seed="0,0,0,3,3,128" ten="250,250,250,250" oya="0" hai0="76,51,96,87,53,135,58,25,1,119,23,94,120" hai1="84,38,36,0,103,7,34,93,104,110,57,11,99" hai2="107,118,95,20,100,59,117,39,31,13,64,17,9" hai3="125,127,83,61,54,111,101,21,60,97,14,28,52"/><T40/><D1/><U122/><E122/><V30/><F39/><W37/><G111/><T8/><D120/><U63/><E110/><V114/><F107/><W24/><G37/><T50/><D119/><N who="2" m="45578" /><F114/><W62/><G83/><T69/><D69/><U132/><E34/><V82/><F82/><W85/><G85/><T4/><D76/><U126/><E126/><N who="3" m="48138" /><G14/><T46/><D87/><U75/><E75/><V116/><F116/><W56/><G56/><T45/><D135/><U35/><E132/><V112/><F112/><W90/><G90/><T3/><D40/><U123/><E123/><V71/><F71/><W124/><N who="3" m="48146" /><W129/><DORA hai="6" /><G129/><T66/><D66/><U12/><E12/><V72/><F72/><W43/><G43/><T91/><REACH who="0" step="1"/><D51/><REACH who="0" ten="240,250,250,250" step="2"/><U55/><E0/><V48/><F48/><W130/><G130/><T81/><D81/><U113/><E84/><V16/><F64/><W68/><G68/><T80/><D80/><U27/><E113/><V42/><F42/><W47/><G47/><T102/><D102/><U44/><E44/><V79/><F79/><W115/><G115/><T86/><D86/><U133/><E133/><V65/><F65/><W105/><AGARI ba="0,1" hai="21,24,28,52,54,60,61,62,97,101,105" m="48146" machi="105" ten="50,3200,0" yaku="18,1,54,1" doraHai="128,6" who="3" fromWho="3" sc="240,-16,250,-8,250,-8,250,42" /><INIT seed="1,0,0,0,5,30" ten="224,242,242,292" oya="1" hai0="128,125,87,44,18,62,94,16,9,53,67,38,54" hai1="81,116,129,7,35,65,3,76,124,43,58,17,99" hai2="109,130,74,86,110,6,64,75,77,121,48,51,21" hai3="5,23,42,83,1,0,59,26,113,108,20,95,52"/><U36/><E116/><V97/><F121/><W90/><G113/><T115/><D115/><U70/><E58/><V106/><F6/><W80/><G108/><T101/><D125/><U13/><E99/><V89/><F64/><W46/><G0/><T41/><D128/><U102/><E102/><N who="2" m="62799" /><F21/><W22/><G26/><T96/><D87/><U103/><E103/><V68/><F68/><W56/><G5/><T135/><D135/><U61/><E129/><V60/><F60/><W31/><G31/><T93/><D93/><U104/><E104/><V133/><F130/><W132/><G1/><T88/><D101/><U84/><E124/><V100/><F100/><W119/><G119/><T27/><D18/><U28/><E7/><V11/><F11/><W69/><G69/><T91/><D91/><U15/><E3/><V118/><F118/><W57/><G132/><T2/><D2/><U50/><E36/><V10/><F10/><W71/><G71/><T117/><D117/><U12/><E17/><V120/><F120/><W55/><G80/><T8/><D8/><U40/><REACH who="1" step="1"/><E50/><REACH who="1" ten="224,232,242,292" step="2"/><V37/><F37/><W33/><G59/><N who="0" m="37343" /><D38/><U72/><E72/><V49/><F133/><W29/><G57/><T85/><D96/><U63/><E63/><V114/><F114/><W39/><G56/><T82/><D16/><U107/><E107/><V112/><F112/><W111/><G39/><T25/><D85/><U47/><E47/><V34/><F75/><W134/><G46/><T79/><D44/><U105/><E105/><V32/><F74/><W122/><G134/><T66/><D66/><RYUUKYOKU ba="0,1" sc="224,-10,232,30,242,-10,292,-10" hai1="12,13,15,28,35,40,43,61,65,70,76,81,84" /><INIT seed="1,1,1,0,4,129" ten="214,262,232,282" oya="1" hai0="71,126,91,9,20,51,113,86,110,121,119,3,17" hai1="125,50,62,85,21,32,79,13,124,70,135,49,65" hai2="5,15,128,33,120,112,7,82,29,117,80,76,12" hai3="73,69,8,104,92,106,67,133,100,127,74,68,131"/><U16/><E135/><V64/><F120/><W1/><G92/><T6/><D119/><U83/><REACH who="1" step="1"/><E32/><REACH who="1" ten="214,252,232,282" step="2"/><V35/><F35/><W130/><G133/><T36/><D121/><U48/><AGARI ba="1,2" hai="13,16,21,48,49,50,62,65,70,79,83,85,124,125" machi="48" ten="30,11700,0" yaku="1,1,2,1,0,1,54,1,53,0" doraHai="129" doraHaiUra="28" who="1" fromWho="1" sc="214,-40,252,140,232,-40,282,-40" /><INIT seed="1,2,0,1,5,35" ten="174,392,192,242" oya="1" hai0="22,33,70,4,130,36,48,5,18,19,61,63,47" hai1="24,9,123,34,131,118,37,3,57,0,102,17,44" hai2="88,15,32,126,85,91,50,97,51,41,28,84,87" hai3="66,14,68,134,43,77,122,8,111,110,74,83,58"/><U72/><E72/><V40/><F126/><W6/><G134/><T90/><D33/><U107/><E118/><V23/><BYE who="0" /><F32/><W109/><G122/><UN n0="%E3%82%A6%E3%83%AB%E3%83%88%E3%83%A9%E7%AB%8B%E7%9B%B4" /><T127/><D36/><U101/><E123/><V16/><F28/><W132/><G132/><T73/><D73/><U26/><E131/><V79/><F79/><W65/><G68/><T125/><D130/><U129/><E129/><V108/><F108/><W99/><G43/><N who="2" m="16457" /><F97/><W30/><G30/><T7/><D90/><AGARI ba="2,0" hai="15,16,23,50,51,84,85,87,88,90,91" m="16457" machi="90" ten="30,3900,0" yaku="8,1,54,2" doraHai="35" who="2" fromWho="0" sc="174,-45,392,0,192,45,242,0" /><INIT seed="2,0,0,1,5,51" ten="129,392,237,242" oya="2" hai0="115,2,80,62,89,20,127,46,50,25,112,18,83" hai1="101,133,26,106,69,84,85,90,73,53,105,37,65" hai2="11,110,96,99,64,100,108,54,104,44,125,55,61" hai3="68,5,75,47,79,36,57,12,49,126,19,6,38"/><V86/><F125/><W114/><G68/><T14/><D2/><U102/><BYE who="0" /><E37/><V0/><F44/><W13/><G126/><UN n0="%E3%82%A6%E3%83%AB%E3%83%88%E3%83%A9%E7%AB%8B%E7%9B%B4" /><T129/><D127/><U28/><E73/><V131/><F131/><W103/><G114/><T39/><D39/><U117/><E117/><V123/><F123/><W16/><G57/><T4/><D129/><U59/><BYE who="0" /><E133/><V128/><F128/><W81/><G103/><UN n0="%E3%82%A6%E3%83%AB%E3%83%88%E3%83%A9%E7%AB%8B%E7%9B%B4" /><T22/><D62/><U23/><E69/><V132/><F132/><W33/><G33/><T97/><D4/><U29/><E65/><V60/><F86/><W1/><G1/><T45/><D45/><U76/><E76/><V119/><F119/><W31/><G31/><T40/><D112/><U113/><E113/><V27/><F27/><W95/><G95/><N who="0" m="56559" /><D115/><U121/><E121/><V17/><F99/><W21/><G36/><T15/><D15/><U34/><E34/><V30/><F30/><AGARI ba="0,0" hai="14,18,20,22,25,30,40,46,50,80,83" m="56559" machi="30" ten="30,1000,0" yaku="8,1" doraHai="51" who="0" fromWho="2" sc="129,10,392,0,237,-10,242,0" /><INIT seed="3,0,0,2,1,48" ten="139,392,227,242" oya="3" hai0="68,14,20,18,25,91,120,30,24,40,126,112,32" hai1="4,1,98,56,107,92,60,11,0,83,85,89,100" hai2="53,13,104,133,79,17,96,26,21,116,52,47,97" hai3="10,59,9,22,95,125,58,44,76,57,78,2,61"/><W34/><G34/><T15/><D68/><U45/><E45/><V130/><F116/><W35/><G35/><T7/><D40/><U43/><E43/><V128/><F133/><W41/><G125/><T90/><D90/><U39/><E39/><V122/><F122/><W99/><G61/><T127/><D91/><U8/><E8/><N who="3" m="3178" /><G2/><T82/><D82/><U108/><E108/><V119/><F119/><W72/><G72/><T50/><D50/><U109/><E109/><V118/><F118/><W93/><G44/><T23/><D120/><U29/><E29/><V55/><F47/><W67/><G41/><T117/><D117/><U102/><E0/><V77/><F26/><W86/><G67/><T66/><D66/><U124/><E124/><N who="0" m="47657" /><D112/><U65/><E107/><V64/><F64/><W81/><G22/><T49/><D23/><U54/><E65/><V106/><F106/><W103/><G95/><T80/><D20/><U121/><E121/><V38/><F38/><W113/><G113/><T110/><D32/><U73/><E73/><V27/><F27/><W63/><G63/><T37/><D25/><U33/><E33/><V129/><F104/><W16/><G16/><T6/><D18/><U62/><E60/><V115/><F115/><W84/><G84/><T42/><D24/><U12/><REACH who="1" step="1"/><E1/><REACH who="1" ten="139,382,227,242" step="2"/><V105/><F105/><W134/><G134/><T88/><D110/><U74/><E74/><V123/><F123/><W132/><G132/><T51/><D37/><U71/><E71/><V28/><F28/><W101/><G101/><AGARI ba="0,1" hai="4,11,12,54,56,62,83,85,89,92,98,100,101,102" machi="101" ten="30,7700,0" yaku="1,1,7,1,8,1,52,1,53,0" doraHai="48" doraHaiUra="75" who="1" fromWho="3" sc="139,0,382,87,227,0,242,-77" /><INIT seed="4,0,0,5,0,123" ten="139,469,227,165" oya="0" hai0="106,132,121,45,65,85,103,56,77,101,97,135,73" hai1="119,63,80,117,32,90,49,120,134,68,59,67,99" hai2="9,3,61,70,66,41,5,111,4,7,112,10,34" hai3="55,105,48,75,57,37,129,43,82,44,114,115,14"/><T94/><D45/><U92/><E120/><V25/><F112/><N who="3" m="43051" /><G105/><T38/><D38/><U91/><E134/><N who="0" m="51241" /><D121/><U69/><E32/><V16/><F41/><W36/><G129/><T128/><D65/><U118/><E80/><V19/><F111/><W33/><G33/><T86/><D56/><U21/><E21/><V58/><F70/><W11/><G75/><T22/><D22/><U13/><E13/><V0/><F7/><N who="3" m="3455" /><G82/><N who="0" m="45359" /><D128/><U6/><E6/><V78/><REACH who="2" step="1"/><F78/><REACH who="2" ten="139,469,217,165" step="2"/><W130/><G130/><T72/><D72/><U30/><E69/><V109/><F109/><W17/><G17/><T35/><D35/><U84/><E68/><V108/><F108/><W79/><G79/><T126/><D126/><U15/><E118/><V62/><F62/><AGARI ba="0,1" hai="36,37,43,44,48,55,57,62" m="3455,43051" machi="62" ten="30,1000,0" yaku="15,1" doraHai="123" who="3" fromWho="2" sc="139,0,469,0,217,-10,165,20" /><INIT seed="5,0,0,2,4,75" ten="139,469,207,185" oya="1" hai0="80,96,59,115,26,110,7,133,103,124,122,65,46" hai1="51,54,90,11,43,15,127,38,81,2,67,19,93" hai2="20,104,125,83,131,77,60,120,97,50,64,111,33" hai3="40,123,107,106,45,84,108,89,68,95,134,17,86"/><U105/><BYE who="0" /><E105/><V61/><F111/><W29/><G123/><T66/><D66/><U36/><E127/><UN n0="%E3%82%A6%E3%83%AB%E3%83%88%E3%83%A9%E7%AB%8B%E7%9B%B4" /><V53/><F120/><W30/><G108/><T16/><D110/><U72/><E67/><V56/><F33/><W21/><G68/><T44/><D122/><U76/><E2/><V37/><F37/><W32/><G134/><T55/><D124/><U113/><E113/><V87/><F125/><W85/><G107/><T39/><D65/><U42/><E36/><V69/><F131/><W114/><G106/><T23/><D133/><U14/><E14/><V88/><F61/><W63/><G63/><T126/><D126/><U78/><E78/><V28/><F104/><W128/><G128/><T82/><D7/><U22/><E11/><V118/><F118/><W47/><G32/><T34/><D34/><U135/><E38/><V4/><F4/><W119/><G114/><T13/><D13/><U3/><E3/><V5/><F5/><W79/><G119/><T92/><D115/><U1/><E1/><V27/><REACH who="2" step="1"/><F97/><REACH who="2" ten="139,469,197,185" step="2"/><W101/><G29/><T74/><D39/><U10/><E135/><V121/><F121/><W71/><G30/><T62/><D74/><U102/><E72/><V8/><F8/><W18/><G21/><T112/><REACH who="0" step="1"/><D112/><REACH who="0" ten="129,469,197,185" step="2"/><U132/><E132/><V98/><F98/><W52/><G71/><T41/><D41/><U48/><E42/><V58/><F58/><W70/><G40/><T25/><D25/><U94/><E43/><V91/><AGARI ba="0,2" hai="20,27,28,50,53,56,60,64,69,77,83,87,88,91" machi="91" ten="30,7900,0" yaku="1,1,0,1,52,1,54,1,53,0" doraHai="75" doraHaiUra="0" who="2" fromWho="2" sc="129,-20,469,-39,197,99,185,-20" /><INIT seed="6,0,0,1,0,118" ten="109,430,296,165" oya="2" hai0="22,110,42,117,77,120,17,80,66,135,57,65,12" hai1="127,116,114,69,2,58,94,71,108,115,76,130,86" hai2="24,132,54,33,87,44,74,26,6,13,36,16,4" hai3="126,98,46,88,122,89,40,102,19,119,73,32,45"/><V75/><F132/><W53/><G119/><T133/><D110/><U100/><E116/><V30/><F26/><W109/><G109/><T35/><D35/><U63/><E108/><V92/><F75/><W97/><G73/><T3/><D3/><U82/><E130/><V39/><F74/><W90/><G122/><T78/><D117/><U43/><E127/><V134/><F134/><N who="0" m="51210" /><D42/><U61/><E2/><V105/><F105/><W123/><G123/><T20/><D80/><U84/><E43/><V112/><F112/><N who="1" m="43049" /><E63/><V8/><F54/><W81/><G32/><T91/><D91/><N who="1" m="53623" /><E100/><V131/><F131/><W113/><G126/><T68/><D68/><U5/><E5/><V106/><F106/><W59/><G113/><T21/><D120/><U23/><E23/><N who="0" m="8777" /><D66/><AGARI ba="0,0" hai="58,61,66,69,71,76,82,84" m="53623,43049" machi="66" ten="30,1000,0" yaku="15,1" doraHai="118" who="1" fromWho="0" sc="109,-10,430,10,296,0,165,0" /><INIT seed="7,0,0,2,2,114" ten="99,440,296,165" oya="3" hai0="87,48,3,5,88,102,55,59,8,30,11,126,120" hai1="93,129,64,62,43,92,94,73,54,7,80,35,77" hai2="134,121,45,113,58,34,85,91,52,50,23,31,21" hai3="132,60,28,81,122,49,98,83,14,39,115,42,4"/><W84/><G122/><T44/><D126/><U112/><E112/><V110/><F113/><W109/><G109/><T10/><D120/><U108/><E108/><V32/><F110/><W100/><G132/><T131/><D131/><U72/><E129/><V74/><F74/><W86/><G39/><T127/><D127/><U15/><E35/><V125/><F125/><W61/><G28/><T25/><D102/><U90/><E43/><V118/><F118/><W79/><G115/><T1/><D1/><U17/><E7/><V13/><F134/><W56/><G4/><T0/><D0/><U97/><E54/><V103/><F103/><W27/><G27/><T67/><D67/><U78/><E78/><V71/><F71/><W53/><G14/><T51/><D51/><U16/><E17/><V38/><F121/><W18/><G18/><T69/><D59/><U70/><E72/><V24/><F38/><W99/><G42/><T9/><D69/><U101/><REACH who="1" step="1"/><E101/><REACH who="1" ten="99,430,296,165" step="2"/><V130/><F130/><W124/><G124/><T135/><D135/><U65/><E65/><V106/><F106/><W82/><G82/><T47/><D47/><U119/><E119/><V111/><F45/><W96/><G100/><T123/><D123/><U26/><E26/><V133/><F111/><W20/><G20/><AGARI ba="0,1" hai="15,16,20,62,64,70,73,77,80,90,92,93,94,97" machi="20" ten="30,3900,0" yaku="1,1,7,1,54,1,53,0" doraHai="114" doraHaiUra="37" who="1" fromWho="3" sc="99,0,430,49,296,0,165,-39" owari="99,-40.0,479,57.0,296,10.0,126,-27.0" /></mjloggm>