<mjloggm ver="2.3"><GO type="41" lobby="0"/><UN n0="%68%69%72%6F%5F%6A%63%6B" n1="%E5%B0%B1%E6%B4%BB%E7%94%9F%40%E5%B7%9D%E6%9D%91%E8%BB%8D%E5%9B%A3" n2="%61%68%6F%64%61%39" n3="%EF%BF%A5%EF%BC%A6%EF%BD%89%EF%BD%94%EF%BF%A5" dan="14,15,15,13" rate="1950.15,2002.37,2011.26,1887.23" sx="M,M,M,M"/><TAIKYOKU oya="0"/><INIT seed="0,0,0,5,0,85" ten="250,250,250,250" oya="0" hai0="112,13,58,100,67,122,103,121,5,25,98,93,11" hai1="128,97,33,53,88,14,26,105,71,114,43,129,86" hai2="40,46,127,31,82,39,9,78,49,62,106,72,42" hai3="73,64,8,119,84,90,23,17,52,29,34,66,35"/><T1/><D112/><U15/><E71/><V12/><F127/><W24/><G119/><T110/><D110/><U70/><E70/><V60/><F106/><W2/><G73/><T113/><D113/><U80/><E43/><V47/><REACH who="2" step="1"/><F31/><REACH who="2" ten="250,250,240,250" step="2"/><W22/><G35/><T77/><D122/><U134/><E134/><V0/><F0/><W3/><G2/><T75/><D121/><U41/><E114/><V87/><F87/><W123/><G123/><T104/><D1/><U130/><E41/><V54/><F54/><W28/><G29/><T63/><D104/><U48/><E33/><V76/><F76/><W50/><G34/><T21/><D77/><U107/><E26/><V7/><AGARI ba="0,1" hai="7,9,12,39,40,42,46,47,49,60,62,72,78,82" machi="7" ten="20,2700,0" yaku="1,1,0,1,7,1,53,0" doraHai="85" doraHaiUra="135" who="2" fromWho="2" sc="250,-13,250,-7,240,37,250,-7" /><INIT seed="1,0,0,2,5,30" ten="237,243,277,243" oya="1" hai0="103,133,124,89,135,67,22,70,52,90,14,93,109" hai1="42,19,66,64,76,131,113,134,132,118,38,72,27" hai2="128,47,122,116,10,104,127,101,21,24,85,114,40" hai3="11,31,59,3,98,69,65,96,61,110,32,17,73"/><U0/><E0/><V95/><F127/><W46/><G73/><T56/><D70/><U106/><E106/><V50/><F128/><W121/><G110/><T74/><D74/><U53/><E118/><V108/><F122/><W41/><G121/><T119/><D67/><U49/><E113/><V91/><F108/><W112/><G112/><T117/><D109/><U33/><E131/><V99/><F116/><W13/><G3/><T23/><D124/><U43/><E76/><V63/><F114/><W18/><G18/><N who="0" m="10583" /><D103/><U100/><E100/><V123/><F123/><W35/><G31/><T8/><D8/><U126/><E72/><V111/><F111/><W105/><G69/><T125/><D23/><U44/><E126/><V26/><F21/><W78/><G78/><T54/><D125/><U39/><E19/><V87/><F87/><W29/><G29/><T37/><D37/><N who="1" m="13835" /><E33/><V55/><F10/><W84/><G84/><N who="0" m="52391" /><D90/><U36/><E27/><V6/><F6/><W80/><G80/><T79/><D79/><U94/><E94/><N who="2" m="54639" /><F104/><W77/><G77/><T82/><D82/><U120/><E120/><V102/><F101/><W15/><G15/><T57/><D119/><U7/><E7/><V1/><F1/><W115/><G115/><T20/><D20/><U60/><E42/><V107/><F107/><W129/><G129/><T16/><D16/><U68/><E66/><V58/><AGARI ba="0,0" hai="24,26,40,47,50,55,58,63,95,99,102" m="54639" machi="58" ten="30,1100,0" yaku="8,1" doraHai="30" who="2" fromWho="2" sc="237,-3,243,-5,277,11,243,-3" /><INIT seed="2,0,0,4,1,115" ten="234,238,288,240" oya="2" hai0="84,57,67,128,114,64,71,120,32,39,92,8,134" hai1="6,82,30,107,125,12,70,93,126,0,7,127,10" hai2="124,54,1,110,45,89,18,56,108,33,5,116,86" hai3="21,76,131,72,104,90,41,36,2,3,13,17,85"/><V35/><F124/><W28/><G131/><T68/><D32/><U106/><E70/><V62/><F116/><W87/><G104/><T83/><D114/><U34/><E82/><V80/><F45/><W111/><G111/><N who="2" m="42537" /><F18/><W78/><G72/><T51/><D39/><U101/><E93/><V49/><F62/><W118/><G118/><T50/><D120/><U42/><E42/><V37/><F37/><W94/><G41/><T95/><D128/><U102/><E34/><V29/><F29/><W98/><G36/><T27/><D134/><U25/><E6/><V23/><F23/><N who="3" m="11695" /><G2/><T22/><D71/><U14/><E106/><V19/><F19/><W44/><G44/><T55/><D68/><U11/><E107/><V117/><F117/><W66/><G66/><T61/><D8/><AGARI ba="0,0" hai="1,5,8,33,35,49,54,56,80,86,89" m="42537" machi="8" ten="30,2900,0" yaku="14,1,10,1" doraHai="115" who="2" fromWho="0" sc="234,-29,238,0,288,29,240,0" /><INIT seed="2,1,0,5,2,126" ten="205,238,317,240" oya="2" hai0="71,19,73,4,39,90,55,93,116,117,41,47,46" hai1="17,89,45,44,103,14,22,49,96,36,82,20,85" hai2="63,114,11,75,134,13,43,31,56,5,101,32,40" hai3="21,29,25,15,102,12,61,100,57,79,27,72,7"/><V97/><F114/><W127/><G127/><T84/><D73/><U30/><E36/><V69/><F75/><W125/><G125/><T122/><D122/><U66/><E66/><N who="2" m="41183" /><F134/><W59/><G72/><T76/><D71/><U16/><E30/><V42/><F56/><N who="3" m="21579" /><G79/><T8/><D76/><U28/><E28/><V53/><F53/><W124/><G124/><T48/><REACH who="0" step="1"/><D19/><REACH who="0" ten="195,238,317,240" step="2"/><U77/><E77/><V60/><F60/><W121/><G121/><T9/><D9/><U26/><REACH who="1" step="1"/><E49/><REACH who="1" ten="195,228,317,240" step="2"/><V87/><F31/><W129/><G29/><T67/><D67/><U88/><E88/><V6/><F101/><W99/><G102/><T10/><D10/><U1/><E1/><AGARI ba="1,2" hai="1,4,8,39,41,46,47,48,55,84,90,93,116,117" machi="1" ten="40,1300,0" yaku="1,1,53,0" doraHai="126" doraHaiUra="118" who="0" fromWho="1" sc="195,36,228,-16,317,0,240,0" /><INIT seed="3,0,0,4,3,133" ten="231,212,317,240" oya="3" hai0="4,85,1,74,131,48,47,56,103,107,22,128,132" hai1="33,66,117,72,110,27,55,127,9,39,87,115,32" hai2="98,122,5,40,104,20,67,125,126,129,120,81,35" hai3="101,45,60,19,113,105,79,50,42,91,12,124,2"/><W30/><G113/><T73/><D74/><U8/><E72/><V37/><F129/><W119/><G119/><T3/><D73/><U135/><E39/><V38/><F35/><W93/><G2/><T17/><D107/><U100/><E117/><V52/><F67/><W61/><G30/><T6/><D103/><U88/><E135/><V76/><F5/><N who="0" m="2154" /><D85/><U51/><E115/><V34/><F34/><W64/><G79/><T92/><D92/><U90/><E100/><N who="2" m="62487" /><F52/><W86/><G105/><T44/><D56/><U111/><E66/><V29/><F29/><W95/><G124/><N who="2" m="47721" /><F20/><N who="3" m="11367" /><G64/><T14/><D132/><U118/><E118/><V0/><F0/><N who="0" m="74" /><D48/><U16/><E127/><V89/><F89/><N who="3" m="53431" /><G101/><T97/><D97/><AGARI ba="0,0" hai="42,45,50,60,61,91,95,97" m="53431,11367" machi="97" ten="30,1500,0" yaku="8,1" doraHai="133" who="3" fromWho="0" sc="231,-15,212,0,317,0,240,15" /><INIT seed="3,1,0,2,1,92" ten="216,212,317,255" oya="3" hai0="45,77,62,21,51,129,68,78,131,76,14,123,66" hai1="57,132,102,17,122,124,58,26,29,109,32,36,112" hai2="1,50,47,97,7,126,39,120,114,127,2,85,59" hai3="71,91,74,87,16,81,106,86,31,65,30,12,116"/><W110/><G116/><T89/><D123/><U69/><E69/><V133/><F133/><W101/><G74/><T128/><D89/><U75/><E75/><V55/><F114/><W61/><G87/><T40/><D14/><U67/><E112/><V104/><F120/><W25/><G25/><T24/><D24/><U72/><E122/><V105/><F85/><W54/><G54/><T6/><D21/><U70/><E72/><V119/><F119/><W99/><REACH who="3" step="1"/><G110/><REACH who="3" ten="216,212,317,245" step="2"/><T111/><REACH who="0" step="1"/><D6/><REACH who="0" ten="206,212,317,245" step="2"/><U52/><E109/><AGARI ba="1,2" hai="40,45,51,62,66,68,76,77,78,109,111,128,129,131" machi="109" ten="50,6400,0" yaku="1,1,2,1,19,1,53,0" doraHai="92" doraHaiUra="100" who="0" fromWho="1" sc="206,87,212,-67,317,0,245,0" /><INIT seed="4,0,0,2,2,68" ten="293,145,317,245" oya="0" hai0="24,99,45,18,115,92,132,35,56,5,101,127,36" hai1="97,100,30,88,90,42,0,2,26,105,14,109,38" hai2="120,128,121,122,87,129,116,82,48,117,77,69,29" hai3="9,49,31,60,93,95,84,19,54,41,131,119,83"/><T66/><D115/><U20/><E109/><V40/><F69/><W107/><G119/><N who="2" m="45641" /><F29/><W47/><G107/><T32/><D132/><U62/><E62/><V4/><F4/><W123/><G131/><N who="2" m="50249" /><F48/><W125/><G125/><T74/><D127/><U103/><E103/><V13/><F13/><W108/><G108/><T135/><D74/><U33/><E2/><V3/><F40/><W65/><G123/><T96/><D135/><U79/><E79/><V104/><F3/><W80/><G31/><T53/><D5/><U57/><E0/><V124/><F104/><W61/><G9/><T75/><D75/><U51/><E57/><V15/><F15/><W27/><G60/><T72/><D72/><U12/><E51/><V6/><F6/><W114/><G114/><T94/><D18/><U98/><E98/><V64/><F64/><W106/><G106/><T63/><D24/><U21/><E21/><V7/><F7/><W91/><G19/><T81/><D81/><U11/><E14/><V22/><F22/><W46/><G27/><T58/><D45/><U89/><E11/><V78/><F124/><W55/><G80/><T111/><D111/><U76/><E12/><V102/><F102/><W25/><G25/><T8/><D8/><U28/><E28/><V85/><F77/><W70/><REACH who="3" step="1"/><G55/><REACH who="3" ten="293,145,317,235" step="2"/><T34/><D53/><U16/><E33/><V1/><F1/><W133/><G133/><T17/><D34/><U113/><E113/><V37/><F122/><W44/><G44/><T73/><D35/><U67/><E30/><V86/><F121/><W52/><G52/><RYUUKYOKU ba="0,1" sc="293,-10,145,-10,317,-10,235,30" hai3="41,46,47,49,54,61,65,70,83,84,91,93,95" /><INIT seed="5,1,1,3,2,106" ten="283,135,307,265" oya="1" hai0="70,40,114,108,130,39,123,14,103,87,104,82,63" hai1="88,85,132,125,95,94,110,41,135,89,16,7,86" hai2="99,42,81,128,74,101,131,24,11,84,6,46,66" hai3="57,38,78,54,18,65,43,49,122,107,37,13,5"/><U19/><E41/><V12/><F66/><W111/><G107/><T4/><D108/><U51/><E110/><V73/><F24/><W56/><G111/><T116/><D116/><U26/><E7/><V8/><F8/><W9/><G122/><T23/><D123/><U75/><E51/><N who="2" m="27095" /><F99/><W27/><G43/><T53/><D114/><U47/><E47/><V105/><F101/><W33/><G57/><T62/><D130/><N who="2" m="49706" /><F105/><W124/><G65/><T0/><D0/><U118/><E26/><V102/><F102/><W3/><G78/><AGARI ba="1,1" hai="6,11,12,73,74,78,81,84" m="49706,27095" machi="78" ten="30,7700,0" yaku="25,1,19,1,52,2" doraHai="106" who="2" fromWho="3" sc="283,0,135,0,307,90,265,-80" /><INIT seed="6,0,0,3,2,134" ten="283,135,397,185" oya="2" hai0="16,2,52,40,63,47,30,7,31,6,105,45,54" hai1="101,122,86,28,5,99,25,81,60,124,116,69,23" hai2="66,129,67,98,35,118,127,104,91,79,89,10,103" hai3="108,65,111,131,133,113,26,13,119,92,112,44,46"/><V130/><F35/><W135/><G26/><T115/><D105/><U41/><E116/><V59/><F118/><W8/><G119/><T21/><D115/><N who="3" m="44105" /><G92/><T1/><D63/><U37/><E122/><V4/><F79/><W94/><G94/><T55/><D1/><U106/><E5/><N who="0" m="1545" /><D2/><U38/><E41/><V109/><F109/><N who="3" m="42059" /><G65/><T84/><D84/><U88/><REACH who="1" step="1"/><E124/><REACH who="1" ten="283,125,397,185" step="2"/><V76/><F127/><W56/><G13/><N who="0" m="9359" /><D40/><U125/><E125/><V3/><F4/><W18/><G8/><T75/><D75/><U20/><E20/><V132/><F10/><W126/><G18/><T61/><D61/><U34/><E34/><V123/><F3/><W114/><G126/><T22/><D22/><U77/><E77/><V11/><F76/><W128/><G114/><T9/><D9/><U53/><E53/><N who="0" m="13569" /><T74/><DORA hai="97" /><D74/><U42/><E42/><V17/><F11/><W117/><G117/><T29/><AGARI ba="0,1" hai="29,30,31,45,47" m="13569,9359,1545" machi="29" ten="40,5200,0" yaku="8,1,54,2" doraHai="134,97" who="0" fromWho="0" sc="283,62,125,-13,397,-26,185,-13" /><INIT seed="7,0,0,2,0,87" ten="345,112,371,172" oya="3" hai0="14,84,53,106,63,51,127,118,104,108,42,95,15" hai1="94,122,69,39,107,99,56,88,128,41,16,11,32" hai2="73,2,17,8,117,125,114,18,1,82,92,6,64" hai3="13,133,93,72,59,31,50,3,55,21,115,57,129"/><W132/><G72/><T79/><D118/><U74/><E69/><V44/><F64/><W130/><G3/><T22/><D108/><U135/><E122/><V86/><F117/><W20/><G93/><T75/><D127/><U23/><E32/><V85/><F125/><W110/><G110/><T27/><D75/><U70/><E70/><V97/><F1/><W119/><G119/><T35/><D35/><U123/><E74/><V40/><F86/><W120/><G120/><T124/><D124/><U121/><E128/><N who="3" m="49258" /><G115/><T34/><D34/><U29/><E135/><N who="3" m="51786" /><G31/><T131/><D131/><U12/><E107/><V58/><F73/><W101/><G101/><T47/><D106/><U37/><E56/><N who="3" m="21578" /><G13/><T24/><D104/><U26/><REACH who="1" step="1"/><E41/><REACH who="1" ten="345,102,371,172" step="2"/><V10/><F40/><W49/><G55/><T46/><D42/><U25/><E25/><V116/><F116/><W30/><G30/><T62/><D27/><U126/><E126/><V134/><F134/><W38/><G38/><T91/><D46/><U33/><E33/><V9/><F44/><W109/><G109/><T78/><D63/><U28/><E28/><V45/><F45/><W77/><G77/><N who="0" m="29195" /><D62/><U43/><E43/><V54/><F54/><W89/><G89/><T81/><D24/><U113/><E113/><V61/><F61/><W102/><G102/><T105/><D105/><U83/><E83/><V0/><F82/><W48/><AGARI ba="0,1" hai="20,21,48,49,50" m="21578,51786,49258" machi="48" ten="40,12000,1" yaku="28,2,19,1,20,1" doraHai="87" who="3" fromWho="3" sc="345,-40,102,-40,371,-40,172,130" /><INIT seed="7,1,0,4,3,52" ten="305,62,331,302" oya="3" hai0="5,124,118,112,98,7,20,26,115,113,25,14,80" hai1="54,83,50,117,123,57,75,120,3,33,27,9,70" hai2="69,131,24,16,60,77,128,28,42,104,23,106,95" hai3="19,72,89,94,97,44,39,49,17,88,31,18,103"/><W68/><G72/><T130/><D98/><U100/><E54/><V58/><F69/><W12/><G68/><T29/><D80/><U110/><E50/><V127/><F127/><W114/><G39/><T125/><D118/><U48/><E100/><V65/><F42/><N who="3" m="24727" /><G114/><T135/><D135/><U30/><E48/><V111/><F111/><W107/><G107/><T134/><D134/><U76/><E57/><V10/><F95/><N who="3" m="58815" /><G31/><N who="0" m="17831" /><D130/><N who="2" m="49706" /><F77/><W78/><G78/><T96/><D96/><U73/><E73/><V99/><F99/><N who="3" m="57799" /><G89/><T126/><D14/><AGARI ba="1,0" hai="10,14,16,23,24,28,58,60,65,104,106" m="49706" machi="14" ten="30,3900,0" yaku="19,1,52,1,54,1" doraHai="52" who="2" fromWho="0" sc="305,-42,62,0,331,42,302,0" /><AGARI ba="1,0" hai="12,14,17,18,19" m="57799,58815,24727" machi="14" ten="30,2900,0" yaku="8,1,54,1" doraHai="52" who="3" fromWho="0" sc="263,-29,62,0,373,0,302,29" /><INIT seed="7,2,0,4,1,84" ten="234,62,373,331" oya="3" hai0="8,60,85,35,96,59,64,5,81,125,7,16,41" hai1="118,18,92,83,13,76,112,95,48,25,6,80,54" hai2="131,134,2,63,109,56,62,114,133,71,126,21,55" hai3="123,69,17,78,113,12,46,24,11,108,73,61,20"/><W65/><G123/><T49/><D35/><U107/><E112/><V57/><F2/><W51/><G113/><T98/><D125/><U115/><E118/><V58/><F131/><W129/><G129/><T90/><D41/><U101/><E101/><V111/><F126/><W4/><G108/><N who="2" m="41545" /><F21/><W33/><G73/><T94/><D49/><U103/><E115/><V66/><F114/><W86/><G33/><T100/><D98/><U40/><E40/><V27/><F27/><W116/><G116/><T34/><D34/><U77/><E77/><V130/><F130/><W26/><G78/><T15/><AGARI ba="2,0" hai="5,7,8,15,16,59,60,64,81,85,90,94,96,100" machi="15" ten="30,7900,0" yaku="0,1,8,1,52,1,54,1" doraHai="84" who="0" fromWho="0" sc="234,85,62,-22,373,-22,331,-41" owari="319,12.0,40,-46.0,351,45.0,290,-11.0" /></mjloggm>