<mjloggm ver="2.3"><GO type="169" lobby="0"/><UN n0="%E3%82%A6%E3%83%AB%E3%83%88%E3%83%A9%E7%AB%8B%E7%9B%B4" n1="%E7%AA%93%E4%BB%98%E3%81%8D%2E" n2="%E6%9C%88%E3%83%9F%E7%85%A7%E2%98%86" n3="%E3%81%BF%E3%81%8B%E3%82%93%EF%BC%A0%E3%82%8F%E3%81%8B%E3%82%81%E3%81%A6" dan="17,16,16,16" rate="2194.56,2120.60,2145.61,2167.72" sx="M,F,M,M"/><TAIKYOKU oya="0"/><INIT seed="0,0,0,4,4,129" ten="250,250,250,250" oya="0" hai0="90,102,5,45,77,7,20,38,61,9,17,100,101" hai1="107,54,37,30,53,8,121,16,68,27,89,104,92" hai2="64,57,69,113,79,41,99,12,48,108,120,18,24" hai3="52,31,105,85,66,98,95,134,72,88,60,59,6"/><T83/><D90/><U94/><E121/><V19/><F120/><W87/><G72/><T63/><D7/><U28/><E68/><V117/><F113/><W114/><G114/><T36/><D36/><U132/><E37/><V14/><F69/><W15/><G105/><T29/><D29/><U118/><E118/><V116/><F79/><W40/><G40/><T11/><D11/><U22/><E94/><V50/><F108/><W125/><G125/><T70/><D70/><U4/><E132/><V44/><F24/><W55/><G134/><T133/><D133/><U0/><E104/><V32/><F32/><W1/><G1/><T13/><D45/><U34/><E107/><V76/><F76/><W49/><G31/><T135/><D38/><U46/><E46/><V131/><F99/><W33/><G33/><T127/><D127/><U43/><E43/><V112/><F131/><W35/><G35/><T56/><D56/><U2/><E2/><V86/><F86/><N who="3" m="32779" /><G49/><T106/><D106/><U62/><E62/><N who="2" m="37967" /><F50/><W84/><N who="3" m="32787" /><W96/><DORA hai="110" /><G96/><T124/><D124/><U58/><E34/><V73/><F73/><W130/><G130/><T91/><D91/><U128/><E128/><V67/><F112/><W81/><G81/><T122/><D122/><U51/><REACH who="1" step="1"/><E54/><REACH who="1" ten="250,240,250,250" step="2"/><V97/><F117/><W25/><G25/><N who="0" m="14479" /><D135/><U80/><E80/><V74/><F116/><W78/><G78/><T109/><D109/><U10/><E10/><AGARI ba="0,1" hai="6,10,15,52,55,59,60,66,88,95,98" m="32787" machi="10" ten="30,3900,0" yaku="8,1,54,2" doraHai="129,110" who="3" fromWho="1" sc="250,0,240,-39,250,0,250,49" /><INIT seed="1,0,0,3,5,18" ten="250,201,250,299" oya="1" hai0="12,123,32,41,96,42,115,71,35,39,45,83,15" hai1="116,43,3,54,46,129,99,74,23,112,114,97,48" hai2="66,87,25,103,27,95,135,1,5,94,10,98,85" hai3="79,53,16,60,101,132,72,33,7,30,57,61,110"/><U47/><E116/><V11/><F135/><W0/><G132/><T80/><D71/><U4/><E74/><V86/><F66/><W14/><G101/><T19/><D115/><U117/><E117/><V88/><REACH who="2" step="1"/><F10/><REACH who="2" ten="250,201,240,299" step="2"/><W36/><G36/><T59/><D39/><U89/><E114/><V122/><F122/><W26/><G110/><T124/><D123/><U120/><E112/><V28/><F28/><W127/><G30/><T58/><D124/><U111/><E120/><V125/><F125/><W102/><G127/><T21/><D35/><U107/><E111/><V6/><F6/><W62/><G33/><T2/><D32/><U113/><E113/><V128/><F128/><W70/><G7/><T56/><D2/><U76/><E129/><V100/><F100/><W29/><G0/><T106/><D19/><U50/><E4/><V91/><F91/><W31/><G102/><T118/><D118/><U84/><E3/><V75/><F75/><W63/><G70/><T105/><D105/><U78/><E107/><V64/><F64/><W22/><G72/><T52/><D106/><U51/><E78/><V104/><F104/><W67/><G79/><T40/><D12/><U69/><E76/><V24/><AGARI ba="0,1" hai="1,5,11,24,25,27,85,86,87,88,94,95,98,103" machi="24" ten="30,4000,0" yaku="1,1,0,1,54,1,53,0" doraHai="18" doraHaiUra="49" who="2" fromWho="2" sc="250,-10,201,-20,240,50,299,-10" /><INIT seed="2,0,0,3,3,98" ten="240,181,290,289" oya="2" hai0="123,23,109,130,132,56,28,78,59,10,117,84,53" hai1="105,34,4,77,94,30,44,54,134,61,67,27,65" hai2="21,104,38,9,112,31,91,29,83,12,16,103,121" hai3="69,101,89,5,79,99,86,64,124,8,133,127,3"/><V71/><F121/><W39/><G39/><T45/><D123/><U119/><E119/><V15/><F112/><W20/><G133/><T48/><D132/><U92/><E134/><V115/><F115/><W22/><G79/><T111/><D130/><U55/><E105/><V58/><F71/><W62/><G89/><T63/><D117/><U76/><E4/><V90/><F38/><W2/><G86/><T6/><D28/><U24/><E30/><N who="2" m="11275" /><F104/><W73/><G73/><T96/><D23/><U68/><E68/><V107/><F107/><W75/><G75/><T66/><D96/><U113/><E113/><V93/><F83/><W118/><G2/><T0/><D78/><U14/><E14/><V120/><F120/><W82/><G82/><T128/><D128/><U46/><REACH who="1" step="1"/><E61/><REACH who="1" ten="240,171,290,289" step="2"/><V102/><F58/><W40/><G118/><T43/><REACH who="0" step="1"/><D84/><REACH who="0" ten="230,171,290,289" step="2"/><U116/><E116/><V135/><F135/><W13/><G99/><T49/><AGARI ba="0,2" hai="0,6,10,43,45,48,49,53,56,59,63,66,109,111" machi="49" ten="30,7900,0" yaku="1,1,2,1,0,1,53,1" doraHai="98" doraHaiUra="7" who="0" fromWho="0" sc="230,99,171,-20,290,-39,289,-20" /><INIT seed="3,0,0,5,4,10" ten="329,151,251,269" oya="3" hai0="132,39,116,6,12,103,107,130,2,68,11,77,71" hai1="72,9,109,122,97,91,8,60,78,135,47,33,27" hai2="76,32,46,88,58,131,21,115,67,126,24,14,110" hai3="34,29,48,118,83,82,25,66,7,73,101,17,100"/><W127/><G118/><T79/><D116/><U38/><E122/><V45/><F115/><W129/><G129/><T36/><D130/><U121/><E121/><V113/><F113/><W123/><G123/><T104/><D132/><U65/><E135/><V69/><F69/><W86/><G127/><T96/><D107/><U81/><E109/><V87/><F32/><W49/><G7/><T95/><D95/><U52/><E33/><V105/><F131/><W1/><G1/><T133/><D133/><U20/><E97/><V44/><F105/><W23/><G66/><T16/><D79/><U4/><E91/><V112/><F112/><W57/><G73/><T108/><D108/><U85/><E72/><V35/><F35/><W28/><G83/><T128/><D128/><U3/><E9/><V30/><F110/><W117/><G117/><T42/><D77/><U93/><E93/><N who="2" m="54431" /><F76/><N who="3" m="46407" /><G34/><T41/><D39/><U99/><E99/><V74/><F74/><W55/><G49/><T70/><REACH who="0" step="1"/><D36/><REACH who="0" ten="319,151,251,269" step="2"/><U0/><E38/><V40/><F126/><W62/><G101/><T92/><D92/><U61/><E78/><V59/><F40/><W64/><G100/><T75/><D75/><U80/><E81/><V19/><F67/><W119/><G119/><T111/><D111/><U51/><E65/><V114/><F114/><W31/><G64/><T134/><D134/><U56/><E80/><V102/><F102/><W106/><G106/><T124/><D124/><U43/><E43/><V120/><F120/><W63/><AGARI ba="0,1" hai="17,23,25,28,29,31,48,55,57,62,63" m="46407" machi="63" ten="30,1500,0" yaku="8,1" doraHai="10" who="3" fromWho="3" sc="319,-5,151,-5,251,-5,269,25" /><INIT seed="3,1,0,2,1,25" ten="314,146,246,294" oya="3" hai0="91,120,124,45,6,118,40,83,134,86,35,112,100" hai1="37,119,121,102,75,60,34,31,115,132,95,32,61" hai2="73,20,14,72,84,22,36,50,71,15,24,44,39" hai3="12,38,29,107,7,59,10,27,114,9,77,33,85"/><W5/><G38/><T30/><D120/><U103/><E37/><V98/><F71/><W79/><G107/><T116/><D124/><U125/><E121/><V123/><F123/><W48/><G114/><T2/><D134/><U76/><E125/><V133/><F133/><W87/><G87/><T64/><D112/><U67/><E132/><V122/><F122/><W93/><G48/><T57/><D100/><U81/><E115/><V89/><F98/><W110/><G110/><T117/><D2/><U16/><E119/><V99/><F99/><W8/><G59/><T49/><D6/><U129/><E129/><V65/><F65/><W90/><REACH who="3" step="1"/><G10/><REACH who="3" ten="314,146,246,284" step="2"/><T43/><D57/><U58/><E61/><V42/><F39/><W113/><G113/><T17/><D118/><U52/><E60/><V92/><F36/><W11/><G11/><T127/><D127/><U23/><E58/><V63/><F63/><W135/><G135/><T66/><D117/><U51/><E51/><V105/><F105/><W47/><G47/><T55/><D116/><U28/><E75/><V108/><F108/><W21/><G21/><T56/><D56/><U1/><E23/><V13/><REACH who="2" step="1"/><F22/><REACH who="2" ten="314,146,236,284" step="2"/><W19/><G19/><AGARI ba="1,2" hai="13,14,15,19,20,24,42,44,50,72,73,84,89,92" machi="19" ten="40,5200,0" yaku="1,1,2,1,53,1" doraHai="25" doraHaiUra="88" who="2" fromWho="3" sc="314,0,146,0,236,75,284,-55" /><INIT seed="4,0,0,4,1,107" ten="314,146,311,229" oya="0" hai0="51,10,27,60,91,61,67,32,103,34,55,49,130" hai1="36,38,0,98,87,119,24,105,40,102,82,86,117" hai2="106,28,74,85,43,135,3,114,125,18,57,62,70" hai3="20,12,126,39,1,47,9,100,23,54,131,45,13"/><T68/><D130/><U84/><E0/><V17/><F3/><W101/><G131/><T52/><D103/><N who="3" m="39497" /><G1/><T92/><D10/><U22/><E38/><V15/><F106/><W115/><G115/><T112/><D112/><U41/><E41/><V79/><F70/><W77/><G39/><T116/><D116/><N who="1" m="44619" /><E40/><V128/><F85/><N who="1" m="32873" /><E22/><N who="3" m="8234" /><G77/><T42/><D42/><U83/><E24/><V71/><F43/><W81/><G81/><N who="1" m="30730" /><E36/><V73/><F114/><W4/><G13/><T95/><D27/><U89/><N who="1" m="32881" /><U35/><DORA hai="19" /><E35/><V124/><F15/><W11/><G11/><T121/><D68/><U120/><E89/><V65/><F71/><W78/><G78/><T66/><D91/><U6/><E6/><V44/><F79/><W99/><G54/><T25/><D25/><U69/><E69/><V133/><F18/><W26/><G26/><T90/><D90/><U14/><E14/><V118/><F17/><W88/><G45/><T93/><D32/><U5/><E5/><V16/><F44/><W48/><G47/><T127/><D34/><U110/><E110/><V129/><F16/><W72/><G12/><T108/><D55/><U50/><E50/><V132/><F118/><W59/><G48/><T7/><D51/><U104/><E120/><V63/><F63/><W64/><G4/><T94/><D7/><U80/><N who="1" m="30738" /><U30/><DORA hai="37" /><E30/><V56/><F56/><W31/><G59/><T46/><D61/><U2/><E2/><V53/><F28/><W8/><G31/><T96/><D60/><U122/><E122/><V21/><F62/><RYUUKYOKU ba="0,0" sc="314,-10,146,30,311,-10,229,-10" hai1="98,102,104,105" /><INIT seed="5,1,0,0,2,67" ten="304,176,301,219" oya="1" hai0="80,17,21,84,70,75,115,94,133,109,53,83,7" hai1="102,45,54,6,55,107,44,31,25,42,8,134,103" hai2="81,24,5,105,135,124,27,77,49,47,78,71,66" hai3="73,20,40,15,123,114,23,119,58,128,38,52,79"/><U39/><E134/><V100/><F135/><W59/><G123/><T74/><D109/><U68/><E68/><V37/><F37/><W121/><G121/><T86/><D133/><U125/><E125/><V48/><F5/><W65/><G114/><T93/><D7/><U13/><E107/><V60/><F124/><W56/><G119/><T127/><D70/><U62/><E55/><V26/><F47/><W97/><G128/><T36/><D36/><U112/><E112/><V0/><F0/><W90/><G79/><T11/><D11/><U88/><E88/><V61/><F61/><W120/><G65/><T3/><D3/><U131/><E131/><V34/><F34/><W89/><G73/><T9/><D9/><U14/><E13/><V82/><F82/><W130/><G130/><T33/><D33/><U92/><E92/><V87/><REACH who="2" step="1"/><F78/><REACH who="2" ten="304,176,291,219" step="2"/><W101/><G38/><T129/><D129/><U1/><E1/><V132/><F132/><W19/><G120/><T113/><D127/><U41/><E41/><V126/><F126/><W35/><G40/><T111/><D111/><U32/><REACH who="1" step="1"/><E62/><REACH who="1" ten="304,166,291,219" step="2"/><V99/><AGARI ba="1,2" hai="24,26,27,48,49,60,66,71,77,81,87,99,100,105" machi="99" ten="30,4000,0" yaku="1,1,0,1,52,1,53,0" doraHai="67" doraHaiUra="29" who="2" fromWho="2" sc="304,-11,166,-21,291,63,219,-11" /><INIT seed="6,0,0,5,3,0" ten="293,145,354,208" oya="2" hai0="54,34,86,28,66,95,48,27,126,102,10,94,53" hai1="101,37,42,124,117,4,81,64,40,52,11,9,105" hai2="68,23,110,87,72,84,63,30,103,118,15,75,129" hai3="109,106,133,76,114,50,19,92,46,80,17,104,25"/><V33/><F118/><W51/><G109/><T90/><D126/><U121/><E117/><V120/><F120/><W135/><G114/><T131/><D131/><U44/><E124/><V18/><F129/><W6/><G92/><T69/><D69/><U85/><E121/><V77/><F110/><W73/><G6/><T21/><D66/><U79/><E11/><V39/><F39/><W49/><G46/><T123/><D123/><U43/><E64/><V100/><F68/><W115/><G115/><T13/><D34/><U119/><E119/><V8/><F33/><W60/><G60/><T32/><D32/><U55/><E42/><V132/><F132/><N who="3" m="50763" /><G25/><T36/><D36/><U61/><E43/><V59/><F75/><W88/><G88/><N who="0" m="53527" /><D48/><N who="3" m="12289" /><W134/><N who="3" m="50771" /><DORA hai="65" /><W7/><DORA hai="56" /><G7/><N who="0" m="3295" /><D102/><U24/><E24/><N who="2" m="16671" /><F72/><W98/><G98/><AGARI ba="0,0" hai="21,27,28,53,54,90,95,98" m="3295,53527" machi="98" ten="30,3900,0" yaku="8,1,52,1,54,1" doraHai="0,65,56" who="0" fromWho="3" sc="293,39,145,0,354,0,208,-39" /><INIT seed="7,0,0,2,3,104" ten="332,145,354,169" oya="3" hai0="58,114,41,23,118,63,90,62,131,89,44,101,122" hai1="50,128,36,78,81,2,12,86,39,5,37,35,112" hai2="18,42,88,124,61,11,30,54,97,60,105,10,38" hai3="107,8,94,34,120,100,14,26,0,1,16,13,115"/><W95/><G120/><T116/><D122/><U106/><E106/><V33/><F33/><W65/><G115/><T59/><D101/><U92/><E112/><V108/><F108/><W32/><G65/><T76/><D76/><U6/><E35/><V135/><F30/><W109/><G109/><T133/><D114/><U22/><E128/><V3/><F3/><W7/><G1/><T96/><D131/><U79/><E79/><V17/><F105/><W43/><G43/><T103/><D133/><U55/><E2/><V24/><F135/><W66/><G66/><T68/><D68/><U20/><E92/><N who="2" m="56455" /><F38/><W49/><G49/><T47/><D23/><U45/><REACH who="1" step="1"/><E5/><REACH who="1" ten="332,135,354,169" step="2"/><V74/><F124/><W129/><G129/><T87/><D118/><U56/><E56/><V110/><F110/><W117/><G117/><T72/><D116/><U70/><E70/><V99/><F99/><N who="3" m="61855" /><G32/><T25/><D96/><U85/><E85/><V69/><F69/><W125/><G125/><T21/><D87/><U102/><E102/><V132/><F132/><W9/><G0/><T53/><D103/><U93/><E93/><V40/><F24/><W75/><G75/><T80/><D59/><U67/><E67/><V98/><F74/><W19/><G7/><T31/><D62/><U83/><E83/><V29/><F61/><W4/><G4/><T130/><D130/><U51/><E51/><V73/><F73/><W46/><G46/><N who="0" m="17451" /><D41/><U57/><E57/><N who="2" m="34871" /><F98/><W71/><G71/><T119/><D119/><U28/><E28/><V113/><F29/><W134/><G134/><T48/><D48/><RYUUKYOKU ba="0,1" sc="332,10,135,10,354,-30,169,10" hai0="21,25,31,53,58,63,72,80,89,90" hai1="6,12,20,22,36,37,39,45,50,55,78,81,86" hai3="8,9,13,14,16,19,26,34,94,95" /><INIT seed="7,1,1,4,1,117" ten="342,145,324,179" oya="3" hai0="67,3,79,5,87,103,39,89,62,40,97,120,92" hai1="21,61,130,22,77,59,20,121,38,6,31,46,84" hai2="50,47,18,95,28,124,127,55,122,116,7,76,114" hai3="58,112,51,126,44,4,125,109,129,99,134,30,113"/><W131/><G109/><T24/><D120/><U98/><E121/><V78/><F122/><W10/><G30/><T32/><D79/><U101/><E130/><N who="3" m="49674" /><G99/><T100/><D3/><U54/><E31/><V63/><F116/><W81/><G81/><T69/><D5/><U83/><E6/><V74/><F28/><W132/><G58/><N who="0" m="37335" /><D39/><U13/><E38/><V29/><F29/><W0/><G44/><T2/><D2/><U1/><E1/><V72/><F7/><W108/><G108/><T26/><D69/><U104/><REACH who="1" step="1"/><E46/><REACH who="1" ten="342,135,324,179" step="2"/><V25/><F47/><W41/><G41/><T42/><D42/><U17/><AGARI ba="1,2" hai="13,17,20,21,22,54,59,61,77,83,84,98,101,104" machi="17" ten="30,4000,0" yaku="1,1,2,1,0,1,53,0" doraHai="117" doraHaiUra="64" who="1" fromWho="1" sc="342,-11,135,63,324,-11,179,-21" owari="331,43.0,198,-20.0,313,11.0,158,-34.0" /></mjloggm>