<mjloggm ver="2.3"><GO type="41" lobby="0"/><UN n0="%E5%B0%B1%E6%B4%BB%E7%94%9F%40%E5%B7%9D%E6%9D%91%E8%BB%8D%E5%9B%A3" n1="%6A%6A%62%6F%79" n2="%E3%82%AB%E3%82%AF%E3%82%A8%E3%83%BC" n3="%E3%81%A6%E3%82%8B%E5%BD%A6" dan="15,14,14,14" rate="2029.27,2008.15,1966.85,1855.27" sx="M,M,M,M"/><TAIKYOKU oya="0"/><INIT seed="0,0,0,4,5,33" ten="250,250,250,250" oya="0" hai0="22,12,104,127,92,78,26,93,47,117,118,86,74" hai1="3,44,108,7,97,77,79,100,32,81,6,113,94" hai2="66,52,110,1,18,39,95,101,80,50,54,124,135" hai3="29,134,46,83,84,130,114,5,131,61,21,10,16"/><T132/><D104/><U111/><E32/><V45/><F110/><N who="1" m="42025" /><E113/><V87/><F135/><W35/><G114/><T102/><D132/><U75/><E79/><V67/><F124/><W125/><G134/><T129/><D127/><U128/><E44/><V106/><F106/><W51/><G125/><T76/><D74/><U55/><E55/><V120/><F120/><W90/><G61/><T31/><D129/><U126/><E128/><V119/><F1/><W56/><G56/><T122/><D122/><U63/><E63/><V65/><F39/><W24/><G51/><T40/><D118/><U11/><E126/><V133/><F133/><W23/><G23/><T59/><D117/><U112/><E7/><V28/><F28/><W103/><G103/><T82/><D59/><U69/><E112/><V105/><F105/><W109/><G109/><T41/><D78/><U36/><E36/><V68/><F68/><AGARI ba="0,0" hai="3,6,11,68,69,75,77,81,94,97,100" m="42025" machi="68" ten="30,2000,0" yaku="14,1,52,1" doraHai="33" who="1" fromWho="2" sc="250,0,250,20,250,-20,250,0" /><INIT seed="1,0,0,3,3,32" ten="250,270,230,250" oya="1" hai0="20,12,58,75,92,40,62,109,56,16,33,79,105" hai1="100,50,42,67,44,81,101,133,70,129,132,28,89" hai2="35,95,127,43,112,7,82,99,49,30,74,9,10" hai3="57,135,119,46,60,22,126,54,52,23,76,36,130"/><U131/><E28/><V85/><F127/><W115/><G76/><T96/><D105/><U90/><E70/><V66/><F74/><W39/><G23/><T111/><D33/><U118/><E67/><V114/><F66/><W25/><G115/><N who="2" m="44073" /><F35/><W117/><G126/><T123/><D123/><U38/><E38/><V2/><F10/><W19/><G130/><N who="1" m="49674" /><E118/><N who="3" m="45066" /><G135/><N who="1" m="51786" /><E81/><V69/><F30/><W80/><G80/><T91/><D40/><U5/><E5/><V87/><F69/><W107/><G107/><T18/><D75/><U37/><E37/><N who="3" m="14410" /><G46/><T4/><D79/><U63/><E63/><V31/><F31/><W108/><G54/><T13/><D4/><U59/><E59/><V26/><F26/><W72/><G72/><T29/><D29/><U17/><E17/><V134/><F82/><W68/><G68/><T116/><D116/><U122/><E122/><V113/><F134/><W64/><G64/><T124/><D124/><U103/><AGARI ba="0,0" hai="42,44,50,89,90,100,101,103" m="51786,49674" machi="103" ten="40,3900,0" yaku="19,1,20,1" doraHai="32" who="1" fromWho="1" sc="250,-13,270,39,230,-13,250,-13" /><INIT seed="1,1,0,3,5,39" ten="237,309,217,237" oya="1" hai0="50,82,15,3,122,27,5,9,81,25,126,26,17" hai1="51,58,21,120,102,56,68,89,91,123,135,107,103" hai2="41,63,130,52,121,75,105,4,13,76,11,44,42" hai3="133,57,8,0,97,38,30,24,12,7,90,16,66"/><U94/><E68/><V95/><F105/><W128/><G128/><T106/><D106/><U48/><E107/><V100/><F130/><W101/><G90/><N who="1" m="34314" /><E94/><V43/><F75/><W88/><G38/><T36/><D36/><U29/><E29/><V62/><F76/><W110/><G133/><T112/><D112/><U83/><E83/><V113/><F113/><W111/><G88/><T74/><D74/><U96/><E96/><N who="2" m="59423" /><F121/><N who="1" m="46665" /><E21/><V108/><F108/><W84/><G84/><T119/><D122/><U129/><E135/><V116/><F116/><W127/><G127/><T59/><D119/><U132/><E132/><V86/><F86/><W99/><G99/><T69/><D69/><U18/><E18/><V134/><F134/><W6/><G6/><T14/><D126/><U80/><E80/><V49/><AGARI ba="1,0" hai="4,11,13,41,42,43,44,49,52,62,63" m="59423" machi="49" ten="30,8000,1" yaku="8,1,52,3,54,1" doraHai="39" who="2" fromWho="2" sc="237,-21,309,-41,217,83,237,-21" /><INIT seed="2,0,0,5,2,130" ten="216,268,300,216" oya="2" hai0="132,109,37,87,55,22,8,14,0,44,41,90,10" hai1="47,49,71,6,102,92,103,85,46,84,76,104,118" hai2="75,95,33,119,2,91,94,68,19,108,115,40,133" hai3="123,80,53,35,120,134,99,31,7,65,86,13,69"/><V34/><F68/><W20/><G35/><T116/><D0/><U30/><E71/><V131/><F40/><W3/><G3/><T4/><D109/><U127/><E104/><V32/><F2/><W36/><G36/><T111/><D111/><U38/><E38/><V78/><F108/><W28/><G28/><T11/><D116/><U117/><E30/><V72/><F131/><W21/><G99/><T42/><D42/><U17/><E6/><V64/><F64/><W12/><G53/><T57/><D22/><U59/><E92/><V106/><F106/><W100/><G100/><T62/><REACH who="0" step="1"/><D132/><REACH who="0" ten="206,268,300,216" step="2"/><U45/><E117/><V29/><F133/><W93/><G134/><T25/><D25/><U107/><E118/><V16/><F119/><W15/><G120/><T110/><D110/><U112/><E112/><V27/><F115/><W126/><G123/><T89/><D89/><U63/><E76/><V18/><F27/><W82/><G7/><T83/><AGARI ba="0,1" hai="4,8,10,11,14,37,41,44,55,57,62,83,87,90" machi="83" ten="20,2700,0" yaku="1,1,0,1,7,1,53,0" doraHai="130" doraHaiUra="88" who="0" fromWho="0" sc="206,37,268,-7,300,-13,216,-7" /><INIT seed="3,0,0,1,2,66" ten="243,261,287,209" oya="3" hai0="111,85,100,80,1,40,87,114,28,88,71,62,50" hai1="135,11,106,95,15,45,132,126,120,38,75,18,51" hai2="23,90,127,105,60,115,91,70,41,67,30,27,83" hai3="2,53,65,131,99,113,16,44,74,102,92,10,119"/><W81/><G119/><T107/><D1/><U35/><E106/><V55/><F105/><W39/><G113/><T110/><D114/><U47/><E75/><V37/><F127/><W4/><G65/><N who="0" m="41399" /><D87/><U42/><E126/><V109/><F109/><N who="0" m="41482" /><D28/><U21/><E35/><V19/><F115/><W59/><G131/><T78/><D40/><N who="1" m="25063" /><E95/><V9/><F55/><W49/><G16/><T25/><D25/><U61/><E61/><V6/><F41/><W7/><G7/><T57/><D107/><U54/><E54/><V118/><F37/><W96/><G96/><T104/><D104/><U123/><E11/><V43/><F43/><W128/><G128/><T68/><D68/><U32/><E32/><V0/><F118/><W72/><G39/><T24/><D24/><U5/><E5/><V26/><F83/><W82/><G82/><T33/><D33/><AGARI ba="0,0" hai="0,6,9,19,23,26,27,30,33,60,67,70,90,91" machi="33" ten="30,2000,0" yaku="7,1,52,1" doraHai="66" who="2" fromWho="0" sc="243,-20,261,0,287,20,209,0" /><INIT seed="4,0,0,3,1,68" ten="223,261,307,209" oya="0" hai0="77,48,7,46,134,52,75,1,104,73,101,45,28" hai1="22,44,19,107,128,33,131,47,59,71,49,4,30" hai2="10,83,24,67,85,110,122,53,2,114,69,55,111" hai3="118,129,40,31,58,89,116,34,108,15,120,64,94"/><T88/><D134/><U123/><E107/><V11/><F2/><W106/><G106/><T57/><D28/><U9/><E71/><V35/><F114/><W32/><G108/><T87/><D101/><U95/><E123/><V17/><F24/><W20/><G120/><T8/><D104/><U130/><E95/><V135/><F135/><W38/><G129/><T12/><D77/><U62/><E49/><V25/><F25/><W98/><G34/><T70/><D70/><U13/><E30/><V41/><F69/><W42/><G42/><T51/><D1/><U43/><E33/><V99/><F41/><W37/><G32/><T27/><D27/><U102/><E102/><V92/><F35/><W80/><G80/><N who="0" m="49255" /><D75/><U91/><E91/><V72/><F72/><W23/><G23/><T60/><D73/><U74/><E43/><V126/><F126/><W100/><G100/><T97/><D97/><U84/><E84/><V103/><F67/><W82/><G82/><T61/><D57/><U119/><E74/><V117/><F117/><W115/><G40/><AGARI ba="0,0" hai="7,8,12,40,45,46,48,51,52,60,61" m="49255" machi="40" ten="30,5800,0" yaku="8,1,54,2" doraHai="68" who="0" fromWho="3" sc="223,58,261,0,307,0,209,-58" /><INIT seed="4,1,0,0,2,54" ten="281,261,307,151" oya="0" hai0="58,48,112,36,10,45,6,124,73,94,43,85,128" hai1="31,87,17,97,40,98,46,93,82,127,65,119,63" hai2="42,81,76,77,47,32,13,88,83,16,113,75,68" hai3="84,27,118,56,114,28,2,62,1,24,22,14,102"/><T57/><D73/><U52/><E119/><V64/><F32/><W79/><G118/><T29/><D112/><U100/><E127/><V44/><F113/><W92/><G114/><T55/><D124/><U96/><E17/><V20/><F68/><W105/><G105/><T4/><D128/><U133/><E133/><V117/><F64/><W69/><G69/><T78/><D29/><U11/><E11/><V53/><F117/><W122/><G122/><T104/><D104/><U80/><E80/><V15/><F53/><W89/><G14/><T123/><D123/><U90/><E31/><V7/><F7/><W108/><G108/><T8/><D36/><U26/><E26/><V67/><F67/><W30/><G79/><T134/><D134/><U25/><E25/><V107/><F107/><W19/><G19/><T130/><D130/><U101/><E101/><V50/><F47/><W70/><G70/><T9/><D43/><U21/><E21/><V95/><F15/><W120/><G102/><T115/><D115/><U33/><E33/><V91/><REACH who="2" step="1"/><F95/><REACH who="2" ten="281,261,297,151" step="2"/><W129/><G129/><T131/><D131/><U5/><E5/><N who="0" m="2153" /><D94/><U103/><E103/><V66/><F66/><W38/><G120/><T51/><D51/><N who="1" m="27079" /><E65/><V72/><AGARI ba="1,1" hai="13,16,20,42,44,50,72,75,76,77,81,83,88,91" machi="72" ten="20,12000,2" yaku="1,1,0,1,7,1,9,1,54,2,53,0" doraHai="54" doraHaiUra="111" who="2" fromWho="2" sc="281,-61,261,-31,297,133,151,-31" /><INIT seed="5,0,0,5,3,66" ten="220,230,430,120" oya="1" hai0="70,105,15,104,84,27,99,92,102,82,63,125,55" hai1="106,116,22,121,20,77,115,128,36,118,10,120,131" hai2="11,13,124,58,25,78,65,18,127,90,3,75,119" hai3="69,89,19,98,68,61,109,26,24,80,45,52,16"/><U74/><E36/><V35/><F119/><N who="1" m="45609" /><E106/><V73/><F90/><W31/><G109/><T57/><D125/><N who="2" m="48202" /><F78/><W30/><G89/><T34/><D70/><U114/><E77/><V53/><F65/><W33/><G80/><T50/><D15/><U2/><E2/><V29/><F3/><W117/><G117/><T108/><D108/><U101/><E10/><V47/><F47/><W43/><G98/><T85/><D85/><U67/><E101/><V9/><F9/><W130/><G130/><N who="1" m="49706" /><E67/><V91/><F91/><W37/><G69/><T94/><D104/><U103/><E103/><V126/><N who="2" m="48210" /><V21/><DORA hai="32" /><F35/><W76/><G76/><T28/><D63/><AGARI ba="0,0" hai="11,13,18,21,25,29,53,58,63,73,75" m="48210" machi="63" ten="40,1300,0" yaku="18,1" doraHai="66,32" who="2" fromWho="0" sc="220,-13,230,0,430,13,120,0" /><INIT seed="6,0,0,2,2,67" ten="207,230,443,120" oya="2" hai0="14,2,118,58,83,50,57,63,66,24,53,121,133" hai1="37,27,74,84,36,110,131,125,117,61,113,68,95" hai2="32,42,102,9,22,104,106,134,72,135,12,49,20" hai3="94,17,29,76,79,115,44,25,86,59,114,78,65"/><V56/><F32/><W41/><G17/><T15/><D2/><U39/><E117/><V130/><F72/><W52/><G65/><T46/><D121/><U21/><E110/><V128/><F42/><W11/><G11/><T3/><D3/><U107/><E107/><V31/><F56/><W75/><G75/><T70/><D118/><U105/><E105/><N who="2" m="40555" /><F49/><W60/><G94/><T18/><D133/><N who="2" m="50698" /><F102/><W93/><G93/><T108/><D108/><U77/><E74/><V13/><F31/><W45/><G86/><T48/><D83/><U80/><E131/><N who="2" m="50219" /><F9/><W54/><G54/><T123/><D123/><U62/><E39/><V120/><F120/><W103/><G103/><T43/><D70/><U88/><E68/><V30/><F30/><W101/><G101/><T89/><D89/><U97/><E36/><V99/><F99/><W40/><G40/><T124/><D124/><U51/><E125/><V112/><F112/><N who="3" m="43051" /><G41/><T132/><D132/><U8/><E113/><V28/><F28/><W23/><AGARI ba="0,0" hai="23,25,29,44,45,52,59,60,76,78,79" m="43051" machi="23" ten="30,4000,0" yaku="15,1,11,1,54,1" doraHai="67" who="3" fromWho="3" sc="207,-10,230,-10,443,-20,120,40" /><INIT seed="7,0,0,4,1,43" ten="197,220,423,160" oya="3" hai0="112,61,131,81,31,79,116,3,130,6,13,4,102" hai1="86,118,69,105,109,94,104,134,132,103,11,97,42" hai2="121,95,7,114,21,36,38,125,60,40,126,90,76" hai3="16,57,39,119,14,113,68,48,127,15,98,96,30"/><W27/><G119/><T22/><D3/><U1/><E69/><V101/><F7/><W26/><G39/><T77/><D116/><U93/><E109/><V100/><F114/><W46/><G68/><T72/><D112/><U52/><E42/><V73/><F121/><W84/><G113/><T78/><D102/><U91/><E1/><V65/><F73/><W51/><G57/><T12/><D61/><U2/><E2/><V49/><F76/><N who="0" m="29290" /><D31/><U66/><E66/><V33/><F33/><W0/><G0/><T124/><D124/><N who="2" m="47722" /><F49/><W54/><G127/><T122/><D122/><U88/><E11/><V17/><F38/><W111/><G111/><T44/><D44/><U10/><E10/><V58/><F40/><N who="3" m="24647" /><G30/><T24/><D24/><N who="3" m="9257" /><G84/><T53/><D53/><U56/><E118/><V106/><F36/><W34/><G34/><T19/><D12/><N who="3" m="4649" /><G16/><T23/><D23/><U32/><E32/><V80/><F106/><W70/><G70/><T82/><D82/><U71/><E71/><V62/><F58/><W133/><G133/><T128/><AGARI ba="0,0" hai="4,6,13,19,22,72,79,81,128,130,131" m="29290" machi="128" ten="40,1500,0" yaku="19,1" doraHai="43" who="0" fromWho="0" sc="197,15,220,-4,423,-4,160,-7" owari="212,-19.0,216,2.0,419,52.0,153,-35.0" /></mjloggm>