<mjloggm ver="2.3"><GO type="169" lobby="0"/><UN n0="%E6%B0%B7%E6%B2%B3%E9%A2%A8" n1="%E3%81%86%E3%81%83%E3%83%BC%E3%81%A1%E3%82%83%E3%82%93" n2="%E3%82%A6%E3%83%AB%E3%83%88%E3%83%A9%E7%AB%8B%E7%9B%B4" n3="%E3%83%8B%E3%83%A3%E3%83%83%E3%83%94%E3%83%BC%E5%A4%8F%E7%9B%AE" dan="16,17,17,16" rate="2077.70,2175.61,2164.06,2135.83" sx="M,M,M,M"/><TAIKYOKU oya="0"/><INIT seed="0,0,0,1,5,109" ten="250,250,250,250" oya="0" hai0="134,12,85,27,117,114,61,43,70,103,63,99,7" hai1="54,42,111,8,80,41,35,58,135,129,48,3,121" hai2="28,1,16,68,47,72,97,66,55,15,132,22,33" hai3="46,4,87,10,130,34,25,19,106,73,93,100,56"/><T128/><D117/><U116/><E35/><V90/><F72/><W31/><G73/><T45/><D134/><U24/><E111/><V78/><F78/><W23/><G130/><T119/><D119/><U108/><E116/><V124/><F66/><W69/><G69/><T127/><D85/><U57/><E108/><V2/><F68/><W26/><G106/><T95/><D128/><U112/><E121/><V50/><F124/><W29/><G46/><T131/><D70/><U49/><E129/><V94/><REACH who="2" step="1"/><F132/><REACH who="2" ten="250,250,240,250" step="2"/><W82/><G34/><T52/><D127/><U18/><E135/><V65/><F65/><W91/><G56/><T123/><D131/><U92/><E58/><V67/><F67/><W102/><G102/><T86/><D103/><U79/><E57/><V81/><F81/><W88/><G100/><T9/><D123/><U76/><E80/><V0/><F0/><W32/><G32/><T101/><D101/><U107/><E3/><V21/><F21/><W115/><G23/><T62/><D62/><U120/><E76/><V74/><F74/><W17/><G82/><T98/><D63/><U44/><E79/><V14/><F14/><W37/><G91/><T122/><D122/><U60/><E120/><V105/><F105/><W36/><G88/><T126/><D126/><U51/><E107/><V104/><F104/><W75/><G75/><T38/><D61/><U89/><E60/><V96/><F96/><W13/><G13/><T11/><D98/><U84/><E89/><V5/><F5/><W6/><G6/><T59/><D99/><U83/><E83/><RYUUKYOKU ba="0,1" sc="250,-10,250,-10,240,30,250,-10" hai2="1,2,15,16,22,28,33,47,50,55,90,94,97" /><INIT seed="1,1,1,1,3,130" ten="240,240,270,240" oya="1" hai0="64,9,24,14,84,76,51,1,83,116,127,88,19" hai1="81,133,91,132,30,0,57,42,103,60,97,54,62" hai2="8,43,131,92,125,102,73,101,112,38,16,105,12" hai3="78,75,17,134,4,118,69,5,32,10,135,61,68"/><U124/><E0/><V128/><F105/><W107/><G107/><T50/><D116/><U119/><E119/><V45/><F73/><W122/><G118/><T23/><D127/><U108/><E124/><V109/><F125/><W31/><G122/><T77/><D64/><U56/><E42/><V70/><F70/><W126/><G126/><T11/><D11/><U74/><E30/><V106/><F106/><W94/><G94/><T41/><D1/><U46/><E46/><V93/><F109/><W99/><G99/><T66/><D66/><U120/><E108/><V36/><F36/><W3/><G5/><T49/><REACH who="0" step="1"/><D41/><REACH who="0" ten="230,240,270,240" step="2"/><U123/><E123/><V33/><F131/><W129/><G129/><T26/><D26/><U55/><E120/><V110/><F128/><W18/><G10/><T21/><D21/><U90/><E103/><V79/><F110/><W117/><G3/><T53/><D53/><U67/><E67/><V47/><F43/><W20/><G117/><T59/><D59/><U22/><E22/><V28/><F8/><W34/><G20/><T52/><D52/><U40/><E40/><V71/><F102/><W7/><G69/><T13/><D13/><U6/><E6/><AGARI ba="1,2" hai="6,9,14,19,23,24,49,50,51,76,77,83,84,88" machi="6" ten="40,8000,1" yaku="1,1,8,1,54,1,53,1" doraHai="130" doraHaiUra="87" who="0" fromWho="1" sc="230,103,240,-83,270,0,240,0" /><INIT seed="2,0,0,0,1,121" ten="333,157,270,240" oya="2" hai0="25,38,68,2,80,42,113,57,124,94,70,8,127" hai1="30,15,131,35,112,76,125,72,104,81,24,7,63" hai2="129,56,119,9,132,65,92,54,12,93,51,108,88" hai3="101,23,91,120,90,85,58,135,123,0,105,1,117"/><V47/><F119/><W110/><G58/><T46/><D113/><U3/><E104/><V55/><F65/><W20/><G105/><T75/><D94/><U34/><E125/><N who="0" m="48201" /><D25/><U40/><E131/><V32/><F32/><W64/><G64/><T19/><D57/><U83/><E112/><V17/><F129/><W67/><G67/><T48/><D48/><U61/><E40/><V59/><F132/><W73/><G85/><T99/><D99/><U126/><E126/><V33/><F33/><W36/><G101/><T11/><D19/><U107/><E107/><V29/><F29/><W95/><G95/><T128/><D128/><U26/><E3/><V130/><F130/><W41/><G73/><T4/><D11/><U16/><E7/><V102/><F108/><W27/><G27/><T45/><D45/><U44/><E44/><V18/><F18/><W77/><G36/><T103/><D103/><U39/><E39/><V79/><F102/><W22/><G135/><T97/><D97/><U118/><E26/><V52/><F93/><W60/><G41/><T49/><D49/><U122/><E34/><V74/><F47/><W14/><G123/><T78/><AGARI ba="0,0" hai="2,4,8,38,42,46,68,70,75,78,80" m="48201" machi="78" ten="30,4000,0" yaku="25,1,18,1,23,1" doraHai="121" who="0" fromWho="0" sc="333,40,157,-10,270,-20,240,-10" /><INIT seed="3,0,0,4,3,29" ten="373,147,250,230" oya="3" hai0="99,113,119,77,50,63,16,105,70,22,12,128,118" hai1="41,84,71,135,56,64,49,35,86,82,91,20,106" hai2="109,114,54,87,28,38,58,0,43,11,115,124,31" hai3="133,46,83,32,21,33,13,55,129,25,80,27,15"/><W74/><G133/><T90/><D128/><U18/><E135/><V73/><F87/><W127/><G127/><T79/><D113/><U103/><E71/><V24/><F31/><W66/><G66/><T130/><D130/><U92/><E106/><V126/><F73/><W131/><G74/><T7/><D7/><U116/><E116/><V134/><F134/><W121/><G21/><T6/><D6/><U65/><E35/><N who="2" m="20871" /><F11/><W94/><G94/><T111/><D111/><U112/><E112/><V40/><F0/><W68/><G68/><T42/><D79/><U89/><E103/><V108/><F114/><W132/><G132/><T44/><D77/><U1/><E1/><V36/><F43/><W2/><G2/><T107/><D90/><U100/><E100/><V76/><F76/><W95/><G95/><T37/><D50/><U85/><E85/><V19/><F19/><W60/><G60/><T47/><D47/><U81/><E92/><V69/><F69/><W23/><G23/><T14/><D14/><U96/><E96/><V39/><F40/><W5/><G5/><T30/><D30/><U88/><E91/><V61/><F115/><W9/><G9/><T62/><D105/><U78/><E78/><V98/><F98/><W104/><G104/><T117/><REACH who="0" step="1"/><D70/><REACH who="0" ten="363,147,250,230" step="2"/><U4/><E4/><V93/><F109/><W45/><G121/><T17/><D17/><U110/><E110/><V34/><F108/><W10/><G10/><T3/><D3/><U123/><E123/><V57/><F126/><W101/><G101/><AGARI ba="0,1" hai="12,16,22,37,42,44,62,63,99,101,107,117,118,119" machi="101" ten="40,5200,0" yaku="1,1,54,1,53,1" doraHai="29" doraHaiUra="97" who="0" fromWho="3" sc="363,62,147,0,250,0,230,-52" /><INIT seed="4,0,0,3,3,16" ten="425,147,250,178" oya="0" hai0="110,54,6,50,85,5,57,80,15,44,102,133,84" hai1="87,9,78,65,2,41,31,111,45,131,94,135,76" hai2="71,81,72,0,122,83,124,107,49,40,12,103,86" hai3="123,89,91,88,114,24,30,82,56,47,101,106,113"/><T121/><D121/><U17/><E111/><V104/><F71/><W46/><G123/><T92/><D110/><U128/><E65/><V29/><F0/><W130/><G130/><T79/><D133/><U13/><E2/><V95/><F29/><W59/><G82/><T63/><D15/><U68/><E68/><V11/><F49/><W18/><G18/><T10/><D10/><U125/><E31/><V38/><F40/><W4/><G4/><T116/><D116/><U119/><E119/><V66/><F66/><W132/><G132/><T74/><D74/><U134/><E94/><V126/><F38/><W48/><G101/><T51/><D51/><U70/><E70/><V34/><F34/><W27/><G106/><T60/><D60/><U69/><E69/><V62/><F62/><W117/><G117/><T93/><D93/><U67/><E67/><V90/><F12/><W32/><G24/><T96/><REACH who="0" step="1"/><D84/><REACH who="0" ten="415,147,250,178" step="2"/><U20/><E87/><V120/><F11/><W35/><G48/><T33/><D33/><U8/><E135/><V1/><F120/><W25/><G35/><T3/><D3/><U22/><E134/><V26/><F1/><W36/><G36/><T28/><D28/><U118/><E8/><V19/><F122/><W64/><G32/><T129/><D129/><U112/><E128/><V108/><F108/><W23/><G30/><T14/><D14/><U43/><E131/><V7/><F72/><W109/><G109/><T21/><D21/><U55/><E118/><V73/><F73/><W53/><G23/><T99/><D99/><U58/><E22/><RYUUKYOKU ba="0,1" sc="415,30,147,-10,250,-10,178,-10" hai0="5,6,44,50,54,57,63,79,80,85,92,96,102" /><INIT seed="4,1,1,2,1,133" ten="445,137,240,168" oya="0" hai0="19,90,22,32,18,2,72,9,5,88,105,3,44" hai1="53,0,91,125,12,89,40,51,16,70,112,48,121" hai2="104,10,116,93,126,7,46,37,73,21,61,78,79" hai3="102,50,115,92,31,45,55,117,64,106,66,6,120"/><T97/><D32/><U98/><E121/><V11/><F93/><W28/><G106/><T71/><D71/><U87/><E70/><V38/><F21/><W113/><G117/><T131/><D72/><U8/><E112/><N who="3" m="43082" /><G6/><T20/><D131/><U135/><E0/><V43/><F61/><W52/><G55/><T75/><D75/><U65/><E125/><V58/><F58/><W80/><G80/><T94/><D105/><U47/><E65/><N who="3" m="25194" /><G120/><T110/><D110/><U128/><E128/><V132/><F104/><W76/><G76/><T26/><D44/><U59/><E135/><V129/><F79/><W95/><G95/><T57/><D57/><U107/><REACH who="1" step="1"/><E87/><REACH who="1" ten="445,127,240,168" step="2"/><V23/><F132/><W101/><G101/><AGARI ba="1,2" hai="8,12,16,40,47,48,51,53,59,89,91,98,101,107" machi="101" ten="40,8000,1" yaku="1,1,2,1,54,1,53,1" doraHai="133" doraHaiUra="36" who="1" fromWho="3" sc="445,0,127,103,240,0,168,-83" /><INIT seed="5,0,0,4,4,131" ten="445,230,240,85" oya="1" hai0="124,85,52,53,75,59,20,24,120,126,46,17,117" hai1="58,28,115,11,95,73,82,89,5,127,56,122,100" hai2="45,37,54,104,25,6,70,71,42,32,123,92,106" hai3="78,80,119,49,93,68,110,99,38,72,29,62,35"/><U125/><E122/><V135/><F92/><W64/><G38/><T105/><D75/><U112/><E28/><N who="2" m="19471" /><F54/><W129/><G110/><T88/><D105/><N who="2" m="40554" /><F123/><W27/><G129/><T132/><D117/><U4/><E82/><V61/><F61/><W74/><G119/><T51/><D120/><U77/><E73/><V79/><F79/><W55/><G80/><T3/><D3/><U44/><E77/><V76/><F76/><W101/><REACH who="3" step="1"/><G78/><REACH who="3" ten="445,230,240,75" step="2"/><T21/><D126/><U67/><E127/><V18/><F37/><W47/><AGARI ba="0,1" hai="27,29,35,47,49,55,62,64,68,72,74,93,99,101" machi="47" ten="20,5200,0" yaku="1,1,2,1,0,1,7,1,53,0" doraHai="131" doraHaiUra="108" who="3" fromWho="3" sc="445,-13,230,-26,240,-13,75,62" /><INIT seed="6,0,0,1,0,75" ten="432,204,227,137" oya="2" hai0="67,72,105,112,129,18,13,53,55,102,56,70,46" hai1="106,59,130,97,15,7,68,14,37,11,23,79,109" hai2="115,36,2,100,74,124,77,94,50,131,78,135,104" hai3="98,128,58,38,34,82,17,113,49,65,84,35,33"/><V133/><F36/><W6/><G38/><T19/><D70/><U87/><E68/><V120/><F2/><W89/><G128/><T22/><D72/><U99/><E37/><V110/><F120/><W20/><G113/><T90/><D112/><U43/><E130/><V4/><F74/><W107/><G6/><T9/><D102/><U125/><E125/><V93/><F4/><W63/><G49/><T25/><D105/><U40/><E109/><V57/><F115/><W126/><G126/><T92/><D46/><U28/><E59/><V71/><F71/><W80/><G80/><T101/><D101/><U41/><E106/><V62/><F50/><W0/><G0/><T51/><D129/><U91/><E79/><N who="2" m="30219" /><F124/><W83/><G83/><T114/><D114/><U16/><E28/><V31/><F31/><W24/><G107/><T103/><D103/><U27/><E27/><V66/><F131/><W85/><G85/><N who="0" m="52303" /><D51/><U12/><E12/><V118/><F118/><W123/><REACH who="3" step="1"/><G98/><REACH who="3" ten="432,204,227,127" step="2"/><T10/><D10/><U21/><E99/><N who="2" m="61471" /><F110/><W119/><G119/><T32/><D32/><U69/><E11/><V86/><F86/><W132/><G132/><AGARI ba="0,1" hai="57,62,66,93,94,132,133,135" m="61471,30219" machi="132" ten="30,11600,0" yaku="20,1,52,3" doraHai="75" who="2" fromWho="3" sc="432,0,204,0,227,126,127,-116" /><INIT seed="6,1,0,3,5,91" ten="432,204,353,11" oya="2" hai0="29,10,13,14,8,52,98,11,45,49,96,48,78" hai1="90,93,18,92,128,111,70,116,28,108,2,33,75" hai2="113,74,64,59,47,73,17,122,94,57,129,101,3" hai3="68,42,115,127,72,4,120,99,125,134,110,41,36"/><V107/><F107/><W56/><G110/><T9/><D78/><U46/><E70/><V102/><F3/><W16/><G72/><T54/><D29/><U100/><E116/><V38/><F122/><W22/><G68/><T19/><D14/><U119/><E119/><V118/><F118/><W24/><G120/><T109/><D109/><U27/><E2/><V6/><F6/><W58/><G115/><T0/><D0/><U82/><E128/><V85/><F113/><W39/><G4/><T30/><D30/><U76/><E46/><AGARI ba="1,0" hai="8,9,10,11,13,19,45,46,48,49,52,54,96,98" machi="46" ten="40,5200,0" yaku="9,1,8,1,54,1" doraHai="91" who="0" fromWho="1" sc="432,55,204,-55,353,0,11,0" /><INIT seed="7,0,0,0,3,103" ten="487,149,353,11" oya="3" hai0="1,35,111,98,79,130,9,4,5,88,61,132,72" hai1="67,69,85,122,58,116,16,87,119,45,110,83,44" hai2="31,37,56,7,97,32,92,95,15,55,36,8,6" hai3="115,108,29,42,102,60,24,76,26,53,121,124,43"/><W57/><G121/><T64/><D111/><U50/><E110/><V49/><F32/><W27/><G108/><T89/><D5/><U100/><E100/><V129/><F129/><W51/><G115/><T13/><D13/><U78/><E85/><V22/><F37/><W30/><G124/><T21/><D35/><U75/><E16/><V48/><F36/><W131/><G131/><T105/><D21/><U73/><E69/><V0/><F0/><W19/><G102/><T134/><D79/><U65/><E44/><V47/><F7/><W112/><G112/><T96/><D72/><U71/><E71/><V99/><F99/><N who="0" m="37930" /><D105/><U10/><E10/><V11/><F11/><W20/><G76/><T74/><D74/><N who="1" m="43479" /><E58/><V3/><F3/><W125/><G125/><T123/><D123/><U52/><E87/><V93/><F97/><W59/><G42/><T80/><D80/><U38/><E122/><V40/><F31/><N who="3" m="11787" /><G43/><T104/><D104/><U66/><E38/><V18/><F6/><W2/><G2/><T70/><D130/><U114/><E114/><V39/><F39/><W14/><G14/><T54/><D54/><AGARI ba="0,0" hai="19,20,24,26,27,51,53,54,57,59,60" m="11787" machi="54" ten="30,1500,0" yaku="8,1" doraHai="103" who="3" fromWho="0" sc="487,-15,149,0,353,0,11,15" /><INIT seed="7,1,0,3,3,17" ten="472,149,353,26" oya="3" hai0="19,100,10,88,55,123,109,80,26,103,115,67,54" hai1="50,95,97,28,66,31,77,114,43,128,75,91,87" hai2="113,82,110,24,99,69,130,14,125,45,92,9,134" hai3="0,22,8,5,108,106,74,32,40,7,84,2,12"/><W78/><G74/><T25/><D123/><U63/><E128/><V16/><F69/><W83/><G106/><T18/><D67/><U44/><E75/><V86/><F113/><W94/><G32/><T46/><D109/><U122/><E114/><V33/><F125/><W93/><G108/><T49/><D54/><U39/><E39/><V121/><F130/><W85/><G40/><T15/><D115/><U56/><E122/><V118/><F134/><W41/><G41/><T79/><D79/><U57/><E57/><V36/><F121/><W42/><G42/><T127/><D127/><U135/><E135/><V124/><F124/><W102/><G7/><T13/><D26/><U48/><E48/><V107/><F107/><W117/><G117/><T89/><D25/><U35/><E35/><V70/><F70/><W129/><G129/><T38/><D38/><U104/><E104/><V120/><F120/><W52/><G52/><T61/><D61/><U96/><E96/><V4/><F36/><W23/><G0/><T29/><D29/><U72/><E72/><V68/><F68/><W1/><G1/><T111/><D111/><U64/><E64/><V65/><F33/><W119/><G2/><T101/><D80/><AGARI ba="1,0" hai="28,31,43,44,50,56,63,66,77,80,87,91,95,97" machi="80" ten="40,1300,0" yaku="8,1" doraHai="17" who="1" fromWho="0" sc="472,-16,149,16,353,0,26,0" owari="456,55.0,165,-23.0,353,15.0,26,-47.0" /></mjloggm>