<mjloggm ver="2.3"><GO type="169" lobby="0"/><UN n0="%77%69%6E%65" n1="%E3%83%A1%E3%82%A4%E3%82%A2%E3%82%AF%E3%83%88" n2="%E3%83%88%E3%82%B5%E3%81%91%E3%82%93" n3="%E3%82%A6%E3%83%AB%E3%83%88%E3%83%A9%E7%AB%8B%E7%9B%B4" dan="16,16,18,17" rate="2170.12,2088.24,2247.52,2123.54" sx="M,M,M,M"/><TAIKYOKU oya="0"/><INIT seed="0,0,0,1,2,7" ten="250,250,250,250" oya="0" hai0="56,91,85,51,132,45,14,119,26,123,113,87,69" hai1="79,13,29,25,42,104,5,6,63,135,103,34,8" hai2="71,41,124,24,3,20,10,131,111,98,78,36,76" hai3="12,65,125,70,86,134,102,115,116,46,17,35,68"/><T83/><D69/><U0/><E42/><V77/><F111/><W28/><G115/><T59/><D113/><U99/><E135/><V93/><F71/><W52/><G116/><T23/><D119/><U57/><E79/><V109/><F109/><W22/><G134/><T67/><D123/><U50/><E50/><V97/><F131/><W112/><G112/><T106/><D106/><U39/><E39/><V43/><F124/><W101/><G125/><T114/><D114/><U44/><E44/><V121/><F121/><W110/><G110/><T100/><D100/><U30/><E30/><V16/><F36/><W4/><G68/><T62/><D132/><U47/><E47/><V37/><F37/><W89/><G65/><T120/><D120/><U74/><E74/><V61/><F61/><W105/><G70/><T128/><D128/><U48/><E48/><V2/><F97/><W55/><G4/><T133/><D59/><U1/><REACH who="1" step="1"/><E6/><REACH who="1" ten="250,240,250,250" step="2"/><V90/><F41/><W129/><G129/><T96/><D133/><U64/><AGARI ba="0,1" hai="0,1,5,8,13,25,29,34,57,63,64,99,103,104" machi="64" ten="20,12000,2" yaku="1,1,2,1,0,1,7,1,52,1,53,1" doraHai="7" doraHaiUra="9" who="1" fromWho="1" sc="250,-60,240,130,250,-30,250,-30" /><INIT seed="1,0,0,1,5,95" ten="190,370,220,220" oya="1" hai0="61,110,68,113,52,118,72,114,38,41,5,8,91" hai1="17,131,117,6,21,83,128,67,120,84,60,50,51" hai2="66,4,134,29,1,24,100,96,112,62,58,105,7" hai3="48,16,39,103,133,116,54,53,127,73,42,109,135"/><U30/><E120/><V23/><F134/><N who="3" m="51211" /><G73/><T77/><D91/><U69/><E117/><V85/><F112/><W75/><G75/><T124/><D118/><U19/><E30/><V86/><REACH who="2" step="1"/><F1/><REACH who="2" ten="190,370,210,220" step="2"/><W79/><G116/><T78/><D114/><U132/><E132/><V13/><F13/><W44/><G127/><T102/><D113/><U123/><E123/><V125/><F125/><W47/><G109/><T27/><D110/><U101/><E6/><AGARI ba="0,1" hai="4,6,7,23,24,29,58,62,66,85,86,96,100,105" machi="6" ten="40,2600,0" yaku="1,1,52,1,53,0" doraHai="95" doraHaiUra="28" who="2" fromWho="1" sc="190,0,370,-26,210,36,220,0" /><INIT seed="2,0,0,5,1,19" ten="190,344,246,220" oya="2" hai0="100,60,13,119,72,25,135,22,10,79,14,80,123" hai1="99,3,129,31,114,112,74,28,15,50,41,55,126" hai2="113,40,70,62,46,90,47,96,134,95,121,76,8" hai3="124,89,85,12,2,66,75,88,30,67,111,122,64"/><V43/><F121/><W106/><G2/><T118/><D123/><U5/><E74/><V23/><F134/><W1/><G1/><T84/><D135/><U54/><E3/><V33/><F33/><W24/><G122/><T69/><D100/><U97/><E41/><N who="2" m="15947" /><F113/><W35/><G75/><T26/><D26/><U73/><E73/><V105/><F105/><W104/><G124/><T65/><D72/><U91/><E126/><V57/><F70/><W133/><G111/><T7/><REACH who="0" step="1"/><D14/><REACH who="0" ten="180,344,246,220" step="2"/><U108/><E15/><V17/><F76/><W71/><G133/><T42/><D42/><U110/><E114/><V58/><F8/><W39/><G12/><T92/><D92/><U68/><E112/><V61/><F61/><W37/><G106/><T18/><AGARI ba="0,1" hai="7,10,13,18,22,25,60,65,69,79,80,84,118,119" machi="18" ten="30,4000,0" yaku="1,1,0,1,52,1,53,0" doraHai="19" doraHaiUra="125" who="0" fromWho="0" sc="180,50,344,-10,246,-20,220,-10" /><INIT seed="3,0,0,5,0,65" ten="230,334,226,210" oya="3" hai0="5,33,107,36,52,102,62,12,56,28,61,91,50" hai1="19,69,53,48,41,118,75,95,86,45,135,46,34" hai2="124,104,17,44,20,25,38,130,123,1,115,27,84" hai3="57,6,68,90,10,43,82,96,100,125,121,55,122"/><W85/><G125/><T116/><D36/><U97/><E75/><V76/><F115/><W11/><G43/><T94/><D116/><U92/><E34/><V134/><F104/><W79/><G79/><T60/><D107/><U81/><E135/><V110/><F110/><W15/><G11/><N who="0" m="4207" /><D33/><U14/><E69/><V39/><F124/><W58/><G68/><T120/><D28/><U63/><E118/><V87/><F1/><W66/><G66/><T78/><D78/><U133/><E133/><V89/><F130/><W101/><G57/><N who="0" m="32919" /><D102/><U29/><E29/><V42/><F123/><W13/><G13/><T37/><D37/><U35/><E97/><V112/><F112/><W131/><G131/><T106/><D106/><U21/><E35/><V51/><F134/><W117/><G117/><T72/><D72/><U103/><E103/><V24/><F76/><W99/><G121/><T16/><D16/><U0/><E0/><V108/><F108/><W80/><G122/><T113/><D113/><U7/><E7/><V132/><F132/><W73/><G101/><T71/><D71/><U105/><E105/><V111/><F111/><W54/><G100/><T8/><D8/><U31/><E31/><V3/><F3/><W4/><G4/><T9/><D9/><U83/><E19/><V67/><F67/><W126/><G126/><T40/><D40/><U127/><E41/><V47/><F89/><W88/><G73/><T26/><D120/><U70/><E14/><N who="2" m="9271" /><F38/><W93/><G90/><T128/><D128/><U23/><E127/><V64/><F64/><W30/><G88/><RYUUKYOKU ba="0,0" sc="230,-10,334,-10,226,30,210,-10" hai2="24,25,27,39,42,44,47,51,84,87" /><INIT seed="4,1,0,2,0,102" ten="220,324,256,200" oya="0" hai0="110,21,119,3,101,131,43,58,67,92,54,27,63" hai1="68,100,34,98,17,52,19,118,108,74,76,6,135" hai2="132,2,82,116,55,80,99,105,14,16,103,95,51" hai3="37,111,8,5,59,41,40,89,53,25,94,87,61"/><T42/><D119/><U113/><E34/><V90/><F132/><W0/><G37/><T26/><D3/><U109/><E68/><V123/><F123/><W88/><G111/><T49/><D131/><U79/><E118/><V12/><F2/><W45/><G45/><T24/><D110/><U44/><E6/><V57/><F116/><W107/><G107/><T134/><D134/><U28/><E28/><V97/><REACH who="2" step="1"/><F12/><REACH who="2" ten="220,324,246,200" step="2"/><W31/><REACH who="3" step="1"/><G89/><REACH who="3" ten="220,324,246,190" step="2"/><T23/><D43/><U83/><E135/><V22/><AGARI ba="1,2" hai="14,16,22,51,55,57,80,82,90,95,97,99,103,105" machi="22" ten="20,12000,2" yaku="1,1,2,1,0,1,7,1,52,1,54,1,53,0" doraHai="102" doraHaiUra="32" who="2" fromWho="2" sc="220,-61,324,-31,246,143,190,-31" /><INIT seed="5,0,0,5,4,95" ten="159,293,389,159" oya="1" hai0="102,84,77,60,50,80,71,89,68,133,99,65,29" hai1="52,131,64,21,40,15,32,69,51,101,73,120,25" hai2="10,97,55,41,49,58,115,9,16,39,123,23,85" hai3="14,86,36,103,125,5,54,63,87,59,108,88,124"/><U13/><E73/><V19/><F123/><W43/><G108/><T53/><D133/><U7/><E120/><V121/><F121/><W66/><G103/><T62/><D29/><U30/><E40/><V33/><F33/><W38/><G87/><T122/><D122/><U116/><E116/><V93/><F115/><W79/><G79/><T37/><D37/><U24/><E131/><V11/><F39/><W56/><G43/><T72/><D62/><U113/><E7/><V22/><F41/><W117/><G117/><T128/><D71/><U20/><E32/><V78/><F78/><W61/><G38/><T118/><D128/><U90/><E113/><V91/><F85/><W127/><G36/><T46/><D118/><U6/><E6/><V17/><AGARI ba="0,0" hai="9,10,11,16,17,19,22,23,49,55,58,91,93,97" machi="17" ten="30,7900,0" yaku="0,1,8,1,52,1,54,1" doraHai="95" who="2" fromWho="2" sc="159,-20,293,-39,389,79,159,-20" /><INIT seed="6,0,0,0,0,121" ten="139,254,468,139" oya="2" hai0="132,119,122,42,72,75,81,86,24,62,112,83,108" hai1="51,109,80,40,77,52,85,30,3,79,123,111,46" hai2="50,5,16,92,124,131,21,47,129,113,57,6,126" hai3="33,19,7,54,48,43,28,63,101,93,127,100,59"/><V125/><F113/><W36/><G127/><T135/><D122/><U18/><E3/><V95/><F57/><W118/><G118/><T1/><D1/><U26/><E123/><V23/><F92/><W91/><G7/><N who="2" m="2569" /><F95/><W130/><G130/><N who="2" m="49673" /><F16/><W10/><G19/><T134/><D112/><U73/><E18/><V37/><F37/><W84/><G10/><T66/><D119/><U133/><E133/><V8/><F8/><W53/><G36/><T27/><D132/><U58/><E79/><V31/><F31/><W0/><G0/><T14/><D135/><U96/><E96/><V25/><F25/><W97/><G97/><T39/><D134/><U41/><E73/><V128/><N who="2" m="49681" /><V32/><DORA hai="17" /><F32/><W116/><G116/><T115/><D39/><U78/><E78/><V98/><F98/><W99/><G28/><T12/><D115/><U45/><E45/><V60/><F60/><W88/><G33/><T114/><D62/><U44/><E44/><V76/><F76/><W82/><G43/><AGARI ba="0,0" hai="21,23,43,47,50,124,125,126" m="49681,2569" machi="43" ten="50,12000,1" yaku="18,1,19,1,52,2" doraHai="121,17" who="2" fromWho="3" sc="139,0,254,0,468,120,139,-120" /><INIT seed="6,1,0,5,3,125" ten="139,254,588,19" oya="2" hai0="118,59,76,104,67,107,46,0,16,9,7,45,98" hai1="12,83,114,110,36,71,128,1,90,33,14,58,28" hai2="50,81,26,122,62,29,95,15,23,127,43,47,60" hai3="103,10,85,32,126,48,112,106,44,40,6,84,11"/><V65/><F122/><W66/><G32/><T134/><D76/><U41/><E71/><V68/><F127/><W20/><G126/><T21/><D134/><U73/><E1/><V3/><F3/><W123/><G123/><T54/><D67/><U86/><E73/><V34/><F62/><W116/><G116/><T94/><D118/><U30/><E41/><V35/><F81/><W91/><G112/><T61/><D107/><U78/><E36/><V69/><F69/><W82/><G66/><T72/><D104/><U102/><E102/><V55/><F15/><W18/><G6/><T92/><D72/><U49/><E33/><V5/><F5/><W109/><G109/><T119/><D94/><U63/><E63/><V38/><REACH who="2" step="1"/><F95/><REACH who="2" ten="139,254,578,19" step="2"/><N who="3" m="54759" /><G106/><T4/><D4/><U25/><E14/><V70/><F70/><W8/><G103/><T53/><D119/><U117/><E12/><V121/><F121/><W42/><G10/><T57/><D92/><U80/><E80/><V96/><F96/><W22/><G11/><T27/><REACH who="0" step="1"/><D98/><REACH who="0" ten="129,254,578,19" step="2"/><U108/><E117/><V51/><F51/><AGARI ba="1,2" hai="0,7,9,16,21,27,45,46,51,53,54,57,59,61" machi="51" ten="30,7700,0" yaku="1,1,2,1,7,1,54,1,53,0" doraHai="125" doraHaiUra="79" who="0" fromWho="2" sc="129,100,254,0,578,-80,19,0" /><INIT seed="7,0,0,3,3,2" ten="229,254,498,19" oya="3" hai0="11,121,88,65,18,38,63,56,117,36,68,29,44" hai1="3,123,19,26,14,51,105,113,71,74,30,124,55" hai2="47,52,28,33,69,115,59,67,128,98,84,129,102" hai3="8,93,35,16,120,40,79,66,73,97,107,45,109"/><W15/><G120/><T24/><D121/><U43/><E3/><V111/><F111/><W7/><G109/><T13/><D117/><U27/><E74/><V20/><F115/><W75/><G35/><T101/><D101/><U50/><E105/><V5/><F5/><W110/><G110/><T114/><D114/><U41/><E71/><V9/><F9/><W133/><G133/><T21/><D44/><N who="1" m="28103" /><E123/><V131/><F47/><W54/><G107/><T17/><D68/><U64/><E64/><V42/><F42/><N who="1" m="15881" /><E30/><V103/><F33/><W72/><G66/><T132/><D132/><U6/><E6/><V22/><F84/><W31/><G31/><T49/><D49/><U82/><E124/><V119/><F119/><W37/><G54/><T57/><D57/><U39/><E39/><V76/><F76/><W118/><G118/><T90/><REACH who="0" step="1"/><D29/><REACH who="0" ten="219,254,498,19" step="2"/><U60/><E51/><V94/><F28/><W77/><REACH who="3" step="1"/><G16/><REACH who="3" ten="219,254,498,9" step="2"/><T96/><D96/><U89/><E113/><V95/><F98/><W4/><G4/><T134/><D134/><U23/><E60/><V62/><F62/><W10/><G10/><T80/><D80/><U1/><E82/><V87/><F131/><W126/><G126/><T106/><D106/><U81/><E81/><V122/><F128/><W125/><G125/><T85/><D85/><U61/><E61/><V99/><F87/><W70/><G70/><T104/><D104/><U112/><E112/><V0/><F129/><W58/><G58/><T32/><D32/><U135/><E135/><V100/><F69/><W116/><G116/><T53/><D53/><RYUUKYOKU ba="0,2" sc="219,15,254,-15,498,-15,9,15" hai0="11,13,17,18,21,24,36,38,56,63,65,88,90" hai3="7,8,15,37,40,45,72,73,75,77,79,93,97" /><INIT seed="7,1,2,1,1,46" ten="234,239,483,24" oya="3" hai0="11,107,110,135,24,97,125,115,113,21,57,6,30" hai1="105,101,80,41,122,5,99,91,7,63,84,60,53" hai2="10,81,118,17,29,36,25,15,58,131,93,65,117" hai3="132,64,83,26,44,35,124,14,86,51,39,43,72"/><W19/><G124/><T3/><D110/><U37/><E122/><V68/><F68/><W31/><G132/><T38/><D38/><U126/><E126/><V77/><F36/><W28/><G64/><T16/><D125/><U2/><E41/><V129/><F93/><W50/><G31/><T45/><D45/><U76/><E37/><V100/><F100/><W18/><G72/><T134/><D57/><U62/><E2/><V61/><F25/><W120/><G120/><T95/><D107/><U130/><E130/><N who="2" m="49675" /><F29/><W9/><REACH who="3" step="1"/><G19/><REACH who="3" ten="234,239,483,14" step="2"/><T33/><D30/><U108/><E108/><V8/><F118/><W111/><G111/><T85/><D33/><U59/><E7/><V23/><F117/><W90/><AGARI ba="1,3" hai="9,14,18,26,28,35,39,43,44,50,51,83,86,90" machi="90" ten="20,12000,1" yaku="1,1,0,1,7,1,52,2,53,0" doraHai="46" doraHaiUra="133" who="3" fromWho="3" sc="234,-41,239,-41,483,-41,14,153" /><INIT seed="7,2,0,4,4,94" ten="193,198,442,167" oya="3" hai0="100,112,97,34,40,131,6,80,75,50,98,22,44" hai1="49,66,68,133,92,114,3,127,26,103,120,24,84" hai2="54,46,38,93,7,132,119,67,32,78,71,89,90" hai3="134,1,65,116,47,8,61,30,82,20,19,42,122"/><W35/><G122/><T121/><D34/><U10/><E120/><V0/><F32/><W79/><G116/><T118/><D121/><U86/><E68/><V23/><F132/><W21/><G134/><T113/><D118/><U128/><E133/><V76/><F119/><W16/><G35/><T18/><D6/><U14/><E3/><V124/><F124/><W105/><G105/><T95/><D131/><U88/><E103/><V59/><F7/><W125/><G125/><T102/><D75/><U48/><E66/><V60/><F0/><W43/><G1/><T91/><D80/><U5/><E128/><V4/><F4/><W36/><G42/><T31/><D31/><U33/><E33/><V52/><F89/><W129/><G129/><T58/><D58/><U37/><E37/><V39/><F23/><W69/><G30/><T17/><D17/><U99/><E114/><N who="0" m="44137" /><D98/><U25/><E127/><V77/><F46/><W27/><G8/><T83/><D83/><N who="1" m="49183" /><E86/><V11/><F11/><W73/><G19/><T63/><D63/><U56/><E56/><V15/><F15/><AGARI ba="2,0" hai="15,18,22,40,44,50,91,95,97,100,102" m="44137" machi="15" ten="30,3900,0" yaku="15,1,11,1,52,1" doraHai="94" who="0" fromWho="2" sc="193,45,198,0,442,-45,167,0" owari="238,4.0,198,-20.0,397,49.0,167,-33.0" /></mjloggm>