<mjloggm ver="2.3"><GO type="41" lobby="0"/><UN n0="%54%61%72%6F%50%61%70%61" n1="%E3%83%88%E3%83%88%E3%83%AA%E5%85%88%E7%94%9F%31%39%E6%AD%B3" n2="%E5%8C%97%E5%AE%B6%E5%B8%B8%E9%80%A3" n3="%E3%82%B4%E3%83%83%E3%83%88%E3%82%A5%E3%83%BC%E3%81%95%E3%82%93" dan="16,14,15,14" rate="1985.07,2022.11,1990.31,2007.67" sx="M,F,M,M"/><TAIKYOKU oya="0"/><INIT seed="0,0,0,4,3,84" ten="250,250,250,250" oya="0" hai0="13,0,133,33,91,48,44,58,93,128,68,78,16" hai1="39,51,62,4,97,8,54,7,66,119,3,42,12" hai2="15,6,106,110,60,28,75,74,115,112,120,35,23" hai3="80,127,24,63,86,36,67,103,89,101,90,2,22"/><T69/><D33/><U20/><E119/><V65/><F120/><W113/><G36/><T55/><D0/><U96/><E42/><V123/><F123/><W118/><G2/><T30/><D30/><U40/><E40/><V130/><F23/><W104/><G113/><T129/><D78/><U132/><E39/><V114/><F15/><W77/><G118/><T117/><D133/><U27/><E132/><V38/><F6/><W98/><G103/><T47/><D117/><U32/><E32/><V92/><F92/><W45/><G45/><T111/><D111/><U71/><E4/><V11/><F11/><W135/><G127/><T126/><D126/><U59/><REACH who="1" step="1"/><E3/><REACH who="1" ten="250,240,250,250" step="2"/><V116/><F38/><W14/><G135/><T131/><D44/><U26/><E26/><N who="2" m="18839" /><F116/><W9/><G14/><T125/><D47/><U50/><E50/><V61/><F61/><W76/><G9/><N who="0" m="6191" /><D125/><U1/><E1/><V108/><F130/><N who="0" m="33282" /><T25/><DORA hai="31" /><D25/><U95/><E95/><V73/><F106/><W88/><G104/><T21/><D21/><U122/><E122/><V56/><F115/><W94/><G77/><T5/><D5/><U46/><E46/><V19/><F114/><W64/><REACH who="3" step="1"/><G63/><REACH who="3" ten="250,240,250,240" step="2"/><T18/><D18/><AGARI ba="0,2" hai="7,8,12,18,20,27,51,54,59,62,66,71,96,97" machi="18" ten="30,2000,0" yaku="1,1,7,1,53,0" doraHai="84,31" doraHaiUra="87,34" who="1" fromWho="0" sc="250,-20,240,40,250,0,240,0" /><AGARI ba="0,0" hai="18,22,24,64,67,76,80,86,88,89,90,94,98,101" machi="18" ten="40,16000,3" yaku="1,1,2,1,8,1,52,3,54,1,53,3" doraHai="84,31" doraHaiUra="87,34" who="3" fromWho="0" sc="230,-160,280,0,250,0,240,160" /><INIT seed="1,0,0,4,1,13" ten="70,280,250,400" oya="1" hai0="60,1,88,37,72,2,132,133,8,112,126,135,3" hai1="81,113,102,115,75,96,109,42,129,94,123,27,49" hai2="47,99,16,23,68,77,121,118,92,127,71,73,128" hai3="25,130,19,29,52,70,124,108,5,36,50,9,79"/><U56/><E123/><V10/><F121/><W134/><G36/><T90/><D112/><U59/><E129/><V44/><F118/><W98/><G70/><T62/><D126/><U45/><E109/><V80/><F127/><W46/><G124/><T41/><D72/><U93/><E75/><V69/><F10/><W103/><G130/><T76/><D76/><U101/><E81/><V40/><F40/><W32/><G79/><T87/><D87/><U64/><E64/><V12/><REACH who="2" step="1"/><F128/><REACH who="2" ten="70,280,240,400" step="2"/><W22/><G134/><T117/><D117/><U114/><E115/><V131/><F131/><W119/><G108/><T54/><D8/><U57/><E114/><V20/><F20/><W18/><G119/><T67/><D67/><U28/><E113/><V14/><F14/><W91/><G32/><T82/><D54/><U107/><REACH who="1" step="1"/><E102/><AGARI ba="0,1" hai="12,16,23,44,47,68,69,71,73,77,80,92,99,102" machi="102" ten="40,5200,0" yaku="1,1,52,1,54,1,53,0" doraHai="13" doraHaiUra="34" who="2" fromWho="1" sc="70,0,280,-52,240,62,400,0" /><INIT seed="2,0,0,2,4,102" ten="70,228,302,400" oya="2" hai0="35,71,23,3,88,125,55,121,116,85,117,100,46" hai1="47,86,20,110,14,122,15,131,1,63,61,18,91" hai2="66,53,99,54,104,119,77,81,59,39,106,132,74" hai3="60,72,10,40,95,80,69,58,24,83,98,22,107"/><V42/><F119/><W4/><G69/><T50/><D35/><U70/><E1/><V87/><F99/><W8/><G40/><T111/><D121/><U48/><E122/><V9/><F87/><W130/><G72/><T44/><D71/><U32/><E32/><V17/><F132/><W128/><G107/><T115/><D115/><U56/><E110/><V26/><F66/><N who="3" m="39191" /><G130/><T65/><D65/><U0/><E0/><V2/><F26/><W114/><G114/><T73/><D73/><U89/><E131/><V19/><F19/><N who="3" m="12383" /><G128/><T133/><D111/><U51/><E70/><V64/><F64/><W92/><G92/><T7/><D100/><U67/><E61/><V5/><F17/><W16/><G16/><T34/><D34/><U76/><E15/><V84/><F84/><W43/><G43/><T123/><D123/><U6/><E6/><V135/><F135/><W28/><G28/><T112/><D112/><U33/><E33/><V129/><F129/><W96/><G96/><T101/><D133/><U21/><E21/><V79/><F79/><W41/><G41/><T97/><D117/><U134/><E134/><V90/><F90/><N who="3" m="55671" /><G4/><T11/><D116/><U49/><REACH who="1" step="1"/><E47/><REACH who="1" ten="70,218,302,400" step="2"/><N who="2" m="24031" /><F59/><W57/><G57/><T31/><D46/><U108/><E108/><V82/><F81/><AGARI ba="0,1" hai="8,10,80,81,83" m="55671,12383,39191" machi="81" ten="30,1000,0" yaku="8,1" doraHai="102" who="3" fromWho="2" sc="70,0,218,0,302,-10,400,20" /><AGARI ba="0,0" hai="14,18,20,48,49,51,56,63,67,76,81,86,89,91" machi="81" ten="40,2600,0" yaku="1,1,8,1,53,0" doraHai="102" doraHaiUra="118" who="1" fromWho="2" sc="70,0,218,26,292,-26,420,0" /><INIT seed="3,0,0,0,0,116" ten="70,244,266,420" oya="3" hai0="94,98,92,81,76,23,18,45,124,47,29,8,54" hai1="125,19,51,110,36,135,27,40,108,10,112,2,74" hai2="132,82,42,91,71,86,53,46,128,35,16,107,102" hai3="57,77,52,79,15,44,133,56,134,5,24,87,1"/><W100/><G100/><T78/><D124/><U14/><E112/><V85/><F35/><W3/><G24/><T103/><D29/><U121/><E74/><V22/><F71/><W123/><G123/><T97/><D8/><U0/><E36/><V30/><F132/><N who="3" m="50795" /><G44/><T84/><D76/><N who="3" m="29257" /><G87/><T13/><REACH who="0" step="1"/><D54/><REACH who="0" ten="60,244,266,420" step="2"/><U104/><E125/><V58/><F30/><W105/><G52/><T4/><D4/><U6/><E6/><V88/><F128/><W106/><G3/><T117/><D117/><U68/><E2/><V90/><F86/><W9/><G1/><T50/><D50/><U49/><E51/><V93/><F85/><W130/><G130/><T11/><D11/><U126/><E49/><V28/><F28/><W69/><G69/><T113/><D113/><U75/><E68/><V95/><F53/><W7/><G5/><T34/><D34/><U26/><E0/><V101/><F82/><W83/><G83/><T111/><D111/><U72/><E126/><V64/><F42/><W55/><G55/><T119/><D119/><U31/><E40/><V25/><F46/><W73/><G73/><N who="1" m="28234" /><E135/><V38/><F38/><W48/><G48/><T12/><D12/><U80/><E80/><V99/><REACH who="2" step="1"/><F102/><AGARI ba="0,1" hai="13,18,23,45,47,78,81,84,92,94,97,98,102,103" machi="102" ten="30,7700,0" yaku="1,1,7,1,9,1,8,1,53,0" doraHai="116" doraHaiUra="33" who="0" fromWho="2" sc="60,87,244,0,266,-77,420,0" /><INIT seed="4,0,0,3,2,129" ten="147,244,189,420" oya="0" hai0="8,65,132,119,106,100,38,131,33,66,128,103,89" hai1="80,78,114,98,67,17,40,20,47,24,83,104,60" hai2="13,94,86,81,51,22,97,84,127,42,0,123,1" hai3="26,121,15,6,32,71,95,4,52,62,88,58,27"/><T126/><D38/><U55/><E114/><V23/><F123/><W125/><G71/><T72/><D119/><U135/><E55/><V130/><F127/><W45/><G125/><T29/><D126/><U19/><E135/><V113/><F113/><W108/><G108/><T3/><D132/><U44/><E104/><V92/><F130/><N who="0" m="49706" /><D72/><U112/><E112/><V36/><F36/><W30/><G121/><T49/><D89/><U116/><E116/><V85/><F81/><W48/><G15/><T91/><D91/><U134/><E134/><V64/><F64/><N who="0" m="24682" /><D106/><U59/><E40/><V76/><F76/><W21/><G32/><T34/><D49/><U46/><E98/><V37/><F37/><W110/><G27/><T50/><D50/><U9/><E78/><V93/><F97/><N who="3" m="57575" /><G110/><T115/><D115/><U73/><E73/><V120/><F120/><W5/><G5/><N who="0" m="1087" /><D29/><U61/><E61/><V63/><F63/><W57/><G57/><T35/><AGARI ba="0,0" hai="33,34,35,100,103" m="1087,24682,49706" machi="35" ten="40,2100,0" yaku="19,1" doraHai="129" who="0" fromWho="0" sc="147,21,244,-7,189,-7,420,-7" /><INIT seed="4,1,0,4,4,15" ten="168,237,182,413" oya="0" hai0="28,35,56,102,111,24,1,92,87,17,55,100,49" hai1="103,69,130,2,52,12,84,61,106,131,32,123,81" hai2="133,60,108,99,117,21,114,0,134,16,62,11,98" hai3="119,94,105,22,97,64,79,83,46,88,96,101,48"/><T37/><D37/><U47/><E123/><V13/><F114/><W109/><G119/><T76/><D1/><U68/><E2/><V8/><F117/><W23/><G109/><T51/><D111/><U57/><E32/><V54/><F108/><W43/><REACH who="3" step="1"/><G64/><REACH who="3" ten="168,237,182,403" step="2"/><T4/><D4/><U124/><E130/><V9/><F0/><W5/><G5/><T77/><D35/><U39/><E131/><V41/><F41/><W58/><G58/><T129/><D129/><U93/><E57/><V82/><F54/><W78/><G78/><N who="0" m="30315" /><D56/><U31/><E52/><V113/><F113/><W122/><G122/><T71/><D55/><U104/><E69/><V25/><F62/><W86/><AGARI ba="1,1" hai="22,23,43,46,48,79,83,86,88,94,96,97,101,105" machi="86" ten="20,8000,1" yaku="1,1,0,1,7,1,54,1,53,1" doraHai="15" doraHaiUra="73" who="3" fromWho="3" sc="168,-41,237,-21,182,-21,403,93" /><INIT seed="5,0,0,1,4,123" ten="127,216,161,496" oya="1" hai0="0,71,24,25,13,86,80,119,20,28,30,32,47" hai1="16,33,125,76,52,62,90,23,74,35,70,22,6" hai2="39,89,127,61,21,69,121,48,96,133,126,46,58" hai3="9,93,77,83,104,92,72,51,55,102,98,2,95"/><U82/><E125/><V14/><F96/><W106/><G106/><T36/><D71/><U128/><E128/><V107/><F107/><W56/><G2/><T26/><D119/><U29/><E6/><V37/><F89/><W64/><G9/><T17/><D47/><U108/><E108/><V87/><F14/><W100/><G64/><T78/><D36/><N who="2" m="13898" /><F87/><W85/><G102/><T1/><REACH who="0" step="1"/><D26/><REACH who="0" ten="117,216,161,496" step="2"/><U43/><E70/><V11/><F69/><W45/><REACH who="3" step="1"/><G45/><REACH who="3" ten="117,216,161,486" step="2"/><T73/><D73/><AGARI ba="0,2" hai="51,55,56,72,73,77,83,85,92,93,95,98,100,104" machi="73" ten="40,2600,0" yaku="1,1,2,1,53,0" doraHai="123" doraHaiUra="27" who="3" fromWho="0" sc="117,-26,216,0,161,0,486,46" /><INIT seed="6,0,0,0,0,15" ten="91,216,161,532" oya="2" hai0="44,107,5,105,65,60,25,87,58,51,24,10,108" hai1="131,55,92,23,109,8,59,124,86,41,17,57,69" hai2="81,101,133,48,22,128,79,49,80,135,36,123,42" hai3="97,129,130,88,29,103,71,54,45,63,0,46,39"/><V34/><F34/><W83/><G0/><T26/><D108/><U113/><E69/><V14/><F123/><W53/><G29/><T3/><REACH who="0" step="1"/><D87/><REACH who="0" ten="81,216,161,532" step="2"/><U82/><E86/><V134/><F128/><N who="3" m="49259" /><G71/><T30/><D30/><U100/><E109/><V1/><F1/><W116/><G116/><T27/><N who="0" m="6656" /><DORA hai="125" /><T110/><D110/><U90/><E131/><V18/><F101/><W21/><G21/><T52/><AGARI ba="0,1" hai="3,5,10,44,51,52,58,60,65,105,107" m="6656" machi="52" ten="40,8000,1" yaku="1,1,0,1,54,1,53,1" doraHai="15,125" doraHaiUra="33,117" who="0" fromWho="0" sc="81,90,216,-20,161,-40,532,-20" /><INIT seed="7,0,0,0,1,106" ten="171,196,121,512" oya="3" hai0="48,85,93,22,95,28,24,51,67,36,134,40,47" hai1="54,59,76,100,57,131,124,128,73,14,31,2,8" hai2="127,23,77,119,125,19,16,64,97,12,122,68,13" hai3="62,121,69,86,11,78,25,80,102,94,117,17,81"/><W74/><G121/><T29/><D134/><U75/><E2/><V112/><F77/><W111/><G117/><T46/><D67/><U113/><E113/><V133/><F97/><W123/><G111/><T34/><D34/><U32/><E124/><V35/><F68/><W6/><G123/><T10/><D36/><U3/><E3/><V33/><F64/><W4/><G81/><T71/><D71/><U27/><E100/><V5/><F122/><W61/><G86/><T129/><D129/><N who="1" m="49739" /><E76/><V130/><F130/><W88/><G102/><T39/><D39/><U55/><E55/><V66/><F66/><W79/><G74/><N who="1" m="28170" /><E54/><V58/><F58/><W15/><G69/><T50/><D10/><U99/><E99/><V44/><F44/><N who="0" m="16938" /><D40/><U103/><E103/><V9/><F112/><W56/><G79/><T98/><D85/><U107/><E107/><V65/><F65/><W1/><G78/><T126/><D126/><N who="2" m="48138" /><F133/><W108/><G1/><T70/><D70/><U41/><E41/><V83/><F83/><W87/><G108/><T0/><D0/><U18/><AGARI ba="0,0" hai="8,14,18,27,31,32,57,59" m="28170,49739" machi="18" ten="30,7900,0" yaku="19,1,52,3" doraHai="106" who="1" fromWho="1" sc="171,-20,196,79,121,-20,512,-39" owari="151,-25.0,275,8.0,101,-40.0,473,57.0" /></mjloggm>