<mjloggm ver="2.3"><GO type="97" lobby="0"/><UN n0="%E3%83%AD%E3%83%9C%E3%82%B3%E3%83%97" n1="%6E%6F%2D%6E%61%6D%61%65" n2="%E3%81%8B%E3%82%8A%E3%81%BB" n3="%E5%B0%B1%E6%B4%BB%E7%94%9F%40%E5%B7%9D%E6%9D%91%E8%BB%8D%E5%9B%A3" dan="14,14,14,15" rate="1928.51,1954.85,1916.46,2073.03" sx="M,M,M,M"/><TAIKYOKU oya="0"/><INIT seed="0,0,0,4,3,24" ten="250,250,250,250" oya="0" hai0="110,71,18,27,121,70,126,48,38,52,98,85,66" hai1="97,61,25,86,33,107,19,44,56,30,46,108,117" hai2="45,132,125,123,32,106,124,103,7,51,9,134,79" hai3="94,75,74,130,84,58,88,4,29,5,12,72,128"/><T77/><D121/><U113/><E117/><V15/><F123/><W36/><G36/><T37/><D126/><N who="2" m="48746" /><F79/><W35/><G12/><T41/><D41/><U63/><E113/><V55/><F103/><W67/><G67/><T96/><D110/><U90/><E108/><V92/><F92/><W57/><G5/><T11/><D66/><U111/><E111/><V42/><F32/><W47/><G47/><T14/><D70/><U13/><E107/><V89/><F89/><W120/><G4/><T59/><D71/><U65/><E97/><V73/><F73/><W28/><G35/><T54/><D27/><U127/><E63/><V21/><F21/><W82/><G82/><N who="0" m="47311" /><D37/><U99/><E99/><N who="0" m="37929" /><D38/><U122/><E122/><V2/><F106/><W60/><G120/><T20/><D54/><U23/><REACH who="1" step="1"/><E127/><REACH who="1" ten="250,240,250,250" step="2"/><V34/><F2/><W109/><G109/><T8/><AGARI ba="0,1" hai="8,11,14,18,20,48,52,59" m="37929,47311" machi="8" ten="30,3000,0" yaku="8,1,54,1" doraHai="24" who="0" fromWho="0" sc="250,40,240,-10,250,-10,250,-10" /><INIT seed="0,1,0,1,3,8" ten="290,230,240,240" oya="0" hai0="98,51,121,50,45,7,133,56,123,120,131,25,10" hai1="106,113,23,32,72,48,102,85,27,71,6,82,33" hai2="16,109,97,135,119,79,37,74,17,19,112,4,88" hai3="1,99,64,77,12,54,57,95,46,60,126,28,15"/><T81/><D133/><U110/><E71/><V104/><F112/><W41/><G1/><T66/><D131/><U67/><E67/><V58/><F37/><W107/><G107/><T87/><D25/><U68/><E68/><V52/><F119/><W84/><G126/><T26/><D26/><U65/><E65/><V76/><F74/><W61/><G28/><T53/><D98/><U75/><E113/><V47/><F135/><W108/><G108/><T24/><D24/><U43/><E110/><V101/><F47/><W130/><G130/><T62/><D50/><U20/><E20/><V35/><F35/><W124/><G124/><T38/><D38/><U44/><E106/><V30/><F30/><W86/><G41/><T55/><D55/><U127/><E102/><V0/><F109/><W36/><G36/><T39/><D39/><U83/><E83/><V132/><F132/><W42/><G42/><T11/><REACH who="0" step="1"/><D7/><REACH who="0" ten="280,230,240,240" step="2"/><U129/><E129/><V128/><F128/><W78/><G54/><T18/><D18/><U96/><E96/><V70/><F4/><W80/><G61/><T93/><D93/><U115/><E127/><V22/><F17/><W49/><G49/><T89/><AGARI ba="1,1" hai="10,11,45,51,53,56,62,66,81,87,89,120,121,123" machi="89" ten="30,3000,0" yaku="1,1,0,1,53,0" doraHai="8" doraHaiUra="9" who="0" fromWho="0" sc="280,43,230,-11,240,-11,240,-11" /><INIT seed="0,2,0,2,4,115" ten="323,219,229,229" oya="0" hai0="96,38,105,126,9,97,102,29,92,107,124,47,1" hai1="109,116,134,5,52,40,44,27,113,24,45,78,82" hai2="41,130,129,67,25,135,21,121,2,127,49,100,4" hai3="131,103,26,32,104,36,50,57,56,123,43,122,79"/><T13/><D1/><U75/><E113/><V120/><F100/><W42/><G36/><T55/><D29/><U60/><E134/><V61/><F135/><W70/><G70/><T62/><D62/><U12/><E109/><V22/><F2/><W53/><G79/><T35/><D35/><U80/><E80/><V51/><F4/><W86/><G131/><N who="2" m="50185" /><F21/><W111/><G111/><T18/><D107/><U71/><E71/><N who="2" m="42479" /><F22/><W128/><G86/><T54/><D38/><U68/><E68/><V11/><F11/><W133/><G133/><T101/><REACH who="0" step="1"/><D47/><REACH who="0" ten="313,219,229,229" step="2"/><U69/><E69/><V63/><F63/><W85/><G104/><T87/><D87/><U125/><E60/><V37/><F127/><AGARI ba="2,1" hai="9,13,18,54,55,92,96,97,101,102,105,124,126,127" machi="127" ten="40,7700,0" yaku="1,1,18,1,53,1" doraHai="115" doraHaiUra="7" who="0" fromWho="2" sc="313,93,219,0,229,-83,229,0" /><INIT seed="0,3,0,2,5,17" ten="406,219,146,229" oya="0" hai0="16,86,114,88,43,5,98,24,91,65,31,130,11" hai1="132,118,51,15,87,128,96,1,111,122,72,81,80" hai2="44,102,45,77,56,90,14,103,76,47,21,92,33" hai3="18,29,7,30,94,50,125,26,19,99,0,124,3"/><T79/><D114/><U82/><E118/><V123/><F33/><N who="3" m="20663" /><G50/><T62/><D43/><U108/><E1/><N who="3" m="586" /><G94/><T84/><D130/><U93/><E128/><V115/><F123/><W23/><G99/><T66/><D79/><N who="1" m="44135" /><E51/><V119/><F119/><W127/><G7/><T134/><D98/><U61/><E15/><V116/><F116/><W107/><G107/><T117/><D117/><U68/><E61/><V100/><F56/><W22/><G30/><T57/><D66/><U89/><E68/><V69/><F69/><W60/><G60/><T109/><D5/><U110/><E122/><V75/><F75/><W58/><G58/><T83/><D134/><U35/><E35/><V41/><F41/><W70/><G70/><T133/><D133/><U121/><E121/><V131/><F131/><W120/><G120/><T59/><D59/><U48/><E48/><V95/><F115/><W34/><G34/><T32/><D57/><U40/><E40/><V55/><F55/><W67/><G67/><T64/><D65/><U105/><E132/><V63/><F63/><W13/><G19/><T37/><D64/><U74/><E74/><V126/><F126/><W10/><AGARI ba="3,0" hai="10,13,18,22,23,124,125,127" m="586,20663" machi="10" ten="40,8000,1" yaku="18,1,34,2,52,2" doraHai="17" who="3" fromWho="3" sc="406,-43,219,-23,146,-23,229,89" /><INIT seed="1,0,0,4,2,123" ten="363,196,123,318" oya="1" hai0="82,62,102,26,113,75,125,108,3,44,61,22,34" hai1="96,95,13,112,23,33,32,39,69,2,1,49,47" hai2="11,10,20,25,97,70,28,12,88,4,85,60,111" hai3="73,120,90,130,68,79,132,124,38,81,127,101,110"/><U66/><E39/><V55/><F97/><W9/><G68/><T52/><D113/><U115/><E33/><V17/><F70/><W107/><G38/><T51/><D34/><U109/><E32/><V40/><F40/><W65/><G65/><T21/><D3/><U122/><E122/><V30/><F111/><W126/><G9/><T19/><D108/><U76/><E76/><V104/><F104/><W105/><G120/><T48/><D125/><U64/><E109/><V63/><F55/><W74/><G110/><T119/><D119/><U46/><E1/><V43/><F43/><W54/><G54/><T57/><D102/><U35/><E2/><V78/><F78/><W7/><G7/><T0/><D0/><U56/><E35/><V71/><F71/><W100/><G130/><T135/><D135/><U37/><E37/><V24/><F24/><W53/><G53/><N who="0" m="29831" /><D75/><N who="3" m="28681" /><G90/><T58/><D82/><U16/><E69/><V42/><F42/><W83/><G132/><T84/><D84/><U116/><E116/><V86/><F86/><N who="3" m="48447" /><G83/><T29/><D58/><U31/><E31/><V128/><F128/><W93/><G101/><T72/><D72/><U50/><E112/><V129/><F129/><W114/><G114/><T41/><D41/><N who="1" m="24783" /><E56/><V131/><F131/><W59/><G59/><T94/><D94/><U121/><E115/><V27/><F27/><AGARI ba="0,0" hai="19,21,22,26,27,29,51,52,57,61,62" m="29831" machi="27" ten="30,2000,0" yaku="8,1,54,1" doraHai="123" who="0" fromWho="2" sc="363,20,196,0,123,-20,318,0" /><INIT seed="2,0,0,0,4,112" ten="383,196,103,318" oya="2" hai0="119,90,77,134,73,89,114,64,128,52,110,115,56" hai1="4,100,95,44,39,83,107,71,23,82,60,53,17" hai2="46,47,54,7,111,2,129,0,24,123,29,78,41" hai3="6,3,14,32,79,26,102,10,86,35,22,27,38"/><V66/><F123/><W49/><G38/><T124/><D110/><U19/><E107/><V130/><F111/><W118/><G102/><T127/><D64/><U88/><E100/><V50/><F0/><W34/><G49/><T135/><D73/><U121/><E121/><V101/><F101/><W117/><G79/><T126/><D77/><U16/><E39/><V104/><F104/><W70/><G86/><T1/><D1/><U58/><E71/><V9/><F66/><W94/><G94/><T81/><D128/><N who="2" m="49258" /><F78/><W67/><G67/><T51/><D119/><N who="3" m="45577" /><G70/><T87/><D90/><U113/><E113/><AGARI ba="0,0" hai="51,52,56,81,87,89,113,114,115,124,126,127,134,135" machi="113" ten="50,3200,0" yaku="18,1,54,1" doraHai="112" who="0" fromWho="1" sc="383,32,196,-32,103,0,318,0" /><INIT seed="3,0,0,1,3,51" ten="415,164,103,318" oya="3" hai0="27,75,30,135,83,95,86,6,90,73,48,4,129" hai1="103,117,94,119,8,93,133,67,123,33,46,132,14" hai2="58,105,40,84,102,80,134,0,112,1,82,25,70" hai3="13,12,104,32,11,91,107,72,125,37,111,85,44"/><W100/><G32/><T113/><D113/><U63/><E33/><V88/><F112/><W59/><G72/><T49/><D129/><U29/><E29/><V50/><F70/><W98/><G125/><T41/><D135/><N who="1" m="51787" /><E46/><V76/><F134/><W36/><G111/><T64/><D64/><U28/><E28/><V61/><F25/><W16/><G107/><T69/><D69/><N who="1" m="42239" /><E123/><V5/><F5/><W15/><G59/><T108/><D95/><N who="1" m="36363" /><E103/><V79/><F102/><W21/><G44/><T92/><D49/><U55/><E8/><V43/><F105/><W110/><G110/><T118/><D4/><U130/><E130/><V62/><F50/><W38/><REACH who="3" step="1"/><G11/><REACH who="3" ten="415,164,103,308" step="2"/><T115/><D75/><U31/><E117/><V128/><F128/><W60/><G60/><T96/><D41/><U101/><E119/><V2/><F58/><W26/><G26/><T116/><D118/><U52/><E101/><V66/><F66/><W18/><G18/><T7/><D73/><U65/><E31/><V126/><F126/><W71/><G71/><T122/><D116/><U17/><E65/><V127/><F127/><W68/><G68/><T121/><D108/><U99/><E99/><V109/><F109/><W54/><G54/><N who="1" m="20522" /><E17/><V114/><F114/><W131/><G131/><T3/><D115/><U9/><E9/><V47/><F47/><W42/><G42/><N who="2" m="15913" /><F76/><W120/><G120/><T34/><D48/><U124/><E124/><V45/><F45/><W89/><G89/><N who="0" m="55311" /><D6/><U57/><E57/><V97/><F97/><W56/><G56/><T106/><D106/><U19/><E19/><RYUUKYOKU ba="0,1" sc="415,0,164,0,103,0,308,0" hai0="3,7,27,30,34,83,86,90,121,122" hai1="14" hai2="0,1,2,61,62,79,80,82,84,88" hai3="12,13,15,16,21,36,37,38,85,91,98,100,104" /><INIT seed="3,1,1,2,2,26" ten="415,164,103,308" oya="3" hai0="51,16,36,129,73,125,100,114,84,78,99,64,41" hai1="1,121,135,68,45,117,134,19,83,17,113,116,75" hai2="13,79,118,107,15,69,94,48,37,0,53,86,110" hai3="27,3,35,40,18,25,62,127,122,42,10,98,49"/><W47/><G122/><T54/><D73/><U71/><E121/><V130/><F118/><N who="1" m="45673" /><E45/><V65/><F110/><W6/><G127/><T82/><D125/><U72/><E83/><V131/><F107/><W11/><G42/><T46/><D129/><U63/><E63/><V120/><F120/><W90/><G62/><T95/><D114/><U85/><E85/><V33/><F33/><W58/><G58/><T5/><D5/><U119/><N who="1" m="45681" /><U77/><DORA hai="123" /><E77/><V101/><F0/><W20/><G10/><T57/><D64/><U9/><E9/><V21/><F37/><W22/><G35/><T74/><D74/><N who="1" m="28203" /><E1/><V28/><F65/><W132/><G132/><N who="1" m="50730" /><E113/><V109/><F69/><AGARI ba="1,1" hai="17,19,68,69,71" m="50730,28203,45681" machi="69" ten="50,8000,1" yaku="28,2,12,1,20,1" doraHai="26,123" who="1" fromWho="2" sc="415,0,164,93,103,-83,308,0" owari="415,51.0,257,-14.0,20,-48.0,308,11.0" /></mjloggm>