<mjloggm ver="2.3"><GO type="225" lobby="0"/><UN n0="%53%48%49%53%55%4B%45" n1="%E9%A7%86%E3%82%8B%E3%81%A8" n2="%E3%82%82%E3%82%81%E3%82%93%E3%81%AA%E3%81%A1%E3%82%83%E3%81%84" n3="%E5%B0%B1%E6%B4%BB%E7%94%9F%40%E5%B7%9D%E6%9D%91%E8%BB%8D%E5%9B%A3" dan="16,17,17,16" rate="2127.24,2181.66,2221.49,2083.14" sx="M,F,M,M"/><TAIKYOKU oya="0"/><INIT seed="0,0,0,2,3,28" ten="250,250,250,250" oya="0" hai0="107,119,109,83,7,0,42,20,116,80,88,70,64" hai1="31,133,56,132,134,111,103,53,39,55,76,26,77" hai2="89,92,113,21,66,86,79,131,6,102,108,69,33" hai3="110,63,16,74,61,117,4,37,121,114,12,60,8"/><T29/><D107/><U81/><E39/><V71/><F113/><W24/><G117/><T100/><D100/><U75/><E111/><V49/><F108/><W18/><G110/><T54/><D109/><U32/><E103/><V19/><F131/><W41/><G114/><T43/><D116/><U96/><E96/><V82/><F102/><W98/><G74/><T127/><D119/><U13/><E76/><V122/><F122/><W105/><G121/><T5/><D127/><U124/><E124/><V99/><F6/><N who="0" m="2058" /><D70/><U135/><N who="1" m="33792" /><DORA hai="34" /><U30/><E13/><V44/><F66/><W9/><G98/><T57/><D0/><U2/><E2/><V58/><F58/><W48/><G105/><T45/><D64/><U118/><E118/><V50/><F33/><W65/><G37/><T36/><D45/><U23/><E56/><V93/><F93/><W11/><G65/><T52/><D36/><U67/><E67/><V25/><REACH who="2" step="1"/><F50/><REACH who="2" ten="250,250,240,250" step="2"/><W94/><G94/><T91/><D80/><U14/><E32/><V125/><F125/><W40/><G48/><N who="0" m="30855" /><D54/><AGARI ba="0,1" hai="19,21,25,44,49,54,69,71,79,82,86,89,92,99" machi="54" ten="30,3900,0" yaku="1,1,7,1,53,1" doraHai="28,34" doraHaiUra="35,46" who="2" fromWho="0" sc="250,-39,250,0,240,49,250,0" /><INIT seed="1,0,0,4,3,70" ten="211,250,289,250" oya="1" hai0="111,46,36,21,115,9,89,77,91,5,107,113,23" hai1="49,79,81,125,26,30,17,75,108,43,95,72,34" hai2="19,71,105,85,98,114,122,10,59,127,38,0,131" hai3="73,57,92,53,83,78,94,3,101,32,62,135,117"/><U31/><E125/><V134/><RYUUKYOKU type="yao9" ba="0,0" sc="211,0,250,0,289,0,250,0" hai2="0,10,19,38,59,71,85,98,105,114,122,127,131,134" /><INIT seed="1,1,0,5,4,7" ten="211,250,289,250" oya="1" hai0="1,2,66,69,111,36,93,28,128,119,18,99,33" hai1="67,116,61,49,54,130,53,83,68,63,103,37,113" hai2="112,3,45,97,60,72,92,71,98,110,133,80,79" hai3="88,108,96,8,55,40,35,21,121,126,11,124,129"/><U56/><E113/><V16/><F110/><W73/><G35/><T47/><D119/><U132/><E103/><V24/><F133/><W15/><G121/><T0/><D111/><U48/><E83/><V114/><F3/><W77/><G108/><T74/><D74/><U86/><E86/><V87/><F45/><W34/><G34/><T123/><D123/><U38/><E116/><V52/><F72/><W125/><G129/><T82/><D128/><U32/><E32/><V59/><F71/><W50/><G40/><T95/><D82/><U58/><E130/><V57/><F57/><N who="3" m="33015" /><G77/><T65/><D93/><U102/><E102/><V101/><F98/><W42/><G42/><T122/><D122/><U46/><E132/><V64/><F64/><AGARI ba="1,0" hai="37,38,46,48,49,53,54,56,58,61,63,64,67,68" machi="64" ten="30,18000,2" yaku="7,1,35,6" doraHai="7" who="1" fromWho="2" sc="211,0,250,183,289,-183,250,0" /><INIT seed="1,2,0,4,2,14" ten="211,433,106,250" oya="1" hai0="86,46,120,133,16,76,90,68,35,105,57,28,20" hai1="118,55,67,80,24,40,104,128,96,17,100,18,114" hai2="87,95,98,8,45,78,131,10,69,64,77,65,51" hai3="135,62,83,52,115,13,82,6,117,72,22,110,43"/><U7/><E114/><V113/><F113/><W70/><G115/><T50/><D68/><U101/><E40/><V48/><F131/><W36/><G117/><T122/><D105/><U102/><E7/><V58/><F69/><W71/><G135/><T49/><D133/><U32/><E55/><V1/><F1/><W85/><G72/><T107/><D107/><U42/><E42/><V116/><F116/><W121/><G121/><N who="0" m="46699" /><D35/><U31/><E128/><V84/><F58/><W97/><G110/><T129/><D129/><U125/><E80/><V106/><F106/><W38/><G97/><T130/><D130/><U108/><E118/><V119/><F119/><W41/><G6/><T99/><D28/><U3/><E3/><V93/><REACH who="2" step="1"/><F98/><REACH who="2" ten="211,433,96,250" step="2"/><W12/><G71/><T25/><D57/><U63/><E108/><V94/><F94/><W111/><G111/><T134/><D134/><U26/><E104/><V19/><F19/><W127/><G70/><T34/><D46/><AGARI ba="2,1" hai="8,10,45,46,48,51,64,65,77,78,84,87,93,95" machi="46" ten="25,6400,0" yaku="1,1,22,2,8,1,53,0" doraHai="14" doraHaiUra="27" who="2" fromWho="0" sc="211,-70,433,0,96,80,250,0" /><INIT seed="2,0,0,4,3,31" ten="141,433,176,250" oya="2" hai0="26,43,89,93,66,59,61,103,124,50,34,44,68" hai1="82,98,41,120,131,40,79,84,19,119,78,80,15" hai2="54,90,73,42,45,27,46,9,4,121,111,135,63" hai3="83,118,23,51,55,88,58,112,117,104,16,114,107"/><V32/><F121/><W134/><G134/><T75/><D75/><U48/><E131/><V129/><F135/><W12/><G107/><T133/><D133/><U8/><E119/><V77/><F129/><W106/><G106/><T72/><D72/><U47/><E98/><V91/><F111/><W13/><G104/><T33/><D124/><U35/><E35/><V92/><F77/><W115/><G13/><T128/><D128/><U30/><E30/><V14/><F73/><W101/><G101/><T76/><D76/><U130/><E130/><V22/><F32/><W25/><G25/><T108/><D108/><U62/><E62/><V116/><F116/><W69/><G69/><T127/><D127/><U113/><E120/><V100/><F100/><W126/><G126/><T99/><D26/><U17/><E41/><V28/><F91/><W10/><G10/><T37/><D103/><U38/><E38/><V95/><F95/><W102/><G102/><T122/><D122/><U36/><E36/><V67/><F54/><AGARI ba="0,0" hai="33,34,37,43,44,50,54,59,61,66,68,89,93,99" machi="54" ten="40,8000,1" yaku="24,2,52,2" doraHai="31" who="0" fromWho="2" sc="141,80,433,0,176,-80,250,0" /><INIT seed="3,0,0,1,5,91" ten="221,433,96,250" oya="3" hai0="0,59,68,121,111,105,88,63,43,52,127,82,100" hai1="116,80,66,18,24,7,67,10,56,120,97,20,109" hai2="17,95,42,126,53,132,125,49,133,99,69,128,54" hai3="84,130,81,9,135,106,39,1,8,21,11,13,64"/><W35/><G106/><T47/><D121/><U29/><E120/><V3/><F3/><W48/><G39/><T45/><D0/><U73/><E109/><V22/><F17/><W12/><G35/><T94/><D68/><U110/><E110/><V79/><F22/><W90/><G1/><T76/><D111/><U104/><E56/><V129/><F79/><W96/><G130/><N who="2" m="50281" /><F69/><W58/><G135/><N who="2" m="51785" /><F42/><W86/><G96/><T87/><D43/><U74/><E74/><V77/><F77/><W27/><G84/><T117/><D117/><U5/><E5/><V36/><F36/><W98/><G98/><T31/><D31/><U33/><E73/><V57/><F53/><W134/><G134/><T83/><D76/><U113/><E80/><V72/><F72/><W19/><G64/><T25/><D83/><U78/><E78/><V30/><F30/><W119/><G119/><T115/><D82/><U40/><E40/><V114/><F114/><W93/><G13/><T4/><D115/><U60/><E113/><V2/><F2/><W50/><G12/><T16/><D16/><U14/><E116/><V124/><F99/><W122/><G122/><T61/><D52/><U85/><E85/><V34/><F95/><W108/><G108/><T32/><D94/><U102/><E60/><V41/><F41/><W37/><G37/><T55/><D63/><U101/><E101/><V112/><F112/><W71/><G93/><T62/><D55/><U123/><E123/><V118/><F118/><W38/><G71/><T44/><D62/><U51/><E51/><N who="3" m="19498" /><G38/><T75/><D75/><RYUUKYOKU ba="0,0" sc="221,-30,433,10,96,10,250,10" hai1="7,10,14,18,20,24,29,33,66,67,97,102,104" hai2="34,49,54,57,124,125,126" hai3="8,9,11,19,21,27,58,81,86,90" /><INIT seed="3,1,0,5,3,16" ten="191,443,106,260" oya="3" hai0="91,3,119,88,4,29,124,107,132,48,102,11,95" hai1="12,134,72,42,130,94,87,61,23,135,99,133,86" hai2="24,15,36,34,57,62,50,106,93,38,6,2,97" hai3="104,98,131,78,120,66,123,81,59,39,82,58,18"/><W20/><G39/><T30/><D119/><U43/><E72/><V101/><F2/><W89/><G131/><T33/><D33/><U108/><E108/><V45/><F106/><W73/><G104/><T126/><D132/><U85/><E130/><V13/><F34/><W103/><G103/><T111/><D111/><U8/><E23/><V127/><F127/><N who="0" m="48682" /><D48/><U56/><E12/><V65/><F24/><W70/><G70/><T63/><D63/><U21/><E21/><V125/><F125/><W60/><G59/><T40/><D40/><U92/><E8/><V77/><F77/><W55/><G66/><T17/><D17/><U35/><E35/><V84/><F84/><W110/><G110/><T67/><D67/><N who="1" m="39335" /><E92/><V116/><F116/><W54/><G54/><T114/><D114/><U105/><E105/><V19/><F6/><W49/><G49/><T117/><D117/><U80/><E80/><V31/><F31/><N who="0" m="11786" /><D95/><U53/><E53/><V0/><F0/><W64/><G64/><T129/><D129/><U68/><E68/><V27/><F27/><W5/><G5/><T51/><D51/><U10/><E10/><V75/><F75/><W121/><G121/><T128/><D128/><U96/><E96/><AGARI ba="1,0" hai="3,4,11,88,91,96,102,107" m="11786,48682" machi="96" ten="30,2000,0" yaku="18,1,54,1" doraHai="16" who="0" fromWho="1" sc="191,23,443,-23,106,0,260,0" owari="214,-19.0,420,52.0,106,-39.0,260,6.0" /></mjloggm>