<mjloggm ver="2.3"><GO type="169" lobby="0"/><UN n0="%E3%82%B9%E3%82%B1%E3%83%BC%E3%82%BF%E3%83%BC" n1="%E3%81%8A%E3%81%95%E3%81%A3%E3%81%A1%E3%82%87" n2="%E3%83%8B%E3%83%BC%E3%83%88%E7%A4%BE%E9%95%B7" n3="%E3%82%A6%E3%83%AB%E3%83%88%E3%83%A9%E7%AB%8B%E7%9B%B4" dan="17,16,16,16" rate="2121.19,2113.95,2126.67,2101.29" sx="M,M,M,M"/><TAIKYOKU oya="0"/><INIT seed="0,0,0,3,5,56" ten="250,250,250,250" oya="0" hai0="48,1,104,119,74,73,135,103,116,130,30,14,59" hai1="90,63,98,71,132,86,123,97,106,111,117,60,114" hai2="58,107,102,42,108,94,93,72,5,44,64,32,110" hai3="13,28,27,84,113,68,43,11,22,109,82,62,101"/><T21/><D1/><U121/><E71/><V49/><F32/><W95/><G113/><T46/><D135/><U85/><E117/><V18/><F72/><W54/><G109/><N who="2" m="42089" /><F5/><W128/><G128/><T127/><D130/><U34/><E111/><V35/><F35/><W0/><G0/><T9/><D127/><U2/><E34/><V12/><F107/><W57/><G68/><T81/><D74/><U76/><E2/><V4/><F4/><W6/><G43/><T92/><D104/><U24/><E106/><V40/><F102/><W19/><G101/><T61/><D73/><U120/><E132/><V41/><F64/><W66/><G95/><N who="2" m="36361" /><F58/><W67/><REACH who="3" step="1"/><G6/><REACH who="3" ten="250,250,250,240" step="2"/><N who="0" m="3383" /><D119/><U100/><E114/><V131/><F131/><W39/><G39/><T78/><D116/><U124/><E100/><V91/><F42/><W36/><G36/><T133/><D133/><U83/><E124/><V80/><F41/><W89/><AGARI ba="0,1" hai="11,13,19,22,27,28,54,57,62,66,67,82,84,89" machi="89" ten="20,12000,2" yaku="1,1,0,1,7,1,8,1,52,1,53,1" doraHai="56" doraHaiUra="53" who="3" fromWho="3" sc="250,-60,250,-30,250,-30,240,130" /><INIT seed="1,0,0,3,5,122" ten="190,220,220,370" oya="1" hai0="3,108,126,82,109,0,2,58,35,87,94,131,92" hai1="102,36,93,57,54,129,10,25,13,111,21,103,45" hai2="99,69,112,44,15,34,55,39,104,84,127,128,124" hai3="106,72,81,114,48,38,120,37,119,7,52,16,67"/><U65/><E129/><V83/><F34/><W63/><G106/><T100/><D131/><U11/><E36/><V33/><F33/><W42/><G7/><T64/><D35/><U23/><E45/><V96/><F69/><W123/><G81/><T62/><D126/><U98/><E65/><V27/><F27/><W79/><G79/><T135/><D135/><U14/><E111/><N who="0" m="42569" /><D100/><U134/><E103/><V22/><F104/><W6/><G16/><T73/><D73/><U18/><E134/><V80/><F112/><W117/><G6/><T19/><D19/><N who="1" m="8639" /><E25/><V68/><F128/><W47/><G114/><T29/><D29/><U132/><E132/><V110/><F127/><W76/><G76/><AGARI ba="0,0" hai="0,2,3,58,62,64,76,82,87,92,94" m="42569" machi="76" ten="40,8000,1" yaku="14,1,52,3" doraHai="122" who="0" fromWho="3" sc="190,80,220,0,220,0,370,-80" /><INIT seed="2,0,0,5,5,89" ten="270,220,220,290" oya="2" hai0="11,37,90,26,48,10,112,100,104,21,8,129,40" hai1="5,105,43,22,4,110,7,114,135,62,103,44,55" hai2="28,0,3,117,1,122,93,68,49,67,83,119,46" hai3="13,60,106,94,126,75,134,20,98,108,82,17,51"/><V32/><F122/><W120/><G106/><T121/><D112/><U9/><E110/><V79/><F32/><W41/><G120/><T52/><D121/><U91/><E114/><V58/><F68/><W6/><G108/><T87/><D129/><U111/><E111/><V25/><F25/><W95/><G126/><T133/><D133/><U65/><E135/><V16/><F28/><W84/><G75/><T107/><D40/><U128/><E128/><V64/><F58/><W72/><G72/><T85/><D37/><U115/><E22/><V101/><F64/><W109/><G109/><T35/><D100/><U42/><E103/><V69/><F67/><W96/><G6/><T38/><D87/><U19/><E105/><V56/><F56/><W130/><G60/><T78/><D78/><U14/><E115/><V47/><F69/><W127/><G127/><T123/><D38/><U102/><E102/><V116/><F49/><W77/><G130/><T30/><D35/><U39/><E43/><V15/><F83/><W61/><G61/><T50/><D50/><U54/><REACH who="1" step="1"/><E91/><REACH who="1" ten="270,210,220,290" step="2"/><V80/><F101/><W36/><G134/><T63/><D123/><U45/><E45/><V66/><F47/><N who="3" m="26095" /><G36/><T23/><D23/><U34/><E34/><V81/><F46/><W18/><G18/><T88/><D104/><U73/><E73/><V70/><F16/><W29/><G29/><T99/><D107/><U92/><E92/><AGARI ba="0,1" hai="13,17,20,77,82,84,92,94,95,96,98" m="26095" machi="92" ten="30,7700,0" yaku="8,1,52,3" doraHai="89" who="3" fromWho="1" sc="270,0,210,-77,220,0,290,87" /><INIT seed="3,0,0,5,5,43" ten="270,133,220,377" oya="3" hai0="62,114,57,101,110,113,112,102,37,14,72,121,39" hai1="30,25,130,90,8,50,13,77,118,44,89,127,108" hai2="2,120,70,122,22,123,124,63,119,134,12,20,64" hai3="9,116,1,23,4,75,48,74,56,129,83,31,58"/><W115/><G116/><T135/><D121/><U82/><E108/><V29/><F2/><W6/><G115/><T0/><D0/><U79/><E127/><V45/><F124/><W53/><G129/><T36/><D72/><U18/><E130/><V7/><F134/><W24/><G6/><T67/><D110/><U68/><E68/><V126/><F126/><W61/><G83/><T3/><D3/><U104/><E118/><V117/><F29/><W54/><AGARI ba="0,0" hai="1,4,9,23,24,31,48,53,54,56,58,61,74,75" machi="54" ten="20,2100,0" yaku="0,1,7,1" doraHai="43" who="3" fromWho="3" sc="270,-7,133,-7,220,-7,377,21" /><INIT seed="3,1,0,3,2,99" ten="263,126,213,398" oya="3" hai0="114,61,131,79,43,45,50,120,39,23,41,21,126" hai1="46,72,4,71,25,53,83,77,80,73,84,127,101" hai2="91,11,40,15,18,58,35,42,7,6,111,109,75" hai3="57,88,76,19,125,110,90,2,130,81,32,64,89"/><W52/><G2/><T13/><D120/><U37/><E71/><V34/><F75/><W5/><G5/><N who="2" m="1545" /><F91/><W133/><G32/><N who="2" m="12329" /><F58/><W108/><G64/><T49/><D79/><U1/><E127/><V103/><F103/><W17/><G125/><T122/><D122/><U117/><E25/><V28/><F28/><W134/><G19/><T66/><D126/><U59/><E117/><V97/><F97/><W118/><G17/><T60/><D39/><U0/><E101/><V47/><F47/><W38/><G38/><T65/><D45/><U51/><E4/><V27/><F27/><W8/><G118/><T48/><D50/><U44/><E72/><V95/><F95/><W96/><G96/><T33/><D33/><U121/><E121/><V31/><F31/><W30/><G30/><T92/><D92/><U115/><E115/><V100/><F100/><W29/><G29/><T106/><D114/><U24/><E24/><V82/><F82/><W36/><G81/><T119/><D119/><U10/><E46/><V55/><F55/><W70/><G89/><T3/><D3/><U22/><E37/><V69/><F69/><W68/><G88/><T105/><D13/><U78/><E44/><V132/><F132/><W54/><G90/><T128/><AGARI ba="1,0" hai="21,23,41,43,48,49,60,61,65,66,105,106,128,131" machi="128" ten="25,3200,0" yaku="0,1,22,2" doraHai="99" who="0" fromWho="0" sc="263,35,126,-9,213,-9,398,-17" /><INIT seed="4,0,0,0,0,23" ten="298,117,204,381" oya="0" hai0="24,42,100,49,126,113,89,48,72,74,28,64,81" hai1="17,43,25,79,20,52,27,0,107,22,2,39,58" hai2="56,108,133,16,19,134,84,112,46,33,35,130,76" hai3="102,123,121,97,12,5,85,128,44,95,59,135,91"/><T122/><D122/><N who="3" m="46601" /><G128/><T38/><D113/><U34/><E34/><V105/><F105/><W7/><G135/><N who="2" m="51721" /><F108/><W132/><G132/><T53/><D126/><U70/><E70/><V68/><F68/><W104/><G59/><T10/><D64/><U26/><E107/><V36/><F130/><W82/><G12/><T127/><D127/><U13/><E79/><V71/><F71/><W88/><G44/><T118/><D100/><U1/><E43/><N who="2" m="22887" /><F56/><W30/><G30/><T94/><D38/><U129/><E39/><V50/><F50/><W11/><G11/><T86/><D10/><U120/><E120/><V51/><F51/><W111/><G111/><T60/><D48/><U93/><E93/><V21/><F19/><W40/><G40/><T83/><D49/><U65/><E65/><V116/><F116/><W87/><AGARI ba="0,0" hai="5,7,82,85,87,88,91,95,97,102,104" m="46601" machi="87" ten="30,2000,0" yaku="13,1,54,1" doraHai="23" who="3" fromWho="3" sc="298,-10,117,-5,204,-5,381,20" /><INIT seed="5,0,0,5,3,117" ten="288,112,199,401" oya="1" hai0="40,7,82,110,106,85,33,64,120,118,74,108,22" hai1="107,123,135,5,133,113,32,26,129,114,27,47,79" hai2="98,111,87,119,17,45,10,41,94,90,67,128,34" hai3="96,105,43,49,28,54,99,102,19,131,88,35,95"/><U78/><E107/><V3/><F111/><W0/><G0/><T83/><D33/><U76/><E5/><V65/><F128/><W29/><G35/><T36/><D118/><U50/><E32/><V6/><F119/><W38/><G131/><T92/><D106/><U1/><E129/><V69/><F69/><W20/><G43/><T52/><D64/><U134/><E1/><V15/><F98/><W121/><G38/><T126/><D7/><U60/><E60/><V16/><F17/><W115/><G121/><T122/><D126/><U73/><E73/><V57/><F57/><W42/><G42/><T81/><D74/><U25/><E123/><N who="0" m="47145" /><D52/><AGARI ba="0,0" hai="25,26,27,47,50,52,76,78,79,113,114,133,134,135" machi="52" ten="50,12000,1" yaku="29,2,20,1,54,1" doraHai="117" who="1" fromWho="0" sc="288,-120,112,120,199,0,401,0" /><INIT seed="5,1,0,4,1,105" ten="168,232,199,401" oya="1" hai0="1,6,91,122,46,47,127,92,135,86,128,10,14" hai1="25,65,26,83,72,98,73,0,100,134,124,9,13" hai2="113,32,31,35,70,99,131,114,49,116,50,33,109" hai3="59,18,11,67,21,79,68,38,84,88,3,96,97"/><U75/><E0/><V57/><F70/><W66/><G68/><T90/><D127/><U62/><E83/><V81/><F109/><W106/><G38/><T7/><D128/><U53/><E53/><V112/><F131/><W16/><G106/><T107/><D107/><U40/><E40/><V5/><F31/><W20/><G79/><T34/><D34/><U27/><E134/><V48/><F5/><W28/><G11/><T8/><D135/><U85/><E85/><V64/><F81/><N who="3" m="49167" /><G28/><T76/><D76/><U95/><E124/><V110/><F110/><W94/><G3/><T61/><D122/><U74/><N who="1" m="18432" /><DORA hai="93" /><U104/><E104/><V41/><F41/><W69/><G69/><T56/><REACH who="0" step="1"/><D91/><REACH who="0" ten="158,232,199,401" step="2"/><U120/><E120/><V117/><F99/><W130/><G97/><T4/><D4/><U123/><E123/><V43/><F43/><W22/><G130/><T39/><D39/><U78/><E78/><V103/><F103/><W24/><G96/><T132/><D132/><U89/><E100/><V55/><REACH who="2" step="1"/><F64/><AGARI ba="1,1" hai="1,6,7,8,10,14,46,47,56,61,64,86,90,92" machi="64" ten="30,2000,0" yaku="1,1,7,1,53,0" doraHai="105,93" doraHaiUra="125,51" who="0" fromWho="2" sc="158,33,232,0,199,-23,401,0" /><INIT seed="6,0,0,0,5,66" ten="191,232,176,401" oya="2" hai0="7,32,131,64,90,48,19,108,100,1,8,116,5" hai1="60,98,63,70,20,102,91,23,114,50,25,44,107" hai2="85,33,0,132,110,106,92,17,67,76,123,79,109" hai3="55,87,124,133,9,26,16,43,37,4,69,88,115"/><V62/><F123/><W126/><G69/><T31/><D108/><N who="2" m="41578" /><F106/><W71/><G71/><T47/><D131/><U135/><E114/><V103/><F132/><W35/><G115/><T61/><D116/><U104/><E135/><V68/><F33/><W36/><G55/><T59/><D100/><U117/><E117/><V13/><F0/><W2/><G43/><N who="0" m="24703" /><D32/><U127/><E127/><N who="3" m="48682" /><G133/><T112/><D31/><U41/><E107/><V129/><F129/><W134/><G134/><T11/><D1/><U39/><E91/><N who="2" m="53359" /><F103/><W53/><G53/><T46/><D112/><U15/><E15/><V97/><F97/><W22/><G35/><T45/><D90/><U3/><E3/><V38/><F38/><W96/><G96/><T12/><D11/><AGARI ba="0,0" hai="11,13,17,62,67,68,76,79" m="53359,41578" machi="11" ten="30,2900,0" yaku="10,1,52,1" doraHai="66" who="2" fromWho="0" sc="191,-29,232,0,176,29,401,0" /><INIT seed="6,1,0,4,5,64" ten="162,232,205,401" oya="2" hai0="97,29,90,47,96,68,130,41,104,124,116,62,38" hai1="123,120,80,92,8,12,23,52,109,46,79,40,14" hai2="48,1,98,6,119,35,107,134,61,85,57,45,27" hai3="53,74,95,0,43,17,101,129,112,26,5,42,51"/><V115/><F119/><W32/><G74/><T132/><D116/><U131/><E109/><V37/><F37/><W59/><G0/><T103/><D124/><U121/><E131/><V49/><F49/><W126/><G32/><T70/><D130/><U117/><E117/><V75/><F75/><W71/><G71/><T86/><D132/><U81/><E92/><V44/><F44/><W88/><G129/><T39/><D39/><U21/><E40/><V31/><F115/><W34/><G34/><T110/><D110/><U106/><E106/><V69/><F69/><W133/><G133/><T28/><D97/><U114/><E114/><V16/><F85/><N who="3" m="52623" /><G126/><T118/><D118/><U25/><E79/><V94/><F107/><W77/><G77/><T84/><D84/><U50/><E23/><V78/><F78/><W125/><G125/><T2/><D2/><U87/><E87/><V73/><F6/><W89/><G101/><T102/><D102/><U3/><E3/><V11/><F1/><W100/><G100/><T105/><D105/><U128/><E14/><N who="2" m="7263" /><F73/><W72/><G72/><T13/><D13/><U127/><E127/><V54/><F134/><W108/><G5/><T33/><D33/><U58/><E46/><V66/><F98/><W9/><G112/><T65/><REACH who="0" step="1"/><D68/><REACH who="0" ten="152,232,205,401" step="2"/><U10/><E128/><V99/><F99/><W15/><G108/><T122/><D122/><U63/><E121/><V93/><F35/><W91/><G26/><T7/><D7/><U55/><E123/><V30/><F27/><W56/><G56/><T19/><D19/><U60/><E120/><RYUUKYOKU ba="1,1" sc="152,10,232,-30,205,10,401,10" hai0="28,29,38,41,47,62,65,70,86,90,96,103,104" hai2="30,31,45,48,54,57,61,66,93,94" hai3="9,15,17,42,43,51,53,59,89,91" /><INIT seed="6,2,1,2,5,88" ten="162,202,215,411" oya="2" hai0="107,117,48,4,22,96,15,64,91,51,112,83,53" hai1="20,57,42,45,61,56,121,55,9,71,92,126,120" hai2="29,89,3,18,109,52,41,16,131,116,6,119,59" hai3="65,40,7,44,17,8,130,100,0,37,32,2,34"/><V63/><F29/><W38/><G17/><T114/><D117/><U104/><E104/><V10/><F41/><W66/><G100/><T27/><D64/><U80/><E126/><V60/><F131/><W86/><G86/><T46/><D107/><U113/><E113/><V25/><F109/><W31/><G130/><T103/><D91/><U102/><E71/><V84/><F63/><W24/><G34/><T97/><D83/><U43/><E80/><V108/><F108/><W123/><G123/><T19/><D51/><U106/><E106/><V78/><F78/><W95/><G95/><T128/><D128/><U94/><E9/><V105/><F105/><W67/><REACH who="3" step="1"/><G2/><REACH who="3" ten="162,202,215,401" step="2"/><T82/><D82/><U122/><E102/><V35/><F35/><W11/><G11/><T21/><D103/><U77/><E77/><V70/><F18/><W75/><G75/><T98/><REACH who="0" step="1"/><D4/><REACH who="0" ten="152,202,215,401" step="2"/><U127/><E121/><V14/><F116/><W87/><G87/><T79/><D79/><U73/><E73/><V111/><F119/><W133/><G133/><T72/><D72/><U115/><E122/><V49/><F111/><W101/><G101/><T30/><AGARI ba="2,3" hai="15,19,21,22,27,30,46,48,53,96,97,98,112,114" machi="30" ten="30,2000,0" yaku="1,1,0,1,53,0" doraHai="88" doraHaiUra="1" who="0" fromWho="0" sc="152,56,202,-7,215,-12,401,-7" /><INIT seed="7,0,0,3,1,133" ten="208,195,203,394" oya="3" hai0="9,11,15,14,77,39,61,86,126,26,71,56,20" hai1="112,18,54,101,6,78,90,130,1,74,28,114,135" hai2="69,45,21,87,125,80,121,27,51,83,19,38,98" hai3="30,58,116,132,127,60,124,59,118,119,91,33,25"/><W79/><G79/><T75/><D75/><U117/><E135/><V48/><F125/><N who="3" m="48203" /><G132/><T46/><D71/><U3/><E130/><V8/><F121/><W53/><G91/><T65/><D126/><U134/><E134/><V37/><F69/><W24/><G24/><T102/><D102/><U67/><E117/><V106/><F48/><W68/><G59/><T110/><D77/><U89/><E67/><V43/><F80/><W16/><G16/><T44/><D65/><U52/><E101/><V115/><F115/><N who="1" m="44073" /><E28/><V99/><F99/><W72/><G72/><T96/><D96/><U22/><E78/><V64/><F64/><W63/><G68/><T5/><D56/><U35/><E35/><V93/><F106/><W49/><AGARI ba="0,0" hai="25,30,33,49,53,58,60,63,116,118,119" m="48203" machi="49" ten="40,12000,1" yaku="18,1,52,3" doraHai="133" who="3" fromWho="3" sc="208,-40,195,-40,203,-40,394,120" owari="168,-3.0,155,-34.0,163,-24.0,514,61.0" /></mjloggm>