<mjloggm ver="2.3"><GO type="97" lobby="0"/><UN n0="%E3%81%AF%E3%82%89%E3%81%9F%E3%81%84%E3%82%89" n1="%6B%61%6D%65%6E%61%6E%6E" n2="%E7%99%BE%E5%85%AB%E7%85%A9%E6%82%A9" n3="%E3%83%88%E3%83%88%E3%83%AA%E5%85%88%E7%94%9F%31%39%E6%AD%B3" dan="13,13,14,15" rate="1882.61,1915.35,1940.43,2027.51" sx="M,M,M,F"/><TAIKYOKU oya="0"/><INIT seed="0,0,0,4,5,112" ten="250,250,250,250" oya="0" hai0="122,15,56,132,79,113,107,42,74,115,35,61,64" hai1="114,4,8,36,129,62,13,123,85,83,131,49,52" hai2="134,88,128,73,29,21,33,50,9,103,70,89,121" hai3="94,81,71,2,0,99,3,93,116,130,66,58,96"/><T16/><D122/><U23/><E36/><V40/><F121/><W11/><G71/><T22/><D35/><U106/><E106/><V98/><F33/><W105/><G105/><T108/><D107/><U19/><E114/><V30/><F73/><W46/><G116/><T86/><D42/><U7/><E62/><V1/><F70/><W78/><G130/><N who="1" m="49674" /><E123/><V67/><F128/><W92/><G11/><T75/><D132/><U47/><E23/><V63/><F1/><W57/><G46/><T43/><D43/><U82/><E82/><V95/><F9/><W17/><G17/><T124/><D124/><U53/><E53/><V26/><F134/><W24/><G24/><T31/><D108/><U72/><E72/><V10/><F10/><W54/><G66/><T90/><D31/><U59/><E59/><N who="2" m="37375" /><F30/><W68/><G68/><T44/><D44/><AGARI ba="0,0" hai="21,26,29,40,44,50,88,89,95,98,103" m="37375" machi="44" ten="30,3900,0" yaku="25,1,8,1,54,1" doraHai="112" who="2" fromWho="0" sc="250,-39,250,0,250,39,250,0" /><INIT seed="1,0,0,4,2,70" ten="211,250,289,250" oya="1" hai0="87,53,122,71,33,83,103,134,111,18,117,133,13" hai1="109,128,2,54,125,85,43,59,129,10,124,11,40" hai2="36,26,57,1,3,78,9,84,23,76,75,55,32" hai3="101,12,123,66,114,82,106,89,25,74,68,131,20"/><U99/><E109/><V90/><F75/><W24/><G114/><T39/><D117/><U121/><E121/><V118/><F118/><W80/><G123/><T28/><D122/><U46/><E99/><V7/><F32/><W6/><G131/><N who="1" m="50250" /><E85/><V44/><F3/><W21/><G74/><T108/><D71/><U35/><E35/><V14/><F1/><W98/><G89/><T95/><D33/><U19/><E2/><V65/><F65/><W86/><G86/><T73/><D28/><U52/><E19/><V47/><F47/><W4/><G66/><T105/><D105/><U127/><E59/><V0/><F0/><W22/><G68/><T77/><D73/><U51/><E40/><V56/><F56/><W132/><G132/><N who="0" m="50795" /><D53/><AGARI ba="0,0" hai="10,11,43,46,51,52,53,54,124,125,127" m="50250" machi="53" ten="40,7700,0" yaku="18,1,19,1,54,1" doraHai="70" who="1" fromWho="0" sc="211,-77,250,77,289,0,250,0" /><INIT seed="1,1,0,0,0,77" ten="134,327,289,250" oya="1" hai0="75,40,6,93,68,31,12,118,133,16,5,106,101" hai1="56,44,8,123,102,13,27,53,71,94,121,66,61" hai2="115,78,11,69,122,79,39,125,35,126,21,23,111" hai3="3,117,129,116,9,85,58,18,132,127,19,92,14"/><U10/><E27/><V95/><F69/><W110/><G3/><T103/><D118/><N who="3" m="45673" /><G110/><T1/><D75/><U41/><E8/><V25/><F39/><W128/><G58/><T4/><D68/><U37/><E102/><V43/><F43/><W91/><G132/><T73/><D73/><U24/><E94/><V86/><F122/><W87/><G127/><N who="2" m="48649" /><F11/><W74/><G74/><T80/><D133/><U88/><E24/><V15/><F115/><W98/><G19/><T135/><D135/><U29/><E29/><N who="2" m="19887" /><F111/><W109/><G109/><T82/><D40/><U42/><E42/><V36/><F36/><W131/><AGARI ba="1,0" hai="9,14,18,85,87,91,92,98,128,129,131" m="45673" machi="131" ten="40,2700,0" yaku="19,1,12,1" doraHai="77" who="3" fromWho="3" sc="134,-8,327,-14,289,-8,250,30" /><INIT seed="2,0,0,1,2,16" ten="126,313,281,280" oya="2" hai0="104,85,96,33,97,20,86,67,108,123,39,4,106" hai1="81,52,88,22,99,23,102,0,55,110,121,8,32" hai2="68,101,7,87,100,14,82,46,122,66,90,5,94" hai3="119,27,25,38,93,83,116,50,45,132,19,21,65"/><V109/><F122/><W91/><G38/><T6/><D39/><U12/><E32/><V128/><F46/><W124/><G132/><T48/><D33/><U73/><E0/><V57/><F68/><W76/><G124/><T53/><D123/><U129/><E121/><V42/><F42/><W130/><G130/><T107/><D108/><U43/><E129/><V15/><F128/><W44/><G65/><T58/><D67/><U84/><E43/><V117/><F117/><W56/><G56/><T31/><D85/><U41/><E73/><V34/><F34/><W61/><G61/><T131/><D131/><U59/><E55/><V24/><F109/><W10/><G10/><T51/><D86/><U115/><E41/><V69/><F69/><W80/><G27/><T92/><D51/><U37/><E37/><V135/><F135/><W111/><G111/><T13/><D97/><U71/><E71/><V113/><F113/><W9/><G9/><T89/><REACH who="0" step="1"/><D13/><REACH who="0" ten="116,313,281,280" step="2"/><U64/><E64/><V120/><F15/><W11/><G50/><T105/><N who="0" m="26624" /><DORA hai="114" /><T1/><D1/><U79/><E110/><V30/><F14/><N who="3" m="7647" /><G116/><T72/><D72/><U36/><E36/><V134/><F66/><W78/><G119/><T29/><D29/><U95/><E115/><V63/><F30/><N who="3" m="17711" /><G78/><T49/><D49/><N who="1" m="31119" /><E79/><V60/><F120/><W74/><G74/><T2/><D2/><U70/><E70/><V18/><F134/><W98/><G76/><T54/><D54/><U103/><E103/><V125/><F100/><W75/><G75/><T127/><D127/><U126/><E126/><RYUUKYOKU ba="0,1" sc="116,10,313,10,281,-30,280,10" hai0="4,6,20,31,48,53,58,89,92,96" hai1="8,12,22,23,81,84,88,95,99,102" hai3="44,45,80,83,91,93,98" /><INIT seed="3,1,1,5,4,112" ten="126,323,251,290" oya="3" hai0="108,133,120,127,3,8,123,0,33,98,60,76,132" hai1="40,41,122,19,101,80,85,42,78,105,82,86,30" hai2="49,106,96,22,52,72,1,111,74,77,107,58,25" hai3="57,45,67,128,13,34,35,83,71,93,114,18,88"/><W38/><G114/><T4/><D76/><U95/><E122/><N who="0" m="46633" /><D60/><U89/><E30/><V47/><F1/><W75/><G71/><T63/><D63/><U124/><E124/><V16/><F111/><W5/><G5/><T117/><D98/><U27/><E105/><V129/><F129/><W92/><G128/><T134/><D117/><U119/><E119/><V36/><F107/><W26/><G92/><T125/><D108/><U69/><E69/><V44/><F77/><W14/><G67/><T51/><D51/><U7/><E7/><V102/><REACH who="2" step="1"/><F36/><REACH who="2" ten="126,323,241,290" step="2"/><W99/><G38/><T24/><D0/><U29/><E78/><V126/><F126/><N who="0" m="48138" /><D24/><U97/><E27/><V84/><F84/><W109/><G109/><T87/><D87/><U66/><E85/><V104/><F104/><W12/><G75/><AGARI ba="1,2" hai="16,22,25,44,47,49,52,58,72,74,75,96,102,106" machi="75" ten="40,5200,0" yaku="1,1,54,2,53,0" doraHai="112" doraHaiUra="11" who="2" fromWho="3" sc="126,0,323,0,241,75,290,-55" owari="126,-37.0,323,41.0,316,12.0,235,-16.0" /></mjloggm>