<mjloggm ver="2.3"><GO type="97" lobby="0"/><UN n0="%E5%B0%B1%E6%B4%BB%E7%94%9F%40%E5%B7%9D%E6%9D%91%E8%BB%8D%E5%9B%A3" n1="%75%73%77" n2="%E3%82%8C%E3%81%B0%E3%81%B6%E3%81%A4" n3="%E4%B8%89%E3%83%B6%E5%B3%B6%E6%B2%99%E6%A8%B9" dan="15,15,15,13" rate="2073.84,1962.71,1975.34,1861.44" sx="M,M,M,F"/><TAIKYOKU oya="0"/><INIT seed="0,0,0,1,3,82" ten="250,250,250,250" oya="0" hai0="54,83,106,67,121,72,71,45,48,99,65,57,124" hai1="105,109,17,19,96,81,38,120,8,128,0,41,55" hai2="86,69,133,14,37,22,123,70,36,58,104,111,122" hai3="20,29,91,32,114,101,3,118,119,100,62,35,129"/><T108/><D121/><U60/><E120/><V7/><F22/><W42/><G114/><T92/><D124/><U94/><E109/><V117/><F14/><W103/><G3/><T76/><D108/><U30/><E30/><V1/><F7/><W10/><G129/><T39/><D106/><U31/><E105/><V93/><F93/><W47/><G10/><T24/><D71/><U16/><E31/><V107/><F58/><W52/><G91/><T6/><D6/><U131/><E81/><V51/><F51/><W33/><G62/><T53/><D24/><U130/><E38/><V102/><F102/><W98/><G98/><T95/><D95/><U125/><E41/><V90/><F90/><W68/><G68/><T116/><D116/><U15/><E0/><V9/><F9/><W40/><G52/><T88/><REACH who="0" step="1"/><D39/><REACH who="0" ten="240,250,250,250" step="2"/><U44/><E125/><V61/><F111/><W23/><G118/><T78/><D78/><U4/><E4/><V80/><F117/><W89/><G119/><T25/><D25/><U84/><E94/><V26/><F26/><W112/><G112/><T75/><D75/><U2/><E2/><V110/><F110/><W66/><G33/><T134/><D134/><U74/><E74/><V126/><F1/><W73/><G32/><T59/><D59/><U132/><E128/><V49/><F126/><W77/><G73/><T87/><D87/><U11/><E132/><V12/><F133/><W113/><G35/><T21/><D21/><U46/><E130/><V50/><F123/><W56/><G20/><T115/><D115/><U28/><E131/><RYUUKYOKU ba="0,1" sc="240,30,250,-10,250,-10,250,-10" hai0="45,48,53,54,57,65,67,72,76,83,88,92,99" /><INIT seed="0,1,1,3,0,132" ten="270,240,240,240" oya="0" hai0="24,31,44,70,55,90,101,94,103,45,115,7,106" hai1="56,130,15,59,11,79,48,34,93,126,5,96,23" hai2="119,135,42,9,134,82,133,10,61,66,19,95,98" hai3="33,35,120,51,43,36,114,107,14,6,124,47,88"/><T25/><D115/><U113/><E34/><V81/><F42/><W122/><G114/><T38/><D70/><U28/><E130/><V100/><F119/><W29/><G107/><T20/><D106/><U110/><E110/><V131/><F131/><W62/><G36/><T27/><D38/><U53/><E79/><V80/><REACH who="2" step="1"/><F19/><REACH who="2" ten="270,240,230,240" step="2"/><W67/><G43/><T65/><D65/><U52/><E113/><V87/><F87/><W72/><G72/><T58/><D7/><U71/><E71/><AGARI ba="1,2" hai="9,10,61,66,71,80,81,82,95,98,100,133,134,135" machi="71" ten="50,3200,0" yaku="1,1,20,1,53,0" doraHai="132" doraHaiUra="17" who="2" fromWho="1" sc="270,0,240,-35,230,55,240,0" /><INIT seed="1,0,0,5,1,73" ten="270,205,285,240" oya="1" hai0="72,122,132,120,75,90,12,114,35,55,133,74,87" hai1="130,15,46,135,59,108,0,61,48,117,6,123,22" hai2="20,41,31,44,43,7,38,57,14,27,47,128,77" hai3="21,125,28,119,23,102,111,2,24,50,67,52,29"/><U63/><E123/><N who="0" m="47145" /><D35/><U115/><E115/><V40/><F128/><W51/><G2/><T95/><D55/><U71/><E117/><V65/><F77/><W1/><G1/><T124/><D12/><U76/><E0/><V62/><F43/><W85/><G119/><T70/><D70/><U127/><E127/><V64/><F65/><W16/><G125/><T45/><D45/><U17/><E135/><N who="0" m="51785" /><D124/><U56/><E130/><V19/><F7/><W13/><G67/><T42/><D42/><U26/><E71/><V18/><REACH who="2" step="1"/><F14/><REACH who="2" ten="270,205,275,240" step="2"/><W101/><G13/><T100/><D100/><U121/><E76/><V4/><F4/><W92/><G101/><T109/><D109/><U126/><E108/><V84/><F84/><W81/><G85/><T86/><D114/><U80/><E121/><V110/><F110/><W79/><G102/><T60/><D60/><N who="1" m="23115" /><E126/><V66/><F66/><W82/><G111/><T113/><D113/><U96/><E96/><AGARI ba="0,1" hai="72,74,75,86,87,90,95,96" m="51785,47145" machi="96" ten="40,8000,1" yaku="13,1,20,1,34,2" doraHai="73" who="0" fromWho="1" sc="270,90,205,-80,275,0,240,0" /><INIT seed="2,0,0,1,5,64" ten="360,125,275,240" oya="2" hai0="42,100,22,57,10,117,94,25,28,14,33,3,65" hai1="11,134,30,12,36,9,34,35,131,107,2,83,39" hai2="67,75,114,122,87,13,123,63,85,48,124,66,93" hai3="79,41,92,55,59,120,109,40,70,125,112,101,20"/><V104/><F75/><W126/><G120/><T37/><D117/><U27/><E107/><V68/><F104/><W128/><G79/><T0/><D37/><U38/><E134/><V80/><F114/><W116/><G116/><T113/><D42/><U119/><E119/><V133/><F133/><W91/><G128/><T86/><D113/><U96/><E131/><V98/><F67/><W130/><G130/><T61/><D33/><U49/><E96/><V15/><F124/><W71/><G101/><T31/><D31/><U21/><E83/><V73/><F73/><W108/><G20/><T90/><REACH who="0" step="1"/><D100/><REACH who="0" ten="350,125,275,240" step="2"/><U32/><E49/><V69/><F123/><W118/><G118/><T135/><D135/><U7/><REACH who="1" step="1"/><E9/><REACH who="1" ten="350,115,275,240" step="2"/><V132/><F132/><W78/><G112/><T77/><D77/><U5/><E5/><AGARI ba="0,2" hai="0,3,5,10,14,22,25,28,57,61,65,86,90,94" machi="5" ten="30,3900,0" yaku="1,1,7,1,53,1" doraHai="64" doraHaiUra="88" who="0" fromWho="1" sc="350,59,115,-39,275,0,240,0" /><INIT seed="3,0,0,4,2,12" ten="409,76,275,240" oya="3" hai0="76,102,124,95,37,32,49,2,107,103,60,45,54" hai1="79,62,4,28,115,119,87,125,85,46,42,65,35" hai2="23,123,111,39,51,6,112,118,47,110,120,20,72" hai3="94,66,18,106,130,100,90,59,14,21,105,19,56"/><W17/><G130/><T108/><D107/><U63/><E115/><V131/><F72/><W128/><G128/><T55/><D32/><U44/><E119/><V109/><F131/><W78/><G78/><T15/><D2/><U104/><E104/><V88/><F39/><W77/><G77/><T10/><D124/><U132/><E125/><V43/><F112/><W33/><G33/><T58/><D108/><U74/><E74/><V22/><F118/><W53/><G106/><T117/><D117/><U57/><E4/><V71/><F71/><W25/><G105/><T36/><D76/><U67/><E132/><V101/><F101/><W83/><G66/><T64/><D95/><U61/><E79/><V0/><F0/><W48/><G59/><T121/><D121/><U93/><E35/><V91/><REACH who="2" step="1"/><F6/><REACH who="2" ten="409,76,265,240" step="2"/><W75/><G100/><T1/><D1/><U13/><E93/><V8/><F8/><N who="3" m="6343" /><G75/><T16/><D102/><U96/><E96/><V24/><F24/><W27/><G83/><T52/><D103/><U135/><E135/><V11/><F11/><W80/><G80/><T29/><D37/><U97/><E97/><V68/><F68/><W34/><G34/><T70/><D36/><U98/><E98/><V92/><F92/><W114/><G114/><T134/><D134/><U133/><E133/><V122/><AGARI ba="0,1" hai="20,22,23,43,47,51,88,91,109,110,111,120,122,123" machi="122" ten="50,12000,2" yaku="1,1,0,1,29,2,14,1,13,1,54,1,53,0" doraHai="12" doraHaiUra="73" who="2" fromWho="2" sc="409,-30,76,-30,265,130,240,-60" owari="379,18.0,46,-45.0,395,49.0,180,-22.0" /></mjloggm>