<mjloggm ver="2.3"><GO type="193" lobby="0"/><UN n0="%72%6C%32%32" n1="%73%2E%72%69%76%65%72" n2="%E7%8E%A9%E5%80%8B%4A%42" n3="%E3%83%88%E3%83%88%E3%83%AA%E5%85%88%E7%94%9F%31%39%E6%AD%B3" dan="11,12,11,12" rate="1521.83,1642.60,1745.33,1850.25" sx="M,M,M,F"/><TAIKYOKU oya="0"/><INIT seed="0,0,0,0,0,39" ten="250,250,250,250" oya="0" hai0="76,126,128,108,62,34,32,106,37,82,121,3,72" hai1="133,28,87,113,71,18,78,85,114,57,116,109,12" hai2="117,89,110,51,49,36,22,47,20,48,27,40,88" hai3="24,119,2,125,42,118,8,130,9,81,107,11,44"/><T95/><RYUUKYOKU type="yao9" ba="0,0" sc="250,0,250,0,250,0,250,0" hai0="3,32,34,37,62,72,76,82,95,106,108,121,126,128" /><INIT seed="0,1,0,5,2,35" ten="250,250,250,250" oya="0" hai0="19,73,113,60,68,90,111,49,127,18,69,114,87" hai1="39,26,109,63,86,33,28,92,40,121,23,132,112" hai2="116,1,8,103,17,36,120,126,11,131,56,107,83" hai3="93,29,16,100,21,117,110,128,115,98,79,14,55"/><T67/><BYE who="1" /><D73/><U25/><E25/><V82/><F120/><W50/><G115/><T70/><D127/><U13/><E13/><V89/><F36/><W134/><G110/><T122/><D111/><U101/><E101/><V99/><F126/><W74/><G128/><T12/><D122/><U58/><E58/><V75/><F131/><W61/><G134/><T94/><D49/><U57/><E57/><V46/><F46/><W30/><G117/><T22/><REACH who="0" step="1"/><D19/><REACH who="0" ten="240,250,250,250" step="2"/><U52/><E52/><V124/><F124/><W6/><G74/><T91/><D91/><U31/><E31/><V64/><F89/><W96/><G79/><T133/><D133/><U95/><E95/><V65/><F75/><W129/><G129/><T34/><D34/><U85/><E85/><V10/><F17/><W118/><G118/><T54/><D54/><U45/><E45/><V20/><F116/><W102/><G61/><T81/><D81/><U105/><E105/><V53/><F83/><W135/><G135/><T41/><D41/><U71/><E71/><AGARI ba="1,1" hai="12,18,22,60,67,68,69,70,71,87,90,94,113,114" machi="71" ten="40,2000,0" yaku="1,1,53,0" doraHai="35" doraHaiUra="130" who="0" fromWho="1" sc="240,33,250,-23,250,0,250,0" /><INIT seed="0,2,0,3,1,50" ten="273,227,250,250" oya="0" hai0="33,134,60,111,37,17,40,80,103,125,28,2,32" hai1="19,57,87,48,15,112,93,90,89,72,88,69,18" hai2="34,66,130,95,49,14,55,77,108,104,23,63,97" hai3="100,115,67,53,20,123,41,45,58,91,133,127,64"/><T16/><D2/><U85/><E85/><V35/><F104/><W47/><G115/><T25/><D134/><U120/><E120/><V26/><F108/><W62/><G123/><T78/><D111/><U31/><E31/><V94/><F77/><W4/><G133/><T61/><D125/><U46/><E46/><V13/><F35/><W11/><G127/><T126/><D126/><U27/><E27/><V113/><F113/><W70/><BYE who="2" /><G100/><UN n2="%E7%8E%A9%E5%80%8B%4A%42" /><T118/><D118/><U101/><E101/><V117/><F34/><W7/><G47/><T71/><D33/><U82/><E82/><V73/><F73/><W6/><G91/><T83/><D103/><U110/><E110/><V119/><F130/><W98/><G98/><T128/><D128/><U12/><E12/><V124/><F124/><W54/><G20/><T22/><D80/><U107/><E107/><V9/><F9/><W65/><G54/><T21/><D71/><U99/><E99/><V29/><F95/><W92/><G92/><T10/><D32/><U76/><E76/><V56/><F119/><W30/><G30/><T68/><D68/><U74/><E74/><V38/><F38/><W131/><G131/><T79/><D79/><U1/><E1/><V44/><F117/><W51/><REACH who="3" step="1"/><G11/><REACH who="3" ten="273,227,250,240" step="2"/><T8/><D28/><U84/><E84/><V122/><F122/><W129/><G129/><T43/><D37/><AGARI ba="2,1" hai="4,6,7,37,41,45,51,53,58,62,64,65,67,70" machi="37" ten="40,8000,1" yaku="1,1,24,2,52,1,53,1" doraHai="50" doraHaiUra="59" who="3" fromWho="0" sc="273,-86,227,0,250,0,240,96" /><INIT seed="1,0,0,5,1,128" ten="187,227,250,336" oya="1" hai0="43,77,74,3,11,30,131,122,116,92,107,91,100" hai1="123,46,25,64,75,111,6,16,31,112,81,34,17" hai2="8,72,133,95,101,135,53,21,125,76,88,24,7" hai3="62,58,106,4,22,121,57,59,55,65,9,110,127"/><U29/><E29/><V0/><F125/><W93/><G106/><T2/><D131/><U45/><E45/><V108/><F108/><W48/><G121/><T130/><D116/><U68/><E68/><V134/><F101/><W67/><G127/><T5/><D122/><U102/><E102/><V18/><F53/><W83/><G110/><T49/><D130/><U44/><E44/><V105/><F105/><W66/><G93/><T89/><D3/><U14/><E14/><V39/><F39/><W60/><G22/><T82/><D30/><U79/><E79/><V132/><N who="2" m="34304" /><DORA hai="87" /><V94/><F72/><W26/><G26/><T115/><D115/><U50/><E50/><V126/><F126/><W13/><REACH who="3" step="1"/><G83/><REACH who="3" ten="187,227,250,326" step="2"/><T120/><D120/><U56/><E56/><AGARI ba="0,1" hai="4,9,13,48,55,56,57,58,59,60,62,65,66,67" machi="56" ten="40,12000,2" yaku="1,1,2,1,8,1,53,4" doraHai="128,87" doraHaiUra="52,109" who="3" fromWho="1" sc="187,0,227,-120,250,0,326,130" /><INIT seed="2,0,0,0,2,61" ten="187,107,250,456" oya="2" hai0="102,79,41,129,110,107,37,134,35,30,113,34,112" hai1="115,120,4,93,63,100,70,96,133,39,22,121,78" hai2="45,74,0,106,132,44,23,58,94,122,8,51,25" hai3="6,127,57,80,105,48,87,52,19,28,135,99,10"/><V21/><F106/><W125/><G135/><T117/><D134/><U76/><E76/><V56/><F74/><W46/><G28/><T20/><D117/><U104/><E104/><V130/><F132/><W85/><G19/><T55/><D129/><U16/><E16/><N who="2" m="12455" /><F0/><W89/><G87/><T67/><D110/><U32/><E32/><V108/><F130/><W13/><G105/><T49/><D113/><U86/><E86/><V3/><F3/><W9/><G99/><T29/><D112/><U73/><E73/><V109/><F122/><W123/><G123/><T2/><D79/><U54/><E54/><N who="2" m="31839" /><F8/><N who="3" m="4247" /><G57/><T62/><D2/><U90/><E90/><V92/><F23/><W83/><G83/><T50/><D20/><U118/><E118/><V40/><F40/><W14/><G14/><T75/><D75/><U15/><E15/><V7/><F7/><W24/><G24/><T18/><D18/><U59/><E59/><V68/><F68/><W81/><G81/><T128/><D128/><U72/><E72/><V88/><F58/><W66/><G9/><T11/><D11/><U5/><E5/><V17/><F17/><W91/><G10/><T33/><D30/><U95/><E95/><V119/><F94/><W126/><G127/><T53/><D29/><U27/><E27/><V36/><F119/><W64/><G126/><T116/><D116/><U98/><E98/><N who="2" m="57607" /><F36/><W103/><G125/><T71/><D107/><U31/><E31/><V42/><F42/><W82/><G103/><T60/><D102/><U65/><E65/><N who="3" m="25194" /><G82/><T97/><D97/><U47/><E47/><AGARI ba="0,0" hai="44,45,47,108,109" m="57607,31839,12455" machi="47" ten="30,5800,0" yaku="6,1,54,2" doraHai="61" who="2" fromWho="1" sc="187,0,107,-58,250,58,456,0" /><INIT seed="2,1,0,0,0,106" ten="187,49,308,456" oya="2" hai0="24,31,17,56,86,29,103,57,38,100,5,75,42" hai1="8,14,65,132,37,127,97,112,49,126,2,43,134" hai2="121,98,125,133,95,58,16,18,27,61,30,135,120" hai3="55,53,69,109,113,107,71,101,9,64,104,66,81"/><V0/><F0/><W102/><G81/><T124/><D124/><U92/><E92/><V21/><F125/><W26/><G26/><T3/><D31/><U10/><E10/><V32/><F121/><W1/><G9/><T67/><D57/><U91/><E91/><V44/><F44/><W87/><G87/><T19/><D103/><U70/><E70/><V46/><F46/><W15/><G15/><T108/><D108/><U122/><E122/><V82/><F82/><W36/><G1/><T60/><D100/><U4/><E4/><V62/><F62/><W117/><G109/><T83/><D75/><U63/><E63/><V73/><F73/><W131/><G131/><T115/><D115/><U79/><E79/><V25/><F18/><W52/><G55/><T80/><D38/><U13/><E13/><V114/><F114/><W11/><G11/><T90/><D80/><U48/><E48/><V33/><F33/><W74/><G74/><T51/><D3/><U39/><E39/><V45/><F45/><W96/><G36/><T35/><D5/><U128/><E128/><V7/><F7/><W72/><G72/><T77/><D42/><U110/><E110/><V6/><F6/><W68/><G68/><T111/><D111/><U40/><E40/><V34/><F34/><W50/><G113/><T84/><D51/><U88/><E88/><N who="2" m="55655" /><F120/><W28/><G50/><T118/><D118/><U85/><E85/><V20/><F32/><W116/><G28/><T76/><D76/><U119/><E119/><V99/><F99/><AGARI ba="1,0" hai="52,53,64,66,69,71,96,99,101,102,104,107,116,117" machi="99" ten="25,3200,0" yaku="22,2,54,1" doraHai="106" who="3" fromWho="2" sc="187,0,49,0,308,-35,456,35" /><INIT seed="3,0,0,4,1,26" ten="187,49,273,491" oya="3" hai0="105,85,49,14,61,10,114,9,22,0,111,75,31" hai1="23,15,71,135,44,19,28,88,109,66,101,120,82" hai2="32,6,43,87,59,128,127,25,83,133,11,90,51" hai3="94,13,104,54,42,129,123,69,67,40,96,118,30"/><W5/><G118/><T81/><D105/><U62/><E62/><V124/><F128/><W99/><G123/><T16/><D114/><U121/><E121/><V132/><F25/><W57/><G129/><T17/><D75/><U134/><E134/><N who="2" m="51819" /><F32/><W18/><G5/><T37/><D37/><U47/><E47/><N who="2" m="26111" /><F59/><W100/><G67/><T21/><D111/><U116/><E116/><V1/><AGARI ba="0,0" hai="1,6,11,83,87,90,124,127" m="26111,51819" machi="1" ten="30,1100,0" yaku="20,1" doraHai="26" who="2" fromWho="2" sc="187,-3,49,-3,273,11,491,-5" owari="184,-22.0,46,-45.0,284,8.0,486,59.0" /></mjloggm>