<mjloggm ver="2.3"><GO type="97" lobby="0"/><UN n0="%E6%B2%96%E6%9C%AC%E7%9E%AC%EF%BC%A0%E5%B7%9D%E6%9D%91%E8%BB%8D%E5%9B%A3" n1="%67%65%6D" n2="%2D%E9%BB%84%E7%8C%BF%2D" n3="%E5%B0%B1%E6%B4%BB%E7%94%9F%40%E5%B7%9D%E6%9D%91%E8%BB%8D%E5%9B%A3" dan="15,14,15,14" rate="1918.49,1920.68,2070.01,1996.07" sx="M,F,M,M"/><TAIKYOKU oya="0"/><INIT seed="0,0,0,3,2,111" ten="250,250,250,250" oya="0" hai0="40,77,41,22,15,31,106,3,58,69,24,4,46" hai1="121,30,100,115,107,123,122,55,64,112,19,124,72" hai2="86,83,23,50,45,134,73,42,57,56,102,32,93" hai3="74,49,95,66,125,81,117,21,71,29,84,120,78"/><T96/><D69/><U65/><E72/><V48/><F32/><W130/><G117/><T94/><D106/><U82/><E30/><V90/><F73/><W91/><G120/><T97/><D77/><U33/><E33/><V1/><F1/><W2/><G2/><T119/><D119/><U8/><E82/><V34/><F34/><W35/><G35/><T47/><D58/><U44/><E107/><V129/><F129/><W52/><G130/><T13/><D3/><U114/><E100/><V113/><F113/><W12/><G125/><T118/><D118/><U37/><E8/><V135/><F50/><W10/><G66/><N who="1" m="25706" /><E19/><V108/><F108/><W127/><G71/><T51/><D4/><U9/><E9/><V131/><F131/><W11/><G127/><T76/><D76/><U87/><E87/><V92/><F23/><W6/><G11/><T68/><D68/><U27/><E27/><V132/><F102/><W126/><G126/><T7/><D7/><U43/><E124/><V70/><F70/><W128/><G128/><T109/><D109/><U36/><E55/><V54/><F54/><W60/><G21/><T85/><D85/><U25/><E25/><V75/><F75/><W38/><G29/><T61/><D61/><U18/><E18/><V104/><F104/><W80/><G38/><AGARI ba="0,0" hai="36,37,38,43,44,112,114,115,121,122,123" m="25706" machi="38" ten="40,12000,2" yaku="11,1,34,2,52,3" doraHai="111" who="1" fromWho="3" sc="250,0,250,120,250,0,250,-120" /><INIT seed="1,0,0,1,5,1" ten="250,370,250,130" oya="1" hai0="37,112,115,121,30,27,107,31,64,101,80,73,8" hai1="98,109,39,54,28,23,93,85,65,111,72,2,114" hai2="47,59,52,90,96,88,44,70,58,32,130,22,120" hai3="105,126,24,131,25,61,38,0,127,41,49,135,20"/><U63/><E2/><V133/><F32/><W62/><G105/><T5/><D37/><U7/><E114/><V21/><F70/><W106/><G106/><T100/><D100/><U78/><E39/><V97/><F120/><W69/><G131/><T13/><D31/><U123/><E123/><V48/><F130/><W108/><G0/><T66/><D121/><U116/><E116/><V18/><F133/><W79/><G135/><T6/><D101/><U68/><E72/><V9/><F9/><W14/><G108/><N who="1" m="41546" /><E54/><V15/><F22/><W87/><G38/><T95/><D107/><U40/><E40/><V82/><F59/><W113/><G113/><T128/><D128/><U76/><E85/><N who="2" m="50231" /><F90/><W94/><G14/><T83/><D73/><U19/><E28/><V102/><F102/><W129/><G129/><T119/><D119/><U117/><E117/><V104/><F104/><W134/><G134/><T132/><D132/><U17/><E7/><V75/><F75/><W36/><G36/><T45/><D30/><U53/><E53/><N who="2" m="29855" /><F44/><N who="3" m="25743" /><G69/><T86/><D45/><U34/><E34/><V57/><F57/><W118/><G118/><T89/><D115/><U56/><E68/><V4/><F4/><W12/><G79/><N who="1" m="30250" /><E23/><V3/><F3/><W125/><G20/><T67/><D112/><U16/><E17/><V60/><AGARI ba="0,0" hai="15,18,21,52,58,60,96,97" m="29855,50231" machi="60" ten="30,4000,0" yaku="8,1,54,2" doraHai="1" who="2" fromWho="2" sc="250,-10,370,-20,250,40,130,-10" /><INIT seed="2,0,0,3,0,130" ten="240,350,290,120" oya="2" hai0="106,112,51,84,75,108,31,68,69,0,97,64,116" hai1="129,79,109,91,86,18,101,89,9,88,63,65,110" hai2="27,23,29,95,93,30,103,135,5,77,125,43,66" hai3="48,54,102,58,45,107,105,128,74,78,133,123,83"/><V1/><F43/><W81/><G128/><T76/><D75/><U118/><E118/><V49/><F77/><W20/><G123/><T114/><D116/><U92/><E129/><V132/><F125/><W57/><G83/><T32/><D0/><U67/><E9/><V12/><F1/><W134/><G20/><T4/><D4/><U55/><E18/><V115/><F115/><W96/><REACH who="3" step="1"/><G105/><REACH who="3" ten="240,350,290,110" step="2"/><T117/><D117/><U113/><E113/><V17/><F95/><W126/><G126/><T19/><D114/><U127/><E127/><V16/><F93/><W73/><G73/><T124/><D112/><U72/><E72/><V3/><F23/><W70/><G70/><T47/><D69/><U94/><E94/><V15/><F3/><W87/><G87/><T28/><D124/><U33/><E92/><V85/><F85/><W131/><G131/><T24/><D106/><U36/><E36/><V56/><F103/><W90/><G90/><T38/><D68/><U10/><E88/><V71/><F71/><W53/><G53/><T122/><D38/><U98/><E55/><V11/><F66/><W52/><G52/><T121/><D64/><U80/><E91/><V44/><F56/><AGARI ba="0,1" hai="45,48,54,56,57,58,74,78,81,96,102,107,133,134" machi="56" ten="40,5200,0" yaku="1,1,52,2,53,0" doraHai="130" doraHaiUra="61" who="3" fromWho="2" sc="240,0,350,0,290,-52,110,62" /><INIT seed="3,0,0,2,1,127" ten="240,350,238,172" oya="3" hai0="129,76,91,121,78,105,46,36,98,81,5,69,60" hai1="85,128,73,120,26,89,53,87,103,51,116,30,42" hai2="21,67,68,19,44,58,0,45,82,74,133,94,123" hai3="70,118,90,15,6,122,117,50,125,47,93,102,77"/><W48/><G122/><T54/><D121/><U49/><E120/><V18/><F123/><RYUUKYOKU type="kaze4" ba="0,0" sc="240,0,350,0,238,0,172,0" /><INIT seed="3,1,0,0,4,21" ten="240,350,238,172" oya="3" hai0="79,130,22,12,7,27,77,83,49,54,37,111,101" hai1="59,58,20,62,133,118,16,80,67,132,91,94,9" hai2="105,109,18,36,41,30,32,121,26,78,57,4,124" hai3="110,8,96,71,115,131,84,104,3,64,112,134,70"/><W100/><G84/><T126/><D37/><U129/><E118/><V39/><F105/><W52/><G131/><T81/><D130/><U92/><E129/><V38/><F121/><W89/><G89/><T45/><D101/><U43/><E43/><V60/><F109/><W73/><G134/><N who="1" m="51818" /><E9/><V14/><F4/><N who="3" m="1055" /><G52/><T11/><D111/><U125/><E125/><V113/><F124/><W88/><G88/><T86/><D126/><U82/><E59/><V85/><F113/><N who="3" m="43595" /><G110/><T25/><REACH who="0" step="1"/><D22/><REACH who="0" ten="230,350,238,172" step="2"/><U97/><E94/><V116/><F38/><W44/><G44/><T29/><D29/><U76/><E76/><V61/><F39/><W122/><G122/><T2/><D2/><U107/><E107/><V13/><F30/><W87/><G87/><AGARI ba="1,1" hai="7,11,12,25,27,45,49,54,77,79,81,83,86,87" machi="87" ten="30,12000,2" yaku="1,1,7,1,9,1,8,1,52,2,53,0" doraHai="21" doraHaiUra="103" who="0" fromWho="3" sc="230,133,350,0,238,0,172,-123" owari="363,46.0,350,15.0,238,-16.0,49,-45.0" /></mjloggm>