<mjloggm ver="2.3"><GO type="225" lobby="0"/><UN n0="%E3%82%82%E3%82%81%E3%82%93%E3%81%AA%E3%81%A1%E3%82%83%E3%81%84" n1="%E3%81%97%E3%82%8D%E3%81%9F%E3%82%93%E3%81%8C%E3%81%84%E3%81%84%E3%81%8A" n2="%63%75%72%65%74%61%70%65" n3="%E3%83%88%E3%83%88%E3%83%AA%E5%85%88%E7%94%9F%31%39%E6%AD%B3" dan="17,16,16,17" rate="2143.51,2123.60,2118.75,2240.01" sx="M,M,M,F"/><TAIKYOKU oya="0"/><INIT seed="0,0,0,5,2,121" ten="250,250,250,250" oya="0" hai0="19,73,112,90,45,43,86,20,105,50,18,63,28" hai1="116,60,88,82,64,78,8,104,1,61,57,51,17" hai2="130,119,109,68,62,67,108,56,40,39,47,15,27" hai3="0,120,41,46,128,65,5,95,11,77,110,129,54"/><T26/><D112/><U97/><E116/><V37/><F119/><W107/><G120/><T71/><D73/><U85/><E51/><N who="2" m="27111" /><F27/><W44/><G107/><T79/><D79/><U84/><E104/><V12/><F12/><W48/><G110/><N who="2" m="42601" /><F130/><N who="3" m="50283" /><G77/><T14/><D105/><U24/><E97/><V81/><F81/><W83/><G83/><T89/><D19/><U125/><E125/><V98/><F98/><W69/><G95/><T101/><D101/><U53/><E1/><V135/><F135/><W58/><G41/><T52/><D86/><U9/><E24/><V106/><F106/><W94/><G94/><T72/><D72/><U16/><E9/><V111/><N who="2" m="42609" /><V23/><DORA hai="33" /><F68/><W10/><G10/><T25/><D25/><U59/><E8/><V134/><F134/><W4/><G4/><T115/><D115/><U126/><E126/><V36/><F15/><W13/><G13/><T87/><D87/><U132/><E132/><V7/><F23/><W21/><G21/><T3/><D3/><U99/><E99/><V91/><F91/><W66/><G69/><T6/><D6/><AGARI ba="0,0" hai="6,7,36,37,39,56,62,67" m="42609,27111" machi="6" ten="50,8000,1" yaku="14,1,52,4" doraHai="121,33" who="2" fromWho="0" sc="250,-80,250,0,250,80,250,0" /><INIT seed="1,0,0,5,1,18" ten="170,250,330,250" oya="1" hai0="86,84,47,56,27,16,51,99,17,102,69,29,35" hai1="33,59,106,28,34,109,118,75,104,53,121,55,113" hai2="95,71,77,101,134,128,129,114,43,74,23,116,112" hai3="62,70,7,110,5,8,72,21,61,130,122,38,26"/><U91/><E121/><V1/><F116/><W80/><G122/><T117/><D69/><U108/><E118/><V103/><F71/><W11/><G38/><T111/><D117/><U68/><E68/><V115/><F1/><W25/><G110/><N who="1" m="42602" /><E113/><V50/><F134/><W123/><G123/><T90/><D111/><U124/><E75/><V32/><F32/><N who="1" m="12393" /><E124/><V0/><F0/><W36/><G36/><T31/><D56/><U94/><E28/><V63/><F63/><W73/><G70/><T49/><D29/><U76/><E76/><V119/><F119/><W120/><G120/><T24/><D49/><N who="1" m="31151" /><E55/><V89/><F77/><W39/><G62/><T133/><D133/><U57/><E57/><V79/><F79/><W66/><G61/><T65/><D65/><U13/><E13/><V60/><F74/><W88/><G73/><T4/><D4/><U42/><E42/><V41/><F60/><W135/><G72/><T12/><D27/><U98/><AGARI ba="0,0" hai="91,94,98,104,106" m="31151,12393,42602" machi="98" ten="30,3000,0" yaku="14,1,10,1" doraHai="18" who="1" fromWho="1" sc="170,-10,250,30,330,-10,250,-10" /><INIT seed="1,1,0,4,1,117" ten="160,280,320,240" oya="1" hai0="135,6,130,106,95,94,83,7,30,90,40,58,60" hai1="32,78,118,19,98,56,41,97,25,79,26,103,53" hai2="21,54,92,66,82,127,50,42,10,81,120,112,51" hai3="84,131,126,18,75,22,3,45,4,96,68,133,107"/><U38/><E118/><V65/><F127/><W44/><G75/><T16/><D106/><U77/><E98/><V43/><F112/><W72/><G72/><T12/><D135/><U36/><E41/><V2/><F21/><W93/><G68/><T14/><D130/><U129/><E129/><V88/><F10/><W125/><G131/><T15/><D30/><U122/><E122/><V67/><F2/><W109/><G133/><T55/><D40/><U35/><E19/><V87/><F120/><W64/><G64/><T9/><D83/><N who="2" m="31754" /><F51/><W99/><G84/><T49/><D60/><U74/><E74/><V31/><F31/><W62/><G62/><T102/><D102/><U47/><E47/><AGARI ba="1,0" hai="42,43,47,50,54,65,66,67,87,88,92" m="31754" machi="47" ten="30,2000,0" yaku="8,1,54,1" doraHai="117" who="2" fromWho="1" sc="160,0,280,-23,320,23,240,0" /><INIT seed="2,0,0,2,5,125" ten="160,257,343,240" oya="2" hai0="105,13,112,31,116,49,86,83,48,99,127,45,30" hai1="15,38,95,135,6,77,27,100,107,134,32,78,39" hai2="109,81,33,16,50,98,54,126,59,82,40,106,129" hai3="104,121,11,94,23,133,90,101,47,79,8,115,68"/><V73/><F33/><W10/><G121/><T108/><D116/><U12/><E107/><V63/><F126/><W57/><G68/><T37/><D127/><U61/><E61/><V34/><F34/><W92/><G104/><T124/><D124/><U22/><E32/><V132/><F132/><N who="1" m="50729" /><E95/><V75/><F109/><W42/><G133/><T118/><D118/><U46/><E100/><V93/><F106/><W14/><G115/><T69/><D69/><U67/><E67/><V103/><F75/><W76/><G57/><T87/><D112/><U29/><E46/><V120/><F120/><W84/><G101/><T24/><D108/><U113/><E113/><V35/><F35/><W64/><G94/><T52/><D37/><N who="1" m="13835" /><E6/><V36/><F36/><W122/><G64/><T60/><D60/><U128/><E128/><V7/><F129/><W62/><G62/><T123/><D123/><U20/><E20/><V80/><F73/><W71/><G71/><T4/><D49/><U53/><E53/><V74/><F7/><W111/><G111/><T89/><D87/><U91/><E91/><V65/><F74/><W51/><G122/><T102/><REACH who="0" step="1"/><D24/><REACH who="0" ten="150,257,343,240" step="2"/><U43/><E43/><V1/><F63/><W110/><G110/><T17/><D17/><AGARI ba="0,1" hai="8,10,11,14,17,23,42,47,51,76,79,84,90,92" machi="17" ten="40,1300,0" yaku="8,1" doraHai="125" who="3" fromWho="0" sc="150,-13,257,0,343,0,240,23" /><INIT seed="3,0,0,5,5,44" ten="137,257,343,263" oya="3" hai0="66,108,100,117,34,74,118,58,73,115,104,127,52" hai1="81,47,30,49,95,126,125,75,45,98,128,103,21" hai2="20,92,76,24,15,62,102,60,119,50,36,113,56" hai3="61,26,55,91,122,84,71,133,109,96,85,123,107"/><W134/><G109/><T112/><D34/><U97/><E128/><V106/><F119/><N who="0" m="45578" /><D100/><U10/><E10/><V59/><F113/><N who="0" m="43594" /><D104/><U6/><E6/><V51/><F36/><W12/><G12/><T46/><D74/><U93/><E47/><V13/><F106/><W129/><G129/><T53/><D73/><U27/><E81/><V78/><F20/><W11/><G11/><T132/><D108/><U2/><E2/><V77/><F24/><W70/><G26/><T35/><D35/><U110/><E110/><V94/><F77/><W135/><G107/><T37/><D132/><U120/><E120/><N who="3" m="46122" /><G96/><T101/><D101/><AGARI ba="0,0" hai="13,15,50,51,56,59,60,62,76,78,92,94,101,102" machi="101" ten="25,8000,1" yaku="22,2,8,1,52,2" doraHai="44" who="2" fromWho="0" sc="137,-80,257,0,343,80,263,0" owari="57,-44.0,257,-14.0,423,52.0,263,6.0" /></mjloggm>