<mjloggm ver="2.3"><GO type="97" lobby="0"/><UN n0="%E5%B0%B1%E6%B4%BB%E7%94%9F%40%E5%B7%9D%E6%9D%91%E8%BB%8D%E5%9B%A3" n1="%E6%B5%AE%E3%81%8D%E7%94%B7" n2="%E3%81%BE%E3%82%8A%E3%81%99%E3%82%89" n3="%E3%83%8F%E3%83%A2%E5%B8%AB%E5%8C%A0" dan="15,13,14,14" rate="2031.32,1857.58,1989.28,1858.75" sx="M,M,M,M"/><TAIKYOKU oya="0"/><INIT seed="0,0,0,5,2,24" ten="250,250,250,250" oya="0" hai0="44,33,0,105,102,122,6,109,12,32,123,50,45" hai1="3,104,115,126,125,22,121,120,108,100,124,42,5" hai2="47,73,35,127,43,46,4,57,9,62,66,15,63" hai3="58,77,96,112,7,30,14,34,56,99,84,111,92"/><T54/><D0/><U25/><E42/><V87/><F35/><W97/><G111/><T88/><D109/><U37/><E37/><V83/><F127/><W95/><G112/><T53/><D105/><U118/><E108/><V134/><F134/><W91/><G77/><T26/><D102/><U68/><E68/><V65/><F73/><W16/><G7/><T19/><D6/><U131/><E115/><V55/><F47/><W110/><G110/><T72/><D72/><U29/><E118/><V89/><REACH who="2" step="1"/><F62/><REACH who="2" ten="250,250,240,250" step="2"/><W13/><G13/><T71/><D33/><U135/><E135/><V20/><F20/><W40/><G40/><T67/><D32/><U103/><E131/><V70/><F70/><W86/><G34/><T39/><D71/><U129/><E129/><V133/><F133/><W75/><G75/><T28/><D122/><N who="1" m="47211" /><E104/><V117/><F117/><W27/><G27/><T8/><D123/><U114/><E114/><V36/><AGARI ba="0,1" hai="4,9,15,36,43,46,55,57,63,65,66,83,87,89" machi="36" ten="20,2700,0" yaku="1,1,0,1,7,1,53,0" doraHai="24" doraHaiUra="106" who="2" fromWho="2" sc="250,-13,250,-7,240,37,250,-7" /><INIT seed="1,0,0,0,5,124" ten="237,243,277,243" oya="1" hai0="22,47,109,0,86,103,126,112,16,41,6,27,90" hai1="92,56,73,110,120,10,60,100,9,32,132,29,23" hai2="79,128,116,74,81,123,53,25,44,45,78,107,85" hai3="46,34,125,49,121,11,105,38,119,127,122,54,51"/><U106/><E120/><N who="3" m="46186" /><G34/><T117/><D112/><U69/><E73/><V18/><F116/><W61/><G105/><T19/><D117/><U129/><E106/><V64/><F107/><W43/><G119/><T21/><D126/><N who="3" m="48137" /><G11/><T93/><D109/><U1/><E69/><V70/><F64/><W84/><G84/><T131/><D103/><U17/><E32/><V88/><F70/><W39/><G61/><T83/><D6/><U113/><E113/><V31/><F18/><W28/><G28/><T58/><D0/><U57/><E1/><V101/><F79/><W80/><G80/><T98/><D58/><AGARI ba="0,0" hai="38,39,43,46,49,51,54,58" m="48137,46186" machi="58" ten="30,3900,0" yaku="18,1,34,2" doraHai="124" who="3" fromWho="0" sc="237,-39,243,0,277,0,243,39" /><INIT seed="2,0,0,4,1,102" ten="198,243,277,282" oya="2" hai0="82,43,101,31,110,34,123,4,54,45,97,16,121" hai1="85,96,30,113,56,38,7,41,81,13,83,76,112" hai2="108,91,124,115,127,32,130,49,87,119,46,21,131" hai3="0,10,117,70,9,93,74,69,59,44,57,78,88"/><V48/><F32/><W95/><G117/><T39/><D110/><U8/><E30/><V58/><F115/><W15/><G95/><T33/><D4/><U25/><E25/><V55/><F119/><W3/><G44/><T79/><D54/><U135/><E135/><V80/><F21/><W99/><G69/><T72/><D16/><U90/><E96/><V65/><F108/><W89/><G70/><T77/><D77/><U17/><E7/><V120/><F120/><W73/><G89/><T27/><REACH who="0" step="1"/><D34/><REACH who="0" ten="188,243,277,282" step="2"/><U92/><E76/><V62/><REACH who="2" step="1"/><F48/><REACH who="2" ten="188,243,267,282" step="2"/><W6/><G78/><T2/><D2/><U29/><E112/><V35/><F35/><W63/><G0/><T52/><D52/><U22/><E113/><V111/><F111/><W20/><G3/><T68/><D68/><U75/><E29/><V36/><F36/><W14/><G9/><T125/><D125/><AGARI ba="0,2" hai="46,49,55,58,62,65,80,87,91,124,125,127,130,131" machi="125" ten="40,3900,0" yaku="1,1,18,1,53,0" doraHai="102" doraHaiUra="109" who="2" fromWho="0" sc="188,-39,243,0,267,59,282,0" /><INIT seed="2,1,0,4,4,131" ten="149,243,326,282" oya="2" hai0="122,125,95,126,47,104,33,18,28,10,15,115,74" hai1="49,1,86,7,71,8,84,94,99,22,98,68,77" hai2="112,45,117,106,58,134,20,42,113,56,93,135,34" hai3="109,51,89,90,107,73,53,25,97,80,52,120,14"/><V83/><F117/><W13/><G109/><T46/><D104/><U16/><E49/><V30/><F106/><W132/><G120/><T62/><D74/><U88/><E77/><V72/><F34/><W43/><G132/><N who="2" m="50729" /><F93/><W65/><G65/><T3/><D115/><U36/><E36/><V11/><F11/><W124/><G124/><T23/><D122/><U85/><REACH who="1" step="1"/><E99/><REACH who="1" ten="149,233,326,282" step="2"/><V19/><F112/><W96/><G97/><T40/><D126/><U39/><E39/><N who="2" m="21727" /><F113/><W127/><G96/><T123/><D125/><U78/><E78/><N who="2" m="44487" /><F30/><W111/><G107/><T44/><D28/><U31/><E31/><V66/><F66/><W37/><G111/><T105/><D123/><U9/><E9/><V79/><F79/><W129/><G127/><T41/><D10/><U55/><E55/><V82/><F82/><W50/><G52/><T108/><D108/><U0/><E0/><V128/><F128/><W5/><G53/><T116/><D3/><U103/><E103/><V48/><F48/><W6/><G51/><T64/><D116/><U54/><E54/><V92/><F92/><W4/><G50/><T21/><D95/><U75/><E75/><V63/><F63/><W87/><G73/><T130/><D62/><U32/><E32/><V121/><F121/><W35/><G129/><T76/><D33/><U119/><E119/><V57/><F20/><W2/><G35/><T114/><D64/><U101/><E101/><V60/><F60/><W81/><G80/><T100/><D130/><U12/><AGARI ba="1,1" hai="1,7,8,12,16,22,68,71,84,85,86,88,94,98" machi="12" ten="30,7900,0" yaku="1,1,0,1,54,2,53,0" doraHai="131" doraHaiUra="24" who="1" fromWho="1" sc="149,-21,233,92,326,-40,282,-21" /><INIT seed="3,0,0,0,2,80" ten="128,325,286,261" oya="3" hai0="103,86,61,58,97,52,2,17,14,50,106,82,10" hai1="28,27,36,89,98,117,108,12,39,13,127,85,67" hai2="30,111,115,26,44,77,47,8,66,32,81,110,83" hai3="76,75,49,55,0,19,5,100,134,131,64,116,68"/><W43/><G116/><T31/><D2/><U105/><E117/><V87/><F115/><W63/><G131/><T48/><REACH who="0" step="1"/><D31/><REACH who="0" ten="118,325,286,261" step="2"/><U119/><E28/><V99/><F30/><W92/><G134/><T11/><D11/><U40/><E119/><V132/><F8/><W124/><G124/><T29/><D29/><U33/><E33/><V35/><F132/><W125/><G125/><T41/><D41/><U15/><E127/><V65/><F32/><W51/><G0/><T123/><D123/><U109/><E40/><V24/><F35/><W120/><G120/><T57/><D57/><U121/><E121/><V37/><F44/><W71/><G43/><T84/><D84/><U128/><E85/><V42/><F47/><W62/><G5/><T126/><D126/><U133/><E133/><V95/><F42/><W59/><G59/><T93/><D93/><U96/><E39/><V22/><F37/><W70/><G92/><T72/><D72/><U112/><E36/><V129/><F95/><W78/><G75/><T74/><D74/><U7/><E105/><V23/><F87/><W38/><G38/><T114/><D114/><U54/><E112/><V130/><F99/><W91/><G19/><T4/><D4/><U20/><E96/><V56/><F56/><W3/><G3/><T94/><D94/><U102/><E98/><V90/><F129/><W6/><G6/><T34/><D34/><U1/><E7/><V113/><F130/><W107/><G71/><T135/><D135/><U21/><E1/><V46/><F113/><W45/><G70/><T104/><D104/><RYUUKYOKU ba="0,1" sc="118,30,325,-10,286,-10,261,-10" hai0="10,14,17,48,50,52,58,61,82,86,97,103,106" owari="148,-35.0,325,42.0,276,8.0,251,-15.0" /></mjloggm>