<mjloggm ver="2.3"><GO type="169" lobby="0"/><UN n0="%E5%B0%B1%E6%B4%BB%E7%94%9F%40%E5%B7%9D%E6%9D%91%E8%BB%8D%E5%9B%A3" n1="%6D%6F%74%69%37%32%2E%2E" n2="%E3%83%A1%E3%83%AB%E3%82%AF" n3="%E9%BA%BB%E7%94%9F%E9%9B%80%E5%AD%90" dan="17,16,17,17" rate="2094.24,2093.66,2120.36,2160.19" sx="M,M,M,F"/><TAIKYOKU oya="0"/><INIT seed="0,0,0,4,2,93" ten="250,250,250,250" oya="0" hai0="122,70,60,9,50,72,48,7,33,109,25,22,69" hai1="119,77,11,112,97,66,31,67,3,58,114,126,99" hai2="130,134,88,10,2,61,123,81,47,62,40,104,29" hai3="46,120,14,12,87,21,85,125,84,8,1,78,105"/><T94/><D122/><U133/><E119/><V13/><F123/><W124/><G105/><T28/><D72/><U98/><E133/><V17/><F134/><W115/><G115/><N who="1" m="44074" /><E126/><N who="3" m="48746" /><G120/><T73/><D73/><U103/><E77/><V79/><F104/><W15/><G46/><T135/><D135/><U0/><E103/><V117/><F130/><W56/><G56/><T19/><D109/><U39/><E39/><V89/><F117/><W65/><G65/><N who="1" m="24586" /><E58/><V38/><F2/><N who="1" m="553" /><E11/><V35/><F35/><W121/><G121/><T110/><D110/><U102/><E102/><V83/><F29/><AGARI ba="0,0" hai="29,31,97,98,99" m="553,24586,44074" machi="29" ten="40,12000,2" yaku="28,2,11,1,52,3" doraHai="93" who="1" fromWho="2" sc="250,0,250,120,250,-120,250,0" /><INIT seed="1,0,0,2,4,45" ten="250,370,130,250" oya="1" hai0="16,95,133,76,101,36,84,81,132,53,40,46,130" hai1="78,35,54,87,17,120,15,91,89,73,96,7,33" hai2="104,71,113,119,23,14,41,50,60,26,109,20,24" hai3="30,4,9,65,123,58,100,131,121,118,106,74,128"/><U82/><E120/><V55/><F104/><W105/><G74/><T125/><D130/><N who="3" m="49705" /><G30/><T114/><D114/><U93/><E7/><V97/><F109/><W47/><G47/><T21/><D125/><U111/><E111/><V98/><F113/><W129/><G118/><T112/><D112/><U11/><REACH who="1" step="1"/><E54/><REACH who="1" ten="250,360,130,250" step="2"/><V32/><F119/><W49/><G129/><T72/><D53/><U27/><E27/><V124/><F124/><W51/><G121/><T18/><D132/><U122/><E122/><V44/><F24/><W70/><G123/><T102/><D133/><U83/><AGARI ba="0,1" hai="11,15,17,33,35,73,78,82,83,87,89,91,93,96" machi="83" ten="20,3900,0" yaku="1,1,0,1,7,1,53,0" doraHai="45" doraHaiUra="52" who="1" fromWho="1" sc="250,-13,360,49,130,-13,250,-13" /><INIT seed="1,1,0,1,4,25" ten="237,409,117,237" oya="1" hai0="26,17,123,24,105,90,87,78,103,5,94,39,74" hai1="69,134,98,41,104,49,110,40,21,128,85,112,37" hai2="29,108,22,121,55,116,54,125,135,73,70,43,35" hai3="38,33,1,8,57,6,86,30,77,20,130,75,48"/><U100/><E37/><V93/><F93/><W83/><G38/><T7/><D39/><U102/><E112/><V19/><F73/><W31/><G33/><T89/><D123/><U27/><E69/><V79/><F79/><W59/><G130/><T50/><D89/><U68/><E68/><V109/><F43/><W66/><G75/><T129/><D129/><U15/><E128/><V76/><F76/><W10/><G10/><T115/><D115/><U16/><E134/><V82/><F82/><W11/><G11/><T72/><D50/><U44/><E102/><V45/><F121/><W47/><G20/><T132/><D132/><U4/><E110/><V61/><F135/><W114/><G114/><T92/><D92/><U80/><E4/><V120/><F120/><W95/><G95/><T101/><D101/><U62/><E62/><V60/><F125/><W32/><G32/><T13/><D7/><U107/><E107/><V131/><F131/><W111/><G111/><N who="2" m="42569" /><F116/><W53/><REACH who="3" step="1"/><G66/><REACH who="3" ten="237,409,117,227" step="2"/><T0/><D72/><U91/><REACH who="1" step="1"/><E41/><REACH who="1" ten="237,399,117,227" step="2"/><V117/><F117/><W71/><G71/><T119/><D105/><U63/><E63/><V67/><F61/><W58/><AGARI ba="1,2" hai="1,6,8,30,31,47,48,53,57,58,59,77,83,86" machi="58" ten="30,7900,0" yaku="1,1,0,1,52,2,53,0" doraHai="25" doraHaiUra="28" who="3" fromWho="3" sc="237,-21,399,-40,117,-21,227,102" /><INIT seed="2,0,0,2,2,119" ten="216,359,96,329" oya="2" hai0="91,30,88,18,51,126,125,93,22,104,4,19,54" hai1="37,16,122,49,40,26,21,39,25,61,65,6,94" hai2="130,114,110,0,57,41,44,118,135,38,132,73,8" hai3="59,67,34,12,105,87,11,97,82,23,63,99,27"/><V3/><F118/><W111/><G34/><T131/><D104/><U32/><E6/><V2/><F114/><W45/><G45/><T58/><D131/><U134/><E134/><N who="2" m="51243" /><F130/><W116/><G105/><T81/><D4/><U102/><E122/><V112/><F112/><W29/><G111/><T7/><D7/><U53/><E40/><V115/><F115/><W50/><G50/><T71/><D71/><U9/><E9/><V35/><F110/><W52/><G67/><T36/><D36/><U24/><E102/><V98/><F35/><W62/><G62/><T95/><D81/><U84/><E84/><V68/><F68/><W101/><G101/><T120/><D120/><U43/><E43/><V20/><F20/><W109/><G109/><T13/><D30/><U117/><E94/><V80/><F57/><W74/><G74/><T106/><D106/><U100/><E100/><V129/><F129/><W79/><G116/><T15/><D95/><U127/><E117/><V10/><F98/><W5/><AGARI ba="0,0" hai="5,11,12,23,27,29,52,59,63,79,82,87,97,99" machi="5" ten="20,5200,0" yaku="0,1,7,1,8,1,54,1" doraHai="119" who="3" fromWho="3" sc="216,-13,359,-13,96,-26,329,52" /><INIT seed="3,0,0,5,3,100" ten="203,346,70,381" oya="3" hai0="7,91,119,80,93,38,70,26,74,14,121,59,51" hai1="124,96,83,5,13,117,81,50,17,86,76,99,101" hai2="2,27,102,132,34,134,129,107,57,58,49,42,73" hai3="35,109,47,72,37,133,3,120,60,41,54,78,40"/><W31/><G3/><T18/><D70/><U19/><E124/><V77/><F129/><W4/><G120/><T46/><D121/><U127/><E127/><V104/><F2/><W28/><G4/><T66/><D119/><U53/><E5/><V63/><F102/><W90/><G133/><N who="2" m="51305" /><F77/><W36/><G35/><T33/><D38/><U98/><E117/><V52/><F73/><W45/><G109/><T71/><D71/><U113/><E113/><V65/><F42/><W67/><G54/><T103/><D7/><U94/><E83/><V62/><F62/><W55/><G55/><T130/><D130/><U106/><E13/><V16/><F16/><W6/><G6/><T9/><D103/><U128/><E128/><V32/><F32/><W112/><G112/><T85/><D33/><U88/><REACH who="1" step="1"/><E99/><REACH who="1" ten="203,336,70,381" step="2"/><V64/><F64/><W0/><G0/><T115/><D115/><U39/><E39/><V8/><F8/><W11/><G72/><T123/><D74/><U125/><E125/><V82/><F82/><W84/><G78/><T105/><D123/><U122/><E122/><V43/><F43/><W87/><G11/><T44/><D80/><U48/><E48/><V30/><AGARI ba="0,1" hai="27,30,34,49,52,57,58,63,65,104,107" m="51305" machi="30" ten="30,7900,0" yaku="20,1,52,2,54,1" doraHai="100" who="2" fromWho="2" sc="203,-20,336,-20,70,89,381,-39" /><INIT seed="4,0,0,0,0,28" ten="183,316,159,342" oya="0" hai0="103,11,15,40,67,41,119,73,29,89,54,134,46" hai1="48,12,26,92,24,10,113,95,1,2,21,115,51" hai2="25,34,58,6,101,49,123,132,93,122,60,27,98" hai3="110,39,64,36,81,65,76,3,85,96,130,37,87"/><T108/><D73/><U105/><E105/><V17/><F132/><W53/><G110/><T61/><D119/><U124/><E124/><V88/><F6/><W20/><G3/><T99/><D108/><U84/><E84/><V120/><F49/><W114/><G114/><T104/><D134/><U16/><E51/><V125/><F125/><W77/><G96/><T31/><D89/><U107/><E48/><V13/><F34/><W35/><G53/><T32/><D54/><U74/><E107/><V68/><F68/><W75/><G75/><T0/><D0/><N who="1" m="107" /><E74/><V38/><F38/><W91/><G35/><T55/><D55/><U128/><E128/><V18/><F101/><W19/><G130/><T63/><D63/><U94/><E10/><V56/><F56/><W69/><G69/><T9/><D9/><U86/><E86/><V4/><F58/><W50/><G50/><T83/><D83/><U43/><E43/><V7/><F60/><W22/><G91/><T112/><D112/><AGARI ba="0,0" hai="12,16,21,24,26,92,94,95,112,113,115" m="107" machi="112" ten="40,5200,0" yaku="15,1,11,1,54,1" doraHai="28" who="1" fromWho="0" sc="183,-52,316,52,159,0,342,0" /><INIT seed="5,0,0,3,5,72" ten="131,368,159,342" oya="1" hai0="119,4,48,61,130,133,24,44,10,77,35,69,67" hai1="65,106,38,21,126,80,112,11,22,124,118,98,76" hai2="49,42,47,94,135,28,110,78,108,18,104,53,116" hai3="14,66,113,33,2,73,84,1,50,27,55,79,97"/><U68/><E38/><V12/><F104/><W70/><G73/><T25/><D119/><U85/><E118/><V122/><F122/><W57/><G113/><T37/><D130/><U131/><E112/><V89/><F116/><W82/><G97/><T105/><D133/><U74/><E131/><V9/><F135/><W109/><G109/><T45/><D105/><U51/><E51/><V75/><F28/><W29/><G70/><T16/><D35/><U83/><E11/><V59/><F78/><W26/><G66/><T117/><D117/><U95/><E106/><V96/><REACH who="2" step="1"/><F75/><REACH who="2" ten="131,368,149,342" step="2"/><W87/><G29/><T102/><D77/><U125/><E74/><V81/><F81/><W13/><G82/><T92/><D37/><AGARI ba="0,1" hai="9,12,18,37,42,47,49,53,59,89,94,96,108,110" machi="37" ten="30,2000,0" yaku="1,1,7,1,53,0" doraHai="72" doraHaiUra="134" who="2" fromWho="0" sc="131,-20,368,0,149,30,342,0" /><INIT seed="6,0,0,0,2,128" ten="111,368,179,342" oya="2" hai0="58,65,38,106,37,73,55,0,123,45,71,5,124" hai1="80,125,13,52,109,56,12,116,28,27,101,32,36" hai2="85,11,39,129,63,30,77,57,51,120,46,89,21" hai3="53,16,9,115,98,74,59,14,19,2,68,72,110"/><V104/><F104/><W44/><G110/><T66/><D106/><U67/><E109/><V111/><F39/><N who="0" m="14858" /><D73/><U105/><E36/><V76/><F120/><W10/><G115/><T127/><D0/><U15/><E67/><N who="0" m="25609" /><D5/><U75/><E116/><V134/><F11/><W130/><G2/><T88/><D88/><U4/><E125/><N who="0" m="48201" /><D123/><U70/><E4/><V132/><F111/><W83/><G98/><T99/><D99/><U6/><E6/><V78/><F30/><W42/><G83/><T79/><D79/><U69/><E80/><V112/><F21/><W29/><G29/><T121/><D121/><U43/><E75/><V49/><F77/><W64/><G72/><T18/><D18/><U91/><E91/><V131/><F76/><W93/><G74/><T7/><D7/><U84/><E84/><V107/><F85/><W35/><G19/><T33/><D33/><U90/><E90/><V31/><F78/><W87/><G16/><T119/><D119/><U133/><E101/><V47/><F89/><W50/><G35/><T94/><D94/><U48/><E32/><V113/><F107/><W20/><G20/><T108/><D108/><U117/><E105/><V8/><F31/><W62/><G14/><T61/><D45/><U1/><E15/><V24/><F24/><W92/><G87/><T97/><D97/><U26/><E13/><V25/><F25/><W34/><G92/><T86/><D86/><U3/><E12/><V135/><F46/><W95/><G95/><T41/><D41/><U54/><E27/><V118/><F47/><W96/><G93/><RYUUKYOKU ba="0,0" sc="111,30,368,-10,179,-10,342,-10" hai0="55,58,61,71" /><INIT seed="7,1,0,4,4,88" ten="141,358,169,332" oya="3" hai0="63,67,15,99,56,24,105,129,8,61,41,74,121" hai1="120,26,78,119,124,95,71,16,133,48,2,102,91" hai2="79,3,110,29,36,65,54,122,52,69,94,40,114" hai3="111,80,75,33,32,132,100,72,20,53,93,50,46"/><W12/><G132/><T131/><D74/><U58/><E71/><V84/><F114/><W66/><G66/><T70/><D121/><U31/><E120/><V98/><F110/><W92/><G111/><T44/><D24/><U118/><E2/><V82/><F3/><W39/><G39/><T59/><D105/><U127/><E102/><V106/><F106/><W76/><G72/><T126/><D99/><N who="1" m="57855" /><E16/><V108/><F108/><W17/><REACH who="3" step="1"/><G93/><REACH who="3" ten="141,358,169,322" step="2"/><T135/><D135/><U73/><E133/><V101/><F94/><W77/><G77/><T0/><D0/><U113/><E113/><V57/><F65/><W28/><G28/><T134/><D134/><U89/><E89/><V23/><F29/><W60/><G60/><T45/><D126/><N who="1" m="48171" /><E78/><V9/><F79/><W34/><G34/><T6/><D70/><U128/><E73/><V5/><F69/><W86/><G86/><T13/><D13/><U10/><E128/><N who="0" m="49225" /><D41/><U1/><E1/><V107/><F40/><W112/><G112/><T68/><D68/><U7/><E7/><V4/><F4/><W27/><G27/><T117/><D117/><U90/><E90/><N who="2" m="51479" /><F122/><W14/><G14/><T81/><D81/><U103/><E103/><V49/><F5/><W47/><G47/><T51/><D51/><U83/><E83/><V64/><F49/><W30/><G30/><T85/><D85/><U25/><E25/><V62/><F36/><W55/><G55/><T125/><D125/><U38/><E38/><V116/><F116/><W21/><G21/><T37/><D37/><U42/><E119/><V115/><F115/><RYUUKYOKU ba="1,1" sc="141,15,358,-15,169,-15,322,15" hai0="6,8,15,44,45,56,59,61,63,67" hai3="12,17,20,32,33,46,50,53,75,76,80,92,100" /><INIT seed="7,2,1,1,3,74" ten="156,343,154,337" oya="3" hai0="111,32,30,93,102,133,109,77,18,112,41,15,7" hai1="39,62,95,64,29,20,103,13,132,21,114,24,12" hai2="80,71,72,46,36,25,113,59,89,107,45,60,26" hai3="85,47,58,2,76,5,70,99,83,55,35,6,33"/><W134/><G70/><T125/><D7/><U98/><E39/><V121/><F107/><W54/><G134/><T97/><D125/><U118/><E114/><V116/><F116/><W1/><G47/><T69/><D69/><U66/><E132/><V106/><F106/><W4/><G99/><T9/><D112/><U104/><E118/><V128/><F113/><W87/><G87/><T23/><D32/><U130/><E130/><V86/><F71/><W126/><G126/><T81/><D133/><U124/><E124/><V129/><F121/><W68/><G68/><T3/><D41/><U44/><E104/><V34/><F72/><W91/><G91/><T101/><D101/><U94/><E44/><N who="2" m="17003" /><F36/><W0/><REACH who="3" step="1"/><G55/><REACH who="3" ten="156,343,154,327" step="2"/><T65/><D109/><U40/><E40/><V96/><F96/><W92/><G92/><T51/><D111/><U105/><E66/><N who="2" m="39199" /><F34/><W27/><G27/><T48/><D65/><U127/><E127/><V22/><F129/><W122/><G122/><T110/><D110/><U31/><E105/><V8/><F128/><W119/><G119/><T63/><D93/><U73/><E95/><V79/><F89/><W16/><G16/><T56/><D102/><U49/><E73/><V78/><F78/><W120/><G120/><T11/><D97/><U90/><E103/><V28/><F26/><W131/><G131/><T84/><D30/><U43/><E29/><V38/><F38/><W57/><G57/><T52/><D3/><U19/><E13/><V10/><AGARI ba="2,2" hai="8,10,22,25,28,79,80,86" m="39199,17003" machi="10" ten="30,2000,0" yaku="8,1,52,1" doraHai="74" who="2" fromWho="2" sc="156,-7,343,-7,154,46,327,-12" owari="149,-35.0,336,43.0,200,-20.0,315,12.0" /></mjloggm>