<mjloggm ver="2.3"><GO type="169" lobby="0"/><UN n0="%63%6F%61" n1="%E3%81%97%E3%82%85%E3%81%86%E3%83%BC%E3%80%82" n2="%E3%81%BA%E3%82%8A%E3%81%8B%E3%82%93" n3="%E3%83%88%E3%83%88%E3%83%AA%E5%85%88%E7%94%9F%31%39%E6%AD%B3" dan="17,18,17,18" rate="2140.80,2174.69,2209.33,2159.39" sx="M,M,F,F"/><TAIKYOKU oya="0"/><INIT seed="0,0,0,3,4,40" ten="250,250,250,250" oya="0" hai0="51,13,24,113,131,101,82,19,14,43,117,9,124" hai1="37,57,128,107,125,44,64,60,59,45,66,108,21" hai2="48,111,135,6,78,61,104,109,68,49,99,3,10" hai3="1,94,79,35,91,90,116,85,75,120,134,100,2"/><T47/><D113/><U84/><E107/><V50/><F78/><W56/><G116/><T81/><D117/><U72/><E72/><V34/><F34/><W70/><G70/><T95/><D124/><U62/><E125/><V118/><F118/><W11/><G35/><T88/><D131/><U27/><E128/><V83/><F83/><W42/><G134/><T80/><D14/><U5/><E108/><N who="2" m="41547" /><F135/><W12/><G120/><T20/><D101/><U126/><E126/><V73/><F73/><W22/><G22/><T31/><D81/><U92/><E37/><V77/><F77/><W17/><G100/><T8/><D8/><U41/><E41/><V7/><F7/><W52/><G79/><T15/><D15/><U26/><E5/><V98/><F104/><W23/><G75/><T103/><D103/><U55/><E55/><V127/><F127/><W121/><G121/><T65/><D65/><AGARI ba="0,0" hai="3,6,10,48,49,50,61,65,68,98,99" m="41547" machi="65" ten="30,1000,0" yaku="14,1" doraHai="40" who="2" fromWho="0" sc="250,-10,250,0,250,10,250,0" /><INIT seed="1,0,0,1,5,78" ten="240,250,260,250" oya="1" hai0="22,113,76,116,115,126,86,36,132,101,114,88,128" hai1="66,92,64,119,37,99,118,59,62,63,69,35,9" hai2="41,98,103,0,21,38,129,48,54,79,111,8,81" hai3="70,2,11,97,52,19,1,51,80,49,67,10,102"/><U72/><E35/><V57/><F111/><W94/><G51/><T16/><D36/><U95/><E37/><V130/><F0/><W43/><G43/><T33/><D33/><U100/><E72/><V27/><F8/><W44/><G10/><T131/><D116/><U26/><E9/><V121/><F121/><W61/><REACH who="3" step="1"/><G80/><REACH who="3" ten="240,250,260,240" step="2"/><N who="0" m="49223" /><D132/><U134/><E134/><V32/><F41/><W124/><G124/><T104/><D126/><U20/><REACH who="1" step="1"/><E95/><REACH who="1" ten="240,240,260,240" step="2"/><V74/><F38/><W120/><G120/><T29/><D114/><U96/><E96/><V12/><F98/><W133/><G133/><T73/><D115/><U84/><E84/><V53/><F74/><W50/><G50/><T30/><D73/><U87/><E87/><V108/><F48/><W122/><G122/><T7/><D113/><U91/><E91/><V65/><F79/><W112/><G112/><T93/><D76/><U135/><E135/><V5/><F130/><N who="0" m="49706" /><D93/><U15/><E15/><AGARI ba="0,2" hai="1,2,11,15,19,44,49,52,61,67,70,94,97,102" machi="15" ten="40,2600,0" yaku="1,1,54,1,53,0" doraHai="78" doraHaiUra="109" who="3" fromWho="1" sc="240,0,240,-26,260,0,240,46" /><INIT seed="2,0,0,5,2,49" ten="240,214,260,286" oya="2" hai0="59,72,29,9,20,89,115,77,58,109,2,31,94" hai1="56,91,60,111,131,78,11,84,133,22,62,55,134" hai2="34,4,69,123,54,99,50,13,38,118,95,36,68" hai3="30,52,113,19,21,44,107,130,132,87,104,24,103"/><V96/><F118/><W114/><G130/><T10/><D115/><N who="3" m="44041" /><G132/><N who="1" m="50794" /><E131/><V45/><F34/><N who="3" m="20807" /><G87/><N who="0" m="52543" /><D72/><U79/><E111/><V35/><F35/><W66/><G66/><T70/><D2/><U117/><E117/><V40/><F123/><W135/><G135/><T108/><D77/><U65/><E22/><V32/><F99/><W6/><G6/><T64/><D70/><N who="1" m="42279" /><E11/><N who="0" m="4105" /><D64/><U126/><E126/><V76/><F32/><W112/><G103/><T39/><D39/><U124/><E124/><V129/><F76/><W43/><G43/><T8/><D8/><U23/><E23/><V27/><F129/><W88/><G88/><T42/><D42/><U47/><E47/><V15/><F38/><W106/><G112/><T63/><D20/><U41/><E41/><V98/><F69/><W73/><G73/><T71/><D71/><U92/><AGARI ba="0,0" hai="55,56,62,78,79,84,91,92" m="42279,50794" machi="92" ten="30,2000,0" yaku="20,1,52,1" doraHai="49" who="1" fromWho="1" sc="240,-5,214,20,260,-10,286,-5" /><INIT seed="3,0,0,1,2,94" ten="235,234,250,281" oya="3" hai0="118,74,32,12,5,57,92,86,10,84,98,133,54" hai1="0,97,15,56,8,104,121,29,135,40,90,109,20" hai2="41,103,120,47,66,27,106,11,112,1,70,96,45" hai3="88,89,55,80,16,131,48,95,46,72,71,79,128"/><W6/><G71/><T107/><D118/><U65/><E121/><V31/><F112/><W59/><G6/><T39/><D39/><U50/><E0/><V42/><F120/><W87/><G16/><T33/><D74/><U67/><E135/><V13/><F1/><W126/><G126/><T28/><D133/><U37/><E37/><V21/><F66/><W22/><G22/><T110/><D110/><U69/><E69/><V24/><F70/><W62/><REACH who="3" step="1"/><G89/><REACH who="3" ten="235,234,250,271" step="2"/><T113/><D5/><U122/><E20/><V26/><F11/><W85/><G85/><T91/><D84/><U36/><E90/><V100/><F13/><W18/><G18/><T81/><D12/><U75/><E15/><V127/><F127/><W58/><G58/><T53/><D57/><U44/><E56/><V51/><F21/><W102/><G102/><T38/><D91/><U63/><E8/><V115/><F115/><W52/><AGARI ba="0,1" hai="46,48,52,55,59,62,72,79,80,87,88,95,128,131" machi="52" ten="30,11700,0" yaku="1,1,0,1,54,2,53,0" doraHai="94" doraHaiUra="117" who="3" fromWho="3" sc="235,-39,234,-39,250,-39,271,127" /><INIT seed="3,1,0,1,0,54" ten="196,195,211,398" oya="3" hai0="14,69,75,56,104,10,34,39,91,48,65,66,49" hai1="27,55,124,26,33,131,71,51,78,76,72,108,85" hai2="116,128,24,9,77,20,88,43,101,35,3,123,125" hai3="126,6,58,70,87,29,21,2,103,99,117,22,81"/><W93/><G117/><T64/><D69/><U97/><E72/><V62/><F116/><W127/><G70/><T95/><D39/><U105/><E108/><V38/><F35/><W90/><G29/><T18/><D34/><U133/><E133/><V60/><F125/><N who="3" m="47627" /><G58/><T0/><D75/><U130/><E124/><V119/><F128/><N who="1" m="49193" /><E71/><V89/><F123/><W30/><G30/><T68/><D104/><U79/><E85/><V96/><F96/><W16/><G16/><T42/><D0/><U110/><E110/><V132/><F20/><W111/><G111/><T94/><D68/><U50/><E50/><V83/><F38/><W17/><G17/><T53/><D53/><U23/><E23/><V52/><F24/><W47/><G47/><T102/><D49/><U4/><E4/><V31/><F52/><W107/><G107/><T115/><D48/><U37/><E37/><V1/><F119/><W12/><G12/><T92/><D14/><U73/><E73/><V59/><F1/><W98/><G99/><T19/><D19/><U80/><E33/><V121/><F3/><W114/><G114/><T32/><D18/><U28/><E28/><V63/><F31/><W134/><G134/><T5/><D115/><U106/><E97/><V44/><F44/><W8/><AGARI ba="1,0" hai="2,6,8,21,22,81,87,90,93,98,103" m="47627" machi="8" ten="30,1500,0" yaku="18,1" doraHai="54" who="3" fromWho="3" sc="196,-6,195,-6,211,-6,398,18" /><INIT seed="3,2,0,4,1,81" ten="190,189,205,416" oya="3" hai0="68,4,15,62,45,97,79,10,128,130,64,34,113" hai1="94,60,26,71,70,56,107,75,40,103,80,21,2" hai2="93,43,61,3,23,35,90,19,116,96,85,66,115" hai3="95,100,52,47,119,38,0,133,48,82,54,8,106"/><W73/><G119/><T63/><D34/><U27/><E2/><V5/><F115/><W25/><G106/><T76/><D113/><U11/><E107/><V53/><F35/><W57/><G133/><T58/><D45/><U74/><E40/><V28/><F43/><W125/><G125/><T39/><D97/><U112/><E112/><V29/><F116/><W134/><G134/><T124/><D39/><U92/><E11/><V50/><F5/><W89/><G100/><T110/><D110/><U101/><E80/><V88/><F61/><W17/><G38/><T24/><D24/><U51/><E51/><V117/><F117/><W16/><G25/><T49/><D49/><U78/><E78/><V36/><F66/><W83/><G0/><T91/><D91/><U42/><E42/><V32/><F32/><W12/><G73/><T44/><D44/><U98/><E21/><V37/><F3/><W118/><G17/><T109/><D124/><U55/><E56/><N who="2" m="32823" /><F37/><W129/><G129/><N who="0" m="49771" /><D109/><U108/><E108/><V20/><F36/><W18/><G118/><T13/><D13/><U67/><E67/><AGARI ba="2,0" hai="4,10,15,58,62,63,64,67,68,76,79" m="49771" machi="67" ten="30,1000,0" yaku="19,1" doraHai="81" who="0" fromWho="1" sc="190,16,189,-16,205,0,416,0" /><INIT seed="4,0,0,0,3,67" ten="206,173,205,416" oya="0" hai0="77,39,78,45,51,37,97,127,23,33,84,55,36" hai1="100,117,32,34,35,48,87,83,123,62,47,7,75" hai2="1,50,116,81,69,4,10,90,114,135,91,130,2" hai3="120,68,107,105,38,108,28,112,26,3,49,9,41"/><T19/><D33/><U15/><E75/><V93/><F2/><W63/><G108/><T59/><D127/><U27/><E123/><V88/><F114/><W85/><G49/><T131/><D131/><U71/><E117/><V65/><F130/><W125/><G85/><T8/><D8/><U124/><E124/><V121/><F121/><W6/><G125/><T80/><D97/><U46/><E100/><V126/><F126/><W12/><G12/><T56/><REACH who="0" step="1"/><D78/><REACH who="0" ten="196,173,205,416" step="2"/><U106/><E7/><V44/><F116/><W31/><G120/><T58/><D58/><U61/><E34/><V129/><F129/><W73/><G9/><T79/><D79/><U101/><E35/><V60/><F81/><W53/><G6/><T14/><AGARI ba="0,1" hai="14,19,23,36,37,39,45,51,55,56,59,77,80,84" machi="14" ten="30,6000,0" yaku="1,1,0,1,53,1" doraHai="67" doraHaiUra="13" who="0" fromWho="0" sc="196,70,173,-20,205,-20,416,-20" /><INIT seed="4,1,0,1,0,44" ten="266,153,185,396" oya="0" hai0="76,124,77,40,74,1,117,98,109,15,36,22,57" hai1="92,12,131,43,102,5,34,128,50,122,42,75,86" hai2="37,106,73,87,60,89,11,97,0,41,116,64,113" hai3="51,105,6,121,61,95,25,16,4,125,99,3,132"/><T21/><D117/><U134/><E75/><V35/><F116/><W107/><G3/><T114/><D1/><U96/><E34/><V39/><F113/><W17/><G107/><T56/><D114/><U26/><E122/><V83/><F41/><W7/><G105/><T28/><D124/><U67/><E134/><V101/><F35/><W79/><G132/><T69/><D69/><U133/><E133/><V90/><F90/><W119/><G119/><T13/><D74/><U104/><E67/><V78/><F11/><W103/><G125/><T23/><D28/><U59/><E26/><V94/><REACH who="2" step="1"/><F0/><REACH who="2" ten="266,153,175,396" step="2"/><W24/><G121/><T120/><D120/><U112/><E112/><V130/><F130/><W33/><G33/><T27/><D40/><U84/><E131/><V66/><F66/><W9/><G9/><T58/><D36/><U93/><E128/><V20/><F20/><W32/><G32/><T68/><D27/><U46/><E43/><V118/><F118/><W123/><G123/><T135/><D135/><U127/><E127/><V91/><F91/><W19/><G24/><T55/><D23/><U81/><E12/><V47/><F47/><W82/><G25/><T108/><D13/><U88/><E5/><V2/><F2/><W65/><G6/><T14/><D15/><U110/><E110/><V100/><F100/><W72/><G4/><T111/><D14/><U115/><E115/><V38/><F38/><W48/><G7/><T18/><D111/><U10/><E10/><V80/><F80/><W45/><G45/><T54/><D109/><U30/><E81/><RYUUKYOKU ba="1,1" sc="266,-15,153,-15,175,15,396,15" hai2="37,39,60,64,73,78,83,87,89,94,97,101,106" hai3="16,17,19,48,51,61,65,72,79,82,95,99,103" /><INIT seed="5,2,1,4,3,12" ten="251,138,190,411" oya="1" hai0="73,83,77,34,9,19,21,6,75,105,135,1,63" hai1="90,44,81,122,47,32,50,57,80,36,132,78,69" hai2="133,99,4,96,59,87,14,27,13,114,128,46,58" hai3="127,42,17,25,11,10,24,71,112,52,107,38,120"/><U48/><E32/><V53/><F128/><W125/><G71/><T109/><D109/><U22/><E122/><V2/><F2/><W7/><G107/><T94/><D105/><U118/><E118/><V45/><F133/><W26/><G120/><T5/><D135/><U82/><E132/><V111/><F111/><W119/><G119/><T126/><D126/><N who="3" m="48137" /><G112/><T100/><D34/><U88/><E69/><V85/><F27/><W43/><G38/><T117/><D117/><U108/><E108/><V28/><F114/><W113/><G113/><T130/><D130/><U33/><E33/><V30/><REACH who="2" step="1"/><F53/><REACH who="2" ten="251,138,180,411" step="2"/><W15/><G52/><T35/><D1/><AGARI ba="2,2" hai="1,7,10,11,15,17,24,25,26,42,43" m="48137" machi="1" ten="30,2000,0" yaku="18,1,52,1" doraHai="12" who="3" fromWho="0" sc="251,-26,138,0,180,0,411,46" /><INIT seed="6,0,0,4,0,59" ten="225,138,180,457" oya="2" hai0="117,112,121,36,109,42,50,118,86,11,45,53,94" hai1="81,133,10,110,126,115,77,7,80,30,4,15,25" hai2="61,108,124,2,68,111,20,132,95,63,46,128,123" hai3="9,105,29,32,55,113,100,60,52,119,93,44,22"/><V101/><F123/><W65/><G119/><N who="0" m="45579" /><D121/><U87/><E110/><N who="2" m="42027" /><F2/><W43/><G113/><T23/><D112/><U114/><E126/><V84/><F68/><N who="3" m="42023" /><G22/><T83/><D109/><U56/><E133/><V122/><F128/><W134/><G93/><T17/><D11/><U0/><E0/><V91/><F122/><W71/><G9/><T79/><D94/><U8/><E115/><V34/><F34/><W24/><G71/><T116/><D116/><U78/><E114/><V40/><F132/><W58/><G58/><N who="0" m="33079" /><D23/><U38/><E38/><N who="2" m="21783" /><F124/><W69/><G69/><T3/><D3/><U39/><E39/><V47/><F47/><W1/><G1/><T97/><D97/><U90/><E56/><V51/><F51/><N who="3" m="27039" /><G134/><T70/><D70/><U92/><E4/><V131/><F131/><W76/><G76/><T33/><D33/><U104/><E8/><V103/><F20/><W5/><G5/><T106/><D106/><U135/><E104/><V12/><F12/><W82/><G32/><T102/><D102/><AGARI ba="0,0" hai="61,63,84,91,95,101,102,103" m="21783,42027" machi="102" ten="30,5800,0" yaku="10,1,52,2" doraHai="59" who="2" fromWho="0" sc="225,-58,138,0,180,58,457,0" /><INIT seed="6,1,0,4,4,54" ten="167,138,238,457" oya="2" hai0="14,66,93,135,82,101,19,3,125,43,78,88,1" hai1="10,56,83,72,32,27,35,116,53,94,16,40,64" hai2="25,109,130,103,127,39,4,107,84,5,63,52,86" hai3="128,26,111,48,79,114,124,95,41,115,92,76,110"/><V23/><F39/><W65/><G128/><T51/><D101/><U87/><E116/><V47/><F130/><W108/><G124/><T118/><D125/><U70/><E72/><V57/><F127/><W30/><G65/><T119/><D66/><U28/><E70/><V90/><F109/><W77/><G48/><T113/><D135/><U42/><E64/><V49/><F103/><W133/><G41/><T18/><D113/><N who="3" m="43017" /><G133/><T58/><D3/><U81/><E35/><AGARI ba="1,0" hai="26,30,35,76,77,79,92,95,108,110,111" m="43017" machi="35" ten="40,2600,0" yaku="15,1,11,1" doraHai="54" who="3" fromWho="1" sc="167,0,138,-29,238,0,457,29" /><INIT seed="7,0,0,1,3,113" ten="167,109,238,486" oya="3" hai0="116,17,91,18,27,1,68,70,102,30,69,43,104" hai1="95,112,3,23,73,93,111,9,39,71,98,81,34" hai2="127,76,82,36,20,42,96,125,118,80,61,58,74" hai3="133,25,64,56,35,29,14,13,49,119,0,86,129"/><W50/><G119/><T53/><D116/><U57/><E111/><V114/><F118/><W132/><G0/><T121/><D121/><U92/><E34/><V60/><F114/><W63/><G129/><T10/><D43/><U128/><E112/><V44/><F82/><W59/><G86/><T19/><D53/><U40/><E71/><V54/><F96/><W11/><G56/><T90/><D102/><U12/><E128/><V28/><F28/><W79/><G79/><T75/><D75/><U33/><E33/><V22/><F61/><W135/><G13/><T32/><REACH who="0" step="1"/><D104/><REACH who="0" ten="157,109,238,486" step="2"/><U108/><E108/><V126/><AGARI ba="0,1" hai="20,22,36,42,44,54,58,60,74,76,80,125,126,127" machi="126" ten="30,2000,0" yaku="0,1,18,1" doraHai="113" who="2" fromWho="2" sc="157,-5,109,-5,238,30,486,-10" owari="152,-25.0,104,-40.0,268,7.0,476,58.0" /></mjloggm>