<mjloggm ver="2.3"><GO type="41" lobby="0"/><UN n0="%E5%B0%B1%E6%B4%BB%E7%94%9F%40%E5%B7%9D%E6%9D%91%E8%BB%8D%E5%9B%A3" n1="%E3%81%9F%E3%81%8B%E3%81%BC%E3%82%93%E2%98%85" n2="%28%30%6F%30%29" n3="%E3%82%AA%E3%82%AC%E3%83%8E%E3%83%AB%E3%83%BC%E3%83%88" dan="16,15,14,15" rate="2035.11,1994.59,1963.26,2034.03" sx="M,M,M,M"/><TAIKYOKU oya="0"/><INIT seed="0,0,0,0,2,98" ten="250,250,250,250" oya="0" hai0="39,32,59,43,23,13,119,48,131,129,24,14,6" hai1="125,71,34,115,60,30,111,134,89,49,66,104,86" hai2="12,108,65,63,26,117,97,114,73,44,16,127,87" hai3="42,67,109,54,55,21,19,110,22,69,102,27,41"/><T11/><D32/><U126/><E111/><N who="3" m="42506" /><G69/><T103/><D119/><U80/><E134/><V62/><F73/><W18/><G67/><T37/><D14/><U135/><E135/><V28/><F114/><W17/><G102/><T83/><D83/><U3/><E3/><V92/><F117/><W93/><G93/><T121/><D121/><U106/><E115/><V128/><F108/><W101/><G101/><T112/><D112/><U124/><E49/><V7/><F7/><W95/><G95/><T85/><D85/><U94/><E80/><V51/><F87/><W20/><G27/><AGARI ba="0,0" hai="27,30,34,60,66,71,86,89,94,104,106,124,125,126" machi="27" ten="40,1300,0" yaku="18,1" doraHai="98" who="1" fromWho="3" sc="250,0,250,13,250,0,250,-13" /><INIT seed="1,0,0,5,3,72" ten="250,263,250,237" oya="1" hai0="61,65,115,132,58,18,100,37,75,133,17,24,0" hai1="9,117,42,45,98,95,33,90,91,36,112,38,62" hai2="74,89,32,27,102,34,64,84,77,113,114,96,80" hai3="53,26,31,120,135,82,109,4,23,79,54,127,48"/><U92/><E117/><V126/><F64/><W28/><G120/><T130/><D0/><U119/><E119/><V103/><F103/><W116/><G109/><T78/><D37/><U39/><E112/><N who="2" m="43115" /><F126/><W81/><G116/><T85/><D75/><U122/><E122/><V71/><F71/><W10/><G127/><T35/><D130/><U68/><E33/><V15/><F27/><W124/><G124/><T76/><D115/><U25/><E25/><V41/><F41/><W86/><G135/><N who="0" m="51787" /><D100/><U1/><E62/><V46/><F46/><W121/><G121/><T11/><D85/><U105/><E105/><N who="2" m="63687" /><F15/><N who="3" m="5575" /><G82/><AGARI ba="0,0" hai="32,34,74,77,80,82,84,89" m="63687,43115" machi="82" ten="30,2000,0" yaku="11,1,52,1" doraHai="72" who="2" fromWho="3" sc="250,0,263,0,250,20,237,-20" /><INIT seed="2,0,0,3,5,38" ten="250,263,270,217" oya="2" hai0="13,93,80,31,123,41,10,89,46,66,132,130,22" hai1="118,29,87,45,2,42,64,15,74,52,58,5,1" hai2="54,96,103,79,37,24,121,115,18,17,135,100,78" hai3="107,95,106,126,83,16,120,0,6,14,51,36,63"/><V59/><F121/><W40/><G120/><T94/><D130/><U85/><E74/><V76/><F135/><W55/><G126/><T69/><D132/><U60/><E118/><V67/><F37/><W122/><G122/><T104/><D104/><U112/><E112/><V57/><F115/><W108/><G108/><T92/><D123/><U44/><E45/><V110/><F110/><W3/><G95/><T7/><D69/><U81/><E29/><V4/><F4/><W62/><G83/><T102/><D66/><U12/><E87/><V119/><F119/><W9/><G107/><T128/><D102/><N who="2" m="38954" /><F96/><W99/><G99/><T49/><D128/><U111/><E111/><V53/><F67/><W116/><G106/><T127/><D127/><U72/><E64/><V28/><F28/><W25/><G25/><N who="0" m="16823" /><D80/><U68/><E68/><V105/><F24/><W73/><G73/><T91/><AGARI ba="0,0" hai="7,10,13,41,46,49,89,91,92,93,94" m="16823" machi="91" ten="30,2000,0" yaku="8,1,52,1" doraHai="38" who="0" fromWho="0" sc="250,20,263,-5,270,-10,217,-5" /><INIT seed="3,0,0,5,4,58" ten="270,258,260,212" oya="3" hai0="44,62,49,34,0,88,66,134,113,54,103,33,10" hai1="40,76,24,12,72,22,57,7,106,109,77,38,3" hai2="11,29,126,55,4,21,48,5,93,42,36,79,115" hai3="8,102,95,71,116,46,28,74,85,17,87,133,26"/><W114/><G71/><T20/><D134/><U64/><E106/><V135/><F135/><W50/><G74/><T9/><D113/><U90/><E109/><V132/><F115/><W32/><G114/><T6/><D103/><U100/><E100/><V43/><F36/><W117/><G133/><T121/><D121/><U129/><E129/><V14/><F5/><W63/><G85/><T96/><D10/><U99/><E3/><V30/><F79/><W65/><G8/><T122/><D20/><U111/><E111/><V35/><F35/><W84/><G17/><T16/><D16/><N who="1" m="12359" /><E40/><V110/><F110/><W125/><G125/><T104/><D122/><U108/><E72/><V52/><F126/><W73/><G73/><T68/><REACH who="0" step="1"/><D104/><REACH who="0" ten="260,258,260,212" step="2"/><U101/><E101/><V81/><F21/><W67/><G102/><T98/><D98/><U123/><E123/><V80/><F132/><W70/><G67/><T45/><D45/><U19/><E108/><V130/><F11/><W78/><G78/><T51/><D51/><U69/><E64/><V119/><F48/><W37/><G37/><T31/><D31/><U86/><E38/><V92/><F30/><W13/><G13/><T39/><D39/><U60/><E99/><V61/><F29/><W83/><G117/><T27/><D27/><U56/><E12/><V25/><F119/><W97/><G116/><T2/><D2/><U47/><E77/><V94/><F14/><W112/><G112/><T91/><D91/><U23/><E90/><V128/><F25/><W75/><G26/><T131/><D131/><U105/><E76/><RYUUKYOKU ba="0,1" sc="260,30,258,-10,260,-10,212,-10" hai0="0,6,9,33,34,44,49,54,62,66,68,88,96" /><INIT seed="4,1,1,2,2,127" ten="290,248,250,202" oya="0" hai0="58,56,88,86,73,23,32,72,33,93,46,103,91" hai1="124,130,48,118,84,63,22,39,100,82,113,104,15" hai2="36,83,16,69,11,34,126,20,24,77,55,51,66" hai3="90,112,8,94,115,105,95,59,37,123,96,110,92"/><T0/><D0/><U27/><E118/><V62/><F36/><W10/><G37/><T17/><D103/><U80/><E124/><V78/><F126/><W42/><G42/><T49/><D33/><U9/><E39/><V114/><F114/><W107/><G59/><N who="0" m="22571" /><D32/><U2/><E113/><N who="3" m="43594" /><G10/><T109/><D73/><U108/><E108/><V97/><F34/><W18/><G18/><T129/><D72/><U119/><E119/><V35/><F35/><W50/><G50/><T45/><D129/><U99/><E2/><V4/><F97/><N who="3" m="57495" /><G8/><T75/><D75/><U70/><E48/><V57/><REACH who="2" step="1"/><F83/><REACH who="2" ten="290,248,240,202" step="2"/><W67/><G110/><T38/><D109/><U85/><E82/><V111/><F111/><W134/><G123/><T89/><D38/><U44/><E80/><V131/><F131/><W52/><G96/><T28/><D28/><U64/><E99/><V106/><F106/><W47/><G107/><T31/><D31/><N who="1" m="17911" /><E104/><V68/><F68/><W87/><G105/><T21/><D93/><U19/><E70/><V13/><AGARI ba="1,2" hai="4,11,13,16,20,24,51,55,57,62,66,69,77,78" machi="13" ten="20,12000,2" yaku="1,1,0,1,7,1,54,1,53,2" doraHai="127" doraHaiUra="74" who="2" fromWho="2" sc="290,-61,248,-31,240,143,202,-31" /><INIT seed="5,0,0,4,5,113" ten="229,217,383,171" oya="1" hai0="18,83,124,94,12,64,135,55,119,114,11,130,29" hai1="40,106,73,108,24,127,121,2,4,1,26,104,76" hai2="122,32,52,105,133,59,45,99,77,50,78,27,7" hai3="81,23,92,129,90,47,15,117,84,46,66,79,16"/><U116/><E121/><V95/><F105/><W60/><G129/><T97/><D114/><U36/><E127/><V42/><F122/><W0/><G0/><T3/><D124/><U35/><E26/><V118/><F118/><W101/><G101/><T65/><D130/><U10/><E1/><V85/><F7/><W112/><G112/><T20/><D135/><U57/><E57/><V103/><F133/><W61/><G117/><T43/><D119/><U74/><E116/><V54/><F32/><W93/><G93/><T41/><D83/><N who="1" m="45455" /><E74/><V6/><F6/><W9/><G23/><T107/><D107/><U69/><E69/><V63/><F27/><W49/><G66/><T19/><D29/><N who="1" m="19879" /><E108/><V39/><F85/><W31/><G31/><T53/><D3/><U88/><E88/><V68/><F68/><W126/><G126/><T123/><D123/><U22/><E22/><V56/><AGARI ba="0,0" hai="39,42,45,50,52,54,56,59,63,77,78,95,99,103" machi="56" ten="20,2700,0" yaku="0,1,7,1,54,1" doraHai="113" who="2" fromWho="2" sc="229,-7,217,-13,383,27,171,-7" /><INIT seed="6,0,0,1,2,32" ten="222,204,410,164" oya="2" hai0="79,94,102,49,23,54,70,16,114,121,52,85,93" hai1="131,96,75,109,1,45,47,14,104,74,86,129,43" hai2="92,69,124,59,0,128,82,28,7,20,51,98,21" hai3="122,117,72,134,123,17,2,73,29,78,110,19,81"/><V112/><F69/><W88/><G110/><T10/><D70/><U76/><E109/><V41/><F112/><W6/><G117/><T83/><D121/><U87/><E14/><V56/><F128/><W113/><G72/><T22/><D114/><U13/><E13/><V100/><F124/><W126/><G126/><T132/><D132/><U65/><E65/><V68/><F68/><W38/><G134/><T53/><D49/><U62/><E62/><V107/><F59/><W27/><G113/><T67/><D67/><U15/><E15/><V116/><F116/><W50/><G50/><T11/><D23/><U130/><E96/><V61/><F82/><W55/><G55/><T108/><D108/><U135/><E135/><V106/><F20/><W63/><G63/><T80/><D80/><U115/><E115/><V37/><F37/><W60/><G60/><T5/><D102/><U101/><E101/><V25/><F41/><W12/><G38/><T42/><D42/><U48/><E104/><V64/><REACH who="2" step="1"/><F51/><REACH who="2" ten="222,204,400,164" step="2"/><W119/><G119/><T57/><D57/><U66/><E48/><V77/><F77/><W91/><G123/><T8/><D5/><U95/><E43/><V120/><F120/><W39/><G122/><T84/><D85/><U36/><E36/><V4/><F4/><W58/><G39/><T97/><D97/><U35/><E87/><V34/><F34/><N who="3" m="20799" /><G58/><T33/><D33/><U31/><E131/><V125/><F125/><W24/><G73/><N who="1" m="27658" /><E130/><V9/><AGARI ba="0,1" hai="0,7,9,21,25,28,56,61,64,92,98,100,106,107" machi="9" ten="30,12000,1" yaku="1,1,0,1,25,2,52,1,53,0" doraHai="32" doraHaiUra="118" who="2" fromWho="2" sc="222,-40,204,-40,400,130,164,-40" /><INIT seed="6,1,0,3,5,108" ten="182,164,530,124" oya="2" hai0="63,65,98,3,40,84,52,102,35,87,54,10,83" hai1="36,26,66,38,16,78,5,48,90,130,39,92,86" hai2="117,74,6,124,20,119,21,43,97,44,69,93,9" hai3="56,8,64,127,135,118,123,7,12,19,67,32,122"/><V77/><F69/><W46/><G46/><T104/><D35/><U126/><E130/><V82/><F124/><W24/><G56/><T134/><D134/><U4/><E126/><V50/><F119/><W80/><G127/><T79/><D40/><U133/><E133/><V13/><F117/><W91/><G118/><T45/><D45/><U100/><E66/><V2/><F2/><W49/><G135/><T17/><D87/><U114/><E48/><V0/><F0/><N who="3" m="103" /><G49/><T41/><D41/><U94/><E78/><V31/><F31/><N who="3" m="19559" /><G91/><AGARI ba="1,0" hai="6,9,13,20,21,43,44,50,74,77,82,91,93,97" machi="91" ten="30,1500,0" yaku="7,1" doraHai="108" who="2" fromWho="3" sc="182,0,164,0,530,18,124,-18" /><INIT seed="6,2,0,0,2,22" ten="182,164,548,106" oya="2" hai0="59,13,82,76,103,115,46,105,16,96,124,81,2" hai1="5,130,24,72,117,87,50,21,108,110,39,100,49" hai2="29,102,91,25,121,98,12,57,60,89,112,88,30" hai3="111,14,134,6,34,78,63,133,35,11,69,74,37"/><V53/><F121/><W27/><G37/><T90/><D2/><U56/><E117/><V114/><F12/><W79/><G63/><T42/><D124/><U135/><E39/><V4/><F4/><W128/><G69/><T48/><D115/><U131/><E72/><V93/><REACH who="2" step="1"/><F30/><REACH who="2" ten="182,164,538,106" step="2"/><N who="3" m="19807" /><G74/><T33/><D33/><AGARI ba="2,1" hai="25,29,33,53,57,60,88,89,91,93,98,102,112,114" machi="33" ten="40,7700,0" yaku="1,1,52,1,54,1,53,0" doraHai="22" doraHaiUra="66" who="2" fromWho="0" sc="182,-83,164,0,538,93,106,0" /><INIT seed="6,3,0,3,2,127" ten="99,164,631,106" oya="2" hai0="86,20,124,125,31,10,4,11,130,73,36,19,43" hai1="51,91,44,126,58,120,49,60,13,98,52,32,38" hai2="40,47,133,82,105,45,117,132,61,15,85,26,18" hai3="83,0,55,114,66,8,80,118,69,67,56,108,90"/><V6/><F105/><W59/><G118/><T129/><D73/><U102/><E32/><V63/><F117/><W21/><G108/><T111/><D111/><U104/><E120/><V14/><F26/><W77/><G69/><T12/><D36/><U27/><E126/><N who="0" m="48745" /><D43/><U107/><E27/><V53/><F47/><W128/><G128/><N who="0" m="49259" /><D86/><U119/><E119/><V25/><F40/><W33/><G33/><T42/><D42/><U134/><E38/><V103/><F85/><W71/><G71/><T101/><D101/><U37/><E37/><V79/><F103/><W110/><G110/><T57/><D31/><U74/><E74/><V112/><F112/><W99/><G77/><T76/><D76/><U3/><E91/><V16/><F79/><W41/><G41/><T135/><D135/><U116/><E134/><V100/><F100/><W62/><G99/><T22/><D57/><U94/><E58/><V46/><F133/><W96/><G96/><T89/><D89/><U131/><E98/><V123/><F123/><W24/><G90/><T1/><AGARI ba="3,0" hai="1,4,10,11,12,19,20,22" m="49259,48745" machi="1" ten="30,12000,2" yaku="18,1,19,1,34,2,52,3" doraHai="127" who="0" fromWho="0" sc="99,129,164,-33,631,-63,106,-33" /><INIT seed="7,0,0,3,5,42" ten="228,131,568,73" oya="3" hai0="121,44,1,4,39,34,122,128,16,31,132,60,82" hai1="120,65,106,32,119,45,135,92,97,25,57,7,118" hai2="116,5,113,12,101,29,133,69,43,51,28,129,102" hai3="109,94,130,100,70,48,103,3,15,6,77,20,90"/><W14/><G70/><T114/><D132/><U126/><E135/><V9/><F69/><W74/><G74/><T66/><D128/><U11/><E126/><V73/><F73/><W2/><G130/><T125/><D125/><U56/><E45/><V115/><F116/><N who="1" m="44585" /><E65/><V17/><F129/><W18/><G109/><T80/><D60/><U8/><E106/><V54/><F43/><W36/><G36/><T79/><D80/><U27/><E32/><V83/><F83/><W88/><G77/><T40/><D31/><U111/><E111/><V81/><F81/><W75/><G75/><N who="0" m="43391" /><D16/><U52/><E56/><V67/><F133/><W96/><G103/><T23/><D23/><U110/><E110/><V134/><F102/><W131/><G131/><T55/><D114/><U127/><E127/><V98/><F101/><W86/><G48/><T84/><D84/><U49/><E120/><V104/><F51/><W123/><G123/><T71/><D55/><U38/><E38/><V24/><F134/><W62/><G62/><N who="0" m="40407" /><D34/><U112/><E112/><V47/><F115/><W91/><REACH who="3" step="1"/><G86/><REACH who="3" ten="228,131,568,63" step="2"/><T59/><D59/><U63/><E49/><V85/><F85/><W107/><G107/><T21/><D122/><U50/><E50/><V10/><F104/><W89/><N who="3" m="22528" /><DORA hai="53" /><W61/><G61/><T68/><D121/><U37/><E37/><V0/><F113/><W93/><G93/><T76/><D68/><U13/><E92/><V117/><F117/><W78/><G78/><T19/><D76/><U46/><E63/><V87/><F87/><W108/><G108/><T105/><D105/><RYUUKYOKU ba="0,1" sc="228,-10,131,-10,568,-10,63,30" hai3="2,3,6,14,15,18,20,94,96,100" /><INIT seed="7,1,1,1,4,70" ten="218,121,558,93" oya="3" hai0="42,75,56,88,128,86,102,125,45,89,90,41,83" hai1="110,16,126,74,78,122,44,51,116,3,53,93,131" hai2="2,48,6,100,105,98,106,121,79,43,37,35,112" hai3="46,115,21,107,69,54,1,47,104,49,58,59,7"/><W119/><G21/><T61/><D75/><U84/><E110/><V23/><F106/><W95/><G1/><T50/><D125/><U12/><E126/><V62/><F48/><N who="3" m="28959" /><G7/><T32/><D32/><U76/><E122/><V118/><F118/><W92/><G107/><T17/><D128/><U14/><E131/><V66/><F23/><W10/><G104/><T123/><D123/><U99/><E12/><V72/><F121/><W71/><G10/><T97/><D42/><U27/><E27/><V80/><F35/><W63/><G95/><N who="0" m="58687" /><D17/><U65/><E116/><V9/><F112/><W103/><G92/><T4/><D4/><U52/><E65/><AGARI ba="1,1" hai="41,45,50,56,61,65,83,86,88,89,90" m="58687" machi="65" ten="30,2000,0" yaku="8,1,54,1" doraHai="70" who="0" fromWho="1" sc="218,33,121,-23,558,0,93,0" owari="251,5.0,98,-30.0,558,66.0,93,-41.0" /></mjloggm>