<mjloggm ver="2.3"><GO type="97" lobby="0"/><UN n0="%E7%81%AB%E6%B8%A1" n1="%6C%69%62%72%61%72%79" n2="%E7%A5%9E%E5%B2%A1" n3="%E5%B0%B1%E6%B4%BB%E7%94%9F%40%E5%B7%9D%E6%9D%91%E8%BB%8D%E5%9B%A3" dan="13,15,13,15" rate="1860.47,2011.45,1849.84,1985.99" sx="M,M,M,M"/><TAIKYOKU oya="0"/><INIT seed="0,0,0,0,2,18" ten="250,250,250,250" oya="0" hai0="100,43,130,101,80,16,50,26,93,15,84,122,98" hai1="6,117,121,85,31,35,79,57,65,2,27,129,83" hai2="13,120,118,104,40,108,63,59,22,127,132,102,52" hai3="128,14,68,17,7,76,5,99,116,38,92,73,20"/><T34/><D122/><U9/><E117/><V74/><F120/><W123/><G116/><T119/><D119/><U110/><E110/><V133/><F118/><W106/><G123/><T49/><D43/><U3/><E129/><V24/><F74/><W4/><G106/><T21/><D101/><U32/><E121/><V55/><F108/><W135/><G128/><T107/><D107/><U131/><E131/><V69/><F69/><W46/><G135/><N who="2" m="51785" /><F40/><W72/><G68/><T115/><D115/><U33/><E2/><V62/><F127/><W77/><G38/><T19/><D34/><U109/><E109/><V41/><F41/><W39/><G39/><T51/><D130/><U105/><E105/><V56/><F13/><W30/><G46/><T75/><D75/><U61/><AGARI ba="0,0" hai="3,6,9,27,31,32,33,35,57,61,65,79,83,85" machi="61" ten="30,1100,0" yaku="0,1" doraHai="18" who="1" fromWho="1" sc="250,-5,250,11,250,-3,250,-3" /><INIT seed="1,0,0,3,4,129" ten="245,261,247,247" oya="1" hai0="65,86,74,76,24,15,41,102,6,69,88,99,113" hai1="0,4,67,87,17,73,34,26,95,22,94,71,10" hai2="109,40,12,66,48,29,78,31,2,75,27,56,44" hai3="55,14,114,16,118,107,3,70,96,9,115,1,131"/><U82/><E73/><V121/><F2/><W39/><G131/><T83/><D113/><U33/><E67/><V35/><F121/><W49/><G39/><T54/><D41/><U37/><E71/><V42/><F42/><W19/><G70/><T112/><D112/><U81/><E81/><V119/><F119/><W64/><G64/><T132/><D54/><U45/><E45/><V23/><F35/><W134/><G3/><T125/><D24/><U7/><E7/><V91/><F75/><W51/><G1/><T108/><D108/><U77/><E37/><V130/><F78/><W68/><G68/><T93/><D65/><U123/><E123/><V92/><F130/><W79/><G79/><T135/><D69/><U128/><E128/><V104/><F104/><W122/><G122/><T100/><D100/><U47/><E47/><V126/><F12/><W120/><G120/><T85/><D125/><U60/><E60/><N who="2" m="38151" /><F126/><W38/><G38/><T106/><D85/><U30/><REACH who="1" step="1"/><E34/><REACH who="1" ten="245,251,247,247" step="2"/><V101/><F109/><W20/><G115/><T53/><D53/><U46/><E46/><V103/><F44/><N who="3" m="28071" /><G114/><T84/><D84/><U59/><E59/><V105/><F40/><W127/><G127/><T61/><D61/><U8/><E8/><AGARI ba="0,1" hai="6,8,15,74,76,83,86,88,93,99,102,106,132,135" machi="8" ten="40,8000,1" yaku="24,2,52,2,54,1" doraHai="129" who="0" fromWho="1" sc="245,90,251,-80,247,0,247,0" /><INIT seed="2,0,0,1,4,27" ten="335,171,247,247" oya="2" hai0="121,103,87,126,57,54,129,33,46,112,3,107,5" hai1="19,110,50,58,78,39,62,20,36,7,45,113,84" hai2="80,43,49,92,65,128,35,9,117,38,56,72,48" hai3="132,1,109,100,55,114,15,29,94,40,37,119,22"/><V68/><F117/><W69/><G1/><T63/><D121/><U104/><E104/><V82/><F35/><W101/><G69/><T96/><D112/><U89/><E113/><V47/><F9/><W28/><G119/><T111/><D111/><U14/><E110/><V79/><F128/><W83/><G114/><T118/><D118/><U41/><E78/><V123/><F123/><W21/><G37/><T116/><D116/><U130/><E130/><V74/><F92/><W32/><G32/><T8/><D33/><U105/><E105/><V95/><F68/><W122/><G40/><T115/><D115/><U91/><E91/><V0/><F95/><W34/><G34/><T99/><D99/><U17/><E7/><V134/><F0/><W4/><G83/><T124/><D129/><U16/><E36/><V71/><F71/><W77/><G77/><T97/><D97/><U23/><E23/><N who="3" m="8714" /><G132/><T120/><D46/><U108/><E39/><V51/><F134/><W76/><G76/><T52/><D54/><U64/><REACH who="1" step="1"/><E108/><REACH who="1" ten="335,161,247,247" step="2"/><V85/><F74/><W59/><G109/><T53/><D120/><U135/><E135/><V93/><F79/><W24/><G122/><T73/><D5/><U42/><E42/><V18/><F43/><W6/><G6/><T66/><D107/><U11/><E11/><V2/><F38/><W30/><G101/><T88/><D8/><U98/><E98/><V60/><F72/><W86/><G100/><T67/><D103/><U127/><E127/><V26/><F2/><W61/><G4/><T125/><D3/><U10/><E10/><RYUUKYOKU ba="0,1" sc="335,-10,161,30,247,-10,247,-10" hai1="14,16,17,19,20,41,45,50,58,62,64,84,89" /><INIT seed="3,1,1,3,3,91" ten="325,191,237,237" oya="3" hai0="111,22,35,73,114,24,115,27,67,92,46,87,38" hai1="34,48,14,125,37,131,85,30,59,5,55,42,108" hai2="44,25,70,16,75,135,1,63,129,106,13,99,122" hai3="6,95,116,113,3,128,51,133,62,60,57,90,45"/><W110/><G116/><T94/><D73/><U31/><E108/><V78/><F1/><W19/><G113/><N who="0" m="43019" /><D111/><U69/><E69/><V103/><F122/><W36/><G36/><T7/><D7/><U58/><E125/><V120/><F120/><W68/><G110/><T65/><D87/><U101/><E131/><V9/><F135/><W52/><G133/><T71/><D46/><U118/><E118/><V77/><F129/><W40/><G128/><T121/><D38/><U107/><E34/><V117/><F117/><W96/><G68/><T11/><D11/><U4/><E58/><V93/><F106/><W15/><G3/><T43/><D43/><U126/><E126/><V134/><F134/><W98/><G6/><T79/><D79/><N who="2" m="30218" /><F75/><W86/><G62/><N who="0" m="40375" /><D67/><U53/><E53/><V2/><F2/><W127/><G127/><T84/><D84/><U56/><E56/><V26/><F70/><W12/><G12/><T89/><D89/><U82/><E14/><V74/><F74/><W104/><G104/><T21/><D121/><U64/><E64/><V100/><F44/><W105/><G105/><T0/><D35/><U119/><E119/><V8/><F63/><W130/><G130/><T47/><D47/><U83/><E42/><V33/><F33/><W10/><AGARI ba="1,1" hai="10,15,19,40,45,51,52,57,60,86,90,95,96,98" machi="10" ten="20,12000,1" yaku="0,1,7,1,8,1,52,1,54,1" doraHai="91" who="3" fromWho="3" sc="325,-41,191,-41,237,-41,237,133" owari="284,8.0,150,-35.0,196,-20.0,370,47.0" /></mjloggm>