<mjloggm ver="2.3"><GO type="97" lobby="0"/><UN n0="%E6%9C%89%E5%88%A9" n1="%E5%B0%B1%E6%B4%BB%E7%94%9F%40%E5%B7%9D%E6%9D%91%E8%BB%8D%E5%9B%A3" n2="%E5%B0%8F%E5%B7%9D%2E%63%6F%6D" n3="%E6%A7%8D%E6%B0%B4%E4%BB%99" dan="13,14,15,14" rate="1853.46,1981.41,2016.30,1941.05" sx="M,M,M,F"/><TAIKYOKU oya="0"/><INIT seed="0,0,0,5,3,58" ten="250,250,250,250" oya="0" hai0="119,27,5,25,101,62,10,131,16,112,54,38,60" hai1="72,132,120,41,78,89,20,108,29,105,91,100,32" hai2="92,70,68,18,53,8,51,43,87,93,76,49,117" hai3="121,126,95,17,48,113,46,104,23,134,77,12,86"/><T69/><D119/><U61/><E32/><V90/><F117/><W67/><G104/><T106/><D112/><U97/><E120/><V127/><F127/><W31/><G113/><T40/><D131/><U115/><E115/><V37/><F37/><W71/><G126/><T123/><D69/><U124/><E124/><V103/><F76/><W13/><G121/><T59/><D123/><U129/><E129/><V19/><F70/><W107/><G107/><T3/><D40/><U102/><E41/><V88/><F103/><W15/><G134/><T36/><D27/><U96/><E132/><V39/><F39/><W125/><G125/><T26/><D26/><U55/><E108/><V0/><F68/><W84/><G31/><T2/><D2/><U44/><E29/><V1/><F43/><W73/><G73/><T116/><D116/><U7/><E20/><V130/><F130/><W34/><G34/><T75/><D75/><U111/><E7/><V79/><F79/><W9/><G23/><T122/><D122/><U81/><E111/><V80/><F80/><N who="3" m="47119" /><G67/><T52/><D101/><U57/><REACH who="1" step="1"/><E44/><REACH who="1" ten="250,240,250,250" step="2"/><V42/><F42/><W64/><G46/><T63/><D106/><AGARI ba="0,1" hai="55,57,61,72,78,81,89,91,96,97,100,102,105,106" machi="106" ten="30,8000,1" yaku="1,1,2,1,7,1,9,1,52,1,53,0" doraHai="58" doraHaiUra="109" who="1" fromWho="0" sc="250,-80,240,90,250,0,250,0" /><INIT seed="1,0,0,4,2,66" ten="170,330,250,250" oya="1" hai0="122,89,7,107,47,44,79,90,120,31,85,104,63" hai1="54,60,87,36,112,59,65,4,101,129,82,57,116" hai2="81,76,41,108,46,53,43,84,15,93,34,62,91" hai3="99,30,51,92,22,8,134,72,42,48,123,29,77"/><U40/><E116/><V23/><F108/><W61/><G123/><N who="0" m="47147" /><D31/><U86/><E112/><V135/><F135/><W103/><G134/><T38/><D7/><U94/><E129/><V45/><F34/><W21/><G8/><T17/><D17/><U128/><E128/><V58/><F46/><N who="0" m="17450" /><D38/><U125/><E125/><V52/><F53/><W0/><G0/><T6/><D63/><U124/><E124/><V105/><F105/><N who="0" m="40522" /><D6/><U75/><E36/><V73/><F45/><W78/><G61/><T67/><D67/><U96/><E40/><V2/><F2/><W39/><G42/><T9/><D9/><U102/><E4/><V110/><F110/><W20/><G39/><T74/><D85/><U133/><E133/><V10/><F23/><W118/><G118/><T97/><D97/><U18/><E18/><AGARI ba="0,0" hai="10,15,18,41,43,52,58,62,73,76,81,84,91,93" machi="18" ten="30,2000,0" yaku="7,1,54,1" doraHai="66" who="2" fromWho="1" sc="170,0,330,-20,250,20,250,0" /><INIT seed="2,0,0,0,3,104" ten="170,310,270,250" oya="2" hai0="129,76,38,17,16,118,9,60,86,24,21,2,105" hai1="10,81,73,125,42,122,5,75,96,68,30,67,46" hai2="52,40,120,25,132,72,49,124,41,121,134,56,91" hai3="15,35,7,50,102,29,59,103,84,79,98,0,108"/><V87/><F124/><W51/><G0/><T115/><D129/><U128/><E125/><V99/><F99/><W109/><G102/><T63/><D105/><U106/><E122/><N who="2" m="47211" /><F25/><N who="3" m="18863" /><G59/><T88/><D38/><U117/><E117/><V130/><F130/><W58/><G58/><T39/><D39/><U45/><E128/><V33/><F33/><W71/><G71/><T133/><D133/><N who="2" m="51306" /><F72/><W34/><G34/><T110/><D110/><N who="3" m="42601" /><G84/><T127/><D127/><U64/><E30/><V83/><AGARI ba="0,0" hai="40,41,49,52,56,83,87,91" m="51306,47211" machi="83" ten="30,3000,0" yaku="20,1,54,1" doraHai="104" who="2" fromWho="2" sc="170,-10,310,-10,270,30,250,-10" /><INIT seed="2,1,0,3,4,73" ten="160,300,300,240" oya="2" hai0="6,20,25,103,27,121,2,17,40,117,30,89,84" hai1="128,29,91,45,52,124,8,72,133,96,58,92,94" hai2="120,67,5,36,88,53,12,57,39,9,111,70,33" hai3="79,98,87,81,18,90,123,86,51,104,77,41,107"/><V38/><F120/><W78/><G41/><T118/><D103/><U50/><E72/><V26/><F111/><W28/><G28/><T69/><D69/><U110/><E110/><V1/><F70/><W7/><G7/><T65/><D65/><U43/><E128/><V114/><F114/><W49/><G18/><T102/><D102/><U131/><E131/><V46/><F67/><W56/><G123/><T112/><D40/><U23/><E133/><V68/><F68/><W82/><G56/><T10/><D89/><U130/><E130/><V66/><F66/><W134/><G134/><T42/><D42/><U34/><E34/><V122/><F122/><W108/><G108/><T93/><D93/><N who="1" m="56383" /><E8/><V63/><F88/><N who="3" m="51279" /><G51/><T64/><D64/><U127/><E23/><V4/><F46/><W100/><G49/><T21/><D84/><U113/><E29/><V0/><F4/><W135/><G135/><T99/><D99/><U119/><E119/><V97/><F97/><W60/><G60/><T76/><D76/><U14/><E14/><V16/><REACH who="2" step="1"/><F33/><REACH who="2" ten="160,300,290,240" step="2"/><W48/><G48/><T75/><D121/><U59/><E113/><V35/><F35/><W85/><G85/><T3/><D112/><U37/><E59/><V95/><F95/><AGARI ba="1,1" hai="77,78,79,82,87,90,95,98,100,104,107" m="51279" machi="95" ten="30,16000,3" yaku="35,5,52,3,54,1" doraHai="73" who="3" fromWho="2" sc="160,0,300,0,290,-163,240,173" /><INIT seed="3,0,0,0,4,112" ten="160,300,127,413" oya="3" hai0="36,105,99,98,41,111,119,116,87,78,8,52,100" hai1="125,89,70,96,113,3,45,24,126,57,71,5,120" hai2="80,86,102,109,74,43,88,127,58,128,131,65,62" hai3="55,44,42,95,66,38,85,6,28,104,123,67,53"/><W79/><G104/><T75/><D111/><U76/><E120/><V94/><F109/><W122/><G28/><T15/><D41/><U81/><E113/><V68/><F127/><N who="1" m="48649" /><E3/><V31/><F43/><W22/><G22/><T14/><D36/><U84/><E5/><V12/><F68/><W18/><G18/><T60/><D98/><U73/><E96/><V130/><F31/><W26/><G26/><T49/><D60/><U10/><E10/><V11/><F74/><W64/><G6/><T103/><D103/><U37/><E24/><V92/><REACH who="2" step="1"/><F102/><REACH who="2" ten="160,300,117,413" step="2"/><W17/><G42/><T121/><D75/><U82/><E57/><V25/><F25/><W132/><G122/><T33/><D121/><U117/><E117/><V27/><F27/><W0/><G123/><T39/><D33/><U23/><E23/><V40/><F40/><AGARI ba="0,1" hai="37,40,45,70,71,73,76,81,82,84,89" m="48649" machi="40" ten="30,1000,0" yaku="18,1" doraHai="112" who="1" fromWho="2" sc="160,0,300,20,117,-10,413,0" owari="160,-24.0,320,12.0,107,-39.0,413,51.0" /></mjloggm>