<mjloggm ver="2.3"><GO type="41" lobby="0"/><UN n0="%E5%B0%B1%E6%B4%BB%E7%94%9F%40%E5%B7%9D%E6%9D%91%E8%BB%8D%E5%9B%A3" n1="%E5%85%AD%E7%8E%8B%E5%AD%90" n2="%E3%81%A5%E3%82%81" n3="%E9%BB%92%E3%81%AE%E6%97%8B%E9%A2%A8" dan="16,13,13,15" rate="2064.18,1848.79,1904.39,2043.11" sx="M,M,M,M"/><TAIKYOKU oya="0"/><INIT seed="0,0,0,5,4,99" ten="250,250,250,250" oya="0" hai0="19,98,101,116,35,6,107,57,132,7,79,22,108" hai1="32,41,43,5,111,51,37,36,100,86,115,11,134" hai2="50,76,69,75,90,78,17,61,4,83,118,97,105" hai3="23,65,82,71,44,109,106,53,47,92,66,102,63"/><T1/><D116/><U2/><E115/><V42/><F118/><W121/><G121/><T113/><D35/><U125/><E51/><V127/><F127/><W67/><G106/><T10/><D113/><U94/><E32/><V28/><F17/><W114/><G114/><T64/><D132/><U70/><E134/><V129/><F129/><W27/><G109/><T13/><D108/><U56/><E56/><V93/><F76/><W21/><G71/><T25/><D79/><U135/><E86/><N who="2" m="52439" /><F4/><W9/><G9/><T120/><D120/><U52/><E70/><V112/><F112/><W95/><G82/><T122/><D122/><U119/><E119/><V87/><F28/><W26/><G63/><T68/><D68/><U81/><E81/><V59/><F87/><W85/><G85/><T80/><D80/><U14/><E125/><V128/><F128/><W131/><G53/><T20/><D6/><U117/><E135/><V46/><F69/><W12/><G67/><T48/><D48/><U62/><E117/><V24/><F24/><W103/><G131/><T39/><D39/><U18/><E37/><V124/><F124/><W49/><G49/><T84/><D84/><U88/><E36/><V74/><F74/><W126/><G126/><T58/><REACH who="0" step="1"/><D64/><REACH who="0" ten="240,250,250,250" step="2"/><U0/><E111/><V16/><F78/><W30/><G30/><AGARI ba="0,1" hai="1,7,10,13,19,20,22,25,30,57,58,98,101,107" machi="30" ten="30,18000,2" yaku="1,1,2,1,7,1,52,1,53,2" doraHai="99" doraHaiUra="54" who="0" fromWho="3" sc="240,190,250,0,250,0,250,-180" /><INIT seed="0,1,0,0,3,104" ten="430,250,250,70" oya="0" hai0="52,109,107,22,28,63,90,47,108,85,9,53,81" hai1="128,32,112,23,88,19,14,100,84,133,56,95,101" hai2="4,40,48,44,93,115,126,65,49,114,18,82,111" hai3="61,3,131,7,16,94,64,130,51,77,70,50,120"/><T10/><D107/><U39/><E128/><N who="3" m="49194" /><G120/><T36/><D36/><U83/><E133/><V102/><F111/><N who="0" m="42570" /><D63/><U78/><E112/><V1/><F126/><W105/><G105/><T134/><D134/><U124/><E124/><V67/><F18/><W132/><G132/><T35/><D35/><U127/><E127/><V99/><F49/><W54/><G7/><T135/><D135/><U13/><E32/><V110/><F110/><W119/><G3/><T69/><D69/><U106/><E39/><V30/><F30/><W87/><G119/><T91/><D91/><U21/><E106/><V26/><F4/><W125/><G125/><T68/><D68/><U20/><E56/><V117/><F1/><W129/><N who="3" m="49202" /><W29/><DORA hai="38" /><G29/><T25/><D47/><U43/><E43/><V12/><F117/><W46/><G51/><T122/><D122/><U2/><E2/><V73/><F48/><W55/><G94/><T33/><D33/><U121/><E121/><V123/><F93/><W27/><G87/><T31/><D31/><U116/><E116/><V103/><F123/><W8/><G77/><T80/><D80/><U71/><E71/><V24/><F82/><W57/><G70/><T74/><D74/><U98/><REACH who="1" step="1"/><E13/><REACH who="1" ten="430,240,250,70" step="2"/><V118/><F12/><N who="3" m="7175" /><G27/><T89/><D89/><U113/><E113/><V76/><F24/><W45/><G45/><T92/><D81/><U0/><E0/><V96/><F114/><W11/><G11/><AGARI ba="1,1" hai="9,10,11,22,25,28,52,53,85,90,92" m="42570" machi="11" ten="30,5800,0" yaku="14,1,10,1,54,1" doraHai="104,38" who="0" fromWho="3" sc="430,71,240,0,250,0,70,-61" /><AGARI ba="1,0" hai="11,14,19,20,21,23,78,83,84,88,95,98,100,101" machi="11" ten="40,8000,1" yaku="1,1,8,1,54,1,53,2" doraHai="104,38" doraHaiUra="15,6" who="1" fromWho="3" sc="501,0,240,80,250,0,9,-80" owari="501,60.0,320,12.0,250,-15.0,-71,-57.0" /></mjloggm>