<mjloggm ver="2.3"><GO type="97" lobby="0"/><UN n0="%E5%B0%B1%E6%B4%BB%E7%94%9F%40%E5%B7%9D%E6%9D%91%E8%BB%8D%E5%9B%A3" n1="%E3%81%AD%E3%81%93%E3%82%A2%E3%82%B5%E3%82%B7%E3%83%B3" n2="%E3%81%9F%E3%81%93%E3%81%99%E3%82%86%E3%83%BC%E3%81%8D" n3="%E3%82%8A%E3%82%81%E3%82%8D" dan="14,15,14,14" rate="1978.08,1945.82,1912.52,1873.50" sx="M,F,F,M"/><TAIKYOKU oya="0"/><INIT seed="0,0,0,0,3,51" ten="250,250,250,250" oya="0" hai0="7,90,96,134,122,104,117,22,83,108,72,113,82" hai1="66,67,102,9,77,39,124,93,125,71,20,27,78" hai2="92,133,5,70,79,11,103,121,53,31,129,30,13" hai3="100,32,44,94,33,60,91,128,56,37,36,0,109"/><T49/><D117/><U116/><E116/><V45/><F121/><W119/><G119/><T88/><D122/><U21/><E39/><V24/><F70/><W68/><G0/><T3/><D113/><U15/><E71/><V135/><F79/><N who="1" m="30217" /><E102/><V85/><F129/><W131/><G68/><T43/><D134/><N who="2" m="51210" /><F24/><W63/><G109/><T86/><D3/><U97/><E97/><N who="2" m="59815" /><F85/><W59/><G33/><T1/><D1/><U40/><E40/><V50/><AGARI ba="0,0" hai="5,11,13,30,31,45,50,53" m="59815,51210" machi="50" ten="30,2000,0" yaku="20,1,52,1" doraHai="51" who="2" fromWho="2" sc="250,-10,250,-5,250,20,250,-5" /><INIT seed="1,0,0,3,3,111" ten="240,245,270,245" oya="1" hai0="49,84,39,6,132,115,54,88,4,118,13,120,130" hai1="82,112,107,81,76,19,18,27,103,47,121,50,2" hai2="93,91,123,9,129,95,110,33,124,92,45,68,5" hai3="25,135,55,63,61,97,90,69,23,14,35,116,74"/><U71/><E121/><V80/><F123/><W17/><G74/><T106/><D39/><U75/><E2/><V22/><F110/><W0/><G0/><T40/><D106/><U133/><E71/><V125/><F33/><W86/><G135/><T12/><D120/><U77/><E133/><V83/><F68/><W29/><G116/><T122/><D122/><U11/><E27/><V85/><F45/><W10/><G97/><T126/><D118/><U108/><E108/><V26/><F83/><W102/><G102/><T96/><D126/><N who="2" m="48746" /><F129/><W79/><G79/><T117/><D130/><U30/><E30/><N who="2" m="17751" /><F80/><W7/><G69/><T113/><D117/><U16/><E81/><V78/><F78/><W109/><G109/><T67/><D40/><U46/><E77/><V99/><F99/><W24/><G55/><T44/><D96/><U101/><E107/><V94/><F94/><AGARI ba="0,0" hai="7,10,14,17,23,24,25,29,35,61,63,86,90,94" machi="94" ten="30,1000,0" yaku="7,1" doraHai="111" who="3" fromWho="2" sc="240,0,245,0,270,-10,245,10" /><INIT seed="2,0,0,0,0,34" ten="240,245,260,255" oya="2" hai0="118,121,87,13,123,28,71,5,0,10,68,15,46" hai1="98,114,11,107,8,127,108,24,110,84,50,55,83" hai2="120,18,12,74,85,49,125,43,128,72,81,124,47" hai3="21,135,59,37,56,130,2,30,66,99,48,52,51"/><V45/><F120/><W117/><G37/><T25/><D118/><U126/><E107/><V133/><F128/><W104/><G117/><T94/><D71/><U115/><E98/><V1/><F133/><W116/><G116/><T132/><D68/><U91/><E24/><V54/><F1/><W14/><G130/><T65/><D65/><U63/><E63/><V42/><F54/><W69/><G69/><T109/><D132/><U62/><E62/><V103/><F103/><W76/><G76/><T4/><D109/><N who="1" m="42091" /><E55/><V82/><F74/><W106/><G2/><T60/><D60/><U96/><E96/><V105/><F105/><W92/><G66/><T95/><D46/><U27/><E27/><V129/><F129/><W90/><G59/><T40/><D40/><U31/><E50/><V77/><F72/><W41/><G135/><T7/><D87/><U9/><E31/><V36/><REACH who="2" step="1"/><F82/><REACH who="2" ten="240,245,250,255" step="2"/><W44/><G106/><T35/><D95/><U111/><E111/><V100/><F100/><W93/><G104/><T57/><D94/><U17/><E115/><V88/><F88/><W61/><G93/><T80/><D80/><U131/><E114/><V3/><F3/><W113/><G113/><T101/><D101/><U112/><E112/><V26/><F26/><N who="3" m="16719" /><G51/><T102/><D102/><U119/><E119/><V86/><F86/><W89/><G90/><T134/><D134/><U73/><E131/><V38/><F38/><W39/><G39/><T122/><D57/><U97/><E73/><V70/><F70/><W75/><G75/><T23/><D0/><U16/><E97/><RYUUKYOKU ba="0,1" sc="240,0,245,0,250,0,255,0" hai0="4,5,7,10,13,15,23,25,28,35,121,122,123" hai1="8,9,11,16,17,83,84,91,126,127" hai2="12,18,36,42,43,45,47,49,77,81,85,124,125" hai3="14,41,44,48,52,56,61,89,92,99" /><INIT seed="2,1,1,0,5,107" ten="240,245,250,255" oya="2" hai0="40,30,110,64,115,99,112,1,132,52,86,88,87" hai1="49,8,135,44,121,34,17,32,53,109,13,127,59" hai2="131,82,22,84,62,29,23,128,2,96,15,28,41" hai3="117,60,48,124,72,63,106,24,81,101,19,104,122"/><V36/><F96/><W33/><G122/><T16/><D1/><U4/><E109/><V57/><F2/><W58/><G117/><T54/><D110/><U114/><E121/><V120/><F120/><W55/><G124/><T130/><D132/><U31/><E135/><V70/><F70/><W21/><G33/><T134/><D134/><U123/><E123/><V20/><F15/><W73/><G81/><T69/><D130/><N who="2" m="49706" /><F41/><W66/><G63/><T10/><D30/><U67/><E127/><V80/><F36/><W47/><REACH who="3" step="1"/><G101/><REACH who="3" ten="240,245,250,245" step="2"/><T7/><D112/><U74/><E114/><V75/><F82/><W76/><G76/><T9/><D115/><U18/><E34/><V94/><F94/><W37/><G37/><T83/><D69/><U45/><E32/><V97/><F97/><W100/><G100/><T38/><D64/><U65/><E65/><N who="2" m="39119" /><F75/><AGARI ba="1,2" hai="19,21,24,47,48,55,58,60,66,72,73,75,104,106" machi="75" ten="40,8000,1" yaku="1,1,52,3,53,0" doraHai="107" doraHaiUra="78" who="3" fromWho="2" sc="240,0,245,0,250,-83,245,103" /><INIT seed="3,0,0,3,1,22" ten="240,245,167,348" oya="3" hai0="4,56,62,18,112,69,28,82,52,107,118,105,75" hai1="127,94,26,121,47,120,39,113,36,9,6,101,81" hai2="37,0,63,32,68,116,44,92,134,72,42,79,59" hai3="129,74,67,133,41,21,40,80,115,98,108,70,8"/><W16/><G115/><T13/><D118/><U3/><E113/><V100/><F116/><W64/><G129/><T91/><D112/><U111/><E111/><V131/><F131/><W7/><G133/><T15/><D69/><U78/><E127/><V66/><F134/><W2/><G70/><T11/><D28/><U20/><E94/><V119/><F119/><W17/><G17/><T34/><D34/><U104/><E101/><V109/><F109/><W73/><G73/><T14/><D91/><U114/><E104/><V55/><F32/><W30/><G30/><T1/><REACH who="0" step="1"/><D18/><REACH who="0" ten="230,245,167,348" step="2"/><N who="1" m="12567" /><E114/><V46/><F100/><W12/><G16/><T65/><D65/><U35/><E35/><V106/><F106/><W24/><G67/><T53/><D53/><U23/><E23/><V130/><F130/><W103/><G64/><T132/><D132/><U124/><E124/><V48/><F0/><W83/><G2/><T89/><D89/><U102/><E102/><V38/><F92/><W58/><G103/><T31/><D31/><U60/><E60/><N who="2" m="40007" /><F72/><W50/><G74/><T87/><D87/><U117/><E117/><V76/><F76/><AGARI ba="0,1" hai="1,4,11,13,14,15,52,56,62,75,76,82,105,107" machi="76" ten="40,2600,0" yaku="1,1,54,1,53,0" doraHai="22" doraHaiUra="43" who="0" fromWho="2" sc="230,36,245,0,167,-26,348,0" owari="266,7.0,245,-15.0,141,-36.0,348,44.0" /></mjloggm>