<mjloggm ver="2.3"><GO type="225" lobby="0"/><UN n0="%E3%83%91%E3%82%B7%E3%83%AA%EF%BC%A0%E5%B7%9D%E6%9D%91%E8%BB%8D%E5%9B%A3" n1="%E9%8A%80%E3%81%B0%E3%81%95%E3%81%BF" n2="%E3%82%BB%E3%82%A4%E3%83%A8%E3%82%A6%E3%83%AA%E3%83%B3%E3%82%B4" n3="%E3%83%88%E3%83%88%E3%83%AA%E5%85%88%E7%94%9F%31%39%E6%AD%B3" dan="16,18,16,17" rate="2087.13,2239.80,2078.09,2214.73" sx="M,M,M,F"/><TAIKYOKU oya="0"/><INIT seed="0,0,0,5,3,71" ten="250,250,250,250" oya="0" hai0="36,0,28,64,72,38,121,26,104,74,23,40,4" hai1="81,99,89,131,27,8,45,18,3,70,91,31,129" hai2="93,67,83,92,66,105,77,34,109,57,120,52,53" hai3="88,6,69,61,90,60,78,43,80,48,85,11,123"/><T59/><D121/><U33/><E70/><V7/><F120/><W16/><G123/><T76/><D104/><U37/><E99/><V50/><F105/><W42/><G69/><T63/><D40/><N who="3" m="15401" /><G6/><T116/><D116/><U132/><E132/><V54/><F109/><W124/><G48/><T87/><D87/><N who="1" m="50415" /><E91/><N who="3" m="34858" /><G124/><T65/><D65/><U119/><E119/><V58/><F7/><W106/><G106/><T39/><REACH who="0" step="1"/><D76/><REACH who="0" ten="240,250,250,250" step="2"/><U94/><E94/><V55/><F67/><W113/><G113/><T41/><D41/><U114/><E114/><V128/><F66/><W73/><G73/><T9/><AGARI ba="0,1" hai="0,4,9,23,26,28,36,38,39,59,63,64,72,74" machi="9" ten="40,12000,1" yaku="1,1,0,1,52,3,53,0" doraHai="71" doraHaiUra="95" who="0" fromWho="0" sc="240,130,250,-40,250,-40,250,-40" /><INIT seed="0,1,0,5,0,49" ten="370,210,210,210" oya="0" hai0="92,9,61,128,55,24,16,93,114,34,0,113,119" hai1="23,72,79,124,89,77,63,58,26,57,28,123,66" hai2="35,67,3,98,39,54,5,10,29,59,126,75,129" hai3="100,47,97,108,101,51,73,48,107,117,56,40,20"/><T95/><D119/><U32/><E123/><V135/><F39/><W7/><G117/><T53/><D128/><U112/><E112/><V116/><F129/><W27/><G73/><T46/><D46/><U104/><E104/><V2/><F116/><W50/><G108/><T96/><D96/><U19/><E124/><V118/><F118/><W41/><G100/><T87/><D87/><U105/><E105/><V68/><F75/><W131/><G131/><T12/><D0/><U22/><E72/><V83/><F83/><W122/><G122/><T115/><REACH who="0" step="1"/><D61/><REACH who="0" ten="360,210,210,210" step="2"/><U85/><E63/><V80/><F98/><W94/><G47/><T86/><D86/><U42/><E85/><V33/><F2/><W14/><G107/><T31/><AGARI ba="1,1" hai="9,12,16,24,31,34,53,55,92,93,95,113,114,115" machi="31" ten="40,12000,1" yaku="1,1,0,1,52,2,54,1,53,0" doraHai="49" doraHaiUra="60" who="0" fromWho="0" sc="360,133,210,-41,210,-41,210,-41" /><INIT seed="0,2,0,5,3,95" ten="493,169,169,169" oya="0" hai0="45,111,125,33,36,106,121,47,86,90,60,21,78" hai1="69,88,127,65,109,29,101,32,126,75,99,93,44" hai2="38,114,91,53,124,58,25,43,112,74,8,100,104" hai3="12,66,17,70,81,31,89,19,113,68,51,97,133"/><T131/><D33/><U62/><E75/><V98/><F74/><W35/><G113/><T63/><D121/><U15/><E109/><V92/><F124/><N who="1" m="47657" /><E15/><V22/><F8/><W132/><G66/><T119/><D119/><U130/><E130/><V20/><F38/><W26/><G51/><T71/><D125/><U24/><E44/><V122/><F43/><W61/><G61/><T85/><D106/><U76/><E76/><V48/><F122/><W105/><G19/><T5/><D5/><U64/><E64/><V55/><F55/><W84/><G97/><T59/><D71/><U80/><E80/><V107/><F107/><W56/><G56/><T118/><D118/><U73/><E73/><V13/><F13/><W54/><G54/><T0/><D0/><U96/><E101/><V27/><F25/><W108/><G108/><T116/><D116/><U7/><E7/><V94/><F104/><W103/><G103/><T134/><D45/><U10/><E10/><V120/><F120/><W82/><G82/><T2/><D47/><U110/><E110/><V123/><F123/><W9/><REACH who="3" step="1"/><G105/><REACH who="3" ten="493,169,169,159" step="2"/><T42/><D111/><U30/><E29/><N who="2" m="17639" /><F114/><W102/><G102/><T57/><D36/><U129/><E129/><V115/><F112/><W79/><G79/><T11/><D78/><U28/><E30/><V128/><F115/><W40/><G40/><T52/><D42/><U72/><E72/><V1/><F128/><W16/><G16/><T83/><D131/><U4/><E4/><V49/><F49/><W39/><G39/><T3/><D83/><U41/><E41/><RYUUKYOKU ba="2,1" sc="493,-15,169,15,169,-15,159,15" hai1="24,28,32,62,65,69,88,93,96,99" hai3="9,12,17,26,31,35,68,70,81,84,89,132,133" /><INIT seed="1,3,1,4,3,129" ten="478,184,154,174" oya="1" hai0="2,94,102,108,6,43,40,23,41,128,57,130,135" hai1="8,125,61,35,127,44,133,24,122,69,53,62,11" hai2="103,113,117,101,67,107,50,30,47,88,124,87,39" hai3="0,63,73,59,19,90,74,60,13,91,121,68,7"/><U36/><E122/><V112/><F117/><W9/><G121/><T75/><D75/><U46/><E35/><V93/><F124/><N who="1" m="47689" /><E24/><V55/><F39/><W54/><G91/><T105/><D105/><U126/><E126/><V12/><F30/><W83/><G90/><T45/><D41/><N who="1" m="22567" /><E133/><V42/><F42/><W49/><G83/><T86/><D135/><U52/><E46/><V106/><F67/><W37/><G37/><T65/><D45/><U100/><E100/><N who="2" m="38475" /><F12/><W17/><G17/><T109/><D102/><U84/><E84/><V28/><F28/><W118/><G118/><T66/><D86/><U80/><E80/><V123/><F123/><W70/><G73/><T116/><D116/><U114/><E114/><AGARI ba="3,1" hai="47,50,55,87,88,93,106,107,112,113,114" m="38475" machi="114" ten="30,2000,0" yaku="11,1,54,1" doraHai="129" who="2" fromWho="1" sc="478,0,184,-29,154,39,174,0" /><INIT seed="2,0,0,2,1,2" ten="478,155,193,174" oya="2" hai0="27,90,35,84,112,110,25,77,104,55,83,119,66" hai1="7,130,60,115,78,42,6,106,22,128,16,32,69" hai2="34,18,53,124,45,111,56,62,40,3,131,15,98" hai3="61,108,5,10,49,72,73,63,96,100,70,36,43"/><V44/><F131/><N who="1" m="50217" /><E32/><V20/><F124/><W120/><G120/><T114/><D27/><N who="1" m="14791" /><E115/><V37/><F111/><W24/><G108/><T74/><D66/><N who="1" m="41159" /><E106/><V134/><F34/><W46/><G24/><T87/><D84/><U133/><E133/><V13/><F134/><W107/><G49/><T117/><D90/><U125/><E125/><V0/><F13/><W50/><G50/><T105/><D55/><U21/><E42/><V47/><REACH who="2" step="1"/><F98/><REACH who="2" ten="478,155,183,174" step="2"/><W94/><G96/><T52/><D35/><U41/><E41/><V9/><F9/><W126/><G10/><T132/><D132/><U76/><E21/><V1/><AGARI ba="0,1" hai="0,1,3,15,18,20,37,40,44,45,47,53,56,62" machi="1" ten="30,3000,0" yaku="1,1,0,1,53,0" doraHai="2" doraHaiUra="79" who="2" fromWho="2" sc="478,-10,155,-10,183,40,174,-10" /><INIT seed="2,1,0,2,1,31" ten="468,145,223,164" oya="2" hai0="25,109,33,23,59,63,116,84,69,47,96,103,57" hai1="92,17,126,19,135,28,11,99,2,62,32,71,53" hai2="37,110,14,16,35,9,112,85,64,38,94,48,78" hai3="106,121,123,89,117,70,100,104,107,54,133,20,6"/><V105/><F105/><W122/><G117/><T36/><D116/><U50/><E135/><V7/><F112/><W1/><G133/><T83/><D109/><U127/><E62/><V46/><F64/><W5/><G70/><T49/><D36/><U125/><E71/><V95/><F35/><W120/><N who="3" m="30720" /><DORA hai="44" /><W113/><G113/><T45/><D33/><U101/><E2/><V8/><F110/><W129/><G129/><T10/><D10/><U88/><E11/><V128/><F128/><W52/><G100/><T87/><D69/><U67/><E67/><V3/><F95/><W21/><G89/><T75/><D75/><U91/><E91/><V39/><F94/><W13/><G1/><T34/><D34/><U74/><E74/><V29/><F29/><W115/><G115/><T51/><D96/><U18/><E101/><V4/><F4/><N who="3" m="1643" /><G13/><T102/><D23/><AGARI ba="1,0" hai="20,21,23,52,54,104,106,107" m="1643,30720" machi="23" ten="70,8000,1" yaku="28,2,54,1" doraHai="31,44" who="3" fromWho="0" sc="468,-83,145,0,223,0,164,83" /><INIT seed="3,0,0,5,0,38" ten="385,145,223,247" oya="3" hai0="55,95,14,82,129,43,60,94,134,74,117,78,1" hai1="125,130,7,49,114,5,31,34,62,104,109,25,58" hai2="64,26,108,19,91,100,96,68,131,52,89,81,36" hai3="6,107,72,93,27,61,2,63,37,115,8,105,42"/><W88/><G115/><T98/><D1/><U110/><E114/><V120/><F108/><W70/><G72/><T119/><D43/><U65/><E104/><V124/><F36/><W87/><G61/><T123/><D123/><U86/><E130/><V84/><F120/><W51/><G37/><T103/><D14/><U16/><E125/><V135/><F124/><W23/><G70/><T79/><D129/><U33/><E33/><V57/><F135/><W113/><G113/><T67/><D134/><U56/><E109/><V102/><F64/><W92/><G63/><T30/><D30/><U90/><E110/><V45/><F45/><W83/><G93/><T71/><D79/><U13/><E56/><V101/><F68/><W4/><G4/><T22/><D22/><U73/><E73/><V77/><F131/><W53/><G83/><T41/><D41/><U20/><REACH who="1" step="1"/><E49/><REACH who="1" ten="385,135,223,247" step="2"/><V40/><F57/><N who="3" m="32959" /><G107/><T122/><D74/><U9/><E9/><V128/><F128/><W116/><G8/><T44/><D122/><U46/><E46/><V111/><F111/><W76/><G105/><T15/><D44/><U29/><E29/><V24/><F101/><W0/><G23/><T48/><D103/><U121/><E121/><V99/><F102/><W39/><G39/><T126/><D48/><U32/><E32/><V47/><F100/><W11/><G11/><T54/><D126/><U18/><E18/><V132/><F19/><W35/><G35/><T66/><D71/><U69/><E69/><V21/><F47/><W75/><G75/><T85/><D60/><U106/><E106/><RYUUKYOKU ba="0,1" sc="385,-10,135,30,223,-10,247,-10" hai1="5,7,13,16,20,25,31,34,58,62,65,86,90" owari="385,48.0,165,-33.0,213,-19.0,237,4.0" /></mjloggm>