<mjloggm ver="2.3"><GO type="225" lobby="0"/><UN n0="%73%61%72%61%6B" n1="%E3%81%9F%E3%82%8D%E3%81%9F%E3%82%8D%2E" n2="%E5%B0%B1%E6%B4%BB%E7%94%9F%40%E5%B7%9D%E6%9D%91%E8%BB%8D%E5%9B%A3" n3="%47%E3%83%A8%E9%BE%8D%E9%96%80" dan="16,18,17,17" rate="2155.19,2190.47,2094.61,2134.12" sx="M,M,M,M"/><TAIKYOKU oya="0"/><INIT seed="0,0,0,3,5,96" ten="250,250,250,250" oya="0" hai0="84,13,22,126,23,9,0,117,111,132,10,7,15" hai1="46,16,102,4,69,41,120,135,125,95,48,51,98" hai2="119,94,44,93,88,92,42,52,134,77,86,62,116" hai3="11,30,40,64,128,43,3,21,49,1,20,104,59"/><T26/><D84/><U73/><E73/><V131/><F134/><W38/><G104/><T114/><D117/><N who="2" m="45130" /><F131/><W6/><G38/><T66/><D66/><U122/><E69/><V99/><F77/><W101/><G128/><T18/><D114/><U105/><E135/><V107/><F107/><W28/><G64/><T81/><D81/><U2/><E125/><V115/><F115/><W110/><G110/><T53/><D53/><U106/><E51/><N who="2" m="27031" /><F86/><W108/><G108/><T130/><D130/><U89/><E106/><V109/><F109/><W19/><G49/><T133/><D111/><U55/><E41/><V25/><F25/><W57/><G19/><N who="0" m="8631" /><D126/><U60/><E60/><V31/><F31/><AGARI ba="0,0" hai="0,7,9,15,18,22,23,26,31,132,133" m="8631" machi="31" ten="30,2900,0" yaku="34,2" doraHai="96" who="0" fromWho="2" sc="250,29,250,0,250,-29,250,0" /><INIT seed="0,1,0,1,3,107" ten="279,250,221,250" oya="0" hai0="50,62,109,48,108,103,87,73,83,15,132,23,96" hai1="6,112,18,100,25,124,74,11,126,32,135,56,120" hai2="118,16,110,41,13,33,104,78,114,8,12,2,129" hai3="38,92,4,130,106,81,97,44,70,63,37,51,122"/><T128/><D132/><U28/><E120/><V85/><F104/><W79/><G106/><N who="0" m="63847" /><D128/><U121/><E100/><V119/><F41/><W65/><G122/><T47/><D62/><U29/><E121/><V80/><F114/><W10/><G130/><T21/><D50/><U98/><E98/><V102/><F129/><W86/><G10/><T40/><D15/><U36/><E36/><V22/><F33/><W30/><G30/><T101/><D101/><U89/><E89/><V59/><F2/><W45/><G4/><T53/><D53/><U0/><E56/><V69/><F69/><W31/><G31/><T133/><D133/><U72/><E135/><V5/><F102/><W68/><G68/><T54/><D54/><U90/><E90/><V58/><REACH who="2" step="1"/><F110/><REACH who="2" ten="279,250,211,250" step="2"/><N who="0" m="42602" /><D73/><N who="1" m="28267" /><E112/><V99/><F99/><W105/><G105/><T55/><D40/><U82/><E32/><V9/><F9/><W61/><G97/><T14/><D14/><U64/><E11/><V39/><F39/><W17/><G37/><T113/><D113/><U66/><E0/><V1/><F1/><W127/><G38/><T42/><D42/><U43/><E43/><V52/><F52/><W88/><G70/><T71/><D71/><U84/><E64/><V67/><F67/><W125/><G65/><T117/><D117/><AGARI ba="1,1" hai="5,8,12,13,16,22,58,59,78,80,85,117,118,119" machi="117" ten="40,8000,1" yaku="1,1,12,1,54,1,53,1" doraHai="107" doraHaiUra="77" who="2" fromWho="0" sc="279,-83,250,0,211,93,250,0" /><INIT seed="1,0,0,2,2,12" ten="196,250,304,250" oya="1" hai0="67,121,135,24,122,39,95,100,127,125,26,22,41" hai1="92,120,47,129,77,53,37,111,29,68,25,27,23" hai2="33,85,79,75,97,45,40,131,107,52,116,106,18" hai3="19,2,49,16,72,63,34,132,46,70,83,43,21"/><U89/><E68/><V88/><F33/><W78/><G132/><T113/><D67/><U32/><E120/><N who="0" m="46185" /><D41/><U104/><E104/><V114/><F116/><W3/><G34/><T64/><D64/><U13/><E129/><V87/><F75/><W105/><G105/><T126/><D39/><U74/><E13/><V103/><F107/><W58/><G70/><T119/><D100/><U44/><E37/><V28/><F28/><W133/><G133/><T110/><D95/><U101/><E101/><V11/><F131/><W38/><G38/><T1/><D135/><U30/><E53/><V66/><F66/><W65/><REACH who="3" step="1"/><G19/><REACH who="3" ten="196,250,304,240" step="2"/><N who="0" m="12383" /><D119/><U10/><E111/><V71/><F71/><W6/><G6/><T57/><D110/><U5/><E74/><V128/><F18/><W55/><G55/><T51/><D113/><U15/><E77/><V62/><F52/><W56/><G56/><T98/><D57/><U93/><E93/><V94/><F114/><W73/><G73/><T17/><D51/><U50/><E50/><V48/><F128/><W76/><G76/><T109/><D109/><U102/><E102/><V134/><F134/><W115/><G115/><T96/><D1/><U42/><E42/><V99/><F79/><W86/><G86/><AGARI ba="0,1" hai="5,10,15,23,25,27,29,30,32,44,47,86,89,92" machi="86" ten="30,1500,0" yaku="7,1" doraHai="12" who="1" fromWho="3" sc="196,0,250,25,304,0,240,-15" /><INIT seed="1,1,0,5,4,37" ten="196,275,304,225" oya="1" hai0="72,122,89,14,101,132,124,125,119,11,133,3,115" hai1="74,70,93,118,50,128,65,114,96,117,73,52,6" hai2="27,29,116,24,97,32,56,28,15,31,87,88,82" hai3="7,130,35,53,5,108,22,123,126,66,8,131,112"/><U57/><E114/><V83/><F116/><W76/><G112/><T30/><D72/><U44/><E6/><V69/><F69/><W105/><G123/><T2/><D101/><U94/><E94/><N who="2" m="56519" /><F32/><W63/><G35/><T62/><D89/><U129/><E70/><V71/><F71/><W49/><G105/><T80/><D62/><N who="1" m="38095" /><E73/><V110/><F110/><W121/><G121/><T99/><D80/><N who="2" m="30762" /><F87/><W75/><G75/><T134/><D99/><U18/><E18/><V12/><F56/><W81/><G81/><T25/><D115/><U91/><E74/><V107/><F107/><W40/><G108/><T41/><D41/><U0/><E0/><N who="0" m="41" /><D119/><U78/><E78/><V13/><AGARI ba="1,0" hai="12,13,15,24,27,28,29,31" m="30762,56519" machi="13" ten="40,2700,0" yaku="8,1,54,1" doraHai="37" who="2" fromWho="2" sc="196,-8,275,-14,304,30,225,-8" /><INIT seed="2,0,0,3,3,89" ten="188,261,334,217" oya="2" hai0="20,133,135,132,21,69,105,80,16,28,38,2,79" hai1="52,66,8,90,61,119,131,95,9,22,99,50,92" hai2="25,45,102,29,106,70,1,42,32,129,111,117,14" hai3="125,91,62,96,5,67,72,134,123,58,48,97,75"/><V68/><F117/><W10/><G123/><T100/><D69/><U15/><E131/><V56/><F129/><W127/><G134/><T40/><D105/><U18/><E119/><V37/><F111/><W23/><G23/><T120/><D100/><U55/><E92/><V7/><F56/><W63/><G48/><T114/><D40/><U116/><E116/><V77/><F14/><N who="3" m="5455" /><G63/><T78/><D38/><U126/><E126/><N who="3" m="48138" /><G91/><T54/><D79/><U44/><REACH who="1" step="1"/><E55/><REACH who="1" ten="188,251,334,217" step="2"/><V30/><F106/><W128/><G128/><T118/><D54/><U26/><E26/><V101/><F25/><W64/><G64/><T27/><D118/><U73/><E73/><AGARI ba="0,1" hai="58,62,67,72,73,75,96,97" m="48138,5455" machi="73" ten="30,1000,0" yaku="18,1" doraHai="89" who="3" fromWho="1" sc="188,0,251,-10,334,0,217,20" /><INIT seed="3,0,0,5,4,73" ten="188,241,334,237" oya="3" hai0="121,26,81,118,36,83,42,134,51,25,87,105,56" hai1="113,110,62,19,107,6,28,116,65,47,130,61,115" hai2="119,84,8,24,31,114,15,64,69,52,93,88,29" hai3="99,125,32,17,58,129,74,37,5,71,20,103,45"/><W0/><G71/><T76/><D121/><U22/><E107/><V85/><F114/><W124/><G74/><T27/><D134/><U131/><E28/><N who="2" m="10827" /><F69/><W35/><G58/><T63/><D118/><U44/><E6/><N who="2" m="3479" /><F64/><W66/><G66/><T78/><D105/><U132/><E110/><V48/><F24/><W3/><G129/><N who="1" m="49162" /><E132/><V95/><F119/><W72/><G72/><T108/><D36/><U60/><E65/><V135/><F135/><W75/><G75/><T14/><D108/><U30/><E30/><V128/><F128/><W57/><G57/><T127/><D127/><N who="3" m="48713" /><G45/><N who="1" m="17482" /><E116/><V122/><F122/><W70/><G70/><T111/><D111/><U53/><E53/><V43/><F43/><W102/><G102/><T126/><D126/><U67/><E67/><V41/><F41/><W123/><G123/><T7/><D42/><U112/><E112/><V39/><F39/><W101/><G101/><T46/><D46/><U21/><E21/><V100/><F100/><W89/><G103/><T77/><D51/><U33/><E33/><V34/><F34/><N who="3" m="12843" /><G5/><T4/><D4/><U96/><E96/><N who="2" m="57383" /><F95/><N who="3" m="56815" /><G37/><T80/><D87/><U16/><E19/><V92/><F92/><W13/><AGARI ba="0,0" hai="0,3,13,17,20" m="56815,12843,48713" machi="13" ten="30,1500,0" yaku="18,1" doraHai="73" who="3" fromWho="3" sc="188,-5,241,-5,334,-5,237,15" /><INIT seed="3,1,0,4,4,32" ten="183,236,329,252" oya="3" hai0="116,107,131,9,57,51,37,98,81,64,130,99,72" hai1="11,63,127,91,104,86,17,103,88,61,24,50,6" hai2="96,7,97,30,21,123,73,83,16,134,84,108,40" hai3="129,12,0,47,19,105,115,79,26,55,52,92,43"/><W120/><G115/><T60/><D37/><U112/><E112/><V8/><F73/><W4/><G105/><T85/><D81/><U56/><E104/><V44/><F108/><W74/><G120/><T58/><D72/><U31/><E17/><V71/><F71/><W38/><G26/><T3/><D85/><U117/><E103/><V36/><F30/><W15/><G92/><T70/><D116/><U102/><E102/><V109/><F109/><W54/><G19/><T10/><D10/><U35/><E91/><V125/><F125/><W132/><G132/><T122/><D122/><U18/><E18/><V14/><F134/><W13/><G129/><T46/><D107/><U133/><E127/><V93/><F93/><W28/><G28/><T66/><D99/><U41/><E133/><V94/><F94/><W101/><G101/><T67/><D98/><U95/><E117/><V68/><F68/><W45/><G45/><T110/><D9/><U20/><E35/><V23/><F123/><W25/><G25/><T111/><D3/><U29/><E29/><V121/><F121/><W113/><G113/><T69/><D67/><U100/><E100/><V59/><F23/><W106/><G106/><T62/><D51/><U2/><E41/><V75/><F75/><W76/><G74/><T33/><D33/><U34/><E34/><V89/><F59/><W53/><N who="3" m="13312" /><DORA hai="5" /><W82/><G82/><T119/><D119/><U77/><E77/><V124/><F124/><W65/><G65/><T90/><D90/><U1/><E1/><AGARI ba="1,0" hai="1,7,8,14,16,21,36,40,44,83,84,89,96,97" machi="1" ten="30,7700,0" yaku="7,1,52,2,54,1" doraHai="32,5" who="2" fromWho="1" sc="183,0,236,-80,329,80,252,0" owari="183,-22.0,156,-34.0,409,51.0,252,5.0" /></mjloggm>