<mjloggm ver="2.3"><GO type="97" lobby="0"/><UN n0="%E5%B0%B1%E6%B4%BB%E7%94%9F%40%E5%B7%9D%E6%9D%91%E8%BB%8D%E5%9B%A3" n1="%31%33%36%30" n2="%6D%69%7A%75%79%6F%75" n3="%4B%49%44%4F" dan="14,15,13,13" rate="1921.66,2042.22,1897.37,1958.13" sx="M,M,M,M"/><TAIKYOKU oya="0"/><INIT seed="0,0,0,5,2,101" ten="250,250,250,250" oya="0" hai0="37,34,71,85,49,4,90,15,68,124,56,111,103" hai1="38,129,119,77,27,22,88,3,8,69,94,5,116" hai2="23,79,62,13,67,41,131,28,106,120,18,72,21" hai3="133,84,98,128,35,132,6,95,19,32,10,53,104"/><T109/><D37/><U87/><E69/><V47/><F120/><W99/><G84/><T1/><D34/><U80/><E38/><V82/><F131/><W74/><G74/><T115/><D1/><U122/><E129/><V123/><F123/><W25/><G128/><T127/><D115/><U36/><E36/><V2/><F2/><W118/><G118/><T92/><D103/><U29/><REACH who="1" step="1"/><E122/><REACH who="1" ten="250,240,250,250" step="2"/><V54/><F28/><N who="3" m="19471" /><G35/><T39/><D39/><U16/><E16/><V46/><F41/><W59/><G19/><T126/><D71/><U14/><E14/><V9/><F21/><W70/><G70/><T58/><D68/><U45/><E45/><V89/><F23/><W121/><G121/><T60/><D15/><U112/><E112/><V20/><F20/><W57/><G57/><T86/><D4/><U107/><E107/><V40/><F106/><W125/><G125/><T7/><D7/><U100/><E100/><V63/><F40/><W114/><G114/><T33/><D33/><U75/><AGARI ba="0,1" hai="3,5,8,22,27,29,75,77,80,87,88,94,116,119" machi="75" ten="20,5200,0" yaku="1,1,0,1,7,1,54,1,53,0" doraHai="101" doraHaiUra="31" who="1" fromWho="1" sc="250,-26,240,62,250,-13,250,-13" /><INIT seed="1,0,0,2,1,61" ten="224,302,237,237" oya="1" hai0="24,10,90,119,28,95,73,133,12,126,78,37,14" hai1="21,6,75,93,118,27,42,67,77,20,4,55,102" hai2="98,51,60,57,88,122,106,129,127,0,23,105,46" hai3="96,38,104,87,70,89,3,19,68,34,76,1,80"/><U115/><E118/><V18/><F0/><W101/><G34/><T121/><D119/><U44/><E115/><V120/><F129/><W72/><G38/><T79/><D121/><U47/><E75/><V103/><F127/><W99/><G99/><T107/><D107/><U131/><E77/><V53/><F106/><W108/><G108/><T84/><D37/><U2/><E2/><V41/><REACH who="2" step="1"/><F88/><REACH who="2" ten="224,302,227,237" step="2"/><W30/><G3/><T113/><D126/><U59/><E131/><V69/><F69/><W48/><G1/><T45/><D113/><U65/><E102/><V49/><F49/><W33/><G48/><T39/><D39/><U63/><E93/><V15/><AGARI ba="0,1" hai="15,18,23,41,46,51,53,57,60,98,103,105,120,122" machi="15" ten="20,5200,0" yaku="1,1,0,1,7,1,53,1" doraHai="61" doraHaiUra="9" who="2" fromWho="2" sc="224,-13,302,-26,227,62,237,-13" /><INIT seed="2,0,0,5,2,131" ten="211,276,289,224" oya="2" hai0="116,32,73,22,87,3,21,31,102,128,94,92,118" hai1="45,25,60,52,42,89,114,100,69,130,108,99,18" hai2="57,9,11,117,41,88,126,129,132,86,82,55,58" hai3="28,14,101,50,35,67,120,93,13,51,111,56,6"/><V40/><F117/><N who="0" m="45162" /><D73/><U27/><E114/><V124/><F129/><W39/><G39/><T29/><D128/><U47/><E130/><V12/><F132/><W76/><G120/><T8/><D102/><U91/><E69/><V44/><F9/><W72/><G111/><T74/><D74/><U53/><E108/><V106/><F106/><W64/><G76/><T65/><D65/><U110/><E110/><V20/><F20/><N who="0" m="7786" /><D87/><U75/><E75/><V0/><F0/><W15/><G72/><T5/><D92/><N who="1" m="58471" /><E18/><V16/><F124/><W2/><G67/><T127/><D94/><U30/><E42/><N who="2" m="16491" /><F126/><W36/><G36/><T7/><D127/><U63/><E30/><N who="0" m="11273" /><D7/><U26/><E63/><V103/><F103/><W90/><G101/><T121/><D121/><U10/><E10/><V119/><F119/><W70/><G70/><T49/><D49/><AGARI ba="0,0" hai="11,12,16,44,49,55,57,58,82,86,88" m="16491" machi="49" ten="30,11600,0" yaku="25,1,8,1,54,2" doraHai="131" who="2" fromWho="0" sc="211,-116,276,0,289,116,224,0" /><INIT seed="2,1,0,5,2,90" ten="95,276,405,224" oya="2" hai0="49,4,16,87,64,41,61,65,102,99,66,24,22" hai1="83,108,12,68,97,21,105,103,93,121,119,115,28" hai2="53,36,134,32,132,27,31,91,120,34,40,117,10" hai3="88,63,59,80,130,15,86,107,11,79,135,37,70"/><V60/><F117/><W89/><G37/><T50/><D4/><U123/><E68/><V129/><F120/><N who="1" m="46153" /><E83/><V78/><F78/><W131/><G107/><T69/><D69/><U75/><E75/><V76/><F76/><W48/><G70/><T122/><D122/><U109/><E28/><V30/><F129/><N who="3" m="49163" /><G48/><T33/><D33/><U85/><E21/><V100/><F100/><W98/><G98/><T46/><D87/><U81/><E12/><V8/><F40/><W9/><G135/><N who="2" m="51753" /><F36/><W124/><G124/><T42/><D61/><U20/><E20/><V35/><F91/><N who="3" m="34891" /><G15/><T67/><N who="0" m="16896" /><DORA hai="13" /><T23/><D23/><U14/><E14/><V111/><F111/><N who="1" m="42569" /><E119/><V17/><F60/><W110/><G110/><T84/><D84/><U19/><E115/><V127/><F53/><AGARI ba="1,0" hai="9,11,53,59,63,79,80,86" m="34891,49163" machi="53" ten="30,2000,0" yaku="19,1,54,1" doraHai="90,13" who="3" fromWho="2" sc="95,0,276,0,405,-23,224,23" /><INIT seed="3,0,0,3,0,97" ten="95,276,382,247" oya="3" hai0="13,131,130,10,67,118,98,43,84,38,107,122,111" hai1="51,78,77,112,92,58,81,52,101,103,132,20,115" hai2="121,119,33,14,31,66,45,86,128,22,42,65,83" hai3="35,61,113,74,17,129,79,99,105,5,134,71,28"/><W104/><G113/><T100/><D118/><U2/><E2/><V117/><F128/><W3/><G17/><T68/><D122/><U18/><E132/><V110/><F110/><W96/><G134/><T34/><D111/><U50/><E115/><V36/><F33/><W108/><G129/><T94/><D13/><U32/><E32/><V12/><F121/><W126/><G126/><T48/><D10/><U24/><E112/><V88/><F12/><W64/><G99/><T69/><D48/><U73/><E92/><V9/><F66/><W57/><G57/><T0/><D84/><U23/><E77/><V21/><F65/><W46/><G96/><T123/><D94/><U7/><E7/><V19/><F31/><W44/><G44/><T11/><D123/><U16/><E50/><V91/><REACH who="2" step="1"/><F91/><REACH who="2" ten="95,276,372,247" step="2"/><W60/><G108/><T135/><D135/><U89/><REACH who="1" step="1"/><E89/><REACH who="1" ten="95,266,372,247" step="2"/><V85/><F85/><W120/><G120/><T29/><D131/><U114/><E114/><V102/><F102/><W133/><G133/><T26/><D130/><U55/><E55/><V47/><F47/><W15/><G61/><T4/><REACH who="0" step="1"/><D67/><REACH who="0" ten="85,266,372,247" step="2"/><U80/><E80/><V93/><F93/><W116/><G116/><AGARI ba="0,3" hai="9,14,19,21,22,36,42,45,83,86,88,116,117,119" machi="116" ten="40,5200,0" yaku="1,1,54,1,53,1" doraHai="97" doraHaiUra="76" who="2" fromWho="3" sc="85,0,266,0,372,82,247,-52" owari="85,-41.0,266,7.0,454,54.0,195,-20.0" /></mjloggm>