<mjloggm ver="2.3"><GO type="169" lobby="0"/><UN n0="%E3%83%92%E3%83%AB%E3%83%99%E3%83%AB%E3%83%88" n1="%E3%83%88%E3%83%88%E3%83%AA%E5%85%88%E7%94%9F%31%39%E6%AD%B3" n2="%43%2D%E3%83%93%E3%83%83%E3%82%AF" n3="%68%65%74" dan="17,18,16,16" rate="2185.00,2244.71,2063.56,2112.97" sx="M,F,M,M"/><TAIKYOKU oya="0"/><INIT seed="0,0,0,3,1,1" ten="250,250,250,250" oya="0" hai0="119,102,108,56,5,31,112,51,99,91,79,37,0" hai1="101,69,27,122,85,4,3,66,81,106,33,36,62" hai2="89,41,86,92,135,77,78,95,128,75,97,8,127" hai3="60,21,133,64,35,70,111,16,24,84,57,11,130"/><T73/><D112/><U120/><E36/><V20/><F41/><W17/><G35/><T43/><D119/><U98/><E85/><V100/><F128/><W87/><G130/><T117/><D117/><U34/><E81/><V48/><F75/><W118/><G118/><T9/><D108/><U65/><E65/><V121/><F121/><W129/><G129/><T15/><D31/><N who="1" m="19711" /><E34/><V123/><F123/><W7/><G111/><T90/><D15/><U53/><E53/><V52/><F135/><W26/><G133/><T132/><D132/><U22/><E22/><V14/><F127/><W113/><G113/><T82/><D51/><U40/><E40/><V134/><F134/><W25/><G70/><T126/><D56/><U28/><E28/><V80/><F20/><W93/><G93/><T114/><D126/><U103/><E103/><V74/><F92/><W72/><G72/><T39/><D39/><U110/><E110/><V105/><F105/><W47/><G47/><N who="0" m="24047" /><D114/><U50/><E50/><V109/><F74/><W58/><G58/><T125/><D125/><U104/><E104/><AGARI ba="0,0" hai="0,5,9,73,79,82,90,91,99,102,104" m="24047" machi="104" ten="30,2900,0" yaku="25,1,52,1" doraHai="1" who="0" fromWho="1" sc="250,29,250,-29,250,0,250,0" /><INIT seed="0,1,0,1,2,95" ten="279,221,250,250" oya="0" hai0="52,22,6,130,44,93,38,24,101,71,103,117,8" hai1="98,48,70,115,126,57,43,135,92,42,21,27,80" hai2="19,88,13,15,108,72,106,82,26,59,9,123,67" hai3="100,55,23,4,47,2,109,60,119,61,110,50,87"/><T58/><D71/><U5/><E70/><V83/><F123/><W124/><G119/><T79/><D117/><U77/><E115/><V7/><F106/><W33/><G124/><T121/><D121/><U29/><E135/><V53/><F67/><W78/><G33/><T14/><D130/><U36/><E36/><V128/><F128/><W54/><G100/><T1/><D1/><U129/><E126/><V91/><F26/><W0/><G23/><T37/><D79/><U45/><E57/><V84/><F108/><N who="3" m="41579" /><G4/><T62/><D38/><U51/><E5/><V118/><F118/><W89/><G78/><T66/><D93/><U105/><E105/><V41/><F41/><W11/><G11/><T111/><D111/><U3/><E3/><N who="3" m="1066" /><G54/><T34/><D34/><U85/><E129/><V120/><F120/><W114/><G114/><T56/><D44/><U68/><E68/><V94/><F91/><W81/><AGARI ba="1,0" hai="47,50,55,60,61,81,87,89" m="1066,41579" machi="81" ten="30,1100,0" yaku="14,1" doraHai="95" who="3" fromWho="3" sc="279,-6,221,-4,250,-4,250,14" /><INIT seed="1,0,0,1,0,8" ten="273,217,246,264" oya="1" hai0="48,76,95,31,87,10,128,36,55,52,17,67,14" hai1="62,135,15,58,41,22,63,83,93,34,44,69,46" hai2="28,68,16,61,54,125,122,103,86,27,126,0,89" hai3="71,30,39,102,59,12,9,92,121,72,24,85,45"/><U13/><E34/><V130/><F0/><W49/><G72/><T123/><D36/><U113/><E113/><V97/><F122/><W7/><G71/><T74/><D74/><U124/><E124/><V11/><F130/><W96/><G121/><T133/><D123/><U42/><E135/><V110/><F110/><W50/><G39/><T101/><D128/><U32/><E32/><V66/><F54/><N who="0" m="20522" /><D133/><U134/><E134/><V132/><F132/><W99/><G59/><T104/><D104/><U105/><E105/><V2/><F2/><W114/><G114/><T70/><D70/><U94/><E69/><V47/><F47/><N who="1" m="17961" /><E83/><V1/><F1/><W73/><G73/><T56/><D31/><U127/><E22/><V88/><F28/><W118/><G118/><T91/><D101/><U20/><E20/><V37/><F37/><W98/><G85/><T80/><D48/><U112/><E127/><V53/><F86/><W82/><G82/><T79/><D80/><U117/><E117/><V75/><F75/><W64/><G64/><T111/><D111/><U81/><E81/><V100/><F125/><W4/><G4/><T108/><D108/><U119/><E119/><V6/><F126/><W131/><G50/><T40/><D40/><N who="1" m="15467" /><E112/><V106/><F106/><W116/><G116/><T29/><D29/><U60/><E58/><V33/><F68/><W35/><REACH who="3" step="1"/><G131/><REACH who="3" ten="273,217,246,254" step="2"/><T5/><D5/><U25/><E25/><V78/><F6/><W84/><G84/><T43/><D43/><AGARI ba="0,1" hai="7,9,12,24,30,35,43,45,49,92,96,98,99,102" machi="43" ten="30,7700,0" yaku="1,1,7,1,52,1,53,1" doraHai="8" doraHaiUra="38" who="3" fromWho="0" sc="273,-77,217,0,246,0,254,87" /><INIT seed="2,0,0,4,0,73" ten="196,217,246,341" oya="2" hai0="48,16,96,2,116,32,63,118,36,55,38,29,110" hai1="45,94,66,87,104,126,125,64,15,122,81,46,131" hai2="41,85,127,79,0,103,114,82,71,121,27,4,19" hai3="92,117,100,74,93,43,57,130,119,128,84,135,108"/><V9/><F114/><W33/><G43/><T83/><D2/><U39/><E104/><V50/><F121/><W105/><G33/><T76/><D110/><U44/><E122/><V31/><F71/><W11/><G11/><T78/><D63/><U75/><E39/><N who="0" m="14889" /><D29/><U25/><E131/><N who="3" m="50218" /><G57/><N who="0" m="32999" /><D83/><U10/><E25/><V47/><F127/><N who="1" m="48649" /><E94/><N who="3" m="36458" /><G108/><T129/><D96/><U24/><E75/><V98/><F19/><W67/><G74/><T97/><D97/><U86/><E24/><V60/><F60/><W17/><G67/><N who="1" m="25642" /><E81/><V90/><F98/><N who="3" m="61591" /><G17/><AGARI ba="0,0" hai="10,15,17,44,45,46,86,87" m="25642,48649" machi="17" ten="30,1000,0" yaku="18,1" doraHai="73" who="1" fromWho="3" sc="196,0,217,10,246,0,341,-10" /><INIT seed="3,0,0,2,5,66" ten="196,227,246,331" oya="3" hai0="126,19,113,59,64,0,47,81,12,123,71,29,92" hai1="67,42,10,5,72,3,109,93,96,63,76,24,120" hai2="87,39,43,41,6,31,56,125,124,128,88,127,129" hai3="84,117,131,95,101,119,104,53,2,1,37,4,85"/><W55/><G37/><T112/><D123/><U33/><E109/><V36/><F6/><W34/><G34/><T114/><D0/><U132/><E132/><V115/><F31/><W90/><G4/><T28/><D126/><U52/><E120/><V14/><F14/><W89/><G104/><T13/><D92/><U110/><E110/><V25/><F25/><W91/><G101/><T122/><D59/><U7/><E42/><N who="2" m="15883" /><F115/><N who="0" m="44106" /><D47/><U94/><E7/><V121/><F121/><W111/><G111/><T69/><D122/><U108/><E108/><V100/><F100/><W38/><G38/><N who="2" m="14377" /><F56/><W99/><G99/><T83/><D64/><U9/><E9/><V17/><F17/><W106/><G106/><T16/><N who="0" m="44114" /><T134/><DORA hai="73" /><D134/><U27/><E33/><V49/><F49/><W62/><G62/><T79/><D13/><U58/><E93/><AGARI ba="0,0" hai="87,88,93,124,125,127,128,129" m="14377,15883" machi="93" ten="40,2600,0" yaku="18,1,54,1" doraHai="66,73" who="2" fromWho="1" sc="196,0,227,-26,246,26,331,0" /><INIT seed="4,0,0,3,1,76" ten="196,201,272,331" oya="0" hai0="121,115,95,8,105,6,41,62,64,77,126,69,114" hai1="15,1,30,86,127,108,22,33,72,67,63,66,71" hai2="134,92,119,102,26,84,120,21,37,94,28,112,53" hai3="98,2,83,81,35,131,52,104,130,29,88,79,106"/><T111/><D121/><U40/><E108/><V0/><F120/><W12/><G2/><T16/><D105/><U93/><E72/><V34/><F0/><W68/><G68/><T107/><D107/><U5/><E127/><V110/><F110/><W116/><G116/><T4/><D111/><U31/><E33/><V75/><F75/><W85/><G35/><T13/><D126/><U11/><E40/><V103/><F112/><N who="0" m="43050" /><D41/><U18/><E66/><V36/><F119/><W58/><G29/><T99/><D77/><U125/><E125/><V123/><F123/><W128/><G12/><T27/><D27/><U23/><E23/><V60/><F34/><W51/><G98/><T55/><D55/><U46/><E46/><V109/><F109/><W96/><REACH who="3" step="1"/><G96/><REACH who="3" ten="196,201,272,321" step="2"/><T113/><N who="0" m="43058" /><T10/><DORA hai="48" /><D10/><U24/><E1/><V117/><F28/><W57/><G57/><T59/><D69/><U82/><REACH who="1" step="1"/><E93/><REACH who="1" ten="196,191,272,321" step="2"/><V97/><F92/><W38/><G38/><T122/><D122/><U47/><E47/><V50/><F94/><W61/><G61/><T19/><D4/><U74/><E74/><AGARI ba="0,2" hai="51,52,58,74,79,81,83,85,88,104,106,128,130,131" machi="74" ten="40,16000,3" yaku="1,1,19,1,52,3,54,2,53,2" doraHai="76,48" doraHaiUra="80,49" who="3" fromWho="1" sc="196,0,191,-160,272,0,321,180" /><INIT seed="5,0,0,5,3,122" ten="196,31,272,501" oya="1" hai0="130,18,110,83,40,91,19,48,42,37,106,69,9" hai1="14,95,84,46,79,96,5,116,22,4,17,75,36" hai2="129,107,132,99,127,25,32,28,30,104,90,121,120" hai3="126,38,74,39,13,2,108,101,54,10,61,94,26"/><U80/><E116/><V89/><F132/><W72/><G26/><T119/><D130/><U77/><E36/><V113/><F129/><W117/><G117/><T21/><D106/><U92/><E75/><V34/><F25/><W63/><G101/><T76/><D69/><U128/><E128/><V103/><F103/><W1/><G94/><T114/><D37/><N who="3" m="13833" /><G13/><T29/><D114/><U66/><E77/><V78/><F113/><W134/><G10/><T50/><D91/><U3/><E3/><N who="3" m="1034" /><G134/><T73/><D119/><U51/><E66/><V109/><F99/><W45/><G126/><T41/><D29/><U31/><E31/><V15/><F15/><W124/><G124/><T111/><D9/><U70/><E70/><V68/><F127/><W43/><G54/><T49/><REACH who="0" step="1"/><D21/><REACH who="0" ten="186,31,272,501" step="2"/><U35/><E35/><V24/><F68/><W125/><G125/><T20/><D20/><U57/><E57/><V135/><F28/><W16/><G16/><AGARI ba="0,1" hai="16,18,19,40,41,42,48,49,50,73,76,83,110,111" machi="16" ten="40,12000,2" yaku="1,1,52,2,54,1,53,2" doraHai="122" doraHaiUra="123" who="0" fromWho="3" sc="186,130,31,0,272,0,501,-120" /><INIT seed="6,0,0,0,5,57" ten="316,31,272,381" oya="2" hai0="130,15,24,45,84,129,134,17,97,132,47,51,103" hai1="39,32,55,2,50,89,7,62,46,61,120,65,77" hai2="112,64,6,31,80,22,43,115,93,21,105,36,109" hai3="128,73,125,102,27,131,96,14,81,90,99,35,71"/><V92/><F105/><W19/><G71/><T85/><D24/><U18/><E32/><V38/><F109/><W82/><G27/><T59/><D59/><U37/><E77/><V69/><F6/><W91/><G35/><T30/><D30/><U42/><E89/><N who="3" m="33802" /><G14/><T52/><D47/><N who="1" m="28127" /><E18/><V87/><F31/><W117/><G19/><T108/><D108/><U104/><E7/><V72/><F69/><W10/><G10/><N who="0" m="6391" /><D85/><U25/><E25/><V98/><F64/><W63/><G63/><N who="1" m="24074" /><E104/><V107/><F107/><W8/><G8/><T1/><D84/><U114/><E2/><V56/><F87/><W41/><G117/><T126/><D126/><U11/><E11/><V0/><F0/><W94/><G41/><T20/><D20/><U122/><E65/><V28/><F28/><W60/><G60/><T119/><D119/><U78/><E78/><V9/><F9/><W53/><G53/><T127/><D127/><U16/><E16/><V79/><F79/><W23/><G23/><T135/><D1/><U121/><E114/><V86/><F112/><W66/><G66/><T3/><D3/><U29/><E29/><V58/><F22/><W111/><G111/><T88/><D88/><U4/><E4/><V83/><F21/><W118/><G118/><T33/><D33/><U67/><E67/><V101/><F115/><W48/><G125/><T95/><AGARI ba="0,0" hai="45,51,52,95,97,103,129,130,132,134,135" m="6391" machi="95" ten="40,2700,0" yaku="20,1,54,1" doraHai="57" who="0" fromWho="0" sc="316,27,31,-7,272,-13,381,-7" /><INIT seed="7,0,0,4,0,36" ten="343,24,259,374" oya="3" hai0="59,60,101,104,51,95,43,37,5,12,46,121,79" hai1="129,110,94,107,63,6,65,47,83,16,77,114,33" hai2="56,9,122,62,88,75,133,87,44,45,19,125,113" hai3="49,15,120,70,2,26,21,8,119,96,115,67,4"/><W58/><G119/><T10/><D121/><U52/><E94/><V111/><F75/><W84/><G120/><T134/><D134/><U48/><E6/><V0/><F122/><W38/><G38/><T25/><D104/><U116/><E83/><V24/><F111/><W22/><G70/><T53/><D79/><U93/><E93/><V61/><F133/><W3/><G115/><T76/><D76/><U20/><E77/><V90/><F113/><W31/><G96/><T18/><D37/><U102/><E20/><V103/><F125/><W32/><G2/><T57/><D57/><U117/><E16/><V64/><F0/><W92/><G3/><T91/><D101/><U23/><E23/><V30/><F103/><W28/><G67/><T128/><D128/><U69/><E102/><V89/><F62/><W106/><G106/><T34/><D34/><U105/><E105/><V17/><F87/><W100/><G100/><T82/><D82/><U71/><E33/><V50/><F9/><W98/><G98/><T80/><D80/><U54/><E107/><V40/><REACH who="2" step="1"/><F45/><REACH who="2" ten="343,24,249,374" step="2"/><W127/><G8/><T123/><D123/><U73/><E73/><V109/><F109/><W108/><G127/><T27/><D5/><U66/><E114/><V126/><F126/><W131/><G108/><T124/><D124/><U7/><E7/><V13/><F13/><W41/><G15/><T55/><D55/><U85/><E85/><AGARI ba="0,1" hai="10,12,18,25,27,43,46,51,53,59,60,85,91,95" machi="85" ten="30,3900,0" yaku="7,1,8,1,52,1" doraHai="36" who="0" fromWho="1" sc="343,49,24,-39,249,0,374,0" owari="392,50.0,-15,-52.0,249,-15.0,374,17.0" /></mjloggm>