<mjloggm ver="2.3"><GO type="97" lobby="0"/><UN n0="%E6%85%B6%E6%87%89%E8%96%AC%E5%AD%A6%E9%83%A8%E5%8D%93%E7%90%83%E9%83%A8" n1="%6B%6F%64%6F%6F" n2="%E3%83%98%E3%82%AF%E3%82%B5%E3%83%BC" n3="%E5%B0%B1%E6%B4%BB%E7%94%9F%40%E5%B7%9D%E6%9D%91%E8%BB%8D%E5%9B%A3" dan="13,14,16,15" rate="1807.15,1929.55,2124.54,2078.06" sx="M,M,M,M"/><TAIKYOKU oya="0"/><INIT seed="0,0,0,5,0,50" ten="250,250,250,250" oya="0" hai0="78,128,122,71,43,67,77,120,12,83,125,64,101" hai1="14,2,60,4,28,17,55,1,117,98,34,74,29" hai2="89,24,96,103,35,54,61,105,31,119,19,91,62" hai3="85,41,112,133,130,48,18,46,75,15,73,99,88"/><T131/><D125/><U26/><E74/><V5/><F119/><W38/><G112/><T110/><D101/><U92/><E28/><V121/><F121/><W93/><G130/><N who="0" m="49707" /><D43/><U9/><E117/><V56/><F5/><W42/><G133/><T107/><D107/><U33/><E34/><V47/><F47/><W13/><G13/><T7/><D110/><U100/><REACH who="1" step="1"/><E4/><REACH who="1" ten="250,240,250,250" step="2"/><V94/><F19/><W44/><REACH who="3" step="1"/><G99/><REACH who="3" ten="250,240,250,240" step="2"/><T49/><D12/><U80/><E80/><V124/><F124/><W22/><AGARI ba="0,2" hai="15,18,22,38,41,42,44,46,48,73,75,85,88,93" machi="22" ten="20,8000,1" yaku="1,1,2,1,0,1,7,1,54,1,53,0" doraHai="50" doraHaiUra="111" who="3" fromWho="3" sc="250,-40,240,-20,250,-20,240,100" /><INIT seed="1,0,0,3,2,6" ten="210,220,230,340" oya="1" hai0="46,69,94,1,3,50,51,7,14,8,26,58,119" hai1="116,108,66,99,65,115,89,96,68,126,19,130,121" hai2="42,80,37,54,29,82,106,78,72,5,33,110,30" hai3="114,111,23,44,27,38,117,109,48,77,104,127,11"/><U24/><E121/><V107/><F110/><N who="3" m="41995" /><G104/><T105/><D69/><U61/><E116/><V25/><F30/><W60/><G117/><T98/><D105/><U55/><E115/><V90/><F37/><W45/><G114/><T18/><D119/><U86/><E108/><V131/><F131/><W85/><G127/><T15/><D26/><U102/><E130/><V12/><F42/><N who="3" m="22615" /><G11/><T28/><D28/><U79/><E126/><V63/><F90/><W103/><G103/><T16/><D58/><U84/><E65/><V75/><F54/><W128/><G60/><T74/><D74/><U43/><E43/><V70/><F63/><W92/><G92/><T56/><D56/><U0/><E0/><V62/><F5/><W35/><G35/><T129/><D129/><U39/><E39/><V32/><F12/><W118/><G118/><T17/><D3/><U135/><E135/><V2/><F33/><W10/><G10/><T124/><D124/><U88/><E55/><V87/><F2/><W22/><G27/><T36/><D36/><U101/><E24/><V52/><F52/><N who="3" m="29711" /><G128/><T49/><REACH who="0" step="1"/><D46/><REACH who="0" ten="200,220,230,340" step="2"/><U97/><E68/><V120/><F72/><W9/><G23/><T20/><D20/><U113/><E113/><V112/><F112/><W134/><G22/><T41/><D41/><U40/><E40/><V47/><F47/><W31/><G31/><T100/><AGARI ba="0,1" hai="1,7,8,14,15,16,17,18,49,50,51,94,98,100" machi="100" ten="30,7900,0" yaku="1,1,0,1,52,1,54,1,53,0" doraHai="6" doraHaiUra="132" who="0" fromWho="0" sc="200,89,220,-39,230,-20,340,-20" /><INIT seed="2,0,0,1,1,64" ten="289,181,210,320" oya="2" hai0="23,97,18,123,126,129,5,13,39,76,121,37,33" hai1="29,21,1,72,14,71,95,45,19,12,120,11,85" hai2="47,3,109,50,32,101,115,7,9,98,103,96,107" hai3="132,102,57,4,108,106,0,117,65,61,27,81,99"/><V74/><F115/><W15/><G117/><T87/><D33/><U66/><E72/><V133/><F133/><W125/><G132/><T16/><D126/><U60/><E120/><V67/><F109/><W38/><G38/><T100/><D5/><U134/><E134/><V82/><F32/><W22/><G108/><T93/><D129/><U135/><E135/><V89/><F67/><W55/><G125/><T113/><D113/><U54/><E1/><V130/><F130/><W30/><G0/><T122/><D76/><U2/><E2/><V28/><F28/><W131/><G131/><T118/><D118/><U86/><E95/><V40/><F89/><W41/><G41/><T84/><D84/><U10/><E10/><V75/><REACH who="2" step="1"/><F82/><REACH who="2" ten="289,181,200,320" step="2"/><W116/><G81/><T6/><D6/><U46/><E29/><V78/><F78/><W83/><G83/><T90/><REACH who="0" step="1"/><D18/><REACH who="0" ten="279,181,200,320" step="2"/><U51/><REACH who="1" step="1"/><E46/><REACH who="1" ten="279,171,200,320" step="2"/><V58/><F58/><W53/><G116/><T119/><D119/><U88/><E88/><V69/><F69/><W111/><G111/><T20/><D20/><U25/><E25/><V59/><F59/><W112/><G112/><T104/><AGARI ba="0,3" hai="13,16,23,37,39,87,90,93,97,100,104,121,122,123" machi="104" ten="30,8000,1" yaku="1,1,0,1,54,1,53,2" doraHai="64" doraHaiUra="70" who="0" fromWho="0" sc="279,110,171,-20,200,-40,320,-20" /><INIT seed="3,0,0,3,4,110" ten="389,151,160,300" oya="3" hai0="65,34,20,54,55,0,71,79,39,108,40,85,25" hai1="26,21,102,68,7,132,38,109,72,120,12,119,52" hai2="105,33,28,15,107,62,75,82,125,93,63,91,45" hai3="60,3,122,83,89,1,100,51,29,126,67,121,99"/><W96/><G126/><T113/><D34/><U95/><E120/><V94/><F125/><W9/><G29/><T134/><D0/><U50/><E38/><V14/><F33/><W22/><G22/><T74/><D74/><U103/><E72/><V44/><F91/><W70/><G51/><T131/><D79/><U88/><E68/><V61/><F82/><W13/><G3/><T17/><D85/><U8/><E109/><V123/><F75/><W101/><G1/><T77/><D77/><U43/><E43/><V73/><F73/><W11/><G11/><T2/><D2/><U53/><E132/><V135/><F62/><W64/><G64/><T31/><D108/><U6/><E6/><V5/><F123/><W78/><G78/><T97/><D131/><U129/><E119/><V23/><F23/><W111/><G111/><T32/><D134/><U4/><E4/><V128/><F135/><W49/><G49/><T10/><D65/><U84/><E129/><V86/><F5/><W19/><G100/><N who="1" m="38442" /><E50/><V116/><F128/><W80/><G80/><T124/><D71/><U127/><E127/><V48/><F48/><W18/><G18/><AGARI ba="0,0" hai="7,8,12,18,21,26,52,53,84,88,95" m="38442" machi="18" ten="30,3900,0" yaku="8,1,54,2" doraHai="110" who="1" fromWho="3" sc="389,0,151,39,160,0,300,-39" owari="389,49.0,190,-21.0,160,-34.0,261,6.0" /></mjloggm>