<mjloggm ver="2.3"><GO type="225" lobby="0"/><UN n0="%E3%83%9F%E3%83%A9%E3%82%AF%E3%83%AB%E3%81%8A%E3%81%98%E3%81%95%E3%82%93" n1="%E3%83%88%E3%83%88%E3%83%AA%E5%85%88%E7%94%9F%31%39%E6%AD%B3" n2="%63%6F%61" n3="%6E%65%6B%6F%33%31" dan="17,17,16,16" rate="2146.15,2173.21,2103.62,2063.96" sx="M,F,M,F"/><TAIKYOKU oya="0"/><INIT seed="0,0,0,5,1,92" ten="250,250,250,250" oya="0" hai0="37,134,60,81,75,106,129,44,68,49,30,34,107" hai1="119,85,130,108,118,50,28,35,100,111,120,95,46" hai2="22,66,53,102,135,17,7,83,32,73,13,33,126" hai3="94,38,0,115,79,87,3,65,109,80,11,128,132"/><T31/><D37/><U36/><E36/><V97/><F126/><W114/><G38/><T16/><D134/><U10/><E120/><V99/><F135/><W104/><G132/><T133/><D133/><U45/><E130/><V12/><F66/><W74/><G109/><N who="1" m="42058" /><E45/><V131/><F131/><W58/><G128/><T15/><D129/><U26/><E10/><N who="2" m="4191" /><F32/><W103/><G11/><T84/><D75/><U48/><E48/><V47/><F33/><W52/><G65/><T123/><D123/><U76/><E76/><V77/><F73/><W93/><G115/><T56/><D68/><U5/><E5/><V43/><F102/><W21/><G21/><T98/><D34/><U72/><E72/><V57/><F77/><W127/><G127/><T18/><D107/><U112/><E112/><V6/><F6/><W4/><G4/><T88/><D106/><U51/><E51/><N who="2" m="27135" /><F83/><W39/><G39/><T64/><D98/><N who="1" m="59487" /><E85/><V90/><F90/><N who="3" m="53471" /><G114/><T54/><D18/><U24/><E28/><V96/><F96/><N who="3" m="61543" /><G94/><T124/><D124/><U67/><E35/><V40/><F40/><W110/><G110/><T117/><D117/><N who="1" m="44555" /><E67/><V105/><F105/><W27/><G27/><T9/><AGARI ba="0,0" hai="9,15,16,30,31,44,49,54,56,60,64,81,84,88" machi="9" ten="20,18000,2" yaku="0,1,7,1,25,2,8,1,54,2" doraHai="92" who="0" fromWho="0" sc="250,180,250,-60,250,-60,250,-60" /><INIT seed="0,1,0,3,2,54" ten="430,190,190,190" oya="0" hai0="102,129,12,49,106,20,73,17,24,89,51,109,88" hai1="66,99,94,13,135,97,71,95,67,53,103,101,111" hai2="37,130,36,83,77,75,31,0,85,14,70,45,60" hai3="58,35,132,107,30,46,32,131,110,27,113,61,5"/><T133/><D73/><U84/><E111/><V126/><F0/><W50/><G113/><T119/><D119/><U57/><E71/><V40/><F126/><W23/><G110/><T7/><D109/><U98/><E135/><V21/><F130/><W6/><G107/><T93/><D129/><U39/><E39/><V128/><F128/><W79/><G132/><T108/><D108/><U47/><E47/><V56/><F70/><W96/><G131/><T42/><D133/><U1/><E1/><V114/><F114/><W8/><G96/><T76/><D76/><U28/><E28/><V52/><F75/><W80/><G80/><T72/><D72/><U25/><E25/><V82/><F82/><W91/><G91/><T26/><D106/><U48/><E98/><V127/><F127/><W81/><G81/><T62/><D102/><U4/><E84/><V90/><F77/><W92/><G92/><T10/><D62/><U100/><E100/><V124/><F124/><W2/><G5/><T105/><D105/><U116/><E116/><V65/><F65/><W11/><G11/><AGARI ba="1,0" hai="4,11,13,48,53,57,66,67,94,95,97,99,101,103" machi="11" ten="40,5200,0" yaku="9,1,8,1,52,1" doraHai="54" who="1" fromWho="3" sc="430,0,190,55,190,0,190,-55" /><INIT seed="1,0,0,4,0,94" ten="430,245,190,135" oya="1" hai0="37,44,89,59,83,93,60,111,108,116,47,18,10" hai1="69,68,76,98,38,17,96,134,71,100,99,14,16" hai2="124,106,6,57,0,129,49,55,36,104,54,4,33" hai3="90,35,72,52,128,7,92,107,21,61,84,86,132"/><U82/><E38/><V102/><F36/><W88/><G35/><T12/><D116/><U127/><E134/><V53/><F33/><W78/><G7/><T51/><D37/><U45/><E127/><V80/><F124/><W28/><G132/><T29/><D29/><U121/><E121/><V135/><F135/><W115/><G115/><T117/><D117/><U65/><E45/><V114/><F114/><W41/><G107/><T123/><D123/><U74/><E17/><V22/><F129/><W120/><G128/><T31/><D31/><U126/><E126/><V24/><F80/><W48/><G120/><T101/><D101/><U50/><E50/><V1/><F6/><W67/><G72/><T32/><D32/><U87/><E74/><V34/><F34/><W63/><G78/><T39/><D39/><U130/><E130/><V70/><F70/><W110/><G41/><T40/><D47/><U11/><REACH who="1" step="1"/><E65/><REACH who="1" ten="430,235,190,135" step="2"/><V113/><F113/><W15/><G67/><T27/><D51/><U9/><E9/><V19/><F49/><W23/><G110/><T85/><D18/><U105/><AGARI ba="0,1" hai="11,14,16,68,69,71,76,82,87,96,98,99,100,105" machi="105" ten="30,18000,2" yaku="1,1,0,1,52,3,54,1,53,0" doraHai="94" doraHaiUra="133" who="1" fromWho="1" sc="430,-60,235,190,190,-60,135,-60" /><INIT seed="1,1,0,5,5,121" ten="370,425,130,75" oya="1" hai0="3,63,75,41,33,120,81,119,71,129,12,57,76" hai1="96,72,110,26,40,23,42,82,70,46,1,69,104" hai2="92,52,132,95,38,60,61,128,25,67,93,35,9" hai3="115,130,97,66,2,6,133,101,0,116,50,131,28"/><U112/><E112/><V49/><F38/><W5/><G115/><T34/><D3/><U17/><E1/><V55/><F128/><W135/><G66/><T123/><D119/><U84/><E72/><V37/><F37/><W98/><G50/><T90/><D71/><U4/><E4/><N who="3" m="1642" /><G28/><T48/><D129/><N who="3" m="49161" /><G116/><T47/><D90/><U117/><E117/><V89/><F132/><N who="3" m="50763" /><G101/><T105/><D105/><U87/><E104/><V91/><F35/><W32/><G32/><T77/><D12/><U106/><E106/><V65/><F25/><W13/><G13/><T44/><D47/><U20/><E46/><V108/><F108/><W73/><G73/><T125/><D75/><U22/><E26/><V109/><F109/><W54/><G54/><N who="2" m="20521" /><F49/><W118/><G118/><T43/><D48/><U62/><E110/><V74/><F74/><W113/><G113/><T107/><D44/><U99/><E42/><V114/><F114/><W53/><G53/><T111/><D41/><U21/><E40/><V18/><F67/><W85/><G85/><T126/><D43/><U8/><E87/><V36/><F65/><W30/><G30/><T127/><D33/><U59/><E84/><V19/><F36/><W83/><G83/><T10/><D81/><U103/><E82/><V122/><F61/><W31/><G31/><T39/><D34/><U56/><E62/><V11/><F60/><W80/><G80/><T100/><D63/><U102/><E69/><V24/><F24/><W78/><G78/><T134/><D77/><U58/><N who="1" m="5120" /><DORA hai="88" /><U16/><E70/><V124/><F95/><RYUUKYOKU ba="1,0" sc="370,-10,425,-10,130,-10,75,30" hai3="0,2,97,98" /><INIT seed="2,2,0,1,0,133" ten="360,415,120,105" oya="2" hai0="53,101,48,15,17,113,35,41,18,50,34,30,122" hai1="112,26,115,72,68,39,12,116,62,85,47,81,9" hai2="103,94,10,67,6,106,120,99,102,87,98,84,86" hai3="121,64,22,37,63,42,123,40,92,0,97,134,5"/><V54/><F67/><W59/><G134/><T11/><D122/><U7/><E116/><V117/><F54/><W4/><G22/><T77/><D113/><U28/><E72/><V80/><F10/><W24/><G24/><T55/><D41/><U43/><E62/><V33/><F6/><W65/><G65/><T58/><D101/><U45/><E45/><V16/><F16/><W82/><G82/><T57/><D77/><U119/><E68/><V124/><F33/><W108/><G108/><T89/><D30/><U38/><E38/><V114/><F114/><W46/><G42/><T132/><D132/><U127/><E127/><V51/><F51/><W96/><G96/><T61/><D61/><U44/><E44/><V69/><F69/><W107/><G107/><T3/><D3/><U76/><E119/><V74/><F117/><W88/><REACH who="3" step="1"/><G5/><REACH who="3" ten="360,415,120,95" step="2"/><T93/><D18/><U36/><E39/><V2/><F120/><W129/><G129/><T125/><D125/><U95/><E95/><N who="2" m="58719" /><F124/><W111/><G111/><T49/><REACH who="0" step="1"/><D50/><REACH who="0" ten="350,415,120,95" step="2"/><U27/><E27/><V109/><F109/><W23/><G23/><AGARI ba="2,2" hai="7,9,12,23,26,28,36,43,47,76,81,85,112,115" machi="23" ten="30,1000,0" yaku="7,1" doraHai="133" who="1" fromWho="3" sc="350,0,415,36,120,0,95,-16" /><INIT seed="3,0,0,2,3,109" ten="350,451,120,79" oya="3" hai0="56,64,54,41,100,55,68,135,133,134,107,122,38" hai1="59,60,127,2,51,83,34,119,75,91,97,35,23" hai2="81,96,105,48,17,40,108,25,123,6,113,98,74" hai3="43,88,45,76,1,29,93,65,118,94,130,19,73"/><W126/><G118/><T4/><D4/><U0/><E119/><V47/><F113/><W129/><G126/><T77/><D77/><U8/><E127/><V50/><F108/><W12/><G1/><T11/><D11/><U121/><E121/><V31/><F123/><W106/><G106/><T132/><N who="0" m="34304" /><DORA hai="82" /><T66/><D122/><U22/><E51/><V63/><F105/><W30/><G65/><T70/><D100/><U26/><E23/><N who="2" m="15807" /><F74/><W112/><G112/><T99/><D99/><N who="2" m="37930" /><F6/><W28/><G76/><T102/><D102/><U86/><E59/><V49/><F81/><W62/><G73/><T103/><D103/><U114/><E60/><V57/><F17/><W36/><G62/><T71/><D107/><U46/><E22/><V69/><F69/><W58/><G58/><T9/><D9/><U120/><E26/><V33/><F33/><W10/><REACH who="3" step="1"/><G94/><REACH who="3" ten="350,451,120,69" step="2"/><T5/><D56/><U7/><E0/><V39/><F39/><W80/><G80/><T3/><D3/><U44/><E75/><V16/><F16/><W104/><G104/><T20/><D66/><AGARI ba="0,1" hai="40,47,48,49,50,57,63,66" m="37930,15807" machi="66" ten="30,1000,0" yaku="8,1" doraHai="109,82" who="2" fromWho="0" sc="350,-10,451,0,120,20,69,0" owari="340,14.0,451,55.0,140,-26.0,69,-43.0" /></mjloggm>