<mjloggm ver="2.3"><GO type="233" lobby="0"/><UN n0="%E5%B7%9D%E6%9D%91%E6%99%83%E8%A3%95%EF%BC%88%E4%B8%A1%E6%96%B9%EF%BC%89" n1="%E5%B0%B1%E6%B4%BB%E7%94%9F%40%E5%B7%9D%E6%9D%91%E8%BB%8D%E5%9B%A3" n2="%E3%82%88%E3%83%BC%EF%BC%A0%E3%83%AD%E3%83%83%E3%82%AF" n3="%74%68%69%73%69%73%69%74" dan="16,16,16,16" rate="2139.67,2114.55,2055.96,2063.26" sx="M,M,M,M"/><TAIKYOKU oya="0"/><INIT seed="0,0,0,0,5,10" ten="250,250,250,250" oya="0" hai0="126,95,121,70,31,128,87,51,96,125,102,72,47" hai1="36,30,79,24,18,3,78,67,112,63,38,103,40" hai2="116,100,8,57,90,0,94,14,12,59,98,115,48" hai3="117,16,2,131,69,111,75,21,15,132,109,113,39"/><T27/><D72/><U129/><E3/><V91/><F115/><W34/><G15/><N who="2" m="5673" /><F0/><W37/><G16/><T13/><D70/><U19/><E129/><V77/><F116/><W68/><G21/><N who="0" m="15855" /><D87/><U46/><E38/><V82/><F8/><W56/><G56/><N who="2" m="21577" /><F48/><W133/><G133/><T127/><D13/><U108/><E112/><V66/><F66/><W45/><G45/><T106/><D128/><U61/><E67/><V71/><F71/><W62/><G62/><T11/><D11/><U97/><E63/><V7/><F7/><W42/><G42/><N who="0" m="25079" /><D121/><U124/><E61/><V92/><F92/><AGARI ba="0,0" hai="92,95,96,102,106,125,126,127" m="25079,15855" machi="92" ten="30,1500,0" yaku="18,1" doraHai="10" who="0" fromWho="2" sc="250,15,250,0,250,-15,250,0" /><INIT seed="0,1,0,2,4,120" ten="265,250,235,250" oya="0" hai0="61,34,68,130,98,82,74,36,80,85,46,64,117" hai1="111,10,20,90,53,108,32,94,37,93,102,56,135" hai2="0,33,76,29,89,8,44,124,43,5,24,134,11" hai3="42,67,88,127,62,105,73,71,121,110,123,125,83"/><T133/><D117/><U91/><E32/><V114/><F114/><W75/><G42/><N who="0" m="22855" /><D85/><U51/><E37/><V101/><F101/><W77/><G75/><T65/><D34/><U78/><E78/><V60/><F134/><W104/><G88/><N who="1" m="33834" /><E102/><V118/><F118/><W63/><G63/><N who="0" m="39967" /><D98/><U113/><E113/><V79/><F11/><W96/><G110/><N who="1" m="42026" /><E135/><V49/><F76/><W19/><G19/><T40/><D74/><U100/><E100/><V38/><F79/><W50/><G50/><T69/><D133/><U95/><E20/><V6/><F38/><W12/><G96/><T106/><D106/><U132/><E132/><V3/><F33/><W87/><G87/><T18/><D130/><U17/><E17/><V55/><F49/><W7/><G105/><T81/><D18/><U27/><E10/><V39/><F8/><N who="3" m="4127" /><G104/><T112/><D112/><U13/><E13/><V14/><F14/><W21/><G21/><T72/><D72/><U84/><E27/><V28/><F24/><W16/><G16/><T66/><D69/><U45/><E84/><V57/><F3/><W26/><G26/><T52/><D40/><U54/><E53/><V31/><F0/><W103/><G103/><T131/><D131/><U107/><E107/><V59/><F89/><W2/><G2/><T115/><D115/><U58/><AGARI ba="1,0" hai="45,51,54,56,58,93,94,95" m="42026,33834" machi="58" ten="40,8000,1" yaku="14,1,52,3,54,1" doraHai="120" who="1" fromWho="1" sc="265,-41,250,83,235,-21,250,-21" /><INIT seed="1,0,0,4,4,119" ten="224,333,214,229" oya="1" hai0="26,96,66,114,3,55,1,68,21,45,70,83,116" hai1="93,29,12,132,108,128,41,48,89,98,62,8,84" hai2="87,74,0,24,111,109,58,88,50,73,10,134,103" hai3="30,107,20,76,121,78,82,129,35,5,79,25,16"/><U75/><E75/><V90/><F103/><W95/><G107/><T99/><D114/><U112/><E112/><V33/><F33/><W133/><G133/><T115/><D115/><U9/><E128/><V124/><F24/><W122/><G129/><T40/><D116/><U100/><E132/><V94/><F134/><W39/><G39/><T49/><D83/><U43/><E108/><N who="2" m="41547" /><F124/><W15/><G82/><T11/><D96/><U36/><E36/><V14/><F0/><W32/><G32/><T127/><D99/><U81/><E29/><V56/><F90/><W47/><G47/><T86/><D86/><U63/><E9/><V105/><F105/><W34/><G34/><T131/><D127/><U113/><E113/><V60/><F50/><W125/><G125/><T13/><D131/><U130/><E130/><V71/><F71/><W104/><G104/><T51/><D70/><U101/><E100/><V91/><F91/><W80/><G80/><T110/><D110/><U59/><E48/><V106/><F106/><W67/><G95/><T38/><D51/><U6/><REACH who="1" step="1"/><E63/><REACH who="1" ten="224,323,214,229" step="2"/><V97/><F73/><W31/><G31/><N who="0" m="17871" /><D38/><U77/><E77/><V69/><F74/><W37/><G37/><T135/><D135/><U28/><E28/><V22/><F69/><W7/><REACH who="3" step="1"/><G67/><AGARI ba="0,1" hai="6,8,12,41,43,59,62,67,81,84,89,93,98,101" machi="67" ten="30,5800,0" yaku="1,1,7,1,8,1,53,0" doraHai="119" doraHaiUra="42" who="1" fromWho="3" sc="224,0,323,68,214,0,229,-58" /><INIT seed="1,1,0,3,1,128" ten="224,391,214,171" oya="1" hai0="37,133,11,63,25,1,95,81,118,58,62,90,10" hai1="36,44,57,129,99,86,121,94,66,77,30,89,68" hai2="12,132,14,38,53,123,78,101,59,82,22,26,116" hai3="75,17,64,85,130,24,2,33,109,126,83,65,67"/><U131/><E121/><V56/><F116/><W9/><G75/><T16/><D37/><U21/><E68/><V104/><F123/><W122/><G122/><T80/><D118/><U40/><E66/><V35/><F35/><W120/><G120/><T5/><D133/><U48/><E57/><V97/><F38/><W69/><G69/><T87/><D63/><U51/><E30/><V110/><F132/><W43/><G43/><T28/><D11/><U50/><E21/><V31/><F110/><W61/><G130/><N who="1" m="49674" /><E77/><V119/><F119/><W8/><G61/><T39/><D39/><U103/><E36/><V46/><F46/><W4/><G109/><T34/><REACH who="0" step="1"/><D16/><REACH who="0" ten="214,391,214,171" step="2"/><U96/><E96/><V114/><F114/><W7/><G126/><T135/><D135/><U112/><E112/><V134/><F134/><W108/><G108/><T6/><D6/><U125/><E125/><V72/><F59/><W23/><G33/><T13/><D13/><U105/><AGARI ba="1,1" hai="40,44,48,50,51,86,89,94,99,103,105" m="49674" machi="105" ten="30,1500,0" yaku="19,1" doraHai="128" who="1" fromWho="1" sc="214,-6,391,28,214,-6,171,-6" /><INIT seed="1,2,0,5,4,99" ten="208,419,208,165" oya="1" hai0="114,50,54,78,59,97,55,1,74,9,73,116,75" hai1="134,83,28,27,122,2,38,51,29,123,31,20,98" hai2="91,8,108,69,89,24,104,79,30,66,45,61,3" hai3="22,44,33,113,102,67,7,88,65,132,77,118,70"/><U100/><E38/><V63/><F108/><W13/><G33/><T128/><D116/><U82/><E2/><V36/><F79/><W127/><G118/><T124/><D114/><U52/><E134/><V49/><F36/><W125/><G113/><T10/><D128/><U81/><E123/><V46/><F63/><W84/><G132/><T48/><D124/><U85/><E85/><V16/><F104/><W39/><G77/><T93/><D78/><U12/><E12/><V103/><F103/><W133/><G133/><T80/><D80/><U4/><E4/><V117/><F117/><W57/><G70/><T26/><D26/><U35/><E35/><V62/><F62/><W76/><G76/><T15/><D15/><U21/><E27/><V18/><F46/><W94/><G57/><T111/><D1/><U58/><REACH who="1" step="1"/><E122/><REACH who="1" ten="208,409,208,165" step="2"/><V68/><F3/><W129/><G129/><T56/><REACH who="0" step="1"/><D111/><REACH who="0" ten="198,409,208,165" step="2"/><U90/><E90/><AGARI ba="2,2" hai="9,10,48,50,54,55,56,59,73,74,75,90,93,97" machi="90" ten="40,5200,0" yaku="1,1,2,1,9,1,53,0" doraHai="99" doraHaiUra="72" who="0" fromWho="1" sc="198,78,409,-58,208,0,165,0" /><INIT seed="2,0,0,0,2,82" ten="276,351,208,165" oya="2" hai0="59,93,75,132,48,98,124,105,37,126,94,2,46" hai1="115,15,61,40,95,114,121,55,103,68,118,0,17" hai2="99,86,19,72,71,89,30,8,23,123,12,45,80" hai3="90,104,24,81,120,101,88,3,128,133,100,4,77"/><V20/><F123/><W70/><G70/><T53/><D2/><U66/><E0/><V14/><F71/><W6/><G3/><T10/><D75/><U69/><E118/><V63/><F72/><W27/><G104/><T84/><D132/><U5/><E5/><N who="3" m="2154" /><G120/><T112/><D10/><U29/><E29/><V106/><F63/><W79/><G133/><T111/><D111/><U21/><E69/><V7/><F45/><W22/><G128/><T62/><D37/><U87/><E40/><V78/><F106/><W52/><G27/><T135/><D112/><U119/><E119/><V76/><REACH who="2" step="1"/><F99/><REACH who="2" ten="276,351,198,165" step="2"/><W13/><G13/><T130/><D105/><U54/><E121/><V109/><F109/><W83/><G79/><T33/><D135/><U11/><E115/><V74/><F74/><W131/><G77/><T64/><D98/><U44/><E114/><V122/><F122/><W49/><G131/><T91/><D130/><U42/><E61/><V134/><F134/><W43/><G43/><T25/><D46/><U117/><E68/><V57/><F57/><N who="3" m="32911" /><G83/><T113/><D113/><U28/><E117/><V51/><F51/><W85/><G90/><T26/><D48/><U1/><E42/><V9/><F9/><W18/><AGARI ba="0,1" hai="18,22,24,81,85,88,100,101" m="32911,2154" machi="18" ten="30,7900,0" yaku="8,1,52,1,54,2" doraHai="82" who="3" fromWho="3" sc="276,-20,351,-20,198,-39,165,89" /><INIT seed="3,0,0,4,4,3" ten="256,331,159,254" oya="3" hai0="8,49,77,102,113,94,30,44,86,54,130,36,1" hai1="123,93,89,132,97,60,103,131,122,81,128,14,84" hai2="80,109,15,95,66,79,115,33,112,38,6,5,65" hai3="96,19,21,116,118,108,78,24,52,67,61,72,92"/><W114/><G114/><T7/><D113/><U58/><E14/><V32/><F38/><W47/><G108/><T85/><D130/><N who="1" m="49707" /><E132/><V129/><F129/><W48/><G72/><T2/><D1/><U125/><E125/><V88/><F109/><W126/><G126/><T13/><D36/><U70/><E70/><V43/><F43/><W12/><G78/><T37/><D37/><U127/><E127/><V9/><F33/><W18/><G12/><T83/><D2/><U11/><E11/><N who="2" m="4591" /><F32/><W71/><REACH who="3" step="1"/><G19/><REACH who="3" ten="256,331,159,244" step="2"/><T28/><REACH who="0" step="1"/><D85/><REACH who="0" ten="246,331,159,244" step="2"/><U41/><E84/><N who="2" m="48159" /><F112/><W111/><G111/><T105/><D105/><U55/><E122/><V20/><F115/><W35/><G35/><T45/><D45/><U42/><E123/><V119/><F119/><W98/><G98/><AGARI ba="0,2" hai="7,8,13,28,30,44,49,54,77,83,86,94,98,102" machi="98" ten="40,8000,1" yaku="1,1,8,1,52,1,53,1" doraHai="3" doraHaiUra="40" who="0" fromWho="3" sc="246,100,331,0,159,0,244,-80" /><INIT seed="4,0,0,5,0,74" ten="346,331,159,164" oya="0" hai0="126,46,38,21,81,26,7,128,29,19,91,95,116" hai1="130,96,42,82,28,120,101,106,110,59,103,36,89" hai2="50,87,104,40,99,83,76,57,122,86,127,66,3" hai3="94,11,113,90,73,43,71,1,79,119,125,63,100"/><T67/><D116/><U65/><E110/><V20/><F122/><W25/><G100/><T85/><D128/><U33/><E130/><V102/><F127/><W49/><G119/><T118/><D118/><U84/><E120/><V77/><F3/><W60/><G125/><T14/><D126/><U68/><E103/><V9/><F9/><W15/><G113/><T75/><D67/><U92/><E59/><V133/><F133/><W4/><G71/><T69/><D69/><U112/><E112/><V80/><F20/><W16/><G25/><T8/><D38/><U61/><E42/><V44/><F57/><W55/><G43/><T72/><D46/><U48/><E48/><V47/><F47/><W124/><G124/><T117/><D117/><U134/><E134/><V56/><F56/><W88/><G88/><T2/><REACH who="0" step="1"/><D81/><REACH who="0" ten="336,331,159,164" step="2"/><U13/><E36/><V51/><F66/><W52/><G55/><T45/><D45/><U114/><E114/><V58/><F58/><W39/><G39/><AGARI ba="0,1" hai="39,40,44,50,51,76,77,80,83,86,87,99,102,104" machi="39" ten="30,7700,0" yaku="7,1,9,1,52,2" doraHai="74" who="2" fromWho="3" sc="336,0,331,0,159,87,164,-77" /><INIT seed="5,0,0,3,4,114" ten="336,331,246,87" oya="1" hai0="40,32,130,73,133,122,9,76,7,6,63,51,119" hai1="92,28,15,99,21,30,68,106,17,49,105,34,29" hai2="134,27,18,43,24,44,116,57,71,58,64,110,94" hai3="126,38,85,100,113,56,20,46,101,84,12,78,112"/><U96/><E68/><V120/><F110/><W81/><G126/><T111/><D63/><U72/><E72/><V107/><F107/><W66/><G85/><T35/><D51/><U19/><E34/><V54/><F120/><W48/><G38/><T14/><D40/><U77/><E77/><V5/><F134/><W45/><G112/><T97/><D97/><U127/><E127/><V125/><F125/><W25/><G113/><T83/><D111/><U67/><E67/><V115/><F5/><N who="0" m="1546" /><D133/><U8/><E49/><V90/><F71/><W87/><G87/><T132/><D119/><U103/><REACH who="1" step="1"/><E99/><REACH who="1" ten="336,321,246,87" step="2"/><V59/><F64/><W1/><G1/><T109/><D35/><U93/><E93/><V118/><F115/><W37/><G37/><T33/><D33/><U52/><E52/><V10/><F54/><W65/><G56/><T69/><D76/><U36/><E36/><V129/><F58/><W75/><G75/><T4/><D32/><U79/><E79/><V23/><F59/><W53/><G46/><T16/><D73/><U62/><E62/><V95/><F57/><W70/><G70/><T26/><D69/><U61/><E61/><V131/><F44/><W41/><G53/><T22/><D132/><U124/><E124/><V91/><F94/><W2/><G2/><T13/><D109/><U117/><E117/><V102/><F95/><W55/><G55/><T47/><D47/><U60/><E60/><V50/><F118/><W98/><G101/><T123/><D123/><U42/><E42/><V86/><F116/><W31/><G12/><AGARI ba="0,1" hai="8,12,15,17,19,21,28,29,30,92,96,103,105,106" machi="12" ten="40,2000,0" yaku="1,1,53,0" doraHai="114" doraHaiUra="80" who="1" fromWho="3" sc="336,0,321,30,246,0,87,-20" /><INIT seed="5,1,0,3,1,47" ten="336,351,246,67" oya="1" hai0="16,90,49,45,81,71,91,29,6,98,100,31,99" hai1="25,96,50,121,19,84,89,34,62,22,51,134,5" hai2="61,104,130,92,86,113,14,97,77,36,126,12,109" hai3="65,0,64,88,60,67,37,80,110,114,93,128,41"/><U3/><E121/><V132/><F109/><W33/><G33/><T131/><D71/><U118/><E118/><V15/><F36/><W9/><G110/><T53/><D131/><U11/><E134/><V85/><F130/><W24/><G128/><T70/><D70/><U48/><E96/><N who="0" m="36905" /><D6/><U111/><E111/><V55/><F104/><W40/><G114/><T123/><D100/><U107/><E107/><V117/><F117/><W32/><G80/><T35/><D35/><U46/><E62/><V76/><F132/><W21/><G32/><T119/><D119/><U124/><E34/><V2/><F2/><W17/><G60/><T103/><D103/><U133/><E133/><V75/><F75/><W38/><G38/><T7/><D7/><U127/><REACH who="1" step="1"/><E46/><REACH who="1" ten="336,341,246,67" step="2"/><V78/><F61/><W115/><G115/><T83/><D123/><U69/><E69/><V58/><F113/><W27/><G27/><T13/><D81/><AGARI ba="1,1" hai="3,5,11,19,22,25,48,50,51,81,84,89,124,127" machi="81" ten="40,12000,1" yaku="1,1,52,3,53,0" doraHai="47" doraHaiUra="125" who="1" fromWho="0" sc="336,-123,341,133,246,0,67,0" /><INIT seed="5,2,0,5,0,6" ten="213,474,246,67" oya="1" hai0="98,109,113,30,108,85,131,103,133,73,70,72,15" hai1="107,74,76,118,119,63,112,0,122,9,49,111,93" hai2="125,79,92,39,128,37,95,21,53,14,16,56,40" hai3="81,33,115,135,4,87,77,28,86,31,51,68,44"/><U10/><E107/><V54/><F125/><W29/><G68/><T123/><D70/><U2/><E122/><V5/><F128/><W26/><G115/><T3/><D3/><U32/><E32/><V23/><F79/><W41/><G135/><T100/><D30/><U12/><E112/><V82/><F82/><W20/><G33/><T117/><D15/><U120/><E120/><V38/><F5/><W62/><G62/><T106/><D117/><U75/><E76/><V99/><F40/><W67/><G67/><T97/><D123/><U57/><E49/><V94/><F99/><W8/><REACH who="3" step="1"/><G87/><REACH who="3" ten="213,474,246,57" step="2"/><T43/><D85/><U46/><E75/><V52/><REACH who="2" step="1"/><F23/><REACH who="2" ten="213,474,236,57" step="2"/><W1/><AGARI ba="2,2" hai="1,4,8,20,26,28,29,31,41,44,51,77,81,86" machi="1" ten="20,8000,1" yaku="1,1,2,1,0,1,7,1,52,1,53,0" doraHai="6" doraHaiUra="59" who="3" fromWho="3" sc="213,-22,474,-42,236,-22,57,106" /><INIT seed="6,0,0,1,2,61" ten="191,432,214,163" oya="2" hai0="56,60,115,98,44,51,81,5,113,29,33,71,100" hai1="106,23,31,2,114,22,126,15,101,67,127,130,13" hai2="116,87,14,90,89,97,0,75,95,32,105,107,11" hai3="8,132,52,53,58,1,92,91,88,94,108,93,77"/><V12/><F32/><W119/><G119/><T25/><D71/><U41/><E41/><V99/><F116/><W46/><G108/><T55/><D5/><U48/><E114/><N who="0" m="43529" /><D81/><U109/><E109/><V96/><F75/><W72/><G132/><T129/><D129/><U63/><E2/><V18/><F0/><W21/><G72/><T30/><D25/><N who="1" m="16823" /><E48/><V133/><F133/><W110/><G110/><T85/><D85/><U36/><E23/><V80/><REACH who="2" step="1"/><F12/><REACH who="2" ten="191,432,204,163" step="2"/><W121/><G121/><T64/><D33/><U49/><E15/><V117/><F117/><W28/><G1/><T122/><D122/><U74/><E13/><V45/><F45/><W3/><G3/><T10/><D10/><U79/><E74/><V65/><F65/><W9/><G9/><T66/><D64/><U104/><E67/><V6/><F6/><W7/><G8/><T16/><D16/><U82/><E130/><V27/><F27/><N who="3" m="16495" /><G7/><T111/><D111/><U42/><E127/><V69/><F69/><W128/><G128/><T78/><D78/><U86/><E126/><V17/><F17/><W40/><G77/><T70/><D70/><U34/><E79/><V68/><F68/><W59/><G46/><T125/><D125/><U124/><E34/><V50/><F50/><N who="3" m="31031" /><G40/><N who="0" m="24967" /><D66/><U84/><E124/><V120/><F120/><W47/><G47/><T43/><D43/><U134/><E49/><AGARI ba="0,1" hai="49,52,59,88,91,92,93,94" m="31031,16495" machi="49" ten="30,3900,0" yaku="8,1,54,2" doraHai="61" who="3" fromWho="1" sc="191,0,432,-39,204,0,163,49" /><INIT seed="7,0,0,3,1,18" ten="191,393,204,212" oya="3" hai0="72,51,53,19,90,123,89,91,75,48,27,56,25" hai1="118,117,69,26,3,93,128,17,104,6,28,34,124" hai2="119,83,122,49,24,87,15,11,33,16,99,55,21" hai3="43,54,100,31,111,129,116,132,101,77,37,46,32"/><W121/><G121/><T4/><D123/><U103/><E104/><V62/><F119/><N who="1" m="45577" /><E69/><V125/><F125/><W134/><G116/><T85/><D4/><U45/><E128/><V88/><F33/><W126/><G129/><T106/><D106/><U76/><E76/><V60/><F99/><W108/><G126/><T38/><D38/><U127/><E45/><N who="2" m="28079" /><F122/><W1/><G1/><T66/><D66/><U84/><E17/><AGARI ba="0,0" hai="11,15,16,17,21,24,60,62,83,87,88" m="28079" machi="17" ten="30,8000,1" yaku="25,1,8,1,52,1,54,2" doraHai="18" who="2" fromWho="1" sc="191,0,393,-80,204,80,212,0" owari="191,-31.0,313,42.0,284,8.0,212,-19.0" /></mjloggm>