<mjloggm ver="2.3"><GO type="169" lobby="0"/><UN n0="%E3%81%86%E3%81%A0%E3%81%A3%E3%81%B7" n1="%E3%82%A6%E3%83%AB%E3%83%88%E3%83%A9%E7%AB%8B%E7%9B%B4" n2="%E3%81%B5%E3%82%8F%E3%81%B5%E3%82%8F%E3%81%BE%E3%82%8A%E3%82%82" n3="%E3%81%90%E3%81%9C%E3%82%93%40%4C%69%42" dan="16,17,16,16" rate="2130.60,2217.34,2061.13,2137.07" sx="M,M,M,M"/><TAIKYOKU oya="0"/><INIT seed="0,0,0,4,1,103" ten="250,250,250,250" oya="0" hai0="129,14,34,40,96,118,110,83,88,3,56,125,44" hai1="55,131,101,15,72,8,114,36,73,29,99,135,26" hai2="116,109,39,64,61,45,85,38,30,117,104,28,68" hai3="108,59,91,100,32,5,79,24,60,33,12,62,123"/><T69/><D69/><U97/><E114/><V27/><F109/><W127/><G108/><T132/><D110/><U82/><E36/><V112/><F112/><W1/><G123/><T113/><D113/><U89/><E131/><V94/><F45/><W41/><G1/><T17/><D118/><N who="2" m="45674" /><F104/><W46/><G127/><T122/><D122/><U16/><E135/><V75/><F75/><W81/><G100/><T70/><D70/><U53/><E73/><V124/><F124/><W58/><G91/><T92/><D125/><U7/><E7/><V43/><F43/><W37/><G24/><T13/><D3/><U76/><E89/><N who="2" m="53551" /><F28/><W90/><G90/><T77/><D132/><U66/><E66/><V31/><F31/><W35/><G60/><T126/><D126/><U134/><E99/><V111/><F111/><W23/><G62/><T51/><D129/><U130/><E130/><V106/><F106/><W21/><G59/><T49/><D34/><AGARI ba="0,0" hai="27,30,34,38,39,61,64,68" m="53551,45674" machi="34" ten="30,1000,0" yaku="12,1" doraHai="103" who="2" fromWho="0" sc="250,-10,250,0,250,10,250,0" /><INIT seed="1,0,0,0,0,25" ten="240,250,260,250" oya="1" hai0="119,42,66,4,28,16,103,39,82,63,112,43,38" hai1="87,98,83,106,50,33,111,80,121,61,21,101,134" hai2="97,47,94,104,71,17,131,107,81,62,64,130,5" hai3="96,49,11,1,74,9,105,41,7,113,27,57,58"/><U30/><E121/><V127/><F127/><W122/><G122/><T133/><D112/><U13/><E134/><V24/><F5/><W31/><G113/><T91/><D119/><U36/><E36/><V0/><F0/><W128/><G128/><N who="2" m="49193" /><F81/><W117/><G117/><T108/><D133/><U34/><E111/><V95/><F47/><W22/><G74/><T8/><D108/><U18/><E61/><V20/><F95/><W114/><G114/><T15/><D103/><AGARI ba="0,0" hai="17,20,24,62,64,71,94,97,103,104,107" m="49193" machi="103" ten="30,1000,0" yaku="19,1" doraHai="25" who="2" fromWho="0" sc="240,-10,250,0,260,10,250,0" /><INIT seed="2,0,0,5,5,6" ten="230,250,270,250" oya="2" hai0="106,34,51,122,4,54,47,45,84,36,19,17,46" hai1="114,110,117,11,79,40,48,49,73,31,94,27,65" hai2="107,13,20,26,78,50,30,132,57,38,134,74,125" hai3="66,123,60,91,116,111,39,24,113,119,16,64,2"/><V41/><F107/><W5/><G123/><T135/><D122/><U0/><E117/><V62/><F125/><W14/><G39/><T21/><D34/><U129/><E114/><V44/><F74/><W10/><G113/><T98/><D135/><N who="2" m="51754" /><F78/><W112/><G112/><T56/><D4/><U12/><E0/><V92/><F92/><W99/><G111/><T93/><D36/><U104/><E104/><V69/><F69/><W53/><G24/><T85/><D106/><U130/><E110/><V101/><F101/><W133/><G133/><T71/><D71/><U121/><E121/><V33/><F13/><W25/><G25/><T124/><D17/><U8/><E79/><V35/><F38/><W75/><G75/><T81/><D81/><U128/><E73/><V43/><F43/><W77/><G77/><T1/><D1/><U58/><E12/><V115/><F115/><W88/><G116/><T61/><D124/><U52/><E94/><V108/><F108/><W105/><G119/><T89/><REACH who="0" step="1"/><D51/><REACH who="0" ten="220,250,270,250" step="2"/><U95/><E95/><V82/><F82/><W29/><G105/><T72/><D72/><U42/><E49/><V67/><AGARI ba="0,1" hai="20,26,30,33,35,41,44,50,57,62,67" m="51754" machi="67" ten="30,1500,0" yaku="20,1" doraHai="6" who="2" fromWho="2" sc="220,-5,250,-5,270,25,250,-5" /><INIT seed="2,1,0,4,2,17" ten="215,245,295,245" oya="2" hai0="61,120,126,66,74,96,0,82,81,24,87,25,116" hai1="52,38,44,47,45,109,105,83,4,30,7,111,37" hai2="69,59,91,35,88,94,102,3,127,5,73,97,1" hai3="20,95,56,41,19,11,90,134,18,125,100,39,23"/><V110/><F69/><W54/><G125/><T67/><D120/><U65/><E105/><V48/><F35/><W104/><G104/><T36/><D126/><U129/><E65/><V113/><F127/><W84/><G134/><T31/><D36/><N who="1" m="13931" /><E83/><V115/><F73/><W79/><G100/><T70/><D0/><U58/><E30/><V117/><F117/><W133/><G133/><T76/><D116/><U131/><E4/><V98/><F110/><N who="1" m="41993" /><E7/><V26/><F26/><N who="3" m="14615" /><G39/><T13/><D67/><U62/><AGARI ba="1,0" hai="44,45,47,52,58,62,129,131" m="41993,13931" machi="62" ten="40,8000,1" yaku="14,1,34,2,54,1" doraHai="17" who="1" fromWho="1" sc="215,-21,245,83,295,-41,245,-21" /><INIT seed="3,0,0,0,4,81" ten="194,328,254,224" oya="3" hai0="47,100,119,107,28,53,11,75,39,56,109,19,45" hai1="38,68,83,58,42,84,43,70,114,61,26,2,129" hai2="0,33,131,67,34,7,52,128,97,49,57,118,133" hai3="115,106,60,62,111,78,130,124,59,122,76,86,50"/><W104/><G122/><T117/><D109/><U77/><E2/><V18/><F118/><W41/><G115/><T35/><D75/><U90/><E114/><V13/><F133/><W73/><G73/><T10/><D35/><U16/><E129/><V95/><F67/><W120/><G120/><T27/><D107/><U116/><E116/><V1/><F34/><W36/><G36/><T125/><D100/><U48/><E38/><V22/><F33/><W25/><G130/><N who="2" m="49705" /><F7/><W85/><G111/><T134/><D134/><U31/><E48/><V89/><AGARI ba="0,0" hai="0,1,13,18,22,49,52,57,89,95,97" m="49705" machi="89" ten="30,2000,0" yaku="19,1,54,1" doraHai="81" who="2" fromWho="2" sc="194,-5,328,-5,254,20,224,-10" /><INIT seed="4,0,0,4,2,23" ten="189,323,274,214" oya="0" hai0="66,11,18,22,1,83,6,41,0,97,15,38,101" hai1="117,134,45,115,85,2,105,131,61,132,39,111,63" hai2="67,93,70,76,60,135,77,102,53,51,113,49,98" hai3="30,122,86,106,130,34,36,116,20,103,87,110,24"/><T5/><D66/><U54/><E2/><V44/><F113/><W43/><G116/><T7/><D83/><U90/><E105/><V12/><F135/><W125/><G125/><T120/><D120/><U78/><E78/><V79/><F12/><W9/><G130/><T3/><D41/><U128/><E117/><V112/><F112/><W114/><G122/><T59/><D38/><U32/><E32/><V21/><F51/><W92/><G110/><T68/><D59/><U96/><E96/><V25/><REACH who="2" step="1"/><F79/><REACH who="2" ten="189,323,264,214" step="2"/><W94/><G114/><T108/><D108/><U65/><E111/><V124/><F124/><W104/><G36/><T74/><D74/><U95/><E115/><V62/><F62/><W64/><G43/><T26/><REACH who="0" step="1"/><D68/><REACH who="0" ten="179,323,264,214" step="2"/><N who="1" m="42031" /><E39/><V37/><F37/><W81/><G64/><T33/><D33/><U100/><E132/><V123/><F123/><W35/><G34/><T4/><D4/><U84/><E134/><V121/><F121/><W69/><G35/><T71/><D71/><U48/><E131/><V19/><AGARI ba="0,2" hai="19,21,25,44,49,53,60,67,70,76,77,93,98,102" machi="19" ten="20,8000,1" yaku="1,1,0,1,7,1,52,1,53,1" doraHai="23" doraHaiUra="16" who="2" fromWho="2" sc="179,-40,323,-20,264,100,214,-20" /><INIT seed="5,0,0,5,2,62" ten="139,303,364,194" oya="1" hai0="29,89,76,8,111,61,92,4,34,100,13,12,28" hai1="115,7,114,116,48,64,63,105,58,110,38,103,14" hai2="45,22,91,104,121,70,108,123,43,35,87,42,27" hai3="1,69,102,96,54,24,72,56,95,39,32,49,41"/><U85/><E38/><V46/><F104/><W126/><G69/><T65/><D111/><U84/><E116/><V80/><F108/><W98/><G126/><T20/><D100/><U50/><E110/><V88/><F70/><W117/><G117/><T106/><D106/><U67/><E103/><V60/><F35/><W78/><G1/><T55/><D76/><U10/><E105/><V0/><F0/><W71/><G71/><T81/><D81/><U132/><E132/><V118/><F118/><W129/><G129/><T16/><D55/><U40/><E50/><V133/><F133/><W97/><G72/><T125/><D34/><U53/><E40/><V5/><F5/><W31/><REACH who="3" step="1"/><G78/><REACH who="3" ten="139,303,364,184" step="2"/><T37/><D125/><U73/><E73/><V109/><F109/><W131/><G131/><T74/><D74/><U127/><E127/><V94/><F121/><W25/><G25/><T23/><D37/><U124/><E124/><V47/><F123/><W15/><G15/><T33/><D33/><U113/><E115/><V112/><F112/><W57/><G57/><N who="0" m="37039" /><D20/><U17/><E114/><V86/><F22/><W26/><G26/><T18/><D4/><U135/><E113/><V11/><F27/><W120/><G120/><T2/><D2/><U66/><E135/><V119/><F119/><W122/><G122/><T128/><D128/><U101/><E7/><V90/><F45/><AGARI ba="0,1" hai="24,31,32,39,41,45,49,54,56,95,96,97,98,102" machi="45" ten="40,1300,0" yaku="1,1,53,0" doraHai="62" doraHaiUra="3" who="3" fromWho="2" sc="139,0,303,0,364,-13,184,23" /><INIT seed="6,0,0,4,0,81" ten="139,303,351,207" oya="2" hai0="99,77,117,29,110,132,78,83,67,32,20,79,45" hai1="31,14,36,3,59,21,56,51,125,105,28,2,22" hai2="93,76,19,48,53,106,112,33,90,34,100,37,130" hai3="85,121,127,61,54,44,6,118,104,75,1,30,135"/><V119/><F37/><W71/><G75/><T0/><D32/><U60/><E36/><V98/><F119/><W8/><G121/><T129/><D0/><U94/><E105/><V63/><F112/><W12/><G118/><T84/><D117/><U134/><E134/><V108/><F130/><W25/><G135/><T133/><D67/><U74/><E74/><V62/><F108/><W24/><G127/><T7/><D7/><U113/><E113/><V72/><F33/><W49/><G104/><T120/><D120/><U70/><E70/><V15/><F34/><W107/><G107/><T10/><D10/><U123/><E125/><V5/><F5/><W43/><G1/><T103/><D110/><U50/><E14/><V9/><F72/><W116/><G116/><T80/><D129/><U89/><E60/><V13/><F13/><W102/><G102/><T35/><D35/><U66/><E94/><V39/><F39/><W91/><G30/><T16/><D29/><U128/><E66/><V73/><F76/><W17/><G6/><T42/><D80/><U46/><E128/><V68/><F68/><W131/><G131/><T82/><D82/><U126/><E126/><V23/><F73/><W52/><G71/><T47/><D132/><U95/><E123/><V114/><F114/><W124/><G124/><T58/><D133/><U27/><E2/><V87/><F9/><W38/><G38/><N who="0" m="21719" /><D47/><AGARI ba="0,0" hai="15,19,23,47,48,53,62,63,87,90,93,98,100,106" machi="47" ten="30,2900,0" yaku="7,1,52,1" doraHai="81" who="2" fromWho="0" sc="139,-29,303,0,351,29,207,0" /><INIT seed="6,1,0,1,5,133" ten="110,303,380,207" oya="2" hai0="124,9,123,80,103,117,58,17,49,99,26,21,5" hai1="55,119,59,18,100,60,97,16,30,63,48,38,79" hai2="107,40,64,116,41,37,53,128,24,2,87,23,131" hai3="47,88,92,8,112,89,29,39,77,27,83,66,98"/><V134/><F107/><W75/><G112/><T106/><D123/><U14/><E38/><V56/><F2/><W51/><G39/><T6/><D117/><U12/><E30/><V35/><F116/><W94/><G66/><T7/><D80/><U42/><E42/><V110/><F134/><W127/><G8/><T84/><D84/><U67/><E79/><V62/><F110/><W96/><G127/><T101/><D101/><U135/><E135/><V115/><F115/><W54/><G29/><T74/><D74/><U114/><E114/><V22/><F35/><W85/><REACH who="3" step="1"/><G27/><REACH who="3" ten="110,303,380,197" step="2"/><T104/><D9/><N who="1" m="6159" /><E67/><V52/><F37/><W70/><G70/><T122/><D122/><U25/><E25/><V32/><F24/><W121/><G121/><T36/><D36/><U46/><E119/><V44/><F64/><W71/><G71/><T69/><D69/><U34/><E18/><V132/><F132/><W57/><G57/><T72/><D72/><AGARI ba="1,1" hai="47,51,54,72,75,77,83,85,88,89,92,94,96,98" machi="72" ten="40,5200,0" yaku="1,1,9,1,54,1,53,0" doraHai="133" doraHaiUra="65" who="3" fromWho="0" sc="110,-55,303,0,380,0,197,65" /><INIT seed="7,0,0,4,2,53" ten="55,303,380,262" oya="3" hai0="12,107,24,75,76,128,22,31,66,44,61,63,51" hai1="113,30,114,89,23,71,104,99,119,8,60,27,125" hai2="72,103,33,15,110,2,86,93,45,116,122,101,97" hai3="35,48,6,127,68,118,84,123,124,18,40,90,111"/><W73/><G73/><T11/><D128/><U42/><E125/><V65/><F2/><W26/><G118/><T39/><D39/><U5/><E42/><V77/><F33/><W14/><G123/><T79/><D107/><U134/><E134/><V88/><F116/><W80/><G68/><T129/><D129/><U37/><E37/><V38/><F122/><W36/><G36/><T100/><D100/><U46/><E46/><V87/><F110/><W0/><G111/><T83/><D63/><U52/><E119/><V102/><F65/><W7/><G0/><T117/><D117/><U49/><E60/><V20/><F38/><W58/><G35/><T81/><D75/><U69/><E71/><V126/><F126/><N who="3" m="48171" /><G26/><T34/><D34/><U59/><E69/><V43/><F43/><W19/><G19/><T78/><D51/><U98/><E104/><N who="2" m="63535" /><F45/><N who="3" m="25639" /><G58/><T120/><D44/><U57/><E57/><V62/><F87/><W55/><G55/><T121/><D121/><U3/><REACH who="1" step="1"/><E89/><REACH who="1" ten="55,293,380,262" step="2"/><V96/><F88/><W47/><G47/><T41/><D41/><U25/><E25/><V4/><F102/><W130/><G130/><T54/><D120/><U67/><E67/><V92/><F103/><W70/><G70/><T94/><D66/><U108/><E108/><V56/><F56/><W112/><G112/><AGARI ba="0,1" hai="3,5,8,23,27,30,49,52,59,98,99,112,113,114" machi="112" ten="40,8000,1" yaku="1,1,15,1,52,1,54,1,53,0" doraHai="53" doraHaiUra="82" who="1" fromWho="3" sc="55,0,293,90,380,0,262,-80" owari="55,-44.0,383,48.0,380,18.0,182,-22.0" /></mjloggm>