<mjloggm ver="2.3"><GO type="41" lobby="0"/><UN n0="%E8%97%A4%E5%A0%82%E3%81%A4%E3%82%80%E3%81%8E" n1="%E3%83%95%E3%82%A1%E3%82%A4%E3%83%BC%E3%83%8A" n2="%6D%6F%6E%6F%2D%31%34" n3="%E5%B0%B1%E6%B4%BB%E7%94%9F%40%E5%B7%9D%E6%9D%91%E8%BB%8D%E5%9B%A3" dan="14,13,14,15" rate="1870.93,1892.47,1993.73,1995.99" sx="M,M,M,M"/><TAIKYOKU oya="0"/><INIT seed="0,0,0,3,0,110" ten="250,250,250,250" oya="0" hai0="74,57,93,10,50,65,98,109,54,55,64,87,108" hai1="36,134,51,116,114,59,112,61,1,48,111,135,45" hai2="52,8,118,104,97,38,29,25,133,42,95,62,28" hai3="80,121,99,76,71,70,86,41,128,119,32,27,53"/><T88/><D74/><U92/><E1/><V44/><F104/><W35/><G119/><T39/><D39/><U49/><E92/><V26/><F118/><W47/><G121/><T113/><D113/><N who="1" m="43627" /><E111/><N who="0" m="42569" /><D10/><U0/><E0/><V7/><F133/><N who="1" m="50697" /><E116/><V73/><F73/><W31/><G128/><T58/><D98/><U4/><E4/><V3/><F29/><W2/><G2/><T129/><D129/><U23/><E23/><V106/><F106/><W67/><G35/><T60/><AGARI ba="0,0" hai="50,54,55,57,58,60,64,65,87,88,93" m="42569" machi="60" ten="30,6000,0" yaku="14,1,10,1,54,1" doraHai="110" who="0" fromWho="0" sc="250,60,250,-20,250,-20,250,-20" /><INIT seed="0,1,0,0,3,58" ten="310,230,230,230" oya="0" hai0="60,112,40,20,99,85,104,26,84,123,91,16,44" hai1="131,118,25,127,102,18,122,116,72,65,14,63,98" hai2="130,33,111,105,125,7,101,61,1,115,113,107,124" hai3="82,52,77,121,81,66,22,114,68,70,46,74,126"/><T120/><D112/><N who="2" m="43082" /><F101/><W79/><G114/><T129/><D129/><U55/><E131/><V36/><F7/><W34/><G121/><T69/><D104/><N who="2" m="40010" /><F130/><W41/><G126/><N who="2" m="48745" /><F61/><W90/><G34/><T23/><D23/><U15/><E122/><V24/><F24/><W8/><G90/><T67/><D99/><U97/><E72/><V38/><F111/><W83/><G8/><T109/><D109/><U93/><E97/><V73/><F73/><W59/><G22/><T39/><D85/><U54/><E127/><V133/><F133/><W108/><G108/><T86/><D86/><U71/><E118/><V80/><F80/><AGARI ba="1,0" hai="16,20,26,39,40,44,60,67,69,80,84,91,120,123" machi="80" ten="30,5800,0" yaku="7,1,52,1,54,1" doraHai="58" who="0" fromWho="2" sc="310,61,230,0,230,-61,230,0" /><INIT seed="0,2,0,0,4,104" ten="371,230,169,230" oya="0" hai0="100,95,41,133,106,79,122,36,10,55,3,23,105" hai1="66,70,87,29,127,109,107,15,27,65,44,25,57" hai2="90,53,74,21,34,99,72,132,130,86,134,103,33" hai3="6,89,8,117,9,128,76,18,77,101,56,24,118"/><T38/><D122/><U5/><E127/><V114/><F114/><W115/><G115/><T43/><D133/><N who="2" m="51306" /><F21/><W39/><G128/><T92/><D79/><U52/><E109/><V49/><F130/><W96/><G39/><T48/><D23/><U81/><E107/><N who="2" m="63999" /><F49/><W124/><G124/><T28/><D28/><U30/><E70/><V112/><F112/><W16/><G89/><T135/><D135/><U54/><E44/><V19/><F19/><W62/><G117/><T60/><D60/><N who="1" m="35879" /><E54/><V102/><F53/><W97/><G118/><T68/><D68/><U73/><E73/><N who="2" m="28267" /><F102/><W116/><G116/><T51/><D55/><U119/><E119/><V20/><F20/><W129/><G129/><T93/><D100/><U42/><E42/><N who="0" m="15881" /><D10/><N who="1" m="4559" /><E30/><V91/><F34/><W121/><G121/><T108/><D3/><U12/><E12/><V126/><F33/><W94/><G24/><N who="1" m="9290" /><E29/><V13/><F13/><W111/><G111/><T37/><D108/><U84/><E84/><V120/><F126/><W123/><G123/><T78/><D78/><AGARI ba="2,0" hai="65,66,78,81,87" m="9290,4559,35879" machi="78" ten="30,2000,0" yaku="8,1,54,1" doraHai="104" who="1" fromWho="0" sc="371,-26,230,26,169,0,230,0" /><INIT seed="1,0,0,2,4,49" ten="345,256,169,230" oya="1" hai0="134,72,14,97,22,101,42,30,62,84,83,82,44" hai1="70,104,88,10,58,39,79,130,99,50,48,37,87" hai2="61,118,36,47,52,133,80,85,55,45,114,135,75" hai3="3,6,9,25,108,24,23,15,21,27,71,78,16"/><U128/><E70/><V56/><F75/><W91/><G71/><T73/><D134/><N who="2" m="51210" /><F118/><W126/><G78/><T92/><D62/><U29/><E79/><V17/><F114/><W1/><G91/><T86/><D72/><U111/><E29/><V102/><F102/><W0/><G126/><T124/><D124/><U110/><E10/><V67/><F17/><N who="3" m="10431" /><G108/><N who="1" m="41514" /><E104/><V123/><F123/><W127/><G127/><T95/><D73/><U13/><E13/><AGARI ba="0,0" hai="0,1,3,6,9,13,16,23,24,25,27" m="10431" machi="13" ten="30,12000,2" yaku="35,5,54,1" doraHai="49" who="3" fromWho="1" sc="345,0,256,-120,169,0,230,120" /><INIT seed="2,0,0,2,2,23" ten="345,136,169,350" oya="2" hai0="110,29,15,30,59,68,115,27,92,31,125,11,24" hai1="122,106,117,45,44,95,119,78,83,32,80,14,74" hai2="116,69,38,37,75,131,72,62,4,73,93,52,108" hai3="13,104,39,5,76,1,36,25,7,126,6,89,47"/><V43/><F116/><N who="1" m="44617" /><E32/><V135/><F135/><W107/><G1/><T34/><D68/><U67/><E14/><V87/><F131/><W128/><G128/><T111/><D115/><U56/><E67/><V82/><F108/><N who="0" m="41514" /><D125/><U18/><E56/><V57/><F93/><W41/><G126/><T102/><D34/><U63/><E18/><V98/><F98/><W130/><G130/><T84/><D59/><U50/><E63/><V121/><F121/><W26/><G39/><T112/><D112/><U134/><E50/><V105/><F105/><W10/><G76/><T64/><D64/><U16/><E16/><V129/><F129/><W65/><G65/><T48/><D48/><U127/><E45/><V42/><F4/><W86/><G104/><T55/><D55/><U70/><E44/><V88/><REACH who="2" step="1"/><F69/><REACH who="2" ten="345,136,159,350" step="2"/><W20/><G107/><T118/><D118/><U21/><E70/><V54/><F54/><W79/><G7/><N who="0" m="3583" /><D102/><U101/><E127/><V28/><F28/><W2/><G6/><T66/><D66/><U22/><E134/><V33/><F33/><W46/><G2/><T51/><D51/><U113/><E122/><V96/><F96/><W58/><G36/><AGARI ba="0,1" hai="36,37,38,42,43,52,57,62,72,73,75,82,87,88" machi="36" ten="50,9600,0" yaku="1,1,54,2,53,0" doraHai="23" doraHaiUra="103" who="2" fromWho="3" sc="345,0,136,0,159,106,350,-96" /><INIT seed="2,1,0,4,0,93" ten="345,136,265,254" oya="2" hai0="50,83,132,135,78,15,43,58,62,45,103,0,118" hai1="29,18,96,113,87,120,98,52,97,13,121,54,129" hai2="111,112,7,12,30,69,73,41,125,102,65,46,49" hai3="79,90,75,116,91,56,35,16,36,131,4,42,53"/><V11/><F112/><W94/><G35/><T123/><D0/><U6/><E29/><V37/><F125/><W5/><G116/><T72/><D118/><U128/><E6/><V86/><F73/><W51/><G131/><N who="1" m="50250" /><E87/><V10/><F111/><W88/><G36/><T95/><D123/><N who="1" m="47179" /><E113/><V115/><F115/><W55/><G42/><T122/><D122/><U85/><E85/><V104/><F30/><W80/><G55/><T44/><D44/><U34/><E34/><V100/><F37/><W89/><REACH who="3" step="1"/><G16/><REACH who="3" ten="345,136,265,244" step="2"/><T20/><D132/><U63/><E63/><V33/><F33/><W1/><G1/><T76/><D135/><U67/><E67/><V27/><F65/><W126/><G126/><T101/><D43/><U60/><E60/><V133/><F41/><W99/><AGARI ba="1,1" hai="4,5,51,53,56,75,79,80,88,89,90,91,94,99" machi="99" ten="30,7900,0" yaku="1,1,0,1,52,1,54,1,53,0" doraHai="93" doraHaiUra="9" who="3" fromWho="3" sc="345,-21,136,-21,265,-40,244,92" /><INIT seed="3,0,0,3,4,27" ten="324,115,225,336" oya="3" hai0="94,130,77,126,118,6,122,32,121,19,22,20,115" hai1="91,132,7,54,21,101,104,125,135,9,105,59,78" hai2="70,28,53,18,75,5,103,96,34,46,88,48,26" hai3="10,92,17,49,42,57,66,85,120,1,89,81,112"/><W36/><G112/><T93/><D118/><U129/><E78/><V102/><F75/><W123/><G36/><T30/><D115/><U37/><E37/><V25/><F70/><W82/><G120/><T76/><D32/><U38/><E38/><V11/><F18/><W3/><G123/><T43/><D43/><U107/><E21/><V55/><F26/><W14/><G1/><T124/><D130/><U128/><E101/><V13/><F55/><W61/><REACH who="3" step="1"/><G3/><REACH who="3" ten="324,115,225,326" step="2"/><T116/><D116/><U69/><E125/><N who="0" m="48233" /><D122/><U2/><E69/><V15/><F13/><W56/><G56/><T65/><D121/><U90/><E59/><V63/><F63/><W108/><G108/><T114/><D114/><U35/><E35/><V44/><F46/><AGARI ba="0,1" hai="10,14,17,42,46,49,57,61,66,81,82,85,89,92" machi="46" ten="40,3900,0" yaku="1,1,8,1,53,0" doraHai="27" doraHaiUra="98" who="3" fromWho="2" sc="324,0,115,0,225,-39,326,49" /><INIT seed="3,1,0,3,4,107" ten="324,115,186,375" oya="3" hai0="100,97,13,48,76,129,46,35,89,95,32,5,119" hai1="2,88,27,57,55,18,124,113,34,103,90,50,20" hai2="125,132,69,33,54,40,71,104,77,49,79,3,0" hai3="115,73,102,41,59,7,114,62,122,21,39,91,31"/><W134/><G122/><T61/><D119/><U105/><E124/><V120/><F104/><W37/><G134/><T65/><D129/><U53/><E2/><V96/><F33/><W86/><G7/><T68/><D76/><U14/><E103/><V25/><F96/><W11/><G11/><T26/><D26/><U72/><E105/><V128/><F25/><W67/><G102/><T85/><D5/><U47/><E113/><V130/><F49/><W8/><G8/><T110/><D13/><U43/><E55/><V121/><F54/><W117/><G117/><T80/><D110/><U126/><E126/><V15/><F15/><W9/><G9/><T60/><D60/><U51/><E34/><V24/><F24/><W83/><G39/><T29/><D29/><U135/><E135/><V81/><F81/><W12/><G41/><AGARI ba="1,0" hai="32,35,41,46,48,61,65,68,80,85,89,95,97,100" machi="41" ten="30,1000,0" yaku="7,1" doraHai="107" who="0" fromWho="3" sc="324,13,115,0,186,0,375,-13" /><INIT seed="4,0,0,5,4,28" ten="337,115,186,362" oya="0" hai0="49,19,40,93,112,36,127,118,10,98,103,22,23" hai1="27,43,69,73,129,56,18,68,76,41,101,106,85" hai2="125,31,97,89,100,130,32,9,77,60,13,67,26" hai3="134,61,55,37,11,51,30,25,114,6,117,83,39"/><T53/><D118/><U57/><E129/><V17/><F130/><W64/><G114/><T59/><D127/><U52/><E73/><V71/><F125/><W33/><G83/><T15/><D112/><U72/><E72/><V86/><F86/><W94/><G94/><T120/><D120/><U47/><E101/><V110/><F89/><W99/><G99/><T102/><D103/><U122/><E106/><V58/><F77/><W132/><G117/><T128/><D128/><U3/><E3/><V8/><F58/><W16/><G55/><T38/><D40/><U133/><E133/><N who="3" m="51306" /><G51/><T34/><D34/><U74/><E74/><V108/><REACH who="2" step="1"/><F9/><REACH who="2" ten="337,115,176,362" step="2"/><W81/><G81/><T126/><REACH who="0" step="1"/><D126/><REACH who="0" ten="327,115,176,362" step="2"/><U135/><E122/><V5/><F5/><W119/><G6/><T54/><D54/><U104/><E52/><V121/><F121/><W123/><G123/><T44/><D44/><U12/><E47/><V87/><F87/><W116/><G116/><T65/><D65/><U79/><E85/><V1/><F1/><W0/><G0/><T115/><D115/><U90/><E79/><V29/><F29/><W2/><G2/><T62/><D62/><U42/><E76/><V92/><AGARI ba="0,2" hai="8,13,17,26,31,32,60,67,71,92,97,100,108,110" machi="92" ten="20,5200,0" yaku="1,1,0,1,7,1,52,1,53,0" doraHai="28" doraHaiUra="107" who="2" fromWho="2" sc="327,-26,115,-13,176,72,362,-13" /><INIT seed="5,0,0,5,1,14" ten="301,102,248,349" oya="1" hai0="103,42,105,79,113,6,55,63,35,65,30,19,99" hai1="43,50,115,126,84,77,28,0,25,117,4,53,41" hai2="81,68,129,110,8,106,52,125,91,62,114,111,97" hai3="26,59,118,12,58,11,24,67,116,29,39,15,88"/><U131/><E126/><V1/><F125/><W69/><G39/><T5/><D42/><U72/><E131/><V37/><F37/><W46/><G46/><T101/><D101/><U9/><E115/><V133/><F114/><W21/><G69/><N who="0" m="42175" /><D79/><U47/><E72/><V20/><F129/><W23/><G67/><T22/><D113/><U75/><E75/><V7/><F68/><W74/><G74/><T33/><D33/><U127/><E117/><N who="3" m="45162" /><G88/><T34/><D34/><U120/><E120/><V32/><F106/><W40/><G40/><T89/><D55/><U102/><E102/><V85/><F97/><W18/><G15/><N who="0" m="9599" /><D89/><U135/><E135/><V90/><F133/><W121/><G121/><T71/><D71/><U98/><E98/><V10/><F91/><W51/><G51/><T95/><D95/><U83/><REACH who="1" step="1"/><E127/><REACH who="1" ten="301,92,248,349" step="2"/><V132/><F132/><W86/><G86/><T134/><D134/><U93/><E93/><V128/><F85/><W13/><G13/><T104/><D104/><U78/><E78/><V56/><F128/><W16/><AGARI ba="0,1" hai="11,12,16,18,21,23,24,26,29,58,59" m="45162" machi="16" ten="30,7900,0" yaku="12,1,52,2,54,1" doraHai="14" who="3" fromWho="3" sc="301,-20,92,-39,248,-20,349,89" /><INIT seed="6,0,0,2,5,82" ten="281,53,228,438" oya="2" hai0="133,77,124,106,56,42,74,34,4,113,72,51,12" hai1="125,93,36,9,115,120,64,46,15,134,83,25,55" hai2="86,121,87,21,32,91,110,37,71,35,41,0,67" hai3="127,102,11,79,39,81,48,84,20,40,131,97,33"/><V80/><F121/><W60/><G33/><T105/><D34/><U78/><E134/><V99/><F0/><W116/><G39/><T16/><D133/><U54/><E125/><V101/><F110/><W17/><G116/><T50/><D124/><U66/><E115/><V73/><F73/><W29/><G127/><T119/><D119/><U63/><E25/><V70/><F21/><W6/><G131/><T88/><D113/><U8/><E93/><V114/><F114/><W43/><G29/><T104/><D4/><U109/><E109/><V24/><F70/><W132/><G132/><T126/><D126/><U103/><E103/><V111/><F91/><W69/><G69/><T123/><D123/><U5/><E36/><V27/><F80/><W90/><G60/><T38/><D38/><U10/><E10/><V89/><F89/><W49/><G49/><T61/><D42/><U2/><E2/><V96/><F111/><W52/><G79/><T94/><D77/><U22/><E22/><V28/><F99/><W19/><G19/><T92/><D74/><N who="1" m="43479" /><E9/><V26/><F41/><W76/><G76/><T85/><D72/><U122/><E55/><V59/><F37/><W68/><G68/><T13/><D13/><U130/><E130/><V44/><F44/><N who="3" m="27655" /><G6/><T135/><D135/><U57/><E46/><V75/><F75/><W62/><G62/><T98/><D61/><U108/><E108/><V117/><F117/><W47/><G47/><T45/><D45/><U18/><E18/><V7/><F35/><W65/><G65/><N who="1" m="25194" /><E122/><V107/><F32/><W95/><G11/><RYUUKYOKU ba="0,0" sc="281,-15,53,15,228,-15,438,15" hai1="5,8,15,54,57,63,120" hai3="17,20,40,43,81,84,90,95,97,102" /><INIT seed="7,1,0,4,3,12" ten="266,68,213,453" oya="3" hai0="36,127,134,42,49,24,29,9,38,91,6,80,17" hai1="74,55,19,128,133,67,75,120,52,20,15,95,106" hai2="41,122,132,46,45,72,71,109,100,126,3,8,94" hai3="37,78,84,34,124,125,115,10,118,81,90,50,56"/><W93/><G37/><T110/><D110/><U7/><E133/><V98/><F132/><W96/><G34/><T35/><D134/><U129/><E128/><V102/><F109/><W89/><G118/><T83/><D127/><N who="3" m="48713" /><G115/><T43/><D38/><U69/><E106/><V53/><F126/><W111/><G111/><T97/><D36/><U58/><E129/><V117/><F72/><W119/><G119/><T112/><D112/><U79/><E69/><V87/><F71/><W92/><G10/><T28/><D28/><U59/><E7/><V13/><F117/><W39/><G39/><T27/><D97/><U103/><E67/><V11/><F122/><W68/><G68/><T40/><D49/><U123/><E95/><V26/><F3/><W85/><G56/><T130/><D130/><U114/><E103/><V99/><F41/><W113/><G113/><T77/><D91/><U57/><E114/><V16/><F11/><W2/><G50/><T60/><D60/><U121/><REACH who="1" step="1"/><E79/><REACH who="1" ten="266,58,213,453" step="2"/><V47/><F53/><AGARI ba="1,1" hai="15,19,20,52,53,55,57,58,59,74,75,120,121,123" machi="53" ten="50,8000,1" yaku="1,1,2,1,52,1,54,1,53,0" doraHai="12" doraHaiUra="31" who="1" fromWho="2" sc="266,0,58,93,213,-83,453,0" owari="266,7.0,151,-25.0,130,-37.0,453,55.0" /></mjloggm>