<mjloggm ver="2.3"><GO type="41" lobby="0"/><UN n0="%E5%B0%B1%E6%B4%BB%E7%94%9F%40%E5%B7%9D%E6%9D%91%E8%BB%8D%E5%9B%A3" n1="%E3%81%8D%E3%82%85%E3%81%86%E3%81%9D%E3%83%BC" n2="%E3%83%80%E3%83%A1%E3%82%AE%E3%81%97%E3%81%92%E3%82%89%E3%81%AA%E3%81%84" n3="%E5%B9%BD%E5%AE%A2" dan="14,15,13,14" rate="1976.85,1946.32,1979.34,1950.56" sx="M,M,M,M"/><TAIKYOKU oya="0"/><INIT seed="0,0,0,5,1,107" ten="250,250,250,250" oya="0" hai0="31,123,121,134,70,46,48,95,98,1,103,106,75" hai1="94,32,112,22,67,129,92,74,4,47,114,8,13" hai2="82,7,91,24,42,86,89,122,119,120,85,105,76" hai3="68,109,108,78,20,33,73,21,30,90,54,45,49"/><T59/><D70/><U34/><E129/><V50/><F24/><N who="3" m="18631" /><G68/><T53/><D1/><U133/><E67/><V44/><F119/><W9/><G9/><T99/><D134/><U35/><E74/><V51/><F105/><W52/><G90/><T28/><D75/><U43/><E22/><V131/><F131/><W39/><G54/><T79/><D79/><U40/><E133/><V29/><F29/><W58/><G45/><T61/><D121/><U135/><E135/><V113/><F113/><N who="1" m="43625" /><E43/><V17/><F17/><W12/><G12/><T84/><D123/><U115/><E115/><V117/><F117/><W101/><G101/><T116/><D116/><U124/><E124/><V100/><F100/><W110/><G39/><AGARI ba="0,0" hai="4,8,13,32,34,35,39,40,47,92,94" m="43625" machi="39" ten="40,1300,0" yaku="11,1" doraHai="107" who="1" fromWho="3" sc="250,0,250,13,250,0,250,-13" /><INIT seed="1,0,0,1,0,73" ten="250,263,250,237" oya="1" hai0="81,16,39,110,129,37,119,25,45,6,116,52,10" hai1="78,77,96,123,48,9,124,40,91,122,86,0,58" hai2="56,55,131,2,64,47,82,7,98,30,24,111,120" hai3="113,8,60,21,102,59,70,126,130,66,84,109,107"/><U22/><E124/><V133/><F120/><W51/><G113/><T128/><D110/><U12/><E0/><V83/><F111/><W135/><G109/><T69/><D69/><U42/><E122/><V3/><F133/><W90/><G126/><T74/><D74/><U35/><E35/><V125/><F125/><W95/><G135/><T20/><D81/><U44/><E123/><V41/><F131/><N who="0" m="50250" /><D39/><U118/><E118/><V100/><F7/><W31/><G130/><T75/><D75/><U23/><E42/><V46/><F46/><W4/><G102/><T26/><D26/><U32/><E32/><V63/><F55/><W18/><G31/><T61/><D37/><U94/><E58/><V57/><F57/><W54/><G107/><T87/><D87/><U17/><E96/><V38/><F3/><W115/><G115/><T34/><D34/><U80/><E80/><V62/><F62/><W19/><REACH who="3" step="1"/><G21/><AGARI ba="0,0" hai="9,12,17,21,22,23,40,44,48,77,78,86,91,94" machi="21" ten="40,7700,0" yaku="8,1,52,2" doraHai="73" who="1" fromWho="3" sc="250,0,263,77,250,0,237,-77" /><INIT seed="1,1,0,4,3,133" ten="250,340,250,160" oya="1" hai0="24,89,51,30,8,121,134,56,18,55,41,110,108" hai1="54,65,126,34,107,127,9,17,26,46,61,16,10" hai2="20,117,113,123,80,7,0,82,50,99,74,79,68" hai3="40,72,25,29,36,105,87,122,104,64,38,14,86"/><U112/><E107/><V66/><F117/><W33/><G122/><T114/><D114/><U60/><E112/><V98/><F123/><W131/><G72/><T75/><D75/><U71/><E34/><V39/><F113/><W88/><G131/><T32/><D121/><U129/><E129/><V1/><F50/><W53/><G64/><T132/><D41/><U84/><E84/><V81/><F79/><W4/><G86/><T94/><D8/><N who="1" m="3179" /><E26/><V19/><F74/><W28/><G29/><T109/><REACH who="0" step="1"/><D18/><REACH who="0" ten="240,340,250,160" step="2"/><U15/><E17/><V118/><F19/><W48/><G40/><T70/><D70/><U12/><E16/><V73/><F68/><W128/><G128/><T37/><D37/><U43/><E43/><V52/><F39/><W22/><G38/><T83/><D83/><U47/><E71/><V42/><F82/><W23/><G36/><T58/><D58/><U6/><E6/><V93/><F81/><W21/><G4/><T76/><D76/><U49/><E47/><V124/><F80/><W111/><G28/><T90/><D90/><U95/><E46/><V78/><F42/><W63/><G88/><T92/><D92/><U102/><E12/><V35/><F78/><W57/><G14/><T13/><D13/><U31/><E15/><V130/><F73/><W135/><G57/><T125/><D125/><U44/><E31/><V115/><F115/><W97/><G104/><T3/><D3/><U106/><E106/><V116/><F0/><W2/><G105/><T11/><D11/><U91/><E91/><V101/><F1/><W59/><G2/><RYUUKYOKU ba="1,1" sc="240,30,340,-10,250,-10,160,-10" hai0="24,30,32,51,55,56,89,94,108,109,110,132,134" /><INIT seed="2,2,1,2,1,22" ten="270,330,240,150" oya="2" hai0="85,89,38,103,62,124,58,118,108,71,26,23,64" hai1="51,8,35,95,131,33,41,76,5,44,50,120,21" hai2="2,73,123,134,55,54,16,122,56,28,53,60,19" hai3="105,72,97,40,45,11,12,9,116,119,47,102,83"/><V110/><F73/><W98/><G11/><T128/><D118/><U18/><E131/><V106/><F106/><W127/><G98/><T42/><D128/><U57/><E76/><V135/><F2/><W37/><G127/><T67/><D124/><U25/><E120/><N who="2" m="46123" /><F28/><W126/><G47/><T81/><D108/><U114/><E114/><V65/><F110/><W36/><G36/><T88/><D103/><U94/><E94/><V24/><F24/><W132/><G132/><AGARI ba="2,1" hai="16,19,53,54,55,56,60,65,132,134,135" m="46123" machi="132" ten="40,3900,0" yaku="20,1,54,1" doraHai="22" who="2" fromWho="3" sc="270,0,330,0,240,55,150,-45" /><INIT seed="2,3,0,0,1,133" ten="270,330,295,105" oya="2" hai0="108,52,72,85,22,24,28,127,117,30,63,81,20" hai1="125,53,34,37,90,107,35,93,1,12,2,11,48" hai2="104,119,45,49,70,62,44,7,124,59,78,121,105" hai3="116,89,106,112,3,135,31,83,111,13,74,47,100"/><V38/><F121/><W60/><G3/><T91/><D117/><U5/><E125/><V66/><F124/><W23/><G116/><T43/><D127/><U68/><E68/><V110/><F119/><W96/><G111/><T40/><D108/><U97/><E37/><V115/><F110/><W102/><G135/><T134/><D134/><U132/><E132/><V82/><F115/><W10/><G112/><T9/><D72/><U15/><E15/><V19/><F70/><W98/><G47/><T73/><D73/><U6/><E107/><V14/><F38/><W33/><G33/><T32/><D32/><U88/><E12/><V65/><F65/><W101/><G60/><T16/><D9/><U109/><E109/><V8/><F19/><W57/><G57/><N who="0" m="35239" /><D30/><U4/><E11/><V99/><F99/><W95/><G31/><T122/><D122/><U27/><E34/><V79/><F45/><W131/><G23/><T114/><D114/><U80/><E35/><V120/><F79/><N who="3" m="44535" /><G13/><AGARI ba="3,0" hai="13,16,20,22,24,28,40,43,81,85,91" m="35239" machi="13" ten="30,3900,0" yaku="8,1,54,2" doraHai="133" who="0" fromWho="3" sc="270,48,330,0,295,0,105,-48" /><INIT seed="3,0,0,1,1,14" ten="318,330,295,57" oya="3" hai0="128,109,8,82,43,134,64,11,111,106,24,100,90" hai1="18,119,94,104,37,125,97,2,96,57,52,83,118" hai2="15,1,108,50,67,66,81,74,23,17,105,102,86" hai3="56,12,30,49,0,122,84,26,101,46,89,95,41"/><W99/><G122/><T121/><D121/><U117/><E125/><V103/><F74/><W63/><G0/><T80/><D128/><U55/><E37/><V28/><F108/><N who="0" m="41546" /><D134/><U116/><E2/><V40/><F105/><W60/><G12/><T91/><D43/><U58/><E119/><V54/><F1/><W131/><G131/><T126/><D126/><U68/><E68/><V47/><F28/><W33/><REACH who="3" step="1"/><G56/><REACH who="3" ten="318,330,295,47" step="2"/><T69/><D69/><U7/><E57/><V78/><REACH who="2" step="1"/><F40/><REACH who="2" ten="318,330,285,47" step="2"/><W113/><G113/><T112/><D112/><U98/><E118/><V135/><F135/><W10/><G10/><T115/><D11/><U27/><E117/><V124/><F124/><W29/><G29/><T9/><D8/><U36/><E116/><V19/><F19/><W88/><G88/><T6/><D9/><U34/><E18/><V13/><F13/><W44/><G44/><T39/><D6/><U77/><E7/><V71/><F71/><W132/><G132/><T48/><D91/><U120/><E120/><V70/><F70/><W129/><G129/><T22/><D90/><U73/><E58/><V51/><F51/><W75/><G75/><T38/><D48/><U4/><E73/><V62/><F62/><W123/><G123/><T114/><D115/><U61/><E4/><V45/><F45/><W92/><AGARI ba="0,2" hai="26,30,33,41,46,49,60,63,84,89,92,95,99,101" machi="92" ten="20,7800,0" yaku="1,1,0,1,7,1,53,1" doraHai="14" doraHaiUra="20" who="3" fromWho="3" sc="318,-26,330,-26,285,-26,47,98" /><INIT seed="3,1,0,1,5,123" ten="292,304,259,145" oya="3" hai0="33,118,108,124,48,28,67,106,126,49,112,102,99" hai1="94,38,119,83,84,79,56,18,32,2,19,69,73" hai2="85,0,127,89,64,97,66,54,88,117,39,87,53" hai3="125,8,122,98,23,10,1,92,7,100,74,115,121"/><W12/><G74/><T44/><D118/><U20/><E69/><V11/><F117/><W15/><G115/><T132/><D112/><U77/><E32/><V101/><F39/><W75/><G125/><N who="0" m="48235" /><D132/><U51/><E38/><V76/><F127/><W58/><G75/><T81/><D67/><U59/><E2/><V131/><F131/><W57/><G1/><T3/><D3/><U133/><E133/><V16/><F0/><W61/><G23/><T47/><D108/><U5/><E5/><V96/><F76/><W130/><G58/><T40/><D81/><U134/><E134/><V41/><F41/><W78/><G78/><T82/><D82/><U9/><E79/><V4/><F4/><W37/><G37/><N who="0" m="21519" /><D47/><U46/><E56/><V34/><F34/><W103/><G103/><T42/><D42/><U70/><E59/><V21/><F11/><W114/><G130/><T6/><D6/><U52/><E70/><V36/><F36/><W80/><G80/><T45/><D45/><U68/><E68/><V129/><F129/><W25/><G25/><AGARI ba="1,0" hai="25,28,33,48,49,99,102,106" m="21519,48235" machi="25" ten="30,1000,0" yaku="18,1" doraHai="123" who="0" fromWho="3" sc="292,13,304,0,259,0,145,-13" /><INIT seed="4,0,0,1,1,25" ten="305,304,259,132" oya="0" hai0="129,78,2,99,114,36,5,21,65,57,55,117,120" hai1="86,110,39,0,29,91,41,107,17,115,87,32,16" hai2="43,95,8,62,124,22,93,63,61,4,123,89,111" hai3="79,77,14,27,37,71,15,6,44,10,34,59,40"/><T28/><D117/><U19/><E107/><V45/><F123/><W94/><G71/><T85/><D120/><U88/><E110/><V42/><F111/><W49/><G34/><T50/><D36/><U11/><E39/><V135/><F124/><W109/><G109/><T125/><D114/><U82/><E41/><V106/><F106/><W56/><G15/><T92/><D125/><U38/><E38/><V58/><F135/><W96/><G37/><T64/><D129/><U112/><E0/><V66/><F22/><W31/><G77/><T13/><D2/><U121/><E121/><V118/><F118/><W97/><G79/><T132/><D132/><U69/><E69/><V18/><F18/><W3/><G3/><T7/><D85/><U122/><E122/><V103/><F103/><W101/><REACH who="3" step="1"/><G97/><REACH who="3" ten="305,304,259,122" step="2"/><T53/><D78/><U76/><E76/><V23/><F4/><W73/><G73/><T74/><D74/><U35/><E35/><V67/><F67/><W52/><G52/><T9/><D55/><U75/><E75/><V127/><F127/><W48/><G48/><T108/><D108/><U83/><E11/><V24/><F8/><W133/><G133/><T116/><D116/><U131/><E131/><V20/><F66/><W84/><G84/><T30/><D5/><U51/><E51/><V119/><F119/><W12/><G12/><T130/><D130/><U46/><E46/><V126/><F126/><W105/><G105/><T72/><D72/><U33/><E33/><V113/><F113/><N who="1" m="43593" /><E32/><V98/><F45/><W68/><G68/><T70/><D70/><RYUUKYOKU ba="0,1" sc="305,-15,304,15,259,-15,122,15" hai1="16,17,19,29,82,83,86,87,88,91" hai3="6,10,14,27,31,40,44,49,56,59,94,96,101" /><INIT seed="5,1,1,2,4,41" ten="290,319,244,137" oya="1" hai0="119,97,128,35,129,55,130,108,123,113,37,4,96" hai1="71,104,72,125,114,94,32,70,93,13,69,42,109" hai2="39,102,73,84,16,98,30,11,103,34,15,88,110" hai3="24,54,126,82,91,47,19,77,81,20,2,66,48"/><U59/><E114/><V79/><F39/><W25/><G126/><T134/><D113/><U68/><E104/><V10/><F110/><W44/><G2/><T101/><D108/><U89/><E109/><V131/><F131/><W22/><G66/><T95/><D134/><U76/><E71/><V28/><F34/><W132/><G132/><T107/><D35/><U46/><E32/><V85/><F103/><W7/><G7/><T45/><D119/><U27/><E27/><V51/><F51/><W121/><G121/><T1/><D123/><U62/><E125/><V100/><F100/><W26/><G77/><T124/><D124/><U56/><E76/><V14/><F73/><W23/><G19/><T80/><D80/><N who="3" m="30825" /><G91/><N who="0" m="55423" /><D4/><U0/><E0/><V117/><F117/><W49/><G54/><T18/><D18/><U21/><E72/><V57/><F57/><W8/><G8/><T40/><D1/><U83/><E59/><V64/><F64/><W86/><G86/><T53/><AGARI ba="1,1" hai="37,40,45,53,55,97,101,107,128,129,130" m="55423" machi="53" ten="40,2700,0" yaku="19,1,52,1" doraHai="41" who="0" fromWho="0" sc="290,40,319,-14,244,-8,137,-8" /><INIT seed="6,0,0,1,5,18" ten="330,305,236,129" oya="2" hai0="20,56,126,58,69,64,33,97,87,73,61,114,57" hai1="21,8,67,59,83,51,117,89,52,17,86,92,76" hai2="108,43,68,125,135,98,40,75,29,82,132,65,42" hai3="50,9,5,84,22,30,118,25,39,16,130,122,96"/><V79/><F125/><W60/><G118/><T102/><D73/><U74/><E117/><V34/><F108/><W88/><G122/><T44/><D33/><U112/><E112/><V94/><F135/><W53/><G39/><T45/><D126/><U35/><E35/><V123/><F123/><W77/><G130/><T103/><D114/><U24/><E8/><V134/><F134/><W6/><G60/><T104/><D102/><U110/><E110/><V78/><F78/><W91/><G77/><T90/><REACH who="0" step="1"/><D20/><REACH who="0" ten="320,305,236,129" step="2"/><U47/><REACH who="1" step="1"/><E67/><REACH who="1" ten="320,295,236,129" step="2"/><V93/><F132/><W26/><G30/><T36/><D36/><U10/><E10/><V11/><F34/><W131/><G131/><T121/><D121/><U99/><E99/><V48/><F65/><W72/><G96/><T55/><D55/><U15/><E15/><V37/><F98/><W124/><G124/><T41/><D41/><U70/><E70/><V3/><F43/><W4/><G26/><T63/><D63/><U71/><E71/><V80/><F42/><W113/><G113/><T66/><D66/><U115/><E115/><V116/><F68/><W54/><G53/><T23/><D23/><U81/><E81/><AGARI ba="0,2" hai="44,45,56,57,58,61,64,69,81,87,90,97,103,104" machi="81" ten="40,1300,0" yaku="1,1,53,0" doraHai="18" doraHaiUra="49" who="0" fromWho="1" sc="320,33,295,-13,236,0,129,0" /><INIT seed="7,0,0,3,5,37" ten="353,282,236,129" oya="3" hai0="84,28,44,130,3,91,14,57,77,76,9,27,1" hai1="40,53,114,34,133,19,82,61,90,58,131,63,33" hai2="104,0,39,60,20,23,80,108,4,12,111,125,25" hai3="86,101,115,103,93,83,120,55,69,36,38,124,41"/><W116/><G120/><T47/><D130/><U11/><E131/><V97/><F125/><W72/><G116/><T70/><D70/><U59/><E114/><V102/><F39/><W74/><G115/><T118/><D118/><U127/><E127/><V31/><F80/><W132/><G124/><T98/><D98/><U99/><E133/><V129/><F129/><W22/><G132/><T56/><D3/><U62/><E40/><V78/><F78/><N who="0" m="30314" /><D1/><U21/><E61/><V46/><F46/><N who="0" m="17450" /><D27/><U17/><E33/><V75/><F75/><W8/><G69/><T5/><D28/><U52/><E34/><V89/><F89/><W123/><G123/><T94/><AGARI ba="0,0" hai="5,9,14,56,57,84,91,94" m="17450,30314" machi="94" ten="30,1100,0" yaku="8,1" doraHai="37" who="0" fromWho="0" sc="353,11,282,-3,236,-3,129,-5" owari="364,47.0,279,8.0,233,-17.0,124,-38.0" /></mjloggm>