<mjloggm ver="2.3"><GO type="41" lobby="0"/><UN n0="%E5%B0%B1%E6%B4%BB%E7%94%9F%40%E5%B7%9D%E6%9D%91%E8%BB%8D%E5%9B%A3" n1="%52%5A%45%5A%4E%49%4B" n2="%48%45%4E%52%59%31%34" n3="%E7%83%8F%E9%BE%8D%E8%8C%B6%28%E5%9B%BD%E7%94%A3%29" dan="15,14,13,16" rate="2012.29,1963.87,1882.22,2040.28" sx="M,M,M,M"/><TAIKYOKU oya="0"/><INIT seed="0,0,0,0,4,122" ten="250,250,250,250" oya="0" hai0="114,71,104,51,81,115,24,123,112,113,116,14,8" hai1="20,76,40,27,94,46,109,74,111,7,62,91,5" hai2="33,17,70,132,66,101,63,12,0,90,50,22,110" hai3="78,42,38,28,79,39,134,41,64,35,88,120,118"/><T16/><D123/><U99/><E76/><V58/><F0/><W106/><G120/><T44/><D116/><U108/><E74/><V95/><F33/><W97/><G118/><T60/><D104/><U127/><E62/><V98/><F132/><W49/><G134/><T130/><D130/><U25/><E127/><V13/><F70/><W124/><G35/><T65/><N who="0" m="29184" /><DORA hai="84" /><T77/><D24/><N who="1" m="9291" /><E20/><V80/><F110/><N who="1" m="28161" /><U30/><DORA hai="61" /><E30/><V26/><F50/><AGARI ba="0,0" hai="5,7,40,46,50,91,94,99" m="28161,9291" machi="50" ten="40,12000,2" yaku="14,1,52,5" doraHai="122,84,61" who="1" fromWho="2" sc="250,0,250,120,250,-120,250,0" /><INIT seed="1,0,0,1,0,27" ten="250,370,130,250" oya="1" hai0="135,75,8,109,43,91,129,19,15,86,3,50,121" hai1="130,28,0,122,32,36,120,119,126,4,42,89,67" hai2="102,51,85,73,108,30,65,84,25,97,6,134,21" hai3="61,16,63,118,131,39,34,35,14,87,40,113,64"/><U45/><E119/><V124/><F73/><W82/><G113/><T103/><D75/><U23/><E126/><V115/><F115/><W99/><G131/><T10/><D121/><U47/><E130/><V93/><F124/><W132/><G118/><T72/><D72/><U11/><E89/><V133/><F108/><W29/><G132/><N who="2" m="50793" /><F6/><W58/><G99/><T83/><D109/><U20/><E20/><V53/><F65/><W1/><G1/><T22/><D135/><U66/><E23/><V56/><AGARI ba="0,0" hai="21,25,30,51,53,56,84,85,93,97,102" m="50793" machi="56" ten="30,2000,0" yaku="20,1,52,1" doraHai="27" who="2" fromWho="2" sc="250,-5,370,-10,130,20,250,-5" /><INIT seed="2,0,0,2,0,94" ten="245,360,150,245" oya="2" hai0="46,63,40,69,31,56,133,9,103,49,79,88,76" hai1="101,45,19,61,84,23,102,6,13,48,126,70,43" hai2="132,90,28,33,129,32,7,20,58,96,17,51,50" hai3="131,29,12,15,125,111,77,30,1,54,14,55,121"/><V64/><F129/><W41/><G121/><T52/><D133/><U89/><E126/><V109/><F7/><W95/><G125/><T122/><D122/><U78/><E78/><V123/><F132/><W59/><G1/><T113/><D113/><U44/><E6/><V26/><F123/><W66/><G131/><T3/><D103/><U11/><E23/><V97/><F33/><W68/><G68/><T62/><D31/><U93/><E70/><V106/><F106/><W75/><G41/><T115/><D115/><U21/><E61/><V8/><F8/><W120/><G120/><T86/><D3/><U99/><E45/><V108/><F90/><W130/><G130/><T92/><D9/><U24/><E84/><V16/><F17/><W67/><G75/><T42/><REACH who="0" step="1"/><D40/><REACH who="0" ten="235,360,150,245" step="2"/><U36/><E101/><V53/><F64/><AGARI ba="0,1" hai="42,46,49,52,56,62,63,64,69,76,79,86,88,92" machi="64" ten="40,8000,1" yaku="1,1,2,1,54,2,53,0" doraHai="94" doraHaiUra="2" who="0" fromWho="2" sc="235,90,360,0,150,-80,245,0" /><INIT seed="3,0,0,2,5,60" ten="325,360,70,245" oya="3" hai0="93,115,117,92,51,43,128,100,8,111,30,65,121" hai1="23,47,0,2,79,123,16,77,74,72,104,125,40" hai2="107,4,7,88,131,29,122,25,5,17,75,124,22" hai3="108,42,101,33,26,94,34,54,68,85,71,56,76"/><W78/><G42/><T105/><D121/><U49/><E123/><V19/><F75/><W9/><G108/><T32/><D117/><U87/><E104/><V46/><F122/><W11/><G101/><T37/><D37/><U80/><E125/><V6/><F107/><W89/><G68/><T14/><D115/><U86/><E72/><V24/><F124/><W132/><G71/><T106/><D128/><U36/><E74/><V84/><F46/><W69/><G69/><T53/><D111/><U1/><E36/><V27/><F131/><W135/><G78/><T113/><D113/><U90/><REACH who="1" step="1"/><E86/><REACH who="1" ten="325,350,70,245" step="2"/><V118/><F118/><W98/><G135/><T59/><D106/><U15/><AGARI ba="0,1" hai="0,1,2,15,16,23,40,47,49,77,79,80,87,90" machi="15" ten="30,7900,0" yaku="1,1,2,1,0,1,54,1,53,0" doraHai="60" doraHaiUra="31" who="1" fromWho="1" sc="325,-20,350,89,70,-20,245,-39" /><INIT seed="4,0,0,0,0,19" ten="305,439,50,206" oya="0" hai0="97,26,27,32,84,3,37,60,42,67,50,16,15" hai1="53,134,131,58,74,56,52,33,119,63,31,98,69" hai2="135,75,109,120,65,17,38,124,29,9,87,18,112" hai3="72,59,94,5,101,45,78,21,6,48,8,13,128"/><T2/><D37/><U129/><E119/><V107/><F9/><W39/><G128/><N who="1" m="49226" /><E74/><V95/><F29/><W11/><G72/><T126/><D126/><U130/><E130/><V90/><F75/><W57/><G78/><T122/><D122/><U132/><E69/><V30/><F38/><W100/><G39/><T24/><D32/><U110/><E98/><V71/><F30/><W125/><G125/><T83/><D97/><U20/><E33/><V43/><F124/><W111/><G111/><T41/><D2/><U85/><E85/><V86/><F71/><W68/><G68/><T88/><D3/><U81/><E81/><V51/><F120/><W103/><G94/><T66/><D50/><N who="1" m="30743" /><E110/><V123/><F109/><W118/><G118/><T80/><D80/><U54/><E54/><V34/><F123/><W108/><G108/><T116/><D116/><U73/><E73/><V77/><F112/><W79/><G79/><T28/><D28/><U0/><E0/><V76/><F77/><W7/><G45/><T105/><D105/><U70/><E70/><V40/><F76/><W62/><G48/><T4/><D4/><U25/><AGARI ba="0,0" hai="20,25,31,53,58,63,132,134" m="30743,49226" machi="25" ten="30,4000,0" yaku="19,1,52,1,54,1" doraHai="19" who="1" fromWho="1" sc="305,-20,439,40,50,-10,206,-10" /><INIT seed="5,0,0,3,4,53" ten="285,479,40,196" oya="1" hai0="59,94,114,81,100,118,120,108,80,90,55,122,125" hai1="8,74,20,27,12,13,18,106,131,64,9,98,69" hai2="30,48,107,40,28,51,44,77,52,38,10,6,57" hai3="39,34,15,50,82,104,123,62,119,68,126,24,132"/><U23/><E74/><V35/><F107/><W31/><G39/><T115/><D108/><U56/><E69/><V103/><F103/><W102/><G123/><N who="0" m="47147" /><D118/><U66/><E131/><V97/><F97/><W113/><G119/><T93/><D125/><U7/><E106/><V96/><F96/><W116/><G116/><T32/><D32/><U71/><E71/><V1/><F77/><W121/><G121/><T134/><D134/><U95/><E23/><V49/><F35/><W70/><G132/><T130/><D130/><U5/><REACH who="1" step="1"/><E56/><REACH who="1" ten="285,469,40,196" step="2"/><V91/><REACH who="2" step="1"/><F91/><AGARI ba="0,1" hai="5,7,8,9,12,13,18,20,27,64,66,91,95,98" machi="91" ten="30,12000,1" yaku="1,1,2,1,7,1,9,1,8,1,53,0" doraHai="53" doraHaiUra="83" who="1" fromWho="2" sc="285,0,469,130,40,-120,196,0" owari="285,9.0,599,69.0,-80,-58.0,196,-20.0" /></mjloggm>