<mjloggm ver="2.3"><GO type="169" lobby="0"/><UN n0="%61%69%73%79%6F" n1="%E3%83%A1%E3%82%AC%E3%83%B3%E3%83%86" n2="%E5%81%A5%E5%85%A8%E7%90%86%E7%B3%BB%E7%94%B7%E5%85%90" n3="%E3%82%A6%E3%83%AB%E3%83%88%E3%83%A9%E7%AB%8B%E7%9B%B4" dan="18,16,16,17" rate="2259.69,2060.73,2041.02,2150.40" sx="M,F,M,M"/><TAIKYOKU oya="0"/><INIT seed="0,0,0,5,0,100" ten="250,250,250,250" oya="0" hai0="42,43,90,45,77,12,5,46,62,118,70,104,88" hai1="8,111,9,41,38,126,67,22,85,76,108,55,74" hai2="95,64,105,80,13,7,61,24,28,57,116,107,15" hai3="117,31,19,78,129,58,81,4,17,93,54,10,97"/><T34/><D34/><U2/><E126/><V49/><F116/><W73/><G31/><T33/><D33/><U133/><E74/><V123/><F123/><W86/><G73/><T128/><D77/><U36/><E67/><V32/><F80/><W25/><G25/><T130/><D118/><U29/><E133/><V71/><F95/><W59/><G129/><T39/><D5/><N who="1" m="1079" /><E9/><V68/><F68/><W102/><G117/><T115/><D12/><U53/><E76/><V52/><REACH who="2" step="1"/><F7/><REACH who="2" ten="250,250,240,250" step="2"/><W35/><G35/><T122/><D122/><U23/><E111/><V131/><F131/><W14/><REACH who="3" step="1"/><G58/><REACH who="3" ten="250,250,240,240" step="2"/><T6/><D130/><U87/><E108/><V11/><F11/><W83/><G83/><T94/><D128/><U110/><E110/><V0/><F0/><W21/><G21/><T134/><D70/><U48/><E22/><V127/><F127/><W16/><G16/><T125/><D125/><U112/><E23/><V44/><F44/><W84/><G84/><T135/><D6/><U30/><E85/><V124/><F124/><W103/><G103/><T50/><D46/><U47/><E87/><V40/><F40/><W79/><G79/><T26/><D45/><U56/><E41/><V132/><F132/><W3/><G3/><T69/><D43/><U65/><E47/><V72/><F72/><W27/><G27/><T113/><D42/><U98/><E56/><V106/><AGARI ba="0,2" hai="13,15,24,28,32,49,52,57,61,64,71,105,106,107" machi="106" ten="30,12000,2" yaku="1,1,0,1,52,3,54,1,53,0" doraHai="100" doraHaiUra="18" who="2" fromWho="2" sc="250,-60,250,-30,240,140,240,-30" /><INIT seed="1,0,0,3,4,4" ten="190,220,380,210" oya="1" hai0="88,100,96,107,98,113,92,16,99,47,67,87,21" hai1="101,24,111,51,71,37,33,97,129,132,95,12,125" hai2="60,40,103,127,91,11,85,70,78,89,82,135,31" hai3="73,14,109,8,34,120,45,61,118,1,80,35,134"/><U94/><E37/><V42/><F127/><W26/><G120/><T5/><D113/><U19/><E125/><V90/><F135/><W119/><G61/><T93/><D5/><U58/><E71/><V43/><F103/><W59/><G59/><T41/><D67/><U57/><E132/><V66/><F31/><W50/><G134/><T83/><D107/><U76/><E129/><V104/><F104/><W112/><G1/><T102/><D98/><U18/><E76/><V65/><F65/><W77/><G112/><T116/><D116/><N who="3" m="44585" /><G26/><T72/><D72/><U123/><E123/><V30/><F30/><W79/><G79/><T20/><REACH who="0" step="1"/><D16/><REACH who="0" ten="180,220,380,210" step="2"/><U122/><E122/><V7/><F7/><N who="3" m="3359" /><G109/><T6/><D6/><U124/><E111/><V2/><F2/><W9/><G9/><T29/><D29/><U0/><E124/><V115/><F115/><W55/><AGARI ba="0,1" hai="34,35,45,50,55,73,77,80" m="3359,44585" machi="55" ten="30,2000,0" yaku="12,1,52,1" doraHai="4" who="3" fromWho="3" sc="180,-5,220,-10,380,-5,210,30" /><INIT seed="2,0,0,5,3,15" ten="175,210,375,240" oya="2" hai0="93,6,76,49,54,78,51,117,85,111,70,73,57" hai1="30,27,119,86,90,32,59,114,74,40,75,42,88" hai2="112,116,55,38,4,41,67,115,14,126,72,107,77" hai3="110,104,12,22,84,98,35,0,13,68,131,122,128"/><V69/><F55/><W25/><G68/><T97/><D70/><U129/><E114/><V94/><F94/><W80/><G35/><T79/><D73/><U31/><E119/><V89/><F89/><W29/><G0/><T61/><D117/><U48/><E129/><N who="3" m="49738" /><G110/><T28/><D111/><U58/><E31/><V100/><F14/><W81/><G81/><T113/><D113/><U106/><E106/><V33/><F4/><W36/><G36/><T56/><D28/><U18/><E90/><V3/><F3/><W108/><G108/><T37/><D37/><U26/><E75/><V96/><F33/><W102/><G122/><T23/><D6/><U118/><E74/><V43/><F126/><W11/><G11/><T1/><D1/><U82/><E118/><V135/><F43/><W103/><G103/><T121/><D121/><U125/><E125/><V66/><F116/><W2/><G2/><T132/><D132/><U101/><E101/><V47/><F135/><W87/><G87/><T44/><D23/><N who="1" m="15743" /><E48/><V21/><F67/><W50/><G50/><T120/><D120/><U7/><E7/><V95/><F66/><W62/><G62/><T83/><D51/><U10/><E32/><V109/><F109/><W71/><G71/><T124/><D124/><U16/><E10/><V133/><F69/><W8/><G8/><T17/><D57/><N who="1" m="21515" /><E26/><V53/><F115/><W60/><G60/><T91/><REACH who="0" step="1"/><D17/><AGARI ba="0,0" hai="16,17,18,40,42,82,86,88" m="21515,15743" machi="17" ten="30,12000,2" yaku="8,1,52,3,54,2" doraHai="15" who="1" fromWho="0" sc="175,-120,210,120,375,0,240,0" /><INIT seed="3,0,0,1,4,28" ten="55,330,375,240" oya="3" hai0="97,44,76,91,105,48,127,65,71,24,46,70,100" hai1="96,108,107,90,72,36,98,39,53,69,0,26,14" hai2="18,4,86,32,51,41,61,5,129,79,133,101,118" hai3="104,63,113,8,117,93,125,56,64,85,78,62,82"/><W121/><G104/><T54/><D127/><U15/><E0/><V35/><F118/><W34/><G121/><T60/><D71/><U116/><E116/><V114/><F114/><W29/><G113/><T80/><D91/><U75/><E108/><V111/><F111/><W40/><G117/><T37/><D37/><U95/><E69/><V99/><F61/><W43/><G43/><T123/><D123/><U17/><E75/><V67/><F67/><W120/><G120/><T21/><D48/><U11/><E72/><V52/><F41/><W81/><G125/><T134/><D134/><U88/><E26/><V87/><F133/><W135/><G135/><T83/><D83/><U122/><E122/><V103/><F103/><W16/><G40/><T42/><D54/><U23/><E53/><V130/><F18/><W45/><G45/><T19/><REACH who="0" step="1"/><D42/><REACH who="0" ten="45,330,375,240" step="2"/><U12/><E39/><V33/><F51/><W132/><G132/><T102/><D102/><U20/><E36/><V112/><F52/><W124/><G124/><T2/><D2/><U1/><E1/><V109/><F109/><W3/><G82/><T25/><D25/><U49/><E49/><V57/><F112/><W58/><G3/><T22/><D22/><U106/><E23/><V7/><F101/><W92/><G62/><T30/><D30/><U50/><E50/><V9/><F57/><W119/><G58/><T94/><D94/><U128/><E20/><V55/><F55/><W115/><G115/><T74/><AGARI ba="0,1" hai="19,21,24,44,46,60,65,70,74,76,80,97,100,105" machi="74" ten="20,5200,0" yaku="1,1,0,1,7,1,53,1" doraHai="28" doraHaiUra="13" who="0" fromWho="0" sc="45,62,330,-13,375,-13,240,-26" /><INIT seed="4,0,0,5,0,122" ten="107,317,362,214" oya="0" hai0="104,100,90,101,66,76,83,29,75,73,59,126,37" hai1="53,21,79,32,17,118,6,43,15,125,24,135,38" hai2="3,86,31,96,68,57,28,16,88,54,50,117,56" hai3="30,10,107,26,80,61,112,45,111,65,39,85,105"/><T121/><D37/><U103/><E118/><V132/><F68/><W99/><G10/><T127/><D29/><U36/><E103/><N who="0" m="39497" /><D66/><U119/><E119/><V114/><F132/><W95/><G45/><T120/><D59/><U7/><E79/><V35/><F114/><W109/><G39/><T87/><D104/><U71/><E71/><V23/><F3/><W70/><G112/><T44/><D44/><U19/><E135/><V63/><F96/><W110/><G99/><T25/><D25/><U115/><E53/><N who="2" m="31799" /><F35/><W12/><G95/><N who="0" m="54751" /><D73/><U48/><E115/><V18/><F117/><W134/><G12/><T42/><D42/><U108/><E108/><V52/><F54/><W2/><G2/><T58/><D58/><U33/><E38/><V14/><F18/><W27/><G134/><T69/><D69/><U116/><E36/><V94/><AGARI ba="0,0" hai="14,16,23,28,31,52,57,63,86,88,94" m="31799" machi="94" ten="30,8000,1" yaku="25,1,8,1,54,3" doraHai="122" who="2" fromWho="2" sc="107,-40,317,-20,362,80,214,-20" /><INIT seed="5,0,0,4,4,131" ten="67,297,442,194" oya="1" hai0="104,37,130,68,2,69,79,71,88,59,58,120,61" hai1="22,134,40,102,33,78,31,100,3,29,113,123,77" hai2="4,128,91,124,47,53,44,115,64,111,15,81,35" hai3="38,90,101,42,74,92,95,122,13,133,96,7,118"/><U27/><E123/><V23/><F111/><W57/><G74/><T83/><D104/><U65/><E3/><V62/><F35/><W21/><G122/><T50/><D2/><U51/><E113/><V87/><F128/><W17/><G7/><T93/><D120/><U0/><E0/><V25/><F124/><W119/><G42/><T106/><D106/><U107/><E65/><V43/><F53/><W121/><G38/><T46/><D130/><U73/><E107/><V18/><F43/><W9/><G9/><T112/><D112/><U34/><E22/><V126/><F126/><W116/><G57/><T1/><D1/><U84/><E40/><V125/><F125/><W89/><G121/><T82/><D37/><U94/><E51/><V108/><F108/><W66/><G66/><T135/><D135/><U54/><E54/><V30/><F115/><W117/><G117/><T129/><D129/><U24/><E94/><V14/><F4/><W48/><G48/><T76/><D71/><U63/><E63/><V55/><F55/><W86/><G101/><T41/><D69/><U110/><E110/><V20/><F14/><W11/><G11/><T32/><D32/><U36/><E36/><V5/><F5/><W6/><G6/><T56/><D68/><AGARI ba="0,0" hai="15,18,20,23,25,30,44,47,62,64,68,81,87,91" machi="68" ten="30,1000,0" yaku="7,1" doraHai="131" who="2" fromWho="0" sc="67,-10,297,0,442,10,194,0" /><INIT seed="6,0,0,0,5,2" ten="57,297,452,194" oya="2" hai0="115,86,87,82,81,11,126,56,78,76,12,18,51" hai1="16,85,91,34,40,7,132,47,125,79,70,135,72" hai2="42,60,116,99,122,71,114,31,98,15,131,120,133" hai3="119,113,45,68,48,9,83,74,53,52,96,104,30"/><V111/><F42/><W19/><G68/><T17/><D115/><U32/><E70/><V73/><F71/><W22/><G119/><T5/><D126/><U75/><E125/><V25/><F60/><W35/><G35/><T23/><D56/><U77/><E7/><V36/><F15/><W55/><G113/><T28/><D28/><U95/><E77/><V130/><F36/><W69/><G69/><T0/><D0/><U1/><E1/><V105/><F31/><W88/><G74/><N who="1" m="28202" /><E16/><V109/><F25/><N who="3" m="16695" /><G104/><T44/><REACH who="0" step="1"/><D23/><REACH who="0" ten="47,297,452,194" step="2"/><U108/><E108/><V49/><F114/><W54/><G96/><T127/><D127/><U50/><E32/><V92/><F99/><W101/><G101/><T20/><D20/><U6/><E34/><V102/><F98/><W61/><G61/><T59/><D59/><U24/><E132/><V66/><F102/><W97/><G97/><T67/><D67/><U14/><E135/><V62/><F66/><W117/><G117/><T38/><D38/><U29/><E29/><V8/><F116/><W3/><G3/><T93/><D93/><U27/><E95/><V64/><F92/><W37/><G37/><T63/><D63/><U43/><E50/><V124/><F49/><W107/><G107/><T129/><D129/><U110/><E110/><V134/><F105/><W13/><G83/><T46/><D46/><U58/><E47/><V84/><F124/><W118/><G118/><T128/><D128/><U41/><E58/><V65/><F130/><W33/><G33/><T121/><D121/><U89/><E27/><V103/><F133/><RYUUKYOKU ba="0,1" sc="47,15,297,-15,452,-15,194,15" hai0="5,11,12,17,18,44,51,76,78,81,82,86,87" hai3="9,13,19,45,48,52,53,54,55,88" /><INIT seed="7,1,1,5,0,16" ten="62,282,437,209" oya="3" hai0="39,80,114,97,132,92,91,108,28,5,68,134,25" hai1="115,9,85,112,6,86,125,89,61,105,119,42,104" hai2="126,8,26,90,130,109,46,69,55,43,44,53,58" hai3="88,7,67,116,70,0,66,87,35,127,13,79,122"/><W47/><G35/><T133/><D68/><U83/><E125/><V41/><F69/><W135/><G0/><T2/><D39/><U56/><E42/><V93/><F109/><W99/><G127/><T34/><D2/><N who="1" m="215" /><E86/><V128/><F8/><N who="3" m="4255" /><G135/><T49/><D5/><U14/><E14/><V74/><F74/><W17/><G116/><T100/><D108/><U37/><E37/><N who="2" m="21551" /><F26/><W23/><G47/><T98/><D114/><N who="1" m="43563" /><E119/><V60/><F126/><W50/><G50/><T29/><D29/><U11/><E11/><V110/><F110/><W18/><G18/><T95/><D49/><U64/><AGARI ba="1,1" hai="56,61,64,83,85,89,104,105" m="43563,215" machi="64" ten="30,1100,0" yaku="15,1" doraHai="16" who="1" fromWho="1" sc="62,-4,282,24,437,-4,209,-6" owari="58,-44.0,306,11.0,433,53.0,203,-20.0" /></mjloggm>