<mjloggm ver="2.3"><GO type="97" lobby="0"/><UN n0="%E3%82%A8%E3%83%83%E3%83%95%E3%82%A7%E3%83%AB%E5%A1%94" n1="%E9%A2%A8%E4%B8%8A%E3%81%95%E3%82%84%E3%81%8B" n2="%E5%B0%B1%E6%B4%BB%E7%94%9F%40%E5%B7%9D%E6%9D%91%E8%BB%8D%E5%9B%A3" n3="%E2%97%86%E3%82%82%E3%81%86%E3%82%89%E2%97%86" dan="15,14,14,14" rate="2035.28,1930.47,1968.75,1945.99" sx="M,F,M,M"/><TAIKYOKU oya="0"/><INIT seed="0,0,0,1,1,118" ten="250,250,250,250" oya="0" hai0="80,87,23,113,133,111,22,56,132,104,44,30,45" hai1="1,86,130,0,63,131,31,10,11,49,85,74,51" hai2="28,27,64,2,82,108,125,128,107,70,39,50,34" hai3="127,47,46,8,54,114,48,17,13,37,67,77,98"/><T25/><D113/><U35/><E74/><V57/><F57/><W58/><G114/><T9/><D104/><U76/><E63/><N who="2" m="40223" /><F50/><N who="1" m="18953" /><E31/><V32/><F82/><W105/><G127/><T59/><D22/><U19/><E35/><N who="2" m="20895" /><F125/><W7/><G67/><T36/><D111/><U33/><E33/><V121/><F108/><W52/><G77/><T84/><D9/><N who="1" m="3083" /><E19/><V100/><F2/><N who="1" m="1129" /><E76/><V43/><F128/><AGARI ba="0,0" hai="85,86,128,130,131" m="1129,3083,18953" machi="128" ten="40,5200,0" yaku="28,2,19,1" doraHai="118" who="1" fromWho="2" sc="250,0,250,52,250,-52,250,0" /><INIT seed="1,0,0,5,0,3" ten="250,302,198,250" oya="1" hai0="81,72,98,85,100,41,8,95,64,36,46,65,39" hai1="34,53,47,30,75,29,19,126,74,123,55,27,35" hai2="106,54,114,44,113,17,80,38,60,133,43,16,42" hai3="59,33,79,103,51,56,62,45,12,121,31,2,125"/><U63/><E123/><V21/><F106/><W6/><G121/><T57/><D39/><U84/><E126/><V77/><F133/><W89/><G125/><T119/><D119/><U87/><E19/><V25/><F43/><W102/><G79/><T104/><D57/><U86/><E47/><V73/><REACH who="2" step="1"/><F17/><REACH who="2" ten="250,302,188,250" step="2"/><W49/><G62/><T9/><D104/><U107/><E107/><V111/><F111/><W24/><G45/><T109/><D109/><U48/><E63/><V124/><F124/><W15/><G2/><T105/><D105/><U66/><E30/><V69/><F69/><W0/><G0/><T134/><D134/><U90/><E29/><V116/><F116/><W7/><G31/><T120/><D120/><U37/><E34/><V122/><F122/><W13/><G33/><T26/><D46/><U52/><E35/><V32/><F32/><W61/><G61/><T68/><D68/><U96/><E37/><V132/><F132/><W99/><G56/><AGARI ba="0,1" hai="16,21,25,38,42,44,54,56,60,73,77,80,113,114" machi="56" ten="40,2600,0" yaku="1,1,54,1,53,0" doraHai="3" doraHaiUra="130" who="2" fromWho="3" sc="250,0,302,0,188,36,250,-26" /><INIT seed="2,0,0,3,5,56" ten="250,302,224,224" oya="2" hai0="36,51,30,96,67,49,29,42,35,44,66,76,18" hai1="130,45,31,6,5,95,13,111,73,79,71,110,88" hai2="24,112,0,102,23,109,126,34,113,133,22,82,7" hai3="43,125,91,21,81,20,47,10,90,25,120,69,122"/><V19/><F102/><W70/><G125/><T64/><D35/><U48/><E71/><V131/><F82/><W83/><G10/><T40/><D76/><U57/><E130/><V129/><F126/><W58/><G58/><T59/><D96/><U119/><E119/><V26/><F34/><W3/><G3/><T84/><D84/><U53/><E31/><N who="2" m="17815" /><F133/><W107/><G107/><T134/><D134/><U2/><E2/><V52/><F52/><W75/><G75/><T92/><D92/><U38/><E79/><V37/><F37/><W28/><G43/><T100/><D100/><U123/><E73/><V94/><F94/><W39/><G39/><T132/><D132/><U80/><E80/><V60/><F60/><W72/><G72/><T103/><D103/><U8/><E123/><V117/><F117/><W115/><G115/><N who="2" m="44105" /><F109/><N who="1" m="41481" /><E38/><V128/><F0/><W15/><G28/><T33/><D33/><U14/><E45/><V1/><F1/><W46/><REACH who="3" step="1"/><G15/><REACH who="3" ten="250,302,224,214" step="2"/><N who="1" m="5642" /><E8/><V116/><F116/><W65/><G65/><T99/><D30/><U63/><E48/><V105/><F105/><W78/><G78/><T93/><D36/><U55/><E55/><V11/><F11/><W121/><G121/><T89/><D42/><U50/><E50/><V32/><F32/><W98/><G98/><AGARI ba="0,1" hai="5,6,53,57,63,88,95,98" m="5642,41481" machi="98" ten="30,3900,0" yaku="14,1,52,1,54,1" doraHai="56" who="1" fromWho="3" sc="250,0,302,49,224,0,214,-39" /><INIT seed="3,0,0,1,5,45" ten="250,351,224,175" oya="3" hai0="3,26,7,58,4,20,113,8,35,49,100,134,56" hai1="31,41,53,109,6,110,120,87,112,82,1,39,42" hai2="96,117,114,131,13,34,70,122,125,108,126,33,36" hai3="17,12,93,79,128,124,92,54,10,44,102,99,107"/><W84/><G128/><T5/><D113/><U72/><E112/><V129/><F114/><W28/><G124/><N who="2" m="47721" /><F117/><W105/><G28/><T101/><D134/><U47/><E42/><V65/><F36/><W57/><G44/><T9/><D35/><N who="2" m="13322" /><F122/><W73/><G73/><T75/><D75/><U23/><E72/><V16/><F108/><W51/><REACH who="3" step="1"/><G93/><REACH who="3" ten="250,351,224,165" step="2"/><T30/><D30/><U14/><E31/><V115/><F115/><W15/><G15/><T98/><D3/><U86/><E1/><V24/><F24/><W22/><G22/><T80/><D20/><U60/><E23/><N who="2" m="11663" /><F96/><W18/><G18/><T97/><D26/><U21/><E21/><V37/><F37/><W94/><G94/><T74/><D74/><U2/><E2/><V132/><F132/><W25/><G25/><T83/><D7/><U76/><E110/><V67/><F70/><W0/><G0/><T64/><REACH who="0" step="1"/><D64/><AGARI ba="0,1" hai="64,65,67,129,131" m="11663,13322,47721" machi="64" ten="40,2600,0" yaku="18,1,54,1" doraHai="45" who="2" fromWho="0" sc="250,-26,351,0,224,36,165,0" owari="224,-18.0,351,45.0,260,6.0,165,-33.0" /></mjloggm>