<mjloggm ver="2.3"><GO type="41" lobby="0"/><UN n0="%E2%98%86%E5%BC%A5%E4%B8%83%E2%98%86" n1="%E5%B0%B1%E6%B4%BB%E7%94%9F%40%E5%B7%9D%E6%9D%91%E8%BB%8D%E5%9B%A3" n2="%35%38%38%34" n3="%E6%96%AC%E9%AC%BC%E9%83%8E" dan="16,14,14,13" rate="2009.07,1926.15,1833.88,1859.91" sx="M,M,M,M"/><TAIKYOKU oya="0"/><INIT seed="0,0,0,1,0,9" ten="250,250,250,250" oya="0" hai0="53,24,39,129,4,57,48,76,22,36,86,66,18" hai1="75,133,120,30,82,116,114,131,112,128,81,121,31" hai2="83,95,115,89,2,43,77,3,70,68,25,105,135" hai3="72,5,64,51,45,123,16,99,13,126,106,0,50"/><T35/><D129/><N who="1" m="49739" /><E75/><V1/><F105/><W54/><G72/><T107/><D107/><U124/><E116/><V33/><F43/><W37/><G64/><T14/><D66/><U6/><E6/><V87/><F115/><N who="1" m="44073" /><E133/><V27/><F135/><W12/><G0/><T108/><D108/><U97/><E97/><V71/><REACH who="2" step="1"/><F33/><REACH who="2" ten="250,250,240,250" step="2"/><W47/><G106/><T17/><D35/><U7/><E124/><V58/><F58/><W113/><G126/><T59/><D57/><U110/><E110/><V93/><F93/><W73/><G113/><T46/><D39/><U88/><E7/><V56/><F56/><W15/><G37/><T67/><D4/><U90/><E121/><V52/><F52/><N who="3" m="29775" /><G123/><T38/><D59/><U130/><E120/><V8/><F8/><N who="3" m="6247" /><G5/><T62/><D67/><U21/><E130/><V103/><F103/><W28/><G73/><AGARI ba="0,1" hai="1,2,3,25,27,68,70,71,73,77,83,87,89,95" machi="73" ten="50,1600,0" yaku="1,1,53,0" doraHai="9" doraHaiUra="60" who="2" fromWho="3" sc="250,0,250,0,240,26,250,-16" /><INIT seed="1,0,0,2,0,34" ten="250,250,266,234" oya="1" hai0="124,53,134,118,70,40,112,1,93,87,131,59,15" hai1="66,17,11,129,49,21,79,88,109,123,116,57,46" hai2="110,81,127,76,98,122,44,38,96,102,90,103,47" hai3="35,75,114,78,33,133,52,42,18,71,126,67,111"/><U24/><E116/><V65/><F65/><W95/><G114/><T2/><D112/><U74/><E123/><V6/><F6/><W85/><G133/><T23/><D118/><U50/><E129/><V61/><F61/><W16/><G126/><T27/><D70/><U32/><E109/><V106/><F38/><W64/><G111/><T80/><D124/><U0/><E74/><V22/><F22/><W83/><G42/><T82/><D131/><U99/><E79/><V19/><F19/><W100/><G71/><T84/><D134/><U29/><E66/><V5/><F5/><W25/><G18/><T14/><D93/><N who="1" m="56743" /><E57/><V36/><F36/><W45/><G35/><T91/><D40/><U117/><E117/><V62/><F62/><W130/><G130/><T97/><D97/><U55/><E0/><V72/><F127/><W68/><G68/><T107/><D107/><U89/><E32/><V48/><F122/><W121/><G121/><T73/><D73/><U41/><E89/><V86/><F110/><W7/><G7/><T20/><D91/><U43/><E49/><V101/><F48/><N who="3" m="28687" /><G75/><T113/><D113/><U132/><E132/><V105/><F103/><W108/><G108/><T58/><D53/><U119/><E119/><V104/><REACH who="2" step="1"/><F105/><REACH who="2" ten="250,250,256,234" step="2"/><W31/><G33/><T94/><REACH who="0" step="1"/><D94/><AGARI ba="0,1" hai="44,47,72,76,81,86,90,94,96,98,101,102,104,106" machi="94" ten="30,12000,2" yaku="1,1,2,1,7,1,9,1,24,2,53,0" doraHai="34" doraHaiUra="28" who="2" fromWho="0" sc="250,-120,250,0,256,130,234,0" /><INIT seed="2,0,0,4,0,19" ten="130,250,386,234" oya="2" hai0="55,10,119,95,14,99,24,1,80,83,41,101,23" hai1="3,63,126,26,35,62,129,121,48,130,122,128,4" hai2="65,31,87,54,15,8,47,127,131,66,100,111,37" hai3="56,98,93,102,49,72,90,97,134,107,29,104,44"/><V22/><F100/><W5/><G134/><T91/><D119/><U50/><E3/><V85/><F131/><W78/><G29/><T33/><D33/><U67/><E4/><V73/><F73/><W89/><G5/><T88/><D1/><U132/><E132/><V28/><F127/><W81/><G56/><T125/><D125/><U2/><E2/><V27/><F31/><W82/><G49/><N who="1" m="19050" /><E35/><V74/><F74/><W114/><G44/><T46/><D55/><U18/><E18/><V77/><F54/><W52/><G52/><T69/><D69/><N who="1" m="42231" /><E26/><V71/><F71/><W124/><G124/><T20/><D46/><U51/><N who="1" m="19058" /><U7/><DORA hai="16" /><E7/><V84/><F77/><W36/><G36/><T43/><D24/><U135/><E135/><V21/><F47/><W94/><G114/><T39/><D39/><U106/><E106/><V112/><F37/><W64/><G64/><T6/><D83/><U70/><E126/><V38/><F38/><W59/><G59/><T13/><D13/><U133/><E133/><V86/><F112/><W30/><G30/><T96/><D80/><U110/><E110/><V42/><F111/><W76/><G102/><T45/><D45/><U105/><E105/><V60/><F84/><AGARI ba="0,0" hai="72,76,78,81,82,84,89,90,93,94,97,98,104,107" machi="84" ten="30,16000,3" yaku="7,1,9,1,35,6" doraHai="19,16" who="3" fromWho="2" sc="130,0,250,0,386,-160,234,160" /><INIT seed="3,0,0,3,2,66" ten="130,250,226,394" oya="3" hai0="32,55,126,121,78,130,105,70,109,95,11,103,101" hai1="8,94,127,118,44,6,129,123,102,2,120,99,110" hai2="71,106,49,19,58,48,77,36,20,15,119,53,83" hai3="97,61,100,65,82,43,41,116,38,24,14,131,75"/><W117/><G131/><T96/><D121/><U34/><E129/><V93/><F36/><W122/><G122/><T9/><D130/><U92/><E34/><V90/><F106/><W35/><G43/><T124/><D32/><U98/><E110/><V12/><F119/><W76/><G14/><T79/><D109/><U115/><E115/><V113/><F113/><W46/><G24/><T27/><D27/><U133/><E118/><V51/><F71/><W111/><G35/><T84/><D55/><U112/><E112/><V59/><F15/><W68/><REACH who="3" step="1"/><G111/><REACH who="3" ten="130,250,226,384" step="2"/><T40/><D40/><U86/><E120/><V81/><F12/><W80/><G80/><T10/><D124/><U50/><E127/><V1/><F83/><W26/><G26/><T60/><D126/><U21/><E123/><V28/><F81/><W128/><G128/><T107/><D79/><U0/><E0/><V7/><F77/><W16/><G16/><T17/><D78/><U30/><E2/><V39/><F19/><W114/><G114/><T52/><D17/><U5/><E6/><V89/><F7/><W62/><G62/><T134/><D10/><U64/><E5/><V85/><F1/><W74/><G74/><T4/><D4/><U72/><E8/><V47/><F20/><W104/><AGARI ba="0,1" hai="38,41,46,61,65,68,75,76,82,97,100,104,116,117" machi="104" ten="20,18000,2" yaku="1,1,0,1,7,1,23,2,52,1,53,0" doraHai="66" doraHaiUra="132" who="3" fromWho="3" sc="130,-60,250,-60,226,-60,384,190" /><INIT seed="3,1,0,2,0,18" ten="70,190,166,574" oya="3" hai0="29,113,72,73,61,13,134,11,50,107,54,78,22" hai1="119,101,21,124,95,27,109,86,16,135,93,14,84" hai2="77,55,133,126,43,81,38,75,123,121,23,82,0" hai3="74,33,104,89,56,48,49,132,24,111,20,103,110"/><W41/><G74/><T59/><D134/><U35/><E109/><N who="3" m="41482" /><G132/><T8/><D107/><U9/><E124/><V40/><F126/><W80/><G33/><T118/><D118/><U52/><E135/><V47/><F0/><W131/><G131/><T99/><D113/><U129/><E35/><V46/><F55/><W112/><G112/><T68/><D99/><N who="1" m="59631" /><E129/><V76/><F133/><W4/><G4/><T65/><D78/><U26/><E26/><V60/><F60/><W98/><G56/><T116/><D116/><U96/><E52/><V45/><F45/><W62/><G62/><T88/><D8/><U42/><E42/><V70/><F70/><W6/><G6/><T34/><D34/><U64/><E64/><V79/><F79/><W122/><G41/><T15/><D15/><U117/><E117/><V53/><F53/><W71/><G71/><T87/><D11/><U5/><E119/><V30/><F30/><N who="3" m="17671" /><G122/><T130/><D130/><U91/><AGARI ba="1,0" hai="5,9,14,16,21,27,84,86,91,95,96" m="59631" machi="91" ten="30,4000,0" yaku="8,1,52,1,54,1" doraHai="18" who="1" fromWho="1" sc="70,-11,190,43,166,-11,574,-21" /><INIT seed="4,0,0,2,3,47" ten="59,233,155,553" oya="0" hai0="123,83,0,135,119,133,105,73,53,4,60,112,19" hai1="44,74,38,62,67,122,93,3,30,11,10,109,40" hai2="17,37,114,69,65,107,51,90,64,70,94,6,80" hai3="78,99,87,101,43,50,56,88,52,21,130,89,48"/><T100/><D123/><U5/><E109/><V118/><F37/><W46/><G130/><T124/><D119/><U117/><E122/><V97/><F107/><W91/><G21/><T24/><D112/><U34/><E117/><V27/><F6/><W9/><G9/><N who="0" m="2183" /><D124/><U42/><E42/><V110/><F110/><W59/><G78/><N who="0" m="44495" /><D19/><U18/><E74/><V25/><F114/><W113/><G113/><T35/><D60/><U92/><E34/><V22/><F80/><W95/><REACH who="3" step="1"/><G59/><REACH who="3" ten="59,233,155,543" step="2"/><T75/><D75/><U49/><E30/><V33/><F22/><W82/><AGARI ba="0,1" hai="43,46,48,50,52,56,82,87,88,89,91,95,99,101" machi="82" ten="20,16000,3" yaku="1,1,2,1,0,1,7,1,8,1,52,2,54,2,53,0" doraHai="47" doraHaiUra="13" who="3" fromWho="3" sc="59,-80,233,-40,155,-40,543,170" owari="-21,-52.0,193,-1.0,115,-28.0,713,81.0" /></mjloggm>