<mjloggm ver="2.3"><GO type="41" lobby="0"/><UN n0="%E5%A4%A9%E5%85%B5%E9%87%8E%E9%83%8E" n1="%54%41%4B%32%31" n2="%E5%B0%B1%E6%B4%BB%E7%94%9F%40%E5%B7%9D%E6%9D%91%E8%BB%8D%E5%9B%A3" n3="%42%69%67%74%68%65%E6%AD%A6%E9%81%93" dan="15,14,14,15" rate="1967.55,1862.42,1929.22,2072.19" sx="M,M,M,M"/><TAIKYOKU oya="0"/><INIT seed="0,0,0,2,5,76" ten="250,250,250,250" oya="0" hai0="1,51,95,115,93,61,31,43,13,97,36,111,14" hai1="34,4,11,37,83,47,50,5,23,84,62,89,54" hai2="42,9,74,99,25,35,130,66,131,120,45,80,82" hai3="113,0,94,48,123,86,24,3,64,27,46,17,18"/><T26/><D1/><U63/><E34/><V78/><F120/><W110/><G110/><T127/><D115/><U22/><E37/><V75/><F66/><W92/><G64/><T122/><D122/><U49/><E5/><V96/><F9/><W87/><G48/><T117/><D36/><U10/><E10/><V41/><F35/><W39/><G46/><T103/><D117/><U119/><E119/><V81/><F25/><W129/><G129/><N who="2" m="49161" /><F78/><W124/><G39/><T15/><D127/><U71/><E71/><V79/><F79/><W68/><G124/><T121/><D121/><U134/><E134/><V101/><F99/><W104/><G123/><T28/><D111/><U12/><E50/><N who="2" m="26927" /><F42/><W126/><G126/><T108/><D108/><U72/><E72/><V70/><F70/><W106/><REACH who="3" step="1"/><G68/><REACH who="3" ten="250,250,250,240" step="2"/><T128/><D128/><U40/><E63/><V52/><F52/><W58/><G58/><AGARI ba="0,1" hai="4,11,12,22,23,40,47,49,54,58,62,83,84,89" machi="58" ten="40,2600,0" yaku="8,1,52,1" doraHai="76" who="1" fromWho="3" sc="250,0,250,36,250,0,240,-26" /><INIT seed="1,0,0,4,2,108" ten="250,286,250,214" oya="1" hai0="33,25,93,88,123,113,56,65,34,70,15,29,24" hai1="28,91,5,68,57,62,92,51,84,126,55,38,130" hai2="83,37,86,21,101,63,17,32,22,128,109,114,41" hai3="95,79,60,85,115,64,43,14,39,129,46,134,19"/><U105/><E105/><V11/><F32/><W42/><G129/><T77/><D70/><U27/><E130/><V13/><F109/><W10/><G134/><T81/><D123/><U76/><E126/><V59/><F128/><W102/><G43/><T116/><D116/><U87/><E38/><V120/><F120/><W31/><G31/><T80/><D15/><U36/><E36/><V107/><F37/><W49/><G102/><T106/><D106/><U44/><E68/><V94/><F107/><W121/><G39/><T135/><D135/><U52/><E5/><V104/><F104/><W122/><G95/><T61/><D113/><U112/><E112/><V67/><F41/><W89/><G79/><T98/><D77/><U20/><E76/><V97/><REACH who="2" step="1"/><F114/><REACH who="2" ten="250,286,240,214" step="2"/><W26/><G115/><T110/><D110/><U127/><REACH who="1" step="1"/><E127/><REACH who="1" ten="250,276,240,214" step="2"/><V73/><F73/><W75/><G75/><T125/><D125/><U111/><E111/><V35/><F35/><W18/><G121/><T132/><D132/><U12/><E12/><V58/><F58/><W74/><G122/><T124/><D124/><U100/><E100/><V48/><F48/><W78/><G74/><T99/><D34/><U96/><AGARI ba="0,2" hai="20,27,28,44,51,52,55,57,62,84,87,91,92,96" machi="96" ten="20,18000,2" yaku="1,1,0,1,7,1,8,1,54,1,53,2" doraHai="108" doraHaiUra="50" who="1" fromWho="1" sc="250,-60,276,200,240,-60,214,-60" /><INIT seed="1,1,0,5,0,21" ten="190,476,180,154" oya="1" hai0="110,113,50,122,32,74,125,65,6,105,60,54,98" hai1="77,30,58,27,79,70,34,1,78,15,35,66,7" hai2="4,25,64,91,38,100,90,39,28,101,115,11,8" hai3="69,88,123,67,62,33,85,112,124,46,94,117,118"/><U81/><E70/><V106/><F115/><W102/><G124/><T128/><D113/><U14/><E35/><V44/><F64/><W76/><G123/><T119/><D119/><U116/><E116/><V127/><F127/><W111/><G112/><T47/><D74/><U45/><E45/><V121/><F121/><W18/><G111/><T61/><D110/><U129/><E129/><V42/><F38/><W107/><G33/><T23/><D32/><U104/><E104/><V55/><F55/><W82/><G46/><T87/><D128/><U53/><E66/><V31/><F31/><W59/><G59/><T49/><D125/><U57/><E57/><V52/><F52/><W51/><G51/><T41/><D6/><U63/><REACH who="1" step="1"/><E81/><REACH who="1" ten="190,466,180,154" step="2"/><V84/><F106/><W126/><G126/><T103/><D122/><U2/><E2/><V24/><F44/><W89/><G118/><T130/><D130/><U72/><E72/><V37/><F42/><W120/><G117/><T3/><D3/><U17/><E17/><V12/><F39/><W48/><G18/><T135/><D65/><U10/><AGARI ba="1,1" hai="1,7,10,14,15,27,30,34,53,58,63,77,78,79" machi="10" ten="30,6000,0" yaku="1,1,0,1,52,1,53,0" doraHai="21" doraHaiUra="131" who="1" fromWho="1" sc="190,-21,466,73,180,-21,154,-21" /><INIT seed="1,2,0,5,4,109" ten="169,539,159,133" oya="1" hai0="27,75,124,92,71,24,135,85,32,41,83,76,108" hai1="79,29,130,10,134,44,6,82,18,77,9,13,51" hai2="112,131,120,52,46,95,43,113,93,118,114,61,104" hai3="33,110,22,81,1,37,16,69,2,58,116,126,25"/><U122/><E122/><V86/><F120/><W26/><G69/><T60/><D108/><U31/><E134/><V106/><F118/><W74/><G110/><T98/><D135/><U55/><E130/><V84/><F131/><W101/><G126/><T70/><D124/><U105/><E105/><N who="2" m="40555" /><F61/><W103/><G37/><T78/><D41/><U87/><E79/><V15/><F15/><AGARI ba="2,0" hai="6,9,10,13,15,18,29,31,44,51,55,77,82,87" machi="15" ten="30,2900,0" yaku="7,1,8,1" doraHai="109" who="1" fromWho="2" sc="169,0,539,35,159,-35,133,0" /><INIT seed="1,3,0,2,1,47" ten="169,574,124,133" oya="1" hai0="10,83,52,34,130,108,25,113,90,26,13,48,32" hai1="70,103,65,93,19,12,2,107,109,106,110,102,39" hai2="46,95,73,133,115,94,17,127,24,0,71,38,53" hai3="43,22,81,7,64,14,105,62,116,37,35,89,5"/><U92/><E39/><V28/><F71/><W134/><G35/><T104/><D113/><U88/><E2/><V29/><F0/><W124/><G134/><T117/><D117/><U131/><E70/><V31/><F73/><W100/><G124/><T11/><D104/><N who="1" m="39979" /><E65/><V68/><F68/><W80/><G100/><N who="1" m="38442" /><E131/><V41/><F133/><W6/><G105/><T101/><D101/><U123/><E123/><V67/><F127/><W74/><G74/><T23/><D108/><N who="1" m="41579" /><E19/><V42/><F115/><W58/><G37/><T96/><D130/><U85/><E12/><V112/><F67/><W77/><G14/><T129/><D129/><U86/><E86/><V15/><F112/><W27/><G64/><T119/><D13/><U97/><E97/><V111/><F111/><W50/><G7/><T57/><D96/><U125/><E125/><V78/><F24/><W135/><G27/><T87/><D26/><U75/><E75/><V98/><F98/><W44/><G5/><T72/><D72/><U49/><E49/><N who="2" m="28855" /><F38/><W84/><G6/><T132/><D132/><U120/><E120/><V55/><F15/><W126/><G126/><T1/><D1/><U45/><E45/><V16/><F17/><W63/><G135/><T99/><D99/><U79/><E79/><V9/><F78/><W36/><G77/><T91/><D25/><U40/><E40/><N who="2" m="15467" /><F55/><W20/><G43/><T56/><D52/><U51/><E51/><V128/><F128/><W18/><G50/><T66/><D48/><U33/><E33/><V3/><F3/><W82/><G36/><T61/><D34/><RYUUKYOKU ba="3,0" sc="169,-15,574,15,124,15,133,-15" hai1="85,88,92,93" hai2="9,16,28,29,31,94,95" /><INIT seed="1,4,0,5,5,80" ten="154,589,139,118" oya="1" hai0="57,4,1,69,92,11,108,94,0,125,99,133,29" hai1="14,78,117,132,134,114,27,24,81,70,60,19,25" hai2="16,122,48,67,68,5,30,13,44,52,45,121,61" hai3="116,33,102,126,91,41,86,85,83,40,58,84,112"/><U39/><E117/><V49/><F5/><W32/><G112/><T135/><D108/><U59/><E114/><V131/><F30/><W109/><G109/><T129/><D69/><U113/><E113/><V74/><F74/><W71/><G71/><T28/><D125/><U38/><E70/><V90/><F90/><W34/><G83/><T72/><D72/><U106/><E106/><V101/><F101/><W82/><G82/><T55/><D129/><U119/><E119/><V43/><REACH who="2" step="1"/><F131/><REACH who="2" ten="154,589,129,118" step="2"/><W93/><G102/><T56/><D29/><U63/><E63/><V20/><AGARI ba="4,1" hai="13,16,20,43,44,45,48,49,52,61,67,68,121,122" machi="20" ten="20,12000,2" yaku="1,1,2,1,0,1,7,1,54,2,53,0" doraHai="80" doraHaiUra="3" who="2" fromWho="2" sc="154,-34,589,-64,129,142,118,-34" /><INIT seed="2,0,0,0,3,64" ten="120,525,271,84" oya="2" hai0="106,49,126,132,22,12,60,129,45,20,43,104,27" hai1="5,79,75,53,57,51,21,2,130,131,110,100,76" hai2="105,127,118,28,9,97,1,92,83,62,78,81,7" hai3="135,59,102,119,109,36,8,111,84,93,99,86,23"/><V18/><F118/><W0/><G36/><T25/><D126/><U29/><E110/><V44/><F105/><W13/><G119/><T56/><D129/><N who="1" m="49163" /><E100/><V91/><F127/><W42/><G42/><T50/><D132/><U124/><E124/><V73/><F28/><W41/><G41/><T85/><D12/><U82/><E79/><V47/><F81/><W77/><G135/><T87/><D43/><U123/><E123/><V40/><F62/><W58/><G0/><T26/><D60/><U17/><E29/><V3/><F18/><W88/><G23/><N who="0" m="8747" /><D56/><U95/><E95/><V114/><F114/><W38/><G38/><T69/><D45/><U11/><E21/><V133/><F133/><W14/><G14/><T31/><D69/><U63/><E17/><V71/><F44/><W103/><G103/><T65/><D65/><U4/><E4/><V113/><F113/><W70/><G70/><T128/><D128/><U54/><E51/><N who="0" m="19465" /><D31/><U116/><E116/><V10/><F10/><W122/><G122/><T37/><D37/><U125/><E125/><V101/><F1/><W90/><G77/><T15/><D15/><U107/><E107/><AGARI ba="0,0" hai="25,26,27,85,87,104,106,107" m="19465,8747" machi="107" ten="40,2600,0" yaku="28,2" doraHai="64" who="0" fromWho="1" sc="120,26,525,-26,271,0,84,0" /><INIT seed="3,0,0,4,0,31" ten="146,499,271,84" oya="3" hai0="51,90,71,41,29,89,108,40,110,27,135,50,99" hai1="102,80,81,35,36,64,17,6,92,120,5,62,88" hai2="111,20,46,101,113,18,8,78,26,91,96,67,126" hai3="129,68,97,0,94,13,33,122,65,53,73,19,28"/><W70/><G122/><T14/><D14/><U98/><E120/><V82/><F113/><W105/><G0/><T63/><D135/><U69/><E36/><V118/><F118/><W54/><G105/><T37/><D63/><U45/><E45/><V57/><F126/><W74/><G129/><T22/><D71/><U103/><E35/><V1/><F111/><N who="0" m="42538" /><D37/><U59/><E69/><V132/><F132/><W34/><G28/><T125/><D125/><U72/><E72/><V66/><F91/><N who="0" m="34826" /><D99/><U38/><E38/><V12/><F1/><W15/><G19/><T104/><D104/><U44/><E44/><V133/><F133/><W23/><G23/><T121/><D121/><U117/><E117/><V77/><F46/><W30/><G30/><T7/><D7/><N who="1" m="2571" /><E17/><V39/><F39/><W43/><G65/><T42/><AGARI ba="0,0" hai="22,27,29,40,41,42,50,51" m="34826,42538" machi="42" ten="40,1500,0" yaku="14,1" doraHai="31" who="0" fromWho="0" sc="146,15,499,-4,271,-4,84,-7" /><INIT seed="4,0,0,1,3,35" ten="161,495,267,77" oya="0" hai0="103,72,25,11,131,6,60,19,41,15,67,39,57" hai1="10,71,69,50,48,13,90,105,97,68,102,7,108" hai2="51,88,16,106,101,125,75,107,96,87,32,120,70" hai3="55,117,115,31,61,49,43,66,128,118,82,46,33"/><T111/><D72/><U22/><E108/><V84/><F120/><W8/><G115/><T24/><D131/><U121/><E121/><V133/><F70/><W85/><G128/><T28/><D111/><U100/><E100/><V52/><F32/><W113/><G31/><T5/><D103/><U18/><REACH who="1" step="1"/><E90/><REACH who="1" ten="161,485,267,77" step="2"/><V79/><F107/><W34/><G117/><T53/><D39/><U109/><E109/><V27/><F106/><W38/><G118/><T62/><D41/><U1/><AGARI ba="0,1" hai="1,7,10,13,18,22,48,50,68,69,71,97,102,105" machi="1" ten="30,12000,2" yaku="1,1,0,1,52,1,53,3" doraHai="35" doraHaiUra="64" who="1" fromWho="1" sc="161,-60,485,130,267,-30,77,-30" /><INIT seed="5,0,0,3,2,107" ten="101,615,237,47" oya="1" hai0="92,75,104,54,50,135,32,69,53,71,29,115,26" hai1="3,82,52,89,22,56,110,105,76,117,46,103,91" hai2="87,60,42,101,1,77,19,35,85,38,119,98,78" hai3="73,20,10,74,37,100,24,8,17,109,128,61,7"/><U39/><E117/><V134/><F35/><W72/><G109/><T44/><D104/><U84/><E110/><V63/><F1/><W62/><G37/><T6/><D115/><U12/><E3/><V27/><F119/><W88/><G100/><T68/><D135/><U93/><E39/><V123/><F123/><W129/><G88/><N who="1" m="33866" /><E105/><V41/><F134/><W15/><REACH who="3" step="1"/><G10/><REACH who="3" ten="101,615,237,37" step="2"/><T34/><D92/><U83/><E83/><V4/><F38/><W121/><G121/><T59/><D6/><U124/><E124/><V65/><F101/><W31/><G31/><T116/><D116/><U49/><E103/><V66/><F4/><W43/><G43/><T21/><REACH who="0" step="1"/><D75/><REACH who="0" ten="91,615,237,37" step="2"/><U86/><E93/><V90/><F85/><W97/><G97/><T14/><D14/><U0/><E0/><V36/><F98/><W33/><G33/><T130/><D130/><AGARI ba="0,2" hai="7,8,15,17,20,24,61,62,72,73,74,128,129,130" machi="130" ten="50,8000,1" yaku="1,1,19,1,52,3,53,0" doraHai="107" doraHaiUra="112" who="3" fromWho="0" sc="91,-80,615,0,237,0,37,100" /><INIT seed="6,0,0,4,3,104" ten="11,615,237,137" oya="2" hai0="61,93,130,86,63,68,70,110,62,29,105,131,118" hai1="67,106,78,127,52,119,83,8,92,41,133,46,53" hai2="96,6,121,39,99,17,33,37,57,48,107,45,19" hai3="113,72,75,9,98,15,112,30,120,124,80,108,126"/><V28/><F121/><W25/><G108/><T51/><D105/><U94/><E106/><V13/><F39/><W49/><G120/><T74/><D74/><N who="3" m="28201" /><G80/><T117/><D29/><U14/><E119/><N who="0" m="45577" /><D110/><U64/><E133/><V116/><F37/><W24/><G49/><T26/><D26/><N who="3" m="10345" /><G98/><T2/><D2/><U47/><E127/><N who="3" m="48682" /><G30/><T97/><D86/><N who="1" m="48503" /><E41/><V135/><F28/><W44/><G44/><N who="1" m="16938" /><E67/><V102/><F99/><W43/><G43/><T42/><D97/><U34/><E34/><V60/><F116/><W22/><G22/><T77/><D77/><U50/><E64/><V27/><F48/><W5/><AGARI ba="0,0" hai="5,9,15,112,113" m="48682,10345,28201" machi="5" ten="40,8000,1" yaku="18,1,52,3" doraHai="104" who="3" fromWho="3" sc="11,-20,615,-20,237,-40,137,80" owari="-9,-51.0,595,69.0,197,-20.0,217,2.0" /></mjloggm>