<mjloggm ver="2.3"><GO type="169" lobby="0"/><UN n0="%68%61%79%61%74%6F%E2%98%86" n1="%E8%B6%85%E4%BA%BA%EF%BC%AD" n2="%E5%B0%B1%E6%B4%BB%E7%94%9F%40%E5%B7%9D%E6%9D%91%E8%BB%8D%E5%9B%A3" n3="%E3%81%B5%E3%81%8A%E3%82%93%E3%83%BB%E3%82%B6%E3%83%BB%E5%A4%96%E9%81%93" dan="16,16,17,17" rate="2076.85,2144.01,2165.40,2059.23" sx="M,M,M,F"/><TAIKYOKU oya="0"/><INIT seed="0,0,0,4,4,107" ten="250,250,250,250" oya="0" hai0="45,72,44,126,125,82,70,124,74,16,102,36,132" hai1="52,118,41,6,62,122,21,9,127,24,69,55,80" hai2="135,103,83,110,68,30,87,119,2,13,50,121,27" hai3="133,106,101,47,88,99,116,134,31,114,34,65,49"/><T92/><D70/><U97/><E122/><V42/><F2/><W19/><G116/><T58/><D132/><U109/><E118/><V96/><F68/><W86/><G114/><T112/><D112/><U115/><E115/><V104/><F119/><W23/><G65/><T108/><D108/><U63/><E41/><V91/><F110/><W3/><G3/><T26/><D58/><U78/><E97/><V56/><F121/><W113/><G113/><T18/><D82/><U32/><E32/><V73/><F135/><W25/><G34/><T90/><D102/><U67/><E63/><V12/><F73/><N who="0" m="28266" /><D26/><U28/><E109/><V100/><F100/><W54/><REACH who="3" step="1"/><G31/><REACH who="3" ten="250,250,250,240" step="2"/><T46/><D36/><U37/><E37/><V79/><F30/><W1/><G1/><T105/><D105/><U89/><E67/><V111/><F104/><W35/><G35/><T29/><D29/><U57/><E28/><V76/><F111/><W0/><G0/><T98/><AGARI ba="0,1" hai="16,18,44,45,46,90,92,98,124,125,126" m="28266" machi="98" ten="40,12000,1" yaku="18,1,52,3,54,1" doraHai="107" who="0" fromWho="0" sc="250,130,250,-40,250,-40,240,-40" /><INIT seed="0,1,0,5,2,54" ten="380,210,210,200" oya="0" hai0="70,129,37,56,57,36,97,130,38,92,65,74,59" hai1="128,33,13,118,68,39,103,34,72,76,45,132,89" hai2="2,117,48,19,20,105,93,111,62,106,96,122,50" hai3="64,9,55,43,113,51,82,40,15,86,10,84,49"/><T11/><D74/><U5/><E118/><V63/><F117/><W52/><G113/><T12/><D65/><U35/><E68/><V80/><F2/><W133/><G133/><T42/><D42/><U95/><E132/><V79/><F122/><W116/><G116/><T67/><D67/><U3/><E13/><V88/><F111/><W6/><G64/><T7/><REACH who="0" step="1"/><D70/><REACH who="0" ten="370,210,210,200" step="2"/><U22/><E128/><V81/><F106/><W69/><G69/><T30/><D30/><U60/><E60/><N who="2" m="23083" /><F105/><W47/><G10/><T110/><D110/><U75/><E75/><V78/><F50/><W107/><G107/><T61/><D61/><U66/><E66/><V120/><F48/><W44/><REACH who="3" step="1"/><G84/><REACH who="3" ten="370,210,210,190" step="2"/><T23/><D23/><U100/><E22/><V99/><F120/><W124/><G124/><T58/><N who="0" m="14336" /><DORA hai="104" /><T28/><D28/><U102/><E35/><V0/><F20/><W17/><G17/><T24/><D24/><U83/><E34/><V16/><F19/><W21/><G21/><T108/><D108/><U121/><E33/><V135/><F16/><W46/><G46/><T94/><D94/><U119/><E119/><V27/><F93/><W32/><G32/><T14/><D14/><U25/><E25/><V98/><F135/><W91/><AGARI ba="1,2" hai="6,9,15,40,43,44,47,49,51,52,55,82,86,91" machi="91" ten="20,12000,2" yaku="1,1,0,1,7,1,9,1,8,1,54,1,53,0" doraHai="54,104" doraHaiUra="18,123" who="3" fromWho="3" sc="370,-61,210,-31,210,-31,190,143" /><INIT seed="1,0,0,2,5,38" ten="309,179,179,333" oya="1" hai0="131,70,119,116,11,78,35,19,48,67,62,94,51" hai1="134,132,127,4,45,46,101,66,57,10,125,22,126" hai2="6,65,61,71,112,54,32,39,9,91,111,13,108" hai3="110,107,133,130,135,129,42,92,52,41,36,113,96"/><U80/><E101/><V75/><F32/><W124/><G107/><T27/><D78/><U59/><E80/><V8/><F75/><W72/><G72/><T86/><D131/><U102/><E102/><V69/><F112/><W79/><G79/><T49/><D11/><U68/><E22/><V30/><F39/><W14/><G14/><T99/><D86/><U109/><E10/><V15/><F30/><W37/><G96/><T33/><D35/><U28/><E4/><V117/><F117/><W24/><G92/><T82/><D82/><U120/><E28/><V103/><F103/><W128/><G24/><T25/><D33/><U97/><E97/><V100/><F100/><W87/><G87/><T5/><D5/><U53/><E68/><V47/><F71/><W93/><G93/><T84/><D84/><U106/><E106/><V17/><F91/><W77/><G77/><T21/><REACH who="0" step="1"/><D25/><REACH who="0" ten="299,179,179,333" step="2"/><U74/><E74/><V123/><F123/><W29/><G29/><T20/><D20/><U23/><E23/><V76/><F76/><W3/><G113/><T118/><D118/><U34/><E34/><V88/><F9/><W31/><G31/><T95/><D95/><U55/><E120/><V114/><F114/><W89/><G128/><T0/><D0/><U16/><E16/><V63/><F6/><W50/><G3/><T2/><D2/><U121/><E121/><V105/><F17/><W115/><G129/><T7/><D7/><U64/><E127/><V1/><F1/><W60/><G130/><T81/><D81/><U18/><E18/><V40/><F8/><RYUUKYOKU ba="0,1" sc="299,15,179,15,179,-15,333,-15" hai0="19,21,27,48,49,51,62,67,70,94,99,116,119" hai1="45,46,53,55,57,59,64,66,109,125,126,132,134" /><INIT seed="1,1,1,1,0,16" ten="314,194,164,318" oya="1" hai0="84,104,125,15,62,44,95,113,71,17,39,1,106" hai1="122,27,76,93,22,120,69,4,87,67,23,108,33" hai2="78,124,107,49,46,66,101,131,40,54,60,80,30" hai3="135,121,50,24,133,112,65,116,10,26,45,68,97"/><U58/><E69/><V9/><F131/><W92/><G121/><T117/><D1/><U73/><E73/><V127/><F30/><W94/><G112/><T83/><D117/><U110/><E4/><V96/><F9/><W51/><G116/><T132/><D113/><U72/><E72/><V128/><F128/><W28/><G68/><T114/><D114/><U0/><E0/><V123/><F123/><N who="1" m="47145" /><E27/><V14/><F14/><W32/><G65/><T11/><D125/><U25/><E25/><V8/><F8/><W111/><G111/><N who="1" m="42538" /><E33/><V18/><F18/><W126/><G126/><T41/><D132/><U12/><E12/><V75/><REACH who="2" step="1"/><F40/><REACH who="2" ten="314,194,154,318" step="2"/><W130/><G130/><T13/><D13/><U2/><E2/><V5/><F5/><W115/><G135/><T134/><D134/><U99/><E67/><V20/><F20/><N who="1" m="7721" /><E58/><AGARI ba="1,2" hai="46,49,54,58,60,66,75,78,80,96,101,107,124,127" machi="58" ten="40,1300,0" yaku="1,1,53,0" doraHai="16" doraHaiUra="90" who="2" fromWho="1" sc="314,0,194,-16,154,36,318,0" /><INIT seed="2,0,0,0,1,104" ten="314,178,190,318" oya="2" hai0="45,59,120,125,100,129,117,16,70,111,17,123,13" hai1="6,128,134,99,126,34,81,55,37,46,36,66,2" hai2="115,54,88,73,30,24,89,90,64,113,82,83,15" hai3="28,110,71,67,61,75,91,38,65,77,4,35,20"/><V44/><F64/><W39/><G110/><T49/><D70/><U122/><E66/><V133/><F133/><W14/><G35/><T103/><D117/><U9/><E34/><V5/><F5/><W131/><G131/><T68/><D68/><U121/><E134/><V76/><F15/><W93/><G65/><T130/><D59/><U23/><E128/><V108/><F108/><W25/><G14/><T85/><D85/><U22/><E99/><V51/><REACH who="2" step="1"/><F82/><REACH who="2" ten="314,178,180,318" step="2"/><W87/><REACH who="3" step="1"/><G4/><REACH who="3" ten="314,178,180,308" step="2"/><T58/><D13/><U102/><E6/><V119/><F119/><W114/><G114/><T47/><D111/><U118/><E118/><V80/><F80/><AGARI ba="0,2" hai="20,25,28,38,39,61,67,71,75,77,80,87,91,93" machi="80" ten="40,2600,0" yaku="1,1,52,1,53,0" doraHai="104" doraHaiUra="29" who="3" fromWho="2" sc="314,0,178,0,180,-26,308,46" /><INIT seed="3,0,0,1,4,30" ten="314,178,154,354" oya="3" hai0="48,96,82,112,121,13,1,45,74,3,22,50,133" hai1="70,27,92,0,81,38,37,95,107,71,84,131,124" hai2="132,4,118,36,9,61,23,127,122,105,41,62,67" hai3="58,39,7,10,28,114,60,14,6,25,35,120,80"/><W87/><G39/><T26/><D121/><U98/><E0/><V57/><F105/><W76/><G120/><T134/><D112/><U126/><E107/><V20/><F122/><W43/><G114/><T116/><D116/><U15/><E131/><V85/><F118/><W94/><G43/><T54/><D96/><U44/><E15/><V46/><F127/><N who="1" m="48681" /><E92/><V47/><F132/><W128/><G94/><T29/><D13/><U90/><E27/><V2/><F47/><W16/><REACH who="3" step="1"/><G128/><REACH who="3" ten="314,178,154,344" step="2"/><T77/><REACH who="0" step="1"/><D50/><REACH who="0" ten="304,178,154,344" step="2"/><U73/><E38/><V66/><REACH who="2" step="1"/><F85/><REACH who="2" ten="304,178,144,344" step="2"/><W21/><G21/><T19/><D19/><U117/><E117/><V5/><F5/><W130/><G130/><T115/><D115/><U42/><E73/><V49/><F49/><W78/><G78/><AGARI ba="0,3" hai="37,42,44,70,71,78,81,84,90,95,98" m="48681" machi="78" ten="30,1000,0" yaku="18,1" doraHai="30" who="1" fromWho="3" sc="304,0,178,40,144,0,344,-10" /><INIT seed="4,0,0,2,3,69" ten="304,218,144,334" oya="0" hai0="5,113,9,96,1,4,52,28,99,24,72,17,128" hai1="45,102,109,119,55,18,47,25,112,92,94,57,91" hai2="79,132,62,29,111,95,97,0,129,39,22,21,114" hai3="60,121,67,26,134,59,90,125,82,100,83,105,80"/><T70/><D70/><U23/><E119/><V73/><F0/><W42/><G121/><T120/><D120/><U135/><E109/><V98/><F111/><W68/><G134/><T115/><D72/><U93/><E135/><V71/><F132/><W36/><G125/><T104/><D5/><U2/><E2/><V40/><F129/><W77/><G90/><T75/><D75/><U110/><E110/><V34/><F114/><N who="0" m="43530" /><D128/><U13/><E112/><V122/><F122/><W3/><G3/><T118/><D118/><U84/><E25/><V16/><F34/><W10/><G10/><T123/><D123/><U133/><E133/><V107/><F107/><W54/><G26/><T48/><D17/><U41/><E102/><V38/><F40/><W131/><G100/><T46/><D104/><U85/><E85/><V101/><F29/><W8/><G105/><T35/><AGARI ba="0,0" hai="1,4,9,24,28,35,46,48,52,96,99" m="43530" machi="35" ten="30,3000,0" yaku="15,1,54,1" doraHai="69" who="0" fromWho="0" sc="304,30,218,-10,144,-10,334,-10" /><INIT seed="4,1,0,3,0,10" ten="334,208,134,324" oya="0" hai0="86,57,20,96,102,77,89,80,13,46,122,84,61" hai1="87,37,66,135,47,110,128,97,78,73,9,105,44" hai2="120,8,49,92,101,112,93,72,55,94,30,117,109" hai3="71,106,53,6,4,29,74,134,52,21,31,82,67"/><T100/><D122/><U33/><E110/><V111/><F72/><W24/><G106/><T42/><D96/><U75/><E33/><V70/><F70/><W108/><G108/><T11/><D20/><U125/><E66/><V76/><F120/><W119/><G119/><T2/><D2/><U62/><E62/><V5/><F117/><W58/><G134/><T34/><D34/><U36/><E135/><V12/><F112/><W43/><G43/><T28/><D28/><U50/><E128/><V121/><F121/><W99/><G99/><T126/><D126/><U131/><E131/><V107/><F76/><W127/><G127/><T91/><D91/><U22/><E22/><V14/><F30/><W103/><G103/><T25/><D25/><U19/><E125/><V90/><F90/><W27/><G71/><T116/><D116/><U95/><E105/><V133/><F133/><W45/><G45/><T79/><D79/><U114/><E47/><V63/><F63/><W129/><G129/><T26/><D26/><U23/><E9/><V41/><F41/><W56/><G74/><T88/><D46/><U123/><E75/><V118/><F118/><W18/><G82/><N who="0" m="49239" /><D77/><U65/><E73/><V59/><REACH who="2" step="1"/><F14/><REACH who="2" ten="334,208,124,324" step="2"/><W115/><G31/><T124/><D42/><N who="1" m="24855" /><E123/><V104/><F104/><W32/><G32/><T83/><D124/><U51/><E114/><V35/><F35/><W40/><G115/><T98/><D83/><U38/><E78/><V113/><F113/><W69/><G69/><T1/><D80/><U48/><E95/><V15/><F15/><W54/><G40/><RYUUKYOKU ba="1,1" sc="334,-10,208,-10,124,30,324,-10" hai2="5,8,12,49,55,59,92,93,94,101,107,109,111" /><INIT seed="5,2,1,5,5,12" ten="324,198,154,314" oya="1" hai0="36,3,78,2,84,79,76,120,75,122,102,23,105" hai1="104,65,129,63,99,29,113,52,39,34,89,88,125" hai2="8,54,132,121,100,72,51,126,56,92,9,24,47" hai3="77,43,74,103,19,101,124,16,17,11,55,42,71"/><U109/><E39/><V93/><F121/><N who="0" m="46698" /><D36/><U81/><E109/><V69/><F72/><W25/><G71/><T20/><D84/><U118/><E118/><V68/><F126/><W35/><G124/><T114/><D75/><U5/><E5/><V6/><F132/><W85/><G74/><T108/><D108/><U1/><E1/><N who="0" m="9" /><D114/><U15/><E113/><V4/><F69/><W61/><G11/><N who="2" m="4169" /><F68/><W64/><G35/><T30/><D30/><U58/><E125/><V28/><F47/><W45/><G25/><T83/><D83/><U70/><E15/><V134/><F134/><W27/><G27/><T32/><D32/><U38/><E38/><V119/><F119/><W133/><G133/><T44/><D44/><U80/><E129/><V98/><F93/><W48/><G77/><T66/><D66/><U49/><E81/><V86/><F86/><W116/><G85/><T59/><D59/><U13/><E13/><V33/><F33/><W67/><G116/><T90/><D90/><U110/><E80/><V10/><N who="2" m="4177" /><V26/><DORA hai="50" /><F28/><W21/><G21/><N who="0" m="8267" /><D102/><N who="3" m="38921" /><G43/><T135/><D135/><U128/><E128/><V115/><F115/><W41/><G42/><T117/><D117/><U96/><E110/><V73/><F73/><W106/><G106/><AGARI ba="2,1" hai="76,78,79,105,106" m="8267,9,46698" machi="106" ten="40,5200,0" yaku="28,2,13,1" doraHai="12,50" who="0" fromWho="3" sc="324,68,198,0,154,0,314,-58" /><INIT seed="6,0,0,1,0,101" ten="392,198,154,256" oya="2" hai0="68,20,80,85,31,57,74,59,117,71,30,48,55" hai1="26,119,111,10,91,8,58,33,60,64,109,63,77" hai2="40,104,51,79,134,113,37,121,100,126,12,23,133" hai3="67,66,124,112,49,2,90,123,52,78,115,32,65"/><V53/><F121/><W5/><G123/><T13/><D74/><U130/><E119/><V87/><F126/><W106/><G106/><T92/><D117/><U6/><E130/><V38/><F113/><W110/><G110/><T3/><D3/><U9/><E6/><V29/><F79/><W99/><G124/><T88/><D68/><U70/><E77/><V114/><F114/><N who="3" m="43563" /><G32/><T17/><D71/><U21/><E91/><V103/><F87/><W135/><G78/><T125/><D125/><U131/><E33/><V43/><F38/><W7/><G2/><T69/><D69/><U73/><E131/><V27/><F12/><W132/><G90/><T19/><D80/><U94/><E94/><V89/><F89/><W62/><G62/><T36/><D36/><U4/><E4/><N who="3" m="1610" /><G99/><T50/><D19/><U47/><E47/><AGARI ba="0,0" hai="47,49,52,65,66,67,132,135" m="1610,43563" machi="47" ten="40,5200,0" yaku="15,1,11,1,54,1" doraHai="101" who="3" fromWho="1" sc="392,0,198,-52,154,0,256,52" /><INIT seed="7,0,0,5,1,105" ten="392,146,154,308" oya="3" hai0="88,63,10,81,134,135,85,1,111,43,121,86,115" hai1="96,117,129,66,60,87,124,0,127,56,61,100,11" hai2="13,114,125,41,112,34,76,5,133,54,33,40,103" hai3="83,116,123,18,26,108,44,50,4,126,57,72,37"/><W98/><G123/><T70/><D111/><U90/><E117/><V38/><F125/><N who="1" m="48201" /><E129/><V107/><F133/><N who="0" m="50698" /><D115/><N who="2" m="44074" /><F76/><W94/><G108/><T75/><D43/><N who="2" m="16458" /><F38/><W39/><G126/><T30/><D30/><U21/><E21/><V91/><F91/><W12/><G116/><T3/><D75/><U55/><E11/><N who="2" m="4335" /><F54/><W29/><G4/><T7/><D86/><U9/><E9/><V102/><F107/><W109/><G109/><T48/><D48/><N who="1" m="30823" /><E66/><V14/><F14/><W71/><G71/><T2/><D121/><U113/><E0/><V110/><F110/><W95/><G57/><T80/><D80/><N who="1" m="49511" /><E113/><V28/><F28/><W25/><G25/><T20/><D20/><U79/><E79/><V46/><F46/><W122/><G122/><T68/><D63/><U74/><E74/><V120/><F120/><W77/><G37/><T27/><D27/><U99/><E99/><V104/><F104/><AGARI ba="0,0" hai="60,61,96,100,104" m="49511,30823,48201" machi="104" ten="30,1000,0" yaku="18,1" doraHai="105" who="1" fromWho="2" sc="392,0,146,10,154,-10,308,0" owari="392,49.0,156,-24.0,144,-36.0,308,11.0" /></mjloggm>