<mjloggm ver="2.3"><GO type="169" lobby="0"/><UN n0="%E3%83%99%E3%82%BF%E3%82%AA%E3%83%AA%E3%82%B9%E3%82%AF" n1="%72%69%6F%75%63%68%61%6E" n2="%E3%83%92%E3%83%A1" n3="%E3%82%A6%E3%83%AB%E3%83%88%E3%83%A9%E7%AB%8B%E7%9B%B4" dan="17,16,16,16" rate="2144.14,2103.68,2059.17,2108.16" sx="M,M,M,M"/><TAIKYOKU oya="0"/><INIT seed="0,0,0,4,5,23" ten="250,250,250,250" oya="0" hai0="111,125,105,26,9,107,40,75,8,44,113,96,2" hai1="117,16,27,47,83,61,0,42,57,30,110,133,45" hai2="78,39,77,132,122,24,29,12,37,123,69,38,135" hai3="99,114,124,80,106,60,33,95,34,43,94,97,31"/><T101/><D113/><U87/><E117/><V28/><F69/><W54/><G114/><T36/><D75/><U134/><E0/><V14/><REACH who="2" step="1"/><F39/><REACH who="2" ten="250,250,240,250" step="2"/><W67/><G124/><T76/><D125/><U35/><E134/><V85/><F85/><W130/><G99/><T48/><D36/><U21/><E133/><V70/><F70/><W91/><G97/><T100/><D96/><U120/><E120/><V73/><F73/><W74/><G74/><T13/><D111/><U46/><E110/><V127/><F127/><W64/><G130/><T58/><D107/><U93/><E93/><V90/><F90/><W88/><G88/><T15/><D105/><U19/><E42/><V18/><F18/><W49/><G43/><T102/><D40/><U128/><E128/><V22/><F22/><W116/><G91/><T112/><D112/><U109/><E109/><V3/><F3/><W55/><G95/><T71/><D71/><U10/><E35/><V63/><F63/><W84/><G94/><T52/><D2/><U82/><E87/><V65/><F65/><W72/><G84/><T5/><D76/><U50/><E50/><V32/><F32/><W17/><G34/><T121/><D121/><U51/><E51/><V119/><F119/><W118/><G116/><T20/><D20/><U6/><E19/><V56/><F56/><W115/><G17/><N who="0" m="8359" /><D58/><U79/><E79/><V1/><F1/><W81/><G106/><T86/><D86/><U104/><E104/><V98/><F98/><W108/><G118/><T126/><D126/><U131/><E131/><V41/><F41/><RYUUKYOKU ba="0,1" sc="250,15,250,-15,240,15,250,-15" hai0="5,9,15,26,44,48,52,100,101,102" hai2="12,14,24,28,29,37,38,77,78,122,123,132,135" /><INIT seed="0,1,1,3,3,69" ten="265,235,255,235" oya="0" hai0="87,7,58,48,15,44,19,25,18,51,83,70,54" hai1="30,14,102,28,75,112,74,128,93,80,86,71,0" hai2="11,53,59,103,98,78,127,95,2,9,91,132,118" hai3="122,119,26,1,63,41,22,10,117,104,32,126,134"/><T56/><D70/><U111/><E0/><V92/><F132/><W37/><G104/><T52/><D25/><U38/><E71/><V131/><F127/><W39/><G41/><T16/><D7/><U90/><E38/><N who="3" m="14346" /><G22/><N who="0" m="11615" /><D44/><U97/><E111/><V67/><F67/><W79/><G63/><T62/><D62/><U33/><E128/><V120/><F120/><W106/><G106/><T76/><AGARI ba="1,1" hai="16,19,48,51,52,54,56,58,76,83,87" m="11615" machi="76" ten="30,6000,0" yaku="8,1,54,2" doraHai="69" who="0" fromWho="0" sc="265,73,235,-21,255,-21,235,-21" /><INIT seed="0,2,0,5,0,45" ten="338,214,234,214" oya="0" hai0="82,13,29,79,28,81,30,70,11,27,15,7,117" hai1="48,66,85,112,125,116,103,2,24,25,123,73,95" hai2="99,50,92,60,111,12,135,128,93,57,121,101,68" hai3="62,75,6,4,51,35,129,134,113,133,78,100,109"/><T63/><D117/><U119/><E123/><V106/><F111/><W86/><G75/><T38/><D38/><U80/><E73/><V49/><F121/><W32/><G62/><T122/><D122/><U120/><E120/><V0/><F0/><W9/><G100/><T65/><D15/><U105/><E2/><V118/><F118/><W74/><G74/><T55/><D55/><U87/><E105/><V40/><F135/><N who="3" m="51723" /><G113/><T115/><D115/><U47/><E66/><V42/><F128/><W37/><G37/><T46/><D46/><U16/><E103/><V91/><F68/><W54/><G129/><T39/><D39/><U114/><E112/><V97/><F12/><N who="3" m="5159" /><G6/><T108/><D108/><U98/><E114/><V124/><F106/><W3/><G3/><T107/><D107/><U64/><E64/><N who="2" m="38927" /><F124/><W104/><G104/><T84/><REACH who="0" step="1"/><D81/><REACH who="0" ten="328,214,234,214" step="2"/><U5/><E80/><V94/><F94/><W90/><G109/><T14/><D14/><U89/><E119/><V102/><F40/><W126/><G126/><T110/><D110/><U31/><E125/><V22/><F42/><W61/><G61/><T130/><D130/><U20/><E5/><V23/><F93/><N who="3" m="54487" /><G78/><T33/><AGARI ba="2,1" hai="7,11,13,27,28,29,30,33,63,65,70,79,82,84" machi="33" ten="20,3900,0" yaku="1,1,0,1,7,1,53,0" doraHai="45" doraHaiUra="43" who="0" fromWho="0" sc="328,55,214,-15,234,-15,214,-15" /><INIT seed="0,3,0,3,3,12" ten="383,199,219,199" oya="0" hai0="104,62,4,28,2,46,120,29,7,32,35,83,127" hai1="8,133,27,128,129,126,108,73,49,101,0,14,26" hai2="76,64,42,74,109,47,78,90,87,66,58,43,69" hai3="122,68,110,134,118,25,56,41,125,105,70,61,39"/><T24/><D104/><U15/><E73/><V71/><F109/><W34/><G25/><N who="1" m="9226" /><E101/><V95/><F69/><W124/><G41/><T44/><D24/><U33/><E49/><V115/><F71/><W116/><G56/><T130/><D130/><N who="1" m="50283" /><E33/><V132/><F115/><W92/><G92/><T1/><D120/><U13/><E108/><V94/><F132/><W23/><G23/><T79/><D127/><U38/><E38/><V85/><F74/><W60/><G34/><T102/><D102/><U119/><E119/><V91/><F58/><W16/><G105/><T19/><D62/><U40/><E40/><V50/><F50/><W22/><G39/><T80/><REACH who="0" step="1"/><D79/><REACH who="0" ten="373,199,219,199" step="2"/><U36/><E126/><V100/><F100/><W93/><G122/><T37/><D37/><U6/><E36/><V113/><F113/><W30/><G60/><T117/><D117/><U54/><E54/><V103/><F103/><W53/><G53/><T17/><AGARI ba="3,1" hai="1,2,4,7,17,19,28,29,32,35,44,46,80,83" machi="17" ten="25,18000,2" yaku="1,1,0,1,22,2,52,2,53,0" doraHai="12" doraHaiUra="18" who="0" fromWho="0" sc="373,199,199,-63,219,-63,199,-63" /><INIT seed="0,4,0,3,5,117" ten="572,136,156,136" oya="0" hai0="90,75,91,13,45,15,119,36,14,106,103,47,1" hai1="3,26,59,122,85,52,102,84,127,112,38,57,43" hai2="97,131,116,25,120,82,51,44,61,0,63,96,29" hai3="69,37,11,126,35,34,123,27,7,55,22,130,115"/><T53/><D1/><U111/><E122/><V56/><F0/><N who="3" m="487" /><G55/><T121/><D75/><U81/><E3/><V2/><F2/><W86/><G86/><T16/><D106/><U113/><E127/><V42/><F116/><W95/><G95/><T109/><D103/><U46/><E111/><V87/><F120/><W129/><G69/><T60/><D36/><U110/><E110/><V107/><F131/><N who="3" m="50187" /><G37/><T88/><D109/><U70/><E26/><V5/><F107/><W135/><G115/><N who="1" m="44106" /><E70/><V128/><F128/><W78/><G78/><T108/><D108/><U65/><E102/><V64/><F61/><W71/><G71/><T73/><D73/><U54/><E65/><V80/><F80/><W93/><G93/><T68/><D68/><U101/><E101/><V124/><F124/><W49/><G49/><T18/><D119/><U72/><E72/><V41/><F41/><W24/><G126/><T48/><D121/><U132/><E132/><V89/><REACH who="2" step="1"/><F5/><REACH who="2" ten="572,136,146,136" step="2"/><W74/><G123/><T76/><D60/><N who="1" m="35879" /><E81/><V9/><F9/><W31/><G74/><T40/><D40/><U114/><E114/><V104/><F104/><W21/><G135/><T66/><D47/><U62/><AGARI ba="4,1" hai="38,43,46,54,59,62,84,85" m="35879,44106" machi="62" ten="30,2000,0" yaku="11,1,54,1" doraHai="117" who="1" fromWho="1" sc="572,-14,136,42,146,-9,136,-9" /><INIT seed="1,0,0,2,5,11" ten="558,178,137,127" oya="1" hai0="83,70,57,129,68,108,21,69,28,6,120,42,40" hai1="25,0,4,111,122,66,76,29,87,23,134,74,55" hai2="12,127,24,128,123,100,104,58,20,132,63,130,61" hai3="50,34,126,1,7,88,116,60,54,62,92,107,72"/><U38/><E122/><V16/><F123/><W65/><G107/><T35/><D6/><U85/><E38/><V33/><F132/><W98/><G34/><T9/><D9/><U8/><E66/><V125/><F100/><W75/><G126/><N who="2" m="48137" /><F104/><W39/><G39/><T45/><D35/><U2/><E134/><V77/><F77/><W27/><G116/><T115/><D115/><U95/><E0/><V41/><F41/><W44/><G1/><T46/><D108/><U103/><E111/><V73/><F73/><W52/><G7/><T47/><D129/><N who="2" m="49770" /><F58/><W110/><G110/><T121/><D57/><U105/><E105/><V37/><F37/><W18/><G75/><T48/><D42/><U22/><E74/><V97/><F97/><W113/><G72/><T82/><D40/><U26/><E76/><V17/><F33/><W118/><G113/><T101/><D101/><U13/><E2/><V53/><F53/><N who="3" m="29895" /><G118/><T119/><D119/><U5/><E55/><N who="3" m="21034" /><G65/><T133/><D133/><U49/><E49/><V131/><F131/><W89/><G89/><T112/><D48/><U80/><E103/><V32/><F32/><W78/><G78/><T67/><D67/><U3/><E87/><V109/><F109/><W91/><G91/><T124/><D124/><U14/><E85/><V93/><F93/><W81/><G81/><T94/><D94/><U84/><E84/><V30/><F30/><W71/><G71/><T31/><D70/><U36/><E36/><V106/><F106/><W56/><G56/><T86/><D121/><U102/><E95/><V59/><F59/><RYUUKYOKU ba="0,0" sc="558,-15,178,-15,137,15,127,15" hai2="12,16,17,20,24,61,63" hai3="18,27,60,62,88,92,98" /><INIT seed="2,1,0,1,1,18" ten="543,163,152,142" oya="2" hai0="84,2,129,7,123,98,53,87,8,128,19,6,112" hai1="48,58,34,44,117,16,31,82,85,79,97,23,100" hai2="95,10,83,103,21,40,124,93,46,20,94,131,14" hai3="36,108,111,109,45,125,55,130,0,50,78,119,15"/><V25/><F124/><W33/><G119/><T106/><D123/><U29/><E117/><V13/><F131/><W132/><G125/><T4/><D112/><U116/><E34/><V105/><F83/><W65/><G0/><T135/><D135/><U73/><E73/><V76/><F76/><W3/><G3/><T49/><D19/><U56/><E56/><V74/><F74/><W43/><G33/><T67/><D67/><U115/><E115/><V99/><F25/><W120/><G120/><T89/><D98/><U70/><E58/><V81/><F81/><W96/><G130/><N who="0" m="50283" /><D106/><U61/><E61/><V32/><F32/><W39/><G132/><T22/><D22/><U1/><E1/><V134/><F134/><W91/><G65/><T121/><D121/><U12/><E70/><V38/><REACH who="2" step="1"/><F13/><REACH who="2" ten="543,163,142,142" step="2"/><W27/><G15/><T110/><D2/><U107/><REACH who="1" step="1"/><E116/><REACH who="1" ten="543,153,142,142" step="2"/><V66/><F66/><W11/><G109/><T35/><D110/><U104/><E104/><V90/><F90/><W64/><G91/><T62/><D35/><U75/><E75/><V37/><F37/><W54/><G39/><T51/><D89/><U68/><E68/><V59/><F59/><W30/><G36/><T86/><D62/><U9/><E9/><V52/><F52/><AGARI ba="1,2" hai="12,16,23,29,31,44,48,52,79,82,85,97,100,107" machi="52" ten="30,8000,1" yaku="1,1,7,1,52,1,54,2,53,0" doraHai="18" doraHaiUra="28" who="1" fromWho="2" sc="543,0,153,103,142,-83,142,0" /><INIT seed="3,0,0,2,5,124" ten="543,256,59,142" oya="3" hai0="42,6,116,54,58,56,99,32,127,91,47,131,43" hai1="44,71,74,46,37,105,61,66,0,48,88,97,83" hai2="108,123,84,85,2,119,101,121,102,17,113,29,75" hai3="14,53,134,112,96,111,39,81,15,128,50,98,67"/><W7/><G39/><T20/><D131/><U94/><E0/><V109/><F2/><W73/><G112/><T41/><D32/><U68/><E68/><V26/><F75/><W79/><G134/><T95/><D116/><U114/><E114/><V76/><F113/><W10/><G111/><N who="2" m="42569" /><F17/><W38/><G38/><T115/><D115/><U103/><E37/><V110/><N who="2" m="42577" /><V40/><DORA hai="106" /><F40/><W35/><G35/><T80/><D6/><U89/><E48/><V90/><F119/><W13/><G128/><T33/><D33/><U125/><E125/><V63/><F63/><W129/><G129/><T3/><D3/><U87/><REACH who="1" step="1"/><E88/><REACH who="1" ten="543,246,59,142" step="2"/><V55/><F90/><W107/><G98/><T27/><D127/><U132/><E132/><V64/><F121/><W30/><G96/><T93/><D99/><U133/><E133/><V45/><F123/><W126/><G126/><T135/><D91/><U118/><E118/><V70/><F70/><W8/><G7/><T69/><D135/><U11/><E11/><V24/><F101/><W62/><G10/><T60/><D69/><U31/><E31/><V72/><F102/><W92/><G30/><T86/><D60/><U65/><E65/><V130/><F64/><W16/><G62/><T28/><D28/><U82/><E82/><N who="2" m="45319" /><F130/><W4/><G67/><T21/><D80/><U1/><E1/><V52/><F29/><W36/><G4/><T18/><D18/><U49/><E49/><N who="2" m="28719" /><F55/><W5/><G53/><T100/><D54/><U57/><E57/><V104/><F104/><W77/><G107/><T78/><D58/><RYUUKYOKU ba="0,1" sc="543,-15,246,15,59,15,142,-15" hai1="44,46,61,66,71,74,83,87,89,94,97,103,105" hai2="24,26,84,85" /><INIT seed="4,1,1,4,5,111" ten="528,261,74,127" oya="0" hai0="35,81,118,47,23,110,9,87,46,125,121,5,94" hai1="108,105,79,100,39,62,31,128,36,24,131,127,72" hai2="26,27,2,63,67,3,17,55,51,132,74,6,114" hai3="104,0,133,65,103,88,106,82,57,20,84,107,7"/><T95/><D35/><N who="1" m="20967" /><E108/><V54/><F74/><W42/><G133/><T73/><D118/><U98/><E62/><V59/><F132/><W43/><G103/><T116/><D73/><U91/><E91/><V66/><F6/><W38/><G38/><N who="1" m="14378" /><E127/><V1/><F17/><W117/><G117/><T115/><D5/><U112/><E112/><V4/><F4/><W50/><G20/><T126/><D115/><U83/><AGARI ba="1,1" hai="72,79,83,98,100,105,128,131" m="14378,20967" machi="83" ten="30,1100,0" yaku="23,1" doraHai="111" who="1" fromWho="1" sc="528,-6,261,24,74,-4,127,-4" /><INIT seed="5,0,0,1,4,116" ten="522,285,70,123" oya="1" hai0="76,60,31,106,91,6,97,83,9,93,11,89,17" hai1="33,0,48,38,103,72,43,98,46,67,119,39,65" hai2="70,23,88,15,117,58,22,125,105,14,36,75,108" hai3="34,126,20,101,122,79,66,115,120,77,35,130,8"/><U41/><E119/><V63/><F108/><W114/><G101/><T80/><D106/><U52/><E33/><N who="3" m="12298" /><G66/><N who="1" m="25098" /><E98/><V3/><F117/><W10/><G20/><T59/><D31/><U24/><E24/><V32/><F32/><W50/><G50/><T95/><D17/><U85/><E85/><V16/><F3/><W132/><G126/><T26/><D26/><U57/><E103/><V27/><F36/><N who="1" m="13865" /><E72/><V37/><F37/><W124/><G124/><T1/><D11/><N who="3" m="4137" /><G130/><T28/><D28/><U7/><E7/><V44/><F125/><W12/><G12/><T128/><D76/><N who="3" m="29257" /><G132/><T56/><D128/><U123/><E0/><V74/><F105/><W68/><G68/><T99/><D59/><U118/><E118/><V54/><F70/><W73/><G73/><T86/><D86/><U45/><E123/><AGARI ba="0,0" hai="114,115,120,122,123" m="29257,4137,12298" machi="123" ten="40,8000,1" yaku="28,2,52,3" doraHai="116" who="3" fromWho="1" sc="522,0,285,-80,70,0,123,80" /><INIT seed="6,0,0,5,5,35" ten="522,205,70,203" oya="2" hai0="15,33,37,24,26,115,8,118,131,10,120,20,28" hai1="82,135,75,11,50,49,51,95,67,5,93,63,86" hai2="112,85,69,73,12,43,129,103,125,74,18,128,22" hai3="41,134,32,108,53,80,17,94,88,84,58,79,34"/><V102/><F69/><W7/><G108/><T90/><D37/><U81/><E135/><V72/><F112/><W39/><G7/><T27/><D120/><U47/><E75/><V1/><F125/><W42/><G134/><T133/><D115/><U70/><E47/><V77/><F43/><W91/><G91/><T45/><D45/><U59/><E70/><V96/><F1/><W132/><G132/><T105/><D105/><U64/><E64/><V130/><REACH who="2" step="1"/><F96/><REACH who="2" ten="522,205,60,203" step="2"/><W3/><G3/><T9/><D133/><U76/><REACH who="1" step="1"/><E82/><AGARI ba="0,1" hai="12,18,22,72,73,74,77,82,85,102,103,128,129,130" machi="82" ten="50,9600,0" yaku="1,1,2,1,19,1,53,0" doraHai="35" doraHaiUra="111" who="2" fromWho="1" sc="522,0,205,-96,60,106,203,0" /><INIT seed="6,1,0,3,1,22" ten="522,109,166,203" oya="2" hai0="122,34,44,73,119,26,133,7,21,112,38,46,10" hai1="97,114,11,24,4,37,108,100,48,86,65,120,90" hai2="20,118,71,130,50,99,64,66,82,32,76,8,129" hai3="68,75,89,124,36,111,63,58,95,103,131,98,134"/><V94/><F118/><W117/><G117/><T30/><D73/><U41/><E108/><V69/><F32/><W51/><G36/><T80/><D80/><U101/><E37/><V78/><F8/><W123/><G75/><T39/><D112/><U121/><E114/><V128/><F50/><W33/><G111/><T15/><D122/><N who="1" m="47211" /><E65/><N who="2" m="25195" /><F20/><W125/><G68/><N who="2" m="26185" /><F82/><W25/><G51/><T47/><D119/><U42/><E48/><V109/><F109/><W83/><G123/><T13/><D133/><U77/><E77/><V53/><F53/><N who="3" m="34255" /><G134/><T106/><D106/><N who="1" m="63759" /><E101/><AGARI ba="1,0" hai="76,78,94,99,101,128,129,130" m="26185,25195" machi="101" ten="40,2000,0" yaku="19,1" doraHai="22" who="2" fromWho="1" sc="522,0,109,-23,166,23,203,0" /><INIT seed="6,2,0,5,3,135" ten="522,86,189,203" oya="2" hai0="12,116,127,45,126,11,99,42,124,86,34,64,69" hai1="123,80,62,19,129,74,76,25,38,56,61,117,66" hai2="85,128,60,9,2,51,122,6,37,132,40,55,58" hai3="103,131,28,30,111,47,59,88,108,49,36,92,32"/><V7/><F122/><W93/><G131/><T77/><D116/><U26/><E117/><V46/><F132/><W113/><G36/><N who="0" m="21703" /><D34/><U5/><E129/><V98/><F128/><W17/><G59/><T120/><D120/><U114/><E38/><V71/><F98/><W53/><G17/><N who="0" m="8351" /><D99/><U15/><E114/><V57/><F85/><W90/><G103/><T115/><D115/><U68/><E123/><V105/><F6/><W125/><G32/><T89/><D77/><U81/><E81/><V41/><F105/><W14/><G113/><T0/><D0/><U31/><E5/><V67/><REACH who="2" step="1"/><F41/><REACH who="2" ten="522,86,179,203" step="2"/><W23/><G111/><T133/><D133/><U72/><E72/><V63/><F63/><W106/><G106/><T48/><D86/><U109/><E109/><V33/><F33/><W94/><G108/><T20/><D127/><U73/><E73/><V84/><F84/><W39/><G125/><T10/><D126/><U102/><E102/><V121/><F121/><W8/><G90/><T70/><D89/><U44/><E44/><AGARI ba="2,1" hai="2,7,9,37,40,44,46,51,55,57,58,60,67,71" machi="44" ten="30,2900,0" yaku="1,1,7,1,53,0" doraHai="135" doraHaiUra="29" who="2" fromWho="1" sc="522,0,86,-35,179,45,203,0" /><INIT seed="6,3,0,3,1,91" ten="522,51,224,203" oya="2" hai0="83,107,108,19,8,59,57,18,32,95,98,104,132" hai1="58,65,94,43,71,135,46,30,33,25,61,101,69" hai2="72,37,78,5,62,122,39,125,73,89,80,38,63" hai3="29,54,41,127,51,113,131,48,118,60,114,76,44"/><V22/><F122/><W55/><G76/><T133/><D32/><U75/><E75/><V106/><F106/><N who="0" m="40490" /><D83/><U116/><E135/><N who="0" m="51785" /><D108/><U121/><E116/><V16/><F5/><W31/><G31/><T45/><D45/><U13/><E121/><V100/><F100/><W10/><G10/><T129/><D129/><U117/><E117/><V96/><F72/><W110/><G29/><T0/><D0/><U4/><E101/><V15/><REACH who="2" step="1"/><F125/><REACH who="2" ten="522,51,214,203" step="2"/><W42/><G118/><T70/><D70/><U14/><E4/><V111/><F111/><W130/><G110/><T1/><D1/><U53/><E71/><V102/><F102/><W47/><G60/><T92/><D8/><U3/><E3/><V52/><F52/><W17/><G17/><T56/><D19/><U2/><E2/><V9/><F9/><W7/><G7/><T99/><D18/><U86/><E53/><V84/><F84/><W82/><G127/><T6/><D6/><U105/><E105/><V124/><F124/><W109/><G109/><T77/><D99/><U87/><E69/><V74/><F74/><W90/><G55/><T21/><D98/><U128/><E128/><N who="3" m="49194" /><G54/><T85/><D85/><AGARI ba="3,1" hai="41,42,44,47,48,51,82,85,90,113,114" m="49194" machi="85" ten="30,1000,0" yaku="19,1" doraHai="91" who="3" fromWho="0" sc="522,-19,51,0,214,0,203,29" /><INIT seed="7,0,0,4,1,133" ten="503,51,214,232" oya="3" hai0="13,96,4,19,35,135,108,18,40,48,14,126,78" hai1="15,127,51,50,91,90,3,89,131,8,130,9,37" hai2="25,101,5,77,39,54,23,1,30,26,7,109,120" hai3="134,53,117,70,24,44,52,88,76,132,93,99,92"/><W32/><G70/><T42/><D126/><U80/><E37/><V86/><F39/><W66/><G66/><T110/><D35/><U57/><E57/><V27/><F109/><W128/><G128/><T98/><D48/><U55/><E80/><N who="2" m="47375" /><F1/><W129/><G129/><T116/><D78/><U114/><E3/><V43/><F43/><W62/><G117/><T41/><D4/><N who="2" m="1610" /><F120/><W36/><G76/><T123/><D42/><U113/><E90/><V111/><F111/><W59/><G93/><T22/><D22/><U29/><E29/><V83/><F101/><W61/><G36/><T69/><D69/><U102/><E55/><V125/><F125/><W34/><G32/><T58/><D58/><U84/><E15/><V121/><F121/><W73/><G73/><T67/><D67/><U79/><E79/><V75/><F75/><W47/><G44/><T105/><D105/><U94/><E94/><V95/><F83/><W20/><G34/><T10/><D98/><U119/><E119/><V60/><F95/><W100/><G100/><T71/><D96/><U12/><E102/><V21/><F30/><W56/><G47/><T64/><D64/><U106/><E12/><V45/><F45/><W118/><G118/><T124/><D116/><U115/><E115/><V82/><F82/><W63/><G63/><T6/><D123/><U17/><E17/><AGARI ba="0,0" hai="17,20,24,52,53,56,59,61,62,88,92,99,132,134" machi="17" ten="40,12000,1" yaku="9,1,25,2,54,2" doraHai="133" who="3" fromWho="1" sc="503,0,51,-120,214,0,232,120" owari="503,61.0,-69,-57.0,214,-19.0,352,15.0" /></mjloggm>