<mjloggm ver="2.3"><GO type="97" lobby="0"/><UN n0="%46%69%67%68%74%35%31%35" n1="%E3%83%88%E3%83%88%E3%83%AA%E5%85%88%E7%94%9F%31%39%E6%AD%B3" n2="%4B%50%58" n3="%E3%81%9F%E3%81%84%E3%82%89%E3%81%9F%E3%81%84%E3%81%AF%E3%82%93" dan="14,15,14,13" rate="1927.31,2032.35,1948.26,1863.43" sx="M,F,M,M"/><TAIKYOKU oya="0"/><INIT seed="0,0,0,2,4,116" ten="250,250,250,250" oya="0" hai0="34,98,4,75,41,67,18,32,77,63,70,43,5" hai1="69,115,80,94,26,65,24,104,23,46,74,121,28" hai2="100,87,96,105,52,112,20,122,84,114,109,30,39" hai3="50,44,129,126,110,15,27,132,55,134,53,7,79"/><T51/><D41/><U73/><E104/><V103/><F122/><W89/><G110/><T56/><D32/><U66/><E115/><V49/><F109/><W71/><G71/><T78/><D34/><U135/><E121/><V62/><F39/><W22/><G126/><T47/><D70/><U85/><E135/><N who="3" m="51754" /><G129/><T31/><D31/><U88/><E46/><V128/><F128/><W86/><G79/><N who="0" m="30219" /><D75/><U1/><E1/><V111/><F111/><W108/><G108/><T107/><D107/><U37/><E37/><V82/><F62/><W127/><G127/><T76/><N who="0" m="30227" /><T48/><DORA hai="16" /><D48/><U124/><E124/><V119/><F119/><W95/><G15/><T68/><D68/><U12/><E69/><V90/><F84/><W81/><G7/><T25/><D98/><U83/><E73/><V125/><F125/><W131/><G131/><T0/><D0/><U38/><E38/><V99/><F112/><W10/><G10/><T35/><D35/><U64/><E74/><V40/><F40/><N who="3" m="24839" /><G95/><T11/><D11/><U60/><E60/><V2/><F2/><W8/><G8/><T113/><D113/><U92/><E24/><N who="2" m="16647" /><F105/><W59/><G59/><T21/><AGARI ba="0,0" hai="4,5,18,21,25,43,47,51,56,63,67" m="30227" machi="21" ten="40,3900,0" yaku="8,1,52,1" doraHai="116,16" who="0" fromWho="0" sc="250,39,250,-13,250,-13,250,-13" /><INIT seed="0,1,0,4,4,69" ten="289,237,237,237" oya="0" hai0="130,111,34,7,24,44,1,8,48,37,46,61,50" hai1="131,133,74,92,93,121,62,28,23,18,67,91,2" hai2="63,68,20,122,0,66,110,22,97,21,25,30,59" hai3="109,39,75,114,32,95,51,9,15,135,31,55,85"/><T10/><D10/><U5/><E121/><V98/><F122/><W123/><G114/><T19/><D130/><U54/><E74/><V71/><F110/><W47/><G135/><T116/><D111/><U14/><E131/><V125/><F125/><W120/><G75/><T86/><D116/><U58/><E133/><V43/><F0/><W57/><G109/><T79/><D46/><U112/><E112/><V78/><F78/><W70/><G70/><T26/><D26/><U104/><E104/><V99/><F43/><W82/><G95/><T42/><D61/><U126/><E126/><V17/><REACH who="2" step="1"/><F21/><REACH who="2" ten="289,237,227,237" step="2"/><W35/><G123/><T102/><D79/><U4/><E2/><V83/><F83/><W45/><G120/><T128/><D128/><U77/><E77/><V33/><F33/><W3/><G3/><T90/><D102/><U103/><E103/><V53/><F53/><W13/><G35/><T87/><D34/><U106/><E54/><V29/><F29/><W117/><G31/><T11/><D42/><U36/><E28/><V118/><F118/><W100/><G32/><T108/><D1/><U27/><E23/><V96/><N who="2" m="25088" /><DORA hai="41" /><V16/><F16/><N who="3" m="8239" /><G100/><T119/><D19/><U49/><E18/><V127/><F127/><W84/><G117/><T72/><D119/><U12/><E4/><V6/><F6/><W73/><G82/><T38/><D7/><U65/><E5/><V101/><F101/><W107/><G73/><T60/><D108/><U88/><E93/><V52/><F52/><W81/><G81/><T115/><D72/><U134/><E92/><RYUUKYOKU ba="1,1" sc="289,-10,237,-10,227,30,237,-10" hai2="17,20,22,25,30,59,63,66,68,71" /><INIT seed="1,2,1,2,4,4" ten="279,227,257,227" oya="1" hai0="106,13,127,76,46,62,87,27,30,124,21,49,29" hai1="86,33,120,3,75,67,91,126,60,61,54,51,28" hai2="85,105,65,7,101,35,88,44,23,40,72,41,18" hai3="48,24,121,89,117,118,134,80,93,119,45,108,43"/><U69/><E120/><V17/><F72/><W31/><G121/><T50/><D106/><U64/><E126/><N who="0" m="48169" /><D62/><U103/><E75/><V16/><F35/><W58/><G108/><T84/><D30/><U15/><E3/><V133/><F133/><W107/><G107/><T0/><D0/><U59/><E103/><V1/><F65/><W73/><G134/><T6/><D76/><U66/><E33/><V12/><F41/><W109/><G109/><T128/><D128/><U22/><E69/><V8/><F101/><W63/><G80/><T26/><D26/><U112/><E112/><V98/><F98/><W70/><G70/><T123/><D123/><U90/><E90/><V25/><F105/><W11/><G11/><N who="0" m="4343" /><D50/><U37/><E37/><V78/><F78/><W74/><G89/><T20/><D20/><U102/><E102/><V115/><F115/><W83/><G83/><T129/><D129/><U114/><E114/><V53/><F1/><W57/><G93/><T81/><D81/><N who="1" m="49615" /><E15/><V34/><F34/><N who="3" m="20839" /><G58/><T116/><D116/><N who="3" m="29697" /><W100/><DORA hai="94" /><G100/><T125/><N who="0" m="48177" /><T110/><DORA hai="82" /><D110/><U47/><E59/><V56/><F56/><W95/><G95/><T42/><AGARI ba="2,1" hai="21,27,29,42,46,49,84,87" m="4343,48177" machi="42" ten="40,8000,1" yaku="18,1,52,3" doraHai="4,94,82" who="0" fromWho="0" sc="279,96,227,-42,257,-22,227,-22" /><INIT seed="2,0,0,3,0,84" ten="375,185,235,205" oya="2" hai0="130,93,22,1,57,69,103,8,122,28,59,116,126" hai1="110,104,43,11,97,36,77,114,6,44,90,49,65" hai2="81,54,80,53,46,71,74,117,107,42,25,87,47" hai3="92,135,2,48,41,72,79,30,78,112,10,64,9"/><V125/><F117/><W132/><G64/><T14/><D69/><U61/><E114/><V128/><F71/><W134/><G30/><T40/><D1/><U38/><E110/><V123/><F107/><W23/><G112/><T5/><D122/><U31/><E31/><V115/><F123/><W96/><G23/><T13/><D116/><U55/><E77/><N who="3" m="29194" /><G72/><T33/><D33/><U24/><E24/><V17/><F115/><W89/><G2/><T124/><D130/><U82/><E43/><V16/><F74/><W7/><G7/><T121/><D40/><U98/><E98/><V101/><F128/><W68/><G68/><T56/><D121/><U88/><E82/><N who="2" m="31851" /><F87/><W133/><N who="3" m="34304" /><DORA hai="60" /><W127/><G127/><T105/><D105/><U4/><E4/><V67/><F125/><W37/><G37/><T111/><D111/><U63/><E36/><V26/><F67/><W32/><G32/><T62/><D126/><U95/><E104/><V3/><F101/><W45/><AGARI ba="0,0" hai="9,10,41,45,48,89,92,96" m="34304,29194" machi="45" ten="60,4000,0" yaku="20,1,52,1" doraHai="84,60" who="3" fromWho="3" sc="375,-10,185,-10,235,-20,205,40" /><INIT seed="3,0,0,3,1,17" ten="365,175,215,245" oya="3" hai0="65,36,44,33,45,112,9,62,2,92,67,48,86" hai1="6,102,74,16,127,88,15,109,80,59,19,123,72" hai2="85,27,96,124,91,121,21,70,61,56,47,78,35" hai3="20,14,37,131,100,71,108,90,58,114,132,26,69"/><W23/><G114/><T128/><D33/><U116/><E123/><V7/><F70/><W10/><G37/><T54/><D36/><U24/><E109/><V5/><F35/><W130/><G108/><T11/><D112/><U8/><E127/><V83/><F121/><W0/><G0/><T46/><D2/><U106/><E116/><V77/><F124/><W51/><G100/><T89/><D128/><N who="3" m="49193" /><G90/><T50/><D62/><U110/><E110/><V125/><F125/><W122/><G132/><T64/><D48/><U3/><E102/><V60/><F60/><W40/><G122/><T101/><D101/><U133/><E106/><V30/><F77/><W18/><G26/><T4/><D4/><U111/><E111/><V105/><F105/><W29/><G29/><T43/><D43/><U87/><E133/><V119/><F119/><W94/><G94/><T68/><D68/><N who="3" m="26185" /><G58/><AGARI ba="0,0" hai="9,11,44,45,46,50,54,58,64,65,67,86,89,92" machi="58" ten="40,1300,0" yaku="8,1" doraHai="17" who="0" fromWho="3" sc="365,13,175,0,215,0,245,-13" owari="378,47.0,175,-32.0,215,-18.0,232,3.0" /></mjloggm>