<mjloggm ver="2.3"><GO type="97" lobby="0"/><UN n0="%E3%81%82%E3%82%8A%E3%81%8B%E3%81%9F%E3%82%93" n1="%E3%81%AF%E3%82%93%E3%81%8E%E3%82%83%E3%81%8F%EF%BC%91" n2="%E5%B0%B1%E6%B4%BB%E7%94%9F%40%E5%B7%9D%E6%9D%91%E8%BB%8D%E5%9B%A3" n3="%54%41%4B%41%50%4E%47" dan="13,15,15,14" rate="1867.03,1989.91,2087.77,1957.55" sx="F,M,M,M"/><TAIKYOKU oya="0"/><INIT seed="0,0,0,5,5,17" ten="250,250,250,250" oya="0" hai0="120,130,100,117,84,113,98,37,61,76,2,20,111" hai1="16,124,70,85,51,57,1,128,93,127,43,5,126" hai2="102,26,107,3,103,77,35,65,40,49,0,88,24" hai3="58,53,109,10,119,118,134,30,114,125,132,69,15"/><T9/><D120/><U19/><E70/><V59/><F77/><W34/><G69/><T75/><D117/><U81/><E93/><V8/><F107/><W12/><G53/><T29/><D113/><U116/><E116/><N who="3" m="44586" /><G58/><T48/><D37/><U63/><E128/><V123/><F123/><W92/><G92/><T60/><D130/><U22/><E22/><V108/><F108/><W14/><G114/><T38/><D38/><U39/><E39/><V82/><F0/><W18/><G109/><T74/><D111/><U32/><E32/><V47/><F35/><W110/><G110/><T6/><D74/><U121/><E121/><V131/><F3/><W42/><G42/><T79/><D75/><U31/><E31/><V78/><F78/><W72/><G72/><T87/><D48/><U7/><E1/><V122/><F122/><W105/><G105/><T133/><D79/><N who="1" m="46271" /><E51/><V25/><F8/><W94/><G94/><N who="0" m="58455" /><D76/><U101/><E101/><V21/><F131/><W11/><G125/><T115/><D115/><U41/><E41/><V46/><F103/><W62/><G62/><T99/><D61/><U90/><E90/><V50/><F102/><W27/><G10/><T28/><D60/><U89/><E89/><V45/><F65/><W73/><G73/><T55/><D9/><U135/><E43/><N who="2" m="24767" /><F59/><W33/><G33/><T129/><D129/><U52/><E135/><AGARI ba="0,0" hai="11,12,14,15,18,27,30,34,132,134,135" m="44586" machi="135" ten="30,3900,0" yaku="20,1,34,2" doraHai="17" who="3" fromWho="1" sc="250,0,250,-39,250,0,250,39" /><INIT seed="1,0,0,0,5,101" ten="250,211,250,289" oya="1" hai0="88,28,45,127,78,69,68,122,23,112,63,42,59" hai1="35,89,7,71,85,74,24,34,38,125,103,32,11" hai2="121,118,22,27,72,3,93,53,18,31,94,114,2" hai3="50,0,82,52,8,111,110,124,10,12,67,77,90"/><U102/><E71/><V76/><F121/><W106/><G124/><T13/><D112/><U30/><E125/><V43/><F114/><W4/><G67/><T19/><D127/><U64/><E64/><V73/><F118/><W36/><G36/><T134/><D122/><U1/><E74/><V108/><F108/><N who="3" m="41515" /><G90/><T119/><D78/><U44/><E38/><V70/><F70/><W92/><G92/><T14/><D134/><U123/><E44/><V80/><F72/><N who="3" m="43303" /><G106/><T48/><D119/><U116/><E116/><V21/><F43/><W26/><G26/><T57/><D57/><U99/><E123/><V131/><F131/><W115/><G115/><T62/><D62/><U9/><E9/><V81/><F81/><W96/><G96/><T129/><D129/><U91/><E91/><V86/><F53/><W20/><G20/><T97/><D28/><U66/><E66/><V120/><F120/><W130/><G130/><T6/><D68/><U60/><E60/><V135/><F135/><W107/><G107/><T58/><D69/><U25/><E25/><V49/><F49/><W75/><G75/><T37/><D37/><U39/><E39/><V16/><F31/><W133/><G133/><T132/><D132/><U51/><E51/><V126/><F126/><W47/><G8/><N who="0" m="4247" /><D63/><U41/><E41/><V104/><F104/><W128/><G128/><T61/><D61/><U84/><E84/><V40/><F73/><W79/><G79/><T105/><D105/><N who="1" m="63711" /><E103/><V109/><F109/><W100/><G100/><T65/><D65/><U56/><E56/><V46/><F86/><RYUUKYOKU ba="0,0" sc="250,10,211,10,250,-30,289,10" hai0="14,19,23,42,45,48,58,59,88,97" hai1="1,7,11,24,30,32,34,35,85,89" hai3="0,4,10,12,47,50,52" /><INIT seed="1,1,0,5,3,111" ten="260,221,220,299" oya="1" hai0="7,58,117,77,79,99,54,85,28,95,12,2,80" hai1="55,35,123,71,118,120,107,75,70,76,86,133,13" hai2="41,59,121,25,69,134,128,131,31,33,67,65,38" hai3="51,1,8,43,30,97,127,18,29,6,3,104,24"/><U26/><E118/><V113/><F121/><W105/><G127/><T9/><D117/><U32/><E133/><V84/><F134/><W62/><G1/><T81/><D28/><N who="1" m="19479" /><E13/><V42/><F69/><N who="1" m="26121" /><E86/><V20/><F33/><W5/><G6/><T64/><D2/><U74/><E55/><V78/><F38/><W72/><G72/><N who="1" m="27690" /><E76/><V132/><F132/><W34/><G29/><T87/><D64/><N who="2" m="24650" /><F84/><W92/><G62/><T119/><D119/><U73/><N who="1" m="27698" /><U68/><N who="1" m="26129" /><DORA hai="108" /><U98/><DORA hai="125" /><E35/><V129/><F78/><W116/><G116/><T48/><D95/><U40/><E40/><N who="2" m="15467" /><F59/><W11/><G11/><T17/><REACH who="0" step="1"/><D99/><REACH who="0" ten="250,221,220,299" step="2"/><U53/><E53/><V89/><F89/><W110/><G92/><T114/><D114/><AGARI ba="1,1" hai="20,25,31,113,114,128,129,131" m="15467,24650" machi="114" ten="40,16000,3" yaku="19,1,52,7" doraHai="111,108,125" who="2" fromWho="0" sc="250,-163,221,0,220,173,299,0" /><INIT seed="2,0,0,1,0,61" ten="87,221,393,299" oya="2" hai0="89,40,90,7,31,16,111,125,75,20,99,121,66" hai1="35,64,110,57,92,32,72,117,94,6,122,118,109" hai2="2,30,97,81,38,100,9,37,71,82,29,17,76" hai3="131,4,14,41,18,46,67,44,13,102,12,74,48"/><V8/><F71/><W70/><G74/><T98/><D111/><N who="1" m="42507" /><E72/><V134/><F134/><W108/><G108/><T36/><D121/><U101/><E6/><V87/><F37/><W114/><G114/><T68/><D75/><U54/><E122/><V47/><F9/><W112/><G131/><T120/><D120/><U42/><E42/><V84/><F47/><W123/><G112/><T49/><D36/><U124/><E124/><V50/><F50/><W77/><G123/><T10/><D31/><U80/><E80/><V78/><F38/><W133/><G133/><T95/><D125/><U83/><E83/><V39/><F39/><W65/><G4/><T34/><D34/><N who="1" m="12843" /><E54/><V130/><F130/><W73/><G70/><T27/><D49/><U63/><E101/><V19/><F2/><W129/><G129/><T52/><D27/><U104/><E104/><V26/><F8/><N who="3" m="6407" /><G77/><T135/><D135/><U1/><E1/><V107/><F29/><W128/><G128/><T3/><D40/><U85/><E85/><V23/><AGARI ba="0,0" hai="17,19,23,26,30,76,78,81,82,84,87,97,100,107" machi="23" ten="20,3900,0" yaku="0,1,7,1,9,1" doraHai="61" who="2" fromWho="2" sc="87,-13,221,-13,393,39,299,-13" /><INIT seed="2,1,0,0,5,96" ten="74,208,432,286" oya="2" hai0="133,44,113,124,17,22,23,62,33,103,126,5,63" hai1="12,88,76,55,128,10,25,135,132,3,4,129,80" hai2="28,111,9,59,100,131,107,11,66,77,47,61,130" hai3="92,86,16,73,19,13,99,26,127,36,115,21,98"/><V82/><F28/><W31/><G73/><T87/><D113/><U95/><E25/><V24/><F24/><W94/><G36/><T97/><D33/><U64/><E64/><V27/><F27/><W38/><G38/><T0/><D133/><U104/><E104/><V15/><F47/><W117/><G117/><T108/><D108/><U43/><E43/><V1/><F111/><W57/><G115/><T119/><D119/><U69/><E69/><V105/><F1/><W71/><G71/><T53/><D87/><N who="1" m="52639" /><E55/><V110/><F110/><W83/><G127/><N who="0" m="48683" /><D5/><U18/><E18/><N who="3" m="6698" /><G13/><N who="0" m="9519" /><D23/><U45/><E45/><V6/><F11/><W114/><G114/><T34/><D34/><U60/><E60/><V39/><F39/><W52/><G99/><T121/><D121/><U8/><E8/><V20/><F20/><W106/><G106/><N who="0" m="63855" /><D0/><U85/><E3/><V78/><F78/><N who="3" m="46455" /><G98/><T14/><D14/><U7/><E7/><V46/><F46/><W75/><G75/><T35/><D35/><U37/><E37/><V49/><F107/><W74/><G74/><T125/><N who="0" m="48691" /><T112/><DORA hai="101" /><D112/><U120/><E120/><V40/><F105/><W2/><G2/><T109/><D109/><U54/><E54/><V123/><F123/><W81/><G81/><T29/><D29/><U70/><E70/><V50/><F9/><W30/><G30/><T48/><AGARI ba="1,0" hai="44,48,53,62,63" m="63855,9519,48691" machi="48" ten="40,5200,0" yaku="18,1,52,2" doraHai="96,101" who="0" fromWho="0" sc="74,55,208,-14,432,-27,286,-14" /><INIT seed="3,0,0,1,1,107" ten="129,194,405,272" oya="3" hai0="39,26,49,1,83,67,68,62,44,53,24,78,55" hai1="25,43,51,37,124,32,76,87,19,11,35,47,27" hai2="14,50,111,117,104,3,106,60,15,56,10,102,96" hai3="81,33,4,99,135,94,80,17,79,113,95,126,110"/><W108/><G113/><T7/><D1/><U125/><E37/><V84/><F117/><W133/><G33/><T115/><D115/><U6/><E27/><V75/><F75/><N who="3" m="43135" /><G4/><T134/><D134/><N who="3" m="51209" /><G17/><T74/><D7/><U64/><E64/><V63/><F106/><W20/><G20/><T18/><D18/><U86/><E86/><V12/><F111/><N who="3" m="42539" /><G126/><T61/><D61/><U57/><E19/><V30/><F30/><W119/><G119/><T5/><D5/><U131/><E25/><V116/><F116/><W31/><G31/><T66/><D66/><U21/><E21/><V40/><F3/><W118/><G118/><T54/><D54/><U88/><E131/><V28/><F28/><W58/><G58/><T101/><D55/><U9/><E57/><V34/><F34/><W90/><G99/><T46/><REACH who="0" step="1"/><D101/><REACH who="0" ten="119,194,405,272" step="2"/><U77/><E124/><V105/><F102/><W8/><G8/><T121/><D121/><U91/><E125/><V52/><F10/><W48/><G48/><T130/><D130/><U97/><E11/><V114/><F50/><W128/><G128/><T73/><D73/><U72/><E72/><V129/><F129/><W29/><G29/><T0/><D0/><U22/><E9/><V45/><F114/><W82/><G82/><T65/><D65/><U36/><E6/><V120/><F96/><W16/><G16/><T123/><D123/><U132/><E97/><V69/><F15/><W92/><G81/><T23/><D23/><U41/><E22/><V38/><F14/><W127/><G127/><T70/><D70/><U100/><E132/><RYUUKYOKU ba="0,1" sc="119,15,194,-15,405,-15,272,15" hai0="24,26,39,44,46,49,53,62,67,68,74,78,83" hai3="90,92,94,95" /><INIT seed="3,1,1,5,5,134" ten="134,179,390,287" oya="3" hai0="97,103,125,135,81,37,73,12,123,56,66,84,75" hai1="96,126,124,28,26,131,15,29,110,64,87,122,91" hai2="89,52,104,53,1,61,51,13,129,8,50,42,11" hai3="72,34,118,14,31,109,63,20,92,82,0,17,33"/><W76/><G118/><T38/><D135/><U93/><E122/><V19/><F104/><W132/><G0/><T88/><D123/><U21/><E110/><V85/><F129/><W27/><G132/><T16/><D125/><N who="1" m="48235" /><E131/><V32/><F32/><W111/><G63/><N who="0" m="38247" /><D75/><U70/><E15/><N who="2" m="7655" /><F1/><W77/><G92/><N who="0" m="58791" /><D73/><U114/><E114/><V102/><F102/><W80/><REACH who="3" step="1"/><G34/><REACH who="3" ten="134,179,390,277" step="2"/><T48/><D38/><U40/><E40/><V39/><F39/><W9/><G9/><N who="0" m="6159" /><D37/><U69/><E64/><V112/><F112/><W6/><G6/><T79/><D48/><N who="2" m="18474" /><F42/><W2/><G2/><T58/><D58/><U115/><E115/><V18/><F61/><W99/><G99/><T116/><D116/><U95/><E29/><V117/><F117/><W25/><G25/><T74/><D74/><AGARI ba="1,2" hai="14,17,20,27,31,33,72,74,76,77,80,82,109,111" machi="74" ten="40,7700,0" yaku="1,1,9,1,53,1" doraHai="134" doraHaiUra="10" who="3" fromWho="0" sc="134,-80,179,0,390,0,277,100" /><INIT seed="3,2,0,2,3,18" ten="54,179,390,377" oya="3" hai0="6,10,73,4,69,135,83,57,44,103,62,93,23" hai1="42,119,129,115,110,122,49,75,84,86,27,133,52" hai2="124,111,85,35,104,16,89,92,1,46,79,72,48" hai3="33,51,126,34,76,29,97,12,127,5,67,56,21"/><W20/><G76/><T41/><D69/><U45/><E75/><V113/><F113/><W120/><G120/><T11/><D135/><U134/><E115/><V112/><F112/><W116/><G116/><T60/><D103/><U121/><E119/><V8/><F35/><N who="3" m="13323" /><G29/><T47/><D93/><U102/><E102/><V50/><F124/><N who="3" m="47659" /><G97/><T36/><D57/><U37/><E27/><V15/><F111/><W65/><G65/><T28/><D28/><U26/><E26/><V87/><F104/><W17/><G5/><T90/><D90/><U55/><E86/><V96/><F1/><W68/><G68/><T99/><D99/><U91/><E84/><N who="2" m="32331" /><F72/><W64/><G21/><T108/><D108/><U125/><E91/><V131/><F131/><W117/><G117/><T59/><D59/><U32/><E32/><V98/><F79/><W106/><G106/><T71/><D71/><U105/><E105/><V66/><F66/><W88/><G88/><T109/><D109/><U54/><E125/><V94/><F46/><W3/><G3/><T58/><D58/><U14/><E14/><V2/><F2/><W74/><G74/><T7/><D47/><N who="1" m="24015" /><E110/><V118/><F118/><W101/><G101/><AGARI ba="2,0" hai="8,15,16,48,50,89,92,94,96,98,101" m="32331" machi="101" ten="30,2000,0" yaku="8,1,54,1" doraHai="18" who="2" fromWho="3" sc="54,0,179,0,390,26,377,-26" owari="54,-45.0,179,-22.0,416,52.0,351,15.0" /></mjloggm>