<mjloggm ver="2.3"><GO type="41" lobby="0"/><UN n0="%E7%8E%84%E7%B1%B3" n1="%E7%9C%9F%E8%B1%AA%E9%AC%BC" n2="%E9%A6%99%E7%B9%94%E5%BC%81" n3="%E3%83%88%E3%83%88%E3%83%AA%E5%85%88%E7%94%9F%31%39%E6%AD%B3" dan="15,14,15,14" rate="2003.66,1982.24,2190.43,2009.05" sx="M,M,M,F"/><TAIKYOKU oya="0"/><INIT seed="0,0,0,3,1,59" ten="250,250,250,250" oya="0" hai0="58,129,75,38,120,15,117,91,83,11,32,93,88" hai1="35,6,96,113,110,124,27,71,133,0,95,52,100" hai2="42,61,20,112,44,130,107,10,26,2,86,17,123" hai3="104,127,74,46,5,131,30,89,114,72,90,41,19"/><T115/><D120/><U37/><E37/><V18/><F107/><W121/><G114/><T33/><D115/><U116/><E116/><V51/><F112/><W68/><G104/><T85/><D117/><U34/><E113/><V73/><F73/><W21/><G30/><T76/><D38/><U60/><E110/><V50/><F123/><W47/><G68/><T4/><D129/><U40/><E124/><V92/><F51/><W111/><G127/><T126/><D126/><U29/><E133/><V49/><F49/><W23/><G121/><T43/><D43/><U103/><E40/><V78/><F130/><W64/><G41/><T132/><D132/><U79/><E79/><V12/><F2/><W105/><G105/><T82/><REACH who="0" step="1"/><D58/><REACH who="0" ten="240,250,250,250" step="2"/><U3/><E71/><V125/><F125/><W66/><G131/><T97/><AGARI ba="0,1" hai="4,11,15,32,33,75,76,82,83,85,88,91,93,97" machi="97" ten="20,18000,2" yaku="1,1,2,1,0,1,7,1,54,1,53,2" doraHai="59" doraHaiUra="77" who="0" fromWho="0" sc="240,190,250,-60,250,-60,250,-60" /><INIT seed="0,1,0,5,3,56" ten="430,190,190,190" oya="0" hai0="128,102,63,74,14,118,87,90,13,53,60,50,41" hai1="115,130,117,120,126,73,54,121,93,52,33,57,45" hai2="12,4,105,96,34,124,83,5,101,23,16,0,27" hai3="3,70,127,119,72,112,18,131,64,44,76,82,30"/><T85/><D118/><U89/><E117/><V37/><F37/><W75/><G119/><T48/><D74/><U17/><E73/><V58/><F124/><W114/><G72/><T116/><D116/><U86/><E126/><V51/><F0/><W132/><G127/><T91/><D128/><U134/><E130/><V100/><F100/><W15/><G131/><T81/><D102/><U21/><E33/><V71/><F71/><W2/><G132/><T39/><D39/><U8/><E134/><V24/><F83/><W55/><G30/><T22/><D41/><U36/><E115/><V6/><F34/><W40/><G55/><T49/><D53/><U42/><E8/><V32/><F32/><W38/><G15/><N who="0" m="5643" /><D22/><U19/><E54/><V104/><F104/><W59/><G59/><T69/><D69/><U123/><REACH who="1" step="1"/><E21/><REACH who="1" ten="430,180,190,190" step="2"/><V7/><F51/><AGARI ba="1,1" hai="17,19,36,42,45,51,52,57,86,89,93,120,121,123" machi="51" ten="40,5200,0" yaku="1,1,2,1,54,1,53,0" doraHai="56" doraHaiUra="29" who="1" fromWho="2" sc="430,0,180,65,190,-55,190,0" /><INIT seed="1,0,0,5,2,29" ten="430,245,135,190" oya="1" hai0="102,69,93,116,95,50,52,100,4,3,123,38,81" hai1="21,1,128,92,127,8,28,26,94,41,32,55,47" hai2="31,97,134,68,72,33,124,122,83,131,115,111,135" hai3="42,59,12,5,99,16,71,36,45,109,0,2,74"/><U65/><E128/><V82/><F31/><W70/><G74/><T118/><D38/><U101/><E127/><V39/><F97/><W15/><G109/><T85/><D69/><U64/><E55/><V46/><F83/><W20/><G70/><T6/><D123/><U89/><E101/><N who="0" m="39017" /><D3/><U105/><E105/><V11/><F82/><W88/><G71/><T86/><D118/><U17/><E94/><N who="0" m="35849" /><D116/><U24/><E8/><V63/><F11/><W43/><G88/><N who="0" m="51247" /><D86/><U114/><E114/><V58/><F46/><AGARI ba="0,0" hai="4,6,46,50,52" m="51247,35849,39017" machi="46" ten="30,3900,0" yaku="8,1,54,2" doraHai="29" who="0" fromWho="2" sc="430,39,245,0,135,-39,190,0" /><INIT seed="2,0,0,2,4,15" ten="469,245,96,190" oya="2" hai0="115,124,90,126,77,2,104,109,76,58,93,28,20" hai1="86,11,122,80,94,39,51,0,72,98,135,71,121" hai2="75,47,8,64,38,61,50,99,110,44,34,69,13" hai3="102,117,78,49,85,74,113,103,18,130,83,108,55"/><V107/><F34/><W82/><G117/><T6/><D115/><U131/><E39/><V79/><F75/><W67/><G108/><T36/><D104/><U129/><E71/><V128/><F79/><W134/><G130/><N who="1" m="49674" /><E51/><V10/><F128/><W40/><G134/><T43/><D109/><U84/><E11/><V17/><F110/><W96/><G113/><T106/><D106/><U87/><E0/><V116/><F116/><W89/><G40/><T73/><D58/><U60/><E60/><V25/><F25/><W16/><G67/><T48/><D48/><U21/><E21/><V112/><F112/><W42/><G42/><T5/><D28/><U70/><E70/><V7/><F38/><W27/><G27/><T125/><D20/><U37/><E37/><V133/><F133/><W123/><G123/><N who="1" m="47114" /><E135/><V46/><F99/><W118/><G118/><T3/><D3/><U19/><E19/><V26/><F107/><W66/><G66/><T114/><D114/><U24/><E24/><V1/><REACH who="2" step="1"/><F26/><REACH who="2" ten="469,245,86,190" step="2"/><W68/><G96/><N who="0" m="57399" /><D36/><U45/><E45/><V100/><F100/><W53/><G102/><T41/><D124/><U56/><E72/><V29/><F29/><W22/><G74/><T101/><D73/><U62/><E98/><V12/><F12/><W32/><G32/><T105/><D126/><U127/><E127/><V14/><F14/><W54/><G103/><T91/><D101/><U65/><E94/><V30/><F30/><W111/><G111/><T59/><D125/><U33/><E33/><V35/><F35/><W120/><G120/><T31/><D31/><RYUUKYOKU ba="0,1" sc="469,-15,245,15,86,15,190,-15" hai1="56,62,65,80,84,86,87" hai2="1,7,8,10,13,17,44,46,47,50,61,64,69" /><INIT seed="2,1,1,1,3,97" ten="454,260,101,175" oya="2" hai0="105,121,48,28,16,123,65,34,64,56,108,73,78" hai1="124,125,63,1,12,98,96,117,86,118,84,51,112" hai2="102,41,9,42,71,22,6,20,111,19,90,46,91" hai3="44,38,93,100,53,33,74,134,25,120,132,87,23"/><V43/><F71/><W77/><G120/><T55/><D105/><U114/><E1/><V7/><F46/><W18/><G74/><T31/><D108/><U119/><E51/><V116/><F116/><W17/><G33/><T131/><D131/><U115/><E63/><V36/><F36/><W135/><G77/><T70/><D70/><U50/><E50/><V3/><F111/><W127/><G127/><N who="1" m="48714" /><E12/><V4/><F3/><W81/><G81/><T24/><D31/><U35/><E35/><V99/><F9/><W106/><G106/><T133/><D133/><U76/><E76/><V54/><F54/><W95/><G53/><T13/><D123/><U60/><E60/><V32/><F32/><W103/><G18/><T109/><D121/><U128/><E128/><V94/><REACH who="2" step="1"/><F20/><REACH who="2" ten="454,260,91,175" step="2"/><W47/><G47/><T61/><D34/><U107/><E107/><V110/><F110/><W79/><G44/><T49/><D109/><U30/><E30/><V0/><F0/><W80/><G38/><T104/><D104/><U88/><E88/><V59/><F59/><W52/><G52/><T72/><D28/><U5/><E5/><V113/><F113/><W66/><G66/><T129/><D65/><U82/><E82/><V21/><F21/><W85/><G80/><T83/><D64/><U27/><E27/><AGARI ba="1,2" hai="4,6,7,19,22,27,41,42,43,90,91,94,99,102" machi="27" ten="40,7700,0" yaku="1,1,8,1,52,1,53,0" doraHai="97" doraHaiUra="57" who="2" fromWho="1" sc="454,0,260,-80,91,100,175,0" /><INIT seed="2,2,0,5,5,78" ten="454,180,191,175" oya="2" hai0="99,13,52,105,25,102,119,107,72,109,46,129,95" hai1="91,2,3,126,94,69,101,80,24,28,111,12,117" hai2="41,73,81,75,67,44,62,88,18,122,53,33,49" hai3="9,50,77,42,125,10,5,85,128,121,120,27,32"/><V4/><F33/><W118/><G118/><T36/><D119/><U29/><E117/><V61/><F122/><W96/><G128/><T87/><D72/><U71/><E111/><V56/><F4/><W59/><G125/><T1/><D1/><U92/><E126/><V45/><F18/><W60/><G10/><T15/><D129/><U26/><E12/><V79/><F73/><W58/><G96/><T31/><D109/><U84/><E101/><V35/><F35/><W93/><G27/><T83/><D107/><U133/><E133/><V66/><F44/><W130/><G32/><T86/><D105/><U76/><E76/><V6/><F6/><W134/><G134/><T132/><D132/><U106/><E106/><V115/><F115/><W23/><G23/><N who="0" m="15807" /><D36/><U30/><E30/><V63/><REACH who="2" step="1"/><F88/><REACH who="2" ten="454,180,181,175" step="2"/><W123/><G130/><T11/><D83/><U47/><E47/><V40/><F40/><W97/><G42/><T39/><D46/><U65/><E91/><V19/><F19/><W21/><G121/><T82/><D82/><U113/><E80/><V124/><F124/><W20/><G123/><T108/><D108/><U110/><E110/><V127/><F127/><W0/><G120/><T37/><D102/><U98/><E113/><V16/><F16/><W7/><G7/><T38/><D99/><U104/><E104/><V135/><F135/><W90/><G97/><T64/><D95/><U114/><E98/><V103/><F103/><W55/><G77/><T74/><D74/><U54/><E114/><V17/><F17/><W48/><G48/><BYE who="3" /><AGARI ba="2,1" hai="41,45,48,49,53,56,61,62,63,66,67,75,79,81" machi="48" ten="40,3900,0" yaku="1,1,52,1,53,0" doraHai="78" doraHaiUra="116" who="2" fromWho="3" sc="454,0,180,0,181,55,175,-45" /><INIT seed="2,3,0,4,3,113" ten="454,180,236,130" oya="2" hai0="123,35,25,57,124,30,74,97,96,73,86,28,58" hai1="134,33,99,7,105,65,56,29,135,111,69,118,95" hai2="41,24,75,78,93,23,50,6,36,13,68,4,114" hai3="101,81,39,66,108,115,10,79,32,126,2,44,132"/><V92/><F68/><UN n3="%E3%83%88%E3%83%88%E3%83%AA%E5%85%88%E7%94%9F%31%39%E6%AD%B3" /><W127/><G32/><T63/><D123/><U37/><E37/><V133/><F36/><W22/><G115/><T59/><D124/><N who="3" m="47657" /><G108/><T83/><D63/><U89/><E111/><V62/><F114/><W85/><G132/><N who="1" m="50730" /><E69/><V125/><F133/><W106/><G66/><T17/><D28/><U80/><E105/><V45/><F125/><W70/><G70/><T5/><D5/><U31/><E7/><V34/><F34/><W71/><G71/><T84/><D17/><U52/><E65/><V16/><F75/><W18/><G10/><T21/><D35/><U128/><E128/><V14/><F78/><W121/><G2/><T87/><REACH who="0" step="1"/><D83/><REACH who="0" ten="444,180,236,130" step="2"/><U104/><E33/><V130/><F130/><W94/><G121/><T48/><D48/><N who="1" m="30727" /><E104/><V46/><F62/><W103/><G106/><T67/><D67/><U19/><E19/><V1/><F1/><W53/><G39/><T116/><D116/><U26/><E118/><V15/><F4/><W49/><G94/><N who="2" m="36457" /><F6/><W72/><G18/><T3/><D3/><U12/><E80/><V0/><F0/><W110/><G110/><T122/><D122/><U42/><E31/><V9/><F9/><W40/><G22/><T82/><D82/><U100/><E29/><V11/><F11/><W27/><G72/><AGARI ba="3,1" hai="21,25,30,57,58,59,72,73,74,84,86,87,96,97" machi="72" ten="50,1600,0" yaku="1,1,53,0" doraHai="113" doraHaiUra="51" who="0" fromWho="3" sc="444,35,180,0,236,0,130,-25" /><INIT seed="3,0,0,3,3,86" ten="479,180,236,105" oya="3" hai0="62,24,104,44,97,94,118,108,87,48,71,89,131" hai1="55,116,133,60,46,22,7,113,72,39,68,76,21" hai2="102,16,30,63,117,28,79,120,80,101,56,49,58" hai3="29,125,34,36,107,43,69,123,15,91,9,93,98"/><W37/><G123/><T90/><D118/><U31/><E116/><V100/><F117/><W70/><G125/><T83/><D108/><U0/><E133/><V59/><F63/><W45/><G37/><T85/><D131/><U3/><E113/><V32/><F32/><W47/><G47/><T103/><D24/><U10/><E0/><V57/><F120/><W111/><G107/><T106/><D71/><U112/><E112/><V110/><F110/><W50/><G111/><T33/><D62/><U6/><E6/><V126/><F126/><W88/><G36/><T119/><D33/><U20/><E31/><V135/><F135/><W74/><G74/><T4/><D4/><U127/><E127/><V73/><F49/><W134/><G134/><T19/><D19/><U38/><E68/><V61/><REACH who="2" step="1"/><F16/><REACH who="2" ten="479,180,226,105" step="2"/><W78/><G34/><T2/><D119/><U27/><E27/><V95/><F95/><N who="3" m="56679" /><G70/><T84/><D94/><U67/><E67/><AGARI ba="0,1" hai="28,30,56,57,58,59,61,67,73,79,80,100,101,102" machi="67" ten="40,1300,0" yaku="1,1,53,0" doraHai="86" doraHaiUra="14" who="2" fromWho="1" sc="479,0,180,-13,226,23,105,0" /><INIT seed="4,0,0,1,0,85" ten="479,167,249,105" oya="0" hai0="58,80,95,135,92,64,30,118,79,117,37,121,52" hai1="73,53,102,38,82,119,22,14,128,67,3,110,16" hai2="113,94,99,124,28,42,97,51,88,74,39,106,104" hai3="91,18,7,127,9,41,70,126,32,93,62,77,78"/><T23/><D121/><U29/><E119/><V15/><F39/><W56/><G32/><T125/><D37/><U86/><E110/><V4/><F28/><W19/><G70/><T25/><D64/><U72/><E128/><V59/><F74/><W20/><G41/><T89/><D125/><U112/><E38/><V6/><F124/><W71/><G71/><T130/><D130/><U12/><E3/><V50/><F113/><W2/><G19/><T68/><D68/><U101/><E112/><V33/><F33/><W123/><G123/><T98/><D92/><U129/><E129/><V45/><F106/><W69/><G69/><T133/><D133/><U21/><E67/><V24/><F24/><W26/><G127/><T63/><REACH who="0" step="1"/><D135/><REACH who="0" ten="469,167,249,105" step="2"/><U81/><E53/><N who="2" m="32183" /><F104/><W66/><REACH who="3" step="1"/><G126/><REACH who="3" ten="469,167,249,95" step="2"/><T84/><AGARI ba="0,2" hai="23,25,30,52,58,63,79,80,84,89,95,98,117,118" machi="84" ten="20,18000,2" yaku="1,1,0,1,7,1,52,1,54,1,53,2" doraHai="85" doraHaiUra="114" who="0" fromWho="0" sc="469,200,167,-60,249,-60,95,-60" /><INIT seed="4,1,0,2,3,62" ten="669,107,189,35" oya="0" hai0="34,76,16,15,89,57,2,55,72,23,41,106,113" hai1="88,115,50,123,38,51,29,8,128,30,70,124,69" hai2="109,74,117,59,64,37,135,118,68,32,112,93,6" hai3="17,9,110,120,94,81,10,35,24,21,47,65,12"/><T4/><D34/><U132/><E123/><V119/><F32/><W108/><G120/><T122/><D122/><U126/><E38/><V20/><F74/><W67/><G35/><T92/><D106/><U125/><E8/><V54/><F6/><W98/><G10/><T96/><D113/><U129/><E115/><V131/><F112/><W13/><G13/><T103/><D41/><U134/><E88/><V71/><F109/><W111/><G47/><T66/><D66/><U28/><E51/><V99/><F37/><W105/><G105/><T52/><D2/><U31/><N who="1" m="7680" /><DORA hai="104" /><U75/><E75/><V130/><F20/><W40/><G40/><T11/><D72/><U82/><E82/><V22/><F22/><W27/><G81/><T91/><D76/><U3/><E50/><V0/><F0/><W7/><REACH who="3" step="1"/><G27/><REACH who="3" ten="669,107,189,25" step="2"/><N who="0" m="14823" /><D55/><U25/><E25/><V48/><F135/><N who="1" m="51753" /><E3/><V97/><F93/><W84/><G84/><T102/><D15/><U45/><E45/><N who="2" m="27919" /><F97/><W100/><AGARI ba="1,1" hai="7,9,12,17,21,24,65,67,94,98,100,108,110,111" machi="100" ten="30,7900,0" yaku="1,1,0,1,52,2,53,0" doraHai="62,104" doraHaiUra="36,133" who="3" fromWho="3" sc="669,-40,107,-21,189,-21,25,92" /><INIT seed="5,0,0,1,1,68" ten="629,86,168,117" oya="1" hai0="99,31,24,1,28,82,71,11,96,89,87,105,108" hai1="81,83,133,62,45,69,127,7,122,128,101,123,42" hai2="59,77,121,90,98,55,2,109,30,14,107,13,52" hai3="135,61,106,100,15,10,38,51,37,26,72,95,9"/><U34/><E34/><V118/><F2/><W67/><G72/><T40/><D108/><U21/><E7/><V29/><F109/><W79/><G79/><T92/><D105/><U16/><E101/><V3/><F3/><W49/><G106/><T43/><D71/><U5/><E5/><V110/><F110/><W64/><G135/><T41/><D1/><U4/><E4/><V19/><F107/><W12/><G100/><N who="0" m="60423" /><D11/><N who="3" m="4105" /><G61/><T58/><D99/><U80/><E133/><V91/><F77/><W134/><G26/><T86/><D24/><U112/><E112/><V88/><F121/><W53/><G53/><N who="2" m="20553" /><F59/><W36/><G95/><N who="0" m="54711" /><D58/><U93/><E93/><V44/><F44/><W39/><N who="3" m="9216" /><DORA hai="35" /><W57/><G57/><T23/><D23/><U116/><E116/><V131/><F118/><W124/><G124/><T8/><D8/><U111/><E127/><V113/><F113/><W46/><G46/><T60/><D60/><U17/><E111/><V130/><F98/><W32/><G32/><T114/><D114/><U56/><E69/><V25/><F25/><W48/><G134/><T129/><D41/><U20/><E42/><V120/><F120/><W117/><G117/><T22/><D40/><U50/><E123/><V78/><F78/><W6/><G6/><T0/><D43/><N who="1" m="24895" /><E122/><V70/><F70/><W74/><G74/><T47/><D47/><U27/><E128/><N who="2" m="49195" /><F19/><N who="1" m="7241" /><E27/><V104/><F104/><W97/><G97/><T54/><D129/><U126/><E126/><V75/><F75/><W103/><G103/><T76/><D76/><U63/><E63/><V65/><F65/><AGARI ba="0,0" hai="12,15,48,49,51,64,65,67" m="9216,4105" machi="65" ten="60,12000,2" yaku="6,1,28,2,52,4" doraHai="68,35" who="3" fromWho="2" sc="629,0,86,0,168,-120,117,120" /><AGARI ba="0,0" hai="20,21,56,62,65,80,81,83" m="7241,24895" machi="65" ten="30,5800,0" yaku="6,1,8,1,54,1" doraHai="68,35" who="1" fromWho="2" sc="629,0,86,58,48,-58,237,0" owari="629,73.0,144,-26.0,-10,-51.0,237,4.0" /></mjloggm>