<mjloggm ver="2.3"><GO type="97" lobby="0"/><UN n0="%E5%B0%B1%E6%B4%BB%E7%94%9F%40%E5%B7%9D%E6%9D%91%E8%BB%8D%E5%9B%A3" n1="%E7%B7%91%E3%81%AE%E3%81%9F%E3%81%AC%E3%81%8D%EF%BC%B3%EF%BC%B0" n2="%E3%82%B8%E3%83%A5%E3%83%A9%E3%82%A4" n3="%E6%97%A9%E4%B9%99%E5%A5%B3%E7%8F%A0%E5%A7%AB" dan="14,13,13,14" rate="1921.43,1819.34,1859.82,1887.71" sx="M,M,M,F"/><TAIKYOKU oya="0"/><INIT seed="0,0,0,1,4,101" ten="250,250,250,250" oya="0" hai0="66,71,27,132,2,69,12,14,85,59,9,103,4" hai1="64,61,106,86,73,96,18,130,100,7,98,112,97" hai2="134,20,50,22,135,17,21,108,104,115,40,121,129" hai3="116,60,120,30,131,119,102,127,82,78,122,45,125"/><T75/><D75/><U33/><E73/><V65/><F121/><N who="3" m="46699" /><G60/><T90/><D132/><N who="2" m="50730" /><F115/><W68/><G30/><T95/><D103/><U15/><E112/><V37/><F37/><W99/><G68/><T79/><D79/><U57/><E33/><V123/><F123/><W110/><G110/><T53/><D27/><U114/><E114/><V5/><F108/><W88/><G45/><T31/><D31/><U39/><E39/><V111/><F111/><W109/><G109/><T105/><D105/><U36/><E36/><V58/><F129/><W124/><G131/><T32/><D32/><U49/><E130/><V91/><F5/><W38/><G38/><T70/><REACH who="0" step="1"/><D66/><REACH who="0" ten="240,250,250,250" step="2"/><U52/><E7/><V87/><F65/><W3/><G3/><T46/><D46/><U94/><E86/><V42/><F104/><N who="3" m="63583" /><G78/><T26/><D26/><U29/><E29/><V56/><F91/><W89/><G82/><T80/><D80/><U62/><E64/><V83/><F83/><W107/><G107/><T55/><D55/><U10/><REACH who="1" step="1"/><E97/><REACH who="1" ten="240,240,250,250" step="2"/><V11/><F87/><W51/><G119/><T41/><D41/><U93/><E93/><V6/><F42/><W92/><G116/><T8/><D8/><U72/><E72/><V117/><F117/><W81/><G81/><T19/><D19/><U74/><E74/><V25/><F40/><W23/><G92/><T133/><D133/><U126/><E126/><V54/><F17/><W84/><G84/><T24/><D24/><U43/><E43/><V113/><F113/><W16/><G16/><T35/><D35/><U0/><E0/><RYUUKYOKU ba="0,2" sc="240,15,240,15,250,-15,250,-15" hai0="2,4,9,12,14,53,59,69,70,71,85,90,95" hai1="10,15,18,49,52,57,61,62,94,96,98,100,106" /><INIT seed="0,1,2,5,5,40" ten="255,255,235,235" oya="0" hai0="101,15,133,97,131,16,77,108,98,52,121,91,65" hai1="83,0,45,76,11,74,6,109,119,2,69,132,99" hai2="22,122,100,42,50,60,75,23,37,115,34,55,135" hai3="28,90,10,20,7,27,26,51,46,73,94,134,58"/><T8/><D121/><U31/><E31/><V84/><F122/><W3/><G73/><T61/><D131/><U25/><E119/><V129/><F75/><W105/><G134/><T72/><D133/><U67/><E132/><V62/><F115/><W21/><G105/><T86/><D108/><U123/><E25/><V92/><F129/><W128/><G58/><N who="0" m="37047" /><D72/><U81/><E123/><V96/><F34/><W87/><G128/><T49/><D77/><U88/><E109/><V17/><F135/><W5/><G5/><T63/><D63/><U124/><E67/><V24/><F37/><W118/><G118/><T125/><D101/><U33/><E69/><V12/><F42/><W38/><G38/><T9/><D9/><U41/><E33/><V39/><F39/><W70/><G70/><T89/><D125/><U56/><E56/><V120/><F84/><W93/><G93/><N who="0" m="54455" /><D91/><U112/><E112/><V66/><F66/><W30/><G51/><T19/><D19/><U104/><E124/><V103/><F120/><W53/><G53/><T110/><D110/><U113/><E113/><V47/><F103/><W82/><REACH who="3" step="1"/><G46/><AGARI ba="1,2" hai="8,15,16,46,49,52,97,98" m="54455,37047" machi="46" ten="30,11600,0" yaku="8,1,52,1,54,2" doraHai="40" who="0" fromWho="3" sc="255,139,255,0,235,0,235,-119" /><INIT seed="0,2,0,2,2,113" ten="394,255,235,116" oya="0" hai0="24,11,135,94,85,129,66,118,106,117,73,93,64" hai1="101,17,124,53,21,27,13,122,75,28,50,41,39" hai2="69,84,25,110,83,96,102,92,40,63,116,29,99" hai3="131,74,56,47,88,105,65,3,62,42,130,30,80"/><T98/><D73/><U16/><E75/><V70/><F110/><W109/><G105/><T126/><D129/><N who="3" m="49161" /><G109/><T8/><D135/><U9/><E122/><V112/><F112/><W12/><G3/><T15/><D126/><U44/><E101/><V59/><F40/><W103/><G30/><T95/><D24/><U125/><REACH who="1" step="1"/><E28/><REACH who="1" ten="394,245,235,116" step="2"/><V86/><F116/><W2/><G103/><T121/><D121/><U38/><E38/><V134/><F134/><W31/><G31/><T36/><D117/><U26/><E26/><V133/><F133/><W123/><G123/><T18/><D36/><U51/><E51/><V49/><F49/><N who="3" m="26871" /><G2/><T78/><D118/><U0/><E0/><V128/><F128/><W72/><G12/><T67/><D106/><U81/><E81/><V108/><F108/><W115/><G115/><T32/><D32/><U46/><AGARI ba="2,1" hai="9,13,16,17,21,27,39,41,44,46,50,53,124,125" machi="46" ten="30,4000,0" yaku="1,1,0,1,54,1,53,0" doraHai="113" doraHaiUra="79" who="1" fromWho="1" sc="394,-22,245,56,235,-12,116,-12" /><INIT seed="1,0,0,5,4,87" ten="372,301,223,104" oya="1" hai0="36,63,47,1,130,127,112,17,31,74,108,46,19" hai1="95,48,71,72,59,43,45,122,34,124,27,126,41" hai2="123,53,8,78,25,117,90,57,15,107,69,96,86" hai3="55,129,115,29,106,81,33,75,94,116,120,91,101"/><U113/><E72/><V134/><F69/><W32/><G120/><T23/><D74/><U10/><E71/><V54/><F123/><W4/><G115/><T2/><D112/><U88/><E113/><V70/><F70/><W5/><G129/><T28/><D130/><U125/><E59/><V121/><F121/><W80/><G29/><T6/><D127/><U89/><E122/><V61/><F117/><W7/><G55/><T67/><D108/><U82/><E10/><V65/><F134/><W52/><G52/><T50/><D36/><U39/><E82/><V13/><F25/><W97/><G116/><T73/><D73/><U109/><E95/><N who="2" m="56439" /><F107/><W79/><REACH who="3" step="1"/><G81/><REACH who="3" ten="372,301,223,94" step="2"/><T83/><D47/><N who="1" m="23999" /><E109/><V131/><F131/><W118/><G118/><T0/><D83/><U12/><E12/><V26/><F15/><W9/><G9/><T60/><D46/><U111/><E111/><V35/><F26/><W37/><G37/><T119/><D67/><U93/><E93/><V40/><F40/><W22/><G22/><T92/><D119/><U58/><E58/><V51/><F54/><W110/><G110/><T56/><D92/><U30/><AGARI ba="0,1" hai="27,30,34,43,45,48,88,89,124,125,126" m="23999" machi="30" ten="40,12000,1" yaku="18,1,52,2,54,1" doraHai="87" who="1" fromWho="1" sc="372,-40,301,130,223,-40,94,-40" /><INIT seed="1,1,0,1,5,37" ten="332,431,183,54" oya="1" hai0="43,68,88,0,83,32,20,99,27,80,23,4,81" hai1="112,76,123,18,133,9,93,55,52,95,121,106,42" hai2="54,45,3,69,63,25,79,108,47,125,10,82,31" hai3="39,62,105,120,36,100,34,17,33,74,11,30,127"/><U94/><E106/><V77/><F108/><W96/><G120/><T73/><D68/><U86/><E112/><V13/><F3/><W35/><G127/><T109/><D109/><U5/><E18/><V113/><F125/><W104/><G74/><T48/><D73/><U118/><E118/><V70/><F113/><W38/><G62/><T58/><D0/><U131/><E133/><V57/><F70/><W130/><G130/><T90/><D4/><U16/><E131/><V117/><F69/><W41/><G30/><T44/><D32/><U116/><E116/><V15/><F117/><W103/><G17/><N who="0" m="12687" /><D99/><U28/><E28/><V101/><F101/><W92/><G11/><T65/><D23/><U40/><E5/><V64/><F13/><W7/><G7/><T67/><D58/><U60/><E123/><V111/><F111/><W61/><G61/><T6/><D6/><U26/><E121/><V2/><F2/><W122/><G122/><T53/><D53/><N who="1" m="20555" /><E60/><V84/><F77/><W19/><G19/><T24/><D24/><U71/><E71/><V85/><F85/><W126/><G126/><T21/><D21/><N who="1" m="13607" /><E9/><V22/><REACH who="2" step="1"/><F54/><REACH who="2" ten="332,431,173,54" step="2"/><W51/><REACH who="3" step="1"/><G103/><REACH who="3" ten="332,431,173,44" step="2"/><T110/><D110/><U46/><E76/><V132/><F132/><W119/><G119/><T29/><D67/><U56/><E56/><V129/><F129/><W75/><G75/><T8/><D65/><U134/><E134/><V59/><F59/><W14/><G14/><T124/><D124/><U78/><E78/><V66/><F66/><W115/><G115/><T114/><D114/><U91/><E46/><AGARI ba="1,2" hai="33,34,35,36,38,39,41,46,51,92,96,100,104,105" machi="46" ten="50,6400,0" yaku="1,1,6,1,52,1,53,0" doraHai="37" doraHaiUra="87" who="3" fromWho="1" sc="332,0,431,-67,173,0,44,87" /><INIT seed="2,0,0,0,3,93" ten="332,364,173,131" oya="2" hai0="109,92,21,6,81,1,19,102,95,120,130,116,2" hai1="91,123,101,23,58,73,78,54,77,62,57,50,84" hai2="79,122,29,11,104,74,90,31,30,125,53,27,43" hai3="99,9,26,76,25,3,113,15,71,75,88,80,119"/><V35/><F122/><W32/><G119/><T110/><D120/><U72/><E72/><V12/><F125/><W51/><G71/><T98/><D116/><U20/><E73/><V36/><F104/><W38/><G38/><T33/><D130/><U107/><E123/><V18/><F53/><W48/><G3/><T55/><D33/><U111/><E111/><N who="0" m="42505" /><D6/><U124/><E124/><V17/><F90/><W127/><G113/><T96/><D55/><N who="1" m="31991" /><E101/><V85/><F74/><W121/><G127/><T46/><D46/><U70/><E70/><V134/><F134/><W7/><G121/><T39/><D39/><U47/><E47/><V94/><F17/><W37/><G37/><T67/><D67/><U83/><E107/><V115/><F115/><W65/><G65/><T106/><D81/><U126/><E126/><V13/><F43/><W5/><G5/><T129/><D129/><U103/><E103/><V100/><F36/><W10/><G32/><T68/><D68/><U44/><E44/><V105/><F105/><W40/><G9/><T117/><D117/><U56/><E56/><V8/><F100/><W108/><G108/><T61/><D61/><U41/><E41/><V97/><F35/><W42/><G26/><N who="0" m="14655" /><D106/><U89/><E89/><AGARI ba="0,0" hai="1,2,89,92,95,96,98,102" m="14655,42505" machi="89" ten="30,3900,0" yaku="14,1,52,2" doraHai="93" who="0" fromWho="1" sc="332,39,364,-39,173,0,131,0" /><INIT seed="3,0,0,0,2,22" ten="371,325,173,131" oya="3" hai0="124,84,133,81,1,107,104,90,96,116,65,79,115" hai1="33,8,71,16,45,2,54,63,28,134,42,97,61" hai2="9,53,123,37,17,52,76,99,70,127,118,103,11" hai3="67,130,72,40,98,26,12,111,102,128,62,31,94"/><W27/><G72/><T121/><D1/><U24/><E71/><V86/><F118/><W74/><G74/><N who="0" m="43255" /><D65/><U15/><E54/><V32/><F70/><W59/><G40/><T114/><D121/><U60/><E97/><V119/><F37/><W77/><G77/><T105/><D116/><U117/><E117/><V87/><F119/><W113/><G113/><N who="0" m="43019" /><D133/><U101/><E101/><V109/><F109/><W6/><G111/><T108/><D108/><U30/><E134/><V34/><F123/><W38/><G38/><T83/><D124/><U18/><E2/><V132/><F132/><W91/><G102/><AGARI ba="0,0" hai="83,84,90,96,102,104,105,107" m="43019,43255" machi="102" ten="30,3900,0" yaku="11,1,34,2" doraHai="22" who="0" fromWho="3" sc="371,39,325,0,173,0,131,-39" owari="410,51.0,325,13.0,173,-23.0,92,-41.0" /></mjloggm>