<mjloggm ver="2.3"><GO type="169" lobby="0"/><UN n0="%68%61%79%61%74%6F%E2%98%86" n1="%E3%82%A6%E3%83%AB%E3%83%88%E3%83%A9%E7%AB%8B%E7%9B%B4" n2="%6B%6F%6B%75%73%68%69%61" n3="%E4%BB%AE%E9%B3%B3%E5%87%B0%E6%B0%91" dan="17,17,17,17" rate="2144.00,2132.31,2159.89,2171.17" sx="M,M,M,M"/><TAIKYOKU oya="0"/><INIT seed="0,0,0,1,1,68" ten="250,250,250,250" oya="0" hai0="24,61,127,44,123,50,25,63,75,33,19,14,102" hai1="31,90,111,113,48,30,133,8,34,132,77,13,2" hai2="26,129,109,55,16,97,35,67,104,76,95,15,128" hai3="94,86,32,11,85,83,3,4,23,101,60,6,98"/><T20/><D123/><U79/><E2/><V81/><F109/><W119/><G119/><T88/><D75/><U47/><E111/><V18/><F104/><W115/><G32/><T12/><D102/><U131/><E90/><V45/><F67/><W69/><G115/><T64/><D127/><U106/><E106/><V66/><F66/><W120/><G120/><T114/><D114/><U65/><E65/><V10/><F35/><W71/><G60/><T135/><D135/><N who="1" m="51787" /><E131/><V93/><F26/><W56/><G56/><T21/><D33/><U53/><E113/><V103/><F18/><W122/><G122/><T0/><D0/><U80/><E77/><V38/><F93/><W100/><G6/><T43/><D88/><U112/><E34/><V22/><F22/><W49/><G49/><T40/><D43/><U89/><E89/><V7/><F7/><W54/><G101/><T52/><D40/><U124/><E124/><V42/><REACH who="2" step="1"/><F55/><REACH who="2" ten="250,250,240,250" step="2"/><W84/><G54/><T87/><D64/><U36/><E112/><V5/><F5/><W130/><G71/><T82/><D14/><U70/><E70/><V57/><F57/><W39/><G69/><T27/><D21/><U17/><E31/><V121/><F121/><W110/><G23/><T91/><AGARI ba="0,1" hai="12,19,20,24,25,27,44,50,52,61,63,82,87,91" machi="91" ten="30,6000,0" yaku="0,1,8,1,54,1" doraHai="68" who="0" fromWho="0" sc="250,70,250,-20,240,-20,250,-20" /><INIT seed="0,1,0,2,5,112" ten="320,230,220,230" oya="0" hai0="41,105,99,92,116,23,79,121,8,40,132,37,69" hai1="88,131,46,45,82,93,74,60,12,130,120,2,25" hai2="67,94,53,43,75,4,66,98,3,110,19,26,102" hai3="6,35,42,57,117,7,71,36,13,20,90,31,59"/><T97/><D121/><U32/><E2/><V50/><F75/><W84/><G71/><T104/><D69/><U0/><E0/><V125/><F110/><W56/><G35/><T85/><D23/><U21/><E32/><V72/><F72/><W24/><G117/><T134/><D92/><U63/><E12/><V91/><F125/><W52/><G36/><T10/><D85/><U62/><E120/><V15/><F43/><W96/><G42/><T14/><D14/><U64/><E64/><V129/><F129/><N who="1" m="49161" /><E82/><V54/><F3/><W103/><G13/><T101/><D79/><U107/><E107/><V58/><F4/><W77/><G77/><T68/><D68/><U133/><E133/><V81/><F26/><W76/><G76/><T49/><D49/><U34/><E34/><V86/><REACH who="2" step="1"/><F54/><REACH who="2" ten="320,230,210,230" step="2"/><W115/><G115/><T33/><D33/><U100/><E74/><V44/><F44/><W51/><G7/><T39/><REACH who="0" step="1"/><D101/><REACH who="0" ten="310,230,210,230" step="2"/><U73/><E100/><V27/><F27/><W55/><G6/><T18/><D18/><N who="1" m="12471" /><E73/><V17/><F17/><W83/><REACH who="3" step="1"/><G55/><REACH who="3" ten="310,230,210,220" step="2"/><T5/><D5/><U78/><E78/><V113/><F113/><W80/><G80/><T124/><D124/><U16/><E16/><V87/><F87/><AGARI ba="1,3" hai="45,46,60,62,63,87,88,93" m="12471,49161" machi="87" ten="30,2000,0" yaku="19,1,54,1" doraHai="112" who="1" fromWho="2" sc="310,0,230,53,210,-23,220,0" /><INIT seed="1,0,0,2,1,75" ten="310,283,187,220" oya="1" hai0="82,91,105,14,61,57,60,56,99,69,119,27,89" hai1="51,24,123,132,110,108,35,78,90,83,103,10,129" hai2="58,37,94,117,26,16,106,102,45,11,134,46,2" hai3="92,120,7,54,6,96,88,85,43,13,67,68,39"/><U116/><E116/><V131/><F106/><W87/><G120/><T50/><D119/><U33/><E123/><V73/><F117/><W15/><G39/><T38/><D38/><U48/><E103/><V4/><F131/><W28/><G43/><T97/><D69/><U62/><E90/><V113/><F134/><W52/><G28/><T5/><D50/><N who="1" m="18987" /><E62/><V40/><F113/><W49/><G67/><T84/><D27/><U21/><E10/><V74/><F46/><W70/><G70/><T127/><D127/><U44/><E44/><V47/><F47/><N who="3" m="27711" /><G54/><T135/><D135/><U112/><E112/><V93/><F58/><W8/><G68/><T31/><D105/><U109/><E132/><V95/><REACH who="2" step="1"/><F102/><REACH who="2" ten="310,283,177,220" step="2"/><W133/><G133/><T115/><D57/><U59/><E59/><V125/><F125/><W3/><G3/><T17/><D56/><U19/><E129/><V22/><AGARI ba="0,1" hai="2,4,11,16,22,26,37,40,45,73,74,93,94,95" machi="22" ten="30,4000,0" yaku="1,1,0,1,54,1,53,0" doraHai="75" doraHaiUra="76" who="2" fromWho="2" sc="310,-10,283,-20,177,50,220,-10" /><INIT seed="2,0,0,2,3,40" ten="300,263,227,210" oya="2" hai0="5,54,104,20,134,117,105,103,68,87,111,4,21" hai1="59,96,86,82,122,97,66,18,99,11,109,126,8" hai2="6,83,93,71,110,22,60,26,73,69,49,65,114" hai3="128,106,115,30,53,125,123,118,70,64,51,121,32"/><V3/><F114/><W132/><RYUUKYOKU type="yao9" ba="0,0" sc="300,0,263,0,227,0,210,0" hai3="30,32,51,53,64,70,106,115,118,121,123,125,128,132" /><INIT seed="2,1,0,1,1,72" ten="300,263,227,210" oya="2" hai0="130,114,3,19,32,112,8,83,36,69,74,127,121" hai1="124,68,129,108,122,30,38,29,4,133,54,1,123" hai2="7,59,88,99,115,75,56,90,106,95,39,34,98" hai3="131,92,27,97,78,48,26,49,61,23,94,15,12"/><V126/><F34/><W44/><G131/><T85/><RYUUKYOKU type="yao9" ba="1,0" sc="300,0,263,0,227,0,210,0" hai0="3,8,19,32,36,69,74,83,85,112,114,121,127,130" /><INIT seed="2,2,0,0,3,2" ten="300,263,227,210" oya="2" hai0="31,19,51,17,25,122,21,79,90,50,56,91,134" hai1="115,48,38,131,35,9,37,89,113,106,114,110,62" hai2="69,70,24,29,52,39,97,43,0,72,105,125,118" hai3="45,68,10,74,103,61,3,27,44,96,104,102,58"/><V57/><F118/><W112/><G112/><T67/><D122/><U85/><E35/><V98/><F72/><W15/><G3/><T123/><D123/><U75/><E75/><V41/><F125/><W88/><G74/><T71/><D71/><U34/><E34/><V18/><F0/><W8/><G8/><T59/><D79/><U129/><E106/><V87/><F18/><N who="0" m="6666" /><D134/><U133/><E133/><V76/><F69/><W128/><G128/><T130/><D130/><U14/><E110/><V80/><F70/><W32/><G102/><T73/><D73/><U99/><E37/><V54/><F105/><W92/><G68/><T119/><D119/><U40/><E38/><V94/><F39/><W135/><G135/><T28/><D28/><U5/><E131/><V30/><F98/><W33/><G33/><T82/><D82/><U12/><E129/><V36/><F36/><W101/><G27/><T132/><D132/><U4/><E99/><V13/><F13/><W46/><G32/><T55/><D51/><U127/><E127/><V7/><F30/><W26/><G26/><T16/><D31/><U83/><E62/><AGARI ba="2,0" hai="16,21,25,50,55,56,59,62,67,90,91" m="6666" machi="62" ten="30,2000,0" yaku="8,1,54,1" doraHai="2" who="0" fromWho="1" sc="300,26,263,-26,227,0,210,0" /><INIT seed="3,0,0,1,0,110" ten="326,237,227,210" oya="3" hai0="15,133,33,23,78,129,11,48,0,51,6,54,102" hai1="30,77,127,12,115,76,69,124,57,41,72,67,88" hai2="114,79,40,62,18,22,5,85,89,131,63,132,95" hai3="43,130,80,16,36,17,68,122,99,44,92,121,128"/><W31/><G68/><T126/><D33/><U28/><E69/><V108/><F108/><W65/><G65/><T73/><D126/><N who="1" m="48171" /><E41/><V4/><F132/><W7/><G7/><T50/><D133/><U90/><E12/><V61/><F131/><N who="3" m="50219" /><G31/><N who="1" m="11818" /><E115/><V56/><F114/><W2/><G80/><T98/><D78/><N who="1" m="30315" /><E72/><V66/><F79/><W91/><G2/><T35/><D73/><U96/><E96/><V55/><F40/><W3/><G3/><T20/><D35/><U109/><E109/><V38/><F38/><W59/><G59/><T14/><D129/><U74/><E74/><V104/><F104/><W26/><G26/><T52/><D0/><U94/><E94/><V45/><F45/><W117/><G117/><T123/><D123/><AGARI ba="0,0" hai="16,17,36,43,44,91,92,99,121,122,123" m="50219" machi="123" ten="30,2900,0" yaku="19,1,54,1" doraHai="110" who="3" fromWho="0" sc="326,-29,237,0,227,0,210,29" /><INIT seed="3,1,0,2,4,7" ten="297,237,227,239" oya="3" hai0="134,85,79,71,106,129,97,95,127,52,74,88,19" hai1="11,60,43,108,90,45,10,131,44,30,9,112,46" hai2="17,100,31,111,110,133,130,55,118,93,86,119,105" hai3="113,104,33,53,102,114,70,89,4,72,64,87,3"/><W124/><G72/><T63/><D127/><U76/><E112/><V99/><F31/><W98/><G124/><T58/><D71/><U28/><E131/><V77/><F55/><W92/><G33/><T37/><D37/><U18/><E108/><N who="2" m="41515" /><F17/><W42/><G42/><T22/><D129/><U126/><E126/><V23/><F23/><W5/><G53/><T38/><D38/><U36/><E36/><V50/><F50/><W73/><G5/><T24/><D134/><U0/><E0/><V16/><F16/><W96/><G96/><T14/><D74/><U41/><E76/><V122/><F133/><W21/><G21/><T117/><D117/><U68/><E18/><V8/><F8/><W107/><G107/><T115/><D115/><U67/><REACH who="1" step="1"/><E90/><REACH who="1" ten="297,227,227,239" step="2"/><N who="2" m="53463" /><F130/><W123/><G123/><T83/><REACH who="0" step="1"/><D106/><REACH who="0" ten="287,227,227,239" step="2"/><U15/><E15/><AGARI ba="1,2" hai="14,15,19,22,24,52,58,63,79,83,85,88,95,97" machi="15" ten="40,16000,3" yaku="1,1,2,1,25,2,8,1,54,2,53,1" doraHai="7" doraHaiUra="12" who="0" fromWho="1" sc="287,183,227,-163,227,0,239,0" /><INIT seed="4,0,0,4,2,74" ten="470,64,227,239" oya="0" hai0="39,24,66,56,113,115,21,22,8,59,80,86,57" hai1="42,90,72,30,9,88,55,71,107,134,67,36,106" hai2="117,44,111,51,47,17,33,32,40,37,63,18,132" hai3="118,129,16,70,96,3,31,23,65,94,85,93,25"/><T50/><D39/><U104/><E134/><V124/><F111/><W54/><G118/><T112/><D8/><U92/><E30/><V46/><F117/><W77/><G129/><T4/><D4/><U64/><E72/><V14/><F132/><W60/><G3/><T79/><D66/><U131/><E131/><V1/><F1/><W127/><G127/><T10/><D10/><U95/><E9/><V116/><F116/><W123/><G123/><T68/><D68/><U78/><E55/><V0/><F0/><W34/><G54/><N who="0" m="31831" /><D21/><U103/><E103/><V108/><F124/><W52/><G52/><T26/><D24/><U97/><E71/><V130/><F130/><W20/><G20/><T48/><D48/><U58/><E58/><V7/><F37/><W121/><G121/><T120/><D120/><U73/><E42/><V2/><F2/><W15/><REACH who="3" step="1"/><G96/><REACH who="3" ten="470,64,227,229" step="2"/><T49/><D22/><U76/><E67/><V38/><F108/><W35/><G35/><T11/><D11/><U128/><E64/><V102/><F33/><W109/><G109/><T13/><D26/><U75/><E128/><V99/><F32/><W45/><G45/><T27/><D27/><U125/><E125/><V83/><F38/><W29/><G29/><T61/><D13/><U28/><E28/><V114/><F14/><W91/><G91/><T110/><D110/><U135/><E135/><V82/><F46/><W19/><G19/><T43/><D61/><U98/><E36/><V53/><F63/><W12/><G12/><T100/><D100/><U5/><E5/><V84/><F7/><RYUUKYOKU ba="0,1" sc="470,10,64,10,227,-30,229,10" hai0="43,49,57,59,79,80,86,112,113,115" hai1="73,75,76,78,88,90,92,95,97,98,104,106,107" hai3="15,16,23,25,31,34,60,65,70,77,85,93,94" /><INIT seed="4,1,1,1,3,67" ten="480,74,197,239" oya="0" hai0="112,90,64,57,111,43,44,21,132,69,37,76,23" hai1="100,31,51,105,2,36,115,40,134,81,49,83,61" hai2="15,113,27,107,93,130,7,58,1,62,22,42,117" hai3="89,65,6,33,87,29,128,135,0,120,46,123,121"/><T48/><D111/><U19/><E2/><V74/><F1/><W91/><G128/><T127/><D76/><U20/><E134/><V124/><F107/><W60/><G135/><T59/><D132/><U131/><E131/><V12/><F74/><W34/><G46/><T75/><D75/><U96/><E115/><V80/><F130/><W102/><G102/><T66/><D90/><U82/><E31/><V116/><F113/><W26/><G34/><T32/><D32/><U39/><E61/><V16/><F124/><W13/><G0/><T125/><D112/><U95/><E105/><V109/><F109/><W28/><G28/><T71/><D23/><U129/><E129/><V104/><F104/><W94/><G6/><T47/><D21/><U53/><E40/><V56/><F42/><W79/><G13/><N who="2" m="5193" /><F7/><W18/><G18/><T92/><D92/><U14/><REACH who="1" step="1"/><E51/><REACH who="1" ten="480,64,197,239" step="2"/><V11/><F62/><W133/><G133/><T45/><D48/><U122/><E122/><V73/><F117/><W9/><G120/><T108/><D108/><U72/><E72/><V86/><F73/><W101/><G123/><T103/><D43/><U78/><E78/><N who="2" m="46359" /><F116/><W119/><G121/><T97/><D37/><U5/><E5/><V41/><F41/><W3/><G119/><T25/><D125/><U98/><E98/><V54/><F11/><W126/><G3/><T88/><D97/><U50/><E50/><N who="2" m="30807" /><F93/><W70/><G126/><T106/><D106/><U63/><E63/><V35/><F35/><W84/><G94/><T68/><D127/><U85/><E85/><V114/><F114/><RYUUKYOKU ba="1,2" sc="480,-15,64,15,197,15,239,-15" hai1="14,19,20,36,39,49,53,81,82,83,95,96,100" hai2="16,22,27,58" /><INIT seed="5,2,2,0,2,33" ten="465,79,212,224" oya="1" hai0="92,26,34,37,82,63,128,7,65,95,90,14,117" hai1="110,39,30,9,99,38,15,76,51,104,83,111,135" hai2="74,18,107,84,21,27,124,62,45,121,16,94,105" hai3="58,102,4,79,68,101,87,23,131,81,44,22,48"/><U66/><E30/><V116/><F121/><W57/><G68/><T1/><D117/><U17/><E66/><V88/><F116/><W115/><G115/><T6/><D37/><U50/><E135/><V120/><F120/><W67/><G4/><T42/><D42/><U70/><E70/><V10/><F74/><W103/><G131/><T77/><D14/><U24/><E24/><V13/><F124/><W85/><G85/><T59/><D1/><U20/><E20/><N who="3" m="7722" /><G67/><T29/><D92/><U47/><E51/><V126/><F126/><W56/><G56/><T113/><D113/><U49/><E49/><V134/><F134/><W35/><G35/><T2/><D2/><U73/><E39/><V46/><REACH who="2" step="1"/><F62/><REACH who="2" ten="465,79,202,224" step="2"/><W91/><G79/><T28/><D128/><U41/><REACH who="1" step="1"/><E38/><REACH who="1" ten="465,69,202,224" step="2"/><V36/><F36/><W40/><AGARI ba="2,4" hai="40,44,48,57,58,81,87,91,101,102,103" m="7722" machi="40" ten="30,1100,0" yaku="8,1" doraHai="33" who="3" fromWho="3" sc="465,-5,69,-7,202,-5,224,57" /><INIT seed="6,0,0,2,5,28" ten="460,62,197,281" oya="2" hai0="94,118,127,3,5,1,116,61,14,85,13,78,108" hai1="101,107,39,55,16,10,111,98,135,106,97,90,44" hai2="47,36,93,74,11,88,82,29,124,77,12,84,99" hai3="33,114,42,133,56,30,134,34,117,95,66,38,105"/><V126/><F29/><W49/><G105/><T65/><D108/><U45/><E111/><V131/><F131/><W87/><G117/><T43/><D43/><U76/><E135/><N who="3" m="51722" /><G30/><T26/><D94/><U53/><E76/><V2/><F2/><W63/><G38/><T7/><D26/><U123/><E10/><V129/><F129/><W48/><G114/><T120/><D85/><U72/><E72/><V75/><F36/><W109/><G109/><T103/><D61/><U22/><E39/><V6/><REACH who="2" step="1"/><F47/><REACH who="2" ten="460,62,187,281" step="2"/><N who="3" m="25719" /><G49/><T27/><D3/><U68/><E123/><V91/><F91/><AGARI ba="0,1" hai="33,34,56,63,66,87,91,95" m="25719,51722" machi="91" ten="30,3900,0" yaku="20,1,52,2" doraHai="28" who="3" fromWho="2" sc="460,0,62,0,187,-39,281,49" /><INIT seed="7,0,0,1,0,73" ten="460,62,148,330" oya="3" hai0="103,7,134,78,87,94,9,79,75,77,13,85,5" hai1="27,120,126,97,38,104,92,33,133,125,127,111,129" hai2="122,24,19,32,1,17,124,101,108,114,51,102,58" hai3="2,45,135,88,36,113,29,72,116,42,49,118,8"/><W46/><G113/><T37/><D37/><U60/><E38/><V11/><F108/><W54/><G135/><T48/><D75/><U115/><E111/><V80/><F114/><W98/><G29/><T21/><D134/><U44/><E115/><V62/><F122/><W86/><G98/><N who="0" m="59863" /><D7/><U28/><E133/><V47/><F124/><W132/><G132/><T110/><D110/><U52/><E120/><V63/><F80/><W67/><G67/><T50/><D21/><U23/><E129/><V4/><F32/><W53/><G72/><T34/><D34/><U68/><E104/><V82/><F82/><W117/><G53/><T35/><D35/><U6/><E6/><V69/><F69/><W39/><G39/><T57/><D50/><U91/><E68/><V10/><F24/><W22/><G22/><T128/><D128/><U71/><E71/><V40/><F1/><W16/><G2/><T107/><D107/><U105/><E105/><V90/><F90/><W70/><G70/><T31/><D31/><U18/><E33/><V64/><F62/><W84/><REACH who="3" step="1"/><G88/><REACH who="3" ten="460,62,148,320" step="2"/><T56/><D56/><N who="1" m="34823" /><E44/><V119/><F47/><W0/><G0/><T66/><D66/><U100/><E100/><V3/><F102/><W20/><G20/><T76/><D57/><U99/><E28/><V25/><F58/><W123/><G123/><T74/><D74/><U112/><E112/><V12/><F101/><W130/><G130/><T59/><D59/><U96/><E96/><V93/><F3/><W30/><G30/><T65/><D65/><U121/><E99/><V26/><F64/><RYUUKYOKU ba="0,1" sc="460,-15,62,15,148,-15,320,15" hai1="18,23,27,91,92,97,121,125,126,127" hai3="8,16,36,42,45,46,49,54,84,86,116,117,118" /><INIT seed="7,1,1,5,5,126" ten="445,77,133,335" oya="3" hai0="24,48,35,0,115,60,29,61,110,62,56,46,123" hai1="105,121,85,118,64,6,13,41,95,74,11,76,12" hai2="17,47,69,111,87,107,3,2,116,91,71,106,30" hai3="101,36,26,10,66,51,16,133,15,90,50,68,44"/><W130/><G133/><T5/><D123/><U108/><E121/><V113/><F111/><W100/><G36/><T79/><D110/><U134/><E108/><V89/><F30/><W65/><G50/><T103/><D115/><U125/><E105/><V88/><F87/><W43/><G130/><T99/><D79/><U19/><E134/><V129/><F47/><W7/><G90/><T14/><D0/><N who="2" m="42" /><F17/><W38/><G38/><T8/><D46/><U120/><E120/><V33/><F33/><W97/><G68/><N who="2" m="26185" /><F116/><W52/><G43/><T49/><REACH who="0" step="1"/><D56/><REACH who="0" ten="435,77,133,335" step="2"/><U98/><E118/><V34/><F113/><W45/><G45/><T82/><D82/><U102/><E125/><V84/><F34/><W28/><G7/><T104/><AGARI ba="1,2" hai="5,8,14,24,29,35,48,49,60,61,62,99,103,104" machi="104" ten="30,4000,0" yaku="1,1,0,1,53,1" doraHai="126" doraHaiUra="20" who="0" fromWho="0" sc="435,63,77,-11,133,-11,335,-21" owari="498,60.0,66,-43.0,122,-28.0,314,11.0" /></mjloggm>