<mjloggm ver="2.3"><GO type="97" lobby="0"/><UN n0="%E7%9F%B3%E5%B7%9D%E4%BD%B3%E7%B4%94" n1="%E4%BB%8A%E5%87%BA%E5%B0%8F%EF%BC%92%E5%B9%B4" n2="%E5%B0%B1%E6%B4%BB%E7%94%9F%40%E5%B7%9D%E6%9D%91%E8%BB%8D%E5%9B%A3" n3="%E4%B8%80%E6%97%A5%E4%B8%80%E5%8D%B3%E3%83%85%E3%83%A2" dan="14,13,14,15" rate="1967.12,1893.25,1970.30,1923.23" sx="F,M,M,M"/><TAIKYOKU oya="0"/><INIT seed="0,0,0,4,0,71" ten="250,250,250,250" oya="0" hai0="107,74,11,51,46,112,79,20,85,17,33,109,100" hai1="113,68,81,2,70,18,36,97,123,8,84,9,134" hai2="83,104,62,58,130,63,55,26,13,91,75,67,129" hai3="87,31,4,64,93,72,12,1,124,42,131,133,98"/><T92/><D112/><U86/><E123/><V54/><F104/><W15/><G72/><T47/><D33/><U117/><E117/><V52/><F26/><W73/><G73/><T45/><D109/><U30/><E30/><V106/><F106/><W82/><G31/><T65/><D65/><U14/><E86/><N who="2" m="50655" /><F75/><W10/><G64/><T49/><D74/><U95/><E134/><V43/><F43/><W59/><G133/><T118/><D107/><U110/><E36/><V125/><F13/><W78/><G131/><N who="2" m="50185" /><F125/><W34/><G124/><T90/><D118/><U127/><E110/><V128/><N who="2" m="50193" /><V103/><DORA hai="111" /><F103/><W121/><G42/><T0/><D11/><U102/><E127/><V23/><F23/><W96/><G121/><T16/><D0/><U32/><E32/><V77/><F77/><W38/><G34/><T66/><D79/><U53/><E53/><V27/><F27/><W99/><G1/><T29/><D66/><U61/><E8/><V21/><F21/><W116/><G116/><T40/><D100/><U126/><E2/><V37/><F37/><W56/><G38/><T28/><D17/><U25/><E25/><V115/><F63/><W105/><G105/><T119/><D119/><U3/><E61/><V120/><F120/><W89/><G15/><N who="0" m="9247" /><D40/><U22/><E126/><V57/><F57/><W6/><G4/><T94/><D94/><U122/><E122/><V39/><F39/><W19/><G6/><T69/><D69/><U7/><REACH who="1" step="1"/><E113/><AGARI ba="0,0" hai="52,54,55,58,62,67,113,115" m="50193,50655" machi="113" ten="50,8000,1" yaku="19,1,52,2,54,1" doraHai="71,111" who="2" fromWho="1" sc="250,0,250,-80,250,80,250,0" /><INIT seed="1,0,0,4,5,16" ten="250,170,330,250" oya="1" hai0="7,69,66,95,126,124,9,120,57,51,46,12,98" hai1="84,40,64,21,87,24,79,76,50,89,32,14,33" hai2="15,88,119,44,108,107,111,62,55,127,81,85,54" hai3="20,86,135,130,59,80,109,10,72,121,17,133,114"/><U43/><E64/><V68/><F107/><W103/><G121/><T19/><D120/><U60/><E60/><V36/><F127/><N who="0" m="48682" /><D69/><U129/><E129/><V118/><F15/><W132/><G72/><T92/><D66/><U91/><E14/><V106/><F106/><W45/><G114/><T3/><D57/><U113/><E24/><V73/><F73/><W116/><G10/><N who="0" m="2431" /><D98/><U26/><E26/><V97/><F97/><W131/><G116/><N who="2" m="44585" /><F68/><W77/><G109/><N who="2" m="42057" /><F62/><W122/><G122/><T65/><D65/><U13/><E13/><V53/><F36/><W22/><G131/><T71/><D71/><U42/><E50/><AGARI ba="0,0" hai="44,50,53,54,55,81,85,88" m="42057,44585" machi="50" ten="30,2000,0" yaku="14,1,54,1" doraHai="16" who="2" fromWho="1" sc="250,0,170,-20,330,20,250,0" /><INIT seed="2,0,0,1,3,42" ten="250,150,350,250" oya="2" hai0="129,117,111,114,38,134,90,82,0,63,96,34,130" hai1="81,76,119,27,57,84,101,3,19,133,50,47,58" hai2="110,48,40,51,79,25,67,43,132,33,39,86,4" hai3="11,87,8,109,21,20,97,62,6,31,98,18,88"/><V9/><F132/><W99/><G109/><T60/><D34/><U123/><E3/><V17/><F110/><W41/><G31/><T72/><D111/><U103/><E123/><V36/><F67/><W45/><G62/><T15/><D0/><U23/><E133/><V68/><F68/><W37/><G20/><T28/><D38/><U116/><E116/><V49/><F39/><W7/><G7/><T32/><D134/><U44/><E119/><V30/><F17/><W55/><G6/><T64/><D117/><U104/><E104/><V77/><F36/><W122/><G55/><T54/><D72/><U89/><E89/><V94/><F79/><W66/><G66/><T85/><D114/><U73/><E73/><V53/><F53/><W5/><G5/><T29/><D32/><U10/><E10/><V14/><F77/><W91/><G122/><T135/><D135/><U118/><E118/><V113/><F113/><W61/><G61/><T83/><D83/><U127/><E127/><V121/><F121/><W125/><G91/><T108/><D108/><U126/><E126/><V80/><F43/><W24/><REACH who="3" step="1"/><G125/><REACH who="3" ten="250,150,350,240" step="2"/><T124/><D124/><U69/><E69/><V115/><F4/><W107/><G107/><T71/><D54/><N who="1" m="31959" /><E58/><V102/><F115/><W70/><G70/><T128/><D63/><U2/><E2/><V131/><F33/><W1/><G1/><T22/><D96/><U105/><E105/><V46/><F40/><W93/><AGARI ba="0,1" hai="8,11,18,21,24,37,41,45,87,88,93,97,98,99" machi="93" ten="30,7900,0" yaku="1,1,0,1,52,1,54,1,53,0" doraHai="42" doraHaiUra="106" who="3" fromWho="3" sc="250,-20,150,-20,350,-39,240,89" /><INIT seed="3,0,0,0,3,39" ten="230,130,311,329" oya="3" hai0="119,58,110,54,21,50,121,134,35,96,117,112,38" hai1="16,89,99,133,70,79,130,108,62,14,122,92,51" hai2="46,2,87,53,60,30,105,67,129,77,43,109,72" hai3="118,37,126,82,85,128,20,104,36,0,45,84,80"/><W29/><G104/><T111/><D35/><U8/><E122/><V57/><F105/><W18/><G0/><T4/><D4/><U44/><E130/><V123/><F2/><W41/><G118/><N who="0" m="45067" /><D96/><U27/><E133/><V17/><F123/><W9/><G128/><T115/><D21/><U113/><E113/><N who="0" m="43593" /><D134/><U73/><E108/><N who="0" m="41513" /><D121/><U15/><E15/><V32/><F129/><W86/><G20/><T90/><D90/><U63/><E70/><V116/><F109/><W11/><G11/><T135/><D135/><U61/><E79/><V107/><F32/><W114/><G9/><T83/><D83/><U6/><E6/><V97/><F97/><W76/><G80/><T56/><D38/><U106/><E106/><V13/><F30/><W120/><G29/><T71/><D71/><U48/><E73/><V23/><F107/><W24/><G37/><T103/><D103/><U19/><E44/><V22/><F116/><W124/><G120/><T3/><D3/><U55/><E55/><V102/><F102/><W95/><G114/><T47/><AGARI ba="0,0" hai="47,50,54,56,58" m="41513,43593,45067" machi="47" ten="40,8000,1" yaku="11,1,14,1,34,2" doraHai="39" who="0" fromWho="0" sc="230,80,130,-20,311,-20,329,-40" owari="310,41.0,110,-39.0,291,9.0,289,-11.0" /></mjloggm>