<mjloggm ver="2.3"><GO type="169" lobby="0"/><UN n0="%6E%65%75%74%72%6F%6E" n1="%E3%82%AB%E3%83%9C%E3%83%81%E3%83%A3%E3%82%BF%E3%83%8D" n2="%E3%82%A6%E3%83%AB%E3%83%88%E3%83%A9%E7%AB%8B%E7%9B%B4" n3="%E5%8C%97%E3%81%AE%E5%AF%BE%E5%AD%90%E8%90%BD%E3%81%A8%E3%81%97" dan="17,16,17,16" rate="2187.92,2108.87,2158.08,2037.73" sx="M,M,M,M"/><TAIKYOKU oya="0"/><INIT seed="0,0,0,0,5,130" ten="250,250,250,250" oya="0" hai0="123,98,26,79,39,55,112,114,77,132,129,57,96" hai1="81,97,8,27,63,17,35,126,38,80,18,20,69" hai2="41,75,34,14,64,51,9,118,104,74,23,42,121" hai3="37,40,120,73,117,33,2,46,44,65,49,110,105"/><T32/><D123/><U131/><E38/><V0/><F121/><W128/><RYUUKYOKU type="yao9" ba="0,0" sc="250,0,250,0,250,0,250,0" hai3="2,33,37,40,44,46,49,65,73,105,110,117,120,128" /><INIT seed="0,1,0,4,5,8" ten="250,250,250,250" oya="0" hai0="49,68,69,57,20,119,22,44,64,122,56,81,10" hai1="130,19,99,45,97,60,25,133,106,13,115,86,131" hai2="27,30,70,21,88,14,75,105,132,7,124,76,31" hai3="135,93,26,84,125,46,78,65,11,3,74,80,35"/><T51/><D119/><U6/><E133/><V29/><F105/><W85/><G125/><T109/><D81/><U113/><E25/><V37/><F70/><W128/><G128/><N who="1" m="49194" /><E6/><V48/><F37/><W54/><G135/><T110/><D10/><U59/><E45/><V16/><F132/><W72/><G65/><T121/><D44/><U9/><E86/><V100/><F100/><W126/><G126/><T67/><AGARI ba="1,0" hai="20,22,49,51,56,57,64,67,68,69,109,110,121,122" machi="67" ten="25,4800,0" yaku="0,1,22,2" doraHai="8" who="0" fromWho="0" sc="250,51,250,-17,250,-17,250,-17" /><INIT seed="0,2,0,4,3,35" ten="301,233,233,233" oya="0" hai0="54,130,132,26,22,129,55,44,97,117,120,45,25" hai1="24,107,98,67,52,8,66,86,28,32,82,36,75" hai2="123,31,114,34,14,113,127,126,11,71,38,90,46" hai3="48,63,72,131,110,50,60,111,56,27,5,74,108"/><T88/><D117/><U41/><E75/><N who="3" m="28714" /><G131/><N who="0" m="50187" /><D120/><U106/><E8/><V58/><F71/><W70/><G5/><T79/><D79/><U40/><E98/><V93/><F123/><W100/><G100/><T10/><D10/><U99/><E99/><V39/><F58/><W128/><G128/><T49/><D132/><U76/><E107/><V0/><F31/><W13/><G13/><T80/><D22/><N who="1" m="15383" /><E36/><V33/><F14/><W124/><G124/><N who="2" m="47657" /><F46/><W61/><G70/><T18/><D18/><U121/><E106/><V17/><F17/><W116/><G116/><T23/><D23/><U57/><E32/><N who="2" m="12395" /><F39/><W1/><G1/><T135/><D135/><U29/><E29/><V53/><F38/><W133/><G133/><T89/><D97/><U78/><E78/><V68/><F68/><W83/><G27/><N who="0" m="10251" /><D80/><U19/><E19/><V122/><F122/><W85/><G56/><T16/><D16/><U2/><E121/><V65/><F11/><W47/><G47/><N who="0" m="17995" /><D49/><N who="1" m="30863" /><E2/><V64/><F0/><W37/><G37/><T77/><D77/><AGARI ba="2,0" hai="48,50,60,61,63,77,83,85,108,110,111" m="28714" machi="77" ten="40,1300,0" yaku="14,1" doraHai="35" who="3" fromWho="0" sc="301,-19,233,0,233,0,233,19" /><INIT seed="1,0,0,3,1,120" ten="282,233,233,252" oya="1" hai0="105,75,78,73,46,90,107,44,27,72,7,9,83" hai1="52,63,80,60,81,4,68,12,116,110,125,41,93" hai2="79,23,3,42,133,98,0,16,113,97,111,10,128" hai3="130,94,87,13,62,28,54,19,123,47,65,84,33"/><U135/><E116/><V66/><F79/><W37/><G130/><T70/><D70/><U88/><E135/><V51/><F66/><W30/><G123/><T91/><D27/><U5/><E41/><V11/><F51/><N who="3" m="29055" /><G33/><T21/><D21/><U86/><E125/><V17/><F42/><W26/><G37/><T71/><D71/><U134/><E134/><V101/><F133/><W56/><G26/><T103/><D46/><U122/><E122/><V14/><F101/><W43/><G43/><T64/><D64/><U112/><E112/><V18/><F128/><W77/><G77/><T31/><D31/><N who="3" m="11817" /><G94/><T108/><D44/><U89/><E68/><V38/><F38/><W67/><G67/><T117/><D9/><AGARI ba="0,0" hai="9,13,19,56,62,65,84,87" m="11817,29055" machi="9" ten="30,1000,0" yaku="8,1" doraHai="120" who="3" fromWho="0" sc="282,-10,233,0,233,0,252,10" /><INIT seed="2,0,0,0,2,7" ten="272,233,233,262" oya="2" hai0="47,99,29,81,121,27,57,45,82,93,40,10,114" hai1="79,113,97,59,118,101,58,117,119,123,75,16,5" hai2="96,42,85,50,90,23,64,102,91,56,46,70,6" hai3="41,92,98,105,115,54,69,11,89,110,63,72,78"/><V33/><F33/><W116/><G110/><T126/><D121/><U17/><E113/><V61/><F6/><W53/><G116/><T86/><D114/><U62/><E123/><V14/><F70/><W104/><G41/><T49/><D57/><U39/><E39/><V127/><F127/><W100/><G115/><T103/><D126/><U4/><E79/><V73/><F73/><W124/><G105/><T34/><D47/><U135/><E75/><V88/><F14/><W0/><G124/><T38/><D38/><U95/><E135/><V44/><F44/><W87/><G0/><T122/><D122/><U8/><E4/><V128/><F128/><W108/><G11/><T65/><D65/><U43/><E43/><V32/><F32/><W112/><G108/><T66/><D66/><U30/><E30/><V106/><REACH who="2" step="1"/><F23/><REACH who="2" ten="272,233,223,262" step="2"/><W19/><G112/><T83/><REACH who="0" step="1"/><D10/><REACH who="0" ten="262,233,223,262" step="2"/><U133/><E133/><V2/><F2/><W37/><G69/><T20/><D20/><U21/><E21/><V24/><F24/><W130/><G130/><T51/><D51/><U74/><E59/><V55/><F55/><W26/><G37/><T120/><D120/><U77/><E58/><V52/><F52/><W76/><G53/><T80/><D80/><AGARI ba="0,2" hai="42,46,50,56,61,64,80,85,88,90,91,96,102,106" machi="80" ten="30,5800,0" yaku="1,1,7,1,54,1,53,0" doraHai="7" doraHaiUra="35" who="2" fromWho="0" sc="262,-58,233,0,223,78,262,0" /><INIT seed="2,1,0,4,5,73" ten="204,233,301,262" oya="2" hai0="34,120,132,37,131,82,51,15,117,45,122,35,48" hai1="100,108,111,60,9,83,7,124,43,2,130,54,57" hai2="84,98,38,39,74,55,12,19,71,0,40,129,68" hai3="92,125,29,28,106,75,44,32,53,104,24,89,10"/><V67/><F0/><W13/><G13/><T102/><D102/><U62/><E124/><V63/><F74/><W105/><G75/><T76/><D131/><U80/><E130/><V1/><F1/><W59/><G125/><T96/><D96/><U17/><E100/><V78/><F129/><W101/><G10/><T72/><D132/><U110/><E43/><V118/><F118/><W87/><G29/><T18/><D117/><U135/><E135/><V42/><F98/><W86/><G44/><T99/><D99/><U31/><E31/><V66/><F12/><W58/><G101/><T49/><D37/><N who="2" m="13834" /><F19/><W4/><G4/><T115/><D45/><U119/><E119/><V36/><F78/><W109/><G109/><T81/><D81/><U128/><E128/><V3/><F84/><W69/><G69/><N who="2" m="26697" /><F3/><W97/><REACH who="3" step="1"/><G59/><REACH who="3" ten="204,233,301,252" step="2"/><T134/><D134/><U133/><E133/><V70/><F70/><W21/><G21/><T14/><D14/><U56/><REACH who="1" step="1"/><E17/><REACH who="1" ten="204,223,301,252" step="2"/><V47/><F40/><W61/><AGARI ba="1,2" hai="24,28,32,53,58,61,86,87,89,92,97,104,105,106" machi="61" ten="30,2000,0" yaku="1,1,0,1,53,0" doraHai="73" doraHaiUra="112" who="3" fromWho="3" sc="204,-6,223,-6,301,-11,252,43" /><INIT seed="3,0,0,4,1,73" ten="198,217,290,295" oya="3" hai0="6,103,106,59,101,133,58,102,47,92,18,95,49" hai1="76,124,5,80,81,121,41,31,56,75,33,125,86" hai2="2,36,8,74,20,3,72,35,78,46,38,98,40" hai3="53,90,45,89,79,7,131,57,108,100,24,123,69"/><W77/><G131/><T94/><D6/><U111/><E121/><V85/><F35/><W134/><G134/><T19/><D106/><U16/><E5/><V65/><F65/><W14/><G69/><T23/><D133/><U26/><E41/><V91/><F36/><W107/><G123/><T63/><D63/><U11/><E56/><V13/><F20/><W117/><G117/><T44/><D23/><U115/><E115/><V42/><F42/><W113/><G113/><T67/><D67/><U109/><E11/><V1/><F98/><W12/><G45/><N who="0" m="17483" /><D49/><U116/><E16/><AGARI ba="0,0" hai="16,18,19,58,59,92,94,95,101,102,103" m="17483" machi="16" ten="40,8000,1" yaku="28,2,8,1,54,1" doraHai="73" who="0" fromWho="1" sc="198,80,217,-80,290,0,295,0" /><INIT seed="4,0,0,1,1,35" ten="278,137,290,295" oya="0" hai0="42,64,30,43,38,48,13,74,84,66,24,103,27" hai1="39,130,116,86,90,46,80,73,79,16,107,61,108" hai2="10,96,20,1,41,131,9,94,71,81,135,97,124" hai3="101,37,57,40,111,44,95,52,77,76,45,25,70"/><T47/><D74/><U56/><E108/><V91/><F71/><W115/><G111/><T68/><D103/><U99/><E116/><V82/><F124/><W53/><G115/><T60/><D66/><U36/><E130/><V104/><F131/><W14/><G70/><T121/><D121/><U128/><E128/><V19/><F135/><W22/><G14/><T92/><D13/><U6/><E6/><V65/><F65/><W109/><G109/><T69/><D69/><U120/><E120/><V78/><F1/><W112/><G112/><T133/><D133/><U18/><E46/><N who="3" m="18026" /><G40/><T100/><D24/><U17/><E99/><V129/><F129/><W110/><G37/><T3/><D3/><U55/><REACH who="1" step="1"/><E107/><REACH who="1" ten="278,127,290,295" step="2"/><V75/><F97/><N who="3" m="59583" /><G110/><T51/><D42/><U32/><E32/><V83/><F104/><W127/><G127/><T49/><D38/><U132/><E132/><V0/><F41/><W5/><G5/><T21/><D43/><U118/><E118/><V72/><F96/><W87/><G87/><T85/><D47/><U2/><E2/><V117/><F0/><W23/><G57/><T126/><D126/><U58/><E58/><V119/><F119/><W15/><G15/><T29/><D84/><U123/><E123/><V114/><F117/><W98/><G98/><T62/><D85/><U59/><E59/><V88/><F114/><W31/><G53/><T34/><D68/><U33/><E33/><V67/><F75/><W105/><G52/><T7/><D34/><U11/><E11/><V28/><F72/><W8/><G105/><T102/><D102/><RYUUKYOKU ba="0,1" sc="278,-10,127,30,290,-10,295,-10" hai1="16,17,18,36,39,55,56,61,73,79,80,86,90" /><INIT seed="5,1,1,1,4,93" ten="268,157,280,285" oya="1" hai0="128,114,116,77,49,9,82,122,4,81,55,75,26" hai1="58,121,30,20,56,59,1,24,97,8,38,64,46" hai2="52,105,86,120,15,76,42,110,98,127,80,67,47" hai3="66,60,39,40,14,111,108,0,44,13,95,12,57"/><U28/><E121/><V31/><F110/><W45/><G0/><T126/><D116/><U102/><E30/><V65/><F120/><W109/><G45/><T115/><D122/><U85/><E85/><V51/><F127/><W101/><G101/><T34/><D128/><U87/><E87/><V74/><F74/><W89/><REACH who="3" step="1"/><G108/><REACH who="3" ten="268,157,280,275" step="2"/><T88/><D126/><U123/><E123/><V61/><F47/><W134/><G134/><T43/><D115/><U48/><E38/><V70/><F42/><W37/><G37/><T132/><D43/><U7/><E64/><V23/><F67/><W130/><G130/><T124/><D114/><U35/><E35/><V99/><F65/><W129/><G129/><T3/><D34/><U36/><E36/><V17/><F70/><W119/><G119/><T29/><D3/><U103/><E103/><V106/><F106/><W83/><G83/><T73/><D81/><U79/><E79/><V92/><F105/><W2/><G2/><T32/><D82/><U50/><REACH who="1" step="1"/><E46/><REACH who="1" ten="268,147,280,275" step="2"/><N who="2" m="27767" /><F76/><W71/><G71/><T78/><D32/><U72/><E72/><V84/><F80/><W96/><AGARI ba="1,3" hai="12,13,14,39,40,44,57,60,66,89,95,96,109,111" machi="96" ten="30,7900,0" yaku="1,1,0,1,52,1,53,1" doraHai="93" doraHaiUra="41" who="3" fromWho="3" sc="268,-21,147,-40,280,-21,275,112" /><INIT seed="6,0,0,0,0,51" ten="247,107,259,387" oya="2" hai0="15,77,134,78,8,96,69,112,41,71,19,104,28" hai1="14,74,32,45,68,7,40,1,114,59,119,13,106" hai2="82,92,36,130,100,90,117,107,102,95,26,111,60" hai3="120,81,89,31,35,113,122,115,70,3,37,66,9"/><V0/><F0/><W133/><G133/><T76/><D134/><U65/><E59/><V116/><F36/><W101/><G37/><T21/><D41/><U50/><E119/><V20/><F107/><W63/><G101/><T88/><D112/><N who="3" m="43081" /><G31/><T62/><D104/><U24/><E114/><V44/><F130/><W105/><G35/><T33/><D33/><U11/><E106/><V123/><F123/><W91/><G105/><T97/><D97/><U79/><E50/><V42/><F44/><W48/><G48/><T23/><D28/><U124/><E124/><V132/><F42/><W39/><G39/><T94/><D71/><U54/><E54/><V99/><F132/><W12/><G3/><T131/><D131/><U109/><E109/><V57/><F111/><W10/><G10/><T103/><D103/><U18/><E65/><V110/><F110/><W118/><G118/><T128/><D128/><U34/><E68/><V17/><F102/><W75/><G75/><T27/><D27/><U80/><E13/><V46/><F117/><W2/><G2/><T56/><D69/><U98/><E98/><N who="2" m="57623" /><F116/><W84/><G89/><T61/><D61/><U127/><E127/><V64/><F46/><W121/><G121/><T73/><D73/><U85/><E74/><V55/><F64/><AGARI ba="0,0" hai="8,15,19,21,23,56,62,64,76,77,78,88,94,96" machi="64" ten="40,2600,0" yaku="8,1,54,1" doraHai="51" who="0" fromWho="2" sc="247,26,107,0,259,-26,387,0" /><INIT seed="7,0,0,0,2,44" ten="273,107,233,387" oya="3" hai0="51,3,92,22,2,64,40,47,61,123,59,43,11" hai1="105,127,111,72,67,55,108,118,54,56,97,102,85" hai2="57,17,35,68,131,84,81,112,106,130,132,29,65" hai3="53,117,25,49,30,88,87,107,83,34,6,38,15"/><W46/><G107/><T86/><D123/><U104/><E67/><V66/><F106/><W13/><G117/><T14/><D22/><U20/><E20/><V5/><F112/><W9/><REACH who="3" step="1"/><G38/><REACH who="3" ten="273,107,233,377" step="2"/><T12/><D40/><U0/><E55/><V115/><F115/><W32/><G32/><T26/><D26/><U39/><E54/><V4/><F132/><W60/><G60/><T89/><D14/><AGARI ba="0,1" hai="6,9,13,14,15,25,30,34,46,49,53,83,87,88" machi="14" ten="30,11600,0" yaku="1,1,7,1,52,1,54,1,53,0" doraHai="44" doraHaiUra="98" who="3" fromWho="0" sc="273,-116,107,0,233,0,377,126" owari="157,-24.0,107,-39.0,233,3.0,503,60.0" /></mjloggm>