<mjloggm ver="2.3"><GO type="169" lobby="0"/><UN n0="%E6%96%B0%E4%B8%96%E7%95%8C%E3%81%AE%E7%B4%99" n1="%E3%82%A6%E3%83%AB%E3%83%88%E3%83%A9%E7%AB%8B%E7%9B%B4" n2="%E5%8F%A4%E5%B7%9D%E8%AA%A0%E5%A4%AA%E9%83%8E" n3="%E3%81%AD%E3%81%93%E3%81%AB%E3%82%83%E3%82%93" dan="18,16,17,17" rate="2251.02,2115.99,2152.57,2151.31" sx="M,M,M,F"/><TAIKYOKU oya="0"/><INIT seed="0,0,0,2,0,70" ten="250,250,250,250" oya="0" hai0="50,67,117,77,119,29,46,111,17,124,106,132,76" hai1="22,103,41,63,52,71,83,5,108,126,95,30,59" hai2="75,99,2,21,116,98,24,110,1,109,26,11,31" hai3="8,6,87,62,97,88,80,96,118,16,115,35,85"/><T73/><D106/><U33/><E126/><V128/><F75/><W131/><G35/><T84/><D73/><U27/><E108/><N who="2" m="41579" /><F116/><W101/><G118/><T112/><D111/><U18/><E5/><N who="2" m="1455" /><F128/><W4/><G131/><T86/><D112/><U57/><E83/><V135/><F135/><W60/><G85/><N who="0" m="32875" /><D29/><U10/><E10/><V51/><F51/><W89/><G89/><T104/><D104/><U25/><E41/><V100/><F2/><W82/><G82/><T81/><D124/><U7/><E7/><N who="3" m="2602" /><G115/><T92/><D81/><U107/><E107/><V127/><F100/><W12/><G101/><T129/><D132/><U133/><E133/><V42/><F42/><W14/><G14/><T69/><D129/><U9/><E103/><V37/><F127/><W120/><G120/><T3/><D3/><U44/><E95/><V19/><F37/><W20/><G8/><T64/><D117/><U122/><E9/><V48/><F48/><W123/><G123/><T47/><D119/><U54/><E122/><V13/><F26/><W113/><G113/><T15/><D92/><U134/><E134/><V93/><F93/><W61/><AGARI ba="0,0" hai="12,16,20,60,61,62,80,87,88,96,97" m="2602" machi="61" ten="30,4000,0" yaku="8,1,54,2" doraHai="70" who="3" fromWho="3" sc="250,-20,250,-10,250,-10,250,40" /><INIT seed="1,0,0,1,2,12" ten="230,240,240,290" oya="1" hai0="105,4,37,124,69,95,63,65,52,14,56,94,70" hai1="111,40,79,118,46,22,96,7,117,41,66,132,6" hai2="64,78,103,80,8,126,31,71,106,49,100,67,114" hai3="33,129,42,55,60,9,21,3,82,24,36,81,53"/><U20/><E132/><V112/><F126/><W121/><G33/><T108/><D124/><U91/><E111/><V123/><F123/><W86/><G121/><T5/><D108/><U90/><E66/><N who="2" m="25131" /><F71/><W110/><G110/><T62/><D105/><U18/><E79/><V45/><F31/><W120/><G120/><T38/><D70/><U50/><E96/><V48/><F106/><W87/><G129/><T47/><D47/><U61/><E61/><V122/><F48/><W34/><G34/><T73/><D73/><U127/><E127/><V68/><F8/><W57/><G42/><T51/><D51/><U77/><E77/><V25/><F25/><W44/><G44/><T72/><D72/><U19/><E50/><V92/><F92/><W88/><G36/><T59/><D69/><U58/><E58/><V101/><F68/><W75/><G75/><T104/><D104/><U134/><E134/><V109/><F122/><W107/><G107/><T76/><D76/><U28/><E46/><V115/><F109/><W85/><G55/><T74/><D74/><U43/><E43/><N who="2" m="24767" /><F103/><W13/><G3/><T93/><REACH who="0" step="1"/><D14/><REACH who="0" ten="220,240,240,290" step="2"/><U1/><E1/><V23/><F78/><W89/><G82/><T131/><D131/><U15/><E15/><V54/><F80/><W32/><G81/><T2/><D2/><U133/><E133/><V113/><F113/><W83/><G83/><T10/><D10/><U97/><E97/><V17/><F115/><W128/><G128/><T99/><D99/><U26/><E26/><N who="2" m="14703" /><F54/><W84/><G53/><T98/><D98/><U11/><E11/><RYUUKYOKU ba="0,1" sc="220,10,240,10,240,10,290,-30" hai0="4,5,37,38,52,56,59,62,63,65,93,94,95" hai1="6,7,18,19,20,22,28,40,41,90,91,117,118" hai2="100,101,112,114" /><INIT seed="1,1,1,2,2,50" ten="230,250,250,260" oya="1" hai0="10,135,57,85,42,1,40,48,14,24,31,109,113" hai1="93,119,74,77,39,53,5,66,36,13,110,45,33" hai2="123,17,75,49,68,58,81,4,67,86,89,122,103" hai3="21,18,111,126,3,44,51,32,61,73,76,2,127"/><U92/><E119/><V20/><F75/><W107/><G32/><T106/><D109/><U116/><E116/><V11/><F68/><W23/><G107/><T30/><D113/><U12/><E33/><V70/><F70/><W41/><G111/><T59/><D1/><U71/><E110/><V120/><F103/><W64/><G76/><T79/><D106/><U62/><E39/><V80/><F80/><W56/><G73/><T0/><D0/><U63/><E77/><V87/><F87/><W124/><REACH who="3" step="1"/><G21/><REACH who="3" ten="230,250,250,250" step="2"/><T128/><D79/><U29/><E74/><V105/><F105/><W16/><G16/><T60/><D31/><U94/><E29/><V132/><F17/><W43/><G43/><T47/><D42/><U25/><E5/><V98/><F20/><W96/><G96/><T26/><D30/><U7/><E7/><V82/><F98/><W15/><AGARI ba="1,2" hai="2,3,15,18,23,41,44,51,56,61,64,124,126,127" machi="15" ten="30,4000,0" yaku="1,1,0,1,18,1,53,0" doraHai="50" doraHaiUra="101" who="3" fromWho="3" sc="230,-11,250,-21,250,-11,250,63" /><INIT seed="2,0,0,3,4,56" ten="219,229,239,313" oya="2" hai0="28,64,91,27,90,111,115,66,22,99,43,116,119" hai1="125,79,130,15,82,54,36,96,13,106,128,80,93" hai2="32,48,57,117,100,8,33,114,105,124,25,29,73" hai3="5,122,103,74,109,86,89,21,11,127,102,1,45"/><V51/><F117/><N who="0" m="45130" /><D111/><U53/><E36/><V18/><F114/><W35/><G35/><T19/><D115/><U76/><E106/><V120/><F120/><W24/><G74/><T134/><D134/><U0/><E0/><V58/><F73/><W59/><G109/><T9/><D43/><U37/><E37/><V65/><F33/><W98/><G98/><T77/><D77/><U10/><E96/><V6/><F18/><W50/><G59/><T118/><D118/><U78/><E93/><V4/><F124/><W42/><G127/><T84/><D99/><U46/><E125/><V88/><F58/><W129/><G122/><T3/><D90/><U110/><E110/><V49/><F100/><W69/><G69/><T23/><D9/><U38/><E38/><V72/><F105/><W85/><G85/><T131/><D3/><U34/><E34/><V67/><F72/><W126/><G126/><T55/><D55/><N who="1" m="21003" /><E46/><V135/><F135/><W92/><G129/><N who="1" m="49770" /><E10/><V107/><F107/><W70/><G70/><T40/><D40/><U63/><E63/><V2/><F57/><W133/><REACH who="3" step="1"/><G133/><REACH who="3" ten="219,229,239,303" step="2"/><T83/><D131/><U52/><E52/><V71/><F71/><W12/><G12/><AGARI ba="0,1" hai="12,19,22,23,27,28,64,66,83,84,91" m="45130" machi="12" ten="30,1000,0" yaku="12,1" doraHai="56" who="0" fromWho="3" sc="219,20,229,0,239,0,303,-10" /><AGARI ba="0,0" hai="12,13,15,76,78,79,80,82" m="49770,21003" machi="12" ten="40,5200,0" yaku="28,2,19,1" doraHai="56" who="1" fromWho="3" sc="239,0,229,52,239,0,293,-52" /><INIT seed="3,0,0,1,3,70" ten="239,281,239,241" oya="3" hai0="16,59,29,100,105,10,134,9,119,112,132,17,36" hai1="28,65,14,39,89,127,97,21,51,120,3,117,81" hai2="43,66,104,42,78,60,92,74,58,35,48,8,116" hai3="121,110,49,15,96,103,26,23,135,55,19,94,123"/><W99/><G135/><N who="0" m="51755" /><D119/><U41/><E3/><V2/><F104/><W77/><G110/><T12/><D112/><U109/><E120/><V108/><F35/><W67/><G67/><T37/><D29/><U62/><E127/><V131/><F116/><W75/><G77/><T106/><D59/><U0/><E0/><V113/><F113/><W50/><G75/><T33/><D33/><U87/><E109/><V84/><F74/><W64/><G64/><T118/><D118/><U102/><E39/><N who="0" m="14921" /><D100/><U22/><E28/><V98/><F108/><W6/><G50/><T61/><D61/><U5/><E62/><V18/><F48/><W25/><G6/><T90/><D90/><U47/><E65/><V4/><F58/><W38/><G38/><T126/><D126/><U76/><E89/><V11/><F66/><W101/><G121/><T27/><D10/><N who="1" m="4431" /><E117/><V57/><F11/><W34/><G34/><T40/><D40/><U44/><E44/><V88/><F43/><W30/><G30/><T71/><D71/><U122/><E122/><V85/><F42/><W32/><G32/><T24/><D17/><U46/><E46/><V63/><F18/><W20/><G123/><T13/><D13/><U86/><E47/><V115/><F115/><W82/><G15/><T53/><D53/><U31/><E41/><V72/><F63/><W80/><G55/><T125/><D125/><U111/><E31/><V68/><F68/><W7/><G101/><T124/><D124/><U128/><E102/><V114/><F114/><W129/><G103/><T95/><D95/><U83/><E111/><RYUUKYOKU ba="0,0" sc="239,30,281,-10,239,-10,241,-10" hai0="9,12,16,24,27,105,106" /><INIT seed="4,1,0,2,2,28" ten="269,271,229,231" oya="0" hai0="64,11,21,135,13,39,117,7,113,55,86,89,15" hai1="33,54,35,81,96,121,31,63,24,68,18,42,27" hai2="74,61,22,75,17,83,94,3,49,1,30,10,72" hai3="104,8,37,51,78,129,16,36,45,87,66,123,2"/><T80/><D117/><U41/><E121/><V29/><F83/><W70/><G104/><T76/><D113/><U95/><E81/><V19/><F61/><W34/><G123/><T90/><D135/><U103/><E68/><V128/><F128/><W71/><G129/><T82/><D39/><U62/><E18/><V125/><F125/><W91/><G78/><T107/><D107/><U134/><E134/><V100/><F49/><W44/><G34/><T69/><D69/><U118/><E118/><V26/><F100/><W120/><G120/><T101/><D101/><U0/><E0/><V20/><F94/><W114/><G114/><T119/><D64/><U56/><E63/><V43/><F43/><W48/><G66/><T58/><D119/><U25/><E25/><V115/><F115/><W79/><G79/><T116/><D116/><U111/><E111/><V131/><F131/><W12/><G2/><T40/><D40/><U53/><E53/><V98/><F98/><W130/><G130/><T9/><D21/><U124/><E124/><V127/><F127/><W88/><G37/><T47/><D47/><N who="3" m="17993" /><G91/><T105/><D105/><U32/><E32/><V132/><F132/><W52/><G48/><N who="0" m="31079" /><D82/><U38/><E38/><V122/><F122/><W102/><G102/><T65/><D65/><U110/><E110/><V60/><F60/><W23/><G23/><T112/><D112/><U73/><E73/><V97/><F74/><W67/><G67/><T4/><AGARI ba="1,0" hai="4,7,9,11,13,15,76,80,86,89,90" m="31079" machi="4" ten="30,1500,0" yaku="8,1" doraHai="28" who="0" fromWho="0" sc="269,18,271,-6,229,-6,231,-6" /><INIT seed="4,2,0,3,0,73" ten="287,265,223,225" oya="0" hai0="59,55,89,60,12,84,103,61,49,37,104,54,112" hai1="82,111,29,56,6,13,133,118,23,15,21,77,97" hai2="7,76,68,51,35,52,45,91,134,128,69,123,72" hai3="18,93,120,57,122,126,4,32,115,58,130,26,11"/><T65/><D112/><U38/><E111/><V44/><F123/><W109/><G109/><T135/><D37/><U86/><E38/><V8/><F35/><W110/><G110/><T114/><D114/><U27/><E118/><V16/><F128/><W100/><G115/><T71/><D135/><U124/><E133/><V98/><F134/><W96/><G130/><T90/><D84/><U64/><E124/><V131/><F45/><W67/><G126/><T34/><D34/><U3/><E3/><V107/><F131/><W43/><G43/><T40/><D40/><U22/><E97/><V132/><F132/><W14/><G67/><T78/><D78/><U101/><E101/><V117/><F117/><W88/><G100/><T66/><D55/><U20/><E6/><V80/><F16/><W121/><G18/><T0/><D0/><U31/><E31/><AGARI ba="2,0" hai="4,11,14,26,31,32,57,58,88,93,96,120,121,122" machi="31" ten="40,2600,0" yaku="13,1,54,1" doraHai="73" who="3" fromWho="1" sc="287,0,265,-32,223,0,225,32" /><INIT seed="5,0,0,3,3,111" ten="287,233,223,257" oya="1" hai0="21,14,48,78,49,55,132,6,8,44,47,2,32" hai1="17,11,124,120,90,22,61,80,13,109,72,34,68" hai2="100,24,125,20,67,103,112,115,113,135,95,5,87" hai3="35,27,39,54,30,58,43,69,123,28,31,36,128"/><U93/><E34/><V46/><F125/><W41/><G69/><T97/><D32/><U53/><E120/><V50/><F67/><W1/><G1/><T77/><D132/><U96/><E124/><V85/><F5/><W84/><G123/><T40/><D97/><U16/><E109/><V130/><F135/><W26/><G128/><T86/><D2/><U133/><E133/><V3/><F3/><W0/><G0/><T10/><D10/><U99/><E68/><V101/><F95/><W122/><G122/><T74/><D74/><U92/><E80/><V64/><F64/><W107/><G107/><T4/><D4/><U73/><E61/><V45/><F130/><W33/><G84/><N who="2" m="32329" /><F50/><W110/><G30/><AGARI ba="0,0" hai="20,24,30,45,46,100,101,103,112,113,115" m="32329" machi="30" ten="40,8000,1" yaku="15,1,11,1,52,3" doraHai="111" who="2" fromWho="3" sc="287,0,233,0,223,80,257,-80" /><INIT seed="6,0,0,2,4,17" ten="287,233,303,177" oya="2" hai0="49,1,52,58,87,120,76,115,71,108,105,121,47" hai1="135,28,34,110,107,23,37,20,82,22,127,51,59" hai2="75,18,123,31,21,101,13,80,63,14,60,6,94" hai3="15,44,64,96,61,95,8,97,26,74,103,42,98"/><V124/><F123/><W106/><G74/><T29/><D105/><U85/><E107/><V122/><F122/><W99/><G106/><T65/><D1/><U116/><E37/><V78/><F124/><W84/><G84/><T50/><D29/><U114/><E116/><V36/><F36/><W46/><G42/><N who="0" m="24823" /><D87/><U24/><E110/><V109/><F31/><W38/><G38/><T111/><D76/><U104/><E104/><V130/><F130/><W112/><G26/><T7/><D7/><U132/><E127/><V102/><F109/><N who="0" m="42058" /><D115/><U68/><E68/><V55/><F55/><W40/><G40/><T125/><D125/><U57/><E114/><V3/><F3/><W25/><G25/><T56/><D71/><U53/><REACH who="1" step="1"/><E59/><REACH who="1" ten="287,223,303,177" step="2"/><V35/><F35/><W73/><G112/><T0/><D120/><U119/><E119/><V66/><F102/><W90/><G103/><T16/><D58/><U9/><E9/><V48/><F101/><W12/><G8/><T117/><D117/><U32/><E32/><V86/><F21/><W69/><REACH who="3" step="1"/><G73/><REACH who="3" ten="287,223,303,167" step="2"/><T88/><D121/><U41/><E41/><V129/><F75/><W79/><G79/><AGARI ba="0,2" hai="20,22,23,24,28,34,51,53,57,79,82,85,132,135" machi="79" ten="40,8000,1" yaku="1,1,52,3,53,1" doraHai="17" doraHaiUra="81" who="1" fromWho="3" sc="287,0,223,100,303,0,167,-80" /><INIT seed="7,0,0,3,5,68" ten="287,323,303,87" oya="3" hai0="33,3,110,119,34,134,74,80,85,102,65,76,115" hai1="48,53,122,125,56,49,10,18,70,73,82,124,116" hai2="27,31,131,61,109,95,47,37,71,88,87,89,130" hai3="63,69,104,129,16,22,93,7,90,44,11,107,55"/><W24/><G129/><N who="2" m="49161" /><F109/><W36/><G69/><T81/><D110/><U5/><E70/><V12/><F12/><W101/><G101/><T41/><D119/><U42/><E18/><V6/><F6/><W62/><G62/><T38/><D65/><U99/><E99/><V111/><F111/><W67/><G67/><T35/><D134/><U23/><E23/><N who="2" m="15871" /><F89/><W126/><G126/><N who="1" m="48746" /><E122/><V50/><F71/><W121/><G121/><T120/><D120/><U133/><E133/><V97/><F61/><W128/><G128/><T30/><D102/><U20/><E20/><V117/><F117/><W91/><G91/><T9/><D30/><U32/><E32/><V29/><F29/><W108/><G108/><T77/><D115/><U52/><E82/><V19/><F19/><W103/><G103/><T132/><D132/><U98/><E98/><V45/><F37/><W21/><G21/><T83/><D83/><U86/><E73/><V17/><F50/><W4/><G4/><N who="0" m="1183" /><D35/><U114/><E86/><V64/><F64/><W54/><G36/><T66/><D66/><U14/><E116/><V25/><F87/><N who="3" m="52447" /><G63/><T8/><D8/><U59/><E114/><V127/><F127/><W75/><G75/><T58/><D58/><U0/><E0/><V105/><F105/><N who="3" m="40523" /><G44/><AGARI ba="0,0" hai="33,34,38,41,44,74,76,77,80,81,85" m="1183" machi="44" ten="30,2000,0" yaku="25,1,52,1" doraHai="68" who="0" fromWho="3" sc="287,20,323,0,303,0,87,-20" owari="307,11.0,323,42.0,303,-10.0,67,-43.0" /></mjloggm>