<mjloggm ver="2.3"><GO type="97" lobby="0"/><UN n0="%E3%81%A1%E3%82%83%E3%81%AF%E3%83%BC%E3%82%93" n1="%E3%83%87%E3%83%8D%E3%83%9C%E3%83%A9" n2="%E3%81%BE%E3%81%BF%E3%81%95%E3%82%93" n3="%E5%B0%B1%E6%B4%BB%E7%94%9F%40%E5%B7%9D%E6%9D%91%E8%BB%8D%E5%9B%A3" dan="13,15,14,15" rate="1890.22,1991.58,1920.95,2009.15" sx="M,M,M,M"/><TAIKYOKU oya="0"/><INIT seed="0,0,0,5,2,33" ten="250,250,250,250" oya="0" hai0="127,61,63,97,133,38,7,79,116,16,24,48,125" hai1="117,91,112,85,1,101,51,118,50,77,82,30,86" hai2="72,109,69,60,128,55,6,131,71,35,23,11,27" hai3="58,89,135,19,90,113,120,4,88,22,25,2,66"/><T31/><D38/><U26/><E112/><V3/><F72/><W54/><G113/><T49/><D133/><U47/><E101/><V28/><F109/><W115/><G115/><T59/><D79/><U130/><E130/><N who="2" m="49707" /><F35/><W67/><G135/><T107/><D7/><U83/><E1/><V56/><AGARI ba="0,0" hai="3,6,11,23,27,28,55,56,60,69,71" m="49707" machi="56" ten="30,2000,0" yaku="19,1,52,1" doraHai="33" who="2" fromWho="2" sc="250,-10,250,-5,250,20,250,-5" /><INIT seed="1,0,0,0,2,6" ten="240,245,270,245" oya="1" hai0="92,84,38,93,107,73,55,91,60,25,27,42,15" hai1="105,45,39,34,47,78,109,128,115,57,99,65,48" hai2="17,95,46,123,118,62,12,31,7,2,126,29,49" hai3="79,94,30,129,35,114,11,50,69,41,119,135,106"/><U98/><E115/><V108/><F123/><W26/><G106/><T81/><D107/><U54/><E34/><V51/><F118/><W125/><G114/><T74/><D38/><U103/><E128/><V72/><F72/><W122/><G119/><T111/><D42/><U82/><E39/><V19/><F108/><W16/><G122/><T75/><D111/><U85/><E109/><V8/><F126/><W10/><G69/><T4/><D27/><U120/><E120/><V86/><F62/><W64/><G64/><T59/><REACH who="0" step="1"/><D25/><REACH who="0" ten="230,245,270,245" step="2"/><U32/><E32/><V89/><F31/><W70/><G41/><T97/><D97/><U104/><REACH who="1" step="1"/><E65/><REACH who="1" ten="230,235,270,245" step="2"/><V80/><F29/><W58/><G30/><T67/><D67/><U14/><E14/><V63/><F12/><W132/><G35/><T23/><D23/><U134/><E134/><V110/><F110/><W28/><G135/><T100/><D100/><AGARI ba="0,2" hai="45,47,48,54,57,78,82,85,98,99,100,103,104,105" machi="100" ten="40,3900,0" yaku="1,1,9,1,53,0" doraHai="6" doraHaiUra="131" who="1" fromWho="0" sc="230,-39,235,59,270,0,245,0" /><INIT seed="1,1,0,4,4,70" ten="191,294,270,245" oya="1" hai0="71,92,47,98,106,81,20,131,15,57,59,127,101" hai1="32,126,132,34,108,53,4,68,105,26,128,50,91" hai2="19,2,29,107,1,21,39,88,10,60,104,55,83" hai3="89,130,87,25,75,13,135,112,99,37,7,28,73"/><U54/><E68/><V119/><F119/><W67/><G112/><T102/><D71/><U38/><E105/><V123/><F123/><W86/><G130/><T9/><D131/><U31/><E128/><V46/><F29/><W23/><G135/><T118/><D118/><U0/><E132/><V125/><F125/><W40/><G67/><T117/><D127/><U51/><E126/><V79/><F79/><W96/><G86/><T6/><D117/><U5/><E0/><V8/><F2/><W110/><G110/><T114/><D114/><U56/><E108/><V48/><F1/><W63/><G63/><T64/><D81/><U44/><E34/><V61/><F104/><W24/><G24/><T62/><D47/><U41/><REACH who="1" step="1"/><E91/><REACH who="1" ten="191,284,270,245" step="2"/><V103/><F107/><W77/><G89/><T76/><D106/><U133/><E133/><V122/><F122/><W121/><G121/><T18/><D76/><U84/><E84/><V27/><F103/><W100/><G87/><T45/><D102/><U78/><E78/><V30/><F88/><W113/><G100/><T109/><D109/><U12/><E12/><V69/><F69/><W58/><G77/><T74/><D74/><U49/><E49/><V90/><F90/><W111/><G75/><T134/><D134/><U3/><E3/><V124/><F124/><W36/><G73/><T82/><D82/><U35/><E35/><V16/><F83/><W80/><G111/><T33/><D33/><U116/><E116/><V43/><F27/><W14/><G113/><T65/><D101/><U129/><E129/><V93/><F48/><RYUUKYOKU ba="1,1" sc="191,-10,284,30,270,-10,245,-10" hai1="4,5,26,31,32,38,41,44,50,51,53,54,56" /><INIT seed="1,2,1,5,4,96" ten="181,314,260,235" oya="1" hai0="134,44,111,2,99,20,127,81,109,114,97,84,28" hai1="27,49,101,60,17,38,105,102,15,8,10,69,78" hai2="62,36,42,129,58,87,18,112,135,118,121,5,130" hai3="86,65,90,6,12,132,89,11,115,122,16,7,128"/><U43/><E38/><V110/><F5/><N who="3" m="1547" /><G122/><T53/><D2/><U79/><E105/><V33/><F33/><W124/><G115/><T47/><D114/><U93/><E69/><V59/><F112/><W56/><G128/><T3/><D3/><U117/><E117/><V13/><F121/><W9/><G132/><T24/><D134/><U95/><E60/><V119/><F135/><W91/><G124/><T48/><D127/><U21/><E8/><V76/><F110/><N who="0" m="41994" /><D47/><N who="1" m="25855" /><E93/><V39/><F39/><W22/><G86/><T75/><D75/><U80/><E95/><V50/><F36/><W113/><G113/><T64/><D64/><U98/><E98/><V52/><F87/><W107/><G107/><T88/><AGARI ba="2,1" hai="20,24,28,44,48,53,81,84,88,97,99" m="41994" machi="88" ten="30,2000,0" yaku="14,1,54,1" doraHai="96" who="0" fromWho="0" sc="181,36,314,-12,260,-7,235,-7" /><INIT seed="2,0,0,4,3,97" ten="217,302,253,228" oya="2" hai0="13,44,29,92,110,63,62,58,91,135,17,75,51" hai1="105,39,73,54,12,123,37,57,21,112,114,30,79" hai2="86,76,96,5,23,28,126,27,52,11,8,131,85" hai3="116,125,78,45,22,82,18,24,59,89,47,77,117"/><V102/><F131/><W90/><G125/><T99/><D110/><U121/><E105/><V3/><F126/><W81/><G116/><T46/><D135/><U134/><E134/><V16/><F76/><W80/><G117/><T66/><D75/><U35/><E35/><V9/><F9/><W95/><G90/><T87/><D29/><U53/><E79/><N who="3" m="30218" /><G59/><T68/><D51/><U34/><E34/><V50/><F8/><W20/><G20/><T127/><D127/><U100/><E100/><V101/><F28/><W65/><G65/><T41/><D41/><U15/><E73/><V133/><F133/><W128/><G128/><T55/><REACH who="0" step="1"/><D99/><AGARI ba="0,0" hai="18,22,24,45,47,80,81,82,89,95,99" m="30218" machi="99" ten="30,1000,0" yaku="8,1" doraHai="97" who="3" fromWho="0" sc="217,-10,302,0,253,0,228,10" /><INIT seed="3,0,0,1,0,17" ten="207,302,253,238" oya="3" hai0="131,8,19,43,112,41,99,121,74,21,70,85,57" hai1="1,62,26,115,0,98,123,2,130,104,71,37,4" hai2="27,75,100,113,102,94,97,134,59,30,39,124,93" hai3="55,11,18,23,96,103,125,90,29,77,10,33,127"/><W129/><G77/><T66/><D74/><U31/><E115/><V101/><F113/><W120/><G120/><T83/><D70/><U52/><E52/><V56/><F39/><W45/><G129/><T16/><D112/><U116/><E123/><V119/><F119/><W135/><G135/><T133/><D131/><U73/><E73/><V128/><F128/><W76/><G76/><N who="0" m="46311" /><D133/><U86/><E86/><V61/><F75/><W118/><G118/><T84/><D121/><U87/><E87/><V38/><F38/><W108/><G33/><T68/><D68/><U110/><E37/><V54/><F134/><W107/><G29/><T6/><D84/><U51/><E51/><V25/><F124/><N who="3" m="47691" /><G108/><T89/><D6/><U132/><E132/><V81/><F81/><W111/><G111/><T95/><D8/><N who="1" m="2055" /><E130/><V36/><F36/><W28/><G28/><T64/><D19/><U42/><E110/><V65/><F30/><W47/><G90/><T50/><D50/><U67/><E116/><V72/><F72/><W91/><G91/><T58/><D58/><U24/><E1/><V60/><F97/><W3/><G3/><T109/><D109/><U15/><E2/><V13/><F13/><N who="3" m="9679" /><G55/><T9/><D9/><AGARI ba="0,0" hai="9,10,11,45,47,96,103,107" m="9679,47691" machi="9" ten="30,2900,0" yaku="18,1,52,1" doraHai="17" who="3" fromWho="0" sc="207,-29,302,0,253,0,238,29" /><INIT seed="3,1,0,1,3,107" ten="178,302,253,267" oya="3" hai0="132,60,62,23,108,115,51,19,75,97,98,15,135" hai1="89,121,59,42,119,87,24,50,7,64,53,31,3" hai2="112,85,84,124,11,56,113,90,71,5,41,48,123" hai3="14,58,37,106,102,91,4,22,118,39,131,110,70"/><W40/><G70/><T73/><D108/><U17/><E121/><V74/><F74/><N who="0" m="28170" /><D115/><U33/><E119/><V72/><F72/><W12/><G118/><T133/><D51/><U95/><E42/><V26/><F71/><W111/><G131/><T20/><D20/><N who="1" m="15751" /><E3/><V1/><F123/><W82/><G58/><T76/><D76/><U117/><E33/><V126/><F26/><W77/><G22/><T2/><D2/><U80/><E117/><V8/><F8/><W129/><G129/><T34/><D34/><U36/><E36/><V54/><F41/><W130/><G130/><T30/><D30/><U109/><E109/><V10/><F10/><W66/><G40/><T32/><D32/><U45/><E7/><V25/><F25/><W104/><G77/><T105/><D105/><U21/><E95/><N who="2" m="54727" /><F85/><W83/><G104/><T61/><AGARI ba="1,0" hai="15,19,23,60,61,62,97,98,132,133,135" m="28170" machi="61" ten="40,8000,1" yaku="20,1,52,3" doraHai="107" who="0" fromWho="0" sc="178,83,302,-21,253,-21,267,-41" /><INIT seed="4,0,0,2,1,132" ten="261,281,232,226" oya="0" hai0="70,28,125,38,40,6,24,111,45,68,3,36,98" hai1="11,16,31,97,9,64,76,21,12,15,59,86,48" hai2="128,65,18,78,114,0,5,41,112,22,126,133,94" hai3="1,83,88,4,58,66,118,127,57,121,117,43,106"/><T56/><D125/><U129/><E129/><V35/><F35/><W102/><G121/><T74/><D111/><U50/><E97/><V25/><F128/><W91/><G43/><T108/><D108/><U109/><E109/><V120/><F120/><W124/><G1/><T8/><D38/><U67/><E31/><V104/><F104/><W20/><G4/><T23/><D98/><U39/><E39/><V85/><F133/><W54/><G66/><N who="1" m="25130" /><E59/><N who="3" m="22538" /><G54/><T95/><D95/><U27/><E11/><V2/><F65/><W26/><G106/><T122/><D122/><U19/><E15/><V110/><F110/><W93/><G102/><T13/><D56/><U7/><E7/><V49/><F0/><W80/><G20/><T79/><REACH who="0" step="1"/><D13/><REACH who="0" ten="251,281,232,226" step="2"/><U123/><E123/><V134/><F134/><W32/><G93/><T92/><D92/><U42/><E42/><V101/><F41/><W29/><G118/><T63/><D63/><U82/><AGARI ba="0,1" hai="9,12,16,19,21,27,48,50,76,82,86" m="25130" machi="82" ten="30,2000,0" yaku="8,1,54,1" doraHai="132" who="1" fromWho="1" sc="251,-10,281,30,232,-5,226,-5" owari="241,4.0,311,41.0,227,-17.0,221,-28.0" /></mjloggm>