<mjloggm ver="2.3"><GO type="169" lobby="0"/><UN n0="%E3%83%88%E3%83%88%E3%83%AA%E5%85%88%E7%94%9F%31%39%E6%AD%B3" n1="%E3%81%93%E3%81%82%E3%81%8B%E3%82%8A" n2="%E7%A2%BA%E8%AA%8D%E4%BA%8B%E9%A0%85" n3="%E6%9C%9D%E5%80%89%E6%9C%88%E5%A5%88" dan="18,16,16,16" rate="2173.40,2044.84,2064.64,2134.39" sx="F,M,M,M"/><TAIKYOKU oya="0"/><INIT seed="0,0,0,5,3,67" ten="250,250,250,250" oya="0" hai0="27,119,89,11,98,75,28,20,53,82,117,86,37" hai1="121,95,131,114,92,129,17,66,31,110,101,48,0" hai2="79,24,73,78,71,80,102,74,122,99,90,85,93" hai3="4,115,12,97,125,56,7,8,32,84,68,88,23"/><T96/><D37/><U107/><E121/><V123/><F24/><W3/><G32/><T81/><D119/><U19/><E0/><V39/><F39/><W9/><G115/><T25/><D117/><U45/><E114/><V2/><F2/><W57/><G68/><T13/><D75/><N who="2" m="28682" /><F71/><W6/><G125/><T41/><D41/><U112/><E112/><V50/><F50/><W43/><G43/><T105/><D105/><U33/><E131/><V72/><F79/><W38/><G38/><T113/><D113/><U36/><E129/><V30/><F30/><W63/><G97/><T15/><D15/><U60/><E110/><V103/><F103/><W124/><G124/><T126/><D126/><U46/><E36/><V26/><F26/><W64/><G23/><T94/><D27/><U42/><E46/><V58/><F58/><W108/><G108/><T134/><D134/><U5/><E5/><V49/><F49/><W133/><G133/><T128/><D128/><U135/><E135/><V21/><F21/><W29/><G29/><T62/><D62/><U35/><E107/><AGARI ba="0,0" hai="72,78,80,85,90,93,99,102,107,122,123" m="28682" machi="107" ten="30,3900,0" yaku="24,1,34,2" doraHai="67" who="2" fromWho="1" sc="250,0,250,-39,250,39,250,0" /><INIT seed="1,0,0,1,4,88" ten="250,211,289,250" oya="1" hai0="59,53,125,42,15,66,100,107,24,97,60,12,113" hai1="126,85,30,18,8,104,124,70,22,90,29,43,131" hai2="111,63,28,36,56,10,68,38,91,114,11,4,118" hai3="103,52,61,75,33,47,74,89,133,16,37,7,84"/><U78/><E104/><V122/><F118/><W130/><G33/><T57/><D113/><U132/><E70/><V119/><F119/><W67/><G7/><T115/><D115/><U86/><E131/><V116/><F116/><W39/><G130/><T41/><D125/><N who="1" m="48235" /><E132/><V81/><F68/><W55/><G133/><T76/><D76/><U0/><E43/><V13/><F114/><W134/><G134/><T120/><D120/><U93/><E0/><V58/><F28/><N who="1" m="10857" /><E8/><V35/><F35/><W19/><G103/><T51/><D24/><N who="1" m="14423" /><E78/><V123/><F10/><W6/><G6/><T40/><AGARI ba="0,0" hai="12,15,40,41,42,51,53,57,59,60,66,97,100,107" machi="40" ten="30,1100,0" yaku="0,1" doraHai="88" who="0" fromWho="0" sc="250,11,211,-5,289,-3,250,-3" /><INIT seed="2,0,0,1,5,55" ten="261,206,286,247" oya="2" hai0="42,74,57,44,93,45,81,75,84,133,12,100,80" hai1="39,95,108,123,24,58,36,67,33,97,50,94,27" hai2="117,102,91,40,73,126,35,90,79,54,129,23,135" hai3="64,116,122,9,68,70,105,65,71,118,53,128,49"/><V11/><F35/><W113/><G9/><T125/><D133/><U5/><E108/><V107/><F117/><N who="3" m="45163" /><G105/><T78/><D125/><U86/><E123/><V16/><F126/><W115/><G122/><T31/><D31/><U110/><E110/><V46/><F135/><W25/><G25/><T3/><D3/><U92/><E86/><V0/><F129/><W109/><G109/><T72/><D12/><U30/><E5/><N who="2" m="1447" /><F54/><W120/><G120/><T59/><D45/><U48/><E97/><N who="2" m="61903" /><F23/><W89/><G89/><T87/><D93/><U26/><E48/><V32/><F32/><W83/><G83/><T130/><D100/><U52/><REACH who="1" step="1"/><E67/><REACH who="1" ten="261,196,286,247" step="2"/><N who="3" m="25674" /><G128/><T98/><D98/><U56/><E56/><AGARI ba="0,1" hai="49,53,56,68,70,71,113,115" m="25674,45163" machi="56" ten="40,5200,0" yaku="34,2,52,1" doraHai="55" who="3" fromWho="1" sc="261,0,196,-52,286,0,247,62" /><INIT seed="3,0,0,5,3,119" ten="261,144,286,309" oya="3" hai0="120,44,20,13,130,66,55,46,26,114,57,39,77" hai1="81,16,9,123,101,23,34,124,116,49,106,112,83" hai2="79,52,132,2,78,11,76,94,0,25,53,75,65" hai3="48,22,105,50,84,125,93,89,70,28,117,14,135"/><W131/><G105/><T71/><D120/><U134/><E123/><V73/><F65/><W103/><G70/><T21/><D130/><U62/><E116/><V127/><F25/><W67/><G67/><T15/><D114/><U8/><E34/><V91/><F132/><W115/><G135/><T35/><D35/><U111/><E112/><V92/><F127/><W87/><G115/><T18/><D77/><U5/><E124/><V40/><F40/><W12/><G125/><T60/><D39/><U6/><E111/><V121/><F121/><W107/><G103/><T122/><D122/><U59/><E134/><V68/><F68/><W42/><G42/><T108/><D108/><U36/><E36/><V69/><F69/><W33/><G33/><T51/><REACH who="0" step="1"/><D13/><REACH who="0" ten="251,144,286,309" step="2"/><U74/><E74/><V88/><F79/><W96/><G14/><T128/><D128/><U27/><E106/><V133/><F133/><W24/><G12/><T58/><D58/><U126/><E126/><V98/><REACH who="2" step="1"/><F11/><REACH who="2" ten="251,144,276,309" step="2"/><W63/><G131/><T102/><D102/><U3/><E8/><V19/><F19/><AGARI ba="0,2" hai="15,18,19,20,21,26,44,46,51,55,57,60,66,71" machi="19" ten="30,2000,0" yaku="1,1,7,1,53,0" doraHai="119" doraHaiUra="113" who="0" fromWho="2" sc="251,40,144,0,276,-20,309,0" /><INIT seed="4,0,0,2,4,95" ten="291,144,256,309" oya="0" hai0="109,63,24,88,64,127,89,87,28,86,97,46,85" hai1="3,135,118,133,107,94,90,125,55,75,98,51,121" hai2="18,2,45,110,68,84,102,129,19,130,73,112,48" hai3="38,7,49,47,115,57,6,56,12,5,82,34,93"/><T62/><D127/><U29/><E121/><V100/><F73/><W78/><G34/><T4/><D109/><U77/><E3/><V108/><F2/><W37/><G115/><T40/><D4/><U14/><E118/><V53/><F68/><W72/><G12/><T10/><D10/><U43/><E125/><V60/><F112/><W9/><G9/><T91/><D64/><U83/><E43/><V69/><F84/><W1/><G1/><T25/><D97/><U99/><E29/><V114/><F114/><W120/><G120/><T27/><D28/><U70/><E70/><V0/><F0/><W66/><G66/><T21/><D21/><U101/><REACH who="1" step="1"/><E14/><REACH who="1" ten="291,134,256,309" step="2"/><V20/><F69/><W35/><G35/><T128/><D128/><U8/><E8/><V23/><F130/><W92/><G7/><T59/><D59/><AGARI ba="0,1" hai="51,55,59,75,77,83,90,94,98,99,101,107,133,135" machi="59" ten="40,8000,1" yaku="1,1,52,2,53,1" doraHai="95" doraHaiUra="105" who="1" fromWho="0" sc="291,-80,134,90,256,0,309,0" /><INIT seed="5,0,0,3,4,71" ten="211,224,256,309" oya="1" hai0="83,32,90,55,104,23,66,121,124,8,56,105,2" hai1="77,126,100,89,27,68,116,59,60,5,133,87,65" hai2="92,98,128,70,106,113,74,50,97,6,132,36,81" hai3="13,0,79,10,82,9,72,46,14,22,109,103,57"/><U64/><E116/><V119/><F50/><W35/><G35/><T102/><D32/><U135/><E126/><V37/><F6/><W84/><G72/><T31/><D124/><U3/><E77/><N who="2" m="44215" /><F119/><W131/><G0/><T78/><D121/><U69/><E100/><N who="2" m="62735" /><F70/><W24/><G57/><T12/><D2/><U25/><E3/><V58/><F58/><W123/><G46/><T43/><D66/><U95/><E5/><V112/><F132/><N who="1" m="50761" /><E65/><V114/><F128/><W1/><G14/><T101/><D104/><U96/><E96/><V80/><F80/><W108/><G82/><T39/><D105/><U44/><E44/><V41/><F41/><W29/><G13/><T76/><D43/><U26/><AGARI ba="0,0" hai="25,26,27,59,60,64,68,69,87,89,95" m="50761" machi="26" ten="30,1500,0" yaku="20,1" doraHai="71" who="1" fromWho="1" sc="211,-5,224,15,256,-5,309,-5" /><INIT seed="5,1,0,0,2,18" ten="206,239,251,304" oya="1" hai0="32,9,44,43,1,93,73,76,45,36,20,87,50" hai1="97,57,60,74,51,47,90,26,40,112,14,120,17" hai2="113,81,7,39,92,107,119,35,96,12,31,99,3" hai3="8,128,65,13,2,133,23,125,34,89,24,135,11"/><U130/><E120/><V72/><F119/><W132/><G65/><T71/><D32/><U78/><E112/><V33/><F3/><W79/><G79/><T30/><D71/><U64/><E130/><V101/><F39/><W6/><G128/><T62/><D62/><U69/><E26/><V131/><F131/><W42/><G42/><T77/><D73/><U22/><E78/><V108/><F108/><W98/><G125/><T16/><D30/><U67/><E74/><V95/><F113/><W66/><G66/><T123/><D123/><U37/><E37/><V111/><F111/><W104/><G34/><T110/><D110/><U38/><E38/><V94/><F72/><W100/><G89/><N who="0" m="53439" /><D1/><U129/><E129/><V4/><F81/><W27/><G23/><T117/><D36/><U124/><E124/><V21/><F99/><W68/><REACH who="3" step="1"/><G68/><REACH who="3" ten="206,239,251,294" step="2"/><T0/><D117/><U59/><E64/><V122/><F122/><W49/><G49/><N who="0" m="26783" /><D9/><U61/><E69/><V114/><F114/><W80/><G80/><T106/><D77/><U84/><E67/><V121/><F121/><W75/><G75/><T70/><D70/><U105/><E90/><V109/><F109/><W15/><G15/><N who="0" m="9247" /><D76/><U25/><E14/><V63/><F12/><W56/><G56/><T5/><D50/><U10/><E57/><V28/><F63/><W103/><G103/><T85/><D45/><U58/><E60/><V91/><F91/><W48/><G48/><T118/><D118/><U54/><E61/><V29/><F21/><W41/><G41/><T115/><D115/><U88/><E59/><RYUUKYOKU ba="1,1" sc="206,-15,239,-15,251,15,294,15" hai2="4,7,28,29,31,33,35,92,94,95,96,101,107" hai3="2,6,8,11,13,24,27,98,100,104,132,133,135" /><INIT seed="6,2,1,4,0,39" ten="191,224,266,309" oya="2" hai0="94,20,47,11,81,45,52,85,34,90,130,64,33" hai1="29,108,40,115,95,110,12,132,60,97,5,26,42" hai2="111,15,114,106,80,56,27,98,91,43,35,96,8" hai3="55,116,10,73,6,125,49,48,18,13,3,84,21"/><V104/><F114/><W25/><G73/><T102/><D130/><U134/><E115/><V38/><F56/><W119/><G125/><T82/><D64/><U72/><E72/><V44/><F111/><N who="1" m="42537" /><E60/><V24/><F98/><W87/><G49/><N who="0" m="28719" /><D34/><U120/><E120/><V19/><F35/><W92/><G87/><N who="0" m="52575" /><D33/><U65/><E65/><V57/><F57/><N who="3" m="32999" /><G25/><T53/><D102/><N who="1" m="60735" /><E12/><V109/><F109/><W118/><G119/><T17/><D11/><U131/><E5/><V67/><F67/><W51/><G51/><N who="0" m="28927" /><D85/><U54/><E54/><V89/><F27/><AGARI ba="2,1" hai="17,20,27,81,82" m="28927,52575,28719" machi="27" ten="30,2000,0" yaku="8,1,54,1" doraHai="39" who="0" fromWho="2" sc="191,36,224,0,266,-26,309,0" /><INIT seed="7,0,0,4,0,115" ten="227,224,240,309" oya="3" hai0="62,13,119,14,79,110,91,38,48,7,122,73,31" hai1="94,57,125,33,104,89,103,40,81,56,133,60,128" hai2="116,51,44,71,95,118,34,129,97,46,124,2,127" hai3="75,132,114,74,16,130,17,53,83,77,18,134,90"/><W64/><G64/><T117/><D110/><U84/><E33/><V26/><F2/><W80/><G130/><T112/><D122/><U131/><E125/><N who="2" m="48203" /><F71/><W102/><G102/><T32/><D38/><U96/><E133/><N who="3" m="51306" /><G114/><T3/><D112/><U113/><E113/><V78/><F78/><N who="3" m="44119" /><G90/><T4/><D91/><U30/><E30/><N who="2" m="19799" /><F129/><N who="1" m="49737" /><E40/><N who="2" m="24967" /><F46/><W20/><G53/><T65/><D65/><N who="1" m="39047" /><E57/><V29/><F29/><W39/><G39/><T55/><D31/><U54/><E54/><V105/><F105/><AGARI ba="0,0" hai="81,84,89,94,96,103,104,105" m="39047,49737" machi="105" ten="30,1000,0" yaku="19,1" doraHai="115" who="1" fromWho="2" sc="227,0,224,10,240,-10,309,0" owari="227,-27.0,234,3.0,230,-17.0,309,41.0" /></mjloggm>