<mjloggm ver="2.3"><GO type="169" lobby="0"/><UN n0="%E3%81%8A%E3%81%98%E3%81%95%E3%82%93" n1="%E6%96%B0%E5%AE%BF%E6%96%B9%E9%9D%A2" n2="%E3%80%90%E7%BD%AA%E6%AD%8C%E3%80%91" n3="%E3%82%A6%E3%83%AB%E3%83%88%E3%83%A9%E7%AB%8B%E7%9B%B4" dan="16,17,18,17" rate="2121.25,2199.58,2252.13,2220.11" sx="M,M,F,M"/><TAIKYOKU oya="0"/><INIT seed="0,0,0,4,4,91" ten="250,250,250,250" oya="0" hai0="30,55,24,22,130,89,0,26,117,82,126,36,67" hai1="131,1,77,128,83,99,29,84,70,124,96,108,133" hai2="25,60,18,112,127,33,90,57,103,53,76,3,100" hai3="52,110,56,97,23,121,75,10,9,39,21,113,38"/><T51/><D117/><U28/><E70/><V42/><F3/><W123/><G75/><T134/><D0/><U107/><E1/><V14/><F127/><W119/><G113/><T74/><D126/><U35/><E124/><V19/><F76/><W106/><G110/><T98/><D36/><U102/><E35/><V5/><F112/><W48/><G106/><T105/><D130/><N who="1" m="49707" /><E108/><V59/><F42/><W15/><G119/><T54/><D134/><U78/><E133/><V49/><F5/><W12/><G97/><T46/><D67/><U64/><E64/><V69/><F69/><W86/><G86/><T104/><D74/><U41/><E41/><V118/><F118/><W66/><G66/><T88/><D82/><N who="1" m="47183" /><E99/><V27/><F33/><W8/><G39/><T37/><D37/><U62/><E62/><V116/><F116/><W61/><G38/><T13/><D55/><U95/><E107/><V92/><F103/><W122/><G61/><T20/><D13/><AGARI ba="0,0" hai="8,9,10,12,13,15,21,23,48,52,56,121,122,123" machi="13" ten="50,3200,0" yaku="13,1,54,1" doraHai="91" who="3" fromWho="0" sc="250,-32,250,0,250,0,250,32" /><INIT seed="1,0,0,1,1,63" ten="218,250,250,282" oya="1" hai0="28,135,23,7,93,110,118,133,127,33,102,29,35" hai1="74,99,25,56,122,20,50,104,98,21,3,14,75" hai2="61,132,109,120,12,15,6,18,91,39,10,130,26" hai3="40,62,111,37,125,103,2,1,89,0,82,71,55"/><U85/><E3/><V58/><F120/><W64/><G125/><T67/><D102/><U17/><E122/><V52/><F39/><W129/><G111/><T60/><D110/><U83/><E104/><V32/><F109/><W69/><G129/><T42/><D118/><U76/><E75/><V131/><F132/><N who="0" m="50762" /><D42/><U107/><E74/><V48/><F91/><W49/><G103/><T13/><D93/><U126/><E107/><V90/><F90/><W108/><G108/><T106/><D106/><U77/><E77/><V4/><F131/><W31/><G71/><N who="0" m="42471" /><D127/><U54/><REACH who="1" step="1"/><E126/><REACH who="1" ten="218,240,250,282" step="2"/><V123/><F123/><W101/><G1/><T68/><D68/><U119/><E119/><V94/><F130/><W5/><G0/><T9/><D29/><AGARI ba="0,1" hai="14,17,20,21,25,29,50,54,56,76,83,85,98,99" machi="29" ten="30,11600,0" yaku="1,1,7,1,8,1,53,1" doraHai="63" doraHaiUra="44" who="1" fromWho="0" sc="218,-116,240,126,250,0,282,0" /><INIT seed="1,1,0,2,3,98" ten="102,366,250,282" oya="1" hai0="87,73,96,75,9,48,81,91,2,118,119,109,63" hai1="8,135,94,123,44,114,39,78,88,126,131,42,124" hai2="99,74,55,15,128,130,12,47,21,38,104,83,120" hai3="10,33,31,61,79,95,100,86,59,93,110,66,116"/><U57/><E123/><V32/><F120/><W70/><G110/><T40/><D109/><U26/><E114/><V13/><F32/><W80/><G116/><T25/><D75/><U122/><E122/><V18/><F74/><W16/><G33/><T102/><D73/><U58/><E78/><V89/><F83/><W51/><G31/><T23/><D63/><U11/><E26/><V69/><F69/><W28/><G28/><T1/><D48/><U50/><E135/><V132/><F132/><W64/><G70/><T36/><D40/><U37/><E131/><N who="2" m="50219" /><F55/><W103/><G51/><T127/><D36/><U30/><E30/><V117/><F117/><W108/><G66/><T121/><D121/><U6/><E57/><V60/><F60/><W49/><G49/><T29/><D127/><N who="1" m="48683" /><E58/><V134/><F134/><W84/><G108/><T43/><D43/><U65/><E65/><V5/><F5/><W111/><G111/><T97/><D1/><N who="1" m="79" /><E11/><V20/><F20/><W106/><G10/><T35/><D35/><U72/><E72/><V85/><F47/><W27/><G59/><T46/><D46/><U129/><E129/><V4/><F4/><W67/><G61/><T82/><D119/><U56/><E56/><V19/><F38/><W45/><G45/><T92/><D118/><U14/><E14/><V3/><F3/><W22/><G67/><T90/><D2/><U7/><E7/><V133/><F133/><W76/><G64/><T105/><REACH who="0" step="1"/><D9/><REACH who="0" ten="92,366,250,282" step="2"/><U107/><E107/><V17/><F21/><W41/><G106/><T101/><D101/><N who="3" m="38985" /><G41/><T68/><D68/><RYUUKYOKU ba="1,1" sc="92,10,366,10,250,-30,282,10" hai0="23,25,29,81,82,87,90,91,92,96,97,102,105" hai1="37,39,42,44,50,88,94" hai3="16,22,27,76,79,80,84,86,93,95" /><INIT seed="1,2,1,2,3,17" ten="102,376,220,292" oya="1" hai0="114,78,55,16,128,65,112,50,14,63,133,107,85" hai1="111,87,80,91,7,105,18,28,70,67,2,48,88" hai2="13,68,46,81,60,40,71,9,33,6,123,106,41" hai3="8,54,125,66,31,126,1,45,131,3,101,76,27"/><U75/><E105/><V62/><F33/><W58/><G76/><T25/><D107/><U69/><E75/><V11/><F106/><W104/><G66/><T108/><D108/><U98/><E111/><V72/><F123/><W32/><G45/><T49/><D128/><U26/><E18/><V52/><F41/><W97/><G131/><T61/><D133/><U15/><E2/><V53/><F11/><W59/><G59/><N who="0" m="37119" /><D114/><U129/><E129/><V130/><F130/><W90/><G90/><T93/><D25/><U99/><E48/><V5/><F5/><W37/><G37/><T117/><D117/><U56/><E56/><V38/><F62/><W95/><G104/><T22/><D112/><U110/><E110/><V132/><F132/><W57/><G57/><N who="0" m="35007" /><D93/><U36/><E36/><V92/><F92/><W82/><G1/><T119/><D119/><U124/><E91/><V23/><F71/><W30/><G3/><T89/><D89/><U79/><E88/><V120/><F120/><W43/><G95/><T51/><D78/><U113/><E113/><V77/><REACH who="2" step="1"/><F23/><REACH who="2" ten="102,376,210,292" step="2"/><W34/><G34/><T83/><D83/><U10/><E70/><V100/><F100/><W39/><G82/><T42/><D85/><U135/><E135/><V127/><F127/><W122/><G126/><T109/><D109/><U134/><E124/><V0/><F0/><W24/><G125/><T86/><D86/><U121/><E134/><V4/><F4/><W12/><G122/><T118/><D118/><U47/><E121/><V96/><F96/><W64/><G97/><T35/><D35/><RYUUKYOKU ba="2,2" sc="102,15,376,-15,210,15,292,-15" hai0="14,16,22,42,49,50,51" hai2="6,9,13,38,40,46,52,53,60,68,72,77,81" /><INIT seed="2,3,2,5,0,124" ten="117,361,225,277" oya="2" hai0="7,113,22,18,13,52,128,69,65,49,135,131,76" hai1="37,107,103,56,84,91,74,32,6,28,3,118,120" hai2="92,133,119,21,42,72,20,88,114,98,117,29,70" hai3="125,5,14,123,95,97,48,0,129,96,57,71,85"/><V78/><F70/><W75/><G0/><T35/><D35/><U34/><E118/><V26/><F114/><W80/><G71/><T59/><D113/><U73/><E37/><V61/><F133/><W104/><G75/><T9/><D135/><U134/><E134/><V68/><F42/><W50/><G104/><T40/><D76/><U67/><E34/><V127/><F127/><W132/><G123/><T12/><REACH who="0" step="1"/><D40/><REACH who="0" ten="107,361,225,277" step="2"/><U112/><E112/><V54/><F78/><W24/><G132/><T17/><D17/><U83/><E32/><V63/><F72/><W43/><G43/><T36/><D36/><U89/><E74/><V45/><F119/><W53/><G125/><T86/><D86/><U106/><E84/><V111/><F117/><W101/><G85/><T105/><D105/><U46/><E106/><V44/><F29/><W39/><G39/><T58/><D58/><U23/><E56/><V19/><F68/><W126/><G57/><T81/><D81/><U41/><E83/><V110/><F44/><W79/><G80/><T33/><D33/><U116/><E28/><N who="2" m="17479" /><F45/><W25/><G79/><T1/><D1/><U115/><E115/><V102/><F19/><W31/><G31/><T64/><D64/><U99/><E120/><V109/><F54/><W93/><G53/><T130/><D130/><U2/><E67/><V15/><F111/><W16/><G129/><T4/><D4/><U38/><E116/><V30/><F110/><W122/><G5/><T66/><D66/><U77/><E73/><V90/><F109/><W11/><G126/><T55/><D55/><RYUUKYOKU ba="3,3" sc="107,30,361,-10,225,-10,277,-10" hai0="7,9,12,13,18,22,49,52,59,65,69,128,131" /><INIT seed="3,4,3,0,2,42" ten="137,351,215,267" oya="3" hai0="92,120,8,64,71,33,89,21,129,9,13,91,16" hai1="98,134,58,76,118,116,66,125,130,100,5,121,20" hai2="53,22,106,68,54,17,115,88,95,114,59,69,124" hai3="4,86,132,70,34,131,14,60,45,94,111,37,73"/><W31/><G73/><T62/><D120/><U82/><E121/><V109/><F106/><W74/><G74/><T43/><D129/><U117/><E130/><V28/><F28/><W84/><G131/><T47/><D33/><U81/><E134/><V99/><F109/><W11/><G132/><T122/><D122/><U105/><E125/><V48/><F124/><W29/><G111/><T63/><D63/><N who="1" m="38263" /><E5/><V126/><F126/><W1/><G1/><T80/><D80/><N who="1" m="30827" /><E20/><V103/><F103/><W135/><G135/><T23/><D23/><U32/><E32/><V41/><F41/><W78/><G78/><AGARI ba="4,3" hai="76,78,98,100,105,116,117,118" m="30827,38263" machi="78" ten="40,1300,0" yaku="12,1" doraHai="42" who="1" fromWho="3" sc="137,0,351,55,215,0,267,-25" /><INIT seed="4,0,0,3,2,124" ten="137,406,215,242" oya="0" hai0="94,126,98,86,109,60,37,114,54,81,95,101,50" hai1="61,103,84,62,76,75,38,17,128,100,133,10,19" hai2="4,23,110,14,112,58,40,44,130,55,71,82,11" hai3="1,131,119,132,0,104,26,15,66,111,65,21,29"/><T117/><D117/><U3/><E75/><V67/><F110/><W53/><G104/><T35/><D126/><U120/><E120/><V9/><F112/><W5/><G66/><T125/><D125/><U42/><E3/><V122/><F122/><W96/><G65/><T12/><D114/><U87/><E10/><V49/><F130/><W57/><G131/><T22/><D35/><U99/><E128/><V28/><F71/><W6/><G132/><T85/><D37/><U20/><E42/><V134/><F134/><W113/><G1/><T34/><D34/><U18/><E38/><V27/><F67/><W91/><G0/><T129/><D129/><U32/><E32/><V102/><F102/><N who="1" m="38953" /><E99/><V16/><F82/><W74/><G74/><T33/><D33/><U13/><E87/><V106/><F106/><W63/><G113/><T83/><D109/><U105/><E105/><V68/><F68/><W80/><G111/><T77/><D95/><U7/><E7/><V31/><REACH who="2" step="1"/><F11/><REACH who="2" ten="137,406,205,242" step="2"/><W90/><G80/><T30/><D83/><N who="1" m="47207" /><E133/><V70/><F70/><W24/><G119/><T78/><D78/><U88/><E88/><V25/><F25/><W108/><G26/><N who="0" m="16727" /><D77/><U39/><E39/><AGARI ba="0,1" hai="4,9,14,16,23,27,28,31,39,40,44,49,55,58" machi="39" ten="30,7700,0" yaku="1,1,7,1,54,1,53,1" doraHai="124" doraHaiUra="2" who="2" fromWho="1" sc="137,0,406,-77,205,87,242,0" /><INIT seed="5,0,0,2,2,40" ten="137,329,292,242" oya="1" hai0="43,108,64,32,113,125,9,73,21,134,49,75,45" hai1="4,30,87,128,51,85,18,38,36,72,48,0,78" hai2="82,39,7,3,102,41,28,132,61,12,60,46,81" hai3="106,86,63,62,59,69,70,68,22,42,37,15,76"/><U17/><E30/><V98/><F132/><W27/><G106/><T92/><D32/><U24/><E4/><V33/><F12/><W8/><G76/><T103/><D134/><U56/><E78/><V74/><F82/><W53/><G86/><T120/><D108/><U14/><E14/><V91/><F91/><W109/><G109/><T96/><D120/><U95/><E72/><V50/><F50/><W124/><G124/><T130/><D125/><U5/><E5/><V19/><F19/><W26/><G22/><T23/><D113/><U135/><E135/><V44/><F44/><W11/><G42/><T90/><D130/><U83/><E128/><V77/><F28/><W13/><G37/><T10/><D64/><U80/><E56/><V35/><F60/><W55/><G68/><T110/><D110/><U66/><E66/><V105/><REACH who="2" step="1"/><F61/><REACH who="2" ten="137,329,282,242" step="2"/><W54/><G54/><T104/><D75/><U34/><E51/><V117/><F117/><W2/><G59/><T131/><D73/><U79/><E48/><V97/><F97/><W121/><G62/><T126/><D126/><U93/><E79/><V88/><F88/><W65/><G63/><T20/><REACH who="0" step="1"/><D131/><REACH who="0" ten="127,329,282,242" step="2"/><U123/><E123/><V29/><F29/><W52/><G121/><T115/><D115/><U116/><E116/><V71/><F71/><W67/><G69/><T16/><D16/><U99/><E18/><V118/><F118/><W6/><G70/><T133/><D133/><U127/><E17/><V114/><F114/><W111/><G111/><T47/><D47/><U100/><E127/><V107/><F107/><RYUUKYOKU ba="0,2" sc="127,15,329,-15,282,15,242,-15" hai0="9,10,20,21,23,43,45,49,90,92,96,103,104" hai2="3,7,33,35,39,41,46,74,77,81,98,102,105" /><INIT seed="6,1,2,3,2,17" ten="142,314,297,227" oya="2" hai0="34,78,65,48,100,120,108,82,124,110,74,75,58" hai1="93,131,47,39,84,28,11,3,30,107,103,31,62" hai2="27,36,90,46,9,49,51,61,64,50,83,40,89" hai3="92,69,26,1,102,5,126,41,43,130,44,21,125"/><V56/><F9/><W95/><G69/><T23/><D34/><U15/><E3/><V109/><F109/><W13/><G1/><T2/><D2/><U117/><E117/><V73/><F73/><W10/><G130/><T55/><D120/><U99/><E131/><V132/><F132/><W77/><G77/><T81/><D124/><N who="3" m="47721" /><G102/><T135/><D135/><U53/><E39/><V6/><F6/><W72/><G72/><T85/><D75/><U42/><E84/><V60/><F83/><W121/><G121/><T22/><D100/><U20/><E107/><V97/><F97/><W91/><G91/><T104/><D104/><U88/><E103/><V87/><F87/><W129/><G129/><T33/><D33/><U14/><E14/><V66/><REACH who="2" step="1"/><F27/><REACH who="2" ten="142,314,287,227" step="2"/><W19/><G5/><T111/><REACH who="0" step="1"/><D65/><REACH who="0" ten="132,314,287,227" step="2"/><U79/><E99/><V71/><AGARI ba="1,4" hai="36,40,46,49,50,51,56,60,61,64,66,71,89,90" machi="71" ten="30,6000,0" yaku="1,1,2,1,0,1,53,0" doraHai="17" doraHaiUra="24" who="2" fromWho="2" sc="132,-21,314,-21,287,103,227,-21" /><INIT seed="6,2,0,3,0,14" ten="111,293,390,206" oya="2" hai0="68,31,135,9,13,116,50,54,29,93,78,104,134" hai1="105,117,42,40,21,113,72,91,94,96,100,4,32" hai2="132,115,120,77,128,92,12,61,19,97,67,16,84" hai3="48,69,17,89,39,63,87,1,95,106,81,88,66"/><V44/><F120/><W133/><G39/><T114/><D104/><U103/><E117/><V35/><F35/><W109/><G106/><T11/><D68/><U34/><E113/><V10/><F115/><W122/><G1/><T127/><D114/><U2/><E103/><V102/><F132/><W8/><G109/><T85/><D116/><U83/><E2/><V111/><F128/><W129/><G133/><T98/><D127/><U7/><E34/><V49/><F111/><W45/><G129/><T43/><D135/><U28/><E32/><V125/><F125/><W76/><G122/><T52/><D134/><U59/><E59/><N who="2" m="37311" /><F84/><W90/><G8/><T74/><D9/><U47/><E40/><N who="2" m="24711" /><F77/><W22/><G95/><T20/><D74/><U57/><E57/><V30/><F30/><W23/><REACH who="3" step="1"/><G17/><AGARI ba="2,0" hai="10,12,16,17,19,92,97,102" m="24711,37311" machi="17" ten="30,12000,1" yaku="8,1,52,3,54,1" doraHai="14" who="2" fromWho="3" sc="111,0,293,0,390,126,206,-126" /><INIT seed="6,3,0,0,0,111" ten="111,293,516,80" oya="2" hai0="92,112,23,68,29,11,40,5,32,51,89,0,95" hai1="34,98,30,33,73,77,100,58,118,55,54,110,43" hai2="59,121,70,35,25,36,28,101,12,119,99,106,49" hai3="9,6,22,64,45,26,10,13,135,103,42,126,1"/><V74/><F121/><W132/><G64/><T79/><D68/><U108/><E118/><V133/><F119/><W62/><G103/><T86/><D32/><U107/><E43/><V130/><F130/><W115/><G62/><T124/><D124/><U4/><E4/><V24/><F36/><W50/><G126/><T117/><D117/><U125/><E125/><V82/><F133/><W7/><REACH who="3" step="1"/><G115/><REACH who="3" ten="111,293,516,70" step="2"/><T3/><D112/><U56/><E100/><V65/><F65/><W84/><G84/><T113/><D113/><U80/><E110/><V85/><F85/><W63/><G63/><T90/><D86/><U88/><E108/><V120/><F120/><W105/><G105/><T20/><D90/><U38/><E107/><V57/><F101/><W81/><G81/><T27/><D89/><U47/><E88/><V39/><F106/><W41/><G41/><T75/><D40/><U8/><E98/><V46/><F82/><W134/><G134/><T17/><D95/><U2/><E80/><V97/><F74/><W127/><G127/><T78/><D92/><U69/><E73/><V16/><F99/><W116/><G116/><T102/><D75/><U53/><E77/><V31/><F97/><W83/><G83/><T19/><D102/><U128/><E55/><V21/><F70/><W104/><G104/><T61/><D79/><U71/><E69/><V91/><F91/><W122/><G122/><T123/><D78/><U37/><E71/><V94/><F94/><W109/><G109/><T131/><D123/><U96/><E54/><V66/><F66/><W60/><G60/><RYUUKYOKU ba="3,1" sc="111,-10,293,-10,516,-10,70,30" hai3="1,6,7,9,10,13,22,26,42,45,50,132,135" /><INIT seed="7,4,1,5,0,9" ten="101,283,506,100" oya="3" hai0="21,90,93,71,54,126,58,32,13,17,103,86,92" hai1="74,109,68,100,99,52,81,61,94,29,24,49,20" hai2="110,106,98,84,57,83,41,113,46,45,114,39,120" hai3="102,2,42,60,36,59,123,51,108,5,117,70,82"/><W1/><G123/><T96/><D126/><U16/><E109/><V6/><F110/><W132/><G108/><T76/><D71/><U14/><E74/><V135/><F135/><W79/><G117/><T73/><D32/><U8/><E68/><V50/><F57/><W128/><G132/><T134/><D134/><U18/><E81/><V40/><F120/><W77/><G128/><T47/><D47/><U48/><E48/><V91/><F6/><W80/><G36/><T69/><D69/><U115/><E115/><N who="2" m="44043" /><F98/><W119/><G119/><T104/><D73/><U34/><E34/><V121/><F121/><W63/><G70/><T131/><D76/><N who="3" m="29257" /><G2/><T101/><D131/><U55/><E61/><N who="3" m="23626" /><G1/><T67/><D67/><U78/><E78/><V3/><F3/><W7/><G102/><N who="0" m="60687" /><D104/><AGARI ba="4,1" hai="39,40,41,45,46,50,83,84,91,104,106" m="44043" machi="104" ten="30,1000,0" yaku="15,1" doraHai="9" who="2" fromWho="0" sc="101,-22,283,0,506,32,100,0" owari="79,-42.0,283,8.0,538,64.0,100,-30.0" /></mjloggm>