<mjloggm ver="2.3"><GO type="169" lobby="0"/><UN n0="%E7%A2%BA%E8%AA%8D%E4%BA%8B%E9%A0%85" n1="%E5%B0%B1%E6%B4%BB%E7%94%9F%40%E5%B7%9D%E6%9D%91%E8%BB%8D%E5%9B%A3" n2="%E6%B9%8A%E3%81%AE%E9%87%A3%E5%B8%AB" n3="%E7%AB%8B%E8%8F%AF%E5%A5%8F" dan="16,16,16,17" rate="2081.59,2086.27,2123.13,2210.58" sx="M,M,M,F"/><TAIKYOKU oya="0"/><INIT seed="0,0,0,2,3,106" ten="250,250,250,250" oya="0" hai0="125,48,74,121,47,25,102,30,119,0,37,2,5" hai1="60,82,35,50,94,129,36,134,128,118,53,15,110" hai2="111,78,56,52,16,23,3,33,19,17,4,123,131" hai3="115,32,1,112,29,65,99,43,68,101,98,75,61"/><T76/><D119/><U57/><E35/><V93/><F123/><W103/><G43/><T69/><D121/><U66/><E118/><V120/><F120/><W83/><G1/><T11/><D125/><U126/><E126/><V86/><F33/><W124/><G124/><T79/><D69/><U70/><E94/><V80/><F111/><W7/><G7/><T34/><D37/><U9/><E36/><V104/><F104/><N who="3" m="63543" /><G99/><T132/><D132/><U100/><E100/><V77/><F131/><N who="1" m="50249" /><E110/><V45/><F45/><W63/><G63/><T21/><D102/><U116/><E116/><V12/><F93/><W59/><G59/><T38/><D38/><U14/><E134/><V28/><F28/><W31/><G31/><T10/><D34/><U133/><E133/><V95/><F95/><W114/><G103/><T84/><D84/><U13/><E82/><V8/><REACH who="2" step="1"/><F78/><REACH who="2" ten="250,250,240,250" step="2"/><N who="3" m="44511" /><G115/><T107/><D30/><U113/><E113/><V39/><F39/><W90/><G90/><T64/><D47/><U22/><E22/><V122/><F122/><W49/><G49/><AGARI ba="0,1" hai="3,4,8,12,16,17,19,23,49,52,56,77,80,86" machi="49" ten="30,8000,1" yaku="1,1,7,1,54,2,53,1" doraHai="106" doraHaiUra="55" who="2" fromWho="3" sc="250,0,250,0,240,90,250,-80" /><INIT seed="1,0,0,4,1,43" ten="250,250,330,170" oya="1" hai0="44,62,50,107,119,5,126,60,65,49,24,26,21" hai1="59,53,134,120,9,85,115,87,133,70,17,84,71" hai2="131,57,89,4,68,10,125,56,110,135,81,18,102" hai3="105,40,100,36,55,22,61,114,95,111,27,86,113"/><U101/><E120/><V88/><F68/><W116/><G111/><T103/><D119/><U12/><E115/><V0/><F110/><W96/><G116/><T78/><D126/><U38/><E38/><V90/><F125/><W104/><G61/><T48/><D5/><U16/><E101/><V41/><F135/><W39/><G55/><T8/><D8/><U76/><E76/><V35/><F35/><W109/><G109/><T121/><D121/><U7/><E71/><V54/><F102/><W98/><G86/><T91/><D78/><U63/><REACH who="1" step="1"/><E70/><REACH who="1" ten="250,240,330,170" step="2"/><V2/><F90/><W20/><G100/><T117/><D91/><U37/><E37/><V129/><F89/><W11/><G114/><T99/><D103/><U28/><E28/><V47/><F88/><W45/><G113/><T97/><D117/><U132/><AGARI ba="0,1" hai="7,9,12,16,17,53,59,63,84,85,87,132,133,134" machi="132" ten="40,12000,1" yaku="1,1,0,1,20,1,54,1,53,0" doraHai="43" doraHaiUra="106" who="1" fromWho="1" sc="250,-40,240,130,330,-40,170,-40" /><INIT seed="1,1,0,3,0,21" ten="210,370,290,130" oya="1" hai0="114,127,73,98,79,72,76,11,60,80,101,87,6" hai1="25,77,92,59,96,119,110,115,39,35,36,132,89" hai2="67,131,121,120,38,107,111,48,0,102,81,37,26" hai3="97,3,42,66,75,86,78,91,116,113,23,88,32"/><U133/><E119/><V33/><F48/><W52/><G3/><T90/><D114/><U129/><E115/><V55/><F55/><W31/><G32/><T95/><D127/><U82/><E129/><V93/><F93/><W4/><G4/><T17/><D60/><U29/><E110/><V134/><F111/><W2/><G2/><T125/><D125/><U7/><E7/><V70/><F81/><W100/><G113/><T63/><D63/><U112/><E112/><V13/><F134/><W62/><G42/><T64/><D64/><U84/><REACH who="1" step="1"/><E59/><REACH who="1" ten="210,360,290,130" step="2"/><V9/><F131/><W27/><G116/><T122/><D6/><U1/><E1/><V44/><F0/><W69/><G75/><T24/><D73/><U109/><E109/><V14/><F120/><W71/><G71/><T50/><D72/><U68/><E68/><V56/><F121/><W130/><G130/><T108/><D108/><U8/><E8/><V58/><F56/><W104/><G78/><T40/><D122/><U22/><E22/><V103/><F58/><W34/><G23/><N who="0" m="13423" /><D11/><U117/><E117/><V10/><F10/><W49/><G86/><T16/><D79/><U106/><E106/><V118/><F9/><W135/><G135/><AGARI ba="1,1" hai="25,29,35,36,39,77,82,84,89,92,96,132,133,135" machi="135" ten="40,7700,0" yaku="1,1,20,1,52,1,53,0" doraHai="21" doraHaiUra="123" who="1" fromWho="3" sc="210,0,360,90,290,0,130,-80" /><INIT seed="1,2,0,2,3,57" ten="210,450,290,50" oya="1" hai0="127,16,56,48,73,29,129,135,133,89,103,124,21" hai1="118,4,42,14,82,32,13,67,8,38,117,12,108" hai2="90,62,44,100,55,119,83,126,66,78,122,28,79" hai3="26,87,18,22,99,47,68,110,9,43,75,128,92"/><U17/><E38/><V105/><F119/><W5/><G110/><T107/><D73/><U33/><E42/><V11/><F122/><W1/><G128/><T77/><D77/><U51/><E67/><V41/><F126/><N who="0" m="48170" /><D29/><U97/><E97/><V39/><F28/><W98/><G75/><T106/><D89/><U70/><E51/><V58/><F11/><W64/><G87/><T2/><D2/><N who="1" m="23" /><E82/><V53/><F90/><W63/><REACH who="3" step="1"/><G92/><REACH who="3" ten="210,450,290,40" step="2"/><T19/><D129/><U93/><E93/><V116/><F116/><W69/><G69/><T95/><D95/><U60/><E108/><V37/><F105/><W71/><G71/><T34/><D107/><U25/><E117/><V0/><F83/><W24/><G24/><T112/><D106/><U20/><E118/><V59/><F100/><W121/><G121/><T52/><D103/><U27/><E70/><N who="2" m="42327" /><F79/><W114/><G114/><T111/><D112/><U49/><E49/><AGARI ba="2,1" hai="1,5,9,18,22,26,43,47,49,63,64,68,98,99" machi="49" ten="30,7700,0" yaku="1,1,7,1,52,1,53,1" doraHai="57" doraHaiUra="35" who="3" fromWho="1" sc="210,0,450,-83,290,0,40,93" /><INIT seed="2,0,0,4,0,125" ten="210,367,290,133" oya="2" hai0="86,10,9,98,67,78,118,126,47,70,40,58,66" hai1="49,63,19,135,54,132,23,83,17,44,111,121,88" hai2="38,26,46,122,94,37,51,5,115,89,127,130,18" hai3="75,14,79,48,8,117,114,90,41,106,29,95,31"/><V39/><F115/><W11/><G114/><T134/><D126/><U16/><E121/><V82/><F122/><W71/><G106/><T97/><D70/><U107/><E107/><V119/><F127/><W93/><G71/><T61/><D67/><U20/><E111/><V64/><F119/><W2/><G117/><T104/><D118/><U77/><E63/><V62/><F82/><W96/><G2/><T32/><D32/><U113/><E113/><V131/><F5/><W45/><G8/><N who="0" m="3179" /><D104/><U7/><E7/><V0/><F0/><W35/><G35/><T13/><D13/><U72/><REACH who="1" step="1"/><E88/><REACH who="1" ten="210,357,290,133" step="2"/><V108/><F108/><W1/><G1/><T50/><D134/><AGARI ba="0,1" hai="16,17,19,20,23,44,49,54,72,77,83,132,134,135" machi="134" ten="40,8000,1" yaku="1,1,2,1,20,1,54,1,53,0" doraHai="125" doraHaiUra="21" who="1" fromWho="0" sc="210,-80,357,90,290,0,133,0" /><INIT seed="3,0,0,2,5,86" ten="130,447,290,133" oya="3" hai0="122,104,2,80,30,102,120,130,123,77,47,17,83" hai1="9,54,64,84,74,118,16,125,106,45,88,110,66" hai2="44,115,33,60,111,65,20,52,1,4,50,113,7" hai3="42,13,98,56,97,71,40,73,82,101,10,109,39"/><W79/><G71/><T24/><D2/><U11/><E74/><V100/><F33/><W15/><G109/><T58/><D130/><U132/><E106/><V59/><F111/><W89/><G56/><T48/><D58/><U112/><E110/><V21/><F100/><W108/><G108/><T124/><D124/><U34/><E34/><V27/><F21/><W78/><G78/><T63/><D63/><U53/><E112/><V131/><F131/><W105/><G39/><T14/><D77/><U81/><E125/><V43/><F1/><W117/><G117/><T69/><D69/><U135/><E118/><V22/><F22/><W114/><G114/><T85/><D24/><U5/><E5/><V51/><F115/><W23/><G23/><T67/><D67/><N who="1" m="25643" /><E11/><V3/><F3/><W68/><G68/><T99/><D30/><U28/><E28/><V61/><F113/><W36/><G36/><T95/><D104/><U90/><E90/><V133/><F133/><N who="1" m="51273" /><E45/><V32/><F32/><W55/><G55/><T76/><D123/><U12/><AGARI ba="0,0" hai="9,12,16,53,54,81,84,88" m="51273,25643" machi="12" ten="30,7900,0" yaku="20,1,52,1,54,2" doraHai="86" who="1" fromWho="1" sc="130,-20,447,79,290,-20,133,-39" /><INIT seed="4,0,0,4,1,109" ten="110,526,270,94" oya="0" hai0="50,129,60,123,0,65,67,41,59,52,71,56,69" hai1="68,38,44,19,75,32,12,63,121,66,84,117,78" hai2="128,35,62,104,108,9,29,46,98,83,22,102,74" hai3="110,24,54,33,99,118,42,130,106,126,87,77,55"/><T31/><D0/><U135/><E121/><V4/><F108/><W81/><G110/><T3/><D3/><U92/><E117/><V125/><F22/><W114/><G118/><T1/><D1/><U132/><E32/><V120/><F120/><W30/><G126/><T51/><D123/><U82/><E38/><V131/><F125/><W13/><G130/><T58/><D31/><U86/><E44/><V43/><F62/><W57/><G42/><T113/><D129/><U70/><E70/><N who="0" m="26633" /><D113/><U80/><E92/><V20/><F20/><W105/><G114/><T72/><D72/><U119/><E119/><V96/><F96/><W45/><G13/><T103/><D103/><U122/><E122/><V134/><F134/><N who="1" m="51241" /><E82/><V89/><F83/><W94/><G45/><N who="0" m="25903" /><D67/><U37/><E37/><V101/><F74/><W127/><G127/><T112/><D112/><U2/><E2/><V79/><F35/><W23/><G33/><T34/><D34/><U40/><E40/><V10/><F43/><W26/><G26/><T39/><D39/><U111/><E111/><V28/><F131/><W36/><G36/><T18/><D18/><U133/><E133/><V47/><F128/><W93/><G106/><T7/><D7/><U27/><E27/><V115/><F104/><W16/><G105/><T49/><D49/><U17/><E17/><V21/><F4/><W76/><G16/><T73/><D73/><U25/><E25/><V14/><F115/><W91/><G76/><T53/><D51/><U6/><E6/><V116/><F79/><W95/><G95/><T88/><D88/><RYUUKYOKU ba="0,0" sc="110,15,526,15,270,-15,94,-15" hai0="52,53,56,58,59,60,65" hai1="12,19,63,66,68,75,78,80,84,86" /><INIT seed="4,1,0,2,1,66" ten="125,541,255,79" oya="0" hai0="31,27,55,70,42,28,38,117,93,115,106,113,26" hai1="60,19,101,88,102,4,121,44,78,45,90,50,98" hai2="46,59,99,74,82,64,100,62,23,81,132,3,16" hai3="89,114,1,7,54,51,83,25,61,14,86,22,92"/><T87/><D106/><U103/><E121/><V48/><F3/><W47/><G114/><N who="0" m="43531" /><D117/><U71/><E4/><V107/><F74/><W122/><G122/><T105/><D105/><U77/><E71/><V67/><F67/><W94/><G1/><T29/><D55/><N who="1" m="30151" /><E60/><V84/><F84/><W97/><G61/><T11/><D11/><U34/><E34/><V125/><F125/><W124/><G124/><T69/><D42/><U30/><E30/><V13/><REACH who="2" step="1"/><F132/><REACH who="2" ten="125,541,245,79" step="2"/><W126/><G126/><T0/><D0/><U41/><E98/><V91/><F91/><W76/><G97/><T80/><D93/><U128/><E90/><V58/><F58/><W21/><G89/><N who="0" m="51431" /><D38/><U112/><E88/><V95/><F95/><W57/><G57/><T135/><D135/><U131/><E112/><V129/><F129/><N who="1" m="49737" /><E19/><V127/><F127/><W68/><G94/><T110/><D110/><U123/><E123/><V56/><F56/><W108/><G92/><T12/><D31/><U72/><E72/><V43/><AGARI ba="1,1" hai="13,16,23,43,46,48,59,62,64,81,82,99,100,107" machi="43" ten="20,5200,0" yaku="1,1,0,1,7,1,54,1,53,0" doraHai="66" doraHaiUra="116" who="2" fromWho="2" sc="125,-27,541,-14,245,65,79,-14" /><INIT seed="5,0,0,2,3,44" ten="98,527,310,65" oya="1" hai0="45,92,47,54,7,77,2,52,107,78,128,43,42" hai1="105,14,0,11,85,48,27,123,96,73,56,90,37" hai2="31,68,76,25,32,33,64,100,57,129,8,61,109" hai3="95,28,20,126,112,87,89,70,133,80,40,5,69"/><U132/><E73/><V135/><F109/><W6/><G112/><T127/><D107/><U29/><E0/><V16/><F135/><W72/><G126/><T117/><D117/><U124/><E37/><V125/><F125/><W119/><G133/><T49/><D127/><U34/><E123/><V97/><F129/><W134/><G134/><T17/><D128/><U102/><E124/><V55/><F76/><W88/><G119/><T86/><D2/><U15/><E132/><V81/><F81/><W131/><G131/><T91/><D7/><U1/><E1/><V110/><F110/><W82/><G40/><T21/><D43/><U114/><E114/><V18/><F8/><W130/><G130/><T74/><D74/><U94/><E11/><V46/><F46/><W118/><G118/><T58/><D47/><U12/><E56/><V121/><F33/><W71/><G72/><T66/><D66/><U113/><E113/><V59/><F59/><W39/><G39/><T13/><D54/><U36/><E36/><AGARI ba="0,0" hai="13,17,21,36,42,45,49,52,58,77,78,86,91,92" machi="36" ten="30,8000,1" yaku="7,1,25,2,52,1,54,1" doraHai="44" who="0" fromWho="1" sc="98,80,527,-80,310,0,65,0" /><INIT seed="6,0,0,4,2,81" ten="178,447,310,65" oya="2" hai0="25,68,101,41,37,6,42,33,134,20,43,98,93" hai1="22,85,70,36,117,126,87,116,2,46,38,107,49" hai2="125,115,129,82,55,91,77,83,114,94,18,133,76" hai3="112,105,130,48,53,120,32,132,128,90,66,24,88"/><V92/><F18/><W89/><G120/><T61/><D33/><U44/><E107/><V109/><F55/><W59/><G105/><T50/><D37/><U28/><E2/><V110/><F129/><N who="3" m="49771" /><G132/><T34/><D34/><U106/><E70/><V4/><F4/><W104/><G104/><T17/><D134/><U119/><E106/><V45/><F45/><W12/><G66/><T124/><D68/><U63/><E126/><V23/><F23/><W108/><G108/><N who="2" m="41577" /><F133/><W64/><G64/><T60/><D124/><U135/><E135/><V52/><F52/><W47/><G112/><N who="2" m="43049" /><F125/><W14/><G47/><N who="0" m="25983" /><D6/><U121/><E46/><V27/><F27/><W30/><AGARI ba="0,0" hai="12,14,24,30,32,48,53,59,88,89,90" m="49771" machi="30" ten="40,2700,0" yaku="19,1,54,1" doraHai="81" who="3" fromWho="3" sc="178,-7,447,-7,310,-13,65,27" /><INIT seed="7,0,0,1,3,61" ten="171,440,297,92" oya="3" hai0="27,95,32,30,12,5,37,99,105,114,64,39,121" hai1="100,124,71,73,70,34,26,110,0,6,123,97,69" hai2="87,65,60,16,51,2,98,101,41,58,112,119,48" hai3="111,78,84,127,116,44,22,47,94,135,14,25,103"/><W15/><G116/><T115/><D105/><U133/><E110/><V50/><F119/><W54/><G111/><T75/><D75/><U108/><E108/><V10/><F112/><N who="0" m="43050" /><D64/><U106/><E124/><V4/><F87/><W102/><G127/><T79/><D79/><U93/><E133/><V21/><F41/><W134/><G78/><T23/><D121/><U129/><E129/><V31/><F31/><W85/><G94/><T8/><D23/><U24/><E123/><V7/><F7/><W88/><G22/><T92/><D95/><U74/><E93/><V128/><F128/><W19/><G25/><T117/><D117/><U45/><E45/><V107/><REACH who="2" step="1"/><F50/><REACH who="2" ten="171,440,287,92" step="2"/><W52/><REACH who="3" step="1"/><G19/><REACH who="3" ten="171,440,287,82" step="2"/><T77/><D77/><U46/><E26/><AGARI ba="0,2" hai="2,4,10,16,21,26,48,51,58,60,65,98,101,107" machi="26" ten="30,8000,1" yaku="1,1,2,1,7,1,52,1,54,1,53,0" doraHai="61" doraHaiUra="126" who="2" fromWho="1" sc="171,0,440,-80,287,100,82,0" owari="171,-23.0,360,16.0,387,49.0,82,-42.0" /></mjloggm>