<mjloggm ver="2.3"><GO type="97" lobby="0"/><UN n0="%E7%B3%B8%E4%BA%95%E3%81%A3%E3%81%A6%E5%87%84%E3%81%84%E3%82%8F" n1="%E3%82%8F%E3%82%93%E3%82%B3" n2="%E5%B0%B1%E6%B4%BB%E7%94%9F%40%E5%B7%9D%E6%9D%91%E8%BB%8D%E5%9B%A3" n3="%E4%B8%87%E5%B9%B4%E4%B8%8A%E5%8D%93%E6%B0%91" dan="13,14,14,14" rate="1920.02,1989.13,1954.59,1943.78" sx="M,M,M,F"/><TAIKYOKU oya="0"/><INIT seed="0,0,0,0,3,117" ten="250,250,250,250" oya="0" hai0="111,5,23,7,14,60,104,79,10,27,45,105,12" hai1="37,35,58,85,41,124,121,93,118,31,43,64,82" hai2="80,0,6,42,54,91,133,52,78,101,38,28,120" hai3="119,34,32,30,84,83,40,16,110,108,75,9,131"/><T126/><D126/><U86/><E124/><V57/><F101/><W77/><G119/><T113/><D113/><U129/><E118/><V17/><F28/><W114/><G114/><T3/><D79/><U36/><E93/><V13/><F133/><W134/><G134/><T11/><D111/><N who="3" m="42537" /><G131/><T81/><D3/><U73/><E31/><V8/><F91/><W62/><G40/><T122/><D81/><U59/><E64/><V65/><F65/><W53/><G75/><T19/><D122/><U88/><E82/><V39/><F120/><W33/><G30/><T66/><REACH who="0" step="1"/><D45/><REACH who="0" ten="240,250,250,250" step="2"/><U107/><E73/><V125/><F125/><W25/><G83/><T46/><D46/><U22/><E129/><V72/><F42/><W130/><G77/><T106/><D106/><U70/><E121/><V15/><F0/><W44/><G44/><T97/><D97/><U135/><E107/><V74/><F74/><W103/><G130/><T94/><D94/><U47/><E135/><V56/><F39/><W48/><G84/><T92/><D92/><U1/><E47/><V24/><F38/><W95/><G95/><T71/><AGARI ba="0,1" hai="5,7,10,11,12,14,19,23,27,60,66,71,104,105" machi="71" ten="20,7800,0" yaku="1,1,0,1,7,1,9,1,53,0" doraHai="117" doraHaiUra="116" who="0" fromWho="0" sc="240,88,250,-26,250,-26,250,-26" /><INIT seed="0,1,0,4,0,110" ten="328,224,224,224" oya="0" hai0="37,80,41,69,97,79,114,60,63,55,105,115,20" hai1="111,89,71,65,62,52,23,77,119,35,88,82,74" hai2="26,22,134,34,81,16,51,83,54,76,56,75,102" hai3="31,99,118,4,3,47,112,129,46,1,122,61,24"/><T27/><D37/><U33/><E111/><V68/><F134/><W5/><G118/><T135/><D41/><U73/><E119/><V39/><F39/><W25/><G61/><T95/><D135/><U38/><E38/><V103/><F68/><W113/><G99/><T100/><D105/><U57/><E74/><V40/><F40/><W104/><G104/><T93/><D95/><U19/><E33/><V107/><F107/><W131/><G31/><T64/><D55/><U67/><E35/><V120/><F120/><AGARI ba="1,0" hai="1,3,4,5,24,25,46,47,112,113,120,122,129,131" machi="120" ten="25,6400,0" yaku="22,2,52,2" doraHai="110" who="3" fromWho="2" sc="328,0,224,0,224,-67,224,67" /><INIT seed="1,0,0,3,2,18" ten="328,224,157,291" oya="1" hai0="110,83,33,88,133,12,0,70,40,81,132,117,79" hai1="92,96,2,68,128,106,23,112,72,30,63,130,55" hai2="109,73,49,103,56,107,43,8,105,84,104,99,48" hai3="100,1,87,42,32,61,36,129,21,7,119,13,76"/><U111/><E106/><V91/><F73/><W78/><G32/><T27/><D117/><U39/><E2/><V123/><F123/><W16/><G119/><T20/><D0/><U53/><E72/><V89/><F109/><W52/><G100/><T46/><D70/><U19/><E30/><V124/><F124/><W26/><G129/><T9/><D110/><U74/><E74/><V93/><F48/><W35/><G36/><T11/><D33/><U3/><E3/><V14/><F89/><W67/><G42/><T31/><D133/><U65/><E39/><V10/><F10/><N who="3" m="2415" /><G87/><N who="0" m="48575" /><D132/><U98/><E98/><V90/><F90/><W102/><G102/><T77/><D77/><U69/><E69/><V57/><F57/><N who="3" m="34983" /><G67/><T116/><D116/><U86/><E111/><V85/><F85/><W108/><G108/><T29/><D11/><U17/><E86/><V71/><F71/><W37/><G37/><T5/><D40/><U47/><E128/><V125/><F125/><W114/><G114/><T118/><D118/><U82/><E112/><V94/><F56/><W95/><G95/><T113/><D113/><U28/><E130/><V122/><F122/><W4/><G4/><T50/><D50/><U62/><E92/><V120/><F120/><W54/><G54/><T126/><D126/><U60/><E68/><V131/><F131/><W64/><G64/><T22/><D46/><U75/><E47/><N who="2" m="25855" /><F105/><W135/><G135/><T45/><D45/><U101/><E65/><V127/><F127/><W51/><G51/><T41/><D41/><U97/><E75/><V59/><F59/><RYUUKYOKU ba="0,0" sc="328,-15,224,-15,157,15,291,15" hai2="8,14,84,91,93,94,99,103,104,107" hai3="13,16,21,26,35,76,78" /><INIT seed="2,1,0,5,1,86" ten="313,209,172,306" oya="2" hai0="114,50,112,31,73,97,3,83,119,93,25,23,6" hai1="33,125,120,12,71,67,32,20,44,36,113,70,82" hai2="106,58,80,30,135,42,128,37,35,132,118,5,79" hai3="55,26,24,109,123,19,56,1,38,126,68,131,111"/><V22/><F118/><W84/><G68/><T103/><D119/><U46/><E113/><V104/><F35/><W64/><G64/><T85/><D73/><U60/><E125/><V92/><F128/><W75/><G75/><T13/><D3/><U101/><E120/><V43/><F5/><W124/><G38/><T116/><D116/><U63/><E101/><V57/><F92/><W41/><G41/><N who="2" m="15369" /><F37/><W14/><G1/><T107/><D50/><U62/><E36/><V110/><F110/><N who="3" m="41995" /><G131/><T98/><D97/><U134/><E67/><V74/><F30/><W49/><G123/><T127/><D127/><N who="3" m="48681" /><G84/><T10/><REACH who="0" step="1"/><D107/><REACH who="0" ten="303,209,172,306" step="2"/><N who="2" m="41002" /><F22/><AGARI ba="1,1" hai="14,19,22,24,26,49,55,56" m="48681,41995" machi="22" ten="30,2000,0" yaku="14,1,18,1" doraHai="86" who="3" fromWho="2" sc="303,0,209,0,172,-23,306,33" /><INIT seed="3,0,0,4,2,123" ten="303,209,149,339" oya="3" hai0="127,135,91,134,20,87,130,104,69,111,17,55,80" hai1="97,26,72,125,112,62,102,4,70,107,50,92,88" hai2="81,115,48,99,15,42,63,101,116,103,84,29,100" hai3="30,109,67,59,33,96,117,41,44,124,94,126,31"/><W53/><G109/><T32/><D32/><U89/><E112/><V18/><F115/><W39/><G67/><T77/><D104/><U83/><E125/><N who="3" m="48234" /><G33/><T106/><D127/><U119/><E119/><V9/><F116/><W21/><G21/><T35/><D35/><U45/><E4/><V1/><F1/><W75/><G75/><T61/><D106/><U2/><E2/><V19/><F29/><W74/><G74/><T120/><D120/><U11/><E11/><V40/><F63/><N who="3" m="36335" /><G117/><T131/><D55/><U79/><E26/><V10/><F99/><W133/><G133/><N who="0" m="50699" /><D61/><U129/><E129/><N who="0" m="49161" /><D69/><U6/><E6/><V24/><F48/><W95/><G95/><T16/><D111/><U110/><E110/><V51/><F51/><W118/><G118/><T93/><D20/><U78/><E78/><V7/><F7/><W5/><G5/><T122/><D122/><U43/><E43/><V56/><F56/><W73/><G73/><AGARI ba="0,0" hai="16,17,73,77,80,87,91,93" m="49161,50699" machi="73" ten="30,3900,0" yaku="20,1,19,1,54,1" doraHai="123" who="0" fromWho="3" sc="303,39,209,0,149,0,339,-39" owari="342,44.0,209,-19.0,149,-35.0,300,10.0" /></mjloggm>