<mjloggm ver="2.3"><GO type="97" lobby="0"/><UN n0="%6B%69%6E%6E%74%79%6F%75" n1="%31%35%30%36" n2="%E5%B0%B1%E6%B4%BB%E7%94%9F%40%E5%B7%9D%E6%9D%91%E8%BB%8D%E5%9B%A3" n3="%E3%81%93%E3%82%8C%E3%81%AF%EF%BD%97%EF%BD%97%EF%BD%97" dan="14,14,14,15" rate="1949.90,1938.61,1978.68,2007.33" sx="M,M,M,F"/><TAIKYOKU oya="0"/><INIT seed="0,0,0,2,3,22" ten="250,250,250,250" oya="0" hai0="9,83,12,11,114,10,101,17,47,50,123,36,122" hai1="107,103,52,80,31,77,125,29,90,75,18,92,70" hai2="72,97,100,19,41,109,110,65,130,99,127,135,118" hai3="43,42,96,37,14,59,120,46,45,54,102,63,57"/><T86/><D36/><U87/><E70/><V131/><F72/><W68/><G120/><T82/><D114/><U6/><E6/><V3/><F3/><W34/><G14/><T93/><D123/><U69/><E69/><V61/><F41/><W73/><G73/><T113/><D113/><U129/><E129/><N who="2" m="49163" /><F118/><W35/><G68/><T32/><D32/><U121/><E121/><V91/><F127/><W132/><G132/><T25/><D25/><U78/><E78/><V124/><F124/><W24/><G59/><T64/><D64/><U33/><E33/><V66/><F135/><W85/><G85/><T5/><D122/><U2/><E2/><V128/><N who="2" m="49171" /><V28/><DORA hai="71" /><F28/><W111/><G111/><N who="2" m="42505" /><F19/><W104/><REACH who="3" step="1"/><G24/><REACH who="3" ten="250,250,250,240" step="2"/><T48/><D5/><U62/><E125/><V4/><F4/><W112/><G112/><T40/><D86/><U119/><E119/><V116/><F116/><W74/><G74/><T53/><D10/><U44/><E44/><V79/><F61/><W133/><G133/><T21/><D9/><U7/><E62/><V15/><F15/><W84/><G84/><T1/><D11/><U95/><E87/><V88/><F79/><W26/><G26/><T38/><D1/><U98/><E77/><V0/><F0/><W30/><G30/><T81/><D53/><U8/><E29/><V20/><F65/><W126/><G126/><T55/><D55/><U13/><E31/><V56/><F20/><W106/><G106/><T60/><D60/><U27/><E52/><V134/><F134/><W51/><AGARI ba="0,1" hai="34,35,37,42,43,45,46,51,54,57,63,96,102,104" machi="51" ten="20,12000,2" yaku="1,1,0,1,7,1,52,1,53,2" doraHai="22,71" doraHaiUra="39,76" who="3" fromWho="3" sc="250,-60,250,-30,250,-30,240,130" /><INIT seed="1,0,0,5,4,76" ten="190,220,220,370" oya="1" hai0="104,56,25,18,126,85,12,61,50,44,17,10,133" hai1="117,39,97,111,101,118,46,78,71,22,2,121,16" hai2="102,98,115,35,0,79,122,124,63,9,113,21,62" hai3="80,11,40,20,83,23,95,49,59,92,32,24,64"/><U58/><E71/><V110/><F35/><W106/><G106/><T72/><D104/><U130/><E2/><V65/><F122/><W1/><G32/><T5/><D72/><U123/><E121/><V26/><F110/><W27/><G1/><T68/><D68/><U30/><E30/><V55/><F124/><W131/><G131/><T77/><D126/><U88/><E123/><V108/><F108/><W69/><G69/><T15/><D25/><N who="3" m="9801" /><G11/><T105/><D105/><U109/><E78/><V128/><F128/><W29/><G40/><N who="0" m="24839" /><D133/><U13/><E130/><V54/><F79/><W3/><G3/><T81/><D15/><U34/><E34/><V48/><F9/><W41/><G41/><T94/><D94/><N who="3" m="35881" /><G49/><T66/><AGARI ba="0,0" hai="5,10,12,17,18,56,61,66,77,81,85" m="24839" machi="66" ten="30,4000,0" yaku="25,1,8,1,52,1" doraHai="76" who="0" fromWho="0" sc="190,40,220,-20,220,-10,370,-10" /><INIT seed="2,0,0,4,0,3" ten="230,200,210,360" oya="2" hai0="84,74,27,2,13,71,29,134,42,127,116,45,18" hai1="22,49,102,100,113,31,86,120,35,28,50,36,67" hai2="115,95,105,10,41,110,117,97,4,57,96,58,125" hai3="55,5,54,76,19,32,129,89,131,126,37,52,119"/><V65/><F117/><W6/><G126/><T53/><D71/><U78/><E36/><V124/><F115/><W85/><G119/><T21/><D74/><U94/><E113/><V48/><F105/><W11/><G32/><T121/><D121/><U108/><E120/><V72/><F72/><W17/><G76/><T68/><D68/><U112/><E112/><V66/><F110/><W43/><G43/><T9/><D116/><U8/><E35/><V1/><F58/><W93/><G37/><T38/><D127/><N who="2" m="48714" /><F96/><W118/><G118/><T26/><D134/><U62/><E8/><V15/><F1/><W16/><G11/><T87/><D27/><N who="1" m="16503" /><E31/><V111/><F111/><W23/><G23/><T59/><REACH who="0" step="1"/><D2/><REACH who="0" ten="220,200,210,360" step="2"/><U109/><E109/><V47/><F57/><W106/><G131/><T24/><D24/><U73/><E108/><V130/><F130/><W14/><G129/><T46/><D46/><U25/><E73/><V69/><F69/><W103/><G106/><T114/><D114/><U83/><E25/><V79/><F79/><W123/><G123/><T70/><D70/><U77/><E77/><V34/><F34/><W101/><G14/><T30/><D30/><U99/><E100/><AGARI ba="0,1" hai="4,10,15,41,47,48,65,66,95,97,100" m="48714" machi="100" ten="30,2900,0" yaku="18,1,52,1" doraHai="3" who="2" fromWho="1" sc="220,0,200,-29,210,39,360,0" /><AGARI ba="0,0" hai="5,6,16,17,19,52,54,55,85,89,93,100,101,103" machi="100" ten="40,8000,1" yaku="8,1,52,2,54,2" doraHai="3" who="3" fromWho="1" sc="220,0,171,-80,249,0,360,80" /><INIT seed="2,1,0,5,4,4" ten="220,91,249,440" oya="2" hai0="43,103,86,70,60,111,88,49,128,2,14,6,98" hai1="126,122,69,96,106,18,5,84,23,121,19,131,56" hai2="31,28,92,40,134,78,36,25,108,7,58,54,35" hai3="81,112,64,39,13,113,132,129,82,135,85,33,29"/><V46/><F134/><N who="3" m="51243" /><G129/><T62/><D2/><U68/><E56/><V73/><F108/><W10/><G39/><T130/><D70/><U105/><E84/><V99/><F31/><W50/><G64/><T57/><D111/><U133/><E23/><V8/><F78/><N who="3" m="46263" /><G82/><N who="0" m="49239" /><D128/><U90/><E5/><V110/><F73/><W34/><G50/><T97/><D130/><U116/><E90/><V67/><F67/><W61/><G61/><N who="0" m="23659" /><D103/><U51/><E96/><V87/><F87/><W95/><G95/><T30/><D30/><U75/><E51/><V124/><F124/><W102/><G102/><T11/><D57/><U127/><E18/><V94/><F110/><W27/><G33/><T117/><D117/><U59/><E19/><AGARI ba="1,0" hai="10,13,19,27,29,34,112,113" m="46263,51243" machi="19" ten="30,2000,0" yaku="20,1,52,1" doraHai="4" who="3" fromWho="1" sc="220,0,91,-23,249,0,440,23" /><INIT seed="3,0,0,5,1,11" ten="220,68,249,463" oya="3" hai0="52,86,116,89,13,134,16,112,66,45,39,34,38" hai1="73,95,10,127,43,98,30,63,2,130,53,117,32" hai2="72,33,109,123,80,14,68,7,111,48,115,21,65" hai3="83,84,36,128,91,20,56,107,120,100,57,76,96"/><W105/><G36/><T12/><D116/><U87/><E87/><V126/><F33/><W49/><G120/><T88/><D34/><U8/><E8/><N who="2" m="4383" /><F115/><W17/><G128/><T31/><D31/><U67/><E67/><V42/><F126/><W78/><G105/><T135/><D66/><U122/><E122/><V4/><F4/><W61/><G49/><N who="0" m="28719" /><D112/><U102/><E102/><V5/><F5/><W6/><G6/><T71/><D71/><U110/><E110/><N who="2" m="41995" /><F21/><W3/><G3/><T15/><D16/><U104/><E104/><V79/><F65/><W0/><G0/><T99/><D99/><U40/><E40/><V18/><F18/><W29/><G29/><T97/><D97/><U94/><E94/><V93/><F93/><W25/><G57/><T54/><D54/><AGARI ba="0,0" hai="17,20,25,54,56,61,76,78,83,84,91,96,100,107" machi="54" ten="30,1500,0" yaku="7,1" doraHai="11" who="3" fromWho="0" sc="220,-15,68,0,249,0,463,15" owari="205,-19.0,68,-43.0,249,5.0,478,57.0" /></mjloggm>