<mjloggm ver="2.3"><GO type="97" lobby="0"/><UN n0="%73%61%6E%6E%64%61%73%75" n1="%53%42%56%E3%81%AE%E3%81%BB%E3%83%BC%E3%82%8A%E3%83%BC" n2="%6B%6B%6B%31%34%31%32%68" n3="%E5%B0%B1%E6%B4%BB%E7%94%9F%40%E5%B7%9D%E6%9D%91%E8%BB%8D%E5%9B%A3" dan="15,14,13,15" rate="2016.82,1869.48,1889.00,2002.51" sx="M,M,M,M"/><TAIKYOKU oya="0"/><INIT seed="0,0,0,2,4,92" ten="250,250,250,250" oya="0" hai0="23,76,26,21,89,88,109,111,71,30,112,4,87" hai1="9,39,20,131,116,36,130,38,24,81,59,135,67" hai2="110,13,25,8,82,99,60,40,101,65,69,34,32" hai3="55,96,70,2,72,128,29,14,62,43,1,10,35"/><T118/><D71/><U106/><E106/><V11/><F40/><W74/><G128/><N who="1" m="49194" /><E9/><V107/><F110/><N who="0" m="41994" /><D112/><U129/><E116/><V123/><F123/><W63/><G43/><T58/><D118/><U5/><E5/><V50/><F50/><W53/><G1/><T6/><D58/><U125/><E125/><V73/><F73/><W105/><G2/><T120/><D120/><U47/><E135/><V132/><F132/><W12/><G74/><T15/><D76/><U75/><E81/><V33/><F82/><W126/><G72/><T104/><D104/><U98/><E75/><V22/><REACH who="2" step="1"/><F13/><REACH who="2" ten="250,250,240,250" step="2"/><W113/><G14/><T133/><D133/><U64/><E129/><V86/><F86/><W41/><G12/><T97/><D15/><U78/><E78/><V84/><F84/><W94/><G41/><T108/><D108/><U17/><E47/><V16/><AGARI ba="0,1" hai="8,11,16,22,25,32,33,34,60,65,69,99,101,107" machi="16" ten="30,7900,0" yaku="1,1,0,1,52,1,54,1,53,0" doraHai="92" doraHaiUra="49" who="2" fromWho="2" sc="250,-39,250,-20,240,89,250,-20" /><INIT seed="1,0,0,5,0,60" ten="211,230,329,230" oya="1" hai0="76,16,40,102,117,131,110,114,115,99,39,135,89" hai1="20,13,2,45,31,132,54,88,111,25,58,72,37" hai2="82,47,134,97,12,63,51,7,0,101,80,6,49" hai3="27,8,33,104,53,84,112,11,42,28,93,90,29"/><U69/><E69/><V36/><F0/><W34/><G112/><T70/><D117/><U86/><E72/><V61/><F36/><W81/><G104/><T83/><D70/><U67/><E2/><V52/><F134/><W106/><G106/><N who="0" m="63839" /><D16/><N who="1" m="10255" /><E37/><V118/><F118/><W66/><G42/><T56/><D56/><U75/><E75/><V71/><F71/><W128/><G128/><T94/><D40/><U9/><E132/><V59/><F61/><W98/><G53/><T79/><D39/><U108/><E9/><N who="2" m="4151" /><F7/><W4/><G66/><T15/><D15/><U14/><E14/><V73/><F73/><W92/><G92/><T126/><D135/><U24/><E45/><V77/><F77/><W65/><G65/><T68/><D68/><U64/><E54/><N who="2" m="30015" /><F63/><W5/><G5/><T32/><D32/><N who="1" m="20583" /><E58/><V85/><F85/><W116/><G116/><T133/><D133/><U50/><E50/><V17/><F17/><W87/><G87/><N who="0" m="52543" /><D114/><U10/><E10/><V22/><F22/><W3/><G11/><T18/><D18/><U41/><E41/><V30/><F30/><W100/><G29/><T127/><D115/><U105/><E25/><V78/><F78/><W91/><G34/><T119/><D79/><AGARI ba="0,0" hai="3,4,8,27,28,33,79,81,84,90,91,93,98,100" machi="79" ten="30,1000,0" yaku="7,1" doraHai="60" who="3" fromWho="0" sc="211,-10,230,0,329,0,230,10" /><INIT seed="2,0,0,2,5,58" ten="201,230,329,240" oya="2" hai0="63,55,45,120,37,124,110,51,41,96,76,119,10" hai1="98,35,3,132,31,42,104,34,106,129,125,39,28" hai2="36,118,121,52,16,108,103,66,9,133,83,21,111" hai3="53,115,0,19,25,30,5,72,50,135,95,15,8"/><V46/><F66/><W27/><G72/><T20/><D120/><U40/><E125/><V68/><F68/><W67/><G115/><T13/><D110/><N who="2" m="42026" /><F121/><W2/><G135/><T123/><D123/><U92/><E132/><V59/><F103/><W49/><G67/><T56/><D124/><U11/><E129/><V122/><F122/><W65/><G65/><T29/><D119/><U75/><E75/><V4/><F118/><W134/><G134/><T77/><D96/><U44/><E42/><N who="2" m="22855" /><F133/><W64/><G64/><T89/><D89/><U62/><E98/><V86/><F86/><W33/><G50/><T71/><D29/><U99/><E99/><V6/><F83/><W69/><G69/><T70/><D20/><U130/><E130/><V87/><F87/><W117/><G117/><T84/><D37/><U127/><E127/><V94/><F94/><W60/><G95/><T18/><REACH who="0" step="1"/><D76/><REACH who="0" ten="191,230,329,240" step="2"/><U80/><E39/><V17/><F9/><W112/><G112/><T24/><D24/><U101/><E11/><V78/><F78/><W7/><G27/><T85/><D85/><U126/><E126/><V48/><F17/><W57/><G5/><T12/><D12/><AGARI ba="0,1" hai="4,6,12,16,21,48,52,59" m="22855,42026" machi="12" ten="30,11600,0" yaku="14,1,10,1,54,2" doraHai="58" who="2" fromWho="0" sc="191,-116,230,0,329,126,240,0" /><INIT seed="2,1,0,2,2,125" ten="75,230,455,240" oya="2" hai0="54,58,47,43,89,63,48,35,38,73,40,88,9" hai1="81,10,64,122,16,114,87,76,55,59,24,3,29" hai2="7,22,69,117,84,70,42,62,30,92,96,123,5" hai3="82,115,94,1,109,71,118,61,4,17,133,126,97"/><V124/><F123/><W14/><G118/><T90/><D35/><U8/><E122/><V105/><F124/><W98/><G115/><T93/><D73/><U21/><E114/><V119/><F105/><W18/><G109/><T46/><REACH who="0" step="1"/><D9/><REACH who="0" ten="65,230,455,240" step="2"/><U120/><E120/><V102/><F117/><W74/><G74/><T83/><D83/><U75/><E10/><V67/><F119/><W116/><G116/><T121/><D121/><U86/><E75/><V107/><F107/><W79/><G126/><T103/><D103/><U19/><E87/><AGARI ba="1,1" hai="38,40,43,46,47,48,54,58,63,87,88,89,90,93" machi="87" ten="30,7700,0" yaku="1,1,7,1,54,1,53,1" doraHai="125" doraHaiUra="56" who="0" fromWho="1" sc="65,90,230,-80,455,0,240,0" /><INIT seed="3,0,0,4,2,124" ten="155,150,455,240" oya="3" hai0="112,117,81,7,27,32,109,19,8,24,86,33,17" hai1="1,96,121,94,69,90,49,68,16,106,102,130,45" hai2="12,93,84,3,38,113,20,40,43,95,104,80,70" hai3="101,135,9,92,15,47,126,125,105,39,85,44,73"/><W56/><G73/><T116/><D86/><U87/><E1/><V51/><F104/><W118/><G105/><T97/><D81/><U0/><E0/><V25/><F70/><W35/><G35/><N who="0" m="13387" /><D97/><U41/><E121/><V98/><F38/><W55/><G135/><T83/><D83/><U60/><E60/><V22/><F3/><W111/><G118/><N who="0" m="45675" /><D109/><U110/><E110/><V28/><F113/><W61/><G111/><T23/><D112/><U71/><REACH who="1" step="1"/><E16/><REACH who="1" ten="155,140,455,240" step="2"/><N who="0" m="6217" /><D23/><U75/><E75/><V6/><F22/><W72/><G72/><T76/><D76/><U10/><E10/><V133/><F20/><W58/><G9/><T30/><D30/><U54/><E54/><V14/><F133/><W89/><G55/><T78/><D78/><U5/><E5/><V53/><F6/><W131/><G61/><T52/><D52/><U74/><E74/><V79/><F53/><W29/><G29/><T57/><D57/><U64/><E64/><V132/><F132/><W114/><G58/><T66/><D66/><U77/><E77/><V18/><F79/><W128/><G56/><T11/><D7/><U91/><E91/><V13/><F43/><W37/><G89/><T36/><D36/><U67/><E67/><V129/><F40/><W122/><G39/><T119/><D119/><U46/><E46/><V103/><F103/><W2/><G37/><T108/><D108/><U59/><E59/><V26/><F28/><W127/><G47/><T48/><D48/><U42/><E42/><V123/><F51/><W62/><G44/><T63/><D63/><U100/><E100/><RYUUKYOKU ba="0,1" sc="155,15,140,15,455,-15,240,-15" hai0="8,11,24,27" hai1="41,45,49,68,69,71,87,90,94,96,102,106,130" owari="170,-23.0,155,-34.0,450,54.0,225,3.0" /></mjloggm>