<mjloggm ver="2.3"><GO type="97" lobby="0"/><UN n0="%E6%9A%AE%E8%91%89%32%30%36%37" n1="%E3%82%88%E3%83%BC%E3%81%90%E3%82%8B%E3%81%A8" n2="%E5%B0%B1%E6%B4%BB%E7%94%9F%40%E5%B7%9D%E6%9D%91%E8%BB%8D%E5%9B%A3" n3="%E3%81%B7%E3%81%AB%E3%81%99%E3%81%91" dan="13,14,15,13" rate="1922.49,1901.83,1984.71,1870.69" sx="M,M,M,M"/><TAIKYOKU oya="0"/><INIT seed="0,0,0,0,5,98" ten="250,250,250,250" oya="0" hai0="83,131,72,19,127,26,91,8,48,50,80,25,134" hai1="9,24,54,12,42,125,73,88,21,27,90,3,53" hai2="74,95,62,78,52,128,113,117,101,119,29,124,89" hai3="70,110,6,103,129,31,69,96,28,104,109,51,45"/><T10/><D72/><U57/><E73/><V71/><F113/><W86/><G6/><T20/><D131/><U44/><E3/><V41/><F41/><W66/><G86/><N who="0" m="50631" /><D134/><U46/><E125/><V64/><F128/><W39/><G39/><T106/><D106/><U47/><E42/><V55/><F29/><N who="3" m="11339" /><G66/><T43/><D127/><U40/><E40/><V32/><F32/><W111/><G129/><T120/><D120/><U77/><E77/><V92/><F124/><W85/><G85/><T61/><D83/><U114/><E114/><V108/><F108/><W87/><G87/><T37/><D37/><U135/><E135/><V63/><F78/><W121/><G121/><T36/><D36/><U67/><E67/><V76/><F76/><W81/><G81/><T1/><D1/><U84/><E21/><V65/><F74/><W130/><G130/><T75/><D75/><U123/><E123/><V4/><F4/><W11/><G11/><N who="0" m="4139" /><D43/><AGARI ba="0,0" hai="43,45,51,69,70,96,103,104,109,110,111" m="11339" machi="43" ten="30,2000,0" yaku="14,1,52,1" doraHai="98" who="3" fromWho="0" sc="250,-20,250,0,250,0,250,20" /><INIT seed="1,0,0,3,4,68" ten="230,250,250,270" oya="1" hai0="85,9,95,92,6,131,81,30,62,61,110,16,27" hai1="5,133,84,74,109,78,134,52,69,7,66,93,4" hai2="107,80,101,118,88,39,72,40,117,32,135,56,122" hai3="10,28,112,104,124,128,77,90,46,63,35,13,36"/><U49/><E109/><V65/><F122/><W17/><G112/><T100/><D110/><U11/><E69/><V34/><F135/><N who="1" m="51721" /><E66/><V53/><F65/><W121/><G104/><T123/><D131/><U22/><E22/><V83/><F53/><W38/><G121/><T116/><D116/><U0/><E74/><V44/><F56/><W71/><G128/><T67/><D123/><U47/><E78/><N who="2" m="44103" /><F83/><W8/><G77/><T54/><D67/><U64/><E64/><V87/><F87/><W19/><G63/><N who="0" m="24075" /><D54/><U89/><AGARI ba="0,0" hai="0,4,5,7,11,47,49,52,84,89,93" m="51721" machi="89" ten="30,3000,0" yaku="20,1,54,1" doraHai="68" who="1" fromWho="1" sc="230,-10,250,30,250,-10,270,-10" /><INIT seed="1,1,0,2,3,110" ten="220,280,240,260" oya="1" hai0="129,18,22,115,72,44,77,21,58,113,101,98,104" hai1="85,52,45,79,66,88,6,24,57,116,133,10,36" hai2="106,5,40,4,54,26,105,78,75,41,107,62,63" hai3="96,70,81,27,119,134,32,131,91,7,30,127,33"/><U84/><E116/><V14/><F75/><W53/><G70/><T93/><D129/><U34/><E34/><V69/><F78/><W35/><G53/><T118/><D118/><U123/><E123/><V114/><F114/><W43/><G43/><T94/><D94/><U48/><E24/><V74/><F74/><W122/><G119/><T47/><D22/><U15/><E133/><V55/><F26/><W67/><G67/><T61/><D47/><U83/><E36/><V64/><F14/><W31/><G122/><T97/><D44/><U128/><E128/><V135/><F135/><W111/><G111/><T126/><D126/><U37/><E37/><V65/><F105/><W1/><G127/><T132/><D77/><U71/><E71/><AGARI ba="1,0" hai="4,5,40,41,54,55,62,63,64,65,69,71,106,107" machi="71" ten="25,1600,0" yaku="22,2" doraHai="110" who="2" fromWho="1" sc="220,0,280,-19,240,19,260,0" /><INIT seed="2,0,0,0,5,106" ten="220,261,259,260" oya="2" hai0="100,14,80,10,115,24,2,26,34,75,102,133,61" hai1="66,32,59,42,103,12,85,98,68,77,84,29,56" hai2="86,0,76,37,22,45,111,90,130,8,46,97,62" hai3="92,127,13,82,4,121,27,7,43,58,72,33,123"/><V120/><F120/><W125/><G92/><T52/><D115/><U70/><E42/><V71/><F37/><W124/><G43/><T19/><D133/><U132/><E132/><V79/><F130/><W128/><G128/><T63/><D63/><U95/><E59/><V5/><F111/><W57/><G57/><N who="0" m="34983" /><D75/><U89/><E70/><V94/><F22/><W28/><G58/><T83/><D2/><U44/><E68/><V73/><F79/><N who="3" m="44391" /><G13/><T117/><D34/><U99/><E44/><V91/><F71/><W9/><G9/><T107/><D107/><U131/><E131/><V78/><F78/><W74/><G74/><T65/><D65/><U49/><E32/><V64/><F64/><W20/><G33/><T36/><D117/><U88/><E29/><V105/><F62/><W6/><AGARI ba="0,0" hai="4,6,7,20,27,28,121,123,124,125,127" m="44391" machi="6" ten="40,2700,0" yaku="18,1,52,1" doraHai="106" who="3" fromWho="3" sc="220,-7,261,-7,259,-13,260,27" /><INIT seed="3,0,0,3,2,44" ten="213,254,246,287" oya="3" hai0="113,26,2,41,77,30,81,94,99,62,104,110,132" hai1="91,52,120,46,33,97,38,111,21,72,64,117,8" hai2="73,31,18,35,122,9,39,84,101,1,75,116,19" hai3="37,61,22,20,112,71,36,15,6,89,74,95,69"/><W47/><G74/><T42/><D110/><U109/><E120/><V124/><F116/><W135/><G112/><T54/><D113/><U128/><E33/><V86/><F122/><W45/><G69/><T87/><D104/><U50/><E72/><V7/><F39/><W126/><G135/><T11/><D132/><U114/><E114/><V32/><F124/><W10/><G126/><T83/><D83/><U70/><E117/><V115/><F115/><W105/><G105/><T108/><D108/><N who="1" m="41547" /><E128/><V12/><F101/><W88/><G37/><T3/><D3/><U102/><E91/><V48/><F19/><W76/><G76/><T125/><D125/><U13/><E21/><N who="3" m="8298" /><G36/><T53/><D53/><U82/><E38/><V28/><F73/><W103/><G61/><T59/><D2/><U96/><E82/><V57/><F75/><W121/><G71/><T118/><D118/><U16/><E102/><V106/><F106/><W58/><G58/><T49/><D11/><U17/><E17/><V60/><F35/><W51/><G103/><T85/><D85/><N who="2" m="32874" /><F32/><W40/><G89/><N who="0" m="55759" /><D62/><AGARI ba="0,0" hai="8,13,16,46,50,52,62,64,70,96,97" m="41547" machi="62" ten="30,7700,0" yaku="14,1,52,1,54,2" doraHai="44" who="1" fromWho="0" sc="213,-77,254,77,246,0,287,0" owari="136,-36.0,331,42.0,246,-15.0,287,9.0" /></mjloggm>