<mjloggm ver="2.3"><GO type="169" lobby="0"/><UN n0="%E5%B0%B1%E6%B4%BB%E7%94%9F%40%E5%B7%9D%E6%9D%91%E8%BB%8D%E5%9B%A3" n1="%6E%6E%6E%6E%6E%6E" n2="%E6%A3%AE%E5%AE%AE%E8%92%BC%E4%B9%83" n3="%61%31%33%31%38%34%38" dan="16,17,16,16" rate="2099.71,2132.18,2077.82,2145.62" sx="M,M,M,M"/><TAIKYOKU oya="0"/><INIT seed="0,0,0,3,4,69" ten="250,250,250,250" oya="0" hai0="71,80,40,37,22,46,91,14,109,25,38,61,90" hai1="1,126,94,9,12,34,78,18,49,48,98,50,17" hai2="112,115,103,96,36,106,2,120,63,107,8,54,124" hai3="44,57,105,30,130,101,26,74,56,134,70,66,52"/><T131/><D131/><U135/><E34/><V24/><F120/><W6/><G130/><T13/><D109/><U127/><E135/><V65/><F107/><W104/><G134/><T10/><D38/><U53/><E78/><V118/><F54/><W33/><G74/><T110/><D110/><U19/><E1/><V86/><F86/><W27/><G6/><T64/><D80/><U21/><E53/><V114/><F118/><W51/><G27/><T3/><D3/><U100/><REACH who="1" step="1"/><E21/><REACH who="1" ten="250,240,250,250" step="2"/><V7/><F115/><W77/><G77/><T82/><D82/><U41/><E41/><V83/><F114/><W79/><G79/><T32/><D32/><U23/><E23/><V72/><F83/><W31/><G33/><T132/><D132/><U102/><E102/><V42/><F112/><W84/><G101/><T45/><D45/><U117/><E117/><V16/><F42/><W0/><G0/><T123/><D123/><U5/><AGARI ba="0,1" hai="5,9,12,17,18,19,48,49,50,94,98,100,126,127" machi="5" ten="40,2700,0" yaku="1,1,0,1,53,0" doraHai="69" doraHaiUra="62" who="1" fromWho="1" sc="250,-13,240,37,250,-7,250,-7" /><INIT seed="1,0,0,3,0,18" ten="237,277,243,243" oya="1" hai0="84,109,9,116,77,90,70,128,6,112,29,7,23" hai1="66,101,95,64,115,21,44,43,60,51,26,17,119" hai2="14,72,52,106,41,4,122,50,94,79,57,125,8" hai3="61,68,28,40,78,100,85,99,121,107,10,3,131"/><U104/><E119/><V2/><F106/><W108/><G121/><T82/><D70/><U92/><E115/><V113/><F122/><W58/><G108/><T132/><D116/><U59/><REACH who="1" step="1"/><E66/><REACH who="1" ten="237,267,243,243" step="2"/><V12/><F113/><W74/><G131/><T27/><D112/><U22/><E22/><V124/><F125/><W16/><G10/><T37/><D128/><U34/><E34/><V56/><F124/><W102/><G102/><T53/><D109/><U96/><AGARI ba="0,1" hai="17,21,26,43,44,51,59,60,64,92,95,96,101,104" machi="96" ten="30,6000,0" yaku="1,1,0,1,52,1,53,0" doraHai="18" doraHaiUra="134" who="1" fromWho="1" sc="237,-20,267,70,243,-20,243,-20" /><INIT seed="1,1,0,4,2,106" ten="217,337,223,223" oya="1" hai0="6,124,0,130,77,71,114,17,23,31,98,133,81" hai1="1,113,93,35,38,79,120,102,52,30,123,63,40" hai2="80,74,70,88,10,66,59,72,131,132,13,7,97" hai3="44,12,108,15,109,37,104,56,29,100,8,46,84"/><U92/><E113/><V65/><F131/><W49/><G29/><T69/><D114/><U18/><E1/><V41/><F132/><W33/><G33/><T107/><D130/><U87/><E18/><V118/><F118/><W67/><G37/><T20/><D133/><U39/><E39/><V47/><F70/><W42/><G46/><T24/><D124/><U5/><E5/><V60/><F66/><W43/><G43/><T99/><D6/><U9/><E9/><V125/><F125/><W16/><G15/><T91/><D0/><U129/><E40/><V21/><F21/><W119/><G84/><T116/><D116/><U78/><E38/><V128/><F128/><W54/><G119/><T45/><D45/><U111/><E30/><V53/><F65/><W117/><G117/><T55/><D55/><U134/><E35/><V68/><F68/><W14/><G14/><T3/><D3/><U110/><E129/><V26/><F26/><W73/><G73/><T48/><D48/><U76/><E134/><V34/><F34/><W115/><G115/><T19/><D31/><U127/><E127/><V22/><F22/><W95/><G104/><T89/><D107/><U103/><E87/><V90/><F90/><N who="0" m="34314" /><D71/><U2/><E123/><V83/><F83/><W4/><G4/><T11/><D69/><U27/><E27/><V64/><F64/><W121/><G121/><T50/><D11/><U85/><E120/><V82/><F82/><W135/><G135/><T36/><D36/><U122/><E122/><V28/><F28/><W75/><G67/><T96/><D24/><RYUUKYOKU ba="1,0" sc="217,0,337,0,223,0,223,0" /><INIT seed="2,2,0,2,2,113" ten="217,337,223,223" oya="2" hai0="37,42,66,129,84,119,93,21,64,75,133,60,109" hai1="98,4,55,115,10,8,127,38,105,108,2,40,53" hai2="12,62,20,33,85,118,122,23,106,125,111,47,58" hai3="22,76,79,1,6,48,88,52,128,97,77,36,29"/><V91/><F118/><W0/><G36/><T67/><D75/><U80/><E115/><V94/><F122/><W25/><G128/><T87/><D129/><U89/><E127/><V24/><F125/><W78/><G6/><T65/><D109/><U32/><E32/><V28/><F111/><W31/><G31/><T63/><D133/><U7/><E105/><V73/><F73/><W117/><G117/><T5/><D5/><U27/><E27/><V95/><F106/><W74/><G74/><T101/><D119/><U86/><E98/><V61/><F61/><W19/><G29/><T121/><D121/><U57/><E57/><V69/><F69/><W11/><G11/><T17/><D42/><U49/><E49/><V123/><F123/><W114/><G114/><T107/><D107/><U41/><E108/><V34/><F47/><W104/><N who="3" m="19456" /><DORA hai="13" /><W71/><G71/><T130/><D37/><U35/><E35/><V124/><F124/><W134/><G134/><T81/><D130/><U56/><E38/><V126/><F126/><W44/><REACH who="3" step="1"/><G104/><REACH who="3" ten="217,337,223,213" step="2"/><T3/><D3/><U120/><E7/><V70/><F70/><W45/><G45/><T51/><D67/><U110/><E110/><V68/><F68/><W99/><G99/><N who="0" m="59631" /><D66/><U116/><E116/><V92/><F33/><W132/><G132/><T54/><D65/><U43/><E120/><V50/><F34/><W131/><G131/><T90/><D64/><U26/><E10/><V102/><F28/><W82/><G82/><T112/><D112/><U100/><E8/><V46/><F46/><W103/><G103/><RYUUKYOKU ba="2,1" sc="217,-10,337,-10,223,-10,213,30" hai3="0,1,19,22,25,44,48,52,88,97" /><INIT seed="3,3,1,5,2,51" ten="207,327,213,243" oya="3" hai0="10,73,62,117,45,107,42,4,100,124,87,93,108" hai1="3,33,131,116,135,40,72,99,9,66,56,113,54" hai2="133,89,114,88,69,79,63,120,68,29,18,97,44" hai3="30,1,76,84,57,13,39,102,85,8,126,119,59"/><W32/><G119/><T36/><D117/><U96/><E113/><V95/><F114/><W6/><G126/><T75/><D107/><U82/><E135/><V122/><F133/><W52/><G39/><T34/><D34/><U130/><E33/><V61/><F79/><W37/><G37/><T43/><D43/><U106/><E40/><V26/><F18/><W48/><G102/><T134/><D134/><U16/><E66/><V23/><F44/><W55/><G76/><T0/><D124/><U129/><E116/><V94/><F68/><W22/><G32/><T21/><D108/><U46/><E46/><V105/><F105/><W101/><G101/><T83/><D21/><U92/><E106/><V15/><F15/><W125/><G125/><T20/><D20/><U121/><E92/><V91/><F69/><W12/><G1/><T71/><D93/><N who="2" m="35338" /><F97/><W78/><G78/><T25/><D25/><U53/><E72/><V123/><AGARI ba="3,1" hai="23,26,29,61,63,88,89,91,120,122,123" m="35338" machi="123" ten="40,2700,0" yaku="13,1,54,1" doraHai="51" who="2" fromWho="2" sc="207,-10,327,-10,213,46,243,-16" /><INIT seed="4,0,0,3,5,125" ten="197,317,259,227" oya="0" hai0="26,1,93,119,69,71,20,7,120,74,25,41,116" hai1="101,108,80,107,90,122,44,59,45,0,50,115,35" hai2="132,111,21,100,32,15,2,6,10,106,68,84,129" hai3="76,78,113,55,64,127,29,94,130,8,19,54,58"/><T9/><D120/><U66/><E108/><V126/><F68/><W82/><G127/><T133/><D133/><U60/><E122/><V134/><F100/><W37/><G37/><T131/><D26/><U99/><E0/><V51/><F106/><W114/><G29/><T4/><D4/><U72/><E35/><V14/><F51/><W31/><G31/><T43/><D74/><U104/><E104/><V11/><F84/><W57/><G64/><T92/><D69/><U46/><E115/><V96/><F96/><W18/><G94/><T53/><D71/><U12/><E12/><V79/><F79/><W88/><G8/><T34/><D34/><U91/><E50/><V98/><F98/><W109/><G109/><T47/><D53/><U65/><E65/><V73/><F73/><W56/><G56/><T40/><D47/><U67/><E67/><V97/><F32/><W22/><G22/><T24/><D131/><U16/><E80/><V62/><F129/><W105/><G105/><T23/><D23/><U81/><E81/><V17/><F126/><W61/><G82/><T86/><D25/><U13/><E72/><V33/><F33/><W52/><G130/><T49/><D49/><U70/><REACH who="1" step="1"/><E59/><REACH who="1" ten="197,307,259,227" step="2"/><V103/><F132/><W124/><G124/><T75/><D75/><U38/><E38/><V5/><F134/><W83/><G113/><T63/><D93/><U112/><E112/><V27/><F111/><W36/><G36/><T102/><D1/><U39/><E39/><V77/><F2/><W87/><G114/><T135/><D135/><U42/><E42/><RYUUKYOKU ba="0,1" sc="197,-10,307,30,259,-10,227,-10" hai1="13,16,44,45,46,60,66,70,90,91,99,101,107" /><INIT seed="5,1,1,4,3,91" ten="187,337,249,217" oya="1" hai0="88,2,87,39,25,101,54,94,119,42,86,30,125" hai1="121,65,3,1,99,19,128,116,31,61,64,109,52" hai2="21,17,130,105,90,112,122,66,15,50,103,47,35" hai3="107,126,51,133,26,129,32,82,132,5,106,77,104"/><U12/><E116/><V115/><F122/><W120/><G120/><T127/><D119/><U7/><E128/><V69/><F130/><W85/><G129/><T134/><D2/><U81/><E31/><V45/><F35/><W14/><G126/><N who="0" m="48139" /><D134/><N who="3" m="51817" /><G51/><T4/><D4/><U33/><E109/><V24/><F24/><W46/><G46/><N who="0" m="23903" /><D54/><U72/><E33/><V9/><F50/><W67/><G67/><T59/><D101/><U135/><E65/><V13/><F66/><W57/><G57/><T95/><D59/><U96/><E7/><V79/><F69/><W123/><G123/><T93/><D86/><U48/><E121/><V98/><F47/><W113/><G113/><T22/><AGARI ba="1,1" hai="22,25,30,87,88,93,94,95" m="23903,48139" machi="22" ten="30,8000,1" yaku="18,1,52,3,54,1" doraHai="91" who="0" fromWho="0" sc="187,93,337,-41,249,-21,217,-21" /><INIT seed="6,0,0,1,0,130" ten="280,296,228,196" oya="2" hai0="50,22,24,34,5,74,41,26,106,18,117,13,80" hai1="49,72,93,133,25,66,114,118,119,107,123,73,90" hai2="15,100,88,64,62,78,29,108,86,63,126,98,132" hai3="103,3,87,97,59,122,40,67,127,36,42,35,120"/><V27/><F126/><W53/><G127/><T46/><D106/><U131/><E131/><V14/><F78/><W11/><G35/><T124/><D124/><U102/><E66/><V83/><F108/><W121/><G67/><T60/><D117/><U55/><E25/><V21/><F132/><W116/><G116/><T45/><D34/><U2/><E2/><V115/><F115/><W61/><G36/><T56/><D5/><U101/><E133/><V37/><F37/><W10/><G87/><T76/><REACH who="0" step="1"/><D45/><REACH who="0" ten="270,296,228,196" step="2"/><N who="1" m="28079" /><E107/><V68/><REACH who="2" step="1"/><F63/><REACH who="2" ten="270,296,218,196" step="2"/><W92/><G121/><T110/><D110/><U43/><E123/><V12/><F12/><W85/><G122/><T91/><D91/><U47/><E119/><V96/><F96/><W20/><G120/><T39/><D39/><U79/><E118/><V16/><F16/><W71/><G97/><T104/><D104/><AGARI ba="0,2" hai="14,15,21,27,29,62,64,68,83,86,88,98,100,104" machi="104" ten="30,5800,0" yaku="1,1,7,1,54,1,53,0" doraHai="130" doraHaiUra="6" who="2" fromWho="0" sc="270,-58,296,0,218,78,196,0" /><INIT seed="6,1,0,4,4,108" ten="212,296,296,196" oya="2" hai0="112,102,21,8,26,120,110,64,28,130,126,122,98" hai1="87,76,52,135,11,34,29,100,15,96,27,121,18" hai2="1,117,78,33,75,129,74,47,128,6,111,59,31" hai3="62,14,132,125,90,72,97,94,48,49,55,113,84"/><V69/><F117/><W119/><G119/><T91/><D110/><U41/><E135/><V123/><F123/><W22/><G72/><T43/><D126/><U37/><E121/><V95/><F95/><W20/><G125/><T5/><D130/><N who="2" m="50282" /><F111/><W66/><G132/><T133/><D133/><U63/><E41/><V89/><F89/><W46/><G113/><T114/><D64/><U35/><E37/><V40/><F59/><W79/><G14/><N who="0" m="5391" /><D43/><U56/><E76/><V38/><F69/><W124/><G124/><T101/><D101/><U12/><E87/><V7/><F7/><W36/><G36/><T54/><D54/><U58/><E58/><V115/><F115/><N who="0" m="44074" /><D91/><U32/><E15/><V39/><F39/><W104/><G90/><T9/><D9/><U70/><E70/><V16/><F78/><W3/><G79/><T85/><D85/><U106/><AGARI ba="1,0" hai="11,12,18,27,29,32,34,35,52,56,63,96,100,106" machi="106" ten="20,2700,0" yaku="0,1,7,1,54,1" doraHai="108" who="1" fromWho="1" sc="212,-8,296,30,296,-14,196,-8" /><INIT seed="7,0,0,2,4,0" ten="204,326,282,188" oya="3" hai0="110,109,2,64,58,11,77,62,135,116,17,49,133" hai1="33,99,12,75,3,100,95,68,94,92,108,69,90" hai2="132,131,40,103,83,57,19,5,106,119,8,18,53" hai3="70,35,52,50,115,56,117,82,6,80,26,36,101"/><W78/><G117/><T15/><D2/><U45/><E3/><V59/><F119/><W129/><G115/><T39/><D39/><U105/><E33/><V93/><F106/><W13/><G129/><T114/><D116/><U73/><E45/><V87/><F131/><W124/><G124/><T67/><D67/><U60/><E60/><V29/><F29/><W81/><G36/><T27/><D114/><U10/><E69/><V91/><F40/><W30/><G70/><T97/><D77/><U123/><E68/><V88/><F103/><W32/><G101/><T112/><D112/><U34/><E34/><V96/><F132/><N who="0" m="50762" /><D49/><U42/><E42/><V20/><F20/><W4/><G35/><T120/><D120/><U25/><E25/><V23/><F23/><W122/><G122/><T46/><D46/><U128/><E128/><V22/><F22/><W85/><REACH who="3" step="1"/><G13/><REACH who="3" ten="204,326,282,178" step="2"/><T126/><D126/><U41/><E123/><V104/><F104/><W107/><G107/><T72/><D72/><U7/><E75/><V24/><F24/><W54/><G54/><T74/><D74/><U89/><E73/><V38/><F38/><W31/><G31/><T14/><D27/><U79/><E105/><V86/><F53/><W61/><G61/><T65/><D65/><U43/><E100/><V1/><F1/><W118/><G118/><T21/><D97/><U48/><E99/><V84/><F96/><W16/><G16/><AGARI ba="0,1" hai="11,14,15,16,17,21,58,62,64,109,110" m="50762" machi="16" ten="30,2000,0" yaku="20,1,54,1" doraHai="0" who="0" fromWho="3" sc="204,30,326,0,282,0,178,-20" owari="234,-17.0,326,43.0,282,8.0,158,-34.0" /></mjloggm>