<mjloggm ver="2.3"><GO type="97" lobby="0"/><UN n0="%E3%81%BB%E3%81%A7%E3%81%95%E3%81%8C%E3%81%BD%E3%82%93" n1="%E5%B0%B1%E6%B4%BB%E7%94%9F%40%E5%B7%9D%E6%9D%91%E8%BB%8D%E5%9B%A3" n2="%4C%6F%74" n3="%E3%81%8B%E3%81%96%E3%81%B0%E3%81%AA" dan="15,15,13,15" rate="1994.87,1954.62,1873.80,1953.18" sx="M,M,M,M"/><TAIKYOKU oya="0"/><INIT seed="0,0,0,1,4,100" ten="250,250,250,250" oya="0" hai0="68,118,108,126,84,31,96,23,90,15,59,73,44" hai1="115,47,77,114,57,124,76,37,7,91,66,88,132" hai2="120,6,46,8,18,67,127,123,86,103,53,75,110" hai3="19,70,99,129,16,112,63,2,83,89,92,101,106"/><T26/><D73/><U0/><E124/><V94/><F75/><W24/><G112/><N who="1" m="43050" /><E132/><V49/><F127/><W22/><G129/><T14/><D68/><U111/><E111/><V119/><F119/><W51/><G2/><T113/><D126/><U36/><E7/><V52/><F110/><W107/><G51/><T25/><D118/><U128/><E0/><V80/><F67/><W38/><G38/><N who="1" m="14954" /><E47/><V62/><F62/><W104/><G63/><T54/><D108/><U20/><E20/><V12/><F6/><W40/><G40/><T41/><D113/><U78/><E128/><V43/><F43/><W30/><REACH who="3" step="1"/><G70/><REACH who="3" ten="250,250,250,240" step="2"/><T17/><D41/><U81/><E81/><V21/><F21/><W28/><G28/><T97/><D44/><U79/><N who="1" m="19456" /><DORA hai="109" /><U82/><E82/><V69/><F69/><W13/><G13/><T11/><D15/><U4/><E4/><V10/><F10/><W42/><G42/><T72/><D25/><U121/><E121/><V48/><F48/><W35/><G35/><T9/><D9/><U74/><E74/><V56/><F56/><W27/><G27/><T61/><REACH who="0" step="1"/><D72/><REACH who="0" ten="240,250,250,240" step="2"/><U29/><E29/><V65/><F120/><W64/><G64/><T50/><D50/><U5/><E5/><V45/><F45/><W117/><G117/><T131/><D131/><U39/><E39/><V98/><F123/><W122/><G122/><T105/><D105/><U135/><E135/><V93/><F65/><W87/><AGARI ba="0,2" hai="16,19,22,24,30,83,87,89,92,99,101,104,106,107" machi="87" ten="40,12000,2" yaku="1,1,0,1,52,3,54,1,53,1" doraHai="100,109" doraHaiUra="130,95" who="3" fromWho="3" sc="240,-60,250,-30,250,-30,240,140" /><INIT seed="1,0,0,5,1,24" ten="180,220,220,380" oya="1" hai0="20,108,92,101,73,41,89,62,104,19,84,128,83" hai1="14,88,119,87,21,27,26,99,98,56,114,105,49" hai2="40,90,18,25,53,12,15,69,120,2,109,81,74" hai3="7,52,47,66,121,38,123,111,16,91,106,37,54"/><U1/><E119/><V116/><F116/><W50/><G7/><T77/><D108/><U75/><E1/><V132/><F120/><W124/><G106/><T43/><D128/><U103/><E75/><V118/><F118/><W60/><G111/><T100/><D62/><U122/><E114/><V97/><F69/><W133/><G133/><T82/><D100/><U61/><E122/><N who="3" m="46602" /><G91/><T22/><D22/><U46/><E14/><V96/><F2/><W78/><G78/><T10/><D10/><U11/><E11/><V72/><F109/><W34/><G34/><T102/><D102/><U79/><E79/><V13/><F132/><W23/><G23/><T125/><D83/><N who="1" m="49279" /><E103/><V31/><F40/><N who="3" m="24935" /><G16/><T39/><D39/><N who="3" m="14857" /><G124/><T28/><D125/><U110/><E110/><V85/><F72/><W35/><G35/><T113/><D113/><U80/><E80/><V129/><F74/><W5/><G5/><T59/><D59/><AGARI ba="0,0" hai="52,54,59,60,66" m="14857,24935,46602" machi="59" ten="30,3900,0" yaku="34,2,54,1" doraHai="24" who="3" fromWho="0" sc="180,-39,220,0,220,0,380,39" /><INIT seed="2,0,0,2,4,82" ten="141,220,220,419" oya="2" hai0="127,100,40,54,3,27,45,6,4,36,116,92,73" hai1="84,23,112,99,18,107,128,67,96,56,74,12,117" hai2="32,38,41,63,9,16,30,135,122,59,95,52,26" hai3="129,47,126,48,111,98,72,120,121,87,28,85,34"/><V44/><F122/><W131/><G72/><T19/><D116/><U133/><E74/><V20/><F9/><W43/><G111/><T106/><D127/><U79/><E117/><V31/><F135/><W113/><G126/><T42/><D106/><U80/><E133/><V0/><F0/><W115/><G98/><N who="1" m="37418" /><E112/><N who="3" m="43082" /><G28/><T11/><D73/><U62/><E107/><V114/><F114/><W124/><G34/><T77/><D77/><U91/><E128/><N who="3" m="49226" /><G124/><T105/><D105/><U125/><E125/><V86/><F32/><W33/><G33/><T35/><D6/><U15/><E79/><V65/><REACH who="2" step="1"/><F65/><REACH who="2" ten="141,220,210,419" step="2"/><W39/><G121/><T83/><D35/><U68/><E68/><V46/><F46/><N who="3" m="23935" /><G120/><T81/><D42/><AGARI ba="0,1" hai="42,47,48,85,87" m="23935,49226,43082" machi="42" ten="30,7700,0" yaku="11,1,19,1,52,2" doraHai="82" who="3" fromWho="0" sc="141,-77,220,0,210,0,419,87" /><INIT seed="3,0,0,3,0,119" ten="64,220,210,506" oya="3" hai0="38,50,24,70,31,32,9,134,2,64,126,3,55" hai1="118,8,101,37,107,41,128,100,109,72,120,39,76" hai2="58,125,12,123,88,78,98,44,57,11,6,14,4" hai3="62,54,21,17,116,53,25,63,28,77,83,66,27"/><W80/><G116/><T33/><D38/><U22/><E120/><V86/><F125/><W82/><G77/><T48/><D33/><U13/><E109/><V47/><F78/><W84/><G84/><T114/><D126/><U89/><E128/><V56/><F98/><W69/><REACH who="3" step="1"/><G62/><REACH who="3" ten="64,220,210,496" step="2"/><T117/><D117/><U127/><E76/><V74/><F74/><W79/><G79/><T111/><D111/><U135/><E72/><V115/><F115/><W36/><G36/><T110/><D110/><U113/><E37/><V73/><F73/><W93/><G93/><T92/><D114/><U75/><E39/><V112/><F112/><W130/><G130/><T102/><D134/><U105/><E75/><V106/><F106/><W87/><G87/><T16/><D92/><U99/><E107/><V20/><F123/><W5/><G5/><T90/><D90/><U0/><E105/><V34/><F34/><AGARI ba="0,1" hai="17,21,25,27,28,34,53,54,63,66,69,80,82,83" machi="34" ten="40,2000,0" yaku="1,1,53,0" doraHai="119" doraHaiUra="129" who="3" fromWho="2" sc="64,0,220,0,210,-20,496,30" owari="64,-44.0,220,2.0,190,-21.0,526,63.0" /></mjloggm>