<mjloggm ver="2.3"><GO type="41" lobby="0"/><UN n0="%6D%6F%6D%6F%6E%69%6E" n1="%79%75%75%69%30%35%32%37" n2="%E3%81%BE%E3%81%A6%E3%81%BE%E3%81%A6" n3="%E5%B0%B1%E6%B4%BB%E7%94%9F%40%E5%B7%9D%E6%9D%91%E8%BB%8D%E5%9B%A3" dan="14,14,14,17" rate="1895.64,1966.34,1889.38,2148.89" sx="M,F,M,M"/><TAIKYOKU oya="0"/><INIT seed="0,0,0,4,4,30" ten="250,250,250,250" oya="0" hai0="11,71,114,53,1,109,9,90,105,108,18,65,27" hai1="91,46,115,73,116,104,58,128,17,70,40,6,68" hai2="45,117,32,0,44,42,97,56,122,41,55,80,50" hai3="10,5,98,94,4,132,127,16,24,37,120,29,14"/><T75/><D114/><U82/><E116/><V23/><F122/><W119/><G120/><T101/><D75/><U74/><E104/><V96/><F0/><W15/><G119/><T57/><D1/><U135/><E6/><V8/><F117/><W86/><G37/><T87/><D71/><U72/><E115/><V52/><F8/><W106/><G106/><T13/><D65/><U107/><E107/><V67/><F23/><W126/><G132/><T60/><D27/><U2/><E2/><V99/><F32/><N who="3" m="20519" /><G86/><T89/><D11/><U38/><E128/><V28/><F28/><W51/><G51/><T12/><D12/><U77/><E91/><V62/><F80/><W123/><G123/><T33/><D33/><U88/><E77/><V43/><F50/><W130/><G130/><T34/><D34/><U3/><E3/><V112/><F112/><W95/><G95/><T103/><D105/><U19/><E135/><V134/><F134/><W85/><G85/><T133/><D133/><U124/><E124/><N who="3" m="47658" /><G15/><T35/><D35/><U78/><E78/><V76/><F76/><W21/><G21/><T102/><REACH who="0" step="1"/><D90/><AGARI ba="0,0" hai="4,5,10,14,16,90,94,98" m="47658,20519" machi="90" ten="30,3900,0" yaku="18,1,52,1,54,1" doraHai="30" who="3" fromWho="0" sc="250,-39,250,0,250,0,250,39" /><INIT seed="1,0,0,0,2,43" ten="211,250,250,289" oya="1" hai0="65,126,134,27,88,59,17,58,130,132,12,32,94" hai1="31,124,44,121,7,101,78,38,19,39,55,70,127" hai2="64,42,28,135,129,112,102,77,16,21,52,75,29" hai3="33,20,128,86,51,15,22,105,74,61,85,87,79"/><U68/><E121/><V0/><F0/><W107/><G33/><T133/><D32/><U92/><E31/><V97/><F129/><W47/><G128/><T26/><D130/><U83/><E7/><V54/><F135/><W56/><G74/><T34/><D126/><N who="1" m="48171" /><E19/><V53/><F112/><W111/><G79/><T90/><D34/><U69/><E55/><V113/><F113/><W63/><G111/><T110/><D110/><U40/><E39/><V89/><F64/><W84/><G61/><T120/><D120/><U95/><E101/><V100/><F75/><AGARI ba="0,0" hai="38,40,44,68,69,70,75,78,83,92,95" m="48171" machi="75" ten="40,3900,0" yaku="18,1,52,1" doraHai="43" who="1" fromWho="2" sc="211,0,250,39,250,-39,289,0" /><INIT seed="1,1,0,1,0,32" ten="211,289,211,289" oya="1" hai0="4,122,102,53,12,100,56,99,109,82,123,23,68" hai1="113,58,96,49,17,70,13,15,29,57,92,98,60" hai2="87,63,26,103,39,19,62,84,11,61,5,10,7" hai3="38,77,34,75,47,67,80,128,30,1,135,31,105"/><U44/><E113/><V107/><F39/><W83/><G128/><T52/><D68/><U51/><E29/><V112/><F112/><W6/><G135/><T28/><D109/><U88/><E70/><V0/><F107/><W89/><G89/><T40/><D40/><U35/><E35/><V114/><F103/><W3/><G80/><T55/><D82/><U91/><E44/><V130/><F114/><W132/><G132/><T110/><D110/><U111/><E111/><V46/><F130/><W94/><G94/><T8/><D56/><U133/><E133/><V74/><F74/><W78/><G78/><T36/><D36/><U126/><E126/><V21/><F46/><W125/><G125/><T16/><D28/><U22/><E15/><V95/><REACH who="2" step="1"/><F95/><REACH who="2" ten="211,289,201,289" step="2"/><W72/><G105/><T127/><D127/><U118/><E92/><V45/><F45/><W129/><G75/><T85/><D85/><U42/><E98/><V101/><F101/><W90/><G47/><T93/><REACH who="0" step="1"/><D102/><REACH who="0" ten="201,289,201,289" step="2"/><U9/><E96/><V79/><F79/><W115/><G77/><T2/><AGARI ba="1,2" hai="2,4,8,12,16,23,52,53,55,93,99,100,122,123" machi="2" ten="30,12000,2" yaku="1,1,2,1,0,1,52,1,54,2,53,0" doraHai="32" doraHaiUra="71" who="0" fromWho="0" sc="201,143,289,-61,201,-31,289,-31" /><INIT seed="2,0,0,2,3,101" ten="344,228,170,258" oya="2" hai0="32,116,55,107,125,78,24,0,75,8,102,7,133" hai1="88,119,89,53,81,5,50,124,99,96,23,31,108" hai2="62,30,105,44,25,11,100,121,16,13,87,74,126" hai3="61,52,22,67,60,63,42,66,47,83,1,56,103"/><V18/><F74/><W71/><G1/><T10/><D10/><U122/><E119/><V38/><F126/><W109/><G103/><T79/><D133/><U6/><E124/><V19/><F121/><W59/><G22/><T21/><D125/><U91/><E108/><V34/><F38/><N who="3" m="21975" /><G83/><T94/><D94/><U36/><E36/><V58/><F44/><W117/><G117/><T97/><D116/><U68/><E68/><V46/><F46/><W134/><G134/><T35/><D55/><U20/><E81/><V73/><F87/><W15/><G15/><T93/><D93/><U111/><E111/><AGARI ba="0,0" hai="52,56,59,60,61,63,66,67,71,109,111" m="21975" machi="111" ten="30,3900,0" yaku="34,2,54,1" doraHai="101" who="3" fromWho="1" sc="344,0,228,-39,170,0,258,39" /><INIT seed="3,0,0,2,1,48" ten="344,189,170,297" oya="3" hai0="76,28,24,67,27,114,55,70,26,14,25,125,85" hai1="36,109,57,21,113,119,69,35,40,115,89,6,46" hai2="131,121,73,15,51,98,111,104,52,31,20,62,37" hai3="18,34,38,132,33,118,68,8,135,49,92,64,83"/><W23/><G38/><T101/><D125/><U66/><E69/><V100/><F37/><W126/><G118/><T74/><D74/><U63/><E35/><V134/><F73/><W102/><G126/><T56/><D101/><U9/><E109/><V32/><F111/><W30/><G30/><T112/><D14/><U42/><E42/><V88/><F131/><W11/><G83/><N who="0" m="47335" /><D70/><U106/><E106/><V107/><F134/><N who="3" m="51243" /><G64/><T59/><D67/><U91/><E119/><V127/><F127/><W81/><G81/><T50/><D59/><U95/><E21/><V128/><F128/><W133/><G68/><T47/><D56/><U39/><E39/><V16/><F121/><W99/><G49/><T84/><D84/><U61/><E61/><V86/><F104/><W17/><G17/><T10/><D10/><N who="3" m="3625" /><G133/><T90/><D90/><U45/><E45/><V44/><F31/><W93/><G93/><T1/><D1/><U13/><REACH who="1" step="1"/><E89/><REACH who="1" ten="344,179,170,297" step="2"/><V105/><F32/><W108/><G108/><T79/><D28/><U2/><E2/><V124/><F124/><W41/><G41/><T120/><D120/><U71/><E71/><V65/><F105/><W117/><G117/><T12/><D47/><U129/><E129/><V123/><F123/><W87/><G34/><T7/><D79/><U97/><AGARI ba="0,1" hai="6,9,13,36,40,46,57,63,66,91,95,97,113,115" machi="97" ten="20,2700,0" yaku="1,1,0,1,7,1,53,0" doraHai="48" doraHaiUra="75" who="1" fromWho="1" sc="344,-7,179,37,170,-7,297,-13" /><INIT seed="4,0,0,1,4,25" ten="337,216,163,284" oya="0" hai0="73,29,39,97,8,18,125,105,78,42,90,134,118" hai1="35,135,83,101,16,15,117,7,19,61,133,104,126" hai2="96,116,112,69,26,70,92,14,79,31,86,68,46" hai3="91,50,47,17,6,108,51,124,123,21,12,110,60"/><T98/><D118/><U75/><E117/><V0/><F116/><W93/><G124/><T45/><D134/><N who="1" m="51211" /><E126/><V65/><F112/><W66/><G123/><T1/><D125/><U67/><E7/><V23/><F0/><W54/><G6/><T74/><D98/><N who="1" m="61495" /><E35/><V115/><F115/><W4/><G4/><T107/><D74/><U94/><E94/><V103/><F46/><W55/><G60/><T24/><D1/><U56/><E15/><V102/><F79/><AGARI ba="0,0" hai="16,19,56,61,67,75,79,83" m="61495,51211" machi="79" ten="30,2000,0" yaku="20,1,54,1" doraHai="25" who="1" fromWho="2" sc="337,0,216,20,163,-20,284,0" /><INIT seed="5,0,0,1,0,22" ten="337,236,143,284" oya="1" hai0="40,108,48,135,28,76,83,120,5,74,29,116,102" hai1="63,39,123,85,2,79,25,70,93,31,87,96,24" hai2="107,81,41,88,73,109,19,45,54,12,50,66,62" hai3="27,57,89,69,106,56,17,92,9,59,113,90,37"/><U46/><E123/><V125/><F107/><W13/><G106/><T15/><D108/><U112/><E2/><V61/><F109/><W95/><G69/><T134/><D116/><U118/><E118/><V58/><F125/><W43/><G113/><T100/><D120/><U64/><E112/><V3/><F3/><W111/><G111/><T132/><D5/><U115/><E115/><V127/><F127/><W20/><G43/><T8/><D29/><U38/><E38/><V104/><F104/><W1/><G1/><T86/><D74/><U128/><E128/><V75/><F62/><W35/><G35/><T6/><REACH who="0" step="1"/><D28/><REACH who="0" ten="327,236,143,284" step="2"/><U47/><E31/><V18/><F18/><N who="3" m="12695" /><G37/><T72/><D72/><U23/><E39/><V10/><REACH who="2" step="1"/><F41/><REACH who="2" ten="327,236,133,284" step="2"/><W94/><AGARI ba="0,2" hai="9,13,17,56,57,59,89,90,92,94,95" m="12695" machi="94" ten="30,2000,0" yaku="8,1,52,1" doraHai="22" who="3" fromWho="3" sc="327,-5,236,-10,133,-5,284,40" /><INIT seed="6,0,0,5,4,2" ten="322,226,128,324" oya="2" hai0="24,127,102,42,12,118,66,129,30,11,31,16,111" hai1="134,68,83,97,120,114,80,84,112,121,62,108,115" hai2="92,77,126,47,75,122,33,133,51,38,95,73,69" hai3="105,128,3,48,41,28,53,5,36,55,98,52,25"/><V91/><F122/><N who="1" m="47209" /><E68/><V85/><F33/><W96/><G128/><T76/><D76/><N who="1" m="46087" /><E62/><V54/><F69/><W58/><G36/><T40/><D111/><U14/><E14/><V50/><F126/><W70/><G70/><T82/><D82/><U60/><E60/><V7/><F133/><W125/><G125/><T74/><D74/><U34/><E34/><V113/><F113/><W119/><G119/><T99/><D127/><U64/><E64/><V17/><F38/><W35/><G105/><T57/><D129/><U29/><E29/><V135/><F135/><W67/><G67/><T65/><D31/><U8/><E8/><V9/><F73/><W26/><G26/><T6/><D118/><U130/><E130/><V15/><F75/><W124/><G124/><T132/><D132/><U94/><E134/><V23/><F77/><W123/><G123/><T72/><D72/><U90/><E83/><N who="2" m="49599" /><F51/><W49/><G41/><T131/><D131/><U59/><E59/><V88/><F23/><W89/><G89/><T79/><D79/><U100/><E108/><V21/><F88/><AGARI ba="0,0" hai="88,90,94,97,100,112,114,115" m="46087,47209" machi="88" ten="40,8000,1" yaku="15,1,13,1,34,2,54,1" doraHai="2" who="1" fromWho="2" sc="322,0,226,80,128,-80,324,0" /><INIT seed="7,0,0,1,3,57" ten="322,306,48,324" oya="3" hai0="103,39,96,40,46,68,5,102,22,27,34,67,100" hai1="49,75,80,55,54,53,112,107,18,133,32,30,121" hai2="28,25,6,126,120,119,98,9,127,82,52,10,110" hai3="125,64,92,134,111,74,62,3,88,36,101,37,76"/><W65/><G3/><T0/><D34/><U24/><E121/><V13/><F98/><W83/><G111/><T73/><D73/><U4/><E4/><V113/><F82/><W93/><G125/><N who="2" m="47625" /><F52/><W114/><G134/><T26/><D96/><U29/><E133/><V50/><F50/><W1/><G1/><T109/><D109/><U89/><E107/><V131/><F28/><W56/><G114/><T33/><D33/><U135/><E135/><V87/><F25/><W91/><G101/><T105/><D105/><U123/><E123/><V84/><F13/><W72/><G72/><T128/><D128/><U118/><E118/><V15/><F6/><W43/><G65/><T108/><D108/><U44/><E112/><V23/><F15/><W60/><G60/><T11/><D68/><U122/><E122/><V117/><F23/><W21/><G21/><T106/><D106/><U38/><E38/><V90/><F90/><W47/><G36/><T132/><D132/><U66/><E66/><V2/><F2/><W115/><G115/><T116/><D116/><N who="2" m="44618" /><F87/><W79/><G79/><T51/><D67/><U99/><E30/><V94/><F84/><W86/><G91/><T58/><REACH who="0" step="1"/><D22/><REACH who="0" ten="312,306,48,324" step="2"/><U71/><E71/><V97/><F110/><W12/><G12/><T70/><D70/><U104/><E18/><V17/><F113/><W59/><G59/><T61/><D61/><U63/><E63/><V85/><F120/><W78/><G78/><T16/><D16/><U77/><REACH who="1" step="1"/><E89/><REACH who="1" ten="312,296,48,324" step="2"/><V41/><F17/><W8/><G8/><T124/><D124/><U7/><E7/><RYUUKYOKU ba="0,2" sc="312,10,296,10,48,-30,324,10" hai0="0,5,11,26,27,39,40,46,51,58,100,102,103" hai1="24,29,32,44,49,53,54,55,75,77,80,99,104" hai3="37,43,47,56,62,64,74,76,83,86,88,92,93" owari="322,12.0,306,-9.0,18,-48.0,354,45.0" /></mjloggm>