<mjloggm ver="2.3"><GO type="41" lobby="0"/><UN n0="%61%74%75%68%69%74%6F" n1="%E5%B0%B1%E6%B4%BB%E7%94%9F%40%E5%B7%9D%E6%9D%91%E8%BB%8D%E5%9B%A3" n2="%E3%81%84%E3%81%AB%E3%81%97%E3%82%83%E3%82%8B%E3%81%8D%E3%82%85%EF%BD%9E" n3="%E3%82%8C%E3%82%93%EF%BC%8D%4E%65%77" dan="13,15,14,15" rate="1843.84,1985.36,1921.99,2028.77" sx="M,M,M,M"/><TAIKYOKU oya="0"/><INIT seed="0,0,0,4,4,89" ten="250,250,250,250" oya="0" hai0="98,105,55,33,108,37,115,127,47,93,16,77,74" hai1="128,111,25,45,88,14,62,80,6,76,107,120,131" hai2="48,10,99,53,121,61,26,66,82,81,13,133,102" hai3="83,52,31,57,18,69,42,114,97,56,54,92,63"/><T23/><D115/><U28/><E107/><V113/><F121/><W24/><G69/><T132/><D33/><U78/><E120/><V29/><F133/><W116/><G42/><T46/><D132/><U104/><E104/><V112/><F113/><W8/><G116/><T134/><D134/><U87/><E111/><V21/><F112/><W68/><G68/><T51/><D105/><U5/><E45/><V58/><F13/><W36/><G36/><T39/><D108/><U2/><E2/><V94/><REACH who="2" step="1"/><F10/><REACH who="2" ten="250,250,240,250" step="2"/><W34/><G8/><T135/><D135/><U30/><E14/><V124/><F124/><W91/><G114/><T70/><D127/><U130/><E6/><V90/><F90/><W79/><G79/><T64/><D39/><U12/><E12/><V72/><F72/><W4/><G4/><T122/><D122/><U96/><E5/><V38/><F38/><W17/><REACH who="3" step="1"/><G83/><REACH who="3" ten="250,250,240,240" step="2"/><T73/><D37/><U117/><E80/><V103/><F103/><W129/><G129/><T100/><D73/><U40/><E128/><V7/><F7/><W44/><G44/><AGARI ba="0,2" hai="21,26,29,44,48,53,58,61,66,81,82,94,99,102" machi="44" ten="30,12000,2" yaku="1,1,7,1,25,2,8,1,52,1,53,1" doraHai="89" doraHaiUra="49" who="2" fromWho="3" sc="250,0,250,0,240,140,240,-120" /><INIT seed="1,0,0,2,1,85" ten="250,250,380,120" oya="1" hai0="74,89,128,82,118,17,123,120,93,14,75,92,116" hai1="101,27,65,132,131,11,56,119,104,115,64,22,31" hai2="88,87,39,19,44,73,113,34,41,3,4,10,134" hai3="99,15,60,53,109,57,58,126,71,55,79,125,105"/><U98/><E119/><N who="0" m="45609" /><D17/><U106/><E115/><V133/><F113/><W121/><G121/><N who="0" m="46667" /><D14/><U26/><E131/><V130/><F130/><W122/><G122/><T47/><D128/><U59/><E132/><N who="2" m="50795" /><F73/><N who="0" m="27658" /><D47/><U117/><E106/><V21/><F34/><W37/><G15/><T28/><D28/><U114/><E117/><V2/><F2/><W5/><G5/><T112/><D112/><U103/><E114/><V83/><F21/><W81/><G125/><T70/><D70/><U90/><E11/><V45/><F45/><W100/><G71/><T48/><D48/><U111/><E111/><V50/><F19/><W7/><G109/><T110/><D110/><U86/><E27/><V135/><F135/><W8/><G126/><T24/><D24/><U78/><E64/><V108/><F108/><W51/><G7/><T6/><D6/><U9/><E65/><V102/><F39/><W40/><G37/><T16/><D16/><U49/><E9/><V94/><F102/><W20/><G8/><T1/><D1/><U35/><E101/><V91/><F94/><N who="0" m="36458" /><D82/><U62/><E35/><V96/><F96/><W36/><G99/><T69/><D69/><U127/><E127/><V63/><F63/><W32/><G81/><T13/><D13/><U61/><E61/><V54/><F41/><W84/><G60/><T107/><D107/><U42/><E62/><V52/><F54/><W46/><G55/><T18/><D18/><U43/><E43/><V0/><F0/><W72/><G40/><T80/><D80/><N who="1" m="49479" /><E42/><V66/><F66/><W12/><G105/><T129/><D129/><RYUUKYOKU ba="0,0" sc="250,15,250,-15,380,15,120,-15" hai0="89" hai2="3,4,10,44,50,52,83,87,88,91" /><INIT seed="2,1,0,2,3,123" ten="265,235,395,105" oya="2" hai0="120,18,15,115,4,19,85,8,2,24,80,87,117" hai1="95,132,112,44,55,73,97,86,83,72,77,22,56" hai2="111,29,20,47,84,13,27,109,6,124,125,48,51" hai3="25,103,62,52,128,61,31,81,91,113,67,102,74"/><V60/><F60/><W126/><G113/><T21/><D120/><U68/><E112/><V14/><F84/><W46/><G128/><T101/><D115/><U34/><E34/><V7/><F7/><W36/><G36/><T104/><D117/><U118/><E68/><V89/><F89/><W45/><G126/><N who="2" m="48745" /><F6/><W66/><G74/><T16/><D87/><U127/><E118/><V3/><F3/><W131/><G131/><T5/><D101/><N who="3" m="38409" /><G81/><T32/><D104/><U54/><E132/><V35/><F35/><W26/><G91/><T65/><D65/><N who="3" m="24585" /><G31/><N who="0" m="19559" /><D85/><U135/><E135/><V90/><F90/><W69/><G69/><T122/><D80/><U134/><E86/><V99/><F99/><W23/><G62/><T107/><D107/><U37/><E83/><V12/><F51/><W130/><G130/><T49/><D49/><U28/><E97/><V64/><F64/><W9/><G61/><T43/><D43/><AGARI ba="1,0" hai="12,13,14,20,27,29,43,47,48,109,111" m="48745" machi="43" ten="40,7700,0" yaku="18,1,52,2" doraHai="123" who="2" fromWho="0" sc="265,-80,235,0,395,80,105,0" /><INIT seed="2,2,0,0,1,54" ten="185,235,475,105" oya="2" hai0="115,59,67,116,42,110,57,41,99,3,17,119,36" hai1="22,23,13,103,100,35,78,27,48,91,128,97,122" hai2="133,6,0,49,132,106,83,34,66,5,131,84,55" hai3="32,60,96,30,4,56,121,39,29,68,18,111,82"/><V80/><F106/><W129/><G39/><T107/><D3/><U11/><E122/><V40/><F34/><W31/><G68/><T105/><D17/><U64/><E78/><V8/><F131/><W15/><G129/><T58/><D115/><U47/><E35/><V61/><F40/><N who="0" m="15466" /><D110/><U120/><E120/><V38/><F38/><W117/><G111/><T24/><D24/><U28/><E23/><V95/><F95/><W50/><G117/><N who="0" m="45131" /><D36/><U90/><E64/><V12/><F5/><W75/><G4/><T45/><D45/><U70/><E70/><V10/><F10/><W14/><G18/><T114/><D114/><U113/><E113/><V101/><F101/><N who="1" m="38985" /><E97/><V33/><F33/><W102/><G32/><T118/><N who="0" m="45139" /><T87/><DORA hai="69" /><D87/><U51/><E128/><V26/><F26/><W44/><G44/><T104/><D99/><U71/><E71/><V124/><F0/><W134/><G96/><T86/><D86/><U112/><E47/><V135/><F84/><W85/><G85/><T98/><D98/><U1/><E1/><V89/><F89/><N who="1" m="33801" /><E112/><V79/><F79/><W43/><G121/><T63/><AGARI ba="2,0" hai="57,58,59,63,67,104,105,107" m="45139,15466" machi="63" ten="50,8000,1" yaku="12,1,52,3" doraHai="54,69" who="0" fromWho="0" sc="185,86,235,-22,475,-42,105,-22" /><INIT seed="3,0,0,3,0,69" ten="271,213,433,83" oya="3" hai0="89,36,110,64,111,8,32,85,10,120,37,48,46" hai1="126,113,135,112,5,20,50,11,40,79,75,38,57" hai2="53,55,109,1,67,92,83,34,108,25,96,74,104" hai3="132,6,52,7,28,99,72,16,62,18,45,122,87"/><W90/><G72/><T9/><D32/><U81/><E126/><V73/><F1/><W17/><G132/><T118/><D120/><U13/><E135/><V29/><F55/><W60/><G28/><T131/><D131/><U121/><E121/><V117/><F53/><W0/><G99/><T84/><D64/><U102/><E102/><V30/><F117/><W56/><G45/><T44/><D118/><U22/><E50/><V134/><F134/><W116/><G116/><T4/><D4/><N who="3" m="1577" /><G0/><T88/><D10/><U71/><E57/><V24/><F67/><W21/><G122/><T91/><D89/><U93/><E93/><V12/><F12/><N who="3" m="9351" /><G62/><T130/><D130/><U86/><E71/><V80/><F104/><W119/><G119/><T3/><D3/><U61/><E61/><V98/><F92/><AGARI ba="0,0" hai="17,18,52,56,60,87,90,92" m="9351,1577" machi="92" ten="30,5800,0" yaku="8,1,54,2" doraHai="69" who="3" fromWho="2" sc="271,0,213,0,433,-58,83,58" /><INIT seed="3,1,0,3,0,78" ten="271,213,375,141" oya="3" hai0="56,31,127,108,75,135,5,122,134,81,117,16,118" hai1="58,98,60,112,99,95,79,51,97,94,66,33,49" hai2="45,7,25,52,59,83,18,71,109,28,21,133,6" hai3="62,42,101,26,121,54,86,57,88,9,4,105,115"/><W92/><G115/><T19/><D56/><U23/><E33/><V3/><F71/><W24/><G121/><T116/><D122/><U100/><E112/><V12/><F133/><N who="0" m="50698" /><D108/><U44/><E79/><V128/><F128/><W130/><G130/><T131/><D131/><U113/><E113/><V34/><F109/><W102/><G42/><T40/><D40/><U0/><E0/><V125/><F125/><W126/><G126/><T50/><D127/><U104/><E104/><V103/><F103/><N who="3" m="39435" /><G105/><T90/><D50/><U106/><E106/><V37/><F37/><W84/><G84/><N who="0" m="50447" /><D75/><U87/><E23/><V119/><F45/><W47/><G47/><T67/><D67/><U10/><E10/><V68/><F68/><W96/><G96/><T63/><D63/><U74/><E74/><V72/><F119/><N who="0" m="30466" /><T36/><DORA hai="35" /><D36/><U107/><E107/><V41/><F41/><W32/><G32/><T64/><D64/><U110/><E110/><V17/><F17/><N who="0" m="6730" /><D31/><U11/><E11/><V129/><F129/><W114/><G114/><T43/><D43/><N who="1" m="24735" /><E51/><V91/><F72/><W69/><G69/><T46/><D46/><U65/><E65/><V1/><F7/><AGARI ba="1,0" hai="5,7" m="6730,30466,50447,50698" machi="7" ten="50,6400,0" yaku="20,1,52,1,54,1" doraHai="78,35" who="0" fromWho="2" sc="271,67,213,0,375,-67,141,0" /><INIT seed="4,0,0,4,5,98" ten="338,213,308,141" oya="0" hai0="97,76,120,79,74,78,100,11,14,6,42,33,29" hai1="133,110,108,113,52,2,51,24,124,36,84,86,123" hai2="128,96,130,99,134,50,101,126,117,25,30,0,129" hai3="112,116,104,67,81,12,105,17,115,132,75,73,122"/><T10/><D120/><U53/><E2/><V40/><F0/><W41/><G41/><T54/><D42/><U26/><E36/><V72/><F72/><W4/><G4/><T37/><D37/><U121/><E51/><V109/><F109/><W16/><G67/><T69/><D69/><U56/><E56/><V102/><F117/><W19/><G12/><T118/><D118/><U65/><E113/><N who="3" m="43594" /><G116/><T114/><D114/><U8/><E8/><V15/><F15/><W49/><G49/><T27/><D54/><U58/><E58/><V87/><F87/><W85/><G132/><T9/><REACH who="0" step="1"/><D74/><REACH who="0" ten="328,213,308,141" step="2"/><N who="3" m="28169" /><G122/><T83/><D83/><U106/><E133/><V59/><F134/><W18/><N who="3" m="4096" /><DORA hai="80" /><W88/><AGARI ba="0,1" hai="81,85,88,104,105" m="4096,28169,43594" machi="88" ten="50,8000,1" yaku="4,1,15,1,52,1,54,2" doraHai="98,80" who="3" fromWho="3" sc="328,-40,213,-20,308,-20,141,90" /><INIT seed="5,0,0,5,5,9" ten="288,193,288,231" oya="1" hai0="120,119,43,67,72,121,48,58,60,135,8,126,73" hai1="18,11,40,32,14,15,125,27,127,117,95,68,112" hai2="88,23,124,4,61,28,85,54,66,110,42,33,105" hai3="111,91,39,104,45,82,56,49,20,94,0,75,17"/><U37/><E68/><V36/><F105/><W132/><G104/><T70/><D8/><N who="1" m="6471" /><E37/><V90/><F33/><W10/><G111/><T29/><D29/><N who="1" m="19519" /><E40/><V62/><F4/><W122/><G75/><T123/><D119/><U115/><E95/><V101/><F101/><W103/><G82/><T51/><D73/><U80/><E80/><V78/><F110/><W84/><G103/><T71/><D72/><U46/><E46/><V100/><F100/><W31/><G39/><T114/><D114/><N who="1" m="43563" /><E117/><V97/><F42/><W77/><G45/><N who="0" m="25663" /><D135/><U50/><E50/><V81/><F36/><W16/><G49/><T118/><D118/><U41/><E41/><V83/><F97/><W19/><G132/><T52/><D126/><U30/><E30/><V86/><F124/><W74/><G94/><T79/><D79/><U63/><E63/><V134/><F134/><W38/><G77/><T65/><D65/><U106/><E106/><V109/><F109/><W64/><G38/><T116/><D116/><U96/><E96/><V133/><F133/><W89/><G64/><T131/><D131/><U128/><E128/><V47/><F78/><W1/><G74/><T35/><D35/><U107/><E107/><V93/><F93/><W130/><G130/><T99/><D99/><U26/><E26/><N who="2" m="16479" /><F66/><W69/><G69/><AGARI ba="0,0" hai="51,52,58,60,67,69,70,71,120,121,123" m="25663" machi="69" ten="30,7700,0" yaku="13,1,34,2,54,1" doraHai="9" who="0" fromWho="3" sc="288,77,193,0,288,0,231,-77" /><INIT seed="6,0,0,0,1,131" ten="365,193,288,154" oya="2" hai0="74,55,94,63,66,10,65,129,44,40,82,113,126" hai1="30,102,3,122,2,41,85,58,61,95,107,124,39" hai2="46,103,33,50,67,130,34,114,22,120,16,104,69" hai3="35,96,105,64,1,57,6,43,106,48,59,111,101"/><V73/><F120/><W77/><G35/><T49/><D129/><U17/><E122/><V29/><F73/><W21/><G77/><T45/><D113/><U79/><E124/><V4/><F130/><W110/><G106/><T90/><D126/><U75/><E30/><V20/><F4/><W92/><G105/><T8/><D74/><U14/><E75/><V56/><F114/><W27/><G6/><T86/><D94/><U99/><E41/><V83/><F69/><W125/><G1/><T54/><D66/><U15/><E39/><V5/><F5/><W108/><G125/><T76/><D90/><U19/><E3/><V12/><F83/><W128/><G128/><T42/><D55/><U134/><E2/><V13/><F13/><W31/><G43/><T18/><D45/><U24/><E24/><V68/><F68/><W32/><G32/><T93/><D93/><U60/><E58/><V123/><F123/><W70/><REACH who="3" step="1"/><G48/><REACH who="3" ten="365,193,288,144" step="2"/><T109/><D109/><U28/><E107/><V72/><F72/><W78/><G78/><T80/><D40/><U98/><E79/><V89/><F34/><W36/><G36/><T87/><D42/><U112/><E112/><V91/><F33/><W81/><G81/><T47/><D82/><U9/><E98/><V133/><F104/><W100/><G100/><T118/><D76/><U23/><E85/><V135/><F103/><W88/><G88/><N who="0" m="51271" /><D87/><U127/><E127/><V115/><F115/><W121/><G121/><T84/><D84/><U116/><E116/><V71/><F91/><W25/><G25/><T38/><D118/><RYUUKYOKU ba="0,1" sc="365,-10,193,-10,288,-10,144,30" hai3="21,27,31,57,59,64,70,92,96,101,108,110,111" /><INIT seed="7,1,1,5,4,103" ten="355,183,278,174" oya="3" hai0="99,128,43,109,22,68,134,116,55,98,79,123,59" hai1="95,72,14,3,74,61,88,40,60,34,17,115,81" hai2="32,133,113,63,15,85,112,8,67,0,66,37,80" hai3="19,25,107,65,119,108,69,24,110,28,90,83,54"/><W87/><G107/><T58/><D123/><U45/><E3/><V23/><F37/><W9/><G119/><T106/><D116/><U126/><E34/><V13/><F32/><W124/><G124/><T16/><D109/><N who="3" m="42089" /><G28/><T12/><D134/><U51/><E126/><V26/><F133/><W121/><G121/><T125/><D128/><U30/><E115/><N who="2" m="44107" /><F0/><W114/><G114/><T57/><D125/><U97/><E30/><N who="2" m="17759" /><F8/><W33/><G33/><T6/><D68/><U75/><E81/><V2/><F2/><W41/><G41/><T100/><D79/><U56/><E56/><N who="2" m="37223" /><F67/><W131/><G131/><T10/><D43/><U86/><E61/><V82/><F82/><W84/><G65/><T50/><REACH who="0" step="1"/><D99/><REACH who="0" ten="345,183,278,174" step="2"/><U93/><E97/><V132/><F132/><W31/><G69/><T135/><D135/><U5/><E72/><V64/><F64/><W78/><G54/><T38/><D38/><U48/><E74/><V1/><F1/><AGARI ba="1,2" hai="1,6,10,12,16,22,50,55,57,58,59,98,100,106" machi="1" ten="30,7700,0" yaku="1,1,7,1,52,1,54,1,53,0" doraHai="103" doraHaiUra="111" who="0" fromWho="2" sc="345,100,183,0,278,-80,174,0" owari="445,55.0,183,-22.0,198,0.0,174,-33.0" /></mjloggm>