<mjloggm ver="2.3"><GO type="97" lobby="0"/><UN n0="%E7%94%98%E5%8F%A3%E3%82%AB%E3%83%AC%E3%83%BC" n1="%E3%83%91%E3%83%8E%E3%83%97%E3%83%86%E3%82%A3%E3%82%B3%E3%83%B3" n2="%E3%83%88%E3%83%88%E3%83%AA%E5%85%88%E7%94%9F%31%39%E6%AD%B3" n3="%E7%9B%B4%E6%A8%B9" dan="13,14,15,13" rate="1889.59,1976.81,2059.09,1821.26" sx="M,M,F,M"/><TAIKYOKU oya="0"/><INIT seed="0,0,0,5,0,3" ten="250,250,250,250" oya="0" hai0="28,21,125,112,74,96,33,69,109,118,107,68,78" hai1="86,102,37,70,79,124,87,12,89,117,95,27,61" hai2="105,14,120,104,2,39,97,43,7,85,31,83,9" hai3="1,77,133,121,114,19,111,16,48,93,115,6,13"/><T100/><D118/><U34/><E37/><V17/><F120/><W88/><G77/><T20/><D112/><U119/><E124/><V47/><F97/><W56/><G121/><T130/><D125/><U52/><E12/><V53/><F53/><W0/><G133/><T84/><D84/><U18/><E102/><V41/><F41/><W38/><G38/><T98/><D98/><U132/><E132/><V99/><F99/><W101/><G101/><T63/><D130/><U103/><E103/><V59/><F59/><W23/><G111/><T58/><D109/><U11/><E70/><V29/><F105/><W73/><G73/><T135/><D135/><U123/><E123/><V92/><F92/><W134/><G134/><T129/><D129/><U49/><E61/><V51/><F104/><W26/><G115/><T35/><D69/><U40/><E40/><V110/><F110/><W32/><G114/><T44/><D44/><U91/><E79/><V108/><F108/><W65/><G32/><T50/><D50/><U67/><E67/><V5/><F39/><W82/><G82/><N who="0" m="45399" /><D58/><U81/><E11/><V45/><F45/><W72/><G72/><T128/><D128/><U122/><E122/><V131/><F131/><W10/><G19/><T36/><D36/><U4/><E4/><N who="2" m="1611" /><F2/><W57/><G57/><T76/><D76/><AGARI ba="0,0" hai="9,14,17,29,31,43,47,51,76,83,85" m="1611" machi="76" ten="30,7700,0" yaku="8,1,52,3" doraHai="3" who="2" fromWho="0" sc="250,-77,250,0,250,77,250,0" /><INIT seed="1,0,0,1,3,44" ten="173,250,327,250" oya="1" hai0="114,94,73,116,82,87,47,122,67,0,14,27,123" hai1="17,71,88,26,24,54,110,8,89,108,41,98,130" hai2="99,128,43,61,125,20,10,39,112,77,60,86,2" hai3="109,30,19,84,96,57,32,74,38,53,102,51,58"/><U72/><E71/><V129/><F125/><W118/><G74/><T81/><D0/><U28/><E72/><V124/><F124/><W31/><G38/><T101/><D116/><U126/><E41/><V107/><F112/><W40/><G118/><T36/><D114/><U133/><E126/><V80/><F39/><W59/><G32/><T79/><D67/><U85/><E130/><N who="2" m="50283" /><F43/><W15/><G40/><T132/><D132/><U93/><E133/><V5/><F20/><W23/><G109/><N who="1" m="42090" /><E28/><V25/><F25/><W33/><G33/><T111/><D111/><U131/><E131/><V127/><F127/><W13/><G13/><T11/><D27/><U117/><E117/><V64/><F64/><W46/><REACH who="3" step="1"/><G84/><REACH who="3" ten="173,250,327,240" step="2"/><T48/><D36/><U1/><E1/><V34/><F34/><W105/><AGARI ba="0,1" hai="15,19,23,30,31,46,51,53,57,58,59,96,102,105" machi="105" ten="30,8000,1" yaku="1,1,2,1,0,1,52,1,53,1" doraHai="44" doraHaiUra="103" who="3" fromWho="3" sc="173,-20,250,-40,327,-20,240,90" /><INIT seed="2,0,0,2,1,49" ten="153,210,307,330" oya="2" hai0="22,55,101,37,28,80,24,60,10,126,14,95,59" hai1="63,135,104,4,103,124,134,53,119,106,18,84,94" hai2="61,97,98,35,47,102,68,121,43,20,86,127,131" hai3="7,50,13,74,44,100,93,5,125,51,2,39,130"/><V66/><F121/><W82/><G2/><T72/><D37/><U116/><E4/><V128/><F35/><W75/><G39/><T42/><D42/><U48/><E63/><V109/><F127/><W114/><G75/><T118/><D126/><U67/><E67/><V69/><F69/><W6/><G125/><T31/><D118/><U45/><E124/><V107/><F109/><W25/><G114/><T88/><D101/><U85/><E18/><V16/><F86/><N who="1" m="33385" /><E45/><V91/><F91/><W1/><G1/><T73/><D31/><U34/><E48/><V46/><F98/><W64/><G64/><T11/><D80/><U117/><E53/><V78/><F78/><W71/><G71/><T90/><D90/><U58/><E58/><V32/><F32/><W19/><G25/><T122/><D122/><U96/><E34/><V110/><F110/><W21/><G74/><T23/><D23/><U54/><E54/><V120/><F120/><W70/><G70/><T15/><D15/><U0/><E0/><V62/><F62/><W52/><G82/><T76/><D76/><U115/><E115/><V38/><REACH who="2" step="1"/><F46/><REACH who="2" ten="153,210,297,330" step="2"/><W99/><G130/><T133/><D133/><AGARI ba="0,1" hai="94,96,103,104,106,116,117,119,133,134,135" m="33385" machi="133" ten="40,5200,0" yaku="20,1,34,2" doraHai="49" who="1" fromWho="0" sc="153,-52,210,62,297,0,330,0" /><INIT seed="3,0,0,1,2,34" ten="101,272,297,330" oya="3" hai0="133,127,2,54,102,50,20,78,120,116,45,15,88" hai1="113,124,72,129,39,132,13,10,77,105,36,131,26" hai2="135,83,67,44,33,38,75,70,56,106,62,87,115" hai3="123,73,96,1,84,63,9,68,89,0,59,128,103"/><W69/><G73/><T95/><D120/><U21/><E105/><V101/><F115/><W11/><G123/><T71/><D116/><U130/><E113/><V85/><F85/><W100/><G128/><T80/><D71/><U111/><E77/><N who="2" m="44479" /><F87/><W55/><G69/><T74/><D102/><U3/><E72/><V76/><F76/><W119/><G119/><T43/><D133/><U46/><E46/><V30/><F56/><W18/><G68/><T17/><D127/><U93/><E93/><V109/><F109/><W42/><G42/><T112/><D112/><U121/><E121/><V12/><F12/><W22/><G103/><T5/><D43/><U19/><E111/><V91/><F91/><W118/><G118/><T110/><D110/><U6/><E124/><V51/><F51/><W14/><G11/><T61/><D61/><U125/><E125/><V7/><F7/><W99/><G99/><T40/><D40/><U27/><E132/><V114/><F44/><W107/><REACH who="3" step="1"/><G22/><REACH who="3" ten="101,272,297,320" step="2"/><T41/><D41/><U37/><AGARI ba="0,1" hai="3,6,10,13,19,21,26,27,36,37,39,129,130,131" machi="37" ten="40,5200,0" yaku="0,1,19,1,52,1" doraHai="34" who="1" fromWho="1" sc="101,-13,272,62,297,-13,320,-26" owari="88,-41.0,334,44.0,284,-12.0,294,9.0" /></mjloggm>