<mjloggm ver="2.3"><GO type="169" lobby="0"/><UN n0="%E3%82%86%E3%81%A3%E3%81%8F%E3%82%8A%E5%A6%96%E5%A4%A2" n1="%E3%82%8A%E3%81%9D%E3%81%86%E3%81%A2%E3%82%83%E3%82%93%E3%81%97%E2%99%AA" n2="%E3%82%A6%E3%83%AB%E3%83%88%E3%83%A9%E7%AB%8B%E7%9B%B4" n3="%E3%81%91%E3%82%93%31%39%37%30" dan="16,16,17,16" rate="2177.60,2040.91,2106.55,2062.23" sx="M,M,M,M"/><TAIKYOKU oya="0"/><INIT seed="0,0,0,3,3,135" ten="250,250,250,250" oya="0" hai0="132,121,79,14,124,67,54,4,66,102,104,77,100" hai1="34,96,125,7,2,11,80,130,16,33,85,51,116" hai2="29,23,91,60,126,134,0,112,115,93,69,46,21" hai3="40,70,68,6,99,15,111,98,64,105,53,90,18"/><T22/><D121/><U37/><E116/><V108/><F0/><W128/><G40/><T127/><D132/><U61/><E37/><V82/><F82/><W107/><G6/><T106/><D4/><U120/><E120/><V47/><F134/><W1/><G1/><T31/><D54/><U62/><E130/><V9/><F9/><W92/><G128/><T131/><D131/><U110/><E110/><V119/><F60/><W30/><G30/><T8/><D8/><U48/><E96/><V73/><F69/><W109/><G53/><T28/><D14/><U5/><E5/><V58/><F58/><W20/><G99/><T3/><D3/><U49/><E16/><V101/><F101/><W89/><G89/><T57/><D57/><U65/><E125/><V71/><F71/><N who="3" m="27179" /><G64/><T43/><D43/><U39/><E39/><V88/><F29/><W76/><G76/><T113/><D22/><U36/><E36/><V55/><F55/><W59/><G59/><T94/><D94/><U84/><E65/><V56/><F56/><W72/><G72/><T19/><D19/><U52/><E52/><V26/><F73/><W95/><G95/><T44/><REACH who="0" step="1"/><D113/><REACH who="0" ten="240,250,250,250" step="2"/><U83/><E33/><V63/><F93/><W12/><G15/><T10/><D10/><U118/><E34/><V87/><F112/><W78/><G109/><T133/><D133/><U13/><E2/><V17/><F108/><W117/><G111/><T35/><D35/><U42/><E42/><V32/><F115/><W74/><G92/><T50/><D50/><U24/><E118/><V41/><F32/><RYUUKYOKU ba="0,1" sc="240,30,250,-10,250,-10,250,-10" hai0="28,31,44,66,67,77,79,100,102,104,106,124,127" /><INIT seed="0,1,1,5,0,131" ten="270,240,240,240" oya="0" hai0="19,80,77,41,65,23,51,40,24,28,110,16,130" hai1="126,125,104,50,119,29,57,42,47,72,128,53,97" hai2="105,76,95,90,85,9,20,122,75,124,62,99,73" hai3="48,103,118,1,35,22,18,106,59,0,33,129,49"/><T120/><D120/><U11/><E119/><V4/><F122/><W98/><G118/><T123/><D123/><U121/><E72/><V134/><F62/><W81/><G129/><T36/><D130/><U68/><E68/><V91/><F20/><W63/><G1/><T83/><D36/><U100/><E121/><V60/><F60/><W74/><G0/><T43/><D65/><U96/><E128/><V12/><F124/><N who="1" m="47721" /><E97/><V79/><F12/><W37/><G37/><T5/><D5/><U92/><E29/><V26/><F26/><W14/><G33/><T87/><D110/><U7/><E11/><V38/><F9/><W69/><G35/><T21/><D21/><U39/><E7/><V132/><F4/><W108/><G69/><T31/><D31/><U17/><E17/><N who="0" m="6729" /><D80/><U116/><E116/><V88/><F38/><W82/><G108/><T93/><D93/><AGARI ba="1,1" hai="39,42,47,50,53,57,92,93,96,100,104" m="47721" machi="93" ten="30,1000,0" yaku="18,1" doraHai="131" who="1" fromWho="0" sc="270,-13,240,23,240,0,240,0" /><INIT seed="1,0,0,4,3,0" ten="257,263,240,240" oya="1" hai0="135,84,106,5,76,120,82,24,4,49,33,73,74" hai1="50,19,101,8,102,121,39,124,51,58,119,122,88" hai2="12,10,131,63,113,26,48,13,118,56,38,78,18" hai3="17,23,75,99,21,52,2,65,126,6,110,28,60"/><U45/><E119/><V116/><F38/><W69/><G75/><T109/><D106/><U68/><E68/><V3/><F3/><W117/><G117/><T125/><D109/><U111/><E124/><V112/><F48/><W25/><G110/><T9/><D125/><U89/><E111/><V42/><F42/><W64/><G126/><T67/><D67/><U46/><E39/><V97/><F26/><W14/><G99/><T40/><D135/><U16/><E58/><V98/><F78/><W123/><G123/><T1/><D5/><U34/><E8/><V27/><F27/><W47/><G69/><T66/><D66/><U129/><REACH who="1" step="1"/><E34/><REACH who="1" ten="257,253,240,240" step="2"/><V43/><F10/><W71/><G71/><T86/><D33/><U93/><E93/><V115/><F116/><W36/><G36/><T29/><D9/><U100/><E100/><V127/><F118/><W95/><G95/><T22/><D120/><U37/><E37/><V81/><F127/><W59/><G47/><T91/><D82/><U61/><E61/><V20/><F63/><W92/><G92/><T85/><D49/><U15/><E15/><V55/><F12/><N who="3" m="9383" /><G2/><T7/><D1/><U83/><E83/><V114/><F81/><W132/><G132/><T72/><D76/><U62/><E62/><V41/><F113/><W80/><G80/><T90/><D91/><U53/><E53/><V44/><F112/><W87/><G14/><T96/><D40/><U77/><E77/><V103/><F115/><W134/><G134/><T11/><D11/><U31/><E31/><V105/><F114/><W108/><G108/><RYUUKYOKU ba="0,1" sc="257,15,253,15,240,-15,240,-15" hai0="4,7,22,24,29,72,73,74,84,85,86,90,96" hai1="16,19,45,46,50,51,88,89,101,102,121,122,129" /><INIT seed="1,1,1,2,3,86" ten="272,268,225,225" oya="1" hai0="7,11,62,135,103,49,25,127,50,58,53,8,81" hai1="126,78,119,116,125,120,34,5,111,85,23,43,44" hai2="91,51,105,27,71,134,18,108,63,37,67,76,14" hai3="69,115,38,15,22,133,99,36,122,94,130,24,131"/><U98/><E120/><V3/><F3/><W61/><G115/><T121/><D121/><U1/><E34/><V87/><F37/><W9/><G122/><T104/><D127/><N who="1" m="48651" /><E98/><V35/><F108/><W46/><G133/><T41/><D135/><U60/><E60/><V32/><F134/><W96/><G61/><T118/><D118/><N who="1" m="45099" /><E23/><V48/><F105/><W40/><G69/><T4/><D104/><U90/><E78/><V26/><F76/><W84/><G38/><T47/><D62/><U17/><E17/><V79/><F79/><W113/><G113/><T31/><D11/><N who="1" m="2479" /><E111/><V29/><F32/><W68/><G22/><T56/><D7/><U128/><E128/><N who="3" m="49194" /><G24/><T52/><D25/><U112/><E112/><V0/><F27/><W28/><G28/><T54/><D31/><U66/><E66/><V19/><F0/><W45/><G68/><T59/><D8/><U123/><E123/><V30/><F30/><W72/><G9/><T12/><D4/><U65/><E65/><V70/><F70/><W107/><G99/><T124/><D124/><U114/><E114/><V95/><F19/><W75/><G96/><T110/><D110/><U42/><E44/><V106/><F106/><W21/><G107/><T10/><D10/><AGARI ba="1,1" hai="10,14,18,26,29,35,48,51,63,67,71,87,91,95" machi="10" ten="30,2000,0" yaku="7,1,52,1" doraHai="86" who="2" fromWho="0" sc="272,-23,268,0,225,33,225,0" /><INIT seed="2,0,0,4,3,43" ten="249,268,258,225" oya="2" hai0="133,85,19,1,25,116,91,10,56,62,90,53,129" hai1="26,83,82,123,95,125,47,30,70,8,132,102,135" hai2="93,2,50,124,9,46,59,16,37,84,120,24,92" hai3="71,130,127,73,105,7,61,35,6,63,18,40,51"/><V111/><F120/><W22/><G35/><T44/><D133/><N who="1" m="51275" /><E125/><V114/><F114/><W66/><G73/><T110/><D110/><U98/><E70/><V88/><F124/><W128/><G105/><T64/><D129/><N who="3" m="49769" /><G63/><T113/><D113/><U89/><E123/><V106/><F106/><W12/><G127/><T33/><D116/><U14/><E47/><AGARI ba="0,0" hai="6,7,12,18,22,40,47,51,61,66,71" m="49769" machi="47" ten="30,2000,0" yaku="19,1,52,1" doraHai="43" who="3" fromWho="1" sc="249,0,268,-20,258,0,225,20" /><INIT seed="3,0,0,4,3,100" ten="249,248,258,245" oya="3" hai0="36,61,82,116,114,34,64,119,72,120,10,71,56" hai1="105,86,35,90,128,22,9,91,103,14,27,32,80" hai2="83,135,85,45,78,31,113,104,2,25,92,65,44" hai3="1,89,26,4,59,15,99,133,47,62,117,131,134"/><W96/><G117/><T54/><D120/><U48/><E128/><V6/><F113/><W112/><G112/><T125/><D114/><U16/><E48/><V11/><F135/><W74/><G74/><T66/><D34/><U38/><E38/><V43/><F104/><W37/><G1/><T107/><D107/><U18/><REACH who="1" step="1"/><E91/><REACH who="1" ten="249,238,258,245" step="2"/><V118/><F118/><W29/><G131/><T110/><D36/><U12/><E12/><V20/><F2/><W130/><G130/><T21/><D116/><U124/><E124/><V106/><F43/><N who="3" m="23023" /><G89/><T24/><D125/><U53/><E53/><V42/><F42/><W28/><G15/><T13/><D54/><U67/><E67/><V101/><F65/><N who="3" m="39135" /><G4/><T81/><D13/><U126/><E126/><V41/><F41/><W17/><G17/><T50/><D66/><U46/><E46/><V69/><F45/><W40/><G40/><T57/><D64/><U49/><E49/><V115/><F44/><W75/><G29/><T84/><D50/><U5/><E5/><V95/><F115/><W51/><G51/><T87/><D119/><U8/><E8/><V58/><F11/><W121/><G28/><T109/><D10/><U132/><E132/><V111/><F6/><W55/><G133/><T102/><D71/><U77/><E77/><V30/><F69/><W39/><G134/><T123/><D61/><U23/><E23/><V98/><F31/><W60/><G39/><T52/><D21/><U63/><E63/><V73/><F30/><W129/><G60/><T33/><D52/><U79/><E79/><V76/><F78/><RYUUKYOKU ba="0,1" sc="249,-10,238,30,258,-10,245,-10" hai1="9,14,16,18,22,27,32,35,80,86,90,103,105" /><INIT seed="4,1,1,1,3,9" ten="239,268,248,235" oya="0" hai0="19,76,21,105,57,64,132,5,1,39,128,46,45" hai1="83,14,70,98,106,134,107,0,22,25,8,93,56" hai2="18,88,84,7,109,27,79,113,2,54,123,3,127" hai3="72,124,74,61,6,12,30,69,90,42,77,52,36"/><T24/><D132/><U131/><E70/><V15/><F123/><W32/><G36/><T119/><D119/><U4/><E131/><V121/><F121/><W92/><G42/><T85/><D128/><U73/><E134/><V96/><F109/><W97/><G124/><T114/><D114/><U41/><E41/><V63/><F127/><W67/><G77/><T49/><D105/><U62/><E0/><V102/><F79/><W58/><G30/><T28/><D39/><U101/><E83/><V68/><F27/><W125/><G32/><T60/><D49/><U38/><E73/><V29/><F29/><W31/><G31/><T59/><D59/><U111/><E38/><V91/><F7/><W104/><G104/><T34/><D5/><U112/><E112/><V40/><F40/><W48/><REACH who="3" step="1"/><G125/><REACH who="3" ten="239,268,248,225" step="2"/><T47/><D28/><N who="1" m="17463" /><E111/><V117/><F113/><W103/><G103/><T71/><D34/><U33/><E33/><V86/><F102/><W133/><G133/><T11/><D1/><U37/><E37/><V95/><F2/><W23/><G23/><T10/><D71/><U81/><E81/><AGARI ba="1,2" hai="10,11,19,21,24,45,46,47,57,60,64,76,81,85" machi="81" ten="40,2000,0" yaku="8,1" doraHai="9" who="0" fromWho="1" sc="239,43,268,-23,248,0,225,0" /><INIT seed="4,2,0,4,5,75" ten="282,245,248,225" oya="0" hai0="122,11,130,22,35,105,24,48,126,129,86,90,66" hai1="39,13,83,9,31,10,110,127,15,117,42,76,109" hai2="36,18,85,73,62,29,87,100,80,91,84,104,50" hai3="37,64,131,17,74,123,63,55,27,44,98,121,47"/><T52/><D122/><N who="3" m="46601" /><G74/><T111/><D105/><U34/><E117/><V28/><F36/><W57/><G98/><T128/><D35/><U25/><E127/><V65/><F73/><W70/><G17/><N who="0" m="12367" /><D126/><U116/><E116/><V58/><F100/><W16/><G16/><T119/><D119/><U69/><E69/><V12/><F104/><W41/><G27/><T77/><D66/><U115/><E115/><V125/><F50/><N who="3" m="30967" /><G47/><N who="0" m="27679" /><D11/><U33/><E33/><V79/><F125/><W60/><G60/><T78/><D111/><U7/><E42/><V108/><F108/><W45/><G45/><T71/><D71/><U114/><E39/><V19/><F19/><W103/><G103/><T81/><AGARI ba="2,0" hai="77,78,81,86,90,128,129,130" m="27679,12367" machi="81" ten="30,11700,0" yaku="19,1,52,2,54,1" doraHai="75" who="0" fromWho="0" sc="282,123,245,-41,248,-41,225,-41" /><INIT seed="4,3,0,0,0,10" ten="405,204,207,184" oya="0" hai0="105,60,5,19,79,13,122,96,133,9,44,76,51" hai1="16,95,78,98,67,109,131,65,121,88,14,50,135" hai2="116,15,20,49,54,33,61,41,59,7,112,108,87" hai3="34,52,53,29,80,130,2,92,66,57,113,39,23"/><T123/><D133/><U119/><E121/><V91/><F33/><W127/><G39/><T30/><D30/><U81/><E119/><V0/><F108/><W35/><G2/><T86/><D60/><U99/><E135/><V117/><F0/><W106/><G106/><T11/><D105/><U40/><E109/><V48/><F112/><W72/><G113/><T4/><D96/><U124/><E131/><V118/><F41/><W120/><G66/><T64/><D64/><U125/><E99/><V69/><F69/><W55/><G130/><T56/><D56/><U77/><E65/><V28/><F28/><W32/><G57/><T94/><D79/><U46/><E67/><V104/><F104/><W73/><G92/><T38/><D38/><U90/><E90/><V132/><F132/><W100/><G100/><T45/><D45/><U47/><E47/><V68/><F68/><W58/><G58/><T21/><D21/><U27/><E27/><V85/><F85/><W110/><G110/><T42/><D19/><U75/><REACH who="1" step="1"/><E77/><REACH who="1" ten="405,194,207,184" step="2"/><V25/><F25/><W43/><G120/><T134/><D134/><U71/><E71/><V83/><F118/><W36/><G127/><T93/><D122/><U74/><E74/><V22/><F117/><W97/><G97/><T26/><D26/><U128/><E128/><V84/><F116/><W6/><G73/><T111/><D111/><U37/><E37/><V8/><F87/><W89/><G72/><T31/><D123/><U114/><E114/><V107/><F107/><W82/><G36/><T63/><D44/><U129/><E129/><RYUUKYOKU ba="3,1" sc="405,-15,194,15,207,15,184,-15" hai1="14,16,40,46,50,75,78,81,88,95,98,124,125" hai2="7,8,15,20,22,48,49,54,59,61,83,84,91" /><INIT seed="5,4,1,5,0,53" ten="390,209,222,169" oya="1" hai0="96,115,119,110,49,15,35,25,26,31,84,81,13" hai1="132,48,43,60,114,16,128,100,34,97,23,24,39" hai2="113,67,38,12,124,93,63,51,42,125,9,70,3" hai3="102,55,116,92,78,28,0,56,117,27,86,36,4"/><U45/><E114/><V59/><F3/><W22/><G36/><T79/><D110/><U130/><E132/><V107/><F107/><W89/><G78/><T50/><D115/><U111/><E111/><V2/><F2/><W74/><G74/><T8/><D119/><U20/><E60/><V64/><F93/><W6/><G102/><T40/><D40/><U77/><E77/><V127/><F113/><W37/><G37/><T32/><D96/><U134/><E134/><V72/><F72/><W61/><REACH who="3" step="1"/><G0/><REACH who="3" ten="390,209,222,159" step="2"/><T112/><D112/><U18/><E39/><V83/><F38/><W30/><G30/><T10/><D79/><U65/><E34/><V69/><F124/><W57/><G57/><T1/><D1/><U14/><REACH who="1" step="1"/><E65/><REACH who="1" ten="390,199,222,159" step="2"/><V106/><F67/><W95/><G95/><AGARI ba="4,3" hai="14,16,18,20,23,24,43,45,48,95,97,100,128,130" machi="95" ten="40,7700,0" yaku="1,1,2,1,54,1,53,0" doraHai="53" doraHaiUra="109" who="1" fromWho="3" sc="390,0,199,119,222,0,159,-89" /><INIT seed="5,5,0,3,2,38" ten="390,318,222,70" oya="1" hai0="80,74,14,95,27,59,49,35,25,16,133,18,32" hai1="52,96,76,8,17,126,53,7,37,63,98,70,61" hai2="48,55,69,20,72,57,22,94,102,101,34,111,104" hai3="93,46,1,4,78,131,128,47,10,40,116,89,56"/><U113/><E113/><V91/><F72/><W28/><G47/><T112/><D133/><U6/><E126/><V115/><F34/><W11/><G116/><T58/><D112/><U51/><E37/><V97/><F111/><W82/><G28/><T54/><D35/><U100/><E76/><V43/><F69/><W15/><G56/><T41/><D41/><U68/><E8/><V90/><F115/><W12/><G93/><T65/><D32/><U130/><E17/><V44/><F102/><W13/><G89/><N who="2" m="33801" /><F104/><W127/><G11/><T30/><D30/><U64/><E130/><V87/><F87/><W86/><G127/><T99/><D18/><U21/><E21/><V122/><F122/><W42/><G46/><T79/><D95/><U73/><E73/><V118/><F118/><W66/><G66/><T123/><D99/><U60/><E60/><AGARI ba="5,0" hai="20,22,43,44,48,55,57,60,94,97,101" m="33801" machi="60" ten="30,2000,0" yaku="8,1,52,1" doraHai="38" who="2" fromWho="1" sc="390,0,318,-35,222,35,70,0" /><INIT seed="6,0,0,5,4,81" ten="390,283,257,70" oya="2" hai0="49,41,120,42,51,63,6,93,111,38,134,13,135" hai1="59,90,55,114,62,43,102,68,74,47,71,1,70" hai2="88,84,61,46,103,16,126,22,64,53,123,129,69" hai3="130,45,4,29,87,72,27,110,11,125,94,97,75"/><V65/><F123/><W76/><G110/><T50/><D111/><U101/><E1/><V52/><F126/><W85/><G125/><T109/><D109/><U95/><E114/><V67/><F129/><W44/><G130/><T112/><D112/><U12/><E74/><V58/><F103/><W7/><G76/><T33/><D33/><U60/><E12/><N who="2" m="9479" /><F69/><W28/><G94/><T23/><D38/><U77/><E77/><V36/><F36/><W113/><G113/><T56/><D93/><U122/><E122/><V100/><F100/><W92/><G92/><T40/><D120/><U124/><E124/><V98/><F98/><W66/><G66/><N who="2" m="25705" /><F46/><W131/><G131/><T73/><D73/><U107/><E107/><V79/><F79/><W35/><G11/><T34/><D34/><U30/><E30/><V32/><F32/><W106/><G35/><T96/><D96/><U121/><E121/><V24/><F24/><W128/><G128/><T10/><D23/><U91/><E102/><V3/><F3/><W86/><G97/><T26/><D26/><U39/><E101/><V116/><F116/><W0/><G0/><T83/><D10/><U5/><E5/><N who="3" m="2122" /><G27/><T115/><D6/><U2/><E2/><V119/><F119/><W54/><G106/><T9/><D9/><U18/><E18/><V17/><F17/><W132/><G45/><T99/><D99/><U117/><E117/><V31/><F31/><N who="3" m="11851" /><G44/><T37/><D37/><U133/><E95/><AGARI ba="0,0" hai="52,53,58,61,67,84,88,95" m="25705,9479" machi="95" ten="30,12000,1" yaku="8,1,52,1,54,3" doraHai="81" who="2" fromWho="1" sc="390,0,283,-120,257,120,70,0" /><INIT seed="6,1,0,3,2,26" ten="390,163,377,70" oya="2" hai0="89,97,34,113,111,33,93,90,19,79,102,94,70" hai1="11,81,35,46,74,118,86,20,122,112,95,108,67" hai2="126,36,51,9,71,41,62,18,80,66,115,52,1" hai3="131,130,76,12,0,101,124,114,88,133,98,53,45"/><V16/><F126/><W15/><G0/><T7/><D70/><U29/><E118/><V5/><F115/><W96/><G76/><T72/><D111/><U43/><E108/><V4/><F4/><W82/><G124/><T68/><D68/><U6/><E112/><V61/><F61/><W3/><G3/><T75/><D7/><U42/><E122/><V83/><F83/><W99/><G114/><T64/><D64/><U28/><E35/><V39/><F80/><W57/><G45/><T87/><D19/><U10/><E74/><V116/><F116/><W91/><G101/><T134/><D34/><U65/><E95/><V63/><F63/><W129/><G133/><T127/><D33/><U22/><E81/><V2/><F2/><W60/><REACH who="3" step="1"/><G82/><REACH who="3" ten="390,163,377,60" step="2"/><T44/><D127/><U27/><E46/><N who="2" m="23871" /><F36/><W23/><G23/><T37/><D37/><U73/><E73/><V119/><F119/><W105/><G105/><T14/><D134/><U69/><E20/><V48/><F51/><W21/><G21/><T121/><D75/><U13/><E22/><V17/><F1/><W110/><G110/><T55/><D72/><U107/><E107/><V47/><F47/><W103/><G103/><T38/><D102/><U92/><E11/><V49/><F49/><W24/><G24/><T40/><D44/><U104/><E104/><V25/><F25/><W58/><G58/><T78/><D79/><U132/><E132/><V125/><F125/><W123/><G123/><T31/><D78/><U8/><E27/><V135/><F135/><W100/><G100/><T32/><D113/><RYUUKYOKU ba="1,1" sc="390,-10,163,-10,377,-10,60,30" hai3="12,15,53,57,60,88,91,96,98,99,129,130,131" /><INIT seed="7,2,1,3,2,96" ten="380,153,367,90" oya="3" hai0="50,18,92,86,108,105,7,41,27,1,62,5,21" hai1="98,29,8,81,68,72,57,85,31,40,69,82,12" hai2="3,77,60,22,30,131,88,52,19,24,115,110,128" hai3="100,133,20,28,95,119,37,64,97,102,23,16,129"/><W121/><G119/><T0/><D108/><U39/><E39/><V106/><F3/><W76/><G121/><T55/><D105/><U130/><E130/><N who="2" m="49707" /><F106/><W47/><G129/><T33/><D33/><U49/><E69/><V101/><F101/><N who="3" m="60607" /><G37/><T25/><D1/><U93/><E68/><V43/><F115/><W51/><G64/><T14/><D0/><U42/><E72/><V59/><F110/><W11/><G76/><T26/><D62/><U65/><E65/><V53/><F77/><W83/><G83/><N who="1" m="31754" /><E85/><V118/><F118/><W122/><G122/><T73/><D41/><N who="1" m="15979" /><E57/><V45/><F88/><W109/><G109/><T67/><D67/><U13/><E49/><N who="2" m="28719" /><F43/><N who="3" m="25087" /><G133/><T117/><D117/><U74/><E74/><V125/><F125/><W66/><G66/><T70/><D73/><U4/><E13/><V123/><F123/><W10/><G28/><AGARI ba="2,1" hai="19,22,24,28,30,53,59,60" m="28719,49707" machi="28" ten="30,2000,0" yaku="19,1,54,1" doraHai="96" who="2" fromWho="3" sc="380,0,153,0,367,36,90,-26" owari="380,18.0,153,-25.0,403,51.0,64,-44.0" /></mjloggm>