<mjloggm ver="2.3"><GO type="41" lobby="0"/><UN n0="%E7%9F%B3%E4%BA%95%E3%82%AF%E3%83%B3%E3%83%84%E6%98%8C%E5%AD%90" n1="%E5%B0%B1%E6%B4%BB%E7%94%9F%40%E5%B7%9D%E6%9D%91%E8%BB%8D%E5%9B%A3" n2="%79%67%66%72%74%67%74%79" n3="%EF%BC%BE%E3%81%82%E3%81%8F%E3%81%BE%EF%BC%BE" dan="15,15,13,13" rate="1981.20,2015.10,1823.56,1899.22" sx="M,M,M,M"/><TAIKYOKU oya="0"/><INIT seed="0,0,0,4,0,3" ten="250,250,250,250" oya="0" hai0="63,127,80,42,7,115,43,9,38,0,101,126,31" hai1="59,134,23,91,27,73,106,94,122,56,96,109,10" hai2="78,51,15,39,8,1,47,64,54,46,32,82,102" hai3="4,6,111,65,40,131,22,34,25,55,107,98,19"/><T20/><D115/><U28/><E122/><V116/><F32/><W41/><G131/><T26/><D101/><U129/><E134/><V75/><F116/><W52/><G111/><T92/><D92/><U89/><E109/><V103/><F64/><W118/><G118/><T24/><D63/><U81/><E129/><V67/><F67/><W14/><G65/><T50/><D38/><U71/><E71/><V125/><F125/><N who="0" m="47626" /><D50/><U74/><E106/><V68/><F68/><W53/><G107/><T86/><D26/><U124/><E124/><V110/><F110/><W30/><REACH who="3" step="1"/><G98/><REACH who="3" ten="250,250,250,240" step="2"/><T13/><D0/><U135/><E135/><V16/><F1/><W88/><G88/><AGARI ba="0,1" hai="7,9,13,20,24,31,42,43,80,86,88" m="47626" machi="88" ten="30,5800,0" yaku="18,1,52,1,54,1" doraHai="3" who="0" fromWho="3" sc="250,68,250,0,250,0,240,-58" /><INIT seed="0,1,0,3,4,35" ten="318,250,250,182" oya="0" hai0="66,118,21,37,27,6,91,40,97,108,5,18,114" hai1="65,70,122,79,69,10,120,98,102,125,77,1,24" hai2="92,72,8,127,88,51,104,31,26,45,0,4,60" hai3="89,107,94,23,53,135,81,90,132,55,44,85,75"/><T28/><D118/><U50/><E125/><V113/><F113/><W67/><G107/><T16/><D114/><U14/><E24/><V42/><F72/><W80/><G67/><T46/><D108/><U62/><E70/><V117/><F104/><W115/><G115/><T7/><REACH who="0" step="1"/><D66/><REACH who="0" ten="308,250,250,182" step="2"/><U25/><E65/><V76/><F117/><W38/><G38/><T87/><D87/><U106/><E120/><V86/><F127/><W123/><G75/><T34/><D34/><U30/><E122/><V124/><F124/><W48/><G123/><T57/><D57/><U9/><E69/><V103/><F76/><W71/><G71/><T29/><D29/><U96/><E79/><V101/><REACH who="2" step="1"/><F60/><REACH who="2" ten="308,250,240,182" step="2"/><W36/><G135/><T119/><D119/><U54/><E62/><V130/><F130/><W12/><G132/><T11/><D11/><U82/><E10/><V83/><F83/><W133/><G133/><T64/><D64/><U32/><E82/><V128/><F128/><W105/><G81/><T56/><D56/><U111/><E77/><V63/><F63/><W52/><G80/><T99/><D99/><U116/><E98/><V93/><F93/><AGARI ba="1,2" hai="5,6,7,16,18,21,27,28,37,40,46,91,93,97" machi="93" ten="40,3900,0" yaku="1,1,54,1,53,0" doraHai="35" doraHaiUra="109" who="0" fromWho="2" sc="308,62,250,0,240,-42,182,0" /><INIT seed="0,2,0,1,2,119" ten="370,250,198,182" oya="0" hai0="2,98,71,115,7,61,66,113,67,52,128,5,109" hai1="18,133,135,51,107,92,28,120,46,31,105,41,89" hai2="64,76,49,132,35,81,48,100,21,54,37,72,47" hai3="14,24,121,111,10,118,96,38,94,80,91,22,129"/><T4/><D128/><U44/><E18/><V68/><F35/><W125/><G118/><T73/><D73/><U97/><E46/><V123/><F123/><W84/><G129/><T131/><D131/><U102/><E120/><V55/><F132/><N who="1" m="50761" /><E107/><V79/><F100/><W134/><G121/><T99/><D2/><U53/><E53/><V75/><F37/><W59/><G38/><T95/><D109/><U36/><E36/><V108/><F108/><W126/><G111/><T62/><D98/><AGARI ba="2,0" hai="28,31,41,44,51,89,92,97,98,102,105" m="50761" machi="98" ten="30,1000,0" yaku="20,1" doraHai="119" who="1" fromWho="0" sc="370,-16,250,16,198,0,182,0" /><INIT seed="1,0,0,5,2,110" ten="354,266,198,182" oya="1" hai0="47,35,99,21,4,23,116,94,106,81,75,41,51" hai1="32,83,90,10,48,117,27,124,25,40,91,50,17" hai2="42,68,12,63,62,16,135,55,78,97,73,20,113" hai3="111,46,19,102,88,104,118,52,38,122,59,101,120"/><U22/><E117/><V15/><F135/><W96/><G111/><T14/><D106/><U109/><E109/><V26/><F113/><W30/><G118/><T66/><D35/><U128/><E124/><V43/><F68/><W28/><G102/><T29/><D116/><U133/><E128/><V85/><F73/><W7/><G7/><T65/><D75/><U125/><E125/><V31/><F97/><W76/><G76/><T84/><D29/><U24/><E133/><V61/><F12/><W64/><G64/><N who="0" m="24683" /><D14/><N who="1" m="9527" /><E32/><V2/><F2/><W100/><G100/><N who="0" m="60535" /><D4/><U44/><E83/><V72/><F72/><W49/><G28/><T130/><D130/><U9/><E50/><V112/><F112/><W103/><G30/><T80/><D80/><U92/><E90/><AGARI ba="0,0" hai="21,23,41,47,51,81,84,90" m="60535,24683" machi="90" ten="30,1000,0" yaku="8,1" doraHai="110" who="0" fromWho="1" sc="354,10,266,-10,198,0,182,0" /><INIT seed="2,0,0,2,4,22" ten="364,256,198,182" oya="2" hai0="51,60,131,7,93,125,55,13,43,29,54,21,17" hai1="83,16,119,113,63,12,4,108,121,115,42,69,75" hai2="33,52,32,98,127,76,104,129,48,109,15,39,124" hai3="73,78,90,96,40,36,38,50,79,117,19,64,14"/><V20/><F39/><W35/><G117/><T103/><D131/><U23/><E119/><V74/><F129/><W53/><G35/><T81/><D125/><N who="2" m="48202" /><F109/><W110/><G110/><T101/><D81/><U118/><E118/><V123/><F123/><W132/><G64/><T120/><D120/><U134/><E108/><V61/><F61/><W114/><G132/><T2/><D2/><U105/><E134/><V65/><F65/><W62/><G114/><T112/><D112/><U97/><E121/><V11/><F20/><W111/><G62/><T30/><D7/><U128/><E128/><V3/><F3/><W9/><G111/><T8/><D43/><U70/><E42/><V26/><F74/><W77/><G73/><T116/><D116/><U67/><E70/><V27/><F76/><W58/><G40/><T71/><D71/><U24/><E75/><V85/><F85/><W84/><G38/><T94/><D60/><U68/><E68/><V5/><F104/><W47/><G36/><T25/><D30/><U130/><E130/><V18/><F98/><W92/><REACH who="3" step="1"/><G58/><REACH who="3" ten="364,256,198,172" step="2"/><N who="0" m="33119" /><D55/><U45/><E113/><V88/><F33/><W41/><G41/><T126/><D126/><U44/><E115/><V28/><F32/><W89/><G89/><T86/><D103/><U37/><E37/><V99/><F88/><W82/><AGARI ba="0,1" hai="9,14,19,47,50,53,77,78,79,82,84,90,92,96" machi="82" ten="30,7900,0" yaku="1,1,0,1,8,1,53,1" doraHai="22" doraHaiUra="49" who="3" fromWho="3" sc="364,-20,256,-20,198,-39,172,89" /><INIT seed="3,0,0,4,3,128" ten="344,236,159,261" oya="3" hai0="59,110,108,87,123,23,22,37,3,111,51,53,86" hai1="54,66,25,62,125,42,41,76,7,114,117,27,107" hai2="96,90,31,98,34,119,92,30,58,33,39,35,56" hai3="8,24,99,100,124,73,46,12,83,120,49,74,48"/><W26/><G120/><T10/><D123/><U106/><E114/><V5/><F39/><W52/><G124/><T61/><D37/><U103/><E125/><V79/><F119/><W115/><G115/><T101/><D101/><U40/><E117/><V133/><F5/><W95/><G74/><T44/><D3/><U75/><E7/><V72/><F133/><W43/><G83/><T116/><D116/><U89/><E54/><V47/><F47/><W67/><G67/><T15/><D86/><U4/><E4/><V127/><F127/><W60/><G60/><T11/><D87/><U104/><E103/><V14/><F14/><W131/><G131/><T17/><REACH who="0" step="1"/><D11/><REACH who="0" ten="334,236,159,261" step="2"/><U16/><E75/><V68/><F72/><W57/><REACH who="3" step="1"/><G73/><REACH who="3" ten="334,236,159,251" step="2"/><T13/><D13/><U20/><E25/><V102/><F68/><W93/><G93/><T113/><D113/><U135/><E106/><V32/><F79/><W78/><G78/><T18/><D18/><AGARI ba="0,2" hai="8,12,18,24,26,43,46,48,49,52,57,95,99,100" machi="18" ten="30,18000,2" yaku="1,1,7,1,8,1,54,1,53,2" doraHai="128" doraHaiUra="45" who="3" fromWho="0" sc="334,-180,236,0,159,0,251,200" /><INIT seed="3,1,0,4,0,69" ten="154,236,159,451" oya="3" hai0="31,22,41,55,113,103,83,106,120,78,130,44,39" hai1="74,59,34,109,38,132,97,65,123,48,13,23,14" hai2="10,94,99,21,114,40,68,5,98,110,63,0,46" hai3="7,90,4,3,2,70,121,57,17,45,37,73,1"/><W25/><G73/><T20/><D120/><U128/><E34/><V129/><F114/><W35/><G70/><T115/><D113/><U131/><E74/><V133/><F129/><W18/><G90/><T67/><D115/><U27/><E123/><V75/><F133/><W91/><G91/><T81/><D130/><N who="1" m="49707" /><E132/><V102/><F110/><W111/><G57/><T33/><D67/><U36/><E109/><V12/><F75/><W108/><G45/><T80/><D78/><U95/><E48/><V89/><F68/><W107/><G107/><T125/><D125/><U104/><E104/><V32/><F32/><W112/><G112/><T86/><D86/><U84/><E84/><V79/><F79/><W87/><G87/><T126/><D126/><U30/><E59/><V119/><F119/><W60/><G60/><T43/><D43/><U9/><E65/><V116/><F116/><W135/><G135/><T26/><REACH who="0" step="1"/><D55/><REACH who="0" ten="144,236,159,451" step="2"/><U96/><E96/><AGARI ba="1,1" hai="20,22,26,31,33,39,41,44,80,81,83,96,103,106" machi="96" ten="40,5200,0" yaku="1,1,2,1,52,1,53,0" doraHai="69" doraHaiUra="11" who="0" fromWho="1" sc="144,65,236,-55,159,0,451,0" /><INIT seed="4,0,0,4,5,85" ten="209,181,159,451" oya="0" hai0="96,82,20,0,132,5,63,98,133,128,111,66,102" hai1="110,41,53,125,91,126,122,50,19,35,40,61,27" hai2="76,36,17,97,62,49,131,43,95,7,13,16,113" hai3="10,117,67,24,4,57,88,34,87,123,90,55,114"/><T89/><D128/><U59/><E110/><V23/><F113/><W15/><G117/><T104/><D111/><U73/><E73/><V52/><F131/><W83/><G114/><T119/><D119/><U39/><E39/><V78/><F36/><W28/><G123/><T30/><D5/><U94/><E122/><V60/><F43/><W80/><G67/><T101/><D0/><U58/><E58/><N who="2" m="33039" /><F7/><W33/><G33/><T77/><D20/><N who="1" m="13727" /><E35/><V103/><F17/><W79/><G83/><T12/><D12/><U129/><E50/><AGARI ba="0,0" hai="4,10,15,24,28,34,50,55,57,79,80,87,88,90" machi="50" ten="30,7700,0" yaku="7,1,52,2,54,1" doraHai="85" who="3" fromWho="1" sc="209,0,181,-77,159,0,451,77" /><INIT seed="5,0,0,4,2,83" ten="209,104,159,528" oya="1" hai0="95,112,104,99,20,88,76,74,127,108,47,5,100" hai1="91,132,31,42,52,34,40,21,30,35,38,13,114" hai2="54,125,97,66,111,7,84,17,51,105,36,102,133" hai3="58,18,63,73,115,14,134,85,41,126,79,128,12"/><U121/><E121/><V117/><F111/><W131/><G73/><T1/><D108/><U65/><E65/><V2/><F117/><W4/><G115/><T64/><D112/><U101/><E114/><V78/><F36/><W60/><G134/><T113/><D113/><U124/><E101/><V15/><F133/><W77/><G41/><T109/><D109/><U23/><E132/><V11/><F125/><W39/><G39/><T123/><D127/><U6/><E38/><V45/><F66/><W93/><G126/><T10/><D123/><U98/><E124/><V56/><F78/><W118/><G118/><T49/><D64/><U75/><E75/><V71/><F71/><W69/><G69/><T24/><D76/><U103/><E103/><V53/><F84/><W55/><G63/><T90/><D74/><U68/><E68/><V61/><F2/><W135/><G135/><T70/><D70/><U120/><E120/><V37/><F37/><W26/><G26/><T0/><D0/><U16/><E6/><V129/><F129/><W116/><G116/><T50/><D104/><U86/><E98/><V33/><F33/><N who="1" m="12297" /><E52/><V9/><F105/><W27/><G131/><T130/><D130/><U122/><E122/><V44/><F102/><W87/><G128/><T72/><D72/><U110/><E110/><V62/><F97/><W43/><G43/><N who="1" m="16426" /><E23/><N who="2" m="11711" /><F7/><W46/><G46/><N who="2" m="18025" /><F62/><W107/><G107/><T89/><D47/><AGARI ba="0,0" hai="9,11,47,51,53,54,56,61" m="18025,11711" machi="47" ten="30,1000,0" yaku="8,1" doraHai="83" who="2" fromWho="0" sc="209,-10,104,0,159,10,528,0" /><INIT seed="6,0,0,2,4,77" ten="199,104,169,528" oya="2" hai0="6,105,108,102,58,68,44,27,21,125,1,35,72" hai1="87,131,14,104,124,24,33,121,13,8,37,90,114" hai2="40,123,99,23,78,11,28,100,96,15,38,31,110" hai3="9,115,126,29,119,127,5,2,92,25,75,93,57"/><V26/><F123/><W122/><G75/><T113/><D108/><U94/><E121/><V74/><F110/><W73/><G73/><T135/><D68/><U129/><E37/><V81/><F38/><W0/><G122/><T62/><D72/><U3/><E3/><V47/><F31/><W112/><G2/><T97/><D113/><N who="3" m="43593" /><G119/><T7/><D135/><U101/><E114/><V134/><F134/><W19/><G57/><T54/><D125/><N who="3" m="47625" /><G19/><T69/><D35/><AGARI ba="0,0" hai="0,5,9,25,29,35,92,93" m="47625,43593" machi="35" ten="30,3900,0" yaku="15,1,11,1,18,1" doraHai="77" who="3" fromWho="0" sc="199,-39,104,0,169,0,528,39" /><INIT seed="7,0,0,2,5,127" ten="160,104,169,567" oya="3" hai0="103,60,24,42,33,128,108,92,15,34,65,123,72" hai1="89,94,69,133,56,48,109,11,38,61,54,114,8" hai2="13,95,31,29,80,37,51,63,122,21,43,101,5" hai3="104,88,113,30,32,117,70,78,6,7,35,130,59"/><W22/><G117/><T77/><D123/><U57/><E109/><V126/><F37/><W3/><G104/><T68/><D108/><U71/><E114/><V119/><F126/><W49/><G70/><T97/><D42/><U1/><E133/><V73/><F119/><W83/><G113/><T36/><D36/><U12/><E1/><V67/><F122/><W23/><G130/><T66/><D128/><U76/><E38/><V62/><F73/><W107/><G107/><T125/><D125/><U75/><E75/><V20/><F80/><W41/><G78/><T9/><D65/><U115/><E115/><V85/><F67/><W98/><G41/><T132/><D132/><U25/><E76/><V82/><F101/><W58/><G49/><T47/><D47/><U18/><E25/><V2/><F2/><W134/><G134/><T39/><D39/><U129/><E129/><V100/><F100/><W106/><G106/><T102/><D102/><U81/><E81/><V87/><F95/><W14/><G98/><T26/><D77/><U116/><E116/><V86/><F82/><W16/><G59/><T28/><D72/><U121/><E121/><V19/><F5/><N who="3" m="1547" /><G88/><T124/><D124/><U131/><E131/><V0/><F0/><W112/><G83/><T90/><D90/><U40/><E8/><V45/><F21/><N who="3" m="11415" /><G58/><T105/><D92/><U53/><REACH who="1" step="1"/><E40/><REACH who="1" ten="160,94,169,567" step="2"/><V44/><F44/><W120/><G112/><T46/><D46/><U10/><E10/><V50/><F43/><W79/><G120/><T4/><D26/><U96/><AGARI ba="0,1" hai="11,12,18,48,53,54,56,57,61,69,71,89,94,96" machi="96" ten="20,2700,0" yaku="1,1,0,1,7,1,53,0" doraHai="127" doraHaiUra="118" who="1" fromWho="1" sc="160,-7,94,37,169,-7,567,-13" owari="153,-25.0,131,-37.0,162,-4.0,554,66.0" /></mjloggm>