<mjloggm ver="2.3"><GO type="97" lobby="0"/><UN n0="%E4%B8%87%E7%82%B9%E5%9D%8A" n1="%E7%89%B9%E3%81%AB%E3%81%AA%E3%81%97" n2="%E6%B3%A2%E5%88%87%E3%82%8A" n3="%E5%B0%B1%E6%B4%BB%E7%94%9F%40%E5%B7%9D%E6%9D%91%E8%BB%8D%E5%9B%A3" dan="15,13,14,15" rate="1955.41,1831.61,1917.02,1972.40" sx="M,M,M,M"/><TAIKYOKU oya="0"/><INIT seed="0,0,0,2,4,1" ten="250,250,250,250" oya="0" hai0="89,9,130,22,94,3,17,12,14,70,29,80,49" hai1="95,26,41,103,28,72,124,54,120,85,79,61,0" hai2="117,2,63,91,110,19,35,118,55,52,132,111,73" hai3="6,18,100,10,58,71,11,27,97,135,57,129,116"/><T5/><D70/><U113/><E120/><V43/><F73/><W60/><G116/><N who="2" m="44649" /><F132/><W98/><G129/><T62/><D130/><U99/><E0/><V133/><F133/><W23/><G135/><T53/><D62/><U47/><E72/><V7/><F35/><W125/><G125/><T122/><D122/><U87/><E113/><V82/><F43/><W92/><G11/><T33/><D80/><U84/><E124/><V36/><F36/><W112/><G112/><T37/><D37/><U39/><E79/><V66/><F19/><W30/><G30/><T93/><D14/><U38/><E38/><V64/><F91/><W50/><G50/><T65/><D65/><N who="2" m="25194" /><F82/><W101/><G71/><T102/><D102/><U114/><E114/><V20/><F20/><W40/><G40/><T69/><D69/><U83/><E83/><V45/><F45/><W76/><G76/><T44/><REACH who="0" step="1"/><D89/><REACH who="0" ten="240,250,250,250" step="2"/><U16/><E61/><V131/><F131/><W123/><G60/><T59/><D59/><U134/><E134/><V32/><F63/><W24/><G123/><T4/><D4/><U78/><E78/><V119/><F119/><W15/><REACH who="3" step="1"/><G24/><AGARI ba="0,1" hai="3,5,9,12,17,22,24,29,33,44,49,53,93,94" machi="24" ten="40,12000,1" yaku="1,1,24,2,52,1,53,1" doraHai="1" doraHaiUra="31" who="0" fromWho="3" sc="240,130,250,0,250,0,250,-120" /><INIT seed="0,1,0,2,0,132" ten="370,250,250,130" oya="0" hai0="14,38,131,9,6,92,126,108,3,44,107,43,83" hai1="16,45,114,111,5,98,70,36,51,13,65,22,128" hai2="30,102,49,23,97,121,57,124,28,135,64,67,25" hai3="17,118,119,20,91,60,89,133,96,8,76,42,115"/><T103/><D107/><U69/><E36/><V90/><F121/><W104/><G133/><T18/><D131/><U84/><E128/><V105/><F135/><W7/><G115/><T55/><D108/><U21/><E5/><V33/><F90/><W75/><G42/><T32/><D32/><U77/><E65/><V113/><F113/><W47/><G47/><T80/><D55/><U112/><E114/><V26/><F124/><W117/><G75/><T52/><D126/><U61/><E112/><V63/><REACH who="2" step="1"/><F49/><REACH who="2" ten="370,250,240,130" step="2"/><W86/><G76/><T59/><D103/><U50/><E111/><V87/><F87/><W0/><G60/><T99/><D99/><U74/><E74/><V85/><F85/><W81/><G104/><T58/><D92/><U46/><E61/><V37/><F37/><W72/><G72/><T11/><REACH who="0" step="1"/><D59/><REACH who="0" ten="360,250,240,130" step="2"/><U71/><E98/><V88/><F88/><W54/><G91/><T1/><D1/><U120/><E120/><V12/><F12/><W95/><G96/><T39/><D39/><U106/><E106/><V29/><F29/><W15/><G95/><T109/><D109/><U48/><E71/><V78/><F78/><W56/><REACH who="3" step="1"/><G119/><REACH who="3" ten="360,250,240,120" step="2"/><T122/><D122/><U19/><E77/><V24/><F24/><W123/><G123/><T127/><D127/><U27/><E70/><V40/><F40/><W31/><G31/><T2/><D2/><U129/><E129/><V79/><F79/><W53/><G53/><AGARI ba="1,3" hai="23,25,26,28,30,33,53,57,63,64,67,97,102,105" machi="53" ten="30,2000,0" yaku="1,1,7,1,53,0" doraHai="132" doraHaiUra="41" who="2" fromWho="3" sc="360,0,250,0,240,53,120,-23" /><INIT seed="1,0,0,1,4,122" ten="360,250,293,97" oya="1" hai0="29,127,8,117,69,24,62,95,13,83,43,135,47" hai1="12,100,59,17,30,4,78,119,6,92,60,51,3" hai2="98,63,109,93,107,116,55,65,82,27,68,54,22" hai3="126,108,64,49,106,71,120,130,19,101,15,61,50"/><U57/><E119/><V129/><F129/><W90/><G120/><T79/><D127/><U32/><E3/><V111/><F116/><W42/><G126/><T58/><D135/><U11/><E78/><V102/><F82/><W38/><G130/><T91/><D69/><U133/><E133/><V0/><F0/><W23/><G38/><T7/><D91/><U44/><E32/><V73/><F73/><W97/><G90/><T10/><D95/><U124/><E30/><N who="2" m="17783" /><F107/><W52/><G42/><T41/><D10/><U21/><E124/><V99/><F99/><W104/><G50/><T46/><D41/><U16/><E59/><V5/><F5/><W121/><G121/><T77/><D47/><U85/><E6/><V89/><F102/><W70/><G70/><T31/><D79/><U1/><E17/><V28/><F28/><W14/><G106/><T76/><D77/><U20/><E20/><V112/><F112/><W35/><G35/><T118/><D24/><U88/><E100/><V86/><F86/><W66/><G66/><N who="0" m="39255" /><D31/><U134/><E134/><V131/><F131/><W36/><G36/><N who="0" m="21863" /><D29/><U67/><E44/><V72/><F72/><W114/><G114/><T125/><D125/><U96/><REACH who="1" step="1"/><E51/><REACH who="1" ten="360,240,293,97" step="2"/><V75/><F75/><W40/><G40/><T84/><D118/><U110/><E110/><AGARI ba="0,1" hai="54,55,63,65,68,89,93,98,109,110,111" m="17783" machi="110" ten="30,7700,0" yaku="14,1,52,3" doraHai="122" who="2" fromWho="1" sc="360,0,240,-77,293,87,97,0" /><INIT seed="2,0,0,2,5,59" ten="360,163,380,97" oya="2" hai0="47,114,64,31,24,108,83,40,60,16,30,98,13" hai1="109,17,10,53,65,82,18,127,99,8,43,56,39" hai2="3,132,117,42,69,78,9,133,7,34,111,105,93" hai3="76,33,85,81,77,48,4,115,2,121,87,123,49"/><V125/><F117/><W110/><G33/><T57/><D114/><U79/><E65/><V71/><F105/><W46/><G115/><T61/><D108/><U126/><E99/><V50/><F125/><W80/><G110/><T134/><D134/><N who="2" m="51818" /><F111/><W44/><G4/><T1/><D1/><U63/><E109/><V51/><F78/><W67/><G67/><T124/><D124/><N who="1" m="47659" /><E43/><V91/><F34/><W32/><G32/><T100/><D83/><U66/><E39/><V116/><F116/><W118/><G118/><T28/><D61/><N who="1" m="35983" /><E10/><V106/><F106/><W84/><G2/><T95/><D24/><U90/><E8/><V12/><F3/><W135/><G135/><T52/><D40/><U75/><E90/><V20/><F20/><W74/><G74/><T86/><D86/><U29/><E29/><V14/><F14/><W103/><G103/><T119/><D119/><U96/><E96/><N who="2" m="57407" /><F42/><W25/><G25/><T45/><D64/><U94/><E94/><V112/><F112/><W21/><G87/><T55/><D55/><U35/><E35/><V62/><F71/><AGARI ba="0,0" hai="17,18,63,66,71,75,79,82" m="35983,47659" machi="71" ten="30,3900,0" yaku="18,1,52,2" doraHai="59" who="1" fromWho="2" sc="360,0,163,39,380,-39,97,0" /><INIT seed="3,0,0,3,2,63" ten="360,202,341,97" oya="3" hai0="104,28,64,54,117,119,126,41,120,127,135,36,55" hai1="107,19,124,70,8,18,83,133,38,122,30,111,81" hai2="59,47,9,94,123,37,51,106,44,109,65,45,7" hai3="24,68,23,58,78,69,99,0,5,20,134,71,67"/><W27/><G134/><T12/><D104/><U29/><E122/><V115/><F109/><W93/><G78/><T116/><D28/><N who="1" m="10859" /><E107/><V97/><F115/><W40/><G40/><T22/><D64/><U88/><E70/><V49/><F106/><W103/><G5/><T25/><D25/><U77/><E38/><V75/><F75/><W89/><G0/><T50/><D135/><U112/><E112/><V56/><F123/><W26/><REACH who="3" step="1"/><G103/><REACH who="3" ten="360,202,341,87" step="2"/><T46/><D120/><U52/><E133/><V33/><F7/><W114/><G114/><T4/><D4/><U113/><E113/><V100/><F33/><W2/><G2/><T95/><D36/><U118/><E111/><V80/><F37/><W35/><G35/><T13/><D119/><U42/><E42/><V85/><F9/><W76/><G76/><T21/><D117/><U90/><E118/><V130/><F130/><W62/><AGARI ba="0,1" hai="20,23,24,26,27,58,62,67,68,69,71,89,93,99" machi="62" ten="40,7800,0" yaku="1,1,0,1,52,1,53,0" doraHai="63" doraHaiUra="72" who="3" fromWho="3" sc="360,-26,202,-26,341,-26,87,88" /><INIT seed="3,1,0,5,0,58" ten="334,176,315,175" oya="3" hai0="22,54,89,95,124,67,97,17,114,38,29,132,36" hai1="101,121,69,119,128,10,133,78,47,117,6,0,26" hai2="49,66,112,71,64,87,61,88,91,37,56,82,50" hai3="107,93,31,125,52,81,28,118,94,98,116,35,70"/><W103/><G125/><T27/><D67/><U76/><E121/><V15/><F37/><W134/><G134/><T5/><D5/><U34/><E69/><V46/><F112/><W113/><G113/><T122/><D114/><U33/><E101/><V24/><F71/><W135/><G135/><T59/><D124/><U62/><E62/><V120/><F120/><W30/><G35/><T102/><D132/><U127/><E133/><V55/><F24/><W74/><G70/><T2/><D2/><U130/><E127/><V8/><F50/><W105/><G105/><T73/><D73/><U23/><E47/><V13/><F91/><W18/><G18/><T42/><D42/><U123/><E76/><V1/><F1/><W131/><G131/><N who="1" m="50218" /><E78/><V90/><F90/><W39/><G39/><T92/><D29/><N who="1" m="17631" /><E123/><V104/><F104/><W115/><G115/><T86/><D122/><U75/><E75/><V14/><F8/><W44/><G74/><T83/><D83/><U41/><E41/><AGARI ba="1,0" hai="13,14,15,41,46,49,55,56,61,64,66,82,87,88" machi="41" ten="40,5200,0" yaku="8,1,52,1,54,1" doraHai="58" who="2" fromWho="1" sc="334,0,176,-55,315,55,175,0" owari="334,13.0,121,-38.0,370,47.0,175,-22.0" /></mjloggm>