<mjloggm ver="2.3"><GO type="169" lobby="0"/><UN n0="%6B%69%79%6F%6E%61%72%69" n1="%E3%83%88%E3%83%88%E3%83%AA%E5%85%88%E7%94%9F%31%39%E6%AD%B3" n2="%70%65%61%74%65%72" n3="%E3%81%93%E3%81%A3%E3%81%97%E3%83%BC" dan="16,18,16,16" rate="2076.45,2274.01,2131.19,2090.18" sx="M,F,M,M"/><TAIKYOKU oya="0"/><INIT seed="0,0,0,1,1,22" ten="250,250,250,250" oya="0" hai0="18,76,115,131,2,88,85,99,57,47,29,106,45" hai1="107,98,26,14,96,39,44,101,119,59,63,117,103" hai2="79,120,77,27,64,134,116,20,6,62,89,7,91" hai3="17,19,112,12,80,130,97,65,128,94,135,50,69"/><T132/><D115/><U71/><E71/><V92/><F134/><W13/><G135/><T129/><D132/><U9/><E44/><V8/><F116/><W4/><G80/><T32/><D2/><U125/><E39/><V124/><F124/><W73/><G73/><T5/><D5/><U109/><E109/><V66/><F120/><W21/><G4/><T95/><D18/><U100/><E125/><V25/><F20/><W102/><G69/><T23/><D32/><U83/><E83/><V58/><F8/><W122/><G65/><T3/><D3/><U78/><E78/><V118/><F118/><W126/><G122/><T35/><D35/><U46/><E46/><V75/><F75/><W121/><G121/><T93/><D106/><U61/><E103/><V86/><F86/><W42/><G112/><T0/><D0/><U53/><E63/><V11/><F11/><W113/><G113/><T111/><D57/><U54/><E54/><V24/><F92/><W37/><G37/><T38/><D111/><U31/><E14/><V90/><F66/><W48/><G126/><T56/><D56/><U123/><E9/><V104/><F104/><W36/><G36/><T70/><D70/><U72/><E72/><V105/><F105/><W1/><G1/><T74/><D74/><U40/><E123/><V108/><F108/><W33/><G33/><T43/><D47/><U114/><E114/><V60/><F60/><W67/><G67/><T82/><D95/><N who="1" m="58399" /><E119/><V16/><F16/><W110/><G110/><T15/><D29/><U127/><E117/><V51/><F51/><RYUUKYOKU ba="0,0" sc="250,15,250,-15,250,15,250,-15" hai0="15,23,38,43,45,76,82,85,88,93,99,129,131" hai2="6,7,24,25,27,58,62,64,77,79,89,90,91" /><INIT seed="0,1,0,1,1,126" ten="265,235,265,235" oya="0" hai0="89,106,26,29,41,87,19,42,34,50,122,65,74" hai1="130,83,115,1,18,127,78,104,52,32,48,4,103" hai2="69,117,22,12,45,80,5,113,107,37,94,14,125" hai3="98,49,110,112,105,120,102,133,111,55,30,53,51"/><T101/><D122/><U10/><E127/><V61/><F107/><W76/><G133/><T31/><D74/><U0/><E115/><V82/><F113/><W59/><G76/><T60/><D31/><U67/><E32/><V95/><F125/><W20/><G112/><T25/><D50/><U128/><E67/><V96/><F117/><W73/><G73/><T23/><D101/><U86/><E18/><V35/><F35/><W85/><G85/><T71/><REACH who="0" step="1"/><D106/><REACH who="0" ten="255,235,265,235" step="2"/><U75/><E75/><V57/><F37/><W9/><G120/><T123/><D123/><U121/><E121/><V16/><F69/><W56/><G30/><T90/><D90/><U77/><E77/><V7/><F45/><W84/><G49/><T88/><D88/><U40/><E40/><V100/><F94/><AGARI ba="1,1" hai="19,23,25,26,29,34,41,42,60,65,71,87,89,94" machi="94" ten="30,5800,0" yaku="1,1,7,1,53,1" doraHai="126" doraHaiUra="24" who="0" fromWho="2" sc="255,71,235,0,265,-61,235,0" /><INIT seed="0,2,0,4,3,77" ten="326,235,204,235" oya="0" hai0="64,4,91,12,52,116,119,33,82,7,72,40,125" hai1="3,23,80,68,43,83,132,35,8,112,39,66,131" hai2="5,121,2,6,31,47,93,32,78,27,133,96,42" hai3="61,62,124,16,126,98,71,88,129,102,84,90,101"/><T0/><D33/><U28/><E35/><V70/><F70/><W73/><G129/><T36/><D64/><U18/><E28/><V69/><F69/><W57/><G73/><T75/><D0/><U117/><E117/><V46/><F121/><W59/><G71/><T13/><D36/><U113/><E131/><V99/><F133/><W87/><G98/><T67/><D40/><U50/><E39/><V48/><F99/><W134/><REACH who="3" step="1"/><G16/><REACH who="3" ten="326,235,204,225" step="2"/><T114/><D116/><U38/><E68/><V128/><F128/><W24/><G24/><T107/><D119/><U109/><E18/><V15/><F5/><W81/><G81/><T106/><D82/><U127/><E83/><V100/><F6/><W123/><G123/><T63/><D7/><U25/><E80/><V89/><F2/><W79/><G79/><T110/><D4/><U76/><E3/><V118/><F15/><W37/><G37/><T20/><D13/><U65/><E38/><V17/><F118/><W29/><G29/><T103/><D12/><U10/><E76/><V60/><F17/><W26/><G26/><T122/><D122/><U45/><E25/><V120/><F120/><W130/><G130/><T49/><D75/><U30/><E30/><V55/><F78/><W58/><G58/><T22/><D72/><U9/><E8/><V94/><F96/><W1/><G1/><T14/><D14/><U111/><E10/><V105/><F27/><W74/><G74/><T53/><D22/><U104/><E23/><V19/><F31/><W108/><G108/><T51/><D110/><U86/><E111/><RYUUKYOKU ba="2,1" sc="326,-10,235,-10,204,-10,225,30" hai3="57,59,61,62,84,87,88,90,101,102,124,126,134" /><INIT seed="1,3,1,2,0,22" ten="316,225,194,255" oya="1" hai0="113,46,62,11,59,78,127,89,58,87,97,34,37" hai1="106,94,48,131,103,18,91,41,64,133,135,5,70" hai2="115,13,75,3,96,79,44,21,61,40,16,1,45" hai3="35,24,26,23,67,32,98,117,90,77,125,72,95"/><U49/><E131/><V104/><F115/><W63/><G125/><T54/><D113/><U71/><E5/><V50/><F79/><W7/><G7/><T108/><D108/><U83/><E106/><V47/><F75/><W86/><G72/><T114/><D114/><U134/><E103/><V111/><F111/><W39/><G39/><T101/><D34/><U53/><E83/><V52/><F61/><W129/><G129/><T85/><D127/><U2/><E2/><V25/><F104/><W74/><G74/><T121/><D11/><U81/><E81/><V66/><F66/><W102/><G77/><T126/><D126/><U80/><E80/><V69/><F69/><W93/><G117/><T38/><D121/><U19/><E41/><V99/><F47/><W123/><G123/><T119/><D46/><N who="1" m="27799" /><E49/><N who="2" m="26759" /><F1/><W116/><G116/><T42/><D42/><U76/><E76/><V68/><F68/><N who="1" m="26153" /><E64/><V20/><F3/><W31/><REACH who="3" step="1"/><G26/><REACH who="3" ten="316,225,194,245" step="2"/><T10/><D78/><U92/><E135/><V107/><F107/><W100/><G100/><T57/><D101/><U128/><E128/><V28/><AGARI ba="3,2" hai="13,16,20,21,25,28,45,50,52,96,99" m="26759" machi="28" ten="30,7900,0" yaku="8,1,52,1,54,2" doraHai="22" who="2" fromWho="2" sc="316,-23,225,-42,194,108,245,-23" /><INIT seed="2,0,0,0,5,39" ten="293,183,302,222" oya="2" hai0="104,52,41,6,46,18,43,123,26,115,35,29,56" hai1="23,48,113,25,27,67,127,69,36,125,85,133,99" hai2="62,77,109,92,60,11,116,66,0,75,98,91,63" hai3="9,93,90,95,21,68,134,80,73,58,13,83,45"/><V30/><F116/><W121/><G134/><T86/><D123/><U105/><E113/><V122/><F122/><W1/><G68/><T78/><D115/><U10/><E36/><V117/><F117/><W16/><G73/><T81/><D104/><U70/><E133/><V118/><F118/><W49/><G58/><T44/><D6/><U24/><E23/><V132/><F30/><W135/><G121/><T108/><D108/><U126/><E67/><V82/><F132/><W100/><G135/><T34/><D34/><U55/><E10/><V20/><F20/><W71/><G71/><T28/><D18/><U57/><REACH who="1" step="1"/><E85/><REACH who="1" ten="293,173,302,222" step="2"/><V88/><F109/><W97/><G21/><T19/><D86/><U33/><E33/><V84/><F66/><W101/><G1/><T129/><D35/><U42/><E42/><V17/><F0/><W102/><REACH who="3" step="1"/><G95/><REACH who="3" ten="293,173,302,212" step="2"/><T107/><D107/><U22/><E22/><V61/><F75/><W38/><G38/><T74/><D74/><U7/><E7/><V64/><F64/><W111/><G111/><T112/><D112/><U3/><E3/><V114/><F114/><W12/><G12/><T32/><D32/><U96/><E96/><V128/><F98/><W94/><G94/><T8/><D29/><U14/><E14/><V110/><F92/><W47/><G47/><T40/><D46/><U65/><E65/><V103/><F110/><W131/><G131/><T72/><D44/><U130/><E130/><V51/><F128/><W59/><G59/><T76/><D129/><U87/><E87/><V15/><N who="2" m="15360" /><DORA hai="5" /><V31/><F15/><RYUUKYOKU ba="0,2" sc="293,-15,173,15,302,-15,212,15" hai1="24,25,27,48,55,57,69,70,99,105,125,126,127" hai3="9,13,16,45,49,80,83,90,93,97,100,101,102" /><INIT seed="3,1,2,3,1,60" ten="278,188,287,227" oya="3" hai0="121,46,3,18,30,1,86,7,2,0,5,24,9" hai1="135,119,25,69,110,90,84,72,16,41,74,42,49" hai2="134,93,133,75,107,47,63,118,10,66,54,61,67" hai3="131,23,6,89,82,88,17,101,15,123,51,27,26"/><W40/><G131/><T109/><D46/><N who="1" m="25807" /><E74/><V120/><F107/><W48/><G101/><T129/><D86/><U127/><E72/><V38/><F75/><W22/><G123/><T29/><D121/><U112/><E69/><V70/><F120/><W31/><G40/><T12/><D129/><U130/><E42/><N who="2" m="22999" /><F10/><N who="3" m="4567" /><G82/><T37/><D37/><U79/><E79/><V115/><F93/><W102/><G102/><T78/><D78/><U44/><E44/><V126/><F118/><W103/><G103/><T34/><D109/><U33/><E130/><V94/><F94/><W13/><G13/><T43/><D43/><U128/><E112/><V117/><F117/><W58/><G58/><T20/><REACH who="0" step="1"/><D30/><REACH who="0" ten="268,188,287,227" step="2"/><U57/><E128/><V52/><F115/><W114/><G114/><T8/><AGARI ba="1,3" hai="0,1,2,3,5,7,8,9,12,18,20,24,29,34" machi="8" ten="30,24000,4" yaku="1,1,2,1,0,1,9,1,24,2,35,6,53,0" doraHai="60" doraHaiUra="76" who="0" fromWho="0" sc="268,273,188,-61,287,-61,227,-121" /><INIT seed="4,0,0,0,1,52" ten="541,127,226,106" oya="0" hai0="8,58,14,78,69,6,72,89,90,114,96,18,40" hai1="30,55,28,98,51,104,64,77,20,105,67,44,16" hai2="129,11,79,47,85,63,100,22,12,43,54,88,46" hai3="32,35,125,21,111,92,73,83,93,123,133,24,95"/><T81/><D69/><U115/><E115/><V113/><F113/><W15/><G111/><T86/><D114/><U48/><E77/><V107/><F79/><W36/><G36/><T122/><D122/><U87/><E87/><V4/><F129/><W121/><G133/><T97/><D40/><N who="1" m="24583" /><E105/><V134/><F134/><W29/><G125/><T94/><D89/><U124/><E98/><V74/><F74/><W130/><G130/><T71/><D71/><U19/><E104/><V62/><F100/><W27/><G15/><T84/><D72/><U116/><E116/><V99/><F99/><W112/><G112/><T49/><REACH who="0" step="1"/><D6/><REACH who="0" ten="531,127,226,106" step="2"/><U70/><E70/><V80/><F43/><W23/><G73/><T119/><D119/><U26/><E124/><V7/><F4/><W9/><G123/><T39/><D39/><U75/><E75/><V50/><F107/><W59/><G121/><T132/><D132/><U57/><E19/><V117/><F117/><W61/><G29/><AGARI ba="0,1" hai="16,20,26,28,29,30,51,55,57,64,67" m="24583" machi="29" ten="30,3900,0" yaku="8,1,52,1,54,1" doraHai="52" who="1" fromWho="3" sc="531,0,127,49,226,0,106,-39" /><INIT seed="5,0,0,5,1,1" ten="531,176,226,67" oya="1" hai0="42,66,100,31,50,76,93,117,101,33,13,128,34" hai1="135,68,23,15,64,30,43,105,19,5,124,38,95" hai2="122,123,55,86,106,119,77,97,134,75,32,29,9" hai3="36,53,63,52,14,129,126,73,27,7,80,94,3"/><U22/><E105/><V89/><F55/><W18/><G36/><T11/><D117/><U133/><E124/><V131/><F29/><W112/><G126/><T104/><D104/><U84/><E68/><V37/><F32/><W110/><G110/><T72/><D66/><U56/><E38/><V74/><F37/><W121/><G121/><T51/><D72/><U17/><E43/><V116/><F9/><W35/><G112/><T12/><D76/><U0/><E30/><V98/><F134/><N who="1" m="51209" /><E56/><V113/><F131/><W85/><G73/><N who="2" m="27657" /><F77/><N who="3" m="46223" /><G129/><T46/><D31/><U25/><E64/><V111/><F111/><W69/><G69/><T109/><D42/><U65/><E65/><V59/><F59/><W125/><G125/><T10/><D109/><U92/><E84/><V57/><F57/><W102/><G63/><T130/><D93/><N who="1" m="35915" /><E0/><V70/><F70/><W115/><G35/><T8/><D8/><N who="1" m="4495" /><E25/><V78/><F106/><W47/><G3/><T60/><D60/><U48/><E48/><V114/><F123/><W28/><G28/><T62/><D62/><U26/><E26/><V81/><F122/><W21/><G47/><AGARI ba="0,0" hai="10,11,12,13,33,34,46,47,50,51,100,101,128,130" machi="47" ten="25,1600,0" yaku="22,2" doraHai="1" who="0" fromWho="3" sc="531,16,176,0,226,0,67,-16" /><INIT seed="6,0,0,1,1,31" ten="547,176,226,51" oya="2" hai0="116,73,17,106,84,15,93,124,20,134,75,98,21" hai1="33,130,24,67,58,96,65,109,110,56,16,103,95" hai2="59,0,37,30,32,9,50,117,27,77,135,76,126" hai3="114,132,1,94,54,51,26,22,40,122,19,52,46"/><V90/><F117/><W120/><G1/><T118/><D134/><U12/><E130/><V91/><F37/><W82/><G132/><T38/><D124/><U105/><E105/><V5/><F135/><W8/><G114/><T104/><D38/><U78/><E78/><V87/><F126/><W131/><G131/><T89/><D21/><U72/><E72/><N who="0" m="27721" /><D84/><U39/><E39/><V113/><F113/><W53/><G82/><T57/><D57/><U25/><E110/><V36/><F36/><W63/><G8/><T35/><D35/><U86/><E109/><V101/><F101/><W85/><REACH who="3" step="1"/><G63/><REACH who="3" ten="547,176,226,41" step="2"/><T6/><D116/><U13/><E67/><V2/><F0/><W81/><G81/><T49/><D118/><U127/><E65/><V4/><F2/><W43/><G43/><T108/><D108/><U107/><E127/><V62/><F9/><W45/><G45/><T41/><D41/><U111/><E111/><V68/><F62/><W115/><G115/><T97/><D106/><U112/><E112/><V70/><F4/><W55/><N who="3" m="13824" /><DORA hai="3" /><W42/><G42/><T10/><D104/><U14/><E107/><V121/><F5/><W129/><G129/><T7/><D10/><U80/><E80/><V18/><F121/><W125/><G125/><T88/><D7/><U34/><E95/><V29/><F50/><W71/><G71/><T64/><D6/><U79/><E56/><V133/><F133/><W74/><G74/><T119/><D49/><U23/><E58/><V47/><F70/><W66/><G66/><T99/><D64/><U61/><E61/><RYUUKYOKU ba="0,1" sc="547,-10,176,-10,226,-10,41,30" hai3="19,22,26,40,46,51,85,94,120,122" /><INIT seed="7,1,1,3,0,29" ten="537,166,216,71" oya="3" hai0="77,124,109,9,67,107,39,69,56,116,44,94,30" hai1="134,101,8,131,104,50,73,57,95,46,63,55,10" hai2="78,72,90,117,122,84,125,18,49,111,61,42,87" hai3="19,129,103,1,13,130,43,112,121,5,110,74,92"/><W68/><G68/><T113/><D109/><U120/><E120/><V51/><F111/><W89/><G74/><T106/><D107/><U16/><E73/><V114/><F72/><W127/><G110/><T135/><D106/><U82/><E104/><V26/><F117/><W48/><G103/><T36/><D69/><U25/><E131/><N who="3" m="50186" /><G121/><T123/><D123/><U54/><E134/><V85/><F78/><W31/><G31/><T60/><D77/><U75/><E75/><V70/><F122/><W24/><G24/><T33/><D30/><U80/><E10/><V91/><F70/><W102/><G102/><T97/><D9/><U62/><E62/><V47/><F61/><W118/><G118/><T71/><D60/><U7/><E7/><V126/><F51/><W88/><G127/><N who="2" m="48649" /><F114/><W28/><G28/><T79/><D71/><U58/><E58/><V81/><F81/><W35/><G35/><T37/><D56/><U99/><E25/><V2/><F2/><W11/><G112/><T93/><D33/><U98/><E98/><V86/><N who="2" m="21504" /><DORA hai="20" /><V6/><F6/><W4/><G92/><T45/><D94/><U66/><E66/><V22/><AGARI ba="1,1" hai="18,22,26,42,47,49,90,91" m="21504,48649" machi="22" ten="50,3200,0" yaku="18,1,52,1" doraHai="29,20" who="2" fromWho="2" sc="537,-9,166,-9,216,45,71,-17" owari="528,63.0,157,-24.0,261,6.0,54,-45.0" /></mjloggm>