<mjloggm ver="2.3"><GO type="169" lobby="0"/><UN n0="%73%68%61%70%65%6C%65%72" n1="%E3%82%A6%E3%83%AB%E3%83%88%E3%83%A9%E7%AB%8B%E7%9B%B4" n2="%E4%B8%89%E8%89%B2%E5%90%8C%E5%88%BB%E2%98%86" n3="%E5%87%9B%E5%AE%99" dan="16,17,17,16" rate="2140.41,2200.93,2151.09,2024.89" sx="M,M,M,M"/><TAIKYOKU oya="0"/><INIT seed="0,0,0,1,3,87" ten="250,250,250,250" oya="0" hai0="60,34,25,109,8,55,13,100,105,22,133,66,129" hai1="115,67,110,64,63,9,89,59,6,116,131,99,43" hai2="45,18,10,113,122,94,24,3,126,56,95,84,93" hai3="65,123,106,101,83,33,119,49,135,98,5,27,29"/><T81/><D34/><U91/><E116/><V58/><F122/><W19/><G119/><T130/><D55/><U72/><E72/><V36/><F113/><W88/><G135/><T86/><D133/><U102/><E115/><V134/><F134/><W46/><G123/><T96/><D109/><U85/><E110/><V1/><F126/><W20/><G5/><T76/><D13/><U47/><E85/><V104/><F104/><W90/><G83/><T16/><REACH who="0" step="1"/><D8/><REACH who="0" ten="240,250,250,250" step="2"/><U21/><E21/><N who="2" m="13367" /><F10/><W78/><G65/><T121/><D121/><U4/><E67/><V82/><F3/><W40/><G78/><T68/><AGARI ba="0,1" hai="16,22,25,60,66,68,76,81,86,96,100,105,129,130" machi="68" ten="30,11700,0" yaku="1,1,0,1,54,1,53,1" doraHai="87" doraHaiUra="17" who="0" fromWho="0" sc="240,127,250,-39,250,-39,250,-39" /><INIT seed="0,1,0,5,1,53" ten="367,211,211,211" oya="0" hai0="31,21,58,96,133,105,82,86,35,84,30,131,20" hai1="61,57,29,9,116,27,124,107,77,109,50,123,112" hai2="41,128,33,100,15,90,110,28,134,93,26,122,87" hai3="54,115,7,0,101,1,23,14,130,102,119,18,13"/><T80/><D35/><U76/><E107/><V111/><F122/><W125/><G115/><T117/><D117/><U108/><E123/><V11/><F128/><W60/><G119/><T47/><D131/><U81/><E116/><V45/><F100/><W16/><G125/><T38/><D105/><U44/><E9/><V17/><REACH who="2" step="1"/><F134/><REACH who="2" ten="367,211,201,211" step="2"/><W22/><G130/><T129/><D129/><U40/><E112/><V120/><F120/><W126/><G126/><T113/><D133/><U46/><E124/><V98/><F98/><W72/><G102/><T104/><D96/><U32/><E109/><V25/><F25/><W43/><G101/><T83/><D113/><U3/><E108/><V91/><F91/><W62/><G7/><T95/><D104/><U66/><E3/><V67/><F67/><W78/><G0/><T121/><D121/><U92/><E92/><V36/><AGARI ba="1,1" hai="11,15,17,26,28,33,36,41,45,87,90,93,110,111" machi="36" ten="30,4000,0" yaku="1,1,0,1,53,1" doraHai="53" doraHaiUra="4" who="2" fromWho="2" sc="367,-21,211,-11,201,53,211,-11" /><INIT seed="1,0,0,1,3,78" ten="346,200,254,200" oya="1" hai0="120,43,119,110,61,15,117,124,52,107,95,86,116" hai1="67,3,28,46,33,10,32,34,103,13,48,97,88" hai2="36,41,132,24,40,37,58,57,96,77,12,112,55" hai3="90,21,109,60,53,23,47,129,91,16,105,20,72"/><U49/><E3/><V71/><F71/><W5/><G109/><T17/><D107/><U0/><E0/><V29/><F132/><W45/><G105/><T22/><D110/><U87/><E67/><V102/><F112/><W108/><G108/><T26/><D43/><U94/><E28/><V89/><F57/><W76/><G129/><T6/><D120/><U84/><E46/><V66/><F66/><W39/><G5/><T111/><D111/><U68/><E68/><V135/><F37/><W62/><G39/><T31/><D6/><U63/><E63/><N who="3" m="24106" /><G72/><T27/><D27/><U106/><REACH who="1" step="1"/><E87/><REACH who="1" ten="346,190,254,200" step="2"/><V125/><F135/><W133/><G133/><T59/><D124/><U2/><E2/><V131/><F29/><W130/><G130/><T54/><D119/><U44/><E44/><V64/><F125/><W100/><G100/><T30/><D117/><U70/><E70/><V74/><F64/><W98/><G98/><T85/><D116/><U14/><E14/><V50/><F102/><W115/><G115/><T51/><D85/><U18/><AGARI ba="0,1" hai="10,13,18,32,33,34,48,49,84,88,94,97,103,106" machi="18" ten="30,6000,0" yaku="1,1,0,1,54,1,53,0" doraHai="78" doraHaiUra="122" who="1" fromWho="1" sc="346,-20,190,70,254,-20,200,-20" /><INIT seed="1,1,0,4,3,16" ten="326,260,234,180" oya="1" hai0="91,61,27,28,87,45,98,74,11,90,131,42,94" hai1="36,43,32,122,41,132,21,57,114,60,8,6,82" hai2="19,33,89,9,30,103,35,108,129,97,71,22,105" hai3="34,1,69,5,92,58,102,88,80,20,93,18,77"/><U115/><E32/><V86/><F86/><BYE who="2" /><W26/><G26/><T53/><D74/><U73/><E122/><V124/><F124/><W31/><G31/><T99/><D131/><U66/><E132/><V7/><F7/><W24/><G24/><T96/><D11/><U14/><E73/><V85/><F85/><W62/><G62/><T37/><D53/><U120/><E120/><V15/><F15/><W116/><G116/><T130/><D61/><U112/><E82/><V44/><F44/><W3/><G3/><T118/><D130/><U51/><E36/><V111/><F111/><W47/><G47/><T107/><D118/><U63/><E51/><UN n2="%E4%B8%89%E8%89%B2%E5%90%8C%E5%88%BB%E2%98%86" /><V59/><F71/><W95/><G95/><T65/><D65/><U52/><REACH who="1" step="1"/><E21/><REACH who="1" ten="326,250,234,180" step="2"/><V72/><F33/><W125/><G125/><T101/><D91/><U56/><AGARI ba="1,1" hai="6,8,14,41,43,52,56,57,60,63,66,112,114,115" machi="56" ten="40,12000,1" yaku="1,1,2,1,0,1,54,1,53,1" doraHai="16" doraHaiUra="2" who="1" fromWho="1" sc="326,-41,250,133,234,-41,180,-41" /><INIT seed="1,2,0,3,2,72" ten="285,383,193,139" oya="1" hai0="16,108,70,133,43,11,114,65,132,33,62,122,125" hai1="100,35,130,118,1,54,71,119,80,121,76,101,110" hai2="94,68,19,40,74,7,23,77,17,47,46,109,58" hai3="24,59,49,13,30,69,123,78,32,14,106,44,116"/><U22/><E35/><V104/><F68/><W87/><G87/><T103/><D33/><U4/><E71/><V96/><F104/><W120/><G120/><T66/><D66/><U61/><E121/><V9/><F58/><W51/><G51/><T128/><D122/><U29/><E130/><V67/><F67/><W113/><G113/><T107/><D114/><U34/><E34/><V73/><F73/><W6/><G6/><T135/><D128/><U127/><E127/><V98/><F109/><W105/><G105/><T10/><D108/><U25/><E110/><V89/><F98/><W95/><G95/><T20/><D43/><U18/><E4/><V81/><F23/><W38/><G38/><T92/><D107/><U112/><E1/><N who="2" m="239" /><F47/><W27/><G27/><N who="0" m="14727" /><D125/><U42/><E42/><V37/><AGARI ba="2,0" hai="17,19,37,40,46,74,77,81,89,94,96" m="239" machi="37" ten="30,2000,0" yaku="25,1,52,1" doraHai="72" who="2" fromWho="2" sc="285,-7,383,-12,193,26,139,-7" /><INIT seed="2,0,0,4,2,12" ten="278,371,219,132" oya="2" hai0="24,79,46,96,95,87,108,35,115,113,4,98,71" hai1="49,126,1,37,34,8,31,77,134,78,85,66,120" hai2="23,47,60,97,122,104,40,56,132,20,50,33,18" hai3="29,62,81,119,5,65,106,22,135,102,67,16,25"/><V41/><F33/><W3/><G3/><T59/><D71/><U105/><E37/><V17/><F122/><W27/><G27/><T131/><D4/><U0/><E105/><V133/><F104/><W83/><G83/><T116/><D116/><U100/><E100/><V11/><F11/><W118/><G118/><T54/><D131/><U68/><E68/><V38/><F97/><W51/><G51/><T117/><D117/><U44/><E85/><V53/><F38/><W86/><G86/><T63/><D108/><U74/><E74/><V69/><F69/><W127/><G127/><T82/><D98/><U99/><E99/><V91/><F91/><W129/><G129/><T58/><D58/><U21/><E126/><V48/><F50/><W92/><G92/><T14/><D14/><U124/><E49/><V128/><F41/><W84/><G84/><T76/><D46/><U9/><E44/><V6/><F6/><W26/><G26/><T36/><D79/><U32/><E124/><V101/><F101/><W55/><G55/><T75/><D75/><U52/><E77/><V121/><F121/><W39/><G39/><T125/><D36/><U70/><E78/><V89/><F89/><W123/><G123/><T94/><D125/><U72/><E70/><V90/><F90/><W130/><G130/><T61/><D95/><U93/><E0/><V110/><F110/><W57/><G57/><N who="0" m="34999" /><D94/><U114/><E1/><V88/><F88/><W13/><G13/><T107/><D96/><U42/><E120/><V15/><F128/><W111/><G111/><T103/><D107/><RYUUKYOKU ba="0,0" sc="278,-10,371,-10,219,30,132,-10" hai2="15,17,18,20,23,40,47,48,53,56,60,132,133" /><INIT seed="2,1,0,5,2,31" ten="268,361,249,122" oya="2" hai0="93,113,122,58,19,114,63,89,131,74,43,8,56" hai1="2,118,24,127,123,35,84,46,30,52,13,110,47" hai2="0,87,68,49,88,119,45,59,112,86,18,66,82" hai3="3,40,21,62,15,29,95,36,70,48,85,37,11"/><V41/><F112/><W101/><G101/><T91/><D74/><U107/><E107/><V16/><F68/><W33/><G33/><T39/><D122/><U23/><E118/><V105/><F0/><W100/><G100/><T55/><D131/><U104/><E104/><V12/><F105/><W50/><G50/><T44/><D89/><U6/><E84/><N who="2" m="50199" /><F119/><W111/><G111/><T72/><D72/><U60/><E110/><V96/><F96/><W130/><G130/><T129/><D129/><U32/><E32/><V61/><F18/><W106/><G106/><T7/><D56/><N who="1" m="34823" /><E123/><V51/><F49/><W134/><G134/><T108/><D19/><N who="1" m="10735" /><E127/><V103/><F103/><W92/><G92/><T67/><D108/><U27/><E27/><V120/><F120/><W14/><G14/><T128/><D128/><U124/><E124/><V73/><F73/><W69/><G69/><T126/><D126/><U94/><E94/><V42/><F42/><W78/><G78/><T116/><D116/><U125/><E125/><V9/><AGARI ba="1,0" hai="9,12,16,41,45,51,59,61,66,86,87" m="50199" machi="9" ten="30,6000,0" yaku="8,1,54,2" doraHai="31" who="2" fromWho="2" sc="268,-21,361,-21,249,63,122,-21" /><INIT seed="2,2,0,4,4,20" ten="247,340,312,101" oya="2" hai0="97,108,114,121,115,96,41,67,5,75,76,88,7" hai1="12,80,40,45,18,2,22,35,24,130,6,100,93" hai2="103,71,112,70,104,107,43,13,17,81,69,61,65" hai3="113,52,127,128,30,55,42,10,120,0,79,1,77"/><V66/><F112/><W44/><G44/><T60/><D121/><U9/><E80/><V26/><F43/><W89/><G89/><T110/><D41/><U31/><E130/><V86/><F26/><W84/><G84/><T27/><D76/><U39/><E93/><V15/><F13/><W4/><G4/><N who="0" m="1611" /><D75/><U106/><E100/><V117/><F117/><W91/><G91/><T68/><D27/><U116/><E106/><V129/><F129/><W28/><G28/><T109/><D88/><U132/><E132/><V58/><F66/><W92/><G92/><T102/><D97/><U124/><E124/><V78/><REACH who="2" step="1"/><F103/><REACH who="2" ten="247,340,302,101" step="2"/><W49/><G49/><T64/><D64/><U33/><E116/><V62/><F62/><W119/><G119/><T122/><D122/><U135/><E135/><V25/><F25/><W36/><G36/><T72/><D72/><U94/><E94/><AGARI ba="2,1" hai="60,67,68,94,96,102,108,109,110,114,115" m="1611" machi="94" ten="30,1000,0" yaku="14,1" doraHai="20" who="0" fromWho="1" sc="247,26,340,-16,302,0,101,0" /><INIT seed="3,0,0,1,4,29" ten="273,324,302,101" oya="3" hai0="79,127,74,130,20,120,14,32,85,9,88,111,16" hai1="92,1,110,46,37,19,8,115,2,22,82,38,54" hai2="43,31,102,132,71,104,83,100,113,125,97,3,65" hai3="12,23,134,7,90,58,89,21,93,116,62,0,44"/><W77/><G77/><T53/><D120/><U76/><E115/><V99/><F113/><W86/><G86/><T40/><D32/><U64/><E64/><V5/><F132/><W60/><G60/><T48/><D130/><U114/><E114/><V118/><F118/><W73/><G73/><T24/><D127/><U52/><E92/><V123/><F123/><W117/><G117/><T81/><D40/><U36/><E46/><V59/><F125/><W91/><G91/><T80/><D111/><U128/><E128/><V87/><F43/><W131/><G131/><T17/><D74/><U47/><E47/><V27/><F5/><W103/><G103/><T124/><D124/><U72/><E110/><V112/><F3/><W108/><G108/><T6/><D79/><U96/><E96/><N who="2" m="61511" /><F59/><W18/><G18/><N who="0" m="12311" /><D80/><U101/><E101/><V56/><F56/><AGARI ba="0,0" hai="6,9,14,16,17,48,53,56,81,85,88" m="12311" machi="56" ten="30,3900,0" yaku="8,1,54,2" doraHai="29" who="0" fromWho="2" sc="273,39,324,0,302,-39,101,0" /><INIT seed="4,0,0,0,0,130" ten="312,324,263,101" oya="0" hai0="111,32,18,108,123,13,15,71,17,132,59,44,67" hai1="102,107,90,92,103,78,112,35,76,54,2,84,26" hai2="31,127,62,37,36,80,51,34,63,14,104,129,1" hai3="42,74,69,133,53,70,57,20,83,5,66,110,114"/><T48/><D32/><U58/><E2/><V88/><F1/><W97/><G97/><T27/><BYE who="3" /><D71/><U46/><E46/><V106/><F129/><W122/><G122/><T89/><D123/><U33/><E33/><V49/><F34/><W82/><G82/><T41/><D132/><U109/><E109/><N who="0" m="42057" /><D89/><U121/><E121/><V135/><F80/><W43/><G43/><T9/><D27/><U50/><E112/><V117/><F88/><W23/><G23/><N who="0" m="11695" /><D59/><U131/><E131/><V45/><F14/><W11/><G11/><T79/><D67/><U77/><REACH who="1" step="1"/><E107/><REACH who="1" ten="312,314,263,101" step="2"/><V134/><F45/><W12/><G12/><T118/><D118/><U94/><E94/><V65/><F117/><W39/><G39/><T119/><D119/><U28/><AGARI ba="0,1" hai="26,28,35,50,54,58,76,77,78,84,90,92,102,103" machi="28" ten="30,2000,0" yaku="1,1,0,1,53,0" doraHai="130" doraHaiUra="8" who="1" fromWho="1" sc="312,-10,314,30,263,-5,101,-5" /><INIT seed="5,0,0,1,5,130" ten="302,344,258,96" oya="1" hai0="21,10,53,106,117,49,90,23,74,31,39,62,83" hai1="8,55,102,50,70,82,12,29,63,111,93,118,14" hai2="108,59,112,40,45,116,35,38,126,99,103,94,44" hai3="24,97,6,78,110,58,105,73,19,87,33,52,95"/><U46/><E118/><V77/><F116/><W113/><G113/><T132/><D39/><U26/><E111/><V114/><F108/><W30/><G30/><T69/><D106/><U13/><E82/><V134/><F35/><W129/><G129/><T7/><D117/><U123/><E123/><V66/><F126/><W25/><G25/><T84/><D74/><U43/><E70/><V92/><F77/><W54/><G54/><T124/><D124/><U67/><E67/><V125/><F125/><W60/><G60/><T34/><D34/><U15/><E15/><V17/><F44/><W122/><G122/><T42/><D31/><U57/><E93/><V127/><F127/><W100/><G100/><T98/><D42/><U91/><E91/><V20/><F94/><W101/><G101/><T119/><D98/><U79/><E79/><V56/><F66/><W89/><G89/><T41/><D41/><U135/><E102/><V68/><F68/><W76/><G76/><T80/><D80/><U104/><E104/><V36/><F36/><W48/><G48/><T32/><D32/><U75/><E75/><V65/><F65/><W47/><G47/><N who="0" m="27839" /><D119/><U72/><E72/><V121/><F121/><W1/><G1/><N who="0" m="367" /><D62/><U11/><E11/><V61/><F61/><W133/><G133/><T109/><D132/><U22/><REACH who="1" step="1"/><E135/><REACH who="1" ten="302,334,258,96" step="2"/><V131/><F134/><W81/><G81/><T27/><D109/><U2/><E2/><V71/><F71/><W64/><G64/><T16/><D69/><U120/><E120/><V115/><F131/><W51/><G51/><T18/><D27/><AGARI ba="0,1" hai="17,20,27,38,40,45,56,59,92,99,103,112,114,115" machi="27" ten="40,5200,0" yaku="6,1,15,1,11,1" doraHai="130" who="2" fromWho="0" sc="302,-52,334,0,258,62,96,0" /><INIT seed="6,0,0,3,1,112" ten="250,334,320,96" oya="2" hai0="31,51,42,57,48,127,119,18,54,60,24,88,7" hai1="28,59,128,108,6,40,43,80,17,84,116,85,71" hai2="133,130,104,36,78,68,9,26,134,65,46,103,125" hai3="23,30,45,77,120,58,72,82,100,12,115,52,2"/><V75/><F130/><W83/><G83/><T114/><D114/><U21/><E71/><V109/><F125/><W89/><G89/><T49/><D127/><U132/><E108/><V41/><F109/><W61/><G61/><T20/><D119/><U93/><E116/><V91/><F91/><W0/><G0/><T121/><D121/><U98/><E6/><V101/><F9/><W4/><G4/><T29/><D7/><U74/><E74/><V70/><F26/><W22/><G22/><T3/><D3/><U38/><E38/><V117/><F117/><W34/><G34/><T107/><D107/><U73/><E73/><V66/><F70/><W96/><G96/><T63/><D42/><U126/><E28/><V55/><F55/><W86/><G86/><N who="1" m="33386" /><E80/><N who="2" m="45151" /><F68/><W8/><G8/><T131/><D131/><U33/><E33/><V44/><F46/><W106/><G106/><T124/><D124/><U95/><E126/><V56/><F56/><W87/><G87/><T92/><D60/><U90/><E128/><V16/><F16/><W50/><G50/><T27/><D27/><N who="1" m="14767" /><E95/><V14/><F14/><W39/><G39/><T122/><D122/><U79/><E79/><V97/><F103/><W81/><G81/><T19/><D19/><U67/><E132/><AGARI ba="0,0" hai="36,41,44,65,66,97,101,104,132,133,134" m="45151" machi="132" ten="30,1500,0" yaku="20,1" doraHai="112" who="2" fromWho="1" sc="250,0,334,-15,320,15,96,0" /><INIT seed="6,1,0,1,2,4" ten="250,319,335,96" oya="2" hai0="43,40,111,124,11,2,134,79,129,135,74,114,45" hai1="36,69,101,49,131,3,76,88,64,121,84,53,102" hai2="120,78,46,104,68,67,90,112,100,86,13,47,117" hai3="35,93,26,24,119,107,108,23,63,32,58,61,96"/><V33/><F117/><W77/><G77/><T80/><D43/><U105/><E3/><V44/><F78/><W73/><G73/><T122/><D122/><U21/><E36/><V42/><F33/><W12/><G12/><T1/><D111/><U19/><E76/><V37/><F120/><W15/><G15/><T51/><D114/><U109/><E109/><V125/><F112/><W118/><G118/><T50/><D129/><U113/><E131/><V91/><F125/><W18/><G18/><T92/><D124/><U39/><E39/><V126/><F91/><W7/><G7/><N who="0" m="1519" /><D2/><U8/><E105/><V55/><F55/><W103/><G103/><N who="1" m="39434" /><E69/><V99/><F126/><W62/><G62/><T30/><D92/><N who="1" m="54279" /><E64/><V16/><F67/><W41/><G41/><T89/><D89/><U48/><E121/><V54/><F54/><W115/><G115/><T132/><D30/><U22/><E113/><V57/><F57/><W72/><G72/><T25/><D25/><U10/><E49/><AGARI ba="1,0" hai="40,45,49,50,51,74,79,80,132,134,135" m="1519" machi="49" ten="30,2000,0" yaku="20,1,52,1" doraHai="4" who="0" fromWho="1" sc="250,23,319,-23,335,0,96,0" /><INIT seed="7,0,0,0,4,62" ten="273,296,335,96" oya="3" hai0="57,1,121,17,8,131,73,39,29,91,21,2,32" hai1="68,5,41,126,0,24,98,6,116,128,102,50,124" hai2="100,134,135,35,117,22,30,81,133,112,118,114,105" hai3="96,45,110,69,10,83,64,4,16,111,120,43,20"/><W14/><G14/><T92/><D73/><U109/><E109/><V99/><F35/><W71/><G71/><T49/><D39/><U61/><E128/><V76/><F30/><W80/><G80/><T37/><D37/><U94/><E116/><N who="2" m="44651" /><F22/><W125/><G125/><N who="1" m="48234" /><E24/><V90/><F90/><W7/><G7/><N who="1" m="2570" /><E0/><V78/><F78/><W34/><G34/><T127/><D8/><U107/><E107/><V56/><F56/><W88/><G88/><T129/><D29/><U123/><E123/><V58/><F58/><W130/><G130/><T101/><D101/><U9/><E9/><V75/><AGARI ba="0,0" hai="75,76,81,99,100,105,112,114,133,134,135" m="44651" machi="75" ten="40,8000,1" yaku="20,1,23,1,34,2" doraHai="62" who="2" fromWho="2" sc="273,-20,296,-20,335,80,96,-40" owari="253,-15.0,276,8.0,415,51.0,56,-44.0" /></mjloggm>