<mjloggm ver="2.3"><GO type="169" lobby="0"/><UN n0="%6C%69%6C%6C%61%6D%6D%6D" n1="%66%75%6A%69%32%32%39" n2="%65%6E%6B%61%69%73%6D" n3="%E3%83%88%E3%83%88%E3%83%AA%E5%85%88%E7%94%9F%31%39%E6%AD%B3" dan="16,17,16,18" rate="2061.73,2139.10,2117.58,2215.13" sx="M,M,M,F"/><TAIKYOKU oya="0"/><INIT seed="0,0,0,5,4,98" ten="250,250,250,250" oya="0" hai0="111,58,12,19,67,117,77,99,1,10,42,103,44" hai1="18,55,13,126,26,48,30,115,22,79,35,85,94" hai2="23,21,81,34,89,113,29,92,63,87,65,80,76" hai3="17,62,40,49,121,129,2,46,9,43,25,75,84"/><T31/><D117/><U132/><E126/><V11/><F113/><W123/><G75/><T127/><D127/><U27/><E132/><V74/><F11/><W33/><G129/><T91/><D111/><U104/><E104/><V110/><F110/><W70/><G43/><T71/><D71/><U41/><E41/><V56/><REACH who="2" step="1"/><F81/><REACH who="2" ten="250,250,240,250" step="2"/><W120/><G9/><T38/><D10/><U16/><E115/><V95/><F95/><W28/><G121/><T5/><D38/><U15/><E94/><V78/><F78/><W125/><G125/><T57/><D77/><U66/><E79/><V7/><F7/><W3/><G123/><T68/><D5/><U122/><E122/><V86/><F86/><W134/><G84/><T51/><D99/><U100/><E85/><V73/><F73/><W133/><G120/><T118/><D118/><U54/><E66/><V83/><F83/><W82/><G82/><T24/><D67/><U59/><E55/><V61/><F61/><W105/><G134/><T53/><D53/><U108/><E108/><V52/><F52/><W124/><G133/><T50/><D42/><U130/><E130/><V102/><F102/><W135/><G135/><T90/><D103/><U36/><E100/><V131/><F131/><W8/><G124/><T106/><D106/><U47/><E36/><V32/><F32/><W4/><G105/><T20/><D91/><U112/><E112/><V116/><F116/><W6/><G6/><T107/><D90/><U39/><E39/><V96/><F96/><W0/><G4/><T101/><D107/><U69/><E35/><RYUUKYOKU ba="0,1" sc="250,-10,250,-10,240,30,250,-10" hai2="21,23,29,34,56,63,65,74,76,80,87,89,92" /><INIT seed="1,1,1,0,5,35" ten="240,240,270,240" oya="1" hai0="67,51,117,63,65,133,6,11,86,43,76,85,96" hai1="38,27,12,41,135,71,106,56,58,34,100,78,17" hai2="49,93,62,50,59,15,109,23,39,13,18,24,110" hai3="112,5,111,92,28,64,118,22,1,20,114,128,119"/><U40/><E78/><V0/><F39/><W83/><G64/><T90/><D117/><N who="3" m="44553" /><G83/><T73/><D133/><U124/><E124/><V120/><F120/><W91/><G111/><N who="2" m="42505" /><F0/><W122/><G122/><T52/><D43/><U129/><E71/><V57/><F93/><W7/><G128/><T113/><D113/><N who="3" m="43625" /><G28/><T68/><D65/><U44/><E129/><V107/><F107/><W95/><G95/><T3/><D96/><U45/><E106/><V47/><F50/><W105/><G105/><T9/><D90/><U37/><E100/><V8/><F62/><W98/><G5/><T21/><D11/><AGARI ba="1,1" hai="1,7,11,20,22,91,92,98" m="43625,44553" machi="11" ten="30,2000,0" yaku="12,1,52,1" doraHai="35" who="3" fromWho="0" sc="240,-23,240,0,270,0,240,33" /><INIT seed="2,0,0,2,4,70" ten="217,240,270,273" oya="2" hai0="74,12,86,104,64,50,32,56,110,24,46,102,44" hai1="131,18,114,4,67,95,94,40,23,120,3,49,76" hai2="118,121,107,98,85,66,7,135,29,26,103,87,15" hai3="84,97,75,57,69,81,38,134,16,5,36,108,33"/><V59/><F121/><W25/><G69/><T17/><D74/><U52/><E114/><V115/><F115/><W6/><G75/><T9/><D110/><U128/><E67/><V30/><F118/><W11/><G108/><T106/><D86/><U31/><E31/><V88/><F135/><W8/><G134/><T100/><D106/><U91/><E76/><V80/><F85/><W0/><G97/><T124/><D124/><U2/><E40/><V19/><F7/><W127/><G127/><T129/><D129/><N who="1" m="49739" /><E4/><V22/><REACH who="2" step="1"/><F26/><REACH who="2" ten="217,240,260,273" step="2"/><W39/><G84/><T41/><D24/><N who="1" m="14455" /><E120/><V73/><F73/><W1/><G81/><T61/><D104/><U45/><E95/><V96/><F96/><AGARI ba="0,1" hai="2,3,45,49,52,91,94,96" m="14455,49739" machi="96" ten="30,2000,0" yaku="19,1,54,1" doraHai="70" who="1" fromWho="2" sc="217,0,240,30,260,-20,273,0" /><INIT seed="3,0,0,5,4,119" ten="217,270,240,273" oya="3" hai0="10,112,74,133,42,72,134,106,57,34,131,122,61" hai1="26,62,27,29,83,2,56,18,107,115,71,75,129" hai2="85,45,30,52,127,90,16,55,49,100,111,58,116" hai3="113,99,67,96,81,46,108,32,118,20,23,86,73"/><W117/><G113/><T76/><D112/><U82/><E2/><V123/><F116/><W22/><G32/><T68/><D34/><U4/><E4/><V120/><F111/><W69/><G73/><T84/><D106/><U40/><E40/><V121/><F127/><W9/><G108/><T132/><D131/><U38/><E38/><V14/><F30/><W1/><G117/><T51/><D68/><U44/><E44/><V35/><F35/><W24/><G118/><T77/><D122/><U53/><E71/><V12/><F100/><W41/><G24/><T63/><D10/><U66/><E66/><V89/><F12/><W92/><G92/><T64/><D61/><U103/><E26/><V33/><F33/><W43/><G43/><T15/><D15/><U98/><E75/><N who="0" m="28713" /><D84/><U95/><E107/><V101/><F85/><W19/><G67/><T114/><D114/><U60/><E60/><N who="2" m="35911" /><F101/><W88/><G69/><T128/><D128/><U126/><E129/><V110/><F110/><W125/><G125/><T105/><D105/><U78/><E115/><V39/><F39/><W130/><G130/><T109/><D109/><U0/><E126/><V31/><F31/><W97/><G1/><T3/><D3/><U36/><E0/><V91/><F91/><W5/><G5/><T135/><N who="0" m="33792" /><DORA hai="94" /><T17/><D17/><U102/><E18/><V7/><F7/><W79/><G19/><T25/><D25/><U59/><E27/><V48/><F48/><N who="3" m="26703" /><G88/><T70/><D70/><U11/><E36/><V80/><F80/><W65/><G65/><T54/><D64/><RYUUKYOKU ba="0,0" sc="217,10,270,-30,240,10,273,10" hai0="42,51,54,57,63,76,77" hai2="14,16,45,49,55,89,90,120,121,123" hai3="9,20,22,23,79,81,86,96,97,99" /><INIT seed="3,1,0,0,4,90" ten="227,240,250,283" oya="3" hai0="116,6,88,101,23,76,72,125,14,124,98,65,56" hai1="37,54,128,66,5,95,130,26,67,32,24,97,9" hai2="41,107,86,73,21,75,52,7,50,60,0,13,46" hai3="80,59,82,96,83,104,132,93,126,63,135,48,45"/><W4/><G104/><T85/><D116/><U89/><E37/><V27/><F107/><W111/><G4/><T20/><D76/><U57/><E67/><V55/><F0/><W36/><G36/><T123/><D72/><U109/><E66/><V127/><F127/><N who="0" m="48714" /><D123/><U87/><E109/><V40/><F75/><W33/><G33/><T15/><D65/><U108/><E108/><V120/><F73/><W103/><G111/><T49/><D56/><U79/><E79/><V133/><F133/><N who="3" m="51275" /><G126/><T102/><D49/><N who="1" m="30927" /><E32/><V129/><F129/><N who="1" m="49769" /><E97/><V12/><F120/><W53/><G45/><T38/><D38/><U11/><E11/><N who="2" m="4223" /><F86/><W74/><G74/><T110/><D110/><U68/><E68/><V131/><F131/><W117/><G117/><T31/><D98/><U8/><E8/><V42/><F13/><AGARI ba="1,0" hai="5,9,13,24,26,87,89,95" m="49769,30927" machi="13" ten="30,2000,0" yaku="19,1,52,1" doraHai="90" who="1" fromWho="2" sc="227,0,240,23,250,-23,283,0" /><INIT seed="4,0,0,5,3,38" ten="227,263,227,283" oya="0" hai0="48,109,122,47,11,89,94,131,5,25,17,126,135" hai1="100,13,123,7,121,80,79,29,37,111,3,118,58" hai2="9,45,15,68,84,128,107,30,77,93,81,132,97" hai3="120,103,108,85,41,33,73,95,75,0,112,18,10"/><T129/><D122/><U62/><E111/><V28/><F132/><W105/><G108/><T40/><D109/><U56/><E56/><V43/><F128/><N who="0" m="49226" /><D135/><U69/><E29/><V42/><F68/><W83/><G33/><T22/><D126/><U14/><E69/><V34/><F107/><W60/><G105/><T90/><D94/><U54/><E118/><V6/><F34/><W117/><G117/><T31/><D31/><N who="2" m="11818" /><F45/><W59/><G112/><T119/><D119/><U78/><E100/><AGARI ba="0,0" hai="6,9,15,42,43,77,81,84,93,97,100" m="11818" machi="100" ten="30,3900,0" yaku="8,1,52,2" doraHai="38" who="2" fromWho="1" sc="227,0,263,-39,227,39,283,0" /><INIT seed="5,0,0,5,5,36" ten="227,224,266,283" oya="1" hai0="131,37,27,109,83,3,133,5,100,132,108,102,2" hai1="101,89,10,39,111,80,34,72,97,57,95,65,24" hai2="45,74,86,61,135,105,29,93,69,66,25,21,130" hai3="30,51,92,6,118,8,112,44,82,12,70,121,129"/><U0/><E39/><V33/><F105/><W67/><G121/><T19/><D131/><U54/><E65/><V125/><F74/><W18/><G129/><T46/><D83/><U48/><E111/><N who="0" m="42569" /><D37/><U79/><E101/><V106/><F125/><W4/><G112/><T9/><D46/><U13/><E0/><V14/><F135/><N who="0" m="51786" /><D2/><U43/><E43/><V115/><F130/><W38/><G38/><T76/><D76/><U99/><E24/><V96/><F115/><W124/><G124/><T16/><D27/><U60/><E34/><V88/><F45/><W113/><G113/><T56/><D56/><U114/><E114/><V15/><F21/><W59/><G82/><T23/><D23/><U53/><E99/><V55/><F55/><W117/><G59/><T116/><D116/><U26/><E26/><V20/><F20/><W63/><G117/><T62/><D62/><U71/><E71/><V123/><F123/><W31/><G118/><T17/><AGARI ba="0,0" hai="3,5,9,16,17,19,100,102" m="51786,42569" machi="17" ten="40,2700,0" yaku="20,1,54,1" doraHai="36" who="0" fromWho="0" sc="227,27,224,-13,266,-7,283,-7" /><INIT seed="6,0,0,2,1,73" ten="254,211,259,276" oya="2" hai0="135,61,67,42,116,65,125,52,83,39,118,120,115" hai1="51,127,62,121,50,129,33,70,36,7,74,47,56" hai2="119,78,11,9,107,3,124,110,6,82,81,23,91" hai3="66,37,46,63,111,102,89,75,5,113,21,100,64"/><V24/><F107/><W27/><G111/><T99/><D120/><U92/><E33/><V112/><F110/><W17/><G113/><T114/><D99/><U79/><E70/><V77/><F112/><N who="0" m="43050" /><D83/><N who="1" m="45559" /><E92/><V128/><F119/><N who="0" m="45610" /><D125/><U8/><E129/><V58/><F124/><W134/><G75/><T10/><D135/><U60/><E127/><V15/><F128/><W12/><G134/><T131/><D131/><U16/><E16/><V49/><F82/><W106/><G17/><T35/><D35/><U22/><E22/><V44/><F81/><W25/><G21/><T80/><D10/><U28/><E28/><V123/><F9/><W94/><G102/><T108/><D80/><U126/><E126/><V18/><F18/><W0/><G100/><T14/><D14/><U95/><E95/><V19/><F15/><W30/><G12/><T117/><D108/><U38/><E121/><V71/><F123/><W109/><G109/><T45/><D117/><U20/><E20/><V84/><F19/><W72/><G72/><T26/><D26/><U103/><E103/><V32/><F24/><N who="3" m="9291" /><G30/><T96/><D96/><U86/><E86/><V2/><F23/><W130/><G130/><T87/><D87/><U57/><E8/><V29/><F29/><W43/><G94/><T97/><D97/><U68/><E7/><V69/><F32/><W48/><G5/><T101/><D101/><U4/><E4/><V40/><F2/><W122/><G0/><T13/><D13/><U133/><E133/><V31/><F31/><W54/><G106/><T59/><AGARI ba="0,0" hai="39,42,45,52,59,61,65,67" m="45610,43050" machi="59" ten="40,8000,1" yaku="15,1,12,1,34,2,54,1" doraHai="73" who="0" fromWho="0" sc="254,80,211,-20,259,-40,276,-20" /><INIT seed="7,0,0,4,1,93" ten="334,191,219,256" oya="3" hai0="68,32,116,77,88,37,41,40,23,28,21,27,15" hai1="56,3,86,81,87,47,43,89,97,83,85,24,25" hai2="54,60,99,94,105,91,16,62,20,71,33,104,64" hai3="111,22,31,14,55,13,84,82,96,69,120,5,2"/><W129/><G55/><T10/><D77/><U80/><E3/><V51/><F33/><W29/><G69/><T121/><D68/><U117/><E117/><V126/><F126/><W72/><G72/><T18/><D37/><U123/><E123/><V127/><F127/><W74/><G74/><T113/><D116/><U0/><E0/><V70/><F70/><W36/><G14/><T109/><D109/><U11/><E11/><V114/><F114/><W42/><G22/><T38/><D38/><U102/><E56/><N who="2" m="34839" /><F51/><W100/><G2/><T8/><D40/><U112/><E112/><V45/><F45/><W107/><G42/><T50/><D50/><U134/><E134/><V26/><AGARI ba="0,0" hai="16,20,26,62,64,71,91,94,99,104,105" m="34839" machi="26" ten="30,4000,0" yaku="25,1,52,1,54,1" doraHai="93" who="2" fromWho="2" sc="334,-10,191,-10,219,40,256,-20" owari="324,42.0,181,-32.0,259,6.0,236,-16.0" /></mjloggm>