<mjloggm ver="2.3"><GO type="97" lobby="0"/><UN n0="%E5%B0%B1%E6%B4%BB%E7%94%9F%40%E5%B7%9D%E6%9D%91%E8%BB%8D%E5%9B%A3" n1="%6B%73%6B%6F%68%6A%69" n2="%E6%B3%A2%E4%B9%97%E3%82%8A%E9%B5%9C" n3="%E3%82%A8%E3%82%A2%E3%83%AD%E3%83%A0%E3%82%B9%E3%82%AF" dan="15,14,14,14" rate="2015.57,1923.09,1923.33,1933.29" sx="M,M,M,M"/><TAIKYOKU oya="0"/><INIT seed="0,0,0,2,3,36" ten="250,250,250,250" oya="0" hai0="41,25,111,79,49,69,61,39,132,97,55,99,98" hai1="31,29,72,60,125,28,13,7,23,44,116,130,102" hai2="80,35,100,107,22,85,2,118,58,21,53,129,50" hai3="87,26,15,1,65,32,19,11,92,76,123,88,128"/><T9/><D132/><U78/><E116/><V48/><F2/><W127/><G128/><T37/><D111/><U96/><E130/><V43/><F129/><W104/><G104/><T51/><D79/><U17/><E125/><V122/><F35/><W101/><G127/><T4/><D25/><U119/><E119/><V8/><F122/><W30/><G65/><T81/><D81/><U105/><E72/><V42/><F8/><W73/><G101/><T71/><D51/><N who="2" m="19498" /><F100/><W46/><G76/><T20/><D20/><N who="2" m="7786" /><F107/><W45/><G73/><T75/><D75/><U74/><E74/><V34/><F34/><W113/><G113/><T24/><D24/><U114/><E78/><N who="2" m="46231" /><F118/><W27/><G123/><T56/><D71/><U57/><E114/><V90/><F90/><W95/><G26/><T67/><REACH who="0" step="1"/><D41/><REACH who="0" ten="240,250,250,250" step="2"/><U38/><E38/><V94/><F94/><W108/><G108/><T109/><D109/><U63/><E44/><V16/><F42/><W121/><G121/><T91/><D91/><U131/><E131/><V89/><F43/><W133/><G133/><T115/><D115/><U40/><E40/><V47/><F89/><W6/><G92/><T86/><D86/><U135/><E135/><V93/><F47/><W12/><G46/><T14/><AGARI ba="0,1" hai="4,9,14,37,39,49,55,56,61,67,69,97,98,99" machi="14" ten="30,3000,0" yaku="1,1,0,1,53,0" doraHai="36" doraHaiUra="33" who="0" fromWho="0" sc="240,40,250,-10,250,-10,250,-10" /><INIT seed="0,1,0,1,3,103" ten="280,240,240,240" oya="0" hai0="74,112,113,23,68,58,2,3,117,50,85,15,116" hai1="20,109,82,122,134,12,5,104,27,21,57,46,62" hai2="7,34,49,41,8,29,31,25,128,36,87,4,24" hai3="39,114,37,127,69,90,120,135,77,100,125,22,84"/><T126/><D68/><U42/><E122/><V11/><F36/><W67/><G114/><N who="0" m="44139" /><D85/><U81/><E134/><V65/><F65/><W30/><G100/><T88/><D58/><U73/><E109/><V95/><F128/><W13/><G135/><T99/><D74/><U106/><E73/><V89/><F41/><W121/><G77/><T118/><D50/><U98/><E20/><V44/><F44/><W91/><G91/><T97/><D88/><U14/><E5/><V60/><F60/><N who="3" m="40167" /><G37/><T123/><D123/><U93/><E82/><V70/><F70/><W38/><G38/><T35/><D35/><U61/><E81/><V9/><REACH who="2" step="1"/><F49/><REACH who="2" ten="280,240,230,240" step="2"/><W80/><G39/><T115/><D115/><U119/><E42/><V130/><F130/><W124/><G121/><T10/><D118/><U43/><E119/><V78/><F78/><W76/><G120/><T51/><D117/><U0/><E43/><V33/><AGARI ba="1,1" hai="4,7,8,9,11,24,25,29,31,33,34,87,89,95" machi="33" ten="30,8000,1" yaku="1,1,0,1,9,1,53,2" doraHai="103" doraHaiUra="1" who="2" fromWho="2" sc="280,-41,240,-21,230,93,240,-21" /><INIT seed="1,0,0,5,1,66" ten="239,219,323,219" oya="1" hai0="103,135,16,107,36,131,51,86,23,42,20,63,117" hai1="35,89,1,18,97,102,47,12,9,38,74,122,125" hai2="43,11,13,24,53,19,37,67,0,73,98,71,82" hai3="45,132,75,108,7,69,21,101,76,114,4,59,25"/><U50/><E122/><V55/><F98/><W100/><G114/><T8/><D36/><U14/><E38/><V70/><F67/><W27/><G108/><T116/><D131/><U87/><E74/><V119/><F119/><W31/><G132/><T112/><D112/><U123/><E35/><V134/><F24/><W46/><G69/><N who="2" m="26121" /><F134/><W26/><G75/><T54/><D135/><U29/><E1/><V106/><F106/><W127/><G76/><T3/><D3/><U52/><E123/><V99/><F99/><W34/><G59/><T109/><D109/><U44/><E125/><V64/><F64/><W2/><G127/><T91/><D103/><U94/><E29/><V128/><F19/><W85/><G26/><T28/><D107/><U129/><E129/><V68/><F13/><W93/><G27/><T61/><D28/><U17/><E47/><N who="2" m="24047" /><F128/><W115/><G31/><T48/><D117/><U57/><E44/><V39/><F68/><W5/><G2/><T83/><D42/><U118/><E118/><V77/><F39/><W88/><G34/><T40/><D40/><U113/><E113/><V30/><F30/><N who="3" m="17711" /><G115/><T96/><D51/><U110/><E110/><V133/><F133/><W15/><G15/><N who="1" m="5674" /><E9/><V111/><F111/><W124/><G45/><N who="0" m="27919" /><D8/><U32/><E32/><V22/><F22/><N who="0" m="8234" /><D16/><N who="1" m="6251" /><E87/><V81/><F81/><W84/><G46/><T6/><D116/><U10/><E10/><V60/><F60/><N who="0" m="23114" /><D96/><U95/><E95/><V79/><F79/><W41/><G93/><T90/><D6/><AGARI ba="0,0" hai="0,6,11,53,55,73,77,82" m="24047,26121" machi="6" ten="30,7700,0" yaku="25,1,52,3" doraHai="66" who="2" fromWho="0" sc="239,-77,219,0,323,77,219,0" /><INIT seed="2,0,0,5,5,112" ten="162,219,400,219" oya="2" hai0="58,60,94,14,96,129,57,27,105,23,45,86,71" hai1="125,39,61,101,33,81,132,83,6,19,120,69,95" hai2="37,70,72,66,4,99,59,46,121,82,63,77,107" hai3="103,9,108,127,135,122,91,65,54,123,104,85,106"/><V44/><F121/><W110/><G65/><T84/><D129/><U38/><E33/><V22/><F59/><W0/><G54/><T128/><D105/><N who="3" m="40553" /><G127/><T119/><D128/><U3/><E125/><V80/><F80/><N who="3" m="49575" /><G103/><T133/><D133/><U15/><E132/><V31/><F4/><N who="3" m="1159" /><G135/><T97/><D71/><U42/><E120/><V115/><F115/><W29/><G29/><T75/><D75/><U117/><E117/><V56/><F70/><W18/><G18/><T26/><D45/><U2/><E2/><V50/><F37/><W88/><G88/><T8/><D119/><U5/><E38/><V48/><F107/><W67/><G67/><T53/><D58/><U1/><E1/><V13/><F46/><W7/><G7/><N who="1" m="2570" /><E39/><V24/><F44/><W109/><AGARI ba="0,0" hai="108,109,110,122,123" m="1159,49575,40553" machi="109" ten="40,1500,0" yaku="14,1" doraHai="112" who="3" fromWho="3" sc="162,-4,219,-4,400,-7,219,15" /><INIT seed="3,0,0,5,5,60" ten="158,215,393,234" oya="3" hai0="32,84,92,10,57,96,74,64,28,8,93,67,68" hai1="131,91,90,112,35,66,94,31,111,7,49,116,14" hai2="69,29,3,75,101,44,9,118,51,72,36,85,59" hai3="134,5,46,30,113,2,83,16,55,40,17,12,73"/><W23/><G113/><T110/><D74/><U80/><E112/><V106/><F118/><W133/><G30/><T123/><D123/><U89/><E116/><V18/><F36/><W117/><G117/><T56/><D68/><U114/><E114/><V20/><F69/><W19/><G55/><T37/><D110/><U128/><E111/><V103/><F29/><W124/><G124/><T107/><D107/><U45/><E80/><V79/><F75/><W62/><G62/><T130/><D37/><U132/><E132/><V38/><F106/><W108/><G2/><T6/><D28/><U61/><E31/><V15/><F59/><N who="0" m="22602" /><D32/><U65/><E35/><V42/><F72/><W26/><G108/><T104/><D104/><U21/><E61/><V1/><F38/><W88/><G73/><T39/><D39/><U81/><E81/><N who="2" m="47295" /><F3/><W129/><G5/><T41/><D41/><N who="1" m="24751" /><E94/><N who="0" m="36457" /><D130/><N who="1" m="49707" /><E7/><N who="2" m="3519" /><F1/><W78/><G129/><T82/><D96/><U127/><E127/><V25/><AGARI ba="0,0" hai="18,20,25,42,44,51,101,103" m="3519,47295" machi="25" ten="30,2000,0" yaku="25,1,8,1" doraHai="60" who="2" fromWho="2" sc="158,-5,215,-5,393,20,234,-10" owari="153,-35.0,210,-19.0,413,52.0,224,2.0" /></mjloggm>