<mjloggm ver="2.3"><GO type="169" lobby="0"/><UN n0="%E3%83%8A%E3%83%A9" n1="%E8%A3%8F%E6%8A%95%E3%81%92%E4%B8%80%E6%9C%AC" n2="%E3%83%95%E3%83%AA%E3%83%BC%E3%82%B6%E6%A7%98" n3="%E5%B0%B1%E6%B4%BB%E7%94%9F%40%E5%B7%9D%E6%9D%91%E8%BB%8D%E5%9B%A3" dan="16,16,16,16" rate="2119.62,2113.77,2127.26,2067.69" sx="M,M,M,M"/><TAIKYOKU oya="0"/><INIT seed="0,0,0,5,4,89" ten="250,250,250,250" oya="0" hai0="50,91,100,2,51,106,129,53,24,82,70,113,119" hai1="56,32,67,38,66,96,42,101,0,135,33,130,80" hai2="116,110,95,55,15,52,59,5,126,115,4,11,6" hai3="14,72,112,76,34,41,65,26,86,1,124,87,57"/><T43/><D113/><U132/><E0/><V104/><F115/><W114/><G1/><T60/><D2/><U37/><E80/><V20/><F104/><W123/><G123/><T94/><D119/><U108/><E108/><V73/><F110/><W118/><G72/><T39/><D129/><U49/><E130/><V23/><F73/><W18/><G41/><T97/><D82/><U7/><E7/><N who="2" m="2635" /><F116/><W62/><G124/><T77/><D77/><U27/><E27/><V12/><F126/><W58/><G118/><T63/><D24/><U128/><E128/><V79/><F79/><W19/><G76/><T36/><D70/><U111/><E111/><V85/><F15/><W120/><G120/><T9/><D39/><U99/><E49/><N who="2" m="31119" /><F55/><W64/><G26/><T48/><D36/><U84/><E84/><V71/><F71/><W102/><G14/><T122/><D53/><U13/><E13/><V16/><N who="2" m="2643" /><V133/><DORA hai="45" /><F133/><W68/><G68/><T69/><D69/><U93/><E42/><V29/><F29/><W46/><G34/><T74/><D74/><U22/><E101/><V8/><F11/><W28/><G102/><T78/><D122/><U83/><E33/><V98/><F85/><W54/><G28/><T40/><D78/><U31/><E32/><V90/><AGARI ba="0,0" hai="8,12,16,20,23,90,95,98" m="31119,2643" machi="90" ten="30,8000,1" yaku="8,1,52,2,54,2" doraHai="89,45" who="2" fromWho="2" sc="250,-40,250,-20,250,80,250,-20" /><INIT seed="1,0,0,4,4,64" ten="210,230,330,230" oya="1" hai0="83,17,21,0,73,24,82,33,134,118,104,67,94" hai1="14,112,99,35,20,105,120,48,23,1,63,79,78" hai2="130,76,97,32,95,124,11,55,91,98,8,16,115" hai3="123,92,9,42,54,43,57,28,6,106,131,47,12"/><U52/><E112/><V87/><F32/><W25/><G106/><T85/><D118/><U125/><E120/><V2/><F115/><W60/><G131/><T117/><D117/><U41/><E35/><V107/><F130/><W40/><G123/><T81/><D104/><U22/><E1/><V58/><F124/><W110/><G110/><T96/><D0/><U66/><E41/><V51/><F107/><W77/><G77/><T100/><D134/><U29/><E125/><V113/><F113/><W34/><REACH who="3" step="1"/><G92/><REACH who="3" ten="210,230,330,220" step="2"/><T50/><D94/><U84/><E79/><V133/><F76/><W72/><G72/><T18/><D73/><U90/><E78/><V38/><F95/><W103/><G103/><T116/><D116/><U80/><E105/><V56/><F133/><W4/><G4/><T101/><D101/><U26/><E99/><V10/><F98/><W74/><G74/><T68/><D96/><U135/><E135/><V46/><F97/><W53/><G53/><T119/><D100/><U108/><E108/><V111/><F55/><W45/><AGARI ba="0,1" hai="6,9,12,25,28,34,40,42,43,45,47,54,57,60" machi="45" ten="30,4000,0" yaku="1,1,0,1,53,1" doraHai="64" doraHaiUra="7" who="3" fromWho="3" sc="210,-10,230,-20,330,-10,220,50" /><INIT seed="2,0,0,5,5,3" ten="200,210,320,270" oya="2" hai0="6,86,1,106,115,62,5,47,19,7,8,101,135" hai1="22,65,41,77,102,114,127,69,26,10,124,87,15" hai2="17,20,37,113,99,91,61,118,105,75,76,125,123" hai3="54,85,32,70,131,84,130,48,90,29,50,112,83"/><V103/><F37/><W13/><G70/><T39/><D115/><U57/><E114/><V68/><F113/><W72/><G72/><T25/><D135/><U94/><E69/><V71/><F118/><W126/><G126/><N who="1" m="48170" /><E41/><V98/><F125/><W55/><G112/><T43/><D62/><N who="1" m="38095" /><E77/><V89/><F123/><W78/><G29/><T28/><D19/><U45/><E45/><V134/><F134/><W18/><G32/><T108/><D108/><U121/><E121/><V88/><F98/><W95/><G50/><T59/><D59/><U16/><E87/><V74/><F76/><W11/><REACH who="3" step="1"/><G48/><REACH who="3" ten="200,210,320,260" step="2"/><T122/><D122/><U129/><E129/><AGARI ba="0,1" hai="11,13,18,54,55,78,83,84,85,90,95,129,130,131" machi="129" ten="40,5200,0" yaku="1,1,2,1,19,1,53,0" doraHai="3" doraHaiUra="111" who="3" fromWho="1" sc="200,0,210,-52,320,0,260,62" /><INIT seed="3,0,0,5,3,43" ten="200,158,320,322" oya="3" hai0="35,39,49,31,18,36,121,46,60,11,67,111,41" hai1="80,104,87,12,97,112,0,109,22,29,40,119,77" hai2="86,94,33,105,79,16,44,62,91,83,72,135,85" hai3="82,96,75,71,27,50,1,28,8,54,123,45,95"/><W103/><G123/><T116/><D116/><U10/><E109/><V21/><F33/><W134/><G71/><T117/><D117/><U20/><E112/><V81/><F135/><W132/><G1/><T126/><D121/><U100/><E0/><V6/><F105/><W57/><G8/><T26/><D111/><U88/><E119/><V34/><F34/><W69/><G69/><T55/><D126/><U89/><E40/><V131/><F131/><W101/><G101/><T51/><D18/><U14/><E29/><V93/><F6/><W73/><G82/><T4/><D51/><U120/><E120/><V130/><F130/><W125/><G125/><T25/><D25/><U5/><E12/><N who="2" m="9351" /><F72/><W90/><G90/><T47/><D39/><U65/><E65/><V106/><F106/><W13/><G13/><T59/><REACH who="0" step="1"/><D11/><REACH who="0" ten="190,158,320,322" step="2"/><U133/><E133/><V63/><F63/><W66/><G134/><T19/><D19/><U114/><E114/><V92/><F62/><N who="3" m="38223" /><G132/><T68/><D68/><U98/><E98/><V108/><F108/><W52/><G73/><T48/><D48/><U56/><E56/><V3/><F3/><W84/><G75/><T61/><D61/><U113/><E113/><V102/><F102/><W30/><G84/><T124/><D124/><U64/><E64/><V99/><F99/><W127/><G127/><T37/><D37/><U128/><E128/><V78/><F78/><W115/><G115/><T32/><D32/><U24/><E97/><V9/><F9/><W17/><G17/><T58/><D58/><U38/><E38/><V118/><F118/><RYUUKYOKU ba="0,1" sc="190,15,158,-15,320,15,322,-15" hai0="4,26,31,35,36,41,46,47,49,55,59,60,67" hai2="44,79,81,83,85,86,91,92,93,94" /><INIT seed="4,1,1,0,4,5" ten="205,143,335,307" oya="0" hai0="51,73,31,135,104,93,75,84,125,32,127,15,87" hai1="133,42,72,23,52,62,85,8,117,38,11,113,61" hai2="3,18,119,107,2,124,7,0,76,91,46,80,35" hai3="88,58,27,100,105,65,25,112,55,114,64,60,16"/><T92/><D104/><U83/><E117/><V26/><F107/><W98/><G25/><N who="0" m="18543" /><D15/><U19/><E72/><N who="0" m="27721" /><D51/><U70/><E38/><V71/><F91/><W111/><G111/><T33/><D33/><U36/><E36/><V103/><F35/><W1/><G1/><T45/><D45/><U86/><E42/><V120/><F46/><W4/><G4/><T56/><D56/><N who="1" m="34951" /><E133/><V128/><F3/><W121/><G121/><T48/><D48/><U24/><E113/><N who="3" m="43626" /><G88/><T44/><D44/><U78/><E70/><V118/><F71/><W17/><G27/><T13/><D13/><U79/><E62/><V130/><F2/><W47/><G47/><T30/><D135/><U110/><E110/><V57/><F0/><W94/><G105/><T12/><D12/><U122/><E122/><V74/><F120/><W126/><G126/><N who="0" m="48139" /><D30/><U10/><E86/><AGARI ba="1,1" hai="84,86,87,92,93" m="48139,27721,18543" machi="86" ten="30,1500,0" yaku="18,1" doraHai="5" who="0" fromWho="1" sc="205,28,143,-18,335,0,307,0" /><INIT seed="4,2,0,4,1,135" ten="233,125,335,307" oya="0" hai0="0,91,103,95,48,26,90,7,18,85,71,38,63" hai1="84,86,107,34,118,60,55,40,56,98,77,123,3" hai2="92,6,134,65,58,129,99,109,1,64,105,111,13" hai3="8,102,54,69,74,101,20,4,17,10,2,39,124"/><T36/><D103/><U83/><E118/><V5/><F105/><W41/><G69/><T130/><D130/><U11/><E123/><V106/><F106/><W72/><G10/><T89/><D48/><U79/><E34/><V110/><F1/><W94/><G54/><T116/><D116/><U31/><E31/><V120/><F120/><W62/><G62/><T119/><D119/><U68/><E68/><V23/><F134/><W67/><G67/><T51/><D51/><U112/><E40/><V22/><F129/><W122/><G122/><T33/><D90/><U73/><E11/><V46/><F46/><W100/><G94/><T88/><D89/><U75/><E3/><V21/><F13/><W57/><G57/><T16/><D7/><U104/><E112/><V19/><F19/><W49/><G49/><T47/><D0/><U80/><REACH who="1" step="1"/><E98/><REACH who="1" ten="233,115,335,307" step="2"/><V78/><F99/><W117/><G117/><T35/><D35/><U25/><E25/><V30/><F30/><W37/><G41/><T24/><D33/><U52/><E52/><V108/><F108/><W61/><G8/><T114/><D71/><U28/><E28/><V12/><F110/><W43/><G43/><T133/><D114/><U15/><E15/><V125/><F12/><W97/><G2/><T44/><D133/><U82/><E82/><V53/><F53/><W113/><G113/><T50/><D26/><U128/><E128/><V127/><F111/><W42/><G42/><T70/><D24/><U59/><E59/><V66/><F109/><W87/><G97/><N who="0" m="57575" /><D70/><U29/><E29/><V76/><F58/><RYUUKYOKU ba="2,1" sc="233,-10,115,30,335,-10,307,-10" hai1="55,56,60,73,75,77,79,80,83,84,86,104,107" /><INIT seed="5,3,1,2,4,69" ten="223,145,325,297" oya="1" hai0="58,106,123,68,40,72,104,87,29,30,49,25,97" hai1="91,77,4,62,112,67,34,84,28,133,12,17,20" hai2="99,110,52,0,82,19,22,98,130,61,85,115,5" hai3="31,113,101,75,35,111,6,48,105,45,73,51,32"/><U126/><E77/><V24/><F110/><W131/><G111/><T80/><D68/><U118/><E118/><V109/><F109/><W23/><G6/><T96/><D72/><U71/><E112/><V21/><F115/><W18/><G51/><T7/><D123/><U114/><E114/><V117/><F117/><W44/><G44/><T108/><D108/><U95/><E133/><V66/><F130/><W42/><G113/><T37/><D7/><U93/><E126/><V10/><F22/><W60/><G31/><T78/><D37/><U90/><E4/><V46/><F66/><W94/><G105/><T129/><D30/><U2/><E2/><V54/><F54/><W63/><G131/><T1/><D1/><U122/><E122/><V13/><F0/><W107/><G107/><T79/><D79/><U33/><REACH who="1" step="1"/><E28/><REACH who="1" ten="223,135,325,297" step="2"/><V88/><F5/><W102/><G75/><T128/><D128/><U53/><E53/><V92/><F52/><W57/><G73/><T81/><D129/><U74/><E74/><V3/><F3/><W120/><G120/><T121/><D121/><U26/><E26/><V124/><F24/><W59/><G60/><T9/><D29/><U76/><E76/><V86/><F61/><W47/><G63/><T56/><D25/><U36/><E36/><V14/><F124/><W64/><G64/><T103/><D78/><U89/><E89/><V43/><F88/><W119/><G119/><T55/><D55/><U15/><E15/><V116/><F116/><W11/><G32/><T127/><D127/><U134/><E134/><V16/><F13/><RYUUKYOKU ba="3,2" sc="223,-10,135,30,325,-10,297,-10" hai1="12,17,20,33,34,62,67,71,84,90,91,93,95" /><INIT seed="5,4,2,5,4,116" ten="213,165,315,287" oya="1" hai0="112,127,11,128,15,67,84,94,93,0,118,36,98" hai1="109,38,50,83,34,69,39,12,101,35,130,60,26" hai2="44,104,63,30,1,88,85,72,76,133,121,5,57" hai3="13,4,61,103,40,51,3,120,108,25,99,86,107"/><U56/><E69/><V74/><F104/><W65/><G108/><T28/><D118/><U100/><E109/><V126/><F30/><W17/><G120/><T62/><D0/><U97/><E130/><V119/><F119/><W70/><G25/><T2/><D2/><U129/><E129/><V131/><F131/><W52/><G40/><T18/><D128/><U96/><E83/><V64/><F121/><W66/><G66/><T123/><D36/><N who="1" m="13867" /><E26/><V33/><F33/><N who="1" m="12297" /><E12/><V32/><F32/><W82/><G4/><T71/><D123/><U106/><E50/><V23/><F5/><W6/><G6/><T49/><D49/><U46/><E46/><V134/><F1/><W22/><G3/><T42/><D42/><U31/><E31/><V27/><F44/><W113/><G113/><T41/><D112/><U91/><E91/><V59/><F59/><W87/><G82/><T75/><D28/><U43/><E43/><V122/><F122/><W110/><G110/><T7/><D41/><U68/><E56/><AGARI ba="4,2" hai="13,17,22,51,52,56,61,65,70,86,87,99,103,107" machi="56" ten="30,2000,0" yaku="7,1,54,1" doraHai="116" who="3" fromWho="1" sc="213,0,165,-32,315,0,287,52" /><INIT seed="6,0,0,5,0,67" ten="213,133,315,339" oya="2" hai0="97,55,50,30,68,117,87,44,103,21,42,60,95" hai1="131,38,16,119,122,63,65,130,24,101,13,92,19" hai2="2,129,23,62,118,111,124,76,53,125,115,72,52" hai3="31,66,45,120,54,7,81,12,104,112,14,135,108"/><V28/><F2/><W18/><G108/><T22/><D117/><U17/><E119/><V43/><F118/><W29/><G104/><T3/><D3/><U132/><E38/><V84/><F72/><W133/><G120/><T73/><D73/><U41/><E41/><V107/><F107/><W0/><G66/><T64/><D30/><N who="3" m="11273" /><G81/><T79/><D79/><U96/><E132/><N who="3" m="50762" /><G112/><T78/><D78/><U9/><E122/><V4/><F4/><W85/><G85/><T100/><D100/><U86/><E86/><V134/><F134/><W98/><G98/><T105/><D105/><U109/><E24/><N who="2" m="16415" /><F115/><W80/><G80/><T128/><D87/><U116/><E109/><V20/><F111/><W126/><G126/><N who="2" m="48745" /><F43/><W33/><G33/><T121/><D121/><U114/><E114/><V15/><F129/><W46/><G54/><N who="2" m="21097" /><F62/><W56/><G0/><T1/><D128/><N who="1" m="49195" /><E116/><V69/><F84/><W77/><G7/><T99/><D99/><U59/><AGARI ba="0,0" hai="9,13,16,17,19,59,63,65,92,96,101" m="49195" machi="59" ten="30,2000,0" yaku="19,1,54,1" doraHai="67" who="1" fromWho="1" sc="213,-5,133,20,315,-10,339,-5" /><INIT seed="7,0,0,4,1,43" ten="208,153,305,334" oya="3" hai0="92,124,49,63,107,127,112,20,87,70,22,111,76" hai1="134,122,60,135,93,132,79,16,118,36,91,10,51" hai2="86,50,9,14,54,110,109,74,46,8,25,58,120" hai3="55,5,53,1,98,129,59,102,11,48,95,17,131"/><W106/><G17/><T0/><D111/><U126/><E79/><V45/><F74/><W114/><G114/><T28/><D107/><U66/><E93/><V100/><F120/><W88/><G55/><T38/><D38/><U103/><E103/><V34/><F100/><W121/><G121/><T77/><D112/><U78/><E122/><V99/><F99/><W21/><G21/><N who="0" m="8299" /><D0/><U85/><E78/><V15/><F86/><W40/><G40/><T26/><D49/><U119/><E91/><V108/><F15/><W35/><G35/><N who="0" m="20887" /><D92/><U128/><E85/><V71/><F71/><W68/><G68/><T7/><D7/><U42/><E128/><N who="3" m="49226" /><G88/><T117/><D87/><U89/><E89/><V19/><REACH who="2" step="1"/><F9/><REACH who="2" ten="208,153,295,334" step="2"/><W37/><G37/><T27/><D70/><N who="1" m="42311" /><E126/><V96/><F96/><W24/><G24/><T123/><D123/><U2/><E2/><V23/><F23/><W67/><G67/><T62/><D27/><U47/><E10/><V75/><F75/><W113/><G113/><T90/><D90/><U125/><E125/><N who="0" m="48201" /><D117/><N who="1" m="44555" /><E16/><V97/><F97/><W69/><G69/><T18/><D18/><U64/><E64/><V104/><F104/><AGARI ba="0,1" hai="1,5,11,48,53,59,95,98,102,104,106" m="49226" machi="104" ten="30,1500,0" yaku="19,1" doraHai="43" who="3" fromWho="2" sc="208,0,153,0,295,-15,334,25" owari="208,-19.0,153,-35.0,280,8.0,359,46.0" /></mjloggm>