<mjloggm ver="2.3"><GO type="169" lobby="0"/><UN n0="%55%4E%4B%4F%63%68%61%6E" n1="%E3%82%A6%E3%83%AB%E3%83%88%E3%83%A9%E7%AB%8B%E7%9B%B4" n2="%42%69%67%75" n3="%E3%83%99%E3%82%BF%E3%82%AA%E3%83%AA%E3%82%B9%E3%82%AF" dan="17,17,17,18" rate="2161.35,2145.89,2142.63,2179.76" sx="M,M,M,M"/><TAIKYOKU oya="0"/><INIT seed="0,0,0,3,4,102" ten="250,250,250,250" oya="0" hai0="133,114,40,0,58,88,76,62,49,63,10,13,113" hai1="135,21,30,100,20,25,103,54,104,127,16,74,73" hai2="132,79,80,125,61,55,27,126,70,35,34,38,72" hai3="116,32,118,36,29,65,8,85,57,46,3,87,93"/><T106/><D0/><U23/><E127/><N who="2" m="48651" /><F38/><W81/><G29/><T26/><D76/><U37/><E37/><V99/><F132/><W4/><G32/><T108/><D133/><U18/><E135/><V117/><F117/><W22/><G22/><T9/><D108/><U96/><E54/><V128/><F128/><W68/><G68/><T109/><D109/><U129/><E129/><V124/><F124/><W41/><G93/><T107/><D26/><U12/><REACH who="1" step="1"/><E100/><REACH who="1" ten="250,240,250,250" step="2"/><V59/><F70/><W134/><G134/><T121/><D113/><U66/><E66/><V130/><F130/><W110/><G110/><T14/><D114/><U101/><E101/><V31/><F99/><W28/><G118/><T24/><D121/><U115/><E115/><V56/><F56/><W83/><G116/><T122/><D122/><U50/><E50/><V84/><F35/><W90/><G65/><T60/><D58/><U89/><E89/><V120/><F120/><W97/><G57/><T94/><D49/><U43/><E43/><V77/><F77/><W92/><G36/><T119/><D40/><U64/><E64/><V52/><F55/><W131/><G131/><T15/><D119/><U51/><E51/><V98/><F98/><W91/><G41/><T105/><D24/><AGARI ba="0,1" hai="12,16,18,20,21,23,24,25,30,73,74,96,103,104" machi="24" ten="30,7700,0" yaku="1,1,7,1,52,1,54,1,53,0" doraHai="102" doraHaiUra="53" who="1" fromWho="0" sc="250,-77,240,87,250,0,250,0" /><INIT seed="1,0,0,2,5,107" ten="173,327,250,250" oya="1" hai0="112,91,77,103,80,39,105,15,123,88,110,50,12" hai1="78,41,53,70,132,86,63,115,59,128,44,24,28" hai2="11,99,58,84,98,67,81,90,118,74,124,2,113" hai3="8,85,108,117,10,134,69,32,16,54,51,66,114"/><U126/><E115/><V121/><F118/><W49/><G32/><T3/><D39/><U122/><E122/><V7/><F121/><W31/><G31/><T18/><D3/><U76/><E126/><V72/><F124/><W87/><G114/><T57/><D112/><U23/><E128/><V46/><F113/><W38/><G38/><T119/><D119/><U34/><E132/><V100/><F46/><W131/><G108/><T1/><D1/><U25/><E70/><V83/><F83/><W13/><G117/><T101/><D110/><U62/><E62/><V40/><F40/><W106/><G106/><T65/><D123/><U43/><E86/><V102/><F58/><W14/><G131/><T19/><D105/><U42/><REACH who="1" step="1"/><E44/><REACH who="1" ten="173,317,250,250" step="2"/><V37/><F67/><W116/><G134/><T20/><D65/><U64/><E64/><V97/><REACH who="2" step="1"/><F37/><REACH who="2" ten="173,317,240,250" step="2"/><W33/><G116/><T35/><D57/><U133/><E133/><V93/><F93/><W73/><G66/><T5/><D80/><U92/><E92/><V95/><F95/><W55/><G69/><T109/><D109/><U47/><E47/><V29/><F29/><AGARI ba="0,2" hai="23,24,25,28,29,34,41,42,43,53,59,63,76,78" machi="29" ten="40,7700,0" yaku="1,1,53,2" doraHai="107" doraHaiUra="27" who="1" fromWho="2" sc="173,0,317,97,240,-77,250,0" /><INIT seed="1,1,0,3,2,90" ten="173,414,163,250" oya="1" hai0="8,23,134,43,74,124,93,92,107,109,119,16,87" hai1="113,121,50,44,53,61,29,91,125,98,126,130,46" hai2="42,106,95,35,1,64,31,105,15,80,115,3,71" hai3="127,79,49,100,26,133,7,89,2,114,12,48,5"/><U122/><E113/><V82/><F42/><W34/><G114/><T32/><D74/><U39/><E29/><V85/><F115/><W55/><G2/><T20/><D119/><U45/><E91/><V116/><F116/><W6/><G100/><T96/><D32/><U120/><E98/><V4/><F71/><W69/><G69/><T24/><D107/><U54/><E130/><V37/><F64/><W128/><G79/><T108/><D124/><N who="1" m="47723" /><E39/><V56/><F37/><W68/><G68/><T103/><D134/><U88/><E88/><V41/><F41/><W17/><G133/><T104/><D43/><U10/><E10/><V78/><F106/><W110/><G128/><T57/><D8/><U135/><E135/><V73/><F105/><W62/><G89/><T60/><D87/><U132/><E132/><V25/><F56/><AGARI ba="1,0" hai="44,45,46,50,53,54,56,61,120,121,122" m="47723" machi="56" ten="40,7700,0" yaku="18,1,34,2" doraHai="90" who="1" fromWho="2" sc="173,0,414,80,163,-80,250,0" /><INIT seed="1,2,0,5,2,12" ten="173,494,83,250" oya="1" hai0="48,78,2,109,7,106,82,6,120,30,76,71,68" hai1="39,54,69,28,31,36,37,40,29,59,52,94,123" hai2="81,58,128,65,105,60,110,91,63,77,97,108,23" hai3="74,10,49,51,92,42,133,107,125,15,113,35,1"/><U134/><E123/><V43/><F43/><W8/><G107/><T11/><D106/><U100/><E69/><V18/><F128/><W79/><G35/><T87/><D120/><U27/><E134/><V121/><F121/><W93/><G113/><T21/><D109/><N who="2" m="42090" /><F63/><W16/><G125/><T22/><D7/><U112/><E112/><V83/><F77/><W26/><G26/><T17/><D76/><U103/><E40/><V98/><F91/><W131/><G131/><T61/><D30/><U62/><E54/><V70/><F70/><W53/><G133/><T34/><D22/><U115/><E115/><V13/><F98/><W86/><G74/><T32/><D48/><U73/><E73/><V95/><F95/><W96/><G1/><T19/><D68/><U38/><E38/><V24/><F24/><W80/><G10/><T45/><D45/><U132/><E132/><V67/><F67/><W119/><G96/><T64/><D21/><U130/><E130/><V72/><F72/><W118/><G42/><T4/><D61/><U46/><E94/><N who="3" m="36458" /><G53/><T135/><D64/><U75/><E75/><V56/><F56/><W99/><G99/><T114/><D71/><U88/><E103/><AGARI ba="2,0" hai="13,18,23,58,60,65,81,83,97,103,105" m="42090" machi="103" ten="30,2000,0" yaku="14,1,52,1" doraHai="12" who="2" fromWho="1" sc="173,0,494,-26,83,26,250,0" /><INIT seed="2,0,0,0,2,27" ten="173,468,109,250" oya="2" hai0="116,115,124,108,123,13,80,82,12,60,101,112,122" hai1="92,5,85,47,23,49,17,29,31,65,32,22,11" hai2="90,6,109,52,50,28,33,96,59,68,15,132,78" hai3="84,110,38,8,54,34,61,46,120,86,21,111,56"/><V7/><F68/><W126/><G34/><T70/><D101/><U89/><E65/><V114/><F114/><W113/><G120/><T77/><D60/><U88/><E89/><V66/><F132/><W99/><G126/><T103/><D103/><U35/><E32/><V43/><F78/><W72/><G72/><T74/><D70/><U98/><E35/><V83/><F109/><N who="3" m="41483" /><G8/><T4/><D4/><U100/><E11/><V133/><F133/><W55/><G113/><T127/><D108/><U62/><E62/><N who="2" m="38239" /><F33/><W119/><G119/><T18/><D74/><U129/><E5/><V118/><F118/><W25/><G99/><T26/><D77/><U45/><E129/><V9/><F43/><N who="3" m="22903" /><G55/><T37/><D116/><U64/><E64/><V53/><F53/><W105/><G105/><T2/><D2/><U48/><E48/><V130/><F130/><W79/><G79/><T69/><D37/><U134/><E134/><V131/><F131/><W51/><G61/><T81/><D122/><U0/><E0/><V14/><F28/><AGARI ba="0,0" hai="21,25,28,51,54,56,84,86" m="22903,41483" machi="28" ten="30,2000,0" yaku="14,1,52,1" doraHai="27" who="3" fromWho="2" sc="173,0,468,0,109,-20,250,20" /><INIT seed="3,0,0,5,2,8" ten="173,468,89,270" oya="3" hai0="3,33,0,92,104,93,123,13,51,47,135,100,46" hai1="21,133,117,96,9,70,37,82,128,109,6,83,7" hai2="115,91,87,85,39,81,27,110,19,122,64,94,32" hai3="1,11,62,132,48,107,90,134,18,14,97,36,67"/><W76/><G36/><T54/><D123/><U23/><E70/><V15/><F115/><W120/><G120/><T69/><D69/><U25/><E37/><V105/><F122/><W77/><G1/><T17/><D33/><U22/><E117/><V63/><F110/><W86/><G48/><T24/><D24/><U131/><E109/><V66/><F105/><W38/><G38/><T112/><D104/><U116/><E116/><V52/><F39/><W34/><G34/><T35/><D35/><U89/><E133/><N who="3" m="51306" /><G97/><T113/><D47/><U42/><E42/><V99/><F32/><W45/><G45/><T28/><D28/><U57/><E96/><V31/><F31/><W75/><G75/><T58/><D46/><U102/><E25/><V60/><F27/><W55/><G55/><T29/><D29/><U68/><E131/><V4/><F4/><W56/><G107/><T119/><D119/><U71/><E6/><V72/><F72/><W121/><G121/><T73/><D73/><U84/><E7/><V44/><F87/><W43/><G43/><T88/><D135/><U101/><E128/><V5/><F5/><W12/><G12/><T125/><D3/><U65/><E84/><V126/><F126/><W10/><G10/><N who="0" m="6327" /><D125/><U98/><E9/><N who="2" m="6639" /><F63/><W114/><G114/><T40/><D0/><U30/><E30/><V127/><F127/><W106/><G106/><T108/><D108/><U95/><E23/><V78/><F60/><W129/><G129/><T50/><D112/><U124/><E22/><V2/><F2/><W20/><G20/><T59/><D113/><RYUUKYOKU ba="0,0" sc="173,-15,468,-15,89,15,270,15" hai2="44,52,64,66,78,81,85,91,94,99" hai3="11,14,18,56,62,67,76,77,86,90" /><INIT seed="3,1,0,3,0,107" ten="158,453,104,285" oya="3" hai0="54,38,18,1,65,119,132,123,113,135,106,79,95" hai1="84,49,41,17,44,52,109,75,26,99,128,103,25" hai2="30,19,72,21,4,2,66,60,115,55,129,126,77" hai3="62,31,89,27,83,40,73,36,116,45,114,105,121"/><W93/><G105/><T35/><D106/><U7/><E75/><V42/><F115/><W118/><G114/><T76/><D123/><U64/><E128/><V100/><F129/><W10/><G121/><T61/><D119/><U67/><E109/><V16/><F100/><W57/><G10/><T102/><D1/><U28/><E7/><V14/><F42/><W97/><G83/><T53/><D38/><U88/><E41/><V91/><F126/><W5/><G73/><T48/><D35/><U101/><E17/><V34/><F55/><W92/><G92/><T39/><D39/><U127/><E127/><V108/><F108/><W13/><G13/><T74/><D74/><U24/><E28/><V20/><F4/><W104/><G104/><T37/><D37/><U9/><E9/><V56/><F2/><W6/><G118/><T0/><D0/><U96/><E99/><V85/><F30/><W63/><G116/><T22/><D113/><U33/><E33/><V110/><F34/><W117/><G117/><T71/><D132/><U12/><E12/><N who="2" m="9223" /><F72/><W112/><G112/><T46/><D135/><U120/><E120/><V98/><F110/><W133/><G133/><T124/><D124/><U29/><E29/><V87/><F77/><W43/><G43/><T125/><D125/><U3/><E3/><V78/><F78/><W94/><G36/><T11/><D76/><U47/><E103/><V130/><F130/><W90/><G40/><N who="0" m="24647" /><D79/><U59/><E101/><V134/><F134/><W8/><G6/><T58/><D11/><U32/><E32/><V69/><F69/><RYUUKYOKU ba="1,0" sc="158,-10,453,-10,104,30,285,-10" hai2="14,19,21,56,60,66,85,87,91,98" /><INIT seed="4,2,0,5,1,6" ten="148,443,134,275" oya="0" hai0="91,11,68,77,70,8,26,18,52,116,90,20,16" hai1="51,36,132,95,66,93,84,37,96,24,110,59,57" hai2="64,127,43,3,131,35,72,12,123,124,78,38,21" hai3="22,33,98,108,4,86,80,100,81,133,69,13,15"/><T74/><D116/><U94/><E110/><V106/><F64/><W128/><G33/><T63/><D74/><U99/><E37/><V54/><F35/><W134/><G69/><T27/><D77/><U55/><E36/><V60/><F106/><W49/><G128/><T19/><D68/><U79/><E132/><V46/><F3/><W29/><G108/><T67/><D52/><N who="1" m="31903" /><E66/><V5/><F123/><W14/><G49/><T103/><D103/><U28/><E28/><V31/><F131/><W114/><G114/><T119/><D119/><U34/><E34/><V0/><F31/><W120/><G120/><T40/><D40/><U25/><E84/><V75/><F21/><W73/><G73/><T97/><D97/><N who="1" m="37451" /><E79/><V56/><F0/><W89/><G81/><T41/><D41/><U83/><E83/><V2/><F2/><W44/><G44/><T105/><D105/><U129/><E129/><V32/><F32/><W88/><G89/><N who="0" m="33803" /><D27/><U42/><E42/><V111/><F111/><W45/><G45/><T10/><D70/><U9/><E55/><V121/><F121/><W130/><G130/><T39/><D39/><U65/><E59/><V92/><F92/><N who="3" m="58439" /><G134/><T76/><D76/><U112/><E112/><V30/><F78/><W7/><G133/><T101/><D101/><U23/><E94/><V109/><F109/><W115/><G115/><T62/><D67/><U126/><E65/><V113/><F113/><W58/><G58/><T1/><D1/><U47/><E95/><V48/><F38/><W71/><G71/><T104/><D104/><U17/><E93/><RYUUKYOKU ba="2,0" sc="148,15,443,-15,134,-15,275,15" hai0="8,10,11,16,18,19,20,26,62,63" hai3="4,7,13,14,15,22,29,80,86,88" /><INIT seed="4,3,0,4,2,22" ten="163,428,119,290" oya="0" hai0="131,119,93,78,110,20,33,88,75,79,130,89,0" hai1="70,87,14,46,8,114,134,10,44,105,3,15,62" hai2="43,16,45,55,9,68,101,5,92,85,27,19,98" hai3="36,128,63,49,66,95,82,31,74,25,129,125,108"/><T39/><D33/><U41/><E3/><V18/><F68/><W53/><G36/><T91/><D39/><U120/><E120/><V35/><F85/><W102/><G108/><T111/><D0/><U37/><E105/><V118/><F55/><W121/><G125/><T65/><D65/><U76/><E134/><V54/><F54/><W56/><G121/><T11/><D11/><U104/><E114/><V115/><F115/><W106/><G74/><T96/><D20/><U97/><E46/><V133/><F133/><W72/><G72/><T80/><D79/><U99/><E104/><V86/><F86/><W71/><G95/><T83/><D119/><U57/><E70/><V47/><F118/><W7/><G7/><T117/><D117/><U13/><E87/><V122/><F122/><W94/><G94/><T4/><D83/><U17/><E76/><V58/><F58/><W51/><G51/><T132/><D4/><U52/><E14/><V84/><F84/><W26/><G82/><T40/><D40/><U112/><E112/><V64/><F64/><W107/><G107/><T116/><D116/><U12/><E15/><N who="2" m="5551" /><F35/><N who="3" m="20975" /><G26/><T67/><D67/><U100/><E100/><V48/><F47/><W127/><G127/><T81/><D81/><U73/><E73/><V23/><AGARI ba="3,0" hai="16,18,19,23,27,43,45,48,92,98,101" m="5551" machi="23" ten="30,4000,0" yaku="8,1,52,1,54,1" doraHai="22" who="2" fromWho="2" sc="163,-23,428,-13,119,49,290,-13" /><INIT seed="5,0,0,4,2,116" ten="140,415,168,277" oya="1" hai0="125,49,5,101,109,56,7,64,103,52,91,110,57" hai1="134,23,44,88,73,135,111,8,34,36,84,51,119" hai2="24,19,37,4,58,104,53,71,6,118,39,42,81" hai3="3,22,60,76,99,33,115,65,32,38,87,1,46"/><U48/><E34/><V112/><F71/><W72/><G72/><T50/><D125/><U26/><E119/><V124/><F118/><W62/><G62/><T117/><D117/><U123/><E123/><V96/><F124/><W121/><G3/><T28/><D28/><U86/><E73/><V69/><F69/><W79/><G1/><T9/><D91/><U16/><E86/><V127/><F127/><W105/><G115/><T35/><D35/><U47/><E8/><V89/><F112/><W68/><G121/><T85/><D85/><U132/><E111/><V74/><F74/><W126/><G126/><T108/><D64/><U107/><E107/><V133/><F133/><W80/><G79/><T29/><D29/><U113/><E113/><V130/><F130/><W75/><G87/><T67/><D67/><U131/><E131/><V55/><F104/><W12/><G12/><T13/><REACH who="0" step="1"/><D7/><REACH who="0" ten="130,415,168,277" step="2"/><U77/><E77/><V41/><F89/><W2/><G33/><T83/><D83/><U54/><E88/><V70/><F81/><W40/><G32/><T61/><D61/><U25/><E84/><V18/><F96/><W59/><G99/><T122/><D122/><U43/><E134/><V10/><F70/><W106/><G68/><T95/><D95/><U21/><E135/><V17/><F17/><W128/><G128/><T102/><D102/><U78/><E132/><V114/><F114/><W92/><G106/><T20/><D20/><U100/><E78/><V93/><F93/><W45/><G105/><T63/><D63/><U15/><E100/><V120/><F120/><RYUUKYOKU ba="0,1" sc="130,30,415,-10,168,-10,277,-10" hai0="5,9,13,49,50,52,56,57,101,103,108,109,110" /><INIT seed="6,1,1,0,2,11" ten="160,405,158,267" oya="2" hai0="72,18,33,89,112,84,91,43,65,119,78,131,124" hai1="49,8,12,114,116,88,99,79,123,95,97,48,58" hai2="98,71,81,13,125,16,69,107,92,120,75,67,104" hai3="0,51,122,93,44,14,109,17,110,42,20,70,30"/><V103/><F120/><W113/><G0/><T129/><D33/><U5/><E116/><V41/><F125/><W47/><G70/><T23/><D124/><U56/><E114/><V132/><F132/><W19/><G30/><T102/><D112/><U45/><E123/><V59/><F41/><W61/><G61/><T134/><D134/><U115/><E115/><V7/><F7/><W26/><G113/><T135/><D102/><U68/><E68/><V22/><F107/><W62/><G62/><T94/><D91/><U66/><E79/><V126/><F126/><W100/><G122/><T28/><D28/><U85/><E66/><V37/><F37/><W53/><G93/><T96/><D72/><U55/><E58/><V9/><F104/><W74/><G100/><T1/><D1/><U77/><E77/><V4/><F75/><W86/><G86/><T36/><D65/><U34/><E34/><V50/><F81/><W6/><G6/><T38/><D119/><U128/><E128/><N who="0" m="49225" /><D43/><AGARI ba="1,1" hai="5,8,12,43,45,48,49,55,56,85,88,95,97,99" machi="43" ten="30,7700,0" yaku="7,1,8,1,52,1,54,1" doraHai="11" who="1" fromWho="0" sc="160,-80,405,90,158,0,267,0" /><INIT seed="7,0,0,0,0,83" ten="80,495,158,267" oya="3" hai0="14,77,29,47,64,117,105,102,119,86,27,133,116" hai1="28,20,16,125,92,132,41,25,7,19,74,39,93" hai2="59,72,129,34,21,88,48,111,12,6,120,114,91" hai3="75,60,121,61,17,76,33,30,103,50,130,2,58"/><W62/><G2/><T85/><D77/><U113/><E74/><V23/><F111/><W78/><G75/><T31/><D133/><U43/><E39/><V101/><F72/><W32/><G17/><T107/><D64/><U115/><E7/><V123/><F34/><W44/><G58/><T54/><D14/><U56/><E125/><V49/><F114/><N who="1" m="43529" /><E132/><V104/><F129/><W124/><G103/><T24/><D102/><U37/><E37/><V131/><F131/><W108/><G130/><T51/><D105/><U94/><E56/><V67/><F101/><W4/><G4/><T22/><REACH who="0" step="1"/><D107/><REACH who="0" ten="70,495,158,267" step="2"/><U80/><E80/><V65/><F104/><W126/><G121/><N who="2" m="46665" /><F6/><W87/><G108/><T15/><D15/><U66/><E66/><N who="2" m="25099" /><F12/><W122/><G122/><T73/><D73/><U36/><E36/><V10/><F10/><W135/><G135/><T106/><D106/><U53/><E53/><V3/><F3/><W97/><G97/><T118/><N who="0" m="29696" /><DORA hai="9" /><T52/><D52/><U90/><E43/><V1/><F1/><W81/><G78/><T11/><D11/><U38/><E41/><V18/><F59/><W45/><G124/><T70/><D70/><U82/><E38/><V89/><F89/><W35/><G126/><T128/><D128/><U55/><E55/><V69/><F69/><W84/><G76/><T13/><D13/><U95/><E90/><V46/><F88/><W26/><G81/><T110/><D110/><U57/><E82/><V79/><F91/><W98/><G98/><T112/><D112/><U134/><E134/><V109/><F109/><RYUUKYOKU ba="0,1" sc="70,30,495,-10,158,-10,267,-10" hai0="22,24,27,29,31,47,51,54,85,86" owari="100,-40.0,495,59.0,148,-25.0,257,6.0" /></mjloggm>