<mjloggm ver="2.3"><GO type="225" lobby="0"/><UN n0="%E3%81%BF%E3%81%A3%E3%81%A4%E3%81%83%EF%BD%9E" n1="%E5%B0%B1%E6%B4%BB%E7%94%9F%40%E5%B7%9D%E6%9D%91%E8%BB%8D%E5%9B%A3" n2="%E3%81%AF%E3%81%BF%E3%82%82%E3%82%93" n3="%E3%81%A1%E3%83%BC%E3%81%A6%E3%82%93" dan="16,17,18,16" rate="2163.95,2099.41,2193.13,2170.69" sx="F,M,M,M"/><TAIKYOKU oya="0"/><INIT seed="0,0,0,0,1,8" ten="250,250,250,250" oya="0" hai0="50,114,107,60,124,29,132,130,86,66,92,31,37" hai1="65,122,3,51,57,56,78,15,102,45,88,0,6" hai2="26,63,44,125,101,72,68,77,117,21,38,27,123" hai3="99,98,16,34,94,55,110,87,90,52,35,113,106"/><T22/><D37/><U93/><E122/><V40/><F125/><W28/><G113/><T80/><D107/><U97/><E3/><V85/><F72/><W100/><G110/><T70/><D114/><U84/><E0/><V109/><F109/><W48/><G99/><T119/><D119/><U83/><E65/><V33/><F101/><W17/><G55/><T127/><D130/><U118/><E102/><V69/><F117/><W131/><G131/><T53/><D92/><U11/><REACH who="1" step="1"/><E118/><REACH who="1" ten="250,240,250,250" step="2"/><V12/><F123/><W126/><G126/><T95/><D127/><U71/><E71/><V115/><F69/><W103/><G103/><T81/><D124/><U105/><E105/><V67/><F67/><W96/><G106/><T1/><D1/><U59/><E59/><V89/><F68/><W46/><G100/><T49/><D70/><U24/><E24/><V129/><F26/><W43/><G35/><T82/><D66/><U25/><E25/><V61/><F27/><W39/><G34/><T10/><D31/><U62/><E62/><V20/><F63/><W14/><G28/><T42/><D29/><U64/><E64/><V74/><F61/><W54/><G14/><T47/><D60/><U23/><E23/><V134/><F12/><W30/><G30/><T111/><D22/><U4/><E4/><V32/><F21/><W41/><G17/><T104/><D104/><U18/><E18/><V7/><F20/><W91/><G16/><T79/><D10/><U135/><E135/><V108/><F134/><W112/><G112/><T133/><D133/><U58/><E58/><RYUUKYOKU ba="0,1" sc="250,-10,240,30,250,-10,250,-10" hai1="6,11,15,45,51,56,57,78,83,84,88,93,97" /><INIT seed="1,1,1,4,0,52" ten="240,270,240,240" oya="1" hai0="43,41,123,99,14,54,67,10,134,71,72,75,42" hai1="78,63,112,45,107,58,21,87,122,114,19,110,12" hai2="29,56,131,115,130,97,55,3,100,94,66,13,83" hai3="31,22,6,74,95,48,88,126,135,36,7,60,81"/><U69/><E122/><V44/><F3/><W23/><G36/><T108/><D123/><U105/><E69/><V121/><F121/><W17/><G135/><T92/><D134/><U119/><E119/><V89/><F115/><W85/><G126/><T20/><D108/><U8/><E110/><V47/><F29/><W117/><G117/><T79/><D54/><U125/><E125/><V73/><F66/><W49/><G60/><T39/><D39/><U46/><E112/><V120/><F120/><W91/><G31/><T102/><D20/><U2/><E2/><V59/><F13/><N who="3" m="9519" /><G23/><T90/><D79/><U62/><E62/><V104/><F73/><W101/><G101/><T0/><D0/><U113/><E113/><V84/><F104/><W98/><G74/><T30/><D30/><U68/><E68/><V111/><F111/><W106/><G106/><T51/><D102/><U96/><E107/><V103/><F103/><W76/><G76/><T4/><REACH who="0" step="1"/><D51/><AGARI ba="1,1" hai="6,7,48,49,51,81,85,88,91,95,98" m="9519" machi="51" ten="30,2000,0" yaku="8,1,54,1" doraHai="52" who="3" fromWho="0" sc="240,-23,270,0,240,0,240,33" /><INIT seed="2,0,0,5,5,57" ten="217,270,240,273" oya="2" hai0="20,91,76,98,77,1,21,64,74,104,112,67,82" hai1="84,111,3,15,56,101,34,116,7,49,130,88,132" hai2="65,23,119,110,52,36,124,25,59,53,114,106,68" hai3="18,71,0,40,14,89,35,45,16,47,81,46,31"/><V29/><F119/><W38/><G0/><T73/><D112/><U129/><E34/><V66/><F114/><W11/><G71/><T113/><D1/><U13/><E111/><V27/><F106/><W97/><G18/><T95/><D113/><U41/><E132/><V120/><F120/><W80/><G80/><T85/><D76/><U115/><E101/><V108/><F68/><W44/><G31/><T48/><D74/><U32/><E32/><V61/><F36/><W117/><G35/><T79/><D79/><U127/><E127/><V28/><F124/><W92/><REACH who="3" step="1"/><G81/><REACH who="3" ten="217,270,240,263" step="2"/><T102/><REACH who="0" step="1"/><D48/><REACH who="0" ten="207,270,240,263" step="2"/><U24/><E3/><V86/><F108/><W10/><G10/><T105/><D105/><U107/><E49/><V37/><F110/><W123/><G123/><T134/><D134/><U8/><E107/><V103/><F37/><W26/><G26/><T9/><D9/><U6/><E24/><V2/><F2/><W19/><G19/><T99/><D99/><U60/><E8/><V83/><F27/><W33/><G33/><T131/><D131/><U43/><E115/><V70/><F29/><W63/><G63/><T118/><D118/><AGARI ba="0,2" hai="11,14,16,38,40,44,45,46,47,89,92,97,117,118" machi="118" ten="40,5200,0" yaku="1,1,54,1,53,1" doraHai="57" doraHaiUra="94" who="3" fromWho="0" sc="207,-52,270,0,240,0,263,72" /><INIT seed="3,0,0,0,4,17" ten="155,270,240,335" oya="3" hai0="67,34,6,41,12,9,14,101,88,105,68,122,108" hai1="16,119,97,131,96,132,124,43,102,66,11,1,57" hai2="107,133,125,115,59,8,44,65,21,77,69,51,76" hai3="112,91,24,80,62,61,53,37,113,72,25,106,31"/><W40/><G25/><T60/><D108/><U45/><E119/><V32/><F32/><W70/><G106/><T4/><D122/><U134/><E131/><V126/><F107/><W95/><G62/><T87/><D34/><U47/><E124/><N who="2" m="47723" /><F69/><W18/><G18/><T50/><D105/><U86/><E86/><V111/><F8/><W46/><G80/><T13/><D101/><U120/><E120/><V100/><F100/><W55/><G72/><T48/><D41/><U5/><E16/><V23/><F133/><N who="1" m="51305" /><E43/><N who="2" m="24991" /><F115/><W135/><G135/><T99/><D99/><N who="1" m="37963" /><E102/><V90/><F90/><W121/><G91/><T116/><D116/><U79/><E79/><N who="2" m="30283" /><F111/><W38/><G121/><T20/><D12/><U92/><E92/><V27/><F27/><W129/><G95/><T30/><D6/><U63/><AGARI ba="0,0" hai="1,5,11,45,47,57,63,66" m="37963,51305" machi="63" ten="30,1100,0" yaku="20,1" doraHai="17" who="1" fromWho="1" sc="155,-3,270,11,240,-3,335,-5" owari="152,-35.0,281,8.0,237,-16.0,330,43.0" /></mjloggm>