<mjloggm ver="2.3"><GO type="41" lobby="0"/><UN n0="%79%75%6B%6B%6F%32%32" n1="%6B%65%6E%74%6F%60%73" n2="%E5%B0%B1%E6%B4%BB%E7%94%9F%40%E5%B7%9D%E6%9D%91%E8%BB%8D%E5%9B%A3" n3="%E5%B9%BD%E5%AE%A2" dan="14,15,15,15" rate="2014.49,1967.02,1960.92,1956.72" sx="M,M,M,M"/><TAIKYOKU oya="0"/><INIT seed="0,0,0,2,3,37" ten="250,250,250,250" oya="0" hai0="17,104,78,76,47,89,19,74,119,1,40,50,81" hai1="44,2,23,95,18,6,102,43,126,22,53,16,15" hai2="118,83,32,113,131,5,52,99,93,12,117,73,123" hai3="20,13,4,56,33,133,128,29,58,28,82,38,122"/><T25/><D1/><U26/><E126/><V0/><F113/><W69/><G69/><T3/><D3/><U84/><E53/><V39/><F39/><W11/><G133/><T88/><D104/><U54/><E54/><V36/><F36/><W86/><G128/><T64/><D64/><U75/><E75/><V68/><F68/><W135/><G135/><T51/><D78/><U116/><E116/><N who="2" m="44651" /><F131/><W120/><G38/><T103/><D103/><U91/><E102/><V24/><F0/><W31/><G33/><T77/><D77/><U94/><E2/><V14/><F73/><W130/><G20/><T115/><D115/><U70/><E70/><V67/><F67/><W71/><G71/><T108/><D108/><U34/><E34/><V98/><F83/><W87/><G130/><T105/><D105/><U41/><E6/><V49/><F5/><W8/><G8/><T61/><D61/><U42/><E95/><V35/><F98/><W124/><G124/><T107/><D107/><U55/><E55/><V66/><F66/><W72/><G72/><T65/><D65/><U90/><E91/><N who="2" m="55743" /><F123/><N who="3" m="47147" /><G87/><T100/><D100/><U114/><E114/><V48/><F32/><W121/><N who="3" m="47155" /><W85/><DORA hai="59" /><G85/><T57/><D119/><U60/><E60/><V62/><F24/><W7/><G7/><T27/><D51/><AGARI ba="0,0" hai="15,16,18,22,23,26,41,42,43,44,51,84,90,94" machi="51" ten="30,12000,2" yaku="7,1,8,1,52,3,54,1" doraHai="37,59" who="1" fromWho="0" sc="250,-120,250,120,250,0,250,0" /><INIT seed="1,0,0,2,5,3" ten="130,370,250,250" oya="1" hai0="74,111,128,122,61,18,99,119,123,42,19,56,80" hai1="54,131,71,116,23,82,78,63,73,58,92,98,109" hai2="76,33,91,1,72,37,5,88,60,28,79,112,25" hai3="57,105,34,43,107,50,4,69,31,44,100,14,24"/><U85/><E116/><V38/><F112/><W108/><G69/><T97/><D119/><U9/><E131/><V0/><F72/><W93/><G108/><T30/><D111/><U47/><E109/><V132/><F132/><W115/><G115/><T22/><D128/><U35/><E35/><V26/><F60/><W36/><G36/><T86/><D74/><U67/><E47/><V10/><F1/><W121/><G121/><T49/><D30/><U17/><E9/><V129/><F129/><W133/><G133/><T135/><D135/><U126/><E126/><V134/><F134/><W16/><G57/><T20/><D42/><U41/><E41/><V94/><F91/><W29/><G31/><T118/><D49/><U59/><E54/><V102/><F102/><W104/><G4/><T113/><D113/><U75/><E75/><V32/><F26/><W70/><G70/><T46/><D46/><U120/><E73/><V81/><F33/><W87/><G87/><T117/><D86/><U48/><E48/><V66/><F66/><W64/><G93/><T7/><D7/><U15/><REACH who="1" step="1"/><E120/><REACH who="1" ten="130,360,250,250" step="2"/><V52/><F52/><W21/><G64/><T84/><D122/><U83/><E83/><V124/><F81/><W2/><G43/><T53/><D123/><U51/><E51/><V130/><F130/><W89/><G50/><T68/><D68/><U127/><E127/><V45/><F124/><W27/><G34/><T101/><D118/><U13/><E13/><V90/><F45/><W65/><G44/><T39/><D117/><U77/><E77/><V11/><F76/><RYUUKYOKU ba="0,1" sc="130,-10,360,30,250,-10,250,-10" hai1="15,17,23,58,59,63,67,71,78,82,85,92,98" /><INIT seed="1,1,1,4,3,127" ten="120,390,240,240" oya="1" hai0="23,70,106,79,132,131,65,7,78,73,81,85,24" hai1="15,11,57,38,97,86,5,66,3,119,2,47,92" hai2="107,22,49,6,69,112,95,105,58,133,64,93,41" hai3="28,130,134,118,89,39,56,25,33,43,27,40,20"/><U117/><E86/><V103/><F69/><W4/><G130/><T50/><D106/><U18/><E3/><V16/><F112/><W125/><G134/><T51/><D132/><U91/><E38/><V55/><F133/><W9/><G125/><T21/><D7/><U68/><E68/><V74/><F74/><W120/><G120/><T10/><D10/><U108/><E108/><V96/><F64/><W101/><G118/><T67/><D70/><U102/><E102/><V75/><F75/><W30/><G39/><T114/><D73/><U135/><E135/><V12/><F41/><W77/><G77/><T61/><D61/><U14/><E47/><V35/><F35/><W104/><G89/><T0/><D85/><U63/><REACH who="1" step="1"/><E2/><REACH who="1" ten="120,380,240,240" step="2"/><V46/><F46/><W84/><G101/><T115/><D0/><U129/><E129/><V122/><F122/><W109/><G84/><T82/><REACH who="0" step="1"/><D24/><REACH who="0" ten="110,380,240,240" step="2"/><U116/><E116/><V8/><F107/><W94/><G104/><T72/><D72/><U52/><E52/><V87/><F87/><W121/><G121/><T42/><D42/><U113/><E113/><V32/><F32/><W88/><G43/><T62/><D62/><U128/><E128/><AGARI ba="1,3" hai="21,23,50,51,65,67,78,79,81,82,114,115,128,131" machi="128" ten="25,8000,1" yaku="1,1,22,2,52,2,53,0" doraHai="127" doraHaiUra="37" who="0" fromWho="1" sc="110,113,380,-83,240,0,240,0" /><INIT seed="2,0,0,3,0,23" ten="223,297,240,240" oya="2" hai0="104,78,79,112,121,70,12,88,66,24,71,100,90" hai1="89,34,99,128,109,83,115,126,48,105,130,26,63" hai2="67,94,114,129,106,65,38,107,7,119,87,40,57" hai3="8,132,75,47,124,98,60,27,22,59,134,108,73"/><V62/><F119/><W4/><G108/><T93/><D112/><U101/><E109/><V30/><F129/><N who="1" m="49769" /><E115/><V46/><F114/><W51/><G124/><T13/><D121/><U135/><E135/><N who="3" m="51754" /><G98/><T31/><D104/><U64/><E126/><V35/><F67/><N who="3" m="39327" /><G8/><T58/><D100/><U10/><E10/><V82/><F7/><W52/><G4/><T117/><D117/><U103/><E48/><V11/><F11/><W33/><G33/><T122/><D122/><U133/><E133/><V92/><F107/><W77/><G77/><T96/><D71/><N who="1" m="42399" /><E105/><V127/><F106/><W116/><G116/><T41/><D70/><U45/><E45/><V15/><F127/><W50/><G50/><T39/><D90/><U16/><E83/><V25/><REACH who="2" step="1"/><F15/><REACH who="2" ten="223,297,230,240" step="2"/><W95/><G95/><T17/><D12/><U53/><E26/><V97/><F97/><W74/><G75/><T123/><D13/><U44/><E99/><V49/><F49/><W61/><G61/><T76/><D96/><U86/><E86/><V19/><F19/><AGARI ba="0,1" hai="19,22,27,47,51,52,73,74" m="39327,51754" machi="19" ten="30,3900,0" yaku="20,1,52,1,54,1" doraHai="23" who="3" fromWho="2" sc="223,0,297,0,230,-39,240,49" /><INIT seed="3,0,0,4,1,7" ten="223,297,191,289" oya="3" hai0="16,11,106,34,50,130,102,41,56,80,4,13,97" hai1="132,83,104,42,19,85,91,32,120,29,36,75,22" hai2="101,68,94,27,18,48,0,59,26,112,52,71,126" hai3="74,89,128,133,135,129,49,58,64,125,57,5,67"/><W9/><G74/><T66/><D34/><U88/><E120/><V84/><F112/><W43/><G89/><T121/><D121/><U31/><E104/><V24/><F0/><W118/><G5/><T93/><D130/><U35/><E75/><V107/><F126/><W65/><G9/><T28/><D28/><N who="1" m="10827" /><E35/><V46/><F107/><W73/><G73/><T77/><D106/><U90/><E32/><V10/><F68/><W78/><G78/><T14/><D66/><U61/><E36/><V51/><F71/><W116/><G49/><T2/><D2/><U134/><E42/><N who="2" m="24663" /><F101/><W87/><G87/><N who="0" m="48527" /><D56/><N who="3" m="21609" /><G43/><T3/><D3/><U25/><E61/><V30/><F30/><W37/><G37/><T38/><D38/><U119/><E119/><N who="3" m="45610" /><G125/><T60/><D60/><U123/><E123/><V44/><F59/><W53/><G53/><T86/><D86/><U33/><E33/><V15/><F84/><W109/><G109/><T131/><D131/><AGARI ba="0,0" hai="64,65,67,128,129,131,133,135" m="45610,21609" machi="131" ten="40,12000,1" yaku="28,2,19,1,34,2" doraHai="7" who="3" fromWho="0" sc="223,-120,297,0,191,0,289,120" /><INIT seed="3,1,0,1,2,55" ten="103,297,191,409" oya="3" hai0="132,129,114,81,72,27,116,6,68,21,118,126,25" hai1="45,87,120,95,93,50,84,52,47,79,46,123,69" hai2="29,128,40,83,19,135,24,133,23,12,51,104,112" hai3="66,11,85,101,94,86,16,44,91,32,122,38,89"/><W4/><G122/><T0/><D81/><N who="1" m="47167" /><E69/><V62/><F104/><W75/><G32/><T20/><D72/><U78/><E123/><V63/><F112/><W67/><G75/><T82/><D82/><N who="1" m="47575" /><E120/><V65/><F128/><W42/><G101/><T130/><D68/><U97/><E95/><V64/><F83/><W56/><G56/><T10/><D114/><U39/><E39/><V125/><F125/><W7/><G7/><T8/><D126/><U58/><E47/><V127/><F127/><W54/><G54/><T107/><D107/><U48/><E48/><V121/><F121/><W106/><G106/><T70/><D70/><U113/><E113/><V96/><F96/><W15/><REACH who="3" step="1"/><G4/><REACH who="3" ten="103,297,191,399" step="2"/><T99/><D6/><U13/><E13/><V9/><F64/><W33/><G33/><T77/><D99/><U111/><E111/><V22/><F65/><W103/><G103/><AGARI ba="1,1" hai="45,46,50,52,58,93,97,103" m="47575,47167" machi="103" ten="30,3900,0" yaku="8,1,52,1,54,1" doraHai="55" who="1" fromWho="3" sc="103,0,297,52,191,0,399,-42" /><INIT seed="4,0,0,2,2,42" ten="103,349,191,357" oya="0" hai0="85,84,47,75,71,103,3,83,79,13,90,108,61" hai1="87,46,48,0,102,14,122,16,105,20,7,131,35" hai2="95,129,24,6,27,123,44,63,2,30,4,60,56" hai3="49,117,66,12,112,65,22,15,18,39,86,52,109"/><T50/><D3/><U70/><E122/><V54/><F123/><W126/><G117/><T11/><D108/><U128/><E70/><V59/><F129/><N who="1" m="49737" /><E35/><V107/><F107/><W74/><G109/><T113/><D103/><U17/><E17/><V25/><F30/><W96/><G74/><T19/><D113/><U73/><E73/><V110/><F110/><W106/><G39/><T38/><D38/><U8/><E87/><V133/><F2/><W34/><G34/><T118/><D118/><U101/><E105/><V21/><F21/><W31/><G112/><T121/><D121/><U23/><E23/><V33/><F33/><W1/><G1/><T36/><D36/><U94/><E94/><V97/><F44/><W100/><G126/><T92/><D75/><U89/><E89/><N who="2" m="55535" /><F133/><W98/><G31/><T5/><D71/><U132/><E132/><V111/><F111/><W76/><G98/><T69/><D69/><U80/><E80/><V51/><F51/><W28/><G28/><T10/><D61/><U130/><N who="1" m="49745" /><U67/><DORA hai="53" /><E67/><AGARI ba="0,0" hai="4,6,24,25,27,54,56,59,60,63,67" m="55535" machi="67" ten="30,3900,0" yaku="8,1,52,2" doraHai="42,53" who="2" fromWho="1" sc="103,0,349,-39,191,39,357,0" /><INIT seed="5,0,0,2,3,7" ten="103,310,230,357" oya="1" hai0="74,107,125,47,116,76,0,103,22,8,21,30,118" hai1="14,4,35,5,82,2,135,112,54,133,95,119,110" hai2="130,1,50,40,44,131,11,94,32,77,67,56,71" hai3="52,89,27,18,53,90,114,105,34,51,64,126,87"/><U48/><E119/><V100/><F32/><W41/><G105/><T86/><D47/><U108/><E35/><V33/><F33/><W28/><G114/><T69/><D103/><U109/><E112/><V84/><F71/><W127/><G64/><T78/><D86/><U102/><E2/><V115/><F115/><W73/><G73/><T123/><D74/><U13/><E82/><V66/><F100/><W59/><G41/><T10/><D0/><U38/><E38/><V31/><F31/><W132/><G132/><N who="1" m="50762" /><E5/><N who="2" m="1455" /><F56/><N who="3" m="32799" /><G18/><T55/><D30/><U3/><E3/><V128/><F77/><W19/><G19/><T120/><D55/><U72/><E4/><V37/><F37/><W93/><G89/><AGARI ba="0,0" hai="40,44,50,66,67,84,89,94,128,130,131" m="1455" machi="89" ten="30,2000,0" yaku="19,1,52,1" doraHai="7" who="2" fromWho="3" sc="103,0,310,0,230,20,357,-20" /><INIT seed="6,0,0,0,3,57" ten="103,310,250,337" oya="2" hai0="120,20,25,78,8,110,65,88,39,18,127,113,121" hai1="53,66,38,33,70,58,132,52,83,115,37,94,71" hai2="116,5,61,97,28,77,21,3,48,108,117,114,62" hai3="27,68,86,126,93,31,45,9,72,80,106,125,81"/><V6/><F108/><W49/><G68/><N who="1" m="26154" /><E33/><V1/><F77/><W84/><G106/><T131/><D110/><U112/><E83/><N who="3" m="31818" /><G72/><T135/><D78/><U111/><E94/><V54/><F114/><N who="1" m="43561" /><E111/><V96/><F1/><W40/><G93/><T109/><D39/><N who="1" m="14859" /><E132/><V13/><F3/><W67/><G9/><T75/><D135/><U2/><E2/><V64/><F117/><W69/><G84/><T12/><D75/><U87/><E87/><V24/><F116/><W92/><G86/><T74/><D74/><U35/><E35/><V124/><F64/><W10/><G92/><T43/><D65/><U119/><E119/><V16/><F6/><W60/><G10/><T130/><D88/><U85/><E85/><V134/><F5/><W47/><G31/><T55/><D109/><U29/><E29/><V4/><F4/><W105/><G27/><T56/><D113/><U95/><E95/><V98/><F124/><W26/><G26/><T42/><D127/><U73/><E73/><V133/><F133/><W118/><G118/><T99/><D99/><U50/><E50/><V15/><F134/><W44/><G105/><T76/><D76/><U30/><E30/><V82/><F82/><W103/><G103/><T22/><D20/><U91/><E91/><V36/><F36/><W23/><G23/><T17/><D43/><U129/><E129/><N who="0" m="49161" /><D42/><U79/><E79/><V100/><F100/><W122/><G126/><T123/><D123/><U51/><E51/><AGARI ba="0,0" hai="8,12,17,18,22,25,51,55,56,120,121" m="49161" machi="51" ten="30,1000,0" yaku="19,1" doraHai="57" who="0" fromWho="1" sc="103,10,310,-10,250,0,337,0" /><INIT seed="7,0,0,4,0,66" ten="113,300,250,337" oya="3" hai0="131,119,90,94,39,58,31,102,97,115,27,68,42" hai1="132,46,108,7,64,105,48,76,74,107,33,114,43" hai2="70,135,71,98,125,79,103,0,113,17,8,34,50" hai3="116,80,37,120,44,61,73,28,16,129,134,32,133"/><W14/><G116/><T52/><D119/><U86/><E108/><V26/><F50/><W126/><G120/><T122/><D122/><U78/><E33/><V2/><F17/><W130/><G61/><T91/><D131/><N who="3" m="50185" /><G126/><T19/><D115/><U21/><E74/><V84/><F84/><W117/><G117/><T81/><D39/><U45/><E114/><V56/><F56/><W93/><G32/><T23/><D42/><U111/><E111/><V15/><F15/><W69/><G28/><T88/><D81/><U112/><E112/><V12/><F12/><W18/><G69/><N who="2" m="26121" /><F125/><W1/><G1/><N who="2" m="617" /><F8/><N who="3" m="6215" /><G18/><T35/><D68/><U72/><E7/><V99/><F79/><N who="3" m="44143" /><G93/><T60/><REACH who="0" step="1"/><D102/><REACH who="0" ten="103,300,250,337" step="2"/><U5/><E43/><AGARI ba="0,1" hai="37,43,44,133,134" m="44143,6215,50185" machi="43" ten="30,2900,0" yaku="19,1,54,1" doraHai="66" who="3" fromWho="1" sc="103,0,300,-29,250,0,337,39" owari="103,-40.0,271,7.0,250,-15.0,376,48.0" /></mjloggm>