<mjloggm ver="2.3"><GO type="169" lobby="0"/><UN n0="%E3%82%B7%E3%83%B3%E3%83%87%E3%83%AB%E3%83%A9" n1="%E5%AE%89%E7%9C%A0%E3%83%9E%E3%82%AF%E3%83%A9" n2="%E9%96%83%E5%85%89%E3%81%AE%E6%8C%87%E5%9C%A7%E5%B8%AB" n3="%E5%B0%B1%E6%B4%BB%E7%94%9F%40%E5%B7%9D%E6%9D%91%E8%BB%8D%E5%9B%A3" dan="17,17,16,16" rate="2190.75,2117.68,2089.73,2108.37" sx="M,F,F,M"/><TAIKYOKU oya="0"/><INIT seed="0,0,0,1,0,9" ten="250,250,250,250" oya="0" hai0="50,45,120,5,39,63,111,92,75,56,128,59,100" hai1="38,64,42,110,108,126,105,133,55,82,74,132,83" hai2="13,25,77,1,7,98,131,36,57,8,90,115,87" hai3="94,121,130,48,40,112,33,80,0,114,16,67,134"/><T51/><D75/><U66/><E105/><V103/><F36/><W43/><G0/><T101/><D5/><U70/><E126/><V104/><F131/><W107/><G33/><T106/><D106/><U26/><E26/><V124/><F124/><W44/><G107/><T127/><D127/><U61/><E66/><V76/><F25/><W34/><G34/><T72/><D72/><U62/><E74/><V118/><F118/><W119/><G43/><T117/><D117/><U46/><E82/><V22/><F115/><W23/><G80/><T2/><D2/><U37/><E83/><V113/><F113/><W53/><G119/><T86/><D120/><U19/><E19/><V73/><F57/><W52/><G67/><T91/><D128/><U68/><E38/><V32/><F32/><W54/><G130/><T79/><D79/><U65/><REACH who="1" step="1"/><E55/><REACH who="1" ten="250,240,250,250" step="2"/><V123/><F73/><W6/><G121/><T17/><D17/><U116/><E116/><V35/><F123/><W12/><G6/><T96/><D39/><U28/><E28/><V29/><F29/><W125/><G125/><T69/><D92/><U81/><E81/><V10/><F104/><W47/><G47/><T49/><D45/><U109/><AGARI ba="0,1" hai="37,42,46,61,62,64,65,68,70,108,109,110,132,133" machi="109" ten="40,16000,3" yaku="1,1,0,1,9,1,14,1,23,2,34,3,53,0" doraHai="9" doraHaiUra="4" who="1" fromWho="1" sc="250,-80,240,170,250,-40,250,-40" /><INIT seed="1,0,0,2,2,120" ten="170,410,210,210" oya="1" hai0="107,56,49,28,30,64,16,66,94,2,41,77,27" hai1="87,91,114,8,37,7,118,97,3,21,50,4,61" hai2="76,80,70,119,63,44,12,43,105,68,79,45,86" hai3="115,46,82,74,131,71,59,117,57,129,124,99,96"/><U26/><E114/><V1/><F1/><W38/><G71/><T58/><D107/><U62/><E37/><V72/><F119/><W128/><G115/><T101/><D2/><U102/><E118/><V22/><F105/><W125/><G117/><T130/><D130/><U81/><E7/><V126/><F126/><N who="3" m="48747" /><G74/><T31/><D77/><U85/><E85/><V35/><F35/><W89/><G82/><T23/><D41/><U132/><E132/><V55/><F72/><W116/><G116/><T51/><D94/><U5/><E5/><V40/><F79/><W83/><G83/><T134/><D101/><U24/><E50/><N who="0" m="18953" /><D134/><U67/><E21/><V54/><F12/><W33/><G33/><T65/><AGARI ba="0,0" hai="16,23,27,28,30,31,56,58,64,65,66" m="18953" machi="65" ten="40,2700,0" yaku="8,1,54,1" doraHai="120" who="0" fromWho="0" sc="170,27,410,-13,210,-7,210,-7" /><INIT seed="2,0,0,4,3,44" ten="197,397,203,203" oya="2" hai0="29,72,122,12,97,33,85,121,2,60,53,10,124" hai1="14,52,134,78,80,19,40,38,18,104,114,35,23" hai2="69,118,7,95,37,61,55,39,119,100,107,16,87" hai3="62,91,117,89,84,17,21,99,75,66,77,128,42"/><V79/><F107/><W47/><G128/><T123/><D72/><U41/><E114/><V86/><F7/><W13/><G117/><T120/><N who="0" m="30720" /><DORA hai="127" /><T9/><D124/><U45/><E35/><V92/><F69/><W82/><G99/><T67/><D97/><U30/><E30/><V48/><F61/><W1/><G1/><T65/><D2/><U59/><E104/><V130/><F55/><W96/><G96/><T0/><D0/><U94/><E94/><V73/><F73/><W102/><G102/><T93/><D53/><U112/><E112/><V36/><F36/><W133/><G133/><T8/><D12/><U126/><E41/><V54/><F54/><W15/><G15/><T34/><D29/><U83/><E134/><V106/><F106/><W57/><REACH who="3" step="1"/><G75/><REACH who="3" ten="197,397,203,193" step="2"/><T43/><D85/><U22/><E126/><V88/><F87/><W58/><G58/><T64/><D34/><U68/><E59/><V51/><F86/><W26/><G26/><T108/><D33/><U109/><E14/><V110/><F100/><W101/><G101/><T76/><D108/><U98/><E109/><V103/><F110/><W5/><G5/><T115/><D115/><U46/><E98/><V129/><F103/><W6/><G6/><T3/><D3/><U24/><E24/><V111/><F111/><W31/><G31/><T71/><D71/><U125/><E68/><V4/><F4/><W90/><G90/><T56/><D56/><U74/><E125/><V70/><F70/><W49/><AGARI ba="0,1" hai="13,17,21,42,47,49,57,62,66,77,82,84,89,91" machi="49" ten="20,8000,1" yaku="1,1,0,1,7,1,8,1,52,1,53,0" doraHai="44,127" doraHaiUra="32,20" who="3" fromWho="3" sc="197,-20,397,-20,203,-40,193,90" /><INIT seed="3,0,0,0,3,30" ten="177,377,163,283" oya="3" hai0="79,84,16,106,64,88,61,81,130,98,34,56,77" hai1="62,83,25,72,41,39,104,42,38,35,95,129,11" hai2="65,68,14,102,74,120,109,5,36,124,33,52,87" hai3="23,31,50,13,122,76,85,70,57,112,94,37,90"/><W131/><G70/><T24/><D130/><U27/><E129/><V118/><F74/><W133/><G37/><T114/><D114/><U80/><E104/><V29/><F36/><W71/><G71/><T135/><D135/><U54/><E95/><V105/><F109/><W78/><G131/><T20/><REACH who="0" step="1"/><D34/><REACH who="0" ten="167,377,163,283" step="2"/><U119/><E35/><V116/><F33/><W9/><G133/><T60/><D60/><U46/><E62/><V92/><F118/><W69/><G112/><T17/><D17/><U89/><E119/><V107/><F116/><W66/><G122/><T113/><D113/><U0/><E39/><V86/><F120/><W108/><G108/><T40/><D40/><U4/><E41/><V6/><F29/><W7/><G69/><T22/><D22/><U45/><E42/><V58/><F68/><W93/><G23/><T2/><D2/><U123/><E0/><V3/><F3/><W103/><G31/><T96/><D96/><U121/><E38/><V111/><F111/><W8/><G9/><T32/><D32/><U63/><E11/><V21/><F21/><W82/><G8/><T49/><D49/><U110/><E63/><V55/><F5/><W18/><G50/><T134/><D134/><U26/><E4/><V127/><F6/><W15/><G18/><T44/><D44/><U48/><E110/><V132/><F132/><W59/><G7/><T125/><D125/><U73/><E46/><V91/><F127/><W101/><G59/><T126/><D126/><U1/><E123/><V47/><F124/><W51/><G57/><T19/><D19/><RYUUKYOKU ba="0,1" sc="167,30,377,-10,163,-10,283,-10" hai0="16,20,24,56,61,64,77,79,81,84,88,98,106" /><INIT seed="4,1,1,5,3,57" ten="197,367,153,273" oya="0" hai0="19,75,133,65,85,109,124,93,5,2,119,81,102" hai1="13,71,125,127,103,28,118,86,25,20,129,131,39" hai2="89,0,46,44,50,91,72,68,67,96,113,11,58" hai3="32,122,130,55,92,111,47,33,123,42,17,34,45"/><T40/><D119/><U64/><E118/><V82/><F68/><W27/><G111/><T4/><D124/><N who="1" m="47691" /><E39/><V15/><F0/><W105/><G105/><T60/><D133/><U22/><E103/><V78/><F113/><W26/><G130/><N who="1" m="49674" /><E86/><V100/><F46/><W35/><G92/><T106/><D109/><U70/><E64/><V95/><F58/><W37/><G35/><T108/><D106/><U110/><E110/><V134/><F134/><W87/><G87/><T88/><D108/><U52/><E52/><V126/><F67/><W8/><G55/><T38/><D75/><U114/><E114/><V10/><F126/><W117/><G47/><T54/><D54/><U14/><E13/><V94/><F15/><N who="3" m="7399" /><G117/><T53/><D53/><U16/><AGARI ba="1,1" hai="14,16,20,22,25,28,70,71" m="49674,47691" machi="16" ten="40,5200,0" yaku="18,1,19,1,54,1" doraHai="57" who="1" fromWho="1" sc="197,-27,367,65,153,-14,273,-14" /><INIT seed="5,0,0,1,5,68" ten="170,432,139,259" oya="1" hai0="114,12,15,73,127,128,65,6,54,106,86,62,111" hai1="78,103,92,132,30,66,29,31,48,94,75,120,110" hai2="41,117,121,122,43,116,113,39,61,87,88,18,56" hai3="95,17,51,7,71,27,33,74,107,91,9,126,118"/><U40/><E120/><V81/><F18/><W124/><G107/><T112/><D111/><U10/><E132/><V83/><F83/><W13/><G71/><T85/><D73/><U72/><E66/><V96/><F113/><N who="0" m="43626" /><D128/><U60/><E60/><V57/><F96/><N who="3" m="57471" /><G74/><T20/><D127/><N who="3" m="48681" /><G118/><T64/><D106/><U105/><E75/><V8/><F8/><W67/><G67/><T22/><D54/><U104/><E72/><V53/><F57/><W35/><G51/><T26/><D64/><U135/><E78/><V52/><F53/><W123/><G123/><T101/><D62/><U0/><E105/><V24/><F24/><W125/><G125/><T84/><D65/><U82/><E104/><V77/><F77/><W50/><G50/><T42/><D26/><U102/><E48/><V38/><F122/><W70/><G70/><T97/><D42/><U63/><E40/><V80/><F80/><W129/><G129/><T37/><D97/><U76/><E63/><V11/><F11/><W134/><G134/><T130/><D130/><U25/><E135/><V99/><F99/><W58/><G58/><T28/><D101/><U55/><E103/><V14/><F14/><W3/><G3/><T131/><D131/><U93/><E102/><V133/><F133/><W49/><G49/><T79/><D15/><U69/><E10/><V47/><F121/><W1/><G1/><T115/><D12/><U32/><E0/><V23/><F23/><AGARI ba="0,0" hai="7,9,13,17,23,27,33,35" m="48681,57471" machi="23" ten="30,1000,0" yaku="18,1" doraHai="68" who="3" fromWho="2" sc="170,0,432,0,139,-10,259,10" /><INIT seed="6,0,0,5,3,130" ten="170,432,129,269" oya="2" hai0="56,106,19,69,13,96,74,119,132,30,100,53,103" hai1="44,55,5,32,35,68,91,16,73,86,24,37,51" hai2="110,135,76,31,9,79,117,85,62,81,22,80,78" hai3="107,54,1,0,121,92,11,27,94,64,65,18,90"/><V127/><F117/><W21/><G107/><T46/><D132/><U133/><E73/><V126/><F110/><W82/><G121/><T93/><D119/><U72/><E72/><V34/><F34/><W8/><G1/><T49/><D74/><U115/><E133/><V83/><F135/><W59/><G82/><T108/><D108/><U124/><E68/><V66/><F9/><N who="3" m="3659" /><G0/><T60/><D69/><U12/><E124/><N who="2" m="47659" /><F31/><W57/><G57/><T97/><D30/><U122/><E115/><V70/><F22/><W38/><G38/><T105/><D93/><N who="3" m="35945" /><G90/><AGARI ba="0,0" hai="62,66,70,76,78,79,80,81,83,85,90" m="47659" machi="90" ten="30,1500,0" yaku="18,1" doraHai="130" who="2" fromWho="3" sc="170,0,432,0,129,15,269,-15" /><INIT seed="6,1,0,4,1,66" ten="170,432,144,254" oya="2" hai0="123,69,127,65,122,42,108,21,106,126,43,104,49" hai1="74,54,44,24,57,22,25,12,45,38,14,29,23" hai2="36,130,11,41,39,9,67,93,7,131,5,72,102" hai3="134,20,121,103,32,84,34,56,64,101,2,47,80"/><V8/><F72/><W68/><G68/><T26/><D108/><U55/><E74/><V90/><F102/><W40/><G2/><T95/><D95/><U114/><E114/><V78/><F78/><W111/><G134/><T71/><D21/><U46/><E38/><V27/><F27/><W88/><G111/><T96/><D26/><U120/><E120/><N who="0" m="46121" /><D65/><U0/><E0/><V117/><F117/><W3/><G3/><T107/><D96/><U118/><E118/><V33/><F33/><W105/><G121/><T62/><D62/><N who="1" m="36151" /><E55/><V82/><F82/><W92/><G105/><T110/><D110/><U63/><E63/><V83/><F83/><W75/><G32/><T60/><D60/><U30/><AGARI ba="1,0" hai="12,14,22,23,24,25,29,30,44,45,46" m="36151" machi="30" ten="30,1100,0" yaku="8,1" doraHai="66" who="1" fromWho="1" sc="170,-4,432,14,144,-6,254,-4" /><INIT seed="7,0,0,1,1,87" ten="166,446,138,250" oya="3" hai0="41,50,59,47,79,115,4,68,131,31,113,55,88" hai1="61,122,56,17,37,26,3,24,124,120,70,98,32" hai2="74,77,7,129,69,106,11,107,14,19,33,94,90" hai3="119,18,75,86,105,127,112,111,34,102,126,82,30"/><W103/><G34/><T114/><D131/><U125/><E70/><V110/><F110/><W85/><G30/><T72/><D68/><U83/><E37/><V117/><F117/><W36/><G36/><T63/><D31/><N who="1" m="19575" /><E3/><V116/><F116/><W128/><G18/><T80/><D4/><U25/><E83/><V43/><F129/><W67/><G67/><T118/><D118/><U109/><E98/><V121/><F121/><N who="1" m="46697" /><E17/><V42/><F69/><W22/><G112/><T35/><D35/><U104/><E104/><V5/><F33/><W23/><G105/><T49/><D49/><U21/><E21/><V132/><F132/><W95/><G119/><T84/><D72/><U76/><E76/><AGARI ba="0,0" hai="41,47,50,55,59,63,76,79,80,84,88,113,114,115" machi="76" ten="40,8000,1" yaku="15,1,11,1,52,1,54,1" doraHai="87" who="0" fromWho="1" sc="166,80,446,-80,138,0,250,0" owari="246,-15.0,366,46.0,138,-36.0,250,5.0" /></mjloggm>