<mjloggm ver="2.3"><GO type="97" lobby="0"/><UN n0="%45%53%46%E9%BE%8D%E6%B5%B7" n1="%E5%B0%B1%E6%B4%BB%E7%94%9F%40%E5%B7%9D%E6%9D%91%E8%BB%8D%E5%9B%A3" n2="%E4%BC%9D%E8%AA%AC%E3%81%AE%EF%BC%B3%E7%B4%9A%E3%82%B3%E3%83%86%E6%9C%BA" n3="%EF%BC%88%EF%BC%BE%E2%88%80%EF%BC%BE%EF%BC%89" dan="15,15,13,15" rate="2058.48,2082.48,2027.35,1961.15" sx="F,M,M,M"/><TAIKYOKU oya="0"/><INIT seed="0,0,0,5,5,48" ten="250,250,250,250" oya="0" hai0="1,10,111,83,110,57,100,52,15,40,53,28,65" hai1="105,66,34,51,119,2,7,121,24,41,69,27,11" hai2="118,36,17,59,31,98,106,68,114,47,96,70,25" hai3="42,12,123,63,19,20,78,45,3,87,76,9,72"/><T97/><D1/><U93/><E119/><V13/><F114/><W64/><G123/><T130/><D40/><U115/><E121/><V80/><F118/><W44/><G72/><T0/><D0/><U26/><E115/><V37/><F80/><W128/><G128/><T6/><D130/><U82/><E105/><V88/><F13/><W43/><G3/><T132/><D28/><U23/><E34/><V117/><F117/><W122/><G122/><T81/><D65/><U50/><E82/><N who="0" m="31241" /><D132/><U120/><E120/><V84/><F17/><W89/><G9/><T108/><D57/><U91/><E23/><V60/><F68/><W29/><G29/><T21/><D21/><U33/><E33/><V99/><F47/><W46/><G43/><T102/><D102/><U62/><REACH who="1" step="1"/><E41/><REACH who="1" ten="250,240,250,250" step="2"/><V67/><F106/><AGARI ba="0,1" hai="6,10,15,52,53,97,100,106,108,110,111" m="31241" machi="106" ten="30,12000,1" yaku="14,1,10,1,52,2,54,1" doraHai="48" who="0" fromWho="2" sc="250,130,240,0,250,-120,250,0" /><INIT seed="0,1,0,4,4,36" ten="380,240,130,250" oya="0" hai0="54,15,77,118,114,1,107,55,50,93,64,8,53" hai1="129,20,106,41,70,29,92,123,135,47,91,6,37" hai2="9,11,131,25,101,133,48,28,52,79,12,40,16" hai3="82,62,83,84,125,95,68,102,108,96,71,27,89"/><T38/><D107/><U2/><E106/><V44/><F131/><W81/><G108/><T127/><D38/><U31/><E123/><V75/><F133/><W63/><G125/><T32/><D127/><U4/><E70/><V42/><F101/><W58/><G27/><T0/><D32/><U17/><E129/><V115/><F115/><W124/><G124/><T10/><D114/><U30/><E135/><V43/><F79/><W49/><G63/><T97/><D77/><U60/><E60/><V69/><F75/><W3/><G3/><T78/><D78/><U74/><E74/><V73/><F73/><W111/><G111/><T105/><D105/><U7/><E2/><V59/><F69/><W103/><G103/><T24/><D24/><U80/><E80/><V126/><F126/><W56/><G56/><T19/><D64/><U72/><E72/><V65/><F65/><W128/><G128/><T34/><D34/><U134/><E134/><V116/><F116/><W18/><G18/><T94/><D118/><U120/><E120/><V76/><F76/><W39/><G39/><T5/><D1/><U86/><REACH who="1" step="1"/><E4/><REACH who="1" ten="380,230,130,250" step="2"/><V66/><F66/><W132/><G132/><T14/><D0/><U57/><E57/><V130/><F130/><W46/><G71/><T45/><D94/><U22/><E22/><N who="2" m="15415" /><F11/><W121/><G68/><T109/><D109/><U117/><E117/><V67/><F67/><N who="3" m="39383" /><G121/><T26/><D26/><AGARI ba="1,1" hai="6,7,17,20,26,29,30,31,37,41,47,86,91,92" machi="26" ten="40,2600,0" yaku="1,1,52,1,53,0" doraHai="36" doraHaiUra="112" who="1" fromWho="0" sc="380,-29,230,39,130,0,250,0" /><INIT seed="1,0,0,5,2,93" ten="351,269,130,250" oya="1" hai0="36,72,6,111,85,78,76,75,15,109,3,38,110" hai1="45,44,116,34,70,121,132,52,81,16,51,108,127" hai2="124,96,4,26,118,115,79,28,71,113,128,40,99" hai3="73,31,2,135,65,60,58,7,120,104,1,122,112"/><U106/><E34/><V10/><F128/><W14/><G112/><N who="2" m="43081" /><F124/><W133/><G73/><N who="0" m="28235" /><D3/><N who="3" m="1033" /><G104/><T20/><D6/><U114/><E70/><V8/><F118/><W19/><G7/><T54/><D54/><U101/><E114/><V102/><F71/><W77/><G77/><N who="0" m="29803" /><D85/><U43/><E121/><V9/><F102/><W123/><G31/><T69/><D69/><U30/><E108/><V47/><F79/><W89/><G89/><T55/><D55/><U13/><E127/><V41/><F4/><W39/><G39/><T29/><D29/><U63/><E132/><N who="3" m="50762" /><G123/><T61/><D61/><U53/><E30/><V49/><F41/><W87/><G87/><T130/><D130/><U24/><E116/><V67/><F67/><W21/><AGARI ba="0,0" hai="14,19,21,58,60,65,120,122" m="50762,1033" machi="21" ten="30,1100,0" yaku="20,1" doraHai="93" who="3" fromWho="3" sc="351,-3,269,-5,130,-3,250,11" /><INIT seed="2,0,0,3,3,120" ten="348,264,127,261" oya="2" hai0="123,83,29,85,40,58,26,18,65,57,28,127,103" hai1="5,50,95,130,62,37,121,38,25,97,63,90,14" hai2="72,13,131,41,64,12,94,129,84,53,54,117,88" hai3="60,69,134,22,30,108,76,87,48,21,11,96,9"/><V99/><F117/><W8/><G134/><T105/><D123/><U132/><E121/><V52/><F72/><W98/><G69/><T115/><D115/><U46/><E130/><N who="2" m="49675" /><F64/><W47/><G60/><N who="1" m="23082" /><E38/><V128/><N who="2" m="49683" /><V100/><DORA hai="32" /><F41/><N who="3" m="24687" /><G108/><T43/><D65/><U92/><E37/><V39/><F39/><W66/><G66/><T70/><D70/><U35/><E35/><V56/><F56/><N who="0" m="21610" /><D103/><N who="1" m="60839" /><E132/><V3/><F3/><W1/><G1/><T49/><D105/><AGARI ba="0,0" hai="12,13,52,53,54,84,88,94,99,100,105" m="49683" machi="105" ten="40,7700,0" yaku="19,1,54,2" doraHai="120,32" who="2" fromWho="0" sc="348,-77,264,0,127,77,261,0" /><INIT seed="2,1,0,5,1,5" ten="271,264,204,261" oya="2" hai0="116,95,15,26,67,99,55,24,57,127,103,122,1" hai1="36,110,108,70,125,114,7,94,130,72,96,19,112" hai2="132,29,134,23,85,33,56,79,100,28,124,65,90" hai3="98,80,74,106,111,2,93,52,69,51,104,54,113"/><V27/><F124/><W81/><G69/><T31/><D127/><U43/><E70/><V60/><F100/><W105/><G2/><T47/><D1/><U107/><E7/><V41/><F79/><W0/><G0/><T16/><D116/><U18/><E72/><V59/><F41/><W45/><G111/><N who="1" m="42538" /><E107/><V46/><F46/><W68/><G68/><T126/><D126/><U121/><E121/><V75/><F75/><W14/><G113/><N who="1" m="43626" /><E125/><V21/><F56/><W61/><G74/><T133/><D133/><N who="2" m="51306" /><F33/><W64/><G54/><T118/><D118/><U123/><E123/><V91/><F85/><W44/><G44/><T22/><D122/><U39/><E130/><V3/><F3/><W82/><G14/><T73/><D73/><U117/><E117/><V128/><F128/><W40/><G40/><T66/><D47/><N who="1" m="24039" /><E39/><V32/><F32/><W88/><REACH who="3" step="1"/><G106/><REACH who="3" ten="271,264,204,251" step="2"/><T13/><D15/><U86/><E86/><V38/><F38/><W49/><G49/><T89/><D24/><AGARI ba="1,1" hai="21,23,24,27,28,29,59,60,65,90,91" m="51306" machi="24" ten="30,1500,0" yaku="20,1" doraHai="5" who="2" fromWho="0" sc="271,-18,264,0,204,28,251,0" /><INIT seed="2,2,0,1,1,6" ten="253,264,232,251" oya="2" hai0="127,131,102,107,105,97,90,74,134,119,67,81,27" hai1="48,115,110,71,84,3,63,116,51,135,86,7,88" hai2="98,73,113,41,123,130,15,58,79,9,12,42,29" hai3="94,108,122,59,18,103,132,100,78,31,83,5,69"/><V28/><F123/><W8/><G69/><T99/><D67/><U85/><E115/><V112/><F73/><W33/><G122/><T118/><D27/><U76/><E116/><N who="0" m="44585" /><D131/><U40/><E110/><V21/><F79/><W87/><G108/><T64/><D64/><U82/><E135/><V55/><F98/><N who="0" m="37386" /><D134/><U106/><E106/><N who="0" m="40457" /><D102/><U95/><E71/><V0/><F0/><W19/><G132/><T68/><D68/><U49/><E40/><V121/><F121/><W62/><G103/><T111/><D111/><U93/><E63/><V37/><F37/><W56/><G31/><T92/><D74/><U4/><E3/><V47/><F130/><W104/><G33/><T129/><D129/><U109/><E109/><V125/><F125/><W45/><G104/><T128/><D128/><U32/><E32/><V13/><F112/><W30/><G30/><N who="2" m="11881" /><F113/><W22/><G45/><T39/><D39/><U43/><E43/><N who="2" m="16395" /><F47/><W75/><G75/><T35/><D35/><U24/><E24/><V16/><F21/><W46/><G46/><T25/><D25/><U96/><E96/><V72/><F72/><W52/><G22/><T124/><D92/><U57/><E57/><V10/><F16/><W26/><G26/><T34/><D34/><U101/><E101/><V126/><F126/><W11/><G59/><T120/><D120/><U117/><E117/><V61/><AGARI ba="2,0" hai="9,10,12,13,15,55,58,61" m="16395,11881" machi="61" ten="30,6000,0" yaku="8,1,52,2" doraHai="6" who="2" fromWho="2" sc="253,-22,264,-22,232,66,251,-22" /><INIT seed="2,3,0,1,1,39" ten="231,242,298,229" oya="2" hai0="109,77,34,133,123,105,27,100,83,120,6,107,30" hai1="78,35,87,134,31,126,50,86,67,69,93,80,70" hai2="116,73,117,76,61,11,55,37,121,3,45,124,125" hai3="104,52,103,63,24,128,5,89,51,44,59,114,110"/><V85/><F121/><W7/><G110/><T1/><D109/><U98/><E134/><V64/><F73/><W18/><G128/><T20/><D133/><U74/><E126/><N who="2" m="48747" /><F76/><W68/><G68/><T62/><D62/><U65/><E35/><V40/><F85/><W21/><G114/><T53/><D53/><U54/><E31/><V38/><F38/><W0/><G0/><T122/><D100/><U102/><E69/><N who="2" m="42127" /><F11/><W84/><G103/><T48/><D20/><U42/><E70/><V41/><F3/><W12/><G104/><T81/><D48/><U96/><E96/><V111/><F111/><W97/><G97/><T113/><D113/><U16/><E86/><V115/><F115/><W28/><G12/><T23/><D23/><U10/><E74/><V56/><F41/><N who="3" m="24975" /><G28/><T101/><D101/><U36/><E36/><V2/><F2/><W33/><G33/><T8/><REACH who="0" step="1"/><D83/><AGARI ba="3,0" hai="5,7,18,21,24,52,59,63,83,84,89" m="24975" machi="83" ten="30,3900,0" yaku="8,1,52,1,54,1" doraHai="39" who="3" fromWho="0" sc="231,-48,242,0,298,0,229,48" /><INIT seed="3,0,0,2,5,110" ten="183,242,298,277" oya="3" hai0="57,95,97,127,23,80,46,37,84,36,91,96,112" hai1="61,12,71,40,54,30,14,63,27,105,132,106,20" hai2="52,25,135,45,122,93,125,90,24,77,6,75,38" hai3="43,64,50,48,104,32,58,49,119,128,88,66,130"/><W10/><G104/><T18/><D127/><U60/><E132/><V124/><F135/><W87/><G32/><T51/><D57/><U68/><E40/><V107/><F122/><W81/><G119/><T11/><D11/><U103/><E54/><V116/><F116/><W89/><G43/><T76/><D112/><U123/><E123/><V115/><F115/><W111/><G111/><T29/><D29/><U7/><E7/><V100/><F100/><W85/><G10/><T22/><D22/><U59/><E59/><V79/><F107/><W62/><REACH who="3" step="1"/><G66/><REACH who="3" ten="183,242,298,267" step="2"/><T92/><D51/><U134/><E105/><V70/><F38/><W99/><G99/><T83/><D46/><U21/><E134/><V101/><F125/><W28/><G28/><T41/><D41/><U131/><E131/><V2/><F124/><W16/><G16/><T109/><D109/><U73/><E106/><V53/><F6/><W86/><G86/><T56/><D56/><U113/><E113/><V67/><F67/><W35/><G35/><T34/><D34/><U114/><E114/><V120/><F75/><W94/><AGARI ba="0,1" hai="48,49,50,58,62,64,81,85,87,88,89,94,128,130" machi="94" ten="30,6000,0" yaku="1,1,0,1,54,1,53,0" doraHai="110" doraHaiUra="133" who="3" fromWho="3" sc="183,-20,242,-20,298,-20,267,70" owari="163,-34.0,222,-18.0,278,8.0,337,44.0" /></mjloggm>