<mjloggm ver="2.3"><GO type="97" lobby="0"/><UN n0="%E5%B0%B1%E6%B4%BB%E7%94%9F%40%E5%B7%9D%E6%9D%91%E8%BB%8D%E5%9B%A3" n1="%63%68%61%72%6C%69%65" n2="%35%E4%BA%BA%E6%89%93%E3%81%A1%E9%BA%BB%E9%9B%80" n3="%E7%A7%A6%E3%81%93%E3%81%93%E3%82%8D" dan="15,14,14,13" rate="2005.55,1953.15,1876.68,1886.51" sx="M,M,M,F"/><TAIKYOKU oya="0"/><INIT seed="0,0,0,0,0,121" ten="250,250,250,250" oya="0" hai0="18,24,33,78,37,65,71,4,98,112,103,81,16" hai1="31,22,38,13,82,32,134,21,54,15,45,56,61" hai2="49,128,59,60,111,51,76,20,11,133,84,116,118" hai3="42,96,14,87,44,83,30,102,68,64,104,120,55"/><T100/><D37/><U80/><E134/><V125/><F133/><W34/><G120/><T79/><D112/><U99/><E32/><V114/><F114/><W3/><G3/><T127/><D127/><U36/><E99/><V130/><F125/><W53/><G14/><T135/><D135/><U107/><E107/><V97/><F97/><W19/><G19/><T75/><D78/><U35/><E35/><V105/><F105/><W124/><G124/><T122/><D122/><U27/><E38/><V57/><F11/><W9/><G9/><T74/><D74/><U25/><E36/><V117/><F20/><W85/><G85/><T88/><D4/><U95/><E95/><V101/><F101/><W92/><G92/><T123/><D123/><U17/><REACH who="1" step="1"/><E45/><REACH who="1" ten="250,240,250,250" step="2"/><V48/><F84/><W2/><G44/><T29/><D100/><U77/><E77/><V58/><F76/><W28/><G87/><T109/><D88/><U41/><E41/><V52/><F111/><W66/><G42/><T108/><D98/><U23/><E23/><V47/><F47/><W70/><G96/><T110/><D103/><U62/><E62/><AGARI ba="0,1" hai="16,18,24,29,33,62,65,71,75,79,81,108,109,110" machi="62" ten="40,18000,2" yaku="14,1,10,1,52,3,54,1" doraHai="121" who="0" fromWho="1" sc="250,190,240,-180,250,0,250,0" /><INIT seed="0,1,0,4,5,45" ten="440,60,250,250" oya="0" hai0="26,90,21,28,79,88,31,66,118,22,58,107,51" hai1="3,74,68,43,133,78,89,97,92,81,127,1,131" hai2="95,48,130,96,125,44,70,120,40,110,93,75,111" hai3="83,106,64,129,50,134,115,67,132,86,126,117,69"/><T62/><D107/><U128/><E68/><V33/><F120/><W119/><G115/><T73/><D118/><U108/><E43/><V105/><F75/><W98/><G129/><N who="1" m="49738" /><E1/><V54/><F130/><W56/><G126/><T34/><D73/><U85/><E3/><V14/><F125/><W27/><G27/><N who="0" m="16503" /><D79/><U84/><E127/><V41/><F70/><W47/><G56/><T60/><D34/><U18/><E18/><V114/><F114/><W57/><G57/><N who="0" m="37135" /><D51/><U19/><E19/><V104/><F33/><W20/><G106/><T113/><D113/><U24/><E24/><V11/><F105/><W135/><G69/><T8/><D8/><U2/><E2/><V39/><F104/><W102/><G119/><T99/><D99/><U38/><E38/><V112/><F112/><W59/><G117/><T9/><D9/><U7/><E7/><V23/><F23/><W61/><G20/><T6/><D6/><U42/><E42/><V109/><F39/><W76/><G98/><T63/><D63/><U4/><E4/><N who="2" m="3431" /><F96/><W82/><G132/><T94/><D94/><AGARI ba="1,0" hai="40,41,44,48,54,93,94,95,109,110,111" m="3431" machi="94" ten="30,2000,0" yaku="14,1,52,1" doraHai="45" who="2" fromWho="0" sc="440,-23,60,0,250,23,250,0" /><INIT seed="1,0,0,3,3,68" ten="417,60,273,250" oya="1" hai0="112,44,2,49,70,60,19,102,12,28,24,110,134" hai1="132,119,94,107,5,46,131,41,23,15,32,83,89" hai2="20,126,56,96,121,82,113,116,98,95,31,16,17" hai3="42,54,76,97,124,73,37,80,53,9,91,36,72"/><U61/><E107/><V100/><F116/><W55/><G124/><T115/><D2/><U118/><E83/><V92/><F121/><W71/><G71/><T125/><D110/><U39/><E32/><V135/><F126/><W58/><G58/><T86/><D125/><U90/><E131/><V57/><F135/><W106/><G42/><T34/><D134/><U64/><E132/><V123/><F123/><W18/><G73/><T21/><D102/><U77/><E77/><V75/><F113/><W0/><G91/><T3/><D3/><U38/><E89/><N who="2" m="55311" /><F82/><W81/><G81/><T129/><D129/><U109/><E109/><V13/><F75/><W27/><G27/><T1/><D1/><U130/><E130/><V14/><F31/><W67/><G67/><T10/><D34/><U117/><E5/><V99/><F98/><W104/><G18/><T101/><D101/><U105/><E105/><V133/><F133/><W128/><G128/><T114/><D86/><U122/><E122/><V29/><F29/><W35/><G35/><T33/><D33/><U66/><E15/><V51/><F51/><W30/><G30/><T47/><D49/><U4/><E4/><V8/><AGARI ba="0,0" hai="8,13,14,16,17,20,56,57,95,99,100" m="55311" machi="8" ten="30,2000,0" yaku="8,1,54,1" doraHai="68" who="2" fromWho="2" sc="417,-5,60,-10,273,20,250,-5" /><INIT seed="2,0,0,4,4,92" ten="412,50,293,245" oya="2" hai0="11,72,124,42,49,111,78,17,37,74,19,93,102" hai1="1,67,14,110,4,103,123,131,27,63,133,16,105" hai2="48,82,46,32,75,20,31,99,45,57,121,134,115" hai3="129,68,38,22,125,98,50,41,109,135,61,3,9"/><V81/><F121/><W100/><G109/><T6/><D111/><U108/><E123/><V69/><F115/><W94/><G125/><T117/><D124/><U18/><E110/><V36/><F69/><W29/><G129/><T114/><D114/><U56/><E108/><V64/><F32/><W90/><G135/><T55/><D117/><U39/><E131/><V47/><F36/><W35/><G35/><T113/><D113/><U87/><E133/><V80/><F75/><W2/><G38/><T107/><D107/><U89/><E39/><V76/><F76/><W118/><G118/><T65/><D65/><U101/><E1/><V5/><F5/><W91/><G61/><T112/><D112/><U40/><E40/><V79/><F79/><W52/><G41/><T71/><D71/><U7/><E105/><V58/><F58/><W104/><G68/><T30/><D30/><U85/><E27/><N who="2" m="16871" /><F134/><W25/><G9/><T83/><D74/><U70/><E70/><V15/><F15/><W12/><G12/><T60/><D60/><U66/><E66/><V13/><F13/><W120/><G120/><T96/><D42/><U8/><E4/><V59/><F59/><W23/><G23/><T34/><D34/><U84/><REACH who="1" step="1"/><E89/><REACH who="1" ten="412,40,293,245" step="2"/><V28/><F64/><W119/><G119/><T0/><D37/><U24/><E24/><V106/><F106/><W116/><G116/><T77/><D77/><U53/><E53/><N who="2" m="31911" /><F28/><W44/><G91/><T43/><D43/><U26/><E26/><V21/><F21/><W86/><AGARI ba="0,1" hai="2,3,22,25,29,44,50,52,86,90,94,98,100,104" machi="86" ten="20,5200,0" yaku="0,1,7,1,52,1,54,1" doraHai="92" who="3" fromWho="3" sc="412,-13,40,-13,293,-26,245,62" /><INIT seed="3,0,0,5,1,108" ten="399,27,267,307" oya="3" hai0="28,62,45,43,21,90,22,39,13,32,2,66,6" hai1="4,19,92,100,73,49,0,56,68,16,76,41,130" hai2="72,80,18,57,24,27,44,20,3,75,84,63,71" hai3="79,59,99,106,127,132,60,78,114,88,89,77,121"/><W126/><G121/><T111/><D111/><U65/><E68/><V83/><F3/><W25/><G132/><T119/><D119/><U55/><E130/><V46/><F71/><W52/><G114/><T107/><D107/><U48/><E73/><V105/><F105/><W37/><G37/><T23/><D2/><U104/><E104/><V115/><F115/><W58/><G25/><T69/><D32/><U118/><E118/><V82/><F75/><W54/><G106/><T9/><REACH who="0" step="1"/><D90/><REACH who="0" ten="389,27,267,307" step="2"/><U116/><E92/><V93/><F72/><W29/><G29/><AGARI ba="0,1" hai="6,9,13,21,22,23,28,29,39,43,45,62,66,69" machi="29" ten="40,2600,0" yaku="1,1,2,1,53,0" doraHai="108" doraHaiUra="31" who="0" fromWho="3" sc="389,36,27,0,267,0,307,-26" owari="425,52.0,27,-47.0,267,-13.0,281,8.0" /></mjloggm>