<mjloggm ver="2.3"><GO type="97" lobby="0"/><UN n0="%E3%83%81%E3%83%A3%E3%82%A4%E3%83%8A%E3%82%BF%E3%82%A6%E3%83%8A%E3%83%BC" n1="%E3%81%99%E3%81%BF%E3%83%9A" n2="%E5%B0%B1%E6%B4%BB%E7%94%9F%40%E5%B7%9D%E6%9D%91%E8%BB%8D%E5%9B%A3" n3="%E4%B8%87%E7%82%B9%E5%9D%8A" dan="14,13,14,13" rate="1875.59,1870.91,1947.20,1943.47" sx="M,M,M,M"/><TAIKYOKU oya="0"/><INIT seed="0,0,0,5,4,125" ten="250,250,250,250" oya="0" hai0="99,130,132,44,107,7,46,80,39,64,35,14,86" hai1="68,135,91,121,8,104,122,51,79,18,55,113,27" hai2="26,94,42,41,74,124,96,89,53,21,115,48,108" hai3="105,126,131,47,66,72,76,12,33,38,92,30,102"/><T85/><D132/><U75/><E104/><V112/><F74/><W100/><G66/><T17/><D35/><U13/><E68/><V15/><F124/><W43/><G92/><T78/><D64/><U106/><E106/><V83/><F108/><W70/><G70/><T93/><D7/><U54/><E75/><V6/><F83/><W103/><G105/><T90/><D130/><U123/><E79/><V23/><F115/><W101/><G12/><T10/><D39/><U5/><E135/><V24/><F112/><W127/><G131/><T3/><D3/><U57/><E113/><V22/><F15/><W118/><G118/><T95/><D107/><U40/><E40/><N who="2" m="15467" /><F6/><W110/><G110/><T114/><D114/><U120/><N who="1" m="31232" /><DORA hai="50" /><U133/><E133/><V29/><F29/><W9/><G9/><T49/><D49/><U109/><E109/><V62/><F62/><W36/><G36/><T59/><D59/><AGARI ba="0,0" hai="21,22,23,24,26,48,53,59,89,94,96" m="15467" machi="59" ten="30,2000,0" yaku="8,1,52,1" doraHai="125,50" who="2" fromWho="0" sc="250,-20,250,0,250,20,250,0" /><INIT seed="1,0,0,5,5,40" ten="230,250,270,250" oya="1" hai0="112,69,12,78,131,64,31,88,41,30,115,133,84" hai1="101,119,89,77,10,82,11,91,97,76,108,53,98" hai2="29,3,7,80,121,70,114,36,122,34,20,17,28" hai3="134,23,126,92,68,13,103,113,18,72,118,46,16"/><U0/><E119/><V47/><F70/><W107/><G113/><T60/><D133/><U65/><E0/><V66/><F66/><W74/><G107/><T81/><D131/><U90/><E65/><V14/><F80/><W26/><G68/><T6/><D41/><U61/><E108/><V135/><F36/><W51/><G134/><T42/><D42/><U27/><E82/><V109/><F47/><W125/><G118/><T21/><D78/><U100/><E27/><N who="2" m="18719" /><F135/><W111/><G111/><T85/><D30/><U106/><E106/><V22/><F109/><W54/><G92/><T15/><D15/><U129/><E129/><V94/><F94/><W75/><REACH who="3" step="1"/><G103/><REACH who="3" ten="230,250,270,240" step="2"/><T50/><D50/><U19/><E89/><V110/><F114/><W132/><G132/><T73/><D73/><U93/><E93/><V4/><F110/><W52/><G52/><T2/><D84/><U25/><E25/><N who="2" m="16551" /><F122/><W128/><G128/><T99/><D99/><U104/><E104/><V48/><F121/><W67/><G67/><T95/><D81/><U117/><E117/><V120/><F120/><W130/><G130/><T102/><D102/><U55/><REACH who="1" step="1"/><E19/><REACH who="1" ten="230,240,270,240" step="2"/><V116/><F116/><W8/><AGARI ba="0,2" hai="8,13,16,18,23,26,46,51,54,72,74,75,125,126" machi="8" ten="40,8000,1" yaku="1,1,0,1,52,1,54,1,53,0" doraHai="40" doraHaiUra="63" who="3" fromWho="3" sc="230,-20,240,-40,270,-20,240,100" /><INIT seed="2,0,0,1,1,44" ten="210,200,250,340" oya="2" hai0="119,101,20,9,10,132,99,88,61,13,45,112,73" hai1="103,56,14,72,8,116,130,115,52,50,0,55,42" hai2="35,67,63,11,71,12,117,80,76,84,38,37,83" hai3="16,19,94,75,118,34,77,46,47,104,113,102,59"/><V49/><F35/><W87/><G118/><T96/><D112/><U110/><E116/><V2/><F117/><W27/><G113/><T86/><D119/><U125/><E115/><V85/><F2/><W129/><G129/><T109/><D109/><U78/><E0/><V22/><F22/><W29/><G75/><T90/><D132/><U62/><E130/><V114/><F114/><W53/><G104/><T97/><D73/><U108/><E103/><V60/><F60/><W30/><G30/><T48/><D61/><U121/><E125/><V95/><F95/><W126/><G126/><T7/><D20/><U133/><E133/><V100/><F100/><W64/><G64/><T25/><D25/><U24/><E72/><V127/><F127/><W36/><G36/><T122/><D122/><U65/><E78/><V81/><F49/><W107/><G107/><T32/><D32/><U15/><E24/><V18/><REACH who="2" step="1"/><F83/><REACH who="2" ten="210,200,240,340" step="2"/><W3/><G102/><T70/><D101/><U69/><E121/><V124/><F124/><W54/><G3/><T123/><D123/><U41/><E55/><V120/><F120/><W43/><G54/><T111/><D48/><U58/><E69/><V17/><F17/><W66/><G94/><T68/><D111/><N who="1" m="42539" /><E8/><V131/><F131/><W33/><G33/><T5/><D45/><U128/><E128/><V4/><F4/><W1/><G47/><T134/><D134/><U93/><E93/><V89/><AGARI ba="0,1" hai="11,12,18,37,38,63,67,71,76,80,81,84,85,89" machi="89" ten="20,12000,1" yaku="1,1,0,1,7,1,53,2" doraHai="44" doraHaiUra="79" who="2" fromWho="2" sc="210,-40,200,-40,240,130,340,-40" /><INIT seed="2,1,0,5,4,92" ten="170,160,370,300" oya="2" hai0="74,53,130,25,88,100,82,11,57,86,59,67,98" hai1="3,17,38,30,31,66,90,62,75,49,85,134,108" hai2="5,104,109,91,83,2,113,76,93,7,114,119,23" hai3="39,111,102,12,131,61,1,50,51,18,46,9,80"/><V126/><F104/><W84/><G111/><T97/><D130/><U71/><E75/><V68/><F119/><W8/><G131/><T79/><D11/><U36/><E134/><V94/><F126/><W27/><G61/><T122/><D122/><U64/><E3/><V58/><F68/><W32/><G39/><T128/><D128/><U54/><E108/><V120/><F109/><W22/><G102/><T16/><D67/><U106/><E106/><V121/><F58/><W14/><G32/><T135/><D135/><U124/><E124/><V43/><F43/><W42/><G1/><T37/><D37/><U73/><E73/><V34/><F34/><W129/><G129/><T96/><D25/><U24/><E66/><V28/><F2/><W13/><REACH who="3" step="1"/><G50/><REACH who="3" ten="170,160,370,290" step="2"/><T55/><D100/><U26/><E38/><V60/><F60/><W101/><G101/><T45/><D16/><U40/><E17/><V77/><F28/><W81/><G81/><T112/><D82/><U99/><E31/><V105/><F83/><W133/><G133/><T48/><D48/><U65/><E30/><V95/><F7/><W72/><G72/><T56/><D74/><U63/><E63/><V118/><F5/><W47/><G47/><T117/><D45/><N who="1" m="23687" /><E65/><V33/><F121/><W15/><N who="3" m="3584" /><DORA hai="35" /><W107/><G107/><T0/><D0/><U132/><E132/><V70/><F105/><W127/><G127/><T125/><D125/><U103/><E24/><V19/><F33/><W52/><G52/><T41/><D53/><U87/><E26/><N who="2" m="14719" /><F120/><W115/><G115/><T20/><D112/><RYUUKYOKU ba="1,1" sc="170,-10,160,-10,370,-10,290,30" hai3="8,9,18,22,27,42,46,51,80,84" /><INIT seed="3,2,1,1,4,61" ten="160,150,360,320" oya="3" hai0="5,23,13,94,91,50,35,70,73,16,106,115,103" hai1="130,113,114,64,26,36,99,90,133,58,7,66,84" hai2="41,51,46,80,47,59,128,85,53,117,100,33,127" hai3="108,88,125,89,3,52,72,15,10,20,82,102,129"/><W79/><G125/><T75/><D115/><U56/><E36/><V1/><F33/><W54/><G129/><T104/><D5/><U135/><E7/><V116/><F1/><W4/><G108/><T68/><D35/><U38/><E99/><V27/><F128/><W2/><G102/><T93/><D50/><U49/><E38/><V11/><F127/><W81/><G81/><T86/><D93/><U71/><E130/><V48/><F100/><W126/><G126/><T78/><D104/><U83/><E71/><V119/><F27/><W63/><G63/><T29/><D29/><U95/><E26/><V37/><F11/><W57/><G57/><N who="1" m="22122" /><E49/><V101/><F101/><W17/><REACH who="3" step="1"/><G2/><REACH who="3" ten="160,150,360,310" step="2"/><T109/><D109/><U111/><E111/><V131/><F131/><W9/><G9/><T132/><D103/><U12/><E83/><V77/><F119/><W42/><G42/><AGARI ba="2,2" hai="37,41,42,46,47,48,51,53,59,77,80,85,116,117" machi="42" ten="30,1000,0" yaku="7,1" doraHai="61" who="2" fromWho="3" sc="160,0,150,0,360,36,310,-16" owari="160,-24.0,150,-35.0,396,50.0,294,9.0" /></mjloggm>