<mjloggm ver="2.3"><GO type="225" lobby="0"/><UN n0="%6B%65%6E%6B%65%6E%32" n1="%E9%87%98%E5%AE%AE%E7%97%85%E6%82%A3%E8%80%85" n2="%E3%83%88%E3%83%88%E3%83%AA%E5%85%88%E7%94%9F%31%39%E6%AD%B3" n3="%E9%8A%80%E3%81%B0%E3%81%95%E3%81%BF" dan="16,16,18,18" rate="2170.83,2201.12,2297.99,2295.40" sx="M,F,F,M"/><TAIKYOKU oya="0"/><INIT seed="0,0,0,5,3,94" ten="250,250,250,250" oya="0" hai0="3,23,50,107,71,99,62,44,78,61,38,134,84" hai1="42,86,41,120,5,10,87,0,101,80,113,114,48" hai2="105,117,104,89,32,77,83,112,55,90,95,72,54" hai3="6,63,19,65,116,96,14,130,49,100,128,56,85"/><T70/><D70/><U46/><E120/><V132/><F32/><W131/><G116/><T40/><D134/><U57/><E57/><V124/><F132/><W13/><G6/><T20/><D3/><U92/><E42/><V35/><F35/><W1/><G1/><T69/><D69/><U53/><E41/><V21/><F117/><W31/><G31/><T28/><D38/><U126/><E126/><V37/><F37/><W119/><G119/><T81/><D71/><U79/><REACH who="1" step="1"/><E86/><REACH who="1" ten="250,240,250,250" step="2"/><V45/><F124/><W135/><G135/><T22/><REACH who="0" step="1"/><D28/><REACH who="0" ten="240,240,250,250" step="2"/><U103/><E103/><AGARI ba="0,2" hai="20,22,23,40,44,50,61,62,78,81,84,99,103,107" machi="103" ten="40,12000,1" yaku="1,1,2,1,52,1,53,1" doraHai="94" doraHaiUra="74" who="0" fromWho="1" sc="240,140,240,-120,250,0,250,0" /><INIT seed="0,1,0,5,4,59" ten="380,120,250,250" oya="0" hai0="44,74,8,61,39,93,0,129,133,66,1,82,42" hai1="99,111,43,62,22,26,128,50,63,33,47,17,10" hai2="51,70,90,75,31,134,5,49,7,67,16,12,98" hai3="28,64,123,89,6,20,37,116,77,80,106,58,27"/><T130/><D133/><U18/><E128/><N who="0" m="49257" /><D93/><U122/><E122/><V113/><F113/><W105/><G116/><T36/><D36/><U15/><E111/><V46/><F75/><W53/><G37/><T21/><D21/><U13/><E33/><V107/><F134/><W65/><G123/><T4/><D82/><U87/><E99/><V88/><F31/><W48/><G6/><T69/><D74/><U110/><E110/><V30/><F30/><W57/><G89/><N who="2" m="34409" /><F67/><W112/><G112/><T131/><N who="0" m="49265" /><T125/><DORA hai="3" /><D125/><U52/><E43/><N who="2" m="24799" /><F70/><W109/><G109/><T101/><D101/><U81/><E26/><V135/><F107/><W83/><G83/><T54/><D54/><U108/><E108/><V79/><F79/><AGARI ba="1,0" hai="10,13,15,17,18,22,47,50,52,62,63,79,81,87" machi="79" ten="30,8000,1" yaku="7,1,8,1,52,2,54,1" doraHai="59,3" who="1" fromWho="2" sc="380,0,120,83,250,-83,250,0" /><INIT seed="1,0,0,2,0,63" ten="380,203,167,250" oya="1" hai0="40,72,79,26,116,107,94,27,117,112,133,28,8" hai1="96,123,45,30,31,121,86,23,127,118,76,3,115" hai2="70,84,128,19,56,74,14,11,88,134,42,113,21" hai3="93,9,50,47,4,57,24,12,22,52,38,44,49"/><U32/><E118/><V102/><F70/><W81/><G38/><T106/><D112/><U69/><E115/><V111/><F74/><W41/><G81/><T80/><D133/><U87/><E3/><V110/><F113/><W29/><REACH who="3" step="1"/><G93/><REACH who="3" ten="380,203,167,240" step="2"/><T54/><D94/><U10/><E123/><V114/><F114/><W129/><G129/><T20/><D106/><U46/><E121/><V98/><F128/><W5/><G5/><T75/><D107/><U101/><E127/><V16/><F134/><W65/><G65/><T104/><D104/><U51/><E31/><V122/><F122/><W59/><AGARI ba="0,1" hai="4,9,12,22,24,29,41,44,47,49,50,52,57,59" machi="59" ten="30,7900,0" yaku="1,1,0,1,8,1,54,1,53,0" doraHai="63" doraHaiUra="61" who="3" fromWho="3" sc="380,-20,203,-39,167,-20,240,89" /><INIT seed="2,0,0,2,3,39" ten="360,164,147,329" oya="2" hai0="110,54,118,101,75,98,60,51,21,85,12,77,87" hai1="108,17,127,55,100,2,6,97,91,103,19,65,34" hai2="72,46,120,50,38,62,123,86,9,111,26,8,53" hai3="81,64,25,132,58,74,49,116,78,61,1,99,16"/><V89/><F72/><W40/><G116/><T15/><D75/><U126/><E34/><V73/><F73/><W88/><G1/><T35/><D35/><U47/><E65/><V124/><F124/><N who="1" m="47657" /><E108/><V94/><F111/><W31/><G132/><T106/><D118/><U84/><E6/><V68/><F38/><W44/><G16/><N who="1" m="6218" /><E2/><V5/><F26/><W114/><G114/><T23/><D60/><U37/><E97/><V67/><REACH who="2" step="1"/><F9/><REACH who="2" ten="360,164,137,329" step="2"/><W122/><G25/><T112/><D110/><U32/><E32/><V102/><F102/><W42/><G74/><T36/><D101/><U96/><E96/><V133/><F133/><W113/><G99/><T80/><D98/><U130/><E130/><V119/><F119/><W0/><G113/><T66/><D112/><U13/><E13/><AGARI ba="0,1" hai="5,8,13,46,50,53,62,67,68,86,89,94,120,123" machi="13" ten="30,5800,0" yaku="1,1,7,1,53,1" doraHai="39" doraHaiUra="63" who="2" fromWho="1" sc="360,0,164,-58,137,68,329,0" /><INIT seed="2,1,0,3,3,127" ten="360,106,205,329" oya="2" hai0="15,0,96,109,108,92,9,29,77,63,113,69,45" hai1="70,116,114,102,66,53,98,95,24,135,128,27,67" hai2="12,23,41,3,32,28,20,81,40,43,30,62,85" hai3="10,118,91,125,80,110,121,83,57,6,94,48,76"/><V11/><F3/><W1/><G121/><T47/><D113/><U17/><E116/><V14/><F62/><W101/><G118/><T55/><D0/><U126/><E114/><V16/><F32/><W51/><G125/><T37/><D29/><U71/><E126/><V87/><F87/><W88/><G110/><N who="0" m="42603" /><D77/><U52/><E135/><V4/><REACH who="2" step="1"/><F23/><REACH who="2" ten="360,106,195,329" step="2"/><W105/><G1/><T2/><D2/><U129/><E98/><V117/><F117/><W68/><G68/><T73/><D73/><U59/><E102/><V74/><F74/><W36/><G101/><T31/><D69/><U7/><E7/><V78/><AGARI ba="1,1" hai="4,11,12,14,16,20,28,30,40,41,43,78,81,85" machi="78" ten="30,11700,0" yaku="1,1,0,1,8,1,54,1,53,0" doraHai="127" doraHaiUra="22" who="2" fromWho="2" sc="360,-40,106,-40,195,130,329,-40" /><INIT seed="2,2,0,2,3,59" ten="320,66,325,289" oya="2" hai0="8,81,92,38,0,129,50,58,79,122,13,41,28" hai1="2,78,100,74,90,125,10,76,115,127,112,123,75" hai2="29,105,134,67,128,27,121,35,107,26,103,83,116" hai3="132,9,117,5,85,104,77,44,108,11,62,135,68"/><V4/><F116/><W96/><G117/><T14/><D122/><U119/><E119/><V46/><F121/><W17/><G108/><T66/><D129/><U71/><E123/><V42/><F128/><W52/><G17/><T106/><D106/><U64/><E2/><V63/><F134/><N who="3" m="51243" /><G44/><T47/><D0/><U1/><E1/><V37/><F4/><W102/><G5/><T20/><D92/><U23/><E23/><V65/><F65/><N who="3" m="41015" /><G52/><T54/><D66/><U22/><E22/><V101/><F27/><W33/><G33/><T36/><D13/><U133/><E133/><V34/><F34/><W57/><G57/><T80/><D28/><U99/><E10/><V110/><F110/><W53/><G53/><T97/><D20/><U32/><E32/><V43/><F43/><W87/><G87/><T12/><D8/><U49/><E49/><V48/><F48/><W61/><G61/><T60/><D38/><U40/><E40/><V31/><F31/><W113/><G113/><N who="1" m="43594" /><E71/><V56/><F107/><W15/><G15/><T45/><D14/><U89/><E64/><V21/><F105/><W109/><G109/><T70/><D12/><U30/><E30/><V25/><F25/><W124/><G124/><N who="1" m="47690" /><E75/><V16/><F29/><W91/><G77/><N who="1" m="29802" /><E74/><V131/><F35/><W7/><G7/><T18/><D70/><U82/><E82/><AGARI ba="2,0" hai="9,11,82,85,91,96,102,104" m="41015,51243" machi="82" ten="30,2000,0" yaku="20,1,52,1" doraHai="59" who="3" fromWho="1" sc="320,0,66,-26,325,0,289,26" /><INIT seed="3,0,0,2,0,30" ten="320,40,325,315" oya="3" hai0="32,31,51,76,127,38,19,113,82,72,53,123,61" hai1="24,98,46,4,71,39,62,26,75,16,81,27,84" hai2="109,121,48,10,54,28,114,37,67,45,116,63,101" hai3="12,122,87,92,83,133,129,7,128,112,42,25,134"/><W29/><G112/><T8/><D38/><U125/><E75/><V58/><F114/><W94/><G42/><T124/><D113/><U5/><E125/><N who="0" m="48201" /><D123/><U57/><E71/><V115/><F115/><W66/><G66/><T20/><D32/><U118/><E118/><V85/><F116/><W47/><G47/><N who="0" m="27903" /><D61/><U80/><E39/><V103/><F109/><W56/><G56/><T52/><D52/><U2/><E46/><V90/><F121/><W55/><G55/><T49/><D49/><U15/><E98/><V13/><F28/><W68/><G68/><T0/><D31/><U1/><E57/><V107/><F107/><W119/><G122/><T41/><D41/><U35/><E62/><V14/><F37/><W40/><G40/><T93/><D93/><N who="3" m="35945" /><G119/><T70/><D70/><U23/><E81/><N who="2" m="49455" /><F10/><N who="3" m="4191" /><G25/><N who="1" m="9834" /><E80/><V36/><F36/><W74/><G29/><T131/><D20/><U33/><N who="1" m="9842" /><U21/><DORA hai="73" /><E84/><V104/><F104/><W34/><G34/><N who="1" m="12810" /><E23/><V111/><F111/><W108/><G108/><T79/><D82/><U110/><E110/><V18/><F63/><W65/><G65/><T6/><D72/><U120/><E120/><V50/><F67/><W60/><G60/><T126/><D126/><U77/><E77/><V9/><F48/><W89/><G74/><T86/><D86/><U69/><E69/><V11/><F45/><W99/><G99/><T96/><D96/><U59/><E59/><V3/><F3/><AGARI ba="0,0" hai="1,2,3,4,5,15,16,21" m="12810,9842" machi="3" ten="40,16000,3" yaku="35,5,52,3,54,1" doraHai="30,73" who="1" fromWho="2" sc="320,0,40,160,325,-160,315,0" owari="320,41.0,200,-20.0,165,-33.0,315,12.0" /></mjloggm>