<mjloggm ver="2.3"><GO type="169" lobby="0"/><UN n0="%E3%81%A0%E3%81%A3%E3%81%A6%E3%81%84%E3%81%86" n1="%E5%B0%B1%E6%B4%BB%E7%94%9F%40%E5%B7%9D%E6%9D%91%E8%BB%8D%E5%9B%A3" n2="%EF%BC%A0%E3%81%BF%E3%82%84" n3="%E3%83%86%E3%83%AC%E3%83%93%E3%81%A3%E5%AD%90" dan="16,16,16,17" rate="2100.27,2044.64,2072.89,2173.70" sx="M,M,M,M"/><TAIKYOKU oya="0"/><INIT seed="0,0,0,3,1,87" ten="250,250,250,250" oya="0" hai0="119,78,106,43,97,11,29,36,91,84,23,55,65" hai1="21,0,123,122,45,12,130,15,94,80,125,28,111" hai2="34,27,66,103,14,57,71,5,128,52,121,3,56" hai3="81,41,39,120,22,4,32,46,1,114,74,82,77"/><T48/><D119/><U20/><E80/><V59/><F121/><W61/><G120/><T83/><D65/><U75/><E75/><V93/><F3/><W64/><G22/><T30/><D36/><U101/><E101/><V13/><F71/><N who="3" m="42383" /><G82/><T62/><D43/><U117/><E94/><V7/><F66/><W88/><G88/><T85/><D62/><U86/><E45/><V110/><F110/><W105/><G114/><T8/><D97/><U54/><E86/><V9/><F34/><W124/><G124/><T79/><D106/><U99/><E99/><N who="2" m="59887" /><F128/><W96/><G32/><T126/><D126/><U67/><E54/><V6/><F27/><W131/><G131/><T37/><D37/><U17/><E67/><V50/><F14/><W42/><G42/><T70/><D70/><U31/><E125/><V98/><F98/><W60/><G96/><T10/><D23/><U47/><E47/><AGARI ba="0,0" hai="5,6,7,9,13,47,50,52,56,57,59" m="59887" machi="47" ten="30,2000,0" yaku="8,1,54,1" doraHai="87" who="2" fromWho="1" sc="250,0,250,-20,250,20,250,0" /><INIT seed="1,0,0,1,4,90" ten="250,230,270,250" oya="1" hai0="41,110,27,97,59,112,21,24,76,101,8,11,73" hai1="66,50,85,120,33,127,48,117,102,106,6,134,81" hai2="4,52,18,63,84,116,9,58,30,46,114,13,122" hai3="60,43,45,92,132,5,126,119,70,100,107,68,104"/><U113/><E120/><V44/><F116/><W67/><G126/><T74/><D110/><U2/><E117/><V83/><F114/><W38/><G132/><T79/><D112/><U32/><E113/><V88/><F122/><W103/><G119/><T130/><D130/><U29/><E66/><V111/><F111/><W98/><G5/><T10/><D41/><U109/><E109/><V86/><F30/><W93/><G70/><T65/><D74/><U124/><E134/><V121/><F121/><W69/><G69/><T26/><D73/><U95/><E106/><V3/><REACH who="2" step="1"/><F84/><REACH who="2" ten="250,230,260,250" step="2"/><W94/><REACH who="3" step="1"/><G104/><REACH who="3" ten="250,230,260,240" step="2"/><T91/><D27/><N who="1" m="18495" /><E127/><V19/><F19/><W75/><G75/><T17/><D26/><U80/><E6/><V125/><F125/><W62/><G62/><T12/><D24/><U77/><E124/><V15/><F15/><W25/><G25/><T55/><D12/><U78/><E2/><V128/><F128/><W108/><G108/><T16/><D17/><U54/><E33/><V72/><F72/><W135/><G135/><T115/><D115/><U0/><E0/><V39/><F39/><W87/><G87/><T36/><D36/><U99/><E48/><V37/><F37/><W82/><G82/><T133/><D16/><U118/><E118/><V89/><F89/><W64/><G64/><T123/><D65/><U7/><E7/><V49/><F49/><W34/><G34/><T57/><D123/><U105/><E105/><V56/><F56/><W129/><G129/><T23/><D91/><N who="1" m="51631" /><E80/><V53/><F53/><W131/><G131/><T20/><D133/><RYUUKYOKU ba="0,2" sc="250,-30,230,10,260,10,240,10" hai1="50,54,77,78,95,99,102" hai2="3,4,9,13,18,44,46,52,58,63,83,86,88" hai3="38,43,45,60,67,68,92,93,94,98,100,103,107" /><INIT seed="1,1,2,5,4,38" ten="220,240,270,250" oya="1" hai0="47,92,37,101,120,106,91,76,132,105,125,31,23" hai1="111,128,104,93,14,80,32,73,79,94,121,51,88" hai2="129,54,66,18,87,45,133,130,42,127,46,16,43" hai3="96,19,21,90,85,135,63,25,53,11,82,102,103"/><U50/><E32/><V134/><F66/><W44/><G135/><N who="2" m="51721" /><F127/><W7/><G96/><T30/><D132/><U0/><E0/><V119/><F119/><W109/><G109/><T110/><D110/><U24/><E111/><V124/><F124/><W48/><REACH who="3" step="1"/><G63/><REACH who="3" ten="220,240,270,240" step="2"/><T33/><D125/><U2/><E121/><V58/><F129/><W36/><G36/><T116/><D37/><U34/><E128/><V117/><F130/><W126/><G126/><T56/><D120/><U72/><E104/><V3/><F117/><W9/><G9/><T71/><D105/><U28/><E51/><N who="2" m="27071" /><F3/><AGARI ba="1,3" hai="3,7,11,19,21,25,44,48,53,82,85,90,102,103" machi="3" ten="30,2000,0" yaku="1,1,7,1,53,0" doraHai="38" doraHaiUra="61" who="3" fromWho="2" sc="220,0,240,0,270,-23,240,53" /><INIT seed="2,0,0,1,5,62" ten="220,240,247,293" oya="2" hai0="122,111,86,88,121,73,31,132,45,101,129,131,1" hai1="93,29,71,50,53,126,117,68,60,47,105,57,34" hai2="35,69,70,10,79,61,48,25,8,18,77,124,41" hai3="24,81,130,16,115,116,112,127,26,36,32,38,11"/><V113/><F113/><W19/><G116/><T17/><D73/><U102/><E117/><V89/><F124/><W64/><G127/><T84/><D111/><U80/><E126/><V78/><F89/><W13/><G130/><N who="0" m="49675" /><D1/><U12/><E105/><V120/><F120/><W39/><G81/><N who="0" m="49167" /><D31/><U2/><E2/><V109/><F109/><W95/><G95/><T87/><D101/><U4/><E34/><V134/><F134/><W6/><G32/><T21/><D45/><U97/><E29/><V118/><F118/><W15/><G6/><T7/><D7/><U119/><E119/><V28/><F18/><W96/><G39/><T54/><D54/><U99/><E99/><V85/><F85/><N who="0" m="32266" /><D132/><U83/><E71/><V49/><F41/><W44/><G44/><T52/><D52/><N who="1" m="33831" /><E68/><V3/><F70/><W104/><G96/><T123/><D123/><U135/><E135/><V40/><F40/><W107/><REACH who="3" step="1"/><G11/><AGARI ba="0,0" hai="4,11,12,47,50,53,80,83,93,97,102" m="33831" machi="11" ten="30,2000,0" yaku="8,1,54,1" doraHai="62" who="1" fromWho="3" sc="220,0,240,20,247,0,293,-20" /><INIT seed="3,0,0,4,5,133" ten="220,260,247,273" oya="3" hai0="26,124,86,4,90,82,117,119,79,58,11,17,89" hai1="22,19,74,66,65,95,107,18,88,94,110,59,114" hai2="46,61,3,129,111,103,70,44,85,6,127,64,21" hai3="32,128,36,38,52,131,81,37,39,62,99,102,60"/><W73/><G32/><T31/><D124/><U35/><E107/><V29/><F111/><W105/><N who="3" m="9216" /><DORA hai="24" /><W49/><G73/><T134/><D134/><U15/><E110/><V50/><F129/><N who="3" m="49739" /><G81/><T42/><D42/><U120/><E120/><V53/><F127/><W2/><G2/><T130/><D17/><U67/><E74/><V48/><F103/><W72/><G72/><T68/><D68/><U113/><E35/><V116/><F116/><W115/><G115/><T112/><D112/><U109/><E95/><V9/><F85/><W75/><G75/><T54/><D130/><U12/><E109/><V34/><F34/><W23/><G23/><N who="0" m="15839" /><D117/><U27/><E59/><AGARI ba="0,0" hai="49,52,59,60,62,99,102,105" m="49739,9216" machi="59" ten="60,5800,0" yaku="19,1,54,1" doraHai="133,24" who="3" fromWho="1" sc="220,0,260,-58,247,0,273,58" /><INIT seed="3,1,0,5,3,53" ten="220,202,247,331" oya="3" hai0="119,58,132,113,67,130,97,10,24,68,112,48,118" hai1="18,1,11,14,125,114,79,27,99,19,111,101,69" hai2="135,90,91,35,65,75,120,83,85,26,108,59,86" hai3="96,78,128,129,42,110,76,107,7,64,66,121,116"/><W133/><G121/><T3/><D97/><U117/><E69/><V40/><F108/><W8/><G42/><T15/><D3/><U28/><E111/><V31/><F120/><W16/><G116/><T70/><D24/><U32/><E117/><N who="0" m="44553" /><D132/><U104/><E114/><N who="0" m="44137" /><D130/><U46/><E125/><V49/><F75/><W102/><G7/><T56/><D48/><U45/><E79/><V77/><F135/><W115/><G115/><T2/><D2/><U61/><E1/><V100/><F100/><W105/><G133/><T21/><D21/><U20/><REACH who="1" step="1"/><E61/><REACH who="1" ten="220,192,247,331" step="2"/><V60/><F77/><W82/><G78/><T33/><D33/><U80/><E80/><V50/><F40/><W109/><G82/><AGARI ba="1,1" hai="26,31,35,49,50,59,60,65,82,83,85,86,90,91" machi="82" ten="30,3900,0" yaku="7,1,9,1,52,1" doraHai="53" who="2" fromWho="3" sc="220,0,192,0,247,52,331,-42" /><INIT seed="4,0,0,0,5,46" ten="220,192,299,289" oya="0" hai0="8,59,106,57,92,76,78,21,66,12,129,1,91" hai1="81,82,97,68,108,34,29,115,63,52,26,17,7" hai2="28,72,134,49,99,135,118,10,93,113,20,71,45" hai3="32,117,83,96,88,6,102,127,47,42,37,65,103"/><T24/><D106/><U84/><E108/><V39/><F113/><W19/><G32/><T4/><D129/><U31/><E115/><V62/><F72/><W131/><G117/><T104/><D104/><U111/><E111/><V80/><F118/><W69/><G6/><T123/><D1/><U116/><E116/><V9/><F39/><W101/><G131/><T105/><D105/><U50/><E29/><V5/><F80/><W38/><G127/><T14/><D14/><U126/><E126/><V56/><F71/><W90/><G65/><T48/><D123/><U16/><E7/><V64/><F20/><W36/><G69/><T15/><D15/><U109/><E97/><V11/><F28/><W40/><G19/><T25/><D66/><U98/><E98/><V77/><F77/><N who="0" m="29802" /><D48/><U114/><E114/><V74/><F74/><W100/><G100/><T132/><D132/><N who="2" m="50730" /><F5/><W85/><G38/><T41/><D41/><U125/><E109/><V54/><F10/><W70/><G70/><T22/><D22/><U89/><E81/><V23/><F23/><W122/><G122/><T55/><D21/><U94/><E82/><V130/><F130/><W30/><G40/><T3/><D3/><U67/><E125/><V27/><F27/><N who="0" m="10314" /><D55/><U121/><E121/><V0/><F0/><W61/><G36/><T53/><D53/><U58/><AGARI ba="0,0" hai="16,17,26,31,34,50,52,58,63,67,68,84,89,94" machi="58" ten="20,8000,1" yaku="0,1,7,1,52,1,54,2" doraHai="46" who="1" fromWho="1" sc="220,-40,192,80,299,-20,289,-20" /><INIT seed="5,0,0,1,0,68" ten="180,272,279,269" oya="1" hai0="21,104,26,105,34,120,108,112,103,98,87,40,44" hai1="66,20,95,61,134,72,74,33,45,96,50,4,46" hai2="86,128,117,64,47,130,51,58,35,121,53,125,92" hai3="123,75,25,49,65,6,84,73,81,90,91,115,79"/><U113/><E33/><V82/><F121/><W55/><G115/><T62/><D108/><U110/><E110/><V97/><F35/><W77/><G123/><T132/><D112/><U126/><E113/><V59/><F125/><W28/><G65/><T60/><D120/><U18/><E126/><V19/><F19/><W135/><G6/><T5/><D105/><U85/><E134/><V129/><F64/><W107/><G107/><T54/><D132/><U83/><E4/><V29/><F29/><W94/><G135/><T1/><D34/><U9/><E9/><V24/><F24/><W106/><G106/><T13/><D1/><U118/><E118/><V38/><F38/><W15/><G15/><T119/><D87/><U67/><E74/><V37/><F37/><W30/><G30/><T16/><D119/><U0/><E72/><V42/><F42/><W8/><G8/><T88/><D88/><N who="1" m="51263" /><E0/><V89/><REACH who="2" step="1"/><F117/><REACH who="2" ten="180,272,269,269" step="2"/><W56/><G25/><T101/><D26/><N who="1" m="14615" /><E67/><V17/><F17/><W131/><G28/><T109/><D109/><U99/><E66/><V7/><F7/><W41/><G41/><T11/><D5/><U71/><E71/><V116/><F116/><W23/><G23/><T32/><D32/><U14/><E14/><V22/><F22/><W12/><G12/><T27/><D21/><U48/><E61/><V2/><F2/><W69/><G69/><T78/><D27/><U124/><E124/><V114/><F114/><W63/><G63/><T100/><D60/><U76/><E50/><V80/><F80/><W111/><G81/><T52/><D62/><RYUUKYOKU ba="0,1" sc="180,-10,272,-10,269,30,269,-10" hai2="47,51,53,58,59,82,86,89,92,97,128,129,130" /><INIT seed="6,1,1,3,4,9" ten="170,262,299,259" oya="2" hai0="26,115,54,118,61,113,58,83,80,0,74,10,107" hai1="20,57,112,73,104,110,37,39,19,92,29,95,5" hai2="85,130,81,27,98,53,60,121,89,55,50,109,35" hai3="14,3,68,76,22,133,43,111,116,23,106,7,62"/><V18/><F130/><W127/><G106/><T135/><D107/><U99/><E110/><V123/><F109/><W17/><G116/><T70/><D70/><U51/><E73/><V86/><F98/><W79/><G111/><T96/><D118/><U67/><E112/><N who="0" m="43081" /><D135/><U102/><E29/><V90/><F60/><W122/><G122/><T12/><D74/><U13/><E39/><V65/><F65/><W77/><G133/><T88/><D26/><U132/><E37/><V4/><F4/><W108/><G108/><T97/><D0/><U124/><E124/><V8/><F55/><W1/><G43/><T66/><D66/><U120/><E120/><V87/><F87/><W63/><G127/><T38/><D38/><U69/><E69/><V117/><F117/><W93/><G7/><N who="0" m="3167" /><D96/><U56/><E5/><V125/><F125/><W119/><G119/><T75/><D75/><U114/><E114/><V84/><F27/><W44/><G68/><T71/><D71/><U126/><E126/><V45/><F35/><W48/><G3/><T33/><D33/><U91/><E132/><V128/><F128/><W31/><G1/><T134/><D134/><U15/><E104/><V82/><F85/><W28/><G28/><T36/><D36/><U40/><E67/><V6/><F6/><W42/><G93/><AGARI ba="1,1" hai="54,58,61,80,83,88,93,97" m="3167,43081" machi="93" ten="30,3900,0" yaku="15,1,52,1,54,1" doraHai="9" who="0" fromWho="3" sc="170,52,262,0,299,0,259,-42" /><INIT seed="7,0,0,1,3,8" ten="222,262,299,217" oya="3" hai0="72,54,87,132,100,102,130,29,3,133,35,112,62" hai1="32,65,37,13,9,126,109,98,105,22,26,73,86" hai2="67,15,124,7,97,82,94,47,120,27,92,52,60" hai3="34,41,117,14,46,84,48,135,103,134,40,93,88"/><W57/><G34/><T85/><D72/><U59/><E109/><V68/><F124/><W10/><G117/><T83/><D3/><U127/><E73/><V50/><F120/><W38/><G103/><N who="0" m="39467" /><D130/><U0/><E37/><V79/><F97/><W110/><G110/><T42/><D42/><U125/><E105/><V78/><F78/><W36/><G57/><T115/><D54/><U44/><E98/><V18/><F27/><W70/><G70/><T75/><D62/><N who="1" m="38111" /><E32/><V5/><F92/><W53/><G41/><T12/><D12/><U11/><E0/><V118/><F94/><W39/><REACH who="3" step="1"/><G40/><REACH who="3" ten="222,262,299,207" step="2"/><T45/><D45/><U43/><E43/><V91/><F118/><W114/><G114/><N who="0" m="43563" /><D35/><U99/><E44/><V2/><F47/><W6/><AGARI ba="0,1" hai="6,10,14,36,38,39,46,48,53,84,88,93,134,135" machi="6" ten="40,12000,1" yaku="1,1,0,1,52,1,54,1,53,0" doraHai="8" doraHaiUra="33" who="3" fromWho="3" sc="222,-40,262,-40,299,-40,207,130" owari="182,-32.0,222,-18.0,259,6.0,337,44.0" /></mjloggm>