<mjloggm ver="2.3"><GO type="97" lobby="0"/><UN n0="%E8%A7%A3%E8%AA%AC" n1="%E5%9B%BD%E5%BA%83%E4%B8%80%EF%BC%A0%E5%92%B2" n2="%E3%82%B2%E3%83%B3%E3%82%BF%E3%82%B7%E3%83%B3" n3="%E5%B0%B1%E6%B4%BB%E7%94%9F%40%E5%B7%9D%E6%9D%91%E8%BB%8D%E5%9B%A3" dan="14,14,13,15" rate="1965.43,1933.81,1877.21,1964.70" sx="M,M,M,M"/><TAIKYOKU oya="0"/><INIT seed="0,0,0,0,2,67" ten="250,250,250,250" oya="0" hai0="76,78,102,127,85,59,9,133,124,52,84,36,135" hai1="92,71,132,87,83,48,119,41,5,37,111,46,26" hai2="122,54,66,70,100,104,27,15,58,16,107,34,22" hai3="97,103,117,11,7,57,69,39,108,50,131,115,61"/><T43/><D102/><U49/><E119/><V73/><F122/><W123/><G39/><T99/><D99/><U93/><E132/><N who="0" m="50761" /><D9/><U94/><E111/><V51/><F73/><W24/><G115/><T88/><D84/><U130/><E130/><V18/><F100/><W2/><G117/><T33/><D43/><U56/><E5/><V20/><REACH who="2" step="1"/><F34/><REACH who="2" ten="250,250,240,250" step="2"/><W112/><G123/><T113/><D33/><U60/><E37/><V38/><F38/><W21/><G108/><T68/><D36/><U32/><E32/><V129/><F129/><W77/><G131/><T110/><D110/><U98/><E98/><V134/><F134/><W62/><G97/><T10/><D113/><U13/><E87/><V40/><F40/><W14/><G103/><T114/><D114/><U30/><E41/><V45/><F45/><W42/><G112/><T1/><D127/><U120/><E46/><V95/><F95/><W35/><G35/><T79/><D124/><U125/><E94/><V3/><F3/><W0/><G42/><T53/><D1/><U91/><E93/><V8/><F8/><W80/><G2/><T65/><D10/><U75/><E92/><V126/><F126/><W128/><G0/><T31/><D85/><U116/><E116/><V105/><F105/><W74/><G128/><T23/><D23/><N who="1" m="15711" /><E125/><V29/><F29/><W72/><G72/><T64/><D31/><U63/><E120/><V4/><F4/><W25/><G21/><T89/><D78/><U19/><E75/><V86/><F86/><W12/><G74/><T28/><D79/><U47/><E47/><RYUUKYOKU ba="0,1" sc="250,-10,250,-10,240,30,250,-10" hai2="15,16,18,20,22,27,51,54,58,66,70,104,107" /><INIT seed="1,1,1,3,2,117" ten="240,240,270,240" oya="1" hai0="16,77,24,91,123,97,112,101,72,70,121,56,115" hai1="78,113,3,74,48,26,9,57,25,47,76,17,131" hai2="19,114,81,40,53,88,67,85,62,13,2,99,37" hai3="122,69,36,38,133,21,60,1,54,35,80,82,109"/><U68/><E68/><V111/><F2/><W71/><G35/><T89/><D70/><U42/><E113/><N who="0" m="43593" /><D16/><U128/><E74/><V28/><F114/><W44/><G1/><T33/><D56/><U73/><E73/><V15/><F111/><W102/><G102/><T27/><D33/><U75/><E75/><V61/><F28/><W125/><G109/><T41/><D41/><U30/><E57/><V32/><F32/><W79/><G21/><T126/><D126/><U127/><E127/><V65/><F99/><W8/><G8/><T51/><D51/><U103/><E103/><V110/><F110/><W10/><G10/><T90/><D24/><N who="1" m="9323" /><E30/><V134/><F134/><W59/><G133/><T39/><D27/><U120/><E120/><N who="0" m="46153" /><D39/><U18/><E18/><V94/><F37/><W52/><G122/><T7/><D7/><N who="1" m="1279" /><E17/><V104/><F40/><W95/><G125/><T129/><D129/><AGARI ba="1,1" hai="42,47,48,76,78,128,129,131" m="1279,9323" machi="129" ten="30,1500,0" yaku="19,1" doraHai="117" who="1" fromWho="0" sc="240,-18,240,28,270,0,240,0" /><INIT seed="1,2,0,0,0,36" ten="222,268,270,240" oya="1" hai0="86,2,104,27,21,125,30,99,20,41,110,28,64" hai1="15,59,29,100,101,82,24,85,48,95,116,22,25" hai2="93,46,126,134,62,5,10,103,102,54,4,66,57" hai3="123,6,80,68,109,69,13,14,53,9,45,78,119"/><U18/><E116/><V130/><F134/><W96/><G123/><T75/><D110/><U17/><E95/><V34/><F34/><W124/><G119/><T23/><D75/><U79/><E59/><V63/><F126/><W32/><G32/><T1/><D125/><U89/><E48/><V92/><F130/><W16/><G124/><T135/><D64/><U74/><E74/><V117/><F117/><W84/><G109/><T60/><D60/><U131/><E79/><V37/><F4/><W70/><G96/><T51/><D135/><U108/><E108/><V52/><F103/><W7/><REACH who="3" step="1"/><G13/><REACH who="3" ten="222,268,270,230" step="2"/><T81/><D99/><U39/><E131/><V91/><F102/><W56/><G56/><T31/><D2/><U58/><E58/><V76/><F76/><W105/><G105/><T122/><D1/><U87/><E101/><V44/><F44/><W77/><G77/><N who="0" m="46383" /><D104/><U26/><E100/><V65/><F91/><W118/><G118/><T98/><D98/><U133/><E133/><V71/><F37/><W114/><G114/><T0/><D0/><U94/><E39/><V97/><F46/><W113/><G113/><T3/><D3/><U121/><E15/><V112/><F112/><W111/><G111/><T40/><D122/><U67/><E25/><V120/><F120/><W55/><G55/><T38/><D38/><U90/><E121/><V115/><F115/><W19/><G19/><N who="1" m="7178" /><E24/><V106/><F106/><W43/><G43/><N who="0" m="16459" /><D27/><U132/><E132/><V49/><F97/><W107/><G107/><T42/><N who="0" m="16467" /><T50/><AGARI ba="2,1" hai="20,21,23,28,30,31,50,51" m="16467,46383" machi="50" ten="40,12000,2" yaku="4,1,8,1,52,4" doraHai="36" who="0" fromWho="0" sc="222,136,268,-62,270,-32,230,-32" /><INIT seed="2,0,0,5,5,71" ten="358,206,238,198" oya="2" hai0="95,87,58,1,106,61,33,11,109,76,133,90,121" hai1="44,126,51,75,115,107,20,73,24,101,127,81,97" hai2="63,22,134,132,67,102,37,113,49,85,129,112,78" hai3="21,135,110,8,59,125,45,32,48,65,31,130,116"/><V89/><F102/><W12/><G32/><T93/><D33/><U96/><E115/><V104/><F104/><W34/><G34/><T23/><D106/><U38/><E38/><V111/><F78/><W118/><G130/><T7/><D109/><U10/><E10/><V68/><F129/><W5/><G135/><N who="2" m="51753" /><F111/><W30/><G125/><N who="1" m="47626" /><E96/><V15/><F37/><W92/><G110/><T4/><D4/><U100/><E100/><V80/><F49/><W124/><G124/><T39/><D39/><U27/><E81/><V47/><F47/><W117/><G21/><T108/><D108/><U46/><E46/><V91/><F91/><W40/><G92/><T56/><D23/><U103/><E103/><V64/><F64/><W57/><REACH who="3" step="1"/><G57/><REACH who="3" ten="358,206,238,188" step="2"/><T70/><D95/><U0/><E20/><V41/><F41/><W131/><G131/><T119/><D58/><U84/><E107/><V74/><F74/><W55/><G55/><T122/><D133/><U79/><E75/><V3/><F3/><W105/><G105/><T6/><D1/><U66/><E73/><V9/><F22/><W53/><G53/><T120/><D56/><U60/><E0/><V42/><F42/><W28/><G28/><T18/><D122/><U88/><E66/><V16/><AGARI ba="0,1" hai="9,15,16,63,67,68,80,85,89,112,113" m="51753" machi="16" ten="30,3000,0" yaku="20,1,54,1" doraHai="71" who="2" fromWho="2" sc="358,-10,206,-10,238,40,188,-10" /><INIT seed="2,1,0,2,2,21" ten="348,196,278,178" oya="2" hai0="65,53,102,33,73,32,20,18,11,19,26,113,75" hai1="71,96,40,88,94,63,115,118,42,109,130,70,4" hai2="48,10,39,77,34,46,36,72,17,105,60,124,41" hai3="69,83,107,135,9,93,100,89,45,101,7,56,116"/><V54/><F34/><W8/><G69/><T81/><D113/><U67/><E118/><V106/><F124/><W127/><G116/><T27/><D65/><U51/><E115/><V24/><F36/><W1/><G127/><T58/><D102/><U38/><E38/><V68/><F72/><W98/><G135/><T0/><D0/><U108/><E130/><V52/><F77/><W114/><G114/><T57/><D81/><U95/><E4/><V80/><F80/><W112/><G112/><T5/><D5/><U12/><E12/><V43/><F43/><W85/><G8/><T84/><D84/><U128/><E128/><V37/><F37/><W87/><G45/><T13/><D58/><U133/><E133/><V126/><F126/><W131/><G131/><T119/><D119/><U78/><E78/><V132/><F132/><W91/><G56/><T3/><D3/><U62/><E51/><V111/><F111/><W6/><G6/><T110/><D110/><U92/><E108/><V2/><F2/><W103/><AGARI ba="1,0" hai="1,7,9,83,85,87,89,91,93,98,100,101,103,107" machi="103" ten="30,1100,0" yaku="0,1" doraHai="21" who="3" fromWho="3" sc="348,-4,196,-4,278,-6,178,14" /><INIT seed="3,0,0,5,2,33" ten="344,192,272,192" oya="3" hai0="94,34,72,131,25,130,58,51,31,103,28,42,5" hai1="15,57,4,36,73,100,68,43,35,69,107,53,121" hai2="115,104,119,91,56,122,39,19,86,114,74,55,125" hai3="101,26,82,62,96,76,9,129,18,14,112,71,29"/><W90/><G112/><T11/><D72/><U37/><E35/><V7/><F39/><W0/><G129/><N who="0" m="49163" /><D31/><U89/><E89/><V93/><F119/><W61/><G71/><T123/><D123/><U30/><E30/><V120/><F74/><W3/><G62/><T54/><D94/><U59/><E73/><V22/><F104/><W127/><G61/><T21/><D103/><U17/><E100/><V135/><F7/><W78/><G90/><T133/><D133/><U13/><E107/><V105/><F105/><W47/><G47/><T111/><D111/><U88/><E4/><V99/><F135/><W10/><G127/><T87/><D87/><U81/><E88/><V1/><F1/><W118/><G118/><T98/><D98/><U64/><E81/><V80/><F125/><W67/><G67/><T23/><D42/><U77/><E64/><V6/><F6/><W8/><G78/><T70/><D70/><U65/><E65/><V66/><F66/><W48/><G96/><T2/><AGARI ba="0,0" hai="2,5,11,21,23,25,28,34,51,54,58" m="49163" machi="2" ten="30,2000,0" yaku="19,1,52,1" doraHai="33" who="0" fromWho="0" sc="344,20,192,-5,272,-5,192,-10" owari="364,46.0,187,-21.0,267,7.0,182,-32.0" /></mjloggm>