<mjloggm ver="2.3"><GO type="169" lobby="0"/><UN n0="%77%61%64%6F%70%72%6F" n1="%E3%82%A6%E3%83%AB%E3%83%88%E3%83%A9%E7%AB%8B%E7%9B%B4" n2="%E3%82%B1%E3%82%A4%EF%BC%91%EF%BC%93" n3="%E3%81%8B%E3%81%AB%E3%83%9E%E3%82%B8%E3%83%B3" dan="16,17,16,18" rate="2116.17,2184.86,2097.51,2205.98" sx="M,M,M,M"/><TAIKYOKU oya="0"/><INIT seed="0,0,0,2,5,71" ten="250,250,250,250" oya="0" hai0="25,126,53,27,59,83,61,11,85,124,6,37,135" hai1="50,62,24,43,86,10,116,104,30,66,55,132,123" hai2="60,106,84,112,9,79,81,134,92,90,54,31,36" hai3="68,73,99,15,110,41,38,117,98,95,94,82,3"/><T103/><D135/><U78/><E104/><V26/><F134/><W97/><G3/><T42/><D103/><U63/><E123/><V58/><F106/><W101/><G117/><T89/><D42/><U69/><E116/><V121/><F121/><W5/><G68/><T39/><D25/><U51/><E10/><V88/><F112/><W13/><G110/><T122/><D27/><U17/><E17/><V77/><F9/><W127/><G5/><T56/><D122/><U119/><E119/><V70/><F70/><W75/><G98/><T29/><D29/><U113/><E113/><V91/><F36/><W35/><G35/><T48/><D126/><U130/><E130/><V22/><F77/><W72/><G82/><T7/><D124/><U108/><E108/><V96/><AGARI ba="0,0" hai="22,26,31,54,58,60,79,81,84,88,90,91,92,96" machi="96" ten="20,5200,0" yaku="0,1,7,1,8,1,54,1" doraHai="71" who="2" fromWho="2" sc="250,-26,250,-13,250,52,250,-13" /><INIT seed="1,0,0,4,5,120" ten="224,237,302,237" oya="1" hai0="32,60,69,72,52,131,70,8,71,123,11,107,55" hai1="4,6,85,121,109,124,62,94,84,97,39,96,113" hai2="12,80,135,43,66,49,122,13,25,1,133,2,88" hai3="42,95,125,51,41,48,46,31,129,44,117,24,76"/><U36/><E121/><V75/><F122/><W119/><G125/><T98/><D123/><U77/><E124/><V114/><F75/><W102/><G129/><T40/><D32/><U30/><E30/><V37/><F37/><W3/><G3/><T58/><D72/><U63/><E94/><V89/><F25/><W116/><G76/><T17/><D131/><U79/><REACH who="1" step="1"/><E113/><REACH who="1" ten="224,227,302,237" step="2"/><V112/><F114/><W61/><G95/><T14/><D107/><U134/><E134/><V126/><F135/><W9/><G31/><T56/><D98/><U90/><E90/><V29/><F88/><W21/><G102/><T18/><D17/><U111/><AGARI ba="0,1" hai="4,6,36,39,62,63,77,79,84,85,96,97,109,111" machi="111" ten="25,18000,2" yaku="1,1,0,1,22,2,52,2,53,0" doraHai="120" doraHaiUra="99" who="1" fromWho="1" sc="224,-60,227,190,302,-60,237,-60" /><INIT seed="1,1,0,4,1,97" ten="164,417,242,177" oya="1" hai0="15,126,34,47,2,27,49,114,41,83,118,80,59" hai1="107,130,0,133,71,93,48,64,68,17,111,54,94" hai2="66,135,1,16,76,122,28,36,90,31,87,115,4" hai3="129,61,43,105,18,74,33,109,121,92,72,5,35"/><U91/><E107/><V79/><F36/><W6/><G121/><T100/><D118/><U78/><E0/><V127/><F122/><W77/><G105/><T21/><D114/><U24/><E78/><V44/><F115/><W110/><G129/><T57/><D2/><U75/><E75/><N who="3" m="28714" /><G77/><T82/><D126/><U99/><E64/><V9/><F66/><W104/><G61/><T120/><D120/><U46/><E130/><V116/><F127/><W63/><G63/><T124/><D124/><U112/><E112/><V8/><F79/><W70/><G104/><T102/><D34/><N who="3" m="12809" /><G92/><T56/><REACH who="0" step="1"/><D15/><REACH who="0" ten="154,417,242,177" step="2"/><U19/><E133/><V95/><F135/><W88/><G110/><T20/><D20/><U73/><E111/><V119/><F116/><W53/><G109/><T62/><D62/><U32/><E32/><V125/><F119/><W25/><G70/><T14/><D14/><U65/><E71/><V11/><F125/><W38/><G25/><T52/><D52/><U45/><E24/><V134/><F1/><W101/><G53/><T131/><D131/><U26/><E26/><V67/><F134/><W40/><G40/><T22/><D22/><U10/><E54/><V42/><F42/><W84/><G43/><T29/><AGARI ba="1,1" hai="21,27,29,41,47,49,56,57,59,80,82,83,100,102" machi="29" ten="30,8000,1" yaku="1,1,0,1,8,1,52,2,53,0" doraHai="97" doraHaiUra="51" who="0" fromWho="0" sc="154,93,417,-41,242,-21,177,-21" /><INIT seed="2,0,0,0,3,135" ten="247,376,221,156" oya="2" hai0="25,40,53,1,70,5,105,24,34,118,71,47,96" hai1="12,20,81,37,126,122,56,21,89,76,129,44,124" hai2="28,43,16,62,100,113,14,60,36,17,101,110,88" hai3="35,7,33,95,18,57,116,15,54,72,123,3,66"/><V85/><F110/><W111/><G111/><T19/><D118/><U64/><E89/><V59/><F113/><W51/><G116/><T131/><D131/><U65/><E129/><V93/><F60/><W52/><G72/><T90/><D53/><U125/><E122/><V130/><F130/><W73/><G73/><T4/><D19/><N who="1" m="10343" /><E56/><V41/><F17/><W106/><G106/><T78/><D90/><U55/><E21/><N who="2" m="11415" /><F28/><W107/><G107/><T102/><D78/><U9/><E9/><V98/><F36/><W8/><G123/><T58/><D58/><U94/><E94/><N who="2" m="54543" /><F100/><W83/><G33/><T45/><D45/><U115/><E115/><V39/><F39/><W74/><G35/><T117/><D117/><U29/><E29/><V61/><F61/><W30/><G30/><T108/><D108/><U99/><E99/><V77/><F77/><W63/><G74/><T67/><D70/><U10/><E10/><V120/><F120/><W22/><G83/><T75/><D71/><U27/><E27/><V82/><F82/><W127/><G95/><T86/><D24/><U133/><E37/><V134/><F134/><W13/><G3/><T69/><D1/><U42/><E133/><V128/><F128/><W11/><G11/><T114/><D25/><U50/><E81/><V121/><F121/><W2/><G2/><T32/><D114/><U46/><E76/><V38/><F38/><W80/><G80/><T112/><D112/><U104/><E104/><V103/><F103/><W87/><G8/><T49/><D105/><U31/><E31/><V26/><F26/><RYUUKYOKU ba="0,0" sc="247,-15,376,15,221,15,156,-15" hai1="42,44,46,50,55,64,65,124,125,126" hai2="41,43,59,62,93,98,101" /><INIT seed="2,1,0,0,2,69" ten="232,391,236,141" oya="2" hai0="40,13,14,21,48,1,25,108,82,94,131,73,89" hai1="97,4,81,122,32,58,46,112,98,30,0,76,51" hai2="129,36,128,6,17,45,104,116,106,118,61,115,135" hai3="5,55,84,38,80,67,41,117,75,99,90,16,103"/><V79/><F17/><W10/><G117/><N who="2" m="45161" /><F6/><W65/><G75/><T33/><D1/><U59/><E30/><V91/><F61/><W87/><G87/><T2/><D2/><U127/><E32/><V57/><F57/><W95/><G55/><T60/><D33/><U23/><E51/><V109/><F115/><W9/><G10/><T72/><D60/><U27/><E59/><V11/><F11/><W43/><G5/><T49/><D73/><U134/><E58/><V126/><F79/><W111/><G111/><T130/><D72/><U54/><E23/><V29/><F29/><W133/><G133/><T3/><D82/><U121/><E76/><V105/><F91/><W47/><REACH who="3" step="1"/><G41/><REACH who="3" ten="232,391,236,131" step="2"/><T102/><D40/><U20/><E4/><V100/><F135/><W85/><G85/><T15/><D3/><U123/><E54/><V110/><F126/><W63/><G63/><T78/><D78/><U28/><E127/><V62/><F62/><W93/><G93/><T86/><D94/><U68/><E134/><V34/><F34/><W22/><G22/><T35/><D21/><U26/><E0/><V19/><F19/><W114/><G114/><T39/><D35/><U8/><E112/><V53/><F53/><W96/><G96/><T124/><D124/><U12/><E20/><V113/><F113/><W37/><G37/><T31/><D39/><U66/><E8/><V83/><F83/><W101/><G101/><T125/><D102/><U77/><E81/><V132/><F100/><W74/><G74/><T64/><D125/><U24/><E77/><V107/><F132/><RYUUKYOKU ba="1,1" sc="232,-10,391,-10,236,-10,131,30" hai3="9,16,38,43,47,65,67,80,84,90,95,99,103" /><INIT seed="3,2,1,2,3,17" ten="222,381,226,161" oya="3" hai0="87,120,50,100,42,89,106,19,15,80,134,44,109" hai1="133,113,12,5,123,14,31,79,34,22,77,21,108" hai2="29,103,2,51,43,32,59,38,91,4,92,30,110" hai3="69,26,125,88,49,18,82,73,90,16,57,104,52"/><W111/><G104/><T78/><D120/><U112/><E123/><V119/><F103/><W105/><G105/><T126/><D109/><U66/><E31/><V132/><F110/><W114/><G111/><T36/><D134/><U1/><E34/><V20/><F132/><W10/><G114/><T35/><D35/><U28/><E108/><V75/><F75/><W115/><G115/><T47/><D126/><U37/><E28/><V53/><F32/><W122/><G122/><T6/><D6/><U70/><E133/><V97/><F119/><W9/><G69/><T86/><D106/><U61/><E5/><V11/><F43/><W54/><G125/><T41/><D100/><U84/><E84/><V23/><REACH who="2" step="1"/><F38/><REACH who="2" ten="222,381,216,161" step="2"/><W76/><G54/><T102/><D102/><U48/><E37/><V58/><F58/><W40/><G40/><T130/><D130/><U3/><E70/><V118/><F118/><W121/><G121/><T107/><D107/><U63/><E66/><V46/><F46/><W116/><G116/><T13/><REACH who="0" step="1"/><D19/><REACH who="0" ten="212,381,216,161" step="2"/><U81/><E113/><V101/><F101/><W72/><G18/><T131/><D131/><U7/><E112/><V45/><F45/><W25/><G73/><T93/><AGARI ba="2,3" hai="13,15,36,41,42,44,47,50,78,80,86,87,89,93" machi="93" ten="20,2700,0" yaku="1,1,0,1,7,1,53,0" doraHai="17" doraHaiUra="55" who="0" fromWho="0" sc="212,63,381,-9,216,-9,161,-15" /><INIT seed="4,0,0,1,1,60" ten="275,372,207,146" oya="0" hai0="7,133,92,57,46,126,59,79,0,17,130,21,98" hai1="118,104,11,24,84,88,9,16,37,78,53,23,22" hai2="85,49,54,75,25,89,110,19,76,134,106,124,4" hai3="103,109,51,87,34,90,120,131,112,12,44,102,6"/><T123/><D123/><U56/><E104/><V132/><F106/><W71/><G109/><T94/><D126/><U29/><E37/><V68/><F68/><W99/><G120/><T122/><D122/><U30/><E78/><V3/><F124/><W43/><G131/><T47/><D133/><U48/><E118/><V55/><F110/><W107/><G112/><T70/><D70/><U50/><E50/><V72/><F76/><W5/><G103/><T15/><D130/><U41/><E41/><V18/><F4/><W28/><G71/><T95/><D98/><U20/><E20/><N who="2" m="13463" /><F19/><W108/><G108/><T32/><D32/><U127/><E127/><V13/><F13/><W111/><G111/><T67/><D79/><U33/><E33/><V36/><F3/><W26/><REACH who="3" step="1"/><G12/><REACH who="3" ten="275,372,207,136" step="2"/><T63/><D0/><U117/><E117/><V35/><F132/><W73/><G73/><T40/><D7/><U83/><E30/><V65/><F72/><W128/><G128/><T80/><D15/><AGARI ba="0,1" hai="9,11,15,16,22,23,24,29,48,53,56,83,84,88" machi="15" ten="30,7700,0" yaku="7,1,8,1,54,2" doraHai="60" who="1" fromWho="0" sc="275,-77,372,87,207,0,136,0" /><INIT seed="5,0,0,5,3,18" ten="198,459,207,136" oya="1" hai0="55,128,10,115,69,118,42,76,48,106,109,91,20" hai1="25,132,73,78,12,114,127,98,108,75,71,77,67" hai2="41,84,93,37,5,30,51,92,79,22,36,26,120" hai3="130,111,104,14,59,95,16,85,113,29,2,129,121"/><U61/><E12/><V53/><F120/><W7/><G121/><T72/><D109/><U103/><E25/><V33/><F5/><W119/><G104/><T116/><D115/><U117/><E61/><V13/><F41/><W15/><G111/><T27/><D128/><N who="3" m="49257" /><G59/><T122/><D122/><U46/><E46/><V21/><F92/><W58/><G58/><T8/><D106/><U63/><E63/><V32/><F36/><W62/><G62/><T57/><D69/><U87/><E67/><V83/><F93/><W3/><G85/><T35/><D35/><U105/><E71/><V135/><F37/><W9/><G95/><T123/><D123/><U39/><E39/><V80/><F80/><W6/><G113/><T4/><D42/><U74/><E114/><V44/><F135/><W100/><G100/><T101/><D101/><U28/><E108/><V50/><F50/><W1/><G119/><T24/><D76/><U45/><E45/><V89/><F79/><W131/><N who="3" m="49265" /><W49/><DORA hai="86" /><G49/><T34/><D72/><U81/><E117/><V96/><REACH who="2" step="1"/><F96/><REACH who="2" ten="198,459,197,136" step="2"/><W66/><G66/><T134/><D134/><U94/><E132/><V64/><F64/><W70/><G70/><T99/><D48/><U65/><E65/><V112/><F112/><W47/><G47/><T126/><D118/><U90/><E78/><V23/><F23/><N who="3" m="11679" /><G6/><T97/><D4/><U19/><E75/><V11/><F11/><W0/><N who="3" m="0" /><DORA hai="43" /><W110/><G110/><T68/><D116/><U17/><E73/><V54/><F54/><W38/><G38/><T107/><D55/><RYUUKYOKU ba="0,1" sc="198,-15,459,-15,197,15,136,15" hai2="13,21,22,26,30,32,33,44,51,53,83,84,89" hai3="7,9,14,29" /><INIT seed="6,1,1,0,3,46" ten="183,444,212,151" oya="2" hai0="8,0,15,89,90,132,102,12,111,35,65,18,73" hai1="54,57,119,109,21,31,92,17,58,6,112,118,127" hai2="62,59,76,88,22,47,108,29,75,74,43,72,44" hai3="66,83,131,130,25,77,55,100,133,48,104,5,10"/><V36/><F47/><W80/><G133/><T2/><D111/><U96/><E109/><V9/><F108/><W40/><G40/><T51/><D73/><U82/><E58/><V116/><F76/><W20/><G66/><T91/><D132/><U3/><E82/><V113/><F116/><W120/><G120/><T124/><D124/><U70/><E70/><V85/><F9/><W134/><G134/><T121/><D121/><U4/><E3/><V95/><F113/><W93/><G93/><T135/><D135/><U26/><E112/><V117/><F117/><W79/><G100/><T56/><D35/><U123/><E127/><V63/><F63/><W129/><G104/><T107/><D107/><U81/><E81/><N who="3" m="31306" /><G25/><T71/><D102/><U97/><E123/><V19/><F29/><W115/><G20/><T52/><REACH who="0" step="1"/><D15/><REACH who="0" ten="173,444,212,151" step="2"/><U114/><E119/><V103/><F103/><W7/><G115/><T39/><D39/><U11/><E118/><V27/><F75/><W86/><G86/><T50/><D50/><N who="1" m="30935" /><E97/><V1/><F1/><N who="3" m="303" /><G7/><T101/><D101/><N who="1" m="60551" /><E114/><V67/><AGARI ba="1,2" hai="19,22,27,36,43,44,59,62,67,72,74,85,88,95" machi="67" ten="20,3900,0" yaku="0,1,7,1,54,1" doraHai="46" who="2" fromWho="2" sc="173,-14,444,-14,212,62,151,-14" /><INIT seed="6,2,0,3,2,23" ten="159,430,274,137" oya="2" hai0="120,121,101,30,102,59,0,38,49,13,57,123,60" hai1="66,72,69,126,40,84,12,77,9,107,21,45,52" hai2="119,103,36,74,128,108,76,114,93,50,106,53,96" hai3="3,27,34,135,48,134,92,32,94,65,127,20,97"/><V2/><F2/><W86/><G3/><T64/><D0/><U19/><E107/><V7/><F36/><W67/><G48/><T78/><D38/><U122/><E72/><V10/><F128/><W22/><G86/><T98/><D78/><U43/><E126/><V62/><F62/><W112/><G127/><T24/><D13/><U46/><E66/><V33/><F10/><W42/><G42/><T61/><D49/><N who="1" m="28727" /><E45/><V56/><F7/><W79/><G79/><T8/><D8/><U129/><E69/><V73/><F76/><W89/><G112/><T68/><D101/><U39/><E39/><V26/><F106/><W117/><G117/><T70/><D60/><U17/><E129/><V71/><F71/><W11/><G11/><T131/><D131/><U15/><E122/><V85/><F85/><W25/><REACH who="3" step="1"/><G89/><REACH who="3" ten="159,430,274,127" step="2"/><T75/><D75/><N who="2" m="28682" /><F114/><W35/><G35/><T28/><D98/><AGARI ba="2,1" hai="20,22,25,27,32,34,65,67,92,94,97,98,134,135" machi="98" ten="25,8000,1" yaku="1,1,22,2,52,2,53,0" doraHai="23" doraHaiUra="133" who="3" fromWho="0" sc="159,-86,430,0,274,0,127,96" /><INIT seed="7,0,0,3,3,37" ten="73,430,274,223" oya="3" hai0="66,51,77,78,97,28,72,98,133,48,126,94,1" hai1="19,3,114,69,76,99,95,65,12,132,64,73,131" hai2="53,39,108,71,67,32,46,44,9,83,56,10,91" hai3="104,107,116,85,21,129,121,118,52,87,113,100,70"/><W40/><BYE who="0" /><G70/><T86/><D86/><U62/><E3/><V123/><F91/><W96/><G21/><T119/><D119/><U26/><E76/><V6/><F83/><W134/><G121/><T60/><D60/><U90/><E73/><V130/><F32/><W13/><G13/><T55/><D55/><U41/><E114/><V102/><F67/><W128/><G52/><T88/><D88/><U36/><E131/><N who="3" m="50250" /><G40/><T135/><D135/><U112/><E132/><V2/><F53/><W34/><G34/><T125/><D125/><U110/><E112/><V120/><F71/><W80/><G113/><T42/><D42/><U115/><E115/><V11/><F130/><W23/><G23/><T122/><D122/><U89/><E26/><V20/><F20/><UN n0="%77%61%64%6F%70%72%6F" /><W43/><G43/><T17/><D17/><U93/><BYE who="0" /><E65/><V117/><F120/><W45/><G45/><T35/><D35/><U29/><E41/><V22/><F44/><W124/><G134/><T106/><D106/><N who="3" m="40489" /><G124/><T33/><D33/><U54/><E54/><V127/><F46/><W74/><G74/><T84/><D84/><N who="3" m="32329" /><G80/><T47/><D47/><U18/><E69/><V5/><F22/><W27/><G27/><T4/><D4/><U38/><E12/><V61/><F6/><W75/><G75/><T30/><D30/><U25/><E29/><V0/><F5/><W31/><G31/><T59/><D59/><U50/><E25/><V79/><F127/><W14/><G14/><T8/><D8/><U68/><E68/><V57/><F123/><W92/><AGARI ba="0,0" hai="92,96,100,116,118" m="32329,40489,50250" machi="92" ten="40,7800,0" yaku="19,1,34,2" doraHai="37" who="3" fromWho="3" sc="73,-26,430,-26,274,-26,223,78" /><INIT seed="7,1,0,4,0,29" ten="47,404,248,301" oya="3" hai0="58,82,93,118,102,25,17,7,121,115,104,46,124" hai1="103,110,9,41,72,114,53,84,73,101,15,11,24" hai2="75,20,76,55,100,128,59,39,13,5,111,10,49" hai3="96,18,109,21,64,80,51,32,60,81,26,57,44"/><W87/><G109/><T106/><D106/><U52/><E110/><V54/><F111/><W48/><G32/><UN n0="%77%61%64%6F%70%72%6F" /><T98/><D121/><U132/><E41/><V125/><F39/><W89/><G96/><T79/><D118/><U43/><E43/><V91/><F100/><W16/><G44/><T3/><D124/><U22/><E84/><V134/><F125/><W77/><REACH who="3" step="1"/><G18/><REACH who="3" ten="47,404,248,291" step="2"/><T117/><D17/><U107/><E107/><V8/><F5/><W130/><G130/><T65/><D98/><U122/><E122/><V85/><F128/><W28/><G28/><T99/><D46/><U6/><E6/><V37/><F37/><W112/><G112/><T36/><D99/><U47/><E114/><V126/><F126/><W68/><G68/><T131/><D104/><U0/><E47/><V1/><F49/><W94/><G94/><T23/><D115/><U108/><E108/><V50/><F50/><W70/><G70/><T40/><D93/><U63/><E103/><V95/><F95/><W66/><G66/><T12/><D102/><U78/><E101/><V105/><F105/><W42/><G42/><T88/><D65/><U133/><E133/><V2/><F134/><W30/><G30/><T33/><D33/><U123/><E132/><V4/><F4/><W113/><G113/><T119/><D131/><U97/><E97/><V38/><F38/><W62/><G62/><T69/><D36/><U56/><E63/><V74/><F59/><W67/><G67/><T86/><D69/><U129/><E129/><V127/><F127/><W135/><G135/><T71/><D71/><RYUUKYOKU ba="1,1" sc="47,-10,404,-10,248,-10,291,30" hai3="16,21,26,48,51,57,60,64,77,80,81,87,89" /><INIT seed="7,2,1,4,5,51" ten="37,394,238,321" oya="3" hai0="99,83,5,113,110,74,112,13,107,101,64,42,3" hai1="91,86,130,76,50,97,11,87,60,92,135,62,59" hai2="12,55,31,35,29,56,126,2,24,121,81,20,114" hai3="1,23,43,120,79,77,133,54,93,104,119,27,6"/><W58/><G104/><T65/><D13/><U111/><E111/><V98/><F121/><W25/><G120/><T69/><D110/><U4/><E130/><V109/><F109/><W72/><G119/><T0/><D64/><U33/><E33/><V22/><F2/><W80/><G79/><T95/><D42/><U102/><E135/><V46/><F46/><W14/><G133/><T134/><D134/><U39/><E39/><V8/><F31/><W70/><G70/><T78/><D95/><U44/><E76/><V53/><F81/><W116/><G116/><T103/><D103/><U36/><E36/><V68/><F68/><W100/><G43/><T9/><REACH who="0" step="1"/><D0/><REACH who="0" ten="27,394,238,321" step="2"/><U41/><E102/><V105/><F12/><W26/><G1/><T21/><D21/><U34/><E34/><V71/><F20/><W85/><G6/><T48/><D48/><U52/><E62/><AGARI ba="2,2" hai="3,5,9,62,65,69,74,78,83,99,101,107,112,113" machi="62" ten="40,5200,0" yaku="1,1,23,2,53,0" doraHai="51" doraHaiUra="28" who="0" fromWho="1" sc="27,78,394,-58,238,0,321,0" owari="105,-39.0,336,43.0,238,-16.0,321,12.0" /></mjloggm>