<mjloggm ver="2.3"><GO type="169" lobby="0"/><UN n0="%E3%82%A6%E3%83%AB%E3%83%88%E3%83%A9%E7%AB%8B%E7%9B%B4" n1="%E5%A4%95%E5%87%AA" n2="%63%68%61%72%68%69%6D%65" n3="%7A%61%63%63" dan="17,18,16,16" rate="2151.73,2183.46,2043.07,2163.78" sx="M,M,F,F"/><TAIKYOKU oya="0"/><INIT seed="0,0,0,0,1,70" ten="250,250,250,250" oya="0" hai0="71,86,54,72,117,2,16,50,12,121,87,125,75" hai1="110,32,61,9,98,132,108,106,1,52,84,46,56" hai2="127,81,25,26,60,91,31,101,13,42,21,74,131" hai3="123,41,92,119,6,30,129,67,95,99,116,20,19"/><T118/><D2/><U85/><E32/><V40/><F127/><W62/><G123/><T38/><D121/><U133/><E46/><V59/><F101/><W115/><G6/><T96/><D125/><U17/><E106/><V10/><F131/><W135/><G135/><N who="1" m="51786" /><E98/><V82/><F26/><W73/><G73/><T51/><D96/><U112/><E112/><V43/><F91/><W15/><G129/><T27/><D27/><U8/><E17/><V4/><REACH who="2" step="1"/><F74/><REACH who="2" ten="250,250,240,250" step="2"/><W88/><G115/><T66/><D75/><U49/><E85/><V22/><F22/><W100/><G100/><T47/><D87/><U114/><E84/><V24/><F24/><W29/><G119/><T79/><D86/><U77/><E114/><V94/><F94/><W134/><G92/><T5/><D72/><U111/><E77/><V109/><F109/><W93/><G95/><T76/><D79/><U107/><E107/><V14/><F14/><W39/><G116/><T105/><D76/><U124/><E124/><V83/><F83/><W78/><G78/><T18/><D105/><U53/><E1/><V80/><F80/><W113/><G113/><T34/><D12/><U103/><E103/><V90/><F90/><W0/><G0/><T48/><D118/><U104/><E104/><V36/><F36/><W11/><G134/><T28/><D38/><U68/><E111/><V65/><AGARI ba="0,1" hai="4,10,13,21,25,31,40,42,43,59,60,65,81,82" machi="65" ten="30,7900,0" yaku="1,1,0,1,8,1,53,1" doraHai="70" doraHaiUra="7" who="2" fromWho="2" sc="250,-39,250,-20,240,89,250,-20" /><INIT seed="1,0,0,4,2,96" ten="211,230,329,230" oya="1" hai0="59,21,111,7,92,44,81,90,74,91,121,125,105" hai1="95,40,53,37,30,49,35,118,114,55,64,108,85" hai2="129,73,99,126,18,29,78,4,87,133,132,34,115" hai3="46,94,75,33,16,70,14,54,45,8,127,60,97"/><U86/><E118/><V11/><F73/><W38/><G33/><T28/><D105/><U23/><E114/><V134/><F115/><W51/><G75/><T41/><D111/><U32/><E37/><V2/><F99/><W100/><G127/><T50/><D125/><U13/><E40/><V19/><F87/><W103/><G70/><T124/><D124/><U47/><E64/><V5/><F78/><W117/><G117/><T9/><D121/><U101/><E108/><V67/><F67/><W72/><G72/><T109/><D109/><U93/><E35/><V58/><F58/><N who="3" m="34903" /><G38/><T82/><D74/><U106/><E32/><V10/><F126/><W102/><G46/><T116/><D116/><U98/><E106/><V42/><F42/><AGARI ba="0,0" hai="8,14,16,42,45,51,94,97,100,102,103" m="34903" machi="42" ten="30,8000,1" yaku="8,1,52,3,54,1" doraHai="96" who="3" fromWho="2" sc="211,0,230,0,329,-80,230,80" /><INIT seed="2,0,0,1,4,30" ten="211,230,249,310" oya="2" hai0="5,98,45,24,125,27,86,119,65,116,108,38,28" hai1="124,99,6,3,134,42,60,92,47,10,113,41,18" hai2="100,49,20,82,115,103,135,14,22,39,59,118,106" hai3="36,96,126,19,122,12,133,34,31,131,58,56,16"/><V127/><F118/><N who="0" m="45098" /><D108/><U90/><E113/><V75/><F115/><W104/><G122/><T130/><D125/><U120/><E124/><V88/><F39/><W107/><G126/><T29/><D130/><U7/><E134/><V69/><F69/><W61/><G133/><T9/><D65/><U95/><E120/><V51/><F135/><W40/><G131/><T81/><D98/><U17/><E6/><V44/><F75/><W89/><G56/><T87/><D45/><U33/><E33/><V8/><F106/><W1/><G1/><N who="0" m="175" /><D38/><U68/><E42/><N who="2" m="24727" /><F127/><W62/><G62/><T11/><D11/><U109/><E60/><V15/><F59/><W83/><G40/><T0/><D0/><U121/><E68/><V23/><F51/><W70/><G36/><T77/><D87/><U79/><E121/><V4/><F15/><W105/><G70/><T64/><D64/><U53/><E41/><V67/><F67/><W2/><G2/><T73/><D73/><U35/><E47/><V129/><F129/><W101/><G107/><T85/><D85/><AGARI ba="0,0" hai="4,8,14,20,22,23,82,85,88,100,103" m="24727" machi="85" ten="30,2900,0" yaku="8,1,54,1" doraHai="30" who="2" fromWho="0" sc="211,-29,230,0,249,29,310,0" /><INIT seed="2,1,0,3,3,14" ten="182,230,278,310" oya="2" hai0="62,58,49,125,2,132,114,120,101,21,6,7,99" hai1="117,79,39,102,3,28,51,19,15,118,82,135,122" hai2="121,32,8,69,134,74,41,67,24,95,70,53,127" hai3="88,10,131,76,124,71,84,56,44,29,37,81,61"/><V129/><F121/><W11/><G71/><T64/><D120/><U90/><E39/><V105/><F105/><W50/><G131/><T34/><D114/><U36/><E36/><V63/><F74/><W108/><G37/><T73/><D125/><U83/><E3/><V47/><F129/><W68/><G68/><T27/><D132/><U35/><E102/><V66/><F134/><W60/><G108/><T128/><D128/><U17/><E135/><V80/><F80/><W55/><G124/><T65/><D73/><U115/><E122/><V97/><F53/><W86/><G29/><T16/><D34/><U107/><E28/><V52/><F8/><N who="3" m="3115" /><G56/><T110/><D110/><U78/><E35/><V38/><F127/><W33/><G33/><T130/><D130/><U23/><E107/><V104/><F104/><W116/><G116/><T59/><D2/><U25/><E115/><V92/><F32/><W94/><AGARI ba="1,0" hai="44,50,55,60,61,76,81,84,86,88,94" m="3115" machi="94" ten="30,2000,0" yaku="8,1,54,1" doraHai="14" who="3" fromWho="3" sc="182,-6,230,-6,278,-11,310,23" /><INIT seed="3,0,0,0,1,41" ten="176,224,267,333" oya="3" hai0="94,107,120,69,35,8,89,134,98,23,39,10,87" hai1="5,129,104,50,132,34,19,25,117,88,24,3,133" hai2="21,92,0,75,1,20,48,106,113,135,103,67,112" hai3="61,14,52,28,43,79,65,31,64,30,2,38,7"/><W12/><G2/><T122/><D35/><U58/><E104/><V46/><F75/><W115/><G115/><T82/><D69/><U26/><E58/><V71/><F106/><W66/><G79/><T9/><D134/><U74/><E74/><V36/><F36/><W101/><G101/><T63/><D63/><U60/><E60/><V29/><F135/><W121/><G121/><T108/><D108/><U127/><E50/><V51/><F71/><W109/><G7/><T111/><D111/><U118/><E34/><V68/><F68/><W42/><G109/><T110/><D110/><U53/><E53/><V15/><F103/><W18/><G38/><T73/><D39/><U11/><E129/><V131/><F131/><W56/><REACH who="3" step="1"/><G14/><REACH who="3" ten="176,224,267,323" step="2"/><T47/><D122/><U124/><E132/><V85/><F15/><W78/><G78/><N who="0" m="46551" /><D120/><U81/><E133/><V80/><F1/><W95/><G95/><T125/><D107/><U126/><E81/><V97/><F0/><W116/><G116/><N who="1" m="44650" /><E88/><V72/><F113/><W37/><G37/><T70/><D89/><U76/><E76/><V45/><F112/><W123/><G123/><T96/><D94/><U32/><E32/><V90/><F90/><W59/><G59/><T130/><D70/><U91/><E91/><V44/><F92/><W54/><G54/><T57/><D57/><U114/><E114/><V13/><F13/><W128/><G128/><T99/><D130/><U86/><E86/><V17/><F85/><W4/><G4/><T77/><D77/><U16/><AGARI ba="0,1" hai="3,5,11,16,19,24,25,26,124,126,127" m="44650" machi="16" ten="40,8000,1" yaku="18,1,12,1,34,2,54,1" doraHai="41" who="1" fromWho="1" sc="176,-20,224,90,267,-20,323,-40" /><INIT seed="4,0,0,3,2,102" ten="156,314,247,283" oya="0" hai0="80,19,122,76,22,27,132,15,108,13,69,104,91" hai1="55,84,124,21,7,1,30,112,107,98,109,50,117" hai2="77,60,93,131,85,5,52,6,11,119,118,106,73" hai3="33,61,86,89,26,74,57,0,66,83,99,47,126"/><T54/><D122/><U53/><E117/><N who="2" m="44555" /><F73/><W121/><G0/><T115/><D108/><U65/><E109/><V127/><F127/><W75/><G121/><T70/><D115/><U42/><E42/><V95/><F131/><W79/><G126/><T120/><D120/><U38/><E38/><V92/><F106/><W68/><G47/><T29/><D132/><U128/><E30/><V125/><F125/><W44/><G44/><T64/><D104/><U133/><E21/><V97/><F85/><W88/><G68/><T45/><D91/><U105/><E65/><V48/><F60/><W63/><G61/><T94/><D94/><N who="2" m="36458" /><F11/><W113/><G113/><T3/><D64/><U40/><E84/><V49/><F49/><W130/><G130/><T39/><D69/><U14/><E50/><V20/><F20/><W46/><G75/><T81/><D70/><U67/><E67/><V116/><F77/><W12/><G74/><T17/><D39/><U103/><E107/><V90/><N who="2" m="44563" /><V4/><DORA hai="58" /><F4/><W101/><G86/><N who="0" m="48391" /><D81/><U2/><E105/><V41/><F41/><W8/><G83/><T37/><D37/><U36/><E40/><V28/><F28/><W134/><G79/><T111/><D111/><U10/><E36/><V24/><F24/><W100/><G26/><T82/><D82/><U43/><E43/><V72/><F72/><W59/><G66/><T129/><D129/><U51/><E128/><V78/><F78/><W123/><G123/><T62/><D29/><U35/><E124/><V16/><F16/><W25/><G25/><T114/><D27/><RYUUKYOKU ba="0,0" sc="156,-10,314,-10,247,30,283,-10" hai2="5,6,48,52,90,95,97" /><INIT seed="5,1,0,1,4,101" ten="146,304,277,273" oya="1" hai0="24,49,40,102,39,58,86,70,18,89,94,63,107" hai1="3,88,14,96,129,104,69,64,72,27,28,23,80" hai2="122,115,26,99,75,11,65,100,15,103,127,32,57" hai3="4,0,93,50,91,44,132,21,71,125,78,76,17"/><U54/><E3/><V66/><F122/><W74/><G71/><T113/><D113/><U8/><E129/><V30/><F75/><W106/><G106/><T59/><D39/><U121/><E121/><V16/><F127/><W46/><G132/><T123/><D123/><U110/><E110/><V90/><F115/><W33/><G33/><T111/><D111/><U114/><E114/><V68/><F68/><W105/><G105/><T35/><D40/><U79/><E54/><V130/><F130/><W67/><G67/><T19/><D49/><U118/><E118/><V51/><F66/><W95/><G4/><T25/><D70/><U120/><E120/><V47/><F65/><W22/><G91/><T62/><D107/><U135/><E135/><V92/><REACH who="2" step="1"/><F57/><REACH who="2" ten="146,304,267,273" step="2"/><W81/><G74/><T45/><D59/><U133/><E72/><V61/><F61/><W9/><G125/><T83/><D62/><U42/><E64/><V82/><F82/><W31/><G81/><T55/><D58/><U108/><E80/><V7/><F7/><W41/><G46/><T36/><D63/><U124/><E124/><V126/><F126/><W13/><G44/><T10/><D45/><U98/><E69/><V37/><F37/><W38/><G38/><T134/><D36/><U87/><E133/><V34/><F34/><W43/><G41/><AGARI ba="1,1" hai="11,15,16,26,30,32,41,47,51,90,92,99,100,103" machi="41" ten="30,3900,0" yaku="1,1,7,1,54,1,53,0" doraHai="101" doraHaiUra="48" who="2" fromWho="3" sc="146,0,304,0,267,52,273,-42" /><INIT seed="6,0,0,2,2,107" ten="146,304,319,231" oya="2" hai0="93,38,102,8,123,61,39,85,34,63,57,11,40" hai1="41,37,109,1,108,33,14,132,21,134,30,54,62" hai2="100,99,80,72,74,0,104,83,76,2,50,133,118" hai3="84,29,51,64,67,49,18,47,92,13,52,128,71"/><V125/><F118/><W60/><G128/><T69/><D34/><U122/><E1/><V24/><F133/><N who="1" m="51305" /><E122/><V86/><F125/><W4/><G4/><T103/><D123/><U79/><E79/><N who="2" m="44135" /><F50/><W59/><G29/><T16/><D69/><U90/><E90/><V65/><F86/><W116/><G116/><T97/><D85/><U35/><E54/><V112/><F112/><W42/><G92/><T56/><D40/><U10/><E62/><V73/><F73/><W22/><G84/><T110/><D93/><U78/><E78/><V44/><F44/><W45/><G71/><T66/><D97/><U127/><E127/><V106/><F65/><AGARI ba="0,0" hai="13,18,22,42,45,47,49,51,52,59,60,64,65,67" machi="65" ten="30,3900,0" yaku="7,1,8,1,54,1" doraHai="107" who="3" fromWho="2" sc="146,0,304,0,319,-39,231,39" /><INIT seed="7,0,0,3,5,58" ten="146,304,280,270" oya="3" hai0="76,94,119,104,125,23,116,118,27,50,99,30,2" hai1="86,35,48,54,24,43,96,19,113,90,7,41,106" hai2="84,72,105,14,71,108,55,34,4,62,95,1,63" hai3="121,6,49,81,3,97,133,117,25,88,32,22,129"/><W15/><G121/><T56/><D125/><U122/><E122/><V18/><F72/><W111/><G117/><T103/><D2/><U98/><E7/><V83/><F105/><W11/><G129/><T26/><D76/><U127/><E35/><V44/><F34/><W91/><G133/><T74/><D74/><U109/><E106/><V51/><F71/><W92/><G111/><T40/><D104/><U112/><E109/><V100/><F1/><W89/><G81/><T17/><D40/><N who="1" m="15435" /><E127/><V0/><F0/><W107/><G107/><T13/><REACH who="0" step="1"/><D30/><REACH who="0" ten="136,304,280,270" step="2"/><U45/><E113/><V47/><F108/><W65/><G3/><T123/><D123/><U79/><E79/><N who="2" m="46207" /><F4/><W126/><G126/><T21/><D21/><N who="1" m="13375" /><E112/><V57/><F95/><AGARI ba="0,1" hai="45,48,54,86,90,95,96,98" m="13375,15435" machi="95" ten="30,1000,0" yaku="8,1" doraHai="58" who="1" fromWho="2" sc="136,0,304,20,280,-10,270,0" owari="136,-36.0,324,42.0,270,7.0,270,-13.0" /></mjloggm>