<mjloggm ver="2.3"><GO type="41" lobby="0"/><UN n0="%E5%B0%B1%E6%B4%BB%E7%94%9F%40%E5%B7%9D%E6%9D%91%E8%BB%8D%E5%9B%A3" n1="%E3%83%A1%E3%82%BF%E3%83%95%E3%82%A1%E3%83%BC" n2="%63%61%73%6C%74" n3="%68%61%74%61%68%69%74%6F" dan="14,14,13,14" rate="1958.91,1912.96,1832.28,1966.75" sx="M,M,M,M"/><TAIKYOKU oya="0"/><INIT seed="0,0,0,3,4,103" ten="250,250,250,250" oya="0" hai0="38,80,91,64,92,34,112,45,42,46,81,82,105" hai1="95,107,133,101,47,124,30,85,1,90,62,83,51" hai2="6,41,99,125,31,0,102,116,119,3,21,135,49" hai3="33,68,40,106,17,39,120,52,113,9,13,55,111"/><T89/><D112/><U110/><E1/><V14/><F125/><W127/><G113/><T65/><D34/><U129/><E124/><V114/><F135/><W19/><G68/><T76/><D76/><U123/><E133/><V23/><F114/><W87/><G127/><T43/><D105/><U97/><E123/><V134/><F134/><W122/><G33/><T77/><D77/><U130/><E30/><V20/><F49/><W108/><G87/><T22/><D22/><U8/><E8/><N who="2" m="4375" /><F41/><W75/><G75/><T50/><REACH who="0" step="1"/><D91/><REACH who="0" ten="240,250,250,250" step="2"/><U36/><E130/><V131/><F102/><W4/><G106/><T72/><D72/><U128/><E129/><V94/><F131/><W115/><G115/><T70/><D70/><U37/><E128/><V7/><F99/><AGARI ba="0,1" hai="38,42,43,45,46,50,64,65,80,81,82,89,92,99" machi="99" ten="40,3900,0" yaku="1,1,53,1" doraHai="103" doraHaiUra="86" who="0" fromWho="2" sc="240,49,250,0,250,-39,250,0" /><INIT seed="0,1,0,5,0,20" ten="289,250,211,250" oya="0" hai0="0,126,128,74,36,3,10,51,6,124,45,27,46" hai1="34,39,111,55,84,31,91,9,125,119,127,11,57" hai2="28,77,105,81,97,109,96,49,32,53,87,68,50" hai3="22,112,25,7,63,88,30,52,85,98,92,60,116"/><T35/><D74/><U133/><E119/><V12/><F109/><W56/><G112/><T89/><D36/><U108/><E39/><V41/><F68/><W79/><G116/><T82/><D128/><U135/><E91/><V65/><F105/><W95/><G7/><T113/><D113/><U131/><E84/><V94/><F96/><W103/><G79/><T75/><D3/><U59/><E131/><V72/><F65/><W18/><G30/><N who="0" m="19935" /><D51/><AGARI ba="1,0" hai="18,22,25,51,52,56,60,63,85,88,92,95,98,103" machi="51" ten="30,8000,1" yaku="7,1,8,1,52,1,54,2" doraHai="20" who="3" fromWho="0" sc="289,-83,250,0,211,0,250,83" /><INIT seed="1,0,0,4,5,4" ten="206,250,211,333" oya="1" hai0="13,34,110,96,70,112,60,28,16,5,102,107,48" hai1="59,3,118,74,27,76,15,98,67,61,111,103,45" hai2="22,37,68,1,106,0,24,20,10,79,125,42,66" hai3="87,119,94,57,124,32,47,54,88,132,114,131,51"/><U9/><E118/><V35/><F20/><W86/><G114/><T85/><D112/><U120/><E120/><V11/><F22/><W78/><G32/><T18/><D110/><U53/><E3/><V49/><F49/><W126/><G119/><T36/><D36/><U83/><E111/><V81/><F106/><W101/><G132/><T90/><D48/><U31/><E45/><V84/><F66/><W93/><G131/><T92/><D5/><U38/><E38/><V33/><F68/><W117/><G117/><T50/><D50/><U43/><E43/><V113/><F113/><W41/><G78/><T73/><D73/><U109/><E109/><V12/><F42/><W116/><G116/><T63/><D13/><U108/><E108/><V40/><F40/><W58/><G58/><T91/><D91/><U23/><E53/><V75/><F37/><W21/><G21/><T115/><D115/><U64/><E64/><V19/><F75/><W122/><G122/><T72/><D72/><U127/><E127/><V129/><F125/><W55/><G54/><T80/><D80/><U30/><E30/><V29/><F35/><W89/><G101/><T99/><D99/><U123/><E123/><V77/><F129/><W133/><REACH who="3" step="1"/><G133/><REACH who="3" ten="206,250,211,323" step="2"/><T95/><D34/><U128/><E128/><V130/><F130/><W25/><G25/><T82/><D28/><U44/><E44/><V135/><F135/><W39/><AGARI ba="0,1" hai="39,41,47,51,55,57,86,87,88,89,93,94,124,126" machi="39" ten="30,7900,0" yaku="1,1,0,1,9,1,54,1,53,0" doraHai="4" doraHaiUra="62" who="3" fromWho="3" sc="206,-20,250,-39,211,-20,323,89" /><INIT seed="2,0,0,3,0,101" ten="186,211,191,412" oya="2" hai0="105,117,52,14,109,93,132,34,41,27,131,19,133" hai1="83,74,4,113,94,42,120,18,0,72,84,124,79" hai2="71,99,126,122,51,60,102,78,9,49,91,16,90" hai3="36,44,111,43,115,5,47,23,112,128,88,11,95"/><V108/><F122/><W50/><G128/><T97/><D41/><U73/><E113/><V17/><F126/><W24/><G111/><T127/><D109/><U2/><E124/><V39/><F39/><W57/><G57/><T28/><D117/><U103/><E120/><V3/><F108/><W89/><G89/><T61/><D127/><U22/><E42/><V104/><F78/><W54/><G11/><T35/><D131/><U123/><E123/><V40/><F40/><W134/><G5/><T55/><D35/><U87/><E4/><V81/><F91/><W63/><G63/><T119/><D119/><U75/><E103/><V33/><F33/><W76/><G76/><T53/><D61/><U69/><E69/><V31/><F31/><W45/><G47/><T59/><D59/><U70/><E70/><V67/><F3/><W38/><G36/><T26/><D26/><U7/><E7/><V130/><F130/><W92/><G95/><T85/><D85/><U48/><E48/><V107/><F107/><W110/><G134/><N who="0" m="51819" /><D105/><U129/><E129/><V37/><F37/><W64/><G64/><T66/><D66/><U80/><E94/><V10/><F10/><W65/><G65/><T62/><D62/><U13/><N who="1" m="18944" /><DORA hai="56" /><U12/><REACH who="1" step="1"/><E12/><REACH who="1" ten="186,201,191,412" step="2"/><V106/><F106/><W118/><G118/><T135/><N who="0" m="51827" /><T77/><DORA hai="121" /><D93/><U21/><E21/><V30/><F104/><W82/><G110/><T58/><D14/><U96/><E96/><V15/><F99/><W8/><G115/><T98/><D97/><U6/><E6/><V20/><F102/><RYUUKYOKU ba="0,1" sc="186,-10,201,30,191,-10,412,-10" hai1="0,2,13,18,22,79,80,83,84,87" /><INIT seed="3,1,1,5,0,29" ten="176,231,181,402" oya="3" hai0="76,99,129,68,0,75,126,38,70,86,131,17,124" hai1="55,33,3,12,119,110,90,37,27,81,95,116,24" hai2="47,71,74,123,122,133,103,6,48,67,7,11,51" hai3="125,97,9,114,106,61,28,34,108,107,58,10,112"/><W85/><G125/><N who="0" m="48235" /><D0/><U73/><E37/><V72/><F103/><W4/><G85/><T82/><D38/><U18/><E3/><V88/><F11/><W63/><G108/><T80/><D17/><U94/><E110/><V30/><F30/><W117/><G117/><N who="1" m="45130" /><E33/><V16/><F47/><W13/><G10/><T45/><D45/><U40/><E40/><V92/><F92/><N who="1" m="35369" /><E55/><V8/><F8/><W83/><G83/><N who="0" m="45471" /><D99/><U2/><E2/><V42/><F42/><W21/><G21/><T104/><D104/><U19/><E73/><V118/><F118/><W59/><G107/><T35/><D35/><U14/><E90/><V135/><F67/><W60/><G97/><T22/><D22/><N who="1" m="11591" /><E81/><N who="0" m="31337" /><D86/><U120/><E120/><V134/><F71/><AGARI ba="1,1" hai="68,70,71,129,131" m="31337,45471,48235" machi="71" ten="40,1300,0" yaku="18,1" doraHai="29" who="0" fromWho="2" sc="176,26,231,0,181,-16,402,0" /><INIT seed="4,0,0,3,0,11" ten="202,231,165,402" oya="0" hai0="46,75,116,2,127,10,90,110,49,123,61,27,9" hai1="88,63,103,30,31,23,55,29,108,28,70,126,89" hai2="14,83,43,133,69,106,4,39,6,87,68,78,85" hai3="16,58,22,1,53,131,124,119,71,117,56,112,122"/><T115/><D75/><U42/><E108/><V107/><F106/><W134/><G1/><T73/><D73/><U132/><E126/><V32/><F107/><W95/><G71/><T97/><D116/><U36/><E132/><V104/><F104/><W26/><G124/><T45/><D123/><U74/><E74/><V8/><F32/><W57/><G112/><T82/><D115/><U92/><E36/><V66/><F133/><W125/><G131/><T98/><D110/><U65/><E42/><V81/><F66/><W62/><G134/><T40/><D127/><U111/><E111/><V59/><F59/><W19/><G125/><T51/><D2/><U47/><E47/><V105/><F105/><W54/><G122/><T52/><D27/><U128/><E128/><V37/><F43/><W100/><G95/><T25/><D25/><N who="1" m="16447" /><E65/><V80/><F8/><N who="0" m="3178" /><D61/><U35/><E70/><V109/><F109/><W7/><G7/><T38/><D38/><U91/><E103/><V60/><F60/><W41/><G41/><T84/><AGARI ba="0,0" hai="40,45,46,49,51,52,82,84,90,97,98" m="3178" machi="84" ten="30,3000,0" yaku="8,1,54,1" doraHai="11" who="0" fromWho="0" sc="202,30,231,-10,165,-10,402,-10" /><INIT seed="4,1,0,5,2,75" ten="232,221,155,392" oya="0" hai0="59,127,16,48,30,134,96,68,115,8,61,41,2" hai1="54,46,47,118,11,101,72,63,49,28,80,0,100" hai2="129,133,24,93,31,35,19,107,91,51,81,132,44" hai3="3,25,36,97,66,64,38,114,69,9,82,84,18"/><T87/><D68/><U62/><E118/><V14/><F107/><W112/><G97/><T56/><D115/><N who="3" m="44073" /><G69/><T86/><D30/><U109/><E109/><V55/><F129/><W95/><G95/><T120/><D120/><U50/><E28/><V23/><REACH who="2" step="1"/><F81/><REACH who="2" ten="232,221,145,392" step="2"/><W32/><G38/><T1/><D1/><U76/><E0/><V29/><F29/><W126/><G36/><T57/><D2/><U53/><REACH who="1" step="1"/><E11/><REACH who="1" ten="232,211,145,392" step="2"/><V89/><F89/><W119/><G3/><T131/><D8/><U85/><E85/><AGARI ba="1,2" hai="14,19,23,24,31,35,44,51,55,85,91,93,132,133" machi="85" ten="40,2600,0" yaku="1,1,53,1" doraHai="75" doraHaiUra="43" who="2" fromWho="1" sc="232,0,211,-29,145,49,392,0" /><INIT seed="5,0,0,2,5,24" ten="232,182,194,392" oya="1" hai0="51,90,105,11,80,97,3,6,100,134,81,116,124" hai1="67,59,128,135,41,21,65,79,98,99,89,61,95" hai2="129,63,101,64,91,85,47,60,75,70,132,44,82" hai3="4,83,76,14,2,32,119,102,46,117,73,107,106"/><U108/><E135/><V34/><F132/><W77/><G32/><T88/><D134/><U45/><E128/><V66/><F129/><W54/><G77/><T9/><D116/><U30/><E108/><V48/><F101/><W13/><G102/><T8/><D124/><U22/><E79/><V0/><F0/><W115/><G115/><T113/><D113/><U118/><E118/><V25/><F75/><W94/><G94/><T86/><D51/><U126/><E126/><V33/><F33/><W15/><G119/><T12/><D3/><U71/><E71/><V93/><F82/><W19/><G117/><T56/><D56/><U50/><E30/><V58/><REACH who="2" step="1"/><F48/><REACH who="2" ten="232,182,184,392" step="2"/><W112/><G112/><T36/><D36/><U104/><E104/><V78/><F78/><W17/><G107/><T18/><D6/><U55/><E99/><V40/><F40/><W52/><G106/><T109/><D109/><U122/><E122/><V103/><F103/><W49/><REACH who="3" step="1"/><G54/><REACH who="3" ten="232,182,184,382" step="2"/><T42/><D42/><U20/><AGARI ba="0,2" hai="20,21,22,41,45,50,55,59,61,65,67,89,95,98" machi="20" ten="30,3000,0" yaku="0,1,8,1" doraHai="24" who="1" fromWho="1" sc="232,-10,182,50,184,-10,382,-10" /><INIT seed="5,1,0,5,5,123" ten="222,232,174,372" oya="1" hai0="84,124,104,66,63,9,68,114,54,89,75,113,3" hai1="80,120,5,121,129,132,107,38,51,20,78,45,111" hai2="55,62,73,18,13,29,125,24,110,112,103,41,99" hai3="26,15,82,23,90,127,131,94,64,118,14,81,135"/><U91/><E38/><V22/><F73/><W71/><G118/><T11/><D75/><U17/><E107/><V16/><F125/><W92/><G135/><T47/><D104/><U7/><E132/><V65/><F41/><W2/><G2/><T97/><D124/><U134/><E134/><V34/><F112/><N who="0" m="43114" /><D3/><U46/><E129/><V119/><F119/><W60/><G131/><T53/><D97/><U10/><E91/><V44/><F55/><N who="0" m="21002" /><D47/><U27/><E7/><V42/><F44/><W70/><G70/><T74/><D74/><U69/><E69/><V96/><F42/><W57/><G127/><T59/><D68/><U128/><E128/><V12/><F99/><W76/><G71/><T39/><D39/><U100/><E45/><V28/><F28/><W93/><G90/><T32/><D32/><U122/><E100/><V115/><F115/><W8/><G76/><T21/><D21/><U106/><E106/><V88/><F88/><W30/><REACH who="3" step="1"/><G14/><REACH who="3" ten="222,232,174,362" step="2"/><T6/><D6/><AGARI ba="1,1" hai="6,8,15,23,26,30,57,60,64,81,82,92,93,94" machi="6" ten="40,5200,0" yaku="1,1,2,1,8,1,53,0" doraHai="123" doraHaiUra="87" who="3" fromWho="0" sc="222,-55,232,0,174,0,362,65" /><INIT seed="6,0,0,4,5,22" ten="167,232,174,427" oya="2" hai0="59,19,56,117,88,50,51,86,11,66,84,67,38" hai1="36,18,57,39,129,114,43,105,64,133,47,77,55" hai2="127,16,32,61,96,132,89,81,119,92,120,31,113" hai3="41,1,23,2,65,87,40,3,97,26,20,58,68"/><V102/><F120/><W95/><G68/><T121/><D38/><U13/><E105/><V130/><F119/><W60/><G20/><T101/><D121/><U9/><E114/><V85/><F113/><W103/><G87/><N who="0" m="33323" /><D117/><U109/><E109/><V29/><F130/><W99/><REACH who="3" step="1"/><G97/><REACH who="3" ten="167,232,174,417" step="2"/><T116/><D116/><U134/><E129/><V27/><F132/><W28/><AGARI ba="0,1" hai="1,2,3,23,26,28,40,41,58,60,65,95,99,103" machi="28" ten="30,12000,2" yaku="1,1,2,1,0,1,25,2,52,1,53,0" doraHai="22" doraHaiUra="115" who="3" fromWho="3" sc="167,-30,232,-30,174,-60,417,130" /><INIT seed="7,0,0,5,2,70" ten="137,202,114,547" oya="3" hai0="106,40,14,100,36,83,49,68,82,86,67,57,55" hai1="33,114,38,123,11,19,29,121,27,131,119,103,26" hai2="109,129,32,39,59,54,35,52,110,135,122,89,51" hai3="17,46,113,50,111,128,2,10,108,120,134,94,53"/><W127/><G120/><T92/><D106/><U73/><E73/><V95/><F122/><W1/><G134/><T0/><D0/><U118/><E38/><V18/><F135/><W13/><G128/><T42/><D42/><U81/><E131/><V34/><F129/><W12/><G113/><T71/><D71/><U4/><E103/><V102/><F102/><W126/><G94/><T43/><D43/><U44/><E44/><V60/><F18/><W84/><G84/><T98/><D14/><N who="1" m="5479" /><E81/><V79/><F79/><W78/><G78/><T3/><D3/><N who="3" m="1033" /><G13/><T25/><D25/><U56/><E56/><V124/><F124/><AGARI ba="0,0" hai="10,12,17,46,50,53,108,111,124,126,127" m="1033" machi="124" ten="30,1500,0" yaku="18,1" doraHai="70" who="3" fromWho="2" sc="137,0,202,0,114,-15,547,15" owari="137,-26.0,202,0.0,99,-40.0,562,66.0" /></mjloggm>