<mjloggm ver="2.3"><GO type="225" lobby="0"/><UN n0="%73%61%72%61%68%31%32%33" n1="%E5%B0%B1%E6%B4%BB%E7%94%9F%40%E5%B7%9D%E6%9D%91%E8%BB%8D%E5%9B%A3" n2="%E6%80%96%E3%81%8F%E3%81%AA%E3%81%84%E3%81%8A" n3="%E3%83%89%E3%83%BC%E3%83%A0%E3%81%AE%E8%81%B7%E4%BA%BA" dan="17,17,18,18" rate="2149.25,2092.21,2194.74,2247.69" sx="M,M,M,M"/><TAIKYOKU oya="0"/><INIT seed="0,0,0,5,2,0" ten="250,250,250,250" oya="0" hai0="61,97,71,85,18,93,28,30,41,127,58,22,73" hai1="4,116,26,54,19,12,49,72,135,95,96,11,100" hai2="50,47,52,34,131,66,119,89,94,59,86,87,121" hai3="113,101,67,76,92,123,46,75,17,129,3,24,117"/><T107/><D73/><U88/><E135/><V8/><F121/><W57/><G117/><T104/><D71/><U27/><E72/><V115/><F115/><W2/><G113/><T122/><D122/><U106/><E116/><V36/><F34/><W91/><G123/><T79/><D41/><U6/><E106/><V5/><F131/><W105/><G129/><T65/><D127/><U51/><E51/><V77/><F119/><W9/><G46/><T25/><D104/><U40/><E40/><V7/><F8/><W31/><G75/><T23/><D107/><U44/><E100/><V55/><F66/><W83/><G76/><T108/><D108/><U32/><E32/><V35/><F35/><W84/><G105/><T124/><D124/><U112/><E112/><V37/><F37/><W42/><G42/><T133/><D133/><U102/><E102/><V99/><F36/><W60/><G17/><T109/><D109/><U125/><E125/><V33/><F33/><W14/><G14/><T43/><D43/><U45/><E45/><V69/><F69/><W126/><G9/><T82/><D23/><N who="1" m="13695" /><E27/><V74/><F74/><W110/><G126/><T132/><D132/><U20/><E20/><V48/><F99/><N who="3" m="59623" /><G110/><T114/><D114/><U64/><E64/><V120/><F120/><W10/><G10/><T38/><D38/><U118/><E118/><V16/><F16/><AGARI ba="0,0" hai="4,6,11,12,16,44,49,54,88,95,96" m="13695" machi="16" ten="30,8000,1" yaku="8,1,52,2,54,2" doraHai="0" who="1" fromWho="2" sc="250,0,250,80,250,-80,250,0" /><INIT seed="1,0,0,1,3,45" ten="250,330,170,250" oya="1" hai0="106,129,11,84,70,34,24,120,53,118,124,17,72" hai1="6,51,21,20,28,15,110,59,44,82,105,7,25" hai2="23,63,75,135,16,18,112,41,67,26,60,49,108" hai3="111,29,109,79,91,58,30,56,132,31,32,62,85"/><U98/><E110/><N who="3" m="41994" /><G132/><T130/><D118/><U10/><E59/><N who="3" m="22570" /><G62/><N who="2" m="23593" /><F75/><W100/><G100/><T38/><D38/><U122/><E122/><V133/><F108/><W69/><G69/><T22/><D70/><U103/><E82/><V65/><F112/><W74/><G74/><T73/><D120/><U55/><REACH who="1" step="1"/><E7/><REACH who="1" ten="250,320,170,250" step="2"/><V94/><F133/><W3/><G32/><AGARI ba="0,1" hai="6,10,15,20,21,25,28,32,44,51,55,98,103,105" machi="32" ten="30,11600,0" yaku="1,1,2,1,7,1,52,1,53,0" doraHai="45" doraHaiUra="131" who="1" fromWho="3" sc="250,0,320,126,170,0,250,-116" /><INIT seed="1,1,0,2,5,31" ten="250,446,170,134" oya="1" hai0="0,58,110,81,30,76,36,94,56,27,93,117,50" hai1="37,59,86,71,45,28,132,111,69,8,55,129,105" hai2="112,135,88,43,122,1,108,119,24,65,131,26,48" hai3="125,11,118,90,120,42,7,54,73,104,21,4,52"/><U63/><E105/><V14/><F119/><W5/><G120/><T20/><D117/><U40/><E28/><V102/><F122/><W61/><G118/><T98/><D36/><U89/><E129/><V49/><F1/><W23/><G104/><T46/><D0/><U29/><E29/><V67/><F102/><W97/><G73/><T16/><D110/><U124/><E124/><V32/><F108/><W133/><G125/><T12/><D93/><U113/><E111/><V34/><F14/><W114/><G114/><T115/><D115/><U92/><E113/><V47/><F112/><W77/><G133/><T72/><D94/><U33/><E33/><V10/><F10/><W109/><G109/><T80/><D98/><U79/><E132/><V2/><F2/><W25/><G77/><T123/><D80/><U74/><E74/><V130/><F47/><W35/><G42/><T70/><D70/><U15/><REACH who="1" step="1"/><E79/><REACH who="1" ten="250,436,170,134" step="2"/><V38/><F135/><W96/><G35/><T75/><D72/><U64/><E64/><V39/><F43/><W101/><G101/><T134/><D134/><U3/><E3/><V87/><F88/><W91/><G91/><T62/><D123/><U53/><E53/><V84/><AGARI ba="1,1" hai="24,26,32,34,38,39,48,49,65,67,84,87,130,131" machi="84" ten="25,8000,1" yaku="0,1,22,2,52,2" doraHai="31" who="2" fromWho="2" sc="250,-21,436,-41,170,93,134,-21" /><INIT seed="2,0,0,2,1,112" ten="229,395,263,113" oya="2" hai0="71,108,12,63,81,9,96,82,78,99,131,127,114" hai1="49,55,75,52,68,80,77,64,46,59,17,87,2" hai2="29,34,7,24,90,25,79,15,91,38,128,73,51" hai3="104,4,129,117,93,30,110,18,56,121,50,66,98"/><V134/><F38/><W113/><G18/><T42/><D114/><U125/><E2/><V122/><F122/><W86/><G113/><T8/><D108/><U107/><E107/><V47/><F134/><W35/><G4/><T76/><D127/><U54/><E125/><V13/><F128/><W62/><G121/><T20/><D131/><U89/><E68/><V5/><F79/><W69/><G129/><T102/><D42/><U135/><E135/><V31/><F73/><W44/><G110/><T32/><D32/><U94/><E64/><V10/><F51/><W22/><G22/><T72/><D63/><U103/><E103/><V40/><F47/><W36/><G86/><T126/><D71/><U92/><E92/><V124/><F124/><W27/><G93/><T21/><D126/><U37/><E37/><V65/><F65/><W100/><G56/><T119/><D119/><U74/><E74/><V97/><F40/><N who="3" m="22535" /><G50/><T6/><D9/><U83/><E83/><V19/><F97/><W43/><G43/><T84/><D99/><U116/><E116/><AGARI ba="0,0" hai="27,30,35,62,66,69,98,100,104,116,117" m="22535" machi="116" ten="30,7700,0" yaku="25,1,23,1,52,2" doraHai="112" who="3" fromWho="1" sc="229,0,395,-77,263,0,113,77" /><INIT seed="3,0,0,3,1,17" ten="229,318,263,190" oya="3" hai0="43,51,58,22,68,55,108,101,39,77,127,0,65" hai1="106,33,35,122,85,119,42,109,66,57,69,41,99" hai2="120,131,5,13,45,48,100,29,20,90,112,87,93" hai3="132,84,46,25,61,7,95,32,1,15,105,78,125"/><W75/><G105/><T37/><D0/><U83/><E122/><V2/><F2/><W88/><G1/><T81/><D101/><U64/><E69/><V113/><F131/><W47/><G132/><T107/><D107/><U82/><E119/><V6/><F120/><W21/><G32/><T117/><D117/><U133/><E133/><V40/><F100/><W11/><G125/><T67/><D127/><U92/><E106/><V103/><F103/><W126/><G126/><T91/><D91/><N who="1" m="55711" /><E35/><V44/><F113/><W98/><G75/><T50/><D22/><U63/><E33/><V134/><F112/><W129/><G61/><N who="0" m="40047" /><D108/><U114/><E114/><V8/><F45/><N who="3" m="16907" /><G129/><T71/><D77/><N who="1" m="46287" /><E109/><V12/><F134/><W104/><G104/><T123/><D81/><U27/><E83/><V4/><F29/><N who="3" m="17583" /><G78/><T10/><D123/><U56/><E27/><V115/><F115/><W130/><G130/><T110/><D110/><U89/><E89/><V28/><F12/><W76/><G76/><T80/><D80/><U18/><E18/><V102/><F102/><W36/><G36/><T73/><D73/><U59/><E63/><V3/><F3/><W49/><G49/><T54/><D39/><U128/><E128/><V60/><F60/><W30/><G30/><T135/><D135/><U97/><E97/><AGARI ba="0,0" hai="7,11,15,84,88,95,97,98" m="17583,16907" machi="97" ten="30,5800,0" yaku="8,1,52,1,54,1" doraHai="17" who="3" fromWho="1" sc="229,0,318,-58,263,0,190,58" /><INIT seed="3,1,0,5,0,125" ten="229,260,263,248" oya="3" hai0="5,17,70,44,91,26,29,86,51,3,118,127,28" hai1="64,96,78,76,81,61,67,120,50,107,83,27,92" hai2="69,40,111,49,58,85,41,108,126,59,117,15,94" hai3="72,60,122,115,132,31,77,95,1,130,20,119,66"/><W110/><G122/><T38/><D118/><U19/><E120/><V32/><F69/><W104/><G119/><T87/><D70/><U45/><E107/><V47/><F32/><W133/><G104/><T14/><D38/><U57/><E64/><V22/><F126/><W84/><G115/><T0/><D127/><U55/><E27/><V30/><F41/><W124/><G1/><T82/><D5/><U11/><E11/><V106/><F106/><W6/><G6/><T79/><D28/><U9/><E9/><V24/><F15/><W99/><G124/><T121/><D121/><U12/><E12/><V25/><F25/><N who="3" m="16807" /><G110/><N who="2" m="42025" /><F117/><W73/><G130/><T56/><D56/><U97/><E19/><V8/><F8/><W2/><G2/><T131/><D131/><U128/><E128/><V35/><F35/><W75/><G84/><T18/><D18/><U74/><REACH who="1" step="1"/><E92/><REACH who="1" ten="229,250,263,248" step="2"/><V112/><F112/><W46/><G95/><N who="0" m="54775" /><D3/><U134/><E134/><V98/><F94/><W62/><G66/><T90/><D0/><U123/><E123/><V80/><F98/><W54/><G99/><T34/><D34/><U129/><E129/><V105/><F105/><W93/><G93/><T42/><D26/><U23/><E23/><V109/><N who="2" m="42033" /><V68/><DORA hai="100" /><F68/><W4/><G4/><T116/><D116/><U7/><E7/><V135/><F135/><W53/><G132/><T33/><D33/><U10/><E10/><V21/><F22/><W113/><G133/><T102/><D29/><U37/><E37/><V39/><F39/><W36/><G36/><T101/><D17/><RYUUKYOKU ba="1,1" sc="229,-15,250,15,263,15,248,-15" hai1="45,50,55,57,61,67,74,76,78,81,83,96,97" hai2="21,24,30,40,47,49,58,59,80,85" /><INIT seed="4,2,1,2,2,28" ten="214,265,278,233" oya="0" hai0="102,126,6,80,76,74,112,67,27,78,125,118,11" hai1="21,8,81,33,122,25,83,38,108,30,119,77,31" hai2="82,68,70,66,32,129,107,86,46,39,97,42,40" hai3="35,57,52,103,104,43,72,9,114,3,14,63,115"/><T61/><D112/><N who="3" m="43049" /><G72/><T23/><D118/><U37/><E108/><V47/><F129/><W12/><G43/><T124/><D102/><U10/><E119/><V48/><F66/><W99/><G35/><T95/><D95/><U89/><E122/><V41/><F32/><W106/><G106/><T58/><D76/><U98/><E33/><V109/><F109/><W85/><G85/><T45/><D45/><U121/><E121/><V92/><F41/><W131/><G131/><T59/><D59/><U69/><E69/><V5/><F5/><AGARI ba="2,1" hai="3,5,9,12,14,52,57,63,99,103,104" m="43049" machi="5" ten="30,2000,0" yaku="15,1,54,1" doraHai="28" who="3" fromWho="2" sc="214,0,265,0,278,-26,233,36" /><INIT seed="5,0,0,5,1,67" ten="214,265,252,269" oya="1" hai0="79,2,82,109,13,123,0,68,84,47,15,85,99" hai1="69,9,125,75,44,73,42,23,38,78,122,57,55" hai2="3,71,91,63,20,106,80,19,90,135,100,45,120" hai3="37,17,1,119,59,108,43,27,24,54,110,92,41"/><U48/><E122/><V81/><F120/><W116/><G1/><T26/><D123/><U121/><E121/><V7/><F135/><W134/><G134/><T128/><D128/><U115/><E115/><V25/><F100/><W58/><G92/><T89/><D109/><U88/><E125/><V14/><F106/><W66/><G66/><T103/><D68/><U97/><E9/><N who="2" m="4415" /><F71/><W114/><G114/><T124/><D124/><U5/><E5/><V74/><F74/><W34/><G17/><T133/><D133/><U21/><E69/><V40/><F63/><W112/><G112/><T46/><D26/><N who="3" m="9769" /><G34/><T77/><D77/><U6/><E6/><V65/><F65/><W30/><G30/><T12/><D2/><U113/><E113/><V70/><F3/><W98/><G98/><T94/><REACH who="0" step="1"/><D0/><REACH who="0" ten="204,265,252,269" step="2"/><U51/><E75/><V104/><F70/><W11/><G110/><T126/><D126/><U50/><E73/><V95/><F25/><W33/><G108/><T86/><D86/><U29/><E78/><V10/><F104/><AGARI ba="0,1" hai="12,13,15,46,47,79,82,84,85,89,94,99,103,104" machi="104" ten="40,2600,0" yaku="1,1,53,1" doraHai="67" doraHaiUra="72" who="0" fromWho="2" sc="204,36,265,0,252,-26,269,0" /><INIT seed="6,0,0,3,0,86" ten="240,265,226,269" oya="2" hai0="76,120,82,70,11,65,16,112,131,35,101,122,46" hai1="128,111,71,127,78,59,87,113,45,61,5,8,104" hai2="119,48,4,40,7,21,85,57,43,81,115,58,18" hai3="94,110,99,24,130,60,83,89,20,77,67,19,37"/><V42/><F119/><W106/><G37/><T135/><D35/><U50/><E71/><V32/><F32/><W84/><G130/><T10/><D131/><U124/><E104/><V53/><F57/><W3/><G3/><T17/><D112/><U69/><E69/><V96/><F96/><W31/><G110/><T26/><D135/><U134/><E128/><V33/><F33/><W72/><G19/><N who="0" m="7243" /><D70/><U30/><E30/><V49/><F49/><W73/><G106/><T117/><D117/><U123/><E134/><V129/><F115/><W88/><G77/><T100/><D65/><N who="1" m="39103" /><E111/><V6/><F129/><W56/><AGARI ba="0,0" hai="20,24,31,56,60,67,72,73,83,84,88,89,94,99" machi="56" ten="20,8000,1" yaku="0,1,7,1,52,2,54,1" doraHai="86" who="3" fromWho="3" sc="240,-20,265,-20,226,-40,269,80" owari="220,-18.0,245,5.0,186,-31.0,349,44.0" /></mjloggm>