<mjloggm ver="2.3"><GO type="169" lobby="0"/><UN n0="%5A%5A%5A%5A%5A" n1="%2E%44%49%56%41" n2="%E3%82%A6%E3%83%AB%E3%83%88%E3%83%A9%E7%AB%8B%E7%9B%B4" n3="%E3%83%94%E3%82%AB%E5%90%BE%E9%83%8E" dan="16,16,17,16" rate="2038.64,2057.08,2172.89,2077.00" sx="M,M,M,M"/><TAIKYOKU oya="0"/><INIT seed="0,0,0,2,3,72" ten="250,250,250,250" oya="0" hai0="45,23,63,86,92,111,14,43,56,32,52,73,134" hai1="126,89,118,77,121,76,20,34,119,116,0,50,49" hai2="98,55,62,91,70,83,3,75,102,93,30,115,123" hai3="22,101,7,87,130,117,54,69,80,79,128,74,35"/><T58/><D32/><U15/><E34/><V104/><F123/><W110/><G35/><T11/><D134/><U124/><E0/><V38/><F115/><W105/><G69/><T47/><D73/><U4/><E121/><V19/><F3/><W64/><G64/><T95/><D111/><U60/><E89/><V27/><F38/><W18/><G7/><T67/><D23/><U39/><E60/><V88/><F30/><W12/><G117/><T8/><D86/><U6/><E39/><V44/><F70/><W48/><G110/><T16/><D11/><N who="1" m="4583" /><E20/><N who="2" m="13727" /><F104/><W13/><G13/><T129/><D129/><N who="3" m="49769" /><G101/><T71/><D71/><U36/><E6/><V108/><F108/><W41/><G41/><T66/><D66/><U109/><E36/><V31/><F75/><W113/><G74/><T37/><D47/><U17/><E17/><V68/><F68/><W135/><G105/><T24/><D24/><U131/><E109/><V61/><F31/><W78/><G135/><T99/><D99/><U25/><E25/><V1/><F1/><W21/><G21/><T127/><D127/><N who="1" m="48683" /><E131/><V120/><F120/><W46/><G113/><T96/><D96/><U114/><E114/><V84/><F102/><W103/><G103/><T100/><D100/><U10/><E10/><V42/><F42/><W133/><G133/><T5/><D5/><U59/><E59/><V33/><F33/><W85/><G85/><T53/><D67/><U65/><E65/><V122/><F122/><W9/><G22/><T26/><D26/><U112/><E112/><V57/><F44/><W107/><G107/><RYUUKYOKU ba="0,0" sc="250,0,250,0,250,0,250,0" hai0="8,14,16,37,43,45,52,53,56,58,63,92,95" hai1="49,50,76,77,116,118,119" hai2="55,57,61,62,83,84,88,91,93,98" hai3="9,12,18,46,48,54,78,79,80,87" /><INIT seed="0,1,0,3,4,59" ten="250,250,250,250" oya="0" hai0="45,117,81,28,88,105,135,82,90,99,25,130,92" hai1="23,134,96,16,89,75,12,13,77,131,123,39,31" hai2="109,86,78,10,80,62,113,51,53,7,112,116,97" hai3="108,15,32,71,114,104,50,102,40,115,17,54,0"/><T56/><D117/><U124/><E123/><V46/><F109/><W125/><G0/><T6/><D130/><U121/><E121/><V70/><F116/><W129/><G32/><T98/><D135/><U18/><E39/><V83/><F97/><W68/><G102/><T9/><D45/><U132/><E124/><V110/><F110/><W1/><G1/><T87/><D56/><U41/><E41/><V35/><F35/><W27/><G40/><T91/><D9/><U29/><E77/><V74/><F70/><W133/><G104/><T73/><D6/><U14/><E75/><V42/><F62/><W67/><G71/><T60/><D60/><U3/><E3/><V119/><F53/><W21/><G108/><T2/><D2/><U38/><E38/><V76/><REACH who="2" step="1"/><F119/><REACH who="2" ten="250,250,240,250" step="2"/><W19/><G133/><N who="1" m="51306" /><E131/><V64/><F64/><W84/><G129/><T57/><D57/><U24/><E96/><V85/><F85/><W49/><G84/><T37/><D73/><U63/><E63/><V34/><F34/><W118/><G118/><T107/><D37/><U94/><E94/><V43/><F43/><W33/><G33/><T48/><D107/><U103/><E103/><V11/><F11/><N who="3" m="6399" /><G68/><T58/><D105/><U100/><E100/><V111/><F111/><W30/><G125/><T69/><D69/><U93/><E93/><V52/><F52/><W61/><G54/><N who="0" m="32071" /><D99/><U5/><E5/><V20/><F20/><N who="3" m="15719" /><G61/><T127/><D127/><U122/><E122/><V128/><F128/><W106/><G106/><T120/><D98/><U101/><E101/><V79/><F79/><RYUUKYOKU ba="1,1" sc="250,-10,250,-10,240,30,250,-10" hai2="7,10,42,46,51,74,76,78,80,83,86,112,113" /><INIT seed="1,2,1,3,5,39" ten="240,240,270,240" oya="1" hai0="68,124,100,43,75,107,99,59,61,51,123,76,127" hai1="16,42,7,114,120,103,45,73,9,129,83,70,67" hai2="31,121,105,26,64,36,60,69,0,133,72,86,93" hai3="122,18,81,112,22,65,80,106,52,44,117,134,92"/><U74/><E114/><V91/><F121/><W125/><G106/><T71/><D123/><U50/><E120/><V84/><F133/><W95/><G112/><T21/><D21/><U53/><E129/><V55/><F72/><W101/><G122/><T119/><D119/><U77/><E103/><V49/><F36/><W94/><G134/><T28/><D28/><U41/><E73/><V66/><F0/><W132/><G132/><T97/><D97/><U34/><E34/><V108/><F105/><W131/><G65/><T38/><D38/><U115/><E115/><V58/><F108/><W23/><G23/><T11/><D11/><U116/><E116/><V10/><F10/><W3/><G3/><T78/><D75/><U35/><E35/><V98/><F66/><W32/><G32/><AGARI ba="2,1" hai="26,31,32,49,55,58,60,64,69,84,86,91,93,98" machi="32" ten="30,1000,0" yaku="7,1" doraHai="39" who="2" fromWho="3" sc="240,0,240,0,270,26,240,-16" /><INIT seed="2,0,0,3,0,7" ten="240,240,296,224" oya="2" hai0="81,112,20,96,41,5,59,29,9,126,52,95,40" hai1="51,105,117,134,97,70,57,36,72,93,78,84,16" hai2="39,18,71,75,56,111,28,49,85,43,115,120,23" hai3="88,38,109,53,30,17,86,73,54,44,119,2,101"/><V121/><F75/><W15/><G73/><T21/><D112/><U94/><E70/><V12/><F71/><W74/><G74/><T22/><D126/><U50/><E36/><V83/><F115/><W98/><G119/><T61/><D81/><U106/><E117/><V64/><F111/><W133/><G2/><T89/><REACH who="0" step="1"/><D29/><REACH who="0" ten="230,240,296,224" step="2"/><U67/><E134/><V65/><F28/><W14/><G133/><T116/><D116/><U127/><E127/><V47/><F120/><W4/><G30/><T26/><D26/><U37/><E72/><V68/><F121/><W123/><G123/><T27/><D27/><U114/><E114/><V42/><F68/><W66/><G109/><T113/><D113/><U135/><E135/><V48/><F39/><W45/><G38/><T13/><AGARI ba="0,1" hai="5,9,13,20,21,22,40,41,52,59,61,89,95,96" machi="13" ten="30,8000,1" yaku="1,1,0,1,8,1,52,1,54,1,53,0" doraHai="7" doraHaiUra="108" who="0" fromWho="0" sc="230,90,240,-20,296,-40,224,-20" /><INIT seed="3,0,0,5,3,99" ten="320,220,256,204" oya="3" hai0="103,17,111,115,29,90,121,33,106,107,75,1,118" hai1="13,129,122,43,4,7,124,85,42,110,88,98,5" hai2="68,86,37,61,93,57,89,77,31,30,59,125,102" hai3="97,46,65,120,134,71,63,45,60,84,79,119,24"/><W48/><G120/><T123/><D1/><U104/><E110/><V130/><F37/><W128/><G119/><T67/><D67/><U72/><E72/><V80/><F125/><W6/><G128/><T92/><D111/><U32/><E32/><V12/><F130/><W76/><G134/><T101/><D17/><U100/><E129/><V41/><F68/><W87/><G63/><T133/><D29/><U116/><E116/><V117/><F117/><W34/><G6/><T11/><D11/><U10/><E124/><V19/><F41/><W21/><G34/><T131/><D33/><U9/><E122/><V109/><F109/><W39/><G39/><T95/><D118/><U47/><E47/><V70/><F70/><W96/><G46/><T78/><D131/><U28/><E28/><V27/><F27/><W126/><G126/><T36/><D36/><U3/><REACH who="1" step="1"/><E5/><REACH who="1" ten="320,210,256,204" step="2"/><V127/><F127/><W15/><G45/><T73/><D133/><U49/><E49/><V50/><F50/><W56/><G48/><T8/><D123/><U35/><E35/><V38/><F38/><W14/><G71/><T51/><D51/><U58/><E58/><V54/><F59/><W94/><G56/><T91/><D75/><U0/><E0/><V108/><F108/><W114/><G114/><T23/><D73/><U18/><E18/><V112/><F112/><W66/><G60/><T40/><D115/><U132/><E132/><V69/><F69/><W64/><G64/><T135/><D135/><U81/><AGARI ba="0,1" hai="3,4,7,9,10,13,42,43,81,85,88,98,100,104" machi="81" ten="20,12000,2" yaku="1,1,0,1,7,1,52,1,54,1,53,1" doraHai="99" doraHaiUra="83" who="1" fromWho="1" sc="320,-30,210,130,256,-30,204,-60" /><INIT seed="4,0,0,1,1,116" ten="290,340,226,144" oya="0" hai0="98,124,113,61,131,64,59,122,133,12,39,85,101" hai1="24,15,128,35,38,108,49,121,56,106,48,42,46" hai2="129,22,8,63,25,16,10,77,34,27,95,112,4" hai3="6,43,47,73,82,107,2,7,66,132,125,114,53"/><T102/><D39/><U68/><E106/><V88/><F112/><W119/><G119/><T90/><D113/><U26/><E108/><V11/><F129/><W70/><G114/><T100/><D131/><U104/><E104/><V109/><F109/><W65/><G53/><T75/><D133/><U78/><E78/><V94/><F77/><W91/><G132/><T76/><D124/><U118/><E118/><V28/><F63/><W33/><G33/><T51/><D122/><U54/><E128/><V44/><F44/><W45/><G107/><T62/><D12/><U111/><E111/><V31/><F95/><W17/><G70/><T32/><D32/><U123/><E15/><V71/><F71/><W127/><G17/><T110/><D110/><U72/><E72/><V80/><F80/><W21/><G21/><T69/><D51/><N who="1" m="19531" /><E24/><V3/><REACH who="2" step="1"/><F31/><REACH who="2" ten="290,340,216,144" step="2"/><W1/><G82/><N who="0" m="47303" /><D62/><U134/><E68/><V126/><F126/><W81/><G81/><T23/><D69/><U115/><E115/><V79/><F79/><W74/><G91/><T83/><D75/><U84/><E134/><V105/><F105/><W130/><G130/><T36/><D36/><U55/><E38/><V57/><F57/><W58/><G58/><T67/><D83/><U37/><E56/><V50/><F50/><W99/><G99/><AGARI ba="0,1" hai="3,4,8,10,11,16,22,25,27,28,34,88,94,99" machi="99" ten="30,8000,1" yaku="1,1,7,1,54,2,53,1" doraHai="116" doraHaiUra="19" who="2" fromWho="3" sc="290,0,340,0,216,90,144,-80" /><INIT seed="5,0,0,3,2,93" ten="290,340,306,64" oya="1" hai0="19,49,14,107,76,124,42,114,60,100,38,108,132" hai1="127,109,121,64,113,77,128,120,32,21,92,45,118" hai2="102,80,44,110,39,73,75,57,85,70,67,3,55" hai3="103,68,133,65,112,111,0,115,89,58,17,74,56"/><U134/><E32/><V59/><F110/><W25/><G74/><T4/><D108/><U43/><E77/><V6/><F59/><W69/><G0/><T101/><D132/><U61/><E92/><V34/><F34/><W99/><G111/><T29/><D124/><U5/><E5/><V1/><F1/><W66/><G89/><T129/><D129/><U33/><E21/><V41/><F102/><W83/><G83/><T94/><D114/><N who="3" m="43561" /><G25/><T104/><D38/><N who="1" m="21751" /><E33/><V82/><F82/><W18/><G58/><T106/><D76/><U24/><E24/><V16/><F16/><N who="3" m="6251" /><G133/><T116/><D116/><U22/><E109/><V15/><F3/><W9/><G9/><T37/><D37/><U95/><E134/><V96/><F6/><W2/><G2/><T131/><D4/><U63/><E118/><V79/><F15/><W62/><G66/><T35/><D35/><U117/><E117/><V119/><F119/><W91/><G91/><T88/><D29/><U11/><E11/><V81/><F81/><W30/><G30/><T126/><D107/><AGARI ba="0,0" hai="56,62,65,68,69,99,103,107" m="6251,43561" machi="107" ten="30,3900,0" yaku="15,1,52,1,54,1" doraHai="93" who="3" fromWho="0" sc="290,-39,340,0,306,0,64,39" /><INIT seed="6,0,0,3,4,126" ten="251,340,306,103" oya="2" hai0="119,82,127,81,13,87,22,9,83,21,92,72,65" hai1="130,15,5,120,99,95,121,52,94,123,62,84,74" hai2="73,80,91,85,26,2,104,23,36,86,27,40,101" hai3="58,114,48,70,125,67,53,116,134,44,132,79,32"/><V37/><F2/><W29/><G79/><T4/><D119/><U78/><E130/><V16/><F73/><W66/><G29/><T19/><D127/><U28/><E28/><V133/><F133/><N who="3" m="51307" /><G125/><T128/><D128/><U47/><E74/><V97/><F40/><N who="3" m="24583" /><G32/><T108/><D108/><U64/><E99/><V3/><F3/><W51/><G116/><T43/><D43/><U106/><E84/><V1/><F1/><W25/><G25/><T61/><D72/><U57/><E106/><V77/><REACH who="2" step="1"/><F27/><REACH who="2" ten="251,340,296,103" step="2"/><W41/><G114/><T109/><D109/><U118/><E118/><V63/><F63/><N who="3" m="40287" /><G41/><T71/><D4/><U75/><E5/><V93/><AGARI ba="0,1" hai="16,23,26,36,37,77,80,85,86,91,93,97,101,104" machi="93" ten="20,7800,0" yaku="1,1,0,1,7,1,54,1,53,0" doraHai="126" doraHaiUra="56" who="2" fromWho="2" sc="251,-26,340,-26,296,88,103,-26" /><INIT seed="6,1,0,1,0,32" ten="225,314,384,77" oya="2" hai0="111,10,50,100,92,129,91,116,135,34,60,44,64" hai1="103,4,40,13,67,25,20,106,31,112,81,0,41" hai2="102,42,94,21,130,117,14,101,126,18,82,79,104" hai3="108,27,86,28,114,118,98,24,76,53,132,35,115"/><V85/><F117/><W66/><G118/><T80/><D116/><U23/><E112/><N who="3" m="43050" /><G108/><T95/><D111/><U75/><E67/><V89/><F126/><W63/><G132/><T127/><D135/><U8/><E103/><V107/><F130/><W33/><G53/><T96/><D129/><U78/><E106/><V11/><F104/><W52/><G98/><T121/><D121/><U17/><AGARI ba="1,0" hai="0,4,8,13,17,20,23,25,31,40,41,75,78,81" machi="17" ten="30,2000,0" yaku="0,1,52,1" doraHai="32" who="1" fromWho="1" sc="225,-6,314,23,384,-11,77,-6" /><INIT seed="7,0,0,4,2,30" ten="219,337,373,71" oya="3" hai0="125,93,49,58,16,48,121,76,90,99,7,32,62" hai1="64,68,131,94,85,53,19,132,45,55,6,98,44" hai2="43,23,106,122,25,46,91,3,41,2,101,35,107" hai3="5,126,50,102,12,47,71,27,1,108,80,38,14"/><W29/><G71/><T103/><D121/><U133/><E6/><V119/><F41/><W65/><G38/><T52/><D125/><U20/><E85/><V70/><F119/><W97/><G126/><T109/><D109/><U78/><E78/><V113/><F113/><W67/><G1/><T39/><D39/><U81/><E81/><V124/><F124/><W60/><G80/><T21/><D76/><U75/><E75/><V88/><F35/><W116/><G116/><T9/><D103/><U22/><E22/><V117/><F70/><W89/><G89/><T123/><D123/><U15/><E131/><V8/><F122/><W54/><G108/><T118/><D118/><U51/><E64/><V129/><F129/><W79/><G79/><T57/><D57/><U110/><E68/><V17/><F117/><W26/><G60/><T134/><D134/><U0/><E0/><V34/><F34/><W111/><G111/><T130/><D130/><U95/><E110/><V31/><F3/><W56/><G56/><T10/><D32/><U18/><E18/><V40/><F2/><W112/><G112/><T28/><D28/><U63/><E63/><V82/><F91/><W135/><G135/><N who="1" m="51786" /><E98/><V4/><F88/><W115/><G115/><T11/><D7/><U73/><E73/><V59/><F82/><W87/><G87/><T104/><D104/><U127/><E127/><V66/><F107/><N who="3" m="63951" /><G27/><AGARI ba="0,0" hai="9,10,11,16,21,27,48,49,52,58,62,90,93,99" machi="27" ten="40,8000,1" yaku="25,2,8,1,54,2" doraHai="30" who="0" fromWho="3" sc="219,80,337,0,373,0,71,-80" owari="299,-10.0,337,14.0,373,47.0,-9,-51.0" /></mjloggm>