<mjloggm ver="2.3"><GO type="41" lobby="0"/><UN n0="%54%61%6B%65%4F%76%65%72" n1="%E7%A9%8F%E4%B9%83%E3%81%A1%E3%82%83%E3%82%93%E5%8F%AF%E6%84%9B%E3%81%84" n2="%E3%82%B2%E3%83%B3%E3%81%95%E3%82%93" n3="%E5%B0%B1%E6%B4%BB%E7%94%9F%40%E5%B7%9D%E6%9D%91%E8%BB%8D%E5%9B%A3" dan="14,13,16,17" rate="1918.82,1828.39,2028.05,2206.96" sx="M,M,M,M"/><TAIKYOKU oya="0"/><INIT seed="0,0,0,3,4,72" ten="250,250,250,250" oya="0" hai0="50,121,59,5,122,80,125,48,119,116,13,26,2" hai1="24,124,41,31,69,74,131,127,77,120,33,56,34" hai2="102,62,112,113,84,130,55,1,81,73,37,64,60" hai3="49,36,108,32,71,114,94,126,10,11,109,63,28"/><T133/><D2/><U129/><E120/><V105/><F73/><W65/><G36/><T0/><D0/><U42/><E69/><V39/><F1/><W7/><G114/><T15/><D133/><U93/><E93/><V97/><F130/><N who="1" m="49673" /><E56/><V20/><F55/><W66/><G66/><T134/><D134/><U92/><E92/><V128/><F128/><W96/><G126/><N who="1" m="48170" /><E34/><V6/><F62/><W30/><G49/><T78/><D125/><U61/><E61/><V82/><F82/><AGARI ba="0,0" hai="24,31,33,41,42,74,77,82" m="48170,49673" machi="82" ten="30,3900,0" yaku="19,1,18,1,52,1" doraHai="72" who="1" fromWho="2" sc="250,0,250,39,250,-39,250,0" /><INIT seed="1,0,0,5,0,1" ten="250,289,211,250" oya="1" hai0="67,109,23,76,123,52,53,95,126,31,37,94,98" hai1="132,120,127,96,87,35,75,122,83,26,47,11,70" hai2="40,25,90,121,58,51,105,111,38,130,57,42,115" hai3="15,32,33,124,100,6,9,101,117,30,85,82,71"/><U102/><E132/><V3/><F105/><W63/><G124/><T54/><D126/><U56/><E127/><V22/><F3/><W69/><G117/><T27/><D123/><U19/><E70/><V81/><F121/><W28/><G69/><T133/><D133/><U5/><E75/><V20/><F115/><W89/><G33/><T17/><D37/><U41/><E56/><V39/><F130/><W79/><G32/><T112/><D112/><U103/><E19/><V73/><F111/><W18/><G79/><T10/><D109/><U59/><E59/><V44/><F22/><W114/><G114/><T2/><D67/><U7/><E26/><V92/><F51/><W91/><G91/><T49/><D76/><U113/><E35/><V107/><F107/><W129/><G129/><T72/><D72/><U116/><E116/><V65/><F65/><W64/><REACH who="3" step="1"/><G18/><REACH who="3" ten="250,289,211,240" step="2"/><T135/><D135/><U0/><E113/><V24/><F73/><W29/><AGARI ba="0,1" hai="6,9,15,28,29,30,63,64,71,82,85,89,100,101" machi="29" ten="30,7900,0" yaku="1,1,2,1,0,1,52,1,53,0" doraHai="1" doraHaiUra="12" who="3" fromWho="3" sc="250,-20,289,-39,211,-20,240,89" /><INIT seed="2,0,0,1,2,4" ten="230,250,191,329" oya="2" hai0="21,25,23,67,114,102,111,28,8,29,17,53,35" hai1="60,37,119,74,76,2,103,52,50,69,95,109,128" hai2="124,106,0,43,3,14,66,96,79,51,19,39,20" hai3="131,22,126,132,24,1,97,77,57,100,47,116,75"/><V18/><F39/><W12/><G1/><T118/><D67/><U72/><E119/><V122/><F122/><W113/><G116/><T63/><D102/><U90/><E128/><V45/><F124/><W107/><G131/><T91/><D118/><U101/><E109/><V44/><F66/><W15/><G132/><T115/><D91/><U88/><E2/><V48/><F79/><W62/><G126/><T78/><D78/><U70/><E37/><V117/><F117/><W86/><G75/><T27/><D63/><U64/><E70/><V68/><F68/><W94/><G47/><T120/><D53/><U82/><E74/><V134/><F134/><W16/><G113/><N who="0" m="43019" /><D120/><U31/><E31/><V123/><F123/><W133/><G133/><T13/><D111/><U93/><E93/><V49/><F49/><W65/><REACH who="3" step="1"/><G107/><REACH who="3" ten="230,250,191,319" step="2"/><T58/><D58/><U73/><E73/><V80/><F106/><W125/><G125/><T71/><D71/><U46/><REACH who="1" step="1"/><E90/><REACH who="1" ten="230,240,191,319" step="2"/><V9/><F80/><AGARI ba="0,2" hai="12,15,16,22,24,57,62,65,77,80,86,94,97,100" machi="80" ten="40,5200,0" yaku="1,1,8,1,54,1,53,0" doraHai="4" doraHaiUra="127" who="3" fromWho="2" sc="230,0,240,0,191,-52,319,72" /><INIT seed="3,0,0,2,1,99" ten="230,240,139,391" oya="3" hai0="41,93,2,70,32,19,46,6,82,12,95,86,134" hai1="59,123,28,125,49,29,107,47,17,42,91,7,109" hai2="55,114,14,102,135,15,73,5,0,116,69,132,9" hai3="127,74,128,21,52,77,85,98,35,113,62,121,33"/><W87/><G121/><T48/><D70/><U96/><E125/><V72/><F114/><W81/><G113/><T45/><D32/><U103/><E109/><V66/><F116/><W23/><G127/><T118/><D134/><N who="2" m="51242" /><F55/><W75/><G128/><T56/><D118/><U30/><E123/><V130/><F130/><W50/><G74/><N who="2" m="28777" /><F66/><W100/><G62/><T119/><D119/><U31/><E7/><V51/><F69/><W108/><G108/><T106/><D106/><U76/><E76/><V39/><F39/><W4/><G4/><T131/><D131/><U34/><E91/><V54/><F102/><W58/><G23/><T84/><D6/><U26/><E59/><AGARI ba="0,0" hai="0,5,9,14,15,51,54,59" m="28777,51242" machi="59" ten="30,1000,0" yaku="20,1" doraHai="99" who="2" fromWho="1" sc="230,0,240,-10,139,10,391,0" /><INIT seed="4,0,0,2,1,122" ten="230,230,149,391" oya="0" hai0="103,126,1,89,105,56,67,66,5,121,93,123,12" hai1="104,130,107,49,80,11,45,3,18,73,72,128,90" hai2="35,4,86,131,106,40,69,79,59,100,114,71,102" hai3="113,61,36,91,82,65,132,42,13,75,92,83,20"/><T53/><D1/><U55/><E107/><V85/><F59/><W57/><G113/><T52/><D105/><U70/><E70/><V15/><F106/><W62/><G132/><T125/><D103/><U68/><E68/><V47/><F35/><W118/><G118/><T44/><D44/><U117/><E117/><V94/><F114/><W74/><G74/><T135/><D135/><U111/><E111/><V39/><F131/><N who="1" m="50217" /><E104/><V41/><F41/><W96/><G75/><T28/><D28/><U17/><E17/><V108/><F108/><W110/><G110/><T38/><D38/><U51/><E51/><V34/><F34/><W33/><G33/><T37/><D37/><U84/><E3/><V119/><F119/><W63/><G42/><T10/><D121/><U21/><E21/><V32/><F32/><W115/><G36/><T50/><D123/><U31/><E31/><V27/><F102/><W22/><G115/><T76/><D53/><U24/><E24/><V88/><F27/><W116/><G116/><T29/><D29/><U109/><E109/><V64/><F100/><W77/><G22/><T6/><D6/><U43/><E43/><V19/><F64/><W54/><G65/><T46/><D76/><U134/><E134/><V87/><F4/><W9/><G20/><T48/><D48/><U97/><E97/><V26/><F26/><W23/><G23/><T14/><D14/><AGARI ba="0,0" hai="11,14,18,45,49,55,72,73,80,84,90" m="50217" machi="14" ten="30,2000,0" yaku="25,1,19,1" doraHai="122" who="1" fromWho="0" sc="230,-20,230,20,149,0,391,0" /><INIT seed="5,0,0,0,2,16" ten="210,250,149,391" oya="1" hai0="87,44,62,124,45,2,26,13,121,75,86,130,69" hai1="28,117,133,102,83,58,4,107,35,95,96,61,89" hai2="31,11,123,74,37,10,120,12,134,113,118,116,82" hai3="105,131,53,106,77,38,51,110,81,48,76,92,70"/><U63/><E133/><V17/><F37/><W71/><G38/><T15/><D2/><U126/><E126/><V54/><F54/><W108/><G131/><T85/><D75/><U88/><E117/><V114/><F82/><W8/><G8/><T9/><D124/><U34/><E4/><V49/><F49/><W135/><G135/><T14/><D130/><U60/><E58/><V132/><F74/><W39/><G39/><T67/><D121/><U99/><REACH who="1" step="1"/><E28/><REACH who="1" ten="210,240,149,391" step="2"/><V129/><F129/><W94/><G71/><T65/><D69/><U1/><E1/><V21/><F31/><W59/><G70/><T80/><D80/><U66/><E66/><V50/><F50/><W55/><G81/><T103/><D62/><U6/><E6/><V29/><F29/><W32/><G59/><T64/><D9/><U23/><E23/><V79/><F17/><W7/><G7/><T47/><D26/><U5/><E5/><V22/><F79/><W43/><G43/><T101/><AGARI ba="0,1" hai="13,14,15,44,45,47,64,65,67,85,86,87,101,103" machi="101" ten="40,32000,5" yakuman="41" doraHai="16" who="0" fromWho="0" sc="210,330,240,-160,149,-80,391,-80" /><INIT seed="6,0,0,1,5,16" ten="540,80,69,311" oya="2" hai0="126,27,4,41,23,35,118,82,17,20,47,8,90" hai1="117,95,97,3,7,28,68,134,50,71,6,109,38" hai2="45,116,111,87,49,83,115,29,120,52,89,67,127" hai3="81,54,93,1,0,14,94,85,42,125,88,69,131"/><V62/><F120/><W15/><G69/><T130/><D35/><U12/><E117/><V5/><F111/><W22/><G125/><T76/><D126/><U33/><E134/><V70/><F127/><W102/><G131/><T104/><D104/><U91/><E109/><V21/><F116/><W99/><G42/><T80/><D130/><U31/><E38/><V25/><F5/><W66/><G66/><T36/><D20/><U98/><E98/><V59/><REACH who="2" step="1"/><F115/><REACH who="2" ten="540,80,59,311" step="2"/><W56/><G0/><T135/><D118/><U129/><E129/><V13/><F13/><W110/><G1/><T46/><D135/><U48/><E3/><V24/><F24/><W84/><G110/><T10/><D4/><U32/><E12/><V112/><F112/><W106/><G15/><T9/><D36/><U96/><E6/><V44/><AGARI ba="0,1" hai="21,25,29,44,45,49,52,59,62,67,70,83,87,89" machi="44" ten="30,11700,0" yaku="1,1,0,1,52,1,54,1,53,0" doraHai="16" doraHaiUra="133" who="2" fromWho="2" sc="540,-39,80,-39,59,127,311,-39" /><INIT seed="6,1,0,4,5,112" ten="501,41,186,272" oya="2" hai0="15,22,32,51,64,108,37,41,62,0,107,53,109" hai1="49,19,72,6,115,111,36,134,34,88,97,45,27" hai2="86,123,11,76,75,96,52,99,90,50,29,102,94" hai3="82,71,12,121,18,61,83,65,100,113,92,81,117"/><V135/><F123/><W44/><G117/><T127/><D32/><U24/><E111/><V39/><F39/><W129/><G121/><T16/><D0/><U93/><E134/><V9/><F135/><W79/><G113/><T98/><D41/><U14/><E115/><V1/><F1/><W132/><G132/><T104/><D37/><U68/><E68/><V95/><F29/><W106/><G106/><T47/><D127/><U73/><E36/><V119/><F119/><W114/><G114/><T101/><D104/><U58/><E58/><AGARI ba="1,0" hai="15,16,22,47,51,53,58,62,64,98,101,107,108,109" machi="58" ten="30,2000,0" yaku="7,1,54,1" doraHai="112" who="0" fromWho="1" sc="501,23,41,-23,186,0,272,0" /><INIT seed="7,0,0,4,3,91" ten="524,18,186,272" oya="3" hai0="4,32,3,9,54,107,8,10,30,116,52,67,2" hai1="130,31,133,0,46,88,115,25,135,63,104,86,128" hai2="108,68,1,16,117,56,73,69,80,124,78,29,59" hai3="111,82,41,71,97,87,14,53,101,48,58,19,55"/><W45/><G71/><T44/><D67/><U50/><E104/><V125/><F117/><W112/><G112/><T89/><D107/><U92/><E0/><V17/><F108/><W61/><G111/><T49/><D116/><U65/><E115/><V38/><F1/><W95/><G82/><T105/><D105/><U15/><E130/><V103/><F103/><W6/><G6/><T99/><D30/><U123/><E128/><V79/><F29/><W22/><REACH who="3" step="1"/><G87/><REACH who="3" ten="524,18,186,262" step="2"/><T109/><D4/><U43/><E123/><V121/><F80/><W83/><G83/><T47/><D109/><U85/><E135/><V23/><F121/><W51/><G51/><T33/><D49/><U100/><E133/><V7/><F7/><W35/><G35/><T57/><D32/><U96/><E15/><V20/><REACH who="2" step="1"/><F38/><REACH who="2" ten="524,18,176,262" step="2"/><W40/><AGARI ba="0,2" hai="14,19,22,40,41,45,48,53,55,58,61,95,97,101" machi="40" ten="30,11700,0" yaku="1,1,0,1,8,1,52,1,53,0" doraHai="91" doraHaiUra="106" who="3" fromWho="3" sc="524,-39,18,-39,176,-39,262,137" owari="485,58.0,-21,-52.0,137,-26.0,399,20.0" /></mjloggm>