<mjloggm ver="2.3"><GO type="97" lobby="0"/><UN n0="%E4%BA%94%E3%81%B2%E3%82%83%E3%81%90%E3%81%88%E3%82%93" n1="%E5%B0%B1%E6%B4%BB%E7%94%9F%40%E5%B7%9D%E6%9D%91%E8%BB%8D%E5%9B%A3" n2="%E3%82%B7%E3%83%BC%E3%83%96%E3%83%83%E3%82%AF" n3="%52%52%4F%4F%41%41%52%52" dan="13,14,16,13" rate="1829.54,1985.98,1971.47,1938.66" sx="M,M,F,M"/><TAIKYOKU oya="0"/><INIT seed="0,0,0,1,1,74" ten="250,250,250,250" oya="0" hai0="80,7,54,119,22,9,79,100,76,120,125,115,122" hai1="97,21,130,17,27,32,49,42,10,86,93,37,81" hai2="58,47,19,55,31,13,34,59,82,44,114,70,35" hai3="109,4,63,131,117,94,132,121,57,84,87,128,29"/><T68/><D68/><U20/><E130/><N who="3" m="49706" /><G117/><T69/><D119/><U101/><E37/><V36/><F70/><W111/><G121/><T118/><D115/><U23/><E32/><V52/><F31/><W71/><G71/><T129/><D69/><U5/><E42/><V133/><F82/><W25/><G4/><T88/><D118/><U67/><E67/><V38/><F13/><W134/><G94/><T11/><D129/><U26/><E49/><V104/><F19/><W43/><G43/><T126/><D100/><U45/><E45/><V64/><F64/><N who="3" m="39023" /><G84/><N who="0" m="50183" /><D22/><U65/><E65/><V40/><F40/><W0/><G87/><T50/><D122/><U16/><E5/><V3/><F104/><W46/><G46/><N who="0" m="27991" /><D120/><U105/><E105/><V60/><F114/><W75/><G75/><T14/><D11/><U90/><E10/><V83/><F3/><W107/><G107/><T66/><D66/><U77/><E23/><V61/><F83/><W85/><G0/><T6/><D6/><U8/><E8/><V62/><F38/><W24/><G85/><T124/><AGARI ba="0,0" hai="7,9,14,76,79,124,125,126" m="27991,50183" machi="124" ten="30,11700,0" yaku="18,1,52,2,54,1" doraHai="74" who="0" fromWho="0" sc="250,117,250,-39,250,-39,250,-39" /><INIT seed="0,1,0,0,5,20" ten="367,211,211,211" oya="0" hai0="55,133,8,121,127,135,105,68,93,23,124,74,10" hai1="122,96,14,36,109,63,4,2,1,118,95,99,115" hai2="120,39,40,53,87,100,47,104,17,85,31,114,46" hai3="43,19,34,35,57,18,108,5,125,56,103,98,89"/><T110/><D68/><U112/><E36/><V130/><F120/><W12/><G43/><T106/><D74/><U37/><E37/><V102/><F114/><N who="1" m="43561" /><E122/><V94/><F31/><W13/><G125/><N who="0" m="48203" /><D121/><U30/><E118/><V92/><F104/><N who="0" m="40042" /><D110/><U51/><E109/><V15/><F130/><W119/><G119/><T88/><D55/><U16/><E30/><V75/><F75/><W71/><G71/><T80/><D80/><U84/><E63/><V91/><F53/><W64/><G108/><T25/><D25/><U113/><N who="1" m="43569" /><U41/><DORA hai="69" /><E4/><V58/><F40/><W123/><G123/><T26/><D10/><N who="1" m="6231" /><E84/><V38/><F85/><W76/><G64/><T45/><D8/><U131/><E131/><V73/><F73/><W101/><G5/><T128/><D45/><N who="1" m="26031" /><E99/><V72/><F87/><W117/><G117/><T48/><D48/><U82/><E82/><V3/><F72/><W6/><G6/><T79/><D79/><U59/><E59/><V44/><F58/><W21/><G98/><N who="0" m="57639" /><D128/><U62/><E62/><V11/><F39/><W60/><G76/><T27/><D27/><U78/><E78/><V49/><F38/><W86/><G60/><T70/><D70/><U33/><E33/><V0/><F49/><W61/><G61/><T22/><D22/><U32/><E32/><V42/><F42/><W77/><G77/><T129/><D129/><U81/><E81/><V54/><F46/><W90/><G21/><T24/><D24/><U9/><E9/><V7/><F11/><W107/><G107/><T126/><N who="0" m="48211" /><T66/><DORA hai="67" /><D66/><RYUUKYOKU ba="1,0" sc="367,10,211,10,211,-30,211,10" hai0="23,26,133,135" hai1="1,2,95,96" hai3="12,13,18,19,34,35,56,57,86,89,90,101,103" /><INIT seed="0,2,0,3,4,19" ten="377,221,181,221" oya="0" hai0="26,90,66,23,60,134,106,47,70,115,5,114,83" hai1="128,120,100,46,91,18,99,77,20,101,84,92,129" hai2="38,49,132,51,68,62,41,96,34,2,94,13,29" hai3="93,88,50,69,27,11,135,118,72,78,32,103,95"/><T43/><D134/><U42/><E120/><V79/><F2/><W17/><G118/><T133/><D106/><U110/><E110/><V116/><F79/><W21/><G69/><T74/><D5/><U67/><E67/><V0/><F0/><W22/><G135/><T122/><D122/><U64/><E64/><V82/><F82/><W109/><G32/><T86/><D74/><U37/><E77/><V25/><F132/><W59/><G109/><T81/><D81/><U4/><E4/><V3/><F3/><W12/><G72/><T125/><D125/><U45/><E45/><V53/><F116/><W52/><G78/><T98/><D98/><U15/><REACH who="1" step="1"/><E101/><REACH who="1" ten="377,211,181,221" step="2"/><V61/><F68/><W55/><G103/><T58/><D133/><U9/><E9/><V33/><F38/><W80/><G22/><T44/><D70/><U24/><E24/><V8/><F33/><W36/><G36/><T113/><REACH who="0" step="1"/><D43/><REACH who="0" ten="367,211,181,221" step="2"/><U57/><E57/><V127/><F41/><W28/><REACH who="3" step="1"/><G55/><REACH who="3" ten="367,211,181,211" step="2"/><T108/><D108/><U124/><E124/><V63/><F127/><W89/><G89/><T111/><D111/><U30/><E30/><AGARI ba="2,3" hai="23,26,30,44,47,58,60,66,83,86,90,113,114,115" machi="30" ten="40,3900,0" yaku="1,1,52,1,53,0" doraHai="19" doraHaiUra="130" who="0" fromWho="1" sc="367,75,211,-45,181,0,211,0" /><INIT seed="0,3,0,0,1,55" ten="442,166,181,211" oya="0" hai0="28,46,110,44,43,70,1,16,129,47,73,66,56" hai1="88,113,12,41,77,57,80,63,36,24,109,132,134" hai2="68,5,2,49,133,32,112,126,54,14,7,42,130" hai3="102,34,6,119,90,91,61,131,78,23,100,71,67"/><T111/><D1/><U86/><E113/><V117/><F112/><W29/><G119/><T25/><D73/><U75/><E109/><N who="0" m="41481" /><D70/><U95/><E24/><V115/><F32/><W99/><G34/><N who="0" m="20751" /><D16/><U106/><E106/><V8/><F2/><W92/><G6/><T127/><D127/><U4/><E41/><V76/><F68/><W64/><G71/><T37/><D129/><U31/><E36/><V3/><F3/><W65/><G29/><T19/><D19/><U103/><E31/><V96/><F5/><W118/><G118/><T58/><D66/><U59/><E103/><V38/><F7/><W81/><G102/><T125/><D125/><U30/><E30/><V0/><F0/><W35/><G67/><T17/><D17/><U10/><REACH who="1" step="1"/><E63/><REACH who="1" ten="442,156,181,211" step="2"/><V53/><F126/><W69/><G61/><T105/><D105/><U85/><E85/><V27/><F117/><W79/><G100/><T21/><D21/><U9/><E9/><V87/><F8/><W94/><G23/><T15/><D15/><U33/><E33/><V51/><F14/><W11/><G35/><T39/><D43/><U120/><E120/><V101/><F42/><W123/><G11/><T26/><D26/><U108/><E108/><V40/><F40/><W45/><G131/><T107/><D107/><U135/><AGARI ba="3,1" hai="4,10,12,57,59,75,77,80,86,88,95,132,134,135" machi="135" ten="30,12000,2" yaku="1,1,0,1,20,1,52,2,54,1,53,0" doraHai="55" doraHaiUra="98" who="1" fromWho="1" sc="442,-63,156,139,181,-33,211,-33" /><INIT seed="1,0,0,3,5,95" ten="379,295,148,178" oya="1" hai0="66,7,51,86,8,92,23,16,70,72,45,29,38" hai1="87,3,13,80,81,133,107,27,101,63,91,28,132" hai2="36,44,98,114,57,79,43,4,73,127,12,108,50" hai3="122,6,131,126,78,41,19,74,65,25,59,35,119"/><U129/><E3/><V102/><F108/><W58/><G122/><T47/><D72/><U103/><E129/><V14/><F127/><W52/><G131/><T31/><D38/><U49/><E107/><V105/><F114/><W75/><G126/><T109/><D66/><U76/><E63/><V11/><F57/><W39/><G119/><T116/><D70/><U99/><E49/><V97/><F50/><W37/><G6/><T62/><D62/><U24/><E13/><V9/><F98/><W118/><G118/><T68/><D68/><U88/><E27/><V61/><F61/><W82/><G74/><T21/><D21/><U5/><E5/><V1/><REACH who="2" step="1"/><F9/><REACH who="2" ten="379,295,138,178" step="2"/><W90/><G59/><T48/><D8/><U56/><E56/><V64/><F64/><W85/><G65/><T2/><D51/><U106/><E103/><V110/><F110/><W128/><G128/><T94/><D48/><U96/><E96/><V113/><F113/><W115/><G115/><T53/><D109/><U10/><E10/><V111/><F111/><W30/><G41/><T54/><D116/><U42/><E42/><V26/><F26/><W22/><G35/><T135/><D53/><U60/><E60/><V20/><F20/><W112/><G112/><T15/><D23/><U34/><REACH who="1" step="1"/><E91/><REACH who="1" ten="379,285,138,178" step="2"/><V46/><F46/><W0/><G90/><T120/><D47/><U40/><E40/><V89/><F89/><W100/><G100/><T77/><D45/><U117/><E117/><V33/><F33/><W17/><G78/><T69/><D77/><U121/><E121/><V134/><F134/><RYUUKYOKU ba="0,2" sc="379,-15,285,15,138,15,178,-15" hai1="24,28,34,76,80,81,87,88,99,101,106,132,133" hai2="1,4,11,12,14,36,43,44,73,79,97,102,105" /><INIT seed="1,1,2,5,2,121" ten="364,300,153,163" oya="1" hai0="91,88,87,57,130,70,9,12,22,127,124,2,90" hai1="85,76,104,7,69,24,126,62,34,27,99,47,3" hai2="6,51,23,32,49,108,28,78,131,128,14,114,13" hai3="20,66,107,97,48,18,73,115,37,72,67,26,82"/><U11/><E126/><N who="0" m="48169" /><D2/><U60/><E34/><V129/><F114/><W52/><G37/><T8/><D70/><U61/><E69/><V111/><F32/><W33/><G115/><T95/><D130/><U96/><E47/><V74/><F78/><W92/><G107/><T117/><D117/><U133/><E133/><V112/><F74/><W42/><G42/><T98/><D57/><U77/><E85/><V101/><F101/><W31/><G73/><T55/><D55/><U25/><REACH who="1" step="1"/><E104/><REACH who="1" ten="364,290,153,163" step="2"/><V100/><F112/><W1/><G72/><T44/><D44/><U43/><E43/><V86/><F86/><W103/><G33/><T118/><D118/><U10/><E10/><N who="2" m="4311" /><F100/><W102/><G102/><N who="0" m="60767" /><D87/><U53/><E53/><V30/><F30/><W83/><G31/><T113/><D113/><U65/><E65/><N who="3" m="24586" /><G1/><T109/><D9/><U0/><E0/><V36/><F36/><W29/><G29/><T50/><D8/><U5/><E5/><V123/><F123/><W110/><G103/><T56/><D56/><U80/><E80/><V59/><F59/><W120/><G83/><T94/><D94/><U40/><E40/><V134/><F134/><W16/><G82/><T125/><D125/><U89/><E89/><V4/><F4/><W45/><G120/><T15/><D91/><U39/><E39/><V116/><F116/><W64/><G64/><T106/><D88/><U63/><N who="1" m="15360" /><DORA hai="81" /><U105/><E105/><V38/><F38/><W132/><G132/><T17/><D90/><U46/><E46/><V35/><F35/><W71/><G45/><T19/><D106/><RYUUKYOKU ba="1,3" sc="364,-10,290,30,153,-10,163,-10" hai1="3,7,11,24,25,27,76,77,96,99" /><INIT seed="1,2,3,2,5,59" ten="354,320,143,153" oya="1" hai0="111,34,55,121,73,130,77,16,56,78,4,27,89" hai1="3,112,84,108,5,11,58,48,1,61,47,26,9" hai2="37,135,70,134,69,102,0,31,124,117,24,67,88" hai3="92,10,113,90,33,15,87,86,114,110,103,104,127"/><U116/><E112/><V72/><F117/><W128/><G33/><T85/><D111/><U80/><E116/><V50/><F37/><W76/><G110/><T74/><D130/><U68/><E68/><V49/><F0/><W7/><G128/><T41/><D41/><U20/><E108/><V2/><F2/><W106/><G127/><T129/><D129/><U13/><E9/><V79/><F102/><W119/><G119/><T28/><D4/><U39/><E39/><V101/><F101/><W98/><REACH who="3" step="1"/><G106/><REACH who="3" ten="354,320,143,143" step="2"/><T23/><D34/><U51/><E3/><V123/><F124/><W64/><G64/><T81/><D121/><U122/><E1/><V42/><F123/><W82/><AGARI ba="2,4" hai="7,10,15,76,82,86,87,90,92,98,103,104,113,114" machi="82" ten="30,2000,0" yaku="1,1,0,1,53,0" doraHai="59" doraHaiUra="30" who="3" fromWho="3" sc="354,-7,320,-12,143,-7,143,66" /><INIT seed="2,0,0,3,5,48" ten="347,308,136,209" oya="2" hai0="11,95,32,8,49,128,53,24,125,18,26,86,70" hai1="52,85,68,15,90,116,60,29,17,120,74,45,62" hai2="101,91,41,66,46,73,89,69,57,72,106,28,121" hai3="98,31,27,107,44,5,118,37,126,135,36,61,78"/><V56/><F121/><W20/><G118/><T1/><D70/><U4/><E74/><V7/><F69/><W35/><G35/><T64/><D128/><U77/><E116/><V100/><F7/><W51/><G78/><T6/><D64/><U104/><E120/><V14/><F14/><W131/><G131/><T76/><D125/><U34/><E104/><V65/><F106/><W112/><G112/><T3/><D32/><U114/><E114/><V71/><F71/><W111/><G126/><T58/><D76/><U102/><E102/><V13/><F13/><W25/><G5/><T67/><D67/><U117/><E68/><V130/><F130/><W40/><G27/><T9/><D3/><U88/><E4/><V129/><F129/><W82/><G82/><T83/><D1/><U0/><E0/><V127/><F127/><W94/><G107/><T123/><D123/><U79/><E29/><V99/><F28/><W97/><G135/><T54/><D95/><N who="1" m="54671" /><E34/><V63/><F99/><W12/><G12/><T122/><D122/><U47/><E117/><V43/><REACH who="2" step="1"/><F46/><REACH who="2" ten="347,308,126,209" step="2"/><W75/><G40/><T108/><D6/><U119/><E119/><V110/><F110/><W113/><G44/><T55/><D26/><U133/><E47/><V10/><F10/><W132/><G25/><T2/><D24/><U42/><E15/><V30/><F30/><W105/><G111/><T33/><D2/><U93/><E17/><V16/><F16/><W81/><G105/><T84/><D108/><U115/><E115/><V21/><F21/><W50/><G113/><T39/><D18/><RYUUKYOKU ba="0,1" sc="347,-10,308,-10,126,30,209,-10" hai2="41,43,56,57,63,65,66,72,73,89,91,100,101" /><INIT seed="2,1,1,5,4,100" ten="337,298,156,199" oya="2" hai0="109,107,11,19,33,88,28,94,85,24,43,65,124" hai1="21,30,10,115,63,72,92,6,59,49,51,102,126" hai2="5,122,69,14,13,67,78,129,52,9,74,96,98" hai3="82,83,66,26,81,75,31,104,80,119,117,106,86"/><V40/><F122/><W39/><G39/><T53/><D107/><N who="3" m="41001" /><G66/><T123/><D123/><U17/><E115/><V132/><F40/><W60/><G26/><T35/><D124/><U101/><E126/><V89/><F67/><W112/><G60/><T127/><D109/><U20/><E72/><V56/><F69/><W73/><G31/><T90/><D127/><U91/><E30/><V41/><F41/><W131/><G112/><T3/><D43/><U54/><E51/><V15/><F132/><W68/><G68/><T1/><D35/><U4/><E49/><V48/><F129/><W45/><G45/><T133/><D133/><U61/><E61/><V121/><F121/><W0/><G0/><T130/><D130/><U97/><E21/><V116/><F116/><N who="3" m="44619" /><G131/><T77/><D77/><AGARI ba="1,1" hai="73,75,77,80,81,82,83,86" m="44619,41001" machi="77" ten="40,8000,1" yaku="34,2,52,3" doraHai="100" who="3" fromWho="0" sc="337,-83,298,0,156,0,199,93" /><INIT seed="3,0,0,4,5,60" ten="254,298,156,292" oya="3" hai0="23,7,12,14,106,70,25,101,40,135,111,127,41" hai1="116,18,52,26,59,78,75,121,122,91,104,96,5" hai2="2,93,76,69,28,29,56,67,48,31,65,33,99" hai3="9,45,50,114,110,85,123,55,129,39,61,134,37"/><W105/><G123/><T82/><D70/><U35/><E5/><V118/><F118/><W130/><G114/><T46/><D111/><U102/><E116/><V20/><F2/><W32/><G105/><T112/><D135/><U10/><E75/><V125/><F33/><W77/><G32/><T16/><D127/><U120/><E78/><V124/><F69/><W19/><G134/><T73/><D112/><U22/><E91/><V63/><F76/><W42/><G110/><T133/><D41/><U47/><E47/><V90/><F48/><N who="3" m="26679" /><G61/><T80/><D133/><U3/><E35/><V81/><F81/><N who="3" m="47279" /><G9/><T84/><D73/><U30/><E3/><V43/><F43/><W13/><G19/><T38/><D7/><U15/><E122/><V86/><F20/><W6/><G13/><T132/><D82/><U119/><E119/><V11/><F11/><W98/><G98/><T54/><D132/><U1/><E1/><V64/><REACH who="2" step="1"/><F99/><REACH who="2" ten="254,298,146,292" step="2"/><W62/><G130/><T66/><D40/><U51/><AGARI ba="0,1" hai="10,15,18,22,26,30,51,52,59,96,102,104,120,121" machi="51" ten="20,2700,0" yaku="0,1,7,1,54,1" doraHai="60" who="1" fromWho="1" sc="254,-7,298,37,146,-7,292,-13" owari="247,-15.0,335,43.0,139,-36.0,279,8.0" /></mjloggm>