<mjloggm ver="2.3"><GO type="169" lobby="0"/><UN n0="%E3%83%86%E3%83%B3%E3%83%91%E3%82%A4%E5%B0%91%E5%B9%B4" n1="%E6%9D%BE%E5%B3%B6" n2="%6D%6F%6E%65%79%2E%2E%2E" n3="%E3%82%A6%E3%83%AB%E3%83%88%E3%83%A9%E7%AB%8B%E7%9B%B4" dan="16,16,17,17" rate="2079.74,2174.45,2207.98,2211.31" sx="M,F,M,M"/><TAIKYOKU oya="0"/><INIT seed="0,0,0,0,0,124" ten="250,250,250,250" oya="0" hai0="30,95,76,82,101,65,73,51,29,26,80,46,62" hai1="129,84,19,127,6,59,111,27,99,8,61,106,134" hai2="13,100,72,75,118,20,98,47,57,119,103,54,122" hai3="33,128,32,43,41,88,112,93,107,90,135,15,120"/><T53/><D82/><U7/><E134/><V123/><F47/><W79/><G107/><T102/><D95/><U58/><E111/><V24/><F13/><W113/><G15/><T0/><D0/><U94/><E106/><V11/><F11/><W86/><G93/><T31/><REACH who="0" step="1"/><D26/><REACH who="0" ten="240,250,250,250" step="2"/><U14/><E94/><N who="2" m="58455" /><F24/><W66/><G113/><T108/><D108/><U5/><E27/><V35/><F75/><W22/><G112/><T97/><D97/><U37/><E99/><V69/><F72/><W16/><G135/><T36/><D36/><U110/><E37/><V49/><F122/><W42/><G120/><T4/><D4/><U87/><E110/><V81/><F123/><W40/><G90/><T23/><D23/><U116/><E5/><V28/><F20/><W125/><G88/><T21/><D21/><U68/><E6/><V114/><F81/><W89/><G89/><T52/><D52/><U117/><E7/><V130/><F114/><W44/><G22/><T74/><D74/><U71/><E87/><V91/><F91/><W85/><G86/><T63/><D63/><U133/><E61/><V104/><F104/><W77/><G85/><T56/><AGARI ba="0,1" hai="29,30,31,46,51,53,56,62,65,73,76,80,101,102" machi="56" ten="30,3000,0" yaku="1,1,0,1,53,0" doraHai="124" doraHaiUra="2" who="0" fromWho="0" sc="240,40,250,-10,250,-10,250,-10" /><INIT seed="0,1,0,0,2,105" ten="280,240,240,240" oya="0" hai0="33,111,121,46,65,77,8,38,54,90,56,25,88" hai1="69,37,102,103,130,132,75,123,70,15,97,24,93" hai2="6,79,27,4,99,84,64,72,110,41,91,61,7" hai3="43,2,68,36,71,125,101,82,10,115,31,51,78"/><T124/><D121/><U86/><E123/><V53/><F110/><W60/><G115/><T19/><D111/><U116/><E116/><V16/><F41/><W67/><G101/><T50/><D124/><U95/><E37/><V39/><F39/><W49/><G31/><T13/><D77/><U118/><E118/><V40/><F40/><W23/><G23/><N who="0" m="13567" /><D33/><U11/><E75/><V0/><F99/><W14/><G125/><T58/><D38/><U35/><E132/><V63/><F0/><W59/><G2/><T114/><D114/><U83/><E130/><V30/><F64/><W29/><G29/><T1/><D1/><U128/><E24/><V45/><F72/><W89/><G89/><N who="0" m="34411" /><D65/><U98/><E35/><V133/><F79/><W108/><G108/><T48/><D50/><U107/><E128/><V28/><F133/><W47/><G51/><T134/><D134/><U12/><E107/><V129/><F129/><W87/><REACH who="3" step="1"/><G36/><REACH who="3" ten="280,240,240,230" step="2"/><T119/><D119/><U117/><E117/><V44/><F30/><W34/><G34/><T5/><AGARI ba="1,1" hai="5,8,13,46,48,54,56,58" m="34411,13567" machi="5" ten="30,3000,0" yaku="8,1,54,1" doraHai="105" who="0" fromWho="0" sc="280,43,240,-11,240,-11,230,-11" /><INIT seed="0,2,0,3,3,70" ten="323,229,229,219" oya="0" hai0="3,134,87,16,72,76,78,69,27,18,77,33,97" hai1="25,42,24,86,49,88,35,130,112,126,4,44,13" hai2="47,43,63,132,40,64,5,85,61,113,79,10,125" hai3="0,11,23,32,109,100,121,12,48,14,90,28,106"/><T71/><D72/><U92/><E126/><V38/><F113/><W62/><G100/><T53/><D134/><U108/><E130/><V19/><F125/><W82/><G106/><T9/><D87/><U15/><E112/><V26/><F132/><W73/><G62/><T60/><D97/><U8/><E108/><V127/><F127/><W131/><G48/><T57/><D71/><U51/><E35/><V45/><F19/><W22/><G90/><T50/><D3/><U94/><E94/><V135/><F26/><N who="3" m="18455" /><G82/><T30/><REACH who="0" step="1"/><D9/><REACH who="0" ten="313,229,229,219" step="2"/><U7/><E51/><V56/><F135/><W74/><G73/><T52/><D52/><U17/><REACH who="1" step="1"/><E4/><REACH who="1" ten="313,219,229,219" step="2"/><V89/><F5/><W46/><G131/><T96/><D96/><U116/><E116/><V110/><F110/><W36/><G109/><T65/><AGARI ba="2,2" hai="16,18,27,30,33,50,53,57,60,65,69,76,77,78" machi="65" ten="30,11700,0" yaku="1,1,0,1,54,1,53,1" doraHai="70" doraHaiUra="20" who="0" fromWho="0" sc="313,143,219,-41,229,-41,219,-41" /><INIT seed="0,3,0,1,4,116" ten="456,178,188,178" oya="0" hai0="72,40,33,22,29,20,94,120,3,129,10,35,66" hai1="16,70,123,21,121,71,58,57,113,115,1,62,2" hai2="131,60,19,101,47,63,97,124,112,95,119,52,83" hai3="82,86,0,50,114,98,126,36,127,8,6,49,38"/><T14/><D72/><U53/><E58/><V67/><F112/><N who="1" m="43081" /><E70/><V106/><F119/><W89/><G114/><T28/><D40/><U31/><E31/><N who="0" m="11849" /><D66/><U48/><E48/><N who="3" m="18538" /><G98/><T37/><D37/><U90/><E90/><V64/><F124/><W132/><G132/><T27/><D129/><U42/><E42/><V80/><F106/><W107/><G107/><T105/><D105/><U23/><E23/><N who="0" m="8745" /><D94/><U104/><E104/><V78/><F131/><W93/><G93/><T108/><D108/><U74/><E74/><V39/><F39/><W15/><G0/><N who="1" m="106" /><E71/><V81/><F95/><W12/><G38/><T96/><D96/><U26/><AGARI ba="3,0" hai="16,21,26,53,57,62,121,123" m="106,43081" machi="26" ten="30,7900,0" yaku="11,1,52,2,54,1" doraHai="116" who="1" fromWho="1" sc="456,-42,178,88,188,-23,178,-23" /><INIT seed="1,0,0,0,3,44" ten="414,266,165,155" oya="1" hai0="127,7,109,94,9,6,69,25,86,79,121,66,102" hai1="64,104,133,93,55,63,112,45,48,2,35,129,124" hai2="32,87,11,58,37,31,36,28,61,95,67,80,20" hai3="89,59,72,120,106,3,49,57,1,90,15,103,117"/><U24/><E124/><V46/><F32/><W23/><G72/><T73/><D66/><U41/><E112/><V10/><F95/><W108/><G120/><T5/><D69/><U107/><E2/><V119/><F119/><W84/><G103/><T71/><D5/><U60/><E133/><V82/><F82/><W56/><G106/><T70/><D6/><U100/><E129/><V131/><F131/><W65/><G117/><T110/><D71/><U98/><E41/><V62/><F62/><W21/><G108/><T50/><D70/><U116/><E116/><V126/><F37/><W42/><G65/><T118/><D7/><U125/><E125/><V75/><F75/><W76/><G3/><T134/><D73/><U30/><REACH who="1" step="1"/><E63/><REACH who="1" ten="414,256,165,155" step="2"/><V132/><F132/><W96/><G1/><T40/><D134/><U18/><E18/><V4/><F126/><W43/><G43/><T115/><D40/><U122/><E122/><V13/><F4/><W14/><G42/><T92/><D121/><U91/><E91/><V128/><F128/><W38/><G90/><T99/><D118/><U51/><E51/><V26/><F36/><W16/><G38/><T39/><D50/><U68/><AGARI ba="0,1" hai="24,30,35,45,48,55,60,64,68,93,98,100,104,107" machi="68" ten="20,7800,0" yaku="1,1,0,1,7,1,52,1,53,0" doraHai="44" doraHaiUra="74" who="1" fromWho="1" sc="414,-26,256,88,165,-26,155,-26" /><INIT seed="1,1,0,4,4,29" ten="388,344,139,129" oya="1" hai0="91,0,83,32,119,68,108,54,56,96,71,82,100" hai1="14,36,102,58,103,75,7,46,11,117,97,48,81" hai2="130,120,78,61,50,5,127,26,111,70,15,62,8" hai3="35,24,6,94,125,90,38,20,13,133,19,104,79"/><U66/><E117/><V124/><F120/><W22/><G104/><T12/><D0/><U27/><E36/><V39/><F39/><W53/><G38/><T33/><D119/><U107/><E103/><V85/><F111/><W123/><G123/><T76/><D108/><U92/><E75/><V17/><F130/><W2/><G79/><T65/><D65/><U74/><E74/><V86/><F70/><W121/><G121/><T88/><D71/><U110/><E110/><V95/><F85/><W21/><G53/><T28/><D68/><U30/><E81/><N who="2" m="47415" /><F95/><W93/><G93/><T43/><D43/><U25/><E107/><V80/><F80/><W129/><G129/><T31/><D83/><U114/><E114/><V105/><F105/><W44/><G44/><T109/><D109/><U115/><E115/><V51/><F51/><W16/><G125/><N who="2" m="48201" /><F50/><W72/><G72/><T37/><D37/><U60/><REACH who="1" step="1"/><E30/><REACH who="1" ten="388,334,139,129" step="2"/><V113/><F113/><W134/><G94/><T45/><D31/><U126/><E126/><V10/><F26/><W42/><G24/><T116/><D28/><U49/><E49/><V128/><F128/><W3/><G90/><T118/><D88/><U131/><E131/><V89/><F89/><W106/><G106/><T18/><D91/><U55/><AGARI ba="1,1" hai="7,11,14,25,27,46,48,55,58,60,66,92,97,102" machi="55" ten="20,12000,1" yaku="1,1,0,1,7,1,8,1,53,1" doraHai="29" doraHaiUra="41" who="1" fromWho="1" sc="388,-41,334,133,139,-41,129,-41" /><INIT seed="1,2,0,5,1,67" ten="347,467,98,88" oya="1" hai0="7,13,52,3,134,42,89,68,14,95,128,19,82" hai1="93,122,60,59,0,27,84,11,40,37,90,123,64" hai2="118,35,5,31,81,92,32,115,70,78,2,120,109" hai3="53,106,107,76,86,77,132,61,88,108,45,104,39"/><U18/><E40/><V54/><F118/><W34/><G34/><T121/><D134/><U38/><E0/><V36/><F120/><W94/><G132/><T63/><D128/><U73/><E73/><V50/><F36/><W10/><G108/><T79/><D121/><U110/><E110/><V49/><F109/><W112/><G112/><T69/><D3/><U99/><E123/><V113/><F49/><W24/><G24/><T22/><D42/><U28/><E122/><V119/><F119/><W43/><G10/><T129/><D129/><U51/><E51/><V71/><F92/><W87/><REACH who="3" step="1"/><G86/><REACH who="3" ten="347,467,98,78" step="2"/><T23/><D23/><U75/><E75/><N who="2" m="43231" /><F35/><W105/><N who="3" m="26624" /><DORA hai="47" /><W66/><G66/><T80/><D22/><U96/><E84/><V6/><F32/><W26/><G26/><T1/><D1/><U131/><E27/><V58/><F31/><W25/><G25/><T125/><D14/><U102/><E28/><V12/><F2/><W4/><G4/><N who="2" m="1641" /><F12/><W98/><G98/><T48/><D13/><U56/><E99/><V55/><F55/><W33/><G33/><T16/><D52/><U133/><E96/><V65/><F65/><W20/><G20/><T97/><D7/><U72/><E64/><V21/><F21/><W85/><G85/><T126/><D97/><U127/><E72/><V29/><F29/><W30/><G30/><T46/><D19/><U62/><E18/><V116/><F116/><W41/><G41/><T44/><D16/><U91/><E133/><V114/><AGARI ba="2,1" hai="50,54,58,70,71,113,114,115" m="1641,43231" machi="114" ten="40,8000,1" yaku="11,1,52,3" doraHai="67,47" who="2" fromWho="2" sc="347,-22,467,-42,98,96,78,-22" /><INIT seed="2,0,0,0,5,48" ten="325,425,194,56" oya="2" hai0="3,41,129,4,15,21,10,47,37,58,113,125,24" hai1="55,93,53,61,8,115,25,26,112,51,111,66,49" hai2="62,117,99,65,80,57,97,89,101,69,102,56,50" hai3="5,70,0,68,100,124,45,108,42,104,44,30,134"/><V18/><F117/><W71/><G30/><T67/><D113/><U130/><E93/><N who="2" m="56495" /><F69/><W54/><G124/><T131/><D125/><U91/><E91/><V9/><F80/><W11/><G134/><T12/><D67/><U85/><E85/><V40/><F99/><W74/><G108/><T60/><D60/><U35/><E35/><V31/><F31/><W109/><G109/><T127/><D127/><U84/><E84/><V13/><F40/><W106/><G74/><T90/><D58/><N who="1" m="37175" /><E25/><V27/><F27/><W98/><G106/><T63/><D63/><U118/><E26/><V121/><F121/><W39/><REACH who="3" step="1"/><G45/><REACH who="3" ten="325,425,194,46" step="2"/><T105/><D47/><N who="1" m="27839" /><E111/><V73/><F73/><W17/><G17/><T77/><D131/><U88/><E118/><V94/><F65/><W33/><G33/><T29/><D129/><U36/><E130/><V123/><F18/><W79/><G79/><T23/><D77/><U76/><E76/><V7/><F123/><W1/><G1/><T135/><D3/><U132/><E115/><V116/><F116/><W78/><G78/><T19/><D19/><U46/><E132/><V43/><F57/><W2/><G2/><T122/><D29/><U59/><E112/><V119/><F56/><W96/><G96/><T22/><D135/><U107/><E107/><V120/><F120/><W38/><G38/><T28/><D37/><U75/><E75/><V52/><F119/><W16/><G16/><T110/><D105/><U34/><E34/><V103/><F13/><W87/><G87/><T81/><D122/><U20/><E59/><V86/><F86/><RYUUKYOKU ba="0,1" sc="325,-10,425,-10,194,-10,46,30" hai3="0,5,11,39,42,44,54,68,70,71,98,100,104" /><INIT seed="3,1,1,1,3,38" ten="315,415,184,76" oya="3" hai0="52,79,47,78,89,0,56,134,23,37,131,92,39" hai1="86,9,113,75,32,41,16,119,54,123,105,21,60" hai2="117,25,5,33,74,82,15,45,96,49,57,27,135" hai3="129,98,90,11,108,7,68,72,24,4,20,61,127"/><W116/><G116/><T35/><D35/><U51/><E32/><V122/><F117/><W26/><G72/><T62/><D134/><U44/><E105/><V22/><F33/><W133/><G133/><T29/><D0/><U93/><E75/><V8/><F135/><W103/><G127/><T69/><D131/><U87/><E123/><V19/><F57/><W18/><G129/><T124/><D124/><U1/><E1/><V102/><F122/><W125/><G125/><T70/><D69/><U30/><E113/><V126/><F126/><W2/><G108/><T101/><D101/><U109/><E109/><V67/><F67/><W28/><G90/><T112/><D112/><U59/><E119/><V110/><F110/><W100/><G7/><T53/><D70/><U81/><E93/><N who="2" m="58639" /><F82/><W95/><G103/><T99/><D53/><U6/><E30/><V97/><F97/><W111/><G111/><T114/><D114/><U64/><E41/><N who="2" m="24751" /><F74/><W46/><G46/><T120/><D120/><U48/><E81/><V76/><F76/><W132/><G132/><T17/><D29/><U50/><E9/><V42/><F42/><W88/><G100/><T63/><D63/><U14/><E6/><V80/><F80/><W43/><G43/><N who="0" m="23023" /><D39/><U130/><E130/><V73/><F73/><W77/><G77/><T12/><D79/><U106/><E106/><V94/><F94/><W121/><G121/><T65/><D78/><U107/><E107/><V3/><F3/><W104/><G104/><T85/><D65/><U115/><E115/><V118/><F118/><W40/><G2/><RYUUKYOKU ba="1,1" sc="315,10,415,10,184,10,76,-30" hai0="12,17,23,52,56,62,85,89,92,99" hai1="14,16,21,44,48,50,51,54,59,60,64,86,87" hai2="5,8,15,19,22,25,27" /><INIT seed="4,2,1,1,4,49" ten="325,425,194,46" oya="0" hai0="19,128,5,89,114,135,65,35,106,97,132,72,112" hai1="59,117,71,4,78,60,20,122,85,3,134,104,14" hai2="87,133,66,109,99,107,111,120,61,129,25,30,48" hai3="34,33,47,28,115,113,54,127,62,52,26,12,101"/><T22/><D35/><U70/><E104/><V44/><F120/><W57/><G101/><N who="0" m="62767" /><D72/><U31/><E3/><V102/><F129/><W130/><G130/><T68/><D128/><U23/><E134/><N who="0" m="51241" /><D5/><U16/><E122/><V108/><F87/><W18/><G34/><T55/><D55/><N who="1" m="33919" /><E70/><V17/><F133/><W37/><G127/><T67/><D89/><U2/><E71/><V43/><F17/><W15/><G15/><N who="0" m="9599" /><D68/><U93/><E2/><V39/><F108/><W56/><G47/><T82/><D82/><N who="1" m="47319" /><E4/><V84/><F109/><W96/><G96/><T42/><D42/><U131/><E131/><V79/><F111/><W8/><REACH who="3" step="1"/><G37/><REACH who="3" ten="325,425,194,36" step="2"/><T98/><D98/><U38/><E38/><V125/><F39/><W81/><G81/><T32/><D32/><U118/><E118/><V100/><F44/><W51/><AGARI ba="2,2" hai="8,12,18,26,28,33,51,52,54,56,57,62,113,115" machi="51" ten="30,8000,1" yaku="1,1,0,1,52,2,54,1,53,0" doraHai="49" doraHaiUra="0" who="3" fromWho="3" sc="325,-42,425,-22,194,-22,36,106" /><INIT seed="5,0,0,4,0,13" ten="283,403,172,142" oya="1" hai0="11,130,116,20,16,4,106,77,5,53,112,33,82" hai1="61,84,74,32,66,19,3,104,60,17,93,124,51" hai2="129,131,86,48,69,97,63,55,29,52,78,134,113" hai3="80,99,102,101,64,92,8,6,38,71,7,118,133"/><U122/><E32/><V56/><F134/><W120/><G38/><T58/><D116/><U43/><E3/><V41/><F29/><W108/><G108/><T85/><D112/><U132/><E132/><V57/><F97/><W111/><G111/><T36/><D33/><U0/><E0/><V68/><F86/><W49/><G120/><T54/><D36/><U21/><E21/><V88/><F88/><W105/><G133/><T10/><D106/><U24/><E24/><V12/><F12/><W25/><G71/><N who="2" m="27209" /><F78/><W126/><G64/><T18/><D54/><U81/><E74/><V37/><F113/><W121/><G102/><T115/><D20/><U27/><E27/><V1/><F1/><W87/><G105/><T28/><D130/><N who="2" m="49674" /><F37/><W9/><G25/><T91/><D91/><N who="1" m="51599" /><E104/><V47/><F56/><W62/><G121/><T40/><D28/><U96/><E93/><V127/><F127/><W107/><G126/><T42/><D11/><U95/><E122/><V30/><F30/><W114/><G107/><T2/><D10/><U46/><E124/><V26/><F26/><W39/><G39/><T119/><D2/><U34/><E34/><V94/><F94/><W67/><G114/><T117/><D115/><U23/><E23/><V73/><F73/><W72/><G72/><T65/><D119/><U50/><E95/><V98/><F98/><W14/><G118/><T44/><D117/><U125/><E96/><V45/><F45/><W100/><G99/><T76/><D44/><N who="1" m="25887" /><E125/><V59/><F41/><W89/><G9/><T35/><D40/><U109/><E46/><RYUUKYOKU ba="0,0" sc="283,-10,403,-10,172,30,142,-10" hai2="47,48,52,55,57,59,63" /><INIT seed="6,1,0,1,4,108" ten="273,393,202,132" oya="2" hai0="34,112,9,59,68,117,17,126,36,5,132,24,33" hai1="97,81,123,50,32,100,39,121,94,99,113,52,44" hai2="101,88,19,48,120,18,102,54,37,110,105,21,76" hai3="83,124,90,15,64,106,4,128,61,127,56,16,29"/><V0/><F37/><W46/><G106/><T53/><D68/><U111/><E113/><V63/><F120/><N who="1" m="46153" /><E32/><V93/><F0/><W114/><G128/><T42/><D132/><U65/><E65/><V31/><F105/><W75/><G4/><T11/><D126/><N who="3" m="48169" /><G29/><T82/><D117/><U28/><E28/><V67/><F76/><N who="3" m="44447" /><G46/><T92/><D42/><N who="1" m="22623" /><E111/><V116/><F116/><W41/><G90/><T38/><D38/><U23/><E23/><V25/><F110/><W103/><G103/><T58/><D36/><U20/><E20/><V133/><F133/><W10/><G41/><T122/><D122/><U74/><E99/><V8/><F101/><W86/><G86/><T115/><D34/><U104/><E104/><V47/><F102/><W71/><G71/><T13/><D33/><U6/><E6/><V7/><F7/><W57/><G57/><T109/><D59/><N who="1" m="33175" /><E81/><V35/><F35/><W107/><G107/><T118/><D82/><U72/><AGARI ba="1,0" hai="72,74,94,97,100" m="33175,22623,46153" machi="72" ten="30,2000,0" yaku="13,1,54,1" doraHai="108" who="1" fromWho="1" sc="273,-6,393,23,202,-11,132,-6" /><INIT seed="7,0,0,0,5,27" ten="267,416,191,126" oya="3" hai0="88,32,92,42,57,50,109,100,115,125,55,58,26" hai1="29,61,79,129,16,134,101,123,5,85,24,22,74" hai2="69,121,21,80,111,34,113,126,18,33,19,2,105" hai3="99,71,67,41,106,73,81,103,9,56,72,124,127"/><W84/><G71/><T76/><D109/><U31/><E129/><V60/><F111/><W12/><G41/><T17/><D125/><N who="3" m="48201" /><G56/><T6/><D6/><U78/><E123/><V11/><F60/><W117/><G67/><T130/><D130/><U108/><E108/><V43/><F43/><W102/><G117/><T86/><D42/><U70/><E101/><V30/><F69/><W118/><G118/><T83/><D100/><U90/><E5/><V59/><F59/><W65/><G65/><T46/><D115/><U53/><E70/><V64/><F113/><W135/><G103/><T52/><D55/><U98/><E74/><N who="3" m="28778" /><G12/><T93/><D93/><N who="1" m="56631" /><E134/><V45/><F126/><W4/><G9/><T128/><D128/><U132/><E132/><V77/><F11/><W66/><G4/><T8/><D32/><U13/><E13/><V97/><F34/><W95/><G66/><T63/><D63/><U51/><E61/><V122/><F33/><W15/><G15/><N who="0" m="7399" /><D26/><U38/><E38/><V110/><F64/><W25/><G25/><T91/><D76/><N who="1" m="29227" /><E85/><AGARI ba="0,0" hai="46,50,52,57,58,83,85,86,88,91,92" m="7399" machi="85" ten="30,7700,0" yaku="25,1,8,1,54,2" doraHai="27" who="0" fromWho="1" sc="267,77,416,-77,191,0,126,0" owari="344,44.0,339,14.0,191,-21.0,126,-37.0" /></mjloggm>