<mjloggm ver="2.3"><GO type="169" lobby="0"/><UN n0="%4B%E3%80%82" n1="%E3%82%A6%E3%83%AB%E3%83%88%E3%83%A9%E7%AB%8B%E7%9B%B4" n2="%6E%61%6B%61%6A%75%75%6E" n3="%70%65%61%74%65%72" dan="17,17,17,16" rate="2170.24,2215.52,2208.83,2119.88" sx="M,M,M,M"/><TAIKYOKU oya="0"/><INIT seed="0,0,0,5,4,78" ten="250,250,250,250" oya="0" hai0="36,77,37,31,52,70,65,105,104,71,95,106,32" hai1="82,76,41,56,85,127,3,81,103,4,132,87,9" hai2="66,83,107,54,111,14,108,47,102,84,67,120,44" hai3="135,99,57,134,119,27,125,115,15,39,30,21,19"/><T60/><D71/><U94/><E127/><V91/><F120/><W69/><G119/><T121/><D121/><U129/><E129/><V74/><F14/><W72/><G115/><T64/><D64/><N who="2" m="24618" /><F54/><W133/><G69/><T113/><D113/><U28/><E132/><V1/><F1/><W10/><G72/><T88/><D77/><U12/><E3/><V100/><F74/><W40/><G125/><T26/><REACH who="0" step="1"/><D52/><REACH who="0" ten="240,250,250,250" step="2"/><U93/><E76/><N who="2" m="46183" /><F47/><N who="3" m="23967" /><G57/><T117/><D117/><U128/><E56/><V61/><F44/><W38/><G38/><T7/><D7/><U58/><E58/><V8/><F61/><W112/><G112/><T25/><D25/><U6/><E6/><V109/><F109/><W130/><G130/><T116/><D116/><U110/><E128/><V123/><F108/><W16/><G99/><AGARI ba="0,1" hai="26,31,32,36,37,60,65,70,88,95,99,104,105,106" machi="99" ten="40,3900,0" yaku="1,1,54,1,53,0" doraHai="78" doraHaiUra="35" who="0" fromWho="3" sc="240,49,250,0,250,0,250,-39" /><INIT seed="0,1,0,1,2,54" ten="289,250,250,211" oya="0" hai0="34,25,118,128,59,39,125,42,7,131,124,111,99" hai1="127,94,115,18,120,100,68,71,130,5,134,4,108" hai2="86,17,32,8,95,41,16,35,78,101,87,72,62" hai3="91,22,104,98,116,23,26,33,129,2,38,31,73"/><T53/><D118/><U9/><E120/><V117/><F72/><W126/><G116/><T47/><D7/><U70/><E9/><V132/><F117/><W97/><G73/><T80/><D80/><U27/><E94/><V49/><F132/><W37/><G126/><N who="0" m="48747" /><D99/><U10/><E10/><V121/><F121/><W0/><G129/><N who="0" m="49739" /><D25/><U15/><E27/><V57/><F35/><W20/><G104/><T85/><D85/><U79/><E4/><V6/><F32/><W133/><G98/><T65/><D34/><U92/><E15/><V135/><F6/><W109/><G97/><T61/><D111/><U50/><E108/><V48/><F95/><W69/><G109/><T81/><D81/><U105/><E92/><V113/><F87/><W55/><G33/><T58/><D53/><U110/><E5/><V40/><F86/><W13/><G55/><T60/><D60/><U14/><E110/><V83/><F62/><W119/><G119/><T12/><D12/><U88/><E14/><V21/><F83/><W67/><G13/><T102/><D102/><U30/><E100/><V44/><F101/><W112/><G26/><T66/><D66/><U29/><E127/><V96/><F96/><W90/><G67/><T89/><D89/><U43/><E88/><V52/><F52/><W122/><G91/><T84/><D84/><U51/><E130/><V28/><F17/><W123/><G90/><T76/><D76/><U64/><E18/><V74/><F16/><W11/><G122/><T114/><D114/><U1/><E115/><V3/><F78/><W36/><G123/><RYUUKYOKU ba="1,0" sc="289,30,250,-10,250,-10,211,-10" hai0="39,42,47,58,59,61,65" /><INIT seed="0,2,0,1,2,58" ten="319,240,240,201" oya="0" hai0="127,67,56,100,44,117,53,107,15,1,99,5,103" hai1="118,45,16,31,68,84,91,59,61,134,87,108,19" hai2="112,132,63,79,29,7,26,52,80,123,76,17,3" hai3="43,75,93,82,101,27,51,116,71,2,102,18,125"/><T30/><D117/><U126/><E118/><V38/><F112/><W48/><G116/><T13/><D127/><U83/><E68/><V73/><F123/><W98/><G2/><T36/><D30/><U37/><E126/><V50/><F38/><W96/><G125/><T119/><D119/><U109/><E134/><V28/><F132/><W97/><G71/><T120/><D120/><U35/><E35/><V133/><F133/><W25/><G75/><T92/><D1/><U57/><E31/><V46/><F76/><W6/><G6/><T129/><D129/><U65/><E37/><V55/><F7/><W121/><G82/><T114/><D5/><U4/><E4/><V14/><F3/><W104/><G98/><T8/><D8/><U106/><E106/><V110/><F110/><N who="1" m="42601" /><E45/><V40/><F28/><W0/><G0/><T128/><D128/><U20/><E20/><V70/><F29/><W78/><G18/><T41/><D114/><U62/><E87/><V94/><F26/><W49/><G121/><T115/><D115/><U81/><E81/><V85/><F73/><W113/><G113/><T77/><D107/><U42/><E42/><V54/><F94/><W124/><G124/><T95/><D95/><U24/><E24/><N who="3" m="9290" /><G43/><T12/><D41/><U60/><E65/><V34/><F34/><W105/><G93/><T111/><D111/><U66/><E66/><N who="2" m="41311" /><F17/><AGARI ba="2,0" hai="16,17,19,57,59,60,61,62,83,84,91" m="42601" machi="17" ten="30,8000,1" yaku="14,1,52,3,54,1" doraHai="58" who="1" fromWho="2" sc="319,0,240,86,240,-86,201,0" /><INIT seed="1,0,0,0,4,3" ten="319,326,154,201" oya="1" hai0="107,70,94,24,75,132,17,100,115,80,18,131,81" hai1="35,60,61,67,40,58,53,126,119,6,114,72,129" hai2="38,99,32,121,0,83,27,93,51,76,64,110,9" hai3="63,43,52,11,41,4,112,98,124,29,5,14,8"/><U130/><E72/><V56/><F38/><W68/><G112/><T25/><D70/><U44/><E35/><V77/><F121/><W90/><G124/><T22/><D115/><U62/><E114/><V19/><F110/><W122/><G122/><T95/><D131/><N who="1" m="50187" /><E6/><N who="3" m="2666" /><G68/><T84/><D132/><U101/><E101/><V133/><F0/><W113/><G113/><T31/><D107/><U46/><E119/><V50/><F133/><W96/><G29/><T102/><D75/><U109/><E109/><V85/><F76/><W97/><G90/><T16/><D25/><U79/><E79/><V69/><F69/><W88/><G88/><N who="0" m="53511" /><D100/><U39/><E126/><V10/><F32/><W134/><G134/><T71/><D71/><U73/><E73/><V28/><F28/><W59/><G11/><T66/><D66/><U13/><E13/><V2/><F2/><W42/><G41/><T57/><D57/><U92/><E40/><V12/><F10/><W74/><G74/><T106/><D106/><U36/><E36/><V30/><F30/><W45/><G45/><T55/><D55/><U34/><E39/><V127/><F127/><W21/><G21/><T48/><D102/><U7/><E34/><V135/><F135/><W54/><G54/><T125/><D125/><U128/><E44/><V118/><F27/><W26/><G26/><T78/><D24/><U120/><E120/><V87/><F87/><W86/><G86/><T33/><D22/><U15/><E128/><V123/><F123/><W103/><G103/><T116/><D31/><U20/><E46/><V65/><F85/><RYUUKYOKU ba="0,0" sc="319,-10,326,-10,154,-10,201,30" hai3="8,14,42,43,52,59,63,96,97,98" /><INIT seed="2,1,0,0,0,91" ten="309,316,144,231" oya="2" hai0="8,48,98,133,27,28,123,92,132,122,114,56,96" hai1="51,110,119,61,23,126,101,20,1,46,127,49,22" hai2="87,31,44,89,130,33,62,69,47,90,54,128,6" hai3="10,30,116,85,125,95,17,32,37,99,105,81,0"/><V42/><F6/><W7/><G116/><T97/><D114/><U14/><E1/><V16/><F33/><W120/><G120/><T36/><D36/><U121/><E119/><V111/><F31/><W100/><G125/><T66/><D8/><U107/><E107/><V135/><F135/><N who="0" m="51786" /><D92/><U26/><E121/><V112/><F112/><W60/><G37/><T109/><D109/><U117/><E110/><V57/><F111/><W3/><G3/><T108/><D108/><U134/><E117/><V21/><F69/><W65/><G17/><T68/><D68/><U18/><E134/><V113/><F113/><W129/><G129/><N who="2" m="49769" /><F42/><W74/><G74/><T58/><D58/><U88/><E126/><V11/><F11/><W64/><G105/><T78/><D78/><U75/><E127/><V15/><F90/><W93/><G93/><AGARI ba="1,0" hai="15,16,21,44,47,54,57,62,87,89,93" m="49769" machi="93" ten="30,5800,0" yaku="19,1,52,1,54,1" doraHai="91" who="2" fromWho="3" sc="309,0,316,0,144,61,231,-61" /><INIT seed="2,2,0,2,2,42" ten="309,316,205,170" oya="2" hai0="115,84,30,24,54,93,86,65,127,63,83,89,133" hai1="103,95,131,11,99,52,120,71,50,53,129,125,81" hai2="43,59,33,62,21,97,36,119,45,28,92,110,25" hai3="130,88,70,2,18,75,132,107,124,91,113,37,6"/><V66/><F119/><W135/><RYUUKYOKU type="yao9" ba="2,0" sc="309,0,316,0,205,0,170,0" hai3="2,6,18,37,70,75,88,91,107,113,124,130,132,135" /><INIT seed="2,3,0,2,2,14" ten="309,316,205,170" oya="2" hai0="119,4,36,32,76,44,126,46,13,116,52,81,106" hai1="61,68,75,18,120,17,114,118,49,29,48,132,26" hai2="92,57,59,86,21,8,56,51,83,12,30,103,62" hai3="15,121,104,35,98,101,87,45,135,128,22,27,70"/><V107/><F107/><W16/><G121/><T123/><D106/><U55/><E75/><V124/><F124/><W1/><G135/><T28/><D123/><U19/><E118/><V31/><F51/><W37/><G70/><T94/><D126/><U64/><E120/><V24/><F31/><W72/><G72/><T11/><D94/><U133/><E114/><V122/><F122/><W73/><G73/><T33/><D36/><U108/><E108/><V5/><F103/><W105/><G128/><T6/><D6/><U65/><E65/><V77/><REACH who="2" step="1"/><F92/><REACH who="2" ten="309,316,195,170" step="2"/><W125/><G125/><T2/><D28/><U39/><E39/><V60/><AGARI ba="3,1" hai="5,8,12,21,24,30,56,57,59,60,62,77,83,86" machi="60" ten="30,11700,0" yaku="1,1,2,1,0,1,8,1,53,0" doraHai="14" doraHaiUra="117" who="2" fromWho="2" sc="309,-42,316,-42,195,136,170,-42" /><INIT seed="2,4,0,4,2,93" ten="267,274,331,128" oya="2" hai0="83,82,102,76,0,58,127,134,14,111,73,78,105" hai1="44,41,89,31,113,53,75,71,101,72,114,57,30" hai2="56,104,24,21,28,122,106,125,117,39,26,126,47" hai3="29,36,33,10,1,42,81,121,43,120,65,133,124"/><V135/><F122/><W85/><G133/><T99/><D0/><U92/><E71/><V5/><F135/><W86/><G124/><N who="2" m="47721" /><F5/><W87/><G81/><T50/><D127/><U32/><E75/><V9/><F9/><W4/><G65/><T118/><D134/><U128/><E72/><V55/><F117/><W35/><G36/><T15/><D118/><U80/><E128/><V37/><F26/><W54/><G54/><T40/><D111/><U16/><E32/><V17/><F28/><W112/><G112/><T98/><D98/><U63/><E101/><V46/><F39/><W67/><G67/><T131/><D131/><U20/><E80/><V64/><F64/><W6/><G29/><T79/><D79/><U90/><E90/><V49/><F37/><W68/><G68/><T12/><D58/><U94/><E94/><V45/><AGARI ba="4,0" hai="17,21,24,45,46,47,49,55,56,104,106" m="47721" machi="45" ten="30,1500,0" yaku="18,1" doraHai="93" who="2" fromWho="2" sc="267,-9,274,-9,331,27,128,-9" /><INIT seed="2,5,0,3,5,32" ten="258,265,358,119" oya="2" hai0="100,27,43,78,68,76,84,30,50,7,15,55,120" hai1="62,116,90,37,21,45,52,93,25,67,97,91,64" hai2="122,31,18,85,60,95,89,47,26,114,65,102,8" hai3="113,51,36,112,39,17,49,88,135,22,133,57,34"/><V61/><F122/><W129/><G34/><T77/><D68/><U41/><E116/><V6/><F114/><N who="3" m="44139" /><G129/><T10/><D100/><U71/><E91/><V0/><F102/><W58/><G17/><T20/><D120/><U132/><E132/><N who="3" m="50762" /><G88/><T59/><REACH who="0" step="1"/><D43/><REACH who="0" ten="248,265,358,119" step="2"/><U42/><E42/><V107/><F107/><W46/><G22/><T44/><D44/><U73/><E71/><V33/><F47/><W2/><G2/><T35/><D35/><U128/><E128/><V111/><F111/><W119/><G119/><T117/><D117/><U103/><E103/><V86/><F65/><W38/><G46/><T80/><AGARI ba="5,1" hai="7,10,15,20,27,30,50,55,59,76,77,78,80,84" machi="80" ten="30,7900,0" yaku="1,1,0,1,8,1,53,1" doraHai="32" doraHaiUra="3" who="0" fromWho="0" sc="248,104,265,-25,358,-44,119,-25" /><INIT seed="3,0,0,1,5,52" ten="352,240,314,94" oya="3" hai0="85,29,121,16,64,4,45,104,95,127,67,130,103" hai1="49,119,27,34,82,94,76,131,63,122,8,102,83" hai2="35,86,123,115,118,135,53,68,120,2,57,90,116" hai3="0,43,80,30,47,31,21,11,38,117,98,89,93"/><W105/><G117/><N who="2" m="45161" /><F35/><W113/><G113/><T37/><D127/><U65/><E122/><N who="2" m="46635" /><F2/><W91/><G105/><T77/><D29/><U101/><E83/><V6/><F6/><W25/><G0/><T100/><D104/><U92/><E49/><V36/><F36/><W84/><REACH who="3" step="1"/><G11/><REACH who="3" ten="352,240,314,84" step="2"/><T107/><D107/><U10/><E8/><V51/><F115/><W33/><G33/><T99/><D121/><U24/><E10/><V69/><F135/><W71/><G71/><T42/><D130/><U7/><E131/><V54/><F54/><W44/><G44/><T55/><D55/><U22/><E34/><V88/><F69/><W111/><G111/><T132/><D45/><U60/><E119/><V133/><F68/><W48/><G48/><T20/><D132/><U39/><E39/><V62/><F133/><W28/><AGARI ba="0,1" hai="21,25,28,30,31,38,43,47,80,84,89,91,93,98" machi="28" ten="20,3900,0" yaku="1,1,0,1,7,1,53,0" doraHai="52" doraHaiUra="74" who="3" fromWho="3" sc="352,-13,240,-13,314,-13,84,49" /><INIT seed="3,1,0,1,4,93" ten="339,227,301,133" oya="3" hai0="83,95,70,29,19,125,128,115,24,116,13,112,121" hai1="1,84,33,106,39,77,42,46,97,89,48,9,3" hai2="100,41,120,94,53,108,107,40,87,110,27,80,99" hai3="88,102,32,74,15,28,123,58,17,118,38,98,20"/><W117/><G123/><T8/><D70/><U44/><E33/><V16/><F120/><W104/><G38/><T60/><D60/><U51/><E39/><V90/><F53/><W131/><G74/><T91/><D121/><U111/><E111/><N who="2" m="42539" /><F107/><W64/><G131/><T130/><D83/><U67/><E67/><V26/><F26/><W133/><G133/><T61/><D61/><U47/><E47/><V49/><F49/><W78/><G78/><T66/><D66/><U31/><E31/><V10/><F27/><W25/><G64/><T21/><D125/><U126/><E9/><V124/><F124/><W75/><G75/><T57/><D57/><U135/><E135/><V81/><F81/><W23/><G58/><T79/><D79/><U50/><E50/><V134/><F134/><W69/><G69/><T103/><D116/><U72/><E72/><V11/><F11/><W85/><REACH who="3" step="1"/><G32/><REACH who="3" ten="339,227,301,123" step="2"/><N who="0" m="20519" /><D130/><U132/><E77/><V65/><F65/><W0/><G0/><T68/><D128/><U109/><E109/><V35/><F35/><W59/><G59/><T86/><D68/><U52/><E126/><V5/><F5/><W14/><G14/><AGARI ba="1,1" hai="10,14,16,40,41,80,87,90,94,99,100" m="42539" machi="14" ten="30,3900,0" yaku="14,1,52,1,54,1" doraHai="93" who="2" fromWho="3" sc="339,0,227,0,301,52,123,-42" /><INIT seed="4,0,0,3,3,99" ten="339,227,353,81" oya="0" hai0="33,2,135,29,4,81,1,50,21,129,13,100,76" hai1="63,32,51,124,3,119,104,98,101,30,24,106,53" hai2="83,72,47,11,92,84,40,113,26,69,5,91,87" hai3="134,131,111,0,37,85,122,67,102,23,133,88,42"/><T34/><D50/><U118/><E3/><V82/><F69/><W108/><G0/><T59/><D59/><U94/><E124/><V14/><F113/><W130/><G67/><T7/><D129/><N who="3" m="49161" /><G37/><T46/><D46/><U90/><E63/><V77/><F26/><W74/><G42/><T105/><D135/><N who="3" m="51721" /><G23/><T56/><D56/><U62/><E62/><V95/><F72/><W127/><G74/><T96/><D1/><U55/><E55/><V17/><F17/><W115/><G115/><T54/><D54/><U60/><E60/><V8/><F8/><W73/><G73/><T80/><D2/><U120/><E53/><V9/><F9/><W64/><G64/><T6/><D13/><U125/><E51/><AGARI ba="0,0" hai="5,11,14,40,47,51,77,82,83,84,87,91,92,95" machi="51" ten="30,7700,0" yaku="7,1,25,2,8,1" doraHai="99" who="2" fromWho="1" sc="339,0,227,-77,353,77,81,0" /><INIT seed="5,0,0,3,5,16" ten="339,150,430,81" oya="1" hai0="25,38,134,48,15,94,13,121,129,32,82,106,88" hai1="0,37,28,133,49,64,124,61,115,8,11,3,71" hai2="17,81,112,14,85,45,55,97,100,108,36,105,58" hai3="43,102,22,50,91,27,62,7,68,51,96,120,44"/><U113/><E37/><V46/><F36/><W5/><G120/><T83/><D106/><U127/><E133/><V126/><F108/><W95/><G51/><T18/><D38/><U93/><E28/><V34/><F34/><W63/><G68/><T23/><D134/><U76/><E76/><V111/><F126/><N who="1" m="48169" /><E93/><V114/><F111/><W41/><G41/><T59/><D129/><U118/><E118/><V103/><F103/><W125/><G125/><T31/><D121/><U80/><E80/><V10/><F58/><W57/><G63/><T89/><D89/><U33/><E33/><V104/><F104/><W19/><REACH who="3" step="1"/><G102/><REACH who="3" ten="339,150,430,71" step="2"/><T30/><D48/><U67/><E49/><N who="2" m="29103" /><F46/><W128/><G128/><T40/><D40/><U84/><E61/><V119/><F119/><W6/><G6/><T122/><D122/><U132/><E71/><V72/><F100/><W87/><G87/><T99/><D59/><U79/><E132/><V2/><F85/><W9/><G9/><T90/><D99/><U135/><E135/><V131/><F97/><W56/><G56/><T130/><D130/><U1/><E11/><V116/><F131/><W12/><G12/><T101/><D13/><U65/><E8/><V29/><F10/><W60/><G60/><T78/><D101/><U77/><E84/><V47/><F14/><W20/><G20/><T73/><D15/><U98/><E98/><V39/><F116/><W117/><G117/><T52/><D32/><U110/><E110/><V107/><F39/><W54/><AGARI ba="0,1" hai="5,7,19,22,27,43,44,50,54,57,62,91,95,96" machi="54" ten="20,12000,2" yaku="1,1,0,1,7,1,25,2,8,1,52,1,53,0" doraHai="16" doraHaiUra="4" who="3" fromWho="3" sc="339,-30,150,-60,430,-30,71,130" /><INIT seed="6,0,0,5,1,26" ten="309,90,400,201" oya="2" hai0="105,7,16,81,47,17,126,25,63,40,133,59,120" hai1="72,3,10,109,70,24,66,100,39,121,131,88,34" hai2="80,6,61,68,20,78,44,124,102,11,108,104,85" hai3="134,49,75,52,84,127,90,77,57,62,67,46,97"/><V92/><F124/><W9/><G127/><T43/><D105/><U1/><E109/><V31/><F104/><W42/><G134/><T95/><D120/><U27/><E72/><V86/><F44/><W116/><G116/><T107/><D107/><U18/><E100/><V89/><F102/><W23/><G75/><T123/><D123/><U2/><E39/><V53/><F68/><W118/><G118/><T135/><D126/><U21/><E66/><V64/><F64/><W122/><G122/><T71/><D71/><U37/><E37/><V130/><F130/><W129/><G9/><T98/><D7/><N who="1" m="1391" /><E88/><V79/><F108/><W114/><G77/><T117/><D117/><U55/><E55/><V83/><F53/><W33/><G97/><T74/><D81/><U106/><E106/><V103/><F61/><W14/><G129/><T4/><D4/><U0/><E70/><V22/><F103/><W32/><G67/><N who="0" m="39423" /><D74/><U8/><E121/><V113/><F113/><W29/><G114/><T58/><D58/><U76/><E76/><V99/><F31/><W28/><G33/><T51/><D43/><U13/><E131/><V41/><F41/><W112/><G32/><T19/><D133/><U94/><E94/><V115/><F115/><W111/><G112/><T65/><D135/><U36/><E36/><V132/><F132/><W54/><G111/><T69/><D65/><U12/><E8/><V56/><F56/><W48/><G54/><T128/><D69/><U82/><E82/><V96/><F96/><W93/><G62/><T119/><D128/><U50/><E50/><RYUUKYOKU ba="0,0" sc="309,-30,90,10,400,10,201,10" hai1="0,2,3,12,13,18,21,24,27,34" hai2="6,11,20,22,78,79,80,83,85,86,89,92,99" hai3="14,23,28,29,42,46,48,49,52,57,84,90,93" /><INIT seed="6,1,0,5,0,21" ten="279,100,410,211" oya="2" hai0="80,49,51,1,32,65,4,25,17,61,34,121,63" hai1="72,111,57,84,93,79,75,115,123,6,43,77,120" hai2="85,66,10,73,47,33,20,40,87,101,15,70,59" hai3="133,104,74,134,31,44,119,127,18,30,64,88,107"/><V131/><F33/><W55/><G119/><T5/><D80/><U108/><E57/><V78/><F70/><W126/><G74/><N who="1" m="28202" /><E43/><V42/><F101/><W36/><G64/><T35/><D121/><N who="1" m="46667" /><E6/><V46/><F131/><W81/><G18/><T3/><D17/><U53/><E53/><V71/><F73/><W56/><G44/><T82/><D82/><U0/><E0/><N who="0" m="73" /><D65/><U14/><E14/><V54/><F71/><W12/><G12/><T24/><D5/><U96/><E84/><V92/><F85/><N who="3" m="50223" /><G36/><T26/><D4/><U19/><E19/><V135/><F47/><W41/><G41/><T11/><D11/><U68/><E68/><V13/><F42/><W114/><G55/><T102/><D102/><N who="1" m="60687" /><E115/><V16/><F46/><W95/><G114/><T90/><D90/><U58/><E58/><V105/><F66/><W129/><G56/><T113/><D113/><U28/><E28/><V132/><F40/><W39/><G30/><T109/><D109/><AGARI ba="1,0" hai="77,79,108,109,111" m="60687,46667,28202" machi="109" ten="40,5200,0" yaku="13,1,34,2" doraHai="21" who="1" fromWho="0" sc="279,-55,100,55,410,0,211,0" /><INIT seed="7,0,0,2,4,62" ten="224,155,410,211" oya="3" hai0="56,54,29,8,80,20,7,124,71,123,47,82,75" hai1="132,92,133,9,18,11,41,1,99,86,2,59,81" hai2="134,69,30,21,79,112,25,16,67,61,111,73,84" hai3="116,87,14,44,17,119,117,12,106,125,131,96,66"/><W76/><G131/><T108/><D71/><U109/><E109/><V65/><F111/><W32/><G32/><T15/><D123/><U37/><E37/><V64/><F73/><W126/><G44/><T31/><D75/><U19/><E41/><V5/><F5/><W53/><G53/><T35/><D35/><U91/><E11/><V94/><F112/><W120/><G120/><T98/><D108/><U36/><E36/><V6/><F6/><W24/><G24/><N who="0" m="16519" /><D124/><N who="3" m="47721" /><G66/><T122/><D122/><U23/><E9/><V3/><F3/><W121/><G121/><T72/><D72/><U63/><E2/><V129/><F129/><W45/><G45/><T51/><D31/><U135/><E1/><V100/><F134/><W42/><G42/><N who="0" m="25079" /><D98/><U114/><E114/><V0/><F0/><W104/><G96/><T78/><D78/><U105/><E105/><N who="3" m="40554" /><G17/><T85/><D85/><U77/><REACH who="1" step="1"/><E23/><REACH who="1" ten="224,145,410,211" step="2"/><V48/><F21/><W102/><G119/><T58/><D8/><U34/><E34/><V60/><F67/><AGARI ba="0,1" hai="18,19,59,63,67,77,81,86,91,92,99,132,133,135" machi="67" ten="40,8000,1" yaku="1,1,20,1,52,1,53,1" doraHai="62" doraHaiUra="93" who="1" fromWho="2" sc="224,0,145,90,410,-80,211,0" owari="224,-18.0,235,4.0,330,43.0,211,-29.0" /></mjloggm>