<mjloggm ver="2.3"><GO type="169" lobby="0"/><UN n0="%E5%A3%87%E2%98%86%E8%9C%9C" n1="%E3%83%88%E3%83%88%E3%83%AA%E5%85%88%E7%94%9F%31%39%E6%AD%B3" n2="%E3%82%B5%E3%83%B3%E3%83%9E%E9%81%93%E6%A5%BD%E4%BB%A3%E8%A1%A8" n3="%EF%BC%84%E3%83%8A%E3%83%8A%E3%82%B7%E3%83%BC%EF%BF%A5" dan="17,17,17,17" rate="2209.79,2213.99,2231.99,2174.80" sx="M,F,M,M"/><TAIKYOKU oya="0"/><INIT seed="0,0,0,3,2,28" ten="250,250,250,250" oya="0" hai0="110,20,39,99,31,127,14,103,58,18,8,72,118" hai1="101,116,119,120,57,64,10,48,55,22,135,12,47" hai2="26,84,87,77,91,129,62,43,95,61,93,36,81" hai3="114,19,121,15,113,122,24,11,42,73,21,9,29"/><T109/><D72/><U105/><E120/><N who="3" m="46186" /><G73/><T54/><D39/><U66/><E135/><V45/><F129/><W112/><G42/><T33/><D118/><U59/><E22/><AGARI ba="0,0" hai="9,11,15,19,21,22,24,29,112,113,114" m="46186" machi="22" ten="40,5200,0" yaku="13,1,34,2" doraHai="28" who="3" fromWho="1" sc="250,0,250,-52,250,0,250,52" /><INIT seed="1,0,0,1,2,98" ten="250,198,250,302" oya="1" hai0="71,14,75,6,70,129,36,55,89,84,67,74,39" hai1="16,2,96,116,97,132,127,45,9,72,122,124,91" hai2="125,104,31,59,101,53,87,90,61,51,126,134,83" hai3="22,92,103,46,57,79,43,52,130,26,15,94,62"/><U123/><E72/><V40/><F134/><W27/><G130/><T80/><D129/><U115/><E115/><V69/><F31/><W107/><G107/><T133/><D133/><U119/><E132/><V10/><F10/><W64/><G79/><T82/><D39/><U4/><E45/><V30/><F30/><W109/><G109/><T58/><D36/><U105/><E91/><V29/><F29/><W32/><G32/><T50/><D67/><U95/><E95/><V78/><F90/><W54/><G15/><T49/><D49/><U65/><E65/><V7/><F7/><W34/><G34/><T73/><D80/><U85/><E85/><V106/><F106/><W23/><G23/><T114/><REACH who="0" step="1"/><D114/><REACH who="0" ten="240,198,250,302" step="2"/><U24/><E119/><V8/><F51/><W11/><G64/><T63/><D63/><U131/><E116/><V17/><F69/><W37/><G62/><T112/><D112/><U0/><E131/><V113/><F113/><W120/><G37/><T12/><D12/><U81/><E81/><V20/><F40/><W102/><G27/><T118/><D118/><U5/><E24/><V121/><F83/><W18/><G26/><T13/><D13/><N who="1" m="7215" /><E2/><V86/><F61/><W117/><G117/><T60/><D60/><U47/><E0/><V93/><F125/><N who="1" m="48201" /><E47/><V88/><F126/><W35/><G46/><T44/><D44/><U21/><E123/><V28/><F28/><W1/><G120/><T19/><D19/><U111/><E122/><V41/><F17/><W68/><G18/><T38/><D38/><U42/><E4/><V108/><F121/><RYUUKYOKU ba="0,1" sc="240,30,198,-10,250,-10,302,-10" hai0="6,14,50,55,58,70,71,73,74,75,82,84,89" /><INIT seed="2,1,1,2,1,22" ten="270,188,240,292" oya="2" hai0="100,59,108,91,6,57,54,2,1,13,42,5,115" hai1="17,72,56,33,82,27,129,25,123,3,99,65,48" hai2="127,52,50,96,26,104,41,21,35,75,37,7,49" hai3="12,31,90,122,111,51,69,0,103,64,131,107,63"/><V87/><F35/><W113/><G122/><T38/><D115/><U98/><E3/><V81/><F75/><W43/><G0/><T74/><D74/><U89/><E123/><V11/><F37/><W77/><G113/><T44/><D100/><U83/><E33/><V45/><F104/><W39/><G39/><T124/><D57/><U68/><E129/><V119/><F96/><N who="1" m="36905" /><E68/><V130/><F127/><W135/><G69/><T112/><D112/><U23/><E72/><V67/><F67/><W55/><G64/><T9/><D108/><U105/><E105/><V40/><F130/><W47/><G107/><T4/><D124/><U28/><E89/><N who="2" m="51439" /><F49/><W79/><G51/><T102/><D102/><U120/><E120/><V34/><F34/><W94/><G103/><T133/><D1/><U19/><E28/><N who="2" m="17487" /><F119/><W117/><G117/><T95/><D2/><U8/><E48/><V132/><F132/><W24/><G135/><T71/><D133/><U61/><E27/><V66/><F66/><W70/><G24/><T110/><D71/><U126/><E126/><V14/><AGARI ba="1,1" hai="7,11,14,40,41,45,50,52" m="17487,51439" machi="14" ten="30,6000,0" yaku="8,1,52,1,54,1" doraHai="22" who="2" fromWho="2" sc="270,-21,188,-21,240,73,292,-21" /><INIT seed="2,2,0,0,4,98" ten="249,167,313,271" oya="2" hai0="12,111,36,118,43,130,131,116,89,56,25,83,115" hai1="20,77,55,107,85,134,86,126,45,15,21,9,3" hai2="18,51,5,27,75,104,34,70,7,22,68,105,110" hai3="67,32,19,35,1,114,112,97,62,47,92,121,122"/><V103/><F75/><W108/><G1/><T82/><D115/><N who="3" m="44073" /><G47/><N who="0" m="24039" /><D111/><U33/><E33/><N who="3" m="12874" /><G19/><T6/><D25/><U119/><E119/><N who="0" m="45609" /><D56/><U95/><E107/><V106/><F34/><W128/><G128/><N who="0" m="49195" /><D89/><U42/><E45/><V54/><F110/><W52/><G108/><T71/><D71/><U124/><E124/><V63/><F70/><N who="3" m="42359" /><G52/><T14/><D14/><U113/><E126/><V11/><F63/><W90/><AGARI ba="2,0" hai="90,92,97,121,122" m="42359,12874,44073" machi="90" ten="30,1100,0" yaku="11,1" doraHai="98" who="3" fromWho="3" sc="249,-5,167,-5,313,-7,271,17" /><INIT seed="3,0,0,2,1,59" ten="244,162,306,288" oya="3" hai0="102,78,13,10,7,51,35,60,37,98,24,82,53" hai1="34,64,49,26,5,89,100,11,79,33,95,105,91" hai2="52,25,85,108,93,116,107,68,118,9,19,73,83" hai3="41,54,6,115,101,131,77,39,66,38,65,58,124"/><W117/><G117/><T3/><D37/><U127/><E105/><V86/><F107/><W104/><G115/><T72/><D3/><U75/><E127/><V23/><F68/><W0/><G124/><T20/><D35/><U87/><E100/><V28/><F108/><W106/><G77/><T57/><D102/><U103/><E103/><V16/><F73/><W70/><G106/><T63/><REACH who="0" step="1"/><D98/><REACH who="0" ten="234,162,306,288" step="2"/><U8/><E34/><V55/><F118/><W130/><G101/><T109/><D109/><U32/><E32/><V121/><F116/><W90/><G104/><T45/><D45/><U40/><E33/><V92/><F121/><W71/><G90/><T69/><D69/><N who="3" m="26121" /><G0/><T125/><D125/><U76/><E91/><N who="2" m="53367" /><F93/><W18/><G6/><T119/><D119/><U133/><E5/><V48/><F9/><W94/><G94/><T50/><D50/><U42/><E49/><V44/><F55/><W61/><G18/><AGARI ba="0,1" hai="7,10,13,18,20,24,51,53,57,60,63,72,78,82" machi="18" ten="30,7700,0" yaku="1,1,7,1,52,2,53,0" doraHai="59" doraHaiUra="111" who="0" fromWho="3" sc="234,87,162,0,306,0,288,-77" /><INIT seed="4,0,0,5,1,97" ten="321,162,306,211" oya="0" hai0="19,49,95,65,20,83,86,131,50,4,53,134,105" hai1="104,14,40,102,44,127,82,91,94,90,1,63,46" hai2="106,92,37,17,25,41,112,21,22,79,84,100,118" hai3="75,11,85,35,73,119,56,108,48,96,32,101,52"/><T109/><D105/><U54/><E1/><V59/><F112/><W70/><G119/><T121/><D121/><U10/><E104/><V110/><F110/><W58/><G70/><T26/><D134/><U72/><E127/><V45/><F106/><W120/><G108/><T15/><D131/><U76/><E102/><V6/><F6/><W64/><G120/><T57/><D65/><U29/><E29/><V2/><F2/><W24/><G11/><T74/><D74/><U111/><E111/><V69/><F69/><W67/><G85/><T115/><D95/><U9/><E9/><V81/><F59/><W8/><G8/><N who="0" m="4487" /><D115/><U116/><E116/><V128/><F128/><W87/><G87/><T98/><D98/><U78/><E78/><V28/><F118/><W130/><G130/><T34/><D34/><U33/><E33/><V88/><F100/><W124/><G124/><T117/><D109/><U66/><E66/><V13/><REACH who="2" step="1"/><F92/><REACH who="2" ten="321,162,296,211" step="2"/><W12/><G58/><T51/><D117/><U71/><E94/><V103/><F103/><W43/><G101/><T126/><D126/><U39/><E71/><V3/><F3/><W113/><G113/><T99/><D99/><U122/><E122/><V123/><F123/><W80/><G96/><T107/><D107/><U0/><E0/><V27/><F27/><W42/><G24/><T93/><D93/><U60/><E14/><V61/><F61/><W135/><G12/><T30/><D57/><N who="1" m="34871" /><E63/><V68/><F68/><W133/><G64/><T89/><D26/><U132/><E132/><N who="3" m="50762" /><G67/><T16/><D53/><U125/><E125/><RYUUKYOKU ba="0,1" sc="321,15,162,-15,296,15,211,-15" hai0="16,19,20,30,49,50,51,83,86,89" hai2="13,17,21,22,25,28,37,41,45,79,81,84,88" /><INIT seed="4,1,1,5,1,83" ten="336,147,311,196" oya="0" hai0="110,76,17,66,100,52,126,99,115,70,49,121,7" hai1="24,11,34,88,69,114,96,116,104,113,71,59,80" hai2="120,62,122,0,12,67,75,40,86,61,119,2,25" hai3="85,101,55,32,117,95,39,124,23,41,1,13,112"/><T105/><D121/><U44/><E116/><V38/><F75/><W8/><G117/><T73/><D115/><N who="1" m="44043" /><E44/><V103/><F119/><W14/><G112/><T93/><D7/><U58/><E11/><V5/><F103/><W54/><G32/><T20/><D126/><U15/><E15/><V79/><F62/><W128/><G124/><T42/><D42/><U46/><E46/><V6/><F38/><W72/><G72/><T53/><D105/><U123/><E123/><V51/><F25/><W60/><G128/><T91/><D110/><U29/><E104/><V77/><F12/><W31/><G1/><T56/><D53/><U45/><E45/><V131/><F61/><W78/><G39/><T134/><D70/><N who="1" m="26635" /><E96/><V28/><F51/><W106/><G106/><T92/><D99/><U108/><E108/><V37/><F37/><W22/><G41/><T135/><D49/><U89/><E89/><V97/><F40/><W64/><G101/><T36/><D91/><U127/><E127/><V111/><F97/><W74/><G8/><T27/><D100/><U47/><E47/><V35/><F111/><W4/><G4/><T82/><D36/><U84/><AGARI ba="1,1" hai="24,29,34,58,59,80,84,88" m="26635,44043" machi="84" ten="40,8000,1" yaku="15,1,11,1,52,1,54,1" doraHai="83" who="1" fromWho="1" sc="336,-41,147,93,311,-21,196,-21" /><INIT seed="5,0,0,3,2,46" ten="295,240,290,175" oya="1" hai0="127,87,79,42,105,92,62,0,16,85,71,97,27" hai1="33,104,57,32,116,78,37,90,52,88,63,64,69" hai2="84,77,128,12,123,54,73,2,55,100,35,132,7" hai3="40,103,30,81,89,13,72,80,10,3,6,8,20"/><U41/><E116/><V102/><F123/><W70/><G70/><T5/><D105/><U75/><E104/><V51/><F35/><W59/><G103/><T110/><D110/><U106/><E106/><V133/><F2/><W118/><G118/><T9/><D42/><U98/><E78/><V135/><F73/><W74/><G40/><T61/><D127/><U39/><E75/><V94/><F54/><W19/><G59/><T68/><D68/><U28/><E28/><V43/><F43/><W36/><G36/><T130/><D130/><U76/><E76/><V99/><F128/><W114/><G114/><T121/><D121/><U91/><E98/><V58/><F77/><W120/><G120/><T29/><D29/><U50/><E37/><V49/><F84/><W112/><G112/><T109/><D109/><U23/><E23/><V11/><F102/><W48/><G81/><T115/><D79/><U45/><AGARI ba="0,0" hai="32,33,39,41,45,50,52,57,63,64,69,88,90,91" machi="45" ten="30,18000,2" yaku="0,1,24,2,52,1,54,2" doraHai="46" who="1" fromWho="1" sc="295,-60,240,180,290,-60,175,-60" /><INIT seed="5,1,0,5,1,126" ten="235,420,230,115" oya="1" hai0="124,2,4,40,7,65,56,33,3,12,88,29,115" hai1="108,135,23,58,74,129,103,6,72,81,131,10,130" hai2="111,132,87,122,45,37,104,59,21,36,98,119,114" hai3="25,30,63,117,106,123,95,134,78,5,17,27,121"/><U38/><E38/><V16/><F119/><W32/><G106/><T82/><D40/><U99/><E135/><V46/><F111/><W57/><G134/><T14/><D115/><U85/><E108/><V125/><F122/><W62/><G117/><T110/><D124/><U94/><E58/><V13/><F132/><W35/><G5/><T22/><D33/><U128/><E23/><V109/><F109/><W93/><G78/><T60/><D2/><N who="1" m="343" /><E128/><V53/><F125/><W79/><G79/><AGARI ba="1,0" hai="72,74,79,81,85,94,99,103,129,130,131" m="343" machi="79" ten="30,11600,0" yaku="19,1,52,3" doraHai="126" who="1" fromWho="3" sc="235,0,420,119,230,0,115,-119" owari="235,4.0,539,63.0,230,-17.0,-4,-50.0" /></mjloggm>