<mjloggm ver="2.3"><GO type="169" lobby="0"/><UN n0="%E3%83%88%E3%83%88%E3%83%AA%E5%85%88%E7%94%9F%31%39%E6%AD%B3" n1="%66%75%6A%69%32%32%39" n2="%E6%A1%9C%E4%BA%95%E3%81%95%E3%82%93" n3="%E3%81%88%E3%81%A0%E2%98%86%E3%81%BE%E3%82%81" dan="17,17,16,16" rate="2173.03,2141.77,2127.60,2099.11" sx="F,M,M,M"/><TAIKYOKU oya="0"/><INIT seed="0,0,0,3,2,130" ten="250,250,250,250" oya="0" hai0="52,104,68,17,108,115,62,48,33,65,99,60,129" hai1="135,134,76,25,47,89,22,34,95,55,31,5,8" hai2="15,28,111,105,97,11,10,44,0,119,16,27,102" hai3="69,49,39,131,54,84,72,83,128,120,109,1,92"/><T2/><D115/><U23/><E76/><V29/><F111/><W80/><G1/><T121/><D121/><U18/><E47/><V12/><F119/><W88/><G69/><T53/><D129/><N who="3" m="49737" /><G39/><T45/><D2/><N who="1" m="55" /><E55/><V110/><F110/><W100/><G109/><T85/><D108/><U113/><E113/><V114/><F114/><W90/><G120/><T24/><D85/><N who="1" m="52655" /><E23/><V3/><F44/><N who="3" m="27943" /><G72/><T93/><D104/><U107/><E107/><V56/><F56/><W37/><G37/><T70/><D53/><U38/><E38/><V40/><F40/><W58/><G58/><T41/><D41/><U122/><E122/><V116/><F116/><W30/><G30/><T126/><D62/><U13/><AGARI ba="0,0" hai="13,18,22,25,31,34,134,135" m="52655,55" machi="13" ten="30,4000,0" yaku="24,1,52,2" doraHai="130" who="1" fromWho="1" sc="250,-20,250,40,250,-10,250,-10" /><INIT seed="1,0,0,3,5,87" ten="230,290,240,240" oya="1" hai0="43,34,85,36,31,88,93,9,41,35,124,133,19" hai1="69,117,79,7,75,82,65,71,32,83,63,120,81" hai2="132,50,126,127,77,130,101,16,70,26,92,86,48" hai3="22,17,107,96,102,3,73,8,68,119,38,125,30"/><U104/><E117/><V57/><F70/><W51/><G119/><T103/><D133/><U135/><E104/><V13/><F132/><W115/><G115/><T67/><D124/><N who="2" m="47658" /><F130/><W23/><G125/><T56/><D36/><U14/><E32/><V99/><F26/><W53/><G38/><T105/><D34/><U61/><E120/><V89/><F57/><W4/><G73/><T66/><D35/><U46/><E46/><V78/><F78/><W84/><G68/><T59/><D31/><U97/><E97/><V76/><F76/><W6/><G6/><T25/><D105/><U108/><E108/><V52/><F77/><W29/><G84/><T33/><D103/><U37/><E37/><V118/><F118/><W122/><G23/><N who="0" m="13567" /><D33/><U24/><E24/><V20/><F52/><W10/><G8/><T80/><D9/><U128/><E128/><V40/><F40/><N who="0" m="15434" /><D80/><AGARI ba="0,0" hai="13,16,20,48,50,80,86,89,92,99,101" m="47658" machi="80" ten="30,3900,0" yaku="18,1,52,1,54,1" doraHai="87" who="2" fromWho="0" sc="230,-39,290,0,240,39,240,0" /><INIT seed="2,0,0,2,2,97" ten="191,290,279,240" oya="2" hai0="79,12,130,60,114,28,42,133,66,84,134,135,83" hai1="37,6,39,3,64,76,43,89,108,52,129,59,122" hai2="124,113,32,104,29,69,70,14,48,100,68,30,72" hai3="63,2,71,74,57,33,58,119,50,120,36,106,94"/><V8/><F113/><W45/><G94/><T0/><D114/><U88/><E76/><V112/><F112/><W17/><G17/><T91/><D0/><U96/><E64/><V1/><F72/><W35/><G35/><T82/><D130/><U86/><E108/><V126/><F1/><W5/><G5/><T53/><D28/><U128/><E6/><N who="2" m="3351" /><F32/><W121/><G2/><T51/><D42/><U67/><E3/><V31/><F48/><W41/><G33/><T16/><D53/><U21/><E67/><V110/><F110/><W75/><G106/><T109/><D51/><N who="1" m="31135" /><E122/><N who="3" m="47210" /><G75/><T77/><D83/><U34/><E34/><V10/><F10/><W102/><G74/><T40/><D40/><U38/><E43/><V95/><F95/><W61/><G102/><T13/><D109/><U103/><E21/><V87/><F87/><W93/><G93/><T44/><D44/><U127/><E86/><V92/><F92/><W118/><G71/><T62/><D12/><U80/><E80/><V27/><F27/><W65/><G36/><T55/><D13/><U81/><E81/><V131/><F131/><N who="1" m="50249" /><E127/><N who="2" m="48683" /><F104/><AGARI ba="0,0" hai="37,38,39,88,89,96,103,104" m="50249,31135" machi="104" ten="40,8000,1" yaku="19,1,52,1,54,2" doraHai="97" who="1" fromWho="2" sc="191,0,290,80,279,-80,240,0" /><INIT seed="3,0,0,0,4,18" ten="191,370,199,240" oya="3" hai0="39,65,22,104,19,123,6,14,106,20,93,114,111" hai1="126,107,128,63,7,42,101,91,78,35,5,27,49" hai2="26,12,61,87,13,16,37,75,76,70,23,60,36" hai3="122,125,44,59,32,3,79,56,9,29,51,69,57"/><W129/><G69/><T130/><D123/><U94/><E78/><V28/><F75/><W99/><G122/><T4/><D39/><U8/><E107/><V109/><F109/><W117/><G117/><T17/><D111/><U71/><E101/><V113/><F113/><W86/><G129/><T34/><D34/><U118/><E5/><V21/><F12/><W2/><G125/><T77/><D130/><U124/><E128/><V55/><F61/><W10/><G99/><T100/><D114/><U102/><E102/><V98/><F98/><W131/><G131/><T119/><D119/><U90/><E118/><V46/><F46/><W105/><G105/><T73/><D93/><U1/><E42/><V25/><F13/><W64/><G32/><T41/><D41/><U96/><E49/><V52/><F70/><W83/><G29/><T0/><D14/><U30/><E90/><V50/><F60/><W47/><G64/><T33/><D33/><U110/><E110/><V103/><F103/><W62/><G62/><T95/><D100/><U80/><E80/><V58/><REACH who="2" step="1"/><F55/><REACH who="2" ten="191,370,189,240" step="2"/><W48/><G2/><T121/><D0/><U11/><E71/><V68/><F68/><W85/><G3/><T132/><D121/><U43/><E63/><V127/><F127/><W116/><G116/><T40/><D104/><U133/><E126/><V120/><F120/><W72/><G72/><T53/><D73/><U88/><E124/><V54/><F54/><N who="3" m="29959" /><G85/><T134/><D106/><U66/><E1/><V115/><F115/><W38/><G38/><T92/><D53/><AGARI ba="0,1" hai="9,10,47,51,53,56,57,59,79,83,86" m="29959" machi="53" ten="30,1500,0" yaku="8,1" doraHai="18" who="3" fromWho="0" sc="191,-15,370,0,189,0,240,25" /><INIT seed="3,1,0,3,0,130" ten="176,370,189,265" oya="3" hai0="120,46,44,96,84,36,77,10,23,14,70,5,93" hai1="27,127,134,73,72,22,42,104,88,52,59,6,34" hai2="106,126,28,109,121,51,74,25,40,56,122,17,95" hai3="43,101,50,82,85,119,29,24,63,94,131,108,11"/><W110/><G131/><T13/><D120/><N who="2" m="46186" /><F106/><W30/><G119/><T115/><D70/><U60/><E104/><V118/><F118/><W49/><G11/><T71/><D71/><U0/><E34/><V92/><F74/><W55/><G63/><T125/><D36/><U113/><E127/><V2/><F2/><W3/><G3/><T39/><D39/><U98/><E42/><V18/><F126/><W58/><G101/><T62/><D115/><U20/><E134/><V80/><F80/><W69/><G69/><T78/><D62/><U124/><E22/><N who="2" m="15415" /><F109/><N who="3" m="42091" /><G94/><N who="2" m="35881" /><F40/><W19/><G19/><N who="0" m="10743" /><D125/><U37/><E124/><V123/><N who="2" m="46194" /><V7/><DORA hai="31" /><F7/><W57/><G43/><T53/><D78/><U38/><E113/><V45/><F45/><N who="3" m="28079" /><G50/><T12/><D46/><U133/><E38/><V16/><F51/><W107/><G107/><T54/><D44/><U99/><E37/><V81/><F81/><W76/><G30/><T100/><D5/><U68/><E6/><V26/><F56/><W15/><G15/><N who="0" m="5707" /><D10/><U129/><E68/><V111/><F111/><W9/><G9/><T89/><D100/><U114/><E114/><V86/><F26/><W103/><G103/><T91/><D93/><U35/><E0/><V32/><F86/><W75/><G85/><T112/><D112/><U90/><E60/><V117/><F117/><W67/><G67/><T97/><D84/><U64/><E64/><V4/><F4/><W48/><G48/><T87/><D87/><U83/><E73/><V21/><F21/><AGARI ba="1,0" hai="21,24,29,57,58,75,76,82" m="28079,42091" machi="21" ten="30,2900,0" yaku="14,1,10,1" doraHai="130,31" who="3" fromWho="2" sc="176,0,370,0,189,-32,265,32" /><INIT seed="3,2,0,2,1,63" ten="176,370,157,297" oya="3" hai0="77,48,87,49,40,18,107,64,100,43,132,56,73" hai1="30,75,81,26,124,36,55,0,88,134,131,11,52" hai2="112,116,129,91,33,80,121,4,126,76,85,14,13" hai3="46,115,62,98,39,45,94,99,28,123,133,37,66"/><W127/><G115/><T34/><D73/><U96/><E36/><V12/><F112/><W113/><G123/><T92/><D34/><U82/><E75/><V17/><F116/><W101/><G113/><T42/><D107/><U61/><E134/><V27/><F121/><W41/><G133/><T90/><D132/><U9/><E131/><V35/><F129/><W79/><G79/><T108/><D108/><U111/><E124/><V50/><F126/><W122/><G122/><T1/><D1/><U16/><E0/><V22/><F4/><W23/><G127/><T25/><D100/><U32/><E111/><V58/><REACH who="2" step="1"/><F76/><REACH who="2" ten="176,370,147,297" step="2"/><W120/><G120/><T69/><D77/><U74/><E74/><V21/><F21/><W60/><G23/><N who="0" m="13559" /><D69/><U103/><E9/><V59/><F59/><W89/><G46/><T118/><D118/><U68/><E11/><V20/><F20/><W67/><G45/><T57/><D57/><U54/><E68/><V2/><F2/><W130/><G130/><T84/><D84/><U83/><E32/><V10/><F10/><W70/><G70/><T95/><D87/><U29/><E61/><V15/><N who="2" m="3072" /><DORA hai="47" /><V106/><F106/><W44/><G62/><N who="0" m="37959" /><D90/><U65/><E88/><V8/><F8/><W128/><G60/><T86/><D86/><U24/><E24/><V5/><F5/><W19/><G128/><T7/><D7/><U78/><E78/><V97/><F97/><W71/><G71/><T114/><D114/><U105/><E26/><V53/><AGARI ba="2,1" hai="17,22,27,33,35,50,53,58,80,85,91" m="3072" machi="53" ten="40,5200,0" yaku="1,1,0,1,52,1,53,0" doraHai="63,47" doraHaiUra="6,72" who="2" fromWho="2" sc="176,-15,370,-15,147,68,297,-28" /><INIT seed="4,0,0,1,3,109" ten="161,355,215,269" oya="0" hai0="2,45,3,98,22,110,10,34,106,28,99,48,7" hai1="11,121,63,76,104,119,20,1,91,65,95,55,87" hai2="115,105,43,14,132,38,21,120,9,72,82,56,117" hai3="94,30,93,71,37,44,33,0,100,19,83,86,79"/><T129/><D34/><U5/><E104/><V81/><F120/><W23/><G0/><T41/><D110/><U114/><E119/><V130/><F105/><W118/><G71/><T18/><D129/><U126/><E126/><V15/><F130/><W60/><G118/><T128/><D128/><U53/><E121/><V62/><F117/><W36/><G60/><T25/><D3/><U26/><E76/><V31/><F132/><W101/><G33/><T27/><D106/><U70/><E114/><V77/><F115/><W102/><G30/><AGARI ba="0,0" hai="1,5,11,20,26,30,53,55,63,65,70,87,91,95" machi="30" ten="30,1000,0" yaku="7,1" doraHai="109" who="1" fromWho="3" sc="161,0,355,10,215,0,269,-10" /><INIT seed="5,0,0,1,1,107" ten="161,365,215,259" oya="1" hai0="68,4,39,47,130,101,29,20,44,55,66,78,51" hai1="125,79,84,119,2,46,57,27,72,75,60,71,69" hai2="70,37,113,33,24,53,114,102,94,5,61,105,100" hai3="56,120,76,88,32,25,67,12,133,73,65,89,23"/><U98/><E2/><V64/><F37/><W7/><G120/><T63/><D130/><U54/><E119/><V112/><F105/><W34/><G133/><T74/><D101/><U132/><E71/><V104/><F104/><W8/><G34/><T49/><D39/><U26/><E69/><V45/><F5/><W81/><G32/><T121/><D121/><U135/><E125/><V9/><F9/><W96/><G96/><T21/><D29/><U48/><E98/><V116/><F116/><W129/><G129/><T10/><D78/><U58/><E84/><V86/><F33/><W87/><G56/><T122/><D74/><N who="1" m="28203" /><E79/><V16/><F86/><W36/><G36/><T40/><REACH who="0" step="1"/><D122/><REACH who="0" ten="151,365,215,259" step="2"/><U14/><E135/><V6/><F114/><W111/><G111/><T11/><D11/><U18/><E132/><V85/><F102/><W83/><REACH who="3" step="1"/><G89/><REACH who="3" ten="151,365,215,249" step="2"/><T82/><D82/><U35/><E35/><V42/><F112/><W90/><G90/><T110/><D110/><U62/><E60/><V103/><F113/><W0/><G0/><AGARI ba="0,2" hai="0,4,10,20,21,40,44,47,49,51,55,63,66,68" machi="0" ten="30,2000,0" yaku="1,1,7,1,53,0" doraHai="107" doraHaiUra="128" who="0" fromWho="3" sc="151,40,365,0,215,0,249,-20" /><INIT seed="6,0,0,4,2,46" ten="191,365,215,229" oya="2" hai0="112,97,93,101,126,61,32,17,86,58,49,124,43" hai1="33,96,127,111,120,54,74,26,51,52,47,25,68" hai2="37,22,114,76,119,108,133,87,79,10,95,8,130" hai3="73,31,7,85,117,67,115,135,78,94,28,109,69"/><V66/><F119/><W53/><G109/><T134/><D32/><U41/><E74/><V132/><F37/><W89/><G115/><T83/><D112/><U56/><E68/><V57/><F114/><W48/><G117/><T104/><D134/><N who="2" m="51818" /><F108/><W91/><G135/><T65/><D104/><U36/><E111/><V72/><F130/><W118/><G118/><T39/><D39/><U107/><E127/><N who="0" m="48681" /><D17/><U30/><E120/><V6/><F22/><W12/><G69/><T0/><D0/><U21/><E107/><V3/><F10/><N who="3" m="4191" /><G73/><T75/><D75/><U62/><E96/><V16/><F16/><W20/><G67/><T122/><D122/><U92/><E92/><V70/><F70/><W125/><G125/><T77/><D43/><U123/><E123/><V71/><F71/><W40/><G40/><T99/><D99/><U82/><E82/><V103/><F72/><W84/><G78/><T18/><D18/><U105/><E105/><V19/><F19/><W59/><G20/><T14/><D14/><U100/><E100/><V35/><F35/><W121/><G121/><T90/><D101/><U44/><E33/><V23/><F23/><W4/><G4/><T15/><D15/><U60/><E26/><V38/><F38/><W2/><G2/><T13/><D13/><U42/><E36/><V116/><F116/><W1/><G1/><T129/><D129/><U55/><E41/><V106/><F106/><W5/><G5/><T34/><D34/><U63/><E47/><V110/><F110/><W29/><G29/><T88/><D77/><U80/><E80/><AGARI ba="0,0" hai="28,31,48,53,59,80,84,85,89,91,94" m="4191" machi="80" ten="30,3900,0" yaku="6,1,8,1,52,1" doraHai="46" who="3" fromWho="1" sc="191,0,365,-39,215,0,229,39" /><INIT seed="7,0,0,5,4,46" ten="191,326,215,268" oya="3" hai0="93,36,41,62,4,83,43,92,0,70,56,11,26" hai1="79,48,63,100,31,66,87,116,20,90,42,112,44" hai2="7,15,17,72,85,109,135,80,22,113,103,13,25" hai3="55,117,5,58,76,47,78,118,130,71,95,75,91"/><W84/><G71/><T128/><D70/><U65/><E112/><V14/><F109/><W6/><G130/><T52/><D128/><U9/><E116/><V124/><F72/><W59/><G75/><T49/><D36/><U53/><E100/><V3/><F113/><W68/><G68/><T89/><D83/><N who="1" m="47615" /><E9/><V110/><F110/><W27/><G118/><T101/><D26/><N who="1" m="16839" /><E90/><V67/><F135/><W111/><G111/><T119/><D119/><U34/><E34/><V69/><F124/><W132/><G132/><T108/><D108/><U77/><E77/><N who="3" m="29802" /><G117/><T73/><D73/><U23/><E23/><V51/><F3/><W134/><G134/><T131/><D131/><U38/><E38/><V50/><F7/><N who="3" m="2571" /><G27/><T127/><D127/><U88/><E88/><N who="2" m="51239" /><F69/><W35/><G35/><T39/><D39/><U60/><E42/><V96/><F67/><AGARI ba="0,0" hai="44,48,53,60,63,65,66,67" m="16839,47615" machi="67" ten="30,2000,0" yaku="8,1,52,1" doraHai="46" who="1" fromWho="2" sc="191,0,326,20,215,-20,268,0" owari="191,-31.0,346,44.0,195,-20.0,268,7.0" /></mjloggm>