<mjloggm ver="2.3"><GO type="97" lobby="0"/><UN n0="%E3%82%AE%E3%83%A3%E3%83%B3%E3%83%96%E3%83%A9%E3%83%BC%E3%83%8A%E3%83%8A" n1="%E3%81%A8%E3%81%97%E3%82%8D%E3%81%86%E3%81%98%E3%81%98%E3%81%84" n2="%E7%A5%9E%E4%BB%A3%E3%81%AE%E5%B0%8F%E8%90%8C" n3="%E5%B0%B1%E6%B4%BB%E7%94%9F%40%E5%B7%9D%E6%9D%91%E8%BB%8D%E5%9B%A3" dan="13,13,15,15" rate="1837.20,1880.99,1994.11,2008.91" sx="F,M,F,M"/><TAIKYOKU oya="0"/><INIT seed="0,0,0,4,0,70" ten="250,250,250,250" oya="0" hai0="108,121,34,65,41,102,47,25,98,125,128,43,94" hai1="36,113,46,60,112,99,75,62,92,111,100,44,11" hai2="95,120,123,20,126,7,107,122,116,97,24,8,71" hai3="82,129,35,16,4,3,9,77,81,72,63,40,135"/><T51/><D121/><U56/><BYE who="2" /><E75/><V6/><F6/><W12/><G129/><T0/><D125/><U83/><E111/><V96/><F96/><W2/><G135/><T133/><D0/><U37/><E83/><UN n2="%E7%A5%9E%E4%BB%A3%E3%81%AE%E5%B0%8F%E8%90%8C" /><V79/><F116/><W110/><G35/><T118/><D133/><U49/><E11/><V48/><F126/><W55/><G110/><T85/><D118/><U52/><E60/><V101/><F79/><W10/><G40/><T103/><D108/><U84/><E84/><V38/><F48/><W88/><G3/><T73/><D73/><U53/><REACH who="1" step="1"/><E44/><REACH who="1" ten="250,240,250,250" step="2"/><V66/><F71/><W109/><G109/><T32/><D85/><U64/><E64/><V23/><F66/><W33/><G33/><T14/><D34/><U93/><E93/><V5/><F107/><W31/><G81/><T54/><D128/><U124/><E124/><V67/><F67/><W27/><G72/><T91/><D65/><U50/><E50/><V89/><F123/><W119/><G119/><T58/><D47/><U105/><E105/><V42/><F122/><W104/><G104/><T15/><D32/><U117/><E117/><V22/><F120/><W17/><G77/><T28/><D103/><U131/><E131/><V59/><F101/><W106/><G106/><T115/><D102/><U1/><E1/><V76/><F76/><W80/><G80/><T78/><D78/><U19/><E19/><V87/><F87/><N who="3" m="50295" /><G17/><T69/><D69/><U45/><E45/><N who="2" m="23767" /><F7/><W127/><G127/><T21/><D115/><AGARI ba="0,1" hai="36,37,46,49,52,53,56,62,92,99,100,112,113,115" machi="115" ten="40,8000,1" yaku="1,1,11,1,52,2,54,1,53,0" doraHai="70" doraHaiUra="130" who="1" fromWho="0" sc="250,-80,240,90,250,0,250,0" /><INIT seed="1,0,0,2,3,97" ten="170,330,250,250" oya="1" hai0="126,67,39,38,9,53,69,92,55,133,61,2,40" hai1="118,64,35,110,86,77,131,135,109,127,60,114,25" hai2="124,30,8,66,16,19,37,6,4,18,111,107,120" hai3="52,31,11,62,82,108,48,32,106,57,20,116,23"/><U59/><E118/><V43/><F120/><W100/><G116/><T95/><D126/><U15/><E114/><V47/><F111/><N who="1" m="42505" /><E127/><V14/><F107/><W34/><G108/><T51/><D133/><U80/><E135/><V79/><F124/><W0/><G82/><T70/><D95/><U113/><E113/><V130/><F130/><W122/><G122/><T41/><D92/><U26/><E131/><V24/><F79/><W129/><G129/><T81/><D81/><U123/><E123/><V28/><F66/><W12/><G0/><T99/><D99/><U17/><E35/><V103/><F103/><W76/><G76/><T50/><D9/><AGARI ba="0,0" hai="9,15,17,25,26,59,60,64,77,80,86" m="42505" machi="9" ten="30,2900,0" yaku="14,1,10,1" doraHai="97" who="1" fromWho="0" sc="170,-29,330,29,250,0,250,0" /><INIT seed="1,1,0,5,5,110" ten="141,359,250,250" oya="1" hai0="4,82,122,104,117,101,86,52,2,39,36,119,48" hai1="95,15,65,58,123,59,54,87,61,66,13,20,45" hai2="74,124,40,80,3,106,53,89,84,38,43,75,130" hai3="97,35,132,42,23,91,6,72,133,10,100,16,115"/><U120/><E45/><V73/><F3/><W103/><G72/><T50/><D122/><U31/><E15/><V71/><F106/><W78/><G35/><T85/><D104/><U99/><E87/><N who="0" m="33289" /><D101/><U26/><E66/><V83/><F124/><W70/><G70/><T107/><D107/><U24/><E13/><V7/><F130/><W129/><G78/><T62/><D62/><U12/><E12/><V116/><F7/><W8/><G42/><T68/><D68/><U92/><E95/><V127/><F116/><N who="0" m="44618" /><D4/><U98/><E26/><V41/><F127/><W112/><G129/><T55/><D2/><U126/><E99/><V0/><F0/><N who="3" m="71" /><G10/><T79/><D82/><U32/><E32/><V34/><F34/><W67/><G91/><T21/><D21/><U64/><E64/><V57/><F38/><N who="0" m="14378" /><D79/><U113/><E126/><V19/><F19/><W49/><G49/><AGARI ba="1,0" hai="48,49,50,52,55" m="14378,44618,33289" machi="49" ten="40,5200,0" yaku="28,2,54,1" doraHai="110" who="0" fromWho="3" sc="141,55,359,0,250,0,250,-55" /><INIT seed="2,0,0,1,5,54" ten="196,359,250,195" oya="2" hai0="77,109,50,99,46,87,55,38,97,116,73,71,35" hai1="121,11,60,23,2,1,85,101,84,67,26,130,118" hai2="134,63,5,4,65,69,62,32,92,64,125,113,76" hai3="70,58,42,112,21,91,22,61,68,88,13,45,37"/><V0/><F113/><W82/><G112/><T133/><D109/><U20/><E118/><V53/><F134/><W8/><G70/><T111/><D71/><U94/><E130/><V98/><F125/><W104/><G68/><T120/><D120/><U18/><E2/><V41/><F76/><W93/><G104/><T48/><D38/><U7/><E23/><V57/><F41/><W80/><G22/><T9/><D35/><U102/><E121/><V110/><F32/><W75/><G21/><T43/><D111/><U114/><E114/><V27/><F27/><W14/><G75/><T89/><D133/><U119/><E119/><V74/><F110/><W15/><G8/><T105/><D116/><U52/><E52/><V36/><F36/><W81/><REACH who="3" step="1"/><G93/><REACH who="3" ten="196,359,250,185" step="2"/><N who="0" m="54463" /><D105/><U100/><REACH who="1" step="1"/><E94/><REACH who="1" ten="196,349,250,185" step="2"/><V106/><F106/><W115/><G115/><T129/><D129/><U117/><E117/><V78/><F92/><W34/><G34/><T39/><D99/><U44/><E44/><V126/><F98/><W49/><G49/><T12/><D97/><U122/><E122/><V31/><F63/><W128/><G128/><T16/><D39/><U96/><E96/><V103/><F62/><W132/><G132/><T131/><D131/><U19/><E19/><V10/><F5/><W28/><G28/><T56/><D73/><U124/><E124/><V66/><F126/><W86/><G86/><T107/><D107/><U127/><E127/><V108/><F31/><W83/><N who="3" m="20992" /><DORA hai="3" /><W79/><G79/><AGARI ba="0,2" hai="9,12,16,43,46,48,50,55,56,77,79" m="54463" machi="79" ten="30,3900,0" yaku="8,1,52,1,54,1" doraHai="54,3" who="0" fromWho="3" sc="196,59,349,0,250,0,185,-39" /><INIT seed="3,0,0,1,3,112" ten="255,349,250,146" oya="3" hai0="40,108,28,124,98,67,14,60,54,129,119,44,13" hai1="32,56,16,57,31,135,93,29,115,23,37,89,51" hai2="42,75,77,111,71,87,101,97,50,123,3,17,12" hai3="48,10,30,8,47,39,134,86,5,92,120,69,38"/><W45/><G120/><T0/><D108/><U55/><E37/><V131/><F71/><W73/><G69/><T127/><D0/><U18/><E32/><V117/><F3/><W26/><G73/><T99/><D28/><U65/><E115/><V64/><F117/><W21/><G134/><T126/><D54/><N who="1" m="31839" /><E18/><V33/><F111/><W122/><G122/><T83/><D83/><U22/><E23/><V15/><F33/><W113/><G113/><T118/><D129/><U34/><E34/><V70/><F75/><W80/><G92/><T116/><D13/><N who="1" m="9487" /><E65/><V59/><F123/><W128/><G128/><T96/><D14/><U79/><E79/><V85/><F15/><W110/><G110/><T9/><D9/><U7/><E7/><V1/><F77/><W62/><G62/><T19/><D19/><U121/><E135/><V125/><F70/><W132/><G132/><T90/><D60/><N who="1" m="35903" /><E121/><V2/><F1/><W6/><G39/><N who="0" m="21535" /><D67/><U109/><E109/><V46/><F2/><W103/><G38/><T11/><D11/><N who="3" m="4137" /><G103/><T100/><D90/><U95/><E95/><AGARI ba="0,0" hai="95,96,98,99,100,116,118,119,124,126,127" m="21535" machi="95" ten="40,8000,1" yaku="18,1,52,3" doraHai="112" who="0" fromWho="1" sc="255,80,349,-80,250,0,146,0" owari="335,43.0,269,7.0,250,-15.0,146,-35.0" /></mjloggm>