<mjloggm ver="2.3"><GO type="97" lobby="0"/><UN n0="%59%61%6B%6B%75%72%75" n1="%E7%8C%AB%E5%85%88%E8%BC%A9" n2="%E3%82%A2%E3%83%A1%E3%83%AA%E3%82%A2" n3="%E5%B0%B1%E6%B4%BB%E7%94%9F%40%E5%B7%9D%E6%9D%91%E8%BB%8D%E5%9B%A3" dan="13,14,13,15" rate="1834.40,1922.11,1859.74,2050.89" sx="M,M,M,M"/><TAIKYOKU oya="0"/><INIT seed="0,0,0,5,0,104" ten="250,250,250,250" oya="0" hai0="90,102,3,120,87,40,109,116,72,49,66,126,130" hai1="51,44,23,77,81,57,64,28,74,79,52,119,46" hai2="80,61,9,42,8,53,5,96,123,82,83,84,128" hai3="55,33,36,21,86,105,129,92,117,99,89,62,27"/><T56/><D3/><U134/><E134/><V112/><F123/><W69/><G36/><T135/><D120/><U45/><E119/><V35/><F35/><W63/><G129/><T20/><D116/><U113/><E113/><V25/><F112/><W16/><G117/><T43/><D72/><U71/><E79/><V125/><F125/><W127/><G127/><T108/><D126/><U101/><E101/><V50/><F128/><W107/><G33/><T34/><D130/><U78/><E78/><V24/><F9/><W10/><G10/><T6/><D135/><U95/><E95/><V38/><F96/><W73/><G73/><T47/><D6/><U22/><REACH who="1" step="1"/><E28/><REACH who="1" ten="250,240,250,250" step="2"/><V60/><F83/><W48/><G107/><T114/><D102/><U133/><E133/><V68/><F82/><W118/><G118/><T15/><D114/><U131/><E131/><V121/><F121/><W111/><G105/><T70/><D34/><U26/><E26/><V91/><F25/><W76/><G76/><T39/><D109/><U14/><E14/><V103/><F24/><W93/><G111/><T67/><D108/><U7/><E7/><V17/><F103/><N who="3" m="60903" /><G69/><T41/><D15/><U85/><E85/><V106/><F5/><W18/><G18/><T100/><D100/><U37/><E37/><V65/><F106/><W29/><G29/><T31/><D31/><U12/><E12/><V4/><F38/><W115/><G115/><T110/><D110/><U0/><E0/><V54/><F4/><W13/><G27/><T11/><D39/><U19/><E19/><V97/><F17/><RYUUKYOKU ba="0,1" sc="250,-15,240,15,250,-15,250,15" hai1="22,23,44,45,46,51,52,57,64,71,74,77,81" hai3="13,16,21,48,55,62,63,86,89,93" /><INIT seed="1,1,1,0,1,42" ten="235,255,235,265" oya="1" hai0="84,41,36,94,10,62,21,35,22,33,119,56,44" hai1="43,53,111,4,11,26,12,25,102,108,8,123,116" hai2="117,91,88,126,69,19,70,85,39,58,74,38,32" hai3="55,120,64,87,57,71,101,76,37,54,133,6,77"/><U92/><E116/><V121/><F121/><W135/><G37/><T90/><D119/><U115/><E115/><V130/><F117/><W82/><G120/><T128/><D128/><U114/><E114/><V23/><F32/><W49/><G6/><T81/><D35/><U75/><E75/><V7/><F7/><W66/><G101/><T105/><D33/><U106/><E106/><V28/><F28/><W132/><G71/><T67/><D105/><U18/><E43/><V5/><F5/><W52/><G77/><T59/><D10/><U34/><E53/><AGARI ba="1,1" hai="49,52,53,54,55,57,64,66,76,82,87,132,133,135" machi="53" ten="50,3200,0" yaku="20,1,54,1" doraHai="42" who="3" fromWho="1" sc="235,0,255,-35,235,0,265,45" /><INIT seed="2,0,0,1,4,13" ten="235,220,235,310" oya="2" hai0="47,74,19,56,59,121,66,92,106,80,46,24,17" hai1="129,93,107,12,127,126,57,135,118,3,101,7,49" hai2="22,78,18,26,97,5,109,85,103,11,38,84,75" hai3="89,60,82,125,134,21,6,70,96,25,39,23,86"/><V73/><F38/><W71/><G39/><T88/><D106/><U72/><E72/><V77/><F109/><W91/><G134/><T42/><D121/><U37/><E37/><V114/><F114/><W90/><G125/><N who="1" m="47626" /><E107/><V130/><F130/><W122/><G122/><T29/><D66/><U63/><E3/><V102/><F75/><W100/><G6/><T1/><D1/><U81/><E81/><V104/><F73/><W62/><G71/><T115/><D115/><U32/><E32/><V133/><F133/><W61/><G70/><T110/><D110/><U132/><E49/><V95/><F103/><W43/><G43/><T31/><D80/><U112/><E112/><V94/><F104/><W44/><G44/><N who="0" m="16939" /><D42/><U8/><E118/><V10/><F10/><W65/><G65/><T124/><D24/><U53/><E129/><V123/><F123/><W55/><G55/><T4/><D4/><U58/><E58/><N who="0" m="22057" /><D74/><U36/><E36/><V69/><F69/><W33/><G33/><T99/><D124/><U87/><E101/><V108/><F108/><W20/><G25/><T51/><D51/><U113/><E113/><V79/><REACH who="2" step="1"/><F95/><AGARI ba="0,0" hai="20,21,23,60,61,62,82,86,89,90,91,95,96,100" machi="95" ten="40,1300,0" yaku="8,1" doraHai="13" who="3" fromWho="2" sc="235,0,220,0,235,-13,310,13" /><INIT seed="3,0,0,4,1,102" ten="235,220,222,323" oya="3" hai0="44,2,43,88,9,133,10,122,83,37,61,87,105" hai1="96,46,97,71,109,32,14,58,92,110,86,17,40" hai2="64,19,124,93,69,75,55,81,38,42,107,116,12" hai3="76,79,74,91,62,0,48,66,56,78,15,101,73"/><W77/><G0/><T111/><D122/><U27/><E71/><V30/><F107/><W39/><G39/><T130/><D130/><U114/><E114/><V90/><F124/><W57/><G101/><T103/><D133/><U129/><E129/><V72/><F116/><W100/><G100/><T113/><D111/><N who="1" m="42507" /><E58/><V95/><F30/><W85/><G73/><T20/><D20/><U47/><E47/><V59/><F72/><W84/><G74/><T94/><D113/><U125/><E125/><V106/><F106/><W11/><G77/><T36/><D61/><U31/><E86/><V18/><F64/><W24/><G24/><T134/><D2/><U22/><E96/><V3/><F3/><W112/><G112/><T4/><D4/><U89/><E46/><V26/><F69/><W67/><G91/><T28/><D134/><U16/><E17/><V6/><F6/><N who="3" m="3575" /><G66/><T52/><D28/><U35/><E40/><V115/><F115/><W131/><G131/><T7/><D7/><U51/><E51/><V29/><F42/><W5/><G5/><T117/><D105/><U21/><AGARI ba="0,0" hai="14,16,21,22,27,31,32,35,89,92,97" m="42507" machi="21" ten="30,2000,0" yaku="14,1,54,1" doraHai="102" who="1" fromWho="1" sc="235,-5,220,20,222,-5,323,-10" owari="230,-17.0,240,4.0,217,-28.0,313,41.0" /></mjloggm>