<mjloggm ver="2.3"><GO type="41" lobby="0"/><UN n0="%E5%B0%B1%E6%B4%BB%E7%94%9F%40%E5%B7%9D%E6%9D%91%E8%BB%8D%E5%9B%A3" n1="%64%6F%72%61%64%61%73%68" n2="%E3%83%9F%E3%83%89%E3%83%AA%E3%82%B4%E3%82%B1" n3="%63%68%67" dan="17,15,15,13" rate="2159.27,2028.93,1962.30,1870.06" sx="M,F,M,F"/><TAIKYOKU oya="0"/><INIT seed="0,0,0,0,5,111" ten="250,250,250,250" oya="0" hai0="46,67,44,124,89,65,72,47,108,14,135,37,9" hai1="82,4,42,97,121,34,91,25,30,20,76,8,71" hai2="7,132,109,60,49,70,17,115,39,32,73,63,16" hai3="54,15,18,61,83,90,53,130,13,24,116,114,50"/><T105/><D37/><U21/><E121/><V56/><F115/><W55/><G116/><T2/><D2/><U134/><E71/><V33/><F39/><W36/><G36/><T96/><D108/><U77/><E134/><V57/><F109/><W131/><G114/><T48/><D135/><U43/><E77/><V45/><F73/><W19/><G61/><T6/><D124/><U129/><E129/><N who="3" m="49162" /><G50/><T101/><D72/><U94/><E21/><V113/><F113/><W79/><G79/><T23/><D48/><U3/><REACH who="1" step="1"/><E34/><REACH who="1" ten="250,240,250,250" step="2"/><V69/><F32/><W123/><G123/><T92/><REACH who="0" step="1"/><D23/><REACH who="0" ten="240,240,250,250" step="2"/><U102/><E102/><V126/><F33/><W74/><G74/><AGARI ba="0,2" hai="3,4,8,20,25,30,42,43,74,76,82,91,94,97" machi="74" ten="30,2000,0" yaku="1,1,7,1,53,0" doraHai="111" doraHaiUra="12" who="1" fromWho="3" sc="240,0,240,40,250,0,250,-20" /><INIT seed="1,0,0,3,3,70" ten="240,280,250,230" oya="1" hai0="104,34,19,56,79,1,35,81,58,16,121,20,31" hai1="98,27,51,68,52,0,127,9,91,39,116,119,84" hai2="131,133,69,92,114,120,76,64,3,110,18,78,33" hai3="99,132,109,65,67,125,17,61,44,10,47,62,113"/><U13/><E39/><V135/><F120/><W77/><G113/><T111/><D111/><U126/><E68/><V38/><F110/><W30/><G109/><T71/><D71/><U29/><E0/><V60/><F3/><W2/><G2/><T66/><D121/><U117/><E98/><V80/><F114/><W6/><G6/><T63/><D104/><U4/><E84/><V95/><F33/><W128/><G30/><T129/><D1/><U36/><E91/><V75/><F131/><W90/><G77/><T123/><D129/><U59/><REACH who="1" step="1"/><E36/><REACH who="1" ten="240,270,250,230" step="2"/><V46/><F76/><W41/><G90/><T112/><D112/><U45/><E45/><V100/><F46/><W23/><G99/><T15/><D123/><U49/><E49/><V122/><F38/><W94/><G44/><T108/><D108/><U32/><AGARI ba="0,1" hai="4,9,13,27,29,32,51,52,59,116,117,119,126,127" machi="32" ten="40,7800,0" yaku="1,1,0,1,54,1,53,0" doraHai="70" doraHaiUra="72" who="1" fromWho="1" sc="240,-26,270,88,250,-26,230,-26" /><INIT seed="1,1,0,1,0,96" ten="214,358,224,204" oya="1" hai0="44,11,6,40,73,127,115,38,79,57,35,103,117" hai1="34,106,1,90,135,9,69,58,0,78,76,81,107" hai2="68,46,91,55,20,64,15,92,74,12,128,59,114" hai3="118,51,75,65,2,71,102,45,42,4,105,101,30"/><U95/><E69/><V133/><F74/><W23/><G75/><T134/><D115/><U84/><E34/><V39/><F114/><W108/><G105/><T13/><D117/><U47/><E135/><V120/><F120/><W111/><G118/><T7/><D134/><U130/><E130/><V19/><F128/><W121/><G121/><T85/><D127/><U109/><E76/><V26/><F64/><W93/><G93/><T70/><D35/><U5/><E1/><V50/><F68/><W25/><G2/><T119/><D70/><U8/><E8/><V98/><REACH who="2" step="1"/><F133/><REACH who="2" ten="214,358,214,204" step="2"/><W29/><G65/><T99/><D73/><U94/><E109/><N who="3" m="42058" /><G71/><T61/><D119/><U14/><E0/><V112/><F112/><W21/><G4/><T89/><D7/><U80/><E5/><V67/><F67/><W60/><G60/><T62/><D57/><U83/><E58/><V49/><F49/><W48/><G48/><T17/><D6/><U125/><E47/><V123/><F123/><W104/><G104/><T113/><D113/><U53/><E125/><V10/><F10/><W3/><G3/><T27/><D62/><U132/><E132/><V24/><F24/><AGARI ba="1,1" hai="21,23,24,25,29,30,42,45,51,101,102" m="42058" machi="24" ten="30,3900,0" yaku="14,1,52,2" doraHai="96" who="3" fromWho="2" sc="214,0,358,0,214,-42,204,52" /><INIT seed="2,0,0,5,4,63" ten="214,358,172,256" oya="2" hai0="11,119,125,89,109,106,10,127,64,131,70,126,101" hai1="71,25,122,121,41,78,73,135,107,47,75,90,74" hai2="9,56,108,66,115,81,5,12,20,92,113,69,45" hai3="87,100,58,16,79,27,2,30,86,57,118,85,76"/><V94/><F69/><W133/><G2/><T19/><D119/><U33/><E135/><V44/><F108/><W39/><G39/><T18/><D109/><U22/><E33/><V40/><F113/><W52/><G118/><T13/><D131/><U34/><E90/><V38/><F115/><W128/><G30/><T35/><D35/><U123/><E22/><V0/><F45/><W93/><G128/><T26/><D106/><U7/><E7/><V77/><F0/><W36/><G36/><T49/><D101/><U65/><E107/><V130/><F20/><N who="3" m="13703" /><G57/><T134/><D134/><U111/><E111/><V8/><F8/><W112/><G112/><T102/><D102/><U88/><E78/><V62/><REACH who="2" step="1"/><F130/><REACH who="2" ten="214,358,162,256" step="2"/><W4/><G133/><T82/><D11/><U129/><E129/><V50/><F50/><N who="3" m="30999" /><G4/><T61/><D49/><U96/><E71/><V117/><F117/><W80/><G80/><T28/><D82/><U51/><E121/><V91/><F91/><W1/><G1/><T31/><D89/><U116/><E116/><V42/><F42/><W29/><G29/><T21/><AGARI ba="0,1" hai="10,13,18,19,21,26,28,31,61,64,70,125,126,127" machi="21" ten="40,5200,0" yaku="0,1,18,1,52,1" doraHai="63" who="0" fromWho="0" sc="214,62,358,-13,162,-26,256,-13" /><INIT seed="3,0,0,2,1,1" ten="276,345,136,243" oya="3" hai0="133,36,121,31,39,49,114,105,99,82,24,66,94" hai1="67,128,6,77,68,51,72,5,3,111,90,87,83" hai2="135,45,62,132,118,131,85,59,81,117,115,22,33" hai3="63,104,89,48,12,126,73,55,4,84,93,119,13"/><W125/><G119/><T124/><D105/><U41/><E3/><V34/><F115/><W130/><G63/><T103/><D121/><U109/><E128/><V122/><F131/><W112/><G130/><T78/><D114/><U9/><E9/><V44/><F122/><W123/><G123/><T98/><D124/><U14/><E14/><V27/><F22/><W71/><G71/><T20/><D133/><N who="2" m="51274" /><F59/><W37/><G37/><T10/><D66/><U15/><E15/><V120/><F62/><W29/><G29/><T101/><D49/><U19/><E19/><V110/><F120/><W64/><G64/><T42/><D42/><U32/><E32/><N who="2" m="12395" /><F27/><W74/><G112/><T129/><D129/><U65/><E68/><V26/><F26/><W38/><G126/><T106/><D10/><U61/><E65/><V23/><F23/><W18/><G125/><T58/><D58/><U102/><E61/><V25/><F25/><W88/><G38/><T43/><D43/><U7/><E67/><V53/><F110/><N who="1" m="41993" /><E51/><N who="2" m="28903" /><F45/><W134/><G134/><T2/><D2/><U40/><E102/><V100/><F100/><W70/><G70/><T113/><D113/><U8/><E8/><V21/><F21/><W80/><G104/><T46/><D46/><U127/><E127/><V108/><F108/><W97/><G48/><T96/><D39/><U50/><E50/><V54/><F54/><W57/><G55/><T76/><D36/><U69/><E69/><V0/><F0/><W17/><G57/><T75/><D103/><U11/><E11/><V107/><F107/><W52/><G52/><RYUUKYOKU ba="0,0" sc="276,-15,345,15,136,15,243,-15" hai1="5,6,7,40,41,72,77,83,87,90" hai2="81,85,117,118" /><INIT seed="4,1,0,4,5,52" ten="261,360,151,228" oya="0" hai0="91,9,123,93,125,34,98,17,12,36,113,100,103" hai1="5,116,8,7,115,114,19,22,39,135,90,48,42" hai2="51,66,18,33,65,59,92,95,53,107,25,45,109" hai3="121,88,83,76,73,74,27,134,28,126,84,16,26"/><T105/><D36/><U10/><E39/><V110/><F107/><W68/><G68/><T2/><D123/><U46/><E116/><V13/><F33/><W60/><G134/><T62/><D34/><U77/><E135/><V99/><F25/><W15/><G126/><T24/><D125/><U67/><E77/><V55/><F110/><W127/><G127/><T11/><D113/><N who="1" m="43019" /><E90/><V75/><F75/><W86/><G121/><T47/><D47/><U1/><E67/><V97/><F109/><W81/><G27/><T64/><D24/><N who="1" m="14431" /><E1/><V85/><F85/><W50/><G50/><T102/><D9/><AGARI ba="1,0" hai="5,7,8,9,10,42,46,48" m="14431,43019" machi="9" ten="30,2000,0" yaku="15,1,11,1" doraHai="52" who="1" fromWho="0" sc="261,-23,360,23,151,0,228,0" /><INIT seed="5,0,0,4,1,54" ten="238,383,151,228" oya="1" hai0="119,49,63,80,110,10,75,124,81,29,106,61,7" hai1="127,46,90,130,62,53,99,101,83,17,94,79,76" hai2="11,86,117,77,126,21,3,30,118,85,87,2,116" hai3="93,26,18,24,50,84,0,121,16,42,20,35,109"/><U31/><E31/><V97/><F126/><W134/><G109/><T108/><D106/><U48/><E127/><V132/><F132/><W98/><G121/><T103/><D124/><U71/><E130/><V38/><F38/><W32/><G0/><T68/><D119/><U92/><E83/><V74/><F97/><W104/><G104/><T111/><D103/><U57/><E71/><V122/><F122/><W13/><G134/><T15/><D29/><U41/><REACH who="1" step="1"/><E17/><REACH who="1" ten="238,373,151,228" step="2"/><V123/><F123/><W52/><G35/><T59/><D68/><U125/><E125/><V55/><F74/><W133/><G32/><T88/><D80/><U65/><E65/><V73/><F73/><W105/><G133/><T6/><D6/><U44/><E44/><V56/><F77/><W128/><G128/><T36/><D75/><U120/><E120/><V129/><F129/><W5/><G5/><T60/><D81/><U45/><E45/><V113/><F113/><W100/><G42/><T19/><D7/><U47/><E47/><V91/><F116/><W58/><G18/><T131/><D131/><U78/><E78/><V70/><F70/><W66/><G66/><T112/><D112/><U43/><E43/><V72/><F72/><W34/><G34/><T69/><D69/><U40/><E40/><V23/><F30/><W95/><G105/><T39/><D19/><U82/><E82/><N who="2" m="49591" /><F117/><W1/><G1/><T8/><D108/><U107/><E107/><V28/><F118/><W12/><G12/><T27/><D111/><U115/><E115/><V14/><F2/><W102/><G16/><RYUUKYOKU ba="0,1" sc="238,-10,373,30,151,-10,228,-10" hai1="41,46,48,53,57,62,76,79,90,92,94,99,101" /><INIT seed="5,1,1,5,1,40" ten="228,403,141,218" oya="1" hai0="64,99,104,77,52,36,21,13,32,116,80,95,8" hai1="26,79,134,131,84,113,44,35,128,4,122,98,41" hai2="38,93,7,22,17,9,50,23,66,28,129,82,132" hai3="2,112,123,61,53,135,125,97,78,60,19,121,94"/><U6/><E122/><V34/><F38/><W5/><G78/><T117/><D32/><U51/><E113/><V103/><F132/><W130/><G5/><T100/><D36/><U29/><E134/><V3/><F129/><N who="1" m="49737" /><E98/><V63/><F63/><W119/><G2/><T106/><D64/><U25/><E26/><N who="2" m="18711" /><F66/><W126/><G19/><T102/><D21/><U105/><E105/><V85/><F23/><W76/><G76/><T86/><D104/><U55/><E41/><V89/><F50/><W14/><G14/><T45/><D102/><U75/><E75/><V120/><F103/><W57/><G135/><T37/><D106/><U81/><AGARI ba="1,1" hai="4,6,25,29,35,44,51,55,79,81,84" m="49737" machi="81" ten="30,3000,0" yaku="19,1,52,1" doraHai="40" who="1" fromWho="1" sc="228,-11,403,43,141,-11,218,-11" /><INIT seed="5,2,0,5,1,4" ten="217,446,130,207" oya="1" hai0="34,16,111,69,73,44,130,47,121,58,109,30,82" hai1="92,127,101,25,105,104,63,23,6,64,1,57,54" hai2="102,122,98,40,32,20,29,97,48,107,22,108,33" hai3="12,83,9,52,35,106,43,2,8,99,38,100,113"/><U132/><E127/><V87/><F108/><W3/><G35/><T114/><D69/><U19/><E132/><V75/><F75/><W71/><G71/><T95/><D121/><U5/><E104/><V112/><F122/><W88/><G113/><T55/><D114/><U80/><E105/><V124/><F124/><W42/><G38/><T41/><D130/><U103/><E80/><V26/><F112/><W62/><G2/><T21/><D30/><U115/><E115/><V65/><F97/><W117/><G117/><T50/><D34/><U85/><E101/><V11/><F11/><W59/><G3/><T86/><D95/><U94/><E94/><V70/><F33/><W45/><G45/><T96/><D47/><U118/><E118/><V133/><F133/><W78/><G8/><T134/><D96/><U119/><E119/><V39/><F39/><W37/><G37/><T89/><D73/><U123/><E123/><V76/><F48/><W74/><G88/><T90/><D90/><U91/><E1/><V116/><F40/><W79/><G78/><T120/><D120/><U24/><E103/><V10/><F116/><W36/><G36/><T13/><REACH who="0" step="1"/><D134/><REACH who="0" ten="207,446,130,207" step="2"/><U53/><E91/><V46/><F46/><W60/><G60/><AGARI ba="2,1" hai="13,16,21,41,44,50,55,58,60,82,86,89,109,111" machi="60" ten="30,8000,1" yaku="1,1,2,1,7,1,54,1,53,1" doraHai="4" doraHaiUra="17" who="0" fromWho="3" sc="207,96,446,0,130,0,207,-86" /><INIT seed="6,0,0,5,4,10" ten="303,446,130,121" oya="2" hai0="59,69,132,97,53,68,114,91,38,33,71,1,70" hai1="129,98,27,36,32,92,81,40,108,41,34,67,15" hai2="63,48,75,93,78,52,45,119,26,25,115,85,127" hai3="104,24,58,56,51,17,57,47,131,122,4,13,101"/><V133/><F119/><W43/><G122/><T107/><D33/><U44/><E108/><V99/><F75/><W14/><G131/><T116/><D1/><U9/><E41/><V7/><F115/><W12/><G104/><T37/><D114/><U109/><E109/><V64/><F133/><W79/><G101/><T23/><D116/><U111/><E111/><V66/><F127/><W125/><G125/><T21/><D132/><U82/><E67/><N who="2" m="25643" /><F7/><W95/><G79/><T112/><D112/><U65/><E65/><V73/><F73/><W54/><G95/><T18/><D23/><U72/><E129/><V30/><F30/><W117/><G117/><T0/><D0/><U8/><E8/><V86/><F63/><N who="3" m="36247" /><G4/><T100/><D91/><U113/><E113/><V135/><F135/><W2/><G2/><T105/><D105/><U103/><E72/><V31/><F31/><W22/><AGARI ba="0,0" hai="12,13,14,17,22,24,43,47,51,57,58" m="36247" machi="22" ten="30,7900,0" yaku="8,1,52,3" doraHai="10" who="3" fromWho="3" sc="303,-20,446,-20,130,-39,121,79" /><INIT seed="7,0,0,1,4,22" ten="283,426,91,200" oya="3" hai0="37,84,88,6,89,14,125,134,57,118,0,20,119" hai1="128,116,82,38,7,93,62,72,70,99,5,73,100" hai2="28,78,10,48,52,76,106,18,12,98,132,117,1" hai3="130,67,110,121,47,21,49,50,35,92,66,43,126"/><W133/><G35/><T109/><D37/><U108/><E108/><V102/><F132/><W36/><G121/><T15/><D109/><U104/><E38/><V45/><F117/><W91/><G110/><T75/><D75/><U77/><E70/><V23/><F1/><W124/><G133/><T90/><D134/><U30/><E62/><V65/><REACH who="2" step="1"/><F65/><REACH who="2" ten="283,426,81,200" step="2"/><W69/><G67/><T123/><D119/><U74/><E116/><V54/><F54/><W42/><G66/><T8/><D118/><U25/><E128/><V60/><F60/><W131/><G43/><T87/><D123/><U31/><E31/><V63/><F63/><W33/><G69/><T107/><D125/><N who="3" m="48233" /><G33/><T112/><D112/><U4/><E104/><V13/><F13/><W114/><G114/><T59/><D107/><U120/><E120/><V39/><F39/><W11/><G36/><T96/><D96/><U40/><E40/><V135/><F135/><W51/><G49/><T111/><D111/><U61/><E61/><V16/><F16/><W29/><G50/><T97/><D97/><U129/><E129/><V44/><F44/><W80/><G131/><T32/><D32/><U24/><E30/><V103/><F103/><W27/><G130/><T83/><D89/><U94/><E94/><V53/><F53/><W3/><G3/><T2/><D2/><U26/><AGARI ba="0,1" hai="4,5,7,24,25,26,72,73,74,77,82,93,99,100" machi="26" ten="30,7900,0" yaku="0,1,52,3" doraHai="22" who="1" fromWho="1" sc="283,-20,426,89,81,-20,200,-39" owari="263,6.0,515,62.0,61,-44.0,161,-24.0" /></mjloggm>