<mjloggm ver="2.3"><GO type="41" lobby="0"/><UN n0="%74%6F%72%69%30%36%31%32" n1="%E3%83%88%E3%83%8B%E3%83%BC%E2%98%86%E5%BD%A1" n2="%E6%9C%B1%E9%B7%BA%E6%88%B8%E3%81%97%E3%82%93%E3%82%84" n3="%E5%B0%B1%E6%B4%BB%E7%94%9F%40%E5%B7%9D%E6%9D%91%E8%BB%8D%E5%9B%A3" dan="16,14,14,15" rate="2035.62,1915.09,1850.42,2010.83" sx="M,M,M,M"/><TAIKYOKU oya="0"/><INIT seed="0,0,0,5,1,2" ten="250,250,250,250" oya="0" hai0="14,61,1,122,35,38,99,42,117,114,68,98,72" hai1="129,50,16,130,0,25,62,107,82,90,131,100,64" hai2="59,84,74,23,125,119,95,116,94,5,92,93,81" hai3="63,124,112,55,21,71,70,103,8,17,78,127,135"/><T66/><D117/><N who="2" m="45130" /><F5/><W77/><G112/><T80/><D122/><U65/><E0/><V7/><F7/><W39/><G39/><T79/><D114/><U24/><E107/><V133/><F23/><W12/><G103/><T27/><D14/><U56/><E100/><V36/><F59/><N who="3" m="35327" /><G135/><T108/><D108/><U32/><E50/><V51/><F51/><W87/><G87/><T88/><D88/><U123/><E123/><V37/><F133/><W69/><G21/><T6/><D27/><U118/><E118/><V26/><F26/><W86/><G86/><T85/><D85/><N who="1" m="50487" /><E32/><V132/><F132/><W22/><G22/><T75/><D75/><U106/><E106/><V28/><F28/><W49/><G49/><T97/><D35/><U41/><E41/><V115/><F115/><W60/><G60/><T57/><D68/><U46/><E46/><V20/><F20/><W34/><G34/><T10/><D99/><U54/><E16/><V30/><F30/><W52/><G52/><T89/><D89/><U33/><E33/><V48/><F125/><AGARI ba="0,0" hai="8,12,17,69,70,71,77,78,124,125,127" m="35327" machi="125" ten="40,1300,0" yaku="18,1" doraHai="2" who="3" fromWho="2" sc="250,0,250,0,250,-13,250,13" /><INIT seed="1,0,0,0,2,123" ten="250,250,237,263" oya="1" hai0="119,80,85,75,16,55,62,68,112,69,93,128,86" hai1="134,118,74,57,33,47,14,129,35,90,87,4,104" hai2="113,92,20,79,59,102,51,78,84,81,70,10,26" hai3="66,61,98,40,127,36,13,130,22,99,53,1,23"/><U91/><E118/><V38/><F70/><W50/><G1/><T125/><D119/><U103/><E74/><V65/><F38/><W39/><G127/><T17/><D75/><U100/><E129/><V117/><F117/><W46/><G130/><T45/><D128/><U94/><E104/><V18/><F113/><W77/><G77/><T9/><D112/><U0/><E0/><V95/><F10/><W27/><G13/><N who="0" m="7215" /><D62/><U135/><E47/><V56/><F79/><W116/><G116/><T101/><D85/><U106/><E57/><V7/><F7/><W72/><G72/><T88/><D17/><U63/><E63/><N who="2" m="38119" /><F102/><N who="1" m="38953" /><E91/><V3/><F3/><W89/><G89/><T124/><D93/><U120/><E106/><V115/><F115/><W54/><G39/><T11/><D11/><N who="1" m="4455" /><E120/><V76/><F76/><W43/><G43/><T110/><D101/><U121/><E121/><V96/><F96/><W21/><G27/><T111/><D68/><U131/><E131/><V25/><F25/><W8/><G8/><T12/><D12/><U67/><E67/><V97/><F97/><W2/><G2/><T5/><D69/><U58/><E58/><V132/><F132/><AGARI ba="0,0" hai="33,35,87,90,94,132,134,135" m="4455,38953" machi="132" ten="30,1500,0" yaku="20,1" doraHai="123" who="1" fromWho="2" sc="250,0,250,15,237,-15,263,0" /><INIT seed="1,1,0,3,1,12" ten="250,265,222,263" oya="1" hai0="98,62,110,74,52,120,50,42,129,64,24,27,19" hai1="70,55,115,127,68,57,65,13,128,2,40,28,77" hai2="16,125,100,113,26,3,56,96,72,32,79,131,36" hai3="25,107,49,46,22,118,108,69,43,73,54,7,66"/><U122/><E2/><V75/><F3/><W82/><G118/><T104/><D74/><U102/><E115/><V38/><F113/><W83/><G107/><T112/><D112/><U133/><E122/><V117/><F117/><W124/><G124/><T58/><D129/><U53/><E128/><V130/><F131/><W15/><G108/><T106/><D110/><U134/><E77/><V91/><F130/><W132/><G132/><N who="1" m="50794" /><E102/><V44/><F56/><W109/><G109/><T114/><D114/><U4/><E28/><V14/><F91/><W121/><G73/><T135/><D42/><U126/><E40/><V101/><F79/><W18/><G121/><T63/><D135/><U51/><E4/><V76/><F76/><W6/><G54/><N who="1" m="20490" /><E13/><V9/><F14/><W59/><G69/><N who="1" m="26730" /><E51/><V0/><F101/><W60/><G7/><T29/><D120/><U99/><E99/><V33/><F100/><W39/><G39/><T61/><D98/><U87/><E87/><V85/><F85/><W81/><G81/><T92/><D106/><U67/><E57/><V48/><F75/><W41/><G41/><T21/><D92/><U78/><E78/><V103/><F72/><W119/><G119/><T86/><D104/><U10/><E10/><AGARI ba="1,0" hai="6,10,15,18,22,25,43,46,49,59,60,66,82,83" machi="10" ten="40,2600,0" yaku="8,1,52,1" doraHai="12" who="3" fromWho="1" sc="250,0,265,-29,222,0,263,29" /><INIT seed="2,0,0,5,1,34" ten="250,236,222,292" oya="2" hai0="35,99,27,102,10,96,118,98,130,76,65,5,85" hai1="46,73,24,74,30,49,26,126,125,32,37,19,45" hai2="71,59,21,80,44,105,43,78,47,25,11,0,4" hai3="112,132,93,18,92,14,6,40,103,95,122,72,23"/><V88/><F71/><W39/><G72/><T113/><D113/><U12/><E37/><V117/><F117/><W83/><G122/><T31/><D130/><U3/><E26/><V108/><F108/><W56/><G112/><T115/><D115/><U75/><E46/><V36/><F47/><W97/><G132/><T70/><D118/><U51/><E51/><V15/><F105/><W107/><G39/><T120/><D120/><U48/><E48/><V90/><F15/><W134/><G40/><T133/><D85/><U109/><E109/><V91/><F59/><W58/><G134/><T64/><D76/><U100/><E100/><V121/><F91/><W110/><G110/><T79/><D79/><U94/><E94/><V41/><F41/><W16/><G6/><T33/><D33/><U81/><E81/><V28/><REACH who="2" step="1"/><F121/><REACH who="2" ten="250,236,212,292" step="2"/><W68/><G68/><T7/><D133/><U17/><E12/><V66/><F66/><W111/><G111/><T13/><D65/><U1/><E45/><V131/><F131/><W54/><G54/><T128/><D128/><U53/><E53/><V114/><F114/><W87/><G56/><T9/><D64/><U60/><E60/><V69/><F69/><W29/><G58/><T61/><D70/><U89/><E89/><V124/><F124/><N who="1" m="47721" /><E49/><V86/><AGARI ba="0,1" hai="0,4,11,21,25,28,36,43,44,78,80,86,88,90" machi="86" ten="20,18000,2" yaku="1,1,0,1,7,1,52,1,54,1,53,1" doraHai="34" doraHaiUra="22" who="2" fromWho="2" sc="250,-60,236,-60,212,190,292,-60" /><INIT seed="2,1,0,0,2,6" ten="190,176,402,232" oya="2" hai0="34,2,17,82,23,44,72,48,58,3,69,31,61" hai1="109,42,25,76,131,45,96,93,85,37,113,107,126" hai2="7,35,36,86,80,54,49,129,16,133,9,66,111" hai3="41,84,19,62,105,53,90,68,116,108,56,43,97"/><V103/><F36/><W0/><G116/><T135/><D69/><U87/><E113/><V13/><F35/><W52/><G108/><T10/><D135/><U15/><E109/><V63/><F129/><W130/><G130/><T91/><D31/><U98/><E131/><V46/><F111/><W106/><G68/><T117/><D34/><U119/><E119/><V102/><F7/><W51/><G0/><T60/><D60/><U59/><E126/><V73/><F73/><W99/><G105/><T88/><D10/><U39/><E39/><V122/><F122/><W70/><G19/><T33/><D33/><U22/><E107/><V78/><F133/><W71/><G71/><AGARI ba="1,0" hai="9,13,16,46,49,54,63,66,71,78,80,86,102,103" machi="71" ten="30,5800,0" yaku="7,1,52,1,54,1" doraHai="6" who="2" fromWho="3" sc="190,0,176,0,402,61,232,-61" /><INIT seed="2,2,0,3,3,47" ten="190,176,463,171" oya="2" hai0="62,105,53,103,119,78,17,8,92,98,130,85,133" hai1="100,20,99,26,110,11,31,34,95,50,121,74,60" hai2="2,12,0,40,123,48,102,37,71,38,41,66,113" hai3="80,69,9,114,111,86,6,7,3,107,72,59,87"/><V64/><F12/><W36/><G69/><T30/><D130/><U126/><E110/><V45/><F102/><W46/><G107/><T68/><D133/><U1/><E126/><V13/><F13/><W134/><G111/><T21/><D8/><U51/><E74/><V54/><F2/><W39/><G7/><T81/><D30/><U135/><E135/><V91/><F91/><W122/><G122/><T33/><D33/><U127/><E127/><V28/><F28/><W35/><G35/><T83/><D119/><U88/><E121/><V73/><F73/><W97/><G114/><T120/><D120/><U75/><E75/><V82/><F82/><W76/><G134/><T25/><D83/><U125/><E125/><V101/><F101/><W18/><G18/><T44/><D68/><U63/><E100/><V29/><F29/><W104/><G104/><T16/><D17/><U108/><E108/><V94/><F94/><W93/><G59/><T27/><D27/><U14/><E34/><V118/><F0/><W117/><G36/><N who="2" m="13929" /><F71/><W129/><G129/><T15/><D15/><U61/><E1/><V132/><F132/><W128/><G128/><T70/><D70/><U55/><E55/><N who="2" m="30095" /><F66/><W49/><G117/><T10/><D10/><U115/><E115/><V112/><F112/><W116/><G116/><T96/><D105/><U90/><E90/><V32/><F32/><W23/><G23/><T56/><D98/><U57/><E57/><V52/><F64/><W24/><G24/><T84/><D84/><U124/><E124/><V58/><F58/><W65/><G87/><RYUUKYOKU ba="2,0" sc="190,15,176,15,463,-15,171,-15" hai0="16,21,25,44,53,56,62,78,81,85,92,96,103" hai1="11,14,20,26,31,50,51,60,61,63,88,95,99" /><INIT seed="3,3,0,3,5,17" ten="205,191,448,156" oya="3" hai0="57,134,16,11,107,14,109,32,86,62,98,28,59" hai1="81,110,52,21,108,15,80,94,29,60,20,27,126" hai2="6,120,89,45,117,0,70,2,41,113,46,63,133" hai3="78,123,4,56,33,54,129,40,18,115,135,122,53"/><W34/><G4/><T93/><D134/><U58/><E126/><V3/><F117/><W102/><G102/><T65/><D109/><N who="1" m="42091" /><E94/><V96/><F6/><W101/><G101/><T121/><D121/><U64/><E64/><V119/><F119/><W51/><G115/><T71/><D86/><U24/><E15/><V79/><F79/><W8/><G40/><T31/><D107/><U132/><E132/><V66/><F113/><W97/><G97/><T103/><D32/><U75/><E75/><V19/><F19/><AGARI ba="3,0" hai="19,20,21,24,27,29,52,58,60,80,81" m="42091" machi="19" ten="30,7700,0" yaku="14,1,52,2,54,1" doraHai="17" who="1" fromWho="2" sc="205,0,191,86,448,-86,156,0" /><INIT seed="4,0,0,2,1,114" ten="205,277,362,156" oya="0" hai0="6,15,19,112,35,131,41,111,105,97,89,85,83" hai1="10,123,59,48,100,54,38,31,32,71,128,17,90" hai2="43,8,92,104,60,95,93,74,120,12,84,18,49" hai3="36,124,1,135,107,81,66,61,9,20,42,68,106"/><T21/><D131/><U94/><E123/><V88/><F74/><W102/><G135/><T98/><D112/><U28/><E38/><V11/><F104/><W70/><G124/><T56/><D35/><U75/><E75/><V116/><F116/><W65/><G20/><T132/><D132/><U130/><E71/><V27/><F120/><W101/><G81/><T99/><D111/><U80/><E32/><V52/><F27/><W118/><G118/><T82/><D41/><U67/><E67/><V117/><F117/><W126/><G126/><T127/><D127/><U119/><E100/><V37/><F37/><W0/><G36/><T25/><D56/><U4/><E80/><N who="2" m="49159" /><F60/><W55/><G42/><T30/><D6/><U34/><E17/><V76/><F76/><W51/><G9/><N who="0" m="6639" /><D105/><U16/><E119/><V72/><F72/><W115/><G115/><T39/><D39/><U103/><E103/><V121/><F43/><W109/><G109/><T125/><D125/><U22/><E34/><V46/><F121/><W78/><G78/><T53/><D53/><U79/><E79/><V40/><F40/><W14/><G55/><T23/><D23/><AGARI ba="0,0" hai="8,11,12,18,23,46,49,52,92,93,95" m="49159" machi="23" ten="30,3900,0" yaku="8,1,54,2" doraHai="114" who="2" fromWho="0" sc="205,-39,277,0,362,39,156,0" /><INIT seed="5,0,0,1,0,34" ten="166,277,401,156" oya="1" hai0="124,29,116,19,99,59,125,47,40,2,126,120,15" hai1="16,17,32,61,91,66,102,85,106,79,111,132,97" hai2="25,52,83,51,135,112,88,72,8,80,96,11,4" hai3="100,98,26,50,48,5,130,54,56,101,45,118,30"/><U27/><E132/><V95/><F72/><W22/><G130/><T23/><D116/><U60/><E60/><V108/><F108/><W134/><G134/><T10/><D120/><U128/><E128/><V35/><F112/><W75/><G75/><T68/><D68/><N who="1" m="42063" /><E79/><V58/><F35/><W122/><G122/><T6/><D59/><U73/><E73/><V105/><F105/><W14/><G118/><T36/><D99/><U39/><E39/><V121/><F121/><W7/><G14/><T76/><D76/><U133/><E133/><V65/><F25/><W20/><G20/><T107/><D107/><U103/><E103/><V63/><F11/><W28/><G28/><AGARI ba="0,0" hai="2,6,10,15,19,23,28,29,36,40,47,124,125,126" machi="28" ten="40,2600,0" yaku="18,1,52,1" doraHai="34" who="0" fromWho="3" sc="166,26,277,0,401,0,156,-26" /><INIT seed="6,0,0,4,4,111" ten="192,277,401,130" oya="2" hai0="32,129,45,31,113,115,16,96,87,121,47,102,29" hai1="93,39,104,105,72,26,66,89,109,53,128,30,23" hai2="24,18,83,68,20,74,64,60,114,91,88,44,50" hai3="99,78,56,33,35,86,84,4,59,13,43,48,19"/><V108/><F108/><W117/><G117/><T9/><D121/><U36/><E109/><V14/><F74/><W135/><G135/><T52/><D129/><U57/><E72/><V46/><F83/><W40/><G35/><T7/><D16/><U133/><E128/><V5/><F46/><W21/><G33/><T80/><D31/><U61/><E133/><V73/><F73/><W75/><G75/><T27/><D52/><U79/><E79/><V63/><F63/><W2/><G2/><T122/><D122/><U49/><E39/><V69/><F69/><W97/><G4/><T67/><D67/><U65/><E36/><V92/><F91/><W22/><G19/><T107/><D47/><U25/><E25/><V8/><F44/><W118/><G118/><T41/><D9/><U0/><E0/><V51/><F51/><W119/><G119/><T100/><D7/><U101/><E66/><V55/><F64/><W12/><REACH who="3" step="1"/><G78/><REACH who="3" ten="192,277,401,120" step="2"/><T77/><REACH who="0" step="1"/><D102/><REACH who="0" ten="182,277,401,120" step="2"/><U82/><E101/><V15/><F18/><W42/><G42/><T123/><D123/><U106/><E30/><V116/><F5/><W34/><G34/><T58/><D58/><U3/><E57/><V112/><F116/><W70/><G70/><T124/><D124/><U38/><E3/><V62/><F68/><W17/><G17/><T110/><D110/><U94/><E23/><V120/><F20/><W76/><G76/><T103/><D103/><U131/><E131/><V71/><F120/><W125/><G125/><T6/><D6/><U28/><E28/><V1/><F71/><W98/><G98/><RYUUKYOKU ba="0,2" sc="182,15,277,-15,401,-15,120,15" hai0="27,29,32,41,45,77,80,87,96,100,107,113,115" hai3="12,13,21,22,40,43,48,56,59,84,86,97,99" /><INIT seed="7,1,2,1,4,74" ten="197,262,386,135" oya="3" hai0="66,126,20,86,69,90,15,89,75,77,58,123,52" hai1="130,17,59,109,114,113,9,6,21,106,133,125,94" hai2="87,92,44,65,26,33,25,32,10,41,132,39,29" hai3="19,54,81,80,97,119,3,5,42,108,60,4,16"/><W124/><G119/><T128/><D75/><U82/><E106/><V105/><F105/><W27/><G124/><T71/><D123/><U11/><E94/><V110/><F110/><W18/><G108/><T30/><D66/><U7/><E109/><V46/><F65/><W121/><G121/><T36/><D36/><U34/><E59/><V40/><F10/><N who="1" m="3593" /><E82/><N who="3" m="31850" /><G3/><T22/><D128/><U107/><E107/><V14/><F14/><W98/><G42/><T122/><D122/><U100/><E100/><V135/><F39/><W2/><G2/><T61/><D126/><U24/><E125/><V53/><F29/><W12/><G27/><N who="0" m="16743" /><D71/><U72/><E72/><V96/><F41/><W99/><G12/><T68/><D68/><U63/><E63/><V43/><F40/><W112/><G112/><N who="1" m="43114" /><E34/><V104/><F33/><W129/><G129/><T0/><D0/><U116/><E130/><V62/><F32/><W88/><G88/><N who="0" m="33899" /><D69/><U84/><E84/><V48/><F87/><W38/><G38/><T67/><D67/><U50/><E50/><V13/><F48/><W85/><G85/><T79/><D86/><U35/><E35/><V131/><F131/><W76/><G76/><T73/><D73/><U118/><E133/><V64/><F132/><W102/><G102/><T91/><D91/><U78/><E78/><V111/><F135/><W51/><G60/><T47/><D79/><U70/><E70/><V56/><F62/><W49/><G54/><T117/><D77/><U120/><E120/><V23/><F53/><W55/><G55/><T83/><D52/><U95/><E95/><RYUUKYOKU ba="1,2" sc="197,-15,262,15,386,-15,135,15" hai1="6,7,17,21,24,116,118" hai3="4,5,16,18,19,49,51,97,98,99" /><INIT seed="7,2,2,5,5,85" ten="182,277,371,150" oya="3" hai0="125,22,27,25,42,133,98,63,100,74,30,72,110" hai1="16,64,129,60,86,31,103,101,77,93,65,57,70" hai2="124,45,1,5,80,130,3,116,58,12,11,128,4" hai3="90,7,43,94,47,56,107,84,28,62,81,92,68"/><W89/><G68/><T83/><D110/><U29/><E129/><N who="2" m="49771" /><F116/><W87/><G107/><T6/><D125/><U2/><E2/><N who="2" m="523" /><F80/><N who="3" m="49287" /><G7/><T66/><D6/><U121/><E121/><V26/><F26/><W126/><G126/><T75/><D42/><U23/><E70/><V102/><F102/><W9/><G9/><T46/><D46/><U79/><E65/><V131/><F124/><W106/><G106/><T73/><D27/><U35/><E35/><V108/><F108/><W50/><G28/><T91/><D133/><U99/><E103/><V19/><F131/><W69/><G69/><T71/><D75/><U135/><E135/><V122/><F122/><W14/><G14/><T20/><D20/><U114/><E114/><V97/><F97/><W21/><G21/><T36/><D36/><U48/><E48/><V112/><F112/><W117/><G117/><T10/><D10/><U61/><E61/><V113/><F113/><W104/><G104/><T78/><D100/><U54/><E64/><AGARI ba="2,2" hai="43,47,50,56,62,64,81,87,90,92,94" m="49287" machi="64" ten="30,5800,0" yaku="8,1,52,2" doraHai="85" who="3" fromWho="1" sc="182,0,277,-64,371,0,150,84" /><INIT seed="7,3,0,1,1,17" ten="182,213,371,234" oya="3" hai0="41,64,16,10,132,67,43,11,108,78,33,107,106" hai1="89,125,54,94,93,73,1,113,75,6,71,46,57" hai2="52,25,60,117,40,23,122,116,32,130,96,36,50" hai3="18,61,120,74,77,28,124,82,86,66,20,111,53"/><W47/><G120/><T118/><D33/><U8/><E71/><V45/><F32/><W92/><G111/><T101/><D101/><U76/><E113/><V29/><F122/><W37/><G124/><T83/><D108/><U21/><E125/><V102/><F60/><W63/><G28/><T133/><D83/><U85/><E76/><V103/><F130/><W87/><G37/><T14/><D78/><U119/><E119/><V90/><F90/><W42/><G42/><N who="0" m="15883" /><D11/><U115/><E46/><V48/><F36/><W3/><G3/><T55/><D55/><U126/><E115/><V51/><F51/><N who="3" m="28927" /><G74/><T134/><D118/><U2/><E2/><V104/><F103/><W110/><G110/><T35/><D35/><U97/><E21/><V62/><F62/><N who="3" m="23563" /><G66/><AGARI ba="3,0" hai="10,14,16,64,66,67,106,107,132,133,134" m="15883" machi="66" ten="40,2600,0" yaku="20,1,54,1" doraHai="17" who="0" fromWho="3" sc="182,35,213,0,371,0,234,-35" owari="217,2.0,213,-19.0,371,47.0,199,-30.0" /></mjloggm>