<mjloggm ver="2.3"><GO type="97" lobby="0"/><UN n0="%E3%81%AF%E3%82%93%E3%81%A6%E3%81%A4" n1="%73%6F%61%79" n2="%4F%72%66%65%76%72%65" n3="%E3%83%88%E3%83%88%E3%83%AA%E5%85%88%E7%94%9F%31%39%E6%AD%B3" dan="13,15,13,13" rate="1926.17,1987.32,1875.26,2039.97" sx="M,M,M,F"/><TAIKYOKU oya="0"/><INIT seed="0,0,0,5,2,50" ten="250,250,250,250" oya="0" hai0="93,41,67,86,58,60,18,76,61,23,115,4,111" hai1="56,34,88,26,53,119,98,82,54,133,132,70,11" hai2="110,127,103,129,112,36,101,96,69,71,124,99,64" hai3="102,33,73,92,30,113,72,77,52,48,97,128,59"/><T22/><D115/><U14/><E119/><V44/><F112/><W6/><G113/><T19/><D111/><U105/><E70/><N who="2" m="26635" /><F110/><W106/><G128/><T81/><D4/><U35/><E105/><V12/><F12/><W65/><G65/><T75/><D41/><U31/><E35/><V16/><F64/><W24/><G77/><T125/><D61/><U25/><E25/><V32/><F32/><W131/><G131/><T83/><D93/><N who="1" m="56615" /><E82/><V80/><F80/><W126/><G126/><N who="2" m="48169" /><F129/><W91/><REACH who="3" step="1"/><G6/><REACH who="3" ten="250,250,250,240" step="2"/><T7/><D7/><N who="1" m="3455" /><E56/><V47/><F36/><W95/><G95/><T130/><D125/><U116/><E116/><V117/><F117/><W74/><G74/><T8/><D130/><U87/><E87/><AGARI ba="0,1" hai="24,30,33,48,52,59,72,73,87,91,92,97,102,106" machi="87" ten="30,7700,0" yaku="1,1,7,1,52,1,54,1,53,0" doraHai="50" doraHaiUra="62" who="3" fromWho="1" sc="250,0,250,-77,250,0,240,87" /><INIT seed="1,0,0,4,0,119" ten="250,173,250,327" oya="1" hai0="108,61,18,31,112,64,55,109,66,5,111,107,24" hai1="62,17,103,100,132,44,15,120,52,48,41,12,79" hai2="102,104,128,54,69,25,85,96,78,20,1,76,101" hai3="114,105,89,80,53,92,28,13,97,10,131,116,7"/><U133/><E120/><V57/><F1/><W46/><G114/><T118/><D112/><U45/><E79/><V106/><F69/><W40/><G116/><T117/><D107/><U4/><E4/><V16/><F128/><W77/><G131/><T71/><D66/><U29/><E29/><V43/><F43/><W11/><G105/><T56/><D18/><U93/><E62/><V58/><F58/><W9/><G53/><T14/><D14/><U39/><E12/><V70/><F70/><W19/><G28/><T8/><D8/><U59/><E44/><V27/><F25/><W81/><G7/><T94/><D94/><U82/><E82/><V21/><F21/><W65/><G65/><T74/><D5/><U35/><E35/><V37/><F37/><W51/><G80/><T99/><D99/><U98/><REACH who="1" step="1"/><E103/><REACH who="1" ten="250,163,250,327" step="2"/><V95/><F102/><W87/><AGARI ba="0,1" hai="9,10,11,13,19,40,46,51,77,81,87,89,92,97" machi="87" ten="20,2700,0" yaku="0,1,7,1,8,1" doraHai="119" who="3" fromWho="3" sc="250,-7,163,-13,250,-7,327,37" /><INIT seed="2,0,0,5,0,80" ten="243,150,243,364" oya="2" hai0="7,110,2,60,69,108,73,16,70,66,56,116,0" hai1="130,113,42,87,125,134,122,24,55,88,40,10,46" hai2="26,133,4,76,114,53,120,37,93,36,62,119,79" hai3="100,30,68,5,15,34,1,49,41,127,33,83,102"/><V99/><F120/><W72/><G68/><T31/><D73/><U106/><E113/><V94/><F114/><W126/><G1/><T118/><D31/><U38/><E125/><N who="3" m="47626" /><G30/><T112/><D112/><U86/><E122/><V57/><F119/><N who="0" m="45610" /><D7/><U23/><E134/><V90/><F133/><W82/><G82/><T52/><D70/><U103/><E130/><V54/><F4/><W84/><G72/><T48/><D16/><U135/><E135/><V32/><F26/><W11/><G49/><T95/><D95/><U47/><E55/><V115/><F32/><N who="3" m="12395" /><G41/><T39/><D39/><U13/><E106/><V101/><F115/><W77/><AGARI ba="0,0" hai="5,11,15,77,83,84,100,102" m="12395,47626" machi="77" ten="30,2000,0" yaku="18,1,52,1" doraHai="80" who="3" fromWho="3" sc="243,-5,150,-5,243,-10,364,20" /><INIT seed="3,0,0,2,1,20" ten="238,145,233,384" oya="3" hai0="95,23,111,68,103,117,59,113,63,125,86,118,83" hai1="82,99,53,109,55,66,81,78,79,32,97,133,9" hai2="16,65,2,69,132,131,114,75,85,89,61,6,0" hai3="135,128,126,5,73,76,4,43,35,120,31,112,104"/><W56/><G104/><T106/><D106/><U11/><E66/><V41/><F75/><W58/><G35/><T107/><D107/><U15/><E32/><V22/><F114/><W1/><G73/><T40/><D68/><U105/><E15/><V49/><F6/><W87/><G1/><T45/><D113/><U71/><E71/><V122/><F122/><W48/><G31/><T102/><D125/><U50/><E50/><V25/><F131/><W127/><G87/><T26/><D111/><U91/><E105/><V92/><REACH who="2" step="1"/><F132/><REACH who="2" ten="238,145,223,384" step="2"/><W18/><G5/><T38/><D118/><U21/><E133/><V51/><F51/><W134/><G48/><N who="0" m="26663" /><D117/><U14/><E14/><V57/><F57/><W37/><G56/><T28/><D38/><U90/><REACH who="1" step="1"/><E21/><REACH who="1" ten="238,135,223,384" step="2"/><V124/><F124/><W19/><G134/><T119/><D119/><U42/><E42/><V33/><F33/><W130/><G4/><T13/><D13/><U93/><E93/><V27/><F27/><W80/><G43/><T84/><D95/><U29/><E29/><V24/><F24/><W115/><G135/><T39/><D39/><U47/><E47/><AGARI ba="0,2" hai="0,2,16,22,25,41,47,49,61,65,69,85,89,92" machi="47" ten="40,5200,0" yaku="1,1,52,1,54,1,53,0" doraHai="20" doraHaiUra="52" who="2" fromWho="1" sc="238,0,135,-52,223,72,384,0" owari="238,-16.0,83,-42.0,295,10.0,384,48.0" /></mjloggm>