<mjloggm ver="2.3"><GO type="41" lobby="0"/><UN n0="%49%73%65%6E" n1="%34%31%36%30" n2="%50%E5%8A%A9" n3="%E5%B0%B1%E6%B4%BB%E7%94%9F%40%E5%B7%9D%E6%9D%91%E8%BB%8D%E5%9B%A3" dan="14,13,14,17" rate="1958.69,1850.50,1823.00,2154.08" sx="M,M,M,M"/><TAIKYOKU oya="0"/><INIT seed="0,0,0,3,0,75" ten="250,250,250,250" oya="0" hai0="26,87,118,124,68,32,15,50,80,74,40,27,99" hai1="120,128,31,10,38,100,22,95,41,33,48,65,55" hai2="88,14,133,105,85,123,18,28,12,45,36,81,61" hai3="47,19,84,90,7,93,82,72,52,54,59,53,121"/><T86/><D118/><U119/><E119/><V134/><F123/><W17/><G121/><T83/><D68/><U135/><E120/><V13/><F105/><W115/><G115/><T110/><D74/><U20/><E135/><N who="2" m="51723" /><F28/><W103/><G7/><T62/><D32/><U34/><E128/><V4/><F4/><W132/><G132/><T94/><D124/><U6/><E65/><V79/><F61/><W97/><G47/><N who="0" m="25959" /><D15/><U0/><E41/><N who="2" m="22695" /><F18/><N who="3" m="6667" /><G72/><T69/><D69/><U29/><E38/><V63/><F63/><AGARI ba="0,0" hai="52,53,54,59,63,82,84,90,93,97,103" m="6667" machi="63" ten="30,2000,0" yaku="8,1,54,1" doraHai="75" who="3" fromWho="2" sc="250,0,250,0,250,-20,250,20" /><INIT seed="1,0,0,0,5,133" ten="250,250,230,270" oya="1" hai0="93,106,48,22,81,37,66,104,82,0,115,123,12" hai1="25,126,127,100,29,34,4,86,6,62,40,15,51" hai2="7,120,30,89,5,36,20,61,79,56,80,18,103" hai3="27,11,97,128,65,135,72,8,24,102,31,47,122"/><U19/><E100/><V33/><F33/><W121/><G72/><T96/><D115/><U53/><E40/><V105/><F36/><W28/><G65/><T85/><D37/><U117/><E117/><V99/><F30/><W91/><G135/><T35/><D0/><U94/><E62/><V32/><F32/><W83/><G128/><T75/><D35/><U16/><E19/><V14/><F120/><W131/><G47/><T76/><D66/><U98/><E86/><V54/><REACH who="2" step="1"/><F89/><REACH who="2" ten="250,250,220,270" step="2"/><W107/><G91/><N who="0" m="51631" /><D48/><U119/><E119/><V68/><F68/><W2/><G122/><T57/><D123/><U58/><E94/><V45/><F45/><W64/><G121/><T73/><D57/><U63/><E98/><V13/><F13/><W43/><G2/><T101/><D12/><U129/><E129/><V87/><AGARI ba="0,1" hai="5,7,14,18,20,54,56,61,79,80,87,99,103,105" machi="87" ten="20,5200,0" yaku="1,1,0,1,7,1,53,1" doraHai="133" doraHaiUra="49" who="2" fromWho="2" sc="250,-13,250,-26,220,62,270,-13" /><INIT seed="2,0,0,2,2,46" ten="237,224,282,257" oya="2" hai0="66,133,99,54,56,9,16,28,123,15,93,91,89" hai1="125,71,36,31,77,81,65,114,120,104,13,48,44" hai2="17,27,70,41,25,49,117,85,34,19,33,60,63" hai3="38,50,88,37,130,87,51,90,64,108,134,1,72"/><V7/><F7/><W98/><G72/><T21/><D133/><U20/><E114/><V84/><F70/><W5/><G130/><T57/><D123/><U23/><E125/><V96/><F96/><W39/><G134/><T115/><D115/><U0/><E104/><V30/><F41/><W75/><G75/><T92/><D66/><U61/><E0/><V4/><F4/><W122/><G122/><T78/><D78/><U40/><E120/><V55/><F55/><W113/><G113/><T43/><D43/><U47/><E31/><V101/><F101/><W106/><G64/><T107/><D107/><U128/><E128/><V83/><F83/><W73/><G73/><T68/><D68/><U118/><E118/><V129/><F129/><W18/><G108/><T62/><D56/><U110/><E110/><V102/><F102/><W12/><G5/><T121/><D121/><U67/><E67/><V97/><F97/><W52/><G1/><T42/><D42/><U135/><E135/><V95/><F95/><W112/><G112/><T116/><D116/><U132/><E132/><V109/><F109/><W32/><G32/><T45/><D45/><U58/><E71/><V69/><F69/><W100/><G52/><T82/><D82/><U3/><E3/><V22/><F117/><W29/><G29/><T105/><D105/><U10/><E47/><V26/><F30/><W124/><G124/><T35/><D35/><U6/><E36/><V8/><F34/><W126/><G126/><T127/><D127/><U86/><AGARI ba="0,0" hai="6,10,13,20,23,40,44,48,58,61,65,77,81,86" machi="86" ten="20,12000,2" yaku="0,1,7,1,25,2,8,1,52,1" doraHai="46" who="1" fromWho="1" sc="237,-30,224,120,282,-60,257,-30" /><INIT seed="3,0,0,0,4,70" ten="207,344,222,227" oya="3" hai0="82,45,51,86,112,62,22,55,81,61,20,37,96" hai1="36,135,16,93,17,130,114,9,54,108,126,50,66" hai2="23,74,97,3,85,43,40,53,119,113,129,46,120" hai3="133,118,10,79,31,64,134,106,32,26,110,12,18"/><W124/><G106/><T88/><D112/><U15/><E114/><V78/><F113/><W4/><G64/><T28/><D28/><U101/><E108/><V41/><F74/><W76/><G118/><T102/><D81/><U89/><E135/><N who="3" m="51722" /><G124/><T33/><D37/><U58/><E130/><V63/><F119/><W91/><G91/><T75/><D33/><U117/><E126/><V92/><F3/><N who="3" m="287" /><G76/><T107/><D75/><U56/><E101/><V7/><F7/><W90/><G90/><T84/><D84/><U49/><E36/><V2/><F2/><W127/><G79/><T71/><D71/><U132/><E132/><V39/><F129/><W13/><G127/><T34/><D34/><U95/><E95/><V100/><F120/><W131/><G131/><T104/><D104/><U59/><E66/><V35/><F35/><W111/><G13/><T98/><D98/><N who="1" m="57647" /><E117/><V128/><F128/><W83/><G83/><T38/><D38/><U103/><E103/><V52/><F85/><W72/><G72/><T1/><D1/><U27/><E49/><V14/><F78/><W87/><G87/><T109/><D109/><U123/><E123/><V69/><F69/><W8/><AGARI ba="0,0" hai="8,12,18,26,31,32,110,111" m="287,51722" machi="8" ten="30,6000,0" yaku="20,1,34,2" doraHai="70" who="3" fromWho="3" sc="207,-20,344,-20,222,-20,227,60" /><INIT seed="3,1,0,0,1,7" ten="187,324,202,287" oya="3" hai0="12,92,23,101,80,68,129,54,25,97,53,1,71" hai1="125,6,127,34,52,16,45,122,35,104,19,61,55" hai2="42,26,38,67,93,118,44,77,128,75,65,126,49" hai3="99,132,43,106,64,31,87,88,82,0,69,21,20"/><W84/><G0/><T100/><D1/><U40/><E122/><V58/><F118/><W90/><G132/><T103/><D129/><U91/><E104/><V114/><F114/><W30/><G43/><T105/><D71/><U11/><E91/><V115/><F115/><W32/><G32/><N who="1" m="12330" /><E61/><V22/><F128/><W130/><G130/><T27/><D68/><U47/><E47/><V66/><F126/><N who="1" m="48137" /><E6/><V17/><F93/><W15/><G64/><T48/><D80/><U121/><E121/><V86/><F75/><W81/><G69/><T37/><D37/><N who="1" m="21647" /><E11/><V98/><F38/><W50/><G50/><T111/><D111/><U51/><E55/><V13/><F26/><W74/><G74/><T89/><D105/><U57/><AGARI ba="1,0" hai="16,19,51,52,57" m="21647,48137,12330" machi="57" ten="30,4000,0" yaku="18,1,54,2" doraHai="7" who="1" fromWho="1" sc="187,-11,324,43,202,-11,287,-21" /><INIT seed="4,0,0,5,3,82" ten="176,367,191,266" oya="0" hai0="49,41,132,107,75,47,43,100,106,2,91,87,95" hai1="131,103,45,108,0,39,52,30,115,51,11,69,55" hai2="105,36,74,76,50,104,13,58,123,86,4,31,127" hai3="63,92,117,68,35,109,85,57,64,79,54,33,21"/><T114/><D114/><U7/><E108/><V16/><F74/><W133/><G109/><T129/><D132/><U135/><E135/><V77/><F36/><W5/><G133/><T90/><D129/><U128/><E115/><V28/><F123/><W17/><G117/><T102/><D2/><U46/><E103/><V120/><F120/><W83/><G5/><T89/><D43/><U72/><E72/><V60/><F50/><W8/><G8/><T121/><D121/><U14/><E69/><V67/><F4/><W59/><G92/><T118/><D118/><U44/><E30/><V26/><F127/><W40/><G40/><T66/><D75/><U113/><E113/><V71/><F71/><W32/><REACH who="3" step="1"/><G54/><REACH who="3" ten="176,367,191,256" step="2"/><N who="0" m="30015" /><D107/><U61/><E55/><V73/><F105/><W23/><G23/><T37/><D106/><U119/><E52/><V96/><F104/><W130/><G130/><T125/><D125/><U84/><E11/><V88/><F96/><W22/><G22/><T78/><D41/><U6/><E6/><V25/><F25/><AGARI ba="0,1" hai="17,21,25,32,33,35,57,59,63,64,68,79,83,85" machi="25" ten="40,2600,0" yaku="1,1,52,1,53,0" doraHai="82" doraHaiUra="42" who="3" fromWho="2" sc="176,0,367,0,191,-26,256,36" /><INIT seed="5,0,0,3,0,28" ten="176,367,165,292" oya="1" hai0="131,72,39,135,12,53,54,96,65,100,31,93,36" hai1="82,50,70,45,42,101,0,83,20,126,56,2,124" hai2="80,117,115,34,116,13,108,51,49,21,66,64,109" hai3="23,41,104,87,25,4,121,129,46,77,89,86,102"/><U125/><E70/><V29/><F80/><W38/><G129/><T63/><D135/><U19/><E101/><V120/><F120/><W48/><G121/><T88/><D131/><U106/><E106/><V118/><F13/><W3/><G77/><T113/><D113/><U43/><E43/><V95/><F21/><W97/><G3/><T57/><D72/><U44/><E44/><V103/><F103/><W5/><G86/><T60/><D31/><U55/><E2/><V133/><F133/><W32/><G38/><T94/><D12/><U99/><E99/><V74/><F74/><W6/><G32/><T35/><D35/><U58/><E58/><V119/><N who="2" m="30208" /><DORA hai="130" /><V30/><F30/><W27/><REACH who="3" step="1"/><G23/><REACH who="3" ten="176,367,165,282" step="2"/><T10/><D39/><U92/><E0/><V98/><F115/><W67/><G67/><T62/><D36/><U22/><E22/><V84/><F84/><W79/><G79/><T11/><D65/><U15/><REACH who="1" step="1"/><E92/><AGARI ba="0,1" hai="4,5,6,25,27,41,46,48,87,89,92,97,102,104" machi="92" ten="40,2600,0" yaku="1,1,53,1" doraHai="28,130" doraHaiUra="37,128" who="3" fromWho="1" sc="176,0,367,-26,165,0,282,36" /><INIT seed="6,0,0,2,3,42" ten="176,341,165,318" oya="2" hai0="117,124,26,76,17,14,32,101,125,27,61,128,95" hai1="6,96,29,84,41,0,94,111,92,53,93,86,123" hai2="52,110,38,23,40,90,9,11,10,2,73,54,31" hai3="35,103,102,18,78,7,59,115,70,5,131,113,67"/><V98/><F73/><W30/><G70/><T19/><D128/><U118/><E111/><V107/><F2/><W28/><G131/><T22/><D61/><U104/><E118/><V119/><F119/><W60/><G78/><T135/><D76/><U3/><E29/><N who="3" m="11370" /><G35/><T46/><D95/><U62/><E41/><V12/><F110/><W1/><G18/><N who="0" m="10583" /><D101/><N who="3" m="38409" /><G1/><T37/><D117/><U112/><E104/><V16/><F31/><W126/><G126/><N who="0" m="48747" /><D135/><U88/><E3/><V77/><F77/><W25/><G25/><N who="0" m="9227" /><D32/><U81/><E0/><V74/><F74/><W132/><G132/><T114/><D114/><AGARI ba="0,0" hai="5,7,59,60,67,113,114,115" m="38409,11370" machi="114" ten="30,2000,0" yaku="15,1,11,1" doraHai="42" who="3" fromWho="0" sc="176,-20,341,0,165,0,318,20" /><INIT seed="7,0,0,2,1,91" ten="156,341,165,338" oya="3" hai0="69,114,12,46,86,30,41,26,19,63,7,15,125" hai1="0,79,103,67,31,66,105,68,52,57,135,89,54" hai2="8,4,102,78,51,122,72,39,121,1,128,44,108" hai3="98,123,94,14,2,32,110,96,61,119,106,97,132"/><W58/><G2/><T111/><D125/><U65/><E0/><V100/><F39/><W37/><G37/><T109/><D86/><U70/><E79/><V64/><F64/><W118/><G106/><T120/><D63/><U9/><E135/><V3/><F3/><W127/><G123/><N who="2" m="47113" /><F128/><W62/><G32/><T22/><D69/><U130/><E103/><V5/><F4/><W80/><G127/><T56/><D56/><U6/><E105/><V38/><F38/><W36/><G36/><T87/><D87/><U33/><E130/><V49/><F108/><W53/><G132/><T43/><D46/><U25/><E89/><V76/><F51/><N who="3" m="31039" /><G110/><T113/><D43/><U93/><E93/><V42/><F72/><W16/><G118/><T81/><D41/><U10/><E54/><V45/><F44/><W83/><G94/><T116/><D81/><N who="3" m="31305" /><G119/><T115/><D116/><U92/><E92/><V124/><F124/><W131/><G131/><T104/><D104/><U107/><E107/><V71/><F71/><W18/><G18/><T50/><D50/><U129/><E129/><V99/><F99/><W112/><G112/><T133/><D133/><U11/><E6/><V117/><F117/><W34/><G34/><T35/><REACH who="0" step="1"/><D120/><REACH who="0" ten="146,341,165,338" step="2"/><U101/><E68/><V73/><F73/><W24/><G24/><T29/><D29/><U74/><E70/><V17/><F78/><W23/><AGARI ba="0,1" hai="14,16,23,61,62,96,97,98" m="31305,31039" machi="23" ten="30,3000,0" yaku="8,1,54,1" doraHai="91" who="3" fromWho="3" sc="146,-10,341,-10,165,-10,338,40" owari="136,-36.0,331,13.0,155,-24.0,378,47.0" /></mjloggm>