<mjloggm ver="2.3"><GO type="97" lobby="0"/><UN n0="%54%61%6E%79" n1="%E3%81%BE%E3%82%8B%E3%82%82%E3%81%A3%E3%81%A6%E3%81%83" n2="%E3%83%91%E3%83%91%E3%82%B9%EF%BC%A0%E5%B7%9D%E6%9D%91%E8%BB%8D%E5%9B%A3" n3="%E3%83%88%E3%83%88%E3%83%AA%E5%85%88%E7%94%9F%31%39%E6%AD%B3" dan="14,14,14,15" rate="1917.40,1922.58,2008.05,2040.54" sx="M,M,M,F"/><TAIKYOKU oya="0"/><INIT seed="0,0,0,2,0,114" ten="250,250,250,250" oya="0" hai0="0,129,99,120,7,61,119,86,12,118,89,92,117" hai1="41,29,6,121,111,95,51,107,98,33,18,71,110" hai2="70,24,96,54,4,67,34,105,85,102,125,14,11" hai3="59,3,55,90,27,108,113,10,94,97,38,115,32"/><T26/><D0/><U103/><E71/><V75/><F75/><W15/><G38/><T53/><D120/><U124/><E121/><V39/><F39/><W87/><G3/><T84/><D129/><U60/><E6/><V72/><F72/><W104/><G108/><N who="1" m="41514" /><E124/><V2/><F125/><W83/><G104/><T81/><D26/><N who="1" m="18615" /><E60/><N who="2" m="40295" /><F85/><W16/><G27/><T20/><D81/><U132/><E132/><V66/><F66/><W63/><REACH who="3" step="1"/><G32/><REACH who="3" ten="250,250,250,240" step="2"/><T69/><D69/><U19/><E107/><V30/><F14/><W65/><G65/><T101/><D101/><AGARI ba="0,1" hai="10,15,16,55,59,63,83,87,90,94,97,101,113,115" machi="101" ten="30,7700,0" yaku="1,1,7,1,54,1,53,1" doraHai="114" doraHaiUra="77" who="3" fromWho="0" sc="250,-77,250,0,250,0,240,87" /><INIT seed="1,0,0,2,5,86" ten="173,250,250,327" oya="1" hai0="90,60,101,56,40,61,47,43,87,105,24,103,20" hai1="118,107,68,64,27,88,66,65,16,28,69,59,112" hai2="76,129,67,8,70,41,108,5,63,126,74,22,4" hai3="45,6,31,98,23,80,82,96,44,97,71,100,33"/><U122/><E122/><V51/><F108/><W133/><G71/><T120/><D120/><U93/><E118/><V104/><F104/><W89/><G33/><T32/><D32/><U116/><E116/><V128/><F126/><W119/><G119/><T29/><D105/><U48/><E112/><V75/><F22/><W81/><G133/><T15/><D15/><U54/><E107/><V111/><F111/><W72/><G72/><T12/><D12/><U134/><E134/><V85/><F85/><N who="3" m="50343" /><G100/><T121/><D121/><U131/><E131/><N who="2" m="50251" /><F76/><W30/><G6/><N who="2" m="2665" /><F8/><W36/><G36/><T77/><D77/><U115/><E115/><V102/><F102/><W11/><G11/><T18/><D29/><N who="3" m="10761" /><G23/><T132/><D132/><U124/><E124/><V114/><F114/><W35/><G35/><T123/><D123/><U21/><REACH who="1" step="1"/><E28/><REACH who="1" ten="173,240,250,327" step="2"/><V94/><F74/><W50/><G45/><T2/><D2/><U92/><E92/><V37/><F94/><W127/><G127/><T25/><D101/><U42/><E42/><AGARI ba="0,1" hai="42,44,50,81,82,96,97,98" m="10761,50343" machi="42" ten="30,2000,0" yaku="8,1,52,1" doraHai="86" who="3" fromWho="1" sc="173,0,240,-20,250,0,327,30" /><INIT seed="2,0,0,5,1,4" ten="173,220,250,357" oya="2" hai0="88,96,102,72,95,122,130,69,66,36,61,104,12" hai1="23,77,19,80,133,111,93,20,76,91,83,18,112" hai2="54,3,128,84,28,21,39,106,52,89,120,90,78" hai3="34,73,6,94,45,124,114,110,87,42,10,17,22"/><V41/><F120/><W47/><G73/><T49/><D122/><U116/><E116/><V51/><F106/><W67/><G34/><T63/><D72/><U65/><E112/><V86/><F3/><W25/><G114/><T11/><D36/><U117/><E117/><V125/><F125/><W2/><G124/><T92/><D130/><U79/><E111/><V81/><F128/><W131/><G131/><T57/><D49/><U70/><E133/><V35/><F35/><W16/><G110/><T71/><D95/><U8/><E70/><V109/><F109/><W127/><G127/><T75/><D75/><U62/><E65/><V37/><F41/><W68/><G47/><T38/><D38/><U59/><E59/><V118/><F118/><W32/><G32/><T107/><D107/><U9/><E62/><V60/><F78/><W98/><G87/><T99/><REACH who="0" step="1"/><D63/><REACH who="0" ten="163,220,250,357" step="2"/><U121/><E121/><V119/><F119/><W97/><G94/><T33/><D33/><U29/><E93/><N who="2" m="54439" /><F39/><W82/><G82/><T123/><D123/><U7/><E83/><V15/><F37/><W101/><G101/><T5/><AGARI ba="0,1" hai="5,11,12,57,61,66,69,71,88,92,96,99,102,104" machi="5" ten="20,8000,1" yaku="1,1,0,1,7,1,52,1,54,1,53,0" doraHai="4" doraHaiUra="50" who="0" fromWho="0" sc="163,90,220,-20,250,-40,357,-20" /><INIT seed="3,0,0,5,0,83" ten="253,200,210,337" oya="3" hai0="56,85,116,7,26,58,49,84,54,69,118,25,0" hai1="120,12,115,114,122,112,129,51,53,1,105,68,94" hai2="127,110,117,101,104,73,131,23,48,75,90,19,124" hai3="72,57,108,59,128,37,99,119,43,39,28,106,44"/><W123/><G119/><T29/><D69/><U5/><E105/><V66/><F117/><W63/><G123/><T92/><D0/><U36/><E1/><V65/><F131/><W97/><G72/><N who="2" m="27721" /><F110/><W111/><G128/><T38/><D38/><U74/><E74/><V81/><F48/><W130/><G130/><T4/><D116/><U86/><E129/><V64/><F104/><W60/><G28/><T34/><D118/><U133/><E68/><V96/><F81/><W55/><G39/><T17/><D92/><U61/><E36/><V107/><F90/><W121/><G121/><T132/><D132/><U134/><E61/><V52/><F52/><N who="3" m="33831" /><G106/><T10/><D56/><N who="1" m="32831" /><E12/><V18/><F23/><W20/><G20/><T67/><D67/><U125/><E5/><N who="0" m="2121" /><D34/><U8/><E8/><V3/><F3/><W79/><G37/><T42/><D42/><U82/><E94/><V27/><F64/><W103/><G43/><T113/><D113/><U11/><E11/><V62/><F65/><W70/><G70/><T14/><D29/><U50/><E50/><V76/><F66/><W6/><G111/><T89/><D89/><N who="1" m="51415" /><E125/><N who="2" m="48203" /><F62/><W77/><G63/><T35/><D35/><U31/><E31/><V9/><F27/><AGARI ba="0,0" hai="10,14,17,25,26,27,49,54,58,84,85" m="2121" machi="27" ten="30,3900,0" yaku="8,1,52,2" doraHai="83" who="0" fromWho="2" sc="253,39,200,0,210,-39,337,0" owari="292,9.0,200,-20.0,171,-33.0,337,44.0" /></mjloggm>