<mjloggm ver="2.3"><GO type="225" lobby="0"/><UN n0="%E5%B0%8F%E6%B1%A0%E5%BE%B9%E5%B9%B3" n1="%E3%82%82%E3%82%81%E3%82%93%E3%81%AA%E3%81%A1%E3%82%83%E3%81%84" n2="%E2%98%86%E9%BB%84%E7%80%AC%E3%82%84%E3%82%88%E3%81%84%E2%98%86" n3="%E3%83%88%E3%83%88%E3%83%AA%E5%85%88%E7%94%9F%31%39%E6%AD%B3" dan="17,17,17,17" rate="2178.05,2189.48,2226.05,2215.47" sx="M,M,F,F"/><TAIKYOKU oya="0"/><INIT seed="0,0,0,5,2,5" ten="250,250,250,250" oya="0" hai0="108,14,28,0,121,15,118,112,111,74,77,54,55" hai1="36,31,16,88,95,63,135,101,82,89,61,85,43" hai2="72,129,134,29,130,66,25,35,71,19,59,39,4" hai3="41,17,48,115,67,105,65,51,9,84,68,57,128"/><T18/><D118/><U27/><E135/><V53/><F72/><W119/><G119/><T102/><D112/><U69/><E101/><V22/><F39/><W32/><G32/><T78/><D0/><U96/><E69/><V94/><F134/><W79/><G105/><T124/><D121/><U30/><E36/><V44/><F44/><N who="3" m="25615" /><G68/><T87/><D74/><U11/><E43/><V73/><F73/><W122/><G128/><N who="2" m="49257" /><F94/><W75/><G75/><T52/><D28/><N who="1" m="10795" /><E27/><N who="2" m="18879" /><F66/><W6/><G6/><T23/><D124/><U56/><E56/><V91/><F71/><W133/><G115/><T34/><D34/><U103/><E103/><V126/><F126/><W38/><G38/><T49/><D102/><U80/><E80/><V104/><F4/><W64/><G122/><T20/><D49/><U86/><E96/><V109/><F104/><W60/><G51/><T3/><D3/><U13/><AGARI ba="0,0" hai="11,13,16,61,63,82,85,86,88,89,95" m="10795" machi="13" ten="30,7900,0" yaku="8,1,52,1,54,2" doraHai="5" who="1" fromWho="1" sc="250,-39,250,79,250,-20,250,-20" /><INIT seed="1,0,0,3,4,70" ten="211,329,230,230" oya="1" hai0="29,91,3,76,107,40,90,44,39,124,118,10,4" hai1="133,82,87,106,126,103,7,121,105,89,54,50,11" hai2="26,73,84,18,111,34,6,53,0,86,98,60,122" hai3="2,125,75,28,72,57,20,8,96,16,52,78,123"/><U117/><E117/><V69/><F122/><W85/><G123/><T64/><D118/><U31/><E121/><V48/><F73/><W88/><G125/><T104/><D124/><U33/><E103/><V127/><F127/><W102/><G78/><T46/><D64/><U120/><E133/><V37/><F37/><W100/><G28/><T25/><D46/><U93/><E31/><V119/><F119/><W77/><G77/><T109/><D109/><U113/><E33/><V134/><F134/><W14/><G2/><T63/><D63/><U17/><E17/><V92/><F0/><W38/><G38/><T81/><D91/><U27/><E27/><V22/><F6/><N who="3" m="3351" /><G96/><T13/><D90/><U132/><E113/><V74/><F34/><W5/><G75/><N who="0" m="43167" /><D13/><U101/><E132/><V80/><F111/><W35/><G72/><T51/><D51/><U114/><E114/><V21/><F21/><AGARI ba="0,0" hai="3,4,10,21,25,29,39,40,44,104,107" m="43167" machi="21" ten="30,2000,0" yaku="25,1,52,1" doraHai="70" who="0" fromWho="2" sc="211,20,329,0,230,-20,230,0" /><INIT seed="2,0,0,4,3,39" ten="231,329,210,230" oya="2" hai0="2,133,45,15,23,103,40,75,7,38,91,59,79" hai1="0,101,108,121,88,90,126,125,50,81,122,62,42" hai2="95,82,18,84,6,56,26,94,102,17,117,96,24" hai3="30,120,13,106,134,44,93,72,98,68,115,49,67"/><V35/><F117/><W1/><G120/><N who="1" m="46186" /><E108/><V107/><F6/><W19/><G1/><T110/><D103/><U105/><E0/><V78/><F56/><W63/><G72/><T116/><D110/><U83/><E62/><V69/><F69/><W70/><G134/><T65/><D133/><U97/><E81/><V60/><F60/><W20/><G115/><T85/><D23/><U100/><E100/><V8/><F8/><W31/><G106/><T124/><D15/><U25/><E25/><V71/><F71/><W36/><G36/><T109/><D59/><U58/><E83/><V61/><F61/><W129/><G129/><T113/><D85/><U34/><E34/><V37/><F37/><W132/><G70/><T33/><D38/><U89/><E58/><V112/><F112/><W76/><G76/><T21/><D79/><U87/><E87/><V80/><F80/><W5/><G132/><T27/><D2/><U128/><E128/><V131/><F131/><W9/><G98/><T53/><D113/><U73/><E73/><V4/><F4/><W111/><G111/><T66/><D7/><U29/><E29/><N who="2" m="19895" /><F24/><W77/><G77/><T130/><D130/><U135/><E135/><V127/><F127/><W32/><G32/><T123/><D124/><U3/><E3/><V119/><F119/><W99/><G99/><T14/><D116/><U57/><E57/><V11/><F11/><W55/><G93/><T52/><D123/><U10/><E10/><V118/><F118/><W16/><G5/><T74/><D109/><U54/><E54/><N who="0" m="21097" /><D33/><U51/><E51/><RYUUKYOKU ba="0,0" sc="231,-30,329,10,210,10,230,10" hai1="42,50,88,89,90,97,101,105,125,126" hai2="17,18,78,82,84,94,95,96,102,107" hai3="9,13,16,19,20,30,31,44,49,55,63,67,68" /><INIT seed="2,1,0,3,3,4" ten="201,339,220,240" oya="2" hai0="22,59,80,71,134,104,20,12,66,111,75,128,54" hai1="91,34,96,18,14,113,129,65,43,119,118,26,35" hai2="108,135,94,132,69,32,45,55,49,62,38,30,37" hai3="81,56,16,97,7,9,87,50,24,17,3,121,125"/><V52/><F108/><W98/><G121/><T51/><D104/><U92/><E113/><V70/><F94/><W82/><G125/><T106/><D106/><U23/><E129/><V48/><F32/><W67/><G81/><T68/><D128/><U61/><E43/><V122/><F30/><W101/><G24/><T57/><D111/><U2/><E2/><V107/><F107/><W44/><G56/><T116/><D134/><N who="2" m="51242" /><F122/><W83/><G67/><T72/><D116/><U85/><E96/><V60/><F60/><W73/><G73/><T88/><D66/><U114/><E114/><V105/><F105/><W133/><G83/><T46/><D46/><U5/><E35/><V78/><F78/><W103/><G98/><T28/><D28/><U27/><E34/><V39/><F62/><W127/><G127/><T41/><D41/><U130/><E130/><V102/><F102/><W95/><G103/><T21/><D59/><AGARI ba="1,0" hai="37,38,39,45,48,49,52,55,59,69,70" m="51242" machi="59" ten="40,12000,1" yaku="20,1,34,2,54,1" doraHai="4" who="2" fromWho="0" sc="201,-123,339,0,220,123,240,0" /><INIT seed="2,2,0,0,3,122" ten="78,339,343,240" oya="2" hai0="75,127,97,81,39,118,14,31,82,88,121,5,124" hai1="119,6,24,132,8,45,59,134,90,23,85,71,100" hai2="28,41,98,123,43,103,40,44,72,120,95,61,69" hai3="46,135,116,53,18,73,30,115,83,42,87,32,74"/><V9/><F72/><W17/><G116/><T15/><D39/><U93/><E71/><V109/><F28/><W101/><G135/><N who="1" m="51754" /><E119/><V19/><F44/><W0/><G0/><T63/><D118/><U133/><E133/><V70/><F70/><W96/><G115/><T34/><D121/><U64/><E100/><V1/><F1/><W128/><G128/><T84/><D97/><U21/><E45/><V3/><F3/><W36/><G53/><T16/><D63/><N who="1" m="38015" /><E24/><V129/><F129/><W37/><G37/><T51/><D51/><U13/><AGARI ba="2,0" hai="6,8,13,21,23,85,90,93" m="38015,51754" machi="13" ten="30,1100,0" yaku="20,1" doraHai="122" who="1" fromWho="1" sc="78,-5,339,17,343,-7,240,-5" /><INIT seed="3,0,0,3,3,80" ten="73,356,336,235" oya="3" hai0="10,16,102,52,24,39,2,78,21,14,4,64,45" hai1="77,81,19,61,37,90,50,35,97,55,7,108,46" hai2="22,104,86,85,33,40,11,118,117,95,48,113,62" hai3="30,47,105,60,29,98,23,91,124,73,53,17,15"/><W56/><G73/><T116/><D116/><U106/><E35/><V133/><F104/><W58/><G124/><T120/><D120/><U110/><E7/><V38/><F33/><W18/><G105/><T0/><D64/><U125/><E125/><V76/><F38/><W36/><G36/><T93/><D39/><U123/><E123/><V9/><F113/><W88/><G47/><T128/><D128/><U83/><E61/><V8/><F133/><W72/><G72/><T130/><D130/><U121/><E121/><V63/><F117/><W74/><G74/><T20/><D102/><N who="1" m="62799" /><E77/><V100/><F118/><W3/><G3/><T122/><D122/><U1/><E1/><V68/><F68/><W79/><G79/><T99/><D78/><U31/><E31/><N who="3" m="11786" /><G98/><T89/><D45/><U126/><E126/><V119/><F119/><W51/><G18/><T49/><REACH who="0" step="1"/><D20/><REACH who="0" ten="63,356,336,235" step="2"/><U127/><E127/><V132/><F22/><W69/><G69/><T57/><AGARI ba="0,1" hai="0,2,4,10,14,16,21,24,49,52,57,89,93,99" machi="57" ten="20,12000,2" yaku="1,1,2,1,0,1,7,1,54,2,53,1" doraHai="80" doraHaiUra="5" who="0" fromWho="0" sc="63,130,356,-30,336,-30,235,-60" owari="193,-21.0,326,42.0,306,11.0,175,-32.0" /></mjloggm>