<mjloggm ver="2.3"><GO type="169" lobby="0"/><UN n0="%6E%61%6B%61%6A%75%75%6E" n1="%6B%69%79%6F%64%61%69" n2="%E3%82%A6%E3%83%AB%E3%83%88%E3%83%A9%E7%AB%8B%E7%9B%B4" n3="%E3%83%8A%E3%82%AC%E3%83%A4%E3%83%9E" dan="18,17,17,16" rate="2259.83,2210.46,2123.45,2095.47" sx="M,M,M,M"/><TAIKYOKU oya="0"/><INIT seed="0,0,0,5,2,77" ten="250,250,250,250" oya="0" hai0="135,74,36,65,3,23,6,37,27,70,98,16,94" hai1="8,11,102,21,59,68,60,50,45,38,132,18,123" hai2="2,100,80,71,62,19,33,52,31,91,96,79,39" hai3="103,4,92,85,120,10,83,117,66,40,75,64,9"/><T53/><D74/><U51/><E38/><V122/><F2/><W114/><G117/><T97/><D135/><U63/><E68/><V112/><F39/><W30/><G114/><T101/><D70/><U57/><E102/><V1/><F1/><W56/><G120/><T35/><D65/><U78/><E78/><V54/><F112/><W131/><G131/><T99/><D35/><U28/><E28/><V93/><F31/><W84/><G40/><T104/><D99/><U115/><E115/><V88/><F33/><W48/><G30/><T109/><D109/><U46/><E132/><V82/><F122/><W26/><G26/><T118/><D118/><U29/><E29/><V72/><F71/><W89/><G103/><T32/><D32/><U113/><E113/><V67/><F67/><N who="3" m="25643" /><G75/><T86/><D53/><N who="2" m="20586" /><F72/><W49/><G56/><T47/><D47/><U61/><E123/><V111/><F111/><W110/><G110/><T95/><D104/><U105/><E105/><V108/><F108/><W116/><G116/><T76/><D6/><U34/><E34/><V87/><F62/><W129/><G129/><T12/><D3/><U121/><E121/><V0/><F0/><W5/><G5/><T90/><REACH who="0" step="1"/><D27/><REACH who="0" ten="240,250,250,250" step="2"/><U20/><E63/><V69/><F69/><W58/><G4/><T119/><D119/><U125/><E125/><V24/><F24/><W81/><G58/><T127/><D127/><U107/><E107/><V15/><F96/><W106/><G106/><T73/><D73/><U55/><E55/><V14/><F100/><W44/><G44/><T128/><D128/><RYUUKYOKU ba="0,1" sc="240,15,250,15,250,-15,250,-15" hai0="12,16,23,36,37,76,86,90,94,95,97,98,101" hai1="8,11,18,20,21,45,46,50,51,57,59,60,61" /><INIT seed="0,1,1,4,0,10" ten="255,265,235,235" oya="0" hai0="77,72,78,32,55,46,23,69,67,57,56,30,58" hai1="41,84,126,27,15,34,66,107,103,80,73,111,59" hai2="14,119,63,135,122,35,86,28,112,33,5,97,6" hai3="116,68,29,20,105,75,83,49,114,19,94,48,124"/><T88/><D32/><U132/><E73/><V64/><F122/><W70/><G105/><T9/><D69/><U11/><E41/><V120/><F120/><W45/><G114/><T8/><D72/><U36/><E36/><V52/><F112/><W44/><G116/><T109/><D109/><U85/><E85/><V21/><F35/><W82/><G29/><T87/><D67/><U104/><E103/><V31/><F33/><W18/><G75/><T16/><D30/><N who="2" m="11306" /><F135/><W91/><G91/><T61/><D58/><U92/><E34/><V133/><F133/><W131/><G94/><N who="0" m="54559" /><D57/><U24/><E107/><V3/><F3/><W99/><G99/><T100/><D100/><U113/><E104/><V65/><F97/><W22/><REACH who="3" step="1"/><G124/><REACH who="3" ten="255,265,235,225" step="2"/><T121/><D121/><U108/><E126/><V89/><F119/><W81/><G81/><T98/><D98/><U38/><E113/><V95/><F89/><W50/><G50/><T40/><D78/><U129/><E38/><V43/><F95/><W71/><G71/><T42/><D77/><U110/><E132/><V17/><F86/><W115/><G115/><T51/><D42/><U74/><E74/><V96/><F96/><W76/><G76/><T128/><D128/><AGARI ba="1,2" hai="18,19,20,22,44,45,48,49,68,70,82,83,128,131" machi="128" ten="25,8000,1" yaku="1,1,22,2,53,2" doraHai="10" doraHaiUra="47" who="3" fromWho="0" sc="255,-83,265,0,235,0,225,103" /><INIT seed="1,0,0,4,1,67" ten="172,265,235,328" oya="1" hai0="61,99,111,4,17,50,52,66,45,49,48,35,44" hai1="68,80,41,84,106,127,7,118,2,101,73,71,38" hai2="5,86,39,131,115,55,95,126,132,1,89,36,74" hai3="123,42,13,129,92,32,34,19,51,79,128,133,57"/><U11/><E84/><V85/><F74/><W25/><G123/><T63/><D35/><U53/><E53/><V33/><F33/><W16/><G133/><T59/><D4/><U0/><E0/><V134/><F126/><W10/><G79/><T43/><D99/><N who="1" m="61759" /><E127/><V114/><F131/><N who="3" m="50251" /><G92/><T26/><D111/><U124/><E124/><V108/><F108/><W94/><G94/><T87/><D87/><U40/><E40/><V64/><F64/><W56/><G56/><N who="0" m="34951" /><D26/><U83/><E83/><V93/><F5/><W30/><G34/><T105/><D17/><U130/><E118/><V97/><F1/><W12/><G57/><T76/><D76/><N who="1" m="44047" /><E130/><V77/><F55/><W112/><G51/><N who="0" m="27039" /><D105/><U21/><E21/><V78/><F89/><W88/><G88/><T119/><D119/><U113/><E113/><V3/><F3/><W69/><G42/><AGARI ba="0,0" hai="42,45,48,49,50,59,63,66" m="27039,34951" machi="42" ten="30,12000,2" yaku="8,1,35,5,54,1" doraHai="67" who="0" fromWho="3" sc="172,120,265,0,235,0,328,-120" /><INIT seed="2,0,0,0,0,83" ten="292,265,235,208" oya="2" hai0="122,22,105,78,91,119,132,90,125,49,116,10,16" hai1="18,62,96,74,38,75,5,35,64,51,31,97,56" hai2="73,82,127,8,135,106,39,15,87,93,89,21,79" hai3="104,130,123,67,4,58,40,43,45,88,126,9,26"/><V23/><F39/><W113/><G123/><T68/><D122/><U57/><E38/><V112/><F112/><W134/><G113/><T94/><D68/><U59/><E5/><V66/><F127/><W131/><G104/><T11/><D105/><U81/><E74/><V103/><F135/><W60/><G126/><T0/><D125/><U50/><E31/><V110/><F110/><W2/><G134/><T13/><D132/><U107/><E107/><V70/><F66/><W28/><G88/><N who="0" m="33835" /><D94/><U65/><E35/><V48/><F48/><N who="1" m="18473" /><E75/><V109/><F70/><W84/><G84/><T34/><D34/><U85/><E18/><N who="2" m="8551" /><F109/><W63/><G63/><T121/><D121/><U37/><E37/><V44/><F44/><W95/><G95/><T54/><D78/><N who="1" m="46263" /><E62/><V32/><F32/><N who="3" m="20503" /><G45/><N who="0" m="27951" /><D0/><U124/><E124/><V86/><F86/><W117/><G117/><AGARI ba="0,0" hai="10,11,13,16,22,116,117,119" m="27951,33835" machi="117" ten="30,3900,0" yaku="12,1,54,2" doraHai="83" who="0" fromWho="3" sc="292,39,265,0,235,0,208,-39" /><INIT seed="3,0,0,0,3,16" ten="331,265,235,169" oya="3" hai0="84,91,103,95,59,87,124,2,131,130,42,36,133" hai1="35,121,6,57,88,60,109,100,99,113,66,98,135" hai2="96,15,10,123,32,122,73,119,25,92,72,31,53" hai3="24,68,20,134,74,105,22,69,48,128,65,18,19"/><W43/><G74/><T118/><D118/><U63/><E35/><V62/><F119/><W81/><G105/><T127/><D2/><U125/><E121/><N who="2" m="46091" /><F53/><W116/><G116/><T8/><D8/><U5/><E113/><V120/><F62/><W49/><G128/><N who="0" m="49195" /><D103/><U75/><E75/><V26/><F26/><W80/><G134/><T54/><D133/><U114/><E114/><V83/><F83/><W101/><G101/><T117/><D117/><U9/><E6/><N who="2" m="3543" /><F120/><W45/><G49/><N who="0" m="31183" /><D87/><U40/><E135/><V132/><F132/><W56/><G56/><T77/><D77/><U102/><E57/><V51/><F51/><W0/><G0/><T89/><D91/><AGARI ba="0,0" hai="25,31,32,72,73,91,92,96" m="3543,46091" machi="91" ten="30,1000,0" yaku="13,1" doraHai="16" who="2" fromWho="0" sc="331,-10,265,0,235,10,169,0" /><INIT seed="4,0,0,3,2,26" ten="321,265,245,169" oya="0" hai0="3,39,33,90,103,71,107,104,109,99,135,129,70" hai1="63,56,85,28,116,50,16,45,13,110,66,117,78" hai2="9,36,91,120,44,82,37,10,81,102,106,75,55" hai3="95,58,72,98,49,79,96,46,100,47,18,108,34"/><T77/><D129/><U60/><E110/><V115/><F120/><W132/><G108/><T41/><D135/><U93/><E63/><V38/><F115/><W121/><G121/><T74/><D107/><U94/><E28/><V21/><F102/><W62/><G132/><T73/><D90/><U40/><E117/><V68/><F68/><N who="0" m="26154" /><D77/><U119/><E119/><V127/><F106/><W83/><G34/><T61/><D61/><U11/><REACH who="1" step="1"/><E116/><REACH who="1" ten="321,255,245,169" step="2"/><V84/><F127/><W31/><G31/><T101/><D109/><U86/><E86/><V43/><F84/><W24/><G62/><T2/><D33/><U6/><E6/><V57/><F75/><W35/><G72/><T133/><D133/><U67/><E67/><V0/><F37/><W29/><G96/><T114/><D114/><U17/><E17/><V30/><F38/><W123/><G18/><T97/><D73/><U113/><E113/><V64/><F30/><W89/><G123/><T48/><D74/><U134/><E134/><V52/><F64/><W112/><G112/><T7/><D7/><U122/><E122/><V4/><F4/><W1/><G29/><T105/><D48/><U118/><E118/><V124/><F36/><W23/><G49/><T125/><D125/><U131/><E131/><V76/><F124/><W69/><G98/><T8/><D39/><U22/><E22/><V128/><F21/><W5/><G23/><T12/><D97/><U54/><E54/><V14/><F52/><W87/><G5/><T15/><D99/><U65/><E65/><V27/><F55/><W20/><G20/><RYUUKYOKU ba="0,1" sc="321,-10,255,30,245,-10,169,-10" hai1="11,13,16,40,45,50,56,60,66,78,85,93,94" /><INIT seed="5,1,1,1,3,91" ten="311,285,235,159" oya="1" hai0="47,120,113,67,108,76,66,5,57,104,87,96,88" hai1="24,114,43,121,118,62,8,55,20,109,132,17,0" hai2="63,110,11,74,18,71,128,40,2,36,35,52,106" hai3="112,73,21,27,82,33,70,25,92,38,7,37,42"/><U116/><E121/><V133/><RYUUKYOKU type="yao9" ba="1,1" sc="311,0,285,0,235,0,159,0" hai2="2,11,18,35,36,40,52,63,71,74,106,110,128,133" /><INIT seed="5,2,1,3,3,113" ten="311,285,235,159" oya="1" hai0="125,90,33,82,105,129,84,37,29,130,114,112,28" hai1="52,47,31,61,11,132,134,123,100,86,91,26,19" hai2="56,83,5,35,70,66,25,20,108,38,41,58,77" hai3="12,127,97,67,22,55,106,51,64,10,85,21,63"/><U57/><E123/><V9/><F108/><W92/><G127/><T4/><D37/><U15/><E100/><V89/><F35/><W96/><G106/><T7/><D105/><U65/><E47/><N who="2" m="23991" /><F89/><W128/><G85/><T42/><D42/><U115/><E115/><N who="0" m="44073" /><D125/><U8/><E8/><V69/><F66/><W30/><G128/><N who="0" m="49259" /><D33/><U131/><E131/><V43/><F43/><W124/><G124/><T79/><D79/><U50/><E26/><V3/><F58/><W133/><G133/><T18/><D18/><U46/><REACH who="1" step="1"/><E31/><AGARI ba="2,1" hai="4,7,28,29,31,82,84,90" m="49259,44073" machi="31" ten="30,2000,0" yaku="15,1,19,1" doraHai="113" who="0" fromWho="1" sc="311,36,285,-26,235,0,159,0" /><INIT seed="6,0,0,5,2,102" ten="347,259,235,159" oya="2" hai0="10,99,73,2,101,96,16,66,3,110,109,130,33" hai1="0,100,1,30,119,70,106,40,29,97,115,7,104" hai2="112,63,122,14,124,134,103,135,125,56,107,8,86" hai3="62,117,88,65,89,53,60,37,69,95,126,58,81"/><V34/><F34/><W84/><G126/><N who="2" m="48745" /><F122/><W9/><G117/><T38/><D73/><U4/><E119/><V24/><F24/><W114/><G114/><T13/><D38/><U12/><E70/><V15/><F112/><W91/><G37/><T74/><D74/><U127/><E127/><V75/><F75/><W82/><G82/><T54/><D66/><U80/><E40/><V128/><F86/><W98/><REACH who="3" step="1"/><G9/><REACH who="3" ten="347,259,235,149" step="2"/><T132/><D10/><U20/><E80/><V44/><F8/><W46/><G46/><T22/><D110/><U43/><E115/><V59/><F44/><W41/><G41/><T67/><D109/><U105/><E43/><V72/><F72/><W78/><AGARI ba="0,1" hai="53,58,60,62,65,69,78,81,84,88,89,91,95,98" machi="78" ten="20,8000,1" yaku="1,1,0,1,7,1,54,1,53,1" doraHai="102" doraHaiUra="50" who="3" fromWho="3" sc="347,-20,259,-20,235,-40,149,90" /><INIT seed="7,0,0,1,3,57" ten="327,239,195,239" oya="3" hai0="135,105,106,114,0,36,82,25,124,97,72,88,55" hai1="12,63,77,6,54,7,94,60,18,112,42,121,30" hai2="17,111,56,66,52,81,47,133,98,24,46,69,27" hai3="67,90,41,45,117,22,118,58,61,107,3,28,65"/><W122/><G122/><T130/><D36/><U131/><E121/><V126/><F111/><W35/><G3/><T48/><D0/><U26/><E42/><V93/><F126/><W91/><G35/><T14/><D72/><U110/><E110/><V73/><F133/><W128/><G107/><T9/><D97/><U109/><E109/><V100/><F73/><W16/><G28/><T74/><D82/><U134/><E77/><V102/><F102/><W78/><G128/><T37/><D114/><U70/><E70/><V1/><F1/><W32/><G32/><T87/><D25/><N who="2" m="9802" /><F69/><W23/><G78/><T2/><D14/><U68/><E68/><V21/><F66/><W43/><G45/><T108/><D130/><U31/><E112/><V115/><F81/><W113/><G58/><T132/><D124/><U95/><E134/><V33/><F33/><W5/><G113/><T64/><D64/><U99/><E131/><V103/><F103/><W80/><G80/><N who="0" m="49255" /><D74/><U89/><E26/><N who="2" m="14639" /><F115/><W119/><G119/><T125/><D37/><U96/><E31/><V29/><F29/><W75/><G75/><T123/><D125/><U19/><E30/><V49/><F100/><W92/><G117/><T101/><D123/><U104/><E104/><N who="0" m="40041" /><D101/><U116/><E116/><V38/><F38/><W39/><G39/><T120/><D108/><U20/><E12/><V15/><F15/><W59/><G118/><T84/><D120/><U127/><E127/><V62/><F49/><W13/><G13/><T8/><D2/><U71/><E71/><V4/><F4/><W79/><G5/><RYUUKYOKU ba="0,0" sc="327,-10,239,-10,195,30,239,-10" hai2="46,47,52,56,62,93,98" owari="317,41.0,229,3.0,225,-27.0,229,-17.0" /></mjloggm>