<mjloggm ver="2.3"><GO type="225" lobby="0"/><UN n0="%E3%81%BF%E3%81%BF%E3%81%9A" n1="%E5%B0%B1%E6%B4%BB%E7%94%9F%40%E5%B7%9D%E6%9D%91%E8%BB%8D%E5%9B%A3" n2="%E3%82%81%E3%81%8C%EF%BC%93" n3="%4B%49%4E%4F" dan="17,17,16,16" rate="2167.01,2089.67,2108.82,2078.27" sx="M,M,M,F"/><TAIKYOKU oya="0"/><INIT seed="0,0,0,2,3,95" ten="250,250,250,250" oya="0" hai0="96,126,19,1,14,22,115,118,47,20,76,9,100" hai1="101,103,49,26,32,68,30,64,116,81,27,40,56" hai2="94,99,91,11,39,112,8,18,114,17,105,110,109" hai3="2,10,67,41,113,42,71,0,63,132,58,75,98"/><T82/><D115/><N who="2" m="44074" /><F39/><W48/><G75/><T119/><D126/><U87/><E116/><V104/><F104/><W16/><G113/><T37/><D37/><U21/><E68/><V92/><F105/><W129/><G129/><T44/><D118/><U4/><E4/><V72/><F72/><W33/><G33/><T54/><D119/><U34/><E34/><V84/><F8/><W5/><G2/><T97/><D1/><U38/><E38/><V93/><F11/><W134/><G98/><N who="0" m="37995" /><D100/><U24/><E32/><V65/><F65/><W69/><G16/><N who="2" m="6249" /><F99/><W29/><G29/><T12/><D12/><U55/><E64/><V13/><F13/><W6/><G6/><T122/><D122/><U123/><E40/><V88/><F84/><W45/><REACH who="3" step="1"/><G42/><REACH who="3" ten="250,250,250,240" step="2"/><T128/><D128/><U59/><E123/><V133/><F133/><AGARI ba="0,1" hai="0,5,10,41,45,48,58,63,67,69,71,132,133,134" machi="133" ten="40,5200,0" yaku="1,1,2,1,20,1,53,0" doraHai="95" doraHaiUra="120" who="3" fromWho="2" sc="250,0,250,0,250,-52,240,62" /><INIT seed="1,0,0,1,3,79" ten="250,250,198,302" oya="1" hai0="111,92,90,44,9,96,89,80,32,23,13,132,45" hai1="18,67,81,33,126,108,77,27,69,73,134,117,7" hai2="21,31,86,74,40,110,30,125,62,5,4,68,28" hai3="58,16,20,47,57,130,135,99,91,133,127,98,22"/><U129/><E117/><V38/><F74/><W104/><G127/><T106/><D32/><U84/><E126/><V113/><F125/><W48/><G130/><T66/><D111/><U59/><E108/><V61/><F110/><W83/><G104/><T72/><D132/><N who="3" m="50761" /><G22/><T88/><D106/><U97/><E134/><V120/><F120/><W24/><G83/><T3/><D3/><U87/><E129/><V0/><F113/><W29/><G29/><T128/><D128/><U121/><E69/><V53/><F0/><W131/><G131/><T95/><D66/><U19/><E121/><V46/><F21/><W71/><G71/><T70/><D70/><U36/><E36/><V51/><F86/><W55/><G99/><N who="0" m="57735" /><D23/><U37/><E7/><V93/><F93/><AGARI ba="0,0" hai="16,20,24,47,48,55,57,58,91,93,98" m="50761" machi="93" ten="30,2000,0" yaku="20,1,54,1" doraHai="79" who="3" fromWho="2" sc="250,0,250,0,198,-20,302,20" /><INIT seed="2,0,0,0,4,123" ten="250,250,178,322" oya="2" hai0="130,60,121,9,115,104,52,17,119,16,36,35,71" hai1="91,94,29,11,92,31,107,93,101,103,3,132,8" hai2="0,66,79,47,23,15,4,7,126,98,37,87,1" hai3="118,122,124,128,22,85,12,114,88,26,117,110,42"/><V6/><F126/><W44/><G122/><T108/><RYUUKYOKU type="yao9" ba="0,0" sc="250,0,250,0,178,0,322,0" hai0="9,16,17,35,36,52,60,71,104,108,115,119,121,130" /><INIT seed="2,1,0,4,3,118" ten="250,250,178,322" oya="2" hai0="52,19,59,15,73,6,61,75,106,48,112,30,64" hai1="2,109,3,110,10,83,36,97,119,40,5,71,37" hai2="26,98,38,81,133,17,43,135,8,121,101,88,39" hai3="18,124,89,113,21,27,126,108,107,105,66,49,74"/><V123/><F43/><W99/><G74/><T51/><D112/><U94/><E119/><V41/><F41/><W102/><G108/><N who="1" m="41578" /><E71/><V67/><F67/><W86/><G66/><T14/><D106/><U122/><E3/><V111/><F111/><W20/><G113/><T129/><D129/><U13/><E2/><V77/><F39/><N who="1" m="14921" /><E40/><V120/><F38/><W7/><G7/><T128/><D128/><U117/><E83/><V28/><F88/><W76/><G76/><T12/><D6/><U4/><E4/><V104/><F8/><W93/><G49/><T55/><D30/><U25/><E25/><V91/><F91/><W131/><G131/><T32/><D32/><U79/><E79/><V58/><F17/><W53/><G21/><T33/><D33/><U46/><E46/><V72/><REACH who="2" step="1"/><F58/><REACH who="2" ten="250,250,168,322" step="2"/><W31/><G18/><T42/><D42/><U68/><E117/><V100/><F100/><W84/><G102/><T90/><D90/><N who="1" m="55511" /><E68/><V127/><F127/><W56/><G126/><T11/><D11/><U85/><E122/><V87/><F87/><AGARI ba="1,1" hai="5,10,13,85,87" m="55511,14921,41578" machi="87" ten="30,1000,0" yaku="14,1" doraHai="118" who="1" fromWho="2" sc="250,0,250,23,168,-13,322,0" /><INIT seed="3,0,0,2,3,15" ten="250,273,155,322" oya="3" hai0="92,105,55,50,109,93,68,44,125,32,20,51,94" hai1="22,129,110,82,76,46,36,64,31,86,18,6,81" hai2="39,131,115,26,52,83,101,19,21,13,58,91,130" hai3="65,79,120,12,128,40,78,37,48,73,1,90,106"/><W84/><G37/><T80/><D32/><U67/><E129/><N who="2" m="49163" /><F115/><W54/><G1/><T97/><D68/><U8/><E110/><V28/><F39/><W66/><G73/><T126/><D109/><U108/><E31/><V75/><F101/><W89/><G106/><T7/><D80/><U33/><E108/><V5/><F75/><W118/><G40/><T133/><D133/><U47/><E33/><V116/><F116/><W41/><G41/><T85/><D85/><U132/><E132/><V56/><F5/><W96/><G120/><T57/><D7/><U77/><E36/><V98/><F13/><W59/><G118/><T72/><D72/><U103/><E103/><V53/><F28/><W119/><G12/><T74/><D74/><U30/><E30/><V35/><F35/><W14/><G14/><T134/><D134/><U62/><E8/><V107/><F107/><W11/><G11/><T0/><D0/><U87/><E6/><V43/><F43/><W88/><G119/><T61/><D105/><U16/><E22/><V60/><F98/><W38/><G38/><T34/><D34/><U122/><REACH who="1" step="1"/><E62/><REACH who="1" ten="250,263,155,322" step="2"/><N who="2" m="36103" /><F83/><W127/><G128/><T42/><D97/><U70/><E70/><V99/><F99/><W29/><G96/><T95/><N who="0" m="23552" /><DORA hai="104" /><T102/><D102/><U27/><E27/><V71/><F71/><W3/><G29/><T49/><REACH who="0" step="1"/><D20/><REACH who="0" ten="240,263,155,322" step="2"/><U111/><E111/><V121/><F121/><AGARI ba="0,2" hai="16,18,46,47,64,67,76,77,81,82,86,87,121,122" machi="121" ten="25,12000,2" yaku="1,1,22,2,52,2,54,1,53,0" doraHai="15,104" doraHaiUra="123,135" who="1" fromWho="2" sc="240,0,263,140,155,-120,322,0" owari="240,-16.0,403,50.0,35,-46.0,322,12.0" /></mjloggm>