<mjloggm ver="2.3"><GO type="41" lobby="0"/><UN n0="%E5%B0%B1%E6%B4%BB%E7%94%9F%40%E5%B7%9D%E6%9D%91%E8%BB%8D%E5%9B%A3" n1="%62%6F%67%61%72%64" n2="%E3%83%AD%E3%83%81%E3%82%B3" n3="%E7%B5%B6%E5%AF%BE%E4%B9%B1%E8%88%9E" dan="15,13,14,13" rate="2019.22,1874.95,1923.80,1916.41" sx="M,M,F,F"/><TAIKYOKU oya="0"/><INIT seed="0,0,0,2,5,128" ten="250,250,250,250" oya="0" hai0="28,98,127,22,54,86,96,64,124,33,92,32,132" hai1="45,74,111,14,42,53,1,79,123,65,46,83,38" hai2="104,49,9,75,112,24,131,37,102,94,29,129,107" hai3="109,117,41,61,5,80,125,48,106,87,52,44,71"/><T7/><D7/><U113/><E123/><V81/><F37/><W120/><G120/><T97/><D64/><U43/><E111/><V58/><F112/><W57/><G117/><T39/><D39/><U19/><E113/><V18/><F18/><W116/><G116/><T47/><D132/><U0/><E65/><V85/><F9/><W121/><G121/><T95/><D22/><U110/><E53/><V91/><F49/><W31/><G109/><T122/><D122/><U8/><REACH who="1" step="1"/><E110/><REACH who="1" ten="250,240,250,250" step="2"/><V6/><F129/><W20/><G52/><T10/><D54/><U73/><E73/><V17/><F131/><W105/><G41/><T99/><D47/><U90/><E90/><V63/><F75/><W27/><G44/><T13/><D124/><U115/><E115/><V67/><F102/><W126/><G125/><T134/><D127/><U55/><E55/><V82/><F67/><W68/><G126/><T2/><D134/><U50/><AGARI ba="0,1" hai="0,1,8,14,19,38,42,43,45,46,50,74,79,83" machi="50" ten="20,2700,0" yaku="1,1,0,1,7,1,53,0" doraHai="128" doraHaiUra="89" who="1" fromWho="1" sc="250,-13,240,37,250,-7,250,-7" /><INIT seed="1,0,0,4,3,97" ten="237,277,243,243" oya="1" hai0="0,35,3,21,2,118,39,9,87,34,76,81,26" hai1="7,15,50,134,100,5,99,98,79,29,110,90,109" hai2="116,30,17,16,80,31,32,64,49,63,104,52,112" hai3="40,27,123,84,48,89,132,58,86,36,122,128,74"/><U53/><E79/><V101/><F116/><W106/><G74/><T130/><D118/><U62/><E62/><V33/><F112/><W19/><G106/><T38/><D130/><U75/><E75/><V43/><F80/><W124/><G128/><T72/><D72/><U69/><E69/><V12/><F43/><W67/><G132/><T37/><REACH who="0" step="1"/><D9/><REACH who="0" ten="227,277,243,243" step="2"/><U10/><E134/><V66/><F32/><W51/><G123/><T55/><D55/><U85/><E29/><AGARI ba="0,1" hai="0,2,3,21,26,29,34,35,37,38,39,76,81,87" machi="29" ten="50,1600,0" yaku="1,1,53,0" doraHai="97" doraHaiUra="107" who="0" fromWho="1" sc="227,26,277,-16,243,0,243,0" /><INIT seed="2,0,0,0,5,38" ten="253,261,243,243" oya="2" hai0="4,104,134,106,108,22,20,33,12,45,40,15,113" hai1="107,42,50,1,62,123,119,36,53,63,90,124,6" hai2="35,10,135,57,56,14,67,122,133,19,83,74,98" hai3="116,118,103,70,79,87,92,29,27,132,25,86,26"/><V101/><F122/><W2/><G2/><T16/><D33/><U127/><E119/><V24/><F74/><W109/><G70/><T52/><D113/><U21/><E107/><V89/><F83/><W28/><G109/><T18/><D134/><N who="2" m="51210" /><F89/><W32/><G132/><T37/><D108/><U69/><E123/><V34/><F67/><W88/><G103/><T72/><D72/><U60/><E69/><V120/><F120/><W43/><G43/><T75/><D75/><U117/><E117/><V114/><F114/><W96/><G79/><T77/><D77/><U47/><E90/><V100/><F100/><W3/><G3/><T48/><D4/><U17/><E1/><V5/><F24/><W102/><G87/><T31/><D31/><U49/><E6/><V129/><F129/><W115/><G115/><T13/><D13/><U91/><E91/><V30/><F19/><W0/><G0/><T81/><D81/><U54/><E17/><V23/><F23/><W8/><G8/><T126/><D126/><N who="1" m="48171" /><E21/><V128/><F128/><W68/><G68/><T65/><D65/><U58/><E63/><V125/><F125/><W9/><G9/><T110/><D110/><U55/><E54/><V73/><F73/><W93/><REACH who="3" step="1"/><G27/><REACH who="3" ten="253,261,243,233" step="2"/><T46/><AGARI ba="0,1" hai="12,15,16,18,20,22,37,40,45,46,48,52,104,106" machi="46" ten="20,12000,2" yaku="0,1,7,1,9,1,52,1,54,2" doraHai="38" who="0" fromWho="0" sc="253,130,261,-30,243,-60,233,-30" /><INIT seed="3,0,0,2,2,70" ten="383,231,183,203" oya="3" hai0="109,83,106,37,0,8,58,21,68,13,28,107,42" hai1="49,128,62,82,10,84,92,76,4,31,53,35,44" hai2="63,22,34,36,96,66,52,104,20,108,61,125,59" hai3="111,117,32,126,9,132,56,97,26,30,2,24,99"/><W116/><G132/><T57/><D68/><U67/><E128/><V79/><F125/><W91/><G126/><T135/><D0/><U80/><E82/><V81/><F34/><W121/><G121/><T100/><D135/><U85/><E92/><V6/><F6/><W114/><G114/><T118/><D118/><U60/><E85/><V12/><F108/><W77/><G77/><T89/><D109/><U110/><E110/><V112/><F112/><W74/><G74/><T33/><D33/><U50/><E49/><V5/><F36/><W17/><G111/><T18/><D37/><U88/><E76/><V46/><F46/><W43/><G43/><T54/><D42/><U47/><E47/><V102/><F12/><W72/><G72/><T11/><D57/><U7/><E4/><V40/><F40/><W129/><G56/><T65/><D65/><U15/><REACH who="1" step="1"/><E67/><REACH who="1" ten="383,221,183,203" step="2"/><V86/><REACH who="2" step="1"/><F5/><REACH who="2" ten="383,221,173,203" step="2"/><N who="3" m="1207" /><G117/><T3/><D3/><U115/><E115/><V90/><F90/><W39/><G91/><T27/><D89/><U64/><E64/><V124/><F124/><W119/><G116/><T101/><D101/><U94/><E94/><V93/><F93/><W123/><G119/><T48/><D100/><U69/><E69/><AGARI ba="0,2" hai="20,22,52,59,61,63,66,69,79,81,86,96,102,104" machi="69" ten="30,7700,0" yaku="1,1,7,1,54,1,53,1" doraHai="70" doraHaiUra="51" who="2" fromWho="1" sc="383,0,221,-77,173,97,203,0" /><INIT seed="4,0,0,2,5,53" ten="383,144,270,203" oya="0" hai0="34,104,25,79,54,127,102,19,91,107,130,115,112" hai1="32,12,84,106,125,11,110,51,92,116,17,27,131" hai2="50,111,10,30,113,126,123,98,80,21,82,119,65" hai3="18,74,14,133,5,57,0,77,63,75,83,42,128"/><T28/><D127/><U76/><E110/><V36/><F111/><W37/><G128/><T71/><D71/><U45/><E116/><V7/><F36/><W105/><G133/><T38/><D130/><U43/><E131/><V49/><F123/><W100/><G5/><T88/><D38/><U33/><E125/><V66/><F113/><N who="0" m="43594" /><D79/><U101/><E106/><V40/><F119/><W29/><G0/><T47/><D19/><U99/><E27/><N who="2" m="16751" /><F98/><W109/><G109/><T23/><D34/><U132/><E132/><V9/><F126/><W31/><G75/><T120/><D120/><U3/><E3/><V22/><F22/><W15/><G15/><T61/><D47/><U60/><E60/><V89/><F7/><W108/><G108/><T73/><D73/><U114/><E114/><V24/><F24/><W44/><G100/><T8/><D8/><N who="2" m="3178" /><F89/><N who="0" m="34378" /><D102/><U1/><E1/><V103/><F103/><W56/><G105/><T41/><D41/><U134/><E134/><V87/><F40/><W52/><REACH who="3" step="1"/><G57/><AGARI ba="0,0" hai="23,25,28,54,57,61,104,107" m="34378,43594" machi="57" ten="30,5800,0" yaku="15,1,52,1,54,1" doraHai="53" who="0" fromWho="3" sc="383,58,144,0,270,0,203,-58" /><INIT seed="4,1,0,0,5,35" ten="441,144,270,145" oya="0" hai0="32,114,83,101,78,126,59,107,38,48,132,88,34" hai1="58,72,66,120,84,68,117,8,129,2,87,121,69" hai2="7,96,95,98,57,135,19,31,71,41,23,128,1" hai3="119,103,18,45,26,111,44,15,61,74,131,37,106"/><T97/><D38/><U125/><E117/><V43/><F71/><W100/><G119/><T16/><D114/><U108/><E108/><V39/><F128/><W6/><G111/><T124/><D132/><U90/><E72/><V76/><F135/><W22/><G131/><T11/><D59/><U81/><E129/><V27/><F76/><W65/><G74/><T73/><D48/><U116/><E116/><V67/><F39/><W52/><G37/><T99/><D99/><U4/><E125/><N who="0" m="48233" /><D88/><U21/><E69/><V25/><F25/><W122/><G122/><T127/><D127/><U86/><E68/><V79/><F79/><W112/><G112/><T9/><D9/><U49/><E121/><V14/><F57/><N who="3" m="37039" /><G106/><T12/><AGARI ba="1,0" hai="11,12,16,32,34,73,78,83,97,101,107" m="48233" machi="12" ten="30,3000,0" yaku="18,1,54,1" doraHai="35" who="0" fromWho="0" sc="441,33,144,-11,270,-11,145,-11" /><INIT seed="4,2,0,1,1,82" ten="474,133,259,134" oya="0" hai0="111,85,117,132,92,109,114,100,46,48,87,18,9" hai1="91,112,98,58,27,53,38,14,7,106,62,20,1" hai2="16,124,101,5,17,66,32,131,128,81,79,102,34" hai3="15,56,43,95,28,11,10,39,44,134,125,77,76"/><T110/><D117/><U29/><E38/><V54/><F66/><W51/><G134/><T108/><D114/><U126/><E1/><V118/><F124/><W130/><G125/><T129/><D129/><N who="2" m="49738" /><F5/><W93/><G130/><T65/><D132/><U83/><E126/><V33/><F54/><W78/><G28/><T21/><D65/><U67/><E112/><V120/><F120/><W119/><G119/><T89/><D9/><U115/><E115/><V90/><F90/><W40/><G11/><T26/><D100/><N who="2" m="38506" /><F118/><W123/><G123/><T42/><N who="0" m="28160" /><DORA hai="122" /><T57/><REACH who="0" step="1"/><D57/><REACH who="0" ten="464,133,259,134" step="2"/><U0/><E67/><V59/><F59/><W3/><G56/><T23/><D23/><U2/><E58/><V71/><F71/><W25/><G10/><T121/><D121/><U75/><E20/><V6/><F6/><W4/><G4/><T36/><D36/><U63/><E7/><V88/><F34/><W104/><G39/><T35/><D35/><U37/><E37/><V49/><F33/><W50/><G50/><T113/><D113/><U55/><E62/><V68/><F49/><W99/><G51/><T116/><D116/><U19/><E63/><V61/><F61/><W24/><G3/><T64/><D64/><U60/><E0/><V86/><F68/><W127/><G127/><T13/><D13/><U41/><E2/><V96/><F32/><W103/><G15/><T73/><D73/><U12/><E75/><V30/><F30/><W22/><G22/><T47/><D47/><U70/><E60/><V94/><AGARI ba="2,1" hai="16,17,79,81,86,88,94,96" m="38506,49738" machi="94" ten="30,7900,0" yaku="19,1,52,1,54,2" doraHai="82,122" who="2" fromWho="2" sc="464,-41,133,-22,259,95,134,-22" /><INIT seed="5,0,0,4,4,1" ten="423,111,354,112" oya="1" hai0="38,101,16,117,40,97,50,20,65,135,66,128,30" hai1="98,10,124,27,88,19,115,93,104,28,75,23,105" hai2="100,81,43,123,55,116,130,46,120,89,91,132,71" hai3="121,126,4,86,51,67,60,111,13,82,32,25,53"/><U119/><E119/><V90/><F116/><W95/><G111/><T118/><D38/><U94/><E75/><V8/><F71/><W26/><G121/><T74/><D74/><U42/><E115/><V34/><F34/><W102/><G126/><T59/><D128/><U80/><E124/><V33/><F33/><W15/><G32/><T49/><D135/><U70/><E70/><V134/><F55/><W29/><G102/><T41/><D30/><U48/><E80/><V44/><F100/><W11/><G95/><N who="0" m="58559" /><D117/><U6/><E28/><V57/><F57/><W12/><G60/><N who="0" m="38047" /><D66/><U17/><E19/><V3/><F130/><W108/><G67/><T2/><D2/><U22/><E22/><V61/><F61/><W85/><G108/><T39/><D39/><U131/><E131/><V14/><F3/><W36/><G36/><T45/><BYE who="3" /><D118/><U109/><E109/><V58/><F58/><W47/><G47/><N who="2" m="17961" /><F43/><N who="0" m="16458" /><D45/><U68/><E68/><V9/><F81/><W127/><G127/><T107/><D107/><U125/><E125/><V72/><F72/><W37/><G37/><T122/><D122/><N who="2" m="46634" /><F14/><AGARI ba="0,0" hai="14,16,20,49,50" m="16458,38047,58559" machi="14" ten="30,2000,0" yaku="8,1,54,1" doraHai="1" who="0" fromWho="2" sc="423,20,111,0,354,-20,112,0" /><UN n3="%E7%B5%B6%E5%AF%BE%E4%B9%B1%E8%88%9E" /><INIT seed="6,0,0,2,1,14" ten="443,111,334,112" oya="2" hai0="110,22,100,117,61,4,41,54,36,63,57,97,33" hai1="75,45,34,118,114,48,106,2,86,113,109,78,30" hai2="73,91,112,46,29,102,18,69,72,88,23,74,129" hai3="5,80,3,111,25,84,103,1,93,26,60,21,19"/><V35/><F69/><W68/><G111/><T27/><D110/><U135/><E109/><V16/><F102/><W9/><G3/><T120/><D120/><U89/><E118/><V134/><F35/><W42/><G42/><T59/><D117/><U94/><E106/><V99/><F112/><N who="1" m="43113" /><E2/><V128/><F134/><W32/><G103/><T77/><D77/><U49/><E135/><V13/><F46/><W124/><G93/><N who="0" m="58415" /><D33/><U92/><E94/><N who="2" m="56775" /><F91/><W125/><G60/><T79/><D4/><U119/><E119/><V55/><F55/><W64/><G64/><N who="0" m="38959" /><D36/><U131/><E131/><N who="2" m="50251" /><F13/><W8/><G68/><T121/><D121/><U132/><E132/><V52/><F52/><W0/><G84/><T101/><D101/><U126/><E45/><V20/><F20/><W39/><G39/><T87/><D41/><U11/><E34/><V70/><F70/><W116/><G116/><T76/><D87/><U62/><E75/><V17/><F17/><AGARI ba="0,0" hai="17,22,27,54,59,63,76,79" m="38959,58415" machi="17" ten="30,2000,0" yaku="8,1,52,1" doraHai="14" who="0" fromWho="2" sc="443,20,111,0,334,-20,112,0" /><INIT seed="7,0,0,2,2,51" ten="463,111,314,112" oya="3" hai0="89,111,92,28,9,6,72,93,2,61,32,29,23" hai1="109,79,130,3,18,25,95,108,104,114,37,43,17" hai2="117,58,38,82,57,133,49,70,47,128,30,103,97" hai3="129,124,56,77,100,94,26,116,122,96,132,59,67"/><W106/><G116/><T45/><D72/><U62/><E104/><V110/><F110/><W86/><G122/><T76/><D32/><U131/><E3/><V118/><F70/><W21/><G129/><N who="1" m="49162" /><E114/><V39/><F30/><W120/><G120/><T0/><D0/><U101/><E79/><V33/><F33/><W1/><G1/><T4/><D4/><U48/><E37/><V78/><F133/><W65/><G132/><T36/><D76/><U87/><E62/><V119/><F39/><W8/><G8/><T91/><D111/><N who="1" m="42571" /><E25/><V74/><F38/><W105/><G124/><T99/><D23/><U16/><E43/><V22/><F22/><W75/><G105/><T98/><D61/><U42/><E42/><AGARI ba="0,0" hai="2,6,9,28,29,36,42,45,89,91,92,93,98,99" machi="42" ten="40,1300,0" yaku="9,1" doraHai="51" who="0" fromWho="1" sc="463,13,111,-13,314,0,112,0" owari="476,58.0,98,-40.0,314,11.0,112,-29.0" /></mjloggm>