<mjloggm ver="2.3"><GO type="169" lobby="0"/><UN n0="%E3%81%BF%E3%81%99%E3%81%A1%E3%82%87" n1="%E3%82%84%E3%81%BE%E3%83%BC%E3%82%93" n2="%E6%AF%94%E5%98%89%E7%A7%80%E4%BB%81" n3="%E5%B0%B1%E6%B4%BB%E7%94%9F%40%E5%B7%9D%E6%9D%91%E8%BB%8D%E5%9B%A3" dan="16,16,16,16" rate="2080.11,2133.19,2136.74,2078.83" sx="M,M,M,M"/><TAIKYOKU oya="0"/><INIT seed="0,0,0,0,4,44" ten="250,250,250,250" oya="0" hai0="70,23,37,71,13,63,78,123,42,0,36,132,118" hai1="40,69,75,50,59,45,66,127,114,51,53,25,130" hai2="110,24,135,124,67,84,92,41,87,39,47,49,21" hai3="131,33,112,105,126,17,31,111,115,62,19,72,1"/><T28/><D118/><U14/><E75/><V7/><F110/><W11/><G105/><T15/><D123/><U109/><E25/><V76/><F135/><W43/><G72/><T134/><D0/><U38/><E109/><V119/><F119/><W64/><G43/><T10/><D78/><U20/><E20/><V68/><F124/><W29/><G64/><N who="0" m="41247" /><D71/><U81/><E81/><V34/><F34/><W22/><G62/><T89/><D89/><U103/><E103/><V30/><F7/><N who="3" m="1519" /><G126/><T128/><D42/><U107/><E14/><N who="0" m="5129" /><D10/><U6/><E6/><V57/><F76/><W95/><G111/><T73/><D73/><U125/><E107/><V60/><REACH who="2" step="1"/><F92/><REACH who="2" ten="250,250,240,250" step="2"/><W117/><G95/><T99/><D134/><U129/><E114/><V77/><F77/><W27/><G117/><T56/><D132/><U18/><E125/><V85/><F85/><W65/><G115/><T91/><D128/><N who="1" m="49259" /><E127/><V94/><F94/><W48/><G112/><T82/><D82/><U58/><E18/><V54/><AGARI ba="0,1" hai="21,24,30,39,41,47,49,54,57,60,67,68,84,87" machi="54" ten="30,8000,1" yaku="1,1,0,1,24,2,52,1,53,0" doraHai="44" doraHaiUra="2" who="2" fromWho="2" sc="250,-40,250,-20,240,90,250,-20" /><INIT seed="1,0,0,1,3,129" ten="210,230,330,230" oya="1" hai0="102,56,12,116,96,43,98,73,72,65,92,53,75" hai1="86,16,50,114,122,18,104,126,49,79,52,2,32" hai2="30,135,68,134,4,70,88,77,131,35,38,23,54" hai3="66,108,60,0,34,7,44,57,127,63,46,67,9"/><U119/><E119/><V21/><F38/><W82/><G34/><T11/><D116/><U100/><E122/><V22/><F77/><W1/><G127/><T130/><D130/><U101/><E114/><V48/><F131/><W33/><G33/><T95/><D43/><U112/><E112/><V41/><F41/><W87/><G108/><T71/><D65/><U14/><E2/><V39/><F39/><W74/><G74/><T8/><D71/><U117/><E32/><V103/><F103/><N who="1" m="39497" /><E104/><V133/><F4/><W120/><G1/><T55/><D102/><U20/><E126/><V99/><F35/><W58/><REACH who="3" step="1"/><G120/><REACH who="3" ten="210,230,330,220" step="2"/><T26/><D73/><U123/><E117/><V42/><F30/><W89/><AGARI ba="0,1" hai="0,7,9,44,46,57,58,60,63,66,67,82,87,89" machi="89" ten="20,8000,1" yaku="1,1,2,1,0,1,7,1,9,1,53,0" doraHai="129" doraHaiUra="113" who="3" fromWho="3" sc="210,-20,230,-40,330,-20,220,90" /><INIT seed="2,0,0,0,0,72" ten="190,190,310,310" oya="2" hai0="86,127,81,131,130,66,22,33,14,129,107,41,125" hai1="110,97,52,60,76,104,63,30,96,8,59,122,71" hai2="9,100,57,11,85,92,73,65,3,53,46,13,118" hai3="0,35,128,103,84,135,34,29,55,89,56,121,99"/><V31/><F118/><W42/><G121/><T119/><D33/><U123/><E110/><V115/><F115/><W32/><G0/><T114/><D66/><N who="1" m="41439" /><E104/><V58/><F73/><W78/><G128/><T49/><D107/><U44/><E44/><V68/><F68/><W70/><G70/><T112/><D49/><U12/><E30/><V25/><F3/><W83/><G135/><T133/><D41/><U132/><E76/><V26/><F65/><W79/><G42/><T67/><D67/><U91/><E91/><V108/><F108/><W6/><G6/><T77/><D119/><U47/><E47/><V80/><F100/><W37/><G37/><T126/><D133/><U88/><E88/><N who="2" m="51239" /><F92/><W28/><G28/><T117/><D117/><U94/><E94/><V116/><F116/><W106/><REACH who="3" step="1"/><G29/><REACH who="3" ten="190,190,310,300" step="2"/><T5/><REACH who="0" step="1"/><D22/><REACH who="0" ten="180,190,310,300" step="2"/><U16/><E132/><V48/><F31/><W87/><G87/><T62/><D62/><AGARI ba="0,2" hai="32,34,35,55,56,62,78,79,83,84,89,99,103,106" machi="62" ten="40,8000,1" yaku="1,1,52,2,53,1" doraHai="72" doraHaiUra="54" who="3" fromWho="0" sc="180,-80,190,0,310,0,300,100" /><INIT seed="3,0,0,3,5,53" ten="100,190,310,400" oya="3" hai0="14,125,128,20,101,15,120,104,47,43,130,68,29" hai1="3,34,31,63,69,40,84,24,83,81,134,71,18" hai2="97,82,64,12,26,4,108,65,55,49,95,72,126" hai3="37,116,132,80,88,124,23,96,32,62,52,17,85"/><W59/><G32/><T7/><D120/><U78/><E3/><V113/><F108/><W129/><G116/><T99/><D68/><U11/><E134/><V107/><F107/><W121/><G132/><T45/><D125/><U102/><E102/><V119/><F126/><W109/><G109/><T30/><D7/><U41/><E69/><V77/><F119/><W58/><G124/><T66/><D66/><U75/><E71/><V10/><F26/><N who="3" m="14703" /><G37/><T33/><D33/><U67/><E67/><V110/><F113/><W48/><G129/><N who="0" m="49771" /><D45/><U21/><E63/><V91/><REACH who="2" step="1"/><F110/><REACH who="2" ten="100,190,300,400" step="2"/><W9/><G121/><T122/><D122/><U117/><E24/><V135/><F135/><W115/><G115/><T106/><D106/><U98/><E117/><V35/><F35/><W94/><G9/><T93/><D104/><U22/><E11/><V27/><F27/><W5/><G5/><T86/><D20/><U70/><E22/><V114/><F114/><W2/><G2/><T105/><D105/><U56/><E21/><V127/><F127/><W60/><G59/><AGARI ba="0,1" hai="4,10,12,49,55,59,64,65,72,77,82,91,95,97" machi="59" ten="30,7700,0" yaku="1,1,7,1,52,1,53,1" doraHai="53" doraHaiUra="89" who="2" fromWho="3" sc="100,0,190,0,300,87,400,-77" /><INIT seed="4,0,0,0,5,24" ten="100,190,387,323" oya="0" hai0="41,68,56,113,38,0,98,128,27,76,44,131,8" hai1="65,36,20,112,124,87,67,45,74,125,127,73,75" hai2="117,102,62,60,71,92,89,85,12,26,2,11,21" hai3="80,93,130,82,23,95,6,28,40,88,84,32,86"/><T133/><D68/><U97/><E112/><V116/><F2/><W105/><G32/><T31/><D113/><U108/><E108/><V7/><F102/><W17/><G105/><T59/><D133/><U29/><E97/><V47/><F47/><W16/><G130/><N who="0" m="49707" /><D98/><U46/><E87/><V81/><F81/><W77/><G40/><T58/><D76/><U96/><E96/><V51/><F51/><W129/><G129/><T33/><D58/><U48/><E36/><V120/><F120/><W52/><G6/><AGARI ba="0,0" hai="0,6,8,27,31,33,38,41,44,56,59" m="49707" machi="6" ten="30,2900,0" yaku="19,1,52,1" doraHai="24" who="0" fromWho="3" sc="100,29,190,0,387,0,323,-29" /><INIT seed="4,1,0,4,2,80" ten="129,190,387,294" oya="0" hai0="44,63,75,79,64,35,68,113,34,116,12,87,86" hai1="5,74,70,14,73,88,11,106,76,53,55,20,131" hai2="45,61,3,66,59,110,77,90,22,30,98,100,46" hai3="24,132,128,51,13,25,112,135,36,69,133,32,125"/><T111/><D116/><U56/><E70/><V82/><F3/><W65/><G36/><T117/><D117/><U29/><E106/><V72/><F90/><W108/><G108/><T89/><D111/><U83/><E131/><V124/><F124/><W104/><G104/><T134/><D75/><U15/><E73/><V57/><F57/><W4/><G125/><T122/><D122/><U52/><E88/><V10/><F10/><N who="3" m="4295" /><G32/><T78/><D113/><U28/><REACH who="1" step="1"/><E56/><REACH who="1" ten="129,180,387,294" step="2"/><V19/><F110/><W43/><G128/><T9/><D134/><U1/><E1/><V38/><F45/><N who="3" m="26047" /><G112/><T92/><D44/><U121/><E121/><V58/><F46/><W115/><G115/><T67/><D79/><U42/><E42/><V101/><F58/><W39/><G39/><T54/><D67/><U93/><E93/><V81/><F72/><W91/><G91/><T99/><D54/><U7/><E7/><V18/><F59/><W94/><G94/><T119/><D119/><U50/><E50/><V49/><F49/><W120/><G120/><T71/><D71/><U123/><E123/><V103/><F77/><W130/><G130/><T21/><D78/><U102/><E102/><V47/><F103/><W129/><G129/><T8/><D68/><U41/><E41/><V105/><F101/><W6/><G6/><T95/><D64/><U17/><AGARI ba="1,1" hai="5,11,14,15,17,20,28,29,52,53,55,74,76,83" machi="17" ten="30,7900,0" yaku="1,1,0,1,54,1,53,1" doraHai="80" doraHaiUra="2" who="1" fromWho="1" sc="129,-40,180,92,387,-21,294,-21" /><INIT seed="5,0,0,4,2,121" ten="89,272,366,273" oya="1" hai0="76,131,61,118,84,124,69,70,57,42,15,63,83" hai1="59,120,85,3,68,91,110,37,66,26,54,132,94" hai2="17,126,109,33,41,39,113,102,82,96,67,105,93" hai3="78,14,74,34,134,49,73,75,55,10,77,6,4"/><U119/><E120/><V129/><F33/><W13/><G34/><T9/><D118/><U0/><E37/><V60/><F129/><W107/><G107/><T29/><D124/><U27/><E68/><V21/><F126/><W30/><G134/><T56/><D131/><U103/><E66/><V97/><F113/><W89/><G30/><T64/><D29/><U47/><E132/><V31/><F109/><W43/><G43/><T133/><D133/><U48/><E119/><V108/><F108/><W38/><G38/><T111/><D42/><U50/><E103/><V52/><F31/><W135/><G135/><T71/><D111/><U51/><E110/><V90/><F82/><W106/><G106/><T24/><D24/><U80/><E0/><V16/><F39/><W99/><G99/><T98/><D98/><U117/><E3/><V19/><F41/><W87/><G13/><T7/><REACH who="0" step="1"/><D71/><REACH who="0" ten="79,272,366,273" step="2"/><U72/><E117/><V65/><F97/><W28/><G28/><T127/><D127/><U130/><E130/><V45/><F105/><W35/><G35/><T81/><D81/><U123/><E123/><V100/><F100/><W5/><G77/><T58/><D58/><U46/><E26/><N who="2" m="14631" /><F102/><W62/><G78/><T112/><D112/><U25/><E25/><V18/><F45/><W122/><G122/><T104/><D104/><U79/><E27/><V1/><F1/><W8/><G14/><T88/><D88/><U2/><E2/><V128/><F128/><W114/><G114/><T12/><D12/><U36/><E46/><V20/><F20/><W116/><G116/><RYUUKYOKU ba="0,1" sc="79,10,272,10,366,10,273,-30" hai0="7,9,15,56,57,61,63,64,69,70,76,83,84" hai1="36,47,48,50,51,54,59,72,79,80,85,91,94" hai2="17,18,19,52,60,65,67,90,93,96" /><INIT seed="5,1,1,5,0,56" ten="89,282,376,243" oya="1" hai0="51,7,20,102,54,9,52,85,73,84,63,16,94" hai1="74,77,18,10,11,41,130,119,126,6,104,5,121" hai2="26,14,88,78,123,101,70,32,98,31,2,36,23" hai3="93,53,59,58,95,131,83,12,116,107,103,22,61"/><U39/><E119/><V21/><F123/><W96/><G116/><T57/><D73/><U65/><E104/><V86/><F36/><W108/><G131/><T4/><D102/><U92/><E121/><V99/><F2/><W106/><G108/><T81/><D94/><U25/><E92/><N who="2" m="54295" /><F32/><W64/><G83/><T87/><D81/><U55/><E126/><V40/><F70/><W75/><G75/><T111/><D9/><U113/><E113/><V114/><F114/><W82/><G82/><T24/><D111/><U133/><E133/><V35/><F35/><W132/><G132/><T67/><REACH who="0" step="1"/><D54/><REACH who="0" ten="79,282,376,243" step="2"/><U43/><E55/><V27/><F101/><W50/><G106/><T79/><D79/><U49/><E77/><V122/><F122/><W33/><G33/><T129/><D129/><U80/><E74/><V118/><F118/><W89/><G89/><T15/><D15/><U127/><E80/><V69/><F78/><W112/><G112/><T29/><D29/><U91/><E130/><V128/><F128/><W100/><G100/><T8/><D8/><U90/><E10/><V44/><F14/><W97/><G97/><T66/><D66/><U38/><E11/><V60/><F99/><W0/><G0/><T13/><D13/><U71/><E65/><V28/><F98/><W109/><G109/><T42/><D42/><U48/><E43/><V134/><F134/><W125/><G125/><T3/><D3/><U117/><E41/><V19/><F31/><W124/><G124/><T135/><D135/><U62/><E127/><V68/><F40/><W30/><G30/><RYUUKYOKU ba="1,2" sc="79,15,282,-15,376,-15,243,15" hai0="4,7,16,20,24,51,52,57,63,67,84,85,87" hai3="12,22,50,53,58,59,61,64,93,95,96,103,107" /><INIT seed="6,2,2,2,5,11" ten="94,267,361,258" oya="2" hai0="116,74,81,32,41,122,73,17,64,27,107,78,120" hai1="23,111,127,29,123,96,42,70,51,135,56,24,43" hai2="60,38,129,52,63,34,84,21,83,18,108,130,131" hai3="121,128,86,79,85,4,53,80,88,133,106,3,103"/><V95/><F38/><W92/><G121/><T49/><D116/><U75/><E70/><V46/><F108/><W28/><G28/><T118/><D118/><U47/><E111/><V10/><F34/><W132/><G3/><T113/><D113/><U59/><E75/><V9/><F95/><W61/><G4/><T76/><D49/><U99/><E135/><N who="3" m="51786" /><G128/><T36/><D17/><U55/><E127/><V12/><F63/><W35/><G35/><T109/><D109/><U125/><E125/><V44/><F44/><W93/><G61/><T87/><D87/><U33/><E33/><V62/><F62/><W57/><G57/><N who="1" m="22090" /><E123/><V37/><F37/><W68/><G53/><T15/><D15/><U110/><E110/><V72/><F72/><W119/><G68/><T104/><D64/><U66/><E66/><V71/><F71/><W30/><G30/><T124/><D124/><U14/><E14/><V115/><F115/><W97/><G119/><T20/><D20/><U114/><E114/><V69/><F69/><W7/><G7/><T82/><D122/><U13/><E13/><V48/><REACH who="2" step="1"/><F60/><REACH who="2" ten="94,267,351,258" step="2"/><W6/><G6/><T77/><D120/><U26/><E26/><V25/><F25/><W65/><G65/><T50/><D50/><U19/><E29/><V2/><F2/><W94/><AGARI ba="2,3" hai="79,80,85,86,88,92,93,94,97,103,106" m="51786" machi="94" ten="30,7900,0" yaku="20,1,34,2,54,1" doraHai="11" who="3" fromWho="3" sc="94,-22,267,-22,351,-41,258,115" /><INIT seed="7,0,0,5,5,134" ten="72,245,310,373" oya="3" hai0="9,3,24,93,0,82,66,61,60,97,42,57,113" hai1="119,63,112,85,16,49,86,56,11,15,8,30,94" hai2="116,87,26,50,128,39,99,118,130,19,6,65,29" hai3="17,23,58,89,92,62,127,68,33,70,47,45,88"/><W98/><G127/><T106/><D113/><U37/><E37/><V53/><F39/><W108/><G33/><T129/><D129/><N who="2" m="49770" /><F65/><N who="3" m="39127" /><G70/><T101/><D106/><U22/><E112/><V107/><F6/><W83/><G68/><T105/><D105/><U25/><E119/><V18/><F87/><N who="3" m="50303" /><G108/><T95/><D42/><U52/><E94/><V131/><F131/><W12/><AGARI ba="0,0" hai="12,17,23,45,47,89,92,98" m="50303,39127" machi="12" ten="30,3000,0" yaku="8,1,54,1" doraHai="134" who="3" fromWho="3" sc="72,-10,245,-10,310,-10,373,30" owari="62,-44.0,235,-16.0,300,10.0,403,50.0" /></mjloggm>