<mjloggm ver="2.3"><GO type="41" lobby="0"/><UN n0="%46%69%72%73%74" n1="%E5%B0%B1%E6%B4%BB%E7%94%9F%40%E5%B7%9D%E6%9D%91%E8%BB%8D%E5%9B%A3" n2="%E7%8E%84%E7%B1%B3" n3="%63%72%61%7A%79%E6%B8%A1%E6%B5%B7" dan="15,16,15,14" rate="2014.51,2063.21,2020.70,1945.00" sx="M,M,M,M"/><TAIKYOKU oya="0"/><INIT seed="0,0,0,3,0,112" ten="250,250,250,250" oya="0" hai0="106,99,72,19,86,6,23,65,10,50,110,36,77" hai1="21,66,96,104,115,9,49,90,87,81,59,52,102" hai2="76,105,20,109,53,98,33,67,54,134,57,135,43" hai3="14,40,108,68,44,31,100,73,0,80,121,84,13"/><T71/><D36/><U38/><E115/><V15/><F33/><W39/><G0/><T130/><D72/><U129/><E129/><V107/><F109/><W70/><G108/><T79/><D110/><U3/><E38/><V51/><F76/><W63/><G73/><T48/><D130/><U97/><E66/><V128/><F128/><W85/><G121/><T2/><D71/><U78/><E21/><V60/><F43/><W131/><G131/><T27/><D65/><U116/><E116/><V42/><F42/><W26/><G100/><T89/><D106/><U117/><E117/><V29/><F98/><W34/><G85/><T95/><D77/><U25/><E25/><N who="2" m="16551" /><F15/><W62/><G70/><T103/><REACH who="0" step="1"/><D79/><REACH who="0" ten="240,250,250,250" step="2"/><U12/><E3/><V16/><F107/><W82/><G68/><T120/><D120/><U83/><E78/><V58/><F105/><W47/><G39/><T28/><D28/><U122/><E122/><V45/><F67/><W124/><G31/><T11/><D11/><U119/><E119/><V101/><F135/><W69/><G69/><T127/><D127/><U41/><E104/><V93/><F134/><W133/><G124/><T125/><D125/><U55/><E9/><V114/><F114/><W123/><G123/><T92/><AGARI ba="0,1" hai="2,6,10,19,23,27,48,50,86,89,92,95,99,103" machi="92" ten="20,7800,0" yaku="1,1,0,1,7,1,53,1" doraHai="112" doraHaiUra="1" who="0" fromWho="0" sc="240,88,250,-26,250,-26,250,-26" /><INIT seed="0,1,0,5,1,102" ten="328,224,224,224" oya="0" hai0="133,97,59,134,104,9,82,43,32,24,42,18,13" hai1="110,63,64,53,70,28,119,57,34,75,52,8,15" hai2="21,112,78,131,99,116,61,40,93,66,5,86,72" hai3="105,29,123,68,16,45,77,126,25,55,51,83,10"/><T95/><D82/><U27/><E75/><V20/><F112/><W6/><G68/><T88/><D59/><U56/><E110/><V26/><F72/><W87/><G126/><T115/><D115/><U33/><E119/><V4/><F116/><W31/><G123/><T2/><D2/><U100/><E100/><V79/><F131/><W89/><G105/><T60/><D60/><U94/><E94/><V124/><F40/><W117/><G117/><T71/><D71/><U125/><E125/><V22/><F124/><W36/><G36/><T132/><REACH who="0" step="1"/><D104/><REACH who="0" ten="318,224,224,224" step="2"/><U65/><E70/><V11/><F78/><W39/><G77/><T113/><D113/><U80/><E80/><V41/><F79/><W90/><G83/><T84/><D84/><U118/><E118/><V69/><F86/><W130/><G87/><T101/><D101/><U128/><E128/><V127/><F127/><W121/><G130/><T3/><D3/><U67/><E34/><V7/><F69/><W109/><G121/><T74/><D74/><U38/><E65/><V111/><F66/><W114/><G114/><T129/><D129/><U107/><E107/><V62/><F61/><W91/><G109/><T120/><D120/><U1/><E1/><V103/><F62/><W96/><G96/><T76/><D76/><U122/><E122/><V54/><F99/><W23/><REACH who="3" step="1"/><G39/><REACH who="3" ten="318,224,224,214" step="2"/><T106/><D106/><U46/><E38/><V98/><F111/><W19/><G19/><T49/><D49/><N who="1" m="28727" /><E57/><V17/><F17/><W0/><AGARI ba="1,2" hai="0,6,10,16,23,25,29,31,45,51,55,89,90,91" machi="0" ten="30,4000,0" yaku="1,1,0,1,54,1,53,0" doraHai="102" doraHaiUra="58" who="3" fromWho="3" sc="318,-21,224,-11,224,-11,214,63" /><INIT seed="1,0,0,0,2,69" ten="297,213,213,277" oya="1" hai0="103,128,84,107,53,28,121,23,123,55,35,115,100" hai1="116,42,120,132,4,20,90,71,5,0,75,68,46" hai2="1,86,74,124,79,97,39,104,95,67,37,60,89" hai3="33,77,56,130,52,87,32,72,96,22,127,17,25"/><U43/><E116/><V80/><F124/><W49/><G127/><T135/><D128/><U93/><E120/><N who="0" m="46153" /><D135/><U92/><E75/><V94/><F1/><W112/><G112/><T31/><D115/><U6/><E0/><V38/><F104/><W133/><G130/><T51/><D35/><U9/><E132/><V44/><F44/><W19/><G133/><T110/><D110/><U63/><E9/><V40/><F40/><W91/><G72/><T3/><D3/><U14/><E63/><V58/><REACH who="2" step="1"/><F37/><REACH who="2" ten="297,213,203,277" step="2"/><W114/><G114/><T13/><D107/><U82/><E42/><V109/><F109/><W48/><G77/><T18/><D103/><AGARI ba="0,1" hai="38,39,58,60,67,74,79,80,86,89,94,95,97,103" machi="103" ten="30,7700,0" yaku="1,1,7,1,52,2,53,0" doraHai="69" doraHaiUra="41" who="2" fromWho="0" sc="297,-77,213,0,203,87,277,0" /><INIT seed="2,0,0,0,2,103" ten="220,213,290,277" oya="2" hai0="106,19,25,108,38,135,62,119,111,29,66,81,84" hai1="8,91,2,104,1,90,69,44,70,52,47,7,15" hai2="35,13,28,41,107,86,57,40,20,132,23,95,76" hai3="98,34,9,88,80,71,121,72,129,31,3,61,26"/><V105/><F35/><W126/><G121/><T115/><D135/><U83/><E104/><V14/><F132/><W56/><G129/><T11/><D119/><U125/><E125/><V58/><F95/><W102/><G126/><T16/><D115/><U68/><E47/><V27/><F86/><W100/><G3/><T63/><D38/><U24/><E24/><V78/><REACH who="2" step="1"/><F27/><REACH who="2" ten="220,213,280,277" step="2"/><W133/><G26/><T112/><D25/><U116/><E116/><V123/><F123/><W50/><G34/><T30/><D84/><U74/><E74/><V77/><F77/><W53/><G133/><T22/><D30/><AGARI ba="0,1" hai="13,14,20,23,28,30,40,41,57,58,76,78,105,107" machi="30" ten="25,12000,1" yaku="1,1,22,2,52,2,53,0" doraHai="103" doraHaiUra="42" who="2" fromWho="0" sc="220,-120,213,0,280,130,277,0" /><INIT seed="2,1,0,3,0,5" ten="100,213,410,277" oya="2" hai0="38,12,97,53,81,68,21,36,10,95,0,83,128" hai1="15,90,102,2,127,26,114,120,48,106,110,117,76" hai2="112,104,19,88,72,60,14,135,78,101,1,29,23" hai3="100,34,13,71,93,22,6,31,58,125,73,16,3"/><V42/><F112/><W25/><G71/><T116/><D68/><U123/><E26/><V103/><F1/><W9/><G73/><T134/><D0/><U119/><E15/><V82/><F135/><W65/><G125/><T75/><D134/><U69/><E48/><V107/><F42/><W63/><G93/><T133/><D128/><U77/><E69/><V86/><F29/><W51/><G51/><T52/><D75/><U30/><E30/><V115/><F115/><W92/><G92/><T50/><D21/><U55/><E55/><V11/><F60/><W47/><G47/><T28/><D28/><U32/><E32/><V126/><F126/><W44/><G44/><T124/><D116/><U40/><E40/><V46/><F46/><W94/><G94/><T85/><D81/><U87/><E2/><V118/><F118/><N who="1" m="45065" /><E127/><V27/><F107/><W130/><G100/><T89/><D53/><U64/><E64/><V17/><REACH who="2" step="1"/><F104/><REACH who="2" ten="100,213,400,277" step="2"/><W56/><G56/><T98/><D133/><U80/><E114/><V109/><F109/><W66/><G130/><T24/><D124/><U91/><E110/><V105/><F105/><W43/><G43/><T96/><D38/><U108/><E108/><V49/><F49/><W8/><REACH who="3" step="1"/><G66/><REACH who="3" ten="100,213,400,267" step="2"/><T33/><D36/><U70/><E70/><V45/><F45/><W54/><G54/><T99/><N who="0" m="24576" /><DORA hai="74" /><T35/><D52/><U121/><E106/><V131/><F131/><W57/><G57/><T7/><D50/><U18/><E102/><V59/><F59/><W111/><G111/><T122/><D122/><U84/><E121/><RYUUKYOKU ba="1,2" sc="100,-15,213,-15,400,15,267,15" hai2="11,14,17,19,23,27,72,78,82,86,88,101,103" hai3="3,6,8,9,13,16,22,25,31,34,58,63,65" /><INIT seed="2,2,2,5,1,68" ten="85,198,415,282" oya="2" hai0="79,37,108,81,95,106,100,47,4,41,77,25,102" hai1="39,104,56,36,126,57,70,113,98,6,109,52,3" hai2="13,63,45,121,42,29,44,69,49,76,0,16,30" hai3="60,99,135,107,87,85,51,128,35,86,9,66,124"/><V26/><F121/><W48/><G35/><T1/><D108/><U133/><E70/><V131/><F0/><W78/><G124/><T28/><D95/><U88/><E113/><V89/><F76/><W103/><G135/><T72/><D77/><U18/><E126/><V34/><F131/><W64/><G128/><T80/><D80/><U125/><E125/><V97/><F30/><W31/><G78/><T7/><D7/><U67/><E133/><V82/><F44/><W22/><G9/><N who="0" m="2191" /><D106/><U11/><E109/><V40/><F40/><W2/><G2/><T15/><D15/><U90/><E18/><V105/><F82/><W75/><G75/><T23/><AGARI ba="2,2" hai="23,25,28,37,41,47,72,79,81,100,102" m="2191" machi="23" ten="30,2000,0" yaku="25,1,52,1" doraHai="68" who="0" fromWho="0" sc="85,46,198,-7,415,-12,282,-7" /><INIT seed="3,0,0,1,1,62" ten="131,191,403,275" oya="3" hai0="35,6,44,51,3,109,38,120,27,32,112,128,113" hai1="37,28,63,56,48,53,25,122,11,104,123,49,14" hai2="118,100,111,82,99,61,115,36,70,20,16,57,12" hai3="97,89,7,77,19,10,90,93,45,127,76,41,8"/><W9/><G127/><T0/><D38/><U72/><E72/><V83/><F118/><W95/><G19/><T4/><D120/><U21/><E37/><V29/><F115/><N who="0" m="44106" /><D51/><U13/><E104/><V50/><F36/><W121/><G121/><T135/><D44/><U110/><E110/><V114/><F114/><W42/><G7/><N who="0" m="2603" /><D109/><U5/><E49/><V68/><F111/><W39/><REACH who="3" step="1"/><G42/><REACH who="3" ten="131,191,403,265" step="2"/><T54/><D128/><U85/><E122/><V60/><F16/><W1/><G1/><T15/><D135/><U107/><E123/><V58/><F29/><W116/><G116/><T30/><D3/><U52/><E107/><V129/><F129/><W40/><G40/><T133/><D133/><U80/><E5/><V33/><F12/><W125/><G125/><T69/><D0/><U117/><E117/><V94/><F68/><W26/><G26/><T17/><D69/><U106/><E106/><V73/><F70/><W75/><G75/><T64/><D27/><U78/><E11/><V84/><F73/><W101/><G101/><T81/><D30/><U102/><E102/><V98/><F100/><W87/><AGARI ba="0,1" hai="8,9,10,39,41,45,76,77,87,89,90,93,95,97" machi="87" ten="30,3000,0" yaku="1,1,0,1,53,0" doraHai="62" doraHaiUra="22" who="3" fromWho="3" sc="131,-10,191,-10,403,-10,265,40" /><INIT seed="3,1,0,1,5,67" ten="121,181,393,305" oya="3" hai0="49,80,95,78,23,93,104,74,15,20,16,13,14" hai1="29,125,127,69,3,65,9,105,79,53,37,108,38" hai2="46,59,28,99,8,66,41,87,84,83,98,1,61" hai3="101,64,52,134,35,103,128,116,0,94,43,123,11"/><W88/><G116/><T4/><D104/><U18/><E105/><V54/><F28/><W122/><G35/><T2/><D49/><U124/><E79/><V112/><F112/><W110/><G123/><T92/><REACH who="0" step="1"/><D23/><REACH who="0" ten="111,181,393,305" step="2"/><U115/><E115/><V129/><F129/><W131/><G122/><T19/><D19/><U32/><E108/><V71/><F61/><W76/><G110/><T121/><D121/><U77/><E32/><V48/><F48/><W130/><G134/><T31/><D31/><U89/><E29/><V60/><F60/><W21/><G21/><T63/><D63/><U34/><E34/><V10/><F10/><AGARI ba="1,1" hai="2,4,10,13,14,15,16,20,74,78,80,92,93,95" machi="10" ten="40,2600,0" yaku="1,1,54,1,53,0" doraHai="67" doraHaiUra="96" who="0" fromWho="2" sc="111,39,181,0,393,-29,305,0" /><INIT seed="4,0,0,3,2,120" ten="150,181,364,305" oya="0" hai0="77,9,103,46,59,80,122,135,107,55,115,39,49" hai1="71,75,78,123,65,111,67,58,23,87,29,72,79" hai2="21,92,26,7,119,63,124,53,112,104,83,15,0" hai3="1,8,134,30,102,130,5,89,82,33,91,6,76"/><T64/><D122/><U116/><E123/><V43/><F104/><W132/><G130/><T100/><D135/><N who="3" m="51753" /><G102/><T31/><D115/><U28/><E116/><V61/><F0/><W22/><G6/><T52/><D64/><U47/><E71/><V32/><F32/><W56/><G33/><T38/><D31/><U25/><E47/><V10/><F112/><W42/><G42/><T69/><D69/><U133/><E133/><V114/><F114/><W113/><G113/><T131/><D131/><U110/><E87/><V41/><F119/><W48/><G48/><T109/><D109/><U16/><E58/><N who="2" m="35023" /><F124/><W118/><G56/><T44/><D44/><U105/><E105/><V54/><F83/><W121/><G118/><T19/><D107/><U99/><E23/><V50/><F92/><W128/><G128/><T81/><D38/><U125/><E125/><V4/><F63/><W60/><G60/><N who="0" m="35943" /><D39/><U27/><REACH who="1" step="1"/><E16/><REACH who="1" ten="150,171,364,305" step="2"/><N who="2" m="12583" /><F4/><W101/><G121/><T62/><D62/><U86/><E86/><V73/><F73/><W84/><G5/><T106/><D106/><U66/><E66/><V12/><F7/><W70/><G70/><T95/><D77/><U74/><E74/><V90/><F41/><W117/><G117/><T88/><D88/><U94/><E94/><V34/><F43/><W14/><G89/><T129/><D129/><U51/><E51/><V24/><F90/><W3/><G91/><T93/><D93/><U98/><AGARI ba="0,1" hai="25,27,28,29,65,67,72,75,78,79,98,99,110,111" machi="98" ten="25,12000,2" yaku="1,1,0,1,22,2,52,2,53,0" doraHai="120" doraHaiUra="40" who="1" fromWho="1" sc="150,-60,171,130,364,-30,305,-30" /><INIT seed="5,0,0,1,0,28" ten="90,301,334,275" oya="1" hai0="70,27,20,18,121,5,73,44,82,15,45,52,83" hai1="41,122,0,129,116,126,113,78,43,127,130,120,29" hai2="31,60,71,98,3,33,67,109,47,30,88,75,93" hai3="56,6,96,125,95,105,80,92,36,124,97,11,123"/><U99/><E0/><V59/><F109/><W53/><G36/><T110/><D110/><U1/><E1/><V40/><F3/><W94/><G123/><N who="1" m="47146" /><E78/><V132/><F132/><W72/><G11/><T12/><D70/><U2/><E2/><V63/><F75/><W128/><G6/><T35/><D121/><U23/><E99/><N who="3" m="37962" /><G56/><T101/><D101/><U87/><E87/><V133/><F33/><W57/><G105/><T108/><D108/><U77/><E77/><V9/><F9/><W22/><G22/><T38/><D73/><U119/><E23/><V39/><REACH who="2" step="1"/><F133/><REACH who="2" ten="90,301,324,275" step="2"/><W76/><G128/><N who="1" m="49258" /><E29/><V69/><F69/><W32/><G32/><T55/><D35/><U131/><E131/><V21/><F21/><W102/><G72/><T61/><D20/><U26/><E26/><V135/><F135/><W58/><G102/><T90/><D27/><U64/><E113/><V24/><F24/><W85/><G85/><T25/><D25/><U54/><E54/><AGARI ba="0,1" hai="30,31,39,40,47,54,59,60,63,67,71,88,93,98" machi="54" ten="30,3900,0" yaku="1,1,7,1,54,1,53,0" doraHai="28" doraHaiUra="134" who="2" fromWho="1" sc="90,0,301,-39,324,49,275,0" /><INIT seed="6,0,0,1,0,92" ten="90,262,373,275" oya="2" hai0="89,82,58,65,50,132,10,121,123,36,22,133,13" hai1="102,85,29,98,21,9,83,122,59,131,20,117,105" hai2="130,90,54,86,33,68,107,118,94,16,69,70,73" hai3="120,84,53,126,119,11,100,8,81,1,57,111,25"/><V19/><F118/><W5/><G120/><T46/><D22/><U66/><E117/><V99/><F130/><W49/><G111/><T3/><D3/><U38/><E122/><V6/><F33/><W61/><G126/><T135/><D36/><U71/><E131/><V79/><F6/><W39/><G39/><T113/><D113/><U56/><E38/><V112/><F54/><W93/><G119/><T62/><D82/><U47/><E71/><V45/><F45/><W88/><G11/><T41/><D89/><U108/><E108/><V35/><F35/><W134/><G134/><T76/><D76/><U2/><E47/><V32/><F32/><W72/><G25/><T17/><D10/><U97/><E2/><V40/><F40/><W48/><REACH who="3" step="1"/><G72/><REACH who="3" ten="90,262,373,265" step="2"/><T129/><D13/><U127/><E127/><V77/><F112/><W24/><G24/><T101/><D17/><U0/><E0/><V52/><F19/><W27/><G27/><T91/><D129/><U96/><E29/><V18/><F16/><W23/><G23/><N who="1" m="8778" /><E105/><V87/><F18/><W116/><G116/><T125/><D125/><U4/><E102/><V14/><F107/><W106/><G106/><T7/><D7/><U43/><E43/><V109/><F73/><W63/><G63/><T26/><D26/><U103/><E103/><V30/><F109/><W37/><G37/><T95/><REACH who="0" step="1"/><D101/><REACH who="0" ten="80,262,373,265" step="2"/><U60/><E9/><V128/><F128/><W110/><G110/><T114/><D114/><U104/><E4/><V64/><F30/><W42/><G42/><T44/><D44/><U115/><E115/><RYUUKYOKU ba="0,2" sc="80,15,262,-15,373,-15,265,15" hai0="41,46,50,58,62,65,91,95,121,123,132,133,135" hai3="1,5,8,48,49,53,57,61,81,84,88,93,100" /><INIT seed="7,1,2,0,5,117" ten="95,247,358,280" oya="3" hai0="15,73,113,38,114,69,107,45,126,94,24,131,127" hai1="6,70,109,97,112,46,20,88,64,105,62,54,111" hai2="132,134,84,106,123,118,74,11,41,37,9,16,22" hai3="44,25,55,98,125,35,17,18,71,58,48,21,129"/><W101/><G71/><T119/><D24/><U72/><E72/><V135/><F74/><W32/><G129/><T33/><D94/><U104/><E112/><N who="0" m="43113" /><D15/><U27/><E6/><V76/><F118/><W128/><G125/><N who="0" m="47627" /><D119/><U75/><E75/><V1/><F106/><W120/><G128/><T36/><D73/><U14/><E14/><N who="2" m="9495" /><F123/><W90/><G120/><T66/><D131/><U103/><E104/><V77/><F84/><W34/><G90/><T65/><D107/><U82/><E46/><N who="2" m="23855" /><F1/><W87/><G87/><T67/><D33/><U26/><E54/><V86/><F86/><W83/><G83/><T47/><D69/><U102/><E102/><V52/><F134/><W95/><REACH who="3" step="1"/><G44/><AGARI ba="1,2" hai="36,38,44,45,47,65,66,67" m="47627,43113" machi="44" ten="40,12000,2" yaku="28,2,15,1,11,1,18,1,34,2" doraHai="117" who="0" fromWho="3" sc="95,143,247,0,358,0,280,-123" owari="238,-16.0,247,5.0,358,45.0,157,-34.0" /></mjloggm>