<mjloggm ver="2.3"><GO type="169" lobby="0"/><UN n0="%E3%83%88%E3%83%88%E3%83%AA%E5%85%88%E7%94%9F%31%39%E6%AD%B3" n1="%EF%BC%93%E7%95%AA%E3%82%B7%E3%83%A7%E3%83%BC%E3%83%88%E5%9D%82%E7%94%B0" n2="%62%75%74%69%74%61%6D%61" n3="%E6%B4%A5%E7%94%B0%E6%B2%BC%E3%81%A3%E5%AD%90" dan="18,16,17,16" rate="2155.45,2109.26,2189.07,2135.61" sx="F,M,M,M"/><TAIKYOKU oya="0"/><INIT seed="0,0,0,4,4,118" ten="250,250,250,250" oya="0" hai0="16,95,39,115,123,34,79,11,111,38,30,122,78" hai1="74,76,112,68,82,63,89,81,25,58,61,32,2" hai2="10,72,135,133,119,23,51,98,127,55,57,44,101" hai3="35,21,97,24,93,19,102,56,129,103,52,96,87"/><T106/><D115/><U1/><E2/><V91/><F72/><W110/><G110/><T104/><D111/><U100/><E1/><V43/><F127/><W85/><G35/><T134/><D134/><N who="2" m="51210" /><F119/><W84/><G129/><T42/><D30/><U15/><E82/><V54/><F91/><W17/><G17/><T14/><D34/><U131/><E63/><V41/><F23/><W12/><G12/><T40/><D95/><U113/><E15/><V66/><F66/><W107/><REACH who="3" step="1"/><G85/><REACH who="3" ten="250,250,250,240" step="2"/><T4/><D14/><U124/><E32/><V86/><F10/><W69/><G69/><T125/><D16/><U109/><E68/><V22/><F86/><W6/><G6/><T46/><D11/><U26/><E113/><V20/><F22/><W45/><G45/><T71/><D71/><U120/><E112/><V114/><F20/><W18/><G18/><T132/><D132/><U128/><E131/><V94/><F114/><W47/><G47/><T28/><D46/><U67/><E128/><V37/><F37/><W27/><G27/><T5/><REACH who="0" step="1"/><D28/><REACH who="0" ten="240,250,250,240" step="2"/><U13/><E13/><V108/><F108/><W99/><G99/><T53/><D53/><U121/><E109/><V90/><F54/><W70/><G70/><T126/><AGARI ba="0,2" hai="4,5,38,39,40,42,78,79,104,106,122,123,125,126" machi="126" ten="25,24000,3" yaku="1,1,0,1,22,2,52,2,53,2" doraHai="118" doraHaiUra="116" who="0" fromWho="0" sc="240,260,250,-80,250,-80,240,-80" /><INIT seed="0,1,0,3,2,71" ten="500,170,170,160" oya="0" hai0="4,6,88,97,21,132,105,109,119,78,104,67,46" hai1="55,51,58,53,133,69,108,54,120,59,45,34,25" hai2="57,135,93,113,103,115,94,9,35,13,42,102,98" hai3="128,12,62,106,52,3,96,47,125,89,8,107,126"/><T14/><D119/><U118/><E25/><V95/><F35/><W39/><G3/><T41/><D132/><U19/><E34/><V70/><F70/><W10/><G128/><T56/><D109/><U27/><E118/><V122/><F122/><W66/><G89/><T131/><D131/><U127/><E120/><V79/><F135/><W68/><G96/><T83/><D67/><U90/><E133/><V114/><F79/><W20/><G20/><T0/><D56/><U36/><E108/><V110/><F110/><W117/><G117/><T24/><D0/><U82/><E127/><N who="3" m="48650" /><G10/><T15/><D104/><U33/><E33/><V11/><F42/><N who="3" m="23007" /><G52/><T84/><D105/><U61/><E90/><V48/><F9/><W49/><G49/><N who="0" m="26831" /><D78/><U91/><E36/><V32/><F32/><W74/><G74/><T75/><D75/><U64/><E91/><V134/><F134/><W43/><G43/><T23/><D97/><U101/><E101/><V92/><F102/><W123/><G123/><T30/><D21/><U73/><E82/><V7/><F113/><W100/><G100/><T40/><D40/><N who="1" m="24999" /><E73/><V80/><F80/><W37/><G37/><T28/><D28/><U111/><E111/><V31/><F31/><W65/><G65/><T72/><D72/><U85/><E85/><V86/><F86/><W76/><G76/><T87/><D87/><U16/><E27/><V50/><F50/><W22/><G22/><T17/><D30/><U26/><E26/><V1/><F1/><W29/><G29/><T99/><D99/><U38/><E38/><V63/><F48/><RYUUKYOKU ba="1,0" sc="500,0,170,0,170,0,160,0" hai0="4,6,14,15,17,23,24,83,84,88" hai1="16,19,53,54,55,58,59,61,64,69" hai2="7,11,13,57,63,92,93,94,95,98,103,114,115" hai3="8,12,62,66,68,106,107" /><INIT seed="0,2,0,1,3,68" ten="500,170,170,160" oya="0" hai0="30,76,116,67,110,6,123,42,54,14,56,93,82" hai1="49,78,32,23,94,63,41,40,62,83,21,35,89" hai2="36,8,44,43,125,135,114,132,28,113,7,61,122" hai3="26,55,91,2,24,107,104,79,51,80,124,103,71"/><T118/><D123/><U129/><E129/><V34/><F122/><W85/><G71/><T112/><D112/><U96/><E35/><V18/><F18/><W95/><G2/><T48/><D30/><U90/><E32/><V65/><F125/><W115/><G124/><T84/><D67/><U128/><E128/><V121/><F121/><W98/><G115/><T72/><D110/><U64/><E89/><V1/><F28/><W117/><G107/><T87/><D72/><U58/><E49/><V69/><F34/><W101/><G101/><T73/><D73/><U70/><E40/><V109/><F109/><W13/><G13/><T130/><D130/><U134/><E41/><V39/><F39/><W53/><G117/><T46/><D93/><U27/><E134/><AGARI ba="2,0" hai="1,7,8,36,43,44,61,65,69,113,114,132,134,135" machi="134" ten="40,8000,1" yaku="20,1,23,2,52,1" doraHai="68" who="2" fromWho="1" sc="500,0,170,-86,170,86,160,0" /><INIT seed="1,0,0,0,4,86" ten="500,84,256,160" oya="1" hai0="85,66,29,14,74,36,1,58,9,113,51,61,45" hai1="32,37,39,87,100,69,11,114,48,24,16,15,18" hai2="25,13,49,28,35,68,17,104,126,22,40,132,55" hai3="83,118,75,64,109,119,6,78,20,90,53,23,112"/><U3/><E69/><V80/><F104/><W47/><G109/><T102/><D113/><U103/><E114/><V134/><F68/><W133/><G112/><T77/><D1/><U21/><E3/><V115/><F40/><W122/><G122/><T82/><D36/><U106/><E32/><V129/><F115/><W70/><G6/><T7/><D102/><U84/><E106/><V91/><F126/><W79/><G79/><T95/><D95/><U88/><E84/><N who="2" m="50567" /><F49/><W92/><G133/><N who="2" m="51305" /><F55/><W54/><G64/><T111/><D111/><U27/><E27/><V10/><F129/><W130/><G70/><T42/><D74/><U135/><E135/><V8/><AGARI ba="0,0" hai="8,10,13,17,22,25,28,35" m="51305,50567" machi="8" ten="30,2000,0" yaku="20,1,52,1" doraHai="86" who="2" fromWho="2" sc="500,-5,84,-10,256,20,160,-5" /><INIT seed="2,0,0,0,4,22" ten="495,74,276,155" oya="2" hai0="35,41,72,82,87,31,101,105,88,78,120,30,63" hai1="112,115,126,75,124,48,84,93,17,57,123,39,109" hai2="86,106,102,127,27,130,79,23,50,40,44,96,43" hai3="11,69,25,77,34,19,111,18,128,58,47,74,20"/><V122/><F122/><W9/><G69/><T42/><D120/><U71/><E75/><V91/><F127/><N who="1" m="48681" /><E71/><V8/><F130/><W65/><G34/><T89/><D63/><U97/><E39/><V54/><F8/><W16/><G128/><T85/><D105/><U6/><E6/><V64/><F79/><W80/><G111/><T114/><D114/><N who="1" m="43563" /><E17/><V24/><F64/><W32/><G32/><T70/><D101/><N who="1" m="60591" /><E123/><V68/><F68/><W116/><G116/><T49/><D70/><U90/><E109/><V26/><REACH who="2" step="1"/><F23/><REACH who="2" ten="495,74,266,155" step="2"/><W37/><G11/><T53/><D35/><U7/><E7/><V45/><F45/><W61/><G9/><T132/><D78/><U12/><E57/><V59/><F59/><W95/><G47/><N who="0" m="27839" /><D72/><U52/><E48/><V135/><F135/><W13/><G37/><T14/><D132/><U33/><E33/><V38/><F38/><W100/><G13/><T125/><D14/><U118/><E12/><V10/><F10/><W134/><G134/><T0/><D125/><U107/><E118/><V67/><F67/><W15/><G15/><T56/><D56/><U1/><E1/><V117/><F117/><W110/><G110/><T104/><D0/><U81/><E52/><V103/><F103/><W28/><G100/><T113/><D113/><U55/><E55/><V133/><F133/><W98/><G65/><T29/><D42/><U83/><E107/><V131/><F131/><W129/><G129/><T60/><D41/><U2/><E2/><V66/><F66/><W121/><G58/><T92/><D104/><U76/><E76/><RYUUKYOKU ba="0,1" sc="495,10,74,10,266,10,155,-30" hai0="29,30,31,60,82,85,87,88,89,92" hai1="81,83,84,90" hai2="24,26,27,40,43,44,50,54,86,91,96,102,106" /><INIT seed="2,1,1,2,2,132" ten="505,84,276,125" oya="2" hai0="114,8,113,73,6,110,100,103,28,44,106,7,5" hai1="129,27,124,62,66,85,26,45,120,37,69,55,3" hai2="64,89,38,130,84,79,105,43,35,97,134,93,33" hai3="20,4,75,15,96,58,116,39,10,18,83,57,123"/><V112/><F112/><W74/><G123/><T0/><D73/><U48/><E3/><V107/><F134/><W86/><G39/><T53/><D110/><U90/><E120/><V102/><F130/><W76/><G116/><T115/><D28/><U16/><E129/><V47/><F107/><W59/><REACH who="3" step="1"/><G96/><REACH who="3" ten="505,84,276,115" step="2"/><T71/><D113/><U9/><E37/><V51/><F64/><W81/><G81/><T31/><D115/><U50/><E50/><V91/><F79/><W95/><G95/><T1/><D114/><U128/><E128/><V127/><F38/><W118/><G118/><T109/><D106/><U108/><E108/><V24/><F105/><W52/><G52/><T34/><D53/><U63/><E63/><V70/><F97/><W88/><G88/><T78/><D78/><U19/><E124/><V41/><F127/><W2/><AGARI ba="1,2" hai="2,4,10,15,18,20,57,58,59,74,75,76,83,86" machi="2" ten="30,4000,0" yaku="1,1,0,1,53,1" doraHai="132" doraHaiUra="80" who="3" fromWho="3" sc="505,-11,84,-11,276,-21,115,63" /><INIT seed="3,0,0,5,5,11" ten="494,73,255,178" oya="3" hai0="34,101,132,84,29,54,62,113,22,117,52,57,36" hai1="12,122,28,74,21,43,23,98,131,115,125,58,82" hai2="64,35,134,80,14,53,79,6,26,109,48,17,45" hai3="18,118,56,69,67,9,93,104,50,95,39,106,88"/><W91/><G39/><T81/><D117/><U129/><E122/><V128/><F109/><W121/><G121/><T71/><D36/><U87/><E74/><V110/><F110/><W108/><G118/><T24/><D132/><U100/><E115/><V59/><F134/><W0/><G108/><T77/><D113/><U102/><E43/><V8/><F128/><N who="1" m="49225" /><E125/><V89/><F89/><W83/><G83/><T38/><D38/><U120/><E120/><V126/><F126/><W99/><G69/><T30/><D71/><U25/><E58/><V41/><F64/><W33/><G33/><T85/><D101/><N who="1" m="39019" /><E98/><V66/><F66/><W130/><G130/><T55/><D34/><N who="1" m="20751" /><E12/><V19/><F35/><W124/><G124/><T13/><D30/><U32/><E32/><V4/><F26/><W114/><G114/><T60/><D60/><U15/><E15/><V16/><F6/><W2/><G2/><T116/><D116/><U1/><E1/><V75/><REACH who="2" step="1"/><F4/><REACH who="2" ten="494,73,245,178" step="2"/><W10/><G67/><T103/><D103/><U86/><E86/><V94/><F94/><W78/><G95/><T61/><D84/><U37/><E37/><AGARI ba="0,1" hai="8,14,16,17,19,37,41,45,48,53,59,75,79,80" machi="37" ten="30,7700,0" yaku="1,1,7,1,52,1,54,1,53,0" doraHai="11" doraHaiUra="3" who="2" fromWho="1" sc="494,0,73,-77,245,87,178,0" owari="494,59.0,-4,-50.0,332,13.0,178,-22.0" /></mjloggm>