<mjloggm ver="2.3"><GO type="169" lobby="0"/><UN n0="%E3%82%A6%E3%83%AB%E3%83%88%E3%83%A9%E7%AB%8B%E7%9B%B4" n1="%62%75%74%69%74%61%6D%61" n2="%6C%69%6C%6C%61%6D%6D%6D" n3="%E3%81%8B%E3%82%89%E3%83%BC%E3%81%9C" dan="17,17,17,17" rate="2127.08,2167.51,2092.89,2127.53" sx="M,M,M,M"/><TAIKYOKU oya="0"/><INIT seed="0,0,0,1,4,46" ten="250,250,250,250" oya="0" hai0="34,20,8,100,45,5,87,106,104,50,73,113,134" hai1="90,108,13,59,99,43,4,47,10,22,15,32,129" hai2="92,119,49,18,56,96,17,126,26,24,64,36,6" hai3="28,19,107,98,124,27,94,82,67,120,131,132,38"/><T78/><D34/><U58/><E32/><V114/><F36/><W3/><G3/><T51/><D113/><U60/><E108/><V69/><F114/><W97/><G38/><T112/><D112/><U84/><E99/><V2/><F126/><W1/><G1/><T125/><D73/><U48/><E129/><V81/><F119/><W101/><G124/><T61/><D125/><U65/><E59/><V128/><F128/><W29/><G131/><T63/><D134/><U41/><E41/><V37/><F37/><W35/><G132/><T121/><D121/><U40/><E40/><V72/><F69/><W9/><G29/><T62/><D20/><U77/><E77/><V30/><F6/><W74/><G67/><T122/><D122/><U76/><E76/><V0/><F0/><W25/><G120/><T68/><D68/><U42/><E42/><V89/><F2/><W133/><G133/><T109/><D109/><U23/><REACH who="1" step="1"/><E15/><REACH who="1" ten="250,240,250,250" step="2"/><V118/><F96/><W33/><G98/><T102/><D104/><U71/><E71/><V52/><F56/><W12/><G107/><T31/><D106/><U111/><E111/><V7/><F118/><W53/><G35/><T54/><D50/><U86/><E86/><V66/><F49/><W57/><G33/><T14/><REACH who="0" step="1"/><D31/><REACH who="0" ten="240,240,250,250" step="2"/><U70/><E70/><V79/><F30/><W55/><G28/><T127/><D127/><U83/><AGARI ba="0,2" hai="4,10,13,22,23,43,47,48,58,60,65,83,84,90" machi="83" ten="20,8000,1" yaku="1,1,0,1,7,1,8,1,52,1,53,0" doraHai="46" doraHaiUra="103" who="1" fromWho="1" sc="240,-40,240,100,250,-20,250,-20" /><INIT seed="1,0,0,5,5,120" ten="200,340,230,230" oya="1" hai0="53,31,105,113,119,116,50,102,114,134,9,124,15" hai1="33,108,12,69,86,115,14,104,123,32,27,20,24" hai2="72,48,79,47,19,0,10,71,66,68,106,101,87" hai3="132,35,103,80,75,135,44,73,49,74,37,23,121"/><U110/><E69/><V60/><F72/><W128/><G121/><T58/><D102/><U85/><E123/><V46/><F68/><W52/><G35/><N who="1" m="13386" /><E104/><V2/><F101/><W98/><G128/><T55/><D31/><N who="1" m="17799" /><E86/><V90/><F79/><W41/><G23/><T5/><D105/><U45/><E45/><V16/><F46/><W131/><G131/><T88/><D55/><U18/><E85/><V61/><F61/><W70/><G70/><T11/><D88/><U92/><E92/><V76/><F76/><W107/><REACH who="3" step="1"/><G80/><REACH who="3" ten="200,340,230,220" step="2"/><T91/><D114/><U97/><E115/><V127/><F71/><W42/><G42/><T83/><D83/><U89/><E89/><V94/><F90/><W38/><G38/><T57/><D91/><U22/><E97/><V4/><F127/><W111/><G111/><AGARI ba="0,1" hai="12,14,18,22,27,108,110,111" m="17799,13386" machi="111" ten="30,18000,2" yaku="14,1,10,1,34,2,52,3" doraHai="120" who="1" fromWho="3" sc="200,0,340,190,230,0,220,-180" /><INIT seed="1,1,0,0,2,98" ten="200,530,230,40" oya="1" hai0="105,3,80,107,82,90,35,24,59,124,31,7,29" hai1="44,37,23,134,43,54,97,75,28,123,11,102,71" hai2="25,96,106,13,19,126,14,89,87,2,101,70,118" hai3="73,36,81,34,117,38,18,15,26,109,66,6,88"/><U58/><E71/><V93/><F118/><W76/><G117/><T52/><D124/><U0/><E75/><V55/><F2/><W49/><G109/><T45/><D31/><U47/><E123/><V83/><F126/><W42/><G66/><T79/><D45/><U119/><E119/><V39/><F39/><W92/><G6/><T110/><D110/><U85/><E134/><V30/><F70/><W108/><G108/><T56/><D56/><U22/><E47/><V60/><F19/><W57/><G34/><T104/><D90/><U113/><E113/><V33/><F60/><W103/><G26/><T40/><D40/><U86/><E11/><V16/><F55/><W129/><G129/><T131/><D131/><U27/><E22/><V65/><F65/><W77/><G77/><T130/><D130/><U133/><E0/><V99/><REACH who="2" step="1"/><F16/><REACH who="2" ten="200,530,220,40" step="2"/><W32/><G38/><T41/><D3/><U5/><E133/><V78/><AGARI ba="1,1" hai="13,14,25,30,33,78,83,87,89,93,96,99,101,106" machi="78" ten="20,12000,2" yaku="1,1,2,1,0,1,7,1,52,1,53,1" doraHai="98" doraHaiUra="84" who="2" fromWho="2" sc="200,-31,530,-61,220,133,40,-31" /><INIT seed="2,0,0,2,4,46" ten="169,469,353,9" oya="2" hai0="41,11,100,98,128,23,61,22,104,44,81,111,107" hai1="45,54,117,126,119,4,27,72,19,71,57,28,97" hai2="116,30,118,1,58,69,64,123,90,14,125,96,103" hai3="40,73,127,59,85,52,82,8,6,79,35,24,7"/><V105/><F1/><W131/><G127/><T112/><D107/><U10/><E71/><V0/><F0/><W17/><G131/><T26/><D111/><U84/><E72/><V39/><F123/><W31/><G40/><T63/><D112/><U29/><E19/><V62/><F39/><W70/><G70/><T130/><D11/><U67/><E67/><V18/><F125/><W47/><G47/><T80/><D81/><U2/><E45/><V106/><F106/><W135/><G135/><T5/><D80/><U89/><E97/><V37/><F37/><W87/><G17/><T42/><D5/><U120/><E28/><V60/><F90/><W43/><G43/><T109/><D109/><U93/><E120/><V92/><F92/><W133/><G133/><T3/><D3/><U32/><E126/><V56/><F30/><W49/><G6/><T74/><D74/><U55/><E55/><V53/><F69/><W101/><G101/><T113/><D113/><U134/><E134/><V110/><F110/><W115/><G115/><T25/><D44/><U124/><E124/><V36/><F36/><W86/><G86/><T114/><D114/><U102/><E102/><V51/><F51/><AGARI ba="0,0" hai="2,4,10,27,29,32,51,54,57,84,89,93,117,119" machi="51" ten="30,2000,0" yaku="7,1,52,1" doraHai="46" who="1" fromWho="2" sc="169,0,469,20,353,-20,9,0" /><INIT seed="3,0,0,2,4,79" ten="169,489,333,9" oya="3" hai0="55,131,135,59,36,53,64,119,117,56,128,68,44" hai1="47,51,11,34,12,3,35,95,15,76,129,126,83" hai2="85,88,96,58,116,38,120,75,97,46,20,30,90" hai3="133,13,125,24,78,28,80,45,87,69,110,127,26"/><W17/><G69/><T16/><D16/><U101/><E3/><V100/><F116/><W60/><G133/><T108/><D135/><U67/><E67/><V92/><F75/><W33/><G60/><N who="0" m="39943" /><D108/><U29/><E126/><N who="3" m="48138" /><G110/><T4/><D4/><U61/><E129/><N who="0" m="49737" /><D56/><U71/><E29/><V54/><F120/><W8/><G45/><T57/><D57/><U77/><E77/><V32/><F32/><W9/><G26/><T7/><D7/><U86/><E15/><V21/><F30/><W52/><G52/><N who="0" m="20043" /><D59/><U25/><E25/><V121/><F121/><W84/><G8/><T105/><D105/><U104/><E104/><V122/><F122/><W89/><G89/><T42/><AGARI ba="0,0" hai="36,42,44,117,119" m="20043,49737,39943" machi="42" ten="30,7900,0" yaku="19,1,34,2,54,1" doraHai="79" who="0" fromWho="0" sc="169,79,489,-20,333,-20,9,-39" owari="248,-15.0,469,57.0,313,11.0,-30,-53.0" /></mjloggm>