<mjloggm ver="2.3"><GO type="169" lobby="0"/><UN n0="%E3%81%87%E3%82%8B%E3%81%87%E3%82%8B" n1="%E5%B0%B1%E6%B4%BB%E7%94%9F%40%E5%B7%9D%E6%9D%91%E8%BB%8D%E5%9B%A3" n2="%66%75%6A%69" n3="%E3%81%91%E3%82%93%31%39%37%30" dan="16,16,16,17" rate="2119.94,2099.59,2030.55,2162.14" sx="M,M,M,M"/><TAIKYOKU oya="0"/><INIT seed="0,0,0,2,2,91" ten="250,250,250,250" oya="0" hai0="62,10,134,33,131,105,95,25,0,60,115,98,106" hai1="58,110,111,57,96,59,41,123,17,132,46,118,61" hai2="73,18,16,31,3,126,76,72,85,75,63,87,122" hai3="125,15,82,93,29,97,51,2,90,14,79,120,116"/><T24/><D115/><U109/><E118/><V94/><F122/><W48/><G2/><T65/><D131/><U45/><E123/><V40/><F3/><W39/><G39/><T44/><D62/><U127/><E127/><V103/><F40/><W7/><G116/><T135/><D44/><N who="1" m="17003" /><E17/><V71/><F31/><W113/><G125/><T129/><D129/><U36/><E96/><V37/><F37/><W89/><G113/><T23/><D0/><U101/><E101/><V6/><F6/><W8/><G29/><T114/><D10/><U77/><E77/><V26/><F126/><W19/><G90/><T21/><D33/><U5/><E5/><V11/><F26/><W121/><G121/><T112/><D106/><U66/><E132/><V52/><F11/><W102/><G102/><T130/><D105/><U70/><E36/><V84/><F76/><W49/><G120/><T13/><D130/><U43/><AGARI ba="0,0" hai="41,43,57,58,59,61,66,70,109,110,111" m="17003" machi="43" ten="40,5200,0" yaku="14,1,34,2" doraHai="91" who="1" fromWho="1" sc="250,-26,250,52,250,-13,250,-13" /><INIT seed="1,0,0,3,2,51" ten="224,302,237,237" oya="1" hai0="94,56,59,131,111,32,74,67,129,133,12,71,114" hai1="24,69,75,72,101,113,70,108,126,3,5,13,30" hai2="15,38,1,79,36,105,119,134,123,39,49,44,0" hai3="45,109,102,19,8,110,96,98,22,106,86,21,78"/><U42/><E113/><V65/><F119/><W62/><G98/><T34/><D114/><U107/><E13/><V84/><F105/><W46/><G62/><T90/><D74/><U130/><E42/><V116/><F116/><W122/><G122/><T9/><D71/><U93/><E93/><V87/><F123/><W128/><G8/><T120/><D120/><U127/><E130/><V4/><F65/><W33/><G33/><T10/><D111/><N who="3" m="42505" /><G21/><T100/><D100/><U23/><E108/><V54/><F134/><W58/><G128/><T68/><D68/><U28/><E28/><V25/><F25/><N who="3" m="14559" /><G58/><T40/><D133/><U37/><E5/><V48/><F4/><W112/><G112/><T16/><D34/><U50/><E3/><V27/><F27/><W76/><G86/><T29/><D32/><U2/><E2/><V66/><F15/><W43/><G46/><T97/><D29/><U47/><E75/><V95/><F84/><W63/><G63/><T73/><D73/><U125/><E72/><V83/><F66/><W117/><G117/><T80/><D10/><U53/><E70/><V60/><F60/><W11/><G11/><T14/><D14/><U85/><E85/><V88/><F1/><W118/><G118/><T26/><D26/><U77/><E69/><V35/><F0/><W135/><G135/><T6/><D6/><U20/><E20/><V91/><F35/><W57/><G57/><T31/><D129/><U18/><E30/><V7/><F7/><W104/><G104/><T81/><D131/><U41/><E107/><V52/><F95/><RYUUKYOKU ba="0,0" sc="224,-15,302,-15,237,15,237,15" hai2="36,38,39,44,48,49,52,54,79,83,87,88,91" hai3="43,45,76,78,96,102,106" /><INIT seed="2,1,0,1,0,100" ten="209,287,252,252" oya="2" hai0="116,49,36,40,115,32,53,3,71,99,15,59,42" hai1="23,28,34,69,39,111,103,76,113,30,117,43,37" hai2="29,5,90,130,78,61,7,26,10,52,89,94,0" hai3="64,16,105,80,44,73,57,8,11,41,33,97,18"/><V51/><F130/><W98/><G33/><T72/><D3/><U107/><E113/><V79/><F5/><W58/><G73/><T121/><D72/><U131/><E117/><V123/><F61/><W24/><G80/><T104/><D32/><U118/><E118/><V68/><F68/><W95/><G64/><T120/><D116/><U22/><E131/><V96/><F90/><W48/><G105/><T13/><D71/><U56/><E76/><V85/><F96/><W6/><G6/><T129/><D115/><U127/><E111/><V122/><F122/><W125/><G125/><T47/><D42/><U21/><E127/><V35/><REACH who="2" step="1"/><F123/><REACH who="2" ten="209,287,242,252" step="2"/><W84/><G98/><T17/><D129/><U50/><E69/><V75/><F75/><W62/><G62/><T55/><D121/><U126/><E126/><V54/><F54/><W63/><G63/><T27/><D55/><U4/><E4/><V65/><F65/><W31/><G97/><T93/><D120/><U91/><E91/><V1/><F1/><W109/><G109/><T70/><D70/><U102/><E102/><V124/><F124/><W60/><G60/><T112/><D112/><U133/><E103/><V110/><F110/><W108/><G108/><T88/><D104/><U101/><E101/><V19/><F19/><W82/><G16/><T25/><REACH who="0" step="1"/><D15/><REACH who="0" ten="199,287,242,252" step="2"/><U132/><E107/><V92/><F92/><W9/><G95/><T106/><D106/><U46/><E43/><V83/><F83/><W2/><G82/><T86/><D86/><U45/><E133/><V135/><F135/><W67/><G41/><RYUUKYOKU ba="1,2" sc="199,15,287,-15,242,15,252,-15" hai0="13,17,25,27,36,40,47,49,53,59,88,93,99" hai2="0,7,10,26,29,35,51,52,78,79,85,89,94" /><INIT seed="2,2,2,4,2,113" ten="214,272,257,237" oya="2" hai0="4,3,126,105,20,23,73,71,83,81,60,110,127" hai1="6,90,62,51,7,17,124,95,28,41,67,30,86" hai2="89,48,64,115,22,93,33,94,132,26,29,12,66" hai3="121,116,35,111,133,75,102,107,2,38,63,117,104"/><V134/><F115/><W130/><G63/><T109/><D105/><U85/><E124/><N who="0" m="47657" /><D4/><N who="1" m="1579" /><E17/><N who="2" m="10535" /><F48/><W52/><G52/><T87/><D3/><U96/><E62/><V43/><F43/><W44/><G2/><T9/><D9/><U40/><E67/><N who="2" m="25643" /><F89/><W97/><G121/><T65/><D73/><U131/><E131/><V39/><F39/><W45/><G45/><T72/><D72/><U98/><E98/><V5/><F5/><W32/><G130/><T69/><D71/><U91/><E96/><V11/><F11/><W21/><G21/><N who="0" m="8267" /><D83/><N who="1" m="49471" /><E51/><V25/><F25/><W24/><G107/><T101/><D101/><U80/><E80/><V55/><F55/><W49/><G49/><T27/><D27/><U10/><E10/><V53/><F53/><W46/><G46/><T13/><D13/><U15/><E15/><V122/><F122/><W88/><G75/><T106/><D106/><U61/><E61/><V0/><F0/><W84/><G24/><T78/><AGARI ba="2,2" hai="60,65,69,78,81,87,109,110" m="8267,47657" machi="78" ten="30,1100,0" yaku="18,1" doraHai="113" who="0" fromWho="0" sc="214,37,272,-5,257,-7,237,-5" /><INIT seed="3,0,0,5,0,0" ten="251,267,250,232" oya="3" hai0="22,135,7,11,76,61,80,73,64,70,66,121,9" hai1="106,42,90,125,17,117,72,12,44,14,26,63,54" hai2="10,24,45,1,41,36,102,4,37,15,21,75,132" hai3="18,91,103,25,52,128,32,107,119,67,98,114,30"/><W39/><G114/><T123/><D135/><U5/><E106/><V31/><F132/><W97/><G119/><T99/><D99/><U59/><E72/><V56/><F75/><W78/><G39/><T131/><D131/><U96/><E117/><V92/><F56/><W81/><G128/><T27/><D11/><N who="1" m="4207" /><E125/><V60/><F60/><W110/><G110/><T6/><D66/><U95/><E26/><V53/><F53/><W120/><G120/><T113/><D113/><U133/><E133/><V118/><F118/><W130/><G130/><T38/><D38/><U77/><E77/><V134/><F134/><W108/><G108/><T28/><REACH who="0" step="1"/><D7/><REACH who="0" ten="241,267,250,232" step="2"/><U93/><E96/><V33/><F37/><W124/><G67/><T82/><D82/><U109/><E109/><V49/><F36/><W43/><G98/><T13/><AGARI ba="0,1" hai="6,9,13,22,27,28,61,64,70,73,76,80,121,123" machi="13" ten="20,5200,0" yaku="1,1,0,1,7,1,52,1,53,0" doraHai="0" doraHaiUra="100" who="0" fromWho="0" sc="241,62,267,-13,250,-13,232,-26" /><INIT seed="4,0,0,1,3,105" ten="303,254,237,206" oya="0" hai0="127,46,52,62,31,89,75,77,90,29,85,99,86" hai1="72,71,35,1,74,57,30,18,54,28,5,100,0" hai2="8,21,134,73,50,117,39,44,25,2,93,13,97" hai3="24,45,101,6,129,64,108,66,135,47,126,125,15"/><T49/><D127/><U4/><E71/><V76/><F134/><W120/><G108/><T51/><D62/><U122/><E122/><V132/><F132/><W68/><G135/><T81/><D99/><U116/><E116/><V106/><F39/><W115/><G101/><T69/><D69/><U22/><E100/><V113/><F2/><W19/><G6/><T84/><D49/><U128/><E128/><V80/><F113/><W12/><G115/><T11/><D11/><U88/><E35/><V96/><F106/><W83/><G83/><T20/><D31/><U40/><E40/><V78/><F78/><W91/><G24/><T111/><D111/><U61/><E30/><V107/><F107/><W7/><G7/><T110/><D110/><U42/><E28/><V38/><F38/><W9/><G91/><T63/><D63/><U124/><E42/><V53/><F93/><W23/><G68/><T95/><D86/><U133/><E133/><V67/><F67/><N who="3" m="25643" /><G129/><T26/><D90/><U82/><E124/><N who="3" m="47722" /><G120/><T112/><D112/><U48/><E4/><V119/><F119/><W87/><G87/><T131/><D131/><U104/><E104/><V3/><F3/><W98/><G98/><T14/><D14/><N who="3" m="5161" /><G9/><T114/><D114/><U123/><E5/><N who="2" m="3215" /><F117/><W92/><G92/><T36/><D36/><U55/><E123/><V16/><F97/><W79/><G79/><T94/><D94/><U37/><E1/><V65/><F96/><W109/><G109/><T41/><D84/><N who="1" m="50199" /><E0/><V10/><F10/><W121/><G121/><T27/><D27/><N who="1" m="14807" /><E37/><V58/><F65/><RYUUKYOKU ba="0,0" sc="303,0,254,0,237,0,206,0" hai0="20,26,29,41,46,51,52,75,77,81,85,89,95" hai1="48,54,55,57,61,72,74" hai2="16,21,25,44,50,53,58,73,76,80" hai3="19,23,45,47" /><INIT seed="4,1,0,2,2,120" ten="303,254,237,206" oya="0" hai0="108,101,93,117,99,40,129,60,106,28,51,64,89" hai1="8,17,38,61,69,127,104,75,131,1,18,115,82" hai2="59,70,77,84,68,118,121,114,86,20,62,57,27" hai3="63,24,42,31,50,92,7,76,2,116,112,122,97"/><T53/><D117/><U15/><E104/><V67/><F121/><W71/><G122/><T78/><D129/><U44/><E131/><V87/><F114/><W14/><G112/><T35/><D40/><N who="1" m="22551" /><E115/><V111/><F111/><W29/><G2/><T22/><D35/><U26/><E26/><V12/><F118/><W39/><G76/><T85/><D78/><N who="1" m="44383" /><E15/><V113/><F77/><W66/><G39/><T124/><D124/><U91/><E91/><V107/><F107/><W54/><G54/><T110/><D22/><U47/><E47/><V25/><F113/><W0/><G0/><T32/><D28/><U33/><E33/><V34/><F34/><W135/><G135/><T72/><D72/><U16/><E127/><V5/><F57/><W130/><G130/><T52/><D32/><U6/><E61/><V80/><F80/><W81/><G81/><T19/><D19/><U9/><E9/><V11/><REACH who="2" step="1"/><F27/><REACH who="2" ten="303,254,227,206" step="2"/><W128/><G128/><T96/><D96/><U123/><E123/><V37/><F37/><W58/><G58/><T109/><D51/><U48/><E48/><V55/><F55/><W119/><G119/><T23/><D23/><U73/><E73/><V102/><F102/><W10/><G116/><T43/><D43/><U3/><E3/><V132/><F132/><W95/><G42/><T56/><AGARI ba="1,1" hai="52,53,56,60,64,85,89,93,99,101,106,108,109,110" machi="56" ten="30,18000,2" yaku="0,1,10,1,52,3,54,1" doraHai="120" who="0" fromWho="0" sc="303,193,254,-61,227,-61,206,-61" /><INIT seed="4,2,0,0,2,97" ten="496,193,166,145" oya="0" hai0="124,99,38,71,4,34,119,33,82,50,120,80,23" hai1="118,13,36,14,45,111,10,101,87,27,88,22,5" hai2="7,60,114,89,41,100,90,67,131,28,135,125,3" hai3="31,83,62,43,108,44,26,32,15,109,112,96,84"/><T52/><D38/><U51/><E118/><V128/><F114/><W6/><G112/><T53/><D119/><U25/><E111/><V2/><F28/><W46/><G46/><T42/><D120/><U113/><E36/><V93/><F41/><W19/><G6/><T55/><D71/><U133/><E133/><V61/><F135/><W69/><G69/><T56/><D124/><U8/><E113/><V107/><F107/><W127/><G62/><T35/><D4/><U63/><E63/><V132/><F132/><W58/><G58/><T73/><D73/><U95/><E101/><V59/><F125/><W86/><G86/><T104/><D42/><U20/><E27/><V75/><F75/><W29/><G96/><T49/><D23/><U54/><E25/><V24/><F24/><W57/><G57/><T117/><D117/><U66/><E66/><V121/><F121/><W78/><G31/><T76/><D76/><U106/><E106/><V94/><F59/><W40/><G40/><T9/><D9/><U65/><E65/><V134/><F134/><W81/><G81/><T98/><D104/><U74/><E74/><V110/><F110/><W123/><G123/><T17/><D17/><AGARI ba="2,0" hai="5,8,10,13,14,17,20,22,45,51,54,87,88,95" machi="17" ten="30,3900,0" yaku="7,1,8,1,54,1" doraHai="97" who="1" fromWho="0" sc="496,-45,193,45,166,0,145,0" /><INIT seed="5,0,0,4,1,36" ten="451,238,166,145" oya="1" hai0="99,43,114,63,61,17,77,19,113,100,106,93,105" hai1="7,21,18,73,133,29,68,79,131,3,48,6,87" hai2="121,123,14,24,9,102,39,44,119,78,80,112,51" hai3="42,1,134,88,128,27,76,84,110,25,55,56,118"/><U62/><E73/><V0/><F119/><W22/><G110/><T86/><D43/><U12/><E131/><V115/><F102/><W125/><G1/><T57/><D63/><U47/><E133/><V90/><F24/><W32/><G134/><T5/><D5/><U97/><E29/><V65/><F65/><W104/><G104/><T2/><D2/><U26/><E3/><V129/><F129/><W30/><G125/><T72/><D106/><U124/><E97/><V69/><F69/><W126/><G126/><T120/><D120/><U59/><E68/><V60/><F60/><W49/><G118/><T53/><D19/><U31/><E124/><V75/><F90/><W10/><G10/><T122/><D17/><U20/><E87/><V64/><F64/><W103/><G103/><T8/><D8/><U94/><E94/><V98/><F98/><W13/><G13/><T91/><D122/><U37/><E37/><V23/><F23/><W41/><G76/><T11/><D11/><U132/><E79/><V34/><F34/><W58/><G58/><T108/><D108/><U45/><E45/><V107/><F107/><W54/><G54/><T81/><AGARI ba="0,0" hai="53,57,61,72,77,81,86,91,93,99,100,105,113,114" machi="81" ten="30,4000,0" yaku="0,1,24,2" doraHai="36" who="0" fromWho="0" sc="451,40,238,-20,166,-10,145,-10" /><INIT seed="6,0,0,2,1,46" ten="491,218,156,135" oya="2" hai0="48,27,92,57,18,58,28,7,84,20,112,9,110" hai1="14,126,63,116,54,11,71,31,55,129,19,6,88" hai2="76,72,38,113,53,4,23,89,30,130,13,65,90" hai3="15,34,75,94,81,95,45,59,1,127,91,35,5"/><V135/><F38/><W62/><G1/><T78/><D110/><U120/><E116/><V47/><F65/><W85/><G127/><T114/><D48/><U60/><E129/><V111/><F130/><W32/><G75/><T80/><D92/><U117/><E117/><V107/><F107/><W73/><G73/><T93/><D93/><U134/><E134/><V17/><F72/><W131/><G131/><T68/><D68/><U119/><E119/><V133/><F76/><W49/><G15/><N who="0" m="5567" /><D28/><U37/><E37/><V12/><F30/><W10/><G10/><T99/><D99/><U70/><E31/><V125/><F125/><W64/><REACH who="3" step="1"/><G5/><REACH who="3" ten="491,218,156,125" step="2"/><T96/><D114/><U122/><E126/><V123/><F4/><W77/><G77/><T25/><D112/><U8/><E8/><V79/><F79/><W39/><G39/><T103/><D27/><U106/><E6/><V24/><F113/><W108/><G108/><T16/><D18/><U102/><E19/><V83/><F111/><W115/><G115/><T43/><D16/><U36/><E11/><V100/><F24/><W3/><G3/><T124/><D25/><U104/><E36/><V128/><F13/><W98/><G98/><T118/><D124/><U82/><E14/><V50/><F128/><W87/><G87/><T29/><D96/><U26/><E26/><V69/><F133/><W66/><G66/><T61/><D84/><U56/><E120/><V97/><F135/><W74/><G74/><T44/><D118/><U2/><E2/><V52/><F97/><W33/><N who="3" m="8192" /><DORA hai="109" /><W42/><AGARI ba="0,1" hai="42,45,49,59,62,64,81,85,91,94,95" m="8192" machi="42" ten="60,8000,1" yaku="1,1,4,1,0,1,52,1,53,1" doraHai="46,109" doraHaiUra="86,22" who="3" fromWho="3" sc="491,-20,218,-20,156,-40,125,90" /><INIT seed="7,0,0,3,5,86" ten="471,198,116,215" oya="3" hai0="38,34,29,127,94,130,133,67,102,56,117,40,47" hai1="52,5,27,55,62,104,46,66,128,91,1,28,118" hai2="20,41,32,49,25,75,8,97,71,35,113,120,2" hai3="80,119,10,112,37,4,43,53,123,31,36,124,57"/><W100/><G119/><T61/><D117/><U60/><E104/><V70/><F75/><W81/><G31/><T16/><D127/><U48/><E118/><V85/><F113/><W26/><G124/><T73/><D133/><U72/><E72/><V83/><F120/><W23/><G100/><T24/><D130/><U11/><E128/><V54/><F70/><W21/><G112/><T129/><D73/><U111/><E111/><V0/><F71/><W107/><G107/><T58/><D16/><U19/><E19/><V9/><F2/><W93/><G93/><T39/><D39/><U50/><E91/><V89/><F97/><W114/><G26/><T88/><D102/><U84/><E84/><V82/><F41/><W131/><G43/><T51/><D38/><U42/><E66/><V90/><F9/><W78/><G10/><T79/><D79/><U69/><E69/><V126/><F126/><W13/><G78/><T14/><D14/><U110/><E42/><V109/><F109/><W17/><G13/><T116/><D116/><U98/><E98/><V44/><F0/><W87/><G87/><T15/><D15/><U74/><E74/><V132/><F132/><W64/><G114/><T134/><D134/><U63/><E110/><V3/><F83/><W115/><G81/><T135/><D135/><U68/><E68/><V99/><F3/><W96/><G80/><T30/><D129/><U65/><E65/><V92/><REACH who="2" step="1"/><F8/><REACH who="2" ten="471,198,106,215" step="2"/><W106/><G96/><N who="0" m="57415" /><D40/><U45/><E28/><AGARI ba="0,1" hai="20,25,28,32,35,44,49,54,82,85,89,90,92,99" machi="28" ten="30,7700,0" yaku="1,1,7,1,52,2,53,0" doraHai="86" doraHaiUra="6" who="2" fromWho="1" sc="471,0,198,-77,106,87,215,0" owari="471,57.0,121,-38.0,193,-21.0,215,2.0" /></mjloggm>