<mjloggm ver="2.3"><GO type="97" lobby="0"/><UN n0="%E3%81%8F%E3%83%BC%E3%81%A1%E3%82%83%E3%82%93%E2%98%85" n1="%E3%81%A8%E3%81%86%E3%81%8B%E3%81%84%E3%81%A6%E3%81%84%E3%81%8A%E3%81%86" n2="%E5%B0%B1%E6%B4%BB%E7%94%9F%40%E5%B7%9D%E6%9D%91%E8%BB%8D%E5%9B%A3" n3="%4D%49%59%55%52%4F" dan="13,14,14,15" rate="1911.52,1985.93,1978.30,1974.99" sx="F,M,M,M"/><TAIKYOKU oya="0"/><INIT seed="0,0,0,0,1,71" ten="250,250,250,250" oya="0" hai0="125,17,69,8,74,53,114,93,55,60,24,80,94" hai1="130,102,38,107,45,42,88,108,57,50,135,10,132" hai2="106,44,110,49,113,116,133,35,1,21,54,77,12" hai3="73,81,122,72,34,46,111,11,2,28,95,6,79"/><T126/><D114/><U13/><E130/><V134/><F35/><W62/><G111/><T0/><D74/><U119/><E119/><V75/><F1/><W68/><G122/><T5/><D80/><U109/><E107/><V25/><F106/><W84/><G95/><T23/><D69/><U85/><E102/><V67/><F67/><W91/><G91/><T129/><D129/><U112/><E57/><V43/><F110/><N who="1" m="42601" /><E112/><V48/><F113/><W83/><G83/><T123/><D123/><U59/><E59/><V26/><F116/><W63/><G46/><T14/><D60/><U39/><E13/><V131/><F131/><W100/><G100/><T97/><D93/><N who="1" m="54415" /><E10/><V86/><F75/><W98/><G98/><T7/><D0/><U78/><E78/><V18/><F133/><AGARI ba="0,0" hai="38,39,42,45,50,132,133,135" m="54415,42601" machi="133" ten="30,8000,1" yaku="20,1,14,1,52,2,54,1" doraHai="71" who="1" fromWho="2" sc="250,0,250,80,250,-80,250,0" /><INIT seed="1,0,0,2,5,103" ten="250,330,170,250" oya="1" hai0="34,52,3,67,82,44,33,9,75,21,133,7,27" hai1="8,40,99,4,94,124,14,96,54,65,90,116,112" hai2="29,135,109,132,91,62,102,48,50,25,128,35,45" hai3="79,122,16,93,72,77,114,119,73,5,42,60,19"/><U64/><E116/><V123/><F123/><W97/><G114/><T121/><D133/><N who="2" m="51274" /><F109/><W68/><G122/><T92/><D67/><U30/><E112/><V89/><F128/><W130/><G5/><T22/><D121/><U100/><E124/><V23/><F102/><W83/><G130/><T1/><D92/><U131/><E131/><V113/><F113/><W84/><G42/><T17/><D3/><U59/><E40/><N who="2" m="24615" /><F35/><W12/><G119/><T20/><D34/><U117/><E30/><V36/><F36/><W15/><G68/><T80/><D75/><U118/><E117/><V107/><F107/><W41/><G41/><T110/><D110/><U115/><E118/><V11/><F50/><W43/><G43/><T28/><D21/><U129/><E129/><V126/><F126/><W120/><G120/><T56/><D22/><U95/><REACH who="1" step="1"/><E115/><REACH who="1" ten="250,320,170,250" step="2"/><V108/><F108/><W66/><G73/><T105/><D28/><U87/><E87/><V85/><F85/><W78/><G72/><T26/><D33/><U74/><E74/><V71/><F11/><W49/><G84/><T2/><D9/><U46/><E46/><V134/><F134/><W47/><G47/><T70/><D44/><U51/><AGARI ba="0,1" hai="4,8,14,51,54,59,64,65,90,94,95,96,99,100" machi="51" ten="20,7800,0" yaku="1,1,0,1,7,1,8,1,53,0" doraHai="103" doraHaiUra="81" who="1" fromWho="1" sc="250,-26,320,88,170,-26,250,-26" /><INIT seed="1,1,0,1,3,66" ten="224,408,144,224" oya="1" hai0="32,6,44,93,104,75,17,127,30,114,117,111,41" hai1="45,84,26,20,74,105,57,36,129,62,134,92,131" hai2="52,9,122,39,120,31,113,133,49,15,65,28,68" hai3="112,119,82,40,14,63,97,89,124,81,101,130,1"/><U23/><E105/><V73/><F39/><W55/><G1/><T91/><D75/><U8/><E74/><V47/><F73/><W86/><G112/><T0/><D104/><U99/><E134/><V77/><F113/><W50/><G130/><T24/><D111/><U98/><E84/><V60/><F133/><W27/><G124/><T103/><D103/><U67/><E23/><V33/><F77/><W34/><G40/><T96/><D127/><U94/><E8/><V25/><REACH who="2" step="1"/><F28/><REACH who="2" ten="224,408,134,224" step="2"/><W19/><G119/><T10/><D117/><U110/><E131/><V132/><F132/><W18/><G34/><T21/><D114/><U72/><E72/><V38/><F38/><W125/><G125/><T135/><D135/><U48/><E36/><V53/><F53/><W116/><G55/><T79/><D79/><U3/><E129/><V115/><F115/><W58/><G116/><T4/><D32/><U37/><E37/><V128/><F128/><W43/><G43/><T80/><D30/><N who="1" m="17735" /><E110/><V71/><F71/><W51/><G82/><T61/><D80/><U106/><E106/><V85/><F85/><W22/><G81/><T2/><D41/><N who="1" m="24623" /><E3/><V108/><F108/><W16/><G86/><T87/><D87/><U12/><E12/><V118/><F118/><W70/><G70/><T59/><D2/><U83/><E83/><V56/><F56/><W100/><G14/><N who="0" m="7383" /><D0/><U13/><E13/><V7/><AGARI ba="1,1" hai="7,9,15,25,31,33,47,49,52,60,65,68,120,122" machi="7" ten="20,12000,2" yaku="1,1,0,1,7,1,52,1,54,1,53,1" doraHai="66" doraHaiUra="42" who="2" fromWho="2" sc="224,-31,408,-61,134,133,224,-31" /><INIT seed="2,0,0,3,5,44" ten="193,347,267,193" oya="2" hai0="128,66,103,92,109,30,42,21,112,49,133,4,90" hai1="47,70,2,71,135,60,80,64,122,26,97,19,7" hai2="132,22,35,27,68,96,104,72,131,31,41,10,119" hai3="76,17,116,46,91,24,85,34,11,82,87,129,126"/><V53/><F119/><W39/><G116/><T77/><D112/><U123/><E71/><V81/><F68/><W52/><G129/><T118/><D118/><U84/><E135/><V88/><F41/><W125/><G34/><T1/><D66/><U55/><E97/><V50/><F132/><W54/><G39/><T134/><D103/><U113/><E113/><V48/><F131/><W29/><G29/><T67/><D67/><U121/><E7/><V45/><F35/><W3/><G3/><T89/><D77/><U43/><E2/><V69/><F69/><W63/><G63/><T37/><D37/><U14/><E26/><V95/><F104/><W111/><G111/><T15/><D109/><U38/><E55/><N who="2" m="30095" /><F72/><W74/><G74/><T78/><D1/><U100/><E100/><V101/><F10/><W16/><G24/><N who="0" m="16655" /><D128/><U5/><E5/><V56/><F81/><N who="3" m="49647" /><G11/><N who="0" m="4583" /><D134/><U18/><E84/><V8/><F8/><W6/><G6/><T13/><D133/><U57/><E80/><V65/><F65/><W62/><G62/><T120/><D120/><U79/><E79/><V32/><F32/><W61/><G61/><T51/><D78/><U73/><E73/><V9/><F9/><W86/><G86/><T58/><D92/><U12/><E70/><V110/><F110/><W108/><G108/><T83/><D83/><U130/><E130/><V36/><F36/><W102/><G102/><AGARI ba="0,0" hai="22,27,31,50,53,56,88,95,96,101,102" m="30095" machi="102" ten="30,11600,0" yaku="8,1,52,2,54,1" doraHai="44" who="2" fromWho="3" sc="193,0,347,0,267,116,193,-116" /><INIT seed="2,1,0,2,5,62" ten="193,347,383,77" oya="2" hai0="118,50,94,124,25,99,111,0,79,59,93,42,63" hai1="58,128,8,34,117,32,54,14,127,68,27,33,67" hai2="15,97,135,37,40,55,121,72,120,115,9,85,3" hai3="131,64,35,92,24,45,103,1,108,49,6,133,53"/><V43/><F72/><W76/><G108/><T16/><D0/><U122/><E117/><V47/><F3/><W13/><G131/><T52/><D124/><U123/><E127/><V18/><F115/><W114/><G133/><T21/><D111/><U73/><E73/><V130/><F135/><W23/><G35/><T44/><D118/><U77/><E77/><V74/><F130/><W48/><G1/><T113/><D113/><U38/><E38/><V125/><F74/><W107/><G107/><T109/><D109/><U70/><E128/><V39/><F125/><W71/><G76/><T88/><D93/><U12/><E27/><V86/><F97/><W36/><G36/><T87/><D79/><U19/><E14/><V29/><F29/><W5/><G49/><T20/><D20/><U81/><E81/><V84/><F55/><W100/><G114/><T112/><D112/><U82/><E82/><V60/><F60/><W105/><G105/><T22/><D22/><U129/><E129/><V95/><F95/><W26/><G26/><T4/><D4/><N who="3" m="1641" /><G13/><T28/><D28/><U56/><E54/><V101/><F101/><W104/><G92/><T80/><D80/><U89/><E89/><V57/><F39/><W17/><G104/><T66/><REACH who="0" step="1"/><D87/><REACH who="0" ten="183,347,383,77" step="2"/><U116/><E116/><V96/><F86/><W83/><G83/><T90/><D90/><U2/><E2/><V69/><F85/><W31/><G31/><T10/><D10/><U30/><E30/><V126/><F84/><W41/><G41/><AGARI ba="1,1" hai="16,21,25,41,42,44,50,52,59,63,66,88,94,99" machi="41" ten="40,12000,2" yaku="1,1,8,1,52,1,54,3,53,0" doraHai="62" doraHaiUra="11" who="0" fromWho="3" sc="183,133,347,0,383,0,77,-123" owari="316,-8.0,347,15.0,383,48.0,-46,-55.0" /></mjloggm>