<mjloggm ver="2.3"><GO type="169" lobby="0"/><UN n0="%E3%83%AA%E3%83%BC%E3%83%81%EF%BC%91" n1="%E3%83%94%E3%82%AB%E5%90%BE%E9%83%8E" n2="%E3%82%A6%E3%83%AB%E3%83%88%E3%83%A9%E7%AB%8B%E7%9B%B4" n3="%73%68%6F%6F%74%33%39" dan="16,18,18,19" rate="2141.64,2239.19,2205.98,2204.59" sx="M,M,M,M"/><TAIKYOKU oya="0"/><INIT seed="0,0,0,1,1,117" ten="250,250,250,250" oya="0" hai0="118,113,49,84,20,88,8,111,135,45,16,75,54" hai1="87,100,126,93,121,23,106,55,18,98,67,52,70" hai2="56,92,108,47,2,64,130,68,99,43,119,62,77" hai3="31,128,109,0,82,46,4,12,26,89,5,21,102"/><T116/><D75/><U110/><E110/><V76/><F108/><W132/><G109/><T10/><D111/><U104/><E126/><V120/><F130/><W66/><G128/><T38/><D113/><U79/><E121/><V29/><F119/><W134/><G0/><T133/><D38/><U44/><E44/><V72/><F2/><W80/><G102/><T59/><D116/><U81/><E67/><V129/><F129/><W36/><G66/><T25/><D118/><U112/><E70/><V105/><F105/><W34/><G4/><T14/><D45/><U97/><E112/><V51/><F120/><W86/><G82/><T19/><REACH who="0" step="1"/><D8/><REACH who="0" ten="240,250,250,250" step="2"/><U48/><E104/><V127/><F72/><W30/><G36/><T7/><D7/><U96/><E106/><V35/><F127/><W125/><G125/><T71/><D71/><U90/><E100/><V107/><F68/><W32/><G46/><T61/><D61/><U103/><E103/><V91/><F107/><W11/><G5/><T85/><D85/><N who="1" m="52431" /><E48/><V95/><F51/><W15/><G11/><T6/><D6/><U1/><E1/><V27/><F47/><W9/><G9/><T53/><D53/><U101/><E101/><V17/><F43/><W57/><G86/><T115/><D115/><U69/><E69/><V3/><F3/><W33/><G57/><T114/><D114/><U83/><E81/><AGARI ba="0,1" hai="10,14,16,19,20,25,49,54,59,81,84,88,133,135" machi="81" ten="40,7700,0" yaku="1,1,54,2,53,0" doraHai="117" doraHaiUra="60" who="0" fromWho="1" sc="240,87,250,-77,250,0,250,0" /><INIT seed="0,1,0,0,2,50" ten="327,173,250,250" oya="0" hai0="125,5,71,53,18,94,97,63,101,8,6,123,10" hai1="40,76,69,44,20,124,27,45,126,81,36,13,119" hai2="79,104,37,103,15,75,80,31,4,78,73,114,127" hai3="132,68,130,39,98,7,112,70,93,91,134,52,100"/><T56/><D123/><U92/><E69/><V116/><F31/><W87/><G112/><T46/><D71/><U12/><E92/><V19/><F4/><W128/><G39/><T41/><D125/><N who="1" m="48235" /><E45/><V85/><F37/><W32/><G32/><T133/><D133/><N who="3" m="51305" /><G7/><N who="0" m="2571" /><D18/><N who="1" m="12695" /><E119/><V51/><F114/><W54/><G70/><T111/><D111/><U108/><E108/><V59/><F116/><W67/><G67/><T61/><D61/><U35/><E35/><V48/><F127/><W90/><G68/><T72/><D72/><AGARI ba="1,0" hai="12,13,36,40,44,72,76,81" m="12695,48235" machi="72" ten="30,1000,0" yaku="18,1" doraHai="50" who="1" fromWho="0" sc="327,-13,173,13,250,0,250,0" /><INIT seed="1,0,0,1,2,67" ten="314,186,250,250" oya="1" hai0="37,64,51,73,96,106,26,86,125,6,43,57,101" hai1="85,92,135,82,131,105,20,128,53,24,68,120,52" hai2="15,4,114,41,50,13,102,129,49,75,9,65,91" hai3="61,55,60,22,18,118,113,79,31,97,0,8,87"/><U58/><E105/><V132/><F129/><N who="1" m="49737" /><E120/><V40/><F132/><W90/><G113/><T21/><D73/><U98/><E135/><V25/><F114/><W130/><G118/><T59/><D125/><U84/><E82/><V5/><F75/><W70/><G79/><T62/><D37/><U123/><E123/><V47/><F102/><W11/><G31/><T95/><D6/><U126/><E126/><V1/><F25/><W108/><G97/><T7/><D7/><U69/><E85/><V110/><F110/><W48/><G108/><T107/><D86/><U10/><E10/><V30/><F30/><W112/><G8/><T63/><D43/><U34/><E84/><V100/><F100/><W44/><G11/><T134/><D134/><U28/><E34/><V93/><F5/><W72/><G0/><T71/><D51/><N who="1" m="31007" /><E53/><V103/><F1/><W35/><G35/><T76/><D76/><U56/><E56/><V133/><F9/><W39/><G72/><T14/><D59/><U89/><AGARI ba="0,0" hai="20,24,28,68,69,89,92,98" m="31007,49737" machi="89" ten="30,11700,0" yaku="19,1,52,2,54,1" doraHai="67" who="1" fromWho="1" sc="314,-39,186,117,250,-39,250,-39" /><INIT seed="1,1,0,3,3,34" ten="275,303,211,211" oya="1" hai0="43,104,41,90,113,29,64,105,59,76,37,74,98" hai1="107,21,15,46,44,1,134,2,47,94,118,17,126" hai2="53,16,70,121,66,133,132,131,71,83,33,110,19" hai3="30,135,6,91,86,10,69,85,130,79,78,12,25"/><U68/><E107/><V72/><F121/><W128/><G69/><T88/><D113/><U28/><E68/><V7/><F33/><W20/><G135/><N who="2" m="51785" /><F110/><W0/><G12/><T51/><D29/><U50/><E134/><V93/><F131/><N who="3" m="50219" /><G86/><T40/><D37/><U117/><E28/><V4/><F70/><W42/><G42/><T99/><D74/><U114/><E50/><V119/><F119/><W27/><G27/><T38/><D38/><U120/><E114/><V129/><F129/><W45/><G45/><T80/><D76/><U102/><E120/><V127/><F127/><W52/><G52/><T58/><D51/><U56/><E56/><V82/><F53/><W36/><G36/><T95/><D64/><U39/><E39/><V11/><F4/><W124/><G124/><T67/><D67/><U62/><E62/><N who="2" m="40407" /><F93/><AGARI ba="1,0" hai="0,6,10,20,25,30,78,79,85,91,93" m="50219" machi="93" ten="30,2000,0" yaku="19,1,52,1" doraHai="34" who="3" fromWho="2" sc="275,0,303,0,211,-23,211,23" /><INIT seed="2,0,0,1,1,37" ten="275,303,188,234" oya="2" hai0="30,81,12,96,43,23,42,78,55,72,22,13,123" hai1="77,61,2,101,107,79,21,134,34,108,133,92,115" hai2="85,15,65,80,120,74,7,113,40,16,119,109,38" hai3="76,132,83,100,27,44,58,116,125,103,36,130,111"/><V4/><F120/><W5/><G116/><T117/><D117/><U99/><E34/><V95/><F119/><W129/><G111/><T53/><D123/><U69/><E2/><V3/><F113/><W114/><G114/><T33/><D33/><U11/><E115/><V91/><F109/><W49/><G125/><T110/><D110/><U60/><E11/><V106/><F106/><W105/><G132/><N who="1" m="50794" /><E108/><V26/><F3/><W68/><G68/><T28/><D72/><U87/><E21/><N who="0" m="7689" /><D96/><N who="1" m="61863" /><E87/><V52/><F65/><W1/><G27/><T25/><D81/><U86/><E86/><V64/><F64/><W9/><G105/><T8/><D25/><U48/><E48/><V98/><F26/><W57/><G103/><T122/><D78/><N who="1" m="29707" /><E69/><V104/><F74/><N who="3" m="43415" /><G100/><AGARI ba="0,0" hai="60,61,92,99,100" m="29707,61863,50794" machi="100" ten="30,1000,0" yaku="20,1" doraHai="37" who="1" fromWho="3" sc="275,0,303,10,188,0,234,-10" /><INIT seed="3,0,0,4,5,27" ten="275,313,188,224" oya="3" hai0="18,86,81,21,14,130,89,26,83,88,42,48,97" hai1="106,80,65,12,74,24,129,66,109,82,84,25,0" hai2="40,119,39,96,71,73,116,47,77,23,123,117,28" hai3="22,92,98,90,113,51,52,104,128,20,69,99,85"/><W8/><G69/><T135/><D130/><U16/><E0/><V60/><F123/><W110/><G113/><T103/><D135/><U58/><E106/><V5/><F96/><W38/><G38/><T108/><D108/><U35/><E109/><V46/><F5/><W29/><G110/><T44/><D14/><U133/><E133/><V121/><F121/><W1/><G128/><T31/><D18/><U67/><E129/><V41/><F77/><W70/><G70/><T53/><D42/><U112/><E112/><V55/><F73/><W3/><G3/><T59/><D44/><U114/><E114/><V4/><F4/><W91/><G104/><T56/><D59/><U43/><E43/><V49/><F23/><W17/><G1/><T120/><D120/><U34/><E58/><V107/><F28/><W6/><G6/><T15/><D15/><U131/><E131/><V30/><F30/><W75/><G75/><T61/><D48/><U62/><E62/><V72/><F72/><W79/><G79/><T94/><D83/><U105/><E80/><V9/><F9/><W54/><G8/><T87/><D86/><U37/><E74/><V134/><F107/><W10/><G10/><T93/><D94/><U68/><E37/><V11/><F11/><W111/><G111/><T33/><D33/><N who="1" m="12299" /><E68/><V7/><F7/><W50/><G29/><T122/><D122/><U102/><E105/><V45/><F134/><W13/><G22/><T115/><D115/><U2/><E2/><V57/><F71/><W95/><G85/><T19/><D31/><U132/><E132/><RYUUKYOKU ba="0,0" sc="275,10,313,-30,188,10,224,10" hai0="19,21,26,53,56,61,81,87,88,89,93,97,103" hai2="39,40,41,45,46,47,49,55,57,60,116,117,119" hai3="13,17,20,50,51,52,54,90,91,92,95,98,99" /><INIT seed="3,1,0,4,5,90" ten="285,283,198,234" oya="3" hai0="120,77,22,108,92,121,13,114,58,57,8,95,16" hai1="105,52,76,4,119,66,97,107,63,70,43,20,25" hai2="96,131,30,35,85,86,67,23,89,73,36,113,99" hai3="100,65,53,102,124,47,71,129,48,14,0,135,98"/><W116/><G0/><T12/><D108/><U3/><E43/><V128/><F36/><W9/><G116/><T91/><D77/><U5/><E76/><V11/><F35/><W79/><G124/><T118/><D114/><U15/><E15/><V111/><F73/><W19/><G129/><T34/><D34/><U17/><E119/><V81/><F113/><W37/><G135/><T33/><D33/><U10/><E5/><V94/><F11/><W2/><G2/><T127/><D118/><U126/><E126/><V24/><F67/><W72/><G37/><T87/><D127/><U21/><E21/><V117/><F117/><W18/><G71/><T74/><D74/><U7/><E7/><V46/><F46/><W125/><G65/><T26/><D13/><U88/><REACH who="1" step="1"/><E52/><REACH who="1" ten="285,273,198,234" step="2"/><V82/><F111/><W40/><G125/><T1/><D1/><U62/><E62/><V132/><F132/><W101/><G53/><T56/><REACH who="0" step="1"/><D92/><AGARI ba="1,1" hai="3,4,10,17,20,25,63,66,70,88,92,97,105,107" machi="92" ten="40,5200,0" yaku="1,1,52,1,54,1,53,0" doraHai="90" doraHaiUra="50" who="1" fromWho="0" sc="285,-55,273,65,198,0,234,0" /><INIT seed="4,0,0,3,3,118" ten="230,338,198,234" oya="0" hai0="88,47,81,135,92,98,108,78,28,119,7,26,73" hai1="54,68,127,77,39,50,75,58,79,11,10,107,31" hai2="116,115,17,89,18,13,123,0,40,128,1,109,9" hai3="56,121,62,117,122,71,12,125,72,110,19,120,124"/><T74/><D119/><U57/><E107/><V126/><F116/><W70/><G117/><T103/><D135/><U22/><E68/><N who="3" m="26154" /><G72/><T97/><D7/><U32/><E127/><V82/><F126/><W45/><G110/><T8/><D8/><U29/><E39/><V38/><F109/><W105/><G105/><T96/><D108/><U69/><E69/><V51/><F38/><W76/><G76/><T43/><D74/><U27/><E75/><V21/><F128/><W35/><G35/><T102/><D103/><U66/><E31/><V55/><F40/><W52/><G45/><T84/><D102/><U36/><E36/><V64/><F115/><W59/><G59/><T87/><D73/><U15/><E11/><AGARI ba="0,0" hai="11,12,19,52,56,62,120,121,122,124,125" m="26154" machi="11" ten="40,8000,1" yaku="13,1,52,3,54,1" doraHai="118" who="3" fromWho="1" sc="230,0,338,-80,198,0,234,80" /><INIT seed="5,0,0,5,1,47" ten="230,258,198,314" oya="1" hai0="49,40,97,60,103,54,9,28,68,128,53,16,106" hai1="117,132,109,91,78,67,5,33,18,93,114,59,17" hai2="102,24,46,126,37,105,100,90,84,112,10,65,27" hai3="7,51,98,87,107,74,82,101,48,30,99,118,130"/><U20/><E33/><V45/><F126/><W92/><G130/><T14/><D128/><U15/><E5/><V35/><F112/><W42/><G118/><T34/><D34/><U56/><E117/><V58/><F10/><W57/><G74/><T50/><D28/><U66/><E78/><V62/><F105/><W69/><G69/><T36/><D36/><U19/><E132/><V75/><F75/><W122/><G122/><T6/><D40/><U29/><E15/><V111/><F111/><W124/><G124/><T116/><D116/><U110/><E114/><V38/><F38/><W22/><G7/><T11/><D54/><U44/><E44/><N who="2" m="17003" /><F37/><W115/><G42/><T125/><D125/><U131/><E131/><V0/><F0/><W96/><G115/><T134/><D134/><U52/><E59/><V89/><F89/><W120/><G57/><T55/><D53/><U1/><E1/><V3/><F3/><W79/><G120/><T70/><D60/><U2/><E2/><V123/><F123/><W88/><REACH who="3" step="1"/><G99/><REACH who="3" ten="230,258,198,304" step="2"/><T12/><REACH who="0" step="1"/><D55/><REACH who="0" ten="220,258,198,304" step="2"/><U25/><E109/><V80/><F35/><W133/><G133/><T76/><D76/><U73/><E110/><V63/><F63/><W72/><G72/><T61/><D61/><N who="1" m="35975" /><E73/><V86/><F62/><W23/><G23/><T8/><D8/><U83/><E66/><V113/><F65/><W31/><G31/><T77/><D77/><U121/><E67/><V39/><F113/><W81/><G81/><T4/><D4/><U32/><E83/><N who="2" m="49439" /><F39/><W21/><G21/><T129/><D129/><U41/><E121/><RYUUKYOKU ba="0,2" sc="220,15,258,-15,198,-15,304,15" hai0="6,9,11,12,14,16,49,50,68,70,97,103,106" hai3="22,30,48,51,79,82,87,88,92,96,98,101,107" /><INIT seed="6,1,2,4,0,97" ten="235,243,183,319" oya="2" hai0="70,46,87,132,40,69,121,8,82,135,58,111,42" hai1="4,96,43,1,106,83,123,11,92,80,9,73,29" hai2="5,20,51,117,129,68,79,33,122,25,126,114,119" hai3="36,125,64,17,90,13,88,102,54,7,57,24,107"/><V95/><F122/><W45/><G125/><T133/><D111/><U31/><E106/><V21/><F68/><N who="0" m="26218" /><D121/><U108/><E108/><V32/><F79/><W84/><G7/><T22/><D8/><U16/><E43/><V35/><F51/><W23/><G64/><T37/><D42/><U101/><E123/><V0/><F95/><W65/><G65/><T19/><D58/><U116/><E116/><N who="2" m="44619" /><F126/><W131/><G45/><T109/><D109/><U93/><E92/><V6/><F129/><W127/><G131/><T98/><D98/><U130/><E130/><V56/><F56/><W115/><G36/><T26/><D87/><U75/><E73/><V10/><F114/><W61/><G115/><T50/><D82/><U55/><E75/><V71/><F71/><W48/><G127/><T67/><D67/><U89/><E55/><V63/><F63/><W74/><G74/><T105/><D105/><U53/><E53/><V104/><F104/><W112/><G112/><T18/><D19/><U85/><REACH who="1" step="1"/><E83/><REACH who="1" ten="235,233,183,319" step="2"/><V100/><F100/><W15/><G102/><T110/><D110/><U62/><E62/><V91/><F91/><W66/><G107/><T120/><D120/><U78/><E78/><V41/><F41/><W3/><G90/><T34/><D37/><U28/><E28/><N who="2" m="17455" /><F6/><W94/><G61/><T81/><D81/><U39/><E39/><V72/><F72/><W128/><G66/><T77/><D77/><U76/><E76/><V44/><F44/><W86/><G128/><T134/><D135/><U14/><AGARI ba="1,3" hai="1,4,9,11,14,16,29,31,80,85,89,93,96,101" machi="14" ten="30,7900,0" yaku="1,1,0,1,52,1,54,1,53,0" doraHai="97" doraHaiUra="49" who="1" fromWho="1" sc="235,-21,233,112,183,-40,319,-21" /><INIT seed="7,0,0,3,4,41" ten="214,345,143,298" oya="3" hai0="10,44,71,12,28,47,5,116,130,82,109,83,100" hai1="90,27,118,126,110,121,78,131,49,63,94,102,13" hai2="61,30,101,26,48,120,92,51,57,31,93,64,133" hai3="125,99,134,16,22,58,55,37,72,119,18,67,39"/><W91/><G119/><T8/><D71/><U17/><E121/><V97/><F133/><W52/><G72/><T111/><D116/><U84/><E118/><V60/><F120/><W98/><G134/><T81/><D130/><U123/><E131/><V14/><F61/><N who="3" m="38327" /><G39/><T77/><D100/><U20/><E102/><V21/><F31/><W76/><G37/><T9/><D28/><U50/><E78/><V38/><F38/><W104/><G104/><T45/><REACH who="0" step="1"/><D77/><REACH who="0" ten="204,345,143,298" step="2"/><U112/><E123/><V43/><F43/><W107/><G107/><T0/><D0/><U89/><E110/><AGARI ba="0,1" hai="5,8,9,10,12,44,45,47,81,82,83,109,110,111" machi="110" ten="50,12000,2" yaku="1,1,52,3,53,3" doraHai="41" doraHaiUra="42" who="0" fromWho="1" sc="204,130,345,-120,143,0,298,0" owari="334,43.0,225,-17.0,143,-36.0,298,10.0" /></mjloggm>