<mjloggm ver="2.3"><GO type="97" lobby="0"/><UN n0="%E5%B0%B1%E6%B4%BB%E7%94%9F%40%E5%B7%9D%E6%9D%91%E8%BB%8D%E5%9B%A3" n1="%E3%83%95%E3%82%A7%E3%83%AA%E3%83%83%E3%82%AF%E3%82%B9" n2="%E6%A3%AE%E4%B8%8B%E3%81%8F%E3%82%8B%E3%81%BF" n3="%E5%A4%A2%E8%A6%8B%E3%82%8B%E9%9B%80%E5%A3%AB" dan="14,14,14,15" rate="1962.37,1908.65,1916.28,2028.03" sx="M,M,M,M"/><TAIKYOKU oya="0"/><INIT seed="0,0,0,2,0,16" ten="250,250,250,250" oya="0" hai0="24,119,131,57,99,30,71,110,11,97,84,43,102" hai1="68,115,118,54,4,46,17,44,32,70,108,41,72" hai2="134,13,34,109,111,80,75,35,122,58,56,103,125" hai3="31,42,40,19,121,100,105,86,117,126,91,25,94"/><T67/><D119/><U123/><E118/><V45/><F122/><W1/><G117/><T36/><D71/><U48/><E32/><V95/><F134/><W38/><G38/><T0/><D131/><U6/><E72/><V116/><F116/><W124/><G1/><T37/><D110/><U88/><E123/><V112/><F112/><W62/><G121/><T3/><D84/><U87/><E115/><V28/><F125/><N who="3" m="48235" /><G19/><T60/><D97/><U92/><E108/><V50/><F13/><W132/><G132/><T114/><D114/><U15/><E70/><V81/><F95/><W66/><G100/><T76/><D76/><U120/><E68/><V8/><F103/><W12/><G12/><T73/><D73/><U82/><E92/><V22/><F75/><W55/><G55/><T61/><D61/><U27/><E27/><V9/><F28/><W5/><G5/><T49/><D11/><N who="1" m="6399" /><E120/><V96/><F96/><W65/><G105/><T52/><D3/><U106/><E106/><V39/><F39/><AGARI ba="0,0" hai="4,6,39,41,44,46,48,54,82,87,88" m="6399" machi="39" ten="30,2000,0" yaku="25,1,54,1" doraHai="16" who="1" fromWho="2" sc="250,0,250,20,250,-20,250,0" /><INIT seed="1,0,0,1,1,1" ten="250,270,230,250" oya="1" hai0="124,102,126,95,81,60,57,63,120,89,12,97,134" hai1="20,34,29,132,91,125,23,18,4,62,99,64,117" hai2="76,3,13,80,14,72,70,93,49,69,30,135,50" hai3="78,116,90,108,103,115,26,25,61,37,55,22,52"/><U46/><E117/><V110/><F3/><W75/><G115/><T94/><D120/><U40/><E34/><V84/><F110/><W127/><G37/><T0/><D0/><U74/><E74/><V19/><F135/><W35/><G103/><T83/><D134/><U2/><E132/><V65/><F30/><W100/><G100/><T17/><D124/><U133/><E133/><V85/><F14/><W68/><G75/><T15/><D126/><U121/><E121/><V58/><F72/><W38/><G38/><T28/><D28/><U87/><E125/><V98/><F70/><W123/><G127/><T67/><D63/><U96/><E29/><V105/><F84/><W107/><G123/><T106/><D15/><U51/><E2/><V53/><F105/><W111/><G107/><T128/><D128/><U73/><E73/><V45/><F69/><W47/><G78/><T130/><D130/><U129/><E129/><V10/><F65/><W44/><G116/><T66/><D66/><U77/><E77/><V39/><F39/><W114/><G114/><T113/><D113/><U41/><E64/><V42/><F93/><W101/><G68/><T11/><D106/><U33/><E62/><V131/><F131/><W7/><G61/><T79/><D79/><U92/><E33/><V54/><F98/><AGARI ba="0,0" hai="11,12,17,57,60,67,81,83,89,94,95,97,98,102" machi="98" ten="30,2000,0" yaku="7,1,8,1" doraHai="1" who="0" fromWho="2" sc="250,20,270,0,230,-20,250,0" /><INIT seed="2,0,0,4,0,41" ten="270,270,210,250" oya="2" hai0="6,10,101,87,84,124,79,70,95,39,89,0,74" hai1="40,102,115,52,82,42,71,106,128,64,62,80,96" hai2="53,35,30,7,38,88,54,32,28,119,91,25,129" hai3="104,29,67,23,99,108,22,134,61,90,114,8,57"/><V19/><F119/><W11/><G108/><T78/><D124/><U44/><E115/><V127/><F38/><W34/><G34/><T3/><D3/><U18/><E128/><V27/><F129/><W12/><G134/><T60/><D39/><U26/><E42/><V109/><F109/><W100/><G114/><T117/><D117/><U105/><E106/><V130/><F130/><W113/><G113/><T20/><D74/><U94/><E105/><V51/><F127/><W33/><G33/><T85/><D101/><U97/><E96/><V76/><F76/><W55/><G67/><T36/><D36/><U92/><E94/><V111/><F111/><W122/><G122/><T93/><D20/><U83/><E40/><V14/><F7/><W43/><G43/><T135/><D135/><U116/><E116/><V49/><F14/><W69/><G69/><T24/><D24/><U4/><E4/><V103/><F103/><W50/><G61/><T133/><D133/><U2/><E2/><V86/><F86/><W59/><G57/><T65/><D87/><U132/><E132/><V58/><F19/><W9/><G29/><T5/><D5/><U45/><E71/><V125/><F125/><W17/><G23/><T1/><D1/><U48/><E64/><V81/><F81/><W110/><G110/><T13/><D0/><U72/><E62/><V15/><F15/><W31/><G31/><T68/><D68/><U46/><E72/><V21/><F21/><AGARI ba="0,0" hai="18,21,26,44,45,46,48,52,80,82,83,92,97,102" machi="21" ten="40,8000,1" yaku="8,1,52,3,54,1" doraHai="41" who="1" fromWho="2" sc="270,0,270,80,210,-80,250,0" /><INIT seed="3,0,0,2,2,27" ten="270,350,130,250" oya="3" hai0="100,135,101,85,34,86,23,72,4,113,121,1,71" hai1="48,89,79,124,94,35,131,52,106,114,40,37,107" hai2="132,49,15,54,99,109,133,64,14,75,96,41,69" hai3="115,38,93,20,16,134,24,0,118,51,76,36,128"/><W59/><G115/><T83/><D34/><U55/><E114/><V116/><F116/><W60/><G118/><T97/><D71/><U127/><E35/><V31/><F109/><W102/><G0/><T92/><D1/><U120/><E120/><V122/><F69/><W87/><G51/><T28/><D4/><U9/><E9/><V57/><F122/><W44/><G44/><T105/><D121/><U95/><E131/><V45/><F64/><W88/><G128/><T111/><D113/><U3/><E3/><V65/><F65/><W33/><G33/><T129/><D129/><U21/><E21/><V2/><F2/><W46/><G46/><T104/><D23/><U18/><E18/><V53/><F75/><W123/><G123/><T43/><D28/><U112/><E112/><V50/><F57/><W62/><G134/><T32/><D43/><U73/><E37/><V78/><F45/><W8/><G8/><T13/><D13/><U67/><E67/><V70/><F70/><W26/><G62/><T58/><D32/><U42/><E73/><V103/><F41/><W119/><G119/><T47/><D47/><U98/><E42/><V82/><F82/><W5/><G5/><T39/><D39/><U63/><E40/><V11/><F11/><W74/><G102/><N who="0" m="60711" /><D58/><U17/><E63/><V90/><F103/><N who="0" m="39498" /><D135/><U110/><E48/><V7/><F7/><W22/><G22/><T125/><D125/><U126/><E127/><V84/><F78/><W29/><G26/><T80/><D111/><U25/><E110/><V81/><F133/><W91/><G38/><RYUUKYOKU ba="0,0" sc="270,0,350,0,130,0,250,0" owari="270,7.0,350,45.0,130,-37.0,250,-15.0" /></mjloggm>