<mjloggm ver="2.3"><GO type="169" lobby="0"/><UN n0="%E3%82%AA%E3%82%A2%E3%83%AA%E3%83%A0%E3%81%AE%E8%A9%A0%E5%94%B1" n1="%66%75%6A%69%32%32%39" n2="%E3%82%A6%E3%83%AB%E3%83%88%E3%83%A9%E7%AB%8B%E7%9B%B4" n3="%E3%83%AF%E3%83%B3%E3%82%BF%E3%83%B3%EF%BC%A0%E6%A8%AA%E6%B5%9C" dan="17,17,17,17" rate="2137.86,2146.46,2172.65,2210.30" sx="M,M,M,M"/><TAIKYOKU oya="0"/><INIT seed="0,0,0,1,2,84" ten="250,250,250,250" oya="0" hai0="31,74,82,96,135,107,4,109,7,134,122,119,115" hai1="48,90,33,75,89,123,108,131,80,26,19,62,113" hai2="23,125,61,76,93,52,117,53,56,0,34,8,104" hai3="64,25,114,88,16,29,127,32,24,15,101,36,73"/><T37/><D37/><U102/><E123/><V112/><F34/><W42/><G114/><T22/><D115/><U71/><E48/><V20/><F104/><W40/><G73/><T18/><D122/><U17/><E108/><V2/><F112/><W70/><G101/><T41/><D41/><U28/><E131/><V5/><F125/><W30/><G36/><T14/><D119/><U6/><E6/><V3/><F76/><W68/><G127/><T87/><D74/><U99/><E113/><V130/><F130/><W126/><G126/><T51/><D109/><U38/><E38/><V124/><F124/><W12/><G64/><T57/><D31/><U44/><E44/><V55/><F93/><W120/><G32/><T58/><D96/><U1/><E1/><V78/><F78/><W43/><G43/><T49/><D107/><N who="1" m="63967" /><E80/><V47/><F47/><W27/><G27/><T81/><D81/><U69/><E69/><V85/><F85/><W91/><REACH who="3" step="1"/><G16/><REACH who="3" ten="250,250,250,240" step="2"/><N who="1" m="6218" /><E75/><V54/><REACH who="2" step="1"/><F117/><REACH who="2" ten="250,250,240,240" step="2"/><W98/><G98/><T45/><D87/><U11/><E11/><V128/><F128/><W50/><G50/><T118/><D51/><U94/><E94/><V66/><F66/><AGARI ba="0,2" hai="26,28,33,62,66,71,89,90" m="6218,63967" machi="66" ten="30,7700,0" yaku="25,1,52,2,54,1" doraHai="84" who="1" fromWho="2" sc="250,0,250,97,240,-77,240,0" /><INIT seed="1,0,0,4,3,109" ten="250,347,163,240" oya="1" hai0="121,59,11,53,50,120,91,78,130,22,0,5,14" hai1="54,16,58,41,4,29,81,94,106,132,77,126,71" hai2="134,42,84,105,20,67,15,37,60,18,31,125,103" hai3="122,64,44,26,55,32,13,89,33,69,34,85,82"/><U63/><E106/><V83/><F125/><W74/><G74/><T68/><D68/><U1/><E71/><V21/><F134/><W48/><G122/><T97/><D78/><U108/><E29/><V72/><F72/><W28/><REACH who="3" step="1"/><G13/><REACH who="3" ten="250,347,163,230" step="2"/><T65/><D121/><U35/><E1/><V7/><F15/><W52/><G52/><T128/><D120/><U102/><E54/><V2/><F2/><W56/><G56/><T38/><D65/><U25/><E58/><V66/><F67/><W17/><G17/><T87/><D0/><U115/><E16/><V62/><F18/><W43/><G43/><T111/><D59/><U8/><E41/><V124/><F42/><W135/><G135/><T88/><D53/><U100/><E132/><V46/><F66/><W104/><G104/><T45/><D14/><U118/><E126/><V131/><F105/><W23/><G23/><T39/><D22/><U79/><E35/><V51/><F21/><W92/><G92/><T73/><D73/><U80/><E94/><V116/><F20/><W86/><G86/><T6/><D87/><U24/><E8/><V113/><F84/><W107/><G107/><T27/><D11/><U110/><E108/><V101/><F124/><W36/><G36/><T129/><D111/><U95/><E110/><V119/><F37/><W98/><G98/><T133/><D133/><U30/><E95/><V12/><F12/><W127/><G127/><T19/><D39/><U61/><E30/><V117/><F31/><W90/><G90/><T75/><D38/><U47/><E79/><V3/><F3/><RYUUKYOKU ba="0,1" sc="250,-10,347,-10,163,-10,230,30" hai3="26,28,32,33,34,44,48,55,64,69,82,85,89" /><INIT seed="2,1,1,0,1,94" ten="240,337,153,260" oya="2" hai0="44,116,93,74,100,7,119,85,11,60,9,54,72" hai1="81,107,86,37,108,56,25,47,10,118,6,21,19" hai2="124,80,20,133,92,114,58,132,130,115,24,34,45" hai3="125,18,109,23,87,110,129,30,4,126,73,26,98"/><V97/><F34/><W32/><G73/><T106/><D106/><U61/><E107/><V39/><F80/><W13/><G87/><T5/><D60/><U68/><E68/><V134/><F124/><N who="3" m="47723" /><G129/><T111/><D111/><N who="3" m="42505" /><G98/><N who="0" m="59471" /><D54/><U82/><E108/><V50/><F130/><W99/><G99/><T57/><D57/><U113/><E113/><V79/><F79/><W43/><G43/><T95/><D44/><U112/><E112/><V127/><F58/><W128/><G128/><T120/><D120/><U33/><E118/><N who="0" m="45097" /><D11/><U40/><E86/><V15/><F127/><W101/><G101/><T69/><D69/><U12/><E33/><V27/><F115/><W70/><G70/><T35/><D35/><U131/><E131/><V65/><F114/><W53/><G53/><AGARI ba="1,1" hai="6,10,12,19,21,25,37,40,47,53,56,61,81,82" machi="53" ten="30,1000,0" yaku="7,1" doraHai="94" who="1" fromWho="3" sc="240,0,337,23,153,0,260,-13" /><INIT seed="3,0,0,2,5,12" ten="240,360,153,247" oya="3" hai0="69,72,126,44,91,125,79,49,95,108,14,3,20" hai1="106,65,81,131,56,115,1,94,80,38,114,47,88" hai2="96,118,105,9,34,89,123,121,99,111,40,66,82" hai3="97,135,90,122,7,73,104,30,93,100,87,33,103"/><W55/><G122/><T119/><D3/><U70/><E1/><V85/><F34/><W43/><G43/><T128/><D69/><U5/><E5/><V15/><F118/><W107/><G135/><T92/><D119/><U76/><E106/><V116/><F116/><W26/><G7/><T75/><D108/><U124/><E70/><V21/><F111/><W13/><G13/><T0/><D0/><U77/><E38/><V62/><F40/><W98/><G55/><T53/><D128/><U113/><E47/><V61/><F21/><W134/><G134/><T84/><D95/><U133/><E133/><V57/><F62/><W48/><G48/><T51/><D51/><U59/><E124/><N who="0" m="47721" /><D79/><U28/><E28/><V63/><F63/><W2/><G2/><T83/><D83/><U8/><E131/><V23/><F23/><W39/><REACH who="3" step="1"/><G73/><REACH who="3" ten="240,360,153,237" step="2"/><T36/><D36/><AGARI ba="0,1" hai="26,30,33,36,39,87,90,93,97,98,100,103,104,107" machi="36" ten="40,12000,1" yaku="1,1,2,1,9,1,53,1" doraHai="12" doraHaiUra="29" who="3" fromWho="0" sc="240,-120,360,0,153,0,237,130" /><INIT seed="3,1,0,3,0,64" ten="120,360,153,367" oya="3" hai0="115,35,3,106,23,98,45,91,132,34,22,107,49" hai1="123,93,69,74,47,104,5,0,24,54,13,58,117" hai2="109,6,81,71,75,29,111,30,72,65,19,18,63" hai3="53,59,89,78,11,16,31,41,99,126,83,90,125"/><W70/><G41/><T128/><D3/><U118/><E104/><V48/><F6/><W36/><G36/><T38/><D38/><U105/><E105/><V37/><F48/><W114/><G31/><T9/><D132/><U116/><E74/><V1/><F1/><W4/><G99/><T80/><D128/><U2/><E123/><V15/><F37/><W51/><G70/><T7/><D115/><U129/><E129/><V43/><F43/><W103/><G103/><T84/><D107/><U40/><E69/><V27/><F30/><W133/><G133/><T10/><D35/><U134/><E24/><V42/><F42/><W68/><G68/><T57/><D57/><U67/><E67/><V119/><F119/><W121/><G121/><T61/><D61/><N who="1" m="36055" /><E93/><V95/><F95/><W102/><G102/><T77/><D34/><U12/><E134/><V127/><F127/><W73/><G114/><T101/><D77/><U28/><E28/><V39/><F39/><W94/><G94/><T56/><D56/><U131/><E131/><V87/><F75/><W17/><G4/><T86/><D86/><U96/><E96/><V122/><F72/><W60/><G60/><T14/><REACH who="0" step="1"/><D10/><REACH who="0" ten="110,360,153,367" step="2"/><N who="1" m="2359" /><E0/><V8/><F122/><W130/><G11/><T26/><D26/><U88/><E12/><V79/><F15/><W97/><G130/><T120/><D120/><U20/><E13/><V21/><REACH who="2" step="1"/><F8/><REACH who="2" ten="110,360,143,367" step="2"/><W124/><G125/><T113/><D113/><U46/><E118/><V32/><F32/><W55/><G124/><T135/><D135/><U110/><E117/><V108/><AGARI ba="1,2" hai="18,19,21,27,29,63,65,71,79,81,87,108,109,111" machi="108" ten="30,8000,1" yaku="1,1,5,1,0,1,14,1,52,1,53,0" doraHai="64" doraHaiUra="85" who="2" fromWho="2" sc="110,-21,360,-21,143,103,367,-41" /><INIT seed="4,0,0,1,2,11" ten="89,339,246,326" oya="0" hai0="73,32,71,66,14,29,101,15,46,0,81,98,58" hai1="49,135,8,104,22,76,39,82,90,60,84,68,123" hai2="47,103,48,126,117,41,125,36,128,6,78,105,122" hai3="116,89,28,27,110,64,93,100,72,61,95,114,113"/><T115/><D0/><U120/><E39/><V55/><F122/><W43/><G110/><T67/><D46/><U23/><E104/><V94/><F105/><W132/><G72/><T44/><D44/><U87/><E135/><V50/><F78/><W9/><G43/><T119/><D119/><U17/><E49/><V75/><F75/><W130/><G132/><T106/><D115/><U53/><E8/><V56/><F103/><W16/><G100/><T79/><D58/><N who="1" m="34895" /><E68/><V83/><F83/><W121/><G89/><T92/><D92/><U45/><E123/><V74/><F94/><W34/><G130/><T30/><D30/><U97/><E45/><N who="2" m="23719" /><F6/><W91/><G91/><T118/><D118/><U19/><E97/><V112/><F74/><W4/><G4/><T133/><D133/><U127/><E127/><N who="2" m="48651" /><F117/><W111/><G116/><T108/><D108/><U51/><E120/><V134/><F134/><W18/><G111/><T33/><D33/><U63/><E63/><V13/><F128/><W21/><G121/><T77/><D77/><U86/><E76/><V80/><F80/><W26/><G113/><T10/><D10/><U96/><E96/><V54/><F112/><W35/><G35/><T57/><D57/><U37/><E82/><V70/><F70/><N who="3" m="42255" /><G114/><T1/><D1/><U85/><E90/><V59/><F59/><W65/><G65/><N who="0" m="24587" /><D71/><U102/><E102/><V69/><F69/><W7/><G95/><T99/><D99/><U2/><E2/><V5/><F5/><W42/><G93/><T40/><D40/><U131/><E131/><V129/><F129/><RYUUKYOKU ba="0,0" sc="89,15,339,-15,246,15,326,-15" hai0="14,15,29,32,73,79,81,98,101,106" hai2="13,47,48,50,54,55,56" /><INIT seed="4,1,0,0,0,24" ten="104,324,261,311" oya="0" hai0="96,95,3,103,72,115,41,35,68,5,50,80,23" hai1="59,133,118,55,60,135,125,120,70,16,45,7,119" hai2="33,58,71,48,105,127,66,129,6,21,91,22,92" hai3="56,128,82,43,126,100,8,77,2,54,52,25,61"/><T37/><D35/><U38/><E7/><V30/><F105/><W78/><G100/><T18/><D68/><U108/><E108/><V81/><F127/><W14/><G2/><T88/><D37/><U49/><E120/><V113/><F129/><W116/><G116/><N who="1" m="44586" /><E125/><V28/><F113/><W101/><G128/><T117/><D117/><U51/><E16/><V83/><F6/><W104/><G43/><T27/><D115/><U69/><E38/><V53/><F66/><W98/><G78/><T32/><D32/><U64/><E70/><V12/><F71/><W97/><G97/><T46/><D72/><U39/><E39/><V130/><F130/><W102/><G101/><T17/><D17/><U89/><E89/><V67/><F67/><W94/><G104/><T0/><REACH who="0" step="1"/><D5/><REACH who="0" ten="94,324,261,311" step="2"/><U110/><E110/><V9/><F33/><W121/><G126/><T87/><AGARI ba="1,1" hai="0,3,18,23,27,41,46,50,80,87,88,95,96,103" machi="87" ten="30,11700,0" yaku="1,1,2,1,0,1,54,1,53,0" doraHai="24" doraHaiUra="62" who="0" fromWho="0" sc="94,130,324,-40,261,-40,311,-40" /><INIT seed="4,2,0,0,0,67" ten="224,284,221,271" oya="0" hai0="20,4,3,64,80,123,127,57,124,6,93,103,71" hai1="99,8,88,50,94,66,113,84,131,48,128,43,25" hai2="55,17,86,110,15,7,81,101,41,115,47,53,97" hai3="134,100,14,40,109,129,121,132,62,125,105,89,114"/><T130/><D123/><U63/><E113/><V28/><F28/><W34/><G89/><T126/><D130/><N who="1" m="49707" /><E43/><V117/><F115/><W74/><G14/><T36/><D36/><U122/><E122/><V111/><F117/><W2/><G100/><T83/><D57/><N who="1" m="37231" /><E8/><V5/><F111/><W90/><G90/><T78/><D20/><U102/><E25/><V22/><F110/><W98/><G98/><N who="0" m="59855" /><D3/><U61/><E61/><V10/><F7/><N who="0" m="2602" /><D78/><U1/><E1/><V119/><F119/><W104/><G62/><AGARI ba="2,0" hai="62,64,71,80,83,124,126,127" m="2602,59855" machi="62" ten="40,3900,0" yaku="18,1,52,1" doraHai="67" who="0" fromWho="3" sc="224,45,284,0,221,0,271,-45" /><INIT seed="4,3,0,2,4,39" ten="269,284,221,226" oya="0" hai0="85,113,126,6,79,60,54,52,30,74,41,47,82" hai1="19,37,17,107,16,106,3,98,58,135,112,110,24" hai2="97,18,96,34,56,72,77,78,50,8,15,42,61" hai3="108,13,31,123,11,69,55,80,88,62,7,129,4"/><T118/><D118/><U20/><E3/><V92/><F34/><W27/><G108/><T91/><D113/><U51/><E37/><V53/><F72/><W73/><G129/><T89/><D126/><U86/><E110/><V127/><F127/><W63/><G73/><T44/><D30/><N who="1" m="17671" /><E107/><V26/><F26/><W116/><G116/><T130/><D130/><U64/><E106/><V0/><F0/><W111/><G111/><T40/><D6/><U99/><E135/><V59/><F96/><W105/><G105/><T14/><D14/><U71/><E71/><V35/><F35/><W1/><G123/><T49/><D60/><N who="1" m="37911" /><E112/><V48/><F48/><W5/><G1/><T46/><D46/><U12/><E86/><V32/><F32/><W102/><G102/><T68/><D68/><U25/><E25/><V117/><F117/><W124/><G124/><T66/><D66/><U120/><E120/><V9/><F9/><W121/><G121/><T36/><D89/><U65/><E65/><V43/><F78/><W134/><G134/><T2/><D2/><U101/><E101/><N who="2" m="60583" /><F77/><W84/><G69/><T103/><D103/><U100/><E100/><V75/><F75/><W95/><G80/><AGARI ba="3,0" hai="36,40,41,44,47,49,52,54,74,79,80,82,85,91" machi="80" ten="30,11600,0" yaku="7,1,52,2,54,1" doraHai="39" who="0" fromWho="3" sc="269,125,284,0,221,0,226,-125" /><INIT seed="4,4,0,5,5,125" ten="394,284,221,101" oya="0" hai0="84,77,11,98,121,45,15,88,64,67,122,91,37" hai1="27,120,75,132,85,94,131,71,87,117,35,133,101" hai2="110,32,25,18,46,20,34,106,81,53,126,115,104" hai3="129,3,135,7,29,33,21,36,92,4,95,113,22"/><T2/><D2/><U39/><E71/><V59/><F110/><W10/><G36/><T97/><D122/><U128/><E39/><V47/><F106/><W1/><G113/><T103/><D121/><U119/><E120/><V8/><F104/><W105/><G105/><T79/><D37/><U102/><E27/><V60/><F126/><W112/><G112/><T30/><D30/><U16/><E16/><V74/><F115/><W66/><G66/><T19/><D45/><U17/><E17/><V54/><F8/><N who="3" m="2079" /><G95/><N who="0" m="58847" /><D97/><U124/><E35/><V109/><F109/><W86/><G92/><N who="0" m="54279" /><D91/><U114/><E114/><V24/><F46/><W108/><G86/><T78/><AGARI ba="4,0" hai="11,15,19,64,67,77,78,79" m="54279,58847" machi="78" ten="30,3000,0" yaku="8,1,54,1" doraHai="125" who="0" fromWho="0" sc="394,42,284,-14,221,-14,101,-14" /><INIT seed="4,5,0,1,5,20" ten="436,270,207,87" oya="0" hai0="132,48,92,68,13,73,123,39,65,101,66,134,119" hai1="130,109,53,22,50,127,131,38,1,42,94,51,79" hai2="71,21,23,120,35,30,78,19,31,62,9,117,126" hai3="8,128,49,44,59,7,63,102,99,100,15,61,2"/><T85/><D39/><U55/><E1/><V81/><F126/><W24/><G128/><N who="1" m="49194" /><E79/><V108/><F108/><W96/><G2/><T75/><D119/><U106/><E106/><V37/><F37/><W64/><G61/><T116/><D116/><U36/><E94/><V34/><F120/><W41/><REACH who="3" step="1"/><G24/><REACH who="3" ten="436,270,207,77" step="2"/><T56/><D123/><U67/><E109/><V105/><F62/><W0/><G0/><T29/><D132/><U58/><E127/><V52/><F117/><W60/><G60/><T103/><D134/><U104/><E67/><V113/><F113/><W11/><G11/><T135/><D66/><U6/><E22/><V47/><F23/><W133/><G133/><T129/><D135/><U90/><E6/><V122/><F21/><W46/><G46/><T18/><D129/><U10/><E10/><V4/><F47/><W95/><G95/><T93/><D92/><U83/><E104/><V111/><F105/><W114/><G114/><T57/><D65/><U76/><E58/><V45/><F9/><W118/><G118/><T86/><D57/><U97/><E38/><V115/><F4/><W25/><G25/><T16/><D56/><U82/><E36/><V70/><F115/><W12/><G12/><T88/><D13/><U80/><E51/><V32/><F45/><W89/><G89/><T98/><D88/><U43/><E50/><V27/><F27/><W121/><G121/><T84/><D48/><U72/><E90/><V125/><F122/><W14/><G14/><T91/><D91/><U112/><E112/><V40/><F125/><W5/><G5/><RYUUKYOKU ba="5,1" sc="436,-10,270,-10,207,-10,77,30" hai3="7,8,15,41,44,49,59,63,64,96,99,100,102" /><INIT seed="5,6,1,4,2,123" ten="426,260,197,107" oya="1" hai0="134,1,3,40,5,9,0,18,62,69,67,8,42" hai1="120,78,6,24,108,126,81,53,94,10,46,51,34" hai2="16,90,132,118,93,87,71,35,68,95,39,115,11" hai3="4,2,74,33,70,73,82,116,77,58,98,17,130"/><U56/><E120/><V79/><F118/><W12/><G70/><T104/><D104/><U107/><E107/><V64/><F35/><W52/><G33/><T102/><D102/><U21/><E34/><V65/><F39/><W26/><G26/><T122/><D122/><U25/><E126/><V131/><F68/><W19/><G130/><T22/><D134/><U27/><E94/><V55/><F71/><W106/><G116/><T38/><D38/><U29/><E56/><V61/><F79/><W23/><G19/><T32/><D32/><U124/><E124/><V80/><F131/><W72/><G106/><T127/><D127/><U45/><E45/><V43/><F43/><W37/><G37/><T84/><D84/><U117/><E117/><V114/><F132/><W59/><G59/><T101/><D101/><U135/><E135/><V54/><F61/><W85/><G98/><T86/><D86/><U92/><E92/><N who="2" m="35403" /><F115/><W50/><REACH who="3" step="1"/><G74/><REACH who="3" ten="426,260,197,97" step="2"/><T20/><D18/><U125/><E125/><V99/><F99/><W76/><G76/><T36/><D36/><U89/><E78/><V75/><F75/><W112/><G112/><T121/><D121/><U57/><E57/><V110/><F114/><W105/><G105/><T60/><D69/><U119/><E119/><V30/><F16/><W41/><G41/><T91/><D42/><U63/><E25/><V129/><F129/><W133/><G133/><T15/><D40/><U88/><E27/><V97/><F97/><W44/><G44/><T109/><D5/><U111/><E24/><V103/><F103/><W28/><G28/><RYUUKYOKU ba="6,2" sc="426,-10,260,-10,197,-10,97,30" hai3="2,4,12,17,23,50,52,58,72,73,77,82,85" /><INIT seed="6,7,2,1,4,85" ten="416,250,187,127" oya="2" hai0="33,42,113,51,128,1,49,78,68,25,47,88,115" hai1="56,48,32,9,50,126,86,107,90,31,103,120,84" hai2="65,55,135,96,60,69,4,24,8,98,35,71,70" hai3="76,21,75,5,58,104,30,28,109,44,74,0,127"/><V110/><F110/><W62/><G109/><T125/><D68/><U22/><E32/><V46/><F135/><W17/><G104/><T13/><D1/><U18/><E107/><V97/><F55/><W43/><G75/><T94/><D78/><U15/><E103/><V29/><REACH who="2" step="1"/><F46/><REACH who="2" ten="416,250,177,127" step="2"/><W108/><G108/><T10/><D47/><U101/><E120/><V26/><F26/><W124/><G44/><T23/><D25/><U7/><E126/><V118/><F118/><W40/><G43/><T87/><D42/><U67/><E67/><V11/><F11/><W57/><G40/><T121/><D125/><U41/><E41/><V34/><F34/><W59/><G124/><T132/><D132/><U111/><E111/><V119/><F119/><W16/><G127/><T116/><D116/><U6/><E9/><V112/><F112/><W80/><G62/><T36/><D33/><U131/><E48/><V130/><F130/><W89/><G21/><T53/><D23/><U2/><E131/><V20/><F20/><W61/><G61/><T52/><D128/><U83/><E50/><V102/><F102/><W114/><G114/><N who="0" m="43531" /><D121/><U12/><E101/><V106/><F106/><W73/><G30/><T27/><D27/><U63/><E31/><V14/><AGARI ba="7,3" hai="4,8,14,24,29,35,60,65,69,70,71,96,97,98" machi="14" ten="30,3000,0" yaku="1,1,0,1,53,0" doraHai="85" doraHaiUra="72" who="2" fromWho="2" sc="416,-17,250,-17,177,81,127,-17" /><INIT seed="6,8,0,5,2,13" ten="399,233,258,110" oya="2" hai0="96,111,43,110,9,67,79,3,132,108,115,116,56" hai1="52,66,127,50,117,51,47,28,81,87,42,16,109" hai2="40,37,58,4,124,45,84,23,74,54,5,128,102" hai3="64,14,82,134,75,17,126,133,31,88,99,30,72"/><V73/><F124/><W85/><G126/><T0/><D115/><U10/><E109/><V129/><F102/><W6/><G6/><T125/><D125/><U101/><E117/><V83/><F74/><W89/><G64/><T21/><D116/><U113/><E113/><V80/><F73/><W93/><G75/><T8/><D132/><N who="3" m="50793" /><G72/><T71/><D71/><U41/><E28/><V103/><F103/><W48/><G48/><T36/><D79/><U100/><E66/><V18/><F4/><W98/><G99/><T15/><D96/><U7/><E127/><V69/><F5/><W55/><G55/><T46/><D3/><U11/><E41/><V130/><F69/><W19/><G19/><T32/><D0/><U22/><E7/><V2/><F2/><W112/><G112/><T104/><D67/><U90/><E101/><V105/><F84/><W86/><G85/><T114/><D114/><U24/><E100/><V25/><F105/><W97/><G97/><T1/><D1/><U61/><REACH who="1" step="1"/><E61/><AGARI ba="8,0" hai="18,23,25,37,40,45,54,58,61,80,83,128,129,130" machi="61" ten="40,3900,0" yaku="19,1,52,1" doraHai="13" who="2" fromWho="1" sc="399,0,233,-63,258,63,110,0" /><INIT seed="6,9,0,4,2,47" ten="399,170,321,110" oya="2" hai0="124,82,92,16,13,65,106,79,49,129,20,43,102" hai1="1,3,2,87,96,11,101,116,29,60,88,28,128" hai2="51,61,14,99,98,63,5,64,86,130,125,12,0" hai3="122,75,26,32,110,135,90,44,53,48,38,80,50"/><V76/><F0/><W100/><G122/><T21/><D106/><U30/><E116/><V105/><F105/><W120/><G120/><T10/><D129/><U17/><E128/><V72/><F72/><W91/><G38/><T62/><D124/><U95/><E60/><V66/><F125/><W8/><G110/><T89/><D102/><U7/><REACH who="1" step="1"/><E17/><REACH who="1" ten="399,160,321,110" step="2"/><V67/><F63/><W119/><G119/><T31/><D62/><U15/><E15/><V9/><F61/><W77/><G135/><T104/><D16/><U34/><E34/><V39/><F14/><W37/><G32/><T52/><D13/><U45/><E45/><V126/><F130/><W108/><G44/><T59/><D43/><U109/><E109/><V25/><F126/><W36/><G108/><T127/><D127/><U24/><E24/><V83/><F25/><W4/><G26/><T56/><D56/><U33/><E33/><V74/><F12/><W111/><G111/><T93/><D59/><U78/><E78/><V68/><F76/><W133/><G77/><T118/><D79/><U103/><E103/><V46/><F46/><W57/><G75/><T18/><D18/><U112/><E112/><V117/><F74/><W123/><G133/><T69/><D118/><U84/><E84/><V132/><F86/><W70/><G123/><T58/><D58/><U107/><AGARI ba="9,1" hai="1,2,3,7,11,28,29,30,87,88,95,96,101,107" machi="107" ten="30,4000,0" yaku="1,1,0,1,54,1,53,0" doraHai="47" doraHaiUra="41" who="1" fromWho="1" sc="399,-19,160,77,321,-29,110,-19" /><INIT seed="7,0,0,4,2,39" ten="380,237,292,91" oya="3" hai0="128,4,47,61,76,22,118,38,24,14,64,108,9" hai1="89,96,3,103,36,119,111,114,55,62,44,29,33" hai2="106,83,71,124,27,126,80,25,81,17,45,67,135" hai3="58,90,99,13,100,112,132,121,131,35,69,59,86"/><W78/><G121/><T20/><D108/><U18/><E111/><V66/><F106/><W102/><G69/><T92/><D118/><U23/><E3/><V72/><F72/><W49/><G35/><T120/><D120/><U7/><E114/><V41/><F135/><W65/><G112/><T0/><D128/><U48/><E119/><V56/><F56/><W54/><G131/><T101/><D76/><U82/><E7/><V57/><F57/><W93/><G132/><T16/><D101/><U50/><E36/><V60/><F17/><W94/><G13/><T116/><D116/><U134/><E134/><V97/><F97/><W21/><G21/><T52/><D92/><U115/><E115/><V104/><F104/><W123/><G123/><T127/><D127/><N who="2" m="48682" /><F66/><W75/><G75/><T88/><D16/><U113/><E113/><V109/><F109/><W68/><G68/><T1/><D64/><U51/><E33/><V95/><F95/><W122/><G122/><T98/><D98/><U53/><E29/><V63/><F63/><N who="3" m="38143" /><G78/><T117/><D61/><U77/><E62/><V10/><F10/><W34/><G34/><T84/><D9/><U2/><E2/><V73/><F73/><W19/><G19/><T105/><D0/><U129/><E129/><V11/><F11/><W6/><G6/><T26/><D4/><U42/><E18/><V133/><F133/><W31/><G31/><T28/><D28/><U74/><E23/><V43/><F25/><W107/><G107/><T125/><D105/><N who="1" m="63719" /><E89/><AGARI ba="0,0" hai="49,54,58,86,89,90,93,94,99,100,102" m="38143" machi="89" ten="30,1500,0" yaku="8,1" doraHai="39" who="3" fromWho="1" sc="380,0,237,-15,292,0,91,15" /><INIT seed="7,1,0,5,0,49" ten="380,222,292,106" oya="3" hai0="20,110,95,28,34,59,3,39,0,120,19,79,113" hai1="62,43,30,72,130,99,111,100,107,118,109,135,90" hai2="106,132,9,60,38,125,128,98,54,10,121,71,114" hai3="78,36,47,55,115,87,1,5,26,7,4,117,85"/><W97/><G117/><T12/><D110/><U50/><E30/><V108/><RYUUKYOKU type="yao9" ba="1,0" sc="380,0,222,0,292,0,106,0" hai2="9,10,38,54,60,71,98,106,108,114,121,125,128,132" /><INIT seed="7,2,0,3,1,15" ten="380,222,292,106" oya="3" hai0="38,120,43,46,26,32,44,115,81,69,103,124,11" hai1="18,74,128,2,42,87,3,110,118,51,16,93,65" hai2="97,84,98,77,12,75,133,25,63,1,60,59,54" hai3="8,126,39,47,56,48,119,100,80,122,125,20,91"/><W73/><G119/><T68/><D120/><U52/><E74/><V53/><F1/><W101/><G122/><T66/><D124/><N who="3" m="47721" /><G8/><T35/><D115/><U13/><E110/><V71/><F75/><W62/><G39/><T31/><D103/><U89/><E128/><V107/><F133/><W7/><G7/><T96/><D96/><U24/><E118/><V23/><F107/><W135/><G135/><T40/><D81/><U22/><E65/><V58/><F71/><W57/><G20/><T29/><D11/><U36/><E36/><V121/><F12/><W109/><G109/><T50/><D66/><U14/><E42/><V92/><F121/><W82/><G91/><T111/><D111/><U123/><E123/><V106/><F106/><W34/><G34/><T67/><D67/><U4/><E4/><V19/><F77/><N who="3" m="44079" /><G82/><T86/><D86/><U129/><E129/><V28/><F28/><W76/><G76/><T85/><D85/><U117/><E117/><V83/><F83/><W49/><G49/><T78/><D78/><U9/><E24/><AGARI ba="2,0" hai="24,26,29,31,32,35,38,40,43,44,46,50,68,69" machi="24" ten="40,1300,0" yaku="9,1" doraHai="15" who="0" fromWho="1" sc="380,19,222,-19,292,0,106,0" owari="399,50.0,203,-20.0,292,9.0,106,-39.0" /></mjloggm>