<mjloggm ver="2.3"><GO type="41" lobby="0"/><UN n0="%E5%B0%8F%E5%B9%B3%E3%83%AB%E3%83%8D" n1="%68%61%6E%69%74%61%6B%61" n2="%E6%AD%A6%E5%8F%8C%E5%B1%B1" n3="%E5%B0%B1%E6%B4%BB%E7%94%9F%40%E5%B7%9D%E6%9D%91%E8%BB%8D%E5%9B%A3" dan="15,14,13,16" rate="2007.07,1919.00,1814.50,2128.90" sx="M,M,M,M"/><TAIKYOKU oya="0"/><INIT seed="0,0,0,2,3,109" ten="250,250,250,250" oya="0" hai0="132,127,116,65,83,63,112,113,82,87,37,86,1" hai1="118,13,54,61,123,79,45,95,75,6,70,105,56" hai2="91,84,57,108,133,2,26,90,93,24,43,19,64" hai3="15,7,60,36,55,73,35,28,39,74,72,135,99"/><T80/><D116/><U42/><E105/><V122/><F108/><W30/><G135/><T46/><D1/><U20/><E118/><V69/><F122/><W128/><G128/><T41/><D132/><U120/><E70/><V85/><F2/><W0/><G0/><T104/><D104/><U115/><E115/><V131/><F131/><W40/><G99/><T92/><D127/><U107/><E107/><V59/><F43/><W100/><G100/><T117/><D117/><U18/><E95/><V81/><F133/><W77/><G77/><T21/><D21/><U49/><E6/><V110/><F110/><W50/><G60/><T14/><D14/><U126/><REACH who="1" step="1"/><E126/><REACH who="1" ten="250,240,250,250" step="2"/><V119/><F119/><W121/><G121/><T88/><REACH who="0" step="1"/><D87/><REACH who="0" ten="240,240,250,250" step="2"/><U23/><E23/><V17/><F93/><W125/><G74/><T124/><D124/><U129/><E129/><V102/><F81/><AGARI ba="0,2" hai="13,18,20,42,45,49,54,56,61,75,79,81,120,123" machi="81" ten="40,2600,0" yaku="1,1,53,1" doraHai="109" doraHaiUra="78" who="1" fromWho="2" sc="240,0,240,46,250,-26,250,0" /><INIT seed="1,0,0,0,4,134" ten="240,286,224,250" oya="1" hai0="1,47,135,53,124,29,91,121,80,49,78,45,94" hai1="44,130,14,104,96,71,112,0,69,86,7,20,23" hai2="132,40,119,72,62,126,127,48,128,76,61,15,64" hai3="9,42,4,101,37,103,116,92,3,63,125,87,111"/><U13/><E112/><V22/><F119/><W11/><G116/><T60/><D135/><U25/><E130/><V5/><F128/><W105/><G105/><T131/><D131/><U106/><E0/><V108/><F108/><W55/><G111/><T30/><D1/><U89/><E44/><N who="2" m="25607" /><F64/><W27/><G11/><T68/><D121/><U66/><E66/><V65/><F65/><W88/><G125/><N who="2" m="47625" /><F132/><W123/><G123/><T107/><D68/><U70/><E7/><V73/><F22/><W82/><G37/><T18/><D124/><U56/><E56/><V39/><F39/><W97/><G42/><T51/><D47/><U46/><E46/><V24/><F24/><W74/><G74/><N who="2" m="28777" /><F76/><W54/><G27/><T113/><D78/><U117/><E23/><V12/><F12/><W34/><G34/><T17/><D113/><U102/><E117/><V120/><F120/><W28/><G28/><T52/><D30/><U85/><E13/><V32/><F32/><W122/><G122/><T79/><D29/><U57/><E14/><V99/><F99/><W75/><G75/><T77/><D77/><U50/><E96/><V98/><F98/><W84/><G97/><T81/><D79/><U95/><E20/><V59/><F59/><W43/><G101/><T115/><D115/><U90/><E25/><V109/><F109/><W26/><G103/><T58/><D58/><U100/><E102/><V114/><F114/><W16/><G26/><T41/><D45/><U2/><E100/><V67/><F67/><W35/><G35/><T83/><D107/><U21/><E104/><RYUUKYOKU ba="0,0" sc="240,-10,286,-10,224,30,250,-10" hai2="5,15,61,62" /><INIT seed="2,1,0,5,5,2" ten="230,276,254,240" oya="2" hai0="70,26,41,61,112,118,32,50,133,64,67,105,91" hai1="12,89,87,5,27,33,56,39,129,110,38,100,3" hai2="101,78,66,131,9,108,135,57,94,81,62,40,115" hai3="15,85,79,63,36,76,8,42,21,0,31,20,123"/><V125/><F115/><W43/><G123/><T4/><D112/><U80/><E3/><V24/><F131/><W82/><G0/><T58/><D105/><U7/><E129/><V19/><F125/><W117/><G117/><T13/><D133/><U16/><E110/><V84/><F135/><W72/><G36/><T10/><D118/><U104/><E39/><V127/><F127/><W47/><G72/><T121/><D121/><U44/><E38/><V90/><F108/><W30/><G76/><T49/><D41/><N who="3" m="15369" /><G47/><T134/><D134/><U45/><E104/><V46/><F101/><W86/><G63/><T126/><D126/><U22/><E100/><V74/><F40/><W37/><G37/><T113/><D113/><U116/><E116/><V120/><F120/><W128/><G128/><T106/><D106/><U54/><E33/><V75/><F46/><N who="1" m="18025" /><E27/><V11/><F75/><W130/><G85/><T59/><D26/><U132/><E132/><V73/><F73/><W52/><G52/><T23/><D32/><U17/><E17/><V92/><F74/><W65/><G65/><T29/><D67/><U122/><E122/><V83/><F78/><W96/><G96/><T109/><D109/><U119/><E119/><V53/><F66/><W93/><G93/><N who="2" m="35945" /><F83/><W60/><G60/><AGARI ba="1,0" hai="5,7,12,16,22,54,56,60,80,87,89" m="18025" machi="60" ten="30,7700,0" yaku="8,1,52,2,54,1" doraHai="2" who="1" fromWho="3" sc="230,0,276,80,254,0,240,-80" /><INIT seed="3,0,0,4,5,57" ten="230,356,254,160" oya="3" hai0="25,54,89,114,38,0,14,105,47,98,116,104,36" hai1="135,96,29,65,13,103,117,67,94,64,109,46,84" hai2="127,26,130,1,111,16,123,10,39,100,90,9,48" hai3="77,56,133,30,8,88,107,21,12,86,55,81,118"/><W19/><G118/><T80/><D0/><U37/><E109/><V126/><F39/><W41/><G107/><T113/><D116/><U95/><E117/><V71/><F71/><W82/><G133/><T51/><D25/><U115/><E115/><N who="0" m="44041" /><D14/><U52/><E135/><V99/><F111/><W63/><G41/><T83/><D105/><U58/><E37/><N who="0" m="14441" /><D89/><N who="1" m="53543" /><E46/><V42/><F90/><W59/><G59/><T128/><D128/><U74/><E74/><V72/><F130/><W69/><G69/><T106/><D106/><U108/><E108/><V60/><F72/><W27/><REACH who="3" step="1"/><G77/><REACH who="3" ten="230,356,254,150" step="2"/><T61/><D104/><U91/><E29/><V24/><F42/><W112/><G112/><T45/><D45/><U2/><E2/><V15/><F1/><W43/><G43/><T44/><D44/><U122/><E122/><V76/><F123/><W11/><G11/><T4/><D47/><U5/><E103/><V124/><F9/><W53/><G53/><T3/><D54/><U35/><E35/><V40/><F76/><W50/><G50/><T78/><D51/><N who="1" m="31007" /><E64/><V101/><F48/><W110/><G110/><T79/><D79/><U20/><E20/><V17/><F40/><W87/><G87/><T62/><D78/><U125/><E125/><V68/><F101/><W70/><G70/><T31/><D98/><U102/><E102/><V132/><F99/><W6/><G6/><T75/><D4/><U18/><E5/><N who="2" m="3535" /><F100/><W7/><G7/><T97/><D97/><U92/><E92/><AGARI ba="0,1" hai="8,12,19,21,27,30,55,56,63,81,82,86,88,92" machi="92" ten="30,12000,1" yaku="1,1,7,1,8,1,52,1,54,1,53,0" doraHai="57" doraHaiUra="134" who="3" fromWho="1" sc="230,0,356,-120,254,0,150,130" /><INIT seed="3,1,0,5,3,25" ten="230,236,254,280" oya="3" hai0="63,53,21,30,110,85,29,46,94,88,117,67,129" hai1="58,40,122,135,59,9,0,60,82,101,108,7,8" hai2="80,27,61,42,55,64,41,22,119,115,74,91,39" hai3="126,102,47,5,84,99,121,132,90,104,96,44,123"/><W56/><G126/><T2/><D2/><U12/><E122/><V87/><F115/><W36/><G132/><T97/><D117/><U54/><E108/><V65/><F119/><W4/><G96/><T1/><D1/><U20/><E135/><V72/><F72/><W31/><G56/><N who="0" m="37351" /><D110/><U15/><E40/><N who="2" m="15467" /><F74/><W50/><G36/><T134/><D129/><U43/><E43/><V77/><F77/><W131/><G131/><T32/><D32/><U105/><E82/><V116/><F39/><W48/><G121/><T93/><D21/><U73/><E73/><V49/><F116/><W14/><G123/><T89/><D134/><U19/><E105/><V33/><F61/><W62/><G62/><T124/><D124/><U128/><E128/><V28/><F33/><W26/><G47/><AGARI ba="1,0" hai="22,27,28,47,49,55,64,65,80,87,91" m="15467" machi="47" ten="30,2000,0" yaku="8,1,52,1" doraHai="25" who="2" fromWho="3" sc="230,0,236,0,254,23,280,-23" /><INIT seed="4,0,0,3,2,3" ten="230,236,277,257" oya="0" hai0="62,14,49,73,41,53,22,100,127,133,123,8,82" hai1="124,37,84,26,74,69,23,9,32,122,72,116,88" hai2="132,102,31,4,90,61,89,125,98,78,121,118,95" hai3="11,105,56,43,34,96,111,48,25,21,120,60,71"/><T129/><D123/><U13/><E122/><V91/><F121/><W17/><G120/><RYUUKYOKU type="kaze4" ba="0,0" sc="230,0,236,0,277,0,257,0" /><INIT seed="4,1,0,1,2,45" ten="230,236,277,257" oya="0" hai0="43,4,37,36,58,112,42,23,38,27,83,0,14" hai1="116,62,84,109,96,30,72,76,77,33,8,99,52" hai2="29,56,44,25,1,31,6,80,22,107,3,93,75" hai3="94,69,134,122,2,34,130,61,65,10,97,124,95"/><T86/><D112/><U103/><E116/><V9/><F107/><W47/><G47/><BYE who="3" /><T53/><D0/><U41/><E109/><UN n3="%E5%B0%B1%E6%B4%BB%E7%94%9F%40%E5%B7%9D%E6%9D%91%E8%BB%8D%E5%9B%A3" /><V7/><F93/><W78/><G34/><T15/><D4/><U24/><E72/><V102/><F102/><W110/><G122/><T88/><D42/><U49/><E8/><N who="2" m="2127" /><F44/><W100/><G124/><T17/><REACH who="0" step="1"/><D43/><REACH who="0" ten="220,236,277,257" step="2"/><U55/><E41/><V51/><F3/><W89/><G2/><T39/><N who="0" m="9216" /><DORA hai="98" /><T13/><D13/><U106/><E96/><V63/><F7/><W12/><G110/><T91/><D91/><U79/><E84/><V19/><F75/><W66/><G130/><T135/><D135/><U108/><E108/><V92/><F9/><W16/><G134/><T21/><D21/><U20/><E33/><V64/><F22/><W90/><G78/><T101/><D101/><U121/><E121/><V40/><F40/><W46/><G90/><T82/><D82/><U11/><E11/><V73/><F80/><W123/><G123/><T48/><AGARI ba="1,1" hai="14,15,17,23,27,48,53,58,83,86,88" m="9216" machi="48" ten="60,12000,1" yaku="1,1,0,1,52,1,54,1,53,0" doraHai="45,98" doraHaiUra="117,125" who="0" fromWho="0" sc="220,133,236,-41,277,-41,257,-41" /><INIT seed="4,2,0,0,3,19" ten="353,195,236,216" oya="0" hai0="71,50,16,48,51,32,1,74,12,36,116,68,135" hai1="97,73,103,13,132,114,63,129,14,69,57,113,106" hai2="0,7,130,54,66,56,47,10,60,108,58,4,87" hai3="25,96,52,115,122,117,67,20,65,23,26,45,43"/><T22/><D116/><U3/><E69/><V109/><F130/><W85/><G115/><N who="1" m="44042" /><E129/><V83/><F7/><W31/><G122/><T77/><D1/><U93/><E132/><V127/><F127/><W64/><G117/><T53/><D36/><U49/><E3/><V2/><F47/><W72/><G72/><T15/><D32/><U84/><E73/><V111/><F2/><W92/><G85/><T75/><D135/><U79/><E49/><V98/><F98/><W134/><G134/><T40/><D40/><U118/><E106/><V102/><F102/><N who="3" m="60679" /><G43/><T35/><D35/><U110/><E110/><V59/><REACH who="2" step="1"/><F54/><REACH who="2" ten="353,195,226,216" step="2"/><W46/><G52/><T123/><D53/><N who="1" m="34223" /><E118/><V133/><F133/><W9/><G9/><T80/><D123/><U82/><AGARI ba="2,1" hai="13,14,79,82,84,93,97,103" m="34223,44042" machi="82" ten="30,2000,0" yaku="15,1,11,1" doraHai="19" who="1" fromWho="1" sc="353,-12,195,36,226,-7,216,-7" /><INIT seed="5,0,0,0,4,84" ten="341,231,219,209" oya="1" hai0="133,30,65,13,32,16,22,66,83,25,90,99,122" hai1="9,98,62,15,92,94,33,123,61,89,69,82,110" hai2="72,106,68,116,18,75,67,44,17,125,91,87,5" hai3="126,73,43,52,59,27,85,37,8,93,88,132,38"/><U129/><E123/><V60/><F116/><W21/><G73/><T95/><D133/><U78/><E129/><V118/><F125/><W4/><G132/><T28/><D122/><U96/><E110/><V76/><F106/><W70/><G70/><T134/><D134/><U31/><E69/><V11/><F44/><W115/><G115/><T58/><D30/><U97/><E33/><V124/><F124/><W20/><G126/><T46/><D46/><U79/><E31/><V6/><F6/><W101/><G101/><T71/><D71/><U26/><E26/><V14/><F118/><W53/><G21/><T3/><D3/><U23/><E23/><V24/><F76/><N who="1" m="29225" /><E82/><V117/><F117/><W119/><G119/><T105/><D83/><U108/><E108/><V35/><F35/><W113/><G113/><T54/><D105/><U80/><E80/><V1/><F24/><W12/><G53/><T120/><D120/><U36/><E36/><V40/><F40/><W104/><G43/><T50/><AGARI ba="0,0" hai="13,16,22,25,28,32,50,54,58,65,66,90,95,99" machi="50" ten="20,5200,0" yaku="0,1,7,1,52,1,54,1" doraHai="84" who="0" fromWho="0" sc="341,52,231,-26,219,-13,209,-13" /><INIT seed="6,0,0,4,4,43" ten="393,205,206,196" oya="2" hai0="52,68,69,111,35,27,0,107,28,83,19,62,8" hai1="108,114,81,21,60,12,57,26,126,15,24,86,132" hai2="34,127,116,95,49,80,37,54,76,10,98,40,120" hai3="70,72,78,38,61,65,20,11,90,74,123,110,4"/><V14/><F120/><W63/><G123/><T50/><D107/><U122/><E108/><V82/><F116/><W47/><G110/><T71/><D111/><U5/><E114/><V3/><F34/><W79/><G63/><T128/><D128/><U85/><E132/><V18/><F3/><W23/><G90/><T32/><D32/><U104/><E126/><V91/><F127/><W119/><G119/><T51/><D83/><U59/><E104/><V121/><F121/><W66/><G66/><T44/><D51/><U33/><E33/><V100/><F76/><W2/><G79/><T99/><D99/><U9/><E122/><V97/><F40/><W101/><G101/><T124/><D124/><U1/><E1/><V31/><F31/><W96/><G96/><T77/><D77/><U56/><E60/><V117/><F37/><W112/><G112/><T134/><D134/><U41/><E41/><V30/><F30/><W102/><G102/><T29/><D29/><U39/><E39/><V115/><F115/><W118/><G118/><T45/><D0/><U75/><E75/><V7/><F7/><W46/><G38/><T6/><D6/><U103/><E103/><V36/><F36/><W53/><G53/><T55/><D55/><U93/><E93/><N who="2" m="58415" /><F117/><W17/><G23/><T133/><D133/><U106/><E106/><V64/><F64/><W92/><G92/><T131/><D131/><U94/><E94/><V25/><F25/><N who="1" m="9833" /><E81/><V67/><F67/><W135/><G135/><T125/><D125/><U73/><E73/><N who="3" m="28266" /><G78/><T84/><D28/><U48/><E48/><RYUUKYOKU ba="0,0" sc="393,-30,205,10,206,10,196,10" hai1="5,9,12,15,21,56,57,59,85,86" hai2="10,14,18,49,54,80,82,91,95,98" hai3="2,4,11,17,20,46,47,61,65,70" /><INIT seed="6,1,0,3,3,130" ten="363,215,216,206" oya="2" hai0="116,135,9,133,106,96,97,58,91,40,48,123,75" hai1="108,33,43,110,132,111,15,87,66,38,85,27,62" hai2="46,23,17,103,72,126,1,68,92,5,10,26,131" hai3="49,100,120,45,54,119,65,3,53,18,42,79,39"/><V124/><F72/><W109/><G3/><T32/><D123/><U13/><E132/><N who="0" m="50761" /><D32/><U69/><E43/><V57/><F68/><W81/><G109/><T41/><D75/><U21/><E38/><V84/><F131/><W134/><G119/><T83/><D9/><U6/><E33/><V11/><F11/><W99/><G134/><T76/><D76/><U24/><E24/><V98/><F84/><W36/><G120/><T80/><D116/><U118/><E118/><V51/><REACH who="2" step="1"/><F57/><REACH who="2" ten="363,215,206,206" step="2"/><W16/><G39/><T122/><D58/><U127/><E127/><V67/><F67/><W128/><G65/><T28/><D122/><U37/><E87/><V102/><F102/><W12/><G128/><T104/><D97/><U125/><E125/><V107/><F107/><W61/><G36/><T31/><D104/><U95/><E37/><V34/><F34/><W77/><G61/><T47/><D106/><U4/><E85/><V55/><AGARI ba="1,1" hai="1,5,10,17,23,26,46,51,55,92,98,103,124,126" machi="55" ten="30,3000,0" yaku="1,1,0,1,53,0" doraHai="130" doraHaiUra="52" who="2" fromWho="2" sc="363,-11,215,-11,206,43,206,-11" /><INIT seed="6,2,0,4,5,118" ten="352,204,249,195" oya="2" hai0="82,74,64,128,32,29,45,57,56,8,87,36,5" hai1="19,120,80,1,24,63,11,109,38,39,101,55,68" hai2="59,15,20,88,30,60,78,86,79,0,135,46,103" hai3="71,49,75,14,33,102,35,23,97,111,69,119,34"/><V51/><F0/><W17/><G111/><T106/><D106/><U92/><E109/><V26/><F103/><W43/><G119/><T104/><D104/><U107/><E107/><V129/><F135/><W117/><G75/><T95/><D128/><U122/><E80/><V90/><F15/><W53/><G117/><T10/><D10/><U85/><E24/><V98/><F98/><W113/><G113/><T99/><D64/><U121/><E19/><V41/><F129/><W67/><G67/><T2/><D29/><U91/><E101/><V114/><F114/><W112/><G43/><N who="0" m="22759" /><D87/><U76/><E76/><N who="2" m="29227" /><F86/><W6/><G6/><T110/><D32/><U105/><E105/><V65/><AGARI ba="2,0" hai="20,26,30,41,46,51,59,60,65,88,90" m="29227" machi="65" ten="30,3000,0" yaku="8,1,54,1" doraHai="118" who="2" fromWho="2" sc="352,-12,204,-12,249,36,195,-12" /><INIT seed="6,3,0,4,1,118" ten="340,192,285,183" oya="2" hai0="59,47,11,105,17,27,43,61,62,134,14,73,3" hai1="54,107,98,76,70,104,6,33,99,64,0,102,20" hai2="46,128,12,13,16,2,75,22,35,63,74,83,38" hai3="18,71,21,87,108,130,119,114,51,122,52,29,89"/><V69/><F2/><W68/><G108/><T19/><D105/><U112/><E112/><V126/><F35/><W37/><G119/><T94/><D73/><U91/><E33/><V88/><F126/><W121/><G37/><T131/><D131/><U28/><E76/><V57/><F69/><W32/><G130/><T77/><D77/><U129/><E129/><V9/><F46/><W110/><G110/><T90/><D134/><U48/><E6/><V125/><F38/><W10/><G114/><T133/><D3/><U53/><E0/><V78/><F125/><W85/><G10/><T45/><D43/><U24/><E48/><V60/><F60/><W93/><G85/><T8/><D62/><U7/><E7/><V66/><F128/><W82/><G29/><T86/><D133/><U26/><E26/><V67/><F75/><W84/><G32/><T44/><D27/><U31/><E31/><V39/><F39/><W40/><G40/><T58/><D61/><U95/><E107/><V127/><F127/><W96/><G96/><T80/><D80/><U117/><E117/><V23/><F88/><N who="3" m="51223" /><G71/><T124/><D124/><U135/><REACH who="1" step="1"/><E135/><REACH who="1" ten="340,182,285,183" step="2"/><V5/><F23/><W72/><G68/><T132/><D132/><U42/><E42/><V25/><F25/><W1/><G1/><T100/><D100/><U30/><E30/><V92/><F5/><W123/><G72/><T109/><D109/><U55/><E55/><N who="2" m="34239" /><F74/><W15/><G121/><T50/><D50/><U97/><E97/><V81/><F78/><W103/><G103/><T49/><D49/><U41/><E41/><RYUUKYOKU ba="3,1" sc="340,10,182,10,285,-30,183,10" hai0="8,11,14,17,19,44,45,47,58,59,86,90,94" hai1="20,24,28,53,54,64,70,91,95,98,99,102,104" hai3="15,18,21,51,52,87,89,93,122,123" /><INIT seed="7,4,1,3,1,111" ten="350,192,255,193" oya="3" hai0="125,20,85,82,66,37,81,101,39,135,87,124,60" hai1="15,57,79,63,53,116,76,121,126,132,134,17,104" hai2="105,9,107,24,74,113,91,56,21,64,71,62,35" hai3="95,52,103,29,98,22,4,41,108,23,106,114,94"/><W51/><G108/><T67/><D135/><N who="1" m="51755" /><E121/><V46/><F113/><W92/><G114/><T88/><D101/><U13/><E126/><N who="0" m="48745" /><D20/><U120/><E120/><V86/><F35/><W55/><G4/><T72/><D72/><U61/><E116/><V84/><F74/><W90/><G90/><N who="0" m="51503" /><D67/><U36/><E36/><V49/><F71/><AGARI ba="4,1" hai="37,39,60,66,71,82,87,88" m="51503,48745" machi="71" ten="30,2000,0" yaku="18,1,54,1" doraHai="111" who="0" fromWho="2" sc="350,42,192,0,255,-32,193,0" owari="392,50.0,192,-31.0,223,2.0,193,-21.0" /></mjloggm>