<mjloggm ver="2.3"><GO type="225" lobby="0"/><UN n0="%E5%B0%B1%E6%B4%BB%E7%94%9F%40%E5%B7%9D%E6%9D%91%E8%BB%8D%E5%9B%A3" n1="%E3%82%8A%E3%81%8D%E3%81%96%E3%81%84%E3%82%8B%E2%98%86" n2="%6A%64%75%68%67%72%79" n3="%E3%81%AB%E3%81%8F%E3%82%84" dan="16,17,16,16" rate="2066.23,2162.70,2093.38,2123.82" sx="M,M,M,M"/><TAIKYOKU oya="0"/><INIT seed="0,0,0,0,3,111" ten="250,250,250,250" oya="0" hai0="11,133,32,122,33,22,9,119,49,6,82,43,65" hai1="21,51,77,76,99,38,130,64,48,14,125,35,24" hai2="67,1,54,62,2,68,56,12,123,114,7,17,126" hai3="72,69,71,88,66,28,4,128,108,83,90,46,118"/><T3/><D65/><U104/><E38/><V45/><F123/><W70/><G118/><T100/><D100/><U112/><E112/><V20/><F114/><W120/><G66/><T13/><D43/><U129/><E125/><V106/><F126/><W85/><G28/><T26/><D49/><N who="1" m="19019" /><E35/><N who="0" m="13385" /><D82/><U94/><E104/><V79/><F106/><W8/><G108/><T52/><D52/><U5/><E64/><V16/><F45/><W127/><G127/><T40/><D40/><U96/><E129/><V47/><F47/><W102/><G102/><T131/><D122/><U10/><E130/><V57/><F7/><W34/><G34/><T74/><D74/><U97/><E94/><V91/><F79/><N who="3" m="44519" /><G128/><T23/><D131/><U63/><E63/><V110/><F110/><W18/><G85/><T27/><D119/><U53/><E53/><V0/><F54/><W113/><G120/><T93/><D93/><U50/><N who="1" m="19027" /><U78/><DORA hai="55" /><E78/><V15/><REACH who="2" step="1"/><F91/><REACH who="2" ten="250,250,240,250" step="2"/><W98/><G46/><T84/><D133/><U87/><E76/><V134/><F134/><W89/><G113/><T81/><D81/><U92/><E77/><V73/><F73/><W115/><G115/><T31/><D84/><U25/><E87/><V116/><F116/><W37/><G90/><T117/><D117/><U132/><E132/><V39/><F39/><W135/><G37/><T41/><D41/><U75/><E75/><V103/><F103/><W101/><G135/><T29/><D3/><N who="1" m="319" /><E92/><V124/><F124/><W95/><G4/><T80/><D80/><U59/><E96/><V19/><F19/><RYUUKYOKU ba="0,1" sc="250,10,250,-30,240,10,250,10" hai0="6,9,11,13,22,23,26,27,29,31" hai2="0,1,2,12,15,16,17,20,56,57,62,67,68" hai3="8,18,69,70,71,88,89,95,98,101" /><INIT seed="0,1,1,2,4,35" ten="260,220,250,260" oya="0" hai0="5,78,126,67,32,54,104,13,44,65,36,17,59" hai1="45,21,73,116,115,11,39,63,26,120,129,12,100" hai2="87,3,71,58,112,86,103,15,0,135,127,41,117" hai3="85,47,27,92,68,77,123,128,55,22,88,74,34"/><T130/><D32/><U6/><E116/><V110/><F112/><W101/><G68/><T99/><D126/><U43/><E120/><V16/><F71/><W38/><G34/><T108/><D130/><U72/><E129/><V98/><F127/><W1/><G128/><T25/><D78/><U134/><E134/><V105/><F135/><W56/><G123/><T76/><D76/><U7/><E115/><V111/><F117/><W37/><G1/><N who="2" m="585" /><F58/><W83/><G47/><T118/><D118/><U10/><E100/><V18/><F41/><W33/><G33/><T40/><D5/><U2/><REACH who="1" step="1"/><E63/><REACH who="1" ten="260,210,250,260" step="2"/><V23/><F18/><AGARI ba="1,2" hai="2,6,7,10,11,12,18,21,26,39,43,45,72,73" machi="18" ten="30,7700,0" yaku="1,1,2,1,7,1,52,1,53,0" doraHai="35" doraHaiUra="57" who="1" fromWho="2" sc="260,0,210,100,250,-80,260,0" /><INIT seed="1,0,0,0,0,88" ten="260,310,170,260" oya="1" hai0="32,69,102,9,30,56,89,74,8,135,113,24,75" hai1="2,76,65,67,36,38,50,26,37,104,92,123,35" hai2="73,125,124,84,112,115,68,70,29,4,43,41,97" hai3="49,96,60,51,128,31,14,23,71,87,131,133,77"/><U3/><E104/><V120/><F73/><W64/><G133/><T63/><D69/><N who="2" m="26730" /><F120/><W121/><G121/><T1/><D113/><N who="2" m="43594" /><F4/><W18/><G31/><T44/><D102/><U134/><E134/><V132/><F132/><W126/><G126/><N who="2" m="48745" /><F97/><W27/><G96/><T80/><D75/><U66/><E123/><V55/><F29/><N who="3" m="17663" /><G87/><T53/><D1/><U21/><E2/><V93/><F55/><W127/><G127/><T39/><D53/><U82/><E3/><V59/><F59/><W57/><G57/><T33/><D56/><U16/><E65/><V48/><F48/><W107/><G107/><T25/><D74/><U54/><E66/><V6/><F6/><W0/><G0/><T61/><D30/><U15/><E67/><V94/><F84/><W111/><G51/><T42/><D33/><U19/><E35/><V116/><F116/><W106/><G49/><T58/><D32/><U118/><E118/><V114/><N who="2" m="43602" /><V17/><DORA hai="86" /><F17/><W103/><G18/><T99/><D135/><U129/><E19/><V108/><F108/><W45/><G111/><T12/><D99/><U20/><E16/><V110/><F110/><W62/><G64/><T28/><D28/><U85/><E50/><V5/><F5/><W90/><G71/><T95/><D58/><U109/><E54/><V100/><F100/><W11/><G103/><T119/><D119/><U52/><E85/><V22/><F22/><W7/><G7/><T117/><D117/><U98/><E21/><V101/><F101/><W91/><G60/><T83/><D63/><U81/><E20/><RYUUKYOKU ba="0,0" sc="260,-10,310,-10,170,30,260,-10" hai2="41,43,93,94" /><INIT seed="2,1,0,1,1,56" ten="250,300,200,250" oya="2" hai0="65,24,18,80,91,71,49,92,53,58,99,111,46" hai1="41,120,119,37,31,14,11,19,90,67,36,40,33" hai2="73,2,6,97,87,100,112,130,21,116,47,69,66" hai3="114,76,57,135,59,70,44,133,101,25,85,1,28"/><V115/><F116/><W88/><G70/><T4/><D111/><U60/><E119/><V128/><F73/><W77/><G1/><T51/><D71/><U118/><E118/><V16/><F87/><W26/><G101/><T104/><D104/><U15/><E120/><V5/><F47/><W7/><G7/><N who="2" m="2569" /><F2/><W34/><G26/><T61/><D4/><U50/><E37/><V84/><F84/><W29/><G29/><T83/><D51/><U27/><E36/><V110/><F110/><W107/><G44/><T81/><D24/><U52/><E90/><V125/><F125/><W122/><G107/><T35/><D18/><U48/><E15/><N who="2" m="9375" /><F66/><W126/><G114/><T64/><REACH who="0" step="1"/><D35/><REACH who="0" ten="240,300,200,250" step="2"/><U78/><E33/><V131/><F69/><W113/><G25/><T94/><D94/><AGARI ba="1,1" hai="94,97,100,112,115,128,130,131" m="9375,2569" machi="94" ten="30,2900,0" yaku="19,1,54,1" doraHai="56" who="2" fromWho="0" sc="240,-32,300,0,200,42,250,0" /><INIT seed="2,2,0,4,4,90" ten="208,300,242,250" oya="2" hai0="8,60,47,94,125,106,105,74,97,66,127,115,134" hai1="130,67,80,38,50,12,25,124,4,88,36,112,91" hai2="95,133,99,79,21,40,1,121,2,122,42,0,18" hai3="48,27,62,101,71,129,85,51,111,131,69,19,65"/><V119/><F119/><W77/><G71/><T54/><D74/><U64/><E112/><V59/><F133/><W57/><G111/><T52/><D134/><U43/><E124/><N who="0" m="47689" /><D115/><U116/><E130/><N who="3" m="49674" /><G101/><N who="0" m="60599" /><D8/><N who="1" m="4103" /><E38/><V35/><F35/><W63/><G27/><T14/><D14/><U3/><E36/><V13/><F79/><W89/><G19/><T81/><D81/><U24/><E3/><V45/><F59/><W108/><G77/><T26/><D26/><N who="1" m="10347" /><E116/><V96/><F96/><W23/><G23/><T103/><D47/><N who="1" m="25983" /><E80/><V100/><REACH who="2" step="1"/><F45/><REACH who="2" ten="208,300,232,250" step="2"/><W37/><G69/><N who="0" m="42183" /><D103/><U49/><E64/><V135/><F135/><W15/><G65/><T58/><D54/><U53/><E67/><V104/><F104/><W128/><G128/><T61/><AGARI ba="2,1" hai="52,58,61,105,106" m="42183,60599,47689" machi="61" ten="30,4000,0" yaku="18,1,52,1,54,1" doraHai="90" who="0" fromWho="0" sc="208,56,300,-12,232,-22,250,-12" /><INIT seed="3,0,0,5,3,30" ten="264,288,210,238" oya="3" hai0="103,3,65,9,84,76,10,131,112,115,12,104,75" hai1="47,83,46,67,117,116,135,62,66,25,23,106,36" hai2="105,18,91,70,49,74,24,101,31,118,126,107,85" hai3="124,5,2,14,50,16,59,27,73,17,19,54,4"/><W61/><G73/><T26/><D75/><U38/><E135/><V90/><F118/><N who="1" m="45673" /><E106/><V15/><F74/><W113/><G113/><N who="0" m="43595" /><D3/><U77/><E46/><V32/><F126/><W86/><G124/><T119/><D26/><U95/><E95/><V122/><F122/><W6/><G2/><T130/><D65/><N who="1" m="24587" /><E62/><V82/><F70/><W71/><G71/><T64/><D64/><U37/><E47/><V51/><F91/><W100/><G100/><T120/><D120/><U57/><E57/><V111/><F111/><W22/><G86/><T44/><D44/><U52/><E52/><V35/><F35/><W127/><G127/><T99/><D119/><U96/><E96/><V78/><F90/><W11/><REACH who="3" step="1"/><G61/><REACH who="3" ten="264,288,210,228" step="2"/><T89/><D76/><U8/><E77/><V0/><F0/><W68/><G68/><T60/><D60/><U133/><E133/><V29/><F29/><AGARI ba="0,1" hai="4,5,6,11,14,16,17,19,22,27,29,50,54,59" machi="29" ten="40,7700,0" yaku="1,1,8,1,54,1,53,0" doraHai="30" doraHaiUra="40" who="3" fromWho="2" sc="264,0,288,0,210,-77,228,87" owari="264,-14.0,288,9.0,133,-37.0,315,42.0" /></mjloggm>