<mjloggm ver="2.3"><GO type="169" lobby="0"/><UN n0="%E3%82%A6%E3%83%AB%E3%83%88%E3%83%A9%E7%AB%8B%E7%9B%B4" n1="%E3%81%8A%E3%81%98%E3%81%95%E3%82%93" n2="%E3%83%90%E3%82%B9%E3%82%BF%E3%83%BC%E5%90%9B" n3="%E3%82%86%E3%81%86%E3%81%B4" dan="17,17,16,16" rate="2111.40,2180.07,2161.24,2136.20" sx="M,M,M,M"/><TAIKYOKU oya="0"/><INIT seed="0,0,0,0,1,23" ten="250,250,250,250" oya="0" hai0="97,129,86,30,96,38,113,128,27,28,45,72,109" hai1="11,133,41,115,0,57,88,87,114,132,95,79,50" hai2="19,92,81,37,65,70,3,7,67,68,49,9,22" hai3="62,25,61,6,78,111,1,122,60,121,131,101,21"/><T12/><D72/><U10/><E79/><V16/><F37/><W116/><G116/><T117/><D117/><U18/><E0/><V17/><F92/><W24/><G131/><N who="0" m="50251" /><D113/><N who="1" m="43019" /><E18/><V91/><F49/><W54/><G111/><T124/><D30/><U74/><E74/><V119/><F119/><W123/><G78/><T15/><D86/><U130/><E130/><V51/><F51/><W82/><G82/><T47/><D109/><U76/><E76/><V118/><F118/><W105/><G21/><N who="0" m="15471" /><D124/><U56/><E41/><V83/><F22/><W39/><G39/><T64/><D64/><U93/><E93/><V134/><F91/><W36/><G36/><T103/><D38/><U33/><E33/><V73/><F73/><W120/><N who="3" m="30720" /><DORA hai="35" /><W53/><G53/><T14/><D97/><U44/><E57/><V4/><F19/><W59/><G105/><AGARI ba="0,0" hai="12,14,15,45,47,96,103,105" m="15471,50251" machi="105" ten="30,2900,0" yaku="19,1,52,1" doraHai="23,35" who="0" fromWho="3" sc="250,29,250,0,250,0,250,-29" /><INIT seed="0,1,0,2,1,22" ten="279,250,250,221" oya="0" hai0="130,48,23,122,81,2,84,21,102,71,126,13,86" hai1="128,17,75,59,6,28,74,36,113,103,44,42,26" hai2="45,27,30,40,54,104,114,117,134,80,135,67,125" hai3="32,57,38,119,124,94,107,25,91,110,7,65,76"/><T89/><D2/><U60/><E128/><V18/><F104/><W127/><G38/><T15/><D71/><U19/><E113/><V4/><F114/><W116/><G107/><T111/><D122/><U101/><E6/><V63/><F4/><W106/><G106/><T55/><D102/><U90/><E90/><V24/><F117/><W29/><G76/><N who="0" m="46119" /><D130/><U50/><E36/><V39/><F125/><N who="3" m="48203" /><G7/><T95/><D126/><U11/><E74/><V133/><F54/><W9/><G9/><T14/><D111/><U5/><E75/><V43/><F43/><W109/><G57/><AGARI ba="1,0" hai="13,14,15,21,23,48,55,57,86,89,95" m="46119" machi="57" ten="30,1500,0" yaku="8,1" doraHai="22" who="0" fromWho="3" sc="279,18,250,0,250,0,221,-18" /><INIT seed="0,2,0,4,0,11" ten="297,250,250,203" oya="0" hai0="4,82,44,57,88,72,62,22,60,112,122,33,94" hai1="116,128,20,78,5,127,90,29,25,120,73,93,121" hai2="100,10,91,19,65,70,109,102,34,125,46,40,104" hai3="12,81,89,95,129,124,126,36,86,130,8,50,47"/><T24/><D122/><U30/><E116/><V37/><F125/><N who="3" m="48235" /><G36/><T74/><D33/><U23/><E127/><V17/><F109/><W28/><G28/><T16/><D112/><U3/><E128/><N who="3" m="49258" /><G95/><T41/><D4/><U21/><E5/><V49/><F34/><W105/><G105/><T85/><D82/><U87/><E3/><V63/><F104/><W132/><G50/><T119/><D119/><U135/><E30/><V59/><F91/><W68/><G68/><T80/><D80/><U83/><E121/><V66/><F66/><W58/><G58/><T48/><D62/><U32/><E120/><V103/><F10/><W7/><G47/><T1/><D1/><U84/><E73/><V92/><F92/><W106/><G106/><T56/><D56/><U97/><E97/><V27/><F27/><W71/><G71/><T123/><D123/><U111/><E111/><V113/><F113/><W76/><G76/><T39/><D39/><U15/><E87/><V42/><F42/><W75/><G75/><T14/><D24/><U54/><E78/><V35/><F35/><W134/><AGARI ba="2,0" hai="7,8,12,81,86,89,132,134" m="49258,48235" machi="134" ten="40,8000,1" yaku="30,2,18,1,19,1,52,1" doraHai="11" who="3" fromWho="3" sc="297,-42,250,-22,250,-22,203,86" /><INIT seed="1,0,0,1,2,37" ten="255,228,228,289" oya="1" hai0="54,46,51,68,64,119,98,97,20,77,112,128,74" hai1="130,55,56,18,32,25,1,4,13,104,65,116,61" hai2="105,52,106,87,80,42,126,92,2,28,67,114,26" hai3="81,86,14,45,24,3,123,12,22,5,110,94,58"/><U75/><E116/><V71/><F2/><W17/><G123/><T44/><D119/><U33/><E75/><V91/><F114/><W121/><G121/><T89/><D112/><U99/><E130/><V39/><F126/><W63/><G110/><T131/><D46/><U47/><E4/><V21/><F67/><W117/><G117/><T95/><D20/><U19/><E1/><V103/><F71/><W8/><G94/><T15/><D15/><U120/><E120/><V40/><F39/><W125/><G45/><T27/><D27/><U100/><E25/><V73/><F105/><W9/><G125/><T90/><D64/><U102/><E102/><V48/><F106/><W129/><G129/><N who="0" m="49739" /><D68/><U49/><REACH who="1" step="1"/><E19/><REACH who="1" ten="255,218,228,289" step="2"/><V109/><F109/><W78/><G3/><T76/><D74/><U69/><E69/><V135/><F135/><W0/><G0/><T38/><D38/><U59/><E59/><N who="2" m="33159" /><F73/><W23/><G24/><T84/><D98/><AGARI ba="0,1" hai="21,26,28,40,42,80,87,91,92,98,103" m="33159" machi="98" ten="30,7700,0" yaku="8,1,52,2,54,1" doraHai="37" who="2" fromWho="0" sc="255,-77,218,0,228,87,289,0" /><INIT seed="2,0,0,5,5,33" ten="178,218,315,289" oya="2" hai0="14,60,29,134,115,7,77,91,84,65,2,108,133" hai1="104,81,54,116,125,73,42,72,107,105,16,120,55" hai2="87,80,129,13,63,43,8,20,68,111,46,41,10" hai3="58,94,124,100,119,102,44,51,56,18,59,106,27"/><V97/><F129/><W112/><G112/><T95/><D115/><U0/><E116/><V1/><F111/><W70/><G70/><T99/><D29/><U49/><E125/><V24/><F97/><W11/><G119/><T98/><D14/><U118/><E118/><V34/><F34/><W85/><G106/><T76/><D76/><U22/><E120/><V110/><F110/><W23/><G124/><T109/><D109/><U96/><E96/><V122/><F68/><W128/><G128/><T19/><D19/><U103/><E103/><V50/><F63/><W6/><G85/><T5/><D5/><U15/><E0/><V75/><F75/><W4/><G94/><T9/><D108/><U39/><E39/><V82/><F122/><W114/><G114/><T45/><D45/><U12/><E12/><V26/><F43/><W131/><G131/><T17/><D17/><U90/><E42/><V66/><F66/><W135/><G135/><N who="0" m="51723" /><D77/><U40/><E40/><V101/><F101/><N who="3" m="39019" /><G11/><T126/><D126/><U67/><E67/><V38/><F38/><W92/><G92/><T88/><D91/><U64/><E64/><V69/><F69/><AGARI ba="0,0" hai="2,7,9,60,65,69,84,88,95,98,99" m="51723" machi="69" ten="30,3900,0" yaku="20,1,52,1,54,1" doraHai="33" who="0" fromWho="2" sc="178,39,218,0,315,-39,289,0" /><INIT seed="3,0,0,1,3,53" ten="217,218,276,289" oya="3" hai0="94,134,12,16,107,28,25,100,54,55,41,90,10" hai1="20,70,47,66,80,91,21,113,30,60,125,8,31" hai2="109,114,135,97,124,81,24,86,36,76,123,92,106" hai3="103,49,112,40,79,119,3,4,115,57,120,65,121"/><W108/><G103/><T102/><D134/><U29/><E113/><N who="3" m="43594" /><G79/><T50/><D41/><U72/><E125/><V5/><F36/><W43/><G3/><T37/><D37/><U84/><E72/><V126/><F5/><W18/><G4/><T75/><D75/><U26/><E8/><V96/><F24/><W9/><G9/><T11/><D11/><U69/><E69/><V68/><F68/><W78/><G78/><T95/><D55/><U13/><REACH who="1" step="1"/><E47/><REACH who="1" ten="217,208,276,289" step="2"/><V118/><F114/><W56/><G108/><T89/><D10/><U32/><E32/><V7/><F109/><W105/><G120/><T93/><D102/><U45/><E45/><V64/><F123/><W17/><G121/><T83/><D100/><U34/><E34/><V117/><F7/><W1/><G1/><T15/><D107/><U128/><E128/><V71/><F106/><W82/><G105/><T2/><D2/><U101/><E101/><V0/><F0/><W61/><G119/><T51/><D93/><U67/><E67/><V110/><F64/><W122/><G122/><T23/><D95/><U77/><E77/><V59/><F110/><W38/><G82/><T116/><D94/><U35/><E35/><V48/><F71/><W74/><G74/><T73/><D83/><U133/><E133/><V131/><F135/><W63/><G65/><T132/><D73/><U130/><E130/><V58/><F131/><W44/><G44/><T42/><D132/><U33/><E33/><V99/><F92/><W52/><G38/><T111/><D111/><U88/><E88/><V87/><F76/><RYUUKYOKU ba="0,1" sc="217,-10,208,30,276,-10,289,-10" hai1="13,20,21,26,29,30,31,60,66,70,80,84,91" /><INIT seed="4,1,1,4,3,59" ten="207,238,266,279" oya="0" hai0="110,127,113,121,104,34,15,132,94,116,103,13,93" hai1="25,64,1,48,52,112,119,108,31,50,47,9,29" hai2="96,123,106,95,10,86,97,73,131,125,98,30,54" hai3="102,23,51,114,100,33,12,83,67,26,130,69,40"/><T22/><D34/><U0/><E119/><V135/><F73/><W57/><G130/><T101/><D116/><U134/><E108/><V92/><F123/><W82/><G114/><T76/><D121/><U78/><E112/><V56/><F131/><W38/><G38/><T7/><D104/><U37/><E37/><V65/><F106/><W81/><G33/><T80/><D113/><U75/><E31/><V122/><F122/><W79/><G79/><T72/><D110/><U68/><E134/><V8/><F135/><W14/><G69/><T35/><D35/><U77/><E50/><V43/><F30/><W117/><G117/><T126/><D132/><U5/><E0/><V4/><F43/><W46/><G57/><T107/><D15/><N who="3" m="5673" /><G67/><T28/><D28/><AGARI ba="1,1" hai="23,26,28,40,46,51,81,82,83,100,102" m="5673" machi="28" ten="30,1000,0" yaku="8,1" doraHai="59" who="3" fromWho="0" sc="207,-13,238,0,266,0,279,23" /><INIT seed="5,0,0,0,3,10" ten="194,238,266,302" oya="1" hai0="84,66,121,23,101,122,59,103,26,45,39,112,131" hai1="7,41,113,125,33,17,86,52,2,73,60,74,75" hai2="13,61,127,69,27,111,129,9,24,58,4,104,95" hai3="68,18,31,123,46,116,130,96,94,14,97,119,1"/><U71/><E33/><V110/><F104/><W107/><G123/><N who="0" m="47115" /><D131/><U100/><E113/><V65/><F129/><W90/><G68/><T89/><D112/><U118/><E118/><N who="3" m="45098" /><G1/><T133/><D133/><U35/><E35/><V25/><F127/><W105/><G130/><T72/><D72/><U15/><E125/><V76/><F76/><W108/><G31/><T70/><D70/><U3/><E41/><V67/><F69/><W115/><G108/><T37/><D59/><U109/><E109/><V126/><F126/><W81/><G46/><T57/><D57/><U132/><E132/><V87/><F110/><W88/><G115/><T43/><D66/><U22/><E100/><V91/><F111/><W77/><G97/><T128/><D39/><U16/><E7/><V20/><REACH who="2" step="1"/><F67/><REACH who="2" ten="194,238,256,302" step="2"/><W48/><G77/><T124/><D124/><U82/><E71/><V6/><F6/><W134/><G134/><T8/><D128/><U99/><E73/><V80/><F80/><W135/><G135/><T47/><D37/><U79/><E74/><V92/><F92/><W83/><G83/><T49/><D43/><U102/><E75/><V30/><AGARI ba="0,1" hai="4,9,13,20,24,25,27,30,58,61,65,87,91,95" machi="30" ten="20,8000,1" yaku="1,1,0,1,7,1,8,1,52,1,53,0" doraHai="10" doraHaiUra="93" who="2" fromWho="2" sc="194,-20,238,-40,256,90,302,-20" /><INIT seed="6,0,0,5,2,32" ten="174,198,346,282" oya="2" hai0="29,72,8,105,67,132,135,26,23,110,49,113,54" hai1="120,60,94,79,1,37,18,83,13,69,68,50,22" hai2="59,27,99,42,0,30,58,85,109,84,128,77,39" hai3="126,108,7,117,101,121,61,66,53,65,62,131,51"/><V2/><F109/><W97/><G121/><T81/><D105/><U35/><E37/><V114/><F128/><W33/><G33/><T119/><D110/><U46/><E35/><V11/><F114/><W20/><G108/><T10/><D67/><U25/><E120/><V48/><F39/><W71/><G131/><T107/><D107/><U70/><E1/><V74/><F74/><W100/><G7/><T125/><D113/><U24/><E94/><V21/><F99/><W17/><G117/><T123/><D123/><U76/><E60/><V41/><F11/><W86/><G86/><T89/><D125/><U57/><E57/><V98/><F98/><W134/><G126/><T80/><D119/><U63/><E63/><V52/><F59/><W122/><G122/><T104/><D104/><U36/><E36/><V90/><F42/><W92/><G101/><T19/><D8/><U28/><E28/><V87/><F41/><W112/><G112/><T106/><D106/><U55/><REACH who="1" step="1"/><E76/><REACH who="1" ten="174,188,346,282" step="2"/><V78/><F78/><W124/><G124/><T3/><D29/><U129/><E129/><V82/><F85/><AGARI ba="0,1" hai="13,18,22,24,25,46,50,55,68,69,70,79,83,85" machi="85" ten="40,1300,0" yaku="1,1,53,0" doraHai="32" doraHaiUra="56" who="1" fromWho="2" sc="174,0,188,23,346,-13,282,0" /><INIT seed="7,0,0,5,1,11" ten="174,211,333,282" oya="3" hai0="81,102,107,70,96,15,121,117,64,53,58,65,90" hai1="127,113,78,16,39,82,116,30,130,75,56,10,120" hai2="129,3,19,8,103,86,34,67,47,28,52,99,32" hai3="97,36,111,14,83,43,100,18,66,2,105,109,114"/><W35/><G35/><T33/><D33/><U95/><E39/><V119/><F67/><W131/><G2/><T29/><D29/><U20/><E120/><V92/><F119/><W7/><G7/><T110/><D121/><U133/><E116/><V55/><F129/><W41/><G131/><T122/><D122/><U124/><E130/><V79/><F32/><W40/><G114/><T112/><D110/><N who="3" m="41993" /><G83/><T101/><D117/><U128/><E113/><V42/><F28/><W37/><G66/><T118/><D102/><U17/><E133/><V74/><F74/><W89/><G89/><T27/><D27/><N who="1" m="16743" /><E128/><V115/><F34/><W94/><G105/><T48/><D70/><U25/><E25/><V44/><F3/><W50/><G50/><T60/><D118/><U62/><E10/><AGARI ba="0,0" hai="10,14,18,36,37,40,41,43,94,97,100" m="41993" machi="10" ten="30,2900,0" yaku="10,1,52,1" doraHai="11" who="3" fromWho="1" sc="174,0,211,-29,333,0,282,29" /><INIT seed="7,1,0,5,2,35" ten="174,182,333,311" oya="3" hai0="11,83,118,7,23,133,67,2,75,79,15,4,0" hai1="117,112,105,42,44,113,132,124,76,62,80,126,84" hai2="131,25,96,45,46,43,95,55,134,64,122,39,29" hai3="36,73,63,31,58,107,8,1,3,38,60,32,66"/><W125/><G107/><T89/><D118/><U10/><E105/><V59/><F122/><W20/><G125/><N who="1" m="48234" /><E132/><V19/><F134/><W68/><G73/><T85/><D133/><U106/><E106/><V5/><F131/><W17/><G38/><T72/><D67/><U49/><E117/><V100/><F19/><W78/><G78/><T12/><D23/><U121/><E121/><V6/><F46/><W94/><G36/><T97/><D97/><U116/><E116/><V99/><F99/><W33/><G31/><T24/><D24/><U115/><E62/><N who="2" m="37983" /><F55/><W109/><G109/><T37/><D37/><U56/><E56/><V87/><F87/><W53/><G94/><T102/><D102/><U114/><E114/><V65/><F65/><W120/><G120/><T77/><D75/><U128/><E128/><V18/><F18/><W9/><G33/><T130/><D130/><U22/><E22/><N who="2" m="15543" /><F6/><W13/><REACH who="3" step="1"/><G32/><REACH who="3" ten="174,182,333,301" step="2"/><T91/><D79/><U26/><E115/><V74/><F74/><W61/><G61/><T34/><D34/><U40/><E113/><V90/><F5/><W52/><G52/><T54/><D54/><N who="1" m="29991" /><E112/><V101/><F39/><W129/><G129/><T28/><D28/><U135/><E135/><V51/><AGARI ba="1,1" hai="43,45,51,90,95,96,100,101" m="15543,37983" machi="51" ten="30,1100,0" yaku="8,1" doraHai="35" who="2" fromWho="2" sc="174,-4,182,-4,333,24,301,-6" owari="170,-33.0,178,-22.0,357,45.0,295,10.0" /></mjloggm>