<mjloggm ver="2.3"><GO type="41" lobby="0"/><UN n0="%40%2F%40" n1="%75%73%68%69%6B%6F" n2="%E5%B0%B1%E6%B4%BB%E7%94%9F%40%E5%B7%9D%E6%9D%91%E8%BB%8D%E5%9B%A3" n3="%6D%61%73%61%68%61%72%75" dan="14,15,15,15" rate="1915.12,1958.87,2026.36,1978.44" sx="M,M,M,M"/><TAIKYOKU oya="0"/><INIT seed="0,0,0,0,4,130" ten="250,250,250,250" oya="0" hai0="3,84,131,74,16,49,18,94,68,78,38,113,72" hai1="43,106,2,9,58,87,121,27,67,115,35,57,5" hai2="73,83,32,59,54,56,112,77,17,126,15,29,75" hai3="13,100,95,86,37,61,135,81,133,65,21,92,116"/><T122/><D68/><U97/><E121/><V7/><F112/><W60/><G37/><T79/><D38/><U91/><E115/><V63/><F126/><W51/><G116/><T28/><D3/><U53/><E43/><V8/><F32/><W117/><G117/><T108/><D28/><U14/><E67/><V25/><F59/><W128/><G128/><T98/><D122/><U107/><E97/><V34/><REACH who="2" step="1"/><F7/><REACH who="2" ten="250,250,240,250" step="2"/><W127/><G127/><T11/><D113/><U26/><E58/><V90/><F90/><W76/><G100/><T42/><D131/><U10/><E35/><V33/><F33/><W40/><G76/><T50/><D108/><U6/><E107/><V102/><F102/><W82/><G65/><T69/><D79/><U99/><E106/><V120/><F120/><W45/><G45/><T64/><D78/><U109/><E109/><V70/><F70/><W80/><G60/><T114/><D114/><U62/><E99/><V104/><F104/><W41/><G61/><T55/><D69/><U85/><E85/><AGARI ba="0,1" hai="8,15,17,25,29,34,54,56,63,73,75,77,83,85" machi="85" ten="30,2000,0" yaku="1,1,7,1,53,0" doraHai="130" doraHaiUra="47" who="2" fromWho="1" sc="250,0,250,-20,240,30,250,0" /><INIT seed="1,0,0,2,1,113" ten="250,230,270,250" oya="1" hai0="29,129,125,20,61,25,128,60,15,9,71,42,88" hai1="19,7,115,24,123,34,43,131,10,114,52,133,22" hai2="97,12,62,132,75,120,1,58,99,50,35,38,87" hai3="3,65,126,105,0,83,26,67,46,93,102,8,134"/><U79/><E123/><V78/><F38/><W130/><G105/><T17/><D125/><U33/><E79/><V5/><F1/><W104/><G104/><T64/><D42/><U107/><E107/><V122/><F75/><W56/><G126/><T27/><D27/><U68/><E68/><V2/><F2/><W94/><G130/><T59/><REACH who="0" step="1"/><D88/><REACH who="0" ten="240,230,270,250" step="2"/><U54/><E131/><V6/><F122/><W117/><G26/><T77/><D77/><U72/><E72/><V69/><F78/><W40/><G117/><T31/><D31/><U48/><E114/><V80/><F35/><W100/><G40/><T92/><D92/><U76/><E76/><V86/><F99/><W91/><G94/><T45/><D45/><N who="1" m="25663" /><E33/><V103/><F97/><W119/><G93/><T18/><D18/><U53/><E115/><V70/><F80/><W47/><G47/><T11/><D11/><U127/><E34/><V121/><F120/><W37/><G46/><T111/><D111/><U109/><E109/><V14/><F121/><W39/><G91/><T16/><D16/><U74/><E127/><V30/><F30/><W44/><G119/><T106/><D106/><U51/><E74/><V23/><F6/><W55/><G39/><T21/><D21/><U82/><E82/><V28/><F23/><W84/><G83/><T85/><D85/><U36/><E36/><V13/><F28/><W116/><G84/><T73/><D73/><U124/><E124/><V96/><F5/><W108/><G116/><T101/><D101/><U32/><E32/><V95/><F87/><W110/><G108/><RYUUKYOKU ba="0,1" sc="240,30,230,-10,270,-10,250,-10" hai0="9,15,17,20,25,29,59,60,61,64,71,128,129" /><INIT seed="2,1,1,1,3,17" ten="270,220,260,240" oya="2" hai0="73,59,22,72,8,6,108,67,84,79,130,53,4" hai1="70,76,18,15,101,85,96,90,132,75,74,103,20" hai2="71,41,11,35,51,78,29,60,80,61,62,48,45" hai3="43,34,98,122,64,95,55,110,19,135,25,129,65"/><V107/><F107/><W117/><G110/><T112/><D112/><U86/><E70/><V28/><F71/><W52/><G117/><T50/><D130/><U40/><E40/><V120/><F120/><W134/><G129/><T69/><D108/><U0/><E0/><V1/><F35/><W24/><G122/><T118/><D118/><U123/><E132/><N who="3" m="50730" /><G43/><T5/><D72/><U89/><E123/><V57/><F1/><W124/><G124/><T127/><D73/><N who="1" m="27659" /><E20/><V38/><F11/><W111/><G111/><T88/><D79/><U66/><E18/><V91/><F91/><N who="1" m="34825" /><E15/><V121/><F121/><W56/><G55/><T115/><D127/><U37/><E66/><N who="3" m="25706" /><G19/><T16/><D115/><U31/><E31/><V32/><F32/><W77/><G77/><T47/><D69/><U114/><E37/><V3/><F3/><W2/><G2/><T46/><D67/><U12/><E12/><V39/><F39/><W87/><G87/><N who="1" m="33290" /><E114/><V63/><F38/><W100/><G34/><T99/><D8/><U36/><E36/><V58/><F78/><W10/><G10/><T93/><D47/><U81/><E96/><V131/><F131/><W105/><G25/><N who="0" m="14535" /><D46/><U116/><E116/><V30/><F45/><W102/><G24/><T104/><D99/><U97/><E97/><V106/><F41/><W133/><G133/><T44/><D44/><U33/><E33/><V26/><F30/><W14/><G14/><T113/><D113/><U94/><E94/><V109/><F29/><W92/><G95/><T9/><D9/><U68/><E68/><V7/><F28/><RYUUKYOKU ba="1,1" sc="270,15,220,15,260,-15,240,-15" hai0="4,5,6,50,53,59,84,88,93,104" hai1="76,81,101,103" /><INIT seed="3,2,1,0,4,53" ten="285,235,245,225" oya="3" hai0="29,34,23,124,32,101,31,2,51,129,90,75,54" hai1="16,26,121,6,15,108,59,66,91,107,12,67,1" hai2="56,114,88,125,60,134,102,111,40,55,105,57,4" hai3="128,133,100,37,58,8,130,28,97,64,117,82,70"/><W3/><G117/><T109/><D2/><U72/><E107/><V85/><F114/><W87/><G70/><T7/><D7/><U45/><E72/><V81/><F111/><W112/><G112/><T11/><D11/><N who="1" m="4215" /><E1/><V24/><F125/><W69/><G69/><T19/><D75/><U25/><E121/><V5/><F134/><W79/><G133/><T96/><D124/><U13/><E13/><V120/><F120/><W119/><G119/><T20/><D109/><U52/><E45/><V104/><F40/><W62/><G28/><T116/><D116/><U61/><E108/><V94/><F104/><W14/><G37/><T76/><D76/><U98/><E98/><N who="2" m="59735" /><F24/><N who="1" m="9321" /><E91/><V115/><F115/><W118/><G3/><T106/><D31/><U132/><E132/><V27/><F27/><W33/><G33/><T103/><D32/><U131/><E131/><V21/><F21/><AGARI ba="2,1" hai="15,16,21,52,59,61,66,67" m="9321,4215" machi="21" ten="30,7700,0" yaku="8,1,52,1,54,2" doraHai="53" who="1" fromWho="2" sc="285,0,235,93,245,-83,225,0" /><INIT seed="4,0,0,3,1,130" ten="285,328,162,225" oya="0" hai0="109,132,72,68,61,15,80,57,46,19,91,51,48" hai1="110,27,56,71,128,70,127,102,0,10,74,30,6" hai2="100,96,25,86,24,12,33,28,95,89,11,108,107" hai3="21,16,8,94,14,120,63,125,9,41,2,82,78"/><T90/><D132/><U35/><E110/><V92/><F108/><W105/><G105/><T117/><D117/><U135/><E135/><V104/><REACH who="2" step="1"/><F25/><REACH who="2" ten="285,328,152,225" step="2"/><W55/><G120/><T54/><D109/><U29/><E128/><V32/><F32/><W119/><G119/><T31/><D68/><U43/><E70/><V77/><F77/><W106/><G78/><T7/><D7/><AGARI ba="0,1" hai="7,11,12,24,28,33,86,89,92,95,96,100,104,107" machi="7" ten="30,2000,0" yaku="1,1,7,1,53,0" doraHai="130" doraHaiUra="113" who="2" fromWho="0" sc="285,-20,328,0,152,30,225,0" /><INIT seed="5,0,0,3,5,115" ten="265,328,182,225" oya="1" hai0="82,21,9,0,109,134,103,125,113,14,42,83,3" hai1="41,129,119,77,130,38,81,110,30,10,61,111,76" hai2="40,51,46,24,89,13,96,120,104,97,27,72,105" hai3="31,36,16,114,29,1,112,107,108,78,80,121,54"/><U28/><E119/><V90/><F72/><W102/><G108/><N who="1" m="41514" /><E61/><V15/><F120/><W48/><G121/><T49/><D103/><U86/><E10/><V94/><F51/><W98/><G36/><T127/><D109/><U106/><E106/><V25/><F46/><W99/><G98/><T5/><D49/><U117/><E117/><V118/><F40/><W135/><G135/><T37/><D42/><U74/><E74/><V85/><F118/><W2/><G2/><T124/><D37/><U64/><E64/><V12/><F85/><W35/><G1/><N who="0" m="587" /><D113/><N who="3" m="43625" /><G16/><N who="0" m="10391" /><D134/><U88/><E77/><V133/><F133/><W93/><G93/><AGARI ba="0,0" hai="12,13,15,24,25,27,89,90,93,94,96,97,104,105" machi="93" ten="40,1300,0" yaku="9,1" doraHai="115" who="2" fromWho="3" sc="265,0,328,0,182,13,225,-13" /><INIT seed="6,0,0,1,4,40" ten="265,328,195,212" oya="2" hai0="82,71,93,29,38,64,11,42,129,84,48,59,103" hai1="67,81,113,7,65,117,1,61,74,126,96,13,124" hai2="127,95,55,41,134,52,72,102,53,22,94,89,50" hai3="69,58,3,26,60,10,12,100,101,31,105,78,0"/><V104/><F72/><W19/><G69/><T44/><D129/><U121/><E117/><V51/><F104/><W119/><G119/><T122/><D122/><U111/><E111/><V25/><F127/><N who="1" m="48681" /><E113/><V118/><F118/><W131/><G131/><T46/><D29/><U76/><E1/><V68/><F134/><W35/><G78/><T47/><D11/><N who="1" m="4351" /><E121/><V4/><F68/><W79/><G79/><T8/><D8/><U107/><E61/><V15/><F102/><AGARI ba="0,0" hai="65,67,74,76,81,96,102,107" m="4351,48681" machi="102" ten="30,1000,0" yaku="18,1" doraHai="40" who="1" fromWho="2" sc="265,0,328,10,195,-10,212,0" /><INIT seed="7,0,0,0,0,66" ten="265,338,185,212" oya="3" hai0="131,0,39,43,83,60,50,69,123,127,98,15,116" hai1="77,93,40,110,63,125,86,4,96,14,34,92,100" hai2="84,114,54,107,101,25,8,64,11,75,128,45,85" hai3="135,28,104,71,22,20,72,89,120,122,82,91,7"/><W67/><G104/><T2/><D39/><U130/><E34/><V31/><F75/><W76/><G7/><T117/><D83/><U33/><E33/><V19/><F114/><W1/><G1/><T112/><D98/><U88/><E110/><V105/><F128/><W58/><G71/><T23/><D50/><U32/><E32/><V121/><F121/><W80/><G135/><T53/><D43/><U38/><E130/><V132/><F132/><W37/><G37/><T109/><D53/><U74/><E125/><V55/><F64/><W97/><G97/><T134/><D60/><U57/><E40/><V10/><F19/><W6/><G6/><T65/><D65/><U133/><E38/><V81/><F81/><W118/><G67/><T48/><D123/><U90/><E74/><V99/><F105/><W62/><G62/><T49/><D127/><U106/><E77/><V70/><F70/><W108/><G76/><T16/><D69/><U12/><E4/><V36/><F36/><W13/><G72/><T18/><D109/><U103/><E133/><V30/><F30/><W47/><G28/><T68/><D68/><U51/><E51/><V21/><REACH who="2" step="1"/><F45/><REACH who="2" ten="265,338,175,212" step="2"/><W17/><G47/><T61/><D134/><U129/><E129/><V9/><N who="2" m="2560" /><DORA hai="42" /><V126/><F126/><W95/><G108/><T94/><D131/><U29/><E29/><V26/><F26/><W46/><G46/><T5/><D2/><U59/><E106/><V44/><F44/><W119/><G17/><T79/><D18/><U56/><E63/><V52/><AGARI ba="0,1" hai="21,25,31,52,54,55,84,85,99,101,107" m="2560" machi="52" ten="50,6400,0" yaku="1,1,0,1,54,1,53,0" doraHai="66,42" doraHaiUra="113,111" who="2" fromWho="2" sc="265,-16,338,-16,175,74,212,-32" owari="249,5.0,322,42.0,249,-15.0,180,-32.0" /></mjloggm>