<mjloggm ver="2.3"><GO type="97" lobby="0"/><UN n0="%67%65%6D%73" n1="%4D%61%66%74%79" n2="%E3%81%82%2E%E3%81%BB%E3%83%BC%E3%81%99%2E" n3="%E5%B0%B1%E6%B4%BB%E7%94%9F%40%E5%B7%9D%E6%9D%91%E8%BB%8D%E5%9B%A3" dan="14,13,15,14" rate="1967.92,1839.82,1988.59,1955.33" sx="F,M,M,M"/><TAIKYOKU oya="0"/><INIT seed="0,0,0,4,2,127" ten="250,250,250,250" oya="0" hai0="19,98,135,81,116,126,26,12,71,47,60,114,117" hai1="63,56,92,79,30,35,10,41,123,54,4,3,111" hai2="0,51,65,1,103,105,67,130,108,86,76,99,24" hai3="100,27,34,80,57,50,39,43,48,88,37,94,78"/><T6/><D114/><U5/><E123/><V29/><F108/><W21/><G100/><T28/><D47/><U120/><E120/><V32/><F1/><W2/><G2/><T109/><D126/><U121/><E121/><V69/><F0/><W113/><G34/><T93/><D81/><U46/><E5/><V31/><F31/><W13/><G113/><T33/><D135/><U14/><E111/><V102/><F102/><W91/><G13/><T112/><D112/><U128/><E128/><V59/><F65/><W134/><G134/><T122/><D122/><U49/><E79/><V106/><F106/><W11/><G11/><T53/><D109/><U89/><E30/><V110/><F110/><W74/><G91/><T129/><D129/><U52/><E35/><V61/><F51/><W18/><G50/><T22/><D6/><U118/><E118/><V16/><F16/><W64/><G64/><T55/><D55/><U95/><E95/><V42/><F42/><W101/><G101/><T87/><D87/><U58/><E3/><V72/><F72/><W104/><G104/><T77/><D77/><U82/><E82/><N who="2" m="47431" /><F59/><W15/><G27/><T96/><D96/><U25/><E25/><V115/><F115/><W107/><G107/><T38/><D38/><U132/><E132/><V84/><F84/><N who="3" m="52487" /><G43/><T131/><D131/><AGARI ba="0,0" hai="24,29,32,61,67,69,99,103,105,130,131" m="47431" machi="131" ten="30,3900,0" yaku="25,1,52,2" doraHai="127" who="2" fromWho="0" sc="250,-39,250,0,250,39,250,0" /><INIT seed="1,0,0,2,2,16" ten="211,250,289,250" oya="1" hai0="114,67,99,93,129,60,94,102,85,47,11,22,15" hai1="124,90,74,61,113,64,119,122,49,8,12,76,13" hai2="31,73,51,34,121,117,0,17,33,115,82,46,45" hai3="123,36,110,66,3,68,24,81,83,6,53,126,111"/><U132/><E122/><V69/><F0/><W125/><G36/><T98/><D114/><U14/><E119/><V29/><F69/><W65/><G123/><T127/><D127/><N who="3" m="48649" /><G3/><T43/><D129/><U78/><E113/><V118/><F115/><W135/><G6/><T19/><D85/><U28/><E124/><V95/><F95/><W30/><G135/><T35/><D35/><U71/><E132/><V79/><F121/><W109/><G53/><T116/><D116/><U50/><E8/><V1/><F1/><W52/><G52/><T92/><D99/><U91/><E74/><V100/><F34/><N who="3" m="20807" /><G68/><T80/><D80/><AGARI ba="0,0" hai="65,66,80,81,83,109,110,111" m="20807,48649" machi="80" ten="40,2600,0" yaku="14,1,18,1" doraHai="16" who="3" fromWho="0" sc="211,-26,250,0,289,0,250,26" /><INIT seed="2,0,0,3,5,24" ten="185,250,289,276" oya="2" hai0="39,89,98,75,53,128,8,109,101,65,60,107,95" hai1="100,114,0,74,45,57,63,83,85,49,77,76,87" hai2="42,108,118,78,112,92,62,48,28,71,73,70,127" hai3="17,64,9,44,105,19,29,3,81,132,2,6,111"/><V58/><F118/><W4/><G105/><T34/><D39/><U90/><E0/><V104/><F104/><W32/><G64/><T56/><D34/><U130/><E114/><V31/><F112/><W94/><G94/><T134/><D134/><U22/><E130/><V16/><F127/><W68/><G68/><T110/><D75/><U93/><E74/><V103/><F71/><W5/><G44/><T96/><D128/><U38/><E38/><V37/><F37/><W61/><G61/><T117/><D117/><U133/><E133/><V119/><F70/><W15/><G81/><T72/><D72/><U14/><E100/><V106/><F106/><W40/><G40/><T125/><D125/><U33/><E33/><V123/><F123/><W115/><G115/><T102/><D8/><U69/><E69/><V66/><F119/><W126/><G126/><T82/><D82/><U50/><E50/><V18/><F108/><N who="0" m="41578" /><D102/><U41/><E41/><V43/><F78/><W84/><G84/><T124/><D124/><U116/><E116/><V59/><F73/><W135/><G111/><T120/><D120/><U25/><E14/><V131/><F131/><W10/><G132/><T7/><D7/><N who="3" m="2633" /><G135/><T46/><D46/><U99/><E85/><V35/><F43/><W11/><G3/><T86/><D86/><U55/><E83/><V97/><F35/><W80/><G80/><T47/><D47/><U21/><E21/><V79/><F79/><W121/><G121/><T122/><D122/><U51/><E99/><V13/><F42/><W129/><G129/><T1/><D1/><RYUUKYOKU ba="0,0" sc="185,30,250,-10,289,-10,276,-10" hai0="53,56,60,65,89,95,96,98,101,107" /><INIT seed="3,1,0,3,0,4" ten="215,240,279,266" oya="3" hai0="55,45,5,125,32,114,112,133,108,117,62,50,89" hai1="104,19,126,131,42,97,46,61,80,72,31,78,121" hai2="118,37,134,7,8,24,93,130,57,92,107,85,16" hai3="27,59,39,63,35,86,91,84,122,123,66,53,52"/><W58/><G39/><T101/><D32/><U110/><E121/><V48/><F37/><W26/><G66/><T12/><D117/><U70/><E110/><V15/><F107/><W124/><G124/><T22/><D125/><U77/><E126/><V2/><F118/><W65/><G65/><T30/><D133/><U79/><E131/><V60/><F130/><W81/><G86/><T76/><D76/><U43/><E43/><V44/><F134/><W1/><G1/><T56/><D108/><U18/><E18/><V54/><F85/><W105/><G105/><T67/><D101/><U128/><E128/><V106/><F106/><W87/><G87/><T90/><D114/><U38/><E19/><V75/><F75/><W96/><G96/><T49/><D112/><U99/><E99/><V94/><F24/><W111/><G111/><T129/><D129/><U14/><E14/><V13/><REACH who="2" step="1"/><F16/><REACH who="2" ten="215,240,269,266" step="2"/><W113/><G113/><T28/><D50/><U33/><E72/><V120/><F120/><W17/><G27/><N who="0" m="16503" /><D30/><U29/><E29/><V100/><F100/><W103/><G103/><T71/><D71/><U25/><E104/><V0/><F0/><W109/><G109/><T135/><D135/><U69/><E97/><V9/><F9/><AGARI ba="1,1" hai="5,9,12,45,49,55,56,62,67,89,90" m="16503" machi="9" ten="30,2000,0" yaku="8,1,52,1" doraHai="4" who="0" fromWho="2" sc="215,33,240,0,269,-23,266,0" /><INIT seed="4,0,0,3,4,83" ten="248,240,246,266" oya="0" hai0="112,87,51,63,131,3,29,2,134,125,73,37,12" hai1="114,102,57,116,104,88,52,80,130,21,123,132,14" hai2="127,49,18,59,103,15,78,26,16,108,85,100,97" hai3="64,17,61,30,31,41,105,113,20,91,46,45,11"/><T54/><D37/><U55/><E123/><V6/><F108/><W90/><G113/><T119/><D73/><U8/><E116/><V128/><F128/><W111/><G105/><T81/><D119/><U62/><E114/><V66/><F127/><W34/><G11/><T72/><D72/><U10/><E130/><V33/><F33/><W58/><G111/><T95/><D29/><N who="3" m="10761" /><G34/><T69/><D131/><U82/><E132/><V107/><F6/><W93/><G41/><T42/><D42/><U120/><E120/><V124/><F124/><W118/><G118/><T39/><D39/><U32/><E32/><V19/><F26/><N who="3" m="14607" /><G91/><T47/><D112/><U48/><E102/><N who="2" m="38955" /><F107/><W71/><G71/><T0/><D125/><U40/><E104/><V1/><F1/><W74/><G74/><T23/><D134/><U86/><E40/><V4/><F97/><AGARI ba="0,0" hai="45,46,58,61,64,90,93,97" m="14607,10761" machi="97" ten="30,1000,0" yaku="8,1" doraHai="83" who="3" fromWho="2" sc="248,0,240,0,246,-10,266,10" /><INIT seed="5,0,0,0,5,135" ten="248,240,236,276" oya="1" hai0="99,30,107,46,43,34,116,83,64,80,54,7,70" hai1="95,98,53,103,69,44,115,123,91,84,72,79,73" hai2="114,109,9,48,94,33,5,56,19,112,71,52,35" hai3="87,82,11,120,88,106,3,122,50,96,24,60,12"/><U108/><E69/><V89/><F71/><W49/><G3/><T130/><D116/><U26/><E123/><V23/><F109/><W118/><G118/><T28/><D130/><U67/><E67/><V57/><F57/><W65/><G24/><T133/><D133/><U62/><E108/><V36/><F36/><W55/><G106/><T81/><D7/><U119/><E119/><V117/><F117/><W110/><G96/><T45/><D34/><U2/><E2/><V17/><F5/><W18/><G110/><T113/><D113/><N who="2" m="43626" /><F9/><W58/><REACH who="3" step="1"/><G50/><REACH who="3" ten="248,240,236,266" step="2"/><T42/><D107/><U132/><E115/><V41/><F41/><W10/><G10/><T37/><D99/><U74/><E132/><V15/><F19/><W63/><G63/><T76/><D76/><U126/><E26/><V1/><F1/><W32/><G32/><T102/><D102/><U85/><E62/><V127/><F33/><W125/><G125/><T27/><D27/><U39/><E126/><V129/><F35/><W75/><G75/><T8/><D8/><U131/><E131/><V61/><F127/><W104/><G104/><T40/><D40/><U29/><E39/><V93/><F129/><W134/><G134/><T0/><D0/><U21/><E29/><V47/><F89/><W38/><G38/><T25/><D28/><U111/><E111/><V13/><F13/><W31/><G31/><T77/><D37/><U22/><E79/><V86/><F86/><W97/><G97/><T6/><D77/><U105/><E84/><V14/><F14/><W124/><G124/><T100/><D25/><RYUUKYOKU ba="0,1" sc="248,-30,240,10,236,10,266,10" hai1="21,22,44,53,72,73,74,85,91,95,98,103,105" hai2="15,17,23,47,48,52,56,61,93,94" hai3="11,12,18,49,55,58,60,65,82,87,88,120,122" /><INIT seed="5,1,1,1,5,42" ten="218,250,246,276" oya="1" hai0="87,43,116,0,6,101,17,86,10,115,63,71,113" hai1="80,88,94,84,78,44,110,79,128,61,19,127,124" hai2="130,41,117,31,51,16,28,27,92,70,134,37,11" hai3="72,39,123,49,112,122,64,35,91,18,107,32,22"/><U48/><E110/><V36/><F70/><W77/><G39/><T12/><D116/><U89/><E61/><V15/><F117/><W102/><G112/><N who="0" m="43083" /><D101/><U131/><E19/><V76/><F76/><N who="1" m="29225" /><E48/><V33/><F31/><W46/><G64/><N who="0" m="41375" /><D43/><U58/><E44/><V13/><F37/><W62/><G62/><T126/><D126/><N who="1" m="48171" /><E58/><V104/><F36/><W118/><G118/><T90/><D90/><U47/><E47/><V14/><F41/><W50/><G50/><T81/><D81/><U21/><E21/><AGARI ba="1,1" hai="0,6,10,12,17,21,86,87" m="41375,43083" machi="21" ten="30,1000,0" yaku="15,1" doraHai="42" who="0" fromWho="1" sc="218,23,250,-13,246,0,276,0" /><INIT seed="6,0,0,5,4,83" ten="241,237,246,276" oya="2" hai0="135,6,37,105,4,125,18,130,116,119,76,127,12" hai1="59,100,79,71,89,11,21,47,97,113,5,131,30" hai2="77,99,123,46,38,2,39,64,129,62,26,112,24" hai3="72,122,101,27,69,51,102,109,75,52,95,0,128"/><V19/><F123/><W35/><G69/><T22/><D37/><U68/><E79/><V93/><F2/><W98/><G122/><T45/><D105/><U44/><E131/><V10/><F77/><W65/><G0/><T114/><D76/><U58/><E71/><V29/><F129/><W33/><G128/><T74/><D74/><U14/><E68/><V126/><F112/><W48/><G109/><T133/><D45/><N who="1" m="17483" /><E100/><V104/><F104/><W108/><G108/><T85/><D85/><U50/><E113/><V88/><F46/><W55/><G65/><T57/><D57/><N who="1" m="21515" /><E50/><V92/><F62/><W134/><G134/><N who="0" m="51211" /><D114/><U87/><E97/><V110/><F110/><W41/><G41/><T61/><D61/><U40/><E40/><V81/><F99/><W9/><G98/><T103/><D103/><U120/><E120/><V28/><F39/><W86/><G101/><T96/><D96/><U117/><E117/><N who="0" m="45129" /><D130/><U107/><E107/><V121/><F38/><W124/><G102/><T132/><D132/><U31/><E21/><V3/><F121/><W16/><G124/><AGARI ba="0,0" hai="4,6,12,18,22,124,125,127" m="45129,51211" machi="124" ten="40,8000,1" yaku="18,1,20,1,12,1,34,2" doraHai="83" who="0" fromWho="3" sc="241,80,237,0,246,0,276,-80" owari="321,41.0,237,-16.0,246,5.0,196,-30.0" /></mjloggm>