<mjloggm ver="2.3"><GO type="97" lobby="0"/><UN n0="%E5%8D%83%E7%BE%BD%E3%82%A4%E3%82%A8%E3%82%B9" n1="%E5%B0%B1%E6%B4%BB%E7%94%9F%40%E5%B7%9D%E6%9D%91%E8%BB%8D%E5%9B%A3" n2="%E3%83%AD%E3%83%9C%E3%82%B3%E3%83%97" n3="%67%69%6F" dan="13,14,15,13" rate="1855.22,1968.25,2046.97,1827.12" sx="M,M,M,M"/><TAIKYOKU oya="0"/><INIT seed="0,0,0,5,1,67" ten="250,250,250,250" oya="0" hai0="105,14,80,86,22,30,125,110,93,103,96,114,120" hai1="4,34,56,49,59,35,63,92,132,37,85,119,98" hai2="7,133,62,112,28,2,31,54,84,97,89,33,131" hai3="109,25,66,44,72,83,11,113,18,42,15,8,32"/><T91/><D114/><U47/><E37/><V10/><F112/><W39/><G113/><T111/><D120/><U101/><E119/><V70/><F133/><W90/><G109/><N who="0" m="41483" /><D125/><U76/><E132/><V46/><F131/><W130/><G130/><T13/><D105/><U5/><E35/><V41/><F97/><W68/><G32/><T88/><D103/><U115/><E34/><V51/><F33/><W104/><G104/><T26/><AGARI ba="0,0" hai="13,14,22,26,30,80,86,88,91,93,96" m="41483" machi="26" ten="30,6000,0" yaku="14,1,10,1,54,1" doraHai="67" who="0" fromWho="0" sc="250,60,250,-20,250,-20,250,-20" /><INIT seed="0,1,0,0,0,37" ten="310,230,230,230" oya="0" hai0="19,49,0,93,100,44,42,131,110,124,55,116,99" hai1="12,29,56,25,117,52,107,96,24,45,34,101,57" hai2="15,95,81,130,67,20,59,10,72,85,64,46,27" hai3="62,126,71,121,48,73,118,2,36,70,7,50,114"/><T106/><D116/><U33/><E117/><V26/><F130/><W68/><G73/><T80/><D0/><U129/><E129/><V115/><F115/><W134/><G7/><T38/><D131/><U82/><E12/><V103/><F72/><W92/><G118/><T78/><D124/><U17/><E82/><V60/><F67/><W104/><G104/><T39/><D110/><U105/><E105/><V97/><F46/><W47/><G2/><T112/><D112/><U83/><E83/><V11/><F15/><W13/><G114/><T65/><D65/><U51/><REACH who="1" step="1"/><E17/><REACH who="1" ten="310,220,230,230" step="2"/><N who="2" m="12559" /><F27/><W87/><G121/><T86/><D19/><U4/><E4/><V9/><F9/><W113/><G113/><T53/><D38/><U61/><E61/><V109/><F109/><W135/><G13/><T58/><D106/><U79/><E79/><AGARI ba="1,1" hai="10,11,59,60,64,79,81,85,95,97,103" m="12559" machi="79" ten="30,1000,0" yaku="8,1" doraHai="37" who="2" fromWho="1" sc="310,0,220,-13,230,23,230,0" /><INIT seed="1,0,0,2,3,117" ten="310,207,253,230" oya="1" hai0="69,73,131,70,100,56,9,43,110,130,132,19,104" hai1="40,88,89,129,97,80,77,81,116,26,99,106,22" hai2="90,59,83,91,39,47,85,36,51,49,96,63,41" hai3="11,93,98,103,84,52,65,105,113,50,87,23,5"/><U45/><E116/><V7/><F7/><W133/><G113/><T1/><D73/><U61/><E129/><N who="0" m="49161" /><D43/><U126/><E126/><V78/><F39/><W57/><G133/><T101/><D132/><U24/><E61/><V20/><F20/><W115/><G115/><T66/><D110/><U102/><E97/><V71/><F71/><N who="0" m="27146" /><D104/><U38/><E80/><V62/><F62/><W134/><G134/><T86/><D86/><U46/><E46/><V107/><F107/><W12/><G65/><T79/><D79/><U29/><REACH who="1" step="1"/><E24/><REACH who="1" ten="310,197,253,230" step="2"/><V3/><F96/><W120/><G105/><T53/><D66/><U122/><E122/><V18/><F83/><W108/><G108/><T72/><D72/><AGARI ba="0,1" hai="22,26,29,38,40,45,72,77,81,88,89,99,102,106" machi="72" ten="30,5800,0" yaku="1,1,7,1,54,1,53,0" doraHai="117" doraHaiUra="111" who="1" fromWho="0" sc="310,-58,197,68,253,0,230,0" /><INIT seed="1,1,0,1,0,53" ten="252,265,253,230" oya="1" hai0="98,88,99,97,128,109,105,69,49,48,85,68,81" hai1="32,11,26,133,63,100,0,9,119,45,51,125,112" hai2="65,61,29,113,116,117,94,23,95,130,67,64,118" hai3="132,41,46,89,129,111,107,13,110,71,82,44,34"/><U115/><E119/><V103/><F113/><W93/><G107/><T90/><D109/><U2/><E125/><V35/><F130/><W5/><G34/><T8/><D128/><U30/><E133/><V72/><F72/><W104/><G104/><T134/><D134/><U58/><E100/><V102/><F35/><W39/><G71/><T80/><D8/><U86/><E11/><V124/><F124/><W33/><G33/><T36/><D36/><U77/><E77/><V123/><F123/><W10/><G129/><T92/><D105/><U59/><E86/><V55/><F55/><W21/><G132/><T78/><D68/><U73/><E73/><V66/><F102/><W3/><G46/><T101/><D69/><U15/><E112/><V91/><F103/><W28/><G82/><N who="0" m="47319" /><D49/><U87/><E87/><V74/><F74/><W19/><REACH who="3" step="1"/><G28/><REACH who="3" ten="252,265,253,220" step="2"/><T127/><D127/><U121/><E115/><V60/><F117/><W70/><G70/><T56/><D56/><U75/><E121/><V7/><F116/><W57/><G57/><T22/><D48/><U42/><E75/><V47/><F118/><W106/><G106/><N who="0" m="63791" /><D22/><U76/><E76/><V37/><F23/><W126/><G126/><T4/><D4/><U25/><E59/><V79/><F7/><W131/><G131/><T24/><D24/><U108/><E25/><V114/><F79/><W122/><G122/><T27/><D27/><U31/><E31/><V20/><F114/><W17/><G17/><T62/><D62/><U16/><E108/><V135/><F60/><W54/><G54/><AGARI ba="1,1" hai="0,2,9,15,16,26,30,32,42,45,51,54,58,63" machi="54" ten="30,5800,0" yaku="7,1,52,1,54,1" doraHai="53" who="1" fromWho="3" sc="252,0,265,71,253,0,220,-61" /><INIT seed="1,2,0,3,1,80" ten="252,336,253,159" oya="1" hai0="39,41,13,94,6,91,22,7,70,132,111,26,30" hai1="79,95,84,127,135,11,112,90,77,104,100,128,44" hai2="122,123,31,37,29,75,14,0,124,60,57,82,55" hai3="21,65,113,34,116,83,63,47,119,98,52,68,62"/><U35/><E35/><V3/><F37/><W18/><G34/><T92/><D70/><U54/><E112/><V40/><F40/><W125/><G113/><T107/><D107/><U64/><E64/><V76/><F124/><W33/><G33/><T78/><D111/><U9/><E127/><V102/><F102/><W61/><G125/><T45/><D132/><U99/><E128/><V106/><F106/><W1/><G1/><T115/><D115/><U43/><E135/><V20/><F31/><W88/><G62/><T42/><D78/><U23/><E54/><V87/><F75/><W32/><G32/><T101/><D13/><U8/><REACH who="1" step="1"/><E23/><REACH who="1" ten="252,326,253,159" step="2"/><V4/><F20/><W15/><G47/><T2/><D42/><U53/><E53/><V108/><F55/><W93/><REACH who="3" step="1"/><G83/><REACH who="3" ten="252,326,253,149" step="2"/><T51/><D2/><U16/><E16/><V109/><F0/><W86/><G86/><N who="0" m="52343" /><D39/><AGARI ba="2,2" hai="8,9,11,39,43,44,77,79,84,90,95,99,100,104" machi="39" ten="40,7700,0" yaku="1,1,52,1,53,1" doraHai="80" doraHaiUra="96" who="1" fromWho="0" sc="252,-83,326,103,253,0,149,0" /><INIT seed="1,3,0,3,3,115" ten="169,429,253,149" oya="1" hai0="51,57,68,40,77,119,24,59,44,56,45,88,125" hai1="124,34,15,62,101,52,6,121,133,38,18,112,31" hai2="96,74,93,85,84,66,49,20,75,135,103,92,2" hai3="126,32,67,82,114,107,134,27,89,123,80,116,13"/><U28/><E38/><V64/><F2/><W113/><G107/><T3/><D3/><U117/><E117/><V72/><F135/><W97/><G134/><T110/><D77/><U106/><E112/><V1/><F1/><W58/><G126/><T105/><D105/><U35/><E121/><V91/><F20/><W10/><G123/><T41/><D110/><U60/><E6/><V131/><F131/><W98/><G82/><T55/><D24/><U16/><E124/><V12/><F12/><W5/><G98/><T100/><D100/><U130/><E133/><V26/><F26/><W109/><G109/><T50/><D125/><U17/><E130/><V14/><F49/><W63/><G97/><T9/><D9/><U29/><E15/><V7/><REACH who="2" step="1"/><F85/><REACH who="2" ten="169,429,243,149" step="2"/><W30/><G116/><T81/><D119/><U78/><E35/><V46/><F46/><W102/><G102/><T86/><REACH who="0" step="1"/><D68/><REACH who="0" ten="159,429,243,149" step="2"/><U70/><E70/><V8/><AGARI ba="3,2" hai="7,8,14,64,66,72,74,75,84,91,92,93,96,103" machi="8" ten="40,5200,0" yaku="1,1,0,1,53,1" doraHai="115" doraHaiUra="11" who="2" fromWho="2" sc="159,-16,429,-29,243,81,149,-16" /><INIT seed="2,0,0,0,0,90" ten="143,400,324,133" oya="2" hai0="98,131,29,12,121,81,55,130,129,8,11,31,5" hai1="52,49,6,66,89,92,132,88,24,23,35,95,15" hai2="97,125,70,73,134,45,62,37,68,76,117,74,4" hai3="18,119,42,116,13,94,85,39,7,82,26,69,46"/><V104/><F117/><W122/><G69/><T67/><D67/><U38/><E38/><V112/><F112/><W28/><G122/><T71/><D71/><N who="2" m="27178" /><F62/><W40/><G40/><T30/><D98/><N who="1" m="57607" /><E132/><V118/><F118/><W59/><G59/><T41/><D41/><U14/><E66/><V107/><F134/><W135/><G135/><T51/><D81/><U20/><E35/><V126/><F76/><W19/><G7/><N who="0" m="3103" /><D51/><U108/><E108/><V0/><F97/><W133/><G133/><T127/><D55/><U44/><E6/><V91/><F91/><W25/><G25/><T111/><D111/><U63/><E63/><V103/><F103/><W124/><G124/><N who="2" m="47721" /><F37/><W79/><G18/><T50/><D50/><U105/><E105/><N who="2" m="40523" /><F45/><W58/><G58/><T47/><D47/><U72/><E72/><N who="2" m="27755" /><F4/><W80/><G80/><T27/><D127/><U93/><E93/><V106/><N who="2" m="40531" /><V64/><DORA hai="100" /><F64/><W33/><REACH who="3" step="1"/><G94/><REACH who="3" ten="143,400,324,123" step="2"/><T54/><D121/><U3/><E24/><V9/><F9/><AGARI ba="0,1" hai="9,13,19,26,28,33,39,42,46,79,82,85,116,119" machi="9" ten="30,8000,1" yaku="1,1,2,1,7,1,53,2" doraHai="90,100" doraHaiUra="101,114" who="3" fromWho="2" sc="143,0,400,0,324,-80,123,90" /><INIT seed="3,0,0,1,0,135" ten="143,400,244,213" oya="3" hai0="80,128,93,106,129,5,27,12,125,127,88,89,57" hai1="34,23,47,62,110,4,11,84,108,101,121,63,65" hai2="56,100,66,55,30,133,74,120,35,67,68,0,109" hai3="17,6,71,72,85,79,58,107,24,52,36,82,18"/><W64/><G36/><T3/><D106/><U41/><E121/><V2/><F74/><W20/><G107/><T98/><D3/><U81/><E34/><V26/><F120/><W102/><G71/><T32/><D57/><U104/><E101/><V50/><F133/><W126/><G126/><N who="0" m="48139" /><D32/><U37/><E23/><V131/><F131/><N who="0" m="50250" /><D27/><U43/><E43/><V49/><F26/><W70/><G102/><N who="0" m="60751" /><D80/><U44/><E44/><V112/><F35/><W51/><G6/><T15/><D5/><U103/><E103/><V25/><F100/><W94/><G70/><T123/><D123/><U33/><E104/><V99/><F68/><W13/><G94/><T22/><D15/><U38/><E33/><V29/><F25/><W54/><G72/><T9/><D9/><U95/><E11/><V90/><F0/><W134/><G134/><T69/><D69/><U83/><E4/><V59/><F2/><W132/><G132/><T8/><D8/><U77/><E83/><V48/><F59/><W97/><G97/><T16/><AGARI ba="0,0" hai="12,16,22,88,89" m="60751,50250,48139" machi="16" ten="40,12000,2" yaku="18,1,19,1,52,3,54,2" doraHai="135" who="0" fromWho="0" sc="143,120,400,-30,244,-30,213,-60" owari="263,6.0,370,48.0,214,-19.0,153,-35.0" /></mjloggm>