<mjloggm ver="2.3"><GO type="169" lobby="0"/><UN n0="%E3%82%A6%E3%83%AB%E3%83%88%E3%83%A9%E7%AB%8B%E7%9B%B4" n1="%E3%82%A4%E3%83%8B%E3%82%A8%E3%82%B9%E3%82%BF" n2="%E3%81%AB%E3%82%85%E3%83%BC%53" n3="%E3%82%86%E3%81%A3%E3%81%8F%E3%82%8A%E5%A6%96%E5%A4%A2" dan="17,18,16,16" rate="2184.52,2162.64,2113.13,2132.01" sx="M,M,F,M"/><TAIKYOKU oya="0"/><INIT seed="0,0,0,1,0,121" ten="250,250,250,250" oya="0" hai0="72,5,1,37,28,53,47,16,86,33,27,42,13" hai1="51,58,74,112,115,127,88,120,17,110,124,130,79" hai2="128,104,60,31,81,7,134,133,105,65,69,99,54" hai3="84,3,114,30,41,106,102,90,57,46,129,91,75"/><T23/><D86/><U77/><E17/><V131/><F7/><W116/><G75/><T14/><D14/><U119/><E58/><V107/><F81/><W94/><G3/><T9/><REACH who="0" step="1"/><D53/><REACH who="0" ten="240,250,250,250" step="2"/><U108/><E74/><AGARI ba="0,1" hai="1,5,9,13,16,23,27,28,33,37,42,47,72,74" machi="74" ten="40,12000,1" yaku="1,1,2,1,24,2,54,1,53,0" doraHai="121" doraHaiUra="100" who="0" fromWho="1" sc="240,130,250,-120,250,0,250,0" /><INIT seed="0,1,0,3,5,121" ten="370,130,250,250" oya="0" hai0="31,4,15,63,85,40,26,66,76,55,90,93,79" hai1="86,108,83,113,127,20,97,105,61,80,78,125,101" hai2="12,16,45,133,1,95,5,48,82,114,126,129,88" hai3="17,34,87,27,39,23,91,64,3,18,106,134,116"/><T41/><D55/><U43/><E43/><V49/><F114/><W120/><G3/><T35/><D41/><U128/><E61/><V65/><F65/><W42/><G34/><T44/><D15/><U11/><E20/><V124/><F82/><W70/><G106/><T28/><D28/><U92/><E11/><N who="2" m="6175" /><F1/><W30/><G116/><T130/><D130/><U84/><E128/><V62/><F5/><W10/><G134/><T57/><REACH who="0" step="1"/><D4/><REACH who="0" ten="360,130,250,250" step="2"/><U75/><E113/><V13/><F129/><W103/><G42/><T24/><D24/><U107/><E108/><V22/><F133/><W104/><G27/><T25/><D25/><U52/><E52/><V47/><F13/><W132/><G30/><T109/><D109/><U112/><E112/><V67/><F67/><W29/><G64/><T73/><D73/><U118/><E118/><V8/><F124/><N who="1" m="47689" /><E75/><V72/><F126/><W110/><G29/><T50/><AGARI ba="1,1" hai="26,31,35,40,44,50,57,63,66,76,79,85,90,93" machi="50" ten="20,7800,0" yaku="1,1,0,1,7,1,53,1" doraHai="121" doraHaiUra="60" who="0" fromWho="0" sc="360,91,130,-27,250,-27,250,-27" /><INIT seed="0,2,0,2,3,110" ten="451,103,223,223" oya="0" hai0="36,78,134,127,86,66,57,11,53,19,10,25,87" hai1="9,34,27,131,37,80,44,24,47,88,8,130,2" hai2="97,29,103,114,125,133,116,39,126,32,21,55,120" hai3="100,122,92,82,20,3,12,112,49,22,4,118,79"/><T41/><D66/><U23/><E37/><V77/><F39/><W99/><G118/><T84/><D127/><N who="2" m="48650" /><F120/><W6/><G122/><T129/><D129/><U74/><E74/><V62/><F116/><W18/><G3/><T33/><D134/><U48/><E34/><V90/><F133/><W69/><G69/><T121/><D121/><U95/><E80/><V93/><F32/><W68/><G68/><T42/><D78/><U113/><E2/><V135/><F135/><W85/><G112/><T71/><D71/><U40/><E47/><V111/><F111/><W50/><G22/><N who="0" m="13535" /><D36/><U58/><E58/><N who="2" m="35167" /><F77/><W115/><G115/><T105/><D105/><U104/><E104/><V132/><F132/><W35/><G35/><T65/><D65/><U17/><E27/><N who="2" m="16623" /><F103/><W72/><G72/><T26/><D26/><U76/><E76/><V60/><F60/><W52/><G50/><N who="0" m="30903" /><D33/><U101/><E101/><V43/><F43/><AGARI ba="2,0" hai="10,11,41,42,43,84,86,87" m="30903,13535" machi="43" ten="30,1500,0" yaku="8,1" doraHai="110" who="0" fromWho="2" sc="451,21,103,0,223,-21,223,0" /><INIT seed="0,3,0,2,3,116" ten="472,103,202,223" oya="0" hai0="68,32,6,81,99,97,123,77,43,58,103,20,133" hai1="109,80,25,107,118,28,108,69,55,59,112,127,92" hai2="101,91,10,2,119,39,15,48,24,83,27,13,61" hai3="96,33,134,82,114,46,7,45,23,121,75,85,94"/><T87/><D32/><U4/><E107/><V50/><F39/><W104/><G33/><T51/><D68/><U128/><E69/><V132/><F119/><W41/><G114/><T88/><D123/><U125/><E118/><V79/><F132/><W86/><G134/><T18/><D133/><U57/><E112/><V30/><F101/><W76/><G121/><T95/><D6/><U102/><E80/><V105/><F105/><W22/><G46/><T78/><D99/><N who="1" m="59751" /><E4/><V31/><F2/><W122/><G122/><T66/><D43/><U54/><E128/><V124/><F124/><N who="1" m="47689" /><E57/><V56/><F91/><W131/><G131/><T42/><D42/><U100/><E100/><V113/><F113/><W126/><G126/><T38/><D38/><U111/><E59/><V64/><F83/><W130/><G130/><T90/><D103/><U65/><E65/><V16/><F79/><W62/><G104/><T11/><D11/><U3/><E3/><V21/><REACH who="2" step="1"/><F15/><REACH who="2" ten="472,103,192,223" step="2"/><W93/><G82/><T117/><D117/><U47/><E47/><V74/><F74/><W5/><G76/><T52/><D66/><U17/><E108/><V60/><F60/><W73/><G62/><T1/><D1/><U71/><E109/><V63/><F63/><W67/><G45/><T89/><D78/><U120/><E111/><V135/><F135/><W12/><G12/><AGARI ba="3,1" hai="12,18,20,51,52,58,77,81,87,88,89,90,95,97" machi="12" ten="30,11600,0" yaku="7,1,8,1,54,2" doraHai="116" who="0" fromWho="3" sc="472,135,103,0,192,0,223,-125" /><INIT seed="0,4,0,3,0,92" ten="607,103,192,98" oya="0" hai0="29,88,11,3,36,120,134,16,115,6,61,24,2" hai1="110,74,62,22,69,113,96,111,15,129,117,18,51" hai2="56,78,71,12,130,14,52,66,93,76,5,87,13" hai3="106,27,7,10,103,90,95,94,84,46,26,126,100"/><T55/><D36/><U53/><E117/><V105/><F105/><W77/><G126/><T35/><D120/><U65/><E74/><V125/><F125/><W124/><G124/><T25/><D115/><U116/><E116/><V108/><F108/><N who="1" m="41513" /><E129/><V32/><F32/><W85/><G46/><T21/><D134/><U40/><E40/><V63/><F130/><W20/><G106/><T91/><D2/><U102/><E113/><V112/><F112/><W99/><G103/><T73/><D73/><U75/><E75/><V23/><F5/><W98/><G77/><T81/><D81/><U67/><E62/><V37/><F37/><W42/><G42/><T131/><D131/><U45/><E69/><V4/><F4/><W54/><G54/><T64/><REACH who="0" step="1"/><D55/><REACH who="0" ten="597,103,192,98" step="2"/><U44/><E44/><V127/><F127/><W34/><G34/><T70/><AGARI ba="4,1" hai="3,6,11,16,21,24,25,29,35,61,64,70,88,91" machi="70" ten="20,18000,2" yaku="1,1,2,1,0,1,7,1,54,2,53,1" doraHai="92" doraHaiUra="30" who="0" fromWho="0" sc="597,202,103,-64,192,-64,98,-64" /><INIT seed="0,5,0,2,3,21" ten="799,39,128,34" oya="0" hai0="28,134,31,4,98,114,100,104,50,26,62,86,57" hai1="75,87,19,69,125,112,68,84,56,52,129,14,122" hai2="109,92,54,93,47,72,74,13,27,113,89,8,96" hai3="64,105,79,119,107,1,131,36,23,126,135,73,108"/><T32/><D134/><U71/><E122/><V82/><F113/><W88/><RYUUKYOKU type="yao9" ba="5,0" sc="799,0,39,0,128,0,34,0" hai3="1,23,36,64,73,79,88,105,107,108,119,126,131,135" /><INIT seed="0,6,0,5,2,60" ten="799,39,128,34" oya="0" hai0="106,87,77,18,118,110,131,53,75,78,100,55,54" hai1="95,70,47,49,105,13,81,108,40,5,39,8,25" hai2="113,126,98,89,99,132,63,4,120,122,48,65,6" hai3="24,15,32,45,43,114,84,129,66,134,20,109,127"/><T37/><D118/><U52/><E105/><V35/><F113/><W68/><G114/><T29/><D75/><U28/><E108/><V73/><F73/><W11/><G109/><T130/><D110/><U58/><E70/><V22/><F35/><W23/><G129/><N who="0" m="49163" /><D37/><U128/><E128/><V76/><F76/><W42/><G127/><T103/><D29/><U91/><E81/><V83/><F126/><W2/><G134/><T56/><D56/><U21/><E39/><V107/><F132/><W16/><G2/><T33/><D33/><U50/><E95/><V115/><F115/><W9/><G32/><T31/><D31/><U117/><E117/><V133/><F133/><W34/><G34/><T79/><D106/><U19/><REACH who="1" step="1"/><E91/><REACH who="1" ten="799,29,128,34" step="2"/><V123/><F89/><W12/><G68/><T59/><D103/><U72/><E72/><V62/><F107/><W74/><G74/><T61/><D100/><U121/><E121/><V125/><F83/><W38/><G38/><T51/><D78/><U3/><E3/><V67/><F125/><W17/><G84/><T102/><D102/><U93/><E93/><V82/><F82/><W57/><G24/><T116/><D116/><U112/><E112/><V86/><F86/><W71/><G71/><T85/><D87/><U14/><E14/><V94/><F94/><W0/><G0/><T104/><D104/><U88/><E88/><V96/><F122/><W69/><G69/><T80/><D79/><U7/><AGARI ba="6,1" hai="5,7,8,13,19,21,25,28,40,47,49,50,52,58" machi="7" ten="30,7900,0" yaku="1,1,0,1,8,1,54,1,53,0" doraHai="60" doraHaiUra="97" who="1" fromWho="1" sc="799,-45,29,107,128,-26,34,-26" /><INIT seed="1,0,0,1,4,100" ten="754,136,102,8" oya="1" hai0="76,51,32,92,7,90,124,17,83,41,40,43,130" hai1="55,48,0,110,87,94,125,82,86,11,54,31,34" hai2="79,37,22,53,23,24,60,95,119,105,38,64,61" hai3="66,63,1,77,3,97,115,4,36,65,62,57,58"/><U29/><E125/><V9/><F119/><W56/><G115/><T13/><D32/><U15/><E0/><V98/><F79/><W44/><G77/><T19/><D124/><U73/><E73/><V59/><F9/><W80/><G80/><T49/><D130/><U50/><E110/><V47/><F105/><W14/><G36/><T21/><D7/><N who="1" m="3583" /><E34/><V131/><F131/><W109/><G109/><T99/><REACH who="0" step="1"/><D19/><REACH who="0" ten="744,136,102,8" step="2"/><U88/><E31/><V133/><F133/><W89/><G44/><T16/><D16/><U132/><E29/><V33/><F33/><W103/><G89/><T30/><D30/><U127/><E132/><V71/><F47/><W39/><G39/><T93/><D93/><U5/><E5/><V10/><F38/><W116/><G116/><T135/><D135/><U114/><E127/><V35/><F37/><W129/><G129/><T18/><D18/><U126/><E126/><V106/><F95/><W6/><G14/><T75/><AGARI ba="0,1" hai="13,17,21,40,41,43,49,51,75,76,83,90,92,99" machi="75" ten="30,2000,0" yaku="1,1,0,1,53,0" doraHai="100" doraHaiUra="117" who="0" fromWho="0" sc="744,30,136,-10,102,-5,8,-5" /><INIT seed="2,0,0,3,5,126" ten="774,126,97,3" oya="2" hai0="132,31,131,2,61,29,43,117,60,97,18,13,107" hai1="23,50,128,57,74,99,55,103,110,77,30,56,38" hai2="76,62,109,119,20,80,65,90,44,104,67,112,87" hai3="96,19,47,8,24,5,16,48,12,37,42,35,28"/><V95/><F119/><W135/><G135/><T78/><D2/><U36/><E110/><V88/><F104/><W116/><G116/><T84/><D43/><U75/><E77/><V81/><F109/><W68/><G68/><T7/><D7/><U125/><E30/><V51/><F112/><W91/><G37/><T58/><D61/><U124/><E23/><V10/><F10/><W1/><G96/><T22/><D107/><U122/><E122/><V25/><F62/><W114/><G114/><T127/><D132/><U70/><E70/><V0/><F0/><W85/><G1/><T17/><D17/><U9/><E9/><V86/><F95/><AGARI ba="0,0" hai="5,8,12,16,19,24,28,35,42,47,48,85,91,95" machi="95" ten="30,2000,0" yaku="7,1,54,1" doraHai="126" who="3" fromWho="2" sc="774,0,126,0,97,-20,3,20" /><INIT seed="3,0,0,0,1,126" ten="774,126,77,23" oya="3" hai0="28,71,125,22,32,131,35,117,0,68,102,122,89" hai1="48,53,109,14,127,74,36,99,83,1,105,119,94" hai2="24,33,82,52,21,67,133,88,37,19,113,104,49" hai3="6,120,30,123,5,92,78,7,77,57,4,8,73"/><W116/><G116/><T87/><D0/><U27/><E1/><V54/><F104/><W31/><N who="3" m="1024" /><DORA hai="118" /><W40/><G40/><T42/><D102/><U60/><E36/><V26/><F37/><W3/><G3/><T134/><D28/><N who="3" m="10793" /><G8/><T64/><D22/><U15/><E105/><V100/><F100/><W110/><G73/><T103/><D68/><U62/><E27/><N who="2" m="14783" /><F33/><W101/><G57/><T44/><D71/><U11/><E11/><V2/><F2/><W86/><G101/><T135/><D103/><U85/><E74/><V18/><F113/><W124/><G124/><T75/><D125/><U107/><E107/><V115/><F115/><W50/><G50/><T132/><D75/><U13/><E48/><V45/><F133/><W39/><G39/><T79/><D42/><U9/><E9/><V98/><F67/><W16/><G16/><T97/><D64/><U34/><E34/><V70/><F70/><W51/><G51/><T43/><D32/><U114/><E114/><V72/><F72/><W63/><G63/><T76/><D35/><U61/><E127/><V12/><F54/><W20/><G20/><T65/><D43/><U90/><E119/><V106/><F106/><W47/><G47/><T10/><D44/><U91/><E53/><V59/><F45/><W69/><G69/><T128/><D10/><U46/><E46/><V23/><F98/><W108/><G92/><T38/><D38/><U95/><E95/><V130/><F130/><W112/><G112/><T81/><D117/><U111/><AGARI ba="0,0" hai="13,14,15,60,61,62,83,85,90,91,94,99,109,111" machi="111" ten="40,1500,0" yaku="0,1" doraHai="126,118" who="1" fromWho="1" sc="774,-4,126,15,77,-4,23,-7" /><INIT seed="4,0,0,5,5,56" ten="770,141,73,16" oya="0" hai0="115,25,3,106,64,7,70,104,125,94,126,76,68" hai1="13,1,133,93,50,77,73,59,26,43,123,127,20" hai2="81,30,90,34,47,2,21,91,11,27,105,39,62" hai3="35,52,121,119,87,83,67,44,71,10,97,4,0"/><T75/><D76/><U22/><E1/><V118/><F105/><W100/><G119/><T42/><D75/><U31/><E123/><V41/><F118/><W85/><G121/><T57/><D42/><U107/><E107/><V69/><F81/><W114/><G114/><T12/><D3/><U101/><E133/><V108/><F108/><W88/><G35/><T9/><D115/><U40/><E127/><N who="0" m="48649" /><D94/><U23/><E77/><V29/><F29/><W78/><G85/><T37/><D37/><U112/><E73/><V14/><F2/><W66/><G78/><T79/><D79/><U134/><E134/><V74/><F74/><W132/><G132/><T16/><D57/><U60/><E112/><V109/><F109/><W5/><G5/><T15/><D25/><U54/><E13/><V28/><F28/><W84/><G84/><T49/><D49/><U99/><E40/><V86/><F34/><W113/><G113/><T129/><D129/><U53/><E43/><V55/><F86/><W33/><G33/><T58/><D70/><U117/><E117/><V8/><F69/><W61/><G67/><T48/><D68/><U120/><E120/><V103/><F103/><W80/><G80/><T96/><D96/><U124/><E124/><V24/><F24/><W130/><G130/><T19/><D7/><U102/><E102/><V111/><F111/><W128/><G128/><T6/><D6/><U92/><E92/><V51/><F8/><W17/><G17/><T32/><D32/><U18/><E18/><N who="2" m="8543" /><F39/><W110/><G110/><T135/><D135/><U72/><E72/><RYUUKYOKU ba="0,0" sc="770,-15,141,15,73,15,16,-15" hai1="20,22,23,26,31,50,53,54,59,60,93,99,101" hai2="21,27,30,41,47,51,55,62,90,91" /><INIT seed="5,1,0,0,0,116" ten="755,156,88,1" oya="1" hai0="42,123,32,61,56,64,4,106,88,91,31,60,131" hai1="19,27,2,135,15,85,110,53,28,66,59,14,90" hai2="117,25,21,118,57,6,71,76,93,72,38,8,9" hai3="20,73,16,74,26,48,129,113,70,47,87,119,22"/><U44/><E2/><V92/><F71/><W77/><G119/><T67/><D106/><U45/><E135/><V0/><F38/><W94/><G70/><T125/><D123/><U99/><E66/><V29/><F9/><W58/><G113/><T98/><D32/><U33/><E99/><V11/><F11/><W30/><G129/><T127/><D31/><U7/><E7/><V134/><F134/><W107/><G107/><T39/><D4/><U35/><E35/><V55/><F93/><W121/><G121/><T50/><D39/><U97/><E97/><V132/><F132/><W122/><G122/><T17/><D17/><U3/><E3/><V114/><F114/><W120/><G120/><T23/><D23/><U5/><E5/><V65/><F65/><W1/><G1/><T13/><D13/><U52/><E14/><V63/><REACH who="2" step="1"/><F92/><REACH who="2" ten="755,156,78,1" step="2"/><W86/><G86/><T101/><D64/><U36/><E36/><V80/><AGARI ba="1,1" hai="0,6,8,21,25,29,55,57,63,72,76,80,117,118" machi="80" ten="30,7900,0" yaku="1,1,2,1,0,1,53,1" doraHai="116" doraHaiUra="34" who="2" fromWho="2" sc="755,-21,156,-40,78,92,1,-21" owari="734,83.0,116,-28.0,170,-3.0,-20,-52.0" /></mjloggm>