<mjloggm ver="2.3"><GO type="97" lobby="0"/><UN n0="%4B%49%54%4F" n1="%E3%82%86%E3%81%BF%E2%98%86%E3%83%9F" n2="%6C%65%65" n3="%E3%83%88%E3%83%88%E3%83%AA%E5%85%88%E7%94%9F%31%39%E6%AD%B3" dan="14,14,13,14" rate="1845.25,1955.30,1925.92,2037.92" sx="M,F,F,F"/><TAIKYOKU oya="0"/><INIT seed="0,0,0,4,3,15" ten="250,250,250,250" oya="0" hai0="14,134,25,63,73,133,135,125,114,29,22,2,94" hai1="78,131,132,19,72,110,74,75,130,99,24,3,37" hai2="26,34,121,8,35,6,77,44,92,127,60,39,102" hai3="69,79,53,81,106,7,45,107,28,18,70,115,55"/><T50/><D114/><U1/><E37/><V80/><F127/><W91/><G115/><T30/><D73/><U87/><E110/><V10/><F121/><W38/><G7/><T117/><D117/><U17/><E24/><V43/><F60/><W88/><G28/><T9/><D2/><N who="1" m="523" /><E99/><V49/><F6/><W112/><G112/><T27/><D125/><U61/><E61/><V36/><F36/><W100/><G38/><T124/><D124/><U83/><E132/><V123/><F123/><W51/><G100/><T64/><D94/><U4/><E4/><V116/><F116/><W48/><G79/><T40/><D40/><U42/><E42/><V76/><F76/><W20/><G81/><T85/><D85/><U62/><E62/><V108/><F108/><W41/><G41/><T11/><D50/><U68/><E68/><V71/><F71/><W101/><G101/><T47/><D14/><U126/><E126/><V104/><F104/><W93/><G70/><N who="0" m="42271" /><D47/><U23/><E23/><AGARI ba="0,0" hai="9,11,22,23,25,27,29,30,133,134,135" m="42271" machi="23" ten="30,1500,0" yaku="20,1" doraHai="15" who="0" fromWho="1" sc="250,15,250,-15,250,0,250,0" /><INIT seed="0,1,0,1,2,101" ten="265,235,250,250" oya="0" hai0="94,76,42,61,59,129,1,29,79,109,15,16,134" hai1="45,112,67,131,105,23,95,57,120,56,8,72,99" hai2="77,124,132,116,78,122,115,65,47,7,92,97,48" hai3="62,9,87,107,133,114,4,125,118,102,36,84,25"/><T46/><D1/><U11/><E120/><V123/><F122/><W82/><G114/><T0/><D0/><U20/><E112/><V58/><F123/><W5/><G118/><T39/><D134/><U24/><E72/><V53/><F115/><W64/><G36/><T68/><D68/><U104/><E45/><V37/><F132/><W103/><G133/><T80/><D129/><U51/><E131/><V18/><F116/><W32/><G125/><T2/><D2/><U12/><E51/><V98/><F98/><W21/><G32/><T13/><D29/><N who="1" m="17543" /><E56/><V6/><F124/><W43/><G43/><T28/><D28/><U83/><E83/><V121/><F121/><W60/><G60/><T135/><D135/><U113/><E113/><V66/><F18/><W70/><G4/><N who="2" m="1577" /><F37/><W71/><G71/><T54/><D94/><U90/><E90/><N who="2" m="55447" /><F47/><W89/><G107/><N who="1" m="41034" /><E23/><V33/><F33/><W130/><G130/><T128/><D128/><U3/><E12/><V119/><F119/><W91/><G5/><T74/><D79/><AGARI ba="1,0" hai="48,53,58,65,66,77,78,79" m="55447,1577" machi="79" ten="30,1000,0" yaku="8,1" doraHai="101" who="2" fromWho="0" sc="265,-13,235,0,250,13,250,0" /><INIT seed="1,0,0,2,5,34" ten="252,235,263,250" oya="1" hai0="53,49,99,17,77,7,61,30,84,72,24,10,80" hai1="13,96,25,123,108,3,64,55,22,100,57,18,68" hai2="35,0,26,65,118,94,124,33,132,122,105,93,111" hai3="117,52,131,44,5,42,107,45,125,78,62,21,115"/><U113/><E123/><V67/><F111/><W47/><G115/><T40/><D99/><U119/><E113/><V32/><F122/><W130/><G107/><T8/><D17/><U63/><E119/><V73/><F118/><W41/><G117/><T74/><D61/><U69/><E108/><V66/><F105/><W48/><G78/><T87/><D40/><N who="3" m="15465" /><G21/><T16/><D16/><U110/><E110/><V46/><F46/><N who="3" m="27671" /><G5/><T38/><D38/><U90/><E90/><V86/><F86/><W54/><G125/><T20/><D74/><U120/><E120/><V89/><F124/><W97/><G97/><T71/><D71/><U1/><E69/><V75/><F89/><W51/><G62/><T103/><D103/><U15/><E15/><V31/><F31/><W37/><G37/><T27/><D27/><U9/><E96/><V91/><F91/><W12/><G12/><T112/><D112/><U92/><E92/><V126/><F126/><W2/><G2/><T95/><D95/><N who="2" m="36362" /><F26/><W28/><G28/><T133/><D133/><U76/><E100/><V6/><F132/><W81/><G81/><T127/><D127/><U104/><E104/><V59/><F6/><W60/><G60/><T4/><D4/><U58/><E76/><V14/><F14/><W135/><G135/><T83/><D72/><U39/><E39/><V102/><F73/><W23/><G23/><T109/><D109/><U101/><E101/><V36/><F75/><W121/><G121/><T79/><D7/><N who="1" m="3263" /><E68/><V129/><F36/><W43/><N who="3" m="15473" /><W98/><DORA hai="82" /><G98/><T134/><D134/><RYUUKYOKU ba="0,0" sc="252,10,235,10,263,-30,250,10" hai0="8,10,20,24,30,49,53,77,79,80,83,84,87" hai1="1,3,18,22,25,55,57,58,63,64" hai3="44,45,47,51,54,130,131" /><INIT seed="1,1,0,5,2,104" ten="262,245,233,260" oya="1" hai0="46,19,102,35,22,23,68,25,79,109,121,124,14" hai1="101,106,131,34,1,88,97,73,77,9,32,116,94" hai2="110,65,126,107,78,51,69,31,133,5,27,41,93" hai3="115,89,108,13,11,76,17,29,24,114,113,119,7"/><U38/><E116/><V122/><F122/><W10/><G89/><T21/><D68/><U91/><E131/><V4/><F107/><W39/><G39/><T60/><D121/><U134/><E91/><V75/><F110/><W105/><G105/><T8/><D109/><U62/><E62/><V50/><F126/><W120/><G76/><T61/><D124/><U132/><E38/><V98/><F133/><N who="1" m="51305" /><E9/><V52/><F41/><W128/><G108/><T86/><D102/><U56/><E56/><V92/><F69/><W28/><G120/><T95/><D46/><U70/><E1/><V3/><F65/><W117/><G128/><T43/><D43/><U36/><E70/><V111/><F51/><W100/><G100/><T45/><D45/><U42/><E42/><V87/><F111/><W15/><G29/><N who="0" m="17583" /><D35/><AGARI ba="1,0" hai="7,10,11,13,15,17,24,28,35,113,114,115,117,119" machi="35" ten="40,5200,0" yaku="34,3" doraHai="104" who="3" fromWho="0" sc="262,-55,245,0,233,0,260,55" /><INIT seed="2,0,0,1,5,59" ten="207,245,233,315" oya="2" hai0="10,92,73,21,77,125,2,86,31,126,100,57,131" hai1="30,50,123,117,87,18,62,81,20,67,107,27,56" hai2="38,94,40,65,43,88,23,76,120,51,95,70,61" hai3="79,101,35,106,122,91,53,37,29,83,105,55,135"/><V14/><F120/><W103/><G122/><T58/><D73/><U68/><E107/><V25/><F76/><W28/><G37/><T71/><D71/><U1/><E123/><V118/><F118/><W89/><G79/><T74/><D74/><U124/><E117/><V26/><F38/><W0/><G0/><T133/><D133/><U34/><E1/><V121/><F121/><W127/><G83/><N who="0" m="47471" /><D131/><U116/><E116/><V104/><F104/><W119/><G119/><T93/><D2/><U39/><E124/><N who="0" m="47721" /><D10/><U11/><E39/><V45/><F95/><N who="0" m="36426" /><D100/><U24/><E11/><V108/><F108/><W85/><G127/><T52/><D52/><U78/><REACH who="1" step="1"/><E50/><REACH who="1" ten="207,235,233,315" step="2"/><V5/><F43/><W16/><G105/><T134/><D134/><U32/><E32/><V130/><F130/><W42/><G35/><T128/><D128/><U3/><E3/><V13/><F5/><W98/><G135/><T113/><D113/><U22/><E22/><V111/><F111/><W129/><G106/><T115/><D115/><U36/><E36/><V69/><F69/><AGARI ba="0,1" hai="18,20,24,27,30,34,56,62,67,68,69,78,81,87" machi="69" ten="40,2600,0" yaku="1,1,52,1,53,0" doraHai="59" doraHaiUra="110" who="1" fromWho="2" sc="207,0,235,36,233,-26,315,0" /><INIT seed="3,0,0,0,0,37" ten="207,271,207,315" oya="3" hai0="3,32,104,15,12,45,132,0,115,73,79,20,26" hai1="105,2,85,40,51,29,18,76,8,27,109,23,4" hai2="98,57,106,95,131,133,7,90,35,108,19,14,69" hai3="71,123,126,30,77,61,112,103,110,102,9,74,55"/><W107/><G112/><T70/><D70/><U100/><E109/><V81/><F108/><W54/><G123/><T75/><D104/><U67/><E67/><V125/><F125/><W89/><G126/><T21/><D115/><U118/><E118/><V58/><F133/><W101/><G9/><T36/><D132/><U24/><E105/><V111/><F111/><W121/><G89/><T99/><D32/><U91/><E100/><N who="3" m="38506" /><G77/><T127/><D127/><U62/><E62/><V41/><F131/><W59/><G74/><T38/><D79/><U129/><E129/><V82/><F106/><W96/><G59/><N who="2" m="22537" /><F69/><W88/><G88/><T128/><D128/><U68/><E68/><V122/><F122/><W117/><G117/><T31/><D31/><U135/><E135/><V1/><F35/><W34/><G110/><T63/><D63/><U17/><E76/><V53/><F1/><W93/><G93/><T65/><D65/><U13/><E27/><V120/><F120/><W11/><G11/><T114/><D114/><U52/><E2/><V87/><F7/><W50/><G121/><T48/><D26/><U5/><E5/><V124/><F124/><W25/><G50/><T49/><D99/><U72/><E72/><V39/><F98/><W46/><G71/><T42/><D45/><N who="1" m="26023" /><E52/><N who="3" m="20010" /><G46/><T92/><D92/><AGARI ba="0,0" hai="4,8,13,17,18,23,24,29,85,91,92" m="26023" machi="92" ten="30,2000,0" yaku="8,1,52,1" doraHai="37" who="1" fromWho="0" sc="207,-20,271,20,207,0,315,0" owari="187,-31.0,291,9.0,207,-19.0,315,41.0" /></mjloggm>