<mjloggm ver="2.3"><GO type="169" lobby="0"/><UN n0="%E3%82%A6%E3%83%AB%E3%83%88%E3%83%A9%E7%AB%8B%E7%9B%B4" n1="%E7%AB%8B%E8%8F%AF%E5%A5%8F" n2="%73%5F%6F%6B" n3="%6A%75%6D%70%2D%75%70" dan="17,17,16,17" rate="2199.86,2202.87,2102.60,2162.47" sx="M,F,M,M"/><TAIKYOKU oya="0"/><INIT seed="0,0,0,4,3,92" ten="250,250,250,250" oya="0" hai0="69,127,42,100,8,119,79,99,73,107,16,120,56" hai1="113,111,26,93,87,101,2,5,11,67,35,30,22" hai2="20,7,31,37,55,50,48,23,86,74,106,17,131" hai3="123,38,33,102,83,65,115,82,19,75,80,59,95"/><T76/><D69/><U71/><E111/><V130/><F74/><W21/><G115/><T85/><D120/><U125/><E125/><V94/><F37/><W58/><G38/><T14/><D119/><U117/><E117/><V133/><F106/><W51/><G33/><T61/><D127/><U57/><E113/><V103/><F7/><W104/><G104/><T118/><D118/><U129/><E129/><V90/><F50/><W114/><G75/><T25/><D73/><U3/><E71/><V39/><F39/><W134/><G134/><T77/><D42/><U45/><E45/><V121/><F121/><W34/><G34/><T128/><D128/><U52/><E67/><V47/><F133/><W81/><N who="3" m="20992" /><DORA hai="49" /><W64/><G114/><T70/><D70/><U29/><E35/><V0/><F0/><W135/><G135/><T41/><D41/><U122/><E122/><V109/><F109/><W78/><G78/><T98/><D85/><U60/><E2/><V24/><REACH who="2" step="1"/><F103/><REACH who="2" ten="250,250,240,250" step="2"/><W126/><G126/><T44/><D100/><U88/><REACH who="1" step="1"/><E101/><REACH who="1" ten="250,240,240,250" step="2"/><V105/><F105/><W62/><G102/><T108/><D107/><U6/><E6/><V112/><F112/><W40/><G123/><T27/><D108/><U97/><E97/><N who="0" m="36873" /><D44/><U13/><E13/><AGARI ba="0,2" hai="13,17,20,23,24,31,47,48,55,86,90,94,130,131" machi="13" ten="40,2600,0" yaku="1,1,52,1,53,0" doraHai="92,49" doraHaiUra="36,1" who="2" fromWho="1" sc="250,0,240,-26,240,46,250,0" /><INIT seed="1,0,0,4,1,45" ten="250,214,286,250" oya="1" hai0="84,25,35,2,108,24,104,118,131,47,17,88,78" hai1="120,133,98,73,30,51,14,81,29,53,94,117,38" hai2="101,74,8,95,67,132,36,68,82,55,3,129,113" hai3="32,102,115,71,75,130,5,37,33,27,13,31,90"/><U19/><E117/><V109/><F55/><W54/><G130/><T124/><D118/><U69/><E120/><V111/><F95/><W10/><G115/><T123/><D104/><U80/><E38/><V41/><F101/><W99/><G71/><T119/><D2/><U86/><E73/><V106/><F106/><W39/><G75/><T97/><D119/><U48/><E69/><V9/><F9/><W44/><G33/><T91/><D78/><U26/><E133/><V93/><F93/><W65/><G90/><T21/><D124/><U58/><E26/><V70/><F129/><W52/><G65/><T6/><D131/><U77/><E80/><V61/><F70/><W63/><G63/><T4/><D108/><U60/><E29/><V62/><F61/><W59/><G59/><T0/><D0/><U42/><E30/><V22/><F22/><W15/><G15/><T103/><D35/><U107/><E107/><V92/><F92/><W40/><REACH who="3" step="1"/><G39/><REACH who="3" ten="250,214,286,240" step="2"/><T127/><D91/><N who="1" m="55647" /><E42/><V105/><F113/><W89/><G89/><T116/><D88/><U134/><E134/><V87/><F132/><W72/><G72/><T1/><D116/><U85/><E85/><V16/><F87/><W49/><G49/><T20/><D84/><U7/><E7/><V128/><F128/><W83/><G83/><T112/><D6/><U46/><E46/><V125/><F82/><W100/><G100/><T121/><D47/><U12/><E12/><V114/><F74/><W122/><G122/><N who="0" m="46603" /><D103/><U43/><E43/><V50/><F41/><W34/><G34/><T11/><D112/><RYUUKYOKU ba="0,1" sc="250,-15,214,15,286,-15,240,15" hai1="14,19,48,51,53,58,60,77,81,86" hai3="5,10,13,27,31,32,37,40,44,52,54,99,102" /><INIT seed="1,1,1,4,2,92" ten="235,229,271,255" oya="1" hai0="109,132,127,65,21,95,11,85,7,19,74,24,128" hai1="129,82,1,4,47,104,34,112,107,69,90,123,44" hai2="49,93,111,84,117,103,66,116,124,42,89,100,81" hai3="80,83,130,118,70,26,99,39,43,3,102,98,28"/><U59/><E112/><V121/><F66/><W35/><G70/><T126/><D74/><U30/><E69/><V72/><F42/><W14/><G3/><T12/><D65/><U96/><E123/><V52/><F121/><W18/><G118/><T36/><D36/><U67/><E129/><V50/><F50/><W75/><G130/><T79/><D128/><U2/><E34/><V10/><F111/><W71/><G71/><T0/><D109/><U122/><E30/><V114/><F124/><N who="0" m="47658" /><D132/><U8/><E122/><V32/><F32/><W55/><G102/><T86/><D79/><U134/><E134/><V5/><F114/><W31/><G31/><N who="0" m="17807" /><D95/><U61/><E1/><V29/><F29/><W27/><G27/><T25/><D25/><U37/><E37/><V9/><F72/><W108/><G108/><T6/><D6/><U120/><E120/><V87/><F117/><W63/><G43/><T53/><D53/><U110/><E110/><V40/><F40/><W88/><G80/><T64/><D64/><U106/><REACH who="1" step="1"/><E82/><REACH who="1" ten="235,219,271,255" step="2"/><V77/><F116/><W73/><G39/><T105/><D0/><U48/><E48/><V20/><F49/><W16/><G35/><T45/><D45/><U115/><E115/><V15/><F81/><W97/><G28/><T13/><D105/><U94/><AGARI ba="1,2" hai="2,4,8,44,47,59,61,67,90,94,96,104,106,107" machi="94" ten="40,7800,0" yaku="1,1,0,1,52,1,53,0" doraHai="92" doraHaiUra="133" who="1" fromWho="1" sc="235,-27,219,101,271,-27,255,-27" /><INIT seed="1,2,0,4,2,118" ten="208,320,244,228" oya="1" hai0="11,77,58,115,12,67,63,96,5,86,61,111,127" hai1="93,50,65,75,44,107,32,6,126,10,55,13,35" hai2="104,106,89,4,124,123,16,130,3,131,114,54,81" hai3="66,27,135,39,74,41,49,109,88,100,18,76,20"/><U14/><E107/><V120/><F124/><W125/><G39/><T128/><D115/><U46/><E126/><V24/><F114/><W52/><G125/><T62/><D127/><U78/><E65/><V105/><F54/><W79/><G109/><T2/><D111/><U0/><E93/><V1/><F89/><W98/><G74/><T19/><D128/><N who="2" m="49194" /><F81/><W84/><G41/><T48/><D96/><U25/><E44/><V101/><F101/><W40/><G40/><T29/><D29/><U43/><E55/><V69/><F69/><W112/><G66/><T56/><D48/><U68/><E68/><V15/><F24/><W30/><G30/><T57/><D67/><U37/><E50/><V133/><F133/><W91/><G135/><T132/><D132/><U38/><E38/><V102/><F102/><W71/><G71/><T83/><REACH who="0" step="1"/><D2/><REACH who="0" ten="198,320,244,228" step="2"/><N who="2" m="522" /><F4/><AGARI ba="2,1" hai="4,5,11,12,19,56,57,58,61,62,63,77,83,86" machi="4" ten="40,2600,0" yaku="1,1,8,1,53,0" doraHai="118" doraHaiUra="119" who="0" fromWho="2" sc="198,42,320,0,244,-32,228,0" /><INIT seed="2,0,0,0,4,105" ten="240,320,212,228" oya="2" hai0="118,25,65,101,51,32,85,4,132,97,114,26,36" hai1="119,75,116,59,135,50,131,0,83,112,69,107,47" hai2="117,63,120,124,84,24,134,35,13,130,123,127,54" hai3="48,10,20,72,110,56,37,81,121,90,42,108,52"/><V40/><F117/><W76/><G121/><T23/><D36/><U17/><E131/><V78/><F40/><W30/><G90/><T21/><D118/><U49/><E135/><V9/><F63/><W95/><G95/><T115/><D32/><U102/><E69/><V14/><F54/><W44/><G10/><T106/><D132/><U41/><E112/><V45/><F45/><W133/><G133/><T3/><D65/><U70/><E70/><V11/><F78/><W7/><G7/><T93/><D4/><U46/><E0/><V38/><F84/><W86/><G86/><T111/><D3/><U129/><E129/><V91/><F91/><W5/><G5/><T128/><D85/><U82/><E59/><V19/><F38/><W1/><G1/><T68/><D93/><U125/><E102/><V39/><F39/><W96/><G96/><T77/><D68/><U60/><E60/><V79/><F79/><W29/><G20/><T33/><D77/><U53/><E107/><V16/><F134/><W22/><G22/><T34/><D128/><U88/><E88/><V100/><F100/><W99/><G99/><T2/><D2/><U64/><E64/><V92/><F92/><W66/><REACH who="3" step="1"/><G66/><REACH who="3" ten="240,320,212,218" step="2"/><T104/><D97/><U122/><E116/><V126/><F130/><W27/><G27/><T67/><D67/><U73/><E122/><V12/><F12/><W31/><AGARI ba="0,1" hai="29,30,31,37,42,44,48,52,56,72,76,81,108,110" machi="31" ten="30,8000,1" yaku="1,1,0,1,52,1,54,1,53,1" doraHai="105" doraHaiUra="71" who="3" fromWho="3" sc="240,-20,320,-20,212,-40,218,90" /><INIT seed="3,0,0,3,1,47" ten="220,300,172,308" oya="3" hai0="29,62,32,113,26,31,63,37,75,39,55,94,133" hai1="53,110,116,79,50,91,38,49,43,24,83,86,112" hai2="22,128,120,109,80,10,23,126,92,7,88,66,17" hai3="2,34,104,129,58,96,67,19,27,44,78,127,52"/><W9/><G129/><T15/><D75/><U35/><E110/><V3/><F109/><W99/><G127/><T105/><D105/><U106/><E112/><V48/><F126/><W70/><G44/><T68/><D113/><U42/><E106/><V121/><F128/><W103/><G78/><T20/><D133/><U69/><E69/><V18/><F66/><W45/><G45/><T89/><D63/><U135/><E38/><V25/><F80/><W118/><G96/><T122/><D122/><U65/><E65/><V125/><F125/><W54/><G118/><T60/><D62/><U108/><E108/><V107/><F107/><W90/><G54/><T87/><D29/><U61/><E135/><V57/><F57/><W81/><G67/><T33/><D68/><U124/><E124/><V115/><F115/><W12/><G2/><T6/><D33/><U30/><E116/><V8/><F8/><W101/><G101/><T40/><D40/><U16/><E61/><V21/><F48/><N who="3" m="30983" /><G70/><T4/><D39/><U73/><E16/><V98/><REACH who="2" step="1"/><F17/><REACH who="2" ten="220,300,162,308" step="2"/><W13/><G19/><T14/><D37/><U1/><E49/><V93/><F93/><W28/><G9/><T51/><D51/><U11/><E11/><V76/><F76/><W77/><G77/><T74/><D60/><U102/><E79/><V56/><F56/><W131/><G131/><T0/><D74/><U36/><E73/><V82/><F82/><W71/><G71/><T117/><D117/><U72/><E72/><V132/><F132/><W46/><G46/><T85/><D94/><U84/><E36/><RYUUKYOKU ba="0,1" sc="220,-15,300,-15,162,15,308,15" hai2="3,7,10,18,21,22,23,25,88,92,98,120,121" hai3="12,13,27,28,34,81,90,99,103,104" /><INIT seed="3,1,1,3,2,108" ten="205,285,177,323" oya="3" hai0="13,117,104,12,79,40,106,131,64,66,130,97,56" hai1="37,77,17,94,83,5,29,47,124,24,32,57,7" hai2="95,42,133,123,86,65,54,110,84,45,38,11,19" hai3="100,49,53,20,27,68,73,115,135,41,69,2,33"/><W76/><G115/><T109/><D56/><U129/><E129/><N who="0" m="49161" /><D117/><U72/><E124/><V34/><F110/><W10/><G135/><T3/><D3/><U125/><E125/><V91/><F34/><W48/><G41/><T74/><D109/><U44/><E17/><V63/><F133/><W46/><G33/><T114/><D97/><U85/><E57/><V62/><F123/><W0/><G48/><T116/><D116/><U90/><REACH who="1" step="1"/><E37/><REACH who="1" ten="205,275,177,323" step="2"/><V61/><F19/><W71/><G68/><T81/><D66/><U1/><E1/><V15/><F65/><W21/><G0/><T93/><D64/><U35/><E35/><V18/><F54/><W80/><G69/><T25/><D40/><U128/><E128/><V92/><F38/><W4/><G71/><T120/><D120/><U22/><E22/><V55/><F42/><W122/><G21/><T99/><D13/><U50/><E50/><N who="2" m="29135" /><F63/><W51/><G51/><T16/><D25/><U59/><E59/><V8/><F8/><W102/><G122/><T67/><D67/><U82/><E82/><V70/><F70/><W36/><G36/><T52/><D52/><U14/><E14/><V28/><F28/><AGARI ba="1,2" hai="2,4,10,20,27,28,46,49,53,73,76,80,100,102" machi="28" ten="30,1500,0" yaku="7,1" doraHai="108" who="3" fromWho="2" sc="205,0,275,0,177,-18,323,38" /><INIT seed="3,2,0,1,2,38" ten="205,275,159,361" oya="3" hai0="97,41,81,10,59,92,93,107,101,121,114,40,49" hai1="4,109,122,9,133,36,67,129,3,33,30,8,23" hai2="31,84,2,24,58,27,61,86,108,105,95,37,62" hai3="79,48,124,55,104,70,57,110,77,26,103,117,106"/><W13/><G117/><T126/><D121/><U12/><E67/><V0/><F105/><W75/><G124/><T50/><D126/><U25/><E36/><V60/><F37/><W22/><G70/><T112/><D81/><U80/><E80/><V5/><F108/><W28/><G110/><T127/><D127/><U20/><E109/><V118/><F118/><W64/><G75/><T115/><D10/><U45/><E45/><V128/><F128/><W99/><G104/><T83/><D83/><U68/><E68/><V89/><F84/><W74/><G74/><T82/><D82/><U46/><E46/><V119/><F119/><W52/><G64/><T131/><D131/><U51/><E51/><N who="0" m="19465" /><D59/><U132/><E129/><V73/><F73/><W11/><REACH who="3" step="1"/><G55/><REACH who="3" ten="205,275,159,351" step="2"/><T47/><D107/><U54/><E54/><V76/><F62/><W72/><G72/><T125/><D125/><U19/><REACH who="1" step="1"/><E122/><REACH who="1" ten="205,265,159,351" step="2"/><V34/><F60/><W7/><AGARI ba="2,2" hai="7,11,13,22,26,28,48,52,57,77,79,99,103,106" machi="7" ten="20,7800,0" yaku="1,1,0,1,7,1,54,1,53,0" doraHai="38" doraHaiUra="135" who="3" fromWho="3" sc="205,-28,265,-28,159,-28,351,104" /><INIT seed="3,3,0,0,0,126" ten="177,237,131,455" oya="3" hai0="133,31,14,100,72,37,6,32,97,36,60,2,56" hai1="35,103,102,0,59,83,105,49,45,57,46,20,107" hai2="127,125,114,27,76,38,98,55,51,110,24,124,19" hai3="112,116,90,25,117,22,9,3,43,30,93,63,74"/><W134/><G112/><T82/><D2/><U66/><E0/><V91/><F38/><W122/><G74/><T40/><D133/><U118/><E20/><V95/><F114/><W50/><G134/><T18/><D6/><U86/><E118/><V68/><F68/><W34/><G122/><T7/><D7/><U23/><E23/><V15/><F76/><W61/><G34/><T11/><D40/><U88/><E35/><V128/><F110/><W17/><G3/><T92/><D72/><U129/><E129/><V81/><F81/><W70/><G70/><T99/><D82/><U85/><E66/><V89/><F89/><W132/><G132/><T16/><D18/><U115/><E83/><V58/><REACH who="2" step="1"/><F128/><REACH who="2" ten="177,237,121,455" step="2"/><W5/><G116/><T10/><D37/><U101/><E101/><V106/><F106/><W131/><G131/><T54/><D36/><U123/><E115/><V113/><F113/><W29/><G117/><T67/><D99/><U13/><E123/><V108/><F108/><W62/><G90/><T94/><D94/><U8/><E88/><V109/><F109/><W121/><G93/><T65/><REACH who="0" step="1"/><D11/><AGARI ba="3,1" hai="11,15,19,24,27,51,55,58,91,95,98,124,125,127" machi="11" ten="40,2600,0" yaku="1,1,18,1,53,0" doraHai="126" doraHaiUra="78" who="2" fromWho="0" sc="177,-35,237,0,121,45,455,0" /><INIT seed="4,0,0,1,5,120" ten="142,237,166,455" oya="0" hai0="15,45,36,98,102,47,134,48,111,121,23,46,69" hai1="13,34,0,63,62,100,27,51,117,2,89,18,82" hai2="29,41,101,43,28,11,104,86,10,72,32,80,39" hai3="125,12,24,87,126,99,58,49,114,31,113,55,75"/><T116/><D121/><U68/><E117/><V118/><F72/><W5/><G75/><T52/><D116/><U135/><E135/><V132/><F132/><W91/><G99/><T1/><D1/><U61/><E68/><V40/><F39/><W81/><G12/><T65/><D134/><U88/><E100/><V83/><F104/><W124/><G5/><T109/><D36/><U131/><E131/><V105/><F105/><W119/><G119/><T77/><D77/><U84/><E89/><V9/><F101/><W129/><G129/><T94/><D65/><U74/><E74/><V35/><F118/><W19/><G19/><N who="0" m="10751" /><D69/><U71/><E71/><V50/><F50/><W42/><G42/><T130/><D130/><U90/><E90/><V110/><F110/><AGARI ba="0,0" hai="45,46,47,48,52,94,98,102,109,110,111" m="10751" machi="110" ten="30,12000,1" yaku="10,1,52,3,54,1" doraHai="120" who="0" fromWho="2" sc="142,120,237,0,166,-120,455,0" /><INIT seed="4,1,0,5,0,19" ten="262,237,46,455" oya="0" hai0="87,73,15,25,21,89,16,3,17,133,91,80,61" hai1="35,75,7,120,90,8,66,126,131,70,24,18,88" hai2="12,28,94,4,22,132,6,33,84,47,104,113,102" hai3="23,46,81,114,98,103,117,38,26,78,97,67,41"/><T49/><D3/><U57/><E120/><V128/><F104/><W60/><G114/><T36/><D36/><U106/><E70/><V58/><F113/><W83/><G117/><T50/><D73/><U45/><E106/><V135/><F33/><W2/><G2/><T115/><D115/><U53/><E75/><V34/><F34/><W85/><G81/><T31/><D133/><N who="2" m="51274" /><F47/><W125/><G125/><T96/><D61/><U119/><E126/><V107/><F107/><W130/><G130/><T30/><D17/><U32/><E131/><V100/><F58/><W127/><G103/><N who="2" m="39465" /><F128/><W93/><G93/><N who="0" m="56383" /><D31/><U9/><E119/><V69/><F69/><W54/><G54/><T99/><D99/><U55/><E66/><V95/><F84/><W82/><G82/><T10/><AGARI ba="1,0" hai="10,15,16,21,25,30,49,50,80,87,89" m="56383" machi="10" ten="30,6000,0" yaku="8,1,52,1,54,1" doraHai="19" who="0" fromWho="0" sc="262,63,237,-21,46,-21,455,-21" /><INIT seed="4,2,0,3,4,43" ten="325,216,25,434" oya="0" hai0="4,97,71,105,14,56,23,37,41,126,11,39,119" hai1="72,123,20,25,75,35,80,70,104,93,116,125,27" hai2="33,106,10,62,24,86,99,98,36,103,110,46,85" hai3="12,117,130,44,31,92,29,22,134,69,111,81,133"/><T67/><D119/><U0/><E116/><V95/><F110/><W32/><G69/><T21/><D71/><U30/><E104/><V59/><F10/><W38/><G32/><T101/><D126/><U9/><E125/><V49/><F36/><W16/><G111/><T45/><REACH who="0" step="1"/><D39/><REACH who="0" ten="315,216,25,434" step="2"/><U102/><E70/><V96/><F33/><W108/><G117/><T113/><D113/><U55/><E35/><V79/><F24/><W132/><G108/><T40/><D40/><U100/><E27/><V90/><F79/><W84/><G130/><T78/><D78/><U5/><E25/><V122/><F122/><W115/><G115/><T109/><D109/><U60/><E123/><V8/><F8/><W64/><G132/><T7/><D7/><U48/><E9/><V15/><F15/><W131/><G133/><T58/><D58/><U57/><E57/><V61/><F99/><W128/><G134/><T6/><D6/><U68/><E68/><V112/><F112/><W18/><G131/><T54/><D54/><U73/><E55/><V28/><F28/><W77/><G128/><T114/><D114/><U19/><E5/><V13/><F13/><W82/><G31/><T53/><D53/><U121/><E30/><V89/><F59/><W63/><G29/><T74/><D74/><U34/><E72/><V124/><F124/><W65/><G12/><T83/><D83/><U107/><E73/><V88/><F96/><W87/><G77/><T76/><D76/><U51/><E75/><V66/><F66/><W42/><G65/><T50/><D50/><U127/><E121/><RYUUKYOKU ba="2,1" sc="315,30,216,-10,25,-10,434,-10" hai0="4,11,14,21,23,37,41,45,56,67,97,101,105" /><INIT seed="4,3,1,1,2,80" ten="345,206,15,424" oya="0" hai0="79,40,35,120,57,23,87,18,86,102,10,81,11" hai1="123,61,28,55,69,21,37,88,112,119,126,22,130" hai2="0,38,127,30,24,5,135,128,124,110,25,95,52" hai3="54,65,108,42,94,115,43,1,9,8,19,103,125"/><T13/><D35/><U98/><E119/><V51/><F110/><W101/><G108/><T75/><D120/><U31/><E123/><V14/><F38/><W133/><G133/><T44/><D102/><U76/><E37/><V34/><F135/><W100/><G125/><N who="2" m="48201" /><F128/><W2/><G115/><T104/><D104/><U50/><E126/><V78/><F78/><W114/><G114/><T32/><D32/><U6/><E112/><V89/><F0/><W41/><G65/><T64/><D64/><U99/><E130/><V63/><F63/><W109/><G109/><T134/><D57/><U85/><E6/><V92/><F24/><W106/><G106/><T39/><D134/><U73/><E73/><V56/><F89/><W70/><G70/><T90/><D75/><U17/><E76/><V77/><F77/><W66/><G66/><T27/><REACH who="0" step="1"/><D27/><REACH who="0" ten="335,206,15,424" step="2"/><N who="1" m="14767" /><E69/><V113/><F113/><W117/><G100/><T97/><D97/><N who="1" m="36875" /><E61/><V59/><F59/><W26/><G101/><T96/><D96/><U29/><E22/><V105/><F105/><W84/><G103/><T16/><D16/><U48/><E55/><V83/><F52/><W4/><G54/><T132/><D132/><U67/><E67/><V68/><F56/><W53/><G53/><T116/><D116/><U3/><E3/><V49/><F68/><W122/><G117/><T58/><D58/><U131/><E131/><V118/><F118/><W71/><G122/><T36/><D36/><U72/><E72/><V93/><F51/><W82/><G71/><T33/><D33/><U111/><E111/><V20/><F49/><RYUUKYOKU ba="3,2" sc="335,15,206,15,15,-15,424,-15" hai0="10,11,13,18,23,39,40,44,79,81,86,87,90" hai1="28,29,31,48,50,85,88" /><INIT seed="4,4,2,0,3,79" ten="350,221,0,409" oya="0" hai0="37,25,17,86,71,49,112,31,108,72,76,90,70" hai1="80,116,39,60,51,44,4,5,129,97,120,133,99" hai2="119,10,30,67,124,13,74,12,57,127,73,28,56" hai3="100,75,65,2,1,52,46,34,123,83,95,98,66"/><T91/><D37/><U36/><E116/><V64/><F10/><W110/><G110/><T32/><D108/><U61/><E120/><V96/><F96/><W18/><G34/><T82/><D112/><U126/><E44/><V94/><F94/><W59/><G2/><T58/><D17/><U68/><E51/><V88/><F119/><W111/><G1/><T42/><D91/><AGARI ba="4,2" hai="12,13,28,30,56,57,64,67,73,74,88,91,124,127" machi="91" ten="25,3200,0" yaku="22,2,54,1" doraHai="79" who="2" fromWho="0" sc="350,-44,221,0,0,64,409,0" /><INIT seed="5,0,0,1,3,11" ten="306,221,64,409" oya="1" hai0="87,123,127,28,89,42,84,118,26,48,69,43,47" hai1="32,4,33,29,115,94,6,116,40,76,67,95,20" hai2="53,37,56,88,92,71,78,101,106,90,19,34,98" hai3="102,122,99,1,27,119,0,108,39,57,81,114,91"/><U128/><E116/><V61/><F37/><W50/><G108/><T36/><D69/><U75/><E115/><V135/><F135/><W21/><G39/><T3/><D3/><U41/><E128/><V93/><F34/><W10/><G122/><T13/><D118/><U100/><E67/><V97/><F71/><W121/><G114/><T55/><D123/><U64/><E64/><V14/><F78/><W17/><G119/><T111/><D127/><U16/><E75/><V105/><REACH who="2" step="1"/><F101/><REACH who="2" ten="306,221,54,409" step="2"/><W25/><G102/><T70/><D70/><U85/><E100/><V124/><F124/><W104/><G121/><T125/><D125/><U63/><E33/><V5/><F5/><W9/><G1/><T58/><D36/><U117/><E4/><V44/><F44/><W133/><G0/><T54/><D111/><U107/><E6/><V59/><F59/><W35/><G57/><T23/><D58/><U73/><E32/><V45/><F45/><W49/><G133/><T62/><D47/><U109/><E76/><V79/><F79/><W38/><G38/><T96/><D43/><U80/><E109/><V134/><F134/><W132/><G132/><T65/><D42/><U83/><E40/><V72/><F72/><W110/><G35/><T30/><D48/><U103/><E41/><V74/><F74/><W77/><G50/><T51/><D51/><U120/><E103/><V113/><F113/><W129/><G49/><T15/><D62/><U7/><E63/><V82/><F82/><N who="1" m="31273" /><E73/><V60/><F60/><W126/><G126/><T130/><D130/><U31/><E120/><RYUUKYOKU ba="0,1" sc="306,-10,221,-10,54,30,409,-10" hai2="14,19,53,56,61,88,90,92,93,97,98,105,106" /><INIT seed="6,1,1,4,4,12" ten="296,211,84,399" oya="2" hai0="63,4,114,24,47,112,30,57,19,84,86,108,65" hai1="129,98,135,72,28,31,2,102,40,54,82,131,64" hai2="132,51,6,122,101,92,93,46,118,56,94,41,13" hai3="91,49,26,119,105,53,87,95,134,120,36,89,121"/><V88/><F122/><W97/><G119/><T39/><D4/><U25/><E2/><V55/><F118/><W5/><G36/><T15/><D108/><U17/><E135/><V124/><F132/><W16/><G134/><T90/><D47/><U35/><E40/><V133/><F133/><W59/><G5/><T45/><D45/><U74/><E31/><V107/><F124/><W106/><G106/><T76/><D76/><U1/><E1/><V18/><F107/><W100/><G91/><T83/><D86/><U115/><E115/><V60/><F101/><W80/><G80/><T117/><D39/><U58/><E64/><V78/><F78/><W43/><G43/><T126/><D126/><U29/><E29/><V0/><F0/><W73/><G73/><T38/><D38/><U10/><E82/><V71/><F71/><W8/><G8/><T116/><D116/><U68/><E68/><V77/><F77/><W14/><G14/><T48/><D117/><U113/><E113/><V79/><F79/><W123/><G123/><T7/><D7/><U69/><E69/><V130/><F130/><N who="1" m="49673" /><E98/><N who="2" m="57607" /><F6/><W96/><G96/><T75/><D75/><U66/><E102/><V3/><F3/><W128/><G128/><T67/><D114/><U81/><E81/><V125/><F125/><W104/><G104/><T22/><D112/><U99/><E99/><V33/><F33/><W32/><G32/><N who="0" m="20551" /><D67/><U23/><E66/><V20/><AGARI ba="1,1" hai="13,18,20,41,46,51,55,56,60,93,94" m="57607" machi="20" ten="30,6000,0" yaku="8,1,52,1,54,1" doraHai="12" who="2" fromWho="2" sc="296,-21,211,-21,84,73,399,-21" /><INIT seed="6,2,0,1,2,59" ten="275,190,157,378" oya="2" hai0="8,88,47,55,101,52,18,32,99,75,131,66,20" hai1="64,39,61,29,116,95,68,98,90,44,38,93,6" hai2="37,128,87,1,36,89,86,107,65,103,9,30,108" hai3="109,15,13,50,124,85,35,104,33,135,53,49,3"/><V51/><F108/><W114/><G104/><T71/><D32/><U127/><E127/><V70/><F30/><W41/><G3/><T40/><D75/><U82/><E116/><V123/><F123/><W62/><G124/><T48/><D8/><U121/><E121/><V57/><F87/><W19/><G135/><T42/><D71/><U133/><E133/><V134/><F134/><W69/><G114/><T94/><D66/><U7/><E29/><V14/><F1/><W45/><G15/><T77/><D77/><U25/><E25/><V76/><F76/><W27/><G27/><N who="0" m="14743" /><D131/><U125/><E125/><V10/><F128/><W4/><G4/><T118/><D118/><U5/><E82/><N who="2" m="49367" /><F9/><W97/><G97/><T119/><D119/><U96/><REACH who="1" step="1"/><E44/><REACH who="1" ten="275,180,157,378" step="2"/><V106/><F106/><W43/><G45/><T0/><D47/><U120/><E120/><V11/><F107/><W23/><G109/><T34/><D34/><U129/><E129/><V63/><F37/><W92/><G35/><T113/><D113/><U17/><E17/><V28/><F28/><W111/><G19/><T115/><D115/><U74/><E74/><V60/><F36/><W126/><G33/><T79/><D94/><U122/><E122/><V16/><F16/><W73/><G92/><T78/><D0/><U100/><AGARI ba="2,1" hai="5,6,7,38,39,61,64,68,90,93,95,96,98,100" machi="100" ten="30,4000,0" yaku="1,1,0,1,52,1,53,0" doraHai="59" doraHaiUra="130" who="1" fromWho="1" sc="275,-12,180,56,157,-22,378,-12" /><INIT seed="7,0,0,0,0,14" ten="263,236,135,366" oya="3" hai0="72,131,2,65,77,29,42,4,126,27,22,85,71" hai1="104,97,25,103,110,51,39,21,127,15,87,60,69" hai2="119,129,33,113,17,32,80,111,16,123,18,63,102" hai3="117,37,118,9,84,105,90,101,0,132,45,43,20"/><W62/><G132/><T74/><D65/><U134/><E134/><V98/><F119/><W7/><G62/><T96/><D71/><U82/><E39/><V99/><F111/><W8/><G8/><T67/><D67/><U121/><E110/><V116/><F116/><W50/><G37/><T10/><D42/><U3/><E3/><V11/><F113/><W130/><G130/><T94/><D126/><U92/><E127/><V30/><F129/><W124/><G124/><T49/><D49/><U88/><E121/><V26/><F123/><W57/><G57/><T28/><D28/><U41/><E15/><V38/><F38/><W56/><G56/><T13/><D2/><U125/><E125/><V100/><F11/><W86/><G86/><T73/><D85/><U19/><E69/><V36/><F36/><W52/><G43/><T107/><D107/><U54/><E41/><V48/><F33/><W91/><G91/><T108/><D108/><U83/><E60/><V55/><F63/><W44/><G44/><AGARI ba="0,0" hai="19,21,25,44,51,54,82,83,87,88,92,97,103,104" machi="44" ten="30,3900,0" yaku="7,1,52,1,54,1" doraHai="14" who="1" fromWho="3" sc="263,0,236,39,135,0,366,-39" owari="263,-14.0,275,8.0,135,-36.0,327,42.0" /></mjloggm>