<mjloggm ver="2.3"><GO type="97" lobby="0"/><UN n0="%E3%81%BB%E3%81%A3%E3%81%BB%E3%81%A3%EF%BD%97" n1="%E3%83%88%E3%83%88%E3%83%AA%E5%85%88%E7%94%9F%31%39%E6%AD%B3" n2="%6A%69%6E%6B%61%69" n3="%E5%A4%AA%E9%99%BD%E3%81%AE%E8%A5%BF" dan="14,14,15,14" rate="1960.62,2016.05,1993.36,2030.75" sx="M,F,M,M"/><TAIKYOKU oya="0"/><INIT seed="0,0,0,3,2,120" ten="250,250,250,250" oya="0" hai0="15,57,128,105,5,3,60,52,18,74,12,14,67" hai1="28,76,75,51,41,118,115,66,31,58,109,48,111" hai2="20,11,85,54,104,133,129,55,10,9,8,53,92" hai3="2,69,123,7,107,98,6,112,68,90,106,4,113"/><T63/><D128/><U47/><E118/><V23/><F104/><N who="3" m="39979" /><G123/><T124/><D105/><U108/><E115/><N who="3" m="44106" /><G98/><T35/><D124/><U125/><E125/><V89/><F129/><W26/><G26/><T114/><D114/><U102/><E102/><V50/><F133/><W42/><G90/><T70/><D35/><U64/><E76/><V19/><REACH who="2" step="1"/><F50/><REACH who="2" ten="250,250,240,250" step="2"/><N who="1" m="18985" /><E75/><V97/><F97/><W93/><G42/><T59/><D74/><U44/><E41/><V110/><F110/><W95/><G2/><T82/><D3/><U100/><E100/><V84/><F84/><W45/><G45/><N who="1" m="17482" /><E58/><V65/><F65/><AGARI ba="0,1" hai="28,31,64,65,66,108,109,111" m="17482,18985" machi="65" ten="40,12000,2" yaku="28,2,14,1,52,3" doraHai="120" who="1" fromWho="2" sc="250,0,250,130,240,-120,250,0" /><INIT seed="1,0,0,1,1,87" ten="250,380,120,250" oya="1" hai0="6,27,25,78,35,57,8,102,110,133,44,107,0" hai1="84,31,92,70,3,134,43,93,89,115,10,122,62" hai2="49,129,75,109,111,13,52,58,130,100,42,47,67" hai3="33,11,112,86,108,18,126,34,85,72,7,114,9"/><U38/><E115/><N who="3" m="44074" /><G85/><T48/><D110/><N who="2" m="41994" /><F100/><W90/><G86/><T76/><D133/><U17/><E122/><V118/><F75/><W77/><G90/><T15/><D57/><U60/><E134/><V73/><F73/><W28/><G77/><T53/><D0/><U101/><E70/><V105/><F13/><N who="3" m="7471" /><G72/><T65/><D65/><U132/><E132/><V98/><F98/><W88/><G88/><T59/><D35/><N who="3" m="13321" /><G108/><T131/><D102/><U81/><E43/><V46/><F105/><W97/><G97/><T99/><D99/><U12/><E38/><N who="2" m="21847" /><F118/><W56/><G56/><T41/><D107/><U121/><E101/><V80/><F80/><W135/><G28/><T26/><REACH who="0" step="1"/><D131/><REACH who="0" ten="240,380,120,250" step="2"/><N who="2" m="50186" /><F67/><W21/><G135/><T37/><AGARI ba="0,1" hai="6,8,15,25,26,27,37,41,44,48,53,59,76,78" machi="37" ten="30,2000,0" yaku="1,1,0,1,53,0" doraHai="87" doraHaiUra="95" who="0" fromWho="0" sc="240,30,380,-10,120,-5,250,-5" /><INIT seed="2,0,0,5,5,71" ten="270,370,115,245" oya="2" hai0="69,125,132,15,36,133,83,32,60,126,45,118,26" hai1="7,59,109,24,22,73,62,33,9,105,98,18,82" hai2="43,102,37,14,99,68,25,117,40,74,38,81,52" hai3="51,116,97,28,124,44,131,100,86,10,115,121,42"/><V55/><F81/><W2/><G116/><T21/><D83/><U58/><E109/><V108/><F74/><W120/><G131/><T13/><D32/><U23/><E33/><V39/><F117/><W3/><G124/><N who="0" m="47723" /><D118/><U30/><E59/><V57/><F68/><W53/><G115/><T75/><D75/><U112/><E112/><V35/><F108/><W122/><G28/><N who="0" m="17487" /><D69/><U63/><E58/><V11/><F25/><W101/><G53/><T54/><D60/><U106/><E82/><V95/><F35/><W123/><N who="3" m="31232" /><DORA hai="128" /><W91/><G10/><T76/><D76/><U113/><E73/><V119/><F119/><W107/><REACH who="3" step="1"/><G101/><REACH who="3" ten="270,370,115,235" step="2"/><T127/><D127/><U56/><E9/><V20/><F20/><W66/><G66/><T79/><D79/><U85/><E23/><V78/><F78/><W41/><G41/><N who="0" m="22695" /><D54/><U31/><E113/><V130/><F130/><W17/><G17/><T134/><AGARI ba="0,1" hai="13,15,132,133,134" m="22695,17487,47723" machi="134" ten="40,12000,2" yaku="20,1,18,1,52,4" doraHai="71,128" who="0" fromWho="0" sc="270,130,370,-30,115,-60,235,-30" /><INIT seed="3,0,0,5,4,53" ten="400,340,55,205" oya="3" hai0="52,76,70,112,71,92,135,79,126,4,89,34,94" hai1="17,80,75,46,48,1,107,72,95,134,77,106,110" hai2="7,36,125,121,10,21,88,86,59,8,18,62,47" hai3="101,97,64,66,100,132,82,122,15,20,40,60,81"/><W50/><G122/><T104/><D104/><U130/><E1/><V108/><F108/><W38/><G38/><T91/><D34/><U33/><E33/><V35/><F121/><W12/><G132/><T117/><D4/><U133/><E17/><V83/><F125/><W127/><G127/><T39/><D126/><U14/><E14/><V73/><F35/><W78/><G50/><T2/><D2/><U45/><E48/><V24/><F73/><W49/><G49/><T113/><D39/><U93/><E110/><V31/><F31/><W119/><G119/><T41/><D41/><U74/><E45/><V105/><F105/><N who="1" m="39945" /><E46/><V103/><F103/><W57/><G40/><T85/><D52/><U123/><E130/><V19/><F36/><W37/><G37/><T65/><D65/><U23/><E23/><V114/><F114/><N who="0" m="44138" /><D135/><N who="1" m="51723" /><E123/><V124/><F124/><W3/><G3/><T28/><D28/><U118/><E118/><V5/><F47/><W29/><G66/><T61/><D117/><U43/><E43/><V111/><F111/><W98/><G101/><T25/><D25/><U0/><E0/><V51/><F51/><W30/><G100/><T90/><D61/><U120/><E120/><V27/><F10/><W11/><G11/><T109/><D109/><U6/><E6/><V115/><F115/><W69/><G30/><T55/><D55/><U102/><E102/><V44/><F44/><W129/><G29/><T32/><D32/><U84/><AGARI ba="0,0" hai="72,74,75,77,80,84,93,95" m="51723,39945" machi="84" ten="40,5200,0" yaku="20,1,34,2" doraHai="53" who="1" fromWho="1" sc="400,-13,340,52,55,-13,205,-26" owari="387,19.0,392,49.0,42,-46.0,179,-22.0" /></mjloggm>