<mjloggm ver="2.3"><GO type="97" lobby="0"/><UN n0="%E6%B0%97%E3%83%AC%E3%83%B3%E3%82%B8%E3%83%A3%E3%83%BC" n1="%6D%6F%74%61%6D%6F%74%61" n2="%E5%B0%B1%E6%B4%BB%E7%94%9F%40%E5%B7%9D%E6%9D%91%E8%BB%8D%E5%9B%A3" n3="%6C%65%65" dan="13,14,15,14" rate="1906.28,1903.04,1958.56,1983.04" sx="M,M,M,F"/><TAIKYOKU oya="0"/><INIT seed="0,0,0,1,0,99" ten="250,250,250,250" oya="0" hai0="119,50,24,77,88,114,30,91,133,4,90,47,53" hai1="37,11,42,32,107,96,121,117,108,52,56,7,10" hai2="20,9,79,103,23,109,28,46,48,70,130,131,63" hai3="84,98,1,64,128,35,57,95,44,66,132,61,31"/><T68/><D119/><U112/><E121/><V27/><F79/><W89/><G132/><T40/><D114/><U97/><E117/><V58/><F109/><W13/><G1/><T39/><D68/><U33/><E108/><V111/><F111/><W118/><G118/><T129/><D133/><U102/><E112/><V116/><F70/><W18/><G128/><N who="2" m="49193" /><F116/><W105/><G44/><T73/><D4/><U2/><E11/><V60/><F103/><W29/><G35/><T25/><D129/><U69/><E69/><V85/><F85/><W113/><G113/><T82/><REACH who="0" step="1"/><D30/><REACH who="0" ten="240,250,250,250" step="2"/><U59/><E33/><V54/><F9/><W41/><G31/><T62/><D62/><N who="2" m="23594" /><F23/><W127/><G29/><T76/><D76/><U101/><E32/><V65/><F65/><W120/><G64/><T78/><D78/><U87/><E42/><V93/><F93/><W106/><G41/><T80/><D80/><U36/><E59/><AGARI ba="0,1" hai="20,27,28,46,48,54,58,59" m="23594,49193" machi="59" ten="30,1000,0" yaku="19,1" doraHai="99" who="2" fromWho="1" sc="240,0,250,-10,250,20,250,0" /><AGARI ba="0,0" hai="24,25,39,40,47,50,53,59,73,77,82,88,90,91" machi="59" ten="40,3900,0" yaku="1,1,54,1,53,0" doraHai="99" doraHaiUra="0" who="0" fromWho="1" sc="240,39,240,-39,270,0,250,0" /><INIT seed="0,1,0,1,4,109" ten="279,201,270,250" oya="0" hai0="17,52,122,77,86,91,20,32,26,48,115,99,110" hai1="76,98,67,41,95,30,53,111,71,56,80,25,116" hai2="5,117,112,83,121,63,18,24,132,85,65,49,47" hai3="93,135,87,33,39,6,59,101,61,64,104,88,75"/><T119/><D119/><U102/><E116/><V130/><F121/><W36/><G33/><T82/><D122/><U127/><E111/><V34/><F117/><W43/><G135/><T1/><D1/><U129/><E129/><V38/><F38/><W107/><G107/><T57/><D110/><U11/><E127/><V113/><F5/><W118/><G118/><T8/><D115/><U60/><E41/><V45/><F132/><W123/><G123/><T19/><D32/><U79/><E11/><V12/><F24/><W9/><G75/><T7/><D7/><U124/><E124/><V66/><F34/><W94/><G104/><T14/><REACH who="0" step="1"/><D99/><REACH who="0" ten="269,201,270,250" step="2"/><U114/><E114/><V4/><F4/><W120/><G120/><T72/><D72/><U105/><E71/><V97/><F97/><W106/><G106/><T29/><D29/><U126/><E126/><V100/><F113/><W133/><G133/><T128/><D128/><U50/><E105/><V96/><F112/><W42/><G6/><T37/><D37/><U3/><E3/><V131/><F130/><W90/><G36/><T22/><D22/><U134/><E134/><V16/><F131/><W0/><G39/><T23/><D23/><U103/><E98/><V78/><F96/><W28/><G0/><T54/><D54/><U62/><E53/><V58/><F100/><W15/><G101/><T89/><AGARI ba="1,1" hai="8,14,17,19,20,26,48,52,57,77,82,86,89,91" machi="89" ten="30,12000,1" yaku="1,1,0,1,8,1,54,1,53,1" doraHai="109" doraHaiUra="46" who="0" fromWho="0" sc="269,133,201,-41,270,-41,250,-41" /><INIT seed="0,2,0,0,3,109" ten="402,160,229,209" oya="0" hai0="88,40,77,50,12,36,61,13,63,93,90,114,58" hai1="22,19,133,118,37,113,130,60,116,112,103,52,57" hai2="59,68,54,42,73,78,43,84,9,56,10,8,34" hai3="35,51,107,79,14,81,99,94,76,71,62,87,98"/><T126/><D126/><U95/><E37/><V119/><F68/><W117/><G35/><T29/><D29/><U97/><E133/><V74/><F119/><W0/><G0/><T123/><D123/><U46/><E130/><V86/><F34/><W32/><G32/><T49/><D77/><U33/><E33/><V115/><F54/><W6/><G117/><T111/><D111/><U17/><E46/><V53/><F53/><W125/><G125/><T110/><D110/><U26/><E17/><V20/><F20/><W82/><G51/><T100/><D100/><U44/><E44/><V83/><F83/><W66/><G107/><T21/><D36/><U55/><E55/><V92/><F92/><W106/><G106/><T105/><D105/><U11/><E11/><V38/><F38/><W128/><G128/><T67/><D61/><U108/><E108/><V122/><F78/><W24/><G24/><T85/><D40/><N who="2" m="15402" /><F115/><AGARI ba="2,0" hai="19,22,26,52,57,60,95,97,103,112,113,115,116,118" machi="115" ten="40,8000,1" yaku="11,1,52,3,54,1" doraHai="109" who="1" fromWho="2" sc="402,0,160,86,229,-86,209,0" /><INIT seed="1,0,0,3,5,132" ten="402,246,143,209" oya="1" hai0="0,81,127,48,53,93,129,10,107,76,6,104,72" hai1="114,92,103,130,105,47,21,124,23,12,75,90,37" hai2="69,123,88,97,116,14,18,2,49,95,39,25,86" hai3="135,64,125,58,19,30,84,22,24,99,115,45,5"/><U40/><E114/><V106/><F2/><W126/><G115/><T98/><D129/><U85/><E75/><V33/><F39/><W94/><G135/><T38/><D38/><U70/><E130/><V68/><F123/><W91/><G5/><T73/><D73/><U31/><E70/><V100/><F116/><W15/><G45/><T26/><D26/><U89/><E124/><N who="3" m="47722" /><G58/><T51/><D127/><U120/><E120/><V7/><F7/><W27/><G64/><T62/><D62/><U20/><E90/><V134/><F134/><W35/><G27/><T46/><D48/><U71/><E71/><V128/><F128/><W9/><G99/><T80/><D80/><U117/><E117/><V11/><F33/><AGARI ba="0,0" hai="9,15,19,22,24,30,33,35,84,91,94" m="47722" machi="33" ten="30,7700,0" yaku="18,1,52,3" doraHai="132" who="3" fromWho="2" sc="402,0,246,0,143,-77,209,77" /><INIT seed="2,0,0,3,3,45" ten="402,246,66,286" oya="2" hai0="42,126,23,26,77,71,48,60,44,66,119,130,128" hai1="105,90,81,51,127,122,41,109,101,47,80,24,16" hai2="113,18,9,110,12,95,38,135,3,56,57,50,74" hai3="72,5,103,13,132,114,10,69,53,14,19,133,1"/><V68/><F38/><W75/><G69/><T29/><D126/><U7/><E127/><V4/><F74/><W37/><G37/><T33/><D119/><U102/><E109/><V87/><F68/><W55/><G114/><T97/><D77/><U17/><E105/><V27/><F113/><W22/><G103/><N who="1" m="39434" /><E122/><V112/><F112/><W39/><G39/><T104/><D23/><N who="1" m="13415" /><E7/><V96/><F110/><W79/><G1/><T63/><D63/><U49/><E17/><V28/><F135/><N who="3" m="51787" /><G79/><T11/><D11/><U106/><E106/><V84/><F3/><W85/><G85/><T20/><D20/><U89/><E41/><V99/><F4/><W88/><G88/><N who="1" m="33898" /><E47/><V94/><F94/><W83/><G83/><AGARI ba="0,0" hai="49,51,80,81,83" m="33898,13415,39434" machi="83" ten="30,8000,1" yaku="8,1,52,2,54,2" doraHai="45" who="1" fromWho="3" sc="402,0,246,80,66,0,286,-80" /><INIT seed="3,0,0,4,2,117" ten="402,326,66,206" oya="3" hai0="43,36,41,121,108,39,92,68,97,120,3,51,55" hai1="86,49,128,63,22,1,105,21,66,34,124,31,17" hai2="107,135,59,65,14,13,33,75,23,126,56,20,69" hai3="53,114,85,74,7,57,61,67,48,112,99,79,2"/><W29/><G74/><T132/><D3/><U9/><E105/><V103/><F65/><W93/><G29/><T6/><D6/><U82/><E128/><V24/><F24/><W101/><G2/><T78/><D78/><U25/><E124/><V70/><F103/><W129/><G7/><T8/><D8/><U72/><E72/><V30/><F75/><W115/><G129/><T95/><D68/><U106/><E106/><V52/><F107/><W40/><G40/><T18/><D18/><U89/><E49/><V26/><F126/><W104/><G104/><T133/><D97/><U19/><E1/><V35/><F30/><W10/><G10/><T28/><D28/><U37/><E37/><V90/><F26/><W130/><G130/><T88/><D51/><U109/><E109/><V64/><F64/><W119/><G119/><T46/><D55/><U110/><E110/><V0/><F0/><W100/><G85/><T15/><D108/><U76/><E9/><V44/><F44/><W71/><REACH who="3" step="1"/><G79/><REACH who="3" ten="402,326,66,196" step="2"/><T12/><D41/><U16/><E76/><V11/><F11/><W87/><G87/><T125/><D43/><U94/><E31/><V62/><F62/><W111/><G111/><T84/><D84/><U98/><E63/><V4/><F4/><W96/><G96/><T123/><D125/><U27/><E98/><V54/><REACH who="2" step="1"/><F135/><REACH who="2" ten="402,326,56,196" step="2"/><W60/><G60/><T38/><D133/><U58/><E34/><V127/><F127/><W113/><N who="3" m="29184" /><DORA hai="45" /><W81/><G81/><T83/><D132/><U77/><E82/><V32/><F32/><W116/><G116/><RYUUKYOKU ba="0,2" sc="402,-15,326,-15,56,15,196,15" hai2="13,14,20,23,33,35,52,54,56,59,69,70,90" hai3="48,53,57,61,67,71,93,99,100,101" /><INIT seed="3,1,2,5,4,97" ten="387,311,71,211" oya="3" hai0="121,43,49,2,29,40,19,105,126,89,74,85,102" hai1="34,135,71,123,124,18,3,23,115,114,7,50,77" hai2="55,6,113,31,35,5,13,70,54,99,53,69,108" hai3="119,120,20,56,92,12,96,39,15,42,101,132,64"/><W61/><G120/><T76/><D121/><U27/><E123/><V100/><F113/><W134/><G119/><T110/><D2/><U41/><E71/><V84/><F108/><W79/><G79/><T0/><D0/><U32/><E77/><V21/><F35/><W38/><G42/><T58/><D110/><U127/><E41/><V10/><F70/><W67/><G67/><T68/><D68/><U73/><E73/><V87/><F69/><W62/><G62/><T33/><D19/><U116/><E50/><V117/><F117/><W66/><G66/><T9/><D9/><U122/><E116/><V26/><REACH who="2" step="1"/><F6/><REACH who="2" ten="387,311,61,211" step="2"/><W17/><REACH who="3" step="1"/><G12/><REACH who="3" ten="387,311,61,201" step="2"/><T98/><D76/><U11/><E122/><V111/><F111/><W59/><G59/><T8/><D58/><U104/><E114/><V130/><F130/><W106/><G106/><AGARI ba="1,4" hai="5,10,13,21,26,31,53,54,55,84,87,99,100,106" machi="106" ten="40,2600,0" yaku="1,1,52,1,53,0" doraHai="97" doraHaiUra="133" who="2" fromWho="3" sc="387,0,311,0,61,69,201,-29" owari="387,49.0,311,11.0,130,-37.0,172,-23.0" /></mjloggm>