<mjloggm ver="2.3"><GO type="169" lobby="0"/><UN n0="%E5%B0%B1%E6%B4%BB%E7%94%9F%40%E5%B7%9D%E6%9D%91%E8%BB%8D%E5%9B%A3" n1="%6E%69%73%61%6E%67%61%72" n2="%E3%83%94%E3%82%AB%E5%90%BE%E9%83%8E" n3="%4C%69%6C%69%6D" dan="16,16,18,17" rate="2106.16,2082.97,2264.55,2137.35" sx="M,F,M,F"/><TAIKYOKU oya="0"/><INIT seed="0,0,0,5,4,46" ten="250,250,250,250" oya="0" hai0="109,35,135,120,116,98,12,27,114,122,17,73,102" hai1="108,82,10,106,37,80,48,43,95,103,105,8,54" hai2="87,79,13,60,50,110,65,14,86,129,133,45,44" hai3="29,130,101,76,2,83,22,55,16,90,0,69,112"/><T94/><D73/><U131/><E131/><V30/><F129/><W5/><G130/><T23/><D116/><U117/><E117/><V89/><F110/><W66/><G112/><T32/><D114/><U100/><E108/><V57/><F133/><W127/><G127/><T124/><D109/><U88/><E37/><V75/><F45/><W41/><G41/><T67/><D135/><U49/><E43/><V1/><F1/><W33/><G101/><T19/><D124/><U21/><E21/><V34/><F75/><W7/><G90/><T31/><D67/><U53/><E95/><V97/><F30/><W91/><G91/><AGARI ba="0,0" hai="8,10,48,49,53,54,80,82,88,91,100,103,105,106" machi="91" ten="25,8000,1" yaku="22,2,52,2,54,1" doraHai="46" who="1" fromWho="3" sc="250,0,250,80,250,0,250,-80" /><INIT seed="1,0,0,2,1,108" ten="250,330,250,170" oya="1" hai0="28,95,118,105,30,7,68,18,125,53,47,36,45" hai1="4,35,122,61,128,71,27,129,31,9,107,40,21" hai2="3,73,17,66,104,132,77,32,22,89,67,103,16" hai3="43,56,130,96,81,84,135,65,2,134,99,15,121"/><U52/><E107/><V49/><F32/><W6/><G2/><T83/><D105/><U92/><E122/><V85/><F3/><W29/><G121/><T80/><D68/><U117/><E117/><V127/><F127/><W112/><G112/><T114/><D114/><U39/><E92/><V111/><F111/><W120/><G120/><T62/><D7/><U123/><E123/><V94/><F17/><W1/><G1/><T115/><D115/><U19/><E40/><V57/><F132/><W23/><G43/><T102/><D36/><U63/><E39/><V26/><F49/><W90/><G130/><N who="1" m="50282" /><E71/><V20/><F57/><W133/><G6/><T100/><D95/><U98/><E98/><N who="2" m="61559" /><F22/><W86/><G86/><T5/><D125/><U126/><E126/><V50/><F50/><W60/><REACH who="3" step="1"/><G15/><REACH who="3" ten="250,330,250,160" step="2"/><T13/><D13/><N who="1" m="5287" /><E52/><V8/><F67/><W10/><G10/><T58/><D53/><U131/><E131/><V48/><F66/><W87/><G87/><T25/><D118/><U11/><E11/><V37/><F8/><W119/><G119/><T51/><D5/><U42/><E42/><V54/><F54/><W106/><G106/><T82/><D47/><U69/><E69/><V124/><F124/><W59/><G59/><T38/><D58/><U93/><E93/><V24/><F94/><W79/><G79/><T0/><D45/><U64/><E64/><V109/><F77/><W76/><G76/><T75/><D38/><U72/><E72/><V12/><F73/><W97/><G97/><T33/><D75/><U55/><E55/><V78/><F37/><RYUUKYOKU ba="0,1" sc="250,-15,330,15,250,-15,160,15" hai1="19,21,27,31,35,61,63" hai3="23,29,56,60,65,81,84,90,96,99,133,134,135" /><INIT seed="1,1,1,2,0,41" ten="235,345,235,175" oya="1" hai0="39,77,120,66,18,135,81,21,56,7,34,113,80" hai1="84,12,13,105,2,47,19,83,126,99,108,15,69" hai2="3,112,91,114,11,27,52,100,20,63,70,62,128" hai3="33,53,131,0,121,59,68,8,86,95,93,22,54"/><U76/><E69/><V16/><F128/><W130/><G33/><T125/><D34/><U44/><E2/><V124/><F100/><W1/><G121/><T48/><D113/><N who="2" m="43626" /><F124/><W133/><G68/><T107/><D107/><U36/><E36/><V132/><F132/><W115/><G115/><T102/><D39/><U119/><E119/><V6/><F70/><W23/><G133/><T74/><D135/><U101/><E126/><V117/><F117/><W87/><G59/><T42/><D102/><U35/><E35/><V122/><F122/><W116/><REACH who="3" step="1"/><G8/><REACH who="3" ten="235,345,235,165" step="2"/><T26/><D120/><U38/><E38/><V104/><F104/><W30/><G30/><T78/><D125/><U28/><E28/><V129/><F129/><W50/><G50/><T88/><D56/><U49/><E108/><V109/><F109/><W85/><G85/><T58/><D58/><U89/><E49/><V61/><F91/><W29/><G29/><T37/><D37/><U4/><E4/><V79/><F79/><W5/><G5/><T10/><D88/><U97/><E97/><V64/><F64/><W90/><G90/><T73/><D66/><U45/><REACH who="1" step="1"/><E89/><REACH who="1" ten="235,335,235,165" step="2"/><V40/><F6/><W9/><G9/><AGARI ba="1,3" hai="9,12,13,15,19,44,45,47,76,83,84,99,101,105" machi="9" ten="40,12000,1" yaku="1,1,2,1,52,3,53,0" doraHai="41" doraHaiUra="32" who="1" fromWho="3" sc="235,0,335,153,235,0,165,-123" /><INIT seed="1,2,0,4,3,23" ten="235,488,235,42" oya="1" hai0="7,73,91,126,65,2,68,131,38,80,61,70,48" hai1="86,96,82,74,1,120,20,58,129,6,79,21,3" hai2="118,105,119,54,109,64,112,78,90,103,30,116,17" hai3="135,60,97,77,52,29,123,99,117,14,62,102,13"/><U37/><E120/><V106/><F64/><W107/><G123/><T34/><D48/><U0/><E37/><V40/><F40/><W81/><G117/><T26/><D91/><U104/><E6/><V95/><F30/><W101/><G135/><T12/><D12/><U114/><E114/><V56/><F112/><W69/><G29/><T49/><D49/><U83/><E129/><V93/><F78/><W53/><G69/><T24/><D131/><U22/><E58/><V42/><F42/><W113/><G113/><T8/><D126/><U94/><E104/><V71/><F71/><W55/><G13/><T100/><D70/><U10/><E10/><V33/><F33/><W35/><G14/><T132/><D34/><U31/><E83/><V32/><F17/><W36/><G35/><T18/><D18/><U66/><E66/><V28/><F103/><W72/><REACH who="3" step="1"/><G36/><REACH who="3" ten="235,488,235,32" step="2"/><T47/><D132/><U57/><E31/><V122/><F122/><W50/><G50/><T115/><D115/><U124/><E124/><V43/><F28/><W16/><G16/><T133/><D133/><U41/><E3/><V5/><F118/><W51/><G51/><T46/><D38/><U44/><E0/><V63/><F116/><W87/><G87/><T134/><D134/><U108/><E86/><V88/><F119/><W92/><AGARI ba="2,1" hai="52,53,55,60,62,72,77,81,92,97,99,101,102,107" machi="92" ten="30,4000,0" yaku="1,1,0,1,54,1,53,0" doraHai="23" doraHaiUra="11" who="3" fromWho="3" sc="235,-12,488,-22,235,-12,32,56" /><INIT seed="2,0,0,4,3,93" ten="223,466,223,88" oya="2" hai0="72,112,18,58,91,54,135,32,99,97,129,45,20" hai1="0,2,37,67,63,131,30,40,3,125,39,44,88" hai2="19,130,31,69,87,85,25,10,83,50,59,29,28" hai3="102,4,70,128,122,71,5,61,9,6,78,65,77"/><V60/><F69/><W90/><G122/><T47/><D32/><U36/><E131/><V11/><F50/><W1/><G128/><T110/><D72/><U116/><E116/><V100/><F100/><W64/><G102/><T33/><D33/><U53/><E125/><V86/><F130/><W8/><G90/><T12/><D112/><U74/><E74/><V55/><F83/><W127/><G127/><T13/><D129/><U49/><E30/><V46/><F46/><N who="0" m="17418" /><D135/><U132/><E132/><V120/><F120/><W118/><G118/><T23/><D110/><U27/><E27/><V108/><F108/><W104/><G104/><T107/><D107/><U68/><E88/><V89/><F89/><W17/><G17/><N who="0" m="10279" /><D91/><U84/><E84/><V101/><F101/><W51/><G51/><AGARI ba="0,0" hai="13,18,23,51,54,58,97,99" m="10279,17418" machi="51" ten="30,3900,0" yaku="8,1,52,2" doraHai="93" who="0" fromWho="3" sc="223,39,466,0,223,0,88,-39" /><INIT seed="3,0,0,4,1,48" ten="262,466,223,49" oya="3" hai0="67,60,110,58,131,129,15,114,125,38,105,8,79" hai1="66,20,84,112,3,109,1,87,81,10,52,62,134" hai2="39,37,98,35,47,33,121,130,11,7,70,132,76" hai3="42,61,135,49,90,50,4,71,30,93,57,88,119"/><W86/><G119/><T25/><D105/><U28/><E112/><V120/><F70/><W75/><G75/><T24/><D38/><U17/><E134/><V16/><F76/><W43/><G135/><T21/><D110/><U116/><E116/><V40/><F39/><W55/><G71/><T127/><D79/><U100/><E100/><V97/><F132/><W26/><G4/><N who="0" m="3463" /><D114/><U2/><E109/><V5/><F130/><N who="0" m="49674" /><D25/><U41/><E41/><V36/><F40/><W96/><G43/><T94/><D94/><U89/><E28/><AGARI ba="0,0" hai="21,24,28,58,60,67,125,127" m="49674,3463" machi="28" ten="30,1000,0" yaku="19,1" doraHai="48" who="0" fromWho="1" sc="262,10,466,-10,223,0,49,0" /><INIT seed="4,0,0,1,5,125" ten="272,456,223,49" oya="0" hai0="55,70,72,11,51,114,68,107,78,19,126,100,49" hai1="132,32,44,61,3,67,6,119,115,36,74,16,47" hai2="80,116,73,45,57,10,7,26,75,83,133,5,66" hai3="46,104,96,28,99,2,87,81,105,42,95,60,106"/><T62/><D126/><U58/><E74/><V12/><F133/><W127/><G127/><T1/><D114/><U25/><E132/><V65/><F116/><W113/><G113/><T27/><D72/><U124/><E124/><V52/><F73/><W23/><G2/><T90/><D78/><U29/><E119/><V54/><F7/><W102/><G60/><T131/><D90/><U14/><E115/><V109/><F109/><W4/><G4/><T50/><D1/><U111/><E111/><V22/><F54/><W69/><G69/><T84/><D84/><U123/><E123/><V79/><F45/><W8/><G8/><T37/><D37/><U63/><E63/><V59/><F59/><W118/><G118/><T97/><D55/><U86/><E86/><V17/><REACH who="2" step="1"/><F83/><REACH who="2" ten="272,456,213,49" step="2"/><W48/><G28/><T135/><D135/><U93/><E44/><V120/><F120/><W15/><G15/><T9/><D68/><U33/><E47/><V88/><F88/><W76/><REACH who="3" step="1"/><G23/><REACH who="3" ten="272,456,213,39" step="2"/><N who="0" m="13823" /><D70/><U21/><E33/><V94/><F94/><W71/><G71/><T108/><D108/><U91/><E93/><V101/><F101/><AGARI ba="0,2" hai="42,46,48,76,81,87,95,96,99,101,102,104,105,106" machi="101" ten="30,2000,0" yaku="1,1,7,1,53,0" doraHai="125" doraHaiUra="18" who="3" fromWho="2" sc="272,0,456,0,213,-20,39,40" /><INIT seed="5,0,0,3,2,121" ten="272,456,193,79" oya="1" hai0="20,12,16,17,94,32,2,35,51,54,134,96,104" hai1="44,29,22,82,109,102,46,8,127,15,61,7,129" hai2="108,113,105,84,24,125,81,132,3,92,53,89,28" hai3="93,42,83,98,43,57,13,114,1,67,56,90,91"/><U62/><E129/><V95/><F3/><W39/><G1/><T100/><D2/><U69/><E127/><V14/><F105/><W5/><G114/><T45/><D134/><U79/><E102/><V107/><F107/><W135/><G135/><T86/><D17/><U76/><E76/><V133/><F95/><W52/><G67/><T73/><D73/><U99/><E99/><V126/><F14/><W64/><G64/><T18/><D18/><U27/><E109/><V41/><F41/><W110/><G110/><T9/><D20/><U4/><E4/><V21/><F108/><W87/><G57/><T55/><D55/><U33/><E69/><V0/><F0/><W115/><G115/><T72/><D72/><U65/><E65/><V75/><F53/><W85/><G98/><T131/><D131/><U77/><E77/><N who="2" m="44223" /><F113/><W50/><REACH who="3" step="1"/><G39/><REACH who="3" ten="272,456,193,69" step="2"/><T6/><D96/><U48/><E46/><V49/><F132/><W47/><G47/><T78/><D45/><U36/><E36/><V30/><F133/><W40/><G40/><T11/><D104/><U58/><E58/><V71/><F126/><W37/><G37/><T122/><D122/><U68/><E68/><V59/><F71/><W124/><G124/><T130/><D130/><U88/><E44/><V31/><F125/><W38/><G38/><T117/><D117/><U34/><E48/><V70/><F70/><W128/><G128/><T26/><D51/><U80/><E62/><V116/><F116/><W25/><G25/><T19/><D26/><U112/><E61/><V74/><F49/><W123/><G123/><RYUUKYOKU ba="0,1" sc="272,-10,456,-10,193,-10,69,30" hai3="5,13,42,43,50,52,56,83,85,87,90,91,93" /><INIT seed="6,1,1,5,0,120" ten="262,446,183,99" oya="2" hai0="132,24,40,97,30,20,54,101,96,10,17,16,126" hai1="51,87,83,75,128,112,99,11,47,133,4,98,9" hai2="29,130,122,1,90,116,33,123,135,109,108,113,68" hai3="7,39,36,111,82,34,106,88,6,41,21,53,52"/><V60/><F1/><W74/><G34/><T80/><D126/><U48/><E112/><V14/><F116/><W23/><G106/><T134/><D40/><U121/><E121/><V49/><F113/><W129/><G129/><T57/><D80/><U118/><E118/><V22/><F33/><W3/><G41/><T35/><D10/><U124/><E128/><V45/><F130/><W78/><G82/><T15/><D17/><U79/><E133/><N who="0" m="51305" /><D101/><U64/><E64/><N who="2" m="40967" /><F90/><W73/><G88/><T117/><D117/><U127/><E75/><V44/><F44/><W86/><G86/><T0/><D0/><U19/><E19/><N who="2" m="10615" /><F29/><W105/><G105/><T115/><D115/><U12/><E9/><V8/><F8/><W85/><G85/><T77/><D77/><U67/><E67/><V84/><F84/><W66/><G3/><T114/><D114/><U94/><E94/><V102/><F102/><W76/><G66/><T65/><D65/><U71/><E71/><V56/><F56/><W28/><G28/><T46/><D46/><U81/><E81/><V92/><F92/><W107/><G107/><T55/><D55/><U59/><E59/><V131/><F131/><W18/><G18/><T100/><D100/><U50/><E47/><V25/><F135/><W103/><G103/><T119/><D119/><U93/><E93/><V27/><F123/><W62/><G62/><AGARI ba="1,1" hai="15,16,20,24,30,35,54,57,62,96,97" m="51305" machi="62" ten="30,2000,0" yaku="20,1,54,1" doraHai="120" who="0" fromWho="3" sc="262,33,446,0,183,0,99,-23" /><INIT seed="7,0,0,4,2,40" ten="295,446,183,76" oya="3" hai0="15,21,64,81,34,48,88,28,1,57,108,43,17" hai1="100,79,126,39,25,11,41,115,106,18,16,73,60" hai2="97,9,133,38,44,62,59,83,22,67,90,31,20" hai3="119,27,65,84,86,63,82,49,76,66,10,33,4"/><W135/><G119/><T74/><D1/><U56/><E115/><V112/><F112/><W120/><G120/><T45/><D108/><U7/><E126/><V125/><F125/><W53/><G135/><T121/><D121/><U0/><E100/><V113/><F113/><W51/><G86/><N who="0" m="50255" /><D74/><U134/><E134/><V30/><F9/><W114/><G114/><T72/><D72/><U70/><E70/><V37/><F37/><W99/><G99/><T102/><D34/><U89/><E89/><V103/><F31/><W117/><G117/><T98/><D28/><U54/><E25/><V8/><F8/><W104/><G104/><T6/><D6/><U111/><E111/><V93/><F30/><W80/><G80/><T69/><D69/><U116/><E116/><V110/><F133/><W3/><G33/><T77/><D77/><U55/><E55/><V12/><F110/><W50/><REACH who="3" step="1"/><G27/><REACH who="3" ten="295,446,183,66" step="2"/><T132/><D132/><U24/><E24/><V131/><F83/><W94/><G94/><T129/><D129/><U46/><E106/><V105/><F131/><W107/><G107/><T68/><D98/><U127/><E127/><V124/><F124/><W35/><G35/><T71/><D102/><U123/><E123/><V92/><F105/><W47/><G47/><T122/><D122/><U91/><E91/><V130/><F130/><W75/><G75/><T23/><D45/><U29/><E73/><V95/><F93/><W32/><G32/><T109/><D109/><U96/><E96/><V87/><F97/><W42/><G42/><T85/><D43/><U101/><E41/><RYUUKYOKU ba="0,1" sc="295,-10,446,-10,183,-10,66,30" hai3="3,4,10,49,50,51,53,63,65,66,76,82,84" /><INIT seed="7,1,1,3,3,86" ten="285,436,173,96" oya="3" hai0="128,49,66,24,3,81,43,33,35,58,72,87,116" hai1="85,115,40,37,25,94,29,122,64,102,135,18,78" hai2="71,42,65,117,126,16,107,98,45,54,63,111,67" hai3="34,134,68,48,105,108,80,106,5,50,89,114,104"/><W83/><G34/><T91/><D3/><U6/><E6/><V125/><F111/><W84/><G108/><T1/><D1/><U12/><E122/><V133/><F67/><W2/><G68/><T73/><D128/><U31/><E115/><V93/><F107/><W61/><G114/><T21/><D116/><U79/><E135/><V26/><F54/><W74/><G61/><T121/><D121/><U7/><E7/><V59/><F59/><W130/><G130/><T53/><D43/><U14/><E64/><V75/><F75/><W46/><G134/><T19/><D66/><U30/><E37/><V95/><F133/><W28/><G28/><T110/><D110/><U13/><E40/><V38/><F117/><W62/><G62/><T119/><D119/><U56/><E56/><V36/><F38/><W131/><G131/><T129/><D129/><U22/><E102/><V96/><F96/><W44/><G5/><T132/><D132/><U99/><E99/><V76/><F76/><W127/><G127/><N who="2" m="48649" /><F98/><W90/><G2/><T123/><D123/><U41/><E41/><V70/><F70/><W69/><G69/><T60/><D60/><U97/><E97/><V20/><AGARI ba="1,1" hai="16,20,26,36,42,45,63,65,71,93,95" m="48649" machi="20" ten="30,2000,0" yaku="18,1,54,1" doraHai="86" who="2" fromWho="2" sc="285,-6,436,-6,173,33,96,-11" owari="279,8.0,430,52.0,206,-19.0,85,-41.0" /></mjloggm>