<mjloggm ver="2.3"><GO type="97" lobby="0"/><UN n0="%E3%82%BC%E3%83%AD%E3%82%BC%E3%83%AD" n1="%E5%A6%82%E6%9C%88%E3%82%AB%E3%83%AB%E3%83%8A" n2="%E5%B0%B1%E6%B4%BB%E7%94%9F%40%E5%B7%9D%E6%9D%91%E8%BB%8D%E5%9B%A3" n3="%E3%81%A1%E3%82%86%E3%81%A1%E3%82%83%E3%82%93" dan="14,14,15,14" rate="1917.11,1892.49,2029.18,1903.87" sx="M,M,M,F"/><TAIKYOKU oya="0"/><INIT seed="0,0,0,3,1,26" ten="250,250,250,250" oya="0" hai0="135,23,63,82,6,9,99,67,73,43,74,66,84" hai1="132,41,109,0,5,15,77,25,78,119,57,3,89" hai2="8,29,120,59,45,112,33,48,111,129,98,62,126" hai3="49,79,101,80,27,124,122,133,107,35,105,87,56"/><T14/><D135/><U97/><E119/><V13/><F120/><W11/><G122/><T75/><D99/><U53/><E109/><V46/><F112/><W114/><G114/><T115/><D115/><U76/><E132/><V128/><F111/><W22/><G133/><T104/><D104/><U95/><E41/><V38/><F38/><W60/><G124/><T85/><D23/><U64/><E64/><V81/><F126/><W61/><G35/><T31/><D43/><U88/><E89/><V28/><F33/><W19/><G61/><T125/><D125/><U20/><E15/><V36/><F36/><W65/><G101/><T90/><D63/><U16/><REACH who="1" step="1"/><E5/><REACH who="1" ten="250,240,250,250" step="2"/><N who="2" m="3215" /><F129/><W37/><G37/><T21/><REACH who="0" step="1"/><D84/><REACH who="0" ten="240,240,250,250" step="2"/><U113/><E113/><V2/><F98/><W121/><G121/><T123/><D123/><U117/><E117/><V24/><F128/><W7/><G49/><AGARI ba="0,2" hai="0,3,16,20,25,49,53,57,76,77,78,88,95,97" machi="49" ten="40,5200,0" yaku="1,1,54,2,53,0" doraHai="26" doraHaiUra="108" who="1" fromWho="3" sc="240,0,240,72,250,0,250,-52" /><INIT seed="1,0,0,5,0,24" ten="240,312,250,198" oya="1" hai0="51,119,103,26,124,0,94,87,16,44,102,45,121" hai1="7,58,40,73,13,80,64,116,14,114,95,108,112" hai2="118,105,72,100,61,98,52,132,71,91,10,93,130" hai3="65,122,135,36,17,101,113,74,78,97,104,66,12"/><U99/><E116/><V63/><F118/><W89/><G113/><T23/><D119/><U8/><E108/><V5/><F72/><W68/><G122/><T41/><D121/><U109/><E109/><V49/><F130/><W123/><G123/><T1/><D124/><U27/><E40/><V127/><F132/><W9/><G135/><T35/><D35/><U48/><E14/><V28/><F28/><W31/><G36/><T30/><D45/><U4/><E4/><V96/><F71/><W70/><G70/><T15/><D1/><U126/><E126/><V92/><F105/><W134/><G134/><T60/><D60/><U129/><E129/><V32/><F32/><W6/><G68/><T110/><D0/><U11/><E11/><V47/><REACH who="2" step="1"/><F127/><REACH who="2" ten="240,312,240,198" step="2"/><W62/><G62/><T25/><D110/><U18/><E114/><V50/><F50/><W107/><G107/><T46/><D30/><U84/><E112/><V120/><F120/><W53/><G31/><T55/><D26/><U86/><E73/><V67/><F67/><W133/><G133/><T83/><D25/><U76/><E64/><V42/><F42/><W20/><G66/><T54/><D41/><U22/><E48/><V75/><F75/><W125/><G65/><T3/><D51/><U77/><E58/><V85/><F85/><N who="1" m="32873" /><E80/><V106/><F106/><W117/><G125/><T59/><D59/><U81/><E81/><V82/><F82/><N who="3" m="45399" /><G117/><T90/><D83/><U111/><E111/><V37/><F37/><W79/><G104/><T34/><D34/><U43/><E43/><V33/><F33/><RYUUKYOKU ba="0,1" sc="240,-15,312,15,240,15,198,-15" hai1="7,8,13,18,22,27,76,77,95,99" hai2="5,10,47,49,52,61,63,91,92,93,96,98,100" /><INIT seed="1,1,1,3,0,12" ten="225,327,255,183" oya="1" hai0="65,73,19,64,30,86,110,111,119,16,121,3,78" hai1="80,17,50,5,53,70,93,51,68,44,35,71,125" hai2="27,0,34,85,58,124,112,57,92,69,123,88,18" hai3="108,43,23,62,100,55,116,118,107,113,114,106,33"/><U21/><E35/><V52/><F69/><W1/><G43/><T38/><D119/><N who="3" m="45609" /><G62/><T42/><D3/><U40/><E125/><V15/><F123/><W41/><G41/><T75/><D121/><U8/><E80/><V47/><F0/><W20/><G55/><T72/><D30/><U76/><E76/><V45/><F112/><N who="3" m="43115" /><G33/><T48/><D38/><U82/><E82/><V127/><F34/><W99/><G1/><T77/><D86/><U91/><E8/><N who="2" m="6503" /><F27/><W104/><G23/><T67/><D48/><U126/><E5/><V101/><F101/><N who="3" m="62527" /><G20/><T39/><D39/><U26/><E126/><N who="2" m="48171" /><F58/><W66/><G66/><T130/><D42/><U37/><REACH who="1" step="1"/><E53/><REACH who="1" ten="225,317,255,183" step="2"/><V120/><F120/><W131/><G131/><T49/><D130/><U105/><E105/><N who="3" m="39946" /><G100/><T87/><D78/><U97/><AGARI ba="1,2" hai="17,21,26,37,40,44,50,51,68,70,71,91,93,97" machi="97" ten="30,6000,0" yaku="1,1,0,1,52,1,53,0" doraHai="12" doraHaiUra="11" who="1" fromWho="1" sc="225,-21,317,83,255,-21,183,-21" /><INIT seed="1,2,0,1,2,110" ten="204,400,234,162" oya="1" hai0="92,135,56,100,6,28,90,81,46,43,37,69,44" hai1="51,93,94,18,119,66,58,85,79,31,62,80,21" hai2="39,4,106,70,48,24,117,5,103,52,8,13,101" hai3="42,68,122,36,88,98,115,123,20,17,61,14,49"/><U2/><E119/><V73/><F117/><W72/><G72/><T7/><D135/><U38/><E2/><V34/><F73/><W127/><G36/><T96/><D69/><U10/><E38/><V84/><F39/><W27/><G127/><T64/><D46/><U22/><E51/><V29/><F70/><W41/><G68/><T16/><D28/><U108/><E108/><V74/><F74/><W126/><G126/><T33/><D33/><U132/><E132/><V111/><F111/><W86/><G61/><N who="0" m="37927" /><D37/><U95/><REACH who="1" step="1"/><E31/><REACH who="1" ten="204,390,234,162" step="2"/><V113/><F113/><W40/><G115/><T75/><D7/><U55/><E55/><V57/><F5/><W11/><G49/><N who="0" m="26783" /><D6/><U102/><E102/><V59/><F103/><W9/><G123/><T35/><D100/><U47/><E47/><V109/><F109/><W50/><G122/><T131/><D131/><U53/><E53/><V89/><F101/><W15/><G50/><T120/><D120/><U45/><E45/><V133/><F133/><W107/><G42/><T121/><D121/><U116/><E116/><V82/><F106/><W63/><G107/><T130/><D130/><U65/><E65/><V124/><F124/><W19/><G41/><T83/><D75/><U3/><E3/><V78/><F59/><W23/><G40/><T54/><D54/><U76/><E76/><V129/><F129/><W134/><G134/><T104/><D104/><U71/><E71/><V60/><F48/><W1/><G1/><T77/><D77/><U128/><E128/><V97/><F78/><W114/><G114/><T91/><D91/><RYUUKYOKU ba="2,1" sc="204,-15,390,15,234,15,162,-15" hai1="10,18,21,22,58,62,66,79,80,85,93,94,95" hai2="4,8,13,24,29,34,52,57,60,82,84,89,97" /><INIT seed="1,3,1,5,4,54" ten="189,405,249,147" oya="1" hai0="21,114,50,36,109,70,28,100,93,7,123,134,121" hai1="37,89,17,128,96,63,34,51,88,78,64,68,8" hai2="41,117,125,0,40,3,133,86,35,83,67,45,108" hai3="107,118,19,56,69,12,59,91,104,116,131,95,16"/><U27/><E37/><V87/><F117/><N who="3" m="45163" /><G131/><T47/><D114/><U72/><E128/><V48/><F35/><W103/><G69/><T105/><D105/><N who="3" m="40521" /><G103/><T10/><D70/><U65/><E64/><V25/><F108/><W111/><G111/><T76/><D76/><U18/><E51/><V115/><F115/><W11/><G19/><T127/><D36/><U53/><E53/><V5/><F67/><W84/><AGARI ba="3,1" hai="11,12,16,56,59,84,91,95" m="40521,45163" machi="84" ten="30,7900,0" yaku="12,1,52,2,54,1" doraHai="54" who="3" fromWho="3" sc="189,-23,405,-42,249,-23,147,98" /><INIT seed="2,0,0,4,3,49" ten="166,363,226,245" oya="2" hai0="56,118,127,120,131,81,45,106,30,132,110,113,24" hai1="99,72,4,29,68,60,34,82,31,97,126,119,12" hai2="25,23,124,130,102,13,48,8,135,10,121,67,112" hai3="3,134,75,36,73,87,64,90,79,51,88,129,96"/><V83/><F112/><W66/><G36/><T32/><RYUUKYOKU type="yao9" ba="0,0" sc="166,0,363,0,226,0,245,0" hai0="24,30,32,45,56,81,106,110,113,118,120,127,131,132" /><INIT seed="2,1,0,5,5,111" ten="166,363,226,245" oya="2" hai0="107,0,1,135,5,102,122,29,73,86,54,35,24" hai1="84,53,108,66,91,88,121,34,75,85,15,57,109" hai2="113,44,19,89,72,67,58,32,50,70,52,118,2" hai3="59,9,38,94,47,22,79,117,123,134,3,48,92"/><V6/><F118/><W126/><G117/><T60/><D122/><U115/><E121/><V81/><F32/><W55/><G123/><T16/><D73/><U106/><E106/><V43/><F2/><W12/><G126/><T95/><D135/><U7/><E66/><V112/><F6/><W62/><G134/><T23/><D5/><U124/><E34/><V61/><F19/><N who="3" m="8591" /><G3/><T127/><D127/><U129/><E124/><V131/><F131/><W114/><G38/><T37/><D37/><U39/><E39/><N who="2" m="21631" /><F72/><W103/><G79/><T41/><D41/><U30/><E30/><V76/><F76/><W64/><G114/><N who="2" m="44137" /><F81/><W99/><G92/><T69/><D107/><U40/><E115/><V13/><F13/><W10/><G22/><T110/><D110/><U26/><E109/><V116/><F116/><W77/><G77/><T27/><D102/><U49/><E108/><V78/><F78/><W97/><G97/><T98/><D98/><U128/><E75/><V4/><F4/><W120/><G120/><T18/><D18/><U51/><E26/><V82/><F82/><W65/><G10/><T11/><D11/><N who="1" m="4607" /><E85/><V33/><F33/><W56/><G99/><T96/><D86/><U132/><E84/><V17/><F17/><W87/><G103/><N who="0" m="60831" /><D69/><U100/><E100/><V68/><F89/><N who="1" m="34377" /><E132/><V25/><F25/><W21/><G87/><T90/><D90/><U80/><E80/><V74/><F74/><W20/><G94/><T125/><D125/><U42/><E42/><V36/><F36/><W133/><G133/><T105/><D105/><U83/><E83/><RYUUKYOKU ba="1,0" sc="166,0,363,0,226,0,245,0" hai0="0,1,16,23,24,27,29,35,54,60" hai1="40,49,51,53,57,128,129" hai2="50,52,58,61,67,68,70" hai3="20,21,47,48,55,56,59,62,64,65" /><INIT seed="2,2,0,4,2,110" ten="166,363,226,245" oya="2" hai0="11,106,45,56,34,85,117,62,114,68,54,66,113" hai1="55,16,75,98,122,18,77,37,7,46,28,31,90" hai2="59,23,112,52,111,133,88,79,76,134,8,83,6" hai3="32,64,41,108,129,48,97,14,51,36,43,104,100"/><V116/><F116/><W109/><G32/><T80/><D117/><U33/><E122/><V2/><F111/><N who="3" m="42571" /><G129/><T47/><D106/><U78/><E7/><V38/><F38/><W26/><G36/><T30/><D11/><U81/><E37/><V13/><F112/><N who="0" m="43114" /><D30/><N who="1" m="11307" /><E75/><V82/><F23/><W74/><G74/><T29/><D29/><U73/><E73/><V135/><F2/><W63/><G14/><T69/><D34/><U17/><E33/><V130/><F130/><W9/><G9/><T60/><D85/><N who="1" m="50479" /><E98/><V103/><F103/><W102/><G26/><T72/><D80/><N who="2" m="30762" /><F88/><W94/><G94/><T115/><D72/><U22/><E22/><V105/><F105/><W25/><G25/><T57/><N who="0" m="43122" /><T39/><DORA hai="19" /><D45/><U24/><E24/><V10/><F10/><W127/><G102/><T86/><D86/><U71/><E71/><V58/><F58/><W27/><G27/><T5/><D5/><U118/><E118/><V12/><F12/><W40/><G97/><T20/><D20/><U61/><E46/><V91/><F91/><W42/><G100/><T131/><D131/><U93/><E93/><V50/><AGARI ba="2,0" hai="6,8,13,50,52,59,76,79,133,134,135" m="30762" machi="50" ten="40,3900,0" yaku="20,1,54,1" doraHai="110,19" who="2" fromWho="2" sc="166,-15,363,-15,226,45,245,-15" /><INIT seed="2,3,0,5,1,74" ten="151,348,271,230" oya="2" hai0="6,53,130,48,97,116,29,57,64,69,110,18,25" hai1="0,131,126,36,24,76,41,78,94,118,17,83,40" hai2="61,15,51,124,55,22,82,42,9,75,106,28,93" hai3="5,16,12,73,120,19,20,125,132,101,91,123,112"/><V119/><F106/><W66/><G73/><T134/><D110/><U45/><E118/><V47/><F119/><W127/><G101/><T115/><D116/><U86/><E0/><V50/><F124/><N who="3" m="47691" /><G91/><T68/><D115/><U27/><E126/><V96/><F61/><W23/><G66/><T63/><D130/><U58/><E131/><V39/><F28/><W111/><G111/><T11/><D134/><U10/><E41/><V88/><F22/><N who="3" m="8235" /><G132/><T72/><D18/><N who="3" m="6697" /><G112/><T105/><D72/><U54/><E94/><V67/><F67/><W80/><G80/><T70/><D11/><AGARI ba="3,0" hai="5,11,12,120,123" m="6697,8235,47691" machi="11" ten="30,7700,0" yaku="18,1,34,2,54,1" doraHai="74" who="3" fromWho="0" sc="151,-86,348,0,271,0,230,86" /><INIT seed="3,0,0,5,0,30" ten="65,348,271,316" oya="3" hai0="117,19,83,118,20,7,51,12,33,39,44,119,26" hai1="34,61,111,35,16,41,106,88,130,94,24,65,70" hai2="122,131,25,56,90,115,120,135,38,23,9,52,99" hai3="45,127,27,1,104,72,2,63,125,21,107,68,28"/><W57/><G72/><T29/><D39/><U92/><E41/><V8/><F38/><W121/><G121/><T126/><D83/><U133/><E94/><N who="2" m="56791" /><F115/><W11/><G68/><T95/><D95/><U54/><E54/><V108/><F108/><W101/><G45/><T31/><D51/><U46/><E46/><V134/><F131/><W55/><G101/><T103/><D44/><U73/><E73/><V97/><F97/><W124/><REACH who="3" step="1"/><G11/><REACH who="3" ten="65,348,271,306" step="2"/><T18/><D103/><U13/><E111/><V62/><F9/><W78/><G78/><T112/><D112/><U58/><E130/><V48/><F8/><W102/><G102/><T123/><D123/><N who="2" m="47146" /><F48/><W43/><G43/><T15/><D126/><U85/><E106/><AGARI ba="0,1" hai="1,2,21,27,28,55,57,63,104,106,107,124,125,127" machi="106" ten="50,4800,0" yaku="1,1,18,1,53,0" doraHai="30" doraHaiUra="10" who="3" fromWho="1" sc="65,0,348,-48,271,0,306,58" owari="65,-43.0,300,10.0,271,-13.0,364,46.0" /></mjloggm>