<mjloggm ver="2.3"><GO type="169" lobby="0"/><UN n0="%E3%81%B5%E3%81%98%E3%81%8A" n1="%E5%B0%B1%E6%B4%BB%E7%94%9F%40%E5%B7%9D%E6%9D%91%E8%BB%8D%E5%9B%A3" n2="%E8%A5%BF%E6%9D%91%E9%9B%84%E4%B8%80%E9%83%8E" n3="%61%73%73%65%72%74%69%76" dan="19,16,16,16" rate="2231.03,2044.37,2116.71,2178.55" sx="M,M,M,M"/><TAIKYOKU oya="0"/><INIT seed="0,0,0,1,0,83" ten="250,250,250,250" oya="0" hai0="65,113,133,75,21,73,110,96,120,88,92,94,117" hai1="10,111,62,41,98,112,34,82,7,114,18,127,16" hai2="47,81,19,123,15,35,128,20,57,9,37,60,3" hai3="25,121,125,102,13,42,106,46,53,122,116,2,93"/><T28/><D120/><U95/><E34/><V4/><F123/><W72/><G116/><T26/><D117/><U44/><E62/><V38/><F128/><W59/><G2/><T79/><D113/><U91/><E111/><V64/><F47/><W107/><G72/><T23/><D133/><U104/><E104/><V70/><F70/><W22/><G125/><T85/><D110/><U31/><E31/><V40/><F40/><W52/><G93/><T77/><D65/><U71/><E71/><V86/><REACH who="2" step="1"/><F35/><REACH who="2" ten="250,250,240,250" step="2"/><W129/><G129/><T109/><D109/><U80/><E127/><V105/><F105/><W103/><G46/><T99/><D73/><U12/><E114/><V50/><F50/><W101/><G42/><T8/><D75/><U14/><E112/><V49/><F49/><W33/><G33/><T48/><D48/><N who="1" m="26639" /><E7/><V32/><F32/><W108/><G108/><T45/><D45/><U56/><E56/><V90/><AGARI ba="0,1" hai="3,4,9,15,19,20,37,38,57,60,64,81,86,90" machi="90" ten="20,5200,0" yaku="1,1,0,1,7,1,52,1,53,0" doraHai="83" doraHaiUra="27" who="2" fromWho="2" sc="250,-26,250,-13,240,62,250,-13" /><INIT seed="1,0,0,1,1,120" ten="224,237,302,237" oya="1" hai0="80,54,93,59,105,134,46,103,12,64,88,7,69" hai1="28,130,4,104,57,27,117,133,11,51,35,135,14" hai2="29,109,47,49,126,129,96,101,44,58,22,85,60" hai3="124,30,125,19,78,6,70,119,79,3,121,63,37"/><U123/><E104/><V66/><F129/><W128/><G121/><T87/><D134/><N who="1" m="51211" /><E57/><V25/><F126/><N who="3" m="48747" /><G128/><T76/><D69/><U95/><E95/><N who="2" m="58527" /><F109/><W34/><G37/><T45/><D64/><U36/><E51/><V110/><F110/><W118/><G19/><T53/><D53/><U98/><E36/><V116/><F116/><N who="3" m="44587" /><G30/><T84/><D103/><U107/><E98/><V89/><F49/><W97/><G34/><T16/><D7/><U73/><E107/><V18/><F18/><W0/><G97/><T43/><D43/><U50/><E73/><V72/><F72/><W41/><G41/><T82/><D82/><AGARI ba="0,0" hai="22,25,29,44,47,58,60,66,82,85,89" m="58527" machi="82" ten="30,2000,0" yaku="25,1,8,1" doraHai="120" who="2" fromWho="0" sc="224,-20,237,0,302,20,237,0" /><INIT seed="2,0,0,3,3,82" ten="204,237,322,237" oya="2" hai0="73,105,72,112,99,21,47,34,27,92,54,14,96" hai1="120,12,46,2,106,35,18,117,43,87,78,30,129" hai2="77,6,11,98,81,8,80,86,52,58,100,130,0" hai3="5,39,103,41,116,89,32,121,93,110,59,28,63"/><V91/><F130/><W123/><G116/><T22/><D112/><U1/><E117/><V131/><F131/><W113/><G110/><T114/><D114/><U83/><E129/><V49/><F11/><W134/><G113/><T74/><D34/><U118/><E118/><V101/><REACH who="2" step="1"/><F98/><REACH who="2" ten="204,237,312,237" step="2"/><W69/><G123/><T57/><D99/><U104/><E120/><V25/><F25/><W133/><G121/><T122/><D27/><U16/><E2/><V102/><F102/><W31/><G103/><T50/><D96/><U135/><E1/><V75/><AGARI ba="0,1" hai="0,6,8,49,52,58,75,77,80,81,86,91,100,101" machi="75" ten="20,12000,1" yaku="1,1,0,1,7,1,52,1,54,1,53,0" doraHai="82" doraHaiUra="64" who="2" fromWho="2" sc="204,-40,237,-40,312,130,237,-40" /><INIT seed="2,1,0,1,5,36" ten="164,197,442,197" oya="2" hai0="132,107,22,133,90,47,112,25,19,102,49,50,8" hai1="42,21,33,127,108,44,110,2,85,80,5,131,18" hai2="54,66,26,58,23,79,134,37,109,120,65,116,40" hai3="100,0,92,99,52,111,129,93,35,76,4,119,10"/><V126/><F116/><W59/><G35/><T9/><D112/><U7/><E33/><V1/><F120/><W81/><G119/><T113/><D113/><U30/><E30/><V57/><F1/><W88/><G111/><T135/><D90/><U29/><E29/><V103/><F126/><W28/><G28/><T101/><D50/><U46/><E131/><V125/><F125/><W83/><G129/><T38/><D38/><U67/><E67/><V64/><F134/><W34/><G34/><T73/><D73/><U70/><E70/><V17/><F79/><W89/><G76/><T95/><D107/><U82/><E2/><V20/><F103/><W72/><G72/><T71/><D71/><U77/><E46/><V97/><F97/><W16/><G16/><T106/><D106/><U94/><E94/><V62/><F23/><W45/><G45/><T104/><D104/><U60/><E82/><V121/><F121/><W124/><G124/><T114/><D114/><U130/><E60/><V48/><F109/><N who="1" m="42089" /><E127/><V11/><F57/><W15/><G0/><T51/><D51/><N who="1" m="27031" /><E130/><V118/><F48/><N who="3" m="31111" /><G89/><T3/><D3/><U75/><E75/><V74/><F74/><W68/><G68/><T53/><REACH who="0" step="1"/><D101/><REACH who="0" ten="154,197,442,197" step="2"/><U96/><E96/><AGARI ba="1,1" hai="4,10,15,81,83,88,92,93,96,99,100" m="31111" machi="96" ten="30,3900,0" yaku="8,1,54,2" doraHai="36" who="3" fromWho="1" sc="154,0,197,-42,442,0,197,52" /><AGARI ba="1,0" hai="8,9,19,22,25,47,49,53,95,96,102,132,133,135" machi="96" ten="40,5200,0" yaku="1,1,2,1,20,1,53,0" doraHai="36" doraHaiUra="24" who="0" fromWho="1" sc="154,52,155,-52,442,0,249,0" /><INIT seed="3,0,0,2,4,79" ten="206,103,442,249" oya="3" hai0="96,115,106,116,130,19,77,53,105,25,14,65,72" hai1="84,95,34,56,41,111,9,109,8,67,16,66,126" hai2="76,39,28,69,11,29,7,71,24,0,10,101,91" hai3="5,2,63,42,21,124,38,27,62,131,93,121,17"/><W100/><G121/><T1/><D116/><U3/><E34/><V58/><F39/><W74/><G124/><T59/><D1/><U50/><E126/><V92/><F29/><W98/><G131/><T31/><D130/><U128/><E128/><V18/><F101/><W52/><G74/><T129/><D129/><U99/><E3/><V87/><F76/><W90/><G2/><T83/><D65/><U43/><E84/><V40/><F40/><W127/><G5/><T104/><D96/><U37/><E37/><V45/><F45/><W47/><G127/><T114/><D14/><U12/><E8/><V46/><F46/><W44/><G44/><T113/><D19/><U78/><E78/><V20/><F58/><W75/><G75/><T110/><D110/><U108/><E66/><V123/><F123/><W102/><G63/><T134/><D134/><U26/><E26/><V82/><F92/><W61/><REACH who="3" step="1"/><G62/><REACH who="3" ten="206,103,442,239" step="2"/><T49/><REACH who="0" step="1"/><D114/><REACH who="0" ten="196,103,442,239" step="2"/><U30/><E30/><V85/><F28/><W55/><G55/><T132/><D132/><U135/><E135/><V120/><F0/><W6/><G6/><T23/><AGARI ba="0,2" hai="23,25,31,49,53,59,72,77,83,104,105,106,113,115" machi="23" ten="40,5200,0" yaku="1,1,0,1,52,1,53,0" doraHai="79" doraHaiUra="122" who="0" fromWho="0" sc="196,72,103,-13,442,-13,239,-26" /><INIT seed="4,0,0,2,3,106" ten="268,90,429,213" oya="0" hai0="134,28,110,62,90,103,25,87,14,50,57,36,20" hai1="19,55,122,102,33,29,42,56,130,104,38,69,125" hai2="10,11,73,81,9,53,15,39,23,0,97,128,27" hai3="116,64,7,12,71,49,84,16,89,129,43,3,95"/><T41/><D36/><U91/><E91/><V133/><F0/><W68/><G116/><T65/><D134/><U105/><E19/><V78/><F39/><W109/><G109/><T93/><D110/><U24/><E56/><V115/><F115/><W45/><G129/><T124/><D124/><U127/><E55/><V26/><F128/><W99/><G64/><T66/><D103/><U67/><E130/><V21/><F133/><W35/><G35/><T114/><D114/><U8/><E8/><V2/><F2/><W75/><G75/><T47/><REACH who="0" step="1"/><D14/><REACH who="0" ten="258,90,429,213" step="2"/><U76/><E122/><V74/><F15/><W51/><G3/><T85/><D85/><U88/><E88/><V94/><F73/><W119/><G119/><T44/><D44/><U72/><E125/><V120/><F74/><W82/><G7/><T32/><D32/><U83/><E127/><V107/><F97/><W126/><G126/><T1/><D1/><U101/><E101/><V13/><F13/><W123/><G123/><T70/><D70/><U22/><E22/><V98/><F21/><W4/><G4/><T17/><D17/><U5/><E5/><V79/><F98/><W77/><REACH who="3" step="1"/><G51/><REACH who="3" ten="258,90,429,203" step="2"/><T48/><D48/><U135/><E135/><V40/><F120/><W117/><G117/><T86/><D86/><U34/><E34/><V108/><F108/><W80/><G80/><T63/><D63/><N who="1" m="40191" /><E102/><V54/><F81/><W59/><G59/><T6/><D6/><U52/><E52/><AGARI ba="0,2" hai="20,25,28,41,47,50,52,57,62,65,66,87,90,93" machi="52" ten="30,18000,2" yaku="1,1,7,1,8,1,54,1,53,2" doraHai="106" doraHaiUra="60" who="0" fromWho="1" sc="258,200,90,-180,429,0,203,0" owari="458,56.0,-90,-59.0,429,23.0,203,-20.0" /></mjloggm>