<mjloggm ver="2.3"><GO type="169" lobby="0"/><UN n0="%E3%82%A6%E3%83%AB%E3%83%88%E3%83%A9%E7%AB%8B%E7%9B%B4" n1="%2D%E7%81%BC%E7%86%B1%E3%83%8E%E6%B3%A2%E5%8B%95%2D" n2="%E7%86%8A%E7%8C%AB%E5%8C%96%E9%9B%AA" n3="%4D%61%72%69%63%65" dan="16,17,16,16" rate="2122.46,2069.50,2139.80,2120.91" sx="M,M,M,M"/><TAIKYOKU oya="0"/><INIT seed="0,0,0,5,3,91" ten="250,250,250,250" oya="0" hai0="57,5,28,93,4,6,129,20,83,95,105,78,90" hai1="32,89,47,10,112,111,124,114,35,121,115,30,3" hai2="135,120,103,126,58,88,37,34,67,133,116,52,25" hai3="69,61,86,113,65,50,56,15,0,36,134,18,132"/><T77/><D105/><U60/><E121/><V17/><F120/><W119/><G113/><T75/><D129/><U53/><E111/><V101/><F37/><W19/><G119/><T41/><D41/><U99/><E30/><V54/><F116/><W12/><G0/><T125/><D125/><U64/><E124/><V48/><F126/><W98/><G36/><T24/><D90/><U87/><E99/><V27/><F67/><W51/><G98/><T131/><D131/><U102/><E102/><V94/><F54/><W26/><G86/><T79/><D75/><U8/><E53/><V108/><F108/><W84/><G84/><T38/><D83/><U106/><E47/><V29/><F25/><W13/><G26/><T14/><D38/><U96/><E96/><N who="2" m="57415" /><F17/><N who="3" m="6155" /><G69/><T118/><D118/><U31/><E106/><V117/><F117/><W22/><G22/><T122/><D122/><U55/><E55/><V76/><F76/><W80/><G80/><T128/><D128/><U11/><E3/><V2/><F2/><W16/><N who="3" m="6163" /><W63/><DORA hai="71" /><G63/><T82/><D82/><N who="1" m="49399" /><E31/><V1/><F1/><W23/><G23/><T81/><D81/><U7/><E7/><N who="0" m="2633" /><D57/><AGARI ba="0,0" hai="8,10,11,32,35,57,60,64,112,114,115" m="49399" machi="57" ten="40,1300,0" yaku="11,1" doraHai="91,71" who="1" fromWho="0" sc="250,-13,250,13,250,0,250,0" /><INIT seed="1,0,0,1,1,77" ten="237,263,250,250" oya="1" hai0="20,40,88,16,95,83,92,8,22,99,126,117,113" hai1="4,12,135,87,119,128,47,42,132,75,76,57,41" hai2="28,0,82,63,51,105,67,69,14,72,79,131,59" hai3="101,103,93,129,60,29,78,124,50,94,110,81,125"/><U24/><E128/><V114/><F131/><W6/><G129/><T84/><D117/><U21/><E75/><V2/><F105/><W73/><G29/><T71/><D113/><U49/><E119/><V32/><F14/><W43/><G6/><T17/><D71/><U89/><E57/><V36/><F114/><W48/><G60/><T127/><D40/><U39/><E39/><V11/><F36/><W74/><G43/><T85/><D8/><N who="1" m="4103" /><E42/><V118/><F11/><W35/><G78/><N who="0" m="46199" /><D126/><U102/><E102/><V26/><REACH who="2" step="1"/><F118/><REACH who="2" ten="237,263,240,250" step="2"/><W27/><G110/><T98/><D127/><U62/><E135/><V133/><F133/><W106/><G106/><T18/><D99/><U19/><E132/><V46/><F46/><W104/><G104/><T108/><D108/><U122/><E122/><V90/><F90/><AGARI ba="0,1" hai="16,17,18,20,22,85,88,90,92,95,98" m="46199" machi="90" ten="30,7700,0" yaku="8,1,52,1,54,2" doraHai="77" who="0" fromWho="2" sc="237,87,263,0,240,-77,250,0" /><INIT seed="2,0,0,3,2,39" ten="324,263,163,250" oya="2" hai0="17,34,88,97,24,5,87,63,115,119,85,55,70" hai1="37,114,73,135,100,83,12,124,53,31,122,6,38" hai2="30,81,79,103,19,14,35,91,64,126,45,128,133" hai3="132,15,117,102,46,3,62,0,68,67,101,93,29"/><V16/><F126/><W80/><G117/><T23/><D115/><U92/><E31/><V57/><F128/><W95/><G29/><T59/><D119/><U94/><E114/><V9/><F133/><W50/><G132/><T72/><D72/><U61/><E124/><V109/><F109/><W36/><G3/><T47/><D70/><U75/><E100/><V96/><F91/><W86/><G0/><T127/><D127/><U111/><E135/><V104/><F45/><W26/><G26/><T20/><D34/><U116/><E116/><V134/><F134/><W69/><G69/><T10/><D23/><U4/><E61/><V1/><F1/><W78/><G36/><T76/><D76/><U48/><E48/><V18/><F30/><W77/><G77/><T106/><D106/><U84/><E84/><V56/><F35/><W82/><G82/><T8/><D47/><U11/><E83/><V58/><REACH who="2" step="1"/><F64/><REACH who="2" ten="324,263,153,250" step="2"/><W13/><G102/><T33/><D33/><U105/><E111/><V27/><F27/><W21/><G101/><T89/><D89/><U107/><E122/><V99/><F99/><W121/><G121/><T130/><D130/><U65/><E65/><V110/><F110/><W74/><G15/><T54/><D97/><U42/><E12/><V123/><F123/><W28/><G28/><T51/><D88/><U32/><E32/><V112/><F112/><W2/><G2/><T43/><D24/><U40/><E40/><V22/><F22/><W60/><G21/><T52/><D20/><U131/><E42/><V25/><F25/><W71/><G67/><RYUUKYOKU ba="0,1" sc="324,-10,263,-10,153,30,250,-10" hai2="9,14,16,18,19,56,57,58,79,81,96,103,104" /><INIT seed="2,1,1,5,5,88" ten="314,253,183,240" oya="2" hai0="82,77,75,73,1,85,26,33,104,5,60,91,32" hai1="129,70,16,67,20,4,21,72,133,112,37,64,11" hai2="119,63,103,15,6,105,124,56,44,40,28,41,62" hai3="76,86,115,97,59,53,7,10,54,9,47,84,125"/><V46/><F119/><W113/><G125/><T57/><D104/><U2/><E112/><N who="3" m="43082" /><G76/><T93/><D73/><U45/><E133/><V13/><F124/><W3/><G10/><T12/><D1/><U118/><E118/><V98/><F28/><W49/><G97/><T79/><D79/><U58/><E129/><V132/><F132/><W25/><G25/><T101/><D101/><U69/><E20/><V117/><F117/><W34/><G34/><T131/><D131/><U8/><E8/><V66/><F63/><AGARI ba="1,1" hai="3,7,9,47,49,53,54,59,63,84,86" m="43082" machi="63" ten="30,1000,0" yaku="11,1" doraHai="88" who="3" fromWho="2" sc="314,0,253,0,183,-13,240,23" /><INIT seed="3,0,0,0,1,67" ten="314,253,170,263" oya="3" hai0="29,79,38,12,114,21,46,93,69,109,103,17,124" hai1="116,61,64,4,119,102,100,30,86,135,71,66,105" hai2="19,14,128,27,2,13,52,115,112,95,129,121,97" hai3="57,41,80,0,58,88,92,47,127,23,33,8,62"/><W118/><G33/><T43/><D124/><U11/><E135/><V65/><F2/><W122/><G122/><T85/><D109/><U56/><E30/><V42/><F121/><W131/><G127/><T132/><D132/><U48/><E86/><V63/><F42/><W77/><G131/><N who="2" m="50249" /><F27/><W113/><G118/><N who="1" m="45098" /><E105/><V84/><F84/><N who="3" m="48143" /><G0/><T22/><D114/><N who="2" m="43562" /><F19/><W101/><G101/><N who="1" m="39018" /><E48/><V126/><F126/><W134/><G134/><T90/><D103/><U72/><E72/><V49/><F95/><W110/><G113/><T78/><D78/><U107/><E107/><V36/><F36/><W94/><G92/><T25/><REACH who="0" step="1"/><D79/><REACH who="0" ten="304,253,170,263" step="2"/><U106/><E106/><V54/><F97/><W7/><G110/><T73/><D73/><U91/><E91/><V18/><F18/><W125/><G125/><T24/><D24/><U87/><E87/><V15/><F49/><W81/><G88/><T133/><D133/><U37/><E37/><V28/><F28/><W130/><G130/><T34/><D34/><U96/><E96/><V44/><F44/><W123/><G47/><T1/><D1/><N who="1" m="399" /><E64/><V60/><F65/><W32/><G32/><T82/><D82/><U104/><E104/><V53/><AGARI ba="0,1" hai="13,14,15,52,53,54,60,63" m="43562,50249" machi="53" ten="40,8000,1" yaku="28,2,19,1,54,1" doraHai="67" who="2" fromWho="2" sc="304,-20,253,-20,170,90,263,-40" /><INIT seed="4,0,0,4,3,52" ten="284,233,260,223" oya="0" hai0="79,8,99,87,31,10,84,92,88,115,78,33,119" hai1="54,47,35,76,13,111,118,129,69,81,91,30,12" hai2="5,65,14,122,133,80,44,16,21,45,42,25,85" hai3="59,73,95,128,109,120,2,123,3,130,61,19,102"/><T74/><D119/><U112/><E111/><V32/><F122/><N who="3" m="46635" /><G109/><T60/><D115/><U22/><E118/><V72/><F72/><W58/><G73/><T11/><D74/><U37/><E69/><V38/><F133/><W132/><G132/><T116/><D116/><U105/><E105/><V56/><F45/><W96/><G61/><T4/><D4/><U131/><E35/><V97/><F97/><W70/><G70/><T135/><D135/><U29/><E91/><V55/><F65/><W125/><G125/><T100/><D33/><U134/><E134/><V0/><F0/><N who="3" m="43" /><G19/><T24/><D87/><N who="1" m="48551" /><E112/><V46/><F38/><W23/><G23/><N who="0" m="15775" /><D60/><U104/><E104/><V68/><F68/><W106/><G106/><T49/><D49/><N who="1" m="28991" /><E37/><V6/><F32/><W103/><G103/><T34/><D34/><U94/><E94/><AGARI ba="0,0" hai="8,10,11,78,79,84,88,92,94,99,100" m="15775" machi="94" ten="30,2900,0" yaku="8,1,54,1" doraHai="52" who="0" fromWho="1" sc="284,29,233,-29,260,0,223,0" /><INIT seed="4,1,0,1,5,95" ten="313,204,260,223" oya="0" hai0="27,49,117,11,131,78,87,75,74,57,69,85,34" hai1="16,9,25,17,39,60,63,52,42,61,8,28,54" hai2="83,114,119,82,121,65,47,58,135,15,125,67,62" hai3="72,70,109,59,133,33,128,46,113,89,19,12,93"/><T43/><D69/><U20/><E42/><V4/><F121/><W2/><G109/><T77/><D34/><U30/><E39/><V24/><F114/><W99/><G113/><T48/><D43/><U115/><E115/><V100/><F125/><W122/><G70/><T10/><D27/><U55/><REACH who="1" step="1"/><E17/><REACH who="1" ten="313,194,260,223" step="2"/><V21/><F119/><W53/><G122/><T126/><D117/><U76/><E76/><V94/><F135/><W101/><G133/><T105/><D78/><U37/><E37/><V91/><F67/><W68/><G128/><T41/><D77/><U104/><E104/><V50/><F65/><W40/><G40/><T120/><D105/><U32/><E32/><V64/><F64/><W92/><G33/><T130/><D41/><U129/><E129/><V97/><F82/><W103/><G68/><T51/><D120/><U84/><E84/><V108/><F83/><W18/><G72/><T81/><D87/><U127/><E127/><V7/><F108/><W31/><G31/><AGARI ba="1,1" hai="8,9,16,20,25,28,30,31,52,54,55,60,61,63" machi="31" ten="40,8000,1" yaku="1,1,8,1,54,2,53,0" doraHai="95" doraHaiUra="134" who="1" fromWho="3" sc="313,0,194,93,260,0,223,-83" /><INIT seed="5,0,0,0,0,130" ten="313,287,260,140" oya="1" hai0="95,58,82,33,11,62,31,28,131,120,37,78,53" hai1="63,113,127,119,56,75,65,25,108,9,45,135,35" hai2="103,29,112,110,118,98,83,40,18,64,61,6,101" hai3="86,97,102,66,54,27,7,133,32,111,76,36,129"/><U13/><E75/><V5/><F110/><W77/><G36/><T12/><D37/><U26/><E119/><V69/><F118/><W57/><G129/><T17/><D131/><U1/><E1/><V48/><F29/><W60/><G7/><T126/><D126/><U3/><E3/><V41/><F112/><W70/><G111/><T10/><D33/><U105/><E105/><V91/><F18/><W115/><G115/><T30/><D120/><U93/><E113/><V121/><F121/><W89/><G133/><T71/><D71/><U34/><E135/><V43/><F48/><W80/><G32/><T84/><D95/><U87/><E127/><V85/><REACH who="2" step="1"/><F103/><REACH who="2" ten="313,287,250,140" step="2"/><W106/><REACH who="3" step="1"/><G27/><REACH who="3" ten="313,287,250,130" step="2"/><T49/><D49/><AGARI ba="0,2" hai="49,54,57,60,66,70,76,77,80,86,89,97,102,106" machi="49" ten="30,8000,1" yaku="1,1,2,1,7,1,53,2" doraHai="130" doraHaiUra="74" who="3" fromWho="0" sc="313,-80,287,0,250,0,130,100" /><INIT seed="6,0,0,2,5,22" ten="233,287,250,230" oya="2" hai0="110,25,6,71,79,69,72,21,23,117,17,81,100" hai1="61,59,132,32,37,90,40,49,134,115,51,88,9" hai2="1,3,124,76,118,103,4,54,47,82,56,119,97" hai3="107,133,7,101,8,33,127,104,123,28,68,19,130"/><V94/><F124/><W86/><G123/><T15/><D110/><U35/><E115/><V114/><F47/><W46/><G127/><T85/><D117/><U91/><E37/><V93/><F93/><W5/><G68/><T34/><D34/><N who="1" m="12843" /><E40/><V52/><F114/><W131/><G46/><T58/><D100/><U102/><E9/><V126/><F126/><W38/><G38/><T16/><D6/><U48/><E102/><V53/><F56/><W10/><G101/><T106/><D106/><U98/><E98/><V92/><F92/><W50/><G33/><T108/><D108/><U78/><E78/><V67/><F67/><W2/><G50/><T62/><D72/><U75/><E75/><V95/><F95/><W113/><G113/><T66/><AGARI ba="0,0" hai="15,16,17,21,23,25,58,62,66,69,71,79,81,85" machi="66" ten="20,5200,0" yaku="0,1,7,1,52,1,54,1" doraHai="22" who="0" fromWho="0" sc="233,52,287,-13,250,-26,230,-13" /><INIT seed="7,0,0,4,2,85" ten="285,274,224,217" oya="3" hai0="21,45,34,102,16,84,95,132,115,80,92,77,7" hai1="61,64,11,29,126,65,63,54,110,87,59,113,100" hai2="69,82,55,14,129,112,58,128,31,130,75,67,104" hai3="49,3,13,15,108,22,24,107,41,134,118,25,43"/><W86/><G3/><T35/><D132/><U38/><E29/><V111/><F111/><W47/><G118/><T26/><D115/><U2/><E100/><V131/><F112/><W12/><G134/><T74/><D74/><U83/><E113/><V88/><F104/><W19/><G107/><T105/><D105/><U17/><E38/><V51/><F31/><W66/><G108/><T52/><D7/><U114/><E114/><V44/><F14/><W106/><G106/><T20/><D102/><U9/><E126/><V36/><F131/><W121/><G121/><T57/><D45/><U32/><E32/><V117/><F117/><W125/><G125/><T124/><D35/><U109/><E2/><V98/><F75/><W78/><G66/><N who="1" m="25706" /><E110/><V120/><F120/><W101/><G101/><T33/><D34/><U40/><E40/><V56/><F36/><W91/><G78/><T60/><D33/><U6/><E6/><V4/><F4/><W62/><G62/><N who="1" m="23562" /><E17/><V127/><F127/><W103/><G103/><T23/><D124/><U30/><E30/><V0/><F0/><W89/><G43/><T8/><D8/><U50/><E109/><V10/><F10/><W73/><G73/><T76/><D76/><AGARI ba="0,0" hai="9,11,50,54,59,76,83,87" m="23562,25706" machi="76" ten="30,1000,0" yaku="8,1" doraHai="85" who="1" fromWho="0" sc="285,-10,274,10,224,0,217,0" /><INIT seed="8,0,0,2,2,96" ten="275,284,224,217" oya="0" hai0="3,66,104,114,111,56,13,105,20,82,55,49,97" hai1="83,98,2,76,64,39,100,59,48,35,12,38,127" hai2="118,36,46,29,25,128,72,32,108,93,61,5,58" hai3="43,110,40,71,67,109,129,90,31,125,27,130,80"/><T121/><D3/><U124/><E35/><V135/><F108/><W30/><G71/><T122/><D114/><U9/><E2/><V126/><F72/><W19/><G67/><T15/><D111/><U85/><E48/><V69/><F69/><W81/><G27/><T42/><D104/><N who="1" m="63511" /><E59/><V102/><F126/><N who="1" m="48169" /><E64/><V91/><F32/><W106/><G125/><T51/><D66/><U45/><E45/><V44/><F58/><W117/><G106/><T134/><D105/><U123/><E123/><V89/><F44/><W60/><G19/><AGARI ba="0,0" hai="9,12,19,38,39,76,83,85" m="48169,63511" machi="19" ten="30,2000,0" yaku="18,1,52,1" doraHai="96" who="1" fromWho="3" sc="275,0,284,20,224,0,217,-20" owari="275,8.0,304,40.0,224,-18.0,197,-30.0" /></mjloggm>