<mjloggm ver="2.3"><GO type="169" lobby="0"/><UN n0="%64%64%64%6F%6E%31%31" n1="%E5%8E%9F%E4%BA%BA%E3%81%A1%E3%82%83%E3%82%93" n2="%E3%82%8A%E3%82%87%E3%83%BC%E3%81%A1%32%30%31%31" n3="%E3%82%A6%E3%83%AB%E3%83%88%E3%83%A9%E7%AB%8B%E7%9B%B4" dan="16,16,16,17" rate="2048.06,2105.48,2085.76,2158.44" sx="M,M,M,M"/><TAIKYOKU oya="0"/><INIT seed="0,0,0,4,1,125" ten="250,250,250,250" oya="0" hai0="119,126,51,34,15,61,64,91,105,24,58,44,99" hai1="3,124,26,19,94,74,89,11,95,29,28,55,20" hai2="81,118,68,76,13,82,65,35,134,32,30,47,53" hai3="38,75,101,10,106,72,43,39,127,97,107,4,111"/><T27/><D119/><U2/><E74/><V85/><F118/><W69/><G127/><T66/><D66/><U42/><E124/><V6/><F134/><W90/><G90/><T79/><D79/><U50/><E42/><V88/><F30/><W103/><G69/><T52/><D126/><U22/><E95/><V122/><F122/><W130/><G111/><T21/><D34/><U92/><E92/><V5/><F65/><W80/><G80/><T108/><D108/><U87/><E11/><V116/><F116/><W33/><G33/><T115/><D115/><U12/><REACH who="1" step="1"/><E29/><REACH who="1" ten="250,240,250,250" step="2"/><V25/><F82/><W110/><G43/><T84/><D105/><U45/><AGARI ba="0,1" hai="2,3,12,19,20,22,26,28,45,50,55,87,89,94" machi="45" ten="20,5200,0" yaku="1,1,2,1,0,1,7,1,53,0" doraHai="125" doraHaiUra="96" who="1" fromWho="1" sc="250,-26,240,62,250,-13,250,-13" /><INIT seed="1,0,0,1,3,78" ten="224,302,237,237" oya="1" hai0="93,64,83,33,131,34,65,133,70,82,32,74,107" hai1="95,55,112,19,31,117,47,129,99,113,87,61,22" hai2="44,84,130,40,122,67,85,101,14,41,114,24,90" hai3="54,60,50,76,20,115,77,72,132,73,37,25,106"/><U30/><E117/><V119/><F119/><W81/><G37/><T21/><D107/><U91/><E113/><V59/><F122/><W86/><G106/><T2/><D2/><U92/><E112/><V23/><F114/><W3/><G3/><T134/><D74/><U120/><E120/><V89/><F130/><W4/><G4/><T7/><D7/><U63/><E129/><V71/><F71/><W35/><G35/><T127/><D131/><U53/><E63/><N who="2" m="38399" /><F101/><W52/><G115/><T111/><D111/><U88/><E47/><V118/><F14/><W104/><G104/><T105/><D105/><U75/><E75/><V12/><F12/><W8/><G8/><T102/><D127/><U46/><E46/><V26/><F26/><W57/><G132/><N who="0" m="50795" /><D21/><U11/><E11/><V17/><F118/><W108/><G108/><T1/><D1/><U9/><E9/><V16/><F17/><W62/><G76/><T39/><D39/><U56/><E55/><V5/><F44/><W10/><G10/><T68/><D68/><U79/><E79/><V116/><F5/><W0/><G0/><T29/><D29/><U123/><E123/><V27/><F27/><AGARI ba="0,0" hai="19,22,27,30,31,53,56,61,87,88,91,92,95,99" machi="27" ten="30,12000,1" yaku="7,1,25,2,8,1,54,1" doraHai="78" who="1" fromWho="2" sc="224,0,302,120,237,-120,237,0" /><INIT seed="1,1,0,4,4,134" ten="224,422,117,237" oya="1" hai0="74,121,22,103,64,84,105,47,14,15,72,50,13" hai1="79,77,62,73,41,112,104,11,38,5,66,124,32" hai2="119,94,100,91,52,46,58,87,97,123,118,7,83" hai3="133,108,125,120,135,114,12,67,109,130,116,81,51"/><U2/><E112/><V10/><F123/><W69/><G81/><T102/><D105/><U85/><E85/><V45/><F118/><W4/><G12/><T6/><D6/><U1/><E1/><V57/><F57/><W95/><G95/><T17/><D64/><U20/><E20/><V68/><F68/><W44/><G4/><T132/><D132/><N who="3" m="50761" /><G120/><T8/><D121/><U128/><E128/><V88/><F100/><N who="0" m="38442" /><D74/><U27/><E104/><V111/><F119/><W40/><G116/><T25/><D72/><U80/><E79/><V0/><REACH who="2" step="1"/><F111/><REACH who="2" ten="224,422,107,237" step="2"/><N who="3" m="42571" /><G114/><T71/><D71/><U63/><E66/><V19/><F19/><W21/><G130/><T122/><D122/><U42/><E5/><V99/><F99/><W54/><G21/><T36/><D8/><U78/><E11/><V9/><F9/><W127/><G54/><T3/><D22/><U56/><E56/><V129/><F129/><W89/><G89/><T82/><D17/><U113/><E113/><V70/><F70/><W86/><G86/><T117/><D117/><U110/><E32/><V75/><F75/><W61/><AGARI ba="1,1" hai="40,44,51,61,67,69,125,127" m="42571,50761" machi="61" ten="40,12000,2" yaku="20,1,14,1,34,2,52,2" doraHai="134" who="3" fromWho="3" sc="224,-31,422,-61,107,-31,237,133" /><INIT seed="2,0,0,1,3,49" ten="193,361,76,370" oya="2" hai0="55,124,82,28,110,87,86,21,29,69,122,127,48" hai1="53,47,61,111,6,17,46,109,101,8,95,102,81" hai2="116,50,63,10,130,52,5,89,99,112,135,18,42" hai3="0,117,120,41,59,78,19,36,85,60,76,103,67"/><V123/><F116/><W12/><G120/><T100/><D122/><U72/><E17/><V121/><F112/><W129/><G0/><T16/><D69/><U44/><E81/><V3/><F130/><W65/><G117/><T96/><D110/><N who="1" m="41995" /><E72/><V62/><F42/><W51/><G36/><T43/><D43/><U91/><E91/><V114/><F114/><W40/><G40/><T79/><D87/><U13/><E95/><V31/><F31/><W134/><G134/><T128/><D128/><U54/><E61/><V56/><F135/><W15/><G103/><AGARI ba="0,0" hai="6,8,13,44,46,47,53,54,101,102,103" m="41995" machi="103" ten="30,3900,0" yaku="14,1,52,2" doraHai="49" who="1" fromWho="3" sc="193,0,361,39,76,0,370,-39" /><INIT seed="3,0,0,1,3,106" ten="193,400,76,331" oya="3" hai0="15,118,102,42,101,10,47,44,59,97,135,94,65" hai1="61,52,68,84,121,107,45,21,56,86,88,71,1" hai2="36,6,63,7,11,35,72,115,134,53,91,117,49" hai3="126,27,104,98,77,39,0,70,119,92,75,122,17"/><W103/><G0/><T95/><D135/><U14/><E1/><V18/><F117/><W76/><G70/><T80/><D65/><U28/><E121/><V105/><F115/><W50/><G39/><T9/><D59/><U82/><E107/><V87/><F134/><W112/><G112/><T110/><D110/><U22/><E45/><V90/><F105/><W12/><G122/><T51/><D47/><U58/><E22/><V3/><F36/><W23/><G119/><T32/><D32/><U131/><E131/><V78/><F35/><W30/><G126/><T29/><D29/><U37/><E37/><V74/><F63/><W31/><G104/><T54/><D80/><U38/><E38/><V127/><F7/><W100/><G100/><T2/><D2/><U67/><E86/><V48/><F127/><W79/><G50/><T128/><D128/><U130/><E130/><V41/><F41/><W46/><G46/><T8/><D118/><U16/><E28/><V20/><F49/><AGARI ba="0,0" hai="14,16,21,49,52,56,58,61,67,68,71,82,84,88" machi="49" ten="30,7700,0" yaku="7,1,54,3" doraHai="106" who="1" fromWho="2" sc="193,0,400,77,76,-77,331,0" owari="193,-21.0,477,58.0,-1,-50.0,331,13.0" /></mjloggm>