<mjloggm ver="2.3"><GO type="97" lobby="0"/><UN n0="%E3%82%89%E3%82%80%E3%81%A0%E6%9D%91" n1="%E7%92%83%E7%91%A0" n2="%67%65%6D%73" n3="%E3%83%88%E3%83%88%E3%83%AA%E5%85%88%E7%94%9F%31%39%E6%AD%B3" dan="16,13,13,15" rate="2018.37,1864.29,1815.75,2050.39" sx="M,M,F,F"/><TAIKYOKU oya="0"/><INIT seed="0,0,0,4,2,94" ten="250,250,250,250" oya="0" hai0="122,34,135,98,92,134,0,50,13,75,74,54,31" hai1="79,82,12,70,93,115,133,64,49,123,124,59,53" hai2="10,107,112,3,126,63,119,108,17,80,20,66,73" hai3="84,90,11,83,131,26,55,15,37,78,23,22,76"/><T129/><D0/><U29/><E29/><V27/><F107/><W106/><G37/><T57/><D129/><U39/><E123/><V65/><F119/><W18/><G131/><T62/><D122/><U28/><E28/><V41/><F112/><W61/><G106/><T33/><D13/><U21/><E39/><V43/><F126/><W109/><G109/><T111/><D111/><U1/><E1/><V2/><F108/><W46/><G23/><T132/><D62/><U16/><E124/><V4/><F2/><W42/><G42/><T14/><D14/><U52/><E133/><V68/><REACH who="2" step="1"/><F66/><REACH who="2" ten="250,250,240,250" step="2"/><W96/><G96/><T120/><D120/><U95/><E115/><V45/><F45/><W72/><G72/><N who="0" m="27691" /><D31/><U35/><E64/><V99/><F99/><W125/><G125/><T67/><D67/><U58/><E70/><V36/><F36/><W40/><G40/><T87/><D87/><N who="1" m="48607" /><E35/><V60/><F60/><AGARI ba="0,1" hai="12,16,21,49,52,53,58,59,60,93,95" m="48607" machi="60" ten="30,3900,0" yaku="8,1,54,2" doraHai="94" who="1" fromWho="2" sc="250,0,250,49,240,-39,250,0" /><INIT seed="1,0,0,1,4,17" ten="250,299,201,250" oya="1" hai0="56,126,35,68,13,119,11,25,128,103,127,7,77" hai1="54,42,81,21,73,113,132,33,8,63,9,89,88" hai2="64,55,26,97,117,80,48,12,40,75,95,100,27" hai3="130,69,83,34,46,104,133,45,116,102,29,5,36"/><U120/><E120/><V87/><F117/><W94/><G104/><T129/><D68/><U98/><E33/><V79/><F64/><W108/><G69/><T67/><D77/><U96/><E113/><V125/><F125/><N who="0" m="47626" /><D103/><U66/><E42/><V37/><F37/><W43/><G108/><T51/><D119/><U99/><E73/><V44/><F75/><W2/><G130/><N who="0" m="50283" /><D67/><U65/><E132/><V16/><REACH who="2" step="1"/><F40/><REACH who="2" ten="250,299,191,250" step="2"/><W58/><G116/><T28/><D51/><U114/><E114/><V93/><F93/><W53/><G94/><T123/><D56/><N who="1" m="35223" /><E66/><V41/><F41/><W90/><G43/><T92/><D92/><U18/><E65/><V24/><F24/><W131/><G131/><T135/><D123/><U122/><E122/><V23/><AGARI ba="0,1" hai="12,16,23,26,27,44,48,55,79,80,87,95,97,100" machi="23" ten="20,12000,2" yaku="1,1,0,1,7,1,8,1,52,1,54,1,53,1" doraHai="17" doraHaiUra="74" who="2" fromWho="2" sc="250,-30,299,-60,191,130,250,-30" /><INIT seed="2,0,0,5,0,118" ten="220,239,321,220" oya="2" hai0="16,9,24,127,51,135,130,107,69,18,54,48,126" hai1="4,45,90,74,30,125,112,121,31,21,133,85,1" hai2="101,64,61,19,115,26,87,12,86,40,84,131,119" hai3="67,33,13,7,43,83,122,94,37,59,104,62,58"/><V20/><F119/><W109/><G104/><T44/><D107/><U42/><E74/><V111/><F131/><W8/><G33/><T120/><D130/><U82/><E112/><V134/><F134/><W50/><G122/><T79/><D135/><U6/><E133/><V93/><F40/><W91/><G109/><T2/><D69/><U96/><E1/><V52/><F111/><W56/><G37/><T53/><D79/><U103/><E125/><N who="0" m="47625" /><D24/><U34/><E34/><V17/><F115/><W41/><G83/><T99/><D99/><U39/><E31/><V70/><F101/><W71/><REACH who="3" step="1"/><G50/><REACH who="3" ten="220,239,321,210" step="2"/><T23/><D120/><U10/><E121/><V65/><F70/><W92/><G92/><T57/><D23/><U80/><E21/><N who="2" m="11431" /><F93/><W129/><G129/><T25/><D25/><U114/><E114/><V100/><F100/><W72/><G72/><T78/><D78/><U32/><E32/><V128/><F128/><W66/><G66/><T73/><D73/><U75/><E75/><V38/><F38/><W106/><G106/><T5/><AGARI ba="0,1" hai="2,5,9,16,18,44,48,51,53,54,57" m="47625" machi="5" ten="30,2000,0" yaku="18,1,54,1" doraHai="118" who="0" fromWho="0" sc="220,30,239,-5,321,-10,210,-5" /><INIT seed="3,0,0,2,4,94" ten="250,234,311,205" oya="3" hai0="60,115,124,128,81,38,20,19,75,37,131,14,2" hai1="133,15,104,107,56,78,102,23,129,25,100,26,110" hai2="76,24,3,89,117,44,86,99,82,49,118,88,13" hai3="21,47,51,112,97,77,9,80,16,79,67,126,130"/><W105/><G112/><T41/><D115/><U87/><E110/><V8/><F3/><W111/><G130/><N who="0" m="49707" /><D2/><U10/><E129/><V113/><F113/><W7/><G126/><T1/><D1/><U17/><E107/><V6/><F24/><N who="3" m="14375" /><G105/><T85/><D75/><U4/><E133/><V96/><F118/><W69/><G69/><T18/><D124/><U68/><E68/><V65/><F65/><W55/><G111/><T106/><D106/><U58/><E104/><V39/><F39/><N who="0" m="14858" /><D19/><U73/><E73/><V134/><F134/><W109/><G109/><T5/><D60/><U28/><E78/><N who="3" m="29706" /><G67/><T64/><D64/><U43/><E43/><N who="2" m="24735" /><F117/><W48/><G48/><T27/><D41/><U22/><E87/><N who="2" m="48583" /><F89/><W120/><G120/><T132/><D132/><U31/><E4/><V11/><F11/><W123/><G123/><T63/><D85/><U42/><REACH who="1" step="1"/><E42/><REACH who="1" ten="250,224,311,205" step="2"/><V45/><F45/><W57/><G7/><T40/><D40/><U98/><E98/><V114/><F114/><W0/><G0/><T127/><D127/><U84/><E84/><V108/><F108/><W62/><G97/><T59/><D5/><U83/><E83/><AGARI ba="0,1" hai="6,8,13,83,86,88,96,99" m="48583,24735" machi="83" ten="30,8000,1" yaku="25,1,8,1,52,2,54,1" doraHai="94" who="2" fromWho="1" sc="250,0,224,-80,311,90,205,0" owari="250,5.0,144,-36.0,401,50.0,205,-19.0" /></mjloggm>