<mjloggm ver="2.3"><GO type="225" lobby="0"/><UN n0="%E2%98%86%E9%BB%84%E7%80%AC%E3%82%84%E3%82%88%E3%81%84%E2%98%86" n1="%E3%81%86%E3%81%A9%E3%82%93%E5%B1%8B" n2="%E3%83%88%E3%83%88%E3%83%AA%E5%85%88%E7%94%9F%31%39%E6%AD%B3" n3="%E3%81%A1%E3%83%BC%E3%81%A6%E3%82%93" dan="17,17,17,16" rate="2227.61,2161.90,2205.07,2079.59" sx="F,M,F,M"/><TAIKYOKU oya="0"/><INIT seed="0,0,0,0,4,125" ten="250,250,250,250" oya="0" hai0="34,79,42,62,24,81,116,68,57,16,100,107,6" hai1="21,109,89,52,108,3,37,86,70,39,128,78,17" hai2="132,92,59,83,51,127,12,101,88,65,117,119,77" hai3="97,121,104,67,123,26,130,29,32,135,74,48,46"/><T30/><D116/><N who="2" m="44618" /><F127/><W2/><G74/><T45/><D6/><U54/><E70/><V85/><F132/><W84/><G2/><T53/><D68/><U126/><E78/><V93/><F12/><W63/><G135/><T120/><D120/><U96/><E96/><N who="2" m="59535" /><F51/><W106/><G130/><T60/><D100/><U18/><E3/><V20/><F20/><W72/><G72/><T49/><D107/><U5/><E5/><V13/><F13/><W22/><G32/><T90/><D90/><U40/><E126/><V36/><F36/><N who="1" m="13897" /><E40/><V129/><F59/><W113/><G113/><T23/><D62/><U50/><E128/><V102/><F65/><W82/><G97/><T7/><D7/><U69/><E69/><V35/><F102/><W111/><G111/><N who="1" m="42570" /><E21/><V56/><F56/><W8/><G8/><T91/><D34/><U47/><E54/><V1/><F1/><W122/><G67/><T25/><D23/><U110/><E110/><V38/><F38/><W131/><G131/><T118/><D53/><U27/><E27/><V105/><F129/><W44/><G63/><T76/><D60/><U75/><E75/><N who="2" m="43455" /><F35/><W19/><G121/><T4/><D118/><U61/><E61/><V28/><F28/><W64/><G64/><T94/><D30/><U134/><E134/><V43/><F43/><N who="3" m="24607" /><G122/><T115/><D42/><U95/><AGARI ba="0,0" hai="17,18,47,50,52,86,89,95" m="42570,13897" machi="95" ten="30,2000,0" yaku="14,1,54,1" doraHai="125" who="1" fromWho="1" sc="250,-10,250,20,250,-5,250,-5" /><INIT seed="1,0,0,5,5,130" ten="240,270,245,245" oya="1" hai0="74,106,76,9,95,128,110,58,46,59,120,126,64" hai1="80,4,102,5,43,0,81,33,100,90,86,40,55" hai2="38,132,12,42,24,37,112,44,134,28,69,121,48" hai3="63,22,124,45,103,21,15,118,6,13,108,123,56"/><U96/><E33/><V113/><F121/><W53/><G123/><T23/><D120/><U93/><E100/><V125/><F12/><W71/><G108/><T133/><D106/><U20/><E80/><V101/><F101/><W54/><G124/><T116/><D116/><U11/><E4/><V73/><F69/><W8/><G71/><T70/><D9/><U79/><E79/><V68/><F68/><W109/><G109/><T77/><D110/><U31/><REACH who="1" step="1"/><E55/><REACH who="1" ten="240,260,245,245" step="2"/><V99/><F125/><W88/><G103/><T104/><D77/><U83/><E83/><V107/><F73/><W57/><G118/><T75/><D74/><U66/><E66/><V14/><F107/><W67/><G67/><T62/><D75/><U114/><E114/><V1/><F112/><W72/><G72/><T115/><D76/><U52/><E52/><V91/><F113/><W47/><G54/><T127/><D104/><U41/><E41/><V49/><F42/><W16/><G53/><T36/><D115/><U50/><E50/><V129/><F48/><W117/><G117/><T60/><D127/><U84/><E84/><V78/><F49/><W89/><G6/><T26/><D126/><U17/><E17/><V27/><F78/><W25/><G16/><T2/><D64/><U51/><E51/><V61/><F99/><W131/><G63/><T35/><D62/><U122/><E122/><V32/><F61/><W65/><G65/><T18/><D60/><U85/><E85/><V29/><F32/><W97/><G97/><T7/><D35/><U30/><E30/><V98/><F28/><RYUUKYOKU ba="0,1" sc="240,-10,260,30,245,-10,245,-10" hai1="0,5,11,20,31,40,43,81,86,90,93,96,102" /><INIT seed="1,1,1,4,3,18" ten="230,290,235,235" oya="1" hai0="61,32,103,94,123,76,11,55,28,87,98,84,53" hai1="78,93,91,26,121,75,122,101,12,133,23,100,96" hai2="109,25,36,124,54,7,40,134,71,43,64,41,47" hai3="81,59,14,118,48,3,56,104,125,30,62,52,15"/><U4/><E4/><V102/><F102/><N who="1" m="39529" /><E12/><V116/><F7/><W45/><G3/><T13/><D123/><N who="1" m="47115" /><E23/><V112/><F25/><W86/><G104/><T120/><D120/><U119/><E26/><V20/><F20/><W95/><G125/><T108/><D28/><U67/><E67/><V131/><F54/><N who="3" m="34167" /><G95/><T110/><D32/><U49/><E49/><V79/><F64/><W130/><G130/><T113/><D113/><U37/><E37/><V29/><F36/><W58/><G30/><T77/><D61/><U111/><E119/><V2/><F29/><W126/><G126/><T80/><D55/><U74/><E133/><V1/><F40/><W132/><G132/><T19/><D53/><U73/><E111/><V63/><F109/><W114/><G118/><T83/><AGARI ba="1,1" hai="11,13,19,76,77,80,83,84,87,94,98,103,108,110" machi="83" ten="30,2000,0" yaku="0,1,9,1" doraHai="18" who="0" fromWho="0" sc="230,33,290,-11,235,-6,235,-6" /><INIT seed="2,0,0,4,4,130" ten="263,279,229,229" oya="2" hai0="105,46,21,40,125,118,129,75,17,9,48,74,29" hai1="62,69,52,102,76,50,73,110,78,19,121,96,5" hai2="92,80,66,114,45,28,2,18,104,38,81,112,13" hai3="108,14,119,44,15,32,7,55,107,57,3,134,89"/><V1/><F104/><W79/><G119/><T53/><D118/><U126/><E110/><V115/><F28/><W132/><G107/><T111/><D111/><U8/><E126/><V10/><F66/><W23/><G32/><T86/><D129/><U41/><E121/><V49/><F38/><W123/><G123/><T47/><D105/><U42/><E19/><V6/><F92/><W30/><G108/><T39/><D125/><U90/><E90/><V65/><F65/><W103/><G79/><T99/><D99/><U70/><E70/><V82/><REACH who="2" step="1"/><F6/><REACH who="2" ten="263,279,219,229" step="2"/><W22/><G30/><T54/><D29/><U131/><E5/><V11/><F11/><W93/><G7/><T59/><D9/><U97/><E8/><V20/><F20/><W35/><G22/><T60/><D21/><U95/><E131/><V16/><F16/><W36/><G23/><T12/><D17/><U84/><E95/><V124/><F124/><W135/><G93/><T27/><D27/><U56/><E102/><V68/><F68/><W88/><G103/><T133/><D39/><U120/><E120/><V26/><F26/><W64/><G64/><T101/><D101/><U116/><E116/><V24/><F24/><W63/><G35/><T109/><D109/><U83/><E69/><V94/><F94/><W85/><G36/><T34/><D34/><U0/><E83/><V87/><F87/><W58/><G85/><T98/><D86/><U72/><E84/><V128/><F128/><W4/><G4/><T100/><D100/><U127/><E127/><V43/><AGARI ba="0,1" hai="1,2,10,13,18,43,45,49,80,81,82,112,114,115" machi="43" ten="40,12000,1" yaku="1,1,0,1,53,3" doraHai="130" doraHaiUra="77" who="2" fromWho="2" sc="263,-40,279,-40,219,130,229,-40" /><INIT seed="2,1,0,4,2,75" ten="223,239,349,189" oya="2" hai0="69,53,41,78,96,51,76,34,123,85,89,44,72" hai1="90,66,16,8,27,58,67,113,117,48,125,127,9" hai2="37,124,40,102,106,129,82,87,5,23,38,32,119" hai3="115,63,64,108,24,112,97,47,18,71,70,107,116"/><V101/><F119/><W11/><G116/><T39/><D34/><U25/><E117/><V7/><F32/><W28/><G108/><T92/><D123/><U100/><E100/><V62/><F129/><W35/><G71/><T61/><D72/><U131/><E113/><V121/><F121/><W15/><REACH who="3" step="1"/><G47/><REACH who="3" ten="223,239,349,179" step="2"/><T118/><D118/><U80/><E131/><V120/><F120/><W33/><G33/><T77/><D69/><U135/><E127/><V10/><F124/><W17/><G17/><T19/><D19/><U4/><E125/><V79/><F5/><W81/><G81/><N who="0" m="47287" /><D39/><U95/><E80/><V1/><F37/><W6/><G6/><T45/><D44/><U111/><E111/><V86/><F38/><W109/><G109/><T57/><AGARI ba="1,1" hai="41,45,51,53,57,61,76,77,89,92,96" m="47287" machi="57" ten="30,7900,0" yaku="8,1,52,3" doraHai="75" who="0" fromWho="0" sc="223,92,239,-21,349,-40,179,-21" /><INIT seed="3,0,0,5,5,120" ten="315,218,309,158" oya="3" hai0="129,5,48,21,13,78,118,109,15,131,4,51,23" hai1="92,91,99,101,31,37,33,127,64,52,114,41,34" hai2="50,40,100,98,44,8,125,65,22,68,24,93,87" hai3="10,62,43,124,112,66,59,30,32,72,2,70,73"/><W74/><G112/><T79/><D109/><U90/><E114/><V35/><F35/><W25/><G124/><T57/><D57/><U80/><E64/><V16/><F125/><W61/><G43/><T17/><D17/><U46/><E127/><V39/><F68/><W106/><G106/><T102/><D102/><U7/><E7/><V3/><F65/><W47/><G47/><T104/><D104/><U42/><E42/><V133/><F133/><W67/><REACH who="3" step="1"/><G74/><REACH who="3" ten="315,218,309,148" step="2"/><T49/><D118/><U36/><E36/><V27/><F39/><W107/><G107/><T132/><D132/><U75/><E37/><V128/><F44/><W88/><G88/><T103/><D103/><U18/><E41/><V1/><F40/><W86/><G86/><T113/><D113/><U89/><E75/><V56/><F87/><W115/><G115/><T119/><D119/><U82/><E101/><V134/><F134/><W84/><G84/><T135/><D135/><U96/><E89/><V121/><F100/><W54/><G54/><T9/><D131/><U0/><E46/><V28/><F98/><W117/><G117/><T123/><D129/><U97/><E52/><V76/><F121/><W116/><G116/><T83/><D123/><U60/><E91/><V81/><F128/><W95/><G95/><T71/><D79/><U58/><E92/><V55/><F93/><W94/><G94/><T26/><D78/><U11/><E90/><V85/><F85/><W77/><G77/><T108/><D83/><U45/><E45/><V63/><F81/><W111/><G111/><T122/><D108/><RYUUKYOKU ba="0,1" sc="315,-10,218,-10,309,-10,148,30" hai3="2,10,25,30,32,59,61,62,66,67,70,72,73" /><INIT seed="3,1,1,2,0,44" ten="305,208,299,178" oya="3" hai0="93,87,120,57,34,62,90,116,19,105,106,121,124" hai1="31,88,26,21,52,46,98,103,54,72,117,51,8" hai2="99,118,63,40,85,17,67,130,100,76,64,47,12" hai3="1,53,70,30,107,41,6,56,84,83,111,69,125"/><W28/><G107/><T0/><D34/><U73/><E117/><V16/><F118/><W134/><G41/><T112/><D0/><U37/><E37/><V5/><F130/><W77/><G134/><T122/><D116/><U92/><E8/><N who="2" m="4111" /><F63/><W3/><G125/><T104/><D124/><U95/><REACH who="1" step="1"/><E54/><REACH who="1" ten="305,198,299,178" step="2"/><V36/><F36/><W61/><G111/><T20/><D121/><U49/><E49/><N who="2" m="26855" /><F67/><W2/><REACH who="3" step="1"/><G6/><REACH who="3" ten="305,198,299,168" step="2"/><T35/><D122/><U131/><E131/><V11/><F64/><W39/><G39/><T27/><D120/><U25/><E25/><V58/><F17/><W7/><G7/><T101/><D19/><U32/><E32/><V42/><F16/><W45/><G45/><T80/><D35/><U113/><E113/><V55/><F42/><W94/><G94/><T15/><D112/><U66/><E66/><V133/><F133/><W96/><G96/><AGARI ba="1,3" hai="21,26,31,46,51,52,72,73,88,92,95,96,98,103" machi="96" ten="30,12000,2" yaku="1,1,7,1,52,1,54,2,53,1" doraHai="44" doraHaiUra="24" who="1" fromWho="3" sc="305,0,198,153,299,0,168,-123" owari="305,11.0,351,44.0,299,-10.0,45,-45.0" /></mjloggm>