<mjloggm ver="2.3"><GO type="169" lobby="0"/><UN n0="%4E%65%6B%74%61%72" n1="%6D%61%67%69%63%6F" n2="%E3%82%A6%E3%83%AB%E3%83%88%E3%83%A9%E7%AB%8B%E7%9B%B4" n3="%65%6D%70%39%72%6F%72" dan="16,16,17,16" rate="2145.38,2044.15,2148.73,2068.00" sx="M,M,M,M"/><TAIKYOKU oya="0"/><INIT seed="0,0,0,0,0,111" ten="250,250,250,250" oya="0" hai0="120,82,52,8,71,44,105,27,42,81,6,116,65" hai1="66,122,41,32,133,106,53,101,13,91,75,100,12" hai2="31,56,1,87,62,45,127,36,14,30,49,60,28" hai3="102,84,18,21,113,57,51,135,112,0,38,11,47"/><T17/><D116/><U35/><E122/><V94/><F1/><W24/><G38/><T64/><D120/><U96/><E75/><V72/><F72/><W132/><G57/><T89/><D105/><U3/><E3/><V63/><F127/><W85/><G102/><T130/><D130/><U54/><E66/><V77/><F36/><W40/><G85/><T74/><D71/><U90/><E41/><V99/><F14/><W110/><G84/><T69/><D69/><U16/><E96/><V39/><F39/><W80/><G80/><T29/><D17/><U98/><E98/><V37/><F37/><W88/><G88/><T59/><D81/><U125/><E125/><V126/><F126/><W61/><G61/><T123/><D123/><U97/><E97/><V121/><F121/><W7/><REACH who="3" step="1"/><G110/><REACH who="3" ten="250,250,250,240" step="2"/><T131/><D74/><U43/><E91/><V109/><F109/><W55/><G55/><T115/><D89/><U5/><E90/><V50/><F56/><W79/><G79/><T9/><D82/><U118/><E100/><N who="2" m="60535" /><F45/><W108/><G108/><T78/><D44/><U117/><E101/><V33/><F87/><W86/><G86/><T10/><D59/><U129/><E53/><V25/><F77/><W46/><G46/><T34/><D78/><U73/><E54/><V104/><F104/><W107/><G107/><T124/><D52/><U48/><E106/><V134/><F50/><W83/><G83/><T103/><D103/><U119/><E48/><V19/><F49/><W2/><G2/><T93/><D124/><U58/><E73/><V70/><F62/><RYUUKYOKU ba="0,1" sc="250,-10,250,-10,250,-10,240,30" hai3="0,7,11,18,21,24,40,47,51,112,113,132,135" /><INIT seed="1,1,1,0,1,132" ten="240,240,240,270" oya="1" hai0="23,91,11,84,90,135,47,76,83,16,44,50,1" hai1="126,56,116,67,51,46,38,45,96,20,53,30,41" hai2="74,27,13,80,65,113,71,73,88,8,124,111,18" hai3="85,129,63,7,81,40,128,32,101,0,12,42,105"/><U62/><E96/><V34/><F111/><W69/><G0/><T6/><D135/><U22/><E30/><N who="2" m="19807" /><F65/><N who="3" m="41151" /><G32/><T77/><D77/><U43/><E20/><V60/><F60/><W15/><G101/><T31/><D31/><U64/><E22/><V115/><F71/><W106/><G42/><T35/><D35/><U33/><E33/><V54/><F54/><W130/><G40/><T28/><D28/><U109/><E116/><V3/><F3/><W2/><G2/><T82/><D50/><U4/><E4/><V39/><F39/><W98/><G98/><T10/><D10/><U75/><E75/><V86/><F74/><W25/><G25/><T52/><D52/><U37/><E109/><V95/><F95/><W26/><G26/><T121/><D121/><U117/><E117/><V48/><F48/><W21/><G21/><T118/><D118/><U110/><E110/><V5/><F73/><W114/><G7/><T55/><D55/><U14/><E14/><N who="3" m="5162" /><G114/><N who="2" m="43529" /><F18/><W120/><G120/><T68/><D68/><N who="1" m="42007" /><E67/><V61/><F61/><W49/><G130/><T89/><D1/><U99/><E99/><V123/><F123/><W58/><G129/><T57/><D6/><U133/><E133/><V72/><F72/><W127/><G128/><T29/><D11/><U94/><E94/><V131/><F131/><W24/><G24/><T93/><D29/><U122/><E122/><V70/><F70/><W100/><G106/><T59/><D93/><U112/><E112/><V66/><F66/><W102/><G105/><T103/><D103/><U78/><E78/><V107/><F107/><RYUUKYOKU ba="1,1" sc="240,-15,240,15,240,15,270,-15" hai1="37,38,41,43,45,46,51,53,56,126" hai2="5,8,13,80,86,88,124" /><INIT seed="1,2,1,1,3,105" ten="225,255,255,255" oya="1" hai0="38,133,95,72,103,1,73,21,20,37,18,69,94" hai1="8,125,15,118,74,107,119,24,28,80,14,81,34" hai2="101,115,116,98,122,40,97,0,112,65,26,108,56" hai3="35,19,44,75,131,10,87,41,113,61,11,12,70"/><U110/><E107/><V77/><F122/><W90/><G113/><N who="2" m="43593" /><F116/><W78/><G35/><T121/><D1/><U17/><E125/><V2/><F108/><W51/><G131/><T84/><D69/><U127/><E127/><V3/><F40/><W25/><G25/><T33/><D33/><U102/><E102/><V6/><F26/><W129/><G129/><T82/><D133/><U76/><E110/><V106/><F97/><W16/><G78/><T126/><D126/><U29/><E29/><V23/><F23/><W52/><G75/><T100/><D84/><U58/><E58/><V32/><F32/><W67/><G41/><T55/><D82/><U54/><E54/><V59/><F77/><W79/><G79/><T42/><D42/><U13/><REACH who="1" step="1"/><E80/><REACH who="1" ten="225,245,255,255" step="2"/><V48/><F59/><W114/><G114/><T109/><D109/><U49/><E49/><V71/><F71/><W7/><G11/><T83/><D55/><U124/><E124/><V128/><F128/><W66/><G66/><T135/><D83/><AGARI ba="2,2" hai="7,10,12,16,19,44,51,52,61,67,70,83,87,90" machi="83" ten="30,3900,0" yaku="7,1,54,2" doraHai="105" who="3" fromWho="0" sc="225,-45,245,0,255,0,255,65" /><INIT seed="2,0,0,1,4,50" ten="180,245,255,320" oya="2" hai0="135,10,81,28,54,21,86,8,55,9,102,39,122" hai1="123,133,96,15,126,53,92,71,61,108,76,77,79" hai2="46,5,4,99,72,23,33,17,95,129,132,69,89" hai3="7,20,34,116,90,44,27,24,26,18,22,63,67"/><V29/><F129/><W80/><G116/><T115/><D122/><U62/><E123/><V85/><F132/><W113/><G34/><T128/><D115/><U36/><E36/><V88/><F72/><W97/><G113/><T93/><D128/><U110/><E133/><V78/><F69/><W32/><G32/><T35/><D135/><U64/><E126/><V118/><F118/><W14/><G7/><N who="2" m="2633" /><F33/><W59/><G44/><T98/><D35/><U40/><E40/><V58/><F46/><W114/><G114/><T1/><D39/><U37/><E37/><V73/><F73/><W49/><G49/><T2/><D2/><U66/><E15/><N who="2" m="9663" /><F29/><W120/><G120/><T84/><D1/><U109/><E53/><N who="0" m="19977" /><D81/><U130/><E130/><V52/><F78/><W41/><G41/><T127/><D127/><U45/><E45/><V94/><F52/><W75/><G75/><T74/><D74/><U87/><E76/><V43/><F43/><W3/><G3/><T13/><D13/><U11/><E77/><V91/><F58/><W16/><G80/><T104/><D104/><U57/><E79/><V70/><F70/><W25/><G14/><T106/><D106/><U31/><E71/><V100/><AGARI ba="0,0" hai="85,88,89,91,94,95,99,100" m="9663,2633" machi="100" ten="30,3000,0" yaku="8,1,54,1" doraHai="50" who="2" fromWho="2" sc="180,-10,245,-10,255,30,320,-10" /><INIT seed="2,1,0,5,4,63" ten="170,235,285,310" oya="2" hai0="50,84,64,111,20,108,118,89,121,96,97,11,61" hai1="23,112,58,128,42,83,28,113,69,67,10,38,77" hai2="15,124,103,26,86,46,88,55,80,41,90,45,22" hai3="52,60,72,93,133,66,101,104,13,17,68,79,18"/><V120/><F120/><W39/><G104/><T12/><D121/><U95/><E69/><V110/><F124/><W117/><G117/><T9/><D118/><U62/><E128/><V29/><F110/><N who="0" m="42026" /><D50/><U92/><E38/><V2/><F2/><W99/><G39/><T70/><D20/><U91/><E42/><V102/><F55/><W125/><G125/><T0/><D0/><U1/><E1/><V75/><F75/><W56/><G133/><T81/><D11/><U7/><E7/><AGARI ba="1,0" hai="7,9,12,61,64,70,81,84,89,96,97" m="42026" machi="7" ten="30,2000,0" yaku="14,1,52,1" doraHai="63" who="0" fromWho="1" sc="170,23,235,-23,285,0,310,0" /><INIT seed="3,0,0,2,1,5" ten="193,212,285,310" oya="3" hai0="77,52,103,2,63,70,99,111,32,23,25,33,40" hai1="125,42,94,100,28,17,20,12,78,105,58,128,68" hai2="76,65,82,123,91,71,88,135,57,121,126,45,75" hai3="81,8,118,109,48,72,38,69,102,26,60,87,73"/><W98/><G38/><T18/><D111/><U79/><E68/><V110/><F110/><W104/><G109/><T64/><D2/><U51/><E105/><V86/><F126/><W44/><G118/><T19/><D40/><U134/><E125/><V4/><F135/><W131/><G131/><T67/><D67/><U55/><E134/><V21/><F71/><W11/><G26/><T53/><D77/><U80/><E128/><V112/><F112/><W31/><G31/><T116/><D116/><U127/><E127/><V84/><F45/><W9/><G60/><T46/><D19/><U22/><E42/><V27/><F4/><W49/><G69/><T39/><D53/><U3/><E3/><V132/><F132/><W61/><G61/><T133/><D39/><U50/><E50/><V66/><F57/><W113/><G113/><T62/><D133/><U59/><E59/><V93/><F76/><W114/><G114/><T10/><D10/><U129/><E129/><V108/><F75/><W35/><G35/><T36/><D36/><U0/><E0/><V37/><F37/><W115/><G49/><T74/><D74/><U101/><E79/><V34/><F34/><W41/><REACH who="3" step="1"/><G115/><REACH who="3" ten="193,212,285,300" step="2"/><T95/><REACH who="0" step="1"/><D62/><REACH who="0" ten="183,212,285,300" step="2"/><N who="1" m="36191" /><E28/><N who="2" m="17519" /><F108/><W54/><G54/><T90/><D90/><AGARI ba="0,2" hai="8,9,11,41,44,48,72,73,81,87,90,98,102,104" machi="90" ten="40,12000,1" yaku="1,1,52,3,53,0" doraHai="5" doraHaiUra="119" who="3" fromWho="0" sc="183,-120,212,0,285,0,300,140" /><INIT seed="3,1,0,1,2,45" ten="63,212,285,440" oya="3" hai0="88,21,126,131,30,23,63,95,60,40,118,37,46" hai1="41,17,112,72,113,42,2,82,36,79,39,10,15" hai2="29,43,6,89,96,103,93,92,71,11,31,74,75" hai3="116,5,0,110,81,58,125,105,97,120,65,108,26"/><W101/><G116/><T55/><D118/><U114/><REACH who="1" step="1"/><E2/><REACH who="1" ten="63,202,285,440" step="2"/><V109/><F109/><W86/><G0/><T47/><D126/><U76/><E76/><V123/><F123/><W62/><G120/><T80/><D131/><U104/><E104/><V24/><F74/><W49/><G125/><T8/><D80/><U66/><E66/><V48/><F75/><W128/><G128/><T91/><D8/><U19/><E19/><V100/><F11/><W7/><G110/><T77/><D77/><U102/><E102/><V13/><F103/><W14/><G108/><T98/><D91/><U20/><E20/><V133/><F100/><W28/><G101/><T50/><REACH who="0" step="1"/><D21/><REACH who="0" ten="53,202,285,440" step="2"/><U68/><E68/><V3/><F71/><W73/><G81/><T38/><D38/><AGARI ba="1,2" hai="10,15,17,36,38,39,41,42,72,79,82,112,113,114" machi="38" ten="50,3200,0" yaku="21,2,53,0" doraHai="45" doraHaiUra="61" who="1" fromWho="0" sc="53,-35,202,55,285,0,440,0" /><INIT seed="4,0,0,4,0,96" ten="18,257,285,440" oya="0" hai0="98,32,101,21,4,61,3,72,50,55,41,6,89" hai1="70,64,92,37,115,95,121,120,85,30,36,97,5" hai2="66,14,11,114,26,47,19,38,65,31,43,127,86" hai3="133,103,56,42,25,119,129,23,52,83,117,135,116"/><T84/><D72/><U113/><E30/><V111/><F111/><W69/><G69/><T128/><D32/><U44/><E5/><V82/><F127/><W118/><G118/><T12/><D128/><U33/><E33/><V49/><F38/><W67/><G67/><T134/><D134/><N who="3" m="51209" /><G129/><T29/><D3/><U79/><E64/><V0/><F0/><W27/><G42/><T108/><D108/><U68/><E44/><V125/><F114/><N who="1" m="43529" /><E79/><V1/><F1/><W39/><G39/><N who="1" m="14922" /><E85/><V71/><F71/><N who="1" m="27177" /><E97/><V59/><F59/><W94/><G83/><T104/><D41/><U2/><E2/><V45/><F45/><W99/><G23/><T15/><D61/><AGARI ba="0,0" hai="25,27,52,56,61,94,99,103,116,117,119" m="51209" machi="61" ten="40,5200,0" yaku="20,1,52,1,54,1" doraHai="96" who="3" fromWho="0" sc="18,-52,257,0,285,0,440,52" owari="-34,-53.0,257,-14.0,285,9.0,492,58.0" /></mjloggm>