<mjloggm ver="2.3"><GO type="41" lobby="0"/><UN n0="%4D%72%2E%4B%61%69%74%6F" n1="%64%66%61%6C%6E%66%6B%6A" n2="%E2%80%A0%58%54%45%4E%44%E2%80%A0" n3="%E5%B0%B1%E6%B4%BB%E7%94%9F%40%E5%B7%9D%E6%9D%91%E8%BB%8D%E5%9B%A3" dan="15,15,13,15" rate="1947.57,1964.45,1870.80,2030.10" sx="M,M,M,M"/><TAIKYOKU oya="0"/><INIT seed="0,0,0,4,3,69" ten="250,250,250,250" oya="0" hai0="95,127,25,36,15,32,82,63,42,90,100,68,55" hai1="120,107,83,87,26,106,11,28,116,58,30,62,118" hai2="7,86,46,117,88,35,81,52,115,39,99,47,89" hai3="41,102,18,56,130,79,135,0,124,66,122,101,23"/><T92/><D127/><U77/><E120/><V14/><F115/><W40/><G0/><T121/><D121/><U78/><E11/><N who="2" m="4479" /><F39/><W10/><G122/><T50/><D82/><U109/><E109/><V24/><F35/><W49/><G79/><T93/><D100/><U132/><E132/><V65/><F65/><W37/><G130/><T123/><D123/><U98/><E78/><V60/><F24/><W13/><G135/><T51/><D36/><U114/><E114/><V131/><F117/><W59/><G124/><T91/><D42/><N who="3" m="16489" /><G37/><T43/><D43/><U19/><E19/><V53/><F131/><W103/><G49/><N who="0" m="18443" /><D68/><U125/><E125/><V44/><F60/><N who="3" m="38151" /><G59/><N who="0" m="35327" /><D32/><U67/><E107/><V97/><F89/><N who="0" m="33802" /><D15/><U111/><E106/><V113/><F113/><W33/><G33/><T16/><D25/><U38/><E38/><V4/><F4/><W6/><G6/><T9/><D9/><AGARI ba="0,0" hai="9,10,13,18,23,101,102,103" m="38151,16489" machi="9" ten="30,1000,0" yaku="8,1" doraHai="69" who="3" fromWho="0" sc="250,-10,250,0,250,0,250,10" /><INIT seed="1,0,0,2,4,66" ten="240,250,250,260" oya="1" hai0="115,101,39,108,111,91,10,69,128,0,47,117,56" hai1="123,83,35,49,62,95,54,36,119,105,12,33,82" hai2="114,73,4,80,132,15,20,100,113,50,42,72,126" hai3="8,70,89,88,11,94,28,84,23,110,25,124,53"/><U74/><E105/><V102/><F126/><W52/><G110/><N who="0" m="42027" /><D117/><U71/><E123/><V118/><F132/><W21/><G124/><T99/><D115/><U81/><E36/><V104/><F118/><W106/><G106/><N who="0" m="63807" /><D128/><U55/><E74/><V24/><F104/><W48/><G70/><T19/><D56/><U2/><E2/><V61/><F61/><W120/><G120/><T60/><D91/><U122/><E122/><V103/><F4/><W14/><G89/><T133/><D133/><U38/><E38/><V26/><F15/><W93/><G93/><T18/><D10/><U5/><E119/><V63/><F63/><W76/><G76/><T77/><D77/><U65/><E95/><V27/><F20/><N who="3" m="15399" /><G53/><T22/><D22/><N who="3" m="8201" /><G14/><T125/><D0/><U6/><E55/><V16/><F73/><W43/><G43/><N who="0" m="23039" /><D125/><U7/><REACH who="1" step="1"/><E12/><REACH who="1" ten="240,240,250,260" step="2"/><V121/><F121/><W98/><G98/><T129/><D129/><U78/><E78/><V116/><F116/><W37/><G37/><T127/><D127/><U92/><E92/><V59/><F114/><W31/><G31/><T41/><D41/><U135/><E135/><V45/><F113/><W68/><G94/><T30/><D30/><U46/><AGARI ba="0,1" hai="5,6,7,33,35,46,49,54,62,65,71,81,82,83" machi="46" ten="30,6000,0" yaku="1,1,0,1,52,1,53,0" doraHai="66" doraHaiUra="109" who="1" fromWho="1" sc="240,-20,240,70,250,-20,260,-20" /><INIT seed="1,1,0,2,2,10" ten="220,310,230,240" oya="1" hai0="20,70,118,7,88,46,106,22,83,43,13,81,14" hai1="95,66,123,52,115,11,135,111,116,132,50,127,18" hai2="75,38,51,97,57,27,62,133,34,90,12,87,54" hai3="105,35,92,101,74,37,58,119,45,56,1,93,112"/><U91/><E123/><V9/><F75/><W33/><G112/><T42/><D70/><U5/><E115/><V109/><F38/><W32/><G119/><T117/><D106/><U98/><E116/><V24/><F133/><N who="1" m="51273" /><E127/><V63/><F109/><W41/><G1/><T114/><D7/><U121/><E121/><V26/><F97/><W55/><G74/><T122/><D122/><U107/><E66/><V21/><F21/><W59/><G105/><T47/><D114/><U77/><E77/><V82/><REACH who="2" step="1"/><F34/><REACH who="2" ten="220,310,220,240" step="2"/><W8/><G101/><T134/><D134/><U60/><E111/><V124/><F124/><W130/><G130/><T39/><D39/><U89/><E98/><V72/><F72/><W15/><REACH who="3" step="1"/><G55/><REACH who="3" ten="220,310,220,230" step="2"/><T80/><D118/><U36/><E52/><V69/><F69/><W104/><G104/><T30/><D117/><U103/><E103/><V94/><F94/><W31/><G31/><T67/><D30/><U44/><E107/><V99/><F99/><W0/><G0/><T120/><D120/><U64/><E95/><V2/><F2/><W78/><G78/><T6/><D67/><U65/><E65/><V73/><F73/><W53/><G53/><T4/><D81/><U29/><E29/><V17/><AGARI ba="1,2" hai="9,12,17,24,26,27,51,54,57,62,63,82,87,90" machi="17" ten="30,7900,0" yaku="1,1,0,1,8,1,52,1,53,0" doraHai="10" doraHaiUra="102" who="2" fromWho="2" sc="220,-21,310,-40,220,102,230,-21" /><INIT seed="2,0,0,0,5,48" ten="199,270,322,209" oya="2" hai0="72,108,3,100,61,36,130,78,83,67,121,134,18" hai1="0,16,96,21,57,62,4,11,99,75,7,87,51" hai2="2,118,23,79,112,5,111,115,132,123,95,88,117" hai3="97,126,91,14,44,74,46,84,93,77,24,53,64"/><V71/><F71/><W56/><G74/><T116/><D121/><U42/><E75/><V101/><F79/><W39/><G126/><T89/><D108/><U32/><E32/><V113/><F23/><W69/><G69/><T98/><D116/><N who="2" m="44650" /><F5/><W59/><G14/><T27/><D3/><U38/><E38/><V55/><F55/><W29/><G39/><T22/><D36/><U9/><E87/><N who="2" m="52639" /><F2/><W12/><G12/><T81/><D134/><U54/><E42/><V26/><F26/><W33/><G59/><T45/><D45/><U90/><E7/><V125/><F125/><W15/><G64/><T68/><D78/><U107/><E0/><V28/><F28/><W92/><G15/><T135/><D135/><U63/><E4/><V86/><F132/><W103/><REACH who="3" step="1"/><G77/><REACH who="3" ten="199,270,322,199" step="2"/><T70/><D70/><U8/><E57/><V127/><F127/><W114/><G114/><T102/><D68/><U40/><E8/><V119/><F119/><W35/><G35/><T41/><D67/><U60/><E9/><V85/><F123/><W109/><G109/><T10/><D10/><U37/><E11/><V110/><F110/><W133/><G133/><T34/><D34/><U80/><E37/><V106/><F111/><W1/><G1/><T30/><D72/><U20/><E20/><V82/><F115/><W129/><G129/><T43/><D130/><U73/><E73/><V120/><F120/><W124/><G124/><T52/><D22/><U17/><E21/><V31/><F113/><W25/><G25/><T104/><D27/><U50/><E17/><V76/><F112/><RYUUKYOKU ba="0,1" sc="199,-10,270,-10,322,-10,199,30" hai3="24,29,33,44,46,53,56,84,91,92,93,97,103" /><INIT seed="3,1,1,5,4,94" ten="189,260,312,229" oya="3" hai0="130,103,2,107,43,105,78,121,114,61,81,122,66" hai1="26,89,128,118,62,46,69,1,116,57,25,40,31" hai2="49,108,32,126,72,86,0,67,85,39,38,135,13" hai3="22,93,88,80,112,7,120,95,41,71,129,64,87"/><W33/><G33/><T18/><D130/><U92/><E1/><V5/><F0/><W97/><G120/><T84/><D114/><U6/><E6/><V58/><F72/><W52/><G129/><T117/><D117/><N who="1" m="45163" /><E69/><V123/><F32/><W83/><G112/><T47/><D2/><U54/><E31/><V3/><F3/><W48/><G7/><T12/><D107/><U133/><E133/><V42/><F39/><W75/><G41/><T111/><D111/><U110/><E110/><V30/><F38/><W96/><G75/><T29/><D29/><U24/><E128/><V37/><F37/><W44/><G71/><T10/><D103/><U9/><E9/><V8/><F135/><W59/><G22/><T82/><D105/><U73/><E73/><V36/><F36/><W34/><G34/><T27/><D27/><U21/><E21/><V100/><F123/><W14/><G14/><T124/><D124/><U20/><E20/><V65/><F126/><W11/><G11/><T101/><D122/><U102/><E102/><V51/><F100/><N who="3" m="60431" /><G87/><T56/><D121/><U99/><E40/><V74/><F42/><N who="3" m="24599" /><G64/><N who="2" m="24649" /><F74/><W15/><G15/><T90/><D101/><U35/><E35/><V79/><F86/><W106/><G106/><T55/><D66/><N who="1" m="39247" /><E24/><V132/><F132/><W91/><G91/><T76/><D82/><U113/><E113/><V63/><F108/><W23/><G23/><T19/><D19/><U115/><E115/><V50/><F30/><W98/><G98/><T127/><D127/><U16/><E16/><V68/><F68/><W53/><G53/><RYUUKYOKU ba="1,1" sc="189,10,260,10,312,-30,229,10" hai0="10,12,18,43,47,55,56,61,76,78,81,84,90" hai1="25,26,46,54,89,92,99" hai3="52,59,80,83,88,95,97" /><INIT seed="3,2,1,2,2,30" ten="199,270,282,239" oya="3" hai0="100,5,118,127,22,24,75,134,104,97,56,16,26" hai1="62,14,37,3,84,132,28,117,11,123,85,12,47" hai2="52,114,79,2,124,39,32,55,111,53,110,112,131" hai3="109,33,64,6,60,77,86,38,116,113,99,106,48"/><W95/><G38/><T15/><D118/><U120/><E117/><V121/><F39/><W25/><G113/><T46/><D75/><U68/><E132/><V36/><F36/><W61/><G116/><T108/><D108/><U129/><E129/><V9/><F131/><W23/><G109/><N who="2" m="41481" /><F124/><W72/><G72/><T87/><D127/><U13/><E28/><V69/><F69/><W51/><G33/><T21/><D134/><U130/><E130/><V41/><F41/><W89/><G6/><T98/><D5/><U70/><E37/><V102/><F32/><W91/><G77/><T81/><D46/><U73/><E73/><V1/><F121/><W92/><G106/><T103/><D56/><U94/><E47/><V0/><F79/><W8/><G8/><T59/><D59/><U58/><E11/><V74/><F74/><W78/><G78/><T63/><D63/><N who="3" m="24137" /><G64/><T20/><D24/><U107/><E107/><V44/><F102/><W65/><G65/><T18/><D26/><U119/><E119/><V66/><F66/><W49/><G49/><T29/><D29/><AGARI ba="2,1" hai="23,25,29,48,51,86,89,91,92,95,99" m="24137" machi="29" ten="30,1500,0" yaku="8,1" doraHai="30" who="3" fromWho="0" sc="199,-21,270,0,282,0,239,31" /><INIT seed="3,3,0,5,4,101" ten="178,270,282,270" oya="3" hai0="31,117,89,70,103,37,20,55,30,119,41,3,88" hai1="8,95,48,42,78,43,85,127,135,52,114,107,57" hai2="83,61,11,18,106,9,50,118,112,12,102,62,93" hai3="79,120,75,128,58,39,121,81,97,130,25,115,36"/><W59/><G25/><T6/><D70/><U86/><E114/><V67/><F118/><W15/><G115/><T64/><D64/><U113/><E113/><V49/><F112/><W33/><G15/><T91/><D37/><N who="3" m="14409" /><G97/><T74/><D41/><U23/><E135/><V84/><F9/><W16/><G33/><T60/><D74/><U109/><E109/><V87/><F106/><W71/><G16/><T129/><D129/><N who="3" m="49769" /><G71/><T51/><D117/><U133/><E107/><V90/><F102/><W72/><G81/><T21/><D119/><U28/><E133/><V98/><F98/><W124/><G79/><T27/><D103/><U123/><E78/><N who="2" m="46199" /><F67/><W32/><G32/><T80/><D80/><U69/><E69/><V26/><F26/><W116/><G116/><T131/><D131/><U111/><E28/><V45/><F50/><W68/><G68/><T134/><D134/><U125/><E48/><V14/><F14/><W4/><G4/><T104/><D51/><U63/><E8/><V65/><F65/><W24/><G24/><T66/><D66/><U108/><E108/><V35/><F35/><W53/><G53/><AGARI ba="3,0" hai="11,12,18,45,49,53,61,62,87,90,93" m="46199" machi="53" ten="30,1000,0" yaku="8,1" doraHai="101" who="2" fromWho="3" sc="178,0,270,0,282,19,270,-19" /><INIT seed="4,0,0,4,1,13" ten="178,270,301,251" oya="0" hai0="83,36,33,45,75,91,50,65,112,70,127,57,128" hai1="129,52,134,87,19,66,62,67,78,8,14,68,117" hai2="94,39,10,58,95,22,35,133,111,23,82,40,108" hai3="55,34,31,2,4,42,48,76,79,56,29,21,3"/><T60/><D33/><U27/><E117/><V63/><F35/><W88/><G34/><T93/><D112/><U109/><E109/><V115/><F115/><W43/><G2/><T97/><D128/><U84/><E134/><V12/><F133/><W18/><G3/><T110/><D110/><U92/><E129/><V20/><F39/><W119/><G4/><T0/><D127/><U98/><E27/><V72/><F40/><N who="3" m="15403" /><G88/><T121/><D0/><U54/><E67/><V107/><F107/><W104/><G104/><T46/><D121/><U53/><REACH who="1" step="1"/><E78/><REACH who="1" ten="178,260,301,251" step="2"/><N who="3" m="29738" /><G119/><T125/><D125/><U15/><E15/><AGARI ba="0,1" hai="15,18,21,29,31,48,55,56" m="29738,15403" machi="15" ten="30,2000,0" yaku="8,1,52,1" doraHai="13" who="3" fromWho="1" sc="178,0,260,-20,301,0,251,30" /><INIT seed="5,0,0,5,4,35" ten="178,240,301,281" oya="1" hai0="110,47,76,49,79,127,50,83,36,48,70,102,5" hai1="100,74,4,27,30,28,103,1,115,45,8,59,135" hai2="101,113,132,117,17,55,125,22,98,130,131,84,18" hai3="111,92,81,13,34,107,71,88,104,56,20,99,64"/><U67/><E135/><V93/><F117/><W24/><G111/><T120/><D110/><U2/><E74/><V38/><F38/><W21/><G71/><T41/><D70/><U118/><E118/><V6/><F132/><W123/><G123/><T90/><D120/><U33/><E115/><V134/><F134/><W10/><G34/><T78/><D127/><U96/><E45/><V11/><F125/><W75/><G75/><T63/><D102/><U26/><E2/><N who="2" m="471" /><F113/><W77/><G104/><T114/><D114/><U58/><E67/><V133/><F133/><W40/><G40/><T95/><D5/><U122/><E122/><V86/><F55/><W128/><G107/><T16/><D63/><U129/><E129/><N who="2" m="49163" /><F18/><W91/><G24/><AGARI ba="0,0" hai="17,22,24,84,86,93,98,101" m="49163,471" machi="24" ten="30,2000,0" yaku="19,1,52,1" doraHai="35" who="2" fromWho="3" sc="178,0,240,0,301,20,281,-20" /><INIT seed="6,0,0,2,0,77" ten="178,240,321,261" oya="2" hai0="134,49,53,42,73,79,25,82,121,83,45,34,6" hai1="109,29,35,72,2,91,59,118,20,117,115,100,54" hai2="3,95,129,67,24,37,97,61,56,104,65,30,98" hai3="60,93,39,120,9,135,71,58,102,105,116,63,111"/><V94/><F37/><W1/><G105/><T127/><D127/><U74/><E109/><V4/><F104/><W103/><G39/><T8/><D134/><U43/><E115/><V106/><F106/><W7/><G111/><T13/><D121/><U112/><E112/><V126/><F129/><W107/><G107/><T92/><D92/><U62/><E100/><V22/><F126/><W21/><G120/><T40/><D34/><U125/><E35/><V78/><F78/><W44/><G135/><T36/><D25/><U66/><E2/><V0/><F67/><W32/><G32/><T99/><D99/><U64/><E43/><V88/><REACH who="2" step="1"/><F4/><REACH who="2" ten="178,240,311,261" step="2"/><W76/><G76/><T23/><D79/><U33/><E125/><V41/><F41/><W85/><G7/><T89/><D40/><U16/><E118/><V86/><F86/><W132/><G85/><T50/><D36/><U130/><E117/><V57/><F57/><W28/><G58/><T119/><D119/><U31/><E130/><V10/><F10/><W26/><G9/><T110/><D110/><U101/><E74/><V48/><F48/><W128/><G116/><T84/><D73/><U114/><E72/><V15/><F15/><W124/><G128/><T68/><D68/><U46/><E114/><V11/><F11/><W19/><G71/><T52/><D50/><U113/><E113/><V27/><F27/><W81/><G26/><T38/><D38/><U12/><E12/><V55/><F55/><N who="0" m="21066" /><D23/><U5/><E20/><V47/><F47/><W69/><G21/><T90/><D84/><U17/><E46/><RYUUKYOKU ba="0,1" sc="178,15,240,-15,311,15,261,-15" hai0="6,8,13,42,45,49,82,83,89,90" hai2="0,3,22,24,30,56,61,65,88,94,95,97,98" /><INIT seed="6,1,1,3,3,2" ten="193,225,326,246" oya="2" hai0="15,1,19,10,124,62,128,98,113,50,65,30,36" hai1="122,6,114,77,34,35,4,129,61,92,85,13,126" hai2="101,116,54,79,66,73,25,94,5,76,8,58,130" hai3="52,21,63,110,70,91,87,38,100,109,68,28,16"/><V48/><F116/><W133/><G133/><T69/><D36/><U33/><E114/><V107/><F107/><W14/><G38/><T120/><D120/><U95/><E122/><V135/><F135/><W0/><G0/><T3/><D113/><U80/><E129/><V23/><F130/><W41/><G41/><T99/><D128/><U118/><E118/><V104/><F66/><W32/><G100/><T57/><D124/><U74/><E126/><V83/><F104/><W78/><G78/><T42/><D30/><U67/><E13/><V53/><F53/><W108/><G32/><T125/><D125/><U97/><E74/><V29/><F79/><W102/><G28/><T9/><D1/><U127/><E127/><V72/><F101/><W84/><G102/><T56/><D69/><U51/><E51/><V86/><F94/><W64/><G84/><T46/><REACH who="0" step="1"/><D57/><REACH who="0" ten="183,225,326,246" step="2"/><U115/><E115/><V37/><F37/><W45/><G70/><T22/><D22/><U82/><E35/><V60/><F60/><W93/><G110/><T27/><D27/><U20/><E33/><V119/><F119/><W132/><G132/><T47/><D47/><U111/><E34/><V7/><REACH who="2" step="1"/><F8/><REACH who="2" ten="183,225,316,246" step="2"/><W88/><G109/><T134/><D134/><U12/><E111/><V75/><AGARI ba="1,3" hai="5,7,23,25,29,48,54,58,72,73,75,76,83,86" machi="75" ten="30,24000,3" yaku="1,1,2,1,0,1,52,2,53,3" doraHai="2" doraHaiUra="105" who="2" fromWho="2" sc="183,-81,225,-81,316,273,246,-81" /><INIT seed="6,2,0,5,4,28" ten="102,144,589,165" oya="2" hai0="87,104,82,121,61,10,21,55,90,41,16,2,6" hai1="26,106,80,133,25,79,75,36,93,14,29,122,123" hai2="58,9,110,3,134,53,120,50,24,8,34,103,96" hai3="43,85,0,23,94,68,37,98,13,101,1,40,11"/><V105/><F120/><N who="1" m="46121" /><E106/><V47/><F134/><W44/><G68/><T31/><D104/><U108/><E108/><V116/><F116/><W81/><G43/><T57/><D121/><U67/><E36/><V22/><F34/><W46/><G23/><T124/><D124/><U30/><E133/><V4/><F110/><W27/><G27/><N who="1" m="10250" /><E67/><V97/><F97/><W128/><G46/><T109/><D109/><U111/><E111/><V60/><F9/><W115/><G128/><T63/><D41/><U130/><E130/><V72/><F72/><W15/><G15/><T131/><D131/><U114/><E114/><V84/><F84/><W32/><G32/><T12/><REACH who="0" step="1"/><D31/><REACH who="0" ten="92,144,589,165" step="2"/><U83/><E29/><V17/><REACH who="2" step="1"/><F47/><REACH who="2" ten="92,144,579,165" step="2"/><W100/><G44/><T56/><D56/><U52/><E75/><V125/><F125/><W132/><G132/><T74/><D74/><U48/><E30/><V70/><F70/><W69/><G69/><T51/><AGARI ba="2,2" hai="2,6,10,12,16,21,51,55,57,61,63,82,87,90" machi="51" ten="20,12000,2" yaku="1,1,0,1,7,1,54,1,53,2" doraHai="28" doraHaiUra="59" who="0" fromWho="0" sc="92,146,144,-32,579,-62,165,-32" /><INIT seed="7,0,0,0,5,131" ten="238,112,517,133" oya="3" hai0="117,118,98,77,54,81,21,113,12,96,34,7,64" hai1="87,69,61,4,94,30,49,15,124,3,11,129,71" hai2="95,79,63,97,41,35,83,40,22,88,65,78,76" hai3="14,112,127,70,74,93,135,91,72,89,6,24,99"/><W26/><G70/><T75/><D34/><U67/><E129/><V13/><F35/><W50/><G127/><T18/><D64/><U100/><E124/><V59/><F83/><W47/><G112/><T110/><D110/><U23/><E49/><V36/><F36/><W8/><G135/><T56/><D7/><U116/><E116/><V27/><F13/><W90/><G74/><T85/><D113/><U101/><E71/><V108/><F108/><W128/><G72/><T46/><D46/><U25/><E94/><V17/><AGARI ba="0,0" hai="17,22,27,40,41,59,63,65,76,78,79,88,95,97" machi="17" ten="30,4000,0" yaku="0,1,8,1,54,1" doraHai="131" who="2" fromWho="2" sc="238,-10,112,-10,517,40,133,-20" owari="228,3.0,102,-40.0,557,66.0,113,-29.0" /></mjloggm>