<mjloggm ver="2.3"><GO type="169" lobby="0"/><UN n0="%E9%87%8C%E4%B8%AD%E4%BA%9C%E7%9F%A2%E5%AD%90" n1="%CE%BC%E3%81%97%E3%82%82%E3%81%A7" n2="%E3%82%A6%E3%83%AB%E3%83%88%E3%83%A9%E7%AB%8B%E7%9B%B4" n3="%63%68%61%72%68%69%6D%65" dan="16,16,17,16" rate="2067.72,2150.05,2165.62,2042.40" sx="F,M,M,F"/><TAIKYOKU oya="0"/><INIT seed="0,0,0,5,0,97" ten="250,250,250,250" oya="0" hai0="21,96,123,18,65,80,25,28,109,72,82,83,87" hai1="6,0,8,74,84,46,49,132,128,78,99,112,41" hai2="1,90,34,100,98,59,117,5,40,110,85,127,106" hai3="14,104,52,43,20,118,121,61,135,23,60,120,124"/><T95/><D123/><N who="3" m="47177" /><G118/><T26/><D72/><U105/><E112/><V94/><F117/><W115/><G115/><T9/><D109/><U86/><E132/><V93/><F110/><W67/><G135/><T29/><D65/><U81/><E128/><V36/><F127/><W15/><G43/><T130/><D130/><U48/><E105/><V33/><F59/><N who="3" m="34919" /><G124/><T39/><D39/><N who="1" m="21823" /><E99/><V103/><F40/><W54/><G54/><T57/><D57/><U30/><E30/><V69/><F69/><W37/><G104/><T55/><D55/><U27/><E27/><V126/><F36/><W89/><G89/><N who="0" m="55407" /><D25/><U17/><E17/><V7/><F126/><W114/><G37/><T71/><D71/><U11/><E11/><V76/><F106/><W134/><G134/><T107/><D107/><U73/><E73/><V101/><F76/><W70/><G114/><T111/><D111/><U102/><E49/><V62/><F62/><W122/><G122/><T88/><D9/><U91/><E48/><V24/><F24/><W129/><G129/><T68/><D68/><U2/><E2/><V3/><F3/><W63/><G63/><T113/><D113/><U4/><E4/><V47/><F47/><W79/><G79/><T38/><D38/><U19/><E19/><V32/><REACH who="2" step="1"/><F1/><REACH who="2" ten="250,250,240,250" step="2"/><W64/><G64/><T108/><D108/><U13/><E0/><V31/><F31/><AGARI ba="0,1" hai="18,21,26,28,29,31,80,82,83,87,88" m="55407" machi="31" ten="30,2900,0" yaku="8,1,54,1" doraHai="97" who="0" fromWho="2" sc="250,39,250,0,240,-29,250,0" /><INIT seed="0,1,0,4,3,78" ten="289,250,211,250" oya="0" hai0="67,133,123,115,39,86,118,9,46,19,97,88,42" hai1="106,98,57,38,116,0,24,82,107,22,102,111,10" hai2="71,65,63,130,35,100,119,120,28,37,40,20,135" hai3="109,51,48,112,43,83,53,52,12,121,50,16,47"/><T126/><D123/><U84/><E116/><V58/><F120/><W110/><G112/><T124/><D118/><U131/><E131/><V6/><F130/><W55/><G121/><T89/><D115/><U49/><E111/><N who="3" m="42506" /><G83/><N who="0" m="49247" /><D67/><U11/><E38/><V64/><F119/><W18/><G12/><N who="0" m="7567" /><D97/><U94/><E0/><V21/><F65/><W4/><G4/><T68/><D89/><N who="1" m="51351" /><E107/><V14/><F64/><W59/><G59/><T76/><D76/><U72/><E106/><V62/><F58/><W56/><G56/><T7/><D7/><U3/><E3/><V2/><F6/><W128/><G128/><T127/><D133/><U13/><E72/><V29/><F2/><W91/><G91/><T41/><D41/><U36/><E36/><AGARI ba="1,0" hai="16,18,36,43,47,48,50,51,52,53,55" m="42506" machi="36" ten="40,5200,0" yaku="14,1,54,2" doraHai="78" who="3" fromWho="1" sc="289,0,250,-55,211,0,250,55" /><INIT seed="1,0,0,2,4,15" ten="289,195,211,305" oya="1" hai0="19,51,89,57,71,0,27,119,109,106,54,13,34" hai1="94,116,18,62,10,67,66,45,88,97,48,56,84" hai2="134,102,99,85,95,22,124,49,46,47,40,123,122" hai3="120,14,2,92,87,61,118,125,108,114,82,77,81"/><U78/><E116/><V7/><F124/><W17/><G2/><T74/><D74/><U6/><E67/><V110/><F110/><W90/><G120/><T130/><D0/><U69/><E69/><V80/><F134/><W132/><G114/><T23/><D119/><U55/><E6/><V58/><F7/><W20/><G132/><T8/><D109/><U98/><E78/><V12/><F58/><W86/><G125/><T72/><D72/><U9/><E10/><V70/><F70/><W126/><G126/><T59/><D106/><U93/><E94/><V52/><F12/><AGARI ba="0,0" hai="9,12,18,45,48,55,56,62,66,84,88,93,97,98" machi="12" ten="40,7700,0" yaku="8,1,52,1,54,1" doraHai="15" who="1" fromWho="2" sc="289,0,195,77,211,-77,305,0" /><INIT seed="1,1,0,3,2,84" ten="289,272,134,305" oya="1" hai0="60,135,85,70,50,102,13,116,16,74,24,107,65" hai1="119,39,134,20,108,15,52,57,126,27,87,33,77" hai2="129,38,86,32,94,93,43,45,35,132,117,4,95" hai3="113,6,112,89,130,3,11,115,51,28,8,21,55"/><U104/><E39/><V69/><F117/><W118/><G118/><T22/><D74/><U37/><E37/><V40/><F129/><W111/><G130/><T64/><D116/><U83/><E119/><V5/><F69/><W98/><G111/><T73/><D73/><U124/><E104/><V81/><F132/><W133/><G133/><T96/><D65/><U80/><E134/><V54/><F54/><W61/><G61/><T123/><D123/><U56/><E108/><V110/><F110/><W79/><G79/><T88/><D50/><U76/><E33/><V12/><F43/><W25/><G11/><T66/><D66/><U106/><E106/><V114/><F114/><W17/><G28/><T128/><D135/><U7/><E57/><V72/><F72/><W92/><REACH who="3" step="1"/><G115/><REACH who="3" ten="289,272,134,295" step="2"/><T58/><D128/><U42/><E76/><V120/><F120/><W48/><G48/><T31/><D31/><U97/><E77/><V127/><F127/><W47/><AGARI ba="1,1" hai="3,6,8,17,21,25,47,51,55,89,92,98,112,113" machi="47" ten="20,5200,0" yaku="1,1,0,1,7,1,52,1,53,0" doraHai="84" doraHaiUra="125" who="3" fromWho="3" sc="289,-14,272,-27,134,-14,295,65" /><INIT seed="2,0,0,2,2,37" ten="275,245,120,360" oya="2" hai0="63,43,72,93,13,56,29,106,0,41,12,112,86" hai1="107,61,132,47,49,26,130,80,59,99,3,30,33" hai2="15,83,133,119,4,104,67,24,121,70,58,77,101" hai3="42,94,128,52,62,127,111,102,31,78,54,89,113"/><V73/><F121/><W91/><G128/><T88/><D0/><U109/><E109/><V25/><F119/><W97/><G111/><T100/><D72/><U16/><E132/><V131/><F131/><W98/><G127/><T27/><D112/><U20/><E130/><V44/><F133/><W74/><G31/><T39/><D39/><U34/><E3/><V134/><F134/><W17/><G78/><T46/><D46/><U116/><E116/><V124/><F124/><W51/><G74/><T95/><D106/><U11/><E80/><V9/><F70/><W6/><G6/><T129/><D129/><U19/><E107/><V122/><F122/><W35/><G35/><T68/><D68/><U45/><E99/><V65/><F101/><W79/><G79/><T38/><D38/><U126/><E126/><V53/><F104/><W105/><G89/><T23/><D12/><U64/><E45/><V90/><F90/><W120/><G120/><T14/><D14/><N who="1" m="7263" /><E34/><V76/><F76/><W2/><G2/><T75/><D13/><U8/><E33/><V92/><F92/><N who="3" m="58663" /><G17/><T5/><D5/><U85/><E85/><N who="2" m="48367" /><F44/><N who="3" m="26007" /><G105/><T60/><D75/><U114/><E114/><V115/><F73/><W21/><G21/><T28/><D28/><U103/><E103/><V110/><F110/><W18/><G18/><T117/><D117/><U1/><E1/><V36/><F36/><W71/><G113/><T55/><D63/><U48/><E47/><V87/><F115/><W84/><G98/><AGARI ba="0,0" hai="23,27,29,41,43,55,56,60,86,88,93,95,98,100" machi="98" ten="40,8000,1" yaku="8,1,52,2,54,1" doraHai="37" who="0" fromWho="3" sc="275,80,245,0,120,0,360,-80" /><INIT seed="3,0,0,2,0,46" ten="355,245,120,280" oya="3" hai0="128,118,44,86,63,9,96,126,131,13,109,28,78" hai1="124,43,98,87,4,68,66,132,65,34,18,12,22" hai2="26,15,1,25,92,30,81,79,69,129,39,101,76" hai3="93,90,33,51,29,112,55,38,16,114,20,80,23"/><W74/><G38/><T24/><D118/><U48/><E124/><V125/><F69/><W133/><G33/><T117/><D117/><U3/><E132/><V89/><F1/><W121/><G121/><T107/><D126/><U57/><E68/><V27/><F39/><W64/><G64/><T94/><D107/><U82/><E34/><V75/><F125/><W95/><G133/><T70/><D109/><U59/><E3/><V104/><F129/><N who="0" m="49738" /><D44/><N who="1" m="25631" /><E98/><V119/><F119/><W40/><G40/><T103/><D63/><U84/><E4/><V130/><F130/><W56/><G74/><T8/><D70/><U100/><E100/><V45/><F45/><W110/><G110/><T61/><D61/><U88/><E87/><V52/><F52/><W36/><G36/><T71/><D71/><U37/><E37/><V122/><F122/><W116/><G116/><T111/><D111/><U0/><E0/><V42/><F42/><W14/><G95/><T134/><D134/><U54/><E57/><V53/><F53/><W49/><G80/><N who="0" m="47383" /><D13/><U120/><E120/><V99/><F15/><W17/><G112/><T10/><D10/><U19/><E19/><V73/><F73/><W77/><G29/><T85/><D85/><U32/><E32/><AGARI ba="0,0" hai="8,9,24,28,32,94,96,103" m="47383,49738" machi="32" ten="30,1000,0" yaku="19,1" doraHai="46" who="0" fromWho="1" sc="355,10,245,-10,120,0,280,0" /><INIT seed="4,0,0,4,3,44" ten="365,235,120,280" oya="0" hai0="121,16,101,17,133,79,2,97,13,20,107,41,93" hai1="103,43,98,80,53,37,85,67,0,35,123,124,9" hai2="125,28,86,58,25,23,34,12,114,129,62,36,130" hai3="42,116,3,56,22,83,40,47,89,102,94,135,118"/><T1/><D121/><U92/><E123/><V10/><F36/><W72/><G3/><T111/><D133/><U100/><E124/><V104/><F125/><W64/><G135/><T110/><D79/><U78/><E35/><V82/><F104/><W122/><G122/><T69/><D69/><U105/><E67/><V51/><F114/><W21/><G42/><T4/><D4/><U99/><E43/><V88/><F34/><W61/><G102/><T108/><D93/><U32/><E37/><V132/><F132/><W59/><G59/><T66/><D66/><U112/><E32/><V96/><F96/><W117/><G83/><T14/><REACH who="0" step="1"/><D41/><REACH who="0" ten="355,235,120,280" step="2"/><U70/><E70/><V39/><F62/><W60/><G60/><T126/><D126/><U8/><E112/><V71/><F71/><W131/><G72/><T31/><D31/><U27/><E0/><V68/><F68/><W45/><G40/><T65/><D65/><U54/><E78/><V19/><REACH who="2" step="1"/><F39/><REACH who="2" ten="355,235,110,280" step="2"/><W57/><G118/><T84/><D84/><U55/><E85/><V18/><F18/><W24/><G117/><T128/><D128/><U15/><E105/><V63/><F63/><N who="3" m="37991" /><G131/><T74/><D74/><U120/><E120/><V38/><F38/><W5/><G116/><T7/><D7/><U33/><E99/><V106/><F106/><W52/><G5/><T29/><D29/><U76/><E98/><V26/><F26/><W119/><G119/><T30/><D30/><U91/><E27/><V95/><F95/><W109/><G24/><T46/><D46/><N who="3" m="17417" /><G109/><T49/><D49/><U90/><E92/><RYUUKYOKU ba="0,2" sc="355,10,235,-30,110,10,280,10" hai0="1,2,13,14,16,17,20,97,101,107,108,110,111" hai2="10,12,19,23,25,28,51,58,82,86,88,129,130" hai3="21,22,52,57,61,89,94" /><INIT seed="4,1,2,4,0,67" ten="365,205,120,290" oya="0" hai0="61,33,2,98,88,49,37,31,60,91,66,57,115" hai1="58,35,75,112,69,100,76,62,0,24,9,123,107" hai2="128,51,134,70,14,121,132,30,129,12,78,135,120" hai3="95,74,94,46,19,26,54,63,127,48,101,15,114"/><T73/><D37/><U87/><E123/><N who="2" m="47179" /><F78/><W59/><G74/><T131/><D131/><N who="2" m="50250" /><F51/><W55/><G114/><T113/><D2/><U130/><E130/><V80/><F80/><W84/><G26/><N who="0" m="18679" /><D73/><U22/><E112/><N who="0" m="43081" /><D49/><U111/><E111/><V126/><F70/><W41/><G127/><T81/><D81/><U77/><E35/><V105/><F105/><W90/><G101/><T104/><D61/><U72/><E107/><V93/><F93/><N who="3" m="54471" /><G41/><T32/><D32/><U125/><E100/><AGARI ba="1,2" hai="57,60,66,88,91,98,100,104" m="43081,18679" machi="100" ten="30,2900,0" yaku="15,1,54,1" doraHai="67" who="0" fromWho="1" sc="365,52,205,-32,120,0,290,0" /><INIT seed="4,2,0,1,0,8" ten="417,173,120,290" oya="0" hai0="67,90,33,71,75,23,27,0,70,110,88,103,11" hai1="21,100,10,59,56,19,93,117,41,45,51,15,80" hai2="4,94,32,131,95,18,28,115,14,111,49,64,69" hai3="84,112,2,74,34,16,123,30,46,133,65,29,124"/><T85/><D75/><U135/><E117/><V13/><F111/><W108/><G74/><T105/><D110/><U17/><E135/><V79/><F32/><W126/><G108/><T35/><D11/><U42/><E42/><V39/><F39/><W134/><G65/><T12/><D0/><U26/><REACH who="1" step="1"/><E80/><REACH who="1" ten="417,163,120,290" step="2"/><V72/><F131/><W55/><G134/><T24/><D71/><U52/><E52/><V60/><F69/><W58/><G133/><T62/><D70/><U125/><E125/><V66/><F64/><W31/><G126/><T122/><D67/><U82/><E82/><V83/><F66/><W104/><G55/><T86/><D122/><U5/><E5/><V121/><F4/><W113/><G123/><T109/><D109/><U96/><AGARI ba="2,1" hai="10,15,17,19,21,26,41,45,51,56,59,93,96,100" machi="96" ten="30,8000,1" yaku="1,1,0,1,8,1,52,1,53,1" doraHai="8" doraHaiUra="89" who="1" fromWho="1" sc="417,-42,163,96,120,-22,290,-22" /><INIT seed="5,0,0,0,2,82" ten="375,259,98,268" oya="1" hai0="125,96,49,69,110,78,89,11,97,64,4,33,121" hai1="25,106,2,129,55,80,86,5,52,108,123,35,114" hai2="93,21,18,26,62,19,83,29,42,126,85,32,99" hai3="102,71,38,15,91,22,107,9,128,119,28,40,118"/><U6/><E123/><V135/><F126/><W1/><G71/><T12/><D33/><U66/><E108/><V132/><F42/><W73/><G128/><T75/><D110/><U100/><E129/><V68/><F68/><W84/><G1/><T112/><D112/><U95/><E114/><V92/><F62/><W109/><G73/><T47/><D125/><U127/><E127/><V61/><F61/><W48/><G38/><T59/><D69/><U10/><E6/><V46/><F46/><N who="3" m="25671" /><G109/><T130/><D130/><U70/><E66/><V105/><F105/><W74/><G74/><T54/><D78/><U44/><E106/><V87/><F83/><W43/><G43/><N who="0" m="24831" /><D75/><U133/><E133/><N who="2" m="51275" /><F93/><N who="3" m="54503" /><G107/><T124/><D124/><U88/><E70/><V104/><F104/><W115/><G115/><T27/><D64/><U122/><E122/><V30/><F30/><W63/><G63/><N who="0" m="36343" /><D121/><U117/><E117/><N who="3" m="44554" /><G28/><T65/><D65/><U56/><E44/><V94/><F94/><W131/><G102/><T113/><D113/><U37/><E37/><V98/><F98/><N who="0" m="37994" /><D27/><U120/><E120/><V7/><F7/><W41/><G131/><T57/><D57/><U60/><E55/><V45/><F45/><W111/><G111/><T16/><D4/><U101/><REACH who="1" step="1"/><E95/><REACH who="1" ten="375,249,98,268" step="2"/><V58/><F58/><W17/><G41/><T76/><D76/><U51/><E51/><V13/><F19/><W81/><G81/><T67/><D67/><U79/><E79/><V3/><F3/><W39/><G39/><T24/><D16/><U103/><E103/><AGARI ba="0,1" hai="13,18,21,26,29,32,85,87,92,99,103" m="51275" machi="103" ten="30,3900,0" yaku="20,1,52,2" doraHai="82" who="2" fromWho="1" sc="375,0,249,-39,98,49,268,0" /><INIT seed="6,0,0,2,0,45" ten="375,210,147,268" oya="2" hai0="98,30,90,101,105,56,68,83,6,117,135,59,57" hai1="111,29,63,116,73,53,2,32,75,96,43,61,60" hai2="19,87,123,11,93,100,52,84,107,66,72,112,79" hai3="104,48,14,85,9,34,78,55,110,127,92,67,10"/><V80/><F123/><W41/><G110/><T94/><D68/><U122/><E116/><V69/><F112/><W106/><G34/><T124/><D135/><U40/><E122/><V46/><F69/><W31/><G31/><T50/><D6/><U24/><E111/><V81/><F66/><W71/><G41/><T37/><D37/><U115/><E115/><V109/><F109/><W17/><G127/><T132/><D132/><U20/><E2/><V62/><F107/><W74/><G74/><T125/><D83/><N who="2" m="31818" /><F72/><W44/><G78/><T33/><D117/><U15/><E75/><V26/><F79/><W121/><G121/><T103/><D30/><U23/><E73/><V1/><F1/><W35/><G35/><T76/><D76/><U22/><E15/><N who="2" m="7679" /><F26/><W36/><G36/><T118/><D118/><U42/><REACH who="1" step="1"/><E96/><REACH who="1" ten="375,200,147,268" step="2"/><N who="2" m="59407" /><F62/><W38/><G106/><T13/><D105/><U39/><E39/><V58/><F58/><AGARI ba="0,1" hai="20,22,23,24,29,32,40,42,43,53,58,60,61,63" machi="58" ten="40,8000,1" yaku="1,1,53,3" doraHai="45" doraHaiUra="18" who="1" fromWho="2" sc="375,0,200,90,147,-80,268,0" /><INIT seed="7,0,0,2,2,19" ten="375,290,67,268" oya="3" hai0="90,72,17,28,54,70,64,12,48,135,14,112,82" hai1="134,67,76,124,58,47,104,97,129,128,126,16,118" hai2="3,8,60,80,88,85,22,27,108,13,122,52,84" hai3="50,69,68,119,63,127,44,10,59,123,87,131,89"/><W26/><G123/><T46/><D28/><U39/><E76/><V107/><F107/><W6/><G119/><T133/><D112/><U15/><E118/><V125/><F125/><N who="1" m="48233" /><E104/><V78/><F3/><W121/><G121/><T101/><D101/><U37/><E97/><V71/><F71/><W106/><G106/><T115/><D115/><U130/><E47/><V23/><F122/><W93/><G131/><T31/><D31/><U114/><E114/><V24/><F108/><W11/><G26/><T61/><D72/><U35/><E35/><V21/><F84/><W120/><G120/><T98/><D98/><U40/><E40/><V5/><F78/><W41/><G127/><T92/><D92/><U94/><E94/><V110/><F110/><W105/><G105/><T7/><D7/><U86/><E86/><V66/><F66/><W18/><G11/><N who="0" m="6303" /><D14/><U79/><E79/><V42/><F42/><W30/><G30/><T113/><D113/><U99/><E99/><V4/><F4/><W55/><G18/><T29/><D29/><U62/><E134/><V57/><AGARI ba="0,0" hai="5,8,13,21,22,23,24,27,52,57,60,80,85,88" machi="57" ten="30,12000,2" yaku="0,1,8,1,52,3,54,2" doraHai="19" who="2" fromWho="2" sc="375,-30,290,-30,67,120,268,-60" owari="345,44.0,260,6.0,187,-31.0,208,-19.0" /></mjloggm>