<mjloggm ver="2.3"><GO type="97" lobby="0"/><UN n0="%74%65%6E%2D%74%65%6E" n1="%E6%B8%85%E6%B0%B4%40%E6%A3%84%E9%BA%BB%E8%BB%8D%E5%9C%98" n2="%E3%83%88%E3%83%88%E3%83%AA%E5%85%88%E7%94%9F%31%39%E6%AD%B3" n3="%43%48%49%52%4F%52%55" dan="14,14,15,15" rate="1919.27,1899.02,2056.48,2027.58" sx="M,F,F,M"/><TAIKYOKU oya="0"/><INIT seed="0,0,0,5,1,35" ten="250,250,250,250" oya="0" hai0="85,114,55,124,59,77,135,46,86,29,76,19,102" hai1="5,110,70,95,6,87,101,130,32,123,122,63,79" hai2="113,52,96,74,17,119,100,0,91,48,47,84,81" hai3="2,1,118,115,56,44,16,121,23,33,98,90,94"/><T99/><D114/><U54/><E32/><V116/><F113/><W62/><G33/><T61/><D29/><U93/><E110/><V67/><F67/><W11/><G115/><T8/><D124/><U10/><E130/><V73/><F0/><W4/><G118/><N who="2" m="45097" /><F17/><W69/><G69/><T104/><D46/><U42/><E42/><V112/><F112/><W20/><G121/><T18/><D135/><U49/><E5/><V25/><F25/><W133/><G133/><T28/><D28/><U131/><E131/><V78/><F78/><W129/><G129/><T107/><D107/><AGARI ba="0,0" hai="47,48,52,73,74,81,84,91,96,100,107" m="45097" machi="107" ten="30,2000,0" yaku="12,1,54,1" doraHai="35" who="2" fromWho="0" sc="250,-20,250,0,250,20,250,0" /><INIT seed="1,0,0,3,1,76" ten="230,250,270,250" oya="1" hai0="25,55,81,95,97,110,44,47,46,65,39,107,3" hai1="78,118,31,89,130,30,48,132,11,84,133,85,111" hai2="36,70,87,105,21,124,69,71,94,126,106,75,129" hai3="34,0,100,98,122,117,29,73,90,66,109,38,56"/><U131/><E118/><V22/><F36/><W52/><G0/><T92/><D3/><U68/><E68/><V103/><F75/><W35/><G122/><T6/><D6/><U28/><E111/><V88/><F129/><N who="1" m="49161" /><E78/><V116/><F116/><W128/><G38/><T26/><D65/><U67/><E67/><V12/><F103/><W57/><G117/><T86/><D110/><U91/><E11/><V104/><REACH who="2" step="1"/><F12/><REACH who="2" ten="230,250,260,250" step="2"/><W61/><G73/><T119/><D119/><U42/><E132/><V16/><F16/><W43/><G109/><T112/><D39/><U2/><E133/><V10/><F10/><W17/><G100/><T134/><D134/><U79/><E2/><V108/><F108/><W59/><G17/><T99/><D112/><U101/><E101/><V50/><F50/><W80/><G128/><T41/><D41/><U113/><E113/><V121/><F121/><W83/><G43/><T72/><D72/><U19/><E19/><V64/><F64/><W18/><G18/><T74/><D74/><U127/><E48/><V14/><F14/><W45/><G66/><T53/><D53/><U125/><E42/><V9/><F9/><W120/><G52/><T96/><D55/><U1/><E1/><V77/><F77/><W37/><G37/><T49/><D49/><U62/><E62/><V5/><F5/><W93/><G61/><T40/><D40/><U102/><E102/><V20/><AGARI ba="0,1" hai="20,21,22,69,70,71,87,88,94,104,105,106,124,126" machi="20" ten="50,8000,1" yaku="1,1,0,1,29,2,54,1,53,0" doraHai="76" doraHaiUra="51" who="2" fromWho="2" sc="230,-20,250,-40,260,90,250,-20" /><INIT seed="2,0,0,3,2,109" ten="210,210,350,230" oya="2" hai0="30,28,90,62,50,60,112,128,94,73,69,17,7" hai1="35,81,54,19,16,78,56,123,92,59,132,10,130" hai2="110,14,120,113,52,114,122,76,105,66,39,99,46" hai3="0,96,41,98,48,102,111,12,40,121,8,37,119"/><V42/><F76/><W33/><G0/><T133/><D73/><U93/><E35/><V20/><F14/><W27/><G111/><T125/><D112/><N who="2" m="43114" /><F20/><W15/><G37/><T51/><D69/><U38/><E38/><V18/><F18/><W89/><G119/><T134/><D125/><U83/><E130/><V108/><F66/><W57/><G121/><N who="2" m="46697" /><F52/><N who="3" m="31879" /><G33/><T80/><D128/><U126/><E132/><N who="0" m="50793" /><D80/><U67/><E126/><V74/><F74/><W32/><G32/><T87/><D7/><U91/><E123/><V88/><F88/><W34/><G34/><T13/><D51/><U9/><E19/><V63/><F63/><N who="0" m="24106" /><D50/><U44/><E16/><V127/><F127/><W70/><G27/><T49/><D49/><U64/><E10/><AGARI ba="0,0" hai="10,13,17,28,30,87,90,94" m="24106,50793" machi="10" ten="30,1000,0" yaku="20,1" doraHai="109" who="0" fromWho="1" sc="210,10,210,-10,350,0,230,0" /><INIT seed="3,0,0,3,2,134" ten="220,200,350,230" oya="3" hai0="29,135,127,3,16,11,64,92,46,24,13,32,125" hai1="103,115,76,38,14,53,39,68,59,99,105,108,41" hai2="4,58,79,98,33,51,101,119,62,123,132,93,97" hai3="43,10,90,1,2,114,122,12,18,37,102,133,26"/><W111/><G114/><T121/><D64/><U71/><E115/><V86/><F119/><W77/><G122/><T61/><D61/><U55/><E108/><V91/><F33/><W50/><G37/><T17/><D121/><U40/><E76/><V113/><F113/><W95/><G133/><T129/><D135/><U47/><E14/><V20/><F132/><W35/><G102/><T0/><D46/><U57/><E99/><N who="2" m="59631" /><F79/><W56/><G77/><T45/><D45/><N who="1" m="23703" /><E103/><V89/><F89/><W72/><G72/><T9/><D92/><U27/><E27/><V96/><F4/><W85/><G111/><T30/><D129/><U81/><E81/><N who="2" m="49615" /><F123/><W66/><G1/><N who="0" m="587" /><D30/><U130/><E105/><V73/><F73/><W117/><G117/><T70/><D70/><N who="1" m="26667" /><E130/><V84/><F51/><W100/><G100/><T28/><D28/><U124/><E124/><N who="0" m="47689" /><D17/><U94/><E94/><V118/><F118/><W112/><G112/><T128/><D128/><U109/><E109/><V52/><F97/><W44/><G95/><T65/><D65/><U83/><E83/><V80/><F98/><W48/><G18/><T107/><D107/><U69/><N who="1" m="26675" /><U19/><DORA hai="131" /><E19/><V60/><F96/><W36/><G66/><T22/><AGARI ba="0,0" hai="9,11,13,16,22,24,29,32" m="47689,587" machi="22" ten="30,12000,2" yaku="18,1,34,2,52,3,54,1" doraHai="134,131" who="0" fromWho="0" sc="220,120,200,-30,350,-30,230,-60" owari="340,44.0,170,-23.0,320,12.0,170,-33.0" /></mjloggm>