<mjloggm ver="2.3"><GO type="169" lobby="0"/><UN n0="%E3%83%88%E3%83%88%E3%83%AA%E5%85%88%E7%94%9F%31%39%E6%AD%B3" n1="%6C%61%6B%75%63%68%69" n2="%4B%69%72%63%68%65" n3="%E3%81%97%E3%83%BC%E3%81%BA%E3%81%B5" dan="18,17,17,16" rate="2281.26,2225.91,2119.09,2121.40" sx="F,M,M,M"/><TAIKYOKU oya="0"/><INIT seed="0,0,0,0,0,77" ten="250,250,250,250" oya="0" hai0="63,134,93,122,111,21,101,52,12,83,59,29,84" hai1="16,79,61,35,96,38,116,123,30,106,43,27,71" hai2="88,57,25,109,135,124,41,50,49,133,66,107,87" hai3="119,13,1,126,15,22,33,18,103,11,98,131,0"/><T67/><D122/><U53/><E123/><V34/><F107/><W86/><G119/><T42/><D134/><N who="2" m="51210" /><F124/><W56/><G126/><T102/><D111/><U78/><E116/><V118/><F118/><W127/><G127/><T23/><D42/><U60/><E60/><N who="2" m="38159" /><F41/><W64/><G33/><T17/><D93/><U54/><E79/><V65/><F65/><W89/><G64/><T100/><D67/><N who="1" m="41455" /><E43/><V117/><F117/><W19/><G56/><T8/><D29/><U14/><E78/><AGARI ba="0,0" hai="8,12,17,21,23,52,59,63,78,83,84,100,101,102" machi="78" ten="40,7700,0" yaku="8,1,52,1,54,1" doraHai="77" who="0" fromWho="1" sc="250,77,250,-77,250,0,250,0" /><INIT seed="0,1,0,5,5,113" ten="327,173,250,250" oya="0" hai0="75,123,94,55,120,125,56,9,21,129,133,90,86" hai1="34,109,80,54,48,121,76,116,62,64,98,61,38" hai2="93,134,108,118,119,67,22,102,3,74,85,41,82" hai3="81,50,49,130,77,15,132,131,124,97,71,29,59"/><T52/><D75/><U88/><E38/><V70/><F3/><W47/><G71/><T31/><D129/><N who="3" m="49161" /><G132/><T19/><D133/><U83/><E121/><V4/><F4/><W17/><G29/><T112/><D112/><U103/><E34/><V20/><F134/><W26/><G26/><T126/><D31/><U39/><E39/><V100/><F41/><W110/><G110/><T66/><D9/><U68/><E109/><V58/><F70/><W5/><G5/><T105/><D105/><U18/><E61/><N who="2" m="38327" /><F74/><N who="3" m="43191" /><G97/><T33/><D66/><U6/><E6/><V87/><F108/><W36/><G59/><T79/><D79/><U40/><E40/><V16/><F20/><N who="3" m="11327" /><G124/><N who="0" m="47723" /><D33/><U13/><E76/><V45/><F45/><W42/><AGARI ba="1,0" hai="36,42,47,49,50" m="11327,43191,49161" machi="42" ten="30,1100,0" yaku="19,1" doraHai="113" who="3" fromWho="3" sc="327,-6,173,-4,250,-4,250,14" /><INIT seed="1,0,0,5,0,90" ten="321,169,246,264" oya="1" hai0="5,112,104,129,100,51,31,24,46,57,119,89,124" hai1="99,114,77,97,69,10,102,79,131,26,15,91,108" hai2="118,84,125,56,45,19,106,61,32,4,20,70,49" hai3="121,23,38,35,34,44,96,81,55,86,52,68,53"/><U76/><E114/><V75/><F75/><W43/><G68/><T107/><D112/><U78/><E69/><V103/><F32/><W12/><G121/><T48/><D119/><U29/><E131/><V14/><F70/><W66/><G66/><T16/><D129/><U22/><N who="1" m="19456" /><DORA hai="50" /><U30/><E108/><V54/><F118/><W123/><G123/><T101/><D124/><U110/><E110/><V39/><F39/><W60/><G60/><T135/><D5/><U71/><E71/><V2/><F125/><W13/><G96/><N who="1" m="36938" /><E102/><V0/><F4/><W21/><G35/><T3/><D3/><U6/><E91/><V37/><F37/><W117/><G117/><T87/><D135/><U25/><E25/><V122/><F122/><W120/><G34/><T126/><D107/><U62/><E62/><V93/><F106/><W130/><G120/><T73/><D104/><U58/><E58/><V127/><F127/><W74/><G130/><T17/><D73/><U92/><E30/><V98/><REACH who="2" step="1"/><F84/><REACH who="2" ten="321,169,236,264" step="2"/><W85/><G74/><T42/><D126/><U47/><E47/><V116/><F116/><W64/><G85/><T132/><D132/><U59/><E59/><V82/><F82/><W80/><G80/><T65/><D87/><U72/><E72/><V111/><F111/><W11/><G86/><T83/><D57/><U105/><E105/><V133/><F133/><W109/><G81/><T1/><D46/><U36/><E36/><V27/><F27/><W67/><G109/><T9/><D24/><U95/><AGARI ba="0,1" hai="6,10,15,22,26,29,92,95" m="36938,19456" machi="95" ten="50,9600,0" yaku="8,1,52,2" doraHai="90,50" who="1" fromWho="1" sc="321,-32,169,106,236,-32,264,-32" /><INIT seed="1,1,0,2,0,73" ten="289,275,204,232" oya="1" hai0="57,135,49,94,4,56,76,40,69,87,5,29,11" hai1="88,62,85,6,125,111,107,0,108,23,33,66,82" hai2="35,106,89,84,121,37,51,50,12,24,20,113,103" hai3="22,104,41,65,116,105,133,38,61,13,46,127,114"/><U95/><E33/><V92/><F121/><W97/><G114/><T34/><D69/><U132/><E107/><V28/><F37/><W2/><G127/><T78/><D135/><U80/><E125/><V67/><F113/><W98/><G2/><T39/><D39/><U100/><E132/><V53/><F67/><W1/><G1/><T131/><D131/><U112/><E112/><V3/><F3/><W96/><G133/><T70/><D70/><U36/><E36/><V74/><F74/><W102/><G116/><T71/><D71/><N who="1" m="42455" /><E100/><V9/><F35/><W93/><G93/><T86/><D29/><U101/><E101/><V7/><F106/><W119/><G119/><T79/><D34/><U110/><E23/><V115/><F115/><W44/><G44/><T91/><D87/><U45/><E45/><V27/><F103/><W31/><G102/><T63/><D11/><AGARI ba="1,0" hai="0,6,11,80,82,85,88,95,108,110,111" m="42455" machi="11" ten="30,5800,0" yaku="14,1,10,1,54,1" doraHai="73" who="1" fromWho="0" sc="289,-61,275,61,204,0,232,0" /><INIT seed="1,2,0,4,4,3" ten="228,336,204,232" oya="1" hai0="135,131,14,95,76,49,0,105,91,15,56,97,66" hai1="129,9,25,30,117,122,62,17,86,104,12,60,33" hai2="93,88,84,5,26,85,90,98,38,13,120,83,111" hai3="133,41,110,132,24,81,77,11,82,1,46,29,48"/><U54/><E122/><V36/><F120/><W34/><G110/><T127/><D0/><U80/><E129/><V35/><F111/><W61/><G61/><T16/><D131/><U70/><E117/><V115/><F115/><W27/><G27/><T121/><D121/><U6/><E104/><V108/><F108/><W102/><G102/><T31/><D135/><N who="3" m="51785" /><G77/><T52/><D127/><U57/><E17/><V109/><F109/><W18/><G18/><T28/><D14/><U87/><REACH who="1" step="1"/><E80/><REACH who="1" ten="228,326,204,232" step="2"/><V19/><F19/><W2/><G81/><T37/><D105/><U75/><E75/><V32/><F98/><W39/><G82/><T78/><D37/><U130/><E130/><V43/><F36/><W23/><G39/><T20/><D66/><AGARI ba="2,1" hai="6,9,12,25,30,33,54,57,60,62,66,70,86,87" machi="66" ten="40,3900,0" yaku="1,1,52,1,53,0" doraHai="3" doraHaiUra="42" who="1" fromWho="0" sc="228,-45,326,55,204,0,232,0" /><INIT seed="1,3,0,3,5,81" ten="183,381,204,232" oya="1" hai0="8,77,7,54,92,5,110,42,100,102,34,65,31" hai1="55,98,85,131,123,74,40,101,68,78,108,111,4" hai2="76,24,44,75,45,120,63,51,21,96,12,17,58" hai3="119,84,37,86,113,67,29,60,79,90,95,127,97"/><U59/><E123/><V43/><F120/><W126/><G37/><T99/><D110/><N who="1" m="42027" /><E68/><V53/><F75/><W20/><G113/><T80/><D42/><U13/><E40/><V109/><F109/><W22/><G79/><T135/><D135/><U38/><E38/><V93/><F76/><W57/><G119/><T130/><D130/><U46/><E46/><V28/><F45/><W35/><G35/><T128/><D128/><U56/><E74/><V82/><F82/><W14/><G20/><T11/><D65/><U66/><E131/><V25/><REACH who="2" step="1"/><F28/><REACH who="2" ten="183,381,194,232" step="2"/><W112/><G112/><T124/><D31/><U41/><E78/><V47/><F47/><W15/><G29/><T107/><D77/><U10/><E41/><V61/><F61/><W16/><REACH who="3" step="1"/><G14/><REACH who="3" ten="183,381,194,222" step="2"/><T64/><D34/><U70/><E13/><V2/><F2/><W83/><G83/><T19/><D80/><U89/><E70/><V23/><F23/><W50/><G50/><T48/><D48/><U132/><E132/><V18/><F18/><W73/><G73/><T26/><D19/><U72/><E72/><V129/><F129/><W133/><G133/><T49/><D49/><U125/><E10/><V6/><F6/><W114/><G114/><T3/><D8/><U121/><E4/><V69/><F69/><W117/><G117/><T94/><D7/><U27/><E121/><V1/><F1/><W71/><G71/><T62/><D3/><U118/><E118/><V87/><F87/><AGARI ba="3,2" hai="15,16,22,57,60,67,84,86,87,90,95,97,126,127" machi="87" ten="40,8000,1" yaku="1,1,52,3,54,1,53,0" doraHai="81" doraHaiUra="33" who="3" fromWho="2" sc="183,0,381,0,194,-89,222,109" /><INIT seed="2,0,0,5,5,73" ten="183,381,105,331" oya="2" hai0="76,31,28,121,45,106,113,38,132,123,43,17,78" hai1="33,91,68,32,69,87,104,99,82,66,24,59,26" hai2="21,117,116,88,71,11,107,65,22,13,124,36,95" hai3="47,131,62,96,3,9,27,40,2,90,10,125,93"/><V48/><F36/><W74/><G131/><T75/><D113/><U4/><E59/><V128/><F107/><W135/><G74/><T64/><D106/><U15/><E26/><V110/><F128/><W79/><G135/><T53/><D132/><U97/><E97/><V89/><F124/><W5/><G79/><T84/><D75/><U41/><E41/><V23/><F110/><W52/><G27/><T120/><D64/><U50/><E50/><V37/><F37/><W118/><G118/><T94/><D17/><U108/><E108/><V57/><F71/><W18/><G18/><T130/><D130/><U46/><E46/><V86/><F89/><W72/><G72/><T81/><D94/><U102/><E24/><V126/><F126/><W63/><G125/><T109/><D109/><U129/><E129/><V35/><F35/><W19/><G19/><T112/><D112/><U105/><E105/><V119/><F65/><W114/><G114/><T77/><REACH who="0" step="1"/><D53/><REACH who="0" ten="173,381,105,331" step="2"/><U12/><E66/><V111/><F111/><W25/><G52/><T34/><D34/><U100/><E32/><V54/><REACH who="2" step="1"/><F117/><REACH who="2" ten="173,381,95,331" step="2"/><W44/><G90/><AGARI ba="0,2" hai="28,31,38,43,45,76,77,78,81,84,90,120,121,123" machi="90" ten="50,8000,1" yaku="1,1,52,3,53,0" doraHai="73" doraHaiUra="56" who="0" fromWho="3" sc="173,100,381,0,95,0,331,-80" /><INIT seed="3,0,0,1,4,116" ten="273,381,95,251" oya="3" hai0="98,33,35,128,94,45,99,6,104,126,10,92,97" hai1="65,39,72,131,4,114,19,117,119,13,7,111,124" hai2="27,1,68,129,64,30,42,125,106,108,135,121,90" hai3="60,37,122,88,103,17,100,102,29,40,25,38,54"/><W79/><G122/><T9/><D104/><U81/><E39/><V47/><F106/><W49/><G79/><T2/><D128/><U41/><E41/><V5/><F129/><W21/><G60/><T63/><D126/><U76/><E131/><V14/><F125/><W12/><G40/><T105/><D105/><U15/><E124/><V69/><F135/><W20/><REACH who="3" step="1"/><G88/><REACH who="3" ten="273,381,95,241" step="2"/><T133/><D133/><U82/><E76/><V32/><F90/><W23/><G23/><T16/><D63/><U52/><E119/><V28/><F121/><W67/><G67/><T51/><D35/><U56/><E65/><V84/><F64/><W118/><G118/><T53/><REACH who="0" step="1"/><D33/><REACH who="0" ten="263,381,95,241" step="2"/><U78/><E117/><V89/><F32/><W93/><G93/><T134/><D134/><U48/><E82/><V96/><F69/><W44/><AGARI ba="0,2" hai="12,17,20,21,25,29,37,38,44,49,54,100,102,103" machi="44" ten="30,11700,0" yaku="1,1,0,1,53,2" doraHai="116" doraHaiUra="71" who="3" fromWho="3" sc="263,-39,381,-39,95,-39,241,137" /><INIT seed="3,1,0,5,4,60" ten="224,342,56,378" oya="3" hai0="93,9,94,42,32,49,82,52,45,67,40,109,29" hai1="81,44,57,91,48,71,128,83,72,133,31,79,58" hai2="16,13,100,39,6,78,55,5,116,114,99,110,50" hai3="102,28,54,51,38,108,111,101,17,69,63,121,132"/><W98/><G121/><T122/><D122/><U46/><E71/><V70/><F39/><W27/><G38/><T34/><D109/><N who="3" m="42057" /><G132/><T8/><D29/><U64/><E128/><V61/><F110/><W120/><G120/><T4/><D82/><U30/><E133/><V7/><F116/><W53/><G17/><T36/><D67/><U11/><E11/><V24/><F24/><W104/><G101/><T47/><D9/><U126/><E126/><V85/><F114/><W76/><G76/><T95/><REACH who="0" step="1"/><D40/><REACH who="0" ten="214,342,56,378" step="2"/><N who="1" m="24583" /><E81/><V113/><F113/><W106/><G54/><T22/><D22/><U62/><E30/><V84/><F78/><W123/><G53/><T1/><AGARI ba="1,1" hai="1,4,8,32,34,36,42,45,47,49,52,93,94,95" machi="1" ten="30,4000,0" yaku="1,1,0,1,54,1,53,0" doraHai="60" doraHaiUra="115" who="0" fromWho="0" sc="214,53,342,-11,56,-11,378,-21" /><INIT seed="4,0,0,4,0,18" ten="267,331,45,357" oya="0" hai0="40,12,27,58,130,57,120,13,36,99,122,29,0" hai1="20,128,53,22,116,61,129,10,86,47,135,30,67" hai2="133,71,90,119,43,109,100,33,3,26,96,56,7" hai3="89,118,38,4,6,62,15,35,87,126,81,5,50"/><T95/><D0/><U82/><E116/><V11/><F119/><W83/><G38/><T19/><D130/><N who="1" m="50283" /><E30/><V21/><F109/><W45/><G118/><T64/><D40/><U132/><E10/><V39/><F71/><W94/><G35/><T37/><D36/><U107/><E107/><V73/><F33/><W91/><G126/><T125/><D37/><U8/><E8/><V74/><F133/><N who="1" m="51273" /><E53/><V101/><F90/><W97/><G15/><T113/><D125/><U127/><E47/><V48/><F39/><W44/><G62/><T54/><D113/><U25/><E25/><V69/><F69/><W111/><G111/><T123/><D64/><U52/><E52/><V63/><F73/><W106/><G106/><T92/><D57/><N who="1" m="37295" /><E127/><V124/><F124/><W31/><G31/><T77/><D12/><U110/><E110/><V32/><F43/><N who="3" m="24863" /><G45/><T102/><D13/><U76/><AGARI ba="0,0" hai="20,22,76,82,86" m="37295,51273,50283" machi="76" ten="30,7900,0" yaku="19,1,20,1,52,2" doraHai="18" who="1" fromWho="1" sc="267,-39,331,79,45,-20,357,-20" /><INIT seed="5,0,0,1,2,43" ten="228,410,25,337" oya="1" hai0="53,68,31,74,106,30,119,111,108,18,56,113,66" hai1="32,123,72,39,128,44,80,16,8,25,35,100,19" hai2="133,10,86,57,96,24,91,88,65,104,51,38,62" hai3="6,87,2,20,64,7,67,12,1,98,49,9,27"/><U131/><E123/><V130/><F38/><W95/><G87/><T114/><D106/><U23/><E100/><V13/><F133/><W105/><G105/><T47/><D74/><U42/><E8/><V36/><F36/><W116/><G116/><T58/><D18/><U135/><E135/><V76/><F130/><N who="1" m="49705" /><E19/><V84/><F24/><W81/><G81/><T11/><D11/><U78/><AGARI ba="0,0" hai="16,23,25,32,35,39,42,44,72,78,80" m="49705" machi="78" ten="30,6000,0" yaku="19,1,52,1,54,1" doraHai="43" who="1" fromWho="1" sc="228,-20,410,60,25,-20,337,-20" /><INIT seed="5,1,0,5,0,21" ten="208,470,5,317" oya="1" hai0="65,96,70,107,88,15,91,132,83,57,121,18,17" hai1="1,14,40,0,85,61,115,28,113,77,104,43,123" hai2="62,16,97,39,37,12,63,108,117,86,134,35,110" hai3="53,92,64,93,55,103,76,75,105,130,6,128,34"/><U10/><E104/><V66/><F35/><W135/><G34/><T119/><D119/><U74/><E28/><V79/><F117/><W125/><G64/><T24/><D70/><U78/><E61/><V47/><F134/><W80/><G6/><T122/><D132/><U54/><E54/><V127/><F63/><W59/><G135/><T67/><D107/><U112/><E74/><V27/><F127/><W46/><G46/><T98/><D15/><U2/><E123/><V52/><F39/><W133/><G133/><T99/><D83/><N who="1" m="47343" /><E78/><V25/><F37/><W72/><G72/><T109/><D99/><U106/><E106/><V36/><F36/><W100/><G55/><T33/><D33/><U4/><AGARI ba="1,0" hai="0,1,2,4,10,14,40,43,112,113,115" m="47343" machi="4" ten="40,2100,0" yaku="15,1" doraHai="21" who="1" fromWho="1" sc="208,-8,470,24,5,-8,317,-8" owari="200,-20.0,494,59.0,-3,-50.0,309,11.0" /></mjloggm>