<mjloggm ver="2.3"><GO type="169" lobby="0"/><UN n0="%3A%63%6F%63%75%61%3A" n1="%79%61%6D%69" n2="%E3%82%A6%E3%83%AB%E3%83%88%E3%83%A9%E7%AB%8B%E7%9B%B4" n3="%E3%81%99%E3%81%9A%E3%82%81%E3%82%AF%E3%83%AC%E3%82%A4%E3%82%B8%E3%83%BC" dan="16,18,18,18" rate="2047.22,2186.52,2175.04,2240.69" sx="M,M,M,M"/><TAIKYOKU oya="0"/><INIT seed="0,0,0,1,0,63" ten="250,250,250,250" oya="0" hai0="102,101,95,111,60,51,27,15,25,28,110,94,50" hai1="97,37,59,77,0,53,36,56,32,78,133,131,6" hai2="85,64,67,73,21,96,88,17,38,81,117,8,47" hai3="125,69,76,58,103,61,57,49,19,127,52,26,68"/><T45/><D60/><U79/><E32/><V4/><F73/><W65/><G76/><T23/><D15/><U74/><E74/><V119/><F38/><W86/><G86/><T20/><REACH who="0" step="1"/><D45/><REACH who="0" ten="240,250,250,250" step="2"/><U124/><E0/><V72/><F47/><W35/><G103/><T70/><D70/><U7/><E124/><N who="3" m="47690" /><G19/><T71/><D71/><U9/><E7/><V30/><F30/><AGARI ba="0,1" hai="26,30,35,49,52,57,58,61,65,68,69" m="47690" machi="30" ten="30,3900,0" yaku="18,1,52,1,54,1" doraHai="63" who="3" fromWho="2" sc="240,0,250,0,250,-39,250,49" /><AGARI ba="0,0" hai="20,23,25,27,28,30,50,51,94,95,101,102,110,111" machi="30" ten="25,12000,1" yaku="1,1,22,2,53,2" doraHai="63" doraHaiUra="44" who="0" fromWho="2" sc="240,120,250,0,211,-120,299,0" /><INIT seed="0,1,0,1,4,34" ten="360,250,91,299" oya="0" hai0="10,69,19,126,44,97,89,98,128,29,79,74,2" hai1="119,65,108,40,81,95,130,63,122,22,64,94,70" hai2="82,12,71,92,25,31,93,91,24,57,124,39,32" hai3="101,56,121,51,102,38,68,85,129,59,8,135,78"/><T55/><D69/><U37/><E119/><V16/><F71/><W7/><G38/><T36/><D128/><U67/><E122/><V105/><F105/><W11/><G68/><T134/><D134/><U133/><E130/><V118/><F39/><W23/><G135/><T15/><D29/><U42/><E70/><V117/><F124/><W60/><G23/><T4/><D126/><U0/><E0/><V87/><F25/><W35/><G35/><T58/><D79/><U73/><E73/><V86/><F57/><W100/><G7/><T13/><D2/><U53/><E37/><V54/><F54/><N who="3" m="31839" /><G121/><T110/><D110/><U112/><E108/><V80/><F93/><N who="1" m="35337" /><E133/><V46/><F46/><W104/><G104/><T33/><D33/><U109/><E109/><V9/><REACH who="2" step="1"/><F92/><REACH who="2" ten="360,250,81,299" step="2"/><W66/><G129/><T132/><D132/><U125/><E125/><V103/><F103/><W90/><G101/><T50/><D36/><U27/><E112/><V45/><F45/><W28/><G102/><T49/><D44/><U106/><E106/><V83/><F83/><W3/><G59/><T113/><D113/><U17/><E81/><V72/><F72/><W76/><G66/><T107/><D107/><U43/><E65/><V26/><F26/><W84/><G100/><T5/><D55/><U48/><E63/><V111/><F111/><W20/><G60/><T14/><D58/><AGARI ba="1,1" hai="17,22,27,40,42,43,48,53,58,64,67" m="35337" machi="58" ten="30,1000,0" yaku="8,1" doraHai="34" who="1" fromWho="0" sc="360,-13,250,23,81,0,299,0" /><INIT seed="1,0,0,4,2,57" ten="347,273,81,299" oya="1" hai0="13,58,14,122,128,32,48,90,80,67,97,91,6" hai1="38,39,52,30,115,117,10,88,20,46,131,79,0" hai2="40,98,25,76,19,56,64,99,130,83,75,123,118" hai3="8,61,104,86,92,9,113,11,63,68,120,5,66"/><U82/><E115/><V96/><F123/><W119/><G104/><T49/><D128/><U106/><E106/><V18/><F118/><W121/><G113/><T134/><D134/><U22/><E117/><V1/><F1/><W94/><G119/><T69/><D69/><U17/><E39/><V77/><F130/><W71/><G5/><T37/><D37/><U31/><E79/><V107/><F40/><W16/><G16/><T84/><D32/><U44/><E38/><V112/><F112/><W93/><G86/><T42/><D122/><N who="3" m="47209" /><G66/><T85/><D97/><U103/><E103/><V36/><F36/><W34/><G34/><T74/><D74/><U108/><E46/><V87/><F107/><W59/><G59/><T23/><D23/><N who="1" m="8747" /><E0/><V41/><F75/><W102/><G102/><T2/><D2/><U70/><E70/><AGARI ba="0,0" hai="8,9,11,61,63,68,70,71,92,93,94" m="47209" machi="70" ten="40,8000,1" yaku="28,2,52,2" doraHai="57" who="3" fromWho="1" sc="347,0,273,-80,81,0,299,80" /><INIT seed="2,0,0,5,4,78" ten="347,193,81,379" oya="2" hai0="68,15,25,59,47,119,74,102,35,134,54,34,39" hai1="97,7,22,112,83,126,8,12,66,101,62,13,107" hai2="36,98,33,10,89,16,26,1,111,82,104,55,58" hai3="43,132,52,51,57,24,29,125,113,92,17,131,9"/><V41/><F111/><W85/><G131/><T37/><D68/><U44/><E112/><V32/><F41/><W48/><G132/><T130/><D74/><U103/><E126/><V135/><F36/><W61/><G125/><T79/><D79/><U75/><E101/><V77/><F135/><W128/><G128/><T96/><D134/><U42/><E22/><N who="2" m="13639" /><F104/><W129/><G113/><T100/><D130/><U133/><E133/><V4/><F77/><W95/><G51/><T40/><D37/><U115/><E115/><V30/><F82/><W0/><G0/><T45/><D119/><U109/><E109/><V49/><F49/><W72/><G72/><T116/><D116/><U50/><E75/><V20/><F20/><N who="3" m="15495" /><G48/><T53/><D45/><U106/><E106/><V60/><F30/><W124/><G43/><T120/><D120/><U91/><E83/><V70/><F70/><W46/><G46/><T114/><D47/><U19/><E107/><V21/><F21/><W110/><G110/><T93/><D40/><U117/><E117/><V76/><F76/><W28/><G28/><T65/><D39/><U31/><E31/><V27/><F27/><W88/><G124/><T2/><D25/><U105/><E105/><V122/><F122/><W38/><G38/><T81/><D114/><U3/><E42/><V127/><F127/><W23/><G23/><T94/><D35/><U18/><E50/><V73/><F73/><W108/><G108/><T84/><D34/><U123/><E123/><V87/><F87/><W64/><G129/><T90/><D84/><U56/><E44/><RYUUKYOKU ba="0,0" sc="347,-10,193,-10,81,30,379,-10" hai2="1,4,10,32,33,55,58,60,89,98" /><INIT seed="2,1,0,1,5,10" ten="337,183,111,369" oya="2" hai0="5,99,134,17,9,70,76,117,75,35,122,84,55" hai1="80,38,133,39,25,115,33,81,79,13,62,130,3" hai2="78,71,51,11,46,56,32,108,0,105,6,47,94" hai3="131,107,88,74,67,111,27,87,30,91,15,125,109"/><V1/><F105/><W14/><G74/><T126/><D122/><U92/><E3/><V119/><F119/><W68/><G107/><T60/><D35/><U40/><E62/><V77/><F71/><W95/><G131/><T69/><D75/><U73/><E92/><V124/><F32/><N who="3" m="20575" /><G125/><T49/><D126/><U98/><E98/><V127/><F124/><W28/><G28/><T8/><D134/><U104/><E104/><V48/><F127/><W7/><G7/><T54/><D99/><U114/><E133/><V24/><F108/><N who="3" m="41547" /><G91/><T129/><D129/><U101/><E101/><V42/><F0/><W23/><G23/><T31/><D31/><U66/><E130/><V110/><F110/><W113/><G113/><T36/><D36/><U18/><E39/><V37/><F24/><W86/><G87/><T63/><D84/><U19/><E73/><V97/><F56/><W61/><AGARI ba="1,0" hai="14,15,61,67,68,86,88,95" m="41547,20575" machi="61" ten="30,7900,0" yaku="14,1,52,2,54,1" doraHai="10" who="3" fromWho="3" sc="337,-21,183,-21,111,-40,369,82" /><INIT seed="3,0,0,1,4,86" ten="316,162,71,451" oya="3" hai0="38,130,65,132,28,77,123,33,111,55,92,79,125" hai1="9,5,29,12,6,54,31,75,21,84,63,90,42" hai2="8,133,116,129,66,48,49,113,62,57,69,81,114" hai3="107,78,10,94,1,119,32,71,37,89,96,110,17"/><W53/><G71/><T87/><D111/><U50/><E75/><V61/><F116/><W108/><G32/><T135/><D38/><U70/><E6/><V73/><F8/><W126/><G119/><T30/><D123/><U19/><E42/><V106/><F106/><W88/><G107/><T98/><D65/><U60/><E70/><V121/><F81/><W64/><G64/><T117/><D117/><U7/><E31/><V85/><F85/><W11/><G78/><T46/><D125/><U95/><E29/><N who="0" m="11369" /><D33/><U93/><E93/><V16/><F16/><W40/><G53/><T101/><D130/><U47/><REACH who="1" step="1"/><E7/><REACH who="1" ten="316,152,71,451" step="2"/><V43/><F73/><W131/><G40/><T104/><D104/><U105/><E105/><V41/><F121/><W3/><G126/><T23/><D135/><U99/><E99/><V115/><F133/><W36/><G94/><T35/><D92/><U2/><AGARI ba="0,1" hai="2,5,9,12,19,21,47,50,54,60,63,84,90,95" machi="2" ten="20,5200,0" yaku="1,1,0,1,7,1,52,1,53,0" doraHai="86" doraHaiUra="74" who="1" fromWho="1" sc="316,-13,152,62,71,-13,451,-26" /><INIT seed="4,0,0,2,3,109" ten="303,214,58,425" oya="0" hai0="13,116,118,6,37,120,75,18,51,61,44,113,45" hai1="72,53,74,27,50,94,29,33,129,104,84,65,11" hai2="97,126,15,42,124,56,89,70,85,67,95,107,20" hai3="10,91,32,58,102,115,125,12,82,93,78,54,86"/><T96/><D113/><U112/><E104/><V121/><F70/><W64/><G115/><T7/><D120/><U47/><E112/><V122/><F42/><W73/><G32/><T8/><D75/><U105/><E105/><V130/><F56/><W60/><G102/><T1/><D7/><U3/><E65/><V87/><F67/><W101/><G101/><T69/><D69/><U46/><E46/><V117/><F15/><W23/><G23/><T63/><D96/><U68/><E68/><V99/><F20/><W22/><G22/><T40/><D63/><U83/><E94/><V62/><F62/><W76/><G76/><T100/><D61/><U80/><E129/><V16/><F16/><W128/><G125/><N who="2" m="48233" /><F130/><W38/><G128/><T21/><REACH who="0" step="1"/><D100/><REACH who="0" ten="293,214,58,425" step="2"/><U79/><E74/><V71/><F71/><W111/><G64/><T4/><D4/><U26/><E72/><V36/><F117/><W25/><G73/><T90/><D90/><U28/><E79/><V92/><F121/><W14/><G78/><T81/><D81/><U17/><E83/><V134/><F122/><W135/><G82/><T133/><D133/><U39/><E80/><V48/><F134/><W132/><G132/><T66/><D66/><U131/><E131/><V24/><F97/><W49/><G60/><T9/><D9/><U59/><E11/><V123/><F99/><W0/><G135/><T43/><AGARI ba="0,1" hai="1,6,8,13,18,21,37,40,43,44,45,51,116,118" machi="43" ten="20,3900,0" yaku="1,1,0,1,7,1,53,0" doraHai="109" doraHaiUra="57" who="0" fromWho="0" sc="293,49,214,-13,58,-13,425,-13" /><INIT seed="4,1,0,0,2,78" ten="342,201,45,412" oya="0" hai0="15,111,75,6,1,50,85,55,79,88,38,20,46" hai1="131,77,69,87,12,24,28,26,3,62,110,60,108" hai2="45,0,86,73,30,18,106,10,115,126,36,125,54" hai3="101,94,123,133,21,25,61,32,80,107,121,65,109"/><T82/><D111/><U16/><E3/><V134/><F30/><W11/><G109/><T114/><D114/><U42/><E42/><V99/><F99/><W91/><G133/><T14/><D38/><U37/><E37/><V92/><F92/><W47/><G47/><T31/><D1/><U27/><E28/><V122/><F86/><W103/><G11/><T64/><D64/><U2/><E2/><V90/><F90/><W41/><G41/><T127/><D127/><U13/><E131/><V105/><F18/><W40/><G40/><T100/><D100/><U72/><E72/><V17/><F17/><W66/><G66/><T43/><D43/><U119/><E119/><V4/><F54/><W96/><G32/><T44/><D44/><U98/><E98/><V52/><F52/><W49/><G49/><T89/><D6/><U58/><E69/><V19/><F106/><W129/><G107/><T93/><REACH who="0" step="1"/><D89/><REACH who="0" ten="332,201,45,412" step="2"/><U29/><E110/><V59/><F126/><W124/><G124/><T34/><D34/><U84/><E108/><V118/><F45/><W128/><G103/><T22/><D22/><U71/><E71/><V116/><F36/><W56/><G128/><T9/><D9/><U7/><E7/><V135/><F4/><W57/><G129/><T48/><D48/><U39/><E39/><V5/><F125/><W74/><G91/><T97/><D97/><U102/><E102/><V81/><F115/><W112/><G112/><T70/><D70/><U76/><E60/><V132/><F135/><W113/><G113/><T67/><D67/><U35/><E35/><RYUUKYOKU ba="1,1" sc="332,30,201,-10,45,-10,412,-10" hai0="14,15,20,31,46,50,55,75,79,82,85,88,93" /><INIT seed="4,2,1,0,4,27" ten="362,191,35,402" oya="0" hai0="96,50,83,25,133,114,118,104,46,124,102,131,28" hai1="100,26,73,80,8,109,130,71,126,67,65,52,91" hai2="117,32,95,51,29,84,19,12,128,20,123,58,107" hai3="5,129,87,103,18,63,45,43,35,89,122,79,93"/><T49/><D114/><U86/><E109/><V14/><F123/><W55/><G129/><T101/><D131/><U0/><E130/><V105/><F128/><W56/><G35/><T111/><D111/><U135/><E71/><V61/><F117/><W2/><G122/><T72/><D133/><U77/><E135/><V81/><F12/><W75/><G103/><T70/><D70/><U106/><E26/><V92/><F51/><W10/><G75/><T47/><D124/><U94/><E126/><V113/><F113/><W99/><G79/><T38/><D102/><U121/><E121/><V24/><F105/><W69/><G69/><T44/><D38/><U36/><E36/><V1/><F1/><W9/><G9/><T39/><D39/><U31/><E31/><V6/><F6/><W48/><G18/><T59/><D118/><U98/><REACH who="1" step="1"/><E52/><REACH who="1" ten="362,181,35,402" step="2"/><V7/><F107/><W127/><G127/><T90/><D59/><U33/><E33/><V11/><F32/><W88/><REACH who="3" step="1"/><G89/><REACH who="3" ten="362,181,35,392" step="2"/><T21/><REACH who="0" step="1"/><D90/><REACH who="0" ten="352,181,35,392" step="2"/><U60/><E60/><V115/><F115/><W13/><G13/><T85/><D85/><AGARI ba="2,4" hai="2,5,10,43,45,48,55,56,63,85,87,88,93,99" machi="85" ten="40,2600,0" yaku="1,1,54,1,53,0" doraHai="27" doraHaiUra="62" who="3" fromWho="0" sc="352,-32,181,0,35,0,392,72" /><INIT seed="5,0,0,4,3,82" ten="320,181,35,464" oya="1" hai0="5,120,64,46,8,128,79,47,51,54,27,86,111" hai1="40,15,42,87,35,59,58,52,106,60,6,13,50" hai2="72,89,109,95,17,16,63,53,39,93,96,9,98" hai3="49,2,122,30,117,24,121,116,19,126,130,107,90"/><U11/><E106/><V32/><F109/><W61/><G107/><T99/><D128/><U118/><E118/><V101/><F72/><W114/><G2/><T23/><D111/><U44/><E35/><V55/><F32/><W33/><G130/><T108/><D108/><U81/><E15/><V78/><F39/><W29/><G126/><T25/><D120/><U26/><E26/><V131/><F131/><W4/><G114/><T71/><D99/><U3/><E3/><V70/><F78/><W69/><G69/><T21/><D71/><U56/><REACH who="1" step="1"/><E42/><REACH who="1" ten="320,171,35,464" step="2"/><V123/><F123/><W75/><G24/><T73/><D25/><U85/><E85/><V97/><F97/><W62/><G33/><T43/><D27/><U34/><E34/><V129/><F129/><W28/><G121/><T1/><D73/><U88/><AGARI ba="0,1" hai="6,11,13,40,44,50,52,56,58,59,60,81,87,88" machi="88" ten="20,18000,2" yaku="1,1,0,1,7,1,8,1,52,1,54,2,53,0" doraHai="82" doraHaiUra="112" who="1" fromWho="1" sc="320,-60,171,190,35,-60,464,-60" owari="260,-14.0,361,16.0,-25,-53.0,404,51.0" /></mjloggm>