<mjloggm ver="2.3"><GO type="41" lobby="0"/><UN n0="%47%6C%69%65%73%65" n1="%E3%81%8B%E3%81%BF%E2%98%86%E3%81%8A%E3%82%80%E3%81%A4" n2="%E3%81%A9%E3%81%84%EF%BC%8D%E3%82%93" n3="%E5%B0%B1%E6%B4%BB%E7%94%9F%40%E5%B7%9D%E6%9D%91%E8%BB%8D%E5%9B%A3" dan="16,15,15,15" rate="2001.61,1878.36,2023.36,2021.26" sx="M,M,M,M"/><TAIKYOKU oya="0"/><INIT seed="0,0,0,3,2,4" ten="250,250,250,250" oya="0" hai0="40,98,58,99,88,53,34,18,2,6,92,72,19" hai1="110,105,127,43,87,65,73,64,68,25,36,124,61" hai2="16,113,90,1,71,78,30,131,32,17,133,97,57" hai3="102,109,114,104,15,93,20,116,60,125,86,135,56"/><T89/><D72/><U63/><E73/><V81/><F71/><W129/><G104/><T111/><D34/><U95/><E105/><V59/><F1/><W69/><G69/><T96/><D111/><U94/><E110/><V74/><F113/><W41/><G41/><T75/><D75/><U55/><E55/><V132/><F131/><W0/><G0/><T7/><D40/><U134/><E134/><N who="2" m="51819" /><F30/><W24/><G15/><T52/><D53/><U83/><E25/><V38/><F38/><W13/><G13/><T79/><D79/><U21/><E21/><V45/><F45/><W47/><G47/><T84/><D89/><U70/><E43/><V91/><F91/><W130/><G102/><T28/><D28/><U9/><E36/><V77/><F77/><W118/><G109/><T120/><D120/><U33/><E33/><V5/><F5/><N who="0" m="1546" /><D2/><U122/><E122/><V3/><F3/><W46/><G46/><T42/><D42/><U108/><E108/><V8/><F32/><W106/><G106/><T50/><AGARI ba="0,0" hai="18,19,50,52,58,84,88,92,96,98,99" m="1546" machi="50" ten="30,6000,0" yaku="8,1,54,2" doraHai="4" who="0" fromWho="0" sc="250,60,250,-20,250,-20,250,-20" /><INIT seed="0,1,0,2,2,53" ten="310,230,230,230" oya="0" hai0="55,76,49,67,106,34,22,1,135,72,91,16,105" hai1="3,89,40,90,2,35,37,93,65,28,36,132,61" hai2="126,127,129,57,110,115,122,29,71,52,120,7,63" hai3="38,118,96,33,73,86,99,14,116,84,15,100,18"/><T31/><D1/><U13/><E132/><V69/><F7/><W12/><G33/><T51/><D135/><U48/><E3/><V113/><F29/><W103/><G18/><T25/><D67/><U85/><E2/><V95/><F95/><W46/><G46/><T30/><D30/><U8/><E28/><V79/><F79/><W128/><G128/><T0/><D0/><U98/><E35/><V56/><F129/><W117/><G73/><T66/><D66/><U107/><E107/><V54/><F63/><W20/><G20/><T11/><D11/><U75/><E75/><V24/><F24/><W10/><G10/><T23/><D23/><U50/><E37/><V19/><F19/><W94/><G38/><T60/><D60/><U83/><E40/><V134/><F110/><W97/><REACH who="3" step="1"/><G94/><REACH who="3" ten="310,230,230,220" step="2"/><T112/><D72/><U62/><E36/><V17/><F17/><W121/><G121/><T44/><D16/><U124/><E65/><V125/><F125/><W59/><G59/><T81/><D22/><U42/><E8/><V27/><F27/><W88/><G88/><T119/><D91/><U47/><E90/><V130/><F130/><W109/><G109/><T6/><D25/><U87/><E93/><V77/><F77/><W64/><G64/><T32/><D76/><U70/><E47/><V21/><F21/><W114/><G114/><T45/><D112/><U26/><E26/><V43/><F43/><W131/><G131/><T123/><D34/><U108/><E42/><V39/><F39/><W92/><G92/><T82/><D32/><U68/><E108/><RYUUKYOKU ba="1,1" sc="310,-15,230,-15,230,15,220,15" hai2="52,54,56,57,69,71,113,115,120,122,126,127,134" hai3="12,14,15,84,86,96,97,99,100,103,116,117,118" /><INIT seed="1,2,1,5,0,88" ten="295,215,245,235" oya="1" hai0="35,36,7,29,79,122,12,27,43,116,54,41,104" hai1="6,9,81,125,57,72,74,76,115,110,49,109,119" hai2="50,22,83,5,84,2,28,103,102,85,130,68,107" hai3="53,62,70,118,113,106,40,64,59,93,87,18,13"/><U131/><E119/><V23/><F68/><W3/><G3/><T38/><D104/><U16/><E115/><V94/><F107/><W89/><G106/><T30/><D116/><U114/><E114/><V66/><F130/><W97/><G118/><T69/><D69/><U99/><E131/><V1/><F66/><W124/><G124/><T78/><D35/><U39/><E39/><V61/><F61/><W120/><G40/><T128/><D12/><N who="1" m="7183" /><E125/><V15/><F15/><W92/><G120/><T95/><D128/><U31/><E31/><V71/><F71/><W46/><G113/><T133/><D7/><U91/><E6/><V100/><F5/><W121/><G121/><T58/><D27/><U82/><E49/><V8/><F50/><N who="3" m="28887" /><G70/><T86/><D122/><U44/><E44/><V52/><F8/><N who="3" m="6439" /><G97/><T11/><D11/><U47/><E47/><V37/><F37/><W98/><G98/><T14/><D43/><U108/><E57/><V101/><F2/><W0/><G0/><T34/><D58/><U55/><E55/><V117/><F52/><W65/><G65/><T20/><D54/><U80/><E72/><V25/><F1/><W21/><G21/><T32/><D20/><U17/><E17/><V96/><F117/><W10/><G10/><T33/><D41/><U90/><E99/><V4/><F4/><W73/><G73/><T111/><D38/><U105/><E105/><V127/><F127/><W48/><G48/><T60/><D36/><U77/><E74/><V67/><F67/><W134/><G134/><T24/><D133/><U112/><E112/><RYUUKYOKU ba="2,1" sc="295,-15,215,15,245,-15,235,15" hai1="76,77,80,81,82,90,91,108,109,110" hai3="59,62,64,87,89,92,93" /><INIT seed="1,3,1,3,2,40" ten="280,230,230,250" oya="1" hai0="111,21,75,103,39,123,114,120,44,22,36,110,1" hai1="52,74,24,87,58,42,95,99,27,25,61,130,19" hai2="30,117,92,43,38,125,6,49,41,29,132,97,70" hai3="94,37,81,112,107,96,89,82,35,32,12,53,66"/><U115/><E74/><V10/><F70/><W20/><G112/><T108/><D75/><U101/><E115/><V65/><F117/><W47/><G107/><T79/><D114/><U116/><E116/><V105/><F105/><W100/><G35/><T102/><D79/><U18/><E130/><V63/><F38/><N who="0" m="14378" /><D44/><U113/><E113/><V135/><F125/><W28/><G32/><T71/><D1/><U9/><E42/><V67/><F67/><W129/><G129/><T72/><D71/><U56/><E9/><V93/><F93/><N who="3" m="58383" /><G66/><T118/><D72/><U17/><E58/><V8/><F8/><W31/><G37/><T48/><D48/><U68/><E68/><V121/><F41/><W78/><G78/><T64/><D64/><U80/><REACH who="1" step="1"/><E27/><REACH who="1" ten="280,220,230,250" step="2"/><V51/><F43/><W55/><G55/><T90/><D118/><U50/><E50/><V124/><F51/><N who="3" m="28927" /><G31/><T122/><D122/><U83/><E83/><V11/><F30/><W119/><G119/><T98/><D123/><U5/><E5/><V126/><F29/><W59/><G59/><T69/><D120/><U76/><AGARI ba="3,2" hai="17,18,19,24,25,52,56,61,76,80,87,95,99,101" machi="76" ten="30,11700,0" yaku="1,1,0,1,8,1,54,1,53,0" doraHai="40" doraHaiUra="0" who="1" fromWho="1" sc="280,-42,220,146,230,-42,250,-42" /><INIT seed="1,4,0,3,3,14" ten="238,366,188,208" oya="1" hai0="67,17,39,117,106,124,123,50,30,101,40,122,94" hai1="32,110,69,3,66,96,8,27,55,65,72,128,79" hai2="87,133,68,127,120,100,91,26,103,114,19,42,10" hai3="37,23,35,60,34,58,24,105,62,7,90,1,80"/><U115/><E115/><V74/><F68/><W9/><G37/><T20/><D106/><U76/><E128/><V52/><F74/><W125/><G105/><T21/><D117/><U98/><E55/><V36/><F120/><N who="0" m="46122" /><D39/><U71/><E8/><V86/><F127/><W135/><G125/><T0/><D0/><U15/><E3/><V44/><F87/><W33/><G135/><T47/><D124/><U56/><E56/><V31/><F133/><W51/><G51/><T119/><D119/><U116/><E116/><V84/><F84/><W22/><G22/><T46/><D46/><U6/><E6/><V25/><F114/><W61/><G80/><T134/><D134/><U48/><E48/><V11/><F11/><W77/><G77/><T99/><D67/><U13/><E72/><V73/><F52/><W85/><G85/><T18/><D21/><U121/><E121/><V41/><F41/><W113/><G113/><T43/><D40/><U2/><E2/><V88/><F91/><W104/><G104/><T126/><D126/><U89/><E89/><V92/><F73/><W129/><G129/><T63/><D63/><U28/><E79/><V54/><F54/><W107/><G107/><T81/><D81/><U64/><E76/><V49/><F36/><W131/><G131/><T29/><D29/><U111/><E71/><V95/><F95/><W45/><G90/><T108/><D108/><N who="1" m="41515" /><E69/><V130/><F130/><W12/><G45/><T132/><D132/><U59/><E59/><V70/><F70/><W4/><G58/><T112/><D112/><U75/><E75/><RYUUKYOKU ba="4,0" sc="238,15,366,15,188,-15,208,-15" hai0="17,18,20,30,43,47,50,94,99,101" hai1="13,15,27,28,32,64,65,66,96,98" /><INIT seed="1,5,0,1,5,19" ten="253,381,173,193" oya="1" hai0="36,75,65,56,123,99,97,17,124,79,113,106,121" hai1="129,7,73,9,128,11,8,40,112,25,55,103,93" hai2="84,41,134,131,67,62,85,20,22,125,61,44,51" hai3="118,77,15,68,59,42,66,111,37,104,94,57,53"/><U32/><E112/><V96/><F125/><W4/><G104/><T24/><D36/><U27/><E73/><V122/><F122/><N who="0" m="46602" /><D124/><U127/><E127/><V6/><F131/><N who="1" m="50249" /><E7/><V105/><F134/><W26/><G118/><T82/><D106/><U54/><E40/><V2/><F2/><W60/><G111/><T114/><D65/><U5/><E5/><V31/><F31/><W58/><G77/><T116/><D56/><U132/><E132/><V86/><F6/><W87/><G37/><T108/><D108/><U48/><E54/><V98/><F62/><W110/><G110/><T28/><D17/><U115/><E32/><V74/><F74/><W16/><G42/><T71/><D71/><U69/><E69/><V0/><F0/><W80/><G4/><T10/><D10/><U49/><E55/><V91/><F105/><W3/><G3/><T70/><D70/><U43/><E43/><V101/><F101/><W117/><G117/><T63/><D63/><U126/><E126/><V119/><F119/><W64/><G64/><T78/><D78/><U45/><E115/><N who="0" m="44041" /><D116/><U92/><E45/><V50/><F50/><N who="1" m="19561" /><E103/><V133/><F133/><W72/><G53/><T100/><D100/><U29/><E29/><V33/><F33/><AGARI ba="5,0" hai="24,28,33,75,79,82,97,99" m="44041,46602" machi="33" ten="30,1000,0" yaku="13,1" doraHai="19" who="0" fromWho="2" sc="253,25,381,0,173,-25,193,0" /><INIT seed="2,0,0,1,3,69" ten="278,381,148,193" oya="2" hai0="96,86,32,46,7,80,26,122,118,92,24,34,83" hai1="85,2,56,39,20,131,126,0,124,63,60,11,134" hai2="31,35,50,99,36,128,127,42,95,132,135,33,41" hai3="117,109,98,125,62,6,100,1,115,77,82,74,12"/><V79/><F79/><W116/><G12/><T48/><D122/><U3/><E134/><N who="2" m="51243" /><F128/><W8/><G115/><T93/><D118/><U97/><E131/><V73/><F73/><W14/><G14/><T43/><D32/><N who="2" m="12362" /><F31/><W91/><G91/><N who="0" m="53367" /><D7/><U28/><E28/><V15/><F127/><W114/><G114/><T111/><D111/><U130/><E130/><V40/><F50/><W84/><G84/><T55/><D34/><U133/><E133/><V37/><F15/><W87/><G87/><T68/><D68/><U54/><E85/><V67/><F67/><W10/><G10/><T66/><D66/><U110/><E110/><V47/><F47/><W5/><G5/><T75/><D75/><U64/><E11/><V45/><F45/><W57/><G109/><T61/><D26/><U51/><E60/><V44/><F44/><W16/><G125/><T38/><D24/><U108/><E108/><V101/><AGARI ba="0,0" hai="36,37,40,41,42,95,99,101" m="12362,51243" machi="101" ten="40,7800,0" yaku="20,1,52,2" doraHai="69" who="2" fromWho="2" sc="278,-26,381,-26,148,78,193,-26" /><INIT seed="2,1,0,1,4,55" ten="252,355,226,167" oya="2" hai0="122,9,8,91,18,56,63,120,104,81,115,77,2" hai1="114,60,109,112,51,87,10,118,4,6,82,33,45" hai2="83,84,32,123,101,17,0,96,67,13,46,113,108" hai3="110,31,95,14,107,93,66,125,25,49,129,29,20"/><V39/><F0/><W133/><G107/><T86/><D104/><U79/><E118/><V111/><F32/><W3/><G3/><T21/><D115/><U65/><E33/><V59/><F123/><W106/><G106/><T64/><D77/><U19/><E19/><V22/><F113/><W126/><G110/><N who="2" m="42025" /><F46/><W89/><G133/><T41/><D41/><N who="1" m="25007" /><E4/><V38/><F67/><W5/><G129/><T70/><D70/><N who="1" m="42279" /><E109/><V131/><F59/><W40/><G66/><T97/><D64/><U134/><E134/><V88/><F131/><W92/><G31/><T105/><D2/><U1/><E1/><V117/><F117/><W50/><G89/><T90/><D91/><U47/><E47/><V48/><F48/><W42/><G50/><T52/><D90/><U36/><E36/><V44/><F44/><W75/><G75/><T78/><D78/><U7/><E6/><V80/><F80/><W53/><G40/><T135/><D81/><U35/><E35/><V94/><AGARI ba="1,0" hai="13,17,22,38,39,83,84,88,94,96,101" m="42025" machi="94" ten="30,6000,0" yaku="14,1,10,1,54,1" doraHai="55" who="2" fromWho="2" sc="252,-21,355,-21,226,63,167,-21" /><INIT seed="2,2,0,1,4,112" ten="231,334,289,146" oya="2" hai0="115,60,88,43,64,48,38,16,123,18,68,3,97" hai1="81,83,87,2,120,79,26,41,119,91,106,130,133" hai2="11,98,127,90,102,52,15,117,132,36,25,103,14" hai3="93,50,118,34,37,65,82,47,78,8,30,33,135"/><V22/><F36/><W23/><G37/><T31/><D3/><U128/><E2/><V129/><F127/><W110/><G110/><T73/><D115/><U104/><E41/><V122/><F122/><W113/><G113/><T59/><D73/><N who="1" m="43247" /><E26/><V96/><F132/><W0/><G135/><T99/><D123/><U94/><E120/><V20/><F129/><N who="1" m="49769" /><E133/><V74/><F74/><W77/><G77/><T5/><D5/><U86/><E119/><V44/><F117/><W56/><G93/><N who="0" m="56487" /><D99/><N who="2" m="37930" /><F90/><AGARI ba="2,0" hai="83,86,87,90,91,94,104,106" m="49769,43247" machi="90" ten="30,3900,0" yaku="19,1,34,2" doraHai="112" who="1" fromWho="2" sc="231,0,334,45,289,-45,146,0" /><INIT seed="3,0,0,0,0,127" ten="231,379,244,146" oya="3" hai0="59,133,85,11,78,3,95,40,44,110,47,74,102" hai1="13,130,50,113,20,8,108,27,70,43,77,57,94" hai2="71,96,125,129,114,12,106,82,60,117,23,121,65" hai3="134,91,100,37,84,18,103,38,79,126,111,92,131"/><W35/><G35/><T21/><D110/><U101/><E70/><V105/><F117/><W81/><G126/><T75/><D133/><U33/><E33/><V17/><F125/><W34/><G34/><T89/><D44/><U56/><E108/><V1/><F1/><W66/><G134/><T31/><D59/><U88/><E77/><V98/><F121/><W46/><G111/><T5/><D102/><U9/><E101/><V80/><F114/><W22/><G66/><T54/><D54/><U28/><E113/><V120/><F120/><W135/><G135/><T118/><D118/><U7/><E8/><V19/><F19/><W48/><G37/><N who="0" m="21903" /><D74/><U42/><E130/><V41/><F129/><W76/><G38/><T16/><D31/><U58/><REACH who="1" step="1"/><E50/><REACH who="1" ten="231,369,244,146" step="2"/><V14/><F71/><W63/><G131/><T69/><D69/><U55/><E55/><V39/><F39/><W10/><G10/><T115/><D115/><U132/><E132/><V107/><F107/><W64/><G79/><T2/><D11/><U124/><E124/><V30/><F106/><W25/><G76/><T53/><D78/><U104/><E104/><V32/><F105/><W68/><REACH who="3" step="1"/><G81/><REACH who="3" ten="231,369,244,136" step="2"/><T61/><D21/><U6/><E6/><V123/><F23/><W119/><G119/><T72/><D5/><U45/><E45/><V4/><F80/><W90/><G90/><T87/><D89/><U128/><E128/><V51/><F82/><W73/><G73/><T112/><D75/><U109/><E109/><V29/><F123/><W93/><G93/><T86/><D95/><U15/><E15/><RYUUKYOKU ba="0,2" sc="231,-15,369,15,244,-15,136,15" hai1="7,9,13,20,27,28,42,43,56,57,58,88,94" hai3="18,22,25,46,48,63,64,68,84,91,92,100,103" /><INIT seed="3,1,2,0,3,46" ten="216,384,229,151" oya="3" hai0="53,91,126,78,121,29,86,135,12,61,51,20,1" hai1="9,127,25,99,133,110,93,81,26,17,84,103,97" hai2="116,123,2,47,88,64,24,31,40,90,129,112,115" hai3="104,8,59,27,63,118,22,128,111,54,4,98,83"/><W15/><G118/><T107/><D1/><U37/><E37/><V52/><F2/><W100/><G128/><T69/><D107/><U114/><E114/><V101/><F116/><W82/><REACH who="3" step="1"/><G111/><REACH who="3" ten="216,384,229,141" step="2"/><T42/><D121/><U94/><E110/><V75/><F129/><W87/><G87/><T36/><D86/><U21/><E127/><V62/><F123/><W89/><G89/><T105/><D91/><N who="1" m="55487" /><E133/><V102/><F115/><W80/><G80/><T106/><D135/><U67/><E84/><V85/><F112/><W0/><G0/><T124/><D126/><U5/><E81/><V45/><F75/><W60/><G60/><T131/><D61/><U18/><E103/><V34/><F90/><W79/><G79/><T68/><D78/><U125/><E125/><V119/><F119/><W122/><G122/><T38/><D124/><U76/><E76/><V77/><F77/><W57/><G57/><T16/><D131/><U96/><E96/><V44/><F101/><W108/><G108/><T19/><D69/><U74/><E99/><V49/><F102/><W11/><G11/><T13/><D68/><U113/><E74/><V95/><F40/><W130/><G130/><T39/><D42/><U132/><E132/><V70/><AGARI ba="1,3" hai="24,31,34,44,45,47,49,52,62,64,70,85,88,95" machi="70" ten="20,8000,1" yaku="0,1,7,1,52,1,54,2" doraHai="46" who="2" fromWho="2" sc="216,-21,384,-21,229,113,141,-41" /><INIT seed="4,0,0,5,1,60" ten="195,363,342,100" oya="0" hai0="24,68,7,105,38,79,9,1,96,77,78,46,120" hai1="44,107,123,118,19,89,98,134,6,25,53,128,66" hai2="117,125,47,122,110,80,71,102,108,40,72,59,45" hai3="22,49,26,101,135,86,127,18,55,35,48,82,20"/><T42/><D120/><U115/><E123/><V106/><F122/><W30/><G135/><T37/><D68/><U64/><E118/><V75/><F71/><W124/><G101/><T84/><D24/><U116/><E116/><V109/><F47/><W10/><G10/><T76/><D38/><U34/><E134/><V130/><F117/><W91/><G48/><T41/><D41/><U2/><E115/><V113/><F59/><W129/><G129/><T62/><D62/><U5/><E128/><V33/><F33/><W85/><G85/><T81/><D105/><U21/><E34/><V133/><F130/><W15/><REACH who="3" step="1"/><G35/><REACH who="3" ten="195,363,342,90" step="2"/><T43/><D43/><U93/><E107/><V61/><F133/><W52/><G52/><T67/><REACH who="0" step="1"/><D96/><REACH who="0" ten="185,363,342,90" step="2"/><U8/><E98/><V32/><F40/><W31/><G31/><T3/><D3/><U28/><E28/><V51/><F110/><W99/><G99/><T63/><D63/><U36/><E2/><V97/><F61/><W17/><G17/><T27/><D27/><U0/><E0/><V100/><F109/><W92/><G92/><T58/><D58/><AGARI ba="0,2" hai="15,18,20,22,26,30,49,55,58,82,86,91,124,127" machi="58" ten="40,1300,0" yaku="1,1,53,0" doraHai="60" doraHaiUra="73" who="3" fromWho="0" sc="185,-13,363,0,342,0,90,33" /><INIT seed="5,0,0,1,1,8" ten="172,363,342,123" oya="1" hai0="36,13,50,119,53,10,91,110,90,58,133,26,5" hai1="89,88,63,129,49,87,27,81,76,104,105,109,46" hai2="16,28,51,127,116,82,21,12,29,108,134,24,37" hai3="70,94,60,68,25,44,71,11,18,32,9,86,0"/><U103/><E109/><V43/><F108/><W42/><G32/><T85/><D119/><U83/><E129/><V79/><F116/><W2/><G60/><T126/><D36/><U125/><E125/><V107/><F107/><W1/><G25/><T135/><D126/><U69/><E27/><V52/><F127/><W3/><G18/><T67/><D110/><U40/><E103/><V33/><F134/><N who="0" m="51210" /><D85/><U73/><REACH who="1" step="1"/><E89/><REACH who="1" ten="172,353,342,123" step="2"/><V132/><F132/><W54/><N who="3" m="512" /><DORA hai="7" /><W93/><G54/><T98/><D53/><U61/><E61/><V31/><F37/><W56/><G56/><T23/><D90/><U74/><E74/><V124/><F124/><W35/><G35/><T55/><D91/><U59/><E59/><V113/><F113/><W99/><G86/><T120/><D58/><U4/><E4/><V65/><F65/><AGARI ba="0,1" hai="40,46,49,63,65,69,73,76,81,83,87,88,104,105" machi="65" ten="40,12000,1" yaku="1,1,54,1,53,2" doraHai="8,7" doraHaiUra="84,80" who="1" fromWho="2" sc="172,0,353,130,342,-120,123,0" /><INIT seed="5,1,0,3,4,98" ten="172,483,222,123" oya="1" hai0="39,30,54,120,86,40,45,51,100,1,69,88,132" hai1="84,79,57,128,48,52,36,105,95,90,129,126,49" hai2="112,5,102,2,64,81,22,114,61,12,130,16,125" hai3="66,55,32,21,104,96,10,115,58,92,123,87,110"/><U43/><E105/><V4/><F125/><W46/><G32/><T111/><D1/><U124/><E79/><V33/><F33/><W67/><G104/><T94/><D111/><U91/><E36/><V121/><F121/><W74/><G74/><T0/><D0/><U116/><E116/><V122/><F122/><W47/><G115/><N who="2" m="44073" /><F130/><N who="1" m="50281" /><E43/><V7/><F81/><W135/><G110/><T6/><D6/><U53/><E91/><V9/><F102/><N who="3" m="60679" /><G135/><T8/><D69/><AGARI ba="1,0" hai="2,4,5,7,9,12,16,22,61,64,69" m="44073" machi="69" ten="30,3900,0" yaku="15,1,11,1,54,1" doraHai="98" who="2" fromWho="0" sc="172,-42,483,0,222,42,123,0" /><INIT seed="6,0,0,0,4,48" ten="130,483,264,123" oya="2" hai0="61,18,15,27,26,102,87,78,131,34,68,71,133" hai1="84,70,38,36,35,130,3,100,53,74,135,30,7" hai2="6,108,92,16,59,43,66,41,73,12,132,50,51" hai3="57,58,112,11,8,75,94,119,21,23,91,104,32"/><V62/><F73/><W56/><G104/><T80/><D131/><U67/><E130/><V116/><F116/><W124/><G32/><T77/><D133/><U19/><E135/><V64/><F132/><W10/><G75/><T45/><D102/><U28/><E100/><V96/><F108/><W105/><G105/><T115/><D77/><U29/><E35/><V126/><F6/><W47/><G119/><T82/><D82/><U46/><E19/><V1/><F1/><W63/><G112/><T111/><D111/><U14/><E14/><V110/><F110/><W39/><G124/><T129/><D129/><U9/><E84/><V123/><F66/><W103/><G103/><T72/><D72/><U31/><E31/><V120/><F126/><W118/><G118/><T25/><D34/><U121/><E121/><V37/><F123/><W117/><G117/><T93/><D93/><U88/><E67/><V134/><F120/><W109/><G109/><T42/><D61/><U0/><E3/><V106/><F106/><W5/><G5/><T24/><N who="0" m="6656" /><DORA hai="55" /><T97/><D97/><U95/><E74/><V4/><F4/><W13/><G13/><T52/><D115/><U40/><E7/><V49/><F37/><W44/><G63/><T83/><D83/><U114/><E36/><V98/><F134/><W127/><G127/><T22/><D42/><N who="2" m="15882" /><F92/><W125/><G125/><T81/><D81/><U2/><E2/><V54/><F64/><W107/><G107/><T101/><D101/><U89/><E114/><V20/><AGARI ba="0,0" hai="12,16,20,49,50,51,54,59,62,96,98" m="15882" machi="20" ten="30,11700,0" yaku="8,1,52,2,54,1" doraHai="48,55" who="2" fromWho="2" sc="130,-39,483,-39,264,117,123,-39" /><INIT seed="6,1,0,2,5,93" ten="91,444,381,84" oya="2" hai0="117,87,48,80,75,88,102,26,83,79,116,105,96" hai1="46,110,36,21,50,49,82,4,9,133,16,59,7" hai2="52,84,122,10,103,51,71,90,124,13,98,25,95" hai3="2,123,15,72,19,106,31,115,64,101,120,69,20"/><V121/><F71/><W131/><G2/><T27/><REACH who="0" step="1"/><D48/><REACH who="0" ten="81,444,381,84" step="2"/><U73/><E50/><V109/><F109/><W35/><G120/><T77/><D77/><U40/><E49/><V128/><F128/><W11/><G123/><T118/><AGARI ba="1,1" hai="26,27,75,79,80,83,87,88,96,102,105,116,117,118" machi="118" ten="30,12000,2" yaku="21,2,0,1,12,1,52,1,54,1,53,0" doraHai="93" doraHaiUra="37" who="0" fromWho="0" sc="81,133,444,-31,381,-61,84,-31" /><INIT seed="7,0,0,4,5,52" ten="214,413,320,53" oya="3" hai0="110,123,131,36,86,51,27,1,68,31,97,59,7" hai1="113,77,48,6,106,56,121,34,133,124,84,92,120" hai2="126,129,125,10,53,69,130,117,73,83,102,66,29" hai3="103,91,0,122,82,26,116,108,54,30,41,74,67"/><W5/><G116/><T109/><D123/><U44/><E106/><V118/><F29/><W46/><G122/><T18/><D36/><U96/><E34/><V43/><F10/><N who="3" m="2343" /><G108/><T95/><D68/><U65/><E124/><N who="2" m="47723" /><F102/><W12/><G12/><T38/><D38/><U28/><E28/><V4/><F4/><W37/><G67/><T21/><D86/><U8/><E77/><N who="2" m="44463" /><F43/><W76/><G54/><T98/><D98/><U47/><E65/><V128/><F53/><W9/><G9/><T61/><D1/><U64/><E64/><V87/><F66/><W88/><G103/><T57/><D109/><U115/><E8/><V24/><F24/><W20/><AGARI ba="0,0" hai="20,26,30,37,41,46,74,76,82,88,91" m="2343" machi="20" ten="30,3000,0" yaku="25,1,54,1" doraHai="52" who="3" fromWho="3" sc="214,-10,413,-10,320,-10,53,30" /><INIT seed="7,1,0,0,4,49" ten="204,403,310,83" oya="3" hai0="77,36,0,12,26,122,17,123,71,115,69,109,8" hai1="4,60,97,21,28,3,70,45,79,105,37,2,35" hai2="6,131,94,39,103,76,57,29,128,99,80,58,19" hai3="78,10,24,119,92,62,22,85,27,133,126,54,32"/><W51/><G119/><T46/><D109/><U101/><E79/><V20/><F39/><W89/><G126/><T53/><D0/><U108/><E21/><V33/><F6/><W118/><G118/><T121/><D115/><U91/><E91/><V116/><F29/><W87/><G133/><T66/><D66/><N who="1" m="41287" /><E4/><V14/><F33/><W34/><G62/><T9/><D36/><U40/><E108/><V25/><F116/><W63/><G63/><T74/><D74/><U110/><E110/><V88/><F103/><W50/><G50/><T127/><D127/><U73/><E73/><V44/><F44/><W114/><G114/><T120/><D46/><U41/><E40/><V48/><F14/><W86/><G10/><T100/><D100/><U106/><E105/><V96/><F96/><W82/><G86/><T112/><D112/><U113/><E113/><V125/><F125/><W130/><G130/><N who="2" m="49705" /><F48/><W95/><G95/><T84/><D84/><AGARI ba="1,0" hai="19,20,25,57,58,76,80,84,88,94,99" m="49705" machi="84" ten="30,2000,0" yaku="19,1,54,1" doraHai="49" who="2" fromWho="0" sc="204,-23,403,0,310,23,83,0" owari="181,-22.0,403,51.0,333,13.0,83,-42.0" /></mjloggm>