<mjloggm ver="2.3"><GO type="97" lobby="0"/><UN n0="%E5%B0%B1%E6%B4%BB%E7%94%9F%40%E5%B7%9D%E6%9D%91%E8%BB%8D%E5%9B%A3" n1="%E9%80%9F%E6%B0%B4%E4%BC%8A%E7%B9%94%E3%82%93" n2="%E7%B4%85%E8%8C%B6%E6%99%82%E9%96%93" n3="%43%72%61%7A%79%54" dan="15,13,15,14" rate="2001.94,1861.60,1943.51,1967.47" sx="M,M,M,M"/><TAIKYOKU oya="0"/><INIT seed="0,0,0,0,1,92" ten="250,250,250,250" oya="0" hai0="98,3,108,78,124,28,34,74,112,113,64,32,50" hai1="104,13,122,129,96,9,115,47,71,41,49,95,44" hai2="46,88,133,12,105,84,33,25,16,31,21,39,61" hai3="0,130,81,72,40,116,10,37,117,126,45,114,1"/><T73/><D3/><U56/><E122/><V35/><F133/><W19/><G19/><T63/><D124/><U86/><E71/><V42/><F105/><W94/><G1/><T91/><D108/><U85/><E104/><V11/><REACH who="2" step="1"/><F61/><REACH who="2" ten="250,250,240,250" step="2"/><W118/><G114/><T77/><D112/><U14/><E115/><V67/><F67/><W24/><G126/><T53/><D113/><U55/><E129/><V57/><F57/><W70/><G130/><T36/><D63/><U109/><E109/><V6/><F6/><W101/><G118/><T62/><D62/><U60/><E47/><V68/><F68/><W30/><G70/><T7/><D64/><U79/><E79/><V87/><F87/><N who="1" m="33289" /><E9/><V20/><F20/><W83/><G117/><T8/><D77/><U111/><E111/><V121/><F121/><W106/><G106/><T29/><D78/><U69/><E69/><V59/><F59/><W134/><G134/><T93/><D34/><U123/><E123/><V82/><AGARI ba="0,1" hai="11,12,16,21,25,31,33,35,39,42,46,82,84,88" machi="82" ten="20,12000,2" yaku="1,1,0,1,7,1,54,2,53,1" doraHai="92" doraHaiUra="27" who="2" fromWho="2" sc="250,-60,250,-30,240,130,250,-30" /><INIT seed="1,0,0,2,0,52" ten="190,220,370,220" oya="1" hai0="4,74,36,119,47,118,84,12,20,102,34,95,11" hai1="83,116,37,72,91,30,33,7,90,107,86,68,22" hai2="87,130,50,114,17,113,98,53,25,26,92,3,35" hai3="127,24,82,112,0,55,46,48,19,59,105,129,23"/><U14/><E116/><V2/><F130/><W70/><G105/><T29/><D74/><U51/><E37/><V133/><F87/><W101/><G0/><N who="2" m="41" /><F17/><W132/><G112/><N who="2" m="43113" /><F35/><W39/><G101/><T81/><D34/><U120/><E33/><V110/><F110/><W10/><G129/><T85/><D36/><U89/><E68/><V125/><F125/><W79/><G127/><T18/><D29/><U124/><E72/><V1/><F1/><W31/><G132/><T109/><D109/><U66/><E120/><V32/><F32/><W41/><G70/><T64/><D64/><U80/><E107/><V44/><F133/><W61/><G39/><T5/><D47/><U71/><E124/><V38/><F38/><W111/><G111/><T108/><D108/><U73/><E73/><V69/><F69/><W103/><G103/><AGARI ba="0,0" hai="25,26,44,50,53,92,98,103" m="43113,41" machi="103" ten="30,1000,0" yaku="11,1" doraHai="52" who="2" fromWho="3" sc="190,0,220,0,370,10,220,-10" /><INIT seed="2,0,0,3,4,129" ten="190,220,380,210" oya="2" hai0="80,133,118,5,24,125,62,64,96,105,8,40,42" hai1="72,76,25,23,81,17,22,61,77,106,45,28,88" hai2="55,86,48,120,63,33,53,30,112,134,50,39,13" hai3="93,116,12,16,21,37,99,1,67,51,0,56,26"/><V18/><F86/><W107/><G37/><T84/><D118/><U58/><E106/><V20/><F39/><W41/><G107/><T108/><D125/><U70/><E70/><V38/><F38/><W132/><G116/><T49/><D108/><U4/><E4/><V52/><F63/><W6/><G132/><T35/><D133/><U127/><E127/><V57/><F134/><W73/><G73/><T123/><D123/><U69/><E69/><V122/><F112/><W36/><G36/><T95/><D105/><U90/><E77/><V131/><F131/><W111/><G111/><T59/><D24/><U121/><E121/><V109/><F109/><W102/><G1/><T31/><D31/><U124/><E124/><V27/><F55/><W92/><G0/><T74/><D35/><U89/><E45/><AGARI ba="0,0" hai="13,18,20,27,30,33,45,48,50,52,53,57,120,122" machi="45" ten="30,2900,0" yaku="7,1,54,1" doraHai="129" who="2" fromWho="1" sc="190,0,220,-29,380,29,210,0" /><INIT seed="2,1,0,1,4,116" ten="190,191,409,210" oya="2" hai0="64,87,37,5,12,7,92,81,2,63,113,76,78" hai1="110,57,100,14,0,28,134,4,106,82,53,132,86" hai2="77,50,104,58,49,15,36,125,122,135,56,123,51" hai3="40,112,121,88,99,22,33,1,59,133,32,67,85"/><V131/><F77/><W101/><G1/><T39/><D2/><U79/><E0/><V96/><F15/><W117/><G40/><T23/><D113/><U127/><E28/><V105/><F96/><W129/><G117/><T109/><D109/><U74/><E127/><V35/><F35/><W31/><G129/><T70/><D78/><U124/><E124/><V29/><F29/><W48/><G112/><T8/><D5/><U126/><E126/><V72/><F72/><W60/><G133/><T119/><D119/><U42/><E42/><V69/><F125/><W118/><G48/><T43/><D43/><U26/><E110/><V120/><F135/><W30/><G30/><T52/><D23/><U21/><E26/><V65/><F131/><W94/><G118/><T83/><D83/><U17/><E4/><V90/><F90/><W71/><G71/><T130/><D130/><U55/><E55/><V27/><F27/><W25/><REACH who="3" step="1"/><G121/><REACH who="3" ten="190,191,409,200" step="2"/><N who="2" m="46697" /><F69/><W61/><G61/><T19/><D39/><U6/><E74/><V84/><F49/><W128/><G128/><T41/><D37/><U54/><E134/><V18/><F50/><W111/><G111/><T24/><D41/><U114/><E132/><V93/><F51/><W11/><G11/><T68/><D68/><U20/><E114/><V3/><F36/><W98/><G98/><T73/><D52/><U80/><E54/><V62/><F3/><W102/><G102/><T91/><D24/><U115/><E53/><V13/><F123/><W47/><G47/><T66/><D66/><U108/><E115/><V16/><F62/><RYUUKYOKU ba="1,1" sc="190,15,191,-15,409,-15,200,15" hai0="7,8,12,19,63,64,70,73,76,81,87,91,92" hai3="22,25,31,32,33,59,60,67,85,88,94,99,101" /><INIT seed="3,2,1,5,3,120" ten="205,176,394,215" oya="3" hai0="54,106,25,48,84,65,135,15,24,94,123,1,71" hai1="86,62,131,55,2,27,41,37,28,49,95,52,90" hai2="43,126,3,33,45,127,64,85,75,83,67,102,87" hai3="96,109,26,18,132,97,133,111,76,14,124,57,78"/><W110/><G26/><T74/><D106/><U100/><E131/><V92/><F33/><W51/><G124/><N who="2" m="47657" /><F3/><W73/><G57/><T113/><D1/><U44/><E2/><V20/><F20/><N who="3" m="11351" /><G51/><T66/><D74/><U69/><E100/><V17/><F17/><W121/><G121/><T63/><D135/><N who="3" m="51785" /><G73/><T89/><D123/><U11/><E11/><V21/><F21/><W10/><G10/><T122/><D122/><U8/><E8/><V80/><F75/><W39/><G39/><T58/><D113/><U105/><E105/><V7/><F7/><W31/><G31/><T23/><D15/><U34/><REACH who="1" step="1"/><E37/><REACH who="1" ten="205,166,394,215" step="2"/><N who="2" m="21743" /><F102/><W47/><G47/><T56/><D23/><U103/><E103/><V35/><F35/><W77/><AGARI ba="2,2" hai="76,77,78,96,97,109,110,111" m="51785,11351" machi="77" ten="40,18000,2" yaku="14,1,10,1,20,1,52,3" doraHai="120" who="3" fromWho="3" sc="205,-62,166,-62,394,-62,215,206" owari="143,-26.0,104,-40.0,332,13.0,421,53.0" /></mjloggm>