<mjloggm ver="2.3"><GO type="169" lobby="0"/><UN n0="%6E%65%6F%40%75%6E%69" n1="%67%6F%69%73%75%62%61%69" n2="%6D%61%74%69%6F%73%61%6E" n3="%E3%82%A6%E3%83%AB%E3%83%88%E3%83%A9%E7%AB%8B%E7%9B%B4" dan="19,16,16,17" rate="2287.02,2061.13,2096.63,2187.66" sx="M,M,M,M"/><TAIKYOKU oya="0"/><INIT seed="0,0,0,0,4,111" ten="250,250,250,250" oya="0" hai0="101,106,98,86,28,41,91,115,126,134,53,73,89" hai1="18,135,12,20,26,127,119,93,60,74,47,32,79" hai2="122,75,116,21,108,31,109,104,113,131,105,42,71" hai3="10,22,56,94,16,117,62,11,128,92,99,123,5"/><T13/><D41/><U34/><E119/><V33/><RYUUKYOKU type="yao9" ba="0,0" sc="250,0,250,0,250,0,250,0" hai2="21,31,33,42,71,75,104,105,108,109,113,116,122,131" /><INIT seed="0,1,0,0,0,108" ten="250,250,250,250" oya="0" hai0="96,103,84,56,94,32,40,47,66,51,42,61,134" hai1="114,17,80,82,73,12,48,135,28,132,35,57,43" hai2="64,76,15,9,104,83,58,20,1,52,75,130,117" hai3="10,98,77,93,67,50,106,79,70,89,55,100,90"/><T33/><D134/><N who="1" m="51243" /><E35/><V71/><F117/><W13/><G70/><T23/><D42/><U0/><E0/><V68/><F104/><W115/><G115/><T122/><D122/><U78/><E28/><V119/><F119/><W5/><G67/><T107/><D84/><U118/><E118/><V133/><F133/><W36/><G36/><T27/><REACH who="0" step="1"/><D107/><REACH who="0" ten="240,250,250,250" step="2"/><U26/><E43/><V85/><F85/><W41/><G41/><T92/><D92/><U116/><E73/><V21/><F75/><W45/><G106/><T88/><D88/><AGARI ba="1,1" hai="5,10,13,45,50,55,77,79,88,89,90,93,98,100" machi="88" ten="40,2600,0" yaku="8,1,54,1" doraHai="108" who="3" fromWho="0" sc="240,-29,250,0,250,0,250,39" /><INIT seed="1,0,0,4,1,36" ten="211,250,250,289" oya="1" hai0="82,31,55,11,40,98,60,0,124,58,123,53,56" hai1="43,19,130,59,62,104,33,131,57,125,49,68,89" hai2="2,29,16,34,106,32,1,99,119,51,133,12,97" hai3="23,25,66,115,113,65,4,26,96,71,87,81,72"/><U10/><E104/><V79/><F119/><W120/><G120/><T61/><D123/><U88/><E33/><V107/><F133/><W122/><G122/><T91/><D124/><U17/><E125/><V7/><F79/><W27/><G72/><T117/><D31/><U3/><E68/><V39/><F39/><W105/><G4/><T45/><D117/><U83/><E3/><V121/><F121/><W13/><G71/><T80/><D0/><U75/><E75/><V111/><F111/><W6/><G105/><T86/><D11/><U84/><E89/><V92/><F7/><W21/><G96/><T101/><D82/><U20/><E10/><V42/><F99/><W128/><G128/><N who="1" m="49194" /><E20/><N who="3" m="7754" /><G115/><T22/><D22/><U127/><E127/><V126/><F34/><W35/><G35/><T114/><D114/><U134/><E134/><V37/><F126/><W69/><G69/><T24/><D24/><U67/><E59/><V118/><F118/><W63/><G113/><T50/><D98/><U8/><E8/><V116/><F116/><W74/><G74/><T102/><AGARI ba="0,0" hai="40,45,50,53,55,56,58,60,61,80,86,91,101,102" machi="102" ten="30,7900,0" yaku="0,1,9,1,8,1,52,1" doraHai="36" who="0" fromWho="0" sc="211,79,250,-39,250,-20,289,-20" /><INIT seed="2,0,0,2,0,56" ten="290,211,230,269" oya="2" hai0="31,44,63,118,64,7,72,83,123,129,111,58,43" hai1="33,112,13,10,20,52,135,107,93,69,74,1,3" hai2="98,23,104,105,37,81,119,19,87,134,41,24,77" hai3="45,102,80,92,35,121,99,21,86,122,132,16,0"/><V67/><F119/><W5/><G35/><T79/><D111/><U8/><E107/><V96/><F134/><W94/><G132/><T42/><D129/><U126/><E74/><V62/><F37/><W6/><G0/><T27/><D118/><U17/><E135/><V18/><F41/><W91/><G121/><T40/><D7/><U113/><E69/><V2/><F2/><N who="1" m="521" /><E93/><V60/><F105/><W36/><G122/><T128/><D128/><U115/><E52/><V73/><F73/><W11/><G11/><N who="1" m="4138" /><E33/><V26/><F104/><W78/><G45/><T46/><REACH who="0" step="1"/><D123/><REACH who="0" ten="280,211,230,269" step="2"/><U127/><AGARI ba="0,1" hai="13,17,20,112,113,115,126,127" m="4138,521" machi="127" ten="40,2700,0" yaku="34,2" doraHai="56" who="1" fromWho="1" sc="280,-7,211,37,230,-13,269,-7" /><INIT seed="3,0,0,0,1,7" ten="273,248,217,262" oya="3" hai0="121,93,90,70,124,24,114,81,40,110,32,66,46" hai1="125,103,17,10,83,115,98,41,129,58,113,45,111" hai2="26,9,42,68,16,27,44,91,131,53,119,13,85" hai3="95,15,96,33,99,112,35,14,1,30,5,101,76"/><W48/><G112/><T52/><D110/><U126/><E111/><V4/><F68/><W82/><G1/><T130/><D114/><U127/><E129/><V63/><F119/><W88/><G48/><T134/><D124/><U94/><E83/><V31/><F131/><W87/><G30/><T3/><D81/><U122/><E122/><V55/><F63/><W60/><G60/><T92/><D92/><U116/><E58/><V67/><F67/><W51/><G51/><T43/><D52/><N who="2" m="20042" /><F4/><W80/><G80/><T79/><D93/><U132/><E132/><V65/><F65/><W71/><G71/><T8/><D134/><U102/><E102/><V84/><F31/><W100/><G100/><T109/><D66/><U104/><E104/><V57/><F57/><W89/><G89/><T105/><D105/><U62/><E62/><V123/><F123/><W37/><G37/><T56/><D56/><U72/><E72/><V75/><F75/><W12/><REACH who="3" step="1"/><G5/><REACH who="3" ten="273,248,217,252" step="2"/><N who="0" m="1087" /><D70/><U23/><E116/><V11/><F91/><W2/><G2/><T38/><D38/><U25/><E115/><V74/><F74/><W49/><G49/><T34/><D90/><U21/><E113/><V133/><F133/><W106/><AGARI ba="0,1" hai="12,14,15,33,35,76,82,87,88,95,96,99,101,106" machi="106" ten="30,6000,0" yaku="1,1,0,1,54,1,53,0" doraHai="7" doraHaiUra="19" who="3" fromWho="3" sc="273,-20,248,-20,217,-20,252,70" /><INIT seed="3,1,0,0,3,96" ten="253,228,197,322" oya="3" hai0="98,64,87,48,112,101,100,58,118,135,51,31,131" hai1="6,66,37,63,113,78,29,88,65,115,35,60,52" hai2="26,21,59,128,120,69,27,39,1,126,104,122,83" hai3="19,108,7,25,56,33,84,50,24,14,97,40,82"/><W72/><G72/><T67/><D118/><U116/><E37/><V91/><F69/><W10/><G108/><T41/><D98/><U124/><E78/><V42/><F1/><W55/><G33/><T102/><D131/><U95/><E124/><V61/><F126/><W123/><G123/><N who="2" m="47145" /><F104/><W15/><G40/><T94/><D31/><U8/><E116/><V18/><F128/><W16/><G97/><T85/><D135/><U107/><E107/><V43/><F39/><W80/><G7/><T132/><D132/><U76/><E76/><V127/><F27/><N who="3" m="10315" /><G84/><N who="0" m="32331" /><D94/><U32/><E29/><V53/><F127/><W125/><G125/><T2/><D2/><U3/><E115/><V45/><F45/><W75/><G75/><T93/><D93/><U62/><E113/><V77/><F91/><W47/><G47/><N who="0" m="25711" /><D112/><U89/><E35/><V81/><F81/><W134/><G134/><T17/><D17/><U133/><E32/><V68/><F68/><W20/><AGARI ba="1,0" hai="10,14,15,16,19,20,50,55,56,80,82" m="10315" machi="20" ten="30,3000,0" yaku="8,1,54,1" doraHai="96" who="3" fromWho="3" sc="253,-11,228,-11,197,-11,322,33" /><INIT seed="3,2,0,3,3,15" ten="242,217,186,355" oya="3" hai0="17,70,110,75,61,46,127,90,44,16,130,40,32" hai1="47,60,0,23,99,11,123,20,133,37,73,109,29" hai2="108,62,135,7,132,6,77,115,83,19,14,111,124" hai3="48,18,131,100,94,57,50,85,5,125,116,34,84"/><W114/><G34/><T24/><D75/><U52/><E123/><V4/><F62/><W112/><G116/><T76/><D76/><U35/><E109/><V92/><F92/><W39/><G39/><T58/><D70/><U80/><E133/><N who="2" m="51275" /><F124/><W101/><G5/><N who="2" m="1281" /><V38/><DORA hai="74" /><F38/><W97/><G94/><T45/><D40/><U51/><E99/><V49/><F49/><W71/><G97/><T28/><D110/><U27/><E37/><V96/><F96/><W33/><G71/><T79/><D79/><U53/><E0/><V3/><F3/><W134/><G50/><T21/><D127/><U67/><E53/><V59/><F59/><W91/><G57/><T117/><D117/><U128/><E73/><N who="2" m="43439" /><F115/><W13/><G114/><T122/><D122/><U25/><E60/><V95/><F95/><W89/><G112/><T78/><D78/><U65/><E65/><V63/><F63/><W129/><G125/><T103/><D103/><U22/><E67/><V31/><F31/><W26/><G134/><T69/><D69/><U105/><E105/><V93/><F93/><W8/><G100/><T30/><D90/><U68/><E68/><V66/><F66/><W126/><G101/><T88/><D88/><U98/><E29/><V12/><F12/><W81/><G126/><T10/><D32/><U113/><E35/><V54/><F54/><W43/><G89/><T86/><D86/><U104/><E98/><V118/><F118/><W2/><G85/><T55/><D130/><U41/><E128/><V64/><F64/><W36/><G131/><T9/><D30/><RYUUKYOKU ba="2,0" sc="242,15,217,-15,186,15,355,-15" hai0="9,10,16,17,21,24,28,44,45,46,55,58,61" hai2="14,19,108,111" /><INIT seed="4,3,0,3,0,4" ten="257,202,201,340" oya="0" hai0="81,47,12,133,83,129,50,16,23,10,121,96,40" hai1="20,55,128,17,15,1,69,63,2,74,127,134,37" hai2="111,87,54,84,0,44,92,3,78,117,14,56,76" hai3="38,58,8,93,97,91,26,64,88,89,94,79,42"/><T104/><D121/><U101/><E37/><V18/><F111/><W106/><G106/><T114/><D114/><U90/><E74/><V39/><F117/><W122/><G38/><T125/><D125/><U22/><E127/><V24/><F24/><W98/><G42/><T118/><D118/><U109/><E109/><V119/><F119/><W32/><G32/><T68/><D68/><U19/><E134/><V27/><F27/><W67/><G79/><T132/><D129/><U105/><E128/><V51/><F3/><W66/><G26/><T29/><D29/><U115/><E115/><V48/><F0/><W99/><G122/><T53/><D23/><U71/><E105/><V126/><F39/><W45/><G45/><T107/><D40/><U49/><E101/><V95/><F126/><W113/><G113/><T102/><REACH who="0" step="1"/><D107/><REACH who="0" ten="247,202,201,340" step="2"/><U130/><E130/><V135/><F135/><AGARI ba="3,1" hai="10,12,16,47,50,53,81,83,96,102,104,132,133,135" machi="135" ten="40,12000,1" yaku="1,1,2,1,20,1,52,1,54,1,53,0" doraHai="4" doraHaiUra="80" who="0" fromWho="2" sc="247,139,202,0,201,-129,340,0" /><INIT seed="4,4,0,3,4,6" ten="386,202,72,340" oya="0" hai0="39,51,89,93,35,8,72,20,53,62,119,101,110" hai1="43,114,65,34,70,71,1,10,33,135,124,21,90" hai2="129,96,4,19,82,88,131,54,86,103,107,7,69" hai3="97,77,40,125,102,112,29,73,58,25,23,84,106"/><T95/><D39/><U30/><E135/><V113/><F69/><W52/><G125/><T91/><D35/><U28/><E124/><V132/><F132/><W128/><G128/><N who="2" m="49225" /><F113/><W111/><G112/><T13/><D20/><U37/><E114/><V80/><F54/><W122/><G111/><T127/><D72/><U85/><E43/><V87/><F19/><W126/><G126/><T120/><D119/><U41/><E41/><V64/><F64/><W105/><G40/><T118/><D118/><U63/><E70/><V121/><F121/><W12/><G73/><T99/><D120/><U75/><E37/><V123/><F123/><W100/><G122/><T81/><D62/><U68/><E68/><V47/><F47/><W26/><G26/><T108/><D127/><U45/><E45/><V38/><F38/><W134/><G134/><T3/><D3/><U11/><E75/><V83/><F4/><W27/><G27/><T116/><D116/><U104/><E104/><V60/><F60/><W49/><G12/><T14/><D14/><U31/><E1/><V94/><F7/><W61/><G61/><T117/><D117/><U36/><E36/><V44/><F44/><W15/><G15/><T79/><D53/><U67/><E67/><V46/><F46/><W66/><G66/><T98/><D51/><U42/><E42/><V57/><F57/><W109/><G52/><T24/><D24/><U50/><E50/><V48/><F48/><W9/><G49/><T18/><D101/><U16/><E34/><V22/><F22/><N who="3" m="15543" /><G102/><T0/><D0/><U130/><E33/><RYUUKYOKU ba="4,0" sc="386,15,202,-15,72,15,340,-15" hai0="8,13,18,79,81,89,91,93,95,98,99,108,110" hai2="80,82,83,86,87,88,94,96,103,107" /><INIT seed="4,5,0,5,5,57" ten="401,187,87,325" oya="0" hai0="121,69,6,52,25,125,135,22,56,67,20,93,117" hai1="53,79,71,15,62,77,111,4,47,132,102,81,104" hai2="114,19,14,46,82,83,80,88,127,35,75,9,37" hai3="99,73,98,131,74,60,119,16,65,84,42,128,51"/><T101/><D125/><U3/><E111/><V55/><F35/><W27/><G84/><T54/><D135/><U106/><E3/><V70/><F127/><W34/><G119/><T87/><D6/><U63/><E132/><V68/><F114/><W89/><G51/><T28/><D69/><U31/><E31/><V2/><F2/><W115/><G42/><T18/><D121/><U105/><E102/><V109/><F109/><W11/><G34/><T7/><D7/><U95/><E71/><V91/><F75/><W90/><G115/><T0/><D0/><U26/><E26/><V8/><F8/><W116/><G116/><T36/><D36/><U124/><E95/><V108/><F108/><W94/><G98/><N who="0" m="59599" /><D87/><U50/><E124/><V120/><F120/><W59/><G90/><T110/><D110/><U43/><E43/><V85/><F91/><W1/><G1/><T126/><D117/><U134/><E134/><V5/><F5/><W64/><G74/><T76/><D76/><U86/><REACH who="1" step="1"/><E77/><REACH who="1" ten="401,177,87,325" step="2"/><V10/><F83/><W100/><G100/><T61/><D126/><U13/><E13/><AGARI ba="5,1" hai="13,18,20,22,25,28,52,54,56,61,67" m="59599" machi="13" ten="30,11600,0" yaku="25,1,8,1,52,1,54,1" doraHai="57" who="0" fromWho="1" sc="401,141,177,-131,87,0,325,0" /><INIT seed="4,6,0,5,2,53" ten="542,46,87,325" oya="0" hai0="36,130,98,111,45,83,19,96,94,22,49,103,37" hai1="39,73,106,30,20,43,68,63,7,48,101,42,58" hai2="97,118,64,33,41,55,90,65,35,125,12,78,72" hai3="70,100,75,82,104,6,76,2,121,24,113,109,56"/><T46/><D46/><U15/><E73/><V59/><F118/><W120/><G70/><T95/><D83/><U108/><E108/><V0/><F0/><W93/><G104/><T62/><D62/><U29/><E39/><V74/><F41/><W116/><G116/><T128/><D111/><U51/><E68/><V102/><F125/><W11/><G109/><T88/><D130/><U127/><E106/><V8/><F90/><W122/><G24/><T27/><REACH who="0" step="1"/><D128/><REACH who="0" ten="532,46,87,325" step="2"/><U60/><E127/><V47/><F47/><W31/><G113/><T69/><D69/><U9/><E63/><V119/><F119/><W14/><G82/><T91/><D91/><U25/><E101/><V3/><F102/><W32/><G100/><T34/><D34/><U114/><E114/><V86/><F35/><W134/><G32/><T50/><D50/><N who="1" m="18987" /><E29/><V4/><F33/><W129/><G31/><T112/><D112/><U13/><E13/><V79/><F12/><W23/><G129/><T85/><D85/><U18/><E30/><V10/><F86/><W135/><G14/><T107/><D107/><U126/><E126/><V54/><F3/><W131/><G131/><T110/><D110/><U38/><E38/><V57/><F97/><W71/><G71/><T124/><D124/><U1/><E1/><V132/><F74/><W89/><G89/><T17/><D17/><U28/><E28/><V16/><F72/><W44/><G75/><T77/><D77/><U40/><E40/><AGARI ba="6,1" hai="19,22,27,36,37,40,45,49,88,94,95,96,98,103" machi="40" ten="30,5800,0" yaku="1,1,7,1,54,1,53,0" doraHai="53" doraHaiUra="67" who="0" fromWho="1" sc="532,86,46,-76,87,0,325,0" owari="618,71.0,-30,-53.0,87,-31.0,325,13.0" /></mjloggm>