<mjloggm ver="2.3"><GO type="169" lobby="0"/><UN n0="%74%61%72%6F%33%39%30%30" n1="%E3%88%B1%E3%83%AA%E3%82%B3%E3%81%B4%E3%82%87%E3%82%93" n2="%E3%83%88%E3%83%88%E3%83%AA%E5%85%88%E7%94%9F%31%39%E6%AD%B3" n3="%7A%65%6C%64%65%6E" dan="18,16,18,19" rate="2221.84,2076.55,2232.02,2233.03" sx="M,F,F,M"/><TAIKYOKU oya="0"/><INIT seed="0,0,0,4,3,120" ten="250,250,250,250" oya="0" hai0="58,26,70,37,7,43,124,4,92,127,76,106,45" hai1="24,125,51,105,22,113,13,6,88,111,54,123,80" hai2="101,59,34,31,117,135,77,39,122,84,78,118,15" hai3="33,98,79,72,2,40,48,66,20,42,62,65,5"/><T23/><D70/><U18/><E123/><V0/><F122/><W134/><G33/><T121/><D106/><U73/><E125/><N who="0" m="48201" /><D121/><U86/><E113/><V110/><F0/><W104/><G134/><T60/><D92/><U27/><E105/><V55/><F39/><W99/><G104/><T93/><D93/><U90/><E73/><V71/><F71/><W10/><G65/><N who="0" m="39063" /><D76/><U41/><E41/><V107/><F135/><W17/><G72/><T85/><D85/><U87/><E6/><V74/><F74/><W115/><G79/><T1/><D1/><U82/><E111/><V102/><F110/><W38/><G38/><T57/><D57/><AGARI ba="0,0" hai="13,18,22,24,27,51,54,57,80,82,86,87,88,90" machi="57" ten="30,7700,0" yaku="7,1,9,1,8,1,54,1" doraHai="120" who="1" fromWho="0" sc="250,-77,250,77,250,0,250,0" /><INIT seed="1,0,0,3,2,8" ten="173,327,250,250" oya="1" hai0="107,18,101,58,52,53,124,120,26,66,82,48,47" hai1="113,97,126,12,72,76,112,54,51,45,64,56,31" hai2="108,15,105,36,62,119,50,25,83,74,133,106,68" hai3="38,129,79,40,60,135,61,69,78,27,28,2,43"/><U11/><E126/><V131/><F119/><W92/><G2/><T110/><D110/><U4/><E31/><V73/><F36/><W128/><G135/><T55/><D124/><U30/><E30/><V102/><F131/><N who="3" m="50251" /><G92/><T37/><D120/><U96/><E72/><V39/><F39/><W90/><G90/><T1/><D1/><U13/><E76/><N who="3" m="29226" /><G38/><T41/><D82/><U109/><E109/><V3/><F3/><W19/><G19/><T94/><D107/><U23/><E112/><V32/><F83/><W6/><G6/><T67/><D26/><U22/><E113/><V89/><F89/><W118/><G118/><T81/><D18/><N who="1" m="10575" /><E23/><V123/><F123/><W5/><G5/><T134/><D94/><U77/><E77/><V9/><F108/><W46/><G69/><T84/><D101/><U125/><E125/><V95/><F105/><W59/><G46/><N who="0" m="23855" /><D84/><U114/><E114/><V10/><F106/><W100/><G100/><T121/><D81/><U71/><E71/><V63/><F68/><W57/><G57/><N who="0" m="32903" /><D121/><U7/><E7/><N who="2" m="3519" /><F102/><W33/><G59/><T98/><D98/><U29/><E29/><N who="2" m="19503" /><F95/><W117/><G117/><T99/><D99/><U132/><E132/><V91/><F133/><W116/><G116/><T70/><D134/><U127/><E127/><V14/><F74/><W130/><G130/><T65/><D70/><U42/><E97/><V21/><F73/><W103/><G103/><T49/><D58/><U20/><E96/><V85/><F91/><W17/><G17/><T34/><D34/><U86/><E56/><V44/><F85/><RYUUKYOKU ba="0,0" sc="173,15,327,-15,250,-15,250,15" hai0="47,49,53,55,65,66,67" hai3="27,28,33,40,43,60,61" /><INIT seed="2,1,0,0,4,123" ten="188,312,235,265" oya="2" hai0="52,89,81,114,35,0,129,130,22,41,1,126,120" hai1="17,124,134,93,116,95,119,56,16,66,105,83,128" hai2="112,6,117,49,96,19,4,15,74,69,55,36,13" hai3="84,99,106,108,109,62,47,20,24,70,103,29,92"/><V58/><F112/><W111/><G47/><T113/><D35/><U32/><E105/><V61/><F117/><W67/><G84/><T101/><D120/><U14/><E32/><V118/><F118/><W77/><G77/><T25/><D41/><U110/><E124/><V131/><F74/><W34/><G20/><T48/><D101/><U75/><E134/><V88/><F36/><W80/><G80/><T7/><D126/><U39/><E39/><V64/><F131/><N who="0" m="50186" /><D89/><U23/><E128/><V18/><F13/><W91/><G91/><T97/><D97/><U37/><E37/><V30/><F30/><W107/><AGARI ba="1,0" hai="24,29,34,62,67,70,92,99,103,106,107,108,109,111" machi="107" ten="40,8000,1" yaku="0,1,14,1,52,3" doraHai="123" who="3" fromWho="3" sc="188,-21,312,-21,235,-41,265,83" /><INIT seed="3,0,0,5,3,60" ten="167,291,194,348" oya="3" hai0="62,103,131,101,73,79,46,77,111,43,39,81,109" hai1="119,34,107,10,122,87,24,69,36,96,51,38,41" hai2="104,120,56,105,132,31,58,114,135,97,17,45,127" hai3="27,26,25,5,117,118,47,18,92,115,49,113,108"/><W82/><G92/><T48/><D131/><U22/><E122/><V40/><F114/><N who="3" m="43531" /><G82/><T76/><D39/><U125/><E34/><V52/><F120/><W37/><G37/><T53/><D73/><U89/><E69/><V68/><F68/><W129/><G49/><T6/><D6/><U33/><E33/><V70/><F70/><W16/><G47/><T63/><D81/><U0/><E107/><V72/><F72/><W130/><G5/><T112/><D112/><U85/><E51/><N who="2" m="28783" /><F127/><W121/><G121/><T88/><D63/><U23/><E125/><V71/><F40/><W11/><G108/><N who="0" m="41547" /><D88/><U90/><E38/><V15/><F31/><W133/><G133/><N who="2" m="51273" /><F71/><W78/><G78/><T95/><D95/><U86/><E36/><V19/><F19/><N who="3" m="7211" /><G11/><T14/><D43/><U35/><E41/><V124/><F124/><W67/><G67/><T9/><D62/><U134/><E134/><V126/><F126/><W61/><G61/><T66/><D66/><U7/><E7/><V93/><F105/><W50/><G50/><T74/><D74/><U110/><E110/><V30/><F30/><W100/><G100/><T32/><D101/><U64/><E64/><V42/><F104/><W21/><G21/><T123/><D103/><U116/><E23/><N who="2" m="11711" /><F42/><W102/><G102/><AGARI ba="0,0" hai="56,58,93,97,102" m="11711,51273,28783" machi="102" ten="30,2000,0" yaku="20,1,54,1" doraHai="60" who="2" fromWho="3" sc="167,0,291,0,194,20,348,-20" /><INIT seed="4,0,0,0,2,30" ten="167,291,214,328" oya="0" hai0="43,97,6,76,122,83,46,82,20,70,29,119,74" hai1="28,86,39,102,38,21,56,134,7,40,62,126,68" hai2="31,117,129,72,98,84,8,131,105,1,103,13,33" hai3="100,37,61,51,121,90,128,18,0,22,114,101,66"/><T64/><D119/><U132/><E102/><V2/><F72/><W19/><G37/><T63/><D122/><U91/><E7/><V87/><F117/><W60/><G121/><T17/><D6/><U135/><E126/><V120/><F120/><W11/><G114/><T42/><D29/><U108/><E108/><V73/><F73/><W123/><G123/><T36/><D43/><U116/><E68/><V4/><F84/><W75/><G75/><T53/><D83/><U89/><E116/><V130/><REACH who="2" step="1"/><F87/><REACH who="2" ten="167,291,204,328" step="2"/><W9/><G128/><T48/><D97/><U49/><E86/><V14/><F14/><W50/><G0/><T118/><D118/><U112/><E112/><V5/><F5/><W65/><G90/><T88/><D88/><U45/><E91/><V67/><F67/><W57/><G100/><T125/><D125/><U127/><E89/><V55/><F55/><W26/><G101/><T59/><D20/><U124/><E124/><V44/><F44/><W94/><G22/><T93/><D93/><U54/><E127/><V27/><AGARI ba="0,1" hai="1,2,4,8,13,27,31,33,98,103,105,129,130,131" machi="27" ten="40,8000,1" yaku="1,1,0,1,19,1,52,1,53,0" doraHai="30" doraHaiUra="115" who="2" fromWho="2" sc="167,-40,291,-20,204,90,328,-20" /><INIT seed="5,0,0,3,5,21" ten="127,271,294,308" oya="1" hai0="45,113,82,5,59,63,108,60,42,3,122,94,105" hai1="65,67,87,55,26,64,11,115,128,99,69,116,70" hai2="58,24,131,47,92,66,104,19,22,98,121,114,28" hai3="77,132,112,57,9,40,76,95,35,130,27,103,44"/><U72/><E72/><V100/><F121/><W33/><G112/><T79/><D105/><U88/><E116/><V125/><F114/><W54/><G132/><T25/><D113/><U86/><E115/><V126/><F131/><W38/><G130/><T32/><D108/><U106/><E128/><V30/><F47/><W41/><G41/><T117/><D117/><U111/><E111/><V68/><F68/><W89/><G103/><T118/><D118/><U20/><E11/><V71/><F71/><W7/><G33/><T119/><D119/><U13/><E13/><V73/><F73/><W101/><G101/><T91/><D122/><U36/><E36/><V85/><F85/><W93/><G35/><T110/><D110/><U81/><E106/><V127/><F104/><W2/><G27/><T61/><D5/><U50/><E99/><V120/><F120/><W78/><REACH who="3" step="1"/><G89/><REACH who="3" ten="127,271,294,298" step="2"/><T43/><D43/><U135/><E135/><V23/><F126/><W109/><G109/><T62/><D32/><U124/><E124/><V15/><F30/><W129/><G129/><T46/><D25/><U134/><E134/><V102/><F102/><W107/><G107/><T29/><D42/><U75/><E70/><V56/><F127/><W4/><G4/><T6/><D29/><N who="1" m="17607" /><E69/><V48/><F125/><W37/><G37/><T49/><D6/><U12/><E12/><V97/><F100/><W133/><G133/><T39/><D39/><U10/><E88/><V90/><F90/><W14/><G14/><T53/><N who="0" m="15360" /><DORA hai="96" /><T123/><D123/><U74/><E10/><V34/><F28/><RYUUKYOKU ba="0,1" sc="127,-10,271,-10,294,-10,298,30" hai3="2,7,9,38,40,44,54,57,76,77,78,93,95" /><INIT seed="6,1,1,0,1,93" ten="117,261,284,328" oya="2" hai0="52,21,43,38,105,62,124,110,65,85,109,33,87" hai1="18,90,91,3,64,132,92,73,113,82,94,121,129" hai2="84,104,15,99,108,101,125,76,126,29,14,68,1" hai3="19,12,42,66,46,20,114,24,45,98,103,133,86"/><V106/><F1/><W49/><G133/><T54/><D33/><U10/><E64/><V100/><F68/><W36/><G114/><T97/><D124/><N who="2" m="47722" /><F29/><W44/><G66/><T48/><D110/><U39/><E39/><V119/><F108/><W0/><G0/><T58/><D109/><U130/><E132/><V56/><F119/><W26/><G86/><T95/><D105/><N who="2" m="40554" /><F56/><W8/><G36/><T60/><D60/><U53/><E113/><V134/><F134/><W118/><G118/><T37/><D37/><U112/><E112/><V115/><F115/><W6/><REACH who="3" step="1"/><G26/><REACH who="3" ten="117,261,284,318" step="2"/><T135/><D135/><U78/><E121/><V89/><F76/><W47/><G47/><T32/><D38/><U9/><E3/><V102/><F15/><W31/><G31/><T40/><D65/><U131/><E73/><V23/><F14/><W7/><G7/><T28/><D85/><N who="1" m="50487" /><E78/><V88/><F84/><W27/><G27/><T25/><D87/><N who="1" m="52351" /><E18/><V69/><F69/><W59/><G59/><T13/><D13/><U5/><E5/><V51/><F23/><W71/><G71/><T116/><D116/><U81/><E81/><V107/><F51/><W61/><G61/><T79/><D79/><U83/><E83/><V17/><F17/><W55/><G55/><T127/><D127/><U50/><E94/><AGARI ba="1,2" hai="6,8,12,19,20,24,42,44,45,46,49,94,98,103" machi="94" ten="30,7700,0" yaku="1,1,7,1,8,1,52,1,53,0" doraHai="93" doraHaiUra="77" who="3" fromWho="1" sc="117,0,261,-80,284,0,318,100" /><INIT seed="7,0,0,1,5,36" ten="117,181,284,418" oya="3" hai0="120,13,86,134,117,92,102,112,15,116,79,90,114" hai1="49,2,57,94,97,37,45,1,77,101,58,115,104" hai2="82,7,11,98,89,119,52,24,56,131,83,21,22" hai3="107,91,85,62,3,33,76,17,99,72,31,135,124"/><W29/><G3/><T27/><D27/><U53/><E115/><N who="0" m="44073" /><D13/><U28/><E28/><V109/><F131/><W19/><G124/><T133/><D15/><U16/><E77/><V12/><F119/><N who="0" m="45642" /><D120/><U64/><E104/><V40/><F109/><W63/><G135/><N who="0" m="51723" /><D79/><U35/><E35/><V118/><F118/><W61/><G76/><T100/><AGARI ba="0,0" hai="86,90,92,100,102" m="51723,45642,44073" machi="100" ten="40,8000,1" yaku="15,1,11,1,20,1,34,2" doraHai="36" who="0" fromWho="0" sc="117,80,181,-20,284,-20,418,-40" owari="197,-20.0,161,-34.0,264,6.0,378,48.0" /></mjloggm>