<mjloggm ver="2.3"><GO type="169" lobby="0"/><UN n0="%E3%82%A6%E3%83%AB%E3%83%88%E3%83%A9%E7%AB%8B%E7%9B%B4" n1="%E6%B9%8A%E3%81%AE%E9%87%A3%E5%B8%AB" n2="%EF%BC%93%E7%95%AA%E3%82%B7%E3%83%A7%E3%83%BC%E3%83%88%E5%9D%82%E7%94%B0" n3="%6D%61%2D%62%6F%33%35" dan="17,16,16,16" rate="2193.13,2124.97,2127.16,2104.20" sx="M,M,M,M"/><TAIKYOKU oya="0"/><INIT seed="0,0,0,4,1,58" ten="250,250,250,250" oya="0" hai0="131,111,6,101,99,55,81,87,68,84,82,46,105" hai1="65,118,130,114,30,29,26,39,128,11,86,45,2" hai2="3,36,60,21,133,56,12,7,43,125,102,108,132" hai3="97,116,96,53,31,41,16,126,67,80,107,42,92"/><T4/><D68/><U38/><E118/><V10/><F108/><W27/><G116/><T113/><D113/><U79/><E114/><V73/><F73/><W124/><G67/><T129/><D111/><U62/><E79/><V115/><F115/><W32/><G80/><T13/><D55/><U40/><E86/><V63/><F56/><W47/><G107/><T91/><D46/><U83/><E83/><V20/><F125/><N who="3" m="48235" /><G97/><T75/><D75/><U100/><E100/><V17/><F102/><W106/><G106/><T93/><D13/><U23/><E39/><V103/><F103/><N who="3" m="60807" /><G16/><T104/><D4/><U72/><E72/><V134/><REACH who="2" step="1"/><F20/><REACH who="2" ten="250,250,240,250" step="2"/><W19/><G19/><T95/><D105/><U44/><E29/><V9/><F9/><W71/><G71/><T22/><D22/><U85/><E45/><AGARI ba="0,1" hai="3,7,10,12,17,21,36,43,45,60,63,132,133,134" machi="45" ten="40,8000,1" yaku="1,1,20,1,52,2,53,0" doraHai="58" doraHaiUra="54" who="2" fromWho="1" sc="250,0,250,-80,240,90,250,0" /><INIT seed="1,0,0,1,2,105" ten="250,170,330,250" oya="1" hai0="42,95,5,64,79,94,104,77,101,40,85,92,34" hai1="10,89,130,38,25,2,13,48,90,50,32,24,78" hai2="36,99,67,110,120,109,16,72,118,37,58,71,131" hai3="62,59,15,107,29,113,45,44,9,35,46,28,106"/><U122/><E122/><V47/><F120/><W39/><G39/><T93/><D34/><U4/><E38/><V81/><F118/><W112/><G35/><T115/><D64/><U135/><E135/><V23/><F71/><W65/><G106/><T21/><D5/><U123/><E123/><V75/><F131/><W73/><G107/><T129/><D21/><U100/><E130/><V26/><F99/><W17/><REACH who="3" step="1"/><G73/><REACH who="3" ten="250,170,330,240" step="2"/><T60/><D104/><U114/><E32/><V74/><F81/><W12/><G12/><T53/><D129/><U88/><E114/><AGARI ba="0,1" hai="9,15,17,28,29,44,45,46,59,62,65,112,113,114" machi="114" ten="40,1300,0" yaku="1,1,53,0" doraHai="105" doraHaiUra="103" who="3" fromWho="1" sc="250,0,170,-13,330,0,240,23" /><INIT seed="2,0,0,3,2,134" ten="250,157,330,263" oya="2" hai0="79,33,3,58,8,46,24,36,101,32,28,29,115" hai1="17,75,14,9,124,42,71,16,95,82,93,116,15" hai2="100,73,132,31,62,89,44,65,30,92,102,27,129" hai3="37,60,76,125,107,61,72,110,84,18,19,69,4"/><V121/><F73/><W55/><G37/><T34/><D79/><U109/><E116/><V49/><F121/><W45/><G72/><T122/><D58/><U1/><E71/><V52/><F132/><W40/><G107/><T56/><D56/><U50/><E1/><V38/><F38/><W96/><G4/><N who="0" m="1055" /><D101/><U118/><E118/><V2/><F2/><W77/><G110/><T47/><D47/><U41/><E109/><V131/><F30/><W20/><G96/><T6/><D115/><U81/><E75/><V83/><F83/><W53/><G40/><T64/><D64/><U67/><E67/><V117/><F117/><W112/><G45/><T91/><D91/><U35/><E35/><N who="0" m="13385" /><D29/><U78/><E78/><V22/><F131/><W120/><G84/><T127/><D6/><U59/><E59/><N who="2" m="37087" /><F129/><W11/><G69/><T5/><D5/><U87/><E87/><AGARI ba="0,0" hai="22,27,31,44,49,52,87,89,92,100,102" m="37087" machi="87" ten="30,2900,0" yaku="8,1,54,1" doraHai="134" who="2" fromWho="1" sc="250,0,157,-29,330,29,263,0" /><INIT seed="2,1,0,4,3,69" ten="250,128,359,263" oya="2" hai0="62,42,57,45,88,51,8,44,38,77,43,111,29" hai1="109,32,129,55,92,108,50,27,26,67,31,19,20" hai2="3,71,5,53,90,13,34,81,133,63,59,11,23" hai3="105,75,83,39,48,66,117,89,131,121,114,127,93"/><V70/><F34/><W123/><G105/><T79/><D29/><U24/><E67/><V4/><F133/><W94/><G66/><T30/><D30/><U128/><E92/><V41/><F5/><W22/><G22/><T28/><D28/><N who="1" m="19487" /><E55/><V122/><F122/><W119/><G48/><T68/><D68/><U65/><E50/><V33/><F33/><W84/><G39/><T118/><D118/><N who="3" m="45065" /><G127/><T46/><D46/><U25/><E65/><V14/><F14/><W80/><G131/><N who="1" m="50250" /><E31/><V125/><F41/><W49/><G49/><T74/><D74/><U9/><E9/><V56/><F71/><W10/><G10/><T58/><D62/><U104/><E104/><V98/><F70/><W16/><G94/><T106/><D106/><U120/><E120/><V0/><F59/><W37/><G93/><T52/><D8/><U110/><AGARI ba="1,0" hai="19,20,24,25,26,108,109,110" m="50250,19487" machi="110" ten="40,8000,1" yaku="14,1,19,1,34,2" doraHai="69" who="1" fromWho="1" sc="250,-21,128,83,359,-41,263,-21" /><INIT seed="3,0,0,1,0,1" ten="229,211,318,242" oya="3" hai0="51,57,112,97,101,4,92,25,113,135,9,16,38" hai1="29,89,84,33,128,64,120,24,40,44,20,72,55" hai2="107,17,63,43,124,117,34,114,3,76,12,133,90" hai3="27,19,42,23,118,58,50,65,134,45,109,69,8"/><W11/><G118/><T46/><D135/><U121/><E72/><V13/><F107/><W74/><G134/><T105/><D57/><U110/><E110/><V115/><F3/><W7/><G74/><T79/><D79/><U47/><E128/><V71/><F34/><W111/><G69/><T39/><D105/><U21/><E64/><V96/><F117/><W37/><G37/><T35/><D51/><U119/><E119/><V94/><F76/><W56/><G11/><T106/><D92/><U122/><E55/><V32/><F32/><W102/><G102/><T0/><D16/><U30/><E30/><V10/><F133/><W87/><G87/><T6/><D6/><U104/><E104/><V103/><F124/><W77/><G77/><T70/><D70/><U59/><E59/><V82/><F43/><W99/><G99/><T93/><D93/><U62/><E62/><V130/><F130/><W123/><G123/><T14/><D14/><U126/><E126/><V116/><F12/><N who="3" m="5151" /><G65/><T85/><D85/><U100/><E100/><V95/><F116/><W66/><G66/><T54/><D54/><U67/><E67/><N who="2" m="41471" /><F95/><W98/><G98/><T48/><D39/><U31/><E40/><V36/><F36/><W15/><G15/><T81/><D38/><U129/><E129/><V132/><F132/><W108/><AGARI ba="0,0" hai="19,23,27,42,45,50,56,58,108,109,111" m="5151" machi="108" ten="30,6000,0" yaku="14,1,10,1,52,1" doraHai="1" who="3" fromWho="3" sc="229,-20,211,-20,318,-20,242,60" /><INIT seed="3,1,0,4,5,43" ten="209,191,298,302" oya="3" hai0="47,67,41,60,55,68,80,78,91,19,127,119,20" hai1="25,75,26,85,16,97,23,86,122,123,88,93,103" hai2="110,82,133,87,21,51,77,6,94,113,108,98,66" hai3="4,10,36,34,95,54,76,12,28,92,3,128,74"/><W39/><G128/><T116/><D127/><U90/><E75/><V115/><F66/><W37/><G3/><T65/><D91/><U2/><E2/><V118/><F6/><W22/><G34/><T89/><D89/><U32/><E32/><V59/><F21/><W109/><G109/><N who="2" m="42089" /><F59/><W13/><G13/><T114/><D55/><U111/><E111/><V102/><F51/><W45/><G74/><T81/><D67/><U38/><E38/><V64/><F64/><W24/><REACH who="3" step="1"/><G76/><REACH who="3" ten="209,191,298,292" step="2"/><T100/><D78/><U72/><E72/><V46/><F133/><W73/><G73/><T101/><D116/><U27/><E123/><V52/><F118/><W99/><G99/><T131/><D119/><U79/><E122/><V29/><F115/><W62/><G62/><T42/><D114/><U125/><E125/><V50/><F113/><W69/><G69/><T9/><D60/><U71/><E71/><V49/><F49/><AGARI ba="1,1" hai="4,10,12,22,24,28,36,37,39,45,49,54,92,95" machi="49" ten="40,3900,0" yaku="1,1,52,1,53,0" doraHai="43" doraHaiUra="107" who="3" fromWho="2" sc="209,0,191,0,298,-42,292,52" /><INIT seed="3,2,0,0,4,64" ten="209,191,256,344" oya="3" hai0="52,91,126,56,61,66,68,121,3,104,71,47,58" hai1="27,115,31,132,93,74,67,99,106,96,8,112,19" hai2="100,131,88,53,23,42,9,12,1,134,36,60,49" hai3="15,39,90,118,130,51,77,78,73,101,18,125,108"/><W103/><G39/><T14/><D3/><U30/><E74/><V94/><F131/><W95/><G118/><T119/><D104/><U114/><E132/><V7/><F134/><W2/><G2/><T76/><D76/><N who="3" m="29289" /><G73/><T82/><D82/><U57/><E106/><V55/><F100/><W21/><G130/><T83/><D83/><U97/><E93/><V123/><F123/><W98/><G125/><T69/><D91/><U80/><E80/><V84/><F36/><W87/><G108/><T4/><D121/><U0/><E0/><V6/><F60/><W5/><G5/><T120/><D120/><U46/><E46/><N who="2" m="25815" /><F1/><W28/><G28/><T45/><D119/><U50/><E50/><V44/><F44/><N who="0" m="16970" /><D14/><U40/><E40/><V22/><F6/><W92/><G51/><N who="0" m="30751" /><D4/><U62/><E27/><V102/><F102/><AGARI ba="2,0" hai="15,18,21,87,90,92,95,98,101,102,103" m="29289" machi="102" ten="30,1500,0" yaku="8,1" doraHai="64" who="3" fromWho="2" sc="209,0,191,0,256,-21,344,21" /><INIT seed="3,3,0,4,2,91" ten="209,191,235,365" oya="3" hai0="63,71,53,107,93,52,103,6,62,109,94,79,12" hai1="110,27,114,115,13,125,129,108,16,106,60,119,45" hai2="78,42,90,39,113,24,14,35,31,101,17,38,65" hai3="76,32,47,131,4,28,51,2,48,72,54,118,128"/><W102/><G118/><T121/><D121/><U44/><E106/><V43/><F113/><W37/><G37/><T33/><D33/><U64/><E119/><V100/><F65/><W70/><G70/><T77/><D107/><U126/><E27/><V133/><F78/><N who="0" m="29706" /><D71/><U50/><E129/><N who="3" m="49738" /><G102/><T66/><D109/><N who="1" m="42091" /><E16/><V80/><F133/><W18/><G28/><T25/><D25/><U132/><E13/><V134/><F134/><W130/><G32/><T59/><D103/><U67/><E132/><V29/><F101/><W98/><G2/><T89/><D89/><U40/><E45/><V124/><F100/><W56/><G4/><T120/><D120/><U73/><E73/><V86/><F31/><W117/><G117/><T55/><D63/><U0/><E0/><V92/><F29/><W1/><G1/><T85/><D85/><U3/><E3/><V87/><F35/><W9/><G76/><T22/><D22/><U122/><E122/><V19/><F39/><W34/><G72/><T99/><D99/><U97/><E97/><V49/><F38/><W10/><G34/><T82/><D82/><U135/><E135/><V61/><F80/><W111/><G98/><T88/><D88/><U20/><E20/><N who="2" m="13343" /><F90/><W127/><G130/><T21/><D21/><U123/><E123/><V57/><F87/><W112/><G111/><T7/><D7/><U74/><E74/><V46/><F86/><W15/><G9/><AGARI ba="3,0" hai="6,9,12,52,53,55,59,62,66,93,94" m="29706" machi="9" ten="30,7700,0" yaku="8,1,52,2,54,1" doraHai="91" who="0" fromWho="3" sc="209,86,191,0,235,0,365,-86" /><INIT seed="4,0,0,5,0,57" ten="295,191,235,279" oya="0" hai0="61,82,27,41,117,11,109,44,45,119,89,106,49" hai1="76,30,84,91,52,50,72,128,129,28,80,20,113" hai2="93,42,65,122,38,101,16,56,96,86,112,107,62" hai3="94,116,114,21,123,73,18,105,53,81,90,102,31"/><T134/><D106/><U88/><E113/><V2/><F122/><W59/><G116/><T36/><D89/><N who="1" m="34379" /><E72/><V1/><F112/><W58/><G114/><T43/><D82/><U87/><E87/><V92/><F86/><W7/><G73/><T37/><D27/><U14/><E14/><V98/><F42/><W95/><G7/><T100/><D11/><U75/><E75/><V54/><F38/><N who="0" m="14954" /><D100/><U78/><E78/><V39/><F39/><W22/><G105/><T32/><D32/><U133/><E133/><V3/><F98/><W25/><G123/><T13/><D13/><U97/><E97/><V51/><REACH who="2" step="1"/><F16/><REACH who="2" ten="295,191,225,279" step="2"/><W66/><G18/><T69/><D134/><U110/><E110/><V40/><F40/><W68/><G81/><T103/><D109/><U108/><E108/><V29/><F29/><W85/><G31/><T79/><D79/><U135/><E135/><V9/><F9/><W4/><G4/><T8/><D8/><U34/><E34/><V120/><F120/><W131/><G25/><T48/><D103/><U70/><E28/><V15/><F15/><W71/><G102/><T47/><D43/><U6/><E6/><V121/><F121/><W77/><G85/><T55/><D41/><U124/><E30/><V24/><F24/><W35/><G77/><T74/><D74/><U64/><E20/><V17/><F17/><W26/><G35/><T60/><D119/><U12/><E12/><V118/><F118/><W132/><G22/><T104/><D117/><U0/><E76/><V23/><F23/><W127/><G132/><T63/><D104/><RYUUKYOKU ba="0,1" sc="295,-10,191,-10,225,30,279,-10" hai2="1,2,3,51,54,56,62,65,92,93,96,101,107" /><INIT seed="5,1,1,2,0,121" ten="285,181,255,269" oya="1" hai0="81,104,11,80,84,76,40,43,134,97,88,123,26" hai1="34,115,75,13,109,18,130,48,56,68,17,119,127" hai2="116,110,103,57,14,15,102,20,83,24,122,95,2" hai3="118,5,108,38,61,73,64,53,131,90,30,6,41"/><U85/><E119/><V29/><F116/><W45/><G73/><T77/><D123/><U19/><E75/><V106/><F110/><W37/><G37/><T23/><D134/><U100/><E68/><V59/><F2/><W1/><G131/><T54/><D11/><U124/><E130/><V71/><F71/><W82/><G30/><T105/><D54/><N who="1" m="31815" /><E34/><V114/><F114/><W78/><G90/><T39/><D39/><U87/><E115/><V47/><F106/><W128/><G53/><T94/><D105/><U120/><E120/><V28/><F83/><W86/><G6/><T67/><D67/><U79/><E100/><V107/><F107/><W31/><G31/><T0/><D104/><U36/><E36/><V63/><F122/><W129/><G118/><T72/><D0/><U125/><E79/><V4/><F4/><W74/><G86/><N who="1" m="32778" /><E13/><V99/><F103/><W133/><G133/><T126/><D126/><U92/><E92/><V93/><F93/><W21/><G129/><T22/><D22/><U70/><E70/><V33/><F47/><W117/><G21/><T52/><D52/><U16/><N who="1" m="4096" /><DORA hai="113" /><U101/><E101/><V60/><F33/><W46/><G46/><T65/><D65/><U3/><E3/><V96/><F29/><AGARI ba="1,1" hai="23,26,29,40,43,72,76,77,80,81,84,88,94,97" machi="29" ten="30,2000,0" yaku="7,1,54,1" doraHai="121,113" who="0" fromWho="2" sc="285,33,181,0,255,-23,269,0" /><INIT seed="6,0,0,1,2,95" ten="318,181,232,269" oya="2" hai0="15,131,28,29,38,97,85,18,135,72,111,20,113" hai1="6,125,42,16,40,23,50,134,33,53,39,4,59" hai2="107,75,19,1,87,51,55,126,110,69,43,93,17" hai3="127,123,102,133,54,118,67,86,115,83,124,104,26"/><V7/><F107/><W56/><G118/><T13/><D72/><U11/><E134/><V35/><F35/><W103/><G123/><T109/><D38/><U74/><E125/><V98/><F69/><W47/><G133/><T84/><D135/><U58/><E33/><V57/><F75/><W82/><G67/><T10/><D20/><U32/><E32/><V76/><F126/><N who="3" m="48171" /><G83/><T101/><D18/><U41/><E39/><V114/><F114/><W46/><G26/><T106/><D101/><N who="3" m="38409" /><G115/><T108/><D108/><U60/><E11/><V27/><F110/><W36/><G36/><T112/><D10/><U129/><E129/><V88/><F1/><W89/><G104/><T12/><D12/><U92/><E74/><V81/><F7/><W96/><G96/><T66/><D66/><U24/><REACH who="1" step="1"/><E92/><REACH who="1" ten="318,171,232,269" step="2"/><V3/><F3/><W21/><G21/><T63/><D131/><U99/><E99/><V132/><F132/><W37/><G37/><T30/><D97/><U73/><E73/><V117/><F117/><W65/><G65/><AGARI ba="0,1" hai="4,6,16,23,24,40,41,42,50,53,58,59,60,65" machi="65" ten="40,8000,1" yaku="1,1,8,1,54,1,53,2" doraHai="95" doraHaiUra="0" who="1" fromWho="3" sc="318,0,171,90,232,0,269,-80" /><INIT seed="7,0,0,2,3,98" ten="318,261,232,189" oya="3" hai0="128,25,65,40,109,86,4,67,94,90,1,46,55" hai1="19,125,52,26,8,61,21,117,113,124,7,3,41" hai2="53,24,93,60,32,28,75,72,83,110,91,45,112" hai3="73,131,63,66,103,71,80,105,16,116,34,88,6"/><W18/><G116/><T27/><D55/><U56/><E117/><V87/><F110/><W58/><G131/><T84/><D84/><U81/><E41/><V39/><F112/><W37/><G37/><T134/><D134/><U22/><E113/><V11/><F39/><W120/><G120/><T38/><D109/><U5/><E5/><V20/><F32/><W17/><G34/><T57/><D57/><U119/><E119/><V9/><F72/><W35/><G35/><T97/><D86/><U51/><E81/><V62/><F75/><W23/><G6/><T132/><D132/><U129/><E129/><V44/><F83/><W77/><G88/><T68/><D68/><U133/><E133/><V101/><F101/><W29/><G29/><T42/><D42/><U0/><E0/><V127/><F127/><W47/><G47/><N who="2" m="17993" /><F60/><W118/><G118/><T106/><D106/><U79/><E79/><V95/><F95/><W82/><G82/><T122/><D122/><U135/><E135/><V13/><F13/><W43/><G43/><T85/><D128/><U59/><REACH who="1" step="1"/><E22/><REACH who="1" ten="318,251,232,189" step="2"/><V104/><F20/><W31/><G71/><T126/><D1/><U33/><E33/><V115/><F115/><W14/><REACH who="3" step="1"/><G31/><REACH who="3" ten="318,251,232,179" step="2"/><T15/><D4/><U48/><E48/><V10/><F28/><W64/><G64/><AGARI ba="0,2" hai="3,7,8,19,21,26,51,52,56,59,61,64,124,125" machi="64" ten="40,5200,0" yaku="1,1,54,1,53,1" doraHai="98" doraHaiUra="50" who="1" fromWho="3" sc="318,0,251,72,232,0,179,-52" owari="318,12.0,323,42.0,232,-17.0,127,-37.0" /></mjloggm>