<mjloggm ver="2.3"><GO type="233" lobby="0"/><UN n0="%E8%B6%85%E7%8D%A3%EF%BC%A7%EF%BC%A9%EF%BC%A7%EF%BC%A1" n1="%EF%BC%A0%E3%81%99%E3%81%9A" n2="%E3%82%A6%E3%83%AB%E3%83%88%E3%83%A9%E7%AB%8B%E7%9B%B4" n3="%E5%86%A5%E5%9C%9F%E3%81%AE%E3%83%AF%E3%83%8B%E8%94%B5" dan="17,16,17,18" rate="2121.55,2125.89,2200.38,2211.88" sx="M,M,M,M"/><TAIKYOKU oya="0"/><INIT seed="0,0,0,3,2,98" ten="250,250,250,250" oya="0" hai0="135,93,30,102,119,128,43,52,77,61,111,103,41" hai1="63,49,74,90,104,92,71,64,106,108,130,28,62" hai2="47,10,124,113,131,126,53,4,20,44,48,127,85" hai3="11,99,39,105,112,69,87,107,3,121,0,7,60"/><T118/><D118/><U40/><E74/><V65/><F113/><W109/><G112/><T29/><D119/><U129/><E108/><V82/><F131/><N who="1" m="50185" /><E28/><N who="0" m="10857" /><D128/><U1/><E1/><V91/><F65/><N who="3" m="41127" /><G109/><T13/><D111/><U88/><E63/><V100/><F20/><W117/><G87/><T36/><D36/><U76/><E76/><V9/><F100/><N who="0" m="38442" /><D135/><U134/><E134/><V26/><F26/><W54/><G39/><T94/><D77/><U101/><E101/><V16/><F124/><W59/><G0/><T72/><D72/><U25/><E25/><V57/><F126/><W125/><G3/><T23/><D23/><U2/><E2/><V120/><F127/><W15/><G117/><T31/><D31/><U79/><E79/><V8/><F120/><W96/><G121/><T5/><D61/><U14/><E14/><N who="2" m="7255" /><F9/><W75/><G75/><T133/><D52/><U81/><E81/><V132/><F132/><W34/><G125/><T84/><D133/><U33/><E33/><V58/><F58/><W114/><G34/><T97/><D97/><N who="1" m="57479" /><E90/><V37/><F37/><W17/><G105/><T95/><D84/><U66/><E66/><V18/><F85/><W24/><G107/><T38/><D38/><U6/><E104/><V78/><F78/><W67/><G114/><T21/><D21/><U50/><E106/><V89/><F53/><W19/><G54/><T32/><D32/><U110/><E110/><V56/><F56/><W86/><G59/><T27/><D27/><U51/><E40/><V46/><F57/><W45/><G86/><T116/><D116/><RYUUKYOKU ba="0,0" sc="250,15,250,15,250,-15,250,-15" hai0="5,13,41,43,93,94,95" hai1="6,49,50,51,62,64,71" /><INIT seed="0,1,0,4,4,90" ten="265,265,235,235" oya="0" hai0="33,78,108,82,40,128,13,85,69,71,134,44,88" hai1="23,83,113,14,91,35,106,89,2,67,48,100,27" hai2="49,52,80,34,119,94,118,102,18,123,103,98,31" hai3="79,68,39,76,8,5,70,24,36,133,135,12,116"/><T101/><D33/><U74/><E2/><V55/><F123/><W61/><G116/><N who="2" m="44585" /><F34/><W22/><G39/><T11/><D128/><U41/><E113/><V54/><F31/><W117/><G36/><T124/><D124/><U112/><E112/><V20/><F80/><W38/><G38/><T125/><D125/><U63/><E14/><N who="2" m="9303" /><F103/><W130/><G117/><T107/><D134/><N who="3" m="51209" /><G130/><T121/><D121/><U10/><E10/><V73/><F73/><W30/><G61/><T115/><D115/><U7/><E7/><V81/><F81/><W95/><G95/><N who="0" m="54671" /><D108/><U131/><E131/><V17/><F17/><W64/><G64/><T126/><D126/><U75/><E35/><V122/><F122/><W97/><G76/><T111/><D111/><U45/><E106/><V28/><F28/><W1/><G79/><T15/><D15/><U53/><E100/><V26/><F26/><W9/><G97/><N who="0" m="61871" /><D44/><AGARI ba="1,0" hai="44,49,52,54,55,94,98,102" m="9303,44585" machi="44" ten="30,3900,0" yaku="12,1,52,1,54,1" doraHai="90" who="2" fromWho="0" sc="265,-42,265,0,235,42,235,0" /><INIT seed="1,0,0,0,1,78" ten="223,265,277,235" oya="1" hai0="127,130,11,8,5,1,40,94,114,41,16,72,44" hai1="122,24,97,68,75,98,67,115,69,135,27,10,133" hai2="22,35,124,13,12,77,19,113,49,65,90,123,30" hai3="15,119,50,82,95,33,96,66,21,89,14,36,46"/><U112/><E122/><V63/><F123/><W31/><G33/><T107/><D107/><U71/><E75/><V92/><F113/><N who="1" m="43593" /><E10/><V56/><F124/><W102/><G119/><T87/><D127/><U74/><E74/><V111/><F111/><W108/><G108/><T128/><D72/><U53/><E53/><V93/><F35/><W84/><G36/><T58/><D114/><U120/><E67/><V39/><F30/><W61/><G21/><T38/><D41/><U51/><E51/><V103/><F77/><W7/><G31/><T100/><D58/><U88/><E120/><V48/><F39/><W34/><G34/><T42/><D40/><U17/><E17/><V3/><F3/><W45/><G7/><T121/><D121/><U25/><E88/><V4/><F103/><W91/><G91/><T9/><D87/><U126/><E126/><V80/><F49/><W60/><G46/><T105/><D16/><U2/><E2/><V129/><F48/><W32/><G32/><T20/><D20/><U73/><E73/><V26/><F90/><W52/><REACH who="3" step="1"/><G60/><REACH who="3" ten="223,265,277,225" step="2"/><T0/><D5/><U109/><E109/><V79/><F4/><W37/><G37/><T110/><D110/><U29/><E29/><V18/><F22/><W57/><AGARI ba="0,1" hai="14,15,45,50,52,57,61,66,82,84,89,95,96,102" machi="57" ten="20,12000,2" yaku="1,1,0,1,7,1,8,1,52,1,54,1,53,0" doraHai="78" doraHaiUra="104" who="3" fromWho="3" sc="223,-30,265,-60,277,-30,225,130" /><INIT seed="2,0,0,5,3,23" ten="193,205,247,355" oya="2" hai0="70,10,49,83,16,37,113,15,36,18,77,8,122" hai1="85,124,109,86,89,20,81,99,14,55,1,13,45" hai2="121,111,43,40,2,71,51,133,114,48,131,120,47" hai3="103,126,68,3,17,100,91,7,125,79,78,130,30"/><V101/><F2/><W29/><G68/><T74/><D70/><U76/><E124/><N who="3" m="47722" /><G130/><T97/><D113/><U5/><E109/><V31/><F101/><N who="3" m="38987" /><G17/><T72/><D97/><U34/><E34/><V50/><F31/><N who="3" m="11787" /><G91/><T58/><D122/><U35/><E35/><V84/><F114/><W38/><G38/><T107/><D107/><U46/><E99/><V39/><F84/><W64/><G64/><T102/><D102/><U11/><E1/><V96/><F96/><W41/><G41/><T44/><D74/><U32/><E32/><V73/><F73/><W42/><G42/><T98/><D98/><U67/><E67/><V92/><F71/><W94/><G94/><T24/><D8/><AGARI ba="0,0" hai="3,7,8,78,79" m="11787,38987,47722" machi="8" ten="30,1000,0" yaku="18,1" doraHai="23" who="3" fromWho="0" sc="193,-10,205,0,247,0,355,10" /><INIT seed="3,0,0,1,2,80" ten="183,205,247,365" oya="3" hai0="59,87,110,25,58,116,4,19,81,50,72,26,12" hai1="53,91,63,73,5,100,49,98,46,124,62,82,133" hai2="66,51,13,22,103,97,102,70,64,10,131,115,37" hai3="15,2,120,79,99,112,123,31,104,69,3,36,127"/><W65/><G36/><T105/><D110/><U107/><E133/><V96/><F37/><W20/><G112/><T8/><D105/><U132/><E132/><V41/><F131/><W89/><G79/><T101/><D101/><U44/><E124/><V113/><F22/><W23/><G127/><T93/><D116/><U95/><E5/><V121/><F121/><W86/><G69/><T114/><D114/><U45/><E63/><V24/><F24/><W68/><G65/><T126/><D126/><U71/><E62/><V33/><F33/><W21/><G68/><T90/><D72/><U39/><E71/><V61/><F66/><W35/><G15/><T1/><D93/><U28/><E28/><V30/><F30/><W122/><G99/><T77/><D90/><U78/><REACH who="1" step="1"/><E39/><REACH who="1" ten="183,195,247,365" step="2"/><V40/><F70/><W108/><G122/><T27/><REACH who="0" step="1"/><D50/><REACH who="0" ten="173,195,247,365" step="2"/><U17/><E17/><V111/><F51/><W11/><G120/><T7/><D7/><U92/><E92/><V42/><F113/><W83/><G123/><T88/><D88/><U9/><E9/><AGARI ba="0,2" hai="1,4,8,9,12,19,25,26,27,58,59,77,81,87" machi="9" ten="40,2600,0" yaku="1,1,52,1,53,0" doraHai="80" doraHaiUra="94" who="0" fromWho="1" sc="173,46,195,-26,247,0,365,0" /><INIT seed="4,0,0,3,0,17" ten="219,169,247,365" oya="0" hai0="40,15,97,123,21,90,24,93,134,28,72,50,44" hai1="35,129,49,98,41,73,81,30,110,16,54,102,33" hai2="133,115,114,9,1,79,131,10,46,124,70,103,127" hai3="132,2,62,111,120,3,67,66,12,78,23,63,76"/><T39/><D134/><U55/><E110/><V19/><F70/><W87/><G111/><T88/><D72/><U105/><E129/><V65/><F65/><W71/><G132/><T128/><D128/><U45/><E73/><V47/><F131/><W116/><G116/><T91/><D123/><U130/><E130/><V83/><F103/><W99/><G120/><T8/><REACH who="0" step="1"/><D39/><REACH who="0" ten="209,169,247,365" step="2"/><U135/><E135/><V104/><F133/><W32/><G71/><T37/><D37/><U80/><E35/><V4/><F127/><W95/><G32/><T34/><D34/><U118/><E33/><V13/><F124/><W74/><G74/><T26/><D26/><U0/><E118/><V113/><F104/><W14/><G2/><T106/><D106/><U59/><E105/><V56/><F114/><W82/><G3/><T6/><AGARI ba="0,1" hai="6,8,15,21,24,28,40,44,50,88,90,91,93,97" machi="6" ten="20,18000,2" yaku="1,1,0,1,7,1,8,1,52,1,54,1,53,0" doraHai="17" doraHaiUra="31" who="0" fromWho="0" sc="209,190,169,-60,247,-60,365,-60" /><INIT seed="4,1,0,4,4,110" ten="399,109,187,305" oya="0" hai0="50,17,42,67,91,124,24,36,12,62,35,125,6" hai1="88,25,49,112,93,104,48,8,19,64,26,96,107" hai2="100,38,59,51,18,77,60,108,70,13,11,79,4" hai3="131,72,34,37,30,84,41,116,10,7,28,47,54"/><T66/><D36/><U90/><E64/><V69/><F38/><W94/><G116/><T2/><D2/><U55/><E8/><V5/><F108/><W85/><G34/><T74/><D74/><U98/><E19/><V113/><F70/><W71/><G71/><T46/><D6/><U111/><E111/><V101/><F69/><W99/><G72/><T126/><D91/><U134/><E134/><V129/><F51/><W92/><G54/><T87/><D87/><U118/><E118/><V121/><F121/><W86/><G92/><T43/><D43/><U78/><E78/><N who="2" m="29707" /><F113/><W29/><G131/><T83/><D83/><U23/><E23/><V89/><F89/><W0/><REACH who="3" step="1"/><G84/><REACH who="3" ten="399,109,187,295" step="2"/><T123/><D123/><U52/><E93/><V45/><F129/><W95/><G95/><T32/><D32/><U44/><E44/><V1/><F45/><W31/><N who="3" m="7168" /><DORA hai="20" /><W81/><G81/><T135/><D35/><U82/><REACH who="1" step="1"/><E82/><REACH who="1" ten="399,99,187,295" step="2"/><V16/><F4/><W21/><G21/><N who="0" m="11431" /><D67/><U105/><E105/><V57/><F57/><W14/><G14/><T122/><D66/><U22/><E22/><V120/><F1/><W128/><G128/><T115/><D124/><U65/><E65/><N who="2" m="39071" /><F120/><W132/><G132/><T76/><D135/><U75/><E75/><V73/><F73/><W109/><G109/><T63/><D125/><U40/><E40/><V102/><AGARI ba="1,2" hai="5,11,13,16,18,100,101,102" m="39071,29707" machi="102" ten="30,2000,0" yaku="8,1,54,1" doraHai="110,20" who="2" fromWho="2" sc="399,-11,99,-6,187,43,295,-6" /><INIT seed="5,0,0,0,4,16" ten="388,93,230,289" oya="1" hai0="10,14,96,86,99,36,42,23,119,19,82,95,24" hai1="93,114,84,113,112,80,54,77,122,61,12,48,6" hai2="126,8,56,38,110,135,62,44,101,89,26,130,76" hai3="78,123,27,97,5,45,109,121,127,43,91,30,52"/><U128/><E122/><V59/><F110/><W129/><G109/><T118/><D36/><U111/><E111/><V125/><F101/><W58/><G78/><T85/><D42/><U13/><E128/><V102/><F102/><W46/><G129/><T92/><D119/><U72/><E61/><V63/><F76/><W32/><G5/><T83/><D118/><U31/><E31/><V79/><F79/><W0/><G0/><T134/><D134/><U70/><E70/><V104/><F104/><W40/><G127/><T106/><D106/><U68/><E68/><V124/><F130/><W88/><G43/><T34/><D86/><U4/><E4/><V132/><F89/><W29/><G29/><T15/><D14/><U87/><E72/><V22/><F8/><W35/><G35/><T98/><D34/><U105/><E105/><V25/><F44/><W73/><G73/><T115/><D115/><U120/><E120/><V21/><F126/><W47/><G40/><T74/><D74/><U50/><E6/><V131/><F131/><W60/><G91/><N who="0" m="53359" /><D95/><U133/><E133/><V75/><F75/><W116/><G116/><T53/><D53/><U94/><E77/><V41/><F41/><W117/><G117/><T71/><D71/><U3/><E3/><V107/><F107/><W64/><G52/><T51/><D51/><N who="1" m="19499" /><E54/><V90/><F90/><W20/><G32/><T39/><D39/><AGARI ba="0,0" hai="21,22,25,26,38,39,56,59,62,63,124,125,132,135" machi="39" ten="25,6400,0" yaku="22,2,52,2" doraHai="16" who="2" fromWho="0" sc="388,-64,93,0,230,64,289,0" /><INIT seed="6,0,0,5,5,27" ten="324,93,294,289" oya="2" hai0="113,69,39,104,38,106,122,94,103,128,9,75,120" hai1="10,132,123,124,77,44,13,25,99,35,127,61,31" hai2="45,21,67,4,82,30,16,130,102,89,129,91,96" hai3="98,108,52,134,0,100,111,49,105,115,36,119,83"/><V57/><F4/><W12/><G119/><T51/><D94/><U79/><E132/><V131/><F45/><W20/><G0/><T1/><D51/><U118/><E118/><V72/><F30/><W126/><G36/><T133/><D133/><U5/><E123/><V48/><F72/><W73/><G134/><T18/><D18/><U37/><E99/><V34/><F34/><W95/><G126/><T97/><D113/><U117/><E117/><V110/><F82/><W71/><G71/><T59/><D59/><U6/><E61/><N who="2" m="38319" /><F48/><W62/><G62/><T70/><D128/><U54/><E6/><V121/><F121/><N who="0" m="46698" /><D75/><U65/><E65/><V80/><F80/><W76/><G105/><T2/><D2/><U101/><E101/><V24/><F110/><W60/><G60/><T33/><D33/><U66/><E66/><V17/><F17/><W41/><G108/><T26/><D106/><AGARI ba="0,0" hai="16,21,24,89,91,96,102,106,129,130,131" m="38319" machi="106" ten="30,2900,0" yaku="19,1,54,1" doraHai="27" who="2" fromWho="0" sc="324,-29,93,0,294,29,289,0" /><INIT seed="6,1,0,4,5,9" ten="295,93,323,289" oya="2" hai0="103,69,58,63,127,70,88,71,46,125,33,64,109" hai1="31,21,121,73,83,55,99,116,84,28,117,123,39" hai2="7,133,42,97,95,104,10,2,6,8,5,108,120" hai3="44,90,75,32,82,19,134,72,40,24,43,79,41"/><V124/><F120/><N who="1" m="46153" /><E39/><V130/><F7/><W49/><G134/><T15/><D103/><U129/><E73/><V16/><F133/><W132/><G132/><T78/><D78/><N who="1" m="46199" /><E99/><V89/><F104/><W85/><G75/><T101/><D101/><U110/><E110/><V25/><F108/><W59/><G59/><T112/><D33/><U81/><E81/><V18/><F42/><W86/><G72/><T128/><D109/><U98/><E98/><V92/><F92/><N who="3" m="54359" /><G32/><T22/><D112/><U37/><E37/><V34/><F124/><N who="0" m="47690" /><D128/><U115/><E115/><V94/><F94/><W61/><G61/><T4/><D46/><U122/><N who="1" m="46161" /><U80/><DORA hai="51" /><E80/><V38/><F130/><W74/><G74/><T45/><D45/><U52/><E129/><V135/><F38/><W91/><G79/><T62/><D88/><U27/><E28/><V111/><F135/><W118/><G91/><T17/><D4/><U67/><E67/><AGARI ba="1,0" hai="15,17,22,58,62,63,64,67,69,70,71" m="47690" machi="67" ten="30,2000,0" yaku="18,1,52,1" doraHai="9,51" who="0" fromWho="1" sc="295,23,93,-23,323,0,289,0" /><INIT seed="7,0,0,3,3,103" ten="318,70,323,289" oya="3" hai0="102,43,133,0,15,77,119,30,73,57,44,96,41" hai1="5,53,108,90,84,80,109,112,16,60,64,107,82" hai2="94,45,63,101,52,26,31,20,48,65,91,62,92" hai3="28,123,116,42,87,120,46,83,118,7,4,69,19"/><W89/><G69/><T58/><D119/><U21/><E112/><V11/><F11/><W111/><G28/><T135/><D0/><U104/><E5/><V97/><F65/><W121/><G111/><T110/><D110/><U129/><E129/><V86/><AGARI ba="0,0" hai="20,26,31,45,48,52,62,63,86,91,92,94,97,101" machi="86" ten="20,5200,0" yaku="0,1,7,1,8,1,54,1" doraHai="103" who="2" fromWho="2" sc="318,-13,70,-13,323,52,289,-26" owari="305,11.0,57,-44.0,375,47.0,263,-14.0" /></mjloggm>