<mjloggm ver="2.3"><GO type="169" lobby="0"/><UN n0="%E3%83%88%E3%83%88%E3%83%AA%E5%85%88%E7%94%9F%31%39%E6%AD%B3" n1="%66%75%6A%69%32%32%39" n2="%54%2E%54%2E%38" n3="%4D%72%2E%6E%69%6B%75%39" dan="18,17,16,17" rate="2216.13,2133.26,2084.06,2189.57" sx="F,M,M,M"/><TAIKYOKU oya="0"/><INIT seed="0,0,0,1,1,19" ten="250,250,250,250" oya="0" hai0="127,78,50,131,130,92,103,128,116,8,32,106,117" hai1="79,109,30,48,93,120,45,62,123,53,29,129,115" hai2="2,57,113,0,37,82,18,91,47,16,66,27,65" hai3="41,100,90,28,33,25,11,46,20,112,61,10,42"/><T76/><D32/><U36/><E79/><N who="0" m="30249" /><D50/><U69/><E93/><V6/><F113/><W104/><G112/><T40/><D40/><N who="1" m="22663" /><E30/><V96/><F6/><W13/><G42/><T70/><D70/><U49/><E29/><V95/><F82/><W52/><G104/><T64/><D64/><N who="1" m="41111" /><E115/><V51/><F37/><W101/><G33/><T44/><D44/><N who="1" m="27783" /><E109/><V99/><F0/><W84/><G11/><T43/><D43/><U59/><E129/><V85/><F2/><W39/><G10/><T86/><D8/><U15/><E15/><V14/><F99/><W38/><G13/><T107/><D127/><U7/><E7/><V125/><F96/><W73/><G73/><T17/><D17/><U114/><E114/><V12/><F14/><W4/><G4/><T110/><D110/><U102/><E102/><V89/><F12/><W55/><G39/><T21/><D21/><U87/><E87/><V133/><F85/><W5/><G5/><T132/><D103/><U56/><E56/><V34/><F57/><N who="3" m="34983" /><G101/><T94/><D132/><U23/><E23/><V77/><F133/><W75/><G75/><T97/><D97/><U121/><E59/><V72/><F34/><W80/><G100/><T68/><D68/><U9/><E9/><V126/><F72/><W71/><G71/><T3/><D3/><U63/><E63/><V134/><F134/><W74/><G74/><T35/><D35/><U111/><E111/><V124/><F126/><W54/><G20/><T24/><D107/><U135/><E135/><V119/><F125/><W22/><G22/><T81/><D128/><RYUUKYOKU ba="0,0" sc="250,-15,250,15,250,-15,250,15" hai1="49,120,121,123" hai3="25,28,38,41,46,54,55,80,84,90" /><INIT seed="1,1,0,5,5,107" ten="235,265,235,265" oya="1" hai0="22,114,78,27,80,100,72,124,57,115,84,17,31" hai1="64,40,28,119,49,29,76,38,36,87,74,109,128" hai2="111,34,133,79,94,14,66,127,7,23,112,5,56" hai3="90,130,71,20,96,41,83,104,30,85,19,68,60"/><U113/><E74/><V12/><F34/><W15/><G130/><T4/><D124/><U75/><E119/><V21/><F127/><W126/><G126/><T86/><D100/><U2/><E2/><V18/><F111/><W108/><G108/><T6/><D115/><U8/><E64/><V52/><F112/><W25/><G41/><T26/><D114/><U33/><E28/><V42/><F42/><W11/><G60/><T32/><D57/><U45/><E128/><V88/><F133/><W82/><G83/><T121/><D121/><U77/><E87/><V123/><F79/><W10/><REACH who="3" step="1"/><G11/><REACH who="3" ten="235,265,235,255" step="2"/><T50/><D50/><U102/><E49/><N who="2" m="30735" /><F123/><W120/><G120/><T105/><D105/><U93/><E109/><V13/><F66/><W58/><G58/><T59/><D59/><U81/><E113/><V54/><F54/><W91/><G91/><T92/><D92/><U55/><E40/><V131/><F131/><W69/><G69/><T24/><D80/><U134/><E81/><V0/><F94/><W70/><G70/><T43/><D43/><U125/><E93/><V51/><F88/><W73/><G73/><T46/><D72/><U132/><E75/><V16/><F51/><W48/><G48/><T106/><D106/><U110/><E125/><V101/><F101/><AGARI ba="1,1" hai="10,15,19,20,25,30,68,71,82,85,90,96,101,104" machi="101" ten="40,1300,0" yaku="1,1,53,0" doraHai="107" doraHaiUra="47" who="3" fromWho="2" sc="235,0,265,0,235,-16,255,26" /><INIT seed="2,0,0,1,3,63" ten="235,265,219,281" oya="2" hai0="9,69,106,66,120,16,41,134,56,53,1,74,77" hai1="65,55,98,57,43,59,19,62,36,67,116,78,126" hai2="118,93,112,30,17,39,50,70,94,124,5,71,109" hai3="23,110,89,80,111,76,135,33,85,97,84,125,46"/><V79/><F39/><W29/><G33/><T6/><D120/><U15/><E116/><V10/><F118/><W64/><G125/><T117/><D117/><U107/><E126/><V42/><F124/><W11/><G135/><T128/><D106/><U86/><E36/><V26/><F112/><W34/><G34/><T95/><D134/><U58/><E43/><V20/><F109/><N who="3" m="41483" /><G11/><T133/><D133/><U100/><E78/><V127/><F79/><W35/><G35/><T87/><D128/><U90/><E58/><V28/><F127/><W130/><G46/><T44/><D74/><U48/><E59/><V72/><F72/><W104/><G104/><T47/><D41/><U108/><E108/><V92/><F71/><W123/><G130/><T25/><D69/><U2/><E2/><V32/><F70/><W82/><G97/><T129/><D129/><U7/><E7/><V13/><REACH who="2" step="1"/><F32/><REACH who="2" ten="235,265,209,281" step="2"/><W131/><G131/><T38/><D38/><U83/><REACH who="1" step="1"/><E62/><REACH who="1" ten="235,255,209,281" step="2"/><V40/><F40/><W0/><G123/><T52/><D77/><U37/><E37/><V132/><F132/><W101/><G76/><T45/><D1/><U102/><E102/><V31/><F31/><W121/><G0/><T91/><D47/><AGARI ba="0,2" hai="5,10,13,17,20,26,28,30,42,47,50,92,93,94" machi="47" ten="40,3900,0" yaku="1,1,8,1,53,0" doraHai="63" doraHaiUra="105" who="2" fromWho="0" sc="235,-39,255,0,209,59,281,0" /><INIT seed="2,1,0,5,0,71" ten="196,255,268,281" oya="2" hai0="61,129,98,103,34,101,58,63,117,72,10,86,80" hai1="15,66,54,85,119,60,20,16,56,132,43,26,102" hai2="59,115,53,3,9,8,109,32,104,65,40,36,5" hai3="47,83,91,29,106,107,110,23,52,33,125,75,68"/><V70/><F104/><W133/><G33/><T37/><D34/><U76/><E119/><V18/><F32/><W108/><G68/><T28/><D72/><U35/><E132/><V126/><F115/><W67/><G67/><T46/><D117/><U130/><E130/><V13/><F126/><W62/><G125/><T92/><D129/><U124/><E124/><V74/><F74/><W39/><G133/><T50/><D28/><U4/><E102/><V30/><F30/><W131/><G131/><T31/><D31/><U24/><E35/><V19/><F109/><N who="3" m="42091" /><G23/><T88/><D37/><U90/><E76/><V2/><F65/><W123/><G123/><T134/><D134/><U79/><E79/><V12/><F70/><W82/><G29/><T113/><D113/><U96/><E96/><V78/><F5/><W41/><G75/><T22/><D22/><U73/><E73/><V116/><F78/><W95/><G106/><T44/><D101/><U57/><E43/><V93/><F116/><W120/><G107/><T122/><D122/><U14/><E14/><V45/><REACH who="2" step="1"/><F93/><REACH who="2" ten="196,255,258,281" step="2"/><W1/><G120/><T84/><D92/><N who="1" m="54351" /><E4/><V38/><F38/><W128/><G128/><T42/><D80/><U25/><E66/><V49/><AGARI ba="1,1" hai="2,3,8,9,12,13,18,19,36,40,45,49,53,59" machi="49" ten="20,12000,1" yaku="1,1,0,1,7,1,9,1,52,1,53,0" doraHai="71" doraHaiUra="112" who="2" fromWho="2" sc="196,-41,255,-41,258,133,281,-41" /><INIT seed="2,2,0,5,4,70" ten="155,214,391,240" oya="2" hai0="54,37,88,96,13,116,15,9,16,133,24,1,122" hai1="12,111,60,58,129,112,105,114,92,134,77,79,65" hai2="130,69,42,31,115,87,59,135,39,40,126,51,131" hai3="76,97,2,132,89,53,22,83,118,123,108,11,50"/><V100/><F100/><W38/><G118/><T73/><D122/><U26/><E105/><V82/><F31/><W75/><G123/><T55/><D73/><U68/><E111/><V28/><F28/><W104/><G108/><T25/><D1/><U74/><E26/><N who="0" m="10345" /><D37/><U107/><E107/><V67/><F115/><W84/><G22/><N who="0" m="11535" /><D133/><U95/><E74/><V30/><F30/><W99/><G132/><T81/><D116/><U106/><E106/><V7/><F7/><W64/><G38/><T14/><D14/><U57/><E134/><V17/><F17/><W3/><G64/><T103/><D103/><U63/><E12/><V120/><F135/><W102/><G11/><T90/><D81/><U36/><E36/><V86/><F120/><W19/><G19/><N who="0" m="8687" /><D96/><U101/><E101/><V56/><F82/><W119/><G99/><T121/><D121/><U124/><E68/><V93/><F39/><W45/><G119/><T85/><D85/><U72/><E72/><V125/><F69/><W32/><G32/><T5/><D5/><U20/><E20/><V91/><F67/><W29/><G29/><T71/><D71/><U0/><E0/><V43/><F51/><W48/><G50/><T21/><D21/><U27/><E65/><V128/><F86/><W33/><G33/><T4/><D4/><U117/><E117/><V78/><F78/><W18/><G18/><T52/><AGARI ba="2,0" hai="52,54,55,88,90" m="8687,11535,10345" machi="52" ten="30,7900,0" yaku="8,1,54,3" doraHai="70" who="0" fromWho="0" sc="155,85,214,-22,391,-41,240,-22" /><INIT seed="3,0,0,0,1,108" ten="240,192,350,218" oya="3" hai0="75,127,26,10,116,81,19,111,9,92,126,90,45" hai1="77,55,46,38,35,51,88,103,84,11,122,32,61" hai2="27,98,15,58,112,94,25,133,4,106,1,115,129" hai3="3,73,93,83,102,65,52,80,21,67,62,120,124"/><W72/><G3/><T113/><D116/><U44/><E122/><V31/><F106/><W16/><G120/><T60/><D111/><U59/><E103/><V117/><F1/><W95/><G124/><N who="0" m="47659" /><D113/><U7/><E77/><V47/><F117/><W130/><G73/><T125/><D125/><U39/><E39/><V30/><F47/><W110/><G130/><T28/><D19/><U134/><E134/><V79/><F129/><W82/><G72/><T78/><D60/><U97/><E97/><V118/><F79/><W48/><G110/><T33/><D45/><U87/><E87/><AGARI ba="0,0" hai="9,10,26,28,33,75,78,81,87,90,92" m="47659" machi="87" ten="30,1000,0" yaku="18,1" doraHai="108" who="0" fromWho="1" sc="240,10,192,-10,350,0,218,0" /><INIT seed="4,0,0,3,1,132" ten="250,182,350,218" oya="0" hai0="110,116,95,42,14,118,117,94,92,79,23,127,98" hai1="29,6,103,70,36,121,18,101,93,129,49,56,91" hai2="107,100,28,54,39,122,77,52,5,50,13,21,73" hai3="48,46,88,20,81,135,45,115,78,113,87,7,68"/><T26/><D110/><U120/><E70/><V133/><F39/><W33/><G33/><T35/><D35/><U53/><E36/><V80/><F133/><W104/><G135/><T67/><D42/><U31/><E129/><V37/><F37/><W27/><G68/><T19/><D127/><U34/><E121/><V4/><F122/><W119/><G119/><T114/><D114/><N who="3" m="43529" /><G104/><T9/><D79/><U106/><E120/><V65/><F65/><W44/><G7/><T2/><D2/><U123/><E123/><V90/><F90/><W11/><G11/><T15/><D15/><U105/><E6/><V8/><F54/><N who="3" m="29975" /><G78/><T128/><D67/><U109/><E109/><V97/><F28/><AGARI ba="0,0" hai="20,27,28,44,45,81,87,88" m="29975,43529" machi="28" ten="30,2000,0" yaku="15,1,54,1" doraHai="132" who="3" fromWho="2" sc="250,0,182,0,350,-20,218,20" /><INIT seed="5,0,0,4,0,54" ten="250,182,330,238" oya="1" hai0="24,69,118,87,18,93,56,115,60,92,128,51,17" hai1="34,2,11,32,129,131,126,114,71,66,61,123,113" hai2="124,28,15,36,29,70,112,6,62,46,58,100,13" hai3="39,96,57,53,14,82,72,121,101,59,86,75,80"/><U37/><E37/><V105/><F70/><W78/><G39/><T90/><D118/><U1/><E123/><V21/><F124/><W68/><G68/><T88/><D115/><N who="1" m="44043" /><E126/><V16/><F112/><W4/><G121/><T23/><D69/><U35/><E11/><N who="2" m="4343" /><F105/><W106/><G75/><T76/><D128/><AGARI ba="0,0" hai="1,2,32,34,35,61,66,71,128,129,131" m="44043" machi="128" ten="40,7700,0" yaku="19,1,15,1,23,1" doraHai="54" who="1" fromWho="0" sc="250,-77,182,77,330,0,238,0" /><INIT seed="5,1,0,4,1,70" ten="173,259,330,238" oya="1" hai0="84,66,45,116,17,21,5,105,8,131,97,59,65" hai1="58,74,30,117,9,77,91,132,109,73,102,31,126" hai2="71,94,14,129,89,3,51,104,42,125,121,57,27" hai3="99,113,69,122,49,33,101,100,80,134,44,35,28"/><U103/><E117/><V123/><F104/><W72/><G122/><T133/><D116/><U111/><E9/><V11/><F71/><W13/><G100/><N who="1" m="38442" /><E58/><V114/><F3/><W2/><G13/><T24/><D131/><U124/><E91/><V40/><F129/><W67/><G49/><T10/><D133/><U119/><E119/><V0/><F0/><W93/><G2/><T96/><D105/><U118/><E118/><V55/><F125/><N who="1" m="48233" /><E132/><V25/><F114/><W36/><G113/><T37/><D10/><U107/><E107/><V41/><F123/><W106/><G93/><T81/><D8/><U78/><E30/><V128/><F128/><W130/><G28/><T95/><D5/><U62/><E62/><V26/><F121/><W86/><G130/><T39/><D95/><U92/><E31/><V112/><F112/><W127/><G134/><T6/><D6/><U85/><E92/><V64/><F64/><W98/><G67/><T120/><D65/><U7/><E7/><N who="2" m="3455" /><F40/><N who="3" m="22535" /><G69/><T48/><D120/><U18/><E18/><V60/><F60/><W79/><G127/><T135/><D135/><U32/><E32/><V1/><F1/><W115/><G115/><T110/><D66/><U68/><E68/><V88/><F89/><N who="3" m="51399" /><G99/><AGARI ba="1,0" hai="25,26,27,41,42,51,55,57,88,94,99" m="3455" machi="99" ten="30,2000,0" yaku="8,1,54,1" doraHai="70" who="2" fromWho="3" sc="173,0,259,0,330,23,238,-23" /><INIT seed="6,0,0,1,4,114" ten="173,259,353,215" oya="2" hai0="63,2,28,95,9,88,75,100,15,134,41,44,128" hai1="92,58,27,23,76,120,51,74,108,118,67,26,112" hai2="45,81,93,43,0,18,126,90,55,46,40,106,13" hai3="71,17,36,31,64,16,99,124,105,12,33,79,39"/><V68/><F68/><W4/><G79/><T115/><D75/><U84/><E74/><V117/><F106/><W110/><G4/><T37/><D2/><U38/><E38/><V131/><F0/><W60/><G110/><T49/><D115/><U78/><E108/><V86/><F131/><W70/><G70/><T20/><D128/><U127/><E112/><V25/><F25/><N who="3" m="18671" /><G124/><T113/><D113/><U102/><E27/><V96/><F126/><W122/><G122/><T53/><D100/><U130/><E130/><V73/><F73/><W35/><G35/><T98/><D28/><U11/><E120/><V34/><F34/><W77/><G77/><T135/><D20/><U107/><E107/><V19/><F19/><N who="3" m="7243" /><G12/><T29/><D29/><U57/><E102/><AGARI ba="0,0" hai="36,39,60,64,71,99,102,105" m="7243,18671" machi="102" ten="30,2000,0" yaku="25,1,54,1" doraHai="114" who="3" fromWho="1" sc="173,0,259,-20,353,0,215,20" /><INIT seed="7,0,0,4,3,24" ten="173,239,353,235" oya="3" hai0="134,0,3,15,75,129,49,26,80,10,22,106,103" hai1="39,36,71,74,63,135,123,9,7,54,56,125,6" hai2="12,92,18,96,93,117,100,77,53,130,82,34,89" hai3="68,102,86,107,105,111,88,109,44,58,52,5,23"/><W110/><G68/><T17/><D129/><U97/><E74/><V113/><F34/><W8/><G44/><T21/><D134/><U45/><E123/><V32/><F32/><W42/><G42/><T29/><D106/><U65/><E135/><V72/><F130/><W30/><G102/><T38/><D38/><U27/><E125/><V20/><F117/><W59/><G59/><T95/><D75/><U76/><E76/><V87/><F113/><W62/><G23/><T83/><D0/><U4/><E27/><V47/><F47/><W73/><G30/><T35/><D21/><U120/><E120/><V119/><F119/><W122/><G73/><T61/><D49/><N who="1" m="30799" /><E97/><V64/><F64/><W94/><G122/><T11/><D11/><U19/><E19/><V60/><F53/><W57/><G57/><T78/><D78/><U14/><E36/><V55/><F55/><W114/><G114/><T99/><D61/><U43/><AGARI ba="0,0" hai="4,6,7,9,14,39,43,45,63,65,71" m="30799" machi="43" ten="30,1100,0" yaku="24,1" doraHai="24" who="1" fromWho="1" sc="173,-3,239,11,353,-3,235,-5" owari="170,-33.0,250,5.0,350,45.0,230,-17.0" /></mjloggm>