<mjloggm ver="2.3"><GO type="41" lobby="0"/><UN n0="%E5%B0%B1%E6%B4%BB%E7%94%9F%40%E5%B7%9D%E6%9D%91%E8%BB%8D%E5%9B%A3" n1="%E5%A4%9C%E7%A5%9E%E3%81%95%E3%82%93" n2="%4A%57%35%35" n3="%63%6D%6F%63%63%6D%6F%63" dan="14,13,16,14" rate="2005.32,1826.59,2074.75,1932.12" sx="M,M,M,F"/><TAIKYOKU oya="0"/><INIT seed="0,0,0,5,5,12" ten="250,250,250,250" oya="0" hai0="109,133,135,116,24,122,34,83,115,75,73,118,5" hai1="47,25,121,103,19,1,14,41,125,21,17,6,29" hai2="22,74,38,76,55,69,53,30,2,124,96,132,104" hai3="114,45,31,107,56,23,18,80,99,79,60,71,70"/><T81/><D5/><U13/><E121/><V52/><F69/><W102/><G114/><T112/><D24/><U58/><E125/><V84/><F38/><W85/><G45/><T89/><D34/><U8/><E103/><V44/><F2/><W91/><G31/><T15/><D15/><U62/><E14/><V10/><F10/><W130/><G130/><T105/><D122/><U94/><E94/><V93/><F124/><W100/><G100/><T61/><D61/><U46/><E46/><V43/><F104/><W128/><G128/><T4/><D4/><U108/><E108/><V78/><F74/><N who="0" m="28170" /><D105/><U87/><E87/><V33/><F33/><W0/><G0/><T11/><D11/><U66/><REACH who="1" step="1"/><E1/><REACH who="1" ten="250,240,250,250" step="2"/><V110/><F84/><W16/><G79/><T57/><D109/><U77/><E77/><V92/><F110/><W113/><G113/><N who="0" m="43595" /><D57/><U117/><E117/><N who="0" m="45161" /><D89/><U111/><E111/><V129/><F78/><W39/><G39/><AGARI ba="0,1" hai="6,8,13,17,19,21,25,29,39,41,47,58,62,66" machi="39" ten="30,7700,0" yaku="1,1,7,1,52,2,53,0" doraHai="12" doraHaiUra="35" who="1" fromWho="3" sc="250,0,240,87,250,0,250,-77" /><INIT seed="1,0,0,3,5,67" ten="250,327,250,173" oya="1" hai0="51,83,11,87,79,97,16,41,111,129,123,24,19" hai1="80,101,39,63,32,100,91,21,133,108,52,25,27" hai2="103,119,60,122,114,116,96,48,57,45,86,55,112" hai3="20,94,105,131,12,18,127,95,125,90,70,135,121"/><U49/><E39/><V14/><F86/><W104/><G121/><T118/><D118/><N who="2" m="45098" /><F14/><W37/><G37/><T81/><D123/><U76/><E108/><V15/><F15/><W2/><G2/><T53/><D111/><U85/><E133/><V8/><F8/><W44/><G44/><T17/><D129/><U120/><E32/><V33/><F33/><W130/><G90/><T29/><D41/><U30/><E120/><V50/><F122/><W28/><G28/><T126/><D126/><N who="3" m="48137" /><G70/><T4/><D97/><U40/><E27/><V59/><F96/><W35/><G35/><T43/><D43/><U61/><E40/><N who="2" m="24615" /><F103/><N who="1" m="39497" /><E76/><V106/><F106/><N who="3" m="41067" /><G135/><T54/><D83/><U0/><E0/><V38/><F38/><W64/><G64/><AGARI ba="0,0" hai="50,55,57,59,60,64,112,114" m="24615,45098" machi="64" ten="30,2000,0" yaku="34,2" doraHai="67" who="2" fromWho="3" sc="250,0,327,0,250,20,173,-20" /><INIT seed="2,0,0,2,5,85" ten="250,327,270,153" oya="2" hai0="36,7,124,78,49,46,8,126,133,17,6,47,120" hai1="12,34,69,91,39,76,125,104,56,117,93,100,97" hai2="88,29,128,26,42,28,134,11,43,40,114,44,9" hai3="92,71,59,127,27,0,95,25,74,41,105,116,52"/><V21/><F114/><W10/><G105/><T80/><D120/><U1/><E117/><V23/><F134/><W16/><G116/><T79/><D133/><U62/><E69/><V84/><F128/><W107/><G107/><T70/><D70/><U20/><E34/><V58/><F44/><W110/><G74/><T60/><D36/><U50/><E1/><V75/><F75/><W30/><G71/><T121/><D121/><U66/><E39/><V102/><F102/><W87/><G127/><N who="0" m="48683" /><D60/><U15/><E76/><N who="0" m="29225" /><D80/><U61/><E20/><N who="2" m="7755" /><F58/><W65/><G65/><T67/><D67/><U98/><E62/><V132/><F132/><W19/><G0/><T101/><D101/><U45/><REACH who="1" step="1"/><E125/><REACH who="1" ten="250,317,270,153" step="2"/><V5/><F26/><N who="3" m="9739" /><G30/><N who="2" m="11881" /><F5/><N who="0" m="1546" /><D49/><U99/><E99/><V118/><F118/><W22/><G22/><T109/><D109/><U57/><E57/><V129/><F129/><W115/><G110/><T122/><D122/><U90/><E90/><V37/><F37/><W73/><G115/><T53/><D53/><AGARI ba="0,1" hai="12,15,45,50,53,56,61,66,91,93,97,98,100,104" machi="53" ten="30,3900,0" yaku="1,1,7,1,52,1,53,0" doraHai="85" doraHaiUra="113" who="1" fromWho="0" sc="250,-39,317,49,270,0,153,0" /><INIT seed="3,0,0,2,2,24" ten="211,366,270,153" oya="3" hai0="116,19,78,84,16,110,9,106,58,71,40,4,10" hai1="111,6,20,90,108,94,62,102,38,109,128,0,118" hai2="32,127,121,134,21,51,107,115,119,7,39,45,124" hai3="14,77,117,50,83,122,3,57,17,95,72,61,91"/><W28/><G117/><T133/><D71/><U26/><E38/><V48/><F32/><W123/><G122/><T130/><D106/><U15/><E102/><V100/><F119/><W63/><G123/><T34/><D116/><U70/><E128/><V5/><F121/><W74/><G3/><T35/><D130/><U49/><E0/><V76/><F76/><W129/><G74/><T105/><D105/><U88/><E49/><V47/><F39/><W37/><G129/><T135/><D40/><U66/><E118/><V2/><F115/><W73/><G37/><T30/><D58/><U43/><E43/><V69/><F69/><W31/><G73/><T112/><D112/><U55/><E55/><V68/><F68/><W59/><G50/><T86/><D78/><U1/><E1/><V131/><F131/><W67/><G59/><T81/><D81/><U101/><E15/><V96/><F21/><W75/><G63/><T120/><D120/><U103/><E6/><N who="2" m="2059" /><F2/><W80/><G80/><T44/><D4/><U25/><E25/><V41/><F134/><W82/><G82/><T42/><D110/><U54/><E54/><V53/><F53/><W92/><G92/><T27/><D42/><U97/><REACH who="1" step="1"/><E103/><REACH who="1" ten="211,356,270,153" step="2"/><V87/><F48/><W99/><REACH who="3" step="1"/><G72/><REACH who="3" ten="211,356,270,143" step="2"/><T113/><D113/><U125/><E125/><V13/><F51/><W8/><AGARI ba="0,2" hai="8,14,17,28,31,57,61,67,75,77,83,91,95,99" machi="8" ten="20,18000,2" yaku="1,1,2,1,0,1,7,1,52,2,53,0" doraHai="24" doraHaiUra="29" who="3" fromWho="3" sc="211,-60,356,-60,270,-60,143,200" /><INIT seed="3,1,0,5,2,69" ten="151,296,210,343" oya="3" hai0="50,101,72,2,53,48,31,100,56,130,75,64,71" hai1="6,63,47,16,118,125,55,26,41,88,96,20,27" hai2="65,132,102,59,107,54,111,10,34,25,109,49,76" hai3="106,19,91,93,1,32,81,38,104,4,128,22,39"/><W133/><G32/><T129/><D2/><U43/><E6/><V117/><F117/><W95/><G81/><T114/><D31/><U126/><E118/><V37/><F76/><W58/><G1/><T51/><D114/><U105/><E27/><V113/><F113/><W116/><G116/><T110/><D110/><N who="2" m="41994" /><F132/><W8/><G4/><T9/><D9/><U5/><E5/><V135/><F135/><W40/><G133/><T46/><D71/><U122/><E122/><V42/><F10/><W127/><G8/><T92/><D64/><U103/><E88/><V134/><F65/><W77/><G77/><T83/><D83/><U7/><E7/><V85/><F85/><W90/><G22/><T124/><D124/><N who="1" m="47723" /><E47/><N who="2" m="24015" /><F134/><W73/><G127/><T123/><D123/><U30/><E30/><N who="2" m="19791" /><F107/><W15/><G15/><T3/><D3/><U131/><E55/><V121/><F102/><W36/><G19/><T74/><D92/><N who="3" m="35401" /><G40/><N who="1" m="15434" /><E63/><V13/><F13/><W115/><G115/><T67/><D67/><U17/><E17/><V57/><F121/><W89/><G58/><AGARI ba="1,0" hai="49,54,57,58,59" m="19791,24015,41994" machi="58" ten="30,2000,0" yaku="14,1,52,1" doraHai="69" who="2" fromWho="3" sc="151,0,296,0,210,23,343,-23" /><INIT seed="4,0,0,2,0,115" ten="151,296,233,320" oya="0" hai0="104,8,21,63,51,58,134,28,83,123,38,128,106" hai1="34,64,13,22,46,68,10,71,109,108,69,36,101" hai2="89,20,4,80,107,114,6,78,32,100,48,82,9" hai3="84,18,102,103,45,65,97,52,59,112,57,17,95"/><T11/><D123/><U53/><E34/><V117/><F32/><W96/><G112/><T40/><D38/><U31/><E101/><V93/><F114/><W67/><G84/><T12/><D128/><U76/><E76/><V42/><F82/><W0/><G0/><T49/><D134/><U26/><E64/><V74/><F20/><W39/><G39/><T79/><D106/><U118/><E118/><V54/><F42/><W85/><G85/><N who="0" m="48383" /><D104/><U62/><E36/><V105/><F117/><W135/><G45/><N who="0" m="25767" /><D51/><U111/><E46/><V98/><F9/><W56/><G135/><T33/><D33/><U122/><E122/><V70/><F70/><W124/><G124/><T75/><D75/><U16/><E53/><V30/><F30/><W73/><G73/><T66/><D28/><U24/><E62/><V35/><F35/><W119/><G119/><T50/><D50/><U55/><E55/><V72/><F72/><W44/><G44/><T43/><D43/><U91/><E91/><V88/><F89/><W47/><G47/><T130/><D130/><U120/><E120/><V99/><F107/><W121/><G121/><T29/><D29/><U87/><E26/><V3/><F3/><W15/><G52/><T14/><D14/><U41/><REACH who="1" step="1"/><E41/><REACH who="1" ten="151,286,233,320" step="2"/><V90/><F90/><N who="3" m="55415" /><G67/><T86/><D86/><AGARI ba="0,1" hai="10,13,16,22,24,31,68,69,71,86,87,108,109,111" machi="86" ten="50,3200,0" yaku="1,1,54,1,53,0" doraHai="115" doraHaiUra="110" who="1" fromWho="0" sc="151,-32,286,42,233,0,320,0" /><INIT seed="5,0,0,3,0,117" ten="119,328,233,320" oya="1" hai0="82,93,9,118,33,71,72,57,19,7,135,103,124" hai1="25,37,126,123,30,46,101,50,67,115,120,47,10" hai2="13,73,41,58,15,100,77,114,44,49,28,59,133" hai3="36,54,43,4,27,109,29,92,110,63,68,12,3"/><U22/><E101/><V132/><F100/><W45/><G92/><T8/><D71/><U17/><E67/><V97/><F97/><W48/><G12/><T108/><D118/><U89/><E37/><V32/><F114/><W65/><G4/><T78/><D33/><U95/><E115/><V85/><F73/><W112/><G3/><T24/><D108/><U70/><E70/><V52/><F58/><N who="3" m="33095" /><G112/><T119/><D119/><U14/><E126/><V74/><F74/><W86/><G86/><T99/><D124/><U42/><REACH who="1" step="1"/><E47/><REACH who="1" ten="119,318,233,320" step="2"/><V129/><F133/><W61/><G61/><T84/><D135/><U131/><E131/><V122/><F129/><W125/><G125/><T105/><D105/><U66/><E66/><V6/><F122/><W128/><G128/><T94/><D94/><U102/><E102/><V18/><F132/><W111/><G111/><T62/><D72/><U23/><E23/><AGARI ba="0,1" hai="23,27,29,36,43,45,63,65,68,109,110" m="33095" machi="23" ten="30,1000,0" yaku="24,1" doraHai="117" who="3" fromWho="1" sc="119,0,318,-10,233,0,320,20" /><INIT seed="6,0,0,2,2,135" ten="119,308,233,340" oya="2" hai0="89,18,104,121,16,113,118,116,23,34,45,10,131" hai1="67,36,84,24,114,9,120,75,123,48,28,130,40" hai2="74,97,86,107,35,42,63,95,22,57,0,119,102" hai3="94,98,8,111,126,93,59,134,11,14,60,132,81"/><V127/><F35/><W20/><G111/><T37/><D104/><U56/><E75/><V71/><F119/><N who="0" m="45610" /><D37/><U15/><E36/><V92/><F0/><W13/><G81/><T47/><D47/><U90/><E114/><V85/><F71/><W101/><G20/><T4/><D45/><U78/><E78/><V58/><F42/><W100/><G60/><T29/><D89/><U51/><E40/><V12/><F74/><W125/><G59/><T52/><D52/><N who="1" m="31751" /><E67/><N who="2" m="39407" /><F127/><W69/><G69/><T82/><D82/><N who="1" m="49431" /><E130/><V68/><F107/><W55/><G55/><T117/><N who="0" m="45618" /><T43/><DORA hai="83" /><D43/><U65/><E51/><V44/><F44/><W26/><G26/><N who="0" m="18743" /><D113/><U50/><E50/><V64/><F68/><W112/><G112/><T129/><D121/><N who="1" m="46667" /><E65/><V124/><F124/><W103/><G103/><T106/><D106/><U105/><E105/><V72/><F72/><W25/><G25/><N who="0" m="14567" /><D18/><N who="1" m="8559" /><E24/><V99/><F64/><W33/><G33/><T108/><D108/><U31/><AGARI ba="0,0" hai="28,31" m="8559,46667,49431,31751" machi="31" ten="30,4000,0" yaku="13,1,52,1,54,1" doraHai="135,83" who="1" fromWho="1" sc="119,-10,308,40,233,-20,340,-10" /><INIT seed="7,0,0,0,0,125" ten="109,348,213,330" oya="3" hai0="15,99,20,65,119,116,38,19,106,21,42,2,74" hai1="84,97,133,88,30,63,44,118,7,26,16,60,59" hai2="120,77,6,102,12,29,69,23,131,110,107,31,100" hai3="24,49,43,113,109,135,5,52,57,45,18,11,22"/><W3/><G113/><T55/><D74/><U78/><E7/><V47/><F69/><W75/><G75/><T71/><D55/><U92/><E133/><V76/><F110/><W114/><G114/><T35/><D19/><U67/><E118/><V127/><F127/><W33/><G135/><T25/><D20/><N who="1" m="15687" /><E44/><V128/><F120/><W87/><G109/><T91/><D21/><U17/><E63/><V126/><F126/><W50/><G87/><T48/><D15/><U36/><E36/><V72/><F47/><W82/><G82/><AGARI ba="0,0" hai="16,17,59,60,67,78,82,84,88,92,97" m="15687" machi="82" ten="30,3900,0" yaku="8,1,54,2" doraHai="125" who="1" fromWho="3" sc="109,0,348,39,213,0,330,-39" owari="109,-39.0,387,49.0,213,-19.0,291,9.0" /></mjloggm>