<mjloggm ver="2.3"><GO type="97" lobby="0"/><UN n0="%E3%81%B7%E3%82%8A%E3%82%93%E8%81%96%E4%BA%BA%40" n1="%E7%A5%9E%E3%81%AE%E3%82%8A%E3%82%93%E3%81%94" n2="%E5%B0%B1%E6%B4%BB%E7%94%9F%40%E5%B7%9D%E6%9D%91%E8%BB%8D%E5%9B%A3" n3="%E3%82%B8%E3%82%A7%E3%83%AD%E3%81%A9%E3%82%93" dan="14,13,15,13" rate="1930.28,1866.70,1972.61,1930.55" sx="M,M,M,M"/><TAIKYOKU oya="0"/><INIT seed="0,0,0,3,5,48" ten="250,250,250,250" oya="0" hai0="25,12,115,128,9,89,108,81,124,88,97,63,110" hai1="122,77,54,131,50,119,101,20,46,7,4,126,41" hai2="56,130,121,37,24,43,84,30,34,27,52,16,69" hai3="33,106,123,75,65,82,57,103,70,40,95,13,61"/><T80/><D115/><U66/><E122/><V49/><F121/><W62/><G123/><T87/><D124/><U44/><E119/><V51/><F69/><W18/><G33/><T133/><D133/><U2/><E126/><V8/><F130/><W116/><G116/><T26/><D128/><U53/><E131/><V11/><F37/><W29/><G29/><T72/><D72/><U104/><E104/><V93/><F43/><W31/><G31/><T125/><D125/><U90/><E2/><V113/><F113/><W39/><G106/><T85/><D97/><U68/><E68/><V47/><F47/><W22/><G40/><T23/><D63/><U92/><E101/><V99/><F84/><W120/><G39/><T73/><D73/><U98/><E77/><V42/><F42/><W102/><G95/><T36/><D36/><U112/><E112/><V21/><F51/><W105/><G105/><T91/><D91/><AGARI ba="0,0" hai="8,11,16,21,24,27,30,34,49,52,56,91,93,99" machi="91" ten="30,7700,0" yaku="7,1,52,1,54,2" doraHai="48" who="2" fromWho="0" sc="250,-77,250,0,250,77,250,0" /><INIT seed="1,0,0,4,4,86" ten="173,250,327,250" oya="1" hai0="111,132,78,68,81,82,18,96,19,72,109,88,11" hai1="119,9,77,131,99,135,118,66,87,35,130,6,59" hai2="13,29,7,4,129,52,53,112,37,116,20,75,32" hai3="73,10,80,41,46,34,17,3,15,124,103,115,122"/><U49/><E35/><V57/><F37/><W123/><G115/><T5/><D68/><U36/><E36/><V89/><F116/><W64/><G124/><T69/><D69/><U58/><E135/><V125/><F75/><W114/><G114/><T100/><D132/><U105/><E105/><V44/><F32/><W60/><G34/><T102/><D19/><U65/><E99/><V16/><F112/><W48/><G3/><T43/><D18/><U21/><E21/><V30/><F129/><N who="1" m="49161" /><E77/><V74/><F74/><W1/><G1/><T23/><D23/><U22/><E22/><V79/><F79/><W61/><G103/><T25/><D25/><U0/><E87/><V113/><F113/><W42/><G80/><T40/><D40/><U106/><E106/><V121/><F121/><W50/><G73/><T117/><D43/><U90/><E90/><V63/><F125/><W108/><G108/><N who="0" m="41547" /><D117/><N who="1" m="44555" /><E49/><N who="2" m="28711" /><F89/><W62/><REACH who="3" step="1"/><G64/><AGARI ba="0,0" hai="0,6,9,58,59,64,65,66" m="44555,49161" machi="64" ten="30,1500,0" yaku="19,1" doraHai="86" who="1" fromWho="3" sc="173,0,250,15,327,0,250,-15" /><INIT seed="1,1,0,5,5,69" ten="173,265,327,235" oya="1" hai0="89,4,63,83,9,21,44,14,124,133,108,131,27" hai1="102,42,65,107,22,40,120,55,122,76,34,113,1" hai2="80,41,99,129,26,6,10,75,3,77,105,88,24" hai3="8,92,57,61,135,73,79,116,82,25,51,70,127"/><U85/><E34/><V134/><F129/><W28/><G127/><T60/><D124/><U66/><E1/><V74/><F74/><W5/><G135/><T71/><D133/><U29/><E29/><V49/><F134/><W110/><G110/><T13/><D131/><U67/><E22/><V106/><F106/><W132/><G132/><T121/><D108/><U125/><E107/><V94/><F105/><W12/><G116/><T84/><D71/><U36/><E102/><V30/><F30/><W47/><G70/><T52/><D14/><U53/><E125/><V23/><F23/><W118/><G92/><T95/><D121/><N who="1" m="46699" /><E85/><V7/><F7/><W101/><G118/><T35/><D35/><U100/><E100/><V64/><F64/><W54/><G101/><T20/><D95/><U58/><E76/><V86/><F75/><W103/><G103/><T48/><D21/><U130/><E130/><V90/><F90/><W16/><G28/><AGARI ba="1,0" hai="4,9,13,20,27,28,44,48,52,60,63,83,84,89" machi="28" ten="30,3900,0" yaku="7,1,8,1,54,1" doraHai="69" who="0" fromWho="3" sc="173,42,265,0,327,0,235,-42" /><INIT seed="2,0,0,5,2,71" ten="215,265,327,193" oya="2" hai0="75,101,102,7,16,107,9,59,96,85,50,127,53" hai1="23,14,116,1,64,46,33,77,66,68,49,44,133" hai2="13,30,47,34,88,21,97,112,114,93,86,11,62" hai3="92,26,15,31,73,103,122,129,74,117,29,67,28"/><V76/><F34/><W17/><G129/><T45/><D75/><U20/><E33/><V115/><F62/><W56/><G122/><T61/><D102/><U84/><E1/><V87/><F76/><W2/><G2/><T65/><D85/><U24/><E133/><V108/><F108/><W37/><G117/><T131/><D131/><U90/><E77/><V98/><F98/><W3/><G3/><T8/><D7/><U132/><E132/><V57/><F47/><W83/><G56/><T5/><D5/><U22/><E68/><V119/><F119/><W106/><G67/><N who="1" m="25642" /><E14/><V12/><F57/><W48/><G48/><T41/><D127/><U58/><E58/><V25/><REACH who="2" step="1"/><F13/><REACH who="2" ten="215,265,317,193" step="2"/><W81/><G15/><T105/><D65/><U18/><E46/><V104/><F104/><W95/><G26/><T128/><D107/><U100/><E44/><V4/><AGARI ba="0,1" hai="4,11,12,21,25,30,86,87,88,93,97,112,114,115" machi="4" ten="30,6000,0" yaku="1,1,0,1,54,1,53,0" doraHai="71" doraHaiUra="35" who="2" fromWho="2" sc="215,-20,265,-20,317,70,193,-20" /><INIT seed="2,1,0,4,5,89" ten="195,245,387,173" oya="2" hai0="60,133,77,3,32,121,86,107,75,57,25,65,41" hai1="29,15,132,125,83,2,103,24,85,59,122,111,46" hai2="17,109,120,63,79,36,39,87,18,76,92,117,48" hai3="6,131,88,13,1,73,97,64,67,82,93,21,8"/><V12/><F117/><W104/><G131/><T11/><D75/><U9/><E2/><V43/><F120/><W62/><G104/><T53/><D107/><U40/><E122/><V42/><F109/><W84/><G73/><T56/><D121/><U47/><E111/><V33/><F33/><W101/><G1/><T74/><D74/><U34/><E132/><V95/><F63/><W124/><G124/><T28/><D133/><U7/><E125/><V105/><F105/><W91/><G62/><T126/><D126/><U81/><E103/><V102/><F48/><W99/><G99/><T130/><D130/><U114/><E114/><V35/><F35/><W90/><REACH who="3" step="1"/><G21/><REACH who="3" ten="195,245,387,163" step="2"/><T119/><D119/><U108/><E108/><V100/><F87/><W118/><G118/><T71/><D86/><U20/><E85/><V14/><AGARI ba="1,1" hai="12,14,17,18,36,39,42,43,76,79,92,95,100,102" machi="14" ten="25,12000,1" yaku="0,1,22,2,52,2" doraHai="89" who="2" fromWho="2" sc="195,-41,245,-41,387,133,163,-41" /><INIT seed="2,2,0,2,4,131" ten="154,204,520,122" oya="2" hai0="48,3,26,96,135,11,77,65,89,133,27,129,23" hai1="126,9,41,132,74,109,117,15,12,38,8,39,51" hai2="90,7,93,122,120,81,63,102,40,2,36,60,55" hai3="103,116,76,99,37,88,59,94,125,45,29,49,111"/><V44/><F102/><W73/><G125/><T10/><D129/><U30/><E126/><V25/><F7/><W112/><G116/><T110/><D77/><U28/><E74/><V5/><F5/><W105/><G111/><T0/><D110/><U24/><E109/><V123/><F2/><N who="0" m="554" /><D65/><U113/><E51/><V32/><F81/><W31/><G112/><T56/><D48/><U107/><E113/><V14/><F14/><W68/><G68/><T114/><D56/><U1/><E1/><V82/><F82/><W47/><G37/><T50/><D50/><U71/><E24/><N who="0" m="9257" /><D114/><U97/><E97/><V57/><F25/><W52/><G76/><T34/><D89/><U95/><E41/><V118/><F118/><W18/><G73/><T83/><D83/><U80/><E71/><V67/><F32/><W78/><G78/><T108/><D96/><U104/><E80/><V43/><F93/><W66/><G66/><T100/><D100/><U58/><E95/><V6/><F90/><W124/><G18/><T33/><D23/><U20/><E20/><V121/><F6/><W91/><G124/><T75/><D75/><U72/><E72/><V84/><F84/><W53/><G91/><T42/><D42/><U13/><E117/><V16/><F16/><W61/><REACH who="3" step="1"/><G47/><REACH who="3" ten="154,204,520,112" step="2"/><T35/><D108/><U130/><E130/><V22/><F44/><W101/><G101/><T134/><AGARI ba="2,1" hai="10,11,33,34,35,133,134,135" m="9257,554" machi="134" ten="50,16000,3" yaku="28,2,20,1,34,2,52,3" doraHai="131" who="0" fromWho="0" sc="154,176,204,-42,520,-82,112,-42" /><INIT seed="3,0,0,0,4,125" ten="330,162,438,70" oya="3" hai0="24,39,15,41,119,90,105,106,112,2,12,45,58" hai1="120,20,66,0,114,133,130,84,131,37,80,75,25" hai2="48,13,109,44,81,8,53,78,38,57,69,88,68" hai3="77,79,108,82,71,127,3,74,9,1,96,11,126"/><W6/><G71/><T29/><D119/><U115/><E37/><V113/><F113/><W101/><G79/><T56/><D112/><U22/><E75/><V92/><F109/><W86/><G86/><T99/><D2/><U62/><E0/><V118/><F118/><W51/><G51/><T60/><D58/><N who="1" m="37207" /><E120/><V27/><F27/><W19/><G19/><T49/><D39/><U21/><E25/><V76/><F38/><W23/><G23/><T54/><D106/><U121/><E121/><V34/><F34/><W17/><G17/><T97/><D105/><U40/><E133/><V123/><F123/><W42/><G108/><T36/><D36/><U87/><E87/><N who="2" m="52255" /><F69/><W107/><REACH who="3" step="1"/><G42/><REACH who="3" ten="330,162,438,60" step="2"/><T4/><D4/><AGARI ba="0,1" hai="1,3,4,6,9,11,74,77,82,96,101,107,126,127" machi="4" ten="40,18000,2" yaku="1,1,2,1,9,1,23,2,53,1" doraHai="125" doraHaiUra="98" who="3" fromWho="0" sc="330,-180,162,0,438,0,60,190" /><INIT seed="3,1,0,1,2,8" ten="150,162,438,250" oya="3" hai0="123,69,7,37,72,52,116,34,103,86,108,111,118" hai1="43,84,73,89,100,131,81,65,51,15,45,27,5" hai2="31,29,90,71,53,9,129,93,106,44,70,97,47" hai3="117,33,104,1,49,77,91,68,0,19,133,132,119"/><W6/><G68/><T92/><D69/><U127/><E73/><V80/><F129/><W3/><G104/><T114/><D37/><U10/><E131/><V130/><F130/><W95/><G77/><T17/><D34/><U59/><E127/><V63/><F71/><W94/><G33/><T128/><D128/><U66/><E100/><V14/><F70/><W56/><G19/><T2/><D123/><U75/><E75/><V60/><F106/><W41/><G6/><T25/><D72/><U22/><REACH who="1" step="1"/><E59/><REACH who="1" ten="150,152,438,250" step="2"/><N who="2" m="34927" /><F63/><W109/><G109/><N who="0" m="42059" /><D114/><U134/><E134/><V121/><F121/><W88/><G133/><T122/><D122/><U76/><E76/><V57/><F80/><W21/><G132/><T11/><D103/><U28/><AGARI ba="1,1" hai="5,10,15,22,27,28,43,45,51,65,66,81,84,89" machi="28" ten="20,8000,1" yaku="1,1,0,1,7,1,8,1,52,1,53,0" doraHai="8" doraHaiUra="30" who="1" fromWho="1" sc="150,-21,152,93,438,-21,250,-41" owari="129,-37.0,245,5.0,417,51.0,209,-19.0" /></mjloggm>