<mjloggm ver="2.3"><GO type="41" lobby="0"/><UN n0="%79%75%79%61%70%61%70%61" n1="%E3%81%BE%E3%81%93%E3%82%8D" n2="%E5%B0%B1%E6%B4%BB%E7%94%9F%40%E5%B7%9D%E6%9D%91%E8%BB%8D%E5%9B%A3" n3="%E3%81%8C%E3%82%8A%E3%81%8C%E3%82%8A%E2%98%86%E3%82%AC%E3%83%AA%E3%83%BC" dan="13,14,14,15" rate="1871.56,1935.09,1992.45,2028.49" sx="M,F,M,M"/><TAIKYOKU oya="0"/><INIT seed="0,0,0,3,0,21" ten="250,250,250,250" oya="0" hai0="10,82,26,53,130,50,17,1,120,84,51,92,15" hai1="86,67,64,115,72,128,48,29,100,66,4,65,9" hai2="114,35,110,55,18,119,33,40,106,6,99,98,135" hai3="46,104,88,127,2,0,56,96,95,113,117,11,63"/><T79/><D120/><U47/><E72/><V60/><F114/><W14/><G113/><T105/><D105/><U5/><E128/><V97/><F106/><W129/><G117/><T44/><D130/><U131/><E131/><V58/><F119/><W12/><G129/><T126/><D126/><U132/><E100/><V43/><F110/><W69/><G127/><T123/><D123/><U81/><E132/><V62/><F135/><W75/><G75/><T16/><D1/><U73/><E73/><V71/><F6/><W112/><G112/><T78/><D78/><U122/><E29/><V76/><F76/><W101/><G69/><T111/><D111/><U13/><E5/><V77/><F77/><W90/><G46/><T36/><D36/><U37/><E37/><V38/><F38/><W91/><G104/><T57/><D92/><U61/><E115/><V70/><F18/><W32/><G32/><T30/><D17/><U49/><E122/><V87/><F87/><W108/><G108/><T93/><D93/><U83/><E86/><V107/><F107/><W45/><G45/><T118/><D118/><U25/><E49/><V7/><F7/><W52/><REACH who="3" step="1"/><G14/><REACH who="3" ten="250,250,250,240" step="2"/><T42/><D44/><U31/><E47/><V125/><F125/><W39/><G39/><T124/><D124/><U41/><E41/><V109/><F109/><W3/><G3/><T116/><D116/><U133/><E133/><V24/><F35/><W54/><G54/><T121/><D42/><N who="2" m="15914" /><F70/><W59/><G59/><T34/><D121/><U89/><E67/><N who="2" m="41447" /><F33/><W68/><G68/><T74/><D74/><RYUUKYOKU ba="0,1" sc="250,10,250,-30,250,10,240,10" hai0="10,15,16,26,30,34,50,51,53,57,79,82,84" hai2="24,55,58,62,97,98,99" hai3="0,2,11,12,52,56,63,88,90,91,95,96,101" /><INIT seed="0,1,1,2,3,91" ten="260,220,260,250" oya="0" hai0="115,131,59,50,23,99,62,130,30,82,22,14,11" hai1="34,92,1,49,107,120,46,16,38,54,15,31,25" hai2="13,96,7,112,83,68,85,27,102,45,70,97,123" hai3="37,106,133,125,84,61,111,12,135,94,113,42,69"/><T24/><D115/><U103/><E107/><V36/><F123/><W101/><G113/><T108/><D50/><U48/><E120/><V35/><F112/><W93/><G111/><T134/><D82/><U110/><E110/><V9/><F35/><W98/><G125/><T104/><D108/><U79/><E79/><V129/><F129/><N who="0" m="49162" /><D134/><N who="3" m="51209" /><G84/><T109/><D109/><U117/><E117/><V53/><F27/><W124/><G124/><T63/><D23/><U67/><E67/><V4/><F4/><W64/><G12/><T57/><D63/><U76/><E76/><V75/><F75/><W39/><G42/><T100/><D62/><U47/><E1/><V20/><F20/><W56/><G69/><T72/><D72/><U88/><E103/><V87/><F70/><W73/><G73/><T95/><D104/><U58/><E49/><V3/><F68/><W66/><G66/><T0/><D0/><U17/><E17/><AGARI ba="1,1" hai="11,14,17,22,24,30,57,59,95,99,100" m="49162" machi="17" ten="30,2900,0" yaku="19,1,52,1" doraHai="91" who="0" fromWho="1" sc="260,42,220,-32,260,0,250,0" /><INIT seed="0,2,0,1,5,115" ten="302,188,260,250" oya="0" hai0="101,45,76,91,42,102,132,66,67,57,10,21,19" hai1="94,90,92,31,73,1,41,129,105,65,128,125,79" hai2="53,60,7,123,85,127,82,133,107,93,96,116,35" hai3="3,120,40,2,97,55,70,43,113,0,46,52,51"/><T8/><D132/><U17/><E1/><V12/><F35/><W81/><G113/><T111/><D76/><U135/><E31/><V64/><F123/><W32/><G120/><T122/><D122/><U14/><E41/><V103/><F116/><W24/><G70/><T118/><D118/><U6/><E6/><V134/><F127/><W4/><G4/><T119/><D119/><U117/><E65/><V84/><F53/><W11/><G11/><N who="0" m="4139" /><D111/><U108/><E117/><V130/><F130/><W22/><G32/><T77/><D77/><U18/><E14/><V86/><F7/><W27/><G81/><T69/><D69/><U104/><E79/><V23/><F107/><W121/><G121/><T34/><D34/><U37/><E37/><V98/><F98/><W80/><G80/><T49/><D91/><U63/><E63/><V78/><F23/><W110/><G110/><T54/><D42/><U44/><E44/><V58/><REACH who="2" step="1"/><F12/><REACH who="2" ten="302,188,250,250" step="2"/><W48/><G97/><T87/><D87/><AGARI ba="2,1" hai="58,60,64,78,82,84,85,86,87,93,96,103,133,134" machi="87" ten="40,2600,0" yaku="1,1,2,1,53,0" doraHai="115" doraHaiUra="71" who="2" fromWho="0" sc="302,-32,188,0,250,42,250,0" /><INIT seed="1,0,0,4,5,107" ten="270,188,292,250" oya="1" hai0="13,49,78,11,15,101,64,120,135,5,77,21,12" hai1="59,4,68,97,7,37,94,33,25,121,106,90,50" hai2="55,72,39,40,8,99,116,117,71,17,58,41,23" hai3="134,133,65,34,10,28,24,1,98,130,75,3,105"/><U54/><E121/><V87/><F71/><W52/><G65/><T18/><D120/><U81/><E37/><V6/><F72/><W123/><G123/><T129/><D135/><N who="3" m="51721" /><G130/><T92/><D129/><U83/><E68/><V96/><F116/><W20/><G75/><T128/><D128/><U46/><E106/><V100/><F117/><W19/><G10/><T67/><D13/><U53/><E33/><V74/><F74/><W26/><G52/><T82/><D49/><U103/><E25/><V48/><F87/><W125/><G125/><T29/><D29/><U45/><E45/><V51/><F39/><W114/><G114/><T36/><D36/><U91/><E103/><AGARI ba="0,0" hai="1,3,19,20,24,26,28,34,98,103,105" m="51721" machi="103" ten="30,1000,0" yaku="20,1" doraHai="107" who="3" fromWho="1" sc="270,0,188,-10,292,0,250,10" /><INIT seed="2,0,0,0,2,19" ten="270,178,292,260" oya="2" hai0="130,121,26,37,12,41,49,56,99,48,134,92,81" hai1="4,70,51,46,55,117,74,105,61,93,133,90,18" hai2="58,103,66,62,60,71,39,108,1,7,6,2,116" hai3="17,68,0,69,94,110,88,34,123,50,52,127,106"/><V11/><F116/><W126/><G123/><T96/><D121/><U14/><E105/><V16/><F39/><W86/><G106/><T35/><D37/><U75/><E4/><V67/><F108/><W122/><G122/><T100/><D134/><U111/><E111/><V80/><F103/><W101/><G110/><T15/><D130/><U118/><E133/><V115/><F115/><W44/><G101/><T38/><D38/><U24/><E24/><V54/><F80/><W31/><G0/><T30/><D81/><U125/><E125/><N who="3" m="47626" /><G17/><T23/><D35/><U124/><E124/><V132/><F132/><W42/><G42/><T79/><D79/><U76/><E76/><V57/><F16/><W131/><G131/><T13/><D41/><U109/><E109/><V91/><F91/><W113/><G113/><T97/><D49/><U53/><E118/><V73/><F73/><W22/><G34/><T20/><D20/><U114/><E114/><V10/><REACH who="2" step="1"/><F54/><AGARI ba="0,0" hai="12,13,15,23,26,30,48,54,56,92,96,97,99,100" machi="54" ten="40,2600,0" yaku="8,1,52,1" doraHai="19" who="0" fromWho="2" sc="270,26,178,0,292,-26,260,0" /><INIT seed="3,0,0,2,5,28" ten="296,178,266,260" oya="3" hai0="39,4,127,46,18,6,135,112,10,21,89,94,84" hai1="73,5,66,68,104,130,114,72,118,115,110,52,86" hai2="17,77,76,116,23,48,90,103,85,99,43,3,14" hai3="64,31,134,33,121,19,71,125,40,120,42,95,92"/><W82/><G125/><T69/><D69/><U63/><E110/><V102/><F3/><W16/><G134/><T109/><D109/><U93/><E130/><V11/><F116/><W7/><G7/><T57/><D135/><U131/><E131/><V101/><F99/><W32/><G82/><T97/><D127/><U20/><E104/><V37/><F37/><W13/><G13/><T133/><D133/><U36/><E36/><V67/><F67/><W51/><G51/><T79/><D112/><U22/><E5/><V2/><F2/><W117/><G31/><T25/><D57/><U100/><E118/><V0/><F0/><W83/><G83/><T88/><D79/><U65/><E86/><V12/><F48/><W129/><G129/><T60/><D60/><U124/><E124/><V123/><F43/><N who="3" m="16427" /><G64/><T75/><D75/><U38/><E38/><V27/><F123/><N who="3" m="47179" /><G71/><T29/><D39/><U62/><E68/><V45/><F45/><W26/><G26/><T58/><D46/><U15/><E15/><N who="2" m="5675" /><F11/><W87/><G87/><T74/><D74/><U55/><REACH who="1" step="1"/><E93/><AGARI ba="0,0" hai="17,23,27,76,77,85,90,93,101,102,103" m="5675" machi="93" ten="30,1000,0" yaku="8,1" doraHai="28" who="2" fromWho="1" sc="296,0,178,-10,266,10,260,0" /><INIT seed="4,0,0,3,4,3" ten="296,168,276,260" oya="0" hai0="62,108,68,42,44,120,80,122,43,119,35,23,17" hai1="28,9,38,83,14,45,118,19,31,116,37,94,109" hai2="76,32,21,121,50,59,54,82,13,102,90,111,128" hai3="52,2,61,10,123,91,65,57,98,72,67,47,77"/><T1/><D35/><U53/><E109/><V134/><F32/><W115/><G115/><T8/><D119/><U107/><E107/><V22/><F121/><W132/><G132/><T6/><D108/><U100/><E100/><V26/><F111/><W93/><G123/><T114/><D114/><U46/><E94/><V81/><F128/><W92/><G47/><T74/><D43/><U20/><E83/><V88/><F102/><W89/><G77/><T41/><D41/><U79/><E79/><V11/><F134/><W105/><G72/><T127/><D127/><U29/><E53/><V4/><F22/><W25/><G105/><T16/><D17/><U33/><E33/><V36/><F36/><W131/><G131/><T84/><D62/><U64/><E64/><V7/><F7/><W40/><G40/><T12/><D68/><U27/><E46/><V56/><F56/><W70/><G25/><T78/><D84/><U117/><REACH who="1" step="1"/><E45/><REACH who="1" ten="296,158,276,260" step="2"/><V130/><F130/><W75/><G67/><T63/><REACH who="0" step="1"/><D63/><REACH who="0" ten="286,158,276,260" step="2"/><U126/><E126/><V58/><F82/><W96/><G61/><T73/><D73/><U49/><E49/><AGARI ba="0,2" hai="1,6,8,12,16,23,42,44,49,74,78,80,120,122" machi="49" ten="30,12000,1" yaku="1,1,7,1,52,1,54,1,53,1" doraHai="3" doraHaiUra="106" who="0" fromWho="1" sc="286,140,158,-120,276,0,260,0" /><INIT seed="4,1,0,2,3,71" ten="426,38,276,260" oya="0" hai0="82,84,134,89,103,65,70,24,10,38,11,132,48" hai1="99,39,109,19,90,83,131,18,105,52,63,41,0" hai2="61,108,66,57,40,97,95,111,79,113,86,7,104" hai3="8,125,21,117,129,69,50,107,80,47,13,34,119"/><T44/><D38/><U81/><E0/><V54/><F104/><W23/><G34/><T15/><D103/><U46/><E109/><V114/><F7/><W33/><G33/><T91/><D24/><U106/><E131/><V51/><F40/><W76/><G69/><T67/><D70/><U130/><E130/><V27/><F27/><W14/><G107/><T102/><D102/><U94/><E106/><V62/><F86/><W25/><G129/><T3/><D3/><U53/><E105/><V9/><F9/><W100/><G100/><T128/><D11/><U20/><E19/><V96/><F79/><W92/><G92/><T22/><D22/><U98/><E98/><V87/><F87/><N who="3" m="48519" /><G14/><T32/><D32/><U72/><E72/><V60/><F97/><W45/><G45/><T88/><D128/><U35/><E35/><V123/><F123/><W28/><G23/><T4/><D67/><U12/><REACH who="1" step="1"/><E53/><REACH who="1" ten="426,28,276,260" step="2"/><V118/><F108/><W6/><G125/><T16/><D4/><U42/><E42/><AGARI ba="1,1" hai="6,8,13,21,25,28,42,47,50,117,119" m="48519" machi="42" ten="30,1000,0" yaku="25,1" doraHai="71" who="3" fromWho="1" sc="426,0,28,-13,276,0,260,23" /><INIT seed="5,0,0,3,4,92" ten="426,15,276,283" oya="1" hai0="24,85,88,110,1,49,57,111,113,86,114,29,124" hai1="109,132,128,71,9,79,93,53,120,66,112,39,50" hai2="59,27,127,135,61,5,76,89,67,102,105,33,94" hai3="78,117,72,116,70,84,77,14,75,3,46,52,126"/><U35/><E79/><N who="3" m="30218" /><G70/><T131/><D1/><U31/><E9/><V122/><F122/><W17/><G3/><T98/><D131/><U130/><E31/><V45/><F127/><W4/><G4/><T91/><D124/><U13/><E93/><V60/><F135/><W58/><G126/><T41/><D98/><U62/><E13/><V121/><F76/><W65/><G65/><T8/><D8/><U23/><E23/><V74/><F74/><W87/><G46/><T0/><D0/><U6/><E6/><V19/><F5/><W36/><G36/><T64/><D41/><U16/><E16/><V69/><F45/><W18/><G84/><N who="0" m="32363" /><D110/><U129/><E35/><V25/><F121/><W22/><G17/><T118/><D111/><U115/><E109/><V81/><F81/><W12/><G12/><T7/><D7/><U107/><E107/><V96/><F19/><W32/><G87/><T51/><D118/><N who="3" m="45673" /><G32/><T97/><D91/><U103/><E103/><V44/><F44/><W11/><G11/><T83/><D83/><U119/><E119/><V133/><F133/><W56/><G56/><T123/><D123/><U108/><E108/><V37/><F37/><W101/><G101/><T28/><D64/><U26/><E26/><V134/><F134/><W54/><G54/><N who="0" m="31951" /><D51/><AGARI ba="0,0" hai="14,18,22,51,52,58,72,75" m="45673,30218" machi="51" ten="30,2000,0" yaku="12,1,54,1" doraHai="92" who="3" fromWho="0" sc="426,-20,15,0,276,0,283,20" /><INIT seed="6,0,0,0,2,66" ten="406,15,276,303" oya="2" hai0="79,84,98,10,74,30,11,53,120,126,20,127,33" hai1="5,101,89,0,134,103,128,3,129,4,35,95,132" hai2="19,97,122,96,85,17,76,37,21,78,34,123,105" hai3="100,22,24,46,75,39,28,32,131,82,118,6,13"/><V29/><F37/><W109/><G118/><T40/><D120/><U50/><E50/><V16/><F34/><W8/><G109/><T73/><D33/><U9/><E89/><V55/><F105/><W58/><G131/><N who="1" m="50250" /><E95/><V52/><F85/><W71/><G71/><T113/><D40/><U121/><E35/><V15/><F15/><W133/><G133/><N who="1" m="51306" /><E101/><V88/><F88/><W57/><G100/><T14/><D98/><N who="2" m="37994" /><F29/><W81/><G32/><T80/><D113/><U1/><E103/><V23/><F122/><W31/><G39/><T26/><D53/><N who="2" m="20554" /><F123/><W72/><G81/><T7/><REACH who="0" step="1"/><D11/><REACH who="0" ten="396,15,276,303" step="2"/><N who="1" m="2439" /><E121/><V124/><F23/><W54/><G22/><T51/><D51/><U92/><E92/><V99/><F99/><W111/><G54/><T61/><D61/><U93/><E93/><V117/><F21/><W18/><G82/><T56/><D56/><U94/><E94/><V130/><F130/><W62/><G57/><T69/><D69/><U59/><E59/><V102/><F102/><W90/><G58/><T115/><D115/><U45/><E45/><V77/><F117/><W68/><G46/><T41/><D41/><U91/><E91/><V63/><F63/><W65/><G90/><T36/><D36/><U42/><E42/><V44/><F44/><W70/><G70/><T108/><D108/><U27/><E27/><V116/><F116/><W60/><G60/><T43/><D43/><U38/><E38/><V25/><F25/><W107/><G111/><T2/><D2/><AGARI ba="0,1" hai="1,2,3,5,9" m="2439,51306,50250" machi="2" ten="30,8000,1" yaku="19,1,20,1,23,1,34,2" doraHai="66" who="1" fromWho="0" sc="396,-80,15,90,276,0,303,0" /><INIT seed="7,0,0,1,5,74" ten="316,105,276,303" oya="3" hai0="128,6,83,103,135,100,37,22,130,4,23,1,90" hai1="47,57,3,97,116,93,21,127,35,76,118,15,42" hai2="19,102,30,24,38,132,49,41,59,26,44,101,89" hai3="17,65,12,11,43,88,69,110,13,114,70,92,108"/><W121/><G121/><T125/><D37/><U119/><E3/><V73/><F73/><W86/><G114/><T67/><D125/><U20/><E35/><V14/><F132/><W104/><G104/><T40/><D135/><U133/><E133/><V61/><F89/><W115/><G115/><T113/><D113/><U75/><E127/><V126/><F126/><W50/><G65/><T2/><D40/><U82/><E57/><V87/><F87/><W51/><G12/><T27/><D67/><U16/><E21/><V99/><F38/><W106/><G106/><T25/><D83/><U7/><E7/><V10/><F30/><W79/><G79/><T71/><D90/><U84/><E84/><V54/><REACH who="2" step="1"/><F101/><REACH who="2" ten="316,105,266,303" step="2"/><W68/><REACH who="3" step="1"/><G43/><REACH who="3" ten="316,105,266,293" step="2"/><T62/><D71/><U56/><E42/><V98/><F98/><W9/><G9/><T81/><D81/><U5/><E5/><V29/><F29/><W129/><G129/><T33/><D33/><U85/><E75/><V94/><AGARI ba="0,2" hai="10,14,19,24,26,41,44,49,54,59,61,94,99,102" machi="94" ten="20,8000,1" yaku="1,1,0,1,7,1,8,1,53,1" doraHai="74" doraHaiUra="58" who="2" fromWho="2" sc="316,-20,105,-20,266,100,293,-40" owari="296,10.0,85,-41.0,366,46.0,253,-15.0" /></mjloggm>