<mjloggm ver="2.3"><GO type="97" lobby="0"/><UN n0="%E6%99%82%E9%9B%A8%E6%AB%BB" n1="%73%6F%75%6D%69%6C%6F%6E" n2="%E5%B0%B1%E6%B4%BB%E7%94%9F%40%E5%B7%9D%E6%9D%91%E8%BB%8D%E5%9B%A3" n3="%43%72%61%7A%79%54" dan="13,15,14,14" rate="1875.69,2024.31,1973.79,1942.13" sx="M,M,M,M"/><TAIKYOKU oya="0"/><INIT seed="0,0,0,3,2,79" ten="250,250,250,250" oya="0" hai0="105,128,101,80,46,44,16,88,63,126,60,117,94" hai1="10,36,134,93,23,28,51,75,113,39,119,78,31" hai2="104,13,20,40,120,110,97,131,81,114,124,68,5" hai3="8,102,74,25,2,118,85,70,14,43,67,69,61"/><T130/><D117/><U96/><E119/><V72/><F68/><W15/><G74/><T99/><D126/><U6/><E134/><V1/><F1/><W86/><G70/><T132/><D132/><U54/><E39/><V38/><F120/><W91/><G118/><T109/><D109/><U115/><E36/><V34/><F34/><W7/><G86/><N who="0" m="50247" /><D105/><U121/><E121/><V135/><F114/><W98/><G43/><T62/><D130/><U0/><E78/><V33/><F33/><W47/><G25/><T95/><D95/><U32/><E75/><V55/><F110/><W29/><G47/><T77/><D77/><U108/><E108/><V71/><F71/><W122/><G29/><T125/><D125/><U73/><E73/><V19/><F131/><W112/><G112/><N who="1" m="43082" /><E23/><V37/><F135/><W9/><G9/><T65/><D65/><U22/><E22/><V87/><F124/><W30/><G30/><T103/><D128/><U92/><E32/><V57/><F72/><W133/><G133/><T90/><D16/><U100/><E93/><V4/><F40/><W52/><G122/><T76/><D76/><U53/><E53/><V82/><F38/><W24/><G52/><T50/><D44/><AGARI ba="0,0" hai="0,6,10,28,31,44,51,54,92,96,100" m="43082" machi="44" ten="30,1000,0" yaku="11,1" doraHai="79" who="1" fromWho="0" sc="250,-10,250,10,250,0,250,0" /><INIT seed="1,0,0,2,4,39" ten="240,260,250,250" oya="1" hai0="84,114,123,42,9,24,66,99,23,133,26,45,103" hai1="134,71,64,18,47,40,6,97,56,35,122,124,86" hai2="106,111,52,80,101,29,59,105,33,117,82,125,36" hai3="17,62,92,4,90,54,98,119,58,34,43,65,83"/><U77/><E122/><V95/><F117/><W127/><G34/><T3/><D114/><U27/><E71/><V60/><F125/><W13/><G127/><T44/><D133/><U12/><E134/><V108/><F36/><W5/><G119/><T20/><D123/><U91/><E6/><V67/><F33/><W48/><G83/><N who="2" m="31785" /><F29/><W88/><G90/><T100/><D84/><U110/><E110/><N who="2" m="42027" /><F67/><W75/><G75/><T94/><D66/><U63/><E77/><V32/><F32/><W55/><G55/><T30/><D103/><U85/><E35/><V0/><F0/><W73/><G73/><T11/><D3/><U22/><E97/><AGARI ba="0,0" hai="52,59,60,95,97,101,105,106" m="42027,31785" machi="97" ten="30,2000,0" yaku="14,1,54,1" doraHai="39" who="2" fromWho="1" sc="240,0,260,-20,250,20,250,0" /><INIT seed="2,0,0,2,0,132" ten="240,240,270,250" oya="2" hai0="41,116,57,13,58,101,56,83,53,36,77,134,93" hai1="124,22,12,11,5,126,123,95,60,14,19,69,49" hai2="67,23,108,84,119,24,44,75,64,80,88,8,100" hai3="115,29,17,105,94,26,92,117,25,106,9,43,68"/><V37/><F119/><W1/><G117/><T125/><D134/><U66/><E123/><V81/><F8/><W91/><G68/><T97/><D116/><U102/><REACH who="1" step="1"/><E49/><REACH who="1" ten="240,230,270,250" step="2"/><V90/><F108/><W32/><G115/><T63/><D36/><U72/><E72/><V30/><F100/><W99/><G43/><T46/><D41/><U42/><E42/><V78/><F37/><W55/><G55/><T61/><D53/><U39/><E39/><V135/><F135/><W85/><G1/><T82/><D63/><U122/><E122/><V16/><F44/><W6/><G6/><T110/><D61/><U111/><E111/><V50/><F50/><W47/><G47/><T70/><D46/><U0/><E0/><V62/><F90/><W121/><G121/><T10/><D110/><U31/><E31/><V48/><F48/><W114/><G114/><T33/><D77/><U127/><E127/><V51/><F51/><W120/><G120/><T130/><D125/><U112/><E112/><V96/><F96/><AGARI ba="0,1" hai="5,11,12,14,19,22,60,66,69,95,96,102,124,126" machi="96" ten="40,8000,1" yaku="1,1,52,2,53,1" doraHai="132" doraHaiUra="4" who="1" fromWho="2" sc="240,0,230,90,270,-80,250,0" /><INIT seed="3,0,0,3,2,125" ten="240,320,190,250" oya="3" hai0="2,127,126,116,114,78,44,8,74,87,1,100,65" hai1="111,5,23,67,72,90,81,113,51,9,123,26,37" hai2="134,7,41,0,39,89,53,133,69,49,115,85,91" hai3="95,105,59,66,18,45,94,129,36,106,56,70,12"/><W122/><G122/><T79/><D116/><U112/><E37/><V4/><F115/><W131/><G70/><T47/><D114/><U92/><E123/><V10/><F69/><W20/><G45/><T21/><D100/><U80/><E111/><V118/><F118/><W101/><G36/><T77/><D21/><U40/><E67/><V38/><F7/><W43/><G43/><T28/><D28/><U11/><E72/><V19/><F19/><W3/><G3/><N who="0" m="1035" /><D8/><U31/><E11/><V120/><F120/><W62/><G59/><T50/><D74/><U22/><E22/><V14/><F0/><W84/><G95/><T119/><D119/><U124/><E124/><N who="0" m="47657" /><D65/><U57/><E113/><V73/><F73/><W75/><G75/><T68/><D68/><U48/><E112/><V6/><F6/><W82/><G94/><T109/><D109/><U63/><E40/><V30/><F30/><W17/><G17/><T16/><D16/><U35/><E35/><V29/><F29/><W32/><G32/><T42/><D44/><U13/><E51/><V130/><F91/><W34/><G34/><T117/><D117/><U103/><E48/><V33/><F33/><W96/><REACH who="3" step="1"/><G105/><REACH who="3" ten="240,320,190,240" step="2"/><T110/><D110/><U128/><E92/><V99/><F99/><W97/><G97/><T104/><D104/><U71/><E71/><V86/><F39/><W76/><AGARI ba="0,1" hai="12,18,20,56,62,66,76,82,84,96,101,106,129,131" machi="76" ten="30,12000,1" yaku="1,1,0,1,52,2,53,1" doraHai="125" doraHaiUra="58" who="3" fromWho="3" sc="240,-40,320,-40,190,-40,240,130" owari="200,-20.0,280,8.0,150,-35.0,370,47.0" /></mjloggm>