<mjloggm ver="2.3"><GO type="97" lobby="0"/><UN n0="%E3%83%AA%E3%82%B0%E3%83%AB" n1="%54%4F%52%49%45%32%35" n2="%E3%83%88%E3%83%88%E3%83%AA%E5%85%88%E7%94%9F%31%39%E6%AD%B3" n3="%E6%9C%AC%E7%89%A9%E5%A5%B3%E5%AD%90%E9%AB%98%E7%94%9F" dan="14,13,14,16" rate="1927.00,1862.88,2012.49,2026.22" sx="F,M,F,F"/><TAIKYOKU oya="0"/><INIT seed="0,0,0,3,1,26" ten="250,250,250,250" oya="0" hai0="130,124,116,6,61,45,10,52,4,1,117,103,17" hai1="121,64,86,105,133,50,129,21,13,91,101,27,55" hai2="131,109,127,29,134,39,20,11,35,65,89,82,42" hai3="79,85,15,57,41,118,115,76,68,62,31,12,96"/><T18/><D103/><U24/><E121/><V38/><F35/><W73/><G68/><T100/><D100/><U51/><E133/><V66/><F134/><W9/><G73/><T94/><D4/><U122/><E129/><V78/><F131/><W25/><G115/><T93/><D130/><U97/><E64/><V22/><F109/><W92/><G118/><T67/><D116/><U53/><E122/><V49/><F127/><W46/><G85/><T80/><D117/><U8/><E21/><V102/><F102/><W95/><G12/><N who="0" m="5207" /><D124/><U3/><E3/><V135/><F135/><W106/><G106/><T81/><D1/><U88/><E91/><V5/><F89/><W110/><G110/><T119/><D67/><U54/><E50/><V19/><F66/><W111/><G111/><T7/><D7/><U28/><E51/><V43/><F65/><W33/><G96/><T90/><D94/><U58/><E58/><V128/><F128/><W0/><G95/><T47/><D119/><U56/><E56/><V99/><F99/><W44/><G92/><T71/><D71/><U114/><E114/><V87/><F39/><W32/><G0/><T108/><D108/><U34/><E27/><N who="2" m="16631" /><F38/><N who="3" m="21559" /><G33/><T16/><D61/><U77/><E77/><V132/><F49/><W75/><G75/><T72/><D72/><U83/><E55/><V60/><F60/><W14/><G62/><T2/><D2/><U69/><E69/><V125/><F132/><W37/><G37/><T104/><D104/><U59/><E59/><V36/><F125/><W74/><G74/><T126/><D126/><RYUUKYOKU ba="0,0" sc="250,-10,250,30,250,-10,250,-10" hai1="8,13,24,28,34,53,54,83,86,88,97,101,105" /><INIT seed="1,1,0,5,5,129" ten="240,280,240,240" oya="1" hai0="25,27,18,75,110,91,38,74,105,21,92,72,19" hai1="61,29,3,90,50,70,32,43,1,116,33,109,63" hai2="14,113,133,85,24,86,69,125,135,4,126,49,73" hai3="16,123,66,65,88,35,37,51,89,41,54,94,15"/><U12/><E116/><V99/><F113/><W9/><G35/><T56/><D105/><U30/><E70/><V132/><F73/><W115/><G123/><T87/><D110/><U122/><E122/><V39/><F39/><W98/><G115/><T112/><D112/><U118/><E118/><V34/><F69/><W26/><G37/><T124/><D38/><U17/><E90/><V7/><F99/><W59/><G41/><T107/><D107/><U128/><E128/><V103/><F103/><W84/><G26/><T130/><D130/><U11/><E50/><V67/><F67/><W111/><G111/><T53/><D124/><N who="2" m="47722" /><F49/><W114/><G114/><T134/><D134/><U121/><E43/><V119/><F119/><W42/><G42/><T104/><D104/><U78/><E78/><V101/><F101/><W48/><G48/><T102/><D102/><U82/><E82/><AGARI ba="1,0" hai="9,15,16,51,54,59,65,66,82,84,88,89,94,98" machi="82" ten="30,7700,0" yaku="7,1,8,1,54,2" doraHai="129" who="3" fromWho="1" sc="240,0,280,-80,240,0,240,80" /><INIT seed="2,0,0,1,4,103" ten="240,200,240,320" oya="2" hai0="23,107,83,104,96,68,69,44,35,124,109,113,118" hai1="128,54,111,79,24,2,98,0,56,116,91,8,47" hai2="37,27,131,49,31,4,80,84,46,59,101,95,85" hai3="16,64,1,127,67,122,48,93,78,97,71,13,34"/><V61/><F131/><W120/><G1/><T10/><D113/><U74/><E128/><V41/><F4/><W108/><G34/><T129/><D129/><U39/><E116/><V123/><F123/><W14/><G78/><T58/><D118/><U112/><E112/><V65/><F80/><W3/><G3/><T55/><D96/><U114/><E114/><V115/><F115/><W32/><G32/><T125/><D44/><U135/><E135/><V110/><F110/><W45/><G108/><T126/><D35/><U106/><E91/><V36/><F36/><W76/><G76/><T62/><D109/><U63/><E24/><V52/><F101/><W12/><G127/><T9/><D23/><U121/><E8/><N who="0" m="3177" /><D83/><U92/><E106/><AGARI ba="0,0" hai="55,58,62,68,69,104,106,107,124,125,126" m="3177" machi="106" ten="40,8000,1" yaku="18,1,52,3" doraHai="103" who="0" fromWho="1" sc="240,80,200,-80,240,0,320,0" /><INIT seed="3,0,0,4,3,10" ten="320,120,240,320" oya="3" hai0="45,15,89,48,33,59,123,103,87,98,35,51,83" hai1="16,69,100,86,65,52,68,70,50,119,114,19,18" hai2="121,12,92,53,84,73,127,54,79,41,40,1,37" hai3="99,129,91,38,82,63,29,95,61,24,64,0,57"/><W58/><G38/><T14/><D123/><U27/><E114/><V125/><F1/><W46/><G0/><T118/><D118/><U133/><E133/><V120/><F73/><W117/><G117/><T130/><D130/><U96/><E86/><V80/><F92/><W66/><G129/><T56/><D35/><U76/><E76/><V5/><F54/><W122/><G122/><N who="2" m="47209" /><F53/><W81/><G46/><T109/><D33/><AGARI ba="0,0" hai="24,29,33,57,58,61,63,64,66,81,82,91,95,99" machi="33" ten="30,2900,0" yaku="7,1,9,1" doraHai="10" who="3" fromWho="0" sc="320,-29,120,0,240,0,320,29" owari="291,9.0,120,-38.0,240,-16.0,349,45.0" /></mjloggm>