<mjloggm ver="2.3"><GO type="97" lobby="0"/><UN n0="%E5%A4%A9%E8%A1%8C%E8%80%85" n1="%73%75%74%6F%72%6F%6E%67" n2="%53%65%4C%65%43%54" n3="%E5%B0%B1%E6%B4%BB%E7%94%9F%40%E5%B7%9D%E6%9D%91%E8%BB%8D%E5%9B%A3" dan="14,14,13,15" rate="1891.01,1855.81,1967.11,2054.67" sx="M,M,M,M"/><TAIKYOKU oya="0"/><INIT seed="0,0,0,4,2,16" ten="250,250,250,250" oya="0" hai0="90,60,12,111,30,131,53,85,118,75,135,6,51" hai1="68,31,23,101,126,45,95,39,125,134,100,59,49" hai2="58,4,26,97,78,20,130,63,1,72,91,74,86" hai3="50,81,76,32,36,33,116,92,27,80,66,11,19"/><T9/><D118/><U99/><E68/><V22/><F130/><W57/><G36/><T41/><D111/><U117/><E117/><V69/><F69/><W127/><G116/><T10/><D131/><U113/><E39/><V46/><F72/><W77/><G127/><N who="1" m="48650" /><E113/><V18/><F74/><W122/><G122/><T28/><D135/><U15/><E134/><V2/><F2/><W128/><G128/><T89/><D75/><U48/><E59/><V114/><F114/><W14/><G92/><T133/><D133/><U82/><E82/><N who="2" m="47447" /><F1/><W25/><G33/><T0/><D90/><N who="1" m="55799" /><E49/><V110/><F110/><W98/><G98/><T120/><D120/><U79/><E79/><V13/><F4/><W132/><G132/><T121/><D121/><U62/><E62/><V112/><F112/><W54/><G66/><T21/><D60/><U109/><E109/><V34/><F34/><W52/><G54/><T124/><D124/><U29/><E29/><N who="2" m="17607" /><F46/><W94/><G32/><T106/><D106/><U102/><E31/><V93/><F63/><W47/><G47/><N who="0" m="26095" /><D0/><U24/><E24/><V104/><F104/><W129/><G129/><T7/><D7/><U67/><E67/><V8/><F58/><W73/><G94/><N who="0" m="54575" /><D6/><U61/><E61/><V119/><F119/><W5/><G5/><T37/><D37/><U88/><E45/><V65/><F65/><W70/><G70/><T108/><D108/><U84/><E48/><V96/><F96/><W115/><G115/><T83/><D53/><U56/><E56/><V35/><F35/><W43/><G43/><T103/><D30/><RYUUKYOKU ba="0,0" sc="250,-15,250,-15,250,15,250,15" hai2="8,13,18,22,91,93,97" hai3="11,14,19,25,27,50,52,57,73,76,77,80,81" /><INIT seed="1,1,0,2,1,132" ten="235,235,265,265" oya="1" hai0="91,90,96,86,66,73,71,121,24,36,114,47,19" hai1="98,33,94,117,89,107,26,23,68,106,1,119,82" hai2="109,3,28,34,52,108,72,113,134,69,83,122,116" hai3="44,53,65,127,11,35,74,81,10,18,124,85,120"/><U133/><E68/><V118/><F52/><W13/><G74/><T61/><D121/><U129/><E1/><V88/><F83/><W75/><G75/><T62/><D114/><U102/><E33/><V76/><F88/><N who="3" m="51247" /><G35/><T37/><D73/><U46/><E46/><V78/><F76/><W67/><G120/><T30/><D62/><U7/><E7/><V128/><F28/><W63/><G11/><T77/><D19/><U60/><E60/><V51/><F51/><N who="3" m="28903" /><G67/><T22/><D37/><U5/><E133/><V29/><F29/><W25/><G25/><T38/><D38/><U8/><E129/><V9/><F9/><W131/><G131/><T14/><D36/><U87/><E8/><V48/><F48/><W105/><G105/><T15/><D47/><U41/><E5/><V64/><F64/><W99/><G99/><T126/><D126/><U39/><E41/><V49/><F49/><W12/><G12/><T31/><D96/><U21/><E39/><V56/><F78/><W45/><G45/><T79/><D91/><U42/><E42/><V57/><F57/><AGARI ba="1,0" hai="10,13,18,57,63,65,124,127" m="28903,51247" machi="57" ten="30,7700,0" yaku="25,1,52,2,54,1" doraHai="132" who="3" fromWho="2" sc="235,0,235,0,265,-80,265,80" /><INIT seed="2,0,0,5,1,78" ten="235,235,185,345" oya="2" hai0="64,91,45,16,130,107,133,1,112,98,30,9,85" hai1="66,28,119,86,87,125,117,135,115,19,41,24,101" hai2="116,52,120,49,93,14,3,20,83,81,15,39,95" hai3="96,62,21,82,65,124,59,89,35,50,54,17,58"/><V90/><F120/><W84/><G35/><T34/><D112/><U8/><E115/><V104/><F104/><W22/><G124/><T29/><D133/><U5/><E125/><V92/><F116/><W71/><G96/><T99/><D130/><U36/><E135/><V122/><F39/><W68/><G22/><T6/><D107/><U10/><E119/><V75/><F3/><W23/><G21/><T127/><D127/><U26/><E117/><V2/><F2/><W57/><REACH who="3" step="1"/><G71/><REACH who="3" ten="235,235,185,335" step="2"/><T37/><D34/><U40/><E36/><V25/><F122/><W123/><G123/><T63/><D99/><U94/><E10/><V53/><F75/><W111/><G111/><T77/><D98/><N who="1" m="59607" /><E66/><V110/><F110/><W51/><G51/><T105/><D64/><U73/><E73/><V121/><F121/><W76/><G76/><T79/><D37/><U56/><E5/><V27/><F90/><W18/><G18/><T32/><D6/><U106/><E8/><V102/><F102/><W42/><G42/><T109/><D32/><U67/><E19/><N who="2" m="10359" /><F15/><AGARI ba="0,1" hai="15,17,23,50,54,57,58,59,62,65,68,82,84,89" machi="15" ten="30,3900,0" yaku="1,1,7,1,52,1,53,0" doraHai="78" doraHaiUra="74" who="3" fromWho="2" sc="235,0,235,0,185,-39,335,49" /><INIT seed="3,0,0,2,1,105" ten="235,235,146,384" oya="3" hai0="29,117,42,17,76,124,93,112,130,59,106,55,33" hai1="25,48,65,31,68,15,101,135,38,77,114,51,56" hai2="80,45,43,82,8,125,119,34,122,22,131,88,72" hai3="97,14,18,111,39,70,53,133,60,52,91,90,30"/><W115/><G39/><T92/><D106/><U83/><E38/><V4/><F119/><W128/><G115/><T86/><D112/><U99/><E114/><V21/><F34/><W113/><G30/><T75/><D117/><U11/><E135/><V36/><F131/><W107/><G111/><T13/><D75/><U123/><E123/><V79/><F125/><W71/><G113/><T94/><D124/><U6/><E68/><V61/><F122/><W58/><G128/><T127/><D42/><U132/><E132/><V81/><F61/><W5/><G5/><T23/><D130/><U0/><E65/><V62/><F62/><W103/><G133/><T85/><D127/><U7/><E56/><V63/><F63/><W121/><G121/><T126/><D126/><U40/><E40/><V35/><F35/><W27/><G27/><N who="0" m="16639" /><D33/><U110/><E110/><V20/><REACH who="2" step="1"/><F88/><REACH who="2" ten="235,235,136,384" step="2"/><W12/><G60/><N who="0" m="35967" /><D76/><U73/><E0/><AGARI ba="0,1" hai="0,4,8,20,21,22,36,43,45,72,79,80,81,82" machi="0" ten="40,8000,1" yaku="1,1,25,2,52,1,53,0" doraHai="105" doraHaiUra="24" who="2" fromWho="1" sc="235,0,235,-80,136,90,384,0" owari="235,4.0,155,-34.0,226,-17.0,384,47.0" /></mjloggm>