<mjloggm ver="2.3"><GO type="97" lobby="0"/><UN n0="%6D%69%79%61%6D%61%73%75" n1="%73%61%76%65%69" n2="%E3%83%88%E3%83%88%E3%83%AA%E5%85%88%E7%94%9F%31%39%E6%AD%B3" n3="%6A%69%68%61%64" dan="13,17,14,15" rate="1898.14,2105.55,2044.26,1921.53" sx="M,M,F,M"/><TAIKYOKU oya="0"/><INIT seed="0,0,0,1,3,21" ten="250,250,250,250" oya="0" hai0="62,127,50,65,39,8,86,74,22,38,92,128,41" hai1="57,59,32,42,80,53,73,24,25,95,108,14,66" hai2="76,71,13,43,81,96,94,69,68,7,112,129,45" hai3="20,18,5,116,51,60,98,117,114,102,70,23,111"/><T48/><D74/><U100/><E32/><V67/><F112/><W6/><G114/><T27/><D127/><U61/><E73/><V90/><F129/><W55/><G111/><T125/><D125/><U88/><E108/><V17/><F7/><W35/><G35/><T93/><D128/><U134/><E134/><V1/><F1/><W49/><G117/><T2/><D2/><U40/><E100/><V58/><F58/><W101/><G116/><T130/><D130/><U79/><E14/><V103/><F67/><W34/><G34/><T16/><D39/><U91/><E80/><V3/><F3/><W10/><G70/><T64/><D8/><U15/><E15/><V11/><F103/><W54/><G60/><T113/><D113/><U132/><E79/><V126/><F126/><W106/><G10/><T85/><D38/><U0/><E0/><V56/><F56/><W19/><REACH who="3" step="1"/><G98/><REACH who="3" ten="250,250,250,240" step="2"/><T44/><D62/><U4/><E61/><V99/><F99/><W31/><G31/><T63/><D63/><U33/><E33/><V30/><F30/><W78/><G78/><T52/><D65/><U77/><E66/><V121/><F69/><W105/><AGARI ba="0,1" hai="5,6,18,19,20,23,49,51,54,55,101,102,105,106" machi="105" ten="25,6400,0" yaku="1,1,0,1,22,2,53,0" doraHai="21" doraHaiUra="122" who="3" fromWho="3" sc="250,-32,250,-16,250,-16,240,74" /><INIT seed="1,0,0,5,1,30" ten="218,234,234,314" oya="1" hai0="135,57,99,133,9,134,124,26,85,50,103,12,6" hai1="44,65,63,42,73,80,66,110,33,83,15,27,58" hai2="8,39,41,7,10,121,55,48,20,78,79,128,107" hai3="34,82,87,43,81,64,38,94,37,68,131,113,98"/><U45/><E110/><V54/><F121/><W23/><G113/><T129/><D129/><U112/><E112/><V40/><F107/><W35/><G131/><T118/><D118/><U3/><E3/><V93/><F128/><W91/><G82/><T116/><D116/><U17/><E66/><V36/><F20/><W117/><G117/><T62/><D124/><U21/><E73/><V74/><F93/><W115/><G115/><T25/><D50/><U126/><E126/><V127/><F127/><W69/><G23/><T132/><N who="0" m="34304" /><DORA hai="2" /><T108/><D108/><U111/><E111/><V102/><F102/><W46/><G38/><T72/><D85/><U109/><E109/><V22/><F22/><W105/><G105/><T106/><REACH who="0" step="1"/><D72/><REACH who="0" ten="208,234,234,314" step="2"/><U92/><E63/><V59/><F74/><W96/><G96/><T56/><D56/><U1/><E58/><V60/><F59/><W125/><G125/><T16/><D16/><U18/><E17/><V130/><F130/><W122/><G69/><T86/><D86/><U88/><E18/><V76/><F60/><W84/><G84/><T19/><D19/><U51/><E51/><V89/><F48/><W0/><G68/><T75/><D75/><U32/><E44/><V114/><F114/><W95/><G87/><T100/><D100/><U119/><E45/><V13/><F78/><W120/><G46/><T5/><D5/><U14/><E119/><V47/><F47/><W52/><G120/><T104/><D104/><U90/><E42/><V11/><F40/><W67/><G122/><T101/><D101/><U77/><E77/><RYUUKYOKU ba="0,1" sc="208,30,234,-10,234,-10,314,-10" hai0="6,9,12,25,26,57,62,99,103,106" /><INIT seed="2,1,1,4,1,118" ten="238,224,224,304" oya="2" hai0="29,109,108,99,2,18,58,10,33,73,119,16,102" hai1="9,125,63,85,17,44,77,113,79,53,46,12,55" hai2="54,49,100,61,78,47,82,27,52,86,76,8,34" hai3="19,135,128,42,50,65,111,20,22,21,110,59,43"/><V13/><F100/><W122/><G122/><T112/><D112/><U98/><E113/><V28/><F61/><N who="3" m="38079" /><G135/><T67/><D73/><U60/><E125/><V11/><F11/><W38/><G38/><T89/><D119/><U115/><E115/><V92/><F92/><W121/><G121/><T104/><D89/><U32/><E32/><V15/><F15/><W94/><G128/><T114/><D114/><U127/><E127/><V124/><F124/><W48/><G19/><T36/><D36/><U14/><E98/><V31/><F31/><W66/><G94/><T74/><D74/><U35/><E35/><V4/><F76/><N who="1" m="29257" /><E85/><V25/><F25/><W101/><G66/><T132/><D132/><U84/><E84/><V97/><F97/><W130/><G101/><T71/><D58/><N who="1" m="34895" /><E12/><V117/><F117/><W106/><G106/><T70/><D70/><U91/><E91/><V26/><F26/><W107/><G107/><T120/><D120/><U37/><E37/><V72/><F72/><W93/><G93/><T83/><D2/><U57/><AGARI ba="1,1" hai="9,14,17,44,46,55,57,63" m="34895,29257" machi="57" ten="30,1100,0" yaku="8,1" doraHai="118" who="1" fromWho="1" sc="238,-4,224,24,224,-6,304,-4" /><INIT seed="3,0,0,0,3,66" ten="234,248,218,300" oya="3" hai0="35,118,31,127,9,2,11,39,114,56,54,100,103" hai1="64,74,80,79,7,70,1,34,81,60,89,67,122" hai2="116,30,46,4,92,120,83,73,18,128,28,58,41" hai3="119,16,27,15,91,111,134,129,36,110,25,117,108"/><W55/><G36/><T75/><D118/><N who="3" m="45065" /><G129/><T38/><D75/><U85/><E122/><V104/><F116/><W95/><G134/><T87/><D2/><U112/><E112/><V21/><F104/><W61/><G55/><T113/><D35/><U10/><E64/><V130/><F120/><W29/><G61/><N who="0" m="35991" /><D31/><U17/><E34/><V82/><F4/><W13/><G29/><N who="2" m="11369" /><F92/><W23/><G27/><T77/><D127/><U37/><E17/><V57/><F57/><W43/><G43/><T106/><D39/><U76/><E37/><N who="2" m="21807" /><F58/><W14/><G25/><T62/><D38/><U65/><E65/><V135/><F73/><W22/><G22/><T48/><D62/><U69/><E89/><V96/><F96/><AGARI ba="0,0" hai="13,14,15,16,23,91,95,96,108,110,111" m="45065" machi="96" ten="40,7700,0" yaku="14,1,10,1,54,1" doraHai="66" who="3" fromWho="2" sc="234,0,248,0,218,-77,300,77" owari="234,-17.0,248,5.0,141,-36.0,377,48.0" /></mjloggm>