<mjloggm ver="2.3"><GO type="169" lobby="0"/><UN n0="%E5%B0%B1%E6%B4%BB%E7%94%9F%40%E5%B7%9D%E6%9D%91%E8%BB%8D%E5%9B%A3" n1="%E5%89%8D%E6%88%AF%33%30%E5%88%86" n2="%E6%9D%BE%E5%B3%B6" n3="%E3%83%A1%E3%83%AB%E3%82%AF" dan="16,17,16,16" rate="2053.68,2231.98,2116.43,2119.81" sx="M,M,M,M"/><TAIKYOKU oya="0"/><INIT seed="0,0,0,3,1,75" ten="250,250,250,250" oya="0" hai0="96,4,16,90,59,40,82,74,120,93,86,71,116" hai1="24,52,135,122,79,32,19,134,133,98,31,2,45" hai2="128,70,87,72,84,113,47,48,22,13,51,91,6" hai3="78,44,10,85,73,1,37,3,53,11,35,105,17"/><T20/><D71/><U125/><E122/><V30/><F70/><W39/><G105/><T130/><D120/><U103/><E2/><V76/><F72/><W63/><G35/><T21/><D116/><U95/><E125/><V54/><F113/><W124/><G73/><T62/><D130/><U111/><E111/><V131/><F6/><W36/><G124/><T29/><D4/><U60/><E19/><V14/><F51/><W41/><G53/><T80/><D74/><U8/><E8/><V102/><F102/><W64/><G11/><T66/><D40/><U38/><E38/><V94/><F128/><W67/><G67/><T15/><REACH who="0" step="1"/><D96/><REACH who="0" ten="240,250,250,250" step="2"/><U101/><E133/><V34/><F131/><W110/><G41/><T18/><D18/><U49/><E134/><V58/><F34/><W43/><G17/><T123/><D123/><U129/><E129/><V65/><F30/><W5/><G43/><T69/><D69/><U23/><E32/><V7/><F7/><W118/><G5/><T127/><D127/><U97/><E135/><V108/><F108/><W112/><G118/><T104/><D104/><U27/><E97/><V46/><F87/><W0/><G112/><T89/><D89/><U33/><E101/><V25/><F84/><W57/><G85/><T119/><D119/><U121/><E121/><V92/><F91/><W28/><G110/><T26/><AGARI ba="0,1" hai="15,16,20,21,26,29,59,62,66,80,82,86,90,93" machi="26" ten="30,11700,0" yaku="1,1,0,1,8,1,54,1,53,0" doraHai="75" doraHaiUra="99" who="0" fromWho="0" sc="240,127,250,-39,250,-39,250,-39" /><INIT seed="0,1,0,1,4,89" ten="367,211,211,211" oya="0" hai0="33,65,105,85,81,57,39,25,26,109,38,24,13" hai1="64,42,52,44,28,11,99,120,48,119,126,18,131" hai2="112,4,60,110,49,54,40,90,116,19,128,135,91" hai3="66,76,71,121,127,56,43,123,21,117,15,27,130"/><T125/><D105/><U29/><E120/><N who="3" m="46154" /><G117/><T86/><D33/><U37/><E126/><V96/><F116/><W80/><G130/><T103/><D125/><U133/><E131/><V73/><F112/><W118/><G127/><T129/><D129/><U1/><E133/><V124/><F73/><N who="3" m="43023" /><G118/><T82/><D103/><U41/><E64/><V67/><F124/><W51/><G15/><T10/><D109/><U61/><E61/><V102/><F128/><W77/><G77/><T106/><D106/><U23/><E42/><V2/><F40/><W59/><G71/><T83/><D57/><U5/><E119/><V113/><F113/><W16/><G66/><T134/><D134/><U47/><REACH who="1" step="1"/><E99/><REACH who="1" ten="367,201,211,211" step="2"/><V58/><F135/><W75/><G75/><T97/><D65/><U53/><E53/><V87/><F110/><W70/><G70/><T107/><D39/><U7/><E7/><V72/><F4/><W9/><G9/><T74/><D38/><U84/><E84/><V17/><F87/><W62/><G62/><T94/><D74/><U69/><E69/><V79/><F72/><W88/><G43/><T20/><D86/><U122/><E122/><V100/><F60/><W0/><G51/><T22/><D85/><U115/><E115/><V95/><F67/><W14/><G56/><T3/><D83/><U45/><E45/><V50/><F79/><W108/><G59/><T63/><D82/><U6/><E6/><V8/><F58/><W132/><G108/><T32/><D63/><U35/><E35/><V30/><F54/><W68/><G68/><T111/><D32/><RYUUKYOKU ba="1,1" sc="367,-10,201,30,211,-10,211,-10" hai1="1,5,11,18,23,28,29,37,41,44,47,48,52" /><INIT seed="1,2,1,1,5,27" ten="357,231,201,201" oya="1" hai0="72,57,76,55,69,44,25,78,97,53,5,14,9" hai1="134,65,88,66,17,113,127,26,112,22,116,84,128" hai2="108,7,120,58,133,50,74,23,1,43,98,3,106" hai3="90,107,2,48,60,87,109,119,86,28,95,31,12"/><U102/><E116/><V131/><F74/><W19/><G2/><T30/><D69/><U67/><E127/><V135/><F120/><W42/><G107/><T24/><D72/><U89/><E134/><N who="2" m="51211" /><F131/><W130/><G130/><T83/><D97/><U75/><E128/><V126/><F126/><W20/><G109/><T4/><D4/><U18/><E75/><V16/><F7/><W80/><G119/><T71/><D71/><U62/><E102/><N who="2" m="62807" /><F108/><W38/><G60/><N who="0" m="35887" /><D30/><N who="3" m="11305" /><G38/><T8/><D8/><U39/><E39/><V101/><F101/><W91/><G48/><N who="0" m="29063" /><D83/><U6/><E6/><V68/><F68/><W99/><G42/><T117/><D117/><U15/><E62/><V51/><F50/><W93/><G99/><T47/><D47/><U111/><E111/><V11/><F51/><W132/><G132/><T45/><D45/><U34/><E34/><V103/><F58/><W104/><G104/><T35/><D35/><U125/><E125/><V21/><F43/><W96/><G96/><T13/><D13/><U122/><E122/><V92/><F3/><W0/><G0/><T63/><D63/><U54/><E113/><V56/><F56/><W32/><G32/><T77/><AGARI ba="2,1" hai="5,9,14,24,25,76,77,78" m="29063,35887" machi="77" ten="30,1100,0" yaku="8,1" doraHai="27" who="0" fromWho="0" sc="357,27,231,-7,201,-5,201,-5" /><INIT seed="2,0,0,3,4,15" ten="384,224,196,196" oya="2" hai0="127,65,18,76,126,47,68,17,39,90,125,112,27" hai1="25,79,29,60,10,91,5,114,117,129,2,75,33" hai2="87,120,24,93,34,22,133,54,56,84,12,62,115" hai3="38,89,44,40,41,11,4,110,37,35,66,82,49"/><V59/><F120/><W122/><G110/><T71/><D112/><U48/><E117/><V7/><F133/><W85/><G122/><T132/><D132/><U19/><E114/><V74/><F115/><W43/><G35/><T14/><D76/><U55/><E129/><V53/><F74/><W46/><G66/><T70/><D65/><U26/><E60/><V92/><F34/><W116/><G116/><T30/><D14/><U105/><E105/><V3/><F3/><W100/><G100/><T102/><D102/><U109/><E109/><V45/><F45/><W107/><G107/><T101/><D101/><U124/><E124/><V119/><F119/><W86/><G86/><N who="2" m="32809" /><F12/><W9/><REACH who="3" step="1"/><G4/><REACH who="3" ten="384,224,196,186" step="2"/><T81/><D71/><U80/><E33/><V69/><F7/><W121/><G121/><T111/><D70/><U21/><E5/><V1/><F69/><W6/><G6/><T32/><D68/><U58/><E2/><V130/><F1/><W128/><G128/><T67/><D111/><U51/><E75/><V99/><F130/><W134/><G134/><T8/><D67/><U97/><E79/><V23/><F99/><W135/><G135/><T78/><D125/><U88/><E97/><V104/><F104/><W131/><G131/><T72/><D126/><U28/><E91/><V118/><F118/><W113/><G113/><T52/><D90/><U95/><E88/><V103/><F103/><W31/><G31/><T77/><D127/><U42/><E95/><N who="2" m="36427" /><F24/><W83/><G83/><T57/><D81/><U106/><E80/><V64/><F64/><W73/><G73/><RYUUKYOKU ba="0,1" sc="384,-15,224,-15,196,15,186,15" hai2="22,23,53,54,56,59,62" hai3="9,11,37,38,40,41,43,44,46,49,82,85,89" /><INIT seed="2,1,1,5,5,71" ten="369,209,211,201" oya="2" hai0="66,86,31,34,57,88,33,68,17,75,117,126,96" hai1="41,47,115,80,78,92,59,15,125,94,97,36,61" hai2="114,51,10,134,45,83,106,22,44,4,52,120,3" hai3="87,104,20,8,121,11,29,110,123,85,5,2,74"/><V95/><F120/><W135/><G104/><T35/><D75/><U42/><E115/><V76/><F114/><W56/><G74/><T122/><D117/><U93/><E125/><V100/><F134/><W55/><G135/><T108/><D122/><U111/><E111/><V89/><F22/><W90/><G110/><T127/><D68/><U84/><E41/><V69/><F69/><W63/><G11/><T91/><D108/><U48/><E15/><V116/><F116/><W70/><G70/><T12/><D31/><U25/><E25/><V82/><F76/><W32/><G32/><T1/><D1/><U64/><REACH who="1" step="1"/><E36/><REACH who="1" ten="369,199,211,201" step="2"/><V131/><F131/><W27/><G123/><T14/><D12/><U13/><E13/><V133/><F133/><W81/><G121/><T98/><D33/><U28/><E28/><V103/><F44/><W129/><G129/><T79/><D34/><U26/><E26/><V132/><F132/><W124/><G124/><T107/><D14/><U0/><E0/><V130/><F130/><W72/><G2/><T60/><D35/><U7/><E7/><V40/><F40/><W50/><G5/><T18/><D126/><U62/><E62/><V21/><F21/><W23/><G23/><T113/><D113/><U73/><E73/><V9/><F9/><W54/><G8/><T99/><D127/><U112/><E112/><V77/><F10/><W105/><G72/><T39/><D39/><U58/><E58/><V53/><F4/><W6/><G6/><T37/><D37/><U102/><AGARI ba="1,2" hai="42,47,48,59,61,64,78,80,84,92,93,94,97,102" machi="102" ten="20,5200,0" yaku="1,1,0,1,7,1,8,1,53,0" doraHai="71" doraHaiUra="67" who="1" fromWho="1" sc="369,-14,199,75,211,-27,201,-14" /><INIT seed="3,0,0,2,0,14" ten="355,274,184,187" oya="3" hai0="117,11,114,41,59,116,80,67,92,60,6,76,10" hai1="29,84,95,89,79,69,8,109,66,62,132,134,50" hai2="122,87,127,107,86,15,23,71,98,65,58,24,118" hai3="36,56,57,130,44,128,115,77,82,88,104,18,46"/><W83/><G115/><T74/><D114/><U108/><E29/><V94/><F122/><W4/><G104/><T9/><D6/><U34/><E34/><V103/><F118/><W113/><G113/><T68/><D41/><U7/><E79/><V135/><F135/><N who="1" m="51753" /><E50/><V52/><F127/><W1/><G36/><T102/><REACH who="0" step="1"/><D68/><REACH who="0" ten="345,274,184,187" step="2"/><U38/><E38/><V30/><F71/><W124/><G124/><T37/><D37/><U51/><E51/><N who="2" m="31007" /><F107/><W112/><G112/><T45/><D45/><U72/><E72/><V61/><F65/><W55/><G44/><T64/><D64/><U54/><E54/><V126/><F126/><W2/><G46/><T25/><D25/><U63/><E62/><V78/><F61/><W47/><G55/><T12/><D12/><AGARI ba="0,1" hai="7,8,12,63,66,69,84,89,95,108,109" m="51753" machi="12" ten="30,1000,0" yaku="20,1" doraHai="14" who="1" fromWho="0" sc="345,-10,274,20,184,0,187,0" /><INIT seed="4,0,0,4,2,63" ten="335,294,184,187" oya="0" hai0="6,65,25,13,14,78,132,33,92,118,55,28,93" hai1="22,135,99,114,52,123,26,129,72,128,79,86,20" hai2="105,130,15,133,107,126,36,69,87,40,59,98,120" hai3="30,8,47,10,21,85,94,71,119,56,53,70,77"/><T88/><D118/><U39/><E123/><V64/><F120/><W37/><G119/><T74/><D132/><U121/><E39/><V81/><F133/><W43/><G70/><T102/><D6/><U32/><E72/><V116/><F116/><W2/><G71/><T57/><D65/><U96/><E135/><V108/><F108/><W100/><G2/><T1/><D1/><U62/><E121/><V31/><F130/><W51/><G77/><T11/><D11/><U61/><E32/><V27/><F126/><W7/><G7/><T44/><D44/><U68/><E79/><V46/><F15/><W4/><G4/><T54/><D54/><U134/><E134/><V127/><F127/><W5/><G5/><T91/><D102/><U101/><E101/><V111/><F98/><W104/><G104/><T60/><D78/><U0/><E0/><V115/><F115/><W83/><G83/><T80/><D80/><U112/><E68/><V45/><F45/><W24/><REACH who="3" step="1"/><G100/><REACH who="3" ten="335,294,184,177" step="2"/><T3/><D3/><U117/><E117/><V23/><F69/><W106/><G106/><T48/><D74/><U66/><E128/><V16/><F111/><W84/><G84/><T29/><D92/><U18/><E129/><V109/><F109/><W41/><G41/><T89/><D93/><U58/><E86/><V95/><F95/><W38/><G38/><T90/><D90/><AGARI ba="0,1" hai="8,10,21,24,30,37,43,47,51,53,56,85,90,94" machi="90" ten="40,1300,0" yaku="1,1,53,0" doraHai="63" doraHaiUra="110" who="3" fromWho="0" sc="335,-13,294,0,184,0,177,23" /><INIT seed="5,0,0,1,2,128" ten="322,294,184,200" oya="1" hai0="91,135,122,103,66,45,106,92,98,46,131,105,83" hai1="4,33,107,29,13,86,118,19,77,94,61,55,30" hai2="35,7,90,0,42,123,133,119,82,85,89,73,56" hai3="40,68,6,84,54,39,26,14,120,93,23,87,36"/><U16/><E107/><V65/><F123/><W81/><G120/><T15/><D135/><U79/><E118/><V27/><F119/><W75/><G68/><T72/><D122/><U21/><E33/><V43/><F133/><W102/><G75/><T130/><D66/><U111/><E4/><V69/><F69/><W52/><G36/><T41/><D15/><U115/><E115/><V116/><F73/><W17/><G40/><T104/><D46/><U5/><E5/><V110/><F110/><W76/><G39/><T99/><D45/><U57/><E111/><V109/><F109/><W18/><G6/><T121/><D41/><U32/><E32/><V8/><F116/><W112/><G112/><T24/><D24/><U22/><E77/><V12/><F0/><W67/><G67/><T74/><D121/><U37/><E37/><V129/><F129/><N who="0" m="49162" /><D83/><N who="1" m="47487" /><E94/><AGARI ba="0,0" hai="72,74,91,92,94,98,99,103,104,105,106" m="49162" machi="94" ten="40,5200,0" yaku="19,1,34,2" doraHai="128" who="0" fromWho="1" sc="322,52,294,-52,184,0,200,0" /><INIT seed="6,0,0,4,2,98" ten="374,242,184,200" oya="2" hai0="68,118,12,117,57,36,62,17,113,41,2,135,94" hai1="60,59,80,108,6,51,129,95,70,96,63,93,26" hai2="24,119,33,43,1,28,65,131,116,101,121,76,126" hai3="44,85,0,82,15,5,64,114,29,27,112,109,99"/><V54/><F121/><W127/><G109/><T79/><D2/><U105/><E108/><V110/><F110/><W77/><G127/><T71/><D113/><N who="3" m="43625" /><G64/><N who="0" m="38991" /><D135/><U97/><E105/><V21/><F126/><W104/><G44/><N who="0" m="23591" /><D94/><U122/><E70/><V66/><F131/><W72/><G0/><T125/><D79/><U81/><E129/><V31/><F1/><W48/><G48/><T18/><D18/><U83/><E6/><V133/><F133/><W39/><G39/><T7/><D7/><U32/><E32/><V49/><F43/><W73/><G15/><T78/><D78/><U107/><E26/><V130/><F130/><W56/><G56/><T25/><D25/><U30/><E30/><V134/><F134/><W46/><G46/><T61/><D61/><U100/><E107/><V35/><F76/><W90/><G5/><T50/><D50/><U42/><E122/><V74/><F74/><N who="3" m="43319" /><G27/><T58/><D58/><U123/><E123/><V20/><F49/><W55/><G55/><T115/><D115/><U102/><E42/><V106/><F24/><W86/><G29/><T124/><D71/><U128/><E128/><V91/><F54/><AGARI ba="0,0" hai="51,54,59,60,63,80,81,83,93,95,96,97,100,102" machi="54" ten="40,8000,1" yaku="9,1,8,1,52,2" doraHai="98" who="1" fromWho="2" sc="374,0,242,80,184,-80,200,0" /><INIT seed="7,0,0,0,4,113" ten="374,322,104,200" oya="3" hai0="83,96,110,40,65,120,52,124,9,99,8,92,71" hai1="107,122,95,42,69,135,105,102,117,39,112,18,19" hai2="21,101,15,53,103,93,80,116,23,86,49,66,59" hai3="7,90,34,82,56,16,33,4,35,31,72,22,24"/><W3/><G56/><T38/><D120/><U51/><E69/><V84/><F116/><W94/><G82/><T134/><D134/><U14/><E122/><V104/><F104/><W125/><G72/><T87/><D110/><U1/><E1/><V115/><F115/><W85/><G125/><T36/><D99/><U20/><E112/><V10/><F66/><W2/><G85/><T108/><D108/><U81/><E135/><V47/><F59/><W12/><G90/><T32/><D32/><N who="3" m="12393" /><G94/><T130/><D65/><U119/><E39/><V46/><F46/><W128/><G128/><T29/><D71/><U133/><E81/><V79/><F101/><W126/><G126/><T74/><D29/><U37/><E37/><V127/><F127/><W27/><G27/><T25/><D38/><U60/><E60/><V50/><F50/><W97/><G97/><T11/><D83/><U63/><E63/><V58/><F58/><W100/><G100/><T109/><D96/><N who="1" m="59679" /><E133/><V55/><F55/><W44/><G44/><T89/><D40/><U54/><E18/><V75/><F75/><W132/><G132/><T121/><D36/><U45/><E42/><V129/><F129/><W28/><G28/><T61/><D130/><U30/><E30/><V13/><F103/><W106/><G106/><T5/><D109/><U62/><E62/><V70/><F70/><W26/><G26/><T98/><D124/><U78/><E78/><V77/><F93/><W76/><G76/><N who="2" m="29257" /><F80/><W131/><G131/><T64/><D121/><U68/><E68/><V43/><F43/><W6/><AGARI ba="0,0" hai="2,3,4,6,7,12,16,22,24,31,35" m="12393" machi="6" ten="30,18000,2" yaku="5,1,35,5,54,1" doraHai="113" who="3" fromWho="3" sc="374,-60,322,-60,104,-60,200,180" owari="314,11.0,262,-14.0,44,-46.0,380,49.0" /></mjloggm>