<mjloggm ver="2.3"><GO type="169" lobby="0"/><UN n0="%E3%81%8D%E3%81%BE%E3%81%99" n1="%E6%AF%94%E5%98%89%E7%A7%80%E4%BB%81" n2="%74%65%6E%70%61%6E%65" n3="%E3%82%A6%E3%83%AB%E3%83%88%E3%83%A9%E7%AB%8B%E7%9B%B4" dan="17,16,16,17" rate="2150.88,2103.67,2052.76,2129.55" sx="M,M,M,M"/><TAIKYOKU oya="0"/><INIT seed="0,0,0,4,1,57" ten="250,250,250,250" oya="0" hai0="14,105,40,98,122,62,19,95,130,36,52,42,49" hai1="121,0,83,45,4,38,59,82,33,71,125,104,127" hai2="23,18,113,115,9,132,2,111,48,108,1,56,20" hai3="100,94,124,129,5,54,37,25,35,126,109,8,70"/><T119/><D119/><U28/><E121/><V118/><F48/><W84/><G37/><T72/><D72/><U116/><E116/><V103/><F103/><W134/><G129/><T55/><D105/><U58/><E71/><V10/><F56/><W22/><G35/><T89/><D36/><U96/><E33/><V80/><F80/><W86/><G70/><T39/><D39/><U51/><E38/><V120/><F118/><W110/><G54/><T11/><D130/><U32/><E32/><V123/><F18/><W112/><G112/><T66/><D55/><U93/><E104/><V92/><F92/><W106/><G106/><T76/><D76/><U102/><E28/><V97/><F97/><W107/><G107/><T44/><REACH who="0" step="1"/><D122/><REACH who="0" ten="240,250,250,250" step="2"/><U99/><E127/><V85/><F85/><W128/><G86/><T31/><D31/><U41/><E125/><V26/><F26/><W43/><G84/><T75/><D75/><U67/><E99/><V79/><F79/><W46/><G128/><T63/><D63/><U87/><E87/><V91/><F91/><W68/><G126/><T131/><D131/><U81/><E67/><V29/><F132/><W7/><G134/><T34/><D34/><U77/><E77/><V21/><F21/><W74/><G22/><T64/><D64/><U16/><E96/><V73/><F73/><W101/><G74/><T17/><D17/><U6/><E16/><V30/><AGARI ba="0,1" hai="1,2,9,10,20,23,29,30,108,111,113,115,120,123" machi="30" ten="25,12000,2" yaku="0,1,22,2,34,3" doraHai="57" who="2" fromWho="2" sc="240,-60,250,-30,250,130,250,-30" /><INIT seed="1,0,0,0,2,120" ten="180,220,380,220" oya="1" hai0="96,26,127,79,125,69,78,11,129,106,22,68,76" hai1="40,27,65,47,21,54,46,133,102,103,38,35,5" hai2="16,31,122,110,37,52,81,89,134,18,42,114,64" hai3="8,119,3,77,107,72,100,115,98,56,41,12,90"/><U113/><E113/><V74/><F122/><W92/><G115/><T6/><D129/><U104/><E35/><V73/><F64/><W53/><G119/><T117/><D117/><U118/><E118/><V0/><F0/><W132/><G3/><T83/><D106/><U84/><E104/><V87/><F31/><W13/><G132/><T126/><D96/><U70/><E133/><V63/><F114/><W112/><G112/><T33/><D83/><U59/><E5/><V128/><F128/><W94/><G41/><T49/><D49/><U50/><E47/><V88/><F134/><W45/><G45/><T7/><D33/><U85/><E103/><V101/><F101/><W36/><G94/><T58/><D58/><U19/><REACH who="1" step="1"/><E102/><REACH who="1" ten="180,210,380,220" step="2"/><V43/><F37/><W121/><G36/><T82/><D7/><U61/><AGARI ba="0,1" hai="19,21,27,38,40,46,50,54,59,61,65,70,84,85" machi="61" ten="30,12000,1" yaku="1,1,2,1,0,1,24,2,53,0" doraHai="120" doraHaiUra="124" who="1" fromWho="1" sc="180,-40,210,130,380,-40,220,-40" /><INIT seed="1,1,0,2,2,3" ten="140,340,340,180" oya="1" hai0="19,93,80,91,69,20,56,77,21,70,133,47,104" hai1="126,106,55,96,74,53,105,7,62,117,85,75,54" hai2="1,129,22,121,66,135,28,41,33,34,88,119,43" hai3="40,63,60,114,9,116,76,130,95,58,49,86,37"/><U42/><E126/><V84/><F121/><W101/><G114/><T107/><D133/><U127/><E127/><V72/><F72/><W24/><G116/><T6/><D47/><U48/><E117/><V64/><F135/><W100/><G130/><T73/><D6/><U78/><E62/><V16/><F1/><W65/><G37/><T23/><D19/><U10/><E96/><V90/><F129/><W109/><G109/><T32/><D32/><U123/><E75/><V94/><F34/><W59/><G24/><T44/><D44/><N who="1" m="25623" /><E74/><V12/><F119/><W14/><G49/><T131/><D131/><U8/><E8/><V87/><F28/><W68/><G40/><N who="2" m="15433" /><F33/><W120/><G68/><T82/><D82/><AGARI ba="1,0" hai="12,16,22,64,66,82,84,87,88,90,94" m="15433" machi="82" ten="30,3900,0" yaku="8,1,54,2" doraHai="3" who="2" fromWho="0" sc="140,-42,340,0,340,42,180,0" /><INIT seed="2,0,0,1,1,49" ten="98,340,382,180" oya="2" hai0="89,0,108,121,77,57,55,46,19,58,100,15,51" hai1="78,10,105,116,65,13,36,70,28,84,27,21,80" hai2="17,66,41,60,44,33,134,68,39,94,61,83,109" hai3="20,131,104,12,128,110,67,96,63,113,24,74,62"/><V90/><F33/><W8/><G74/><T69/><D108/><U99/><E116/><V125/><F134/><W93/><G104/><T48/><D69/><U124/><E36/><V126/><F83/><W35/><G35/><T16/><D100/><U103/><E124/><V5/><F109/><W101/><G110/><T25/><D0/><U52/><E70/><V132/><F132/><W98/><G98/><T130/><D77/><U23/><E65/><V102/><F102/><W123/><G123/><T114/><D130/><N who="3" m="49705" /><G67/><T56/><D114/><U7/><REACH who="1" step="1"/><E23/><REACH who="1" ten="98,330,382,180" step="2"/><V87/><F66/><W45/><G113/><T53/><D121/><U32/><E32/><V97/><F68/><W34/><G34/><T115/><D115/><U31/><E31/><V50/><F39/><W1/><G20/><N who="0" m="13447" /><D89/><U106/><E106/><V92/><F125/><W133/><G133/><T86/><D86/><U2/><E2/><V129/><F126/><W18/><G1/><T40/><D40/><U79/><E79/><V119/><F119/><W112/><G112/><T11/><AGARI ba="0,1" hai="11,15,19,46,48,51,53,55,56,57,58" m="13447" machi="11" ten="30,7900,0" yaku="8,1,52,2,54,1" doraHai="49" who="0" fromWho="0" sc="98,89,330,-20,382,-39,180,-20" /><INIT seed="3,0,0,2,2,114" ten="187,310,343,160" oya="3" hai0="63,35,85,14,101,57,98,87,44,46,42,11,66" hai1="53,115,33,109,59,5,20,124,122,39,99,131,40" hai2="95,36,88,32,54,77,16,2,72,10,128,100,9" hai3="92,67,28,68,56,22,116,126,113,65,45,133,83"/><W13/><G113/><T26/><D35/><U80/><E109/><V117/><F36/><W75/><G126/><T4/><D26/><U129/><E124/><V82/><F32/><W21/><G133/><T70/><D46/><U90/><E122/><V29/><F29/><W48/><G68/><T78/><D70/><U50/><E115/><V25/><F100/><W127/><G127/><T104/><REACH who="0" step="1"/><D78/><REACH who="0" ten="177,310,343,160" step="2"/><U69/><E69/><V108/><F77/><W6/><G56/><T31/><D31/><U43/><E33/><V3/><F25/><W55/><G28/><T49/><AGARI ba="0,1" hai="4,11,14,42,44,49,57,63,66,85,87,98,101,104" machi="49" ten="20,2700,0" yaku="1,1,0,1,7,1,53,0" doraHai="114" doraHaiUra="135" who="0" fromWho="0" sc="177,37,310,-7,343,-7,160,-13" /><INIT seed="4,0,0,3,1,13" ten="214,303,336,147" oya="0" hai0="43,46,50,11,108,17,69,45,105,18,57,67,34" hai1="123,125,130,21,32,127,82,31,131,25,41,56,89" hai2="113,99,87,80,84,15,8,91,6,16,24,40,97" hai3="23,121,9,33,30,12,106,83,133,98,68,3,47"/><T59/><D34/><BYE who="3" /><U109/><E41/><V90/><F113/><UN n3="%E3%82%A6%E3%83%AB%E3%83%88%E3%83%A9%E7%AB%8B%E7%9B%B4" /><W19/><G133/><T76/><D105/><U35/><E56/><N who="0" m="21577" /><D69/><U132/><E89/><V81/><F40/><W48/><G68/><T110/><D76/><U37/><E82/><V53/><F53/><W54/><G121/><T112/><D67/><U71/><E71/><V28/><F6/><W78/><G33/><AGARI ba="0,0" hai="8,15,16,24,28,33,80,81,84,87,90,91,97,99" machi="33" ten="30,7700,0" yaku="7,1,9,1,52,1,54,1" doraHai="13" who="2" fromWho="3" sc="214,0,303,0,336,77,147,-77" /><INIT seed="5,0,0,0,4,117" ten="214,303,413,70" oya="1" hai0="23,125,122,13,4,59,30,9,31,92,42,18,134" hai1="66,135,49,8,90,41,97,48,35,3,50,62,53" hai2="65,86,54,126,67,25,106,14,70,73,43,38,81" hai3="108,74,84,46,132,118,124,98,72,57,119,101,17"/><U36/><E135/><V47/><F73/><N who="3" m="28267" /><G57/><T109/><D42/><U24/><E36/><V77/><F106/><N who="3" m="63799" /><G17/><T93/><D92/><U10/><E41/><V127/><F54/><W64/><G46/><T96/><D59/><U91/><E53/><V131/><F131/><W100/><G64/><T78/><D78/><U51/><E97/><V114/><F114/><W34/><G34/><T29/><D125/><N who="2" m="47626" /><F70/><W112/><G124/><T69/><D134/><U110/><E110/><V80/><F80/><W71/><G71/><T102/><D109/><U15/><E3/><V40/><F43/><W20/><G20/><T22/><D69/><U103/><E10/><V12/><F25/><W28/><G28/><T82/><D23/><U111/><E111/><V58/><F67/><W121/><G108/><T26/><D30/><U94/><E35/><V85/><F85/><W89/><G132/><T83/><D31/><U33/><E33/><V52/><F65/><W68/><G68/><T105/><D29/><U130/><E24/><V133/><F133/><W87/><G112/><T21/><D21/><U7/><E130/><V79/><F79/><W55/><G55/><T104/><D22/><U5/><E5/><V2/><F2/><W76/><G76/><T60/><D26/><U16/><E7/><V11/><F11/><W32/><G87/><T95/><D4/><U56/><N who="1" m="12288" /><DORA hai="0" /><U129/><E129/><V120/><F38/><W123/><G32/><T6/><D9/><U45/><E45/><V116/><F40/><W1/><G1/><T128/><D128/><U107/><E107/><RYUUKYOKU ba="0,0" sc="214,-10,303,30,413,-10,70,-10" hai1="8,15,16,56,62,66,90,91,94,103" /><INIT seed="5,1,0,4,2,49" ten="204,333,403,60" oya="1" hai0="69,65,123,37,120,127,45,32,40,85,46,20,122" hai1="103,48,80,126,78,29,118,15,99,124,64,73,93" hai2="102,38,90,59,76,58,62,14,2,112,13,23,53" hai3="6,1,86,106,30,121,44,87,56,135,131,91,63"/><U42/><E118/><V3/><F38/><W35/><G106/><T7/><D32/><U4/><E64/><V8/><F76/><W5/><G121/><T71/><D7/><U16/><E29/><V75/><F75/><W27/><G131/><T92/><D127/><N who="1" m="48683" /><E4/><V77/><F77/><W51/><G135/><T95/><D20/><N who="1" m="11295" /><E48/><V19/><F2/><W96/><G96/><T68/><D65/><U104/><E42/><V21/><F3/><W26/><G26/><T41/><REACH who="0" step="1"/><D85/><REACH who="0" ten="194,333,403,60" step="2"/><U88/><E104/><V60/><F21/><W114/><G87/><T117/><D117/><U47/><E47/><V43/><F23/><W97/><G1/><T125/><D125/><U12/><E12/><V52/><F14/><W108/><G5/><T34/><D34/><U28/><E28/><V113/><F13/><W39/><G6/><T89/><D89/><AGARI ba="1,1" hai="73,78,80,88,89,93,99,103" m="11295,48683" machi="89" ten="30,5800,0" yaku="18,1,54,2" doraHai="49" who="1" fromWho="0" sc="194,-61,333,71,403,0,60,0" /><INIT seed="5,2,0,2,2,94" ten="133,404,403,60" oya="1" hai0="22,89,110,50,128,54,130,88,36,45,32,99,61" hai1="74,20,95,134,9,26,6,55,44,82,112,116,66" hai2="60,96,12,16,23,75,98,84,85,51,49,41,102" hai3="0,97,52,34,42,72,101,70,25,109,115,111,124"/><U80/><E112/><V119/><F75/><W117/><G115/><T29/><D110/><U58/><E116/><V79/><F119/><W21/><G117/><T123/><D32/><U33/><E33/><V103/><F60/><W7/><G124/><T127/><D127/><U133/><E95/><V114/><F114/><W11/><G72/><T120/><D36/><U91/><E74/><V19/><F102/><W53/><G70/><T24/><D61/><U46/><E66/><V113/><F113/><W3/><G3/><T118/><D118/><U17/><E91/><N who="0" m="34889" /><D99/><N who="2" m="37930" /><F103/><W40/><G34/><T105/><D105/><U5/><E82/><N who="2" m="47199" /><F41/><W92/><G42/><T104/><D104/><U86/><E80/><V121/><F121/><AGARI ba="2,0" hai="22,24,29,45,50,54,120,121,123,128,130" m="34889" machi="121" ten="30,2000,0" yaku="13,1,54,1" doraHai="94" who="0" fromWho="2" sc="133,26,404,0,403,-26,60,0" /><INIT seed="6,0,0,2,5,31" ten="159,404,377,60" oya="2" hai0="41,98,30,29,54,18,59,0,71,120,49,47,89" hai1="19,113,1,105,68,64,4,108,99,81,121,53,118" hai2="66,16,129,11,124,77,112,56,55,75,8,135,27" hai3="93,128,63,116,92,65,90,34,28,133,110,60,86"/><V69/><F124/><W103/><G110/><T7/><D71/><U84/><E108/><V35/><F135/><W117/><G133/><T39/><D120/><U119/><E113/><V50/><F129/><W2/><G2/><T125/><D125/><U104/><E121/><V25/><F112/><W3/><G3/><T21/><D7/><U42/><E42/><V38/><F38/><W82/><G128/><T57/><D57/><U132/><E132/><V122/><F122/><W79/><G60/><T43/><D43/><U100/><E105/><V126/><F77/><W114/><G114/><T102/><D89/><U37/><E37/><V48/><F75/><W73/><G93/><T24/><D0/><U67/><E19/><V17/><F69/><W5/><G5/><T123/><D123/><U62/><E64/><V97/><F66/><W115/><G103/><T101/><D102/><U76/><REACH who="1" step="1"/><E53/><REACH who="1" ten="159,394,377,60" step="2"/><N who="2" m="31783" /><F126/><W33/><G115/><T95/><AGARI ba="0,1" hai="18,21,24,29,30,39,41,47,49,54,59,95,98,101" machi="95" ten="20,1500,0" yaku="0,1,7,1" doraHai="31" who="0" fromWho="0" sc="159,25,394,-4,377,-7,60,-4" /><INIT seed="7,0,0,4,0,130" ten="184,390,370,56" oya="3" hai0="87,111,99,46,15,117,38,41,52,113,6,124,104" hai1="118,126,62,134,8,40,66,65,37,83,50,19,78" hai2="92,84,63,57,123,67,60,23,94,125,16,21,14" hai3="32,95,90,64,1,100,2,13,0,35,47,48,44"/><W11/><G64/><T119/><D87/><N who="1" m="48631" /><E37/><V73/><F73/><W120/><G100/><T93/><D52/><U85/><E134/><V17/><F125/><W105/><G105/><T26/><D15/><N who="1" m="7655" /><E126/><V9/><F123/><W82/><G82/><T81/><D93/><U128/><E128/><V96/><F84/><W18/><G120/><T42/><D46/><N who="1" m="25927" /><E118/><V97/><F63/><W45/><REACH who="3" step="1"/><G48/><REACH who="3" ten="184,390,370,46" step="2"/><T101/><D117/><U27/><E62/><V58/><F60/><W122/><G122/><T29/><D119/><U89/><E27/><N who="2" m="14759" /><F67/><W51/><G51/><T25/><D81/><AGARI ba="0,1" hai="65,66,81,85,89" m="25927,7655,48631" machi="81" ten="30,1000,0" yaku="8,1" doraHai="130" who="1" fromWho="0" sc="184,-10,390,20,370,0,46,0" owari="174,-23.0,410,51.0,370,17.0,46,-45.0" /></mjloggm>