<mjloggm ver="2.3"><GO type="97" lobby="0"/><UN n0="%E5%B0%B1%E6%B4%BB%E7%94%9F%40%E5%B7%9D%E6%9D%91%E8%BB%8D%E5%9B%A3" n1="%E3%81%AA%E3%81%AA%E3%81%A3%E3%81%A8%E3%81%86" n2="%E3%82%BF%E3%82%B3%E3%83%A4%E3%82%AD%E4%B8%89%E4%B8%96" n3="%62%61%6B%75%30%30%33%38" dan="14,15,13,13" rate="1997.17,1953.07,1855.37,1836.33" sx="M,M,M,M"/><TAIKYOKU oya="0"/><INIT seed="0,0,0,3,1,34" ten="250,250,250,250" oya="0" hai0="24,14,74,13,121,8,85,53,93,125,94,71,38" hai1="52,128,70,87,0,33,109,135,10,55,103,104,123" hai2="25,102,73,118,113,66,56,51,50,83,42,107,108" hai3="59,79,22,115,41,57,40,39,17,11,23,43,82"/><T30/><D121/><U84/><E10/><V78/><F113/><W90/><G115/><T122/><D74/><U91/><E103/><V81/><F118/><W130/><G39/><T105/><D122/><U98/><E98/><V44/><F108/><W132/><G130/><T106/><D71/><U116/><E91/><V99/><F83/><W111/><G111/><T36/><D125/><U61/><E61/><V64/><F25/><W27/><G132/><T15/><D8/><U7/><E7/><V54/><AGARI ba="0,0" hai="42,44,50,51,54,56,64,66,73,78,81,99,102,107" machi="54" ten="30,1100,0" yaku="0,1" doraHai="34" who="2" fromWho="2" sc="250,-5,250,-3,250,11,250,-3" /><INIT seed="1,0,0,5,2,3" ten="245,247,261,247" oya="1" hai0="83,94,1,60,18,11,97,55,85,128,109,26,35" hai1="127,89,53,59,58,62,124,15,122,36,134,74,38" hai2="133,105,45,108,95,27,54,43,4,121,78,99,48" hai3="25,40,7,12,61,96,57,50,73,24,49,111,65"/><U41/><E74/><V70/><F121/><W117/><G111/><T28/><D128/><U90/><E122/><V115/><F108/><W31/><G73/><T56/><D109/><U29/><E29/><V47/><F115/><W119/><G25/><T42/><D42/><U44/><E15/><V129/><F129/><W76/><G76/><T52/><D55/><N who="1" m="34143" /><E89/><V132/><F70/><W118/><G96/><T10/><D18/><U32/><E90/><V100/><F27/><W63/><G63/><T16/><D16/><U93/><E93/><V84/><F54/><W80/><G80/><T6/><D11/><U112/><E32/><V104/><F47/><W68/><G68/><T125/><D125/><N who="1" m="48203" /><E112/><V75/><F48/><W14/><G40/><T8/><D8/><U69/><E69/><V2/><F43/><W17/><G7/><T103/><D83/><U19/><E19/><V110/><F45/><W20/><REACH who="3" step="1"/><G14/><REACH who="3" ten="245,247,261,237" step="2"/><T22/><REACH who="0" step="1"/><D85/><REACH who="0" ten="235,247,261,237" step="2"/><U21/><E134/><N who="2" m="51819" /><F110/><W102/><G102/><T9/><D9/><AGARI ba="0,2" hai="9,12,17,20,24,31,49,50,57,61,65,117,118,119" machi="9" ten="40,2600,0" yaku="1,1,12,1,53,0" doraHai="3" doraHaiUra="66" who="3" fromWho="0" sc="235,-26,247,0,261,0,237,46" /><INIT seed="2,0,0,1,0,36" ten="209,247,261,283" oya="2" hai0="13,40,66,43,27,47,58,18,33,59,29,60,119" hai1="28,77,125,49,11,79,97,34,87,134,6,48,120" hai2="56,14,70,50,107,37,117,19,96,38,76,4,41" hai3="1,128,98,121,81,131,64,116,21,127,71,39,93"/><V75/><F117/><W68/><G121/><T65/><D119/><U63/><E120/><V22/><F70/><W82/><G116/><T44/><D44/><U8/><E125/><V104/><F104/><W84/><G39/><T52/><D47/><U103/><E134/><V9/><F107/><W23/><G1/><T130/><D130/><N who="3" m="49705" /><G127/><T109/><D109/><U5/><E34/><V74/><F96/><W92/><G92/><T3/><D3/><U132/><E28/><V114/><F114/><W85/><G85/><T51/><D66/><U100/><E132/><V113/><F113/><W129/><G129/><T111/><D111/><U62/><REACH who="1" step="1"/><E87/><REACH who="1" ten="209,237,261,283" step="2"/><V90/><F75/><W102/><G84/><T16/><REACH who="0" step="1"/><D18/><REACH who="0" ten="199,237,261,283" step="2"/><U31/><E31/><V133/><F133/><W95/><G64/><T72/><D72/><U123/><E123/><V0/><F74/><W12/><G68/><T26/><D26/><U25/><E25/><V86/><F76/><W61/><G71/><T83/><D83/><U2/><E2/><V30/><F30/><W108/><G82/><T7/><D7/><U94/><E94/><V46/><F56/><W101/><G81/><AGARI ba="0,2" hai="0,4,9,14,19,22,37,38,41,46,50,81,86,90" machi="81" ten="30,2900,0" yaku="7,1,52,1" doraHai="36" who="2" fromWho="3" sc="199,0,237,0,261,49,283,-29" /><INIT seed="2,1,0,2,1,2" ten="199,237,310,254" oya="2" hai0="65,39,41,96,113,108,54,59,16,122,63,45,50" hai1="5,97,36,124,48,52,47,32,3,94,62,13,10" hai2="7,29,83,87,40,82,120,107,53,37,117,57,64" hai3="123,30,0,81,44,134,26,22,68,114,46,84,118"/><V103/><F120/><W133/><G118/><T131/><D122/><U61/><E32/><V90/><F117/><W23/><G123/><T60/><D113/><U106/><E106/><V77/><F29/><W17/><G68/><T38/><D108/><U112/><E112/><V27/><F27/><N who="3" m="14799" /><G0/><T95/><D131/><U31/><E124/><V71/><F71/><W102/><G102/><T110/><D110/><U116/><E116/><V51/><F64/><W58/><G58/><N who="0" m="37015" /><D16/><U28/><E36/><N who="0" m="13865" /><D95/><U115/><E115/><V69/><F69/><W78/><G114/><T88/><D88/><N who="1" m="55495" /><E3/><V14/><F40/><W86/><G84/><T109/><D96/><U66/><E66/><V11/><F37/><W19/><G19/><T33/><D33/><U8/><E8/><V56/><F107/><W91/><G91/><T105/><D105/><U119/><E119/><V4/><F103/><W130/><G130/><T74/><D74/><U85/><E85/><N who="2" m="48335" /><F57/><W98/><G98/><T129/><D109/><U70/><E70/><V1/><F1/><W75/><G75/><T42/><D129/><U125/><E125/><V9/><F9/><W21/><G23/><T93/><D93/><U12/><E12/><V126/><F126/><W25/><G25/><T34/><D34/><U73/><E73/><V49/><F49/><W80/><G80/><T18/><D18/><AGARI ba="1,0" hai="4,7,11,14,18,51,53,56,83,87,90" m="48335" machi="18" ten="30,5800,0" yaku="8,1,52,2" doraHai="2" who="2" fromWho="0" sc="199,-61,237,0,310,61,254,0" /><INIT seed="2,2,0,2,5,56" ten="138,237,371,254" oya="2" hai0="73,120,7,27,126,84,4,125,47,80,20,12,11" hai1="75,77,122,13,99,82,119,118,71,93,121,45,66" hai2="98,116,53,26,34,107,105,60,43,81,109,17,79" hai3="9,108,61,95,39,25,1,102,129,63,49,91,31"/><V28/><F116/><N who="1" m="44585" /><E13/><V70/><F109/><W54/><G129/><T55/><D73/><U88/><E45/><V110/><F110/><W85/><G39/><T23/><D120/><N who="1" m="46187" /><E66/><V106/><F43/><W117/><G117/><T89/><D125/><U51/><E51/><V22/><F98/><W33/><G102/><T104/><D126/><U92/><E92/><V42/><F42/><W115/><G115/><T19/><D104/><U5/><E5/><V67/><F53/><W128/><G128/><T18/><REACH who="0" step="1"/><D23/><REACH who="0" ten="128,237,371,254" step="2"/><U135/><E71/><V41/><F41/><W30/><G108/><T57/><D57/><U15/><E15/><V65/><F65/><W29/><G31/><T78/><D78/><U130/><E130/><V36/><F36/><W64/><G29/><T37/><D37/><U123/><E123/><V76/><REACH who="2" step="1"/><F81/><REACH who="2" ten="128,237,361,254" step="2"/><W24/><G95/><T96/><D96/><U6/><E135/><V16/><F16/><W62/><G85/><T3/><D3/><U111/><E6/><V69/><F69/><W90/><G1/><T50/><AGARI ba="2,2" hai="4,7,11,12,18,19,20,27,47,50,55,80,84,89" machi="50" ten="30,12000,2" yaku="1,1,0,1,25,2,8,1,53,1" doraHai="56" doraHaiUra="86" who="0" fromWho="0" sc="128,146,237,-32,361,-62,254,-32" /><INIT seed="3,0,0,3,4,124" ten="274,205,299,222" oya="3" hai0="77,32,40,94,13,135,9,108,0,66,48,33,26" hai1="107,57,125,39,78,31,91,1,127,118,5,53,117" hai2="7,102,59,34,130,64,22,68,129,60,131,116,98" hai3="55,36,95,92,23,123,70,71,20,56,43,10,132"/><W122/><G132/><T111/><D77/><U96/><E39/><V69/><F116/><N who="1" m="44649" /><E78/><V83/><F34/><N who="0" m="13418" /><D66/><U82/><E31/><V110/><F110/><N who="0" m="42026" /><D94/><N who="1" m="56415" /><E82/><V105/><F83/><W38/><G56/><T119/><D48/><N who="1" m="30887" /><E107/><V6/><F22/><W84/><G55/><T79/><D40/><U100/><E100/><V17/><F17/><W24/><G84/><T72/><D79/><U104/><E104/><V120/><F120/><W99/><G99/><T41/><D41/><U19/><E19/><V93/><F105/><W103/><G43/><T8/><D72/><U63/><E63/><V2/><F2/><W25/><REACH who="3" step="1"/><G10/><AGARI ba="0,0" hai="1,5,10,125,127" m="30887,56415,44649" machi="10" ten="30,1000,0" yaku="12,1" doraHai="124" who="1" fromWho="3" sc="274,0,205,10,299,0,222,-10" /><INIT seed="4,0,0,3,3,118" ten="274,215,299,212" oya="0" hai0="67,43,83,58,72,75,82,8,74,122,112,77,89" hai1="90,13,117,86,62,63,110,9,98,115,15,26,0" hai2="39,11,64,123,60,109,3,104,28,48,113,14,1" hai3="19,46,59,5,7,42,12,81,70,76,31,25,73"/><T23/><D122/><U56/><E117/><V20/><F123/><W99/><G59/><T111/><D111/><U125/><E110/><V128/><F109/><W97/><G70/><T79/><D112/><U66/><E115/><V133/><F104/><W126/><G126/><T92/><D43/><U32/><E125/><V96/><F39/><W47/><G47/><T30/><D8/><U17/><E98/><V69/><F113/><W105/><G99/><T93/><D74/><U51/><E51/><V101/><F133/><W131/><G131/><T135/><D135/><U108/><E108/><V119/><F119/><W91/><G91/><T24/><REACH who="0" step="1"/><D89/><REACH who="0" ten="264,215,299,212" step="2"/><U61/><E90/><V18/><F128/><W6/><G105/><T16/><D16/><U114/><E9/><V85/><F11/><W53/><G53/><T21/><D21/><U45/><E32/><V52/><F28/><W134/><G134/><T22/><D22/><U94/><E17/><V116/><F116/><W95/><G95/><T84/><D84/><U80/><E94/><N who="2" m="58519" /><F85/><W130/><G130/><T124/><D124/><U40/><E86/><V50/><F3/><W49/><G97/><T100/><D100/><U68/><E0/><V29/><F1/><W2/><G2/><T57/><D57/><U41/><E114/><V65/><F29/><W103/><G103/><T107/><D107/><U37/><E41/><V127/><F127/><W121/><G121/><T132/><D132/><U33/><E56/><N who="2" m="34823" /><F69/><W35/><G7/><T38/><D38/><U106/><E106/><V102/><F102/><W120/><G120/><RYUUKYOKU ba="0,1" sc="264,10,215,-30,299,10,212,10" hai0="23,24,30,58,67,72,75,77,79,82,83,92,93" hai2="14,18,20,48,50,64,65" hai3="5,6,12,19,25,31,35,42,46,49,73,76,81" /><INIT seed="4,1,1,4,4,32" ten="274,185,309,222" oya="0" hai0="36,5,102,69,84,117,12,15,105,27,66,130,73" hai1="71,52,7,131,132,96,51,127,67,110,61,109,134" hai2="41,133,121,82,39,13,30,22,44,54,56,114,88" hai3="119,49,4,86,108,68,16,23,18,46,17,47,6"/><T124/><D36/><U19/><E7/><N who="3" m="2602" /><G68/><T59/><D117/><U79/><E79/><V95/><F133/><N who="1" m="51305" /><E19/><N who="3" m="7242" /><G108/><N who="1" m="41578" /><E96/><V31/><F114/><W80/><G119/><T26/><D73/><U106/><E106/><V97/><F121/><W38/><G49/><T112/><D69/><U60/><E60/><V25/><F13/><N who="0" m="5194" /><D105/><U118/><E118/><V53/><F30/><W21/><G38/><T83/><D112/><U34/><E34/><V92/><F82/><W3/><G3/><T126/><D130/><U48/><E131/><V78/><F78/><N who="3" m="46359" /><G23/><T62/><D5/><U91/><E91/><V2/><F2/><W37/><G37/><T63/><D102/><U50/><E127/><N who="0" m="48681" /><D63/><U35/><E35/><V89/><F56/><AGARI ba="1,1" hai="48,50,51,52,56,61,67,71" m="41578,51305" machi="56" ten="30,7700,0" yaku="20,1,34,2,54,1" doraHai="32" who="1" fromWho="2" sc="274,0,185,90,309,-80,222,0" /><INIT seed="5,0,0,2,5,113" ten="274,275,229,222" oya="1" hai0="16,13,57,112,109,19,78,55,130,123,104,28,1" hai1="68,50,101,135,51,66,89,18,52,14,107,31,70" hai2="46,43,17,82,97,25,94,20,63,95,69,105,42" hai3="72,11,8,65,58,36,88,0,98,100,129,24,80"/><U45/><E135/><V96/><F105/><W124/><G129/><T85/><D104/><U79/><E79/><V84/><F69/><W37/><G124/><T48/><D1/><U60/><E31/><V3/><F3/><W53/><G65/><T59/><D109/><U99/><E89/><V91/><F63/><W22/><G37/><T103/><D123/><U76/><E76/><V40/><F46/><W38/><G36/><T5/><D130/><U93/><E51/><V75/><F75/><W12/><G38/><T83/><D28/><U110/><E110/><V35/><F35/><W61/><G0/><T116/><D116/><U92/><E70/><V47/><F47/><W131/><G131/><T15/><D112/><U132/><E132/><V62/><F62/><W71/><G71/><T108/><D108/><U39/><E39/><V133/><F133/><W6/><G11/><AGARI ba="0,0" hai="11,14,18,45,50,52,60,66,68,92,93,99,101,107" machi="11" ten="30,2900,0" yaku="7,1,54,1" doraHai="113" who="1" fromWho="3" sc="274,0,275,29,229,0,222,-29" owari="274,7.0,304,41.0,229,-17.0,193,-31.0" /></mjloggm>