<mjloggm ver="2.3"><GO type="97" lobby="0"/><UN n0="%E7%B4%85%E6%B5%AA%E6%BC%AB" n1="%E3%83%88%E3%83%88%E3%83%AA%E5%85%88%E7%94%9F%31%39%E6%AD%B3" n2="%E3%83%94%E3%83%B3%E3%82%BA%E3%81%AF%E9%80%9A%E3%81%97" n3="%74%65%6E%68%61%77" dan="14,14,13,13" rate="1941.38,2035.21,2002.83,1835.02" sx="M,F,F,M"/><TAIKYOKU oya="0"/><INIT seed="0,0,0,1,0,0" ten="250,250,250,250" oya="0" hai0="124,41,12,11,105,10,94,111,24,96,38,40,110" hai1="127,6,73,26,5,119,46,21,56,47,103,1,18" hai2="135,22,48,15,95,33,58,23,66,117,68,84,109" hai3="98,76,92,36,81,28,42,116,30,120,108,9,14"/><T37/><D105/><U69/><E69/><V118/><F33/><W54/><G116/><N who="2" m="44649" /><F109/><N who="0" m="41482" /><D24/><U122/><E119/><V104/><F104/><W115/><G108/><T39/><D124/><U75/><E122/><V50/><F68/><W63/><G120/><T91/><D11/><U43/><E127/><V70/><F70/><W71/><G115/><T25/><D25/><U60/><E103/><V126/><F126/><W35/><G35/><T102/><D102/><U3/><E3/><V62/><F135/><W44/><G71/><T114/><D114/><U65/><E1/><V8/><F95/><W4/><G63/><T52/><D52/><U59/><E59/><V93/><F84/><W64/><G64/><T121/><D121/><U20/><E20/><N who="2" m="7723" /><F93/><W99/><G54/><T132/><D132/><U123/><E123/><V78/><F78/><W72/><REACH who="3" step="1"/><G99/><REACH who="3" ten="250,250,250,240" step="2"/><T83/><D40/><U51/><REACH who="1" step="1"/><E47/><REACH who="1" ten="250,240,250,240" step="2"/><V32/><F32/><W77/><G77/><T67/><D67/><U16/><E16/><AGARI ba="0,2" hai="8,15,16,48,50,58,62,66" m="7723,44649" machi="16" ten="30,2000,0" yaku="12,1,54,1" doraHai="0" who="2" fromWho="1" sc="250,0,240,-20,250,40,240,0" /><INIT seed="1,0,0,4,3,17" ten="250,220,290,240" oya="1" hai0="88,122,80,53,40,1,128,20,51,28,93,21,108" hai1="79,41,6,119,123,101,97,16,65,23,126,70,84" hai2="13,72,62,56,9,106,22,39,99,55,5,85,69" hai3="87,91,131,110,32,4,105,77,27,19,100,89,68"/><U134/><E119/><V92/><F72/><W117/><G117/><T37/><D1/><U94/><E123/><V125/><F39/><W114/><G114/><T132/><D37/><U25/><E134/><V44/><F106/><W58/><G68/><T33/><D122/><U82/><E126/><V64/><F125/><W75/><G4/><T48/><D132/><U116/><E116/><V103/><F44/><W76/><G131/><T73/><D128/><U2/><E2/><V118/><F118/><W112/><G112/><T86/><D108/><U107/><E6/><V96/><F96/><W121/><G121/><T0/><D0/><U57/><E70/><V135/><F85/><W30/><G110/><T59/><D33/><U8/><E8/><V113/><F113/><W29/><G29/><T31/><D73/><U14/><E41/><V102/><F22/><N who="0" m="8810" /><D80/><U130/><E130/><V120/><F120/><W35/><G19/><T71/><D71/><U83/><E83/><V81/><F81/><W12/><G12/><T60/><D60/><N who="1" m="38031" /><E107/><V34/><F34/><W10/><G10/><T49/><D49/><U46/><E46/><AGARI ba="0,0" hai="28,31,40,46,48,51,53,59,86,88,93" m="8810" machi="46" ten="30,8000,1" yaku="8,1,52,3,54,1" doraHai="17" who="0" fromWho="1" sc="250,80,220,-80,290,0,240,0" /><INIT seed="2,0,0,0,1,123" ten="330,140,290,240" oya="2" hai0="76,104,22,52,43,57,58,5,30,87,66,35,108" hai1="29,55,15,89,77,84,23,126,114,16,81,133,101" hai2="7,103,82,13,17,110,56,78,63,69,102,97,118" hai3="113,41,70,61,75,130,135,116,67,42,0,107,60"/><V28/><F118/><W26/><G116/><T37/><D35/><U109/><E114/><V105/><F102/><W112/><G60/><N who="0" m="38159" /><D37/><U95/><E133/><V8/><F69/><W6/><G42/><T92/><D104/><U53/><E126/><V132/><F28/><W33/><G41/><T54/><D108/><U1/><E1/><V80/><F132/><W90/><G90/><N who="0" m="53343" /><D5/><U71/><E71/><V127/><F127/><W83/><G135/><T131/><D43/><U93/><E109/><V46/><F46/><W39/><G130/><T124/><D76/><U27/><E101/><V79/><F110/><W18/><G18/><T9/><D9/><U91/><E95/><V120/><F120/><W49/><G49/><T119/><D131/><U64/><E64/><V86/><F7/><W88/><G88/><T62/><D124/><U45/><E45/><V65/><F82/><W31/><G39/><T73/><D73/><U4/><E4/><V115/><F115/><W25/><G25/><N who="0" m="16695" /><D119/><U129/><E129/><V14/><F14/><W11/><G107/><T36/><D36/><U117/><E117/><V38/><F38/><W68/><G68/><T125/><D125/><U3/><E3/><V94/><F105/><W50/><G50/><T100/><D100/><U34/><REACH who="1" step="1"/><E91/><AGARI ba="0,0" hai="8,13,17,56,63,65,78,79,80,86,91,94,97,103" machi="91" ten="30,2900,0" yaku="7,1,8,1" doraHai="123" who="2" fromWho="1" sc="330,0,140,-29,290,29,240,0" /><INIT seed="2,1,0,4,1,115" ten="330,111,319,240" oya="2" hai0="70,111,53,8,75,51,61,84,27,38,72,67,13" hai1="50,89,116,79,2,88,45,31,112,1,102,32,23" hai2="97,68,30,87,20,39,19,91,24,66,105,129,47" hai3="6,124,121,42,36,41,21,77,96,92,76,78,44"/><V90/><F129/><W12/><G121/><T34/><D111/><U80/><E112/><V109/><F68/><W48/><G124/><T52/><D38/><U135/><E32/><V132/><F66/><W55/><G36/><T63/><D63/><U108/><E108/><V10/><F132/><W46/><G46/><T104/><D104/><U56/><E135/><V98/><F109/><W69/><G69/><T131/><D131/><U110/><E110/><V82/><F105/><W130/><G130/><T119/><D119/><U16/><E31/><V17/><F39/><W114/><G114/><T125/><D125/><U60/><E102/><V11/><F47/><W29/><G29/><T95/><D27/><U128/><E128/><V0/><F0/><W3/><G3/><T18/><D34/><U22/><E22/><N who="2" m="15639" /><F19/><W40/><G21/><T101/><D84/><N who="1" m="48159" /><E2/><V118/><F118/><W65/><G65/><T7/><D7/><U120/><E1/><V57/><F57/><W133/><G133/><T134/><D134/><U54/><E120/><V100/><F100/><W83/><G6/><T64/><D64/><N who="1" m="38919" /><E116/><V59/><F59/><W62/><G62/><T99/><D75/><U25/><AGARI ba="1,0" hai="16,23,25,45,50,54,88,89" m="38919,48159" machi="25" ten="30,4000,0" yaku="8,1,54,2" doraHai="115" who="1" fromWho="1" sc="330,-11,111,43,319,-21,240,-11" /><INIT seed="3,0,0,4,0,51" ten="319,154,298,229" oya="3" hai0="30,84,74,115,80,45,36,3,92,55,65,103,16" hai1="106,5,19,126,48,21,77,64,71,78,105,111,60" hai2="57,107,102,1,99,53,27,40,46,73,133,20,97" hai3="31,118,37,104,132,82,124,113,24,79,47,83,42"/><W17/><G17/><T125/><D3/><U96/><E111/><V61/><F73/><N who="3" m="43375" /><G83/><T26/><D65/><U123/><E126/><V12/><F1/><W116/><G124/><T120/><D120/><U119/><E123/><V130/><F130/><W44/><G44/><T22/><D115/><U81/><E119/><V93/><F133/><W6/><G113/><T63/><D74/><U32/><E32/><V15/><F107/><W70/><G132/><T23/><D125/><U25/><E5/><V66/><F99/><W39/><G6/><T11/><D11/><U117/><E117/><N who="3" m="45162" /><G104/><T85/><D36/><U52/><E96/><V10/><F10/><W18/><G18/><T95/><D103/><U68/><E68/><V127/><F127/><W54/><G54/><T91/><D84/><U69/><E69/><V114/><F114/><W72/><G72/><T28/><D63/><U112/><E112/><V43/><F66/><W98/><G98/><T7/><D7/><U58/><E78/><V87/><F87/><W14/><G14/><N who="2" m="5161" /><F46/><W4/><G4/><T88/><D91/><U86/><AGARI ba="0,0" hai="19,21,25,48,52,58,60,64,71,77,81,86,105,106" machi="86" ten="20,5200,0" yaku="0,1,7,1,52,1,54,1" doraHai="51" who="1" fromWho="1" sc="319,-13,154,52,298,-13,229,-26" owari="306,40.0,206,-19.0,285,9.0,203,-30.0" /></mjloggm>