<mjloggm ver="2.3"><GO type="97" lobby="0"/><UN n0="%68%61%6E%61%6E%61" n1="%EF%BC%BC%E6%A8%AA%E6%B5%9C%E2%98%85%E5%84%AA%E5%8B%9D%EF%BC%8F" n2="%E3%83%88%E3%83%88%E3%83%AA%E5%85%88%E7%94%9F%31%39%E6%AD%B3" n3="%52%61%73%6D%75%73" dan="13,14,15,14" rate="1880.74,1918.61,2091.66,1930.56" sx="M,M,F,M"/><TAIKYOKU oya="0"/><INIT seed="0,0,0,4,1,67" ten="250,250,250,250" oya="0" hai0="37,99,108,110,106,130,82,53,9,59,124,20,0" hai1="19,66,122,112,48,54,123,131,118,83,87,103,55" hai2="28,47,27,119,132,86,134,44,73,21,6,63,11" hai3="32,75,94,23,100,45,80,64,46,70,128,135,33"/><T57/><D37/><U127/><E118/><V12/><F73/><W1/><G1/><T111/><D124/><U121/><E127/><V117/><F86/><W95/><G135/><N who="2" m="51753" /><F63/><W38/><G128/><T5/><D130/><U126/><E126/><V91/><F91/><W105/><G23/><T41/><D41/><U2/><E2/><N who="2" m="471" /><F47/><W74/><G94/><T31/><D82/><U60/><E131/><V18/><F44/><W84/><G46/><T22/><D31/><U42/><E42/><V77/><F77/><N who="3" m="44087" /><G84/><T85/><D85/><U116/><E116/><V36/><F36/><W97/><G95/><T51/><REACH who="0" step="1"/><D59/><REACH who="0" ten="240,250,250,250" step="2"/><U68/><E112/><V98/><F98/><W104/><G75/><T61/><D61/><U113/><E113/><V16/><F18/><W30/><G30/><T107/><D107/><U7/><E123/><V88/><F88/><W56/><G56/><T90/><D90/><U15/><E122/><V102/><F102/><AGARI ba="0,1" hai="0,5,9,20,22,51,53,57,99,102,106,108,110,111" machi="102" ten="40,7700,0" yaku="1,1,14,1,10,1,53,0" doraHai="67" doraHaiUra="29" who="0" fromWho="2" sc="240,87,250,0,250,-77,250,0" /><INIT seed="0,1,0,0,3,35" ten="327,250,173,250" oya="0" hai0="69,114,20,64,97,132,118,130,111,41,122,104,126" hai1="103,61,92,7,77,101,40,2,108,57,71,100,80" hai2="96,82,42,70,113,5,134,21,93,86,107,55,120" hai3="123,78,26,117,85,32,24,51,98,60,10,46,124"/><T49/><RYUUKYOKU type="yao9" ba="1,0" sc="327,0,250,0,173,0,250,0" hai0="20,41,49,64,69,97,104,111,114,118,122,126,130,132" /><INIT seed="0,2,0,2,2,113" ten="327,250,173,250" oya="0" hai0="112,68,4,34,51,104,40,83,52,74,69,84,64" hai1="23,28,37,121,39,119,17,2,14,7,15,114,81" hai2="32,132,0,50,21,29,26,111,43,35,110,65,85" hai3="126,78,96,31,9,75,70,11,62,94,120,93,80"/><T124/><D112/><U125/><E114/><V57/><F85/><W92/><G126/><T135/><D104/><U77/><E121/><V105/><F105/><W12/><G120/><T48/><D124/><U129/><E119/><V54/><F0/><W98/><G31/><T8/><D34/><U115/><E115/><V128/><F128/><W60/><G70/><T27/><D135/><U55/><E129/><V130/><F130/><W117/><G117/><T59/><D74/><U66/><E2/><V46/><F65/><W71/><G71/><T53/><D27/><U97/><E125/><V87/><F87/><W42/><G42/><T10/><D40/><U20/><E97/><V16/><F132/><W100/><G92/><T89/><D64/><U118/><E66/><V109/><REACH who="2" step="1"/><F29/><REACH who="2" ten="327,250,163,250" step="2"/><W133/><G133/><T99/><D99/><U116/><E28/><V134/><F134/><W63/><G96/><T19/><D10/><U5/><E118/><V3/><F3/><W90/><G9/><T122/><D122/><U13/><E116/><V123/><F123/><W106/><G106/><T102/><D102/><U30/><E30/><V95/><F95/><W79/><G93/><T33/><D33/><U91/><E81/><V44/><F44/><W82/><G75/><T86/><D86/><U1/><E1/><V49/><AGARI ba="2,1" hai="16,21,26,32,35,43,46,49,50,54,57,109,110,111" machi="49" ten="30,7900,0" yaku="1,1,0,1,14,1,54,1,53,0" doraHai="113" doraHaiUra="56" who="2" fromWho="2" sc="327,-41,250,-22,163,95,250,-22" /><INIT seed="1,0,0,4,5,83" ten="286,228,258,228" oya="1" hai0="2,105,41,57,135,29,77,22,74,130,43,122,101" hai1="69,21,78,81,84,34,132,113,39,56,88,0,51" hai2="20,75,58,36,61,115,64,55,37,54,133,92,6" hai3="12,25,110,52,1,118,120,49,18,121,72,112,38"/><U131/><E0/><V94/><F75/><W93/><G38/><T86/><D2/><U134/><E39/><V100/><F37/><W103/><G1/><T35/><D35/><U63/><E113/><V117/><F36/><W15/><G72/><T119/><D119/><U4/><E4/><V116/><F117/><W60/><G110/><T124/><D130/><U70/><E34/><V24/><F116/><W97/><G112/><T31/><D135/><N who="1" m="51755" /><E131/><V82/><F133/><W90/><G60/><T30/><D122/><U109/><E109/><V19/><F115/><W67/><G67/><T85/><D124/><U28/><E51/><V14/><F82/><W68/><G68/><T59/><D74/><U127/><E127/><V45/><F100/><W106/><G25/><N who="0" m="16567" /><D77/><U17/><E28/><N who="0" m="10793" /><D101/><U79/><E70/><V98/><F98/><W13/><G118/><T33/><D105/><U46/><E69/><V128/><F128/><W44/><REACH who="3" step="1"/><G18/><REACH who="3" ten="286,228,258,218" step="2"/><T87/><D33/><U48/><E63/><N who="2" m="36319" /><F24/><W80/><G80/><T104/><D104/><U32/><E32/><V10/><F64/><W3/><G3/><T91/><D91/><U66/><E66/><V108/><F108/><W42/><G42/><AGARI ba="0,1" hai="41,42,43,57,59,85,86,87" m="10793,16567" machi="42" ten="30,7700,0" yaku="8,1,52,3" doraHai="83" who="0" fromWho="3" sc="286,87,228,0,258,0,218,-77" /><INIT seed="2,0,0,4,4,83" ten="373,228,258,141" oya="2" hai0="85,104,20,24,54,110,89,33,106,8,27,67,129" hai1="34,96,122,31,119,48,37,88,114,59,93,74,130" hai2="87,63,72,101,61,47,95,112,79,18,49,121,76" hai3="46,107,21,26,100,71,94,111,64,128,123,135,99"/><V16/><F112/><W82/><G111/><T113/><D113/><U81/><E37/><V117/><F117/><W5/><G123/><T68/><D110/><U126/><E119/><V92/><F121/><W38/><G135/><T11/><D129/><U19/><E122/><V108/><F72/><W50/><G38/><T132/><D132/><U6/><E114/><V80/><F108/><W1/><G128/><T55/><D33/><U62/><E126/><V69/><F79/><W70/><G107/><T131/><D131/><U105/><E105/><V13/><F18/><W97/><G97/><T22/><D67/><U60/><E6/><V56/><F69/><W35/><G35/><T28/><D68/><U44/><E19/><V9/><F101/><W3/><G82/><N who="0" m="49335" /><D106/><U17/><E17/><V125/><F125/><W30/><G64/><T73/><D104/><U65/><E31/><V77/><F77/><W52/><REACH who="3" step="1"/><G1/><REACH who="3" ten="373,228,258,131" step="2"/><T36/><D36/><U53/><E34/><V10/><F95/><W42/><G42/><T7/><D73/><U57/><E130/><V25/><F92/><W40/><G40/><T102/><D102/><U39/><E39/><V120/><F120/><W14/><G14/><N who="0" m="5407" /><D11/><AGARI ba="0,1" hai="3,5,11,21,26,30,46,50,52,70,71,94,99,100" machi="11" ten="40,2600,0" yaku="1,1,54,1,53,0" doraHai="83" doraHaiUra="124" who="3" fromWho="0" sc="373,-26,228,0,258,0,131,36" /><INIT seed="3,0,0,2,1,5" ten="347,228,258,167" oya="3" hai0="21,135,88,71,2,56,23,92,99,62,37,44,111" hai1="31,96,74,94,134,75,128,112,109,113,116,50,122" hai2="42,28,76,29,89,34,107,84,65,124,25,90,12" hai3="123,10,9,32,66,26,120,47,11,14,59,58,48"/><W22/><G32/><T13/><D2/><U20/><E122/><V121/><F107/><W108/><G14/><T8/><D71/><U80/><E116/><V119/><F119/><W69/><G108/><T57/><D111/><U83/><E134/><V41/><F121/><W87/><G69/><T52/><D135/><U18/><E128/><V86/><F76/><W105/><G105/><T68/><D68/><U40/><E31/><V91/><F65/><W82/><G66/><N who="0" m="39239" /><D44/><U101/><E109/><V27/><F124/><W118/><G118/><T132/><D37/><U114/><E50/><V39/><F12/><W117/><G117/><T72/><D72/><U49/><E49/><V4/><F4/><W33/><G33/><T16/><D132/><U104/><E40/><N who="2" m="15467" /><F39/><W98/><G98/><T6/><D6/><U46/><E46/><V63/><F63/><AGARI ba="0,0" hai="8,13,16,21,23,52,57,63,88,92,99" m="39239" machi="63" ten="30,8000,1" yaku="8,1,52,1,54,3" doraHai="5" who="0" fromWho="2" sc="347,80,228,0,258,-80,167,0" owari="427,52.0,228,3.0,178,-22.0,167,-33.0" /></mjloggm>