<mjloggm ver="2.3"><GO type="41" lobby="0"/><UN n0="%E3%81%A0%E3%81%84%E3%81%B0%E3%83%BC%E3%81%AE%E3%82%93" n1="%E3%82%84%E3%81%8F%E3%82%82" n2="%E5%B0%B1%E6%B4%BB%E7%94%9F%40%E5%B7%9D%E6%9D%91%E8%BB%8D%E5%9B%A3" n3="%E8%A1%80%E7%85%99" dan="14,15,14,14" rate="1979.89,1965.61,1922.12,1981.40" sx="M,M,M,M"/><TAIKYOKU oya="0"/><INIT seed="0,0,0,2,4,91" ten="250,250,250,250" oya="0" hai0="20,4,83,93,76,54,16,133,5,28,26,58,52" hai1="51,0,99,47,129,110,63,43,117,65,33,30,111" hai2="108,36,106,123,14,31,7,1,9,77,42,114,90" hai3="35,98,23,44,121,118,125,66,96,128,105,103,48"/><T116/><D116/><U85/><E117/><V24/><F106/><W119/><G121/><T88/><D133/><U86/><E0/><V68/><F123/><W69/><G125/><T21/><D83/><U97/><E129/><V25/><F68/><W87/><G128/><T78/><D78/><U59/><E30/><V104/><F104/><W75/><G75/><T82/><D82/><U46/><E33/><V60/><F114/><W84/><G98/><N who="0" m="57639" /><D76/><U100/><E97/><V55/><F108/><N who="1" m="41513" /><E47/><V107/><F107/><AGARI ba="0,0" hai="43,46,51,59,63,65,85,86,99,100,107" m="41513" machi="107" ten="30,1000,0" yaku="14,1" doraHai="91" who="1" fromWho="2" sc="250,0,250,10,250,-10,250,0" /><INIT seed="1,0,0,0,5,45" ten="250,260,240,250" oya="1" hai0="40,80,53,110,65,27,19,22,61,47,41,33,11" hai1="109,39,129,37,38,69,6,111,118,49,46,28,64" hai2="32,77,8,14,36,12,25,113,81,30,75,112,2" hai3="78,44,31,91,108,86,13,130,85,124,127,70,17"/><U114/><E118/><V104/><F104/><W74/><G108/><N who="1" m="41546" /><E6/><V24/><F24/><W42/><G70/><T57/><D110/><U131/><E28/><V119/><F119/><W88/><G130/><N who="1" m="49674" /><E114/><N who="2" m="44139" /><F36/><W62/><G31/><T115/><D33/><U89/><E89/><N who="3" m="34378" /><G62/><T79/><D11/><U133/><E133/><V7/><AGARI ba="0,0" hai="2,7,8,12,14,25,30,32,75,77,81" m="44139" machi="7" ten="30,1100,0" yaku="11,1" doraHai="45" who="2" fromWho="2" sc="250,-3,260,-5,240,11,250,-3" /><INIT seed="2,0,0,0,2,76" ten="247,255,251,247" oya="2" hai0="94,90,21,51,107,99,71,30,65,25,47,92,46" hai1="124,34,52,121,60,123,91,0,56,58,31,113,134" hai2="64,59,50,55,29,85,61,67,70,22,1,82,28" hai3="18,43,105,80,17,20,7,9,27,23,96,126,101"/><V119/><F1/><W37/><G126/><T53/><D107/><U78/><E0/><V122/><F119/><W54/><G43/><T87/><D71/><U117/><E113/><V88/><F122/><W133/><G133/><T102/><REACH who="0" step="1"/><D65/><REACH who="0" ten="237,255,251,247" step="2"/><U128/><E117/><V13/><REACH who="2" step="1"/><F64/><REACH who="2" ten="237,255,241,247" step="2"/><W19/><G105/><T103/><D103/><U49/><E123/><V130/><F130/><W39/><G101/><T127/><D127/><U112/><E128/><V95/><F95/><W63/><G80/><T12/><D12/><U62/><E124/><V3/><F3/><W45/><G27/><T24/><D24/><U2/><E121/><V8/><F8/><W74/><G9/><T5/><D5/><U26/><E2/><V83/><F83/><W97/><G7/><T14/><D14/><U35/><E112/><V15/><F15/><W11/><G11/><T109/><D109/><U108/><E108/><V110/><F110/><W48/><G23/><T100/><D100/><U32/><E134/><V41/><F41/><W72/><G20/><T120/><D120/><U4/><E35/><V69/><F69/><W16/><G17/><AGARI ba="0,2" hai="13,17,22,28,29,50,55,59,61,67,70,82,85,88" machi="17" ten="40,7700,0" yaku="1,1,52,1,54,1,53,0" doraHai="76" doraHaiUra="40" who="2" fromWho="3" sc="237,0,255,0,241,97,247,-77" /><INIT seed="2,1,0,5,3,127" ten="237,255,338,170" oya="2" hai0="128,87,85,45,134,14,71,111,122,37,84,34,97" hai1="120,80,83,33,19,40,46,63,112,39,20,94,70" hai2="7,31,3,62,35,101,38,61,17,49,54,123,22" hai3="59,30,104,26,93,117,77,133,36,67,18,91,58"/><V113/><F38/><W75/><G117/><T10/><D34/><U16/><E33/><V114/><F123/><W109/><G109/><T28/><D28/><U12/><E112/><V98/><F114/><W69/><G104/><T0/><D111/><U6/><E6/><V92/><F113/><W116/><G36/><T108/><D0/><U44/><E120/><V121/><F121/><W47/><G116/><T135/><D71/><U89/><E46/><V25/><F7/><W65/><G133/><T2/><D2/><U43/><E43/><V74/><F3/><W72/><G77/><T102/><D122/><U50/><E39/><V107/><F74/><W27/><G18/><T115/><D115/><U53/><E70/><V78/><F78/><W57/><G69/><T13/><D13/><U56/><REACH who="1" step="1"/><E19/><REACH who="1" ten="237,245,338,170" step="2"/><V124/><F124/><W11/><G47/><T130/><D108/><U132/><E132/><N who="0" m="50729" /><D45/><U51/><E51/><V64/><F35/><W8/><G59/><T119/><D37/><U88/><E88/><V103/><F17/><W15/><G91/><T73/><D119/><U29/><E29/><V126/><F126/><W21/><G30/><T95/><D73/><U68/><E68/><V129/><F101/><W5/><G5/><AGARI ba="1,1" hai="5,10,14,84,85,87,95,97,102,128,130" m="50729" machi="5" ten="30,3900,0" yaku="20,1,52,2" doraHai="127" who="0" fromWho="3" sc="237,52,245,0,338,0,170,-42" /><INIT seed="3,0,0,5,4,58" ten="289,245,338,128" oya="3" hai0="106,1,49,108,65,112,93,68,61,14,36,27,48" hai1="0,9,81,66,69,100,120,129,131,77,22,64,111" hai2="13,55,105,41,28,39,83,113,133,88,76,132,73" hai3="118,103,24,43,8,67,70,10,121,60,95,110,44"/><W29/><G121/><T47/><D1/><U25/><E120/><V42/><F105/><W85/><G118/><T104/><D36/><U26/><E111/><V99/><F113/><W59/><G110/><T86/><D112/><U16/><E100/><V23/><F39/><W128/><G70/><T126/><D48/><U90/><E90/><V50/><F99/><N who="3" m="59903" /><G85/><T5/><D27/><U135/><E135/><N who="2" m="51787" /><F88/><W74/><G74/><T15/><D126/><U17/><E0/><V97/><F97/><W115/><G128/><T57/><D68/><U46/><E46/><N who="2" m="28119" /><F28/><W109/><G109/><T127/><D127/><U78/><E69/><V130/><F130/><W96/><G96/><T30/><D30/><U92/><E92/><V2/><F2/><W80/><G80/><T3/><D3/><U91/><E91/><V122/><F122/><W116/><G116/><T134/><D108/><U31/><E31/><V38/><F38/><N who="3" m="21623" /><G115/><T75/><D75/><U117/><E117/><V125/><F125/><W94/><G94/><T89/><D134/><U101/><E101/><V123/><F123/><W84/><G84/><T32/><D106/><U98/><E98/><V37/><F37/><W124/><G124/><T72/><D72/><U62/><E81/><V51/><F51/><W12/><G12/><T102/><D15/><U114/><E114/><V18/><AGARI ba="0,0" hai="13,18,23,41,42,73,76,83" m="28119,51787" machi="18" ten="30,1100,0" yaku="20,1" doraHai="58" who="2" fromWho="2" sc="289,-3,245,-3,338,11,128,-5" /><INIT seed="4,0,0,3,1,6" ten="286,242,349,123" oya="0" hai0="53,55,43,93,54,94,118,112,110,70,117,18,81" hai1="104,120,56,16,71,17,88,123,111,75,78,20,65" hai2="76,91,85,7,122,44,68,103,15,64,52,108,131" hai3="86,25,31,41,12,92,33,61,63,42,96,134,82"/><T133/><D70/><U126/><E104/><V46/><F122/><W14/><G134/><T106/><D106/><U49/><E111/><V124/><F108/><W129/><G129/><T36/><D133/><U47/><E71/><V101/><F124/><W116/><G116/><T39/><D110/><U37/><E126/><V9/><F131/><W72/><G72/><T69/><D69/><U1/><E1/><V113/><F113/><W8/><G14/><T74/><D43/><U73/><E78/><V3/><F3/><W32/><G32/><T77/><D112/><U67/><E75/><V105/><F105/><W48/><G48/><T127/><D127/><U40/><E73/><V13/><F76/><W107/><G107/><T28/><D28/><U59/><E17/><V21/><F64/><W35/><G35/><T34/><D34/><U119/><E119/><V38/><F68/><W95/><G31/><T23/><D94/><U66/><E37/><V19/><F44/><W29/><G92/><T83/><D93/><U128/><E128/><V89/><F89/><W132/><G132/><T114/><D83/><U22/><E22/><V102/><F38/><W121/><G33/><T24/><D114/><U100/><E100/><V45/><F52/><W109/><G42/><T27/><D118/><U135/><E135/><V97/><F97/><W2/><G41/><T130/><D130/><U98/><E123/><V62/><F62/><W125/><G121/><T50/><D117/><U51/><E51/><V58/><F58/><W26/><G125/><T10/><D50/><U79/><E120/><RYUUKYOKU ba="0,0" sc="286,-10,242,-10,349,30,123,-10" hai2="7,9,13,15,19,21,45,46,85,91,101,102,103" /><INIT seed="5,1,0,1,0,79" ten="276,232,379,113" oya="1" hai0="117,16,30,130,113,35,66,91,22,86,125,53,101" hai1="27,50,9,105,34,75,45,78,20,82,4,131,89" hai2="42,92,99,28,124,111,37,129,32,109,98,56,17" hai3="7,71,97,59,126,110,87,90,52,21,8,58,85"/><U123/><E123/><V107/><F107/><W14/><G110/><T49/><D117/><U96/><E34/><V39/><F124/><W60/><G126/><T2/><D2/><U116/><E116/><V70/><F70/><W118/><G118/><T6/><D125/><U76/><E131/><V64/><F129/><W5/><G71/><T112/><D130/><U1/><E105/><V104/><F104/><W36/><G36/><T68/><D6/><U102/><E102/><V11/><F32/><W31/><G97/><T29/><D101/><U106/><E106/><V135/><F28/><W95/><G87/><T40/><D40/><U3/><E3/><V108/><F135/><W57/><G7/><T94/><D66/><U115/><E115/><N who="0" m="44105" /><D68/><U13/><E1/><V114/><F114/><W44/><G44/><N who="0" m="27815" /><D35/><U103/><E103/><V93/><F42/><W48/><G60/><T65/><D65/><U119/><E119/><V47/><F47/><W10/><G8/><T120/><D120/><U132/><E132/><V18/><F56/><W121/><G121/><T81/><D94/><U0/><E0/><V100/><F64/><W61/><G61/><T15/><AGARI ba="1,0" hai="15,16,22,29,30,81,86,91" m="27815,44105" machi="15" ten="30,4000,0" yaku="15,1,52,1,54,1" doraHai="79" who="0" fromWho="0" sc="276,43,232,-21,379,-11,113,-11" /><INIT seed="6,0,0,2,5,85" ten="319,211,368,102" oya="2" hai0="92,111,112,13,117,106,110,74,83,8,49,6,131" hai1="18,107,17,130,33,87,10,12,1,67,14,118,101" hai2="9,40,45,36,93,132,78,19,114,66,38,41,47" hai3="126,113,42,23,63,26,64,86,70,69,32,2,123"/><V102/><F114/><W50/><G126/><T109/><D106/><U57/><E130/><V43/><F132/><W135/><G123/><T5/><D112/><U134/><E134/><V80/><F66/><W53/><G113/><T108/><N who="0" m="28160" /><DORA hai="46" /><T31/><D31/><U65/><E33/><V82/><F41/><W127/><G135/><T79/><D117/><U25/><E25/><V104/><F104/><W48/><G127/><T76/><D76/><U98/><E1/><V55/><F55/><W121/><G121/><T90/><D49/><U27/><E27/><V21/><F9/><W59/><G2/><T89/><D131/><U81/><E57/><V96/><REACH who="2" step="1"/><F78/><REACH who="2" ten="319,211,358,102" step="2"/><W94/><G42/><T71/><D71/><U3/><E3/><V97/><F97/><W60/><G69/><T91/><REACH who="0" step="1"/><D6/><REACH who="0" ten="309,211,358,102" step="2"/><U29/><E118/><V84/><F84/><AGARI ba="0,2" hai="5,8,13,74,79,83,84,89,90,91,92" m="28160" machi="84" ten="70,8000,1" yaku="1,1,2,1,52,3,53,0" doraHai="85,46" doraHaiUra="22,16" who="0" fromWho="2" sc="309,100,211,0,358,-80,102,0" /><INIT seed="7,0,0,3,5,47" ten="409,211,278,102" oya="3" hai0="13,106,17,0,103,37,132,83,63,67,94,120,109" hai1="34,118,62,23,26,77,38,96,82,127,39,78,36" hai2="48,14,66,12,131,125,30,4,124,49,119,115,8" hai3="41,46,53,121,9,58,57,75,73,72,76,102,29"/><W33/><G121/><T15/><D17/><U42/><E127/><N who="2" m="48715" /><F119/><W113/><G113/><T6/><D103/><U74/><E118/><V2/><F131/><W88/><G76/><T43/><D94/><U3/><E78/><V130/><F115/><W107/><G102/><T24/><D24/><U28/><E96/><V101/><F130/><W44/><G107/><T64/><D83/><U86/><E86/><V60/><F101/><W65/><G9/><T87/><D6/><U10/><E23/><V19/><F30/><W98/><G33/><T69/><D15/><N who="2" m="5674" /><F19/><W93/><G29/><T112/><D87/><U5/><REACH who="1" step="1"/><E62/><REACH who="1" ten="409,201,278,102" step="2"/><V56/><AGARI ba="0,1" hai="2,4,8,48,49,56,60,66" m="5674,48715" machi="56" ten="30,4000,0" yaku="18,1,52,2" doraHai="47" who="2" fromWho="2" sc="409,-10,201,-10,278,50,102,-20" owari="399,50.0,191,-21.0,328,13.0,82,-42.0" /></mjloggm>