<mjloggm ver="2.3"><GO type="41" lobby="0"/><UN n0="%E3%81%95%E3%81%8F%E3%81%AF%E3%82%8B" n1="%E5%B0%B1%E6%B4%BB%E7%94%9F%40%E5%B7%9D%E6%9D%91%E8%BB%8D%E5%9B%A3" n2="%E9%B3%B3%E5%BC%A5" n3="%52%61%69%61%6E%2E" dan="15,14,15,15" rate="2059.66,1971.87,1943.24,1949.36" sx="M,M,M,M"/><TAIKYOKU oya="0"/><INIT seed="0,0,0,3,5,85" ten="250,250,250,250" oya="0" hai0="107,21,5,116,68,70,56,84,106,76,1,4,77" hai1="17,114,32,11,113,25,47,58,7,109,98,46,62" hai2="37,132,90,0,34,44,129,10,27,86,26,2,82" hai3="127,54,134,63,29,87,88,18,125,95,74,66,97"/><T64/><D21/><N who="1" m="13487" /><E32/><V49/><F132/><W3/><G74/><T80/><D84/><U102/><E109/><V110/><F110/><W130/><G3/><T53/><D80/><U33/><E33/><V36/><F129/><W103/><G29/><T31/><D31/><U104/><E11/><V48/><F48/><W79/><G79/><T50/><D64/><N who="1" m="38999" /><E7/><V118/><F118/><W131/><G54/><T42/><D53/><U12/><E12/><V38/><F10/><W52/><G18/><T19/><D19/><U65/><E65/><V24/><REACH who="2" step="1"/><F34/><REACH who="2" ten="250,250,240,250" step="2"/><W61/><G134/><T16/><D116/><U124/><E124/><V91/><F91/><W8/><G8/><T108/><D108/><U28/><E28/><V30/><F30/><W101/><G127/><T81/><D50/><U67/><E47/><V96/><F96/><W55/><G125/><T69/><D4/><U135/><E46/><V39/><N who="2" m="9728" /><DORA hai="105" /><V40/><AGARI ba="0,1" hai="0,2,24,26,27,40,44,49,82,86,90" m="9728" machi="40" ten="60,8000,1" yaku="1,1,4,1,0,1,52,1,53,1" doraHai="85,105" doraHaiUra="123,43" who="2" fromWho="2" sc="250,-40,250,-20,240,90,250,-20" /><INIT seed="1,0,0,2,5,5" ten="210,230,330,230" oya="1" hai0="119,21,44,13,102,47,48,68,63,72,25,106,64" hai1="131,59,117,134,76,113,56,118,46,54,85,111,81" hai2="43,121,109,107,84,86,80,61,9,33,112,78,34" hai3="89,82,58,70,75,2,71,12,17,103,22,62,1"/><U66/><E113/><V18/><F121/><W49/><G103/><T116/><D72/><U100/><E131/><V53/><F112/><W90/><G49/><T128/><D128/><U32/><E32/><V124/><F107/><W38/><G38/><T73/><D73/><U91/><E134/><V105/><F105/><W114/><G114/><T69/><D69/><U115/><E115/><V3/><F109/><W130/><G130/><T88/><D47/><U41/><E100/><V101/><F101/><W132/><G132/><T45/><D45/><U77/><E111/><V24/><F43/><W87/><G75/><T60/><D60/><U14/><E66/><V127/><F86/><W126/><G126/><N who="2" m="48169" /><F24/><W30/><G89/><T123/><D123/><U92/><E56/><N who="2" m="34959" /><F18/><W0/><REACH who="3" step="1"/><G30/><REACH who="3" ten="210,230,330,220" step="2"/><T8/><D102/><U27/><E91/><V83/><F78/><W104/><G104/><T35/><D88/><U65/><E77/><V15/><F83/><W29/><G29/><T95/><D106/><U4/><E81/><V28/><F80/><W10/><G10/><T19/><D95/><U36/><E76/><V74/><F74/><W39/><G39/><T50/><D50/><U51/><E117/><V6/><F84/><W97/><G97/><T11/><D116/><U42/><E118/><V52/><F28/><W108/><G108/><T94/><D94/><U120/><E92/><V93/><F93/><W67/><AGARI ba="0,1" hai="0,1,2,12,17,22,58,62,67,70,71,82,87,90" machi="67" ten="30,2000,0" yaku="1,1,0,1,53,0" doraHai="5" doraHaiUra="98" who="3" fromWho="3" sc="210,-5,230,-10,330,-5,220,30" /><INIT seed="2,0,0,4,4,119" ten="205,220,325,250" oya="2" hai0="86,107,56,3,43,135,68,21,109,34,69,110,58" hai1="5,99,53,108,54,37,18,50,36,85,130,10,121" hai2="74,83,26,62,133,57,88,134,17,92,12,60,1" hai3="13,76,97,127,112,103,49,25,61,129,118,87,22"/><V72/><F1/><W128/><G118/><T125/><D34/><U79/><E130/><V23/><F12/><W59/><G13/><T73/><D107/><U81/><E108/><N who="0" m="41577" /><D73/><U123/><E18/><V42/><F42/><W82/><G49/><T64/><D21/><U24/><E99/><N who="2" m="57735" /><F83/><W120/><G127/><T78/><D3/><U11/><E24/><V104/><F104/><W67/><G112/><T111/><D125/><U91/><E79/><V96/><F96/><W48/><G48/><T32/><D32/><U38/><E50/><V15/><F15/><W124/><G124/><T44/><D135/><N who="2" m="51722" /><F62/><W47/><G47/><T70/><D111/><U105/><E105/><V117/><F117/><W90/><G76/><T100/><D100/><U31/><E31/><V52/><AGARI ba="0,0" hai="17,23,26,52,57,60,72,74" m="51722,57735" machi="52" ten="30,11700,0" yaku="25,1,20,1,54,2" doraHai="119" who="2" fromWho="2" sc="205,-39,220,-39,325,117,250,-39" /><INIT seed="2,1,0,4,4,112" ten="166,181,442,211" oya="2" hai0="18,122,98,102,23,42,13,74,39,69,3,51,113" hai1="12,129,75,68,22,64,56,49,78,93,72,95,107" hai2="37,53,115,48,103,30,54,36,14,16,80,4,28" hai3="34,47,8,65,121,21,133,86,87,79,59,111,45"/><V24/><F115/><W35/><G121/><T62/><D113/><U11/><E107/><V60/><F103/><W84/><G111/><T61/><D74/><U124/><E68/><V71/><F71/><W100/><G79/><T96/><D3/><U7/><E124/><V125/><F125/><W0/><G133/><T31/><D122/><U58/><E129/><V116/><F116/><W1/><G100/><T2/><D2/><U43/><E75/><V127/><F127/><W99/><G99/><N who="0" m="37931" /><D39/><U29/><E78/><V46/><F4/><W109/><G109/><T123/><D123/><U108/><E72/><V106/><F106/><W94/><G94/><T88/><D69/><U44/><E108/><V38/><F80/><W135/><G135/><T89/><D31/><U17/><E29/><V9/><F24/><W82/><G1/><T26/><D26/><U85/><E64/><V73/><F73/><W104/><G104/><T114/><D114/><U92/><REACH who="1" step="1"/><E85/><REACH who="1" ten="166,171,442,211" step="2"/><V81/><F30/><W25/><G87/><T132/><D132/><U101/><E101/><V32/><F28/><W131/><G86/><T33/><D33/><U57/><E57/><N who="2" m="34863" /><F32/><W50/><G35/><T118/><D102/><U126/><E126/><V110/><F110/><W97/><G34/><T105/><D105/><U10/><E10/><V27/><F9/><W120/><G8/><T117/><D117/><U15/><AGARI ba="1,1" hai="7,11,12,15,17,22,43,44,49,56,58,92,93,95" machi="15" ten="30,4000,0" yaku="1,1,0,1,8,1,53,0" doraHai="112" doraHaiUra="134" who="1" fromWho="1" sc="166,-11,171,53,442,-21,211,-11" /><INIT seed="3,0,0,0,1,71" ten="155,224,421,200" oya="3" hai0="39,93,45,62,135,90,33,115,40,123,55,28,52" hai1="80,66,30,15,99,34,119,14,9,129,103,56,109" hai2="49,7,68,96,75,88,10,4,127,31,46,19,128" hai3="20,126,12,54,65,130,118,11,98,5,77,24,64"/><W32/><G32/><T27/><D123/><U74/><E109/><V111/><F75/><W61/><G118/><T120/><D120/><U26/><E119/><V18/><F68/><W59/><G130/><T113/><D135/><U101/><E129/><V97/><F111/><W112/><G112/><N who="0" m="43083" /><D62/><U86/><E74/><V58/><F127/><W43/><G126/><T36/><D36/><U106/><E103/><V100/><F128/><W121/><G121/><T21/><D21/><U117/><E117/><V110/><F110/><W134/><G134/><T70/><D70/><U51/><E9/><V116/><F116/><W72/><G43/><T105/><D105/><U131/><E131/><V94/><F58/><W3/><G3/><T102/><D102/><U114/><E114/><V69/><F69/><W22/><G20/><T108/><D108/><U107/><E107/><V42/><F31/><W84/><G72/><T0/><D0/><U25/><E25/><V16/><REACH who="2" step="1"/><F10/><REACH who="2" ten="155,224,411,200" step="2"/><W76/><G64/><T23/><D33/><U67/><E67/><V122/><F122/><W89/><G65/><T41/><D41/><U78/><E66/><V81/><F81/><W124/><G124/><T92/><D92/><AGARI ba="0,1" hai="4,7,16,18,19,42,46,49,88,92,94,96,97,100" machi="92" ten="40,8000,1" yaku="1,1,8,1,54,2,53,0" doraHai="71" doraHaiUra="6" who="2" fromWho="0" sc="155,-80,224,0,411,90,200,0" /><INIT seed="4,0,0,0,0,38" ten="75,224,501,200" oya="0" hai0="6,91,8,127,9,82,53,2,106,125,4,32,11" hai1="22,92,96,34,36,103,99,51,128,67,37,76,60" hai2="107,117,33,0,1,28,83,5,3,100,105,134,123" hai3="114,18,89,88,49,41,69,23,85,102,77,24,132"/><T79/><D106/><U66/><E128/><V62/><F123/><W54/><G69/><T64/><D32/><U126/><E126/><N who="0" m="48137" /><D91/><U104/><E34/><V116/><F134/><W45/><G132/><T7/><D64/><U65/><E76/><V71/><F5/><N who="0" m="1282" /><T48/><DORA hai="73" /><D82/><U59/><E51/><V26/><F83/><N who="3" m="47343" /><G114/><T94/><D94/><U55/><REACH who="1" step="1"/><E22/><REACH who="1" ten="75,214,501,200" step="2"/><V90/><F117/><W120/><G120/><T50/><D79/><U19/><E19/><V87/><F116/><W30/><G18/><T115/><D115/><U74/><E74/><V70/><F1/><W80/><G102/><AGARI ba="0,1" hai="36,37,55,59,60,65,66,67,92,96,99,102,103,104" machi="102" ten="40,2600,0" yaku="1,1,53,1" doraHai="38,73" doraHaiUra="57,130" who="1" fromWho="3" sc="75,0,214,36,501,0,200,-26" /><INIT seed="5,0,0,0,0,76" ten="75,250,501,174" oya="1" hai0="72,59,47,73,71,82,9,57,45,68,50,92,119" hai1="29,24,81,103,23,96,75,121,53,111,65,117,108" hai2="104,62,94,51,126,66,54,90,6,17,37,106,61" hai3="58,78,77,69,41,39,11,1,55,31,122,40,80"/><U70/><E121/><V98/><F37/><W15/><G77/><T7/><D119/><U33/><E117/><V116/><F116/><W42/><G69/><T18/><D18/><U27/><E53/><V97/><F126/><W134/><G122/><T19/><D19/><U85/><E75/><V28/><F6/><W83/><G31/><T16/><D16/><U20/><E65/><V112/><F112/><W133/><G39/><T102/><D102/><U88/><E70/><V123/><F123/><W109/><G78/><T79/><D92/><U118/><E118/><V4/><F4/><N who="3" m="3559" /><G1/><T46/><D73/><U124/><E124/><V93/><F28/><W63/><G109/><N who="1" m="42058" /><E27/><V99/><F17/><W120/><G120/><T74/><D72/><U100/><E100/><V26/><F26/><W131/><G131/><T86/><D74/><U38/><E38/><V48/><F106/><AGARI ba="0,0" hai="20,23,24,29,33,81,85,88,96,103,106" m="42058" machi="106" ten="30,5800,0" yaku="10,1,52,1,54,1" doraHai="76" who="1" fromWho="2" sc="75,0,250,58,501,-58,174,0" /><INIT seed="5,1,0,5,3,2" ten="75,308,443,174" oya="1" hai0="115,94,50,131,77,74,84,105,109,92,134,119,70" hai1="99,103,36,83,24,40,89,76,32,43,60,58,87" hai2="123,21,11,112,133,91,12,48,73,78,130,0,124" hai3="56,79,95,98,118,129,42,135,19,45,59,5,127"/><U121/><E121/><V57/><F123/><W122/><G122/><T75/><D50/><U34/><E76/><V132/><F130/><W114/><G129/><T53/><D53/><U67/><E36/><V9/><F124/><W111/><G111/><T71/><D77/><U65/><E65/><V93/><F112/><W1/><G127/><T88/><D84/><U44/><E44/><V51/><F0/><W30/><G114/><T69/><D115/><U39/><E39/><V7/><F11/><W106/><G106/><T26/><D105/><U23/><E34/><V15/><F57/><W33/><G79/><T116/><D26/><U8/><E8/><N who="2" m="4127" /><F21/><W41/><G56/><T113/><D113/><U54/><E32/><V16/><F78/><W97/><G59/><T102/><D131/><U61/><E61/><V90/><F73/><W81/><G33/><T49/><D49/><N who="2" m="19018" /><F93/><W55/><G95/><T3/><D3/><U29/><REACH who="1" step="1"/><E54/><REACH who="1" ten="75,298,443,174" step="2"/><V110/><F110/><W14/><G55/><T28/><D119/><U64/><E64/><V62/><F62/><W47/><G118/><T107/><D116/><U35/><E35/><V18/><F133/><W120/><G135/><T4/><D134/><U101/><E101/><V17/><F132/><W52/><G120/><T85/><D109/><U66/><E66/><V104/><F104/><AGARI ba="1,1" hai="23,24,29,40,43,58,60,67,83,87,89,99,103,104" machi="104" ten="30,5800,0" yaku="1,1,7,1,53,1" doraHai="2" doraHaiUra="20" who="1" fromWho="2" sc="75,0,298,71,443,-61,174,0" /><INIT seed="5,2,0,5,2,5" ten="75,369,382,174" oya="1" hai0="11,113,7,48,69,67,121,59,63,51,79,29,35" hai1="118,106,14,107,93,120,52,115,108,124,94,45,49" hai2="78,103,38,80,24,58,83,25,89,54,130,126,131" hai3="2,56,36,17,96,110,119,1,111,26,92,70,37"/><U60/><E120/><V33/><F38/><W133/><G70/><T4/><D121/><U64/><E118/><V44/><F126/><W112/><G119/><T23/><D113/><U16/><E124/><V18/><F103/><W71/><G71/><T91/><D35/><U55/><E115/><V135/><F135/><W13/><G112/><T73/><D4/><U84/><E108/><V0/><F0/><W22/><G133/><T65/><D79/><U134/><E134/><V12/><F44/><W127/><G127/><T74/><D91/><U100/><E55/><V125/><F89/><W98/><G1/><T75/><D51/><U88/><E100/><V30/><F25/><W72/><G2/><T46/><D67/><U57/><REACH who="1" step="1"/><E94/><REACH who="1" ten="75,359,382,174" step="2"/><V105/><F105/><W6/><G92/><T85/><D65/><U109/><E109/><V87/><F125/><W116/><G116/><T117/><D117/><U104/><E104/><V66/><F66/><W114/><G114/><T50/><D69/><U31/><E31/><V122/><F122/><W81/><G111/><T97/><D29/><U102/><E102/><V99/><F99/><W123/><G96/><T21/><D97/><U41/><E41/><V32/><F83/><W132/><G98/><T62/><D46/><U128/><E128/><N who="2" m="49195" /><F30/><W82/><G132/><T68/><D68/><U28/><E28/><N who="2" m="19463" /><F33/><W3/><G123/><T47/><D47/><U15/><E15/><V42/><F42/><W39/><G110/><T76/><D59/><U129/><E129/><V9/><F58/><W77/><G56/><T101/><D101/><RYUUKYOKU ba="2,1" sc="75,-15,359,15,382,15,174,-15" hai1="14,16,45,49,52,57,60,64,84,88,93,106,107" hai2="9,12,18,54,78,80,87" /><INIT seed="5,3,1,2,0,76" ten="60,374,397,159" oya="1" hai0="43,96,36,33,18,78,14,30,39,131,13,122,87" hai1="23,107,108,9,80,54,29,93,127,105,101,51,48" hai2="15,90,132,72,79,75,66,52,67,1,58,128,104" hai3="40,64,2,115,125,26,103,111,77,59,49,91,102"/><U55/><E127/><V16/><F1/><W99/><G2/><T123/><D131/><U0/><E108/><V121/><F121/><W116/><G111/><T53/><D96/><N who="1" m="59535" /><E107/><V56/><F104/><W62/><G115/><T27/><D53/><N who="1" m="19979" /><E0/><V10/><F128/><W135/><G125/><T81/><D43/><U118/><E105/><V117/><F117/><W35/><G116/><T8/><REACH who="0" step="1"/><D13/><REACH who="0" ten="50,374,397,159" step="2"/><U100/><E118/><V70/><F15/><W73/><G40/><T38/><AGARI ba="3,2" hai="8,14,18,27,30,33,36,38,39,78,81,87,122,123" machi="38" ten="40,8000,1" yaku="1,1,2,1,0,1,52,1,53,1" doraHai="76" doraHaiUra="12" who="0" fromWho="0" sc="50,109,374,-43,397,-23,159,-23" /><INIT seed="6,0,0,5,1,88" ten="159,331,374,136" oya="2" hai0="104,6,56,74,106,101,1,110,0,63,17,45,99" hai1="122,77,44,4,69,26,38,94,95,105,43,102,60" hai2="18,65,7,80,25,79,97,10,83,93,96,34,121" hai3="120,109,57,40,58,55,11,113,103,64,29,89,84"/><V54/><F121/><W62/><G109/><T36/><D74/><U66/><E122/><V9/><F65/><W68/><G68/><T48/><D36/><U71/><E71/><V35/><F35/><W39/><G120/><T78/><D78/><U85/><E4/><V112/><F112/><W41/><G39/><T13/><D6/><U23/><E105/><V98/><F34/><W53/><G113/><T129/><D129/><U33/><E33/><V86/><F54/><W119/><G119/><T107/><D110/><U76/><E102/><N who="2" m="60687" /><F83/><W91/><G64/><T115/><D115/><U73/><E73/><V123/><F123/><W116/><G116/><T118/><D118/><U131/><E131/><V70/><F70/><W128/><G128/><T135/><D135/><U12/><E12/><N who="2" m="5183" /><F10/><W132/><G132/><T87/><D87/><U125/><E125/><V117/><F117/><W15/><G103/><T47/><D107/><U111/><E111/><V42/><F42/><W124/><G91/><T90/><D90/><U24/><E77/><V127/><F127/><W82/><G124/><T32/><D32/><U52/><E52/><V92/><F92/><N who="1" m="35369" /><E76/><V49/><F49/><W134/><G134/><T130/><D48/><U50/><E38/><V108/><F108/><W28/><G41/><T14/><D106/><U30/><E85/><V46/><F46/><W59/><G40/><T133/><D130/><U51/><E51/><V21/><AGARI ba="0,0" hai="18,21,25,79,80,86,97,98" m="5183,60687" machi="21" ten="30,3000,0" yaku="8,1,52,1" doraHai="88" who="2" fromWho="2" sc="159,-10,331,-10,374,30,136,-10" /><INIT seed="6,1,0,5,0,22" ten="149,321,404,126" oya="2" hai0="19,91,33,52,118,104,66,25,4,107,78,12,86" hai1="119,49,62,44,85,18,116,53,87,129,125,42,122" hai2="17,131,120,54,99,63,135,10,112,92,98,110,41" hai3="32,1,31,55,105,117,46,2,7,26,8,20,111"/><V14/><F120/><W95/><G105/><T38/><D38/><U9/><E122/><V108/><F112/><W64/><G64/><T40/><D118/><U23/><E125/><V16/><F135/><W88/><G117/><T126/><D126/><U48/><E129/><V47/><F131/><W83/><G111/><N who="2" m="42537" /><F17/><W123/><G123/><T73/><D40/><U121/><E121/><V11/><F11/><W102/><G102/><T56/><D66/><U59/><E9/><V39/><F92/><W21/><G83/><T90/><D4/><U75/><E75/><V124/><F124/><W0/><G46/><T69/><D69/><U28/><E28/><V84/><F84/><W45/><G45/><T5/><D73/><U35/><E35/><V97/><F97/><W34/><G55/><T51/><D33/><N who="3" m="12905" /><G88/><N who="0" m="33835" /><D104/><U37/><E119/><V133/><F133/><W29/><G95/><T50/><D107/><U72/><E72/><V68/><F68/><W106/><G106/><T43/><D86/><N who="1" m="32779" /><E116/><V113/><F113/><W109/><G109/><T96/><D96/><U82/><E82/><V134/><F134/><W57/><G57/><AGARI ba="1,0" hai="10,14,16,39,41,47,54,57,63,98,99" m="42537" machi="57" ten="30,2900,0" yaku="10,1,54,1" doraHai="22" who="2" fromWho="3" sc="149,0,321,0,404,32,126,-32" /><INIT seed="6,2,0,4,4,96" ten="149,321,436,94" oya="2" hai0="40,104,11,66,54,82,58,35,4,10,114,38,19" hai1="103,64,93,49,30,6,52,67,76,69,72,95,50" hai2="29,74,135,129,15,39,33,88,8,117,133,105,9" hai3="132,79,128,70,17,99,25,27,2,100,12,71,83"/><V89/><F117/><W107/><G2/><T56/><D104/><U94/><E72/><V22/><F105/><W87/><G132/><N who="2" m="50761" /><F39/><W80/><G128/><T102/><D35/><U68/><E76/><V85/><F74/><W60/><G83/><T1/><D114/><U53/><E30/><V124/><F124/><W14/><G14/><T122/><D122/><U81/><E81/><N who="2" m="49199" /><F129/><W45/><G45/><T3/><D82/><U26/><E26/><N who="2" m="18615" /><F89/><W61/><G25/><T34/><D38/><U101/><E95/><V23/><F9/><W78/><G78/><T0/><D11/><U97/><E97/><V120/><F120/><W41/><G27/><T77/><D10/><U57/><E57/><V37/><F37/><W46/><G71/><T62/><D0/><U48/><E48/><V13/><F13/><W98/><G70/><T121/><D1/><U31/><E31/><V5/><AGARI ba="2,0" hai="5,8,15,22,23" m="18615,49199,50761" machi="5" ten="30,3000,0" yaku="20,1,54,1" doraHai="96" who="2" fromWho="2" sc="149,-12,321,-12,436,36,94,-12" /><INIT seed="6,3,0,0,0,120" ten="137,309,472,82" oya="2" hai0="32,93,24,22,20,36,131,57,37,109,53,33,23" hai1="87,111,107,83,115,124,21,16,92,118,45,101,88" hai2="29,126,110,112,113,6,62,5,18,135,54,106,11" hai3="114,103,7,30,28,133,13,105,9,98,102,82,26"/><V60/><F106/><W4/><G133/><T75/><D75/><U104/><E118/><V94/><F135/><W3/><G114/><N who="2" m="44137" /><F110/><W79/><G102/><T34/><D109/><U58/><E111/><V63/><F126/><W2/><G2/><T61/><D131/><U50/><E115/><V121/><F121/><W123/><G123/><T95/><REACH who="0" step="1"/><D24/><REACH who="0" ten="127,309,472,82" step="2"/><N who="1" m="14375" /><E124/><V91/><F29/><W99/><G28/><T27/><D27/><U64/><E104/><V119/><F119/><W125/><G125/><T132/><D132/><U117/><E107/><V0/><F0/><W52/><G3/><T17/><D17/><U69/><E117/><V47/><F18/><W55/><G26/><T65/><D65/><U70/><E70/><V100/><F6/><W74/><G30/><T68/><D68/><U38/><E69/><V43/><F5/><W39/><G4/><T127/><D127/><U89/><E38/><AGARI ba="3,1" hai="20,22,23,32,33,34,36,37,38,53,57,61,93,95" machi="38" ten="50,1600,0" yaku="1,1,53,0" doraHai="120" doraHaiUra="76" who="0" fromWho="1" sc="127,35,309,-25,472,0,82,0" /><INIT seed="7,0,0,2,0,46" ten="162,284,472,82" oya="3" hai0="14,75,20,15,43,88,92,111,85,105,115,30,87" hai1="77,91,99,90,22,54,79,106,1,124,67,65,45" hai2="18,37,133,35,2,3,57,47,62,116,63,119,89" hai3="102,100,48,86,98,117,34,66,61,114,5,6,84"/><W53/><G34/><T126/><D75/><U16/><E1/><V28/><F35/><W4/><G117/><T96/><D111/><U58/><E124/><V80/><F28/><W25/><G25/><N who="0" m="16679" /><D105/><U134/><E45/><V70/><F70/><W108/><G108/><T12/><D126/><U82/><E106/><V69/><F69/><W97/><G114/><T56/><D43/><U9/><E9/><V83/><F18/><W36/><G36/><T131/><D131/><U7/><E7/><V10/><F10/><W44/><G98/><T129/><D129/><U40/><E40/><V27/><F27/><W94/><REACH who="3" step="1"/><G100/><REACH who="3" ten="162,284,472,72" step="2"/><T109/><D109/><U73/><E99/><V112/><F112/><W59/><AGARI ba="0,1" hai="4,5,6,44,48,53,59,61,66,84,86,94,97,102" machi="59" ten="30,18000,2" yaku="1,1,2,1,0,1,8,1,52,1,53,2" doraHai="46" doraHaiUra="81" who="3" fromWho="3" sc="162,-60,284,-60,472,-60,72,190" /><INIT seed="7,1,0,0,5,81" ten="102,224,412,262" oya="3" hai0="59,20,13,51,23,52,86,58,92,60,7,70,48" hai1="112,39,19,14,126,5,100,73,127,28,34,56,102" hai2="62,123,50,0,35,40,55,87,104,78,122,4,66" hai3="133,91,54,24,57,105,17,36,121,2,129,71,119"/><W125/><RYUUKYOKU type="yao9" ba="1,0" sc="102,0,224,0,412,0,262,0" hai3="2,17,24,36,54,57,71,91,105,119,121,125,129,133" /><INIT seed="7,2,0,3,2,82" ten="102,224,412,262" oya="3" hai0="81,25,131,88,73,132,7,93,66,113,32,76,95" hai1="45,117,34,108,94,74,120,41,134,80,27,128,53" hai2="77,30,59,17,9,4,58,85,37,92,72,47,10" hai3="0,39,14,61,57,104,84,43,112,123,109,52,21"/><W122/><G0/><T35/><D7/><U36/><E120/><V50/><F37/><W67/><G104/><T63/><D132/><U40/><E108/><V55/><F72/><W106/><G106/><T129/><D129/><U22/><E134/><V71/><F71/><W23/><G109/><T127/><D131/><U2/><E2/><V97/><F30/><W46/><G112/><T62/><D127/><U31/><E117/><V86/><F77/><W15/><G123/><T26/><D113/><U91/><E128/><V101/><F17/><W60/><G122/><T68/><D35/><U1/><E1/><V64/><F64/><W49/><G60/><T20/><D32/><U78/><E41/><N who="2" m="24943" /><F59/><W133/><G133/><T114/><D114/><U3/><E3/><V38/><F38/><W44/><G84/><N who="2" m="32361" /><F4/><W87/><G87/><T11/><D11/><U103/><E53/><V13/><F13/><W102/><REACH who="3" step="1"/><G102/><REACH who="3" ten="102,224,412,252" step="2"/><T126/><D126/><U119/><E103/><V54/><F55/><W121/><G121/><T130/><D66/><U18/><E119/><V24/><F54/><W110/><G110/><T89/><D63/><U29/><E34/><V42/><F101/><W5/><G5/><T19/><D62/><U96/><AGARI ba="2,1" hai="18,22,27,29,31,36,40,45,74,78,80,91,94,96" machi="96" ten="20,1500,0" yaku="0,1,7,1" doraHai="82" who="1" fromWho="1" sc="102,-6,224,31,412,-6,252,-9" owari="96,-40.0,255,6.0,406,50.0,243,-16.0" /></mjloggm>