<mjloggm ver="2.3"><GO type="97" lobby="0"/><UN n0="%E3%82%86%E3%81%86%E5%A0%95%E5%A4%A9%E4%BD%BF" n1="%E3%81%8D%E3%81%AA%E7%B2%89%E3%82%82%E3%81%A1%E3%82%82%E3%81%A1" n2="%E3%83%88%E3%83%88%E3%83%AA%E5%85%88%E7%94%9F%31%39%E6%AD%B3" n3="%61%6F%6D%6F%72%69%31" dan="15,14,15,14" rate="2046.12,1948.94,2019.73,1904.32" sx="F,M,F,M"/><TAIKYOKU oya="0"/><INIT seed="0,0,0,1,3,129" ten="250,250,250,250" oya="0" hai0="93,116,67,125,126,4,57,17,71,28,9,66,123" hai1="77,30,98,89,14,56,100,130,69,94,20,121,41" hai2="95,1,61,21,80,131,15,102,52,108,7,8,0" hai3="32,120,62,11,82,119,60,24,103,64,127,25,96"/><T106/><D106/><U22/><E69/><V10/><F131/><W79/><G119/><T42/><D116/><U91/><E121/><V135/><F108/><W86/><G120/><T97/><D123/><U12/><E130/><V5/><F135/><W6/><G32/><T31/><D42/><U51/><E77/><V65/><F80/><W110/><G62/><N who="0" m="38223" /><D17/><N who="1" m="10279" /><E30/><V81/><F81/><W34/><G127/><N who="0" m="48651" /><D67/><U68/><E68/><V76/><F76/><W35/><G110/><T114/><D71/><U43/><E43/><V58/><F65/><W118/><G35/><T75/><D75/><U132/><E41/><V122/><F122/><W134/><G34/><T92/><D114/><U73/><E73/><V112/><F112/><W111/><G118/><T39/><D39/><U84/><E51/><V90/><F21/><W124/><G60/><T83/><D83/><U87/><E56/><V3/><REACH who="2" step="1"/><F102/><REACH who="2" ten="250,250,240,250" step="2"/><W23/><G64/><T54/><D92/><U16/><E100/><V29/><F29/><W13/><G111/><T2/><D54/><U63/><E94/><V50/><F50/><W26/><G124/><T88/><AGARI ba="0,1" hai="2,4,9,28,31,88,93,97" m="48651,38223" machi="88" ten="30,3000,0" yaku="18,1,54,1" doraHai="129" who="0" fromWho="0" sc="250,40,250,-10,240,-10,250,-10" /><INIT seed="0,1,0,0,3,63" ten="290,240,230,240" oya="0" hai0="107,79,90,72,48,103,17,33,22,111,124,54,113" hai1="133,51,134,55,127,57,36,67,58,109,120,45,92" hai2="110,47,16,68,75,34,125,59,106,14,2,62,115" hai3="74,8,130,83,31,76,39,38,91,37,11,105,116"/><T87/><D33/><U126/><E92/><V56/><F115/><W104/><G130/><T35/><D35/><U128/><E120/><V117/><F34/><W99/><G116/><T44/><D113/><U66/><E128/><V24/><F2/><W53/><G31/><T88/><D124/><N who="1" m="47659" /><E109/><V70/><F106/><W96/><G91/><T12/><D111/><U102/><E102/><V1/><F1/><W69/><G69/><T93/><D107/><U26/><E26/><V94/><F75/><W82/><G53/><T19/><D72/><U21/><E21/><V119/><F125/><W25/><G25/><T65/><D19/><U112/><E112/><V122/><F59/><N who="1" m="22537" /><E36/><V42/><F94/><W61/><G61/><T6/><D6/><U108/><E108/><V135/><F24/><W71/><G71/><T32/><D32/><U43/><E43/><V30/><F30/><W27/><G27/><T101/><D90/><U46/><E46/><V15/><F122/><W50/><G38/><T9/><D79/><U95/><E95/><V123/><F123/><W10/><G74/><T0/><D22/><U131/><E131/><V121/><F121/><W40/><G10/><T77/><D77/><U73/><E73/><V20/><F110/><W129/><G76/><T7/><D101/><U97/><E97/><V29/><F29/><W41/><G129/><T89/><D103/><U100/><E100/><V114/><F114/><W85/><REACH who="3" step="1"/><G85/><REACH who="3" ten="290,240,230,230" step="2"/><T84/><D84/><U132/><AGARI ba="1,1" hai="45,51,55,66,67,132,133,134" m="22537,47659" machi="132" ten="40,12000,2" yaku="20,1,18,1,34,2,52,2" doraHai="63" who="1" fromWho="1" sc="290,-61,240,133,230,-31,230,-31" /><INIT seed="1,0,0,4,1,81" ten="229,373,199,199" oya="1" hai0="25,56,129,113,82,91,44,103,55,51,22,118,34" hai1="62,0,13,19,32,50,69,119,114,104,88,27,133" hai2="23,87,42,120,75,124,57,110,4,93,79,68,72" hai3="85,92,109,10,48,76,52,121,116,106,1,58,132"/><U105/><E114/><V38/><F120/><W74/><G106/><T39/><D118/><U83/><E119/><V125/><F68/><W15/><G121/><T41/><D113/><U12/><E0/><V24/><F110/><W71/><G109/><T26/><D129/><U64/><E133/><V111/><F111/><W66/><G132/><T46/><D103/><U47/><E32/><V18/><F4/><W6/><G1/><T60/><D34/><U78/><E27/><V107/><F107/><W43/><G116/><T94/><D82/><U2/><E2/><V7/><F7/><W98/><G74/><T86/><REACH who="0" step="1"/><D22/><REACH who="0" ten="219,373,199,199" step="2"/><U36/><E83/><N who="2" m="47615" /><F93/><W99/><G76/><T100/><D100/><U54/><E78/><V40/><F124/><W21/><G92/><T134/><D134/><U84/><E105/><V63/><F125/><W3/><G21/><T115/><D115/><U128/><E104/><V17/><F75/><W96/><G3/><T131/><D131/><U65/><E128/><V127/><F72/><W73/><G73/><T117/><D117/><U67/><E69/><V122/><F127/><W61/><REACH who="3" step="1"/><G43/><AGARI ba="0,1" hai="25,26,39,41,43,44,46,51,55,56,60,86,91,94" machi="43" ten="30,3900,0" yaku="1,1,7,1,52,1,53,0" doraHai="81" doraHaiUra="33" who="0" fromWho="3" sc="219,49,373,0,199,0,199,-39" /><INIT seed="2,0,0,0,0,120" ten="268,373,199,160" oya="2" hai0="34,56,122,100,55,7,6,27,49,79,127,43,11" hai1="12,33,15,102,45,40,82,71,17,92,106,101,48" hai2="39,77,57,42,85,83,109,70,88,52,103,60,62" hai3="16,97,4,38,37,65,87,125,58,133,29,99,131"/><V63/><F109/><W107/><G133/><T50/><D122/><U119/><E119/><V26/><F103/><W72/><G131/><T129/><D127/><U25/><E106/><V13/><F70/><W128/><G125/><T59/><D100/><U89/><E71/><V123/><F123/><W5/><G128/><T1/><D79/><U98/><E33/><V134/><F134/><W28/><G72/><T84/><D84/><N who="1" m="50327" /><E25/><V111/><F111/><W0/><G87/><T91/><D91/><N who="1" m="55583" /><E15/><V54/><F77/><W51/><G58/><T116/><D116/><U130/><E130/><V41/><F39/><W31/><G51/><T117/><D117/><U121/><E121/><V105/><F105/><W66/><G107/><T108/><D6/><U68/><E68/><V30/><F13/><W18/><REACH who="3" step="1"/><G31/><REACH who="3" ten="268,373,199,150" step="2"/><N who="0" m="19839" /><D129/><U132/><E132/><V47/><F47/><W61/><G61/><T22/><D59/><U114/><E114/><V2/><F57/><W32/><G32/><T93/><D56/><U46/><E46/><V95/><F83/><W75/><G75/><T19/><D50/><U8/><AGARI ba="0,1" hai="8,12,17,40,45,48,101,102" m="55583,50327" machi="8" ten="30,1100,0" yaku="8,1" doraHai="120" who="1" fromWho="1" sc="268,-3,373,21,199,-5,150,-3" /><INIT seed="3,0,0,4,0,50" ten="265,394,194,147" oya="3" hai0="98,83,85,79,2,77,51,16,39,135,119,10,99" hai1="82,52,13,24,69,43,127,34,75,56,134,17,90" hai2="66,91,32,29,84,102,45,89,44,78,14,8,33" hai3="114,48,53,95,108,97,21,128,11,70,121,117,124"/><W62/><G114/><T20/><D39/><U111/><E69/><V103/><F33/><W110/><G117/><T109/><D135/><U23/><E134/><V107/><F32/><W115/><G121/><T131/><D131/><U104/><E104/><V36/><F36/><W105/><G115/><T12/><D119/><U57/><E111/><N who="3" m="42538" /><G124/><T122/><D122/><U6/><E127/><V68/><F107/><W63/><G128/><T5/><D109/><U47/><E75/><V18/><F68/><W42/><G70/><T46/><D77/><U129/><E129/><V25/><F66/><W96/><G105/><T101/><D101/><N who="2" m="38410" /><F25/><W38/><G11/><T130/><D130/><U120/><E120/><V92/><F29/><W58/><G21/><T26/><D2/><U7/><E34/><V93/><F78/><W88/><G96/><AGARI ba="0,0" hai="8,14,18,44,45,84,89,91,92,93,96" m="38410" machi="96" ten="30,1000,0" yaku="8,1" doraHai="50" who="2" fromWho="3" sc="265,0,394,0,194,10,147,-10" owari="265,7.0,394,49.0,204,-20.0,137,-36.0" /></mjloggm>