<mjloggm ver="2.3"><GO type="169" lobby="0"/><UN n0="%E9%8A%80%E3%81%B0%E3%81%95%E3%81%BF" n1="%E5%A4%A9%E5%B0%8A%E4%BD%8D" n2="%E6%98%9F%E6%B5%81%EF%BC%A0%53%65%69%52%75" n3="%E3%83%88%E3%83%88%E3%83%AA%E5%85%88%E7%94%9F%31%39%E6%AD%B3" dan="18,16,16,18" rate="2283.49,2106.83,2045.50,2278.42" sx="M,F,M,F"/><TAIKYOKU oya="0"/><INIT seed="0,0,0,2,2,70" ten="250,250,250,250" oya="0" hai0="77,12,88,16,22,10,99,110,1,111,98,43,67" hai1="65,33,90,51,29,129,8,96,72,35,14,102,105" hai2="55,119,80,68,21,28,56,123,59,24,73,124,121" hai3="107,20,113,4,3,11,40,42,23,93,135,103,95"/><T39/><D77/><U131/><E72/><V100/><F68/><W133/><G113/><T38/><D67/><U66/><E51/><V130/><F130/><N who="1" m="49673" /><E90/><V18/><F124/><W127/><G107/><T26/><D1/><U101/><E101/><V36/><F100/><W85/><G127/><T76/><D76/><U120/><E120/><V61/><F119/><W60/><G60/><T106/><D106/><U92/><E105/><V84/><F73/><W83/><G23/><T34/><D34/><N who="1" m="12811" /><E29/><V108/><F108/><N who="0" m="41514" /><D43/><U125/><E125/><V5/><F5/><AGARI ba="0,0" hai="5,8,14,65,66,92,96,102" m="12811,49673" machi="5" ten="30,1000,0" yaku="19,1" doraHai="70" who="1" fromWho="2" sc="250,0,250,10,250,-10,250,0" /><INIT seed="1,0,0,1,4,39" ten="250,260,240,250" oya="1" hai0="135,111,43,62,122,130,53,64,7,77,44,96,123" hai1="125,106,121,33,112,30,108,124,87,68,28,115,3" hai2="27,42,20,75,78,0,61,54,105,41,128,12,23" hai3="84,73,81,55,92,100,52,70,22,127,69,15,131"/><U72/><RYUUKYOKU type="yao9" ba="0,0" sc="250,0,260,0,240,0,250,0" hai1="3,28,30,33,68,72,87,106,108,112,115,121,124,125" /><INIT seed="1,1,0,3,3,35" ten="250,260,240,250" oya="1" hai0="127,105,45,87,43,42,110,80,85,133,121,69,37" hai1="34,81,117,96,1,93,6,54,53,65,26,84,58" hai2="76,13,15,5,103,67,25,47,40,71,125,92,77" hai3="115,59,99,10,20,12,33,98,131,130,129,39,119"/><U51/><E117/><V86/><F125/><W124/><G115/><T95/><D105/><U18/><E65/><V114/><F114/><W88/><G33/><T120/><D69/><U52/><E18/><V90/><F103/><W102/><G39/><T64/><D127/><U32/><E26/><V73/><F67/><W116/><G124/><T94/><D64/><U55/><E6/><V28/><F71/><W112/><G112/><T8/><D110/><U132/><E132/><V135/><F135/><W16/><G59/><T14/><D133/><U108/><E108/><V49/><F73/><W19/><G88/><N who="0" m="51239" /><D87/><U17/><E17/><V61/><F61/><W48/><G48/><T123/><D43/><U0/><E34/><V122/><F122/><N who="0" m="31234" /><T79/><DORA hai="23" /><D79/><U101/><REACH who="1" step="1"/><E32/><REACH who="1" ten="250,250,240,250" step="2"/><V72/><F5/><AGARI ba="1,1" hai="5,8,14,37,42,45,94,95" m="31234,51239" machi="5" ten="40,2600,0" yaku="13,1,54,1" doraHai="35,23" who="0" fromWho="2" sc="250,39,250,0,240,-29,250,0" /><INIT seed="2,0,0,5,2,37" ten="289,250,211,250" oya="2" hai0="113,38,67,51,61,4,11,63,74,93,101,107,7" hai1="36,90,43,120,84,79,89,81,72,85,91,73,26" hai2="60,35,97,27,102,132,106,48,46,123,126,66,99" hai3="76,135,83,12,86,75,131,88,98,62,92,50,56"/><V105/><F123/><W42/><G131/><T112/><D38/><U94/><E26/><V40/><F132/><W110/><G135/><T15/><D74/><N who="1" m="43255" /><E36/><V33/><F126/><W17/><G110/><T128/><D107/><U125/><E43/><V16/><F99/><W5/><G5/><T134/><D134/><U117/><E117/><V31/><F106/><W19/><G75/><N who="1" m="28746" /><E125/><V45/><F45/><N who="3" m="25911" /><G12/><T68/><D128/><U114/><E114/><V121/><F121/><W9/><G9/><T122/><D122/><U14/><E14/><V34/><REACH who="2" step="1"/><F16/><REACH who="2" ten="289,250,201,250" step="2"/><W108/><G108/><T6/><D113/><U55/><E120/><V69/><AGARI ba="0,1" hai="27,31,33,34,35,40,46,48,60,66,69,97,102,105" machi="69" ten="20,18000,2" yaku="1,1,2,1,0,1,7,1,25,2,52,1,53,0" doraHai="37" doraHaiUra="82" who="2" fromWho="2" sc="289,-60,250,-60,201,190,250,-60" /><INIT seed="2,1,0,4,2,81" ten="229,190,391,190" oya="2" hai0="72,128,23,68,56,46,12,60,24,88,71,130,125" hai1="57,104,7,28,16,94,15,36,62,76,55,67,100" hai2="91,79,101,42,117,13,114,119,53,5,3,96,50" hai3="17,41,29,74,9,58,93,95,48,78,134,52,37"/><V4/><F3/><W8/><G134/><T89/><D72/><U129/><E36/><V135/><F114/><W35/><G74/><T33/><D33/><U82/><E104/><V59/><F135/><W107/><G107/><T131/><D12/><U126/><E126/><V40/><F79/><W6/><G78/><T122/><D46/><U51/><E129/><V106/><F119/><W69/><G69/><N who="0" m="26699" /><D122/><U30/><E7/><V115/><F115/><W99/><G37/><T0/><D0/><U1/><E94/><V26/><F117/><W77/><G41/><T109/><D109/><U2/><E100/><V45/><F42/><W86/><G29/><N who="0" m="17567" /><D125/><U44/><E1/><V133/><F133/><W10/><G35/><T22/><D22/><U87/><E2/><V123/><F123/><W49/><G6/><T118/><D118/><U103/><E103/><V102/><F102/><N who="3" m="60783" /><G48/><T113/><D113/><U32/><E32/><V83/><F26/><W92/><G17/><T34/><D34/><U39/><E39/><V112/><F112/><W85/><G77/><T127/><D127/><U73/><E73/><V75/><F13/><W66/><G66/><AGARI ba="1,0" hai="56,60,66,88,89,128,130,131" m="17567,26699" machi="66" ten="40,2600,0" yaku="19,1,54,1" doraHai="81" who="0" fromWho="3" sc="229,29,190,0,391,0,190,-29" /><INIT seed="3,0,0,3,0,107" ten="258,190,391,161" oya="3" hai0="69,87,110,131,41,45,44,66,12,75,106,133,95" hai1="81,125,23,54,121,77,98,28,30,109,97,24,102" hai2="16,55,120,68,63,83,19,11,21,15,94,9,92" hai3="48,65,51,43,61,18,62,64,117,104,76,70,134"/><W105/><G117/><T118/><D106/><U4/><E109/><V22/><F120/><W10/><G134/><T132/><D110/><U37/><E121/><V14/><F83/><W122/><G122/><T32/><D32/><U50/><E37/><V40/><F40/><W46/><G76/><T52/><D118/><U8/><E125/><V29/><F29/><W13/><REACH who="3" step="1"/><G51/><REACH who="3" ten="258,190,391,151" step="2"/><T79/><D133/><U39/><E39/><V33/><F33/><W17/><G17/><T73/><D79/><U56/><E30/><V101/><F19/><W6/><G6/><T119/><D132/><U42/><E42/><V72/><F16/><W135/><G135/><T20/><D119/><U84/><REACH who="1" step="1"/><E102/><REACH who="1" ten="258,180,391,151" step="2"/><V57/><F101/><W25/><G25/><T27/><D27/><U31/><E31/><V7/><F7/><W1/><G1/><AGARI ba="0,2" hai="1,4,8,23,24,28,50,54,56,77,81,84,97,98" machi="1" ten="30,2000,0" yaku="1,1,7,1,53,0" doraHai="107" doraHaiUra="89" who="1" fromWho="3" sc="258,0,180,40,391,0,151,-20" /><INIT seed="4,0,0,0,5,119" ten="258,220,391,131" oya="0" hai0="47,116,2,135,68,0,83,121,13,14,33,4,87" hai1="36,125,53,26,60,62,86,96,15,77,10,109,80" hai2="95,40,3,123,98,100,74,105,1,131,71,110,102" hai3="45,120,85,124,108,23,39,56,59,58,115,25,22"/><T19/><D116/><U38/><E109/><V81/><F71/><W30/><G108/><T51/><D68/><U41/><E125/><V46/><F110/><W114/><G124/><T118/><D33/><U48/><E96/><V31/><F31/><W97/><G85/><T55/><D118/><U43/><E38/><V111/><F111/><W50/><G39/><T117/><D117/><U78/><E78/><V107/><F131/><W130/><G130/><T67/><D67/><U103/><E103/><V69/><F69/><W73/><G73/><T11/><D135/><U101/><E101/><V7/><F123/><W76/><G76/><T52/><D121/><U34/><E34/><V134/><F134/><W89/><G22/><T128/><D128/><U84/><E84/><V16/><F16/><N who="3" m="12519" /><G89/><N who="0" m="51455" /><D0/><U9/><E26/><V65/><F65/><W66/><G97/><T21/><D2/><U28/><E28/><V18/><F1/><W90/><G90/><T112/><D112/><N who="3" m="43049" /><G30/><T32/><D32/><U129/><E129/><V29/><F29/><W54/><G66/><T63/><D63/><N who="1" m="24107" /><E36/><N who="2" m="21767" /><F102/><W70/><G70/><T5/><D55/><U64/><E64/><V44/><F107/><W113/><N who="3" m="43057" /><W49/><DORA hai="132" /><G120/><T37/><D37/><U126/><E126/><V133/><F133/><W92/><G92/><T57/><D5/><N who="1" m="3503" /><E10/><N who="2" m="2431" /><F105/><W61/><G61/><T27/><D27/><U35/><E35/><V79/><F18/><W17/><G17/><T6/><D6/><U104/><E104/><V93/><F93/><W122/><G122/><T127/><D127/><U91/><E91/><RYUUKYOKU ba="0,0" sc="258,0,220,0,391,0,131,0" hai0="4,11,13,14,19,21,47,51,52,57" hai1="41,43,48,53,77,80,86" hai2="44,74,79,81,95,98,100" hai3="45,49,50,54,56,58,59" /><INIT seed="4,1,0,1,4,111" ten="258,220,391,131" oya="0" hai0="104,107,64,23,69,22,67,33,100,62,131,84,10" hai1="11,105,29,126,36,53,65,89,83,127,30,39,51" hai2="132,16,102,82,60,54,74,101,4,40,81,98,95" hai3="120,72,128,20,35,0,116,15,113,43,88,90,91"/><T55/><D131/><U13/><E105/><V3/><F74/><W121/><G116/><T124/><D124/><N who="1" m="47659" /><E65/><V8/><F132/><W63/><G72/><T117/><D117/><U115/><E115/><V70/><F40/><W108/><G108/><T7/><D33/><U119/><E119/><V19/><F101/><W5/><G35/><T57/><D84/><N who="1" m="50335" /><E39/><V85/><F82/><W125/><G128/><T49/><D67/><U6/><E36/><V32/><F32/><W122/><G125/><T24/><D100/><U37/><E37/><V87/><F85/><W41/><G0/><T42/><D42/><N who="3" m="15881" /><G63/><T130/><D130/><U118/><E118/><V73/><F73/><W78/><G78/><T58/><D69/><U1/><E1/><V2/><F2/><W133/><G133/><T59/><D59/><AGARI ba="1,0" hai="6,11,13,29,30,51,53,59" m="50335,47659" machi="59" ten="30,1000,0" yaku="18,1" doraHai="111" who="1" fromWho="0" sc="258,-13,220,13,391,0,131,0" /><INIT seed="5,0,0,5,0,67" ten="245,233,391,131" oya="1" hai0="103,121,53,39,101,94,9,109,108,11,28,134,118" hai1="6,44,74,115,97,21,18,0,15,125,120,40,62" hai2="55,70,76,75,113,51,29,68,117,38,10,59,71" hai3="114,12,79,36,34,131,26,66,14,24,104,106,80"/><U7/><E120/><V116/><F29/><W17/><G36/><T89/><D39/><U100/><E115/><V135/><F76/><W110/><G110/><T112/><D118/><U130/><E74/><V19/><F75/><W49/><G114/><T1/><D112/><U107/><E0/><V16/><F113/><W65/><G131/><T46/><D121/><U84/><E130/><V31/><F38/><W90/><G90/><T61/><D134/><U81/><E62/><V23/><F135/><W43/><G49/><T30/><D1/><U98/><E98/><V73/><F73/><W3/><G3/><T8/><D108/><U42/><E125/><V56/><F56/><W86/><G43/><T99/><D109/><U123/><E123/><V35/><F35/><W69/><G65/><T85/><D99/><U102/><E102/><N who="0" m="38921" /><D46/><U87/><E87/><V83/><F83/><W129/><G129/><T52/><D61/><U45/><E45/><V50/><F50/><W111/><G111/><T92/><D92/><U105/><E105/><V2/><F2/><W27/><G34/><T41/><D41/><U88/><REACH who="1" step="1"/><E42/><REACH who="1" ten="245,223,391,131" step="2"/><V4/><F117/><W133/><G133/><T119/><D119/><U13/><E13/><N who="2" m="5319" /><F116/><W22/><REACH who="3" step="1"/><G14/><REACH who="3" ten="245,223,391,121" step="2"/><T25/><D25/><U20/><E20/><V82/><F23/><W54/><G54/><AGARI ba="0,2" hai="8,9,11,28,30,52,53,54,85,89,94" m="38921" machi="54" ten="30,2000,0" yaku="8,1,54,1" doraHai="67" who="0" fromWho="3" sc="245,40,223,0,391,0,121,-20" /><INIT seed="6,0,0,2,3,2" ten="285,223,391,101" oya="2" hai0="91,4,46,22,41,86,34,71,15,0,112,30,113" hai1="100,110,111,19,126,10,76,61,70,59,102,65,31" hai2="96,101,115,82,62,3,124,77,72,107,87,89,98" hai3="39,120,83,129,52,36,132,11,81,104,35,48,14"/><V130/><F3/><W54/><G120/><T114/><D71/><U49/><E31/><V92/><F115/><W69/><G35/><T119/><D119/><U94/><E76/><V118/><F118/><W29/><G104/><T51/><D34/><U88/><E126/><V90/><F62/><W32/><G69/><T97/><D97/><U16/><E111/><V25/><F25/><W50/><G129/><T122/><D122/><U73/><E73/><V13/><F13/><W134/><G32/><T109/><D109/><U17/><E110/><V128/><F124/><W67/><G29/><T56/><D0/><U93/><E93/><AGARI ba="0,0" hai="72,77,82,87,89,90,92,93,96,98,101,107,128,130" machi="93" ten="40,12000,1" yaku="24,2,34,3" doraHai="2" who="2" fromWho="1" sc="285,0,223,-120,391,120,101,0" /><INIT seed="6,1,0,2,2,76" ten="285,103,511,101" oya="2" hai0="30,9,5,36,114,98,129,110,119,13,92,79,21" hai1="84,80,37,91,24,106,7,94,123,97,75,61,134" hai2="43,32,18,60,73,45,63,112,4,20,27,40,68" hai3="99,86,12,69,100,50,48,133,118,26,16,67,38"/><V74/><F32/><W107/><G118/><T126/><D36/><U125/><E37/><V66/><F112/><W77/><G38/><T111/><D114/><U124/><E7/><V1/><F60/><W108/><G108/><T120/><D120/><U14/><E123/><V127/><F127/><N who="1" m="48713" /><E14/><V113/><F113/><W85/><G133/><T102/><D126/><U78/><E134/><V55/><F55/><W59/><G69/><T19/><D119/><U117/><E117/><V89/><F89/><W115/><G115/><T47/><D129/><U83/><E24/><V88/><F4/><W101/><G26/><T135/><D135/><U72/><E61/><V54/><F1/><W17/><G17/><T8/><D5/><U52/><E52/><V87/><F54/><W41/><G67/><T22/><D110/><U58/><E58/><V130/><F130/><W51/><G59/><T53/><D53/><U95/><E106/><V2/><F2/><W39/><G77/><T105/><D79/><N who="1" m="44159" /><E95/><V82/><F43/><W71/><G71/><T35/><D105/><U33/><E33/><V57/><F68/><W81/><G81/><T132/><D35/><U15/><E15/><V46/><F45/><W56/><G56/><T103/><D47/><U90/><E90/><V3/><F3/><W23/><REACH who="3" step="1"/><G101/><REACH who="3" ten="285,103,511,91" step="2"/><T28/><D103/><U49/><E49/><AGARI ba="1,1" hai="18,20,27,40,46,49,57,63,66,73,74,82,87,88" machi="49" ten="30,5800,0" yaku="7,1,52,1,54,1" doraHai="76" who="2" fromWho="1" sc="285,0,103,-61,511,71,91,0" /><INIT seed="6,2,0,4,4,73" ten="285,42,582,91" oya="2" hai0="50,58,48,76,31,6,104,67,85,35,97,105,5" hai1="1,65,109,86,98,71,27,120,69,24,59,8,25" hai2="115,19,130,106,70,124,127,66,88,117,12,99,100" hai3="68,112,62,0,20,44,77,95,108,72,54,82,40"/><V22/><F117/><W102/><G108/><T7/><D35/><U78/><E109/><V133/><F115/><W110/><G110/><T42/><D31/><U134/><E134/><V23/><F130/><W47/><G0/><T79/><D85/><U17/><E120/><V18/><F133/><W46/><G112/><T91/><D91/><U111/><E111/><V93/><F66/><W96/><G20/><T113/><D113/><U11/><E11/><V34/><F70/><W107/><G107/><T87/><D87/><U32/><E32/><V114/><F34/><W56/><REACH who="3" step="1"/><G68/><REACH who="3" ten="285,42,582,81" step="2"/><T103/><D104/><U135/><E135/><V128/><F114/><W131/><G131/><T39/><D105/><U38/><E38/><AGARI ba="2,1" hai="38,40,44,46,47,54,56,62,72,77,82,95,96,102" machi="38" ten="30,7700,0" yaku="1,1,7,1,52,1,53,1" doraHai="73" doraHaiUra="53" who="3" fromWho="1" sc="285,0,42,-83,582,0,81,93" owari="285,9.0,-41,-54.0,582,68.0,174,-23.0" /></mjloggm>