<mjloggm ver="2.3"><GO type="169" lobby="0"/><UN n0="%63%68%61%72%6C%69%65%37" n1="%E3%83%88%E3%83%88%E3%83%AA%E5%85%88%E7%94%9F%31%39%E6%AD%B3" n2="%79%6F%74%31%32%33" n3="%E6%9D%BE%E5%B1%8B%E3%81%8A%E3%81%98%E3%81%95%E3%82%93" dan="17,18,16,16" rate="2216.67,2274.97,2072.39,2087.89" sx="M,F,M,M"/><TAIKYOKU oya="0"/><INIT seed="0,0,0,3,1,90" ten="250,250,250,250" oya="0" hai0="58,9,94,7,35,111,36,15,28,5,37,113,78" hai1="84,27,117,14,86,49,26,99,104,76,38,132,121" hai2="109,18,55,74,98,56,83,41,77,95,57,2,51" hai3="120,112,34,16,96,102,60,122,80,110,64,135,127"/><T91/><D111/><U87/><E38/><V130/><F109/><W62/><G110/><T30/><D113/><U1/><E1/><V118/><F130/><W19/><G112/><T128/><D78/><U20/><E117/><V133/><F133/><W69/><G135/><T4/><D128/><U29/><E121/><N who="3" m="46698" /><G34/><T73/><D73/><U33/><E132/><V93/><F118/><W97/><G127/><T124/><D58/><U106/><E76/><V21/><F2/><W50/><G80/><T46/><D124/><U6/><E49/><V63/><F98/><W23/><G60/><T13/><D35/><U25/><E26/><V125/><F125/><W8/><G50/><T11/><D7/><U68/><E68/><V43/><F43/><W107/><G8/><T40/><REACH who="0" step="1"/><D37/><REACH who="0" ten="240,250,250,250" step="2"/><U71/><E6/><V70/><F70/><W116/><G116/><T81/><D81/><U32/><E71/><V10/><F57/><W72/><G72/><T119/><D119/><U92/><E32/><V54/><F83/><W47/><G69/><T42/><D42/><U48/><E33/><V88/><F41/><W31/><G64/><T0/><D0/><U85/><E106/><V108/><F77/><W17/><G107/><T103/><D103/><U101/><E104/><V79/><F79/><W3/><G102/><T126/><D126/><U24/><E101/><V67/><F74/><W131/><G3/><T66/><D66/><U105/><E105/><V53/><F108/><W22/><G131/><T82/><D82/><U65/><N who="1" m="21504" /><DORA hai="75" /><U123/><E123/><V100/><F100/><RYUUKYOKU ba="0,1" sc="240,30,250,-10,250,-10,250,-10" hai0="4,5,9,11,13,15,28,30,36,40,46,91,94" /><INIT seed="0,1,1,5,4,22" ten="270,240,240,240" oya="0" hai0="3,97,77,30,83,121,98,89,64,82,14,66,42" hai1="13,57,60,24,20,106,72,23,95,112,104,100,102" hai2="123,111,49,93,110,78,128,21,4,0,38,56,50" hai3="120,12,27,129,80,26,48,81,39,36,6,119,85"/><T107/><D3/><U63/><E72/><V35/><F38/><W17/><G119/><T125/><D121/><U37/><E37/><V15/><F35/><W88/><G120/><T53/><D42/><U91/><E112/><V40/><F0/><W43/><G39/><T135/><D135/><U133/><E133/><V131/><F123/><W34/><G6/><T32/><D32/><U127/><E127/><V70/><F70/><W61/><G36/><T130/><D125/><U1/><E1/><V11/><F78/><W62/><G34/><T90/><D30/><N who="1" m="17671" /><E106/><V113/><F113/><W73/><G129/><N who="2" m="49737" /><F40/><W75/><G75/><T99/><D130/><U2/><E104/><V124/><F124/><W52/><G43/><T84/><D53/><N who="1" m="33839" /><E63/><N who="3" m="24074" /><G81/><N who="0" m="47151" /><D14/><U108/><E108/><N who="2" m="41515" /><F56/><N who="3" m="32775" /><G73/><T122/><D122/><U54/><E2/><V33/><F33/><W58/><G58/><T8/><D66/><U9/><E54/><V51/><F93/><W55/><G55/><T16/><D64/><U28/><E9/><AGARI ba="1,1" hai="9,12,17,26,27,80,85,88" m="32775,24074" machi="9" ten="30,8000,1" yaku="8,1,52,2,54,2" doraHai="22" who="3" fromWho="1" sc="270,0,240,-83,240,0,240,93" /><INIT seed="1,0,0,2,2,88" ten="270,157,240,333" oya="1" hai0="31,80,102,99,59,5,17,117,56,15,53,63,14" hai1="27,18,48,61,125,128,104,11,126,74,116,24,78" hai2="65,12,21,87,89,90,95,41,113,135,9,85,4" hai3="94,39,82,92,30,64,107,67,7,38,97,34,22"/><U73/><E116/><V112/><F135/><W3/><G34/><T130/><D117/><U84/><E104/><V121/><F121/><W114/><G107/><T60/><D31/><U8/><E128/><V42/><F65/><W96/><G3/><T83/><D130/><U127/><E61/><V2/><F2/><W79/><G7/><T120/><D5/><U28/><E48/><V33/><F21/><W50/><G39/><T25/><D25/><N who="1" m="9803" /><E28/><V16/><F4/><W36/><G30/><T115/><D115/><N who="2" m="44106" /><F33/><W100/><G22/><T69/><D69/><U47/><E47/><V66/><F66/><W86/><G114/><T71/><D71/><U119/><E119/><V110/><F110/><W101/><G38/><T109/><D120/><U129/><E129/><V32/><F32/><W77/><G36/><T29/><D109/><U1/><E1/><V43/><F43/><W35/><G35/><T91/><D29/><U40/><E40/><V106/><F106/><W118/><G118/><T0/><D0/><U124/><N who="1" m="31744" /><DORA hai="76" /><U13/><E11/><V75/><F75/><W55/><G77/><T123/><D123/><U58/><E58/><AGARI ba="0,0" hai="50,55,58,64,67,79,82,86,92,94,96,97,100,101" machi="58" ten="30,12000,2" yaku="7,1,9,1,8,1,52,3" doraHai="88,76" who="3" fromWho="1" sc="270,0,157,-120,240,0,333,120" /><INIT seed="2,0,0,0,4,69" ten="270,37,240,453" oya="2" hai0="133,79,28,56,43,113,68,117,83,34,53,2,54" hai1="24,45,110,127,96,87,6,78,97,13,55,9,109" hai2="92,129,50,89,31,35,0,124,46,10,11,65,80" hai3="101,123,81,37,38,15,20,63,94,39,102,105,115"/><V130/><F65/><W12/><G105/><T3/><D68/><U95/><E127/><V128/><F124/><W75/><G123/><T84/><D113/><U93/><E109/><V33/><F80/><W86/><G75/><T76/><D133/><U1/><E110/><V22/><F22/><W135/><G115/><T74/><D117/><U19/><E1/><V67/><F67/><W16/><G135/><T48/><D43/><U125/><E125/><V118/><F118/><W47/><G63/><T104/><D104/><U134/><E134/><V90/><F0/><W112/><G112/><T8/><D76/><U59/><E45/><V107/><F107/><W121/><G121/><T72/><D3/><U40/><E40/><N who="2" m="24903" /><F90/><W126/><G126/><T82/><D28/><U61/><E95/><V42/><F42/><W77/><G47/><T5/><D34/><N who="2" m="12810" /><F31/><W88/><REACH who="3" step="1"/><G15/><REACH who="3" ten="270,37,240,443" step="2"/><T32/><D74/><U25/><E61/><V85/><AGARI ba="0,1" hai="10,11,85,89,92,128,129,130" m="12810,24903" machi="85" ten="40,2100,0" yaku="19,1" doraHai="69" who="2" fromWho="2" sc="270,-7,37,-7,240,31,443,-7" /><INIT seed="2,1,0,3,5,72" ten="263,30,271,436" oya="2" hai0="73,71,68,45,122,6,4,105,108,17,123,26,115" hai1="39,129,23,41,89,25,121,22,0,102,100,74,133" hai2="35,78,107,135,47,21,13,117,10,8,75,36,49" hai3="52,126,94,116,57,109,46,61,34,24,82,88,31"/><V38/><F35/><W33/><G116/><T69/><D45/><U112/><E0/><V132/><F107/><W81/><G109/><T19/><D108/><U9/><E112/><V15/><F117/><W27/><G126/><T28/><D105/><U118/><E118/><V7/><F21/><W96/><G46/><T104/><D115/><U66/><E74/><V93/><F93/><W11/><G11/><T20/><D104/><U97/><E129/><V80/><F49/><W16/><G16/><T99/><D73/><U125/><E125/><V30/><F30/><AGARI ba="1,0" hai="24,27,30,31,33,34,52,57,61,81,82,88,94,96" machi="30" ten="40,5200,0" yaku="9,1,54,2" doraHai="72" who="3" fromWho="2" sc="263,0,30,0,271,-55,436,55" /><INIT seed="3,0,0,2,3,88" ten="263,30,216,491" oya="3" hai0="17,86,96,109,49,126,51,91,27,118,93,65,92" hai1="10,14,105,9,64,28,0,95,4,112,87,99,19" hai2="26,84,127,117,8,114,120,128,57,36,101,77,18" hai3="80,5,113,76,2,85,108,3,67,22,29,83,115"/><W25/><G108/><T106/><D106/><U68/><E112/><V33/><F36/><W6/><G67/><T16/><D118/><U31/><E105/><V58/><F114/><W131/><G131/><T59/><D109/><U47/><E87/><V116/><F128/><W21/><G85/><T23/><D126/><U81/><E81/><N who="2" m="47151" /><F33/><W125/><G29/><T63/><D17/><U39/><E64/><V69/><F69/><W107/><G107/><T82/><REACH who="0" step="1"/><D93/><REACH who="0" ten="253,30,216,491" step="2"/><U48/><E68/><V90/><F127/><W37/><G125/><T34/><D34/><U38/><E31/><V102/><F120/><W74/><G115/><T134/><D134/><U98/><E28/><V24/><F117/><W133/><G113/><T72/><D72/><U61/><E98/><V44/><F18/><W56/><G133/><T15/><D15/><U13/><E0/><V103/><F26/><W119/><G119/><T94/><D94/><U52/><REACH who="1" step="1"/><E61/><REACH who="1" ten="253,20,216,491" step="2"/><V79/><F116/><W100/><G3/><T30/><D30/><U122/><E122/><V97/><F97/><W110/><G2/><T135/><D135/><U50/><E50/><V7/><F7/><W66/><G110/><T78/><AGARI ba="0,2" hai="16,23,27,49,51,59,63,65,78,82,86,91,92,96" machi="78" ten="20,12000,2" yaku="1,1,0,1,7,1,8,1,52,1,54,1,53,0" doraHai="88" doraHaiUra="41" who="0" fromWho="0" sc="253,140,20,-30,216,-30,491,-60" owari="393,19.0,-10,-51.0,186,-21.0,431,53.0" /></mjloggm>