<mjloggm ver="2.3"><GO type="169" lobby="0"/><UN n0="%E3%83%9A%E3%83%81%E3%83%A7%E3%83%BC%E3%83%AA%E3%83%B3" n1="%E3%82%B1%E3%83%B3%E3%83%A4%E2%98%85" n2="%E3%83%88%E3%82%B7%E3%83%95%E3%83%BC%E3%83%8B" n3="%E3%82%A6%E3%83%AB%E3%83%88%E3%83%A9%E7%AB%8B%E7%9B%B4" dan="17,18,17,17" rate="2116.36,2152.88,2229.14,2127.20" sx="M,M,M,M"/><TAIKYOKU oya="0"/><INIT seed="0,0,0,0,2,77" ten="250,250,250,250" oya="0" hai0="113,23,82,106,121,116,62,129,51,115,105,14,65" hai1="41,87,101,24,19,10,96,84,123,66,3,97,26" hai2="111,118,92,22,47,134,133,102,1,112,72,108,88" hai3="135,94,127,128,132,37,95,93,31,131,126,75,61"/><T55/><D116/><U110/><E123/><V28/><F1/><W8/><G37/><T34/><D121/><U86/><E110/><N who="2" m="42027" /><F118/><W17/><G31/><T98/><D34/><U107/><E41/><V0/><F0/><W16/><G75/><T52/><D129/><N who="3" m="49737" /><G61/><T5/><D105/><U56/><E66/><V20/><F112/><W130/><G130/><T103/><D55/><U4/><E56/><V59/><F102/><W125/><G8/><T48/><D48/><U80/><E96/><N who="2" m="57351" /><F72/><W122/><G122/><T39/><D39/><U29/><E19/><AGARI ba="0,0" hai="16,17,19,93,94,95,125,126,127,132,135" m="49737" machi="19" ten="40,12000,2" yaku="30,2,28,2,18,1,19,1,54,1" doraHai="77" who="3" fromWho="1" sc="250,0,250,-120,250,0,250,120" /><INIT seed="1,0,0,1,5,28" ten="250,130,250,370" oya="1" hai0="60,19,89,87,6,94,54,93,4,26,71,62,46" hai1="15,120,9,56,52,36,64,108,114,63,59,17,51" hai2="132,5,50,30,127,82,69,92,124,8,58,22,113" hai3="67,110,78,102,98,123,31,40,35,18,65,34,61"/><U12/><E120/><V75/><F69/><W77/><G123/><T101/><D71/><U104/><E114/><V91/><F113/><W116/><G31/><T105/><D105/><U119/><E119/><V2/><F132/><W73/><G40/><T21/><D46/><U11/><E108/><V86/><F50/><W39/><G39/><T130/><D130/><U107/><REACH who="1" step="1"/><E36/><REACH who="1" ten="250,120,250,370" step="2"/><V90/><F127/><W47/><G110/><T20/><D101/><U70/><E70/><V118/><F124/><W135/><G102/><T85/><D89/><U23/><E23/><V53/><F22/><W100/><G100/><T112/><D112/><U10/><E10/><V83/><F8/><W129/><G116/><T42/><D20/><U29/><E29/><V76/><F30/><W88/><G88/><T48/><D21/><U16/><AGARI ba="0,1" hai="9,11,12,15,16,17,51,52,56,59,63,64,104,107" machi="16" ten="20,18000,2" yaku="1,1,0,1,7,1,9,1,54,2,53,0" doraHai="28" doraHaiUra="134" who="1" fromWho="1" sc="250,-60,120,190,250,-60,370,-60" /><INIT seed="1,1,0,4,5,11" ten="190,310,190,310" oya="1" hai0="33,35,65,26,25,0,28,127,105,125,133,27,59" hai1="71,57,30,84,12,17,74,69,88,82,72,122,2" hai2="10,43,48,124,115,95,67,14,87,50,110,126,120" hai3="77,42,97,107,21,109,99,128,47,111,90,8,51"/><U116/><E2/><V68/><F120/><W121/><G121/><T76/><D105/><U92/><E116/><V31/><F31/><W118/><G118/><T70/><D70/><U135/><E122/><V114/><F110/><N who="3" m="41995" /><G77/><T119/><D119/><U6/><E6/><N who="2" m="3415" /><F67/><W4/><G107/><T20/><D76/><U37/><E37/><V60/><F60/><W89/><G21/><T85/><D85/><U16/><E30/><V62/><F62/><W98/><G128/><T123/><D59/><U96/><E135/><V86/><F68/><W5/><G5/><T9/><D65/><U41/><E71/><V49/><F43/><W29/><G29/><N who="0" m="19647" /><D123/><U73/><E69/><V19/><F19/><W113/><G113/><N who="2" m="43017" /><F95/><W94/><G94/><T132/><D26/><U83/><E41/><V61/><F61/><W53/><G42/><T34/><D34/><U108/><E108/><V32/><F32/><W54/><G53/><T64/><D64/><U58/><E82/><V80/><F87/><W81/><G81/><T3/><D20/><U100/><REACH who="1" step="1"/><E17/><REACH who="1" ten="190,300,190,310" step="2"/><V1/><F1/><AGARI ba="1,1" hai="1,4,8,47,51,54,89,90,97,98,99" m="41995" machi="1" ten="30,1000,0" yaku="14,1" doraHai="11" who="3" fromWho="2" sc="190,0,300,0,190,-13,310,23" /><INIT seed="2,0,0,1,0,114" ten="190,300,177,333" oya="2" hai0="47,105,73,98,88,44,97,9,70,59,76,37,118" hai1="61,2,32,4,56,58,123,34,67,40,36,101,135" hai2="49,115,77,134,63,108,11,83,81,129,116,107,72" hai3="39,16,131,119,117,89,24,79,74,64,87,113,29"/><V17/><F115/><W93/><G39/><T84/><D70/><U6/><E101/><V51/><F107/><W100/><G113/><T53/><D118/><U3/><E36/><V120/><F120/><W125/><G64/><T121/><D121/><U19/><E40/><V95/><F116/><W10/><G100/><T18/><D73/><U5/><E123/><V35/><F35/><W28/><G28/><T124/><D124/><U12/><E135/><V78/><F134/><W103/><G103/><T25/><D76/><U45/><E45/><N who="0" m="17481" /><D105/><U90/><E58/><V60/><F129/><W102/><G102/><T21/><D9/><U94/><E2/><V55/><F108/><W46/><G46/><T62/><D37/><U66/><E3/><V127/><F127/><W65/><G65/><T22/><D22/><N who="1" m="11623" /><E32/><V130/><F130/><W112/><G112/><T75/><D75/><U31/><E34/><V126/><F126/><W96/><G74/><T110/><D110/><U50/><E31/><V92/><F72/><W27/><G125/><T82/><AGARI ba="0,0" hai="18,21,25,53,59,62,82,84,88,97,98" m="17481" machi="82" ten="30,2000,0" yaku="8,1,54,1" doraHai="114" who="0" fromWho="0" sc="190,20,300,-5,177,-10,333,-5" /><INIT seed="3,0,0,2,5,75" ten="210,295,167,328" oya="3" hai0="69,94,84,107,59,74,86,1,106,112,65,102,3" hai1="50,33,8,134,67,22,35,41,29,135,126,45,40" hai2="76,2,91,127,72,64,62,117,82,80,89,25,60" hai3="118,47,79,26,44,43,123,121,128,23,87,34,13"/><W70/><G70/><T24/><D69/><U97/><E126/><V63/><F117/><W125/><G118/><T109/><D74/><U37/><E67/><V36/><F127/><W16/><G125/><T30/><D112/><U21/><E37/><V93/><F36/><W54/><G128/><T88/><D109/><U100/><E8/><V56/><F2/><W96/><G54/><T7/><D86/><U103/><E29/><V66/><F25/><W83/><G96/><T5/><D1/><U52/><E21/><V18/><F18/><W9/><G34/><N who="1" m="12810" /><E22/><V116/><F116/><W71/><G71/><T78/><D3/><U129/><E129/><V48/><F82/><W27/><G27/><T0/><D0/><U104/><E100/><V38/><F38/><W10/><G10/><T85/><D107/><U68/><E68/><V114/><F114/><W20/><G20/><N who="0" m="15623" /><D102/><U98/><E98/><V6/><F6/><W113/><G113/><T99/><D106/><U42/><E42/><V77/><F72/><W11/><G11/><T39/><D39/><U122/><E122/><V111/><F111/><W61/><G61/><N who="2" m="23657" /><F48/><W28/><REACH who="3" step="1"/><G43/><REACH who="3" ten="210,295,167,318" step="2"/><T124/><D124/><U108/><E108/><V12/><F66/><W119/><G119/><T53/><D65/><U4/><E41/><V81/><F12/><W110/><G110/><T46/><D7/><U17/><E4/><V57/><F64/><W90/><G90/><N who="2" m="34313" /><F63/><W73/><G73/><T92/><D5/><U132/><E40/><V130/><F130/><W32/><G32/><T19/><D99/><U31/><E31/><RYUUKYOKU ba="0,1" sc="210,-15,295,15,167,-15,318,15" hai1="17,45,50,52,97,103,104,132,134,135" hai3="9,13,16,23,26,28,44,47,79,83,87,121,123" /><INIT seed="3,1,1,1,2,40" ten="195,310,152,333" oya="3" hai0="120,39,65,45,102,94,53,13,92,61,90,12,10" hai1="105,85,22,41,108,77,29,68,96,135,116,84,104" hai2="35,101,51,114,80,57,69,44,103,55,47,89,21" hai3="113,60,129,5,63,3,131,9,118,97,16,123,86"/><W70/><G123/><T75/><D75/><U54/><E68/><V134/><F69/><W88/><G118/><T4/><D120/><U32/><E32/><V67/><F35/><W7/><G113/><T127/><D127/><U74/><E54/><V133/><F114/><W78/><G78/><T95/><D102/><N who="2" m="38922" /><F67/><W111/><G97/><T87/><D13/><U76/><E29/><V99/><F21/><W83/><G111/><T50/><REACH who="0" step="1"/><D39/><REACH who="0" ten="185,310,152,333" step="2"/><U25/><E74/><V100/><F100/><W73/><G73/><T2/><D2/><U81/><E108/><V110/><F110/><W20/><G7/><T37/><D37/><U64/><E105/><V121/><F121/><W48/><G48/><T56/><AGARI ba="1,2" hai="4,10,12,45,50,53,56,61,65,87,90,92,94,95" machi="56" ten="20,8000,1" yaku="1,1,0,1,7,1,8,1,52,1,53,0" doraHai="40" doraHaiUra="38" who="0" fromWho="0" sc="185,103,310,-21,152,-21,333,-41" /><INIT seed="4,0,0,4,4,91" ten="288,289,131,292" oya="0" hai0="81,33,133,85,25,59,40,2,97,10,131,108,66" hai1="48,65,128,82,57,20,50,107,75,41,11,30,84" hai2="53,13,110,99,45,96,76,5,47,16,56,27,78" hai3="29,42,32,116,0,62,23,37,129,113,67,15,87"/><T73/><D73/><U35/><E35/><V115/><F110/><W74/><G0/><T8/><D108/><U95/><E107/><V114/><F27/><W71/><G74/><T64/><D131/><U3/><E75/><V69/><F5/><W61/><G116/><T88/><D133/><U126/><E126/><V94/><F69/><W109/><G109/><T9/><D2/><U72/><E72/><V55/><F115/><W102/><G62/><T58/><D40/><U92/><E11/><N who="2" m="6207" /><F114/><W60/><G61/><T98/><D33/><U70/><E70/><V134/><F134/><W51/><G37/><T12/><D25/><U52/><E3/><V93/><F47/><W125/><G60/><T121/><D121/><U63/><E128/><V79/><F45/><W49/><G67/><N who="0" m="25643" /><D12/><U54/><E41/><V123/><F123/><W46/><G15/><T22/><D22/><U83/><E20/><V86/><F86/><W80/><G42/><T124/><D124/><U19/><E84/><V135/><F135/><W21/><G23/><T24/><D24/><U68/><E19/><V104/><F104/><W28/><G21/><T1/><D1/><U43/><E43/><V39/><F39/><W90/><G71/><T6/><D6/><U4/><E4/><V106/><F106/><W127/><G32/><T7/><D7/><U18/><E18/><V103/><F56/><AGARI ba="0,0" hai="8,9,10,56,58,59,81,85,88,97,98" m="25643" machi="56" ten="30,2900,0" yaku="8,1,54,1" doraHai="91" who="0" fromWho="2" sc="288,29,289,0,131,-29,292,0" /><INIT seed="4,1,0,1,3,13" ten="317,289,102,292" oya="0" hai0="130,118,116,76,70,134,26,3,77,102,2,69,131" hai1="127,75,32,79,25,135,40,38,113,46,60,0,78" hai2="20,99,34,87,100,95,81,16,93,66,10,109,68" hai3="55,115,31,91,11,37,61,9,112,96,12,74,86"/><T15/><D102/><U53/><E0/><N who="0" m="41" /><D26/><U58/><E135/><V19/><F34/><W28/><G74/><T125/><D15/><U94/><E127/><V5/><F109/><W126/><G37/><T72/><D72/><U67/><E113/><N who="3" m="43594" /><G96/><T33/><D33/><U71/><E75/><V23/><F68/><N who="0" m="26218" /><D134/><U45/><E45/><V133/><F133/><W17/><G11/><T105/><D105/><U121/><E121/><V132/><F132/><W21/><G21/><N who="2" m="8265" /><F66/><W54/><G126/><T114/><D114/><U47/><E47/><V24/><F24/><W48/><G61/><T52/><D52/><N who="3" m="20009" /><G48/><T18/><D18/><N who="2" m="6698" /><F10/><W88/><G91/><T119/><D125/><U122/><E32/><V129/><F129/><AGARI ba="1,0" hai="76,77,116,118,119,129,130,131" m="26218,41" machi="129" ten="40,7700,0" yaku="28,2,19,1" doraHai="13" who="0" fromWho="2" sc="317,80,289,0,102,-80,292,0" /><INIT seed="4,2,0,2,0,100" ten="397,289,22,292" oya="0" hai0="98,78,10,40,66,35,39,54,61,33,115,81,34" hai1="74,110,135,127,80,83,8,112,6,3,12,5,90" hai2="45,2,56,55,75,113,105,106,19,118,59,130,37" hai3="134,67,63,71,21,65,122,128,58,101,82,73,116"/><T1/><D115/><U92/><E110/><V109/><F75/><W44/><G116/><T102/><D54/><U89/><E112/><V76/><F113/><W97/><G122/><T91/><D91/><U25/><E135/><V18/><F109/><W42/><G128/><T24/><D24/><U99/><E127/><V103/><F2/><W120/><G120/><T119/><D119/><U51/><E74/><V70/><F118/><W48/><G134/><T87/><D40/><U132/><E132/><V88/><F70/><W28/><G82/><T124/><D39/><U49/><E3/><V114/><F130/><W77/><G77/><T47/><D47/><U64/><E64/><V22/><F114/><W14/><G73/><T117/><D117/><U53/><E25/><V95/><F76/><W16/><G28/><T32/><D124/><U123/><E123/><V23/><F103/><W38/><G67/><T41/><D41/><U69/><E69/><V29/><F29/><W60/><G60/><T11/><D33/><U111/><E111/><V125/><F125/><W17/><G17/><T133/><D133/><U72/><E72/><V13/><F37/><W79/><G79/><T27/><D27/><U9/><E90/><V20/><F45/><W31/><G31/><T52/><D66/><U46/><E51/><N who="2" m="30847" /><F59/><W104/><REACH who="3" step="1"/><G38/><REACH who="3" ten="397,289,22,282" step="2"/><T107/><D1/><U0/><AGARI ba="2,1" hai="0,5,6,8,9,12,46,49,53,80,83,89,92,99" machi="0" ten="20,1500,0" yaku="0,1,7,1" doraHai="100" who="1" fromWho="1" sc="397,-9,289,31,22,-6,282,-6" /><INIT seed="5,0,0,3,5,26" ten="388,320,16,276" oya="1" hai0="81,13,59,113,56,120,102,34,131,60,129,124,47" hai1="132,77,53,5,101,119,14,133,93,42,54,57,106" hai2="16,64,72,7,3,66,130,4,62,122,39,33,114" hai3="80,29,118,111,96,12,48,9,35,24,18,123,97"/><U28/><E106/><V40/><F122/><W15/><G111/><T36/><D36/><U135/><E119/><V2/><F72/><W121/><G118/><T1/><D1/><N who="2" m="10" /><F33/><W85/><G97/><T73/><D102/><U52/><E42/><V94/><F40/><W127/><G127/><T70/><D47/><U134/><E134/><V83/><F39/><W6/><G96/><T63/><D34/><U99/><E77/><V74/><F94/><W61/><G61/><T88/><D13/><U68/><E68/><V91/><F62/><W32/><G32/><T0/><D0/><U55/><E28/><V31/><F74/><W21/><REACH who="3" step="1"/><G48/><REACH who="3" ten="388,320,16,266" step="2"/><T76/><D63/><N who="1" m="36263" /><E14/><V41/><F66/><W128/><G128/><T103/><D60/><U11/><E11/><V45/><F64/><W49/><G49/><T112/><D129/><U126/><E5/><V90/><F130/><W110/><G110/><T116/><D131/><U115/><E115/><V19/><F114/><W27/><G27/><T20/><D113/><U108/><E108/><V86/><F7/><W82/><G82/><T95/><D81/><U22/><E22/><V75/><F4/><W125/><G125/><AGARI ba="0,1" hai="53,54,55,93,99,101,125,126,132,133,135" m="36263" machi="125" ten="40,3900,0" yaku="20,1,54,1" doraHai="26" who="1" fromWho="3" sc="388,0,320,49,16,0,266,-39" /><INIT seed="5,1,0,4,5,15" ten="388,369,16,227" oya="1" hai0="68,34,99,39,64,82,23,1,27,131,26,5,48" hai1="33,81,24,122,58,8,126,49,109,18,42,69,77" hai2="40,59,55,66,116,31,98,32,119,100,80,56,127" hai3="63,30,51,132,73,90,7,37,121,43,85,19,60"/><U96/><E69/><V130/><F130/><W113/><G37/><T105/><D39/><U12/><E122/><V16/><F127/><W62/><G73/><T13/><D131/><U20/><E33/><V128/><F128/><W106/><G106/><T50/><D82/><U101/><E109/><V28/><F40/><W52/><G7/><T10/><D27/><U11/><E126/><V0/><F0/><W134/><G30/><N who="0" m="19799" /><D64/><U44/><E58/><V94/><F32/><W125/><G43/><T70/><D50/><U89/><E89/><V117/><F80/><W35/><G35/><T57/><D48/><U45/><E45/><V93/><F93/><W135/><G121/><T17/><D57/><U110/><E110/><V88/><F100/><AGARI ba="1,0" hai="1,5,10,13,17,23,68,70,99,100,105" m="19799" machi="100" ten="30,2000,0" yaku="24,1,52,1" doraHai="15" who="0" fromWho="2" sc="388,23,369,0,16,-23,227,0" owari="411,51.0,369,17.0,-7,-51.0,227,-17.0" /></mjloggm>