<mjloggm ver="2.3"><GO type="41" lobby="0"/><UN n0="%E5%B0%B1%E6%B4%BB%E7%94%9F%40%E5%B7%9D%E6%9D%91%E8%BB%8D%E5%9B%A3" n1="%E3%83%AD%E3%83%B3%E3%83%AD%E3%83%B3%E9%A8%8E%E5%A3%AB" n2="%73%75%6D%61%75" n3="%43%4F%4D%54" dan="14,14,13,14" rate="1935.54,1835.23,1935.64,1927.61" sx="M,M,M,M"/><TAIKYOKU oya="0"/><INIT seed="0,0,0,4,2,26" ten="250,250,250,250" oya="0" hai0="59,81,50,25,103,15,89,36,110,73,8,91,131" hai1="120,13,31,7,119,14,124,62,114,71,35,37,5" hai2="2,54,21,109,11,63,22,67,129,113,111,82,80" hai3="29,64,84,125,6,69,78,32,53,56,39,49,75"/><T55/><D36/><U48/><E119/><V74/><F113/><W108/><G75/><T38/><D38/><U3/><E114/><V93/><F129/><W41/><G108/><T72/><D131/><U123/><E37/><V88/><F54/><W101/><G101/><T46/><D110/><N who="2" m="41994" /><F11/><W87/><G125/><T68/><D68/><U121/><E124/><V102/><F102/><W70/><G6/><T90/><D103/><U128/><E128/><V66/><F2/><W44/><G78/><T42/><D25/><U112/><E112/><V104/><F67/><W107/><G107/><T85/><D73/><U134/><E134/><V20/><F104/><W135/><G135/><T105/><D72/><U23/><E35/><V115/><F115/><W86/><G69/><T24/><D24/><U106/><E106/><V43/><F43/><W132/><G132/><T133/><D133/><U122/><E3/><V58/><F74/><W16/><G32/><T130/><D105/><U10/><E71/><V76/><F76/><W96/><G96/><AGARI ba="0,0" hai="20,21,22,58,63,66,80,82,88,93,96" m="41994" machi="96" ten="30,2000,0" yaku="14,1,54,1" doraHai="26" who="2" fromWho="3" sc="250,0,250,0,250,20,250,-20" /><INIT seed="1,0,0,4,1,86" ten="250,250,270,230" oya="1" hai0="101,55,120,80,106,5,109,56,112,96,77,3,58" hai1="32,89,90,122,66,69,41,126,13,37,119,44,1" hai2="84,52,10,82,49,87,79,40,117,103,47,35,53" hai3="17,48,6,102,57,76,61,62,50,27,116,135,18"/><U21/><E122/><V72/><F117/><W123/><G116/><T11/><D120/><U46/><E119/><V33/><F103/><W15/><G76/><T23/><D112/><U75/><E32/><V127/><F127/><W38/><G38/><T93/><D109/><U43/><E1/><V95/><F10/><W12/><G123/><T107/><D23/><U133/><E75/><V121/><F121/><W129/><G102/><T34/><D34/><U30/><E133/><V67/><F67/><W68/><G6/><T26/><D26/><U59/><E126/><V42/><F33/><W0/><G0/><T20/><D20/><U114/><E114/><V132/><F132/><W8/><G27/><T105/><REACH who="0" step="1"/><D55/><REACH who="0" ten="240,250,270,230" step="2"/><U81/><E21/><V31/><F53/><W65/><G135/><T99/><D99/><U113/><E113/><V78/><F35/><W39/><G129/><T70/><D70/><U16/><E69/><V131/><F131/><W28/><G68/><T74/><AGARI ba="0,1" hai="3,5,11,56,58,74,77,80,93,96,101,105,106,107" machi="74" ten="30,2000,0" yaku="1,1,0,1,53,0" doraHai="86" doraHaiUra="85" who="0" fromWho="0" sc="240,30,250,-10,270,-5,230,-5" /><INIT seed="2,0,0,5,3,42" ten="270,240,265,225" oya="2" hai0="107,94,67,97,16,121,2,96,123,128,22,34,86" hai1="29,90,65,18,132,9,98,118,51,25,27,126,54" hai2="78,82,13,117,89,21,113,62,63,114,30,58,71" hai3="95,85,101,122,73,109,14,7,60,88,108,19,133"/><V124/><F117/><W44/><G73/><T49/><D34/><U125/><E118/><V99/><F124/><W68/><G122/><T72/><D2/><U10/><E132/><V64/><F89/><W75/><G75/><T103/><D72/><U91/><E65/><V59/><F99/><W129/><G7/><T105/><D128/><U112/><E112/><V100/><F100/><W15/><G101/><T32/><D32/><U92/><E90/><V111/><F111/><W57/><G68/><T106/><D67/><U87/><E98/><V31/><F31/><W24/><G133/><T37/><D37/><U52/><E54/><V56/><F113/><W45/><G129/><T39/><D39/><U76/><E76/><V46/><F46/><N who="3" m="18027" /><G24/><T1/><D1/><U3/><E3/><V115/><F114/><W36/><G36/><T41/><D41/><U28/><E18/><V47/><F115/><W11/><G108/><T135/><D135/><U12/><E12/><V69/><F13/><N who="3" m="7615" /><G109/><T20/><D106/><U79/><E79/><V48/><F71/><W81/><G95/><T35/><D107/><U70/><E70/><V120/><F69/><W33/><G33/><T83/><D105/><U26/><E126/><V55/><F120/><W23/><G23/><T5/><D121/><U38/><E125/><V8/><F21/><W40/><G40/><T110/><D123/><U127/><E127/><V6/><F6/><W0/><G0/><T66/><D35/><U43/><E43/><V131/><F131/><W77/><G77/><T74/><D103/><U130/><E38/><RYUUKYOKU ba="0,0" sc="270,-10,240,-10,265,-10,225,30" hai3="14,15,57,60,81,85,88" /><INIT seed="3,1,0,2,3,0" ten="260,230,255,255" oya="3" hai0="135,75,47,72,82,67,30,18,64,1,102,88,92" hai1="43,114,117,27,32,105,73,120,78,126,115,103,29" hai2="119,36,79,125,127,70,66,48,2,25,96,71,116" hai3="108,7,123,65,39,113,51,12,121,61,59,42,83"/><W37/><G83/><T14/><D1/><U84/><E120/><N who="3" m="46154" /><G12/><T57/><D135/><U33/><E117/><V109/><F2/><W97/><G97/><T19/><D102/><U93/><E126/><V80/><F25/><W8/><G8/><T77/><D72/><U6/><E43/><V54/><F109/><W20/><G20/><T56/><D30/><U58/><E58/><V53/><F96/><W63/><G7/><T69/><D47/><U130/><E130/><V129/><F129/><W131/><G131/><T41/><D41/><U21/><E105/><V31/><F31/><W5/><G5/><T9/><D19/><U124/><E124/><V45/><F80/><W74/><G74/><T122/><D122/><U85/><E84/><V49/><F79/><W76/><G76/><T98/><REACH who="0" step="1"/><D67/><REACH who="0" ten="250,230,255,255" step="2"/><U107/><E103/><V95/><F66/><N who="3" m="39231" /><G108/><T94/><D94/><U22/><E93/><V24/><F95/><W3/><G3/><T16/><D16/><U110/><E73/><V104/><F104/><W87/><G113/><T23/><D23/><U112/><E21/><V91/><F125/><W132/><G132/><T50/><D50/><U38/><E107/><V118/><F127/><W134/><G134/><T44/><D44/><U28/><E114/><V86/><F119/><W90/><G42/><T40/><D40/><U13/><E112/><V26/><F118/><W11/><G11/><T68/><D68/><U46/><E115/><V15/><F116/><W17/><G17/><T100/><D100/><U89/><E22/><V106/><F106/><W55/><G51/><RYUUKYOKU ba="1,1" sc="250,30,230,-10,255,-10,255,-10" hai0="9,14,18,56,57,64,69,75,77,82,88,92,98" /><INIT seed="4,2,1,2,0,102" ten="280,220,245,245" oya="0" hai0="104,3,20,11,97,122,10,61,75,38,95,84,14" hai1="40,54,36,103,131,58,116,7,62,71,45,26,70" hai2="106,9,32,57,28,50,64,73,110,5,67,92,53" hai3="47,124,132,76,112,78,125,79,91,60,30,94,37"/><T86/><D38/><U77/><E131/><V39/><F73/><W4/><G30/><T93/><D122/><U17/><E116/><V85/><F110/><W24/><G24/><T83/><D75/><U59/><E77/><V21/><F39/><W51/><G37/><T100/><D3/><U65/><E7/><V98/><F32/><W1/><G112/><T115/><D115/><U35/><E103/><V99/><F85/><W43/><G132/><T8/><D61/><U109/><E109/><V18/><F28/><W68/><G4/><T126/><D126/><N who="3" m="48745" /><G1/><T31/><D86/><U48/><E17/><V133/><F106/><W23/><G23/><T127/><D127/><U87/><REACH who="1" step="1"/><E87/><REACH who="1" ten="280,210,245,245" step="2"/><V49/><F18/><W44/><G78/><T108/><D108/><U13/><E13/><V129/><F5/><W82/><G76/><T55/><D55/><U6/><E6/><V72/><F53/><W33/><G79/><T56/><D56/><U96/><E96/><V27/><F57/><W16/><G68/><T119/><D119/><U90/><E90/><V41/><F98/><W113/><G113/><T81/><D81/><U88/><E88/><V12/><F99/><W63/><G82/><T29/><D84/><U0/><E0/><V66/><F129/><W22/><G91/><T15/><D83/><U114/><E114/><V121/><F121/><W25/><G94/><N who="0" m="35851" /><D15/><U134/><E134/><V34/><F133/><W130/><G130/><T80/><D80/><U2/><E2/><V69/><F12/><W120/><G120/><T111/><D111/><U128/><E128/><RYUUKYOKU ba="2,2" sc="280,15,210,15,245,-15,245,-15" hai0="8,10,11,14,20,29,31,97,100,104" hai1="26,35,36,40,45,48,54,58,59,62,65,70,71" /><INIT seed="4,3,2,5,5,52" ten="295,225,230,230" oya="0" hai0="60,85,21,134,31,121,102,13,68,20,57,107,118" hai1="96,42,109,130,131,16,30,14,40,6,81,25,56" hai2="19,87,110,100,73,117,50,24,58,106,79,59,93" hai3="11,72,23,84,66,108,92,88,62,91,61,75,128"/><T112/><D121/><U132/><E109/><V4/><F110/><W119/><G108/><T125/><D118/><U54/><E132/><V15/><F4/><W3/><G119/><T22/><D68/><U35/><E6/><V123/><F123/><W49/><G128/><N who="1" m="49194" /><E96/><V99/><F117/><W122/><G122/><T55/><D134/><U101/><E81/><V53/><F24/><W39/><G39/><T26/><D125/><U51/><E101/><V77/><F73/><W10/><G62/><T74/><D74/><U103/><E103/><V135/><F135/><W43/><G23/><AGARI ba="3,2" hai="14,16,23,25,30,35,40,42,51,54,56" m="49194" machi="23" ten="30,3900,0" yaku="19,1,52,1,54,1" doraHai="52" who="1" fromWho="3" sc="295,0,225,68,230,0,230,-48" /><INIT seed="5,0,0,3,2,35" ten="295,293,230,182" oya="1" hai0="127,56,39,126,119,107,104,72,75,80,77,21,129" hai1="25,85,47,6,41,89,73,8,120,59,102,121,11" hai2="26,112,48,54,27,105,101,99,30,4,58,82,28" hai3="79,22,67,32,46,81,60,115,132,2,68,63,17"/><U37/><E73/><N who="0" m="28233" /><D39/><U128/><E128/><V71/><F82/><W0/><G32/><T44/><D44/><U50/><E102/><V70/><F112/><W124/><G115/><T133/><D21/><U100/><E100/><V36/><F4/><W43/><G132/><T45/><D45/><U96/><E96/><V90/><F90/><W87/><G124/><N who="0" m="47659" /><D56/><U110/><E11/><V97/><F36/><W84/><G60/><T18/><D18/><U16/><E110/><V91/><F99/><W83/><G46/><T94/><D119/><U40/><E59/><V10/><F91/><W31/><G43/><T117/><D117/><U125/><E125/><V29/><F10/><W93/><G31/><T88/><D129/><U14/><E40/><V122/><F122/><W64/><G64/><T114/><D133/><U19/><E37/><V134/><REACH who="2" step="1"/><F134/><REACH who="2" ten="295,293,220,182" step="2"/><W51/><G93/><T9/><D9/><U12/><E120/><V103/><F103/><W55/><G22/><T130/><D114/><U15/><E121/><V95/><F95/><W65/><G17/><T34/><D34/><U33/><E19/><V116/><F116/><W118/><G118/><T86/><D130/><U66/><E33/><V42/><F42/><W23/><G23/><T7/><D7/><U123/><E123/><V111/><F111/><W78/><G67/><T24/><D24/><AGARI ba="0,1" hai="24,26,27,28,29,30,48,54,58,70,71,97,101,105" machi="24" ten="40,1300,0" yaku="1,1,53,0" doraHai="35" doraHaiUra="109" who="2" fromWho="0" sc="295,-13,293,0,220,23,182,0" /><INIT seed="6,0,0,0,4,0" ten="282,293,243,182" oya="2" hai0="130,101,17,23,16,128,40,131,37,22,75,14,46" hai1="68,71,132,126,41,5,61,50,105,62,8,43,91" hai2="10,86,27,18,74,36,19,116,53,42,13,115,109" hai3="1,88,90,129,107,78,122,49,79,32,112,103,102"/><V57/><F116/><W21/><G32/><T99/><D75/><U30/><E126/><V26/><F115/><W127/><G1/><T69/><D69/><U98/><E132/><V81/><F74/><W118/><G21/><T28/><D28/><U67/><E30/><V64/><F109/><W135/><G49/><T94/><REACH who="0" step="1"/><D128/><REACH who="0" ten="272,293,243,182" step="2"/><U92/><E68/><V84/><F36/><W121/><G129/><T56/><D56/><U2/><E71/><V117/><F117/><W39/><G39/><T125/><D125/><U35/><E105/><V15/><F42/><W82/><G127/><T38/><D38/><U6/><E41/><V119/><F119/><W123/><G118/><T3/><D3/><U113/><E43/><V100/><F64/><W4/><G107/><T110/><D110/><U54/><E67/><V114/><F114/><W77/><G112/><T65/><D65/><U134/><E113/><V108/><F108/><W85/><G135/><T97/><D97/><U34/><E98/><V106/><F57/><W87/><REACH who="3" step="1"/><G4/><REACH who="3" ten="272,293,243,172" step="2"/><T33/><D33/><U93/><E5/><V72/><F106/><W55/><G55/><T11/><D11/><U7/><E6/><V58/><F53/><W111/><G111/><T31/><D31/><U120/><E7/><V9/><F58/><W76/><N who="3" m="19968" /><DORA hai="124" /><W70/><G70/><T95/><D95/><AGARI ba="0,2" hai="82,85,87,88,90,95,102,103,121,122,123" m="19968" machi="95" ten="60,8000,1" yaku="1,1,34,3,54,1,53,0" doraHai="0,124" doraHaiUra="60,104" who="3" fromWho="0" sc="272,-80,293,0,243,0,172,100" /><INIT seed="7,0,0,0,0,111" ten="192,293,243,272" oya="3" hai0="7,23,22,47,116,0,95,131,52,86,79,107,91" hai1="3,135,50,32,31,77,26,128,108,118,55,12,71" hai2="119,92,59,67,114,102,58,130,68,126,75,41,27" hai3="64,76,34,129,51,36,39,85,84,121,46,38,101"/><W117/><G34/><T4/><D116/><U29/><E118/><V93/><F119/><W28/><G117/><T42/><D107/><U100/><E128/><V94/><F75/><W20/><G121/><T133/><D131/><U43/><E135/><V99/><F130/><W72/><G129/><T90/><D133/><U109/><E71/><V30/><F126/><W103/><G64/><T88/><D42/><U1/><E31/><V60/><F114/><W113/><G113/><T106/><D106/><U18/><E108/><V123/><F41/><W62/><G62/><T74/><D74/><U105/><E109/><V49/><F49/><W10/><G72/><T98/><D79/><U124/><E77/><V69/><F123/><W40/><G10/><T16/><D23/><U61/><E124/><V104/><REACH who="2" step="1"/><F69/><REACH who="2" ten="192,293,233,272" step="2"/><W134/><G134/><T70/><D70/><U24/><E43/><V96/><F96/><W2/><G38/><T5/><D0/><U53/><E50/><V56/><F56/><W120/><G120/><T19/><D86/><U9/><E1/><V25/><F25/><N who="3" m="16423" /><G2/><T87/><D22/><AGARI ba="0,1" hai="22,27,30,58,59,60,67,68,92,93,94,99,102,104" machi="22" ten="40,1300,0" yaku="1,1,53,0" doraHai="111" doraHaiUra="115" who="2" fromWho="0" sc="192,-13,293,0,233,23,272,0" /><INIT seed="8,0,0,5,4,51" ten="179,293,256,272" oya="0" hai0="100,67,57,76,90,18,81,30,130,134,72,99,44" hai1="25,16,14,82,105,38,61,26,116,10,19,117,11" hai2="24,87,6,58,15,1,5,69,42,13,71,115,107" hai3="108,103,70,129,128,59,119,132,135,32,60,127,47"/><T83/><D130/><N who="3" m="50281" /><G108/><T98/><D134/><N who="3" m="51241" /><G103/><T133/><D133/><U36/><E105/><V66/><F115/><W75/><G75/><T95/><D30/><U64/><E82/><V94/><F107/><W120/><G32/><T41/><D18/><U22/><E26/><V37/><F24/><W104/><G104/><T35/><D35/><U33/><E10/><V28/><F28/><W110/><G110/><T91/><D81/><U68/><E33/><V46/><F6/><W89/><G70/><T101/><D57/><U131/><E131/><V0/><F0/><W20/><G119/><AGARI ba="0,0" hai="11,14,16,19,22,25,36,38,61,64,68,116,117,119" machi="119" ten="40,2600,0" yaku="16,1,54,1" doraHai="51" who="1" fromWho="3" sc="179,0,293,26,256,0,272,-26" owari="179,-32.0,319,41.0,256,6.0,246,-15.0" /></mjloggm>