<mjloggm ver="2.3"><GO type="169" lobby="0"/><UN n0="%E5%B0%B1%E6%B4%BB%E7%94%9F%40%E5%B7%9D%E6%9D%91%E8%BB%8D%E5%9B%A3" n1="%E3%81%B5%E3%81%8B%E3%81%98" n2="%6E%61%72%72%6F%77%31%39" n3="%E3%83%87%E3%83%87%E3%82%AD%E3%83%B3%E3%83%88" dan="16,17,16,17" rate="2115.73,2127.30,2049.54,2172.72" sx="M,M,M,M"/><TAIKYOKU oya="0"/><INIT seed="0,0,0,4,0,13" ten="250,250,250,250" oya="0" hai0="113,47,77,105,7,83,34,67,68,27,36,15,30" hai1="16,107,123,26,98,111,1,45,65,62,72,110,70" hai2="61,94,18,79,96,49,112,88,19,28,101,97,39" hai3="35,9,40,5,115,106,3,118,53,0,29,85,17"/><T22/><D113/><U91/><E123/><V71/><F39/><W20/><G106/><T76/><D105/><U32/><E1/><V86/><F112/><W95/><G115/><T58/><D68/><U89/><E72/><V21/><F49/><W38/><G118/><T33/><D36/><U4/><E4/><V104/><F71/><W80/><G0/><T117/><D117/><U92/><E45/><V52/><F28/><W116/><G116/><T48/><D58/><U24/><E107/><V64/><F21/><W6/><G6/><T73/><D67/><U130/><E130/><V10/><F10/><W43/><G38/><T2/><D77/><U128/><E128/><V119/><F119/><W44/><G95/><T81/><D81/><U99/><E99/><V124/><F124/><W127/><G127/><T60/><D60/><U57/><E70/><V54/><F64/><W46/><G46/><T87/><D2/><U125/><E91/><V56/><REACH who="2" step="1"/><F54/><REACH who="2" ten="250,250,240,250" step="2"/><W55/><G55/><T121/><D121/><U74/><E125/><V69/><F69/><W8/><G53/><T25/><D34/><U109/><E32/><V31/><F31/><W37/><G9/><N who="0" m="4543" /><D33/><U126/><E126/><V114/><F114/><W42/><G35/><T120/><D120/><U133/><E65/><V11/><F11/><W23/><G29/><T78/><D30/><U100/><E110/><V129/><F129/><W63/><G23/><T122/><D22/><U102/><E109/><V12/><F12/><N who="3" m="9255" /><G63/><T75/><D122/><U90/><E111/><V134/><F134/><W82/><G82/><AGARI ba="0,1" hai="18,19,52,56,61,79,82,86,88,94,96,97,101,104" machi="82" ten="40,12000,2" yaku="1,1,6,1,52,2,54,2,53,0" doraHai="13" doraHaiUra="135" who="2" fromWho="3" sc="250,0,250,0,240,130,250,-120" /><INIT seed="1,0,0,0,0,87" ten="250,250,370,130" oya="1" hai0="63,15,54,127,68,55,74,132,27,84,12,94,71" hai1="105,7,72,100,96,103,24,56,124,109,50,25,57" hai2="113,85,121,6,115,92,49,17,133,1,81,78,75" hai3="60,52,23,51,107,101,93,102,77,123,76,14,42"/><U79/><E124/><V135/><F121/><W28/><G107/><T90/><D74/><U104/><E109/><V59/><F17/><N who="3" m="10679" /><G123/><T19/><D127/><U9/><E79/><N who="3" m="30282" /><G28/><T43/><D43/><U134/><E72/><V39/><F39/><W114/><G114/><N who="2" m="43529" /><F6/><W33/><G33/><T80/><D132/><N who="2" m="50762" /><F1/><W116/><G116/><T122/><D122/><U119/><E134/><V88/><F59/><N who="3" m="34919" /><G42/><T65/><D71/><U40/><E119/><V29/><F29/><W62/><G62/><T38/><D38/><U86/><E7/><V95/><F49/><W82/><G82/><AGARI ba="0,0" hai="75,78,81,82,85,88,92,95" m="50762,43529" machi="82" ten="30,12000,2" yaku="11,1,20,1,34,2,52,1,54,1" doraHai="87" who="2" fromWho="3" sc="250,0,250,0,370,120,130,-120" /><INIT seed="2,0,0,3,0,47" ten="250,250,490,10" oya="2" hai0="104,43,133,29,51,81,20,64,79,77,132,63,128" hai1="26,120,119,90,86,24,23,54,15,112,30,44,2" hai2="42,70,131,3,115,94,32,12,103,95,84,46,53" hai3="108,73,39,9,125,85,41,31,113,11,134,91,49"/><V67/><F3/><W101/><G73/><T97/><D128/><U106/><E2/><V82/><F32/><W92/><G39/><T5/><D5/><U105/><E112/><V50/><F115/><W1/><G113/><T129/><D129/><U17/><E119/><V99/><F131/><W6/><G108/><T126/><D126/><U96/><E120/><V34/><F34/><W8/><G125/><T114/><D114/><U22/><E96/><V13/><F95/><W116/><G116/><T107/><D97/><U4/><E4/><V18/><F70/><W88/><G134/><T135/><D29/><U118/><E118/><V80/><F67/><W83/><G101/><T93/><D20/><U127/><E127/><V60/><F84/><W7/><G31/><T102/><D93/><U62/><E15/><V87/><F87/><N who="3" m="50687" /><G1/><T72/><D79/><U57/><REACH who="1" step="1"/><E44/><AGARI ba="0,0" hai="6,7,8,9,11,41,44,49,85,88,92" m="50687" machi="44" ten="30,3900,0" yaku="8,1,52,1,54,1" doraHai="47" who="3" fromWho="1" sc="250,0,250,-39,490,0,10,39" /><INIT seed="3,0,0,0,5,126" ten="250,211,490,49" oya="3" hai0="57,41,91,18,65,106,53,86,27,33,52,76,29" hai1="0,109,38,62,121,46,99,37,103,72,75,30,43" hai2="104,83,74,127,120,54,45,55,105,47,5,61,117" hai3="114,85,1,118,31,44,129,8,66,97,102,134,32"/><W11/><G118/><T130/><D106/><U48/><E121/><V23/><F5/><W71/><G114/><T60/><D76/><U35/><E0/><V13/><F117/><W92/><G134/><T81/><D130/><U70/><E109/><V73/><F120/><W82/><G129/><T101/><D101/><U124/><E124/><V68/><F13/><W58/><G71/><T14/><REACH who="0" step="1"/><D41/><REACH who="0" ten="240,211,490,49" step="2"/><U51/><E43/><V7/><F104/><W2/><G2/><T90/><D90/><U24/><E103/><V96/><F105/><W100/><G100/><T125/><D125/><U119/><E119/><V115/><F127/><W63/><G1/><T113/><D113/><U111/><E111/><V69/><F115/><W16/><G44/><T17/><D17/><U98/><E46/><V128/><F128/><W78/><REACH who="3" step="1"/><G16/><REACH who="3" ten="240,211,490,39" step="2"/><T95/><D95/><U40/><E30/><V132/><F47/><W67/><G67/><T36/><D36/><U50/><E38/><V112/><F45/><W123/><G123/><T122/><D122/><U59/><E37/><V21/><F132/><W34/><G34/><T22/><AGARI ba="0,2" hai="14,18,22,27,29,33,52,53,57,60,65,81,86,91" machi="22" ten="20,5200,0" yaku="1,1,0,1,7,1,54,1,53,0" doraHai="126" doraHaiUra="64" who="0" fromWho="0" sc="240,72,211,-13,490,-13,39,-26" /><INIT seed="4,0,0,2,4,49" ten="312,198,477,13" oya="0" hai0="46,18,113,121,12,74,43,36,47,101,5,132,16" hai1="61,17,38,85,105,83,25,59,42,3,103,88,127" hai2="78,66,44,39,10,135,102,9,8,41,134,77,115" hai3="53,50,123,37,51,106,58,24,26,111,104,55,133"/><T86/><D121/><U33/><E3/><V84/><F115/><W120/><G37/><T125/><D74/><U128/><E128/><V14/><F66/><W63/><G63/><T100/><D113/><U109/><E109/><V27/><F102/><W93/><G93/><T57/><D132/><N who="2" m="50730" /><F27/><N who="3" m="10283" /><G133/><T67/><D125/><U73/><E127/><V108/><F108/><W91/><G91/><T112/><D112/><U2/><E2/><V126/><F126/><W81/><G81/><T92/><D47/><U124/><E124/><V68/><F68/><W30/><G30/><T23/><D100/><U45/><E73/><V98/><F98/><W1/><G1/><T97/><D86/><U34/><E17/><V64/><F64/><W129/><G129/><T22/><D5/><U118/><E25/><V116/><F116/><W21/><G21/><T11/><D67/><U60/><E118/><V7/><F78/><W4/><G4/><T87/><D87/><U35/><REACH who="1" step="1"/><E59/><REACH who="1" ten="312,188,477,13" step="2"/><V131/><F131/><W107/><G111/><T94/><D57/><U69/><E69/><V80/><AGARI ba="0,1" hai="7,8,9,10,14,39,41,44,77,80,84" m="50730" machi="80" ten="30,1100,0" yaku="20,1" doraHai="49" who="2" fromWho="2" sc="312,-5,188,-3,477,21,13,-3" /><INIT seed="5,0,0,0,0,84" ten="307,185,498,10" oya="1" hai0="42,37,82,113,96,50,59,8,34,97,124,86,48" hai1="126,104,83,128,67,114,101,4,129,29,118,53,32" hai2="117,15,81,125,135,121,11,73,20,78,13,80,107" hai3="47,38,88,9,52,120,12,92,70,75,122,68,102"/><U131/><E118/><V98/><F117/><W25/><G75/><T27/><D37/><U16/><E4/><V71/><F71/><W17/><G102/><T39/><D39/><U14/><E114/><V77/><F121/><W76/><G76/><T24/><D124/><U74/><E126/><V115/><F125/><W58/><G25/><N who="0" m="9803" /><D34/><U5/><E29/><V61/><F61/><W93/><G93/><T132/><D132/><U116/><E32/><V22/><F98/><W41/><G120/><T111/><D111/><U65/><E116/><V63/><F63/><W112/><G112/><T130/><D8/><N who="1" m="6215" /><E5/><V44/><F44/><W30/><G30/><T10/><D10/><U94/><E104/><V90/><F107/><W91/><G122/><T49/><D130/><U103/><E53/><V43/><F73/><W33/><G33/><T55/><D113/><U79/><E94/><V19/><F115/><W56/><G56/><T18/><D18/><U64/><AGARI ba="0,0" hai="64,65,67,74,79,83,101,103,128,129,131" m="6215" machi="64" ten="40,3900,0" yaku="19,1,54,1" doraHai="84" who="1" fromWho="1" sc="307,-13,185,39,498,-13,10,-13" owari="294,9.0,224,-18.0,485,59.0,-3,-50.0" /></mjloggm>