<mjloggm ver="2.3"><GO type="169" lobby="0"/><UN n0="%E3%82%A8%E3%83%88%E3%81%BA%E3%83%B3" n1="%E5%B0%B1%E6%B4%BB%E7%94%9F%40%E5%B7%9D%E6%9D%91%E8%BB%8D%E5%9B%A3" n2="%48%41%52%45%4D" n3="%6E%65%75%74%72%6F%6E" dan="16,16,17,16" rate="2157.94,2043.86,2177.69,2098.84" sx="F,M,M,M"/><TAIKYOKU oya="0"/><INIT seed="0,0,0,1,4,52" ten="250,250,250,250" oya="0" hai0="6,118,28,33,132,125,66,120,107,60,14,78,9" hai1="39,54,79,45,98,131,112,119,10,116,81,68,48" hai2="51,121,72,17,59,89,64,24,13,21,96,41,87" hai3="135,31,12,55,0,103,99,128,2,4,77,16,49"/><T88/><D120/><U63/><E112/><V108/><F72/><W69/><G69/><T20/><D118/><U11/><E131/><V93/><F121/><W47/><G128/><T56/><D107/><U122/><E122/><V126/><F126/><W101/><G135/><T105/><D105/><U111/><E111/><V124/><F108/><W67/><G77/><T134/><D78/><U71/><E119/><V57/><F124/><W91/><G31/><T50/><D125/><U97/><E116/><V61/><F24/><W85/><G67/><T40/><D33/><U42/><E97/><V80/><F41/><W82/><G4/><T22/><D28/><U19/><E98/><V129/><F129/><W1/><REACH who="3" step="1"/><G99/><REACH who="3" ten="250,250,250,240" step="2"/><T23/><REACH who="0" step="1"/><D88/><REACH who="0" ten="240,250,250,240" step="2"/><U5/><E79/><V84/><F96/><W109/><G109/><T65/><D65/><U34/><E34/><V110/><F110/><W25/><G25/><T38/><D38/><U83/><E39/><V35/><F35/><W94/><G94/><T76/><D76/><U75/><E83/><V127/><F127/><W123/><G123/><T58/><D58/><U8/><E81/><V90/><F59/><W86/><G86/><T37/><D37/><U100/><E75/><V29/><F29/><W92/><G92/><T32/><D32/><U44/><E71/><V46/><F46/><AGARI ba="0,2" hai="6,9,14,20,22,23,40,46,50,56,60,66,132,134" machi="46" ten="40,3900,0" yaku="1,1,52,1,53,0" doraHai="52" doraHaiUra="113" who="0" fromWho="2" sc="240,59,250,0,250,-39,240,0" /><INIT seed="0,1,0,3,5,81" ten="299,250,211,240" oya="0" hai0="1,93,78,82,67,90,115,128,8,97,98,61,131" hai1="99,34,130,122,68,126,29,66,28,132,100,116,108" hai2="58,80,30,129,22,86,2,135,77,101,12,133,23" hai3="36,18,5,85,105,94,117,92,48,73,95,63,88"/><T118/><D115/><U0/><RYUUKYOKU type="yao9" ba="1,0" sc="299,0,250,0,211,0,240,0" hai1="0,28,29,34,66,68,99,100,108,116,122,126,130,132" /><INIT seed="0,2,0,1,4,27" ten="299,250,211,240" oya="0" hai0="118,22,28,6,14,45,21,19,8,117,31,114,64" hai1="115,66,17,97,52,37,120,131,76,9,40,132,12" hai2="112,123,81,20,126,56,84,39,3,46,78,106,95" hai3="99,125,83,80,90,5,60,109,61,41,104,36,33"/><T79/><D64/><U43/><E120/><V107/><F112/><W70/><G109/><T38/><D79/><U133/><E115/><V130/><F3/><W13/><G60/><T18/><D114/><U30/><E66/><V87/><F123/><W124/><G36/><T42/><D118/><U85/><E97/><V102/><F56/><W16/><G5/><T53/><D117/><U44/><E43/><V0/><F0/><W121/><G41/><T7/><D53/><U105/><E105/><N who="2" m="39947" /><F20/><W49/><G49/><T89/><D89/><U25/><E131/><V54/><F54/><W119/><G119/><T116/><D116/><U35/><E76/><N who="2" m="46119" /><F46/><W62/><G121/><T26/><REACH who="0" step="1"/><D7/><REACH who="0" ten="289,250,211,240" step="2"/><U69/><E69/><V134/><F78/><W10/><G90/><T92/><D92/><U74/><E74/><V1/><F102/><W11/><G104/><T108/><D108/><U58/><REACH who="1" step="1"/><E85/><REACH who="1" ten="289,240,211,240" step="2"/><V2/><F87/><W50/><G70/><T86/><D86/><U65/><E65/><V47/><F130/><W15/><G99/><T82/><D82/><U32/><E32/><V93/><F93/><W88/><G83/><T67/><D67/><U101/><E101/><V24/><F95/><W129/><G80/><T51/><D51/><AGARI ba="2,2" hai="9,12,17,25,30,35,37,40,44,51,52,58,132,133" machi="51" ten="40,8000,1" yaku="1,1,52,1,54,1,53,1" doraHai="27" doraHaiUra="4" who="1" fromWho="0" sc="289,-86,240,106,211,0,240,0" /><INIT seed="1,0,0,4,3,16" ten="203,346,211,240" oya="1" hai0="40,119,39,48,124,45,60,122,7,34,135,41,114" hai1="92,32,59,38,80,55,56,58,91,75,21,22,103" hai2="9,104,88,112,118,17,36,71,65,62,66,2,19" hai3="101,24,100,33,43,97,47,117,110,6,37,86,132"/><U53/><E32/><V1/><F118/><W70/><G70/><T18/><D34/><U5/><E38/><V13/><F36/><W54/><G117/><T120/><D7/><U131/><E131/><V44/><F104/><W76/><G132/><T99/><D119/><U105/><E105/><V25/><F112/><W63/><G110/><T115/><D99/><N who="1" m="59879" /><E5/><V95/><F66/><W77/><G6/><T116/><D18/><U28/><E28/><V67/><F67/><W94/><G101/><T31/><D31/><U129/><E75/><V8/><F44/><W4/><G4/><T64/><D116/><U128/><E128/><V85/><REACH who="2" step="1"/><F25/><REACH who="2" ten="203,346,201,240" step="2"/><W50/><G24/><T126/><D135/><U87/><E129/><V74/><F74/><W12/><G37/><T73/><D73/><U11/><E11/><V51/><F51/><W10/><G50/><T52/><D115/><U109/><E109/><V78/><F78/><W79/><G76/><T123/><D114/><U26/><E26/><V111/><F111/><W106/><G77/><T98/><D40/><U83/><E83/><V81/><F81/><W20/><G79/><T15/><D15/><AGARI ba="0,1" hai="1,2,8,9,13,15,17,19,62,65,71,85,88,95" machi="15" ten="40,8000,1" yaku="1,1,9,1,54,1,53,1" doraHai="16" doraHaiUra="90" who="2" fromWho="0" sc="203,-80,346,0,201,90,240,0" /><INIT seed="2,0,0,4,5,37" ten="123,346,291,240" oya="2" hai0="73,94,99,21,97,134,38,84,115,0,72,17,49" hai1="41,71,102,70,1,39,132,133,119,5,15,124,32" hai2="69,22,46,100,58,79,67,56,101,107,87,91,8" hai3="18,47,35,55,113,122,54,26,65,42,106,4,117"/><V129/><F129/><W123/><G117/><T83/><D38/><U114/><E119/><V48/><F79/><W52/><G106/><T109/><D0/><U19/><E114/><V92/><F69/><W80/><G113/><T131/><D115/><U104/><E32/><V93/><F107/><W40/><G4/><T3/><D3/><U12/><E12/><V6/><F22/><W27/><G65/><T110/><D49/><U112/><E112/><V95/><F100/><W61/><G61/><T75/><D21/><U98/><E124/><V86/><F67/><W105/><G105/><T64/><D17/><U81/><E81/><V50/><F50/><W45/><G80/><T13/><D13/><U23/><E5/><V126/><F126/><W90/><G90/><N who="0" m="51487" /><D64/><U68/><E1/><V51/><F51/><W135/><G18/><T63/><D63/><U25/><REACH who="1" step="1"/><E15/><REACH who="1" ten="123,336,291,240" step="2"/><N who="2" m="5527" /><F86/><W28/><G135/><T11/><D134/><U62/><E62/><V33/><F33/><W76/><G76/><T9/><D9/><U125/><E125/><V108/><F108/><N who="0" m="41578" /><D11/><U14/><E14/><V130/><F130/><W74/><G74/><T118/><D131/><U66/><E66/><V30/><F101/><W85/><G26/><T128/><D128/><U121/><E121/><V53/><F30/><W116/><G116/><T60/><D118/><U10/><E10/><V29/><F29/><W103/><G103/><N who="0" m="60855" /><D60/><U120/><E120/><V43/><F53/><W34/><G34/><T88/><D72/><U89/><E89/><V78/><F91/><W77/><G77/><T16/><D16/><RYUUKYOKU ba="0,1" sc="123,10,336,10,291,10,240,-30" hai0="73,75,88,99" hai1="19,23,25,39,41,68,70,71,98,102,104,132,133" hai2="43,46,48,56,58,78,87,92,93,95" /><INIT seed="2,1,1,4,0,121" ten="133,346,301,210" oya="2" hai0="37,34,73,55,43,124,132,13,93,101,82,99,135" hai1="51,88,125,4,62,75,54,49,126,16,72,133,105" hai2="115,42,90,107,26,17,106,61,22,127,46,0,80" hai3="39,6,129,66,102,65,128,52,48,64,45,53,92"/><V114/><F0/><W89/><G102/><T87/><D34/><U74/><E4/><V50/><F127/><N who="1" m="48649" /><E133/><N who="0" m="51273" /><D124/><U68/><E105/><V94/><F80/><W18/><G6/><T97/><D43/><U71/><E62/><V7/><F7/><W40/><G18/><T76/><D37/><U20/><E88/><V23/><F61/><W3/><G3/><T25/><D25/><N who="1" m="14471" /><E49/><V9/><F9/><W109/><G92/><N who="0" m="58535" /><D13/><U56/><AGARI ba="1,1" hai="51,54,56,68,71,72,74,75" m="14471,48649" machi="56" ten="40,2700,0" yaku="18,1,54,1" doraHai="121" who="1" fromWho="1" sc="133,-8,346,40,301,-14,210,-8" /><INIT seed="3,0,0,4,1,31" ten="125,386,287,202" oya="3" hai0="72,104,132,119,64,107,108,134,49,48,114,74,133" hai1="130,87,38,47,28,34,7,116,81,68,96,36,33" hai2="85,4,17,98,106,46,15,18,23,20,21,110,103" hai3="43,95,112,67,56,16,80,11,50,35,78,53,128"/><W60/><G112/><T65/><D119/><U97/><E68/><V88/><F110/><W109/><G128/><T24/><D108/><U92/><E116/><V41/><F4/><W10/><G109/><T44/><D24/><U19/><E130/><V26/><F21/><W32/><G43/><T2/><D2/><U51/><E7/><V89/><REACH who="2" step="1"/><F85/><REACH who="2" ten="125,386,277,202" step="2"/><W1/><G10/><T62/><D114/><U52/><E19/><V126/><F126/><W37/><G37/><AGARI ba="0,1" hai="15,17,18,20,23,26,37,41,46,88,89,98,103,106" machi="37" ten="30,3900,0" yaku="1,1,7,1,54,1,53,0" doraHai="31" doraHaiUra="117" who="2" fromWho="3" sc="125,0,386,0,277,49,202,-39" /><INIT seed="4,0,0,1,1,41" ten="125,386,326,163" oya="0" hai0="91,14,131,101,18,23,70,94,132,78,118,126,127" hai1="24,20,80,74,110,96,5,6,57,130,54,116,16" hai2="135,42,59,86,17,112,77,111,68,52,33,61,106" hai3="89,97,98,72,13,37,12,1,48,11,30,75,34"/><T3/><D118/><U81/><E110/><V79/><F106/><W113/><G37/><T39/><D70/><U45/><E130/><V38/><F111/><W43/><G1/><T83/><D3/><U109/><E116/><V108/><F33/><W93/><G113/><T35/><D35/><U10/><E109/><V15/><F108/><W107/><G13/><T8/><D39/><U133/><E133/><V114/><F135/><W85/><G34/><T21/><D101/><U63/><E96/><V88/><F68/><W76/><G30/><T119/><D119/><U51/><E74/><V47/><F79/><W4/><G97/><T62/><D62/><U29/><E29/><V103/><F77/><W28/><G28/><T36/><D36/><U105/><E105/><V55/><F55/><W90/><G107/><T124/><D131/><U66/><E6/><V134/><F103/><W129/><G129/><T44/><D132/><U19/><E19/><V87/><F134/><W49/><G49/><T25/><D25/><U65/><REACH who="1" step="1"/><E66/><REACH who="1" ten="125,376,326,163" step="2"/><V120/><F120/><W50/><G98/><N who="0" m="57695" /><D44/><U104/><E104/><V117/><F117/><W69/><G72/><AGARI ba="0,1" hai="8,14,18,21,23,72,78,83,124,126,127" m="57695" machi="72" ten="30,1500,0" yaku="18,1" doraHai="41" who="0" fromWho="3" sc="125,25,376,0,326,0,163,-15" /><INIT seed="4,1,0,5,4,92" ten="150,376,326,148" oya="0" hai0="17,117,41,105,61,85,75,53,1,100,119,43,11" hai1="38,115,108,57,30,3,28,124,13,27,109,26,67" hai2="56,74,126,15,83,49,47,34,99,19,7,45,63" hai3="113,55,44,106,24,4,23,134,51,93,107,25,97"/><T36/><D75/><U29/><E38/><V14/><F34/><W77/><G113/><T89/><D117/><U102/><E3/><V135/><F135/><W88/><G134/><T37/><D119/><U118/><E118/><V59/><F126/><W90/><G77/><T131/><D131/><U94/><E115/><V130/><F130/><W112/><G112/><T86/><D86/><U98/><E124/><V62/><F83/><W84/><G4/><T82/><D37/><U69/><E69/><V58/><F74/><W32/><G32/><T73/><D36/><U104/><E13/><V6/><F19/><W133/><G133/><T87/><D73/><U46/><E104/><V33/><F33/><W10/><G10/><T50/><D61/><N who="1" m="38319" /><E109/><V0/><F0/><W103/><G25/><N who="1" m="9226" /><E108/><V9/><F99/><W80/><REACH who="3" step="1"/><G103/><REACH who="3" ten="150,376,326,138" step="2"/><T35/><D100/><U110/><E110/><V60/><F9/><W101/><G101/><T76/><D35/><U52/><E29/><AGARI ba="1,1" hai="23,24,29,44,51,55,80,84,88,90,93,97,106,107" machi="29" ten="30,7700,0" yaku="1,1,7,1,52,1,54,1,53,0" doraHai="92" doraHaiUra="31" who="3" fromWho="1" sc="150,0,376,-80,326,0,138,90" /><INIT seed="5,0,0,4,5,27" ten="150,296,326,228" oya="1" hai0="133,1,59,95,83,63,26,37,22,103,102,87,108" hai1="122,97,72,60,132,84,24,77,79,86,115,25,81" hai2="47,129,33,117,109,32,11,66,78,125,121,101,9" hai3="58,46,124,50,127,93,119,128,80,34,107,116,68"/><U52/><E122/><V90/><F66/><W61/><G107/><T49/><D37/><U74/><E132/><V14/><F47/><W112/><G34/><T19/><D1/><U54/><E115/><V12/><F90/><W88/><G80/><T65/><D108/><U126/><E97/><V75/><F78/><W105/><G105/><T53/><D133/><U23/><E126/><N who="3" m="48170" /><G112/><T28/><D95/><U131/><E131/><V104/><F104/><W73/><G73/><T56/><REACH who="0" step="1"/><D19/><REACH who="0" ten="140,296,326,228" step="2"/><U10/><E81/><V70/><F125/><W113/><G113/><T16/><D16/><U114/><E114/><V100/><F109/><W21/><G93/><T20/><D20/><U130/><E23/><V0/><F0/><W13/><G21/><T94/><D94/><U62/><E130/><V2/><F2/><W15/><G128/><T110/><D110/><U76/><REACH who="1" step="1"/><E77/><AGARI ba="0,1" hai="22,26,28,49,53,56,59,63,65,77,83,87,102,103" machi="77" ten="30,7700,0" yaku="1,1,7,1,8,1,52,1,53,0" doraHai="27" doraHaiUra="85" who="0" fromWho="1" sc="140,87,296,-77,326,0,228,0" /><INIT seed="6,0,0,2,1,97" ten="227,219,326,228" oya="2" hai0="106,9,26,117,91,29,94,70,124,115,105,55,8" hai1="38,69,61,36,48,83,22,101,80,79,98,92,23" hai2="112,77,50,103,6,7,11,1,67,108,51,127,72" hai3="24,3,19,0,71,10,116,21,125,63,18,58,62"/><V88/><F67/><W68/><G116/><T121/><D121/><U53/><E38/><V49/><F7/><W118/><G118/><T110/><D110/><U82/><E36/><V134/><F108/><W120/><G120/><T107/><D70/><U111/><E111/><V119/><F119/><W132/><G132/><T59/><D117/><U43/><E79/><V122/><F122/><W100/><G10/><T33/><D115/><U5/><E5/><V13/><F134/><W54/><G21/><N who="1" m="7690" /><E69/><V104/><F1/><W40/><G24/><T12/><D124/><U64/><E64/><V44/><F112/><W113/><G58/><T42/><D42/><U25/><E25/><V131/><F131/><W85/><G85/><T126/><D126/><U123/><E123/><V89/><F44/><W78/><G78/><T65/><D65/><U16/><E61/><V39/><F39/><W93/><G93/><T130/><D130/><U114/><E114/><V28/><F28/><W129/><G113/><T35/><D35/><U57/><E43/><V81/><REACH who="2" step="1"/><F127/><REACH who="2" ten="227,219,316,228" step="2"/><W102/><G125/><T15/><D15/><U4/><E4/><V20/><F20/><W2/><G2/><T56/><D12/><U27/><E27/><V52/><F52/><W14/><G54/><T66/><D66/><U96/><E96/><AGARI ba="0,1" hai="6,11,13,49,50,51,72,77,81,88,89,96,103,104" machi="96" ten="40,7700,0" yaku="1,1,52,1,54,1,53,0" doraHai="97" doraHaiUra="135" who="2" fromWho="1" sc="227,0,219,-77,316,87,228,0" /><INIT seed="6,1,0,1,4,109" ten="227,142,403,228" oya="2" hai0="11,85,10,92,126,112,102,35,120,96,122,104,42" hai1="47,67,115,119,121,110,6,62,41,16,52,53,76" hai2="86,49,3,64,46,84,73,25,39,117,135,134,0" hai3="54,55,1,75,132,50,101,89,81,20,18,125,100"/><V113/><F73/><W8/><G132/><N who="2" m="50729" /><F39/><W23/><G23/><T68/><D35/><U79/><E110/><V26/><F117/><W40/><G40/><T22/><D68/><U48/><E119/><V43/><F64/><W45/><G55/><T74/><D74/><U30/><E121/><V27/><F113/><W61/><G61/><T32/><D32/><U2/><E115/><V5/><F5/><W107/><G107/><T118/><D118/><U24/><E6/><V37/><F37/><W94/><G125/><T31/><D126/><U106/><E2/><AGARI ba="1,0" hai="0,2,3,25,26,27,43,46,49,84,86" m="50729" machi="2" ten="40,2000,0" yaku="20,1" doraHai="109" who="2" fromWho="1" sc="227,0,142,-23,403,23,228,0" /><INIT seed="6,2,0,1,1,92" ten="227,119,426,228" oya="2" hai0="30,80,130,79,53,59,15,4,36,99,35,125,67" hai1="106,38,39,26,101,42,46,44,60,65,135,63,66" hai2="132,51,31,40,107,110,33,2,27,100,10,78,113" hai3="52,98,68,114,62,9,122,121,93,119,24,124,126"/><V109/><F132/><W87/><G119/><T23/><D36/><N who="1" m="13867" /><E26/><V7/><F51/><W18/><G87/><T120/><D35/><U81/><E106/><V89/><F89/><W55/><G114/><T96/><D30/><U1/><E1/><V34/><F40/><W123/><G68/><T13/><D23/><U20/><E101/><V37/><F37/><W118/><G118/><T74/><D4/><U105/><E20/><V76/><F34/><W3/><G3/><T43/><D13/><U64/><E81/><V29/><F29/><W71/><G71/><T108/><D15/><U8/><E8/><V82/><F113/><W0/><G0/><T90/><D90/><U21/><E21/><V102/><F76/><W91/><G62/><N who="1" m="23594" /><E105/><V58/><F58/><W133/><G133/><T32/><D32/><U117/><E117/><V69/><F69/><W48/><G24/><T97/><D80/><U45/><E135/><V112/><F112/><W57/><G9/><T88/><D88/><U50/><AGARI ba="2,0" hai="42,44,45,46,50,64,65,66" m="23594,13867" machi="50" ten="40,8000,1" yaku="35,5" doraHai="92" who="1" fromWho="1" sc="227,-22,119,86,426,-42,228,-22" /><INIT seed="7,0,0,3,3,129" ten="205,205,384,206" oya="3" hai0="94,111,109,46,54,110,75,36,11,122,100,57,7" hai1="26,43,68,123,78,32,25,30,53,73,14,24,22" hai2="37,102,128,115,28,83,1,9,96,34,31,112,108" hai3="39,97,45,114,90,42,64,133,135,80,38,127,71"/><W20/><G114/><N who="2" m="43561" /><F37/><W126/><G20/><T52/><D75/><U125/><E123/><V44/><F128/><W85/><G97/><T118/><D118/><U76/><E68/><V59/><F108/><W93/><G93/><T60/><D122/><U2/><E2/><V27/><F31/><W29/><G29/><T18/><D18/><N who="1" m="10583" /><E73/><V66/><F44/><W87/><G87/><T113/><D113/><U3/><E3/><V6/><F83/><W134/><G38/><T91/><D100/><U40/><E125/><N who="3" m="47626" /><G71/><T105/><D105/><U47/><E30/><V21/><F21/><W4/><G4/><T15/><D36/><U130/><E130/><V70/><F70/><W98/><G98/><T62/><D111/><U63/><E32/><V132/><F96/><W55/><G55/><T67/><D54/><U17/><E17/><V23/><F102/><W101/><G101/><T121/><D121/><U77/><E47/><V95/><F95/><W120/><G120/><T35/><D35/><U49/><E49/><V72/><F34/><W92/><G92/><T5/><D5/><U106/><E106/><V131/><F72/><W69/><G69/><N who="0" m="42215" /><D46/><U56/><AGARI ba="0,0" hai="24,25,26,40,43,53,56,63,76,77,78" m="10583" machi="56" ten="40,1500,0" yaku="8,1" doraHai="129" who="1" fromWho="1" sc="205,-4,205,15,384,-4,206,-7" owari="201,-20.0,220,2.0,380,48.0,199,-30.0" /></mjloggm>