<mjloggm ver="2.3"><GO type="97" lobby="0"/><UN n0="%E3%83%98%E3%83%83%E3%83%9D%E3%82%B3" n1="%E6%84%9F%E8%AC%9D%E3%81%AE%E3%83%99%E3%82%BF%E3%82%AA%E3%83%AA" n2="%50%61%69%72%6F%6E" n3="%E3%83%88%E3%83%88%E3%83%AA%E5%85%88%E7%94%9F%31%39%E6%AD%B3" dan="14,15,13,14" rate="1950.09,1985.71,1894.24,2024.21" sx="M,M,M,F"/><TAIKYOKU oya="0"/><INIT seed="0,0,0,4,2,127" ten="250,250,250,250" oya="0" hai0="13,48,49,96,54,81,2,94,100,56,121,27,112" hai1="99,76,40,16,117,123,102,131,55,12,17,72,78" hai2="41,91,8,37,24,44,98,20,63,71,133,64,110" hai3="11,93,31,134,0,30,34,39,26,25,84,124,95"/><T53/><D2/><U75/><E117/><V47/><F110/><W89/><G124/><T90/><D112/><U59/><E123/><V23/><F133/><W66/><G134/><T21/><D13/><U132/><E132/><V135/><F135/><W46/><G66/><T29/><D121/><U79/><E40/><V43/><F8/><W73/><G73/><T36/><D36/><U74/><E131/><V42/><F42/><W82/><G46/><T83/><REACH who="0" step="1"/><D100/><REACH who="0" ten="240,250,250,250" step="2"/><U45/><E12/><V15/><F15/><W118/><G39/><T61/><D61/><U128/><E128/><V68/><F24/><W5/><REACH who="3" step="1"/><G118/><REACH who="3" ten="240,250,250,240" step="2"/><T87/><D87/><U115/><E115/><V103/><F37/><W106/><G106/><T108/><D108/><U62/><REACH who="1" step="1"/><E45/><AGARI ba="0,2" hai="21,27,29,45,48,49,53,54,56,81,83,90,94,96" machi="45" ten="30,5800,0" yaku="1,1,7,1,8,1,53,0" doraHai="127" doraHaiUra="80" who="0" fromWho="1" sc="240,78,250,-58,250,0,240,0" /><INIT seed="0,1,0,1,3,119" ten="318,192,250,240" oya="0" hai0="83,59,70,32,15,9,51,52,134,115,49,3,85" hai1="23,57,82,45,68,0,56,73,93,40,18,99,131" hai2="118,12,77,16,106,117,103,98,107,88,10,41,123" hai3="60,84,81,6,55,91,2,13,74,128,11,35,126"/><T132/><D3/><U67/><E68/><V54/><F41/><W75/><G35/><T87/><D70/><U8/><E0/><V111/><F111/><W44/><G128/><T102/><D102/><U90/><E131/><V27/><F77/><W47/><G126/><T124/><D124/><U114/><E114/><V39/><F39/><W64/><G2/><T38/><D38/><U34/><E34/><V30/><F54/><W121/><G121/><T22/><D32/><U86/><E8/><V130/><F130/><W104/><G104/><T14/><D115/><U108/><E73/><V110/><F110/><W96/><G96/><T133/><D51/><U53/><E67/><V61/><F61/><W63/><G47/><T72/><D22/><U21/><E108/><V5/><F5/><W20/><G20/><T7/><REACH who="0" step="1"/><D15/><REACH who="0" ten="308,192,250,240" step="2"/><U79/><E21/><N who="2" m="15727" /><F103/><W97/><G13/><T101/><D101/><U129/><E129/><V94/><F107/><W125/><G125/><T31/><D31/><U109/><E109/><V105/><F105/><W66/><G60/><T89/><D89/><U1/><E1/><V58/><F106/><W127/><G127/><T19/><D19/><U113/><E113/><V50/><F50/><W26/><G63/><T28/><D28/><U36/><REACH who="1" step="1"/><E53/><REACH who="1" ten="308,182,250,240" step="2"/><V69/><F69/><W24/><G55/><T78/><AGARI ba="1,2" hai="7,9,14,49,52,59,72,78,83,85,87,132,133,134" machi="78" ten="40,12000,1" yaku="1,1,0,1,20,1,54,1,53,0" doraHai="119" doraHaiUra="95" who="0" fromWho="0" sc="308,143,182,-41,250,-41,240,-41" /><INIT seed="0,2,0,3,1,105" ten="451,141,209,199" oya="0" hai0="28,52,44,23,41,125,116,5,103,31,99,96,3" hai1="127,7,42,58,25,101,9,112,95,20,93,57,115" hai2="37,51,36,111,86,22,122,4,55,38,14,91,129" hai3="81,76,69,68,89,49,67,88,128,109,80,123,78"/><T45/><D116/><U124/><E42/><V47/><F122/><W0/><G123/><T61/><D3/><U75/><E20/><V33/><F33/><W34/><G0/><T107/><D5/><U71/><E71/><V32/><F32/><W35/><G49/><T19/><D99/><U12/><E25/><V98/><F111/><W114/><G67/><T92/><D107/><U126/><E101/><V110/><F129/><W62/><G62/><T83/><D83/><U131/><E131/><V21/><F110/><W85/><G109/><T40/><D125/><U77/><E93/><V60/><F60/><W64/><G128/><T27/><D41/><U121/><E95/><V13/><F98/><W118/><G64/><T63/><D40/><U30/><E30/><N who="0" m="11305" /><D61/><U113/><REACH who="1" step="1"/><E121/><REACH who="1" ten="451,131,209,199" step="2"/><V104/><F104/><W46/><G69/><T79/><D92/><U17/><E17/><V10/><F38/><W73/><G68/><T87/><D19/><U16/><E16/><V108/><F108/><W74/><G35/><T2/><D27/><U70/><E70/><V65/><F37/><W117/><G34/><T1/><D23/><U134/><E134/><V97/><F36/><W54/><G117/><T6/><D6/><U24/><E24/><V130/><F22/><W102/><G118/><T53/><D103/><U26/><E26/><V50/><F130/><W8/><G102/><T135/><D135/><U100/><E100/><V132/><F21/><W66/><G8/><T94/><D94/><U29/><E29/><V59/><F132/><W120/><G120/><T48/><D96/><RYUUKYOKU ba="2,1" sc="451,-10,131,30,209,-10,199,-10" hai1="7,9,12,57,58,75,77,112,113,115,124,126,127" /><INIT seed="1,3,1,1,0,55" ten="441,161,199,189" oya="1" hai0="77,65,14,19,72,69,118,129,100,111,57,46,2" hai1="85,114,81,132,97,23,112,128,21,135,86,84,1" hai2="105,17,37,130,15,59,50,32,113,117,9,68,52" hai3="35,78,120,121,8,39,83,67,6,54,79,74,44"/><U36/><E36/><V61/><F117/><W13/><G35/><T33/><D118/><U122/><E1/><V3/><F105/><W11/><G78/><T123/><D33/><U40/><E40/><V27/><F130/><W119/><G119/><T63/><D2/><U104/><E122/><V48/><F113/><N who="1" m="43625" /><E128/><V34/><F37/><W66/><G66/><T56/><D129/><U106/><E97/><V95/><F68/><W42/><G67/><T71/><D100/><U49/><E49/><V127/><F127/><W22/><G22/><N who="1" m="8202" /><E81/><V4/><F95/><W110/><G110/><T96/><D96/><U47/><E47/><V99/><F99/><W10/><G10/><N who="0" m="6615" /><D69/><U109/><E109/><V107/><F107/><AGARI ba="3,1" hai="84,85,86,104,106,107,132,135" m="8202,43625" machi="107" ten="40,3900,0" yaku="28,2" doraHai="55" who="1" fromWho="2" sc="441,0,161,58,199,-48,189,0" /><INIT seed="1,4,0,3,1,98" ten="441,219,151,189" oya="1" hai0="11,35,48,1,54,119,37,28,112,29,82,84,103" hai1="102,8,23,67,6,105,0,110,47,113,51,134,92" hai2="107,62,69,18,70,114,39,55,97,36,117,115,116" hai3="127,89,80,49,52,27,20,66,64,12,71,26,60"/><U21/><E113/><N who="2" m="43019" /><F18/><N who="3" m="10311" /><G71/><N who="2" m="27145" /><F97/><W31/><G127/><T75/><D119/><N who="2" m="45642" /><F107/><W93/><G60/><T16/><D75/><U76/><E105/><V125/><F125/><W44/><G80/><T135/><D37/><U118/><E118/><V79/><F79/><W5/><G5/><T7/><D135/><U38/><E6/><V4/><F4/><W68/><G68/><T61/><D112/><U108/><E134/><V130/><F130/><W46/><G46/><T9/><D35/><U34/><E47/><V42/><F42/><W56/><G44/><T32/><D32/><U22/><E34/><V14/><F14/><W58/><G58/><AGARI ba="4,0" hai="36,39,55,58,62" m="45642,27145,43019" machi="58" ten="40,5200,0" yaku="11,1,34,2" doraHai="98" who="2" fromWho="3" sc="441,0,219,0,151,64,189,-64" /><INIT seed="2,0,0,2,2,95" ten="441,219,215,125" oya="2" hai0="114,43,84,135,58,24,25,77,18,20,91,118,75" hai1="28,106,107,29,94,47,88,4,117,37,12,76,99" hai2="65,92,19,50,34,116,134,126,115,64,36,44,127" hai3="100,15,14,46,67,8,62,111,81,125,86,83,59"/><V52/><F116/><W73/><G111/><T51/><D135/><U17/><E4/><V121/><F121/><W9/><G125/><N who="2" m="47625" /><F115/><W32/><G32/><T66/><D114/><U130/><E76/><V109/><F134/><W120/><G120/><T93/><D118/><U74/><E74/><V113/><F113/><W11/><G73/><T0/><D0/><U78/><E78/><V26/><F36/><W7/><G86/><T112/><D112/><U60/><E117/><V5/><F5/><W53/><G100/><T102/><D75/><U45/><E37/><V101/><F109/><W23/><G23/><T41/><D77/><U16/><E106/><V1/><F1/><W124/><G124/><T105/><D105/><U98/><E107/><V70/><F70/><W128/><G128/><T131/><D102/><U90/><E130/><V39/><F39/><W87/><G87/><T2/><D2/><U42/><E60/><V71/><F71/><W119/><G119/><T96/><D84/><U132/><E132/><V85/><F85/><W55/><G9/><T3/><D3/><U110/><E110/><V57/><F19/><W38/><G38/><T80/><D80/><U123/><E123/><V97/><F44/><W49/><REACH who="3" step="1"/><G67/><REACH who="3" ten="441,219,215,115" step="2"/><T33/><D66/><U35/><E35/><V72/><F72/><W129/><G129/><T21/><D131/><U82/><E82/><V31/><AGARI ba="0,1" hai="26,31,34,50,52,57,64,65,92,97,101" m="47625" machi="31" ten="30,6000,0" yaku="18,1,52,1,54,1" doraHai="95" who="2" fromWho="2" sc="441,-20,219,-20,215,70,115,-20" /><INIT seed="2,1,0,1,3,66" ten="421,199,285,95" oya="2" hai0="108,92,58,78,57,37,124,64,70,12,60,118,69" hai1="77,109,53,56,50,62,23,48,101,28,17,90,21" hai2="49,73,42,63,65,135,43,44,93,134,84,97,19" hai3="16,89,123,111,27,132,0,55,115,8,72,122,14"/><V1/><F73/><W33/><G72/><T81/><D37/><U40/><E109/><V88/><F1/><W91/><G55/><T15/><D108/><U32/><E32/><V104/><F19/><W39/><G39/><T95/><D124/><U103/><E77/><V74/><F74/><W25/><G111/><T20/><D118/><U9/><E9/><V34/><F34/><W6/><G91/><T87/><D58/><U10/><E10/><V129/><F129/><W102/><G89/><T127/><D127/><U119/><E119/><V47/><F104/><W110/><G102/><T98/><D15/><U85/><E28/><V2/><F2/><W131/><G110/><T71/><REACH who="0" step="1"/><D98/><REACH who="0" ten="411,199,285,95" step="2"/><U125/><E125/><V7/><F97/><W128/><G115/><T68/><N who="0" m="17920" /><DORA hai="18" /><T59/><D59/><U130/><E56/><V24/><F47/><W117/><G117/><T112/><D112/><U75/><E130/><N who="3" m="49706" /><G132/><T121/><D121/><N who="3" m="46089" /><G33/><T22/><D22/><AGARI ba="1,1" hai="0,6,8,14,16,22,25,27" m="46089,49706" machi="22" ten="30,8000,1" yaku="19,1,34,2,52,1,54,1" doraHai="66,18" who="3" fromWho="0" sc="411,-83,199,0,285,0,95,93" /><INIT seed="3,0,0,3,3,101" ten="328,199,285,188" oya="3" hai0="55,94,25,120,22,131,12,49,60,27,6,125,134" hai1="67,50,88,32,85,51,129,111,108,1,21,53,34" hai2="28,9,70,71,121,8,14,75,96,112,73,65,39" hai3="69,97,52,118,58,47,76,4,103,128,119,98,62"/><W15/><G128/><T89/><D134/><U130/><E1/><V43/><F112/><W35/><G35/><N who="1" m="13354" /><E67/><V3/><F28/><W18/><G4/><T82/><D125/><U29/><E21/><V40/><F3/><W127/><G127/><T105/><D120/><U100/><E100/><V84/><F121/><W36/><G69/><T48/><D105/><U80/><E29/><V10/><F14/><W26/><G26/><T92/><D82/><U37/><E37/><V59/><F39/><W30/><G30/><T74/><D74/><U24/><E24/><N who="0" m="9289" /><D60/><U126/><E126/><V7/><F96/><W64/><G76/><T132/><D132/><U79/><E79/><V115/><F84/><W124/><G124/><T95/><D131/><N who="1" m="50187" /><E50/><N who="0" m="19561" /><D55/><U110/><E110/><V83/><F71/><W57/><G57/><AGARI ba="0,0" hai="51,53,57,80,85,88,108,111" m="50187,13354" machi="57" ten="30,2000,0" yaku="19,1,54,1" doraHai="101" who="1" fromWho="3" sc="328,0,199,20,285,0,188,-20" owari="328,42.0,219,-18.0,285,9.0,168,-33.0" /></mjloggm>