<mjloggm ver="2.3"><GO type="169" lobby="0"/><UN n0="%E3%81%AD%E3%81%BF%E3%81%9E%E3%81%86" n1="%E5%A4%A9%E9%BC%93" n2="%E3%82%A6%E3%83%AB%E3%83%88%E3%83%A9%E7%AB%8B%E7%9B%B4" n3="%65%72%61%6E%76%69%74%61" dan="16,18,17,16" rate="2032.37,2129.67,2173.42,2083.75" sx="M,M,M,M"/><TAIKYOKU oya="0"/><INIT seed="0,0,0,5,1,18" ten="250,250,250,250" oya="0" hai0="133,36,118,100,8,85,54,101,50,16,132,1,124" hai1="58,120,83,110,9,46,104,5,70,123,86,109,55" hai2="68,117,51,91,122,69,35,33,27,112,73,71,4" hai3="62,21,15,114,102,134,90,32,128,56,10,22,0"/><T63/><D36/><U88/><E70/><V67/><F112/><W76/><G102/><T121/><D121/><U108/><E46/><V13/><F122/><W25/><G76/><T49/><D118/><U72/><E104/><V6/><F73/><W129/><G114/><T48/><D124/><U65/><E65/><V94/><F67/><W79/><G79/><T7/><D85/><U12/><REACH who="1" step="1"/><E72/><REACH who="1" ten="250,240,250,250" step="2"/><V47/><F71/><W111/><G111/><T84/><D133/><U38/><E38/><V14/><F68/><W45/><G134/><T39/><D39/><U119/><E119/><V2/><F69/><W3/><G45/><T43/><D132/><U89/><E89/><V74/><F91/><W77/><G90/><T78/><D43/><U97/><E97/><V61/><F47/><W80/><G77/><T44/><D84/><U99/><E99/><V103/><F74/><W30/><G80/><T37/><D37/><U17/><E17/><V93/><F117/><W57/><G57/><T24/><D78/><U130/><E130/><N who="3" m="50282" /><G0/><T135/><D135/><U23/><E23/><N who="3" m="8714" /><G3/><T125/><D44/><U64/><E64/><V75/><F2/><W26/><G32/><T20/><REACH who="0" step="1"/><D125/><REACH who="0" ten="240,240,250,250" step="2"/><U82/><E82/><V87/><F75/><W59/><G30/><T127/><D127/><U29/><E29/><V131/><F131/><W115/><G115/><T113/><D113/><U92/><E92/><V116/><F93/><W41/><G41/><T107/><D107/><U60/><AGARI ba="0,2" hai="5,9,12,55,58,60,83,86,88,108,109,110,120,123" machi="60" ten="30,8000,1" yaku="1,1,0,1,14,1,54,1,53,1" doraHai="18" doraHaiUra="53" who="1" fromWho="1" sc="240,-40,240,100,250,-20,250,-20" /><INIT seed="1,0,0,3,5,106" ten="200,340,230,230" oya="1" hai0="4,29,13,30,92,98,18,71,1,123,105,99,46" hai1="109,132,101,73,20,107,55,38,25,32,129,10,14" hai2="43,49,70,11,5,44,104,63,62,133,89,76,69" hai3="110,6,17,128,36,41,103,16,88,67,125,2,83"/><U118/><E118/><V78/><F104/><W8/><G110/><T87/><D71/><U120/><E120/><V7/><F133/><W31/><G125/><T117/><D117/><U115/><E115/><V40/><F89/><W51/><G36/><T121/><D105/><U90/><E38/><V0/><F49/><W48/><G103/><T85/><D4/><U79/><E32/><V82/><F82/><W15/><G128/><T77/><D1/><U75/><E79/><V134/><F44/><N who="3" m="25615" /><G67/><T58/><D46/><U42/><E55/><V126/><F11/><W119/><G2/><T84/><D98/><N who="1" m="61879" /><E90/><V112/><F0/><W127/><G127/><T19/><D77/><U74/><E42/><V3/><F3/><W9/><G31/><T22/><D123/><U57/><E57/><V52/><F134/><W102/><G102/><T93/><D121/><U81/><E81/><V96/><F126/><W114/><G114/><T66/><D19/><N who="1" m="8663" /><E132/><V116/><F112/><W21/><G119/><T27/><D30/><N who="1" m="17703" /><E129/><V59/><F116/><W135/><G135/><T124/><D124/><U122/><E122/><V97/><F59/><W65/><G65/><T64/><D58/><U95/><E95/><N who="0" m="36425" /><D99/><U33/><E33/><V28/><F28/><W94/><G83/><T50/><D50/><U108/><E74/><V12/><F12/><N who="3" m="9351" /><G51/><T23/><AGARI ba="0,0" hai="13,18,22,23,27,29,64,66,84,85,87" m="36425" machi="23" ten="30,1100,0" yaku="8,1" doraHai="106" who="0" fromWho="0" sc="200,11,340,-5,230,-3,230,-3" /><INIT seed="2,0,0,2,2,72" ten="211,335,227,227" oya="2" hai0="57,79,99,121,86,14,116,100,78,48,10,5,127" hai1="73,43,46,112,71,97,52,39,15,76,84,47,28" hai2="133,2,0,130,119,135,87,129,126,51,49,128,7" hai3="35,1,115,23,92,58,110,106,85,74,13,37,8"/><V113/><F119/><W93/><G37/><T120/><D116/><U42/><E112/><V66/><F113/><W94/><G106/><T118/><D118/><U3/><E3/><V114/><F114/><W12/><G74/><T91/><D127/><U77/><E73/><V69/><F69/><W26/><G115/><T34/><D34/><U41/><E71/><V38/><F66/><W54/><G110/><T132/><D132/><N who="2" m="50762" /><F38/><W124/><G124/><T95/><D121/><U89/><E97/><V18/><F126/><W108/><G108/><T117/><D120/><U98/><E98/><V64/><F64/><W27/><G1/><N who="2" m="617" /><F7/><W61/><G35/><T16/><D117/><U123/><E123/><V56/><F56/><W20/><G85/><T96/><D5/><U101/><E101/><V109/><F109/><W131/><G131/><T105/><D99/><U107/><E39/><V19/><F87/><W65/><G65/><T21/><D10/><U134/><E134/><V70/><F70/><W22/><REACH who="3" step="1"/><G12/><REACH who="3" ten="211,335,227,217" step="2"/><T75/><D75/><U33/><E15/><V67/><F67/><W59/><G59/><T11/><D11/><U111/><E111/><V82/><F82/><W25/><G25/><T68/><D68/><U103/><E47/><V50/><AGARI ba="0,1" hai="18,19,49,50,51,128,129,130" m="617,50762" machi="50" ten="50,12000,1" yaku="28,2,19,1,20,1" doraHai="72" who="2" fromWho="2" sc="211,-40,335,-40,227,130,217,-40" /><INIT seed="2,1,0,1,5,28" ten="171,295,357,177" oya="2" hai0="89,106,25,98,65,56,81,35,6,14,36,111,38" hai1="99,39,105,93,75,50,109,91,73,102,13,121,66" hai2="126,27,68,97,83,44,72,9,11,58,117,87,40" hai3="24,57,125,69,52,43,42,7,23,45,94,124,113"/><V12/><F68/><W134/><G69/><T108/><D6/><U92/><E39/><V77/><F117/><W90/><G7/><T103/><D14/><U71/><E71/><V16/><F126/><N who="3" m="48747" /><G45/><T119/><D119/><U116/><E66/><V127/><F127/><W59/><G59/><T110/><D89/><U51/><E116/><V122/><F27/><W34/><G34/><T46/><D81/><U1/><E1/><V30/><F30/><N who="3" m="17695" /><G134/><T31/><D46/><U79/><E121/><V48/><F122/><W100/><G100/><T37/><D56/><U74/><E50/><V80/><F97/><N who="3" m="57559" /><G113/><T20/><D65/><U114/><E114/><V32/><F32/><AGARI ba="1,0" hai="20,25,31,32,35,36,37,38,98,103,106,108,110,111" machi="32" ten="50,6400,0" yaku="14,1,52,2" doraHai="28" who="0" fromWho="2" sc="171,67,295,0,357,-67,177,0" /><INIT seed="3,0,0,1,1,70" ten="238,295,290,177" oya="3" hai0="4,43,48,117,95,12,118,55,74,111,21,7,132" hai1="17,134,131,8,63,61,27,91,125,89,71,29,9" hai2="33,3,105,85,66,20,128,119,16,104,127,39,79" hai3="94,22,42,73,109,18,35,107,133,44,64,11,0"/><W108/><G107/><T25/><D74/><U50/><E131/><V69/><F33/><W122/><G122/><T103/><D132/><U41/><E134/><V34/><F34/><W59/><G133/><T53/><D111/><N who="3" m="42569" /><G35/><T116/><D43/><U97/><E125/><V6/><F119/><W80/><G94/><T81/><D81/><U135/><E29/><V110/><F105/><W15/><G64/><T5/><D12/><U83/><E135/><V112/><F104/><W1/><G59/><T23/><D48/><U99/><E71/><V123/><F110/><W36/><G22/><T46/><D46/><U40/><E83/><V121/><F66/><W2/><G80/><T24/><D95/><U10/><E10/><V62/><F69/><W84/><G84/><T54/><REACH who="0" step="1"/><D103/><REACH who="0" ten="228,295,290,177" step="2"/><U76/><E50/><V113/><F85/><W72/><AGARI ba="0,1" hai="0,1,2,11,15,18,36,42,44,72,73" m="42569" machi="72" ten="40,7800,0" yaku="14,1,10,1,52,1" doraHai="70" who="3" fromWho="3" sc="228,-26,295,-26,290,-26,177,88" /><INIT seed="3,1,0,2,1,61" ten="202,269,264,265" oya="3" hai0="14,54,109,20,69,99,96,25,0,126,52,118,8" hai1="134,36,66,72,47,64,63,74,101,28,60,120,67" hai2="21,78,35,113,7,87,114,26,130,73,115,49,70" hai3="117,110,12,22,57,108,38,65,59,104,80,55,122"/><W111/><G122/><T116/><D0/><U107/><E120/><V51/><F73/><W77/><G117/><T32/><D32/><U3/><E3/><V91/><F78/><W133/><G38/><T11/><D126/><U5/><E5/><V127/><F35/><W23/><G133/><T62/><D109/><U18/><E28/><V88/><F70/><W50/><G104/><T89/><D11/><U1/><E1/><V68/><F68/><W34/><G34/><T119/><D96/><U46/><E101/><V37/><F37/><W4/><G4/><T84/><D99/><U39/><E67/><V10/><F91/><W82/><G80/><T86/><D86/><U79/><E18/><V33/><F33/><W15/><G12/><T58/><D69/><U121/><E121/><V71/><F71/><W53/><G15/><T43/><D43/><U24/><E24/><V105/><F105/><W56/><G65/><T19/><D54/><N who="3" m="20489" /><G50/><T48/><D48/><U128/><E107/><V9/><F127/><W75/><AGARI ba="1,0" hai="22,23,56,57,59,75,77,82,108,110,111" m="20489" machi="75" ten="40,3900,0" yaku="14,1,10,1" doraHai="61" who="3" fromWho="3" sc="202,-14,269,-14,264,-14,265,42" /><INIT seed="3,2,0,1,5,134" ten="188,255,250,307" oya="3" hai0="102,58,79,10,97,90,92,2,63,119,21,127,8" hai1="40,43,68,44,110,123,16,122,39,129,124,59,22" hai2="57,133,12,37,107,7,25,82,99,31,75,77,72" hai3="126,86,53,30,104,52,80,64,116,103,117,19,28"/><W112/><G104/><T121/><D121/><U51/><E68/><V132/><F37/><W66/><G103/><T114/><D119/><U98/><E110/><V109/><F57/><W24/><G19/><T1/><D1/><U85/><E129/><V94/><F12/><W131/><G24/><T88/><D114/><U15/><E124/><V118/><F7/><W135/><G86/><T0/><D0/><U47/><E59/><V48/><F48/><W61/><G80/><T23/><D79/><U60/><E60/><V128/><F107/><W26/><G26/><T36/><D36/><U5/><E98/><V96/><F96/><W3/><G3/><T100/><D127/><U35/><E35/><V32/><F118/><W18/><G18/><T130/><D130/><U27/><REACH who="1" step="1"/><E85/><REACH who="1" ten="188,245,250,307" step="2"/><N who="2" m="48335" /><F128/><W49/><G126/><T108/><D108/><U91/><E91/><N who="2" m="55775" /><F109/><W111/><G111/><T56/><D63/><U55/><E55/><V125/><F125/><W9/><G131/><T45/><D45/><U89/><E89/><V101/><F72/><W73/><G73/><T71/><D71/><U42/><E42/><V76/><F75/><W87/><G87/><T74/><D74/><U46/><E46/><V69/><F69/><W81/><G61/><T38/><D97/><U84/><E84/><V93/><F76/><W62/><G62/><T113/><D113/><U50/><E50/><V14/><F101/><W11/><G49/><T6/><D38/><U65/><E65/><V67/><F67/><W34/><G34/><T13/><D102/><U41/><E41/><V33/><F33/><RYUUKYOKU ba="2,1" sc="188,-10,245,30,250,-10,307,-10" hai1="5,15,16,22,27,39,40,43,44,47,51,122,123" /><INIT seed="4,3,1,2,0,112" ten="178,275,240,297" oya="0" hai0="40,3,27,24,69,78,121,77,123,73,9,8,93" hai1="97,50,95,130,7,28,102,44,63,82,51,11,71" hai2="98,36,101,116,53,131,76,52,105,79,106,86,20" hai3="111,119,124,31,70,17,100,81,85,1,94,120,38"/><T87/><D69/><U117/><E117/><V13/><F36/><W45/><G31/><T2/><D87/><U127/><E127/><V115/><F105/><W30/><G30/><T84/><D84/><U41/><E130/><V91/><F131/><W129/><G1/><T46/><D93/><U67/><E28/><V65/><F65/><W15/><G70/><T47/><REACH who="0" step="1"/><D40/><REACH who="0" ten="168,275,240,297" step="2"/><U32/><E82/><V113/><F86/><W54/><G94/><T89/><D89/><U6/><E32/><V5/><F91/><W134/><G129/><T21/><D21/><U56/><E11/><N who="2" m="4335" /><F20/><W58/><G85/><T57/><D57/><U80/><E80/><V43/><F43/><W14/><G81/><T23/><D23/><U114/><E114/><V74/><F115/><W90/><G90/><T10/><D10/><U12/><E71/><V99/><F113/><W25/><G100/><T126/><D126/><U72/><E102/><V118/><F99/><W18/><G124/><T88/><D88/><U59/><E97/><V64/><F98/><W55/><G58/><T33/><D33/><U128/><E95/><V83/><F101/><W37/><G45/><T125/><D125/><U92/><E92/><V108/><F83/><W26/><G120/><T4/><D4/><U34/><E128/><V104/><F106/><W103/><G103/><T42/><D42/><U62/><E34/><V132/><F104/><W60/><G38/><T49/><D49/><N who="1" m="26767" /><E6/><V135/><F79/><W66/><G37/><T61/><D61/><U133/><E62/><V107/><F76/><W22/><G60/><RYUUKYOKU ba="3,2" sc="168,30,275,-10,240,-10,297,-10" hai0="2,3,8,9,24,27,46,47,73,77,78,121,123" /><INIT seed="4,4,2,3,4,109" ten="198,265,230,287" oya="0" hai0="46,124,90,75,13,29,97,44,25,116,86,128,131" hai1="0,115,54,122,58,1,112,47,80,62,91,71,28" hai2="89,63,26,125,57,21,61,69,45,77,49,15,98" hai3="37,5,99,135,27,96,39,51,120,36,14,35,103"/><T92/><D75/><U55/><E122/><V127/><F77/><W81/><G120/><T83/><D116/><U82/><E71/><V94/><F15/><W32/><G135/><T108/><D108/><U111/><E111/><V67/><F49/><W114/><G114/><N who="1" m="43562" /><E28/><V2/><F45/><W12/><G81/><N who="1" m="31338" /><E91/><V38/><F38/><W19/><G39/><T104/><D104/><U110/><E110/><V30/><F2/><N who="1" m="1129" /><E47/><V53/><AGARI ba="4,2" hai="21,26,30,53,57,61,63,67,69,89,94,98,125,127" machi="53" ten="30,1100,0" yaku="0,1" doraHai="109" who="2" fromWho="2" sc="198,-9,265,-7,230,43,287,-7" /><INIT seed="5,0,0,2,5,19" ten="189,258,273,280" oya="1" hai0="40,34,91,126,7,29,2,18,55,23,103,132,100" hai1="10,121,120,16,96,111,32,9,106,95,20,4,67" hai2="8,35,114,85,43,42,133,130,62,131,25,108,127" hai3="72,105,122,125,92,68,13,36,24,30,135,6,69"/><U52/><E32/><V37/><F108/><W119/><G92/><T39/><D126/><U56/><E67/><V54/><F127/><W81/><G81/><T65/><D132/><U113/><E106/><V26/><F26/><W33/><G13/><T73/><D73/><U12/><E113/><V27/><F27/><W83/><G83/><T45/><D65/><U28/><E28/><V107/><F107/><W31/><G6/><T82/><D29/><U58/><E58/><N who="2" m="35159" /><F37/><W123/><G30/><T38/><D38/><U14/><E111/><V109/><F109/><W21/><G21/><T110/><D34/><U71/><E71/><V124/><F124/><W94/><G94/><T79/><D110/><U48/><E10/><V134/><F114/><W51/><G24/><T47/><D7/><U115/><E115/><V5/><F85/><W57/><G72/><T76/><D2/><U84/><E84/><V60/><F25/><W80/><G36/><T11/><D11/><U66/><E66/><V15/><F35/><W90/><G105/><T87/><D79/><U59/><E59/><V97/><F97/><W41/><G69/><T102/><D76/><U0/><E0/><V50/><F134/><W61/><G68/><T53/><D47/><U89/><AGARI ba="0,0" hai="4,9,12,14,16,20,48,52,56,89,95,96,120,121" machi="89" ten="20,12000,1" yaku="0,1,7,1,52,1,54,2" doraHai="19" who="1" fromWho="1" sc="189,-40,258,120,273,-40,280,-40" /><INIT seed="5,1,0,4,3,7" ten="149,378,233,240" oya="1" hai0="11,127,36,114,42,17,0,113,134,48,32,5,47" hai1="3,107,30,57,81,80,95,79,78,68,40,52,87" hai2="118,77,8,76,16,102,43,1,49,29,104,122,112" hai3="4,69,129,121,63,133,117,65,123,73,72,70,19"/><U50/><E107/><V99/><F122/><W130/><G19/><T100/><D32/><U27/><E68/><N who="3" m="26218" /><G4/><T10/><D100/><U21/><E3/><V37/><F37/><W31/><G31/><T44/><D127/><U111/><E40/><V110/><F110/><W26/><G26/><T34/><D34/><U103/><E111/><V125/><F125/><W25/><G25/><T33/><D33/><U83/><E87/><V109/><F109/><W62/><G65/><T89/><D89/><U126/><E126/><V101/><F29/><W85/><G85/><T135/><D47/><U124/><E124/><V119/><F102/><W91/><G91/><T58/><D58/><U24/><REACH who="1" step="1"/><E27/><REACH who="1" ten="149,368,233,240" step="2"/><V97/><F1/><W64/><G117/><T53/><D42/><U84/><E84/><V45/><F119/><W61/><G64/><T9/><D36/><U115/><E115/><N who="0" m="44041" /><D17/><U92/><E92/><V13/><F112/><W55/><G55/><T2/><D2/><U38/><E38/><V106/><F118/><W35/><G35/><T22/><D22/><U88/><E88/><V98/><F104/><W132/><G123/><T86/><D86/><U39/><E39/><V131/><F106/><W46/><G121/><T75/><D75/><N who="3" m="28745" /><G46/><T96/><D96/><AGARI ba="1,1" hai="21,24,30,50,52,57,78,79,80,81,83,95,96,103" machi="96" ten="40,7700,0" yaku="1,1,8,1,54,1,53,0" doraHai="7" doraHaiUra="14" who="1" fromWho="0" sc="149,-80,368,90,233,0,240,0" /><INIT seed="5,2,0,5,1,50" ten="69,458,233,240" oya="1" hai0="92,41,129,131,1,57,106,123,135,93,34,55,38" hai1="121,51,43,70,75,113,61,72,133,105,6,58,86" hai2="130,63,125,115,126,87,112,21,9,26,60,13,88" hai3="47,7,99,98,59,108,31,15,52,16,42,100,97"/><U81/><E121/><V110/><F110/><W64/><G108/><T4/><D106/><U5/><E105/><V45/><F45/><W19/><G31/><T122/><D34/><U91/><E113/><N who="2" m="43595" /><F130/><N who="0" m="49674" /><D4/><U117/><E117/><V114/><F114/><W12/><G64/><T65/><D1/><U124/><E43/><V24/><F13/><W23/><G7/><T48/><D93/><U89/><E6/><V101/><F9/><W67/><G67/><T62/><D92/><U28/><E5/><V83/><F101/><W79/><G79/><T30/><D30/><U95/><E89/><V84/><F84/><W119/><G119/><T25/><D25/><N who="2" m="9834" /><F21/><W37/><G100/><T14/><D14/><U132/><E86/><V54/><F63/><W2/><G2/><T68/><D135/><U49/><E132/><V3/><F3/><W35/><G35/><T104/><D104/><U102/><E102/><V107/><F107/><W120/><G120/><N who="0" m="46123" /><D41/><U77/><E133/><V85/><F85/><W94/><G94/><T69/><D38/><U71/><E95/><V8/><F8/><W0/><G0/><T118/><D118/><U29/><E29/><V127/><F127/><W96/><G96/><T109/><D109/><U22/><E124/><V90/><F90/><W73/><G73/><T134/><D134/><U128/><E91/><V103/><F103/><W78/><G78/><T11/><D11/><U111/><E128/><V82/><F82/><W76/><G76/><T56/><AGARI ba="2,0" hai="48,55,56,57,62,65,68,69" m="46123,49674" machi="56" ten="30,8000,1" yaku="19,1,13,1,34,2,52,1" doraHai="50" who="0" fromWho="0" sc="69,86,458,-42,233,-22,240,-22" /><INIT seed="6,0,0,1,5,127" ten="155,416,211,218" oya="2" hai0="84,10,48,77,23,24,131,79,96,76,50,17,133" hai1="98,105,103,97,128,6,110,7,65,20,44,53,95" hai2="75,59,58,116,54,106,34,109,66,70,56,107,1" hai3="26,61,123,51,108,85,117,104,3,4,82,16,113"/><V49/><F75/><W62/><G104/><T112/><D112/><U13/><E110/><V37/><F34/><W55/><G117/><T121/><D121/><U130/><E65/><V28/><F1/><W30/><G123/><T38/><D38/><U46/><E20/><V71/><F28/><W125/><G113/><T33/><D33/><U40/><E53/><N who="2" m="31791" /><F107/><W19/><G125/><T119/><D119/><U126/><E126/><V134/><F106/><W15/><G3/><T9/><D133/><U47/><E40/><V83/><F83/><W93/><G4/><T135/><D135/><U2/><E13/><V57/><F109/><W114/><G93/><T115/><D96/><U90/><E2/><V27/><F27/><W81/><G82/><T35/><D35/><U12/><E12/><V52/><F134/><W72/><G72/><T36/><D36/><U41/><E41/><V5/><F5/><W102/><G108/><T92/><D115/><U21/><E21/><V64/><F116/><W32/><G114/><T74/><D74/><U118/><E118/><V39/><F39/><W67/><G15/><T11/><D92/><U122/><E122/><V18/><F18/><W100/><G16/><T63/><D84/><U43/><E43/><V60/><F37/><W120/><G19/><T132/><D132/><U68/><E68/><V88/><F88/><N who="3" m="51247" /><G120/><T25/><D25/><U86/><E86/><V45/><F45/><N who="3" m="28143" /><G67/><T69/><D17/><U14/><E7/><V22/><F22/><W78/><G78/><T101/><D23/><U124/><E124/><V8/><F8/><AGARI ba="0,0" hai="6,8,14,44,46,47,90,95,97,98,103,105,128,130" machi="8" ten="40,5200,0" yaku="6,1,52,2" doraHai="127" who="1" fromWho="2" sc="155,0,416,52,211,-52,218,0" /><INIT seed="7,0,0,2,2,16" ten="155,468,159,218" oya="3" hai0="74,134,29,14,125,111,96,129,135,36,15,132,57" hai1="47,93,80,83,81,48,32,19,13,84,79,122,123" hai2="50,120,26,58,22,78,101,56,44,105,49,34,45" hai3="63,72,62,73,70,28,97,77,39,0,119,127,59"/><W21/><G0/><T7/><D74/><U104/><E32/><V113/><F34/><W109/><G39/><T112/><D36/><U86/><E104/><V10/><F120/><W27/><G119/><T124/><D111/><U8/><E93/><V131/><F131/><W2/><G2/><T64/><D96/><U41/><E81/><V115/><F78/><AGARI ba="0,0" hai="8,13,19,41,47,48,78,79,80,83,84,86,122,123" machi="78" ten="30,2000,0" yaku="7,1,9,1" doraHai="16" who="1" fromWho="2" sc="155,0,468,20,159,-20,218,0" owari="155,-24.0,488,58.0,139,-36.0,218,2.0" /></mjloggm>