<mjloggm ver="2.3"><GO type="97" lobby="0"/><UN n0="%6D%61%6B%6F%74%6F%32%31" n1="%E5%B0%B1%E6%B4%BB%E7%94%9F%40%E5%B7%9D%E6%9D%91%E8%BB%8D%E5%9B%A3" n2="%E3%82%BC%E3%83%AD%E3%82%BC%E3%83%AD" n3="%E3%81%BD%E3%81%A3%E3%81%BD%EF%BC%94%EF%BD%98" dan="13,15,14,14" rate="1873.59,2051.61,1930.63,1885.60" sx="M,M,M,M"/><TAIKYOKU oya="0"/><INIT seed="0,0,0,1,2,26" ten="250,250,250,250" oya="0" hai0="121,77,61,54,113,42,39,112,103,32,102,82,23" hai1="44,130,70,105,53,5,14,126,52,60,0,123,29" hai2="4,6,129,24,87,33,17,97,132,20,67,8,106" hai3="117,96,76,16,22,115,101,127,110,62,109,85,49"/><T10/><D32/><U104/><E0/><V55/><F132/><W90/><G117/><T11/><D121/><U59/><E70/><V124/><F124/><W78/><G127/><T15/><D39/><U114/><E130/><V131/><F67/><W1/><G1/><T94/><D42/><U118/><E118/><V120/><F120/><W31/><G115/><T46/><D113/><U47/><E123/><V128/><F87/><W7/><G62/><T75/><D112/><U84/><E126/><V50/><F33/><W134/><G7/><T135/><D135/><U125/><E29/><N who="2" m="17543" /><F97/><W57/><G134/><T51/><D61/><U88/><E125/><V98/><F98/><W56/><G78/><T89/><D11/><N who="1" m="4463" /><E105/><V69/><F106/><W93/><G76/><T107/><D107/><U100/><E104/><V34/><F69/><W66/><G66/><T74/><D74/><U2/><E2/><V68/><F68/><W99/><G101/><T63/><D63/><N who="1" m="36327" /><E100/><V9/><F34/><W25/><G99/><T27/><D10/><N who="2" m="4202" /><F17/><W73/><G96/><T116/><D116/><U64/><E64/><V18/><F18/><W30/><G73/><T19/><REACH who="0" step="1"/><D27/><REACH who="0" ten="240,250,250,250" step="2"/><U108/><E114/><V119/><F119/><W48/><G48/><T13/><D13/><U45/><E60/><V40/><F40/><W12/><G49/><T37/><D37/><U36/><E36/><V95/><F95/><W35/><G35/><T111/><D111/><N who="3" m="42505" /><G12/><T133/><D133/><U72/><E108/><V58/><AGARI ba="0,1" hai="4,6,50,55,58,128,129,131" m="4202,17543" machi="58" ten="40,2700,0" yaku="19,1,52,1" doraHai="26" who="2" fromWho="2" sc="240,-13,250,-7,250,37,250,-7" /><INIT seed="1,0,0,2,0,113" ten="227,243,287,243" oya="1" hai0="101,123,32,97,39,109,17,111,12,108,81,2,8" hai1="51,79,75,66,40,70,0,48,105,119,116,124,117" hai2="72,31,110,76,98,82,115,73,83,52,20,114,118" hai3="35,103,46,100,87,77,106,92,4,60,24,125,120"/><U21/><E0/><V26/><F110/><W62/><G120/><T128/><D39/><U34/><E34/><V19/><F98/><W71/><G125/><T99/><D128/><U112/><E105/><V53/><F31/><W3/><G46/><T10/><D32/><U5/><E5/><V36/><F36/><W134/><G134/><T23/><D123/><U121/><E121/><V9/><F9/><W50/><G50/><N who="1" m="18986" /><E79/><N who="2" m="44391" /><F118/><W89/><G77/><T80/><D97/><U55/><E21/><V61/><F61/><W25/><G62/><T49/><D49/><U130/><E75/><V102/><F102/><W59/><G71/><T56/><D56/><U127/><E112/><AGARI ba="0,0" hai="19,20,26,52,53,73,76,83,112,114,115" m="44391" machi="112" ten="30,2000,0" yaku="11,1,54,1" doraHai="113" who="2" fromWho="1" sc="227,0,243,-20,287,20,243,0" /><INIT seed="2,0,0,4,3,71" ten="227,223,307,243" oya="2" hai0="11,132,25,65,52,81,34,111,31,40,36,7,14" hai1="90,124,87,122,21,103,50,106,128,53,23,126,85" hai2="35,3,1,78,33,63,100,117,131,96,15,134,62" hai3="4,58,19,60,18,13,45,38,66,43,61,76,0"/><V48/><F117/><W64/><G0/><T125/><D65/><U20/><E128/><V79/><F131/><W12/><G76/><T112/><D112/><U104/><E122/><V133/><F48/><W130/><G130/><T30/><D30/><U59/><E87/><V72/><F15/><W101/><G101/><T9/><D111/><U102/><E102/><V73/><F100/><W39/><G4/><T80/><D125/><N who="1" m="48235" /><E103/><V26/><REACH who="2" step="1"/><F26/><REACH who="2" ten="227,223,297,243" step="2"/><W47/><G43/><T29/><D14/><U115/><E115/><V107/><F107/><W123/><G123/><T77/><D25/><U8/><E8/><V57/><F57/><AGARI ba="0,1" hai="12,13,18,19,38,39,45,47,57,58,60,61,64,66" machi="57" ten="25,6400,0" yaku="22,2,52,2" doraHai="71" who="3" fromWho="2" sc="227,0,223,0,297,-64,243,74" /><INIT seed="3,0,0,5,1,28" ten="227,223,233,317" oya="3" hai0="14,132,81,95,29,116,6,88,92,123,74,96,83" hai1="19,37,68,101,48,90,82,46,58,16,120,65,49" hai2="26,47,56,89,98,13,121,66,52,119,64,11,45" hai3="85,60,20,126,111,1,31,17,122,130,76,87,4"/><W3/><G122/><T112/><D116/><U34/><E68/><V59/><F119/><W124/><G130/><T22/><D123/><U30/><E37/><V63/><F121/><W103/><G111/><T133/><D74/><U18/><E120/><V93/><F26/><W104/><G60/><T99/><D112/><U117/><E117/><V9/><F66/><W8/><G31/><T86/><D6/><U97/><E34/><V61/><F11/><W25/><G1/><T70/><D70/><U131/><E30/><V42/><F42/><W41/><G41/><T135/><D14/><U134/><E134/><V84/><F84/><W73/><G73/><T107/><D22/><U32/><E32/><V50/><F50/><N who="1" m="19561" /><E46/><V106/><F106/><W36/><G36/><T23/><D23/><U110/><E110/><V80/><F80/><N who="0" m="30794" /><D29/><U35/><E35/><V67/><F67/><W78/><G78/><T102/><D99/><U27/><E131/><V108/><REACH who="2" step="1"/><F108/><REACH who="2" ten="227,223,223,317" step="2"/><W44/><G87/><T7/><D7/><AGARI ba="0,1" hai="7,9,13,45,47,52,56,59,61,63,64,89,93,98" machi="7" ten="30,12000,2" yaku="1,1,2,1,7,1,8,1,54,1,53,1" doraHai="28" doraHaiUra="0" who="2" fromWho="0" sc="227,-120,223,0,223,130,317,0" owari="107,-39.0,223,-18.0,353,45.0,317,12.0" /></mjloggm>