<mjloggm ver="2.3"><GO type="97" lobby="0"/><UN n0="%74%75%66%66%79" n1="%E7%A7%98%E5%89%A3%E2%98%85%E5%8D%83%E9%B3%A5%E2%98%85" n2="%E5%B0%B1%E6%B4%BB%E7%94%9F%40%E5%B7%9D%E6%9D%91%E8%BB%8D%E5%9B%A3" n3="%E7%B4%85%40%E6%9D%8F%E6%9D%8F%E8%BB%8D%E5%9C%98" dan="13,15,16,15" rate="1853.94,2025.74,2089.75,1975.72" sx="M,M,M,F"/><TAIKYOKU oya="0"/><INIT seed="0,0,0,1,0,81" ten="250,250,250,250" oya="0" hai0="73,60,23,15,62,117,131,32,65,100,51,133,74" hai1="55,108,27,28,122,5,6,107,130,69,125,1,120" hai2="115,59,113,12,98,35,18,0,13,129,52,33,31" hai3="75,11,45,43,79,37,20,105,47,87,103,48,4"/><T101/><D117/><U71/><E108/><V84/><F0/><W50/><G105/><T83/><D32/><U114/><E130/><V36/><F129/><W70/><G70/><T132/><D131/><U128/><E128/><V88/><F36/><W90/><G103/><N who="0" m="39499" /><D51/><U89/><E55/><V124/><F124/><W94/><G20/><T8/><D23/><U10/><E89/><V54/><F13/><W39/><G47/><T29/><D29/><U24/><E125/><V109/><F109/><W44/><G44/><T93/><D93/><U110/><E107/><V121/><F121/><W56/><G56/><T22/><D22/><U91/><E91/><V67/><F98/><W57/><G57/><T7/><D83/><U21/><E110/><V82/><F31/><W53/><G53/><T25/><D25/><U119/><E119/><V16/><F67/><W80/><G37/><T106/><D106/><U58/><E58/><V2/><F2/><AGARI ba="0,0" hai="2,4,11,39,43,45,48,50,75,79,80,87,90,94" machi="2" ten="30,7700,0" yaku="7,1,25,2,52,1" doraHai="81" who="3" fromWho="2" sc="250,0,250,0,250,-77,250,77" /><INIT seed="1,0,0,5,0,69" ten="250,250,173,327" oya="1" hai0="41,31,21,49,40,96,22,54,61,34,90,130,71" hai1="3,101,17,28,128,73,0,23,55,36,14,100,125" hai2="4,19,48,13,2,91,56,64,6,119,89,59,83" hai3="131,11,104,109,27,26,87,76,102,132,62,32,67"/><U88/><E73/><V84/><F119/><W86/><G11/><T10/><D130/><U77/><E128/><V118/><F118/><W113/><G131/><T5/><D34/><U66/><E77/><V12/><F2/><W110/><G113/><T52/><D22/><U121/><E121/><V57/><F64/><W78/><G78/><T107/><D107/><U38/><E66/><V51/><F19/><W60/><G60/><T108/><D108/><U123/><E123/><V33/><F33/><W93/><G76/><T115/><D115/><U95/><E3/><V116/><F116/><W63/><G63/><T37/><D37/><U7/><E100/><V127/><F127/><W1/><G1/><T72/><D72/><U70/><E101/><V81/><F59/><W42/><G42/><T129/><D54/><U39/><E70/><V47/><REACH who="2" step="1"/><F84/><REACH who="2" ten="250,250,163,327" step="2"/><W82/><G86/><T134/><D129/><U53/><E125/><V74/><F74/><W44/><G67/><T45/><D45/><AGARI ba="0,1" hai="4,6,12,13,45,47,48,51,56,57,81,83,89,91" machi="45" ten="25,6400,0" yaku="1,1,22,2,8,1,53,0" doraHai="69" doraHaiUra="16" who="2" fromWho="0" sc="250,-64,250,0,163,74,327,0" /><INIT seed="2,0,0,3,0,130" ten="186,250,237,327" oya="2" hai0="56,14,50,26,44,19,98,121,80,49,124,102,34" hai1="127,37,119,47,104,70,29,87,28,54,106,83,51" hai2="107,103,92,115,53,117,76,81,4,17,91,135,90" hai3="132,6,63,62,59,120,2,60,73,75,8,23,5"/><V128/><F115/><W9/><G120/><T123/><D124/><U89/><E119/><V41/><F117/><W110/><G110/><T125/><D125/><U38/><E127/><V64/><F64/><W93/><G132/><T18/><D80/><U21/><E70/><V72/><F128/><W85/><G23/><T16/><D56/><U114/><E114/><V113/><F113/><W3/><G59/><T82/><D50/><U45/><E21/><V58/><F41/><W97/><REACH who="3" step="1"/><G85/><REACH who="3" ten="186,250,237,317" step="2"/><T0/><D34/><U88/><E104/><V39/><F135/><W55/><G55/><T32/><D123/><U108/><E106/><V134/><F134/><W1/><G1/><T67/><D0/><U42/><E108/><V74/><F107/><W24/><G24/><T78/><D67/><U11/><E11/><V13/><F74/><W61/><N who="3" m="15360" /><DORA hai="77" /><W99/><G99/><T46/><D26/><U118/><E118/><V129/><F58/><W43/><G43/><T96/><D32/><U105/><E105/><V65/><F53/><W95/><G95/><N who="0" m="58655" /><D98/><U31/><REACH who="1" step="1"/><E38/><REACH who="1" ten="186,240,237,317" step="2"/><V27/><F39/><W48/><G48/><T122/><D121/><U57/><E57/><V111/><F111/><W100/><AGARI ba="0,2" hai="2,3,5,6,8,9,73,75,93,97,100" m="15360" machi="100" ten="40,5200,0" yaku="1,1,0,1,9,1,53,0" doraHai="130,77" doraHaiUra="52,101" who="3" fromWho="3" sc="186,-13,240,-13,237,-26,317,72" /><INIT seed="3,0,0,4,2,44" ten="173,227,211,389" oya="3" hai0="122,13,115,129,39,134,96,119,26,107,56,16,40" hai1="133,17,123,113,121,3,54,8,9,98,131,31,91" hai2="60,4,92,84,29,11,58,52,45,128,10,74,43" hai3="110,18,66,15,93,51,75,34,125,63,27,7,23"/><W130/><G75/><T135/><D122/><U90/><E113/><V112/><F74/><W79/><G130/><T55/><D119/><U82/><E131/><V78/><F112/><W83/><G110/><T61/><D129/><U97/><E3/><V106/><F128/><W53/><G125/><T64/><D115/><U24/><E133/><V76/><F106/><W108/><G108/><T41/><D26/><U37/><E37/><V30/><F43/><W21/><G93/><T47/><D41/><U102/><E31/><N who="2" m="11787" /><F45/><W104/><G104/><T28/><D28/><U6/><E6/><V65/><F65/><W36/><G36/><T57/><D96/><U20/><E123/><V71/><F71/><W5/><G34/><T19/><D107/><U62/><E121/><V42/><F42/><W99/><G99/><N who="1" m="37898" /><E102/><V103/><F103/><W88/><G79/><N who="2" m="30249" /><F4/><W1/><G5/><T69/><D57/><N who="1" m="35127" /><E91/><AGARI ba="0,0" hai="10,11,52,58,60,84,91,92" m="30249,11787" machi="91" ten="30,2000,0" yaku="8,1,54,1" doraHai="44" who="2" fromWho="1" sc="173,0,227,-20,211,20,389,0" owari="173,-33.0,207,-19.0,231,3.0,389,49.0" /></mjloggm>