<mjloggm ver="2.3"><GO type="169" lobby="0"/><UN n0="%E3%83%88%E3%83%88%E3%83%AA%E5%85%88%E7%94%9F%31%39%E6%AD%B3" n1="%E3%81%88%E3%81%A0%E2%98%86%E3%81%BE%E3%82%81" n2="%E3%81%94%E3%81%86%EF%BC%AA%EF%BC%B0%EF%BC%AE" n3="%43%48%49%52%4F%52%55" dan="17,16,16,17" rate="2133.97,2076.20,2085.90,2107.06" sx="F,M,M,M"/><TAIKYOKU oya="0"/><INIT seed="0,0,0,0,5,66" ten="250,250,250,250" oya="0" hai0="13,99,126,61,50,43,102,106,128,100,97,4,60" hai1="123,105,122,108,70,87,75,14,96,44,89,0,49" hai2="36,45,20,21,17,104,32,25,78,11,27,76,88" hai3="90,9,103,118,31,119,73,29,114,112,56,10,94"/><T28/><D128/><U19/><E0/><V74/><F104/><W129/><G56/><T72/><D72/><U34/><E34/><V6/><F32/><W133/><G94/><T12/><D126/><U47/><E108/><V37/><F74/><W121/><G73/><T23/><D43/><U53/><E47/><V79/><F45/><W101/><G90/><T107/><D50/><U86/><E86/><V92/><F11/><W116/><G129/><T58/><D4/><U117/><E70/><V30/><REACH who="2" step="1"/><F6/><REACH who="2" ten="250,250,240,250" step="2"/><W68/><G119/><T84/><D23/><U15/><E75/><V57/><F57/><W63/><G118/><T125/><D58/><U65/><E117/><V127/><F127/><W113/><G116/><T24/><D125/><U5/><E5/><V35/><F35/><W120/><G114/><T91/><D106/><U22/><E105/><V132/><F132/><W42/><G133/><T134/><D134/><U3/><E123/><V7/><F7/><W110/><G113/><T26/><D107/><U48/><E122/><V109/><F109/><W135/><G110/><T62/><D28/><U33/><E33/><V85/><AGARI ba="0,1" hai="17,20,21,25,27,30,36,37,76,78,79,85,88,92" machi="85" ten="30,7900,0" yaku="1,1,0,1,54,1,53,1" doraHai="66" doraHaiUra="83" who="2" fromWho="2" sc="250,-39,250,-20,240,89,250,-20" /><INIT seed="1,0,0,5,3,68" ten="211,230,329,230" oya="1" hai0="119,112,29,26,90,1,107,74,100,0,54,120,27" hai1="3,125,84,59,43,93,103,52,57,82,88,36,78" hai2="8,79,47,31,80,11,21,76,45,62,12,122,65" hai3="53,63,35,55,110,97,38,89,86,25,2,129,71"/><U7/><E125/><V81/><F122/><W69/><G2/><T51/><D112/><U73/><E103/><V102/><F102/><W132/><G71/><T75/><D119/><U19/><E19/><V77/><F31/><W101/><G38/><T95/><D120/><U56/><E52/><V39/><F21/><W115/><G110/><T85/><D107/><U124/><E124/><V135/><F135/><W41/><G41/><T23/><D100/><U67/><E67/><V28/><F28/><N who="3" m="19855" /><G129/><T87/><D27/><U128/><E128/><V49/><F39/><W72/><G72/><T126/><D126/><U104/><E104/><V15/><F62/><W20/><G20/><T4/><D85/><U58/><E58/><V64/><F76/><W98/><G98/><T44/><D1/><U14/><E14/><V18/><F18/><W96/><G96/><T116/><D116/><U91/><E91/><V46/><F45/><W61/><G61/><T33/><D33/><U5/><REACH who="1" step="1"/><E3/><REACH who="1" ten="211,220,329,230" step="2"/><V34/><F49/><W40/><G101/><T134/><D134/><U92/><E92/><V113/><REACH who="2" step="1"/><F34/><REACH who="2" ten="211,220,319,230" step="2"/><W130/><G132/><T99/><D51/><U117/><E117/><V48/><F48/><W42/><G130/><T111/><D29/><U13/><E13/><V109/><F109/><W70/><G63/><T9/><D111/><U10/><E10/><V30/><F30/><W106/><G106/><T123/><D9/><U37/><E37/><V121/><F121/><W22/><G22/><T131/><D123/><U108/><E108/><V133/><F133/><W66/><G115/><AGARI ba="0,2" hai="8,11,12,15,46,47,64,65,77,79,80,81,113,115" machi="115" ten="25,6400,0" yaku="1,1,6,1,22,2,53,0" doraHai="68" doraHaiUra="118" who="2" fromWho="3" sc="211,0,220,0,319,84,230,-64" /><INIT seed="2,0,0,1,1,120" ten="211,220,403,166" oya="2" hai0="103,35,29,89,59,23,109,133,53,11,8,67,113" hai1="124,68,87,38,117,83,122,14,92,26,130,129,44" hai2="70,75,56,76,80,32,74,114,81,111,9,51,99" hai3="118,42,90,39,108,97,100,79,101,64,31,13,78"/><V119/><F70/><W2/><G2/><T17/><D113/><U125/><E68/><V19/><F114/><W24/><G118/><T115/><D115/><U46/><E117/><V40/><F119/><W102/><G64/><T6/><D133/><U105/><E105/><V1/><F32/><W132/><G132/><T66/><D103/><U0/><E0/><V65/><F40/><W88/><G39/><T110/><D89/><U43/><E46/><V52/><F65/><N who="0" m="24586" /><D29/><U27/><E14/><V4/><F19/><W116/><G116/><T5/><D35/><U15/><E15/><V54/><F54/><W98/><G42/><T126/><D8/><U77/><E92/><V50/><F99/><N who="3" m="37899" /><G13/><N who="0" m="9647" /><D11/><U22/><E122/><V41/><F41/><W106/><G24/><N who="1" m="9258" /><E22/><V12/><F1/><W28/><G106/><T72/><D72/><U112/><E112/><V36/><F36/><W95/><G95/><T61/><D126/><AGARI ba="0,0" hai="38,43,44,77,83,87,124,125,126,129,130" m="9258" machi="126" ten="30,1000,0" yaku="18,1" doraHai="120" who="1" fromWho="0" sc="211,-10,220,10,403,0,166,0" /><INIT seed="3,0,0,0,0,33" ten="201,230,403,166" oya="3" hai0="46,26,57,24,12,116,122,38,58,6,55,3,64" hai1="110,130,134,25,97,41,35,50,21,106,30,86,80" hai2="48,60,98,53,69,132,79,44,126,78,118,125,89" hai3="85,84,13,9,103,59,11,104,28,96,114,120,4"/><W5/><G120/><T19/><D122/><U99/><E110/><V101/><F118/><W0/><G114/><T75/><D116/><U123/><E123/><V73/><F89/><W105/><G105/><T29/><D75/><U31/><E134/><V131/><F132/><W100/><G100/><T36/><D24/><U27/><E106/><V17/><F131/><W10/><G28/><T65/><D6/><U129/><E41/><V37/><F37/><W121/><G121/><T83/><D83/><U127/><E50/><V115/><F17/><W113/><G113/><T81/><D81/><U66/><E66/><V92/><F115/><W102/><G102/><T20/><D3/><U45/><E45/><V67/><REACH who="2" step="1"/><F73/><REACH who="2" ten="201,230,393,166" step="2"/><W117/><G117/><T23/><D38/><U74/><E74/><V109/><F109/><W61/><REACH who="3" step="1"/><G10/><REACH who="3" ten="201,230,393,156" step="2"/><T90/><D29/><N who="1" m="17583" /><E130/><V68/><F68/><W51/><G51/><T8/><D36/><U40/><E129/><V52/><F52/><AGARI ba="0,2" hai="0,4,5,9,11,13,52,59,61,84,85,96,103,104" machi="52" ten="30,11600,0" yaku="1,1,7,1,52,1,54,1,53,0" doraHai="33" doraHaiUra="124" who="3" fromWho="2" sc="201,0,230,0,393,-116,156,136" /><INIT seed="3,1,0,0,0,22" ten="201,230,277,292" oya="3" hai0="63,86,5,15,85,109,112,93,14,34,23,50,75" hai1="108,123,62,129,51,113,82,13,20,2,27,87,48" hai2="95,1,53,90,18,92,130,120,77,28,59,65,117" hai3="8,37,25,47,64,118,69,104,84,54,67,12,107"/><W99/><G118/><T131/><D75/><U80/><E2/><V121/><F117/><W124/><G124/><T10/><D34/><U9/><E108/><V74/><F130/><W44/><G44/><T61/><D109/><U134/><E134/><V81/><F65/><W35/><G84/><T56/><D131/><U66/><E129/><V68/><F68/><W101/><G107/><T19/><D112/><U38/><E38/><V91/><F1/><W16/><G69/><T73/><D73/><U39/><E39/><V0/><F0/><W58/><G47/><T4/><D4/><N who="1" m="3239" /><E123/><N who="2" m="47179" /><F18/><W133/><G37/><T6/><D6/><U114/><E114/><V135/><F28/><W42/><G42/><T72/><D72/><U46/><E113/><V110/><F110/><W96/><G96/><T100/><D86/><U21/><E21/><V11/><F11/><W76/><G76/><T40/><D40/><N who="1" m="24647" /><E51/><N who="2" m="31167" /><F135/><W57/><G133/><T43/><D43/><U122/><E122/><V106/><F106/><W32/><G32/><T24/><D50/><U52/><E66/><V111/><F111/><W70/><G70/><T60/><D56/><N who="1" m="35079" /><E87/><V78/><F78/><W105/><G104/><T97/><REACH who="0" step="1"/><D85/><REACH who="0" ten="191,230,277,292" step="2"/><U36/><E36/><V132/><F132/><W71/><G57/><T41/><D41/><U17/><AGARI ba="1,1" hai="17,20,27,80,82" m="35079,24647,3239" machi="17" ten="30,4000,0" yaku="8,1,52,1,54,1" doraHai="22" who="1" fromWho="1" sc="191,-11,230,53,277,-11,292,-21" /><INIT seed="4,0,0,0,3,77" ten="180,283,266,271" oya="0" hai0="26,9,84,67,81,15,95,66,28,71,91,55,118" hai1="110,127,70,24,128,40,64,42,102,113,120,85,60" hai2="99,58,33,39,41,49,48,8,93,101,16,103,4" hai3="117,114,23,18,130,36,94,129,78,37,97,13,116"/><T111/><D118/><N who="3" m="45673" /><G78/><T75/><D111/><U20/><E110/><V132/><F132/><W5/><G5/><T29/><D71/><U104/><E120/><V108/><F108/><W35/><G35/><T135/><D135/><U34/><E127/><V53/><F33/><W122/><G114/><T22/><D29/><N who="1" m="19751" /><E85/><V52/><F39/><W88/><G122/><T125/><D125/><U124/><E124/><V50/><F41/><N who="1" m="15977" /><E20/><V45/><F4/><W27/><G27/><T105/><D105/><U56/><E56/><V61/><F103/><W14/><G14/><AGARI ba="0,0" hai="8,14,16,45,48,49,50,52,53,58,61,93,99,101" machi="14" ten="40,5200,0" yaku="8,1,54,2" doraHai="77" who="2" fromWho="3" sc="180,0,283,0,266,52,271,-52" /><INIT seed="5,0,0,1,1,12" ten="180,283,318,219" oya="1" hai0="46,81,109,59,42,31,94,54,25,58,72,122,73" hai1="1,2,36,82,84,65,74,14,4,124,8,69,123" hai2="48,102,20,133,92,62,17,3,28,22,97,126,67" hai3="57,107,29,135,128,50,6,56,101,77,98,70,63"/><U78/><E36/><V119/><F3/><W27/><G128/><T91/><D109/><U38/><E38/><V100/><F119/><W79/><G6/><T32/><D122/><U121/><E124/><V118/><F118/><W21/><G135/><T0/><D0/><U80/><E1/><V108/><F108/><W99/><G70/><T11/><D11/><U44/><E2/><V88/><F133/><W90/><G50/><T49/><D81/><U112/><E112/><V45/><F22/><W103/><G90/><T131/><D59/><U125/><E44/><V47/><F28/><W104/><REACH who="3" step="1"/><G56/><REACH who="3" ten="180,283,318,209" step="2"/><T106/><D131/><U52/><E125/><V30/><F126/><W55/><AGARI ba="0,1" hai="21,27,29,55,57,63,77,79,98,99,101,103,104,107" machi="55" ten="20,8000,1" yaku="1,1,2,1,0,1,7,1,9,1,53,0" doraHai="12" doraHaiUra="64" who="3" fromWho="3" sc="180,-20,283,-40,318,-20,209,90" /><INIT seed="6,0,0,5,5,116" ten="160,243,298,299" oya="2" hai0="49,41,90,31,134,72,124,29,65,114,44,79,129" hai1="92,88,19,11,87,74,35,27,83,69,14,34,21" hai2="6,46,7,109,75,0,80,99,105,5,67,95,73" hai3="45,37,89,56,97,55,60,12,106,52,110,39,71"/><V26/><F105/><W107/><G110/><T98/><D114/><U30/><REACH who="1" step="1"/><E69/><REACH who="1" ten="160,233,298,299" step="2"/><V63/><F109/><W126/><G71/><T18/><D129/><U13/><E13/><V115/><F115/><W78/><G12/><T50/><D134/><U1/><E1/><V38/><F0/><W51/><G126/><T133/><D133/><U4/><E4/><V42/><F26/><W122/><G122/><T16/><D124/><U3/><E3/><V132/><F132/><W40/><G37/><T85/><D65/><U53/><E53/><V101/><REACH who="2" step="1"/><F80/><REACH who="2" ten="160,233,288,299" step="2"/><W2/><G2/><T131/><D131/><U100/><E100/><V36/><F36/><W20/><G39/><T10/><D49/><U127/><E127/><V70/><AGARI ba="0,2" hai="5,6,7,38,42,46,63,67,70,73,75,95,99,101" machi="70" ten="30,3000,0" yaku="1,1,0,1,53,0" doraHai="116" doraHaiUra="118" who="2" fromWho="2" sc="160,-10,233,-10,288,50,299,-10" /><INIT seed="6,1,0,0,2,52" ten="150,223,338,289" oya="2" hai0="64,11,55,28,72,109,103,60,106,86,131,118,63" hai1="61,88,122,110,93,89,70,43,40,8,31,68,5" hai2="78,117,133,132,22,36,53,107,81,20,97,112,9" hai3="1,51,37,71,66,130,76,96,115,134,41,120,100"/><V85/><F117/><W113/><G1/><T12/><D109/><U124/><E110/><V73/><F36/><W119/><G76/><T87/><D72/><U98/><E31/><V16/><F112/><N who="3" m="43083" /><G96/><T35/><D118/><U49/><E124/><V56/><F73/><W58/><G100/><T25/><D131/><U121/><E89/><V45/><F45/><N who="3" m="23727" /><G119/><T44/><D103/><U69/><E61/><N who="2" m="35983" /><F107/><W21/><G21/><T125/><D106/><U75/><E75/><V0/><F97/><W74/><G74/><T50/><D63/><U15/><REACH who="1" step="1"/><E49/><REACH who="1" ten="150,213,338,289" step="2"/><V7/><F132/><W29/><G29/><T38/><D125/><U99/><E99/><V39/><F133/><W80/><G134/><T90/><D38/><U79/><E79/><V57/><F39/><W26/><G51/><T2/><D90/><U14/><E14/><N who="2" m="7247" /><F0/><W116/><G116/><T59/><REACH who="0" step="1"/><D2/><REACH who="0" ten="140,213,338,289" step="2"/><U4/><E4/><AGARI ba="1,2" hai="4,11,12,25,28,35,44,50,55,59,60,64,86,87" machi="4" ten="30,7700,0" yaku="1,1,2,1,7,1,52,1,53,0" doraHai="52" doraHaiUra="92" who="0" fromWho="1" sc="140,100,213,-80,338,0,289,0" /><INIT seed="7,0,0,3,4,130" ten="240,133,338,289" oya="3" hai0="85,81,14,109,24,18,76,58,28,66,11,23,12" hai1="22,90,39,16,27,98,61,41,19,51,54,8,57" hai2="6,20,7,77,132,128,53,92,70,80,112,86,100" hai3="73,17,9,33,131,107,94,48,125,46,104,44,115"/><W99/><G73/><T79/><D109/><U96/><E39/><V120/><F112/><W68/><G33/><T84/><D66/><U111/><E111/><V93/><F128/><W13/><G68/><T31/><D58/><U52/><E41/><V71/><F71/><W60/><G131/><T10/><D31/><U75/><E75/><V103/><F70/><W123/><G123/><T59/><D59/><U55/><E51/><V127/><F127/><W25/><G60/><T129/><D129/><U56/><E56/><V37/><F37/><W116/><G116/><T4/><REACH who="0" step="1"/><D84/><REACH who="0" ten="230,133,338,289" step="2"/><U121/><E121/><V21/><F120/><W64/><G64/><T135/><D135/><U91/><E98/><V82/><F86/><W34/><G99/><T36/><D36/><U1/><E1/><V3/><F132/><W105/><G46/><T124/><D124/><U110/><E110/><V0/><F53/><N who="1" m="20585" /><E96/><V45/><F45/><W49/><G44/><T126/><D126/><U35/><E35/><V42/><F42/><W74/><G34/><T38/><D38/><U118/><E118/><V78/><AGARI ba="0,1" hai="0,3,6,7,20,21,77,78,80,82,92,93,100,103" machi="78" ten="25,3200,0" yaku="0,1,22,2" doraHai="130" who="2" fromWho="2" sc="230,-8,133,-8,338,42,289,-16" owari="222,-18.0,125,-37.0,380,48.0,273,7.0" /></mjloggm>