<mjloggm ver="2.3"><GO type="97" lobby="0"/><UN n0="%E4%BD%90%E9%87%8E%E7%A4%BE%E9%95%B7" n1="%4E%59%2D%54%69%6D%65%73" n2="%E3%83%88%E3%83%88%E3%83%AA%E5%85%88%E7%94%9F%31%39%E6%AD%B3" n3="%E3%82%B0%E3%83%AA%E3%82%BB%E3%83%AA%E3%83%B3%E6%9C%AB%E5%BC%9F" dan="14,13,14,14" rate="1899.47,1915.41,1997.88,1934.55" sx="M,M,F,M"/><TAIKYOKU oya="0"/><INIT seed="0,0,0,3,0,5" ten="250,250,250,250" oya="0" hai0="131,97,47,42,112,41,19,1,25,33,77,75,32" hai1="26,134,39,53,69,108,59,74,89,110,91,54,103" hai2="133,123,64,63,50,30,130,117,16,10,51,34,44" hai3="90,48,124,115,106,60,15,24,107,116,4,132,125"/><T58/><D112/><U13/><E69/><V38/><F123/><W66/><G115/><T127/><D42/><U83/><E39/><V73/><F73/><W56/><G116/><T68/><D58/><U17/><E103/><V52/><F117/><W81/><G132/><T128/><D68/><U82/><E134/><V43/><F133/><W102/><G24/><T35/><D97/><U122/><E26/><V7/><F130/><N who="0" m="49706" /><D1/><U85/><E122/><V6/><F30/><W21/><G48/><N who="0" m="26735" /><D127/><U118/><E118/><V27/><F34/><W92/><G56/><T45/><D45/><U87/><E74/><V120/><F120/><W80/><G60/><T71/><D71/><U18/><E59/><N who="2" m="36991" /><F38/><W84/><G66/><T46/><D46/><U86/><E86/><V78/><F50/><W0/><G84/><T9/><D75/><U94/><E13/><N who="2" m="7223" /><F43/><W109/><G0/><T101/><D101/><U12/><E12/><V23/><F78/><W111/><G102/><T104/><D77/><U96/><REACH who="1" step="1"/><E94/><REACH who="1" ten="250,240,250,250" step="2"/><V72/><F72/><W100/><G15/><N who="0" m="7663" /><D104/><U57/><E57/><V114/><F114/><W99/><G107/><T95/><D95/><U119/><E119/><V8/><F27/><AGARI ba="0,1" hai="25,27,32,33,35" m="7663,26735,49706" machi="27" ten="40,3900,0" yaku="19,1,52,1" doraHai="5" who="0" fromWho="2" sc="250,49,240,0,250,-39,250,0" /><INIT seed="0,1,0,5,4,24" ten="299,240,211,250" oya="0" hai0="87,101,120,42,50,98,14,77,53,131,100,28,111" hai1="83,117,52,17,25,48,33,34,92,7,82,105,40" hai2="58,39,65,44,43,18,13,72,55,124,85,134,70" hai3="89,19,56,27,88,128,133,80,5,106,23,12,118"/><T51/><D120/><U112/><E117/><V103/><F72/><W79/><G128/><T30/><D131/><U71/><E105/><V110/><F110/><W45/><G133/><T60/><D111/><U113/><E71/><V64/><F134/><W121/><G121/><T6/><D60/><U108/><E7/><V91/><F103/><N who="0" m="39498" /><D98/><U22/><E40/><V20/><F124/><W26/><G106/><T135/><D135/><U15/><E92/><V57/><F70/><W10/><G118/><T35/><D35/><U127/><E127/><V36/><F57/><W129/><G129/><T8/><D42/><U132/><E132/><V75/><F75/><W73/><G56/><N who="0" m="32823" /><D51/><U16/><E108/><V1/><F1/><W68/><G89/><T96/><D96/><U109/><E34/><V114/><F36/><W122/><G88/><T130/><D130/><U86/><E86/><V123/><F114/><N who="1" m="44137" /><E109/><V41/><F41/><W102/><G102/><T21/><D21/><N who="1" m="11423" /><E33/><V62/><REACH who="2" step="1"/><F123/><REACH who="2" ten="299,240,201,250" step="2"/><W0/><G68/><T97/><D97/><U95/><E95/><AGARI ba="1,1" hai="13,18,20,39,43,44,55,58,62,64,65,85,91,95" machi="95" ten="30,3900,0" yaku="1,1,2,1,7,1,53,0" doraHai="24" doraHaiUra="76" who="2" fromWho="1" sc="299,0,240,-42,201,52,250,0" /><INIT seed="1,0,0,0,4,100" ten="299,198,253,250" oya="1" hai0="74,95,113,38,28,96,105,128,30,69,36,131,90" hai1="130,103,97,99,68,85,123,5,133,48,10,20,121" hai2="51,79,35,25,37,109,86,119,102,76,45,21,70" hai3="65,50,62,46,120,9,111,73,64,40,93,6,122"/><U23/><E68/><V59/><F119/><W58/><G73/><T16/><D69/><U29/><E133/><V52/><F70/><W41/><G111/><T7/><D7/><U132/><E132/><V42/><F35/><W80/><G80/><T124/><D74/><U4/><E48/><V27/><F109/><W81/><G81/><T114/><D16/><U24/><E85/><V127/><F127/><W116/><G116/><T18/><D18/><U104/><E130/><N who="0" m="49705" /><D105/><U54/><E54/><V19/><F27/><W1/><G93/><T77/><D77/><U91/><E23/><V135/><F135/><W57/><G41/><T67/><D67/><U32/><E32/><V8/><F86/><W3/><REACH who="3" step="1"/><G1/><REACH who="3" ten="299,198,253,240" step="2"/><T61/><D124/><U117/><E117/><V12/><REACH who="2" step="1"/><F102/><REACH who="2" ten="299,198,243,240" step="2"/><W101/><G101/><T47/><D114/><U83/><E123/><V17/><AGARI ba="0,2" hai="8,12,17,19,21,25,37,42,45,51,52,59,76,79" machi="17" ten="20,8000,1" yaku="1,1,2,1,0,1,7,1,54,1,53,0" doraHai="100" doraHaiUra="126" who="2" fromWho="2" sc="299,-20,198,-40,243,100,240,-20" /><INIT seed="2,0,0,4,2,6" ten="279,158,343,220" oya="2" hai0="84,40,59,26,111,87,51,44,38,122,69,72,115" hai1="120,34,132,81,57,11,10,61,130,107,62,20,135" hai2="17,86,48,49,80,88,22,118,52,97,83,77,70" hai3="117,29,54,126,89,98,15,124,129,2,94,105,112"/><V16/><F118/><W131/><G117/><T28/><D72/><U14/><E34/><V128/><F70/><W101/><G2/><T127/><D115/><U5/><E107/><V36/><F36/><W66/><G66/><T110/><D122/><U67/><E120/><V82/><F128/><N who="3" m="49227" /><G29/><T74/><D74/><U60/><E130/><V78/><F49/><W12/><G54/><N who="0" m="32223" /><D127/><N who="3" m="48681" /><G112/><T109/><D69/><U45/><E45/><N who="2" m="27663" /><F97/><AGARI ba="0,0" hai="12,15,89,94,97,98,101,105" m="48681,49227" machi="97" ten="30,2000,0" yaku="19,1,18,1" doraHai="6" who="3" fromWho="2" sc="279,0,158,0,343,-20,220,20" /><INIT seed="3,0,0,5,2,13" ten="279,158,323,240" oya="3" hai0="0,75,50,48,65,16,118,55,123,52,51,91,73" hai1="3,64,83,1,41,45,6,85,39,114,115,130,121" hai2="98,23,49,37,61,25,79,24,62,58,43,20,77" hai3="120,126,94,72,99,38,12,31,30,76,18,47,27"/><W127/><G120/><T93/><D0/><U9/><E121/><V117/><F117/><W101/><G76/><N who="2" m="29257" /><F37/><W88/><G72/><T2/><D2/><U60/><E1/><V5/><F5/><W135/><G135/><T33/><D33/><U87/><E130/><V81/><F81/><W116/><G116/><T132/><D118/><U97/><E85/><V110/><F110/><W119/><G119/><T113/><D123/><U46/><E46/><N who="2" m="25823" /><F98/><W15/><G47/><T86/><D65/><U32/><E32/><V84/><F84/><N who="3" m="52487" /><G38/><T109/><D109/><U78/><E97/><V80/><F80/><W53/><G53/><T103/><D132/><U107/><E107/><V34/><F34/><W29/><G27/><N who="2" m="10313" /><F62/><W67/><G67/><AGARI ba="0,0" hai="20,23,58,61,67" m="10313,25823,29257" machi="67" ten="30,1000,0" yaku="8,1" doraHai="13" who="2" fromWho="3" sc="279,0,158,0,323,10,240,-10" owari="279,8.0,158,-34.0,333,43.0,230,-17.0" /></mjloggm>