<mjloggm ver="2.3"><GO type="97" lobby="0"/><UN n0="%E3%83%88%E3%83%88%E3%83%AA%E5%85%88%E7%94%9F%31%39%E6%AD%B3" n1="%E3%82%A2%E3%82%A4%E3%82%AA%E3%83%AA%E3%82%A2%E3%81%BE%E3%81%A7%E3%81%8C" n2="%2D%6B%6F%6B%6F%2D" n3="%E8%A7%A3%E8%AA%AC" dan="13,13,15,14" rate="2048.12,1891.49,1984.98,1909.48" sx="F,F,M,M"/><TAIKYOKU oya="0"/><INIT seed="0,0,0,4,1,122" ten="250,250,250,250" oya="0" hai0="37,66,96,81,115,51,50,112,55,48,125,30,95" hai1="105,77,53,52,41,38,72,62,43,57,21,134,83" hai2="89,64,63,71,16,80,44,54,23,121,11,120,88" hai3="24,68,126,103,15,69,116,34,56,31,90,13,119"/><T9/><D37/><U39/><E105/><V109/><F11/><W42/><G103/><T84/><D125/><U85/><E134/><V1/><F1/><W25/><G126/><T7/><D30/><U87/><E21/><V82/><F109/><W102/><G102/><T60/><D55/><U32/><E32/><V133/><F133/><W28/><G56/><T2/><D95/><U113/><E113/><V40/><F54/><W117/><G90/><T74/><D74/><U67/><E85/><V14/><F82/><W0/><G0/><T94/><D94/><U118/><E118/><V20/><F20/><W132/><G132/><T6/><D6/><U98/><E98/><V100/><F100/><W106/><G106/><T130/><D96/><U93/><E93/><V10/><F80/><W26/><G42/><T17/><D17/><U36/><E72/><V61/><F61/><W22/><G22/><T76/><REACH who="0" step="1"/><D130/><REACH who="0" ten="240,250,250,250" step="2"/><U123/><E123/><V128/><F128/><W124/><G124/><T33/><D33/><U110/><E43/><V75/><F75/><W129/><G129/><T29/><D29/><N who="3" m="11337" /><G34/><T47/><D47/><U97/><E41/><V65/><F120/><W131/><G131/><T92/><D92/><U3/><E97/><V114/><F121/><W59/><G119/><T91/><D91/><U8/><E53/><V35/><F35/><W127/><G127/><T19/><D19/><U45/><E45/><V108/><F88/><W58/><G117/><T111/><D111/><U135/><E135/><V4/><F89/><W78/><G116/><T12/><D12/><RYUUKYOKU ba="0,1" sc="240,30,250,-10,250,-10,250,-10" hai0="2,7,9,48,50,51,60,66,76,81,84,112,115" /><INIT seed="0,1,1,2,1,119" ten="270,240,240,240" oya="0" hai0="63,58,9,7,108,38,98,5,95,124,91,130,133" hai1="35,82,47,21,32,67,18,36,24,8,53,34,77" hai2="14,96,51,101,16,103,127,15,78,86,46,45,80" hai3="4,22,134,64,107,69,129,117,115,90,26,6,1"/><T61/><D38/><U135/><E135/><V13/><F127/><W33/><G117/><T123/><D133/><U56/><E67/><V10/><F46/><W111/><G115/><T72/><D72/><U109/><E109/><V37/><F37/><W83/><G111/><T68/><D108/><U27/><E8/><V59/><F59/><W85/><G33/><T20/><D124/><U99/><E99/><V106/><REACH who="2" step="1"/><F103/><REACH who="2" ten="270,240,230,240" step="2"/><W116/><G134/><T79/><D58/><U110/><E110/><V126/><F126/><W28/><G116/><T60/><D68/><U94/><E47/><V43/><AGARI ba="1,2" hai="10,13,14,15,16,43,45,51,78,80,86,96,101,106" machi="43" ten="20,8000,1" yaku="1,1,0,1,7,1,54,1,53,1" doraHai="119" doraHaiUra="100" who="2" fromWho="2" sc="270,-41,240,-21,230,103,240,-21" /><INIT seed="1,0,0,4,1,17" ten="229,219,333,219" oya="1" hai0="21,67,19,37,130,69,117,25,9,84,86,112,119" hai1="77,47,29,73,63,23,57,82,54,71,88,105,32" hai2="70,120,95,116,24,42,31,92,44,52,118,35,62" hai3="46,132,110,66,51,12,50,124,55,81,1,38,121"/><U40/><E32/><V80/><F120/><W115/><G115/><T8/><D112/><U133/><E133/><V15/><F15/><W13/><G121/><T126/><D37/><U30/><E71/><V20/><F35/><W74/><G1/><T0/><D130/><U98/><E105/><V87/><F116/><W128/><G38/><T104/><D104/><U6/><E6/><V134/><F134/><W48/><G128/><T39/><D39/><U75/><E75/><V89/><F118/><W129/><G129/><T16/><D126/><U49/><REACH who="1" step="1"/><E23/><REACH who="1" ten="229,209,333,219" step="2"/><V76/><F20/><W125/><G132/><T7/><D117/><U90/><E90/><V102/><F70/><W127/><G127/><T11/><D119/><U122/><E122/><V36/><F89/><W3/><G125/><T78/><D9/><U27/><E27/><V61/><F24/><W113/><G124/><T10/><D10/><U79/><E79/><V106/><F76/><W64/><G113/><T2/><D78/><U59/><E59/><V18/><F106/><W4/><G74/><T111/><D2/><U109/><E109/><V65/><F102/><W56/><G110/><T22/><D11/><U99/><E99/><V107/><F107/><W123/><G123/><T72/><D72/><U94/><AGARI ba="0,1" hai="29,30,40,47,49,54,57,63,73,77,82,88,94,98" machi="94" ten="30,6000,0" yaku="1,1,0,1,54,1,53,0" doraHai="17" doraHaiUra="131" who="1" fromWho="1" sc="229,-20,209,70,333,-20,219,-20" /><INIT seed="1,1,0,1,5,15" ten="209,279,313,199" oya="1" hai0="38,114,77,58,79,21,35,106,54,67,75,61,60" hai1="135,33,90,51,89,96,105,126,125,56,64,80,26" hai2="1,48,29,110,97,18,120,107,113,70,31,111,127" hai3="85,30,53,123,94,65,62,81,6,118,129,8,66"/><U121/><E121/><V72/><F1/><W133/><G123/><T119/><D114/><U104/><E135/><V57/><F70/><W19/><G133/><T115/><D115/><U40/><E40/><V116/><F72/><W84/><G129/><T82/><D119/><U83/><E33/><V100/><F120/><W78/><G30/><T39/><D35/><U130/><E130/><V23/><F113/><W20/><G118/><T98/><D79/><U7/><E7/><V134/><F134/><W95/><G8/><T63/><D106/><U69/><E69/><V88/><F116/><W16/><G20/><T43/><D98/><U4/><E4/><V68/><F68/><W102/><G6/><T49/><D67/><N who="3" m="25609" /><G102/><T28/><D43/><U0/><E0/><V55/><F127/><N who="1" m="48649" /><E26/><N who="2" m="14711" /><F88/><N who="1" m="33897" /><E96/><V14/><F14/><W24/><G24/><T32/><D32/><U10/><E10/><V34/><F34/><W87/><G81/><N who="1" m="31306" /><E64/><V37/><F97/><W2/><G2/><T5/><D5/><U71/><E71/><V12/><F100/><W27/><G27/><T92/><D28/><U46/><E46/><V91/><F31/><W3/><G3/><T122/><D122/><U124/><E124/><V22/><F29/><W47/><G78/><T59/><D21/><U74/><E74/><V50/><F22/><W99/><G99/><T9/><D9/><U112/><E112/><V45/><F12/><W11/><G11/><T109/><D75/><U76/><E76/><V103/><F103/><W117/><G117/><T86/><D77/><U36/><E36/><V132/><F37/><RYUUKYOKU ba="1,0" sc="209,-10,279,30,313,-10,199,-10" hai1="51,56,104,105" /><INIT seed="1,2,0,3,2,39" ten="199,309,303,189" oya="1" hai0="108,72,112,109,27,119,57,88,79,110,8,20,56" hai1="116,14,47,50,75,87,34,74,115,133,92,26,12" hai2="105,22,100,63,117,59,96,103,113,106,42,15,0" hai3="62,19,90,45,24,134,107,10,53,85,16,91,29"/><U97/><E115/><V129/><F0/><W21/><G107/><T111/><D112/><U114/><E114/><V89/><F113/><W25/><G134/><T40/><D119/><U1/><E1/><V18/><F117/><W131/><G131/><T95/><N who="0" m="27648" /><DORA hai="38" /><T23/><D8/><U35/><E87/><V73/><F73/><W120/><G120/><T6/><D6/><U132/><E116/><V128/><F89/><W61/><G10/><T102/><D102/><U3/><E3/><V30/><F30/><W80/><G91/><T94/><D94/><U82/><E82/><V121/><F121/><W118/><G118/><T70/><D70/><U54/><E75/><V60/><F60/><N who="3" m="23147" /><G25/><T69/><D69/><U9/><E74/><V122/><F122/><W104/><G104/><T81/><D23/><U125/><E14/><V11/><F11/><W46/><G53/><T17/><REACH who="0" step="1"/><D40/><REACH who="0" ten="189,309,303,189" step="2"/><N who="1" m="24935" /><E35/><V13/><F42/><W86/><G86/><AGARI ba="2,1" hai="17,20,27,56,57,72,79,81,86,88,95" m="27648" machi="86" ten="70,8000,1" yaku="1,1,14,1,54,1,53,0" doraHai="39,38" doraHaiUra="124,98" who="0" fromWho="3" sc="189,96,309,0,303,0,189,-86" /><INIT seed="2,0,0,5,5,54" ten="285,309,303,103" oya="2" hai0="70,46,119,53,29,26,32,61,45,117,34,58,72" hai1="63,21,2,66,85,102,11,35,31,80,98,104,118" hai2="130,129,65,134,109,94,14,124,51,62,48,123,33" hai3="83,59,40,132,64,5,105,24,71,36,20,76,47"/><V92/><F33/><W135/><G105/><T74/><D34/><U90/><E118/><N who="0" m="45065" /><D70/><U86/><E86/><V69/><F123/><W110/><G110/><T111/><D111/><U37/><E37/><V68/><F109/><W121/><G121/><T108/><D108/><U115/><E115/><V27/><F27/><W7/><G71/><T1/><D1/><U79/><E21/><V10/><F124/><W77/><G77/><T125/><D125/><U60/><E60/><V78/><F78/><W67/><G135/><T19/><D19/><U38/><E38/><V4/><F69/><W113/><G113/><T112/><D112/><U52/><E52/><V127/><F127/><W55/><G132/><T18/><D18/><U93/><E11/><V107/><F107/><W42/><G42/><T97/><D97/><U30/><E2/><V88/><F94/><W57/><G55/><T95/><D95/><U16/><E16/><V89/><F134/><W116/><G116/><T49/><D46/><U23/><E23/><V56/><F68/><W41/><G41/><AGARI ba="0,0" hai="26,29,32,41,45,49,53,58,61,72,74" m="45065" machi="41" ten="30,2000,0" yaku="12,1,52,1" doraHai="54" who="0" fromWho="3" sc="285,20,309,0,303,0,103,-20" /><INIT seed="3,0,0,3,5,83" ten="305,309,303,83" oya="3" hai0="119,38,29,5,58,16,93,72,75,14,7,90,56" hai1="73,82,28,63,135,77,59,71,42,67,34,124,44" hai2="43,102,57,87,134,86,110,108,41,74,78,30,104" hai3="1,32,2,125,18,88,118,91,55,128,25,61,109"/><W69/><G109/><N who="2" m="42089" /><F134/><W103/><G118/><T100/><D119/><U11/><E59/><N who="0" m="22569" /><D72/><U123/><E123/><V52/><F30/><W105/><G125/><T112/><D75/><U89/><E89/><N who="3" m="34378" /><G55/><T127/><D38/><N who="1" m="21591" /><E11/><V79/><F102/><W24/><G18/><T8/><D127/><U48/><E48/><N who="2" m="30855" /><F104/><W37/><G128/><T60/><D112/><U115/><E124/><V50/><F74/><W130/><G37/><T106/><D106/><U0/><E135/><V114/><F114/><W12/><G12/><N who="0" m="7175" /><D100/><U92/><E92/><V81/><F50/><W6/><G6/><T21/><D60/><U126/><E126/><V107/><F107/><W46/><G46/><T120/><D120/><U85/><E115/><V23/><F23/><W94/><G25/><N who="0" m="16559" /><D14/><U62/><E62/><V98/><F98/><AGARI ba="0,0" hai="5,7,90,93,98" m="16559,7175,22569" machi="98" ten="30,2000,0" yaku="8,1,54,1" doraHai="83" who="0" fromWho="2" sc="305,20,309,0,303,-20,83,0" owari="325,43.0,309,11.0,283,-12.0,83,-42.0" /></mjloggm>