<mjloggm ver="2.3"><GO type="225" lobby="0"/><UN n0="%E3%83%86%E3%82%A3%E3%82%AB%2D%CE%B3" n1="%E6%B4%BE%E9%81%A3%E3%81%AE%E3%82%B8%E3%83%A3%E3%83%83%E3%82%AF" n2="%E7%B7%8B%E3%81%84%E7%8C%AB%EF%BC%9E%EF%BC%9C%EF%BC%81" n3="%E3%83%88%E3%83%88%E3%83%AA%E5%85%88%E7%94%9F%31%39%E6%AD%B3" dan="17,17,16,16" rate="2093.19,2192.19,2073.46,2164.23" sx="M,M,F,F"/><TAIKYOKU oya="0"/><INIT seed="0,0,0,2,4,117" ten="250,250,250,250" oya="0" hai0="115,48,60,43,53,108,84,34,31,73,87,118,127" hai1="65,41,49,67,124,55,33,110,86,24,25,68,12" hai2="125,45,102,76,61,121,98,64,40,59,56,116,85" hai3="51,37,79,99,120,74,130,126,28,16,107,91,88"/><T131/><D73/><U2/><E2/><V23/><F116/><W10/><G37/><T9/><D9/><U19/><E124/><V80/><F125/><W104/><G126/><T5/><D5/><U1/><E1/><V54/><F23/><W103/><G28/><T71/><D31/><U77/><E110/><V128/><F128/><W42/><G42/><T35/><D34/><U14/><E41/><V95/><F121/><W75/><G51/><T132/><D84/><U39/><E39/><V52/><REACH who="2" step="1"/><F59/><REACH who="2" ten="250,250,240,250" step="2"/><W62/><G120/><T114/><D127/><U30/><E68/><V18/><F18/><W105/><G130/><T50/><D71/><U81/><E19/><V46/><F46/><W112/><G16/><T133/><D118/><U57/><E33/><V36/><AGARI ba="0,1" hai="36,40,45,52,54,56,61,64,76,80,85,95,98,102" machi="36" ten="20,5200,0" yaku="1,1,0,1,7,1,54,1,53,0" doraHai="117" doraHaiUra="111" who="2" fromWho="2" sc="250,-26,250,-13,240,62,250,-13" /><INIT seed="1,0,0,5,2,66" ten="224,237,302,237" oya="1" hai0="129,84,34,100,37,70,98,9,38,50,67,49,20" hai1="57,39,25,131,92,134,15,13,115,46,81,112,119" hai2="65,8,23,21,64,43,4,71,14,51,79,5,126" hai3="82,41,11,3,74,120,58,91,36,31,72,77,130"/><U87/><E119/><V48/><F126/><W124/><G120/><T54/><D34/><U28/><E134/><V83/><F5/><N who="3" m="1471" /><G124/><T1/><D50/><N who="2" m="18986" /><F71/><W85/><G58/><T17/><D84/><U55/><E131/><V26/><F43/><W117/><G74/><T95/><D129/><U96/><E13/><V107/><F107/><W0/><G0/><T80/><D80/><U106/><E106/><V89/><F79/><W78/><G78/><T113/><D9/><U19/><E39/><V30/><F23/><W86/><G130/><T16/><D1/><U121/><E46/><V123/><F123/><W128/><G128/><T99/><D99/><U29/><E121/><V127/><F127/><W45/><G117/><T2/><D2/><U93/><E112/><V18/><F18/><W118/><G118/><T69/><D17/><U88/><E115/><V40/><F40/><W102/><G91/><T110/><D113/><U135/><E135/><V59/><F59/><W53/><G102/><T75/><D75/><U68/><E68/><V52/><F52/><W114/><G114/><T62/><D70/><U32/><E28/><V132/><F132/><W109/><G53/><T97/><D97/><U12/><E19/><V27/><F27/><W35/><G35/><T24/><REACH who="0" step="1"/><D110/><REACH who="0" ten="214,237,302,237" step="2"/><U133/><E133/><V116/><F116/><W125/><G109/><T90/><D90/><N who="1" m="51567" /><E93/><V22/><F22/><W63/><G125/><T122/><D122/><U61/><E32/><V103/><F103/><W42/><G72/><T47/><AGARI ba="0,1" hai="16,20,24,37,38,47,49,54,62,67,69,95,98,100" machi="47" ten="20,12000,2" yaku="1,1,0,1,7,1,52,1,54,1,53,1" doraHai="66" doraHaiUra="56" who="0" fromWho="0" sc="214,130,237,-60,302,-30,237,-30" /><INIT seed="2,0,0,3,4,17" ten="344,177,272,207" oya="2" hai0="21,94,77,45,92,67,12,83,38,108,3,42,80" hai1="43,18,78,91,84,90,2,113,39,103,121,125,51" hai2="59,5,75,14,30,25,61,117,46,16,131,123,132" hai3="96,118,112,100,54,104,106,99,66,4,73,97,33"/><V35/><F123/><W72/><G33/><T20/><D3/><U74/><E113/><V98/><F117/><W24/><G4/><T57/><D80/><U26/><E121/><V93/><F75/><N who="3" m="28747" /><G54/><T128/><D108/><U28/><E2/><V122/><F122/><W124/><G24/><T34/><D34/><U58/><E74/><V31/><F132/><W69/><G66/><T105/><D105/><N who="3" m="40553" /><G69/><T126/><D57/><U53/><E125/><V64/><F131/><W6/><G6/><T114/><D67/><U63/><E103/><N who="2" m="60879" /><F35/><W79/><G118/><T70/><D70/><U133/><E133/><V1/><F1/><W41/><G41/><T130/><D126/><U115/><E115/><V10/><F46/><W60/><G60/><T9/><D114/><U86/><E28/><V44/><F44/><W50/><G50/><T13/><D128/><U81/><E39/><V127/><F127/><W27/><G27/><T22/><D130/><U65/><E43/><V135/><F135/><W48/><G48/><N who="0" m="26679" /><D13/><U8/><E84/><V134/><F134/><W52/><G124/><T62/><D62/><U47/><REACH who="1" step="1"/><E26/><REACH who="1" ten="344,167,272,207" step="2"/><V119/><F119/><W32/><G112/><T15/><D38/><U55/><E55/><V11/><F25/><W76/><G52/><T49/><D12/><AGARI ba="0,1" hai="8,12,18,47,51,53,58,63,65,78,81,86,90,91" machi="12" ten="40,2600,0" yaku="1,1,8,1,53,0" doraHai="17" doraHaiUra="71" who="1" fromWho="0" sc="344,-26,167,36,272,0,207,0" /><INIT seed="3,0,0,4,0,75" ten="318,203,272,207" oya="3" hai0="13,65,124,48,51,68,116,85,99,80,78,17,15" hai1="45,102,3,135,88,53,8,9,119,100,5,42,112" hai2="61,36,64,63,98,72,69,34,0,47,62,6,14" hai3="2,114,90,113,38,10,87,89,97,121,125,133,50"/><W1/><G121/><T54/><D65/><U123/><E123/><V16/><F34/><W21/><G38/><T94/><D68/><U40/><E112/><V52/><F98/><W122/><G122/><T91/><D124/><U77/><E135/><V105/><F105/><W129/><G133/><T76/><D116/><U66/><E119/><V101/><F101/><N who="1" m="39017" /><E3/><V18/><F72/><W103/><G125/><T128/><D51/><N who="1" m="28911" /><E77/><N who="0" m="29801" /><D17/><U71/><E71/><V58/><F0/><W83/><G129/><T118/><D118/><U104/><E104/><V24/><F6/><W11/><G90/><N who="0" m="51495" /><D128/><U73/><E73/><V95/><F18/><W70/><G70/><T74/><D74/><U25/><E66/><V109/><F69/><W23/><G1/><T37/><D37/><U44/><E88/><V67/><F36/><W39/><G39/><T49/><D49/><N who="1" m="26759" /><E42/><V127/><F127/><W29/><G2/><T130/><D130/><U79/><E79/><V110/><F67/><W32/><G113/><T57/><AGARI ba="0,0" hai="13,15,48,54,57,91,94,99" m="51495,29801" machi="57" ten="30,7900,0" yaku="8,1,52,3" doraHai="75" who="0" fromWho="0" sc="318,79,203,-20,272,-20,207,-39" owari="397,50.0,183,-22.0,252,5.0,168,-33.0" /></mjloggm>