<mjloggm ver="2.3"><GO type="97" lobby="0"/><UN n0="%6E%61%64%65%6B%6F%73" n1="%E5%B0%B1%E6%B4%BB%E7%94%9F%40%E5%B7%9D%E6%9D%91%E8%BB%8D%E5%9B%A3" n2="%E3%81%9F%E3%83%BC%E3%81%8F%E3%82%8B" n3="%E3%81%8D%E3%81%BF%E3%81%9F%E3%81%BE%E3%81%94" dan="14,15,13,15" rate="1959.08,1974.21,1850.09,2009.85" sx="M,M,M,M"/><TAIKYOKU oya="0"/><INIT seed="0,0,0,3,3,43" ten="250,250,250,250" oya="0" hai0="14,81,87,92,122,108,13,0,71,24,100,105,101" hai1="5,72,99,119,36,4,3,6,32,128,116,39,8" hai2="107,94,79,15,78,25,113,35,52,106,127,49,18" hai3="51,55,29,33,57,9,120,40,110,54,88,104,34"/><T37/><D71/><U114/><E114/><V45/><F113/><W109/><G104/><T124/><D122/><U133/><E128/><V89/><F127/><W46/><G120/><T38/><D0/><U41/><E133/><V30/><F106/><W98/><G9/><T65/><D105/><U44/><E36/><V56/><F56/><W125/><G125/><T23/><D124/><U132/><E132/><V7/><F7/><W20/><G54/><T91/><D65/><U111/><E111/><N who="3" m="42506" /><G20/><T121/><D121/><U59/><E32/><V60/><F60/><N who="3" m="35903" /><G29/><N who="0" m="17567" /><D37/><U69/><E69/><V61/><F61/><W130/><G130/><T10/><D38/><U66/><E72/><V80/><F80/><W83/><G83/><T131/><D131/><U126/><E126/><V76/><F107/><W17/><G17/><N who="0" m="8375" /><D108/><U93/><E116/><V12/><REACH who="2" step="1"/><F18/><REACH who="2" ten="250,250,240,250" step="2"/><W67/><G67/><T70/><D70/><U115/><E119/><V84/><AGARI ba="0,1" hai="12,15,25,30,35,45,49,52,76,78,79,84,89,94" machi="84" ten="30,8000,1" yaku="1,1,2,1,0,1,52,1,54,1,53,0" doraHai="43" doraHaiUra="123" who="2" fromWho="2" sc="250,-40,250,-20,240,90,250,-20" /><INIT seed="1,0,0,1,3,100" ten="210,230,330,230" oya="1" hai0="11,94,48,14,0,81,113,70,5,21,28,97,54" hai1="57,23,69,75,15,98,135,119,45,4,8,35,80" hai2="36,9,64,67,18,78,72,131,87,122,133,63,115" hai3="116,128,73,22,106,83,6,3,91,77,126,12,120"/><U47/><E69/><V86/><F122/><W2/><G120/><T124/><D70/><U38/><E35/><V90/><F131/><W25/><G128/><T95/><D124/><U60/><E119/><V108/><F133/><W59/><G126/><T121/><D95/><U41/><E135/><V37/><F108/><W129/><G106/><T88/><D113/><U43/><E98/><V17/><F72/><W79/><G116/><T104/><D104/><U55/><E23/><V93/><F115/><W134/><G3/><T68/><D68/><U50/><E75/><V44/><F37/><W7/><G2/><T112/><D112/><U26/><E26/><V82/><F63/><W27/><G73/><T53/><D81/><U29/><E29/><V10/><F44/><W118/><G25/><N who="0" m="16431" /><D0/><U92/><E92/><V85/><F86/><N who="3" m="50655" /><G118/><T39/><D39/><U1/><E80/><V49/><F36/><W111/><G111/><T31/><D31/><U105/><E105/><V56/><F49/><W71/><G71/><T102/><D121/><U125/><E125/><V84/><F85/><W58/><G129/><T114/><D114/><U24/><E24/><V32/><F32/><W52/><G59/><N who="0" m="33191" /><D54/><U33/><E33/><V107/><F107/><W123/><G123/><T96/><D96/><U74/><E74/><V30/><F30/><N who="3" m="17783" /><G134/><T16/><D5/><N who="3" m="1545" /><G12/><T130/><D130/><U13/><AGARI ba="0,0" hai="1,4,8,13,15,38,41,43,45,47,50,55,57,60" machi="13" ten="30,1500,0" yaku="0,1" doraHai="100" who="1" fromWho="1" sc="210,-5,230,15,330,-5,230,-5" /><INIT seed="1,1,0,5,0,90" ten="205,245,325,225" oya="1" hai0="110,4,10,68,117,134,63,2,128,99,87,96,45" hai1="34,65,85,25,20,78,123,86,53,102,135,100,16" hai2="0,98,112,108,131,59,60,77,22,75,8,23,30" hai3="70,47,93,97,72,82,9,88,116,92,61,80,5"/><U44/><E123/><V114/><F108/><W73/><G116/><T51/><D117/><U81/><E34/><V35/><F98/><N who="3" m="57607" /><G70/><T101/><D110/><U89/><E65/><N who="2" m="39071" /><F131/><W121/><G121/><T84/><D128/><U26/><E26/><N who="2" m="18903" /><F77/><W40/><G61/><T62/><D134/><U83/><E135/><V14/><F0/><W120/><G120/><T13/><D99/><U39/><E39/><V94/><F94/><W104/><G104/><T33/><D33/><U133/><E133/><V95/><F95/><W130/><G130/><T79/><D79/><U18/><E18/><N who="2" m="8519" /><F75/><N who="3" m="28747" /><G47/><T64/><D63/><U3/><E3/><V71/><F71/><W69/><G40/><T66/><D2/><U105/><E105/><V118/><F118/><W15/><G69/><T58/><D66/><U7/><E7/><V122/><F122/><W36/><G36/><T127/><D68/><U32/><E32/><V17/><F17/><W129/><G129/><T106/><D84/><U46/><E46/><V37/><F37/><W91/><G15/><T49/><D87/><U21/><E21/><V55/><F55/><W24/><G24/><T6/><D6/><U76/><E89/><V124/><F124/><W107/><G107/><T57/><D127/><U126/><E126/><V29/><F29/><W111/><G111/><T48/><D45/><U42/><E42/><V109/><F109/><W11/><G5/><T12/><D12/><U132/><E132/><V1/><F1/><W38/><G38/><T54/><AGARI ba="1,0" hai="4,10,13,48,49,51,54,57,58,62,64,96,101,106" machi="54" ten="30,1100,0" yaku="0,1" doraHai="90" who="0" fromWho="0" sc="205,14,245,-6,325,-4,225,-4" /><INIT seed="2,0,0,5,0,54" ten="219,239,321,221" oya="2" hai0="126,131,90,43,70,16,40,132,80,59,29,6,99" hai1="91,92,103,93,42,49,63,32,34,98,82,44,122" hai2="55,12,9,19,36,4,21,117,41,114,83,130,24" hai3="89,35,23,127,81,66,120,118,45,69,115,52,101"/><V135/><F117/><W60/><G35/><T48/><D70/><U37/><E122/><V78/><F114/><W116/><G120/><T2/><D126/><U39/><E82/><V64/><F64/><W76/><G89/><T129/><D132/><U67/><E34/><V51/><F135/><W96/><G127/><T71/><D29/><U128/><E32/><V108/><F108/><W18/><G115/><T0/><D71/><U86/><REACH who="1" step="1"/><E128/><REACH who="1" ten="219,229,321,221" step="2"/><V46/><F130/><W107/><G116/><T50/><D131/><U97/><E97/><V30/><F83/><W58/><G118/><T113/><D129/><U85/><E85/><V10/><F78/><W87/><G45/><T109/><D113/><U62/><E62/><V20/><F4/><W104/><G96/><T84/><D109/><U15/><E15/><V11/><F11/><W25/><G101/><T124/><D124/><U102/><E102/><V100/><F100/><W72/><G72/><T110/><D110/><U1/><E1/><V56/><AGARI ba="0,1" hai="9,10,12,19,20,21,24,30,36,41,46,51,55,56" machi="56" ten="20,3900,0" yaku="0,1,7,1,52,1" doraHai="54" who="2" fromWho="2" sc="219,-13,229,-13,321,49,221,-13" /><INIT seed="2,1,0,2,5,110" ten="206,216,370,208" oya="2" hai0="21,79,7,91,70,68,20,13,49,89,73,48,38" hai1="54,76,93,39,9,33,119,26,100,83,116,52,114" hai2="50,17,122,3,14,55,24,135,132,47,85,0,134" hai3="74,123,28,98,75,65,67,71,6,18,95,2,60"/><V59/><F122/><W127/><G123/><T128/><D38/><U56/><E39/><V58/><F24/><W36/><G36/><T81/><D128/><U12/><E114/><V29/><F85/><W118/><G127/><T107/><D107/><U41/><E41/><V92/><F92/><W115/><G67/><T124/><D124/><U64/><E64/><V37/><F29/><W53/><G28/><T57/><D57/><N who="2" m="21514" /><F37/><W97/><G97/><T77/><D13/><U80/><E33/><V78/><F78/><W72/><G118/><T45/><D7/><U125/><E26/><V4/><F4/><W42/><G18/><T88/><D45/><U63/><E125/><V15/><F15/><W109/><G42/><T103/><D103/><U8/><E12/><V87/><F87/><W117/><G117/><T94/><D94/><U23/><E93/><V51/><F51/><W120/><G120/><T30/><D30/><U90/><E100/><V121/><F121/><W105/><G105/><T5/><D5/><U22/><E56/><V46/><F46/><W35/><G35/><T108/><D89/><U106/><E106/><V82/><F82/><W34/><G34/><T69/><D69/><U96/><E96/><V10/><AGARI ba="1,0" hai="0,3,10,14,17,47,50,55,132,134,135" m="21514" machi="10" ten="40,2100,0" yaku="20,1" doraHai="110" who="2" fromWho="2" sc="206,-8,216,-8,370,24,208,-8" /><INIT seed="2,2,0,4,3,115" ten="198,208,394,200" oya="2" hai0="19,91,60,130,66,90,128,108,4,28,126,121,107" hai1="40,49,127,36,72,93,45,104,129,0,42,11,43" hai2="68,57,18,27,80,71,96,54,116,21,51,17,89" hai3="100,70,56,14,105,12,38,122,85,65,63,86,53"/><V77/><F116/><W132/><G122/><T16/><D121/><U35/><E104/><V23/><F89/><N who="0" m="33802" /><D107/><U61/><E35/><V46/><F96/><W110/><G38/><T134/><D108/><U120/><E72/><V81/><F46/><W103/><G110/><T24/><D4/><U20/><E120/><V106/><F106/><W111/><G111/><T114/><D114/><U15/><E0/><V7/><F7/><W117/><G117/><T102/><D102/><N who="3" m="38953" /><G70/><T124/><D60/><U94/><E127/><N who="0" m="48681" /><D66/><U39/><E129/><N who="0" m="49769" /><D134/><U1/><E1/><V41/><F41/><N who="1" m="15977" /><E39/><V44/><F44/><W83/><G132/><T25/><D24/><U34/><E36/><V55/><F71/><W33/><G105/><T52/><D52/><U125/><E61/><V87/><F68/><W88/><G33/><AGARI ba="2,0" hai="16,19,25,28,33" m="49769,48681,33802" machi="33" ten="30,3900,0" yaku="18,1,19,1,54,1" doraHai="115" who="0" fromWho="3" sc="198,45,208,0,394,0,200,-45" /><INIT seed="3,0,0,0,0,7" ten="243,208,394,155" oya="3" hai0="16,130,121,80,106,10,26,33,13,35,59,97,14" hai1="67,11,19,93,21,91,43,25,22,135,118,103,110" hai2="87,52,39,24,63,66,5,74,0,124,92,117,50" hai3="34,112,42,94,126,100,128,125,84,90,6,111,60"/><W86/><G34/><N who="0" m="12811" /><D80/><U12/><E118/><V129/><F117/><W65/><G112/><T95/><D59/><U104/><E110/><V99/><F74/><W81/><G111/><T30/><D106/><U131/><E131/><V27/><F129/><W54/><G128/><T114/><D95/><U18/><E135/><V62/><F87/><W79/><G42/><T68/><D97/><U1/><E43/><V44/><F39/><W3/><G54/><T53/><D53/><U109/><E109/><V133/><F133/><W69/><REACH who="3" step="1"/><G100/><REACH who="3" ten="243,208,394,145" step="2"/><T98/><D130/><U72/><E103/><N who="2" m="60903" /><F52/><W48/><G48/><T107/><D107/><U64/><E64/><V75/><F66/><W134/><G134/><T36/><D36/><U15/><E67/><V31/><F50/><W29/><G29/><T123/><D68/><U58/><E58/><V4/><F31/><W57/><G57/><T132/><D132/><U2/><E72/><V77/><F75/><W40/><G40/><T70/><D70/><U120/><E120/><V116/><F116/><W37/><G37/><T105/><D105/><U115/><E104/><V61/><F44/><W73/><G73/><T51/><D51/><U113/><E113/><V83/><F63/><W45/><G45/><T89/><D114/><U23/><E115/><V28/><F62/><W56/><G56/><T47/><D47/><U32/><E32/><V85/><F61/><W9/><AGARI ba="0,1" hai="3,6,9,60,65,69,79,81,84,86,90,94,125,126" machi="9" ten="30,6000,0" yaku="1,1,0,1,52,1,53,0" doraHai="7" doraHaiUra="55" who="3" fromWho="3" sc="243,-20,208,-20,394,-20,145,70" /><INIT seed="3,1,0,3,0,3" ten="223,188,374,215" oya="3" hai0="62,67,132,110,82,7,124,21,8,6,109,70,31" hai1="126,106,108,17,65,22,135,9,32,37,80,113,26" hai2="56,25,127,29,55,10,91,33,84,40,104,120,95" hai3="130,134,42,76,83,48,30,66,45,49,123,128,60"/><W116/><G123/><T114/><D114/><U97/><E113/><V107/><F120/><W43/><G116/><T64/><D82/><U99/><E126/><V119/><F127/><W61/><G30/><T71/><D124/><U13/><E135/><V41/><F119/><W23/><G23/><T118/><D118/><U68/><E37/><V24/><F24/><W85/><G134/><T15/><D132/><U54/><E108/><V18/><F107/><W111/><G111/><T101/><D101/><U79/><E32/><V69/><F69/><W4/><G4/><T11/><D21/><U53/><E106/><V16/><F104/><W81/><G81/><T75/><D31/><U47/><E65/><V50/><REACH who="2" step="1"/><F10/><REACH who="2" ten="223,188,364,215" step="2"/><W5/><G128/><T129/><D129/><U98/><E68/><V102/><F102/><W90/><G130/><T1/><REACH who="0" step="1"/><D75/><REACH who="0" ten="213,188,364,215" step="2"/><U105/><E105/><V34/><F34/><W78/><G78/><T88/><D88/><U14/><E79/><V103/><F103/><W86/><G90/><T77/><D77/><U35/><E35/><V52/><F52/><N who="1" m="20073" /><E80/><V94/><F94/><W2/><G83/><T89/><D89/><U12/><E47/><V93/><F93/><W51/><G76/><T27/><D27/><U121/><E121/><V92/><F92/><W96/><G45/><T131/><D131/><U74/><E74/><V44/><F44/><W38/><G66/><T73/><D73/><U112/><E112/><V39/><F39/><W0/><G38/><T117/><D117/><U122/><E122/><V19/><AGARI ba="1,2" hai="16,18,19,25,29,33,40,41,50,55,56,84,91,95" machi="19" ten="30,7900,0" yaku="1,1,0,1,54,1,53,1" doraHai="3" doraHaiUra="46" who="2" fromWho="2" sc="213,-21,188,-21,364,102,215,-40" owari="192,-1.0,167,-33.0,466,56.0,175,-22.0" /></mjloggm>