<mjloggm ver="2.3"><GO type="97" lobby="0"/><UN n0="%E5%B0%B1%E6%B4%BB%E7%94%9F%40%E5%B7%9D%E6%9D%91%E8%BB%8D%E5%9B%A3" n1="%E5%B0%8F%E8%B5%B0%E5%85%88%E8%BC%A9" n2="%E3%81%84%E3%81%A3%E3%81%9F%E3%82%93" n3="%E3%81%BA%E3%81%99%EF%BC%93" dan="14,14,15,14" rate="1988.71,1938.78,2043.45,1914.11" sx="M,F,M,M"/><TAIKYOKU oya="0"/><INIT seed="0,0,0,3,1,40" ten="250,250,250,250" oya="0" hai0="107,109,87,25,42,100,126,110,59,84,23,54,4" hai1="34,104,121,93,96,14,30,69,52,111,20,56,33" hai2="128,114,133,66,57,132,12,24,83,44,130,73,101" hai3="135,63,94,85,67,35,122,1,28,127,26,125,47"/><T105/><D126/><N who="3" m="48137" /><G135/><N who="2" m="51785" /><F114/><W13/><G122/><T22/><D42/><U113/><E121/><V108/><F108/><N who="0" m="41578" /><D4/><U79/><E69/><V112/><F112/><W60/><G1/><T51/><D22/><U39/><E104/><N who="0" m="40009" /><D100/><U91/><E113/><V46/><F101/><W115/><G115/><T45/><D59/><U97/><E111/><V89/><F12/><W48/><G13/><T86/><D86/><U77/><E96/><V36/><F36/><W124/><N who="3" m="48145" /><W81/><DORA hai="102" /><G94/><T5/><D5/><U16/><E39/><V49/><F57/><W19/><G67/><T7/><D7/><U76/><REACH who="1" step="1"/><E30/><AGARI ba="0,0" hai="23,25,30,45,51,54,84,87" m="40009,41578" machi="30" ten="30,18000,2" yaku="14,1,10,1,52,4" doraHai="40,102" who="0" fromWho="1" sc="250,180,250,-180,250,0,250,0" /><INIT seed="0,1,0,5,5,88" ten="430,70,250,250" oya="0" hai0="15,17,102,45,40,81,87,99,86,28,82,121,124" hai1="110,51,21,61,94,111,67,135,49,64,19,118,79" hai2="6,12,52,100,71,8,35,34,133,3,65,106,14" hai3="29,119,53,38,90,93,31,73,42,75,74,1,123"/><T91/><D121/><U95/><E118/><V25/><F133/><W46/><G119/><T48/><D28/><U96/><E96/><V84/><F71/><W57/><G1/><T58/><D124/><U62/><E79/><V131/><F65/><N who="1" m="25161" /><E135/><V69/><F69/><W104/><G104/><T41/><D58/><U112/><E112/><V7/><F100/><W108/><G108/><N who="1" m="41514" /><E49/><V23/><F106/><W98/><REACH who="3" step="1"/><G123/><REACH who="3" ten="430,70,250,240" step="2"/><T101/><D41/><U10/><E10/><V33/><F8/><W83/><G83/><T89/><D99/><U54/><E61/><AGARI ba="1,1" hai="29,31,38,42,46,53,57,61,73,74,75,90,93,98" machi="61" ten="40,2600,0" yaku="1,1,52,1,53,0" doraHai="88" doraHaiUra="47" who="3" fromWho="1" sc="430,0,70,-29,250,0,240,39" /><INIT seed="1,0,0,5,3,82" ten="430,41,250,279" oya="1" hai0="99,102,1,58,97,70,120,16,62,65,28,34,11" hai1="55,15,57,129,27,42,71,92,90,33,78,0,100" hai2="19,108,46,133,73,43,104,67,131,29,87,111,47" hai3="50,41,130,36,26,45,80,51,117,5,60,48,124"/><U94/><E0/><V22/><F73/><W64/><G26/><N who="0" m="18711" /><D120/><U86/><E71/><V14/><F131/><W13/><G13/><N who="0" m="7231" /><D97/><U32/><E78/><V3/><F133/><W56/><G5/><T106/><D58/><U39/><E129/><V96/><F3/><AGARI ba="0,0" hai="1,3,62,65,70,99,102,106" m="7231,18711" machi="3" ten="30,2000,0" yaku="25,1,54,1" doraHai="82" who="0" fromWho="2" sc="430,20,41,0,250,-20,279,0" /><INIT seed="2,0,0,4,3,106" ten="450,41,230,279" oya="2" hai0="129,41,121,118,42,115,7,119,100,80,110,4,130" hai1="26,59,63,31,135,67,40,117,61,46,32,94,57" hai2="49,88,17,134,15,28,78,122,89,1,84,18,36" hai3="97,52,95,73,29,45,111,74,123,96,53,104,62"/><V30/><F36/><W44/><G123/><T114/><D110/><U133/><E133/><V19/><F1/><W71/><G111/><T13/><D100/><U81/><E135/><V5/><F122/><W105/><G29/><N who="2" m="11369" /><F134/><W55/><G95/><T120/><D80/><U82/><E117/><V0/><F0/><W77/><G77/><T33/><REACH who="0" step="1"/><D13/><REACH who="0" ten="440,41,230,279" step="2"/><U72/><E72/><N who="3" m="27754" /><G62/><T27/><D27/><U83/><E83/><N who="2" m="47223" /><F49/><W11/><G11/><AGARI ba="0,1" hai="5,11,15,17,18,19,88,89" m="47223,11369" machi="11" ten="30,2900,0" yaku="8,1,54,1" doraHai="106" who="2" fromWho="3" sc="440,0,41,0,230,39,279,-29" /><INIT seed="2,1,0,5,3,85" ten="440,41,269,250" oya="2" hai0="59,48,90,77,64,130,56,108,78,121,92,37,135" hai1="10,38,55,131,40,128,39,65,21,68,126,0,3" hai2="42,53,115,61,16,25,81,100,118,70,34,96,133" hai3="95,99,75,134,84,4,18,14,112,66,87,6,125"/><V1/><F115/><W93/><G75/><T120/><D37/><N who="1" m="13835" /><E21/><V43/><F1/><W129/><G112/><T44/><D108/><U97/><E97/><V71/><F118/><W30/><G30/><T117/><D117/><U94/><E94/><N who="3" m="35850" /><G125/><T62/><D130/><N who="1" m="49707" /><E10/><V73/><F34/><W107/><G129/><T102/><D135/><U52/><E3/><V88/><F133/><W13/><G134/><T51/><D56/><U116/><E0/><V35/><F73/><W82/><G107/><T49/><D102/><U60/><E116/><V57/><F100/><W123/><G99/><T74/><D74/><U98/><E98/><V33/><F96/><W47/><G123/><T101/><D101/><U31/><E31/><V132/><F132/><W124/><G124/><T89/><D92/><U22/><E22/><N who="2" m="13511" /><F70/><W27/><G27/><T63/><D44/><U15/><E15/><V54/><F71/><W69/><G13/><T80/><D80/><U7/><E7/><V103/><F35/><W67/><G14/><T110/><D121/><U5/><E5/><V113/><F33/><W119/><G6/><T83/><D120/><U19/><E19/><V86/><F113/><W106/><G18/><T50/><D83/><U17/><E17/><V122/><F122/><W105/><G4/><T127/><D127/><U76/><E76/><V46/><F103/><W104/><G119/><T32/><D77/><U72/><E72/><V11/><F11/><W20/><G82/><T8/><D78/><U45/><E126/><V58/><F46/><W41/><G20/><T26/><D32/><RYUUKYOKU ba="1,0" sc="440,-15,41,15,269,15,250,-15" hai1="40,45,52,55,60,65,68" hai2="42,43,53,54,57,58,61,81,86,88" /><INIT seed="2,2,0,1,4,128" ten="425,56,284,235" oya="2" hai0="75,8,125,26,106,42,43,109,7,53,102,58,52" hai1="79,54,105,39,40,9,68,83,30,59,19,50,25" hai2="72,14,123,88,100,24,108,41,64,81,97,126,6" hai3="87,60,76,45,89,114,124,111,21,20,110,38,107"/><V13/><F123/><W127/><G107/><T135/><D135/><U98/><E19/><V134/><F134/><W112/><G60/><T119/><D75/><U3/><E59/><V95/><F126/><N who="3" m="48171" /><G38/><T129/><D129/><U5/><E54/><V132/><F132/><W46/><G76/><T36/><D109/><N who="3" m="41481" /><G89/><T118/><D125/><U61/><E50/><V85/><F108/><W11/><G87/><T22/><D53/><U101/><E83/><V4/><F72/><W2/><G46/><T120/><D120/><U71/><E79/><N who="2" m="46271" /><F41/><W91/><G91/><T37/><D37/><U82/><E82/><V16/><F64/><W113/><G45/><T94/><D106/><U96/><E96/><V56/><F100/><W31/><G31/><N who="0" m="17879" /><D36/><U28/><E28/><V70/><F56/><W17/><G17/><T57/><D57/><U29/><E29/><V116/><F70/><W47/><G47/><T121/><D121/><U78/><E78/><V99/><F97/><W27/><G27/><T35/><D35/><U104/><E104/><V90/><F90/><W122/><G122/><T77/><D77/><U80/><E80/><V32/><F24/><W131/><G131/><T115/><D102/><U69/><E40/><V84/><F32/><W117/><G117/><N who="0" m="44555" /><D94/><U49/><E49/><V15/><F116/><W133/><G133/><T51/><D115/><N who="3" m="29441" /><W92/><DORA hai="12" /><G92/><T86/><D86/><U10/><E10/><N who="2" m="6199" /><F84/><W34/><G34/><T130/><D130/><U55/><E39/><V44/><F44/><W48/><G48/><T62/><D51/><U103/><E105/><RYUUKYOKU ba="2,0" sc="425,10,56,-30,284,10,235,10" hai0="7,8,42,43,52,58,62" hai2="4,6,14,15,88,95,99" hai3="2,11,20,21" /><INIT seed="2,3,0,2,2,92" ten="435,26,294,245" oya="2" hai0="4,114,70,6,79,91,109,29,119,90,135,9,40" hai1="19,53,101,1,76,64,83,22,60,13,47,94,44" hai2="17,39,56,115,117,14,57,69,46,85,116,86,111" hai3="126,61,113,8,118,2,105,7,106,95,23,35,3"/><V72/><F72/><W37/><G37/><T131/><D70/><U77/><E1/><V50/><F39/><W66/><G118/><T128/><D114/><U107/><E107/><V27/><F115/><W51/><G113/><T38/><D119/><U121/><E121/><V63/><F27/><W96/><G35/><T123/><D123/><U24/><E53/><V28/><F28/><W112/><G112/><T49/><D38/><U11/><E77/><V81/><F111/><W110/><G110/><T18/><D109/><U84/><E60/><V71/><F71/><W132/><G132/><T5/><D29/><U100/><E64/><V129/><F69/><W52/><G126/><T0/><D135/><U88/><E101/><V32/><F32/><W127/><G127/><T58/><D79/><U104/><E100/><V67/><F129/><N who="0" m="49738" /><D0/><U125/><E104/><V108/><F57/><W97/><G3/><T99/><D99/><U30/><REACH who="1" step="1"/><E125/><REACH who="1" ten="435,16,294,245" step="2"/><V130/><F108/><W62/><G105/><T20/><D40/><U82/><E82/><V68/><F130/><W134/><G106/><T41/><D41/><U16/><E16/><V89/><F116/><W103/><G134/><T25/><D91/><U73/><E73/><V65/><F117/><W75/><G75/><T42/><D42/><U43/><E43/><N who="2" m="24927" /><F65/><W59/><G66/><T31/><D90/><U10/><E10/><N who="2" m="6359" /><F68/><W48/><G51/><T93/><D9/><U133/><E133/><V74/><F74/><W54/><G23/><T98/><D4/><U26/><E26/><V12/><F12/><W45/><G2/><RYUUKYOKU ba="3,1" sc="435,-15,16,15,294,15,245,-15" hai1="11,13,19,22,24,30,44,47,76,83,84,88,94" hai2="56,63,67,81,85,86,89" /><INIT seed="2,4,1,1,5,132" ten="420,31,309,230" oya="2" hai0="118,102,128,75,73,28,135,34,67,47,68,131,125" hai1="53,65,87,27,123,41,134,10,4,76,23,80,12" hai2="5,30,70,127,114,86,35,100,7,48,96,8,54" hai3="93,31,64,38,36,56,81,106,1,110,9,57,62"/><V3/><F114/><W85/><G106/><T59/><D135/><U0/><E134/><V40/><F7/><W82/><G110/><T74/><D118/><U69/><E123/><V46/><F70/><W42/><G93/><T32/><D125/><U116/><E116/><V99/><F127/><W58/><G31/><T15/><D102/><U105/><E105/><V129/><F129/><N who="0" m="49738" /><D68/><U20/><E69/><V19/><F19/><W107/><G107/><T18/><D47/><U122/><E65/><V14/><F14/><W37/><G42/><T77/><D77/><U17/><E122/><V78/><F100/><W95/><G95/><T61/><D28/><U43/><E53/><V29/><F54/><W21/><G21/><AGARI ba="4,1" hai="15,18,21,32,34,59,61,67,73,74,75" m="49738" machi="21" ten="40,1300,0" yaku="19,1" doraHai="132" who="0" fromWho="3" sc="420,35,31,0,309,0,230,-25" /><INIT seed="3,0,0,0,0,128" ten="455,31,309,205" oya="3" hai0="62,64,75,16,38,55,22,73,7,40,76,120,107" hai1="57,72,20,70,83,45,26,78,4,53,108,31,96" hai2="42,134,39,66,6,80,124,47,49,37,82,90,0" hai3="65,34,94,101,28,87,23,99,92,61,109,52,27"/><W88/><G109/><T102/><D120/><U111/><E45/><V43/><F0/><W127/><G127/><T132/><D132/><U133/><E57/><V68/><F6/><W121/><G121/><T13/><D55/><U122/><E53/><V100/><F100/><W11/><G11/><T85/><D7/><U105/><E4/><V25/><F90/><W71/><G34/><T29/><D29/><U59/><E59/><V5/><F5/><W86/><REACH who="3" step="1"/><G52/><REACH who="3" ten="455,31,309,195" step="2"/><T2/><D40/><U116/><E20/><V15/><F124/><W35/><G35/><T118/><D118/><U33/><E122/><V98/><F43/><W126/><G126/><T103/><D22/><U77/><E116/><V129/><F42/><W113/><G113/><T74/><D2/><U67/><E78/><V54/><F54/><W46/><G46/><T24/><D76/><U58/><E58/><V119/><F47/><W117/><G117/><T110/><D73/><U56/><E56/><V14/><F119/><W91/><G91/><T125/><D75/><U112/><E112/><V9/><F9/><W3/><G3/><T30/><D74/><U79/><E79/><V81/><F68/><W18/><G18/><T115/><D110/><U95/><E95/><V8/><F8/><W104/><G104/><T135/><D125/><U10/><E10/><V19/><F19/><W51/><G51/><T36/><D115/><U48/><E48/><V131/><F49/><W32/><G32/><T89/><D16/><U97/><E97/><AGARI ba="0,1" hai="23,27,28,61,65,71,86,87,88,92,94,97,99,101" machi="97" ten="30,5800,0" yaku="1,1,7,1,54,1,53,0" doraHai="128" doraHaiUra="41" who="3" fromWho="1" sc="455,0,31,-58,309,0,195,68" owari="455,56.0,-27,-53.0,309,11.0,263,-14.0" /></mjloggm>