<mjloggm ver="2.3"><GO type="41" lobby="0"/><UN n0="%E5%B0%B1%E6%B4%BB%E7%94%9F%40%E5%B7%9D%E6%9D%91%E8%BB%8D%E5%9B%A3" n1="%4E%6F%2C%31%37" n2="%70%61%77" n3="%7A%65%62%65%6E" dan="15,14,14,14" rate="2001.89,1814.06,1960.14,1953.50" sx="M,M,F,M"/><TAIKYOKU oya="0"/><INIT seed="0,0,0,1,2,12" ten="250,250,250,250" oya="0" hai0="68,11,33,84,95,85,9,111,21,99,94,53,120" hai1="26,23,41,51,47,18,29,48,125,63,10,118,66" hai2="4,129,126,114,96,62,14,6,44,103,73,19,124" hai3="1,113,34,97,27,15,105,17,0,106,5,83,108"/><T86/><D120/><U58/><E118/><V74/><F114/><W100/><G113/><T107/><D33/><U80/><E125/><N who="2" m="48235" /><F44/><W87/><G108/><T46/><D68/><U54/><E10/><N who="0" m="3593" /><D107/><U35/><E80/><V65/><F129/><W67/><G106/><T64/><D111/><U88/><E35/><V92/><F4/><W91/><G5/><T119/><D64/><U22/><E22/><N who="2" m="11639" /><F6/><W13/><G15/><T123/><D123/><U69/><REACH who="1" step="1"/><E88/><REACH who="1" ten="250,240,250,250" step="2"/><V132/><F132/><W101/><G34/><T37/><D119/><U81/><E81/><V61/><F74/><W57/><G101/><T78/><D21/><U45/><E45/><V56/><F73/><W36/><G1/><T112/><D112/><U50/><E50/><V109/><F109/><W76/><G0/><T72/><D37/><U70/><E70/><V133/><F62/><W3/><G3/><T40/><D72/><U39/><E39/><V42/><F133/><W135/><G36/><T32/><D32/><U59/><E59/><V122/><F122/><W49/><G135/><T128/><D128/><U71/><E71/><V7/><F7/><W25/><G49/><N who="0" m="26823" /><D78/><U104/><E104/><V116/><F116/><W131/><G131/><T98/><D98/><U31/><AGARI ba="0,1" hai="18,23,26,29,31,41,47,48,51,54,58,63,66,69" machi="31" ten="30,4000,0" yaku="1,1,0,1,52,1,53,0" doraHai="12" doraHaiUra="75" who="1" fromWho="1" sc="250,-20,240,50,250,-10,250,-10" /><INIT seed="1,0,0,2,0,56" ten="230,290,240,240" oya="1" hai0="16,46,115,37,83,131,7,60,77,95,99,97,64" hai1="6,3,54,52,109,114,88,45,61,29,84,12,127" hai2="104,42,110,44,122,51,72,105,73,129,47,57,15" hai3="55,116,118,2,132,23,48,91,62,108,94,92,13"/><U41/><E3/><V58/><F110/><W36/><G2/><T112/><D131/><U5/><E114/><V19/><F129/><W66/><G36/><T130/><D130/><U27/><E109/><V100/><F122/><W128/><G128/><T65/><D7/><U106/><E106/><V1/><F1/><W67/><G108/><T119/><D119/><U125/><E12/><V38/><F104/><W87/><G132/><T31/><D31/><U126/><E41/><V76/><F76/><W81/><G67/><T11/><D65/><U98/><E98/><V24/><F24/><W50/><G116/><T111/><D111/><U79/><E79/><V102/><F105/><W17/><G118/><T82/><D37/><U80/><E45/><V68/><F68/><W117/><G117/><T20/><D46/><U21/><E61/><V0/><F0/><W43/><G43/><T10/><D112/><U53/><AGARI ba="0,0" hai="5,6,21,27,29,52,53,54,80,84,88,125,126,127" machi="53" ten="40,12000,1" yaku="0,1,18,1,54,2" doraHai="56" who="1" fromWho="1" sc="230,-40,290,120,240,-40,240,-40" /><INIT seed="1,1,0,1,4,96" ten="190,410,200,200" oya="1" hai0="10,69,33,126,9,23,53,52,5,112,105,4,87" hai1="6,64,50,135,89,45,2,70,123,92,65,72,82" hai2="74,14,93,120,83,111,21,127,47,18,48,91,62" hai3="100,1,12,32,119,88,57,27,121,77,24,49,115"/><U108/><E123/><V58/><F111/><W116/><G121/><T40/><D33/><U34/><E34/><V43/><F127/><W76/><G1/><T85/><D69/><U35/><E35/><V16/><F74/><W22/><G115/><T104/><D23/><U37/><E37/><V20/><F83/><W90/><G12/><T7/><D40/><U68/><E68/><V42/><F42/><W131/><G32/><T78/><D78/><U71/><E71/><V97/><F120/><W11/><G11/><N who="0" m="4107" /><D126/><U30/><E70/><V31/><F31/><W102/><G22/><N who="2" m="8809" /><F14/><W130/><G49/><T41/><D41/><U19/><E50/><V128/><F128/><W61/><G57/><T36/><D36/><U13/><E2/><V63/><F63/><AGARI ba="1,0" hai="24,27,61,63,76,77,88,90,100,102,116,119,130,131" machi="63" ten="25,8000,1" yaku="22,2,52,2,54,1" doraHai="96" who="3" fromWho="2" sc="190,0,410,0,200,-83,200,83" /><INIT seed="2,0,0,2,4,101" ten="190,410,117,283" oya="2" hai0="11,74,67,36,68,93,70,98,71,28,12,62,117" hai1="114,123,44,122,41,106,54,24,17,47,76,69,15" hai2="108,128,2,73,7,23,64,8,92,30,18,1,10" hai3="40,102,79,125,60,91,105,45,46,116,59,134,33"/><V72/><F64/><W32/><G116/><T21/><D74/><U26/><E69/><V25/><F73/><W78/><G125/><T82/><D36/><U89/><E76/><V0/><F72/><W77/><G134/><T31/><D117/><U13/><E114/><V88/><F128/><W119/><G119/><T131/><D131/><U133/><E133/><V27/><F108/><W97/><G91/><T115/><D82/><U124/><E89/><V57/><F57/><W94/><G94/><T107/><D115/><U100/><E100/><V118/><F118/><W99/><G99/><T87/><D87/><U39/><E54/><V65/><F65/><W111/><G111/><T3/><D3/><U56/><E124/><V103/><F103/><W109/><G109/><T112/><D107/><U63/><E17/><V20/><F10/><W96/><G97/><AGARI ba="0,0" hai="0,1,2,7,8,18,20,23,25,27,30,88,92,97" machi="97" ten="30,2900,0" yaku="7,1,54,1" doraHai="101" who="2" fromWho="3" sc="190,0,410,0,117,29,283,-29" /><INIT seed="2,1,0,4,2,102" ten="190,410,146,254" oya="2" hai0="106,73,53,25,86,21,4,41,104,36,108,94,55" hai1="69,66,70,123,18,26,59,71,125,113,60,10,50" hai2="24,87,40,31,116,8,127,79,44,81,62,34,132" hai3="3,12,97,14,128,103,134,126,49,107,112,93,33"/><V17/><F132/><W82/><G3/><T67/><D73/><U11/><E113/><V90/><F127/><W83/><G134/><T15/><D67/><U77/><E77/><V122/><F122/><W42/><G33/><T100/><D36/><U75/><E75/><V96/><F116/><W38/><G38/><T101/><D41/><U39/><E39/><V78/><F62/><W115/><G126/><T89/><D108/><U76/><E76/><V37/><F96/><W65/><G128/><T74/><D74/><U46/><E125/><V47/><F44/><N who="3" m="25751" /><G65/><T129/><D129/><U131/><E131/><V119/><F119/><W45/><G45/><T99/><D15/><N who="3" m="5673" /><G93/><T114/><D4/><U85/><E123/><V72/><F72/><W92/><G92/><T22/><D114/><AGARI ba="1,0" hai="82,83,97,103,107,112,114,115" m="5673,25751" machi="114" ten="30,2000,0" yaku="11,1,52,1" doraHai="102" who="3" fromWho="0" sc="190,-23,410,0,146,0,254,23" /><INIT seed="3,0,0,4,5,36" ten="167,410,146,277" oya="3" hai0="120,62,56,108,10,135,28,27,45,55,41,71,0" hai1="32,123,130,89,65,72,40,54,94,64,132,9,102" hai2="57,84,77,21,22,53,104,23,52,3,43,76,39" hai3="75,58,50,69,46,17,101,47,12,112,74,78,61"/><W128/><G112/><T111/><D120/><U99/><E72/><V105/><F3/><W5/><G5/><T88/><D135/><U11/><E32/><V96/><F96/><W34/><G34/><T117/><D117/><U15/><E123/><V42/><F84/><W127/><G69/><T114/><D71/><U30/><E30/><V121/><F57/><W67/><G127/><T49/><D114/><U87/><E132/><V91/><F91/><W110/><G110/><T2/><D10/><U18/><E11/><V90/><F90/><W79/><G128/><T20/><D108/><U14/><E14/><V8/><F8/><W25/><G25/><T7/><D7/><U31/><E31/><V13/><F13/><W113/><G113/><T134/><D134/><U131/><E54/><N who="2" m="21099" /><F39/><W126/><G126/><T33/><D111/><U92/><E40/><N who="2" m="15403" /><F121/><W100/><G75/><T124/><D124/><U83/><E94/><V115/><F115/><W63/><G74/><T37/><D33/><U118/><E118/><V86/><F86/><W82/><G79/><AGARI ba="0,0" hai="21,22,23,76,77,79,104,105" m="15403,21099" machi="79" ten="30,12000,2" yaku="28,2,52,3,54,1" doraHai="36" who="2" fromWho="3" sc="167,0,410,0,146,120,277,-120" /><INIT seed="4,0,0,2,5,53" ten="167,410,266,157" oya="0" hai0="122,72,20,115,14,105,76,26,58,5,87,99,38" hai1="15,103,34,97,113,22,86,63,59,102,88,44,27" hai2="62,131,65,95,129,114,134,82,13,16,94,111,24" hai3="8,57,9,91,92,18,77,101,125,45,55,135,84"/><T1/><D38/><U47/><E113/><V126/><F111/><W112/><G112/><T6/><D122/><U75/><E75/><V46/><F114/><W121/><G121/><T41/><D72/><U21/><E34/><V123/><F123/><W36/><G135/><T28/><D1/><U68/><E68/><V19/><F82/><W61/><G125/><T67/><D115/><U79/><E79/><V74/><F74/><W25/><G77/><T64/><D105/><U7/><E7/><V128/><F46/><W60/><G36/><T31/><D99/><U96/><E96/><V2/><F2/><W50/><G61/><T98/><D98/><U118/><E118/><V40/><F40/><N who="3" m="24871" /><G101/><T37/><D37/><U90/><E15/><V49/><F49/><W127/><G127/><T29/><D41/><U106/><E103/><V71/><F134/><W124/><G124/><T4/><D14/><U130/><E21/><AGARI ba="0,0" hai="8,9,18,21,25,55,57,60,84,91,92" m="24871" machi="21" ten="30,2000,0" yaku="8,1,52,1" doraHai="53" who="3" fromWho="1" sc="167,0,410,-20,266,0,157,20" /><INIT seed="5,0,0,1,5,76" ten="167,390,266,177" oya="1" hai0="14,25,89,53,36,103,88,135,32,110,0,17,62" hai1="55,125,12,45,102,134,112,30,51,95,93,99,40" hai2="91,15,78,75,72,46,6,38,113,56,128,105,131" hai3="122,1,84,109,60,67,49,22,8,68,33,41,31"/><U71/><E112/><V126/><F105/><W18/><G109/><T114/><D0/><U44/><E71/><V130/><F126/><W117/><G117/><T66/><D110/><U115/><E115/><V107/><F107/><W54/><G122/><T65/><D114/><U87/><E125/><V52/><F113/><W37/><G84/><T77/><D36/><U92/><E87/><V80/><F91/><W132/><G132/><T127/><D135/><U29/><E134/><V119/><F119/><W124/><G124/><T2/><D2/><U61/><E61/><V96/><F96/><W86/><G86/><T98/><D77/><U16/><E95/><V129/><F75/><W57/><G31/><T35/><D127/><U81/><E93/><V73/><F73/><W108/><G108/><T7/><D7/><U43/><E55/><V11/><N who="2" m="33280" /><DORA hai="133" /><V26/><F26/><W59/><G33/><T48/><D25/><U74/><E74/><V27/><F27/><N who="3" m="14807" /><G59/><T83/><D35/><U42/><E99/><V19/><F46/><N who="3" m="23855" /><G1/><T5/><D5/><U58/><E45/><V20/><F38/><W100/><G8/><N who="0" m="6343" /><D32/><U104/><E44/><V97/><F97/><W79/><G79/><T101/><D98/><U28/><E104/><V63/><F6/><W21/><G21/><AGARI ba="0,0" hai="11,15,19,20,21,52,56,63,72,78,80" m="33280" machi="21" ten="70,8000,1" yaku="19,1,52,1,54,1" doraHai="76,133" who="2" fromWho="3" sc="167,0,390,0,266,80,177,-80" /><INIT seed="6,0,0,4,4,23" ten="167,390,346,97" oya="2" hai0="57,64,18,102,27,69,62,25,41,8,20,14,51" hai1="95,122,134,80,10,98,67,111,38,44,12,124,84" hai2="5,36,39,45,114,113,81,91,92,70,47,53,40" hai3="46,106,33,48,86,37,11,26,133,129,112,83,66"/><V109/><F70/><W126/><G106/><T52/><D102/><U3/><E111/><V60/><F109/><W96/><G129/><T117/><D117/><U2/><E122/><V32/><F32/><W82/><G133/><T79/><D79/><U54/><E134/><V128/><F128/><W88/><G126/><T65/><D65/><U104/><E104/><V99/><F81/><W50/><G11/><T108/><D108/><U103/><E67/><V7/><F60/><W43/><G96/><T71/><D41/><U0/><E124/><V72/><F72/><W87/><G66/><T119/><D119/><U68/><E68/><V30/><F30/><W73/><G73/><T15/><D71/><U9/><E3/><V76/><F76/><W61/><G61/><T42/><D42/><U56/><E38/><V107/><F107/><W101/><G101/><T132/><D132/><U55/><E44/><V121/><F121/><W13/><G13/><T21/><D21/><U89/><E10/><V125/><F125/><W16/><G112/><N who="2" m="43113" /><F36/><W135/><G135/><T123/><D123/><U131/><E131/><V29/><F29/><W120/><G120/><T63/><D63/><U100/><E100/><V130/><F130/><W93/><G83/><T31/><D31/><U22/><E55/><V115/><N who="2" m="43121" /><V4/><DORA hai="59" /><F47/><W58/><G58/><T34/><D34/><U127/><E127/><V19/><F19/><AGARI ba="0,0" hai="8,14,15,18,19,20,25,27,51,52,57,62,64,69" machi="19" ten="30,8000,1" yaku="7,1,52,3,54,1" doraHai="23,59" who="0" fromWho="2" sc="167,80,390,0,346,-80,97,0" /><INIT seed="7,0,0,5,3,113" ten="247,390,266,97" oya="3" hai0="35,49,102,119,123,121,128,33,6,81,98,29,1" hai1="135,100,23,56,87,111,22,116,31,122,2,66,124" hai2="20,95,15,18,77,26,83,65,127,30,59,132,96" hai3="64,17,11,3,131,74,75,36,91,40,112,14,101"/><W114/><G3/><T0/><D81/><U39/><E100/><V55/><F132/><W103/><G64/><T88/><D49/><U5/><E5/><V42/><F42/><W41/><G131/><T48/><D48/><U46/><E66/><V63/><F127/><W71/><G71/><T93/><D128/><U47/><E56/><V80/><F65/><W10/><G91/><T28/><D119/><U60/><E60/><V44/><F44/><W72/><G36/><T16/><D102/><N who="3" m="38921" /><G14/><T106/><D106/><U133/><E39/><V110/><F110/><W62/><G17/><T4/><D16/><U97/><E111/><V8/><F77/><W69/><G62/><T99/><D93/><U53/><E124/><V126/><F126/><W13/><G13/><T43/><D43/><N who="3" m="16457" /><G69/><T34/><D34/><U27/><E2/><V104/><F104/><W9/><AGARI ba="0,0" hai="9,10,11,72,74,75,112,114" m="16457,38921" machi="9" ten="40,3900,0" yaku="28,2" doraHai="113" who="3" fromWho="3" sc="247,-13,390,-13,266,-13,97,39" /><INIT seed="7,1,0,3,0,40" ten="234,377,253,136" oya="3" hai0="62,29,130,59,92,117,16,18,135,38,44,91,19" hai1="9,80,88,66,25,33,119,125,96,104,49,53,106" hai2="89,81,4,26,108,97,12,113,3,109,103,23,75" hai3="71,129,128,64,122,36,94,82,47,37,14,22,112"/><W24/><G122/><T39/><D117/><U7/><E66/><V57/><F3/><W90/><G82/><T11/><D130/><N who="3" m="50281" /><G14/><T83/><D135/><U58/><E119/><V55/><F113/><W72/><G72/><T67/><D29/><U20/><E33/><V74/><F81/><W98/><G112/><T100/><D11/><U69/><E69/><V1/><F1/><W30/><G47/><T60/><D60/><AGARI ba="1,0" hai="22,24,30,36,37,60,64,71,90,94,98" m="50281" machi="60" ten="30,1500,0" yaku="19,1" doraHai="40" who="3" fromWho="0" sc="234,-18,377,0,253,0,136,18" /><INIT seed="7,2,0,4,3,27" ten="216,377,253,154" oya="3" hai0="9,98,73,95,6,91,97,71,110,63,90,130,34" hai1="92,96,53,125,124,65,16,42,116,114,107,30,58" hai2="103,78,31,101,133,108,69,127,106,129,74,38,1" hai3="52,80,67,4,122,21,48,19,43,10,57,39,134"/><W117/><G117/><T66/><D110/><U29/><E107/><V41/><RYUUKYOKU type="yao9" ba="2,0" sc="216,0,377,0,253,0,154,0" hai2="1,31,38,41,69,74,78,101,103,106,108,127,129,133" /><INIT seed="7,3,0,3,4,116" ten="216,377,253,154" oya="3" hai0="124,117,98,43,96,48,39,32,68,74,66,36,112" hai1="6,77,38,132,73,22,14,35,8,51,63,104,92" hai2="81,46,60,94,33,15,47,125,2,61,64,83,131" hai3="53,115,4,87,126,52,37,26,41,9,42,111,30"/><W50/><G111/><T91/><D32/><U99/><E104/><V101/><F33/><W103/><G115/><T119/><D74/><U130/><E38/><N who="0" m="14377" /><D91/><U17/><E35/><V79/><F2/><W56/><G126/><T82/><D82/><U76/><E73/><V34/><F34/><W1/><G103/><T107/><D107/><U55/><E130/><V10/><F131/><W134/><G134/><T49/><D98/><U129/><E129/><V95/><F125/><W90/><G26/><T75/><D96/><U108/><E108/><V59/><F61/><W28/><G53/><T135/><D75/><U13/><E63/><V84/><F83/><W93/><REACH who="3" step="1"/><G37/><REACH who="3" ten="216,377,253,144" step="2"/><T80/><D124/><U3/><E132/><V71/><F101/><W54/><G54/><T109/><D135/><U19/><E55/><V24/><F24/><W110/><G110/><T128/><D109/><U5/><E77/><V122/><F71/><W69/><G69/><T12/><D128/><U85/><E76/><V29/><F79/><W31/><AGARI ba="3,1" hai="1,4,9,28,30,31,41,42,50,52,56,87,90,93" machi="31" ten="30,6000,0" yaku="1,1,0,1,54,1,53,0" doraHai="116" doraHaiUra="72" who="3" fromWho="3" sc="216,-23,377,-23,253,-23,144,79" /><INIT seed="7,4,0,4,3,30" ten="193,354,230,223" oya="3" hai0="134,48,97,49,120,42,36,21,92,32,17,26,74" hai1="64,44,131,111,99,67,41,68,113,109,122,114,108" hai2="72,40,89,11,3,102,103,57,20,37,81,8,9" hai3="6,107,96,10,77,84,83,90,54,38,117,98,4"/><W125/><G117/><T61/><D120/><U46/><E122/><V93/><F3/><W12/><G125/><T55/><D74/><U135/><E131/><V80/><F72/><W85/><G38/><T78/><D134/><U66/><E135/><V58/><F37/><W100/><G98/><T29/><D78/><U56/><E99/><N who="2" m="57775" /><F40/><W7/><G54/><T16/><D36/><U101/><E101/><N who="2" m="38411" /><F20/><W129/><G129/><T110/><D110/><U112/><E68/><V25/><F25/><W31/><G31/><T43/><D61/><N who="1" m="37927" /><E46/><V52/><F58/><W71/><G71/><T28/><D32/><U86/><E86/><V124/><F124/><W50/><G50/><AGARI ba="4,0" hai="41,44,50,66,67,108,109,111,112,113,114" m="37927" machi="50" ten="40,5200,0" yaku="15,1,34,2" doraHai="30" who="1" fromWho="3" sc="193,0,354,64,230,0,223,-64" /><AGARI ba="4,0" hai="8,9,11,50,52,57,80,81" m="38411,57775" machi="50" ten="30,2000,0" yaku="8,1,54,1" doraHai="30" who="2" fromWho="3" sc="193,0,418,0,230,20,159,-20" owari="193,-21.0,418,52.0,250,5.0,139,-36.0" /></mjloggm>