<mjloggm ver="2.3"><GO type="97" lobby="0"/><UN n0="%E3%82%AD%E3%83%B3%E3%82%B1%E3%83%89%E3%82%A5%E3%83%BB%E3%83%8A%E3%82%A6" n1="%73%68%69%6D%61%6F%6F" n2="%E5%B0%B1%E6%B4%BB%E7%94%9F%40%E5%B7%9D%E6%9D%91%E8%BB%8D%E5%9B%A3" n3="%E5%AE%AE%E6%B0%B8%E5%92%B2%40" dan="15,13,15,13" rate="2009.75,1908.82,2034.83,1968.05" sx="M,M,M,M"/><TAIKYOKU oya="0"/><INIT seed="0,0,0,0,3,30" ten="250,250,250,250" oya="0" hai0="62,85,116,134,95,64,56,82,0,31,58,21,113" hai1="27,84,112,49,15,132,66,52,65,69,131,43,80" hai2="16,121,104,38,87,41,133,32,74,5,129,100,23" hai3="77,46,18,45,119,97,105,76,17,83,103,22,10"/><T33/><D113/><U13/><E131/><V57/><F74/><W86/><G119/><T40/><D116/><U108/><E112/><V92/><F121/><W81/><G10/><T118/><D118/><U12/><E132/><V24/><F133/><W19/><REACH who="3" step="1"/><G22/><REACH who="3" ten="250,250,250,240" step="2"/><T111/><D21/><U61/><E108/><V11/><F129/><W122/><G122/><T114/><D111/><U90/><E66/><V60/><F32/><W4/><G4/><T59/><D33/><U44/><REACH who="1" step="1"/><E27/><REACH who="1" ten="250,240,250,240" step="2"/><V53/><F24/><W88/><G88/><T123/><D64/><U3/><E3/><V20/><F100/><W73/><AGARI ba="0,2" hai="17,18,19,45,46,73,76,77,81,83,86,97,103,105" machi="73" ten="30,2000,0" yaku="1,1,0,1,53,0" doraHai="30" doraHaiUra="6" who="3" fromWho="3" sc="250,-10,240,-5,250,-5,240,40" /><INIT seed="1,0,0,1,4,64" ten="240,235,245,280" oya="1" hai0="93,128,11,111,25,34,29,131,95,127,51,60,135" hai1="100,36,87,44,43,132,108,37,82,107,10,114,46" hai2="74,33,76,22,41,14,3,96,17,68,109,16,52" hai3="6,125,122,113,62,84,99,117,104,78,24,105,110"/><U63/><E114/><V40/><F3/><W69/><G113/><T61/><D111/><U112/><E112/><V42/><F33/><W50/><G122/><T94/><D127/><U129/><E129/><N who="0" m="49737" /><D135/><U7/><E132/><V121/><F121/><W123/><G123/><T0/><D51/><U83/><E108/><V15/><F109/><W13/><G110/><T124/><D124/><U77/><E63/><V97/><F68/><W57/><G125/><T35/><D35/><U31/><E31/><V98/><F74/><W18/><G117/><T67/><D67/><U118/><E118/><V5/><F76/><W23/><G99/><T119/><D119/><U19/><E19/><V86/><F86/><W56/><G69/><T48/><D48/><U133/><E133/><V92/><F5/><AGARI ba="0,0" hai="0,5,11,25,29,34,60,61,93,94,95" m="49737" machi="5" ten="30,1000,0" yaku="19,1" doraHai="64" who="0" fromWho="2" sc="240,10,235,0,245,-10,280,0" /><INIT seed="2,0,0,5,0,28" ten="250,235,235,280" oya="2" hai0="107,9,24,7,52,85,112,63,110,45,97,50,23" hai1="62,1,15,83,106,86,128,47,73,37,48,43,79" hai2="129,118,66,102,116,29,60,131,51,0,92,84,53" hai3="121,34,95,33,75,20,109,80,125,35,65,42,55"/><V17/><F0/><W27/><G121/><T71/><D110/><U123/><E106/><V126/><F126/><W133/><G125/><T46/><D112/><U54/><E123/><V135/><F135/><W72/><G133/><T16/><D85/><U70/><E128/><N who="2" m="49227" /><F17/><W40/><G109/><T39/><D39/><U77/><E1/><V64/><F29/><W5/><G5/><T11/><D45/><U22/><E73/><V111/><F111/><W58/><G65/><N who="2" m="25193" /><F60/><W14/><G14/><T19/><D19/><U76/><E70/><V68/><F68/><W61/><G72/><T119/><D71/><U90/><E62/><V134/><F134/><W57/><G57/><T87/><D63/><U100/><E100/><V114/><F114/><W10/><G10/><T3/><D11/><U31/><E31/><V18/><F18/><W91/><G75/><T130/><D130/><U99/><E99/><N who="2" m="59751" /><F84/><W132/><G132/><T30/><D87/><U105/><E105/><V96/><F96/><N who="3" m="57471" /><G80/><T2/><D30/><U21/><REACH who="1" step="1"/><E15/><REACH who="1" ten="250,225,235,280" step="2"/><V32/><F32/><W74/><G74/><T115/><D2/><U8/><E8/><V88/><F88/><W36/><G61/><T82/><D9/><U89/><E89/><V38/><F38/><W104/><G36/><T81/><D3/><U12/><E12/><V56/><AGARI ba="0,1" hai="51,53,56,116,118" m="59751,25193,49227" machi="56" ten="30,1500,0" yaku="19,1" doraHai="28" who="2" fromWho="2" sc="250,-5,225,-5,235,25,280,-5" /><INIT seed="2,1,0,3,5,118" ten="245,220,260,275" oya="2" hai0="127,125,86,122,7,46,100,1,31,124,68,72,8" hai1="103,133,114,51,66,106,70,130,10,94,107,92,69" hai2="119,79,37,111,44,135,102,81,59,35,126,108,28" hai3="45,21,58,18,91,25,101,41,36,83,95,27,90"/><V14/><F119/><W117/><G117/><T67/><D72/><U19/><E114/><V30/><F102/><W38/><G101/><T134/><D134/><U84/><E133/><V61/><F135/><W99/><G58/><T53/><D100/><U65/><E130/><V74/><F126/><W75/><G27/><T131/><D131/><U116/><E116/><V17/><F44/><W16/><G18/><T89/><D31/><U52/><E84/><V24/><F37/><W23/><G23/><T33/><D33/><U48/><E10/><V82/><F30/><W49/><REACH who="3" step="1"/><G91/><REACH who="3" ten="245,220,260,265" step="2"/><T3/><D89/><U76/><E103/><V98/><F59/><W4/><G4/><T20/><D20/><U43/><E19/><V96/><F61/><W42/><G42/><T56/><D7/><U129/><E129/><V85/><F17/><W0/><G0/><T60/><D56/><U54/><E76/><AGARI ba="1,1" hai="16,21,25,36,38,41,45,49,75,76,83,90,95,99" machi="76" ten="40,2600,0" yaku="1,1,54,1,53,0" doraHai="118" doraHaiUra="112" who="3" fromWho="1" sc="245,0,220,-29,260,0,265,39" /><INIT seed="3,0,0,4,1,16" ten="245,191,260,304" oya="3" hai0="118,81,115,108,91,125,24,34,113,68,12,7,120" hai1="62,58,79,86,107,5,99,90,23,105,44,102,71" hai2="131,92,116,21,11,124,77,52,133,83,87,50,48" hai3="121,30,25,2,37,93,109,35,6,128,104,61,45"/><W134/><G104/><T135/><D118/><U28/><E71/><V56/><F116/><W43/><G121/><T1/><D120/><U74/><E5/><V72/><F131/><W126/><G128/><T18/><D108/><U117/><E117/><V38/><F38/><W97/><G109/><T129/><D129/><U84/><E44/><V73/><F124/><W46/><G126/><T123/><D123/><U75/><E107/><V60/><F133/><W95/><G134/><T65/><D125/><U114/><E114/><N who="0" m="43529" /><D135/><U89/><E79/><V94/><F11/><W20/><G35/><T3/><D65/><U47/><E47/><V101/><F73/><W14/><G46/><T64/><D64/><U19/><E28/><V27/><F72/><W51/><G37/><T22/><D68/><U4/><E4/><V49/><F101/><W132/><G132/><T29/><D91/><U110/><E110/><V36/><F36/><W103/><G2/><N who="0" m="523" /><D81/><U119/><E119/><V53/><F53/><W17/><G95/><T76/><D76/><U39/><E39/><V15/><F15/><W57/><G61/><T82/><D82/><U0/><E0/><V66/><F66/><W127/><G127/><T70/><D70/><U130/><E130/><V26/><F26/><W55/><G55/><T106/><D106/><U98/><E98/><V78/><F78/><W33/><G57/><T96/><D96/><U10/><E10/><V112/><F112/><W63/><G63/><T42/><D42/><U88/><E75/><V40/><F40/><W111/><G111/><T67/><D67/><RYUUKYOKU ba="0,0" sc="245,10,191,-30,260,10,304,10" hai0="7,12,18,22,24,29,34" hai2="21,27,48,49,50,52,56,60,77,83,87,92,94" hai3="6,14,17,20,25,30,33,43,45,51,93,97,103" owari="255,-14.0,161,-34.0,270,7.0,314,41.0" /></mjloggm>