<mjloggm ver="2.3"><GO type="169" lobby="0"/><UN n0="%E4%B8%80%E9%96%83%E3%81%95%E3%82%93" n1="%E3%82%A6%E3%83%AB%E3%83%88%E3%83%A9%E7%AB%8B%E7%9B%B4" n2="%69%6E%66%6F%31%32%33" n3="%E5%90%89%E8%A1%8C%E5%BF%97%E9%A6%99%E5%AD%90" dan="17,17,16,16" rate="2116.37,2128.76,2071.92,2054.82" sx="M,M,M,M"/><TAIKYOKU oya="0"/><INIT seed="0,0,0,3,3,10" ten="250,250,250,250" oya="0" hai0="26,80,116,14,126,135,16,31,120,46,65,8,110" hai1="112,36,119,117,105,102,23,130,76,53,134,82,47" hai2="3,114,50,18,54,118,121,94,97,89,34,79,127" hai3="70,6,132,27,40,115,103,57,33,71,22,128,32"/><T51/><D116/><U129/><E102/><V45/><F114/><W90/><G115/><T21/><D120/><U9/><E105/><V41/><F121/><W87/><G128/><N who="1" m="49258" /><E112/><V72/><F34/><W52/><G132/><T108/><D126/><U30/><E9/><V78/><F127/><W37/><G103/><T24/><D135/><U84/><E134/><V11/><F72/><W17/><G6/><T99/><D65/><U106/><E106/><V43/><F118/><W58/><G58/><T56/><D56/><U75/><E75/><V38/><F43/><W113/><G113/><T12/><D99/><U13/><E30/><V20/><F11/><W5/><G5/><T59/><D59/><U0/><E0/><V88/><F89/><W77/><G77/><T96/><D96/><U63/><E63/><V93/><F93/><W29/><G40/><T133/><D133/><U35/><E35/><V100/><F3/><W101/><G37/><T86/><D8/><U69/><E69/><V125/><F100/><W44/><G44/><T42/><D31/><U48/><E36/><V124/><F124/><W7/><G7/><T95/><D95/><U73/><E73/><V111/><F125/><W4/><G4/><T92/><D92/><U122/><E122/><V62/><F62/><W81/><G101/><T67/><D67/><U66/><E66/><V19/><F19/><AGARI ba="0,0" hai="13,19,23,47,48,53,76,82,84,117,119" m="49258" machi="19" ten="30,2000,0" yaku="19,1,52,1" doraHai="10" who="1" fromWho="2" sc="250,0,250,20,250,-20,250,0" /><INIT seed="1,0,0,0,3,133" ten="250,270,230,250" oya="1" hai0="21,5,49,109,92,11,97,35,59,79,9,31,56" hai1="95,71,60,16,62,25,34,44,130,98,26,120,50" hai2="94,90,29,76,132,3,63,69,6,93,42,38,129" hai3="124,14,121,77,58,115,80,43,22,4,113,53,127"/><U110/><E120/><V84/><F132/><W23/><G121/><T47/><D109/><U68/><E110/><V107/><F107/><W78/><G43/><T8/><D35/><U73/><E73/><V7/><F29/><W116/><G116/><T54/><D5/><U86/><E86/><V17/><F76/><N who="3" m="29291" /><G80/><T12/><D79/><U112/><E112/><N who="3" m="43082" /><G14/><T27/><REACH who="0" step="1"/><D12/><REACH who="0" ten="240,270,230,250" step="2"/><U99/><E34/><V81/><F3/><W28/><G4/><T74/><D74/><U75/><E75/><V24/><F7/><W123/><G123/><T48/><D48/><U19/><E50/><V126/><F6/><W72/><G72/><T96/><D96/><U118/><E118/><V13/><F13/><W37/><G37/><T131/><D131/><U33/><E33/><V88/><F129/><W2/><G2/><T64/><D64/><U32/><E32/><V61/><F38/><W105/><G23/><T55/><D55/><U0/><E0/><V51/><F51/><W67/><G67/><T85/><D85/><U104/><E130/><V125/><F42/><W108/><G108/><T65/><D65/><U87/><E87/><V66/><F63/><W102/><G22/><T106/><D106/><U101/><E104/><V91/><F81/><W39/><G39/><T10/><N who="0" m="2048" /><DORA hai="36" /><T20/><D20/><U40/><E62/><V100/><F84/><W41/><G105/><T128/><D128/><U103/><E60/><V89/><F93/><W30/><G41/><T119/><D119/><U1/><E1/><V135/><F135/><W46/><G53/><T111/><D111/><RYUUKYOKU ba="0,1" sc="240,30,270,-10,230,-10,250,-10" hai0="21,27,31,47,49,54,56,59,92,97" /><INIT seed="2,1,1,1,2,92" ten="270,260,220,240" oya="2" hai0="135,114,110,57,115,85,13,7,124,60,21,77,44" hai1="50,93,0,104,22,62,15,43,36,132,76,8,127" hai2="122,128,107,54,5,38,71,11,130,111,84,100,29" hai3="20,32,119,64,134,88,30,31,28,113,120,61,82"/><V70/><F122/><W63/><G120/><T89/><D124/><U26/><E104/><V18/><F38/><W105/><G119/><T47/><D135/><U66/><E0/><V81/><F18/><W25/><G134/><T42/><D110/><U9/><E36/><V41/><F41/><W75/><G113/><T19/><D77/><U2/><E2/><V10/><F29/><W80/><G105/><T94/><D7/><U40/><E127/><V117/><F117/><W91/><G32/><T86/><D86/><U46/><E76/><V72/><F72/><W37/><G37/><T98/><D85/><U108/><E108/><V65/><F54/><W133/><G133/><T4/><D4/><U74/><E74/><V101/><F111/><W23/><G75/><T121/><D121/><U6/><E9/><N who="2" m="3083" /><F5/><W103/><G103/><N who="2" m="39497" /><F65/><W58/><G64/><T79/><D79/><U129/><E43/><V102/><F102/><W51/><G31/><T112/><REACH who="0" step="1"/><D42/><REACH who="0" ten="260,260,220,240" step="2"/><U59/><E132/><V27/><F107/><W14/><G80/><T123/><D123/><U53/><E40/><V118/><F84/><W106/><G82/><T1/><D1/><U17/><REACH who="1" step="1"/><E93/><REACH who="1" ten="260,250,220,240" step="2"/><V52/><F118/><W67/><G106/><T35/><D35/><U131/><AGARI ba="1,3" hai="6,8,15,17,22,26,46,50,53,59,62,66,129,131" machi="131" ten="30,7900,0" yaku="1,1,2,1,0,1,53,1" doraHai="92" doraHaiUra="49" who="1" fromWho="1" sc="260,-21,250,112,220,-40,240,-21" /><INIT seed="3,0,0,0,2,37" ten="239,362,180,219" oya="3" hai0="105,18,69,126,33,82,111,71,93,87,75,125,29" hai1="40,56,73,26,94,121,119,98,54,0,113,86,38" hai2="117,51,92,124,20,118,3,35,133,2,14,116,58" hai3="104,110,62,9,122,72,90,130,42,19,78,102,108"/><W49/><G122/><T128/><D105/><U96/><E0/><N who="2" m="43" /><F92/><W80/><G130/><T1/><D1/><U91/><E73/><V106/><F58/><W114/><G114/><T7/><D7/><U135/><E113/><V57/><F57/><W89/><G62/><T53/><D75/><U123/><E135/><V44/><F106/><W25/><G9/><T107/><D107/><U27/><E119/><V28/><F51/><W17/><G25/><N who="0" m="18607" /><D93/><U59/><E94/><V50/><F50/><W21/><G21/><T68/><D18/><N who="3" m="6665" /><G102/><T85/><D82/><U12/><E38/><V115/><F115/><W5/><G5/><T45/><D128/><U76/><E59/><V31/><F44/><N who="3" m="25751" /><G104/><T70/><D70/><U15/><E27/><N who="2" m="18943" /><F133/><W84/><G72/><T32/><D45/><U77/><E56/><V60/><F60/><W34/><G34/><T22/><D32/><U24/><E121/><V61/><F61/><W6/><G6/><T30/><D71/><U79/><E123/><V11/><F124/><W103/><G103/><T63/><D69/><U47/><E47/><V41/><F41/><W8/><G8/><T100/><D100/><U109/><E40/><V39/><F39/><W10/><G10/><T88/><D68/><U43/><E43/><V36/><F36/><W129/><G129/><T48/><D125/><U131/><E131/><V83/><F11/><W66/><G66/><T81/><D126/><U120/><E120/><V23/><F118/><W64/><G64/><T67/><D67/><U13/><E54/><V74/><F117/><W65/><G65/><RYUUKYOKU ba="0,0" sc="239,-10,362,-10,180,-10,219,30" hai3="78,80,84,89,90,108,110" /><INIT seed="3,1,0,2,0,3" ten="229,352,170,249" oya="3" hai0="19,69,62,0,116,53,34,99,104,41,132,83,76" hai1="2,71,30,4,117,59,16,80,7,126,23,125,75" hai2="18,129,105,55,56,15,74,47,96,39,50,73,12" hai3="17,11,13,70,135,107,124,43,98,101,10,44,72"/><W91/><G70/><T94/><D116/><U22/><E71/><V58/><F129/><W51/><G72/><T113/><D132/><U122/><E2/><V21/><F39/><W67/><G135/><T86/><D113/><U40/><E122/><V103/><F12/><W14/><G67/><T9/><D41/><U32/><E40/><V102/><F102/><W133/><G133/><T57/><D34/><U5/><E117/><V66/><F66/><W26/><G124/><N who="1" m="47722" /><E59/><V118/><F118/><W110/><G110/><T123/><D123/><U64/><E64/><V79/><F79/><W112/><G112/><T114/><D69/><U88/><E16/><V65/><F65/><W28/><G91/><T128/><D128/><U33/><E30/><V121/><F121/><W46/><G46/><T49/><D114/><U25/><E25/><V35/><F35/><N who="1" m="13385" /><E88/><V24/><F58/><W89/><G89/><T45/><D19/><U95/><E95/><V63/><F24/><W82/><G26/><T54/><D94/><U68/><E68/><V119/><F119/><W37/><G28/><T100/><D9/><U115/><E115/><V97/><F97/><W78/><G37/><T36/><D36/><U85/><E85/><V31/><F31/><W93/><G93/><T106/><D0/><U134/><E134/><V120/><F120/><W8/><G14/><T108/><D106/><U77/><AGARI ba="1,0" hai="4,5,7,22,23,75,77,80" m="13385,47722" machi="77" ten="40,8000,1" yaku="18,1,52,3" doraHai="3" who="1" fromWho="1" sc="229,-21,352,83,170,-21,249,-41" /><INIT seed="4,0,0,3,1,59" ten="208,435,149,208" oya="0" hai0="42,43,112,14,91,11,94,44,73,78,79,76,5" hai1="20,81,60,124,125,123,134,63,30,74,122,32,8" hai2="97,71,89,16,107,23,35,108,19,46,135,119,85" hai3="68,133,58,80,106,86,62,24,118,92,9,64,83"/><T93/><D112/><U67/><E32/><V66/><F108/><W10/><G118/><T33/><D33/><U132/><E8/><V26/><F135/><N who="1" m="51753" /><E20/><V111/><F111/><W12/><G106/><T84/><D73/><U29/><E30/><V53/><F35/><W17/><G133/><T21/><D44/><U65/><E29/><V36/><F119/><W31/><G68/><T49/><D49/><U15/><E15/><V96/><F107/><W114/><G114/><T98/><REACH who="0" step="1"/><D21/><REACH who="0" ten="198,435,149,208" step="2"/><U18/><E74/><V100/><F46/><W88/><G10/><T90/><AGARI ba="0,1" hai="5,11,14,42,43,76,78,79,84,90,91,93,94,98" machi="90" ten="30,11700,0" yaku="1,1,2,1,0,1,8,1,53,0" doraHai="59" doraHaiUra="61" who="0" fromWho="0" sc="198,127,435,-39,149,-39,208,-39" /><INIT seed="4,1,0,5,3,111" ten="325,396,110,169" oya="0" hai0="50,59,80,128,134,112,6,104,119,70,100,42,17" hai1="45,11,78,18,31,37,94,1,92,40,51,84,81" hai2="133,25,99,55,23,106,44,3,98,38,124,129,79" hai3="69,82,60,116,66,88,47,29,8,64,7,73,71"/><T76/><D119/><U72/><E31/><V121/><F3/><W57/><G116/><T109/><D70/><U130/><E130/><V34/><F34/><W114/><G114/><T95/><D128/><U85/><E18/><V93/><F129/><W75/><G29/><T97/><D109/><U86/><REACH who="1" step="1"/><E51/><REACH who="1" ten="325,386,110,169" step="2"/><V54/><F38/><W117/><G117/><T22/><D17/><U4/><AGARI ba="1,1" hai="1,4,11,37,40,45,72,78,81,84,85,86,92,94" machi="4" ten="30,8000,1" yaku="1,1,2,1,0,1,25,2,53,0" doraHai="111" doraHaiUra="67" who="1" fromWho="1" sc="325,-41,386,93,110,-21,169,-21" /><INIT seed="5,0,0,5,2,70" ten="284,479,89,148" oya="1" hai0="34,71,108,68,101,51,92,40,33,90,7,65,13" hai1="126,121,12,53,47,55,95,78,31,4,16,30,63" hai2="66,82,122,89,109,21,75,49,0,135,94,46,91" hai3="103,125,59,112,118,37,93,15,99,36,62,19,116"/><U123/><E4/><V87/><F109/><W96/><G112/><T27/><D101/><U131/><E78/><V76/><F0/><W42/><G125/><T134/><D71/><U77/><E77/><V88/><F122/><W119/><G42/><T86/><D27/><U23/><E126/><V17/><F66/><N who="3" m="39263" /><G96/><T100/><D100/><U73/><E73/><V38/><F135/><W60/><G60/><T72/><D72/><U61/><E131/><V20/><F20/><AGARI ba="0,0" hai="15,19,20,36,37,93,99,103,116,118,119" m="39263" machi="20" ten="30,3900,0" yaku="12,1,52,2" doraHai="70" who="3" fromWho="2" sc="284,0,479,0,89,-39,148,39" /><INIT seed="6,0,0,5,3,46" ten="284,479,50,187" oya="2" hai0="48,57,101,53,4,82,87,47,129,14,40,134,22" hai1="107,19,39,113,95,5,88,110,72,43,108,66,49" hai2="109,97,59,38,70,135,77,68,119,55,69,111,25" hai3="12,127,76,0,50,93,21,36,63,131,67,52,9"/><V104/><F119/><W56/><G36/><T61/><D129/><U51/><E5/><V29/><F38/><W80/><G131/><T3/><D3/><U83/><E66/><V64/><F77/><W10/><G127/><T114/><D134/><U126/><E19/><V84/><F135/><W62/><G0/><T103/><D114/><U102/><E43/><V13/><F84/><N who="3" m="48135" /><G93/><T128/><D128/><U115/><E126/><V74/><F74/><W133/><G133/><T33/><D33/><U106/><E95/><V121/><F121/><W60/><G67/><T18/><D4/><U98/><E83/><V65/><F13/><W123/><G123/><T44/><D44/><U91/><E98/><V32/><F97/><W41/><G41/><T130/><D130/><U92/><E92/><V112/><F112/><W81/><G81/><T8/><D22/><U58/><E39/><V35/><F104/><W7/><G7/><T1/><D1/><U78/><E78/><AGARI ba="0,0" hai="8,14,18,40,47,48,53,57,61,78,82,87,101,103" machi="78" ten="30,3900,0" yaku="7,1,8,1,52,1" doraHai="46" who="0" fromWho="1" sc="284,39,479,-39,50,0,187,0" /><INIT seed="7,0,0,2,4,27" ten="323,440,50,187" oya="3" hai0="17,33,32,97,106,103,22,19,120,10,66,126,40" hai1="94,9,30,56,99,122,7,86,104,13,31,52,75" hai2="35,15,60,25,28,36,81,43,105,121,116,63,87" hai3="79,85,44,0,110,107,21,48,134,74,46,119,57"/><W47/><G119/><T89/><D120/><U58/><E75/><V80/><F105/><W18/><G107/><T72/><D126/><U11/><E58/><V23/><F116/><W39/><G74/><T101/><D40/><U70/><E70/><V135/><F135/><W88/><G0/><T124/><D124/><U45/><E45/><V129/><F129/><W64/><G134/><T41/><D41/><U112/><E112/><V3/><F121/><W49/><G110/><T37/><D37/><U14/><E86/><V91/><F3/><W69/><G79/><T100/><D72/><U109/><E104/><V1/><F1/><W131/><G39/><T65/><D106/><U38/><E38/><V98/><F36/><W42/><G69/><T113/><D10/><U61/><E122/><V62/><F43/><W73/><G73/><T2/><D2/><U76/><E76/><V78/><F15/><N who="3" m="9439" /><G131/><T114/><D89/><N who="1" m="55759" /><E109/><V20/><F35/><W77/><G77/><T51/><D51/><U111/><E111/><V26/><F98/><W16/><G16/><AGARI ba="0,0" hai="7,9,11,13,14,16,30,31,52,56,61" m="55759" machi="16" ten="30,8000,1" yaku="8,1,52,2,54,2" doraHai="27" who="1" fromWho="3" sc="323,0,440,80,50,0,187,-80" owari="323,12.0,520,62.0,50,-45.0,107,-29.0" /></mjloggm>