<mjloggm ver="2.3"><GO type="169" lobby="0"/><UN n0="%E3%82%A6%E3%83%AB%E3%83%88%E3%83%A9%E7%AB%8B%E7%9B%B4" n1="%4E%61%6E%6F%4E%61%6E%6F" n2="%E3%83%94%E3%82%B3%E3%83%9E%E3%82%B9%E3%83%86%E3%82%A3%E3%83%95" n3="%E3%81%BE%E3%81%95%E3%82%8B%E3%81%95%E3%82%93%E3%80%82%E3%80%82" dan="17,16,16,16" rate="2165.34,2084.56,2147.63,2054.51" sx="M,M,M,M"/><TAIKYOKU oya="0"/><INIT seed="0,0,0,5,3,57" ten="250,250,250,250" oya="0" hai0="2,14,67,54,100,11,68,131,115,86,18,88,8" hai1="40,135,118,117,58,97,113,22,31,99,66,69,90" hai2="124,92,73,1,134,10,51,52,91,116,7,119,82" hai3="132,76,44,15,42,0,5,85,123,55,71,26,127"/><T130/><D100/><U21/><E69/><V53/><F124/><W25/><G132/><T95/><D115/><U23/><E113/><V20/><F134/><W104/><G127/><T27/><D27/><N who="1" m="16879" /><E117/><N who="2" m="45131" /><F20/><N who="1" m="7721" /><E135/><V16/><F16/><W93/><G15/><T83/><D54/><U111/><E111/><V50/><F82/><W80/><G0/><T112/><D112/><U103/><E103/><V125/><F73/><W122/><G5/><T32/><D32/><U62/><E40/><V84/><F125/><W61/><G93/><T70/><D2/><U81/><E118/><V74/><F74/><W37/><G104/><T4/><D4/><U45/><E45/><N who="2" m="27727" /><F53/><W60/><G55/><T63/><D8/><U87/><AGARI ba="0,0" hai="58,62,66,81,87,90,97,99" m="7721,16879" machi="87" ten="30,2000,0" yaku="8,1,52,1" doraHai="57" who="1" fromWho="1" sc="250,-10,250,20,250,-5,250,-5" /><INIT seed="1,0,0,4,1,80" ten="240,270,245,245" oya="1" hai0="34,91,86,92,114,82,88,31,33,12,116,20,57" hai1="22,90,87,9,36,18,15,107,96,11,56,28,69" hai2="42,10,122,103,49,99,50,43,4,44,68,111,45" hai3="67,23,125,19,48,3,113,26,126,81,128,101,35"/><U94/><E69/><V131/><F122/><W21/><G128/><T7/><D114/><U38/><E28/><V78/><F131/><W124/><G113/><T118/><D57/><U110/><E110/><V130/><F130/><W55/><G3/><T102/><D102/><U8/><REACH who="1" step="1"/><E56/><REACH who="1" ten="240,260,245,245" step="2"/><V83/><F111/><W121/><G124/><T133/><D31/><U16/><E16/><V24/><F68/><W59/><G59/><T71/><D71/><U84/><E84/><V13/><F24/><W77/><G19/><T73/><D73/><U123/><E123/><V32/><F32/><W132/><G35/><T98/><D34/><U70/><E70/><V29/><F29/><W109/><G26/><T52/><D33/><U58/><E58/><V0/><F99/><W134/><G109/><T108/><D108/><U95/><E95/><V40/><F103/><AGARI ba="0,1" hai="8,9,11,15,18,22,36,38,87,90,94,96,103,107" machi="103" ten="40,12000,1" yaku="1,1,52,1,53,3" doraHai="80" doraHaiUra="5" who="1" fromWho="2" sc="240,0,260,130,245,-120,245,0" /><INIT seed="1,1,0,4,4,8" ten="240,390,125,245" oya="1" hai0="125,22,12,61,33,25,38,42,1,36,10,82,21" hai1="30,126,27,109,45,112,64,2,6,114,128,130,131" hai2="53,15,48,122,4,113,37,135,103,104,90,74,7" hai3="51,132,133,29,127,57,70,56,99,123,106,84,121"/><U35/><E64/><V24/><F122/><W116/><G70/><T11/><D82/><U67/><E67/><V14/><F37/><W95/><G127/><T47/><D38/><U39/><E126/><V18/><F74/><W117/><G29/><N who="0" m="19631" /><D61/><U19/><E109/><V52/><F135/><N who="3" m="51787" /><G57/><T31/><D47/><U92/><E92/><V68/><F68/><W76/><G56/><T119/><D42/><N who="1" m="22751" /><E19/><V134/><F134/><W102/><G51/><T40/><D40/><U80/><E80/><V101/><F113/><W0/><G0/><T108/><D36/><U62/><E62/><V63/><F104/><W13/><G13/><N who="2" m="4617" /><F90/><N who="3" m="53703" /><G76/><T100/><D100/><N who="2" m="38474" /><F63/><W91/><G91/><T81/><D125/><U77/><E77/><V65/><F65/><W110/><G110/><T69/><D69/><U23/><E35/><V85/><F85/><W78/><G78/><T44/><D108/><U49/><E112/><V105/><F105/><W96/><G96/><T34/><D1/><U59/><E114/><V72/><F72/><W124/><G124/><T88/><D34/><U115/><E115/><V97/><F97/><W83/><G83/><T46/><D81/><U66/><E66/><V111/><F111/><W75/><G75/><T26/><D88/><U32/><E32/><V71/><F71/><W17/><G123/><T98/><D98/><U43/><E2/><V107/><F107/><W118/><G121/><T89/><D89/><U86/><E86/><V79/><F79/><W58/><G117/><T60/><D119/><U28/><E131/><V50/><F50/><W73/><G118/><RYUUKYOKU ba="1,0" sc="240,0,390,0,125,0,245,0" /><INIT seed="2,2,0,3,0,32" ten="240,390,125,245" oya="2" hai0="107,89,126,20,106,103,44,104,67,65,74,56,77" hai1="19,45,113,4,92,83,73,98,33,80,63,131,9" hai2="0,57,95,82,53,70,10,55,86,43,26,58,112" hai3="28,135,51,93,12,85,111,110,128,13,105,34,101"/><V38/><F112/><W108/><G128/><T78/><D44/><U36/><E33/><V16/><F70/><W22/><G135/><T17/><D103/><U25/><E113/><V96/><F38/><W81/><G34/><T124/><D89/><N who="1" m="55567" /><E36/><V130/><F130/><W30/><G105/><T121/><D121/><U69/><E69/><V23/><F43/><W62/><G93/><T99/><D99/><U133/><E73/><V50/><F0/><W122/><G122/><T117/><D117/><U39/><E39/><V91/><F10/><W120/><G101/><T11/><D11/><U88/><E133/><V35/><F35/><W123/><G51/><T31/><D31/><N who="3" m="11817" /><G62/><T5/><D5/><U1/><E63/><V68/><F68/><W116/><G116/><T94/><D94/><U134/><E4/><V90/><REACH who="2" step="1"/><F55/><REACH who="2" ten="240,390,115,245" step="2"/><W49/><G120/><T41/><D41/><U59/><E9/><V66/><F66/><W76/><G123/><T114/><D114/><U8/><E1/><V102/><F102/><W119/><G119/><T87/><D67/><U14/><E8/><V84/><F84/><W15/><G108/><T29/><D87/><U7/><E131/><V40/><F40/><W18/><G110/><T61/><D74/><U64/><E64/><V109/><F109/><W132/><G111/><T54/><D65/><U27/><E134/><V71/><F71/><W75/><G132/><T6/><D54/><U72/><E72/><V97/><F97/><W2/><G2/><T42/><D42/><U127/><E7/><V37/><F37/><W79/><G75/><RYUUKYOKU ba="2,1" sc="240,-10,390,-10,115,30,245,-10" hai2="16,23,26,50,53,57,58,82,86,90,91,95,96" /><INIT seed="2,3,1,4,1,120" ten="230,380,145,235" oya="2" hai0="48,77,86,87,16,17,55,107,110,121,100,125,34" hai1="45,114,82,84,104,88,130,98,131,36,8,46,83" hai2="28,38,25,31,103,67,68,26,50,75,56,63,111" hai3="95,119,14,80,70,66,43,118,15,133,74,65,3"/><V99/><F75/><W81/><G3/><T39/><D39/><U13/><E114/><V23/><F38/><W132/><G43/><T4/><D34/><U117/><E117/><N who="3" m="44554" /><G95/><T127/><D4/><N who="1" m="3207" /><E36/><V12/><F12/><N who="3" m="4651" /><G70/><T73/><D73/><U49/><E83/><N who="3" m="31818" /><G74/><T5/><D5/><U53/><E104/><N who="2" m="63615" /><F50/><W106/><G106/><T42/><D42/><U59/><E98/><V1/><F56/><W37/><G37/><T108/><D121/><U21/><E21/><V27/><F1/><W93/><G93/><T122/><D122/><U61/><E49/><V91/><F91/><W35/><G35/><T71/><D71/><U57/><E59/><V7/><F7/><W11/><G11/><T47/><D77/><U116/><E116/><V90/><F90/><W72/><G72/><T64/><D107/><U76/><E76/><V69/><F69/><W6/><G6/><T29/><D100/><U51/><E51/><V52/><F26/><W109/><G109/><N who="0" m="42091" /><D64/><AGARI ba="3,1" hai="64,65,66,132,133" m="31818,4651,44554" machi="64" ten="40,2600,0" yaku="28,2" doraHai="120" who="3" fromWho="0" sc="230,-35,380,0,145,0,235,45" /><INIT seed="3,0,0,3,1,96" ten="195,380,145,280" oya="3" hai0="93,70,40,5,98,36,29,111,135,65,115,82,27" hai1="131,43,97,37,73,64,72,20,89,117,79,112,50" hai2="3,0,66,7,24,126,38,9,14,80,49,21,125" hai3="39,69,61,62,44,18,95,71,122,19,56,67,130"/><W16/><G130/><T91/><D115/><U25/><E112/><V83/><F38/><W120/><G95/><T2/><D135/><U6/><E37/><V102/><F66/><W123/><REACH who="3" step="1"/><G62/><REACH who="3" ten="195,380,145,270" step="2"/><T87/><D93/><U108/><E131/><V134/><F134/><W118/><G118/><T124/><D82/><U110/><E117/><V22/><F80/><W35/><G35/><T74/><D124/><U86/><E108/><V4/><F83/><W23/><G23/><T94/><D111/><U54/><E20/><V13/><F22/><W12/><G12/><T33/><D94/><U10/><E110/><V90/><F125/><W116/><G116/><T106/><D33/><U107/><E107/><V11/><F126/><W127/><G127/><T30/><D106/><U113/><E113/><V55/><F21/><W114/><G114/><T77/><D2/><U42/><E10/><V68/><F9/><W8/><G8/><T109/><D109/><U105/><E105/><V52/><F11/><W48/><G48/><T121/><D36/><U63/><E50/><V46/><F49/><W103/><G103/><T1/><D1/><U45/><E63/><V60/><F60/><W133/><G133/><T17/><D121/><U47/><E25/><V41/><F24/><W119/><G119/><T51/><D27/><U81/><E81/><V104/><F104/><W53/><G53/><T85/><D51/><U26/><E54/><V78/><F3/><W84/><G84/><T129/><D87/><U34/><E86/><V31/><F52/><W75/><G75/><T32/><D74/><RYUUKYOKU ba="0,1" sc="195,-10,380,-10,145,-10,270,30" hai3="16,18,19,39,44,56,61,67,69,71,120,122,123" /><INIT seed="3,1,1,4,0,118" ten="185,370,135,300" oya="3" hai0="8,4,44,72,115,31,114,0,116,25,107,97,82" hai1="123,23,92,93,10,28,121,38,67,26,84,88,85" hai2="126,34,7,77,51,71,132,5,104,6,1,63,30" hai3="96,22,80,46,27,101,12,112,108,130,33,39,127"/><W113/><G127/><T11/><D116/><U117/><E38/><V37/><F37/><W105/><G130/><T70/><D70/><U99/><E117/><V53/><F126/><W83/><G33/><N who="0" m="20719" /><D44/><U91/><E67/><V106/><F1/><W48/><G39/><T133/><D11/><U90/><E10/><V17/><F77/><W65/><G12/><T62/><D62/><U60/><E60/><V87/><F17/><N who="3" m="12751" /><G65/><T89/><D89/><U124/><E124/><V20/><F34/><W19/><G19/><T120/><D133/><U110/><E110/><V129/><F87/><W54/><G108/><T79/><D120/><U56/><E56/><V47/><F129/><W13/><G13/><T58/><D58/><U43/><E43/><V94/><F132/><W103/><G103/><AGARI ba="1,1" hai="0,4,8,72,79,82,97,103,107,114,115" m="20719" machi="103" ten="30,1000,0" yaku="23,1" doraHai="118" who="0" fromWho="3" sc="185,23,370,0,135,0,300,-13" /><INIT seed="4,0,0,3,0,48" ten="208,370,135,287" oya="0" hai0="87,100,50,94,105,77,45,56,135,4,131,80,15" hai1="43,121,1,42,124,38,16,51,86,61,127,78,2" hai2="130,113,97,12,95,39,106,36,96,47,119,18,0" hai3="98,103,64,14,32,49,126,129,91,76,133,84,7"/><T74/><D131/><U11/><E38/><V54/><F0/><W59/><G7/><T82/><D135/><U115/><E121/><V116/><F130/><W28/><G76/><T63/><D105/><U81/><E61/><V107/><F113/><W10/><G32/><T69/><D69/><U5/><E115/><V21/><F107/><W22/><G22/><T101/><D94/><U104/><E104/><V134/><F134/><W89/><G98/><T132/><D132/><U55/><E16/><N who="2" m="10375" /><F106/><W123/><G103/><T92/><D92/><U34/><E34/><V67/><F67/><W19/><G64/><N who="0" m="39015" /><D82/><U60/><E60/><V117/><F18/><W33/><G19/><T128/><D128/><U71/><E71/><V30/><F30/><W41/><G28/><T122/><D122/><U17/><E17/><V46/><F97/><W25/><G25/><T73/><D74/><U83/><E83/><V29/><F29/><W120/><G120/><T110/><D73/><U108/><E108/><V26/><F26/><W53/><G123/><T6/><D110/><U75/><E75/><V44/><F54/><W88/><G53/><N who="0" m="29903" /><D6/><U20/><E5/><V23/><F23/><W118/><G33/><T3/><D3/><U66/><E20/><V68/><F68/><W93/><G129/><T109/><D109/><U112/><E1/><V90/><AGARI ba="0,0" hai="36,39,44,46,47,90,95,96,116,117,119" m="10375" machi="90" ten="40,2700,0" yaku="12,1,54,1" doraHai="48" who="2" fromWho="2" sc="208,-13,370,-7,135,27,287,-7" /><INIT seed="5,0,0,4,1,132" ten="195,363,162,280" oya="1" hai0="107,91,70,77,54,27,124,3,65,108,121,94,134" hai1="74,92,98,114,28,17,106,34,80,33,69,15,118" hai2="62,120,68,85,48,76,95,101,0,105,29,13,30" hai3="102,88,67,81,130,103,123,26,60,83,57,116,66"/><U126/><E126/><V131/><F0/><W99/><G130/><T133/><D107/><U78/><E118/><V112/><F120/><W97/><G116/><T49/><D3/><U11/><E69/><V25/><F131/><W50/><G123/><T56/><D108/><U55/><E106/><V52/><F112/><W125/><G125/><T117/><D117/><U12/><E114/><V8/><F105/><W42/><G67/><T21/><D121/><U32/><E55/><V36/><F36/><W10/><G26/><T73/><D124/><U2/><E2/><V53/><F68/><W115/><G10/><T6/><D6/><U4/><E28/><V7/><F101/><W35/><G35/><T104/><D104/><U22/><REACH who="1" step="1"/><E32/><REACH who="1" ten="195,353,162,280" step="2"/><V127/><F127/><W111/><G115/><T37/><D70/><U47/><E47/><N who="2" m="27679" /><F53/><W96/><G111/><T75/><D134/><U31/><E31/><V71/><F71/><W87/><G66/><T90/><D65/><U45/><E45/><V41/><F41/><W89/><G42/><T24/><D54/><U113/><E113/><V93/><F30/><W23/><G57/><T1/><D56/><U109/><E109/><V43/><F43/><W39/><G60/><T86/><D1/><U129/><E129/><V61/><F61/><W64/><G64/><T40/><D40/><U20/><E20/><N who="2" m="15527" /><F62/><W38/><G38/><T122/><D37/><U84/><E84/><V9/><F9/><W46/><G87/><N who="0" m="52575" /><D133/><U135/><E135/><V16/><F7/><W128/><G128/><T51/><D122/><U44/><E44/><RYUUKYOKU ba="0,1" sc="195,-15,353,15,162,15,280,-15" hai1="4,11,12,15,17,22,33,34,74,78,80,92,98" hai2="8,13,16,76,85,93,95" /><INIT seed="5,1,1,1,1,67" ten="180,368,177,265" oya="1" hai0="118,70,111,20,86,13,81,108,56,59,19,58,34" hai1="57,127,82,133,24,115,114,77,28,4,12,36,69" hai2="129,49,83,119,16,21,50,126,53,109,131,63,104" hai3="124,72,23,43,26,46,31,95,15,107,8,91,93"/><U37/><E69/><V97/><F109/><W6/><G107/><T7/><D118/><U44/><E57/><N who="2" m="35247" /><F119/><W47/><G124/><T65/><D34/><N who="1" m="20743" /><E127/><V87/><F126/><W17/><G72/><T123/><D123/><U3/><E12/><N who="2" m="9351" /><F104/><W27/><G91/><T71/><D7/><U132/><E44/><V113/><F113/><N who="1" m="43017" /><E4/><V35/><F35/><W76/><G76/><T78/><REACH who="0" step="1"/><D65/><REACH who="0" ten="170,368,177,265" step="2"/><U84/><E3/><V32/><F32/><W79/><G6/><T33/><D33/><U41/><E36/><V48/><F131/><W134/><G43/><T92/><D92/><U25/><E41/><V14/><F129/><W116/><G93/><T112/><D112/><U121/><E37/><V29/><F29/><W11/><G95/><T90/><D90/><U45/><E121/><V89/><F97/><W120/><G31/><T106/><D106/><U42/><E42/><V98/><F98/><W99/><G99/><T30/><D30/><U105/><E105/><V64/><F64/><W102/><G116/><T51/><D51/><U62/><E82/><V135/><F135/><W128/><G134/><T80/><D80/><U9/><E133/><V22/><F49/><W75/><G120/><T39/><D39/><U52/><E132/><V61/><F61/><W100/><G128/><T55/><D55/><U5/><E52/><V18/><AGARI ba="1,2" hai="14,18,22,48,50,83,87,89" m="9351,35247" machi="18" ten="30,2000,0" yaku="8,1,54,1" doraHai="67" who="2" fromWho="2" sc="170,-6,368,-11,177,43,265,-6" /><INIT seed="6,0,0,0,3,78" ten="164,357,220,259" oya="2" hai0="62,33,128,56,85,67,19,22,43,100,133,113,16" hai1="10,59,74,14,115,3,84,116,106,86,68,97,91" hai2="7,131,34,99,93,79,102,40,63,44,12,90,17" hai3="51,80,11,95,98,108,38,71,4,1,109,96,127"/><V122/><F122/><W8/><G127/><T53/><D33/><U103/><E68/><V45/><F34/><W37/><G71/><T101/><D113/><U55/><E74/><V20/><F131/><W76/><G51/><T107/><D128/><U92/><E115/><V27/><F79/><W13/><G96/><T112/><D112/><U24/><E24/><V6/><F45/><W72/><G108/><T5/><D133/><U61/><E3/><V29/><F102/><W50/><G50/><T75/><D75/><U35/><E35/><V49/><REACH who="2" step="1"/><F63/><REACH who="2" ten="164,357,210,259" step="2"/><W36/><G109/><T87/><D43/><U110/><E110/><V28/><F28/><W111/><G111/><T129/><D129/><U48/><E61/><V66/><F66/><W23/><G76/><T30/><D67/><U114/><E114/><V52/><F52/><W64/><G64/><T118/><D101/><U120/><E120/><V132/><F132/><W0/><G72/><T130/><D100/><U124/><E124/><V32/><AGARI ba="0,1" hai="6,7,12,17,20,27,29,32,40,44,49,90,93,99" machi="32" ten="20,3900,0" yaku="1,1,0,1,7,1,53,0" doraHai="78" doraHaiUra="82" who="2" fromWho="2" sc="164,-13,357,-13,210,49,259,-13" /><INIT seed="6,1,0,5,4,62" ten="151,344,259,246" oya="2" hai0="107,42,68,119,58,65,59,63,11,82,73,45,94" hai1="77,61,21,12,93,30,16,78,22,116,66,134,36" hai2="85,15,89,20,129,55,111,112,47,8,9,28,113" hai3="96,133,104,76,52,27,7,56,121,26,109,92,110"/><V29/><F129/><W24/><G104/><T6/><D107/><U67/><E36/><V132/><F47/><W70/><G70/><T54/><D119/><U50/><E116/><V103/><F103/><W4/><G121/><T48/><D94/><U44/><E134/><V2/><F55/><W53/><G133/><T18/><D18/><N who="1" m="10439" /><E30/><V14/><F85/><W122/><G76/><N who="1" m="29290" /><E61/><V120/><F89/><W46/><G122/><T38/><D82/><U60/><E60/><V105/><F105/><W57/><G109/><T3/><REACH who="0" step="1"/><D59/><REACH who="0" ten="141,344,259,246" step="2"/><N who="3" m="22601" /><G110/><T117/><D117/><U74/><E93/><V108/><F132/><W13/><G7/><T127/><D127/><U115/><E16/><N who="2" m="10271" /><F120/><W83/><G83/><T72/><AGARI ba="1,1" hai="3,6,11,38,42,45,48,54,58,63,65,68,72,73" machi="72" ten="30,8000,1" yaku="1,1,0,1,24,2,52,1,53,0" doraHai="62" doraHaiUra="128" who="0" fromWho="0" sc="141,93,344,-21,259,-41,246,-21" /><INIT seed="7,0,0,4,3,94" ten="234,323,218,225" oya="3" hai0="37,33,20,73,18,131,108,21,10,110,2,43,134" hai1="127,54,116,5,61,71,112,53,66,12,81,7,99" hai2="49,60,4,114,109,42,129,40,51,15,25,118,90" hai3="76,9,92,45,41,30,64,102,17,38,123,107,125"/><W105/><G123/><T34/><D73/><U50/><E112/><V44/><F109/><W88/><G64/><T130/><D43/><U121/><E121/><V89/><F118/><W56/><G56/><T26/><D37/><U111/><E127/><V115/><F129/><N who="0" m="49162" /><D134/><U95/><E111/><N who="0" m="42537" /><D21/><U11/><E81/><V39/><F25/><W59/><G59/><T62/><D62/><U106/><E106/><V69/><F60/><W104/><G125/><T80/><D80/><U65/><E61/><V14/><F69/><W93/><G93/><T22/><D20/><U32/><E71/><V119/><F119/><W103/><G76/><T87/><D87/><U63/><E116/><V100/><F39/><W28/><G102/><T117/><D117/><U35/><E63/><V122/><F122/><W46/><G103/><T3/><D10/><U120/><E11/><V77/><F100/><W135/><G135/><T0/><AGARI ba="0,0" hai="0,2,3,18,22,26,33,34" m="42537,49162" machi="0" ten="40,5200,0" yaku="19,1,34,2" doraHai="94" who="0" fromWho="0" sc="234,52,323,-13,218,-13,225,-26" owari="286,9.0,310,40.0,205,-19.0,199,-30.0" /></mjloggm>