<mjloggm ver="2.3"><GO type="41" lobby="0"/><UN n0="%68%61%6E%69%74%61%6B%61" n1="%E3%82%A4%E3%82%B5%E3%83%83%E3%83%81%EF%BC%A0" n2="%E5%B0%B1%E6%B4%BB%E7%94%9F%40%E5%B7%9D%E6%9D%91%E8%BB%8D%E5%9B%A3" n3="%46%69%72%73%74" dan="14,13,15,15" rate="1935.67,1906.81,1958.10,1936.92" sx="M,M,M,M"/><TAIKYOKU oya="0"/><INIT seed="0,0,0,3,4,49" ten="250,250,250,250" oya="0" hai0="25,18,10,126,85,33,68,119,101,40,76,28,112" hai1="8,77,74,93,81,62,96,79,42,13,130,55,82" hai2="15,104,84,20,64,11,135,16,132,113,60,44,86" hai3="125,78,54,127,94,103,102,21,124,3,0,129,22"/><T46/><D112/><U71/><E130/><V100/><F113/><W88/><G78/><T83/><D119/><U51/><E42/><V2/><F104/><W66/><G66/><T7/><D126/><U26/><E26/><V4/><F100/><N who="3" m="38443" /><G129/><T48/><D68/><U69/><E62/><V70/><REACH who="2" step="1"/><F44/><REACH who="2" ten="250,250,240,250" step="2"/><W90/><G90/><T115/><D115/><U118/><E79/><V45/><F45/><W34/><G34/><T91/><D101/><U43/><E43/><V122/><F122/><W14/><G14/><N who="0" m="5471" /><D91/><U92/><E118/><V58/><F58/><W31/><G0/><T27/><D18/><U63/><E77/><V59/><F59/><W41/><G41/><T61/><D27/><U47/><E47/><V6/><F6/><W99/><G3/><T128/><D128/><U121/><E69/><V12/><F12/><W19/><G19/><T39/><D39/><U109/><E13/><V56/><F56/><W32/><G31/><T50/><D50/><U73/><E51/><V75/><F75/><W65/><G32/><T29/><D29/><U106/><E73/><V1/><F1/><W123/><G123/><T111/><D111/><U133/><E74/><V80/><F80/><W57/><G65/><T67/><D67/><U108/><E71/><V116/><F116/><W120/><G120/><T38/><D38/><U35/><E121/><V72/><F72/><W52/><G57/><T107/><D107/><U36/><E106/><V30/><F30/><W17/><G17/><T110/><D110/><U5/><E109/><V105/><F105/><W95/><G95/><RYUUKYOKU ba="0,1" sc="250,10,250,-30,240,10,250,10" hai0="25,28,33,40,46,48,61,76,83,85" hai2="2,4,11,15,16,20,60,64,70,84,86,132,135" hai3="21,22,52,54,88,94,99,124,125,127" /><INIT seed="0,1,1,1,3,99" ten="260,220,250,260" oya="0" hai0="125,68,81,55,132,40,110,79,107,113,18,22,78" hai1="14,80,83,6,44,123,52,10,53,59,26,108,103" hai2="16,95,66,114,91,75,109,102,54,0,12,96,56" hai3="85,29,37,82,43,112,89,20,92,38,86,13,9"/><T131/><D113/><U4/><E123/><V111/><F114/><W30/><G112/><T129/><D125/><U98/><E108/><N who="2" m="41547" /><F75/><W48/><G38/><T76/><D110/><U121/><E121/><V35/><F0/><W2/><G2/><T65/><D132/><U100/><E4/><V5/><F5/><N who="3" m="3247" /><G37/><T19/><D40/><U46/><E26/><V60/><F35/><W39/><G39/><T47/><D107/><U105/><E53/><V90/><F66/><W57/><G20/><AGARI ba="1,1" hai="12,16,20,54,56,60,90,91,95,96,102" m="41547" machi="20" ten="30,3900,0" yaku="14,1,52,1,54,1" doraHai="99" who="2" fromWho="3" sc="260,0,220,0,250,52,260,-42" /><INIT seed="1,0,0,2,2,101" ten="260,220,302,218" oya="1" hai0="64,102,132,112,61,65,20,99,41,72,116,19,39" hai1="78,114,92,66,17,57,126,55,89,111,54,124,86" hai2="33,131,130,40,84,27,30,100,93,129,10,53,31" hai3="107,36,47,98,49,81,16,3,117,32,120,108,42"/><U103/><E114/><V21/><F40/><W12/><G108/><T94/><D112/><U76/><E111/><V125/><F125/><N who="1" m="48233" /><E17/><V79/><F10/><W70/><G120/><T23/><D116/><U43/><E43/><V121/><F121/><W29/><G117/><T25/><D132/><U11/><E11/><V85/><F79/><N who="1" m="30249" /><E103/><V44/><F31/><W63/><G3/><T48/><D72/><U68/><E68/><V88/><F100/><W24/><G81/><T77/><D77/><U83/><E83/><V2/><F2/><W109/><G109/><T52/><D39/><U56/><E66/><V87/><REACH who="2" step="1"/><F33/><REACH who="2" ten="260,220,292,218" step="2"/><W75/><G32/><T128/><D41/><U4/><E4/><V134/><F134/><W13/><G29/><N who="0" m="17575" /><D128/><U45/><E45/><V80/><F80/><W95/><G47/><N who="0" m="27679" /><D61/><U106/><E106/><V122/><F122/><W118/><G63/><T105/><D105/><U26/><E26/><AGARI ba="0,1" hai="19,23,26,64,65,94,99,102" m="27679,17575" machi="26" ten="30,2000,0" yaku="8,1,54,1" doraHai="101" who="0" fromWho="1" sc="260,30,220,-20,292,0,218,0" /><INIT seed="2,0,0,5,1,119" ten="290,200,292,218" oya="2" hai0="65,99,43,33,47,130,103,52,96,71,95,18,131" hai1="20,45,117,124,114,1,0,122,32,66,39,14,46" hai2="90,67,97,44,28,50,26,75,91,104,70,53,78" hai3="112,22,23,74,93,41,34,100,94,8,89,4,13"/><V38/><F38/><W72/><G112/><T76/><D71/><U105/><E105/><V55/><F75/><W57/><G34/><T116/><D65/><U106/><E117/><V111/><F78/><W31/><G31/><T115/><D115/><U102/><E114/><V81/><F111/><W73/><G41/><T25/><D116/><U129/><E32/><V68/><F81/><W123/><G123/><T21/><D76/><U16/><E122/><V24/><F55/><W40/><G40/><T110/><D110/><U37/><E124/><V11/><F26/><W135/><G135/><T128/><D52/><U6/><E66/><V79/><F11/><W59/><G100/><T69/><D69/><U120/><E120/><V64/><F79/><W126/><G126/><T56/><D56/><U27/><E129/><V17/><F67/><W15/><G89/><T62/><D62/><U5/><E102/><V48/><F48/><W92/><G8/><T80/><D80/><U85/><E106/><V3/><F3/><W121/><G4/><N who="1" m="1642" /><E85/><V84/><F68/><W86/><G86/><T58/><D58/><N who="3" m="22025" /><G121/><T109/><D109/><U98/><E98/><V127/><F84/><W108/><G108/><T12/><D99/><U36/><E27/><V125/><F97/><W88/><G88/><N who="2" m="33833" /><F104/><W49/><G49/><N who="0" m="26879" /><D25/><U82/><E82/><V134/><F134/><W42/><G42/><T51/><D51/><U30/><E30/><V2/><F2/><N who="1" m="1129" /><E14/><AGARI ba="0,0" hai="13,14,15,22,23,72,73,74,92,93,94" m="22025" machi="14" ten="40,2600,0" yaku="28,2" doraHai="119" who="3" fromWho="1" sc="290,0,200,-26,292,0,218,26" /><INIT seed="3,0,0,1,2,46" ten="290,174,292,244" oya="3" hai0="5,93,17,91,75,111,36,16,103,110,86,82,88" hai1="44,66,127,114,58,6,30,62,2,100,61,43,131" hai2="37,116,115,47,105,23,81,32,9,18,19,102,70" hai3="60,106,20,125,96,52,27,99,22,13,98,80,117"/><W135/><G117/><T95/><D36/><U124/><E114/><V38/><F32/><W120/><G120/><T3/><D75/><U122/><E122/><V104/><F70/><W1/><G1/><T97/><D3/><U0/><E131/><V92/><F115/><W51/><G135/><T84/><REACH who="0" step="1"/><D5/><REACH who="0" ten="280,174,292,244" step="2"/><U8/><E2/><V25/><F116/><W26/><G106/><T128/><D128/><U49/><E6/><V107/><F104/><W101/><G101/><T65/><D65/><U78/><E66/><V112/><F105/><W59/><G125/><T57/><D57/><U55/><E58/><V67/><F107/><W130/><G130/><T118/><D118/><U33/><E0/><V79/><F102/><W119/><G119/><T68/><D68/><U24/><E100/><V56/><F38/><W53/><G80/><T71/><D71/><U76/><E124/><V40/><F112/><W85/><G85/><T77/><D77/><U39/><E76/><V7/><F92/><W69/><G69/><T48/><D48/><U21/><E78/><V83/><F79/><W42/><G42/><T29/><D29/><U31/><E31/><V90/><F90/><W121/><G121/><T15/><D15/><U45/><E30/><V87/><F87/><W123/><G123/><T113/><D113/><U10/><E43/><V63/><F19/><AGARI ba="0,1" hai="16,17,19,82,84,86,88,91,93,95,97,103,110,111" machi="19" ten="40,5200,0" yaku="1,1,54,2,53,0" doraHai="46" doraHaiUra="132" who="0" fromWho="2" sc="280,62,174,0,292,-52,244,0" /><INIT seed="4,0,0,2,4,95" ten="342,174,240,244" oya="0" hai0="8,113,89,22,107,34,111,20,16,94,117,82,80" hai1="36,66,39,5,127,37,99,90,7,61,38,109,45" hai2="84,70,27,40,122,72,51,124,83,92,11,81,130" hai3="93,125,4,48,69,131,35,106,59,41,97,110,133"/><T54/><D117/><U78/><E78/><V24/><F70/><W53/><G110/><T105/><D34/><U73/><E73/><V102/><F122/><W62/><G106/><T57/><D113/><U98/><E109/><V87/><F124/><W32/><G133/><T21/><D111/><U12/><E127/><V10/><F130/><W77/><G4/><T118/><D118/><U100/><E90/><V3/><F3/><W119/><G131/><T115/><D115/><U46/><N who="1" m="9216" /><DORA hai="9" /><U112/><E112/><V129/><F129/><W96/><G77/><T134/><D134/><U135/><E135/><V76/><F72/><W88/><G69/><T6/><D107/><U103/><E61/><V65/><F65/><W116/><G125/><T55/><D105/><U15/><E66/><V47/><F92/><W121/><G121/><T44/><D6/><N who="1" m="2059" /><E45/><V60/><F102/><N who="1" m="38953" /><E46/><V74/><F60/><W64/><G62/><T31/><D44/><U42/><E42/><V63/><F63/><W91/><G41/><T13/><D55/><U114/><E114/><V23/><F74/><W68/><G64/><T28/><D54/><U108/><E108/><V2/><F2/><W50/><G68/><T19/><D57/><U75/><E75/><V126/><F27/><W1/><G53/><T85/><D19/><U30/><E30/><AGARI ba="0,0" hai="8,13,16,20,21,22,28,30,31,80,82,85,89,94" machi="30" ten="40,7700,0" yaku="8,1,52,1,54,1" doraHai="95,9" who="0" fromWho="1" sc="342,77,174,-77,240,0,244,0" /><INIT seed="4,1,0,1,1,103" ten="419,97,240,244" oya="0" hai0="109,57,31,39,108,40,124,98,19,25,83,24,11" hai1="86,81,7,100,42,125,92,58,3,5,118,77,9" hai2="64,44,74,27,132,53,112,104,89,12,117,32,45" hai3="107,129,71,85,94,114,70,76,55,130,30,79,91"/><T0/><D124/><U23/><E125/><V120/><F74/><W126/><G126/><T134/><D134/><U110/><E110/><N who="0" m="42601" /><D31/><U101/><E118/><V49/><F117/><W87/><G30/><T69/><D69/><U63/><E42/><V105/><F120/><W127/><G127/><T115/><D115/><U22/><E7/><V99/><F64/><W122/><G114/><T60/><D98/><U34/><E34/><V17/><F45/><W2/><G2/><T18/><D83/><U15/><E3/><V102/><F112/><W88/><G122/><T73/><D73/><U121/><E121/><V113/><F113/><W6/><G6/><N who="0" m="1479" /><D40/><U61/><E61/><V93/><F132/><W41/><G41/><T26/><D39/><U38/><E38/><V46/><F46/><W43/><G43/><T36/><D36/><U62/><E63/><V51/><F51/><W68/><G55/><AGARI ba="1,0" hai="18,19,24,25,26,55,57,60" m="1479,42601" machi="55" ten="30,1500,0" yaku="10,1" doraHai="103" who="0" fromWho="3" sc="419,18,97,0,240,0,244,-18" /><INIT seed="4,2,0,3,4,45" ten="437,97,240,226" oya="0" hai0="17,113,122,105,60,109,129,96,110,10,126,19,87" hai1="44,82,48,41,62,85,47,100,72,76,63,68,79" hai2="16,59,7,66,88,70,132,14,124,13,74,27,9" hai3="107,97,23,36,80,115,5,103,38,120,106,34,35"/><T3/><D122/><U93/><E68/><V101/><F70/><W81/><G115/><T83/><D113/><U52/><E72/><V58/><F74/><W11/><G120/><T54/><D126/><U69/><E69/><V121/><F121/><W65/><G65/><T117/><D117/><U1/><E1/><V51/><F101/><W2/><G23/><T86/><D129/><U112/><E112/><V37/><F37/><W125/><G125/><T128/><D128/><U102/><E76/><V114/><F132/><W42/><G107/><T78/><D87/><U50/><E100/><V123/><F123/><W89/><G89/><T4/><D60/><U127/><E127/><V15/><F114/><W30/><G80/><T131/><D131/><U119/><E119/><V43/><F124/><W135/><G135/><T90/><D54/><U53/><E41/><V98/><F27/><N who="3" m="18783" /><G42/><T104/><D90/><U39/><E39/><N who="3" m="14890" /><G81/><T92/><D92/><U134/><E134/><V26/><F26/><W28/><G28/><T24/><D24/><U91/><E79/><V56/><F66/><W55/><G55/><T8/><D8/><U20/><E20/><V32/><F32/><AGARI ba="2,0" hai="2,5,11,32,35,97,103,106" m="14890,18783" machi="32" ten="30,2000,0" yaku="33,2" doraHai="45" who="3" fromWho="2" sc="437,0,97,0,240,-26,226,26" /><INIT seed="5,0,0,2,4,57" ten="437,97,214,252" oya="1" hai0="96,90,97,8,118,75,39,103,106,95,109,2,80" hai1="98,19,94,15,45,78,18,126,124,44,37,27,47" hai2="135,101,100,86,21,48,73,92,107,110,91,30,60" hai3="121,79,76,72,117,1,104,114,81,88,9,99,6"/><U128/><E78/><V35/><F110/><W112/><G121/><T85/><D39/><U83/><E83/><V41/><F135/><W131/><G131/><T59/><D59/><U84/><E84/><V89/><F73/><W28/><G117/><T132/><D8/><U69/><E69/><V123/><F123/><W125/><G125/><N who="1" m="48234" /><E128/><V5/><F35/><W20/><G79/><N who="0" m="44159" /><D2/><U7/><E37/><V38/><F38/><W3/><G81/><N who="0" m="49455" /><D109/><U12/><E7/><V134/><F107/><W43/><G104/><T40/><D40/><U74/><E74/><V77/><F77/><W52/><G76/><T105/><D118/><U34/><E34/><V70/><F5/><W36/><G6/><T31/><D31/><U127/><N who="1" m="48242" /><U33/><DORA hai="22" /><E33/><V66/><F91/><W55/><G88/><N who="0" m="55399" /><D132/><U13/><E27/><N who="2" m="16751" /><F134/><W17/><G1/><T67/><D67/><U63/><E63/><V116/><F116/><W62/><G72/><T50/><D50/><U26/><E26/><V61/><F70/><W115/><G3/><T65/><D65/><U23/><E23/><V87/><F87/><W58/><G20/><T0/><D0/><U129/><E129/><V130/><F130/><W108/><G9/><T29/><D29/><U53/><E53/><V102/><F66/><W51/><G55/><T54/><D54/><U71/><E71/><V32/><F32/><W4/><G52/><T122/><D122/><U119/><E119/><V68/><F68/><W133/><G133/><T11/><D11/><U25/><E25/><V113/><F113/><W82/><G114/><RYUUKYOKU ba="0,0" sc="437,10,97,10,214,10,252,-30" hai0="97,103,105,106" hai1="12,13,15,18,19,44,45,47,94,98" hai2="41,48,60,61,86,89,92,100,101,102" /><INIT seed="5,1,0,1,5,98" ten="447,107,224,222" oya="1" hai0="135,85,45,35,116,61,25,112,60,115,4,49,51" hai1="126,0,5,14,73,1,58,18,100,118,13,3,19" hai2="12,20,29,37,11,99,16,67,52,125,15,97,8" hai3="104,122,70,86,83,87,57,42,114,101,105,74,92"/><U32/><E118/><V47/><F125/><W63/><G70/><T26/><D116/><U94/><E73/><V124/><F124/><W77/><G122/><T36/><D135/><U48/><E32/><V6/><F67/><W54/><G114/><N who="0" m="43563" /><D4/><U65/><E126/><V23/><F37/><W33/><G33/><T21/><D36/><U121/><E121/><V91/><F91/><W2/><G42/><T103/><D103/><U82/><E82/><V108/><F108/><W110/><G2/><T39/><D39/><U123/><E123/><V66/><F66/><W96/><G110/><T106/><D106/><U129/><E129/><V79/><F79/><W71/><G71/><T76/><D35/><U111/><E111/><V81/><F81/><W31/><G31/><N who="0" m="17839" /><D26/><U109/><E109/><V43/><F43/><W7/><G7/><T119/><D119/><U50/><E19/><V89/><F29/><W22/><G22/><N who="2" m="8233" /><F89/><W88/><G74/><T62/><D45/><U84/><E5/><V46/><F46/><W64/><G64/><T75/><D75/><U90/><E100/><V69/><F69/><W68/><G68/><T132/><D132/><U56/><E14/><V53/><F47/><W128/><G128/><T117/><D117/><U34/><E34/><V95/><F95/><AGARI ba="1,0" hai="54,57,63,77,83,86,87,88,92,95,96,101,104,105" machi="95" ten="30,3900,0" yaku="7,1,52,1,54,1" doraHai="98" who="3" fromWho="2" sc="447,0,107,0,224,-42,222,42" /><INIT seed="6,0,0,0,0,8" ten="447,107,182,264" oya="2" hai0="46,59,102,119,62,71,130,128,17,2,111,95,27" hai1="118,13,12,109,23,120,24,5,78,108,77,0,26" hai2="10,125,133,81,33,65,98,75,39,131,15,134,85" hai3="45,115,76,41,73,11,47,29,107,32,100,22,54"/><V30/><F39/><W89/><G115/><T117/><D111/><N who="1" m="42571" /><E78/><V74/><F65/><W80/><G32/><T58/><D2/><U97/><E77/><N who="2" m="46255" /><F125/><W114/><G114/><T84/><D46/><U82/><E82/><V53/><F131/><N who="0" m="50218" /><D71/><U49/><E97/><V83/><F53/><W3/><G89/><N who="0" m="53671" /><D102/><U50/><E50/><V96/><F30/><W116/><G22/><N who="0" m="13775" /><D62/><U132/><E49/><V66/><F33/><W7/><G47/><T37/><D37/><U55/><E55/><V56/><F56/><AGARI ba="0,0" hai="56,58,59,117,119" m="13775,53671,50218" machi="56" ten="30,1000,0" yaku="19,1" doraHai="8" who="0" fromWho="2" sc="447,10,107,0,182,-10,264,0" /><INIT seed="7,0,0,3,3,117" ten="457,107,172,264" oya="3" hai0="123,131,33,103,134,19,38,14,11,74,68,128,59" hai1="23,104,29,107,72,81,108,90,46,54,98,113,94" hai2="18,25,132,50,100,78,8,71,135,97,91,51,61" hai3="92,76,49,67,20,60,85,73,69,110,2,10,44"/><W70/><G110/><T86/><D123/><U6/><E6/><V130/><F78/><W80/><G20/><T65/><D74/><U88/><E29/><V75/><F75/><W28/><G28/><T118/><D118/><U35/><E35/><V116/><F116/><W30/><G30/><T124/><D38/><U37/><E23/><V112/><F112/><W26/><G26/><T41/><D41/><U48/><E108/><V125/><F91/><N who="1" m="34857" /><E37/><V45/><F125/><W120/><G73/><T93/><D33/><U27/><E27/><V12/><F25/><W106/><G106/><N who="1" m="40490" /><E54/><V95/><F130/><N who="0" m="49706" /><D68/><U7/><E48/><V22/><F22/><W16/><G92/><T122/><D122/><U52/><E52/><V57/><F71/><W21/><G120/><T24/><D24/><U96/><E46/><V99/><F99/><N who="1" m="37929" /><E7/><V9/><F9/><W121/><G121/><T39/><D39/><U40/><E40/><V83/><F50/><W42/><G70/><T5/><D5/><U34/><E34/><V63/><F57/><W105/><G105/><T43/><D43/><U62/><E62/><V31/><F61/><W64/><G64/><T79/><D59/><U101/><E113/><V0/><F63/><W1/><G10/><T66/><D124/><U4/><E4/><V15/><F51/><W56/><G69/><T13/><D13/><U111/><E111/><V3/><F45/><W115/><G115/><T82/><D134/><U126/><E126/><V17/><F31/><W58/><G56/><T114/><D114/><U36/><E36/><V84/><F132/><RYUUKYOKU ba="0,0" sc="457,15,107,-15,172,-15,264,15" hai0="11,14,19,65,66,79,82,86,93,103" hai3="1,2,16,21,42,44,49,58,60,67,76,80,85" /><INIT seed="7,1,0,1,4,127" ten="472,92,157,279" oya="3" hai0="118,42,129,95,16,96,7,49,107,25,73,112,38" hai1="33,23,121,86,46,28,63,83,132,71,70,85,82" hai2="108,110,113,130,126,43,22,102,17,12,122,40,131" hai3="11,26,98,45,20,37,72,62,120,91,13,88,14"/><W74/><G120/><T56/><D118/><U35/><E121/><V99/><F122/><W4/><G14/><T64/><D129/><N who="2" m="49162" /><F113/><W114/><G114/><T109/><D112/><U44/><E23/><V103/><F126/><W29/><G62/><T59/><D109/><N who="2" m="42090" /><F103/><W117/><G117/><T66/><D73/><U119/><E119/><V69/><F69/><W135/><G135/><T84/><D38/><U78/><E63/><V101/><F101/><W125/><G125/><T106/><D106/><U34/><E28/><V75/><F75/><W67/><G67/><N who="0" m="25643" /><D7/><U105/><E105/><V3/><F3/><W10/><G11/><T87/><D107/><AGARI ba="1,0" hai="12,17,22,40,43,99,102,107" m="42090,49162" machi="107" ten="30,7700,0" yaku="19,1,52,3" doraHai="127" who="2" fromWho="0" sc="472,-80,92,0,157,80,279,0" owari="392,49.0,92,-41.0,237,-16.0,279,8.0" /></mjloggm>