<mjloggm ver="2.3"><GO type="97" lobby="0"/><UN n0="%E5%B0%B1%E6%B4%BB%E7%94%9F%40%E5%B7%9D%E6%9D%91%E8%BB%8D%E5%9B%A3" n1="%69%6B%65%70%61%6B%69%32" n2="%74%6F%6F%73%68%69%72%6F" n3="%E3%83%99%E3%83%AB%E3%83%88%E3%83%AD" dan="15,15,15,13" rate="2057.27,2013.88,1956.37,1836.64" sx="M,M,M,F"/><TAIKYOKU oya="0"/><INIT seed="0,0,0,3,5,28" ten="250,250,250,250" oya="0" hai0="9,116,33,74,134,73,37,49,44,45,82,123,99" hai1="121,113,21,31,0,89,111,72,15,46,23,112,39" hai2="58,60,69,4,119,67,120,1,64,108,132,10,6" hai3="2,48,59,50,12,104,86,51,135,11,70,62,76"/><T95/><D116/><U75/><E111/><V7/><F108/><W84/><G104/><T30/><D123/><U3/><E121/><V110/><F132/><W90/><G2/><T83/><D134/><U5/><E89/><V57/><F119/><W42/><G70/><T114/><D114/><N who="1" m="44139" /><E39/><V52/><F120/><W125/><G86/><T54/><D37/><U40/><E46/><V93/><F110/><W26/><G26/><T32/><D45/><U27/><E40/><V20/><F20/><N who="1" m="7753" /><E75/><V87/><F67/><W122/><G135/><T133/><D133/><U130/><E72/><V118/><F69/><W56/><G122/><T13/><D30/><U92/><E92/><V25/><F25/><W71/><G71/><T91/><D74/><U115/><N who="1" m="44147" /><U78/><DORA hai="127" /><E78/><V38/><F38/><W96/><G96/><T43/><D43/><U55/><E55/><V36/><F36/><W77/><G42/><T100/><D100/><U128/><E15/><V68/><F68/><W8/><G8/><T22/><D22/><N who="1" m="15863" /><E5/><V98/><F87/><W65/><G59/><T34/><REACH who="0" step="1"/><D73/><REACH who="0" ten="240,250,250,250" step="2"/><U63/><E63/><V41/><F41/><W105/><G105/><T66/><D66/><U117/><E117/><V53/><F64/><W107/><G107/><T17/><AGARI ba="0,1" hai="9,13,17,32,33,34,44,49,54,82,83,91,95,99" machi="17" ten="30,24000,3" yaku="1,1,0,1,52,3,53,4" doraHai="28,127" doraHaiUra="29,94" who="0" fromWho="0" sc="240,250,250,-80,250,-80,250,-80" /><INIT seed="0,1,0,2,3,88" ten="490,170,170,170" oya="0" hai0="25,87,106,69,49,93,130,72,80,13,81,73,11" hai1="110,0,113,124,91,121,104,116,40,39,75,52,83" hai2="6,46,58,97,19,105,55,50,9,28,12,7,56" hai3="84,133,48,64,111,59,27,122,114,128,109,60,5"/><T65/><D106/><U57/><E57/><BYE who="1" /><V78/><F28/><W21/><G114/><T68/><D130/><U92/><E92/><V89/><F78/><UN n1="%69%6B%65%70%61%6B%69%32" /><W43/><G122/><T82/><D25/><U45/><E91/><V107/><F107/><W10/><G128/><T74/><D49/><U63/><E83/><V90/><F90/><W101/><G101/><T117/><D117/><U26/><E52/><N who="2" m="31767" /><F105/><W71/><G133/><T4/><D65/><U98/><E63/><N who="2" m="36319" /><F46/><W86/><G43/><T31/><D31/><U18/><E98/><V102/><F102/><W14/><G48/><T96/><REACH who="0" step="1"/><D87/><REACH who="0" ten="480,170,170,170" step="2"/><U94/><E116/><V53/><F53/><W120/><G120/><T127/><D127/><U22/><E124/><V126/><F126/><W131/><G131/><T20/><D20/><U67/><E22/><V95/><AGARI ba="1,1" hai="6,7,9,12,19,89,95,97" m="36319,31767" machi="95" ten="30,4000,0" yaku="8,1,52,1,54,1" doraHai="88" who="2" fromWho="2" sc="480,-21,170,-11,170,53,170,-11" /><INIT seed="1,0,0,2,2,12" ten="459,159,223,159" oya="1" hai0="80,89,123,91,68,14,30,63,15,127,17,16,8" hai1="74,125,114,11,128,94,47,24,33,6,53,72,130" hai2="64,97,46,71,133,129,121,99,43,35,73,103,79" hai3="60,54,124,118,135,110,9,85,67,7,38,117,126"/><U107/><E107/><V48/><F99/><W42/><G85/><T90/><D127/><N who="3" m="48681" /><G9/><N who="0" m="6223" /><D68/><U119/><E125/><V134/><F35/><W21/><G21/><T84/><D123/><U93/><E114/><V131/><F64/><W25/><G25/><T108/><D108/><U0/><E119/><N who="3" m="45578" /><G7/><T44/><D63/><U29/><E93/><V50/><F71/><N who="3" m="42471" /><G135/><T19/><D30/><U51/><REACH who="1" step="1"/><E94/><REACH who="1" ten="459,149,223,159" step="2"/><V56/><F134/><W27/><G110/><T32/><D32/><U95/><E95/><V57/><F133/><W111/><G111/><T5/><D44/><U40/><E40/><V88/><F46/><W58/><G27/><T36/><D36/><U100/><E100/><V81/><F103/><W122/><G122/><T86/><D86/><U34/><E34/><V28/><F121/><W102/><G102/><T49/><D49/><U61/><E61/><V132/><F48/><W98/><G98/><T78/><AGARI ba="0,1" hai="5,8,15,17,19,78,80,84,89,90,91" m="6223" machi="78" ten="30,8000,1" yaku="8,1,52,3,54,1" doraHai="12" who="0" fromWho="0" sc="459,90,149,-40,223,-20,159,-20" /><INIT seed="2,0,0,3,2,33" ten="549,109,203,139" oya="2" hai0="72,107,26,108,63,135,16,92,131,91,49,132,4" hai1="109,20,53,1,50,46,128,103,122,74,81,24,59" hai2="96,134,58,113,29,126,18,83,93,95,27,51,70" hai3="54,90,118,127,89,31,124,129,3,64,38,82,78"/><V10/><F70/><W67/><G38/><T65/><D107/><U97/><E109/><V2/><F113/><W56/><G118/><T22/><D72/><U7/><E128/><V30/><F95/><W85/><G31/><T55/><D108/><U15/><E122/><V111/><F111/><W13/><G13/><T17/><D4/><U68/><E68/><V9/><F9/><W112/><G112/><T23/><D131/><U76/><E76/><V88/><F83/><W0/><G67/><T87/><D63/><U80/><E15/><V114/><F114/><W14/><G14/><N who="0" m="9495" /><D65/><U41/><E74/><V84/><F96/><W130/><G64/><T45/><D135/><U25/><E25/><V100/><F100/><W19/><G19/><T36/><D36/><U42/><E42/><V39/><F39/><W37/><G37/><T86/><D132/><U6/><E6/><V47/><F58/><W66/><G66/><T94/><D94/><U106/><E7/><V133/><F133/><W104/><G104/><T119/><D119/><U98/><E98/><AGARI ba="0,0" hai="17,23,26,45,49,55,86,87,91,92,98" m="9495" machi="98" ten="30,2000,0" yaku="8,1,54,1" doraHai="33" who="0" fromWho="1" sc="549,20,109,-20,203,0,139,0" /><INIT seed="3,0,0,4,4,119" ten="569,89,203,139" oya="3" hai0="75,81,113,129,3,52,55,107,64,45,63,51,84" hai1="6,35,38,131,93,39,60,15,22,76,33,32,67" hai2="132,96,49,122,65,41,62,9,4,125,88,24,83" hai3="43,56,71,89,16,54,44,87,126,1,92,110,23"/><W128/><G1/><T57/><D3/><U37/><E131/><V11/><F11/><W117/><G71/><T58/><D75/><U99/><E76/><V19/><F132/><W26/><G117/><T111/><D107/><U103/><E22/><V127/><F24/><W85/><G128/><T14/><D129/><U94/><E15/><V7/><F19/><W102/><G102/><T124/><D113/><U72/><E72/><V82/><F82/><W135/><G135/><T104/><D104/><U78/><E78/><V86/><F96/><W21/><G21/><T118/><D118/><U100/><E6/><V40/><F4/><W30/><G126/><T106/><D106/><U8/><E8/><V5/><F5/><W27/><G87/><T109/><D124/><U61/><E67/><V10/><F10/><W121/><G121/><T69/><D14/><U116/><E116/><V79/><F79/><W13/><G30/><T68/><D84/><U17/><E17/><V28/><F28/><W59/><G59/><T108/><D81/><U29/><E29/><V25/><F25/><W34/><G34/><T74/><D74/><U105/><E103/><V77/><F77/><W46/><G46/><T42/><D55/><U114/><E114/><V31/><F31/><W115/><G115/><T73/><D73/><U53/><E53/><V80/><F80/><W91/><G91/><T0/><D0/><U18/><E18/><V134/><F127/><W66/><G66/><T20/><D20/><U101/><E101/><V36/><F134/><W47/><G27/><T112/><D112/><RYUUKYOKU ba="0,0" sc="569,15,89,15,203,-15,139,-15" hai0="42,45,51,52,57,58,63,64,68,69,108,109,111" hai1="32,33,35,37,38,39,60,61,93,94,99,100,105" owari="584,69.0,104,-40.0,188,-1.0,124,-28.0" /></mjloggm>