<mjloggm ver="2.3"><GO type="169" lobby="0"/><UN n0="%E5%89%8D%E6%88%AF%33%30%E5%88%86" n1="%E5%B0%B1%E6%B4%BB%E7%94%9F%40%E5%B7%9D%E6%9D%91%E8%BB%8D%E5%9B%A3" n2="%53%69%6D%6F%6F%6E" n3="%E8%90%BD%E5%90%88" dan="16,16,17,17" rate="2168.33,2043.15,2148.61,2140.52" sx="M,M,M,M"/><TAIKYOKU oya="0"/><INIT seed="0,0,0,1,2,39" ten="250,250,250,250" oya="0" hai0="26,27,103,61,85,113,12,135,86,119,94,1,106" hai1="40,96,60,19,122,13,79,38,18,92,0,118,52" hai2="59,10,69,15,56,66,108,97,55,5,105,71,9" hai3="49,14,101,2,21,78,114,83,129,132,33,127,23"/><T32/><D1/><U120/><E0/><V51/><F108/><W25/><G2/><T29/><D119/><U41/><E118/><V89/><F10/><W24/><G114/><T100/><D113/><U70/><E38/><V88/><F105/><W95/><G129/><T11/><D106/><U134/><E134/><V81/><F89/><W130/><G33/><T116/><D135/><U63/><E70/><V35/><F35/><W58/><G127/><T45/><D26/><U80/><E120/><V53/><F66/><W31/><G14/><T48/><D61/><N who="1" m="23627" /><E122/><V99/><F71/><W115/><G130/><T133/><D116/><U84/><E52/><N who="2" m="31775" /><F69/><W30/><G132/><T121/><D121/><U125/><E125/><V98/><F59/><W107/><G107/><T57/><D57/><U131/><E131/><V8/><F8/><W128/><G128/><T93/><D133/><U77/><E77/><V110/><F110/><W28/><G115/><T43/><D93/><U17/><E13/><V50/><F50/><W102/><G95/><T42/><D94/><U124/><E124/><V117/><F117/><W112/><G112/><T54/><D100/><AGARI ba="0,0" hai="17,18,19,40,41,79,80,84,92,96,100" m="23627" machi="100" ten="30,3900,0" yaku="8,1,52,2" doraHai="39" who="1" fromWho="0" sc="250,-39,250,39,250,0,250,0" /><INIT seed="1,0,0,2,3,55" ten="211,289,250,250" oya="1" hai0="42,118,75,58,19,122,95,57,62,65,2,45,67" hai1="79,134,59,106,115,110,113,27,14,8,49,43,77" hai2="28,29,10,112,127,74,11,32,78,88,47,63,104" hai3="83,128,33,87,21,124,132,13,4,93,7,125,108"/><U101/><E134/><V9/><F104/><W70/><G33/><T3/><D118/><U86/><E27/><V133/><F78/><W114/><G70/><T23/><D75/><U90/><E110/><V31/><F74/><W82/><G114/><T130/><D130/><U30/><E30/><V107/><F107/><W117/><G108/><T46/><D122/><U54/><E43/><V96/><F133/><W100/><G128/><T1/><D95/><U5/><E115/><V53/><F32/><W20/><G83/><T71/><D65/><U92/><REACH who="1" step="1"/><E113/><REACH who="1" ten="211,279,250,250" step="2"/><V37/><F29/><W116/><G132/><T72/><D72/><U24/><E24/><V111/><F111/><W73/><G73/><T26/><REACH who="0" step="1"/><D45/><REACH who="0" ten="201,279,250,250" step="2"/><U120/><E120/><V36/><F47/><W91/><G117/><T89/><D89/><U105/><E105/><V119/><F88/><W121/><G116/><T109/><D109/><U129/><E129/><V17/><F119/><W81/><G91/><T12/><D12/><U16/><E16/><V15/><F17/><W68/><G13/><T97/><D97/><AGARI ba="0,2" hai="5,8,14,49,54,59,77,79,86,90,92,97,101,106" machi="97" ten="40,3900,0" yaku="1,1,52,1,53,0" doraHai="55" doraHaiUra="123" who="1" fromWho="0" sc="201,-39,279,59,250,0,250,0" /><INIT seed="1,1,0,5,5,25" ten="162,338,250,250" oya="1" hai0="53,14,56,77,86,11,37,110,42,30,65,76,124" hai1="31,9,39,20,96,131,83,51,101,6,55,130,64" hai2="13,38,104,2,114,132,97,116,91,22,34,74,135" hai3="50,112,72,94,8,60,79,67,71,98,18,19,62"/><U118/><E39/><V5/><F116/><W123/><G112/><T1/><D1/><U26/><E118/><V58/><F38/><W89/><G123/><T24/><D110/><U3/><E64/><V102/><F74/><W12/><G62/><T119/><D119/><U47/><REACH who="1" step="1"/><E83/><REACH who="1" ten="162,328,250,250" step="2"/><V121/><F121/><W0/><G67/><T126/><D65/><U7/><E7/><V84/><F5/><W4/><G4/><T93/><D124/><U129/><E129/><V134/><F132/><W28/><G71/><T107/><D126/><U23/><E23/><V99/><F22/><W45/><G0/><T10/><D107/><AGARI ba="1,1" hai="3,6,9,20,26,31,47,51,55,96,101,107,130,131" machi="107" ten="40,3900,0" yaku="1,1,52,1,53,0" doraHai="25" doraHaiUra="105" who="1" fromWho="0" sc="162,-42,328,52,250,0,250,0" /><INIT seed="1,2,0,4,1,62" ten="120,380,250,250" oya="1" hai0="123,115,110,39,11,109,107,134,14,3,55,133,22" hai1="29,111,45,98,75,1,99,91,131,106,33,63,135" hai2="73,19,34,128,80,27,31,32,79,105,38,18,69" hai3="127,132,108,87,126,9,112,61,71,4,82,8,114"/><U100/><E1/><V35/><F18/><W64/><G108/><N who="0" m="41579" /><D107/><U54/><E75/><V104/><F128/><W10/><G4/><N who="0" m="1439" /><D39/><U48/><E111/><V94/><F19/><W77/><REACH who="3" step="1"/><G132/><REACH who="3" ten="120,380,250,240" step="2"/><N who="0" m="50795" /><D55/><U51/><E135/><V57/><F38/><W88/><G88/><T78/><D78/><U65/><E131/><V113/><F79/><W16/><G16/><N who="0" m="10519" /><D123/><U47/><E91/><V93/><F104/><W30/><G30/><T84/><D84/><U43/><E29/><V6/><F31/><W130/><G130/><T125/><D125/><AGARI ba="2,1" hai="8,9,10,61,64,71,77,82,87,112,114,125,126,127" machi="125" ten="40,5200,0" yaku="1,1,18,1,52,1,53,0" doraHai="62" doraHaiUra="40" who="3" fromWho="0" sc="120,-58,380,0,250,0,240,68" /><INIT seed="2,0,0,3,4,102" ten="62,380,250,308" oya="2" hai0="74,88,57,17,126,53,114,67,40,78,12,128,22" hai1="105,80,9,90,108,30,116,19,63,36,93,76,94" hai2="100,97,69,92,106,121,43,68,134,11,127,135,110" hai3="79,60,55,119,28,27,86,66,73,38,13,26,131"/><V96/><F121/><W33/><G119/><T20/><D114/><U44/><E105/><V16/><F43/><W112/><G38/><T32/><D128/><U99/><E116/><V37/><F37/><W2/><G2/><T24/><D32/><U124/><E124/><V48/><F127/><W54/><G131/><T65/><D126/><U125/><E108/><V70/><F48/><W14/><G73/><T95/><D40/><U84/><E125/><V81/><F81/><W111/><G111/><T52/><D78/><U25/><E63/><V8/><F110/><W104/><G104/><T39/><D74/><U31/><E36/><V35/><F35/><W29/><G55/><N who="0" m="21067" /><D57/><U10/><E44/><V23/><F135/><W107/><G54/><T83/><D83/><U7/><E93/><V118/><F134/><W120/><G107/><T3/><D3/><U5/><E19/><V34/><F34/><N who="3" m="20759" /><G120/><T103/><D103/><U87/><E99/><V56/><F56/><W117/><G117/><T72/><D72/><U113/><E113/><V6/><F6/><N who="1" m="2057" /><E25/><V41/><F41/><W0/><G0/><T18/><D39/><U85/><E85/><AGARI ba="0,0" hai="12,17,18,20,22,24,65,67,85,88,95" m="21067" machi="85" ten="30,3900,0" yaku="8,1,54,2" doraHai="102" who="0" fromWho="1" sc="62,39,380,-39,250,0,308,0" /><INIT seed="3,0,0,1,0,16" ten="101,341,250,308" oya="3" hai0="100,79,35,101,34,88,73,46,71,41,31,3,94" hai1="28,128,115,134,63,131,13,62,47,98,78,37,43" hai2="59,68,0,49,103,52,92,9,87,14,124,22,133" hai3="27,93,119,23,32,95,80,30,120,42,38,82,116"/><W18/><G120/><T130/><D130/><N who="1" m="49707" /><E115/><V76/><F133/><W81/><G42/><T122/><D122/><U86/><E134/><V53/><F124/><W108/><G38/><T12/><D71/><U5/><E28/><V91/><F68/><W57/><G108/><T117/><D3/><U10/><E98/><V20/><F0/><W72/><G72/><T64/><D117/><U21/><E21/><N who="2" m="8299" /><F103/><W85/><G57/><T114/><D64/><U77/><E77/><V51/><F76/><W7/><G7/><T75/><D12/><U69/><E69/><V48/><F59/><W129/><G129/><T96/><D114/><U112/><E112/><V55/><F55/><W1/><G1/><T118/><D118/><U121/><E121/><V24/><F24/><W106/><G106/><T25/><D35/><U113/><E113/><V97/><F97/><W39/><G39/><T89/><D100/><U109/><E109/><V54/><F54/><W44/><G116/><T58/><D58/><U67/><E67/><V74/><F74/><W104/><G104/><T127/><D127/><U84/><E78/><V123/><F123/><W19/><G119/><T66/><D66/><U65/><E65/><V40/><F40/><W60/><G32/><T90/><REACH who="0" step="1"/><D79/><REACH who="0" ten="91,341,250,308" step="2"/><U125/><E125/><V33/><F33/><W26/><G26/><T110/><D110/><U50/><E37/><AGARI ba="0,1" hai="25,31,34,37,41,46,73,75,88,89,90,94,96,101" machi="37" ten="40,2600,0" yaku="1,1,54,1,53,0" doraHai="16" doraHaiUra="132" who="0" fromWho="1" sc="91,36,341,-26,250,0,308,0" /><INIT seed="4,0,0,4,5,69" ten="127,315,250,308" oya="0" hai0="32,133,35,99,62,56,72,6,23,107,106,71,88" hai1="43,8,75,66,61,29,81,96,93,28,26,38,131" hai2="11,42,105,3,119,103,102,41,135,130,110,127,86" hai3="97,112,115,50,44,36,118,57,4,84,31,15,87"/><T53/><D72/><U24/><E131/><V59/><F59/><W95/><G118/><T20/><D71/><U123/><E123/><V116/><F86/><W48/><G31/><T64/><D133/><U49/><E38/><V104/><F11/><N who="3" m="4583" /><G57/><N who="0" m="36943" /><D32/><U5/><E75/><V85/><F85/><N who="3" m="32843" /><G44/><T14/><D35/><U134/><E81/><V58/><F58/><W9/><G9/><N who="0" m="4407" /><D107/><U33/><E49/><V25/><F3/><W22/><G22/><N who="0" m="8235" /><D106/><U121/><E43/><V27/><F135/><W7/><G36/><T92/><D56/><N who="1" m="37159" /><E33/><V77/><F110/><W46/><G7/><T79/><D53/><U129/><E134/><V73/><F73/><W128/><G46/><T117/><D117/><U39/><E39/><V132/><F132/><W2/><G2/><T19/><D19/><U18/><E121/><V124/><F130/><W113/><G128/><T65/><D65/><U89/><E129/><V101/><F105/><W108/><G108/><T67/><D67/><U74/><E74/><V13/><F104/><W126/><G126/><T54/><D54/><U34/><E34/><V17/><F124/><W0/><G0/><T122/><D122/><U70/><E70/><V94/><F127/><W55/><G55/><T63/><D63/><U80/><E5/><V21/><F119/><W91/><AGARI ba="0,0" hai="48,50,91,95,97,112,113,115" m="32843,4583" machi="91" ten="40,1500,0" yaku="15,1" doraHai="69" who="3" fromWho="3" sc="127,-7,315,-4,250,-4,308,15" /><INIT seed="5,0,0,1,0,35" ten="120,311,246,323" oya="1" hai0="34,23,68,49,114,18,95,97,102,135,82,30,110" hai1="126,93,92,17,11,83,7,21,6,16,14,78,88" hai2="41,75,67,113,106,19,123,66,77,48,119,101,5" hai3="32,71,50,64,73,61,120,37,40,26,131,44,9"/><U15/><E126/><V127/><F119/><W33/><G120/><T115/><D110/><U0/><E93/><V98/><F123/><W109/><G109/><T13/><D135/><U74/><REACH who="1" step="1"/><E0/><REACH who="1" ten="120,301,246,323" step="2"/><V2/><F127/><W53/><G131/><T133/><D133/><U39/><E39/><V134/><F2/><W99/><G37/><T111/><D111/><U22/><E22/><V10/><F134/><W132/><G132/><T84/><D115/><U121/><E121/><V130/><F113/><W79/><G33/><T62/><D114/><U87/><AGARI ba="0,1" hai="6,7,11,14,15,16,17,21,74,78,83,87,88,92" machi="87" ten="20,12000,1" yaku="1,1,0,1,7,1,54,2,53,0" doraHai="35" doraHaiUra="129" who="1" fromWho="1" sc="120,-40,301,130,246,-40,323,-40" /><INIT seed="5,1,0,5,0,89" ten="80,431,206,283" oya="1" hai0="119,102,50,6,74,103,16,127,120,36,25,61,2" hai1="42,32,12,108,22,98,18,67,70,44,4,123,10" hai2="17,80,29,81,47,91,115,65,33,20,133,37,3" hai3="93,79,60,27,128,84,26,55,58,88,1,94,105"/><U86/><E32/><V106/><F3/><W78/><G105/><T35/><D36/><U19/><E108/><V57/><F106/><W21/><G1/><T45/><D119/><U30/><E123/><V52/><F133/><W40/><G128/><T51/><D120/><U118/><E118/><V49/><F33/><W11/><G40/><T23/><D74/><U68/><E30/><V134/><F134/><W111/><G111/><T56/><D127/><U13/><E67/><V31/><F115/><W114/><G11/><T131/><D35/><U75/><E75/><V43/><F65/><W53/><G114/><T28/><D131/><U9/><E86/><V48/><F37/><W126/><G126/><T113/><D113/><U69/><E98/><V46/><F46/><W41/><G41/><N who="0" m="24879" /><D6/><U24/><E70/><V99/><F81/><N who="3" m="49167" /><G55/><N who="0" m="33951" /><D2/><U64/><E64/><V101/><F80/><W117/><G27/><T100/><D51/><AGARI ba="1,0" hai="4,9,10,12,13,18,19,22,24,42,44,51,68,69" machi="51" ten="30,1500,0" yaku="7,1" doraHai="89" who="1" fromWho="0" sc="80,-18,431,18,206,0,283,0" /><INIT seed="5,2,0,4,2,129" ten="62,449,206,283" oya="1" hai0="99,56,76,39,69,37,118,27,122,105,75,55,1" hai1="51,40,3,120,67,82,81,47,89,62,87,112,117" hai2="38,109,125,10,29,104,31,11,21,91,71,92,100" hai3="101,79,131,135,58,107,90,59,57,35,49,52,8"/><U103/><E3/><V45/><F109/><W84/><G131/><T14/><D118/><U61/><E120/><V18/><F71/><W65/><G35/><T119/><D1/><U108/><E108/><V78/><F104/><W66/><G79/><T16/><D119/><U42/><E112/><V132/><F100/><W13/><G101/><T83/><D69/><U6/><E103/><V116/><F125/><W123/><G135/><T26/><D99/><U9/><E117/><V86/><F132/><W34/><G34/><T114/><D105/><U77/><E42/><V0/><F0/><W85/><G85/><T4/><D4/><U124/><E124/><V106/><F106/><W127/><G107/><T5/><D5/><U50/><E50/><V30/><F38/><W64/><G123/><T60/><D114/><U121/><E121/><V20/><F78/><W54/><G54/><T130/><D130/><U33/><E33/><V63/><F45/><W53/><G49/><T74/><D74/><U80/><E62/><V46/><F63/><W68/><G68/><T41/><D122/><U115/><E115/><V24/><F46/><W113/><G113/><T36/><REACH who="0" step="1"/><D41/><REACH who="0" ten="52,449,206,283" step="2"/><U48/><E6/><V12/><F116/><W95/><G127/><T128/><D128/><U19/><E40/><V22/><REACH who="2" step="1"/><F11/><AGARI ba="2,1" hai="11,14,16,26,27,36,37,39,55,56,60,75,76,83" machi="11" ten="40,2600,0" yaku="1,1,54,1,53,0" doraHai="129" doraHaiUra="25" who="0" fromWho="2" sc="52,42,449,0,206,-32,283,0" /><INIT seed="6,0,0,4,1,102" ten="94,449,174,283" oya="2" hai0="47,81,36,1,62,0,85,97,134,104,40,112,46" hai1="13,113,50,45,95,12,34,16,58,108,131,31,75" hai2="61,32,122,14,132,88,38,99,126,25,17,55,33" hai3="78,115,8,35,18,68,89,30,84,87,7,59,79"/><V74/><F122/><W9/><G68/><T100/><D134/><U65/><E75/><V49/><F74/><W66/><G115/><T114/><D62/><U117/><E108/><V19/><F38/><W43/><G43/><T90/><REACH who="0" step="1"/><D46/><REACH who="0" ten="84,449,174,283" step="2"/><U24/><E113/><AGARI ba="0,1" hai="0,1,36,40,47,81,85,90,97,100,104,112,113,114" machi="113" ten="40,12000,2" yaku="1,1,2,1,15,1,52,1,53,3" doraHai="102" doraHaiUra="110" who="0" fromWho="1" sc="84,130,449,-120,174,0,283,0" /><INIT seed="7,0,0,1,4,32" ten="214,329,174,283" oya="3" hai0="9,5,99,38,37,43,11,134,78,62,114,31,18" hai1="17,80,83,49,130,7,74,28,47,122,92,96,72" hai2="41,100,95,10,16,13,79,126,121,8,51,22,71" hai3="48,56,135,110,70,39,81,64,34,35,131,89,67"/><W102/><G39/><T112/><D78/><U87/><E122/><V109/><F109/><W66/><G70/><T76/><D76/><U44/><E130/><V90/><F126/><W53/><G131/><T52/><D31/><U85/><E28/><V97/><F71/><W117/><G117/><T14/><D99/><U108/><E108/><V129/><F129/><W24/><G135/><T61/><D134/><U101/><E7/><V29/><F121/><W3/><G3/><N who="0" m="191" /><D43/><U118/><E17/><V128/><F128/><W46/><G102/><T91/><D91/><U88/><E118/><V25/><F79/><W111/><G35/><T42/><D42/><U93/><E47/><V104/><F41/><W63/><G64/><T132/><D62/><U116/><E116/><V50/><REACH who="2" step="1"/><F8/><REACH who="2" ten="214,329,164,283" step="2"/><W40/><G110/><T127/><D127/><U54/><E72/><V45/><F45/><W33/><G111/><T103/><D132/><U21/><E74/><V113/><F113/><N who="0" m="43626" /><D103/><U107/><E101/><V106/><F106/><W30/><G40/><T0/><D0/><U115/><E107/><V133/><F133/><W36/><G46/><T15/><D11/><U94/><E44/><V4/><F4/><W27/><G36/><T60/><D37/><U57/><E115/><V77/><F77/><W26/><G56/><T120/><D38/><U19/><E57/><V73/><F73/><W125/><G125/><T55/><D120/><U86/><E88/><V124/><F124/><W84/><G89/><T98/><D55/><U1/><E54/><V75/><F75/><W65/><G53/><RYUUKYOKU ba="0,1" sc="214,-10,329,-10,164,30,283,-10" hai2="10,13,16,22,25,29,50,51,90,95,97,100,104" owari="204,-20.0,329,44.0,194,-31.0,273,7.0" /></mjloggm>