<mjloggm ver="2.3"><GO type="97" lobby="0"/><UN n0="%E3%82%AA%E3%83%AA%E3%83%B3%E3%83%94%E3%82%B3" n1="%E5%B0%B1%E6%B4%BB%E7%94%9F%40%E5%B7%9D%E6%9D%91%E8%BB%8D%E5%9B%A3" n2="%E4%B8%89%E5%B0%8B%E6%9C%A8%E5%92%8F" n3="%31%33%36%30" dan="15,15,13,15" rate="1973.11,1960.48,1905.92,1953.64" sx="M,M,F,M"/><TAIKYOKU oya="0"/><INIT seed="0,0,0,1,5,15" ten="250,250,250,250" oya="0" hai0="39,29,118,85,79,40,33,63,21,41,81,124,34" hai1="27,116,129,20,25,1,9,28,84,133,31,92,37" hai2="97,135,24,19,50,121,107,45,57,102,78,3,43" hai3="30,13,38,127,51,110,32,76,67,72,106,7,80"/><T93/><D118/><U71/><E37/><V35/><F3/><W62/><G38/><T126/><D39/><U90/><E71/><V56/><F121/><W36/><G36/><T91/><D63/><U10/><E116/><V53/><F135/><W14/><G106/><T68/><D68/><U94/><E133/><V54/><F78/><W100/><G100/><T48/><D48/><U101/><E1/><V49/><F35/><W52/><G127/><N who="0" m="48683" /><D34/><U109/><E109/><V105/><F24/><W64/><G110/><T26/><D33/><U119/><E119/><V120/><F120/><W61/><G7/><T58/><D58/><U112/><E112/><V66/><F66/><W22/><G32/><T130/><D130/><U75/><E75/><AGARI ba="0,0" hai="21,26,29,40,41,75,79,81,85,91,93" m="48683" machi="75" ten="30,1500,0" yaku="18,1" doraHai="15" who="0" fromWho="1" sc="250,15,250,-15,250,0,250,0" /><INIT seed="0,1,0,4,2,28" ten="265,235,250,250" oya="0" hai0="108,106,96,73,51,69,130,98,20,128,116,77,114" hai1="74,27,101,50,65,60,35,9,119,53,62,0,13" hai2="134,100,109,2,99,32,78,86,104,90,1,3,123" hai3="10,59,43,81,122,64,113,103,18,87,115,75,38"/><T84/><D116/><U135/><E74/><V45/><F123/><W107/><G75/><T54/><D114/><U29/><E119/><V83/><F109/><W89/><G122/><T63/><D73/><U30/><E135/><V97/><F134/><W48/><G38/><T79/><D20/><U31/><E0/><V132/><F132/><W91/><G107/><T111/><D63/><U127/><E101/><V133/><F133/><W49/><G103/><N who="0" m="62823" /><D69/><U82/><E82/><V120/><F120/><W95/><G115/><T19/><D19/><U57/><E62/><V25/><F45/><W42/><G113/><T131/><D98/><U85/><E85/><V88/><REACH who="2" step="1"/><F97/><REACH who="2" ten="265,235,240,250" step="2"/><N who="3" m="57583" /><G43/><T8/><D108/><U80/><E127/><V55/><F55/><W6/><G42/><T66/><D111/><U23/><E35/><V71/><F71/><W7/><G64/><T129/><D129/><U70/><REACH who="1" step="1"/><E80/><REACH who="1" ten="265,225,240,250" step="2"/><V61/><F61/><W76/><G81/><T94/><D131/><U22/><E22/><V72/><F72/><W102/><G49/><T58/><D130/><U118/><E118/><V12/><F12/><W26/><G48/><T34/><D34/><U92/><E92/><V4/><F4/><AGARI ba="1,2" hai="4,9,13,23,27,29,30,31,50,53,57,60,65,70" machi="4" ten="30,2000,0" yaku="1,1,7,1,53,0" doraHai="28" doraHaiUra="112" who="1" fromWho="2" sc="265,0,225,43,240,-23,250,0" /><INIT seed="1,0,0,5,4,81" ten="265,268,217,250" oya="1" hai0="117,114,38,22,62,50,95,44,109,89,15,28,98" hai1="16,26,84,6,111,97,40,39,10,121,77,51,125" hai2="103,82,25,79,2,113,33,19,17,72,99,63,5" hai3="108,20,96,9,45,42,37,61,57,127,48,75,126"/><U3/><E121/><V58/><F113/><W4/><G20/><T29/><D117/><U106/><E39/><V124/><F124/><W14/><G75/><T102/><D114/><U94/><E125/><N who="3" m="47626" /><G96/><T0/><D0/><U74/><E74/><V54/><F2/><W104/><G104/><T27/><D38/><U13/><E106/><V56/><F5/><W78/><G78/><T122/><D109/><U11/><E111/><V41/><F41/><W110/><G37/><T133/><D133/><U83/><E26/><V101/><F58/><W55/><AGARI ba="0,0" hai="4,9,14,42,45,48,55,57,61,108,110" m="47626" machi="55" ten="30,1100,0" yaku="18,1" doraHai="81" who="3" fromWho="3" sc="265,-3,268,-5,217,-3,250,11" /><INIT seed="2,0,0,3,0,117" ten="262,263,214,261" oya="2" hai0="122,76,40,18,89,57,91,131,86,104,6,129,64" hai1="106,72,100,109,101,69,77,34,110,114,132,124,130" hai2="21,51,5,79,3,47,14,55,12,37,90,71,120" hai3="80,116,105,8,25,82,38,87,83,32,46,68,78"/><V26/><F71/><W23/><G116/><T1/><D104/><U125/><E69/><V61/><F37/><W42/><G105/><T19/><D40/><U99/><E34/><V92/><F79/><W81/><G68/><T29/><D76/><U17/><E17/><N who="2" m="12591" /><F3/><W135/><G135/><T62/><D29/><U31/><E31/><V63/><F120/><W98/><G98/><T16/><D122/><U2/><E2/><V112/><F112/><W13/><G32/><T4/><D91/><U118/><E118/><V107/><F107/><W95/><G95/><N who="0" m="54711" /><D1/><U73/><E114/><V10/><F14/><W127/><G127/><N who="1" m="48714" /><E132/><V7/><F7/><W28/><G83/><T30/><D30/><U123/><E123/><V35/><F35/><W121/><G121/><T88/><D88/><U36/><E36/><V97/><AGARI ba="0,0" hai="5,10,12,47,51,55,61,63,90,92,97" m="12591" machi="97" ten="30,1500,0" yaku="8,1" doraHai="117" who="2" fromWho="2" sc="262,-5,263,-5,214,15,261,-5" /><INIT seed="2,1,0,5,2,88" ten="257,258,229,256" oya="2" hai0="128,76,129,87,131,102,0,111,68,98,62,36,133" hai1="123,85,65,101,71,54,4,43,34,52,118,17,21" hai2="105,121,103,38,22,55,70,9,32,83,81,50,134" hai3="97,74,13,10,115,77,93,49,39,92,45,42,23"/><V24/><F38/><W78/><G39/><T96/><D0/><U73/><E34/><V8/><F32/><W47/><G115/><T108/><D36/><U66/><E73/><V122/><F70/><W127/><G74/><T58/><D68/><U40/><E71/><V69/><F69/><W130/><G130/><T106/><D58/><U53/><E123/><V25/><F134/><W44/><G127/><T14/><D14/><N who="1" m="9399" /><E4/><V37/><F37/><W11/><G23/><T126/><D62/><U84/><E101/><V135/><F135/><W29/><G29/><T63/><D63/><U30/><E30/><V72/><F72/><W16/><G97/><N who="0" m="61775" /><D133/><U60/><E118/><V33/><F33/><W27/><G27/><T15/><D15/><U12/><E12/><V6/><F105/><W41/><G11/><T119/><D126/><U99/><E99/><N who="0" m="37929" /><D119/><U31/><E31/><V100/><F122/><W86/><G47/><T51/><D51/><U124/><E124/><V109/><F121/><W104/><G104/><T120/><D120/><U3/><E3/><V79/><F22/><W59/><G59/><T46/><D46/><N who="3" m="18025" /><G49/><T117/><D117/><U19/><E19/><V7/><F50/><W94/><G86/><N who="1" m="33386" /><E60/><V114/><F7/><W5/><G5/><T1/><D1/><U89/><E89/><V28/><F6/><W56/><G56/><T18/><D18/><U35/><E35/><V26/><F28/><W113/><G113/><T116/><D116/><U82/><E82/><AGARI ba="1,0" hai="76,82,87,108,111,128,129,131" m="37929,61775" machi="82" ten="40,5200,0" yaku="19,1,34,2" doraHai="88" who="0" fromWho="1" sc="257,55,258,-55,229,0,256,0" /><INIT seed="3,0,0,1,5,116" ten="312,203,229,256" oya="3" hai0="59,133,118,114,54,22,58,8,14,97,122,84,41" hai1="11,68,117,36,73,121,102,0,77,52,67,15,65" hai2="99,71,135,62,27,105,66,130,44,87,131,100,92" hai3="13,128,1,33,124,64,81,31,111,134,10,57,85"/><W55/><G1/><T70/><D122/><U109/><E0/><V12/><F44/><W38/><G38/><T39/><D70/><U19/><E36/><V126/><F12/><W115/><G115/><T23/><D118/><U93/><E117/><V50/><F50/><W49/><G134/><T32/><D97/><U79/><E109/><V17/><F135/><W51/><G128/><N who="2" m="49193" /><F126/><W46/><G124/><T107/><D32/><U7/><E121/><V129/><N who="2" m="49201" /><V21/><DORA hai="96" /><F87/><W16/><G111/><T63/><D84/><U9/><E68/><V29/><F17/><W112/><G112/><T47/><D114/><U101/><E73/><V35/><F21/><W91/><G33/><T132/><D23/><U3/><E93/><AGARI ba="0,0" hai="27,29,35,62,66,71,92,93,99,100,105" m="49201" machi="93" ten="40,5200,0" yaku="25,1,19,1,52,1" doraHai="116,96" who="2" fromWho="1" sc="312,0,203,-52,229,52,256,0" owari="312,41.0,151,-35.0,281,8.0,256,-14.0" /></mjloggm>