<mjloggm ver="2.3"><GO type="193" lobby="0"/><UN n0="%E3%82%B9%E3%83%AA%E3%83%A9%E3%83%B3%E3%82%AB%E2%98%86%E3%81%BD%E3%82%88" n1="%E3%81%82%E3%81%BE%E3%81%B3%E3%81%88" n2="%79%6F%6E" n3="%E3%83%88%E3%83%88%E3%83%AA%E5%85%88%E7%94%9F%31%39%E6%AD%B3" dan="10,12,11,11" rate="1631.07,1609.19,1557.25,1782.19" sx="M,F,M,F"/><TAIKYOKU oya="0"/><INIT seed="0,0,0,2,4,124" ten="250,250,250,250" oya="0" hai0="127,106,95,19,55,14,37,94,25,111,122,79,57" hai1="26,88,66,29,132,107,99,77,50,67,11,93,71" hai2="59,102,131,27,104,51,118,2,8,56,23,45,70" hai3="108,135,100,16,110,69,133,44,84,62,120,75,119"/><T117/><D122/><U54/><E107/><V58/><F2/><W46/><G119/><T33/><D37/><U72/><E132/><N who="3" m="50762" /><G75/><T74/><D106/><U1/><E1/><V96/><F8/><W92/><G100/><T43/><D43/><U121/><E121/><V134/><F134/><W38/><G120/><T12/><D117/><U64/><E11/><V114/><F114/><W81/><G92/><T63/><D127/><U6/><E6/><V21/><F118/><W36/><G16/><T105/><D105/><U30/><E71/><V3/><F3/><W13/><G13/><T98/><D94/><U80/><REACH who="1" step="1"/><E26/><REACH who="1" ten="250,240,250,250" step="2"/><V101/><F104/><W17/><G69/><T5/><D25/><U90/><E90/><V31/><F70/><W49/><G108/><T82/><D111/><U73/><E73/><V112/><F112/><W85/><G110/><T48/><D5/><U7/><E7/><V39/><F39/><W91/><G38/><T115/><D115/><U68/><E68/><V60/><F60/><W89/><G62/><T126/><D63/><U10/><E10/><V97/><F21/><W129/><G36/><T28/><D126/><U40/><E40/><N who="2" m="24999" /><F131/><W41/><G129/><T4/><D4/><U103/><E103/><AGARI ba="0,1" hai="23,27,31,56,58,59,96,97,101,102,103" m="24999" machi="103" ten="30,1000,0" yaku="8,1" doraHai="124" who="2" fromWho="1" sc="250,0,240,-10,250,20,250,0" /><INIT seed="1,0,0,3,1,37" ten="250,230,270,250" oya="1" hai0="73,27,2,60,16,81,7,79,103,133,102,135,125" hai1="24,9,15,87,41,123,82,120,14,64,68,109,70" hai2="101,29,66,50,39,12,10,1,56,131,34,40,54" hai3="119,65,92,104,4,48,62,3,80,127,96,89,132"/><U74/><E74/><V11/><F101/><W90/><G132/><N who="0" m="50763" /><D60/><U22/><E41/><V20/><F131/><W93/><G127/><T129/><D129/><U97/><E97/><V17/><F11/><W110/><G110/><T0/><D125/><U99/><E99/><V69/><F29/><W26/><G119/><T53/><D53/><U59/><E109/><V18/><F34/><W13/><G3/><N who="0" m="1067" /><D7/><U21/><E123/><V30/><F30/><W57/><G104/><T51/><D51/><U113/><E113/><V112/><F112/><W115/><G115/><T49/><D49/><U25/><E120/><V105/><F105/><W23/><G80/><T111/><D111/><U84/><E59/><V128/><F128/><W117/><G117/><T134/><N who="0" m="50771" /><T124/><DORA hai="5" /><D124/><U94/><E94/><N who="3" m="36458" /><G96/><T98/><D98/><U19/><E64/><V8/><F1/><W31/><G48/><T46/><D46/><U58/><E58/><V118/><F18/><W71/><G71/><N who="1" m="27178" /><E82/><V36/><F118/><W43/><G43/><T75/><D75/><U85/><E19/><V28/><F28/><W38/><G38/><T130/><D130/><U6/><E6/><V47/><REACH who="2" step="1"/><F39/><REACH who="2" ten="250,230,260,250" step="2"/><W83/><G4/><T107/><D107/><U106/><E106/><V55/><F55/><W100/><G100/><T121/><D121/><U77/><E9/><V42/><F42/><W122/><G122/><T86/><D73/><U126/><E126/><V108/><F108/><W52/><G52/><T114/><D114/><U72/><E72/><V67/><F67/><W33/><G65/><RYUUKYOKU ba="0,1" sc="250,15,230,-15,260,15,250,-15" hai0="16,27,79,81,86,102,103" hai2="8,10,12,17,20,36,40,47,50,54,56,66,69" /><INIT seed="2,1,1,4,1,43" ten="265,215,275,235" oya="2" hai0="94,4,113,18,2,125,21,63,22,134,126,16,124" hai1="3,81,47,0,34,116,86,49,33,108,30,98,40" hai2="38,127,107,54,59,97,25,11,71,106,53,10,119" hai3="110,65,55,1,78,66,83,37,60,117,64,85,100"/><V103/><F106/><W75/><G117/><T14/><D63/><U58/><E116/><V80/><F119/><W135/><G1/><T112/><D94/><U118/><E118/><V72/><F127/><W114/><G37/><T67/><D67/><U19/><E108/><V51/><F71/><W42/><G42/><T29/><D29/><U95/><E19/><V6/><F38/><W61/><G110/><T88/><D134/><U82/><E58/><V109/><F109/><W74/><G135/><T70/><D70/><U93/><E3/><V50/><F6/><W57/><G114/><T15/><D88/><U36/><E0/><V104/><F104/><W79/><G79/><T105/><REACH who="0" step="1"/><D105/><REACH who="0" ten="255,215,275,235" step="2"/><U8/><E36/><V84/><F72/><W122/><G100/><T99/><D99/><U89/><E30/><V68/><F68/><W77/><G122/><T121/><D121/><U131/><E131/><V52/><F25/><W96/><G96/><T133/><D133/><U101/><REACH who="1" step="1"/><E8/><AGARI ba="1,2" hai="2,4,8,14,15,16,18,21,22,112,113,124,125,126" machi="8" ten="40,12000,2" yaku="1,1,9,1,18,1,34,3,54,1,53,0" doraHai="43" doraHaiUra="31" who="0" fromWho="1" sc="255,143,215,-123,275,0,235,0" /><INIT seed="3,0,0,1,4,103" ten="398,92,275,235" oya="3" hai0="64,34,102,14,83,3,32,17,107,10,65,93,98" hai1="40,67,23,113,72,119,116,57,28,7,47,53,101" hai2="120,78,76,4,69,59,108,68,112,75,35,12,0" hai3="94,13,128,49,109,84,26,135,118,131,56,95,125"/><W121/><G118/><T117/><D117/><U46/><E72/><V77/><F59/><W60/><G121/><T133/><D133/><U127/><E119/><V122/><F35/><W100/><G135/><T130/><D3/><U36/><E116/><V54/><F0/><W70/><G125/><T66/><D83/><U62/><E101/><V21/><F75/><W43/><G70/><T58/><D58/><U38/><E7/><V19/><F4/><W134/><G134/><T85/><D130/><N who="3" m="49705" /><G109/><T97/><D85/><U51/><E23/><V48/><F108/><W86/><G26/><T33/><REACH who="0" step="1"/><D97/><REACH who="0" ten="388,92,275,235" step="2"/><U79/><E79/><V80/><F80/><W91/><G13/><T92/><AGARI ba="0,1" hai="10,14,17,32,33,34,64,65,66,92,93,98,102,107" machi="92" ten="40,8000,1" yaku="1,1,2,1,0,1,52,1,53,0" doraHai="103" doraHaiUra="114" who="0" fromWho="0" sc="388,90,92,-20,275,-20,235,-40" owari="478,57.0,72,-43.0,255,6.0,195,-20.0" /></mjloggm>