<mjloggm ver="2.3"><GO type="169" lobby="0"/><UN n0="%65%72%6F%67%72%65%65%6E" n1="%E7%B5%B6%E5%AF%BE%E3%81%AB%E3%82%86%E3%82%8B%E3%81%95%E3%81%AA%E3%81%84" n2="%E3%82%A6%E3%83%AB%E3%83%88%E3%83%A9%E7%AB%8B%E7%9B%B4" n3="%E3%81%BE%E3%83%BC%E3%81%95%EF%BC%A0%EF%BC%92%EF%BC%91" dan="17,16,17,17" rate="2151.70,2092.29,2182.95,2174.51" sx="M,M,M,M"/><TAIKYOKU oya="0"/><INIT seed="0,0,0,0,4,110" ten="250,250,250,250" oya="0" hai0="43,101,14,84,75,32,17,76,15,63,71,54,68" hai1="86,6,9,111,108,39,72,123,34,125,24,1,38" hai2="109,13,61,49,99,53,60,41,127,119,130,85,81" hai3="80,44,19,128,74,124,115,97,89,16,133,126,33"/><T45/><D32/><U107/><E72/><V55/><F109/><N who="1" m="42057" /><E123/><V87/><F127/><N who="3" m="48683" /><G33/><T20/><D75/><U26/><E125/><V120/><F130/><W51/><G128/><T117/><D101/><U27/><E107/><V40/><F120/><W62/><G133/><T131/><D117/><U135/><E135/><V104/><F104/><W23/><G62/><T5/><D131/><U94/><E34/><V79/><F99/><W18/><G74/><T69/><D76/><U70/><E70/><V121/><F121/><W30/><G30/><T132/><D132/><U4/><E4/><V77/><F13/><W112/><G23/><T29/><D29/><U58/><E58/><V65/><F49/><W2/><G2/><T11/><D84/><U102/><E102/><V37/><F37/><N who="1" m="13833" /><E86/><V114/><F65/><W47/><G97/><T50/><REACH who="0" step="1"/><D54/><REACH who="0" ten="240,250,250,250" step="2"/><U73/><E73/><V116/><REACH who="2" step="1"/><F81/><REACH who="2" ten="240,250,240,250" step="2"/><W118/><G118/><T36/><D36/><U122/><E122/><V57/><F57/><W92/><G80/><T78/><D78/><U0/><E94/><V21/><F21/><W67/><G67/><AGARI ba="0,2" hai="5,11,14,15,17,20,43,45,50,63,67,68,69,71" machi="67" ten="40,2000,0" yaku="1,1,53,0" doraHai="110" doraHaiUra="134" who="0" fromWho="3" sc="240,40,250,0,240,0,250,-20" /><INIT seed="0,1,0,0,4,118" ten="280,250,240,230" oya="0" hai0="122,34,90,74,33,95,59,108,55,5,70,116,12" hai1="81,77,80,73,43,121,48,112,62,45,133,24,52" hai2="76,3,29,92,115,40,39,135,130,68,101,36,88" hai3="124,25,54,61,26,131,15,87,21,91,2,105,98"/><T128/><D116/><U85/><E133/><V23/><F3/><W72/><G2/><T49/><D74/><U13/><E112/><V110/><F115/><W56/><G72/><T127/><D70/><U86/><E24/><V51/><F68/><W134/><G134/><T20/><D128/><U47/><E121/><V125/><F135/><W103/><G124/><T6/><D127/><U58/><E13/><V38/><F125/><W57/><G131/><T50/><D122/><U78/><E73/><V111/><F76/><W9/><G57/><T100/><D100/><U30/><E30/><V119/><F101/><W117/><G21/><T83/><D83/><U16/><E47/><V44/><F119/><W53/><G54/><N who="0" m="32207" /><D33/><U75/><E75/><V99/><REACH who="2" step="1"/><F130/><REACH who="2" ten="280,250,230,230" step="2"/><W1/><G1/><T106/><D108/><U10/><REACH who="1" step="1"/><E10/><REACH who="1" ten="280,240,230,230" step="2"/><V63/><F63/><W64/><G117/><T8/><D8/><U37/><E37/><V18/><F18/><AGARI ba="1,2" hai="16,18,43,45,48,52,58,62,77,78,80,81,85,86" machi="18" ten="40,12000,2" yaku="1,1,9,1,8,1,54,2,53,1" doraHai="118" doraHaiUra="42" who="1" fromWho="2" sc="280,0,240,143,230,-123,230,0" /><INIT seed="1,0,0,0,2,15" ten="280,383,107,230" oya="1" hai0="68,51,121,52,101,81,74,108,106,71,130,128,58" hai1="73,49,82,53,55,46,39,4,91,69,57,123,6" hai2="126,116,13,42,66,88,56,76,79,45,107,67,92" hai3="47,62,29,11,19,12,78,132,1,119,10,17,94"/><U125/><E69/><V65/><F107/><W30/><G132/><T133/><D106/><U89/><E125/><V18/><F116/><W102/><G119/><T83/><D101/><U113/><E113/><V31/><F31/><W36/><G78/><T131/><D108/><U61/><E39/><V77/><F56/><W115/><G115/><T41/><D133/><U99/><E73/><V2/><F2/><W32/><G1/><T112/><D112/><U27/><E123/><V21/><F126/><W40/><G62/><T114/><D114/><U110/><E110/><V44/><REACH who="2" step="1"/><F42/><REACH who="2" ten="280,383,97,230" step="2"/><W90/><G32/><T104/><D104/><U7/><E57/><V96/><AGARI ba="0,1" hai="13,18,21,44,45,65,66,67,76,77,79,88,92,96" machi="96" ten="30,12000,2" yaku="1,1,2,1,0,1,8,1,52,1,54,1,53,0" doraHai="15" doraHaiUra="35" who="2" fromWho="2" sc="280,-30,383,-60,97,130,230,-30" /><INIT seed="2,0,0,0,2,78" ten="250,323,227,200" oya="2" hai0="46,25,18,130,26,98,11,86,12,115,27,1,116" hai1="54,49,17,94,119,50,64,45,19,52,31,65,48" hai2="3,120,53,39,77,67,96,122,99,63,123,30,24" hai3="4,6,113,84,106,15,22,133,79,62,35,58,132"/><V109/><F3/><W107/><G35/><T71/><D71/><U73/><E31/><V56/><F109/><W41/><G41/><T69/><D69/><U102/><E119/><V51/><F39/><W5/><G113/><T9/><D115/><U81/><E73/><V44/><REACH who="2" step="1"/><F77/><REACH who="2" ten="250,323,217,200" step="2"/><W117/><G117/><T111/><D116/><U33/><E45/><V82/><F82/><W40/><G133/><T97/><D1/><U89/><E81/><V112/><F112/><W29/><G132/><T7/><D111/><U32/><E32/><AGARI ba="0,1" hai="24,30,32,44,51,53,56,63,67,96,99,120,122,123" machi="32" ten="40,3900,0" yaku="1,1,53,1" doraHai="78" doraHaiUra="43" who="2" fromWho="1" sc="250,0,323,-39,217,49,200,0" /><INIT seed="2,1,0,5,0,36" ten="250,284,266,200" oya="2" hai0="113,130,72,14,18,50,102,95,20,23,87,47,4" hai1="109,127,11,79,21,44,108,40,8,69,68,2,22" hai2="12,114,71,43,125,110,10,17,16,19,100,123,32" hai3="26,112,33,53,117,85,133,48,56,29,15,128,57"/><V59/><F71/><N who="1" m="27209" /><E79/><V119/><F119/><W62/><G117/><T66/><D72/><U103/><E103/><V90/><F114/><W73/><G73/><T124/><D113/><U96/><E96/><V37/><F123/><W63/><G112/><T39/><D39/><U131/><E131/><V51/><F32/><W107/><G107/><T92/><D130/><U89/><E89/><V132/><F37/><W70/><G128/><T30/><D124/><U98/><E98/><V120/><F120/><W116/><G116/><T104/><D4/><U52/><E52/><N who="2" m="32159" /><F125/><W60/><G70/><T76/><D66/><U111/><E127/><V5/><F100/><W13/><G133/><T88/><D104/><U99/><E99/><V58/><F132/><W35/><G35/><T122/><D122/><U7/><E11/><V6/><F110/><W74/><G74/><T61/><D61/><U27/><E27/><V91/><F58/><W106/><G106/><T78/><D95/><U3/><E2/><V34/><F34/><W65/><G57/><T126/><D102/><U80/><E80/><V105/><F105/><W41/><G65/><T0/><D0/><U135/><E135/><V83/><F83/><W134/><G134/><T38/><D38/><AGARI ba="1,0" hai="3,7,8,21,22,38,40,44,108,109,111" m="27209" machi="38" ten="40,2600,0" yaku="14,1,52,1" doraHai="36" who="1" fromWho="0" sc="250,-29,284,29,266,0,200,0" /><INIT seed="3,0,0,1,0,125" ten="221,313,266,200" oya="3" hai0="87,54,61,97,37,38,98,106,60,69,7,116,76" hai1="85,36,53,108,113,16,46,93,49,129,22,130,12" hai2="90,9,33,47,79,18,25,29,94,62,6,119,66" hai3="83,28,71,121,100,70,41,112,10,102,111,133,43"/><W88/><G112/><T89/><D116/><U55/><E113/><V131/><F79/><W114/><G114/><T1/><D76/><U51/><E36/><V45/><F18/><W77/><G121/><T73/><D73/><U72/><E72/><V91/><F119/><W68/><G28/><T32/><D32/><U107/><E107/><V104/><F104/><W23/><G133/><T95/><D7/><U99/><E85/><V3/><F131/><N who="1" m="50185" /><E108/><V21/><F33/><W122/><G122/><T34/><D1/><U11/><E11/><V15/><F91/><W135/><G135/><T74/><D34/><U44/><E93/><V2/><F2/><W103/><G111/><T42/><D74/><U75/><E75/><V56/><REACH who="2" step="1"/><F3/><REACH who="2" ten="221,313,256,200" step="2"/><W52/><G77/><T67/><D106/><U65/><E99/><AGARI ba="0,1" hai="6,9,15,21,25,29,45,47,56,62,66,90,94,99" machi="99" ten="30,7700,0" yaku="1,1,2,1,7,1,8,1,53,0" doraHai="125" doraHaiUra="78" who="2" fromWho="1" sc="221,0,313,-77,256,87,200,0" /><INIT seed="4,0,0,3,3,119" ten="221,236,343,200" oya="0" hai0="8,21,66,6,88,133,57,69,115,28,75,48,24" hai1="128,55,56,100,34,78,121,20,46,23,25,74,132" hai2="10,92,16,37,43,52,114,39,125,18,76,130,26" hai3="73,60,118,15,49,1,110,53,62,32,82,106,97"/><T85/><D75/><U54/><E128/><V41/><F76/><W58/><G1/><T113/><D69/><U79/><E132/><V81/><F81/><W71/><G110/><T42/><D133/><U103/><E34/><V63/><F125/><W59/><G118/><T51/><D66/><U30/><E46/><V19/><F114/><N who="0" m="43530" /><D57/><U127/><E56/><N who="2" m="35207" /><F130/><W107/><G71/><T27/><D27/><U129/><E74/><V87/><F39/><W117/><G117/><T134/><D42/><N who="2" m="15882" /><F37/><W96/><G73/><T123/><D134/><U3/><E3/><V65/><F65/><W7/><G62/><T67/><D123/><U38/><E38/><V111/><F111/><W77/><G60/><T33/><D67/><U122/><E127/><V4/><F4/><W64/><G7/><T86/><D33/><U0/><E0/><V116/><F116/><W47/><G32/><T29/><D29/><U105/><E30/><V90/><F26/><W95/><G64/><T68/><D68/><U94/><E25/><V124/><F124/><W91/><G59/><T126/><D86/><U45/><E45/><V50/><F50/><W2/><G58/><T31/><D31/><U80/><E129/><V40/><F40/><W101/><G2/><N who="0" m="87" /><D126/><U98/><E122/><V72/><F72/><N who="3" m="43303" /><G15/><AGARI ba="0,0" hai="10,15,16,18,19,87,90,92" m="15882,35207" machi="15" ten="30,3900,0" yaku="8,1,54,2" doraHai="119" who="2" fromWho="3" sc="221,0,236,0,343,39,200,-39" /><INIT seed="5,0,0,4,4,29" ten="221,236,382,161" oya="1" hai0="88,134,53,23,97,46,51,81,25,20,6,122,130" hai1="8,54,77,7,9,98,37,135,11,125,123,114,22" hai2="67,99,10,113,47,107,83,131,55,89,108,40,117" hai3="5,58,3,78,68,133,80,76,82,12,102,115,105"/><U69/><E123/><V95/><F107/><W94/><G68/><T92/><D130/><U118/><E118/><V38/><F108/><W31/><G3/><T39/><D134/><U15/><E69/><V56/><F117/><W30/><G105/><T73/><D39/><U61/><E37/><V74/><F67/><W132/><G115/><T93/><D122/><U109/><E114/><V63/><F131/><W96/><G133/><T2/><D2/><U120/><E120/><V124/><F124/><W126/><G126/><T84/><D6/><U19/><E125/><V14/><F113/><W110/><G110/><T4/><D4/><U27/><E135/><V62/><F74/><W106/><G106/><T52/><D73/><U59/><E77/><V85/><F55/><N who="0" m="21066" /><D25/><U48/><E109/><V127/><F56/><W103/><G58/><T26/><D26/><U16/><E48/><V17/><F127/><W0/><G0/><T87/><D93/><U42/><E42/><V33/><F33/><W35/><G132/><T28/><D28/><U66/><E66/><V72/><F72/><W101/><G5/><T79/><D97/><U1/><REACH who="1" step="1"/><E98/><REACH who="1" ten="221,226,382,161" step="2"/><V91/><AGARI ba="0,1" hai="10,14,17,38,40,47,62,63,83,85,89,91,95,99" machi="91" ten="20,1500,0" yaku="0,1,7,1" doraHai="29" who="2" fromWho="2" sc="221,-4,226,-7,382,25,161,-4" /><INIT seed="6,0,0,2,5,1" ten="217,219,407,157" oya="2" hai0="94,27,108,84,126,10,75,73,104,64,76,134,90" hai1="133,103,60,70,81,68,93,46,52,80,49,67,34" hai2="9,4,58,21,17,66,101,12,41,125,42,120,116" hai3="53,83,132,119,96,123,124,39,57,98,106,100,82"/><V33/><F120/><W59/><G123/><T95/><D108/><U112/><E112/><V16/><F33/><W23/><G119/><T109/><D109/><U0/><E133/><V128/><F116/><W14/><G39/><T36/><D36/><U48/><E34/><V32/><F32/><W54/><G124/><T89/><D64/><U11/><E70/><V69/><F69/><W31/><G132/><T72/><D27/><U74/><E74/><V92/><F128/><W51/><G31/><T91/><D134/><U30/><E30/><V3/><F125/><W121/><G121/><T29/><D29/><U47/><E103/><V118/><F118/><W86/><G98/><T111/><D10/><U113/><E93/><N who="0" m="35337" /><D111/><U77/><E77/><V2/><F2/><W19/><REACH who="3" step="1"/><G86/><REACH who="3" ten="217,219,407,147" step="2"/><T7/><D126/><U99/><E99/><V107/><F101/><W79/><G79/><T135/><D135/><U20/><E113/><V8/><F107/><W40/><G40/><T5/><D104/><U25/><E81/><V26/><F92/><W44/><G44/><T61/><D76/><U105/><E80/><V115/><F115/><W24/><G24/><T45/><D45/><U88/><E47/><V6/><F42/><W15/><G15/><T13/><D84/><U38/><E38/><V50/><F41/><W65/><G65/><T122/><D13/><U114/><E46/><V110/><F66/><W85/><G85/><T55/><D122/><U71/><E114/><V117/><F117/><W127/><G127/><T56/><D72/><U37/><E37/><V28/><F12/><RYUUKYOKU ba="0,1" sc="217,15,219,-15,407,-15,147,15" hai0="5,7,55,56,61,73,75,89,90,91" hai3="14,19,23,51,53,54,57,59,82,83,96,100,106" /><INIT seed="7,1,1,3,3,0" ten="232,204,392,162" oya="3" hai0="111,120,135,1,15,25,2,121,33,86,91,124,132" hai1="104,81,11,76,53,13,101,31,77,19,87,82,60" hai2="43,65,74,45,24,85,8,63,75,117,47,90,23" hai3="84,114,39,12,18,34,125,110,38,69,83,56,79"/><W7/><G69/><T92/><D111/><U49/><E104/><V16/><F8/><W55/><G34/><T20/><D124/><U59/><E101/><V116/><F47/><W17/><G125/><T41/><D33/><U68/><E31/><V50/><F75/><W28/><G28/><T133/><D15/><U52/><E68/><V71/><F74/><W57/><G110/><T14/><D14/><U97/><E97/><V78/><F78/><W127/><G127/><T61/><D41/><U102/><E102/><V10/><F10/><N who="3" m="4191" /><G38/><T62/><D61/><U26/><E26/><V134/><F134/><W46/><G39/><T94/><D62/><U58/><E82/><AGARI ba="1,1" hai="16,23,24,43,45,50,63,65,71,82,85,90,116,117" machi="82" ten="30,2000,0" yaku="7,1,54,1" doraHai="0" who="2" fromWho="1" sc="232,0,204,-23,392,33,162,0" owari="232,3.0,181,-22.0,425,53.0,162,-34.0" /></mjloggm>