<mjloggm ver="2.3"><GO type="169" lobby="0"/><UN n0="%74%61%6B%61%2D%31%31%36" n1="%E3%82%A6%E3%83%AB%E3%83%88%E3%83%A9%E7%AB%8B%E7%9B%B4" n2="%4B%E3%80%82" n3="%E3%81%8A%E3%81%98%E3%81%95%E3%82%93" dan="16,17,18,17" rate="2055.39,2113.55,2173.93,2134.93" sx="M,M,M,M"/><TAIKYOKU oya="0"/><INIT seed="0,0,0,3,5,92" ten="250,250,250,250" oya="0" hai0="117,95,82,40,39,2,49,4,84,55,67,129,19" hai1="103,133,134,32,21,93,81,75,108,124,56,31,105" hai2="28,42,24,85,132,110,66,14,77,72,65,90,89" hai3="73,83,8,25,17,35,102,114,64,9,26,99,70"/><T96/><D117/><U59/><E32/><V50/><F132/><N who="1" m="50793" /><E105/><V30/><F72/><W37/><G37/><T33/><D33/><U88/><E108/><V10/><F110/><W54/><G114/><T3/><D129/><U7/><E7/><V80/><F66/><W128/><G128/><T57/><D19/><U11/><E11/><V109/><F65/><W36/><G36/><T1/><D67/><U121/><E124/><V113/><F113/><W78/><G54/><T131/><D131/><U71/><E71/><V34/><F30/><W100/><G100/><T69/><D69/><U0/><E0/><V45/><REACH who="2" step="1"/><F109/><REACH who="2" ten="250,250,240,250" step="2"/><W86/><G73/><T107/><D3/><U119/><E75/><V126/><F126/><W104/><G64/><T22/><D2/><U58/><E31/><V23/><F23/><W46/><G70/><T91/><D22/><U98/><E21/><V118/><F118/><W87/><G35/><T62/><D1/><U116/><E121/><V15/><F15/><W52/><G26/><T63/><D63/><U120/><E120/><V79/><F79/><W29/><G29/><T112/><D62/><U51/><E119/><V74/><F74/><W12/><G25/><T18/><D112/><U5/><E116/><V41/><F41/><W135/><G8/><T115/><D115/><U38/><E38/><V130/><F130/><W60/><G135/><T123/><D40/><U122/><E122/><V106/><F106/><W125/><G125/><T101/><D107/><U97/><E51/><V76/><F76/><W111/><G111/><T68/><D123/><RYUUKYOKU ba="0,1" sc="250,-10,250,-10,240,30,250,-10" hai2="10,14,24,28,34,42,45,50,77,80,85,89,90" /><INIT seed="1,1,1,4,0,101" ten="240,240,270,240" oya="1" hai0="77,50,55,135,26,115,17,46,10,5,68,70,6" hai1="49,28,2,51,69,89,117,14,129,112,125,104,103" hai2="92,126,118,105,34,76,38,30,53,40,108,41,39" hai3="122,123,91,74,36,84,32,24,22,35,64,29,107"/><U47/><E2/><V63/><F118/><W62/><G74/><T99/><D115/><U82/><E117/><V52/><F105/><W80/><G36/><T98/><D135/><U3/><E3/><V27/><F126/><W86/><G107/><T85/><D68/><U44/><E112/><V67/><F76/><W97/><G97/><T110/><D70/><U95/><E69/><V96/><F108/><W133/><G133/><T58/><D110/><U114/><E114/><V18/><F18/><W13/><G86/><T88/><D77/><U134/><E104/><V21/><F34/><W1/><G1/><T116/><D116/><U66/><E129/><V54/><F39/><W75/><G75/><T102/><D102/><U83/><E103/><N who="2" m="60807" /><F38/><W11/><G35/><T111/><D111/><U9/><E28/><V0/><F0/><W130/><G32/><T37/><D37/><U100/><E100/><V121/><F121/><W33/><G33/><T4/><D46/><N who="1" m="17451" /><E125/><V42/><F42/><W59/><REACH who="3" step="1"/><G130/><REACH who="3" ten="240,240,270,230" step="2"/><T56/><D99/><N who="1" m="57839" /><E134/><V71/><F40/><W45/><G45/><T124/><D98/><U73/><E73/><V31/><F41/><W65/><G65/><T7/><D124/><U119/><E66/><V57/><F71/><W15/><G15/><N who="0" m="7415" /><D56/><U61/><E119/><V93/><F93/><W127/><G127/><T43/><D26/><U81/><E14/><V128/><F128/><W106/><G106/><T94/><N who="0" m="1024" /><DORA hai="120" /><T87/><D85/><U131/><E131/><V109/><F109/><W20/><G20/><T23/><D43/><U25/><E25/><RYUUKYOKU ba="1,2" sc="240,10,240,-30,270,10,230,10" hai0="23,50,55,58,87,88,94" hai2="21,27,30,31,52,53,54,57,63,67" hai3="11,13,22,24,29,59,62,64,80,84,91,122,123" /><INIT seed="2,2,2,1,2,16" ten="250,210,280,240" oya="2" hai0="121,88,21,52,75,123,108,96,48,27,94,6,22" hai1="42,73,67,3,124,81,43,135,69,41,34,39,77" hai2="127,45,118,68,35,111,63,76,50,71,100,33,128" hai3="58,103,24,10,115,132,106,130,131,122,112,26,90"/><V85/><F118/><W15/><G122/><T120/><D75/><U102/><E124/><V99/><F127/><W0/><G0/><T18/><D108/><U7/><E135/><V64/><F111/><W110/><G110/><T78/><D78/><U119/><E119/><V51/><F71/><W80/><G132/><T104/><D104/><U31/><E102/><V37/><F37/><W47/><G103/><T9/><D22/><U72/><E72/><V55/><F128/><N who="3" m="49195" /><G106/><T20/><D20/><U49/><E49/><V133/><F133/><W60/><G47/><T32/><D32/><U30/><E34/><V97/><F97/><W54/><G90/><T105/><D105/><U82/><E82/><V117/><F117/><W8/><G80/><T66/><D66/><U87/><E73/><V116/><F116/><W125/><G125/><T1/><D123/><U62/><REACH who="1" step="1"/><E39/><REACH who="1" ten="250,200,280,240" step="2"/><V126/><F126/><W79/><G79/><T25/><D25/><N who="3" m="9833" /><G8/><AGARI ba="2,3" hai="3,7,8,30,31,41,42,43,62,67,69,77,81,87" machi="8" ten="40,1300,0" yaku="1,1,53,0" doraHai="16" doraHaiUra="70" who="1" fromWho="3" sc="250,0,200,49,280,0,240,-19" /><INIT seed="3,0,0,3,3,72" ten="250,249,280,221" oya="3" hai0="16,62,129,102,113,133,22,57,25,88,73,135,23" hai1="91,0,90,32,14,33,61,134,44,49,81,99,54" hai2="103,76,126,50,38,53,93,123,98,63,82,124,74" hai3="131,64,125,42,100,95,56,118,83,116,39,48,21"/><W117/><G125/><N who="2" m="48233" /><F38/><W70/><G131/><T121/><D121/><U51/><E0/><V78/><F123/><W119/><N who="3" m="30208" /><DORA hai="75" /><W6/><G6/><T92/><D129/><U4/><E134/><N who="0" m="51209" /><D102/><U115/><E115/><V120/><F120/><W80/><G21/><N who="0" m="13479" /><D73/><U114/><E114/><V58/><F78/><W128/><G128/><T43/><D43/><U132/><E132/><V87/><F74/><W11/><G11/><T55/><D113/><U36/><E36/><V106/><F63/><W2/><G2/><T84/><AGARI ba="0,0" hai="22,23,55,57,62,84,88,92" m="13479,51209" machi="84" ten="30,4000,0" yaku="20,1,54,2" doraHai="72,75" who="0" fromWho="0" sc="250,40,249,-10,280,-10,221,-20" /><INIT seed="4,0,0,5,0,109" ten="290,239,270,201" oya="0" hai0="129,107,108,99,46,66,80,13,14,4,28,79,18" hai1="104,123,47,95,94,103,100,73,91,71,54,24,83" hai2="45,74,92,85,118,57,134,53,93,132,64,33,122" hai3="76,23,111,89,0,5,48,82,44,9,135,125,105"/><T133/><D108/><U106/><E71/><V121/><F74/><W25/><G111/><T58/><D28/><U87/><E24/><V114/><F33/><W6/><G125/><T41/><D129/><U110/><E54/><V15/><F118/><W88/><G135/><T116/><D116/><U72/><E47/><V50/><F15/><W115/><G6/><T97/><D107/><N who="1" m="41003" /><E110/><V128/><F128/><W49/><G105/><T130/><D133/><N who="2" m="51306" /><F85/><W84/><G115/><T36/><D58/><U124/><E124/><V1/><F114/><W26/><G49/><T40/><D66/><U20/><E20/><V98/><F1/><W63/><G63/><T55/><D41/><U62/><E62/><N who="2" m="37967" /><F92/><N who="1" m="35369" /><E123/><V69/><F69/><W70/><G70/><T8/><D130/><U86/><E86/><V119/><F119/><W43/><REACH who="3" step="1"/><G26/><REACH who="3" ten="290,239,270,191" step="2"/><T31/><D36/><U101/><AGARI ba="0,1" hai="72,73,83,87,91,100,101,103" m="35369,41003" machi="101" ten="40,8000,1" yaku="35,5" doraHai="109" who="1" fromWho="1" sc="290,-40,239,90,270,-20,191,-20" /><INIT seed="5,0,0,2,2,76" ten="250,329,250,171" oya="1" hai0="98,125,79,123,124,75,1,26,106,134,127,103,121" hai1="10,84,41,89,64,59,115,110,5,12,31,128,19" hai2="7,34,81,16,88,71,86,105,69,28,129,109,78" hai3="67,65,4,8,17,53,91,15,11,60,112,45,87"/><U73/><E73/><V90/><F109/><W2/><G112/><T20/><D134/><U23/><E115/><V25/><F105/><W130/><G130/><T108/><D108/><U126/><E126/><V62/><F129/><W97/><G97/><T46/><D46/><U27/><E128/><V42/><F7/><W114/><G114/><T117/><D117/><U47/><E110/><V118/><F118/><W51/><REACH who="3" step="1"/><G60/><REACH who="3" ten="250,329,250,161" step="2"/><T22/><D121/><U48/><E64/><V119/><F62/><W50/><G50/><T57/><D123/><U0/><E59/><V6/><F119/><W14/><G14/><T49/><D1/><U107/><E107/><V61/><F61/><W21/><G21/><T24/><D22/><U43/><E0/><V93/><F71/><W96/><G96/><T94/><D106/><U83/><E48/><V85/><F69/><W40/><G40/><T74/><D49/><N who="1" m="26863" /><E43/><V99/><F42/><W35/><G35/><T66/><D57/><U36/><E36/><V131/><F131/><W63/><G63/><T104/><D66/><U113/><E113/><V95/><F34/><W52/><G52/><T132/><D104/><U58/><E58/><V39/><F39/><W3/><G3/><T18/><D124/><U54/><E54/><V111/><F111/><W72/><G72/><T70/><D125/><U33/><E33/><V38/><F38/><W37/><G37/><T122/><D127/><U13/><E13/><V133/><F99/><W100/><G100/><T92/><D122/><U82/><E12/><V29/><F25/><N who="0" m="9834" /><D75/><U55/><E27/><RYUUKYOKU ba="0,1" sc="250,-10,329,-10,250,-10,161,30" hai3="2,4,8,11,15,17,45,51,53,65,67,87,91" /><INIT seed="6,1,1,5,5,127" ten="240,319,240,191" oya="2" hai0="56,57,43,14,89,107,35,40,28,22,132,72,63" hai1="46,70,15,26,129,50,38,91,74,12,49,13,83" hai2="97,119,90,114,76,133,101,92,48,45,87,47,121" hai3="51,27,81,37,23,0,135,113,19,82,79,115,118"/><V25/><F121/><W54/><G118/><T64/><D72/><U65/><E74/><V123/><F123/><W8/><G135/><T116/><D107/><U106/><E106/><V60/><F119/><W67/><G37/><T30/><D132/><U4/><E70/><V69/><F133/><W95/><G67/><T84/><D35/><U108/><E38/><V93/><F114/><N who="3" m="43531" /><G95/><T117/><D56/><U52/><E65/><V80/><F69/><W58/><G79/><T96/><D96/><U111/><E26/><V41/><F60/><W24/><G24/><T124/><D124/><U88/><E4/><AGARI ba="1,1" hai="0,4,8,19,23,27,51,54,58,81,82" m="43531" machi="4" ten="30,2000,0" yaku="15,1,11,1" doraHai="127" who="3" fromWho="1" sc="240,0,319,-23,240,0,191,33" /><INIT seed="7,0,0,4,0,0" ten="240,296,240,224" oya="3" hai0="121,101,70,21,98,109,39,53,107,8,63,93,58" hai1="48,15,34,64,133,96,27,114,57,30,60,10,124" hai2="74,69,102,116,118,14,25,80,42,117,59,126,47" hai3="29,41,3,110,32,88,36,33,43,67,127,26,44"/><W2/><G33/><T119/><D109/><U52/><E124/><V128/><F69/><W31/><G31/><T66/><D119/><U135/><E114/><V75/><F126/><W90/><G127/><T56/><D121/><U4/><REACH who="1" step="1"/><E96/><REACH who="1" ten="240,286,240,224" step="2"/><V103/><F117/><W129/><G129/><T19/><D39/><U55/><E55/><V28/><F128/><W105/><G110/><T12/><D107/><U78/><E78/><V17/><F118/><W71/><G105/><T113/><D113/><U40/><E40/><V6/><F42/><W132/><G132/><T1/><D1/><U11/><E11/><V134/><F116/><W37/><G43/><T54/><D54/><U23/><E23/><V91/><F134/><W46/><G37/><T87/><D53/><U72/><E72/><V125/><F75/><W5/><G5/><T99/><D99/><U77/><E77/><V82/><F6/><W50/><G2/><T100/><D100/><U85/><E85/><V49/><F103/><W22/><G3/><T45/><D87/><U106/><E106/><V65/><F102/><W24/><G36/><T115/><D115/><U104/><E104/><V62/><F74/><W94/><G46/><AGARI ba="0,1" hai="4,10,15,27,30,34,46,48,52,57,60,64,133,135" machi="46" ten="40,5200,0" yaku="1,1,52,1,54,1,53,0" doraHai="0" doraHaiUra="35" who="1" fromWho="3" sc="240,0,286,62,240,0,224,-52" owari="240,4.0,348,45.0,240,-16.0,172,-33.0" /></mjloggm>