<mjloggm ver="2.3"><GO type="97" lobby="0"/><UN n0="%50%6F%74%6F%73%68%69" n1="%E3%81%AD%E3%82%8B%E3%81%A6%E3%81%83%E3%82%93" n2="%E4%BB%8A%E4%BA%95%E6%88%B8%45%58" n3="%E5%B0%B1%E6%B4%BB%E7%94%9F%40%E5%B7%9D%E6%9D%91%E8%BB%8D%E5%9B%A3" dan="15,14,14,16" rate="1995.43,1916.12,1880.29,2079.17" sx="F,F,M,M"/><TAIKYOKU oya="0"/><INIT seed="0,0,0,5,1,108" ten="250,250,250,250" oya="0" hai0="134,65,98,45,17,115,1,47,125,3,90,100,18" hai1="81,59,22,73,63,111,92,91,5,26,42,117,57" hai2="54,76,70,60,69,129,61,79,96,4,35,72,127" hai3="84,25,55,51,14,133,28,64,75,41,11,77,130"/><T7/><D125/><U94/><E117/><V82/><F35/><W109/><G75/><T53/><D134/><U87/><E111/><V2/><F127/><W52/><G109/><T31/><D31/><U74/><E5/><V95/><F129/><W123/><G64/><T0/><D7/><U12/><E12/><V49/><F4/><N who="3" m="3431" /><G130/><T124/><D124/><U83/><E42/><V29/><F29/><W126/><G123/><T44/><D90/><U86/><E22/><V80/><F2/><W56/><G126/><T97/><D115/><U46/><E46/><V121/><F121/><W131/><G131/><T10/><D65/><U8/><E26/><V114/><F114/><W24/><G133/><T50/><D10/><U102/><E8/><V67/><F61/><N who="3" m="35975" /><G41/><T27/><D27/><U105/><E105/><V30/><F30/><W112/><G112/><T15/><D15/><U40/><E40/><V38/><F38/><W19/><G19/><T39/><D39/><U9/><E74/><V37/><F37/><W106/><G106/><T62/><D62/><U119/><E63/><V93/><F96/><W32/><G32/><T6/><D6/><U107/><E73/><V34/><F34/><W135/><G28/><T85/><D85/><U21/><E87/><V88/><F70/><W120/><G120/><T48/><D97/><U101/><E86/><V122/><F122/><W58/><G135/><T43/><REACH who="0" step="1"/><D44/><REACH who="0" ten="240,250,250,250" step="2"/><U113/><E113/><V132/><F132/><W36/><G36/><T68/><D68/><U103/><E9/><V89/><F89/><W116/><G116/><RYUUKYOKU ba="0,1" sc="240,15,250,-15,250,-15,250,15" hai0="0,1,3,17,18,43,45,47,48,50,53,98,100" hai3="24,25,51,55,58,77,84" /><INIT seed="0,1,1,3,0,73" ten="255,235,235,265" oya="0" hai0="111,91,10,55,92,89,25,49,70,78,5,98,62" hai1="122,80,28,27,7,2,23,123,114,88,126,47,33" hai2="113,96,82,108,40,43,101,60,57,104,13,39,48" hai3="20,24,68,84,29,131,107,61,69,3,4,79,110"/><T0/><D111/><U132/><E132/><V11/><F113/><W129/><G107/><T102/><D25/><U133/><E133/><V95/><F108/><W76/><G84/><T41/><D41/><U54/><E126/><V35/><F35/><W125/><G125/><T130/><D130/><N who="3" m="49673" /><G110/><T94/><D78/><N who="3" m="29737" /><G61/><T90/><D70/><N who="3" m="27241" /><G4/><T12/><D62/><U127/><E127/><V59/><F39/><W85/><G85/><T120/><D120/><U67/><E67/><V115/><F115/><W19/><G3/><T83/><D83/><U128/><E128/><V42/><F82/><W112/><G112/><T63/><D63/><U65/><E65/><V72/><F72/><W99/><G99/><T118/><D118/><U81/><E7/><V18/><F104/><W53/><G53/><T37/><D37/><U30/><E2/><V87/><F87/><W50/><G50/><T17/><D0/><U109/><E54/><N who="2" m="31943" /><F43/><W74/><G74/><T22/><D5/><U8/><E114/><V1/><F1/><W93/><G93/><T106/><REACH who="0" step="1"/><D10/><REACH who="0" ten="245,235,235,265" step="2"/><U121/><E8/><V56/><F56/><AGARI ba="1,2" hai="12,17,22,49,55,56,89,90,91,92,94,98,102,106" machi="56" ten="40,3900,0" yaku="1,1,2,1,53,0" doraHai="73" doraHaiUra="119" who="0" fromWho="2" sc="245,62,235,0,235,-42,265,0" /><INIT seed="0,2,0,3,2,97" ten="307,235,193,265" oya="0" hai0="32,9,62,10,79,5,11,83,57,70,38,94,2" hai1="85,51,95,45,46,135,88,30,49,18,56,24,126" hai2="14,37,128,41,107,65,90,27,105,119,129,29,34" hai3="67,84,19,86,21,33,23,111,48,81,28,58,1"/><T36/><D32/><U0/><E0/><V6/><F119/><W104/><G1/><T113/><D113/><U69/><E69/><V93/><F65/><W116/><G104/><T15/><D70/><U124/><E135/><V125/><F125/><W16/><G33/><T117/><D117/><U87/><E18/><N who="3" m="6698" /><G111/><T22/><D22/><N who="3" m="8201" /><G28/><T127/><D127/><N who="1" m="48683" /><E87/><N who="3" m="33322" /><G81/><T35/><D35/><N who="1" m="20935" /><E56/><V8/><F41/><W42/><G116/><T115/><D115/><U121/><E121/><V120/><F37/><W101/><G101/><T54/><D94/><U20/><E20/><V7/><F7/><W25/><G25/><T96/><D96/><U100/><E100/><V66/><F66/><W114/><G114/><T3/><D3/><U4/><E4/><V102/><F102/><W17/><N who="3" m="6706" /><W71/><DORA hai="123" /><G71/><T77/><D10/><U103/><E103/><V40/><F40/><W112/><G112/><T99/><D99/><U60/><E60/><V131/><REACH who="2" step="1"/><F120/><REACH who="2" ten="307,235,183,265" step="2"/><W31/><G42/><T63/><D5/><U78/><E78/><V109/><F109/><W108/><G108/><T72/><D77/><U130/><E130/><V92/><F92/><W82/><G31/><T89/><D79/><U122/><E122/><V75/><F75/><W26/><G26/><T50/><D72/><U133/><E133/><V39/><F39/><W64/><G82/><T80/><D38/><U110/><E110/><V44/><F44/><AGARI ba="2,1" hai="44,45,46,49,51,85,88,95" m="20935,48683" machi="44" ten="30,2000,0" yaku="18,1,54,1" doraHai="97,123" who="1" fromWho="2" sc="307,0,235,36,183,-26,265,0" /><INIT seed="1,0,0,1,3,79" ten="307,271,157,265" oya="1" hai0="102,82,9,73,87,117,131,3,60,27,2,125,89" hai1="107,19,18,86,45,100,116,113,95,115,15,62,103" hai2="130,0,118,76,37,14,77,40,94,88,81,10,101" hai3="7,26,75,6,43,99,65,49,12,93,22,17,31"/><U114/><E116/><V11/><F118/><W120/><G75/><T92/><D117/><U36/><E107/><V123/><F123/><W4/><G120/><T96/><D125/><U53/><E19/><V46/><F130/><W134/><G134/><T111/><D131/><U63/><E36/><V72/><F101/><W52/><G43/><T108/><D60/><U122/><E122/><V132/><F132/><W8/><G65/><T105/><D27/><U54/><E103/><V48/><F77/><W33/><G93/><T21/><D21/><U66/><E45/><V24/><F24/><W69/><G99/><T42/><D42/><U112/><E63/><V91/><F0/><W83/><G83/><T78/><D9/><U128/><E128/><V56/><F10/><W34/><REACH who="3" step="1"/><G69/><REACH who="3" ten="307,271,157,255" step="2"/><T97/><D97/><U20/><E112/><V127/><F127/><W47/><AGARI ba="0,1" hai="4,6,7,8,12,17,22,26,31,33,34,47,49,52" machi="47" ten="30,7900,0" yaku="1,1,2,1,0,1,54,1,53,0" doraHai="79" doraHaiUra="119" who="3" fromWho="3" sc="307,-20,271,-39,157,-20,255,89" /><INIT seed="2,0,0,3,3,46" ten="287,232,137,344" oya="2" hai0="105,95,70,129,51,80,58,124,126,81,102,118,130" hai1="116,66,9,135,73,92,22,23,132,21,121,112,37" hai2="78,119,71,110,13,113,50,41,15,96,55,10,28" hai3="67,60,30,56,61,111,65,8,31,27,26,49,19"/><V20/><F119/><W77/><G111/><T133/><D70/><U14/><E73/><V120/><F120/><W107/><G107/><T100/><D105/><U24/><E66/><V76/><F71/><W90/><G77/><T114/><D114/><U74/><E74/><V98/><F113/><W47/><G90/><T12/><D118/><U39/><E92/><V68/><F68/><W0/><G0/><T97/><D12/><U18/><E116/><V32/><F32/><W83/><G83/><T109/><D109/><U42/><E112/><V91/><F110/><W11/><G19/><T101/><D133/><N who="1" m="51275" /><E121/><V38/><F38/><N who="1" m="14345" /><E42/><V134/><F134/><W125/><G125/><N who="0" m="48235" /><D58/><U115/><E115/><V72/><F72/><W122/><G122/><T104/><D51/><U34/><E34/><V57/><F41/><N who="3" m="24815" /><G61/><T123/><D123/><U131/><E131/><N who="0" m="50185" /><D104/><U52/><E52/><V108/><F108/><W4/><G67/><T2/><D2/><U7/><AGARI ba="0,0" hai="7,9,14,18,21,22,23,24" m="14345,51275" machi="7" ten="30,1100,0" yaku="20,1" doraHai="46" who="1" fromWho="1" sc="287,-3,232,11,137,-5,344,-3" /><INIT seed="3,0,0,3,4,2" ten="284,243,132,341" oya="3" hai0="77,102,57,97,22,13,28,62,70,110,86,96,61" hai1="98,38,107,44,9,8,11,116,55,132,52,50,47" hai2="83,112,80,49,34,99,123,26,60,126,113,3,54" hai3="91,134,129,64,88,115,67,79,87,24,85,82,128"/><W131/><G115/><T0/><D0/><U89/><E132/><V81/><F123/><W120/><G134/><T103/><D70/><U119/><E38/><V51/><F126/><W35/><G120/><T114/><D114/><U125/><E125/><V109/><F3/><W42/><G42/><T6/><D110/><U33/><E33/><V39/><F109/><W12/><G12/><T21/><D62/><U63/><E63/><V95/><F39/><W127/><G127/><T32/><D32/><U29/><E29/><V58/><F34/><W68/><G68/><T25/><D102/><U100/><E89/><N who="3" m="34378" /><G85/><T135/><D135/><U16/><E16/><V48/><REACH who="2" step="1"/><F26/><REACH who="2" ten="284,243,122,341" step="2"/><W93/><G24/><T19/><D25/><U76/><E116/><V74/><F74/><W4/><G35/><T10/><D28/><U108/><E119/><V124/><F124/><W101/><G128/><T72/><D72/><U121/><E121/><V41/><F41/><W5/><G129/><T105/><D105/><U27/><E108/><V65/><F65/><W59/><G131/><T53/><D53/><U69/><E27/><V111/><F111/><W84/><G67/><T133/><D133/><U45/><E55/><V90/><AGARI ba="0,1" hai="48,49,51,54,58,60,80,81,83,90,95,99,112,113" machi="90" ten="30,2000,0" yaku="1,1,0,1,53,0" doraHai="2" doraHaiUra="14" who="2" fromWho="2" sc="284,-5,243,-5,122,30,341,-10" owari="279,8.0,238,-16.0,152,-35.0,331,43.0" /></mjloggm>