<mjloggm ver="2.3"><GO type="169" lobby="0"/><UN n0="%E3%82%A2%E3%83%83%E3%83%97%E3%83%AB%E3%82%B0%E3%83%9F" n1="%E3%81%87%E3%82%8B%E3%81%87%E3%82%8B" n2="%74%61%72%6F%33%39%30%30" n3="%E3%83%88%E3%83%88%E3%83%AA%E5%85%88%E7%94%9F%31%39%E6%AD%B3" dan="17,16,18,18" rate="2195.44,2135.38,2232.46,2234.54" sx="M,M,M,F"/><TAIKYOKU oya="0"/><INIT seed="0,0,0,5,4,4" ten="250,250,250,250" oya="0" hai0="111,60,106,135,119,44,3,61,113,13,90,109,36" hai1="125,107,99,86,114,51,7,110,0,19,116,70,14" hai2="25,57,50,127,31,59,42,75,131,53,34,11,18" hai3="130,103,85,38,47,84,56,8,112,67,89,97,66"/><T48/><D3/><U30/><E116/><V81/><F131/><W105/><G130/><T45/><D106/><U82/><E70/><V72/><F127/><W15/><G112/><T87/><D113/><U63/><E63/><V21/><F42/><W69/><G69/><T93/><D119/><U115/><E30/><V83/><F59/><W132/><G132/><T123/><D123/><U12/><E0/><V39/><F39/><W43/><G56/><T17/><D36/><U5/><E110/><N who="0" m="41993" /><D135/><U101/><E125/><V49/><F49/><W46/><G46/><N who="0" m="18027" /><D48/><U117/><E51/><V68/><F68/><W128/><G128/><T37/><D37/><U121/><E117/><V6/><F75/><W1/><G1/><T98/><D98/><U64/><E121/><V20/><F72/><W74/><G74/><T108/><N who="0" m="42001" /><T102/><DORA hai="78" /><D102/><U55/><E107/><V62/><F50/><W126/><G126/><T28/><D28/><U71/><E101/><V129/><F129/><W80/><REACH who="3" step="1"/><G85/><REACH who="3" ten="250,250,250,240" step="2"/><T124/><D124/><U65/><E86/><V40/><F40/><W2/><G2/><T9/><AGARI ba="0,1" hai="9,13,17,60,61,87,90,93" m="18027,42001" machi="9" ten="40,7800,0" yaku="14,1,10,1,52,1" doraHai="4,78" who="0" fromWho="0" sc="250,88,250,-26,250,-26,240,-26" /><INIT seed="0,1,0,4,2,125" ten="338,224,224,214" oya="0" hai0="27,54,5,82,113,91,100,51,32,73,116,78,108" hai1="22,25,103,67,35,84,20,53,79,10,92,111,126" hai2="129,3,119,122,24,118,102,19,106,40,75,8,21" hai3="1,43,114,47,74,72,109,6,131,121,85,65,4"/><T77/><D113/><U112/><E67/><V9/><F122/><W55/><G114/><T135/><D116/><N who="2" m="44586" /><F75/><W33/><G121/><T70/><D70/><U31/><E112/><V96/><F40/><W11/><G33/><T16/><D100/><U0/><E111/><V99/><F99/><W133/><G109/><T83/><D108/><U104/><E104/><V81/><F81/><W56/><G65/><T62/><D62/><U88/><E103/><V94/><F106/><W98/><G133/><T107/><D107/><U57/><E79/><V60/><F60/><W127/><G127/><T80/><D5/><U117/><E117/><V58/><F58/><W30/><G30/><T37/><D37/><U45/><E45/><V115/><F115/><W89/><G98/><T134/><D91/><U132/><E132/><N who="0" m="50729" /><D73/><U130/><E126/><V66/><F66/><W59/><G4/><T93/><D93/><U64/><E64/><V28/><F3/><W38/><G72/><T15/><D32/><U36/><E36/><V23/><F129/><W7/><G131/><T12/><D27/><AGARI ba="1,0" hai="8,9,19,21,23,24,27,28,94,96,102" m="44586" machi="27" ten="30,1000,0" yaku="12,1" doraHai="125" who="2" fromWho="0" sc="338,-13,224,0,224,13,214,0" /><INIT seed="1,0,0,2,0,74" ten="325,224,237,214" oya="1" hai0="22,4,110,117,1,0,61,126,63,43,9,132,113" hai1="47,71,102,14,5,68,64,121,72,116,79,56,44" hai2="111,65,59,53,60,106,54,41,83,7,108,17,37" hai3="134,30,131,19,49,36,2,86,85,135,70,45,24"/><U80/><E121/><V130/><F106/><W118/><G70/><T11/><D113/><U95/><E116/><V32/><F32/><W81/><G2/><T13/><D117/><U10/><E56/><V62/><F7/><W94/><G36/><T96/><D43/><U18/><E64/><N who="2" m="38943" /><F83/><W125/><G125/><T25/><D126/><U16/><E71/><N who="2" m="42423" /><F17/><W42/><G118/><T46/><D46/><U88/><E68/><V28/><F28/><W99/><G131/><T76/><D96/><U91/><E102/><V82/><F82/><W8/><G8/><T48/><D48/><U15/><E5/><V66/><F66/><W133/><G19/><T127/><D127/><U119/><E119/><V105/><F105/><W98/><G94/><T38/><D1/><U104/><E104/><V87/><F87/><W129/><G86/><T120/><D9/><U57/><E91/><V20/><F20/><N who="3" m="15623" /><G129/><T89/><D11/><U90/><E90/><AGARI ba="0,0" hai="42,45,49,81,85,90,98,99,133,134,135" m="15623" machi="90" ten="30,1000,0" yaku="20,1" doraHai="74" who="3" fromWho="1" sc="325,0,224,-10,237,0,214,10" /><INIT seed="2,0,0,0,4,81" ten="325,214,237,224" oya="2" hai0="40,127,77,62,126,134,88,86,59,104,90,32,55" hai1="107,48,100,49,65,28,103,46,39,119,116,13,14" hai2="131,67,27,43,4,2,102,124,54,79,23,129,10" hai3="121,18,70,33,94,69,117,5,3,101,6,82,125"/><V34/><F34/><W12/><G121/><T66/><D32/><U85/><E39/><V98/><F124/><N who="0" m="47658" /><D104/><U0/><E0/><V7/><F43/><W92/><G33/><T93/><D134/><U47/><E107/><V132/><F132/><W45/><G125/><T56/><D40/><U64/><REACH who="1" step="1"/><E28/><REACH who="1" ten="325,204,237,224" step="2"/><V120/><F2/><W9/><G3/><T63/><D77/><U37/><E37/><V24/><F79/><W76/><G117/><T41/><D41/><U135/><E135/><V50/><F129/><W95/><G101/><T89/><AGARI ba="0,1" hai="55,56,59,62,63,66,86,88,89,90,93" m="47658" machi="89" ten="30,4000,0" yaku="18,1,52,1,54,1" doraHai="81" who="0" fromWho="0" sc="325,50,204,-10,237,-20,224,-10" /><INIT seed="3,0,0,3,1,83" ten="375,194,217,214" oya="3" hai0="121,116,113,33,98,4,104,72,94,70,126,31,6" hai1="95,19,75,133,48,69,79,107,11,35,22,96,41" hai2="77,5,118,42,54,129,36,100,60,40,87,78,14" hai3="18,53,74,58,65,59,82,21,93,51,10,63,43"/><W27/><G43/><T101/><D116/><U130/><E35/><V73/><F73/><W3/><G74/><T124/><D121/><U97/><E69/><V38/><F118/><W67/><G3/><T88/><D70/><U86/><E75/><V30/><F129/><W117/><G117/><T81/><D113/><U66/><E66/><V89/><F100/><W45/><G82/><T108/><D108/><U76/><E133/><V46/><F30/><W131/><G131/><T122/><D122/><U84/><E11/><V37/><F77/><W29/><G65/><T1/><D1/><U128/><E107/><V24/><F78/><W32/><G10/><T62/><D62/><U92/><E41/><V0/><F24/><W111/><G111/><T25/><D81/><U8/><E8/><V127/><F0/><W132/><G132/><T110/><D72/><U125/><E48/><V9/><F127/><N who="0" m="48682" /><D110/><U123/><E125/><V90/><F90/><W23/><G18/><T85/><AGARI ba="0,0" hai="4,6,25,31,33,85,88,94,98,101,104" m="48682" machi="85" ten="30,4000,0" yaku="18,1,52,1,54,1" doraHai="83" who="0" fromWho="0" sc="375,40,194,-10,217,-10,214,-20" /><INIT seed="4,0,0,0,0,68" ten="415,184,207,194" oya="0" hai0="72,88,131,11,6,87,46,9,100,59,63,45,61" hai1="37,132,18,116,84,129,7,91,75,1,29,127,89" hai2="99,79,19,15,107,28,2,112,86,103,65,93,121" hai3="48,44,67,52,77,34,125,22,117,12,27,85,110"/><T41/><D72/><U20/><E75/><V10/><F121/><W80/><G117/><T4/><D100/><U14/><E116/><V119/><F119/><W108/><G125/><T76/><D76/><U62/><E127/><V104/><F112/><W56/><G34/><T58/><D131/><U32/><E129/><V16/><F28/><W57/><G12/><T109/><D41/><U114/><E62/><V23/><F65/><W47/><G67/><T78/><D78/><U115/><E132/><V90/><F79/><W53/><G108/><T24/><D24/><U97/><E97/><V130/><F130/><W17/><REACH who="3" step="1"/><G110/><REACH who="3" ten="415,184,207,184" step="2"/><T96/><D109/><U135/><E135/><V74/><F2/><W49/><AGARI ba="0,1" hai="17,22,27,44,47,48,49,52,53,56,57,77,80,85" machi="49" ten="20,12000,2" yaku="1,1,2,1,0,1,7,1,9,1,8,1,54,1,53,0" doraHai="68" doraHaiUra="95" who="3" fromWho="3" sc="415,-60,184,-30,207,-30,184,130" /><INIT seed="5,0,0,2,1,96" ten="355,154,177,314" oya="1" hai0="119,84,90,123,98,55,128,52,67,53,10,79,14" hai1="108,31,78,56,74,33,118,17,46,28,135,34,35" hai2="8,133,22,88,91,75,49,69,40,27,112,129,103" hai3="45,54,114,44,97,48,113,11,95,115,68,71,70"/><U76/><E118/><V21/><F69/><W124/><G124/><T13/><D119/><U72/><E46/><V42/><F75/><N who="1" m="28713" /><E56/><V121/><F121/><W105/><G105/><T58/><D128/><U100/><E17/><V29/><F129/><W82/><G82/><N who="0" m="47199" /><D123/><U130/><E130/><V12/><F133/><W61/><G11/><T106/><D106/><U47/><E47/><V20/><F112/><W4/><G4/><N who="0" m="3271" /><D14/><U111/><E100/><V120/><F103/><N who="3" m="60863" /><G44/><T77/><D77/><N who="1" m="29803" /><E135/><V110/><F120/><W127/><G127/><T73/><D73/><U85/><E85/><V24/><F24/><W83/><G83/><T3/><D3/><U18/><E18/><V93/><F27/><W7/><G7/><T41/><D41/><U86/><E86/><V16/><F42/><W39/><G39/><T94/><D67/><AGARI ba="0,0" hai="45,48,54,61,67,68,70,71,113,114,115" m="60863" machi="67" ten="30,2000,0" yaku="15,1,52,1" doraHai="96" who="3" fromWho="0" sc="355,-20,154,0,177,0,314,20" /><INIT seed="6,0,0,5,4,1" ten="335,154,177,334" oya="2" hai0="88,4,126,121,14,114,64,0,23,117,5,18,92" hai1="106,123,67,104,2,10,86,89,41,35,128,25,101" hai2="21,66,32,75,124,69,42,33,50,3,102,24,105" hai3="65,45,39,15,49,96,119,113,52,55,58,56,131"/><V133/><F75/><W98/><G119/><T57/><D121/><U37/><E123/><V132/><F124/><W94/><G131/><T87/><D126/><U127/><E127/><V36/><F36/><W100/><G113/><T40/><D114/><U95/><E128/><V51/><F3/><W116/><G116/><T80/><D0/><U82/><E67/><V122/><F122/><W16/><G39/><T108/><D108/><U6/><E35/><N who="2" m="13387" /><F105/><W93/><G55/><T17/><D40/><U30/><E30/><N who="2" m="17679" /><F102/><N who="3" m="60687" /><G65/><T110/><D110/><U74/><E25/><V63/><F42/><W111/><G111/><T46/><D46/><N who="1" m="23855" /><E101/><V26/><F26/><W34/><G34/><T28/><D28/><U11/><E11/><AGARI ba="0,0" hai="11,15,16,45,49,52,56,58,94,98,100" m="60687" machi="11" ten="30,3900,0" yaku="8,1,54,2" doraHai="1" who="3" fromWho="1" sc="335,0,154,-39,177,0,334,39" /><INIT seed="7,0,0,5,5,88" ten="335,115,177,373" oya="3" hai0="82,112,67,54,78,46,105,20,36,131,64,23,38" hai1="27,31,125,42,40,66,73,70,10,45,56,106,110" hai2="34,25,80,79,108,33,75,117,26,122,13,119,91" hai3="61,109,86,18,71,28,120,39,4,92,32,41,5"/><W132/><G120/><T94/><D105/><U57/><E73/><V127/><F108/><W21/><G109/><T102/><D131/><U60/><E106/><V74/><F74/><W84/><G132/><T104/><D104/><U65/><E110/><V100/><F100/><W103/><G39/><T72/><D38/><N who="1" m="21655" /><E10/><V1/><F1/><W47/><G28/><T83/><D83/><U113/><E27/><V37/><F37/><W52/><G32/><T48/><D36/><U35/><E35/><V89/><F122/><W115/><G41/><T96/><REACH who="0" step="1"/><D112/><REACH who="0" ten="325,115,177,373" step="2"/><U76/><E76/><V95/><F80/><W90/><G115/><T7/><D7/><U24/><E113/><V63/><F79/><W128/><G128/><T43/><D43/><U101/><E42/><V107/><F107/><W50/><G103/><T121/><D121/><U130/><E101/><V69/><F117/><W44/><G5/><T53/><D53/><N who="1" m="33807" /><E130/><V19/><F34/><W135/><G4/><T99/><D99/><U29/><E29/><V0/><F33/><W114/><G114/><T3/><D3/><U55/><E31/><V134/><F0/><W81/><G135/><T6/><D6/><U15/><E24/><V87/><F26/><W16/><G81/><T85/><D85/><U126/><E15/><V58/><F87/><W9/><G84/><T62/><D62/><N who="1" m="36159" /><E70/><V111/><F69/><W2/><G71/><T11/><D11/><U124/><AGARI ba="0,1" hai="65,66,124,125,126" m="36159,33807,21655" machi="124" ten="30,4000,0" yaku="18,1,34,2" doraHai="88" who="1" fromWho="1" sc="325,-10,115,50,177,-10,373,-20" owari="315,12.0,165,-33.0,167,-23.0,353,44.0" /></mjloggm>