<mjloggm ver="2.3"><GO type="169" lobby="0"/><UN n0="%E3%81%97%E3%83%BC%E3%81%BA%E3%81%B5" n1="%E5%B0%B1%E6%B4%BB%E7%94%9F%40%E5%B7%9D%E6%9D%91%E8%BB%8D%E5%9B%A3" n2="%E7%B6%BE%E9%A6%99" n3="%E3%81%84%E3%81%AA%E3%81%97%E3%82%93%E3%80%82" dan="16,17,17,16" rate="2127.29,2196.89,2244.33,2096.12" sx="M,M,F,M"/><TAIKYOKU oya="0"/><INIT seed="0,0,0,3,4,73" ten="250,250,250,250" oya="0" hai0="80,34,86,74,68,58,29,66,64,90,133,121,77" hai1="5,24,25,0,125,119,62,115,9,28,126,120,109" hai2="54,78,44,32,35,10,75,67,89,7,39,20,4" hai3="47,79,14,57,87,65,83,91,17,102,60,45,3"/><T117/><D121/><U42/><E42/><V12/><F67/><W128/><G3/><T113/><D117/><U123/><E62/><V6/><F20/><W111/><G111/><T92/><D113/><U41/><E41/><V31/><F31/><W16/><G102/><T53/><D68/><U36/><E36/><V105/><F105/><W21/><G128/><T96/><D74/><U84/><E84/><V88/><F39/><W100/><G100/><T49/><REACH who="0" step="1"/><D133/><REACH who="0" ten="240,250,250,250" step="2"/><U112/><E119/><V2/><F75/><W26/><REACH who="3" step="1"/><G91/><REACH who="3" ten="240,250,250,240" step="2"/><T1/><D1/><U40/><E109/><V13/><F2/><W116/><G116/><T70/><D70/><U72/><E0/><V127/><F88/><W129/><G129/><T101/><D101/><U95/><E115/><V104/><F89/><W85/><G85/><T69/><D69/><U71/><E112/><V82/><F104/><W130/><G130/><T51/><D51/><U33/><E72/><V11/><F127/><W97/><G97/><T55/><D55/><U108/><E125/><V22/><F54/><W134/><G134/><T46/><D46/><U38/><E71/><V30/><F44/><W15/><G15/><T76/><D76/><U106/><E106/><V61/><F78/><W50/><G50/><T8/><D8/><AGARI ba="0,2" hai="8,14,16,17,21,26,45,47,57,60,65,79,83,87" machi="8" ten="30,8000,1" yaku="1,1,7,1,8,1,52,1,54,1,53,0" doraHai="73" doraHaiUra="132" who="3" fromWho="0" sc="240,-80,250,0,250,0,240,100" /><INIT seed="1,0,0,2,4,108" ten="160,250,250,340" oya="1" hai0="118,96,53,109,112,22,56,79,107,100,23,114,116" hai1="131,2,75,1,74,21,121,38,10,46,35,130,42" hai2="80,94,102,123,105,28,7,99,13,31,83,73,115" hai3="9,89,93,133,16,58,51,101,87,66,110,6,34"/><U18/><E121/><V55/><F123/><W4/><G34/><T48/><D79/><U25/><E35/><V113/><F55/><N who="3" m="32127" /><G110/><T128/><D109/><U122/><E122/><V126/><F105/><W62/><G133/><T127/><D127/><U117/><E117/><V76/><F83/><W69/><G69/><T95/><D107/><U60/><E60/><V12/><F126/><W15/><G66/><T98/><D98/><U5/><REACH who="1" step="1"/><E1/><REACH who="1" ten="160,240,250,340" step="2"/><V30/><REACH who="2" step="1"/><F7/><REACH who="2" ten="160,240,240,340" step="2"/><W119/><G119/><T88/><D118/><U124/><E124/><V64/><F64/><W37/><G4/><T81/><D116/><U8/><E8/><V39/><F39/><W111/><G37/><T84/><REACH who="0" step="1"/><D128/><AGARI ba="0,2" hai="2,5,10,18,21,25,38,42,46,74,75,128,130,131" machi="128" ten="40,3900,0" yaku="1,1,19,1,53,0" doraHai="108" doraHaiUra="86" who="1" fromWho="0" sc="160,-39,240,59,240,0,340,0" /><INIT seed="1,1,0,3,4,79" ten="121,299,240,340" oya="1" hai0="47,40,53,98,89,86,97,15,122,102,6,63,90" hai1="115,14,37,76,106,32,95,71,33,130,108,69,77" hai2="132,26,43,60,80,52,35,83,110,55,68,22,67" hai3="92,49,124,73,42,116,59,131,36,24,114,19,93"/><U54/><E106/><V126/><F35/><W8/><G73/><T99/><D122/><U75/><E115/><V125/><F132/><W72/><G72/><T61/><D6/><U28/><E37/><V84/><F43/><W62/><G36/><T135/><D135/><U16/><E130/><V7/><F7/><W87/><G114/><T123/><D123/><U128/><E128/><V66/><F67/><W70/><G70/><T34/><D34/><U58/><E108/><V85/><F110/><W46/><G124/><N who="2" m="47721" /><F85/><W17/><G131/><T56/><D15/><U44/><E44/><V134/><F134/><W91/><G116/><T41/><D102/><U23/><E95/><V133/><F133/><W104/><G104/><T96/><N who="0" m="24576" /><DORA hai="39" /><T82/><D90/><U105/><E105/><V112/><F112/><W109/><G109/><T101/><D101/><U4/><E4/><V50/><F84/><W45/><G45/><T31/><D31/><U29/><E33/><V12/><F12/><N who="3" m="7303" /><G19/><T127/><D127/><U107/><E107/><V117/><F117/><W64/><G24/><T120/><D120/><U119/><E119/><V78/><F78/><W51/><G51/><N who="0" m="28927" /><D61/><U81/><E76/><V65/><F65/><AGARI ba="1,0" hai="40,41,56,63,65,82,86,89" m="28927,24576" machi="65" ten="40,8000,1" yaku="8,1,52,3" doraHai="79,39" who="0" fromWho="2" sc="121,83,299,0,240,-83,340,0" /><INIT seed="2,0,0,4,1,100" ten="204,299,157,340" oya="2" hai0="108,30,59,23,130,22,112,101,76,42,127,114,41" hai1="27,21,98,73,118,39,9,37,50,85,117,7,29" hai2="83,0,20,75,16,69,62,11,74,47,77,103,15" hai3="132,68,57,48,79,72,24,58,89,88,31,110,12"/><V94/><F74/><W51/><G68/><T35/><D108/><U128/><E73/><V106/><F47/><W4/><G110/><T129/><D76/><U5/><E128/><N who="0" m="49257" /><D101/><U84/><E98/><V64/><F0/><W107/><G107/><T36/><D59/><U95/><E39/><V109/><F109/><W93/><G79/><T67/><D67/><U120/><E37/><V131/><F131/><W34/><G72/><T53/><D53/><U96/><E120/><V134/><F134/><W99/><G132/><T25/><D127/><U8/><E50/><V105/><REACH who="2" step="1"/><F11/><REACH who="2" ten="204,299,147,340" step="2"/><N who="3" m="4199" /><G58/><T63/><D114/><U1/><E117/><V38/><F38/><W104/><G57/><T92/><D36/><U52/><E118/><V33/><F33/><W122/><G34/><T44/><D44/><U133/><E133/><V14/><F14/><W43/><G122/><T2/><D35/><U70/><E70/><V102/><F102/><W80/><G43/><T124/><D2/><U126/><E126/><V13/><F13/><W60/><G24/><T3/><D3/><U19/><E8/><V18/><F18/><W119/><G31/><T26/><D41/><U81/><E9/><V65/><F65/><W78/><G119/><T17/><D25/><U55/><E1/><V90/><F90/><W45/><G89/><T82/><D26/><U6/><E19/><V91/><F91/><W116/><G88/><T121/><D17/><U10/><E10/><V66/><F66/><W97/><G45/><T71/><D124/><U113/><E113/><V61/><F61/><W46/><G116/><RYUUKYOKU ba="0,1" sc="204,-10,299,-10,147,30,340,-10" hai2="15,16,20,62,64,69,75,77,83,94,103,105,106" /><INIT seed="2,1,1,0,3,26" ten="194,289,177,330" oya="2" hai0="14,38,22,0,48,33,31,44,87,97,89,54,117" hai1="36,19,111,69,13,135,83,70,115,24,49,96,29" hai2="82,40,104,128,52,101,72,116,57,126,105,3,41" hai3="73,112,61,8,59,2,85,35,58,129,124,30,43"/><V5/><F116/><W47/><G73/><T102/><D0/><U134/><E36/><V25/><F128/><W68/><G129/><T123/><D38/><U81/><E115/><V67/><F67/><W7/><G112/><T56/><D123/><U64/><E49/><V51/><F126/><W121/><G121/><T37/><D37/><U9/><E111/><V60/><F101/><W18/><G124/><T23/><D117/><U90/><E96/><V98/><F98/><W66/><G18/><T131/><D131/><U15/><E15/><V76/><F41/><W133/><G133/><N who="1" m="50698" /><E90/><V79/><F79/><W99/><G99/><T113/><D113/><U27/><E27/><V91/><F91/><W130/><G130/><T63/><D14/><U12/><E12/><V107/><F25/><W71/><G71/><N who="1" m="27146" /><E64/><V4/><REACH who="2" step="1"/><F3/><REACH who="2" ten="194,289,167,330" step="2"/><W88/><G43/><N who="0" m="24607" /><D97/><U92/><E92/><V65/><F65/><W10/><G2/><T17/><D102/><U34/><AGARI ba="1,2" hai="9,13,19,24,29,34,81,83" m="27146,50698" machi="34" ten="30,2000,0" yaku="20,1,52,1" doraHai="26" who="1" fromWho="1" sc="194,-6,289,43,167,-11,330,-6" /><INIT seed="3,0,0,2,5,29" ten="188,332,156,324" oya="3" hai0="118,129,11,73,98,128,135,103,93,100,113,51,10" hai1="33,68,102,92,64,90,95,5,114,112,15,17,111" hai2="39,83,53,77,132,63,123,43,3,69,19,21,0" hai3="9,4,32,66,65,59,121,91,125,96,46,99,36"/><W16/><G121/><T78/><D118/><U75/><E75/><V130/><F123/><W27/><G125/><T117/><D135/><U72/><E72/><V44/><F132/><W87/><G36/><T120/><D117/><U104/><E5/><V58/><F69/><W55/><G46/><T76/><D120/><U110/><E33/><V2/><F130/><N who="0" m="50282" /><D113/><U52/><E104/><V119/><F119/><W70/><G70/><T56/><D103/><U38/><E38/><V40/><F43/><W71/><G71/><T79/><D73/><U94/><E102/><V18/><REACH who="2" step="1"/><F21/><REACH who="2" ten="188,332,146,324" step="2"/><N who="3" m="13735" /><G32/><T101/><D101/><U116/><E116/><V13/><F13/><N who="3" m="5287" /><G66/><T57/><D10/><U30/><E112/><V80/><F80/><N who="3" m="49639" /><G65/><T97/><D11/><U49/><E114/><V62/><F62/><AGARI ba="0,1" hai="55,59,62,96,99" m="49639,5287,13735" machi="62" ten="30,2900,0" yaku="8,1,54,1" doraHai="29" who="3" fromWho="2" sc="188,0,332,0,146,-29,324,39" /><INIT seed="3,1,0,2,4,44" ten="188,332,117,363" oya="3" hai0="125,126,49,7,67,88,98,21,110,15,0,11,39" hai1="113,43,61,96,93,41,128,85,123,37,47,101,75" hai2="127,8,10,114,63,42,134,46,35,54,58,69,36" hai3="99,104,94,129,70,103,27,29,1,81,87,121,4"/><W45/><G121/><T2/><D39/><U22/><E75/><V71/><F35/><W90/><G70/><T95/><D110/><U89/><E123/><V106/><F106/><W84/><G129/><T115/><D67/><U32/><E32/><V105/><F105/><W91/><G4/><T97/><D115/><U19/><E128/><V72/><F72/><W30/><G1/><T33/><D33/><U109/><E109/><V16/><F114/><W48/><REACH who="3" step="1"/><G27/><REACH who="3" ten="188,332,117,353" step="2"/><T40/><D2/><U102/><E113/><V65/><F69/><W34/><G34/><T56/><D0/><U119/><E119/><V108/><F108/><W5/><G5/><T6/><D6/><U133/><E133/><V28/><F134/><W60/><G60/><T100/><D7/><U82/><E43/><AGARI ba="1,1" hai="29,30,43,45,48,81,84,87,90,91,94,99,103,104" machi="43" ten="30,5800,0" yaku="1,1,7,1,52,1,53,0" doraHai="44" doraHaiUra="116" who="3" fromWho="1" sc="188,0,332,-61,117,0,353,71" /><INIT seed="3,2,0,5,4,28" ten="188,271,117,424" oya="3" hai0="114,82,19,8,105,55,64,9,74,111,15,87,4" hai1="94,36,68,34,93,42,2,16,72,125,100,70,39" hai2="118,26,101,32,121,61,120,24,96,116,102,134,98" hai3="107,29,58,30,76,53,35,12,23,62,84,51,122"/><W7/><G107/><T66/><D74/><U40/><E72/><V128/><F61/><W91/><G76/><T115/><D111/><U109/><E2/><V99/><F128/><W110/><G122/><N who="2" m="47209" /><F134/><W49/><G35/><T88/><D105/><U73/><E109/><V77/><F32/><W41/><G110/><T106/><D55/><U63/><E73/><V89/><F77/><W90/><G90/><T104/><D104/><U79/><E79/><V25/><F89/><W10/><G41/><T126/><D126/><U38/><E125/><V95/><F95/><W27/><REACH who="3" step="1"/><G30/><REACH who="3" ten="188,271,117,414" step="2"/><T113/><D106/><U56/><E42/><V71/><F71/><W78/><G78/><T50/><D50/><U129/><E34/><V21/><F21/><W18/><G18/><T123/><D123/><U43/><E43/><V86/><F86/><W57/><G57/><T131/><D131/><U81/><E40/><V45/><F45/><W119/><G119/><AGARI ba="2,1" hai="24,25,26,96,98,99,101,102,116,118,119" m="47209" machi="119" ten="40,5200,0" yaku="28,2,13,1" doraHai="28" who="2" fromWho="3" sc="188,0,271,0,117,68,414,-58" /><INIT seed="4,0,0,0,2,91" ten="188,271,185,356" oya="0" hai0="77,36,121,74,102,133,32,107,103,116,96,135,7" hai1="101,71,17,97,123,131,54,42,1,0,109,120,49" hai2="48,13,66,19,122,28,128,65,100,61,75,64,55" hai3="18,43,2,56,23,37,9,53,81,87,127,76,38"/><T60/><D36/><U132/><E71/><V113/><F75/><W33/><G33/><T58/><D121/><U24/><E109/><V39/><F122/><W25/><G43/><T125/><D116/><U34/><E131/><V92/><F39/><W4/><REACH who="3" step="1"/><G127/><REACH who="3" ten="188,271,185,346" step="2"/><T110/><D125/><U47/><E34/><V10/><F128/><W85/><G85/><T112/><D32/><U59/><E42/><V6/><F113/><W117/><G117/><T14/><D112/><U31/><E123/><V41/><F41/><W57/><G57/><T21/><D58/><U108/><E108/><V111/><F111/><W106/><G106/><T69/><D107/><U84/><E132/><V88/><F65/><W73/><G73/><T16/><D74/><U30/><E84/><V129/><F64/><W50/><AGARI ba="0,1" hai="2,4,9,18,23,25,37,38,50,53,56,76,81,87" machi="50" ten="20,5200,0" yaku="1,1,0,1,7,1,53,1" doraHai="91" doraHaiUra="52" who="3" fromWho="3" sc="188,-26,271,-13,185,-13,346,62" /><INIT seed="5,0,0,4,2,77" ten="162,258,172,408" oya="1" hai0="93,123,40,111,110,63,54,27,84,117,99,85,65" hai1="7,3,21,131,81,104,13,89,125,11,132,2,24" hai2="68,53,61,115,114,8,135,120,31,37,44,112,102" hai3="97,78,26,122,66,127,9,55,118,57,134,82,35"/><U51/><E104/><V121/><F102/><W107/><G66/><T73/><D73/><U64/><E131/><V62/><F31/><W88/><G26/><T69/><D117/><U46/><E125/><V1/><F1/><W101/><G35/><T79/><D123/><N who="2" m="47178" /><F8/><W80/><G9/><T133/><D133/><U130/><E64/><N who="2" m="40975" /><F135/><W100/><G55/><T59/><D40/><U52/><E130/><V103/><F103/><W20/><G57/><T56/><D69/><U22/><E132/><V33/><F33/><W30/><G20/><T76/><D27/><U95/><E22/><V75/><F75/><W32/><G30/><T67/><D111/><U92/><E3/><V70/><F70/><W86/><G32/><T14/><D14/><U38/><E2/><V29/><F29/><W45/><G122/><T18/><D18/><N who="1" m="12343" /><E38/><V39/><F62/><W17/><G118/><T87/><D110/><U42/><E42/><V28/><F28/><W105/><G134/><T16/><D16/><U116/><E116/><V74/><F74/><N who="3" m="43095" /><G17/><T94/><D94/><U96/><E92/><V91/><F91/><W6/><G6/><T124/><D124/><U60/><E60/><V36/><F53/><W47/><G127/><T83/><D63/><U90/><E90/><V43/><AGARI ba="0,0" hai="36,37,39,43,44,112,114,115" m="40975,47178" machi="43" ten="40,8000,1" yaku="15,1,11,1,23,1,34,2" doraHai="77" who="2" fromWho="2" sc="162,-20,258,-40,172,80,408,-20" /><INIT seed="6,0,0,3,5,13" ten="142,218,252,388" oya="2" hai0="30,80,84,117,134,95,122,79,26,63,41,5,40" hai1="131,6,85,106,28,90,82,109,39,120,89,60,47" hai2="25,101,72,46,108,93,98,76,7,99,103,59,34" hai3="115,21,37,64,123,130,133,23,66,73,87,20,0"/><V56/><F7/><W15/><G73/><T116/><D122/><U124/><E106/><V54/><F108/><W71/><G37/><T19/><D134/><U24/><E109/><V16/><F72/><W111/><G0/><T8/><D95/><U36/><E120/><V35/><F76/><W31/><G111/><T3/><D63/><U57/><E124/><V69/><F69/><W94/><G71/><T11/><D11/><U61/><E6/><V127/><F127/><W74/><G74/><T2/><D2/><U29/><E131/><V113/><F113/><W75/><G115/><T91/><D79/><U10/><E10/><V83/><F83/><W38/><G38/><T126/><D126/><U32/><E29/><V114/><F114/><W58/><G75/><T52/><D52/><U44/><E61/><V119/><F119/><N who="0" m="45642" /><D30/><U42/><E90/><V86/><F86/><W107/><G107/><T51/><D51/><U105/><E105/><V70/><F70/><W110/><G110/><T67/><D67/><U88/><E89/><V102/><F35/><W132/><G130/><T129/><D129/><U92/><E82/><V135/><F34/><W97/><G123/><T55/><D55/><U17/><E36/><V118/><F118/><W14/><G132/><T96/><D96/><N who="2" m="36906" /><F135/><W9/><G133/><T77/><D77/><U22/><E39/><V4/><F93/><W62/><G87/><T81/><D81/><U12/><E42/><V50/><F4/><N who="3" m="3367" /><G94/><T112/><D112/><U49/><E49/><V45/><F50/><W68/><G68/><T27/><D27/><RYUUKYOKU ba="0,0" sc="142,15,218,15,252,-15,388,-15" hai0="3,5,8,19,26,40,41,80,84,91" hai1="12,17,22,24,28,32,44,47,57,60,85,88,92" /><INIT seed="7,1,0,1,5,74" ten="157,233,237,373" oya="3" hai0="121,111,72,64,83,39,131,108,44,134,35,107,38" hai1="130,115,12,63,84,49,31,15,53,80,11,30,58" hai2="70,104,10,133,79,13,100,94,50,24,60,87,101" hai3="112,14,66,51,9,99,34,88,17,97,8,75,42"/><W3/><G34/><T46/><D46/><U48/><E130/><V129/><F129/><W36/><G36/><T57/><D57/><U102/><E115/><V126/><F104/><W28/><G75/><T106/><D44/><U23/><E102/><V61/><F70/><W116/><G116/><T1/><D64/><U92/><E92/><V114/><F126/><W43/><G66/><T27/><D27/><N who="1" m="16767" /><E31/><V69/><F69/><W76/><G76/><T127/><D83/><U123/><E123/><V78/><F133/><W90/><G28/><T54/><D54/><U41/><E41/><N who="3" m="15370" /><G3/><T135/><D107/><U26/><E26/><V95/><F24/><W59/><G8/><T113/><D39/><U118/><E118/><V85/><F114/><W45/><G45/><T89/><D89/><N who="3" m="34409" /><G112/><T20/><D20/><U125/><E125/><V109/><F10/><W55/><AGARI ba="1,0" hai="9,14,17,51,55,59,97,99" m="34409,15370" machi="55" ten="30,3000,0" yaku="8,1,54,1" doraHai="74" who="3" fromWho="3" sc="157,-11,233,-11,237,-11,373,33" owari="146,-35.0,222,-18.0,226,3.0,406,50.0" /></mjloggm>