<mjloggm ver="2.3"><GO type="41" lobby="0"/><UN n0="%E5%B0%B1%E6%B4%BB%E7%94%9F%40%E5%B7%9D%E6%9D%91%E8%BB%8D%E5%9B%A3" n1="%59%75%69%41%73%75%6E%61" n2="%E3%81%8B%E3%81%BC%E3%81%A1%E3%82%83%E3%81%BC" n3="%E3%81%8D%E3%81%9F%E3%81%8B%E3%81%9C%EF%BC%A0" dan="16,14,14,15" rate="2071.23,1924.33,1916.12,2038.64" sx="M,F,M,M"/><TAIKYOKU oya="0"/><INIT seed="0,0,0,4,3,71" ten="250,250,250,250" oya="0" hai0="126,55,70,105,65,81,25,72,64,73,112,107,23" hai1="117,83,111,100,128,7,63,122,87,106,46,75,11" hai2="38,41,50,42,33,59,110,69,48,108,35,124,56" hai3="6,133,10,89,67,61,44,86,88,19,102,101,3"/><T91/><D112/><U130/><E117/><V29/><F29/><W134/><G19/><T9/><D126/><U52/><E122/><V22/><F22/><W1/><G1/><T40/><D40/><N who="2" m="15466" /><F35/><W132/><G44/><T4/><D73/><U14/><E75/><V13/><F13/><W8/><G8/><T43/><D43/><U113/><E111/><N who="2" m="42539" /><F33/><W115/><G115/><T90/><D55/><U68/><E68/><V74/><F74/><W116/><G116/><T97/><D90/><N who="3" m="34921" /><G86/><T28/><D72/><U76/><E46/><V114/><F69/><AGARI ba="0,0" hai="3,6,10,61,67,69,101,102,132,133,134" m="34921" machi="69" ten="30,2000,0" yaku="20,1,54,1" doraHai="71" who="3" fromWho="2" sc="250,0,250,0,250,-20,250,20" /><INIT seed="1,0,0,5,5,42" ten="250,250,230,270" oya="1" hai0="33,128,102,24,129,110,31,8,126,85,27,72,12" hai1="97,67,93,51,52,47,9,62,10,58,94,96,100" hai2="69,79,34,101,66,40,15,56,99,127,13,115,61" hai3="87,70,130,76,68,74,117,26,4,75,119,124,7"/><U30/><REACH who="1" step="1"/><E30/><REACH who="1" ten="250,240,230,270" step="2"/><V23/><F115/><W82/><G117/><T59/><D31/><U11/><E11/><V113/><F113/><W22/><G119/><T19/><D8/><U0/><E0/><V109/><F34/><W120/><G120/><T36/><D33/><U107/><E107/><V2/><F2/><W21/><G21/><T6/><D128/><U73/><E73/><V86/><F23/><W5/><G130/><T131/><D72/><U32/><E32/><V25/><F127/><W48/><G124/><T39/><D126/><U3/><E3/><V103/><F109/><W92/><G75/><T44/><D110/><U37/><E37/><V123/><F123/><W43/><G74/><T98/><D36/><U112/><E112/><V108/><F108/><W57/><G22/><T81/><D39/><U105/><E105/><V104/><F104/><W71/><G71/><T65/><D131/><U54/><E54/><V28/><F69/><W111/><G70/><T18/><D129/><U116/><E116/><V38/><F28/><W16/><G68/><T134/><D24/><U45/><E45/><V106/><F25/><W78/><G111/><T83/><D44/><U14/><E14/><V80/><F103/><AGARI ba="0,1" hai="9,10,47,51,52,58,62,67,93,94,96,97,100,103" machi="103" ten="30,24000,3" yaku="21,2,7,1,9,1,8,1,52,1,54,1,53,1" doraHai="42" doraHaiUra="41" who="1" fromWho="2" sc="250,0,240,250,230,-240,270,0" owari="250,-15.0,490,59.0,-10,-51.0,270,7.0" /></mjloggm>