<mjloggm ver="2.3"><GO type="97" lobby="0"/><UN n0="%E3%82%A4%E3%83%B3%E3%83%89%E8%B1%A1" n1="%E5%B0%B1%E6%B4%BB%E7%94%9F%40%E5%B7%9D%E6%9D%91%E8%BB%8D%E5%9B%A3" n2="%4B%2D%59%41%53" n3="%E3%82%A2%E3%82%AF%E3%82%B9%E3%82%B1" dan="15,15,14,14" rate="2020.76,2030.47,2031.01,1919.49" sx="M,M,M,M"/><TAIKYOKU oya="0"/><INIT seed="0,0,0,5,5,52" ten="250,250,250,250" oya="0" hai0="134,9,95,3,135,46,47,92,30,36,97,86,23" hai1="96,105,120,12,17,16,83,58,8,64,56,98,6" hai2="82,33,109,81,88,54,127,34,131,37,103,50,119" hai3="21,55,1,35,43,76,59,14,71,133,85,49,31"/><T126/><D36/><U130/><E120/><V63/><F37/><W57/><G71/><T101/><D126/><U40/><E130/><V106/><F109/><W29/><G1/><T48/><D46/><U7/><E105/><V60/><F131/><W68/><G68/><T69/><D69/><U72/><E72/><V113/><F113/><W116/><G116/><T0/><D9/><U87/><E40/><V132/><F127/><W26/><G43/><T70/><D70/><U118/><E64/><V38/><F38/><W91/><G76/><T78/><D30/><N who="3" m="11273" /><G35/><T94/><D23/><U102/><E118/><V99/><F119/><W5/><G133/><N who="0" m="50699" /><D78/><N who="1" m="46583" /><E102/><V124/><F124/><W80/><G14/><T115/><D115/><U44/><E44/><V20/><F20/><W53/><G5/><N who="1" m="1546" /><E17/><V129/><F129/><W2/><G2/><N who="0" m="555" /><D86/><U27/><E27/><V19/><F19/><N who="3" m="12607" /><G55/><AGARI ba="0,0" hai="47,48,55,92,94,95,97,101" m="555,50699" machi="55" ten="30,1500,0" yaku="20,1" doraHai="52" who="0" fromWho="3" sc="250,15,250,0,250,0,250,-15" /><INIT seed="0,1,0,1,4,111" ten="265,250,250,235" oya="0" hai0="6,91,81,24,16,60,119,63,80,85,35,3,59" hai1="30,84,74,89,115,54,131,56,98,77,34,104,28" hai2="75,83,118,108,130,53,92,110,68,7,106,37,124" hai3="50,100,82,135,19,121,61,15,86,2,90,4,105"/><T52/><D119/><U43/><E74/><V13/><F106/><W9/><G121/><T14/><D3/><U94/><E131/><V116/><F37/><W96/><G135/><T133/><D133/><U5/><E5/><V126/><F68/><W99/><G99/><T117/><D117/><N who="2" m="45162" /><F130/><W78/><G61/><N who="0" m="36071" /><D35/><U69/><E69/><V22/><F92/><W134/><G134/><T1/><D1/><U58/><E43/><V129/><F129/><W102/><G50/><T27/><D6/><U120/><E120/><V103/><F103/><W10/><REACH who="3" step="1"/><G102/><REACH who="3" ten="265,250,250,225" step="2"/><T45/><D45/><U31/><E34/><V23/><F110/><W123/><G123/><T76/><D76/><AGARI ba="1,1" hai="2,4,9,10,15,19,76,78,82,86,90,96,100,105" machi="76" ten="40,1300,0" yaku="1,1,53,0" doraHai="111" doraHaiUra="70" who="3" fromWho="0" sc="265,-16,250,0,250,0,225,26" /><INIT seed="1,0,0,3,0,118" ten="249,250,250,251" oya="1" hai0="45,109,104,101,132,127,113,17,20,94,63,51,125" hai1="70,1,24,10,64,23,62,91,130,44,103,75,8" hai2="76,121,34,61,135,108,22,52,100,55,131,72,96" hai3="102,68,87,12,46,4,5,99,53,41,33,71,93"/><U86/><E75/><V50/><F34/><W27/><G53/><T66/><D113/><U95/><E130/><V13/><F121/><W15/><G87/><T114/><D114/><U74/><E74/><V56/><F108/><W3/><G3/><T77/><D104/><U19/><E1/><V107/><F131/><W16/><G33/><T54/><D77/><U18/><E103/><V29/><F135/><W73/><G73/><T28/><D28/><U105/><E105/><V111/><F111/><W112/><G112/><T97/><D109/><U59/><E70/><V11/><F72/><W26/><G71/><T32/><D32/><U124/><E124/><V90/><F76/><W58/><G68/><T43/><D43/><U30/><E44/><V85/><F22/><N who="3" m="11551" /><G58/><N who="0" m="37239" /><D132/><U57/><E57/><V42/><F29/><W38/><G38/><T67/><D67/><U119/><E119/><V14/><F42/><W21/><G12/><T78/><D78/><U84/><E84/><V25/><F25/><N who="3" m="9227" /><G21/><T134/><D20/><U115/><E115/><V122/><F122/><W48/><AGARI ba="0,0" hai="4,5,41,46,48,93,99,102" m="9227,11551" machi="48" ten="30,2000,0" yaku="8,1,54,1" doraHai="118" who="3" fromWho="3" sc="249,-5,250,-10,250,-5,251,20" /><INIT seed="2,0,0,4,4,102" ten="244,240,245,271" oya="2" hai0="124,125,68,89,36,31,20,135,126,130,71,27,120" hai1="38,54,21,75,58,24,15,18,29,108,87,12,16" hai2="79,52,11,32,45,63,92,127,14,51,50,91,34" hai3="88,104,39,69,56,6,128,44,119,59,96,83,33"/><V60/><F127/><W30/><G69/><T35/><D120/><U95/><E75/><V23/><F79/><W9/><G119/><T107/><D36/><U118/><E38/><V53/><F23/><W4/><G33/><T41/><D41/><U46/><E108/><V132/><F132/><W112/><G30/><T61/><D135/><U62/><E118/><V48/><F34/><W80/><G128/><T123/><D123/><U131/><E131/><V97/><F32/><W111/><G111/><T77/><D77/><U55/><E46/><V37/><F37/><W106/><G112/><T115/><D115/><U78/><E55/><N who="2" m="21067" /><F45/><W73/><G39/><T13/><D61/><U116/><E116/><V90/><F90/><W22/><G22/><T121/><D121/><U103/><E78/><V47/><F47/><W28/><G28/><T81/><D130/><U133/><E133/><V74/><F74/><W67/><G73/><T70/><D13/><N who="1" m="5195" /><E103/><V7/><AGARI ba="0,0" hai="7,11,14,48,50,51,60,63,91,92,97" m="21067" machi="7" ten="30,3000,0" yaku="8,1,54,1" doraHai="102" who="2" fromWho="2" sc="244,-10,240,-10,245,30,271,-10" /><INIT seed="2,1,0,5,5,23" ten="234,230,275,261" oya="2" hai0="12,3,21,95,13,49,126,108,132,130,41,50,5" hai1="48,97,86,14,112,46,29,100,117,44,64,105,20" hai2="38,25,34,30,8,88,37,96,119,89,91,109,36" hai3="9,84,57,39,104,58,18,120,59,24,47,11,129"/><V134/><F119/><W0/><G120/><T121/><D121/><U114/><E64/><V33/><F134/><W4/><G104/><T77/><D132/><U135/><E135/><V73/><F73/><W17/><G129/><T98/><D130/><U67/><E67/><V83/><F109/><W111/><G111/><T110/><D126/><U63/><E63/><V87/><F8/><W7/><G84/><T94/><D77/><U69/><E69/><V53/><F53/><W16/><G24/><T40/><D21/><U131/><E131/><V106/><REACH who="2" step="1"/><F34/><REACH who="2" ten="234,230,265,261" step="2"/><W85/><G85/><T75/><D75/><U102/><E117/><V125/><F125/><W124/><G124/><T27/><D108/><U133/><E133/><V72/><F72/><W45/><REACH who="3" step="1"/><G39/><REACH who="3" ten="234,230,265,251" step="2"/><T81/><D110/><U52/><E114/><V122/><F122/><W107/><G107/><T28/><D81/><U22/><E112/><V42/><F42/><W31/><G31/><T93/><D28/><U90/><E29/><V32/><F32/><W10/><G10/><T128/><D41/><U60/><E86/><V1/><F1/><AGARI ba="1,2" hai="0,1,4,7,9,11,16,17,18,45,47,57,58,59" machi="1" ten="40,8000,1" yaku="1,1,9,1,54,1,53,2" doraHai="23" doraHaiUra="2" who="3" fromWho="2" sc="234,0,230,0,265,-83,251,103" /><INIT seed="3,0,0,1,1,101" ten="234,230,182,354" oya="3" hai0="8,44,103,96,76,51,72,11,63,90,59,82,35" hai1="23,95,105,71,46,100,93,67,33,112,29,43,19" hai2="2,78,48,16,45,40,81,130,123,120,87,37,61" hai3="64,42,122,57,115,15,133,89,80,94,60,34,9"/><W126/><G122/><T20/><D35/><U73/><E73/><V56/><F2/><W75/><G115/><T68/><D68/><U58/><E112/><V128/><F37/><W24/><G133/><T135/><D90/><U49/><E33/><V98/><F98/><W52/><G126/><T124/><D124/><U27/><E71/><V4/><F4/><W99/><G42/><T66/><D20/><N who="1" m="15591" /><E105/><V79/><F79/><W10/><G64/><T127/><D127/><U25/><E100/><V129/><REACH who="2" step="1"/><F16/><REACH who="2" ten="234,230,172,354" step="2"/><W114/><G99/><T32/><D135/><U106/><E106/><V13/><F13/><W97/><G15/><T117/><D96/><U7/><E7/><V62/><F62/><AGARI ba="0,1" hai="19,23,25,43,46,49,58,62,67,93,95" m="15591" machi="62" ten="30,1000,0" yaku="8,1" doraHai="101" who="1" fromWho="2" sc="234,0,230,20,172,-10,354,0" owari="234,-17.0,250,5.0,162,-34.0,354,46.0" /></mjloggm>