<mjloggm ver="2.3"><GO type="97" lobby="0"/><UN n0="%E5%8D%97%E6%B5%A6%E6%95%B8%E7%B5%B5" n1="%6D%7A%73%6B%6E%32%6B" n2="%E5%B0%B1%E6%B4%BB%E7%94%9F%40%E5%B7%9D%E6%9D%91%E8%BB%8D%E5%9B%A3" n3="%E4%B8%8A%E5%8D%93%E3%82%B9%E3%83%AC%E6%9C%80%E5%BC%B7" dan="14,14,15,13" rate="1893.78,1869.64,2056.96,1858.88" sx="M,M,M,M"/><TAIKYOKU oya="0"/><INIT seed="0,0,0,5,2,111" ten="250,250,250,250" oya="0" hai0="72,49,50,3,105,11,85,37,129,131,36,106,52" hai1="132,83,38,53,31,125,76,135,10,24,130,60,8" hai2="78,19,41,61,113,63,25,115,27,88,96,101,89" hai3="81,94,112,104,42,97,118,77,127,29,44,66,6"/><T73/><D85/><N who="1" m="48359" /><E38/><N who="0" m="14953" /><D11/><N who="1" m="4139" /><E125/><V80/><F41/><W62/><G118/><T121/><D52/><U32/><E130/><N who="0" m="49673" /><D50/><U5/><E5/><V124/><F124/><W71/><G127/><T74/><D49/><U40/><E40/><V2/><F2/><W79/><G104/><N who="0" m="40043" /><D3/><U122/><E122/><AGARI ba="0,0" hai="72,73,74,121,122" m="40043,49673,14953" machi="122" ten="50,12000,1" yaku="28,2,19,1,31,2" doraHai="111" who="0" fromWho="1" sc="250,120,250,-120,250,0,250,0" /><INIT seed="0,1,0,5,3,52" ten="370,130,250,250" oya="0" hai0="125,30,57,0,103,75,91,80,9,90,116,96,18" hai1="109,56,107,110,48,1,100,70,32,27,79,129,112" hai2="64,97,115,60,92,132,21,130,108,126,84,20,105" hai3="93,23,43,71,4,29,6,39,83,104,87,68,5"/><T19/><D116/><U34/><E112/><V31/><F115/><W121/><G104/><T73/><D125/><U22/><E129/><V127/><F105/><W41/><G93/><T61/><D30/><N who="1" m="17783" /><E1/><V76/><F130/><W135/><G135/><T2/><D0/><U28/><E70/><V44/><F44/><W45/><G121/><T65/><D18/><U111/><E79/><V69/><F108/><W82/><G43/><T12/><D2/><U36/><E36/><V50/><F50/><W35/><G35/><N who="1" m="13354" /><E28/><V38/><F38/><W62/><G62/><T118/><D118/><U88/><E88/><N who="2" m="55431" /><F31/><W78/><G83/><T40/><D40/><U124/><E124/><N who="2" m="47659" /><F132/><W133/><G133/><T117/><D117/><U49/><E56/><V131/><F131/><W13/><G29/><T66/><D65/><U74/><E74/><V122/><F122/><W7/><N who="3" m="1536" /><DORA hai="114" /><W25/><G71/><T101/><D75/><U14/><E14/><V86/><F86/><W94/><G68/><T81/><D73/><U113/><E113/><V53/><F53/><W55/><G13/><T119/><D119/><U47/><E47/><V33/><F33/><W102/><G55/><T16/><D80/><AGARI ba="1,0" hai="20,21,60,64,69,76,80,84" m="47659,55431" machi="80" ten="30,2000,0" yaku="18,1,54,1" doraHai="52,114" who="2" fromWho="0" sc="370,-23,130,0,250,23,250,0" /><INIT seed="1,0,0,3,4,8" ten="347,130,273,250" oya="1" hai0="84,79,116,134,10,78,43,6,26,47,129,23,30" hai1="109,18,69,102,56,103,22,131,74,60,112,42,111" hai2="4,124,59,114,73,115,2,119,31,20,57,25,58" hai3="80,107,51,5,135,64,55,121,122,46,32,39,126"/><U98/><E112/><N who="2" m="43051" /><F73/><W77/><G107/><T100/><D116/><U85/><E131/><V13/><F119/><W101/><G32/><T71/><D129/><U108/><E74/><V118/><F118/><W70/><G101/><N who="1" m="38410" /><E42/><V0/><F124/><W7/><G126/><T28/><D100/><U11/><E98/><V89/><F89/><W83/><G135/><T53/><D71/><U40/><E40/><V41/><F41/><W105/><G105/><T37/><D53/><N who="1" m="33807" /><E69/><V120/><F120/><W92/><G122/><T49/><D37/><U75/><E75/><V86/><F86/><W93/><G39/><T132/><D84/><U48/><E85/><V68/><F68/><W128/><G70/><T9/><D134/><U36/><E36/><V38/><F38/><W88/><G121/><T29/><D132/><U33/><E33/><V96/><F96/><N who="3" m="57351" /><G128/><T95/><D95/><U110/><N who="1" m="28160" /><DORA hai="54" /><U27/><E11/><AGARI ba="0,0" hai="0,2,4,11,13,20,25,31,57,58,59" m="43051" machi="11" ten="30,8000,1" yaku="11,1,52,4" doraHai="8,54" who="2" fromWho="1" sc="347,0,130,-80,273,80,250,0" /><INIT seed="2,0,0,2,0,30" ten="347,50,353,250" oya="2" hai0="39,32,82,35,47,11,25,46,20,72,96,29,22" hai1="102,21,55,27,0,116,64,77,51,135,132,48,5" hai2="43,113,98,34,56,114,90,65,87,36,68,41,33" hai3="71,89,128,79,13,16,23,100,18,73,104,69,84"/><V117/><F117/><W67/><G128/><T45/><D39/><U121/><E116/><V99/><F68/><W125/><G125/><T131/><D131/><U81/><E121/><V123/><F123/><W93/><G67/><T109/><D109/><U126/><E126/><V127/><F127/><W60/><G60/><T112/><D11/><N who="1" m="2471" /><E64/><V4/><F4/><W7/><G7/><T94/><D112/><U52/><E102/><V105/><F36/><W2/><G2/><T118/><D118/><U24/><E24/><V95/><F105/><W10/><G100/><T49/><D49/><N who="1" m="19019" /><E21/><V119/><F119/><W28/><G104/><T15/><D72/><N who="1" m="43175" /><E27/><V53/><F65/><W62/><G62/><T57/><D57/><U76/><E76/><V8/><F8/><W133/><G79/><T12/><D82/><U1/><E1/><V92/><F87/><W37/><G73/><T91/><REACH who="0" step="1"/><D22/><REACH who="0" ten="337,50,353,250" step="2"/><U129/><E129/><V58/><F53/><W107/><G23/><T106/><D106/><U70/><E70/><V85/><F85/><W50/><G107/><T6/><D6/><U101/><E101/><V120/><F120/><W17/><G71/><T83/><D83/><U80/><E80/><V31/><F31/><W63/><G28/><T66/><D66/><U78/><E78/><V44/><F90/><W74/><G69/><T103/><D103/><U115/><E115/><V108/><F108/><W54/><G74/><T122/><D122/><U42/><E42/><V134/><F44/><W111/><G89/><T14/><AGARI ba="0,1" hai="12,14,15,20,25,29,32,35,45,46,47,91,94,96" machi="14" ten="30,7900,0" yaku="1,1,0,1,52,2,53,0" doraHai="30" doraHaiUra="59" who="0" fromWho="0" sc="337,89,50,-20,353,-39,250,-20" /><INIT seed="3,0,0,2,0,51" ten="426,30,314,230" oya="3" hai0="29,61,100,19,23,68,65,125,4,32,31,62,104" hai1="22,134,54,72,120,92,53,6,42,69,27,115,37" hai2="101,47,112,49,10,129,24,109,55,13,95,45,126" hai3="7,75,12,135,96,59,110,15,118,50,39,25,8"/><W130/><G39/><T16/><D125/><U18/><E115/><V117/><F112/><W58/><G75/><T124/><D124/><U36/><E120/><V97/><F126/><W70/><G118/><T84/><D4/><U21/><E134/><V89/><F117/><W86/><G70/><T133/><D133/><U48/><E69/><V99/><F129/><W116/><G116/><T113/><D113/><U41/><E72/><V60/><F109/><W80/><G135/><T2/><D2/><U9/><E92/><V52/><F24/><W76/><G130/><T43/><D43/><U57/><E22/><V67/><F47/><W98/><G110/><T103/><D23/><U81/><E81/><V17/><F67/><W44/><G25/><T127/><D65/><U63/><E37/><V88/><REACH who="2" step="1"/><F99/><REACH who="2" ten="426,30,304,230" step="2"/><N who="3" m="37931" /><G15/><T40/><D127/><U77/><E77/><V1/><F1/><W93/><G93/><T79/><D104/><U83/><E83/><V0/><F0/><W131/><G131/><T119/><D119/><U122/><E122/><V3/><F3/><W30/><G30/><T20/><D31/><U128/><E128/><V94/><F94/><W35/><G35/><T82/><D29/><U73/><E73/><V11/><F11/><W87/><G87/><T26/><D32/><U111/><E111/><V105/><F105/><W107/><G107/><T90/><D84/><U121/><E121/><V64/><F64/><W91/><G76/><T102/><D79/><U106/><E106/><V28/><F28/><W123/><G123/><T85/><D85/><U78/><E78/><RYUUKYOKU ba="0,1" sc="426,-15,30,-15,304,15,230,15" hai2="10,13,17,45,49,52,55,60,88,89,95,97,101" hai3="7,8,12,44,50,58,59,80,86,91" /><INIT seed="3,1,1,4,5,18" ten="411,15,319,245" oya="3" hai0="117,121,14,28,13,66,127,54,105,43,120,118,36" hai1="3,8,53,24,22,58,97,64,133,6,35,44,134" hai2="72,71,38,113,109,104,108,69,19,49,34,7,87" hai3="126,129,114,26,70,9,98,68,11,125,31,76,116"/><W65/><G116/><T59/><D105/><U73/><E73/><V132/><F72/><W17/><G114/><T80/><D127/><N who="3" m="48649" /><G65/><T52/><D28/><U46/><E35/><V122/><F38/><W4/><G76/><T107/><D80/><U92/><E64/><V30/><F104/><W20/><G98/><T63/><D107/><U39/><E134/><V47/><F113/><W124/><N who="3" m="48657" /><W82/><DORA hai="55" /><G82/><T111/><D14/><U2/><E133/><V61/><F132/><W37/><G37/><T33/><D13/><U84/><E84/><V62/><F122/><N who="0" m="47210" /><D33/><U99/><E2/><V101/><F101/><W25/><G129/><T23/><D23/><U131/><E131/><V57/><F71/><N who="3" m="27179" /><G4/><T16/><D36/><U135/><E135/><V106/><F69/><W90/><G90/><T123/><D123/><U100/><E99/><V96/><F7/><W83/><G83/><T60/><D117/><U81/><E81/><V119/><F96/><W85/><G85/><T112/><D118/><U130/><E130/><V1/><F119/><W102/><G102/><T27/><D112/><U5/><E5/><V77/><F87/><W56/><G56/><T29/><D43/><U10/><E10/><V48/><F77/><W32/><AGARI ba="1,1" hai="9,11,17,20,25,26,31,32" m="27179,48657" machi="32" ten="50,4800,0" yaku="18,1,52,1" doraHai="18,55" who="3" fromWho="3" sc="411,-17,15,-17,319,-17,245,61" owari="394,49.0,-2,-50.0,302,-10.0,306,11.0" /></mjloggm>