<mjloggm ver="2.3"><GO type="97" lobby="0"/><UN n0="%CE%94%E7%A6%81%E6%96%AD%E3%81%AE%E8%81%96%E5%9F%9F" n1="%E3%83%9E%E3%83%A9%E5%B8%9D%E5%9B%BD" n2="%E4%BD%90%E8%97%A4%E3%83%95%E3%83%AA%E3%83%BC%E3%82%B6" n3="%E5%B0%B1%E6%B4%BB%E7%94%9F%40%E5%B7%9D%E6%9D%91%E8%BB%8D%E5%9B%A3" dan="14,14,14,14" rate="2097.00,1859.60,1943.20,1934.22" sx="M,M,F,M"/><TAIKYOKU oya="0"/><INIT seed="0,0,0,4,4,76" ten="250,250,250,250" oya="0" hai0="105,96,66,44,9,7,92,63,86,11,8,14,55" hai1="17,33,61,56,60,26,57,87,103,69,125,83,111" hai2="85,12,88,37,13,48,100,127,116,30,50,118,39" hai3="110,107,5,80,35,99,23,71,22,58,73,3,19"/><T68/><D105/><U126/><E111/><V65/><F127/><N who="1" m="48649" /><E103/><V106/><F65/><W135/><G71/><T84/><D44/><U67/><E60/><V89/><F30/><W121/><G35/><T2/><D55/><U72/><E72/><V77/><F77/><W113/><G110/><T40/><D40/><U20/><E33/><V90/><F100/><W95/><G107/><T53/><D53/><U81/><E81/><V49/><F85/><W64/><G135/><T54/><D54/><U4/><E4/><V10/><F106/><W0/><G113/><T93/><D11/><U122/><E122/><V36/><REACH who="2" step="1"/><F10/><REACH who="2" ten="250,250,240,250" step="2"/><W132/><G132/><T114/><D114/><U51/><E51/><V79/><F79/><AGARI ba="0,1" hai="17,20,26,56,57,61,67,69,79,83,87" m="48649" machi="79" ten="30,2000,0" yaku="18,1,52,1" doraHai="76" who="1" fromWho="2" sc="250,0,250,30,240,-20,250,0" /><INIT seed="1,0,0,0,3,127" ten="250,280,220,250" oya="1" hai0="77,10,25,85,7,43,90,68,82,59,23,97,81" hai1="19,9,102,42,57,100,28,65,124,113,74,31,6" hai2="111,115,107,99,119,106,84,51,116,122,26,52,35" hai3="17,134,36,27,53,48,55,71,29,110,0,87,129"/><U63/><E113/><V14/><F115/><W11/><G36/><T83/><D68/><U34/><E124/><V131/><F122/><W49/><G71/><T16/><D43/><U22/><E74/><V41/><F131/><W101/><G129/><T2/><REACH who="0" step="1"/><D59/><REACH who="0" ten="240,280,220,250" step="2"/><U21/><E42/><V114/><F41/><W135/><G135/><T50/><D50/><U109/><E57/><V105/><F51/><W64/><G49/><T33/><D33/><U120/><E34/><V44/><F35/><W133/><G48/><T8/><D8/><U104/><E9/><V5/><F114/><W38/><G11/><T39/><D39/><U92/><E120/><V24/><F119/><W89/><G38/><T47/><D47/><U18/><E63/><V75/><F44/><W118/><G118/><T103/><D103/><U73/><E102/><V60/><F116/><W1/><G133/><T95/><AGARI ba="0,1" hai="2,7,10,16,23,25,77,81,82,83,85,90,95,97" machi="95" ten="30,7900,0" yaku="1,1,0,1,54,1,53,1" doraHai="127" doraHaiUra="88" who="0" fromWho="0" sc="240,89,280,-39,220,-20,250,-20" /><INIT seed="2,0,0,5,5,131" ten="329,241,200,230" oya="2" hai0="102,37,121,73,49,107,115,47,106,83,55,35,56" hai1="130,111,17,2,104,91,48,90,101,1,13,52,75" hai2="0,89,100,84,95,66,29,16,98,27,64,14,87" hai3="69,20,124,57,50,19,109,45,105,62,61,40,122"/><V93/><F0/><W9/><G122/><T43/><D121/><U63/><E75/><V31/><F87/><W72/><G72/><T80/><D115/><U126/><E130/><V103/><F103/><W7/><G105/><T97/><D35/><U113/><E113/><V70/><F70/><W38/><G109/><T108/><D108/><U86/><E63/><V30/><REACH who="2" step="1"/><F27/><REACH who="2" ten="329,241,190,230" step="2"/><W125/><G69/><T34/><D73/><U3/><E101/><V36/><F36/><W85/><G85/><T129/><D129/><U10/><E86/><V4/><F4/><W18/><G38/><T88/><D107/><U44/><E1/><V65/><F65/><W46/><G124/><T67/><D67/><U11/><E2/><V120/><F120/><W12/><G125/><T71/><D71/><U76/><E126/><V132/><F132/><W53/><G7/><T28/><D88/><U8/><E91/><V5/><F5/><W68/><G68/><T6/><D6/><U74/><E90/><V60/><F60/><W81/><G81/><T42/><D83/><N who="1" m="45463" /><E3/><V96/><F96/><W78/><G78/><T51/><D80/><U119/><E119/><V127/><F127/><W32/><G62/><T117/><D117/><U33/><E111/><V41/><F41/><W114/><G40/><T25/><D43/><U128/><E128/><V22/><AGARI ba="0,1" hai="14,16,22,29,30,31,64,66,84,89,93,95,98,100" machi="22" ten="30,11700,0" yaku="1,1,0,1,8,1,54,1,53,0" doraHai="131" doraHaiUra="58" who="2" fromWho="2" sc="329,-39,241,-39,190,127,230,-39" /><INIT seed="2,1,0,0,0,19" ten="290,202,317,191" oya="2" hai0="98,93,73,113,3,131,104,85,37,97,81,75,60" hai1="67,30,84,110,86,101,103,124,38,111,59,2,20" hai2="17,120,114,99,8,56,117,77,79,92,128,36,76" hai3="16,51,116,126,72,12,62,129,13,5,54,95,109"/><V50/><F120/><W48/><G72/><N who="0" m="27723" /><D60/><N who="1" m="38303" /><E2/><V55/><F36/><W49/><G116/><T87/><D37/><U90/><E38/><V29/><F117/><W31/><G109/><N who="1" m="41482" /><E124/><V66/><F128/><W39/><G129/><T68/><D68/><U107/><E107/><V134/><F134/><W44/><G126/><T135/><D3/><U7/><E7/><V88/><F114/><W115/><G115/><T23/><D23/><U43/><E43/><V127/><F127/><W1/><G31/><T69/><D69/><U80/><E86/><V64/><F29/><W63/><G1/><T89/><D113/><U71/><E71/><V35/><F35/><W25/><G39/><T4/><D4/><U121/><E121/><V58/><F58/><W52/><G95/><N who="0" m="56687" /><D131/><U14/><E14/><AGARI ba="1,0" hai="8,14,17,50,55,56,64,66,76,77,79,88,92,99" machi="14" ten="40,3900,0" yaku="8,1,54,1" doraHai="19" who="2" fromWho="1" sc="290,0,202,-42,317,42,191,0" /><INIT seed="2,2,0,3,2,133" ten="290,160,359,191" oya="2" hai0="86,103,66,30,40,41,78,90,32,64,25,115,23" hai1="68,3,89,106,18,19,108,87,92,61,93,69,42" hai2="43,132,45,24,116,124,29,60,100,34,38,112,111" hai3="14,118,49,22,135,51,20,26,35,121,12,1,128"/><V125/><F132/><W8/><G135/><T54/><D32/><U70/><E106/><V67/><F116/><W21/><G118/><T119/><D115/><U33/><E33/><V122/><F122/><W17/><G121/><T58/><D78/><U96/><E3/><V55/><F112/><W110/><G128/><T6/><D103/><U95/><E108/><V98/><F111/><W94/><G110/><T97/><D97/><U88/><E42/><N who="0" m="16489" /><D6/><U48/><E61/><V105/><F55/><W7/><G94/><N who="0" m="54615" /><D119/><U53/><REACH who="1" step="1"/><E93/><REACH who="1" ten="290,150,359,191" step="2"/><V81/><F81/><W56/><G35/><T10/><D10/><U123/><E123/><V102/><F102/><W62/><G1/><T27/><D27/><U79/><E79/><V31/><REACH who="2" step="1"/><F29/><REACH who="2" ten="290,150,349,191" step="2"/><W52/><G26/><T5/><D25/><U109/><E109/><V46/><F46/><AGARI ba="2,2" hai="18,19,46,48,53,68,69,70,87,88,89,92,95,96" machi="46" ten="40,2600,0" yaku="1,1,54,1,53,0" doraHai="133" doraHaiUra="37" who="1" fromWho="2" sc="290,0,150,52,349,-32,191,0" /><INIT seed="3,0,0,4,5,56" ten="290,202,317,191" oya="3" hai0="14,113,85,21,10,97,74,73,70,78,23,110,18" hai1="117,32,111,107,12,102,130,104,51,17,109,59,35" hai2="1,61,115,49,84,11,77,86,58,82,133,96,127" hai3="28,37,55,24,99,20,89,3,50,40,42,67,47"/><W16/><G3/><T106/><D70/><U121/><E121/><V41/><F115/><W119/><G119/><T39/><D39/><U6/><E6/><V66/><F133/><W124/><G124/><T131/><D113/><U27/><E117/><V128/><F127/><W64/><G28/><T30/><D110/><N who="1" m="41995" /><E130/><V53/><F128/><W100/><G89/><T29/><D131/><U44/><E59/><V63/><F96/><W90/><G90/><T122/><D122/><U120/><E120/><V2/><F2/><W57/><REACH who="3" step="1"/><G40/><REACH who="3" ten="290,202,317,181" step="2"/><T72/><D30/><N who="1" m="19551" /><E35/><V38/><F1/><W52/><G52/><T88/><D78/><U22/><E102/><V36/><F41/><AGARI ba="0,1" hai="12,17,22,41,44,51,104,107" m="19551,41995" machi="41" ten="30,1000,0" yaku="14,1" doraHai="56" who="1" fromWho="2" sc="290,0,202,20,317,-10,181,0" owari="290,9.0,222,-18.0,307,41.0,181,-32.0" /></mjloggm>