<mjloggm ver="2.3"><GO type="97" lobby="0"/><UN n0="%72%6F%64%6F%68%6F%6B%75" n1="%E3%81%BF%E3%82%8F%E3%81%8F%E3%83%91%E3%83%91" n2="%62%6C%61%75%38%38" n3="%E5%B0%B1%E6%B4%BB%E7%94%9F%40%E5%B7%9D%E6%9D%91%E8%BB%8D%E5%9B%A3" dan="14,13,14,14" rate="1981.74,1818.39,1885.10,1929.30" sx="M,M,M,M"/><TAIKYOKU oya="0"/><INIT seed="0,0,0,4,2,72" ten="250,250,250,250" oya="0" hai0="111,75,113,45,37,114,48,70,71,123,121,9,85" hai1="112,38,57,20,79,33,124,17,43,30,56,3,128" hai2="77,86,61,91,63,0,82,11,14,132,26,6,1" hai3="28,5,94,2,100,103,21,125,81,22,67,74,98"/><T7/><D75/><U65/><E3/><V16/><F132/><W127/><G67/><T105/><D105/><U4/><E4/><V118/><F118/><W76/><G103/><T52/><D85/><U18/><E128/><V8/><F0/><W130/><G130/><T50/><D9/><U129/><E129/><V36/><F36/><W122/><G122/><T107/><D107/><U12/><E124/><N who="3" m="47690" /><G28/><T80/><D80/><U84/><E112/><N who="0" m="43113" /><D7/><U108/><E108/><V29/><REACH who="2" step="1"/><F91/><REACH who="2" ten="250,250,240,250" step="2"/><W64/><G64/><T47/><D37/><U109/><E65/><V32/><AGARI ba="0,1" hai="1,6,8,11,14,16,26,29,32,61,63,77,82,86" machi="32" ten="20,12000,2" yaku="1,1,2,1,0,1,7,1,52,1,54,1,53,0" doraHai="72" doraHaiUra="97" who="2" fromWho="2" sc="250,-60,250,-30,240,130,250,-30" /><INIT seed="1,0,0,5,3,41" ten="190,220,370,220" oya="1" hai0="126,19,123,42,131,74,88,18,24,43,85,48,93" hai1="12,109,28,106,9,118,26,116,133,71,45,46,6" hai2="5,17,91,84,95,70,72,56,127,81,97,100,66" hai3="103,80,38,55,50,73,47,54,34,112,37,44,67"/><U122/><E106/><V107/><F70/><W117/><G34/><T8/><D131/><U132/><E122/><V114/><F5/><W128/><G112/><T3/><D126/><U89/><E71/><V20/><F66/><W32/><G32/><T30/><D123/><U31/><E109/><V14/><F127/><W11/><G128/><T13/><D74/><U4/><E89/><V120/><F120/><W27/><G117/><T94/><D3/><U102/><E102/><V75/><F114/><W135/><G103/><T0/><D0/><U36/><E36/><V79/><REACH who="2" step="1"/><F56/><REACH who="2" ten="190,220,360,220" step="2"/><W119/><G119/><T113/><D113/><U1/><E1/><V61/><F61/><W7/><G67/><T33/><D19/><U111/><E111/><V52/><F52/><W58/><G55/><T21/><D33/><U96/><E4/><V87/><AGARI ba="0,1" hai="14,17,20,72,75,79,81,84,87,91,95,97,100,107" machi="87" ten="20,2700,0" yaku="1,1,0,1,7,1,53,0" doraHai="41" doraHaiUra="62" who="2" fromWho="2" sc="190,-7,220,-13,360,37,220,-7" /><INIT seed="2,0,0,4,4,72" ten="183,207,397,213" oya="2" hai0="104,26,84,22,69,9,107,58,65,77,129,60,25" hai1="11,97,133,105,76,52,91,14,108,29,71,109,126" hai2="75,99,83,98,70,121,57,92,111,38,23,120,37" hai3="131,32,46,10,41,122,86,113,1,123,43,81,17"/><V33/><F70/><W50/><G32/><T42/><D129/><U59/><E71/><V124/><F33/><W49/><G113/><T110/><D110/><N who="1" m="42603" /><E29/><V66/><F111/><W7/><G131/><T6/><D69/><U20/><E20/><V64/><F124/><W40/><G17/><T16/><D26/><U95/><E105/><V21/><F83/><W27/><G27/><T130/><D130/><U47/><E47/><V73/><F92/><W63/><G63/><T45/><D84/><U44/><E44/><V94/><F94/><W79/><REACH who="3" step="1"/><G49/><REACH who="3" ten="183,207,397,203" step="2"/><T96/><D96/><U102/><E126/><V128/><F128/><W24/><G24/><T85/><D85/><U19/><E133/><V112/><REACH who="2" step="1"/><F57/><REACH who="2" ten="183,207,387,203" step="2"/><W67/><G67/><T31/><D31/><U5/><E102/><V90/><F90/><W134/><G134/><T28/><D28/><U68/><E68/><V54/><F54/><AGARI ba="0,2" hai="1,7,10,40,41,43,46,50,54,79,81,86,122,123" machi="54" ten="40,2600,0" yaku="1,1,52,1,53,0" doraHai="72" doraHaiUra="93" who="3" fromWho="2" sc="183,0,207,0,387,-26,203,46" /><INIT seed="3,0,0,2,5,29" ten="183,207,361,249" oya="3" hai0="40,133,0,22,73,6,25,121,33,66,59,74,134" hai1="85,130,48,10,55,17,125,5,4,108,135,18,61" hai2="99,87,83,42,39,98,35,128,113,16,44,103,62" hai3="88,53,105,69,64,100,117,111,56,107,123,118,106"/><W13/><G100/><T97/><D121/><U91/><E108/><V58/><F113/><W79/><G123/><T52/><D40/><U110/><E110/><V116/><F116/><W80/><G111/><T28/><D66/><U75/><E75/><V14/><F35/><W1/><G1/><T76/><D22/><U37/><E37/><V49/><F39/><W47/><G47/><T71/><D71/><U95/><E130/><V57/><F103/><W63/><G13/><T68/><D68/><U54/><E135/><N who="0" m="51721" /><D97/><N who="2" m="36874" /><F62/><W38/><G38/><T129/><D76/><U93/><E125/><V86/><F128/><W23/><G23/><T89/><D89/><U102/><E102/><V21/><F87/><W19/><G79/><AGARI ba="0,0" hai="14,16,21,42,44,49,57,58,79,83,86" m="36874" machi="79" ten="30,2000,0" yaku="8,1,54,1" doraHai="29" who="2" fromWho="3" sc="183,0,207,0,361,20,249,-20" owari="183,-32.0,207,-19.0,381,48.0,229,3.0" /></mjloggm>