<mjloggm ver="2.3"><GO type="169" lobby="0"/><UN n0="%E3%83%A4%E3%82%B3%E3%83%96%E3%82%B3%E3%83%BC%E3%82%A8%E3%83%B3" n1="%E3%82%A6%E3%83%AB%E3%83%88%E3%83%A9%E7%AB%8B%E7%9B%B4" n2="%36%31%2E%38%EF%BC%85" n3="%E3%81%A6%E3%82%8B" dan="16,16,16,16" rate="2088.45,2123.48,2119.10,2097.22" sx="M,M,M,M"/><TAIKYOKU oya="0"/><INIT seed="0,0,0,3,0,13" ten="250,250,250,250" oya="0" hai0="17,115,2,122,53,123,101,116,135,15,56,125,19" hai1="134,47,68,7,117,9,76,127,93,111,28,119,49" hai2="79,55,98,42,88,106,97,112,59,38,74,100,133" hai3="84,103,86,114,45,72,130,131,16,24,83,96,46"/><T99/><D116/><U121/><E121/><V44/><F112/><W32/><G114/><T81/><D115/><U26/><E68/><V61/><F133/><W57/><G72/><T75/><D2/><U102/><E127/><V124/><F124/><W113/><G113/><T95/><D125/><U80/><E111/><V37/><F37/><W14/><G57/><T8/><D135/><U21/><E134/><V20/><F74/><W67/><G67/><T36/><D36/><U69/><E69/><V11/><F79/><W12/><G32/><T5/><D75/><U64/><E64/><V31/><F11/><N who="3" m="6175" /><G24/><T33/><D33/><U82/><E93/><V110/><F110/><W77/><G14/><T120/><REACH who="0" step="1"/><D81/><REACH who="0" ten="240,250,250,250" step="2"/><U52/><E80/><V90/><F38/><W6/><G131/><T1/><D1/><U109/><E109/><V3/><F3/><W70/><G130/><T89/><D89/><U39/><E39/><V94/><F90/><W128/><G128/><T34/><D34/><U30/><E119/><V58/><F88/><W91/><G91/><T25/><D25/><U104/><E117/><V41/><F98/><W18/><G83/><T50/><AGARI ba="0,1" hai="5,8,15,17,19,50,53,56,95,99,101,120,122,123" machi="50" ten="30,11700,0" yaku="1,1,0,1,52,2,53,0" doraHai="13" doraHaiUra="29" who="0" fromWho="0" sc="240,127,250,-39,250,-39,250,-39" /><INIT seed="0,1,0,3,4,89" ten="367,211,211,211" oya="0" hai0="99,62,68,59,37,21,28,125,45,116,38,112,132" hai1="8,75,40,69,97,61,67,18,93,80,79,10,51" hai2="98,120,84,128,78,92,95,42,60,30,122,115,63" hai3="73,85,100,106,107,117,129,23,50,110,130,52,27"/><T41/><D116/><U81/><E81/><N who="2" m="47159" /><F115/><W64/><G117/><T102/><D112/><U87/><E75/><V124/><F42/><W54/><G73/><T14/><D68/><U131/><E131/><N who="3" m="50186" /><G64/><T16/><D125/><U47/><REACH who="1" step="1"/><E18/><REACH who="1" ten="367,201,211,211" step="2"/><V58/><F128/><W119/><G119/><T133/><D28/><U11/><E11/><V113/><F30/><W33/><G110/><T29/><D29/><U13/><E13/><V36/><F113/><W55/><G33/><T114/><D114/><U118/><E118/><V20/><F122/><W4/><G4/><T72/><D72/><U105/><E105/><V111/><F120/><W15/><G15/><T39/><D133/><U7/><E7/><V57/><F111/><W126/><G126/><T103/><D132/><U44/><E44/><V65/><F124/><W43/><G107/><T3/><D3/><U56/><E56/><V5/><F5/><W121/><G121/><T19/><D19/><U1/><E1/><V96/><F20/><W17/><G106/><T2/><D2/><U77/><E77/><V135/><F135/><W123/><G123/><T48/><REACH who="0" step="1"/><D99/><REACH who="0" ten="357,201,211,211" step="2"/><U24/><E24/><V66/><F98/><W86/><G27/><T6/><D6/><U53/><E53/><AGARI ba="1,2" hai="14,16,21,37,38,39,41,45,48,53,59,62,102,103" machi="53" ten="40,3900,0" yaku="1,1,54,1,53,0" doraHai="89" doraHaiUra="35" who="0" fromWho="1" sc="357,62,201,-42,211,0,211,0" /><INIT seed="0,2,0,0,2,94" ten="419,159,211,211" oya="0" hai0="25,43,52,135,38,2,40,54,132,77,23,58,17" hai1="53,18,125,134,98,124,113,92,24,117,66,42,34" hai2="30,76,33,57,69,79,101,110,129,97,36,48,35" hai3="46,96,100,64,81,10,29,82,55,39,80,13,67"/><T102/><D2/><U12/><E117/><V60/><F36/><W114/><G114/><T3/><D3/><U105/><E105/><V65/><F110/><W99/><G29/><T116/><D116/><U118/><E42/><V71/><F129/><W85/><G85/><T86/><D38/><U87/><E66/><N who="3" m="25130" /><G39/><T78/><D43/><U47/><E87/><V49/><F49/><N who="3" m="29111" /><G100/><T61/><D40/><U56/><E47/><V121/><F121/><W31/><G31/><T1/><D1/><U73/><E73/><V89/><F89/><W4/><AGARI ba="2,0" hai="4,10,13,80,81,82,96,99" m="29111,25130" machi="4" ten="30,4000,0" yaku="8,1,52,2" doraHai="94" who="3" fromWho="3" sc="419,-22,159,-12,211,-12,211,46" /><INIT seed="1,0,0,0,4,46" ten="397,147,199,257" oya="1" hai0="76,83,81,60,82,96,56,118,122,108,8,113,79" hai1="72,21,28,44,70,1,23,105,40,95,107,97,33" hai2="24,65,103,26,132,48,101,75,125,41,120,45,62" hai3="2,58,54,10,50,69,51,27,128,124,106,134,63"/><U117/><E117/><V135/><F75/><W49/><G106/><T84/><D118/><U87/><E72/><V9/><F120/><W30/><G134/><N who="2" m="51241" /><F9/><W119/><G119/><T98/><D113/><U38/><E1/><V66/><F66/><W31/><G128/><T55/><D108/><U7/><E7/><V52/><F41/><W123/><G123/><T93/><D122/><U112/><E112/><V133/><F125/><W5/><G124/><T115/><D115/><U32/><E70/><N who="2" m="42295" /><F133/><W61/><G69/><T20/><D8/><U121/><E121/><V39/><F39/><W16/><REACH who="3" step="1"/><G63/><REACH who="3" ten="397,147,199,247" step="2"/><T90/><D79/><U25/><E105/><V42/><F42/><W89/><G89/><T13/><D76/><U3/><E107/><V74/><F74/><W126/><G126/><T85/><D90/><U14/><E38/><V104/><F104/><W109/><G109/><T116/><D116/><U67/><E40/><V64/><F64/><W6/><G6/><T78/><D78/><U0/><E67/><V111/><F111/><W34/><G34/><T19/><D60/><U37/><E33/><V80/><F103/><W29/><G29/><T100/><D100/><N who="1" m="60479" /><E32/><V47/><F101/><W127/><G127/><T18/><D18/><N who="1" m="10455" /><E3/><V110/><F110/><W15/><G15/><T36/><D36/><U91/><E0/><V59/><F26/><W131/><G131/><T11/><D13/><U35/><E35/><V22/><F24/><W94/><G94/><T12/><D93/><N who="1" m="54527" /><E37/><V114/><F114/><W130/><G130/><T92/><D92/><U129/><E129/><RYUUKYOKU ba="0,1" sc="397,-15,147,15,199,-15,247,15" hai1="23,25,28,44" hai3="2,5,10,16,27,30,31,49,50,51,54,58,61" /><INIT seed="1,1,1,1,0,35" ten="382,162,184,262" oya="1" hai0="61,17,38,55,71,107,11,133,84,66,51,18,122" hai1="7,36,109,129,0,132,72,73,2,56,13,57,100" hai2="41,103,134,70,78,1,47,95,79,22,52,67,27" hai3="34,85,98,135,77,74,45,46,113,86,99,64,40"/><U110/><E36/><V5/><F134/><W32/><G113/><T82/><D107/><U20/><E100/><V28/><F70/><W90/><G135/><T43/><D133/><U62/><E132/><V111/><F67/><W68/><G74/><N who="1" m="28778" /><E129/><V97/><F111/><N who="1" m="42505" /><E57/><V92/><F92/><W53/><G68/><T89/><D122/><U59/><E59/><V63/><F63/><W12/><G64/><T114/><D114/><U130/><E130/><V106/><F106/><W126/><G34/><T88/><D89/><U121/><E121/><V125/><F79/><W120/><G90/><T44/><REACH who="0" step="1"/><D11/><REACH who="0" ten="372,162,184,262" step="2"/><N who="1" m="4351" /><E62/><V112/><F112/><W39/><G120/><T19/><D19/><U30/><E56/><AGARI ba="1,2" hai="17,18,38,43,44,51,55,56,61,66,71,82,84,88" machi="56" ten="30,8000,1" yaku="1,1,7,1,24,2,54,1,53,0" doraHai="35" doraHaiUra="104" who="0" fromWho="1" sc="372,103,162,-83,184,0,262,0" /><INIT seed="2,0,0,2,1,12" ten="475,79,184,262" oya="2" hai0="48,127,113,66,75,102,90,49,135,120,5,15,39" hai1="93,95,101,18,76,125,29,106,94,46,28,91,23" hai2="63,43,37,8,111,68,87,19,104,112,27,107,54" hai3="134,50,31,51,45,118,53,72,116,22,100,25,131"/><V0/><F112/><W36/><G72/><T60/><D39/><U80/><E125/><V44/><F111/><W79/><G79/><T122/><D75/><U121/><E121/><V64/><F0/><W124/><G124/><T86/><D113/><U47/><E91/><V126/><F126/><W2/><G2/><T84/><D127/><U33/><E33/><V78/><F54/><W6/><G6/><T3/><D3/><U35/><E35/><V108/><F108/><W20/><G36/><T128/><D128/><U97/><E29/><V88/><F78/><W98/><G131/><T129/><D135/><U119/><E28/><V130/><F130/><W67/><G134/><T56/><D102/><U32/><E32/><V14/><F27/><W41/><G67/><T9/><D129/><U21/><E119/><V103/><F103/><W92/><G20/><T1/><D1/><U4/><E4/><V69/><F69/><W132/><G132/><T109/><D109/><U59/><E59/><AGARI ba="0,0" hai="22,25,31,41,45,50,51,53,59,92,98,100,116,118" machi="59" ten="30,1000,0" yaku="7,1" doraHai="12" who="3" fromWho="1" sc="475,0,79,-10,184,0,262,10" /><INIT seed="3,0,0,3,0,118" ten="475,69,184,272" oya="3" hai0="119,35,130,74,29,87,59,72,53,68,7,99,94" hai1="115,38,113,106,57,6,13,95,90,42,120,79,3" hai2="127,20,67,51,25,101,116,71,12,45,21,64,23" hai3="111,47,109,30,44,85,52,4,69,66,37,24,75"/><W133/><G75/><T83/><D68/><U125/><E3/><V103/><F116/><W123/><G123/><T126/><D119/><U84/><E38/><V93/><F127/><W135/><G4/><T61/><D126/><U98/><E125/><V28/><F71/><W96/><G85/><T50/><D130/><U97/><E42/><V8/><F25/><W117/><G117/><T128/><D128/><U43/><E43/><V88/><F28/><W40/><G96/><T124/><D124/><U34/><E34/><V100/><F51/><N who="3" m="28775" /><G66/><T15/><D29/><U81/><E57/><V82/><F82/><W91/><G91/><T76/><D35/><U92/><E13/><V78/><F45/><W31/><G69/><T1/><D1/><U19/><E19/><N who="2" m="8583" /><F78/><W89/><G89/><T2/><D2/><U33/><E6/><V41/><F41/><W77/><G77/><T39/><D39/><U10/><E10/><V62/><F62/><W102/><G102/><N who="2" m="26113" /><V49/><DORA hai="54" /><F49/><W22/><G31/><T65/><D74/><N who="1" m="43255" /><E33/><V108/><F108/><AGARI ba="0,0" hai="22,24,30,37,40,47,108,109,111,133,135" m="28775" machi="108" ten="30,5800,0" yaku="14,1,10,1,54,1" doraHai="118,54" who="3" fromWho="2" sc="475,0,69,0,184,-58,272,58" /><INIT seed="3,1,0,3,1,34" ten="475,69,126,330" oya="3" hai0="70,10,28,40,58,67,11,120,111,71,65,131,18" hai1="82,113,102,86,26,104,60,124,75,72,27,101,55" hai2="132,31,47,56,52,12,17,90,49,46,103,127,109" hai3="122,118,57,81,105,68,134,3,48,25,61,83,23"/><W22/><G122/><T50/><D120/><U33/><E113/><V117/><F117/><W130/><G105/><T88/><D111/><U80/><E124/><V42/><F109/><W84/><G118/><T4/><D131/><U74/><E33/><V9/><F127/><W1/><G130/><T45/><D28/><U14/><E14/><V38/><F132/><W133/><G68/><T30/><D30/><U99/><E102/><V54/><F31/><N who="3" m="17847" /><G48/><T119/><D119/><U39/><E39/><V0/><F103/><W107/><G107/><T44/><D58/><U41/><E41/><V95/><F0/><W110/><G23/><T62/><D67/><U100/><E100/><V51/><F38/><W135/><G110/><T19/><D45/><U97/><E97/><V2/><F2/><N who="3" m="523" /><G84/><T6/><D70/><U98/><E99/><V64/><F64/><AGARI ba="1,0" hai="57,61,64,81,83,133,134,135" m="523,17847" machi="64" ten="40,12000,1" yaku="20,1,52,3" doraHai="34" who="3" fromWho="2" sc="475,0,69,0,126,-123,330,123" /><INIT seed="3,2,0,1,4,79" ten="475,69,3,453" oya="3" hai0="19,96,56,109,30,15,35,28,92,66,68,116,104" hai1="124,58,33,61,27,125,100,4,94,75,77,117,115" hai2="85,11,102,72,31,91,126,36,112,23,82,43,40" hai3="113,2,10,76,50,64,6,134,107,83,29,111,131"/><W1/><G107/><T80/><D68/><U87/><E4/><V73/><F73/><W127/><G113/><T26/><D116/><U38/><E38/><V86/><F112/><W97/><G127/><T25/><D109/><U0/><E0/><V101/><F72/><W123/><G123/><T130/><D104/><U12/><E12/><V129/><F129/><W103/><G131/><T90/><D130/><U57/><E75/><V3/><F3/><W22/><G134/><T41/><D41/><N who="2" m="15946" /><F36/><W62/><G2/><T49/><D80/><N who="1" m="47503" /><E115/><V71/><F71/><W44/><G111/><T18/><D15/><U122/><E122/><V89/><F126/><N who="1" m="48745" /><E117/><V52/><F11/><W14/><G1/><T70/><D70/><U42/><E42/><V9/><F9/><W13/><G13/><T46/><D46/><U128/><E128/><V88/><F52/><W105/><G44/><T45/><D45/><U63/><E58/><V39/><F39/><W132/><G132/><T55/><REACH who="0" step="1"/><D66/><REACH who="0" ten="465,69,3,453" step="2"/><U74/><E57/><V51/><F51/><W78/><G50/><T118/><D118/><U84/><E63/><V53/><F53/><W133/><G133/><T5/><D5/><U20/><E61/><V108/><F108/><W8/><G62/><T119/><D119/><U114/><E114/><V93/><F89/><W110/><G64/><T60/><D60/><U32/><E74/><V24/><AGARI ba="2,1" hai="23,24,31,82,85,86,88,91,93,101,102" m="15946" machi="24" ten="30,4000,0" yaku="8,1,52,1,54,1" doraHai="79" who="2" fromWho="2" sc="465,-12,69,-12,3,56,453,-22" /><INIT seed="4,0,0,0,5,37" ten="453,57,59,431" oya="0" hai0="40,34,58,109,47,21,9,106,29,119,105,130,49" hai1="27,16,41,22,97,65,25,15,107,1,123,59,87" hai2="90,67,95,94,92,6,17,127,98,56,86,51,57" hai3="134,108,85,35,112,74,55,101,54,13,46,43,83"/><T93/><D34/><U36/><E1/><V33/><F33/><W79/><G35/><T76/><D119/><U26/><E123/><V75/><F75/><W128/><G108/><T10/><D109/><U113/><E113/><V88/><F127/><W28/><G128/><T3/><D3/><U114/><E114/><V126/><F6/><W20/><G112/><T82/><D130/><U111/><E111/><V73/><F73/><W61/><G134/><T124/><D124/><U122/><E122/><V78/><F126/><W42/><G101/><T117/><D117/><U39/><E41/><N who="3" m="15370" /><G74/><T72/><D93/><U69/><E69/><V135/><F78/><W62/><G46/><T64/><D105/><U44/><E44/><V52/><F17/><N who="3" m="10287" /><G28/><T118/><D106/><U12/><E107/><V71/><F71/><W103/><G103/><T45/><D45/><U66/><E39/><V60/><F135/><W116/><G116/><T125/><D125/><U24/><E36/><V89/><REACH who="2" step="1"/><F98/><REACH who="2" ten="453,57,49,431" step="2"/><W38/><G38/><T50/><D118/><U77/><E97/><V2/><F2/><W100/><G100/><T96/><D96/><U53/><E77/><V102/><F102/><W14/><G14/><N who="1" m="5162" /><E87/><AGARI ba="0,1" hai="51,52,56,57,60,67,86,87,88,89,90,92,94,95" machi="87" ten="40,8000,1" yaku="1,1,8,1,54,2,53,0" doraHai="37" doraHaiUra="0" who="2" fromWho="1" sc="453,0,57,-80,49,90,431,0" owari="453,55.0,-23,-52.0,139,-26.0,431,23.0" /></mjloggm>