<mjloggm ver="2.3"><GO type="41" lobby="0"/><UN n0="%6E%6F%72%6F%72%69%6E" n1="%4B%75%6D%61%6E%6F" n2="%E5%B0%B1%E6%B4%BB%E7%94%9F%40%E5%B7%9D%E6%9D%91%E8%BB%8D%E5%9B%A3" n3="%31%34%32%31" dan="13,13,16,13" rate="1831.99,1878.09,2181.31,1914.41" sx="M,M,M,M"/><TAIKYOKU oya="0"/><INIT seed="0,0,0,2,1,40" ten="250,250,250,250" oya="0" hai0="80,65,118,52,5,117,81,126,39,20,125,8,26" hai1="108,112,30,123,111,18,47,6,113,29,21,66,17" hai2="128,134,93,76,104,99,51,135,130,36,89,28,64" hai3="62,23,77,3,49,44,16,19,63,84,119,90,0"/><T131/><D39/><U15/><E66/><V61/><F36/><W133/><G119/><N who="0" m="45579" /><D65/><U121/><E6/><V14/><F28/><W83/><G133/><N who="2" m="50697" /><F14/><W45/><G0/><N who="0" m="39" /><D81/><U43/><E43/><V103/><F51/><W95/><G3/><T1/><D80/><U87/><E87/><N who="2" m="52415" /><F76/><W73/><G19/><N who="0" m="12575" /><D52/><U59/><E59/><AGARI ba="0,0" hai="59,61,64,99,103,104,128,130" m="52415,50697" machi="59" ten="30,1000,0" yaku="20,1" doraHai="40" who="2" fromWho="1" sc="250,0,250,-10,250,10,250,0" /><INIT seed="1,0,0,3,5,37" ten="250,240,260,250" oya="1" hai0="95,58,0,56,107,125,25,80,40,52,71,131,35" hai1="32,41,113,78,55,49,15,128,20,30,82,68,94" hai2="83,4,21,77,108,130,19,101,60,64,31,34,104" hai3="17,18,85,93,70,72,48,62,53,14,123,29,8"/><U129/><E68/><V16/><F108/><W43/><G72/><T39/><D107/><U59/><E113/><V115/><F130/><N who="1" m="50281" /><E32/><V106/><F4/><W12/><G29/><T54/><D0/><U81/><E94/><V67/><F67/><W86/><G123/><T11/><D131/><U116/><E116/><V88/><F115/><W122/><G122/><T121/><D125/><U105/><E105/><V61/><F61/><W66/><G93/><T63/><D121/><U42/><E30/><V87/><F77/><W127/><G127/><T103/><D80/><N who="1" m="30827" /><E78/><V9/><F9/><W74/><G74/><T23/><D35/><U79/><E79/><V47/><F34/><W124/><G124/><T97/><D71/><U135/><E135/><V27/><F104/><W33/><G33/><T134/><D11/><U50/><E50/><V69/><F101/><W28/><G28/><N who="0" m="17471" /><D134/><U45/><E45/><V3/><F106/><W112/><G112/><T89/><D39/><U65/><E65/><V110/><F3/><W84/><G66/><T120/><D120/><U22/><E22/><V119/><F119/><W100/><G100/><T111/><D111/><U10/><E20/><V75/><F110/><W2/><G2/><T118/><D118/><U132/><E132/><V76/><F47/><N who="3" m="25727" /><G70/><T102/><D40/><U98/><E98/><V6/><F76/><W1/><G1/><T24/><D24/><U57/><E59/><V44/><F44/><W109/><G109/><T5/><D5/><AGARI ba="0,0" hai="5,10,15,41,42,49,55,57" m="30827,50281" machi="5" ten="30,5800,0" yaku="19,1,52,2" doraHai="37" who="1" fromWho="0" sc="250,-58,240,58,260,0,250,0" /><INIT seed="1,1,0,4,4,95" ten="192,298,260,250" oya="1" hai0="76,67,40,80,5,52,70,66,54,37,61,6,17" hai1="114,41,94,32,82,50,72,3,109,47,134,125,132" hai2="9,120,60,113,84,64,122,86,31,77,69,30,45" hai3="13,1,110,97,107,116,43,78,20,102,59,96,35"/><U104/><E104/><V48/><F113/><W57/><G1/><T91/><D67/><U119/><E114/><V25/><F31/><W24/><G110/><T75/><D37/><U127/><E3/><V42/><F9/><W22/><G35/><T53/><D40/><U44/><E32/><V71/><F69/><W14/><G116/><T90/><D17/><U131/><E119/><V4/><F4/><W89/><G78/><T93/><REACH who="0" step="1"/><D90/><REACH who="0" ten="182,298,260,250" step="2"/><U79/><E109/><V112/><F112/><W2/><G43/><T133/><D133/><U126/><E131/><V63/><F64/><W29/><G89/><T88/><D88/><U65/><E65/><V87/><F71/><W99/><G102/><T26/><D26/><U46/><E94/><V62/><REACH who="2" step="1"/><F77/><REACH who="2" ten="182,298,250,250" step="2"/><W85/><G107/><T108/><D108/><U81/><E81/><V92/><F92/><W0/><G29/><T106/><D106/><U98/><E134/><V18/><F18/><W27/><G99/><AGARI ba="1,2" hai="5,6,52,53,54,61,66,70,75,76,80,91,93,99" machi="99" ten="40,5200,0" yaku="1,1,52,1,54,1,53,0" doraHai="95" doraHaiUra="101" who="0" fromWho="3" sc="182,75,298,0,250,0,250,-55" /><INIT seed="2,0,0,3,0,16" ten="257,298,250,195" oya="2" hai0="22,80,12,17,55,49,84,53,52,70,107,118,104" hai1="129,82,5,95,43,120,61,20,26,1,94,106,58" hai2="83,77,25,51,92,8,124,41,62,89,67,75,21" hai3="125,93,40,39,109,38,42,72,114,56,18,87,74"/><V46/><F124/><W115/><G125/><T4/><D118/><U121/><E106/><V91/><F8/><W66/><G109/><T33/><D33/><U57/><E129/><V37/><F37/><W60/><G87/><T11/><D70/><U19/><E43/><N who="3" m="16426" /><G93/><T78/><REACH who="0" step="1"/><D49/><REACH who="0" ten="247,298,250,195" step="2"/><U32/><E32/><V59/><REACH who="2" step="1"/><F92/><REACH who="2" ten="247,298,240,195" step="2"/><W88/><G39/><T44/><D44/><U113/><E95/><V29/><AGARI ba="0,2" hai="21,25,29,41,46,51,59,62,67,75,77,83,89,91" machi="29" ten="20,18000,2" yaku="1,1,2,1,0,1,7,1,52,1,53,1" doraHai="16" doraHaiUra="47" who="2" fromWho="2" sc="247,-60,298,-60,240,200,195,-60" /><INIT seed="2,1,0,1,0,60" ten="187,238,440,135" oya="2" hai0="69,36,3,50,118,93,53,9,76,109,119,22,32" hai1="134,75,107,64,2,87,13,98,21,25,72,86,111" hai2="122,88,12,78,97,66,63,48,104,106,58,4,71" hai3="90,10,51,74,82,85,46,1,20,127,103,8,114"/><V108/><F122/><W83/><G127/><T5/><D36/><U79/><E2/><V113/><F113/><W19/><G114/><T37/><D37/><U59/><E111/><V23/><F78/><W57/><G103/><T133/><D32/><U30/><E134/><V28/><F108/><W27/><G1/><T29/><D109/><U94/><E107/><V11/><F71/><W54/><G74/><T42/><D42/><U117/><E117/><N who="0" m="44553" /><D133/><U130/><E130/><V34/><F34/><W33/><G33/><T6/><D6/><U65/><E75/><V123/><F123/><W67/><REACH who="3" step="1"/><G82/><REACH who="3" ten="187,238,440,125" step="2"/><T126/><D126/><U81/><E72/><V70/><F104/><W68/><G68/><T129/><D129/><U80/><E80/><V128/><F70/><W115/><G115/><T39/><D69/><U18/><E81/><V61/><F106/><W101/><G101/><T95/><D39/><U16/><E94/><N who="2" m="56519" /><F128/><W84/><G84/><T44/><D76/><U62/><E79/><V135/><F135/><W17/><G17/><T120/><D120/><U100/><E18/><V116/><F116/><W96/><G96/><T131/><D131/><U132/><E132/><V41/><F28/><W26/><G26/><AGARI ba="1,1" hai="3,5,9,22,26,29,44,50,53,93,95" m="44553" machi="26" ten="30,1000,0" yaku="12,1" doraHai="60" who="0" fromWho="3" sc="187,23,238,0,440,0,125,-13" /><INIT seed="3,0,0,4,4,11" ten="210,238,440,112" oya="3" hai0="5,124,45,76,125,119,13,122,104,57,66,128,98" hai1="25,101,77,1,34,8,3,59,52,36,127,135,129" hai2="87,73,15,10,109,50,40,126,27,112,49,134,102" hai3="37,96,91,2,16,131,70,28,67,93,99,105,29"/><W82/><G37/><T81/><D119/><U92/><E36/><V30/><F73/><W89/><G2/><T23/><D122/><U39/><E39/><V61/><F112/><W114/><G114/><T78/><D128/><U58/><E129/><V71/><F102/><W64/><G131/><T133/><D45/><U72/><E127/><N who="0" m="48713" /><D133/><U47/><E135/><V111/><F40/><W116/><G70/><T4/><D104/><U85/><E72/><V26/><F87/><W22/><G116/><T117/><D117/><U43/><E34/><V103/><F103/><W118/><G105/><T68/><D68/><U20/><E77/><N who="0" m="29801" /><D98/><U33/><E33/><V79/><F79/><W32/><G32/><T24/><D81/><U60/><E59/><V130/><F130/><W17/><G118/><T7/><D66/><U69/><E69/><V75/><F75/><W35/><G35/><T90/><D90/><U46/><E46/><V18/><F134/><W54/><G54/><T80/><D80/><U84/><E3/><V95/><F95/><N who="3" m="56431" /><G17/><N who="0" m="12399" /><D57/><U9/><E101/><V38/><F38/><W31/><G82/><T48/><D48/><N who="2" m="18538" /><F126/><W110/><G110/><N who="2" m="41993" /><F30/><N who="3" m="7683" /><W63/><DORA hai="12" /><G63/><T94/><D94/><U123/><E60/><V113/><F113/><W86/><G86/><N who="1" m="33386" /><E92/><V121/><F121/><W19/><G19/><T62/><D62/><N who="1" m="36167" /><E123/><V55/><F55/><W56/><G56/><T107/><D107/><U0/><E0/><V65/><AGARI ba="0,0" hai="10,15,18,26,27,61,65,71" m="41993,18538" machi="65" ten="30,4000,0" yaku="14,1,52,2" doraHai="11,12" who="2" fromWho="2" sc="210,-10,238,-10,440,40,112,-20" /><INIT seed="4,0,0,3,3,107" ten="200,228,480,92" oya="0" hai0="101,108,87,41,69,126,1,73,134,63,9,32,58" hai1="60,56,125,114,24,65,130,120,96,97,59,25,135" hai2="74,46,39,5,6,4,43,52,27,47,105,112,129" hai3="121,50,68,19,122,34,90,40,92,132,10,75,100"/><T85/><D73/><U109/><E120/><V55/><F105/><W93/><G34/><T42/><D69/><U118/><E109/><V123/><F123/><W91/><G68/><T53/><D32/><U83/><E118/><V17/><F74/><W11/><G100/><T3/><D108/><U0/><E0/><V98/><F129/><W8/><G132/><T30/><D126/><U86/><E125/><V21/><F112/><W71/><G71/><T84/><D134/><U22/><E135/><V115/><F115/><W29/><G29/><T110/><D110/><U82/><E114/><V79/><F79/><W102/><G102/><T66/><D30/><U48/><E130/><V119/><F119/><W64/><G64/><T127/><D127/><U16/><E25/><V36/><F98/><W45/><G19/><T26/><D26/><U7/><E7/><V99/><F99/><W113/><G113/><T61/><D101/><U23/><E23/><V49/><REACH who="2" step="1"/><F55/><REACH who="2" ten="200,228,470,92" step="2"/><W80/><G122/><T13/><D1/><U133/><E133/><V20/><F20/><W38/><G121/><T103/><D3/><U104/><E104/><V37/><AGARI ba="0,1" hai="4,5,6,17,21,27,36,37,39,43,46,47,49,52" machi="37" ten="30,7900,0" yaku="1,1,0,1,54,1,53,1" doraHai="107" doraHaiUra="18" who="2" fromWho="2" sc="200,-39,228,-20,470,89,92,-20" /><INIT seed="5,0,0,5,3,5" ten="161,208,559,72" oya="1" hai0="76,107,114,132,123,110,85,121,71,135,108,50,86" hai1="41,67,104,109,4,62,101,120,45,9,69,92,54" hai2="24,61,43,16,130,14,52,70,127,80,119,58,106" hai3="15,46,6,20,115,103,11,60,133,94,32,83,49"/><U40/><E120/><N who="0" m="46153" /><D50/><U64/><E109/><N who="0" m="42089" /><D71/><U88/><E67/><V90/><F119/><W68/><G32/><T73/><D114/><U72/><E72/><V34/><F106/><W125/><G133/><N who="0" m="51275" /><D107/><U22/><E104/><V98/><F127/><W105/><G125/><T30/><D30/><U79/><E54/><V113/><F70/><W28/><G115/><T19/><D19/><U129/><E41/><V118/><F43/><W117/><G117/><T53/><D53/><U87/><E40/><V23/><F118/><W116/><G116/><T36/><D36/><U96/><E45/><V48/><F113/><W111/><G111/><T38/><D38/><U29/><E29/><V99/><F48/><W122/><G122/><T10/><D10/><U77/><E22/><V89/><F34/><W44/><G44/><T39/><D39/><U7/><E7/><V97/><F52/><W81/><G105/><T74/><D76/><U63/><E63/><V57/><F23/><W56/><G68/><T47/><D47/><U25/><E25/><V27/><F24/><N who="3" m="16391" /><G49/><T59/><D59/><U128/><E79/><V13/><F27/><W21/><G21/><T124/><D124/><U55/><E77/><V1/><F61/><W82/><G46/><T51/><D51/><U91/><E55/><V65/><F58/><W31/><G31/><T84/><AGARI ba="0,0" hai="73,74,84,85,86" m="51275,42089,46153" machi="84" ten="40,12000,2" yaku="28,2,13,1,20,1,34,2" doraHai="5" who="0" fromWho="0" sc="161,120,208,-60,559,-30,72,-30" /><INIT seed="6,0,0,5,3,123" ten="281,148,529,42" oya="2" hai0="84,99,126,64,83,40,74,17,28,26,103,70,98" hai1="115,72,48,5,9,76,133,105,100,42,62,33,29" hai2="59,39,60,119,80,101,14,6,57,127,15,88,53" hai3="3,37,63,47,13,8,131,21,130,1,20,128,108"/><V114/><F119/><W7/><G37/><T10/><D40/><U68/><E133/><V104/><F39/><W50/><G63/><T82/><D126/><U75/><E115/><V77/><F114/><W94/><G94/><T102/><D70/><U0/><E48/><V106/><F127/><W73/><G73/><T36/><D36/><U111/><E42/><V30/><F30/><W79/><G79/><T46/><D64/><N who="1" m="40983" /><E111/><V116/><F116/><W52/><REACH who="3" step="1"/><G108/><REACH who="3" ten="281,148,529,32" step="2"/><T89/><D74/><U16/><E76/><V107/><F77/><W65/><G65/><T61/><D61/><U95/><E95/><V124/><F60/><W110/><G110/><T117/><D117/><U135/><E75/><V44/><F104/><W129/><N who="3" m="33280" /><DORA hai="41" /><W2/><AGARI ba="0,1" hai="1,2,3,7,8,13,20,21,47,50,52" m="33280" machi="2" ten="70,12000,2" yaku="1,1,4,1,0,1,19,1,52,1,54,1,53,0" doraHai="123,41" doraHaiUra="91,56" who="3" fromWho="3" sc="281,-30,148,-30,529,-60,32,130" /><INIT seed="7,0,0,1,2,121" ten="251,118,469,162" oya="3" hai0="116,56,91,60,64,4,77,104,46,3,33,37,73" hai1="69,101,28,79,39,61,100,14,119,31,95,72,32" hai2="128,63,118,122,57,26,114,10,82,50,24,22,83" hai3="29,0,109,106,108,13,81,58,94,84,129,125,53"/><W45/><G106/><T44/><D116/><U92/><E39/><V110/><F110/><N who="3" m="42603" /><G0/><T8/><D91/><U93/><E119/><V127/><F118/><W76/><G129/><T54/><D33/><U15/><E69/><V30/><F127/><W21/><G125/><T126/><D126/><U25/><E61/><V49/><F114/><W51/><G94/><T67/><D104/><U111/><E111/><V35/><F128/><W19/><G29/><T43/><D46/><AGARI ba="0,0" hai="13,19,21,45,46,51,53,58,76,81,84" m="42603" machi="46" ten="30,11600,0" yaku="10,1,52,3" doraHai="121" who="3" fromWho="0" sc="251,-116,118,0,469,0,162,116" /><INIT seed="7,1,0,4,2,23" ten="135,118,469,278" oya="3" hai0="109,99,71,6,31,78,127,61,77,55,41,73,48" hai1="122,97,58,14,100,110,111,40,37,80,72,39,117" hai2="65,64,16,21,106,76,44,2,112,121,102,85,131" hai3="28,30,53,52,36,89,13,22,119,62,75,130,45"/><W42/><G119/><T132/><D109/><U86/><E122/><V129/><F2/><W95/><G75/><T67/><D127/><U34/><E34/><V50/><F121/><W98/><G130/><N who="2" m="49673" /><F112/><W57/><G53/><T96/><D132/><U11/><E72/><V25/><F106/><W70/><G70/><T38/><D6/><U56/><E117/><V69/><F69/><W49/><G36/><T0/><D0/><U5/><E111/><V124/><F102/><W91/><G91/><T7/><D7/><U33/><E33/><V35/><F35/><W29/><REACH who="3" step="1"/><G13/><REACH who="3" ten="135,118,469,268" step="2"/><T125/><D125/><U43/><E110/><V9/><F124/><W66/><G66/><T63/><D78/><N who="1" m="46359" /><E39/><V118/><F118/><W27/><AGARI ba="1,1" hai="22,27,28,29,30,42,45,49,52,57,62,89,95,98" machi="27" ten="30,12000,1" yaku="1,1,0,1,8,1,52,1,54,1,53,0" doraHai="23" doraHaiUra="68" who="3" fromWho="3" sc="135,-41,118,-41,469,-41,268,133" /><INIT seed="7,2,0,2,5,91" ten="94,77,428,401" oya="3" hai0="81,103,68,71,59,39,3,41,99,100,131,51,73" hai1="11,133,128,10,22,31,2,19,120,86,29,21,96" hai2="89,45,5,48,49,84,127,94,40,97,28,77,0" hai3="20,24,14,42,121,108,119,63,124,105,130,18,64"/><W35/><G119/><T106/><D131/><U37/><E37/><V78/><F127/><W61/><G121/><T52/><D103/><U107/><E120/><V129/><F129/><W58/><G130/><T90/><D3/><U12/><E128/><V82/><F28/><N who="1" m="10825" /><E86/><V38/><F77/><W44/><G105/><T13/><D73/><U113/><E107/><V132/><F132/><W23/><G124/><T123/><D123/><U93/><E133/><V8/><AGARI ba="2,0" hai="0,5,8,38,40,45,48,49,78,82,84,89,94,97" machi="8" ten="30,2000,0" yaku="0,1,52,1" doraHai="91" who="2" fromWho="2" sc="94,-7,77,-7,428,26,401,-12" owari="87,-31.0,70,-43.0,454,55.0,389,19.0" /></mjloggm>