<mjloggm ver="2.3"><GO type="169" lobby="0"/><UN n0="%E3%81%A4%E3%81%A1%E3%81%AE%E3%81%93%E5%8D%83%E8%91%89" n1="%E3%82%A6%E3%83%AB%E3%83%88%E3%83%A9%E7%AB%8B%E7%9B%B4" n2="%E3%82%82%E3%81%97%E3%83%A9%E3%82%B9%E3%81%A7" n3="%41%79%6F%75%46" dan="16,18,16,18" rate="2038.48,2223.40,2124.13,2282.44" sx="M,M,M,M"/><TAIKYOKU oya="0"/><INIT seed="0,0,0,4,1,10" ten="250,250,250,250" oya="0" hai0="56,84,16,129,63,51,31,38,9,12,87,124,73" hai1="11,1,2,81,67,113,97,65,115,135,119,123,116" hai2="72,49,89,19,79,134,27,104,0,52,101,100,54" hai3="86,50,29,4,83,80,70,53,25,60,30,13,94"/><T26/><D38/><U32/><E32/><V3/><F134/><W88/><G70/><T61/><D73/><U40/><E40/><V7/><F72/><W6/><G60/><N who="0" m="23115" /><D129/><U15/><E81/><N who="3" m="31306" /><G25/><T47/><D56/><U34/><E97/><V23/><F79/><W121/><G121/><T39/><D39/><U59/><E59/><V22/><F89/><W90/><G90/><T99/><D99/><U106/><E34/><V17/><F7/><N who="3" m="2603" /><G13/><T92/><D92/><U43/><E106/><V35/><F35/><W118/><G118/><T105/><D124/><U126/><E126/><V14/><F104/><W91/><G91/><T18/><D31/><U111/><E123/><V58/><REACH who="2" step="1"/><F54/><REACH who="2" ten="250,250,240,250" step="2"/><W93/><G93/><T28/><D105/><U128/><E119/><V44/><F44/><AGARI ba="0,1" hai="29,30,44,50,53,86,88,94" m="2603,31306" machi="44" ten="30,2000,0" yaku="8,1,54,1" doraHai="10" who="3" fromWho="2" sc="250,0,250,0,240,-20,250,30" /><INIT seed="1,0,0,4,1,16" ten="250,250,220,280" oya="1" hai0="89,54,50,14,96,101,132,25,58,52,90,67,135" hai1="130,78,56,4,29,113,37,47,49,125,109,5,20" hai2="107,110,102,105,8,65,86,33,34,117,53,43,0" hai3="28,59,80,51,24,69,46,97,6,128,35,2,120"/><U118/><E118/><V114/><F117/><W85/><G69/><T88/><D14/><U44/><E113/><V94/><F114/><W22/><G120/><T121/><D121/><U19/><E125/><V83/><F110/><W95/><G128/><T124/><D124/><U70/><E70/><V62/><F53/><W127/><G127/><T92/><D67/><U57/><E130/><V64/><F43/><W1/><G59/><N who="1" m="22602" /><E37/><V100/><F83/><W68/><G68/><T93/><D54/><U48/><E29/><V17/><F86/><W36/><G36/><T75/><D75/><U91/><E91/><V106/><F94/><W119/><G119/><T10/><D10/><U60/><E60/><V30/><F30/><W116/><G116/><T45/><D45/><N who="1" m="17483" /><E78/><V11/><F106/><W9/><G2/><T38/><D38/><U40/><E40/><V18/><F62/><W21/><G95/><T77/><D77/><U131/><E131/><V66/><F66/><W7/><G97/><T15/><D15/><N who="1" m="9343" /><E109/><V133/><F133/><N who="0" m="51274" /><D25/><U76/><E76/><V23/><F0/><W12/><G1/><T71/><D71/><U123/><E123/><V27/><F27/><W87/><G6/><AGARI ba="0,0" hai="4,5,6,48,49" m="9343,17483,22602" machi="6" ten="30,2900,0" yaku="8,1,52,1" doraHai="16" who="1" fromWho="3" sc="250,0,250,29,220,0,280,-29" /><INIT seed="1,1,0,2,0,42" ten="250,279,220,251" oya="1" hai0="89,94,9,46,23,128,40,65,25,70,18,56,108" hai1="119,28,72,135,19,120,17,86,62,24,71,132,22" hai2="113,6,130,124,33,82,85,115,98,69,79,35,67" hai3="66,107,36,76,54,80,131,10,104,90,95,106,26"/><U87/><E72/><V93/><F130/><W58/><G36/><T37/><D128/><U81/><E120/><V52/><F6/><W84/><G66/><T30/><D108/><U31/><E119/><V49/><F124/><W63/><G131/><T47/><D47/><U110/><E110/><V29/><F67/><W88/><G10/><T8/><D70/><U1/><E1/><V99/><F69/><W122/><G122/><T129/><D129/><U134/><E19/><V20/><F20/><W133/><G133/><T32/><D65/><N who="1" m="41399" /><E87/><V11/><F11/><W83/><G80/><T53/><D32/><N who="2" m="12362" /><F93/><W126/><G126/><T78/><D78/><AGARI ba="1,0" hai="17,22,24,28,31,78,81,86,132,134,135" m="41399" machi="78" ten="30,1500,0" yaku="20,1" doraHai="42" who="1" fromWho="0" sc="250,-18,279,18,220,0,251,0" /><INIT seed="1,2,0,4,5,116" ten="232,297,220,251" oya="1" hai0="55,32,103,22,35,123,49,118,36,94,60,5,2" hai1="111,79,113,48,127,83,71,27,25,68,51,76,53" hai2="30,34,37,93,90,46,82,122,12,92,101,23,81" hai3="131,64,17,95,109,13,8,47,54,69,45,106,39"/><U43/><E113/><V44/><F34/><W11/><G106/><T59/><D118/><U72/><E127/><V18/><F30/><W129/><G109/><T4/><D36/><U125/><E125/><V62/><F122/><W70/><G64/><T89/><D103/><U10/><E111/><V7/><F7/><W28/><G28/><T66/><D22/><U33/><E33/><V24/><F12/><W29/><G29/><T114/><D123/><U3/><E76/><V96/><F62/><W128/><G95/><T20/><D20/><U98/><E98/><V99/><F37/><W15/><G54/><T124/><D124/><U100/><E100/><V115/><F115/><W41/><REACH who="3" step="1"/><G47/><AGARI ba="2,0" hai="18,23,24,44,46,47,81,82,90,92,93,96,99,101" machi="47" ten="40,1300,0" yaku="8,1" doraHai="116" who="2" fromWho="3" sc="232,0,297,0,220,19,251,-19" /><INIT seed="2,0,0,3,1,41" ten="232,297,239,232" oya="2" hai0="45,126,57,90,34,48,117,32,59,31,2,83,18" hai1="77,91,81,78,13,30,29,12,115,4,135,7,66" hai2="73,86,93,1,40,25,19,33,23,95,8,64,62" hai3="114,108,107,60,118,123,74,49,120,105,85,98,94"/><V112/><F73/><W6/><G6/><T22/><D2/><U88/><E66/><V58/><F112/><W46/><G74/><T124/><D117/><U5/><E81/><V76/><F33/><W54/><G118/><T89/><D34/><U37/><E37/><V103/><F103/><W106/><G114/><T63/><D32/><U16/><E115/><V17/><F40/><W42/><G85/><T61/><D31/><U0/><E0/><V39/><F39/><W65/><G42/><T82/><D48/><U14/><E16/><V134/><F134/><W43/><G43/><T21/><REACH who="0" step="1"/><D18/><REACH who="0" ten="222,297,239,232" step="2"/><U68/><E135/><V101/><F1/><W9/><G108/><T128/><D128/><U3/><E3/><V35/><F35/><W113/><G113/><T122/><D122/><U51/><E51/><V100/><F19/><W44/><G123/><T92/><D92/><N who="2" m="35402" /><F8/><W99/><G9/><T102/><D102/><U110/><E110/><V15/><F15/><W79/><G120/><T67/><D67/><U84/><E13/><V133/><F133/><W104/><G104/><T119/><D119/><U50/><E7/><V87/><F101/><W27/><G99/><T55/><D55/><U125/><E5/><V26/><F100/><W70/><G27/><T69/><D69/><U111/><E4/><V71/><F71/><W80/><G54/><T97/><D97/><U109/><E68/><V56/><F26/><W52/><G98/><T96/><D96/><U20/><E109/><V129/><F129/><W36/><G107/><T75/><D75/><U127/><E111/><RYUUKYOKU ba="0,1" sc="222,30,297,-10,239,-10,232,-10" hai0="21,22,45,57,59,61,63,82,83,89,90,124,126" /><INIT seed="3,1,1,4,3,124" ten="252,287,229,222" oya="3" hai0="46,66,42,132,50,13,123,134,37,31,32,127,105" hai1="67,108,122,45,131,117,89,24,14,115,16,48,80" hai2="41,40,121,118,30,21,130,135,29,93,59,39,9" hai3="116,103,28,63,113,53,10,96,99,107,1,8,90"/><W111/><G113/><T126/><D105/><U54/><E122/><V58/><F118/><W101/><G116/><T23/><D32/><U71/><E115/><V62/><F121/><W114/><G114/><T27/><D123/><U119/><E24/><V68/><F68/><W84/><G28/><T51/><D66/><U88/><E89/><V17/><F9/><W91/><G111/><T87/><D87/><N who="1" m="50279" /><E108/><V112/><F112/><W49/><G63/><T100/><D100/><U52/><E54/><V104/><F104/><W47/><G91/><T125/><REACH who="0" step="1"/><D13/><REACH who="0" ten="242,287,229,222" step="2"/><U92/><E67/><V18/><F135/><AGARI ba="1,2" hai="23,27,31,37,42,46,50,51,125,126,127,132,134,135" machi="135" ten="50,8000,1" yaku="1,1,2,1,18,1,20,1,53,0" doraHai="124" doraHaiUra="35" who="0" fromWho="2" sc="242,103,287,0,229,-83,222,0" /><INIT seed="4,0,0,4,5,89" ten="345,287,146,222" oya="0" hai0="71,40,1,20,92,44,135,103,101,52,47,41,68" hai1="116,0,75,77,24,42,117,60,84,9,97,58,50" hai2="63,14,37,65,62,124,91,118,19,61,2,26,72" hai3="13,129,4,69,130,79,67,107,25,49,104,120,59"/><T32/><D1/><U15/><E75/><V55/><F2/><W114/><G69/><T73/><D73/><U33/><E0/><V112/><F112/><W7/><G114/><T21/><D32/><U12/><E12/><V51/><F37/><W35/><G79/><T22/><D135/><U66/><E97/><V23/><F72/><W94/><G120/><T28/><D28/><U95/><E24/><V34/><F124/><W54/><G67/><T78/><D78/><U11/><E11/><V18/><F118/><W46/><G46/><N who="0" m="17451" /><D52/><U122/><E33/><V127/><F127/><W111/><G111/><T5/><D5/><U119/><E122/><V16/><F19/><W45/><G45/><T39/><D39/><U74/><E50/><V36/><F36/><W128/><G35/><T123/><D123/><U132/><E42/><N who="0" m="16489" /><D92/><U98/><E132/><V125/><F125/><W31/><G94/><T27/><D27/><U113/><E74/><V64/><F91/><W115/><G115/><T81/><D81/><N who="1" m="47151" /><E113/><V133/><F133/><W121/><G121/><T70/><AGARI ba="0,0" hai="20,21,22,68,70,71,101,103" m="16489,17451" machi="70" ten="40,3900,0" yaku="28,2" doraHai="89" who="0" fromWho="0" sc="345,39,287,-13,146,-13,222,-13" /><INIT seed="4,1,0,4,0,123" ten="384,274,133,209" oya="0" hai0="78,54,96,107,119,9,70,124,82,23,112,90,94" hai1="114,79,1,106,109,50,11,43,42,115,126,61,68" hai2="24,77,56,93,29,34,30,44,125,120,60,86,22" hai3="62,59,53,31,95,88,21,25,122,110,134,129,26"/><T32/><D119/><U47/><E106/><V37/><F120/><W128/><G122/><T69/><D32/><U41/><E79/><V18/><F125/><W135/><G26/><T85/><D124/><U99/><E99/><V8/><F8/><W75/><G75/><T104/><D112/><N who="1" m="43051" /><E126/><V33/><F33/><W2/><G2/><T38/><D38/><U65/><E109/><V113/><F113/><W83/><G83/><T132/><D132/><N who="3" m="50729" /><G110/><T7/><D23/><U117/><E117/><V6/><F6/><AGARI ba="1,0" hai="1,6,11,41,42,43,47,50,61,65,68" m="43051" machi="6" ten="30,2000,0" yaku="15,1,11,1" doraHai="123" who="1" fromWho="2" sc="384,0,274,23,133,-23,209,0" /><INIT seed="5,0,0,0,2,122" ten="384,297,110,209" oya="1" hai0="25,114,113,125,34,31,45,46,60,123,19,109,79" hai1="67,37,59,73,80,100,82,2,9,115,84,128,101" hai2="108,57,120,96,22,135,64,99,134,63,69,58,116" hai3="62,0,55,66,112,16,117,15,86,89,54,72,52"/><U24/><E37/><V40/><F22/><W14/><G0/><T91/><D123/><U130/><E115/><N who="0" m="44041" /><D79/><U127/><E127/><V61/><F99/><W39/><G112/><T30/><D30/><U32/><E73/><V10/><F96/><W71/><G39/><T33/><D125/><U81/><E84/><V78/><F10/><W50/><G14/><T129/><D129/><U88/><E88/><V74/><F78/><W83/><G117/><T85/><D60/><N who="1" m="38303" /><E24/><V68/><F74/><W43/><G43/><T95/><D33/><U18/><E32/><V119/><F120/><W36/><G36/><T77/><D77/><U92/><E92/><V44/><F40/><W47/><REACH who="3" step="1"/><G72/><REACH who="3" ten="384,297,110,199" step="2"/><T21/><D25/><U35/><E2/><V124/><F124/><W27/><G27/><T131/><D131/><U38/><E38/><V48/><F64/><W75/><G75/><T51/><D34/><U105/><E35/><V93/><F116/><W110/><G110/><T49/><D109/><U76/><E130/><V94/><F119/><W53/><G53/><T8/><D31/><U98/><E128/><V28/><F28/><W6/><G6/><T121/><D121/><U20/><E18/><V132/><F108/><W23/><AGARI ba="0,1" hai="15,16,23,47,50,52,54,55,62,66,71,83,86,89" machi="23" ten="20,8000,1" yaku="1,1,0,1,7,1,54,2,53,0" doraHai="122" doraHaiUra="97" who="3" fromWho="3" sc="384,-20,297,-40,110,-20,199,90" /><INIT seed="6,0,0,0,1,126" ten="364,257,90,289" oya="2" hai0="92,51,59,21,57,128,87,103,32,2,58,6,127" hai1="123,114,81,13,90,64,16,113,118,50,10,73,47" hai2="15,62,24,28,109,0,66,44,117,54,26,72,30" hai3="101,78,97,94,20,43,34,1,74,120,98,65,17"/><V7/><F0/><W19/><G34/><T106/><D127/><U77/><E118/><V45/><F72/><W124/><G124/><T22/><D32/><U83/><E64/><V40/><F117/><W89/><G120/><T53/><D106/><U9/><E9/><N who="2" m="4543" /><F40/><W110/><G110/><T25/><D2/><U130/><E123/><V39/><F39/><W52/><G1/><T112/><D112/><N who="1" m="43115" /><E83/><V35/><F35/><W33/><G33/><T135/><D6/><U79/><E77/><V37/><F37/><W71/><G43/><T42/><D42/><N who="1" m="24951" /><E90/><V5/><F5/><W48/><G78/><T36/><D36/><U111/><E111/><V70/><F70/><W131/><G74/><T12/><D103/><U38/><E38/><V61/><F66/><W4/><G4/><T75/><D75/><U116/><E116/><V11/><F11/><W132/><G65/><T67/><D67/><U95/><E95/><V18/><F109/><W121/><G71/><T125/><D92/><U60/><E60/><N who="2" m="23147" /><F18/><W86/><G19/><T3/><D3/><U99/><E99/><V133/><F133/><W76/><G98/><T100/><D135/><U63/><E63/><V104/><F104/><W129/><G132/><T85/><D125/><U68/><E68/><V88/><F88/><W8/><G121/><T49/><D100/><U46/><E46/><N who="2" m="18027" /><F54/><W96/><G8/><T56/><D53/><U108/><E108/><V80/><F80/><N who="3" m="49351" /><G97/><T23/><D85/><U82/><E82/><V55/><F55/><W105/><G105/><T102/><N who="0" m="14336" /><DORA hai="119" /><T134/><D134/><RYUUKYOKU ba="0,0" sc="364,-15,257,15,90,15,289,-15" hai1="10,13,16,73,79,81,130" hai2="24,26,28,30" /><INIT seed="6,1,0,2,1,123" ten="349,272,105,274" oya="2" hai0="11,108,76,109,95,68,82,80,73,91,52,24,97" hai1="94,70,126,127,44,47,71,117,84,39,116,90,92" hai2="86,38,33,88,32,112,106,60,62,22,37,122,56" hai3="15,61,45,4,36,7,10,105,21,53,75,13,65"/><V87/><F106/><W58/><G105/><T77/><D68/><U93/><E84/><V104/><F104/><W34/><G34/><T78/><D11/><U25/><E25/><V74/><F74/><W30/><G75/><N who="0" m="43039" /><D24/><U69/><E90/><V55/><F122/><W67/><G36/><T99/><D52/><U1/><E1/><V115/><F22/><W57/><G45/><N who="1" m="17482" /><E39/><V135/><F135/><W132/><G132/><T49/><D49/><U50/><E50/><V59/><F88/><W103/><G103/><N who="0" m="60863" /><D77/><U54/><E54/><AGARI ba="1,0" hai="32,33,37,38,54,55,56,59,60,62,86,87,112,115" machi="54" ten="25,2400,0" yaku="22,2" doraHai="123" who="2" fromWho="1" sc="349,0,272,-27,105,27,274,0" /><INIT seed="6,2,0,4,0,62" ten="349,245,132,274" oya="2" hai0="5,48,106,53,122,85,87,3,26,13,60,109,73" hai1="33,74,34,82,51,47,129,98,22,119,25,21,72" hai2="40,12,7,79,36,101,97,1,30,70,16,71,92" hai3="10,52,125,29,19,18,124,24,4,57,64,55,32"/><V59/><F30/><W45/><G45/><T135/><D109/><U42/><E119/><V28/><F28/><W43/><G43/><T9/><D73/><U102/><E129/><V100/><F79/><W132/><G64/><T111/><D111/><U31/><E82/><V130/><F130/><W61/><G55/><T11/><D106/><U54/><E54/><V133/><F133/><W77/><G77/><T118/><D118/><U94/><REACH who="1" step="1"/><E21/><REACH who="1" ten="349,235,132,274" step="2"/><V93/><F40/><W80/><G80/><T75/><D135/><U49/><E49/><V112/><F36/><W127/><G132/><T116/><D116/><U126/><E126/><V65/><F112/><W35/><G35/><AGARI ba="2,1" hai="22,25,31,33,34,35,42,47,51,72,74,94,98,102" machi="35" ten="40,1300,0" yaku="1,1,53,0" doraHai="62" doraHaiUra="134" who="1" fromWho="3" sc="349,0,235,29,132,0,274,-19" /><INIT seed="7,0,0,0,2,103" ten="349,264,132,255" oya="3" hai0="134,121,42,25,23,52,68,62,99,61,73,122,37" hai1="112,9,66,89,1,111,106,101,20,117,124,60,123" hai2="96,55,118,115,133,80,104,86,79,65,17,108,36" hai3="132,127,7,77,57,128,81,46,116,28,49,130,83"/><W97/><G116/><T53/><D73/><U126/><E111/><V8/><F36/><W0/><G28/><T135/><D99/><U82/><E20/><V125/><F65/><W35/><G35/><T92/><D92/><U102/><E101/><N who="2" m="62503" /><F55/><N who="0" m="21066" /><D23/><U119/><E9/><V14/><F17/><W70/><G70/><T67/><D25/><U58/><E1/><V32/><F14/><W63/><G97/><T59/><D62/><U30/><E60/><V40/><F40/><N who="3" m="24775" /><G132/><N who="0" m="50731" /><D68/><U47/><E30/><V51/><F51/><W69/><G69/><T78/><D78/><U75/><E119/><V72/><F8/><N who="3" m="2151" /><G77/><T76/><D76/><U24/><E24/><V13/><F13/><W43/><G43/><T34/><D34/><U85/><E117/><V22/><F22/><W5/><G5/><T95/><D95/><U74/><E66/><V3/><F32/><W50/><G50/><T27/><D27/><U71/><E71/><V33/><F33/><W93/><G93/><T105/><D105/><U31/><E106/><V45/><F133/><W91/><G91/><T38/><D42/><U29/><E89/><N who="2" m="51399" /><F118/><W10/><G10/><T41/><D41/><U15/><E31/><V2/><F2/><W56/><G63/><T12/><D12/><U19/><E15/><V120/><F3/><W87/><G56/><T39/><AGARI ba="0,0" hai="37,38,39,59,61,67,121,122" m="50731,21066" machi="39" ten="40,8000,1" yaku="20,1,34,2,54,1" doraHai="103" who="0" fromWho="0" sc="349,80,264,-20,132,-20,255,-40" owari="429,53.0,244,4.0,112,-39.0,215,-18.0" /></mjloggm>