<mjloggm ver="2.3"><GO type="41" lobby="0"/><UN n0="%E3%82%BF%E3%82%B3%EF%BC%92%EF%BC%95%EF%BC%92%EF%BC%95" n1="%E5%B0%B1%E6%B4%BB%E7%94%9F%40%E5%B7%9D%E6%9D%91%E8%BB%8D%E5%9B%A3" n2="%E3%81%AE%E3%81%A9%E3%81%94%E3%81%97%E3%80%88%E7%94%9F%E3%80%89" n3="%E3%82%AA%E3%83%8B%E3%82%AA%E3%83%B3%E3%81%99%E3%81%AA%E3%81%84%E3%81%97" dan="15,14,14,14" rate="1965.45,1945.92,1933.97,1961.24" sx="M,M,M,M"/><TAIKYOKU oya="0"/><INIT seed="0,0,0,3,2,129" ten="250,250,250,250" oya="0" hai0="103,51,27,44,65,101,126,97,26,33,5,107,92" hai1="76,47,79,86,123,68,24,53,10,32,20,87,35" hai2="127,36,21,110,57,17,100,40,74,133,94,54,125" hai3="71,30,132,69,31,121,34,85,16,46,70,19,91"/><T111/><D5/><U12/><E68/><V88/><F74/><W25/><G121/><T14/><D126/><N who="2" m="48138" /><F100/><W83/><G31/><T112/><D112/><U62/><E123/><V52/><F110/><W98/><G132/><T119/><D119/><U4/><E35/><V38/><F54/><W73/><G73/><T29/><D111/><U66/><E32/><V124/><F40/><W18/><G46/><T93/><D26/><U99/><E99/><N who="2" m="57799" /><F133/><W56/><G56/><T104/><D14/><U22/><E76/><V3/><N who="2" m="48146" /><V37/><DORA hai="1" /><F3/><W90/><G98/><T0/><D0/><U2/><E2/><V75/><F75/><W63/><REACH who="3" step="1"/><G91/><REACH who="3" ten="250,250,250,240" step="2"/><T61/><D103/><U13/><E47/><V58/><F58/><W105/><G105/><T59/><REACH who="0" step="1"/><D104/><REACH who="0" ten="240,250,250,240" step="2"/><U80/><E79/><V96/><F96/><W77/><G77/><T39/><D39/><U28/><E28/><V67/><F38/><W7/><G7/><T106/><D106/><U131/><E4/><V109/><F109/><W41/><G41/><AGARI ba="0,2" hai="27,29,33,41,44,51,59,61,65,92,93,97,101,107" machi="41" ten="30,5800,0" yaku="1,1,7,1,53,1" doraHai="129,1" doraHaiUra="23,116" who="0" fromWho="3" sc="240,78,250,0,250,0,240,-58" /><INIT seed="0,1,0,5,2,49" ten="318,250,250,182" oya="0" hai0="35,24,110,66,53,86,120,56,117,48,21,1,16" hai1="61,82,2,71,41,109,36,77,122,59,81,30,34" hai2="121,11,135,0,20,98,76,31,106,68,9,60,83" hai3="133,58,95,111,65,74,88,8,12,104,126,50,100"/><T38/><D38/><U39/><E122/><V79/><F121/><W105/><G74/><T93/><D1/><U70/><E109/><V15/><F135/><W92/><G111/><T90/><D110/><U107/><E107/><V113/><F113/><W4/><G133/><T13/><D120/><U33/><E2/><V119/><F0/><W97/><G126/><T44/><D117/><U3/><E3/><V132/><F76/><W80/><G80/><T130/><D130/><U131/><E131/><V45/><F45/><W108/><G108/><T114/><D114/><U127/><E127/><V123/><F119/><W62/><REACH who="3" step="1"/><G50/><REACH who="3" ten="318,250,250,172" step="2"/><T54/><D35/><U51/><E81/><V10/><F83/><W124/><G124/><T129/><D129/><U75/><E39/><V27/><F132/><W5/><G5/><T94/><D93/><U47/><E36/><V116/><F106/><W125/><G125/><T19/><D66/><U46/><E82/><V99/><F116/><W7/><G7/><T14/><D19/><U84/><E75/><V63/><F123/><W112/><G112/><T43/><D43/><U18/><E51/><AGARI ba="1,1" hai="13,14,16,21,24,44,48,51,53,54,56,86,90,94" machi="51" ten="30,12000,1" yaku="7,1,8,1,52,2,54,1" doraHai="49" who="0" fromWho="1" sc="318,133,250,-123,250,0,172,0" /><INIT seed="0,2,0,5,4,10" ten="451,127,250,172" oya="0" hai0="108,101,126,50,6,129,19,127,77,15,67,94,115" hai1="93,9,78,86,87,113,41,47,8,52,28,134,48" hai2="3,73,92,91,2,106,24,55,59,58,54,79,99" hai3="1,83,69,119,56,33,135,132,60,21,12,17,61"/><T90/><D101/><U35/><E113/><V65/><F65/><W42/><G119/><T76/><D67/><U23/><E134/><V133/><F133/><N who="3" m="51275" /><G33/><T53/><D6/><U110/><E35/><V124/><F106/><W26/><G1/><T107/><D115/><U74/><E74/><V29/><F79/><W7/><G69/><T81/><D107/><U38/><E110/><V125/><F73/><W75/><G42/><T16/><D129/><U57/><E86/><V96/><F24/><W116/><G116/><T112/><D108/><U84/><E84/><V80/><F92/><W66/><G61/><T114/><D114/><U13/><E28/><V20/><F29/><W128/><G128/><T117/><D112/><U39/><E39/><V40/><F40/><W11/><G75/><T109/><D109/><U34/><E34/><V68/><F68/><W71/><G71/><T97/><D117/><U18/><REACH who="1" step="1"/><E78/><REACH who="1" ten="451,117,250,172" step="2"/><V25/><F99/><W100/><G83/><T36/><D36/><U82/><E82/><V118/><F80/><W111/><G111/><T104/><D81/><U32/><E32/><V123/><F118/><W4/><G100/><N who="0" m="62479" /><D77/><U102/><E102/><V88/><F91/><AGARI ba="2,1" hai="8,9,13,18,23,38,41,47,48,52,57,87,91,93" machi="91" ten="40,8000,1" yaku="1,1,25,2,52,1,54,1,53,0" doraHai="10" doraHaiUra="98" who="1" fromWho="2" sc="451,0,117,96,250,-86,172,0" /><INIT seed="1,0,0,5,4,25" ten="451,213,164,172" oya="1" hai0="54,42,134,102,45,135,24,33,94,81,1,84,2" hai1="65,76,15,70,3,91,19,49,123,96,82,75,23" hai2="93,27,32,0,37,101,107,48,73,41,60,89,125" hai3="104,10,110,14,87,50,47,113,109,116,133,122,132"/><U35/><E123/><V66/><F0/><W74/><G74/><T59/><D102/><U62/><E3/><V114/><F73/><W43/><G122/><T52/><D94/><U117/><E117/><V68/><F125/><W108/><G104/><T67/><D33/><U7/><E35/><V31/><F114/><W4/><G113/><T56/><D24/><U5/><E96/><V36/><F48/><W6/><G116/><T80/><D67/><U40/><REACH who="1" step="1"/><E91/><REACH who="1" ten="451,203,164,172" step="2"/><V100/><F100/><W130/><G130/><T129/><D129/><U85/><E85/><V61/><F41/><W72/><G72/><T29/><D84/><U30/><E30/><V18/><F18/><N who="3" m="8535" /><G87/><T119/><D119/><U53/><E53/><V103/><F103/><W63/><G63/><T20/><D29/><U97/><E97/><V55/><F55/><W69/><G69/><T38/><D54/><U28/><E28/><V124/><F60/><W115/><G115/><T127/><D52/><U120/><E120/><V58/><F124/><W118/><G118/><T22/><D127/><U21/><E21/><V39/><F101/><W16/><G16/><T26/><D22/><U105/><E105/><V17/><F17/><W88/><G88/><T78/><D2/><U13/><E13/><V90/><F107/><W92/><G92/><T98/><D98/><U8/><E8/><V77/><F90/><W9/><G9/><T12/><D12/><U64/><E64/><V51/><F89/><W131/><G131/><T111/><D1/><U95/><E95/><V57/><F93/><W86/><G86/><RYUUKYOKU ba="0,1" sc="451,-15,203,15,164,-15,172,15" hai1="5,7,15,19,23,40,49,62,65,70,75,76,82" hai3="4,6,43,47,50,108,109,110,132,133" /><INIT seed="1,1,1,4,1,87" ten="436,218,149,187" oya="1" hai0="58,74,11,8,19,59,127,133,43,29,80,64,5" hai1="73,90,126,49,61,0,50,46,42,125,134,100,52" hai2="71,16,7,14,102,79,53,115,30,118,28,108,70" hai3="129,72,76,88,89,93,84,24,105,95,54,131,99"/><U117/><E73/><V22/><F118/><W107/><G54/><T110/><D29/><U27/><E0/><V9/><F108/><W17/><G17/><T4/><D43/><U97/><E117/><V45/><F115/><W104/><G24/><T122/><D110/><U75/><E75/><V96/><F79/><W132/><G132/><T48/><D133/><U13/><E134/><V91/><F70/><W35/><G35/><T65/><D19/><U135/><E135/><V124/><F71/><W26/><G26/><T106/><D48/><U56/><E27/><V55/><F124/><N who="1" m="47721" /><E13/><V34/><F45/><W103/><G103/><T10/><D74/><U20/><E20/><V94/><F34/><W82/><AGARI ba="1,1" hai="72,76,82,84,88,89,93,95,99,104,105,107,129,131" machi="82" ten="40,12000,2" yaku="0,1,34,3,52,2,54,1" doraHai="87" who="3" fromWho="3" sc="436,-31,218,-61,149,-31,187,133" /><INIT seed="2,0,0,0,4,89" ten="405,157,118,320" oya="2" hai0="80,52,93,35,83,63,91,56,75,62,116,125,3" hai1="18,132,79,77,135,99,111,38,28,27,66,7,71" hai2="68,128,70,65,95,103,69,25,78,92,105,74,101" hai3="39,107,26,81,84,85,4,45,112,0,73,127,57"/><V29/><F128/><W123/><G123/><T133/><D35/><U97/><E38/><V12/><F74/><W30/><G107/><T40/><D3/><U58/><E71/><V108/><F78/><N who="1" m="29705" /><E7/><V119/><F119/><W64/><G73/><T110/><D40/><U134/><E18/><V60/><F12/><W120/><G120/><T42/><D42/><U49/><E111/><V102/><F108/><W47/><G39/><T24/><D75/><U59/><E66/><V124/><F124/><W14/><G127/><T118/><D110/><U15/><E15/><V82/><F82/><N who="0" m="31274" /><D133/><U90/><E49/><V51/><F51/><W88/><G0/><T41/><D41/><U19/><E19/><V44/><F44/><W43/><G43/><T87/><D125/><U32/><E97/><V1/><F1/><W31/><G47/><T50/><D24/><U20/><E32/><V34/><REACH who="2" step="1"/><F105/><REACH who="2" ten="405,157,108,320" step="2"/><W86/><G45/><T94/><D116/><U5/><E5/><V21/><F21/><W130/><G130/><T117/><D117/><U48/><E48/><V126/><F126/><W115/><G4/><T17/><D118/><U36/><E36/><V100/><N who="2" m="25600" /><DORA hai="67" /><V72/><F72/><W129/><G129/><T46/><D46/><U54/><E134/><V131/><F131/><W9/><G14/><T55/><D50/><U121/><E132/><V109/><F109/><W37/><G37/><T8/><D63/><U106/><E135/><V122/><F122/><W114/><G81/><T13/><D13/><U104/><E106/><V10/><F10/><W16/><G9/><RYUUKYOKU ba="0,1" sc="405,-10,157,-10,108,30,320,-10" hai2="25,29,34,60,65,68,69,70,92,95" /><INIT seed="2,1,1,2,0,103" ten="395,147,138,310" oya="2" hai0="72,15,109,131,121,35,126,0,33,44,21,117,8" hai1="135,41,39,59,93,24,128,71,19,119,46,129,90" hai2="17,74,20,28,95,57,107,32,2,104,101,111,70" hai3="81,16,124,68,91,14,62,76,60,27,52,77,64"/><V38/><F70/><W87/><G27/><T80/><D44/><U55/><E71/><V102/><F38/><W83/><G124/><T43/><D43/><U10/><E119/><V89/><F74/><W82/><G62/><T110/><D126/><U99/><E135/><V79/><F79/><W25/><G25/><T58/><D58/><U118/><E118/><V114/><F2/><W88/><G52/><T86/><D121/><U122/><E122/><V53/><F28/><W4/><G4/><N who="0" m="1031" /><D72/><U61/><REACH who="1" step="1"/><E10/><REACH who="1" ten="395,137,138,310" step="2"/><V120/><F120/><W48/><G68/><T133/><D133/><U18/><E18/><V132/><F132/><W13/><G16/><N who="0" m="10399" /><D117/><U96/><E96/><N who="2" m="57455" /><F114/><W73/><G73/><T94/><D110/><U51/><E51/><V12/><F111/><W5/><G48/><T11/><D11/><U108/><E108/><V125/><F125/><W112/><G112/><T97/><D109/><U98/><E98/><V3/><F3/><W92/><G5/><T85/><D97/><U30/><E30/><V106/><F32/><W116/><G116/><T56/><D35/><U45/><E45/><V113/><F113/><W31/><G31/><T63/><D33/><U23/><AGARI ba="1,2" hai="19,23,24,39,41,46,55,59,61,90,93,99,128,129" machi="23" ten="30,7900,0" yaku="1,1,0,1,25,2,53,0" doraHai="103" doraHaiUra="130" who="1" fromWho="1" sc="395,-21,137,102,138,-40,310,-21" /><INIT seed="3,0,0,5,2,124" ten="374,239,98,289" oya="3" hai0="97,81,0,115,53,101,2,7,18,87,4,75,51" hai1="79,127,128,38,21,33,11,95,80,52,23,82,41" hai2="131,30,10,29,96,24,54,88,71,107,14,111,86" hai3="78,5,133,100,90,6,67,85,117,62,76,61,130"/><W59/><G117/><T46/><D75/><U116/><E33/><V92/><F71/><W28/><G133/><T84/><D115/><U49/><E116/><V94/><F107/><W109/><G100/><T35/><D35/><U114/><E114/><V17/><F111/><W65/><G28/><T50/><D18/><U37/><E127/><V47/><F24/><W66/><G109/><T58/><D0/><U45/><E128/><V55/><F131/><W98/><G130/><T44/><D58/><U132/><E132/><V122/><F122/><W34/><G34/><T105/><D2/><U119/><E119/><V123/><F123/><W64/><G98/><T74/><D74/><U83/><E79/><N who="3" m="30250" /><G62/><T69/><D69/><U89/><E11/><V26/><F47/><W3/><G3/><T68/><D68/><U113/><E113/><V42/><F42/><W91/><G91/><T8/><D8/><U93/><E93/><AGARI ba="0,0" hai="5,6,59,61,64,65,66,67,85,90,93" m="30250" machi="93" ten="30,1500,0" yaku="8,1" doraHai="124" who="3" fromWho="1" sc="374,0,239,-15,98,0,289,15" /><INIT seed="3,1,0,3,5,100" ten="374,224,98,304" oya="3" hai0="45,132,128,115,118,14,81,21,32,41,1,46,117" hai1="36,35,112,22,131,80,106,18,76,107,27,69,116" hai2="56,95,55,29,70,96,60,93,113,111,7,71,52" hai3="126,15,97,109,101,43,63,64,108,47,120,83,16"/><W44/><G120/><T79/><D32/><U61/><E112/><V51/><F113/><W75/><G126/><T122/><D115/><U67/><E36/><V33/><F111/><N who="3" m="42571" /><G83/><T65/><D65/><U98/><E116/><V123/><F123/><W66/><G75/><T104/><D1/><U125/><E125/><V91/><F7/><W26/><G26/><T124/><D124/><U34/><E131/><V94/><F29/><W92/><G43/><T119/><D128/><U38/><E38/><V39/><F39/><W86/><G86/><T37/><D122/><U42/><E42/><V53/><F33/><W59/><G66/><T8/><D21/><AGARI ba="1,0" hai="15,16,21,44,47,59,63,64,92,97,101" m="42571" machi="21" ten="30,5800,0" yaku="14,1,10,1,54,1" doraHai="100" who="3" fromWho="0" sc="374,-61,224,0,98,0,304,61" /><INIT seed="3,2,0,3,3,80" ten="313,224,98,365" oya="3" hai0="27,25,121,40,53,94,36,81,84,4,52,46,32" hai1="41,34,131,129,13,90,56,3,21,31,124,105,127" hai2="60,19,66,76,71,103,48,91,134,1,86,83,107" hai3="37,112,104,28,82,113,99,75,77,65,38,2,132"/><W11/><G65/><T43/><D121/><U95/><E105/><V93/><F1/><W114/><G28/><T49/><D4/><U59/><E41/><V22/><F134/><W110/><G132/><T26/><D32/><U55/><E3/><V72/><F48/><W45/><G110/><T116/><D116/><U123/><E123/><V39/><F39/><W33/><G33/><T115/><D115/><U87/><E34/><V119/><F119/><W111/><G45/><T8/><D8/><U17/><E31/><V5/><F5/><N who="3" m="1463" /><G111/><T85/><D36/><U0/><E0/><V20/><REACH who="2" step="1"/><F19/><REACH who="2" ten="313,224,88,365" step="2"/><W97/><G38/><T73/><D40/><U9/><E59/><V102/><F102/><W101/><G37/><T6/><D6/><U70/><E70/><V47/><F47/><W16/><G16/><T100/><D43/><U108/><E108/><V79/><F79/><W23/><G101/><T51/><D51/><N who="1" m="30847" /><E9/><V15/><F15/><W74/><G114/><T12/><D12/><U96/><E96/><AGARI ba="2,1" hai="20,22,60,66,71,72,76,83,86,91,93,96,103,107" machi="96" ten="40,8000,1" yaku="1,1,24,2,52,1,53,0" doraHai="80" doraHaiUra="118" who="2" fromWho="1" sc="313,0,224,-86,88,96,365,0" /><INIT seed="4,0,0,5,0,64" ten="313,138,184,365" oya="0" hai0="12,57,113,49,22,91,82,110,18,31,16,20,66" hai1="130,41,60,50,70,120,26,85,87,83,104,134,44" hai2="1,132,95,129,99,62,58,59,119,80,32,126,21" hai3="75,52,45,4,7,24,56,67,53,122,46,2,30"/><T118/><D118/><U121/><E104/><V71/><F1/><W25/><G75/><T93/><D113/><U81/><E130/><V101/><F32/><W128/><G128/><T124/><D110/><U40/><E134/><V55/><F132/><W109/><G109/><T73/><D124/><U69/><E26/><V98/><F126/><W37/><G122/><T117/><D117/><U92/><E92/><V11/><F11/><W86/><G67/><T112/><D112/><U76/><E60/><V77/><F129/><W13/><G2/><T131/><D131/><U90/><REACH who="1" step="1"/><E40/><REACH who="1" ten="313,128,184,365" step="2"/><V43/><F43/><W74/><G25/><N who="0" m="14471" /><D82/><U100/><E100/><V15/><F119/><W36/><G24/><T38/><D31/><U63/><E63/><V107/><F80/><W102/><G30/><T14/><D14/><U33/><E33/><V29/><F29/><W17/><G13/><T125/><D125/><U111/><E111/><V51/><F15/><W89/><G102/><T10/><D10/><U27/><E27/><V84/><F21/><W116/><G116/><T133/><D133/><U94/><E94/><V97/><F107/><W68/><G37/><T79/><D38/><U106/><E106/><V35/><F35/><W19/><G36/><T123/><D123/><AGARI ba="0,1" hai="41,44,50,69,70,76,81,83,85,87,90,120,121,123" machi="123" ten="40,8000,1" yaku="1,1,52,2,53,1" doraHai="64" doraHaiUra="47" who="1" fromWho="0" sc="313,-80,128,90,184,0,365,0" /><INIT seed="5,0,0,2,5,91" ten="233,218,184,365" oya="1" hai0="135,112,126,11,4,93,57,50,62,81,8,51,29" hai1="76,48,105,130,95,2,21,71,24,133,0,118,101" hai2="14,125,120,75,67,54,6,13,36,110,7,100,106" hai3="23,124,5,66,98,69,53,3,25,121,17,83,1"/><U114/><E105/><V131/><F36/><W117/><G121/><T41/><D29/><U122/><E71/><V38/><F54/><W111/><G111/><T107/><D107/><U12/><E122/><V46/><F67/><W109/><G109/><T40/><D126/><U61/><E118/><V37/><F46/><W20/><G124/><T104/><D104/><U18/><E114/><V113/><F100/><W127/><G127/><T65/><D112/><U128/><E76/><V86/><F86/><W84/><G117/><T88/><D81/><U59/><E48/><N who="0" m="18473" /><D135/><U77/><E77/><V123/><F106/><W31/><G83/><T15/><D8/><U58/><E133/><V74/><F125/><W73/><G73/><T10/><D11/><U22/><E2/><V43/><F110/><W115/><G115/><T79/><D79/><U97/><E0/><V68/><F68/><W78/><G69/><T28/><D28/><U103/><E103/><V129/><REACH who="2" step="1"/><F113/><REACH who="2" ten="233,218,174,365" step="2"/><W108/><G108/><T30/><D40/><AGARI ba="0,1" hai="6,7,13,14,37,38,40,43,74,75,120,123,129,131" machi="40" ten="25,6400,0" yaku="1,1,2,1,22,2,53,0" doraHai="91" doraHaiUra="72" who="2" fromWho="0" sc="233,-64,218,0,174,74,365,0" /><INIT seed="6,0,0,1,4,23" ten="169,218,248,365" oya="2" hai0="4,70,80,117,14,118,103,72,76,7,127,106,53" hai1="84,107,26,115,105,68,66,8,79,46,99,34,37" hai2="75,132,81,114,78,29,20,51,112,128,59,104,45" hai3="49,126,42,98,109,119,40,33,85,35,58,44,89"/><V27/><F104/><W3/><G109/><T110/><D110/><U0/><E115/><N who="2" m="44075" /><F59/><W12/><G3/><T131/><D70/><U65/><E105/><V18/><F132/><W125/><G119/><N who="0" m="45579" /><D131/><U62/><E65/><V38/><F38/><W50/><G98/><N who="0" m="61815" /><D127/><N who="3" m="48649" /><G12/><T100/><D100/><N who="1" m="62879" /><E84/><V95/><F95/><N who="3" m="54703" /><G42/><T25/><D14/><U91/><E91/><V124/><F124/><W15/><G15/><T120/><D120/><U21/><E79/><V24/><F128/><W28/><G58/><T48/><D25/><N who="2" m="9802" /><F29/><W69/><G28/><T32/><D32/><N who="3" m="12361" /><G69/><T130/><D130/><U47/><E37/><AGARI ba="0,0" hai="37,40,44,49,50" m="12361,54703,48649" machi="37" ten="30,1000,0" yaku="18,1" doraHai="23" who="3" fromWho="1" sc="169,0,218,-10,248,0,365,10" /><INIT seed="7,0,0,2,5,17" ten="169,208,248,375" oya="3" hai0="65,99,73,31,96,69,3,27,23,56,94,10,4" hai1="44,107,109,22,14,48,104,108,135,98,102,7,101" hai2="72,62,24,16,119,82,132,25,67,127,131,89,86" hai3="74,5,126,26,53,18,115,77,87,54,116,20,122"/><W0/><G122/><T37/><D69/><U85/><E135/><V35/><F132/><W64/><G116/><T41/><D73/><U121/><E121/><V12/><F119/><W9/><G64/><T30/><D99/><U8/><E85/><V93/><F35/><W33/><G115/><T45/><D65/><U1/><E102/><V113/><F127/><W52/><G126/><T60/><D56/><U120/><E107/><V6/><F6/><W112/><G112/><T38/><D60/><U2/><E120/><V118/><F131/><W68/><G68/><T128/><D128/><U58/><E58/><V114/><F118/><W133/><G133/><T34/><D34/><U78/><E78/><V11/><F114/><W57/><G74/><T117/><D117/><U32/><E32/><V66/><F66/><W36/><G36/><T129/><D129/><U111/><REACH who="1" step="1"/><E22/><REACH who="1" ten="169,198,248,375" step="2"/><V124/><F113/><W71/><G33/><T97/><D97/><U49/><E49/><V92/><F124/><W80/><G71/><T51/><REACH who="0" step="1"/><D30/><REACH who="0" ten="159,198,248,375" step="2"/><U29/><E29/><V90/><F72/><W59/><AGARI ba="0,2" hai="0,5,9,18,20,26,52,53,54,57,59,77,80,87" machi="59" ten="30,6000,0" yaku="0,1,52,1,54,1" doraHai="17" who="3" fromWho="3" sc="159,-20,198,-20,248,-20,375,80" owari="139,-36.0,178,-22.0,228,3.0,455,55.0" /></mjloggm>