<mjloggm ver="2.3"><GO type="97" lobby="0"/><UN n0="%6D%6F%62%6F%32%36" n1="%4B%32%30%31%30" n2="%58%57" n3="%E5%B0%B1%E6%B4%BB%E7%94%9F%40%E5%B7%9D%E6%9D%91%E8%BB%8D%E5%9B%A3" dan="14,14,14,14" rate="1962.56,1966.76,1914.68,1972.86" sx="M,M,M,M"/><TAIKYOKU oya="0"/><INIT seed="0,0,0,2,4,53" ten="250,250,250,250" oya="0" hai0="45,3,60,1,101,10,20,64,46,32,0,135,19" hai1="54,114,51,98,6,102,31,113,25,12,97,86,40" hai2="18,62,4,90,78,52,38,55,68,22,69,47,29" hai3="85,13,14,134,70,124,79,132,33,109,59,5,96"/><T9/><D135/><N who="3" m="51753" /><G70/><T30/><D101/><U80/><E40/><V105/><F105/><W63/><G33/><T27/><D46/><U26/><E26/><V36/><F29/><W66/><G124/><T72/><D45/><U117/><E117/><V129/><F4/><W39/><G39/><T71/><REACH who="0" step="1"/><D72/><REACH who="0" ten="240,250,250,250" step="2"/><U100/><E100/><V24/><F47/><W67/><G109/><T74/><D74/><U127/><E127/><V111/><F111/><W75/><G75/><T50/><D50/><U121/><E121/><V103/><F103/><W61/><G5/><T107/><D107/><U119/><E119/><V23/><F36/><W93/><G85/><T37/><D37/><U87/><E87/><V89/><F38/><W65/><G79/><T123/><D123/><U15/><E102/><V8/><F78/><W2/><G96/><N who="1" m="36970" /><E6/><V49/><F49/><W92/><G93/><T106/><D106/><U77/><E114/><V21/><F23/><W81/><G92/><T88/><D88/><U41/><E113/><V91/><F22/><W133/><G133/><T58/><D58/><N who="1" m="33119" /><E41/><V116/><F116/><W76/><G59/><T57/><D57/><U42/><E42/><V83/><F91/><W94/><G94/><T126/><D126/><U34/><E77/><V108/><F108/><W112/><G112/><T120/><D120/><U82/><E86/><V56/><F56/><W43/><G43/><T48/><D48/><U95/><E95/><V35/><F21/><W128/><G76/><T130/><D130/><U16/><E82/><V115/><F83/><W110/><G81/><RYUUKYOKU ba="0,1" sc="240,30,250,-10,250,-10,250,-10" hai0="0,1,3,9,10,19,20,27,30,32,60,64,71" /><INIT seed="0,1,1,3,1,40" ten="270,240,240,240" oya="0" hai0="24,92,52,47,124,36,66,11,20,3,100,29,79" hai1="46,43,12,117,48,15,6,94,86,60,135,113,93" hai2="16,122,39,38,103,74,102,65,31,51,2,131,9" hai3="17,87,28,127,84,99,121,115,73,128,90,109,98"/><T33/><D124/><U83/><E117/><V1/><F122/><W82/><G115/><T50/><D36/><U35/><E35/><V133/><F65/><W68/><G68/><T42/><D66/><U23/><E113/><V64/><F64/><W110/><G73/><T77/><D33/><U30/><E135/><V129/><F133/><W91/><G28/><T114/><D114/><U123/><E123/><V62/><F31/><W101/><G121/><T116/><D116/><U32/><E32/><V104/><F62/><W45/><G128/><N who="2" m="49225" /><F74/><W59/><G59/><T95/><D42/><U89/><E60/><V119/><F119/><W78/><G17/><T8/><D3/><N who="2" m="1034" /><F51/><W85/><G127/><T118/><D118/><U53/><E43/><V27/><F104/><N who="3" m="63543" /><G45/><T5/><D5/><U67/><E67/><V22/><F9/><N who="0" m="3658" /><D100/><AGARI ba="1,1" hai="16,22,27,38,39,100,102,103" m="1034,49225" machi="100" ten="30,2000,0" yaku="19,1,54,1" doraHai="40" who="2" fromWho="0" sc="270,-23,240,0,240,33,240,0" /><INIT seed="1,0,0,3,2,101" ten="247,240,273,240" oya="1" hai0="57,49,112,23,63,43,67,10,34,113,96,19,99" hai1="130,5,41,55,44,124,78,117,8,7,24,129,126" hai2="94,18,15,27,51,92,2,12,45,93,134,17,28" hai3="108,1,64,74,68,70,42,79,36,110,133,58,120"/><U102/><E117/><V31/><F2/><W131/><G1/><T48/><D34/><U25/><E78/><V84/><F134/><W90/><G74/><T72/><D72/><U30/><E102/><V9/><F84/><W116/><G79/><T60/><D10/><U22/><E55/><V52/><REACH who="2" step="1"/><F27/><REACH who="2" ten="247,240,263,240" step="2"/><W35/><G133/><T53/><D113/><U3/><E24/><V76/><F76/><W107/><G116/><T26/><D112/><U104/><E7/><V77/><F77/><W123/><G120/><T61/><REACH who="0" step="1"/><D67/><REACH who="0" ten="237,240,263,240" step="2"/><U135/><E135/><V121/><F121/><W119/><G123/><T122/><D122/><U132/><E132/><V125/><F125/><W73/><G119/><T4/><D4/><U106/><E126/><V75/><F75/><W50/><G73/><T69/><D69/><U46/><E124/><V86/><F86/><W128/><G70/><T62/><N who="0" m="15872" /><DORA hai="21" /><T0/><D0/><U98/><E98/><V39/><F39/><W118/><G68/><T88/><D88/><U47/><REACH who="1" step="1"/><E41/><REACH who="1" ten="237,230,263,240" step="2"/><V85/><F85/><W16/><G42/><T111/><D111/><U127/><E127/><V66/><F66/><W105/><G118/><T82/><D82/><U97/><E97/><V89/><F89/><W81/><G110/><T54/><D54/><U91/><E91/><V87/><F87/><N who="3" m="50543" /><G108/><T6/><D6/><U29/><E29/><V71/><F71/><W20/><G128/><AGARI ba="0,3" hai="3,5,8,22,25,30,44,46,47,104,106,128,129,130" machi="128" ten="40,24000,3" yaku="1,1,19,1,52,3,53,3" doraHai="101,21" doraHaiUra="103,32" who="1" fromWho="3" sc="237,0,230,270,263,0,240,-240" /><INIT seed="1,1,0,4,1,112" ten="237,500,263,0" oya="1" hai0="61,14,108,107,35,96,124,16,129,101,76,102,72" hai1="28,46,73,59,90,44,1,70,71,36,5,83,57" hai2="63,33,41,106,100,123,55,24,69,74,131,22,56" hai3="67,43,93,97,27,115,109,126,47,119,89,26,31"/><U122/><E122/><V29/><F123/><W7/><G115/><T94/><D108/><U15/><E1/><V25/><F74/><W51/><G109/><T52/><D35/><U103/><E103/><V104/><F131/><W10/><G126/><T2/><D2/><U91/><E28/><V34/><F41/><W4/><G67/><T17/><D129/><U85/><E73/><V20/><F69/><W65/><G65/><T110/><D110/><U32/><E32/><V75/><F75/><W49/><G119/><T99/><D124/><U81/><E36/><V60/><F100/><W77/><G77/><T50/><D61/><U130/><E130/><V64/><F34/><W21/><G27/><T118/><D118/><U54/><E15/><V37/><F37/><W105/><G105/><T116/><D116/><U58/><E5/><V95/><F33/><W23/><G23/><T135/><D135/><U68/><E54/><V79/><F79/><W3/><G7/><T12/><D76/><U86/><AGARI ba="1,0" hai="44,46,57,58,59,68,70,71,81,83,85,86,90,91" machi="86" ten="40,3900,0" yaku="0,1,9,1" doraHai="112" who="1" fromWho="1" sc="237,-14,500,42,263,-14,0,-14" owari="223,-18.0,542,64.0,249,5.0,-14,-51.0" /></mjloggm>