<mjloggm ver="2.3"><GO type="169" lobby="0"/><UN n0="%54%2E%54%2E%38" n1="%79%6F%73%68%69%67%69" n2="%E7%B4%85%E3%81%84%E7%9E%B3%E3%81%AE%E6%AD%A6%E4%B8%B8" n3="%E3%82%A6%E3%83%AB%E3%83%88%E3%83%A9%E7%AB%8B%E7%9B%B4" dan="16,16,16,17" rate="2151.12,2187.10,2070.62,2150.10" sx="M,M,M,M"/><TAIKYOKU oya="0"/><INIT seed="0,0,0,0,0,20" ten="250,250,250,250" oya="0" hai0="120,77,85,80,91,76,125,14,71,49,12,84,32" hai1="74,39,38,61,48,57,75,28,131,51,72,59,66" hai2="119,127,128,81,86,26,15,2,5,105,130,19,115" hai3="27,95,55,0,69,22,116,67,124,45,21,98,106"/><T64/><D120/><U6/><E131/><N who="2" m="50219" /><F105/><W70/><G116/><T53/><D125/><U52/><E6/><V97/><F119/><W62/><G124/><T47/><D32/><U3/><E3/><V60/><F127/><W18/><G0/><T112/><D112/><U135/><E135/><V35/><F115/><W94/><G70/><T36/><D36/><U123/><E123/><V113/><F113/><W103/><G45/><T37/><D37/><U88/><E51/><V111/><F111/><W100/><G100/><T101/><D101/><U58/><E58/><V102/><F60/><W89/><G55/><T54/><D54/><U40/><E40/><V9/><F35/><W79/><G79/><T1/><D1/><U129/><E129/><V114/><F114/><W34/><G34/><T56/><D71/><U96/><REACH who="1" step="1"/><E28/><REACH who="1" ten="250,240,250,250" step="2"/><V43/><F43/><W109/><G109/><T83/><REACH who="0" step="1"/><D91/><REACH who="0" ten="240,240,250,250" step="2"/><U24/><E24/><V99/><F26/><W104/><G89/><T90/><D90/><U118/><E118/><V93/><F102/><W44/><G106/><T4/><D4/><U122/><E122/><V108/><F108/><W73/><G104/><T117/><D117/><U126/><E126/><V121/><F121/><W87/><G103/><T29/><D29/><U13/><E13/><V17/><F2/><W82/><G27/><T65/><D65/><U42/><E42/><V16/><F5/><W10/><G67/><T107/><D107/><U8/><E8/><V68/><F68/><W7/><G10/><T133/><D133/><U23/><E23/><V134/><F134/><RYUUKYOKU ba="0,2" sc="240,15,240,15,250,-15,250,-15" hai0="12,14,47,49,53,56,64,76,77,80,83,84,85" hai1="38,39,48,52,57,59,61,66,72,74,75,88,96" /><INIT seed="0,1,2,0,2,31" ten="255,255,235,235" oya="0" hai0="61,27,16,92,81,83,102,59,18,69,73,72,41" hai1="75,128,44,13,8,25,126,121,58,28,33,124,47" hai2="104,40,129,5,76,109,112,7,97,119,113,114,95" hai3="108,37,84,82,110,1,11,19,45,115,123,0,35"/><T6/><D69/><U71/><E121/><V54/><F109/><N who="3" m="42091" /><G115/><T30/><D41/><U39/><E71/><V96/><F129/><W87/><G123/><T20/><D6/><U99/><E128/><V125/><F125/><N who="1" m="48233" /><E39/><V63/><F40/><N who="3" m="22671" /><G35/><T50/><D50/><U68/><E68/><V78/><F119/><W106/><G106/><T127/><D127/><U120/><E120/><V49/><F63/><W107/><G107/><T77/><D73/><U130/><E130/><V4/><F104/><W85/><G82/><T15/><D15/><AGARI ba="1,2" hai="0,1,11,15,19,84,85,87" m="22671,42091" machi="15" ten="30,1000,0" yaku="14,1" doraHai="31" who="3" fromWho="0" sc="255,-13,255,0,235,0,235,33" /><INIT seed="1,0,0,1,0,105" ten="242,255,235,268" oya="1" hai0="72,85,79,69,94,132,45,14,76,115,57,77,92" hai1="33,64,129,9,26,5,60,56,27,126,3,18,82" hai2="98,34,107,29,6,35,131,86,31,22,37,134,84" hai3="108,30,90,112,46,102,52,135,11,15,118,104,43"/><U59/><E129/><V93/><F37/><W66/><G112/><T2/><D69/><U19/><E126/><V39/><F39/><W78/><G108/><T80/><D2/><U97/><E33/><V55/><F107/><W130/><G130/><T23/><D115/><U74/><E97/><V100/><F131/><W87/><G66/><T113/><D113/><U63/><E27/><V24/><F134/><W67/><G67/><T51/><D57/><U70/><E70/><V96/><F6/><W88/><G102/><T89/><D132/><U8/><E8/><V12/><F96/><W124/><G104/><T123/><D123/><U1/><E1/><V58/><F12/><W49/><G124/><T48/><D48/><U103/><E103/><V61/><F35/><W91/><G30/><N who="2" m="11273" /><F34/><W68/><G68/><T99/><D94/><U116/><E116/><V81/><F81/><N who="3" m="47543" /><G135/><T40/><REACH who="0" step="1"/><D72/><REACH who="0" ten="232,255,235,268" step="2"/><U53/><REACH who="1" step="1"/><E26/><REACH who="1" ten="232,245,235,268" step="2"/><V83/><F24/><W13/><G118/><T106/><D106/><U36/><E36/><V133/><F133/><W119/><G119/><T121/><D121/><U111/><E111/><V38/><F38/><W110/><G110/><T16/><AGARI ba="0,2" hai="14,16,23,40,45,51,76,77,79,80,85,89,92,99" machi="16" ten="30,12000,2" yaku="1,1,0,1,8,1,54,1,53,3" doraHai="105" doraHaiUra="73" who="0" fromWho="0" sc="232,140,245,-60,235,-30,268,-30" /><INIT seed="2,0,0,5,0,120" ten="372,185,205,238" oya="2" hai0="92,77,109,53,62,121,130,8,13,15,98,32,87" hai1="95,52,6,118,108,68,83,78,129,30,40,67,74" hai2="21,57,124,75,22,86,85,70,125,54,20,61,97" hai3="119,51,37,89,18,128,59,23,39,104,82,134,110"/><V116/><F75/><W0/><G104/><T45/><D121/><U71/><E118/><V102/><F116/><W96/><G0/><T132/><D32/><U112/><E112/><V114/><F114/><W28/><G28/><T100/><D132/><U24/><E129/><V43/><F43/><W76/><G119/><T113/><D130/><U35/><E40/><V58/><F70/><W1/><G1/><T90/><D113/><U44/><E6/><V42/><F42/><W81/><G134/><T127/><D127/><N who="2" m="48714" /><F58/><W17/><G17/><T3/><D3/><U26/><E26/><V122/><F122/><W46/><G59/><T94/><D77/><U11/><E11/><V34/><F34/><W93/><G128/><T73/><D73/><U48/><E67/><V33/><F33/><W41/><G39/><T25/><D25/><U111/><REACH who="1" step="1"/><E95/><AGARI ba="0,0" hai="20,21,22,54,57,61,85,86,95,97,102" m="48714" machi="95" ten="30,1500,0" yaku="18,1" doraHai="120" who="2" fromWho="1" sc="372,0,185,-15,205,15,238,0" /><INIT seed="2,1,0,2,0,31" ten="372,170,220,238" oya="2" hai0="50,95,4,97,36,122,124,94,96,51,83,74,109" hai1="59,46,117,6,11,89,23,98,16,34,86,14,84" hai2="113,57,9,70,107,30,134,133,56,10,114,68,21" hai3="40,119,121,25,42,45,19,0,81,77,100,108,72"/><V65/><F107/><W115/><G119/><T7/><D36/><U12/><E117/><V127/><F21/><W62/><G121/><T66/><D122/><U29/><E46/><V80/><F80/><W93/><G108/><T52/><D109/><U32/><E29/><V120/><F30/><W13/><G115/><N who="2" m="44041" /><F120/><W43/><G0/><T112/><D112/><U78/><E98/><V132/><F127/><W5/><G5/><T85/><D66/><U41/><E41/><V64/><F10/><W82/><G82/><T28/><D74/><U2/><E2/><V47/><F9/><W35/><G62/><T27/><D124/><U49/><E78/><V53/><F47/><W91/><G100/><T79/><D95/><N who="1" m="54695" /><E86/><V55/><F65/><W92/><G25/><T126/><D97/><U90/><E90/><V22/><F22/><W24/><G24/><T131/><D126/><U125/><E125/><V105/><F105/><W106/><G106/><T75/><D75/><U99/><E99/><V130/><F130/><W20/><G35/><T102/><D131/><U101/><E101/><V44/><F44/><W111/><G111/><T110/><D110/><U88/><E88/><V73/><F73/><W67/><G67/><T17/><D28/><U54/><AGARI ba="1,0" hai="6,11,12,14,16,23,32,34,49,54,59" m="54695" machi="54" ten="30,7900,0" yaku="25,1,52,2,54,1" doraHai="31" who="1" fromWho="1" sc="372,-21,170,82,220,-40,238,-21" /><INIT seed="3,0,0,1,1,85" ten="351,252,180,217" oya="3" hai0="83,129,33,73,6,109,42,106,32,7,9,122,48" hai1="81,4,91,23,18,96,53,115,8,105,77,104,119" hai2="134,127,1,27,20,19,3,93,38,35,131,80,125" hai3="78,60,14,44,113,98,68,124,47,66,92,72,114"/><W108/><G124/><N who="2" m="47689" /><F38/><W5/><G108/><T11/><D106/><U63/><E115/><V40/><F40/><W84/><G72/><T130/><D48/><U95/><E119/><V17/><F80/><W94/><G47/><T37/><D42/><U10/><E10/><V121/><F93/><W118/><G118/><T12/><D37/><U133/><E133/><V13/><F134/><W67/><G67/><T107/><D83/><U30/><E30/><N who="2" m="19935" /><F131/><N who="0" m="50186" /><D107/><U49/><E81/><V110/><F110/><W55/><G78/><T71/><D122/><U123/><E77/><V21/><F121/><W56/><G44/><T135/><D71/><U25/><E123/><V61/><F61/><W59/><G68/><T102/><D102/><U128/><E128/><V52/><F52/><W64/><G59/><T116/><D73/><U70/><E70/><V57/><F57/><W51/><G60/><T54/><D54/><U132/><E132/><V112/><F112/><W41/><G41/><T79/><D135/><U26/><E63/><V28/><F28/><W36/><G36/><T58/><D58/><N who="1" m="33071" /><E105/><V31/><F31/><W15/><G114/><T39/><D39/><U86/><E104/><V62/><F62/><W0/><G113/><T89/><D79/><U50/><E50/><V101/><F101/><N who="3" m="60615" /><G66/><T34/><D116/><U103/><E103/><V87/><F87/><W82/><G64/><T69/><D69/><U74/><E86/><V120/><F120/><W111/><G111/><T16/><D109/><U29/><E29/><V99/><F99/><W43/><G51/><T76/><D76/><RYUUKYOKU ba="0,0" sc="351,-10,252,-10,180,30,217,-10" hai2="1,3,13,17,19,20,21" /><INIT seed="4,1,0,3,5,46" ten="341,242,210,207" oya="0" hai0="123,65,15,72,22,20,37,7,9,21,112,5,30" hai1="60,69,67,12,68,95,70,55,104,122,61,102,24" hai2="90,73,89,2,76,32,126,36,63,115,29,127,28" hai3="99,26,121,40,113,91,118,97,77,106,38,8,17"/><T0/><D37/><U94/><E122/><V131/><F115/><W93/><G118/><T4/><D72/><U88/><E104/><V74/><F2/><W56/><G113/><T39/><D65/><U62/><E102/><V109/><F109/><W114/><G114/><T18/><D39/><U3/><E3/><V19/><F131/><W92/><G106/><T47/><D47/><U100/><E100/><V59/><F36/><W49/><G38/><T16/><D112/><U44/><E24/><N who="2" m="18439" /><F29/><W107/><G107/><T71/><D71/><U34/><E34/><V120/><F120/><W51/><G40/><T10/><D123/><U14/><E67/><N who="2" m="39423" /><F19/><N who="0" m="7210" /><D4/><U35/><E35/><V96/><F76/><W11/><G77/><T116/><D116/><U87/><REACH who="1" step="1"/><E95/><REACH who="1" ten="341,232,210,207" step="2"/><V6/><F126/><W41/><G121/><T83/><D83/><U80/><E80/><V45/><F127/><W84/><G93/><T66/><D66/><U48/><AGARI ba="1,1" hai="12,14,44,48,55,60,61,62,68,69,70,87,88,94" machi="48" ten="40,8000,1" yaku="1,1,0,1,52,1,54,1,53,0" doraHai="46" doraHaiUra="78" who="1" fromWho="1" sc="341,-41,232,93,210,-21,207,-21" /><INIT seed="5,0,0,1,4,10" ten="300,325,189,186" oya="1" hai0="65,74,84,92,116,6,0,131,51,112,3,97,127" hai1="36,50,1,59,83,75,69,130,106,63,9,128,135" hai2="68,80,67,26,29,43,21,16,64,44,34,60,85" hai3="111,32,49,107,96,133,46,41,25,129,110,101,30"/><U114/><E36/><V42/><F67/><W108/><REACH who="3" step="1"/><G129/><REACH who="3" ten="300,325,189,176" step="2"/><T8/><D131/><U105/><E128/><V124/><F124/><W125/><G125/><T48/><D127/><U53/><E130/><V88/><REACH who="2" step="1"/><F44/><REACH who="2" ten="300,325,179,176" step="2"/><W19/><G19/><T90/><D65/><U102/><E135/><AGARI ba="0,2" hai="25,30,32,41,46,49,96,101,107,108,110,111,133,135" machi="135" ten="50,3200,0" yaku="21,2,53,0" doraHai="10" doraHaiUra="119" who="3" fromWho="1" sc="300,0,325,-32,179,0,176,52" /><INIT seed="6,0,0,1,1,30" ten="300,293,179,228" oya="2" hai0="123,67,31,0,57,92,85,129,12,78,50,107,77" hai1="112,75,99,16,51,47,130,59,10,111,71,17,40" hai2="81,131,94,37,116,125,61,24,38,69,36,87,20" hai3="64,70,74,29,60,25,86,56,134,65,73,114,13"/><V100/><F116/><W5/><G134/><T135/><D107/><U7/><E111/><V63/><F125/><W39/><G39/><T122/><D0/><U110/><E110/><V83/><F131/><W127/><G127/><T105/><D105/><U128/><E71/><V54/><F83/><W89/><G114/><T53/><D129/><N who="1" m="49771" /><E112/><V124/><F124/><W6/><G70/><T34/><D135/><U106/><E75/><V48/><F94/><W49/><G65/><T76/><D67/><U27/><E27/><V108/><F100/><W14/><G49/><T80/><D92/><U8/><E59/><V26/><F108/><W104/><G104/><T115/><D115/><U2/><E10/><V42/><F42/><W132/><G132/><T66/><D66/><U97/><E97/><V90/><F69/><W28/><G73/><T62/><D12/><N who="3" m="4713" /><G74/><T9/><D9/><U88/><E88/><V95/><F81/><N who="3" m="49359" /><G25/><T41/><D123/><U58/><E58/><V21/><F26/><W45/><G45/><N who="0" m="25903" /><D122/><U43/><E43/><V35/><F35/><W109/><G109/><T113/><D113/><U4/><E4/><AGARI ba="0,0" hai="4,5,6,28,29,56,60,64" m="49359,4713" machi="4" ten="30,1000,0" yaku="8,1" doraHai="30" who="3" fromWho="1" sc="300,0,293,-10,179,0,228,10" /><INIT seed="7,0,0,1,4,82" ten="300,283,179,238" oya="3" hai0="123,7,61,75,17,37,107,19,102,88,113,89,29" hai1="13,44,22,76,5,110,66,83,92,56,124,105,101" hai2="39,98,57,6,47,128,104,33,42,120,34,0,100" hai3="127,133,118,108,31,112,51,53,52,134,8,43,58"/><W14/><G43/><T18/><D75/><U67/><E110/><V59/><F128/><W106/><G106/><T45/><D123/><U96/><E124/><V20/><F20/><W73/><G73/><T36/><D29/><U35/><E35/><V62/><F59/><W119/><G31/><T109/><D109/><U11/><E105/><V15/><F15/><W49/><G112/><T27/><D7/><U12/><E44/><V90/><F120/><W87/><G127/><T97/><D27/><U26/><E13/><V85/><F6/><W16/><G108/><T41/><D113/><U64/><E56/><V23/><F23/><W10/><G87/><T122/><D122/><U60/><E60/><V50/><F0/><W116/><G10/><T28/><D28/><N who="1" m="17495" /><E67/><V48/><F33/><W71/><G71/><T25/><D25/><U55/><E55/><V115/><F34/><W129/><G129/><T70/><D36/><U68/><E68/><V79/><F79/><W114/><G114/><T40/><D40/><U99/><E99/><V78/><F78/><W32/><G32/><T74/><D74/><U3/><E3/><V84/><F115/><W93/><G93/><T9/><D9/><U135/><E135/><N who="3" m="51722" /><G53/><T24/><D24/><U131/><E131/><V91/><F62/><AGARI ba="0,0" hai="8,14,16,49,51,52,58,62,116,118,119" m="51722" machi="62" ten="40,7700,0" yaku="20,1,54,2" doraHai="82" who="3" fromWho="2" sc="300,0,283,0,179,-77,238,77" owari="300,10.0,283,-12.0,102,-40.0,315,42.0" /></mjloggm>