<mjloggm ver="2.3"><GO type="169" lobby="0"/><UN n0="%E3%82%A6%E3%83%AB%E3%83%88%E3%83%A9%E7%AB%8B%E7%9B%B4" n1="%E7%B4%97%E6%9C%89" n2="%E5%AD%A3%E9%81%95%E3%81%84%E4%BF%B3%E4%BA%BA" n3="%E6%9D%8E%E7%A9%8E%E8%97%8D" dan="17,17,18,16" rate="2211.97,2096.31,2156.70,2110.36" sx="M,F,M,M"/><TAIKYOKU oya="0"/><INIT seed="0,0,0,1,4,114" ten="250,250,250,250" oya="0" hai0="63,125,68,85,100,28,3,52,27,19,112,59,40" hai1="89,1,84,95,130,72,26,22,13,117,58,36,110" hai2="134,44,55,98,102,109,69,135,14,33,103,0,124" hai3="50,108,34,2,21,18,76,39,87,92,91,115,74"/><T126/><D3/><U43/><E110/><V48/><F0/><W11/><G115/><T77/><D112/><U65/><E1/><V122/><F122/><W131/><G34/><T116/><D100/><U25/><E72/><V127/><F33/><W75/><G39/><T99/><D99/><U73/><E73/><V16/><F69/><W30/><G108/><T29/><D40/><U105/><E105/><V132/><F109/><W46/><G131/><T81/><D68/><U79/><E79/><V7/><F7/><W12/><G76/><T111/><D111/><U56/><E43/><V62/><F62/><W6/><REACH who="3" step="1"/><G30/><REACH who="3" ten="250,250,250,240" step="2"/><T45/><D29/><U49/><E36/><V10/><REACH who="2" step="1"/><F103/><REACH who="2" ten="250,250,240,240" step="2"/><W121/><G121/><T123/><D123/><U66/><E130/><V5/><F5/><W119/><G119/><T106/><D116/><U38/><E117/><V101/><F101/><W82/><G82/><T9/><D81/><U96/><E38/><V80/><F80/><W54/><AGARI ba="0,2" hai="2,6,11,12,18,21,46,50,54,74,75,87,91,92" machi="54" ten="20,2700,0" yaku="1,1,0,1,7,1,53,0" doraHai="114" doraHaiUra="53" who="3" fromWho="3" sc="250,-13,250,-7,240,-7,240,47" /><INIT seed="1,0,0,5,3,31" ten="237,243,233,287" oya="1" hai0="9,38,109,33,25,73,126,65,66,17,44,45,100" hai1="119,117,134,81,24,30,111,96,76,118,39,110,13" hai2="3,104,50,69,32,40,88,133,6,92,67,87,15" hai3="46,93,59,113,16,52,20,51,26,10,116,47,86"/><U28/><E39/><V43/><F104/><W55/><G113/><T35/><D73/><U95/><E13/><V102/><F102/><W53/><G116/><T124/><D100/><U8/><E8/><V130/><F130/><W91/><G10/><T115/><D115/><U29/><E134/><V0/><F133/><W106/><G106/><T2/><D25/><U58/><E58/><V120/><F120/><W112/><G112/><T56/><D56/><U4/><E4/><V121/><F121/><W78/><G78/><T7/><D17/><U74/><E95/><V127/><F127/><N who="0" m="48682" /><D109/><N who="1" m="41483" /><E96/><V114/><F114/><W84/><G84/><T83/><D83/><U108/><N who="1" m="41491" /><U71/><DORA hai="61" /><E71/><V34/><F15/><W79/><G79/><T94/><D94/><U22/><AGARI ba="0,0" hai="22,24,28,29,30,74,76,81,117,118,119" m="41491" machi="22" ten="50,4800,0" yaku="14,1,10,1" doraHai="31,61" who="1" fromWho="1" sc="237,-16,243,48,233,-16,287,-16" /><INIT seed="1,1,0,1,5,113" ten="221,291,217,271" oya="1" hai0="20,127,44,59,52,84,14,12,28,108,40,37,78" hai1="72,54,32,83,92,3,119,98,128,131,101,77,68" hai2="130,39,4,125,9,117,23,75,15,65,19,76,100" hai3="126,46,45,63,60,38,88,34,64,21,36,61,25"/><U30/><E3/><V133/><F133/><W87/><G34/><T110/><D127/><U118/><E68/><V95/><F125/><W6/><G126/><T124/><D124/><U123/><E123/><V33/><F33/><W66/><G6/><T57/><D57/><U35/><E54/><V89/><F130/><N who="1" m="49705" /><E32/><V112/><F100/><W104/><G104/><T1/><D1/><U26/><AGARI ba="1,0" hai="26,30,35,72,77,83,92,98,101,118,119" m="49705" machi="26" ten="30,6000,0" yaku="19,1,52,2" doraHai="113" who="1" fromWho="1" sc="221,-21,291,63,217,-21,271,-21" /><INIT seed="1,2,0,4,4,51" ten="200,354,196,250" oya="1" hai0="101,77,49,88,33,17,45,75,36,4,133,38,14" hai1="12,80,95,89,98,109,127,9,13,27,114,72,56" hai2="79,23,93,18,24,69,90,73,5,117,115,67,16" hai3="11,40,129,44,97,34,6,58,100,47,63,55,70"/><U116/><E114/><V128/><F115/><W120/><G120/><T61/><D133/><U124/><E116/><V131/><F117/><W52/><G34/><T54/><D33/><U122/><E122/><V118/><F118/><W123/><G123/><T112/><D112/><U57/><E27/><V37/><F5/><W15/><G129/><N who="2" m="49737" /><F37/><W91/><G70/><T81/><D101/><U32/><E32/><V68/><F67/><W28/><G28/><T50/><D4/><U22/><E22/><N who="2" m="13383" /><F79/><W64/><G91/><T35/><D35/><U59/><E109/><V105/><F73/><W74/><G74/><T121/><D121/><U19/><REACH who="1" step="1"/><E12/><REACH who="1" ten="200,344,196,250" step="2"/><N who="2" m="9671" /><F105/><W102/><G15/><T96/><D14/><U125/><E125/><V30/><F30/><W78/><G11/><T71/><D17/><U65/><E65/><V62/><F62/><W25/><G64/><T86/><D61/><U94/><E94/><V83/><F83/><W107/><G63/><T1/><D81/><U130/><E130/><V0/><F0/><W21/><G25/><T110/><D1/><U132/><E132/><V134/><F134/><W39/><G21/><T85/><D71/><U108/><E108/><V41/><F68/><W48/><G6/><T66/><D110/><U10/><E10/><V46/><F69/><W76/><G107/><T99/><D66/><U103/><E103/><V53/><F93/><W113/><G113/><T84/><D77/><AGARI ba="2,1" hai="9,13,19,56,57,59,72,77,80,89,95,98,124,127" machi="77" ten="40,3900,0" yaku="1,1,53,1" doraHai="51" doraHaiUra="104" who="1" fromWho="0" sc="200,-45,344,55,196,0,250,0" /><INIT seed="1,3,0,4,3,118" ten="155,399,196,250" oya="1" hai0="35,71,9,123,3,63,55,75,77,102,91,86,129" hai1="70,36,30,106,96,130,95,122,19,111,5,99,83" hai2="50,49,126,124,32,131,46,23,2,119,11,13,110" hai3="109,40,92,133,26,90,34,10,58,100,38,73,4"/><U56/><E70/><V52/><F119/><W88/><G73/><T121/><D35/><U33/><E36/><V54/><F32/><W16/><G109/><T87/><D102/><U61/><E5/><V43/><F110/><W31/><G133/><T21/><D75/><U6/><E6/><V125/><F131/><W60/><G40/><T68/><D129/><U28/><E111/><V76/><F76/><W20/><G38/><T29/><D9/><U22/><E130/><V7/><F49/><W115/><G115/><T104/><D104/><U51/><E51/><V15/><F23/><W57/><G31/><T105/><D105/><U64/><E83/><V132/><F132/><W62/><G34/><T108/><D3/><U59/><E59/><N who="3" m="22538" /><G100/><T1/><D1/><U79/><E79/><V80/><REACH who="2" step="1"/><F80/><REACH who="2" ten="155,399,186,250" step="2"/><W103/><G62/><T24/><D108/><U41/><E61/><V84/><F84/><W44/><G60/><T112/><D112/><U120/><E33/><V12/><AGARI ba="3,1" hai="2,7,11,12,13,15,43,46,50,52,54,124,125,126" machi="12" ten="40,8000,1" yaku="1,1,0,1,18,1,54,1,53,0" doraHai="118" doraHaiUra="53" who="2" fromWho="2" sc="155,-23,399,-43,186,99,250,-23" /><INIT seed="2,0,0,1,3,54" ten="132,356,285,227" oya="2" hai0="13,37,46,105,89,81,72,129,17,67,113,44,86" hai1="121,73,32,62,65,50,21,60,26,107,41,15,63" hai2="34,31,16,5,124,133,45,108,49,74,12,75,0" hai3="132,19,51,40,6,88,131,111,55,28,98,8,103"/><V52/><F133/><W80/><G111/><T122/><D122/><U99/><E73/><V79/><F108/><W71/><G71/><T42/><D113/><U100/><E121/><V30/><F124/><W14/><G132/><T94/><D129/><U20/><E32/><V77/><F74/><W48/><G131/><T130/><D130/><U126/><E126/><V119/><F119/><W93/><G28/><T85/><D105/><U96/><E96/><V123/><F123/><W117/><G117/><T64/><D46/><U57/><E15/><V84/><F75/><W118/><G118/><T43/><D43/><U4/><E4/><V114/><F114/><W38/><G38/><T7/><D7/><U47/><REACH who="1" step="1"/><E20/><REACH who="1" ten="132,346,285,227" step="2"/><N who="2" m="11271" /><F34/><W1/><G6/><T87/><D72/><U29/><AGARI ba="0,1" hai="21,26,29,41,47,50,57,60,62,63,65,99,100,107" machi="29" ten="20,12000,2" yaku="1,1,0,1,7,1,52,1,53,3" doraHai="54" doraHaiUra="56" who="1" fromWho="1" sc="132,-30,346,130,285,-60,227,-30" /><INIT seed="3,0,0,0,3,8" ten="102,476,225,197" oya="3" hai0="67,31,84,28,128,102,2,70,20,124,134,98,19" hai1="117,81,43,109,97,30,103,89,83,12,18,7,99" hai2="37,32,80,22,59,76,106,33,72,129,113,55,88" hai3="13,56,126,49,44,3,42,71,4,86,41,16,48"/><W62/><G126/><T68/><D2/><U51/><E109/><V119/><F113/><W94/><G71/><T85/><D124/><U50/><E117/><V47/><F119/><W104/><G104/><T52/><D128/><U14/><E30/><V108/><F106/><W115/><G115/><T60/><D70/><U93/><E7/><V110/><F129/><W58/><G4/><T100/><D134/><U40/><E18/><V54/><F22/><N who="3" m="11535" /><G3/><T114/><D114/><U133/><E133/><V17/><F17/><W65/><G56/><T112/><D112/><U1/><E1/><V122/><F122/><W91/><G48/><T21/><D21/><U64/><E64/><V38/><F38/><W87/><G86/><T66/><D68/><U135/><E135/><V79/><F32/><W5/><G5/><T82/><D85/><U132/><E132/><V78/><F33/><W92/><G94/><T69/><D69/><U45/><E93/><V6/><F6/><W130/><G130/><T27/><D31/><U120/><E120/><V39/><F37/><W101/><G101/><T24/><D28/><U53/><E103/><V111/><F59/><W11/><G11/><T23/><D100/><U75/><E75/><V96/><F72/><W15/><G15/><N who="0" m="9343" /><D102/><U0/><E0/><V46/><F39/><W9/><G9/><T77/><D98/><U125/><E125/><V29/><F96/><W118/><G118/><T73/><D73/><U131/><E131/><V105/><F105/><W107/><G107/><T123/><D123/><U61/><E99/><V90/><F108/><RYUUKYOKU ba="0,0" sc="102,-10,476,-10,225,-10,197,30" hai3="41,42,44,49,58,62,65,87,91,92" /><INIT seed="3,1,0,2,0,47" ten="92,466,215,227" oya="3" hai0="54,7,127,38,78,90,73,30,108,32,69,97,109" hai1="55,33,94,48,20,96,58,40,102,29,116,50,49" hai2="61,37,114,99,22,106,83,81,41,16,67,101,46" hai3="129,133,130,36,103,0,113,72,134,39,14,64,25"/><W19/><G72/><T65/><D38/><U92/><E33/><V132/><F132/><N who="3" m="50795" /><G113/><T121/><D121/><U84/><E116/><V15/><REACH who="2" step="1"/><F114/><REACH who="2" ten="92,466,205,227" step="2"/><W126/><G130/><T124/><D124/><U125/><E125/><V85/><F85/><W71/><G129/><T6/><D127/><U51/><E40/><V5/><F5/><W21/><G126/><T59/><D7/><U104/><E84/><V44/><F44/><W79/><G0/><T28/><D6/><U120/><E120/><V112/><F112/><W60/><G79/><T56/><D78/><U82/><E82/><V18/><F18/><N who="3" m="12471" /><G103/><T26/><D73/><U115/><E115/><V52/><F52/><W111/><G111/><T31/><D54/><U135/><E135/><V8/><F8/><AGARI ba="1,1" hai="8,14,19,36,39,60,64,71" m="12471,50795" machi="8" ten="30,1500,0" yaku="20,1" doraHai="47" who="3" fromWho="2" sc="92,0,466,0,205,-18,227,28" /><INIT seed="3,2,0,4,0,20" ten="92,466,187,255" oya="3" hai0="31,59,82,75,120,1,123,8,126,68,49,121,97" hai1="79,45,12,84,86,14,38,115,60,133,48,95,76" hai2="50,81,52,26,29,53,51,124,42,70,131,78,83" hai3="32,99,93,80,35,18,40,98,15,37,102,27,100"/><W89/><G37/><T23/><D68/><U63/><E115/><V88/><F70/><W73/><G40/><T92/><D126/><U91/><E133/><V112/><F124/><W57/><G57/><T94/><D82/><N who="1" m="47175" /><E38/><V104/><F104/><W107/><G27/><T21/><D75/><U10/><E79/><V30/><F112/><W24/><G24/><T135/><D135/><U28/><E28/><V19/><F131/><W132/><G132/><T130/><D130/><U101/><E101/><V2/><F2/><W65/><G65/><T46/><D92/><U66/><E66/><V90/><F78/><W61/><G61/><N who="1" m="23626" /><E10/><V74/><F74/><W16/><G73/><T13/><D1/><U9/><E9/><V134/><F134/><W128/><G128/><T4/><D59/><U64/><E64/><V125/><F125/><W33/><G80/><T111/><D111/><U85/><E85/><V96/><F96/><W36/><G36/><T58/><D58/><U69/><E69/><V119/><F42/><AGARI ba="2,0" hai="12,14,42,45,48,86,91,95" m="23626,47175" machi="42" ten="30,1000,0" yaku="8,1" doraHai="20" who="1" fromWho="2" sc="92,0,466,16,187,-16,255,0" /><INIT seed="4,0,0,0,3,25" ten="92,482,171,255" oya="0" hai0="87,122,120,36,78,3,99,33,52,20,112,132,104" hai1="95,129,32,37,63,21,134,115,127,6,91,30,71" hai2="34,73,48,15,57,43,86,50,90,5,85,133,130" hai3="64,88,113,53,35,80,12,89,66,10,75,42,65"/><T79/><D33/><U76/><E37/><V16/><F73/><W108/><G108/><T103/><D36/><U84/><E32/><V105/><F105/><W47/><G35/><T24/><D3/><U102/><E127/><V26/><F133/><W39/><G113/><T110/><D112/><U59/><E115/><V125/><F125/><W54/><G75/><T28/><D132/><U29/><E71/><V4/><F130/><W92/><G80/><T70/><D70/><U56/><E134/><V44/><F26/><W0/><G0/><T49/><D110/><U7/><E129/><V98/><F98/><W27/><G27/><T2/><D2/><U55/><E21/><N who="2" m="11423" /><F85/><W81/><G81/><T96/><D96/><N who="1" m="59679" /><E76/><V131/><F131/><W62/><G92/><T19/><D87/><U121/><E121/><V13/><F13/><W45/><G12/><T23/><D122/><U107/><E107/><V94/><F34/><W118/><G39/><T8/><D120/><U68/><E68/><V93/><F94/><W41/><G10/><T40/><D8/><U135/><E135/><V61/><F48/><W11/><G11/><T14/><REACH who="0" step="1"/><D40/><REACH who="0" ten="82,482,171,255" step="2"/><U111/><E111/><V82/><F82/><W100/><G42/><T109/><D109/><U31/><E84/><V124/><F124/><W60/><G41/><T67/><D67/><AGARI ba="0,1" hai="4,5,43,44,50,57,61,67,86,90,93" m="11423" machi="67" ten="30,2000,0" yaku="8,1,54,1" doraHai="25" who="2" fromWho="0" sc="82,-20,482,0,171,30,255,0" /><INIT seed="5,0,0,2,1,124" ten="62,482,201,255" oya="1" hai0="14,40,82,86,0,53,56,12,65,77,72,21,54" hai1="81,50,125,133,96,67,114,23,5,17,16,36,2" hai2="106,123,127,66,41,78,118,115,26,122,97,7,8" hai3="100,80,44,25,84,117,110,29,61,32,102,130,31"/><U101/><E36/><V30/><F118/><W64/><G110/><T95/><D0/><U33/><E33/><V99/><F127/><W90/><G117/><T45/><D72/><U27/><E114/><V9/><F115/><W109/><G109/><T18/><D95/><U113/><E113/><V121/><F106/><W129/><G31/><T43/><D65/><U47/><E125/><V88/><F78/><W105/><G44/><T42/><D54/><U69/><E133/><V92/><F41/><W76/><G90/><T49/><REACH who="0" step="1"/><D14/><REACH who="0" ten="52,482,201,255" step="2"/><N who="1" m="9623" /><E67/><V22/><F66/><W34/><G105/><T111/><D111/><U134/><E2/><V10/><REACH who="2" step="1"/><F99/><REACH who="2" ten="52,482,191,255" step="2"/><W79/><G64/><T93/><D93/><U6/><E96/><V24/><F24/><W39/><G25/><T63/><AGARI ba="0,2" hai="12,18,21,40,42,43,45,49,53,56,63,77,82,86" machi="63" ten="20,8000,1" yaku="1,1,0,1,7,1,8,1,53,1" doraHai="124" doraHaiUra="48" who="0" fromWho="0" sc="52,100,482,-40,191,-20,255,-20" /><INIT seed="6,0,0,4,3,124" ten="152,442,171,235" oya="2" hai0="80,36,17,123,85,111,97,90,109,11,73,105,86" hai1="135,129,88,93,118,44,14,50,55,122,32,84,23" hai2="83,26,53,82,48,5,96,102,100,121,37,134,28" hai3="4,34,126,99,125,128,21,63,70,110,40,60,56"/><V114/><F121/><W22/><G110/><N who="0" m="41995" /><D17/><N who="1" m="10679" /><E118/><V27/><F37/><W12/><G34/><T2/><D11/><U7/><E129/><V49/><F134/><W52/><G128/><T9/><D9/><U120/><E135/><V72/><F114/><W43/><G99/><T87/><D2/><U68/><E68/><V42/><F72/><W64/><G4/><T69/><D69/><U119/><E32/><V77/><F5/><W0/><G0/><T33/><D33/><U94/><E119/><V103/><F96/><W13/><G13/><T61/><D61/><U59/><E7/><V8/><F8/><W29/><G12/><T116/><D36/><U101/><E44/><N who="2" m="25623" /><F77/><W62/><G22/><T24/><D24/><N who="2" m="9258" /><F28/><W76/><G76/><N who="0" m="44047" /><D116/><U104/><E104/><V71/><F71/><N who="3" m="42375" /><G29/><T58/><D58/><AGARI ba="0,0" hai="49,53,58,82,83,100,102,103" m="9258,25623" machi="58" ten="30,1500,0" yaku="8,1" doraHai="124" who="2" fromWho="0" sc="152,-15,442,0,171,15,235,0" /><INIT seed="6,1,0,3,1,14" ten="137,442,186,235" oya="2" hai0="51,131,64,8,72,21,58,7,126,96,20,68,70" hai1="81,122,42,93,9,108,128,52,74,31,113,79,43" hai2="44,83,18,98,77,125,25,5,117,12,29,2,37" hai3="3,49,88,82,65,101,10,17,135,84,115,32,86"/><V134/><F117/><W107/><G32/><T27/><D72/><U100/><E108/><V26/><F125/><W76/><G135/><T91/><D126/><U56/><E113/><V38/><F134/><W47/><G65/><T36/><D36/><U127/><E127/><V22/><F98/><W120/><G120/><T118/><D118/><U16/><E128/><V119/><F119/><W46/><G115/><T116/><D116/><U34/><E122/><V35/><F25/><W62/><G62/><T92/><D131/><U90/><E100/><V87/><F44/><W132/><G132/><T129/><D129/><U111/><E111/><V75/><F75/><W40/><G3/><T50/><D21/><U57/><E57/><V94/><F94/><N who="3" m="54535" /><G107/><T0/><D64/><U30/><E34/><V39/><F37/><W114/><G114/><T110/><D110/><U106/><E106/><V55/><F55/><W48/><G101/><T105/><D105/><U28/><E93/><V66/><F66/><W71/><G71/><T104/><D104/><U6/><E74/><V73/><F73/><W63/><G63/><T89/><D89/><U61/><E79/><V121/><F121/><W45/><G40/><T95/><D95/><U23/><E81/><V130/><F130/><W80/><G80/><T112/><D112/><U1/><REACH who="1" step="1"/><E90/><REACH who="1" ten="137,432,186,235" step="2"/><V53/><F77/><W103/><G103/><T124/><D124/><U59/><E59/><V99/><F83/><W4/><G82/><T33/><D33/><U78/><E78/><V97/><F35/><W67/><G76/><T85/><D58/><RYUUKYOKU ba="1,1" sc="137,-10,432,30,186,-10,235,-10" hai1="1,6,9,16,23,28,30,31,42,43,52,56,61" /><INIT seed="7,2,1,0,5,3" ten="127,462,176,225" oya="3" hai0="121,130,132,42,68,131,85,124,108,112,35,55,21" hai1="95,17,58,10,0,48,79,25,37,41,50,99,4" hai2="73,86,103,5,123,16,28,57,34,36,82,78,32" hai3="1,38,100,22,87,64,94,65,44,117,122,11,107"/><W106/><G22/><T80/><D35/><U109/><E109/><V90/><F36/><W127/><G87/><T97/><D68/><U114/><E79/><V23/><F28/><W115/><G44/><T96/><D42/><U72/><E114/><V125/><F5/><W84/><G94/><T6/><D21/><U49/><E72/><V135/><F125/><W66/><G107/><T18/><D18/><U116/><E116/><V71/><F71/><W52/><G106/><T27/><D27/><U45/><E58/><V46/><F46/><W81/><G127/><T33/><D33/><U69/><E69/><V93/><F135/><W133/><G133/><T111/><D132/><U88/><E25/><V102/><F123/><W63/><G122/><T98/><D124/><U30/><E30/><V9/><F9/><W101/><G11/><T31/><D31/><U59/><E59/><V62/><F32/><W12/><G117/><T118/><D118/><U70/><E70/><V77/><F77/><W13/><G38/><T47/><D121/><U60/><E60/><V7/><F7/><W53/><G63/><T19/><D19/><U39/><E17/><V56/><F34/><W110/><G1/><T104/><D6/><U51/><AGARI ba="2,1" hai="0,4,10,37,39,41,45,48,49,50,51,88,95,99" machi="51" ten="30,4000,0" yaku="0,1,52,1,54,1" doraHai="3" who="1" fromWho="1" sc="127,-12,462,56,176,-12,225,-22" owari="115,-38.0,518,62.0,164,-24.0,203,0.0" /></mjloggm>