<mjloggm ver="2.3"><GO type="169" lobby="0"/><UN n0="%E6%B9%8A%E3%81%AE%E9%87%A3%E5%B8%AB" n1="%E3%83%88%E3%83%88%E3%83%AA%E5%85%88%E7%94%9F%31%39%E6%AD%B3" n2="%33%E7%95%AA%44%48%E4%BA%95%E7%AB%AF" n3="%6B%77%5F%67%69%66%75" dan="16,18,17,16" rate="2135.25,2175.48,2096.27,2032.45" sx="M,F,M,M"/><TAIKYOKU oya="0"/><INIT seed="0,0,0,3,5,38" ten="250,250,250,250" oya="0" hai0="77,74,128,51,122,18,94,121,31,9,81,59,35" hai1="102,99,3,91,11,64,73,44,67,40,79,129,17" hai2="133,6,54,125,92,124,36,123,61,118,126,45,48" hai3="135,22,86,97,134,14,50,43,55,116,111,119,66"/><T132/><D128/><U114/><E129/><V19/><F6/><W105/><G111/><T95/><D132/><N who="3" m="50729" /><G66/><T107/><D107/><U10/><E114/><V82/><F133/><W83/><G105/><T41/><D59/><U104/><E17/><V5/><F5/><W53/><G97/><T80/><D80/><N who="1" m="45167" /><E10/><V52/><F123/><W13/><G43/><T115/><D115/><U25/><E25/><V113/><F113/><W0/><G0/><T37/><D51/><U42/><E42/><N who="2" m="22727" /><F118/><W109/><G109/><T16/><D18/><U8/><E8/><V75/><F92/><W131/><G131/><T62/><D95/><U57/><E11/><V49/><F19/><N who="3" m="10607" /><G14/><T20/><D94/><U47/><E3/><V85/><F75/><W34/><G34/><T120/><D35/><U70/><E99/><V72/><F72/><W69/><G69/><T87/><D74/><U28/><E70/><V76/><F54/><N who="3" m="20491" /><G50/><T108/><D108/><U60/><E104/><V7/><F7/><W63/><G63/><T1/><D62/><U24/><E60/><V100/><F100/><W33/><G33/><T23/><D1/><U21/><E102/><V93/><F93/><W2/><G2/><T106/><D106/><U15/><E15/><V127/><F127/><W98/><G98/><T112/><D112/><U96/><E96/><V117/><F117/><W46/><G46/><N who="0" m="23855" /><D31/><U32/><E28/><V4/><F4/><W39/><G39/><T26/><D26/><U88/><E24/><V68/><F68/><W29/><G29/><T71/><D71/><U56/><E32/><RYUUKYOKU ba="0,0" sc="250,10,250,-30,250,10,250,10" hai0="9,16,20,23,77,81,87,120,121,122" hai2="48,49,52,61,76,82,85,124,125,126" hai3="83,86,116,119" /><INIT seed="0,1,0,3,0,86" ten="260,220,260,260" oya="0" hai0="118,82,46,50,83,135,51,56,81,11,92,109,5" hai1="29,4,95,43,121,104,36,41,61,65,122,55,47" hai2="74,16,110,59,120,96,123,35,17,113,58,93,57" hai3="19,42,6,88,40,69,101,7,126,89,31,119,64"/><T100/><D118/><U117/><E104/><V39/><F110/><W132/><G119/><T28/><D109/><U125/><E117/><V38/><F113/><W128/><G126/><T112/><D112/><U102/><E125/><V129/><F74/><W3/><G31/><T97/><D135/><U131/><E131/><V75/><F75/><W20/><G132/><T12/><D28/><U37/><E4/><N who="3" m="1578" /><G3/><T0/><D0/><U77/><E77/><V18/><F35/><W24/><G69/><T80/><N who="0" m="20480" /><DORA hai="99" /><T52/><REACH who="0" step="1"/><D51/><REACH who="0" ten="250,220,260,260" step="2"/><U116/><E29/><V9/><F129/><W21/><G128/><T53/><D53/><U85/><E55/><V67/><F67/><W32/><G64/><T90/><D90/><U115/><E116/><V106/><F39/><W25/><G42/><T130/><D130/><U13/><E115/><V2/><F38/><W14/><G40/><T127/><D127/><U26/><E41/><V108/><F108/><W23/><G32/><T15/><D15/><U134/><E13/><V33/><F33/><W103/><G89/><T62/><D62/><U124/><E37/><V79/><F2/><W30/><G88/><T111/><D111/><U107/><E124/><V8/><F79/><W48/><G48/><T91/><D91/><N who="1" m="53743" /><E134/><V44/><F120/><W22/><G30/><T78/><D78/><U54/><E54/><V66/><F123/><W73/><G73/><T70/><D70/><N who="1" m="42287" /><E26/><AGARI ba="1,1" hai="14,19,20,21,22,23,24,25,26,101,103" m="1578" machi="26" ten="30,3900,0" yaku="8,1,52,2" doraHai="86,99" who="3" fromWho="1" sc="250,0,220,-42,260,0,260,52" /><INIT seed="1,0,0,4,2,31" ten="250,178,260,312" oya="1" hai0="111,24,61,112,108,114,27,73,97,134,68,51,42" hai1="91,7,82,18,113,5,92,66,10,102,105,52,85" hai2="80,125,34,12,25,86,88,107,62,60,2,99,67" hai3="0,13,116,1,129,11,26,81,84,23,94,36,41"/><U98/><E113/><V32/><F2/><W4/><G129/><T120/><D73/><U132/><E132/><V14/><F125/><W28/><G116/><T21/><D97/><U109/><E109/><N who="0" m="42057" /><D134/><U89/><E66/><V93/><F107/><W123/><G123/><T126/><D126/><U33/><E33/><V48/><F48/><W22/><G22/><T124/><D124/><U59/><E105/><V101/><F62/><W43/><G94/><T40/><D27/><U78/><E18/><V53/><F53/><W74/><G74/><T72/><D72/><U75/><E75/><V106/><F80/><W8/><G36/><T49/><D21/><U119/><E119/><V115/><F115/><N who="0" m="44074" /><D24/><U127/><E127/><V64/><F64/><W95/><G95/><T37/><D37/><U130/><E130/><V38/><F38/><W50/><G11/><T54/><D120/><U58/><E58/><V63/><F12/><W30/><G30/><T55/><D61/><N who="1" m="36071" /><E10/><V46/><F63/><W135/><G135/><T90/><D90/><AGARI ba="0,0" hai="5,7,78,82,85,89,90,91,92,98,102" m="36071" machi="90" ten="30,2900,0" yaku="8,1,54,1" doraHai="31" who="1" fromWho="0" sc="250,-29,178,29,260,0,312,0" /><INIT seed="1,1,0,4,5,18" ten="221,207,260,312" oya="1" hai0="15,59,91,46,67,132,1,120,53,88,37,127,69" hai1="90,108,9,112,117,125,2,38,17,79,4,13,86" hai2="41,89,75,84,71,101,102,129,11,10,99,51,14" hai3="24,35,12,5,74,63,135,36,19,65,3,70,0"/><U78/><E112/><V7/><F75/><W119/><G74/><T107/><D1/><U114/><E114/><V20/><F71/><W42/><G135/><T56/><D107/><U23/><E117/><V25/><F129/><W62/><G119/><T80/><D132/><U113/><E113/><V52/><F41/><W103/><G103/><T32/><D32/><U50/><E38/><V130/><F11/><W96/><G96/><T81/><D127/><U76/><E125/><V111/><F111/><W116/><G5/><T92/><D69/><U97/><E108/><V77/><F77/><W109/><G109/><T60/><D120/><U49/><REACH who="1" step="1"/><E97/><REACH who="1" ten="221,197,260,312" step="2"/><V115/><F99/><W31/><G116/><T40/><D15/><U85/><E85/><V21/><F115/><W29/><G3/><T123/><D123/><U64/><E64/><V39/><F39/><W104/><G0/><T118/><D118/><U121/><E121/><V82/><F130/><W83/><G36/><T58/><D67/><U33/><E33/><V68/><F68/><W128/><G35/><T95/><D80/><AGARI ba="1,1" hai="2,4,9,13,17,23,49,50,76,78,79,80,86,90" machi="80" ten="40,3900,0" yaku="1,1,52,1,53,0" doraHai="18" doraHaiUra="105" who="1" fromWho="0" sc="221,-42,197,52,260,0,312,0" /><INIT seed="1,2,0,5,2,5" ten="179,249,260,312" oya="1" hai0="32,88,70,57,56,54,4,41,110,69,36,14,78" hai1="61,50,91,113,94,9,81,44,121,124,6,58,120" hai2="125,10,83,27,29,106,128,13,80,64,99,90,127" hai3="16,130,67,52,1,49,23,115,55,0,92,135,7"/><U17/><E113/><V84/><F64/><W71/><G115/><T30/><D78/><U101/><E124/><N who="2" m="47691" /><F128/><W12/><G130/><T48/><D110/><U114/><E114/><V45/><F45/><W65/><G135/><T62/><D30/><U96/><E17/><N who="2" m="8375" /><F83/><W53/><G49/><T118/><D32/><U25/><E25/><V119/><F119/><W102/><G7/><T89/><D118/><U19/><E19/><V35/><F99/><W20/><G20/><T37/><D4/><U107/><E81/><V47/><F47/><W75/><G75/><T73/><D73/><U79/><E79/><V21/><F106/><W108/><G108/><T72/><D72/><U40/><E107/><V22/><AGARI ba="2,0" hai="21,22,27,29,35,80,84,90" m="8375,47691" machi="22" ten="30,2000,0" yaku="18,1,52,1" doraHai="5" who="2" fromWho="2" sc="179,-7,249,-12,260,26,312,-7" /><INIT seed="2,0,0,5,4,8" ten="172,237,286,305" oya="2" hai0="104,58,59,42,41,34,18,40,74,133,121,56,69" hai1="122,45,2,107,134,22,78,5,83,36,102,68,15" hai2="57,94,100,112,105,118,85,54,31,46,123,124,73" hai3="7,29,33,75,53,0,82,43,91,13,1,50,77"/><V65/><F73/><W92/><G43/><T61/><D74/><U93/><E68/><V103/><F123/><W130/><G130/><T71/><D104/><U81/><E107/><V88/><F118/><W39/><G39/><T72/><D72/><U86/><E122/><V132/><F112/><W90/><G90/><T6/><D121/><U98/><E2/><V115/><F132/><W84/><G29/><T131/><D6/><U27/><E134/><V35/><F124/><W19/><G7/><T125/><D34/><U20/><E81/><V55/><F115/><W9/><REACH who="3" step="1"/><G33/><REACH who="3" ten="172,237,286,295" step="2"/><T49/><D133/><U111/><E36/><V63/><F31/><W126/><G126/><T97/><D125/><U120/><E120/><V60/><F35/><W108/><G108/><T52/><D131/><U79/><E111/><V23/><F103/><W4/><G4/><T95/><D18/><N who="1" m="10591" /><E5/><V44/><F100/><W25/><G25/><T87/><D87/><U129/><E129/><V28/><F28/><W10/><G10/><T32/><D32/><U117/><E86/><V14/><F85/><W51/><G51/><T113/><D113/><U21/><E21/><V109/><F23/><W128/><G128/><T135/><D135/><U114/><E20/><V64/><F109/><W38/><G38/><T12/><D49/><U24/><E114/><V76/><F88/><W37/><G37/><T101/><D12/><U62/><E24/><V119/><F14/><W110/><G110/><T80/><D80/><U30/><E83/><V67/><F119/><W66/><G66/><T17/><D17/><RYUUKYOKU ba="0,1" sc="172,15,237,-15,286,-15,295,15" hai0="40,41,42,52,56,58,59,61,69,71,95,97,101" hai3="0,1,9,13,19,50,53,75,77,82,84,91,92" /><INIT seed="3,1,1,5,2,131" ten="187,222,271,310" oya="3" hai0="59,18,42,87,48,78,93,86,9,51,56,15,32" hai1="2,127,24,3,50,55,54,103,47,124,17,35,1" hai2="108,41,81,53,107,10,6,27,37,126,134,67,100" hai3="16,119,85,71,121,89,129,102,91,43,104,79,80"/><W28/><G71/><T33/><D33/><U65/><E65/><V39/><F108/><W120/><G28/><T101/><D32/><U84/><E103/><V4/><F67/><W75/><G43/><T31/><D31/><U76/><E35/><V130/><F53/><W118/><G129/><T34/><D34/><U58/><E76/><V62/><F27/><W64/><G64/><T0/><D0/><U109/><E84/><N who="0" m="32297" /><D78/><U96/><E96/><V25/><F25/><W19/><G19/><T23/><D9/><U82/><E82/><V115/><F81/><N who="3" m="45311" /><G16/><T38/><D38/><U36/><E109/><V98/><F10/><W12/><G12/><T106/><D106/><U128/><E128/><V68/><F130/><W5/><G5/><T74/><D74/><U8/><E36/><V45/><F39/><W90/><G102/><T63/><D63/><U70/><E70/><V112/><F62/><W66/><G66/><T77/><D77/><U46/><E8/><V22/><F68/><W135/><G104/><T113/><D42/><U20/><E55/><V44/><F41/><W133/><G80/><T14/><D14/><U95/><E95/><V116/><F107/><W105/><G105/><T92/><D92/><U122/><E122/><N who="3" m="47210" /><G85/><T117/><D93/><U60/><E60/><V13/><F37/><W29/><G29/><T69/><D69/><U125/><AGARI ba="1,1" hai="1,2,3,17,20,24,46,47,50,54,58,124,125,127" machi="125" ten="40,2700,0" yaku="0,1,18,1" doraHai="131" who="1" fromWho="1" sc="187,-8,222,40,271,-8,310,-14" /><BYE who="1" /><INIT seed="4,0,0,1,1,34" ten="179,262,263,296" oya="0" hai0="114,62,50,75,72,43,23,97,131,15,76,70,13" hai1="126,5,48,2,17,32,100,115,51,93,106,24,57" hai2="90,110,52,69,82,135,91,56,116,63,133,78,101" hai3="39,45,120,103,105,81,33,109,58,66,89,60,16"/><T85/><BYE who="3" /><D114/><UN n1="%E3%83%88%E3%83%88%E3%83%AA%E5%85%88%E7%94%9F%31%39%E6%AD%B3" /><U18/><E106/><V6/><F110/><W123/><G123/><T112/><D112/><U128/><E115/><V26/><F116/><W99/><G99/><T31/><D131/><U121/><E121/><V87/><F101/><W102/><G102/><T44/><D75/><U98/><E128/><V28/><F6/><W67/><G67/><T42/><D72/><U47/><E126/><V108/><F108/><W88/><G88/><T20/><D97/><U79/><E79/><V84/><F69/><W125/><G125/><T0/><D0/><U1/><E5/><V53/><F53/><W127/><G127/><T36/><D36/><U38/><E38/><V122/><F122/><W104/><G104/><T41/><D70/><U124/><E124/><V8/><F8/><W92/><G92/><T61/><D76/><U95/><E95/><V130/><F130/><W54/><G54/><N who="0" m="30023" /><D85/><U46/><E57/><V65/><F65/><W22/><G22/><N who="0" m="8235" /><D31/><U111/><E111/><V14/><F14/><AGARI ba="0,0" hai="13,14,15,41,42,43,61,62" m="8235,30023" machi="14" ten="30,1500,0" yaku="8,1" doraHai="34" who="0" fromWho="2" sc="179,15,262,0,263,-15,296,0" /><INIT seed="4,1,0,1,2,48" ten="194,262,248,296" oya="0" hai0="53,17,93,0,13,29,7,107,91,25,42,122,135" hai1="26,52,34,133,57,76,41,6,79,31,94,45,132" hai2="81,15,5,64,104,96,21,101,98,30,84,70,77" hai3="35,105,97,90,125,39,46,80,3,116,87,88,115"/><T117/><D117/><U28/><E6/><V65/><F70/><W60/><G60/><T118/><D118/><U99/><E31/><V36/><F36/><W67/><G67/><T8/><D122/><U78/><E45/><V69/><F69/><W73/><G73/><T95/><D107/><U66/><E41/><V92/><F5/><W12/><G12/><T83/><D42/><U56/><E56/><V123/><F123/><W121/><G121/><T44/><D135/><N who="1" m="51787" /><E66/><V120/><F120/><W113/><G113/><T102/><D102/><N who="1" m="60791" /><E78/><V11/><F11/><W126/><G126/><T18/><D0/><U23/><E23/><V10/><F10/><W37/><G37/><T62/><D29/><U85/><E85/><V75/><F30/><W27/><G27/><T43/><D43/><U130/><E130/><V47/><F47/><W108/><G108/><T124/><D124/><U100/><E100/><V22/><F22/><W111/><G111/><T68/><D68/><U2/><E2/><V1/><F1/><W55/><G55/><T54/><D44/><U129/><E129/><V16/><REACH who="2" step="1"/><F84/><REACH who="2" ten="194,262,238,296" step="2"/><W112/><G112/><T114/><D114/><U59/><E59/><V71/><F71/><W33/><G33/><T86/><D7/><U82/><E82/><V110/><F110/><W51/><G51/><AGARI ba="1,1" hai="26,28,34,51,52,57,76,79" m="60791,51787" machi="51" ten="30,3900,0" yaku="20,1,52,1,54,1" doraHai="48" who="1" fromWho="3" sc="194,0,262,52,238,0,296,-42" /><INIT seed="5,0,0,4,2,84" ten="194,314,238,254" oya="1" hai0="77,69,57,87,114,59,31,26,40,107,94,52,43" hai1="61,99,93,78,49,53,106,111,135,63,76,108,132" hai2="32,10,64,126,33,119,65,62,72,1,51,117,7" hai3="90,127,115,125,105,96,39,92,120,54,129,37,133"/><U8/><E106/><V6/><F126/><W27/><G27/><T80/><D107/><U11/><E49/><V81/><F64/><W89/><G89/><T85/><D69/><U134/><E53/><V14/><F51/><W38/><G38/><T34/><D114/><U123/><E123/><V121/><F121/><W66/><G66/><T21/><D34/><N who="2" m="13418" /><F14/><W22/><G22/><T12/><D12/><U70/><E70/><N who="2" m="42295" /><F7/><W88/><G88/><N who="0" m="53535" /><D59/><U25/><E25/><V4/><F4/><W104/><G104/><T82/><D80/><U30/><E134/><V131/><F131/><W58/><G58/><T68/><D68/><U124/><E124/><V73/><F81/><W29/><G29/><T103/><D103/><U75/><E30/><V41/><F119/><W79/><G79/><T46/><D46/><U118/><E118/><V122/><F117/><W15/><G15/><T83/><D83/><U128/><E76/><V44/><F122/><W100/><G100/><T86/><D86/><U74/><E78/><V24/><F24/><W18/><G18/><T97/><D97/><U113/><E99/><V9/><F9/><UN n3="%6B%77%5F%67%69%66%75" /><W102/><G127/><T50/><AGARI ba="0,0" hai="21,26,31,40,43,50,52,57,77,82,85" m="53535" machi="50" ten="30,7900,0" yaku="8,1,52,1,54,2" doraHai="84" who="0" fromWho="0" sc="194,79,314,-39,238,-20,254,-20" /><INIT seed="6,0,0,4,5,25" ten="273,275,218,234" oya="2" hai0="99,28,68,35,40,117,15,9,118,126,3,102,134" hai1="80,53,96,76,127,27,78,4,92,57,73,12,48" hai2="84,10,123,50,47,94,26,22,112,41,24,6,11" hai3="87,17,93,2,128,0,63,119,115,39,36,20,71"/><V100/><F123/><W30/><G119/><T14/><D68/><U85/><E127/><V34/><F112/><W89/><G115/><T111/><D111/><U55/><E73/><V95/><F34/><W88/><G128/><T61/><D61/><U72/><E72/><V121/><F121/><W120/><G39/><T67/><D67/><U83/><E83/><V58/><F58/><W108/><G36/><T79/><D79/><U13/><E76/><V74/><F74/><W133/><G108/><T56/><D56/><U77/><E77/><V64/><F64/><W70/><G30/><T1/><D40/><U131/><E131/><V91/><F6/><W5/><G133/><T38/><D38/><U21/><E53/><V90/><F100/><W59/><G5/><T49/><D49/><U103/><E4/><V122/><F26/><W19/><G120/><T23/><D134/><U46/><E57/><V31/><F122/><W113/><G113/><T43/><D43/><U69/><E69/><V105/><F105/><W129/><G129/><T44/><D44/><U86/><E86/><AGARI ba="0,0" hai="10,11,22,24,31,41,47,50,84,86,90,91,94,95" machi="86" ten="30,11600,0" yaku="7,1,9,1,8,1,52,1" doraHai="25" who="2" fromWho="1" sc="273,0,275,-116,218,116,234,0" /><INIT seed="6,1,0,5,3,37" ten="273,159,334,234" oya="2" hai0="71,48,25,110,130,10,127,97,43,69,38,119,88" hai1="21,51,63,66,40,68,117,42,134,59,111,24,80" hai2="115,36,86,124,56,90,118,52,103,23,102,125,82" hai3="13,61,94,122,113,49,39,92,72,131,67,85,33"/><V74/><F118/><W64/><G72/><T57/><D110/><U22/><E111/><V15/><F36/><W17/><G39/><T26/><D10/><U129/><E117/><V87/><F74/><W60/><G33/><T53/><D119/><U5/><E129/><V79/><F115/><W46/><G122/><T75/><D75/><U4/><E134/><V73/><F15/><W50/><G131/><T11/><D11/><U123/><E123/><V19/><F19/><W93/><G85/><T98/><D130/><U58/><E68/><V96/><F23/><N who="3" m="11695" /><G113/><T114/><D114/><U120/><E120/><V128/><F128/><W7/><G7/><N who="1" m="2634" /><E80/><V99/><F73/><W91/><G91/><T116/><D116/><U0/><E0/><V18/><F18/><W12/><G12/><T2/><D2/><U100/><E100/><V107/><F103/><W45/><G67/><T14/><D71/><U132/><E132/><V78/><F102/><W89/><G89/><T3/><D69/><U35/><E35/><V6/><F107/><W9/><G64/><T20/><D3/><U104/><E104/><V101/><F101/><W30/><G30/><T135/><D135/><U1/><E1/><V44/><F90/><W8/><G8/><T65/><BYE who="3" /><D38/><U70/><E70/><V109/><F6/><W106/><G106/><T41/><D98/><U108/><E108/><V28/><F109/><W83/><G83/><T84/><D97/><U77/><E77/><V29/><F99/><W31/><G31/><T54/><D88/><U95/><E95/><V47/><F96/><RYUUKYOKU ba="1,0" sc="273,0,159,0,334,0,234,0" /><INIT seed="7,2,0,5,4,20" ten="273,159,334,234" oya="3" hai0="101,59,3,128,66,56,76,135,95,68,70,1,54" hai1="102,2,6,10,99,57,113,26,60,80,7,5,37" hai2="82,22,134,131,31,90,107,92,29,94,16,40,55" hai3="84,28,89,17,52,125,104,74,15,103,65,93,4"/><W110/><G110/><T63/><D76/><U49/><E113/><V58/><F107/><W133/><G133/><T8/><D135/><U30/><E37/><V97/><F131/><W23/><G23/><T47/><D128/><U121/><E49/><N who="2" m="31087" /><F40/><W75/><G75/><T71/><D47/><U18/><E80/><V24/><F82/><W117/><G117/><T126/><D126/><U96/><E121/><V118/><F118/><W115/><G115/><T108/><D108/><U67/><E18/><V69/><F69/><W45/><G45/><T105/><D105/><U87/><E87/><N who="2" m="52319" /><F134/><W35/><G35/><T78/><D78/><U120/><E120/><V85/><F85/><W88/><G88/><AGARI ba="2,0" hai="16,22,24,29,31,88,94,97" m="52319,31087" machi="88" ten="30,7700,0" yaku="8,1,52,1,54,2" doraHai="20" who="2" fromWho="3" sc="273,0,159,0,334,83,234,-83" owari="273,7.0,159,-24.0,417,52.0,151,-35.0" /></mjloggm>