<mjloggm ver="2.3"><GO type="97" lobby="0"/><UN n0="%E3%83%88%E3%83%88%E3%83%AA%E5%85%88%E7%94%9F%31%39%E6%AD%B3" n1="%E5%B0%8F%E8%B5%B0%E5%85%88%E8%BC%A9" n2="%79%61%73%76%69%63" n3="%E3%81%AD%E3%81%93%E3%81%99%E3%81%83%EF%BD%9E" dan="15,14,14,13" rate="2039.32,1940.28,1876.66,1865.79" sx="F,F,M,M"/><TAIKYOKU oya="0"/><INIT seed="0,0,0,1,2,68" ten="250,250,250,250" oya="0" hai0="83,126,111,4,27,57,20,56,49,106,123,42,35" hai1="0,107,43,50,26,82,133,70,102,21,127,34,61" hai2="45,48,109,14,54,119,110,65,25,79,114,78,98" hai3="75,16,29,1,117,135,71,118,3,99,103,132,108"/><T124/><D123/><U59/><E0/><V131/><F114/><W9/><G71/><T6/><D35/><U72/><E133/><N who="3" m="51274" /><G75/><T80/><D106/><U73/><E127/><N who="0" m="48681" /><D111/><N who="2" m="42506" /><F65/><W37/><G37/><T94/><D94/><U28/><E82/><N who="0" m="31273" /><D42/><U32/><E32/><V24/><F119/><N who="3" m="45579" /><G108/><T8/><D49/><U62/><E62/><V44/><F131/><W52/><G99/><T31/><D6/><U15/><E50/><N who="2" m="28999" /><F14/><AGARI ba="0,0" hai="4,8,14,20,27,31,56,57" m="31273,48681" machi="14" ten="30,1500,0" yaku="18,1" doraHai="68" who="0" fromWho="2" sc="250,15,250,0,250,-15,250,0" /><INIT seed="0,1,0,3,0,73" ten="265,250,235,250" oya="0" hai0="40,38,131,50,35,133,117,14,93,7,124,126,4" hai1="118,78,97,105,49,64,9,22,69,87,81,79,48" hai2="128,32,86,66,120,65,72,63,20,11,85,26,29" hai3="100,47,30,121,83,24,111,113,68,28,108,89,36"/><T15/><D117/><U52/><E118/><V102/><F72/><W10/><G113/><T46/><D35/><U106/><E69/><V41/><F128/><W39/><G68/><T57/><D131/><U6/><E64/><V59/><F120/><W12/><G121/><T21/><D133/><U92/><E48/><V129/><F41/><W70/><G70/><T33/><D33/><U31/><E31/><V101/><F32/><W42/><G100/><T75/><D75/><U135/><E22/><V123/><F65/><W122/><G122/><T115/><D115/><U91/><E135/><V80/><F129/><W77/><G89/><T76/><D76/><N who="1" m="46503" /><E106/><V116/><F116/><W56/><G56/><T45/><D57/><N who="1" m="32911" /><E105/><V95/><F123/><W125/><G125/><N who="0" m="48235" /><D93/><U134/><E134/><V82/><F11/><W0/><G36/><T3/><D21/><U103/><E103/><V84/><F95/><W74/><G12/><AGARI ba="1,0" hai="6,9,12,78,79,91,92,97" m="32911,46503" machi="12" ten="30,8000,1" yaku="8,1,52,3,54,1" doraHai="73" who="1" fromWho="3" sc="265,0,250,83,235,0,250,-83" /><INIT seed="1,0,0,3,0,15" ten="265,333,235,167" oya="1" hai0="56,38,13,67,93,118,102,82,26,8,127,86,105" hai1="117,134,81,80,24,135,30,42,126,59,33,91,70" hai2="41,75,77,29,108,39,123,58,10,17,98,43,35" hai3="5,22,72,90,12,87,21,79,125,6,74,50,96"/><U101/><E70/><V112/><F108/><W103/><G125/><T63/><D118/><U2/><E2/><V97/><F112/><W49/><G79/><T23/><D38/><U119/><E101/><V19/><F123/><W55/><G74/><T44/><D105/><U46/><E126/><V122/><F35/><W130/><G72/><T32/><D32/><U110/><E59/><V52/><F29/><W48/><G130/><T36/><D127/><U121/><E121/><V4/><F75/><W71/><G71/><T106/><D106/><U25/><E25/><V61/><F77/><W54/><G96/><N who="2" m="36969" /><F39/><W89/><G103/><T11/><D36/><U88/><E81/><V95/><F95/><W131/><G131/><T16/><D102/><U37/><E110/><V51/><F122/><W104/><G104/><T18/><D44/><U83/><E83/><V62/><F62/><W68/><G68/><T1/><D93/><U0/><E0/><V113/><F113/><W69/><G69/><T85/><D1/><U66/><E66/><V120/><F120/><W3/><G3/><T28/><D86/><N who="1" m="50247" /><E91/><N who="3" m="34826" /><G87/><T92/><D92/><U100/><E100/><V73/><F73/><W124/><G124/><T64/><D85/><U34/><E34/><V14/><F41/><W94/><G94/><T114/><D82/><U109/><E109/><V40/><F43/><W129/><G129/><T57/><D114/><U60/><E119/><V116/><F116/><W9/><G5/><T20/><D28/><U31/><E117/><V76/><F76/><W45/><G45/><AGARI ba="0,0" hai="4,10,14,17,19,40,45,51,52,58,61" m="36969" machi="45" ten="30,7700,0" yaku="8,1,52,2,54,1" doraHai="15" who="2" fromWho="3" sc="265,0,333,0,235,77,167,-77" /><INIT seed="2,0,0,4,0,42" ten="265,333,312,90" oya="2" hai0="94,33,59,91,69,75,88,102,40,133,8,32,34" hai1="10,36,28,11,78,48,3,51,122,84,79,82,63" hai2="71,96,38,23,47,20,77,61,120,39,99,106,4" hai3="52,129,31,22,116,14,109,80,131,76,118,37,105"/><V19/><F120/><W100/><G37/><T113/><D113/><U65/><E36/><V35/><F35/><W81/><G31/><T121/><D121/><U66/><E28/><V89/><F39/><W57/><G22/><T0/><D69/><U46/><E48/><V83/><F4/><W92/><G14/><T73/><D133/><U101/><E66/><V124/><F124/><W26/><G26/><T58/><D102/><U24/><E24/><V117/><F117/><N who="3" m="45163" /><G52/><T111/><D111/><U90/><E101/><V15/><F106/><W125/><G57/><T60/><D40/><U98/><E122/><V103/><F103/><W132/><G105/><T44/><D44/><U54/><E3/><V85/><F23/><W56/><G56/><T41/><D41/><U6/><E6/><V114/><F114/><W112/><G112/><T29/><D29/><U127/><E127/><V128/><F128/><N who="3" m="49227" /><G125/><T87/><D59/><N who="1" m="37119" /><E98/><V2/><F2/><W12/><G12/><T1/><D1/><U27/><E27/><V49/><F20/><W64/><G64/><T123/><D123/><U21/><E21/><N who="2" m="11519" /><F38/><W25/><G25/><T70/><D70/><U30/><E30/><V7/><F71/><W95/><G109/><T86/><D8/><AGARI ba="0,0" hai="8,10,11,46,51,54,78,79,82,84,90" m="37119" machi="8" ten="30,2000,0" yaku="8,1,52,1" doraHai="42" who="1" fromWho="0" sc="265,-20,333,20,312,0,90,0" /><INIT seed="3,0,0,0,4,49" ten="245,353,312,90" oya="3" hai0="89,70,37,69,132,50,122,121,133,126,14,88,16" hai1="95,76,38,65,98,47,131,106,52,109,111,77,134" hai2="3,44,105,34,101,43,42,113,11,75,80,112,82" hai3="125,12,66,84,83,20,135,21,73,45,55,120,27"/><W92/><G120/><T56/><D37/><U33/><E106/><V117/><F34/><W28/><G135/><N who="0" m="51787" /><D126/><U30/><E65/><V81/><F117/><W114/><G114/><T41/><D41/><U17/><E131/><V25/><F25/><W94/><G125/><T51/><D51/><N who="1" m="28799" /><E38/><V48/><F75/><W31/><G66/><T19/><D70/><U90/><E134/><V68/><F68/><W6/><G73/><T61/><D50/><U59/><E59/><V5/><F101/><W102/><G102/><T110/><D69/><U104/><E104/><V60/><F105/><W32/><G32/><T63/><D63/><U53/><E53/><V119/><F60/><W128/><G128/><T36/><D36/><U62/><E62/><V46/><F119/><W15/><G6/><T96/><D19/><U97/><E97/><V118/><F118/><W10/><G10/><N who="0" m="6231" /><D110/><N who="1" m="41995" /><E17/><V115/><REACH who="2" step="1"/><F48/><REACH who="2" ten="245,353,302,90" step="2"/><N who="3" m="29071" /><G94/><N who="0" m="56391" /><D89/><U85/><E98/><V74/><F74/><W23/><G92/><T64/><AGARI ba="0,1" hai="56,61,64,121,122" m="56391,6231,51787" machi="64" ten="30,4000,0" yaku="20,1,54,2" doraHai="49" who="0" fromWho="0" sc="245,50,353,-10,302,-10,90,-20" owari="295,10.0,343,44.0,292,-11.0,70,-43.0" /></mjloggm>