<mjloggm ver="2.3"><GO type="169" lobby="0"/><UN n0="%67%69%6A%79%75%74%75" n1="%E3%82%A6%E3%83%AB%E3%83%88%E3%83%A9%E7%AB%8B%E7%9B%B4" n2="%65%72%61%6E%76%69%74%61" n3="%E7%94%9F%E8%82%89%E3%81%A7%E3%81%99%E3%82%88" dan="17,17,16,16" rate="2141.07,2171.92,2063.20,2153.98" sx="M,M,M,M"/><TAIKYOKU oya="0"/><INIT seed="0,0,0,1,5,120" ten="250,250,250,250" oya="0" hai0="26,108,68,6,104,111,77,14,38,119,20,64,106" hai1="55,37,94,46,112,92,125,54,82,129,91,81,97" hai2="10,4,126,109,0,39,35,79,29,103,60,117,15" hai3="58,43,71,128,23,98,49,115,18,22,75,118,107"/><T61/><D38/><U19/><E125/><V105/><F60/><W113/><G118/><T87/><D119/><U84/><E129/><V9/><F79/><W127/><G71/><T53/><D53/><N who="1" m="19979" /><E37/><V90/><F90/><W5/><G75/><T2/><D2/><U24/><E46/><V133/><F103/><W40/><G58/><T59/><D68/><U48/><E48/><V41/><F41/><W76/><G76/><T114/><D114/><U131/><E131/><V3/><F39/><W83/><G83/><N who="0" m="47599" /><D14/><U11/><E112/><V34/><F105/><W42/><G127/><T101/><D6/><U122/><E122/><V51/><F51/><W52/><G128/><T88/><D88/><N who="1" m="53255" /><E24/><N who="2" m="18727" /><F117/><W45/><G5/><T44/><D44/><U32/><E32/><V86/><F126/><W17/><G115/><T27/><D101/><U47/><E47/><V69/><F69/><W73/><G113/><T28/><D27/><U31/><E31/><V123/><F86/><W7/><G7/><T65/><D64/><U96/><E96/><V36/><F36/><W8/><G73/><T134/><D134/><U30/><E30/><V116/><F35/><W12/><G107/><T70/><D70/><U25/><E25/><V57/><F123/><W89/><G18/><T93/><D93/><AGARI ba="0,0" hai="8,12,17,22,23,40,42,43,45,49,52,89,93,98" machi="93" ten="40,2600,0" yaku="8,1,54,1" doraHai="120" who="3" fromWho="0" sc="250,-26,250,0,250,0,250,26" /><INIT seed="1,0,0,5,4,121" ten="224,250,250,276" oya="1" hai0="5,106,38,84,124,90,8,79,135,129,12,115,11" hai1="86,63,72,96,0,83,68,89,102,16,32,56,119" hai2="109,91,17,87,44,123,74,127,62,100,116,67,98" hai3="70,101,78,80,77,120,37,92,34,46,113,29,60"/><U114/><E114/><V59/><F74/><W53/><G113/><T3/><D115/><U39/><E119/><V95/><F116/><W76/><G120/><T40/><D106/><U14/><E0/><V41/><F127/><W132/><G132/><T73/><D135/><U35/><E39/><V71/><F123/><W88/><G101/><T47/><D124/><U110/><E68/><V52/><F17/><W108/><G108/><T9/><D12/><U7/><E7/><V55/><F71/><W15/><G15/><T94/><REACH who="0" step="1"/><D129/><REACH who="0" ten="214,250,250,276" step="2"/><U58/><E72/><V126/><F126/><W18/><G70/><T64/><D64/><U25/><E110/><V33/><F109/><W69/><G69/><T118/><D118/><U42/><E14/><V122/><F122/><W131/><G131/><T22/><D22/><U2/><E2/><V10/><F33/><W97/><G34/><T36/><D36/><U48/><E35/><V107/><REACH who="2" step="1"/><F10/><REACH who="2" ten="214,250,240,276" step="2"/><W104/><G37/><AGARI ba="0,2" hai="37,41,44,52,55,59,62,67,87,91,95,98,100,107" machi="37" ten="30,8000,1" yaku="1,1,2,1,7,1,54,1,53,1" doraHai="121" doraHaiUra="103" who="2" fromWho="3" sc="214,0,250,0,240,100,276,-80" /><INIT seed="2,0,0,5,3,21" ten="214,250,340,196" oya="2" hai0="87,131,36,127,31,8,122,120,52,27,22,128,116" hai1="63,124,98,125,106,2,132,62,96,133,6,77,88" hai2="108,99,113,33,23,112,69,38,30,93,117,54,74" hai3="66,37,75,44,5,35,110,97,15,18,24,17,60"/><V49/><F69/><W55/><G75/><T76/><D36/><U86/><E6/><V90/><F38/><W48/><G110/><T16/><D87/><U82/><E2/><V10/><F74/><W65/><G37/><T45/><D76/><U42/><E42/><V107/><F117/><W61/><G97/><T72/><D72/><U47/><E47/><V83/><F108/><W68/><G5/><T28/><D116/><U3/><E3/><V92/><F107/><W103/><G103/><T56/><D45/><U46/><E46/><V11/><F33/><W0/><G0/><T14/><D127/><N who="1" m="48715" /><E62/><V43/><F43/><W109/><G109/><T41/><D41/><U39/><E63/><V85/><F92/><W34/><G24/><T104/><D104/><U57/><E57/><N who="2" m="32975" /><F113/><W32/><REACH who="3" step="1"/><G15/><REACH who="3" ten="214,250,340,186" step="2"/><T80/><D80/><U111/><E39/><V89/><F112/><W119/><G119/><T70/><D70/><AGARI ba="0,1" hai="17,18,32,34,35,44,48,55,60,61,65,66,68,70" machi="70" ten="40,2600,0" yaku="1,1,9,1,53,0" doraHai="21" doraHaiUra="121" who="3" fromWho="0" sc="214,-26,250,0,340,0,186,36" /><INIT seed="3,0,0,1,3,111" ten="188,250,340,222" oya="3" hai0="80,93,40,6,101,120,98,130,95,92,62,18,79" hai1="103,99,3,74,2,83,5,11,114,119,46,69,39" hai2="131,0,72,78,107,53,27,37,122,68,59,135,86" hai3="102,52,123,75,42,67,108,22,106,94,85,89,17"/><W31/><G123/><T88/><D130/><U58/><E58/><V33/><RYUUKYOKU type="yao9" ba="0,0" sc="188,0,250,0,340,0,222,0" hai2="0,27,33,37,53,59,68,72,78,86,107,122,131,135" /><INIT seed="3,1,0,2,5,119" ten="188,250,340,222" oya="3" hai0="28,100,103,52,84,116,67,26,134,57,60,73,106" hai1="25,14,133,91,9,24,102,118,65,2,50,23,4" hai2="62,88,16,74,59,36,93,18,20,11,125,132,77" hai3="96,51,127,61,124,129,0,122,33,117,83,49,39"/><W22/><G33/><T90/><D73/><U3/><E102/><V130/><F36/><W94/><G117/><T112/><D116/><U48/><E118/><V42/><F125/><W35/><G35/><T82/><D134/><U108/><E108/><V53/><F130/><W29/><G39/><T40/><D112/><U107/><E107/><V32/><F32/><W56/><G0/><T87/><D106/><U47/><E133/><V72/><F42/><W101/><G129/><T30/><D40/><U1/><E65/><V113/><F113/><W105/><G105/><T109/><D109/><U7/><E91/><V80/><F132/><W69/><G69/><T131/><D131/><U58/><E58/><V45/><F45/><W38/><G38/><T64/><D64/><U99/><E50/><V13/><F74/><W128/><G128/><T19/><D67/><U97/><E7/><V86/><REACH who="2" step="1"/><F20/><REACH who="2" ten="188,250,330,222" step="2"/><W21/><G124/><T85/><D103/><U92/><E23/><V27/><F27/><W98/><G127/><T5/><D100/><U70/><E25/><V110/><F110/><W43/><G43/><T114/><D114/><U111/><E24/><V135/><F135/><W79/><G29/><T120/><D28/><U123/><E47/><V81/><F81/><W78/><G83/><T121/><D30/><U75/><E111/><V41/><F41/><W44/><G44/><T15/><D26/><U104/><E75/><V46/><F46/><W76/><G101/><T54/><D82/><U66/><E104/><V55/><F55/><W89/><G22/><N who="0" m="11647" /><D54/><U115/><E115/><RYUUKYOKU ba="1,1" sc="188,-10,250,-10,330,30,222,-10" hai2="11,13,16,18,53,59,62,72,77,80,86,88,93" /><INIT seed="4,2,1,1,0,3" ten="178,240,360,212" oya="0" hai0="131,108,44,10,49,79,126,22,57,34,54,72,2" hai1="9,121,76,13,11,18,14,48,105,64,102,67,19" hai2="29,84,113,111,77,52,70,26,117,81,107,7,94" hai3="110,17,119,90,61,15,32,53,69,134,63,91,56"/><T112/><D34/><U71/><E121/><V92/><F107/><W124/><G110/><T93/><D108/><U36/><E36/><V73/><F70/><W5/><G119/><T127/><D112/><U103/><E71/><V80/><F113/><W88/><G32/><T116/><D116/><U100/><E105/><V33/><F111/><W12/><G124/><N who="0" m="47659" /><D131/><U0/><E0/><V68/><F68/><W66/><G134/><T24/><D93/><U109/><E109/><V135/><F135/><W31/><G31/><N who="0" m="17815" /><D79/><U87/><E48/><V123/><F123/><W86/><G86/><T82/><D82/><AGARI ba="2,1" hai="9,11,13,14,18,19,64,67,76,82,87,100,102,103" machi="82" ten="40,2600,0" yaku="9,1,8,1" doraHai="3" who="1" fromWho="0" sc="178,-32,240,42,360,0,212,0" /><INIT seed="5,0,0,2,4,101" ten="146,282,360,212" oya="1" hai0="47,77,85,8,51,71,45,92,52,48,91,50,133" hai1="34,96,128,60,102,90,57,83,104,120,43,106,41" hai2="55,42,107,69,39,31,56,123,21,87,76,126,2" hai3="28,116,18,108,117,46,88,93,65,111,62,127,23"/><U20/><E34/><V49/><F69/><W73/><G73/><T114/><D114/><U129/><E120/><V15/><F2/><W103/><G103/><T1/><D133/><U16/><E83/><V32/><F32/><W131/><G131/><N who="1" m="50250" /><E90/><V95/><F126/><W81/><G127/><T10/><D71/><U84/><E84/><V33/><F33/><W7/><G81/><T130/><D130/><U86/><E86/><V79/><F123/><W44/><G7/><T121/><D121/><U36/><E36/><V53/><F39/><W26/><G28/><T75/><D1/><U105/><E43/><V11/><F42/><W4/><G4/><T22/><D75/><U64/><E41/><V110/><F110/><W132/><G132/><T6/><D77/><U66/><E66/><V119/><F76/><W29/><G29/><T135/><D135/><U109/><E109/><V59/><F119/><N who="3" m="45643" /><G111/><T61/><D6/><U82/><E82/><V97/><F79/><W12/><G26/><AGARI ba="0,0" hai="16,20,26,57,60,64,96,102,104,105,106" m="50250" machi="26" ten="30,12000,1" yaku="19,1,52,3,54,1" doraHai="101" who="1" fromWho="3" sc="146,0,282,120,360,0,212,-120" /><INIT seed="5,1,0,2,5,103" ten="146,402,360,92" oya="1" hai0="93,16,88,76,123,7,71,66,69,1,118,113,5" hai1="122,29,3,73,115,99,68,120,28,41,110,47,130" hai2="9,38,34,10,121,106,60,89,102,13,46,42,63" hai3="36,74,128,31,85,117,49,111,95,23,108,109,0"/><U135/><E110/><V79/><F34/><W32/><G36/><T94/><D118/><U104/><E29/><V22/><F121/><W33/><G117/><T21/><D123/><U15/><E15/><V81/><F89/><W14/><G128/><T8/><D113/><U43/><E41/><V78/><F22/><W77/><G0/><T58/><D5/><U27/><E3/><V119/><F119/><W57/><G74/><T6/><D6/><U97/><E99/><V96/><F79/><W100/><G100/><T70/><D76/><U35/><E130/><V26/><F26/><W45/><G57/><T133/><D133/><U114/><E135/><V80/><F80/><W40/><G95/><T37/><D37/><N who="1" m="21999" /><E68/><V107/><F107/><W65/><G65/><T75/><D75/><U61/><E61/><V125/><F125/><W127/><G127/><T24/><D94/><U92/><E92/><V82/><F82/><W134/><G134/><T11/><D11/><U83/><E122/><V51/><F38/><W50/><G50/><T126/><D126/><U132/><E132/><V17/><REACH who="2" step="1"/><F9/><REACH who="2" ten="146,402,350,92" step="2"/><W44/><G77/><T20/><D20/><U55/><E120/><V86/><AGARI ba="1,1" hai="10,13,17,42,46,51,60,63,78,81,86,96,102,106" machi="86" ten="20,8000,1" yaku="1,1,2,1,0,1,7,1,52,1,53,0" doraHai="103" doraHaiUra="30" who="2" fromWho="2" sc="146,-21,402,-41,350,93,92,-21" /><INIT seed="6,0,0,0,5,67" ten="125,361,443,71" oya="2" hai0="36,27,98,25,94,47,51,23,79,108,30,78,19" hai1="132,90,110,121,29,106,113,42,134,124,101,40,26" hai2="13,20,31,86,111,81,72,9,3,0,1,28,5" hai3="105,131,77,119,118,34,114,95,65,92,89,15,127"/><V104/><F72/><W48/><G34/><T4/><D36/><U84/><E110/><V21/><F104/><W62/><G131/><T129/><D4/><U37/><E37/><V123/><F123/><W70/><G127/><T54/><D108/><U115/><E124/><V69/><F69/><W83/><G105/><T117/><D117/><U60/><E121/><V56/><F56/><W44/><G114/><N who="1" m="43530" /><E60/><V38/><F38/><W128/><G15/><T8/><D129/><U126/><E126/><V2/><F86/><W87/><G128/><T64/><D64/><U43/><E101/><V63/><F81/><W99/><REACH who="3" step="1"/><G95/><REACH who="3" ten="125,361,443,61" step="2"/><T32/><REACH who="0" step="1"/><D8/><REACH who="0" ten="115,361,443,61" step="2"/><U125/><E125/><V16/><F111/><W66/><G66/><T133/><D133/><U61/><E134/><V88/><F0/><W46/><G46/><T122/><D122/><U22/><E132/><V102/><F1/><W82/><G82/><T11/><D11/><U130/><E130/><V80/><F2/><W59/><G59/><T91/><AGARI ba="0,2" hai="19,23,25,27,30,32,47,51,54,78,79,91,94,98" machi="91" ten="20,2700,0" yaku="1,1,0,1,7,1,53,0" doraHai="67" doraHaiUra="107" who="0" fromWho="0" sc="115,47,361,-7,443,-13,61,-7" /><INIT seed="7,0,0,2,2,40" ten="162,354,430,54" oya="3" hai0="51,65,8,27,10,127,7,117,6,5,123,58,36" hai1="131,57,104,50,87,114,128,122,115,79,97,102,73" hai2="12,116,16,19,86,3,112,68,17,31,52,47,100" hai3="61,133,59,125,119,34,98,88,101,85,91,95,39"/><W56/><G119/><T80/><D123/><U75/><E50/><N who="2" m="28767" /><F68/><W53/><G125/><T42/><D36/><U69/><E57/><V76/><F3/><W1/><G133/><T121/><D121/><U109/><E69/><V113/><F116/><W70/><G1/><T14/><D117/><U130/><E109/><V72/><F72/><N who="1" m="27721" /><E122/><V29/><F100/><W32/><G39/><T81/><D127/><U134/><E134/><V0/><F0/><W63/><G70/><T110/><D110/><U118/><E118/><V48/><F48/><W78/><G78/><T28/><D65/><U43/><E43/><V49/><F49/><W64/><REACH who="3" step="1"/><G91/><REACH who="3" ten="162,354,430,44" step="2"/><T60/><D60/><U24/><E79/><V106/><F76/><W18/><G18/><N who="0" m="8519" /><D10/><U38/><E38/><V2/><F2/><W23/><G23/><N who="0" m="15487" /><D58/><U4/><E131/><V126/><F126/><W62/><G62/><T9/><D9/><U83/><E130/><V129/><F19/><W99/><G99/><T30/><D30/><U94/><E128/><V67/><F17/><W11/><G11/><T22/><D22/><U71/><E71/><V107/><F129/><W90/><G90/><T35/><D35/><U77/><E97/><V84/><F31/><W135/><G135/><T46/><AGARI ba="0,1" hai="5,6,7,42,46,51,80,81" m="15487,8519" machi="46" ten="30,2000,0" yaku="8,1,52,1" doraHai="40" who="0" fromWho="0" sc="162,30,354,-5,430,-5,44,-10" owari="192,-21.0,349,15.0,425,53.0,34,-47.0" /></mjloggm>