<mjloggm ver="2.3"><GO type="169" lobby="0"/><UN n0="%E3%81%82%E3%82%93%E3%81%96%E3%82%93" n1="%73%68%61%6F" n2="%E6%96%B0%E5%A6%BB%E3%82%A8%E3%82%A4%E3%82%B8" n3="%E3%82%A6%E3%83%AB%E3%83%88%E3%83%A9%E7%AB%8B%E7%9B%B4" dan="18,17,18,17" rate="2200.65,2187.21,2195.55,2219.86" sx="M,M,F,M"/><TAIKYOKU oya="0"/><INIT seed="0,0,0,1,4,34" ten="250,250,250,250" oya="0" hai0="56,129,57,59,9,101,135,36,109,86,94,92,47" hai1="31,26,119,48,83,41,62,20,99,104,78,61,128" hai2="19,90,11,125,6,132,5,68,88,1,2,40,70" hai3="124,96,81,131,29,114,102,80,127,27,0,54,95"/><T4/><D129/><U130/><E119/><V103/><F103/><W13/><G114/><T39/><D135/><U21/><E21/><V67/><F40/><W37/><G37/><T28/><D109/><U91/><E41/><V64/><F19/><W85/><G13/><T110/><D110/><U35/><E48/><V49/><F49/><W134/><G134/><T118/><D118/><U108/><E108/><V133/><REACH who="2" step="1"/><F11/><REACH who="2" ten="250,250,240,250" step="2"/><W116/><G102/><T113/><D101/><U23/><E128/><V52/><F52/><W7/><G54/><T44/><D28/><U111/><E130/><V30/><F30/><W123/><G29/><T18/><D18/><U66/><E111/><V77/><F77/><W38/><G131/><T82/><D39/><U84/><E31/><V122/><F122/><W10/><G38/><T55/><D36/><U105/><E78/><V32/><F32/><W73/><G123/><T106/><D106/><U50/><E50/><V14/><F14/><W71/><G116/><T22/><D22/><U45/><E23/><V43/><F43/><W76/><G10/><T3/><D113/><U46/><E35/><V17/><F17/><W24/><G76/><N who="0" m="46407" /><D55/><U60/><E20/><V72/><F72/><W53/><G53/><T121/><D121/><U98/><E46/><V16/><F16/><W112/><G112/><T58/><N who="0" m="14336" /><DORA hai="51" /><T25/><D25/><U100/><E45/><V93/><F93/><W115/><G95/><N who="0" m="36395" /><D47/><U33/><E26/><V107/><F107/><W126/><G27/><T120/><D44/><U69/><E33/><V97/><F97/><RYUUKYOKU ba="0,1" sc="250,10,250,10,240,10,250,-30" hai0="3,4,9,120" hai1="60,61,62,66,69,83,84,91,98,99,100,104,105" hai2="1,2,5,6,64,67,68,70,88,90,125,132,133" /><INIT seed="0,1,1,3,4,60" ten="260,260,250,220" oya="0" hai0="96,85,32,89,129,9,5,24,11,6,80,21,84" hai1="74,101,18,4,104,109,59,88,127,8,111,57,128" hai2="114,107,64,49,94,126,1,63,92,83,75,2,55" hai3="122,50,43,26,99,135,106,108,16,13,98,47,14"/><T38/><D129/><U36/><E74/><V73/><F107/><W70/><G70/><T53/><D32/><U19/><E36/><V35/><F35/><W54/><G108/><N who="1" m="41546" /><E128/><V62/><F114/><W81/><G135/><T130/><D38/><U125/><E101/><V7/><F83/><W23/><G122/><T69/><D69/><U29/><E104/><V56/><F7/><N who="0" m="2570" /><D130/><U0/><E88/><V61/><F126/><N who="1" m="48137" /><E59/><V58/><F73/><W15/><G106/><T28/><D96/><N who="3" m="36905" /><G81/><N who="0" m="49295" /><D53/><AGARI ba="1,1" hai="13,14,15,16,23,26,43,47,50,53,54" m="36905" machi="53" ten="30,2000,0" yaku="8,1,54,1" doraHai="60" who="3" fromWho="0" sc="260,-23,260,0,250,0,220,33" /><INIT seed="1,0,0,2,0,16" ten="237,260,250,253" oya="1" hai0="13,99,116,106,2,68,79,47,19,74,46,33,9" hai1="52,100,88,75,30,92,131,127,27,8,57,94,21" hai2="111,44,63,93,54,6,51,105,41,53,58,45,40" hai3="117,96,85,89,124,5,112,98,83,70,1,119,65"/><U135/><E75/><V66/><F105/><W67/><G112/><T80/><D116/><N who="3" m="44617" /><G124/><T32/><D68/><U55/><E127/><V123/><F6/><W132/><G132/><T95/><D106/><U7/><E135/><V56/><F93/><W125/><G125/><T76/><D76/><U108/><E131/><V134/><F134/><W38/><G38/><T91/><REACH who="0" step="1"/><D2/><REACH who="0" ten="227,260,250,253" step="2"/><U128/><E128/><V109/><F123/><W86/><G70/><T20/><D20/><U31/><E108/><N who="2" m="41547" /><F58/><W42/><G1/><T34/><AGARI ba="0,1" hai="9,13,19,32,33,34,46,47,74,79,80,91,95,99" machi="34" ten="30,2000,0" yaku="1,1,0,1,53,0" doraHai="16" doraHaiUra="115" who="0" fromWho="0" sc="227,30,260,-10,250,-5,253,-5" /><INIT seed="2,0,0,3,5,103" ten="257,250,245,248" oya="2" hai0="7,37,61,9,129,52,27,119,96,69,10,78,118" hai1="102,44,92,82,93,100,43,42,28,62,32,36,21" hai2="133,3,39,49,80,104,73,15,89,6,134,94,117" hai3="64,72,12,90,79,67,101,13,70,20,60,25,110"/><V106/><F39/><W105/><G110/><T57/><D37/><U2/><E32/><V45/><F3/><W1/><G1/><T135/><D135/><N who="2" m="51722" /><F117/><N who="0" m="44554" /><D129/><U4/><E43/><N who="2" m="24767" /><F6/><W22/><G67/><N who="0" m="41199" /><D78/><U26/><E4/><V31/><F15/><W124/><G124/><T132/><D132/><U120/><E2/><V66/><F66/><W48/><G13/><T76/><D76/><U95/><E120/><V58/><F58/><W17/><G48/><N who="0" m="30855" /><D7/><U113/><E113/><V5/><F5/><W71/><G79/><T112/><D112/><U41/><E41/><V128/><F128/><W107/><G72/><T127/><D127/><U54/><E42/><V98/><F31/><W33/><G71/><T126/><D126/><U99/><E28/><V88/><F73/><W84/><G33/><T47/><D47/><U40/><E44/><V131/><F131/><W63/><G63/><T108/><D108/><U122/><E62/><V30/><F30/><W50/><G50/><T68/><D27/><U51/><E26/><V35/><F35/><W116/><G116/><T56/><D56/><U14/><E36/><V115/><F115/><W23/><G25/><T29/><D29/><U19/><E51/><V18/><F18/><W46/><G46/><T121/><D121/><U16/><E19/><V65/><F65/><W11/><REACH who="3" step="1"/><G101/><REACH who="3" ten="257,250,245,238" step="2"/><T8/><D68/><U130/><E130/><V109/><F109/><W38/><G38/><T114/><D114/><U83/><E122/><V123/><F123/><W34/><G34/><T125/><D125/><U59/><E14/><V24/><F24/><RYUUKYOKU ba="0,1" sc="257,10,250,-30,245,10,238,10" hai0="8,9,10,96" hai2="80,88,89,94,98,104,106" hai3="11,12,17,20,22,23,60,64,70,84,90,105,107" /><INIT seed="2,1,1,5,5,11" ten="267,220,255,248" oya="2" hai0="130,89,116,118,32,3,4,131,77,82,134,114,66" hai1="43,24,79,78,112,41,67,20,100,84,93,96,23" hai2="28,35,85,40,21,30,106,31,135,45,42,10,73" hai3="88,50,25,38,8,9,18,26,81,133,60,63,104"/><V109/><F73/><W76/><G38/><T48/><D32/><U1/><E1/><V105/><F35/><W19/><G104/><T120/><D66/><U98/><E112/><V86/><F10/><N who="3" m="4203" /><G76/><T0/><D4/><U37/><E67/><V122/><F122/><W12/><G133/><T74/><D134/><U52/><E20/><V57/><F135/><W39/><G50/><T61/><D61/><N who="3" m="23625" /><G39/><T51/><D114/><U107/><E37/><V29/><F106/><W7/><G7/><T15/><D120/><U69/><E69/><V127/><F105/><W83/><G12/><T103/><D15/><U2/><E2/><N who="0" m="553" /><D89/><U91/><E79/><V13/><F13/><W54/><G54/><T108/><D103/><U70/><E70/><V92/><F45/><W44/><G44/><T110/><D51/><U111/><E52/><V121/><F121/><W62/><G62/><T14/><D14/><U102/><E78/><V72/><F72/><W124/><G124/><T64/><D48/><U117/><E43/><V97/><F127/><W90/><G90/><T59/><D64/><U16/><E41/><V99/><F40/><W87/><G83/><T34/><D59/><U126/><E126/><V128/><F57/><W123/><G123/><T113/><D34/><U101/><E101/><V49/><F42/><W17/><AGARI ba="1,1" hai="17,18,19,25,26,81,87,88" m="23625,4203" machi="17" ten="30,2000,0" yaku="8,1,54,1" doraHai="11" who="3" fromWho="3" sc="267,-6,220,-6,255,-11,248,33" /><INIT seed="3,0,0,5,5,9" ten="261,214,244,281" oya="3" hai0="85,6,127,60,116,83,26,71,102,75,55,18,113" hai1="119,31,39,111,123,56,29,53,61,110,106,121,82" hai2="89,41,87,88,101,126,2,74,128,105,80,49,134" hai3="73,114,90,125,62,103,67,8,48,33,34,57,30"/><W36/><G36/><T16/><D116/><U91/><E106/><V120/><F2/><W117/><G117/><T7/><D75/><U100/><E100/><V95/><F134/><W86/><G73/><T14/><D102/><U118/><E39/><V13/><F128/><W54/><G114/><T84/><D127/><U131/><E131/><V50/><F126/><W44/><G125/><T66/><D113/><U104/><E104/><V108/><F108/><N who="1" m="41513" /><E31/><V15/><F120/><N who="1" m="46153" /><E29/><V11/><F41/><W135/><G135/><T42/><D42/><U107/><E107/><V40/><F40/><W97/><G30/><T115/><D115/><U109/><E109/><V21/><F105/><W43/><G34/><T47/><D26/><U68/><E68/><V81/><F101/><W69/><G33/><T28/><D18/><U4/><E4/><N who="2" m="3303" /><F74/><W19/><G69/><T96/><D28/><U23/><E23/><V51/><F89/><W64/><G103/><T129/><D129/><U122/><E122/><V12/><F21/><W132/><G132/><T45/><D7/><U79/><E91/><N who="2" m="51687" /><F81/><N who="3" m="49487" /><G97/><AGARI ba="0,0" hai="12,15,49,50,51,88,95,97" m="51687,3303" machi="97" ten="30,8000,1" yaku="8,1,52,3,54,1" doraHai="9" who="2" fromWho="3" sc="261,0,214,0,244,80,281,-80" /><INIT seed="4,0,0,4,0,111" ten="261,214,324,201" oya="0" hai0="0,85,97,45,29,67,27,54,65,81,127,74,51" hai1="78,40,69,123,110,8,58,15,119,129,76,61,75" hai2="86,12,38,105,64,39,7,18,71,135,60,77,91" hai3="73,92,34,112,99,106,2,20,46,63,13,42,132"/><T128/><D128/><U49/><E119/><V107/><F77/><W121/><G34/><T3/><D127/><U57/><E110/><V1/><F7/><W11/><G73/><T96/><D74/><U31/><E129/><V10/><F1/><W122/><G106/><T19/><D0/><U22/><E69/><V17/><F135/><W83/><G83/><T44/><D3/><U115/><E123/><N who="3" m="47114" /><G2/><T98/><D44/><U26/><E75/><V88/><F105/><W103/><G63/><T28/><D19/><U6/><E115/><V5/><F107/><W9/><G132/><T90/><REACH who="0" step="1"/><D28/><REACH who="0" ten="251,214,324,201" step="2"/><U134/><E134/><V100/><F18/><N who="3" m="10319" /><G112/><T101/><D101/><U14/><E31/><V126/><F100/><W130/><G130/><T80/><D80/><U93/><E6/><V84/><F5/><W125/><G125/><T113/><D113/><U104/><E8/><V55/><F126/><W47/><G47/><T109/><D109/><U24/><E40/><V37/><F17/><W66/><G11/><T95/><D95/><U23/><E93/><V72/><F72/><W59/><G9/><T68/><D68/><U53/><E104/><V70/><F70/><W108/><G108/><T82/><D82/><U33/><E15/><V32/><F12/><W120/><G120/><T114/><D114/><U116/><E14/><V87/><F10/><W94/><G94/><T43/><D43/><U118/><E118/><V21/><F71/><W35/><G46/><T79/><D79/><U16/><E116/><V56/><F91/><W89/><G89/><T62/><D62/><RYUUKYOKU ba="0,1" sc="251,30,214,-10,324,-10,201,-10" hai0="27,29,45,51,54,65,67,81,85,90,96,97,98" /><INIT seed="4,1,1,5,0,24" ten="281,204,314,191" oya="0" hai0="103,112,13,93,95,53,25,27,116,47,113,20,40" hai1="107,22,79,66,106,67,31,28,34,125,11,101,35" hai2="16,130,32,12,68,91,45,8,97,126,108,110,99" hai3="19,132,70,86,60,2,102,90,26,123,96,85,83"/><T21/><D116/><U58/><E125/><V57/><F68/><W30/><G2/><T81/><D81/><U78/><E11/><V59/><F32/><W52/><G132/><T4/><D53/><U36/><E22/><V80/><F130/><W39/><G39/><T118/><D118/><U69/><E58/><V63/><F110/><W87/><G19/><T42/><D4/><U117/><E117/><V50/><F59/><N who="3" m="34919" /><G70/><T129/><D13/><U29/><E36/><V51/><F51/><W55/><G55/><T5/><D5/><U64/><E69/><V98/><F108/><W77/><G123/><T114/><D129/><U124/><E124/><V105/><F105/><N who="1" m="39945" /><E101/><V54/><F126/><W100/><G100/><T75/><D103/><U82/><E82/><V111/><F111/><W133/><G102/><T48/><D42/><U76/><AGARI ba="1,1" hai="28,29,31,34,35,64,66,67,76,78,79" m="39945" machi="76" ten="40,12000,2" yaku="29,2,28,2,52,3" doraHai="24" who="1" fromWho="1" sc="281,-61,204,133,314,-31,191,-31" /><INIT seed="5,0,0,4,0,59" ten="220,337,283,160" oya="1" hai0="5,7,68,121,100,72,31,49,65,27,23,135,47" hai1="28,115,70,96,131,93,43,35,14,113,118,15,40" hai2="97,57,36,117,125,25,4,51,107,67,56,3,52" hai3="83,69,13,120,132,2,101,108,77,124,91,126,104"/><U12/><E118/><V106/><F117/><W133/><G2/><T82/><D135/><N who="3" m="51785" /><G69/><T16/><D121/><U19/><E19/><V99/><F36/><W105/><G13/><T88/><D100/><U94/><E70/><V102/><F25/><W8/><G8/><T84/><D72/><U17/><E17/><V95/><F125/><N who="3" m="48235" /><G120/><T98/><D98/><U90/><E15/><V34/><F97/><N who="3" m="61487" /><G105/><T60/><D31/><U39/><E14/><V6/><F3/><W29/><G29/><T79/><D79/><U116/><E12/><V58/><F106/><W42/><G42/><AGARI ba="0,0" hai="5,7,16,23,27,42,47,49,60,65,68,82,84,88" machi="42" ten="30,7700,0" yaku="7,1,52,1,54,2" doraHai="59" who="0" fromWho="3" sc="220,77,337,0,283,0,160,-77" /><INIT seed="6,0,0,5,1,100" ten="297,337,283,83" oya="2" hai0="90,8,10,120,116,129,111,73,113,122,37,76,47" hai1="123,31,20,92,115,38,23,30,83,16,7,24,17" hai2="93,46,59,22,33,82,132,125,79,80,49,126,97" hai3="67,64,1,96,44,6,95,39,118,124,19,63,72"/><V15/><F33/><W66/><G118/><T69/><D90/><U71/><E71/><V14/><F59/><W101/><G124/><N who="2" m="47721" /><F22/><W27/><G72/><T48/><D10/><U68/><E68/><V2/><F2/><W34/><G6/><T43/><D8/><U88/><E38/><V13/><F132/><W25/><G1/><T99/><D111/><U55/><E7/><V61/><F61/><W102/><G102/><T62/><D99/><U36/><E36/><V104/><F104/><W28/><G27/><T78/><D113/><U0/><E0/><V12/><F12/><W108/><G108/><T114/><D114/><U119/><E115/><V107/><F107/><W52/><G19/><T54/><D129/><U41/><E119/><V128/><F79/><W60/><REACH who="3" step="1"/><G39/><REACH who="3" ten="297,337,283,73" step="2"/><T77/><D116/><U74/><E17/><V4/><F4/><W18/><G18/><T134/><D73/><U98/><E74/><V106/><F14/><W81/><G81/><T45/><D134/><U9/><E83/><V112/><F80/><W130/><G130/><T65/><AGARI ba="0,1" hai="37,43,45,47,48,54,62,65,69,76,77,78,120,122" machi="65" ten="30,1100,0" yaku="0,1" doraHai="100" who="0" fromWho="0" sc="297,21,337,-3,283,-5,73,-3" /><INIT seed="7,0,0,2,5,127" ten="318,334,278,70" oya="3" hai0="105,94,72,125,71,21,56,34,22,106,76,116,102" hai1="12,63,130,109,39,61,17,74,78,93,24,113,41" hai2="73,131,31,62,123,89,126,9,107,70,10,117,0" hai3="46,129,65,69,104,33,43,53,121,66,90,36,57"/><W44/><G104/><T23/><D71/><U91/><E109/><V110/><RYUUKYOKU type="yao9" ba="0,0" sc="318,0,334,0,278,0,70,0" hai2="0,9,10,31,62,70,73,89,107,110,117,123,126,131" /><INIT seed="7,1,0,2,3,96" ten="318,334,278,70" oya="3" hai0="41,92,24,49,21,42,114,109,37,111,129,33,133" hai1="79,9,48,131,47,130,7,30,128,26,80,78,45" hai2="4,132,106,20,101,23,63,81,3,126,117,6,31" hai3="135,89,25,75,52,99,38,5,10,76,44,91,19"/><W51/><G135/><T14/><D37/><U134/><E134/><V1/><F117/><W2/><G38/><T50/><D133/><U66/><E66/><V119/><F119/><W88/><G99/><T35/><D129/><U16/><E16/><V77/><F63/><W46/><G46/><N who="1" m="17418" /><E48/><N who="0" m="18537" /><D35/><N who="1" m="20951" /><E80/><V36/><F126/><W54/><G54/><T56/><D114/><U97/><E97/><V55/><F55/><W90/><N who="3" m="22528" /><DORA hai="121" /><W32/><G32/><T12/><D33/><U113/><E113/><V17/><F101/><W69/><G69/><T98/><D56/><U29/><E29/><V71/><F106/><W108/><G108/><T127/><D127/><U43/><E43/><N who="0" m="16393" /><D111/><U103/><E103/><V53/><F53/><W57/><G57/><T94/><D109/><U85/><E85/><V59/><F71/><W74/><REACH who="3" step="1"/><G76/><REACH who="3" ten="318,334,278,60" step="2"/><T82/><D98/><U87/><E87/><V93/><F132/><W18/><G18/><T100/><D100/><U105/><E105/><V64/><F36/><W8/><G8/><T104/><D104/><U70/><E70/><V62/><F17/><W58/><G58/><T110/><D110/><U60/><E60/><V123/><F62/><W124/><G124/><T11/><D92/><U116/><E116/><V95/><F77/><W28/><G28/><T65/><D94/><U115/><E115/><V112/><F31/><W73/><G73/><T34/><D34/><U0/><AGARI ba="1,1" hai="0,7,9,78,79,128,130,131" m="20951,17418" machi="0" ten="40,1500,0" yaku="19,1" doraHai="96,121" who="1" fromWho="1" sc="318,-5,334,28,278,-5,60,-8" owari="313,11.0,362,47.0,273,-13.0,52,-45.0" /></mjloggm>