<mjloggm ver="2.3"><GO type="97" lobby="0"/><UN n0="%E9%80%B1%E5%88%8A%E3%82%A8%E3%82%B9%E3%83%86" n1="%E6%98%9F%E5%A5%88" n2="%E5%B0%B1%E6%B4%BB%E7%94%9F%40%E5%B7%9D%E6%9D%91%E8%BB%8D%E5%9B%A3" n3="%6D%61%73%6F%70%70%75" dan="14,13,15,13" rate="1925.53,1873.98,2009.60,1893.76" sx="M,F,M,M"/><TAIKYOKU oya="0"/><INIT seed="0,0,0,5,4,121" ten="250,250,250,250" oya="0" hai0="54,134,58,30,94,123,131,4,90,124,28,55,52" hai1="53,109,132,66,1,39,56,110,114,111,78,0,93" hai2="118,12,86,85,59,122,126,64,96,89,62,43,81" hai3="102,42,17,61,18,16,113,65,10,2,46,76,13"/><T72/><D72/><U50/><E39/><V84/><F122/><W24/><G113/><T97/><D123/><U129/><E114/><V82/><F118/><W15/><G2/><N who="1" m="1130" /><E132/><V27/><F126/><W125/><G125/><T115/><D115/><U41/><E129/><V49/><F27/><W67/><G102/><T69/><D69/><U14/><E78/><V20/><F20/><W92/><G76/><T116/><D116/><U31/><E31/><N who="0" m="11817" /><D124/><U133/><E133/><V108/><F108/><W120/><G24/><T6/><D131/><U60/><E93/><N who="2" m="56367" /><F12/><W47/><G120/><T7/><D134/><U44/><E14/><V48/><F48/><AGARI ba="0,0" hai="4,6,7,48,52,54,55,58,90,94,97" m="11817" machi="48" ten="30,2900,0" yaku="8,1,54,1" doraHai="121" who="0" fromWho="2" sc="250,29,250,0,250,-29,250,0" /><INIT seed="0,1,0,2,1,97" ten="279,250,221,250" oya="0" hai0="113,43,45,114,17,63,117,24,81,15,74,106,102" hai1="94,47,85,120,125,124,93,12,132,34,53,112,126" hai2="128,31,30,86,64,51,71,61,96,109,111,76,83" hai3="87,37,130,6,11,3,20,95,118,9,21,110,56"/><T77/><D117/><U36/><E34/><V25/><F128/><W122/><G110/><N who="2" m="41993" /><F25/><W103/><G130/><T99/><D24/><U46/><E120/><V18/><F18/><W100/><G122/><T131/><D63/><U29/><E132/><V70/><F70/><W98/><G37/><T32/><D32/><U133/><E133/><V14/><F14/><W75/><G118/><T48/><REACH who="0" step="1"/><D131/><REACH who="0" ten="269,250,221,250" step="2"/><U104/><E112/><V27/><F27/><W66/><G75/><T40/><D40/><U57/><E126/><V44/><F96/><W22/><G3/><T89/><D89/><U84/><E125/><V92/><F92/><W10/><G6/><T79/><D79/><U90/><E94/><V26/><F26/><W50/><G87/><T119/><D119/><U123/><E85/><V1/><F1/><W116/><G116/><T101/><D101/><U35/><E93/><V42/><AGARI ba="1,1" hai="30,31,42,44,51,61,64,71,76,83,86" m="41993" machi="42" ten="30,1100,0" yaku="14,1" doraHai="97" who="2" fromWho="2" sc="269,-6,250,-4,221,24,250,-4" /><INIT seed="1,0,0,2,3,115" ten="263,246,245,246" oya="1" hai0="6,28,1,72,57,65,53,29,67,8,134,129,70" hai1="110,106,119,3,135,120,17,30,40,45,78,35,81" hai2="31,83,36,71,25,103,4,80,26,13,118,100,108" hai3="52,19,85,122,37,56,41,128,109,123,44,2,121"/><U34/><E119/><V75/><F71/><W92/><G2/><T54/><D72/><U68/><E120/><V99/><F36/><W84/><G109/><T21/><D134/><U63/><E3/><V95/><F108/><W124/><G128/><T132/><D129/><U73/><E106/><V15/><F118/><W27/><G124/><T112/><D132/><U38/><E135/><V22/><F75/><W97/><G19/><T39/><D39/><U90/><E110/><V32/><F103/><W114/><G27/><T10/><D112/><U82/><E17/><V93/><F93/><W59/><G114/><T89/><D54/><U64/><REACH who="1" step="1"/><E30/><REACH who="1" ten="263,236,245,246" step="2"/><V48/><F4/><W42/><G123/><T130/><D130/><U20/><E20/><V133/><F22/><W117/><G122/><T96/><D21/><U116/><E116/><V127/><F31/><W47/><G117/><T60/><D10/><U12/><E12/><V105/><F13/><W87/><G121/><T111/><D111/><U107/><E107/><V50/><F15/><W94/><G94/><T113/><D113/><U9/><E9/><V88/><F105/><W125/><G125/><T43/><D29/><U5/><E5/><V77/><F127/><W69/><G92/><T86/><D28/><U16/><E16/><V91/><F133/><W14/><G14/><T76/><D8/><U131/><E131/><V102/><F32/><W74/><G37/><T126/><D126/><U46/><E46/><V51/><F95/><W18/><G47/><T24/><D6/><U58/><E58/><N who="3" m="22058" /><G44/><T23/><D1/><RYUUKYOKU ba="0,1" sc="263,-10,236,30,245,-10,246,-10" hai1="34,35,38,40,45,63,64,68,73,78,81,82,90" /><INIT seed="1,1,1,4,2,94" ten="253,266,235,236" oya="1" hai0="5,100,84,111,90,9,118,32,110,59,123,22,76" hai1="81,58,7,96,106,15,26,51,23,28,63,119,104" hai2="13,29,95,134,93,87,80,121,37,30,44,50,27" hai3="24,108,128,70,113,31,57,16,109,131,49,56,25"/><U17/><E119/><V0/><F0/><W89/><G113/><T54/><D32/><U77/><E51/><V135/><F37/><W116/><G70/><T38/><D76/><U19/><E106/><V82/><F121/><W53/><G116/><T83/><D38/><U124/><E124/><V73/><F73/><W101/><G101/><T74/><D118/><U33/><E104/><V52/><F13/><W36/><G36/><T45/><D74/><U65/><E19/><V112/><F112/><W117/><G117/><T64/><D22/><U91/><E91/><N who="2" m="51687" /><F82/><W133/><G133/><N who="2" m="50697" /><F29/><W126/><G126/><T11/><D9/><U75/><E7/><V60/><F60/><W99/><G56/><T105/><D45/><U6/><E6/><V39/><F39/><W42/><G42/><T85/><D64/><U129/><E129/><N who="3" m="49738" /><G31/><T130/><D123/><U102/><E102/><V8/><F8/><W125/><G125/><T20/><D85/><U4/><E4/><V132/><N who="2" m="50705" /><V88/><DORA hai="55" /><F88/><W43/><G43/><T47/><D47/><U3/><E3/><V41/><F41/><W114/><G114/><T97/><D130/><U72/><E75/><V68/><F68/><W12/><G109/><T34/><D34/><AGARI ba="1,1" hai="27,30,34,44,50,52,93,95" m="50705,51687" machi="34" ten="40,2600,0" yaku="20,1,54,1" doraHai="94,55" who="2" fromWho="0" sc="253,-29,266,0,235,39,236,0" /><INIT seed="2,0,0,5,1,57" ten="224,266,274,236" oya="2" hai0="40,80,108,8,34,93,107,124,4,81,102,27,122" hai1="11,87,53,101,135,125,25,49,19,83,95,2,131" hai2="65,43,28,120,119,13,41,55,12,97,38,32,76" hai3="71,98,90,121,7,82,23,92,42,31,5,48,14"/><V62/><F119/><W15/><G121/><T113/><D122/><U45/><E125/><V54/><F120/><W64/><G71/><T99/><D113/><U30/><E135/><V94/><F76/><W68/><G68/><T17/><D124/><U78/><E131/><V88/><F32/><W72/><G64/><T52/><D108/><U58/><E2/><V128/><F28/><W84/><G72/><T60/><D40/><N who="2" m="15434" /><F38/><W79/><G31/><T103/><D107/><U114/><E114/><V69/><F69/><W44/><G5/><T86/><D103/><U112/><E112/><V6/><F128/><W51/><G51/><T3/><D86/><U127/><E127/><V46/><F6/><W35/><G35/><T18/><D34/><U117/><E117/><V77/><F77/><W50/><G50/><T61/><D18/><U91/><E30/><V110/><F110/><W39/><G39/><T126/><D126/><U89/><E45/><V105/><F105/><W37/><G37/><T130/><D130/><U20/><E11/><V74/><F74/><W56/><G56/><T109/><D109/><U100/><E89/><V33/><F33/><W67/><G67/><T133/><D133/><U66/><E66/><V134/><F134/><W63/><G7/><T22/><D61/><U29/><E29/><V10/><F65/><W0/><G0/><T16/><REACH who="0" step="1"/><D17/><REACH who="0" ten="214,266,274,236" step="2"/><U26/><REACH who="1" step="1"/><E26/><REACH who="1" ten="214,256,274,236" step="2"/><V96/><F96/><AGARI ba="0,2" hai="19,20,25,49,53,58,78,83,87,91,95,96,100,101" machi="96" ten="30,7700,0" yaku="1,1,2,1,7,1,8,1,53,0" doraHai="57" doraHaiUra="132" who="1" fromWho="2" sc="214,0,256,97,274,-77,236,0" /><INIT seed="3,0,0,2,1,70" ten="214,353,197,236" oya="3" hai0="2,126,16,30,43,98,6,134,95,107,115,79,14" hai1="0,34,118,25,5,41,8,96,75,47,52,81,10" hai2="9,15,42,119,123,90,97,61,23,17,74,87,129" hai3="45,58,3,127,60,7,76,101,59,80,32,77,124"/><W105/><G32/><T99/><D115/><U117/><E96/><V37/><F74/><W104/><G3/><T24/><D134/><U20/><E10/><V21/><F119/><W82/><G7/><T68/><D68/><U54/><E34/><V85/><F123/><W130/><G45/><T62/><D126/><N who="3" m="48169" /><G60/><T116/><D116/><N who="1" m="44651" /><E81/><N who="3" m="31338" /><G101/><T18/><D79/><N who="3" m="30281" /><G130/><T111/><D111/><U93/><E75/><V64/><F129/><W84/><G84/><T94/><D107/><AGARI ba="0,0" hai="58,59,104,105,107" m="30281,31338,48169" machi="107" ten="40,7700,0" yaku="28,2,18,1" doraHai="70" who="3" fromWho="0" sc="214,-77,353,0,197,0,236,77" /><INIT seed="3,1,0,1,1,17" ten="137,353,197,313" oya="3" hai0="13,41,119,81,112,4,10,109,37,132,111,57,39" hai1="120,135,127,63,28,29,44,62,124,31,49,43,3" hai2="64,24,101,115,2,117,54,71,36,133,34,38,30" hai3="22,65,130,53,84,16,26,45,70,19,76,52,110"/><W80/><G130/><T56/><D119/><U23/><E120/><V14/><F2/><W15/><G110/><T128/><D112/><U69/><E3/><V75/><F75/><W5/><G5/><T77/><D128/><U88/><E135/><V104/><F133/><W20/><G70/><T79/><D132/><U74/><E74/><V82/><F115/><W18/><G65/><T33/><D33/><U9/><E9/><V116/><F54/><N who="3" m="21099" /><G45/><T8/><D41/><U51/><E51/><V96/><F14/><W105/><G105/><T134/><D13/><U11/><E11/><V61/><F82/><W113/><G113/><T118/><D134/><U59/><E69/><V93/><F93/><W90/><G18/><T55/><D118/><AGARI ba="1,0" hai="24,30,34,36,38,61,64,71,96,101,104,116,117,118" machi="118" ten="40,8000,1" yaku="25,2,23,2" doraHai="17" who="2" fromWho="0" sc="137,-83,353,0,197,83,313,0" owari="54,-45.0,353,46.0,280,-12.0,313,11.0" /></mjloggm>