<mjloggm ver="2.3"><GO type="97" lobby="0"/><UN n0="%E3%81%BF%E3%82%8F%E3%81%8F%E3%83%91%E3%83%91" n1="%66%72%65%65%30" n2="%E5%B0%B1%E6%B4%BB%E7%94%9F%40%E5%B7%9D%E6%9D%91%E8%BB%8D%E5%9B%A3" n3="%65%62%61%6E" dan="13,14,15,13" rate="1869.87,1898.95,2007.19,1851.23" sx="M,M,M,M"/><TAIKYOKU oya="0"/><INIT seed="0,0,0,0,1,125" ten="250,250,250,250" oya="0" hai0="65,76,123,101,115,79,63,0,44,35,99,23,124" hai1="27,98,92,51,7,105,22,31,55,84,53,38,1" hai2="127,20,40,110,111,36,87,29,34,21,43,69,52" hai3="128,6,3,109,106,57,82,32,130,90,46,8,94"/><T132/><D115/><U14/><E38/><V116/><F69/><W122/><G122/><T81/><D123/><U58/><E105/><V42/><F36/><W93/><G106/><T97/><D124/><U129/><E1/><V91/><F127/><W66/><G32/><T103/><D0/><U61/><E84/><V26/><F116/><W73/><G46/><T108/><D44/><U45/><E129/><N who="3" m="49770" /><G109/><N who="2" m="41481" /><F52/><W89/><G66/><T16/><D35/><U18/><E7/><V41/><N who="2" m="10752" /><DORA hai="56" /><V25/><F25/><W72/><G57/><T112/><D112/><U119/><E119/><V70/><F70/><W74/><G82/><AGARI ba="0,0" hai="20,21,26,29,34,82,87,91" m="10752,41481" machi="82" ten="40,1300,0" yaku="14,1" doraHai="125,56" who="2" fromWho="3" sc="250,0,250,0,250,13,250,-13" /><INIT seed="1,0,0,5,1,72" ten="250,250,263,237" oya="1" hai0="94,48,111,41,107,104,53,100,112,14,132,77,10" hai1="105,39,55,79,75,38,42,46,58,61,57,90,0" hai2="35,127,56,106,76,18,25,65,96,19,113,123,84" hai3="86,126,67,130,83,5,8,108,13,51,20,64,98"/><U54/><E105/><V29/><F123/><W43/><G126/><T40/><D112/><U1/><E90/><V45/><F113/><W116/><G130/><T2/><D111/><U102/><E102/><V15/><F127/><W109/><G108/><T110/><D110/><U69/><E0/><V31/><F31/><W33/><G109/><T21/><D2/><U34/><E1/><V16/><F45/><N who="3" m="26047" /><G33/><T68/><D68/><U37/><E34/><V101/><F56/><W133/><G116/><T22/><D107/><U118/><E79/><V89/><F65/><W125/><G133/><T28/><D104/><U85/><E85/><V44/><F44/><W32/><G32/><T11/><D132/><U71/><E75/><V59/><F59/><W135/><G125/><T7/><D77/><U119/><E119/><V117/><F117/><W24/><G98/><N who="0" m="59479" /><D11/><U70/><REACH who="1" step="1"/><E118/><REACH who="1" ten="250,240,263,237" step="2"/><V17/><F76/><N who="3" m="46439" /><G135/><T95/><D95/><U81/><E81/><V99/><F99/><W129/><G129/><T82/><D82/><U134/><E134/><V91/><F84/><W120/><G120/><T122/><D122/><U9/><E9/><V36/><F91/><W49/><G49/><AGARI ba="0,1" hai="37,38,39,42,46,49,54,55,57,58,61,69,70,71" machi="49" ten="40,18000,2" yaku="1,1,35,6,53,0" doraHai="72" doraHaiUra="93" who="1" fromWho="3" sc="250,0,240,190,263,0,237,-180" /><INIT seed="1,1,0,5,1,122" ten="250,430,263,57" oya="1" hai0="69,28,109,93,74,106,12,25,5,73,70,20,123" hai1="33,50,62,108,0,101,54,10,56,61,116,95,110" hai2="39,49,118,75,134,15,135,119,27,88,117,32,131" hai3="87,79,8,13,120,81,86,102,11,42,36,22,64"/><U21/><E33/><V111/><F39/><W85/><G120/><T40/><D123/><U31/><E116/><V57/><F75/><W112/><G112/><T115/><D115/><U48/><E48/><V96/><F131/><W45/><G64/><T68/><D106/><U130/><E130/><V92/><F15/><W29/><G102/><T37/><D93/><U121/><E121/><V66/><F111/><N who="1" m="42537" /><E0/><V65/><F49/><W104/><G104/><T126/><D109/><U16/><E10/><V63/><F66/><W1/><G1/><T89/><D89/><U3/><E31/><V60/><F60/><W103/><G103/><T34/><D126/><U78/><E78/><V52/><F65/><W127/><G127/><T133/><D133/><N who="2" m="50698" /><F27/><W132/><G132/><T124/><D124/><U80/><E80/><V99/><F32/><W41/><G41/><T72/><D20/><U24/><E3/><V84/><AGARI ba="1,0" hai="52,57,63,84,88,92,96,99,117,118,119" m="50698" machi="84" ten="40,5200,0" yaku="20,1,54,2" doraHai="122" who="2" fromWho="2" sc="250,-14,430,-27,263,55,57,-14" /><INIT seed="2,0,0,1,0,7" ten="236,403,318,43" oya="2" hai0="105,51,61,117,44,107,103,121,10,111,122,56,48" hai1="28,38,31,34,29,5,93,108,42,68,62,54,104" hai2="19,21,81,94,113,46,43,12,16,72,45,58,41" hai3="131,2,39,14,128,37,112,109,65,91,82,36,130"/><V135/><F113/><W95/><G2/><T67/><D111/><U106/><E5/><V13/><F135/><W85/><G109/><T73/><D73/><U6/><E93/><V92/><F72/><W78/><G112/><T30/><D30/><U1/><E108/><V110/><F110/><W8/><G65/><T97/><D107/><U87/><E87/><V129/><F129/><N who="3" m="33027" /><W84/><DORA hai="90" /><G14/><T49/><D117/><U26/><E54/><V101/><F81/><W123/><G123/><T50/><N who="0" m="12800" /><DORA hai="35" /><T100/><D100/><U25/><E6/><V96/><F58/><W118/><G118/><T88/><D44/><N who="2" m="17002" /><F92/><W102/><G102/><T22/><D22/><AGARI ba="0,0" hai="12,13,16,19,21,22,41,43,94,96,101" m="17002" machi="22" ten="30,5800,0" yaku="8,1,52,1,54,1" doraHai="7,90,35" who="2" fromWho="0" sc="236,-58,403,0,318,58,43,0" /><INIT seed="2,1,0,3,4,36" ten="178,403,376,43" oya="2" hai0="57,74,61,81,60,135,1,106,18,115,119,116,77" hai1="114,126,89,110,121,37,103,34,59,104,12,39,90" hai2="80,7,31,45,88,96,9,2,66,41,112,71,120" hai3="6,38,8,3,128,69,52,117,54,109,11,14,55"/><V67/><F120/><W123/><G117/><N who="0" m="45131" /><D106/><U98/><E114/><V40/><F112/><W63/><G123/><T83/><D1/><U99/><E121/><V100/><F31/><W79/><G79/><N who="0" m="44279" /><D115/><U111/><E34/><V73/><F71/><W76/><G76/><T82/><D135/><U95/><E126/><V24/><F24/><W129/><G38/><N who="1" m="14346" /><E59/><V91/><F45/><W122/><G122/><T134/><D134/><U13/><E90/><V28/><F28/><W131/><G69/><T93/><D77/><U56/><E56/><V101/><F91/><W25/><G25/><T85/><D18/><U87/><E99/><V50/><F73/><W97/><G97/><T127/><D127/><U20/><E20/><V42/><F50/><W22/><G22/><T44/><D44/><U64/><E64/><V29/><F29/><W118/><G118/><T51/><D51/><U108/><AGARI ba="1,0" hai="12,13,87,89,95,98,103,104,108,110,111" m="14346" machi="108" ten="40,1500,0" yaku="14,1" doraHai="36" who="1" fromWho="1" sc="178,-5,403,18,376,-8,43,-5" /><INIT seed="3,0,0,5,5,20" ten="173,421,368,38" oya="3" hai0="96,101,125,102,73,93,54,107,117,4,118,26,112" hai1="25,89,77,21,5,29,42,52,100,44,121,58,88" hai2="34,41,39,133,51,131,18,71,45,7,85,134,0" hai3="63,66,69,116,60,109,98,123,126,13,76,95,10"/><W68/><G116/><T59/><D4/><U57/><E121/><V47/><F34/><W65/><G123/><T129/><D73/><U87/><E5/><V61/><F0/><W130/><G130/><T2/><D2/><U6/><E6/><V3/><F3/><W9/><G126/><T81/><D129/><U56/><E100/><V24/><F7/><W48/><G109/><T19/><D125/><U23/><E23/><V135/><F131/><W128/><G128/><T11/><D112/><U37/><REACH who="1" step="1"/><E52/><REACH who="1" ten="173,411,368,38" step="2"/><N who="2" m="29807" /><F85/><W55/><G76/><T74/><D117/><U80/><AGARI ba="0,1" hai="21,25,29,37,42,44,56,57,58,77,80,87,88,89" machi="80" ten="30,7900,0" yaku="1,1,0,1,52,1,54,1,53,0" doraHai="20" doraHaiUra="104" who="1" fromWho="1" sc="173,-20,411,89,368,-20,38,-39" owari="153,-25.0,500,60.0,348,15.0,-1,-50.0" /></mjloggm>