<mjloggm ver="2.3"><GO type="41" lobby="0"/><UN n0="%E5%B0%B1%E6%B4%BB%E7%94%9F%40%E5%B7%9D%E6%9D%91%E8%BB%8D%E5%9B%A3" n1="%E9%BA%BB%E9%9B%80%E8%B6%85%E5%88%9D%E5%BF%83%E8%80%85" n2="%E3%81%91%E3%82%93%31%39%37%30" n3="%61%76%72%69%76%61%61%76" dan="16,13,15,14" rate="2124.37,1990.87,2008.04,1926.57" sx="M,M,M,F"/><TAIKYOKU oya="0"/><INIT seed="0,0,0,2,3,50" ten="250,250,250,250" oya="0" hai0="130,10,97,65,0,95,77,29,57,20,59,51,115" hai1="32,80,117,23,75,1,64,9,61,2,36,66,112" hai2="119,17,116,118,89,94,45,4,107,98,68,74,22" hai3="69,63,102,83,135,41,55,48,16,99,87,3,27"/><T21/><D115/><U79/><E117/><V73/><F68/><W67/><G135/><T53/><D130/><U113/><E36/><V54/><F4/><W81/><G3/><T131/><D131/><U104/><E104/><V58/><F45/><W121/><G121/><T70/><D70/><U72/><E72/><V31/><F31/><W11/><G41/><T5/><D77/><U76/><E76/><V93/><F93/><W43/><G43/><T133/><D133/><U105/><E105/><V49/><REACH who="2" step="1"/><F107/><REACH who="2" ten="250,250,240,250" step="2"/><W37/><G69/><T86/><D29/><U92/><E113/><V60/><F60/><W7/><G63/><T124/><D124/><U122/><E61/><V101/><F101/><W106/><G106/><T6/><D6/><U132/><E92/><V26/><AGARI ba="0,1" hai="17,22,26,49,54,58,73,74,89,94,98,116,118,119" machi="26" ten="30,7900,0" yaku="1,1,0,1,12,1,52,1,53,0" doraHai="50" doraHaiUra="96" who="2" fromWho="2" sc="250,-39,250,-20,240,89,250,-20" /><INIT seed="1,0,0,5,0,84" ten="211,230,329,230" oya="1" hai0="30,86,94,77,22,34,62,116,38,130,100,36,44" hai1="134,39,9,20,47,119,104,118,61,97,21,101,127" hai2="50,114,17,103,117,29,110,121,67,57,10,123,4" hai3="131,96,19,70,52,37,3,49,112,74,43,90,102"/><U98/><E134/><V33/><F117/><W14/><G112/><T60/><D34/><U27/><E127/><V68/><F114/><W15/><G131/><T51/><D116/><U115/><E115/><V120/><F17/><W26/><G70/><T7/><D130/><U16/><E9/><V75/><F57/><W91/><G74/><T113/><D113/><U8/><E8/><V24/><F50/><W1/><G37/><T59/><D7/><U109/><E109/><V88/><F75/><W35/><G43/><T122/><D122/><U79/><E79/><V106/><F110/><W2/><G26/><N who="0" m="16727" /><D38/><U31/><E61/><N who="0" m="23657" /><D59/><U105/><E47/><V63/><F88/><W28/><G28/><T56/><D56/><U46/><E46/><V128/><F128/><W18/><G35/><T129/><D129/><U81/><E81/><V89/><F89/><W76/><G76/><T92/><D36/><U111/><E111/><V69/><F69/><W58/><G15/><T66/><D66/><U5/><E5/><V83/><F83/><W42/><G42/><N who="0" m="24983" /><D100/><U124/><E124/><V45/><F45/><W53/><G53/><T108/><D108/><U126/><E126/><V55/><F55/><W23/><REACH who="3" step="1"/><G18/><REACH who="3" ten="211,230,329,220" step="2"/><T32/><D32/><U107/><E39/><V132/><F120/><W6/><G6/><T11/><D11/><U65/><E65/><V0/><F132/><W85/><G85/><T133/><D133/><U82/><E98/><AGARI ba="0,1" hai="0,4,10,24,29,33,63,67,68,98,103,106,121,123" machi="98" ten="40,8000,1" yaku="25,2,23,2" doraHai="84" who="2" fromWho="1" sc="211,0,230,-80,329,90,220,0" /><INIT seed="2,0,0,3,1,68" ten="211,150,419,220" oya="2" hai0="128,24,110,95,103,121,78,106,126,88,135,120,108" hai1="6,21,84,102,92,44,50,104,122,34,125,45,86" hai2="15,65,114,72,48,42,71,113,22,76,23,123,109" hai3="132,3,83,77,70,10,111,64,31,28,30,17,0"/><V62/><F123/><N who="0" m="47178" /><D24/><U61/><E122/><V32/><F32/><W18/><G64/><T105/><D126/><U116/><E125/><V91/><F72/><W67/><G67/><T115/><D115/><U90/><E104/><N who="0" m="40041" /><D128/><U46/><E116/><V25/><F76/><W19/><G70/><T69/><D69/><U7/><E34/><V27/><F15/><N who="3" m="7415" /><G77/><T127/><D127/><U85/><E102/><V112/><F91/><W55/><G55/><T94/><D135/><U133/><E133/><V80/><F80/><W47/><G47/><T39/><D39/><U52/><E61/><V51/><F42/><W131/><G83/><T129/><D78/><U4/><REACH who="1" step="1"/><E21/><REACH who="1" ten="211,140,419,220" step="2"/><V124/><F124/><W16/><G132/><T98/><D129/><U26/><E26/><V63/><F62/><W93/><G131/><T38/><D38/><U107/><E107/><V58/><F71/><W40/><G93/><T117/><D117/><U134/><E134/><V87/><F112/><W66/><G66/><T119/><D119/><U74/><E74/><V130/><F130/><W20/><G40/><T49/><D49/><U37/><E37/><V89/><F114/><W73/><G73/><T9/><D9/><U36/><E36/><V5/><F113/><W29/><G111/><N who="0" m="42539" /><D95/><U96/><AGARI ba="0,1" hai="4,6,7,44,45,46,50,52,84,85,86,90,92,96" machi="96" ten="30,7900,0" yaku="1,1,0,1,8,1,54,1,53,0" doraHai="68" doraHaiUra="54" who="1" fromWho="1" sc="211,-20,140,89,419,-39,220,-20" /><INIT seed="3,0,0,4,1,71" ten="191,229,380,200" oya="3" hai0="80,46,64,18,130,17,122,70,66,119,50,81,74" hai1="102,24,133,78,37,68,32,107,82,12,94,120,1" hai2="125,59,42,86,40,27,123,89,132,96,16,127,4" hai3="19,101,121,73,103,26,36,84,126,35,51,41,15"/><W113/><G113/><T117/><D70/><U54/><E120/><V20/><F123/><W91/><G121/><T129/><D122/><U48/><E68/><V97/><F4/><W92/><G126/><N who="2" m="48137" /><F59/><W39/><G73/><T60/><D60/><U108/><E107/><V7/><F7/><W93/><G51/><T47/><REACH who="0" step="1"/><D50/><REACH who="0" ten="181,229,380,200" step="2"/><U53/><E48/><V116/><F116/><W65/><G65/><T58/><D58/><U87/><E133/><V38/><F132/><W23/><G41/><T10/><D10/><U111/><E54/><V30/><F42/><W57/><G57/><T83/><D83/><U63/><E82/><N who="2" m="49367" /><F30/><W72/><G72/><AGARI ba="0,1" hai="17,18,46,47,64,66,72,74,80,81,117,119,129,130" machi="72" ten="25,8000,1" yaku="1,1,22,2,53,2" doraHai="71" doraHaiUra="105" who="0" fromWho="3" sc="181,90,229,0,380,0,200,-80" /><INIT seed="4,0,0,3,4,45" ten="271,229,380,120" oya="0" hai0="60,21,63,43,131,4,121,105,112,91,36,92,11" hai1="51,64,133,50,9,116,71,123,12,23,130,58,59" hai2="125,132,49,32,30,115,3,90,134,104,74,29,76" hai3="128,13,27,61,5,62,111,124,15,7,33,53,47"/><T126/><D105/><U28/><E123/><V20/><F3/><W1/><G47/><T102/><D121/><U85/><E116/><V73/><F32/><W40/><G40/><T24/><D102/><U100/><E71/><V68/><F68/><W75/><G75/><T17/><D112/><U106/><E106/><V103/><F115/><W88/><G128/><T41/><D131/><U67/><E130/><V97/><F90/><W31/><G124/><T119/><D126/><U78/><E100/><V109/><F109/><W18/><G53/><T72/><D72/><U81/><E133/><V118/><F74/><W129/><G129/><T44/><D43/><U89/><E78/><V99/><F99/><W127/><G127/><T114/><D114/><U117/><E23/><V87/><F87/><W16/><G88/><T42/><D41/><U57/><E28/><V35/><F35/><W108/><G62/><T48/><D36/><U77/><E77/><V38/><F38/><W110/><G61/><T26/><D26/><U39/><E117/><V107/><F118/><W70/><G70/><T86/><REACH who="0" step="1"/><D119/><REACH who="0" ten="261,229,380,120" step="2"/><U25/><E25/><V46/><F107/><W82/><G82/><T55/><D55/><U66/><REACH who="1" step="1"/><E39/><REACH who="1" ten="261,219,380,120" step="2"/><V37/><F37/><W52/><G52/><T10/><D10/><U54/><E54/><N who="2" m="30007" /><F125/><W79/><G79/><T34/><D34/><U69/><E69/><V14/><F76/><W8/><G1/><AGARI ba="0,2" hai="1,4,11,17,21,24,42,44,48,60,63,86,91,92" machi="1" ten="30,11600,0" yaku="1,1,7,1,52,1,53,1" doraHai="45" doraHaiUra="2" who="0" fromWho="3" sc="261,136,219,0,380,0,120,-116" /><INIT seed="4,1,0,4,2,65" ten="397,219,380,4" oya="0" hai0="93,5,31,43,128,112,124,61,44,86,87,105,2" hai1="118,33,27,133,53,79,134,115,19,111,78,90,22" hai2="89,68,57,117,94,14,7,51,129,41,66,104,59" hai3="0,71,30,122,96,99,113,80,119,10,132,9,28"/><T20/><D105/><U23/><E118/><V77/><F104/><W36/><G119/><T125/><D112/><U69/><E111/><V11/><F77/><W85/><G113/><T82/><D128/><U70/><E115/><V101/><F101/><W1/><G36/><T107/><D107/><U84/><E53/><V102/><F102/><W50/><G50/><T126/><D61/><U12/><E33/><V35/><F35/><W46/><G46/><T74/><D2/><U109/><E79/><V17/><F129/><W58/><G58/><T13/><D74/><U63/><E63/><V116/><F7/><W106/><G106/><T75/><D75/><U24/><E24/><V88/><F89/><W8/><G85/><T62/><D62/><U110/><E78/><V34/><F34/><W49/><G49/><N who="0" m="26783" /><D93/><N who="1" m="54471" /><E110/><V73/><F73/><W55/><G132/><N who="1" m="50794" /><E109/><V16/><F116/><W48/><G48/><T83/><D31/><AGARI ba="1,0" hai="12,19,22,23,27,31,69,70" m="50794,54471" machi="31" ten="30,3900,0" yaku="20,1,52,2" doraHai="65" who="1" fromWho="0" sc="397,-42,219,42,380,0,4,0" /><INIT seed="5,0,0,5,1,38" ten="355,261,380,4" oya="1" hai0="48,129,29,126,3,114,2,101,87,85,37,4,27" hai1="121,70,99,82,64,60,91,78,6,49,25,10,54" hai2="127,96,69,23,112,50,9,20,22,113,5,108,14" hai3="103,110,115,11,72,107,46,62,71,120,93,74,66"/><U122/><E25/><V105/><F69/><W79/><G93/><T17/><D37/><U75/><E91/><V65/><F65/><W26/><G110/><T57/><D114/><N who="2" m="44138" /><F108/><W89/><G115/><T56/><D126/><U117/><E99/><V63/><F63/><W81/><G120/><T51/><D129/><U53/><E53/><V15/><F50/><W125/><G125/><T19/><D101/><U21/><E21/><V80/><F127/><W94/><G11/><T77/><D77/><U34/><E34/><V35/><F80/><W45/><G26/><T52/><D4/><U12/><E117/><V43/><F43/><W33/><G33/><T24/><REACH who="0" step="1"/><D52/><REACH who="0" ten="345,261,380,4" step="2"/><U102/><REACH who="1" step="1"/><E102/><REACH who="1" ten="345,251,380,4" step="2"/><N who="2" m="62663" /><F35/><W7/><G7/><T84/><D84/><U92/><E92/><V55/><F55/><W39/><G74/><T131/><D131/><U31/><E31/><AGARI ba="0,2" hai="2,3,17,19,24,27,29,31,48,51,56,57,85,87" machi="31" ten="25,3200,0" yaku="1,1,22,2,53,0" doraHai="38" doraHaiUra="58" who="0" fromWho="1" sc="345,52,251,-32,380,0,4,0" /><INIT seed="6,0,0,0,0,0" ten="397,219,380,4" oya="2" hai0="27,30,10,89,63,90,34,127,59,44,46,81,53" hai1="56,78,36,72,108,62,55,100,104,13,8,31,64" hai2="6,125,82,134,117,98,29,103,97,75,99,83,91" hai3="110,85,77,19,5,126,119,17,28,52,123,39,88"/><V87/><F29/><W68/><G110/><T113/><D113/><U48/><E108/><V40/><F40/><W118/><G123/><T71/><D127/><U80/><E36/><V21/><F117/><W45/><G68/><T67/><D10/><U121/><E121/><V51/><F125/><W57/><G126/><T43/><D81/><U58/><E31/><V102/><F51/><W73/><G28/><T133/><D133/><U129/><E129/><V101/><F21/><W79/><G73/><T24/><D24/><U95/><E104/><V128/><F6/><W94/><G119/><T37/><REACH who="0" step="1"/><D46/><REACH who="0" ten="387,219,380,4" step="2"/><U115/><E115/><V107/><F134/><W84/><G118/><T130/><D130/><U12/><E8/><V20/><F128/><W32/><G32/><T132/><D132/><U74/><E74/><V25/><F25/><W86/><G45/><T116/><D116/><U49/><E72/><V124/><F124/><W42/><G39/><T131/><D131/><U23/><E80/><V93/><F20/><W96/><G42/><T7/><D7/><U69/><E23/><V26/><F26/><W114/><G114/><T54/><D54/><U41/><E55/><V61/><F61/><AGARI ba="0,1" hai="27,30,34,37,43,44,53,59,61,63,67,71,89,90" machi="61" ten="30,3900,0" yaku="1,1,7,1,53,1" doraHai="0" doraHaiUra="65" who="0" fromWho="2" sc="387,49,219,0,380,-39,4,0" /><INIT seed="7,0,0,4,5,64" ten="436,219,341,4" oya="3" hai0="73,49,47,3,78,21,10,23,43,75,115,132,40" hai1="41,66,76,105,120,67,135,129,63,5,85,83,36" hai2="128,6,107,103,90,16,50,8,80,27,25,100,125" hai3="4,96,130,106,39,119,131,117,94,29,87,93,88"/><W89/><G39/><T112/><D132/><U28/><E135/><V45/><F125/><W62/><G29/><T97/><D97/><U31/><E120/><V24/><F128/><N who="3" m="49195" /><G4/><N who="0" m="1311" /><D43/><U57/><E129/><V109/><F109/><W42/><G42/><T11/><D11/><U123/><E123/><V69/><F69/><W92/><G62/><T77/><D77/><U104/><E66/><V34/><F34/><W56/><G56/><T38/><D49/><U68/><E31/><V133/><F6/><W17/><G17/><T81/><D75/><U110/><E110/><V111/><F107/><W116/><G106/><T118/><D118/><U70/><E70/><V18/><F111/><W134/><G134/><T15/><D15/><U7/><E28/><V114/><F133/><W22/><G22/><AGARI ba="0,0" hai="21,22,23,38,40,47,73,78,81,112,115" m="1311" machi="22" ten="30,1000,0" yaku="25,1" doraHai="64" who="0" fromWho="3" sc="436,10,219,0,341,0,4,-10" owari="446,55.0,219,-18.0,341,14.0,-6,-51.0" /></mjloggm>