<mjloggm ver="2.3"><GO type="41" lobby="0"/><UN n0="%77%65%65%6E%79" n1="%E5%B0%B1%E6%B4%BB%E7%94%9F%40%E5%B7%9D%E6%9D%91%E8%BB%8D%E5%9B%A3" n2="%69%6D%61%67%69%6E" n3="%E3%83%A8%E3%82%B7%EF%BC%8A%E3%83%A8%E3%82%B7" dan="14,15,14,14" rate="1965.35,2045.12,1877.95,1871.71" sx="M,M,M,M"/><TAIKYOKU oya="0"/><INIT seed="0,0,0,0,3,0" ten="250,250,250,250" oya="0" hai0="31,39,91,60,43,64,27,115,56,92,125,45,130" hai1="110,83,46,59,11,128,98,75,108,41,97,107,71" hai2="73,14,18,12,20,113,51,85,13,135,5,10,9" hai3="42,78,68,30,67,72,88,26,35,129,15,134,24"/><T109/><D115/><U1/><E71/><V116/><F113/><W111/><G111/><N who="1" m="42538" /><E128/><V49/><F73/><W89/><G42/><T44/><D109/><U100/><E97/><V53/><F135/><W105/><G129/><T117/><D117/><U82/><E75/><V126/><F126/><W2/><G134/><T90/><D125/><U36/><E59/><V87/><F116/><W119/><G119/><T103/><D130/><U102/><E102/><V99/><F99/><W96/><G15/><T6/><D45/><U74/><E74/><V54/><F54/><W76/><G26/><T133/><D133/><U7/><AGARI ba="0,0" hai="1,7,11,36,41,46,82,83,98,100,107" m="42538" machi="7" ten="30,2000,0" yaku="14,1,52,1" doraHai="0" who="1" fromWho="1" sc="250,-10,250,20,250,-5,250,-5" /><INIT seed="1,0,0,3,1,109" ten="240,270,245,245" oya="1" hai0="117,98,23,120,19,111,6,21,107,37,132,110,9" hai1="31,84,113,44,20,47,4,91,59,82,119,99,114" hai2="54,55,124,43,50,1,49,94,2,102,35,61,11" hai3="78,81,7,64,121,70,131,12,56,69,104,14,58"/><U106/><E119/><V134/><F134/><W29/><G121/><T60/><D37/><U100/><E4/><V125/><F35/><W83/><G104/><T34/><D132/><U118/><E118/><V39/><F61/><W71/><G29/><T93/><D107/><U123/><E123/><V42/><F11/><W0/><G131/><T88/><D34/><U92/><E59/><V36/><REACH who="2" step="1"/><F94/><REACH who="2" ten="240,270,235,245" step="2"/><W108/><G108/><N who="0" m="41515" /><D117/><U116/><E116/><V25/><F25/><W3/><G64/><T68/><D120/><U53/><E106/><V26/><F26/><W74/><G83/><T112/><D60/><U77/><E20/><V51/><F51/><W79/><G79/><T129/><D129/><U65/><E65/><V63/><F63/><W33/><G33/><T40/><D68/><U15/><E77/><V75/><F75/><W52/><G58/><T30/><D23/><U46/><E31/><V18/><F18/><W76/><G76/><T135/><D135/><U72/><E72/><V95/><F95/><W115/><G115/><T28/><D112/><U89/><E53/><V10/><F10/><W96/><G7/><T41/><D30/><U5/><REACH who="1" step="1"/><E100/><AGARI ba="0,1" hai="1,2,36,39,42,43,49,50,54,55,100,102,124,125" machi="100" ten="25,3200,0" yaku="1,1,22,2,53,0" doraHai="109" doraHaiUra="24" who="2" fromWho="1" sc="240,0,270,-32,235,42,245,0" /><INIT seed="2,0,0,0,0,112" ten="240,238,277,245" oya="2" hai0="34,55,60,106,64,20,9,111,73,27,101,5,124" hai1="87,30,23,48,25,32,100,96,43,13,58,134,67" hai2="135,29,79,105,93,108,11,113,51,131,123,49,77" hai3="95,44,70,68,80,88,133,110,10,12,117,31,7"/><V81/><F105/><W18/><G31/><T66/><D73/><U126/><E126/><V107/><F107/><W120/><G120/><T46/><D34/><U98/><E134/><V6/><F113/><W14/><G110/><T85/><D111/><U39/><E39/><V78/><F108/><W53/><G133/><T127/><D101/><U119/><E119/><V3/><F135/><W99/><G80/><T74/><D74/><U76/><E43/><V17/><F123/><W71/><G44/><T62/><D106/><U28/><E96/><V65/><F65/><W21/><REACH who="3" step="1"/><G53/><REACH who="3" ten="240,238,277,235" step="2"/><T92/><D46/><U128/><E30/><V83/><F83/><W102/><G102/><T103/><D55/><U2/><E28/><V129/><F81/><W38/><G38/><T50/><D103/><U0/><E32/><V89/><F29/><W84/><G84/><T125/><D85/><U115/><E87/><V4/><F17/><W94/><G94/><T104/><D92/><U90/><E100/><V69/><F6/><W1/><G1/><N who="0" m="175" /><D104/><U91/><E2/><V16/><F4/><W33/><G33/><T36/><D64/><U42/><E0/><V41/><F3/><W8/><G8/><T54/><D66/><U82/><E67/><V97/><F11/><W121/><G121/><T56/><D36/><U116/><E115/><V47/><F47/><W114/><G114/><T122/><D122/><U75/><E82/><V63/><F93/><W57/><G57/><T118/><D118/><AGARI ba="0,1" hai="7,10,12,14,18,21,68,70,71,88,95,99,117,118" machi="118" ten="40,8000,1" yaku="1,1,52,2,54,1,53,0" doraHai="112" doraHaiUra="24" who="3" fromWho="0" sc="240,-80,238,0,277,0,235,90" /><INIT seed="3,0,0,0,3,99" ten="160,238,277,325" oya="3" hai0="72,128,134,132,35,4,124,79,106,123,118,70,41" hai1="2,96,23,40,45,107,117,56,17,131,5,126,14" hai2="52,57,49,18,7,38,9,47,108,97,101,87,0" hai3="102,75,80,84,111,115,26,88,30,32,66,125,15"/><W112/><G66/><T114/><RYUUKYOKU type="yao9" ba="0,0" sc="160,0,238,0,277,0,325,0" hai0="4,35,41,70,72,79,106,114,118,123,124,128,132,134" /><INIT seed="3,1,0,0,4,96" ten="160,238,277,325" oya="3" hai0="30,97,73,58,29,11,32,102,48,19,49,39,28" hai1="87,93,26,130,83,25,24,20,80,3,40,4,135" hai2="12,92,5,103,113,99,112,95,131,94,133,16,125" hai3="128,89,106,8,38,116,18,35,37,108,129,59,86"/><W132/><G35/><T81/><D39/><U126/><E130/><N who="3" m="50282" /><G116/><T52/><D32/><U78/><E126/><V70/><F131/><W47/><G59/><T101/><D49/><U68/><E135/><V55/><F125/><W62/><G62/><T2/><D97/><U91/><E68/><V61/><F133/><W51/><G132/><T1/><D1/><U123/><E123/><V43/><F43/><N who="3" m="25087" /><G106/><T88/><D2/><U7/><E40/><V82/><F82/><N who="3" m="49367" /><G108/><T74/><D74/><U0/><E20/><V41/><F41/><W79/><G79/><T10/><D73/><U53/><E53/><V60/><F60/><W120/><G120/><T75/><D75/><U85/><E0/><V17/><F5/><W14/><AGARI ba="1,0" hai="8,14,18,37,38" m="49367,25087,50282" machi="14" ten="30,1500,0" yaku="19,1" doraHai="96" who="3" fromWho="3" sc="160,-6,238,-6,277,-6,325,18" /><INIT seed="3,2,0,5,3,28" ten="154,232,271,343" oya="3" hai0="93,43,36,120,132,27,111,32,24,19,41,80,46" hai1="40,86,0,60,79,44,45,42,74,82,101,129,30" hai2="18,110,73,66,118,91,121,2,123,13,122,65,92" hai3="61,78,7,21,98,103,39,124,33,26,126,84,5"/><W23/><G39/><T133/><D120/><U72/><E0/><V134/><F2/><W17/><G61/><T119/><D119/><U8/><E129/><V48/><F118/><W25/><G78/><T59/><D41/><U6/><E101/><V71/><F73/><W49/><G49/><T9/><D111/><U52/><E30/><V11/><F110/><W127/><G84/><T63/><D80/><U29/><E29/><V95/><F134/><N who="0" m="51818" /><D93/><U116/><E116/><V85/><F95/><W38/><G38/><T81/><D81/><U12/><E74/><V53/><REACH who="2" step="1"/><F71/><REACH who="2" ten="154,232,261,343" step="2"/><W87/><G87/><T31/><D9/><U20/><E72/><V99/><F99/><W69/><G69/><T128/><D128/><U47/><REACH who="1" step="1"/><E20/><REACH who="1" ten="154,222,261,343" step="2"/><V70/><F70/><W58/><G103/><T76/><D32/><U97/><E97/><V88/><F88/><W115/><G98/><T117/><D117/><U10/><E10/><V135/><F135/><W50/><G115/><T77/><D76/><U4/><E4/><N who="3" m="1610" /><G33/><T130/><D77/><U94/><E94/><V37/><F37/><W54/><G23/><N who="0" m="13439" /><D130/><U131/><E131/><V56/><AGARI ba="2,2" hai="11,13,18,48,53,56,65,66,85,91,92,121,122,123" machi="56" ten="30,7900,0" yaku="1,1,0,1,13,1,53,1" doraHai="28" doraHaiUra="51" who="2" fromWho="2" sc="154,-22,222,-22,261,105,343,-41" /><INIT seed="4,0,0,5,3,38" ten="132,200,366,302" oya="0" hai0="88,49,76,70,100,61,87,79,127,59,125,95,77" hai1="63,102,50,14,5,2,134,81,7,34,101,128,35" hai2="66,40,90,126,4,25,37,113,24,115,56,9,82" hai3="110,96,80,1,97,27,73,112,74,46,62,31,132"/><T41/><D70/><U0/><E128/><V15/><F126/><N who="0" m="48138" /><D100/><U103/><E134/><V114/><F66/><W12/><G110/><T13/><D13/><U85/><E63/><V47/><F56/><W72/><G112/><T67/><D76/><U21/><E50/><V16/><F4/><W99/><G1/><T52/><D67/><U75/><E75/><V106/><F106/><W30/><G132/><T48/><D49/><U71/><E71/><V29/><F29/><W133/><G133/><T28/><D28/><N who="3" m="10793" /><G80/><T42/><D41/><U121/><E121/><V129/><F129/><W119/><G119/><T23/><D23/><U64/><E64/><V118/><F118/><W78/><G78/><T57/><D57/><U3/><E21/><V98/><F98/><W58/><G27/><T123/><D123/><U54/><E54/><V83/><F83/><W89/><G12/><T53/><D53/><U19/><E19/><V117/><F117/><W120/><G120/><T135/><D135/><U92/><E14/><V108/><F108/><W111/><G111/><T51/><D51/><U6/><REACH who="1" step="1"/><E92/><REACH who="1" ten="132,190,366,302" step="2"/><V130/><F130/><W86/><G62/><T94/><D94/><U68/><E68/><V8/><F8/><W124/><G124/><T109/><D109/><U69/><E69/><V44/><F44/><AGARI ba="0,1" hai="42,44,48,52,59,61,77,79,87,88,95" m="48138" machi="44" ten="30,11600,0" yaku="18,1,52,1,54,2" doraHai="38" who="0" fromWho="2" sc="132,126,190,0,366,-116,302,0" /><INIT seed="4,1,0,0,2,92" ten="258,190,250,302" oya="0" hai0="127,26,51,54,16,27,63,18,22,113,13,107,80" hai1="45,58,94,66,29,91,31,90,131,120,49,124,106" hai2="130,71,104,72,115,86,52,87,14,8,121,98,56" hai3="55,25,100,126,132,10,50,108,20,109,123,3,99"/><T105/><D113/><U68/><E106/><V103/><F121/><W129/><G126/><T47/><D127/><U39/><E120/><V17/><F115/><W78/><G123/><T46/><D46/><U96/><E131/><V57/><F130/><W44/><G129/><T89/><D63/><U114/><E124/><V60/><F72/><W32/><G32/><T24/><D105/><U70/><E114/><V119/><F71/><W101/><G101/><T116/><D107/><U93/><E70/><V85/><REACH who="2" step="1"/><F57/><REACH who="2" ten="258,190,240,302" step="2"/><W33/><G109/><T4/><D116/><AGARI ba="1,1" hai="8,14,17,52,56,60,85,86,87,98,103,104,116,119" machi="116" ten="40,8000,1" yaku="1,1,2,1,52,1,54,1,53,0" doraHai="92" doraHaiUra="19" who="2" fromWho="0" sc="258,-83,190,0,240,93,302,0" /><INIT seed="5,0,0,2,3,78" ten="175,190,333,302" oya="1" hai0="44,121,37,77,22,102,120,110,5,132,67,82,1" hai1="65,117,24,6,8,18,105,128,59,29,72,34,80" hai2="47,95,55,7,104,97,108,130,12,70,41,113,13" hai3="114,107,51,135,3,76,74,43,58,92,123,19,87"/><U53/><E105/><V86/><F108/><W36/><G123/><N who="0" m="47179" /><D67/><U66/><E117/><V52/><F70/><W134/><G107/><T56/><D56/><U38/><E38/><V20/><F130/><W79/><G36/><T124/><D110/><U17/><E128/><V28/><F104/><W61/><G3/><T96/><D22/><U46/><E46/><V64/><F64/><W112/><G74/><N who="0" m="43319" /><D124/><U127/><E127/><V131/><F86/><W84/><G19/><T21/><D21/><U2/><E66/><V23/><F23/><W115/><G43/><N who="0" m="22639" /><D132/><N who="3" m="50729" /><G51/><T69/><D69/><U122/><E65/><V125/><F125/><W75/><G61/><T83/><D83/><U109/><E109/><V40/><F20/><W89/><G58/><T119/><D119/><U98/><E122/><V9/><F28/><W14/><G14/><T11/><D96/><U31/><E31/><V118/><F47/><W30/><G30/><T126/><D126/><U32/><E32/><V16/><F97/><N who="3" m="57487" /><G75/><T60/><D102/><U101/><E98/><V106/><F13/><W45/><G45/><T49/><D49/><U111/><E101/><V68/><F12/><W0/><G0/><T39/><D39/><U85/><E72/><V35/><F68/><W93/><G84/><T71/><D71/><U57/><E111/><V129/><F129/><W91/><AGARI ba="0,0" hai="76,79,87,91,93,112,114,115" m="57487,50729" machi="91" ten="40,8000,1" yaku="15,1,20,1,34,2" doraHai="78" who="3" fromWho="3" sc="175,-20,190,-40,333,-20,302,80" /><INIT seed="6,0,0,1,0,51" ten="155,150,313,382" oya="2" hai0="100,9,96,22,124,56,36,43,8,70,109,107,34" hai1="131,66,122,11,52,5,110,57,38,103,135,32,94" hai2="106,75,118,134,41,82,81,92,115,13,88,133,93" hai3="116,86,114,44,112,95,7,10,27,121,49,25,55"/><V117/><F41/><W50/><G121/><T4/><D34/><U15/><E32/><V105/><F13/><N who="3" m="5343" /><G116/><N who="2" m="44649" /><F115/><N who="3" m="44075" /><G50/><T0/><D70/><U87/><E38/><V71/><F71/><W19/><G19/><T83/><D36/><U33/><E33/><V80/><F75/><W68/><G68/><T69/><D69/><U84/><E110/><V21/><F21/><W12/><G12/><T98/><D22/><U128/><E122/><V53/><F53/><W29/><G29/><T3/><D109/><U20/><E135/><N who="2" m="51723" /><F93/><W40/><G40/><T54/><D43/><U111/><E66/><V73/><F73/><W17/><G17/><T123/><D123/><U47/><E47/><V67/><F67/><W45/><G45/><T78/><D54/><U37/><E37/><V120/><F120/><W39/><G39/><T62/><D107/><U6/><E111/><V127/><F127/><W101/><G101/><T48/><D100/><U23/><E6/><V58/><F58/><W26/><G95/><T60/><D124/><U63/><E23/><V130/><F130/><N who="1" m="49705" /><E20/><V1/><F1/><W90/><G86/><AGARI ba="0,0" hai="80,81,82,86,88,92,105,106" m="51723,44649" machi="86" ten="40,12000,1" yaku="20,1,34,2,54,1" doraHai="51" who="2" fromWho="3" sc="155,0,150,0,313,120,382,-120" /><INIT seed="6,1,0,4,4,46" ten="155,150,433,262" oya="2" hai0="20,18,34,10,19,8,89,82,133,123,116,99,59" hai1="113,36,131,76,72,56,37,1,103,96,134,41,0" hai2="2,75,31,84,94,3,27,100,122,32,47,12,64" hai3="25,97,66,85,42,40,54,61,130,118,6,15,77"/><V101/><F75/><W14/><G118/><T80/><D123/><U119/><E119/><V127/><F127/><W62/><G130/><T86/><D34/><U43/><E56/><V11/><F100/><W21/><G97/><T73/><D133/><U44/><E131/><V16/><F64/><W111/><G111/><T24/><D73/><U45/><E134/><V5/><F47/><W135/><G135/><T28/><D116/><U13/><E113/><V58/><F58/><N who="3" m="37175" /><G6/><T29/><D59/><U129/><E13/><N who="3" m="4618" /><G62/><T35/><D99/><U120/><E120/><V69/><F69/><W30/><G54/><T124/><D124/><U53/><E53/><V107/><F107/><W105/><G105/><T55/><D55/><U102/><E129/><V57/><F57/><W63/><G63/><T33/><D33/><U90/><E90/><V38/><F38/><W106/><G106/><T92/><D35/><U95/><E103/><V23/><F101/><W71/><G71/><T87/><D92/><U67/><E67/><V78/><F94/><W48/><G48/><T22/><D89/><U68/><E68/><V115/><F122/><W117/><G117/><T7/><D7/><U98/><E98/><V39/><F39/><W79/><G79/><T88/><D88/><U51/><E51/><V50/><F50/><W104/><G104/><T110/><D110/><U17/><E17/><V125/><F125/><W109/><G109/><T114/><D114/><U60/><E60/><V93/><F5/><W132/><G132/><T9/><D9/><U52/><E52/><V26/><F11/><RYUUKYOKU ba="1,0" sc="155,10,150,10,433,-30,262,10" hai0="8,10,18,19,20,22,24,28,29,80,82,86,87" hai1="0,1,36,37,41,43,44,45,72,76,95,96,102" hai3="21,25,30,40,42,77,85" /><INIT seed="7,2,0,1,0,66" ten="165,160,403,272" oya="3" hai0="129,16,98,125,43,4,79,132,11,131,99,14,6" hai1="47,73,88,68,109,106,83,117,24,8,28,77,126" hai2="52,63,86,87,78,95,45,114,49,128,112,15,13" hai3="27,80,127,21,46,10,90,42,123,69,19,133,135"/><W53/><G123/><T64/><D132/><N who="3" m="50761" /><G127/><T36/><D125/><U20/><E109/><V2/><F2/><W56/><G10/><T30/><D64/><U82/><E126/><V89/><F128/><N who="0" m="49226" /><D79/><U118/><E68/><V55/><F78/><W91/><G80/><T134/><D134/><U5/><E106/><V76/><F76/><W59/><G59/><T72/><D72/><U121/><E121/><V85/><F63/><N who="3" m="36239" /><G69/><T97/><D30/><U35/><E47/><AGARI ba="2,0" hai="4,6,11,14,16,36,43,47,97,98,99" m="49226" machi="47" ten="30,2000,0" yaku="19,1,54,1" doraHai="66" who="0" fromWho="1" sc="165,26,160,-26,403,0,272,0" owari="191,-21.0,134,-37.0,403,51.0,272,7.0" /></mjloggm>