<mjloggm ver="2.3"><GO type="169" lobby="0"/><UN n0="%53%48%49%53%55%4B%45" n1="%72%79%6F%E2%80%A6%31%35" n2="%E3%82%A6%E3%83%AB%E3%83%88%E3%83%A9%E7%AB%8B%E7%9B%B4" n3="%E3%82%B5%E3%83%B3%E3%83%9E%E9%81%93%E6%A5%BD%E4%BB%A3%E8%A1%A8" dan="16,17,18,16" rate="2138.83,2181.95,2240.42,2084.65" sx="M,M,M,M"/><TAIKYOKU oya="0"/><INIT seed="0,0,0,5,5,54" ten="250,250,250,250" oya="0" hai0="109,19,1,100,121,83,135,11,123,78,46,7,49" hai1="89,128,94,0,113,62,114,133,37,64,80,76,103" hai2="35,23,93,28,34,51,88,104,99,124,47,6,39" hai3="57,69,96,68,4,131,106,90,108,24,45,16,22"/><T65/><D135/><U134/><E128/><V36/><F124/><W10/><G108/><T97/><D109/><U102/><E37/><V82/><F104/><W59/><G131/><T85/><D65/><U98/><E0/><V75/><F6/><W130/><G130/><T125/><D19/><U117/><E62/><V8/><F8/><W107/><G107/><T91/><D91/><U42/><E42/><V112/><F112/><N who="1" m="43113" /><E64/><V31/><F23/><W120/><G120/><T26/><D26/><U86/><E117/><V18/><F18/><W71/><G45/><T63/><D63/><U29/><E29/><V132/><F132/><AGARI ba="0,0" hai="76,80,86,89,94,98,102,103,132,133,134" m="43113" machi="132" ten="30,7700,0" yaku="20,1,11,1,34,2" doraHai="54" who="1" fromWho="2" sc="250,0,250,77,250,-77,250,0" /><INIT seed="1,0,0,3,2,116" ten="250,327,173,250" oya="1" hai0="15,41,64,129,22,16,122,25,11,107,32,73,109" hai1="60,117,96,53,132,21,49,46,104,75,125,27,48" hai2="45,23,134,43,38,115,50,81,127,101,124,55,1" hai3="74,86,76,26,2,133,58,105,100,70,85,4,13"/><U20/><E117/><V61/><F1/><W62/><G70/><T28/><D107/><U51/><E75/><V59/><F101/><W69/><G69/><T33/><D73/><U9/><E132/><V118/><F118/><W37/><G37/><T5/><D64/><U39/><E39/><V17/><F134/><W103/><G2/><N who="0" m="439" /><D41/><U14/><E125/><V6/><F6/><W42/><G42/><T131/><D109/><U84/><E84/><V36/><F81/><W91/><G74/><T40/><D40/><U47/><E60/><V130/><F115/><W93/><G105/><T34/><D122/><U102/><E27/><V126/><REACH who="2" step="1"/><F130/><AGARI ba="0,0" hai="15,16,22,25,28,32,33,34,129,130,131" m="439" machi="130" ten="30,8000,1" yaku="24,1,19,1,34,2,54,1" doraHai="116" who="0" fromWho="2" sc="250,80,327,0,173,-80,250,0" /><INIT seed="2,0,0,3,5,49" ten="330,327,93,250" oya="2" hai0="76,113,125,50,98,34,58,52,123,42,21,92,63" hai1="101,80,97,73,109,124,15,99,22,100,38,35,10" hai2="104,29,106,108,45,81,9,14,112,33,46,44,27" hai3="64,90,84,94,54,77,37,105,122,3,17,129,82"/><V32/><F112/><W41/><G122/><T72/><D34/><U55/><E35/><V127/><F127/><W47/><G3/><T118/><D113/><U103/><E109/><V66/><F108/><W131/><G105/><T23/><D123/><U43/><E124/><V8/><F33/><W95/><G64/><T114/><D114/><U119/><E119/><V30/><F30/><W96/><G17/><T4/><D125/><U48/><E43/><V28/><F28/><W116/><G116/><T111/><D111/><U59/><E38/><V128/><F128/><W93/><G54/><T107/><D107/><U132/><E132/><V60/><F81/><W78/><REACH who="3" step="1"/><G96/><REACH who="3" ten="330,327,93,240" step="2"/><T67/><D118/><U88/><E99/><V13/><F13/><W69/><G69/><T20/><D4/><U85/><E97/><V135/><F135/><W121/><G121/><T70/><D42/><U7/><E73/><V74/><F74/><W26/><G26/><T56/><D72/><U24/><E103/><V102/><F102/><W31/><G31/><AGARI ba="0,1" hai="7,10,15,22,24,31,48,55,59,80,85,88,100,101" machi="31" ten="30,7700,0" yaku="7,1,8,1,52,1,54,1" doraHai="49" who="1" fromWho="3" sc="330,0,327,87,93,0,240,-77" /><INIT seed="3,0,0,1,0,53" ten="330,414,93,163" oya="3" hai0="2,50,94,63,15,77,100,33,120,46,45,18,25" hai1="29,17,85,117,115,19,49,12,32,6,119,41,79" hai2="70,60,95,127,57,26,97,83,0,28,36,43,99" hai3="68,1,114,111,22,69,37,128,116,64,30,16,21"/><W108/><G116/><T109/><D2/><U24/><E115/><V54/><F127/><W35/><G114/><T84/><D120/><U89/><E79/><V59/><F0/><W90/><G1/><T87/><D109/><N who="3" m="42057" /><G37/><T10/><D77/><U93/><E6/><V23/><F70/><W112/><G35/><T110/><D110/><U98/><E98/><V5/><F5/><W86/><G112/><T65/><D25/><U132/><E132/><V135/><F135/><W40/><G128/><T27/><D27/><U20/><E41/><V131/><F131/><W126/><G40/><T74/><D33/><U51/><E19/><V66/><F83/><N who="3" m="49503" /><G126/><T52/><D74/><U121/><E121/><V71/><F97/><W61/><G30/><T102/><D46/><U9/><E32/><V118/><F118/><AGARI ba="0,0" hai="9,12,17,20,24,29,49,51,85,89,93,117,118,119" machi="118" ten="40,1300,0" yaku="12,1" doraHai="53" who="1" fromWho="2" sc="330,0,414,13,93,-13,163,0" /><INIT seed="4,0,0,3,4,46" ten="330,427,80,163" oya="0" hai0="9,104,75,88,11,19,7,67,28,110,62,56,16" hai1="63,125,60,77,121,58,50,21,61,20,5,44,31" hai2="45,14,114,117,73,2,106,123,93,86,13,27,54" hai3="33,51,109,43,128,23,59,113,99,26,1,53,79"/><T0/><D104/><U108/><E108/><V101/><F123/><W65/><G109/><T89/><D75/><U127/><E121/><V98/><F117/><W6/><G33/><T10/><D110/><U4/><E77/><V112/><F2/><W120/><G120/><T52/><D28/><U130/><E130/><V102/><F27/><W74/><G128/><T29/><D29/><U71/><E71/><V3/><F3/><W68/><G113/><T122/><D122/><U64/><E58/><V85/><F73/><W92/><G74/><T84/><D7/><N who="1" m="2635" /><E64/><V100/><F98/><W39/><G79/><T96/><D0/><U80/><E80/><V124/><F106/><W82/><G82/><N who="0" m="49175" /><D67/><U81/><E81/><V30/><F30/><W118/><G118/><T76/><D76/><U18/><E31/><V8/><F93/><AGARI ba="0,0" hai="9,10,11,16,19,52,56,62,89,93,96" m="49175" machi="93" ten="30,11600,0" yaku="8,1,54,3" doraHai="46" who="0" fromWho="2" sc="330,116,427,0,80,-116,163,0" owari="446,55.0,427,23.0,-36,-54.0,163,-24.0" /></mjloggm>