<mjloggm ver="2.3"><GO type="97" lobby="0"/><UN n0="%E9%A7%92%E5%BD%A2%E9%BE%8D" n1="%E3%83%92%E3%83%87%E3%82%B3" n2="%E5%B0%B1%E6%B4%BB%E7%94%9F%40%E5%B7%9D%E6%9D%91%E8%BB%8D%E5%9B%A3" n3="%6F%2D%6A%75%6E%67%6C%65" dan="13,13,15,13" rate="1876.55,1829.42,2080.90,1861.59" sx="M,M,M,M"/><TAIKYOKU oya="0"/><INIT seed="0,0,0,5,2,32" ten="250,250,250,250" oya="0" hai0="126,73,114,125,93,111,26,49,124,34,90,85,53" hai1="135,71,106,95,30,20,19,4,15,118,100,87,120" hai2="89,86,24,0,33,47,116,109,83,64,61,3,21" hai3="119,78,81,107,72,22,77,104,79,50,70,84,17"/><T11/><D73/><U99/><E120/><V88/><F33/><W117/><G70/><T55/><D114/><U130/><E135/><V133/><F133/><W68/><G68/><T96/><D11/><U91/><E130/><V57/><F116/><W60/><G60/><T92/><D111/><U43/><E118/><N who="3" m="45066" /><G50/><T110/><D110/><U38/><E71/><V105/><F105/><N who="3" m="40523" /><G17/><T31/><REACH who="0" step="1"/><D49/><REACH who="0" ten="240,250,250,250" step="2"/><U74/><E74/><V59/><F109/><W98/><G22/><T29/><D29/><U8/><E38/><V18/><F21/><W9/><G9/><T16/><D16/><U65/><E30/><V36/><F18/><W94/><G72/><T12/><D12/><U101/><E8/><V1/><F24/><W67/><G67/><T112/><D112/><U35/><E65/><V62/><F36/><W56/><G56/><T10/><D10/><U97/><E19/><V45/><F59/><W122/><G122/><T129/><D129/><U115/><E15/><V23/><F23/><W41/><G41/><T63/><D63/><U108/><E115/><V52/><F62/><W80/><G84/><T13/><D13/><U113/><E87/><V103/><F64/><W121/><G121/><T39/><D39/><U132/><E108/><V28/><F28/><W123/><G123/><T51/><D51/><U134/><E113/><V131/><F131/><W46/><G46/><T58/><D58/><U40/><E134/><V76/><F47/><W75/><G75/><T14/><D14/><U69/><E132/><V128/><F45/><W127/><G127/><T25/><D25/><RYUUKYOKU ba="0,1" sc="240,15,250,-15,250,-15,250,15" hai0="26,31,34,53,55,85,90,92,93,96,124,125,126" hai3="77,78,79,80,81,94,98" /><INIT seed="0,1,1,3,1,123" ten="255,235,235,265" oya="0" hai0="2,69,130,42,7,103,8,97,118,82,67,80,11" hai1="117,26,64,53,133,39,116,56,111,60,115,88,85" hai2="37,48,63,27,3,110,13,68,128,127,6,32,86" hai3="105,91,76,113,124,125,16,25,126,65,114,75,5"/><T98/><D118/><U94/><E133/><V70/><F37/><W38/><G38/><T106/><D97/><U41/><E115/><N who="3" m="44042" /><G65/><T18/><D42/><U15/><E26/><V96/><F127/><W101/><G76/><T36/><D36/><U102/><E102/><V10/><F128/><W73/><G5/><T0/><D130/><U17/><E41/><V49/><F3/><W40/><G40/><T29/><D29/><U81/><E39/><V66/><F70/><W79/><G25/><T50/><D50/><U71/><E81/><V90/><F96/><N who="3" m="61607" /><G16/><T93/><D106/><U131/><E131/><V34/><F34/><W30/><G30/><T62/><D18/><U122/><E122/><V109/><F27/><W35/><G35/><T45/><REACH who="0" step="1"/><D45/><REACH who="0" ten="245,235,235,265" step="2"/><U57/><E117/><V95/><F32/><W14/><G124/><T47/><D47/><U112/><E112/><V87/><F49/><W33/><G125/><T120/><D120/><U58/><E116/><V108/><F48/><W52/><G126/><T43/><D43/><U84/><E56/><V31/><F31/><W46/><G46/><T59/><D59/><U78/><E58/><V4/><F4/><AGARI ba="1,2" hai="0,2,4,7,8,11,62,67,69,80,82,93,98,103" machi="4" ten="40,3900,0" yaku="1,1,9,1,53,0" doraHai="123" doraHaiUra="100" who="0" fromWho="2" sc="245,62,235,0,235,-42,265,0" /><INIT seed="0,2,0,3,0,77" ten="307,235,193,265" oya="0" hai0="71,60,36,94,70,73,40,125,62,50,114,37,38" hai1="126,58,21,74,92,104,76,17,93,81,100,29,32" hai2="132,68,47,102,118,109,18,69,98,7,75,78,48" hai3="61,45,119,72,39,8,16,27,99,135,43,11,44"/><T123/><D123/><U4/><E126/><V10/><F118/><W131/><G119/><T24/><D73/><U112/><E112/><V116/><F116/><W14/><G72/><T42/><D24/><U108/><E108/><V55/><F109/><W127/><G127/><T120/><D120/><U129/><E129/><V82/><F132/><W115/><G115/><T122/><D122/><U54/><E4/><V97/><F18/><W121/><G121/><T30/><D30/><U110/><E110/><V128/><F128/><W130/><G131/><T3/><D3/><U95/><E29/><V0/><REACH who="2" step="1"/><F98/><REACH who="2" ten="307,235,183,265" step="2"/><W85/><G130/><T31/><D125/><U22/><E32/><V26/><F26/><W23/><G135/><T56/><D114/><U52/><E22/><V53/><F53/><W33/><G99/><T106/><D31/><U124/><E124/><V25/><F25/><W13/><G33/><T49/><D106/><AGARI ba="2,1" hai="0,7,10,47,48,55,68,69,75,78,82,97,102,106" machi="106" ten="30,3900,0" yaku="1,1,7,1,52,1,53,0" doraHai="77" doraHaiUra="86" who="2" fromWho="0" sc="307,-45,235,0,183,55,265,0" /><INIT seed="1,0,0,0,0,0" ten="262,235,238,265" oya="1" hai0="114,6,80,135,121,58,98,1,31,110,69,83,131" hai1="35,112,74,101,126,56,9,76,133,13,132,39,108" hai2="64,128,63,42,15,105,67,47,26,86,117,40,113" hai3="134,49,122,118,91,12,29,7,27,116,16,123,30"/><U94/><E112/><V2/><F2/><W21/><G134/><T71/><D135/><N who="1" m="51787" /><E39/><V75/><F75/><W36/><G36/><T79/><D114/><U24/><E126/><V87/><F105/><W90/><G49/><T50/><D31/><N who="1" m="19943" /><E108/><V129/><F117/><N who="3" m="45163" /><G90/><T45/><D110/><U81/><E56/><N who="2" m="36967" /><F67/><W8/><G91/><T44/><D121/><AGARI ba="0,0" hai="7,8,12,16,21,27,29,30,121,122,123" m="45163" machi="121" ten="30,8000,1" yaku="12,1,34,2,52,1,54,1" doraHai="0" who="3" fromWho="0" sc="262,-80,235,0,238,0,265,80" /><INIT seed="2,0,0,0,2,108" ten="182,235,238,345" oya="2" hai0="34,6,97,103,100,13,63,116,32,4,54,31,66" hai1="43,125,50,19,69,17,134,7,22,27,62,102,72" hai2="113,73,88,2,85,82,41,107,120,26,58,28,119" hai3="115,36,127,51,33,104,44,118,92,76,83,18,91"/><V123/><F107/><W11/><G118/><T52/><D116/><U81/><E125/><V70/><F70/><W35/><G104/><T128/><D128/><U48/><E134/><V79/><F113/><W84/><G127/><T23/><D103/><U135/><E135/><V15/><F119/><W74/><G115/><T105/><D34/><U49/><E7/><V46/><F2/><W12/><G36/><T90/><D90/><U89/><E102/><V57/><F15/><W132/><G132/><T117/><D117/><U24/><E72/><V40/><F58/><W112/><G112/><T67/><D67/><U106/><E106/><V133/><F57/><W86/><G74/><T55/><D23/><U25/><E43/><AGARI ba="0,0" hai="11,12,18,33,35,43,44,51,76,83,84,86,91,92" machi="43" ten="30,1000,0" yaku="7,1" doraHai="108" who="3" fromWho="1" sc="182,0,235,-10,238,0,345,10" /><INIT seed="3,0,0,3,2,67" ten="182,225,238,355" oya="3" hai0="19,81,53,90,37,99,93,87,6,121,23,7,125" hai1="120,135,80,32,83,25,70,74,1,30,4,126,36" hai2="110,16,132,11,123,94,73,103,15,20,52,10,17" hai3="3,112,108,127,48,44,65,40,72,88,92,18,71"/><W122/><G112/><T66/><D121/><U50/><E120/><V33/><F33/><W8/><G122/><T55/><D37/><U128/><E128/><V26/><F73/><W39/><G72/><T47/><D125/><U118/><E118/><V82/><F110/><W130/><G127/><T85/><D85/><U79/><E135/><V100/><F132/><W45/><G130/><T59/><D66/><U51/><E126/><V107/><F107/><W91/><G91/><T115/><D115/><U104/><E83/><V68/><F68/><W60/><G108/><T61/><D53/><U131/><E131/><V133/><F133/><W57/><G57/><T2/><D47/><U76/><E76/><V24/><F123/><W86/><G3/><T111/><D111/><U27/><E27/><V97/><F103/><W41/><G18/><T56/><D56/><U113/><E113/><V84/><F52/><W49/><G8/><N who="2" m="3113" /><F17/><W38/><AGARI ba="0,0" hai="38,39,40,41,44,45,48,49,60,65,71,86,88,92" machi="38" ten="20,12000,1" yaku="0,1,7,1,9,1,52,1,54,1" doraHai="67" who="3" fromWho="3" sc="182,-40,225,-40,238,-40,355,120" owari="142,-36.0,185,-21.0,198,0.0,475,57.0" /></mjloggm>