<mjloggm ver="2.3"><GO type="169" lobby="0"/><UN n0="%E8%B6%85%E7%8D%A3%EF%BC%A7%EF%BC%A9%EF%BC%A7%EF%BC%A1" n1="%E3%82%A6%E3%83%AB%E3%83%88%E3%83%A9%E7%AB%8B%E7%9B%B4" n2="%E3%81%B2%E3%81%90%E3%81%A1" n3="%74%61%74%73%75%37%30%32" dan="17,17,17,16" rate="2121.32,2168.42,2122.54,2164.74" sx="M,M,M,M"/><TAIKYOKU oya="0"/><INIT seed="0,0,0,0,5,31" ten="250,250,250,250" oya="0" hai0="22,125,24,12,36,95,8,75,117,80,128,73,48" hai1="3,103,0,127,76,13,97,120,67,1,92,25,87" hai2="126,9,50,30,56,107,19,121,131,101,104,59,123" hai3="81,83,130,90,47,26,118,2,55,42,41,109,29"/><T21/><D36/><U71/><E120/><V72/><F72/><W35/><G118/><T4/><D117/><U28/><E127/><V16/><F131/><W45/><G130/><T5/><D128/><U74/><E74/><V38/><F38/><W39/><G109/><T6/><D125/><U49/><E71/><V91/><F30/><W40/><G2/><T37/><D37/><U100/><E67/><V14/><F126/><W43/><REACH who="3" step="1"/><G90/><REACH who="3" ten="250,250,250,240" step="2"/><T129/><D129/><U96/><E1/><V116/><F116/><W106/><G106/><T70/><D70/><U79/><E3/><V17/><F91/><W33/><G33/><T62/><D75/><U53/><E0/><V89/><F89/><W69/><G69/><T86/><D95/><U82/><E79/><V102/><F104/><W18/><G18/><T65/><D73/><U93/><E28/><V61/><F107/><W20/><G20/><T112/><D21/><U78/><E78/><V51/><F121/><W122/><G122/><T84/><D112/><U66/><E76/><V77/><F77/><W23/><G23/><T114/><D114/><U124/><E93/><V57/><F123/><W32/><G32/><T68/><D80/><U119/><E92/><V58/><F19/><W94/><G94/><T15/><D15/><U7/><E124/><V134/><F17/><W46/><G46/><T108/><D108/><U88/><E13/><V105/><F105/><W54/><G54/><T52/><D6/><U11/><E82/><V85/><F16/><W113/><G113/><T98/><D5/><U99/><E119/><RYUUKYOKU ba="0,1" sc="250,-10,250,-10,250,-10,240,30" hai3="26,29,35,39,40,41,42,43,45,47,55,81,83" /><INIT seed="1,1,1,5,1,41" ten="240,240,240,270" oya="1" hai0="54,127,103,74,7,76,131,120,64,95,130,34,128" hai1="118,35,94,3,0,4,75,45,48,87,62,15,117" hai2="88,18,46,67,56,72,27,12,104,9,23,96,43" hai3="135,119,6,92,121,26,1,10,37,24,8,14,32"/><U133/><E75/><V20/><F72/><W51/><G37/><T116/><D116/><U84/><E35/><V113/><F113/><W115/><G115/><T97/><D34/><U49/><E3/><V19/><F104/><W5/><G121/><T66/><D120/><U129/><E0/><V50/><F9/><W25/><G119/><T110/><D7/><U100/><E118/><V70/><F70/><W111/><G111/><T22/><D110/><U29/><E29/><V42/><F42/><W31/><G92/><T71/><D127/><U91/><E100/><V17/><F17/><W11/><G51/><T59/><D71/><U55/><E129/><V93/><F56/><W60/><G60/><N who="0" m="35959" /><D22/><U36/><E36/><V89/><F67/><W98/><G98/><T123/><D123/><U57/><E133/><V132/><F132/><W83/><G83/><AGARI ba="1,1" hai="64,66,74,76,83,95,97,103,128,130,131" m="35959" machi="83" ten="30,1000,0" yaku="19,1" doraHai="41" who="0" fromWho="3" sc="240,23,240,0,240,0,270,-13" /><INIT seed="2,0,0,0,5,49" ten="263,240,240,257" oya="2" hai0="85,31,104,64,124,94,10,57,88,96,39,125,116" hai1="28,3,119,118,86,35,46,120,21,2,105,133,50" hai2="97,135,93,7,74,55,130,16,48,45,72,73,103" hai3="99,67,107,6,134,61,59,63,66,126,0,91,38"/><V115/><F115/><W36/><G126/><N who="0" m="48747" /><D39/><U8/><E105/><V121/><F121/><W1/><G134/><T108/><D108/><U75/><E75/><V71/><F71/><W112/><G112/><T29/><D116/><U32/><E86/><V131/><F7/><W81/><G81/><T43/><D43/><U132/><E50/><V37/><F135/><N who="1" m="51785" /><E46/><V9/><REACH who="2" step="1"/><F37/><REACH who="2" ten="263,240,230,257" step="2"/><W42/><G6/><T77/><D77/><U129/><E120/><V90/><F90/><W113/><G91/><T82/><D88/><U56/><E119/><V53/><F53/><W65/><G113/><T114/><D114/><U87/><E118/><V54/><F54/><W51/><G36/><T47/><D64/><U33/><E3/><V84/><F84/><W58/><G65/><T101/><D85/><U123/><E87/><V11/><F11/><W5/><G5/><T127/><D10/><U117/><E8/><V98/><F98/><W83/><G38/><T52/><D127/><U80/><E2/><V102/><F102/><W78/><G83/><T20/><D82/><U19/><E80/><V13/><AGARI ba="0,1" hai="9,13,16,45,48,55,72,73,74,93,97,103,130,131" machi="13" ten="40,12000,1" yaku="1,1,0,1,52,1,54,1,53,0" doraHai="49" doraHaiUra="69" who="2" fromWho="2" sc="263,-40,240,-40,230,130,257,-40" /><INIT seed="2,1,0,4,1,2" ten="223,200,360,217" oya="2" hai0="105,33,37,107,7,46,43,28,72,47,22,99,111" hai1="66,87,24,84,114,93,95,35,118,34,59,62,49" hai2="25,122,79,127,89,117,71,76,15,90,54,121,10" hai3="85,1,124,14,130,36,135,63,41,5,73,101,91"/><V57/><F71/><W102/><G73/><T56/><D111/><U50/><E114/><V0/><F0/><W6/><G1/><T26/><D72/><U120/><E120/><V53/><F117/><W31/><G31/><T17/><D7/><N who="3" m="2569" /><G36/><T82/><D82/><U44/><E24/><V78/><F127/><W19/><G124/><T42/><D56/><U115/><E59/><V104/><F104/><W88/><G130/><T92/><D33/><U116/><E44/><V3/><F3/><W65/><G41/><T128/><D128/><U21/><E115/><V125/><F54/><W109/><G91/><T133/><D133/><U119/><E118/><V16/><F125/><W40/><G40/><T68/><D68/><U9/><E66/><V83/><F90/><W64/><G109/><T94/><D28/><U11/><E21/><V134/><F134/><W39/><G39/><T38/><D107/><U23/><E23/><V129/><F129/><W70/><G70/><T112/><D112/><U61/><AGARI ba="1,0" hai="9,11,34,35,49,50,61,62,84,87,93,95,116,119" machi="61" ten="25,3200,0" yaku="0,1,22,2" doraHai="2" who="1" fromWho="1" sc="223,-9,200,35,360,-17,217,-9" /><INIT seed="3,0,0,3,4,25" ten="214,235,343,208" oya="3" hai0="7,42,105,114,43,11,12,38,131,37,54,85,113" hai1="117,84,21,133,53,18,78,58,44,93,100,130,74" hai2="0,73,128,106,101,111,97,2,34,107,63,82,35" hai3="67,83,110,119,70,81,95,36,123,88,10,121,40"/><W14/><G119/><T120/><D105/><U13/><E74/><V48/><F48/><W80/><G110/><T122/><D131/><U47/><E130/><V55/><F55/><W3/><G3/><T16/><D54/><U41/><E133/><V23/><F23/><W68/><G36/><T5/><D85/><U89/><E117/><V92/><F63/><W29/><G40/><T129/><D129/><U46/><E78/><V132/><F92/><W71/><G67/><T32/><D32/><U62/><REACH who="1" step="1"/><E100/><REACH who="1" ten="214,225,343,208" step="2"/><V56/><F101/><W98/><REACH who="3" step="1"/><G29/><REACH who="3" ten="214,225,343,198" step="2"/><T126/><D113/><U118/><E118/><V33/><F128/><W112/><G112/><T127/><D114/><U134/><E134/><V91/><F132/><W96/><G96/><T72/><D122/><U94/><E94/><V102/><F97/><W20/><G20/><T49/><D120/><U69/><E69/><V17/><F34/><W90/><G90/><T124/><D124/><U26/><E26/><V103/><F91/><W115/><G115/><T61/><D127/><U109/><E109/><V45/><F111/><W15/><G15/><T66/><D126/><U104/><E104/><V86/><F35/><W1/><G1/><T77/><D12/><U39/><AGARI ba="0,2" hai="13,18,21,39,41,44,46,47,53,58,62,84,89,93" machi="39" ten="20,2700,0" yaku="1,1,0,1,7,1,53,0" doraHai="25" doraHaiUra="6" who="1" fromWho="1" sc="214,-7,225,47,343,-7,198,-13" /><INIT seed="4,0,0,5,4,55" ten="207,272,336,185" oya="0" hai0="12,57,67,15,10,54,0,123,44,115,46,97,51" hai1="63,122,61,105,31,119,65,22,129,25,79,82,41" hai2="109,87,117,90,60,95,4,106,62,26,99,80,48" hai3="38,53,64,19,68,113,96,1,120,92,43,49,18"/><T30/><D123/><U116/><E105/><V28/><F109/><W29/><G29/><T21/><D0/><U13/><E122/><V88/><F106/><W45/><G1/><T84/><D115/><U40/><E129/><V91/><F117/><W111/><G113/><T81/><D97/><U118/><E13/><V98/><F4/><W101/><G111/><T124/><D124/><U14/><E14/><V107/><F48/><W77/><G77/><T76/><D67/><U135/><E135/><V32/><F107/><W7/><G7/><T74/><D74/><U20/><E20/><V78/><F78/><W93/><G92/><AGARI ba="0,0" hai="26,28,32,60,62,80,87,88,90,91,92,95,98,99" machi="92" ten="40,2600,0" yaku="9,1,54,1" doraHai="55" who="2" fromWho="3" sc="207,0,272,0,336,26,185,-26" /><INIT seed="5,0,0,0,1,53" ten="207,272,362,159" oya="1" hai0="130,64,104,82,86,49,91,56,25,93,8,68,134" hai1="2,39,131,45,85,9,128,61,125,41,124,95,35" hai2="3,113,58,106,7,63,66,36,46,37,51,19,12" hai3="59,20,97,88,118,120,43,4,13,121,123,73,87"/><U72/><E35/><V83/><F106/><W38/><G73/><T105/><D68/><U34/><E34/><V29/><F29/><W108/><G108/><T70/><D70/><U65/><E72/><V110/><F110/><W21/><G97/><T99/><D134/><U127/><E85/><V27/><F27/><W71/><G71/><T14/><D130/><N who="1" m="49707" /><E95/><V133/><F113/><W42/><G118/><T76/><D25/><U81/><E81/><V111/><F133/><W55/><G38/><T90/><D105/><U44/><E9/><V100/><F100/><W115/><G115/><T60/><D49/><U15/><E15/><V129/><F111/><W48/><G21/><T31/><D104/><U40/><E2/><V80/><F36/><W122/><N who="3" m="30720" /><DORA hai="50" /><W109/><G109/><T67/><D31/><U101/><E101/><V47/><F7/><W84/><G84/><T112/><D112/><U10/><E10/><V79/><F3/><W92/><G4/><N who="0" m="3335" /><D64/><U116/><E116/><V1/><F1/><W16/><AGARI ba="0,0" hai="13,16,20,42,43,48,55,59,87,88,92" m="30720" machi="16" ten="60,12000,2" yaku="0,1,25,2,52,2,54,2" doraHai="53,50" who="3" fromWho="3" sc="207,-30,272,-60,362,-30,159,120" /><INIT seed="6,0,0,4,3,135" ten="177,212,332,279" oya="2" hai0="46,11,74,87,83,115,72,78,45,92,53,80,29" hai1="30,49,120,100,24,77,81,54,25,48,109,79,55" hai2="61,94,89,32,3,121,88,99,106,62,97,67,122" hai3="117,60,105,35,1,50,5,37,52,64,42,69,84"/><V34/><F3/><W56/><G105/><T41/><D115/><U8/><E109/><V133/><F106/><W14/><G35/><T73/><D29/><U20/><E120/><V31/><F31/><W10/><G84/><T17/><D92/><U19/><E100/><V126/><F94/><W40/><G117/><T128/><D128/><U82/><E30/><V85/><F67/><W114/><G114/><T38/><D45/><U127/><E8/><V116/><F85/><W102/><G102/><T51/><D38/><U75/><E19/><V104/><F104/><W6/><G42/><T132/><D132/><U63/><E63/><V90/><F90/><W131/><G131/><T15/><REACH who="0" step="1"/><D41/><REACH who="0" ten="167,212,332,279" step="2"/><U76/><E76/><AGARI ba="0,1" hai="11,15,17,46,51,53,72,73,74,76,78,80,83,87" machi="76" ten="30,3900,0" yaku="1,1,2,1,7,1,53,0" doraHai="135" doraHaiUra="70" who="0" fromWho="1" sc="167,49,212,-39,332,0,279,0" /><INIT seed="7,0,0,3,2,102" ten="216,173,332,279" oya="3" hai0="109,45,32,69,75,2,126,37,87,100,3,26,63" hai1="133,121,24,119,10,1,59,104,58,115,67,93,120" hai2="98,103,66,22,89,18,99,71,127,88,44,9,13" hai3="129,113,7,111,56,46,91,95,16,130,85,49,25"/><W110/><G113/><T62/><D87/><U30/><E93/><V74/><F74/><W41/><G56/><T105/><D109/><N who="3" m="41481" /><G7/><T92/><D92/><U112/><E59/><V11/><F127/><W73/><G73/><T96/><D62/><U70/><E58/><V15/><F71/><W47/><G47/><T68/><D126/><U48/><E48/><V124/><F66/><W8/><G25/><T82/><D68/><U135/><E67/><V134/><F134/><N who="1" m="51209" /><E70/><V31/><F124/><W61/><G61/><T90/><D90/><U53/><E53/><V79/><F79/><W116/><G116/><T27/><D82/><U72/><E72/><V0/><F0/><W128/><G8/><T6/><D75/><U125/><E104/><V77/><F77/><W86/><G16/><T42/><D6/><N who="1" m="1359" /><E125/><V39/><F44/><W57/><G57/><T123/><D123/><N who="1" m="47179" /><E119/><V80/><F39/><W34/><G34/><AGARI ba="0,0" hai="24,30,34,112,115" m="47179,1359,51209" machi="34" ten="30,7700,0" yaku="20,1,23,1,34,2" doraHai="102" who="1" fromWho="3" sc="216,0,173,77,332,0,279,-77" owari="216,-18.0,250,5.0,332,43.0,202,-30.0" /></mjloggm>