<mjloggm ver="2.3"><GO type="41" lobby="0"/><UN n0="%E5%B0%B1%E6%B4%BB%E7%94%9F%40%E5%B7%9D%E6%9D%91%E8%BB%8D%E5%9B%A3" n1="%E3%82%A8%E3%83%AB%E3%83%91%E3%82%B5" n2="%73%68%61%6B%75%6F" n3="%E3%82%84%E3%81%BE%E3%81%AB%E3%81%8D" dan="15,15,14,13" rate="1952.93,1999.94,1982.33,1944.20" sx="M,M,M,M"/><TAIKYOKU oya="0"/><INIT seed="0,0,0,3,1,31" ten="250,250,250,250" oya="0" hai0="24,18,11,121,57,95,82,63,132,116,86,62,21" hai1="69,129,108,123,50,61,5,109,6,96,128,51,119" hai2="35,130,81,90,37,75,46,72,36,89,134,8,101" hai3="22,4,104,87,64,28,127,73,93,106,12,125,78"/><T88/><D121/><U100/><E119/><V54/><F130/><N who="1" m="50281" /><E123/><V10/><F134/><W118/><G118/><T16/><D132/><U110/><E51/><V48/><F101/><W38/><G38/><T40/><D116/><U43/><E43/><V98/><F35/><W2/><G2/><T33/><D33/><U135/><E50/><V41/><F37/><W27/><G73/><T60/><D40/><U17/><E17/><V53/><F72/><W68/><G68/><T20/><D11/><N who="2" m="4138" /><F41/><W99/><G64/><T103/><D103/><U13/><E13/><V83/><F36/><W0/><G0/><T65/><D82/><N who="2" m="31242" /><F75/><W19/><G4/><N who="1" m="1642" /><E135/><V3/><F3/><W32/><G78/><T30/><D30/><U107/><E61/><V49/><F98/><W58/><G99/><T94/><D94/><U29/><E29/><V111/><F111/><W52/><G93/><T9/><D9/><U34/><E69/><V92/><F92/><W113/><G87/><T117/><D117/><U85/><E85/><V25/><F25/><AGARI ba="0,0" hai="16,18,20,21,24,25,57,60,62,63,65,86,88,95" machi="25" ten="30,12000,1" yaku="7,1,9,1,8,1,54,2" doraHai="31" who="0" fromWho="2" sc="250,120,250,0,250,-120,250,0" /><INIT seed="0,1,0,5,4,18" ten="370,250,130,250" oya="0" hai0="102,41,92,57,30,119,83,114,96,56,69,32,133" hai1="76,79,131,61,65,15,77,129,107,81,113,11,71" hai2="72,90,25,94,85,116,13,108,112,44,19,26,105" hai3="31,88,46,53,12,75,23,135,59,73,121,125,67"/><T78/><D119/><U40/><E107/><V115/><F72/><W82/><G135/><T14/><D69/><U38/><E113/><V17/><F105/><W6/><G125/><T87/><D114/><U130/><E38/><V21/><F108/><W2/><G2/><T98/><D133/><U66/><E65/><V16/><F116/><W54/><G121/><T134/><D134/><U47/><E47/><V109/><F109/><W103/><G103/><T101/><D41/><U0/><E40/><V22/><REACH who="2" step="1"/><F44/><REACH who="2" ten="370,250,120,250" step="2"/><W37/><G75/><T104/><D32/><U52/><E130/><V62/><F62/><W60/><G73/><T43/><D30/><U36/><E131/><V63/><F63/><W127/><G46/><T27/><D27/><U111/><E111/><V91/><F91/><W8/><G127/><T55/><D43/><U9/><E61/><V42/><F42/><W3/><G37/><T49/><D14/><U29/><E15/><V50/><F50/><W124/><G3/><T80/><D57/><U123/><E0/><V118/><F118/><W84/><G124/><T70/><D70/><U5/><E129/><V35/><F35/><W110/><G110/><T95/><D104/><U126/><E71/><V89/><F89/><W93/><G93/><T28/><D28/><U86/><E126/><V122/><F122/><W117/><G117/><T24/><D24/><AGARI ba="1,1" hai="6,8,12,23,24,31,53,54,59,60,67,82,84,88" machi="24" ten="40,5200,0" yaku="8,1,52,1,54,1" doraHai="18" who="3" fromWho="0" sc="370,-55,250,0,120,0,250,65" /><INIT seed="1,0,0,5,1,24" ten="315,250,120,315" oya="1" hai0="52,129,124,68,38,92,41,39,73,67,98,72,106" hai1="29,16,11,113,9,33,80,86,47,64,69,23,34" hai2="26,60,18,17,40,123,27,49,0,101,127,79,48" hai3="8,100,5,99,71,30,122,1,119,88,115,110,36"/><U81/><E113/><V12/><F0/><W112/><G122/><T35/><D106/><U74/><E74/><V85/><F123/><W70/><G88/><T3/><D35/><U66/><E34/><V59/><F101/><W134/><G110/><T102/><D3/><U28/><E47/><N who="2" m="25703" /><F49/><W121/><G121/><T96/><D124/><U94/><E94/><V97/><F97/><W22/><G134/><T13/><D129/><U109/><E109/><V89/><F79/><W15/><G36/><T44/><D39/><U120/><E120/><V63/><F127/><W14/><G119/><T31/><D31/><N who="1" m="11851" /><E33/><V42/><F42/><W7/><G1/><T2/><D2/><U130/><E69/><V4/><F4/><W21/><G30/><T103/><D68/><U61/><E130/><V10/><F18/><W135/><G135/><T46/><D72/><U131/><E131/><V45/><F45/><W95/><G95/><T132/><D73/><U114/><E114/><V93/><F63/><W104/><G104/><T19/><D132/><U83/><E86/><V82/><F82/><W58/><G112/><T87/><D87/><U133/><E133/><V111/><F111/><W128/><G115/><T78/><D92/><U118/><E118/><V57/><F57/><W54/><G128/><T105/><D44/><U43/><E43/><V108/><F108/><W107/><G58/><T55/><D46/><U20/><E66/><AGARI ba="0,0" hai="10,12,17,26,27,59,60,66,85,89,93" m="25703" machi="66" ten="30,1000,0" yaku="8,1" doraHai="24" who="2" fromWho="1" sc="315,0,250,-10,120,10,315,0" /><INIT seed="2,0,0,1,1,135" ten="315,240,130,315" oya="2" hai0="103,6,129,47,30,94,116,24,0,113,77,65,1" hai1="32,97,38,64,108,66,23,29,99,121,83,74,68" hai2="46,120,84,70,78,60,109,96,117,25,21,52,134" hai3="11,71,41,82,131,27,31,42,92,100,39,13,22"/><V12/><F117/><W118/><G118/><T33/><D113/><U63/><E38/><V75/><F120/><W55/><G71/><T67/><D116/><U8/><E108/><V54/><F75/><W102/><G131/><T50/><D129/><U81/><E121/><V57/><F70/><W44/><G82/><T119/><D119/><U56/><E32/><V86/><F134/><W7/><G42/><T20/><D77/><U37/><E37/><V2/><F2/><W14/><G14/><T17/><D103/><U26/><E8/><V61/><F12/><W4/><G4/><T40/><D94/><U9/><E9/><V36/><F36/><W72/><G72/><T89/><D89/><U111/><E111/><V98/><F109/><W90/><G55/><T58/><D58/><U87/><E74/><V101/><F78/><W16/><G7/><T34/><D34/><U79/><E83/><V28/><F98/><AGARI ba="0,0" hai="11,13,16,22,27,31,39,41,44,90,92,98,100,102" machi="98" ten="30,2000,0" yaku="7,1,54,1" doraHai="135" who="3" fromWho="2" sc="315,0,240,0,130,-20,315,20" /><INIT seed="3,0,0,1,5,115" ten="315,240,110,335" oya="3" hai0="22,59,77,6,131,83,10,7,34,9,85,40,50" hai1="73,106,75,64,105,119,12,47,103,113,74,39,24" hai2="14,121,117,0,68,110,133,33,111,135,13,95,61" hai3="96,128,78,116,29,100,16,26,122,52,32,87,21"/><W99/><G122/><T51/><D34/><U102/><E64/><N who="2" m="40975" /><F33/><W23/><G116/><T43/><D131/><U92/><E39/><V129/><F0/><W4/><G32/><T108/><D108/><N who="2" m="41514" /><F121/><W109/><G109/><T93/><D93/><U49/><E113/><V79/><F79/><W104/><G128/><T20/><D59/><U27/><E119/><V101/><F129/><W88/><G96/><T55/><D55/><U5/><E106/><V19/><F19/><W127/><G78/><T60/><D60/><U71/><E105/><V70/><F70/><W36/><G4/><T120/><D120/><U17/><E71/><V58/><F117/><W2/><G2/><T30/><D30/><U97/><E5/><V54/><F101/><W56/><G36/><T53/><D53/><U124/><E103/><V76/><F95/><W44/><G44/><T125/><D77/><U42/><REACH who="1" step="1"/><E124/><REACH who="1" ten="315,230,110,335" step="2"/><V46/><F76/><W72/><G127/><T94/><D125/><U107/><E107/><V15/><F46/><W18/><G72/><T69/><D69/><U91/><E91/><V84/><F84/><W126/><G126/><T48/><D85/><U45/><E45/><V1/><F1/><W66/><G88/><T67/><D7/><U8/><AGARI ba="0,1" hai="8,12,17,24,27,42,47,49,73,74,75,92,97,102" machi="8" ten="30,2000,0" yaku="1,1,0,1,53,0" doraHai="115" doraHaiUra="114" who="1" fromWho="1" sc="315,-5,230,30,110,-5,335,-10" /><INIT seed="4,0,0,4,4,19" ten="310,260,105,325" oya="0" hai0="31,22,105,53,111,77,82,54,72,88,94,21,61" hai1="17,79,68,108,28,85,107,34,45,83,14,104,81" hai2="125,116,29,46,58,96,12,63,70,102,26,87,5" hai3="32,90,97,51,73,24,112,6,18,71,132,16,120"/><T133/><D105/><U103/><E68/><V121/><F70/><W0/><G73/><T39/><D39/><U123/><E123/><V57/><F121/><W126/><G120/><T114/><D31/><U4/><E4/><V89/><F116/><W35/><G71/><T37/><D37/><U50/><E34/><V23/><F125/><W124/><G112/><T106/><D106/><U8/><E28/><V27/><F46/><W134/><G51/><T129/><D114/><U131/><E103/><V44/><F44/><W69/><G69/><T80/><D111/><U56/><E131/><V3/><F3/><W11/><G90/><T60/><D129/><U75/><E56/><V74/><F74/><W15/><G97/><N who="0" m="57543" /><D72/><U30/><E30/><V64/><F58/><W130/><G130/><T59/><D133/><N who="3" m="51305" /><G24/><T76/><D54/><U2/><E2/><V62/><F62/><W38/><G38/><T41/><D41/><U43/><REACH who="1" step="1"/><E108/><REACH who="1" ten="310,250,105,325" step="2"/><V66/><F29/><W78/><G35/><T36/><D61/><U20/><E20/><N who="0" m="7785" /><D36/><U135/><E135/><V47/><F64/><W48/><G32/><T7/><D7/><U91/><AGARI ba="0,1" hai="8,14,17,43,45,50,75,79,81,83,85,91,104,107" machi="91" ten="20,2700,0" yaku="1,1,0,1,7,1,53,0" doraHai="19" doraHaiUra="119" who="1" fromWho="1" sc="310,-13,250,37,105,-7,325,-7" /><INIT seed="5,0,0,0,0,123" ten="297,287,98,318" oya="1" hai0="45,80,20,101,53,131,75,127,38,97,24,83,26" hai1="73,98,59,28,134,35,50,21,72,69,13,91,133" hai2="89,68,63,10,52,71,118,77,79,105,30,7,39" hai3="15,14,122,8,41,103,54,0,18,113,130,42,55"/><U108/><E69/><V94/><F105/><W70/><G122/><T129/><D127/><U11/><E35/><V48/><F39/><W120/><G120/><T6/><D6/><U82/><E21/><V128/><F118/><W67/><G0/><T96/><D75/><U46/><E28/><V102/><F102/><W74/><G74/><T92/><D96/><U107/><E59/><V29/><F71/><W87/><G113/><T56/><D45/><U37/><E37/><V116/><F116/><W88/><G130/><N who="0" m="49675" /><D38/><U60/><E60/><V99/><F128/><W23/><G103/><T114/><D114/><U33/><E33/><V47/><F68/><W31/><G31/><N who="2" m="11785" /><F63/><W119/><G119/><T36/><D36/><U64/><E64/><V22/><F22/><W61/><G42/><T100/><D100/><U124/><E124/><V125/><F125/><W66/><G41/><T4/><D4/><U132/><E73/><V78/><F7/><W12/><G66/><T104/><D104/><U57/><E107/><V93/><F93/><W85/><G67/><T121/><D121/><U81/><E72/><V43/><F10/><W76/><G70/><T27/><D20/><U90/><E11/><V111/><F43/><W117/><G117/><T5/><D5/><U9/><E9/><V112/><F112/><W32/><G8/><T109/><D109/><U86/><E108/><V58/><F111/><W62/><G32/><T25/><N who="0" m="6656" /><DORA hai="51" /><T40/><D40/><U44/><E133/><V34/><F34/><W115/><G115/><T135/><D135/><U110/><E134/><RYUUKYOKU ba="0,0" sc="297,15,287,-15,98,15,318,-15" hai0="53,56,80,83,92,97,101" hai2="47,48,52,58,77,78,79,89,94,99" /><INIT seed="6,1,0,5,4,124" ten="312,272,113,303" oya="2" hai0="38,59,27,47,8,121,54,129,52,72,50,24,101" hai1="45,69,91,10,60,5,66,20,109,100,82,73,85" hai2="114,19,7,119,40,70,68,46,23,107,0,67,22" hai3="4,71,31,88,55,112,79,128,93,25,36,116,75"/><V56/><F107/><W131/><G116/><T90/><D72/><U132/><E73/><V96/><F114/><W78/><G36/><T33/><D33/><U122/><E122/><V102/><F119/><W2/><G71/><T81/><D121/><U130/><E130/><N who="3" m="49706" /><G112/><T92/><D129/><U63/><E132/><V95/><F7/><W48/><G75/><T135/><D135/><U80/><E100/><V29/><F0/><W74/><G74/><T3/><D3/><U1/><E60/><N who="2" m="38279" /><F22/><N who="3" m="15799" /><G4/><T77/><D101/><U9/><E5/><V115/><F19/><W6/><G6/><T41/><D8/><U13/><E1/><V97/><F97/><N who="3" m="57511" /><G2/><T89/><D27/><U16/><E69/><V117/><F117/><W125/><G125/><T26/><D26/><U65/><E109/><V104/><F104/><W99/><G99/><T14/><D24/><U87/><E85/><V134/><F70/><W94/><G94/><T15/><D38/><U113/><E87/><V103/><F68/><W98/><G98/><T123/><D123/><U133/><E113/><V118/><F115/><W105/><G105/><T126/><D126/><U108/><E133/><V12/><F134/><W39/><G39/><T58/><D92/><U51/><E108/><V37/><F118/><W76/><G76/><T42/><D15/><U53/><E13/><V62/><F29/><W84/><G84/><N who="0" m="48175" /><D14/><U43/><E82/><V35/><F35/><W18/><G18/><T21/><D89/><U44/><E91/><N who="2" m="55423" /><F62/><W61/><G61/><T49/><D90/><U17/><E63/><V111/><F111/><RYUUKYOKU ba="1,0" sc="312,-15,272,-15,113,15,303,15" hai2="12,23,37,40,46,102,103" hai3="48,55,78,79" /><INIT seed="6,2,0,4,3,89" ten="297,257,128,318" oya="2" hai0="31,122,13,93,58,42,41,59,101,110,48,18,21" hai1="113,14,8,0,120,109,27,116,115,128,30,10,66" hai2="15,24,55,17,19,49,130,127,74,129,85,5,52" hai3="37,104,26,45,84,20,67,123,40,76,43,65,87"/><V83/><F74/><W118/><G118/><T75/><D110/><U91/><E116/><V39/><F127/><W47/><G123/><T72/><D122/><U25/><E120/><V71/><F39/><W44/><G104/><T3/><D3/><U12/><E66/><N who="3" m="25098" /><G37/><T79/><D79/><U126/><E91/><N who="2" m="51647" /><F71/><W34/><G34/><T23/><D75/><U50/><E50/><V99/><F99/><W86/><G76/><T121/><D72/><U64/><E64/><V134/><F134/><W1/><G1/><T78/><D78/><U80/><E80/><V125/><F125/><W35/><G35/><T105/><D105/><U111/><E126/><V107/><F107/><W132/><G132/><T62/><D121/><U2/><E30/><AGARI ba="2,0" hai="20,26,30,40,43,44,45,47,84,86,87" m="25098" machi="30" ten="30,1000,0" yaku="8,1" doraHai="89" who="3" fromWho="1" sc="297,0,257,-16,128,0,318,16" /><INIT seed="7,0,0,1,3,100" ten="297,241,128,334" oya="3" hai0="57,7,116,10,71,38,3,64,125,103,12,94,132" hai1="68,19,117,113,32,120,96,13,55,130,18,2,108" hai2="47,0,86,14,74,30,114,62,48,16,129,42,110" hai3="4,51,24,107,54,121,124,65,91,6,122,25,17"/><W29/><G107/><T133/><D116/><U95/><E68/><V85/><F74/><W99/><G65/><T40/><D71/><U119/><E32/><V39/><F0/><W93/><G124/><T1/><D125/><U77/><E77/><V8/><F110/><W106/><G106/><T75/><D75/><U45/><E120/><V127/><F114/><W44/><G121/><T34/><D34/><U90/><E113/><V109/><F127/><W61/><G61/><N who="0" m="37935" /><D40/><U73/><E73/><V92/><F129/><W79/><G79/><T50/><D38/><U46/><E130/><V84/><F109/><W69/><G69/><T78/><D78/><U76/><E76/><V115/><F115/><W33/><G122/><T97/><D50/><U87/><E2/><V9/><F39/><W53/><G53/><T80/><D80/><U126/><E126/><V70/><F70/><W37/><G37/><T58/><D58/><U134/><E134/><AGARI ba="0,0" hai="1,3,7,10,12,94,97,103,132,133,134" m="37935" machi="134" ten="30,1000,0" yaku="20,1" doraHai="100" who="0" fromWho="1" sc="297,10,241,-10,128,0,334,0" owari="307,11.0,231,-17.0,128,-37.0,334,43.0" /></mjloggm>