<mjloggm ver="2.3"><GO type="97" lobby="0"/><UN n0="%64%6B%67" n1="%E5%B0%B1%E6%B4%BB%E7%94%9F%40%E5%B7%9D%E6%9D%91%E8%BB%8D%E5%9B%A3" n2="%E6%A1%9C%E7%AB%9C%E2%80%A0%E3%82%BF%E3%83%9E" n3="%E3%81%BE%E3%81%A3%E3%81%93%E3%81%86%E3%82%AF%E3%82%B8%E3%83%A9" dan="13,14,15,13" rate="1858.90,1980.50,2078.85,1828.62" sx="M,M,F,M"/><TAIKYOKU oya="0"/><INIT seed="0,0,0,5,4,45" ten="250,250,250,250" oya="0" hai0="61,6,27,22,46,135,37,119,122,52,60,32,71" hai1="117,92,15,98,43,59,64,8,35,17,4,9,105" hai2="14,106,132,96,39,84,116,29,28,24,72,109,70" hai3="121,40,33,3,87,81,80,101,7,76,34,68,25"/><T58/><D32/><U41/><E117/><V78/><F116/><W75/><G68/><T57/><D119/><U2/><E35/><V5/><F132/><W56/><G121/><T11/><D135/><U12/><E105/><V103/><F109/><W23/><G40/><T99/><D71/><U54/><E64/><V113/><F113/><W20/><G101/><T124/><D124/><U128/><E128/><V79/><F70/><W55/><G3/><T85/><D122/><U130/><E2/><V38/><F28/><W48/><G7/><T74/><D74/><U108/><E108/><V63/><F63/><W18/><REACH who="3" step="1"/><G23/><REACH who="3" ten="250,250,250,240" step="2"/><T50/><D37/><U65/><E130/><V112/><F112/><W102/><G102/><T120/><D120/><U110/><E110/><V49/><F5/><W126/><G126/><T13/><D22/><U53/><E43/><V31/><F103/><W19/><G19/><T44/><D27/><U36/><E36/><V30/><F24/><W69/><G69/><T123/><D123/><U107/><E41/><V133/><F38/><W1/><G1/><T125/><D125/><U104/><E104/><V67/><F39/><W100/><G100/><T89/><D99/><U83/><E107/><V94/><F106/><W73/><G73/><T134/><D134/><U26/><E26/><V62/><F72/><W114/><G114/><T66/><D66/><U93/><E98/><V16/><F96/><W131/><G131/><T42/><D42/><U88/><E17/><V91/><F67/><W10/><G10/><T90/><D6/><U95/><E4/><RYUUKYOKU ba="0,1" sc="250,-10,250,-10,250,-10,240,30" hai3="18,20,25,33,34,48,55,56,75,76,80,81,87" /><INIT seed="1,1,1,0,2,121" ten="240,240,240,270" oya="1" hai0="124,16,85,14,72,1,67,90,100,50,65,75,106" hai1="93,99,60,28,107,55,94,3,51,116,98,4,41" hai2="97,64,33,9,25,17,54,34,74,119,80,8,76" hai3="18,113,12,43,45,92,63,125,42,31,79,108,89"/><U10/><E116/><V96/><F119/><W21/><G113/><T39/><D1/><U95/><E107/><V38/><F38/><W115/><G115/><T128/><D39/><U77/><E28/><V114/><F114/><W83/><G125/><T135/><D135/><U52/><E77/><V118/><F118/><W69/><G31/><T40/><D124/><U127/><E127/><V88/><F64/><W91/><G108/><T86/><D86/><U61/><E41/><V123/><F123/><W2/><G2/><T27/><D27/><U66/><E60/><V109/><F109/><W30/><G30/><T82/><D100/><U129/><E129/><V20/><F54/><W58/><G69/><T23/><D106/><U71/><REACH who="1" step="1"/><E55/><REACH who="1" ten="240,230,240,270" step="2"/><V131/><F131/><W102/><G43/><T6/><D128/><U56/><AGARI ba="1,2" hai="3,4,10,51,52,56,61,66,71,93,94,95,98,99" machi="56" ten="30,11700,0" yaku="1,1,2,1,0,1,54,1,53,0" doraHai="121" doraHaiUra="101" who="1" fromWho="1" sc="240,-40,230,140,240,-40,270,-40" /><INIT seed="1,2,0,4,2,100" ten="200,370,200,230" oya="1" hai0="9,120,95,11,7,80,130,85,124,3,65,55,4" hai1="77,91,96,108,31,18,87,49,106,89,101,59,0" hai2="111,42,39,17,110,128,33,103,5,32,21,62,34" hai3="6,105,64,28,15,122,123,40,20,104,71,37,129"/><U52/><E0/><V29/><F62/><N who="3" m="40343" /><G20/><T114/><D124/><U70/><E70/><V72/><F72/><W51/><G15/><T117/><D65/><U82/><E108/><N who="2" m="41515" /><F103/><W113/><G51/><T132/><D114/><U50/><E31/><V41/><F39/><W118/><G113/><T44/><D120/><N who="3" m="46121" /><G28/><T45/><D95/><U67/><E67/><V46/><F46/><N who="3" m="23823" /><G6/><T1/><D55/><U26/><E26/><N who="2" m="18487" /><F128/><W74/><G74/><T69/><D130/><U23/><E50/><V13/><F42/><W119/><G129/><T48/><D69/><U30/><E30/><V116/><F41/><W24/><G24/><T27/><D27/><U90/><E23/><V109/><N who="2" m="41523" /><V16/><DORA hai="131" /><F5/><W25/><G25/><T88/><D48/><U19/><AGARI ba="2,0" hai="18,19,49,52,59,77,82,87,89,90,91,96,101,106" machi="19" ten="30,6000,0" yaku="0,1,52,1,54,1" doraHai="100,131" who="1" fromWho="1" sc="200,-22,370,66,200,-22,230,-22" /><INIT seed="1,3,0,5,3,92" ten="178,436,178,208" oya="1" hai0="125,104,77,99,48,13,62,40,114,120,87,29,59" hai1="79,71,76,118,57,98,67,12,103,115,60,122,34" hai2="117,72,0,55,61,33,84,129,24,53,54,37,95" hai3="102,127,128,90,6,133,121,93,97,130,112,45,65"/><U86/><E118/><V111/><F117/><W51/><G121/><T26/><D114/><U52/><E122/><V1/><F72/><W123/><G123/><T96/><D120/><U5/><E34/><V88/><F37/><W46/><G112/><T8/><D104/><U7/><E115/><V32/><F111/><W113/><G113/><T110/><D110/><U31/><E31/><V75/><F75/><W124/><G6/><N who="0" m="3223" /><D26/><U11/><E5/><V20/><F129/><N who="3" m="49771" /><G65/><N who="0" m="39135" /><D29/><U68/><E86/><V49/><F49/><W47/><G102/><T38/><D38/><U134/><E134/><V107/><F61/><W70/><G70/><T94/><D125/><N who="3" m="48201" /><G51/><T116/><D116/><U36/><E36/><V2/><REACH who="2" step="1"/><F107/><REACH who="2" ten="178,436,168,208" step="2"/><W17/><G17/><AGARI ba="3,1" hai="0,1,2,17,20,24,32,33,53,54,55,84,88,95" machi="17" ten="50,6400,0" yaku="1,1,2,1,54,1,53,0" doraHai="92" doraHaiUra="41" who="2" fromWho="3" sc="178,0,436,0,168,83,208,-73" /><INIT seed="2,0,0,2,2,43" ten="178,436,251,135" oya="2" hai0="75,10,19,16,64,97,58,133,69,27,117,12,28" hai1="88,131,31,61,29,23,76,0,130,81,121,26,13" hai2="116,124,77,54,71,44,73,94,21,55,36,105,128" hai3="22,25,52,135,134,49,11,112,38,125,126,110,18"/><V86/><F116/><W17/><G38/><T95/><D69/><U39/><E121/><V66/><F105/><W109/><G112/><T41/><D75/><U2/><E39/><V57/><F124/><N who="3" m="47723" /><G52/><T123/><D133/><N who="3" m="50697" /><G49/><T24/><D123/><U115/><E115/><V8/><F8/><W1/><G1/><T101/><D117/><U20/><E61/><V42/><F21/><N who="3" m="13487" /><G11/><T102/><D102/><U56/><E56/><V4/><F36/><W72/><G72/><T70/><D70/><U30/><E2/><V46/><F42/><W100/><G100/><T118/><D41/><U67/><E67/><V99/><F73/><W47/><G47/><T96/><D96/><U14/><E0/><V106/><F99/><W6/><G6/><T85/><D118/><U32/><E32/><V91/><F4/><W132/><N who="3" m="50705" /><W129/><DORA hai="92" /><G129/><T89/><D10/><U93/><E131/><V53/><F128/><W68/><G68/><T84/><D101/><U59/><E130/><V120/><F120/><W60/><G60/><T103/><D103/><U82/><E59/><V51/><F71/><W7/><G7/><T48/><D48/><U111/><E111/><V80/><F106/><W34/><G34/><T15/><D58/><U107/><E107/><V119/><F119/><W83/><G83/><T65/><D97/><N who="1" m="57511" /><E82/><V74/><REACH who="2" step="1"/><F51/><REACH who="2" ten="178,436,241,135" step="2"/><W9/><G9/><T108/><D108/><U114/><E114/><V50/><F50/><W113/><G113/><T37/><D37/><U63/><E23/><V79/><F79/><W3/><G3/><T98/><D98/><RYUUKYOKU ba="0,1" sc="178,-15,436,-15,241,15,135,15" hai2="44,46,53,54,55,57,66,74,77,80,86,91,94" hai3="18,22,109,110" /><INIT seed="2,1,1,5,4,106" ten="163,421,256,150" oya="2" hai0="102,14,62,38,74,133,132,80,24,97,48,126,66" hai1="52,64,99,91,21,85,86,51,100,127,23,5,77" hai2="16,96,20,84,18,92,93,63,110,2,59,70,12" hai3="43,27,121,83,68,79,122,11,6,42,30,109,108"/><V115/><F115/><W72/><G68/><N who="0" m="42071" /><D14/><U10/><E127/><V36/><F36/><W29/><G42/><T98/><D24/><U114/><E64/><V41/><F2/><N who="3" m="471" /><G43/><T25/><D48/><U17/><E114/><V101/><F70/><W128/><G128/><T61/><D25/><U88/><E77/><V71/><F71/><W53/><G53/><T44/><D61/><U1/><E86/><V55/><F110/><N who="3" m="42603" /><G29/><T90/><D44/><U69/><E69/><V119/><F119/><W103/><G103/><T22/><D22/><AGARI ba="1,1" hai="22,27,30,72,79,83,121,122" m="42603,471" machi="22" ten="30,2000,0" yaku="14,1,52,1" doraHai="106" who="3" fromWho="0" sc="163,-23,421,0,256,0,150,33" /><INIT seed="3,0,0,1,1,49" ten="140,421,256,183" oya="3" hai0="102,111,99,36,38,61,105,33,23,114,82,21,69" hai1="53,51,65,8,100,131,117,25,98,129,126,35,95" hai2="66,0,10,13,67,132,43,85,87,27,40,80,133" hai3="34,58,113,119,47,45,112,37,44,90,74,5,71"/><W70/><G74/><T91/><D111/><U4/><E117/><V75/><F27/><W92/><G34/><T84/><D114/><U11/><E126/><V22/><F22/><W32/><G32/><T15/><D23/><U1/><E65/><N who="2" m="24587" /><F75/><W109/><G119/><T88/><D91/><U68/><E68/><V50/><F0/><W97/><G5/><T18/><D33/><U19/><E35/><V104/><F104/><W83/><G83/><T59/><REACH who="0" step="1"/><D69/><REACH who="0" ten="130,421,256,183" step="2"/><U46/><E25/><V86/><F80/><W9/><G109/><T41/><D41/><U103/><E103/><V89/><F89/><W128/><G128/><N who="1" m="49226" /><E11/><V106/><F40/><W93/><G9/><T108/><D108/><U24/><E24/><V127/><F43/><W62/><G37/><T42/><D42/><U29/><E29/><V63/><F10/><W30/><G30/><T31/><D31/><U60/><E19/><V94/><F133/><W96/><G113/><T39/><D39/><U72/><E72/><V124/><F132/><W7/><G112/><T14/><D14/><U2/><E2/><V116/><F13/><W120/><G7/><T101/><D101/><U134/><E134/><V135/><F135/><W110/><G110/><T81/><D81/><U73/><E73/><V52/><F116/><W16/><G16/><T79/><D79/><U12/><E1/><V57/><F127/><W20/><G20/><T125/><D125/><U107/><E107/><V6/><F124/><W55/><G120/><T26/><D26/><U17/><E4/><V76/><F6/><W123/><G123/><RYUUKYOKU ba="0,1" sc="130,10,421,10,256,-30,183,10" hai0="15,18,21,36,38,59,61,82,84,88,99,102,105" hai1="8,12,17,46,51,53,60,95,98,100" hai3="44,45,47,55,58,62,70,71,90,92,93,96,97" /><INIT seed="3,1,1,3,2,83" ten="140,431,226,193" oya="3" hai0="3,101,64,7,13,53,86,116,100,22,62,0,103" hai1="2,113,23,82,88,81,54,63,67,128,87,74,107" hai2="73,127,132,84,4,55,122,29,133,36,110,1,112" hai3="130,45,129,125,8,58,37,24,52,131,96,30,68"/><W117/><G68/><T51/><D116/><U80/><E113/><V98/><F55/><W65/><G117/><T75/><D75/><U44/><E107/><V15/><F98/><W111/><G65/><T109/><D109/><U76/><E2/><V41/><F84/><W17/><G125/><T92/><D3/><U26/><E128/><V120/><F41/><N who="3" m="22703" /><G111/><T27/><D0/><U21/><E81/><V105/><F15/><N who="3" m="7399" /><G96/><T35/><D35/><U134/><E134/><V9/><F29/><W38/><G38/><T106/><D106/><U77/><E77/><V95/><F95/><W71/><G71/><T119/><D119/><U43/><E54/><V32/><F9/><W121/><G121/><T70/><D13/><U118/><E118/><V56/><F56/><W48/><G24/><T60/><D7/><U18/><E23/><V33/><F4/><W123/><G123/><T69/><D69/><U6/><E6/><V47/><F120/><W12/><G12/><T61/><D64/><U115/><E115/><V78/><F47/><W108/><G108/><T49/><D70/><U97/><E97/><V59/><F132/><W135/><G135/><T89/><REACH who="0" step="1"/><D53/><REACH who="0" ten="130,431,226,193" step="2"/><U99/><E67/><V19/><F133/><W40/><G40/><T5/><D5/><U50/><E63/><V46/><F1/><W79/><G79/><T91/><D91/><U39/><E99/><V93/><F78/><W66/><G66/><T57/><D57/><U90/><E90/><V114/><F110/><W104/><G104/><T124/><D124/><U42/><E42/><V10/><F114/><RYUUKYOKU ba="1,2" sc="130,10,431,10,226,-30,193,10" hai0="22,27,49,51,60,61,62,86,89,92,100,101,103" hai1="18,21,26,39,43,44,50,74,76,80,82,87,88" hai3="30,48,52,58,129,130,131" /><INIT seed="3,2,2,3,2,36" ten="140,441,196,203" oya="3" hai0="45,108,135,129,1,14,120,21,89,83,126,131,80" hai1="44,37,29,101,48,81,9,50,15,122,35,72,114" hai2="24,47,128,130,88,97,43,58,7,118,87,78,17" hai3="100,67,64,18,39,60,113,22,71,59,69,124,32"/><W46/><G32/><T28/><D1/><U31/><E122/><V27/><F118/><W63/><G100/><T25/><D120/><U55/><E114/><V99/><F7/><W121/><G121/><T41/><D135/><U52/><E37/><N who="2" m="21999" /><F58/><N who="3" m="36887" /><G18/><T10/><D126/><U0/><E0/><V66/><F66/><N who="3" m="39295" /><G22/><T11/><D89/><U73/><E101/><V117/><F117/><W61/><G113/><T92/><D92/><U68/><E68/><V107/><F78/><W57/><G124/><T42/><D45/><U94/><E94/><N who="2" m="54559" /><F107/><W116/><G116/><T30/><D30/><U20/><E35/><V53/><F53/><W75/><G75/><T95/><D95/><U49/><E73/><V133/><F133/><W65/><G65/><T5/><D10/><U86/><E72/><V106/><F106/><W82/><G82/><T132/><D132/><U119/><E119/><V127/><F127/><W77/><G77/><T74/><D74/><U105/><E105/><V110/><F110/><W102/><G102/><T2/><D2/><U56/><E20/><N who="2" m="13327" /><F27/><W93/><G93/><T111/><D83/><U51/><E81/><V70/><F70/><W76/><G76/><T104/><D80/><U85/><E85/><V34/><F34/><W98/><G98/><T6/><D104/><U23/><E86/><V96/><F96/><W19/><G19/><T112/><D6/><N who="1" m="3511" /><E23/><V13/><F13/><W16/><G16/><N who="0" m="8287" /><D112/><U134/><E134/><V62/><F62/><AGARI ba="2,2" hai="29,31,44,48,49,50,51,52,55,56,62" m="3511" machi="62" ten="30,2000,0" yaku="8,1,54,1" doraHai="36" who="1" fromWho="2" sc="140,0,441,46,196,-26,203,0" owari="140,-36.0,487,59.0,170,-23.0,203,0.0" /></mjloggm>