<mjloggm ver="2.3"><GO type="97" lobby="0"/><UN n0="%E7%A7%81%E7%AB%8B%E4%B8%AD%E5%AD%A6%E7%94%9F%EF%BC%A0%E7%BE%A4%E9%A6%AC" n1="%48%65%61%72%E2%80%A0%73%31%38" n2="%E3%83%96%E3%83%A9%E3%82%A4%E3%82%B9" n3="%E5%B0%B1%E6%B4%BB%E7%94%9F%40%E5%B7%9D%E6%9D%91%E8%BB%8D%E5%9B%A3" dan="14,14,14,15" rate="1938.44,1991.97,1944.67,1988.89" sx="M,F,F,M"/><TAIKYOKU oya="0"/><INIT seed="0,0,0,0,5,88" ten="250,250,250,250" oya="0" hai0="12,69,129,24,116,131,15,50,35,63,51,19,21" hai1="62,103,99,29,118,74,17,113,25,7,6,107,18" hai2="126,76,34,11,120,59,82,58,53,135,78,111,26" hai3="94,71,121,14,110,45,108,109,30,80,132,133,106"/><T27/><D116/><U125/><E118/><V8/><F120/><W127/><G106/><T112/><D112/><U89/><E113/><V49/><F126/><W41/><G71/><T84/><D84/><U36/><E125/><V83/><F111/><W3/><G3/><T32/><D69/><U22/><E74/><V23/><F34/><N who="0" m="12842" /><D63/><U48/><E36/><V73/><F135/><N who="3" m="51787" /><G127/><T16/><D50/><U122/><E122/><V70/><F70/><W40/><G121/><T119/><D51/><U20/><E62/><V52/><F26/><N who="0" m="9770" /><D119/><U101/><E48/><V44/><F23/><AGARI ba="0,0" hai="12,15,16,19,21,23,129,131" m="9770,12842" machi="23" ten="30,5800,0" yaku="34,2,54,1" doraHai="88" who="0" fromWho="2" sc="250,58,250,0,250,-58,250,0" /><INIT seed="0,1,0,3,3,43" ten="308,250,192,250" oya="0" hai0="65,123,135,125,107,115,19,76,8,41,63,122,42" hai1="36,97,25,101,55,130,116,95,20,38,68,87,100" hai2="47,29,129,91,79,62,10,84,94,121,59,75,80" hai3="109,51,40,6,133,67,66,128,132,12,57,105,15"/><T2/><D115/><U70/><E116/><V9/><F121/><W7/><G105/><T98/><D125/><U27/><E130/><V3/><F129/><W53/><G109/><T90/><D76/><U106/><E55/><V26/><F3/><W5/><G128/><T58/><D135/><N who="3" m="51785" /><G40/><T50/><D122/><U4/><E4/><N who="3" m="1026" /><W46/><DORA hai="45" /><G57/><T28/><D28/><U0/><E0/><V72/><F72/><W85/><G85/><T14/><D123/><U88/><E101/><V56/><F56/><W124/><G124/><T86/><D2/><U64/><E25/><V23/><REACH who="2" step="1"/><F47/><REACH who="2" ten="308,250,182,250" step="2"/><W117/><G117/><T127/><D127/><U114/><E114/><V22/><F22/><W82/><G82/><T73/><D73/><U60/><REACH who="1" step="1"/><E70/><REACH who="1" ten="308,240,182,250" step="2"/><V37/><F37/><W83/><G83/><T61/><D58/><U54/><E54/><AGARI ba="1,2" hai="9,10,23,26,29,54,59,62,75,79,80,84,91,94" machi="54" ten="30,3900,0" yaku="1,1,7,1,53,1" doraHai="43,45" doraHaiUra="110,24" who="2" fromWho="1" sc="308,0,240,-42,182,62,250,0" /><INIT seed="1,0,0,2,3,113" ten="308,198,244,250" oya="1" hai0="118,86,81,62,132,32,111,10,129,40,3,57,94" hai1="74,45,56,17,93,61,130,76,97,82,28,80,98" hai2="88,43,15,127,47,96,22,34,8,95,122,116,75" hai3="59,109,106,72,85,92,100,49,65,19,73,63,121"/><U41/><E130/><V114/><F114/><W131/><G121/><T78/><D118/><U68/><E68/><V33/><F116/><W134/><G131/><T123/><D32/><U6/><E28/><V54/><F75/><W84/><G134/><T14/><D129/><U39/><E80/><V125/><F22/><W102/><G109/><T135/><D111/><U55/><E93/><V117/><F54/><W87/><G106/><T42/><D3/><U133/><E133/><N who="0" m="51273" /><D94/><U51/><E17/><N who="2" m="8423" /><F117/><W46/><G19/><N who="0" m="8663" /><D123/><U119/><E119/><V2/><F2/><W9/><G9/><T21/><D21/><U48/><REACH who="1" step="1"/><E6/><REACH who="1" ten="308,188,244,250" step="2"/><V1/><F122/><W105/><G105/><T124/><D124/><U35/><E35/><V69/><F69/><W24/><G92/><T120/><D120/><U101/><E101/><N who="3" m="39018" /><G73/><T90/><D78/><U12/><E12/><V38/><F1/><W128/><G72/><T23/><D23/><U37/><E37/><V11/><F11/><W66/><G128/><T36/><D36/><U7/><E7/><V58/><F33/><W13/><G13/><T16/><D16/><U25/><E25/><V52/><F34/><W67/><G24/><T4/><D4/><U103/><E103/><V29/><F29/><W20/><G20/><T50/><D81/><U0/><E0/><V91/><F91/><W70/><G70/><T115/><D90/><U64/><E64/><V110/><F110/><W26/><G26/><T89/><D115/><U71/><E71/><V99/><F99/><AGARI ba="0,1" hai="39,41,45,48,51,55,56,61,74,76,82,97,98,99" machi="99" ten="40,3900,0" yaku="1,1,53,1" doraHai="113" doraHaiUra="79" who="1" fromWho="2" sc="308,0,188,49,244,-39,250,0" /><INIT seed="1,1,0,1,4,96" ten="308,237,205,250" oya="1" hai0="10,99,22,71,18,5,53,114,125,111,36,101,103" hai1="60,119,81,42,23,95,82,72,16,37,39,107,129" hai2="27,87,6,8,108,11,91,104,34,66,24,89,93" hai3="30,20,13,28,70,55,118,3,102,122,94,92,49"/><U47/><E119/><V105/><F108/><W110/><G70/><T57/><D114/><U59/><E107/><V43/><F43/><W128/><G3/><T45/><D111/><U15/><E37/><V76/><F76/><W75/><G122/><T97/><D71/><U78/><E81/><V7/><F66/><W79/><G118/><T54/><D125/><U116/><E116/><V25/><F34/><W115/><G110/><T112/><D112/><U21/><E95/><V50/><F50/><W80/><G115/><T123/><D123/><U14/><E129/><V0/><REACH who="2" step="1"/><F91/><REACH who="2" ten="308,237,195,250" step="2"/><W117/><G117/><T109/><D36/><U124/><E124/><V131/><F131/><W132/><G128/><T126/><D126/><U41/><E42/><V12/><AGARI ba="1,1" hai="0,6,7,8,11,12,24,25,27,87,89,93,104,105" machi="12" ten="30,4000,0" yaku="1,1,0,1,53,1" doraHai="96" doraHaiUra="88" who="2" fromWho="2" sc="308,-11,237,-21,195,53,250,-11" /><INIT seed="2,0,0,1,5,43" ten="297,216,248,239" oya="2" hai0="34,96,109,17,62,118,15,0,52,105,23,41,83" hai1="100,115,67,99,71,55,42,37,130,77,68,24,26" hai2="119,120,93,86,22,78,35,9,40,103,87,19,82" hai3="44,95,12,47,31,48,73,16,21,33,38,6,4"/><V102/><F120/><W53/><G73/><T121/><D121/><U91/><E77/><V74/><F35/><W92/><G33/><T133/><D109/><U116/><E91/><N who="2" m="53503" /><F74/><W58/><G31/><T8/><D34/><U124/><E99/><V25/><F119/><W79/><G79/><T81/><D118/><U132/><E100/><N who="2" m="38443" /><F40/><W88/><G95/><T111/><D105/><U39/><E24/><V114/><F114/><W66/><G38/><N who="1" m="14346" /><E26/><V49/><F49/><W76/><G76/><T54/><D96/><U69/><E116/><V60/><F60/><N who="3" m="38167" /><G44/><T57/><D111/><U20/><E20/><V117/><F117/><W107/><G107/><T28/><D133/><U45/><E115/><V46/><F9/><W13/><G13/><T63/><D41/><U61/><E132/><V72/><F72/><W123/><G123/><T27/><D0/><U84/><E42/><V11/><F11/><W110/><G110/><T98/><D98/><AGARI ba="0,0" hai="4,6,12,16,21,47,48,53,88,92,98" m="38167" machi="98" ten="30,7700,0" yaku="8,1,52,1,54,2" doraHai="43" who="3" fromWho="0" sc="297,-77,216,0,248,0,239,77" /><INIT seed="3,0,0,4,0,84" ten="220,216,248,316" oya="3" hai0="18,26,99,0,6,76,109,58,57,56,124,60,87" hai1="62,9,39,68,79,33,135,94,63,91,3,73,130" hai2="11,61,52,90,59,107,45,127,64,41,43,38,20" hai3="19,86,105,25,96,49,117,36,48,75,27,93,89"/><W122/><G36/><T2/><D124/><U15/><E33/><V80/><F107/><W131/><G122/><T51/><D109/><U128/><E135/><V29/><F127/><W72/><G117/><T22/><D99/><N who="1" m="57823" /><E39/><V35/><F35/><W112/><G112/><T129/><D129/><N who="1" m="49771" /><E3/><V111/><F111/><W78/><G131/><T101/><D101/><U54/><E68/><V14/><F20/><N who="3" m="13471" /><G27/><T31/><D51/><U97/><E97/><V81/><F29/><W44/><G75/><T115/><D115/><U110/><E54/><V8/><F43/><W53/><G72/><T46/><D46/><U28/><E28/><V106/><F64/><W16/><G105/><T108/><D108/><U10/><E110/><V37/><F106/><W34/><G34/><T120/><D120/><U4/><E9/><V30/><F11/><W103/><G78/><T1/><D6/><U118/><E118/><V98/><F30/><W83/><G49/><T32/><D60/><U50/><E50/><V17/><F37/><W40/><G16/><T47/><D47/><U7/><E7/><V116/><F116/><W66/><G66/><T24/><D1/><U102/><E102/><V65/><F65/><W113/><G113/><T119/><D119/><U12/><E12/><V42/><F42/><AGARI ba="0,0" hai="40,42,44,48,53,83,86,89,93,96,103" m="13471" machi="42" ten="30,2900,0" yaku="8,1,52,1" doraHai="84" who="3" fromWho="2" sc="220,0,216,0,248,-29,316,29" owari="220,2.0,216,-28.0,219,-18.0,345,44.0" /></mjloggm>