<mjloggm ver="2.3"><GO type="169" lobby="0"/><UN n0="%73%6F%64%6F%72" n1="%E3%83%86%E3%83%B3%E3%83%9C%E3%82%A6%E3%81%8F%E3%82%93" n2="%E3%82%A6%E3%83%AB%E3%83%88%E3%83%A9%E7%AB%8B%E7%9B%B4" n3="%58%E7%8C%AB" dan="16,16,17,16" rate="2055.01,2045.67,2130.03,2078.00" sx="M,F,M,M"/><TAIKYOKU oya="0"/><INIT seed="0,0,0,1,5,109" ten="250,250,250,250" oya="0" hai0="27,62,7,1,90,116,125,60,8,130,33,57,77" hai1="80,19,20,36,121,79,48,46,3,102,69,50,5" hai2="67,2,124,28,100,108,70,94,96,44,97,111,88" hai3="14,123,75,101,15,0,122,59,82,135,39,112,42"/><T18/><D116/><U45/><E69/><V113/><F2/><W40/><G0/><T131/><D77/><U32/><E32/><V104/><F28/><W13/><G101/><T52/><D125/><U134/><E121/><V43/><F124/><W114/><G59/><T95/><D62/><U119/><E102/><V127/><F127/><W31/><G31/><T78/><D78/><U16/><E36/><V66/><F113/><N who="3" m="43627" /><G39/><T64/><D33/><U63/><E63/><V87/><F97/><W106/><G82/><T84/><REACH who="0" step="1"/><D64/><REACH who="0" ten="240,250,250,250" step="2"/><U107/><E79/><V30/><F67/><W71/><G75/><T120/><D120/><N who="3" m="46121" /><G135/><T126/><D126/><U58/><E134/><V34/><F66/><W65/><G65/><T55/><D55/><U25/><E119/><V81/><F70/><W103/><G71/><T49/><D49/><U91/><E50/><V74/><F108/><W54/><G54/><T132/><D132/><U37/><E48/><V35/><F111/><W92/><G106/><T47/><D47/><U86/><E46/><V73/><F44/><W11/><G11/><T38/><D38/><U23/><E45/><V93/><F43/><W89/><G103/><T118/><D118/><U98/><E37/><V115/><F115/><W85/><AGARI ba="0,1" hai="13,14,15,40,42,85,89,92" m="46121,43627" machi="85" ten="40,8000,1" yaku="13,1,52,3" doraHai="109" who="3" fromWho="3" sc="240,-40,250,-20,250,-20,250,90" /><INIT seed="1,0,0,3,4,82" ten="200,230,230,340" oya="1" hai0="33,15,90,88,129,1,113,111,80,97,0,28,65" hai1="109,70,117,19,13,105,87,23,64,67,21,123,118" hai2="16,2,52,100,61,42,79,126,99,31,45,83,134" hai3="66,73,4,115,98,135,125,72,63,130,107,3,127"/><U38/><E105/><V89/><F2/><W74/><G115/><T10/><D113/><U102/><E38/><V29/><F126/><N who="3" m="48139" /><G135/><T47/><D111/><U121/><E102/><V53/><F134/><W36/><G36/><T95/><D129/><U94/><E70/><V81/><F89/><W71/><G130/><T30/><D65/><U40/><E40/><V57/><F53/><W59/><G59/><T22/><D47/><U124/><E124/><V133/><F83/><W8/><G98/><T34/><D33/><U9/><E109/><V68/><F68/><W17/><G17/><T108/><D34/><U114/><E114/><V37/><F16/><W101/><G101/><T62/><D62/><U110/><E110/><V11/><F11/><W76/><G107/><T43/><D43/><U7/><E19/><V69/><F69/><W85/><G85/><T132/><D108/><U50/><E9/><V106/><REACH who="2" step="1"/><F133/><REACH who="2" ten="200,230,220,340" step="2"/><W120/><G76/><T92/><D132/><U75/><E67/><V27/><F27/><W56/><G71/><T103/><D1/><U25/><E25/><V122/><F122/><AGARI ba="0,1" hai="3,4,8,56,63,66,72,73,74,120,122" m="48139" machi="122" ten="40,1300,0" yaku="18,1" doraHai="82" who="3" fromWho="2" sc="200,0,230,0,220,-13,340,23" /><INIT seed="2,0,0,5,3,64" ten="200,230,207,363" oya="2" hai0="124,11,117,0,53,73,43,77,78,9,46,95,61" hai1="130,21,20,75,80,129,24,41,30,131,4,76,134" hai2="17,48,49,69,19,2,105,112,22,59,87,34,37" hai3="114,29,5,6,67,32,111,71,25,66,38,84,23"/><V39/><F34/><W94/><G38/><N who="2" m="14345" /><F2/><W133/><G32/><T123/><D123/><U45/><E4/><V110/><F105/><W51/><G51/><N who="2" m="19529" /><F22/><W125/><G67/><T70/><D124/><U97/><E134/><V55/><F87/><W113/><G125/><T99/><D117/><U58/><E97/><V135/><F112/><W12/><G84/><T103/><D73/><U91/><E91/><V13/><F13/><W16/><G94/><T62/><D62/><U107/><E107/><V96/><F96/><W100/><G133/><T31/><D31/><U27/><E58/><V89/><F89/><W108/><G100/><T36/><D9/><U116/><E116/><V56/><F135/><W54/><G54/><T118/><D118/><U26/><E30/><V81/><F81/><W82/><G82/><T115/><D115/><N who="3" m="44041" /><G5/><T33/><D33/><U63/><E63/><N who="2" m="36255" /><F59/><W119/><G6/><T72/><D72/><U50/><AGARI ba="0,0" hai="20,21,24,26,27,41,45,50,75,76,80,129,130,131" machi="50" ten="40,2700,0" yaku="0,1,19,1" doraHai="64" who="1" fromWho="1" sc="200,-7,230,27,207,-13,363,-7" /><INIT seed="3,0,0,3,5,8" ten="193,257,194,356" oya="3" hai0="74,54,23,13,29,31,105,15,16,116,21,49,69" hai1="121,77,122,63,32,2,17,79,58,98,109,91,135" hai2="111,100,114,108,107,59,104,39,6,35,14,89,62" hai3="96,72,66,56,129,71,99,101,80,42,67,33,133"/><W75/><G42/><T20/><D69/><U30/><E2/><V123/><F39/><W95/><G33/><T125/><D74/><U76/><E32/><V28/><F114/><W12/><G129/><T18/><D105/><U86/><E30/><N who="0" m="11273" /><D125/><U55/><E109/><N who="2" m="42059" /><F100/><W25/><G25/><T131/><D131/><U127/><E135/><V34/><F89/><W120/><G56/><N who="0" m="32847" /><D116/><U90/><E127/><V26/><F35/><W118/><G71/><T84/><D84/><U92/><REACH who="1" step="1"/><E17/><AGARI ba="0,0" hai="13,15,16,17,18,20,21,23" m="32847,11273" machi="17" ten="30,7700,0" yaku="8,1,52,2,54,1" doraHai="8" who="0" fromWho="1" sc="193,77,257,-77,194,0,356,0" /><INIT seed="4,0,0,0,0,73" ten="270,180,194,356" oya="0" hai0="86,64,19,135,109,90,70,117,15,126,66,69,77" hai1="44,79,23,21,84,32,65,130,58,72,100,115,81" hai2="39,83,13,28,103,56,25,57,131,12,3,134,105" hai3="52,89,127,53,35,133,74,78,110,54,5,120,122"/><T111/><D117/><U45/><E32/><V67/><F3/><W129/><G110/><N who="0" m="41995" /><D126/><U33/><E33/><V108/><F39/><W118/><G35/><T9/><D135/><U29/><E130/><V125/><F108/><W22/><G118/><T128/><D128/><U40/><E72/><V112/><F112/><W98/><G129/><T49/><D49/><U26/><E115/><V0/><F0/><W124/><G5/><T46/><D46/><U48/><E100/><V97/><F134/><W121/><G133/><T119/><D119/><U8/><E8/><V17/><F125/><N who="3" m="48203" /><G22/><T92/><D77/><U4/><E4/><V37/><F37/><W114/><G114/><T96/><D96/><U62/><E23/><V88/><F131/><W71/><G71/><AGARI ba="0,0" hai="9,15,19,64,66,69,70,71,86,90,92" m="41995" machi="71" ten="30,1500,0" yaku="10,1" doraHai="73" who="0" fromWho="3" sc="270,15,180,0,194,0,356,-15" /><INIT seed="4,1,0,2,2,114" ten="285,180,194,341" oya="0" hai0="53,115,7,74,69,71,113,63,83,49,70,48,36" hai1="90,35,40,34,52,117,118,3,132,99,78,66,27" hai2="73,121,92,56,128,19,95,107,122,119,134,23,14" hai3="61,1,44,135,20,85,47,77,87,43,51,31,10"/><T110/><D7/><U62/><E3/><V42/><F107/><W39/><G61/><T29/><D29/><U24/><E40/><V64/><F73/><W124/><G20/><T131/><D74/><U0/><E0/><V79/><F79/><W120/><G31/><T126/><D83/><U26/><E78/><V59/><F42/><W130/><G77/><T106/><D106/><U25/><E132/><V133/><F128/><W75/><G75/><T80/><D80/><U5/><E5/><V57/><F64/><W2/><G39/><T91/><D91/><U37/><E37/><V28/><F28/><W89/><G10/><T72/><D72/><U30/><E35/><V116/><F92/><W58/><G89/><T123/><D123/><N who="2" m="47114" /><F95/><W94/><G94/><T6/><D6/><U125/><E125/><V108/><F108/><W109/><G109/><T67/><D110/><U32/><E32/><V17/><F17/><W9/><G124/><T82/><D82/><U100/><E90/><V112/><F112/><N who="0" m="43082" /><D126/><U111/><E52/><V41/><F41/><W76/><G43/><T104/><D104/><N who="1" m="63519" /><E111/><V84/><F84/><W12/><G76/><T102/><D102/><U127/><E127/><V33/><F33/><W13/><G120/><T93/><D93/><U86/><E86/><V54/><F54/><W15/><G87/><T4/><D36/><U101/><E101/><V60/><F60/><W98/><G85/><T129/><D4/><U38/><E38/><V65/><F65/><W18/><G1/><T103/><D103/><U88/><E88/><V45/><F45/><RYUUKYOKU ba="1,0" sc="285,-15,180,15,194,15,341,-15" hai1="24,25,26,27,30,34,62,66,117,118" hai2="14,19,23,56,57,59,116,119,133,134" /><INIT seed="5,2,0,5,3,87" ten="270,195,209,326" oya="1" hai0="116,60,32,101,94,105,117,86,34,119,39,51,74" hai1="93,25,78,73,47,56,59,70,80,2,66,46,108" hai2="45,38,129,33,19,115,53,79,54,58,75,20,67" hai3="130,72,42,3,0,44,121,49,50,13,21,84,24"/><U114/><E114/><V102/><F33/><W109/><G72/><T62/><D39/><U5/><E70/><V97/><F129/><W64/><G109/><T106/><D74/><U88/><E108/><V35/><F35/><W48/><G64/><T40/><D34/><U52/><E59/><V131/><F131/><W36/><G130/><T14/><D32/><U57/><E57/><V111/><F111/><W85/><G13/><T18/><D62/><U134/><E66/><V123/><F123/><W23/><G121/><T9/><D60/><U127/><E134/><V100/><F100/><W7/><G7/><T11/><D9/><U90/><E127/><V8/><F8/><W6/><G6/><T91/><REACH who="0" step="1"/><D101/><REACH who="0" ten="260,195,209,326" step="2"/><U112/><E112/><V95/><F102/><W12/><G23/><T126/><D126/><U89/><E93/><V22/><F95/><W83/><G36/><T92/><D92/><U65/><E65/><V82/><F67/><W135/><G135/><T99/><D99/><U103/><E103/><V96/><F97/><W107/><G107/><T28/><D28/><U77/><E73/><V76/><F96/><W10/><G49/><T61/><D61/><N who="1" m="35975" /><E80/><N who="2" m="45087" /><F38/><W128/><G50/><T43/><D43/><U30/><E30/><V104/><F104/><W16/><G128/><T31/><D31/><U55/><E55/><V26/><F115/><W71/><G71/><T113/><D113/><U124/><E124/><V125/><F125/><W41/><G42/><T110/><D110/><U98/><E98/><V69/><F54/><W120/><G41/><T118/><D118/><RYUUKYOKU ba="2,1" sc="260,30,195,-10,209,-10,326,-10" hai0="11,14,18,40,51,86,91,94,105,106,116,117,119" /><INIT seed="6,3,1,5,0,51" ten="290,185,199,316" oya="2" hai0="73,116,59,18,77,57,6,12,79,35,120,113,66" hai1="71,101,46,87,93,131,0,127,13,7,100,112,53" hai2="10,8,21,104,88,64,27,24,91,29,70,45,122" hai3="25,63,65,95,128,75,126,11,38,78,134,106,119"/><V76/><F104/><W109/><G95/><T26/><D120/><U102/><E71/><V41/><F122/><W32/><G11/><N who="2" m="4137" /><F70/><W40/><G40/><T107/><D107/><U30/><E0/><V61/><F76/><W16/><G78/><T28/><D6/><U60/><E112/><V85/><F27/><W33/><G16/><T14/><D113/><U80/><E131/><V129/><F129/><W121/><G25/><T1/><D1/><U49/><E127/><V23/><F23/><W123/><G63/><T39/><D39/><U15/><E30/><V84/><F61/><W44/><G44/><T62/><D116/><U34/><E34/><V37/><F64/><W31/><G65/><T4/><D4/><U86/><E7/><V36/><F36/><W48/><G48/><T17/><D73/><U2/><E2/><V67/><F67/><W111/><G31/><T43/><D43/><U55/><E60/><V92/><F37/><W9/><G9/><T98/><D79/><N who="1" m="46367" /><E55/><V54/><F41/><W135/><G38/><T118/><D118/><U117/><E117/><V130/><F130/><W110/><G106/><T124/><D77/><U125/><E125/><V97/><F91/><AGARI ba="3,1" hai="13,15,46,49,53,87,91,93,100,101,102" m="46367" machi="91" ten="30,2000,0" yaku="8,1,52,1" doraHai="51" who="1" fromWho="2" sc="290,0,185,39,199,-29,316,0" /><INIT seed="7,0,0,4,0,3" ten="290,224,170,316" oya="3" hai0="16,8,121,75,81,100,112,103,58,13,114,86,108" hai1="91,69,63,130,47,42,39,85,118,44,66,129,36" hai2="7,15,70,55,73,104,87,99,124,23,20,61,54" hai3="52,127,120,34,101,109,51,68,72,9,115,19,71"/><W46/><G120/><T106/><D121/><U6/><E6/><V90/><F73/><W29/><G72/><T113/><D75/><U1/><E1/><V76/><F124/><W43/><G101/><T107/><D108/><U125/><E125/><V38/><F38/><N who="1" m="14377" /><E42/><V123/><F123/><W89/><G115/><T31/><D31/><U126/><E126/><V116/><F116/><W35/><G43/><T33/><D33/><U97/><E97/><V135/><F135/><W78/><G78/><N who="0" m="46391" /><D58/><U10/><E10/><V79/><F104/><AGARI ba="0,0" hai="8,13,16,100,103,104,106,107,112,113,114" m="46391" machi="104" ten="40,5200,0" yaku="15,1,11,1,54,1" doraHai="3" who="0" fromWho="2" sc="290,52,224,0,170,-52,316,0" owari="342,44.0,224,-18.0,118,-38.0,316,12.0" /></mjloggm>