<mjloggm ver="2.3"><GO type="225" lobby="0"/><UN n0="%E7%84%A1%E6%AF%9B%E7%8C%AB%EF%BC%A0%E5%B7%9D%E6%9D%91%E8%BB%8D%E5%9B%A3" n1="%E5%B0%B1%E6%B4%BB%E7%94%9F%40%E5%B7%9D%E6%9D%91%E8%BB%8D%E5%9B%A3" n2="%E3%82%82%E3%82%81%E3%82%93%E3%81%AA%E3%81%A1%E3%82%83%E3%81%84" n3="%E6%B4%BE%E9%81%A3%E3%81%AE%E3%82%B8%E3%83%A3%E3%83%83%E3%82%AF" dan="16,16,17,17" rate="2145.71,2054.46,2195.50,2163.71" sx="M,M,F,M"/><TAIKYOKU oya="0"/><INIT seed="0,0,0,0,0,70" ten="250,250,250,250" oya="0" hai0="26,84,21,11,4,132,35,51,5,63,36,114,71" hai1="6,85,86,42,10,121,82,95,56,2,9,78,68" hai2="99,44,133,111,93,52,112,90,107,120,88,123,104" hai3="130,87,25,45,83,92,66,127,91,28,16,54,19"/><T38/><D114/><U102/><E121/><V64/><F112/><W53/><G127/><T47/><D35/><U62/><E68/><V105/><F64/><W109/><G109/><T116/><D116/><U128/><E128/><V81/><F111/><W103/><G130/><T69/><D132/><U18/><E42/><V96/><F133/><W73/><G66/><T131/><D131/><U110/><E110/><V106/><F44/><W49/><G54/><T108/><D108/><U15/><E102/><N who="2" m="62535" /><F52/><W37/><G37/><T29/><D84/><AGARI ba="0,0" hai="81,84,88,90,93,99,105,106,107,120,123" m="62535" machi="84" ten="30,3900,0" yaku="34,2,54,1" doraHai="70" who="2" fromWho="0" sc="250,-39,250,0,250,39,250,0" /><INIT seed="1,0,0,3,4,40" ten="211,250,289,250" oya="1" hai0="74,107,110,56,76,18,91,54,16,19,93,65,50" hai1="48,31,132,86,39,98,88,125,78,66,100,4,17" hai2="52,103,22,23,113,38,55,124,84,58,92,96,128" hai3="61,2,43,104,108,33,129,21,59,109,45,95,34"/><U101/><E39/><V117/><F117/><W126/><G104/><T51/><D107/><U5/><E125/><V115/><F38/><W9/><G126/><T90/><D110/><N who="3" m="42601" /><G129/><T130/><D130/><U7/><E132/><V67/><F124/><W36/><G95/><T68/><D93/><N who="1" m="56615" /><E31/><V25/><F128/><W14/><G21/><N who="2" m="7689" /><F25/><W60/><G2/><T29/><D29/><U116/><E116/><V81/><F67/><N who="3" m="39327" /><G61/><T122/><D122/><U47/><E66/><V127/><F58/><W102/><G102/><N who="1" m="39530" /><E17/><AGARI ba="0,0" hai="9,14,17,33,34,36,43,45" m="39327,42601" machi="17" ten="30,2000,0" yaku="14,1,52,1" doraHai="40" who="3" fromWho="1" sc="211,0,250,-20,289,0,250,20" /><INIT seed="2,0,0,5,4,75" ten="211,230,289,270" oya="2" hai0="2,38,3,91,68,95,21,97,18,119,54,12,53" hai1="36,86,72,124,48,59,19,73,34,60,103,81,100" hai2="116,134,15,84,4,87,11,120,98,118,123,45,127" hai3="78,9,67,27,104,111,131,8,89,133,101,0,117"/><V76/><F134/><W90/><G117/><T130/><D68/><U25/><E36/><V88/><F127/><W62/><G111/><T42/><D119/><U57/><E124/><V82/><F98/><W110/><G110/><T135/><D135/><U107/><E107/><V33/><F33/><W51/><G133/><T44/><REACH who="0" step="1"/><D130/><REACH who="0" ten="201,230,289,270" step="2"/><U79/><E72/><V23/><F118/><W114/><G131/><T64/><D64/><N who="1" m="38927" /><E73/><V128/><F116/><W39/><G67/><T32/><D32/><U77/><E34/><V132/><F128/><W7/><G114/><T99/><D99/><U69/><E69/><V49/><F132/><W6/><G0/><AGARI ba="0,1" hai="0,2,3,12,18,21,38,42,44,53,54,91,95,97" machi="0" ten="40,1300,0" yaku="1,1,53,0" doraHai="75" doraHaiUra="46" who="0" fromWho="3" sc="201,23,230,0,289,0,270,-13" /><INIT seed="3,0,0,0,3,98" ten="224,230,289,257" oya="3" hai0="29,122,131,112,80,95,20,0,62,78,128,7,15" hai1="53,125,132,133,57,129,2,71,92,25,38,11,100" hai2="126,94,47,111,108,97,65,68,104,82,87,101,24" hai3="35,103,84,83,85,33,17,124,26,56,70,39,73"/><W18/><G70/><T45/><D122/><U96/><E71/><V4/><F126/><W110/><G39/><T119/><D119/><U48/><E125/><V130/><F130/><N who="0" m="49706" /><D112/><U107/><E129/><V116/><F116/><W120/><G120/><T54/><D0/><U27/><E38/><V12/><F24/><W63/><G124/><T59/><D45/><U28/><E107/><V19/><F4/><W66/><G110/><N who="2" m="42025" /><F47/><W88/><G73/><N who="0" m="43087" /><D95/><U67/><E67/><V52/><F52/><W109/><G109/><T74/><D74/><U81/><E81/><V77/><F65/><W117/><G117/><T121/><D121/><U69/><E69/><V34/><F34/><W9/><G35/><T37/><D37/><U55/><E55/><V43/><F68/><W32/><G32/><T99/><D99/><U60/><E60/><V89/><F43/><W106/><G33/><T64/><D64/><U76/><E76/><V86/><F12/><N who="3" m="7311" /><G106/><T3/><D3/><U14/><E2/><V42/><F42/><W21/><G84/><T93/><D93/><U10/><E28/><V50/><F50/><W102/><AGARI ba="0,0" hai="18,21,26,56,63,66,83,85,88,102,103" m="7311" machi="102" ten="30,11700,0" yaku="8,1,52,2,54,1" doraHai="98" who="3" fromWho="3" sc="224,-39,230,-39,289,-39,257,117" owari="185,-31.0,191,-21.0,250,5.0,374,47.0" /></mjloggm>