<mjloggm ver="2.3"><GO type="97" lobby="0"/><UN n0="%E3%83%8F%E3%83%A2%E5%B8%AB%E5%8C%A0" n1="%E5%B0%B1%E6%B4%BB%E7%94%9F%40%E5%B7%9D%E6%9D%91%E8%BB%8D%E5%9B%A3" n2="%E3%82%AF%E3%83%AC%E3%82%A4%E3%82%B8%E3%83%BC%E3%81%AE%E9%8A%83" n3="%E9%AC%BC%E7%95%9C%E6%88%A6%E5%A3%AB" dan="13,14,13,14" rate="1861.86,1973.82,1893.97,1918.40" sx="M,M,M,M"/><TAIKYOKU oya="0"/><INIT seed="0,0,0,1,3,102" ten="250,250,250,250" oya="0" hai0="44,38,62,8,11,87,79,3,22,128,21,89,104" hai1="85,94,82,42,129,18,78,24,31,91,63,119,66" hai2="69,34,15,106,49,50,40,20,123,25,127,45,125" hai3="93,98,59,39,77,60,51,134,36,14,35,83,47"/><T84/><D128/><U16/><E119/><V2/><F123/><W1/><G1/><T97/><D62/><U99/><E42/><V57/><F69/><W132/><G35/><T100/><D79/><U33/><REACH who="1" step="1"/><E129/><REACH who="1" ten="250,240,250,250" step="2"/><V76/><F40/><W7/><G36/><T4/><D38/><U131/><E131/><V121/><F121/><W114/><G39/><T107/><D11/><U70/><AGARI ba="0,1" hai="16,18,24,31,33,63,66,70,78,82,85,91,94,99" machi="70" ten="20,5200,0" yaku="1,1,0,1,7,1,54,1,53,0" doraHai="102" doraHaiUra="112" who="1" fromWho="1" sc="250,-26,240,62,250,-13,250,-13" /><INIT seed="1,0,0,4,4,15" ten="224,302,237,237" oya="1" hai0="17,114,125,2,96,61,116,39,12,43,53,117,57" hai1="48,5,33,110,46,68,81,73,19,23,91,34,122" hai2="93,55,45,97,49,44,40,75,21,129,0,69,63" hai3="41,50,133,103,90,119,31,18,98,67,72,128,102"/><U24/><E122/><V51/><F75/><W32/><G72/><T111/><D111/><U4/><E68/><V65/><F129/><W104/><G128/><T132/><D2/><U83/><E110/><V78/><F0/><W77/><G133/><T107/><D132/><U8/><E81/><V109/><F109/><W134/><G134/><T108/><D108/><U82/><E83/><V70/><F78/><W35/><G119/><T30/><D30/><U85/><E73/><V112/><F112/><W99/><G77/><T120/><D120/><U10/><E34/><V3/><F3/><W42/><G90/><T100/><D114/><U76/><E76/><V58/><REACH who="2" step="1"/><F21/><REACH who="2" ten="224,302,227,237" step="2"/><W16/><G32/><T123/><D123/><U27/><E33/><V62/><F62/><W20/><G35/><T59/><D125/><U37/><E37/><V121/><F121/><W79/><G79/><T88/><D117/><U7/><REACH who="1" step="1"/><E24/><REACH who="1" ten="224,292,227,237" step="2"/><V113/><F113/><W126/><G126/><T36/><D36/><U9/><E9/><V87/><F87/><W13/><G20/><T38/><D39/><U105/><E105/><V89/><AGARI ba="0,2" hai="40,44,45,49,51,55,58,63,65,69,70,89,93,97" machi="89" ten="20,2700,0" yaku="1,1,0,1,7,1,53,0" doraHai="15" doraHaiUra="71" who="2" fromWho="2" sc="224,-7,292,-13,227,47,237,-7" /><INIT seed="2,0,0,4,4,83" ten="217,279,274,230" oya="2" hai0="125,30,110,107,55,70,134,29,20,94,85,115,39" hai1="33,82,109,98,63,104,114,77,21,111,51,25,31" hai2="13,45,54,9,58,117,71,60,34,118,52,133,75" hai3="135,86,19,50,80,59,46,130,23,11,38,43,57"/><V99/><F75/><W113/><G130/><T128/><D20/><U88/><E114/><V14/><F34/><W65/><G113/><T62/><D62/><U92/><E104/><V42/><F133/><W74/><G74/><T40/><D85/><N who="1" m="48335" /><E63/><V100/><F71/><W95/><G135/><T18/><D94/><U37/><E37/><V44/><F118/><W119/><G119/><T78/><D18/><U123/><E51/><N who="2" m="27031" /><F117/><W61/><G95/><T68/><D55/><U47/><E47/><V121/><F121/><W32/><G32/><T122/><D78/><U64/><E64/><N who="2" m="38935" /><F45/><W26/><G11/><T127/><D40/><U35/><E123/><V3/><F3/><W106/><G106/><T90/><D107/><U72/><E72/><V0/><F0/><W129/><G129/><T105/><D128/><U36/><E36/><V15/><F9/><W7/><G7/><T124/><D105/><U81/><E81/><V8/><F8/><W87/><G80/><T5/><D122/><U1/><E1/><V89/><F100/><W131/><G131/><T10/><D134/><U49/><E49/><V4/><F4/><W6/><G6/><T17/><D5/><U132/><E132/><V66/><F66/><W93/><G93/><AGARI ba="0,0" hai="13,14,15,52,54,89,93,99" m="38935,27031" machi="93" ten="30,2900,0" yaku="8,1,54,1" doraHai="83" who="2" fromWho="3" sc="217,0,279,0,274,29,230,-29" /><INIT seed="2,1,0,0,5,129" ten="217,279,303,201" oya="2" hai0="106,70,116,5,88,85,128,110,19,67,35,10,82" hai1="2,98,90,11,44,57,126,101,92,49,7,97,40" hai2="51,52,42,30,13,9,54,6,87,117,56,14,108" hai3="103,134,16,111,78,127,105,73,21,75,1,37,68"/><V122/><F117/><W45/><G68/><T18/><D128/><U61/><E126/><V33/><F122/><W43/><G1/><T84/><D110/><U63/><REACH who="1" step="1"/><E57/><REACH who="1" ten="217,269,303,201" step="2"/><V66/><F108/><W25/><G111/><T104/><D116/><U72/><E72/><V107/><F107/><AGARI ba="1,1" hai="2,7,11,40,44,49,61,63,90,92,97,98,101,107" machi="107" ten="30,7700,0" yaku="1,1,7,1,53,2" doraHai="129" doraHaiUra="58" who="1" fromWho="2" sc="217,0,269,90,303,-80,201,0" /><INIT seed="3,0,0,5,5,120" ten="217,359,223,201" oya="3" hai0="124,111,75,118,71,132,129,0,74,76,29,68,27" hai1="21,34,90,103,82,91,17,12,117,57,30,83,89" hai2="116,100,64,99,35,104,92,23,8,3,54,33,95" hai3="108,58,85,2,4,101,77,51,5,14,15,18,40"/><W38/><G38/><T133/><D118/><U119/><E103/><V63/><F116/><N who="1" m="44617" /><E57/><V66/><F3/><W81/><G2/><T6/><D124/><U19/><E19/><V69/><F8/><W102/><G108/><T93/><D111/><U41/><E41/><V1/><F1/><W123/><G123/><T122/><D122/><U105/><E105/><V43/><F43/><W121/><G121/><T50/><D50/><U11/><E34/><V134/><F134/><N who="0" m="51818" /><D93/><U52/><E52/><V131/><F131/><W98/><G14/><T115/><D115/><U97/><E97/><V26/><F54/><N who="3" m="32095" /><G40/><T53/><D53/><U72/><E72/><N who="0" m="27689" /><D76/><U59/><E59/><V96/><F66/><W65/><G65/><T114/><D114/><U25/><AGARI ba="0,0" hai="11,12,17,21,25,30,82,83,89,90,91" m="44617" machi="25" ten="40,1500,0" yaku="12,1" doraHai="120" who="1" fromWho="1" sc="217,-4,359,15,223,-4,201,-7" owari="213,-19.0,374,48.0,219,2.0,194,-31.0" /></mjloggm>