<mjloggm ver="2.3"><GO type="97" lobby="0"/><UN n0="%E5%B0%B1%E6%B4%BB%E7%94%9F%40%E5%B7%9D%E6%9D%91%E8%BB%8D%E5%9B%A3" n1="%41%74%6F%6D%69%63%52" n2="%E5%88%9D%E5%BF%83%E8%80%85%E3%81%AB%E3%82%82%E5%8A%A3%E3%82%8B" n3="%34%31%37%32" dan="14,14,13,14" rate="2008.66,1978.63,1894.48,1952.88" sx="M,M,M,M"/><TAIKYOKU oya="0"/><INIT seed="0,0,0,5,5,127" ten="250,250,250,250" oya="0" hai0="132,69,81,14,114,134,11,85,7,70,61,125,108" hai1="26,33,94,32,43,71,77,102,86,25,95,49,8" hai2="76,0,36,41,75,113,73,126,130,123,105,44,121" hai3="117,20,78,24,88,27,115,65,72,40,80,62,106"/><T2/><D114/><U15/><E71/><V133/><F76/><W12/><G115/><T10/><D125/><U131/><E131/><V120/><F126/><W18/><G117/><T97/><D97/><N who="1" m="59703" /><E33/><V3/><F113/><W96/><G40/><T93/><D93/><U84/><E32/><V59/><F59/><W79/><G79/><T47/><D108/><U38/><E38/><V22/><F22/><W53/><G53/><T17/><D47/><N who="1" m="25855" /><E84/><V116/><F116/><W60/><G60/><T55/><D55/><U52/><E52/><V110/><F110/><W21/><G21/><T48/><D48/><U56/><E56/><V124/><F124/><W9/><G20/><T29/><D29/><U46/><E95/><V129/><F105/><W107/><G107/><T13/><D2/><N who="2" m="554" /><F133/><N who="0" m="51306" /><D61/><U34/><E34/><V99/><F99/><W111/><G111/><T91/><AGARI ba="0,0" hai="7,10,11,13,14,17,69,70,81,85,91" m="51306" machi="91" ten="30,1500,0" yaku="20,1" doraHai="127" who="0" fromWho="0" sc="250,15,250,-5,250,-5,250,-5" /><INIT seed="0,1,0,5,5,84" ten="265,245,245,245" oya="0" hai0="98,129,24,19,41,12,52,130,9,34,36,7,100" hai1="78,4,102,87,79,62,28,46,14,29,18,115,96" hai2="132,112,64,107,91,92,25,15,3,45,13,75,40" hai3="94,128,22,71,117,47,20,63,119,72,77,93,17"/><T39/><D34/><U8/><E115/><V26/><F3/><W35/><G35/><T6/><D52/><U118/><E118/><V49/><F107/><W88/><G47/><T83/><D83/><U60/><E46/><V0/><F75/><W16/><G72/><T67/><D67/><U120/><E120/><V10/><F0/><W116/><G77/><N who="1" m="29194" /><E18/><V85/><F132/><W69/><G63/><N who="1" m="24106" /><E87/><V76/><F64/><W50/><G50/><T31/><D41/><U111/><E111/><V110/><F110/><W37/><G37/><T70/><D70/><U108/><E108/><V103/><F15/><W61/><G61/><T81/><D81/><U59/><E59/><V135/><F135/><W44/><G44/><T109/><D109/><U58/><E58/><V30/><F30/><W121/><G119/><T82/><D82/><U126/><E126/><V95/><F76/><W122/><G128/><N who="0" m="49259" /><D39/><U48/><E48/><V127/><F127/><W5/><REACH who="3" step="1"/><G5/><REACH who="3" ten="265,245,245,235" step="2"/><T99/><D36/><U97/><E4/><N who="2" m="3271" /><F112/><W131/><G131/><T86/><D6/><N who="1" m="3351" /><E102/><V114/><F114/><W68/><G68/><T55/><D7/><U134/><E134/><V11/><F103/><W124/><G124/><T38/><D100/><U1/><E1/><V65/><F45/><W133/><G133/><T73/><D38/><U33/><E33/><V32/><F65/><W54/><G54/><T104/><D73/><U57/><E57/><V106/><F49/><W125/><G125/><T56/><D56/><U42/><E42/><V74/><F32/><W51/><G51/><T2/><D2/><RYUUKYOKU ba="1,1" sc="265,-15,245,15,245,-15,235,15" hai1="28,29,96,97" hai3="16,17,20,22,69,71,88,93,94,116,117,121,122" /><INIT seed="1,2,1,4,3,107" ten="250,260,230,250" oya="1" hai0="47,23,86,17,66,85,90,112,109,75,100,128,8" hai1="74,77,24,0,127,64,88,133,87,99,30,93,10" hai2="98,11,19,135,94,79,61,96,73,34,49,95,48" hai3="129,63,25,18,38,41,7,69,39,105,122,97,111"/><U106/><E133/><V58/><F34/><W46/><G122/><T36/><D75/><U78/><E127/><V9/><F135/><W5/><G39/><T89/><D112/><U120/><E120/><V132/><F132/><W51/><G38/><T13/><D109/><U57/><E78/><V130/><F130/><W12/><G25/><T53/><D128/><U22/><E64/><V80/><F19/><W123/><G123/><T33/><D33/><U102/><E57/><V70/><F70/><W68/><G129/><T52/><D100/><U131/><E131/><V14/><F14/><W65/><G69/><T62/><D36/><U101/><E101/><V119/><F119/><W32/><G32/><T15/><D47/><U72/><REACH who="1" step="1"/><E77/><REACH who="1" ten="250,250,230,250" step="2"/><V55/><F79/><W56/><G56/><N who="0" m="37191" /><D89/><U92/><E92/><V81/><F95/><W29/><G105/><T83/><D86/><U26/><E26/><V103/><F94/><W27/><G97/><T50/><D50/><U114/><E114/><V104/><F48/><W84/><G84/><T91/><D91/><U60/><E60/><V67/><F98/><W126/><G126/><T3/><D3/><U59/><E59/><V121/><F121/><W37/><G63/><T124/><D124/><U44/><E44/><V2/><F61/><W16/><G46/><T40/><D90/><U45/><E45/><V134/><F103/><W6/><G27/><T76/><D40/><U42/><E42/><V110/><F134/><W31/><G41/><T4/><AGARI ba="2,2" hai="4,8,13,15,17,23,52,53,76,83,85" m="37191" machi="4" ten="30,2000,0" yaku="8,1,54,1" doraHai="107" who="0" fromWho="0" sc="250,46,250,-12,230,-7,250,-7" /><INIT seed="2,0,0,5,2,66" ten="296,238,223,243" oya="2" hai0="112,52,13,80,20,37,97,132,92,88,57,101,10" hai1="49,3,105,123,68,15,83,64,84,58,122,6,94" hai2="95,77,119,76,55,56,90,81,38,129,108,40,121" hai3="34,8,9,110,48,35,98,87,54,36,23,42,85"/><V96/><F121/><N who="1" m="46089" /><E105/><V102/><F119/><W86/><G110/><T16/><D112/><U44/><E3/><V125/><F108/><W12/><G23/><T31/><D37/><U69/><E94/><V61/><F129/><W62/><G98/><T114/><D114/><U126/><E126/><V59/><F125/><W46/><G62/><N who="0" m="36135" /><D132/><U47/><E47/><V70/><F38/><W91/><G9/><T71/><D71/><N who="1" m="27211" /><E58/><V1/><F1/><W72/><G72/><T29/><D10/><N who="1" m="4567" /><E64/><V75/><F70/><W50/><G36/><T26/><D26/><U2/><E2/><V32/><F59/><W7/><REACH who="3" step="1"/><G91/><REACH who="3" ten="296,238,223,233" step="2"/><T73/><D73/><U28/><E28/><N who="0" m="10825" /><D80/><U120/><E120/><V131/><F81/><W130/><G130/><T24/><D24/><U135/><E135/><V51/><F131/><W67/><G67/><T115/><D115/><U109/><E109/><V22/><F90/><AGARI ba="0,1" hai="13,16,20,88,90,92,97,101" m="10825,36135" machi="90" ten="30,7700,0" yaku="8,1,54,3" doraHai="66" who="0" fromWho="2" sc="296,87,238,0,223,-77,233,0" /><INIT seed="3,0,0,2,2,60" ten="383,238,146,233" oya="3" hai0="93,104,65,68,102,131,31,88,44,5,100,56,51" hai1="79,17,19,46,6,28,130,33,112,30,133,111,27" hai2="52,16,85,73,64,99,8,127,13,124,82,67,41" hai3="90,135,106,11,72,94,96,4,20,14,40,39,118"/><W71/><G118/><T42/><D68/><U120/><E120/><V47/><F73/><W95/><G135/><T36/><D104/><U29/><E79/><N who="2" m="46303" /><F99/><W37/><G106/><T7/><D131/><U34/><E46/><V38/><F52/><W74/><G71/><T97/><D31/><N who="1" m="11851" /><E112/><V57/><F57/><W21/><G40/><T2/><D2/><U76/><E76/><V1/><F1/><W109/><G109/><T63/><D36/><U126/><E111/><V83/><F83/><W12/><G11/><T54/><D42/><U114/><E114/><V26/><F26/><W101/><G96/><T116/><D116/><U123/><E123/><V10/><F10/><W45/><G45/><T53/><D53/><U132/><E130/><V129/><F129/><W103/><REACH who="3" step="1"/><G90/><REACH who="3" ten="383,238,146,223" step="2"/><T122/><D122/><U50/><E133/><V70/><F70/><W98/><G98/><T61/><D7/><AGARI ba="0,1" hai="4,7,12,14,20,21,37,39,72,74,94,95,101,103" machi="7" ten="25,12000,1" yaku="1,1,22,2,53,2" doraHai="60" doraHaiUra="3" who="3" fromWho="0" sc="383,-120,238,0,146,0,223,130" owari="263,6.0,238,-16.0,146,-35.0,353,45.0" /></mjloggm>