<mjloggm ver="2.3"><GO type="97" lobby="0"/><UN n0="%E5%B0%B1%E6%B4%BB%E7%94%9F%40%E5%B7%9D%E6%9D%91%E8%BB%8D%E5%9B%A3" n1="%E3%81%84%E3%81%9F%E3%81%9A%E3%82%89%E7%8C%AB" n2="%E5%8F%8C%E6%B5%B7%E4%BA%9C%E7%BE%8E" n3="%E3%82%86%E3%81%86%E3%81%B1" dan="14,13,15,14" rate="2039.27,1877.37,2079.28,1865.28" sx="M,M,F,M"/><TAIKYOKU oya="0"/><INIT seed="0,0,0,0,1,117" ten="250,250,250,250" oya="0" hai0="87,110,93,123,111,105,113,3,0,6,48,62,78" hai1="41,54,81,85,130,14,131,70,42,26,106,46,83" hai2="95,28,5,21,80,74,99,63,97,121,134,71,9" hai3="34,119,2,36,16,27,98,125,52,104,129,43,89"/><T35/><D35/><U114/><E70/><V45/><F134/><W126/><G119/><T4/><D105/><U128/><E106/><V132/><F132/><W32/><G2/><N who="0" m="555" /><D113/><U65/><E65/><V120/><F45/><W112/><G112/><T122/><D62/><U53/><E114/><V84/><F74/><W90/><G129/><T59/><D59/><U118/><E118/><V1/><F97/><W11/><G43/><T23/><D48/><N who="1" m="28823" /><E26/><V51/><F51/><W68/><G36/><T15/><D93/><U100/><E100/><V10/><F10/><W57/><G68/><T124/><D87/><U29/><E29/><V96/><F96/><W44/><G44/><T77/><D124/><N who="3" m="47721" /><G104/><T116/><D116/><U60/><E14/><V72/><F72/><W18/><G98/><T73/><D73/><U66/><E66/><V109/><F71/><W92/><G32/><T31/><D78/><N who="1" m="46263" /><E83/><V19/><F28/><N who="3" m="19743" /><G11/><N who="0" m="4583" /><D77/><U115/><E115/><V107/><F107/><W7/><G7/><T40/><D40/><U33/><E33/><V76/><F99/><N who="3" m="57743" /><G90/><T102/><D102/><U64/><E64/><V55/><F95/><W135/><G135/><T39/><D39/><U58/><AGARI ba="0,0" hai="41,42,54,58,60,128,130,131" m="46263,28823" machi="58" ten="40,1500,0" yaku="19,1" doraHai="117" who="1" fromWho="1" sc="250,-7,250,15,250,-4,250,-4" /><INIT seed="1,0,0,3,5,113" ten="243,265,246,246" oya="1" hai0="124,63,61,37,68,1,131,107,34,127,50,46,57" hai1="95,29,121,97,75,109,77,108,103,62,19,56,30" hai2="66,39,120,32,67,16,104,8,14,94,5,65,9" hai3="44,7,88,42,81,114,54,101,71,22,90,74,47"/><U87/><E121/><V53/><F104/><W31/><G114/><T60/><D107/><U11/><E75/><V119/><F120/><W38/><G71/><T40/><D34/><U79/><E11/><V49/><F32/><W28/><G101/><T91/><D1/><U78/><E19/><V18/><F39/><W118/><G31/><T96/><D96/><U123/><E123/><V133/><F133/><W98/><G98/><T10/><D10/><U76/><N who="1" m="19456" /><DORA hai="27" /><U64/><REACH who="1" step="1"/><E87/><REACH who="1" ten="243,255,246,246" step="2"/><V84/><F9/><W35/><G74/><T99/><D124/><U110/><AGARI ba="0,1" hai="29,30,56,62,64,95,97,103,108,109,110" m="19456" machi="110" ten="50,18000,2" yaku="1,1,2,1,0,1,14,1,10,1,52,2,53,0" doraHai="113,27" doraHaiUra="20,126" who="1" fromWho="1" sc="243,-60,255,190,246,-60,246,-60" /><INIT seed="1,1,0,1,5,36" ten="183,445,186,186" oya="1" hai0="26,79,76,53,29,100,47,117,102,114,56,31,48" hai1="67,128,127,124,28,51,64,60,61,89,33,98,125" hai2="107,113,112,121,45,78,12,37,24,123,129,9,3" hai3="83,30,116,46,1,22,71,97,34,49,23,68,17"/><U6/><E6/><N who="2" m="1247" /><F107/><W91/><G1/><T0/><D117/><U111/><E28/><N who="0" m="10825" /><D0/><U105/><E33/><V57/><F129/><W63/><G116/><T20/><D114/><N who="2" m="44138" /><F78/><N who="0" m="29738" /><D56/><U104/><E111/><V8/><F57/><W41/><G63/><N who="1" m="24138" /><E51/><V88/><F88/><W5/><G5/><T19/><AGARI ba="1,0" hai="19,20,26,47,48,53,100,102" m="29738,10825" machi="19" ten="30,1100,0" yaku="8,1" doraHai="36" who="0" fromWho="0" sc="183,14,445,-6,186,-4,186,-4" /><INIT seed="2,0,0,5,4,2" ten="197,439,182,182" oya="2" hai0="49,132,107,111,5,100,38,57,21,30,86,92,101" hai1="24,8,22,27,84,62,15,13,45,14,10,35,23" hai2="34,25,105,28,73,48,39,113,66,94,121,72,126" hai3="131,37,58,56,12,112,47,16,17,11,43,133,55"/><V54/><F113/><W106/><G131/><T0/><D38/><U32/><E45/><V70/><F121/><W1/><G112/><T53/><D107/><U75/><E75/><V36/><F105/><W3/><G106/><T74/><D74/><U96/><E96/><V33/><F33/><N who="1" m="12873" /><E84/><V85/><F126/><W135/><G17/><T64/><D132/><N who="3" m="50761" /><G58/><T116/><D111/><U119/><E119/><V99/><F85/><W91/><G91/><T104/><D104/><U42/><E62/><AGARI ba="0,0" hai="1,3,11,12,16,37,43,47,55,56,62" m="50761" machi="62" ten="30,2000,0" yaku="20,1,54,1" doraHai="2" who="3" fromWho="1" sc="197,0,439,-20,182,0,182,20" /><INIT seed="3,0,0,4,0,129" ten="197,419,182,202" oya="3" hai0="32,114,45,61,53,68,79,11,59,25,99,35,78" hai1="96,8,100,39,131,116,74,18,4,46,24,1,19" hai2="23,41,5,0,98,90,133,75,34,125,20,9,42" hai3="69,55,121,67,13,29,91,81,10,106,127,16,50"/><W126/><G106/><T82/><D114/><U64/><E116/><V135/><F75/><W104/><G104/><T105/><D11/><U7/><E74/><V40/><F34/><W128/><G29/><N who="0" m="19503" /><D45/><U56/><E131/><V49/><F49/><W112/><G112/><T3/><D82/><U58/><E4/><V130/><F130/><W120/><G128/><T76/><D76/><U85/><E85/><V51/><F51/><W113/><G113/><T107/><D107/><U92/><E56/><V31/><F125/><N who="3" m="47627" /><G67/><N who="0" m="41071" /><D35/><U95/><E95/><N who="2" m="56695" /><F31/><W28/><G69/><T36/><D36/><U17/><E46/><V57/><F57/><N who="3" m="33015" /><G28/><T60/><D3/><U65/><E39/><V63/><F63/><W6/><G6/><T117/><D117/><U108/><E108/><V123/><F123/><W73/><G91/><T84/><D84/><U38/><E38/><V15/><F0/><W43/><G43/><N who="2" m="11009" /><V52/><DORA hai="66" /><F52/><W87/><G87/><T71/><D71/><U115/><E115/><V132/><AGARI ba="0,0" hai="5,9,15,20,23,132,133,135" m="11009,56695" machi="132" ten="40,8000,1" yaku="20,1,52,3" doraHai="129,66" who="2" fromWho="2" sc="197,-20,419,-20,182,80,202,-40" owari="177,-22.0,399,50.0,262,6.0,162,-34.0" /></mjloggm>