<mjloggm ver="2.3"><GO type="97" lobby="0"/><UN n0="%E5%B0%B1%E6%B4%BB%E7%94%9F%40%E5%B7%9D%E6%9D%91%E8%BB%8D%E5%9B%A3" n1="%75%6F%6B%6B%61%34%39%34" n2="%E7%9F%A5%E3%82%89%E3%82%93%E3%81%97" n3="%E5%8F%8B%E6%B0%B8%E5%8B%87%E5%A4%AA" dan="15,14,14,14" rate="2015.37,1906.70,1857.95,2035.13" sx="M,M,F,M"/><TAIKYOKU oya="0"/><INIT seed="0,0,0,3,1,19" ten="250,250,250,250" oya="0" hai0="133,70,113,10,13,0,69,122,50,1,64,110,115" hai1="49,7,82,21,118,5,66,4,134,100,99,39,54" hai2="120,97,76,112,90,117,61,41,26,109,75,77,128" hai3="106,67,27,55,53,34,126,78,72,48,47,37,129"/><T124/><D122/><U28/><E118/><V92/><F120/><W22/><G34/><T9/><D124/><U114/><E39/><V62/><F117/><W86/><G72/><T8/><D133/><U104/><E134/><V68/><F112/><W2/><G106/><T135/><D135/><U6/><E114/><V132/><F132/><W20/><G2/><T56/><D110/><U130/><E130/><V87/><F109/><W127/><G129/><T89/><D13/><U63/><E82/><V95/><F128/><W33/><G67/><T105/><D105/><U40/><E40/><V38/><F68/><W102/><G102/><T116/><D116/><U11/><E11/><V80/><F75/><W24/><G37/><T32/><D32/><U111/><E111/><V125/><F125/><N who="3" m="47627" /><G55/><N who="0" m="31863" /><D1/><U57/><N who="1" m="1536" /><DORA hai="35" /><U42/><E42/><V123/><F123/><W25/><G33/><T29/><D0/><U94/><E104/><V30/><F38/><W84/><G78/><T14/><D64/><U36/><E36/><V71/><F41/><W51/><G48/><T108/><D108/><U31/><REACH who="1" step="1"/><E21/><AGARI ba="0,0" hai="20,21,22,24,25,27,47,51,53,84,86" m="47627" machi="21" ten="30,7700,0" yaku="18,1,52,3" doraHai="19,35" who="3" fromWho="1" sc="250,0,250,-77,250,0,250,77" /><INIT seed="1,0,0,3,1,77" ten="250,173,250,327" oya="1" hai0="135,97,2,131,58,36,69,73,72,100,117,116,12" hai1="13,57,19,113,37,33,10,70,64,53,81,44,7" hai2="25,92,56,47,26,108,79,17,27,54,40,49,80" hai3="98,86,128,90,18,124,102,121,41,52,62,122,94"/><U59/><E113/><V60/><F108/><W82/><G128/><T132/><D12/><U67/><E33/><V46/><F47/><W95/><G124/><T21/><D21/><U20/><E70/><V32/><F32/><W55/><G41/><T104/><D58/><U78/><E37/><V74/><F92/><N who="3" m="58695" /><G122/><T76/><D69/><U75/><E44/><V51/><REACH who="2" step="1"/><F17/><REACH who="2" ten="250,173,240,327" step="2"/><W130/><G121/><T133/><D36/><AGARI ba="0,1" hai="25,26,27,36,40,46,49,51,54,56,60,74,79,80" machi="36" ten="40,5200,0" yaku="1,1,2,1,52,1,53,0" doraHai="77" doraHaiUra="126" who="2" fromWho="0" sc="250,-52,173,0,240,62,327,0" /><INIT seed="2,0,0,3,0,51" ten="198,173,302,327" oya="2" hai0="53,64,30,56,106,131,93,85,117,21,42,91,36" hai1="33,77,2,40,62,107,63,100,9,116,122,135,78" hai2="129,1,47,84,115,102,109,121,112,99,79,128,98" hai3="22,132,60,130,0,65,41,50,68,52,101,105,90"/><V34/><F1/><W113/><G0/><T76/><D106/><U18/><E116/><V95/><F34/><W4/><G4/><T25/><D131/><N who="2" m="50250" /><F47/><W81/><G130/><T23/><D117/><U97/><E33/><V13/><F121/><W133/><G41/><T43/><D64/><U103/><E122/><V120/><F120/><W17/><G113/><T67/><D67/><U6/><E135/><N who="3" m="51786" /><G105/><T12/><D76/><U54/><E40/><V55/><F98/><W104/><G104/><T28/><D36/><U39/><E39/><V31/><F31/><W5/><G5/><T11/><D23/><U126/><E103/><V57/><F13/><N who="3" m="9519" /><G101/><T26/><D26/><U119/><E100/><V3/><F3/><W46/><G81/><T89/><D30/><U45/><E107/><V92/><F79/><W27/><G27/><T71/><D42/><U87/><E77/><V123/><F123/><W37/><G37/><T44/><D89/><AGARI ba="0,0" hai="46,50,52,60,65,68,89,90" m="9519,51786" machi="89" ten="30,3900,0" yaku="20,1,52,1,54,1" doraHai="51" who="3" fromWho="0" sc="198,-39,173,0,302,0,327,39" /><INIT seed="3,0,0,1,1,92" ten="159,173,302,366" oya="3" hai0="84,9,36,39,99,61,79,16,26,49,31,118,80" hai1="125,68,75,4,83,15,93,89,106,88,62,101,22" hai2="116,114,23,46,41,74,133,126,53,96,69,7,8" hai3="37,82,119,17,87,44,97,13,111,129,19,95,117"/><W76/><G129/><T100/><D118/><U34/><E34/><V1/><F116/><W67/><G67/><T86/><D61/><U18/><E125/><V103/><F126/><W94/><G111/><T115/><D115/><U47/><E106/><V33/><F114/><W51/><G37/><T48/><D39/><U6/><E75/><V30/><F53/><W24/><G24/><T131/><D36/><U29/><E68/><V123/><F123/><W2/><G2/><T77/><D131/><U27/><E62/><V120/><F120/><W20/><G19/><T55/><D77/><U28/><E101/><V110/><F23/><W132/><G132/><T78/><D78/><U66/><E66/><V90/><F133/><W81/><G81/><T65/><D65/><U25/><E47/><V108/><F69/><W12/><G94/><N who="0" m="58487" /><D86/><N who="1" m="50271" /><E27/><V14/><F14/><N who="3" m="9271" /><G119/><T10/><D31/><N who="1" m="11851" /><E25/><V130/><F130/><W107/><G107/><T21/><D49/><U104/><E104/><V105/><F74/><W64/><G64/><T32/><D32/><U43/><E43/><V113/><F113/><W121/><G121/><T35/><D35/><U102/><E102/><V42/><F42/><N who="3" m="24983" /><G117/><T135/><D135/><U98/><AGARI ba="0,0" hai="4,6,15,18,22,89,93,98" m="11851,50271" machi="98" ten="30,4000,0" yaku="8,1,52,1,54,1" doraHai="92" who="1" fromWho="1" sc="159,-10,173,40,302,-10,366,-20" owari="149,-35.0,213,-19.0,292,9.0,346,45.0" /></mjloggm>