<mjloggm ver="2.3"><GO type="97" lobby="0"/><UN n0="%41%4C%42%4E%54" n1="%E5%B0%B1%E6%B4%BB%E7%94%9F%40%E5%B7%9D%E6%9D%91%E8%BB%8D%E5%9B%A3" n2="%68%61%74%6F%38%31%30" n3="%E3%81%A7%E3%81%97%E3%81%8A" dan="14,15,13,14" rate="1950.40,2048.85,1865.54,1991.64" sx="M,M,M,F"/><TAIKYOKU oya="0"/><INIT seed="0,0,0,3,0,100" ten="250,250,250,250" oya="0" hai0="125,116,66,135,110,131,8,21,51,91,69,38,103" hai1="70,95,46,24,111,15,133,82,37,71,43,32,68" hai2="74,34,55,120,79,104,13,0,56,18,41,106,53" hai3="102,124,134,85,94,23,47,19,58,117,65,89,75"/><T22/><D116/><U83/><E133/><V44/><F120/><W10/><G117/><T97/><D38/><U59/><E111/><V87/><F34/><W128/><G134/><T121/><D135/><U36/><E36/><V98/><F0/><W126/><G75/><T101/><D121/><U48/><E95/><V28/><F74/><W39/><G128/><T9/><D131/><U60/><E37/><V96/><F28/><W14/><G102/><N who="0" m="38923" /><D125/><N who="3" m="48233" /><G58/><T49/><D69/><U127/><E127/><V130/><F130/><W42/><G65/><T6/><D66/><U80/><E15/><V119/><F119/><W29/><G29/><T77/><D77/><U31/><REACH who="1" step="1"/><E80/><REACH who="1" ten="250,240,250,250" step="2"/><V107/><F79/><W3/><G3/><T5/><D110/><U40/><E40/><V27/><F13/><W25/><G25/><T16/><D91/><U132/><E132/><V78/><F27/><W1/><G1/><T52/><D97/><U93/><E93/><V105/><F98/><W99/><G99/><T122/><D122/><U88/><E88/><V112/><F96/><W4/><G4/><N who="0" m="1643" /><D49/><U20/><E20/><AGARI ba="0,1" hai="10,14,19,20,23,39,42,47,85,89,94" m="48233" machi="20" ten="30,1000,0" yaku="18,1" doraHai="100" who="3" fromWho="1" sc="250,0,240,-10,250,0,250,20" /><INIT seed="1,0,0,0,4,118" ten="250,230,250,270" oya="1" hai0="86,127,89,14,9,25,77,65,97,123,50,64,71" hai1="73,37,98,81,112,82,12,128,95,134,13,61,101" hai2="3,21,53,34,88,129,18,22,11,46,41,10,116" hai3="113,45,99,27,92,35,51,94,58,60,83,48,49"/><U87/><E37/><V126/><F116/><W19/><G113/><T103/><D127/><U67/><E112/><V131/><F34/><W133/><G133/><T17/><D77/><U7/><E134/><V40/><F126/><W39/><G39/><T44/><D25/><U105/><E128/><N who="2" m="49227" /><F3/><W68/><G68/><T85/><D71/><U32/><E32/><V69/><F69/><W80/><G35/><T76/><D76/><U122/><E122/><V66/><F66/><N who="3" m="39191" /><G45/><T74/><D123/><U110/><E110/><V91/><F53/><W109/><G109/><T2/><D2/><U70/><E7/><V135/><F135/><W20/><G92/><T36/><D36/><U120/><E120/><V24/><F21/><W78/><G78/><T59/><D74/><U63/><E73/><V117/><F117/><W15/><G15/><T57/><D86/><U0/><E0/><V130/><N who="2" m="49235" /><V38/><DORA hai="26" /><F41/><W102/><AGARI ba="0,0" hai="19,20,27,48,49,51,80,83,94,99,102" m="39191" machi="102" ten="30,1100,0" yaku="8,1" doraHai="118,26" who="3" fromWho="3" sc="250,-3,230,-5,250,-3,270,11" /><INIT seed="2,0,0,5,5,134" ten="247,225,247,281" oya="2" hai0="56,7,118,100,19,70,66,94,81,43,106,98,124" hai1="99,44,125,29,42,131,120,123,6,49,93,5,107" hai2="69,127,59,31,112,1,116,133,13,91,129,2,53" hai3="75,4,15,12,84,16,65,41,85,132,60,90,36"/><V108/><F112/><W52/><G75/><T20/><D118/><U46/><E107/><V34/><F116/><W117/><G117/><T3/><D70/><U82/><E29/><V17/><F133/><W18/><G132/><T73/><D43/><U68/><E68/><V57/><F69/><W89/><G4/><T33/><D33/><U114/><E114/><V25/><F129/><W104/><G104/><T54/><D66/><U96/><E131/><V67/><F108/><W97/><G97/><T14/><D3/><U24/><E24/><V8/><F127/><W121/><G121/><N who="1" m="46666" /><E82/><V9/><F91/><N who="3" m="34827" /><G41/><T110/><D7/><N who="1" m="2571" /><E46/><V83/><F83/><W101/><G36/><T45/><D45/><U30/><E30/><V119/><F119/><W21/><G101/><T87/><D110/><U71/><E71/><V95/><F95/><W39/><G65/><T40/><D40/><U77/><E77/><V62/><REACH who="2" step="1"/><F8/><REACH who="2" ten="247,225,237,281" step="2"/><N who="3" m="6151" /><G39/><T113/><D124/><U63/><E125/><V86/><F86/><W72/><G72/><T0/><D113/><U23/><E93/><V35/><F35/><W61/><G84/><T76/><D0/><U27/><E96/><V88/><F88/><W79/><G85/><T50/><D73/><U111/><E99/><V26/><F26/><W47/><G79/><T10/><D106/><U103/><E103/><V126/><F126/><W128/><G128/><T78/><D78/><U48/><E111/><V80/><F80/><W122/><G122/><T130/><D130/><U135/><E135/><V109/><F109/><W38/><G38/><T64/><D10/><RYUUKYOKU ba="0,1" sc="247,10,225,-30,237,10,281,10" hai0="14,19,20,50,54,56,64,76,81,87,94,98,100" hai2="1,2,9,13,17,25,31,34,53,57,59,62,67" hai3="15,18,21,47,52,60,61" /><INIT seed="2,1,1,2,1,108" ten="257,195,247,291" oya="2" hai0="52,50,54,114,112,87,110,74,119,3,131,102,0" hai1="73,91,128,106,135,25,70,57,81,13,134,77,56" hai2="113,6,32,62,36,85,21,22,92,48,121,94,55" hai3="79,118,78,69,5,28,24,53,82,39,115,84,41"/><V122/><F32/><W8/><G118/><T72/><D102/><U71/><E106/><V33/><F36/><W99/><G69/><N who="1" m="26122" /><E25/><V47/><F33/><W16/><G39/><T1/><D110/><U101/><E101/><V83/><F121/><W58/><G41/><T31/><D119/><U63/><E91/><V100/><F122/><W11/><G99/><T23/><D131/><U103/><E103/><V90/><F62/><W2/><G115/><T51/><D87/><U80/><E80/><V45/><F113/><N who="0" m="43626" /><D23/><U66/><E13/><V37/><F6/><W59/><G59/><N who="1" m="22602" /><E128/><V44/><F37/><W67/><G67/><T132/><D31/><U124/><E124/><V15/><F100/><W129/><G129/><T88/><D88/><U104/><E104/><V76/><F94/><W107/><G107/><T126/><D126/><U125/><E125/><V7/><F22/><N who="3" m="13383" /><G28/><T68/><D68/><U93/><E93/><V97/><F21/><W14/><G11/><AGARI ba="1,1" hai="7,11,15,44,45,47,48,55,76,83,85,90,92,97" machi="11" ten="40,2000,0" yaku="8,1" doraHai="108" who="2" fromWho="3" sc="257,0,195,0,247,33,291,-23" /><INIT seed="2,2,0,1,4,112" ten="257,195,280,268" oya="2" hai0="123,79,122,119,99,20,92,102,104,29,65,16,36" hai1="87,64,55,117,38,105,85,109,33,115,53,121,17" hai2="13,61,35,30,77,8,101,90,1,15,40,68,69" hai3="127,91,83,43,86,108,26,120,60,89,73,94,51"/><V96/><F1/><W84/><G120/><T103/><D36/><U130/><E105/><V63/><F40/><W131/><G131/><T28/><D79/><U134/><E38/><V111/><F111/><W31/><G108/><T126/><D126/><U124/><E33/><V42/><F42/><W46/><G127/><T2/><D2/><U78/><E109/><V97/><F77/><W52/><G73/><T4/><D4/><U10/><E124/><V75/><F75/><W27/><G31/><T54/><D65/><U129/><E115/><V7/><F15/><W3/><G3/><T50/><D119/><U57/><E121/><V110/><F110/><W11/><G11/><T41/><D41/><U81/><E134/><V106/><F68/><W135/><G135/><T132/><D132/><U80/><E64/><V24/><REACH who="2" step="1"/><F69/><REACH who="2" ten="257,195,270,268" step="2"/><W5/><G5/><T113/><D113/><U128/><E117/><V32/><F32/><W88/><G91/><T107/><D123/><U0/><E0/><V22/><F22/><W56/><AGARI ba="2,1" hai="26,27,43,46,51,52,56,60,83,84,86,88,89,94" machi="56" ten="30,7900,0" yaku="0,1,8,1,54,2" doraHai="112" who="3" fromWho="3" sc="257,-22,195,-22,270,-41,268,95" /><INIT seed="3,0,0,0,2,29" ten="235,173,229,363" oya="3" hai0="114,44,0,2,70,41,87,102,30,16,81,95,127" hai1="72,42,131,9,84,23,7,28,96,117,33,12,8" hai2="1,112,51,101,74,31,67,10,40,61,39,52,123" hai3="91,58,19,113,26,124,125,73,5,34,88,111,128"/><W25/><G113/><T135/><D114/><U126/><E72/><V17/><F112/><W77/><G111/><T15/><D70/><U118/><E42/><V132/><F132/><W122/><G122/><T62/><D135/><U79/><E96/><V32/><F123/><W130/><G5/><T106/><D106/><U18/><E79/><V47/><F74/><W55/><G73/><T35/><D127/><N who="3" m="48713" /><G77/><T48/><D62/><U89/><E126/><V59/><F101/><W6/><G6/><T37/><D37/><U46/><E46/><V80/><F80/><W78/><G78/><T4/><D102/><U82/><E131/><N who="3" m="50218" /><G25/><T69/><D69/><U27/><REACH who="1" step="1"/><E9/><REACH who="1" ten="235,163,229,363" step="2"/><V38/><F1/><AGARI ba="0,1" hai="1,7,8,12,18,23,27,28,33,82,84,89,117,118" machi="1" ten="40,12000,2" yaku="1,1,2,1,24,2,52,1,53,1" doraHai="29" doraHaiUra="85" who="1" fromWho="2" sc="235,0,163,130,229,-120,363,0" owari="235,-16.0,293,9.0,109,-39.0,363,46.0" /></mjloggm>