<mjloggm ver="2.3"><GO type="41" lobby="0"/><UN n0="%6B%69%6E%73%61%6D%61" n1="%E3%81%8B%E3%82%8A%E3%81%BE" n2="%79%6F%6B%6B%6F%2B" n3="%E5%B0%B1%E6%B4%BB%E7%94%9F%40%E5%B7%9D%E6%9D%91%E8%BB%8D%E5%9B%A3" dan="14,15,14,15" rate="1931.24,1980.79,1942.10,1992.09" sx="M,M,M,M"/><TAIKYOKU oya="0"/><INIT seed="0,0,0,1,5,20" ten="250,250,250,250" oya="0" hai0="106,67,100,72,37,81,135,28,48,116,45,108,88" hai1="110,89,62,11,12,22,61,128,16,79,1,117,125" hai2="56,121,127,51,71,78,53,105,111,114,57,18,4" hai3="38,74,80,13,55,31,96,2,90,73,103,47,52"/><T109/><D116/><U102/><E117/><V76/><F105/><W83/><G2/><T85/><D37/><U130/><E102/><V129/><F121/><W49/><G38/><T84/><D67/><U39/><E39/><V132/><F71/><W30/><G74/><T101/><D28/><U126/><E79/><V77/><F114/><W33/><G73/><T50/><D135/><U131/><E89/><V134/><F4/><W42/><G13/><T60/><D60/><U26/><E110/><N who="0" m="42601" /><D45/><U119/><E119/><V29/><F111/><W113/><G113/><T8/><D8/><U133/><E1/><V15/><F29/><W0/><G0/><T122/><D122/><U65/><E133/><N who="2" m="51307" /><F127/><N who="1" m="48649" /><E65/><V70/><F70/><W63/><G31/><AGARI ba="0,0" hai="11,12,16,22,26,31,61,62,128,130,131" m="48649" machi="31" ten="40,8000,1" yaku="19,1,18,1,52,1,54,1" doraHai="20" who="1" fromWho="3" sc="250,0,250,80,250,0,250,-80" /><INIT seed="1,0,0,3,0,39" ten="250,330,250,170" oya="1" hai0="23,109,56,27,79,58,131,111,75,87,102,106,112" hai1="97,115,100,126,19,132,68,37,67,108,71,41,59" hai2="110,10,127,61,83,119,40,16,0,7,57,11,55" hai3="20,91,66,103,14,9,31,52,116,62,12,78,93"/><U43/><E115/><V123/><F119/><W128/><G116/><T30/><D112/><U49/><E132/><V64/><F123/><W76/><G128/><T130/><D75/><U26/><E126/><V118/><F118/><W50/><G103/><T90/><D79/><U45/><E108/><N who="0" m="41545" /><D102/><U84/><E84/><V92/><F110/><W38/><G38/><T135/><D106/><U96/><E71/><V3/><F127/><W80/><G31/><T25/><D25/><U77/><E77/><V89/><F83/><W18/><G80/><N who="0" m="49511" /><D135/><U44/><E68/><V122/><F64/><W94/><G94/><T105/><D105/><U22/><E100/><V46/><F0/><W4/><G66/><T129/><AGARI ba="0,0" hai="23,27,30,56,58,129,130,131" m="49511,41545" machi="129" ten="40,2700,0" yaku="19,1,14,1" doraHai="39" who="0" fromWho="0" sc="250,27,330,-13,250,-7,170,-7" /><INIT seed="2,0,0,3,1,112" ten="277,317,243,163" oya="2" hai0="6,84,1,114,39,31,68,123,21,46,118,4,7" hai1="108,24,0,27,15,95,17,62,48,130,22,28,10" hai2="83,42,23,38,61,124,36,115,49,80,117,8,16" hai3="2,131,100,70,14,44,5,51,35,101,89,73,135"/><V128/><F115/><W82/><G70/><T26/><D123/><U110/><E95/><V65/><F8/><W60/><G2/><T54/><D68/><U34/><E62/><V25/><F128/><W52/><G35/><T79/><D114/><U57/><E57/><V41/><F36/><W116/><G131/><T119/><D1/><U3/><E48/><V47/><F124/><W13/><G135/><T45/><D39/><U66/><E66/><V76/><F117/><N who="0" m="44554" /><D54/><U64/><E64/><V69/><REACH who="2" step="1"/><F76/><REACH who="2" ten="277,317,233,163" step="2"/><W103/><G116/><T59/><D59/><U33/><E130/><V121/><F121/><W134/><G134/><T120/><D120/><U75/><E75/><V92/><F92/><W72/><G72/><T9/><D9/><U50/><E3/><V98/><F98/><W132/><G132/><T40/><D40/><U53/><E0/><V127/><F127/><W19/><G73/><T55/><D55/><U107/><E107/><V125/><F125/><W63/><G5/><T111/><D111/><U109/><E53/><V93/><F93/><W86/><REACH who="3" step="1"/><G14/><REACH who="3" ten="277,317,233,153" step="2"/><T81/><AGARI ba="0,2" hai="4,6,7,21,26,31,45,46,79,81,84" m="44554" machi="81" ten="40,8000,1" yaku="12,1,52,3" doraHai="112" who="0" fromWho="0" sc="277,100,317,-20,233,-40,153,-20" /><INIT seed="3,0,0,5,3,128" ten="377,297,193,133" oya="3" hai0="76,73,67,35,42,63,99,25,58,78,54,88,101" hai1="45,106,62,31,53,37,89,70,18,74,98,90,13" hai2="87,43,6,127,3,108,105,95,49,8,91,48,19" hai3="72,68,55,22,15,21,83,115,2,1,61,107,24"/><W97/><G115/><T65/><D42/><U9/><E74/><V29/><F105/><W16/><G72/><T77/><D73/><U32/><E37/><V50/><F108/><W60/><G107/><T126/><D126/><U52/><E32/><V66/><F66/><W7/><G68/><T120/><D120/><U41/><E31/><V75/><F75/><W118/><G118/><T26/><D35/><U134/><E134/><V125/><F29/><W12/><G83/><T0/><D0/><N who="3" m="105" /><G55/><T94/><D101/><U79/><E79/><V81/><F19/><N who="3" m="10471" /><G97/><T93/><D93/><U39/><E106/><V119/><F119/><W40/><G40/><T28/><D28/><U104/><E89/><V44/><REACH who="2" step="1"/><F95/><REACH who="2" ten="377,297,183,133" step="2"/><W56/><G56/><T116/><D116/><U64/><E104/><V71/><F71/><W14/><G61/><T123/><D123/><U103/><E103/><V47/><F47/><W131/><G60/><T100/><D100/><U11/><E98/><V110/><F110/><W130/><G7/><T69/><D69/><U27/><E70/><V113/><F113/><W59/><G59/><T114/><D114/><U102/><E102/><V23/><F23/><W34/><G34/><T17/><D67/><U121/><E121/><V135/><F135/><W51/><G51/><AGARI ba="0,1" hai="3,6,8,43,44,48,49,50,51,81,87,91,125,127" machi="51" ten="40,2600,0" yaku="1,1,53,1" doraHai="128" doraHaiUra="80" who="2" fromWho="3" sc="377,0,297,0,183,36,133,-26" /><INIT seed="4,0,0,5,2,125" ten="377,297,219,107" oya="0" hai0="91,77,12,18,80,63,4,16,94,111,113,117,90" hai1="115,68,103,8,51,124,11,21,101,6,81,126,38" hai2="100,128,44,30,62,20,85,54,49,70,79,133,116" hai3="104,98,43,84,52,73,36,97,76,71,95,22,53"/><T120/><D120/><U24/><E68/><V46/><F116/><W7/><G71/><T19/><D117/><U32/><E38/><V56/><F100/><W72/><G7/><T64/><D113/><U65/><E32/><V34/><F34/><W57/><G104/><T74/><D111/><U87/><E115/><V35/><F35/><W110/><G110/><T107/><D107/><U1/><E11/><V60/><F20/><W61/><G72/><T42/><D42/><U47/><E65/><N who="2" m="41255" /><F30/><W108/><G73/><T93/><D93/><U15/><E1/><V2/><F2/><W26/><G108/><T48/><D48/><U50/><E50/><V67/><F85/><W37/><G53/><T41/><D41/><U66/><E66/><V5/><F5/><W106/><G106/><T134/><D134/><U69/><E69/><N who="2" m="42231" /><F79/><W122/><G122/><T82/><D82/><U0/><E0/><V14/><F14/><W96/><G43/><T55/><D55/><U129/><E103/><V127/><F127/><N who="1" m="48681" /><E101/><V31/><F31/><W75/><G75/><T58/><D94/><U121/><E121/><V33/><F33/><W88/><REACH who="3" step="1"/><G76/><REACH who="3" ten="377,297,219,97" step="2"/><T78/><D78/><U45/><E6/><V23/><F133/><W9/><G9/><T86/><D74/><U119/><E8/><AGARI ba="0,1" hai="4,8,12,16,18,19,58,63,64,77,80,86,90,91" machi="8" ten="40,3900,0" yaku="8,1,54,1" doraHai="125" who="0" fromWho="1" sc="377,49,297,-39,219,0,97,0" /><INIT seed="4,1,0,3,0,108" ten="426,258,219,97" oya="0" hai0="32,7,132,68,111,60,117,94,22,28,8,90,13" hai1="3,110,54,116,4,55,75,102,39,9,96,16,0" hai2="23,21,131,46,45,15,48,119,27,61,6,125,92" hai3="11,62,106,25,66,126,43,114,40,30,88,19,17"/><T104/><D104/><U29/><E75/><V41/><F119/><W44/><G106/><T56/><D117/><U99/><E39/><V89/><F131/><W67/><G126/><T105/><D105/><U12/><E110/><V24/><F61/><W58/><G67/><T109/><D68/><U123/><E116/><V2/><F2/><W133/><G133/><T47/><D47/><U71/><E71/><V73/><F73/><W79/><G79/><T135/><D32/><U76/><E29/><V51/><F125/><W50/><G40/><T42/><D42/><U122/><E76/><V10/><F21/><W63/><G63/><T49/><D49/><U18/><E102/><V36/><F36/><W81/><G11/><T91/><D91/><U37/><E37/><V84/><REACH who="2" step="1"/><F23/><REACH who="2" ten="426,258,209,97" step="2"/><W53/><G114/><T64/><D111/><U93/><E0/><V70/><F70/><W128/><G128/><T72/><D72/><U74/><E3/><V78/><F78/><W124/><G124/><T5/><D109/><U127/><E74/><V100/><F100/><W118/><G118/><T86/><D22/><U20/><E127/><V103/><F103/><W14/><G14/><T134/><D28/><U31/><E31/><V33/><F33/><W80/><G30/><T120/><D120/><U26/><E123/><V101/><F101/><W121/><G121/><T112/><D7/><U34/><E34/><V65/><F65/><W130/><G130/><T97/><D135/><U98/><E122/><V129/><F129/><W85/><G66/><T107/><D134/><U95/><E4/><RYUUKYOKU ba="1,1" sc="426,-15,258,15,209,15,97,-15" hai1="9,12,16,18,20,26,54,55,93,95,96,98,99" hai2="6,10,15,24,27,41,45,46,48,51,84,89,92" /><INIT seed="5,2,1,4,3,30" ten="411,273,224,82" oya="1" hai0="34,66,32,101,21,98,100,39,22,73,113,92,68" hai1="71,33,54,48,37,78,84,102,112,38,70,25,26" hai2="80,95,104,23,55,11,8,133,19,127,2,58,93" hai3="119,51,40,17,82,116,110,64,88,44,94,29,24"/><U87/><E102/><V118/><F104/><W9/><G110/><T131/><D73/><U15/><E15/><V135/><F2/><W47/><G64/><T49/><D39/><U96/><E96/><V75/><F75/><W91/><G82/><T74/><D74/><U83/><E87/><V45/><F80/><W43/><G17/><T18/><D131/><U4/><E4/><V124/><F45/><W114/><G9/><N who="2" m="3657" /><F118/><W125/><G114/><T6/><D6/><U31/><E25/><N who="2" m="14591" /><F58/><W99/><G125/><N who="2" m="48201" /><F55/><W128/><G128/><T41/><D113/><U106/><E106/><V134/><AGARI ba="2,1" hai="93,95,133,134,135" m="48201,14591,3657" machi="134" ten="40,2700,0" yaku="20,1,18,1" doraHai="30" who="2" fromWho="2" sc="411,-9,273,-15,224,43,82,-9" /><INIT seed="6,0,0,3,3,96" ten="402,258,267,73" oya="2" hai0="26,90,66,106,3,126,93,80,133,84,95,48,31" hai1="77,41,132,54,75,51,17,102,86,111,99,64,62" hai2="83,50,18,33,0,110,59,19,13,37,9,6,128" hai3="23,116,25,91,118,129,47,43,35,40,15,49,8"/><V124/><F37/><W5/><G35/><T112/><D126/><U87/><E111/><V103/><F124/><W38/><G129/><T109/><D109/><U81/><E132/><V14/><F110/><W24/><G24/><T39/><D39/><U52/><E17/><V12/><F33/><W21/><G23/><T56/><D133/><U120/><E120/><V58/><F83/><W104/><G104/><T11/><D112/><U28/><E28/><V42/><F128/><W131/><G131/><T114/><D106/><U67/><E67/><V60/><F103/><W63/><G40/><T117/><D117/><U119/><E41/><V4/><F0/><W45/><G63/><T94/><D114/><U74/><E74/><V88/><F88/><W16/><REACH who="3" step="1"/><G91/><REACH who="3" ten="402,258,267,63" step="2"/><T122/><D122/><U61/><E119/><V20/><F42/><W65/><G65/><T71/><D66/><U82/><E64/><N who="2" m="38935" /><F12/><W125/><G125/><T22/><D3/><U73/><E54/><AGARI ba="0,1" hai="4,6,9,13,14,18,19,20,50,54,59" m="38935" machi="54" ten="30,1500,0" yaku="8,1" doraHai="96" who="2" fromWho="1" sc="402,0,258,-15,267,25,63,0" /><INIT seed="6,1,0,2,1,33" ten="402,243,292,63" oya="2" hai0="123,76,133,61,100,114,84,26,115,18,106,15,79" hai1="91,86,129,73,34,89,27,1,121,78,32,119,111" hai2="95,21,7,64,9,62,93,68,52,3,17,43,39" hai3="45,125,6,80,85,120,47,74,127,105,81,88,5"/><V57/><F39/><W35/><G105/><T63/><D123/><U22/><E119/><V53/><F43/><W0/><G35/><T13/><D133/><U59/><E111/><V117/><F117/><W56/><G74/><T37/><D37/><U60/><E129/><V4/><F7/><W69/><G120/><T8/><D15/><U94/><E1/><V19/><F19/><W2/><G56/><T28/><D100/><U11/><E11/><V75/><F75/><W134/><G134/><T42/><D42/><U131/><E131/><V66/><F66/><W23/><G23/><T135/><D135/><U67/><E121/><V107/><F107/><W14/><G14/><T104/><D79/><U87/><E78/><V109/><F109/><W102/><G102/><T12/><D12/><U36/><E36/><V97/><F68/><W65/><G65/><T130/><D130/><U98/><E73/><V49/><F49/><W55/><G55/><T96/><D96/><U20/><E20/><V92/><REACH who="2" step="1"/><F97/><REACH who="2" ten="402,243,282,63" step="2"/><W71/><G85/><T126/><D106/><U40/><E40/><V132/><F132/><W51/><REACH who="3" step="1"/><G51/><REACH who="3" ten="402,243,282,53" step="2"/><T54/><D104/><U72/><E72/><V108/><F108/><W31/><G31/><T10/><D28/><U124/><E87/><V46/><F46/><W24/><G24/><AGARI ba="1,2" hai="3,4,9,17,21,24,52,53,57,62,64,92,93,95" machi="24" ten="40,7700,0" yaku="1,1,52,1,54,1,53,0" doraHai="33" doraHaiUra="110" who="2" fromWho="3" sc="402,0,243,0,282,100,53,-80" owari="402,51.0,243,-16.0,382,18.0,-27,-53.0" /></mjloggm>