<mjloggm ver="2.3"><GO type="41" lobby="0"/><UN n0="%E3%83%8F%E3%83%90%E3%82%AD%E3%83%AA" n1="%73%65%61%72%69%61%6C" n2="%E5%B0%B1%E6%B4%BB%E7%94%9F%40%E5%B7%9D%E6%9D%91%E8%BB%8D%E5%9B%A3" n3="%E6%9C%88%E5%85%89%E3%83%91%E3%83%A9%E3%82%AA" dan="13,14,15,14" rate="1873.77,1946.42,2004.29,1907.30" sx="M,F,M,F"/><TAIKYOKU oya="0"/><INIT seed="0,0,0,5,0,101" ten="250,250,250,250" oya="0" hai0="20,83,97,84,109,100,28,123,95,59,135,127,126" hai1="99,74,132,11,124,13,7,48,91,31,26,40,107" hai2="98,131,12,130,129,78,67,57,61,120,16,29,77" hai3="65,2,47,41,75,76,112,106,56,49,133,51,88"/><T121/><D59/><U69/><E69/><V68/><F120/><N who="0" m="46154" /><D28/><U38/><E124/><N who="0" m="47657" /><D20/><U110/><E132/><V85/><F29/><W86/><G112/><T63/><D63/><U73/><E110/><V111/><F111/><W53/><G2/><T94/><D109/><U34/><E38/><V10/><F68/><W32/><G133/><T79/><D135/><U102/><REACH who="1" step="1"/><E91/><REACH who="1" ten="250,240,250,250" step="2"/><V30/><F30/><W3/><G88/><T114/><D114/><U125/><E125/><V5/><F5/><W36/><G36/><T21/><D21/><U108/><E108/><V72/><F72/><W89/><G75/><T55/><D55/><U128/><E128/><V42/><F42/><W87/><G53/><T80/><D80/><U9/><E9/><V54/><F54/><W1/><G41/><T22/><D22/><U24/><E24/><V27/><F27/><W122/><G32/><T134/><D134/><U4/><E4/><V117/><F117/><W60/><G122/><T8/><D8/><U90/><E90/><V105/><REACH who="2" step="1"/><F85/><REACH who="2" ten="250,240,240,250" step="2"/><W46/><G87/><T6/><D6/><U64/><E64/><V43/><F43/><W33/><G65/><T66/><D66/><U113/><E113/><V115/><F115/><W103/><G86/><T70/><D70/><U23/><E23/><V81/><F81/><W96/><G33/><T92/><AGARI ba="0,2" hai="79,83,84,92,94,95,97,100" m="47657,46154" machi="92" ten="40,7800,0" yaku="18,1,34,2" doraHai="101" who="0" fromWho="0" sc="250,98,240,-26,240,-26,250,-26" /><INIT seed="0,1,0,5,2,103" ten="348,214,214,224" oya="0" hai0="116,104,84,37,88,78,33,115,67,132,56,42,113" hai1="70,9,29,34,57,111,22,21,19,45,76,31,108" hai2="105,0,89,73,15,129,126,87,127,133,51,13,80" hai3="75,117,60,100,48,97,110,71,27,14,63,20,74"/><T7/><D116/><U44/><E70/><V114/><F0/><W50/><G117/><T95/><D33/><U121/><E76/><V18/><F114/><W55/><G110/><N who="1" m="42026" /><E57/><V54/><F129/><W85/><G14/><T101/><D132/><U90/><E34/><V65/><F65/><W118/><G50/><T134/><D134/><U30/><E90/><V69/><F69/><W86/><G75/><T40/><D7/><U112/><E112/><V39/><F39/><W106/><G74/><T83/><D37/><U109/><N who="1" m="42034" /><U1/><DORA hai="32" /><E121/><V64/><F64/><W91/><G118/><T41/><D56/><U135/><E135/><V28/><F28/><W11/><G11/><T8/><D8/><U77/><E77/><V107/><F73/><W12/><G12/><T68/><D68/><U92/><E92/><V43/><F43/><W49/><G49/><T23/><D67/><U102/><E102/><V119/><F119/><W2/><G86/><T47/><D47/><N who="1" m="17995" /><E19/><V16/><F133/><W59/><G71/><T52/><D115/><U26/><E26/><V62/><F62/><W25/><G27/><T36/><D36/><U122/><E122/><V4/><F18/><W81/><G2/><T58/><D113/><U79/><E79/><V120/><F120/><W130/><REACH who="3" step="1"/><G130/><REACH who="3" ten="348,214,214,214" step="2"/><T24/><D84/><U3/><E9/><N who="2" m="6191" /><F15/><W61/><G61/><T35/><D24/><U125/><E1/><V96/><F4/><W38/><G38/><T93/><D78/><U123/><E3/><V53/><F87/><W6/><G6/><T10/><D10/><RYUUKYOKU ba="1,1" sc="348,-10,214,-10,214,-10,214,30" hai3="20,25,48,55,59,60,63,81,85,91,97,100,106" /><INIT seed="1,2,1,0,3,116" ten="338,204,204,244" oya="1" hai0="86,51,112,32,98,0,134,16,15,90,120,89,80" hai1="103,39,38,30,58,110,91,18,93,37,67,65,122" hai2="59,23,74,108,54,75,60,123,43,94,92,111,96" hai3="101,78,117,28,9,29,77,13,133,10,115,27,36"/><U95/><E110/><N who="2" m="42027" /><F43/><W70/><G115/><T25/><D112/><U35/><E35/><V56/><F123/><W125/><G117/><T12/><D0/><U81/><E30/><V127/><F127/><W42/><G70/><T119/><D119/><U99/><E122/><V64/><F23/><W24/><G125/><T114/><D114/><U46/><E81/><V71/><F71/><W31/><G133/><T62/><D120/><U118/><E118/><V34/><F34/><W21/><G31/><T48/><D134/><U100/><E46/><V105/><F105/><W87/><G101/><T5/><D62/><U14/><E58/><V20/><F20/><W7/><G9/><N who="0" m="4143" /><D25/><U73/><E73/><N who="2" m="27659" /><F96/><W130/><G130/><T132/><D32/><U66/><REACH who="1" step="1"/><E95/><REACH who="1" ten="338,194,204,244" step="2"/><V68/><F68/><W104/><G28/><T61/><D80/><U33/><E33/><V44/><F44/><W83/><G78/><T85/><D132/><U126/><E126/><V88/><F88/><W8/><G29/><T72/><D90/><U113/><E113/><V79/><F79/><W135/><G83/><T82/><D89/><U107/><E107/><V129/><F129/><W22/><G77/><T11/><D82/><U52/><E52/><V2/><F2/><W128/><G104/><T55/><D72/><U97/><E97/><V40/><F40/><W53/><G42/><T121/><D98/><U57/><E57/><V131/><F131/><W41/><G41/><T26/><D121/><U106/><E106/><V47/><F47/><W84/><G128/><T109/><D109/><U63/><E63/><AGARI ba="2,2" hai="54,56,59,60,63,64,92,94" m="27659,42027" machi="63" ten="30,2000,0" yaku="6,1,14,1" doraHai="116" who="2" fromWho="1" sc="338,0,194,-26,204,46,244,0" /><INIT seed="2,0,0,4,4,53" ten="338,168,250,244" oya="2" hai0="63,8,9,131,115,57,42,132,10,29,40,21,77" hai1="64,44,71,0,52,102,37,113,27,39,107,75,30" hai2="116,48,123,119,109,128,56,6,112,92,122,35,91" hai3="134,83,80,73,47,33,89,2,99,32,50,45,130"/><V34/><F112/><W135/><G2/><T31/><D115/><U103/><E113/><V76/><F76/><W127/><G99/><T70/><D70/><U108/><E108/><V26/><F109/><W98/><G98/><T88/><D77/><U95/><E0/><V85/><F128/><W60/><G50/><T12/><D131/><U4/><E4/><V65/><F6/><W121/><G60/><T24/><D132/><N who="3" m="50729" /><G130/><T117/><D117/><U96/><E75/><V17/><F35/><W49/><G49/><T25/><D12/><U74/><E74/><V41/><F41/><W87/><G121/><T106/><D106/><U22/><E103/><V111/><F111/><W16/><G127/><T110/><D110/><U114/><E114/><V7/><F7/><W46/><G73/><T124/><D124/><U11/><E107/><V61/><F48/><W90/><G16/><T129/><D129/><U82/><E11/><V23/><REACH who="2" step="1"/><F34/><REACH who="2" ten="338,168,240,244" step="2"/><N who="3" m="13419" /><G87/><T1/><D1/><U3/><E3/><V94/><F94/><W55/><G55/><N who="0" m="34239" /><D42/><U18/><E52/><V59/><F59/><W105/><G105/><T20/><D40/><U58/><E58/><V118/><AGARI ba="0,1" hai="17,23,26,56,61,65,85,91,92,116,118,119,122,123" machi="118" ten="30,11700,0" yaku="1,1,0,1,52,1,53,1" doraHai="53" doraHaiUra="14" who="2" fromWho="2" sc="338,-39,168,-39,240,127,244,-39" /><INIT seed="2,1,0,5,5,64" ten="299,129,367,205" oya="2" hai0="13,22,107,122,52,102,71,113,69,77,87,28,66" hai1="37,42,3,55,24,114,125,12,72,84,40,7,129" hai2="33,130,115,124,70,4,16,65,51,27,92,45,73" hai3="93,61,56,90,101,112,100,108,36,80,58,132,67"/><V120/><F73/><W34/><G36/><T133/><D113/><U117/><E114/><V41/><F120/><W91/><G112/><T103/><D122/><U111/><E117/><V5/><F115/><W62/><G34/><T50/><D66/><U35/><E72/><V25/><F124/><W9/><G132/><T68/><D133/><U106/><E106/><V110/><F130/><W48/><G48/><T39/><D39/><U95/><E125/><V49/><F110/><W31/><G31/><T86/><D107/><U57/><E129/><V21/><F51/><W32/><G32/><T47/><D13/><U118/><E3/><V11/><F11/><W98/><G9/><T54/><D54/><U59/><E118/><V10/><F10/><W76/><G108/><T81/><REACH who="0" step="1"/><D87/><REACH who="0" ten="289,129,367,205" step="2"/><U2/><E111/><V30/><F65/><W53/><G76/><T96/><D96/><U6/><E37/><V127/><F127/><W26/><G26/><AGARI ba="1,1" hai="22,26,28,47,50,52,68,69,71,77,81,86,102,103" machi="26" ten="40,8000,1" yaku="1,1,52,3,54,1,53,0" doraHai="64" doraHaiUra="116" who="0" fromWho="3" sc="289,93,129,0,367,0,205,-83" /><INIT seed="3,0,0,5,3,104" ten="382,129,367,122" oya="3" hai0="97,13,86,58,117,92,116,107,29,125,114,23,108" hai1="37,100,60,53,71,40,130,17,73,54,21,47,81" hai2="99,50,67,36,80,133,111,11,64,48,31,75,56" hai3="43,115,131,32,106,90,24,1,126,76,22,20,12"/><W8/><G106/><T28/><D58/><U46/><E100/><V89/><F36/><W52/><G115/><T55/><D114/><U98/><E130/><V19/><F111/><W30/><G43/><T101/><D108/><U93/><E71/><V35/><F133/><W63/><G131/><T66/><D66/><U118/><E118/><V38/><F38/><W44/><G126/><T78/><D55/><U26/><E46/><V110/><F110/><W74/><G90/><N who="0" m="53335" /><D13/><U9/><E9/><V59/><F35/><W51/><G63/><T27/><D29/><U25/><E25/><V72/><F31/><W18/><G76/><T45/><D45/><U127/><E127/><V69/><F69/><W124/><G22/><T122/><D122/><U15/><E15/><V0/><F99/><W41/><G41/><T119/><D125/><U14/><E14/><V79/><F89/><W61/><G61/><T49/><D49/><U42/><E42/><V128/><F19/><W85/><G85/><T4/><D4/><U112/><E112/><V109/><F109/><W34/><G124/><T129/><D129/><U84/><E84/><V57/><F128/><W77/><G1/><T135/><D135/><U94/><E60/><V132/><F132/><W5/><REACH who="3" step="1"/><G5/><REACH who="3" ten="382,129,367,112" step="2"/><T134/><D134/><U123/><E123/><V83/><F0/><W16/><G16/><T120/><D120/><U105/><E105/><V70/><F70/><W87/><G87/><T6/><D6/><U96/><E40/><V3/><F3/><W95/><G95/><T62/><D78/><U113/><E17/><RYUUKYOKU ba="0,1" sc="382,15,129,-15,367,-15,112,15" hai0="23,27,28,62,97,101,107,116,117,119" hai3="8,12,18,20,24,30,32,34,44,51,52,74,77" /><INIT seed="3,1,1,2,2,75" ten="397,114,352,127" oya="3" hai0="106,39,132,89,84,18,0,98,59,50,76,10,48" hai1="63,95,100,73,20,90,97,102,6,11,71,25,21" hai2="85,60,13,9,135,45,46,5,35,30,70,51,62" hai3="67,105,125,111,17,58,99,128,113,23,79,14,29"/><W117/><G113/><T86/><D39/><U88/><E73/><V82/><F135/><W47/><G117/><T80/><D132/><U16/><E100/><V72/><F72/><W31/><G125/><T3/><D106/><U103/><E103/><V56/><F70/><W74/><G105/><T26/><D98/><U65/><REACH who="1" step="1"/><E21/><REACH who="1" ten="397,104,352,127" step="2"/><V101/><F101/><W2/><G74/><T87/><D89/><U57/><E57/><V107/><F107/><W69/><G69/><T55/><D59/><U19/><E19/><V66/><F35/><W28/><G128/><T91/><D18/><U115/><E115/><V34/><F34/><W116/><G116/><T108/><D91/><U15/><AGARI ba="1,2" hai="6,11,15,16,20,25,63,65,71,88,90,95,97,102" machi="15" ten="20,12000,2" yaku="1,1,0,1,7,1,54,2,53,1" doraHai="75" doraHaiUra="64" who="1" fromWho="1" sc="397,-31,104,143,352,-31,127,-61" /><INIT seed="4,0,0,0,4,96" ten="366,247,321,66" oya="0" hai0="7,113,99,40,109,89,63,135,132,130,79,84,129" hai1="36,49,42,86,102,95,27,51,12,20,23,54,74" hai2="119,6,46,34,29,28,101,26,69,8,128,103,70" hai3="127,121,59,41,81,73,50,52,114,2,53,78,97"/><T9/><D40/><U117/><E74/><V37/><F29/><W5/><G114/><T13/><D63/><U100/><E117/><V107/><F119/><W47/><G121/><T1/><D113/><U71/><E71/><V134/><F134/><N who="0" m="51242" /><D109/><U88/><E36/><V98/><F128/><N who="0" m="49258" /><D79/><U75/><E75/><V80/><F80/><W33/><G127/><T87/><D1/><U118/><E118/><V11/><F11/><W48/><G33/><T32/><D32/><U17/><E42/><N who="2" m="22863" /><F101/><N who="1" m="39017" /><E54/><V62/><F62/><W131/><G131/><T111/><D111/><U122/><E122/><V66/><F66/><W56/><G97/><T22/><D22/><U112/><E112/><V76/><F76/><W83/><G83/><T3/><D3/><AGARI ba="0,0" hai="3,6,8,26,28,34,69,70,98,103,107" m="22863" machi="3" ten="30,3900,0" yaku="33,2,52,1" doraHai="96" who="2" fromWho="0" sc="366,-39,247,0,321,39,66,0" /><INIT seed="5,0,0,5,3,47" ten="327,247,360,66" oya="1" hai0="38,39,100,95,6,131,15,109,37,127,19,106,27" hai1="75,57,43,61,44,94,36,5,79,101,59,56,98" hai2="58,85,119,53,135,32,107,46,9,10,51,65,73" hai3="26,67,112,13,7,123,120,20,66,63,31,74,55"/><U86/><E5/><V62/><F73/><W90/><G112/><T116/><D109/><U35/><E35/><V72/><F72/><W49/><G67/><T89/><D116/><U23/><E75/><V80/><F32/><W16/><G74/><T68/><D68/><U12/><E79/><N who="2" m="46239" /><F107/><W48/><G55/><T69/><D69/><U88/><E12/><V45/><F119/><W8/><G120/><T60/><D60/><U130/><E130/><V129/><F129/><W125/><G90/><T30/><D6/><U14/><E14/><V92/><F135/><W132/><G125/><T117/><D117/><U52/><REACH who="1" step="1"/><E23/><REACH who="1" ten="327,237,360,66" step="2"/><V3/><F3/><W91/><G123/><T93/><D15/><U103/><E103/><V111/><F111/><W21/><G132/><T33/><D100/><U134/><E134/><V64/><F10/><W42/><G42/><T114/><D131/><U41/><E41/><V24/><F9/><W2/><REACH who="3" step="1"/><G91/><REACH who="3" ten="327,237,360,56" step="2"/><T17/><D89/><U87/><E87/><V77/><F77/><W115/><G115/><T18/><D114/><U113/><E113/><V0/><F0/><W84/><G84/><T110/><D110/><U50/><E50/><V29/><F51/><W128/><G128/><T82/><D39/><U76/><E76/><V124/><F124/><W108/><G108/><T99/><D38/><U78/><E78/><V70/><F70/><AGARI ba="0,2" hai="2,7,8,13,16,20,21,26,31,48,49,63,66,70" machi="70" ten="30,12000,2" yaku="1,1,7,1,52,2,54,1,53,1" doraHai="47" doraHaiUra="25" who="3" fromWho="2" sc="327,0,237,0,360,-120,56,140" /><INIT seed="6,0,0,2,2,80" ten="327,237,240,196" oya="2" hai0="77,8,51,98,30,10,60,19,15,29,86,38,89" hai1="130,123,99,36,52,102,73,108,107,17,76,118,27" hai2="59,64,43,90,6,12,67,45,82,57,103,63,131" hai3="7,85,53,100,81,79,78,42,24,13,71,39,61"/><V9/><F131/><W5/><G100/><T128/><D38/><U124/><E36/><V56/><F103/><W96/><G96/><T133/><D128/><U46/><E130/><V48/><REACH who="2" step="1"/><F67/><REACH who="2" ten="327,237,230,196" step="2"/><W74/><G74/><T113/><D113/><U40/><E73/><V104/><F104/><W109/><G109/><T70/><D133/><U92/><E108/><V134/><F134/><W83/><G39/><T33/><D33/><U114/><E114/><V22/><F22/><W23/><G42/><T31/><D10/><U66/><E107/><V44/><F44/><W125/><G125/><T94/><D8/><U95/><E66/><V11/><F11/><W127/><G127/><T47/><D47/><U69/><E46/><V0/><F0/><W75/><G13/><T32/><D15/><U18/><E124/><V16/><F16/><W111/><G111/><T14/><D32/><U129/><E17/><V112/><F112/><W87/><G75/><T106/><D106/><U88/><E18/><V122/><F122/><W97/><G71/><T4/><D19/><U116/><E123/><V121/><F121/><W37/><G37/><T21/><D14/><U68/><E129/><V110/><F110/><W101/><G23/><T55/><D21/><U3/><E3/><V49/><F49/><W26/><G26/><T1/><D51/><U91/><E27/><V119/><F119/><W20/><G20/><T2/><D70/><U105/><E116/><V54/><F54/><W25/><G25/><T120/><D120/><U50/><E118/><V93/><F93/><N who="3" m="58543" /><G24/><T84/><D55/><RYUUKYOKU ba="0,1" sc="327,-15,237,-15,230,15,196,15" hai2="6,9,12,43,45,48,56,57,59,63,64,82,90" hai3="5,7,53,61,78,79,81,83,85,87" /><INIT seed="6,1,1,4,4,49" ten="312,222,245,211" oya="2" hai0="45,82,86,29,6,37,114,66,133,93,102,17,32" hai1="16,132,109,124,67,35,42,21,77,97,61,121,24" hai2="62,126,7,112,72,125,92,106,13,90,83,99,105" hai3="128,34,104,40,48,113,5,75,68,26,54,10,81"/><V117/><F117/><W87/><G75/><T38/><D6/><U22/><E109/><V31/><F31/><W100/><G68/><T59/><D17/><U115/><E115/><V116/><F116/><W0/><G128/><T65/><D45/><U25/><E35/><V44/><F112/><W46/><G113/><T19/><D114/><U55/><E132/><V71/><F44/><W96/><G34/><T30/><D19/><U52/><E124/><N who="2" m="47723" /><F7/><W89/><REACH who="3" step="1"/><G26/><REACH who="3" ten="312,222,245,201" step="2"/><T60/><D32/><U57/><E121/><V41/><F41/><AGARI ba="1,2" hai="0,5,10,40,41,46,48,54,81,87,89,96,100,104" machi="41" ten="40,8000,1" yaku="1,1,2,1,52,1,53,1" doraHai="49" doraHaiUra="4" who="3" fromWho="2" sc="312,0,222,0,245,-83,201,103" /><INIT seed="7,0,0,4,2,120" ten="312,222,162,304" oya="3" hai0="60,101,22,16,113,8,91,54,127,95,37,76,64" hai1="87,109,0,75,111,11,129,82,7,128,119,19,117" hai2="135,104,42,102,31,3,124,71,105,5,18,2,57" hai3="106,10,118,32,70,43,84,92,126,20,78,67,125"/><W130/><G118/><N who="1" m="45066" /><E19/><V49/><F71/><W40/><G106/><T116/><D37/><U73/><E73/><V85/><F124/><N who="3" m="47723" /><G130/><N who="1" m="50282" /><E75/><V63/><F135/><W30/><G32/><T94/><D127/><U56/><E56/><V33/><F33/><W123/><G123/><T100/><D113/><U65/><E65/><V112/><F31/><W38/><G38/><T72/><D116/><U107/><E107/><V14/><F112/><W27/><G10/><T36/><D36/><U25/><E25/><V108/><F85/><W41/><G67/><T103/><D72/><U68/><E68/><V66/><F5/><W88/><G70/><T133/><D133/><U115/><E115/><V34/><F34/><W132/><G132/><T77/><D64/><U74/><E74/><V134/><F134/><W9/><G9/><T62/><D8/><U59/><E59/><V44/><F104/><W50/><G78/><AGARI ba="0,0" hai="0,7,11,78,82,87,109,111" m="50282,45066" machi="78" ten="30,7700,0" yaku="12,1,19,1,52,2" doraHai="120" who="1" fromWho="3" sc="312,0,222,77,162,0,304,-77" owari="312,41.0,299,10.0,162,-34.0,227,-17.0" /></mjloggm>