<mjloggm ver="2.3"><GO type="41" lobby="0"/><UN n0="%E3%82%8F%E3%81%B5%E3%82%8F%E3%81%B5%E3%83%BC" n1="%E5%B0%B1%E6%B4%BB%E7%94%9F%40%E5%B7%9D%E6%9D%91%E8%BB%8D%E5%9B%A3" n2="%42%61%6C%6C%79" n3="%E3%81%AF%E3%81%8F%E3%81%AE%E3%81%99%E3%81%91" dan="13,15,13,14" rate="1864.24,1970.57,2065.43,1946.88" sx="M,M,M,M"/><TAIKYOKU oya="0"/><INIT seed="0,0,0,2,0,54" ten="250,250,250,250" oya="0" hai0="63,128,19,89,97,31,121,40,53,39,70,117,6" hai1="72,45,98,84,109,124,86,73,95,38,42,115,74" hai2="110,60,119,69,112,125,94,52,77,26,4,17,61" hai3="20,108,33,5,104,0,25,85,35,91,62,114,44"/><T11/><D117/><U130/><E115/><V122/><F112/><W37/><G114/><T15/><D121/><U10/><E124/><V103/><F110/><W51/><G104/><T1/><D128/><U12/><E109/><V47/><F125/><W67/><G37/><T134/><D134/><U28/><E28/><V78/><F122/><W102/><G102/><T79/><D70/><U135/><E135/><V30/><F69/><W81/><G5/><T107/><D31/><U133/><E130/><V76/><F119/><W101/><G101/><T43/><D79/><U27/><E27/><V83/><F83/><W111/><G0/><T123/><D39/><U56/><E56/><N who="2" m="34823" /><F4/><W105/><G105/><T23/><D107/><U88/><REACH who="1" step="1"/><E133/><REACH who="1" ten="250,240,250,250" step="2"/><V127/><F127/><W126/><G126/><T64/><D123/><U41/><E41/><V100/><F30/><W18/><G111/><T29/><D29/><U36/><E36/><V55/><F47/><W32/><G108/><T93/><D43/><U3/><E3/><V92/><F26/><W50/><REACH who="3" step="1"/><G44/><REACH who="3" ten="250,240,250,240" step="2"/><T49/><D1/><U14/><E14/><V87/><F100/><W34/><N who="3" m="8704" /><DORA hai="120" /><W75/><G75/><T113/><D113/><U90/><E90/><V24/><F103/><W59/><AGARI ba="0,2" hai="18,20,25,50,51,59,62,67,81,85,91" m="8704" machi="59" ten="60,8000,1" yaku="1,1,0,1,52,1,53,2" doraHai="54,120" doraHaiUra="16,82" who="3" fromWho="3" sc="250,-40,240,-20,250,-20,240,100" /><INIT seed="1,0,0,1,4,62" ten="210,220,230,340" oya="1" hai0="48,0,130,28,9,63,118,58,45,59,106,133,49" hai1="70,92,77,54,103,15,82,98,3,61,1,30,73" hai2="32,113,101,41,44,53,128,55,79,81,11,80,10" hai3="107,123,126,109,33,100,112,7,84,74,125,104,4"/><U78/><E78/><V97/><F113/><W134/><G33/><T122/><D106/><U24/><E15/><V25/><F128/><W31/><G112/><T5/><D118/><U95/><E95/><V110/><F110/><W57/><G31/><T91/><D130/><U102/><E102/><V121/><F121/><W67/><G123/><T99/><D133/><U96/><E96/><V6/><F32/><W19/><G74/><T51/><D28/><U90/><E90/><V124/><F25/><W21/><G84/><T43/><D59/><U14/><E14/><V42/><F124/><N who="3" m="47723" /><G100/><T89/><D122/><U39/><E39/><V115/><F115/><W23/><G134/><T135/><D135/><U60/><E60/><V117/><F117/><W87/><G87/><T12/><D0/><U108/><E108/><V93/><F42/><W64/><G57/><T71/><D71/><U34/><E54/><V56/><F56/><W119/><G119/><T105/><D105/><N who="3" m="40521" /><G109/><T65/><REACH who="0" step="1"/><D99/><REACH who="0" ten="200,220,230,340" step="2"/><U86/><REACH who="1" step="1"/><E73/><REACH who="1" ten="200,210,230,340" step="2"/><N who="2" m="43119" /><F97/><W72/><G72/><T13/><D13/><U114/><E114/><V47/><F53/><W38/><G38/><AGARI ba="0,2" hai="5,9,12,38,43,45,48,49,51,58,63,65,89,91" machi="38" ten="40,2600,0" yaku="1,1,52,1,53,0" doraHai="62" doraHaiUra="35" who="0" fromWho="3" sc="200,46,210,0,230,0,340,-26" /><INIT seed="2,0,0,1,5,75" ten="246,210,230,314" oya="2" hai0="54,27,19,94,100,6,16,20,57,92,39,86,101" hai1="30,40,41,118,95,0,28,3,45,68,119,38,127" hai2="120,84,17,89,59,135,55,114,97,104,80,44,133" hai3="78,23,112,48,4,9,76,14,134,79,60,64,70"/><V102/><F120/><W77/><G112/><T113/><D39/><U33/><E127/><V129/><F114/><W126/><G126/><T49/><D6/><U25/><E28/><V15/><F129/><W58/><G134/><T37/><D37/><U1/><E95/><N who="0" m="36393" /><D113/><U81/><E41/><V36/><F36/><W18/><G70/><T32/><D32/><U51/><E51/><V125/><F125/><W110/><G110/><T121/><D121/><U99/><E99/><V47/><F133/><W85/><G48/><T116/><D116/><U42/><E42/><V13/><F135/><W124/><G124/><T8/><D86/><U98/><E98/><V12/><REACH who="2" step="1"/><F17/><REACH who="2" ten="246,210,220,314" step="2"/><W61/><G4/><T29/><D19/><U72/><E68/><V96/><F96/><W87/><G87/><T26/><D26/><U73/><E73/><V117/><F117/><W88/><G9/><T66/><D8/><U82/><E72/><V111/><F111/><W130/><G130/><T107/><D16/><U69/><E69/><V22/><F22/><W105/><G105/><T56/><D107/><U123/><E123/><V53/><F53/><W46/><G46/><T106/><D106/><U65/><E119/><V35/><F35/><W67/><G64/><T62/><AGARI ba="0,1" hai="20,27,29,49,54,56,57,62,66,100,101" m="36393" machi="62" ten="30,1100,0" yaku="8,1" doraHai="75" who="0" fromWho="0" sc="246,21,210,-3,220,-5,314,-3" /><INIT seed="3,0,0,1,3,17" ten="267,207,215,311" oya="3" hai0="120,100,66,105,91,1,70,112,4,41,11,9,69" hai1="47,106,125,102,117,21,26,98,67,57,75,107,8" hai2="33,43,23,73,61,95,122,119,46,115,101,87,53" hai3="49,65,25,52,64,97,22,114,32,108,15,83,131"/><W92/><G114/><T121/><D120/><U3/><E75/><V20/><F33/><W104/><G104/><T35/><D121/><U123/><E123/><V116/><F122/><W113/><G113/><T40/><D35/><U93/><E117/><V38/><F73/><W12/><G32/><T126/><D126/><U48/><E125/><V132/><F132/><W39/><G39/><T58/><D91/><U103/><E3/><V85/><F115/><W51/><G51/><T59/><D66/><N who="3" m="25705" /><G83/><T71/><D112/><U110/><E110/><V134/><F134/><W2/><G2/><T7/><D100/><U45/><E8/><V16/><F85/><W62/><G62/><T129/><D129/><U90/><E107/><V14/><F23/><W18/><G131/><T128/><D105/><U76/><E76/><V0/><F0/><W86/><G86/><T109/><D109/><U94/><E106/><V68/><F68/><W10/><G10/><N who="0" m="3595" /><D1/><U74/><E74/><V82/><F101/><N who="3" m="60583" /><G108/><T127/><D127/><U77/><E77/><V133/><F133/><W42/><G42/><N who="0" m="16491" /><D128/><U37/><E37/><V80/><F116/><W81/><G81/><T124/><D124/><U60/><E103/><V24/><F119/><W118/><G118/><T30/><D71/><U111/><E111/><V96/><F87/><W130/><G130/><T135/><D70/><U34/><E48/><V89/><F14/><W50/><G50/><T63/><D69/><U29/><E34/><V19/><F19/><W5/><G5/><N who="0" m="2123" /><D135/><U78/><E78/><V79/><F79/><W84/><G84/><AGARI ba="0,0" hai="21,26,29,45,47,57,60,67,84,90,93,94,98,102" machi="84" ten="30,12000,2" yaku="6,1,7,1,25,2,8,1,52,1" doraHai="17" who="1" fromWho="3" sc="267,0,207,120,215,0,311,-120" /><INIT seed="4,0,0,3,1,135" ten="267,327,215,191" oya="0" hai0="62,74,37,108,113,53,98,124,35,21,64,50,131" hai1="32,78,126,77,102,19,24,49,127,86,71,100,8" hai2="123,39,25,47,68,15,91,79,34,114,111,81,60" hai3="56,82,119,69,134,38,93,7,22,128,18,118,94"/><T80/><D35/><U89/><E71/><V48/><F123/><W54/><G69/><T16/><D37/><U92/><E32/><V132/><F132/><W130/><G38/><T121/><D121/><U85/><E49/><V73/><F114/><W14/><G134/><T105/><D113/><U5/><E19/><V20/><F39/><W44/><G44/><T58/><D108/><U23/><E23/><V116/><F116/><W70/><G70/><T87/><D74/><U96/><E24/><V67/><F111/><W41/><G41/><T57/><D131/><U65/><E65/><V27/><F91/><W120/><G120/><T90/><D124/><N who="1" m="47659" /><E86/><V43/><REACH who="2" step="1"/><F34/><REACH who="2" ten="267,327,205,191" step="2"/><W10/><G119/><T122/><D122/><U59/><E102/><V33/><F33/><W133/><G118/><T0/><D0/><N who="1" m="39" /><E59/><V109/><F109/><W12/><G133/><T75/><D58/><U11/><E11/><V26/><F26/><W95/><G130/><T2/><D57/><U76/><E76/><V84/><F84/><W107/><G128/><T6/><D87/><U45/><E45/><V36/><F36/><W88/><G56/><T30/><D64/><U17/><E17/><AGARI ba="0,1" hai="15,17,20,25,27,43,47,48,60,67,68,73,79,81" machi="17" ten="40,1300,0" yaku="1,1,53,0" doraHai="135" doraHaiUra="101" who="2" fromWho="1" sc="267,0,327,-13,205,23,191,0" /><INIT seed="5,0,0,1,3,100" ten="267,314,228,191" oya="1" hai0="71,24,82,94,114,25,117,52,119,4,9,73,60" hai1="107,121,53,33,118,57,66,1,106,77,67,70,133" hai2="2,15,29,7,110,19,105,3,74,21,34,37,18" hai3="91,76,42,0,127,49,63,92,35,10,72,90,56"/><U89/><E33/><V85/><F37/><W134/><G35/><T51/><D114/><U32/><E32/><V88/><F74/><W96/><G134/><T54/><D94/><U129/><E1/><V102/><F110/><W58/><G127/><T125/><D125/><U16/><E118/><V64/><F64/><W98/><G76/><T112/><D112/><U123/><E77/><V126/><F126/><W84/><G72/><T30/><D82/><U45/><E129/><V81/><F7/><W61/><G0/><T104/><D104/><U103/><E133/><V78/><F34/><W38/><G38/><T128/><D25/><U43/><E89/><V36/><F36/><W86/><G10/><T111/><D111/><U68/><E103/><V95/><F29/><W120/><G120/><T124/><D128/><U31/><E31/><V62/><F62/><W17/><G17/><T50/><D60/><U109/><E109/><V65/><F65/><W11/><G11/><T122/><D122/><U41/><E53/><N who="0" m="20585" /><D71/><U28/><E28/><V132/><F19/><W108/><G108/><T14/><D73/><U131/><E131/><V93/><F132/><W83/><G42/><T101/><D124/><U79/><E79/><V40/><F40/><W99/><G49/><N who="0" m="18443" /><D117/><U5/><E70/><V26/><F93/><W130/><G130/><T113/><D113/><U75/><E68/><V23/><F95/><W48/><G48/><T27/><D119/><U8/><E75/><V20/><F78/><W47/><G47/><T59/><D30/><U116/><E45/><V87/><F2/><RYUUKYOKU ba="0,0" sc="267,-10,314,-10,228,-10,191,30" hai3="56,58,61,63,83,84,86,90,91,92,96,98,99" /><INIT seed="6,1,0,5,0,85" ten="257,304,218,221" oya="2" hai0="128,94,75,111,8,73,118,40,30,24,19,89,92" hai1="31,10,125,117,69,97,36,130,6,91,127,72,17" hai2="11,5,27,1,12,134,37,2,106,66,129,88,74" hai3="115,78,58,4,56,123,102,116,50,77,87,13,15"/><V67/><F37/><W41/><G123/><T62/><D111/><U120/><E69/><V80/><F106/><W108/><G116/><T45/><D128/><U135/><E72/><V114/><F114/><W76/><G108/><T59/><D118/><U42/><E117/><V16/><F129/><W7/><G115/><T44/><D92/><N who="1" m="56479" /><E120/><V100/><F134/><W35/><G35/><T104/><D104/><U21/><E31/><V39/><F39/><W26/><G26/><T96/><D73/><U110/><E110/><V79/><F100/><W103/><G41/><T61/><D75/><U112/><E112/><V70/><F70/><W55/><G87/><T34/><D62/><U68/><E68/><V126/><F126/><N who="1" m="48137" /><E135/><V133/><F133/><W57/><G55/><T98/><D98/><U32/><E32/><V18/><F2/><W22/><G50/><T93/><D93/><U33/><E33/><V49/><F1/><W105/><G105/><T83/><D83/><U46/><E130/><V38/><F38/><W82/><G82/><T81/><D81/><U20/><E17/><N who="2" m="6763" /><F27/><W47/><G22/><T52/><REACH who="0" step="1"/><D40/><REACH who="0" ten="247,304,218,221" step="2"/><U113/><E113/><V131/><F131/><W121/><G121/><T84/><D84/><U71/><E71/><V9/><F74/><W28/><G103/><T23/><D23/><U3/><AGARI ba="1,1" hai="3,6,10,20,21,36,42,46" m="48137,56479" machi="3" ten="30,2000,0" yaku="18,1,52,1" doraHai="85" who="1" fromWho="1" sc="247,-6,304,33,218,-11,221,-6" /><INIT seed="7,0,0,4,4,110" ten="241,337,207,215" oya="3" hai0="52,38,48,121,89,96,130,107,81,18,32,62,88" hai1="35,113,100,20,106,118,66,44,47,31,50,51,132" hai2="17,126,49,86,57,67,83,104,124,103,40,122,69" hai3="6,116,41,15,108,54,45,58,21,25,98,5,76"/><W112/><G116/><T74/><D38/><U7/><E35/><V120/><F104/><W13/><G108/><T0/><D121/><N who="2" m="46698" /><F103/><W102/><G76/><T85/><D0/><U46/><E7/><V125/><F69/><W77/><G77/><T127/><D32/><U19/><E31/><V29/><F29/><W42/><G42/><T34/><D34/><U119/><E66/><V61/><F17/><W28/><G6/><T59/><D127/><U27/><E113/><V114/><F114/><W70/><G70/><T10/><D130/><U105/><E132/><V22/><F22/><W134/><G5/><T37/><D74/><U14/><E14/><V131/><F131/><W26/><G26/><T2/><D37/><U78/><E78/><N who="2" m="46455" /><F126/><W135/><G112/><T97/><D2/><U43/><E47/><AGARI ba="0,0" hai="40,47,49,57,61,67,124,125" m="46455,46698" machi="47" ten="30,1000,0" yaku="13,1" doraHai="110" who="2" fromWho="1" sc="241,0,337,-10,207,10,215,0" owari="241,4.0,327,42.0,217,-18.0,215,-28.0" /></mjloggm>