<mjloggm ver="2.3"><GO type="97" lobby="0"/><UN n0="%E7%A5%9E%E3%81%AE%E9%8E%AE%E9%AD%82%E6%AD%8C" n1="%E3%83%9C%E3%83%B3%E3%83%89" n2="%E5%B0%B1%E6%B4%BB%E7%94%9F%40%E5%B7%9D%E6%9D%91%E8%BB%8D%E5%9B%A3" n3="%E6%B1%90%E5%AE%AE%E6%A0%9E" dan="13,13,15,13" rate="1841.94,1806.10,2068.93,1886.98" sx="M,M,M,M"/><TAIKYOKU oya="0"/><INIT seed="0,0,0,3,0,135" ten="250,250,250,250" oya="0" hai0="31,43,119,82,117,103,20,96,72,32,66,91,41" hai1="116,94,121,0,85,3,79,122,125,51,100,21,29" hai2="77,126,76,55,134,47,63,69,68,54,23,37,130" hai3="78,6,127,57,44,30,11,19,128,45,101,12,112"/><T16/><D32/><U111/><E116/><V98/><F134/><W123/><G123/><T105/><D31/><U132/><E132/><V53/><F130/><W129/><G112/><T48/><D66/><U106/><E106/><V1/><F1/><W28/><G78/><T110/><D110/><U118/><E118/><V46/><F98/><W131/><G101/><T15/><D43/><U60/><E60/><V65/><F23/><W62/><G127/><T83/><D83/><U70/><E70/><N who="2" m="27243" /><F77/><W67/><G6/><T7/><D7/><U8/><E125/><V4/><F76/><W52/><G44/><N who="2" m="16937" /><F4/><W39/><G39/><T71/><D71/><U88/><E79/><V86/><F86/><W95/><G95/><T61/><D61/><U124/><E100/><V10/><F10/><W58/><G45/><T27/><D27/><U18/><E111/><V74/><F74/><W2/><G2/><T108/><D108/><U92/><E124/><V64/><F126/><W73/><G73/><T25/><D25/><U56/><E29/><V13/><F13/><W104/><G104/><T26/><D26/><U5/><E94/><V133/><F133/><W114/><G114/><T115/><D115/><U97/><E0/><V38/><F63/><AGARI ba="0,0" hai="11,12,19,28,30,52,57,58,62,63,67,128,129,131" machi="63" ten="40,2600,0" yaku="19,1,54,1" doraHai="135" who="3" fromWho="2" sc="250,0,250,0,250,-26,250,26" /><INIT seed="1,0,0,3,1,110" ten="250,250,224,276" oya="1" hai0="114,107,88,23,42,67,35,85,112,15,27,32,34" hai1="21,76,84,135,81,133,3,70,83,90,75,86,41" hai2="77,28,38,92,130,8,16,9,54,115,87,24,26" hai3="73,134,46,44,111,69,105,93,57,100,94,129,0"/><U71/><E3/><V89/><F38/><W47/><G69/><T64/><D107/><U10/><E10/><N who="2" m="4203" /><F130/><W43/><G129/><T116/><D116/><U55/><E41/><V7/><F7/><W102/><G0/><T79/><D79/><U122/><E122/><V39/><F39/><W37/><G111/><T13/><D42/><U6/><E6/><V117/><F117/><W62/><G73/><T132/><D132/><N who="1" m="50763" /><E75/><V80/><F115/><W66/><G134/><T65/><D15/><U33/><E33/><V19/><F54/><W20/><G105/><T74/><D13/><U126/><E126/><V4/><F4/><W125/><G125/><T103/><D103/><U59/><E21/><N who="2" m="15375" /><F26/><W98/><G20/><T82/><REACH who="0" step="1"/><D74/><REACH who="0" ten="240,250,224,276" step="2"/><U50/><AGARI ba="0,1" hai="50,55,59,70,71,76,81,83,84,86,90" m="50763" machi="50" ten="30,1500,0" yaku="20,1" doraHai="110" who="1" fromWho="1" sc="240,-5,250,25,224,-5,276,-5" /><INIT seed="1,1,0,0,0,54" ten="235,275,219,271" oya="1" hai0="39,38,9,50,98,79,10,31,111,74,21,40,30" hai1="99,36,103,52,69,33,13,44,82,43,2,97,86" hai2="51,113,27,101,126,133,87,53,45,1,58,22,49" hai3="19,48,80,20,96,93,107,46,6,125,35,61,7"/><U102/><E2/><V73/><F73/><W117/><G117/><T90/><D111/><U77/><E33/><V66/><F1/><W105/><G125/><T91/><D91/><U34/><E34/><V60/><F126/><W62/><G35/><T12/><D9/><U122/><E122/><V67/><F113/><W127/><G127/><T89/><D89/><U76/><E69/><V106/><F133/><W32/><G32/><T78/><D39/><U4/><E77/><V65/><F106/><W5/><G80/><T123/><D38/><U128/><E128/><V94/><F51/><W72/><G72/><T57/><D123/><U0/><E0/><V108/><F108/><W116/><G116/><T109/><D109/><U118/><E118/><V42/><F87/><W134/><G134/><T64/><D40/><U85/><E85/><V88/><F88/><N who="3" m="55335" /><G105/><T124/><D124/><U56/><E99/><N who="2" m="59639" /><F42/><N who="3" m="24663" /><G107/><T11/><D11/><U114/><E97/><V95/><F95/><W25/><AGARI ba="1,0" hai="5,6,7,19,20,25,61,62" m="24663,55335" machi="25" ten="30,2000,0" yaku="8,1,54,1" doraHai="54" who="3" fromWho="3" sc="235,-6,275,-11,219,-6,271,23" /><INIT seed="2,0,0,3,3,57" ten="229,264,213,294" oya="2" hai0="60,126,97,35,28,12,119,2,46,71,59,50,115" hai1="8,17,117,100,122,123,25,15,49,69,32,104,65" hai2="92,106,41,38,39,86,127,48,129,55,114,120,80" hai3="26,53,125,52,81,6,45,31,72,84,30,51,87"/><V37/><F106/><W43/><G125/><T20/><D115/><U116/><E49/><V124/><F114/><W70/><G70/><T54/><D2/><U42/><E42/><V47/><F120/><N who="1" m="46121" /><E100/><V33/><F33/><W14/><G72/><T5/><D35/><U27/><E104/><V131/><F92/><W24/><G24/><N who="1" m="9290" /><E69/><V93/><F93/><W74/><G74/><T101/><D119/><N who="1" m="45643" /><E65/><V0/><F0/><W98/><G98/><T109/><D126/><N who="2" m="48170" /><F86/><N who="3" m="32811" /><G81/><T96/><D109/><U99/><E99/><V135/><F80/><W110/><G110/><T79/><D79/><U89/><E89/><V9/><F9/><N who="3" m="4407" /><G30/><T40/><D71/><U4/><E32/><V108/><F108/><W7/><G7/><AGARI ba="0,0" hai="4,7,8,15,17" m="45643,9290,46121" machi="7" ten="40,5200,0" yaku="13,1,34,2" doraHai="57" who="1" fromWho="3" sc="229,0,264,52,213,0,294,-52" /><INIT seed="3,0,0,5,3,65" ten="229,316,213,242" oya="3" hai0="51,69,108,104,3,71,105,26,16,42,130,100,23" hai1="129,55,40,116,45,127,70,82,38,133,103,91,75" hai2="61,41,92,19,10,112,95,22,98,7,64,27,74" hai3="9,37,53,12,99,43,4,34,86,97,135,60,84"/><W122/><G122/><T56/><D3/><U63/><E116/><V25/><F112/><W119/><G119/><T36/><D36/><U85/><E103/><V58/><F74/><W89/><G34/><T28/><D130/><U73/><E129/><V14/><F41/><W79/><G135/><T44/><D108/><U78/><E133/><V47/><F47/><W81/><G43/><T39/><D28/><U111/><E111/><V11/><F11/><W68/><G37/><T67/><D67/><U131/><E131/><V18/><F98/><W128/><G128/><T90/><D90/><U88/><E127/><V0/><F0/><W72/><G72/><T93/><D93/><U114/><E70/><V115/><F115/><W101/><G101/><T77/><D77/><U106/><E106/><V52/><F64/><W15/><G15/><T8/><D8/><U31/><E114/><V80/><F80/><W94/><G68/><T46/><D56/><AGARI ba="0,0" hai="4,9,12,53,56,60,79,81,84,86,89,94,97,99" machi="56" ten="40,2000,0" yaku="8,1" doraHai="65" who="3" fromWho="0" sc="229,-20,316,0,213,0,242,20" /><INIT seed="3,1,0,2,0,16" ten="209,316,213,262" oya="3" hai0="34,44,105,114,17,58,108,30,113,22,117,69,96" hai1="43,124,57,83,42,62,99,32,23,129,0,2,133" hai2="12,111,29,66,125,36,67,3,20,110,130,71,122" hai3="82,9,24,65,38,107,33,68,49,14,4,85,126"/><W123/><G38/><T25/><D69/><U21/><E32/><V87/><F3/><W76/><G123/><T46/><D117/><U51/><E83/><V27/><F36/><W94/><G107/><T90/><D108/><N who="2" m="41514" /><F122/><W81/><G126/><T8/><D8/><U120/><E124/><V64/><F125/><W127/><G127/><T97/><D58/><U15/><E120/><V102/><F102/><W59/><G68/><T134/><D97/><U93/><E2/><V28/><F130/><W31/><G31/><T56/><D56/><U5/><E0/><V100/><F100/><W53/><G65/><T86/><D134/><U1/><E1/><V41/><F41/><N who="1" m="15369" /><E51/><V84/><F29/><W88/><G33/><T74/><D74/><U48/><E48/><V54/><F71/><W135/><G135/><T13/><D96/><U79/><E79/><V131/><F131/><W95/><G24/><T73/><D73/><AGARI ba="1,0" hai="4,9,14,49,53,59,73,76,81,82,85,88,94,95" machi="73" ten="30,2900,0" yaku="7,1,54,1" doraHai="16" who="3" fromWho="0" sc="209,-32,316,0,213,0,262,32" /><INIT seed="3,2,0,2,5,29" ten="177,316,213,294" oya="3" hai0="70,22,116,2,122,102,92,114,113,15,47,88,45" hai1="95,31,10,13,119,60,123,77,48,62,23,55,86" hai2="84,43,129,131,27,74,32,54,118,46,109,34,99" hai3="117,72,94,3,36,132,106,79,41,53,26,101,14"/><W12/><G3/><T11/><D122/><U35/><E35/><N who="2" m="13355" /><F74/><W96/><G117/><T133/><D116/><U1/><E119/><V67/><F118/><W124/><G124/><T100/><D70/><U126/><E126/><V57/><F67/><W66/><G132/><T80/><D2/><U83/><E1/><V76/><F27/><W69/><G69/><T56/><D133/><U78/><E123/><V111/><F99/><W33/><G66/><T128/><D128/><N who="2" m="49226" /><F84/><W115/><G115/><T65/><D80/><U17/><E78/><V71/><F76/><W37/><G37/><T16/><D114/><U49/><E95/><V104/><F104/><W85/><G72/><T30/><D113/><U28/><E49/><N who="2" m="26847" /><F71/><W18/><G106/><T24/><D102/><U63/><E10/><V59/><F59/><AGARI ba="2,0" hai="13,17,23,28,31,48,55,59,60,62,63,77,83,86" machi="59" ten="40,1300,0" yaku="8,1" doraHai="29" who="1" fromWho="2" sc="177,0,316,19,213,-19,294,0" owari="177,-32.0,335,44.0,194,-21.0,294,9.0" /></mjloggm>