<mjloggm ver="2.3"><GO type="225" lobby="0"/><UN n0="%E7%A8%B2%E4%BD%9C%E3%83%B4%E3%82%A9%E3%83%AB%E3%82%B1%E3%82%A4%E3%83%8E" n1="%6B%61%6D%6F%73%75%6B%65" n2="%E3%81%86%E3%81%A9%E3%82%93%E5%B1%8B" n3="%E5%B0%B1%E6%B4%BB%E7%94%9F%40%E5%B7%9D%E6%9D%91%E8%BB%8D%E5%9B%A3" dan="16,16,17,16" rate="2079.65,2113.60,2149.38,2134.25" sx="M,M,M,M"/><TAIKYOKU oya="0"/><INIT seed="0,0,0,4,0,125" ten="250,250,250,250" oya="0" hai0="7,27,73,41,126,78,34,107,45,40,56,36,15" hai1="26,0,30,128,42,80,101,135,110,32,127,116,29" hai2="98,88,95,92,105,72,23,114,50,39,132,6,104" hai3="89,123,121,67,71,59,75,64,48,65,14,100,119"/><T129/><D107/><U133/><E116/><V112/><F39/><W120/><G75/><T21/><D126/><U113/><E0/><V1/><F132/><N who="1" m="50761" /><E113/><V93/><F72/><W84/><G119/><T76/><D34/><U31/><E127/><V70/><F70/><W28/><G28/><N who="1" m="10858" /><E110/><V37/><F37/><W33/><G100/><T52/><D41/><U54/><E42/><V2/><F23/><W24/><G24/><T91/><D73/><U85/><E101/><V16/><F2/><W22/><G33/><T69/><D69/><U83/><E54/><V9/><F114/><W86/><G71/><T109/><D109/><U38/><E38/><V4/><F1/><W57/><G48/><T79/><D27/><U35/><E32/><V47/><F112/><W111/><G111/><T53/><D91/><N who="1" m="51623" /><E83/><V90/><F105/><W10/><G22/><T103/><D103/><U81/><E81/><V77/><F104/><W63/><G63/><T51/><D53/><U18/><E18/><V115/><F115/><W19/><G86/><T3/><D3/><U17/><E17/><V49/><F98/><W130/><G59/><T46/><D56/><U102/><E102/><V108/><F108/><W74/><G57/><T87/><D87/><U66/><E66/><V124/><F124/><W12/><G74/><T60/><D60/><U5/><E5/><N who="2" m="2155" /><F50/><W43/><G43/><T20/><REACH who="0" step="1"/><D129/><AGARI ba="0,0" hai="26,31,35,128,129" m="51623,10858,50761" machi="129" ten="30,3900,0" yaku="20,1,52,2" doraHai="125" who="1" fromWho="0" sc="250,-39,250,39,250,0,250,0" /><INIT seed="1,0,0,2,2,80" ten="211,289,250,250" oya="1" hai0="86,124,90,78,30,71,9,70,61,67,23,50,2" hai1="3,72,87,24,113,69,12,100,47,63,4,66,120" hai2="109,56,52,114,115,127,41,107,108,45,92,102,83" hai3="95,75,130,76,129,134,46,33,105,54,22,79,40"/><U68/><E113/><N who="2" m="43019" /><F107/><W125/><G33/><T121/><D124/><U5/><E72/><V21/><F127/><W16/><G105/><T82/><D121/><U88/><E120/><V48/><F83/><W17/><G134/><T119/><D119/><U110/><E3/><V53/><F21/><W26/><G125/><T0/><D70/><U35/><E69/><V116/><F116/><W29/><G54/><N who="2" m="21097" /><F56/><W34/><G95/><T7/><D50/><U27/><E100/><V44/><F44/><W62/><G62/><T14/><REACH who="0" step="1"/><D78/><REACH who="0" ten="201,289,250,250" step="2"/><U123/><E123/><V25/><F109/><W18/><G75/><T55/><D55/><U58/><E68/><V89/><F108/><W60/><G60/><T11/><D11/><N who="1" m="4199" /><E110/><V37/><F48/><N who="3" m="26695" /><G34/><T81/><D81/><N who="1" m="49263" /><E35/><V39/><F39/><W42/><G42/><T31/><D31/><U6/><E47/><V135/><F37/><W51/><G51/><T57/><D57/><U103/><E103/><V43/><F45/><W59/><G59/><T77/><D77/><U99/><E99/><V126/><F126/><W73/><G73/><T1/><D1/><U111/><E111/><V131/><F102/><W49/><G49/><T19/><D19/><U132/><E132/><V20/><F135/><W98/><G98/><T10/><D10/><U38/><E38/><V118/><F118/><W128/><AGARI ba="0,1" hai="16,17,18,22,26,29,76,79,128,129,130" m="26695" machi="128" ten="40,2700,0" yaku="19,1,54,1" doraHai="80" who="3" fromWho="3" sc="201,-7,289,-13,250,-7,250,37" /><INIT seed="2,0,0,2,3,27" ten="194,276,243,287" oya="2" hai0="51,5,29,74,73,96,54,114,61,1,123,45,125" hai1="47,42,134,67,86,133,131,49,46,132,25,69,12" hai2="82,14,127,90,32,112,9,37,129,126,26,30,88" hai3="97,68,43,109,102,55,38,106,24,98,66,15,39"/><V76/><F37/><W104/><G15/><T22/><D123/><U85/><E131/><V99/><F112/><W122/><G55/><T89/><D114/><U7/><E69/><V72/><F129/><W16/><G109/><T17/><D125/><N who="2" m="47626" /><F99/><W80/><G80/><T13/><D61/><U48/><E67/><V20/><F32/><W128/><G16/><AGARI ba="0,0" hai="9,14,16,20,26,30,72,76,82,88,90" m="47626" machi="16" ten="30,11600,0" yaku="18,1,52,1,54,2" doraHai="27" who="2" fromWho="3" sc="194,0,276,0,243,116,287,-116" /><INIT seed="2,1,0,5,5,61" ten="194,276,359,171" oya="2" hai0="114,84,89,85,31,24,105,20,63,47,21,107,66" hai1="33,72,49,11,45,28,104,106,128,109,78,112,27" hai2="43,0,8,80,115,18,59,2,7,116,34,110,74" hai3="12,54,41,93,37,94,131,102,121,95,103,113,52"/><V119/><F115/><W4/><G121/><T100/><D114/><U13/><E112/><V123/><F123/><W46/><G113/><T55/><D85/><U30/><E30/><V39/><F0/><W134/><G131/><T68/><D100/><U48/><E48/><V10/><F34/><W70/><G134/><T36/><D20/><U60/><E109/><V125/><F110/><W130/><G70/><T32/><D32/><U6/><E128/><V126/><F59/><W111/><G111/><T108/><D108/><U98/><E98/><V25/><F25/><W17/><G4/><T44/><D44/><U51/><E51/><V62/><F62/><W91/><G91/><T58/><D68/><U92/><E92/><V86/><F18/><W90/><G90/><T79/><D79/><U97/><E97/><V77/><F86/><W129/><G129/><T83/><REACH who="0" step="1"/><D55/><REACH who="0" ten="184,276,359,171" step="2"/><U50/><E78/><V42/><F77/><W82/><G130/><T69/><D69/><U76/><E76/><V38/><F74/><W99/><G82/><T64/><D64/><U87/><E72/><V118/><F80/><W15/><G15/><T81/><D81/><U22/><E87/><V135/><F2/><W88/><G95/><T3/><D3/><U122/><E122/><V40/><F118/><W124/><G124/><T23/><D23/><U71/><E22/><V127/><F116/><W73/><G73/><T14/><D14/><U65/><E45/><V35/><F119/><W5/><G94/><T19/><D19/><U16/><E16/><V67/><F126/><W53/><G17/><RYUUKYOKU ba="1,1" sc="184,10,276,10,359,-30,171,10" hai0="21,24,31,36,47,58,63,66,83,84,89,105,107" hai1="6,11,13,27,28,33,49,50,60,65,71,104,106" hai3="5,12,37,41,46,52,53,54,88,93,99,102,103" /><INIT seed="3,2,1,4,1,48" ten="194,286,329,181" oya="3" hai0="0,119,85,107,77,9,49,104,105,124,3,64,58" hai1="71,96,120,28,2,108,92,60,26,81,21,89,135" hai2="113,17,126,39,8,53,106,36,114,55,86,102,68" hai3="80,130,44,20,11,43,29,110,12,121,91,51,41"/><W84/><G121/><T78/><D119/><U94/><E120/><V129/><F106/><W46/><G130/><T38/><D38/><N who="2" m="14378" /><F86/><W34/><G34/><T128/><D124/><U35/><E2/><V83/><F83/><W134/><G134/><T22/><D128/><U32/><E135/><V66/><F102/><W88/><G110/><T98/><D98/><U61/><E108/><V56/><F17/><N who="3" m="8351" /><G91/><T57/><D22/><U15/><E81/><V127/><F129/><W112/><G112/><N who="2" m="43113" /><F8/><W33/><G33/><T76/><D85/><U87/><E71/><V13/><F13/><W7/><G7/><T50/><D64/><U1/><E1/><N who="0" m="585" /><D9/><U123/><E123/><V63/><F55/><N who="3" m="30183" /><G46/><T10/><D10/><U27/><E35/><V16/><F16/><W116/><G116/><T90/><D90/><U65/><E15/><V72/><F72/><W54/><G54/><T111/><D111/><U4/><E4/><V101/><F101/><W118/><G118/><T73/><D73/><U24/><E32/><V132/><F132/><W6/><G6/><T19/><D19/><U18/><E18/><V67/><F67/><W100/><G100/><T31/><D31/><U62/><E65/><V47/><F47/><W133/><G133/><T109/><D109/><U25/><E25/><AGARI ba="2,1" hai="20,25,29,41,43,80,84,88" m="30183,8351" machi="25" ten="30,11600,0" yaku="25,1,8,1,52,1,54,1" doraHai="48" who="3" fromWho="1" sc="194,0,286,-122,329,0,181,132" /><INIT seed="3,3,0,5,0,99" ten="194,164,329,313" oya="3" hai0="32,109,87,129,132,23,13,48,95,9,66,54,47" hai1="84,125,113,21,0,90,55,111,28,94,107,80,102" hai2="18,116,135,98,1,41,33,30,62,119,79,11,3" hai3="68,76,61,53,124,110,100,69,103,57,25,4,60"/><W70/><G124/><T31/><D32/><U134/><E0/><V16/><F79/><W83/><G110/><T126/><D109/><U112/><E111/><V131/><F41/><W2/><G25/><N who="0" m="16831" /><D126/><U36/><E125/><V6/><F131/><W86/><REACH who="3" step="1"/><G60/><REACH who="3" ten="194,164,329,303" step="2"/><T40/><D129/><U8/><E134/><V122/><F135/><W56/><G56/><T123/><D132/><U88/><E36/><V14/><F122/><W51/><G51/><T5/><D123/><U34/><E34/><V22/><F62/><W97/><G97/><T20/><D66/><U130/><E130/><V120/><F120/><W115/><G115/><T127/><D127/><U96/><E55/><V85/><F98/><W114/><G114/><T106/><D54/><U42/><E42/><V89/><F3/><W37/><G37/><T59/><D59/><U67/><E67/><V46/><F46/><W24/><G24/><T74/><D47/><U19/><E28/><V82/><F18/><W117/><G117/><T27/><D40/><U49/><E49/><V17/><F17/><W29/><G29/><T7/><D27/><AGARI ba="3,1" hai="1,6,11,14,16,22,27,30,33,82,85,89,116,119" machi="27" ten="40,5200,0" yaku="24,2,54,1" doraHai="99" who="2" fromWho="0" sc="194,-61,164,0,329,71,303,0" owari="133,-37.0,164,-24.0,400,51.0,303,10.0" /></mjloggm>