<mjloggm ver="2.3"><GO type="225" lobby="0"/><UN n0="%73%2E%63%65%6C%74%79" n1="%E4%BC%9D%E8%AA%AC%E3%81%AE%E3%81%B2%E3%82%88%E3%81%93" n2="%E3%83%88%E3%83%88%E3%83%AA%E5%85%88%E7%94%9F%31%39%E6%AD%B3" n3="%E6%A9%8B%E6%9C%AC%E5%8D%83%E5%85%89%E5%B9%B4" dan="17,16,17,16" rate="2199.86,2153.37,2118.15,2123.48" sx="F,F,F,M"/><TAIKYOKU oya="0"/><INIT seed="0,0,0,0,1,33" ten="250,250,250,250" oya="0" hai0="94,95,131,102,28,12,120,61,73,5,122,42,8" hai1="119,38,70,54,77,127,66,62,48,18,59,118,10" hai2="114,108,24,80,26,76,90,19,3,135,31,134,112" hai3="32,109,14,44,88,85,34,13,45,46,98,40,92"/><T39/><D73/><U116/><E18/><V43/><F108/><W129/><G109/><T69/><D28/><U6/><E127/><V16/><F43/><W53/><G129/><T125/><D125/><U15/><E77/><V105/><F105/><W7/><G34/><T107/><D131/><U52/><E54/><V96/><F3/><W97/><G32/><T99/><D39/><U130/><E130/><V93/><F114/><W57/><G40/><T128/><D128/><U82/><E82/><V9/><F112/><W103/><G7/><T101/><D42/><U100/><E100/><V55/><F55/><W89/><G89/><T74/><D74/><U110/><REACH who="1" step="1"/><E110/><REACH who="1" ten="250,240,250,250" step="2"/><V17/><F31/><W50/><REACH who="3" step="1"/><G98/><REACH who="3" ten="250,240,250,240" step="2"/><T49/><D99/><U124/><E124/><V41/><F41/><W58/><G58/><T37/><D102/><U87/><E87/><V121/><F96/><W106/><AGARI ba="0,2" hai="13,14,44,45,46,50,53,57,85,88,92,97,103,106" machi="106" ten="30,4000,0" yaku="1,1,0,1,54,1,53,0" doraHai="33" doraHaiUra="117" who="3" fromWho="3" sc="250,-20,240,-10,250,-10,240,60" /><INIT seed="1,0,0,3,4,11" ten="230,230,240,300" oya="1" hai0="74,79,83,64,131,104,62,36,45,50,35,47,12" hai1="58,28,124,67,105,86,10,25,80,108,132,126,44" hai2="53,5,87,66,15,107,8,2,18,26,57,76,101" hai3="27,51,73,134,97,115,117,48,114,22,52,14,91"/><U118/><E118/><V94/><F107/><W71/><G73/><T61/><D131/><U89/><E105/><V37/><F37/><W7/><G71/><T120/><D120/><U93/><E132/><V81/><F66/><W29/><G134/><T21/><D35/><U85/><E108/><V72/><F26/><W63/><G117/><T9/><D21/><U17/><E44/><V127/><F127/><N who="1" m="48681" /><E67/><V40/><F40/><W54/><G115/><T102/><D36/><U3/><E58/><V69/><F69/><W46/><G63/><T49/><D104/><U128/><E128/><V100/><F94/><N who="3" m="56543" /><G114/><T75/><D102/><U39/><E39/><V30/><F30/><W113/><G113/><T112/><D112/><U24/><E28/><V31/><F72/><W129/><G129/><T41/><D74/><U98/><E86/><V111/><F31/><W90/><G90/><T34/><D34/><U70/><E70/><V0/><F111/><W123/><G123/><T95/><D64/><U32/><E32/><V78/><F78/><W99/><G99/><T122/><D122/><U33/><E33/><V96/><F96/><W84/><G84/><T92/><D62/><U4/><E17/><V68/><F68/><W23/><G51/><T133/><D61/><U121/><E121/><V125/><F125/><W6/><G54/><N who="0" m="29999" /><D133/><U77/><AGARI ba="0,0" hai="3,4,10,24,25,77,80,85,89,93,98" m="48681" machi="77" ten="30,1500,0" yaku="18,1" doraHai="11" who="1" fromWho="1" sc="230,-5,230,15,240,-5,300,-5" /><INIT seed="1,1,0,4,0,132" ten="225,245,235,295" oya="1" hai0="101,84,128,45,67,6,32,63,43,73,61,122,102" hai1="74,11,23,92,130,4,40,69,119,85,98,33,133" hai2="116,126,21,117,113,37,56,10,34,124,97,41,65" hai3="72,48,129,19,18,25,106,46,89,15,77,105,83"/><U134/><E119/><V22/><F34/><W30/><G129/><T8/><D73/><U16/><E74/><V62/><F113/><W81/><G19/><T131/><D122/><U1/><E33/><V35/><F35/><W31/><G83/><T120/><D84/><U86/><E69/><V39/><F97/><W127/><G127/><N who="2" m="48681" /><F10/><W17/><G17/><T99/><D32/><U9/><E130/><N who="0" m="49705" /><D120/><U94/><E11/><V112/><F112/><W87/><G77/><T29/><D29/><N who="3" m="10761" /><G25/><T114/><D114/><U79/><E79/><V110/><F110/><W82/><G82/><T24/><D24/><N who="1" m="14439" /><E92/><V50/><F117/><W36/><G72/><T70/><D63/><U103/><E40/><V58/><F116/><W80/><G80/><T108/><D99/><U109/><E109/><V123/><F123/><W26/><G26/><T0/><D108/><U125/><E125/><V47/><F21/><W75/><G75/><T135/><D135/><AGARI ba="1,0" hai="1,4,9,85,86,94,98,103,133,134,135" m="14439" machi="135" ten="30,2900,0" yaku="20,1,54,1" doraHai="132" who="1" fromWho="0" sc="225,-32,245,32,235,0,295,0" /><INIT seed="1,2,0,0,1,96" ten="193,277,235,295" oya="1" hai0="45,38,99,87,120,71,93,31,10,67,39,81,72" hai1="9,105,8,3,95,103,34,130,122,28,94,60,69" hai2="79,83,109,42,91,0,132,55,76,57,20,114,117" hai3="80,100,119,88,84,125,46,124,53,121,36,92,13"/><U89/><E122/><V49/><F117/><W11/><G121/><T2/><D120/><U118/><E118/><V6/><F109/><W61/><G119/><T133/><D133/><U66/><E130/><V14/><F132/><W63/><G36/><T23/><D72/><U41/><E41/><V58/><F114/><W40/><G40/><T86/><D86/><U32/><E32/><V59/><F0/><W115/><G115/><T75/><D75/><U113/><E113/><V27/><F42/><W24/><G24/><T54/><D71/><U33/><E33/><V18/><F91/><W82/><G125/><T5/><D67/><U35/><E35/><V26/><F79/><W16/><G124/><T110/><D110/><U77/><E77/><V104/><F104/><W12/><G12/><T56/><D45/><U29/><E29/><V50/><F6/><W90/><G82/><T15/><D2/><U37/><E89/><V134/><F134/><W111/><G111/><T106/><D106/><U101/><E105/><V4/><F4/><W98/><G90/><N who="0" m="51567" /><D23/><U47/><E47/><V129/><F129/><W107/><G107/><T128/><D31/><U1/><E37/><V116/><F116/><W108/><G108/><T44/><D44/><U126/><E126/><V51/><REACH who="2" step="1"/><F55/><REACH who="2" ten="193,277,225,295" step="2"/><W43/><G43/><T74/><D128/><U123/><E1/><V48/><N who="2" m="12288" /><DORA hai="64" /><V19/><F19/><W70/><G53/><T102/><D74/><AGARI ba="2,1" hai="14,18,20,26,27,57,58,59,74,76,83" m="12288" machi="74" ten="50,1600,0" yaku="1,1,53,0" doraHai="96,64" doraHaiUra="62,135" who="2" fromWho="0" sc="193,-22,277,0,225,32,295,0" /><INIT seed="2,0,0,2,1,127" ten="171,277,257,295" oya="2" hai0="3,35,8,10,16,32,34,11,86,44,80,24,54" hai1="41,69,104,110,64,2,68,130,60,87,102,125,75" hai2="29,48,103,120,50,9,116,57,82,12,1,45,76" hai3="40,7,46,91,25,23,124,115,83,66,30,52,93"/><V36/><F116/><W6/><G124/><T106/><D106/><U79/><E125/><V28/><F120/><W97/><G115/><T108/><D108/><U26/><E87/><N who="2" m="48583" /><F36/><W113/><G113/><T89/><D3/><U13/><E69/><V99/><F1/><W33/><G66/><T126/><D126/><U59/><E2/><V49/><F99/><W128/><G128/><T31/><D34/><U111/><E130/><V62/><F103/><W132/><G132/><T37/><D35/><U17/><E79/><V74/><F45/><W53/><G33/><T19/><REACH who="0" step="1"/><D54/><REACH who="0" ten="161,277,257,295" step="2"/><N who="3" m="21097" /><G83/><T4/><D4/><U21/><E110/><V121/><F121/><W94/><G40/><AGARI ba="0,1" hai="8,10,11,16,19,24,31,32,37,40,44,80,86,89" machi="40" ten="40,2600,0" yaku="1,1,54,1,53,0" doraHai="127" doraHaiUra="56" who="0" fromWho="3" sc="161,36,277,0,257,0,295,-26" /><INIT seed="3,0,0,2,0,83" ten="197,277,257,269" oya="3" hai0="9,102,44,49,3,57,78,127,60,42,10,33,105" hai1="91,35,14,126,25,50,26,0,55,64,120,124,133" hai2="65,58,5,4,118,93,70,97,32,99,74,40,12" hai3="63,134,48,128,8,106,129,21,37,96,131,76,52"/><W79/><G37/><T28/><D127/><U20/><E120/><V98/><F118/><W132/><G63/><T13/><D78/><N who="3" m="29737" /><G8/><T6/><D105/><U31/><E64/><V111/><F111/><W19/><G96/><N who="2" m="36969" /><F32/><W69/><G69/><T108/><D108/><U77/><E77/><V66/><F70/><W36/><G36/><T87/><D102/><U72/><E72/><V104/><F104/><W95/><G95/><T17/><D33/><U71/><E71/><V80/><F80/><W84/><G84/><T54/><REACH who="0" step="1"/><D28/><REACH who="0" ten="187,277,257,269" step="2"/><U73/><E31/><V89/><F74/><W116/><G106/><T107/><D107/><U59/><E35/><V90/><F90/><W18/><G116/><T88/><D88/><U100/><E91/><V61/><F89/><W101/><G101/><T125/><D125/><U85/><E73/><V122/><F99/><W22/><G19/><T43/><D43/><U81/><E100/><V130/><F93/><W117/><G117/><T7/><D7/><U82/><E124/><V135/><F4/><W2/><G18/><T113/><D113/><U112/><E112/><V92/><F92/><W34/><G34/><T115/><D115/><U24/><E126/><V86/><F5/><W68/><G2/><T23/><D23/><N who="3" m="8713" /><G68/><T47/><D47/><AGARI ba="0,1" hai="47,48,52,128,129,131,132,134" m="8713,29737" machi="47" ten="40,3900,0" yaku="19,1,54,1" doraHai="83" who="3" fromWho="0" sc="187,-39,277,0,257,0,269,49" owari="148,-35.0,277,8.0,257,-14.0,318,41.0" /></mjloggm>