<mjloggm ver="2.3"><GO type="41" lobby="0"/><UN n0="%E3%83%8A%E3%83%84%E3%82%AB%E3%83%AF" n1="%E5%B0%B1%E6%B4%BB%E7%94%9F%40%E5%B7%9D%E6%9D%91%E8%BB%8D%E5%9B%A3" n2="%E3%81%8C%E3%82%93%E3%81%B0%E3%82%8C%E3%83%91%E3%83%94" n3="%63%65%73%39" dan="15,16,14,14" rate="2061.42,2110.46,1870.87,1957.05" sx="M,M,M,M"/><TAIKYOKU oya="0"/><INIT seed="0,0,0,0,1,107" ten="250,250,250,250" oya="0" hai0="115,9,51,103,57,101,65,73,50,16,40,39,49" hai1="63,116,15,92,42,29,97,31,66,71,129,64,24" hai2="94,53,133,41,105,113,7,89,125,37,120,52,102" hai3="60,81,38,79,47,17,109,14,130,0,114,93,67"/><T8/><D115/><U44/><E116/><V21/><F113/><W83/><G109/><T59/><D73/><U13/><E129/><V85/><F120/><W46/><G130/><T134/><D134/><U90/><E64/><V2/><F133/><W119/><G0/><T3/><D3/><U77/><E77/><V5/><F125/><W48/><G114/><T75/><D75/><U34/><REACH who="1" step="1"/><E29/><REACH who="1" ten="250,240,250,250" step="2"/><V135/><F135/><W80/><G67/><T26/><D65/><U68/><E68/><V122/><F122/><W91/><G79/><T86/><D40/><U126/><E126/><V11/><F41/><W23/><G119/><T96/><D39/><AGARI ba="0,1" hai="13,15,24,31,34,39,42,44,63,66,71,90,92,97" machi="39" ten="30,2000,0" yaku="1,1,7,1,53,0" doraHai="107" doraHaiUra="123" who="1" fromWho="0" sc="250,-20,240,30,250,0,250,0" /><INIT seed="1,0,0,5,0,11" ten="230,270,250,250" oya="1" hai0="114,94,103,120,70,93,126,129,119,6,89,108,48" hai1="102,40,30,112,54,46,8,58,2,16,43,33,61" hai2="127,97,135,111,21,124,10,62,84,73,83,82,90" hai3="122,130,91,78,4,113,88,100,85,12,96,29,117"/><U39/><E112/><V92/><F10/><W20/><G113/><T63/><D119/><U52/><E40/><V115/><F21/><W121/><G117/><T132/><D114/><U133/><E133/><V3/><F62/><W57/><G130/><T49/><D132/><U32/><E102/><V56/><F56/><W44/><G78/><T13/><D129/><U38/><E38/><V76/><F3/><W34/><G34/><T98/><D126/><N who="2" m="48170" /><F135/><W59/><G44/><T53/><D108/><U67/><E30/><V22/><F22/><W125/><G125/><T87/><D120/><U60/><E54/><V66/><F66/><W65/><G29/><T74/><D74/><U42/><E42/><V128/><F115/><W110/><G110/><T5/><D5/><U27/><E2/><V72/><F128/><W64/><G4/><T106/><D106/><U36/><E36/><V31/><F31/><W99/><G20/><T105/><D105/><U123/><E123/><V116/><F111/><W17/><G17/><T41/><D41/><U25/><E33/><V81/><F116/><W35/><G35/><T1/><D1/><U18/><E32/><V131/><F131/><W95/><G122/><T80/><D70/><U109/><E109/><V26/><F26/><W19/><G121/><T134/><D134/><U77/><E77/><V71/><F71/><W55/><G65/><T24/><D53/><U15/><E18/><V104/><F104/><W118/><G64/><T47/><D6/><U9/><E9/><V23/><F23/><W101/><G55/><T75/><D47/><RYUUKYOKU ba="0,0" sc="230,-15,270,15,250,15,250,-15" hai1="8,15,16,25,27,39,43,46,52,58,60,61,67" hai2="72,73,76,81,82,83,84,90,92,97" /><INIT seed="1,1,0,3,3,16" ten="215,285,265,235" oya="1" hai0="11,29,53,4,40,23,124,128,82,42,46,125,28" hai1="108,10,0,3,116,123,5,13,26,111,76,130,105" hai2="14,79,52,12,91,51,1,113,133,65,101,55,17" hai3="33,78,107,109,21,102,94,18,104,50,81,63,39"/><U25/><E105/><V86/><F1/><N who="1" m="585" /><E76/><V6/><F133/><W114/><G109/><N who="1" m="42058" /><E123/><V69/><F113/><W98/><G114/><T122/><D122/><U62/><E116/><V19/><F69/><W100/><G39/><T85/><D128/><U32/><E62/><V15/><F65/><W60/><G33/><T73/><D73/><U96/><E96/><V48/><F79/><W106/><G50/><N who="2" m="18985" /><F6/><W22/><G102/><T88/><D125/><U119/><E119/><V90/><F101/><W7/><G7/><T83/><D124/><U110/><N who="1" m="42066" /><U97/><DORA hai="93" /><E97/><V117/><F117/><W84/><REACH who="3" step="1"/><G22/><REACH who="3" ten="215,285,265,225" step="2"/><T77/><D23/><U75/><E130/><V127/><F127/><W41/><G41/><T44/><D42/><U43/><E43/><V92/><F90/><W9/><G9/><T58/><D40/><U35/><E75/><V37/><F37/><W8/><G8/><T24/><D11/><U87/><E87/><V120/><F120/><W49/><G49/><T118/><D118/><U71/><E71/><V74/><F74/><W126/><G126/><T132/><D4/><U131/><E131/><V134/><F134/><W64/><G64/><T2/><D132/><U20/><E20/><V121/><F121/><W59/><G59/><T36/><D58/><U72/><E72/><V30/><F30/><W27/><AGARI ba="1,1" hai="18,21,27,60,63,78,81,84,94,98,100,104,106,107" machi="27" ten="30,7900,0" yaku="1,1,0,1,52,2,53,0" doraHai="16,93" doraHaiUra="112,61" who="3" fromWho="3" sc="215,-21,285,-40,265,-21,225,92" /><INIT seed="2,0,0,1,3,31" ten="194,245,244,317" oya="2" hai0="54,96,126,98,135,44,115,35,114,36,91,124,41" hai1="73,6,43,94,72,131,111,16,119,64,23,86,0" hai2="40,11,71,10,45,101,107,106,123,113,63,7,8" hai3="33,87,51,17,26,103,3,29,120,84,46,62,82"/><V127/><F123/><W49/><G120/><T38/><D38/><U2/><E119/><V89/><F113/><W122/><G122/><T12/><D135/><U20/><E131/><V130/><F130/><W19/><G3/><T69/><D69/><U13/><E111/><V42/><F127/><N who="0" m="48682" /><D98/><U77/><E64/><V48/><F42/><W30/><G30/><T47/><D35/><U125/><E125/><V32/><F7/><W58/><G103/><T99/><D99/><U24/><E43/><V52/><F32/><W68/><G68/><T61/><D12/><U76/><E76/><V22/><F101/><W90/><G87/><T65/><D96/><U74/><E6/><V67/><F89/><W21/><G33/><T66/><D91/><U116/><E116/><V55/><F22/><W93/><G93/><T129/><D129/><U133/><E133/><V109/><F109/><W118/><G118/><T56/><D66/><U88/><REACH who="1" step="1"/><E77/><REACH who="1" ten="194,235,244,317" step="2"/><V121/><REACH who="2" step="1"/><F121/><REACH who="2" ten="194,235,234,317" step="2"/><W57/><G21/><T75/><D115/><U28/><AGARI ba="0,2" hai="0,2,13,16,20,23,24,28,72,73,74,86,88,94" machi="28" ten="30,8000,1" yaku="1,1,2,1,0,1,54,2,53,0" doraHai="31" doraHaiUra="117" who="1" fromWho="1" sc="194,-20,235,100,234,-40,317,-20" /><INIT seed="3,0,0,5,1,10" ten="174,335,194,297" oya="3" hai0="8,54,51,127,31,17,58,94,20,9,72,81,96" hai1="133,23,90,63,32,100,50,55,41,120,70,21,129" hai2="61,38,36,118,78,46,15,25,85,134,28,27,91" hai3="82,75,60,113,104,109,5,47,74,106,43,77,76"/><W66/><G113/><T112/><D127/><U87/><E32/><V132/><F118/><W56/><G109/><T40/><D112/><U35/><E120/><V88/><F61/><W2/><G77/><T115/><D115/><U44/><E35/><V1/><F1/><W62/><G62/><T84/><D72/><U33/><E33/><V22/><F46/><W29/><G29/><T98/><D31/><U117/><E117/><V57/><F57/><W121/><G75/><T3/><D40/><U123/><E123/><V128/><F128/><W14/><G14/><T83/><D98/><U19/><E129/><V110/><F78/><W7/><G121/><T125/><D3/><U48/><E133/><N who="2" m="51307" /><F110/><W119/><G119/><T86/><D86/><U111/><E100/><V12/><F27/><W6/><REACH who="3" step="1"/><G2/><REACH who="3" ten="174,335,194,287" step="2"/><T69/><D125/><U49/><E63/><V64/><F64/><W53/><G53/><T131/><D54/><U68/><E111/><V122/><F122/><W65/><G65/><T4/><D131/><U102/><E70/><V67/><F67/><W105/><G105/><T37/><D69/><U93/><E68/><V108/><F108/><W45/><G45/><T11/><D58/><U34/><E34/><V99/><F15/><W80/><G80/><T71/><D83/><U16/><E55/><V126/><F12/><W103/><G103/><T0/><D81/><U13/><E102/><V42/><F126/><W92/><G92/><T59/><D71/><U79/><E79/><V101/><F101/><W89/><G89/><T26/><D94/><U52/><E52/><RYUUKYOKU ba="0,1" sc="174,-15,335,15,194,-15,287,15" hai1="13,16,19,21,23,41,44,48,49,50,87,90,93" hai3="5,6,7,43,47,56,60,66,74,76,82,104,106" /><INIT seed="3,1,1,0,2,14" ten="159,350,179,302" oya="3" hai0="91,0,61,89,75,54,30,74,21,77,13,92,27" hai1="78,8,108,25,16,129,80,90,53,38,87,107,131" hai2="98,20,70,123,115,134,19,71,23,39,124,68,31" hai3="125,18,82,117,51,45,55,76,15,111,66,9,113"/><W135/><G125/><T41/><D0/><U133/><E38/><V126/><F39/><W99/><G135/><T42/><D75/><U112/><E107/><V122/><F134/><W65/><G117/><T10/><D77/><U102/><E108/><V104/><F98/><W101/><G113/><T47/><D74/><U116/><E102/><V62/><F62/><W3/><G3/><T127/><D127/><N who="2" m="48682" /><F104/><W114/><G114/><T72/><D72/><U63/><E116/><V69/><N who="2" m="17920" /><DORA hai="50" /><V29/><F115/><W132/><G132/><T40/><D92/><U60/><E112/><V106/><F106/><W109/><G99/><T121/><D121/><N who="2" m="46090" /><F19/><W34/><G34/><T64/><D64/><U67/><E67/><V58/><F58/><W56/><G101/><T12/><D12/><U79/><E133/><V96/><F96/><W11/><G56/><N who="0" m="34967" /><D47/><U128/><E63/><V33/><F33/><W110/><G9/><T120/><D120/><U26/><E79/><V46/><F46/><W28/><G28/><AGARI ba="1,1" hai="20,23,28,29,31" m="46090,17920,48682" machi="28" ten="70,8000,1" yaku="28,2,18,1,13,1" doraHai="14,50" who="2" fromWho="3" sc="159,0,350,0,179,93,302,-83" /><INIT seed="4,0,0,2,0,85" ten="159,350,272,219" oya="0" hai0="128,47,9,4,49,51,56,76,57,17,112,20,81" hai1="87,104,115,77,33,99,80,111,30,90,66,52,36" hai2="40,120,45,135,46,133,14,3,131,28,100,31,41" hai3="37,7,32,2,93,60,63,58,94,44,103,106,27"/><T6/><D128/><U89/><E36/><V21/><F120/><W108/><G108/><T50/><D112/><U18/><E111/><V121/><F3/><W38/><G106/><T54/><D57/><U67/><E115/><V114/><F121/><W119/><G119/><T107/><D107/><U0/><E0/><V124/><F114/><W130/><G130/><T75/><D47/><N who="2" m="17930" /><F100/><W74/><G74/><T73/><D73/><U5/><E5/><V109/><F131/><W12/><G63/><T59/><D59/><U64/><E33/><V91/><F109/><W72/><G72/><T19/><D19/><U113/><E113/><V53/><F53/><W35/><G2/><T68/><D68/><U83/><E30/><N who="2" m="11307" /><F14/><W96/><G37/><T132/><D132/><N who="2" m="50762" /><F21/><W122/><G122/><T15/><REACH who="0" step="1"/><D6/><REACH who="0" ten="149,350,272,219" step="2"/><U84/><E18/><V26/><F26/><AGARI ba="0,1" hai="4,9,15,17,20,26,49,50,51,54,56,75,76,81" machi="26" ten="30,5800,0" yaku="1,1,2,1,7,1,53,0" doraHai="85" doraHaiUra="24" who="0" fromWho="2" sc="149,68,350,0,272,-58,219,0" /><INIT seed="4,1,0,0,4,22" ten="217,350,214,219" oya="0" hai0="112,75,42,86,49,98,57,70,0,53,17,15,2" hai1="107,6,124,62,8,30,121,109,79,11,66,94,25" hai2="127,80,131,39,61,7,132,14,43,16,46,44,72" hai3="74,56,91,19,76,48,92,117,123,97,88,60,104"/><T68/><D75/><U135/><E107/><V114/><F114/><W64/><G117/><T32/><D112/><U40/><E121/><V113/><F113/><W99/><G123/><T28/><D70/><U77/><E109/><V122/><F122/><W73/><G76/><T119/><D68/><U67/><E124/><V24/><F132/><W36/><G36/><T63/><D119/><U134/><E40/><V106/><F127/><W129/><G129/><T26/><D86/><U85/><E94/><V133/><F131/><W31/><G31/><T50/><D98/><U96/><E96/><V108/><F133/><N who="1" m="50697" /><E85/><V1/><F108/><W3/><G3/><T13/><D13/><N who="1" m="5271" /><E11/><N who="2" m="2543" /><F46/><W116/><G116/><T18/><D18/><U20/><E66/><V23/><F61/><W51/><G19/><T37/><D37/><U52/><E67/><V111/><F111/><W54/><G51/><T71/><D50/><U9/><E9/><V103/><F103/><W100/><REACH who="3" step="1"/><G91/><REACH who="3" ten="217,350,214,209" step="2"/><T5/><D49/><U95/><E79/><N who="2" m="44135" /><F14/><W128/><G128/><T110/><D110/><U33/><E77/><V125/><F125/><W93/><G93/><T69/><D2/><U58/><E95/><V29/><F29/><W87/><G87/><T130/><D130/><U55/><E33/><V10/><F106/><W59/><AGARI ba="1,1" hai="48,54,56,59,60,64,73,74,88,92,97,99,100,104" machi="59" ten="20,8000,1" yaku="1,1,0,1,7,1,54,1,53,1" doraHai="22" doraHaiUra="102" who="3" fromWho="3" sc="217,-41,350,-21,214,-21,209,93" /><INIT seed="5,0,0,0,2,11" ten="176,329,193,302" oya="1" hai0="132,66,72,129,38,82,57,108,35,109,0,25,42" hai1="77,62,85,83,93,17,68,60,125,88,63,32,15" hai2="113,90,97,47,106,124,107,105,27,126,131,50,48" hai3="96,127,10,59,71,39,130,101,73,67,16,92,3"/><U28/><E125/><N who="2" m="48235" /><F27/><W54/><G127/><T79/><D129/><U2/><E2/><V89/><F47/><W61/><G130/><T135/><D0/><U69/><E28/><V98/><F131/><W12/><G3/><T33/><D66/><U43/><E43/><V86/><F50/><W111/><G73/><T18/><D57/><U65/><E32/><V6/><F48/><W74/><G74/><T80/><D80/><U103/><E103/><V94/><F6/><W40/><G111/><T84/><D72/><U51/><E51/><V37/><F37/><W116/><G116/><T118/><D118/><U115/><E115/><V20/><F20/><W22/><G40/><T128/><D128/><U46/><E46/><V70/><F70/><W76/><G39/><T75/><D75/><U121/><E121/><V19/><F19/><W21/><G76/><T58/><D58/><U49/><E49/><AGARI ba="0,0" hai="10,12,16,21,22,49,54,59,61,67,71,92,96,101" machi="49" ten="30,3900,0" yaku="7,1,52,1,54,1" doraHai="11" who="3" fromWho="1" sc="176,0,329,-39,193,0,302,39" /><INIT seed="6,0,0,3,5,33" ten="176,290,193,341" oya="2" hai0="113,77,98,104,73,125,126,128,28,5,96,20,62" hai1="106,53,35,84,129,54,99,41,101,124,38,55,117" hai2="19,102,70,56,52,82,85,30,2,1,18,97,31" hai3="60,108,12,67,29,6,80,39,14,132,94,46,87"/><V11/><F70/><W47/><G108/><T95/><D62/><U49/><E117/><V109/><F109/><W123/><G123/><T24/><D73/><U74/><E74/><V42/><F42/><W114/><G29/><T8/><D77/><U58/><E35/><V89/><F30/><W4/><G94/><T86/><D113/><U116/><E116/><V59/><F56/><W13/><G132/><T27/><D128/><U93/><E124/><V100/><F31/><W91/><G114/><T61/><D61/><U79/><E129/><V103/><F97/><W50/><G39/><T43/><D43/><U51/><E38/><V68/><F68/><W133/><G133/><T131/><D131/><U66/><E66/><V32/><F32/><W71/><REACH who="3" step="1"/><G47/><REACH who="3" ten="176,290,193,331" step="2"/><T40/><D104/><U83/><E106/><V25/><F19/><W81/><G81/><T122/><D122/><U44/><AGARI ba="0,1" hai="41,44,49,51,53,54,55,58,79,83,84,93,99,101" machi="44" ten="30,2000,0" yaku="0,1,8,1" doraHai="33" who="1" fromWho="1" sc="176,-5,290,30,193,-10,331,-5" /><INIT seed="7,0,0,5,2,95" ten="171,320,183,326" oya="3" hai0="33,89,10,0,78,64,132,74,129,124,4,109,57" hai1="92,87,21,96,76,81,71,29,85,106,103,119,117" hai2="66,93,7,79,12,94,54,113,130,69,44,100,123" hai3="128,32,88,58,114,72,116,41,13,77,125,112,73"/><W102/><G128/><T84/><D33/><U16/><E71/><V6/><F113/><N who="3" m="43627" /><G125/><T70/><D109/><U51/><E29/><V25/><F130/><W127/><G127/><T135/><D124/><U15/><E51/><V19/><F123/><W86/><G116/><N who="1" m="44618" /><E106/><V134/><F134/><N who="0" m="51242" /><D129/><U99/><E99/><V118/><F118/><W65/><G32/><T56/><D74/><AGARI ba="0,0" hai="15,16,21,74,76,81,85,87,92,96,103" m="44618" machi="74" ten="30,3900,0" yaku="12,1,52,1,54,1" doraHai="95" who="1" fromWho="0" sc="171,-39,320,39,183,0,326,0" owari="132,-37.0,359,46.0,183,-22.0,326,13.0" /></mjloggm>