<mjloggm ver="2.3"><GO type="169" lobby="0"/><UN n0="%E3%82%A6%E3%83%AB%E3%83%88%E3%83%A9%E7%AB%8B%E7%9B%B4" n1="%E3%82%B7%E3%83%B3%E3%83%87%E3%83%AB%E3%83%A9" n2="%E3%81%B5%E3%81%81%E3%81%84%E3%81%A1%E3%82%83%E3%82%80%E2%98%85" n3="%E3%83%94%E3%82%B3%E3%83%9E%E3%82%B9%E3%83%86%E3%82%A3%E3%83%95" dan="17,17,17,16" rate="2161.35,2132.05,2202.00,2157.68" sx="M,M,M,M"/><TAIKYOKU oya="0"/><INIT seed="0,0,0,2,0,108" ten="250,250,250,250" oya="0" hai0="28,61,83,118,116,60,32,0,30,130,111,3,54" hai1="18,102,103,133,86,6,11,93,88,20,115,26,114" hai2="53,14,122,101,135,96,4,84,125,17,126,87,67" hai3="22,68,121,44,78,16,70,110,81,105,120,41,38"/><T25/><D111/><U9/><E133/><V124/><F122/><N who="3" m="47211" /><G105/><T49/><D130/><U34/><E34/><V80/><F135/><W56/><G56/><T66/><D30/><U46/><E46/><V48/><F4/><W129/><G129/><T104/><D104/><U109/><E109/><V62/><F80/><W128/><G128/><T55/><D83/><U50/><E50/><V43/><F43/><W90/><G90/><T98/><D98/><U94/><E94/><N who="2" m="58519" /><F48/><W107/><G107/><T77/><D77/><U91/><E91/><V15/><F53/><W134/><G110/><T65/><D49/><U58/><E58/><N who="2" m="37335" /><F15/><N who="3" m="9503" /><G134/><T123/><D123/><U79/><E79/><V36/><F36/><W51/><G38/><T27/><REACH who="0" step="1"/><D28/><REACH who="0" ten="240,250,250,250" step="2"/><U106/><E106/><V82/><F82/><W2/><G81/><T8/><D8/><AGARI ba="0,1" hai="8,14,17,84,87,124,125,126" m="37335,58519" machi="8" ten="30,1000,0" yaku="18,1" doraHai="108" who="2" fromWho="0" sc="240,-10,250,0,250,20,250,0" /><INIT seed="1,0,0,2,0,9" ten="230,250,270,250" oya="1" hai0="103,20,127,130,67,102,15,83,129,10,32,81,106" hai1="128,16,100,134,24,13,121,55,4,95,39,28,78" hai2="133,135,60,53,116,7,73,12,118,54,31,125,89" hai3="115,87,29,37,124,108,93,120,27,122,82,44,6"/><U84/><E121/><V69/><F73/><W109/><G124/><T25/><D32/><U94/><E134/><N who="2" m="51211" /><F125/><W131/><G131/><N who="0" m="50187" /><D67/><U75/><E128/><V30/><F89/><W126/><G126/><T41/><D41/><U45/><E75/><V19/><F7/><W2/><G93/><T99/><D103/><U40/><E55/><N who="2" m="21003" /><F60/><W62/><G62/><T50/><D50/><U85/><E4/><V117/><F69/><W34/><G44/><T114/><D114/><U112/><E112/><V132/><N who="2" m="51219" /><V90/><DORA hai="107" /><F90/><N who="3" m="51575" /><G37/><T1/><D1/><U65/><E65/><V68/><F68/><W43/><G43/><T96/><D96/><U80/><E100/><V77/><F77/><W72/><G72/><T14/><D127/><U70/><E70/><V18/><F18/><W86/><G115/><T63/><D63/><U36/><E36/><V17/><F17/><W38/><G38/><T76/><D10/><AGARI ba="0,0" hai="10,12,19,30,31,116,117,118" m="21003,51219" machi="10" ten="50,3200,0" yaku="20,1,52,1" doraHai="9,107" who="2" fromWho="0" sc="230,-32,250,0,270,32,250,0" /><INIT seed="2,0,0,0,3,4" ten="198,250,302,250" oya="2" hai0="83,24,23,1,18,129,15,52,12,40,11,36,93" hai1="14,103,26,21,85,96,50,10,127,75,0,68,48" hai2="44,104,31,45,91,70,28,126,3,113,100,63,124" hai3="80,6,125,42,120,95,8,66,64,115,84,94,81"/><V117/><F117/><W71/><G120/><T109/><D36/><U27/><E75/><V131/><F113/><W111/><G115/><T25/><D40/><U108/><E108/><V58/><F3/><W22/><G111/><T76/><D109/><U90/><E127/><N who="2" m="48683" /><F70/><W98/><G125/><T54/><D1/><U89/><E68/><V73/><F73/><W55/><G42/><T35/><D129/><U47/><E0/><V67/><F131/><W7/><G71/><T77/><D93/><N who="1" m="58767" /><E21/><V112/><F112/><W33/><G33/><T65/><D65/><U29/><E29/><N who="2" m="11339" /><F91/><N who="1" m="34825" /><E85/><V123/><F123/><W41/><G41/><T37/><D37/><U107/><E107/><V39/><F39/><W133/><G84/><N who="0" m="48231" /><D77/><U61/><E61/><V106/><F106/><W34/><G34/><T19/><D35/><U101/><E101/><V86/><F86/><W46/><G98/><AGARI ba="0,0" hai="44,45,58,63,67,98,100,104" m="11339,48683" machi="98" ten="30,1500,0" yaku="18,1" doraHai="4" who="2" fromWho="3" sc="198,0,250,0,302,15,250,-15" /><INIT seed="2,1,0,0,0,20" ten="198,250,317,235" oya="2" hai0="6,0,77,98,93,108,106,30,62,71,5,22,105" hai1="87,133,91,135,99,129,95,97,16,130,46,10,4" hai2="110,51,26,21,101,35,13,45,57,47,12,43,114" hai3="126,68,125,1,9,25,96,15,42,84,39,55,124"/><V120/><F114/><W70/><G1/><T81/><D108/><U94/><E46/><N who="2" m="26079" /><F35/><W115/><G115/><T111/><D111/><U131/><E16/><N who="2" m="12583" /><F120/><W31/><G55/><T18/><D30/><U69/><E69/><V104/><F104/><W66/><G84/><T74/><D0/><U23/><E23/><V48/><F101/><W7/><G96/><T132/><D132/><N who="1" m="50763" /><E10/><V27/><F27/><W29/><G66/><T14/><D106/><U38/><E38/><V40/><F110/><W83/><G83/><T61/><D105/><U134/><N who="1" m="50771" /><U116/><DORA hai="34" /><E4/><V90/><F90/><W89/><G89/><T121/><D121/><U127/><E116/><V2/><F2/><W73/><G73/><T102/><REACH who="0" step="1"/><D71/><REACH who="0" ten="188,250,317,235" step="2"/><U65/><E130/><V119/><F119/><W32/><G31/><T85/><D85/><U56/><E129/><V41/><F41/><W52/><G68/><T59/><D59/><U103/><E131/><V49/><F57/><W54/><G70/><T17/><D17/><U86/><E56/><V112/><F112/><W76/><G42/><T88/><D88/><U50/><E91/><V122/><F122/><W63/><G124/><T78/><D78/><U53/><E127/><N who="3" m="48650" /><G76/><T28/><D28/><U82/><E86/><V107/><F107/><W72/><G29/><T128/><D128/><U37/><E87/><V33/><F33/><W44/><G32/><T109/><D109/><U11/><E103/><V8/><F40/><W60/><G44/><T3/><D3/><U123/><E123/><V113/><F45/><W100/><G100/><RYUUKYOKU ba="1,1" sc="188,30,250,-10,317,-10,235,-10" hai0="5,6,14,18,22,61,62,74,77,81,93,98,102" /><INIT seed="3,2,1,3,3,84" ten="218,240,307,225" oya="3" hai0="111,73,7,14,6,85,135,66,57,61,4,91,60" hai1="12,79,53,97,19,127,51,107,43,13,38,89,126" hai2="113,56,122,42,24,68,58,104,124,77,101,69,54" hai3="92,18,49,86,131,83,44,55,65,33,133,110,70"/><W29/><G131/><T67/><D73/><U48/><E79/><V132/><F113/><W75/><G133/><T63/><D135/><U129/><E129/><V121/><F132/><W96/><G110/><T99/><D111/><U47/><E107/><V25/><F124/><N who="1" m="47657" /><E53/><V98/><F77/><W95/><G75/><T106/><D57/><N who="2" m="22122" /><F54/><W114/><G114/><T17/><D99/><U76/><E76/><V2/><F42/><W108/><G108/><T116/><D106/><U88/><E12/><V130/><F2/><W123/><G123/><N who="2" m="47113" /><F130/><W10/><G29/><T50/><D50/><N who="1" m="18987" /><E97/><V87/><F87/><W45/><G33/><T34/><D34/><U37/><E37/><V0/><F0/><W9/><G70/><AGARI ba="2,1" hai="24,25,68,69,70,98,101,104" m="47113,22122" machi="70" ten="30,1000,0" yaku="13,1" doraHai="84" who="2" fromWho="3" sc="218,0,240,0,307,26,225,-16" /><INIT seed="4,0,0,1,2,64" ten="218,240,333,209" oya="0" hai0="76,125,106,97,2,40,114,18,16,95,41,1,126" hai1="6,25,109,38,8,15,99,17,130,132,29,9,80" hai2="58,26,105,117,129,72,91,21,0,13,122,121,46" hai3="32,10,134,101,118,30,110,61,90,49,112,11,104"/><T47/><D106/><U71/><E38/><V35/><F0/><N who="0" m="106" /><D76/><U52/><E109/><V22/><F72/><W62/><G118/><T14/><D47/><U59/><E130/><V103/><F103/><W5/><G110/><T60/><D60/><U75/><E132/><V55/><F105/><W77/><G77/><T100/><D18/><U45/><E71/><V33/><F117/><W65/><G134/><T63/><D63/><U66/><E66/><V44/><F129/><W115/><G49/><T87/><D87/><U50/><E75/><V31/><F33/><W42/><G90/><T113/><D41/><U131/><E131/><V69/><F21/><W133/><G42/><T28/><D40/><U85/><E99/><V19/><F69/><W43/><G43/><T93/><D28/><U53/><E53/><V54/><F54/><W78/><G78/><T88/><D95/><U124/><E45/><V111/><F111/><W119/><G62/><T98/><D98/><U39/><E39/><V89/><F46/><W67/><G67/><T102/><D102/><U116/><E116/><V56/><F44/><W128/><G119/><T23/><D100/><U127/><E8/><N who="3" m="3114" /><G133/><T120/><D120/><U68/><E68/><V57/><REACH who="2" step="1"/><F55/><REACH who="2" ten="218,240,323,209" step="2"/><W20/><G128/><T34/><D34/><U83/><E52/><V70/><F70/><N who="3" m="42287" /><G32/><T37/><D37/><U73/><E59/><V84/><F84/><W27/><G101/><T81/><D81/><U36/><E83/><V51/><F51/><W92/><G104/><T94/><D94/><U82/><E36/><V96/><F96/><RYUUKYOKU ba="0,1" sc="218,15,240,-15,323,15,209,-15" hai0="14,16,23,88,93,97,113,114,125,126" hai2="13,19,22,26,31,35,56,57,58,89,91,121,122" /><INIT seed="4,1,1,4,2,59" ten="233,225,338,194" oya="0" hai0="79,135,125,19,64,92,86,4,117,26,46,91,93" hai1="16,73,98,116,132,81,31,15,28,103,97,112,45" hai2="69,99,115,134,62,32,22,131,29,0,75,6,107" hai3="67,65,77,8,114,57,68,119,37,13,84,120,100"/><T7/><D117/><U71/><E116/><V111/><RYUUKYOKU type="yao9" ba="1,1" sc="233,0,225,0,338,0,194,0" hai2="0,6,22,29,32,62,69,75,99,107,111,115,131,134" /><INIT seed="4,2,1,1,3,42" ten="233,225,338,194" oya="0" hai0="112,64,39,98,1,89,128,21,103,114,95,99,29" hai1="69,53,85,123,104,16,65,61,84,50,58,23,18" hai2="4,67,76,40,36,5,125,55,13,93,54,72,32" hai3="131,46,51,59,96,133,91,44,31,48,119,25,82"/><T41/><D1/><U116/><E116/><V7/><F32/><W101/><G119/><T52/><D128/><U108/><E108/><V11/><F125/><W130/><G133/><T121/><D121/><U70/><E123/><V49/><F36/><W12/><G12/><T66/><D41/><U105/><E70/><V38/><F38/><W109/><G109/><T10/><D39/><U90/><E18/><N who="2" m="8511" /><F72/><W78/><G91/><T22/><D10/><U20/><E20/><N who="0" m="7785" /><D29/><U37/><E37/><V47/><F76/><W8/><G8/><T26/><D26/><U80/><REACH who="1" step="1"/><E85/><REACH who="1" ten="233,215,338,194" step="2"/><V6/><F6/><W30/><G131/><T62/><D114/><U113/><E113/><V106/><F4/><W107/><G130/><T100/><D112/><U27/><AGARI ba="2,2" hai="16,23,27,50,53,58,61,65,69,80,84,90,104,105" machi="27" ten="20,8000,1" yaku="1,1,0,1,7,1,54,1,53,1" doraHai="42" doraHaiUra="19" who="1" fromWho="1" sc="233,-42,215,106,338,-22,194,-22" /><INIT seed="5,0,0,4,1,2" ten="191,321,316,172" oya="1" hai0="23,38,115,7,53,3,126,40,99,47,129,4,29" hai1="67,76,73,36,125,15,81,51,20,78,135,102,43" hai2="90,128,41,46,22,48,31,80,130,45,134,116,34" hai3="56,117,6,42,63,39,62,17,83,82,124,109,112"/><U104/><E135/><V54/><F116/><W28/><G109/><T98/><D3/><U118/><E118/><V19/><F134/><W94/><G117/><T27/><D126/><U9/><E125/><V96/><F31/><W37/><G124/><T75/><D75/><U88/><E36/><V66/><F34/><W74/><G112/><T69/><D115/><U10/><E67/><V127/><F66/><W58/><G28/><T77/><D129/><N who="2" m="49770" /><F127/><W5/><G17/><T14/><D69/><U120/><E120/><V107/><F80/><W16/><G16/><T111/><D111/><U50/><E20/><V70/><F70/><W32/><G94/><T11/><D77/><U87/><E102/><N who="2" m="62919" /><F90/><W84/><G84/><T33/><D33/><U103/><E76/><V12/><F45/><W24/><G32/><T72/><D72/><U114/><E114/><V0/><F0/><W131/><G131/><T30/><D30/><U92/><E43/><AGARI ba="0,0" hai="12,19,22,41,43,46,48,54" m="62919,49770" machi="43" ten="30,1000,0" yaku="19,1" doraHai="2" who="2" fromWho="1" sc="191,0,321,-10,316,10,172,0" /><INIT seed="6,0,0,5,0,123" ten="191,311,326,172" oya="2" hai0="69,9,25,112,1,30,134,21,99,116,29,84,77" hai1="86,89,0,12,80,59,106,7,76,105,130,97,64" hai2="19,74,113,16,90,98,60,2,85,57,23,95,127" hai3="55,115,61,4,63,49,135,73,110,53,6,13,129"/><V5/><F74/><W35/><G35/><T39/><D69/><U32/><E0/><V79/><F127/><W118/><G73/><T40/><D112/><U31/><E130/><V111/><F111/><W38/><G110/><T27/><D116/><U54/><E64/><N who="2" m="38927" /><F2/><W62/><G38/><T71/><D71/><U94/><E32/><V120/><F120/><W34/><G118/><T114/><D114/><U100/><E31/><V104/><F104/><W70/><G115/><T28/><D134/><U45/><E45/><V10/><F113/><W108/><G108/><T46/><D99/><U43/><E43/><V75/><F75/><W83/><G34/><T103/><D103/><U52/><E106/><V132/><F132/><W92/><G70/><T117/><D117/><U124/><E124/><V72/><F72/><W8/><G135/><T81/><D27/><U14/><E7/><N who="3" m="2602" /><G129/><T18/><D1/><U15/><REACH who="1" step="1"/><E59/><REACH who="1" ten="191,301,326,172" step="2"/><V96/><F19/><N who="3" m="8615" /><G83/><T11/><AGARI ba="0,1" hai="9,11,18,21,25,28,29,30,39,40,46,77,81,84" machi="11" ten="30,1100,0" yaku="0,1" doraHai="123" who="0" fromWho="0" sc="191,21,301,-3,326,-5,172,-3" /><INIT seed="7,0,0,3,2,76" ten="212,298,321,169" oya="3" hai0="27,95,113,70,59,120,93,121,97,118,34,130,112" hai1="132,39,128,3,33,62,123,25,71,13,44,48,100" hai2="80,127,68,106,134,61,117,51,69,135,79,114,107" hai3="109,41,91,38,43,110,42,6,46,126,115,60,89"/><W57/><G6/><T30/><D70/><N who="2" m="27242" /><F117/><W53/><G91/><N who="0" m="55487" /><D118/><U58/><E123/><V2/><F2/><W111/><G115/><N who="0" m="44107" /><D130/><U101/><E132/><V29/><F29/><W90/><G90/><T52/><D95/><U50/><E128/><V66/><F51/><AGARI ba="0,0" hai="27,30,34,51,52,59,120,121" m="44107,55487" machi="51" ten="30,3900,0" yaku="15,1,11,1,54,1" doraHai="76" who="0" fromWho="2" sc="212,39,298,0,321,-39,169,0" /><INIT seed="8,0,0,1,5,119" ten="251,298,282,169" oya="0" hai0="98,60,18,62,78,16,35,83,32,7,114,4,40" hai1="134,66,30,57,105,96,123,44,5,33,101,15,29" hai2="133,108,95,93,23,52,99,50,92,77,113,131,125" hai3="103,127,68,43,124,37,106,19,56,132,51,126,13"/><T1/><D114/><U9/><E123/><V89/><F113/><W74/><G74/><T22/><D40/><U71/><E134/><V63/><F133/><W48/><G132/><T34/><D98/><U61/><E44/><N who="2" m="27719" /><F108/><W6/><G68/><T12/><D18/><U75/><E75/><V102/><F131/><W31/><G6/><T2/><D62/><U0/><E57/><V17/><F77/><W67/><G31/><T94/><D94/><N who="2" m="36458" /><F63/><N who="3" m="38375" /><G37/><T110/><D60/><U76/><E76/><V73/><F73/><W130/><G130/><T118/><D118/><U10/><E33/><V72/><F72/><W11/><G43/><T135/><D135/><U115/><E115/><V53/><F53/><W91/><G91/><T65/><D65/><U109/><E109/><V28/><F28/><W69/><G69/><T25/><D110/><U8/><E8/><V121/><F121/><W21/><G21/><N who="0" m="11399" /><D83/><U14/><E0/><N who="0" m="105" /><D78/><U80/><E80/><V3/><F3/><W45/><G45/><T79/><D79/><U129/><E129/><V58/><F58/><W116/><G116/><T26/><D22/><U112/><E112/><V87/><F23/><W86/><G86/><T42/><D42/><U39/><E39/><V41/><F41/><W122/><G122/><T117/><D117/><U59/><E71/><V46/><F46/><W104/><G104/><T64/><D64/><U111/><E111/><V38/><F38/><W97/><AGARI ba="0,0" hai="11,13,19,48,51,97,103,106,124,126,127" m="38375" machi="97" ten="40,1500,0" yaku="18,1" doraHai="119" who="3" fromWho="3" sc="251,-7,298,-4,282,-4,169,15" /><INIT seed="9,0,0,2,2,122" ten="244,294,278,184" oya="1" hai0="120,45,38,107,78,10,104,59,56,4,53,1,64" hai1="30,69,93,113,103,135,119,7,79,24,91,36,129" hai2="75,123,60,125,134,44,57,96,82,102,77,133,2" hai3="33,14,92,73,88,39,117,84,100,41,34,132,72"/><U121/><E121/><V35/><F35/><W37/><G132/><N who="2" m="50793" /><F2/><W85/><G117/><T31/><D120/><U49/><E135/><V48/><F123/><W90/><G100/><T58/><D64/><U12/><E113/><V109/><F125/><W9/><G41/><N who="0" m="22711" /><D31/><U32/><E36/><V94/><F57/><W61/><G37/><T87/><D53/><U15/><E119/><V97/><F60/><W43/><G61/><T83/><D87/><U52/><E129/><V18/><F18/><W114/><G114/><T110/><D104/><U42/><E42/><N who="2" m="24599" /><F97/><W8/><G39/><T112/><D107/><U106/><E69/><V99/><F99/><W118/><G43/><T17/><D17/><U67/><E67/><V130/><F130/><W11/><G118/><T126/><D126/><U124/><E124/><V50/><F50/><W71/><G71/><T68/><D68/><U105/><E103/><V62/><F62/><W26/><G14/><N who="1" m="5162" /><E7/><V40/><F40/><W25/><REACH who="3" step="1"/><G9/><REACH who="3" ten="244,294,278,174" step="2"/><T0/><D112/><U51/><E51/><V63/><F63/><W76/><G76/><T111/><D0/><U5/><E79/><V47/><F77/><W28/><G28/><T19/><D19/><U115/><E115/><V3/><F102/><W13/><G13/><T131/><D131/><U108/><E5/><V46/><F3/><W54/><G54/><T20/><D20/><U89/><E52/><V6/><F6/><W16/><G16/><T74/><AGARI ba="0,1" hai="1,4,10,56,58,59,74,78,83,110,111" m="22711" machi="74" ten="30,4000,0" yaku="25,1,52,2" doraHai="122" who="0" fromWho="0" sc="244,50,294,-20,278,-10,174,-10" /><INIT seed="10,0,0,0,2,48" ten="294,274,268,164" oya="2" hai0="65,95,60,45,25,91,26,121,113,130,115,27,34" hai1="46,64,133,77,43,47,131,33,61,49,11,102,116" hai2="67,8,119,100,16,122,50,0,53,98,10,44,105" hai3="20,123,79,129,118,94,82,58,22,40,19,112,51"/><V114/><F114/><W59/><G123/><T99/><D121/><U90/><E116/><V126/><F122/><W29/><G112/><T68/><D34/><U70/><E133/><V108/><F126/><W124/><G124/><T110/><D110/><U128/><E33/><V15/><F119/><W23/><G118/><T12/><D130/><N who="1" m="49707" /><E102/><V30/><F108/><W13/><G129/><T72/><D72/><U96/><E77/><V85/><F67/><W3/><G3/><T132/><D132/><U32/><E32/><V87/><REACH who="2" step="1"/><F30/><REACH who="2" ten="294,274,258,164" step="2"/><W97/><G29/><T109/><D109/><U75/><E64/><V81/><F81/><W14/><G40/><T62/><D65/><U135/><E43/><V83/><F83/><W134/><G134/><T76/><D113/><U101/><E135/><V78/><F78/><W92/><G92/><T1/><D76/><U104/><E104/><V111/><F111/><W88/><G51/><T5/><D115/><U24/><E49/><V39/><F39/><W4/><G4/><AGARI ba="0,1" hai="0,4,8,10,15,16,44,50,53,85,87,98,100,105" machi="4" ten="40,7700,0" yaku="1,1,52,1,54,1,53,0" doraHai="48" doraHaiUra="17" who="2" fromWho="3" sc="294,0,274,0,258,87,164,-77" owari="294,9.0,274,-13.0,345,45.0,87,-41.0" /></mjloggm>