<mjloggm ver="2.3"><GO type="169" lobby="0"/><UN n0="%E8%B6%85%E4%BA%BA%EF%BC%AD" n1="%E3%83%94%E3%82%B3%E3%83%9E%E3%82%B9%E3%83%86%E3%82%A3%E3%83%95" n2="%E2%98%85%E9%9B%80%E9%AC%BC%E7%99%BE%E7%80%AC%E2%98%85" n3="%E3%82%A6%E3%83%AB%E3%83%88%E3%83%A9%E7%AB%8B%E7%9B%B4" dan="17,16,18,17" rate="2143.02,2141.84,2197.62,2139.96" sx="M,M,M,M"/><TAIKYOKU oya="0"/><INIT seed="0,0,0,0,4,111" ten="250,250,250,250" oya="0" hai0="58,93,81,121,72,75,27,70,22,76,44,71,110" hai1="116,17,49,59,107,37,77,43,56,108,126,28,83" hai2="106,57,113,118,127,5,105,41,35,46,9,34,3" hai3="79,8,20,80,31,13,23,97,26,94,21,47,4"/><T78/><D121/><U92/><E116/><V114/><F57/><W119/><G119/><T66/><D110/><U67/><E107/><N who="2" m="40971" /><F118/><W45/><G45/><T10/><D93/><U129/><E28/><V65/><F65/><W84/><REACH who="3" step="1"/><G47/><REACH who="3" ten="250,250,250,240" step="2"/><T19/><D44/><N who="1" m="25759" /><E37/><N who="2" m="21807" /><F127/><W117/><G117/><T48/><D10/><U89/><E126/><V91/><F91/><AGARI ba="0,1" hai="4,8,13,20,21,23,26,31,79,80,84,91,94,97" machi="91" ten="30,3900,0" yaku="1,1,7,1,8,1,53,0" doraHai="111" doraHaiUra="30" who="3" fromWho="2" sc="250,0,250,0,250,-39,240,49" /><INIT seed="1,0,0,5,1,86" ten="250,250,211,289" oya="1" hai0="24,129,52,40,110,106,127,39,97,92,53,5,94" hai1="59,43,117,128,51,69,102,84,45,95,57,120,68" hai2="71,44,76,21,18,47,112,42,132,79,103,126,93" hai3="32,101,65,29,89,122,133,19,0,108,10,118,12"/><U27/><E117/><V73/><F71/><W113/><G122/><T87/><D106/><U56/><E120/><V17/><F132/><W3/><G113/><T41/><D129/><U116/><E116/><V81/><F126/><W46/><G133/><T75/><D75/><U74/><E74/><V105/><F105/><W23/><G101/><N who="0" m="60583" /><D39/><U96/><E128/><V83/><F112/><W88/><G65/><T2/><D2/><U1/><E1/><V115/><F115/><W34/><G118/><T70/><D70/><U60/><E69/><V8/><F8/><W11/><G46/><T100/><D5/><U135/><E135/><V130/><F130/><W15/><G108/><T58/><D127/><U36/><E84/><V124/><F124/><W77/><G77/><T90/><D100/><U9/><E9/><V121/><F121/><W107/><G107/><T114/><D114/><U66/><REACH who="1" step="1"/><E27/><REACH who="1" ten="250,240,211,289" step="2"/><V7/><F73/><W14/><G3/><T50/><D24/><U25/><E25/><V82/><F76/><W6/><G11/><T35/><D110/><U134/><E134/><V16/><F79/><W22/><G0/><T4/><D4/><U123/><E123/><V99/><F7/><W125/><G125/><T72/><D72/><U67/><E67/><V104/><F104/><W28/><G6/><T20/><D35/><U85/><E85/><V64/><F64/><W26/><G32/><T98/><D87/><U37/><AGARI ba="0,1" hai="36,37,43,45,51,56,57,59,60,66,68,95,96,102" machi="37" ten="30,3000,0" yaku="1,1,0,1,53,0" doraHai="86" doraHaiUra="48" who="1" fromWho="1" sc="250,-10,240,40,211,-10,289,-10" /><INIT seed="1,1,0,5,4,32" ten="240,280,201,279" oya="1" hai0="98,110,106,19,61,47,109,76,13,124,25,54,80" hai1="119,132,115,73,62,50,5,34,11,121,125,95,55" hai2="90,20,30,113,93,52,108,29,83,118,97,51,48" hai3="69,49,99,56,105,70,104,114,75,123,112,85,77"/><U67/><E115/><V68/><F68/><W101/><G123/><T86/><D25/><U116/><E121/><V1/><F118/><W16/><G105/><T59/><D124/><U39/><E34/><V3/><F113/><W82/><G70/><T43/><D106/><U66/><E73/><V103/><F108/><W79/><G69/><T41/><D98/><U12/><E39/><V133/><F48/><W127/><G127/><T111/><REACH who="0" step="1"/><D47/><REACH who="0" ten="230,280,201,279" step="2"/><U40/><E125/><V33/><F33/><W78/><G112/><T14/><D14/><U81/><E119/><V0/><F133/><W64/><G99/><T45/><D45/><U89/><E132/><V72/><F20/><AGARI ba="1,1" hai="13,19,20,41,43,54,59,61,76,80,86,109,110,111" machi="20" ten="40,2600,0" yaku="1,1,14,1,53,0" doraHai="32" doraHaiUra="4" who="0" fromWho="2" sc="230,39,280,0,201,-29,279,0" /><INIT seed="2,0,0,5,2,83" ten="269,280,172,279" oya="2" hai0="132,45,11,24,81,78,31,122,68,69,88,20,42" hai1="30,47,118,60,21,94,51,3,49,128,39,104,96" hai2="85,15,56,80,62,126,0,29,112,125,79,38,34" hai3="6,37,55,135,48,63,100,95,32,64,101,25,61"/><V40/><F0/><W113/><G37/><T97/><D122/><U82/><E118/><V57/><F112/><W106/><G106/><T105/><D11/><U5/><E104/><V108/><F34/><W27/><G135/><T127/><D132/><U117/><E39/><V26/><F15/><W111/><G111/><T59/><D59/><U91/><E117/><V72/><F108/><W109/><G109/><T12/><D12/><U14/><E128/><V9/><F9/><W19/><G6/><T22/><D22/><U35/><E35/><V70/><F70/><W123/><G123/><T134/><D127/><N who="2" m="48650" /><F62/><W74/><G63/><T103/><D88/><N who="1" m="55367" /><E3/><V115/><F115/><W2/><G2/><T28/><D28/><U18/><E5/><V52/><F72/><W107/><G74/><T66/><D66/><U7/><E7/><V87/><F38/><W41/><G64/><T84/><D134/><U99/><E60/><N who="2" m="35847" /><F40/><W16/><G61/><T129/><D129/><U102/><E49/><AGARI ba="0,0" hai="20,24,31,42,45,49,68,69,78,81,84,97,103,105" machi="49" ten="30,2000,0" yaku="7,1,52,1" doraHai="83" who="0" fromWho="1" sc="269,20,280,-20,172,0,279,0" /><INIT seed="3,0,0,4,4,37" ten="289,260,172,279" oya="3" hai0="46,48,119,113,1,2,27,105,60,72,95,11,14" hai1="70,134,19,75,91,15,39,4,50,45,13,0,26" hai2="123,93,6,32,35,115,29,94,121,21,100,22,16" hai3="118,25,132,78,129,49,42,127,79,120,135,31,3"/><W108/><G3/><T9/><D105/><U10/><E70/><V57/><F100/><W88/><G120/><N who="2" m="46153" /><F57/><W63/><G118/><T8/><D72/><U112/><E112/><V58/><F58/><W5/><G5/><T111/><D119/><U107/><E107/><V28/><F115/><W20/><G63/><T65/><D113/><U62/><E39/><V23/><F6/><W81/><G127/><T61/><D14/><U66/><E75/><V74/><F74/><W110/><G129/><T85/><D27/><U80/><E134/><N who="3" m="51242" /><G88/><T122/><D122/><U84/><E0/><V116/><F116/><W52/><G81/><T96/><D85/><U55/><E26/><V38/><F38/><W51/><G79/><T71/><D61/><U117/><E117/><V104/><F104/><W64/><G78/><T68/><D68/><U126/><E126/><V102/><F102/><W133/><G64/><T97/><D97/><U67/><REACH who="1" step="1"/><E62/><REACH who="1" ten="289,250,172,279" step="2"/><V90/><F90/><W41/><G133/><T36/><D36/><U34/><E34/><N who="2" m="12843" /><F16/><W59/><G51/><T128/><D60/><U98/><E98/><V53/><F53/><W89/><G89/><T76/><D48/><U130/><E130/><V56/><F56/><W125/><G125/><T114/><D96/><U103/><E103/><V77/><F77/><W73/><G73/><T106/><D76/><U18/><E18/><V101/><F101/><W47/><G59/><T30/><D106/><U124/><E124/><V86/><F86/><W54/><G54/><T87/><D128/><U82/><E82/><V24/><F24/><RYUUKYOKU ba="0,1" sc="289,-30,250,10,172,10,279,10" hai1="4,10,13,15,19,45,50,55,66,67,80,84,91" hai2="21,22,23,28,29,93,94" hai3="20,25,31,41,42,47,49,52,108,110" /><INIT seed="3,1,1,3,3,79" ten="259,260,182,289" oya="3" hai0="116,48,133,98,0,47,22,2,75,97,92,16,21" hai1="23,62,30,109,7,5,52,40,31,130,29,4,55" hai2="36,18,125,9,72,126,38,82,10,60,24,101,96" hai3="91,53,134,42,50,111,66,76,1,88,37,83,100"/><W77/><G1/><T69/><D69/><U20/><E109/><V33/><F60/><W12/><G111/><T39/><D39/><U13/><E130/><V122/><F9/><W27/><G134/><T11/><D75/><U63/><E40/><V71/><F10/><W49/><G37/><N who="2" m="14441" /><F71/><W81/><G66/><T127/><D116/><U124/><E124/><N who="2" m="47723" /><F18/><W45/><G100/><T95/><D133/><U112/><E112/><V74/><F122/><W35/><G12/><N who="0" m="7199" /><D2/><U25/><E13/><V87/><F24/><W113/><G113/><T107/><D107/><U6/><N who="1" m="1024" /><DORA hai="64" /><U86/><E86/><V61/><F61/><N who="1" m="23049" /><E25/><V103/><F33/><W58/><G27/><T70/><D70/><U68/><E68/><V128/><F128/><W123/><G35/><T57/><D57/><U108/><E108/><V73/><F96/><N who="0" m="36970" /><D0/><U131/><E131/><V99/><F99/><W120/><G123/><T15/><D127/><U114/><E114/><V32/><F32/><W90/><G120/><T14/><D14/><U115/><E115/><V41/><F41/><W19/><G19/><N who="0" m="10495" /><D22/><AGARI ba="1,1" hai="20,22,23,29,30,31,52,55" m="23049,1024" machi="22" ten="50,8000,1" yaku="28,2,8,1,54,1" doraHai="79,64" who="1" fromWho="0" sc="259,-83,260,93,182,0,289,0" /><INIT seed="4,0,0,1,1,17" ten="176,353,182,289" oya="0" hai0="126,123,6,129,54,128,55,42,74,134,30,73,53" hai1="125,46,85,120,78,9,116,122,119,84,36,75,22" hai2="43,31,51,76,10,28,107,61,45,60,114,86,98" hai3="68,19,50,57,8,81,135,69,112,89,52,12,41"/><T34/><D123/><U106/><E22/><V103/><F114/><W99/><G112/><T11/><D42/><N who="1" m="22855" /><E85/><V83/><F61/><W25/><G135/><T70/><D70/><U35/><E84/><V59/><REACH who="2" step="1"/><F10/><REACH who="2" ten="176,353,172,289" step="2"/><W44/><G69/><T2/><D134/><U121/><E9/><V94/><F94/><W90/><G68/><T18/><D126/><U48/><E125/><V0/><F0/><W4/><G81/><T3/><D3/><U13/><E120/><V132/><F132/><W117/><G117/><T124/><D124/><U101/><E119/><V33/><F33/><W65/><G65/><AGARI ba="0,1" hai="28,31,43,45,51,59,60,65,76,83,86,98,103,107" machi="65" ten="30,2000,0" yaku="1,1,7,1,53,0" doraHai="17" doraHaiUra="5" who="2" fromWho="3" sc="176,0,353,0,172,30,289,-20" /><INIT seed="5,0,0,4,3,117" ten="176,353,202,269" oya="1" hai0="45,103,116,11,107,98,40,132,75,54,76,24,99" hai1="7,73,134,108,129,126,128,94,90,21,93,96,16" hai2="6,53,130,80,88,131,46,115,61,8,9,48,110" hai3="124,63,18,83,122,95,133,71,34,119,65,2,91"/><U92/><E108/><V127/><F110/><W62/><G2/><T55/><D116/><U125/><E7/><V39/><F39/><W47/><G119/><T22/><D132/><U112/><E134/><V29/><F29/><W69/><G34/><T33/><D33/><U4/><E4/><V25/><F25/><W38/><G83/><T51/><D11/><U109/><E109/><V23/><F23/><W52/><G18/><T59/><D75/><U77/><E112/><V78/><F127/><N who="1" m="48649" /><E16/><V37/><F37/><W66/><G124/><T35/><D35/><U28/><E21/><V19/><F115/><W44/><G95/><N who="1" m="36426" /><E28/><V58/><F19/><W118/><G91/><T123/><D99/><U81/><AGARI ba="0,0" hai="73,77,81,90,94,96,128,129" m="36426,48649" machi="81" ten="40,7800,0" yaku="18,1,34,2" doraHai="117" who="1" fromWho="1" sc="176,-26,353,78,202,-26,269,-26" /><INIT seed="5,1,0,5,3,65" ten="150,431,176,243" oya="1" hai0="22,130,47,27,30,44,94,42,31,17,83,66,96" hai1="15,73,29,133,10,88,57,115,13,32,75,78,11" hai2="54,87,36,20,63,34,70,117,100,38,126,110,104" hai3="102,46,92,25,120,112,128,119,33,2,134,77,107"/><U122/><E122/><V55/><F20/><W101/><G46/><T85/><D130/><U1/><E1/><V121/><F87/><W108/><G25/><T95/><D66/><U58/><E133/><V7/><F7/><W127/><G92/><T35/><D95/><U116/><E116/><V86/><F86/><W82/><G101/><T9/><D9/><U90/><E78/><V62/><F117/><W123/><G102/><T4/><D4/><U114/><E32/><V109/><F126/><W69/><G77/><T129/><D129/><U97/><E97/><V39/><F100/><W6/><G82/><T131/><D131/><U81/><E29/><V61/><F34/><W59/><G59/><T45/><D35/><U125/><E125/><V118/><F104/><W40/><G40/><T48/><D31/><U60/><E60/><V14/><F14/><W5/><G5/><T93/><D93/><U37/><E81/><V124/><F124/><W53/><G53/><N who="2" m="19977" /><F118/><W72/><G6/><T3/><D3/><U74/><E74/><V105/><F105/><W12/><G12/><T43/><D43/><U132/><E132/><V64/><F121/><W16/><G16/><T26/><D26/><U106/><E106/><V0/><F0/><W79/><G79/><N who="0" m="46335" /><D30/><U113/><E113/><V67/><F67/><W99/><G99/><T18/><D18/><U24/><E24/><V91/><F91/><AGARI ba="1,0" hai="17,22,27,42,44,45,47,48,91,94,96" m="46335" machi="91" ten="30,1000,0" yaku="8,1" doraHai="65" who="0" fromWho="2" sc="150,13,431,0,176,-13,243,0" /><INIT seed="6,0,0,1,4,16" ten="163,431,163,243" oya="2" hai0="133,46,36,12,56,9,8,83,132,69,78,81,92" hai1="109,125,48,60,129,22,64,61,14,67,85,4,37" hai2="57,13,103,117,75,34,31,80,3,86,127,63,96" hai3="38,28,10,33,89,100,35,107,11,70,135,44,59"/><V42/><F3/><W116/><G70/><T118/><D69/><U105/><E37/><V39/><F117/><W52/><G116/><T19/><D118/><U29/><E105/><V77/><F127/><W123/><G123/><T27/><D56/><U40/><E109/><V113/><F113/><W122/><G122/><T18/><D92/><U91/><E129/><V131/><F131/><W121/><G121/><T108/><D108/><U54/><E40/><V98/><F42/><W7/><G11/><T72/><D83/><U41/><E41/><V62/><F39/><W124/><G44/><T128/><D128/><U49/><E4/><V58/><F13/><W114/><G33/><T24/><D46/><N who="1" m="27927" /><E49/><V21/><F34/><W111/><G35/><T87/><D72/><U99/><E99/><N who="2" m="37931" /><F75/><W51/><G38/><T43/><D43/><U2/><E2/><V50/><F103/><W76/><G100/><T73/><D73/><U104/><E104/><V84/><F84/><W101/><G107/><T1/><D36/><U66/><E125/><V93/><F93/><W120/><G124/><T115/><D115/><U90/><E14/><V94/><F94/><W32/><G114/><T47/><D47/><U53/><E85/><V20/><F50/><W106/><G51/><T95/><D95/><U97/><E97/><V74/><F74/><W71/><G120/><T119/><D119/><U88/><E53/><N who="2" m="34095" /><F31/><W126/><G28/><T0/><D0/><U82/><E82/><V68/><F68/><W79/><G71/><T112/><D112/><U102/><E102/><V130/><F130/><RYUUKYOKU ba="0,0" sc="163,-15,431,15,163,15,243,-15" hai1="22,29,60,61,64,66,67,88,90,91" hai2="20,21,58,63,77,80,86" /><INIT seed="6,1,0,4,0,105" ten="148,446,178,228" oya="2" hai0="49,135,10,4,100,127,44,66,17,13,75,124,67" hai1="9,113,27,131,77,118,42,19,1,79,3,16,76" hai2="31,96,64,101,43,103,56,93,125,14,74,23,91" hai3="112,7,120,37,89,2,119,22,73,28,85,0,15"/><V128/><F43/><W34/><G37/><T123/><D123/><U58/><E118/><V6/><F74/><W115/><G73/><T32/><D32/><U80/><E42/><V40/><F40/><W106/><G106/><T8/><D100/><U63/><E113/><V52/><F64/><W65/><G65/><T121/><D121/><U70/><E70/><V98/><F125/><N who="0" m="48202" /><D75/><U33/><E80/><V61/><F128/><W12/><G12/><N who="0" m="7319" /><D135/><U47/><E47/><V84/><F101/><W99/><G99/><T55/><AGARI ba="1,0" hai="4,8,13,44,49,55,66,67" m="7319,48202" machi="55" ten="30,1100,0" yaku="18,1" doraHai="105" who="0" fromWho="0" sc="148,14,446,-4,178,-6,228,-4" /><INIT seed="7,0,0,3,1,87" ten="162,442,172,224" oya="3" hai0="81,108,122,106,44,131,54,65,111,14,95,59,124" hai1="71,40,130,119,77,1,58,11,33,74,120,16,6" hai2="19,82,48,15,34,89,90,21,121,67,84,101,24" hai3="92,2,53,43,49,52,96,75,104,32,9,110,57"/><W109/><G75/><T72/><D106/><U93/><E71/><V20/><F34/><W28/><G43/><T114/><D122/><U64/><E33/><V60/><F121/><W7/><G53/><T115/><D65/><U133/><E93/><V22/><F101/><W62/><G49/><T129/><D44/><U36/><E16/><V118/><F118/><W10/><G10/><T69/><D69/><U13/><E13/><V126/><F126/><W99/><G99/><T26/><D14/><U135/><E119/><V37/><F37/><W91/><G104/><T66/><D26/><U55/><E64/><V45/><F89/><W86/><G96/><T18/><D18/><U125/><E120/><V17/><F17/><W102/><G102/><T117/><D95/><U116/><E116/><V113/><F113/><N who="0" m="43018" /><D66/><U107/><E107/><V76/><F24/><W47/><G47/><T68/><D68/><U80/><E40/><N who="2" m="24615" /><F76/><W88/><G28/><T29/><D29/><U128/><E36/><V39/><F39/><W97/><G110/><N who="0" m="42027" /><D124/><U63/><E125/><V105/><F105/><W61/><G109/><T8/><D8/><U0/><E0/><V83/><F83/><W79/><G9/><T25/><D25/><U56/><E56/><AGARI ba="0,0" hai="15,19,20,21,22,56,60,67,82,84,90" m="24615" machi="56" ten="30,2000,0" yaku="8,1,52,1" doraHai="87" who="2" fromWho="1" sc="162,0,442,-20,172,20,224,0" owari="162,-34.0,422,53.0,192,-21.0,224,2.0" /></mjloggm>