<mjloggm ver="2.3"><GO type="97" lobby="0"/><UN n0="%E6%9C%9D%E9%A3%9F%E3%82%B7%E3%83%9E%E3%82%A6%E3%83%9E" n1="%E9%B4%A8%E5%BF%97%E7%94%B0" n2="%E9%9B%80%E9%AC%BC%E8%94%B5%E6%88%B8" n3="%E5%B0%B1%E6%B4%BB%E7%94%9F%40%E5%B7%9D%E6%9D%91%E8%BB%8D%E5%9B%A3" dan="15,14,14,15" rate="2043.14,1872.65,1884.05,2079.86" sx="F,M,M,M"/><TAIKYOKU oya="0"/><INIT seed="0,0,0,1,0,100" ten="250,250,250,250" oya="0" hai0="118,54,53,78,128,135,64,51,110,94,15,57,111" hai1="36,58,61,116,52,93,88,99,46,24,106,11,76" hai2="32,55,114,48,21,102,124,120,71,43,81,82,68" hai3="105,3,77,62,119,14,80,38,84,30,66,39,16"/><T89/><D118/><U49/><E116/><V79/><F32/><W87/><G3/><T29/><D135/><U37/><E76/><V83/><F124/><W115/><G119/><T59/><D128/><U42/><E106/><V0/><F0/><W67/><G115/><T13/><D64/><U85/><E85/><V60/><F114/><W19/><G30/><T133/><D29/><U91/><E91/><V129/><F129/><W121/><G121/><T45/><D78/><U75/><E75/><V28/><F79/><W7/><G105/><T41/><D133/><U130/><E130/><V8/><F8/><W70/><G67/><T26/><D26/><U9/><REACH who="1" step="1"/><E24/><REACH who="1" ten="250,240,250,250" step="2"/><V72/><F102/><W98/><G84/><T40/><D110/><U50/><E50/><V6/><F48/><W12/><G98/><T47/><D111/><U22/><E22/><V134/><F21/><W10/><G7/><T101/><D101/><U113/><E113/><V34/><F6/><W95/><G95/><T65/><D94/><U1/><E1/><V97/><F83/><W86/><G86/><T126/><D89/><U123/><E123/><V131/><F120/><W56/><G70/><T63/><D51/><U117/><E117/><V18/><F82/><W127/><G127/><T132/><D126/><U23/><E23/><AGARI ba="0,1" hai="10,12,14,16,19,23,38,39,56,62,66,77,80,87" machi="23" ten="30,2000,0" yaku="7,1,54,1" doraHai="100" who="3" fromWho="1" sc="250,0,240,-20,250,0,250,30" /><INIT seed="1,0,0,4,3,99" ten="250,220,250,280" oya="1" hai0="118,129,56,6,43,24,132,33,76,4,111,126,125" hai1="1,133,128,21,77,127,71,17,12,81,135,110,86" hai2="32,35,9,49,54,120,75,3,87,91,63,78,19" hai3="100,64,16,34,61,45,108,84,70,2,101,131,105"/><U59/><E127/><N who="0" m="48649" /><D118/><U68/><E128/><V38/><F38/><W130/><G105/><T121/><D129/><N who="3" m="49161" /><G34/><T92/><D111/><U22/><E1/><V28/><F28/><W122/><G2/><T8/><D132/><N who="1" m="50763" /><E59/><V72/><F72/><W74/><G74/><T73/><D121/><U83/><E110/><V7/><F78/><W40/><G122/><T82/><D43/><U0/><E0/><V102/><F75/><W119/><G119/><T116/><D116/><U60/><E60/><V113/><F63/><W25/><G84/><T89/><D56/><U55/><E55/><V31/><F54/><W88/><G88/><T30/><D8/><N who="1" m="6279" /><E81/><V124/><F124/><W106/><G106/><T97/><AGARI ba="0,0" hai="4,6,24,30,33,73,76,82,89,92,97" m="48649" machi="97" ten="30,1100,0" yaku="18,1" doraHai="99" who="0" fromWho="0" sc="250,11,220,-5,250,-3,280,-3" /><INIT seed="2,0,0,4,5,112" ten="261,215,247,277" oya="2" hai0="39,132,110,13,18,81,23,106,131,83,73,102,46" hai1="7,91,3,57,84,28,59,2,49,76,25,109,62" hai2="98,52,129,86,93,116,19,30,9,5,130,11,134" hai3="75,51,36,94,105,67,44,17,34,96,68,10,31"/><V0/><F116/><W92/><G75/><T43/><D110/><U48/><E109/><V108/><F30/><W24/><G36/><T40/><D40/><U47/><E76/><V8/><F108/><W37/><G37/><T60/><D73/><U123/><E123/><V77/><F134/><W26/><G26/><T128/><D132/><U69/><E69/><V119/><F119/><W27/><G27/><T95/><D106/><U80/><E49/><V64/><F64/><W55/><G17/><T22/><D22/><U53/><E57/><V79/><F52/><W6/><G10/><N who="2" m="4201" /><F86/><W42/><G6/><T88/><D102/><U133/><E133/><V124/><F19/><W111/><G55/><T100/><D100/><U90/><E7/><V89/><F124/><W45/><G45/><T65/><D128/><AGARI ba="0,0" hai="0,5,11,77,79,89,93,98,128,129,130" m="4201" machi="128" ten="30,1500,0" yaku="19,1" doraHai="112" who="2" fromWho="0" sc="261,-15,215,0,247,15,277,0" /><INIT seed="2,1,0,1,0,21" ten="246,215,262,277" oya="2" hai0="20,97,14,72,91,128,125,46,80,73,12,130,28" hai1="105,59,36,9,18,17,43,42,129,58,99,74,114" hai2="25,131,7,113,57,69,34,31,54,24,90,118,101" hai3="121,66,56,85,83,39,19,22,124,3,127,51,65"/><V109/><F69/><W84/><G39/><T33/><D33/><U115/><E9/><V41/><F41/><W88/><G3/><T93/><D125/><N who="3" m="48201" /><G121/><T106/><D106/><U37/><E105/><V107/><F113/><W95/><G51/><T126/><D126/><U16/><E129/><N who="0" m="49769" /><D46/><U111/><E111/><V100/><F109/><W133/><G133/><T13/><D80/><U6/><E6/><V110/><F7/><W4/><G4/><T40/><D40/><U104/><E18/><V55/><F131/><W67/><G56/><T49/><D49/><U102/><E104/><V1/><F1/><W122/><G122/><T108/><D108/><U92/><E114/><V8/><F107/><W70/><G70/><T60/><D60/><U50/><E115/><V38/><F38/><W79/><G67/><T96/><D96/><U123/><E50/><V44/><F44/><W116/><G116/><T53/><D53/><U64/><E64/><V10/><F55/><W32/><G32/><T5/><D5/><U27/><E123/><V103/><F54/><W63/><G63/><T98/><D98/><U15/><E99/><V62/><F62/><W61/><G61/><T87/><D97/><U86/><E42/><V35/><F35/><W117/><G117/><T81/><D93/><U52/><E92/><V47/><F34/><W94/><G94/><T76/><D76/><U135/><E43/><V120/><F118/><W26/><AGARI ba="1,0" hai="19,22,26,65,66,79,83,84,85,88,95" m="48201" machi="26" ten="30,4000,0" yaku="18,1,52,1,54,1" doraHai="21" who="3" fromWho="3" sc="246,-11,215,-11,262,-21,277,43" /><INIT seed="3,0,0,2,1,0" ten="235,204,241,320" oya="3" hai0="111,126,10,70,17,99,104,129,115,8,134,37,95" hai1="2,57,106,39,94,98,15,71,31,133,73,105,49" hai2="93,107,18,21,54,13,59,75,24,81,67,66,80" hai3="46,48,65,123,14,128,19,91,52,56,114,45,47"/><W86/><G123/><T1/><RYUUKYOKU type="yao9" ba="0,0" sc="235,0,204,0,241,0,320,0" hai0="1,8,10,17,37,70,95,99,104,111,115,126,129,134" /><INIT seed="3,1,0,2,5,90" ten="235,204,241,320" oya="3" hai0="102,16,23,118,55,28,10,53,69,35,100,39,133" hai1="3,127,30,50,74,21,84,38,82,125,62,81,103" hai2="75,85,89,87,66,7,135,129,77,26,99,9,122" hai3="46,72,40,57,105,47,134,5,115,4,22,2,119"/><W45/><G115/><T52/><D118/><U34/><E3/><V128/><F135/><W71/><G71/><T88/><D69/><U121/><E34/><V43/><F43/><W95/><G105/><T54/><D39/><U31/><E38/><V86/><F75/><W60/><G72/><T76/><D76/><U61/><E121/><V67/><F26/><W15/><G2/><T123/><D123/><U94/><E74/><V101/><F77/><W110/><G134/><T63/><D133/><U49/><E21/><V73/><F73/><W0/><G0/><T20/><D35/><U1/><E1/><N who="2" m="239" /><F89/><W104/><G104/><T6/><D28/><U17/><E17/><V11/><F11/><W80/><G110/><T68/><D68/><U36/><E36/><V120/><F101/><N who="0" m="39018" /><D6/><N who="3" m="2665" /><G80/><T37/><D37/><U70/><E70/><V132/><F132/><W124/><G124/><N who="1" m="47690" /><E81/><V48/><F122/><W79/><G79/><T64/><D23/><U56/><E31/><V44/><F120/><W78/><G78/><T97/><D20/><U96/><E30/><V12/><F12/><W32/><G32/><T111/><D111/><U29/><E29/><V131/><F99/><W109/><G109/><T19/><N who="0" m="13312" /><DORA hai="14" /><T98/><D10/><U117/><E117/><V107/><F107/><W112/><G119/><T108/><D108/><U41/><E56/><V116/><F116/><W83/><G22/><T92/><D98/><U93/><E49/><V13/><F13/><W18/><G15/><T130/><D130/><U42/><E50/><V8/><F8/><W58/><G57/><RYUUKYOKU ba="1,0" sc="235,15,204,-15,241,15,320,-15" hai0="16,19,63,64,88,92,97" hai2="44,48,66,67,85,86,87,128,129,131" owari="250,-15.0,189,-31.0,256,6.0,305,40.0" /></mjloggm>