<mjloggm ver="2.3"><GO type="225" lobby="0"/><UN n0="%65%78%E6%B3%B0%E7%84%B6%E5%9E%8B" n1="%6C%61%6B%75%63%68%69" n2="%63%75%72%65%74%61%70%65" n3="%E3%83%88%E3%83%88%E3%83%AA%E5%85%88%E7%94%9F%31%39%E6%AD%B3" dan="16,17,16,18" rate="2011.69,2173.41,2119.00,2284.69" sx="F,M,M,F"/><TAIKYOKU oya="0"/><INIT seed="0,0,0,5,1,13" ten="250,250,250,250" oya="0" hai0="57,24,71,42,48,83,91,103,122,80,33,94,133" hai1="60,68,72,17,56,117,98,16,2,50,84,96,104" hai2="26,99,88,85,65,92,118,69,114,74,1,120,54" hai3="77,7,89,86,124,53,41,95,101,102,70,129,127"/><T112/><D112/><U106/><E72/><V21/><F114/><W62/><G129/><T36/><D71/><U10/><E117/><V27/><F120/><W115/><G115/><T111/><D122/><U67/><E2/><V4/><F74/><W78/><G7/><T134/><D103/><N who="3" m="39433" /><G41/><T0/><D0/><U64/><E10/><V28/><F118/><W12/><G12/><T63/><D36/><U113/><E113/><V5/><F1/><W8/><G8/><T18/><D111/><U61/><E84/><V51/><F27/><W46/><G46/><N who="0" m="25687" /><D33/><U9/><E50/><V90/><F65/><N who="3" m="41271" /><G53/><N who="0" m="34223" /><D134/><U123/><E123/><V100/><F69/><W107/><G107/><T58/><D58/><U37/><E37/><V23/><F23/><W79/><G79/><T128/><D128/><U49/><E49/><V93/><REACH who="2" step="1"/><F100/><REACH who="2" ten="250,250,240,250" step="2"/><W22/><G22/><N who="0" m="13399" /><D133/><U87/><E68/><V20/><F20/><W38/><G124/><T126/><D126/><U82/><E9/><V125/><F125/><W55/><G127/><T109/><D109/><U75/><E75/><V15/><F15/><W31/><G31/><T40/><D40/><U25/><E25/><V3/><F3/><W44/><G55/><T66/><D66/><U116/><E116/><V131/><F131/><W19/><G44/><AGARI ba="0,1" hai="4,5,21,26,28,44,51,54,85,88,90,92,93,99" machi="44" ten="30,7700,0" yaku="1,1,7,1,8,1,54,1,53,0" doraHai="13" doraHaiUra="121" who="2" fromWho="3" sc="250,0,250,0,240,87,250,-77" /><INIT seed="1,0,0,0,2,115" ten="250,250,327,173" oya="1" hai0="129,67,109,102,92,134,108,29,78,56,121,58,34" hai1="71,5,10,89,135,59,97,35,107,32,53,118,82" hai2="11,17,49,116,132,104,66,50,124,131,96,57,126" hai3="22,52,85,4,19,28,72,30,60,14,0,94,88"/><U2/><E71/><V91/><F132/><W70/><G72/><T46/><D134/><U133/><E133/><V31/><F131/><W73/><G73/><T33/><D129/><U68/><E68/><V26/><F116/><W90/><G0/><T45/><D78/><U119/><E135/><V7/><F17/><W1/><G1/><T112/><D112/><U98/><E98/><V110/><F110/><N who="0" m="42602" /><D121/><U21/><E21/><N who="2" m="15823" /><F66/><W16/><G4/><T87/><D29/><U105/><E105/><V125/><F57/><N who="0" m="22122" /><D67/><U37/><E37/><V117/><F117/><W76/><G76/><T18/><D18/><U27/><E27/><V122/><F122/><W9/><G52/><T40/><D102/><U93/><E107/><V81/><F81/><W36/><G36/><N who="0" m="21639" /><D46/><U62/><REACH who="1" step="1"/><E82/><REACH who="1" ten="250,240,327,173" step="2"/><V55/><F104/><W123/><G123/><T100/><D100/><U113/><E113/><V101/><F96/><N who="3" m="57415" /><G70/><T12/><D12/><U6/><E6/><V42/><F101/><W47/><G47/><T103/><D103/><U106/><E106/><V75/><F7/><W111/><G111/><T79/><D92/><U86/><E86/><V64/><F75/><W130/><G130/><T69/><D69/><U23/><E23/><V8/><F126/><W54/><G22/><T20/><D20/><U63/><E63/><V38/><F125/><W15/><G15/><T41/><D87/><U3/><E3/><V77/><F124/><W48/><G60/><T99/><D99/><U128/><E128/><V61/><F61/><W120/><G120/><T114/><D114/><U43/><E43/><RYUUKYOKU ba="0,1" sc="250,-10,240,30,327,-10,173,-10" hai1="2,5,10,32,35,53,59,62,89,93,97,118,119" /><INIT seed="1,1,1,2,1,84" ten="240,270,317,163" oya="1" hai0="43,62,109,30,65,75,85,25,128,118,120,18,48" hai1="44,46,23,13,112,102,27,123,103,55,57,34,83" hai2="111,21,72,79,58,73,47,107,36,91,67,113,133" hai3="33,66,5,15,97,68,2,95,74,10,80,9,82"/><U39/><E34/><V14/><F107/><W50/><G33/><T98/><D118/><U42/><E112/><V100/><F113/><W61/><G74/><T59/><D75/><U92/><E123/><V56/><F111/><W19/><REACH who="3" step="1"/><G50/><REACH who="3" ten="240,270,317,153" step="2"/><T124/><D120/><U53/><E39/><V96/><F73/><W3/><G3/><T86/><D109/><U122/><E122/><V41/><F72/><W93/><G93/><T125/><D125/><U90/><E92/><V45/><F36/><W135/><G135/><T16/><D124/><U28/><E83/><V63/><F133/><W130/><G130/><T31/><D128/><U11/><E103/><AGARI ba="1,2" hai="2,5,9,10,15,19,61,66,68,80,82,95,97,103" machi="103" ten="30,2000,0" yaku="1,1,7,1,53,0" doraHai="84" doraHaiUra="117" who="3" fromWho="1" sc="240,0,270,-23,317,0,153,43" /><INIT seed="2,0,0,2,0,45" ten="240,247,317,196" oya="2" hai0="58,80,122,6,62,5,25,73,84,41,8,135,124" hai1="19,51,64,119,4,93,33,133,116,30,43,72,110" hai2="102,100,117,130,54,60,46,107,108,15,0,109,74" hai3="26,38,98,85,129,11,123,24,1,55,27,22,29"/><V31/><F117/><W92/><G123/><T35/><D122/><U78/><E4/><V48/><F0/><W75/><G75/><T17/><D41/><U16/><E64/><V42/><F74/><W66/><G38/><T77/><D135/><U23/><E33/><V99/><F130/><W34/><G129/><T79/><D124/><U67/><E67/><V111/><F102/><W94/><G34/><T40/><D40/><U2/><E2/><V21/><F60/><W127/><G127/><T132/><D132/><U69/><E69/><V59/><F15/><W121/><G121/><T56/><D35/><U18/><E133/><V125/><F125/><W131/><G131/><T32/><D32/><U50/><E110/><V134/><F134/><W71/><G1/><T49/><D77/><U95/><E43/><V88/><F88/><W104/><G11/><T53/><D73/><U106/><E106/><V83/><F83/><W61/><G104/><T96/><D96/><U47/><E47/><V120/><F120/><W7/><G7/><T63/><D63/><U103/><E103/><V87/><F87/><W115/><G115/><T101/><D101/><U57/><E72/><V44/><F42/><W81/><G98/><T126/><D126/><U70/><E70/><V36/><F36/><W37/><G37/><T105/><D105/><U91/><E78/><V114/><F114/><W12/><G55/><N who="0" m="34143" /><D25/><AGARI ba="0,0" hai="21,25,31,44,46,48,54,59,99,100,107,108,109,111" machi="25" ten="40,7700,0" yaku="14,1,10,1,52,1" doraHai="45" who="2" fromWho="0" sc="240,-77,247,0,317,77,196,0" /><INIT seed="2,1,0,5,5,94" ten="163,247,394,196" oya="2" hai0="93,27,40,38,100,16,104,26,10,76,103,15,12" hai1="9,130,54,2,21,79,36,69,60,72,39,47,114" hai2="115,42,62,135,0,56,17,44,22,78,71,37,134" hai3="66,31,41,91,52,11,81,1,80,119,83,57,53"/><V97/><F115/><W25/><G119/><T30/><D104/><U118/><E114/><V13/><F71/><W4/><G41/><T105/><D105/><U113/><E113/><V3/><F78/><W70/><G70/><T99/><D76/><U59/><E118/><V87/><F87/><W111/><G111/><T43/><D103/><U63/><E130/><V20/><F20/><W106/><G106/><T101/><D101/><U122/><E122/><V45/><F45/><W125/><G125/><T58/><D38/><U86/><E86/><V109/><F109/><W23/><G66/><T7/><D58/><U84/><E84/><V77/><F77/><W5/><G57/><T89/><D100/><U73/><E21/><V112/><F112/><W128/><G128/><T19/><D7/><U49/><E79/><V33/><F33/><W98/><REACH who="3" step="1"/><G5/><REACH who="3" ten="163,247,394,186" step="2"/><T85/><D85/><U121/><E69/><V132/><F56/><W120/><G120/><T129/><D129/><U110/><E121/><V65/><F65/><W96/><G96/><T108/><D108/><U107/><E110/><V124/><F124/><W32/><G32/><T6/><D6/><N who="1" m="1239" /><E107/><V29/><F42/><N who="0" m="15914" /><D30/><U123/><E123/><V35/><F29/><W28/><G28/><T75/><D75/><N who="1" m="28747" /><E36/><V116/><F37/><W64/><G64/><T34/><D34/><U102/><E39/><V18/><F116/><W88/><G88/><T68/><D68/><U8/><E102/><V126/><F126/><W131/><G131/><T95/><D95/><AGARI ba="1,1" hai="1,4,11,23,25,31,52,53,80,81,83,91,95,98" machi="95" ten="40,5200,0" yaku="1,1,52,1,54,1,53,0" doraHai="94" doraHaiUra="61" who="3" fromWho="0" sc="163,-55,247,0,394,0,186,65" /><INIT seed="3,0,0,5,5,38" ten="108,247,394,251" oya="3" hai0="49,107,56,50,123,99,87,11,17,112,75,76,109" hai1="68,31,116,41,16,7,5,117,134,37,10,118,90" hai2="106,20,60,124,70,95,114,33,9,135,80,77,34" hai3="125,54,119,113,67,13,43,2,25,52,61,115,35"/><W24/><G2/><T133/><D123/><U122/><E122/><V32/><F114/><W19/><G119/><T97/><D112/><U57/><E68/><V23/><F106/><W40/><G115/><T110/><D107/><U130/><E130/><V71/><F135/><W18/><G113/><T0/><D133/><U30/><E134/><V83/><F124/><W21/><G125/><T101/><D75/><U48/><E37/><V55/><F95/><W69/><G35/><T6/><D17/><U85/><E16/><V129/><F129/><W89/><G25/><T91/><D76/><U3/><E5/><V58/><F9/><W28/><G28/><T64/><D101/><U81/><E57/><V12/><F83/><W42/><REACH who="3" step="1"/><G89/><REACH who="3" ten="108,247,394,241" step="2"/><T79/><D79/><U47/><AGARI ba="0,1" hai="3,7,10,30,31,41,47,48,81,85,90,116,117,118" machi="47" ten="40,5200,0" yaku="0,1,12,1,52,1" doraHai="38" who="1" fromWho="1" sc="108,-13,247,62,394,-13,241,-26" owari="95,-40.0,309,11.0,381,47.0,215,-18.0" /></mjloggm>