<mjloggm ver="2.3"><GO type="169" lobby="0"/><UN n0="%E3%82%B7%E3%83%B3%E3%83%87%E3%83%AB%E3%83%A9" n1="%E3%81%A9%E3%81%B0%E3%81%A8%E3%81%A1%E3%82%83%E3%82%93" n2="%E3%82%A6%E3%83%AB%E3%83%88%E3%83%A9%E7%AB%8B%E7%9B%B4" n3="%E9%81%A5%E3%83%9E%E3%83%BC%E3%82%AC%E3%83%AC%E3%83%83%E3%83%88" dan="17,16,17,16" rate="2087.89,2137.48,2190.23,2139.58" sx="M,F,M,F"/><TAIKYOKU oya="0"/><INIT seed="0,0,0,2,0,5" ten="250,250,250,250" oya="0" hai0="134,96,38,91,19,110,25,1,31,117,21,105,78" hai1="69,109,49,87,6,10,57,7,44,115,0,54,37" hai2="16,99,95,33,67,45,39,48,15,103,79,123,82" hai3="35,65,130,24,12,98,119,132,29,17,100,125,92"/><T75/><D117/><U131/><E109/><V80/><F123/><W56/><G132/><T118/><D118/><U70/><E131/><V102/><F33/><W30/><G119/><T27/><D38/><U106/><E106/><V86/><F67/><W116/><G116/><T32/><D1/><U104/><E104/><V41/><F82/><W133/><G133/><T62/><D134/><U52/><E115/><V11/><F39/><W59/><G130/><T93/><D110/><U94/><E6/><V46/><F45/><W66/><G125/><T108/><D108/><U20/><E20/><V28/><F28/><W85/><G29/><T14/><D105/><U90/><REACH who="1" step="1"/><E37/><REACH who="1" ten="250,240,250,250" step="2"/><V42/><F103/><W89/><G100/><T18/><D32/><U34/><E34/><V61/><F61/><AGARI ba="0,1" hai="0,7,10,44,49,52,54,57,61,69,70,87,90,94" machi="61" ten="30,12000,2" yaku="1,1,7,1,52,1,54,1,53,2" doraHai="5" doraHaiUra="50" who="1" fromWho="2" sc="250,0,240,130,250,-120,250,0" /><INIT seed="1,0,0,1,4,64" ten="250,370,130,250" oya="1" hai0="56,80,54,68,44,135,121,29,115,98,119,105,26" hai1="133,36,25,124,39,76,35,61,127,20,78,62,90" hai2="31,30,19,85,112,91,33,71,12,3,55,28,42" hai3="81,102,84,126,87,107,83,15,97,10,66,43,65"/><U70/><E35/><V101/><F112/><W46/><G126/><N who="1" m="48170" /><E90/><V93/><F3/><W8/><G84/><T14/><D115/><U111/><E133/><V109/><F109/><W88/><G83/><T34/><D119/><U32/><E32/><V37/><F33/><W120/><G120/><T40/><D135/><U22/><E111/><V16/><F101/><W130/><G130/><T51/><D121/><U75/><E75/><V113/><F113/><W49/><REACH who="3" step="1"/><G8/><REACH who="3" ten="250,370,130,240" step="2"/><T47/><D80/><U96/><E96/><V77/><F77/><W117/><G117/><T58/><D98/><U57/><E78/><V116/><F116/><W72/><G72/><T6/><D105/><U86/><E86/><V132/><F132/><W122/><G122/><T82/><D82/><U27/><E76/><V38/><F85/><W104/><G104/><T0/><D34/><U94/><E94/><V5/><F93/><W23/><G23/><T79/><D79/><U63/><E20/><V2/><F91/><W99/><G99/><T53/><D0/><U67/><E22/><V60/><F2/><W52/><G52/><T118/><D53/><N who="1" m="33967" /><E25/><V24/><F24/><W69/><G69/><T123/><D26/><U92/><E27/><V50/><F71/><W125/><G125/><T110/><D123/><U134/><E134/><V129/><F129/><W45/><G45/><T41/><D118/><U74/><E74/><V9/><F55/><W13/><G13/><T114/><D14/><U48/><E92/><V11/><F11/><W89/><G89/><T17/><D114/><U18/><E70/><RYUUKYOKU ba="0,1" sc="250,-10,370,-10,130,-10,240,30" hai3="10,15,43,46,49,65,66,81,87,88,97,102,107" /><INIT seed="2,1,1,4,1,119" ten="240,360,120,270" oya="2" hai0="77,66,98,109,43,1,85,112,124,4,120,18,22" hai1="6,78,123,59,114,117,44,65,101,130,89,55,116" hai2="125,35,103,32,71,14,36,53,115,26,28,73,105" hai3="47,126,100,31,10,69,19,72,37,127,75,70,51"/><V25/><F115/><W40/><G31/><T95/><D112/><U135/><E114/><V11/><F125/><N who="3" m="47627" /><G100/><T131/><D124/><U42/><E65/><V20/><F73/><N who="3" m="28235" /><G51/><T108/><D131/><U79/><E130/><V94/><F105/><W99/><G99/><T76/><D66/><U63/><E101/><V56/><F71/><N who="3" m="27147" /><G10/><N who="0" m="2319" /><D43/><U84/><E42/><V17/><F36/><W106/><G19/><T33/><D85/><U13/><E84/><V86/><F26/><W29/><G29/><T122/><D98/><U118/><E117/><V9/><F35/><W111/><G111/><N who="0" m="42571" /><D33/><U104/><E118/><V34/><F34/><W12/><G12/><N who="0" m="9543" /><D95/><U113/><E116/><V41/><F41/><W5/><G5/><T67/><D67/><U134/><E6/><V80/><F103/><W121/><G106/><T82/><D82/><U15/><E104/><V96/><F96/><W38/><G38/><T91/><D91/><U62/><E89/><V110/><F110/><W132/><G132/><T129/><D129/><U16/><E134/><V90/><REACH who="2" step="1"/><F80/><REACH who="2" ten="240,360,110,270" step="2"/><W46/><G46/><T58/><D58/><N who="1" m="35167" /><E44/><V81/><F81/><W8/><G8/><T133/><D133/><U83/><E59/><V64/><F64/><W45/><G45/><T27/><D27/><U74/><E83/><V21/><F21/><W30/><G40/><T57/><D57/><U128/><E113/><V87/><F87/><W107/><G37/><T52/><D52/><U48/><E128/><V50/><AGARI ba="1,2" hai="9,11,14,17,20,25,28,32,50,53,56,86,90,94" machi="50" ten="20,18000,2" yaku="1,1,0,1,7,1,25,2,53,1" doraHai="119" doraHaiUra="24" who="2" fromWho="2" sc="240,-61,360,-61,110,203,270,-61" /><INIT seed="2,2,0,2,4,49" ten="179,299,313,209" oya="2" hai0="38,108,116,121,47,28,43,0,62,119,63,23,78" hai1="83,52,91,107,2,64,114,133,22,44,67,128,70" hai2="93,11,58,71,65,46,92,95,53,59,26,113,15" hai3="56,29,109,66,135,97,122,4,75,77,124,25,24"/><V69/><F113/><W31/><G122/><T87/><D0/><U98/><E114/><V89/><F26/><W45/><G4/><T42/><D121/><U57/><E70/><V5/><F89/><W40/><G135/><T123/><D123/><U96/><E2/><V103/><F103/><W134/><G134/><T86/><D108/><U73/><E44/><V12/><F46/><W13/><G109/><T17/><D28/><U20/><E128/><V85/><F85/><N who="0" m="32266" /><D43/><U100/><E91/><V130/><F130/><W131/><G31/><T37/><D37/><U21/><E98/><V82/><F82/><W6/><G29/><T8/><D8/><U80/><E133/><V35/><F35/><W104/><G40/><T88/><D88/><U127/><E127/><V60/><REACH who="2" step="1"/><F15/><REACH who="2" ten="179,299,303,209" step="2"/><W132/><G13/><N who="0" m="9647" /><D78/><U19/><E83/><V39/><F39/><W84/><G77/><T110/><D110/><U111/><E111/><V61/><AGARI ba="2,1" hai="5,11,12,53,58,59,60,61,65,69,71,92,93,95" machi="61" ten="30,6000,0" yaku="1,1,0,1,52,1,53,0" doraHai="49" doraHaiUra="16" who="2" fromWho="2" sc="179,-22,299,-22,303,76,209,-22" /><INIT seed="2,3,0,3,4,19" ten="157,277,379,187" oya="2" hai0="98,48,66,24,97,4,47,40,104,41,52,46,84" hai1="65,71,132,6,86,77,30,2,114,89,17,12,127" hai2="0,27,45,109,3,81,133,44,92,15,23,68,99" hai3="121,105,125,22,16,18,135,62,14,13,75,58,10"/><V79/><F133/><W67/><G135/><T60/><D4/><U130/><E114/><V126/><F126/><W85/><G125/><T72/><D72/><U90/><E127/><V113/><F113/><W123/><G75/><T83/><D46/><U78/><E30/><V76/><F68/><W51/><G105/><T59/><D24/><U129/><E6/><V57/><F109/><W87/><REACH who="3" step="1"/><G51/><REACH who="3" ten="157,277,379,177" step="2"/><T20/><D104/><U112/><E132/><V91/><F0/><W61/><G61/><T88/><REACH who="0" step="1"/><D20/><REACH who="0" ten="147,277,379,177" step="2"/><N who="1" m="11303" /><E130/><V54/><F3/><W42/><G42/><AGARI ba="3,2" hai="40,41,42,47,48,52,59,60,66,83,84,88,97,98" machi="42" ten="40,8000,1" yaku="1,1,8,1,54,2,53,0" doraHai="19" doraHaiUra="116" who="0" fromWho="3" sc="147,109,277,0,379,0,177,-89" /><INIT seed="3,0,0,0,0,116" ten="256,277,379,88" oya="3" hai0="35,131,127,117,30,118,92,107,4,96,29,84,100" hai1="18,110,98,7,74,89,37,56,130,88,17,99,3" hai2="8,124,122,126,47,123,78,93,39,66,135,53,97" hai3="125,128,44,36,9,119,24,85,103,95,42,105,41"/><W86/><G119/><T73/><D4/><U38/><E74/><V59/><F135/><W109/><G105/><T132/><D132/><U26/><E3/><V120/><F78/><W11/><G128/><T0/><D0/><U76/><E76/><V60/><F8/><N who="3" m="3147" /><G36/><T1/><D1/><U23/><E7/><V21/><F21/><W48/><G125/><T16/><D73/><U46/><E130/><V61/><F39/><W75/><G75/><T104/><D131/><U68/><E68/><N who="2" m="42055" /><F47/><W49/><G109/><T33/><D127/><U57/><E23/><V101/><AGARI ba="0,0" hai="53,59,61,93,97,101,120,122,123,124,126" m="42055" machi="101" ten="40,8000,1" yaku="13,1,52,3" doraHai="116" who="2" fromWho="2" sc="256,-20,277,-20,379,80,88,-40" /><INIT seed="4,0,0,3,4,81" ten="236,257,459,48" oya="0" hai0="95,68,0,21,85,7,106,10,14,135,105,91,11" hai1="96,78,113,98,39,83,114,32,67,122,70,65,16" hai2="101,90,93,86,2,132,109,18,35,50,15,73,94" hai3="108,127,124,131,24,134,88,59,60,53,100,71,79"/><T28/><D68/><U115/><E122/><V116/><F2/><W27/><G108/><T74/><D74/><N who="1" m="43479" /><E39/><V107/><F132/><W40/><G134/><T46/><D135/><U12/><E32/><V20/><F109/><W4/><G79/><T22/><D46/><U130/><E130/><V92/><F35/><W19/><G131/><T99/><D99/><N who="1" m="37931" /><E70/><V112/><F112/><W1/><G100/><T102/><D102/><U125/><E125/><N who="3" m="48202" /><G40/><T54/><D54/><U43/><E43/><V17/><F73/><W25/><G71/><T48/><D48/><U117/><E117/><V128/><F101/><W8/><G19/><T45/><D45/><U52/><E52/><V87/><F50/><W66/><G53/><T42/><D42/><U82/><E82/><V80/><F15/><W120/><G120/><T69/><D69/><U51/><E51/><V38/><F80/><W55/><G55/><T121/><D121/><U31/><E31/><V111/><F38/><W76/><G76/><T23/><REACH who="0" step="1"/><D28/><REACH who="0" ten="226,257,459,48" step="2"/><U3/><E67/><V104/><F111/><W75/><G75/><T56/><D56/><U103/><E65/><V5/><F128/><W44/><G44/><T89/><D89/><AGARI ba="0,1" hai="1,4,8,24,25,27,59,60,66,88,89" m="48202" machi="89" ten="30,2000,0" yaku="18,1,54,1" doraHai="81" who="3" fromWho="0" sc="226,-20,257,0,459,0,48,30" /><INIT seed="5,0,0,0,3,100" ten="206,257,459,78" oya="1" hai0="10,13,20,109,101,37,5,111,0,59,60,9,104" hai1="103,105,66,12,49,15,85,115,125,94,95,83,34" hai2="39,113,84,122,42,56,126,18,82,35,17,78,30" hai3="69,116,53,43,54,36,41,63,8,76,102,51,98"/><U80/><E34/><V16/><F122/><W135/><G76/><T47/><D20/><U62/><E115/><V22/><F126/><W61/><G8/><T96/><D47/><U87/><E125/><V4/><F113/><W106/><G135/><T65/><REACH who="0" step="1"/><D37/><REACH who="0" ten="196,257,459,78" step="2"/><U90/><E12/><V27/><F39/><W89/><G36/><T121/><D121/><U108/><E15/><V72/><F22/><W67/><G116/><T55/><D55/><U28/><E66/><V119/><F35/><W133/><G133/><T117/><D117/><U52/><E52/><V29/><F42/><W11/><G54/><T73/><D73/><U2/><E108/><V1/><F72/><W118/><G118/><T134/><D134/><U50/><E62/><V48/><F119/><W45/><G63/><T21/><D21/><U132/><E132/><V107/><F1/><W123/><G123/><T93/><D93/><U130/><E2/><V92/><F92/><W14/><REACH who="3" step="1"/><G89/><REACH who="3" ten="196,257,459,68" step="2"/><T128/><D128/><U58/><E90/><N who="2" m="51479" /><F48/><W6/><AGARI ba="0,2" hai="6,11,14,41,43,45,51,53,61,67,69,98,102,106" machi="6" ten="20,8000,1" yaku="1,1,0,1,7,1,52,1,53,1" doraHai="100" doraHaiUra="40" who="3" fromWho="3" sc="196,-20,257,-40,459,-20,68,100" /><INIT seed="6,0,0,1,3,104" ten="176,217,439,168" oya="2" hai0="74,58,8,79,119,20,53,123,43,98,32,35,49" hai1="76,14,107,124,51,25,135,101,126,113,45,69,41" hai2="134,56,36,132,97,50,96,72,112,92,128,127,62" hai3="54,63,30,52,44,66,75,103,5,65,13,131,86"/><V73/><F36/><W108/><G108/><T1/><D123/><U105/><E113/><V61/><F112/><W87/><G75/><N who="2" m="28745" /><F96/><W99/><G30/><T106/><D20/><U18/><E135/><N who="2" m="51755" /><F127/><W17/><G5/><T12/><D98/><U37/><E37/><V19/><F19/><W59/><G131/><T77/><D74/><U6/><E18/><V55/><F128/><W94/><G44/><T22/><D119/><U85/><E45/><V90/><AGARI ba="0,0" hai="50,55,56,61,62,90,92,97" m="51755,28745" machi="90" ten="30,11700,0" yaku="20,1,52,3" doraHai="104" who="2" fromWho="2" sc="176,-39,217,-39,439,117,168,-39" /><INIT seed="6,1,0,5,2,71" ten="137,178,556,129" oya="2" hai0="112,86,5,54,96,109,114,88,128,68,76,42,98" hai1="64,87,69,78,122,123,16,46,66,113,124,107,117" hai2="116,31,32,125,8,70,20,111,21,100,7,103,6" hai3="34,12,43,45,110,57,23,93,134,17,40,53,81"/><V62/><F116/><W59/><G110/><T131/><D68/><U48/><E117/><V63/><F111/><W10/><G34/><T61/><D109/><U13/><E107/><V24/><F125/><W105/><G105/><T49/><D5/><U90/><E78/><V35/><F70/><W73/><G134/><T106/><D76/><U75/><E75/><V1/><F6/><W118/><G73/><T74/><D74/><U26/><E26/><V99/><F103/><W51/><G81/><N who="0" m="49231" /><D42/><N who="3" m="15913" /><G118/><T47/><D61/><U108/><E124/><V39/><F39/><W120/><G120/><N who="1" m="46122" /><E113/><N who="0" m="43625" /><D106/><U41/><E69/><V133/><F133/><W52/><G93/><T18/><D18/><U2/><E108/><V25/><F35/><W67/><G67/><T132/><D132/><U56/><E64/><V14/><F1/><W28/><G53/><T102/><D102/><U119/><E2/><V101/><F32/><W65/><G65/><T127/><D127/><U58/><E66/><V22/><F101/><W27/><AGARI ba="1,0" hai="10,12,17,23,27,28,45,51,52,57,59" m="15913" machi="27" ten="30,2000,0" yaku="8,1,54,1" doraHai="71" who="3" fromWho="3" sc="137,-6,178,-6,556,-11,129,23" /><INIT seed="7,0,0,1,2,112" ten="131,172,545,152" oya="3" hai0="135,43,54,78,61,31,68,114,97,113,17,11,82" hai1="8,18,28,84,100,47,125,0,81,16,123,95,58" hai2="70,106,116,89,23,38,111,66,21,37,124,88,15" hai3="77,128,9,102,80,35,98,75,6,105,19,73,132"/><W41/><G35/><T94/><D135/><U101/><E0/><V57/><F106/><W76/><G132/><T117/><D31/><U24/><E123/><V107/><F107/><W45/><G128/><T103/><D43/><U49/><E58/><V26/><F38/><W74/><G19/><T25/><D117/><U121/><E125/><V104/><F37/><N who="3" m="21679" /><G76/><T2/><D2/><AGARI ba="0,0" hai="2,6,9,73,74,75,77,80,98,102,105" m="21679" machi="2" ten="30,5800,0" yaku="25,1,33,2" doraHai="112" who="3" fromWho="0" sc="131,-58,172,0,545,0,152,58" /><INIT seed="7,1,0,5,4,109" ten="73,172,545,210" oya="3" hai0="64,92,96,73,65,97,121,81,7,56,83,126,42" hai1="38,66,50,95,36,15,41,21,68,8,59,30,37" hai2="120,57,90,17,98,130,114,79,78,25,43,74,3" hai3="39,99,91,88,11,28,117,113,85,86,128,13,106"/><W22/><G117/><T123/><D7/><U44/><E95/><V54/><F3/><W84/><G39/><T16/><D42/><U58/><E21/><V105/><F105/><W75/><G85/><T62/><D126/><U118/><E30/><V110/><F120/><W93/><G84/><T122/><D64/><U67/><E15/><V119/><F79/><W32/><G91/><T53/><D65/><N who="1" m="24587" /><E8/><V18/><F130/><W35/><G128/><T69/><D69/><U24/><E24/><V34/><F43/><W76/><G22/><T80/><D73/><U12/><E12/><V103/><F119/><W129/><G129/><T26/><REACH who="0" step="1"/><D92/><REACH who="0" ten="63,172,545,210" step="2"/><U134/><E118/><V102/><F98/><W131/><G93/><T111/><D111/><U70/><E134/><V116/><F102/><W6/><G75/><T10/><D10/><U124/><E124/><V104/><F114/><W52/><G113/><T107/><D107/><U132/><E132/><V48/><F18/><W1/><G106/><T63/><D63/><U27/><E70/><V47/><F25/><W127/><G99/><T45/><D45/><U31/><E68/><V133/><F34/><W4/><G32/><T9/><D9/><U94/><E94/><V51/><F78/><W61/><G11/><T71/><D71/><U14/><E27/><V101/><F133/><W49/><G35/><T2/><D2/><U29/><E44/><V108/><F104/><W5/><G1/><T125/><D125/><U23/><E41/><V89/><F116/><W135/><G127/><T0/><D0/><U55/><E55/><RYUUKYOKU ba="1,1" sc="63,30,172,-10,545,-10,210,-10" hai0="16,26,53,56,62,80,81,83,96,97,121,122,123" owari="93,-41.0,162,-24.0,545,65.0,200,0.0" /></mjloggm>