<mjloggm ver="2.3"><GO type="169" lobby="0"/><UN n0="%E3%81%AD%E3%82%8A%E3%82%B4%E3%83%9E" n1="%E5%9B%BD%E8%A6%8B%E6%AF%94%E5%91%82" n2="%E5%B0%B1%E6%B4%BB%E7%94%9F%40%E5%B7%9D%E6%9D%91%E8%BB%8D%E5%9B%A3" n3="%E7%B4%85%E3%81%84%E7%9E%B3%E3%81%AE%E6%AD%A6%E4%B8%B8" dan="16,17,17,16" rate="2107.22,2142.76,2241.70,2115.09" sx="M,M,M,M"/><TAIKYOKU oya="0"/><INIT seed="0,0,0,0,4,36" ten="250,250,250,250" oya="0" hai0="7,97,118,88,127,11,24,40,113,123,96,14,28" hai1="121,32,62,37,52,25,3,102,85,68,112,101,103" hai2="47,13,116,65,117,41,63,87,106,9,16,31,81" hai3="133,53,1,58,12,84,130,8,120,90,69,109,91"/><T39/><D113/><U73/><E73/><V46/><F106/><W18/><G109/><T35/><D118/><U104/><E121/><V27/><F47/><W2/><G120/><T0/><D123/><U99/><E3/><V98/><F98/><W45/><G130/><T26/><D127/><U42/><E85/><V22/><F63/><W126/><G69/><T115/><D115/><U55/><E103/><V93/><F93/><W83/><G126/><T15/><D15/><U72/><E72/><V34/><F65/><W76/><G133/><T54/><D54/><U23/><E102/><V50/><REACH who="2" step="1"/><F34/><REACH who="2" ten="250,250,240,250" step="2"/><W134/><G45/><T66/><D66/><U21/><E55/><V132/><F132/><W92/><G134/><T100/><D96/><U79/><E52/><V56/><F56/><W74/><REACH who="3" step="1"/><G91/><AGARI ba="0,1" hai="9,13,16,22,27,31,41,46,50,81,87,91,116,117" machi="91" ten="40,5200,0" yaku="1,1,52,1,54,1,53,0" doraHai="36" doraHaiUra="64" who="2" fromWho="3" sc="250,0,250,0,240,62,250,-52" /><INIT seed="1,0,0,5,3,73" ten="250,250,302,198" oya="1" hai0="11,98,74,6,41,72,115,123,52,121,38,128,34" hai1="77,28,20,67,69,89,63,114,101,92,18,132,62" hai2="54,86,109,8,106,65,44,126,71,31,10,99,3" hai3="84,91,133,30,112,22,56,110,7,116,118,100,127"/><U2/><E114/><V79/><F31/><W125/><G112/><T14/><D34/><U46/><E132/><V107/><F126/><N who="3" m="48139" /><G7/><T93/><D115/><U27/><E2/><V131/><F131/><W58/><G22/><T120/><D128/><U87/><E46/><V129/><F109/><W130/><G30/><T37/><D52/><U113/><E113/><V47/><F54/><W1/><G1/><T60/><D60/><U122/><E122/><V55/><F55/><W78/><G130/><T32/><D32/><U25/><E62/><V81/><F65/><W111/><G133/><T12/><D12/><U35/><REACH who="1" step="1"/><E101/><REACH who="1" ten="250,240,302,198" step="2"/><V117/><F47/><W43/><G100/><N who="0" m="60495" /><D37/><U13/><E13/><V15/><F44/><AGARI ba="0,1" hai="6,11,14,38,41,44,72,74,120,121,123" m="60495" machi="44" ten="30,1000,0" yaku="13,1" doraHai="73" who="0" fromWho="2" sc="250,20,240,0,302,-10,198,0" /><INIT seed="2,0,0,5,3,98" ten="270,240,292,198" oya="2" hai0="87,114,27,96,80,117,73,36,31,14,4,62,54" hai1="17,56,120,28,100,16,95,39,23,84,37,55,128" hai2="102,18,0,13,78,69,121,112,43,46,61,106,118" hai3="65,35,25,130,47,9,132,134,93,41,107,76,44"/><V109/><F0/><W38/><G107/><T88/><D114/><U10/><E128/><V91/><F118/><W30/><G130/><T82/><D36/><U79/><E120/><V90/><F112/><W113/><G113/><T94/><D117/><U108/><E108/><V3/><F3/><W124/><G124/><T123/><D123/><U60/><E39/><V7/><F7/><W92/><G76/><T29/><D73/><U72/><E37/><V33/><F33/><W15/><G47/><T75/><D75/><U45/><E45/><V119/><F121/><W126/><G65/><T131/><D131/><U77/><E72/><V2/><F2/><W67/><G67/><T86/><D86/><U40/><E40/><V52/><F78/><N who="1" m="29705" /><E10/><V64/><F109/><W115/><G126/><T20/><D82/><U81/><E81/><V105/><F43/><W49/><G38/><T85/><D80/><U50/><E50/><V53/><F119/><W21/><G35/><T104/><D104/><U57/><E57/><V68/><F68/><W59/><G59/><N who="0" m="35191" /><D31/><U42/><E42/><V110/><F110/><W97/><G115/><T32/><D32/><U129/><E129/><V101/><F106/><W66/><G132/><T71/><D71/><U135/><E135/><V103/><F105/><W63/><G134/><T83/><D83/><U8/><E84/><V51/><REACH who="2" step="1"/><F53/><REACH who="2" ten="270,240,282,198" step="2"/><W26/><G41/><T22/><D4/><U19/><E55/><V34/><F34/><W1/><G1/><T70/><D70/><U12/><E8/><AGARI ba="0,1" hai="8,13,18,46,51,52,61,64,69,90,91,101,102,103" machi="8" ten="40,12000,1" yaku="1,1,52,3,54,1,53,0" doraHai="98" doraHaiUra="122" who="2" fromWho="1" sc="270,0,240,-120,282,130,198,0" /><INIT seed="2,1,0,0,0,132" ten="270,120,412,198" oya="2" hai0="59,2,77,9,16,43,122,40,109,82,113,128,91" hai1="6,60,57,125,88,115,61,121,0,118,69,24,94" hai2="101,25,23,111,41,22,27,65,86,63,36,49,37" hai3="90,127,79,105,26,42,67,13,54,15,72,133,47"/><V62/><F101/><W19/><G133/><T100/><D122/><U130/><E118/><V51/><F111/><W17/><G105/><T3/><D113/><U31/><E115/><V58/><F86/><W98/><G67/><T116/><D109/><U134/><E134/><V112/><F112/><W84/><G98/><T103/><D91/><U30/><E121/><V78/><F78/><W45/><G79/><T1/><D128/><U135/><E135/><V18/><F41/><W108/><G72/><T28/><D28/><U104/><E104/><V21/><F21/><W117/><G117/><T10/><D59/><U50/><E130/><V95/><F95/><W33/><G54/><T56/><D56/><U92/><E92/><V11/><F11/><W34/><G26/><T80/><D3/><U119/><E69/><V66/><F58/><W64/><G42/><T131/><D131/><U35/><E30/><V81/><F18/><W32/><G64/><T89/><D77/><U55/><E119/><V5/><F5/><W4/><G4/><T20/><D116/><U106/><E106/><V96/><F96/><W39/><G34/><T70/><D70/><U102/><E102/><V12/><F12/><W74/><G74/><T75/><D89/><U71/><E71/><V120/><F120/><W93/><G90/><T14/><D75/><U87/><REACH who="1" step="1"/><E125/><REACH who="1" ten="270,110,412,198" step="2"/><V124/><F81/><W73/><G127/><AGARI ba="1,1" hai="22,23,25,27,36,37,49,51,62,63,65,66,124,127" machi="127" ten="25,9600,0" yaku="22,2,52,2" doraHai="132" who="2" fromWho="3" sc="270,0,110,0,412,109,198,-99" /><INIT seed="2,2,0,3,3,53" ten="270,110,521,99" oya="2" hai0="96,109,56,52,31,95,36,100,44,11,5,125,101" hai1="83,122,98,134,29,41,106,110,14,103,25,76,12" hai2="135,15,43,28,70,107,30,47,118,91,45,88,65" hai3="115,68,82,71,0,18,6,92,77,121,85,72,9"/><V35/><F107/><W123/><G115/><T129/><D109/><U46/><E110/><V20/><F118/><W66/><G18/><T124/><D129/><U59/><E134/><V117/><F117/><W102/><G66/><T24/><D36/><U126/><E126/><N who="0" m="48745" /><D44/><U81/><E122/><V58/><F70/><W37/><G37/><T113/><D113/><U26/><E26/><V75/><F35/><W120/><G102/><N who="0" m="60703" /><D11/><U97/><E97/><V63/><F75/><W114/><G114/><T10/><D10/><U22/><E81/><V33/><F33/><W54/><G92/><T111/><D5/><U119/><E119/><V1/><F1/><W3/><G3/><T39/><D39/><U34/><E34/><V132/><F30/><W4/><G4/><T51/><D111/><U105/><E105/><V8/><F20/><AGARI ba="2,0" hai="20,24,31,51,52,56,100,101" m="60703,48745" machi="20" ten="30,3900,0" yaku="18,1,52,1,54,1" doraHai="53" who="0" fromWho="2" sc="270,45,110,0,521,-45,99,0" /><INIT seed="3,0,0,4,1,54" ten="315,110,476,99" oya="3" hai0="58,82,3,134,120,75,24,93,92,89,106,98,86" hai1="127,45,31,97,78,125,112,88,104,117,94,81,96" hai2="13,14,68,83,95,21,17,115,101,109,72,71,129" hai3="62,124,66,33,8,67,15,128,29,50,42,102,100"/><W38/><G38/><T0/><D120/><U35/><E35/><V119/><F109/><W79/><G124/><N who="1" m="47690" /><E31/><V108/><F108/><W105/><G128/><T110/><D110/><U28/><E28/><V2/><F2/><W77/><G67/><T123/><D123/><U51/><E51/><V25/><F115/><W85/><G29/><T6/><D6/><U73/><E45/><V52/><F14/><W121/><G33/><T47/><D134/><U114/><E117/><V91/><F101/><AGARI ba="0,0" hai="73,78,81,88,94,96,97,101,104,112,114" m="47690" machi="101" ten="30,7700,0" yaku="18,1,34,2,54,1" doraHai="54" who="1" fromWho="2" sc="315,0,110,77,476,-77,99,0" /><INIT seed="4,0,0,3,0,119" ten="315,187,399,99" oya="0" hai0="64,104,1,55,92,112,105,75,16,39,36,60,59" hai1="5,23,38,76,79,110,50,89,26,131,125,24,109" hai2="121,57,94,0,49,6,123,68,98,108,133,19,78" hai3="9,10,114,13,124,77,8,95,12,58,25,102,45"/><T132/><D75/><U46/><E38/><V17/><F68/><W127/><G77/><T28/><D1/><U2/><E125/><N who="3" m="48202" /><G58/><T66/><D28/><U52/><E131/><V129/><F6/><N who="3" m="3095" /><G45/><T20/><D112/><U90/><E5/><V32/><F0/><W115/><G95/><T11/><D132/><U135/><E2/><V29/><F29/><W84/><G84/><T71/><D66/><U86/><E135/><V34/><F78/><N who="1" m="29737" /><E110/><V35/><F108/><W56/><G56/><T18/><D104/><U21/><E109/><V43/><F129/><W74/><G102/><T30/><D105/><U88/><E86/><V15/><F15/><W82/><G82/><T85/><D30/><U33/><E33/><V99/><F99/><W111/><G74/><T65/><D71/><U87/><E87/><V101/><F133/><W72/><G72/><T81/><D92/><U106/><E106/><V107/><F107/><W118/><G111/><T97/><D36/><U22/><AGARI ba="0,0" hai="21,22,23,24,26,46,50,52,88,89,90" m="29737" machi="22" ten="40,5200,0" yaku="8,1,54,2" doraHai="119" who="1" fromWho="1" sc="315,-26,187,52,399,-13,99,-13" /><INIT seed="5,0,0,1,5,83" ten="289,239,386,86" oya="1" hai0="1,10,62,128,121,87,9,35,7,25,6,108,135" hai1="91,50,123,17,24,88,45,67,84,111,43,77,41" hai2="81,44,92,53,102,94,64,134,37,33,56,36,57" hai3="80,11,78,38,60,114,28,110,70,99,107,124,112"/><U105/><E123/><V59/><F33/><W68/><G110/><T48/><D108/><U29/><E105/><V106/><F134/><W103/><G124/><T98/><D135/><U54/><E67/><V61/><F106/><W15/><G38/><T89/><D128/><U26/><E111/><V5/><F37/><W42/><G42/><T23/><D35/><U32/><E77/><V130/><F130/><W126/><G28/><T14/><D121/><U72/><E91/><V12/><F81/><W66/><G70/><T104/><D62/><U16/><E72/><V118/><F118/><W131/><G131/><T116/><D116/><U120/><E120/><V27/><F27/><N who="1" m="10281" /><E29/><V58/><F36/><W133/><G126/><T95/><D48/><N who="1" m="26687" /><E41/><V129/><F129/><W85/><REACH who="3" step="1"/><G133/><REACH who="3" ten="289,239,386,76" step="2"/><T109/><D109/><U40/><E40/><V31/><F31/><W22/><G22/><T39/><D39/><U8/><E32/><V3/><F64/><W65/><G65/><T76/><D23/><U75/><E8/><V2/><F61/><W117/><G117/><T46/><D9/><U69/><E69/><V34/><F34/><W127/><G127/><T74/><D10/><U19/><E75/><V51/><F53/><W73/><G73/><T97/><D74/><U30/><E30/><V86/><F2/><W52/><G52/><T55/><D55/><U93/><E19/><AGARI ba="0,1" hai="11,15,19,60,66,68,78,80,85,99,103,107,112,114" machi="19" ten="40,2600,0" yaku="1,1,52,1,53,0" doraHai="83" doraHaiUra="90" who="3" fromWho="1" sc="289,0,239,-26,386,0,76,36" /><INIT seed="6,0,0,5,2,105" ten="289,213,386,112" oya="2" hai0="86,77,32,40,63,8,99,119,106,133,49,22,6" hai1="48,101,132,98,55,38,46,100,42,73,74,111,92" hai2="12,4,76,43,87,39,112,83,24,125,3,127,62" hai3="41,44,88,72,71,1,19,130,52,66,58,134,31"/><V93/><F3/><W78/><G1/><T115/><D32/><U120/><E111/><V36/><F24/><W51/><G134/><T109/><D109/><U90/><E132/><V103/><F62/><W110/><G110/><T28/><D133/><U21/><E120/><V95/><F43/><W67/><G130/><T59/><D106/><U91/><E91/><V60/><F60/><N who="3" m="40423" /><G66/><T85/><D115/><U89/><E89/><V113/><F12/><W16/><G31/><T20/><D119/><U135/><E135/><V9/><F9/><W54/><G54/><T108/><D108/><U131/><E131/><V53/><F53/><W5/><G5/><T35/><D35/><U18/><E101/><V7/><F7/><W124/><G124/><N who="2" m="47689" /><F4/><W0/><G0/><T128/><D128/><U33/><E100/><V65/><F65/><W123/><G88/><T30/><D63/><U50/><E33/><V61/><F61/><W126/><G123/><T116/><D40/><U2/><E2/><V94/><F39/><N who="3" m="21567" /><G126/><T17/><D6/><U57/><REACH who="1" step="1"/><E38/><REACH who="1" ten="289,203,386,112" step="2"/><V96/><F36/><W15/><G15/><AGARI ba="0,1" hai="15,18,21,42,46,48,50,55,57,73,74,90,92,98" machi="15" ten="30,8000,1" yaku="1,1,2,1,7,1,52,2,53,0" doraHai="105" doraHaiUra="117" who="1" fromWho="3" sc="289,0,203,90,386,0,112,-80" /><INIT seed="7,0,0,0,1,75" ten="289,293,386,32" oya="3" hai0="32,112,0,128,135,109,80,71,126,59,67,30,103" hai1="92,61,44,96,118,105,51,114,113,115,124,10,94" hai2="23,19,78,83,50,34,127,22,102,3,33,42,5" hai3="74,122,87,82,48,6,9,119,120,66,132,27,117"/><W39/><G39/><T38/><RYUUKYOKU type="yao9" ba="0,0" sc="289,0,293,0,386,0,32,0" hai0="0,30,32,38,59,67,71,80,103,109,112,126,128,135" /><INIT seed="7,1,0,0,4,132" ten="289,293,386,32" oya="3" hai0="45,53,36,117,92,61,80,114,29,20,90,69,95" hai1="14,70,28,27,40,8,55,30,96,122,52,25,33" hai2="54,38,0,129,81,111,78,97,32,121,79,42,23" hai3="50,10,7,103,82,93,44,120,126,119,34,39,98"/><W3/><G119/><T99/><D117/><U124/><E122/><V48/><F32/><W9/><G120/><T4/><D114/><U43/><E70/><V26/><F0/><W86/><G34/><T15/><D69/><U5/><E124/><V41/><F111/><W35/><G35/><T131/><D131/><U83/><E96/><V116/><F38/><W88/><G39/><T47/><D36/><U22/><REACH who="1" step="1"/><E83/><REACH who="1" ten="289,283,386,32" step="2"/><V18/><F81/><W107/><G126/><T115/><D115/><U130/><E130/><V85/><F97/><W77/><G9/><N who="0" m="4519" /><D80/><U66/><E66/><V62/><F129/><W128/><G128/><T31/><D92/><U125/><E125/><V57/><F121/><W135/><G135/><T84/><D99/><U133/><E133/><V104/><F104/><W110/><G110/><T113/><D113/><U56/><E56/><N who="2" m="32839" /><F116/><W108/><G108/><T6/><D6/><U71/><E71/><V37/><F37/><W94/><REACH who="3" step="1"/><G77/><REACH who="3" ten="289,283,386,22" step="2"/><T58/><D20/><U123/><E123/><V89/><F79/><W12/><G12/><T63/><D63/><U46/><E46/><AGARI ba="1,2" hai="29,31,45,46,47,53,58,61,84,90,95" m="4519" machi="46" ten="30,1000,0" yaku="8,1" doraHai="132" who="0" fromWho="1" sc="289,33,283,-13,386,0,22,0" owari="322,12.0,270,-13.0,386,49.0,22,-48.0" /></mjloggm>