<mjloggm ver="2.3"><GO type="41" lobby="0"/><UN n0="%E3%83%95%E3%82%A1%E3%83%B3%E3%83%95%E3%82%A1%E3%83%BC%E3%83%AC" n1="%E5%B0%B1%E6%B4%BB%E7%94%9F%40%E5%B7%9D%E6%9D%91%E8%BB%8D%E5%9B%A3" n2="%E3%83%99%E3%83%AB%E3%83%B3%E5%8A%9B%E3%82%B9%E3%83%86%E3%83%AB%E5%8D%BF" n3="%6A%75%6D%70%2D%75%70" dan="14,17,14,15" rate="1994.37,2159.71,1920.94,2006.49" sx="M,M,F,M"/><TAIKYOKU oya="0"/><INIT seed="0,0,0,2,4,27" ten="250,250,250,250" oya="0" hai0="68,36,114,97,50,84,56,62,16,129,113,124,90" hai1="64,3,63,25,61,120,10,18,111,54,37,131,73" hai2="6,100,19,58,119,116,91,98,109,67,106,103,34" hai3="21,38,35,96,65,69,24,134,49,76,130,57,59"/><T9/><D36/><U92/><E73/><V0/><F109/><W5/><G38/><T86/><D68/><U60/><E120/><V41/><F41/><W115/><G35/><T42/><D129/><U83/><E37/><V15/><F34/><W74/><G115/><T48/><D124/><U30/><E111/><V52/><F67/><W32/><G32/><T121/><D121/><U11/><E83/><V13/><F100/><W22/><G130/><T79/><D114/><U53/><E64/><V132/><F132/><W46/><G134/><T12/><D113/><U108/><E108/><V72/><F72/><W20/><G69/><T39/><D39/><U78/><E78/><V23/><F91/><W126/><G126/><T17/><D17/><U93/><E18/><V107/><F0/><W112/><G112/><T31/><D31/><U85/><E131/><V7/><F107/><W47/><G24/><T44/><D50/><U14/><E3/><V101/><F101/><W33/><G33/><T43/><D43/><U77/><E77/><V104/><F104/><W95/><G76/><T2/><D2/><U94/><E85/><V4/><REACH who="2" step="1"/><F15/><REACH who="2" ten="250,250,240,250" step="2"/><W51/><G74/><T40/><D40/><U123/><E14/><V127/><F127/><W135/><G65/><N who="0" m="39111" /><D79/><U122/><E123/><V26/><F26/><W29/><G135/><T82/><D86/><U55/><E122/><V81/><F81/><W102/><G29/><T71/><D71/><U117/><E117/><V89/><F89/><W66/><G66/><T125/><D125/><U118/><E118/><V45/><F45/><RYUUKYOKU ba="0,1" sc="250,10,250,10,240,10,250,-30" hai0="9,12,16,42,44,48,82,84,90,97" hai1="10,11,25,30,53,54,55,60,61,63,92,93,94" hai2="4,6,7,13,19,23,52,58,98,103,106,116,119" /><INIT seed="0,1,1,2,1,58" ten="260,260,250,220" oya="0" hai0="9,6,81,60,23,96,64,50,15,126,52,61,80" hai1="93,20,45,72,25,43,57,54,8,94,55,121,14" hai2="109,42,68,41,67,87,48,75,122,5,77,71,125" hai3="86,85,17,118,110,29,12,69,134,120,132,106,128"/><T46/><D126/><U18/><E72/><V116/><F109/><W34/><G106/><T123/><D123/><U11/><E121/><V21/><F122/><W129/><G69/><T95/><D23/><U30/><E11/><V22/><F75/><W90/><G120/><T10/><D10/><U16/><E18/><V82/><F125/><W107/><G107/><T101/><REACH who="0" step="1"/><D61/><REACH who="0" ten="250,260,250,220" step="2"/><N who="1" m="36023" /><E43/><V53/><F21/><W39/><G34/><T92/><D92/><U0/><E0/><V78/><F22/><W44/><G118/><T35/><D35/><U98/><E98/><V113/><F42/><W104/><G104/><T59/><AGARI ba="1,2" hai="6,9,15,46,50,52,59,60,64,80,81,95,96,101" machi="59" ten="20,18000,2" yaku="1,1,0,1,7,1,8,1,52,1,54,1,53,1" doraHai="58" doraHaiUra="89" who="0" fromWho="0" sc="250,203,260,-61,250,-61,220,-61" /><INIT seed="0,2,0,4,0,26" ten="453,199,189,159" oya="0" hai0="49,9,7,132,39,12,63,13,4,43,31,59,64" hai1="55,24,28,30,111,73,86,85,107,87,104,133,94" hai2="70,72,27,36,79,127,60,92,100,10,8,53,74" hai3="16,75,19,96,135,116,67,119,20,121,122,126,32"/><T81/><D39/><U84/><E73/><V14/><F127/><W103/><G75/><T88/><D132/><U2/><E2/><V91/><F100/><W68/><G32/><T48/><D43/><U40/><E133/><V99/><F36/><W102/><G126/><T134/><D134/><U62/><E111/><V93/><F93/><W47/><G135/><T52/><D31/><U6/><E6/><V69/><F10/><W89/><G47/><T129/><D129/><U61/><E40/><V131/><F131/><W57/><G57/><T65/><D65/><U123/><E123/><N who="3" m="47114" /><G67/><T41/><D41/><U118/><E118/><N who="3" m="45098" /><G68/><T82/><D48/><U5/><E5/><V45/><F69/><W23/><G89/><T44/><D88/><N who="1" m="53511" /><E24/><V130/><F27/><N who="3" m="14727" /><G96/><T117/><D117/><U29/><E107/><V125/><F70/><W22/><G22/><T106/><D106/><U83/><E104/><V128/><F125/><W33/><G33/><T38/><D38/><U80/><E61/><V1/><F74/><W77/><G77/><T3/><D3/><U78/><E78/><V95/><F1/><W112/><G112/><T50/><D50/><U34/><E34/><V42/><F79/><W37/><G37/><T25/><D25/><AGARI ba="2,0" hai="19,23,25,102,103" m="14727,45098,47114" machi="25" ten="30,2000,0" yaku="13,1,54,1" doraHai="26" who="3" fromWho="0" sc="453,-26,199,0,189,0,159,26" /><INIT seed="1,0,0,3,3,129" ten="427,199,189,185" oya="1" hai0="95,40,89,106,94,37,92,21,131,19,84,3,39" hai1="58,53,9,25,48,100,47,2,32,6,86,81,51" hai2="93,16,52,30,80,97,62,118,98,96,12,44,33" hai3="0,46,67,99,119,90,38,42,59,116,36,123,78"/><U10/><E100/><V22/><F118/><N who="3" m="45099" /><G0/><T71/><D3/><U69/><E69/><V83/><F33/><W41/><G78/><T108/><D71/><U57/><E10/><V72/><F30/><W31/><G99/><N who="2" m="37961" /><F72/><W18/><G18/><T124/><D106/><U133/><E133/><V29/><F29/><W35/><G90/><T134/><D134/><U43/><E25/><V128/><F128/><W60/><G31/><T55/><D131/><U101/><E101/><N who="2" m="60623" /><F62/><W4/><G4/><T74/><D74/><U14/><E32/><V34/><F34/><W88/><G88/><T49/><D124/><U24/><E24/><V63/><F63/><W135/><G35/><T20/><D20/><U103/><E103/><V13/><F13/><W112/><G123/><T7/><D7/><U73/><E73/><V109/><F109/><W111/><G111/><T70/><D70/><U5/><E5/><V107/><F107/><W50/><G112/><T115/><D108/><U17/><E2/><V91/><F91/><W117/><N who="3" m="45107" /><W104/><DORA hai="11" /><G104/><T121/><D121/><U76/><REACH who="1" step="1"/><E17/><REACH who="1" ten="427,189,189,185" step="2"/><V28/><F28/><W27/><G27/><N who="0" m="14783" /><D115/><U110/><E110/><V87/><F87/><W1/><G1/><T61/><D84/><U126/><E126/><V82/><F16/><W122/><G122/><T54/><D95/><U45/><AGARI ba="0,1" hai="6,9,14,43,45,47,48,51,53,57,58,76,81,86" machi="45" ten="20,24000,3" yaku="1,1,0,1,7,1,25,2,8,1,52,1,53,1" doraHai="129,11" doraHaiUra="66,79" who="1" fromWho="1" sc="427,-80,189,250,189,-80,185,-80" /><INIT seed="1,1,0,3,5,35" ten="347,439,109,105" oya="1" hai0="43,39,33,32,100,128,110,28,129,118,11,42,113" hai1="72,73,103,62,67,38,30,71,22,114,86,132,53" hai2="96,52,80,16,125,13,41,105,31,15,119,99,49" hai3="37,57,107,83,109,115,25,12,85,24,58,88,65"/><U92/><E114/><V87/><F119/><W75/><G107/><T45/><D113/><U61/><E132/><V120/><F125/><W54/><G109/><T108/><D118/><U101/><E38/><V76/><F120/><W77/><G37/><T8/><D100/><U81/><E73/><V116/><F116/><W50/><G115/><T19/><D19/><U17/><E72/><V5/><F31/><W59/><G75/><T131/><D28/><U2/><E30/><V93/><F41/><N who="0" m="15370" /><D45/><U117/><E117/><V112/><F105/><W23/><G77/><T56/><D56/><N who="3" m="21609" /><G65/><T123/><D39/><U130/><E130/><V102/><F96/><W111/><G111/><N who="0" m="42539" /><D123/><U60/><E53/><V98/><F98/><W133/><G133/><T91/><D91/><U18/><E18/><AGARI ba="1,0" hai="12,18,23,24,25,50,54,59,83,85,88" m="21609" machi="18" ten="30,2000,0" yaku="8,1,54,1" doraHai="35" who="3" fromWho="1" sc="347,0,439,-23,109,0,105,23" /><INIT seed="2,0,0,4,1,43" ten="347,416,109,128" oya="2" hai0="6,79,32,67,28,77,71,10,72,85,65,9,76" hai1="54,126,97,116,74,45,83,81,104,24,132,130,2" hai2="107,22,115,109,100,47,19,51,56,101,64,112,114" hai3="70,57,48,12,129,27,38,73,98,68,36,49,122"/><V103/><F107/><W119/><G73/><T123/><D72/><U59/><E2/><V15/><F109/><W88/><G119/><T26/><D123/><U94/><E104/><V102/><N who="2" m="26112" /><DORA hai="108" /><V3/><F3/><W8/><G129/><T35/><D35/><U117/><E74/><V80/><F80/><W66/><G122/><T124/><D124/><U135/><E24/><V7/><F7/><N who="3" m="3103" /><G36/><T58/><D85/><U86/><E130/><V4/><F4/><W11/><G38/><T99/><D99/><U21/><E21/><V78/><F78/><W120/><G68/><T133/><D133/><N who="1" m="51275" /><E126/><V91/><F91/><W93/><G70/><T39/><D39/><U14/><E14/><V18/><F18/><W37/><G37/><T128/><D128/><U106/><E106/><V96/><F96/><W62/><G120/><T0/><D71/><U92/><E59/><V63/><REACH who="2" step="1"/><F115/><REACH who="2" ten="347,416,99,128" step="2"/><W95/><G11/><T25/><D10/><U50/><E97/><V5/><F5/><W34/><G95/><N who="1" m="36394" /><E83/><V105/><F105/><W90/><G90/><AGARI ba="0,1" hai="45,50,54,81,86,90,116,117" m="36394,51275" machi="90" ten="30,2000,0" yaku="20,1,52,1" doraHai="43,108" who="1" fromWho="3" sc="347,0,416,30,99,0,128,-20" /><INIT seed="3,0,0,2,3,108" ten="347,446,99,108" oya="3" hai0="11,129,131,10,52,76,98,5,89,104,73,2,109" hai1="124,35,27,90,92,120,19,114,75,62,7,53,51" hai2="42,130,100,133,110,33,3,102,38,80,70,48,82" hai3="121,86,12,125,122,39,85,30,72,69,67,81,105"/><W13/><G39/><T59/><D109/><U15/><E114/><V117/><F110/><W4/><G105/><T31/><D31/><U8/><E75/><V47/><F117/><W16/><G125/><T95/><D104/><U83/><E124/><V34/><F3/><W135/><G72/><T88/><D10/><U99/><E120/><V49/><F70/><W17/><G135/><T14/><D73/><U87/><E62/><V97/><F133/><W96/><G96/><T1/><D76/><U21/><E35/><V36/><F130/><N who="0" m="49674" /><D89/><U9/><E9/><V112/><F112/><W44/><G30/><T134/><D134/><U40/><E40/><V71/><F71/><W78/><G4/><T6/><D6/><U113/><E113/><V101/><F97/><W127/><G127/><T57/><D57/><N who="1" m="32959" /><E99/><V50/><REACH who="2" step="1"/><F36/><REACH who="2" ten="347,446,89,108" step="2"/><W128/><G44/><T63/><AGARI ba="0,1" hai="1,2,5,11,14,52,59,63,88,95,98" m="49674" machi="63" ten="30,4000,0" yaku="19,1,54,2" doraHai="108" who="0" fromWho="0" sc="347,50,446,-10,89,-10,108,-20" /><INIT seed="4,0,0,4,5,58" ten="397,436,79,88" oya="0" hai0="106,132,128,109,12,2,13,97,117,111,42,19,22" hai1="68,20,87,123,85,96,98,99,78,49,71,133,60" hai2="108,89,28,52,50,54,26,14,36,125,114,94,11" hai3="121,93,134,59,119,126,17,66,34,55,105,15,67"/><T10/><D2/><U46/><E123/><V4/><F108/><N who="0" m="41546" /><D117/><U21/><E133/><V7/><F114/><W24/><G119/><T39/><D132/><U86/><E78/><V107/><F125/><W57/><G126/><T110/><D128/><U104/><E104/><V48/><F36/><W116/><G105/><T129/><D129/><U25/><E60/><V56/><F107/><W35/><G35/><T112/><D112/><U113/><E113/><V44/><F7/><W74/><G74/><T101/><N who="0" m="41554" /><T41/><DORA hai="33" /><D39/><U124/><E124/><V102/><F102/><W16/><G34/><T37/><D37/><U131/><E131/><V29/><REACH who="2" step="1"/><F26/><REACH who="2" ten="397,436,69,88" step="2"/><W70/><G121/><T91/><D91/><U9/><E25/><V77/><F77/><W64/><G116/><T38/><D38/><U51/><E46/><V62/><F62/><N who="3" m="37967" /><G70/><T135/><D135/><U127/><E127/><V82/><F82/><W83/><G83/><T3/><D3/><U84/><E71/><V80/><F80/><W65/><G134/><T76/><D76/><U32/><E68/><V92/><F92/><W72/><G93/><T115/><D115/><U45/><E45/><V81/><F81/><W69/><G69/><T88/><D88/><U120/><E120/><V47/><F47/><W18/><G72/><T61/><D101/><U118/><E118/><V63/><F63/><N who="3" m="36351" /><G24/><T75/><D75/><U73/><E73/><V100/><F100/><W27/><G27/><T122/><D122/><U0/><N who="1" m="21504" /><DORA hai="130" /><U40/><E51/><V79/><F79/><W90/><G90/><RYUUKYOKU ba="0,1" sc="397,-15,436,-15,69,15,88,15" hai2="4,11,14,28,29,44,48,50,52,54,56,89,94" hai3="15,16,17,18,65,66,67" /><INIT seed="5,1,1,3,3,133" ten="382,421,84,103" oya="1" hai0="11,28,51,127,2,99,41,98,21,4,111,49,9" hai1="16,78,35,12,31,62,112,129,83,118,110,82,115" hai2="90,89,106,52,67,20,17,38,64,117,109,5,6" hai3="27,50,81,30,88,116,92,47,70,135,132,56,74"/><U57/><E118/><V44/><F109/><W103/><G103/><T130/><D111/><U24/><E110/><V85/><F117/><W126/><G126/><T125/><D130/><U122/><E122/><V114/><F106/><W94/><G56/><T63/><D63/><U37/><E37/><V128/><F128/><W124/><G124/><N who="0" m="47691" /><D11/><U58/><E129/><V65/><F114/><N who="1" m="43561" /><E62/><V121/><F121/><W36/><G36/><T33/><D33/><U102/><E102/><V40/><F89/><W96/><G70/><T73/><D73/><N who="1" m="43343" /><E83/><V75/><F75/><W97/><G81/><T42/><D49/><U39/><E39/><V8/><F8/><AGARI ba="1,1" hai="8,12,16,24,31,35,57,58" m="43343,43561" machi="8" ten="30,2900,0" yaku="15,1,54,1" doraHai="133" who="1" fromWho="2" sc="382,0,421,42,84,-32,103,0" /><INIT seed="5,2,0,5,4,69" ten="382,463,52,103" oya="1" hai0="47,130,71,88,52,118,123,59,65,120,121,127,107" hai1="18,114,67,57,125,126,109,11,119,35,53,12,32" hai2="42,44,78,55,9,2,34,115,19,105,124,37,103" hai3="102,20,26,122,108,40,101,56,92,76,129,5,7"/><U4/><E67/><V46/><F124/><N who="1" m="47721" /><E119/><V43/><F34/><N who="1" m="12841" /><E114/><V91/><F55/><W27/><G129/><T84/><D107/><U60/><E109/><V41/><F115/><W49/><G122/><T89/><D118/><U75/><E75/><V104/><F103/><W87/><G108/><T3/><D3/><U128/><E128/><V50/><F42/><W33/><G33/><T14/><D127/><U80/><E80/><V31/><F31/><N who="3" m="17863" /><G27/><T21/><D130/><U10/><E10/><V61/><F61/><W15/><G15/><T1/><D1/><U73/><E73/><V0/><F104/><W98/><G102/><T66/><D71/><U25/><E25/><V24/><F105/><W30/><G30/><T134/><D134/><U106/><E106/><V94/><F78/><W58/><G7/><AGARI ba="2,0" hai="4,7,11,12,18,53,57,60" m="12841,47721" machi="7" ten="30,1500,0" yaku="18,1" doraHai="69" who="1" fromWho="3" sc="382,0,463,21,52,0,103,-21" /><INIT seed="5,3,0,1,4,23" ten="382,484,52,82" oya="1" hai0="0,96,1,102,25,93,105,76,69,24,7,74,124" hai1="27,16,112,108,18,5,118,11,13,52,103,107,9" hai2="41,117,2,98,91,34,79,64,78,114,109,75,45" hai3="128,125,15,38,82,46,58,48,12,71,99,134,53"/><U57/><E118/><V63/><F109/><W90/><G125/><T92/><D69/><U100/><E108/><V115/><F117/><W83/><G128/><T4/><D124/><U6/><E112/><N who="2" m="43051" /><F34/><W68/><G134/><T122/><D122/><U73/><E73/><V66/><F2/><W33/><G33/><T104/><D74/><U106/><E106/><V135/><F135/><W86/><G71/><T17/><D17/><U120/><E120/><V56/><F66/><W94/><G68/><T59/><D59/><U47/><E47/><V30/><F30/><W31/><G31/><T72/><D72/><U133/><E107/><V61/><F61/><N who="3" m="36047" /><G38/><T28/><D28/><U110/><E110/><V101/><F91/><N who="3" m="51671" /><G83/><T26/><D76/><U77/><E77/><V123/><F75/><W130/><G130/><T116/><D116/><U88/><E88/><V131/><F131/><W40/><AGARI ba="3,0" hai="12,15,40,46,48,90,94,99" m="51671,36047" machi="40" ten="30,1100,0" yaku="8,1" doraHai="23" who="3" fromWho="3" sc="382,-6,484,-8,52,-6,82,20" /><INIT seed="6,0,0,3,4,63" ten="376,476,46,102" oya="2" hai0="119,17,82,15,4,112,132,70,126,118,33,43,79" hai1="121,71,67,35,0,86,123,76,2,45,72,49,54" hai2="29,22,128,14,77,75,117,131,87,73,53,13,18" hai3="5,16,19,74,60,106,115,124,23,108,116,58,68"/><V85/><F117/><N who="0" m="44554" /><D126/><U12/><E35/><V99/><F29/><W109/><G60/><T98/><D132/><U9/><E72/><V135/><F135/><W3/><G58/><T39/><D33/><U47/><E47/><V48/><F99/><W8/><G68/><T32/><D32/><U127/><E67/><V30/><F30/><W101/><G74/><N who="2" m="28169" /><F77/><W69/><G69/><T38/><D112/><U52/><E127/><V37/><F13/><N who="3" m="9615" /><G101/><T88/><D4/><N who="1" m="3111" /><E71/><V64/><F64/><W97/><G97/><T100/><D88/><U83/><E54/><V96/><F96/><W78/><G78/><T80/><D70/><U59/><E59/><N who="2" m="33191" /><F37/><N who="0" m="13834" /><D43/><U51/><E51/><V91/><F91/><W120/><G116/><T129/><D79/><U125/><E125/><V7/><F7/><W66/><G124/><T57/><D57/><U94/><E94/><V130/><AGARI ba="0,0" hai="14,18,22,85,87,128,130,131" m="33191,28169" machi="130" ten="40,2100,0" yaku="19,1" doraHai="63" who="2" fromWho="2" sc="376,-7,476,-7,46,21,102,-7" /><INIT seed="6,1,0,4,5,103" ten="369,469,67,95" oya="2" hai0="48,83,51,66,32,113,116,46,16,41,20,2,29" hai1="89,45,53,94,55,22,54,58,67,99,81,76,123" hai2="6,79,112,28,118,37,56,102,84,11,96,10,88" hai3="13,128,132,5,74,31,92,105,17,35,4,91,100"/><V21/><F118/><W106/><G100/><T59/><D2/><U121/><E45/><V77/><F112/><W119/><G119/><T98/><D116/><U23/><E58/><V69/><F69/><W57/><G74/><T30/><D113/><U50/><E67/><V7/><F37/><W87/><G128/><T127/><D127/><U114/><E50/><V71/><F71/><W26/><G132/><T73/><D32/><U68/><E68/><V25/><F56/><W9/><G57/><T34/><D34/><U93/><E93/><V60/><F60/><W61/><G61/><N who="0" m="38207" /><D73/><N who="1" m="43151" /><E114/><V24/><F24/><W64/><G64/><T62/><D62/><U122/><AGARI ba="1,0" hai="22,23,53,54,55,89,94,99,121,122,123" m="43151" machi="122" ten="40,1500,0" yaku="13,1" doraHai="103" who="1" fromWho="1" sc="369,-5,469,18,67,-8,95,-5" /><INIT seed="7,0,0,0,5,52" ten="364,487,59,90" oya="3" hai0="9,13,18,86,99,5,12,126,72,65,112,69,101" hai1="55,25,6,98,125,70,49,90,107,48,111,11,80" hai2="62,21,43,117,63,133,56,66,39,122,19,0,119" hai3="58,31,24,60,135,29,100,108,57,114,7,47,59"/><W77/><G114/><T121/><D72/><U120/><E70/><N who="2" m="42327" /><F21/><N who="3" m="15503" /><G108/><T83/><D112/><U81/><E111/><V109/><F19/><W2/><G2/><T116/><D126/><U118/><E125/><V134/><F0/><W30/><G135/><N who="2" m="51721" /><F109/><W26/><G7/><T94/><D116/><N who="2" m="44618" /><F122/><W82/><G100/><T22/><D121/><U3/><E49/><V42/><F39/><W88/><G47/><T32/><D32/><U92/><E107/><V1/><F1/><W27/><G77/><T46/><D46/><U89/><E120/><V130/><F130/><W15/><G15/><T14/><D69/><U78/><E118/><V123/><F123/><W124/><G124/><T102/><D102/><U67/><E67/><AGARI ba="0,0" hai="42,43,56,63,67" m="44618,51721,42327" machi="67" ten="30,7700,0" yaku="20,1,34,2,52,1" doraHai="52" who="2" fromWho="1" sc="364,0,487,-77,59,77,90,0" owari="364,16.0,410,51.0,136,-26.0,90,-41.0" /></mjloggm>