<mjloggm ver="2.3"><GO type="169" lobby="0"/><UN n0="%E6%96%B0%E4%B8%96%E7%95%8C%E3%81%AE%E7%B4%99" n1="%E3%82%A6%E3%83%AB%E3%83%88%E3%83%A9%E7%AB%8B%E7%9B%B4" n2="%E2%98%85%74%61%72%75%74%6F%E2%98%85" n3="%69%74%6B%32%32%37%37%37" dan="18,17,16,16" rate="2269.71,2177.50,2093.54,2196.61" sx="M,M,M,M"/><TAIKYOKU oya="0"/><INIT seed="0,0,0,2,4,95" ten="250,250,250,250" oya="0" hai0="83,40,16,13,45,99,84,25,30,133,20,51,94" hai1="64,1,53,120,11,125,8,46,129,35,109,6,135" hai2="103,93,9,87,98,113,111,65,4,104,43,44,116" hai3="74,81,31,77,73,68,28,70,106,121,69,118,38"/><T130/><D130/><U75/><E120/><V10/><F113/><W78/><G121/><T67/><D133/><U23/><E35/><V79/><F116/><W112/><G112/><T131/><D131/><U56/><E129/><V54/><F111/><W123/><G118/><T85/><D67/><U122/><E122/><V48/><F65/><W26/><G123/><T17/><D83/><U72/><E109/><V92/><F10/><W105/><G38/><T62/><D62/><U29/><E135/><V58/><F79/><W47/><G47/><T76/><D76/><U102/><E125/><V59/><F87/><W132/><G132/><T22/><REACH who="0" step="1"/><D30/><REACH who="0" ten="240,250,250,250" step="2"/><U60/><E29/><V52/><F59/><W114/><G114/><T57/><D57/><U71/><E56/><V3/><REACH who="2" step="1"/><F54/><REACH who="2" ten="240,250,240,250" step="2"/><W110/><G110/><T119/><D119/><U134/><E53/><V91/><F91/><AGARI ba="0,2" hai="13,16,17,20,22,25,40,45,51,84,85,91,94,99" machi="91" ten="30,18000,2" yaku="1,1,7,1,8,1,52,1,54,1,53,2" doraHai="95" doraHaiUra="19" who="0" fromWho="2" sc="240,200,250,0,240,-180,250,0" /><INIT seed="0,1,0,0,0,40" ten="440,250,60,250" oya="0" hai0="54,106,64,65,124,36,63,117,70,96,0,53,45" hai1="4,11,29,25,22,68,80,48,14,122,26,105,114" hai2="47,72,9,49,110,28,73,5,130,83,67,69,102" hai3="8,35,127,20,37,92,17,1,132,111,91,100,16"/><T19/><D0/><U61/><E122/><V94/><F130/><W59/><G35/><T42/><D117/><U121/><E121/><V10/><F110/><W119/><G111/><T76/><D76/><U120/><E120/><V133/><F133/><W51/><G119/><T23/><D124/><U18/><E114/><V7/><F28/><W41/><G132/><T87/><D65/><U74/><E105/><V43/><F69/><W104/><G127/><T33/><D33/><U81/><E74/><V82/><F67/><W115/><G115/><T34/><D34/><U32/><E68/><V44/><F102/><W55/><G104/><T79/><D106/><U6/><E61/><V134/><F134/><W27/><G100/><T57/><D96/><U75/><E75/><V13/><F94/><W98/><G37/><T125/><D125/><U135/><E135/><V71/><F71/><W128/><G128/><T126/><D126/><U78/><E78/><V66/><F66/><W108/><G108/><T95/><D70/><U109/><E109/><V97/><F97/><W88/><G41/><T3/><D3/><U58/><E4/><V99/><F99/><W77/><G77/><T50/><D36/><U56/><E56/><V31/><F31/><W12/><G1/><T101/><D101/><U85/><E85/><V90/><F73/><W112/><G112/><T113/><D113/><U118/><E118/><V84/><F72/><W62/><G91/><N who="0" m="53759" /><D79/><U30/><E30/><V46/><F83/><W21/><G8/><T129/><D129/><U116/><E116/><V24/><F24/><AGARI ba="1,0" hai="19,23,24,42,45,50,53,54,57,63,64" m="53759" machi="24" ten="30,5800,0" yaku="6,1,8,1,52,1" doraHai="40" who="0" fromWho="2" sc="440,61,250,0,60,-61,250,0" owari="501,60.0,250,5.0,-1,-50.0,250,-15.0" /></mjloggm>