<mjloggm ver="2.3"><GO type="41" lobby="0"/><UN n0="%69%67%6F%6D%69%78" n1="%3D%4C%55%44%55%53%3D" n2="%E5%B0%B1%E6%B4%BB%E7%94%9F%40%E5%B7%9D%E6%9D%91%E8%BB%8D%E5%9B%A3" n3="%54%49%44%41" dan="13,14,15,14" rate="1824.76,1929.51,1951.60,1864.67" sx="M,M,M,M"/><TAIKYOKU oya="0"/><INIT seed="0,0,0,5,5,113" ten="250,250,250,250" oya="0" hai0="12,78,20,81,4,43,0,56,9,66,114,120,132" hai1="92,38,76,5,103,135,75,28,63,97,39,31,59" hai2="1,129,55,128,37,50,65,18,7,119,30,117,102" hai3="48,41,86,80,130,10,11,109,49,25,116,91,35"/><T24/><D114/><U27/><E135/><V14/><F37/><W61/><G116/><N who="2" m="44617" /><F30/><W99/><G109/><T13/><D132/><U127/><E5/><V82/><F65/><W93/><G130/><N who="2" m="50281" /><F102/><W106/><G106/><T36/><D120/><U46/><E103/><V89/><F89/><W52/><G35/><T131/><D131/><U98/><E39/><V104/><F104/><W110/><G110/><T60/><D43/><U45/><E31/><V2/><F7/><W40/><G25/><T42/><D24/><U29/><E27/><V121/><F82/><W57/><G41/><T124/><D20/><U101/><E38/><V70/><F70/><W33/><G33/><T84/><D124/><U108/><E127/><V8/><F121/><W51/><REACH who="3" step="1"/><G40/><REACH who="3" ten="250,250,250,240" step="2"/><T126/><D126/><U15/><E108/><V23/><F8/><W58/><G58/><AGARI ba="0,1" hai="1,2,14,18,23,50,55,58" m="50281,44617" machi="58" ten="30,8000,1" yaku="12,1,19,1,52,3" doraHai="113" who="2" fromWho="3" sc="250,0,250,0,250,90,240,-80" /><INIT seed="1,0,0,4,2,79" ten="250,250,340,160" oya="1" hai0="129,13,77,83,54,82,102,28,107,36,128,16,135" hai1="67,130,8,88,84,132,119,49,33,31,25,64,29" hai2="111,68,104,61,63,69,2,87,112,1,7,11,114" hai3="76,116,58,99,85,4,100,39,117,113,96,122,65"/><U46/><E119/><N who="3" m="45642" /><G39/><T124/><D36/><U32/><E130/><N who="0" m="50281" /><D28/><U72/><E72/><V110/><F104/><N who="3" m="63495" /><G4/><T73/><D135/><U53/><E132/><V81/><F2/><W56/><G65/><T97/><D124/><U70/><E70/><N who="2" m="27243" /><F61/><W94/><G56/><T38/><D38/><U45/><E45/><V40/><F40/><W55/><G58/><T42/><D42/><U37/><E37/><V86/><F86/><W17/><G55/><T92/><D54/><U20/><E8/><V26/><F26/><W74/><G17/><T90/><D16/><N who="1" m="12423" /><E32/><V75/><F63/><W59/><G59/><T62/><D13/><U52/><E53/><V34/><F34/><W35/><G35/><T95/><D62/><U103/><E103/><V21/><F21/><W9/><G9/><T91/><D91/><U123/><E33/><V10/><F10/><W3/><G3/><T51/><D51/><U71/><E71/><V89/><F75/><W23/><G23/><T6/><D6/><U15/><E15/><V66/><F66/><N who="1" m="25129" /><E123/><V126/><F126/><W43/><G122/><T41/><D41/><U80/><AGARI ba="0,0" hai="29,31,46,49,52,80,84,88" m="25129,12423" machi="80" ten="30,12000,1" yaku="8,1,52,1,54,3" doraHai="79" who="1" fromWho="1" sc="250,-40,250,120,340,-40,160,-40" /><INIT seed="1,1,0,0,4,83" ten="210,370,300,120" oya="1" hai0="135,76,59,13,84,107,71,44,63,24,93,36,40" hai1="112,52,90,97,64,72,34,61,53,87,16,128,32" hai2="73,33,114,105,57,4,77,111,75,30,39,35,123" hai3="11,89,12,82,47,122,79,21,29,131,98,120,115"/><U127/><E72/><V100/><F123/><W91/><G131/><T55/><D107/><U81/><E128/><V67/><F111/><W116/><G115/><T119/><D119/><U108/><E112/><V133/><F133/><W66/><G116/><T42/><D135/><U78/><E108/><V43/><F114/><W19/><G120/><T10/><D24/><U74/><E127/><V38/><F57/><W8/><G122/><T68/><D93/><N who="1" m="56503" /><E74/><N who="2" m="28171" /><F77/><W3/><G3/><T70/><D76/><U26/><E34/><N who="2" m="12811" /><F30/><W41/><G66/><T102/><D102/><U15/><E32/><V101/><F67/><W103/><G11/><T17/><REACH who="0" step="1"/><D42/><REACH who="0" ten="200,370,300,120" step="2"/><U86/><E26/><V65/><F43/><W118/><G118/><T121/><D121/><U95/><E78/><V129/><F105/><W18/><G29/><T0/><D0/><U49/><E95/><V37/><F101/><W125/><G103/><T51/><D51/><U58/><E81/><V14/><F100/><W99/><G125/><T5/><D5/><U22/><E53/><V132/><F65/><W25/><G91/><T69/><N who="0" m="17920" /><DORA hai="106" /><T88/><D88/><U9/><E9/><V7/><F132/><W124/><G89/><T56/><D56/><AGARI ba="1,1" hai="15,16,22,49,52,56,58,61,64,86,87" m="56503" machi="56" ten="30,12000,1" yaku="8,1,52,2,54,2" doraHai="83,106" who="1" fromWho="0" sc="200,-123,370,133,300,0,120,0" /><INIT seed="1,2,0,3,0,60" ten="77,503,300,120" oya="1" hai0="54,35,62,64,42,3,100,41,33,22,95,131,104" hai1="76,31,110,27,58,134,71,129,59,51,79,108,37" hai2="88,113,81,5,47,94,74,18,53,2,89,12,102" hai3="98,65,118,92,112,52,123,36,66,29,127,84,125"/><U73/><E129/><V25/><F113/><W83/><G112/><T106/><D3/><U19/><E134/><V13/><F2/><W40/><G123/><T130/><D54/><N who="1" m="32095" /><E37/><V91/><F5/><W49/><G118/><T90/><D22/><U82/><E71/><V61/><F74/><W93/><G29/><T85/><D100/><U132/><E132/><V30/><F81/><W24/><G24/><T6/><D6/><U135/><E135/><V23/><F102/><W80/><G36/><T77/><D77/><N who="1" m="44335" /><E59/><N who="2" m="35055" /><F47/><N who="3" m="27711" /><G40/><T48/><D48/><U46/><E46/><V9/><F13/><W78/><G83/><T7/><D7/><U0/><E19/><N who="2" m="8591" /><F30/><W124/><G93/><AGARI ba="2,0" hai="18,23,25,88,89,91,93,94" m="8591,35055" machi="93" ten="30,2000,0" yaku="8,1,54,1" doraHai="60" who="2" fromWho="3" sc="77,0,503,0,300,26,120,-26" /><INIT seed="2,0,0,3,5,18" ten="77,503,326,94" oya="2" hai0="90,51,34,68,57,28,67,85,116,61,114,118,92" hai1="75,106,31,22,17,13,10,54,76,47,45,52,38" hai2="86,107,42,2,130,87,129,12,7,89,70,21,36" hai3="88,110,33,23,16,37,115,66,35,72,108,39,73"/><V59/><F107/><W69/><G69/><T41/><D114/><U113/><E113/><V27/><F70/><W134/><G115/><T111/><D111/><N who="3" m="42537" /><G66/><T135/><D135/><U43/><E106/><V63/><F2/><W14/><G134/><T74/><D74/><N who="3" m="28777" /><G35/><T120/><D120/><U78/><E47/><V62/><F62/><W126/><G33/><T32/><D32/><U84/><E75/><V83/><F36/><N who="3" m="13899" /><G126/><T93/><D34/><U95/><E78/><V50/><F42/><W65/><G65/><T124/><D124/><U53/><E31/><V80/><F50/><W97/><G97/><T82/><D28/><U3/><E54/><V40/><F40/><W26/><G26/><T132/><D132/><U96/><E53/><V98/><F98/><W127/><G127/><T77/><D68/><U94/><E52/><N who="2" m="34279" /><F129/><W0/><G0/><T24/><D24/><U1/><E3/><V60/><F60/><W64/><G64/><T81/><D41/><U56/><E1/><V20/><F130/><W103/><G103/><T48/><D48/><U46/><E43/><V71/><F71/><W125/><G125/><T104/><D104/><U122/><E38/><V15/><F7/><W123/><G123/><T79/><D51/><U19/><E122/><V102/><F102/><W133/><G133/><T4/><D4/><U29/><E96/><V44/><F27/><W58/><G58/><T109/><D109/><U11/><E56/><V121/><F121/><W131/><G131/><T99/><D57/><U128/><E46/><V100/><F100/><W91/><AGARI ba="0,0" hai="14,16,23,88,91" m="13899,28777,42537" machi="91" ten="40,8000,1" yaku="5,1,14,1,52,1,54,2" doraHai="18" who="3" fromWho="3" sc="77,-20,503,-20,326,-40,94,80" /><INIT seed="3,0,0,1,3,102" ten="57,483,286,174" oya="3" hai0="135,52,91,11,62,16,64,76,119,24,3,30,4" hai1="1,66,54,39,15,131,58,33,83,0,17,81,109" hai2="116,98,21,134,113,84,18,55,31,99,110,90,63" hai3="130,93,36,125,77,57,53,128,126,88,122,40,42"/><W101/><G122/><T86/><D119/><U47/><E109/><V95/><F116/><W43/><G36/><T46/><D135/><U127/><E33/><V100/><F110/><W73/><G73/><T34/><D76/><U49/><E131/><N who="3" m="50218" /><G77/><T51/><D64/><U50/><E127/><N who="3" m="48650" /><G101/><T25/><D62/><N who="1" m="38231" /><E39/><V118/><F134/><W87/><G43/><T107/><D107/><U108/><E1/><V105/><F113/><W7/><G7/><T112/><D112/><U65/><E0/><V9/><F118/><W106/><G106/><T8/><D30/><U13/><E65/><V23/><F100/><W72/><G72/><T121/><D34/><U114/><E114/><V68/><F105/><W79/><G79/><T97/><D97/><U129/><E129/><V67/><F98/><W38/><G38/><T5/><D121/><U123/><E123/><V92/><F31/><W132/><G132/><T61/><D61/><U89/><E17/><V12/><F99/><W28/><G28/><T70/><D70/><U37/><E37/><V35/><F35/><W14/><G14/><N who="1" m="5130" /><E89/><V74/><F74/><W71/><G71/><T111/><D111/><U59/><E108/><V104/><F104/><W22/><G22/><T32/><D32/><U82/><E50/><AGARI ba="0,0" hai="40,42,50,53,57,87,88,93" m="48650,50218" machi="50" ten="30,5800,0" yaku="19,1,18,1,54,1" doraHai="102" who="3" fromWho="1" sc="57,0,483,-58,286,0,174,58" /><INIT seed="3,1,0,3,4,6" ten="57,425,286,232" oya="3" hai0="52,109,60,17,122,80,114,66,62,132,3,93,127" hai1="26,112,34,28,44,135,31,78,16,33,134,64,126" hai2="22,54,87,98,20,91,53,5,46,86,58,73,123" hai3="74,90,65,14,111,84,8,24,118,38,67,97,130"/><W96/><G118/><T18/><D122/><U55/><E64/><N who="3" m="24650" /><G38/><T94/><D109/><U95/><E78/><V106/><F73/><W121/><G121/><T23/><D132/><N who="1" m="50731" /><E95/><N who="2" m="56703" /><F106/><W1/><G1/><T107/><D107/><U128/><E55/><N who="2" m="21003" /><F123/><W29/><G74/><T81/><D127/><U2/><E44/><V56/><F46/><W77/><G77/><T27/><D3/><U131/><E126/><V15/><F5/><N who="3" m="3343" /><G130/><N who="1" m="49706" /><E112/><V11/><F11/><W68/><G68/><T57/><D114/><U83/><E2/><V99/><F99/><W35/><G35/><N who="1" m="13322" /><E83/><V113/><F113/><W32/><G32/><T69/><D81/><U133/><E133/><V30/><F30/><W125/><G125/><T110/><D110/><U119/><E119/><V102/><F102/><W124/><G124/><T120/><D120/><U70/><E70/><V71/><F71/><W61/><G111/><T45/><D45/><U72/><E72/><V49/><F49/><W25/><G61/><T63/><D80/><U89/><E89/><V9/><F9/><W79/><G79/><T129/><D129/><U108/><E108/><V10/><F10/><W47/><G47/><T116/><D116/><U37/><E37/><V21/><F15/><W115/><G115/><T88/><D60/><U59/><E59/><AGARI ba="1,0" hai="20,21,22,56,58,59,86,87" m="21003,56703" machi="59" ten="30,1000,0" yaku="8,1" doraHai="6" who="2" fromWho="1" sc="57,0,425,-13,286,13,232,0" /><INIT seed="4,0,0,2,1,121" ten="57,412,299,232" oya="0" hai0="75,130,65,88,36,64,46,73,69,78,80,123,3" hai1="61,66,122,115,110,127,114,17,106,82,59,105,89" hai2="113,67,26,58,62,41,19,33,15,35,128,118,6" hai3="20,131,99,72,0,53,132,71,60,90,68,40,91"/><T7/><D123/><U74/><E122/><V14/><F128/><W22/><G72/><T107/><D65/><U54/><E110/><V38/><F113/><N who="1" m="43017" /><E127/><V93/><F118/><W52/><G0/><T12/><D12/><U101/><E101/><V11/><F38/><W13/><G132/><T37/><D130/><U47/><E17/><V109/><F41/><W120/><G120/><T70/><D75/><U50/><E89/><V16/><F109/><W85/><G131/><T8/><D88/><U18/><E18/><V129/><F129/><W111/><G111/><T63/><D107/><U10/><E10/><V43/><F43/><W103/><G40/><N who="0" m="22791" /><D37/><U51/><E51/><V87/><F26/><W126/><G126/><T45/><D45/><U133/><E133/><V112/><F112/><W77/><G71/><AGARI ba="0,0" hai="3,7,8,63,64,69,70,71,73,78,80" m="22791" machi="71" ten="30,5800,0" yaku="25,1,33,2" doraHai="121" who="0" fromWho="3" sc="57,58,412,0,299,0,232,-58" /><INIT seed="4,1,0,1,1,123" ten="115,412,299,174" oya="0" hai0="105,18,133,25,11,90,2,27,19,101,50,60,47" hai1="10,126,69,66,48,107,115,79,52,38,94,81,12" hai2="103,64,8,33,43,9,77,111,92,55,14,37,36" hai3="5,45,127,54,106,67,100,51,86,102,121,124,98"/><T118/><D118/><U57/><E107/><V30/><F64/><W130/><G130/><T99/><D133/><U70/><E126/><N who="3" m="48170" /><G102/><T112/><D112/><U117/><E117/><V3/><F3/><W104/><G104/><T32/><D27/><U35/><E35/><V44/><F111/><W62/><G5/><T82/><D2/><U80/><E38/><V49/><F77/><W13/><G13/><T132/><D132/><U24/><E24/><V125/><F125/><W76/><G76/><T93/><D60/><U110/><E110/><V21/><F33/><W96/><G96/><T75/><D11/><U28/><E28/><V129/><F129/><W26/><G26/><T23/><D32/><U134/><E12/><V22/><F30/><W58/><G86/><N who="0" m="50519" /><D75/><U40/><E10/><V85/><F9/><W7/><G7/><T74/><D74/><U131/><E131/><V65/><F65/><W53/><G121/><T42/><D105/><U73/><E73/><V114/><F114/><W16/><G54/><T29/><AGARI ba="1,0" hai="18,19,23,25,29,42,47,50,93,99,101" m="50519" machi="29" ten="30,1500,0" yaku="8,1" doraHai="123" who="0" fromWho="0" sc="115,18,412,-6,299,-6,174,-6" /><INIT seed="4,2,0,4,0,123" ten="133,406,293,168" oya="0" hai0="5,130,16,132,26,99,74,2,82,122,33,53,48" hai1="77,20,90,84,78,58,29,28,9,91,56,104,80" hai2="81,109,68,102,32,61,21,117,6,105,22,112,100" hai3="120,50,96,15,4,18,75,115,135,121,114,42,31"/><T127/><D122/><N who="3" m="47209" /><G75/><T124/><D99/><U34/><E34/><V30/><F6/><W59/><G42/><T0/><D74/><U76/><E9/><V113/><F117/><W25/><G96/><T134/><D82/><U103/><E104/><V35/><F109/><W45/><G45/><T27/><D48/><U73/><E103/><N who="2" m="39467" /><F105/><W118/><G59/><N who="1" m="22570" /><E73/><V39/><F81/><W129/><G50/><T87/><D53/><U116/><E116/><V7/><F7/><W133/><G118/><T52/><D87/><N who="1" m="50535" /><E20/><N who="2" m="7787" /><F30/><W128/><G4/><T11/><D52/><U94/><AGARI ba="2,0" hai="28,29,76,77,78,84,91,94" m="50535,22570" machi="94" ten="30,1100,0" yaku="8,1" doraHai="123" who="1" fromWho="1" sc="133,-7,406,17,293,-5,168,-5" /><INIT seed="5,0,0,0,1,77" ten="126,423,288,163" oya="1" hai0="9,38,4,52,70,15,110,81,56,29,101,39,21" hai1="117,113,97,121,98,27,19,109,67,75,59,11,40" hai2="104,74,14,102,66,47,112,64,128,48,20,72,134" hai3="26,131,18,106,95,3,53,43,123,41,83,80,5"/><U129/><E75/><V22/><F128/><W86/><G106/><T114/><D110/><U82/><E40/><N who="3" m="15434" /><G3/><T125/><D70/><U0/><E0/><V99/><F134/><W16/><G123/><T124/><D101/><U130/><E59/><V50/><F112/><W32/><G32/><T127/><D114/><U71/><E67/><V37/><F37/><W31/><G131/><T17/><D29/><U87/><E71/><V10/><F72/><W13/><G53/><T36/><D81/><N who="3" m="31305" /><G31/><T132/><D132/><U126/><E109/><V2/><F2/><W60/><G60/><T33/><D33/><U23/><E113/><V111/><F111/><W8/><G26/><T6/><REACH who="0" step="1"/><D21/><REACH who="0" ten="116,423,288,163" step="2"/><U28/><E23/><V118/><F118/><W92/><G92/><T120/><D120/><U103/><E117/><V78/><F22/><W93/><G93/><T44/><D44/><U35/><E121/><V84/><F20/><W122/><G122/><T49/><AGARI ba="0,1" hai="4,6,9,15,17,36,38,39,49,52,56,124,125,127" machi="49" ten="40,8000,1" yaku="1,1,0,1,18,1,54,1,53,0" doraHai="77" doraHaiUra="34" who="0" fromWho="0" sc="116,90,423,-40,288,-20,163,-20" /><INIT seed="6,0,0,5,4,29" ten="206,383,268,143" oya="2" hai0="19,61,46,13,85,105,104,5,35,129,99,127,98" hai1="92,96,53,42,89,71,16,87,133,126,23,100,43" hai2="77,95,27,36,79,112,55,128,114,37,41,14,86" hai3="81,119,20,33,8,78,44,109,115,17,0,21,47"/><V75/><F75/><W6/><G119/><T91/><D129/><U94/><E133/><V59/><F128/><W60/><G115/><N who="2" m="44073" /><F14/><W110/><G109/><T65/><D127/><U130/><E126/><V116/><F116/><W7/><G7/><T134/><D134/><U4/><E4/><V122/><F122/><W26/><G110/><T72/><D72/><U82/><E71/><V74/><F74/><W58/><G20/><T64/><D5/><U111/><E111/><V30/><F95/><W93/><G93/><T70/><D65/><U76/><E53/><V11/><F11/><W25/><G25/><T103/><D46/><U120/><E120/><V34/><F86/><W69/><G69/><T24/><D85/><N who="1" m="48327" /><E130/><V102/><F102/><W2/><G2/><T31/><D91/><U83/><E83/><V117/><F117/><W63/><G63/><T1/><D1/><U90/><E90/><V45/><F37/><W50/><G50/><AGARI ba="0,0" hai="27,30,34,36,41,45,50,55,59,77,79" m="44073" machi="50" ten="30,2900,0" yaku="15,1,52,1" doraHai="29" who="2" fromWho="3" sc="206,0,383,0,268,29,143,-29" /><INIT seed="6,1,0,3,1,135" ten="206,383,297,114" oya="2" hai0="52,134,127,123,103,38,64,65,19,126,60,75,26" hai1="48,101,110,18,115,72,44,37,16,68,63,34,33" hai2="35,23,2,50,113,22,80,66,102,55,119,15,6" hai3="76,100,122,47,74,91,27,49,124,56,90,120,99"/><V25/><F119/><W84/><G56/><T30/><D75/><U58/><E110/><V88/><F113/><W4/><G4/><T67/><D123/><U53/><E72/><V125/><F125/><N who="0" m="47626" /><D134/><U131/><E101/><V129/><F129/><W31/><G124/><T13/><D38/><U71/><E71/><V46/><F35/><N who="1" m="13321" /><E115/><V57/><F2/><W10/><G10/><N who="0" m="6583" /><D103/><U7/><E7/><V121/><F102/><W69/><G69/><N who="0" m="42119" /><D52/><U95/><E53/><V97/><F121/><W39/><G39/><T130/><D130/><U89/><E37/><V87/><F66/><W29/><G120/><T59/><D59/><U61/><E58/><V83/><F57/><W96/><G122/><T98/><D98/><U116/><E68/><V24/><F97/><N who="3" m="37451" /><G100/><T8/><D8/><U112/><E112/><V111/><F111/><W94/><G74/><T78/><D78/><U92/><E131/><V114/><F114/><W105/><G76/><T21/><AGARI ba="1,0" hai="21,26,30,65,67" m="42119,6583,47626" machi="21" ten="30,7900,0" yaku="18,1,52,3" doraHai="135" who="0" fromWho="0" sc="206,82,383,-21,297,-40,114,-21" /><INIT seed="7,0,0,3,2,78" ten="288,362,257,93" oya="3" hai0="111,61,11,72,29,120,63,47,13,71,2,128,8" hai1="44,55,86,76,60,57,1,4,135,107,103,48,134" hai2="110,31,53,34,73,38,113,115,59,105,129,84,68" hai3="93,88,79,42,91,3,124,112,46,104,5,7,27"/><W74/><G104/><T64/><D120/><U28/><E28/><V30/><F110/><W24/><G124/><T80/><D111/><U36/><E36/><V65/><F73/><W127/><G127/><T67/><D128/><U41/><E4/><V92/><F38/><N who="3" m="21847" /><G7/><T9/><D29/><U6/><E6/><V14/><F105/><W23/><G112/><N who="2" m="43081" /><F129/><W102/><G102/><T99/><D99/><U87/><E1/><V17/><F34/><W90/><G93/><T15/><D2/><U56/><E56/><V109/><F109/><W49/><G49/><T70/><REACH who="0" step="1"/><D47/><REACH who="0" ten="278,362,257,93" step="2"/><U131/><E131/><V82/><F92/><W81/><G23/><T119/><D119/><U33/><E107/><V122/><F122/><W0/><G0/><T117/><D117/><U58/><E44/><V43/><F43/><W51/><G51/><T89/><D89/><N who="3" m="22785" /><W85/><DORA hai="77" /><G85/><T22/><D22/><U118/><E41/><V95/><F95/><W123/><G123/><T75/><D75/><U39/><E86/><V114/><F114/><W130/><G130/><T50/><D50/><U35/><E87/><V98/><F98/><W133/><G133/><T126/><D126/><U83/><E134/><V26/><F31/><W96/><G96/><T25/><D25/><U69/><E135/><V21/><F30/><W45/><G45/><T62/><D62/><U121/><E60/><N who="2" m="39975" /><F26/><W40/><G40/><T101/><D101/><U52/><E103/><V37/><F84/><W132/><G132/><T12/><D12/><U97/><E121/><V100/><F100/><W10/><AGARI ba="0,1" hai="3,5,10,24,27,74,79,81" m="22785,21847" machi="10" ten="40,12000,1" yaku="5,1,25,1,52,2,54,1" doraHai="78,77" who="3" fromWho="3" sc="278,-40,362,-40,257,-40,93,130" /><INIT seed="7,1,0,5,3,8" ten="238,322,217,223" oya="3" hai0="76,63,67,79,44,115,45,127,68,34,130,26,129" hai1="50,30,16,29,52,9,133,5,135,102,132,125,82" hai2="101,75,86,83,121,3,85,54,98,69,104,131,62" hai3="14,38,47,21,59,35,64,109,80,61,12,96,36"/><W74/><G35/><T72/><D45/><N who="1" m="27727" /><E125/><V66/><F3/><W13/><G21/><T97/><D44/><U7/><E102/><V51/><F131/><W107/><G47/><T39/><D39/><U65/><E65/><V23/><F121/><W49/><G49/><T84/><D84/><U111/><E111/><V10/><F10/><W24/><G24/><T2/><D79/><U118/><E118/><V105/><F105/><W22/><G22/><T95/><D127/><U25/><E82/><V48/><F48/><W18/><G18/><T81/><D2/><U78/><E78/><V28/><F75/><W37/><G74/><T58/><D58/><U1/><E7/><V100/><F100/><W27/><G27/><T43/><D43/><U92/><E92/><V94/><F104/><W123/><G123/><T73/><D73/><U42/><E42/><V53/><F53/><W126/><G126/><T90/><D115/><U11/><E25/><N who="2" m="16447" /><F69/><W113/><G80/><T56/><D68/><U108/><E108/><V134/><F134/><W119/><G119/><T57/><D57/><U71/><E71/><V41/><F66/><W17/><G17/><T122/><D122/><U103/><E103/><V87/><F62/><W110/><REACH who="3" step="1"/><G113/><REACH who="3" ten="238,322,217,213" step="2"/><T116/><D116/><U15/><AGARI ba="1,1" hai="1,5,9,11,15,16,29,30,132,133,135" m="27727" machi="15" ten="40,8000,1" yaku="20,1,52,1,54,2" doraHai="8" who="1" fromWho="1" sc="238,-21,322,93,217,-21,213,-41" owari="217,2.0,415,51.0,196,-20.0,172,-33.0" /></mjloggm>