<mjloggm ver="2.3"><GO type="41" lobby="0"/><UN n0="%E5%B0%B1%E6%B4%BB%E7%94%9F%40%E5%B7%9D%E6%9D%91%E8%BB%8D%E5%9B%A3" n1="%E3%82%AE%E3%82%BF%E3%83%AA%E3%82%B9%E3%83%88" n2="%E3%81%BA%E3%82%93%E3%81%8E%E3%82%93%EF%BC%93" n3="%6A%6F%68%6E%6E%79%37%37" dan="15,14,13,14" rate="2087.49,1940.43,1817.17,1896.51" sx="M,M,M,M"/><TAIKYOKU oya="0"/><INIT seed="0,0,0,3,3,27" ten="250,250,250,250" oya="0" hai0="105,71,120,90,9,39,15,82,91,76,31,81,116" hai1="111,7,133,134,25,42,56,51,23,65,24,34,130" hai2="101,53,99,4,95,103,102,0,14,62,83,17,22" hai3="80,54,41,128,92,26,64,98,40,52,11,3,117"/><T21/><D116/><U115/><E7/><V38/><F38/><W32/><G117/><T124/><D120/><U46/><E115/><V110/><F110/><W5/><G128/><T61/><D39/><U44/><E111/><V132/><F132/><W13/><G80/><T55/><D105/><U69/><E69/><V19/><F0/><W87/><G87/><T119/><D119/><U129/><E34/><V70/><F4/><W100/><G3/><T10/><D10/><U127/><E46/><V20/><F83/><W43/><REACH who="3" step="1"/><G64/><REACH who="3" ten="250,250,250,240" step="2"/><T123/><D82/><U6/><E65/><V12/><F70/><W89/><G89/><T104/><D91/><U96/><E129/><V68/><F68/><W85/><G85/><T16/><D90/><U122/><E130/><V88/><F102/><W37/><G37/><T93/><D71/><U97/><E122/><V118/><F118/><W63/><G63/><T112/><D61/><U108/><E108/><V79/><F79/><W33/><G33/><T84/><D123/><U49/><E51/><V45/><F62/><W126/><G126/><T59/><D124/><U66/><E127/><V125/><F125/><W131/><G131/><T36/><D36/><U77/><E66/><V86/><F86/><W28/><AGARI ba="0,1" hai="5,11,13,26,28,32,40,41,43,52,54,92,98,100" machi="28" ten="30,7900,0" yaku="1,1,0,1,52,1,54,1,53,0" doraHai="27" doraHaiUra="109" who="3" fromWho="3" sc="250,-39,250,-20,250,-20,240,89" /><INIT seed="1,0,0,3,4,94" ten="211,230,230,329" oya="1" hai0="108,92,67,50,51,40,114,58,131,12,93,124,26" hai1="33,83,4,42,135,112,117,54,38,91,52,11,19" hai2="5,85,132,80,34,86,20,45,76,71,13,96,65" hai3="110,98,36,21,66,59,103,95,15,104,18,68,17"/><U115/><E117/><V62/><F34/><W7/><G110/><T102/><D114/><U111/><E33/><V43/><F132/><W125/><G125/><T113/><D113/><U74/><E115/><V0/><F0/><W79/><G36/><T60/><D108/><U55/><E112/><V32/><F32/><W3/><G3/><T133/><D124/><U1/><E111/><V105/><F105/><W126/><G126/><T73/><D73/><U24/><E135/><V101/><F85/><W72/><G68/><T30/><D131/><U61/><E24/><V25/><F13/><W123/><G123/><T39/><D133/><U6/><E19/><V134/><F5/><W107/><G7/><T87/><D39/><U35/><E35/><V82/><F82/><W37/><G37/><T77/><D12/><U100/><E4/><V44/><F134/><W97/><G79/><T28/><D40/><U9/><E11/><V10/><F10/><W48/><G72/><T53/><D50/><U2/><E2/><V78/><F78/><W23/><G66/><T122/><D122/><U49/><E100/><V127/><F127/><W22/><G107/><T84/><D77/><N who="1" m="44471" /><E91/><V89/><F76/><W109/><G109/><T70/><D30/><U99/><E61/><V31/><REACH who="2" step="1"/><F43/><REACH who="2" ten="211,230,220,329" step="2"/><W46/><G15/><T27/><D27/><U16/><E49/><V120/><F120/><W56/><G17/><T8/><D8/><U75/><E16/><V106/><AGARI ba="0,1" hai="20,25,31,44,45,62,65,71,80,86,89,96,101,106" machi="106" ten="20,5200,0" yaku="1,1,0,1,7,1,52,1,53,0" doraHai="94" doraHaiUra="47" who="2" fromWho="2" sc="211,-13,230,-26,220,62,329,-13" /><INIT seed="2,0,0,2,5,41" ten="198,204,282,316" oya="2" hai0="6,52,114,133,113,90,35,33,39,37,58,95,115" hai1="79,16,125,132,122,61,101,29,81,105,71,128,32" hai2="65,119,18,44,77,124,27,40,96,9,134,99,7" hai3="130,84,62,17,117,57,85,1,10,83,56,112,126"/><V91/><F119/><W75/><G117/><T38/><D133/><U46/><E122/><V42/><F134/><W69/><G130/><T26/><D6/><U97/><E132/><V0/><F124/><W110/><G126/><T118/><D118/><U111/><E125/><V14/><F65/><W131/><G110/><T100/><D100/><U49/><E111/><V5/><F7/><W66/><G131/><T30/><D35/><U107/><E128/><V45/><F77/><W21/><G112/><T73/><D73/><U74/><E16/><V25/><F25/><W50/><G1/><T34/><D34/><U47/><E107/><V72/><F27/><W19/><G75/><T89/><REACH who="0" step="1"/><D95/><REACH who="0" ten="188,204,282,316" step="2"/><U12/><E32/><V54/><F72/><W36/><G10/><T51/><AGARI ba="0,1" hai="26,30,33,37,38,39,51,52,58,89,90,113,114,115" machi="51" ten="40,8000,1" yaku="1,1,2,1,0,1,54,1,53,0" doraHai="41" doraHaiUra="127" who="0" fromWho="0" sc="188,90,204,-20,282,-40,316,-20" /><INIT seed="3,0,0,1,1,40" ten="278,184,242,296" oya="3" hai0="50,101,80,32,84,0,103,51,60,22,110,131,45" hai1="127,25,71,119,89,49,102,24,116,83,53,54,69" hai2="12,118,91,94,20,52,44,29,68,8,21,128,55" hai3="10,9,36,30,134,108,85,19,11,129,14,67,31"/><W62/><G134/><T2/><D32/><U57/><E102/><V5/><F118/><W81/><G129/><T74/><D74/><U66/><E127/><V100/><F68/><W111/><G36/><T38/><D38/><U41/><E83/><V97/><F128/><W105/><G105/><T39/><D39/><U96/><E89/><V16/><F29/><W27/><G31/><T46/><D110/><N who="3" m="42025" /><G85/><T124/><D124/><U95/><E41/><V98/><F20/><N who="3" m="15719" /><G81/><T7/><D60/><N who="1" m="35887" /><E96/><V28/><F28/><W23/><G62/><T93/><D93/><U6/><E95/><V92/><REACH who="2" step="1"/><F44/><REACH who="2" ten="278,184,232,296" step="2"/><W113/><G67/><T82/><D131/><U35/><E66/><V75/><F75/><W122/><G122/><T88/><D22/><U107/><E35/><V70/><F70/><W115/><AGARI ba="0,1" hai="9,10,11,14,19,23,113,115" m="15719,42025" machi="115" ten="40,12000,1" yaku="14,1,10,1,34,2" doraHai="40" who="3" fromWho="3" sc="278,-40,184,-40,232,-40,296,130" /><INIT seed="3,1,0,0,4,94" ten="238,144,192,426" oya="3" hai0="34,96,83,85,75,108,41,49,30,17,77,50,46" hai1="1,67,22,7,44,31,105,10,130,132,53,101,56" hai2="69,63,8,84,40,99,9,122,117,70,89,32,2" hai3="82,88,35,27,65,54,110,81,97,121,61,134,91"/><W124/><G121/><T26/><D108/><U20/><E132/><V71/><F117/><W55/><G134/><T45/><D17/><U113/><E113/><V78/><F32/><W102/><G124/><T90/><D96/><U106/><E130/><V111/><F111/><W100/><G110/><T93/><REACH who="0" step="1"/><D46/><REACH who="0" ten="228,144,192,426" step="2"/><U42/><E44/><V64/><F122/><W39/><G102/><T43/><D43/><U19/><E42/><V68/><F40/><W123/><G123/><T23/><D23/><U92/><E22/><V87/><F71/><W126/><G126/><T128/><D128/><U24/><E31/><V52/><F70/><W125/><G125/><T107/><D107/><U73/><E106/><V62/><F69/><W28/><G81/><T133/><D133/><U80/><E105/><V25/><F68/><N who="3" m="42031" /><G39/><AGARI ba="1,1" hai="26,30,34,39,41,45,49,50,75,77,83,85,90,93" machi="39" ten="30,2000,0" yaku="1,1,7,1,53,0" doraHai="94" doraHaiUra="59" who="0" fromWho="3" sc="228,33,144,0,192,0,426,-23" /><INIT seed="4,0,0,4,2,0" ten="261,144,192,403" oya="0" hai0="110,109,96,72,1,63,61,89,56,94,79,124,7" hai1="100,126,39,10,78,8,4,27,57,34,3,101,28" hai2="99,73,130,32,127,91,106,83,47,5,65,31,66" hai3="98,35,135,55,117,43,17,68,119,52,102,90,112"/><T37/><D37/><U88/><E39/><V84/><F130/><W46/><G135/><T16/><D124/><U59/><E78/><V93/><F127/><W122/><G68/><T11/><D79/><U111/><E126/><V132/><F132/><W2/><G112/><T108/><D72/><U121/><E111/><V118/><F118/><W74/><G35/><T62/><REACH who="0" step="1"/><D16/><REACH who="0" ten="251,144,192,403" step="2"/><U40/><E121/><V71/><F73/><W86/><G122/><T120/><D120/><U6/><E40/><V49/><F106/><W116/><G74/><T14/><D14/><U51/><E3/><V131/><F131/><W15/><G119/><T107/><D107/><U22/><E34/><V38/><F32/><W125/><G2/><T21/><D21/><U77/><E77/><V9/><F31/><W42/><G125/><T123/><D123/><U23/><E28/><V50/><F38/><W76/><G117/><T95/><D95/><U48/><E27/><V53/><F71/><W129/><G76/><T13/><D13/><U134/><E134/><V80/><F80/><W44/><G129/><T20/><D20/><U58/><E59/><AGARI ba="0,1" hai="1,7,11,56,59,61,62,63,89,94,96,108,109,110" machi="59" ten="50,9600,0" yaku="1,1,10,1,52,1,53,0" doraHai="0" doraHaiUra="30" who="0" fromWho="1" sc="251,106,144,-96,192,0,403,0" /><INIT seed="4,1,0,0,0,54" ten="357,48,192,403" oya="0" hai0="34,85,118,73,69,18,84,61,65,57,37,46,72" hai1="108,20,17,93,112,67,52,41,19,120,130,128,123" hai2="77,56,59,122,75,5,117,64,0,81,53,48,6" hai3="4,125,25,50,30,49,86,24,111,95,32,80,11"/><T110/><D118/><U90/><E67/><V28/><F122/><W70/><G111/><T38/><D110/><U44/><E108/><V8/><F117/><W99/><G70/><T63/><D34/><U124/><E124/><V58/><F64/><W83/><G25/><T22/><D84/><U78/><E78/><V89/><F28/><W116/><G125/><T66/><D85/><U113/><E41/><V121/><F121/><N who="1" m="46665" /><E90/><V88/><REACH who="2" step="1"/><F6/><REACH who="2" ten="357,48,182,403" step="2"/><W114/><G116/><T42/><REACH who="0" step="1"/><D37/><REACH who="0" ten="347,48,182,403" step="2"/><U101/><E130/><V3/><F3/><W100/><G32/><T15/><AGARI ba="1,2" hai="15,18,22,38,42,46,57,61,63,65,66,69,72,73" machi="15" ten="20,18000,2" yaku="1,1,2,1,0,1,7,1,52,1,53,1" doraHai="54" doraHaiUra="40" who="0" fromWho="0" sc="347,203,48,-61,182,-61,403,-61" owari="550,65.0,-13,-51.0,121,-28.0,342,14.0" /></mjloggm>