<mjloggm ver="2.3"><GO type="41" lobby="0"/><UN n0="%E5%B0%B1%E6%B4%BB%E7%94%9F%40%E5%B7%9D%E6%9D%91%E8%BB%8D%E5%9B%A3" n1="%E5%8A%A0%E6%B2%BB%E6%9C%A8%E3%82%86%E3%81%BF%E3%81%A1%E3%82%83%E3%82%93" n2="%52%65%78%65%6E%61" n3="%73%61%6B%75%31%39%38%38" dan="16,14,13,13" rate="2081.67,1916.48,1878.92,1858.99" sx="M,F,M,M"/><TAIKYOKU oya="0"/><INIT seed="0,0,0,0,2,23" ten="250,250,250,250" oya="0" hai0="33,82,30,78,22,124,11,65,72,2,47,87,126" hai1="71,97,118,42,125,1,24,25,83,61,12,38,85" hai2="54,58,36,80,130,111,77,53,19,35,115,70,39" hai3="101,15,8,102,17,32,56,122,13,128,75,55,131"/><T60/><D22/><U43/><E1/><V134/><F111/><W94/><G75/><T16/><D87/><U6/><E118/><V93/><F115/><W62/><G122/><T29/><D47/><U84/><E125/><V44/><F130/><N who="3" m="49707" /><G32/><T68/><D16/><U46/><E43/><V69/><F134/><W34/><G34/><T3/><D30/><U132/><E132/><V92/><F35/><W76/><G76/><T106/><D106/><U112/><E112/><V81/><F58/><W113/><G94/><T89/><D89/><U45/><E97/><V120/><F44/><W119/><G119/><T100/><D100/><N who="3" m="38505" /><G15/><T7/><REACH who="0" step="1"/><D3/><REACH who="0" ten="240,250,250,250" step="2"/><U67/><E45/><V18/><REACH who="2" step="1"/><F77/><REACH who="2" ten="240,250,240,250" step="2"/><W107/><G113/><T52/><D52/><U123/><E123/><AGARI ba="0,2" hai="18,19,36,39,53,54,69,70,80,81,92,93,120,123" machi="123" ten="25,12000,2" yaku="1,1,2,1,22,2,53,2" doraHai="23" doraHaiUra="49" who="2" fromWho="1" sc="240,0,250,-120,240,140,250,0" /><INIT seed="1,0,0,5,1,80" ten="240,130,380,250" oya="1" hai0="120,105,20,14,91,48,22,86,71,27,31,5,15" hai1="109,28,125,45,111,52,99,16,59,114,70,101,36" hai2="97,124,37,74,19,118,107,116,130,78,133,82,4" hai3="88,40,121,42,77,64,2,110,56,10,50,12,3"/><U26/><E114/><V84/><F133/><W108/><G121/><T53/><D120/><U9/><E70/><V25/><F37/><W0/><G77/><T11/><D105/><U85/><E125/><V94/><F4/><W106/><G106/><T38/><D38/><U8/><E85/><V18/><F25/><W34/><G34/><T17/><D71/><U73/><E73/><V103/><F130/><W104/><G104/><T134/><D134/><U41/><E16/><N who="2" m="6187" /><F124/><W6/><G64/><T49/><REACH who="0" step="1"/><D53/><REACH who="0" ten="230,130,380,250" step="2"/><U115/><E115/><V46/><F46/><W23/><G23/><T60/><D60/><N who="1" m="35943" /><E101/><V61/><F118/><W117/><G117/><T39/><D39/><U1/><E1/><V87/><F116/><W123/><G123/><T127/><D127/><U92/><E92/><AGARI ba="0,1" hai="5,11,14,15,17,20,22,27,31,48,49,86,91,92" machi="92" ten="30,7700,0" yaku="1,1,7,1,8,1,52,1,53,0" doraHai="80" doraHaiUra="75" who="0" fromWho="1" sc="230,87,130,-77,380,0,250,0" /><INIT seed="2,0,0,1,4,118" ten="317,53,380,250" oya="2" hai0="85,121,35,94,91,113,81,31,97,103,59,124,65" hai1="43,130,24,98,42,101,102,14,70,134,100,12,111" hai2="126,16,132,135,27,72,112,99,76,52,79,54,11" hai3="78,127,38,19,67,110,4,95,25,1,34,89,17"/><V129/><F112/><W63/><G38/><T131/><D35/><U10/><E70/><V20/><F126/><W44/><G127/><T57/><D31/><U128/><E111/><V117/><F117/><W119/><G119/><T116/><D124/><U115/><E115/><V33/><F129/><W18/><G110/><T62/><D116/><U66/><E66/><V87/><F99/><W109/><G109/><T51/><D113/><U56/><E56/><V105/><F105/><W84/><G44/><T9/><D131/><N who="1" m="50219" /><E98/><V108/><F108/><W58/><G78/><N who="2" m="29737" /><F87/><W122/><G122/><T93/><D121/><U32/><E134/><N who="2" m="51243" /><F72/><W37/><G37/><T3/><D3/><U92/><E92/><V64/><F64/><W26/><G34/><T69/><D9/><U88/><E32/><V71/><F71/><W106/><G106/><T77/><REACH who="0" step="1"/><D51/><REACH who="0" ten="307,53,380,250" step="2"/><U82/><E10/><V36/><F36/><W0/><REACH who="3" step="1"/><G4/><REACH who="3" ten="307,53,380,240" step="2"/><T90/><D90/><U133/><E88/><V96/><F33/><W6/><G6/><T21/><D21/><U74/><E133/><V120/><F120/><W2/><AGARI ba="0,2" hai="0,1,2,17,18,19,25,26,58,63,67,84,89,95" machi="2" ten="40,2700,0" yaku="1,1,0,1,53,0" doraHai="118" doraHaiUra="75" who="3" fromWho="3" sc="307,-7,53,-7,380,-13,240,47" /><INIT seed="3,0,0,0,4,7" ten="300,46,367,287" oya="3" hai0="84,17,95,44,39,3,74,89,34,13,8,83,77" hai1="40,128,105,131,106,70,116,80,99,133,53,20,63" hai2="101,33,21,43,12,132,87,115,0,46,81,14,67" hai3="118,130,91,1,92,60,75,127,129,123,55,35,27"/><W29/><G123/><T98/><D34/><U19/><E40/><V9/><F115/><W37/><G118/><T66/><D66/><U45/><E116/><V100/><F132/><W76/><G127/><T52/><D3/><U93/><E133/><V10/><F33/><W36/><G1/><T11/><D39/><U57/><E70/><V22/><F67/><W48/><G60/><T30/><D30/><U65/><E45/><V88/><F0/><W61/><G61/><T54/><D44/><U110/><E80/><V108/><F108/><W113/><G113/><T117/><D117/><U111/><E65/><V71/><F71/><W41/><G76/><T24/><D24/><U120/><E120/><V121/><F121/><W124/><G75/><T42/><D42/><U38/><E38/><V103/><F46/><W90/><G124/><T135/><D135/><U56/><E56/><V97/><F97/><W23/><G23/><N who="2" m="8713" /><F43/><W112/><G112/><T59/><D11/><AGARI ba="0,0" hai="9,10,11,12,14,81,87,88,100,101,103" m="8713" machi="11" ten="30,8000,1" yaku="8,1,52,3,54,1" doraHai="7" who="2" fromWho="0" sc="300,-80,46,0,367,80,287,0" /><INIT seed="4,0,0,0,3,76" ten="220,46,447,287" oya="0" hai0="41,20,123,9,21,64,118,55,56,114,97,103,10" hai1="40,81,90,50,17,1,28,65,44,128,27,29,134" hai2="60,48,51,13,93,14,105,78,91,46,39,26,82" hai3="34,4,111,6,120,68,119,22,16,102,31,0,58"/><T2/><D118/><U42/><E1/><V38/><F105/><W89/><G68/><T126/><D114/><U59/><E134/><V117/><F117/><W32/><G102/><T30/><D123/><U66/><E128/><V122/><F122/><W53/><G89/><T121/><D121/><U129/><E129/><V101/><F51/><W99/><G99/><T80/><D126/><U5/><E5/><N who="3" m="2154" /><G53/><T112/><D112/><U116/><E116/><V131/><F101/><W3/><G58/><T106/><D2/><N who="3" m="553" /><G120/><T35/><D35/><N who="3" m="13353" /><G119/><T100/><D100/><U124/><E124/><V87/><F131/><W61/><G61/><T125/><D41/><U115/><E115/><V133/><F39/><W85/><G85/><T107/><D107/><U25/><E17/><V77/><F38/><W33/><G111/><T96/><D30/><N who="1" m="11883" /><E42/><V74/><F60/><W94/><G94/><T132/><D64/><N who="1" m="24683" /><E59/><V92/><F78/><W52/><G52/><T8/><D125/><U75/><E75/><V108/><F92/><W7/><N who="3" m="2162" /><W109/><DORA hai="49" /><G109/><T63/><D132/><U62/><E62/><V79/><F74/><W113/><G113/><T67/><D97/><U57/><E57/><V69/><F108/><W18/><N who="3" m="13361" /><W72/><DORA hai="11" /><G72/><T86/><REACH who="0" step="1"/><D67/><REACH who="0" ten="210,46,447,287" step="2"/><U54/><E40/><V15/><F133/><W24/><AGARI ba="0,1" hai="16,18,22,24,31" m="13361,553,2162" machi="24" ten="60,12000,2" yaku="35,5,54,1" doraHai="76,49,11" who="3" fromWho="3" sc="210,-60,46,-30,447,-30,287,130" /><INIT seed="5,0,0,4,5,93" ten="150,16,417,417" oya="1" hai0="37,58,107,35,90,53,75,61,98,36,44,109,3" hai1="45,32,29,110,60,120,9,134,104,72,41,121,22" hai2="18,15,112,40,26,43,91,73,131,116,68,13,82" hai3="106,42,102,103,12,47,125,56,99,48,7,127,83"/><U11/><E72/><V6/><F68/><W92/><G83/><T77/><D35/><U54/><E32/><V51/><F116/><W95/><G106/><T126/><D3/><U59/><E104/><V87/><F131/><W78/><G78/><T97/><D109/><U79/><E110/><V33/><F73/><W8/><G56/><T111/><D111/><U65/><E79/><V86/><F33/><W63/><G63/><T67/><D126/><N who="3" m="48137" /><G95/><T81/><D44/><U76/><E76/><V23/><F112/><W4/><G4/><T16/><D67/><U96/><E134/><V115/><F115/><W85/><G85/><T38/><D107/><U113/><E113/><V105/><F105/><W62/><G62/><T64/><D90/><AGARI ba="0,0" hai="7,8,12,42,47,48,90,92,99,102,103" m="48137" machi="90" ten="30,2000,0" yaku="18,1,52,1" doraHai="93" who="3" fromWho="0" sc="150,-20,16,0,417,0,417,20" /><INIT seed="6,0,0,3,1,54" ten="130,16,417,437" oya="2" hai0="101,49,111,105,99,12,45,89,135,80,55,68,4" hai1="16,31,132,73,57,108,131,92,14,66,85,83,93" hai2="130,100,88,64,15,113,2,124,34,123,62,46,20" hai3="50,102,1,69,30,56,110,94,28,8,97,65,106"/><V33/><F113/><W7/><G110/><T23/><D68/><U107/><E108/><V86/><F123/><W72/><G72/><T59/><D111/><U43/><E107/><V44/><F130/><W115/><G115/><T78/><D135/><U40/><E73/><V13/><F2/><W39/><G39/><T9/><D89/><U18/><E131/><V10/><F100/><W67/><G69/><T128/><D128/><U19/><E132/><V48/><F124/><W27/><G30/><T76/><D23/><U95/><E31/><V11/><F46/><W42/><G106/><T36/><D36/><U21/><E66/><V17/><F20/><N who="3" m="15463" /><G65/><T35/><D35/><U109/><E109/><V22/><F22/><W81/><G81/><T120/><D120/><U104/><E104/><V77/><F77/><W74/><G74/><T61/><REACH who="0" step="1"/><D80/><REACH who="0" ten="120,16,417,437" step="2"/><U122/><E122/><V71/><F34/><W41/><G50/><T29/><D29/><U116/><E116/><V5/><F33/><W126/><G126/><T32/><D32/><U84/><E21/><V53/><F71/><W118/><G118/><T87/><D87/><N who="1" m="33355" /><E83/><V0/><F0/><W26/><G26/><T112/><D112/><U98/><E14/><V51/><F51/><W114/><G114/><T121/><D121/><U82/><E82/><N who="2" m="49239" /><F62/><AGARI ba="0,1" hai="1,7,8,41,42,56,62,67,94,97,102" m="15463" machi="62" ten="30,2000,0" yaku="25,1,52,1" doraHai="54" who="3" fromWho="2" sc="120,0,16,0,417,-20,437,30" /><INIT seed="7,0,0,1,4,36" ten="120,16,397,467" oya="3" hai0="76,107,132,75,91,94,1,95,118,10,34,26,92" hai1="124,61,47,99,43,85,57,80,7,54,111,72,14" hai2="122,49,51,65,24,16,27,45,52,130,98,33,121" hai3="2,28,77,13,97,93,23,63,90,0,60,46,113"/><W79/><G113/><T8/><D107/><U32/><E111/><V74/><F74/><W100/><G46/><T116/><D34/><U120/><E72/><V67/><F98/><W129/><G129/><T128/><D26/><U25/><E120/><N who="2" m="46187" /><F33/><W104/><G2/><T5/><D8/><U56/><E124/><V50/><F27/><W70/><G0/><T22/><D22/><U84/><E32/><V134/><F24/><W3/><G3/><T86/><D10/><U4/><E25/><V64/><F16/><W133/><G133/><T53/><D5/><U19/><E99/><V37/><F130/><W44/><G44/><T88/><D1/><U127/><E127/><V119/><F119/><W20/><G70/><T108/><D53/><U59/><E85/><V71/><F134/><W62/><G28/><T135/><D108/><U106/><E106/><V31/><F31/><W29/><G29/><T103/><D128/><U55/><E4/><V11/><F11/><W117/><G117/><T112/><D112/><U105/><E105/><V102/><F102/><W15/><G20/><T81/><D103/><U38/><E7/><V48/><F37/><W96/><REACH who="3" step="1"/><G23/><REACH who="3" ten="120,16,397,457" step="2"/><T58/><D116/><U78/><REACH who="1" step="1"/><E54/><REACH who="1" ten="120,6,397,457" step="2"/><V73/><F73/><W125/><G125/><T42/><D118/><U17/><E17/><V83/><F83/><W82/><G82/><T39/><D132/><U35/><E35/><V12/><F12/><AGARI ba="0,2" hai="12,13,15,60,62,63,77,79,90,93,96,97,100,104" machi="12" ten="40,3900,0" yaku="1,1,53,1" doraHai="36" doraHaiUra="87" who="3" fromWho="2" sc="120,0,6,0,397,-39,457,59" owari="120,-28.0,6,-49.0,358,16.0,516,61.0" /></mjloggm>