<mjloggm ver="2.3"><GO type="169" lobby="0"/><UN n0="%E3%82%A6%E3%83%AB%E3%83%88%E3%83%A9%E7%AB%8B%E7%9B%B4" n1="%E3%81%8B%E3%81%AE%E3%82%93%E2%99%AA" n2="%4D%61%72%69%63%65" n3="%E3%83%A1%E3%82%A4%E3%82%A2%E3%82%AF%E3%83%88" dan="18,17,16,16" rate="2208.54,2104.19,2099.10,2051.78" sx="M,M,M,M"/><TAIKYOKU oya="0"/><INIT seed="0,0,0,1,0,4" ten="250,250,250,250" oya="0" hai0="123,72,26,105,47,103,17,1,131,27,33,63,16" hai1="34,64,78,109,60,93,89,74,69,118,49,0,102" hai2="95,62,53,5,91,88,30,128,36,76,3,21,2" hai3="113,13,132,37,25,111,29,135,86,129,134,19,92"/><T107/><D123/><U14/><E0/><V61/><F36/><W100/><G37/><T54/><D131/><U52/><E118/><V59/><F128/><W55/><G129/><T70/><D72/><U106/><E34/><V43/><F43/><W41/><G41/><T6/><D27/><U81/><E109/><V133/><F76/><W66/><G66/><T42/><D6/><U121/><E121/><V40/><F40/><W24/><G113/><T124/><D1/><U114/><E114/><V110/><F110/><W39/><G39/><T57/><D70/><U35/><E35/><V82/><F2/><W20/><G111/><T65/><D54/><U120/><E120/><V67/><F82/><W99/><G55/><T48/><D124/><U127/><E14/><V116/><F116/><W101/><G86/><T56/><D57/><U96/><E127/><V28/><F21/><W90/><REACH who="3" step="1"/><G25/><REACH who="3" ten="250,250,250,240" step="2"/><T31/><D107/><U112/><E112/><V23/><F67/><W126/><G126/><T130/><REACH who="0" step="1"/><D130/><REACH who="0" ten="240,250,250,240" step="2"/><U7/><E106/><V104/><F53/><W87/><G87/><T71/><D71/><U68/><E69/><V18/><F104/><W73/><G73/><T122/><D122/><U12/><E74/><V11/><F59/><W8/><AGARI ba="0,2" hai="8,13,19,20,24,29,90,92,99,100,101,132,134,135" machi="8" ten="30,7900,0" yaku="1,1,0,1,20,1,52,1,53,0" doraHai="4" doraHaiUra="45" who="3" fromWho="3" sc="240,-39,250,-20,250,-20,240,99" /><INIT seed="1,0,0,4,5,83" ten="201,230,230,339" oya="1" hai0="36,116,21,131,17,120,53,126,9,132,114,13,38" hai1="77,47,52,15,32,34,108,95,96,104,14,35,27" hai2="133,90,65,73,93,58,50,11,123,129,102,121,117" hai3="97,99,66,75,79,89,2,100,12,18,91,33,19"/><U119/><E104/><V103/><F117/><W88/><G2/><T106/><D116/><U10/><E119/><V110/><F73/><W69/><G33/><T63/><D114/><U49/><E77/><V28/><F28/><W25/><G79/><T135/><D106/><U113/><E113/><V4/><F123/><W92/><G75/><T54/><D120/><U80/><E80/><V124/><F121/><W81/><G69/><T0/><D126/><U26/><E108/><V62/><F110/><W39/><G39/><T20/><D131/><U41/><E41/><V112/><F112/><W107/><G66/><T125/><D125/><U64/><E64/><V43/><F129/><W115/><G115/><T86/><D38/><U7/><REACH who="1" step="1"/><E15/><REACH who="1" ten="201,220,230,339" step="2"/><N who="2" m="5607" /><F124/><W22/><G81/><T84/><D0/><U40/><E40/><V48/><F43/><W122/><G122/><T1/><D1/><U76/><E76/><V8/><F65/><W68/><G68/><T5/><D13/><U82/><E82/><V16/><F133/><W61/><G61/><T72/><D135/><U67/><E67/><V44/><F62/><W74/><G74/><T51/><D132/><U111/><E111/><V42/><F42/><W59/><G59/><T127/><D127/><U130/><E130/><V31/><F58/><W23/><AGARI ba="0,1" hai="12,18,19,22,23,25,88,89,91,92,97,99,100,107" machi="23" ten="20,2700,0" yaku="0,1,7,1,54,1" doraHai="83" who="3" fromWho="3" sc="201,-7,220,-13,230,-7,339,37" /><INIT seed="2,0,0,3,2,59" ten="194,207,223,376" oya="2" hai0="82,35,47,2,20,107,43,135,61,66,57,46,87" hai1="73,97,24,92,28,1,34,85,131,81,93,30,39" hai2="109,127,31,11,65,119,99,52,106,23,18,89,98" hai3="96,75,48,68,134,60,108,118,27,84,12,126,32"/><V8/><F119/><W76/><G75/><T130/><D35/><U7/><E39/><V54/><F31/><W91/><G118/><T42/><D107/><U15/><E30/><V78/><F78/><W69/><G108/><T53/><D2/><U94/><E131/><V45/><F109/><W129/><G134/><T33/><D33/><U40/><E40/><V112/><F112/><W83/><G126/><T55/><D135/><U124/><E124/><V4/><F127/><W116/><G116/><T56/><D20/><U113/><E113/><V41/><F106/><W17/><G27/><T36/><D130/><U19/><E73/><V90/><F65/><W100/><G76/><T95/><D95/><U79/><E1/><V71/><F71/><W10/><G32/><T44/><D87/><U49/><E49/><N who="2" m="26799" /><F4/><W132/><G132/><T120/><D82/><U14/><E7/><V21/><F23/><W63/><G129/><T125/><D120/><U29/><E29/><V115/><F115/><W6/><G6/><T117/><D117/><U128/><E128/><V50/><F54/><N who="0" m="20490" /><D125/><U105/><E105/><V74/><F74/><W26/><G69/><N who="0" m="42191" /><D46/><U80/><E80/><V5/><F5/><W104/><G68/><T133/><D133/><U122/><E122/><V3/><F3/><W102/><G102/><T121/><D121/><U37/><E15/><N who="2" m="9439" /><F98/><W13/><G26/><T110/><D110/><U88/><E97/><V70/><F99/><W114/><G13/><T111/><D111/><U64/><E79/><V16/><F90/><W22/><G91/><T25/><D25/><RYUUKYOKU ba="0,0" sc="194,30,207,-10,223,-10,376,-10" hai0="36,42,43,44,47,56,57" /><INIT seed="3,1,0,5,4,106" ten="224,197,213,366" oya="3" hai0="20,38,14,59,58,42,34,67,19,11,40,65,93" hai1="8,132,90,126,68,98,3,18,119,62,69,49,118" hai2="79,15,135,54,30,125,4,26,33,39,104,87,95" hai3="75,105,78,85,32,50,71,64,5,114,16,70,48"/><W109/><G105/><T96/><D34/><U28/><E132/><V37/><F104/><W88/><G32/><T17/><D38/><U89/><E126/><V102/><F125/><W13/><G114/><T91/><D58/><U112/><E112/><V116/><F116/><W113/><G113/><T61/><REACH who="0" step="1"/><D65/><REACH who="0" ten="214,197,213,366" step="2"/><U76/><E118/><V86/><F39/><W36/><G36/><T31/><D31/><U57/><E28/><V92/><F37/><W107/><G64/><T0/><D0/><U10/><E119/><V121/><F33/><W55/><G71/><T45/><D45/><U47/><E3/><V2/><F2/><W73/><G70/><T43/><D43/><U9/><E69/><V123/><F30/><W1/><G1/><T134/><D134/><U52/><E68/><V77/><F135/><W94/><G50/><T128/><D128/><U111/><E18/><V24/><F54/><W66/><G66/><T56/><D56/><U103/><E111/><V60/><F60/><W46/><G109/><T133/><D133/><U101/><E62/><V115/><F115/><W127/><G127/><T82/><D82/><U74/><E57/><V7/><F15/><AGARI ba="1,1" hai="11,14,15,17,19,20,40,42,59,61,67,91,93,96" machi="15" ten="30,8000,1" yaku="1,1,7,1,8,1,53,2" doraHai="106" doraHaiUra="12" who="0" fromWho="2" sc="214,93,197,0,213,-83,366,0" /><INIT seed="4,0,0,3,2,82" ten="307,197,130,366" oya="0" hai0="53,10,52,72,50,121,54,1,20,122,93,18,107" hai1="92,34,117,125,11,46,68,3,95,115,69,37,79" hai2="105,43,44,78,47,70,33,12,111,108,133,88,16" hai3="102,71,35,41,91,94,28,113,27,38,123,124,67"/><T64/><D107/><U0/><E34/><V19/><F70/><W87/><G113/><T17/><D72/><U24/><E115/><V135/><F33/><W51/><G38/><T2/><D64/><U57/><E125/><V45/><F105/><W116/><G116/><T134/><D134/><N who="2" m="51210" /><F78/><W126/><G123/><T98/><D50/><U29/><E117/><V90/><F43/><W66/><G71/><T120/><D10/><U65/><E79/><V58/><F58/><W13/><G13/><T109/><D109/><N who="2" m="42058" /><F12/><W5/><G5/><T86/><D86/><U110/><E68/><V63/><F63/><W129/><G102/><T40/><D40/><U61/><E69/><V49/><F49/><W39/><G39/><T26/><REACH who="0" step="1"/><D18/><AGARI ba="0,0" hai="16,18,19,44,45,47,88,90" m="42058,51210" machi="18" ten="40,8000,1" yaku="28,2,20,1,54,2" doraHai="82" who="2" fromWho="0" sc="307,-80,197,0,130,80,366,0" /><INIT seed="5,0,0,4,4,9" ten="227,197,210,366" oya="1" hai0="88,63,53,81,41,15,40,104,57,5,79,82,47" hai1="32,59,52,98,80,99,44,38,39,29,122,100,121" hai2="105,4,113,54,6,78,64,117,86,116,8,89,27" hai3="103,92,127,28,131,129,26,61,24,34,75,0,2"/><U114/><E114/><V65/><F105/><W93/><G75/><T22/><D104/><U112/><E112/><V25/><F113/><W60/><G127/><T87/><D47/><U49/><E80/><V19/><F78/><W7/><G7/><T90/><D90/><U1/><E1/><V72/><F72/><W37/><G37/><T76/><D76/><U125/><E99/><V31/><F117/><W14/><G14/><T73/><D22/><U94/><E125/><V115/><F115/><W33/><G28/><T56/><REACH who="0" step="1"/><D57/><REACH who="0" ten="217,197,210,366" step="2"/><U46/><E44/><V135/><F89/><W11/><G103/><T20/><D20/><U12/><E32/><V77/><F77/><W58/><G11/><AGARI ba="0,1" hai="5,11,15,40,41,53,56,63,73,79,81,82,87,88" machi="11" ten="40,5200,0" yaku="1,1,52,1,54,1,53,0" doraHai="9" doraHaiUra="130" who="0" fromWho="3" sc="217,62,197,0,210,0,366,-52" /><INIT seed="6,0,0,2,5,54" ten="279,197,210,314" oya="2" hai0="7,82,62,42,106,35,14,32,103,5,101,75,122" hai1="131,64,37,4,127,91,6,68,48,96,46,15,41" hai2="67,13,128,47,73,45,121,49,89,107,111,81,129" hai3="26,30,19,55,8,2,33,105,65,52,71,114,56"/><V132/><F107/><W69/><G105/><T11/><D122/><U86/><E127/><V29/><F121/><W53/><G114/><T3/><D42/><U58/><E131/><V126/><F29/><W24/><G24/><T22/><D62/><U61/><E96/><V94/><F126/><W59/><G19/><T117/><D82/><U84/><E15/><V44/><F67/><W9/><G65/><T93/><D93/><U40/><E86/><V70/><F70/><W38/><G38/><T17/><D75/><U43/><E68/><V25/><F25/><W72/><G72/><T123/><D103/><U51/><E37/><V31/><F31/><W116/><G116/><T18/><D101/><U39/><E39/><V87/><F111/><W102/><G102/><T77/><D77/><U118/><E118/><V28/><F28/><W133/><G133/><T80/><D80/><N who="1" m="49543" /><E48/><V21/><F132/><W78/><G78/><T90/><D90/><U125/><E125/><V10/><F49/><W95/><G95/><T104/><D106/><U135/><E135/><V112/><F112/><W63/><G2/><N who="0" m="439" /><D104/><U110/><E110/><V97/><F73/><W92/><G92/><T76/><D76/><U23/><E23/><V27/><F94/><W85/><G71/><T12/><D123/><U109/><E109/><V16/><F97/><W130/><G69/><T134/><D117/><U20/><E20/><V88/><F89/><W98/><G98/><T74/><D74/><U1/><E1/><V115/><F115/><W108/><G108/><T60/><D134/><U57/><E57/><RYUUKYOKU ba="0,0" sc="279,-15,197,15,210,15,314,-15" hai1="4,6,40,41,43,46,51,58,61,64" hai2="10,13,16,21,27,44,45,47,81,87,88,128,129" /><INIT seed="6,1,0,2,0,0" ten="264,212,225,299" oya="2" hai0="73,38,75,128,120,27,47,28,17,90,69,67,59" hai1="52,77,16,118,104,48,133,89,50,14,83,45,51" hai2="62,72,116,70,84,100,119,64,8,87,6,66,7" hai3="30,33,26,4,15,19,39,78,79,114,18,110,32"/><V127/><F72/><W125/><G39/><T11/><D120/><U86/><E118/><V56/><F100/><W105/><G105/><T91/><D69/><U94/><E104/><V41/><F41/><W36/><G36/><T134/><D47/><U97/><REACH who="1" step="1"/><E133/><REACH who="1" ten="264,202,225,299" step="2"/><V109/><F119/><W63/><G110/><T34/><D134/><U95/><E95/><V12/><F116/><W88/><G114/><T9/><D128/><U98/><E98/><V29/><F109/><W113/><G113/><T115/><D115/><U42/><E42/><V58/><F127/><W54/><G125/><T111/><D111/><U37/><E37/><V99/><F99/><W101/><G101/><T71/><D38/><U130/><E130/><V92/><F92/><W1/><G33/><T22/><D34/><U55/><E55/><V65/><F66/><W68/><G54/><T122/><D67/><U102/><E102/><V10/><F29/><W13/><G32/><T49/><D28/><U96/><E96/><V106/><F106/><W135/><G30/><T5/><D122/><U126/><E126/><V93/><F93/><W103/><G103/><T112/><D112/><U76/><E76/><V131/><F131/><W121/><G79/><T35/><D35/><U40/><E40/><V31/><F31/><W20/><G78/><T43/><D43/><U74/><E74/><V123/><F123/><W57/><G121/><T44/><D75/><U2/><E2/><V21/><F70/><W81/><G68/><T53/><D71/><U25/><E25/><V46/><F87/><W108/><G135/><RYUUKYOKU ba="1,1" sc="264,-10,202,30,225,-10,299,-10" hai1="14,16,45,48,50,51,52,77,83,86,89,94,97" /><INIT seed="7,2,1,0,2,100" ten="254,232,215,289" oya="3" hai0="122,49,109,54,128,99,22,6,82,37,110,56,11" hai1="4,35,34,117,63,86,60,134,115,25,83,104,55" hai2="73,77,58,94,97,61,96,15,46,111,132,48,45" hai3="39,133,17,130,78,50,129,131,71,85,70,84,51"/><W53/><G39/><T88/><D37/><U87/><E104/><V108/><F97/><W121/><G121/><T81/><D122/><U28/><E117/><V27/><F132/><W52/><G133/><T41/><D41/><U7/><E134/><V57/><F111/><W29/><G29/><T80/><D128/><U3/><E115/><V74/><F108/><W21/><G78/><T44/><D22/><U106/><E106/><V32/><F32/><W69/><G17/><T12/><D56/><U10/><E7/><V113/><F113/><W2/><G2/><T65/><D65/><U95/><E35/><V40/><F27/><W5/><G5/><T36/><D36/><U19/><E55/><N who="3" m="21066" /><G21/><T26/><D26/><U42/><E42/><V101/><F46/><W64/><G64/><T114/><D114/><U30/><E30/><V118/><F118/><W72/><G72/><T68/><D68/><U0/><E0/><V103/><F74/><W18/><G18/><T92/><AGARI ba="2,1" hai="6,11,12,44,49,54,80,81,82,88,92,99,109,110" machi="92" ten="30,2000,0" yaku="0,1,54,1" doraHai="100" who="0" fromWho="0" sc="254,36,232,-7,215,-7,289,-12" /><INIT seed="8,0,0,2,4,26" ten="290,225,208,277" oya="0" hai0="54,14,108,8,2,19,87,70,47,9,43,24,0" hai1="38,99,129,17,117,32,30,133,91,53,74,79,22" hai2="115,25,131,65,72,83,31,20,75,112,63,10,52" hai3="103,98,58,118,21,132,42,81,36,93,85,35,60"/><T23/><D70/><U134/><E38/><V61/><F65/><W16/><G35/><T116/><D116/><U114/><E117/><V27/><F131/><W110/><G118/><T48/><D108/><U13/><E129/><V123/><F123/><W69/><G69/><T84/><D0/><U56/><E74/><V109/><F109/><W37/><G42/><T46/><D2/><U121/><E79/><V130/><F130/><W111/><G111/><T29/><D9/><U1/><E1/><V12/><F75/><W64/><G132/><N who="1" m="50794" /><E121/><V5/><F27/><W11/><G11/><T40/><D40/><U100/><E91/><V67/><F67/><W49/><G49/><AGARI ba="0,0" hai="8,14,19,23,24,29,43,46,47,48,49,54,84,87" machi="49" ten="30,5800,0" yaku="7,1,8,1,52,1" doraHai="26" who="0" fromWho="3" sc="290,58,225,0,208,0,277,-58" owari="348,44.0,225,3.0,208,-29.0,219,-18.0" /></mjloggm>