<mjloggm ver="2.3"><GO type="97" lobby="0"/><UN n0="%E3%81%91%E3%82%93%E3%81%A1%E3%82%83%E3%82%80" n1="%E5%B0%B1%E6%B4%BB%E7%94%9F%40%E5%B7%9D%E6%9D%91%E8%BB%8D%E5%9B%A3" n2="%E3%83%88%E3%83%A0%E3%83%BC" n3="%E3%83%A4%E3%82%A4%E3%82%B2%E3%83%8A" dan="15,15,14,13" rate="1899.98,1934.71,1956.93,1849.26" sx="M,M,F,M"/><TAIKYOKU oya="0"/><INIT seed="0,0,0,3,2,24" ten="250,250,250,250" oya="0" hai0="40,111,59,85,70,121,96,129,130,7,75,67,81" hai1="135,16,82,80,35,99,42,39,26,11,3,48,22" hai2="79,131,19,128,33,61,55,23,37,8,94,20,95" hai3="122,49,54,65,74,12,125,41,127,76,43,31,106"/><T10/><D121/><U110/><E39/><V36/><F33/><W104/><G122/><T84/><D70/><U115/><E115/><V119/><F119/><W38/><G65/><T102/><D40/><N who="3" m="15433" /><G38/><T21/><D21/><U50/><E135/><V86/><F8/><W88/><G12/><N who="0" m="5215" /><D75/><U29/><E110/><V90/><F79/><W58/><G88/><N who="0" m="51215" /><D85/><U107/><E107/><V114/><F114/><W32/><G76/><T105/><D59/><U15/><E99/><V134/><F134/><W71/><G71/><T103/><D67/><U68/><E68/><V34/><F34/><W120/><G120/><T117/><D103/><U13/><E42/><V5/><F5/><W98/><G98/><T30/><D30/><U25/><E80/><V100/><F100/><W51/><G74/><T133/><D133/><U2/><E82/><V87/><F36/><W53/><G31/><T101/><D101/><U18/><E50/><V97/><F37/><W77/><G32/><T83/><D83/><U60/><E48/><V123/><F123/><W91/><G77/><T112/><D112/><U27/><E60/><V92/><F92/><W47/><G91/><T44/><D117/><U63/><E63/><V113/><F113/><W45/><G47/><T62/><D62/><U93/><E93/><V73/><F73/><W6/><G104/><T17/><D44/><U28/><E27/><V126/><F126/><N who="3" m="48139" /><G106/><T1/><D105/><U56/><E56/><V109/><F109/><W64/><G64/><T108/><D111/><U52/><E52/><V0/><F55/><W66/><G66/><RYUUKYOKU ba="0,0" sc="250,-15,250,15,250,-15,250,15" hai1="2,3,11,13,15,16,18,22,25,26,28,29,35" hai3="6,45,49,51,53,54,58" /><INIT seed="1,1,0,1,1,1" ten="235,265,235,265" oya="1" hai0="20,27,125,40,128,73,127,59,66,13,89,107,48" hai1="86,18,120,116,99,103,7,134,75,91,124,88,97" hai2="105,54,62,71,85,28,51,92,10,110,26,30,130" hai3="42,47,17,32,5,126,68,131,108,43,31,90,70"/><U118/><E75/><V0/><F105/><W8/><G108/><T36/><D107/><U16/><E120/><V63/><F110/><W38/><G131/><T11/><D73/><U6/><E124/><N who="0" m="47689" /><D36/><U84/><REACH who="1" step="1"/><E103/><REACH who="1" ten="235,255,235,265" step="2"/><V96/><F130/><W83/><G126/><T122/><D122/><U21/><E21/><V52/><F71/><W135/><G68/><T80/><D20/><U121/><E121/><V2/><F2/><W79/><G70/><T106/><D128/><U98/><E98/><V35/><F0/><W12/><G32/><T34/><D34/><U49/><E49/><V133/><F133/><AGARI ba="1,1" hai="6,7,16,18,84,86,88,91,97,99,116,118,133,134" machi="133" ten="25,18000,2" yaku="1,1,22,2,52,2,54,2,53,0" doraHai="1" doraHaiUra="58" who="1" fromWho="2" sc="235,0,255,193,235,-183,265,0" /><INIT seed="1,2,0,4,2,117" ten="235,448,52,265" oya="1" hai0="103,81,82,107,63,90,93,134,11,47,129,30,127" hai1="77,66,111,51,123,19,44,124,40,96,122,113,39" hai2="70,87,83,49,69,64,13,45,31,94,20,114,128" hai3="18,62,36,25,6,22,54,86,112,26,29,71,67"/><U59/><E113/><V92/><F114/><W116/><G112/><T9/><D30/><U89/><E124/><V42/><F128/><W100/><G36/><T2/><D2/><U108/><E77/><V52/><F70/><W76/><G116/><T34/><D34/><U37/><E19/><V118/><F118/><W75/><G100/><T57/><D127/><U74/><E74/><V7/><F31/><W14/><G54/><T115/><D115/><U12/><E12/><V132/><F132/><W125/><G125/><T68/><D68/><U60/><E89/><V33/><F33/><W80/><G6/><T38/><D129/><U28/><E28/><V135/><F135/><W88/><REACH who="3" step="1"/><G29/><REACH who="3" ten="235,448,52,255" step="2"/><T16/><D134/><U105/><E105/><V10/><F7/><W0/><G0/><T46/><D103/><U15/><E39/><V102/><F102/><W110/><G110/><N who="1" m="42026" /><E37/><V91/><F64/><W133/><G133/><T24/><D38/><U101/><E101/><V50/><F69/><W27/><G27/><T21/><D24/><U120/><E15/><V41/><F41/><W106/><G106/><T1/><D107/><U73/><E73/><V84/><F13/><W23/><G23/><T65/><D21/><U58/><E96/><V79/><F20/><W3/><G3/><T85/><D1/><U8/><E8/><N who="0" m="3145" /><D16/><U109/><E109/><V5/><F10/><W35/><G35/><T56/><D82/><AGARI ba="2,1" hai="14,18,22,25,26,62,67,71,75,76,80,82,86,88" machi="82" ten="30,3900,0" yaku="1,1,7,1,54,1,53,0" doraHai="117" doraHaiUra="4" who="3" fromWho="0" sc="235,-45,448,0,52,0,255,55" /><INIT seed="2,0,0,4,1,48" ten="190,448,52,310" oya="2" hai0="11,79,33,123,73,101,133,50,43,127,36,68,57" hai1="112,54,83,65,20,56,80,99,8,3,58,75,125" hai2="105,53,10,6,91,78,131,45,55,60,30,21,69" hai3="115,126,18,46,128,104,24,119,87,77,121,32,132"/><V2/><F105/><W64/><G87/><T66/><D33/><U41/><E112/><V129/><F78/><W7/><G64/><T103/><D123/><U22/><E125/><V122/><F122/><W88/><G88/><T93/><D127/><U74/><E41/><V124/><F124/><W59/><G59/><T135/><D68/><U89/><E3/><V113/><F113/><W31/><G46/><T49/><D66/><U42/><E42/><V25/><F91/><W117/><G77/><T39/><D57/><U61/><E74/><V116/><F116/><W26/><G104/><T12/><D79/><U96/><E8/><V71/><F45/><W102/><G102/><T98/><D103/><U134/><E75/><V0/><F0/><W23/><G121/><T130/><D73/><U95/><E99/><V92/><F92/><W62/><G62/><T52/><D130/><N who="2" m="49674" /><F60/><W37/><G115/><T100/><D93/><U34/><E34/><V27/><F27/><W38/><G128/><T86/><D101/><U15/><E134/><V35/><F35/><W81/><G132/><T107/><D100/><U108/><E108/><V110/><F110/><W109/><G109/><T76/><D76/><U106/><E106/><V67/><F67/><W82/><G126/><T4/><D107/><U114/><E114/><V29/><F29/><W63/><G31/><T9/><D135/><U111/><E111/><V5/><F5/><W85/><G7/><T94/><D4/><U1/><E1/><V13/><F2/><W19/><G119/><T44/><D133/><U40/><E83/><RYUUKYOKU ba="0,0" sc="190,-10,448,-10,52,30,310,-10" hai2="6,10,13,21,25,30,53,55,69,71" /><INIT seed="2,1,0,1,5,121" ten="180,438,82,300" oya="2" hai0="56,86,128,93,114,24,17,92,54,70,66,60,105" hai1="89,96,69,131,8,43,38,55,23,99,48,40,21" hai2="95,58,19,53,35,46,77,133,112,129,10,103,4" hai3="30,20,90,125,36,116,108,39,57,37,62,107,33"/><V11/><F112/><W67/><G116/><T47/><D114/><U117/><E69/><V0/><F35/><W18/><G107/><T72/><D72/><U134/><E117/><V63/><F133/><W14/><G125/><T6/><D105/><U45/><E131/><V109/><F129/><W84/><G108/><T1/><D128/><U101/><E134/><V68/><F68/><W119/><G119/><T81/><D70/><U32/><E32/><V52/><F77/><W113/><G113/><T94/><D1/><U98/><E101/><V85/><F109/><W88/><G33/><T104/><D104/><U76/><E76/><V74/><F74/><W135/><G135/><T111/><D111/><U65/><E65/><V127/><F127/><W61/><G30/><T44/><D6/><U123/><E123/><V64/><F46/><W51/><G51/><T82/><D66/><U100/><E100/><V118/><F118/><W28/><G28/><T49/><D49/><U41/><E38/><V120/><F120/><W78/><G62/><T5/><D5/><U27/><E8/><V59/><F59/><W102/><G102/><T130/><D130/><U25/><E89/><V9/><F9/><W26/><G90/><N who="0" m="51535" /><D82/><U2/><E2/><V110/><F110/><W50/><G78/><T124/><D124/><U83/><E83/><V132/><F132/><W3/><G3/><T71/><D71/><U115/><E115/><V31/><F31/><W126/><G126/><T106/><D106/><U97/><N who="1" m="25088" /><DORA hai="16" /><U13/><E13/><N who="2" m="7607" /><F103/><W15/><G37/><T79/><D79/><RYUUKYOKU ba="1,0" sc="180,10,438,10,82,10,300,-30" hai0="17,24,44,47,54,56,60,92,93,94" hai1="21,23,25,27,40,41,43,45,48,55" hai2="0,4,11,52,53,58,63,64,85,95" /><INIT seed="2,2,0,3,2,60" ten="190,448,92,270" oya="2" hai0="81,5,61,22,43,92,56,29,14,85,96,93,19" hai1="135,97,77,31,112,123,119,68,108,110,117,66,25" hai2="26,88,103,69,98,73,83,78,65,47,82,10,127" hai3="87,36,131,55,1,113,7,63,95,125,18,20,134"/><V16/><F127/><W48/><G36/><T27/><D43/><U15/><E123/><V21/><F47/><W79/><G125/><T49/><D49/><U59/><E112/><V114/><F114/><W24/><G113/><T74/><D74/><U111/><E135/><V57/><F69/><W38/><G38/><T104/><D104/><U80/><E68/><V90/><F10/><W133/><G131/><T71/><D71/><U130/><E130/><V2/><F2/><W37/><G37/><T54/><D5/><U67/><E15/><V89/><F83/><N who="3" m="47615" /><G63/><T33/><D96/><U70/><E70/><V0/><F0/><W52/><G95/><T30/><D30/><U106/><E97/><V124/><F124/><W40/><G40/><T53/><D53/><U72/><E106/><V107/><REACH who="2" step="1"/><F57/><REACH who="2" ten="190,448,82,270" step="2"/><W3/><G1/><T39/><D39/><U94/><E59/><V76/><F76/><AGARI ba="2,1" hai="14,19,22,27,29,33,54,56,61,76,81,85,92,93" machi="76" ten="30,1000,0" yaku="7,1" doraHai="60" who="0" fromWho="2" sc="190,26,448,0,82,-16,270,0" /><INIT seed="3,0,0,5,2,36" ten="216,448,66,270" oya="3" hai0="25,133,40,76,15,0,23,47,9,62,7,110,91" hai1="107,119,135,3,44,20,94,42,70,21,41,88,34" hai2="53,73,13,54,4,24,32,37,12,78,63,80,90" hai3="85,29,124,68,61,38,31,114,5,30,113,122,89"/><W50/><G122/><T22/><D76/><U6/><E107/><V35/><F37/><W101/><G38/><T71/><D133/><U121/><E70/><V27/><F90/><W109/><G101/><T48/><D110/><U123/><E34/><V16/><F63/><W112/><G109/><T128/><D128/><U10/><E135/><V93/><F93/><W17/><G5/><T84/><D0/><U99/><E119/><V74/><F78/><W67/><G17/><T72/><D72/><U115/><E115/><V64/><F80/><W130/><G130/><T100/><D100/><U129/><E129/><V26/><F4/><W46/><G124/><T33/><D33/><U49/><REACH who="1" step="1"/><E41/><REACH who="1" ten="216,438,66,270" step="2"/><V120/><F27/><W52/><G113/><T111/><D25/><U58/><E58/><V77/><F77/><W59/><G68/><T92/><D111/><U81/><E81/><V75/><F75/><W98/><G114/><T127/><D127/><U57/><E57/><V102/><F102/><W14/><G112/><T116/><D116/><U11/><E11/><V126/><F126/><W95/><G59/><T96/><D71/><U28/><E28/><V134/><F134/><W1/><G30/><T51/><D62/><U118/><E118/><V104/><F104/><W60/><G31/><T18/><D9/><U125/><E125/><V56/><F56/><W132/><G29/><T43/><D43/><U66/><E66/><V8/><F8/><W97/><G132/><T55/><D40/><U108/><E108/><V69/><F64/><W86/><G67/><T39/><D55/><RYUUKYOKU ba="0,1" sc="216,-10,438,30,66,-10,270,-10" hai1="3,6,10,20,21,42,44,49,88,94,99,121,123" owari="206,-19.0,478,57.0,56,-44.0,260,6.0" /></mjloggm>