<mjloggm ver="2.3"><GO type="97" lobby="0"/><UN n0="%61%6E%70%61%69%79%61%61" n1="%E5%B0%B1%E6%B4%BB%E7%94%9F%40%E5%B7%9D%E6%9D%91%E8%BB%8D%E5%9B%A3" n2="%E3%81%A8%E3%82%88%E3%81%A3%E3%81%A1" n3="%E7%94%B0%E4%B8%AD%E5%84%AA%E7%BE%8E%E6%B8%85%E4%B8%80%E8%89%B2" dan="14,14,13,13" rate="1901.76,1943.09,2090.45,1913.60" sx="M,M,M,F"/><TAIKYOKU oya="0"/><INIT seed="0,0,0,5,1,81" ten="250,250,250,250" oya="0" hai0="31,118,99,107,70,93,54,119,43,42,76,71,33" hai1="101,116,134,72,20,115,95,108,86,3,75,98,52" hai2="68,133,120,74,88,131,90,28,79,34,100,51,44" hai3="110,69,78,121,117,29,32,60,13,56,39,21,10"/><T18/><D107/><U40/><E3/><V126/><F120/><W19/><G117/><T59/><D76/><U77/><E116/><V82/><F68/><W45/><G110/><T55/><D18/><U53/><E108/><V111/><F111/><W49/><G39/><T35/><D93/><U27/><E115/><V64/><F64/><W83/><G69/><T104/><D104/><U48/><E134/><V4/><F133/><W91/><G32/><T25/><D99/><U128/><E128/><V17/><F100/><W57/><G60/><T125/><D59/><U61/><E61/><V26/><F131/><W11/><G121/><T38/><D25/><U15/><E15/><V94/><F126/><W102/><G102/><T109/><D109/><U80/><E40/><V89/><F17/><W113/><G29/><T41/><D41/><U16/><E53/><V24/><F4/><W106/><G106/><T12/><D12/><U47/><AGARI ba="0,0" hai="16,20,27,47,48,52,72,75,77,80,86,95,98,101" machi="47" ten="20,8000,1" yaku="0,1,7,1,52,1,54,2" doraHai="81" who="1" fromWho="1" sc="250,-40,250,80,250,-20,250,-20" /><INIT seed="1,0,0,0,5,0" ten="210,330,230,230" oya="1" hai0="10,127,62,76,88,37,121,26,40,79,133,15,7" hai1="42,120,5,105,41,20,17,119,59,13,21,91,43" hai2="122,39,1,23,102,36,4,64,66,95,50,24,49" hai3="96,106,104,125,73,56,113,115,84,112,3,110,38"/><U19/><E120/><V82/><F122/><W69/><G56/><T77/><D121/><U68/><E68/><V86/><F39/><W75/><G3/><T98/><D133/><U97/><E119/><V2/><F36/><W57/><G57/><T22/><D127/><U124/><E124/><V60/><F2/><W103/><G38/><T16/><D37/><U45/><E59/><N who="2" m="36895" /><F66/><W128/><G125/><T116/><D116/><U123/><E123/><V14/><F1/><W92/><G69/><T55/><D40/><U27/><E105/><N who="3" m="40554" /><G110/><T58/><D77/><U72/><E72/><N who="3" m="27722" /><G84/><T9/><D9/><N who="1" m="4271" /><E45/><V85/><F4/><W89/><G128/><T80/><D80/><U93/><E42/><V90/><F14/><AGARI ba="0,0" hai="14,17,19,20,21,27,41,43,91,93,97" m="4271" machi="14" ten="30,2900,0" yaku="8,1,52,1" doraHai="0" who="1" fromWho="2" sc="210,0,330,29,230,-29,230,0" /><INIT seed="1,1,0,1,3,36" ten="210,359,201,230" oya="1" hai0="51,101,121,100,79,117,116,0,99,88,82,48,128" hai1="11,21,29,65,123,37,59,32,3,7,77,67,111" hai2="30,20,58,53,57,16,60,102,71,94,134,130,2" hai3="66,55,90,91,26,34,83,23,109,114,4,6,120"/><U95/><E37/><V98/><F2/><W125/><G114/><T89/><D0/><U63/><E123/><V8/><F130/><W124/><G120/><T54/><D121/><U1/><E32/><V18/><F134/><W129/><G109/><T115/><D115/><U19/><E111/><V13/><F71/><W24/><G66/><T5/><D5/><N who="3" m="2153" /><G34/><T86/><D128/><U62/><E29/><V33/><F33/><W38/><G38/><T64/><D64/><U14/><E77/><V42/><F42/><W132/><G132/><T70/><D70/><U92/><REACH who="1" step="1"/><E1/><REACH who="1" ten="210,349,201,230" step="2"/><V112/><F112/><W31/><G129/><T52/><D117/><U108/><E108/><V47/><F30/><W126/><G31/><T80/><D116/><U118/><E118/><V61/><F47/><W103/><G124/><T68/><D79/><U104/><E104/><V41/><F41/><W45/><G45/><T78/><D78/><U119/><E119/><V72/><F72/><W106/><G106/><T74/><D74/><U133/><E133/><V40/><F40/><W85/><G126/><T9/><D68/><AGARI ba="1,1" hai="3,7,11,14,19,21,59,62,63,65,67,68,92,95" machi="68" ten="30,2900,0" yaku="1,1,7,1,53,0" doraHai="36" doraHaiUra="28" who="1" fromWho="0" sc="210,-32,349,42,201,0,230,0" /><INIT seed="1,2,0,4,5,1" ten="178,391,201,230" oya="1" hai0="11,36,72,109,123,19,5,41,98,16,70,93,68" hai1="133,110,125,120,38,59,50,13,131,9,8,77,23" hai2="44,87,122,46,102,82,0,89,17,24,61,31,92" hai3="74,3,53,80,100,63,83,33,56,91,28,135,62"/><U79/><E38/><V49/><F122/><W118/><G135/><T39/><D72/><U32/><E32/><V127/><F127/><W30/><G100/><T60/><D123/><U27/><E120/><V66/><F0/><W116/><G3/><T65/><D109/><U104/><E104/><V64/><F17/><W43/><G43/><T6/><D70/><U94/><E133/><V84/><F49/><W10/><G10/><T40/><D19/><U128/><E125/><V115/><F115/><W57/><G33/><T4/><D40/><U22/><E110/><V81/><F81/><N who="3" m="31307" /><G91/><T76/><D76/><U12/><E94/><V111/><F111/><W20/><G20/><T117/><D117/><N who="3" m="45161" /><G74/><T45/><D39/><U126/><E126/><V97/><F84/><W55/><AGARI ba="2,0" hai="28,30,53,55,56,57,62,63" m="45161,31307" machi="55" ten="30,1100,0" yaku="12,1" doraHai="1" who="3" fromWho="3" sc="178,-5,391,-7,201,-5,230,17" /><INIT seed="2,0,0,5,2,6" ten="173,384,196,247" oya="2" hai0="85,56,130,57,84,92,28,76,39,82,34,96,83" hai1="21,97,113,132,11,38,102,73,63,122,14,37,61" hai2="66,106,30,123,117,107,100,131,78,12,29,99,58" hai3="17,77,75,80,120,119,111,1,40,94,25,108,86"/><V67/><F123/><W64/><G120/><T69/><D39/><U35/><E113/><V49/><F117/><W98/><G1/><T55/><D69/><U4/><E122/><V10/><F131/><W24/><G119/><T125/><D130/><U112/><E73/><V115/><F106/><W50/><G64/><T53/><D125/><U31/><E35/><V128/><F128/><W45/><G75/><T116/><D116/><U65/><E112/><V62/><F115/><W121/><G121/><T134/><D134/><U104/><E132/><V32/><F78/><W20/><REACH who="3" step="1"/><G24/><REACH who="3" ten="173,384,196,237" step="2"/><T89/><D34/><U54/><E65/><V95/><F32/><W59/><G59/><N who="0" m="22603" /><D28/><U26/><E37/><V15/><F67/><W127/><G127/><T33/><D33/><U93/><E38/><V27/><F27/><W114/><G114/><T60/><D60/><U118/><E118/><V110/><F58/><W41/><G41/><T16/><D16/><U105/><E63/><V23/><F62/><W42/><G42/><T90/><AGARI ba="0,1" hai="53,55,76,82,83,84,85,89,90,92,96" m="22603" machi="90" ten="30,1100,0" yaku="8,1" doraHai="6" who="0" fromWho="0" sc="173,21,384,-3,196,-5,237,-3" /><INIT seed="3,0,0,5,4,82" ten="194,381,191,234" oya="3" hai0="29,3,53,108,56,15,35,84,75,120,71,18,97" hai1="110,32,55,57,38,88,107,73,12,87,54,126,86" hai2="80,68,109,112,30,62,59,123,21,132,113,103,90" hai3="114,65,22,34,33,36,104,124,105,14,92,99,76"/><W115/><G36/><T46/><D120/><U41/><E73/><V130/><F123/><W20/><G14/><T28/><D3/><U13/><E107/><V106/><F68/><W77/><G92/><T93/><D75/><U117/><E32/><V128/><F109/><W81/><G81/><T95/><D71/><U67/><E117/><V101/><F132/><W31/><G99/><T72/><D72/><U98/><E126/><V111/><F111/><W9/><G9/><T70/><D70/><U127/><E127/><V96/><F103/><W16/><G31/><T61/><D108/><U0/><E0/><V131/><F90/><W100/><G100/><T17/><D35/><U78/><E110/><V39/><F80/><W48/><G124/><T66/><D18/><U134/><E134/><V125/><F125/><W19/><G48/><N who="0" m="28823" /><D84/><N who="1" m="32299" /><E38/><V64/><F39/><W121/><G121/><T7/><D7/><U40/><E78/><V122/><F122/><W52/><G52/><N who="1" m="20010" /><E57/><V23/><F23/><W116/><G116/><T63/><D63/><U24/><E67/><AGARI ba="0,0" hai="16,19,20,22,33,34,65,67,76,77,104,105,114,115" machi="67" ten="25,4800,0" yaku="22,2,54,1" doraHai="82" who="3" fromWho="1" sc="194,0,381,-48,191,0,234,48" /><INIT seed="3,1,0,2,4,62" ten="194,333,191,282" oya="3" hai0="49,76,73,48,40,84,14,3,134,63,87,44,66" hai1="101,102,68,12,93,90,34,37,115,43,89,26,59" hai2="111,121,1,52,22,124,10,64,116,104,96,128,27" hai3="31,28,97,91,132,33,35,120,92,78,4,29,57"/><W11/><G120/><T70/><D134/><U131/><E68/><V46/><F121/><W6/><G78/><T15/><D3/><U99/><E115/><V55/><F116/><W94/><G132/><T133/><D133/><U47/><E131/><V119/><F119/><W21/><G21/><T125/><D125/><U88/><E12/><V126/><F128/><W108/><G108/><T51/><D73/><U2/><E2/><V75/><F75/><W20/><G20/><T80/><REACH who="0" step="1"/><D87/><REACH who="0" ten="184,333,191,282" step="2"/><U81/><E99/><V95/><F111/><W130/><G130/><T25/><D25/><U135/><E26/><V16/><F104/><W58/><G35/><T110/><D110/><U105/><E34/><V109/><F109/><W103/><G33/><T69/><D69/><U71/><E71/><V100/><F46/><W9/><G4/><T82/><D82/><U45/><E81/><V86/><F86/><N who="3" m="52343" /><G6/><T42/><D42/><U19/><E47/><V129/><F129/><W18/><G9/><T113/><D113/><U123/><E123/><V127/><F64/><W122/><G122/><T50/><AGARI ba="1,1" hai="14,15,40,44,48,49,50,51,63,66,70,76,80,84" machi="50" ten="30,4000,0" yaku="1,1,0,1,52,1,53,0" doraHai="62" doraHaiUra="30" who="0" fromWho="0" sc="184,53,333,-11,191,-11,282,-21" owari="237,-16.0,322,42.0,180,-32.0,261,6.0" /></mjloggm>