<mjloggm ver="2.3"><GO type="97" lobby="0"/><UN n0="%E3%82%A2%E3%83%8A%E3%83%BB%E3%82%B3%E3%83%83%E3%83%9D%E3%83%A9" n1="%E3%81%8F%E3%81%A0%E3%81%8A" n2="%E2%98%85%E3%81%AF%E3%82%8A%E3%81%AD%E3%81%9A%E3%81%BF%E3%82%93" n3="%E5%B0%B1%E6%B4%BB%E7%94%9F%40%E5%B7%9D%E6%9D%91%E8%BB%8D%E5%9B%A3" dan="13,14,15,15" rate="1878.24,1954.30,1967.55,1979.82" sx="F,M,M,M"/><TAIKYOKU oya="0"/><INIT seed="0,0,0,1,4,128" ten="250,250,250,250" oya="0" hai0="120,21,81,131,50,96,10,117,111,27,15,98,6" hai1="20,121,126,77,8,66,110,108,90,129,99,85,37" hai2="133,101,97,30,82,80,40,73,49,63,47,28,127" hai3="38,122,92,89,42,19,86,44,69,53,26,107,62"/><T135/><D120/><U64/><E37/><V0/><F0/><W54/><G122/><T134/><D117/><U75/><E121/><V31/><F127/><W9/><G107/><T72/><D131/><U57/><E126/><V23/><F63/><W67/><G26/><T18/><D111/><N who="1" m="42539" /><E75/><V130/><F130/><W91/><G19/><T56/><D81/><N who="1" m="47279" /><E8/><V102/><F73/><W105/><G105/><T41/><D72/><U125/><E125/><V43/><F43/><W84/><REACH who="3" step="1"/><G9/><REACH who="3" ten="250,250,250,240" step="2"/><T76/><D76/><U51/><E129/><V1/><F31/><W3/><G3/><T58/><D41/><U70/><E20/><V88/><F1/><W17/><G17/><T5/><D6/><U115/><E115/><V78/><F28/><W2/><G2/><T104/><D104/><U60/><E70/><V71/><F71/><W61/><G61/><T52/><REACH who="0" step="1"/><D58/><REACH who="0" ten="240,250,250,240" step="2"/><U24/><E57/><V79/><F79/><W45/><G45/><T118/><D118/><U113/><E113/><V123/><F78/><W14/><G14/><T55/><D55/><U106/><E106/><V116/><F123/><W25/><G25/><T65/><D65/><U74/><E24/><V68/><F116/><W94/><AGARI ba="0,2" hai="38,42,44,53,54,62,67,69,84,86,89,91,92,94" machi="94" ten="20,5200,0" yaku="1,1,0,1,7,1,9,1,53,0" doraHai="128" doraHaiUra="46" who="3" fromWho="3" sc="240,-26,250,-13,250,-13,240,72" /><INIT seed="1,0,0,1,4,121" ten="214,237,237,312" oya="1" hai0="28,9,8,126,57,131,17,117,15,29,49,114,24" hai1="86,62,127,20,19,0,60,94,10,5,91,97,45" hai2="132,71,25,119,39,118,124,108,95,103,52,48,90" hai3="27,21,130,59,38,101,47,34,78,41,81,133,4"/><U13/><E127/><V42/><F71/><W35/><G130/><T56/><D126/><U11/><E45/><V3/><F124/><W111/><G4/><T128/><D117/><U31/><E31/><V75/><F75/><W100/><G133/><T115/><D49/><U96/><E11/><N who="0" m="4169" /><D56/><U53/><E53/><V33/><F3/><W16/><G111/><T1/><D1/><U84/><REACH who="1" step="1"/><E86/><REACH who="1" ten="214,227,237,312" step="2"/><V74/><F118/><W54/><G35/><N who="0" m="20871" /><D29/><U129/><E129/><N who="0" m="49737" /><D57/><U63/><AGARI ba="0,1" hai="0,5,10,13,19,20,60,62,63,84,91,94,96,97" machi="63" ten="30,3000,0" yaku="1,1,0,1,53,0" doraHai="121" doraHaiUra="112" who="1" fromWho="1" sc="214,-10,227,40,237,-10,312,-10" /><INIT seed="1,1,0,0,3,72" ten="204,267,227,302" oya="1" hai0="66,94,119,47,79,0,41,127,58,130,97,108,43" hai1="44,126,80,71,34,25,135,38,61,103,83,59,115" hai2="60,110,48,49,67,14,99,37,85,125,32,55,87" hai3="70,84,107,29,96,133,128,68,95,112,20,4,81"/><U5/><E71/><V56/><F32/><W122/><G122/><T53/><D0/><U101/><E5/><V3/><F3/><W42/><G107/><T78/><D119/><U116/><E115/><V65/><F37/><W8/><G112/><T15/><D108/><U35/><E116/><V9/><F110/><W10/><G128/><T90/><D130/><U75/><E75/><V36/><F36/><W63/><G133/><T17/><D127/><U105/><E38/><V2/><F2/><W46/><G68/><T22/><D66/><U13/><E44/><V113/><F113/><W24/><G70/><T74/><D74/><U92/><E92/><V45/><F125/><W7/><G63/><T31/><D31/><U120/><E61/><V134/><F134/><W50/><G7/><T11/><D11/><U52/><E105/><V76/><F99/><W82/><G4/><T131/><D131/><U117/><E120/><V64/><F87/><W86/><G86/><T51/><REACH who="0" step="1"/><D41/><REACH who="0" ten="194,267,227,302" step="2"/><U124/><E126/><V93/><F64/><W89/><G81/><T40/><D40/><U98/><E83/><N who="2" m="47335" /><F67/><W28/><G28/><T100/><D100/><AGARI ba="1,1" hai="8,10,20,24,29,42,46,50,82,84,89,95,96,100" machi="100" ten="30,2000,0" yaku="7,1,8,1" doraHai="72" who="3" fromWho="0" sc="194,-23,267,0,227,0,302,33" /><INIT seed="2,0,0,1,4,42" ten="171,267,227,335" oya="2" hai0="11,22,69,3,44,52,75,101,40,89,80,92,72" hai1="67,123,126,23,50,106,62,7,6,70,103,130,120" hai2="24,55,46,116,108,64,133,88,27,132,102,38,128" hai3="135,99,79,125,63,43,39,131,112,119,59,90,28"/><V41/><F116/><W113/><G119/><T121/><D121/><N who="1" m="46667" /><E130/><V33/><F128/><W117/><G117/><T124/><D69/><U93/><E106/><V111/><F102/><W2/><G2/><T66/><D66/><U110/><E110/><N who="2" m="42027" /><F64/><W49/><G79/><T26/><D124/><U0/><E126/><V12/><F33/><W87/><G135/><N who="2" m="51785" /><F55/><W76/><G76/><T51/><D101/><U82/><E0/><V32/><F32/><W97/><G131/><T77/><D75/><U83/><E23/><V129/><F129/><W109/><G109/><T10/><D40/><U25/><E25/><V65/><F65/><W4/><G125/><T57/><D57/><U104/><E103/><V31/><F31/><W118/><G59/><T58/><D58/><U14/><E67/><V91/><F12/><W115/><G118/><T36/><D36/><U47/><E14/><V35/><F35/><W29/><G29/><T1/><D3/><U15/><E15/><V71/><F71/><W100/><G28/><T107/><D1/><U114/><E70/><V18/><F27/><W9/><G113/><T94/><D107/><U8/><E104/><V78/><F78/><W122/><G112/><T16/><REACH who="0" step="1"/><D94/><REACH who="0" ten="161,267,227,335" step="2"/><U56/><E93/><V21/><AGARI ba="0,1" hai="18,21,24,38,41,46,88,91" m="51785,42027" machi="21" ten="40,12000,1" yaku="14,1,10,1,20,1,52,1,54,1" doraHai="42" who="2" fromWho="2" sc="161,-40,267,-40,227,130,335,-40" /><INIT seed="2,1,0,0,0,49" ten="121,227,357,295" oya="2" hai0="51,95,103,85,128,111,122,68,133,4,93,42,66" hai1="45,117,99,36,22,39,16,94,55,9,64,56,63" hai2="90,100,32,135,73,105,17,8,70,130,115,71,38" hai3="110,27,62,107,96,0,67,108,65,131,79,81,24"/><V91/><F115/><W113/><G0/><T82/><D122/><U1/><E117/><V35/><F38/><W19/><G113/><T76/><D111/><N who="3" m="42537" /><G131/><T2/><D128/><U104/><E104/><V109/><F109/><W23/><G107/><T97/><D133/><U92/><E92/><V59/><F130/><W127/><G96/><T25/><D4/><U12/><E1/><V11/><F59/><N who="3" m="37087" /><G67/><T121/><D121/><U124/><E124/><V26/><F73/><N who="3" m="43247" /><G127/><T52/><D2/><U126/><E126/><V28/><F135/><W20/><G20/><T125/><D125/><U13/><E45/><V5/><F105/><W78/><G78/><T7/><D7/><U84/><E84/><V83/><F100/><W80/><G80/><T33/><D42/><U114/><E114/><V120/><F83/><W106/><G106/><T44/><D66/><U77/><E77/><V6/><F120/><W14/><AGARI ba="1,0" hai="14,19,23,24,27" m="43247,37087,42537" machi="14" ten="30,1100,0" yaku="14,1" doraHai="49" who="3" fromWho="3" sc="121,-4,227,-4,357,-6,295,14" /><INIT seed="3,0,0,5,1,92" ten="117,223,351,309" oya="3" hai0="60,90,33,114,12,39,115,47,49,8,59,116,71" hai1="87,26,80,22,16,73,13,121,106,108,48,34,45" hai2="132,85,91,44,95,9,3,128,74,75,97,133,135" hai3="6,98,79,37,101,61,117,122,126,65,25,134,99"/><W0/><G37/><T82/><D33/><U76/><E108/><V5/><F128/><W104/><G122/><T20/><D116/><U54/><E121/><V52/><F85/><W131/><G117/><T15/><D39/><U36/><E36/><V127/><F127/><W109/><G131/><T100/><D100/><U123/><E123/><V4/><F4/><W50/><G126/><T125/><D125/><U130/><E130/><V57/><F44/><W56/><G134/><T64/><D71/><U93/><E106/><V67/><F67/><W41/><G109/><T40/><D20/><U111/><E111/><V118/><F118/><W32/><G79/><T88/><D15/><U124/><E124/><V69/><F69/><W17/><G0/><T58/><D58/><U38/><E38/><V66/><F66/><W42/><G6/><T30/><D30/><U129/><E129/><V51/><AGARI ba="0,0" hai="3,5,9,51,52,57,74,75,91,95,97,132,133,135" machi="51" ten="30,7900,0" yaku="0,1,20,1,52,1,54,1" doraHai="92" who="2" fromWho="2" sc="117,-20,223,-20,351,79,309,-39" owari="97,-40.0,203,-20.0,430,53.0,270,7.0" /></mjloggm>