<mjloggm ver="2.3"><GO type="169" lobby="0"/><UN n0="%E3%81%A8%E3%81%AA%E3%81%BF" n1="%4E%6E%31%33%34" n2="%E3%82%A6%E3%83%AB%E3%83%88%E3%83%A9%E7%AB%8B%E7%9B%B4" n3="%E9%9C%8D%E9%9D%92%E5%A8%A5" dan="16,17,16,16" rate="2044.23,2123.18,2092.78,2043.89" sx="M,M,M,F"/><TAIKYOKU oya="0"/><INIT seed="0,0,0,3,4,59" ten="250,250,250,250" oya="0" hai0="6,111,86,19,60,107,103,122,123,129,24,124,121" hai1="78,8,101,68,104,74,48,97,44,46,10,29,98" hai2="84,82,45,57,76,106,132,33,41,102,47,113,16" hai3="56,36,93,14,73,55,99,52,81,31,27,117,0"/><T100/><D6/><U95/><E29/><V77/><F33/><W85/><G0/><T15/><D129/><U34/><E34/><V26/><F113/><W116/><G73/><T133/><D133/><U114/><E114/><V3/><F3/><W53/><G14/><T71/><D86/><U37/><E68/><V109/><F132/><W62/><G36/><T120/><D124/><U42/><E78/><V5/><F5/><W30/><G117/><T22/><D111/><U115/><E74/><V112/><F109/><W63/><G116/><T75/><D75/><U125/><E125/><V17/><F112/><W127/><G127/><T69/><D69/><U20/><E20/><V4/><F4/><W64/><G62/><T105/><N who="0" m="31232" /><DORA hai="21" /><T80/><D80/><U90/><REACH who="1" step="1"/><E115/><REACH who="1" ten="250,240,250,250" step="2"/><V1/><F77/><N who="3" m="46255" /><G27/><T39/><D24/><U108/><E108/><V67/><F26/><W66/><G30/><T38/><D22/><U25/><E25/><V72/><F72/><W13/><G31/><T96/><D15/><U79/><E79/><V11/><F76/><W23/><G13/><T58/><D71/><U50/><E50/><V12/><F12/><W131/><G23/><T134/><D134/><U110/><E110/><V88/><F1/><W119/><G119/><T89/><D60/><U49/><E49/><V126/><F126/><W7/><G131/><T40/><D38/><U135/><E135/><V2/><F2/><W18/><G63/><T87/><D39/><U83/><E83/><V54/><F82/><W43/><G56/><T32/><D58/><U28/><E28/><RYUUKYOKU ba="0,1" sc="250,-10,240,30,250,-10,250,-10" hai1="8,10,37,42,44,46,48,90,95,97,98,101,104" /><INIT seed="1,1,1,0,1,48" ten="240,270,240,240" oya="1" hai0="33,132,45,93,2,62,32,80,83,37,15,125,59" hai1="127,20,98,10,64,66,28,26,89,56,29,78,38" hai2="108,23,34,112,115,14,107,41,0,123,8,53,61" hai3="87,44,76,18,58,72,118,88,116,43,121,42,46"/><U3/><E38/><V95/><F107/><W51/><G121/><T126/><D2/><U91/><E78/><V47/><F34/><W131/><G131/><T102/><D15/><U92/><E127/><V65/><F123/><W110/><G110/><T69/><D69/><U12/><E3/><V99/><F108/><W134/><G134/><T17/><D17/><U100/><E29/><V120/><F23/><W73/><G18/><T103/><D132/><U77/><E77/><V106/><F0/><W129/><G58/><T21/><D21/><U67/><REACH who="1" step="1"/><E56/><REACH who="1" ten="240,260,240,240" step="2"/><N who="2" m="37031" /><F120/><W96/><G129/><T133/><D133/><U70/><E70/><V55/><F112/><W63/><G76/><T81/><D126/><U11/><E11/><V39/><F39/><W4/><G73/><T35/><D125/><U7/><AGARI ba="1,2" hai="7,10,12,20,26,28,64,66,67,89,91,92,98,100" machi="7" ten="30,11700,0" yaku="1,1,0,1,8,1,53,1" doraHai="48" doraHaiUra="19" who="1" fromWho="1" sc="240,-40,260,140,240,-40,240,-40" /><INIT seed="1,2,0,3,0,79" ten="200,400,200,200" oya="1" hai0="113,93,116,59,64,19,60,2,9,128,110,67,77" hai1="88,42,132,81,135,1,80,96,34,129,82,107,14" hai2="117,39,85,50,104,106,3,22,18,120,123,49,103" hai3="30,13,16,15,91,58,20,99,7,101,53,44,76"/><U124/><E1/><V65/><F117/><W90/><G76/><T54/><D116/><U102/><E129/><V78/><F39/><W36/><G30/><T111/><D113/><U87/><E124/><V92/><F3/><W4/><G44/><T71/><D128/><U5/><E34/><V98/><F65/><W8/><G7/><T126/><D126/><U11/><REACH who="1" step="1"/><E42/><REACH who="1" ten="200,390,200,200" step="2"/><V33/><F33/><W56/><G36/><T108/><D2/><U63/><E63/><V131/><F131/><W68/><G68/><T12/><D71/><U46/><E46/><V28/><F49/><N who="3" m="30767" /><G58/><T84/><REACH who="0" step="1"/><D93/><AGARI ba="2,1" hai="5,11,14,80,81,82,87,88,93,96,102,107,132,135" machi="93" ten="40,12000,1" yaku="1,1,52,3,54,1,53,0" doraHai="79" doraHaiUra="114" who="1" fromWho="0" sc="200,-126,390,136,200,0,200,0" /><AGARI ba="2,0" hai="4,8,13,15,16,20,90,91,93,99,101" m="30767" machi="93" ten="30,2000,0" yaku="8,1,54,1" doraHai="79" who="3" fromWho="0" sc="74,-20,526,0,200,0,200,20" /><INIT seed="1,3,0,2,5,131" ten="54,526,200,220" oya="1" hai0="44,98,90,83,84,86,92,135,29,60,16,123,46" hai1="15,27,71,22,50,30,118,42,120,63,79,93,11" hai2="77,33,89,56,23,100,14,80,76,28,67,102,122" hai3="58,101,64,114,81,95,9,119,26,74,7,40,52"/><U41/><E120/><V24/><F122/><W82/><G114/><T0/><D123/><U25/><E118/><V75/><F77/><W45/><G64/><T20/><D0/><U106/><E106/><V117/><F117/><W36/><G119/><T3/><D3/><U4/><E79/><V32/><F89/><W55/><G26/><T39/><D39/><U110/><E110/><V111/><F111/><W126/><G126/><T124/><D124/><U61/><E93/><V37/><F37/><W109/><G109/><T134/><D29/><U85/><E85/><N who="0" m="32873" /><D60/><N who="1" m="23115" /><E71/><V43/><F43/><N who="1" m="16393" /><E27/><V69/><F69/><W88/><G74/><T47/><D83/><U59/><E59/><V127/><F56/><W53/><G58/><T1/><D1/><U17/><E50/><V108/><F108/><W73/><G73/><T116/><D116/><U94/><E94/><V65/><F127/><W112/><G112/><T57/><D57/><U99/><E99/><V38/><F38/><W133/><G36/><T104/><D104/><U51/><E51/><V78/><F67/><W12/><G82/><T115/><D115/><U97/><E97/><V91/><F65/><W49/><G81/><T62/><D62/><U72/><E72/><V31/><F78/><W87/><G87/><T18/><D20/><U129/><E129/><V5/><F76/><W132/><G95/><T35/><D35/><U107/><E107/><V113/><F33/><W6/><G49/><T105/><D105/><U68/><E68/><V96/><F32/><W121/><G121/><T34/><D34/><U8/><E30/><RYUUKYOKU ba="3,0" sc="54,15,526,15,200,-15,220,-15" hai0="16,18,44,46,47,90,92,98,134,135" hai1="4,8,11,15,17,22,25" /><INIT seed="1,4,0,3,2,85" ten="69,541,185,205" oya="1" hai0="108,19,87,124,16,23,117,58,66,38,98,0,45" hai1="24,1,53,134,60,103,88,129,22,91,57,118,105" hai2="122,44,7,128,51,102,8,2,95,76,31,49,123" hai3="4,43,94,133,90,80,52,39,109,116,29,28,14"/><U40/><E118/><V61/><F128/><W100/><G43/><T64/><D0/><U127/><E1/><V131/><F131/><W119/><G39/><T25/><D117/><N who="3" m="45129" /><G109/><T32/><D32/><U92/><E129/><V27/><F76/><W81/><G133/><T101/><D108/><U62/><E134/><V75/><F75/><W84/><G52/><T13/><D124/><U59/><E127/><V97/><F61/><W5/><G100/><T33/><D33/><U71/><E71/><V17/><F17/><W48/><G48/><T83/><D45/><U113/><E105/><V110/><F110/><W69/><G69/><T125/><D38/><U42/><E113/><V35/><F51/><W21/><G21/><T34/><D58/><U78/><E78/><V15/><F2/><W63/><G63/><T99/><D34/><U93/><E103/><V54/><AGARI ba="4,0" hai="7,8,15,27,31,35,44,49,54,95,97,102,122,123" machi="54" ten="20,1500,0" yaku="0,1,7,1" doraHai="85" who="2" fromWho="2" sc="69,-8,541,-11,185,27,205,-8" /><INIT seed="2,0,0,2,3,125" ten="61,530,212,197" oya="2" hai0="50,0,16,107,86,55,47,40,73,64,36,26,65" hai1="113,66,46,76,29,105,60,84,126,97,122,134,119" hai2="102,14,37,110,28,56,99,101,30,71,118,42,53" hai3="115,87,2,41,38,93,109,67,11,79,12,13,83"/><V31/><F118/><W127/><G109/><T131/><D107/><U80/><E119/><V7/><F71/><W106/><G106/><T5/><D73/><U24/><E113/><V57/><F110/><W89/><G127/><T90/><D5/><U10/><E126/><V52/><F42/><W45/><G67/><T103/><D103/><N who="2" m="39434" /><F37/><W21/><G115/><T6/><D6/><U25/><E122/><V112/><F99/><W35/><G35/><T129/><D0/><U111/><E105/><V108/><F108/><W54/><G54/><N who="2" m="21097" /><F112/><W9/><G2/><T61/><D65/><U63/><E97/><V3/><F3/><W43/><G43/><T27/><D64/><U85/><E111/><V20/><F7/><W62/><G62/><T94/><D61/><U96/><E96/><V22/><F14/><W92/><G92/><T133/><D133/><U78/><E134/><V77/><F77/><W117/><G117/><T39/><D39/><U34/><E66/><V72/><F72/><W17/><REACH who="3" step="1"/><G12/><REACH who="3" ten="61,530,212,187" step="2"/><T15/><D27/><N who="1" m="18751" /><E63/><V18/><F18/><W74/><AGARI ba="0,1" hai="9,11,13,17,21,38,41,45,74,79,83,87,89,93" machi="74" ten="20,2700,0" yaku="1,1,0,1,7,1,53,0" doraHai="125" doraHaiUra="23" who="3" fromWho="3" sc="61,-7,530,-7,212,-13,187,37" /><INIT seed="3,0,0,2,0,4" ten="54,523,199,224" oya="3" hai0="119,75,62,61,54,100,39,32,71,80,38,30,37" hai1="110,77,19,93,47,40,16,65,27,26,83,90,18" hai2="59,134,107,29,51,97,133,122,14,68,126,70,1" hai3="44,50,7,81,128,53,22,127,111,3,98,74,10"/><W87/><G128/><T2/><D54/><U102/><E110/><V104/><F1/><W131/><G131/><T36/><D62/><U91/><E65/><V67/><F122/><W113/><G113/><T106/><D119/><U12/><E102/><V116/><F116/><W21/><G127/><T94/><D94/><U105/><E105/><V121/><F121/><W120/><G120/><T63/><D63/><U109/><E109/><V34/><F126/><W0/><G111/><T58/><D58/><U43/><E12/><V117/><F117/><W112/><G112/><T114/><D114/><U92/><E77/><V20/><F34/><W25/><G74/><T115/><D115/><U24/><E83/><V23/><F68/><W52/><G98/><N who="0" m="61719" /><D80/><U11/><E11/><V55/><F70/><W76/><G3/><T60/><D60/><U103/><E103/><V31/><F67/><W79/><G79/><T125/><D75/><U66/><E66/><V41/><F41/><N who="1" m="15945" /><E47/><V95/><F107/><W86/><G86/><T84/><D84/><U8/><E8/><V135/><F104/><W132/><G53/><T129/><D129/><U46/><E46/><V72/><F72/><W5/><G5/><T33/><D125/><U124/><E124/><V118/><F118/><W9/><G9/><T78/><D78/><U96/><E96/><V64/><F64/><W101/><G101/><T13/><D2/><U57/><E57/><V69/><F69/><W28/><REACH who="3" step="1"/><G22/><REACH who="3" ten="54,523,199,214" step="2"/><T35/><D33/><U48/><E91/><N who="2" m="55551" /><F23/><W42/><G42/><T123/><D35/><U56/><E90/><RYUUKYOKU ba="0,1" sc="54,-30,523,10,199,10,214,10" hai1="16,18,19,24,26,27,48,56,92,93" hai2="14,20,29,31,51,55,59,133,134,135" hai3="0,7,10,21,25,28,44,50,52,76,81,87,132" /><INIT seed="3,1,1,4,3,45" ten="24,533,209,224" oya="3" hai0="97,113,10,42,12,88,33,66,50,40,134,52,122" hai1="23,85,132,26,24,70,59,72,105,75,120,39,112" hai2="9,96,114,108,14,86,28,133,0,125,22,71,54" hai3="81,119,69,130,117,15,78,11,16,91,104,25,77"/><W41/><G130/><T93/><D33/><U32/><E70/><V3/><F71/><W82/><G104/><T13/><D122/><U103/><E39/><V53/><F114/><W95/><G69/><T64/><D113/><U128/><E132/><V102/><F133/><W74/><G25/><T46/><D134/><U43/><E43/><N who="0" m="16425" /><D13/><U123/><E128/><V31/><F3/><W7/><G41/><T100/><D100/><U35/><E103/><V5/><F0/><W1/><G91/><T76/><D76/><U56/><E105/><V67/><F67/><W34/><G95/><T17/><AGARI ba="1,1" hai="10,12,17,46,50,52,64,66,88,93,97" m="16425" machi="17" ten="30,7900,0" yaku="8,1,52,1,54,2" doraHai="45" who="0" fromWho="0" sc="24,92,533,-21,209,-21,224,-40" /><INIT seed="4,0,0,5,0,109" ten="116,512,188,184" oya="0" hai0="67,76,15,48,87,41,47,36,96,29,83,53,42" hai1="66,71,72,61,116,0,31,79,58,123,52,114,134" hai2="54,100,128,129,74,125,35,7,6,40,59,51,120" hai3="102,103,30,80,33,38,91,85,78,119,45,111,127"/><T89/><D29/><U94/><E123/><V10/><F74/><W107/><G111/><T13/><D67/><U106/><E106/><V65/><F35/><W27/><G119/><T112/><D36/><U22/><E0/><V75/><F75/><W68/><G68/><T93/><D112/><U81/><E114/><V117/><F120/><W5/><G127/><T82/><D15/><U133/><E94/><V43/><F125/><W17/><G107/><T95/><D95/><U39/><E39/><V8/><F100/><W32/><G32/><T92/><D83/><U11/><E11/><N who="2" m="4139" /><F65/><W63/><G5/><N who="2" m="1545" /><F117/><W121/><G121/><T1/><D1/><U57/><E116/><V60/><F60/><W12/><G63/><T104/><D104/><U73/><E73/><V16/><F16/><W99/><G45/><T90/><REACH who="0" step="1"/><D13/><REACH who="0" ten="106,512,188,184" step="2"/><U113/><E113/><V77/><F77/><W64/><G38/><T130/><D130/><AGARI ba="0,1" hai="40,43,51,54,59,128,129,130" m="1545,4139" machi="130" ten="30,1000,0" yaku="19,1" doraHai="109" who="2" fromWho="0" sc="106,-10,512,0,188,20,184,0" /><INIT seed="5,0,0,0,3,59" ten="96,512,208,184" oya="1" hai0="121,69,71,19,85,73,42,102,40,51,29,22,44" hai1="2,17,123,101,83,3,120,115,10,24,130,109,72" hai2="74,32,67,87,38,76,107,104,27,37,106,26,34" hai3="133,92,25,112,1,50,78,99,48,95,55,68,15"/><U125/><E101/><V132/><F87/><W5/><G1/><N who="1" m="10" /><E83/><N who="2" m="45463" /><F67/><W14/><G68/><T46/><D73/><U105/><E105/><V79/><F79/><W98/><G133/><T77/><D102/><U39/><E39/><N who="2" m="14859" /><F27/><W12/><G78/><T63/><D121/><U131/><E72/><V53/><F53/><W119/><G119/><T64/><D29/><U47/><E47/><V97/><F97/><W88/><G25/><T7/><D85/><U28/><E109/><V45/><F45/><W35/><G35/><N who="2" m="13353" /><F26/><W113/><G5/><T6/><D77/><U128/><E125/><V62/><F62/><W100/><REACH who="3" step="1"/><G50/><REACH who="3" ten="96,512,208,174" step="2"/><T4/><D71/><U116/><E116/><V122/><F122/><W96/><G96/><T114/><D7/><U134/><E134/><AGARI ba="0,1" hai="104,106,107,132,134" m="13353,14859,45463" machi="134" ten="40,1300,0" yaku="23,1" doraHai="59" who="2" fromWho="1" sc="96,0,512,-13,208,23,174,0" /><INIT seed="6,0,0,2,1,59" ten="96,499,231,174" oya="2" hai0="51,40,53,113,7,123,107,35,97,108,24,26,8" hai1="133,132,122,85,30,89,50,22,124,65,9,126,104" hai2="90,72,86,4,71,1,111,48,42,55,101,119,69" hai3="102,134,75,74,77,131,3,128,15,66,112,129,114"/><V130/><F72/><W125/><G3/><T76/><D108/><U121/><E104/><V56/><F130/><W94/><G125/><N who="1" m="48234" /><E9/><V96/><F4/><W80/><G15/><T25/><D76/><U31/><E50/><V100/><F1/><W46/><G46/><T10/><D40/><U34/><E34/><V11/><F11/><W92/><G66/><T41/><D41/><U79/><E79/><V49/><F101/><W70/><G70/><T109/><D109/><U32/><E32/><V135/><F135/><N who="1" m="51785" /><E65/><V61/><F49/><W18/><G18/><T117/><D35/><U37/><E37/><V28/><F48/><W0/><G0/><T95/><D107/><U45/><E45/><V127/><F42/><W12/><G12/><T118/><D7/><U21/><E21/><V47/><F47/><W27/><G27/><T110/><D110/><U52/><E52/><V62/><F55/><W5/><G5/><T29/><D51/><U14/><E14/><V19/><F111/><W82/><G134/><T120/><D53/><U54/><E54/><V103/><F127/><W87/><G75/><T91/><D8/><U33/><E33/><V36/><F36/><W116/><G116/><N who="0" m="44651" /><D10/><U57/><E57/><V13/><F56/><W20/><G20/><T17/><D17/><U88/><E22/><V83/><F19/><W58/><G58/><T60/><D25/><U98/><E30/><V73/><F28/><W38/><G38/><T68/><D29/><U105/><E31/><V84/><F119/><W16/><G131/><T81/><D26/><U6/><E6/><RYUUKYOKU ba="0,0" sc="96,0,499,0,231,0,174,0" /><INIT seed="7,1,0,0,2,15" ten="96,499,231,174" oya="3" hai0="39,112,126,42,50,33,135,109,1,55,110,84,101" hai1="9,37,78,52,108,127,12,128,13,98,87,122,21" hai2="104,91,29,89,34,77,58,49,124,70,5,20,117" hai3="22,134,48,114,83,76,4,121,62,81,79,10,65"/><W71/><G114/><T72/><D72/><U97/><E122/><V35/><F58/><W27/><G134/><T63/><D1/><U57/><E37/><V123/><F49/><W25/><G48/><T38/><D33/><U23/><E108/><V116/><F20/><N who="1" m="7753" /><E128/><V24/><F5/><W88/><G121/><T111/><D101/><U53/><E53/><V69/><F24/><W113/><G113/><T60/><D84/><U40/><E40/><V2/><F29/><W74/><G88/><T115/><D135/><U130/><E12/><V32/><F77/><W64/><G64/><T92/><D92/><U19/><E127/><V82/><F35/><W46/><G46/><N who="0" m="28119" /><D126/><U36/><E36/><N who="0" m="13865" /><D42/><U131/><E131/><V93/><F2/><W51/><G22/><T85/><D85/><U133/><E133/><V28/><F32/><W43/><G4/><T7/><D7/><U120/><E120/><V129/><F123/><W107/><G10/><T119/><D115/><U66/><E66/><V102/><F34/><W16/><G79/><T8/><D8/><U30/><E30/><V0/><F28/><W68/><G83/><T105/><D105/><U125/><E125/><V11/><F104/><W59/><G107/><T47/><D112/><U17/><E130/><V95/><F129/><W132/><G76/><T56/><D47/><U44/><E44/><V80/><F11/><W26/><G81/><T54/><D63/><N who="1" m="36263" /><E78/><V106/><F124/><W41/><G41/><T100/><D100/><U18/><E87/><N who="2" m="50423" /><F106/><W73/><G43/><T14/><D14/><U31/><E31/><RYUUKYOKU ba="1,0" sc="96,15,499,15,231,-15,174,-15" hai0="54,56,60,109,110,111,119" hai1="9,13,17,18,19,97,98" owari="111,-39.0,514,61.0,216,2.0,159,-24.0" /></mjloggm>