<mjloggm ver="2.3"><GO type="169" lobby="0"/><UN n0="%E6%AD%A6%E8%A3%85%E5%95%86%E8%88%B9%E5%9B%A3" n1="%E3%81%B2%E3%81%90%E3%81%A1" n2="%E3%82%BF%E3%82%B1%E3%82%AA%E3%81%97%E3%82%83%E3%82%93" n3="%E3%82%A6%E3%83%AB%E3%83%88%E3%83%A9%E7%AB%8B%E7%9B%B4" dan="16,18,17,17" rate="2180.92,2194.09,2194.68,2178.71" sx="M,M,M,M"/><TAIKYOKU oya="0"/><INIT seed="0,0,0,5,4,30" ten="250,250,250,250" oya="0" hai0="95,68,60,74,19,75,33,108,11,129,25,114,121" hai1="39,89,110,27,44,21,46,5,26,13,12,35,7" hai2="53,57,122,117,128,130,98,103,32,134,124,40,24" hai3="36,10,8,105,59,84,20,45,107,131,67,64,6"/><T54/><D114/><U119/><E39/><V112/><F112/><W9/><G131/><N who="2" m="50217" /><F122/><W81/><G6/><N who="1" m="2058" /><E119/><V43/><F134/><W0/><G0/><T3/><D129/><U37/><E37/><V15/><F15/><N who="1" m="5705" /><E89/><V77/><F77/><W47/><G20/><T132/><D121/><U115/><E115/><V42/><F124/><W78/><G36/><T34/><D132/><U109/><E21/><V76/><F76/><W113/><G113/><T91/><D3/><U66/><E66/><V101/><F117/><W31/><G31/><T50/><D11/><U63/><E63/><N who="2" m="36271" /><F98/><W69/><G69/><T96/><D68/><U92/><E92/><V126/><F126/><W94/><G94/><T125/><D125/><U87/><E87/><V28/><AGARI ba="0,0" hai="24,28,32,40,42,43,101,103" m="36271,50217" machi="28" ten="40,2700,0" yaku="19,1,52,1" doraHai="30" who="2" fromWho="2" sc="250,-13,250,-7,250,27,250,-7" /><INIT seed="1,0,0,1,0,7" ten="237,243,277,243" oya="1" hai0="126,62,110,16,125,47,57,122,127,5,58,116,22" hai1="103,85,67,107,117,99,21,83,40,120,100,112,36" hai2="119,87,114,108,0,134,97,93,13,98,72,15,25" hai3="121,24,133,68,76,95,86,39,75,54,84,128,64"/><U8/><E117/><V129/><F0/><W111/><G121/><T28/><D116/><U41/><E112/><V42/><F72/><W30/><G111/><T49/><D110/><U79/><E120/><V130/><F119/><W80/><G128/><N who="2" m="49257" /><F108/><W89/><G133/><T61/><D122/><U23/><E67/><V66/><F66/><W92/><G39/><T53/><D28/><U48/><E36/><V38/><F134/><W113/><G113/><T3/><D62/><U52/><E103/><N who="2" m="60847" /><F25/><W17/><G54/><T34/><D34/><U73/><E73/><V69/><F69/><W32/><G64/><T35/><D35/><U20/><REACH who="1" step="1"/><E8/><REACH who="1" ten="237,233,277,243" step="2"/><V74/><F74/><W46/><G75/><T82/><D82/><U56/><AGARI ba="0,1" hai="20,21,23,40,41,48,52,56,79,83,85,99,100,107" machi="56" ten="30,18000,2" yaku="1,1,2,1,0,1,54,1,53,3" doraHai="7" doraHaiUra="19" who="1" fromWho="1" sc="237,-60,233,190,277,-60,243,-60" /><INIT seed="1,1,0,2,0,41" ten="177,423,217,183" oya="1" hai0="81,89,62,134,128,58,110,48,116,105,99,70,114" hai1="6,135,84,12,9,78,26,56,2,71,120,28,124" hai2="129,74,131,94,63,54,65,44,113,51,46,40,73" hai3="96,10,119,68,22,77,57,80,64,47,15,0,36"/><U4/><E71/><V69/><F94/><W72/><G119/><T107/><D116/><U60/><E120/><V92/><F92/><W53/><G96/><T95/><D114/><U52/><E124/><V104/><F104/><W1/><G22/><T20/><D110/><U11/><E135/><V25/><F25/><W100/><G100/><T19/><D134/><U117/><E117/><V38/><REACH who="2" step="1"/><F113/><REACH who="2" ten="177,423,207,183" step="2"/><W17/><G68/><T55/><D128/><AGARI ba="1,1" hai="38,40,44,46,51,54,63,65,69,73,74,128,129,131" machi="128" ten="40,8000,1" yaku="1,1,2,1,19,1,52,2,53,0" doraHai="41" doraHaiUra="5" who="2" fromWho="0" sc="177,-83,423,0,207,93,183,0" /><INIT seed="2,0,0,0,0,69" ten="94,423,300,183" oya="2" hai0="110,52,126,29,129,37,31,28,68,10,41,76,108" hai1="26,0,66,22,105,98,5,55,40,124,67,59,72" hai2="64,116,106,115,100,11,99,113,130,27,81,132,54" hai3="70,44,38,48,109,36,85,60,123,57,33,131,15"/><V119/><F64/><N who="3" m="41223" /><G15/><T17/><D68/><U1/><E72/><V8/><F8/><W30/><G85/><T35/><D35/><U7/><E124/><V101/><F11/><W107/><G107/><T9/><D126/><U92/><E40/><V127/><F127/><W16/><G16/><T6/><D129/><U65/><E105/><V42/><F130/><W19/><G19/><T112/><D112/><U82/><E82/><V77/><F27/><W75/><G75/><T53/><D76/><U74/><E74/><V12/><F12/><W134/><G30/><T18/><D31/><N who="1" m="17879" /><E0/><V83/><F100/><W13/><G13/><T14/><D14/><U21/><E21/><V49/><F81/><W45/><G33/><T46/><D46/><N who="3" m="18025" /><G131/><T102/><D41/><U71/><E71/><V24/><F42/><W47/><G123/><T114/><D102/><N who="1" m="60743" /><E1/><V62/><F24/><W2/><G2/><T86/><D86/><U97/><E97/><V43/><F83/><W104/><G104/><T20/><D20/><U103/><E103/><V96/><F101/><W73/><G73/><T61/><D114/><U84/><E84/><V58/><F99/><W88/><G88/><T23/><D23/><U111/><E111/><V128/><F96/><W4/><G4/><T80/><D80/><U117/><E117/><V34/><F106/><W79/><G109/><T118/><D118/><U25/><E25/><V39/><F34/><W50/><G79/><T125/><D125/><U93/><E93/><V51/><F115/><W120/><G120/><T87/><D87/><U63/><AGARI ba="0,0" hai="5,7,55,59,63,65,66,67" m="60743,17879" machi="63" ten="30,2000,0" yaku="5,1,8,1" doraHai="69" who="1" fromWho="1" sc="94,-5,423,20,300,-10,183,-5" /><INIT seed="3,0,0,4,4,69" ten="89,443,290,178" oya="3" hai0="37,20,85,129,31,8,102,77,23,21,45,7,108" hai1="63,29,113,95,81,41,106,33,40,57,79,111,70" hai2="94,55,116,120,22,131,119,84,80,34,36,28,3" hai3="122,46,86,5,24,26,98,47,11,25,39,99,73"/><W117/><G117/><T126/><D108/><U105/><E70/><V72/><F3/><W89/><G73/><T14/><D126/><U92/><E33/><V75/><F34/><W52/><G122/><T68/><D129/><U124/><E29/><V135/><F131/><W65/><G65/><T100/><D68/><U35/><E35/><V97/><F135/><W71/><G71/><T62/><D62/><U6/><E6/><V76/><F120/><W51/><G39/><T12/><D31/><U13/><E13/><V133/><F36/><W19/><G46/><T110/><D110/><U61/><E57/><V83/><F72/><W78/><G78/><T4/><D37/><U127/><E81/><V58/><F133/><W96/><G19/><T53/><D77/><U125/><E79/><V0/><F80/><W60/><G60/><N who="1" m="23114" /><E113/><V42/><F0/><W90/><REACH who="3" step="1"/><G86/><REACH who="3" ten="89,443,290,168" step="2"/><T64/><D85/><U93/><E111/><V88/><F75/><W9/><G9/><N who="0" m="4159" /><D64/><U104/><AGARI ba="0,1" hai="40,41,92,93,95,104,105,106,124,125,127" m="23114" machi="104" ten="50,8000,1" yaku="29,2,28,2,18,1" doraHai="69" who="1" fromWho="1" sc="89,-20,443,90,290,-20,168,-40" /><INIT seed="4,0,0,5,1,55" ten="69,533,270,128" oya="0" hai0="34,110,70,61,130,72,115,117,106,129,38,60,112" hai1="68,24,58,101,135,119,89,79,16,97,65,123,45" hai2="10,102,19,86,126,50,23,69,109,17,40,5,18" hai3="76,121,77,113,41,9,124,118,128,2,8,26,48"/><T98/><RYUUKYOKU type="yao9" ba="0,0" sc="69,0,533,0,270,0,128,0" hai0="34,38,60,61,70,72,98,106,110,112,115,117,129,130" /><INIT seed="4,1,0,1,3,103" ten="69,533,270,128" oya="0" hai0="46,21,59,129,105,54,1,43,106,35,33,132,52" hai1="23,101,111,134,116,22,30,75,6,131,72,120,124" hai2="41,113,55,44,93,78,79,14,89,123,38,127,20" hai3="18,36,128,28,24,94,42,99,109,117,3,133,96"/><T126/><D1/><U61/><E101/><V86/><F123/><W16/><G109/><T104/><D126/><U11/><E61/><V67/><F113/><W47/><G117/><T4/><D132/><U12/><E75/><V45/><F127/><W85/><G133/><T100/><D129/><U83/><E83/><V76/><F67/><W5/><G128/><T63/><D100/><U62/><E62/><V122/><F122/><W81/><G5/><T32/><D4/><U19/><E72/><V95/><F55/><W90/><G3/><T66/><REACH who="0" step="1"/><D21/><REACH who="0" ten="59,533,270,128" step="2"/><U60/><E124/><V135/><F135/><W39/><G39/><AGARI ba="1,1" hai="32,33,35,39,43,46,52,54,59,63,66,104,105,106" machi="39" ten="50,18000,2" yaku="1,1,2,1,52,3,54,1,53,0" doraHai="103" doraHaiUra="77" who="0" fromWho="3" sc="59,193,533,0,270,0,128,-183" owari="252,-15.0,533,64.0,270,7.0,-55,-56.0" /></mjloggm>