<mjloggm ver="2.3"><GO type="169" lobby="0"/><UN n0="%47%E3%83%A8%E9%BE%8D%E9%96%80" n1="%E3%83%88%E3%83%88%E3%83%AA%E5%85%88%E7%94%9F%31%39%E6%AD%B3" n2="%E5%A3%87%E2%98%86%E8%9C%9C" n3="%E3%83%90%E3%83%90%E3%82%A2%E3%81%AE%E6%97%A5%E5%82%98" dan="18,17,16,17" rate="2180.62,2208.55,2066.94,2196.01" sx="M,F,M,F"/><TAIKYOKU oya="0"/><INIT seed="0,0,0,5,3,101" ten="250,250,250,250" oya="0" hai0="117,50,94,65,92,38,84,11,34,67,1,29,102" hai1="15,16,80,108,93,74,106,111,19,24,133,60,114" hai2="36,14,72,82,13,35,86,129,53,76,125,134,26" hai3="5,47,113,68,64,124,33,123,103,88,31,105,39"/><T122/><D117/><U118/><E118/><V87/><F36/><W83/><G5/><N who="0" m="1455" /><D38/><U51/><E133/><V7/><F134/><W104/><G113/><T6/><D50/><U52/><E114/><V73/><F129/><W32/><G123/><T77/><D102/><U12/><E106/><N who="3" m="41066" /><G103/><T48/><D48/><U43/><E93/><N who="0" m="35945" /><D6/><U99/><E99/><V85/><F53/><W63/><G39/><T18/><D18/><U126/><E60/><V46/><F46/><W107/><G47/><T44/><D44/><U62/><E62/><V119/><F72/><W61/><G61/><T131/><D131/><U81/><E43/><V95/><F119/><W27/><G33/><T115/><D115/><U0/><E51/><V54/><F54/><W79/><G107/><T10/><D10/><U9/><E52/><V22/><F7/><W97/><G32/><T3/><D3/><U59/><E0/><V128/><F35/><W57/><G63/><T4/><D4/><U98/><E98/><V110/><F128/><W96/><G97/><T69/><D69/><U135/><E135/><V17/><F95/><W42/><G96/><T30/><D34/><U130/><E130/><V90/><F90/><W23/><G68/><T28/><D122/><U75/><E9/><V109/><REACH who="2" step="1"/><F125/><REACH who="2" ten="250,250,240,250" step="2"/><W116/><G116/><T25/><D25/><U2/><E24/><V45/><F45/><W20/><G27/><T91/><D91/><U49/><E49/><V21/><F21/><W58/><G88/><T112/><D112/><U132/><E132/><V78/><F78/><W121/><G79/><RYUUKYOKU ba="0,1" sc="250,15,250,-15,240,15,250,-15" hai0="28,29,30,65,67,77,84" hai2="13,14,17,22,26,73,76,82,85,86,87,109,110" /><INIT seed="0,1,1,1,0,53" ten="265,235,255,235" oya="0" hai0="107,47,30,61,28,84,117,109,77,101,122,50,104" hai1="13,90,27,116,103,33,44,11,118,34,40,112,17" hai2="79,92,106,99,128,100,87,133,123,85,37,1,36" hai3="38,48,3,4,115,39,52,67,108,25,6,89,86"/><T2/><D117/><U113/><E103/><V16/><F123/><W129/><G108/><T64/><D122/><U110/><E90/><V70/><F1/><W120/><G115/><N who="1" m="44106" /><E110/><V60/><F133/><W93/><G120/><T124/><D2/><U56/><E56/><V82/><F128/><W105/><G129/><T20/><D109/><U102/><E102/><V72/><F85/><W19/><G105/><T21/><D124/><U78/><E78/><V111/><F111/><W14/><G67/><T69/><D107/><U5/><E44/><V26/><F70/><W15/><G3/><T45/><D45/><U65/><E65/><V73/><F60/><W81/><G25/><T68/><D68/><U9/><E40/><V22/><F72/><W0/><G14/><T23/><D101/><U51/><E51/><V10/><F10/><N who="3" m="6647" /><G0/><T29/><D104/><U125/><E11/><V71/><F71/><W59/><G39/><T35/><D35/><N who="1" m="13323" /><E125/><V88/><AGARI ba="1,1" hai="16,22,26,36,37,73,79,82,87,88,92,99,100,106" machi="88" ten="30,8000,1" yaku="0,1,24,2,54,2" doraHai="53" who="2" fromWho="2" sc="265,-41,235,-21,255,93,235,-21" /><INIT seed="1,0,0,0,0,20" ten="224,214,348,214" oya="1" hai0="14,128,42,51,85,61,19,129,34,104,89,92,111" hai1="16,9,107,12,65,134,91,55,90,96,71,94,41" hai2="37,67,21,116,52,68,82,66,57,79,30,18,2" hai3="32,93,72,87,8,130,98,64,27,112,25,99,86"/><U17/><E134/><V127/><F37/><W121/><G72/><T77/><D111/><U5/><E107/><V83/><F2/><W109/><G32/><T80/><D104/><U88/><E41/><V58/><F68/><W0/><G109/><T48/><D34/><U108/><E108/><V126/><F30/><W101/><G121/><T36/><D36/><U124/><E124/><N who="2" m="47659" /><F58/><W39/><G39/><T135/><D61/><U70/><E70/><V38/><F38/><W15/><G0/><T118/><D118/><U50/><E65/><N who="2" m="24587" /><F79/><W97/><G64/><T125/><D135/><U106/><E106/><V29/><F29/><W84/><G130/><N who="0" m="50283" /><D42/><U4/><E17/><V123/><F123/><W73/><G73/><N who="0" m="43055" /><D125/><U1/><E71/><V46/><F46/><W100/><G112/><T56/><D56/><N who="1" m="32887" /><E1/><V7/><F7/><AGARI ba="0,0" hai="4,5,7,9,12,16,88,90,91,94,96" m="32887" machi="7" ten="30,5800,0" yaku="8,1,54,2" doraHai="20" who="1" fromWho="2" sc="224,0,214,58,348,-58,214,0" /><INIT seed="1,1,0,3,3,103" ten="224,272,290,214" oya="1" hai0="4,117,39,83,131,51,18,70,9,11,132,108,99" hai1="124,37,87,17,118,127,45,0,27,8,105,55,122" hai2="72,120,20,100,41,40,91,7,12,74,49,101,5" hai3="42,102,126,2,61,111,88,84,78,14,121,3,112"/><U48/><E118/><V119/><F119/><W89/><G111/><T13/><D117/><U54/><E122/><V38/><F38/><W36/><G121/><T28/><D39/><U125/><E37/><V77/><F91/><W6/><G36/><T24/><D108/><U50/><E87/><V1/><F120/><W81/><G42/><T90/><D70/><U65/><E65/><V16/><F1/><W31/><G112/><T64/><D132/><U67/><E67/><V43/><F74/><W134/><G134/><T47/><D64/><U130/><E130/><V128/><F128/><W98/><G31/><T19/><D19/><U35/><E35/><V93/><F77/><W135/><G126/><T71/><D71/><U68/><E68/><V46/><F72/><W32/><G32/><T34/><D131/><U95/><E95/><V106/><F106/><W92/><G135/><T86/><D99/><U97/><E27/><V69/><F69/><W76/><G89/><T114/><D114/><U57/><E17/><V66/><F66/><W33/><G33/><T85/><D85/><U110/><E110/><V53/><F101/><W26/><G26/><T109/><D109/><U25/><E25/><V133/><F133/><W60/><G14/><T10/><D4/><N who="1" m="1031" /><E97/><AGARI ba="1,0" hai="5,7,12,16,20,40,41,43,46,49,53,93,97,100" machi="97" ten="40,2600,0" yaku="8,1,54,1" doraHai="103" who="2" fromWho="1" sc="224,0,272,-29,290,29,214,0" /><INIT seed="2,0,0,1,3,96" ten="224,243,319,214" oya="2" hai0="50,28,18,113,40,85,76,81,64,49,24,71,20" hai1="10,74,34,117,17,11,38,125,22,32,51,123,29" hai2="35,121,134,59,90,46,43,58,42,2,65,66,23" hai3="60,53,133,56,4,73,19,6,67,36,1,79,97"/><V25/><F2/><W9/><G133/><T99/><D113/><U111/><E38/><V33/><F121/><W127/><G4/><T98/><D71/><U132/><E74/><V126/><F134/><W57/><G36/><T94/><D64/><U45/><E132/><V63/><F126/><W110/><G110/><T135/><D135/><U31/><E117/><V101/><F90/><W14/><G127/><T93/><D28/><N who="1" m="10827" /><E51/><V131/><F131/><W122/><G122/><T41/><D49/><U106/><E45/><V91/><F91/><W89/><G79/><T104/><D104/><U103/><E103/><V75/><F101/><W62/><G73/><T72/><D72/><U118/><E106/><V61/><F75/><W8/><G89/><N who="0" m="55631" /><D50/><U114/><E118/><V116/><F116/><W102/><REACH who="3" step="1"/><G97/><REACH who="3" ten="224,243,319,204" step="2"/><T52/><D99/><U68/><E125/><V7/><F7/><W0/><G0/><T15/><D76/><U87/><E123/><V30/><F42/><W108/><G108/><T26/><D41/><U54/><E111/><V107/><F107/><W105/><G105/><T3/><D40/><U86/><E114/><V78/><F78/><W69/><G69/><T129/><D3/><U47/><E68/><V21/><F35/><W70/><G70/><T5/><D85/><U109/><E109/><V100/><F100/><AGARI ba="0,1" hai="1,6,8,9,14,19,53,56,57,60,62,67,100,102" machi="100" ten="40,8000,1" yaku="1,1,52,2,53,2" doraHai="96" doraHaiUra="55" who="3" fromWho="2" sc="224,0,243,0,319,-80,204,90" /><INIT seed="3,0,0,2,1,10" ten="224,243,239,294" oya="3" hai0="12,133,45,92,70,24,134,47,96,110,44,76,39" hai1="18,116,130,131,82,51,72,54,129,34,25,86,2" hai2="4,7,11,88,90,100,67,30,50,37,99,42,13" hai3="114,97,74,77,20,57,89,60,48,22,69,113,38"/><W59/><G38/><T27/><D39/><U32/><E2/><V106/><F37/><W17/><G74/><T61/><D110/><U126/><E72/><V31/><F67/><W36/><G36/><T15/><D76/><U115/><E115/><V19/><F4/><W58/><G77/><T94/><D61/><U21/><E126/><V78/><F78/><W95/><G22/><T8/><D70/><U118/><E86/><V55/><F42/><W80/><G80/><T56/><D56/><U119/><REACH who="1" step="1"/><E82/><REACH who="1" ten="224,233,239,294" step="2"/><V41/><F41/><W16/><G113/><T63/><D134/><U87/><E87/><V121/><F121/><W52/><G114/><T40/><D133/><U6/><E6/><V84/><F7/><W0/><G0/><T103/><D40/><U108/><E108/><V109/><F109/><W123/><G123/><T112/><D112/><U9/><E9/><V73/><F73/><W107/><G107/><T135/><D135/><U127/><E127/><V66/><F84/><W46/><REACH who="3" step="1"/><G20/><REACH who="3" ten="224,233,239,284" step="2"/><T64/><D94/><U35/><E35/><V62/><F106/><W68/><G68/><T105/><D105/><U65/><E65/><AGARI ba="0,2" hai="16,17,46,48,52,57,58,59,60,65,69,89,95,97" machi="65" ten="40,12000,1" yaku="1,1,54,2,53,2" doraHai="10" doraHaiUra="14" who="3" fromWho="1" sc="224,0,233,-120,239,0,284,140" /><INIT seed="3,1,0,1,5,72" ten="224,113,239,424" oya="3" hai0="92,33,69,103,36,120,125,58,16,97,8,30,52" hai1="21,101,106,43,28,112,126,99,55,13,91,14,0" hai2="38,119,90,98,102,104,130,68,115,1,50,26,78" hai3="107,29,62,108,75,128,93,11,109,71,45,25,60"/><W20/><G107/><T3/><D120/><U80/><E112/><V81/><F38/><W94/><G128/><T18/><D125/><U6/><E126/><V9/><F68/><W10/><G45/><T84/><D69/><U114/><E114/><V127/><F119/><W31/><G75/><T48/><D36/><U83/><E43/><V135/><F115/><W56/><G71/><T61/><D33/><U17/><E28/><V88/><F130/><W27/><G20/><T73/><D73/><U76/><E0/><V37/><F37/><W42/><REACH who="3" step="1"/><G42/><REACH who="3" ten="224,113,239,414" step="2"/><T22/><D22/><U121/><E121/><V65/><F127/><W133/><G133/><T95/><D58/><AGARI ba="1,1" hai="10,11,25,27,29,31,56,58,60,62,93,94,108,109" machi="58" ten="25,4800,0" yaku="1,1,22,2,53,0" doraHai="72" doraHaiUra="86" who="3" fromWho="0" sc="224,-51,113,0,239,0,414,61" /><INIT seed="3,2,0,4,0,58" ten="173,113,239,475" oya="3" hai0="28,101,73,22,129,79,66,43,60,105,62,65,115" hai1="42,3,126,50,29,112,63,80,16,46,119,120,9" hai2="21,92,106,44,30,123,5,39,70,56,116,25,12" hai3="6,114,117,11,61,10,86,17,48,131,24,32,127"/><W125/><G117/><T90/><D129/><U93/><E112/><V134/><F106/><W121/><G114/><T26/><D115/><U74/><E120/><V71/><F116/><W82/><G121/><T45/><D105/><U51/><E119/><V104/><F104/><W27/><G48/><N who="0" m="26687" /><D73/><U72/><E126/><N who="3" m="48138" /><G17/><T111/><D111/><U122/><E122/><V94/><F134/><W68/><G32/><T132/><D132/><U35/><E3/><V20/><F56/><W89/><G11/><T81/><D79/><U87/><E93/><V8/><F21/><W69/><G131/><T37/><D101/><U41/><E29/><V83/><F83/><W47/><G47/><T33/><D37/><U91/><E35/><V53/><F123/><W64/><G69/><T109/><D33/><U31/><E31/><V98/><F92/><W13/><AGARI ba="2,0" hai="6,10,13,24,27,61,64,68,82,86,89" m="48138" machi="13" ten="30,3000,0" yaku="18,1,52,1" doraHai="58" who="3" fromWho="3" sc="173,-12,113,-12,239,-12,475,36" /><INIT seed="3,3,0,0,5,81" ten="161,101,227,511" oya="3" hai0="72,105,70,78,6,46,3,57,127,10,80,106,77" hai1="61,113,132,82,126,79,114,25,90,42,34,66,16" hai2="28,0,76,11,124,111,109,27,120,116,49,68,38" hai3="54,108,100,63,29,51,20,1,5,33,31,60,133"/><W71/><G33/><T119/><D119/><U35/><E132/><V122/><F38/><W121/><G1/><T2/><D127/><U24/><E126/><V58/><F68/><W94/><G5/><T32/><D57/><U128/><E128/><V93/><F124/><W45/><G121/><N who="2" m="46697" /><F116/><W86/><G71/><T43/><D77/><U18/><E42/><V21/><F76/><W107/><G107/><T65/><D32/><U129/><E129/><V102/><F102/><W56/><G108/><N who="2" m="41545" /><F93/><W130/><G130/><T97/><D2/><U91/><E79/><V112/><F58/><W7/><G56/><T9/><D9/><U37/><E82/><V36/><F36/><W23/><G94/><T123/><D97/><U19/><E37/><V14/><F49/><W13/><G51/><T39/><REACH who="0" step="1"/><D123/><REACH who="0" ten="151,101,227,511" step="2"/><U22/><E34/><V12/><F112/><W41/><G20/><T134/><D134/><U99/><E35/><V110/><F110/><W75/><G23/><T84/><D84/><U95/><E91/><V115/><F115/><W15/><G86/><T104/><D104/><U17/><REACH who="1" step="1"/><E24/><REACH who="1" ten="151,91,227,511" step="2"/><V48/><F27/><W74/><G133/><T69/><D69/><AGARI ba="3,2" hai="16,17,18,19,22,25,61,66,69,90,95,99,113,114" machi="69" ten="40,8000,1" yaku="1,1,2,1,54,1,53,1" doraHai="81" doraHaiUra="89" who="1" fromWho="0" sc="151,-89,91,109,227,0,511,0" /><INIT seed="4,0,0,5,0,50" ten="62,200,227,511" oya="0" hai0="115,63,10,3,12,98,99,16,70,69,37,94,73" hai1="81,124,117,90,91,38,60,133,109,27,31,30,57" hai2="111,76,59,35,128,82,78,36,25,88,110,26,24" hai3="55,41,21,95,132,46,56,6,131,72,52,101,127"/><T53/><D115/><U5/><E117/><V105/><F36/><W22/><G72/><T92/><D73/><U93/><E38/><V68/><F68/><W96/><G127/><T43/><D3/><U80/><E124/><V18/><F105/><W9/><G131/><T112/><D112/><U11/><E109/><V67/><F35/><W84/><G84/><T118/><D118/><U23/><E31/><V104/><F104/><W0/><G132/><T129/><D129/><U113/><E133/><V106/><F106/><W125/><G125/><T49/><D37/><U64/><E113/><V39/><F39/><W51/><G41/><T100/><D43/><U7/><E90/><V135/><F135/><W33/><G33/><T114/><D63/><AGARI ba="0,0" hai="0,6,9,21,22,46,51,52,55,56,63,95,96,101" machi="63" ten="30,7700,0" yaku="7,1,52,2,54,1" doraHai="50" who="3" fromWho="0" sc="62,-77,200,0,227,0,511,77" owari="-15,-52.0,200,-20.0,227,3.0,588,69.0" /></mjloggm>