<mjloggm ver="2.3"><GO type="41" lobby="0"/><UN n0="%E7%8C%AB%E3%81%AE%E3%83%81%E3%83%BC" n1="%E3%83%88%E3%83%88%E3%83%AA%E5%85%88%E7%94%9F%31%39%E6%AD%B3" n2="%73%61%77%61%6E%6F" n3="%E3%81%99%E3%81%8C%E9%B9%BF%E7%94%B7" dan="15,14,14,14" rate="2082.02,2033.62,1936.48,1855.62" sx="M,F,M,M"/><TAIKYOKU oya="0"/><INIT seed="0,0,0,0,1,36" ten="250,250,250,250" oya="0" hai0="13,93,128,25,66,52,11,42,68,84,121,90,51" hai1="102,118,39,134,21,24,34,74,120,7,113,38,116" hai2="47,23,58,87,0,65,33,124,122,5,50,100,125" hai3="127,70,123,40,59,16,27,96,6,129,62,91,61"/><T106/><D121/><U9/><E74/><V73/><F122/><W98/><G129/><T135/><D128/><U35/><E120/><V17/><F73/><W83/><G6/><T104/><D135/><U49/><E102/><V56/><F33/><W60/><G70/><T12/><D25/><U132/><E49/><V43/><F100/><W130/><G130/><T133/><D133/><N who="1" m="51307" /><E38/><V37/><F87/><W117/><G117/><N who="1" m="45162" /><E39/><V95/><F95/><W32/><G32/><T8/><D68/><U2/><E113/><V109/><F5/><W3/><G59/><T45/><D66/><U53/><E53/><V72/><F0/><W22/><G3/><T110/><D106/><U131/><E131/><V81/><F109/><W71/><G71/><T75/><D110/><U105/><E105/><V20/><F72/><W92/><G123/><T30/><D104/><U69/><E69/><V78/><F78/><W57/><G57/><T64/><D75/><U54/><E54/><V4/><F81/><W77/><G83/><T88/><D64/><U97/><E97/><V94/><F37/><W1/><G98/><T103/><D90/><U55/><E55/><V10/><F65/><W28/><G96/><T115/><D103/><U85/><E85/><V82/><F82/><W112/><G91/><T114/><D52/><U15/><E2/><N who="2" m="279" /><F94/><W63/><G1/><T46/><D46/><U107/><E107/><V18/><F58/><W89/><G92/><T14/><D30/><AGARI ba="0,0" hai="7,9,15,21,24,30,34,35" m="45162,51307" machi="30" ten="30,3900,0" yaku="20,1,34,2" doraHai="36" who="1" fromWho="0" sc="250,-39,250,39,250,0,250,0" /><INIT seed="1,0,0,0,0,8" ten="211,289,250,250" oya="1" hai0="57,79,103,65,97,36,89,115,26,56,91,131,39" hai1="7,0,87,114,72,86,58,94,17,122,100,20,106" hai2="47,84,62,98,22,6,64,104,95,33,99,120,2" hai3="70,35,73,25,135,12,41,9,124,19,130,23,32"/><U126/><E114/><V44/><F120/><W75/><G41/><T37/><D115/><U30/><E122/><V129/><F129/><W48/><G70/><T10/><D131/><U27/><E72/><V132/><F132/><W83/><G130/><T112/><D112/><U16/><E126/><V85/><F33/><W88/><G135/><T111/><D111/><U92/><E106/><V123/><F123/><W1/><G124/><T40/><D40/><U102/><E0/><V18/><F6/><W71/><G71/><T119/><D119/><U42/><E7/><V134/><F2/><W76/><G73/><T24/><D10/><U5/><E5/><V63/><F134/><W125/><G1/><T90/><D79/><U110/><E110/><V3/><F3/><W101/><G101/><N who="1" m="39018" /><E42/><V60/><F104/><W15/><G48/><T66/><D97/><N who="2" m="36874" /><F64/><N who="0" m="24682" /><D103/><U52/><E87/><N who="2" m="33355" /><F95/><N who="1" m="36393" /><E86/><V31/><F31/><W80/><G125/><T105/><D105/><U38/><E38/><V113/><F113/><W53/><G35/><T133/><D133/><U43/><E43/><V29/><F29/><W117/><G32/><T59/><AGARI ba="0,0" hai="24,26,36,37,39,56,57,59,89,90,91" m="24682" machi="59" ten="40,8000,1" yaku="29,2,28,2" doraHai="8" who="0" fromWho="0" sc="211,80,289,-40,250,-20,250,-20" /><INIT seed="2,0,0,2,4,107" ten="291,249,230,230" oya="2" hai0="98,92,83,99,47,119,45,26,58,105,56,25,17" hai1="85,41,86,126,16,132,117,50,78,15,111,96,32" hai2="90,69,12,67,31,46,8,134,84,80,55,113,131" hai3="60,2,100,120,91,59,7,73,110,95,130,70,19"/><V6/><F113/><W76/><G100/><T135/><D105/><U125/><E117/><V9/><F134/><W115/><G120/><T20/><D135/><U71/><E132/><V109/><F131/><W5/><G130/><T38/><D119/><U0/><E0/><V21/><F109/><W18/><G110/><T4/><D4/><U102/><E71/><V97/><F97/><W29/><G70/><T89/><D38/><U129/><E32/><V114/><F114/><W35/><G29/><T37/><D37/><U127/><E129/><V104/><F104/><W48/><G35/><T63/><D58/><U33/><E33/><V53/><F69/><W66/><G2/><T36/><D36/><U108/><E85/><V57/><F9/><W94/><G94/><T93/><D83/><N who="1" m="47479" /><E96/><V62/><F46/><W34/><G34/><T68/><D26/><AGARI ba="0,0" hai="6,8,12,21,26,31,53,55,57,62,67,80,84,90" machi="26" ten="40,2000,0" yaku="8,1" doraHai="107" who="2" fromWho="0" sc="291,-20,249,0,230,20,230,0" /><INIT seed="2,1,0,3,1,67" ten="271,249,250,230" oya="2" hai0="76,111,20,72,48,45,32,59,82,4,94,126,27" hai1="116,1,127,103,133,7,75,28,78,23,19,121,41" hai2="29,61,39,113,89,86,87,91,25,107,96,24,34" hai3="57,106,33,101,38,105,15,26,50,10,14,46,123"/><V79/><F113/><W118/><G123/><T9/><D111/><U18/><E103/><V66/><F39/><W62/><G101/><T102/><D126/><U0/><E41/><V47/><F47/><W37/><G118/><T124/><D32/><U100/><E100/><N who="2" m="62855" /><F24/><W58/><G33/><T69/><D124/><U16/><E127/><V43/><F43/><W125/><G125/><T81/><D59/><U40/><E116/><V135/><F135/><W51/><G46/><T131/><D82/><U31/><E40/><V122/><F122/><W54/><G26/><T112/><BYE who="1" /><D112/><U129/><E129/><V70/><F79/><W110/><G62/><T90/><D102/><U104/><E104/><V92/><F89/><W21/><G21/><T44/><D131/><U99/><E99/><AGARI ba="1,0" hai="25,29,34,61,66,70,86,87,91,92,99" m="62855" machi="99" ten="30,2900,0" yaku="25,1,52,1" doraHai="67" who="2" fromWho="1" sc="271,0,249,-32,250,32,230,0" /><INIT seed="2,2,0,1,0,11" ten="271,217,282,230" oya="2" hai0="8,62,99,117,46,34,7,92,76,31,88,42,111" hai1="30,110,21,56,13,89,40,66,17,16,26,121,67" hai2="4,64,120,2,116,126,114,106,35,47,27,101,123" hai3="29,52,18,20,50,14,90,93,115,15,105,48,103"/><V119/><F47/><W118/><G118/><N who="2" m="45097" /><F64/><W97/><G115/><T129/><D111/><U91/><E91/><V80/><F80/><W6/><G29/><T19/><D129/><U5/><E5/><V45/><F45/><W94/><G105/><T85/><D117/><U122/><E122/><N who="2" m="46635" /><F101/><W36/><G36/><T38/><D19/><U0/><E0/><V25/><F106/><W23/><G52/><T133/><D133/><U127/><E127/><V74/><F74/><W86/><G6/><T71/><D76/><U104/><E104/><V44/><F44/><W53/><G53/><T102/><D31/><U84/><E84/><V134/><F134/><W132/><G132/><T83/><D34/><U58/><E58/><V60/><F60/><W68/><G68/><T10/><REACH who="0" step="1"/><D7/><REACH who="0" ten="261,217,282,230" step="2"/><U33/><E33/><V135/><F135/><W55/><G55/><T49/><D49/><U1/><E1/><V22/><F114/><W57/><G57/><T28/><D28/><U72/><E72/><V98/><F126/><W43/><G43/><T131/><D131/><U130/><E130/><V96/><F35/><W70/><G70/><T54/><D54/><U81/><E81/><V108/><F108/><W73/><G73/><T79/><D79/><U3/><E3/><V125/><F125/><W100/><G50/><T77/><D77/><U24/><E24/><N who="2" m="9291" /><F4/><W78/><G78/><T61/><D61/><U113/><E113/><V69/><F2/><W12/><G48/><T109/><D109/><U95/><E95/><V41/><F69/><W59/><G59/><T37/><D37/><RYUUKYOKU ba="2,1" sc="261,30,217,-10,282,-10,230,-10" hai0="8,10,38,42,46,62,71,83,85,88,92,99,102" /><INIT seed="3,3,1,0,5,115" ten="291,207,272,220" oya="3" hai0="35,134,104,0,12,48,106,24,66,86,67,19,45" hai1="73,43,20,113,11,84,60,9,114,46,107,68,81" hai2="57,122,128,83,116,96,18,76,97,92,123,74,40" hai3="117,4,112,31,59,25,5,39,52,124,127,56,28"/><W3/><G112/><T89/><D0/><U2/><E2/><V54/><F40/><W10/><G39/><T131/><D131/><U78/><E78/><V23/><F128/><W13/><G59/><T98/><D134/><U62/><E62/><N who="2" m="36151" /><F96/><W71/><G71/><T77/><D77/><U135/><E135/><V53/><F53/><W110/><G110/><T82/><D98/><U130/><E130/><V91/><F23/><W27/><G117/><T121/><D121/><N who="2" m="46090" /><F18/><W51/><G5/><T49/><D49/><U95/><E95/><V36/><F36/><W26/><REACH who="3" step="1"/><G3/><REACH who="3" ten="291,207,272,210" step="2"/><T101/><D106/><U129/><E129/><V85/><F116/><W14/><G14/><T80/><D104/><U29/><E29/><AGARI ba="3,2" hai="4,10,13,25,26,27,28,29,31,51,52,56,124,127" machi="29" ten="40,7700,0" yaku="1,1,54,1,53,1" doraHai="115" doraHaiUra="8" who="3" fromWho="1" sc="291,0,207,-86,272,0,210,106" /><UN n1="%E3%83%88%E3%83%88%E3%83%AA%E5%85%88%E7%94%9F%31%39%E6%AD%B3" /><INIT seed="3,4,0,5,5,1" ten="291,121,272,316" oya="3" hai0="113,46,82,45,10,9,87,95,129,3,70,53,36" hai1="24,107,40,99,12,32,81,131,68,66,102,76,13" hai2="127,6,62,104,109,5,135,73,33,111,14,65,63" hai3="74,11,7,60,38,19,22,39,118,57,69,100,98"/><W91/><G118/><T134/><D70/><U126/><E131/><V31/><F73/><W0/><G69/><T44/><D36/><U21/><E40/><V25/><F104/><W130/><G130/><T16/><D113/><U37/><E126/><V83/><F127/><W75/><G74/><T78/><D134/><U103/><E103/><V85/><F135/><W124/><G75/><T128/><D95/><U96/><E96/><V123/><F123/><W112/><G112/><T30/><D30/><U56/><E37/><V54/><F14/><W117/><G117/><T64/><D64/><U120/><E120/><V108/><F54/><W77/><G77/><T27/><D3/><U79/><E32/><V94/><F94/><W88/><G39/><T71/><D71/><U110/><E68/><N who="2" m="42039" /><F63/><W97/><G38/><T49/><D129/><U72/><E76/><AGARI ba="4,0" hai="5,6,25,31,33,76,83,85,108,109,111" m="42039" machi="76" ten="30,3900,0" yaku="14,1,52,2" doraHai="1" who="2" fromWho="1" sc="291,0,121,-51,272,51,316,0" /><INIT seed="4,0,0,4,0,36" ten="291,70,323,316" oya="0" hai0="48,125,135,38,132,52,122,118,63,23,56,58,120" hai1="101,37,59,46,86,134,43,88,6,110,11,119,108" hai2="65,25,89,18,131,61,3,87,96,113,115,54,117" hai3="5,82,14,111,0,81,51,53,66,44,130,104,21"/><T32/><D32/><U15/><E119/><V22/><F3/><W29/><G104/><T30/><D38/><U99/><E134/><N who="0" m="51241" /><D30/><U121/><E121/><N who="0" m="46697" /><D23/><U16/><E59/><V71/><F117/><W45/><G21/><T106/><D106/><U109/><E6/><V127/><F127/><W50/><G5/><T98/><D98/><U114/><E114/><N who="2" m="43531" /><F131/><W62/><G29/><T102/><D102/><U85/><REACH who="1" step="1"/><E88/><REACH who="1" ten="291,60,323,316" step="2"/><V84/><F54/><W100/><G53/><N who="0" m="31783" /><D118/><U33/><E33/><V26/><F89/><W28/><G130/><T126/><AGARI ba="0,1" hai="52,58,63,125,126" m="31783,46697,51241" machi="126" ten="40,12000,1" yaku="20,1,34,2,54,1" doraHai="36" who="0" fromWho="0" sc="291,130,60,-40,323,-40,316,-40" /><INIT seed="4,1,0,3,2,42" ten="421,20,283,276" oya="0" hai0="50,26,1,11,24,128,97,18,79,41,92,90,96" hai1="84,106,126,95,75,121,69,105,36,47,59,64,113" hai2="117,38,7,40,14,54,37,33,94,39,67,10,87" hai3="133,45,12,48,35,82,78,86,4,21,77,55,65"/><T56/><D128/><U107/><E121/><V57/><F33/><W66/><G35/><T110/><D110/><U15/><E75/><V81/><F117/><W100/><G133/><T71/><D71/><U124/><E69/><V22/><F22/><W127/><G127/><T116/><D116/><U31/><E31/><V102/><F67/><W89/><G100/><T9/><D79/><N who="3" m="30217" /><G4/><T93/><D1/><U120/><E120/><V30/><F30/><W51/><G51/><T115/><D115/><U17/><E113/><V3/><F102/><W0/><G0/><T63/><D50/><U49/><E36/><V125/><F125/><W70/><G70/><T101/><D41/><U98/><E84/><V13/><F94/><W134/><G134/><T118/><D118/><U123/><E64/><V46/><F13/><W122/><G122/><T60/><D60/><U119/><E59/><V43/><F40/><W99/><G99/><T91/><D101/><U135/><E119/><V5/><F7/><W111/><G111/><T104/><D104/><U85/><E85/><V68/><F68/><W74/><G74/><T108/><D108/><U62/><E62/><V132/><F3/><W23/><G23/><N who="0" m="13431" /><D26/><U131/><E135/><V19/><F5/><W76/><G76/><T8/><D8/><N who="1" m="6375" /><E123/><V61/><F132/><W109/><G109/><T58/><D58/><U2/><E2/><V25/><F25/><W29/><G29/><T34/><D34/><U83/><E126/><V20/><F10/><W130/><G130/><T27/><D27/><U80/><E124/><V53/><F53/><AGARI ba="1,0" hai="9,11,53,56,63,90,91,92,93,96,97" m="13431" machi="53" ten="30,5800,0" yaku="6,1,25,1,8,1" doraHai="42" who="0" fromWho="2" sc="421,61,20,0,283,-61,276,0" /><INIT seed="4,2,0,0,1,111" ten="482,20,222,276" oya="0" hai0="97,71,77,18,82,12,92,46,117,110,112,59,129" hai1="101,36,50,84,52,37,119,83,26,63,93,25,79" hai2="78,85,1,90,44,56,133,81,88,24,34,17,72" hai3="87,104,31,20,106,68,47,66,28,7,13,124,126"/><T55/><D71/><U65/><E119/><V33/><F1/><W58/><G68/><T48/><D110/><U40/><E36/><V96/><F133/><W95/><G47/><T86/><D129/><U102/><E40/><V2/><F2/><W8/><G58/><T128/><D128/><U121/><E37/><V43/><F72/><W45/><G45/><T67/><D117/><U32/><E121/><V132/><F132/><W27/><G66/><T91/><D67/><U94/><E32/><V64/><F33/><W134/><G31/><T15/><D112/><U4/><E4/><V69/><F69/><W10/><G10/><T16/><D46/><N who="1" m="27735" /><E93/><V22/><F96/><W19/><G28/><T74/><D74/><U57/><E94/><V30/><F56/><W135/><G134/><T118/><D118/><U39/><E39/><V122/><F64/><W0/><G0/><T125/><D125/><N who="3" m="48233" /><G135/><T51/><D51/><U61/><E61/><V62/><F62/><W9/><G9/><T105/><D105/><U107/><E107/><V114/><F114/><W11/><G11/><T100/><D100/><AGARI ba="2,0" hai="25,26,57,63,65,79,83,84,100,101,102" m="27735" machi="100" ten="30,2000,0" yaku="8,1,54,1" doraHai="111" who="1" fromWho="0" sc="482,-26,20,26,222,0,276,0" /><INIT seed="5,0,0,1,4,69" ten="456,46,222,276" oya="1" hai0="22,24,59,25,79,96,94,42,112,82,81,129,103" hai1="68,119,23,115,33,1,46,21,111,28,104,120,132" hai2="66,67,61,32,6,85,27,127,7,124,75,97,90" hai3="30,51,35,87,88,105,56,60,45,98,54,135,31"/><U58/><RYUUKYOKU type="yao9" ba="0,0" sc="456,0,46,0,222,0,276,0" hai1="1,21,23,28,33,46,58,68,104,111,115,119,120,132" /><INIT seed="5,1,0,0,0,74" ten="456,46,222,276" oya="1" hai0="99,126,30,122,37,89,87,52,64,5,19,49,18" hai1="34,56,1,54,15,57,115,135,13,32,77,21,96" hai2="98,46,114,9,65,43,112,50,60,63,132,62,39" hai3="97,109,20,84,41,26,123,36,6,93,117,12,110"/><U85/><E1/><V66/><F98/><W91/><G123/><T55/><D37/><U70/><E70/><V125/><F9/><W67/><G117/><T133/><D122/><U119/><E119/><V45/><F132/><W59/><G41/><T101/><D133/><U134/><E115/><V78/><F78/><W128/><G128/><T33/><D126/><U127/><E127/><V2/><F2/><W79/><G36/><T121/><D64/><U61/><E134/><V68/><F125/><W103/><G12/><T53/><D5/><U25/><E135/><V86/><F86/><W92/><G6/><T130/><D130/><U29/><E32/><V44/><F39/><W108/><G79/><T35/><D121/><U71/><E71/><V7/><F7/><W106/><G106/><T72/><D72/><U73/><E34/><V40/><F50/><W76/><G76/><T113/><D113/><N who="2" m="43626" /><F68/><W129/><G129/><T124/><D124/><U38/><E38/><V104/><F104/><W42/><G42/><AGARI ba="1,0" hai="40,42,43,44,45,46,60,62,63,65,66" m="43626" machi="42" ten="40,12000,2" yaku="28,2,15,1,11,1,34,2" doraHai="74" who="2" fromWho="3" sc="456,0,46,0,222,123,276,-123" /><INIT seed="6,0,0,0,2,107" ten="456,46,345,153" oya="2" hai0="26,54,76,102,45,23,40,78,2,4,9,5,90" hai1="61,123,74,47,99,100,108,132,3,0,58,15,86" hai2="127,32,75,109,37,1,97,77,134,71,135,28,128" hai3="84,34,20,16,118,81,73,30,63,106,104,117,55"/><V114/><F28/><W53/><G30/><T31/><D102/><U10/><E108/><V7/><F97/><W25/><G34/><T98/><D5/><U94/><E132/><V17/><F77/><W29/><G29/><T121/><D54/><U96/><E123/><V113/><F17/><W120/><G120/><T49/><D121/><U68/><E68/><V79/><F7/><W41/><G41/><T56/><D56/><U8/><E47/><V64/><F64/><W36/><G36/><T95/><AGARI ba="0,0" hai="2,4,9,23,26,31,40,45,49,76,78,90,95,98" machi="95" ten="30,1100,0" yaku="0,1" doraHai="107" who="0" fromWho="0" sc="456,11,46,-3,345,-5,153,-3" /><INIT seed="7,0,0,2,3,102" ten="467,43,340,150" oya="3" hai0="23,129,43,30,52,29,37,40,97,84,77,70,15" hai1="127,20,11,42,111,121,69,103,56,128,113,55,85" hai2="112,39,48,105,62,131,93,135,1,53,66,34,63" hai3="100,72,71,2,13,88,126,109,19,65,58,110,33"/><W76/><G2/><T7/><D70/><U92/><E111/><V22/><F131/><W133/><G33/><T68/><D68/><U124/><E121/><V18/><F34/><W125/><G100/><T134/><D37/><U59/><E69/><V26/><F1/><W83/><G71/><T96/><D134/><U91/><E128/><V104/><F39/><W31/><G31/><T118/><D129/><U3/><E113/><V60/><F135/><W81/><G133/><T122/><D122/><U46/><E3/><V16/><F112/><W44/><G44/><T89/><D77/><U50/><E11/><V80/><F80/><W86/><G58/><T32/><D32/><U28/><E28/><V36/><F36/><W98/><G98/><T61/><D118/><U90/><E90/><V54/><F93/><W106/><G65/><T82/><D7/><U67/><E67/><V94/><F94/><W27/><G27/><N who="0" m="16639" /><D15/><U17/><E103/><V123/><F123/><W101/><G19/><N who="2" m="7209" /><F66/><W6/><G13/><T108/><D30/><U0/><E0/><V12/><F22/><W38/><G6/><T51/><D61/><N who="2" m="15618" /><V132/><DORA hai="130" /><F26/><W21/><G21/><T99/><D108/><U9/><E9/><V49/><BYE who="1" /><F12/><W107/><G38/><T47/><AGARI ba="0,0" hai="40,43,47,51,52,82,84,89,96,97,99" m="16639" machi="47" ten="30,2000,0" yaku="8,1,54,1" doraHai="102,130" who="0" fromWho="0" sc="467,20,43,-5,340,-5,150,-10" owari="487,58.0,38,-46.0,335,14.0,140,-26.0" /></mjloggm>