<mjloggm ver="2.3"><GO type="97" lobby="0"/><UN n0="%E3%81%8C%E3%81%8A%E3%83%BC" n1="%E5%B0%B1%E6%B4%BB%E7%94%9F%40%E5%B7%9D%E6%9D%91%E8%BB%8D%E5%9B%A3" n2="%6F%77%61%72%69%2D" n3="%E4%BB%8A%E6%97%A5%E3%81%A0%E3%81%91%E3%81%8C%E3%82%93%E3%81%B0%E3%82%8B" dan="15,14,15,13" rate="2059.95,1947.31,1975.11,1922.39" sx="M,M,M,M"/><TAIKYOKU oya="0"/><INIT seed="0,0,0,2,0,117" ten="250,250,250,250" oya="0" hai0="62,64,103,55,0,11,54,25,96,128,29,51,22" hai1="132,95,4,20,97,122,23,130,78,121,131,35,31" hai2="126,127,135,92,77,129,113,87,112,100,69,76,46" hai3="106,88,133,94,2,42,47,19,71,79,91,86,81"/><T6/><D128/><N who="1" m="49195" /><E132/><V50/><F69/><W53/><G2/><T27/><D27/><N who="1" m="18943" /><E78/><N who="2" m="30315" /><F129/><W10/><G71/><T123/><D51/><U41/><E41/><V75/><F75/><W1/><G106/><T14/><D0/><U26/><E4/><V105/><F135/><W110/><G110/><T13/><D13/><U73/><E73/><V12/><F12/><W84/><G133/><T107/><REACH who="0" step="1"/><D123/><REACH who="0" ten="240,250,250,250" step="2"/><N who="1" m="47115" /><E26/><V45/><F50/><W83/><G1/><T24/><D24/><U59/><E59/><AGARI ba="0,1" hai="6,11,14,22,25,29,54,55,59,62,64,96,103,107" machi="59" ten="30,2900,0" yaku="1,1,7,1,53,0" doraHai="117" doraHaiUra="32" who="0" fromWho="1" sc="240,39,250,-29,250,0,250,0" /><INIT seed="0,1,0,4,3,24" ten="279,221,250,250" oya="0" hai0="133,30,26,28,0,22,50,40,124,25,4,10,14" hai1="119,59,126,86,52,98,7,42,13,11,65,129,47" hai2="36,8,49,74,108,16,131,21,45,87,104,125,71" hai3="101,105,12,41,113,91,18,85,128,134,33,2,27"/><T1/><D40/><U60/><E119/><V44/><F74/><W94/><G113/><T66/><D66/><U121/><E121/><V38/><F71/><W55/><G2/><N who="0" m="1131" /><D50/><U81/><E129/><V99/><F38/><W76/><G76/><T70/><D70/><U53/><E126/><V57/><F36/><W32/><G128/><T109/><D109/><U132/><E98/><V120/><F120/><W111/><G111/><T23/><D133/><U127/><E127/><AGARI ba="1,0" hai="4,10,14,22,23,25,26,28,30,124,127" m="1131" machi="127" ten="30,11600,0" yaku="34,2,52,2" doraHai="24" who="0" fromWho="1" sc="279,119,221,-119,250,0,250,0" /><INIT seed="0,2,0,4,5,87" ten="398,102,250,250" oya="0" hai0="47,118,24,75,82,98,125,76,33,94,134,95,102" hai1="77,52,72,121,16,0,96,59,30,88,86,43,114" hai2="1,101,25,100,63,36,19,71,122,55,22,34,12" hai3="79,130,37,73,127,17,4,61,116,64,89,53,65"/><T110/><D118/><U41/><E121/><V124/><F36/><W23/><G37/><T27/><D125/><U50/><E0/><V90/><F122/><W99/><G127/><T2/><D2/><U120/><E120/><V21/><F34/><W48/><G116/><T49/><D134/><U66/><E114/><V51/><F1/><W115/><G4/><T68/><D68/><U6/><E6/><V132/><F132/><W117/><G130/><T128/><D128/><U29/><E96/><V91/><F124/><W113/><G117/><T54/><D33/><U44/><E77/><V78/><F78/><W40/><G40/><N who="1" m="15434" /><E72/><V62/><F71/><W45/><G79/><T57/><D110/><U107/><E107/><V35/><F35/><W81/><G73/><T111/><D111/><U85/><E85/><V11/><F62/><W8/><G8/><T38/><D38/><U3/><E3/><V28/><F63/><W56/><G65/><T135/><D135/><U60/><E16/><V119/><F119/><W112/><G112/><T20/><D47/><U93/><AGARI ba="2,0" hai="29,30,44,50,52,59,60,66,86,88,93" m="15434" machi="93" ten="30,7900,0" yaku="8,1,52,1,54,2" doraHai="87" who="1" fromWho="1" sc="398,-41,102,85,250,-22,250,-22" /><INIT seed="1,0,0,2,2,119" ten="357,187,228,228" oya="1" hai0="81,51,1,97,112,24,89,83,25,90,16,63,46" hai1="44,27,50,20,68,108,34,57,104,118,92,93,62" hai2="42,36,85,77,102,17,61,48,79,110,126,132,128" hai3="121,101,43,38,22,54,56,100,113,106,64,5,37"/><U2/><E118/><V0/><F36/><W76/><G76/><T87/><D1/><U71/><E104/><V107/><F0/><W103/><G113/><T99/><D112/><U86/><E2/><V18/><F110/><W117/><G121/><T69/><D69/><U115/><E34/><V15/><F107/><W19/><G5/><T70/><D70/><U35/><E35/><V59/><F102/><W80/><G64/><T111/><D111/><U6/><E6/><V55/><F126/><W33/><G33/><T21/><D25/><U53/><E108/><V60/><F128/><W114/><G80/><T30/><D30/><U28/><E115/><V120/><F120/><W41/><G114/><T123/><D123/><U133/><E133/><V96/><F96/><W74/><G74/><T66/><D66/><U39/><E39/><V88/><F132/><W127/><G127/><T129/><D63/><N who="2" m="24138" /><F42/><W12/><G106/><T47/><D129/><U65/><REACH who="1" step="1"/><E92/><REACH who="1" ten="357,177,228,228" step="2"/><N who="2" m="54287" /><F17/><W29/><G38/><T84/><D46/><U40/><E40/><AGARI ba="0,1" hai="16,21,24,40,47,51,81,83,84,87,89,90,97,99" machi="40" ten="30,7700,0" yaku="7,1,9,1,8,1,54,1" doraHai="119" who="0" fromWho="1" sc="357,87,177,-77,228,0,228,0" /><INIT seed="2,0,0,5,1,19" ten="444,100,228,228" oya="2" hai0="6,83,11,81,32,88,27,52,55,106,47,7,66" hai1="43,12,126,116,15,86,63,9,5,0,16,64,58" hai2="61,108,99,130,56,1,28,114,17,91,109,42,87" hai3="115,14,30,13,110,102,77,41,59,46,57,40,129"/><V117/><F114/><W37/><G115/><T54/><D106/><U94/><E116/><V22/><F1/><W68/><G68/><T51/><D32/><U38/><E126/><V122/><F122/><W20/><G110/><N who="2" m="42601" /><F42/><W53/><G129/><T135/><D135/><U96/><E38/><V123/><F123/><W23/><G77/><T60/><D27/><U104/><E43/><V85/><F28/><W74/><G74/><T18/><D18/><U3/><E104/><V31/><F31/><W119/><G119/><T125/><D125/><U79/><E79/><V75/><F75/><W26/><G102/><T72/><D72/><U78/><E78/><V25/><F130/><W120/><G120/><T92/><D66/><U21/><REACH who="1" step="1"/><E86/><REACH who="1" ten="444,90,228,228" step="2"/><V49/><F117/><W82/><G41/><N who="0" m="25071" /><D60/><U76/><E76/><V113/><F113/><W62/><G37/><T39/><D39/><U44/><E44/><V100/><F61/><W35/><G46/><T65/><D65/><U8/><E8/><V69/><F87/><W131/><G40/><T112/><D112/><U90/><AGARI ba="0,1" hai="0,3,5,9,12,15,16,21,58,63,64,90,94,96" machi="90" ten="20,8000,1" yaku="1,1,0,1,7,1,52,1,54,1,53,0" doraHai="19" doraHaiUra="118" who="1" fromWho="1" sc="444,-20,90,90,228,-40,228,-20" /><INIT seed="3,0,0,0,0,43" ten="424,180,188,208" oya="3" hai0="92,91,112,115,75,22,131,78,106,45,124,60,28" hai1="49,47,15,11,100,120,50,58,104,65,118,38,132" hai2="61,96,105,54,48,93,66,10,119,37,97,68,4" hai3="71,129,125,82,122,69,107,76,88,72,53,33,8"/><W44/><G33/><T84/><D106/><U113/><E120/><V13/><F119/><W29/><G122/><T36/><D124/><U24/><E113/><N who="0" m="43593" /><D131/><U55/><E118/><V98/><F37/><W128/><G107/><T81/><D60/><N who="1" m="38039" /><E104/><V116/><F105/><W12/><G29/><T21/><D28/><U95/><E38/><V5/><F4/><W70/><G125/><T2/><D2/><U103/><E132/><V25/><F25/><W34/><G34/><T39/><D39/><U99/><E24/><V51/><F116/><W135/><G135/><T14/><D14/><U19/><E50/><V23/><F23/><W42/><G53/><T62/><D62/><U73/><E73/><V108/><F108/><W101/><G101/><AGARI ba="0,0" hai="11,15,19,47,49,55,95,99,100,101,103" m="38039" machi="101" ten="30,2000,0" yaku="8,1,52,1" doraHai="43" who="1" fromWho="3" sc="424,0,180,20,188,0,208,-20" owari="424,52.0,200,0.0,188,-21.0,188,-31.0" /></mjloggm>