<mjloggm ver="2.3"><GO type="169" lobby="0"/><UN n0="%E5%B0%B1%E6%B4%BB%E7%94%9F%40%E5%B7%9D%E6%9D%91%E8%BB%8D%E5%9B%A3" n1="%E3%83%AD%E3%83%B3%E3%81%A1%E3%82%83%E3%82%93%E5%90%9B%E6%B4%A5%E5%BA%97" n2="%E3%83%A4%E3%82%AD%E3%83%B3" n3="%52%4F%4C%4C%59" dan="17,16,17,17" rate="2166.55,2123.23,2166.43,2192.85" sx="M,M,M,M"/><TAIKYOKU oya="0"/><INIT seed="0,0,0,5,3,31" ten="250,250,250,250" oya="0" hai0="81,43,64,111,47,16,101,105,26,51,99,61,116" hai1="54,44,87,29,85,15,135,114,115,79,80,103,128" hai2="11,4,36,33,106,119,58,21,45,50,63,35,127" hai3="70,57,108,125,65,74,100,110,94,7,78,72,48"/><T102/><D116/><U83/><E15/><V56/><F36/><W0/><G70/><T98/><D111/><N who="3" m="42537" /><G78/><T38/><D81/><U8/><E8/><V12/><F119/><W18/><G18/><T75/><D75/><U59/><E44/><V84/><F106/><W97/><G125/><T13/><D26/><U77/><E128/><V20/><F127/><W30/><G30/><T42/><D38/><U17/><E17/><V86/><F21/><W19/><G19/><T52/><D64/><U126/><E126/><V82/><F20/><W109/><G109/><T93/><REACH who="0" step="1"/><D61/><REACH who="0" ten="240,250,250,250" step="2"/><U27/><E135/><V129/><F63/><N who="3" m="38127" /><G74/><T124/><D124/><U49/><REACH who="1" step="1"/><E103/><REACH who="1" ten="240,240,250,250" step="2"/><V121/><F129/><W3/><G100/><T22/><AGARI ba="0,2" hai="13,16,22,42,43,47,51,52,93,98,99,101,102,105" machi="22" ten="20,12000,1" yaku="1,1,0,1,7,1,54,2,53,0" doraHai="31" doraHaiUra="131" who="0" fromWho="0" sc="240,140,240,-40,250,-40,250,-40" /><INIT seed="0,1,0,5,3,34" ten="380,200,210,210" oya="0" hai0="75,113,106,123,12,2,134,96,125,110,50,20,35" hai1="114,59,4,29,66,83,84,101,55,104,109,31,44" hai2="51,9,22,40,86,7,32,27,18,117,121,37,90" hai3="39,105,65,54,19,135,57,102,24,28,99,78,93"/><T23/><RYUUKYOKU type="yao9" ba="1,0" sc="380,0,200,0,210,0,210,0" hai0="2,12,20,23,35,50,75,96,106,110,113,123,125,134" /><INIT seed="0,2,0,1,5,76" ten="380,200,210,210" oya="0" hai0="134,129,101,82,87,69,116,131,55,33,113,119,38" hai1="63,112,98,105,91,125,99,17,130,46,60,65,128" hai2="109,114,71,35,50,104,127,7,120,96,97,23,117" hai3="21,70,36,100,106,74,22,94,85,133,26,78,34"/><T80/><D33/><U115/><E125/><V41/><F120/><W126/><G36/><T62/><D38/><U68/><E17/><V59/><F35/><W29/><G133/><T8/><D134/><U12/><E12/><V3/><F71/><W67/><G126/><T53/><D101/><N who="1" m="62647" /><E60/><V49/><F114/><N who="1" m="43561" /><E46/><V72/><F72/><W2/><G2/><T103/><D103/><U81/><E99/><V42/><F7/><W52/><G52/><N who="0" m="20043" /><D87/><AGARI ba="2,0" hai="63,65,68,81,87,91,128,130" m="43561,62647" machi="87" ten="30,2000,0" yaku="11,1,52,1" doraHai="76" who="1" fromWho="0" sc="380,-26,200,26,210,0,210,0" /><INIT seed="1,0,0,3,2,116" ten="354,226,210,210" oya="1" hai0="30,96,47,113,67,56,19,102,28,104,12,11,85" hai1="117,10,98,53,79,29,129,15,38,9,25,36,18" hai2="1,95,42,62,21,57,61,128,71,63,41,48,122" hai3="51,103,83,112,124,123,45,49,59,92,74,75,131"/><U64/><E117/><V94/><F1/><W39/><G112/><T24/><D113/><U55/><E129/><V118/><F118/><W99/><G131/><T65/><D47/><U2/><E64/><V68/><F128/><W76/><G124/><T91/><D56/><U17/><E79/><V109/><F21/><W34/><G34/><T77/><D77/><U72/><E72/><V22/><F22/><W66/><G75/><T134/><D134/><U20/><E98/><V73/><F73/><W80/><G80/><T111/><D111/><U0/><E29/><V101/><F101/><W70/><G70/><T97/><D30/><U86/><E86/><V126/><F95/><W110/><G110/><T37/><D97/><U121/><E121/><V84/><F109/><W119/><G119/><T115/><D37/><U27/><E20/><V135/><F135/><W33/><G33/><T14/><D115/><U130/><E130/><V6/><F6/><W13/><G123/><T132/><D132/><U78/><E78/><V108/><F122/><W7/><G39/><T60/><D65/><U40/><E15/><V52/><F108/><W89/><G103/><T100/><D14/><U43/><AGARI ba="0,0" hai="0,2,9,10,17,18,25,27,36,38,40,43,53,55" machi="43" ten="25,4800,0" yaku="0,1,22,2" doraHai="116" who="1" fromWho="1" sc="354,-16,226,48,210,-16,210,-16" /><INIT seed="1,1,0,5,5,99" ten="338,274,194,194" oya="1" hai0="103,84,38,75,104,11,63,26,81,135,114,116,22" hai1="69,37,32,29,129,40,68,122,131,54,108,21,23" hai2="110,17,60,115,120,0,100,66,43,44,76,15,101" hai3="112,50,28,58,118,126,55,77,20,25,65,128,107"/><U3/><E122/><V106/><F0/><W61/><G112/><T123/><D38/><U62/><E3/><V8/><F120/><W134/><G118/><T127/><D114/><U49/><E108/><V109/><F76/><W98/><G128/><N who="1" m="49226" /><E32/><V16/><F115/><W86/><G134/><T102/><D104/><U19/><E29/><V14/><F106/><W94/><G107/><T105/><D105/><U36/><E40/><V53/><F53/><W9/><G9/><T1/><D75/><U47/><E21/><V13/><F110/><W97/><G126/><T10/><D127/><U6/><E6/><V56/><F109/><W67/><G67/><T74/><D74/><U124/><E124/><V27/><F27/><W121/><G121/><T59/><D135/><U113/><E113/><V95/><F95/><W51/><G51/><T88/><D123/><U117/><E117/><V5/><F5/><W82/><REACH who="3" step="1"/><G94/><REACH who="3" ten="338,274,194,184" step="2"/><T90/><D116/><U111/><E111/><V92/><F92/><W93/><G93/><T132/><D1/><U87/><E36/><V34/><F34/><W39/><G39/><T33/><D33/><U96/><E37/><V80/><F80/><W71/><AGARI ba="1,1" hai="20,25,28,50,55,58,61,65,71,77,82,86,97,98" machi="71" ten="20,2700,0" yaku="1,1,0,1,7,1,53,0" doraHai="99" doraHaiUra="30" who="3" fromWho="3" sc="338,-8,274,-14,194,-8,184,40" /><INIT seed="2,0,0,4,0,14" ten="330,260,186,224" oya="2" hai0="28,12,99,57,6,4,20,88,120,117,98,128,134" hai1="90,101,29,84,40,25,106,22,109,131,113,123,15" hai2="24,111,61,43,3,47,9,133,55,115,93,56,108" hai3="72,104,16,135,124,2,51,21,74,60,71,31,69"/><V54/><F115/><W35/><G104/><T125/><D120/><U107/><E113/><V32/><F133/><W83/><G2/><T58/><D128/><U121/><E131/><V8/><F3/><W81/><G135/><T62/><D125/><U41/><E109/><N who="2" m="42059" /><F55/><W94/><G124/><T10/><D134/><U34/><E40/><V66/><F66/><W82/><G94/><T73/><D73/><U126/><E41/><V63/><F63/><W89/><G89/><T92/><D117/><U5/><E126/><V0/><F0/><W64/><G69/><T49/><D6/><U17/><E5/><V105/><F105/><W38/><G38/><T30/><D20/><U13/><E13/><V119/><F93/><W75/><G51/><T27/><D27/><U7/><E7/><V132/><F132/><W37/><G37/><T18/><D4/><U102/><E106/><V19/><F119/><W118/><G118/><T52/><D98/><U39/><E39/><N who="2" m="22015" /><F32/><W76/><G76/><T86/><D99/><U77/><E77/><V33/><F19/><W23/><G35/><T67/><AGARI ba="0,0" hai="10,12,18,28,30,49,52,57,58,62,67,86,88,92" machi="67" ten="20,12000,2" yaku="0,1,7,1,8,1,52,1,54,2" doraHai="14" who="0" fromWho="0" sc="330,120,260,-30,186,-60,224,-30" /><INIT seed="3,0,0,5,4,64" ten="450,230,126,194" oya="3" hai0="121,120,70,118,6,5,44,53,13,21,81,46,80" hai1="98,49,111,71,125,43,12,2,113,77,35,3,122" hai2="109,114,56,92,25,69,48,97,54,112,24,39,104" hai3="38,33,28,91,22,58,61,117,107,50,60,108,36"/><W17/><G107/><T20/><D53/><U132/><E113/><V59/><F39/><W65/><G117/><T105/><D13/><U45/><E122/><V129/><F104/><W11/><G33/><T0/><D105/><U102/><E35/><V134/><F109/><W124/><G124/><T31/><D31/><U126/><E132/><V103/><F134/><W101/><G108/><T74/><D0/><U16/><E77/><V63/><F129/><W4/><G28/><T96/><D96/><U10/><E71/><V67/><REACH who="2" step="1"/><F59/><REACH who="2" ten="450,230,116,194" step="2"/><W130/><G130/><T84/><D118/><U26/><E111/><V87/><F87/><W15/><G38/><T79/><D84/><U42/><E125/><V86/><F86/><W95/><G36/><T1/><D74/><U82/><E126/><V72/><F72/><W89/><G61/><T8/><D79/><U62/><E62/><V116/><F116/><W99/><REACH who="3" step="1"/><G50/><REACH who="3" ten="450,230,116,184" step="2"/><T41/><D121/><U93/><E49/><V128/><F128/><W135/><G135/><T94/><D120/><U14/><E82/><V115/><AGARI ba="0,2" hai="24,25,48,54,56,63,67,69,92,97,103,112,114,115" machi="115" ten="30,7900,0" yaku="1,1,0,1,52,1,53,1" doraHai="64" doraHaiUra="47" who="2" fromWho="2" sc="450,-20,230,-20,116,99,184,-39" /><INIT seed="4,0,0,5,5,67" ten="430,210,215,145" oya="0" hai0="118,134,14,13,8,125,58,2,82,69,86,116,19" hai1="0,77,50,103,123,74,71,109,47,95,112,29,131" hai2="21,28,114,127,66,16,130,39,117,46,57,98,24" hai3="89,108,1,87,106,42,61,17,94,54,11,33,135"/><T55/><D2/><U18/><E123/><V37/><F114/><W65/><G106/><T40/><D125/><U45/><E109/><V122/><F122/><W129/><G33/><T100/><D134/><U92/><E0/><V110/><F110/><W59/><G108/><T49/><D100/><U79/><E29/><V107/><F127/><W80/><G135/><T25/><D25/><U48/><E18/><V120/><F120/><W34/><G34/><T97/><D97/><U60/><E103/><V31/><F130/><W36/><G129/><T5/><D40/><U102/><E102/><V111/><F111/><W12/><G1/><T76/><D69/><U53/><E131/><V10/><F98/><W126/><G126/><T56/><D56/><U104/><E104/><V27/><F107/><W41/><G36/><T105/><D105/><U26/><E26/><V133/><F133/><W63/><REACH who="3" step="1"/><G80/><REACH who="3" ten="430,210,215,135" step="2"/><T124/><D124/><U75/><E112/><V70/><F39/><W101/><G101/><T81/><D82/><U96/><E96/><V113/><F113/><W73/><G73/><T78/><D116/><U84/><E84/><V9/><F117/><W51/><G51/><T22/><D118/><U52/><E60/><N who="2" m="38159" /><F31/><W3/><G3/><T64/><D86/><U132/><E132/><V88/><F37/><W62/><G62/><T99/><D81/><U85/><E85/><V93/><F28/><W20/><G20/><T119/><D99/><U23/><E23/><V38/><F38/><W44/><G44/><T30/><D119/><U15/><E15/><N who="0" m="5641" /><D22/><U6/><E6/><RYUUKYOKU ba="0,1" sc="430,-15,210,15,215,-15,135,15" hai1="45,47,48,50,52,53,71,74,75,77,79,92,95" hai3="11,12,17,41,42,54,59,61,63,65,87,89,94" /><INIT seed="5,1,1,3,4,68" ten="415,225,200,150" oya="1" hai0="122,67,26,27,98,56,73,63,109,49,6,108,85" hai1="54,132,113,40,61,126,20,135,58,81,96,117,88" hai2="71,64,51,46,105,9,131,52,79,55,16,93,95" hai3="31,87,17,77,38,107,7,84,101,110,21,134,90"/><U53/><E117/><V18/><F105/><W60/><G7/><T32/><D73/><U133/><E126/><V74/><F71/><W124/><G110/><T8/><D122/><U47/><E113/><V123/><F123/><W94/><G124/><T82/><D98/><U111/><E111/><V83/><F64/><W103/><G107/><T14/><D32/><U129/><E129/><V130/><F55/><W128/><G31/><T22/><D49/><N who="1" m="26855" /><E20/><V76/><F76/><W70/><G128/><N who="2" m="49193" /><F9/><W112/><G112/><T36/><D26/><U2/><E2/><V86/><F74/><W69/><G134/><T0/><D0/><U42/><E42/><V33/><F33/><W127/><G127/><T1/><D1/><U34/><E34/><V37/><F37/><W10/><G10/><T25/><D25/><U78/><E78/><V23/><F18/><W125/><G125/><T65/><D36/><U66/><E96/><V29/><F29/><W100/><G60/><T80/><D67/><U30/><E30/><V62/><F62/><W116/><G38/><T3/><D3/><U115/><E115/><V43/><F43/><W102/><N who="3" m="25600" /><DORA hai="39" /><W99/><G116/><T59/><D108/><U41/><E41/><V19/><F19/><W121/><G121/><T11/><D109/><U119/><E119/><V50/><F50/><W120/><G120/><T91/><D11/><U44/><E44/><V57/><F46/><W89/><G77/><T48/><D22/><U24/><E24/><AGARI ba="1,1" hai="16,23,24,51,52,57,79,83,86,93,95" m="49193" machi="24" ten="30,3900,0" yaku="19,1,54,2" doraHai="68,39" who="2" fromWho="1" sc="415,0,225,-42,200,52,150,0" /><INIT seed="6,0,0,0,0,133" ten="415,183,252,150" oya="2" hai0="40,47,33,38,18,25,111,128,67,69,8,100,45" hai1="71,49,70,13,90,58,4,23,105,12,46,36,54" hai2="22,89,60,68,1,98,87,5,35,63,56,113,79" hai3="39,92,26,50,118,65,112,0,107,37,123,30,102"/><V94/><F35/><W121/><G50/><T62/><D111/><U52/><E105/><V34/><F34/><N who="3" m="20823" /><G92/><T28/><D128/><U73/><E73/><V101/><F68/><W41/><G118/><T55/><D100/><U106/><E106/><V78/><F63/><W132/><G132/><T103/><D103/><U127/><E127/><V125/><F125/><W82/><G82/><T64/><D64/><U134/><E134/><V88/><F1/><W15/><G15/><T83/><D83/><U53/><E70/><V75/><F5/><W81/><G81/><T91/><D91/><U95/><E71/><V17/><F75/><W114/><G65/><T44/><D55/><N who="1" m="30135" /><E36/><N who="3" m="13898" /><G41/><T48/><D38/><U129/><E129/><V61/><F61/><W9/><G9/><T14/><AGARI ba="0,0" hai="8,14,18,25,28,33,40,44,45,47,48,62,67,69" machi="14" ten="30,1100,0" yaku="0,1" doraHai="133" who="0" fromWho="0" sc="415,11,183,-3,252,-5,150,-3" /><INIT seed="7,0,0,0,5,62" ten="426,180,247,147" oya="3" hai0="118,95,52,111,59,73,93,120,10,132,67,5,91" hai1="122,36,94,102,51,27,49,33,81,82,109,124,42" hai2="37,4,92,45,104,68,3,106,65,135,8,22,18" hai3="99,30,125,24,28,29,70,13,80,40,41,107,72"/><W116/><G116/><T48/><D73/><U39/><E122/><V15/><F135/><W84/><G72/><T100/><D111/><U0/><E0/><V75/><F68/><W2/><G2/><T96/><D132/><U117/><E109/><V78/><F65/><W11/><G70/><T112/><D112/><U9/><E9/><V97/><F92/><W88/><G125/><T114/><D114/><U98/><E124/><V16/><F18/><W103/><REACH who="3" step="1"/><G24/><REACH who="3" ten="426,180,247,137" step="2"/><T44/><D120/><U101/><E27/><V87/><F75/><W32/><G32/><T89/><D118/><U66/><E33/><V12/><F3/><W76/><G76/><T17/><D17/><AGARI ba="0,1" hai="11,13,17,28,29,30,40,41,80,84,88,99,103,107" machi="17" ten="40,7700,0" yaku="1,1,54,1,53,1" doraHai="62" doraHaiUra="83" who="3" fromWho="0" sc="426,-77,180,0,247,0,137,87" /><INIT seed="7,1,0,4,1,4" ten="349,180,247,224" oya="3" hai0="34,33,121,9,79,29,101,13,108,71,96,92,100" hai1="12,28,86,133,7,102,75,115,39,11,48,122,46" hai2="91,107,58,56,60,3,20,134,67,77,128,31,80" hai3="85,18,76,8,42,27,16,83,19,73,30,132,130"/><W131/><G132/><T61/><D108/><U23/><E133/><V51/><F3/><W129/><G42/><T112/><D121/><U2/><E122/><V15/><F107/><W82/><G8/><T17/><D79/><U66/><E75/><V43/><F128/><W26/><REACH who="3" step="1"/><G30/><REACH who="3" ten="349,180,247,214" step="2"/><T10/><D10/><U90/><E39/><V110/><F31/><W104/><G104/><T6/><D29/><U44/><E115/><V116/><F43/><W68/><G68/><T49/><D112/><U123/><E123/><V87/><F134/><W69/><G69/><T120/><D120/><U45/><E102/><V84/><F110/><W47/><G47/><N who="1" m="17994" /><E2/><V113/><F113/><W65/><G65/><T105/><D9/><U114/><E114/><V117/><F116/><W81/><G81/><T106/><D100/><U125/><E125/><V111/><F117/><W53/><G53/><T74/><D105/><U98/><E66/><V36/><F36/><W54/><G54/><T119/><D106/><U135/><E135/><V1/><F1/><W89/><AGARI ba="1,1" hai="16,18,19,26,27,73,76,82,83,85,89,129,130,131" machi="89" ten="40,12000,1" yaku="1,1,0,1,19,1,54,1,53,0" doraHai="4" doraHaiUra="99" who="3" fromWho="3" sc="349,-41,180,-41,247,-41,214,133" owari="308,11.0,139,-36.0,206,-19.0,347,44.0" /></mjloggm>