<mjloggm ver="2.3"><GO type="169" lobby="0"/><UN n0="%63%68%61%72%6C%69%65%37" n1="%E3%83%88%E3%83%88%E3%83%AA%E5%85%88%E7%94%9F%31%39%E6%AD%B3" n2="%E3%83%A4%E3%82%AD%E3%83%B3" n3="%E6%B0%91%E8%8A%B8" dan="17,18,17,16" rate="2193.00,2238.25,2147.07,2078.13" sx="M,F,M,M"/><TAIKYOKU oya="0"/><INIT seed="0,0,0,5,4,86" ten="250,250,250,250" oya="0" hai0="31,112,7,5,84,96,16,121,93,127,65,52,23" hai1="79,36,82,124,33,0,8,13,78,99,115,15,101" hai2="130,111,2,122,26,1,60,133,132,34,116,47,108" hai3="30,119,32,104,120,105,54,29,106,21,73,10,87"/><T134/><D121/><U50/><E36/><V98/><F60/><W41/><G73/><T25/><D112/><U95/><E33/><V53/><F53/><W19/><G119/><T76/><D134/><N who="2" m="51818" /><F47/><W110/><G32/><T58/><D127/><U17/><E124/><V18/><F98/><W63/><G10/><T109/><D31/><U3/><E115/><V59/><F59/><W97/><G120/><T117/><D109/><N who="2" m="42058" /><F122/><W56/><G110/><T40/><D40/><U135/><E135/><V102/><F102/><W44/><G97/><T88/><D117/><U85/><E78/><V39/><F39/><W83/><G44/><T131/><D131/><U113/><E113/><V35/><F130/><W55/><G55/><T42/><D42/><U9/><REACH who="1" step="1"/><E50/><REACH who="1" ten="250,240,250,250" step="2"/><V11/><F116/><W37/><G37/><T6/><D65/><U103/><E103/><V66/><F66/><W70/><G70/><T20/><D20/><U57/><E57/><V107/><F35/><W67/><G67/><T27/><D76/><U49/><E49/><V43/><F34/><W38/><G38/><T92/><D27/><U74/><E74/><V46/><F26/><W75/><G75/><T123/><D123/><U71/><E71/><V100/><F100/><W14/><G56/><T51/><D96/><U12/><E12/><N who="2" m="7455" /><F2/><W91/><G63/><T64/><D64/><U48/><E48/><N who="2" m="26719" /><F1/><W118/><G118/><T129/><REACH who="0" step="1"/><D129/><REACH who="0" ten="240,240,250,250" step="2"/><U89/><E89/><V90/><F90/><W128/><G128/><T72/><D72/><U4/><AGARI ba="0,2" hai="0,3,4,8,9,13,15,17,79,82,85,95,99,101" machi="4" ten="20,2700,0" yaku="1,1,0,1,7,1,53,0" doraHai="86" doraHaiUra="61" who="1" fromWho="1" sc="240,-13,240,47,250,-7,250,-7" /><INIT seed="1,0,0,5,2,97" ten="227,287,243,243" oya="1" hai0="103,48,25,116,126,134,34,90,10,68,20,13,94" hai1="129,19,60,77,54,47,41,122,105,56,85,131,115" hai2="4,78,98,74,108,124,121,73,3,84,75,127,70" hai3="50,30,118,40,42,91,15,71,132,55,89,82,31"/><U69/><E115/><V9/><F121/><W130/><G71/><T113/><D116/><U110/><E122/><V8/><F70/><W63/><G118/><T33/><D68/><U11/><E105/><V57/><F108/><W100/><G130/><N who="1" m="49674" /><E110/><V120/><F120/><W44/><G132/><T46/><D134/><U95/><E69/><V53/><F9/><W27/><G100/><T49/><D113/><U88/><E77/><V66/><F66/><W86/><G63/><T111/><D111/><U32/><E32/><V26/><F26/><W18/><G89/><T79/><D79/><U123/><E123/><V7/><F7/><W114/><G114/><T43/><D126/><U117/><E117/><V58/><F98/><W125/><G125/><N who="2" m="48201" /><F53/><W67/><G67/><T45/><D34/><U106/><E106/><V93/><F78/><W29/><REACH who="3" step="1"/><G27/><REACH who="3" ten="227,287,243,233" step="2"/><T6/><D103/><U21/><E88/><AGARI ba="0,1" hai="3,4,8,57,58,73,74,75,84,88,93" m="48201" machi="88" ten="40,2600,0" yaku="18,1,54,1" doraHai="97" who="2" fromWho="1" sc="227,0,287,-26,243,36,233,0" /><INIT seed="2,0,0,0,4,61" ten="227,261,279,233" oya="2" hai0="120,71,15,89,18,94,25,11,109,49,73,78,57" hai1="0,33,75,66,43,21,98,96,105,107,93,122,63" hai2="59,34,26,60,80,17,42,1,129,68,97,44,36" hai3="74,65,121,127,40,92,30,14,83,23,3,4,48"/><V133/><F1/><W28/><G121/><T110/><D120/><U88/><E122/><V124/><F68/><W112/><G3/><T108/><D71/><U8/><E33/><V87/><F124/><W35/><G35/><T106/><D106/><U53/><E0/><V84/><F133/><W5/><G127/><T90/><D25/><U54/><E43/><V2/><F2/><W24/><G112/><T95/><D49/><U114/><E75/><V7/><F7/><W126/><G126/><T64/><D73/><U13/><E114/><V22/><F129/><W12/><G28/><T29/><D29/><U123/><E21/><V119/><F119/><W125/><G125/><T70/><D78/><U47/><E123/><V19/><F34/><W39/><G39/><T81/><D70/><U32/><E32/><V113/><F113/><W131/><G131/><T130/><D130/><U69/><E47/><V52/><F97/><W82/><G74/><T27/><D27/><U67/><E67/><V38/><F38/><W76/><G92/><N who="0" m="35371" /><D81/><N who="3" m="30729" /><G76/><T79/><D79/><U77/><E77/><V20/><REACH who="2" step="1"/><F80/><REACH who="2" ten="227,261,269,233" step="2"/><W134/><G134/><T50/><D50/><U99/><E99/><V101/><F101/><W104/><G48/><T31/><D110/><U86/><E98/><V72/><F72/><W100/><G100/><T56/><D109/><U41/><E96/><V118/><F118/><W132/><G132/><T128/><D108/><U51/><E105/><V135/><F135/><W45/><G104/><T111/><D128/><U115/><E107/><V102/><F102/><W55/><G4/><RYUUKYOKU ba="0,1" sc="227,-10,261,-10,269,30,233,-10" hai2="17,19,20,22,26,36,42,44,52,59,60,84,87" /><INIT seed="2,1,1,2,5,121" ten="217,251,299,223" oya="2" hai0="72,92,19,64,8,86,89,83,51,5,66,122,124" hai1="61,41,29,119,95,110,117,69,91,45,133,7,42" hai2="80,98,88,129,109,55,104,71,1,130,87,111,30" hai3="74,27,135,6,112,115,12,34,20,84,21,134,127"/><V49/><F1/><W54/><G74/><T132/><D122/><U17/><E133/><N who="3" m="50698" /><G84/><T63/><D132/><U99/><E110/><N who="2" m="41995" /><F71/><W15/><G54/><T70/><D64/><U10/><E29/><V46/><F30/><N who="3" m="19807" /><G127/><T26/><D51/><U118/><E17/><V79/><F104/><W11/><G15/><T58/><D26/><U22/><E22/><AGARI ba="1,1" hai="6,11,12,20,21,22,112,115" m="19807,50698" machi="22" ten="30,3900,0" yaku="20,1,34,2" doraHai="121" who="3" fromWho="1" sc="217,0,251,-42,299,0,223,52" /><INIT seed="3,0,0,3,4,54" ten="217,209,299,275" oya="3" hai0="133,35,58,111,120,116,9,65,26,5,36,7,87" hai1="107,130,90,30,134,92,24,22,114,69,64,132,13" hai2="28,3,76,94,8,86,27,118,80,0,100,104,67" hai3="21,88,81,93,77,131,125,49,31,37,119,53,124"/><W17/><G37/><T18/><D36/><U14/><E114/><V42/><F42/><W45/><G119/><T78/><D116/><U127/><E107/><V135/><F118/><W117/><G117/><T98/><D120/><U70/><E130/><V15/><F104/><W51/><G131/><T63/><D133/><N who="1" m="51307" /><E127/><V40/><F40/><W105/><G105/><T62/><D98/><N who="1" m="57623" /><E64/><V12/><F67/><W95/><G31/><T74/><D74/><U129/><E129/><V103/><F15/><AGARI ba="0,0" hai="13,14,15,22,24,30,69,70" m="57623,51307" machi="15" ten="30,1000,0" yaku="20,1" doraHai="54" who="1" fromWho="2" sc="217,0,209,10,299,-10,275,0" /><INIT seed="4,0,0,1,2,38" ten="217,219,289,275" oya="0" hai0="46,91,2,20,107,16,78,60,36,119,88,75,55" hai1="89,4,96,8,48,54,15,110,124,21,27,125,45" hai2="99,82,68,1,39,26,94,57,93,50,24,44,29" hai3="23,12,49,66,134,84,118,30,32,117,135,126,17"/><T133/><D2/><U85/><E110/><V115/><F68/><W10/><G66/><T7/><D107/><U65/><E65/><V131/><F1/><W90/><G49/><T98/><D7/><U129/><E129/><V35/><F39/><W83/><G32/><T19/><D133/><N who="3" m="50697" /><G126/><T74/><D119/><N who="3" m="45577" /><G30/><T127/><D127/><U18/><REACH who="1" step="1"/><E96/><REACH who="1" ten="217,209,289,275" step="2"/><V114/><F99/><W51/><G51/><T73/><D98/><U67/><E67/><V14/><F50/><W41/><G41/><T81/><D36/><U11/><E11/><AGARI ba="0,1" hai="10,11,12,17,23,83,84,90" m="45577,50697" machi="11" ten="30,1000,0" yaku="20,1" doraHai="38" who="3" fromWho="1" sc="217,0,209,-10,289,0,275,20" /><INIT seed="5,0,0,3,4,26" ten="217,199,289,295" oya="1" hai0="129,112,27,4,32,35,45,95,37,110,23,103,42" hai1="22,134,97,124,11,70,49,33,89,82,51,46,62" hai2="29,68,74,54,77,60,94,15,106,87,65,92,56" hai3="16,63,41,102,86,2,130,126,113,34,8,0,67"/><U81/><E33/><V9/><F106/><W107/><G34/><T111/><D110/><U69/><E134/><V99/><F74/><W119/><G41/><T117/><D117/><U13/><E124/><V48/><F29/><W115/><G126/><T123/><D123/><U118/><E118/><V20/><F20/><W6/><G119/><T88/><D129/><U128/><E128/><V31/><F31/><W40/><G130/><T80/><D112/><N who="3" m="43081" /><G40/><T79/><D4/><U105/><E22/><V125/><F125/><W28/><G28/><T85/><D103/><U78/><E62/><V50/><F50/><W71/><G16/><T121/><D121/><U43/><E51/><V76/><F87/><W72/><G72/><T109/><D35/><U91/><E91/><V55/><F55/><W83/><G102/><T127/><D32/><U57/><E57/><V5/><F94/><W7/><G107/><T19/><REACH who="0" step="1"/><D127/><REACH who="0" ten="207,199,289,295" step="2"/><U122/><E122/><V18/><F5/><N who="3" m="1079" /><G0/><T90/><D90/><AGARI ba="0,1" hai="9,15,18,48,54,56,60,65,68,76,77,90,92,99" machi="90" ten="30,1000,0" yaku="7,1" doraHai="26" who="2" fromWho="0" sc="207,-10,199,0,289,20,295,0" /><AGARI ba="0,0" hai="6,7,63,67,71,83,86,90" m="1079,43081" machi="90" ten="30,1000,0" yaku="15,1" doraHai="26" who="3" fromWho="0" sc="197,-10,199,0,309,0,295,10" /><INIT seed="6,0,0,5,5,80" ten="187,199,309,305" oya="2" hai0="67,48,104,8,23,84,114,89,95,9,58,125,21" hai1="126,94,14,87,33,27,97,98,29,25,54,63,100" hai2="16,7,91,135,39,4,90,133,64,30,19,46,82" hai3="65,118,120,32,41,51,26,31,22,70,130,76,88"/><V53/><F30/><W72/><G118/><T42/><D104/><U111/><E111/><V13/><F64/><W105/><G120/><T62/><D114/><U40/><E126/><V38/><F53/><W45/><G130/><T59/><D125/><U43/><E27/><V113/><F113/><W57/><G105/><T101/><D101/><U37/><E37/><V44/><F82/><W110/><G110/><T68/><D68/><U17/><E97/><V47/><F47/><W109/><G109/><T85/><D85/><U66/><E54/><V50/><F13/><W15/><G70/><T20/><REACH who="0" step="1"/><D59/><REACH who="0" ten="177,199,309,305" step="2"/><U12/><E87/><V10/><F133/><W52/><G57/><T107/><D107/><U128/><E128/><V92/><F135/><W96/><G72/><T69/><D69/><U28/><E28/><V49/><F92/><W119/><G31/><T116/><D116/><U74/><E74/><V75/><F75/><W134/><G134/><T102/><D102/><U93/><E93/><V6/><F90/><W122/><G88/><T106/><D106/><U99/><E99/><V127/><F91/><W121/><G119/><T0/><D0/><U11/><E14/><V124/><F127/><W24/><G15/><T79/><D79/><U35/><E35/><V129/><F124/><W73/><G96/><T83/><D83/><U115/><E115/><V86/><F86/><W77/><G77/><T36/><D36/><U1/><E1/><V60/><F39/><W117/><G76/><T123/><D123/><U103/><E103/><V131/><F38/><W2/><G121/><RYUUKYOKU ba="0,1" sc="177,15,199,15,309,-15,305,-15" hai0="8,9,20,21,23,42,48,58,62,67,84,89,95" hai1="11,12,17,25,29,33,40,43,63,66,94,98,100" /><INIT seed="7,1,1,2,3,113" ten="192,214,294,290" oya="3" hai0="131,117,99,50,67,38,70,27,125,77,104,74,120" hai1="108,135,110,8,29,33,19,39,55,122,103,21,68" hai2="15,83,10,35,95,81,32,94,72,127,22,12,4" hai3="41,7,129,111,80,84,90,116,37,45,65,59,119"/><W58/><G129/><T53/><D120/><U134/><E122/><V18/><F127/><W31/><G111/><N who="1" m="42538" /><E68/><V126/><F126/><W54/><G31/><T97/><D125/><U100/><E39/><V34/><F72/><W0/><G65/><T88/><D117/><U48/><E8/><V9/><F22/><W98/><G98/><T11/><D131/><U76/><E76/><V132/><F132/><N who="1" m="50729" /><E29/><V44/><F44/><W24/><G24/><T42/><D27/><N who="1" m="14783" /><E33/><V1/><F1/><W69/><G69/><T63/><D11/><U17/><E17/><V87/><REACH who="2" step="1"/><F83/><REACH who="2" ten="192,214,284,290" step="2"/><W40/><G40/><T114/><D114/><U52/><E55/><V128/><F128/><W23/><G23/><T118/><D118/><U115/><E115/><V123/><F123/><W2/><G2/><T102/><D74/><U43/><E43/><V89/><AGARI ba="1,2" hai="4,9,10,12,15,18,32,34,35,81,87,89,94,95" machi="89" ten="30,2000,0" yaku="1,1,0,1,53,0" doraHai="113" doraHaiUra="64" who="2" fromWho="2" sc="192,-6,214,-6,284,43,290,-11" owari="186,-31.0,208,-19.0,327,42.0,279,8.0" /></mjloggm>