<mjloggm ver="2.3"><GO type="169" lobby="0"/><UN n0="%E3%82%A6%E3%83%AB%E3%83%88%E3%83%A9%E7%AB%8B%E7%9B%B4" n1="%36%31%2E%38%EF%BC%85" n2="%74%61%6E%61%4B%61" n3="%E3%83%90%E3%83%88%E3%83%AB%E3%83%89%E3%83%BC%E3%83%A0%EF%BC%81" dan="16,16,16,16" rate="2121.23,2125.62,2153.37,2059.14" sx="M,M,M,M"/><TAIKYOKU oya="0"/><INIT seed="0,0,0,5,5,43" ten="250,250,250,250" oya="0" hai0="72,100,112,22,73,2,99,110,49,31,85,109,62" hai1="42,24,66,122,83,69,107,124,34,25,29,105,64" hai2="84,81,106,131,17,18,48,76,117,56,20,129,15" hai3="95,88,97,53,44,5,91,33,111,23,46,121,115"/><T27/><D2/><U3/><E3/><V28/><F106/><W38/><G33/><T59/><D85/><U132/><E132/><V11/><F117/><W93/><G115/><T41/><D112/><U80/><E42/><V113/><F28/><W45/><G111/><N who="0" m="42507" /><D41/><U71/><E29/><V87/><F87/><N who="3" m="52383" /><G38/><T32/><D49/><U116/><E34/><V36/><F36/><W90/><G121/><T123/><D32/><U39/><E39/><V108/><F113/><W16/><G5/><T133/><D133/><U126/><REACH who="1" step="1"/><E116/><REACH who="1" ten="250,240,250,250" step="2"/><V103/><F108/><W134/><G134/><T1/><D1/><U8/><E8/><V58/><F131/><W86/><G86/><T68/><D123/><AGARI ba="0,1" hai="24,25,64,66,69,71,80,83,105,107,122,123,124,126" machi="123" ten="25,3200,0" yaku="1,1,22,2,53,0" doraHai="43" doraHaiUra="9" who="1" fromWho="0" sc="250,-32,240,42,250,0,250,0" /><INIT seed="1,0,0,4,4,80" ten="218,282,250,250" oya="1" hai0="1,89,107,75,14,30,97,79,66,92,117,65,91" hai1="50,125,116,28,33,102,133,0,96,56,100,134,10" hai2="74,51,54,49,52,121,58,98,26,72,27,41,22" hai3="113,73,77,44,84,122,6,90,78,69,76,118,39"/><U15/><E0/><V68/><F68/><W64/><G113/><T19/><D1/><U62/><E116/><V119/><F119/><W109/><G122/><T127/><D117/><U126/><E50/><V20/><F41/><W105/><G105/><T132/><D107/><U43/><E43/><V2/><F2/><W21/><G109/><T57/><D127/><N who="1" m="48651" /><E28/><V5/><F5/><W95/><G118/><T53/><D30/><U120/><E33/><V46/><F121/><W7/><G73/><T35/><D35/><U115/><E115/><V70/><F70/><W130/><G130/><T3/><D3/><U45/><E45/><V36/><F36/><W61/><REACH who="3" step="1"/><G21/><REACH who="3" ten="218,282,250,240" step="2"/><T103/><D75/><U32/><E32/><V40/><F74/><W135/><G135/><T131/><D132/><U71/><E120/><V23/><F72/><W47/><G47/><T9/><D131/><U106/><E133/><V111/><F111/><W104/><G104/><T12/><D14/><U31/><E15/><V16/><F27/><W25/><G25/><T8/><D12/><U128/><E128/><V85/><F40/><AGARI ba="0,1" hai="6,7,39,40,44,61,64,69,76,77,78,84,90,95" machi="40" ten="40,2600,0" yaku="1,1,52,1,53,0" doraHai="80" doraHaiUra="112" who="3" fromWho="2" sc="218,0,282,0,250,-26,240,36" /><INIT seed="2,0,0,2,4,11" ten="218,282,224,276" oya="2" hai0="97,132,102,26,133,67,63,46,34,113,127,52,25" hai1="6,42,74,117,2,98,18,116,14,82,13,106,135" hai2="49,58,9,76,100,1,17,119,122,38,64,4,85" hai3="60,124,115,47,114,19,24,131,130,10,30,80,7"/><V62/><F122/><W59/><G124/><T66/><D113/><N who="3" m="43017" /><G80/><T21/><D34/><U91/><E6/><V23/><F38/><W56/><G47/><T104/><D127/><U68/><E2/><V95/><F119/><W69/><G69/><T15/><D26/><U20/><E68/><V70/><F76/><W111/><G111/><T37/><D37/><U96/><E106/><V57/><F49/><W89/><G89/><T28/><D15/><N who="1" m="9311" /><E74/><V78/><F78/><W107/><G19/><T16/><D28/><U5/><E5/><V75/><F75/><W118/><G107/><T41/><D41/><U55/><E42/><V29/><F29/><W44/><G44/><T88/><D88/><U87/><E135/><N who="0" m="51785" /><D46/><U93/><E117/><V53/><F100/><W112/><G118/><T61/><D61/><U134/><E134/><V12/><REACH who="2" step="1"/><F53/><REACH who="2" ten="218,282,214,276" step="2"/><W99/><G112/><T39/><D39/><U54/><E116/><V22/><F22/><W128/><G60/><T81/><D63/><U121/><E121/><V108/><F108/><W32/><G128/><T84/><D52/><N who="1" m="20011" /><E98/><V103/><F103/><AGARI ba="0,1" hai="13,14,82,87,91,93,96,103" m="20011,9311" machi="103" ten="30,8000,1" yaku="8,1,52,3,54,1" doraHai="11" who="1" fromWho="2" sc="218,0,282,90,214,-80,276,0" /><INIT seed="3,0,0,5,4,45" ten="218,372,134,276" oya="3" hai0="121,16,69,33,112,95,129,123,98,92,80,83,0" hai1="113,116,124,128,25,10,135,87,97,108,105,96,127" hai2="43,65,2,130,107,134,91,119,100,48,22,47,131" hai3="54,63,71,73,55,125,53,104,67,90,13,66,115"/><W60/><G115/><T56/><D69/><U12/><E108/><V35/><F35/><W17/><G73/><T117/><D0/><U79/><E113/><V64/><F119/><W84/><G104/><T57/><D112/><U31/><E116/><V62/><F2/><W72/><G72/><T24/><D117/><U36/><E36/><V74/><F74/><W15/><G125/><T77/><D33/><U1/><E1/><V111/><F111/><W59/><REACH who="3" step="1"/><G17/><REACH who="3" ten="218,372,134,266" step="2"/><T86/><D16/><N who="1" m="8215" /><E105/><V29/><F107/><W68/><G68/><T94/><D123/><U132/><E127/><V58/><F131/><W51/><G51/><T89/><D121/><U7/><E128/><V40/><F130/><W9/><G9/><T50/><D50/><U82/><E124/><V78/><F48/><W14/><G14/><T6/><D129/><U85/><E132/><V21/><F134/><W114/><G114/><T93/><D24/><U75/><E75/><V3/><F3/><W34/><G34/><T26/><D26/><U102/><E135/><V99/><F62/><W5/><G5/><T19/><D19/><U32/><E7/><V4/><F4/><W120/><G120/><T46/><D6/><U106/><E32/><V28/><F28/><W23/><G23/><T27/><D27/><U37/><E25/><V76/><F21/><W8/><G8/><T52/><D98/><N who="1" m="61783" /><E31/><V41/><F29/><W101/><G101/><T30/><D30/><U126/><E126/><V42/><F100/><W122/><G122/><T109/><D109/><U49/><E97/><V103/><F99/><RYUUKYOKU ba="0,1" sc="218,-10,372,-10,134,-10,266,30" hai3="13,15,53,54,55,59,60,63,66,67,71,84,90" /><INIT seed="3,1,1,1,3,11" ten="208,362,124,296" oya="3" hai0="51,33,39,82,110,55,126,123,94,65,92,25,4" hai1="68,3,40,62,41,86,60,72,73,97,83,63,128" hai2="2,0,1,105,52,69,102,75,95,28,120,125,98" hai3="20,26,88,9,132,66,36,45,114,42,8,50,27"/><W19/><G114/><T121/><D39/><U15/><E3/><V12/><F69/><W131/><G131/><T37/><D37/><U109/><E68/><V77/><F125/><W100/><G100/><T6/><D65/><U79/><E109/><V24/><F120/><W133/><G66/><T18/><D110/><U61/><E128/><V106/><F77/><W112/><G112/><T53/><D126/><U113/><E113/><V47/><F75/><W67/><G67/><T31/><D82/><U80/><E97/><V57/><F47/><W58/><G27/><T23/><D33/><U5/><E5/><N who="0" m="2153" /><D123/><U34/><E34/><V111/><F12/><W124/><G124/><T93/><D121/><U49/><E80/><V104/><F111/><W115/><G115/><T44/><D31/><U48/><E73/><V103/><F103/><W10/><G88/><T90/><D55/><U118/><E72/><V129/><F129/><W108/><G108/><T101/><D101/><U81/><E83/><V119/><F119/><W74/><G74/><T30/><D30/><U84/><E81/><V107/><N who="2" m="26624" /><DORA hai="134" /><V96/><F96/><AGARI ba="1,1" hai="18,23,25,44,51,53,90,92,93,94,96" m="2153" machi="96" ten="30,1000,0" yaku="8,1" doraHai="11,134" who="0" fromWho="2" sc="208,23,362,0,124,-13,296,0" /><INIT seed="4,0,0,0,3,23" ten="231,362,111,296" oya="0" hai0="93,4,130,117,113,15,10,49,118,100,73,79,70" hai1="65,0,21,119,22,36,104,134,2,55,27,83,50" hai2="26,88,67,114,122,85,41,75,3,34,127,115,116" hai3="86,35,126,135,12,133,124,18,52,121,58,96,91"/><T110/><D70/><U14/><E104/><V128/><F122/><W63/><G35/><T103/><D110/><U5/><E36/><V29/><F3/><W40/><G40/><T89/><D130/><U13/><E65/><V43/><F128/><W94/><G121/><T71/><D71/><U123/><E83/><V97/><F75/><W87/><G87/><T11/><D113/><N who="2" m="43018" /><F127/><N who="3" m="48683" /><G96/><T76/><D73/><U16/><E119/><V7/><F7/><W99/><G99/><T72/><D72/><U45/><E134/><V64/><F97/><W28/><G28/><T19/><D117/><U53/><E123/><V51/><F116/><W101/><G101/><T78/><D118/><U32/><E32/><V54/><F43/><W84/><G84/><T37/><D103/><U68/><E2/><V105/><F41/><W42/><G42/><T30/><D100/><U111/><E0/><V81/><F105/><W17/><G17/><T8/><D37/><U125/><E111/><V24/><F29/><W38/><G38/><T92/><D30/><U129/><E129/><V47/><F34/><W57/><G57/><T33/><D33/><U44/><E68/><V108/><F108/><W80/><G80/><T6/><D6/><U66/><E5/><V132/><F132/><W112/><G112/><T95/><D4/><U77/><E125/><V69/><F69/><W1/><G1/><T74/><D74/><U39/><E39/><V9/><F9/><AGARI ba="0,0" hai="9,12,18,52,58,63,86,91,94,133,135" m="48683" machi="9" ten="30,2000,0" yaku="18,1,54,1" doraHai="23" who="3" fromWho="2" sc="231,0,362,0,111,-20,296,20" /><INIT seed="5,0,0,3,5,79" ten="231,362,91,316" oya="1" hai0="75,26,0,74,20,99,38,50,118,94,58,14,9" hai1="64,128,109,17,81,71,102,111,114,18,67,112,70" hai2="108,104,76,134,49,82,22,21,124,133,57,29,119" hai3="126,103,30,42,127,31,1,44,77,6,87,37,107"/><U86/><E102/><V85/><F108/><N who="1" m="41545" /><E18/><V73/><F119/><W40/><G40/><T96/><D38/><U27/><E27/><V4/><F104/><W39/><G39/><T121/><D0/><U56/><E56/><V61/><F4/><W125/><G103/><T88/><D118/><U53/><E53/><V54/><F124/><W46/><G46/><T15/><D15/><U135/><E17/><V5/><F5/><W83/><G107/><T34/><D34/><U36/><E36/><V120/><F120/><W92/><G92/><T16/><D121/><U25/><E25/><V93/><F29/><W130/><G130/><T105/><D105/><U122/><E128/><V51/><F51/><W84/><G84/><T68/><D68/><N who="1" m="26155" /><E135/><N who="2" m="51723" /><F61/><W115/><G115/><N who="1" m="44074" /><E122/><V35/><F35/><W131/><G131/><T78/><D58/><U32/><E32/><V60/><F60/><W19/><G19/><T62/><D62/><U45/><E45/><V89/><AGARI ba="0,0" hai="21,22,49,54,57,73,76,82,85,89,93" m="51723" machi="89" ten="30,2000,0" yaku="20,1,52,1" doraHai="79" who="2" fromWho="2" sc="231,-5,362,-10,91,20,316,-5" /><INIT seed="6,0,0,4,0,96" ten="226,352,111,311" oya="2" hai0="76,105,125,68,16,99,14,88,117,135,56,97,50" hai1="45,52,129,74,131,38,19,28,9,44,54,72,40" hai2="17,86,93,24,26,103,58,82,65,55,73,115,113" hai3="106,75,85,18,122,130,15,81,118,8,70,21,108"/><V4/><F4/><W42/><G75/><N who="1" m="28714" /><E45/><V60/><F73/><W2/><G108/><T80/><D68/><U39/><E28/><V109/><F109/><W132/><G118/><T98/><D125/><U133/><E39/><V95/><F65/><W91/><G122/><T46/><D135/><U30/><E30/><V35/><F35/><W27/><G130/><N who="1" m="49674" /><E133/><V121/><F121/><W3/><G132/><T33/><D56/><U0/><E19/><V32/><F32/><W25/><G70/><T127/><D76/><U64/><E64/><V110/><F110/><W111/><G111/><T1/><D1/><U89/><E89/><N who="2" m="51415" /><F17/><W119/><G106/><T61/><D33/><U101/><E0/><V13/><F13/><W36/><G119/><T114/><D117/><U20/><E20/><V10/><F10/><W124/><G124/><T94/><D127/><U7/><E9/><V78/><F78/><W11/><G2/><T69/><D69/><U100/><E7/><V22/><F22/><W84/><G3/><T23/><D105/><U116/><E116/><V134/><F134/><W83/><G36/><T53/><D114/><N who="2" m="43530" /><F93/><W5/><G42/><N who="0" m="24919" /><D80/><U107/><E107/><V51/><F51/><W31/><G31/><T104/><D104/><U62/><E54/><V49/><F49/><W123/><G123/><T47/><D61/><U112/><E112/><V120/><F120/><W37/><G37/><T29/><D29/><U66/><E52/><V67/><F55/><W128/><G128/><T90/><D94/><U102/><E66/><V63/><F63/><AGARI ba="0,0" hai="38,40,44,62,63,100,101,102" m="49674,28714" machi="63" ten="40,8000,1" yaku="19,1,52,3" doraHai="96" who="1" fromWho="2" sc="226,0,352,80,111,-80,311,0" /><INIT seed="7,0,0,5,3,80" ten="226,432,31,311" oya="3" hai0="34,81,54,30,1,125,106,122,130,23,131,36,5" hai1="35,114,84,8,69,62,128,28,104,21,46,100,41" hai2="55,53,18,12,66,116,121,123,49,31,113,71,15" hai3="65,109,16,60,43,45,70,40,111,6,93,72,0"/><W129/><G72/><T92/><D54/><U56/><E114/><V29/><F113/><W108/><G129/><N who="0" m="49163" /><D36/><U90/><E69/><V74/><F74/><W99/><G6/><T3/><D81/><U118/><E35/><V135/><F66/><W82/><G82/><T134/><D92/><U73/><E73/><V126/><F135/><W124/><G0/><T132/><D106/><U27/><E8/><V88/><F71/><W98/><G124/><T133/><D122/><U97/><E128/><V48/><F126/><W115/><G115/><T107/><D107/><U96/><E118/><V58/><F116/><W26/><G43/><T50/><D50/><U33/><E33/><V110/><F110/><W77/><G77/><T78/><D78/><U59/><E97/><V87/><F58/><W24/><G16/><T67/><D67/><U4/><E4/><V89/><REACH who="2" step="1"/><F18/><REACH who="2" ten="226,432,21,311" step="2"/><W79/><G79/><T2/><D125/><U14/><E14/><V51/><F51/><N who="3" m="27047" /><G99/><T38/><D38/><U20/><E20/><V17/><F17/><W102/><AGARI ba="0,1" hai="24,26,60,65,70,93,98,102,108,109,111" m="27047" machi="102" ten="30,1500,0" yaku="10,1" doraHai="80" who="3" fromWho="3" sc="226,-5,432,-5,21,-5,311,25" /><INIT seed="7,1,0,2,0,60" ten="221,427,16,336" oya="3" hai0="72,44,135,115,103,91,7,110,79,128,83,134,30" hai1="131,1,95,34,11,124,17,27,58,53,97,46,45" hai2="37,33,107,0,9,43,76,40,15,73,5,92,77" hai3="117,89,57,99,25,6,109,16,29,88,14,112,19"/><W55/><G117/><T120/><D44/><U64/><E131/><V42/><F15/><W102/><G112/><T66/><D66/><U20/><E124/><V75/><F92/><N who="3" m="58727" /><G109/><T39/><D39/><U21/><E34/><V35/><F37/><W28/><G6/><T31/><D30/><N who="3" m="11881" /><G25/><T51/><D31/><N who="1" m="17895" /><E64/><V47/><F47/><W52/><G55/><T12/><D12/><N who="1" m="7327" /><E21/><V81/><F107/><W62/><G19/><T74/><D7/><U23/><E23/><AGARI ba="1,0" hai="14,16,23,52,57,62,88,89" m="11881,58727" machi="23" ten="30,11600,0" yaku="8,1,54,3" doraHai="60" who="3" fromWho="1" sc="221,0,427,-119,16,0,336,119" owari="221,-18.0,308,11.0,16,-48.0,455,55.0" /></mjloggm>