<mjloggm ver="2.3"><GO type="97" lobby="0"/><UN n0="%E3%81%82%E3%82%8F%E3%81%82%E3%82%8F%E2%98%86" n1="%E5%88%9D%E4%BB%A3%E2%98%86" n2="%E5%B0%B1%E6%B4%BB%E7%94%9F%40%E5%B7%9D%E6%9D%91%E8%BB%8D%E5%9B%A3" n3="%E5%B7%9D%E6%9D%91%E8%BB%8D%E5%9B%A3%E8%BB%8D%E6%9D%91%E5%B7%9D" dan="14,14,14,15" rate="1963.15,1872.66,1987.02,2021.36" sx="F,M,M,F"/><TAIKYOKU oya="0"/><INIT seed="0,0,0,4,5,68" ten="250,250,250,250" oya="0" hai0="95,12,59,103,89,24,62,36,124,33,98,38,115" hai1="16,105,17,22,21,4,123,91,133,80,25,102,20" hai2="60,58,64,126,48,30,41,69,15,10,57,127,114" hai3="46,109,11,26,65,117,13,67,90,18,129,45,85"/><T104/><D115/><U76/><E123/><V132/><F30/><W118/><G117/><T23/><D124/><N who="2" m="47658" /><F114/><W75/><G118/><T78/><D33/><U7/><E133/><V72/><F72/><W29/><G75/><T128/><D128/><U9/><E91/><V93/><F93/><W121/><G109/><T131/><D78/><U61/><E61/><V119/><F119/><W44/><G121/><T83/><D83/><U32/><E32/><V74/><F74/><W34/><REACH who="3" step="1"/><G129/><REACH who="3" ten="250,250,250,240" step="2"/><T71/><D131/><U3/><E7/><N who="2" m="3551" /><F132/><W5/><G5/><T101/><D103/><U81/><E4/><V116/><F116/><W110/><G110/><T31/><D71/><U37/><E3/><V63/><F63/><W52/><G52/><T130/><D130/><U79/><E25/><V122/><F122/><W28/><G28/><T96/><D12/><U49/><E17/><V6/><F6/><W2/><G2/><T135/><D135/><U54/><E54/><AGARI ba="0,1" hai="23,24,31,36,38,54,59,62,89,95,96,98,101,104" machi="54" ten="30,5800,0" yaku="7,1,52,2" doraHai="68" who="0" fromWho="1" sc="250,68,250,-58,250,0,240,0" /><INIT seed="0,1,0,2,3,56" ten="318,192,250,240" oya="0" hai0="20,52,76,60,114,82,84,119,90,81,26,111,79" hai1="107,4,127,41,78,29,31,45,113,38,65,49,61" hai2="121,74,33,25,92,46,6,96,88,43,21,135,62" hai3="14,109,101,23,34,115,5,116,130,108,27,35,126"/><T17/><D114/><U16/><E127/><V54/><F121/><W59/><G126/><T94/><D119/><U47/><E107/><V42/><F135/><W125/><G116/><T72/><D111/><N who="3" m="42569" /><G125/><T68/><D68/><U97/><E4/><V28/><F74/><W131/><G115/><T39/><D39/><U9/><E78/><N who="0" m="29737" /><D72/><U134/><E134/><V70/><F6/><W58/><G101/><T40/><D40/><U91/><E113/><V7/><F7/><W22/><G59/><AGARI ba="1,0" hai="17,20,26,52,59,60,81,82,84,90,94" m="29737" machi="59" ten="30,5800,0" yaku="8,1,52,1,54,1" doraHai="56" who="0" fromWho="3" sc="318,61,192,0,250,0,240,-61" /><INIT seed="0,2,0,5,5,117" ten="379,192,250,179" oya="0" hai0="95,48,101,18,106,4,28,99,41,13,113,98,125" hai1="38,68,92,17,71,78,35,9,83,126,130,90,134" hai2="65,45,55,107,84,0,108,124,7,22,21,43,61" hai3="128,133,14,24,53,54,1,86,100,44,31,102,122"/><T58/><D113/><U121/><E35/><V64/><F107/><W40/><G1/><T32/><D125/><U120/><E38/><V47/><F108/><W10/><G128/><T60/><D32/><U19/><E126/><V16/><F124/><W96/><G133/><T119/><D28/><U74/><E134/><V30/><F30/><W49/><G86/><T20/><D119/><U79/><E130/><V3/><F22/><W46/><G100/><T69/><D69/><U62/><E62/><V91/><F55/><W23/><G46/><N who="0" m="25679" /><D106/><U103/><E103/><V93/><F7/><W70/><G70/><T15/><D99/><U87/><E79/><V39/><F47/><W56/><G122/><T52/><D4/><U88/><E90/><V131/><F131/><W59/><G56/><T114/><D114/><U66/><E71/><V82/><F82/><W112/><G59/><T81/><D81/><U8/><E68/><V51/><F39/><W37/><G37/><T110/><D110/><U77/><E77/><V34/><F34/><W25/><G25/><AGARI ba="2,0" hai="13,15,18,20,25,52,58,60,95,98,101" m="25679" machi="25" ten="30,2900,0" yaku="8,1,54,1" doraHai="117" who="0" fromWho="3" sc="379,35,192,0,250,0,179,-35" /><INIT seed="0,3,0,3,5,83" ten="414,192,250,144" oya="0" hai0="65,84,104,50,113,13,1,69,25,112,111,48,114" hai1="126,44,86,108,100,30,93,32,41,4,78,98,130" hai2="52,58,119,31,53,61,72,106,129,2,120,59,21" hai3="88,107,101,27,90,122,74,63,19,26,102,28,116"/><T89/><D1/><U75/><E75/><V5/><F106/><W135/><G116/><T34/><D104/><U87/><E108/><V71/><F72/><W29/><G74/><T134/><D134/><U68/><E68/><V73/><F73/><W14/><G107/><T10/><D111/><U76/><E32/><V55/><F119/><W79/><G79/><N who="1" m="30250" /><E126/><V99/><F120/><W18/><G135/><T91/><D69/><U127/><E127/><V66/><F129/><W47/><G122/><T64/><D65/><U35/><E35/><V124/><F124/><W70/><G70/><T121/><D64/><U36/><E36/><V20/><F99/><W45/><REACH who="3" step="1"/><G14/><REACH who="3" ten="414,192,250,134" step="2"/><T133/><D121/><U103/><E130/><V15/><F2/><W33/><G33/><T82/><D133/><U11/><E103/><V56/><REACH who="2" step="1"/><F31/><REACH who="2" ten="414,192,240,134" step="2"/><W7/><G7/><T62/><D114/><U39/><E30/><V128/><F128/><W38/><G38/><T17/><D113/><U85/><E39/><V118/><F118/><W132/><G132/><T0/><D112/><U22/><E4/><V6/><F6/><W37/><G37/><T9/><D0/><U92/><E100/><V43/><F43/><W115/><G115/><T80/><D91/><U40/><E40/><V67/><F67/><W16/><G16/><T95/><D89/><U105/><E41/><V77/><F77/><W81/><G81/><T109/><D82/><U8/><E105/><V12/><F12/><W51/><G51/><T49/><D80/><U57/><E98/><V23/><F23/><W54/><G54/><RYUUKYOKU ba="3,2" sc="414,-15,192,-15,240,15,134,15" hai2="5,15,20,21,52,53,55,56,58,59,61,66,71" hai3="18,19,26,27,28,29,45,47,63,88,90,101,102" /><INIT seed="1,4,2,2,4,96" ten="399,177,255,149" oya="1" hai0="17,27,91,32,62,109,88,7,129,64,135,125,74" hai1="119,104,77,85,121,115,2,95,107,86,79,133,68" hai2="117,106,61,97,124,128,23,10,84,14,118,5,3" hai3="90,113,53,31,67,24,101,134,131,48,87,59,11"/><U70/><E115/><V30/><F124/><W122/><G122/><T103/><D74/><U78/><E2/><V55/><F128/><W50/><G113/><T80/><D129/><U45/><E121/><V15/><F84/><N who="1" m="32361" /><E119/><V43/><F43/><W110/><G110/><T58/><D125/><U71/><E95/><V16/><F30/><W112/><G112/><T36/><D36/><U130/><E130/><V6/><F6/><W22/><G131/><T81/><D135/><U94/><E94/><V63/><F3/><W8/><G134/><T98/><D109/><U4/><E133/><V111/><F111/><W83/><G101/><T73/><D73/><U46/><E4/><V49/><F117/><W42/><G67/><T44/><D7/><U28/><E28/><V127/><F127/><W75/><G75/><T69/><D69/><U132/><E132/><V19/><F5/><W57/><G42/><T47/><D32/><U123/><E123/><V26/><F118/><W108/><REACH who="3" step="1"/><G108/><REACH who="3" ten="399,177,255,139" step="2"/><T89/><D103/><U21/><E21/><N who="2" m="13607" /><F106/><AGARI ba="4,3" hai="45,46,68,70,71,77,78,79,104,106,107" m="32361" machi="106" ten="40,3900,0" yaku="28,2" doraHai="96" who="1" fromWho="2" sc="399,0,177,81,255,-51,139,0" /><INIT seed="1,5,0,4,1,0" ten="399,258,204,139" oya="1" hai0="74,1,3,68,116,27,129,134,31,110,100,88,50" hai1="122,94,15,112,132,55,57,64,18,133,40,92,16" hai2="128,90,77,8,121,17,28,91,83,109,25,123,20" hai3="79,34,84,6,29,93,115,107,108,106,24,38,117"/><U26/><E112/><V36/><F36/><W46/><G115/><T120/><D74/><U97/><E64/><V35/><F128/><W125/><G125/><T43/><D68/><U114/><E114/><V70/><F70/><W102/><G117/><T5/><D100/><U87/><E40/><V96/><F109/><W39/><G108/><T14/><D116/><U44/><E44/><V95/><F8/><W19/><G19/><T69/><D129/><U105/><E105/><V30/><F91/><W32/><G46/><T37/><D37/><U10/><E122/><V11/><F11/><W58/><G58/><T82/><D69/><U76/><E76/><V72/><REACH who="2" step="1"/><F30/><REACH who="2" ten="399,258,194,139" step="2"/><W47/><G29/><T54/><D31/><U130/><E130/><V9/><F9/><W103/><G79/><T113/><D110/><U118/><E118/><V49/><F49/><W99/><G47/><T67/><D50/><U78/><E78/><V62/><F62/><W81/><G24/><AGARI ba="5,1" hai="17,20,24,25,28,35,72,77,83,90,95,96,121,123" machi="24" ten="30,3900,0" yaku="1,1,7,1,53,1" doraHai="0" doraHaiUra="12" who="2" fromWho="3" sc="399,0,258,0,194,64,139,-54" /><INIT seed="2,0,0,4,1,63" ten="399,258,258,85" oya="2" hai0="9,134,109,97,41,17,85,27,18,32,129,131,93" hai1="36,19,57,15,56,106,60,107,127,121,13,48,5" hai2="130,11,70,101,71,117,120,88,124,59,16,43,58" hai3="128,20,77,29,7,2,79,95,104,135,74,105,76"/><V65/><F120/><W37/><G37/><T73/><D134/><U3/><E36/><V125/><F117/><W119/><G119/><T99/><D109/><U132/><E132/><V80/><F101/><W4/><G135/><T42/><D73/><U55/><E127/><N who="2" m="48715" /><F43/><W66/><G2/><T52/><D99/><U25/><E121/><V46/><F46/><W126/><G126/><T115/><D115/><U69/><E69/><N who="2" m="26123" /><F130/><N who="0" m="49674" /><D85/><U96/><E25/><V90/><F80/><W47/><G128/><T75/><D75/><U92/><E3/><V61/><F59/><W39/><G39/><T62/><D27/><U30/><E30/><V50/><F50/><W87/><G87/><T10/><D42/><U45/><E56/><V51/><F51/><W1/><G1/><T114/><D41/><U84/><E15/><AGARI ba="0,0" hai="11,15,16,58,61,65,88,90" m="26123,48715" machi="15" ten="30,11600,0" yaku="18,1,52,1,54,2" doraHai="63" who="2" fromWho="1" sc="399,0,258,-116,258,116,85,0" /><INIT seed="2,1,0,2,5,0" ten="399,142,374,85" oya="2" hai0="44,28,64,129,127,26,34,31,21,128,69,107,86" hai1="65,112,92,52,80,11,61,110,111,72,63,134,113" hai2="19,7,20,122,10,51,103,49,96,48,15,55,73" hai3="54,94,37,30,56,75,82,58,104,125,117,68,50"/><V97/><F122/><W36/><G117/><T98/><D107/><U25/><E25/><V3/><F73/><W2/><G104/><T121/><D127/><U18/><E92/><V16/><F19/><W76/><G68/><T123/><D98/><U12/><E134/><V115/><F115/><N who="1" m="44105" /><E52/><V90/><F90/><W1/><G125/><T74/><D74/><U105/><E105/><V101/><F97/><W4/><G30/><T118/><D118/><U132/><E132/><V40/><F40/><W119/><G119/><T100/><D100/><U84/><E72/><V59/><REACH who="2" step="1"/><F101/><REACH who="2" ten="399,142,364,85" step="2"/><W70/><G94/><AGARI ba="1,1" hai="3,7,10,15,16,20,48,49,51,55,59,94,96,103" machi="94" ten="30,12000,1" yaku="1,1,2,1,7,1,52,1,54,1,53,0" doraHai="0" doraHaiUra="66" who="2" fromWho="3" sc="399,0,142,0,364,133,85,-123" owari="399,20.0,142,-26.0,497,60.0,-38,-54.0" /></mjloggm>