<mjloggm ver="2.3"><GO type="97" lobby="0"/><UN n0="%E3%83%AD%E3%83%A0%E5%B0%82%EF%BC%A0%E5%B7%9D%E6%9D%91%E8%BB%8D%E5%9B%A3" n1="%E3%83%9C%E3%82%A2%E3%83%BB%E3%83%8F%E3%83%B3%E3%82%B3%E3%83%83%E3%82%AF" n2="%72%79%75%2D%74%61%6E" n3="%E5%B0%B1%E6%B4%BB%E7%94%9F%40%E5%B7%9D%E6%9D%91%E8%BB%8D%E5%9B%A3" dan="15,13,13,15" rate="2035.57,1810.42,1842.47,1998.43" sx="M,M,M,M"/><TAIKYOKU oya="0"/><INIT seed="0,0,0,4,0,95" ten="250,250,250,250" oya="0" hai0="4,48,5,56,119,15,93,42,96,106,31,130,109" hai1="47,52,101,88,113,107,75,16,26,84,111,89,78" hai2="79,87,121,115,117,81,7,34,128,51,23,14,123" hai3="17,76,11,134,122,99,116,91,77,82,129,97,18"/><T105/><D119/><U86/><E111/><V69/><F117/><W37/><G116/><T71/><D71/><U0/><E0/><V110/><F110/><W9/><G37/><T60/><D109/><U124/><E124/><V61/><F115/><W35/><G35/><T20/><D130/><U25/><E113/><V73/><F128/><W63/><G122/><T102/><D105/><U54/><E75/><V12/><F34/><W53/><G129/><T27/><D106/><U55/><E78/><N who="3" m="30314" /><G134/><T62/><D15/><U49/><E107/><V132/><F132/><W29/><G29/><T38/><D38/><U45/><E101/><V28/><F51/><W98/><G82/><T57/><D62/><U39/><E39/><V24/><F73/><W72/><G91/><N who="1" m="34890" /><E16/><N who="3" m="6250" /><G72/><T68/><D68/><U50/><E55/><V32/><F32/><W2/><G2/><T135/><D135/><U19/><E19/><V66/><REACH who="2" step="1"/><F14/><REACH who="2" ten="250,250,240,250" step="2"/><W40/><G40/><T58/><REACH who="0" step="1"/><D60/><REACH who="0" ten="240,250,240,250" step="2"/><U90/><E90/><V94/><F94/><W131/><G131/><T65/><D65/><U92/><E92/><V125/><F125/><W1/><G1/><T133/><D133/><U112/><E112/><V44/><F44/><AGARI ba="0,2" hai="4,5,20,27,31,42,44,48,56,57,58,93,96,102" machi="44" ten="40,12000,1" yaku="1,1,8,1,52,1,53,1" doraHai="95" doraHaiUra="21" who="0" fromWho="2" sc="240,140,250,0,240,-120,250,0" /><INIT seed="0,1,0,3,3,108" ten="380,250,120,250" oya="0" hai0="109,39,123,79,95,124,67,46,10,53,23,1,70" hai1="63,107,16,134,37,3,135,125,25,35,6,65,18" hai2="54,113,103,121,69,64,96,57,5,59,94,104,132" hai3="83,111,56,41,114,110,11,75,45,126,128,36,61"/><T130/><D123/><U8/><E125/><V105/><F121/><W47/><G75/><T50/><D124/><U89/><E37/><V72/><F72/><W102/><G102/><T17/><D109/><N who="3" m="41481" /><G11/><T40/><D130/><U91/><E107/><V100/><F132/><N who="1" m="50729" /><E18/><V122/><F122/><W86/><G126/><T22/><D79/><U87/><E35/><V28/><F28/><W43/><G86/><T80/><D80/><U85/><E85/><V88/><F5/><W74/><G83/><T120/><D120/><U133/><N who="1" m="50737" /><U33/><DORA hai="52" /><E87/><V14/><F14/><W92/><G92/><T7/><D95/><U58/><E33/><V4/><F4/><W115/><G74/><T131/><D131/><U84/><E84/><V9/><F9/><W98/><G98/><T93/><D93/><U34/><E34/><V82/><F82/><W66/><G128/><T42/><D23/><AGARI ba="1,0" hai="3,6,8,16,23,25,58,63,65,89,91" m="50737" machi="23" ten="40,5200,0" yaku="20,1,52,1,54,1" doraHai="108,52" who="1" fromWho="0" sc="380,-55,250,55,120,0,250,0" /><INIT seed="1,0,0,0,3,17" ten="325,305,120,250" oya="1" hai0="64,67,129,49,25,116,85,70,7,93,94,19,57" hai1="0,107,14,122,1,84,91,132,74,73,38,21,104" hai2="12,40,98,47,48,128,41,51,134,42,79,58,63" hai3="126,110,62,45,3,23,16,27,55,71,43,97,102"/><U88/><E122/><V76/><F12/><W115/><G115/><T127/><D116/><U131/><E38/><N who="2" m="21911" /><F98/><W18/><G110/><T44/><D127/><U83/><E132/><V69/><F79/><W105/><G126/><T11/><D129/><U13/><E131/><V125/><F76/><W65/><G3/><T112/><D112/><U121/><E121/><V89/><F89/><W34/><G55/><T103/><D70/><U4/><E4/><V54/><F128/><W15/><G34/><T75/><D75/><U118/><E84/><V32/><F32/><W81/><G81/><T2/><D103/><U28/><E28/><V101/><F101/><W87/><G87/><T95/><D85/><U33/><E33/><V72/><F72/><W82/><G82/><T36/><D36/><U114/><E83/><V20/><F20/><W22/><G45/><T46/><D57/><U66/><E114/><V68/><F125/><W106/><G43/><N who="2" m="16393" /><F134/><W117/><G117/><T99/><D99/><U60/><E118/><V124/><F124/><W10/><G10/><T8/><D8/><U37/><E37/><V35/><F35/><W6/><G6/><T39/><D25/><U50/><E21/><V123/><F123/><W135/><G135/><T80/><D80/><U100/><E100/><V120/><F120/><W108/><G108/><T109/><D109/><U90/><E107/><AGARI ba="0,0" hai="15,16,18,22,23,27,62,65,71,97,102,105,106,107" machi="107" ten="30,7700,0" yaku="7,1,52,2,54,1" doraHai="17" who="3" fromWho="1" sc="325,0,305,-77,120,0,250,77" /><INIT seed="2,0,0,2,4,40" ten="325,228,120,327" oya="2" hai0="101,11,16,44,77,69,39,73,17,119,52,98,62" hai1="106,134,43,32,128,132,28,79,34,64,19,4,113" hai2="80,3,75,78,135,47,15,121,83,105,123,88,63" hai3="96,133,125,29,26,74,0,107,108,71,61,99,81"/><V8/><F105/><W58/><G108/><T110/><D119/><U91/><E113/><V93/><F3/><W48/><G0/><T86/><D110/><U57/><E128/><V111/><F111/><W50/><G125/><T41/><D73/><U45/><E106/><V27/><F135/><N who="1" m="51753" /><E79/><V67/><F80/><W1/><G1/><T115/><D115/><U126/><E126/><V70/><F27/><W116/><G71/><T95/><D11/><U33/><E4/><V118/><F118/><W18/><G116/><T94/><D69/><U55/><E64/><V76/><F76/><W7/><G7/><T114/><D114/><U38/><E19/><V68/><F68/><W46/><G18/><T59/><REACH who="0" step="1"/><D77/><REACH who="0" ten="315,228,120,327" step="2"/><U103/><E91/><AGARI ba="0,1" hai="16,17,39,41,44,52,59,62,86,91,94,95,98,101" machi="91" ten="40,8000,1" yaku="1,1,2,1,52,1,54,2,53,0" doraHai="40" doraHaiUra="130" who="0" fromWho="1" sc="315,90,228,-80,120,0,327,0" /><INIT seed="3,0,0,5,4,45" ten="405,148,120,327" oya="3" hai0="130,66,31,115,24,39,120,4,6,50,55,26,38" hai1="98,89,68,11,103,34,124,104,53,13,126,48,81" hai2="2,78,61,71,80,75,58,91,118,67,17,27,85" hai3="49,100,132,77,86,122,99,37,10,97,56,25,79"/><W7/><G37/><T96/><D120/><U113/><E113/><V76/><F118/><W60/><G122/><T32/><D115/><U47/><E34/><V46/><F2/><W127/><G127/><N who="1" m="48682" /><E68/><V105/><F105/><W82/><G132/><T18/><D130/><U119/><E119/><V14/><F46/><W44/><G25/><T102/><D66/><U106/><E106/><V117/><F117/><W69/><G69/><T62/><D62/><U59/><E47/><V116/><F116/><W3/><G79/><T87/><D87/><N who="1" m="50415" /><E13/><V23/><F76/><W135/><G135/><T101/><D39/><U19/><E19/><V123/><F123/><W131/><G100/><T12/><D38/><U40/><E11/><V57/><REACH who="2" step="1"/><F14/><REACH who="2" ten="405,148,110,327" step="2"/><W29/><G131/><T108/><D108/><U73/><E40/><V110/><F110/><W114/><G114/><T74/><D74/><AGARI ba="0,1" hai="48,53,59,73,74,98,103,104" m="50415,48682" machi="74" ten="30,2000,0" yaku="18,1,52,1" doraHai="45" who="1" fromWho="0" sc="405,-20,148,30,110,0,327,0" owari="385,48.0,178,-22.0,110,-39.0,327,13.0" /></mjloggm>