<mjloggm ver="2.3"><GO type="169" lobby="0"/><UN n0="%E5%A4%A9%E5%B0%8A%E4%BD%8D" n1="%E3%82%A6%E3%83%AB%E3%83%88%E3%83%A9%E7%AB%8B%E7%9B%B4" n2="%E8%B5%A4%E6%9C%A8%E3%81%97%E3%81%92%E3%82%8C" n3="%79%6F%6A%6F" dan="16,18,17,16" rate="2010.68,2186.95,2182.89,2204.09" sx="F,M,M,F"/><TAIKYOKU oya="0"/><INIT seed="0,0,0,2,1,57" ten="250,250,250,250" oya="0" hai0="63,53,42,25,51,52,124,47,90,80,82,114,100" hai1="23,86,81,55,19,105,2,49,132,91,102,66,27" hai2="112,98,67,89,129,70,85,1,48,4,56,116,115" hai3="88,126,8,117,131,50,45,93,60,16,6,109,34"/><T54/><D114/><U64/><E132/><V43/><F129/><W104/><G117/><T130/><D130/><U95/><E2/><V103/><F116/><W76/><G104/><T84/><D124/><U128/><E105/><V13/><F1/><W36/><G34/><T5/><D100/><U15/><E128/><V119/><F119/><W120/><G131/><T78/><D5/><U38/><E38/><V65/><F70/><W41/><G126/><T118/><D118/><U59/><E27/><V108/><F108/><W26/><G109/><T11/><D11/><U96/><AGARI ba="0,0" hai="15,19,23,49,55,59,64,66,81,86,91,95,96,102" machi="96" ten="30,2000,0" yaku="0,1,8,1" doraHai="57" who="1" fromWho="1" sc="250,-10,250,20,250,-5,250,-5" /><INIT seed="1,0,0,4,3,82" ten="240,270,245,245" oya="1" hai0="130,88,53,63,26,12,24,129,25,31,32,28,127" hai1="84,110,126,106,80,94,116,120,6,41,8,13,20" hai2="105,85,133,90,102,95,60,37,99,119,7,81,128" hai3="61,5,117,91,65,107,100,49,76,135,69,72,111"/><U43/><E106/><V44/><F7/><W23/><G5/><T10/><D63/><U118/><E120/><V79/><F60/><W38/><G38/><T54/><D53/><U86/><E126/><V56/><F56/><W67/><G67/><T55/><D54/><U47/><E110/><V122/><F44/><W36/><G36/><T62/><D62/><U57/><E57/><V14/><F14/><W75/><G111/><T30/><D55/><U134/><E134/><V18/><F18/><W45/><G135/><T123/><D127/><U96/><E20/><V11/><F11/><W77/><G100/><T101/><D101/><U74/><E74/><N who="2" m="43255" /><F37/><W73/><G107/><T15/><D88/><N who="1" m="55367" /><E118/><V93/><F133/><W42/><G117/><T27/><D123/><U50/><E116/><V113/><F122/><W121/><G121/><T34/><N who="0" m="6144" /><DORA hai="103" /><T2/><D2/><U33/><E33/><N who="0" m="12905" /><D10/><U40/><E80/><N who="2" m="49447" /><F119/><W64/><G65/><T3/><D3/><U4/><E4/><V97/><F128/><AGARI ba="0,0" hai="12,15,28,30,31,128,129,130" m="12905,6144" machi="128" ten="50,8000,1" yaku="28,2,19,1,34,2" doraHai="82,103" who="0" fromWho="2" sc="240,80,270,0,245,-80,245,0" /><INIT seed="2,0,0,5,1,97" ten="320,270,165,245" oya="2" hai0="55,75,131,51,132,69,26,40,88,47,121,44,12" hai1="101,0,63,10,16,89,2,84,123,109,59,86,116" hai2="43,61,31,33,104,21,79,65,29,34,129,14,125" hai3="118,111,64,60,78,90,133,32,76,7,77,119,22"/><V19/><F104/><W100/><G32/><T110/><D121/><U91/><E116/><V45/><F125/><W106/><G7/><T9/><D75/><U5/><E123/><V135/><F129/><W3/><G3/><T105/><D131/><U98/><E109/><V67/><F135/><W94/><G111/><T1/><D69/><U39/><E39/><V134/><F134/><W37/><G37/><T20/><D1/><U120/><E120/><V128/><F128/><W42/><G42/><T124/><D124/><U83/><E2/><V95/><F79/><W81/><G133/><T122/><D122/><U24/><E24/><V11/><F95/><W114/><G114/><T103/><D110/><U70/><E70/><V102/><F102/><W25/><G81/><T54/><D132/><U53/><E16/><V112/><F112/><W108/><G108/><T107/><D107/><U18/><E18/><V23/><F33/><W99/><G64/><N who="2" m="24649" /><F61/><W82/><G82/><T80/><D47/><U46/><E46/><V30/><F34/><W56/><G56/><T115/><D115/><U92/><REACH who="1" step="1"/><E86/><REACH who="1" ten="320,260,165,245" step="2"/><V50/><AGARI ba="0,1" hai="11,14,19,21,23,29,30,31,43,45,50" m="24649" machi="50" ten="30,1500,0" yaku="8,1" doraHai="97" who="2" fromWho="2" sc="320,-5,260,-5,165,25,245,-5" /><INIT seed="2,1,0,0,2,65" ten="315,255,190,240" oya="2" hai0="4,8,0,52,45,108,17,100,71,40,58,75,68" hai1="32,67,135,21,76,88,63,11,86,101,49,97,81" hai2="7,1,124,18,102,131,103,29,15,99,90,2,79" hai3="87,64,54,13,59,80,14,10,34,133,24,128,30"/><V69/><F131/><W105/><G105/><T26/><D75/><U25/><E135/><V73/><F124/><W56/><G133/><T129/><D129/><U72/><E49/><V92/><F29/><W6/><G128/><T19/><D100/><U51/><E51/><V74/><F69/><W39/><G39/><T111/><D45/><U43/><E43/><V117/><F117/><W47/><G14/><T130/><D40/><U44/><E44/><V61/><F61/><W57/><G64/><T120/><D120/><U12/><E32/><V127/><F127/><W107/><G107/><T121/><D121/><U22/><E72/><V104/><F103/><W83/><G83/><T119/><D119/><U132/><E76/><V46/><F46/><W31/><G30/><T91/><D91/><U96/><E132/><V112/><F112/><W41/><G47/><T42/><D42/><U125/><E125/><V98/><F7/><W77/><REACH who="3" step="1"/><G41/><REACH who="3" ten="315,255,190,230" step="2"/><T109/><D130/><U126/><E126/><V70/><F70/><N who="0" m="26666" /><D26/><U85/><E25/><V93/><F104/><W53/><AGARI ba="1,1" hai="6,10,13,24,31,34,53,54,56,57,59,77,80,87" machi="53" ten="30,4000,0" yaku="1,1,0,1,53,1" doraHai="65" doraHaiUra="3" who="3" fromWho="3" sc="315,-11,255,-11,190,-21,230,53" /><INIT seed="3,0,0,1,1,91" ten="304,244,169,283" oya="3" hai0="64,45,117,103,107,106,80,26,29,34,13,98,71" hai1="56,62,86,49,135,47,4,75,35,11,89,74,41" hai2="9,27,120,76,28,119,60,50,134,22,129,18,77" hai3="20,131,126,114,7,121,81,128,85,82,0,40,23"/><W31/><G121/><T100/><D117/><U61/><E35/><V30/><F119/><W70/><G70/><T24/><D45/><U12/><E135/><V54/><F120/><W8/><G114/><T1/><D24/><U118/><E118/><V58/><F134/><W104/><G104/><T68/><D13/><U110/><E110/><V19/><F129/><N who="3" m="49739" /><G40/><T5/><D80/><U94/><REACH who="1" step="1"/><E62/><REACH who="1" ten="304,234,169,283" step="2"/><V101/><F60/><W124/><G124/><T36/><D64/><AGARI ba="0,1" hai="4,11,12,41,47,49,56,61,64,74,75,86,89,94" machi="64" ten="30,8000,1" yaku="1,1,2,1,7,1,52,1,53,1" doraHai="91" doraHaiUra="83" who="1" fromWho="0" sc="304,-80,234,90,169,0,283,0" /><INIT seed="4,0,0,2,0,27" ten="224,324,169,283" oya="0" hai0="25,45,135,36,131,132,21,20,98,2,15,3,30" hai1="91,7,110,82,96,55,85,113,97,44,72,8,47" hai2="19,124,105,130,10,63,14,118,43,62,66,16,112" hai3="53,108,31,125,50,1,33,4,133,32,23,28,74"/><T12/><D98/><U68/><E68/><V89/><F105/><W94/><G74/><T117/><D36/><U70/><E70/><V78/><F130/><W64/><G64/><T128/><D45/><U77/><E110/><V107/><F107/><W73/><G73/><T104/><D104/><U127/><E127/><V18/><F124/><W76/><G76/><T126/><D126/><U13/><E113/><V58/><F112/><W61/><G125/><T88/><D88/><U119/><E119/><V120/><F120/><W6/><G61/><T29/><D25/><U9/><E9/><V84/><F43/><W39/><G39/><T26/><D26/><U54/><E72/><V111/><F111/><W103/><G108/><T11/><D11/><U37/><E37/><V80/><F118/><AGARI ba="0,0" hai="2,3,12,15,20,21,29,30,117,118,128,131,132,135" machi="118" ten="25,18000,2" yaku="22,2,34,3,52,2" doraHai="27" who="0" fromWho="2" sc="224,180,324,0,169,-180,283,0" owari="404,51.0,324,12.0,-11,-51.0,283,-12.0" /></mjloggm>