<mjloggm ver="2.3"><GO type="169" lobby="0"/><UN n0="%E3%81%97%E3%82%85%E3%81%B0%E3%82%8B%E3%81%A4" n1="%E3%82%A6%E3%83%AB%E3%83%88%E3%83%A9%E7%AB%8B%E7%9B%B4" n2="%58%E7%8C%AB" n3="%E7%89%8C%E5%BB%83%E4%BA%BA" dan="16,17,17,17" rate="2026.04,2173.40,2182.31,2203.78" sx="M,M,M,M"/><TAIKYOKU oya="0"/><INIT seed="0,0,0,3,4,43" ten="250,250,250,250" oya="0" hai0="33,109,63,73,66,52,124,86,112,121,37,35,23" hai1="28,56,132,120,59,18,39,94,85,54,7,68,118" hai2="29,106,60,90,12,69,13,15,47,20,101,61,64" hai3="19,26,93,57,113,134,110,78,79,38,4,98,127"/><T116/><D73/><U41/><E68/><V21/><F60/><W3/><G113/><T104/><D112/><U126/><E120/><V130/><F90/><W11/><G110/><T125/><D121/><U74/><E74/><V122/><F122/><W107/><G107/><T36/><D116/><U27/><E118/><V58/><F58/><W128/><G128/><T22/><D104/><U115/><E7/><V25/><F130/><W89/><G134/><T30/><D109/><U135/><E18/><V70/><F70/><W6/><G127/><N who="0" m="48715" /><D86/><U46/><E115/><V34/><REACH who="2" step="1"/><F47/><REACH who="2" ten="250,250,240,250" step="2"/><W1/><G57/><N who="0" m="35239" /><D66/><U71/><E71/><V99/><AGARI ba="0,1" hai="12,13,15,20,21,25,29,34,61,64,69,99,101,106" machi="99" ten="30,7900,0" yaku="1,1,0,1,25,2,53,0" doraHai="43" doraHaiUra="117" who="2" fromWho="2" sc="250,-39,250,-20,240,89,250,-20" /><INIT seed="1,0,0,3,4,14" ten="211,230,329,230" oya="1" hai0="96,121,68,53,63,9,28,110,123,94,37,33,118" hai1="26,81,89,45,41,97,91,17,83,61,49,12,5" hai2="98,130,133,129,66,80,50,38,15,55,36,79,13" hai3="56,119,8,85,73,109,10,25,64,51,24,82,46"/><U48/><E5/><V117/><F66/><W86/><G73/><T22/><D118/><U105/><E26/><V111/><F117/><W23/><G109/><T16/><D37/><U125/><E125/><V35/><F35/><W20/><G119/><T131/><D110/><U31/><E31/><V112/><F111/><W39/><G39/><T116/><D116/><U71/><E71/><V43/><F98/><W113/><G113/><T0/><D131/><U115/><E115/><V59/><F112/><W11/><G56/><N who="0" m="35215" /><D68/><U107/><E61/><V128/><F133/><W21/><G64/><T93/><D33/><U90/><E49/><V47/><REACH who="2" step="1"/><F36/><REACH who="2" ten="211,230,319,230" step="2"/><W67/><G67/><T18/><D96/><U95/><E107/><V1/><F1/><W40/><REACH who="3" step="1"/><G86/><AGARI ba="0,1" hai="13,15,38,43,47,50,55,59,79,80,86,128,129,130" machi="86" ten="40,2600,0" yaku="1,1,19,1,53,0" doraHai="14" doraHaiUra="101" who="2" fromWho="3" sc="211,0,230,0,319,36,230,-26" /><INIT seed="2,0,0,0,2,92" ten="211,230,355,204" oya="2" hai0="120,41,79,55,48,21,134,35,1,46,6,116,16" hai1="7,101,71,82,37,40,80,31,105,8,17,65,36" hai2="132,61,110,83,34,18,20,85,108,124,97,102,96" hai3="58,69,19,70,99,86,2,72,76,47,115,44,81"/><V64/><F34/><W117/><G117/><T74/><D120/><U0/><E80/><V13/><F132/><W12/><G2/><T39/><D134/><U89/><E17/><V53/><F53/><W109/><G109/><N who="2" m="42089" /><F102/><W32/><G32/><T57/><D35/><U78/><E89/><N who="2" m="51391" /><F124/><W5/><G5/><T51/><D116/><U26/><E40/><V90/><F90/><W33/><G33/><T27/><D79/><U87/><E82/><V126/><F126/><W73/><G72/><T129/><D129/><U14/><E87/><V11/><F11/><W43/><G73/><T98/><D98/><U122/><E78/><V118/><F118/><W63/><G99/><T49/><REACH who="0" step="1"/><D74/><REACH who="0" ten="201,230,355,204" step="2"/><U84/><E122/><V100/><F100/><W45/><G76/><T123/><D123/><U59/><E101/><V107/><F107/><W135/><G135/><T66/><D66/><U52/><E65/><V24/><F24/><W125/><G125/><T104/><D104/><U119/><E26/><V91/><F91/><W62/><G86/><T29/><D29/><U10/><E31/><V75/><F75/><W15/><G81/><T111/><D111/><U22/><E84/><V67/><F67/><W28/><G28/><T94/><D94/><U133/><E105/><V60/><F64/><W54/><G43/><T114/><D114/><U23/><E133/><V121/><F121/><W93/><G115/><T113/><D113/><U127/><E119/><V4/><F4/><W3/><G93/><T77/><D77/><U112/><E127/><V9/><F9/><AGARI ba="0,1" hai="1,6,9,16,21,27,39,41,46,48,49,51,55,57" machi="9" ten="40,2600,0" yaku="1,1,54,1,53,0" doraHai="92" doraHaiUra="103" who="0" fromWho="2" sc="201,36,230,0,355,-26,204,0" /><INIT seed="3,0,0,1,0,135" ten="237,230,329,204" oya="3" hai0="98,62,25,107,95,87,44,109,126,92,46,59,34" hai1="105,21,127,132,10,125,77,67,8,82,70,115,96" hai2="60,68,124,37,38,118,108,93,13,103,29,52,48" hai3="78,91,134,31,74,76,120,94,133,128,117,53,2"/><W28/><G117/><T116/><D116/><U18/><E115/><V101/><F118/><W49/><G2/><T86/><D109/><U72/><E132/><N who="3" m="50794" /><G120/><T66/><D107/><U51/><E70/><V43/><F13/><W104/><G104/><T16/><D126/><N who="1" m="48139" /><E67/><V3/><F29/><N who="3" m="11339" /><G74/><T84/><D34/><U110/><E110/><V1/><F52/><W113/><G128/><T57/><D57/><U9/><E51/><V50/><F60/><W33/><G33/><T131/><D131/><U85/><E72/><V6/><F124/><W30/><N who="3" m="11347" /><W88/><DORA hai="56" /><G113/><T41/><D41/><U26/><E9/><V15/><F43/><W75/><G75/><T19/><D95/><U11/><E11/><V123/><F93/><W39/><G39/><T47/><REACH who="0" step="1"/><D25/><REACH who="0" ten="227,230,329,204" step="2"/><U79/><E79/><N who="3" m="30250" /><G94/><T130/><D130/><U99/><E99/><V36/><F108/><W63/><G63/><T0/><D0/><U24/><E24/><V102/><F123/><W42/><G42/><T20/><D20/><U54/><E54/><V65/><F1/><W4/><G4/><T32/><D32/><U55/><E55/><V40/><F3/><W81/><G81/><T45/><N who="0" m="11264" /><DORA hai="35" /><T22/><D22/><U90/><E77/><V119/><F40/><W83/><G83/><T114/><D114/><U89/><E89/><AGARI ba="0,1" hai="16,19,59,62,66,84,86,87,89,92,98" m="11264" machi="89" ten="50,8000,1" yaku="1,1,8,1,52,1,54,1,53,0" doraHai="135,56,35" doraHaiUra="100,7,111" who="0" fromWho="1" sc="227,90,230,-80,329,0,204,0" /><INIT seed="4,0,0,4,4,108" ten="317,150,329,204" oya="0" hai0="65,32,82,22,73,104,71,11,34,23,40,24,72" hai1="93,51,29,74,99,76,91,64,133,31,94,111,96" hai2="17,130,95,66,69,27,63,10,118,68,107,59,128" hai3="112,77,13,102,123,105,50,116,47,44,33,8,39"/><T90/><D104/><U2/><E111/><V41/><F107/><W79/><G116/><T70/><D11/><U113/><E2/><V132/><F118/><W122/><G33/><T38/><D34/><U81/><E133/><V127/><F41/><W67/><G67/><T0/><D0/><U78/><E64/><V55/><F132/><W83/><G39/><T15/><D15/><U21/><E51/><V57/><F127/><W100/><G105/><T25/><D32/><U37/><E37/><V56/><F95/><W101/><G77/><T28/><D72/><U14/><E78/><V3/><F3/><W60/><G60/><T120/><D120/><U62/><E62/><N who="2" m="36127" /><F57/><W109/><G109/><T89/><D73/><U92/><E92/><V85/><F85/><N who="3" m="48383" /><G47/><T5/><D65/><U12/><E113/><V87/><F87/><W126/><G112/><T117/><D71/><U115/><E115/><V88/><F88/><W52/><G126/><T7/><D70/><U46/><E46/><V75/><F75/><W97/><G123/><T18/><D117/><U26/><REACH who="1" step="1"/><E31/><REACH who="1" ten="317,140,329,204" step="2"/><V84/><F69/><W19/><G122/><T134/><D134/><U86/><E86/><V98/><F84/><W129/><G129/><T124/><D124/><U6/><E6/><V35/><F68/><W36/><G36/><T131/><D131/><U9/><E9/><V49/><F10/><W125/><G125/><T58/><D7/><U4/><E4/><V30/><F49/><W103/><N who="3" m="25600" /><DORA hai="106" /><W48/><G50/><T1/><D38/><U80/><E80/><V110/><F130/><RYUUKYOKU ba="0,1" sc="317,-15,140,15,329,-15,204,15" hai1="12,14,21,26,29,74,76,81,91,93,94,96,99" hai3="8,13,19,44,48,52,97" /><INIT seed="5,1,1,5,0,85" ten="302,155,314,219" oya="1" hai0="22,129,117,27,108,31,3,12,1,14,5,80,38" hai1="72,100,107,87,134,18,44,55,98,126,76,52,105" hai2="75,25,62,45,95,66,42,60,135,73,89,119,83" hai3="59,128,37,99,29,67,131,122,133,58,104,61,92"/><U121/><E121/><V2/><F119/><W78/><G122/><T32/><D38/><U103/><E126/><V26/><F2/><N who="0" m="522" /><D80/><U111/><E134/><V15/><F15/><N who="0" m="5674" /><D108/><U115/><E115/><V6/><F6/><W102/><G37/><T82/><D82/><U64/><E111/><V93/><F135/><W35/><G35/><T68/><D68/><U110/><E110/><V109/><F109/><W116/><G29/><T71/><D71/><U40/><E72/><V130/><F130/><N who="3" m="49707" /><G116/><T34/><D129/><U57/><E18/><V13/><F13/><W50/><G78/><T0/><D117/><U65/><E76/><V23/><F26/><W118/><G118/><T46/><D46/><U39/><E87/><V101/><F101/><W51/><G133/><T41/><D41/><U19/><E19/><V97/><F95/><W90/><G59/><T16/><D31/><U4/><E4/><V49/><F83/><W84/><AGARI ba="1,1" hai="50,51,58,61,67,84,90,92,99,102,104" m="49707" machi="84" ten="30,2000,0" yaku="19,1,52,1" doraHai="85" who="3" fromWho="3" sc="302,-6,155,-11,314,-6,219,33" /><INIT seed="6,0,0,4,4,132" ten="296,144,308,252" oya="2" hai0="14,120,127,10,79,68,25,85,76,26,49,69,131" hai1="88,73,63,2,119,36,126,32,31,97,15,99,107" hai2="84,123,122,21,41,28,13,135,54,118,33,3,0" hai3="78,12,93,48,1,51,39,20,61,23,6,44,11"/><V80/><F41/><W105/><G105/><T104/><D104/><U64/><E2/><V27/><F54/><W66/><G78/><T116/><D120/><U47/><E73/><V24/><F118/><W62/><G39/><T94/><D131/><U75/><E75/><V43/><F43/><W128/><G128/><T77/><D69/><N who="1" m="42143" /><E15/><V55/><F55/><N who="3" m="30087" /><G1/><T112/><D127/><U8/><E8/><V53/><F53/><W124/><G124/><T130/><D112/><U111/><E111/><V91/><F135/><W65/><G51/><T90/><D68/><U101/><E119/><V67/><F67/><N who="3" m="25611" /><G93/><T134/><D130/><U74/><E74/><V125/><F125/><W22/><AGARI ba="0,0" hai="6,11,12,20,22,23,61,62" m="25611,30087" machi="22" ten="30,1100,0" yaku="8,1" doraHai="132" who="3" fromWho="3" sc="296,-3,144,-3,308,-5,252,11" /><INIT seed="7,0,0,3,1,37" ten="293,141,303,263" oya="3" hai0="108,97,41,17,118,82,60,32,132,61,55,76,99" hai1="7,69,24,129,22,42,3,72,27,62,133,66,8" hai2="109,103,78,125,96,11,87,51,28,91,14,46,116" hai3="25,64,57,21,65,98,135,10,134,117,19,0,18"/><W39/><G117/><T52/><D108/><U128/><E72/><V73/><F28/><W86/><G39/><T16/><D32/><U15/><E133/><N who="3" m="50698" /><G57/><N who="0" m="34855" /><D41/><U92/><E92/><V83/><F109/><W115/><G115/><T112/><D112/><U5/><E24/><V93/><F116/><W101/><G86/><N who="0" m="48455" /><D118/><U79/><E79/><V89/><F125/><W105/><G0/><T122/><D122/><U26/><E26/><V131/><F131/><W74/><G74/><T94/><D132/><U6/><E42/><N who="2" m="25047" /><F73/><W63/><G63/><T113/><D113/><U49/><E49/><V40/><F40/><W104/><G105/><T4/><D4/><AGARI ba="0,0" hai="4,11,14,78,83,87,89,91,93,96,103" m="25047" machi="4" ten="30,3900,0" yaku="25,1,8,1,52,1" doraHai="37" who="2" fromWho="0" sc="293,-39,141,0,303,39,263,0" owari="254,-15.0,141,-36.0,342,45.0,263,6.0" /></mjloggm>