<mjloggm ver="2.3"><GO type="169" lobby="0"/><UN n0="%E3%82%88%E3%81%86%E3%81%B8%E3%83%BC%58" n1="%6D%6F%6B%61%2D" n2="%4D%4A%5B%53%61%74%6F%5D" n3="%E3%82%A6%E3%83%AB%E3%83%88%E3%83%A9%E7%AB%8B%E7%9B%B4" dan="16,16,17,17" rate="2119.33,2103.20,2162.23,2137.27" sx="M,M,M,M"/><TAIKYOKU oya="0"/><INIT seed="0,0,0,1,5,21" ten="250,250,250,250" oya="0" hai0="60,126,34,53,100,55,98,44,124,33,52,84,68" hai1="122,62,101,116,51,41,18,130,59,66,25,69,30" hai2="105,13,67,104,97,121,85,120,58,8,40,79,19" hai3="63,56,90,1,65,2,133,38,39,61,9,16,23"/><T118/><D118/><U93/><E116/><V108/><F40/><W6/><G133/><T135/><D135/><U115/><E122/><V32/><F108/><W31/><G2/><T111/><D111/><U106/><E130/><V35/><F104/><W88/><G31/><T81/><D44/><U11/><E115/><V15/><F15/><W89/><REACH who="3" step="1"/><G63/><REACH who="3" ten="250,250,250,240" step="2"/><T50/><D60/><U54/><E30/><V131/><F131/><W103/><G103/><T107/><D50/><U70/><E62/><V87/><F121/><W128/><G128/><T117/><D117/><U20/><E101/><V113/><F120/><W102/><G102/><T45/><D45/><U37/><E37/><V12/><F105/><W125/><G125/><N who="0" m="48235" /><D68/><U109/><E106/><V24/><F58/><W74/><G74/><T72/><D72/><U112/><E109/><V43/><F113/><W26/><AGARI ba="0,1" hai="1,6,9,16,23,26,38,39,56,61,65,88,89,90" machi="26" ten="30,8000,1" yaku="1,1,0,1,52,1,54,2,53,0" doraHai="21" doraHaiUra="75" who="3" fromWho="3" sc="250,-40,250,-20,250,-20,240,90" /><INIT seed="1,0,0,4,3,19" ten="210,230,230,330" oya="1" hai0="56,48,34,118,101,96,111,30,103,46,129,83,36" hai1="122,1,0,28,44,70,66,121,21,3,86,75,41" hai2="69,82,53,10,72,27,25,88,125,52,79,112,13" hai3="63,114,127,29,126,59,58,71,74,38,104,87,11"/><U85/><E75/><V20/><F125/><N who="3" m="47627" /><G74/><T89/><D118/><U135/><E70/><V31/><F69/><W128/><G114/><T113/><D113/><U33/><E66/><V73/><F112/><W106/><G38/><T4/><D4/><U76/><E86/><V120/><F72/><W16/><G128/><T67/><D129/><U39/><E135/><V84/><F120/><W98/><G29/><T35/><D36/><U6/><E33/><V68/><F27/><W9/><G9/><T131/><D30/><U77/><E6/><V32/><F32/><W51/><G87/><N who="0" m="50431" /><D34/><U55/><E55/><V14/><F68/><W45/><G98/><T107/><D96/><U81/><REACH who="1" step="1"/><E77/><REACH who="1" ten="210,220,230,330" step="2"/><V26/><F73/><W110/><G71/><T78/><D78/><U5/><E5/><N who="2" m="3279" /><F79/><W80/><G80/><T105/><D35/><U61/><E61/><V24/><F31/><W54/><G110/><T102/><D111/><U133/><E133/><V7/><F7/><W60/><G63/><N who="0" m="38375" /><D131/><U37/><E37/><V124/><F124/><W123/><G60/><T93/><D107/><N who="3" m="41001" /><G123/><T116/><D105/><U47/><E47/><V94/><F82/><W90/><G45/><T62/><D62/><U91/><E91/><V134/><F134/><W119/><G90/><T117/><D93/><U43/><E43/><V23/><F53/><W12/><G59/><T132/><D132/><U65/><E65/><V42/><F52/><W2/><G119/><N who="0" m="45643" /><D46/><U92/><E92/><V109/><F109/><W57/><G57/><T49/><D49/><U99/><E99/><V100/><F94/><RYUUKYOKU ba="0,1" sc="210,10,220,10,230,-30,330,10" hai0="48,101,102,103" hai1="0,1,3,21,28,39,41,44,76,81,85,121,122" hai3="2,11,12,16,51,54,58" /><INIT seed="1,1,1,2,1,59" ten="220,230,200,340" oya="1" hai0="3,95,42,28,20,82,104,98,52,54,71,36,87" hai1="39,13,80,94,70,79,37,55,106,93,48,32,6" hai2="40,11,112,86,99,102,78,50,130,49,12,113,81" hai3="121,126,47,45,33,105,35,103,63,135,44,31,117"/><U76/><E106/><N who="2" m="63839" /><F40/><W88/><G117/><T7/><D104/><U96/><E32/><V17/><F130/><W75/><G75/><T9/><D71/><U110/><E70/><V16/><F17/><W128/><G121/><T116/><D116/><U27/><E27/><V15/><F12/><W1/><G1/><T69/><D69/><U91/><E110/><V90/><F78/><W41/><G103/><T84/><D87/><U77/><E80/><V5/><F5/><W57/><G105/><T89/><D20/><U53/><E94/><V43/><F43/><W58/><G41/><T72/><D28/><U125/><E125/><V56/><F56/><W26/><G126/><T120/><D72/><U119/><E119/><V73/><F73/><W2/><G2/><T74/><D74/><U114/><E114/><AGARI ba="1,1" hai="11,15,16,49,50,81,86,90,112,113,114" m="63839" machi="114" ten="30,2000,0" yaku="11,1,54,1" doraHai="59" who="2" fromWho="1" sc="220,0,230,-23,200,33,340,0" /><INIT seed="2,0,0,3,1,110" ten="220,207,233,340" oya="2" hai0="129,89,64,105,75,131,121,20,124,34,98,123,69" hai1="117,80,19,15,3,46,13,87,84,116,12,7,118" hai2="111,61,86,130,78,40,74,14,128,133,109,67,53" hai3="58,5,112,60,35,21,32,54,132,95,76,62,119"/><V114/><F74/><W81/><G119/><T18/><D124/><U106/><E106/><V85/><F40/><W33/><G132/><T94/><D34/><U99/><E99/><V122/><F133/><W96/><G5/><T56/><D69/><U92/><E19/><V104/><F122/><W28/><G21/><T9/><D9/><U125/><E125/><V45/><F104/><W55/><G28/><T26/><D75/><U25/><E25/><V108/><F14/><W29/><G29/><T23/><D23/><U135/><E135/><V59/><F114/><W100/><G112/><T41/><D41/><U113/><E113/><V51/><F78/><W2/><G2/><T73/><D73/><U49/><E92/><V72/><F72/><W90/><G76/><T36/><D36/><U126/><E126/><V0/><F0/><W47/><G47/><T115/><D105/><U44/><E3/><V134/><F134/><W48/><G55/><T8/><D8/><U6/><E49/><V37/><F37/><W82/><G100/><T43/><D43/><U27/><E27/><V93/><F93/><W1/><G1/><T22/><D22/><U50/><E50/><V91/><F91/><W52/><G48/><T11/><D11/><U107/><E107/><V127/><F127/><W79/><G79/><T38/><D38/><U10/><E10/><V63/><F63/><W30/><G30/><T24/><D24/><U88/><REACH who="1" step="1"/><E87/><AGARI ba="0,0" hai="45,51,53,59,61,67,85,86,87,108,109,111,128,130" machi="87" ten="50,4800,0" yaku="14,1,10,1" doraHai="110" who="2" fromWho="1" sc="220,0,207,-48,233,48,340,0" /><INIT seed="2,1,0,3,1,83" ten="220,159,281,340" oya="2" hai0="35,81,51,65,107,89,90,0,108,57,56,23,71" hai1="124,55,121,9,39,98,104,24,111,37,64,130,22" hai2="82,1,14,19,80,50,28,47,120,46,2,74,126" hai3="69,60,72,27,78,118,135,132,8,43,119,20,12"/><V15/><F120/><W5/><G43/><T30/><D107/><U32/><E111/><V76/><F126/><W29/><G78/><T128/><D35/><U25/><E130/><V127/><F127/><W66/><REACH who="3" step="1"/><G72/><REACH who="3" ten="220,159,281,330" step="2"/><T94/><D128/><U40/><E124/><V109/><F74/><W53/><G53/><T34/><D108/><U73/><E55/><V3/><F76/><W13/><G13/><T86/><D0/><U99/><E40/><V106/><F109/><W85/><G85/><T88/><D86/><U48/><E73/><V133/><F1/><W101/><G101/><T49/><D65/><U58/><E64/><V41/><F41/><W59/><G59/><T7/><D57/><U96/><E58/><V62/><F62/><W42/><G42/><T21/><D56/><U110/><E110/><V10/><F50/><W52/><G52/><T75/><D51/><U4/><E48/><V93/><F3/><W54/><G54/><T92/><D49/><U134/><E121/><V105/><F2/><W95/><G95/><T26/><D94/><U36/><E104/><V31/><F93/><W61/><G61/><T131/><D92/><U122/><E122/><V44/><F44/><W70/><G70/><T79/><D71/><U77/><E77/><V117/><F10/><W68/><G68/><T38/><D131/><U115/><E115/><V123/><F123/><W125/><G125/><T84/><D75/><U17/><E134/><AGARI ba="1,1" hai="5,8,12,20,27,29,60,66,69,118,119,132,134,135" machi="134" ten="40,2600,0" yaku="1,1,20,1,53,0" doraHai="83" doraHaiUra="103" who="3" fromWho="1" sc="220,0,159,-29,281,0,330,39" /><INIT seed="3,0,0,2,2,19" ten="220,130,281,369" oya="3" hai0="64,10,32,52,58,55,88,104,39,20,113,101,53" hai1="120,44,7,63,82,35,109,126,2,47,24,38,103" hai2="57,26,91,127,122,85,42,130,125,29,110,70,79" hai3="62,46,114,118,116,23,17,131,5,123,67,56,66"/><W50/><G123/><T69/><D32/><U81/><E109/><V98/><F110/><W100/><G131/><T106/><D39/><U76/><E120/><V15/><F122/><W107/><G114/><T117/><D117/><U36/><E126/><N who="2" m="48139" /><F70/><W28/><G5/><T134/><D69/><U105/><E63/><V33/><F130/><W102/><G28/><T16/><D10/><U73/><E82/><N who="2" m="47327" /><F42/><N who="3" m="24919" /><G107/><T111/><D111/><U13/><E13/><V41/><F41/><W129/><G129/><T115/><D101/><N who="3" m="39017" /><G118/><T8/><D8/><U54/><E54/><V128/><F128/><W95/><G95/><T12/><D134/><U83/><E83/><V133/><F133/><W94/><G94/><T92/><D64/><U135/><E135/><V75/><F75/><W48/><G48/><N who="0" m="30983" /><D104/><U31/><E47/><V25/><F98/><W11/><G116/><T74/><D106/><U78/><E78/><V90/><F15/><N who="3" m="9663" /><G11/><T60/><D74/><U86/><E86/><V119/><F119/><W30/><G30/><T34/><D34/><U43/><E38/><V61/><F25/><W99/><G99/><T9/><D9/><U27/><E7/><V124/><N who="2" m="48147" /><V21/><DORA hai="121" /><F33/><W93/><G93/><T65/><D115/><U45/><E24/><V84/><F84/><W87/><G87/><N who="0" m="52255" /><D113/><U40/><E40/><V49/><F49/><W14/><G67/><AGARI ba="0,0" hai="21,26,29,57,61,67,90,91" m="47327,48147" machi="67" ten="40,2600,0" yaku="18,1,52,1" doraHai="19,121" who="2" fromWho="3" sc="220,0,130,0,281,26,369,-26" /><INIT seed="4,0,0,0,4,131" ten="220,130,307,343" oya="0" hai0="23,117,134,11,20,32,77,8,22,52,102,115,84" hai1="109,26,12,53,62,48,114,127,40,89,19,4,37" hai2="94,101,78,98,3,35,66,36,83,80,58,38,93" hai3="107,72,0,132,76,24,121,65,13,108,39,51,82"/><T105/><D117/><U18/><E109/><V104/><F3/><W44/><G0/><T86/><D32/><U6/><E127/><V57/><F35/><W100/><G39/><T90/><D115/><U75/><E75/><V135/><F135/><W97/><G108/><T68/><D134/><U133/><E37/><V5/><F5/><W110/><G110/><T43/><D43/><U103/><E114/><V87/><F104/><W14/><G132/><T49/><D68/><U116/><E116/><V129/><F129/><W27/><G65/><T60/><D60/><U46/><E133/><V124/><F124/><W45/><G45/><T2/><D2/><U111/><E111/><V34/><F34/><W122/><G14/><T28/><D28/><U88/><E103/><V126/><F126/><W69/><G13/><T73/><D73/><U30/><E6/><V42/><F42/><N who="3" m="24983" /><G69/><T128/><D102/><U7/><E7/><V123/><F123/><AGARI ba="0,0" hai="24,27,72,76,82,97,100,107,121,122,123" m="24983" machi="123" ten="30,1000,0" yaku="13,1" doraHai="131" who="3" fromWho="2" sc="220,0,130,0,307,-10,343,10" /><INIT seed="5,0,0,5,4,19" ten="220,130,297,353" oya="1" hai0="11,85,90,72,119,59,60,41,30,44,7,34,111" hai1="115,118,25,40,94,1,125,102,23,99,109,70,22" hai2="39,74,24,71,52,84,54,66,91,92,82,55,105" hai3="87,49,17,14,83,0,76,53,65,29,131,89,103"/><U10/><E118/><V61/><F39/><W130/><G0/><T77/><D111/><U4/><E109/><V127/><F127/><W126/><G126/><T80/><D119/><U57/><E125/><V107/><F74/><W48/><G65/><T20/><D34/><U6/><E70/><V64/><F64/><W58/><G29/><T135/><D135/><U79/><E6/><V47/><F47/><W106/><G103/><T21/><D30/><U124/><E124/><V88/><REACH who="2" step="1"/><F24/><REACH who="2" ten="220,130,287,353" step="2"/><W16/><G106/><T32/><D44/><U3/><E25/><V113/><F113/><W96/><G131/><T128/><D128/><U28/><E115/><V33/><F33/><W35/><G35/><T2/><D32/><U31/><E3/><V132/><F132/><W117/><G130/><T101/><D2/><U108/><E108/><V134/><F134/><W12/><G117/><T37/><D37/><U120/><E120/><V56/><F56/><W112/><G112/><T63/><D59/><U98/><E57/><V86/><AGARI ba="0,1" hai="52,54,55,61,66,71,82,84,86,88,91,92,105,107" machi="86" ten="30,7900,0" yaku="1,1,0,1,54,2,53,0" doraHai="19" doraHaiUra="93" who="2" fromWho="2" sc="220,-20,130,-39,287,89,353,-20" /><INIT seed="6,0,0,3,2,99" ten="200,91,376,333" oya="2" hai0="123,26,55,96,50,68,100,40,53,57,84,118,48" hai1="64,32,41,107,29,77,88,101,93,102,6,117,2" hai2="47,69,133,65,62,86,95,49,112,45,106,61,34" hai3="132,85,103,134,78,10,16,76,131,119,3,39,42"/><V82/><F34/><W91/><G119/><T19/><D123/><U92/><E117/><V25/><F25/><W5/><G42/><T79/><D68/><U135/><E77/><V87/><F106/><W60/><G39/><T116/><D40/><U38/><E107/><V80/><F95/><W89/><G60/><T15/><D26/><U66/><E32/><V108/><F108/><W120/><G120/><T104/><D84/><U109/><E109/><V33/><F33/><W30/><G30/><T72/><D72/><U126/><E29/><V28/><F28/><W54/><G54/><T83/><D83/><U113/><E92/><V11/><F11/><W44/><G44/><T130/><D130/><U46/><E113/><V127/><F49/><W59/><G131/><T121/><D79/><U81/><E81/><V124/><F69/><W37/><G37/><T74/><D74/><U22/><E135/><N who="3" m="51754" /><G16/><T70/><D121/><U13/><E126/><V90/><F133/><W9/><G9/><T98/><D70/><U21/><E2/><V105/><F105/><W52/><G103/><N who="0" m="62567" /><D55/><U75/><E75/><V128/><F128/><W67/><G67/><T56/><D50/><U23/><E66/><V125/><F112/><W94/><G91/><T7/><D57/><U43/><E64/><V97/><F97/><W20/><G20/><N who="0" m="11391" /><D7/><U0/><E43/><V12/><F12/><W51/><AGARI ba="0,0" hai="3,5,10,51,52,59,76,78,85,89,94" m="51754" machi="51" ten="30,2000,0" yaku="20,1,54,1" doraHai="99" who="3" fromWho="3" sc="200,-5,91,-5,376,-10,333,20" /><INIT seed="7,0,0,0,1,130" ten="195,86,366,353" oya="3" hai0="9,28,102,71,49,58,7,84,48,22,44,51,39" hai1="23,108,31,132,68,95,64,96,25,107,37,113,119" hai2="128,13,74,105,42,79,103,20,40,0,30,19,17" hai3="8,101,45,1,135,16,78,72,69,82,12,57,109"/><W2/><G69/><T11/><D71/><U106/><E23/><V29/><F128/><W36/><G135/><T99/><D84/><U6/><E25/><N who="2" m="14479" /><F0/><W47/><G109/><T97/><D58/><U98/><E31/><N who="2" m="11787" /><F105/><W61/><G101/><T75/><D75/><U32/><E6/><V46/><F74/><W4/><G36/><T70/><D70/><U87/><E64/><V38/><F38/><W33/><G33/><T129/><D129/><U90/><E32/><V112/><F112/><W52/><G2/><T117/><D97/><N who="1" m="37483" /><E37/><V26/><F103/><W94/><G94/><T126/><D22/><AGARI ba="0,0" hai="1,4,8,12,16,22,45,47,52,57,61,72,78,82" machi="22" ten="30,5800,0" yaku="7,1,54,2" doraHai="130" who="3" fromWho="0" sc="195,-58,86,0,366,0,353,58" owari="137,-26.0,86,-41.0,366,17.0,411,50.0" /></mjloggm>