<mjloggm ver="2.3"><GO type="41" lobby="0"/><UN n0="%4D%61%73%61%73%68%69" n1="%E5%B0%B1%E6%B4%BB%E7%94%9F%40%E5%B7%9D%E6%9D%91%E8%BB%8D%E5%9B%A3" n2="%E7%81%AF%E3%82%8A%E5%B1%8B" n3="%E3%81%94%E3%82%8D%E3%81%BE%E3%81%9F%E5%85%84%E3%81%95%E3%82%93" dan="13,15,13,13" rate="1825.23,2040.59,1861.91,1901.52" sx="M,M,M,M"/><TAIKYOKU oya="0"/><INIT seed="0,0,0,0,1,135" ten="250,250,250,250" oya="0" hai0="65,80,95,59,97,27,102,131,115,117,41,96,54" hai1="5,126,105,66,16,99,106,32,92,1,114,36,25" hai2="112,21,52,7,4,129,128,67,30,79,28,120,60" hai3="2,39,119,22,38,64,53,103,133,18,127,57,78"/><T37/><D117/><U87/><E36/><V110/><F79/><W23/><G119/><T70/><D115/><U44/><E114/><V73/><F112/><W72/><G133/><T89/><D131/><N who="2" m="50250" /><F73/><W130/><G130/><T10/><D37/><U24/><E66/><V12/><F120/><W11/><G127/><T40/><D70/><U69/><E126/><V35/><F35/><W111/><G111/><T3/><D65/><U58/><E69/><V71/><F110/><W74/><G64/><T113/><D113/><U93/><E58/><N who="2" m="34887" /><F71/><W81/><G72/><T124/><D27/><U116/><E44/><V9/><F67/><W121/><G23/><T51/><D124/><U109/><E109/><V33/><F33/><W26/><G103/><T47/><D59/><U8/><E25/><N who="2" m="16431" /><F30/><W56/><G56/><T61/><D61/><U104/><E32/><V100/><F100/><W6/><REACH who="3" step="1"/><G121/><REACH who="3" ten="250,250,250,240" step="2"/><T34/><D34/><U14/><E116/><V85/><F85/><W29/><G29/><T48/><D10/><U90/><E24/><V108/><F108/><W45/><G45/><T49/><D102/><U83/><E105/><V76/><F76/><W123/><G123/><T86/><D47/><U118/><E106/><V107/><F107/><W125/><G125/><T82/><D41/><U122/><E122/><V68/><F68/><W13/><G13/><T62/><D40/><U43/><E43/><V20/><F20/><W50/><AGARI ba="0,1" hai="2,6,11,18,22,26,38,39,50,53,57,74,78,81" machi="50" ten="20,5200,0" yaku="1,1,0,1,7,1,53,1" doraHai="135" doraHaiUra="17" who="3" fromWho="3" sc="250,-26,250,-13,250,-13,240,62" /><INIT seed="1,0,0,5,3,88" ten="224,237,237,302" oya="1" hai0="56,130,109,57,64,76,1,92,103,121,60,38,13" hai1="82,45,33,72,42,2,112,8,62,3,4,107,123" hai2="120,6,37,66,125,89,117,97,98,14,67,31,16" hai3="46,61,30,59,58,65,25,100,80,86,134,50,12"/><U28/><E123/><V39/><F120/><W63/><G134/><T11/><D38/><U113/><E3/><V74/><F117/><W47/><G100/><T20/><D121/><U54/><E54/><V105/><F74/><W77/><G12/><T52/><D109/><U71/><E107/><V21/><F31/><W49/><G47/><T22/><D1/><U126/><E126/><V35/><F35/><W119/><G119/><T17/><D76/><U55/><E28/><V34/><F34/><W96/><G96/><N who="0" m="59783" /><D130/><U91/><E33/><V106/><F6/><W48/><G46/><T69/><D69/><U53/><E53/><V9/><F125/><W93/><G93/><T23/><D11/><U87/><E72/><V99/><F9/><W73/><G73/><T10/><D10/><U0/><E0/><V110/><F110/><W15/><G15/><T135/><D135/><U41/><E41/><V111/><F111/><W116/><G116/><T7/><D7/><U81/><E81/><V114/><F114/><W40/><G40/><T18/><D13/><U132/><E132/><V51/><F51/><AGARI ba="0,0" hai="17,18,20,22,23,51,52,56,57,60,64" m="59783" machi="51" ten="30,3900,0" yaku="8,1,52,1,54,1" doraHai="88" who="0" fromWho="2" sc="224,39,237,0,237,-39,302,0" /><INIT seed="2,0,0,3,5,52" ten="263,237,198,302" oya="2" hai0="126,74,41,100,20,133,99,117,121,82,69,18,16" hai1="59,95,75,21,45,37,15,38,63,1,86,80,66" hai2="131,113,87,94,60,125,58,103,26,51,112,32,27" hai3="81,7,106,31,61,85,73,120,118,57,68,65,10"/><V114/><F131/><W64/><G120/><T14/><D69/><U46/><E1/><V28/><F125/><W40/><G118/><T78/><D126/><U72/><E45/><V130/><F51/><W55/><G73/><T88/><D133/><U90/><E46/><V123/><F123/><W132/><G132/><T96/><D121/><U101/><E75/><V11/><F130/><W13/><G106/><T47/><D117/><U43/><E43/><V6/><F26/><W135/><G135/><T56/><D56/><U39/><E72/><V49/><F49/><W54/><G40/><T98/><D18/><U111/><E111/><V84/><F103/><W19/><G31/><T5/><D5/><U89/><E101/><V104/><F104/><W109/><G109/><T9/><D9/><U62/><E62/><V24/><F24/><W129/><G129/><T108/><D108/><U128/><E128/><V23/><F32/><W122/><G122/><T67/><D67/><N who="3" m="25673" /><G68/><T36/><D88/><U50/><E50/><V77/><F77/><N who="3" m="46255" /><G54/><T25/><REACH who="0" step="1"/><D25/><REACH who="0" ten="253,237,198,302" step="2"/><U134/><E134/><V97/><F114/><W76/><G76/><T42/><D42/><U110/><E110/><V44/><F113/><W79/><G79/><T33/><D33/><U92/><E90/><V12/><F112/><W105/><G105/><AGARI ba="0,1" hai="14,16,20,36,41,47,74,78,82,96,98,99,100,105" machi="105" ten="30,3900,0" yaku="1,1,7,1,54,1,53,0" doraHai="52" doraHaiUra="2" who="0" fromWho="3" sc="253,49,237,0,198,0,302,-39" /><INIT seed="3,0,0,4,4,53" ten="302,237,198,263" oya="3" hai0="10,62,57,37,6,113,20,117,65,22,134,69,84" hai1="44,13,125,104,1,88,130,111,124,26,40,46,43" hai2="41,98,68,54,47,72,94,11,19,135,30,61,5" hai3="15,33,91,116,92,90,79,16,108,129,17,66,123"/><W121/><G116/><T128/><D113/><U14/><E104/><V86/><F72/><W81/><G33/><T126/><D128/><U96/><E130/><V89/><F30/><W78/><G129/><T36/><D126/><N who="1" m="48747" /><E1/><V48/><F135/><W28/><G28/><T29/><D134/><U74/><E74/><V32/><F32/><W34/><G34/><T97/><D117/><U8/><E26/><V82/><F19/><W105/><G105/><T39/><D29/><U107/><E111/><V110/><F110/><W70/><G108/><T42/><D42/><N who="1" m="15915" /><E107/><V60/><F68/><W112/><G112/><T101/><D84/><U24/><E24/><V23/><F23/><W85/><G17/><T38/><N who="0" m="9728" /><DORA hai="35" /><T119/><D69/><U25/><E25/><V58/><F61/><W118/><G118/><T49/><D49/><U87/><E96/><V93/><F98/><W99/><G79/><T56/><D119/><U7/><E14/><AGARI ba="0,0" hai="5,11,14,41,47,48,54,58,60,82,86,89,93,94" machi="14" ten="30,3900,0" yaku="7,1,8,1,52,1" doraHai="53,35" who="2" fromWho="1" sc="302,0,237,-39,198,39,263,0" /><INIT seed="4,0,0,3,0,21" ten="302,198,237,263" oya="0" hai0="16,33,119,86,97,48,76,30,133,35,8,32,41" hai1="121,92,11,135,26,13,29,74,14,116,75,95,39" hai2="103,104,49,17,127,56,66,20,88,118,53,130,9" hai3="43,23,117,77,115,114,108,98,46,107,69,31,45"/><T110/><D119/><U6/><E121/><V122/><F122/><W82/><G117/><T2/><D97/><U4/><E116/><V10/><F130/><W129/><G129/><T27/><D86/><U68/><E39/><V111/><F127/><W1/><G108/><T123/><D76/><U59/><E68/><V61/><F111/><W96/><G69/><T12/><D48/><U126/><E126/><V37/><F37/><N who="3" m="21743" /><G46/><T79/><D41/><U93/><E135/><V24/><F118/><W78/><G1/><T34/><D79/><N who="3" m="30217" /><G82/><T71/><D133/><U54/><E13/><V89/><F104/><W44/><G44/><T67/><D123/><U38/><E6/><V81/><F103/><W99/><G107/><T40/><D40/><U128/><E38/><V102/><F102/><W90/><G90/><N who="2" m="34921" /><F81/><W65/><G65/><T131/><D131/><U55/><E128/><V60/><F60/><W84/><G84/><T125/><D125/><U70/><E70/><V72/><F72/><W62/><G62/><T87/><D87/><U109/><E109/><V120/><F120/><W80/><G80/><T73/><D73/><U132/><E132/><V25/><F25/><N who="3" m="16831" /><G99/><T63/><REACH who="0" step="1"/><D110/><REACH who="0" ten="292,198,237,263" step="2"/><U124/><E124/><V3/><F3/><AGARI ba="0,1" hai="2,3,8,12,16,27,30,32,33,34,35,63,67,71" machi="3" ten="40,12000,1" yaku="1,1,2,1,52,1,54,1,53,0" doraHai="21" doraHaiUra="51" who="0" fromWho="2" sc="292,130,198,0,237,-120,263,0" /><INIT seed="4,1,0,3,1,73" ten="422,198,117,263" oya="0" hai0="65,117,27,103,22,3,88,16,2,55,60,82,106" hai1="113,64,115,57,24,91,131,87,28,94,66,39,10" hai2="79,97,1,12,18,98,0,118,56,44,58,9,46" hai3="122,49,109,13,47,81,52,26,110,63,5,61,116"/><T133/><D117/><U67/><E39/><V36/><F118/><W38/><G116/><T80/><D55/><U41/><E131/><V19/><F36/><W121/><G26/><T37/><D37/><U83/><E41/><V68/><F68/><W108/><G13/><T107/><D133/><U89/><E10/><V54/><F54/><W35/><G5/><T70/><D107/><U6/><E6/><V21/><F21/><W62/><G35/><T14/><D82/><U29/><E57/><V15/><REACH who="2" step="1"/><F9/><REACH who="2" ten="422,198,107,263" step="2"/><W123/><G38/><T102/><D27/><U84/><REACH who="1" step="1"/><E29/><REACH who="1" ten="422,188,107,263" step="2"/><V134/><F134/><W112/><G81/><T132/><D132/><U51/><E51/><V32/><F32/><AGARI ba="1,2" hai="24,28,32,64,66,67,83,84,87,89,91,94,113,115" machi="32" ten="40,1300,0" yaku="1,1,53,0" doraHai="73" doraHaiUra="119" who="1" fromWho="2" sc="422,0,188,36,107,-16,263,0" /><INIT seed="5,0,0,5,1,85" ten="422,224,91,263" oya="1" hai0="61,89,14,58,54,113,114,122,30,4,37,43,33" hai1="17,63,9,41,32,18,93,107,7,117,104,38,45" hai2="53,55,133,35,100,131,69,118,94,123,27,103,46" hai3="109,77,40,73,128,13,75,31,79,5,39,84,124"/><U66/><E117/><V42/><F123/><W102/><G109/><T20/><D122/><U106/><E93/><V135/><F118/><W127/><G128/><T78/><D78/><N who="3" m="29705" /><G102/><T25/><D37/><U130/><E130/><V6/><F69/><W108/><G31/><T129/><D43/><U88/><E32/><V52/><F6/><W74/><G108/><T97/><D129/><U91/><E18/><V12/><F12/><W22/><G40/><T90/><D97/><U10/><E17/><V121/><F121/><W59/><G39/><T65/><D33/><U36/><E36/><V119/><F119/><W56/><G84/><T50/><D14/><U62/><E62/><V1/><F1/><W51/><G51/><T47/><REACH who="0" step="1"/><D4/><REACH who="0" ten="412,224,91,263" step="2"/><U24/><E24/><V80/><F131/><W115/><G5/><T11/><D11/><U3/><REACH who="1" step="1"/><E10/><REACH who="1" ten="412,214,91,263" step="2"/><V120/><F120/><W116/><G116/><T132/><D132/><N who="2" m="50762" /><F35/><W34/><G34/><T23/><D23/><U82/><E82/><V98/><F27/><W72/><G22/><T81/><D81/><U99/><E99/><V57/><F80/><W15/><G124/><T92/><D92/><U95/><E95/><V48/><F103/><W111/><G127/><T68/><D68/><AGARI ba="0,2" hai="3,7,9,38,41,45,63,66,68,88,91,104,106,107" machi="68" ten="40,12000,1" yaku="1,1,52,2,54,1,53,0" doraHai="85" doraHaiUra="105" who="1" fromWho="0" sc="412,-120,214,140,91,0,263,0" /><INIT seed="5,1,0,3,3,4" ten="292,354,91,263" oya="1" hai0="74,65,19,59,90,70,56,40,60,64,91,51,105" hai1="58,26,116,42,46,75,69,85,15,118,89,87,35" hai2="99,100,37,97,5,111,79,77,114,124,104,41,95" hai3="3,127,20,32,27,82,38,98,13,78,88,125,86"/><U109/><E75/><V34/><F34/><W28/><G3/><T11/><D74/><U12/><E69/><V106/><F37/><W123/><G123/><T53/><D105/><U126/><E126/><V71/><F71/><W54/><G38/><T16/><D70/><U119/><E109/><V62/><F62/><W102/><G54/><T72/><D72/><U83/><E58/><V10/><F111/><W7/><G78/><T49/><D40/><U115/><E115/><V101/><F41/><W73/><G73/><T67/><D19/><U39/><E35/><V130/><F130/><W135/><G135/><T17/><D17/><U48/><E26/><V107/><F124/><N who="3" m="47691" /><G32/><T131/><D131/><U108/><E39/><V47/><F47/><W129/><G129/><T22/><D22/><U117/><E108/><V133/><F133/><W18/><G7/><T14/><REACH who="0" step="1"/><D51/><REACH who="0" ten="282,354,91,263" step="2"/><U132/><E132/><V30/><F30/><W55/><G28/><T92/><D92/><U2/><E117/><V96/><F114/><W8/><G27/><T66/><AGARI ba="1,1" hai="11,14,16,49,53,56,59,60,64,65,66,67,90,91" machi="66" ten="30,8000,1" yaku="1,1,0,1,8,1,52,1,54,1,53,0" doraHai="4" doraHaiUra="0" who="0" fromWho="0" sc="282,93,354,-41,91,-21,263,-21" /><INIT seed="6,0,0,5,4,38" ten="375,313,70,242" oya="2" hai0="13,119,26,70,54,109,85,31,65,68,75,35,18" hai1="37,36,9,52,84,28,108,111,20,69,8,132,61" hai2="21,106,121,91,62,99,73,127,124,76,122,57,16" hai3="90,4,86,93,79,3,17,114,56,12,23,87,116"/><V112/><F112/><W32/><G116/><T50/><D75/><U55/><E132/><V22/><F76/><W103/><G32/><T135/><D135/><U41/><E28/><V130/><F73/><W14/><G114/><T134/><D65/><U118/><E118/><V133/><F22/><W78/><G3/><T42/><D109/><U45/><E20/><V66/><F133/><W81/><G103/><T25/><D25/><U94/><E9/><V71/><F71/><W27/><G56/><T53/><D53/><N who="1" m="20555" /><E94/><V58/><F58/><W80/><REACH who="3" step="1"/><G4/><REACH who="3" ten="375,313,70,232" step="2"/><T102/><D70/><U107/><E69/><V110/><F110/><W115/><G115/><T92/><D68/><U95/><E107/><V89/><F130/><W0/><G0/><T44/><D102/><U10/><E108/><V83/><F122/><W47/><G47/><T24/><D44/><U88/><E45/><V98/><F121/><W74/><AGARI ba="0,1" hai="12,14,17,23,27,74,78,79,80,81,86,87,90,93" machi="74" ten="20,2700,0" yaku="1,1,0,1,7,1,53,0" doraHai="38" doraHaiUra="7" who="3" fromWho="3" sc="375,-7,313,-7,70,-13,232,37" /><INIT seed="7,0,0,3,3,87" ten="368,306,57,269" oya="3" hai0="113,27,63,9,66,43,116,22,25,110,126,32,33" hai1="97,42,114,81,13,2,59,52,50,67,37,95,70" hai2="128,38,96,29,82,53,3,47,5,64,121,56,12" hai3="108,75,112,16,98,17,24,119,135,20,131,40,88"/><W58/><G119/><T80/><D116/><U11/><E114/><V86/><F121/><W89/><G112/><T106/><D106/><U60/><E2/><V92/><F3/><W132/><G75/><T103/><D103/><U91/><E37/><V123/><F123/><W105/><G131/><T10/><D43/><U117/><E117/><V51/><F38/><W130/><G130/><T0/><D80/><U107/><E42/><V15/><F29/><N who="3" m="17543" /><G40/><T14/><D113/><U85/><E107/><V93/><F93/><W69/><G58/><T34/><D110/><U78/><E70/><V18/><F128/><W36/><G69/><T19/><D63/><U6/><REACH who="1" step="1"/><E50/><REACH who="1" ten="368,296,57,269" step="2"/><V109/><F109/><W115/><G36/><T104/><D104/><U46/><E46/><V26/><F64/><AGARI ba="0,1" hai="6,11,13,52,59,60,64,67,78,81,85,91,95,97" machi="64" ten="40,8000,1" yaku="1,1,8,1,52,1,54,1,53,0" doraHai="87" doraHaiUra="39" who="1" fromWho="2" sc="368,0,296,90,57,-80,269,0" owari="368,17.0,386,48.0,-23,-52.0,269,-13.0" /></mjloggm>