<mjloggm ver="2.3"><GO type="97" lobby="0"/><UN n0="%E5%B0%B1%E6%B4%BB%E7%94%9F%40%E5%B7%9D%E6%9D%91%E8%BB%8D%E5%9B%A3" n1="%E3%83%A9%E3%82%A4%E3%82%AB%40" n2="%73%68%75%72%6F%73" n3="%E3%81%B7%E3%82%88%E3%81%BD%E3%81%A3%E3%81%B7" dan="15,15,14,15" rate="1998.23,2027.86,1968.72,2011.75" sx="M,M,M,M"/><TAIKYOKU oya="0"/><INIT seed="0,0,0,4,1,69" ten="250,250,250,250" oya="0" hai0="5,81,22,118,52,127,46,0,80,40,93,131,105" hai1="8,58,31,18,13,102,1,55,35,34,128,109,14" hai2="51,132,16,133,65,98,25,74,75,73,126,32,90" hai3="41,20,45,37,57,89,11,54,47,30,2,125,10"/><T15/><D105/><U67/><E109/><V99/><F126/><W104/><G104/><T29/><D118/><U24/><E128/><V21/><F65/><W123/><G123/><T42/><D0/><U83/><E67/><V119/><F119/><W82/><G2/><T107/><D107/><U49/><E102/><V4/><F4/><W122/><G122/><T68/><D68/><U112/><E112/><V38/><F38/><W53/><G54/><T71/><D71/><U134/><E134/><N who="2" m="51819" /><F90/><W61/><G45/><T70/><D70/><U33/><E1/><V121/><F121/><W106/><G106/><T48/><D131/><U76/><REACH who="1" step="1"/><E14/><REACH who="1" ten="250,240,250,250" step="2"/><N who="2" m="9367" /><F51/><W116/><G116/><T12/><D127/><U64/><E64/><V78/><F78/><W97/><G125/><T44/><D15/><U28/><E28/><AGARI ba="0,1" hai="25,28,32,73,74,75,98,99" m="9367,51819" machi="28" ten="40,2600,0" yaku="20,1,54,1" doraHai="69" who="2" fromWho="1" sc="250,0,240,-26,250,36,250,0" /><INIT seed="1,0,0,5,4,113" ten="250,214,286,250" oya="1" hai0="65,55,41,107,96,56,105,79,11,16,6,83,102" hai1="116,5,93,33,103,32,132,46,81,60,115,70,111" hai2="69,97,104,98,100,135,50,21,63,90,127,42,40" hai3="71,119,89,84,29,14,61,59,58,7,68,122,87"/><U15/><E115/><V64/><F135/><W2/><G2/><T49/><D65/><U94/><E132/><V101/><F127/><W36/><G36/><T118/><D118/><U53/><E111/><V95/><F50/><W109/><G109/><T4/><D41/><U131/><E116/><V112/><F112/><W73/><G73/><T124/><D107/><U67/><E131/><V88/><F90/><W120/><G29/><T45/><D124/><U91/><E103/><V38/><F38/><W9/><G119/><T44/><D6/><U82/><E33/><V12/><REACH who="2" step="1"/><F101/><REACH who="2" ten="250,214,276,250" step="2"/><W114/><G114/><T22/><D45/><U0/><E91/><V51/><F51/><W31/><G89/><T133/><D44/><U34/><E46/><V85/><F85/><W19/><G87/><T92/><D133/><U66/><E60/><V8/><F8/><W125/><G84/><T54/><D49/><U106/><E82/><V24/><F24/><W30/><G125/><T23/><D83/><U35/><E81/><V76/><F76/><W52/><G9/><T75/><D79/><U47/><E47/><V126/><F126/><W130/><G122/><T20/><D75/><U37/><E37/><V27/><F27/><W28/><G120/><T134/><D134/><U25/><E25/><V99/><F99/><W77/><G77/><T74/><D74/><U72/><E72/><V13/><F13/><W86/><G86/><T57/><D102/><U62/><E15/><V80/><F80/><W110/><G14/><N who="0" m="7263" /><D96/><U128/><E62/><V17/><AGARI ba="0,1" hai="12,17,21,40,42,63,64,69,88,95,97,98,100,104" machi="17" ten="30,4000,0" yaku="1,1,0,1,54,1,53,0" doraHai="113" doraHaiUra="121" who="2" fromWho="2" sc="250,-10,214,-20,276,50,250,-10" /><INIT seed="2,0,0,1,0,70" ten="240,194,326,240" oya="2" hai0="7,15,31,50,106,45,17,47,32,49,130,33,97" hai1="57,129,26,90,96,46,104,116,18,41,131,68,5" hai2="72,127,52,101,98,83,86,66,123,111,89,118,128" hai3="78,20,22,115,35,30,84,94,76,0,110,71,117"/><V62/><F118/><W135/><G117/><T103/><D130/><U108/><E68/><V65/><F123/><W133/><G71/><T134/><D7/><U25/><E116/><V67/><F128/><W40/><G0/><T1/><D1/><U11/><E108/><V73/><F111/><W4/><G4/><T63/><D63/><U79/><E79/><V13/><F127/><W107/><G107/><T121/><D121/><U39/><E57/><V91/><F13/><W28/><G110/><T87/><D87/><U58/><E58/><N who="2" m="35143" /><F73/><W9/><G9/><T14/><D31/><N who="3" m="11817" /><G35/><T43/><D134/><N who="3" m="51209" /><G40/><T24/><D24/><U42/><E18/><V92/><F72/><W53/><G53/><T82/><D15/><N who="1" m="5615" /><E42/><V119/><F119/><W10/><G10/><T56/><D33/><U37/><E104/><V34/><F34/><W93/><G115/><T80/><D32/><U51/><E129/><V60/><F60/><W120/><G120/><T38/><D56/><U74/><E74/><V125/><F125/><W6/><G6/><T105/><D105/><U122/><E122/><V44/><F44/><W99/><G84/><T36/><D47/><U124/><E131/><V8/><F8/><W69/><G69/><T102/><D45/><U126/><E124/><V23/><F23/><N who="3" m="8747" /><G99/><T3/><D97/><U75/><E126/><V16/><F16/><W2/><G2/><T132/><D3/><U112/><E112/><V27/><F27/><N who="1" m="10249" /><E75/><V29/><F29/><W100/><G100/><AGARI ba="0,0" hai="65,66,67,83,86,89,91,92,98,100,101" m="35143" machi="100" ten="30,2900,0" yaku="8,1,54,1" doraHai="70" who="2" fromWho="3" sc="240,0,194,0,326,29,240,-29" /><INIT seed="2,1,0,1,2,5" ten="240,194,355,211" oya="2" hai0="98,7,79,27,24,10,60,64,8,34,20,2,22" hai1="62,70,125,58,36,78,116,76,66,87,129,132,29" hai2="109,13,117,94,100,40,44,14,120,99,32,74,33" hai3="9,49,3,106,54,18,92,111,126,61,53,71,83"/><V63/><F117/><W52/><G106/><T88/><D34/><U97/><E116/><V89/><F120/><W59/><G126/><T104/><D79/><U23/><E125/><V25/><F74/><W81/><G111/><T85/><D98/><U105/><E132/><V96/><F109/><W95/><G71/><T131/><D104/><U28/><E129/><V56/><F25/><N who="0" m="9802" /><D7/><U130/><E130/><V0/><F0/><W110/><G110/><T65/><D2/><U38/><E70/><V115/><F33/><W123/><G123/><T55/><D55/><N who="3" m="21065" /><G3/><T12/><D131/><U1/><E1/><V51/><F32/><W135/><G135/><T69/><D69/><U113/><E113/><V57/><F115/><W17/><G49/><T77/><D77/><U75/><E75/><V30/><F30/><W108/><G108/><T48/><D48/><U122/><E122/><V107/><REACH who="2" step="1"/><F57/><REACH who="2" ten="240,194,345,211" step="2"/><W35/><G35/><T118/><D118/><U15/><E58/><V26/><F26/><W103/><G59/><N who="0" m="36895" /><D65/><AGARI ba="1,1" hai="13,14,40,44,51,56,63,65,89,94,96,99,100,107" machi="65" ten="30,5800,0" yaku="1,1,7,1,53,1" doraHai="5" doraHaiUra="42" who="2" fromWho="0" sc="240,-61,194,0,345,71,211,0" /><INIT seed="2,2,0,4,2,122" ten="179,194,416,211" oya="2" hai0="22,51,63,71,40,53,111,0,99,112,50,42,1" hai1="116,74,80,59,17,12,104,10,86,124,60,135,20" hai2="48,4,85,44,24,115,38,100,39,125,92,43,45" hai3="90,129,34,105,101,117,84,118,7,8,23,123,106"/><V66/><F115/><W103/><G34/><T28/><D112/><U109/><E116/><V96/><F125/><W128/><G23/><T11/><D111/><U95/><E124/><V87/><F4/><W130/><G7/><T21/><D99/><U81/><E109/><V19/><F66/><W32/><G32/><T73/><D73/><U89/><E104/><N who="3" m="40042" /><G8/><T30/><D11/><U121/><E135/><V76/><F39/><W64/><G64/><T62/><REACH who="0" step="1"/><D53/><REACH who="0" ten="169,194,416,211" step="2"/><N who="1" m="33903" /><E74/><V3/><F96/><W46/><G123/><T110/><D110/><U82/><E121/><V126/><F126/><W54/><G54/><T127/><D127/><U98/><E10/><V77/><F87/><AGARI ba="2,1" hai="12,17,20,80,81,82,86,87,89,95,98" m="33903" machi="87" ten="30,1000,0" yaku="8,1" doraHai="122" who="1" fromWho="2" sc="169,0,194,26,416,-16,211,0" /><INIT seed="3,0,0,0,1,18" ten="169,220,400,211" oya="3" hai0="51,133,85,14,44,57,28,31,53,39,61,88,33" hai1="75,130,66,103,89,74,100,110,0,15,8,9,27" hai2="91,101,5,64,4,96,65,24,125,12,7,108,67" hai3="48,99,70,46,35,115,13,113,25,16,72,52,82"/><W97/><G70/><T30/><D33/><U36/><E36/><V126/><F108/><W3/><G3/><T106/><D106/><U34/><E66/><V38/><F91/><W68/><G68/><T6/><D133/><U118/><E89/><V122/><F122/><W73/><G35/><T121/><D39/><U102/><E110/><V127/><F38/><W76/><G72/><T87/><D121/><U47/><E47/><V78/><F78/><W17/><G25/><T60/><D87/><U21/><E15/><V32/><F32/><W71/><G71/><T37/><D37/><U135/><E34/><V22/><F12/><W40/><G40/><T114/><D114/><U59/><E0/><V117/><F117/><W86/><G73/><T56/><D6/><U123/><E123/><V49/><F49/><W83/><G83/><T1/><D14/><U29/><E135/><V55/><F55/><W50/><G50/><T98/><D1/><U109/><E130/><V111/><F111/><W20/><REACH who="3" step="1"/><G17/><REACH who="3" ten="169,220,400,201" step="2"/><T26/><D26/><N who="1" m="16591" /><E75/><V95/><F4/><W45/><G45/><T77/><D77/><U116/><E74/><V43/><F43/><W84/><G84/><T124/><D124/><U134/><E27/><V41/><F41/><W10/><G10/><N who="1" m="4202" /><E109/><V81/><F81/><W94/><G94/><N who="0" m="56647" /><D85/><U104/><E134/><V105/><F5/><W69/><G69/><T23/><D23/><U62/><E118/><V58/><F7/><W63/><G63/><AGARI ba="0,1" hai="28,30,31,44,51,53,56,57,60,61,63" m="56647" machi="63" ten="30,2000,0" yaku="8,1,54,1" doraHai="18" who="0" fromWho="3" sc="169,30,220,0,400,0,201,-20" owari="199,-20.0,220,2.0,400,50.0,181,-32.0" /></mjloggm>