<mjloggm ver="2.3"><GO type="41" lobby="0"/><UN n0="%52%61%69%61%6E%2E" n1="%63%68%6F%6E%6A%69" n2="%E5%B0%B1%E6%B4%BB%E7%94%9F%40%E5%B7%9D%E6%9D%91%E8%BB%8D%E5%9B%A3" n3="%E3%82%B3%E3%83%AD%E3%83%8B%E3%83%BC%EF%BC%93%EF%BC%90%EF%BC%94%EF%BC%98" dan="15,13,15,16" rate="1948.33,1895.02,1991.79,2062.40" sx="M,M,M,M"/><TAIKYOKU oya="0"/><INIT seed="0,0,0,1,3,61" ten="250,250,250,250" oya="0" hai0="41,83,23,8,3,34,1,82,32,31,14,125,78" hai1="11,133,29,118,121,67,62,28,57,40,71,55,94" hai2="104,116,117,4,50,17,60,38,126,56,81,128,39" hai3="35,99,5,15,70,110,98,111,87,63,20,10,58"/><T97/><D125/><U27/><E121/><V127/><F104/><W93/><G70/><T22/><D41/><U100/><E118/><N who="2" m="45675" /><F4/><W37/><G37/><N who="2" m="13833" /><F17/><W25/><G35/><T64/><D64/><U53/><E133/><V13/><F13/><W36/><G36/><T66/><D66/><U30/><E11/><V47/><F81/><W79/><G111/><T52/><D97/><N who="1" m="59447" /><E71/><V76/><F76/><W114/><G114/><T18/><D82/><U85/><E85/><V103/><F103/><W65/><G110/><T134/><D134/><U24/><E40/><N who="2" m="24935" /><F128/><W124/><G124/><T102/><D102/><U89/><E89/><V90/><F90/><N who="3" m="53471" /><G79/><T6/><D78/><U113/><E113/><V92/><F92/><W12/><G12/><N who="0" m="9671" /><D52/><AGARI ba="0,0" hai="24,27,28,29,30,52,53,55,57,62,67" m="59447" machi="52" ten="30,3900,0" yaku="8,1,52,1,54,1" doraHai="61" who="1" fromWho="0" sc="250,-39,250,39,250,0,250,0" /><AGARI ba="0,0" hai="52,56,60,126,127" m="24935,13833,45675" machi="52" ten="30,7700,0" yaku="12,1,34,2,54,1" doraHai="61" who="2" fromWho="0" sc="211,-77,289,0,250,77,250,0" /><INIT seed="1,0,0,3,5,1" ten="134,289,327,250" oya="1" hai0="126,42,44,115,16,89,99,22,30,119,29,109,114" hai1="132,17,4,108,133,68,27,81,91,130,72,83,50" hai2="104,123,51,9,25,10,113,71,5,63,21,6,38" hai3="128,127,98,74,49,54,129,102,73,11,12,52,3"/><U94/><E68/><V41/><F104/><W84/><G3/><T20/><D119/><U90/><E4/><N who="2" m="1643" /><F38/><W75/><G127/><T100/><D126/><U32/><E130/><N who="3" m="50282" /><G84/><T87/><D109/><U116/><E116/><V103/><F123/><W59/><G54/><T125/><D125/><U33/><E108/><V131/><F131/><W35/><G35/><T62/><D22/><N who="1" m="13775" /><E72/><V45/><F71/><W58/><G58/><T0/><D0/><U7/><E7/><V96/><F113/><W46/><G59/><T2/><D2/><U85/><E50/><V39/><F39/><W112/><G112/><T117/><D62/><U105/><E105/><V57/><F96/><W93/><G73/><T79/><D79/><U34/><E91/><V135/><F103/><W122/><G122/><T60/><D60/><U76/><E76/><V40/><F40/><W14/><G14/><T15/><D117/><U61/><E61/><V121/><F121/><W88/><G102/><T101/><D115/><U110/><E110/><V65/><F135/><AGARI ba="0,0" hai="32,33,34,81,83,85,90,94,132,133,135" m="13775" machi="135" ten="40,2000,0" yaku="20,1" doraHai="1" who="1" fromWho="2" sc="134,0,289,20,327,-20,250,0" /><INIT seed="1,1,0,5,5,98" ten="134,309,307,250" oya="1" hai0="105,114,11,85,17,109,111,42,127,13,6,131,24" hai1="108,4,18,88,54,34,71,107,65,116,52,110,91" hai2="22,74,27,7,67,14,39,45,132,44,66,118,79" hai3="3,55,134,0,129,70,30,51,25,103,43,49,57"/><U80/><E116/><V15/><F118/><W128/><G70/><T120/><D105/><U106/><E34/><V58/><F74/><W33/><G134/><T130/><D42/><U68/><E18/><V125/><F79/><W5/><G5/><T40/><D40/><U124/><E124/><V16/><F125/><W31/><G31/><T50/><D127/><U95/><E80/><V104/><F104/><N who="1" m="39977" /><E95/><V75/><F75/><W117/><G117/><T76/><D50/><U8/><E8/><N who="2" m="4511" /><F132/><W36/><G36/><T62/><D62/><U81/><E81/><V12/><F39/><W122/><G122/><T26/><D85/><U102/><E102/><V115/><F115/><W38/><G38/><T92/><D92/><U47/><E4/><V100/><F100/><W112/><G112/><T29/><D76/><U83/><E83/><V72/><F72/><W37/><G37/><T2/><D114/><U48/><E65/><N who="2" m="24587" /><F58/><W10/><G10/><N who="0" m="2391" /><D120/><U46/><E48/><V126/><F126/><W96/><G43/><T89/><D89/><N who="1" m="34379" /><E110/><N who="0" m="41993" /><D26/><U113/><E113/><V86/><F86/><W77/><G77/><T56/><D56/><U94/><E94/><V99/><F99/><W61/><G49/><T73/><D73/><U28/><E108/><V90/><F90/><W19/><G51/><T87/><D87/><U63/><E28/><V121/><F121/><W23/><G96/><T133/><D133/><U9/><E9/><V1/><F1/><N who="3" m="587" /><G103/><T135/><D135/><U41/><E41/><V59/><F59/><W93/><G93/><T32/><AGARI ba="1,0" hai="11,13,17,24,29,32,130,131" m="41993,2391" machi="32" ten="30,4000,0" yaku="14,1,34,2" doraHai="98" who="0" fromWho="0" sc="134,43,309,-21,307,-11,250,-11" /><INIT seed="2,0,0,5,5,5" ten="177,288,296,239" oya="2" hai0="76,95,65,98,100,55,101,85,40,93,41,86,83" hai1="130,96,99,89,134,126,68,71,54,129,35,34,75" hai2="92,37,77,46,32,97,16,82,66,102,63,58,22" hai3="3,53,114,47,64,62,132,127,27,80,60,117,133"/><V116/><F32/><N who="1" m="12329" /><E75/><V13/><F116/><W118/><G3/><T125/><D125/><U91/><E54/><V120/><F120/><W12/><G27/><T52/><D65/><U45/><E45/><V81/><REACH who="2" step="1"/><F77/><REACH who="2" ten="177,288,286,239" step="2"/><W31/><G118/><T15/><D76/><U30/><E126/><V49/><F49/><W79/><G117/><T1/><D1/><U111/><E134/><V135/><F135/><W87/><G127/><T21/><D83/><U2/><E2/><V8/><F8/><W33/><G133/><T4/><D21/><U0/><E0/><V70/><F70/><N who="1" m="26665" /><E30/><V73/><F73/><W78/><G132/><T69/><D69/><U131/><E111/><V109/><F109/><W18/><G31/><T14/><D98/><AGARI ba="0,1" hai="89,91,96,98,99,129,130,131" m="26665,12329" machi="98" ten="40,5200,0" yaku="28,2,19,1" doraHai="5" who="1" fromWho="0" sc="177,-52,288,62,286,0,239,0" /><INIT seed="3,0,0,1,4,14" ten="125,350,286,239" oya="3" hai0="91,10,86,109,9,80,40,33,42,127,73,87,96" hai1="76,3,115,128,60,134,83,126,48,34,132,111,50" hai2="37,125,1,24,45,66,77,94,113,64,123,89,131" hai3="53,69,30,44,61,104,0,70,105,117,119,79,58"/><W35/><G79/><T41/><D33/><U26/><E115/><V20/><F1/><W16/><G0/><T98/><D73/><U27/><E111/><V130/><F77/><W56/><G30/><T57/><D109/><U135/><E3/><V29/><F113/><W72/><G35/><T49/><D127/><U25/><E126/><V74/><F74/><W65/><G72/><T129/><D129/><N who="2" m="49162" /><F123/><W81/><G81/><T19/><D87/><N who="1" m="48615" /><E128/><V110/><F110/><W82/><G82/><T124/><D9/><U88/><E60/><V15/><F15/><W12/><G44/><T62/><D49/><N who="1" m="19051" /><E88/><V85/><F125/><W59/><G53/><T11/><D11/><U84/><E84/><V114/><F114/><W100/><G70/><T23/><D10/><U116/><E116/><V46/><F46/><W120/><G120/><T133/><D133/><U97/><E97/><V99/><F99/><W18/><G100/><T103/><D103/><U31/><AGARI ba="0,0" hai="25,26,27,31,34,132,134,135" m="19051,48615" machi="31" ten="40,1500,0" yaku="20,1" doraHai="14" who="1" fromWho="1" sc="125,-4,350,15,286,-4,239,-7" /><INIT seed="4,0,0,5,0,50" ten="121,365,282,232" oya="0" hai0="66,18,133,94,60,85,122,132,15,36,1,45,74" hai1="79,109,72,55,3,30,102,25,121,32,128,64,4" hai2="20,92,11,104,112,77,105,2,21,59,98,80,118" hai3="111,114,61,29,17,82,129,110,131,56,99,78,57"/><T96/><D74/><U119/><E109/><V14/><F2/><W84/><G114/><T62/><D1/><U83/><E55/><V68/><F68/><W34/><G56/><T123/><D85/><U88/><E88/><V35/><F35/><W91/><G29/><T24/><D24/><U126/><E126/><V127/><F112/><W93/><G34/><T89/><D36/><U124/><E128/><N who="3" m="49226" /><G17/><T6/><D6/><U52/><E52/><AGARI ba="0,0" hai="52,57,61,78,82,84,91,93,99,110,111" m="49226" machi="52" ten="30,3900,0" yaku="19,1,52,1,54,1" doraHai="50" who="3" fromWho="1" sc="121,0,365,-39,282,0,232,39" /><INIT seed="5,0,0,1,3,105" ten="121,326,282,271" oya="1" hai0="77,3,62,32,2,119,13,22,11,56,106,7,82" hai1="135,70,73,30,42,17,0,103,134,27,19,83,60" hai2="1,113,54,39,18,33,31,85,114,63,132,68,81" hai3="37,58,10,78,125,111,124,88,44,84,96,12,16"/><U59/><E70/><V38/><F1/><W36/><G111/><T67/><D32/><U90/><E0/><V8/><F132/><N who="1" m="50729" /><E103/><V95/><F33/><W97/><G78/><T129/><D106/><U101/><E101/><V112/><F31/><W5/><G58/><T61/><D119/><U86/><E73/><V57/><F68/><W120/><G120/><T79/><D129/><U28/><E42/><V121/><F121/><W66/><G66/><T74/><D77/><U55/><E30/><V65/><F95/><W34/><G34/><AGARI ba="0,0" hai="17,19,27,28,34,55,59,60,83,86,90" m="50729" machi="34" ten="30,1500,0" yaku="20,1" doraHai="105" who="1" fromWho="3" sc="121,0,326,15,282,0,271,-15" /><INIT seed="5,1,0,1,4,3" ten="121,341,282,256" oya="1" hai0="73,23,8,114,34,104,28,47,81,11,106,102,119" hai1="110,123,109,115,125,72,54,100,41,93,15,32,76" hai2="30,24,99,87,51,5,84,33,135,40,75,0,83" hai3="107,61,133,48,112,92,38,9,97,43,10,53,121"/><U36/><E123/><V22/><F135/><W126/><G121/><T1/><D34/><U35/><E115/><V82/><F75/><W56/><G107/><T105/><D102/><U13/><E54/><V120/><F99/><W132/><G38/><T26/><D119/><U16/><E125/><V21/><F120/><W94/><G112/><T79/><D114/><U25/><E76/><V127/><F127/><W68/><G126/><T111/><D111/><N who="1" m="42507" /><E72/><V77/><F40/><W60/><G60/><T130/><D130/><U67/><E67/><V91/><F51/><W70/><G92/><T85/><D1/><U113/><E113/><V55/><F55/><W122/><G122/><T52/><REACH who="0" step="1"/><D73/><REACH who="0" ten="111,341,282,256" step="2"/><U95/><E35/><V59/><F33/><W19/><G133/><T39/><D39/><U118/><E118/><V129/><F129/><W62/><G132/><T46/><D46/><N who="1" m="23847" /><E100/><V4/><F0/><W29/><G70/><T6/><D6/><N who="2" m="2666" /><F22/><W57/><G68/><T134/><D134/><U37/><E37/><V18/><F59/><W128/><G128/><T86/><D86/><U78/><E32/><V131/><F131/><W71/><G71/><T69/><D69/><U103/><E103/><V101/><F101/><W98/><G56/><T89/><D89/><U88/><E78/><V108/><F108/><W66/><G57/><T42/><D42/><U27/><E88/><V14/><F87/><W65/><G43/><T117/><D117/><U45/><E45/><V80/><F77/><W116/><G116/><T124/><D124/><U74/><E74/><V49/><F84/><RYUUKYOKU ba="1,1" sc="111,30,341,-10,282,-10,256,-10" hai0="8,11,23,26,28,47,52,79,81,85,104,105,106" /><INIT seed="6,2,1,4,3,119" ten="141,331,272,246" oya="2" hai0="17,65,16,36,135,78,91,112,48,61,102,81,104" hai1="101,5,64,97,123,37,53,29,83,117,33,67,25" hai2="10,88,105,19,24,122,93,22,23,77,1,120,99" hai3="47,107,124,40,58,73,108,74,131,85,4,72,60"/><V62/><F105/><W15/><G108/><T121/><D36/><U8/><E117/><V134/><F77/><W94/><G107/><T129/><D112/><U125/><E125/><V70/><F134/><W54/><G124/><T12/><D135/><U35/><E35/><V31/><F1/><W89/><G131/><T71/><D129/><U90/><E53/><V30/><F10/><W116/><G116/><T55/><D91/><U3/><E90/><V39/><F39/><W56/><G56/><T63/><D63/><U57/><E57/><V14/><REACH who="2" step="1"/><F30/><REACH who="2" ten="141,331,262,246" step="2"/><W20/><G4/><T84/><D121/><U7/><E7/><V114/><F114/><W86/><G74/><T110/><D110/><U66/><E37/><V79/><F79/><W45/><G72/><T46/><REACH who="0" step="1"/><D12/><REACH who="0" ten="131,331,262,246" step="2"/><U18/><E123/><V28/><F28/><W128/><G128/><T32/><D32/><U0/><E0/><V87/><F87/><W92/><G73/><T130/><D130/><U41/><E33/><V2/><F2/><W127/><G127/><T68/><D68/><U13/><E3/><V34/><F34/><W82/><G85/><T106/><D106/><U118/><E118/><V69/><F69/><W38/><G15/><T115/><D115/><U49/><E13/><V27/><F27/><W26/><G38/><T98/><AGARI ba="2,3" hai="16,17,46,48,55,61,65,71,78,81,84,98,102,104" machi="98" ten="30,4000,0" yaku="1,1,0,1,54,1,53,0" doraHai="119" doraHaiUra="132" who="0" fromWho="0" sc="131,76,331,-12,262,-22,246,-12" /><INIT seed="7,0,0,5,4,45" ten="207,319,240,234" oya="3" hai0="76,61,1,118,56,132,12,59,109,18,13,86,134" hai1="121,63,36,14,55,85,57,104,37,28,30,67,65" hai2="95,58,22,62,103,124,52,91,49,99,117,82,127" hai3="133,110,48,98,90,29,2,113,64,7,41,51,69"/><W4/><G113/><T78/><D1/><U80/><E121/><V97/><F117/><W42/><G133/><T50/><D118/><U84/><E104/><V70/><F22/><W87/><G110/><T20/><D109/><U27/><E14/><V107/><F82/><W60/><G98/><T6/><D134/><U71/><E67/><V125/><REACH who="2" step="1"/><F70/><REACH who="2" ten="207,319,230,234" step="2"/><W15/><G29/><T9/><D132/><U33/><E30/><V96/><F96/><W112/><G112/><T72/><D72/><U0/><E0/><V11/><F11/><W31/><G31/><T106/><D106/><U21/><E21/><V100/><F100/><W83/><G2/><T17/><D6/><U108/><E108/><V115/><F115/><W8/><REACH who="3" step="1"/><G7/><REACH who="3" ten="207,319,230,224" step="2"/><T130/><D130/><U116/><E116/><V111/><F111/><W43/><AGARI ba="0,2" hai="4,8,15,41,42,43,48,51,60,64,69,83,87,90" machi="43" ten="30,12000,1" yaku="1,1,2,1,0,1,52,2,53,0" doraHai="45" doraHaiUra="129" who="3" fromWho="3" sc="207,-40,319,-40,230,-40,224,140" owari="167,-33.0,279,8.0,190,-21.0,364,46.0" /></mjloggm>