<mjloggm ver="2.3"><GO type="97" lobby="0"/><UN n0="%63%68%6F%6E%6F%6E" n1="%6E%75%6D%62%65%72%69%6A" n2="%E5%B0%B1%E6%B4%BB%E7%94%9F%40%E5%B7%9D%E6%9D%91%E8%BB%8D%E5%9B%A3" n3="%E3%83%A2%E3%82%B9%E5%9B%9E%E9%81%BF" dan="13,15,16,13" rate="1855.22,2002.33,2091.24,1945.85" sx="M,M,M,M"/><TAIKYOKU oya="0"/><INIT seed="0,0,0,4,5,3" ten="250,250,250,250" oya="0" hai0="132,48,98,26,112,31,27,74,47,6,8,60,30" hai1="58,125,53,42,120,4,131,56,11,99,66,89,94" hai2="92,90,121,39,10,75,7,85,21,95,135,114,44" hai3="49,108,41,76,79,91,111,115,107,93,124,51,16"/><T63/><D74/><U19/><E120/><V65/><F75/><W54/><G107/><T50/><D112/><U29/><E131/><V67/><F114/><W82/><G115/><T34/><D132/><U110/><E110/><N who="3" m="42026" /><G124/><T23/><D98/><U106/><E106/><V96/><F121/><W68/><G68/><T78/><D78/><N who="3" m="29737" /><G82/><T15/><D50/><N who="3" m="18953" /><G41/><AGARI ba="0,0" hai="6,8,15,23,26,27,30,31,34,41,47,48,60,63" machi="41" ten="30,2900,0" yaku="7,1,52,1" doraHai="3" who="0" fromWho="3" sc="250,29,250,0,250,0,250,-29" /><INIT seed="0,1,0,3,2,80" ten="279,250,250,221" oya="0" hai0="46,12,81,24,56,90,48,38,77,47,108,3,39" hai1="16,72,30,70,74,93,94,63,57,125,112,66,1" hai2="23,118,107,62,61,6,4,53,32,79,102,121,36" hai3="7,105,100,73,97,40,37,123,130,119,106,131,41"/><T28/><D3/><U88/><E1/><V10/><F32/><W45/><G119/><T122/><D122/><U58/><E125/><V85/><F36/><W109/><G123/><T86/><D108/><U60/><E112/><V67/><F118/><W64/><G109/><T55/><D39/><U114/><E114/><V98/><F121/><W124/><G124/><T52/><D38/><U20/><E30/><V101/><F101/><W5/><G64/><T117/><D117/><U18/><E94/><V17/><F53/><W75/><G40/><T13/><D77/><U110/><E110/><V113/><F113/><W29/><G29/><T15/><D55/><U19/><E20/><AGARI ba="1,0" hai="12,13,15,20,24,28,46,47,48,52,56,81,86,90" machi="20" ten="40,7700,0" yaku="8,1,52,1,54,1" doraHai="80" who="0" fromWho="1" sc="279,80,250,-80,250,0,221,0" /><INIT seed="0,2,0,1,0,131" ten="359,170,250,221" oya="0" hai0="91,50,28,31,73,4,70,65,8,64,80,93,27" hai1="29,134,13,43,10,56,100,76,41,85,69,77,33" hai2="51,88,126,44,15,71,110,17,47,96,53,22,105" hai3="3,86,112,97,116,36,133,115,124,49,129,2,127"/><T75/><D75/><U130/><E69/><V79/><F71/><W106/><G49/><T122/><D122/><U57/><E130/><V37/><F110/><W103/><G86/><T92/><D70/><U18/><E100/><V7/><F126/><N who="3" m="48171" /><G116/><T72/><D72/><U61/><E57/><V135/><F79/><W83/><G36/><T94/><D31/><U62/><E62/><V101/><F7/><W89/><G89/><T52/><D73/><U26/><E134/><V46/><F37/><W0/><G83/><T24/><D80/><U87/><E85/><V132/><REACH who="2" step="1"/><F88/><REACH who="2" ten="359,170,240,221" step="2"/><W67/><G129/><T95/><D91/><U84/><E77/><V48/><F48/><W42/><G67/><T25/><D95/><U78/><E76/><V107/><F107/><W99/><G99/><T125/><D125/><U121/><E78/><V38/><F38/><W58/><G97/><T21/><D65/><U66/><E121/><V54/><F54/><W120/><G106/><T104/><D64/><U30/><E84/><V117/><F117/><W5/><G120/><T45/><REACH who="0" step="1"/><D104/><REACH who="0" ten="349,170,240,221" step="2"/><U90/><REACH who="1" step="1"/><E30/><REACH who="1" ten="349,160,240,221" step="2"/><V39/><F39/><W16/><G103/><T74/><D74/><U23/><E23/><V12/><F12/><AGARI ba="2,3" hai="4,8,12,21,24,25,27,28,45,50,52,92,93,94" machi="12" ten="40,12000,1" yaku="1,1,8,1,54,1,53,1" doraHai="131" doraHaiUra="6" who="0" fromWho="2" sc="349,156,160,0,240,-126,221,0" /><INIT seed="0,3,0,0,0,126" ten="505,160,114,221" oya="0" hai0="15,130,94,87,106,117,7,24,77,54,108,78,127" hai1="122,113,10,64,47,46,71,23,124,121,132,30,60" hai2="49,83,33,73,86,25,112,1,28,119,125,95,128" hai3="32,37,0,12,6,5,36,120,44,67,88,26,21"/><T118/><D106/><U105/><E105/><V79/><F112/><W50/><G67/><T13/><D127/><U93/><E124/><V81/><F125/><W40/><G120/><T16/><D108/><U85/><E113/><V11/><F119/><W56/><G32/><T109/><D109/><U42/><E132/><V9/><F1/><W59/><G0/><T27/><D118/><U51/><E10/><V20/><F33/><W92/><G37/><T38/><D38/><U84/><E93/><V69/><F69/><W18/><G36/><T48/><D117/><U61/><E30/><V72/><F128/><W52/><G40/><T14/><D130/><U2/><E2/><V116/><F116/><W65/><G65/><T35/><D35/><U66/><E23/><V4/><F4/><N who="3" m="1643" /><G26/><T91/><D7/><U111/><E111/><V74/><F81/><W90/><G90/><T76/><D16/><U129/><E129/><V70/><F70/><W80/><G80/><T55/><D55/><N who="1" m="30199" /><E85/><AGARI ba="3,0" hai="12,18,21,44,50,52,56,59,85,88,92" m="1643" machi="85" ten="30,3900,0" yaku="8,1,54,2" doraHai="126" who="3" fromWho="1" sc="505,0,160,-48,114,0,221,48" /><INIT seed="1,0,0,2,4,75" ten="505,112,114,269" oya="1" hai0="0,108,96,24,103,134,14,57,21,72,106,27,43" hai1="129,67,118,25,60,5,76,4,126,32,63,124,132" hai2="93,33,102,54,110,3,40,17,82,42,6,121,94" hai3="95,111,69,101,116,34,56,65,125,23,131,38,49"/><U99/><E118/><V31/><F121/><W58/><G34/><T79/><D0/><U91/><E132/><V92/><F110/><W10/><G38/><T83/><D108/><U41/><E41/><V66/><F66/><W70/><G125/><N who="1" m="48234" /><E129/><V26/><F102/><W36/><G36/><T53/><D134/><U46/><E46/><V51/><F17/><W107/><G107/><T2/><D2/><U73/><E32/><V11/><REACH who="2" step="1"/><F82/><REACH who="2" ten="505,112,104,269" step="2"/><W64/><G64/><T59/><D43/><U78/><E25/><V52/><F52/><W62/><G65/><T120/><D120/><U81/><E78/><V130/><F130/><W16/><G111/><T104/><D106/><U119/><E119/><V117/><F117/><W90/><G131/><T84/><D72/><U12/><E67/><V80/><F80/><W39/><G101/><T97/><D103/><U100/><E91/><V115/><F115/><W127/><G90/><T48/><D104/><N who="1" m="63519" /><E5/><V30/><F30/><W8/><G127/><T105/><D105/><U55/><E55/><V50/><F50/><W9/><G116/><T37/><D37/><U89/><E89/><V44/><AGARI ba="0,1" hai="3,6,11,26,31,33,40,42,44,51,54,92,93,94" machi="44" ten="30,2000,0" yaku="1,1,0,1,53,0" doraHai="75" doraHaiUra="71" who="2" fromWho="2" sc="505,-5,112,-10,104,30,269,-5" /><INIT seed="2,0,0,2,0,123" ten="500,102,134,264" oya="2" hai0="91,70,61,47,45,15,1,4,42,29,72,84,62" hai1="126,20,26,94,5,110,95,99,10,113,0,87,104" hai2="106,28,86,105,118,38,101,128,17,65,85,64,98" hai3="55,89,27,7,90,41,23,112,2,78,107,63,121"/><V60/><F118/><W75/><G107/><T51/><D1/><U117/><E113/><V134/><F106/><W59/><G41/><T57/><D72/><U125/><E117/><V9/><F128/><W130/><G112/><T8/><D70/><U83/><E104/><V56/><F134/><W53/><G130/><T88/><D29/><U39/><E39/><V52/><F38/><W111/><G121/><T81/><D47/><U133/><E133/><V120/><F120/><W135/><G135/><T3/><D3/><U33/><E33/><V109/><F28/><W12/><G2/><T46/><D46/><U49/><E49/><V115/><F115/><W108/><G55/><N who="0" m="33983" /><D62/><U30/><E110/><N who="3" m="42026" /><G12/><T77/><AGARI ba="0,0" hai="4,8,15,42,45,51,77,81,84,88,91" m="33983" machi="77" ten="30,4000,0" yaku="25,1,8,1,54,1" doraHai="123" who="0" fromWho="0" sc="500,40,102,-10,134,-20,264,-10" /><INIT seed="3,0,0,4,0,49" ten="540,92,114,254" oya="3" hai0="97,64,109,31,98,81,50,121,52,24,100,35,134" hai1="90,48,0,59,70,42,103,93,130,25,11,107,3" hai2="72,101,75,32,88,60,135,77,57,7,68,39,13" hai3="61,91,46,38,30,2,131,120,33,40,94,111,69"/><W27/><G91/><T15/><D121/><U110/><E70/><V127/><F32/><W21/><G94/><T62/><D109/><U23/><E107/><V65/><F39/><W114/><G21/><T26/><D134/><U85/><E110/><V123/><F135/><W102/><G102/><T96/><D26/><U119/><E130/><V92/><F123/><W104/><G111/><T71/><D81/><U4/><E119/><V18/><F127/><W129/><G120/><T58/><D15/><U55/><E103/><V63/><F101/><W132/><G104/><T78/><D78/><U53/><E42/><V29/><F29/><W34/><G132/><T12/><D12/><U17/><REACH who="1" step="1"/><E55/><REACH who="1" ten="540,82,114,254" step="2"/><V56/><F68/><W108/><G108/><T118/><D118/><U36/><E36/><V83/><F72/><W66/><G129/><T76/><D76/><U122/><E122/><V86/><F7/><W80/><G131/><T10/><D10/><U117/><E117/><V106/><F106/><AGARI ba="0,1" hai="24,31,35,50,52,58,62,64,71,96,97,98,100,106" machi="106" ten="30,8000,1" yaku="7,1,25,2,52,1,54,1" doraHai="49" who="0" fromWho="2" sc="540,90,82,0,114,-80,254,0" owari="630,74.0,82,-32.0,34,-47.0,254,5.0" /></mjloggm>