<mjloggm ver="2.3"><GO type="97" lobby="0"/><UN n0="%53%49%4E%59" n1="%47%38%E9%BE%8D%E9%96%80" n2="%50%6F%6F%6C%79" n3="%E5%B0%B1%E6%B4%BB%E7%94%9F%40%E5%B7%9D%E6%9D%91%E8%BB%8D%E5%9B%A3" dan="15,15,14,14" rate="2032.65,1961.51,1979.59,1944.07" sx="M,F,M,M"/><TAIKYOKU oya="0"/><INIT seed="0,0,0,4,5,91" ten="250,250,250,250" oya="0" hai0="82,107,43,54,86,119,69,56,127,117,97,4,38" hai1="25,19,81,88,2,42,101,103,89,115,32,8,99" hai2="47,36,31,76,22,92,95,128,122,67,57,83,28" hai3="34,129,135,16,102,48,29,44,24,133,106,125,80"/><T118/><D69/><U116/><E116/><V61/><F122/><W58/><G129/><T45/><D127/><U12/><E115/><V27/><F128/><W100/><G125/><T96/><D4/><U77/><E42/><V74/><F36/><W131/><G131/><T114/><D107/><U75/><E2/><V105/><F105/><W112/><G112/><T30/><D30/><U46/><E46/><V111/><F111/><W120/><G120/><T66/><D66/><U10/><E10/><V98/><F47/><W3/><G3/><T41/><D41/><U71/><E71/><V64/><F31/><W18/><G58/><T11/><D11/><U130/><E130/><V68/><F68/><W93/><G106/><T51/><REACH who="0" step="1"/><D114/><REACH who="0" ten="240,250,250,250" step="2"/><U37/><E8/><V17/><F64/><W49/><G133/><T15/><D15/><U79/><E12/><V52/><F67/><W0/><G135/><T126/><D126/><U9/><E9/><V14/><F98/><W121/><G121/><T110/><D110/><U39/><E99/><V50/><F61/><W78/><G0/><T132/><D132/><U20/><E19/><V113/><F113/><W73/><G49/><T85/><D85/><U53/><E39/><V65/><F65/><W87/><G18/><T33/><D33/><AGARI ba="0,1" hai="14,17,22,27,28,33,50,52,57,74,76,83,92,95" machi="33" ten="30,7700,0" yaku="7,1,52,2,54,1" doraHai="91" who="2" fromWho="0" sc="240,-77,250,0,250,87,250,0" /><INIT seed="1,0,0,4,4,118" ten="163,250,337,250" oya="1" hai0="27,63,38,11,21,111,94,31,117,2,96,12,57" hai1="134,26,60,120,82,34,22,52,98,51,18,55,56" hai2="43,54,127,48,14,95,81,35,126,68,40,119,104" hai3="76,106,123,115,0,5,93,107,84,1,86,90,121"/><U46/><E134/><V70/><F104/><N who="3" m="39979" /><G5/><T77/><D111/><U32/><E98/><V92/><F35/><W47/><G47/><T65/><D77/><U135/><E135/><V79/><F14/><W89/><G1/><T128/><D128/><U87/><REACH who="1" step="1"/><E120/><REACH who="1" ten="163,240,337,250" step="2"/><N who="3" m="46154" /><G0/><T100/><D2/><U124/><E124/><N who="2" m="47659" /><F119/><W59/><G59/><T19/><REACH who="0" step="1"/><D38/><REACH who="0" ten="153,240,337,250" step="2"/><U71/><E71/><V15/><F68/><W131/><G131/><T85/><D85/><U24/><E24/><V72/><F70/><W4/><G86/><T25/><D25/><U37/><E37/><V122/><F122/><W50/><G84/><T116/><AGARI ba="0,2" hai="11,12,19,21,27,31,57,63,65,94,96,100,116,117" machi="116" ten="30,7900,0" yaku="1,1,0,1,25,2,53,0" doraHai="118" doraHaiUra="110" who="0" fromWho="0" sc="153,99,240,-39,337,-20,250,-20" /><INIT seed="2,0,0,5,4,73" ten="252,201,317,230" oya="2" hai0="13,56,102,38,89,72,128,4,29,47,15,23,86" hai1="57,7,32,5,95,134,115,26,113,70,107,84,50" hai2="78,42,69,71,10,124,1,74,112,2,106,121,41" hai3="21,17,66,22,118,44,88,61,16,55,43,108,63"/><V110/><F121/><W53/><G118/><T96/><D72/><U131/><E107/><V114/><F106/><W20/><G108/><T25/><D128/><U93/><E70/><N who="2" m="26635" /><F10/><W28/><G28/><T87/><D4/><U68/><E68/><V54/><F54/><N who="3" m="20491" /><G43/><N who="2" m="16393" /><F74/><W58/><G44/><T8/><D47/><U127/><E131/><V49/><F49/><W19/><G63/><T111/><D111/><U126/><E50/><V116/><F110/><W133/><G133/><T125/><D125/><U30/><E134/><V14/><F14/><W82/><G82/><T79/><D38/><U85/><E57/><V83/><F83/><W6/><G6/><T91/><D56/><U46/><E46/><V60/><F60/><W75/><G75/><T18/><D13/><U94/><E5/><V45/><F45/><W62/><G62/><T92/><D86/><U34/><E7/><V37/><F124/><N who="1" m="47657" /><E34/><V129/><F129/><W98/><G98/><T120/><D120/><U104/><E104/><V80/><F80/><AGARI ba="0,0" hai="8,15,18,23,25,29,79,80,87,89,91,92,96,102" machi="80" ten="40,2600,0" yaku="8,1,52,1" doraHai="73" who="0" fromWho="2" sc="252,26,201,0,317,-26,230,0" /><INIT seed="3,0,0,4,4,90" ten="278,201,291,230" oya="3" hai0="20,73,4,8,104,34,68,51,65,77,57,126,6" hai1="16,41,50,27,122,101,85,72,97,9,112,30,92" hai2="99,25,107,132,110,13,0,105,81,98,89,74,46" hai3="29,116,86,82,100,5,118,103,55,12,93,59,120"/><W60/><G120/><T1/><D34/><U135/><E122/><V71/><F0/><W123/><G123/><T131/><D104/><N who="2" m="40010" /><F46/><W49/><G55/><T3/><D131/><U58/><E112/><V44/><F13/><W78/><G29/><T119/><D119/><U115/><E115/><V10/><F44/><W121/><G121/><T36/><D36/><U33/><E135/><V62/><F25/><W2/><G2/><T102/><D126/><U18/><E72/><V39/><F62/><W43/><G116/><T129/><D129/><U42/><E85/><N who="2" m="50351" /><F10/><N who="3" m="4175" /><G118/><T94/><D68/><U19/><REACH who="1" step="1"/><E9/><REACH who="1" ten="278,191,291,230" step="2"/><V14/><F74/><W113/><G113/><T95/><D73/><U117/><E117/><V130/><F132/><W54/><G93/><T114/><D95/><U38/><E38/><V15/><F39/><W79/><G79/><T28/><D77/><U32/><E32/><V26/><F110/><W31/><G31/><T75/><D28/><U56/><E56/><V84/><F130/><W108/><G108/><T109/><D75/><U87/><E87/><V124/><F71/><W24/><G24/><T61/><D114/><U52/><AGARI ba="0,1" hai="16,18,19,27,30,33,41,42,50,52,58,92,97,101" machi="52" ten="30,8000,1" yaku="1,1,0,1,52,1,54,2,53,0" doraHai="90" doraHaiUra="70" who="1" fromWho="1" sc="278,-20,191,90,291,-20,230,-40" /><INIT seed="4,0,0,5,1,46" ten="258,281,271,190" oya="0" hai0="96,97,113,130,44,28,63,43,20,77,32,18,80" hai1="31,89,15,92,131,47,81,68,74,84,3,126,128" hai2="12,65,17,0,29,11,129,9,53,34,36,5,21" hai3="26,13,117,73,41,125,49,103,90,79,114,23,106"/><T35/><D130/><N who="1" m="49707" /><E126/><V38/><F65/><W16/><G117/><T120/><D113/><U105/><E68/><V71/><F71/><W104/><G114/><T7/><D120/><U76/><E3/><V72/><F129/><W107/><G125/><T25/><D63/><U85/><E31/><V59/><F72/><W19/><G103/><T57/><D57/><U60/><E60/><N who="2" m="35951" /><F9/><W27/><G90/><T108/><D108/><U94/><E15/><V62/><F62/><W14/><G79/><T91/><D91/><N who="1" m="53351" /><E47/><V2/><F2/><W33/><G73/><T100/><D100/><U95/><E105/><V8/><F8/><W127/><G127/><T39/><D7/><U133/><E95/><V123/><F123/><W67/><G67/><T87/><REACH who="0" step="1"/><D35/><REACH who="0" ten="248,281,271,190" step="2"/><U10/><E133/><V118/><F118/><W135/><G33/><T111/><D111/><U82/><E89/><V6/><F6/><W119/><G119/><T45/><D45/><U115/><E115/><V4/><F4/><W99/><G135/><T98/><D98/><U58/><E76/><V55/><F0/><W112/><G99/><T70/><D70/><U30/><E58/><V51/><F5/><W1/><G112/><T110/><D110/><U69/><E69/><V54/><F34/><W37/><G1/><T109/><D109/><U101/><E101/><V61/><F61/><W132/><G132/><T64/><D64/><U121/><E121/><V88/><F29/><W122/><G122/><T75/><D75/><U22/><E30/><V93/><F17/><W124/><G124/><T83/><D83/><RYUUKYOKU ba="0,1" sc="248,30,281,-10,271,-10,190,-10" hai0="18,20,25,28,32,39,43,44,77,80,87,96,97" /><INIT seed="4,1,1,2,1,58" ten="278,271,261,180" oya="0" hai0="98,127,26,7,71,115,23,76,2,4,8,47,55" hai1="126,110,28,9,118,52,32,39,85,113,82,78,43" hai2="37,53,102,1,50,96,134,80,42,74,33,83,99" hai3="79,46,15,68,0,91,5,86,123,121,59,100,108"/><T112/><D71/><U49/><E118/><V64/><F33/><W111/><G68/><T129/><D129/><U36/><E126/><V130/><F1/><W51/><G0/><T62/><D127/><U54/><E110/><N who="3" m="42026" /><G100/><T18/><D4/><U13/><E113/><N who="0" m="43593" /><D98/><U93/><E39/><V135/><F130/><W95/><G59/><N who="0" m="35199" /><D47/><N who="1" m="25855" /><E36/><V72/><F42/><N who="3" m="25047" /><G79/><AGARI ba="1,1" hai="2,7,8,18,23,26,76,79" m="35199,43593" machi="79" ten="30,2900,0" yaku="15,1,52,1" doraHai="58" who="0" fromWho="3" sc="278,42,271,0,261,0,180,-32" owari="320,42.0,271,7.0,261,-14.0,148,-35.0" /></mjloggm>