<mjloggm ver="2.3"><GO type="169" lobby="0"/><UN n0="%61%64%70%31%30" n1="%E3%83%88%E3%83%88%E3%83%AA%E5%85%88%E7%94%9F%31%39%E6%AD%B3" n2="%E3%83%90%E3%82%B9%E3%82%BF%E3%83%BC%E5%90%9B" n3="%73%61%74%6F%72%75%53%50" dan="16,17,16,16" rate="2046.85,2223.11,2163.25,2066.64" sx="M,F,M,M"/><TAIKYOKU oya="0"/><INIT seed="0,0,0,5,3,117" ten="250,250,250,250" oya="0" hai0="94,133,135,75,0,23,128,92,42,96,43,2,55" hai1="68,87,20,10,81,6,86,56,112,85,79,101,97" hai2="4,46,98,51,48,58,105,114,57,59,122,26,124" hai3="77,125,54,103,63,95,32,34,38,129,65,13,74"/><T50/><D75/><U24/><E112/><V93/><F105/><W7/><G38/><T66/><D66/><U11/><E68/><V100/><F114/><W25/><G125/><T64/><D64/><U76/><E56/><V44/><F124/><W41/><G41/><T109/><D23/><U82/><E86/><V22/><F4/><W99/><G129/><T31/><D31/><U52/><E52/><N who="2" m="29719" /><F122/><W45/><G25/><T60/><D60/><U131/><E6/><V49/><F44/><W40/><G54/><T29/><D29/><AGARI ba="0,0" hai="22,26,29,49,51,57,58,59,93,98,100" m="29719" machi="29" ten="30,2000,0" yaku="8,1,54,1" doraHai="117" who="2" fromWho="0" sc="250,-20,250,0,250,20,250,0" /><INIT seed="1,0,0,5,3,92" ten="230,250,270,250" oya="1" hai0="100,76,65,13,10,66,49,33,41,61,43,71,28" hai1="48,16,5,70,111,108,83,53,96,134,51,64,34" hai2="120,101,14,17,36,127,68,23,90,112,15,67,57" hai3="87,4,59,110,114,128,11,8,37,102,117,29,60"/><U72/><E34/><V85/><F36/><W131/><G37/><T2/><D2/><U73/><E134/><V54/><F120/><W93/><G110/><N who="1" m="42026" /><E5/><V44/><F112/><W115/><G117/><T79/><D66/><U27/><E83/><V35/><F35/><W40/><G40/><T104/><D43/><U107/><E64/><V63/><F127/><W19/><G114/><T113/><D113/><U52/><E70/><V132/><F132/><W118/><G115/><T75/><D75/><N who="1" m="28747" /><E51/><V121/><F121/><W130/><G128/><T98/><D49/><U6/><E6/><V80/><F101/><W88/><G4/><N who="0" m="3271" /><D41/><U133/><E133/><V9/><F44/><W24/><G102/><T95/><D95/><U12/><E27/><AGARI ba="0,0" hai="27,28,33,61,65,71,76,79,98,100,104" m="3271" machi="27" ten="30,2000,0" yaku="25,1,52,1" doraHai="92" who="0" fromWho="1" sc="230,20,250,-20,270,0,250,0" /><INIT seed="2,0,0,1,3,33" ten="250,230,270,250" oya="2" hai0="59,83,95,70,44,10,135,1,102,90,24,130,55" hai1="52,103,13,68,96,42,72,58,86,123,107,43,100" hai2="127,34,104,14,122,85,65,51,79,11,57,49,119" hai3="112,133,7,116,32,12,64,98,129,134,101,87,89"/><V117/><F104/><W22/><G116/><T114/><D70/><U121/><E68/><V53/><F34/><W8/><G32/><T36/><D114/><U31/><E72/><V46/><F122/><N who="1" m="46601" /><E31/><V128/><F128/><W110/><G110/><T76/><D130/><U2/><E103/><V97/><F97/><W19/><G129/><T73/><D102/><U61/><E2/><V82/><F127/><W29/><G112/><T56/><D24/><U41/><E86/><V39/><F39/><W125/><G125/><T5/><D55/><U48/><E13/><V23/><F23/><W47/><G64/><T124/><D124/><U67/><E67/><V105/><F105/><W74/><G74/><T91/><D135/><U77/><E77/><V118/><F65/><W28/><G133/><T20/><D20/><U131/><E131/><V126/><F126/><W60/><G134/><T113/><D113/><U132/><E132/><V17/><REACH who="2" step="1"/><F118/><REACH who="2" ten="250,230,260,250" step="2"/><W75/><G98/><T88/><D95/><U27/><E27/><V84/><F84/><W38/><G87/><T4/><REACH who="0" step="1"/><D5/><REACH who="0" ten="240,230,260,250" step="2"/><U115/><E115/><V63/><F63/><AGARI ba="0,2" hai="41,42,43,48,52,58,61,63,96,100,107" m="46601" machi="63" ten="30,2000,0" yaku="13,1,54,1" doraHai="33" who="1" fromWho="2" sc="240,0,230,40,260,-20,250,0" /><INIT seed="3,0,0,1,2,97" ten="240,270,240,250" oya="3" hai0="41,23,83,115,81,78,128,10,105,82,107,1,94" hai1="80,45,112,91,111,70,9,2,48,59,11,17,95" hai2="131,99,85,24,135,19,100,103,37,114,0,109,38" hai3="43,66,36,63,22,84,42,118,34,40,134,106,52"/><W20/><G106/><T130/><D78/><U96/><E112/><V12/><F0/><W92/><G34/><T53/><D115/><U121/><E121/><V119/><F114/><W62/><G134/><T101/><D41/><U35/><E70/><V56/><F119/><W57/><G36/><T31/><D53/><U49/><E35/><V79/><F135/><W126/><G126/><T13/><D1/><U122/><E122/><V72/><F72/><W87/><G118/><T65/><D65/><U110/><E2/><V98/><F131/><N who="0" m="50218" /><D23/><N who="3" m="8745" /><G92/><T18/><D31/><U4/><E4/><V74/><F74/><W71/><G71/><T21/><D21/><U116/><E116/><V76/><F24/><W93/><G66/><T129/><D129/><U47/><E59/><V27/><F27/><W75/><G75/><T133/><D133/><U30/><E30/><V14/><F56/><W86/><G62/><T28/><D28/><U102/><E47/><V120/><F120/><W46/><G46/><T64/><D64/><U127/><E127/><V7/><F7/><W69/><G69/><T77/><D77/><U58/><E58/><V33/><F33/><W90/><AGARI ba="0,0" hai="40,42,43,52,57,63,84,86,87,90,93" m="8745" machi="90" ten="30,3000,0" yaku="8,1,54,1" doraHai="97" who="3" fromWho="3" sc="240,-10,270,-10,240,-10,250,30" /><INIT seed="3,1,0,4,0,9" ten="230,260,230,280" oya="3" hai0="62,73,119,42,0,14,77,19,48,61,107,37,45" hai1="15,22,16,34,105,21,125,13,49,84,95,133,83" hai2="7,65,41,91,131,71,24,75,92,122,103,51,63" hai3="89,28,18,85,124,52,115,94,102,43,78,104,76"/><W96/><G124/><T4/><D119/><U98/><E34/><V8/><F75/><W44/><G115/><T90/><D107/><U56/><E105/><V68/><F122/><W10/><G28/><T70/><D90/><N who="1" m="55671" /><E125/><V99/><F131/><W17/><G52/><T27/><D70/><U64/><E133/><V117/><F117/><W74/><G10/><N who="0" m="2311" /><D48/><U26/><E22/><V33/><F71/><W129/><G129/><T53/><D27/><U60/><E49/><V32/><F24/><W72/><G76/><AGARI ba="1,0" hai="13,15,16,21,26,56,60,64,76,83,84" m="55671" machi="76" ten="30,7700,0" yaku="8,1,52,2,54,1" doraHai="9" who="1" fromWho="3" sc="230,0,260,80,230,0,280,-80" /><INIT seed="4,0,0,4,0,4" ten="230,340,230,200" oya="0" hai0="56,10,127,27,22,39,48,30,108,59,34,33,28" hai1="110,95,69,100,1,14,8,42,51,50,47,76,41" hai2="40,102,123,13,23,106,86,104,36,54,43,80,117" hai3="67,52,58,101,57,131,120,89,116,99,74,126,5"/><T122/><D39/><U73/><E110/><V66/><F123/><W119/><G74/><T87/><D122/><U11/><E69/><V2/><F2/><W26/><G120/><T91/><D108/><U35/><E35/><V135/><F117/><W90/><G126/><T45/><D127/><U61/><E1/><V62/><F135/><W112/><G112/><T21/><D34/><U78/><E73/><V103/><F54/><W82/><G131/><T121/><D121/><U38/><E38/><V3/><F3/><W7/><G26/><T96/><D96/><N who="1" m="59423" /><E61/><V114/><F114/><W111/><G111/><T18/><D33/><U25/><E25/><V77/><F103/><W105/><G116/><T128/><D28/><U53/><E41/><V44/><F102/><W46/><G119/><T0/><D128/><U132/><E132/><V115/><F43/><W98/><G67/><T19/><D0/><U60/><E60/><V84/><F84/><W20/><G101/><T83/><D22/><U64/><E64/><V92/><F92/><W31/><G105/><T16/><REACH who="0" step="1"/><D10/><REACH who="0" ten="220,340,230,200" step="2"/><N who="1" m="3627" /><E14/><V134/><F134/><W9/><G7/><T32/><D32/><U68/><E68/><N who="2" m="42071" /><F115/><W94/><G5/><T55/><AGARI ba="0,1" hai="16,18,19,21,27,30,45,48,55,56,59,83,87,91" machi="55" ten="30,11700,0" yaku="1,1,0,1,8,1,54,1,53,0" doraHai="4" doraHaiUra="72" who="0" fromWho="0" sc="220,127,340,-39,230,-39,200,-39" /><INIT seed="4,1,0,5,1,61" ten="347,301,191,161" oya="0" hai0="4,20,63,38,115,39,121,23,7,74,16,51,35" hai1="18,75,81,76,27,41,91,11,135,21,82,112,13" hai2="52,1,26,24,103,44,99,70,59,109,15,54,98" hai3="94,17,40,124,95,22,83,25,125,68,5,110,88"/><T31/><D74/><U71/><E135/><V19/><F1/><W33/><G68/><T10/><D121/><U84/><E112/><V28/><F70/><W106/><G106/><T127/><D115/><U129/><E71/><V46/><F109/><W114/><G110/><T111/><D111/><U36/><E129/><V93/><F99/><W80/><G114/><T119/><D119/><U66/><E41/><V113/><F113/><W67/><G5/><T130/><D130/><U50/><E50/><V87/><F87/><N who="3" m="52511" /><G33/><T3/><D4/><U97/><E97/><V48/><F28/><W37/><G95/><T128/><D128/><U126/><E126/><N who="3" m="48746" /><G67/><T86/><D127/><U90/><E36/><V120/><F120/><W12/><G25/><N who="2" m="9833" /><F54/><W122/><G122/><T72/><D35/><U78/><REACH who="1" step="1"/><E66/><REACH who="1" ten="347,291,191,161" step="2"/><V85/><F85/><W89/><G40/><T42/><D86/><U34/><E34/><V96/><F98/><W133/><G37/><T79/><D42/><U47/><E47/><V105/><F105/><W116/><G133/><T104/><D39/><U73/><E73/><V30/><F30/><AGARI ba="1,1" hai="11,13,18,21,27,30,75,76,78,81,82,84,90,91" machi="30" ten="30,2000,0" yaku="1,1,7,1,53,0" doraHai="61" doraHaiUra="69" who="1" fromWho="2" sc="347,0,291,33,191,-23,161,0" /><INIT seed="5,0,0,0,1,2" ten="347,324,168,161" oya="1" hai0="3,55,75,78,56,48,95,115,26,65,89,77,73" hai1="9,10,72,121,39,16,130,66,23,45,118,13,70" hai2="93,84,126,28,61,54,58,5,82,120,4,106,7" hai3="29,15,131,31,100,111,80,34,63,99,123,112,69"/><U91/><E118/><V49/><F106/><W122/><G111/><T20/><D3/><U83/><E121/><V22/><F120/><W86/><G131/><T8/><D8/><U60/><E130/><V41/><F93/><W92/><G112/><T74/><D65/><U46/><E39/><V108/><F108/><W103/><G100/><T67/><D67/><U109/><E109/><V43/><F126/><W102/><G103/><T17/><REACH who="0" step="1"/><D115/><REACH who="0" ten="337,324,168,161" step="2"/><U12/><E10/><V117/><F117/><W113/><G113/><T57/><D57/><U24/><E12/><V114/><F114/><W135/><G15/><T110/><D110/><U101/><E101/><V18/><F28/><W62/><G31/><T134/><D134/><U44/><E72/><V124/><F124/><W76/><G29/><T19/><D19/><U94/><E83/><V51/><F41/><W90/><G80/><T0/><D0/><U128/><E128/><V125/><F43/><W42/><G42/><T30/><D30/><U6/><REACH who="1" step="1"/><E44/><REACH who="1" ten="337,314,168,161" step="2"/><V1/><F1/><W87/><G123/><T36/><D36/><U116/><E116/><V27/><F125/><W11/><G122/><T104/><D104/><U127/><E127/><V53/><F53/><W14/><G11/><T33/><D33/><U59/><E59/><V71/><F71/><W50/><G69/><T81/><D81/><U21/><E21/><V79/><AGARI ba="0,2" hai="4,5,7,18,22,27,49,51,54,58,61,79,82,84" machi="79" ten="30,8000,1" yaku="0,1,8,1,52,3" doraHai="2" who="2" fromWho="2" sc="337,-20,314,-40,168,100,161,-20" /><INIT seed="6,0,0,3,5,104" ten="317,274,268,141" oya="2" hai0="62,109,50,7,34,134,120,87,4,30,45,3,19" hai1="59,108,93,65,132,129,2,90,26,99,31,123,23" hai2="56,24,70,27,15,92,42,121,35,68,74,57,20" hai3="72,61,1,21,52,84,83,105,6,12,9,53,86"/><V18/><F74/><W128/><G128/><T97/><D120/><U36/><E108/><V124/><F121/><W119/><G119/><T133/><D109/><U85/><E123/><V16/><F42/><W55/><G105/><T96/><D87/><U125/><E36/><V32/><F92/><W116/><G116/><T10/><D7/><U100/><E2/><V127/><F15/><W14/><G61/><T89/><D19/><U101/><E129/><V47/><F47/><W75/><G84/><T43/><D89/><N who="1" m="55727" /><E132/><N who="0" m="50793" /><D62/><N who="1" m="38111" /><E125/><V88/><F20/><W131/><G131/><T112/><D112/><U130/><E130/><V118/><F118/><W94/><G94/><AGARI ba="0,0" hai="23,26,31,85,90,94,100,101" m="38111,55727" machi="94" ten="30,1000,0" yaku="8,1" doraHai="104" who="1" fromWho="3" sc="317,0,274,10,268,0,141,-10" /><INIT seed="7,0,0,3,4,42" ten="317,284,268,131" oya="3" hai0="66,108,31,114,81,36,11,22,63,27,30,92,82" hai1="84,34,124,118,2,73,88,111,38,60,80,10,121" hai2="103,75,116,54,13,94,98,64,44,130,127,4,77" hai3="110,14,125,51,5,57,6,41,65,69,56,8,18"/><W55/><G125/><T128/><D36/><U25/><E111/><V68/><F116/><W20/><G110/><T93/><D108/><U97/><E121/><V85/><F75/><W40/><G69/><T86/><D114/><U53/><E38/><V106/><F127/><W43/><G6/><T78/><D128/><U48/><E124/><V102/><F130/><W3/><REACH who="3" step="1"/><G65/><REACH who="3" ten="317,284,268,121" step="2"/><T33/><D66/><U135/><E118/><V47/><F68/><W19/><G19/><T126/><D126/><U29/><E135/><V15/><F64/><W52/><G52/><T21/><D31/><U100/><E53/><V74/><F54/><W95/><G95/><T49/><D92/><U50/><E60/><V91/><F4/><W12/><G12/><N who="2" m="4681" /><F103/><W96/><G96/><T26/><D63/><U45/><E2/><V89/><F89/><W123/><G123/><T107/><D93/><U117/><E117/><V7/><F7/><W132/><G132/><T67/><D67/><U17/><E17/><V24/><F24/><W62/><G62/><T112/><D26/><U59/><E100/><V76/><F76/><W83/><G83/><AGARI ba="0,1" hai="44,47,74,77,83,85,91,94,98,102,106" m="4681" machi="83" ten="30,3900,0" yaku="24,1,52,2" doraHai="42" who="2" fromWho="3" sc="317,0,284,0,268,49,121,-39" owari="317,42.0,284,-12.0,317,12.0,82,-42.0" /></mjloggm>