<mjloggm ver="2.3"><GO type="169" lobby="0"/><UN n0="%E6%93%8D" n1="%E3%82%81%E3%81%8C%EF%BC%93" n2="%E9%81%8A%E8%B5%B0" n3="%E3%82%A6%E3%83%AB%E3%83%88%E3%83%A9%E7%AB%8B%E7%9B%B4" dan="17,16,16,17" rate="2175.53,2128.85,2168.11,2202.99" sx="M,M,M,M"/><TAIKYOKU oya="0"/><INIT seed="0,0,0,4,4,63" ten="250,250,250,250" oya="0" hai0="49,23,24,55,124,35,113,73,33,11,46,26,59" hai1="5,31,119,120,103,10,22,110,3,92,69,125,123" hai2="86,114,17,107,57,47,20,19,130,87,100,16,85" hai3="93,90,34,65,127,28,95,6,44,80,43,68,37"/><T62/><D73/><U121/><E69/><V42/><F114/><W117/><G117/><T84/><D113/><U96/><E119/><V133/><F130/><W128/><G128/><T1/><D124/><U51/><E125/><V118/><F118/><W77/><G127/><T76/><D26/><U79/><E110/><V108/><F108/><W27/><G90/><T91/><D76/><U39/><E39/><V8/><F133/><W30/><G30/><T116/><D11/><U98/><E79/><V102/><F107/><W82/><G82/><T111/><D1/><U32/><E32/><V48/><F20/><W78/><G78/><T101/><D101/><U58/><E98/><V36/><F36/><W18/><G18/><T109/><D116/><U115/><E115/><V83/><F83/><W94/><G6/><T104/><D104/><U12/><E3/><V97/><F57/><W9/><G9/><T54/><D111/><U106/><E106/><V66/><F66/><W52/><G68/><T15/><D15/><U14/><E14/><V2/><REACH who="2" step="1"/><F97/><REACH who="2" ten="250,250,240,250" step="2"/><W53/><REACH who="3" step="1"/><G65/><REACH who="3" ten="250,250,240,240" step="2"/><T112/><D112/><U25/><E123/><V135/><F135/><W56/><G56/><T13/><D109/><U61/><REACH who="1" step="1"/><E51/><REACH who="1" ten="250,240,240,240" step="2"/><V89/><F89/><W71/><G71/><T81/><D35/><U29/><E29/><V38/><F38/><W0/><G0/><T60/><D33/><U122/><E122/><V45/><F45/><W129/><G129/><T7/><D46/><U4/><E4/><AGARI ba="0,3" hai="2,4,8,16,17,19,42,47,48,85,86,87,100,102" machi="4" ten="40,2600,0" yaku="1,1,54,1,53,0" doraHai="63" doraHaiUra="50" who="2" fromWho="1" sc="250,0,240,-26,240,56,240,0" /><INIT seed="1,0,0,1,2,94" ten="250,214,296,240" oya="1" hai0="6,43,24,124,107,106,1,51,111,68,122,74,8" hai1="79,76,77,99,80,23,58,66,78,41,110,108,9" hai2="85,34,105,113,38,50,15,29,53,54,95,32,11" hai3="83,45,55,132,127,40,126,90,71,100,56,0,88"/><U91/><E41/><V7/><F38/><W22/><G71/><T3/><D74/><U109/><E9/><V5/><F113/><W36/><G0/><T62/><D3/><U4/><E4/><V92/><F105/><W2/><G2/><T28/><D122/><U64/><E23/><V14/><F85/><W18/><G100/><T84/><D62/><U27/><E27/><V25/><F34/><W52/><G132/><T114/><D68/><U70/><E70/><V121/><F121/><W82/><G82/><T102/><D114/><U133/><E133/><V61/><F61/><W37/><G37/><T123/><D123/><U98/><E91/><V16/><F5/><W20/><G20/><T81/><D8/><U19/><E19/><V31/><F31/><W101/><G101/><T89/><D6/><U112/><E112/><V42/><F42/><W49/><G55/><T130/><D43/><U17/><E17/><V120/><F120/><W103/><G103/><T65/><D28/><U57/><E57/><V63/><F63/><W21/><G21/><T135/><D1/><U117/><E117/><V73/><F73/><W10/><G10/><T12/><D135/><U13/><E13/><N who="2" m="5375" /><F54/><W33/><G33/><T44/><D12/><N who="2" m="4650" /><F16/><W131/><G18/><T35/><D35/><U134/><E134/><V93/><F53/><W97/><G22/><T67/><D67/><N who="1" m="25643" /><E58/><V60/><F60/><W69/><G69/><T48/><D65/><U96/><E77/><V39/><F39/><W75/><G36/><T87/><D24/><U128/><E128/><V26/><F26/><RYUUKYOKU ba="0,0" sc="250,-15,214,15,296,15,240,-15" hai1="76,78,79,80,96,98,99,108,109,110" hai2="25,29,32,50,92,93,95" /><INIT seed="1,1,0,1,2,111" ten="235,229,311,225" oya="1" hai0="77,33,69,80,65,90,87,36,4,25,129,7,21" hai1="54,115,8,122,57,50,55,0,63,12,45,31,74" hai2="47,37,51,126,19,14,42,1,61,66,72,48,28" hai3="29,135,27,134,41,22,18,24,125,88,130,3,104"/><U38/><E122/><V83/><F126/><W71/><G104/><T131/><D36/><U23/><E74/><V58/><F1/><W112/><G71/><T128/><D33/><U120/><E120/><V9/><REACH who="2" step="1"/><F28/><REACH who="2" ten="235,229,301,225" step="2"/><W16/><G3/><T110/><D110/><U100/><E0/><V113/><F113/><W10/><G125/><T62/><REACH who="0" step="1"/><D77/><AGARI ba="1,1" hai="9,14,19,37,42,47,48,51,58,61,66,72,77,83" machi="77" ten="40,1300,0" yaku="1,1,53,0" doraHai="111" doraHaiUra="35" who="2" fromWho="0" sc="235,-16,229,0,301,26,225,0" /><INIT seed="2,0,0,0,2,123" ten="219,229,327,225" oya="2" hai0="29,25,20,23,48,61,119,32,42,113,79,34,132" hai1="105,15,109,106,41,116,46,129,72,33,86,115,131" hai2="40,6,125,14,98,38,10,87,93,112,67,2,52" hai3="45,53,103,107,17,1,44,36,0,21,37,126,65"/><V70/><F112/><W94/><G107/><T124/><D113/><U50/><E115/><V63/><F125/><W117/><G117/><T18/><D124/><U92/><E116/><V75/><F75/><W89/><G103/><T3/><D3/><U101/><E72/><V81/><F38/><W59/><G65/><T135/><D79/><U108/><E33/><V111/><F40/><W8/><G126/><T118/><D61/><U96/><E15/><V5/><F98/><W31/><G31/><T11/><D48/><U9/><E9/><V24/><F93/><W90/><G90/><T26/><D42/><U56/><E56/><V100/><F100/><W73/><G73/><T49/><D49/><U99/><E86/><V39/><F24/><W80/><G80/><T43/><D43/><U104/><E99/><V19/><F39/><W83/><G83/><T133/><D11/><U60/><E60/><V78/><F52/><W55/><G53/><T77/><D77/><U97/><E96/><V13/><F2/><W28/><G0/><T134/><D134/><U84/><E84/><V4/><REACH who="2" step="1"/><F111/><AGARI ba="0,0" hai="41,46,50,92,97,101,104,105,106,108,109,111,129,131" machi="111" ten="50,8000,1" yaku="14,1,52,3" doraHai="123" who="1" fromWho="2" sc="219,0,229,80,327,-80,225,0" /><INIT seed="3,0,0,5,0,113" ten="219,309,247,225" oya="3" hai0="132,59,16,23,131,135,26,106,36,21,117,125,62" hai1="98,50,120,24,91,87,83,17,116,18,54,97,74" hai2="130,33,65,12,8,121,63,60,38,78,112,90,28" hai3="119,114,93,71,49,39,32,95,57,64,3,110,44"/><W100/><G114/><T86/><D36/><U48/><E120/><V31/><F112/><W134/><G3/><T107/><D131/><U9/><E74/><V70/><F121/><W58/><G32/><T41/><D41/><U45/><E116/><V30/><F130/><W92/><G119/><T77/><D117/><U42/><E24/><V85/><F38/><W101/><G39/><T75/><D75/><U10/><E10/><V14/><F33/><W84/><G134/><N who="0" m="51243" /><D125/><U52/><E42/><V11/><F78/><W35/><G35/><T29/><D86/><U88/><E91/><V81/><F70/><W19/><G110/><T133/><D77/><U80/><E80/><V108/><F108/><W69/><G69/><T20/><N who="0" m="51251" /><T0/><DORA hai="73" /><D0/><U123/><E123/><V56/><F63/><N who="3" m="38007" /><G71/><T13/><D23/><U104/><E104/><V79/><F90/><W124/><G124/><T4/><D4/><U55/><E55/><AGARI ba="0,0" hai="13,16,20,21,26,29,55,59,62,106,107" m="51251" machi="55" ten="40,2600,0" yaku="20,1,54,1" doraHai="113,73" who="0" fromWho="1" sc="219,26,309,-26,247,0,225,0" /><INIT seed="4,0,0,3,2,71" ten="245,283,247,225" oya="0" hai0="95,33,79,135,34,72,55,124,132,3,62,114,28" hai1="14,131,35,16,12,46,76,47,127,116,15,77,5" hai2="25,108,125,63,13,17,37,102,32,36,60,93,54" hai3="129,23,98,96,20,4,117,22,8,133,126,87,88"/><T84/><D3/><U45/><E116/><V19/><F108/><W66/><G117/><T0/><D0/><U38/><E131/><V51/><F125/><W104/><G129/><T89/><D124/><U105/><E105/><V53/><F102/><W42/><G126/><T78/><D114/><U50/><E127/><V118/><F118/><W52/><G133/><N who="0" m="51275" /><D28/><U123/><E123/><V69/><F93/><W39/><G66/><T113/><D113/><U30/><E5/><V107/><F107/><W111/><G104/><T100/><D100/><U86/><E38/><V94/><F94/><W29/><G29/><T101/><D101/><U83/><E76/><N who="0" m="29225" /><D72/><U44/><E30/><V99/><F32/><N who="0" m="12394" /><D55/><N who="1" m="30151" /><E35/><V40/><F99/><W59/><G111/><T130/><D62/><U90/><E77/><V119/><F119/><W97/><G42/><T49/><D49/><U122/><E122/><V91/><F40/><W85/><G39/><T65/><D65/><U31/><E31/><V56/><F51/><W2/><REACH who="3" step="1"/><G88/><REACH who="3" ten="245,283,247,215" step="2"/><T120/><D120/><U128/><E128/><AGARI ba="0,1" hai="84,89,95,128,130" m="12394,29225,51275" machi="128" ten="40,2000,0" yaku="20,1" doraHai="71" who="0" fromWho="1" sc="245,30,283,-20,247,0,215,0" /><INIT seed="4,1,0,4,1,46" ten="275,263,247,215" oya="0" hai0="55,15,70,29,109,60,82,18,76,74,75,73,66" hai1="126,26,94,62,128,99,84,129,61,20,37,34,83" hai2="23,69,86,40,16,121,9,133,119,134,101,14,100" hai3="28,64,51,7,105,43,135,25,68,97,123,89,118"/><T19/><D109/><U104/><E126/><V12/><F121/><W79/><G118/><T127/><D127/><U41/><E104/><V132/><F119/><W47/><G123/><T52/><D29/><U0/><E0/><V63/><F86/><W11/><G135/><T111/><D111/><U35/><E35/><V106/><F40/><W8/><G79/><T88/><D19/><U85/><E34/><V78/><F78/><W33/><G7/><T24/><D24/><U36/><E41/><V67/><REACH who="2" step="1"/><F106/><REACH who="2" ten="275,263,237,215" step="2"/><W93/><REACH who="3" step="1"/><G105/><REACH who="3" ten="275,263,237,205" step="2"/><T50/><D75/><U44/><E129/><V27/><F27/><W92/><G92/><T81/><D74/><U122/><E128/><V30/><F30/><W3/><G3/><T13/><D76/><U53/><E122/><V5/><AGARI ba="1,2" hai="5,9,12,14,16,23,63,67,69,100,101,132,133,134" machi="5" ten="30,12000,2" yaku="1,1,0,1,20,1,54,1,53,2" doraHai="46" doraHaiUra="98" who="2" fromWho="2" sc="275,-61,263,-31,237,143,205,-31" /><INIT seed="5,0,0,0,2,72" ten="214,232,380,174" oya="1" hai0="121,132,4,70,100,128,101,30,41,1,127,14,80" hai1="66,44,96,55,13,68,18,57,56,39,83,76,73" hai2="21,116,97,122,85,79,23,6,111,36,33,135,16" hai3="108,54,89,90,37,64,25,45,43,59,92,119,117"/><U95/><E68/><V104/><F122/><W9/><G108/><T63/><D1/><U40/><E66/><V50/><F36/><W106/><G106/><T22/><D121/><U42/><E42/><V53/><F111/><W78/><G64/><T94/><D63/><U69/><E55/><V27/><F33/><W34/><G9/><T87/><D70/><U2/><E2/><V35/><F35/><W61/><G34/><T126/><D41/><U115/><E115/><V7/><F135/><W12/><G12/><T114/><D132/><U24/><E24/><V118/><F23/><W82/><G25/><T3/><D3/><U47/><E47/><V26/><F26/><W58/><G58/><T107/><D30/><U52/><E52/><V38/><F38/><W17/><G17/><T51/><D51/><U91/><REACH who="1" step="1"/><E69/><REACH who="1" ten="214,222,380,174" step="2"/><V20/><F53/><W113/><G113/><T133/><D114/><U134/><E134/><V110/><F50/><W29/><G45/><T49/><D49/><U129/><E129/><V123/><F27/><W19/><G43/><T112/><D128/><U103/><E103/><V86/><F110/><W105/><G54/><T10/><D101/><U71/><E71/><V77/><F123/><W130/><G130/><T75/><D133/><U65/><E65/><V125/><F118/><W60/><G119/><T67/><D67/><U124/><E124/><V99/><F116/><W131/><G117/><T28/><D112/><U15/><E15/><V46/><F125/><W5/><G131/><T74/><D127/><U32/><E32/><V98/><F46/><RYUUKYOKU ba="0,1" sc="214,-10,222,30,380,-10,174,-10" hai1="13,18,39,40,44,56,57,73,76,83,91,95,96" /><INIT seed="5,1,1,5,4,42" ten="204,252,370,164" oya="1" hai0="72,126,5,83,85,89,47,104,18,63,51,26,96" hai1="27,43,93,17,37,33,90,62,78,54,30,65,12" hai2="49,125,23,113,77,53,79,58,132,109,59,13,81" hai3="25,133,75,44,28,2,106,92,118,50,108,112,82"/><U19/><E78/><V107/><F109/><W117/><G108/><T110/><D110/><U116/><E116/><N who="3" m="44650" /><G106/><T121/><D126/><U98/><E54/><N who="2" m="32079" /><F107/><W66/><G2/><T99/><D72/><U76/><E76/><N who="2" m="29259" /><F125/><W9/><G82/><T73/><D73/><U15/><E15/><V114/><F132/><W88/><G75/><T111/><D111/><U135/><E135/><V71/><F71/><W32/><G133/><T119/><D121/><U127/><E127/><V14/><F81/><W34/><G66/><T69/><D104/><U20/><E19/><V21/><F114/><W1/><G112/><T120/><D120/><U45/><E62/><N who="2" m="36207" /><F113/><W70/><G70/><T0/><D69/><U56/><E56/><V68/><F68/><W124/><G124/><T67/><D67/><U80/><E80/><V87/><F87/><N who="3" m="52255" /><G34/><T41/><D119/><U94/><E94/><V55/><F55/><N who="3" m="30151" /><G1/><T128/><D0/><U46/><E65/><V8/><F13/><W101/><G101/><T95/><D83/><U74/><E74/><V103/><F103/><W102/><G102/><T24/><D85/><U84/><E84/><V31/><F14/><W134/><G134/><T16/><D99/><U61/><E61/><V91/><F91/><W36/><G36/><T11/><D63/><U115/><E115/><V29/><F8/><AGARI ba="1,1" hai="8,9,25,28,32" m="30151,52255,44650" machi="8" ten="30,3900,0" yaku="12,1,52,1,54,1" doraHai="42" who="3" fromWho="2" sc="204,0,252,0,370,-42,164,52" /><INIT seed="6,0,0,1,0,39" ten="204,252,328,216" oya="2" hai0="114,108,56,89,67,23,120,129,94,50,103,49,106" hai1="33,72,130,21,16,84,7,115,102,133,73,27,48" hai2="81,35,69,95,107,110,88,87,40,65,51,24,0" hai3="99,42,18,77,79,100,52,75,12,82,93,64,128"/><V126/><F0/><W5/><G128/><T66/><D106/><U61/><E115/><V9/><F126/><W36/><G64/><T116/><D120/><U20/><E133/><V68/><F107/><W90/><G5/><T80/><D129/><U13/><E130/><V26/><F110/><W76/><G52/><N who="0" m="31767" /><D114/><U109/><E109/><V54/><F40/><W31/><G31/><T28/><D108/><U15/><E33/><V60/><F68/><W118/><G118/><T111/><D111/><U6/><E102/><V37/><F37/><W98/><G36/><T132/><D132/><U92/><E61/><V62/><F62/><W47/><G47/><T101/><D80/><U19/><E48/><V8/><F35/><W53/><G53/><T74/><D74/><U34/><E34/><V70/><F70/><W41/><G75/><T113/><D113/><U112/><E112/><V14/><F95/><N who="3" m="56695" /><G82/><T105/><D105/><U1/><E1/><V78/><F78/><W25/><G25/><N who="0" m="16447" /><D116/><U135/><E135/><V32/><F32/><W2/><G2/><T59/><D67/><U10/><E6/><V131/><F131/><W122/><G122/><T4/><D4/><U17/><E7/><V119/><F119/><W29/><G29/><T71/><D71/><U127/><E127/><V46/><F14/><W117/><G117/><T85/><D66/><U55/><E55/><AGARI ba="0,0" hai="49,55,59,85,89,94,101,103" m="16447,31767" machi="55" ten="30,2000,0" yaku="8,1,54,1" doraHai="39" who="0" fromWho="1" sc="204,20,252,-20,328,0,216,0" /><INIT seed="7,0,0,5,4,67" ten="224,232,328,216" oya="3" hai0="43,106,6,82,53,111,70,7,63,122,50,68,10" hai1="13,97,51,42,118,66,41,113,123,64,102,88,72" hai2="87,24,5,112,2,62,78,79,99,18,73,8,83" hai3="74,45,19,96,71,31,1,25,16,46,117,28,3"/><W107/><G74/><T11/><D106/><U60/><E123/><V69/><F112/><W85/><G107/><T124/><D122/><U81/><E113/><V128/><F128/><W33/><G96/><T17/><D17/><N who="3" m="6729" /><G85/><T84/><D43/><U90/><E118/><V35/><F99/><W26/><G117/><T58/><D111/><U104/><E13/><V126/><F78/><W21/><G71/><T14/><D124/><U36/><E36/><V49/><F126/><W95/><G95/><T44/><D84/><U133/><E64/><V127/><F127/><W15/><G46/><T93/><D93/><U120/><E120/><V121/><F121/><W47/><G45/><T39/><D82/><U110/><E110/><V115/><F115/><W105/><G47/><T101/><D101/><U94/><E133/><V100/><F100/><W61/><G61/><T109/><D39/><U4/><E4/><V125/><F49/><W30/><G105/><T131/><D131/><U114/><E114/><V108/><F125/><W119/><G119/><T12/><D109/><U135/><E135/><V89/><F108/><W98/><G98/><T75/><D75/><U132/><E132/><V86/><F89/><N who="1" m="34409" /><E104/><V76/><F76/><W20/><G15/><T32/><D32/><U80/><E72/><V129/><F129/><W103/><G103/><T54/><AGARI ba="0,0" hai="6,7,10,11,12,14,44,50,53,54,58,63,68,70" machi="54" ten="20,8000,1" yaku="0,1,7,1,9,1,52,2" doraHai="67" who="0" fromWho="0" sc="224,80,232,-20,328,-20,216,-40" owari="304,10.0,212,-19.0,308,41.0,176,-32.0" /></mjloggm>