<mjloggm ver="2.3"><GO type="169" lobby="0"/><UN n0="%79%6F%73%68%69%67%69" n1="%E3%83%89%E3%83%90%E3%82%AF%E3%83%81%E5%A4%A7%E9%87%8E" n2="%E3%82%A6%E3%83%AB%E3%83%88%E3%83%A9%E7%AB%8B%E7%9B%B4" n3="%E3%81%84%E3%82%82%E3%81%91%E3%82%93%70" dan="16,16,18,17" rate="2122.24,2103.73,2221.48,2141.92" sx="M,M,M,M"/><TAIKYOKU oya="0"/><INIT seed="0,0,0,4,5,79" ten="250,250,250,250" oya="0" hai0="89,30,41,53,132,119,23,39,46,97,3,88,105" hai1="62,22,8,63,121,34,96,77,110,50,64,127,19" hai2="104,94,87,118,106,26,101,32,102,67,82,108,52" hai3="130,35,70,31,61,75,129,81,40,90,114,135,5"/><T18/><D119/><U103/><E34/><V80/><F67/><N who="3" m="41327" /><G114/><T48/><D3/><U15/><E121/><V92/><F26/><N who="3" m="18935" /><G90/><T86/><D132/><U131/><E110/><V36/><F52/><W28/><G28/><T29/><D105/><N who="2" m="40554" /><F36/><W16/><G135/><T66/><D66/><U85/><E131/><N who="3" m="50186" /><G5/><T99/><D89/><U78/><E127/><V133/><F32/><W72/><G40/><T123/><D123/><U14/><E50/><V59/><F59/><W73/><G16/><T0/><D0/><U56/><E63/><V93/><F133/><W74/><G74/><T1/><D1/><U111/><E111/><V109/><F118/><W12/><G12/><T42/><D30/><U134/><E134/><V69/><F69/><W84/><G84/><T58/><D29/><U27/><E85/><V124/><F124/><W55/><G55/><T112/><D42/><U68/><E68/><V49/><F49/><W13/><G13/><N who="0" m="9679" /><D112/><U117/><E15/><V128/><F128/><W6/><G6/><T4/><D4/><U44/><E44/><V43/><F43/><W65/><G65/><T116/><D116/><U115/><E115/><V20/><F20/><W37/><G37/><T126/><D126/><U122/><E117/><V71/><F71/><W9/><G9/><T24/><D24/><U57/><E122/><V125/><F125/><W98/><G98/><T83/><D39/><U45/><E45/><V17/><F17/><W120/><G120/><T54/><D41/><U11/><E57/><V2/><F2/><W7/><G7/><T100/><D100/><RYUUKYOKU ba="0,0" sc="250,15,250,-15,250,-15,250,15" hai0="46,48,53,54,58,83,86,88,97,99" hai3="72,73,75,81" /><INIT seed="0,1,0,2,1,44" ten="265,235,235,265" oya="0" hai0="122,134,28,38,41,106,48,3,59,68,0,81,100" hai1="22,34,71,60,79,124,5,30,21,70,90,99,126" hai2="112,19,45,51,107,80,132,135,93,52,33,123,74" hai3="101,9,67,16,120,56,37,31,102,47,26,119,77"/><T54/><D122/><U66/><E79/><N who="2" m="44151" /><F33/><W103/><G119/><T104/><D134/><N who="2" m="51242" /><F123/><W72/><G120/><T10/><D68/><U92/><E70/><V97/><F19/><W42/><G77/><T105/><D28/><U17/><E5/><V108/><F108/><W118/><G72/><T2/><D81/><U15/><E34/><V85/><F85/><W4/><BYE who="2" /><G118/><T94/><D94/><U46/><E46/><V64/><F64/><W127/><G127/><N who="1" m="48682" /><E30/><V36/><F36/><W57/><G67/><T13/><D38/><U29/><E29/><V61/><F61/><W133/><G133/><T78/><D78/><U1/><E1/><V63/><F63/><W117/><G117/><T69/><D69/><U35/><E35/><V109/><F109/><W73/><G73/><T110/><D110/><U116/><E116/><V83/><F83/><W87/><G31/><T91/><D41/><U65/><E65/><V40/><F40/><W89/><G4/><T96/><REACH who="0" step="1"/><D91/><REACH who="0" ten="255,235,235,265" step="2"/><U88/><E90/><V11/><F11/><AGARI ba="1,1" hai="11,15,17,21,22,60,66,71,88,92,99" m="48682" machi="11" ten="30,2000,0" yaku="18,1,54,1" doraHai="44" who="1" fromWho="2" sc="255,0,235,33,235,-23,265,0" /><INIT seed="1,0,0,1,2,127" ten="255,268,212,265" oya="1" hai0="0,95,124,47,3,135,64,110,31,109,41,14,55" hai1="112,98,13,97,121,133,34,39,116,68,69,19,37" hai2="67,91,63,21,10,26,96,103,52,104,16,81,99" hai3="105,42,75,76,18,80,84,118,72,106,92,101,30"/><U87/><E34/><V115/><F115/><W59/><G30/><T126/><D31/><U74/><E74/><N who="3" m="28202" /><G59/><T17/><D64/><U123/><E112/><V88/><F88/><N who="3" m="53255" /><G18/><T82/><D55/><U38/><E116/><V49/><F49/><W119/><G42/><T8/><D82/><U129/><E87/><V70/><F70/><UN n2="%E3%82%A6%E3%83%AB%E3%83%88%E3%83%A9%E7%AB%8B%E7%9B%B4" /><W111/><G111/><N who="0" m="42507" /><D95/><U48/><E48/><V6/><F67/><W113/><G113/><T65/><D65/><U71/><E133/><V58/><F96/><N who="1" m="36969" /><E13/><V9/><REACH who="2" step="1"/><F6/><REACH who="2" ten="255,268,202,265" step="2"/><W28/><G101/><T94/><D135/><U46/><E46/><V89/><F89/><W132/><G132/><T107/><D107/><N who="3" m="40969" /><G28/><T114/><D114/><U25/><E68/><V102/><F102/><W45/><G45/><T125/><D94/><U134/><E69/><V24/><F24/><W122/><G122/><T51/><AGARI ba="0,1" hai="0,3,8,14,17,41,47,51,124,125,126" m="42507" machi="51" ten="40,2700,0" yaku="18,1,14,1" doraHai="127" who="0" fromWho="0" sc="255,37,268,-13,202,-7,265,-7" /><INIT seed="2,0,0,4,3,16" ten="292,255,195,258" oya="2" hai0="78,11,45,100,129,29,133,32,31,3,93,23,85" hai1="107,73,134,44,50,135,38,18,33,59,115,69,30" hai2="36,96,42,104,112,22,21,97,113,27,61,58,55" hai3="91,35,121,71,114,34,82,51,8,60,54,125,53"/><V123/><F123/><W56/><G121/><T6/><D133/><U77/><E69/><V94/><F104/><W116/><G116/><T37/><D129/><U118/><E107/><V131/><F131/><W25/><G125/><T28/><D37/><U7/><E115/><V99/><F94/><W52/><G71/><T88/><D32/><U17/><E7/><V40/><F36/><W9/><G114/><T1/><D1/><U13/><E118/><V108/><F108/><W70/><G70/><T86/><D45/><U132/><E38/><V74/><F74/><W75/><G34/><T128/><D128/><U87/><E59/><V62/><F113/><W14/><G8/><T66/><D66/><U39/><E73/><V80/><F112/><W119/><G119/><T63/><D63/><U12/><E39/><V76/><F62/><W120/><G120/><T57/><D57/><U122/><E122/><V47/><F47/><N who="3" m="27775" /><G25/><T41/><D41/><N who="2" m="15978" /><F27/><W110/><G75/><T111/><D111/><U90/><E77/><V24/><F24/><W67/><G35/><T102/><REACH who="0" step="1"/><D23/><REACH who="0" ten="282,255,195,258" step="2"/><N who="2" m="8714" /><F76/><W19/><G110/><T10/><D10/><U103/><E33/><V65/><F80/><AGARI ba="0,1" hai="3,6,11,28,29,31,78,80,85,86,88,93,100,102" machi="80" ten="40,2600,0" yaku="1,1,54,1,53,0" doraHai="16" doraHaiUra="130" who="0" fromWho="2" sc="282,36,255,0,195,-26,258,0" /><INIT seed="3,0,0,4,1,14" ten="318,255,169,258" oya="3" hai0="24,99,74,115,46,118,97,80,47,2,88,53,11" hai1="20,28,52,101,41,72,9,19,116,33,34,7,89" hai2="107,104,70,114,56,78,26,16,23,63,42,83,119" hai3="96,124,36,65,105,86,112,8,131,57,81,64,102"/><W0/><G36/><T35/><D118/><U32/><E72/><V38/><F114/><W108/><G112/><T59/><D115/><U27/><E41/><V45/><F70/><W66/><G124/><T113/><D113/><U100/><E116/><V51/><F38/><W90/><G131/><T22/><D35/><U77/><E77/><V43/><F43/><W110/><G57/><T125/><D125/><U40/><E40/><V76/><F119/><W126/><G126/><T93/><D99/><U49/><E89/><V94/><F94/><W121/><G121/><T84/><D74/><U31/><E100/><V82/><F78/><W73/><G73/><T44/><D2/><U50/><E50/><V67/><REACH who="2" step="1"/><F76/><REACH who="2" ten="318,255,159,258" step="2"/><W10/><REACH who="3" step="1"/><G0/><REACH who="3" ten="318,255,159,248" step="2"/><T61/><D11/><AGARI ba="0,2" hai="8,10,11,64,65,66,81,86,90,96,102,105,108,110" machi="11" ten="40,3900,0" yaku="1,1,2,1,53,0" doraHai="14" doraHaiUra="106" who="3" fromWho="0" sc="318,-39,255,0,159,0,248,59" /><INIT seed="3,1,0,0,0,101" ten="279,255,159,307" oya="3" hai0="106,55,71,104,37,67,58,59,3,128,98,131,85" hai1="19,70,72,16,118,45,100,36,110,102,65,14,54" hai2="57,74,124,48,82,97,12,127,1,79,26,38,80" hai3="116,61,41,90,86,0,11,6,77,94,56,68,52"/><W117/><G41/><T135/><D3/><U81/><E110/><V13/><F38/><W126/><G126/><N who="2" m="48169" /><F1/><W23/><G68/><T39/><D85/><U51/><E118/><V43/><F26/><W113/><G113/><T119/><D119/><U115/><E115/><V129/><F129/><N who="0" m="49738" /><D98/><U49/><E36/><N who="0" m="13897" /><D135/><U92/><E70/><V31/><F31/><W22/><G22/><T83/><D83/><U60/><E92/><V44/><F57/><N who="0" m="21514" /><D55/><U32/><E72/><N who="2" m="43111" /><F97/><W33/><G33/><T78/><D78/><AGARI ba="1,0" hai="12,13,43,44,48,74,78,82" m="43111,48169" machi="78" ten="30,1000,0" yaku="18,1" doraHai="101" who="2" fromWho="0" sc="279,-13,255,0,159,13,307,0" /><INIT seed="4,0,0,1,1,59" ten="266,255,172,307" oya="0" hai0="82,72,49,33,84,64,30,63,16,124,61,103,17" hai1="25,0,100,7,31,37,105,99,70,24,40,58,68" hai2="52,125,20,46,18,10,34,133,101,107,11,126,38" hai3="93,27,4,109,35,95,69,115,116,96,118,102,43"/><T77/><D124/><N who="2" m="47722" /><F34/><W97/><G69/><T130/><D130/><U45/><E25/><V73/><F73/><W106/><G4/><T89/><D103/><U6/><E58/><V134/><F101/><N who="3" m="60575" /><G43/><T66/><D49/><U80/><E80/><V62/><F107/><W110/><G115/><T15/><D33/><U79/><E79/><V111/><F111/><N who="3" m="42507" /><G27/><T78/><D30/><U86/><E86/><V94/><F94/><W32/><G32/><T8/><D17/><U50/><E50/><N who="2" m="28759" /><F38/><W44/><G44/><T5/><D5/><U113/><E7/><V47/><F47/><W41/><G41/><T92/><REACH who="0" step="1"/><D78/><REACH who="0" ten="256,255,172,307" step="2"/><U42/><E113/><V98/><F18/><W85/><G35/><T29/><D29/><U1/><E42/><V127/><F127/><W128/><G106/><T83/><D83/><U57/><E6/><V76/><F76/><W26/><G102/><T74/><D74/><U119/><E40/><V12/><F134/><W88/><G93/><T121/><D121/><U28/><E100/><V22/><F133/><W56/><G118/><T122/><D122/><U21/><E119/><V117/><F117/><W54/><G116/><T87/><D87/><U71/><E105/><V36/><F36/><W39/><G39/><T9/><D9/><U123/><E123/><V104/><F11/><W108/><G85/><T53/><D53/><U91/><E31/><V90/><F10/><W3/><G108/><T75/><D75/><U67/><E28/><V81/><F104/><W131/><G54/><T60/><AGARI ba="0,1" hai="8,15,16,60,61,63,64,66,72,77,82,84,89,92" machi="60" ten="30,18000,2" yaku="1,1,0,1,52,3,54,1,53,0" doraHai="59" doraHaiUra="132" who="0" fromWho="0" sc="256,190,255,-60,172,-60,307,-60" /><INIT seed="4,1,0,4,2,44" ten="446,195,112,247" oya="0" hai0="90,100,115,113,74,16,22,87,70,55,67,60,62" hai1="12,8,26,103,58,33,65,133,25,50,118,42,120" hai2="19,97,85,41,5,96,117,52,78,59,34,24,94" hai3="31,121,40,134,68,77,84,2,93,51,0,4,82"/><T91/><D74/><U71/><E118/><V43/><F117/><W17/><G134/><T29/><D100/><U102/><E133/><V119/><F119/><W75/><G68/><T135/><D29/><U57/><E71/><V7/><F34/><W122/><G31/><T88/><D135/><U81/><E33/><V20/><F78/><W39/><G17/><T111/><D111/><U61/><E81/><V11/><F85/><W21/><G21/><T6/><D6/><U129/><E129/><V101/><F96/><W98/><G39/><T124/><D124/><U66/><E120/><N who="3" m="46186" /><G4/><T18/><D87/><U95/><E65/><V30/><F30/><W54/><G40/><T86/><D86/><U63/><E63/><V56/><F56/><N who="3" m="32863" /><G84/><T79/><D79/><U38/><E38/><V53/><F5/><W72/><G72/><T3/><D3/><U130/><E130/><V9/><F53/><W49/><G49/><T112/><D22/><U126/><E126/><V64/><F64/><W14/><G14/><T132/><D132/><U99/><E102/><AGARI ba="1,0" hai="0,2,75,77,82,93,98,102" m="32863,46186" machi="102" ten="30,2000,0" yaku="13,1,52,1" doraHai="44" who="3" fromWho="1" sc="446,0,195,-23,112,0,247,23" /><INIT seed="5,0,0,1,1,50" ten="446,172,112,270" oya="1" hai0="53,113,73,135,13,110,86,25,69,102,17,33,30" hai1="65,105,31,108,22,132,112,70,46,1,101,106,111" hai2="88,5,89,116,128,36,90,109,131,56,34,47,20" hai3="91,78,9,95,61,126,107,99,115,59,97,72,68"/><U64/><E1/><V7/><F34/><W42/><G68/><T57/><D110/><N who="1" m="42027" /><E112/><V32/><F32/><W8/><G115/><T114/><D113/><U24/><E132/><V49/><F109/><W44/><G126/><T2/><D114/><U94/><E46/><V4/><F116/><W75/><G107/><N who="1" m="40970" /><E70/><V38/><F20/><W40/><G40/><T127/><D135/><U83/><E83/><V21/><F21/><W96/><G75/><T87/><D127/><U41/><E41/><V103/><F103/><W66/><G72/><T19/><D73/><U124/><E124/><V130/><F56/><W104/><G78/><T77/><D102/><U98/><AGARI ba="0,0" hai="22,24,31,64,65,94,98,101" m="40970,42027" machi="98" ten="40,2100,0" yaku="10,1" doraHai="50" who="1" fromWho="1" sc="446,-7,172,21,112,-7,270,-7" /><INIT seed="5,1,0,3,4,91" ten="439,193,105,263" oya="1" hai0="85,26,104,51,81,49,4,108,52,69,64,118,2" hai1="20,0,122,89,43,55,13,94,10,58,107,21,103" hai2="6,53,95,37,11,15,71,84,130,57,99,60,78" hai3="113,54,14,62,109,102,28,114,70,86,3,97,127"/><U38/><E0/><V116/><F116/><W67/><G3/><T39/><D108/><U31/><E122/><V27/><F130/><W56/><G109/><T100/><D118/><U125/><E125/><V50/><F37/><W17/><G28/><T74/><D39/><U105/><E38/><V110/><F110/><W40/><G86/><T98/><D74/><U47/><E43/><V132/><F132/><W45/><G127/><T106/><D104/><U59/><E47/><V96/><F27/><W35/><G35/><T23/><D4/><U12/><E59/><V133/><F133/><W66/><G45/><T88/><D2/><U79/><E79/><V33/><F33/><W16/><G40/><T68/><D64/><N who="3" m="24617" /><G14/><T82/><D51/><U126/><E126/><V7/><F71/><W1/><G1/><T128/><D82/><U131/><E103/><V18/><F50/><W65/><G65/><T46/><D128/><U42/><E42/><V93/><F84/><W90/><G90/><T72/><D72/><U5/><E131/><V22/><F78/><W87/><G87/><T73/><D73/><U75/><E75/><V63/><F63/><W25/><G25/><T77/><D77/><U92/><E89/><N who="2" m="55343" /><F11/><W115/><G70/><T135/><D135/><U36/><E36/><V124/><F124/><W123/><G123/><T19/><AGARI ba="1,0" hai="19,23,26,46,49,52,68,69,81,85,88,98,100,106" machi="19" ten="20,5200,0" yaku="0,1,7,1,54,2" doraHai="91" who="0" fromWho="0" sc="439,55,193,-27,105,-14,263,-14" /><INIT seed="6,0,0,2,1,37" ten="494,166,91,249" oya="2" hai0="44,62,18,50,118,4,9,76,93,29,1,90,23" hai1="0,133,97,131,10,106,3,89,114,52,25,7,46" hai2="55,47,116,112,95,56,107,119,59,27,24,28,6" hai3="85,61,101,92,60,30,48,91,87,134,5,130,63"/><V117/><F107/><W36/><G36/><T120/><D118/><U127/><E3/><V16/><F112/><W77/><G134/><T42/><D120/><U34/><E114/><V15/><F6/><W129/><G101/><T45/><D76/><U110/><E110/><V82/><F82/><N who="3" m="47311" /><G5/><T78/><D78/><U17/><E133/><V40/><F95/><W53/><G30/><T32/><D62/><U94/><E127/><V39/><F28/><W126/><G126/><T72/><D72/><U108/><E108/><V128/><F128/><N who="3" m="49259" /><G48/><T19/><D45/><U111/><E106/><V2/><F2/><W100/><G100/><T69/><D69/><U75/><E75/><V20/><REACH who="2" step="1"/><F59/><AGARI ba="0,0" hai="53,59,60,61,63,87,91,92" m="49259,47311" machi="59" ten="30,1000,0" yaku="19,1" doraHai="37" who="3" fromWho="2" sc="494,0,166,0,91,-10,249,10" /><INIT seed="7,0,0,2,1,34" ten="494,166,81,259" oya="3" hai0="131,126,102,18,49,37,42,33,24,134,80,73,64" hai1="60,68,67,128,112,31,119,95,28,113,36,61,25" hai2="8,20,129,76,83,1,41,2,7,9,96,62,71" hai3="78,13,82,51,52,104,45,125,84,109,114,90,79"/><W72/><G104/><T47/><D126/><U132/><E36/><V54/><F129/><W105/><G105/><T69/><D134/><U30/><E128/><V44/><F96/><W4/><G114/><N who="1" m="44138" /><E132/><V6/><F20/><W40/><G109/><T103/><D102/><U29/><E119/><V39/><F54/><W88/><G125/><T77/><D80/><U111/><E111/><V50/><F50/><N who="3" m="26919" /><G79/><T127/><D49/><U75/><E75/><N who="2" m="43423" /><F62/><W92/><G92/><T123/><D18/><U55/><E95/><V87/><F87/><W65/><G72/><T12/><D24/><U46/><E31/><V101/><F101/><W14/><G65/><T121/><D12/><N who="3" m="4713" /><G4/><T94/><D47/><AGARI ba="0,0" hai="47,51,52,78,82,84,88,90" m="4713,26919" machi="47" ten="30,5800,0" yaku="8,1,54,2" doraHai="34" who="3" fromWho="0" sc="494,-58,166,0,81,0,259,58" /><INIT seed="7,1,0,1,2,100" ten="436,166,81,317" oya="3" hai0="89,56,46,30,99,95,12,104,17,19,9,14,103" hai1="80,45,85,77,2,106,69,92,124,23,61,87,16" hai2="94,70,36,102,82,81,111,11,133,15,98,91,114" hai3="24,126,53,83,113,48,76,31,50,122,58,109,62"/><W60/><G122/><T43/><D56/><U51/><E2/><V67/><F36/><W74/><G113/><T25/><D104/><U125/><E106/><V32/><F32/><W7/><G126/><N who="1" m="48746" /><E69/><V118/><F114/><W90/><G109/><T5/><D14/><N who="1" m="9623" /><E61/><V127/><F111/><W35/><G7/><T38/><D89/><U0/><E0/><V37/><F127/><W28/><G28/><T123/><D123/><U6/><E6/><V78/><F133/><W134/><G134/><T39/><D39/><U86/><E92/><V128/><F128/><W132/><G132/><T47/><D47/><U96/><E96/><V101/><F118/><W20/><G35/><AGARI ba="1,0" hai="5,9,12,17,19,25,30,35,38,43,46,95,99,103" machi="35" ten="30,1000,0" yaku="7,1" doraHai="100" who="0" fromWho="3" sc="436,13,166,0,81,0,317,-13" owari="449,55.0,166,-23.0,81,-42.0,304,10.0" /></mjloggm>