<mjloggm ver="2.3"><GO type="233" lobby="0"/><UN n0="%E3%82%B9%E3%82%BF%E3%83%BC%E3%83%93%E3%83%83%E3%83%81" n1="%E3%82%A6%E3%83%AB%E3%83%88%E3%83%A9%E7%AB%8B%E7%9B%B4" n2="%E3%83%8D%E3%83%BC%E3%83%A0%E3%83%AC%E3%82%B9%EF%BC%97" n3="%E3%81%82%E3%82%89%E3%81%8F%E3%82%8C" dan="17,17,17,16" rate="2149.76,2103.73,2121.67,2121.37" sx="M,M,M,F"/><TAIKYOKU oya="0"/><INIT seed="0,0,0,2,4,30" ten="250,250,250,250" oya="0" hai0="116,8,117,37,85,43,44,127,113,33,59,14,99" hai1="134,67,132,28,96,17,74,2,104,46,120,94,135" hai2="36,65,106,56,121,64,13,128,39,111,123,87,125" hai3="89,22,72,41,18,47,26,92,101,130,88,15,103"/><T20/><D113/><U60/><E120/><V52/><F106/><W61/><G72/><T40/><D127/><U34/><E74/><V84/><F13/><W54/><G130/><T69/><D69/><U82/><E2/><V98/><F98/><N who="3" m="57607" /><G89/><T95/><D40/><U51/><E82/><V32/><F32/><W126/><G126/><T73/><D73/><U105/><E17/><V66/><F125/><W62/><G15/><T102/><D20/><U77/><E77/><V114/><F87/><W86/><G86/><T16/><D33/><U93/><E93/><V112/><F84/><W0/><G0/><T48/><REACH who="0" step="1"/><D85/><REACH who="0" ten="240,250,250,250" step="2"/><U12/><E34/><V75/><F75/><W122/><G122/><T31/><D31/><U1/><E28/><V107/><F128/><W45/><G41/><T24/><D24/><U109/><E135/><V11/><F123/><W115/><G115/><T35/><D35/><U4/><E134/><V90/><F121/><W70/><G70/><T108/><D108/><U91/><E109/><V49/><F111/><W50/><G26/><T10/><D10/><N who="1" m="4167" /><E132/><V42/><F11/><W53/><G22/><T79/><D79/><U6/><E105/><V76/><F107/><W3/><G3/><T119/><D119/><U55/><E104/><V38/><F76/><W23/><G23/><T63/><D63/><N who="3" m="24073" /><G18/><T131/><D131/><U58/><E6/><V68/><F68/><W83/><G83/><T71/><D71/><U7/><E7/><V9/><F9/><W124/><G124/><T129/><D129/><U29/><E1/><V57/><F112/><RYUUKYOKU ba="0,1" sc="240,10,250,10,250,-30,250,10" hai0="8,14,16,37,43,44,48,59,95,99,102,116,117" hai1="29,46,51,55,58,60,67,91,94,96" hai3="45,47,50,53,54,101,103" /><INIT seed="0,1,1,2,4,9" ten="250,260,220,260" oya="0" hai0="112,124,20,30,65,10,130,76,19,25,114,103,72" hai1="63,3,31,86,54,28,123,132,105,43,89,46,8" hai2="39,109,80,16,104,67,42,35,98,60,2,127,107" hai3="88,135,87,71,51,75,110,44,83,96,133,126,0"/><T118/><D118/><U68/><E105/><V56/><F35/><W52/><G0/><T90/><D103/><U55/><E123/><V61/><F2/><W50/><G71/><T129/><D65/><U47/><E132/><N who="3" m="50762" /><G110/><T45/><D45/><U13/><E3/><V120/><F120/><W94/><G126/><T119/><D119/><U128/><E128/><N who="0" m="49257" /><D90/><U100/><E100/><V33/><F33/><W77/><G51/><T1/><D124/><U36/><E68/><V41/><F39/><W131/><G131/><T64/><D64/><U53/><E63/><V18/><F127/><W84/><AGARI ba="1,1" hai="44,50,52,75,77,83,84,87,88,94,96" m="50762" machi="84" ten="30,4000,0" yaku="20,1,54,2" doraHai="9" who="3" fromWho="3" sc="250,-21,260,-11,220,-11,260,53" /><INIT seed="1,0,0,1,1,125" ten="229,249,209,313" oya="1" hai0="107,126,59,35,75,54,120,92,108,110,94,66,27" hai1="73,72,103,127,105,89,101,23,55,76,17,78,13" hai2="104,65,6,53,70,80,7,102,133,74,82,19,58" hai3="132,50,129,14,5,29,87,46,42,111,15,83,106"/><U48/><E127/><V24/><F70/><W56/><G111/><N who="0" m="42539" /><D126/><U40/><E40/><V113/><F65/><W130/><G106/><T12/><D75/><U26/><E73/><V57/><F57/><W32/><G132/><T116/><D116/><U123/><E123/><V61/><F104/><W64/><G29/><N who="0" m="19903" /><D107/><U41/><E41/><V69/><F102/><N who="1" m="38921" /><E72/><V51/><F74/><W118/><G32/><T81/><D120/><U31/><E89/><V25/><F69/><W115/><G115/><T99/><D66/><U49/><E105/><V85/><F133/><W95/><G95/><N who="0" m="36395" /><D12/><U11/><E49/><V52/><F113/><W37/><G118/><T121/><D121/><U20/><E11/><V86/><F82/><W114/><G114/><T79/><D99/><U88/><E88/><N who="2" m="51239" /><F86/><W47/><G37/><T109/><D109/><U38/><E38/><V22/><F25/><W16/><G5/><N who="2" m="1545" /><F53/><W1/><G1/><T91/><D91/><U112/><E112/><V0/><F0/><W100/><G100/><T10/><D10/><U97/><E97/><V45/><F45/><AGARI ba="0,0" hai="13,17,20,23,26,31,45,48,55,76,78" m="38921" machi="45" ten="30,1500,0" yaku="8,1" doraHai="125" who="1" fromWho="2" sc="229,0,249,15,209,-15,313,0" /><INIT seed="1,1,0,4,2,58" ten="229,264,194,313" oya="1" hai0="97,130,28,70,35,50,120,81,98,77,45,76,60" hai1="61,25,73,123,41,114,104,44,6,134,3,2,19" hai2="119,52,10,12,13,23,118,90,99,22,9,65,102" hai3="21,20,15,32,116,29,56,125,92,121,96,126,18"/><U100/><E123/><V49/><F65/><W24/><G121/><T78/><D120/><U131/><E114/><V42/><F42/><W91/><G116/><T75/><D130/><U103/><E131/><V57/><F90/><W63/><REACH who="3" step="1"/><G32/><REACH who="3" ten="229,264,194,303" step="2"/><T72/><D35/><U132/><E134/><V30/><F119/><W113/><G113/><T85/><D72/><U11/><E132/><V1/><F118/><W88/><G88/><T26/><D75/><U128/><E73/><V95/><F1/><W48/><G48/><T51/><D51/><U108/><E2/><V54/><F30/><W37/><G37/><T8/><D50/><U17/><E128/><V47/><F10/><W4/><G4/><T14/><D8/><U112/><E112/><V133/><F133/><W59/><G59/><T64/><D28/><U101/><E11/><V27/><F27/><W46/><G46/><T127/><D45/><U106/><E6/><N who="2" m="3127" /><F13/><W94/><G94/><T53/><D26/><U68/><E3/><V83/><F83/><W7/><G7/><T66/><D14/><U34/><E34/><V89/><F89/><W117/><G117/><T84/><D81/><U39/><E108/><V33/><F33/><W115/><G115/><T71/><D70/><U109/><E109/><V5/><F5/><W74/><G74/><T38/><D71/><U107/><E25/><V79/><F79/><W124/><G124/><T36/><D127/><U122/><E122/><V80/><F80/><W55/><AGARI ba="1,1" hai="15,18,20,21,24,29,55,56,63,91,92,96,125,126" machi="55" ten="30,8000,1" yaku="1,1,0,1,52,1,53,2" doraHai="58" doraHaiUra="135" who="3" fromWho="3" sc="229,-21,264,-41,194,-21,303,93" /><INIT seed="2,0,0,1,5,30" ten="208,223,173,396" oya="2" hai0="39,14,9,105,66,10,123,125,29,74,62,73,31" hai1="115,53,50,92,58,69,90,54,67,78,41,104,72" hai2="122,127,3,98,101,11,26,130,56,116,51,27,111" hai3="18,120,94,97,95,40,80,28,83,109,102,35,64"/><V107/><F116/><W76/><G120/><T124/><D39/><U2/><E104/><V25/><F122/><W16/><G109/><T60/><D123/><U47/><E2/><V42/><F130/><W52/><G40/><T126/><D105/><U45/><E115/><V49/><F127/><W103/><G64/><T19/><D9/><U36/><E78/><V68/><F68/><W48/><G80/><T12/><D12/><U20/><E72/><N who="0" m="27753" /><D62/><N who="1" m="40183" /><E20/><V46/><F111/><W118/><G118/><T1/><D1/><U63/><E90/><V55/><F3/><W8/><G8/><T44/><D44/><N who="1" m="23591" /><E92/><V43/><F11/><W135/><G94/><T24/><D24/><U70/><E70/><AGARI ba="0,0" hai="10,14,19,29,31,60,66,70,124,125,126" m="27753" machi="70" ten="40,1300,0" yaku="18,1" doraHai="30" who="0" fromWho="1" sc="208,13,223,-13,173,0,396,0" /><INIT seed="3,0,0,5,1,69" ten="221,210,173,396" oya="3" hai0="1,119,13,49,14,109,104,118,96,77,19,12,88" hai1="60,82,125,67,79,112,5,95,107,6,55,32,47" hai2="27,50,97,16,48,126,89,70,10,53,122,80,102" hai3="76,44,98,65,114,113,15,132,18,9,108,110,54"/><W85/><G132/><T22/><D1/><U58/><E107/><V35/><F70/><W86/><G65/><T51/><D109/><N who="3" m="42089" /><G98/><T34/><D34/><U117/><E32/><V3/><F50/><N who="3" m="28999" /><G76/><T73/><D77/><U105/><E105/><V127/><F122/><W39/><G39/><T7/><D96/><U57/><E125/><V99/><F99/><W115/><AGARI ba="0,0" hai="9,15,18,85,86,113,114,115" m="28999,42089" machi="115" ten="40,3900,0" yaku="14,1,10,1" doraHai="69" who="3" fromWho="3" sc="221,-13,210,-13,173,-13,396,39" /><INIT seed="3,1,0,1,0,66" ten="208,197,160,435" oya="3" hai0="96,78,99,100,60,114,111,119,51,80,36,126,7" hai1="16,89,39,53,76,105,69,72,32,35,27,31,57" hai2="20,42,12,73,50,29,6,133,124,92,62,135,95" hai3="79,0,65,93,58,131,112,30,11,38,103,21,9"/><W90/><G112/><T63/><D36/><U134/><E39/><V64/><F73/><W33/><G33/><T46/><D119/><U1/><E35/><V25/><F124/><W128/><G38/><T123/><D123/><U75/><E134/><N who="2" m="51211" /><F50/><W59/><G79/><T37/><D37/><U45/><E105/><V87/><F42/><W43/><G43/><T120/><D120/><U52/><E1/><V97/><F87/><W4/><G11/><T19/><D51/><U41/><E76/><V130/><F97/><N who="3" m="59823" /><G90/><T115/><D99/><U121/><E121/><V104/><F104/><W15/><G0/><T86/><D96/><U125/><E89/><V23/><F130/><N who="3" m="49707" /><G65/><T34/><D114/><U83/><E75/><V107/><F107/><W82/><G82/><T5/><D80/><U101/><E83/><V109/><F95/><W106/><G106/><T47/><D115/><U74/><E72/><V22/><F92/><W85/><G85/><T8/><D86/><U129/><E74/><V102/><F102/><W44/><G44/><T132/><D100/><U56/><E101/><V61/><F64/><W81/><G81/><T98/><D78/><U88/><E45/><V116/><F116/><W28/><G58/><T108/><D47/><U118/><E41/><V77/><F77/><W117/><G117/><T2/><D46/><U24/><E118/><V18/><F6/><W48/><G48/><T71/><D7/><U67/><E67/><V40/><F40/><W94/><G94/><T70/><D132/><U54/><E129/><V113/><F113/><W26/><G59/><RYUUKYOKU ba="1,0" sc="208,-10,197,-10,160,-10,435,30" hai3="4,9,15,21,26,28,30" /><INIT seed="3,2,0,3,0,122" ten="198,187,150,465" oya="3" hai0="68,97,33,72,75,34,90,23,119,44,20,21,38" hai1="27,77,98,1,95,65,42,64,120,110,35,74,78" hai2="19,14,53,101,114,18,31,129,7,60,70,134,8" hai3="118,24,29,47,83,100,112,36,99,54,51,66,2"/><W124/><G118/><T3/><D119/><U12/><E1/><V113/><F101/><W6/><G112/><T55/><D3/><U94/><E35/><V81/><F81/><W92/><G124/><T87/><D68/><U59/><E74/><V106/><F106/><W61/><G83/><T71/><D71/><U121/><E42/><V11/><F31/><W16/><G36/><T69/><D69/><U93/><E27/><V57/><F70/><W131/><G131/><T22/><D97/><U111/><E12/><V82/><F134/><W46/><G6/><T128/><D128/><U132/><E98/><V107/><F107/><W117/><G2/><T10/><D10/><U96/><E96/><V48/><F129/><W13/><G117/><T133/><D133/><U84/><E84/><V26/><F82/><W76/><G76/><N who="1" m="29290" /><E59/><V50/><F114/><W43/><G24/><T80/><D38/><U103/><E103/><V86/><F86/><W28/><G43/><T85/><D23/><U115/><E115/><V108/><F108/><N who="1" m="41513" /><E132/><V41/><F113/><W109/><G109/><T62/><D87/><U9/><E9/><V56/><F26/><W49/><G13/><T126/><D75/><U32/><E32/><N who="0" m="12393" /><D72/><U123/><AGARI ba="2,0" hai="64,65,93,94,95,120,121,123" m="41513,29290" machi="123" ten="40,12000,2" yaku="28,2,14,1,52,3" doraHai="122" who="1" fromWho="1" sc="198,-32,187,126,150,-32,465,-62" /><INIT seed="4,0,0,2,2,21" ten="166,313,118,403" oya="0" hai0="16,86,133,42,28,17,118,35,1,12,72,75,34" hai1="74,49,73,90,4,101,81,125,100,23,103,22,25" hai2="121,55,40,68,47,85,66,120,13,108,58,98,53" hai3="38,46,102,132,94,104,70,89,64,111,15,20,96"/><T44/><D118/><U18/><E125/><V106/><F85/><W80/><G111/><T124/><D1/><U6/><E74/><V39/><F13/><W82/><G132/><T65/><D65/><U43/><E73/><V9/><F9/><W95/><G104/><T113/><D113/><U7/><E23/><V71/><F98/><W48/><G38/><T33/><D133/><U77/><E77/><V56/><F106/><W57/><G70/><N who="2" m="26665" /><F108/><W91/><G102/><T37/><D124/><U32/><E32/><V110/><F110/><W2/><G2/><T128/><D128/><U99/><E81/><V123/><F66/><W62/><G20/><T61/><D28/><U27/><E90/><V135/><F135/><W129/><G15/><T11/><D61/><U30/><E30/><V97/><F97/><N who="3" m="57551" /><G129/><T93/><REACH who="0" step="1"/><D17/><REACH who="0" ten="156,313,118,403" step="2"/><U92/><E18/><V79/><F79/><W60/><G60/><T69/><D69/><U59/><E4/><V19/><F19/><W116/><G116/><T84/><D84/><U36/><E6/><V51/><F123/><W41/><AGARI ba="0,1" hai="41,46,48,57,62,64,80,82,91,95,96" m="57551" machi="41" ten="30,1100,0" yaku="8,1" doraHai="21" who="3" fromWho="3" sc="156,-5,313,-3,118,-3,403,21" /><INIT seed="5,0,0,2,2,125" ten="151,310,115,424" oya="1" hai0="130,44,111,10,83,50,77,104,82,2,20,53,40" hai1="103,33,115,101,52,41,47,92,35,51,134,122,1" hai2="74,4,108,67,68,25,46,12,87,95,30,29,45" hai3="66,15,133,97,16,8,6,5,129,58,88,71,49"/><U80/><E1/><V13/><F74/><W89/><G129/><T70/><D104/><U36/><E122/><V123/><F108/><W0/><G133/><T85/><D111/><U118/><E118/><V64/><F68/><W24/><G71/><T112/><D112/><U90/><E115/><V132/><F132/><W106/><G106/><T117/><D117/><U99/><E134/><V55/><F123/><W110/><G110/><T116/><D116/><U73/><E101/><V135/><F135/><W86/><G24/><T7/><D70/><U61/><E61/><V79/><F4/><N who="3" m="1643" /><G97/><T39/><D20/><U93/><E80/><V105/><F105/><W84/><G0/><T94/><D130/><U31/><E73/><V75/><F75/><W109/><G109/><T56/><D83/><U120/><E31/><V124/><F124/><W26/><G26/><T42/><D42/><U72/><E72/><V126/><F126/><W78/><G66/><T37/><REACH who="0" step="1"/><D94/><REACH who="0" ten="141,310,115,424" step="2"/><U102/><E120/><V18/><F95/><W43/><G43/><T3/><D3/><U60/><E33/><V62/><F79/><W54/><G78/><T91/><D91/><AGARI ba="0,1" hai="8,15,16,49,54,58,84,86,88,89,91" m="1643" machi="91" ten="30,3900,0" yaku="8,1,54,2" doraHai="125" who="3" fromWho="0" sc="141,-39,310,0,115,0,424,49" /><INIT seed="6,0,0,2,3,9" ten="102,310,115,473" oya="2" hai0="91,42,50,96,135,67,95,7,68,3,89,86,53" hai1="90,84,127,103,114,94,108,122,15,36,10,70,18" hai2="100,45,43,17,14,65,49,119,60,35,30,25,109" hai3="6,63,26,98,120,82,64,129,27,58,66,125,48"/><V93/><F119/><W121/><G125/><T24/><D135/><U52/><E36/><V130/><F130/><W31/><G129/><T107/><D42/><U102/><E70/><V77/><F77/><W124/><G124/><T33/><D3/><U83/><E122/><V111/><F93/><W41/><G66/><T13/><D68/><U105/><E105/><V132/><F100/><W56/><G26/><T54/><D67/><U34/><E34/><V51/><F51/><W21/><G6/><T72/><D72/><U118/><E118/><V28/><F28/><W5/><G5/><T44/><D107/><U39/><E39/><V85/><F85/><W2/><G2/><T57/><D33/><U38/><E38/><V61/><F132/><W37/><G37/><T29/><D24/><U123/><E123/><V133/><F133/><W69/><G82/><N who="0" m="49367" /><D29/><U97/><E127/><V81/><F81/><W115/><G115/><T131/><D131/><U1/><E114/><V88/><F88/><W4/><G4/><T40/><D57/><U20/><E103/><V0/><F0/><W46/><G69/><T79/><D79/><U80/><E1/><V11/><REACH who="2" step="1"/><F65/><REACH who="2" ten="102,310,105,473" step="2"/><W76/><G76/><T112/><D112/><U22/><E83/><V23/><F23/><W55/><G98/><T19/><D91/><U87/><E87/><V104/><F104/><W32/><G21/><N who="0" m="11503" /><D95/><U59/><E108/><AGARI ba="0,1" hai="11,14,17,25,30,35,43,45,49,60,61,108,109,111" machi="108" ten="40,7700,0" yaku="1,1,10,1,52,1,53,0" doraHai="9" doraHaiUra="62" who="2" fromWho="1" sc="102,0,310,-77,105,87,473,0" /><INIT seed="6,1,0,2,0,42" ten="102,233,192,473" oya="2" hai0="26,60,14,13,134,79,73,95,110,39,27,43,49" hai1="25,112,105,99,86,20,67,57,93,78,23,119,22" hai2="131,108,35,96,28,106,72,56,100,82,10,34,114" hai3="98,103,71,88,4,70,97,76,85,120,66,92,75"/><V15/><F28/><W111/><G111/><T87/><D110/><U38/><E38/><V1/><F1/><W41/><G120/><T125/><D39/><U62/><E105/><V18/><F108/><W83/><G4/><T50/><D73/><U117/><E112/><V64/><F131/><W122/><G122/><T48/><D134/><U36/><E36/><V54/><F64/><W109/><G109/><T113/><D113/><U52/><E117/><V80/><F114/><W77/><G41/><T53/><D125/><U21/><E119/><V44/><F44/><W102/><G66/><T81/><D43/><U0/><E0/><V84/><F72/><W65/><G65/><T132/><D132/><U130/><E130/><V31/><F31/><W68/><G77/><T32/><D32/><U74/><E74/><V127/><F82/><W9/><G9/><T33/><D33/><U12/><E12/><V55/><F55/><W126/><G126/><T11/><D95/><U89/><E67/><V5/><F5/><W19/><G19/><T29/><D29/><U90/><E78/><V94/><F106/><N who="3" m="63823" /><G71/><T40/><D40/><U63/><E63/><V133/><F133/><W8/><G8/><T30/><D30/><N who="1" m="17703" /><E21/><V101/><F101/><W3/><G3/><T58/><REACH who="0" step="1"/><D14/><REACH who="0" ten="92,233,192,473" step="2"/><U46/><E93/><AGARI ba="1,1" hai="68,70,75,76,83,85,88,92,93,98,103" m="63823" machi="93" ten="30,2000,0" yaku="24,1,54,1" doraHai="42" who="3" fromWho="1" sc="92,0,233,-23,192,0,473,33" /><INIT seed="7,0,0,3,3,9" ten="92,210,192,506" oya="3" hai0="91,25,20,32,102,8,22,45,81,71,15,110,90" hai1="50,107,34,11,87,33,7,21,134,10,70,113,35" hai2="84,73,57,42,131,78,39,38,36,89,44,12,56" hai3="28,23,75,29,30,83,37,58,64,52,108,80,26"/><W100/><G108/><T124/><D110/><U1/><E70/><V76/><F73/><W4/><G37/><T13/><D71/><U111/><E107/><V126/><F126/><W119/><G119/><T92/><D124/><U53/><E111/><V93/><F131/><W6/><G100/><T116/><D116/><U97/><E97/><V79/><REACH who="2" step="1"/><F12/><REACH who="2" ten="92,210,182,506" step="2"/><N who="0" m="4682" /><D32/><U130/><E130/><V133/><F133/><W117/><G117/><T5/><D45/><U0/><E134/><V3/><F3/><W74/><G74/><T47/><D47/><U77/><E33/><V132/><F132/><W96/><G75/><T128/><D128/><U16/><E34/><V61/><F61/><W24/><G6/><T85/><D102/><U114/><E35/><V104/><F104/><W82/><G4/><T88/><D25/><U66/><E7/><V62/><F62/><W125/><G125/><T67/><D67/><U120/><E66/><V112/><F112/><W55/><G64/><T19/><D5/><U27/><E0/><V98/><F98/><W31/><G26/><N who="0" m="14623" /><D8/><U18/><E11/><V48/><AGARI ba="0,1" hai="36,38,39,42,44,48,56,57,76,78,79,84,89,93" machi="48" ten="40,5200,0" yaku="1,1,0,1,53,1" doraHai="9" doraHaiUra="41" who="2" fromWho="2" sc="92,-13,210,-13,182,62,506,-26" owari="79,-42.0,197,-20.0,244,4.0,480,58.0" /></mjloggm>