<mjloggm ver="2.3"><GO type="97" lobby="0"/><UN n0="%E5%B0%B1%E6%B4%BB%E7%94%9F%40%E5%B7%9D%E6%9D%91%E8%BB%8D%E5%9B%A3" n1="%E5%A7%89%E5%B8%AF%E8%B1%8A%E9%9F%B3%40%E5%85%AD%E6%9B%9C" n2="%67%75%70%70%79%39%38" n3="%E8%B5%A4%E9%98%AA%E9%83%81%E4%B9%83" dan="14,15,15,15" rate="1956.15,1965.26,2039.77,1968.46" sx="M,F,M,F"/><TAIKYOKU oya="0"/><INIT seed="0,0,0,3,4,6" ten="250,250,250,250" oya="0" hai0="54,34,105,79,66,61,89,9,115,108,118,40,101" hai1="134,33,44,91,78,28,24,95,16,122,20,135,94" hai2="3,50,68,17,8,7,90,120,15,111,104,55,53" hai3="60,121,39,69,26,126,21,83,85,123,1,125,42"/><T22/><D118/><U38/><E122/><N who="3" m="46602" /><G1/><T41/><D34/><U131/><E78/><V71/><F120/><W92/><G92/><T73/><D115/><U46/><E131/><V107/><F111/><W56/><G69/><T45/><D108/><U37/><E94/><V48/><F90/><N who="3" m="51519" /><G42/><T62/><D89/><U114/><E114/><V127/><F127/><W87/><G87/><T70/><D79/><U19/><E19/><V75/><F75/><W80/><G80/><T103/><D73/><U57/><E16/><V25/><F25/><W30/><G39/><T47/><D22/><U64/><E20/><V63/><F71/><W99/><G99/><T93/><D93/><U117/><E117/><V27/><F27/><W67/><AGARI ba="0,0" hai="21,26,30,56,60,67,125,126" m="51519,46602" machi="67" ten="30,1100,0" yaku="13,1" doraHai="6" who="3" fromWho="3" sc="250,-5,250,-3,250,-3,250,11" /><INIT seed="1,0,0,2,0,52" ten="245,247,247,261" oya="1" hai0="10,11,72,104,81,80,33,30,0,115,74,35,63" hai1="76,19,79,89,90,135,118,126,105,1,34,51,109" hai2="98,54,102,117,2,41,45,14,116,93,22,119,16" hai3="50,23,31,60,46,85,62,87,92,8,36,27,47"/><U39/><E118/><V17/><F2/><W110/><G110/><T25/><D104/><U61/><E39/><V134/><F134/><W103/><G103/><T123/><D123/><U130/><E105/><V124/><F124/><W82/><G36/><T5/><D115/><U20/><E34/><V49/><REACH who="2" step="1"/><F17/><REACH who="2" ten="245,247,237,261" step="2"/><W84/><G31/><T91/><D72/><U6/><E19/><V15/><F15/><W65/><G27/><T107/><D74/><U42/><E1/><V9/><F9/><W70/><G8/><T77/><D11/><U18/><E18/><V86/><F86/><W44/><G82/><T13/><D81/><U40/><E126/><V43/><AGARI ba="0,1" hai="14,16,22,41,43,45,49,54,93,98,102,116,117,119" machi="43" ten="40,5200,0" yaku="1,1,0,1,54,1,53,0" doraHai="52" doraHaiUra="128" who="2" fromWho="2" sc="245,-13,247,-26,237,62,261,-13" /><INIT seed="2,0,0,0,5,11" ten="232,221,299,248" oya="2" hai0="8,113,92,2,7,5,32,91,72,29,101,1,129" hai1="85,103,45,25,18,111,97,126,22,108,100,71,69" hai2="64,48,134,104,30,68,46,66,53,15,17,20,55" hai3="128,93,80,116,67,3,114,36,84,81,117,21,130"/><V31/><F134/><W62/><G36/><T12/><D72/><U112/><E112/><V60/><F104/><W56/><G3/><T131/><D113/><U105/><E103/><V0/><F0/><N who="0" m="106" /><D101/><U19/><E85/><V78/><F78/><W74/><G114/><T94/><D91/><U107/><E105/><V75/><F75/><W16/><G74/><T35/><D94/><U124/><E45/><V82/><F82/><N who="3" m="31851" /><G84/><T26/><D92/><U34/><E19/><V120/><F120/><W61/><G61/><T49/><D49/><U118/><E118/><V50/><REACH who="2" step="1"/><F66/><REACH who="2" ten="232,221,289,248" step="2"/><W51/><G117/><T9/><D35/><U39/><E34/><V109/><F109/><N who="1" m="42057" /><E39/><V135/><F135/><W90/><G116/><T87/><D87/><U27/><E107/><V79/><F79/><W23/><G130/><N who="0" m="49675" /><D9/><U54/><E97/><V102/><F102/><W86/><G128/><T42/><D42/><U98/><E100/><V37/><F37/><W125/><G125/><N who="1" m="48234" /><E98/><V119/><F119/><W123/><G123/><T65/><D65/><U14/><E54/><V133/><F133/><W121/><G121/><T132/><D132/><U83/><E83/><V127/><F127/><W59/><G67/><T110/><D110/><U10/><E10/><V43/><F43/><W99/><G99/><T44/><D44/><AGARI ba="0,1" hai="15,17,20,30,31,44,46,48,50,53,55,60,64,68" machi="44" ten="30,11600,0" yaku="1,1,7,1,9,1,52,1,53,0" doraHai="11" doraHaiUra="89" who="2" fromWho="0" sc="232,-116,221,0,289,126,248,0" /><INIT seed="2,1,0,5,3,61" ten="116,221,415,248" oya="2" hai0="102,43,89,68,12,81,26,22,103,105,16,55,18" hai1="88,9,46,110,82,41,106,73,17,39,92,33,60" hai2="94,78,99,90,58,28,101,40,98,85,133,86,135" hai3="108,117,13,76,95,35,51,84,129,63,4,10,1"/><V6/><F40/><W112/><G117/><T74/><D68/><U29/><E106/><V126/><F6/><W27/><G112/><T2/><D2/><U7/><E17/><V97/><F28/><W87/><G1/><T36/><D105/><U69/><E88/><N who="2" m="53519" /><F58/><W44/><G63/><T15/><D36/><U38/><E92/><N who="2" m="54359" /><F78/><W52/><G129/><T119/><D43/><U56/><E38/><V42/><F42/><W19/><G108/><T25/><D119/><U96/><E69/><V109/><F126/><W113/><G113/><T66/><D66/><U62/><E29/><V107/><F109/><W50/><G76/><T121/><D121/><U83/><E41/><V32/><F32/><W104/><G104/><T21/><D55/><U123/><E56/><V37/><F37/><W65/><G4/><T118/><D118/><U128/><E7/><V71/><F71/><W57/><G35/><T64/><D64/><U122/><E33/><V91/><F91/><N who="3" m="53735" /><G27/><T31/><D74/><U48/><E73/><V115/><F115/><W0/><G0/><T54/><D54/><U49/><E39/><V53/><F53/><N who="3" m="29895" /><G87/><N who="0" m="50415" /><D31/><U132/><E110/><V93/><F107/><W47/><G65/><T125/><D125/><U114/><E62/><V80/><F80/><W30/><G30/><T23/><D23/><U45/><E83/><V11/><F11/><W127/><G127/><T3/><D3/><U24/><E82/><V59/><F59/><AGARI ba="1,0" hai="10,13,19,47,51,52,57,59" m="29895,53735" machi="59" ten="30,2000,0" yaku="8,1,54,1" doraHai="61" who="3" fromWho="2" sc="116,0,221,0,415,-23,248,23" /><INIT seed="3,0,0,2,5,118" ten="116,221,392,271" oya="3" hai0="64,13,66,78,62,33,123,3,25,71,48,97,107" hai1="4,0,103,56,133,127,86,101,54,121,128,95,28" hai2="119,20,45,12,31,126,74,96,100,63,21,98,55" hai3="73,47,9,102,52,83,94,5,40,129,51,93,81"/><W77/><G129/><T113/><D13/><U43/><E133/><V90/><F74/><W16/><G102/><T29/><D66/><U59/><E127/><V2/><F2/><W87/><G40/><T10/><D48/><U36/><E59/><N who="2" m="35327" /><F119/><W49/><G49/><T39/><D113/><U50/><E28/><V32/><F32/><W44/><G44/><T120/><D78/><U58/><E56/><V124/><F45/><W84/><G73/><T132/><D132/><U6/><E0/><V116/><F116/><W70/><G70/><T60/><D60/><U22/><E101/><V14/><F90/><N who="3" m="51471" /><G5/><T7/><D39/><U61/><E103/><AGARI ba="0,0" hai="3,7,10,25,29,33,62,64,71,97,103,107,120,123" machi="103" ten="40,12000,2" yaku="25,2,23,2,52,2" doraHai="118" who="0" fromWho="1" sc="116,120,221,-120,392,0,271,0" owari="236,-16.0,101,-40.0,392,49.0,271,7.0" /></mjloggm>