<mjloggm ver="2.3"><GO type="169" lobby="0"/><UN n0="%E3%81%86%E3%81%A9%E3%82%93%E5%B1%8B" n1="%E3%81%93%E3%81%AE%E3%81%8D%E3%83%BC" n2="%E9%81%8A%E8%B5%B0" n3="%E3%82%A6%E3%83%AB%E3%83%88%E3%83%A9%E7%AB%8B%E7%9B%B4" dan="16,17,17,16" rate="2025.47,2092.60,2198.49,2098.80" sx="M,M,F,M"/><TAIKYOKU oya="0"/><INIT seed="0,0,0,0,5,81" ten="250,250,250,250" oya="0" hai0="10,107,78,83,60,126,128,15,99,88,59,71,20" hai1="1,38,108,72,32,3,70,77,31,79,0,101,76" hai2="104,97,12,124,100,4,116,103,106,34,80,52,122" hai3="50,86,6,19,73,8,18,61,98,7,36,121,37"/><T133/><D133/><U5/><E72/><V94/><F122/><W130/><G73/><T63/><D128/><U118/><E70/><V117/><F34/><W33/><G33/><T26/><D126/><U114/><E38/><V105/><F4/><W28/><G28/><T127/><D127/><U134/><E134/><V16/><F124/><W24/><G98/><T64/><D107/><U67/><E108/><V9/><F100/><W68/><G68/><T66/><D99/><U29/><E67/><V84/><REACH who="2" step="1"/><F52/><REACH who="2" ten="250,250,240,250" step="2"/><W44/><G7/><T69/><D64/><U120/><E5/><V93/><F93/><W58/><G6/><T131/><D63/><U91/><E101/><V40/><F40/><W74/><G121/><T2/><D131/><U42/><E42/><V85/><F85/><W75/><G86/><T56/><D2/><U23/><E32/><V132/><F132/><W17/><G75/><T87/><D66/><U115/><E120/><V45/><F45/><W53/><G74/><T30/><D60/><U90/><E1/><V95/><F95/><W22/><G130/><T51/><D87/><U65/><E65/><V39/><F39/><W35/><G35/><T49/><D83/><U62/><E62/><V112/><F112/><W11/><G37/><T41/><D41/><U13/><E3/><V21/><F21/><W135/><G36/><T119/><D71/><U27/><E0/><V110/><F110/><W123/><G123/><T125/><D69/><U129/><E129/><V25/><F25/><W96/><G135/><T89/><D125/><U57/><E114/><RYUUKYOKU ba="0,1" sc="250,-10,250,-10,240,30,250,-10" hai2="9,12,16,80,84,94,97,103,104,105,106,116,117" /><INIT seed="1,1,1,3,1,5" ten="240,240,270,240" oya="1" hai0="63,6,133,23,121,52,24,82,65,20,17,108,91" hai1="2,43,126,26,40,53,41,103,118,102,0,107,130" hai2="49,55,46,86,84,116,39,48,109,35,50,129,19" hai3="93,113,21,74,62,131,44,128,3,115,132,101,18"/><U71/><E118/><V98/><F116/><W79/><G132/><T15/><D133/><U104/><E71/><V72/><F72/><W70/><G44/><T77/><D108/><U122/><E122/><V80/><F109/><W32/><G32/><T124/><D121/><U38/><E26/><V73/><F73/><W10/><G79/><T99/><D124/><U13/><E13/><V111/><F111/><W58/><G74/><T16/><D6/><U76/><E76/><V8/><F35/><W51/><G51/><N who="2" m="19529" /><F39/><W59/><G70/><T11/><D23/><U27/><E27/><V75/><F75/><W56/><G62/><T127/><D77/><U88/><E126/><V36/><F36/><W29/><G115/><T69/><D127/><U92/><E38/><V64/><F129/><W96/><G113/><T112/><D112/><U12/><E12/><N who="2" m="7559" /><F80/><W89/><G131/><T125/><D125/><U57/><E130/><V66/><F98/><W95/><G128/><T47/><D47/><U45/><E45/><V94/><F94/><W110/><G110/><T33/><D33/><U117/><E117/><V119/><F119/><W25/><G3/><T83/><D83/><U97/><E2/><V61/><F61/><W123/><G123/><T54/><REACH who="0" step="1"/><D99/><REACH who="0" ten="230,240,270,240" step="2"/><U68/><E97/><V134/><F134/><W106/><G96/><T90/><D90/><U81/><E88/><V1/><F1/><W114/><G89/><T4/><D4/><U31/><E0/><V34/><F34/><W22/><G114/><T42/><D42/><U7/><E81/><V105/><F105/><RYUUKYOKU ba="1,2" sc="230,15,240,-15,270,15,240,-15" hai0="11,15,16,17,20,24,52,54,63,65,69,82,91" hai2="46,50,55,64,66,84,86" /><INIT seed="2,2,2,4,1,22" ten="245,225,285,225" oya="2" hai0="12,118,110,117,51,109,60,100,106,111,47,71,10" hai1="9,52,31,116,57,85,63,0,68,102,50,34,125" hai2="29,103,23,97,43,79,13,95,94,44,18,86,131" hai3="25,46,78,20,114,15,108,112,84,90,6,55,30"/><V122/><F122/><W32/><G78/><T115/><D115/><N who="3" m="44073" /><G108/><T24/><D100/><U48/><E116/><N who="0" m="44649" /><D106/><U105/><E125/><V41/><F131/><W98/><G98/><T126/><D126/><U39/><E39/><V92/><F29/><W104/><G104/><T27/><D60/><U87/><E31/><V127/><F127/><W121/><G121/><T8/><D71/><U88/><E34/><V91/><F79/><W82/><G6/><N who="0" m="3095" /><D10/><U73/><E73/><V133/><F133/><W11/><G11/><T119/><D119/><U81/><E68/><V74/><F74/><W36/><G15/><T89/><D89/><U75/><E75/><V64/><F64/><W93/><G20/><T59/><D59/><U37/><E9/><V49/><REACH who="2" step="1"/><F41/><AGARI ba="2,2" hai="24,27,41,47,51,109,110,111" m="3095,44649" machi="41" ten="40,8000,1" yaku="14,1,12,1,52,2" doraHai="22" who="0" fromWho="2" sc="245,106,225,0,285,-86,225,0" /><INIT seed="3,0,0,4,5,85" ten="351,225,199,225" oya="3" hai0="6,5,35,89,33,114,14,2,94,51,121,110,91" hai1="69,31,104,40,64,47,63,60,37,3,95,81,43" hai2="80,32,22,58,77,128,36,62,26,16,11,1,72" hai3="57,132,108,124,125,70,82,29,126,53,109,129,23"/><W123/><G70/><T41/><D121/><U79/><E104/><V78/><F78/><W48/><G123/><T55/><D41/><U50/><E3/><V135/><F128/><W92/><G129/><T100/><D2/><U107/><E107/><V111/><F135/><W122/><G122/><T90/><D110/><N who="3" m="42601" /><G132/><T17/><D114/><U39/><E43/><V30/><F111/><W28/><G82/><T88/><D100/><U65/><E31/><V76/><F76/><W97/><G23/><N who="0" m="11703" /><D33/><U18/><E18/><V96/><F36/><W19/><G19/><T112/><D35/><U7/><E95/><V4/><F96/><W116/><G116/><T67/><D67/><U133/><E7/><V74/><F74/><W127/><G127/><T106/><D106/><U21/><E21/><V49/><F49/><W119/><G119/><T130/><D112/><U54/><E133/><V8/><F8/><W52/><G53/><T113/><D130/><U75/><REACH who="1" step="1"/><E54/><REACH who="1" ten="351,215,199,225" step="2"/><V45/><F32/><W61/><G61/><T120/><D113/><U117/><E117/><V84/><F30/><W25/><G25/><T73/><D120/><U15/><E15/><V105/><F105/><W93/><G93/><T71/><D5/><U131/><E131/><V101/><F1/><W20/><G20/><T103/><D6/><U83/><E83/><N who="2" m="47215" /><F4/><W38/><G38/><T56/><D51/><U42/><E42/><V98/><F22/><W59/><G59/><AGARI ba="0,1" hai="37,39,40,47,50,59,60,63,64,65,69,75,79,81" machi="59" ten="30,2000,0" yaku="1,1,7,1,53,0" doraHai="85" doraHaiUra="9" who="1" fromWho="3" sc="351,0,215,30,199,0,225,-20" /><INIT seed="4,0,0,4,3,95" ten="351,245,199,205" oya="0" hai0="96,1,83,56,46,37,0,14,122,97,84,129,93" hai1="76,103,124,111,45,118,28,72,121,114,59,80,40" hai2="127,128,33,77,100,54,48,105,86,135,104,107,108" hai3="5,51,68,15,44,66,70,133,26,32,2,8,58"/><T82/><D122/><U22/><E121/><V11/><F108/><W65/><G65/><T43/><D129/><U20/><E118/><V27/><F128/><W17/><G133/><T53/><D14/><U106/><E111/><V6/><F135/><W25/><G25/><T16/><D16/><U36/><E28/><V117/><F117/><W116/><G116/><T132/><D132/><U91/><E124/><V73/><F73/><W90/><G58/><T10/><D83/><U29/><E29/><V130/><F127/><W131/><G90/><T63/><D10/><U39/><E39/><V81/><F130/><W52/><G66/><T60/><D60/><U99/><E114/><V62/><F62/><W75/><G75/><T89/><REACH who="0" step="1"/><D97/><REACH who="0" ten="341,245,199,205" step="2"/><U71/><E99/><V9/><F6/><W57/><G131/><T74/><D74/><U67/><E80/><V110/><F110/><W38/><G5/><T109/><D109/><U49/><E67/><V30/><REACH who="2" step="1"/><F100/><AGARI ba="0,1" hai="0,1,37,43,46,53,56,63,82,84,89,93,96,100" machi="100" ten="30,5800,0" yaku="1,1,7,1,52,1,53,0" doraHai="95" doraHaiUra="21" who="0" fromWho="2" sc="341,68,245,0,199,-58,205,0" /><INIT seed="4,1,0,2,4,103" ten="409,245,141,205" oya="0" hai0="11,6,77,81,75,9,55,69,34,31,58,70,41" hai1="71,50,128,121,67,108,51,1,79,7,89,60,33" hai2="0,13,36,124,62,94,101,65,74,14,80,93,132" hai3="125,28,82,22,10,109,117,83,90,18,48,113,38"/><T122/><D11/><U61/><E33/><V47/><F132/><W114/><G38/><T56/><D58/><U97/><E121/><V23/><F0/><W25/><G109/><T110/><D122/><U49/><E79/><V40/><F124/><W131/><G117/><T86/><D86/><U37/><E37/><V26/><F14/><N who="3" m="7511" /><G125/><T118/><D41/><U24/><E108/><V63/><F13/><W111/><G111/><T99/><D118/><U115/><E24/><V126/><F126/><W98/><G131/><T102/><D31/><U5/><E1/><V134/><F134/><W78/><G78/><T15/><D34/><U4/><E61/><V17/><F101/><W120/><G120/><T32/><D32/><U42/><E115/><N who="3" m="44042" /><G48/><T12/><D110/><U84/><E128/><V44/><F63/><W119/><G119/><T116/><D116/><U130/><E130/><V29/><F29/><W45/><G45/><T68/><D102/><U2/><E2/><V39/><F74/><W16/><G28/><T105/><D77/><U43/><REACH who="1" step="1"/><E97/><REACH who="1" ten="409,235,141,205" step="2"/><V76/><F39/><W104/><G25/><T54/><D99/><U87/><E87/><V57/><REACH who="2" step="1"/><F44/><REACH who="2" ten="409,235,131,205" step="2"/><W133/><G133/><T46/><D46/><U30/><E30/><V123/><F123/><W127/><G127/><T107/><D75/><U112/><E112/><V35/><F35/><W27/><G27/><T64/><D12/><U106/><E106/><V88/><F88/><W91/><G91/><T100/><D107/><U95/><AGARI ba="1,2" hai="4,5,7,42,43,49,50,51,60,67,71,84,89,95" machi="95" ten="30,2000,0" yaku="1,1,0,1,53,0" doraHai="103" doraHaiUra="92" who="1" fromWho="1" sc="409,-11,235,43,131,-6,205,-6" /><INIT seed="5,0,0,1,5,111" ten="398,278,125,199" oya="1" hai0="105,85,69,9,125,32,90,58,15,53,108,33,92" hai1="91,14,83,93,129,128,39,22,110,126,76,77,99" hai2="133,31,26,98,38,74,70,24,43,37,16,132,114" hai3="135,55,27,6,0,106,56,101,88,96,103,28,23"/><U89/><E39/><V41/><F70/><W102/><G135/><N who="2" m="51785" /><F74/><W81/><G6/><T78/><D105/><U52/><E110/><V84/><F98/><W29/><G0/><T113/><D69/><U122/><E122/><V11/><F84/><N who="3" m="50191" /><G106/><T59/><D125/><U47/><E126/><V1/><F114/><W21/><G96/><T79/><D108/><U42/><E42/><N who="2" m="15883" /><F31/><N who="3" m="11851" /><G27/><N who="2" m="10281" /><F1/><W86/><G86/><T65/><D113/><U19/><E89/><V4/><F4/><W80/><G80/><T104/><D104/><U127/><E127/><V46/><F46/><W10/><G10/><T130/><D85/><U13/><E83/><V107/><F107/><W48/><AGARI ba="0,0" hai="21,23,48,55,56,101,102,103" m="11851,50191" machi="48" ten="30,2000,0" yaku="8,1,54,1" doraHai="111" who="3" fromWho="3" sc="398,-5,278,-10,125,-5,199,20" /><INIT seed="6,0,0,3,3,70" ten="393,268,120,219" oya="2" hai0="60,3,53,1,119,125,101,58,83,74,62,132,81" hai1="96,9,102,97,35,27,93,87,5,21,12,37,8" hai2="116,47,48,45,133,54,14,86,52,19,39,127,89" hai3="117,32,72,57,13,28,31,64,134,61,113,66,22"/><V100/><F116/><W59/><G72/><T34/><D34/><U68/><E68/><V18/><F133/><W0/><G0/><T43/><D43/><U26/><E37/><V24/><F127/><W114/><G32/><T126/><D101/><U88/><E35/><V95/><F24/><W17/><G134/><T98/><D98/><N who="1" m="37995" /><E102/><V109/><F100/><W10/><G10/><N who="1" m="4202" /><E5/><V41/><F109/><W4/><G4/><T49/><D119/><U110/><E110/><V122/><F122/><W56/><G117/><T106/><D106/><U104/><E104/><V40/><REACH who="2" step="1"/><F19/><AGARI ba="0,0" hai="12,19,21,26,27,87,88,93" m="4202,37995" machi="19" ten="30,2000,0" yaku="8,1,54,1" doraHai="70" who="1" fromWho="2" sc="393,0,268,20,120,-20,219,0" /><INIT seed="7,0,0,1,0,113" ten="393,288,100,219" oya="3" hai0="32,83,33,91,17,120,92,0,39,43,123,2,100" hai1="25,11,85,58,127,70,75,78,56,107,67,28,23" hai2="84,112,59,34,6,103,60,18,128,134,105,64,9" hai3="135,98,96,27,109,41,110,88,126,69,82,125,12"/><W119/><G69/><T129/><D100/><U54/><E107/><V81/><F34/><W13/><G41/><T101/><D101/><U49/><E75/><V108/><F112/><W124/><G27/><T31/><D83/><N who="1" m="47351" /><E70/><V133/><F128/><W131/><G131/><T35/><D91/><U15/><E127/><V14/><F108/><N who="3" m="41579" /><G119/><T104/><D17/><N who="1" m="8447" /><E67/><V5/><F134/><W20/><G135/><T24/><D43/><U111/><E111/><V26/><F133/><W76/><G76/><T7/><D24/><U40/><E40/><V65/><F105/><W62/><G62/><T121/><D104/><U50/><E50/><V116/><F116/><W38/><G38/><T93/><D39/><U87/><E87/><V86/><F103/><W52/><G52/><T73/><D129/><U16/><E28/><V30/><F65/><W55/><G55/><T80/><D31/><U61/><E61/><V122/><F122/><W117/><G117/><T10/><D120/><U1/><E1/><V51/><F51/><W47/><G47/><AGARI ba="0,0" hai="16,23,25,47,49,54,56,58" m="8447,47351" machi="47" ten="30,2000,0" yaku="8,1,54,1" doraHai="113" who="1" fromWho="3" sc="393,0,288,20,100,0,219,-20" owari="393,49.0,308,11.0,100,-40.0,199,-20.0" /></mjloggm>