<mjloggm ver="2.3"><GO type="97" lobby="0"/><UN n0="%E7%A8%B2%E4%B8%AD%E9%BA%BB%E9%9B%80%E9%83%A8" n1="%6B%6F%62%79" n2="%52%35" n3="%E5%B0%B1%E6%B4%BB%E7%94%9F%40%E5%B7%9D%E6%9D%91%E8%BB%8D%E5%9B%A3" dan="15,14,15,14" rate="2058.46,1870.90,2046.62,1982.94" sx="M,M,M,M"/><TAIKYOKU oya="0"/><INIT seed="0,0,0,1,2,119" ten="250,250,250,250" oya="0" hai0="95,62,122,17,74,20,127,84,24,73,130,72,103" hai1="134,133,8,9,99,83,120,57,45,54,98,125,51" hai2="110,42,23,106,35,55,117,38,67,33,21,80,111" hai3="104,63,115,81,86,101,102,36,47,118,108,107,0"/><T29/><D127/><U68/><E68/><V82/><F106/><W132/><G0/><T71/><D130/><U22/><E125/><V59/><F67/><W92/><G118/><T87/><D122/><U50/><E22/><N who="2" m="8203" /><F42/><W37/><G115/><T28/><D103/><U65/><E83/><N who="2" m="31787" /><F38/><W93/><G132/><T79/><D79/><U76/><E76/><V128/><F117/><W27/><G108/><N who="2" m="41513" /><F128/><W12/><G37/><T53/><D71/><U61/><E120/><V77/><F77/><W4/><G36/><T60/><D53/><U52/><E9/><V34/><F55/><W11/><G107/><T46/><D29/><U32/><E8/><V90/><F90/><N who="3" m="51535" /><G104/><T64/><D28/><U14/><E14/><V48/><F59/><W39/><G39/><T15/><D64/><U112/><E32/><V3/><F48/><W129/><G129/><T49/><D49/><U16/><E112/><V121/><F121/><W89/><G47/><T30/><D46/><N who="1" m="27735" /><E16/><V124/><F124/><W126/><G126/><T96/><D30/><U88/><E88/><V94/><F94/><N who="3" m="36459" /><G89/><N who="0" m="55407" /><D15/><U10/><E10/><V25/><F25/><W44/><G44/><T19/><D19/><U18/><E18/><V131/><F131/><W69/><G69/><T97/><D97/><N who="1" m="36875" /><E134/><V58/><F58/><W109/><G109/><T116/><D116/><U135/><E135/><V31/><F31/><W13/><G27/><T100/><D100/><N who="3" m="38505" /><G13/><T5/><D5/><U41/><E133/><V85/><F85/><W26/><G26/><T113/><D113/><U91/><E91/><V40/><F3/><RYUUKYOKU ba="0,0" sc="250,0,250,0,250,0,250,0" hai0="17,20,24,60,62,72,73,74,84,87" hai1="41,45,51,54,57,61,65" hai2="33,34,35,40" hai3="4,11,12,63" /><INIT seed="0,1,0,3,3,66" ten="250,250,250,250" oya="0" hai0="28,111,5,7,24,54,32,56,17,15,86,52,41" hai1="115,78,1,13,4,61,128,123,97,131,50,82,63" hai2="9,94,46,3,108,114,44,16,71,72,81,27,107" hai3="18,104,127,37,93,135,49,64,129,100,79,90,106"/><T132/><D132/><U101/><E123/><V105/><F114/><W59/><G37/><T130/><D130/><N who="1" m="49707" /><E115/><V65/><F108/><W53/><G135/><T25/><D111/><U96/><E1/><V118/><F118/><W0/><G0/><T84/><D41/><U38/><E38/><V67/><F94/><W36/><G36/><T22/><D25/><U85/><E50/><V60/><F67/><W87/><G129/><T113/><D54/><U103/><E4/><V69/><F71/><W40/><G127/><T47/><D47/><U122/><E13/><V83/><F46/><W89/><G79/><T51/><REACH who="0" step="1"/><D113/><REACH who="0" ten="240,250,250,250" step="2"/><U31/><E122/><V74/><F44/><W10/><G40/><T98/><D98/><N who="1" m="37995" /><E31/><V102/><F27/><W48/><G53/><T45/><D45/><U112/><E112/><V126/><F126/><W29/><G49/><T23/><D23/><U26/><E26/><V133/><F133/><W77/><G48/><T88/><D88/><U95/><E61/><V99/><F105/><W70/><G89/><T76/><D76/><U19/><E63/><V39/><F39/><W119/><G90/><T91/><D91/><U30/><E103/><V57/><F57/><W33/><G77/><T62/><D62/><U14/><E101/><V124/><F124/><W8/><G100/><T80/><D80/><U12/><E30/><V134/><F134/><W42/><G29/><T125/><D125/><U121/><E121/><V110/><F110/><W35/><G35/><T58/><D58/><U92/><E19/><V34/><F16/><W6/><G18/><RYUUKYOKU ba="1,1" sc="240,15,250,15,250,-15,250,-15" hai0="5,7,15,17,22,24,28,32,51,52,56,84,86" hai1="12,14,78,82,85,92,95" /><INIT seed="0,2,1,3,3,95" ten="255,265,235,235" oya="0" hai0="93,43,91,46,65,0,49,101,69,64,5,6,75" hai1="85,24,110,83,30,129,72,135,88,78,84,2,125" hai2="118,59,17,9,82,70,3,62,99,63,27,126,120" hai3="105,127,76,35,14,97,52,8,123,51,66,116,12"/><T114/><D114/><U103/><E2/><V109/><F120/><W21/><G116/><T87/><D75/><U47/><E135/><V107/><F118/><W92/><G35/><T20/><D69/><U134/><E134/><V81/><F109/><W100/><G123/><T53/><D0/><U71/><E110/><V77/><F126/><W60/><G127/><T96/><D20/><U23/><E71/><V122/><F122/><W98/><G76/><T1/><D53/><U10/><E129/><V15/><F3/><W25/><G105/><T26/><D26/><U34/><E125/><V57/><F70/><W133/><G133/><T55/><D55/><U33/><E10/><V111/><F111/><W48/><G48/><T68/><D68/><U40/><E103/><V115/><F115/><W104/><G8/><T108/><D108/><U56/><E56/><V112/><F112/><W79/><G79/><T38/><D38/><U42/><E42/><V128/><F77/><W130/><G130/><T29/><D29/><U54/><E54/><V13/><F13/><W89/><G66/><N who="0" m="25707" /><D1/><U16/><E72/><V73/><F73/><W39/><G39/><T131/><D131/><U106/><E106/><V50/><F107/><W86/><G86/><T119/><D119/><U44/><E30/><V37/><F37/><W124/><G124/><T80/><AGARI ba="2,1" hai="5,6,43,46,49,80,87,91,93,96,101" m="25707" machi="80" ten="30,3000,0" yaku="8,1,52,1" doraHai="95" who="0" fromWho="0" sc="255,46,265,-12,235,-12,235,-12" /><INIT seed="0,3,0,5,1,59" ten="301,253,223,223" oya="0" hai0="24,26,110,13,107,38,108,111,9,119,45,113,37" hai1="23,124,97,47,51,79,78,52,106,22,123,134,92" hai2="60,21,89,112,35,105,29,70,56,20,94,91,132" hai3="114,63,28,125,16,44,43,55,82,18,103,27,104"/><T84/><D113/><U98/><E123/><V109/><F112/><W73/><G114/><T8/><D119/><U131/><E134/><V133/><F105/><W11/><G125/><T42/><D107/><U32/><E124/><V71/><F35/><W127/><G127/><T67/><D38/><U7/><E32/><V57/><F29/><W39/><G104/><T130/><D130/><U87/><E131/><V36/><F36/><W49/><G103/><T61/><D84/><U117/><E117/><V31/><F31/><W3/><G63/><T76/><D76/><U6/><E106/><V99/><F109/><W102/><G102/><T14/><D14/><U75/><E75/><V66/><F57/><W2/><G73/><T86/><D86/><U17/><E97/><V65/><F91/><W0/><G82/><T30/><D13/><U95/><E23/><N who="2" m="8779" /><F65/><W58/><REACH who="3" step="1"/><G11/><REACH who="3" ten="301,253,223,213" step="2"/><N who="0" m="4171" /><D30/><U54/><E79/><V10/><F10/><W68/><G68/><AGARI ba="3,1" hai="24,26,37,42,45,61,67,68,108,110,111" m="4171" machi="68" ten="30,5800,0" yaku="14,1,10,1,52,1" doraHai="59" who="0" fromWho="3" sc="301,77,253,0,223,0,213,-67" /><INIT seed="0,4,0,3,3,76" ten="378,253,223,146" oya="0" hai0="126,9,17,91,132,101,12,20,41,80,100,85,135" hai1="61,64,2,24,75,115,68,112,57,125,103,47,72" hai2="32,1,49,63,21,43,38,46,92,83,107,19,31" hai3="11,59,27,14,117,129,16,44,39,77,54,56,116"/><T10/><D126/><U4/><E125/><V58/><F107/><W87/><G129/><T106/><D41/><U42/><E24/><V66/><F1/><W130/><G130/><T127/><D127/><U118/><E118/><V96/><F32/><W34/><G39/><T67/><D67/><U120/><E120/><V40/><F31/><W8/><G44/><T0/><D0/><U110/><E110/><V45/><F83/><W131/><G131/><T134/><D106/><U89/><E103/><AGARI ba="4,0" hai="9,10,12,17,20,80,85,91,100,101,103,132,134,135" machi="103" ten="40,3900,0" yaku="20,1,52,1" doraHai="76" who="0" fromWho="1" sc="378,51,253,-51,223,0,146,0" /><INIT seed="0,5,0,1,2,126" ten="429,202,223,146" oya="0" hai0="23,7,10,5,33,8,87,38,1,125,104,66,67" hai1="111,2,120,16,68,31,36,98,20,50,65,52,72" hai2="116,112,90,40,117,124,121,15,69,135,18,61,94" hai3="96,56,30,71,99,43,97,32,84,19,45,107,57"/><T86/><D104/><U101/><E120/><V133/><F40/><W129/><G107/><T76/><D38/><U128/><E36/><V93/><F121/><W35/><G71/><T134/><D125/><U122/><E122/><V21/><F124/><W25/><G35/><T39/><D39/><U34/><E72/><V108/><F112/><W100/><G100/><T62/><D33/><U64/><E2/><V44/><F44/><W132/><G132/><N who="2" m="50761" /><F108/><W13/><G84/><T17/><D134/><U53/><E111/><V26/><F26/><W22/><REACH who="3" step="1"/><G129/><REACH who="3" ten="429,202,223,136" step="2"/><T51/><D87/><U85/><E128/><V0/><F69/><W82/><G82/><T79/><D86/><U105/><E68/><V28/><F94/><W123/><G123/><T14/><D79/><U89/><E34/><V80/><F80/><W59/><G59/><T58/><D76/><U81/><E31/><V75/><F75/><W47/><G47/><T29/><D58/><U9/><E53/><V4/><F28/><W78/><G78/><T3/><D67/><U110/><E110/><V48/><F117/><W41/><G41/><T60/><D66/><U37/><E37/><AGARI ba="5,1" hai="13,19,22,25,30,32,37,43,45,56,57,96,97,99" machi="37" ten="40,1300,0" yaku="1,1,53,0" doraHai="126" doraHaiUra="63" who="3" fromWho="1" sc="429,0,202,-28,223,0,136,38" /><INIT seed="1,0,0,3,4,90" ten="429,174,223,174" oya="1" hai0="66,0,130,78,81,25,43,73,67,52,95,102,92" hai1="20,23,72,37,24,118,22,55,125,84,21,87,41" hai2="56,31,27,69,68,80,54,131,101,57,82,71,58" hai3="74,18,33,126,49,93,26,34,106,28,97,110,103"/><U16/><E72/><V6/><F131/><W107/><G74/><T17/><D0/><U29/><E118/><V117/><F117/><W1/><G1/><T65/><D130/><U89/><E125/><V5/><F101/><W13/><G34/><T132/><D43/><U12/><E37/><V128/><F128/><W115/><G115/><T62/><D132/><U104/><E41/><V8/><F54/><W111/><G126/><T135/><D102/><U14/><E104/><V116/><F116/><W35/><G35/><T129/><D135/><U47/><E12/><V7/><F8/><W127/><G127/><T91/><D129/><U113/><E113/><V123/><F123/><W45/><G110/><T60/><D95/><U42/><E42/><V48/><F48/><W36/><G36/><T4/><D4/><U108/><E108/><V105/><F105/><W94/><G111/><T11/><D52/><U124/><E124/><V38/><F38/><W120/><G120/><T133/><D133/><U44/><E87/><V79/><F79/><W15/><G107/><T61/><D11/><U121/><E121/><V19/><F19/><W83/><G83/><N who="2" m="31785" /><F31/><W109/><G109/><T59/><D67/><U3/><E3/><V64/><F27/><W53/><G15/><T96/><D66/><AGARI ba="0,0" hai="5,6,7,56,57,58,64,66,68,69,71" m="31785" machi="66" ten="40,8000,1" yaku="29,2,28,2" doraHai="90" who="2" fromWho="0" sc="429,-80,174,0,223,80,174,0" /><INIT seed="2,0,0,3,5,128" ten="349,174,303,174" oya="2" hai0="65,24,94,51,133,79,44,107,11,122,97,135,103" hai1="54,106,121,115,25,19,60,34,17,80,23,48,73" hai2="93,129,124,4,41,46,38,70,85,1,78,20,61" hai3="134,113,57,119,32,36,53,91,71,132,104,87,66"/><V77/><F129/><W68/><G32/><T43/><D122/><U82/><E106/><V45/><F124/><W81/><G36/><T92/><D79/><U101/><E101/><V96/><F46/><W130/><G104/><T47/><D65/><U22/><E115/><V0/><F20/><W28/><G113/><T8/><D24/><U127/><E127/><V58/><F70/><W12/><G119/><T84/><D47/><U56/><E34/><V118/><F118/><W116/><G116/><T7/><D11/><U110/><E73/><V74/><F85/><W13/><G130/><T3/><REACH who="0" step="1"/><D84/><REACH who="0" ten="339,174,303,174" step="2"/><U26/><E121/><V5/><F74/><W123/><G123/><T86/><D86/><U52/><E110/><V75/><F75/><W35/><G66/><T55/><D55/><U88/><E88/><V98/><F78/><W125/><G125/><T33/><D33/><U120/><E120/><V2/><F77/><W63/><G68/><T76/><D76/><U131/><E131/><V10/><F10/><W9/><G71/><T42/><D42/><U15/><E15/><V21/><F21/><W31/><G13/><T14/><D14/><U109/><E109/><V114/><F114/><W112/><G112/><T16/><D16/><U59/><AGARI ba="0,1" hai="17,19,22,23,25,26,48,52,54,56,59,60,80,82" machi="59" ten="20,8000,1" yaku="0,1,7,1,9,1,8,1,54,1" doraHai="128" who="1" fromWho="1" sc="339,-20,174,90,303,-40,174,-20" /><INIT seed="3,0,0,3,1,21" ten="319,264,263,154" oya="3" hai0="123,99,65,8,130,48,42,33,57,39,10,17,121" hai1="111,134,116,46,133,69,45,13,63,28,107,118,80" hai2="59,29,120,129,84,7,78,43,70,97,128,37,31" hai3="60,41,135,119,0,32,113,98,15,105,77,64,72"/><W114/><G119/><N who="1" m="45610" /><E107/><V27/><F70/><W89/><G0/><T12/><D33/><U108/><E80/><N who="2" m="47127" /><F120/><W2/><G2/><T67/><D39/><U14/><E28/><V131/><F7/><W51/><G135/><N who="1" m="51722" /><E63/><V26/><F59/><W40/><G32/><T20/><D130/><U132/><N who="1" m="51730" /><U109/><DORA hai="36" /><E69/><V24/><F97/><W126/><G126/><T127/><D127/><U5/><E5/><V92/><F92/><N who="3" m="56591" /><G105/><T106/><D106/><U53/><E53/><V117/><F117/><W16/><G72/><T110/><D99/><U44/><AGARI ba="0,0" hai="13,14,44,45,46,108,109,111" m="51730,45610" machi="44" ten="60,8000,1" yaku="28,2,14,1,12,1,20,1" doraHai="21,36" who="1" fromWho="1" sc="319,-20,264,80,263,-20,154,-40" owari="299,10.0,344,45.0,243,-16.0,114,-39.0" /></mjloggm>