<mjloggm ver="2.3"><GO type="169" lobby="0"/><UN n0="%65%72%61%6E%76%69%74%61" n1="%E3%83%96%E3%83%AB%E3%83%96%E3%83%AB%E3%83%8F%E3%83%BC%E3%83%84" n2="%65%6E%6B%61%69%73%6D" n3="%E3%82%A6%E3%83%AB%E3%83%88%E3%83%A9%E7%AB%8B%E7%9B%B4" dan="17,18,16,17" rate="2114.52,2263.38,2087.32,2138.69" sx="M,M,M,M"/><TAIKYOKU oya="0"/><INIT seed="0,0,0,2,4,78" ten="250,250,250,250" oya="0" hai0="74,4,124,76,49,20,32,61,0,54,81,123,57" hai1="102,9,16,29,46,119,44,14,133,28,134,42,36" hai2="70,85,96,3,50,106,114,33,100,48,21,11,120" hai3="6,97,88,103,43,132,67,122,108,110,31,93,8"/><T82/><D123/><U111/><E119/><V98/><F33/><W26/><G132/><N who="1" m="50794" /><E111/><N who="3" m="42538" /><G67/><T23/><D32/><U30/><E46/><V99/><F70/><W101/><G43/><T39/><D124/><U12/><E12/><V17/><F114/><W95/><G95/><T62/><D39/><U107/><E102/><V73/><F73/><W109/><G122/><T27/><D20/><U47/><E47/><V25/><F120/><W115/><G115/><T128/><D128/><U24/><E107/><V91/><F100/><W80/><G80/><T129/><D129/><U63/><E63/><V58/><F106/><W35/><N who="3" m="42546" /><W18/><DORA hai="104" /><G18/><T75/><D4/><U13/><E13/><AGARI ba="0,0" hai="6,8,13,26,31,35,88,93,97,101,103" m="42546" machi="13" ten="40,2600,0" yaku="14,1,54,1" doraHai="78,104" who="3" fromWho="1" sc="250,0,250,-26,250,0,250,26" /><INIT seed="1,0,0,0,0,5" ten="250,224,250,276" oya="1" hai0="63,101,104,8,22,45,111,71,109,127,50,4,31" hai1="100,102,40,52,123,59,27,14,117,17,95,49,65" hai2="48,33,20,12,9,83,75,61,60,97,70,23,21" hai3="72,76,94,11,131,29,55,87,46,121,62,58,35"/><U13/><E117/><V89/><F33/><W93/><G121/><T130/><D127/><U134/><E123/><V77/><F70/><W128/><G72/><T88/><D130/><N who="3" m="49705" /><G46/><T32/><D101/><N who="1" m="39019" /><E134/><V43/><F43/><W114/><G114/><T37/><D104/><U73/><E73/><V28/><F28/><W67/><G67/><T96/><D37/><U105/><E105/><V133/><F48/><W19/><G29/><T108/><D32/><U24/><E13/><V30/><F30/><W47/><G35/><T129/><D129/><U120/><E120/><V122/><F122/><W68/><G47/><T112/><D112/><U36/><E36/><V66/><F133/><W57/><G57/><T41/><D71/><U99/><E65/><V103/><F89/><W2/><G68/><T86/><D63/><U116/><E116/><V51/><F51/><W90/><G76/><T15/><D96/><U115/><E40/><V135/><F66/><W64/><G64/><T34/><D34/><U125/><E125/><V38/><F38/><W54/><G54/><T79/><D79/><U98/><E98/><V69/><F69/><W81/><G2/><T84/><REACH who="0" step="1"/><D88/><REACH who="0" ten="240,224,250,276" step="2"/><N who="1" m="55783" /><E115/><V44/><F135/><W107/><G107/><T85/><D85/><U119/><E119/><V10/><F97/><W92/><G92/><T53/><D53/><U74/><E74/><V0/><F103/><W7/><G93/><T39/><D39/><U42/><E42/><V80/><F75/><W106/><G94/><T113/><D113/><U3/><E3/><V25/><F0/><N who="3" m="487" /><G106/><T18/><D18/><AGARI ba="0,1" hai="18,19,55,58,62,81,87,90" m="487,49705" machi="18" ten="30,3900,0" yaku="6,1,19,1,52,1" doraHai="5" who="3" fromWho="0" sc="240,-39,224,0,250,0,276,49" /><INIT seed="2,0,0,0,5,13" ten="201,224,250,325" oya="2" hai0="110,91,56,23,22,82,2,60,106,131,18,19,103" hai1="57,20,105,96,5,107,116,17,44,63,58,72,79" hai2="1,104,83,62,77,70,113,127,52,120,101,126,125" hai3="129,112,36,61,85,38,43,37,69,24,123,32,16"/><V4/><F120/><W10/><G123/><T118/><D2/><U84/><E72/><V76/><F113/><W47/><G129/><T46/><D106/><U133/><E116/><V108/><F108/><W67/><G112/><T41/><D131/><U130/><E5/><V98/><F70/><W0/><G0/><T124/><D103/><U86/><E105/><V30/><F30/><W12/><G32/><T49/><D110/><U66/><E133/><V21/><F21/><N who="0" m="7690" /><D124/><U99/><E107/><V54/><F62/><W35/><REACH who="3" step="1"/><G85/><REACH who="3" ten="201,224,250,315" step="2"/><N who="0" m="50615" /><D118/><U27/><E84/><N who="2" m="48231" /><F77/><W80/><G80/><T71/><D71/><U95/><E86/><V45/><F45/><W81/><G81/><T53/><AGARI ba="0,1" hai="18,19,41,46,49,53,56,60" m="50615,7690" machi="53" ten="30,4000,0" yaku="8,1,52,2" doraHai="13" who="0" fromWho="0" sc="201,50,224,-10,250,-20,315,-10" /><INIT seed="3,0,0,2,3,17" ten="251,214,230,305" oya="3" hai0="16,100,2,99,55,20,116,37,107,27,0,35,123" hai1="19,21,41,8,23,118,71,18,40,127,44,39,91" hai2="121,109,36,125,135,53,13,61,6,24,64,132,50" hai3="124,15,126,49,81,88,7,33,48,74,103,117,94"/><W89/><G33/><T83/><D123/><U10/><E71/><V105/><F105/><W77/><G103/><T60/><D116/><U73/><E73/><V93/><F121/><W130/><G117/><T98/><D37/><U54/><E118/><V95/><F36/><W67/><G67/><T46/><D99/><U122/><E122/><V80/><F109/><W131/><G48/><T75/><D35/><U114/><E114/><V96/><F125/><N who="3" m="48235" /><G49/><T38/><D60/><U62/><E127/><V57/><F80/><W52/><G52/><T106/><D106/><U68/><E91/><N who="3" m="34890" /><G94/><T51/><REACH who="0" step="1"/><D38/><REACH who="0" ten="241,214,230,305" step="2"/><U12/><E39/><V129/><F61/><W56/><G56/><T9/><D9/><AGARI ba="0,1" hai="7,9,15,74,77,81,130,131" m="34890,48235" machi="9" ten="30,2900,0" yaku="18,1,54,1" doraHai="17" who="3" fromWho="0" sc="241,-29,214,0,230,0,305,39" /><INIT seed="3,1,0,1,3,77" ten="212,214,230,344" oya="3" hai0="52,49,105,128,65,109,71,75,82,79,94,63,81" hai1="112,47,97,9,62,7,111,37,41,8,123,85,124" hai2="36,55,95,102,56,92,24,113,12,22,110,48,42" hai3="19,69,73,18,10,114,45,43,93,127,61,134,5"/><W122/><G114/><T84/><D105/><U129/><E123/><V25/><F113/><W21/><G122/><T119/><D109/><U35/><E35/><V103/><F110/><W87/><G73/><T121/><D128/><U4/><E111/><V46/><F12/><W116/><G116/><T132/><D132/><U51/><E112/><V76/><F76/><W20/><G127/><T23/><D119/><U130/><E124/><V38/><F38/><W135/><G61/><T59/><D121/><U126/><E126/><V66/><F66/><W107/><G69/><T120/><D120/><U44/><E97/><V78/><F78/><W96/><G107/><T117/><D117/><U34/><E34/><V39/><F39/><W11/><G87/><T50/><D94/><U131/><E62/><V91/><F95/><W29/><G45/><T14/><D23/><U15/><E85/><V115/><F115/><W2/><G43/><T67/><D14/><U13/><E44/><V30/><REACH who="2" step="1"/><F25/><REACH who="2" ten="212,214,220,344" step="2"/><N who="3" m="16559" /><G93/><T31/><D67/><U33/><E37/><V108/><F108/><W86/><G134/><T53/><D71/><U32/><AGARI ba="1,1" hai="4,7,8,9,13,15,32,33,41,47,51,129,130,131" machi="32" ten="40,5200,0" yaku="0,1,9,1,19,1" doraHai="77" who="1" fromWho="1" sc="212,-14,214,65,220,-14,344,-27" /><INIT seed="4,0,0,2,5,70" ten="198,279,206,317" oya="0" hai0="92,79,62,2,105,0,76,121,116,46,48,131,45" hai1="112,35,135,30,18,10,51,24,61,71,56,69,54" hai2="19,68,23,32,27,5,1,31,96,34,132,7,47" hai3="25,124,106,114,43,129,53,80,83,93,78,29,9"/><T67/><D121/><U101/><E112/><V75/><F68/><W81/><G106/><T128/><D105/><U94/><E135/><V119/><F75/><W133/><G43/><T125/><D116/><U26/><E69/><V120/><F96/><W49/><G114/><T98/><D125/><U89/><E101/><V13/><F47/><W20/><G133/><T115/><D115/><U77/><E77/><N who="0" m="29769" /><D2/><U103/><E103/><V130/><F132/><W59/><G129/><N who="0" m="49739" /><D48/><U41/><E71/><V82/><F130/><W117/><G117/><T38/><D0/><U90/><E90/><V122/><F82/><W58/><G124/><T113/><D113/><U86/><E35/><N who="2" m="13355" /><F119/><W4/><G93/><T85/><D85/><U44/><E30/><V63/><F63/><W87/><G59/><N who="0" m="37343" /><D38/><U14/><AGARI ba="0,0" hai="10,14,18,24,26,41,44,51,54,56,61,86,89,94" machi="14" ten="30,2000,0" yaku="0,1,8,1" doraHai="70" who="1" fromWho="1" sc="198,-10,279,20,206,-5,317,-5" /><INIT seed="5,0,0,3,4,95" ten="188,299,201,312" oya="1" hai0="16,97,74,64,56,62,88,123,102,89,80,75,15" hai1="44,0,69,41,61,32,51,79,84,120,38,134,82" hai2="6,99,129,7,122,42,30,112,114,77,35,109,23" hai3="126,34,48,128,50,87,85,12,78,125,31,55,131"/><U101/><E120/><V36/><F109/><W46/><G12/><T58/><D123/><U119/><E119/><V133/><F122/><W76/><G31/><T59/><D59/><U9/><E32/><V110/><F110/><W28/><G28/><T40/><D40/><U71/><E134/><V47/><F133/><W127/><G34/><T5/><D5/><U52/><E101/><V25/><F77/><N who="3" m="29803" /><G50/><T27/><D58/><U22/><E22/><V20/><F129/><AGARI ba="0,0" hai="46,48,55,85,87,125,126,127,128,129,131" m="29803" machi="129" ten="40,2600,0" yaku="18,1,19,1" doraHai="95" who="3" fromWho="2" sc="188,0,299,0,201,-26,312,26" /><INIT seed="6,0,0,1,5,18" ten="188,299,175,338" oya="2" hai0="12,50,107,37,79,3,51,44,132,125,5,65,129" hai1="92,93,117,11,71,87,121,21,46,41,59,24,118" hai2="66,135,14,25,97,62,69,49,76,45,81,2,23" hai3="83,108,134,32,111,90,70,85,8,26,17,56,122"/><V31/><F2/><W47/><G70/><T119/><D107/><U48/><E71/><V9/><F135/><W91/><G134/><T73/><D132/><U19/><E121/><V94/><F94/><W61/><G122/><T75/><D75/><U13/><E117/><V131/><F131/><W116/><G116/><T74/><D74/><U64/><E118/><V133/><F133/><W55/><G91/><T103/><D103/><U86/><E87/><V84/><F97/><W36/><G32/><T114/><D129/><U77/><E59/><V57/><F69/><W60/><G60/><T33/><D65/><U104/><E64/><V20/><F25/><W89/><G89/><T98/><D98/><U68/><E68/><V39/><F39/><W38/><G38/><T35/><D12/><U95/><E104/><V96/><F31/><W127/><G127/><T52/><D51/><U72/><E72/><V115/><F96/><W29/><G29/><T102/><D102/><U54/><E54/><N who="2" m="29999" /><F115/><W53/><G36/><T7/><D114/><U105/><E105/><V42/><F42/><W4/><G53/><T126/><D119/><U63/><E63/><V130/><F130/><W82/><G55/><T22/><D37/><U58/><E58/><V16/><AGARI ba="0,0" hai="9,14,16,20,23,57,62,66,76,81,84" m="29999" machi="16" ten="30,11700,0" yaku="8,1,52,2,54,1" doraHai="18" who="2" fromWho="2" sc="188,-39,299,-39,175,117,338,-39" /><INIT seed="6,1,0,3,4,23" ten="149,260,292,299" oya="2" hai0="111,127,66,60,55,65,61,67,1,32,42,128,90" hai1="78,53,93,76,116,130,109,70,117,81,59,106,25" hai2="2,50,58,119,14,114,126,9,6,36,5,51,39" hai3="123,19,37,27,122,131,74,100,16,45,47,92,105"/><V73/><F73/><W135/><G105/><T24/><D1/><U118/><E106/><V46/><F119/><W34/><G74/><T3/><D3/><U62/><E109/><V10/><F126/><W133/><G131/><T84/><D111/><U113/><E130/><V26/><F114/><W7/><G7/><T115/><D115/><U110/><E110/><V79/><F79/><W85/><G47/><T72/><D72/><U30/><E113/><V35/><F58/><W87/><G45/><T29/><D127/><U0/><E0/><V82/><F82/><W28/><G37/><T107/><D107/><U57/><E70/><V48/><F46/><W125/><G125/><T56/><D42/><U83/><E93/><V20/><REACH who="2" step="1"/><F35/><REACH who="2" ten="149,260,282,299" step="2"/><W49/><G34/><T12/><D128/><U108/><E108/><V121/><F121/><W4/><G122/><T8/><D61/><U80/><REACH who="1" step="1"/><E59/><REACH who="1" ten="149,250,282,299" step="2"/><V112/><F112/><W22/><G123/><T18/><REACH who="0" step="1"/><D66/><REACH who="0" ten="139,250,282,299" step="2"/><U64/><E64/><V52/><F52/><W95/><G135/><T96/><D96/><U21/><AGARI ba="1,3" hai="21,25,30,53,57,62,76,78,80,81,83,116,117,118" machi="21" ten="40,5200,0" yaku="1,1,0,1,52,1,53,0" doraHai="23" doraHaiUra="33" who="1" fromWho="1" sc="139,-14,250,85,282,-27,299,-14" /><INIT seed="7,0,0,1,5,101" ten="125,335,255,285" oya="3" hai0="97,14,7,103,75,5,35,71,23,69,100,55,113" hai1="73,92,63,54,109,104,62,68,43,90,34,3,127" hai2="72,52,98,122,93,58,17,28,37,132,10,47,121" hai3="29,105,83,24,11,53,12,74,133,50,51,2,126"/><W9/><G126/><T31/><D23/><U64/><E73/><V124/><F72/><W81/><G133/><T13/><D31/><U18/><E3/><V38/><F124/><W82/><G74/><T15/><D75/><U129/><E34/><V61/><F28/><W60/><G2/><T39/><D35/><U85/><E43/><V87/><F87/><W78/><G60/><T94/><D39/><U108/><E104/><V59/><F47/><W45/><G51/><T20/><D20/><U0/><E0/><V27/><F59/><W67/><G67/><T95/><D55/><U65/><E54/><V70/><F70/><W79/><G105/><T40/><D40/><U123/><E123/><N who="2" m="47115" /><F132/><W84/><G78/><T102/><D97/><U21/><E127/><V46/><F46/><W112/><G112/><T48/><D48/><U44/><E44/><V125/><F125/><W131/><G131/><T116/><D113/><U77/><E129/><V16/><F27/><W42/><G53/><T128/><D128/><U115/><E77/><V66/><F66/><W120/><G120/><T1/><D1/><U86/><E115/><V33/><F33/><W88/><G24/><T57/><D57/><N who="1" m="36943" /><E85/><V96/><F96/><W30/><G79/><T8/><D116/><U25/><E108/><V135/><F135/><W41/><G41/><T134/><D134/><U19/><E109/><V56/><F56/><W107/><G107/><T36/><D36/><N who="2" m="13930" /><F10/><N who="3" m="3595" /><G12/><T22/><D8/><U32/><E32/><V91/><AGARI ba="0,0" hai="16,17,52,58,61,91,93,98" m="13930,47115" machi="91" ten="30,4000,0" yaku="13,1,54,2" doraHai="101" who="2" fromWho="2" sc="125,-10,335,-10,255,40,285,-20" owari="115,-38.0,325,41.0,295,10.0,265,-13.0" /></mjloggm>