<mjloggm ver="2.3"><GO type="225" lobby="0"/><UN n0="%E5%B0%B1%E6%B4%BB%E7%94%9F%40%E5%B7%9D%E6%9D%91%E8%BB%8D%E5%9B%A3" n1="%6B%61%6D%6F%73%75%6B%65" n2="%45%53%54%69" n3="%46%4C%41%4D%45" dan="16,16,16,16" rate="2072.37,2150.67,2098.69,2147.56" sx="M,M,M,M"/><TAIKYOKU oya="0"/><INIT seed="0,0,0,5,0,72" ten="250,250,250,250" oya="0" hai0="104,2,6,22,87,128,1,62,11,29,73,34,65" hai1="35,45,47,5,13,126,117,49,48,90,125,114,132" hai2="134,89,129,109,33,86,121,69,120,113,39,68,21" hai3="94,41,44,57,75,59,18,63,16,123,15,42,130"/><T17/><D73/><U96/><E35/><V37/><F33/><W131/><G123/><T53/><D128/><N who="3" m="49193" /><G75/><T88/><D104/><U97/><E5/><V8/><F21/><N who="3" m="11423" /><G18/><T115/><D2/><U30/><E13/><V92/><F8/><W124/><G124/><N who="1" m="47722" /><E30/><V32/><F32/><W3/><G3/><T23/><D115/><U100/><E90/><V103/><F89/><W71/><G94/><T36/><D36/><U54/><E114/><V76/><F37/><N who="3" m="21551" /><G42/><T79/><D34/><U98/><E117/><V14/><F113/><W105/><G105/><T60/><D29/><U61/><E132/><V135/><F134/><W77/><G77/><T52/><D79/><U67/><E100/><V85/><F135/><W122/><G122/><T20/><D17/><U19/><E19/><V112/><F112/><W116/><G116/><T74/><D74/><U81/><E81/><N who="2" m="47271" /><F103/><W78/><G78/><T7/><D7/><U102/><E102/><V66/><F120/><W84/><G84/><T26/><D26/><U40/><E98/><V31/><F121/><W133/><G133/><T119/><D119/><U12/><E12/><V110/><F14/><W111/><G111/><T82/><REACH who="0" step="1"/><D62/><REACH who="0" ten="240,250,250,250" step="2"/><U4/><E4/><V99/><F31/><W10/><G10/><T101/><D101/><U38/><E38/><V118/><F39/><W95/><G95/><T106/><D106/><U27/><E27/><V83/><F118/><W9/><G9/><T25/><D25/><U127/><N who="1" m="47730" /><U46/><DORA hai="50" /><E61/><V43/><F92/><W55/><G63/><T107/><D107/><RYUUKYOKU ba="0,1" sc="240,30,250,-10,250,-10,250,-10" hai0="1,6,11,20,22,23,52,53,60,65,82,87,88" /><INIT seed="0,1,1,2,2,111" ten="270,240,240,240" oya="0" hai0="100,55,51,13,70,33,104,45,27,31,53,12,57" hai1="132,23,76,79,25,88,99,135,97,106,124,49,119" hai2="65,62,10,98,18,43,112,116,114,28,125,35,109" hai3="78,103,1,41,14,96,66,82,56,5,67,34,92"/><T2/><D70/><U15/><E119/><V22/><F116/><W69/><G69/><T11/><D104/><U121/><E121/><V52/><F43/><W36/><G34/><T130/><D100/><U3/><E3/><V123/><F123/><W102/><G102/><T46/><D130/><U37/><E37/><V64/><F109/><W42/><G42/><T30/><D30/><U126/><E106/><V101/><F125/><N who="1" m="48233" /><E15/><V48/><F10/><N who="3" m="2351" /><G56/><T107/><D107/><U72/><E49/><V127/><F127/><W6/><G6/><T50/><REACH who="0" step="1"/><D57/><REACH who="0" ten="260,240,240,240" step="2"/><U17/><E72/><V113/><F28/><W73/><G14/><T39/><D39/><U115/><E135/><V8/><F101/><W54/><G36/><T44/><D44/><U47/><E47/><V131/><F131/><W120/><G120/><T122/><D122/><U40/><E132/><V16/><F113/><W84/><G103/><T95/><D95/><N who="1" m="56551" /><E115/><V26/><F114/><W77/><G92/><T68/><D68/><U59/><E59/><V91/><F112/><W134/><G134/><T24/><D24/><U58/><E58/><V20/><F26/><W60/><G82/><T9/><D9/><U108/><E108/><V61/><F8/><W87/><G67/><T21/><D21/><N who="2" m="8298" /><F64/><W63/><G66/><T94/><D94/><U32/><E32/><V105/><F35/><W38/><G38/><T19/><D19/><N who="2" m="7210" /><F65/><W110/><G110/><T75/><D75/><U7/><E25/><V128/><F128/><W86/><G73/><T71/><D71/><U74/><E74/><V85/><F105/><RYUUKYOKU ba="1,2" sc="260,30,240,-10,240,-10,240,-10" hai0="2,11,12,13,27,31,33,45,46,50,51,53,55" /><INIT seed="0,2,2,2,1,120" ten="290,230,230,230" oya="0" hai0="46,51,118,130,74,121,125,4,2,30,32,115,33" hai1="78,43,18,25,98,64,21,70,131,104,135,112,27" hai2="83,128,45,67,19,80,85,106,36,76,3,113,97" hai3="22,11,88,54,41,100,108,91,63,60,7,65,1"/><T24/><D121/><U58/><E70/><V57/><F113/><W94/><G41/><T49/><D118/><U39/><E112/><V93/><F3/><W14/><G100/><T92/><D74/><U13/><E78/><V127/><F106/><W8/><G22/><T105/><D115/><U35/><E135/><V126/><F128/><W103/><G103/><T75/><D105/><U53/><E64/><V62/><F83/><W69/><G94/><T116/><D75/><U10/><E131/><V23/><F45/><W37/><G37/><T110/><D33/><U9/><E39/><V86/><F86/><W52/><G108/><T6/><D116/><U0/><E43/><V44/><F44/><W87/><G87/><T29/><D130/><U95/><E104/><V61/><F61/><W48/><G63/><T101/><D110/><U50/><E0/><V38/><F38/><W134/><G134/><T124/><D124/><N who="2" m="47658" /><F36/><W89/><REACH who="3" step="1"/><G48/><REACH who="3" ten="290,230,230,220" step="2"/><T34/><D125/><U129/><E129/><V122/><F122/><W84/><G84/><T66/><D92/><U42/><E42/><V107/><F107/><W77/><G77/><T111/><D101/><U31/><E27/><N who="2" m="14847" /><F93/><W123/><G123/><T79/><D111/><U132/><E132/><V71/><F97/><W119/><G119/><T28/><D79/><U109/><E109/><V26/><F26/><W73/><G73/><T102/><D24/><U15/><E13/><V133/><F133/><W17/><AGARI ba="2,3" hai="1,7,8,11,14,17,52,54,60,65,69,88,89,91" machi="17" ten="30,7900,0" yaku="1,1,0,1,54,2,53,0" doraHai="120" doraHaiUra="82" who="3" fromWho="3" sc="290,-41,230,-22,230,-22,220,115" /><INIT seed="1,0,0,1,2,82" ten="249,208,208,335" oya="1" hai0="23,129,118,84,44,108,36,105,64,134,43,107,113" hai1="112,109,68,24,21,94,5,55,51,83,90,10,53" hai2="31,20,52,74,15,76,133,73,3,126,88,66,42" hai3="65,33,60,26,125,128,34,87,62,38,28,54,86"/><U78/><E68/><V27/><F3/><W81/><G38/><T117/><D64/><U45/><E112/><V58/><F133/><W59/><G125/><T29/><D113/><U122/><E122/><V79/><F126/><W2/><G2/><T92/><D134/><U41/><E109/><V19/><F66/><W80/><G128/><T123/><D108/><U104/><E104/><V91/><F42/><W130/><G130/><T116/><D129/><U16/><E10/><N who="2" m="6647" /><F73/><W106/><G106/><T131/><D131/><U101/><E101/><V47/><F47/><W127/><G127/><T89/><REACH who="0" step="1"/><D123/><REACH who="0" ten="239,208,208,335" step="2"/><U71/><E71/><V40/><F74/><W63/><G65/><T30/><D30/><U0/><E0/><V75/><F75/><W97/><G28/><T12/><D12/><U56/><E5/><V4/><F4/><W121/><G121/><T11/><D11/><U77/><E83/><V114/><F114/><W8/><G8/><T13/><D13/><U103/><E103/><V67/><F67/><W35/><G81/><T95/><D95/><U110/><E110/><V111/><F111/><W93/><G80/><T98/><D98/><N who="1" m="57687" /><E41/><V1/><F40/><W85/><REACH who="3" step="1"/><G26/><AGARI ba="0,1" hai="23,26,29,36,43,44,84,89,92,105,107,116,117,118" machi="26" ten="40,2600,0" yaku="1,1,52,1,53,0" doraHai="82" doraHaiUra="132" who="0" fromWho="3" sc="239,36,208,0,208,0,335,-26" /><INIT seed="2,0,0,2,2,13" ten="275,208,208,309" oya="2" hai0="120,85,107,22,82,94,37,76,80,102,112,12,52" hai1="84,110,105,81,74,38,54,32,79,108,100,135,55" hai2="20,125,6,67,66,41,124,96,117,111,104,103,28" hai3="123,34,75,119,14,88,40,5,91,92,114,113,8"/><V44/><F117/><W126/><G123/><T73/><D37/><U9/><E38/><V23/><F6/><W33/><G119/><T43/><D120/><U95/><E32/><V0/><F0/><W4/><G75/><T78/><D112/><N who="3" m="43113" /><G126/><N who="2" m="48745" /><F111/><N who="1" m="42537" /><E135/><V65/><F28/><W42/><G4/><T86/><D43/><N who="3" m="16425" /><G91/><T68/><D68/><U21/><E9/><V83/><F83/><W89/><G89/><T50/><D107/><U24/><E105/><V132/><F132/><W109/><G109/><T58/><D73/><U131/><E131/><V101/><F101/><W71/><G71/><T47/><D94/><U53/><E100/><V26/><F26/><W63/><G63/><T39/><D102/><U77/><E74/><V59/><F59/><W122/><G122/><T30/><D39/><AGARI ba="0,0" hai="20,23,39,41,44,65,66,67,96,103,104" m="48745" machi="39" ten="30,1500,0" yaku="18,1" doraHai="13" who="2" fromWho="0" sc="275,-15,208,0,208,15,309,0" /><INIT seed="2,1,0,5,3,81" ten="260,208,223,309" oya="2" hai0="47,110,68,3,91,93,96,13,14,109,4,9,128" hai1="60,42,102,101,50,6,76,8,18,117,27,89,94" hai2="16,99,24,29,78,26,43,92,114,95,46,57,54" hai3="135,2,120,112,12,7,65,88,124,15,20,35,87"/><V119/><F114/><W90/><G120/><T77/><D68/><U53/><E117/><V80/><F119/><W107/><G35/><T103/><D77/><U41/><E76/><V21/><F99/><W17/><G107/><T48/><D128/><U37/><E37/><V134/><F134/><W67/><G2/><T115/><D115/><U122/><E122/><V28/><F28/><W11/><G112/><T116/><D116/><U38/><E60/><V132/><F132/><W74/><G74/><T66/><D66/><N who="3" m="25097" /><G135/><T33/><D33/><U113/><E113/><V72/><F57/><W121/><G121/><T79/><D79/><U105/><E38/><V56/><F56/><W63/><G124/><T131/><D131/><U40/><E105/><V62/><F62/><W130/><G130/><T125/><D125/><U0/><E27/><V84/><F54/><W69/><G69/><T73/><D73/><U129/><E129/><V51/><F72/><W49/><G63/><T98/><D98/><U31/><E31/><V86/><F86/><W22/><G49/><T58/><D58/><U1/><E1/><V19/><F19/><W10/><G90/><T85/><D48/><U61/><E61/><V5/><F5/><W32/><G32/><AGARI ba="1,0" hai="16,21,24,26,29,32,43,46,51,78,80,84,92,95" machi="32" ten="30,5800,0" yaku="7,1,52,1,54,1" doraHai="81" who="2" fromWho="3" sc="260,0,208,0,223,61,309,-61" /><INIT seed="2,2,0,4,0,53" ten="260,208,284,248" oya="2" hai0="104,129,102,92,59,116,66,37,69,127,126,29,112" hai1="95,74,119,63,5,133,121,9,1,8,56,19,88" hai2="20,83,30,107,113,65,101,2,61,46,4,49,114" hai3="80,58,31,118,131,41,100,21,99,47,27,71,23"/><V87/><F107/><W15/><G71/><T17/><D104/><U48/><E119/><V44/><F101/><W7/><G118/><T67/><D69/><U36/><E74/><V125/><F44/><W122/><G122/><T117/><D37/><U16/><E36/><V10/><F20/><W32/><G131/><T86/><D112/><U96/><E121/><V38/><F30/><W135/><G135/><T55/><D129/><U89/><E133/><V79/><F125/><N who="0" m="47626" /><D29/><U40/><E9/><V97/><F97/><W18/><G7/><T62/><D17/><U6/><E6/><V94/><F94/><W35/><G80/><T22/><D22/><U57/><E89/><V103/><F103/><W93/><REACH who="3" step="1"/><G58/><REACH who="3" ten="260,208,284,238" step="2"/><N who="0" m="37207" /><D67/><U82/><E82/><V77/><F65/><W45/><G45/><T132/><D132/><U28/><E28/><V50/><F46/><W51/><AGARI ba="2,1" hai="15,18,21,23,27,31,32,35,41,47,51,93,99,100" machi="51" ten="20,2700,0" yaku="1,1,0,1,7,1,53,0" doraHai="53" doraHaiUra="76" who="3" fromWho="3" sc="260,-9,208,-9,284,-15,238,43" /><INIT seed="3,0,0,1,0,38" ten="251,199,269,281" oya="3" hai0="83,7,28,84,60,40,25,119,45,55,13,9,47" hai1="48,103,117,70,128,51,4,74,26,125,123,112,97" hai2="56,6,3,57,115,90,43,108,32,33,61,92,24" hai3="37,133,23,14,15,114,49,77,86,12,113,41,81"/><W11/><G37/><T94/><D119/><U19/><E123/><V96/><F6/><N who="3" m="3191" /><G133/><T36/><D94/><U62/><E112/><N who="3" m="43114" /><G23/><T85/><D83/><U46/><E74/><V69/><F56/><W50/><G50/><T31/><D31/><U95/><E117/><V120/><F69/><W93/><G93/><T58/><REACH who="0" step="1"/><D45/><AGARI ba="0,0" hai="14,15,41,45,49,77,81,86" m="43114,3191" machi="45" ten="30,2900,0" yaku="25,1,52,1" doraHai="38" who="3" fromWho="0" sc="251,-29,199,0,269,0,281,29" owari="222,-18.0,199,-30.0,269,7.0,310,41.0" /></mjloggm>