<mjloggm ver="2.3"><GO type="41" lobby="0"/><UN n0="%6F%6E%74%61%6B%65" n1="%6B%7A%62%77" n2="%4C%61%69%57%65%69" n3="%E5%B0%B1%E6%B4%BB%E7%94%9F%40%E5%B7%9D%E6%9D%91%E8%BB%8D%E5%9B%A3" dan="14,14,14,15" rate="1853.65,1974.03,1942.01,2035.89" sx="M,M,M,M"/><TAIKYOKU oya="0"/><INIT seed="0,0,0,1,1,99" ten="250,250,250,250" oya="0" hai0="57,100,41,133,56,104,78,2,65,126,123,35,46" hai1="17,13,129,82,117,40,80,77,22,110,115,3,91" hai2="30,131,45,63,74,47,27,114,81,134,29,14,132" hai3="71,26,11,108,92,21,23,86,102,111,118,66,62"/><T5/><D123/><U7/><E117/><V10/><F114/><W120/><G118/><T49/><D35/><U121/><E121/><V96/><F131/><W112/><G120/><T51/><D126/><U53/><E115/><V70/><F96/><W25/><G112/><T1/><D133/><N who="2" m="51306" /><F30/><W124/><G11/><T54/><D78/><U50/><E129/><V106/><F106/><W38/><G38/><T61/><REACH who="0" step="1"/><D5/><REACH who="0" ten="240,250,250,250" step="2"/><U0/><E7/><V105/><F74/><W101/><G124/><T44/><D44/><U12/><E77/><V20/><F47/><W119/><G119/><T8/><D8/><U18/><E22/><V75/><F45/><W103/><G23/><T64/><D64/><U97/><E40/><V58/><F75/><W69/><G21/><T33/><D33/><U28/><E53/><V52/><F10/><W122/><G122/><T19/><D19/><U48/><E28/><V43/><F43/><W98/><G108/><T130/><D130/><U87/><E110/><V15/><F20/><W107/><G111/><T83/><D83/><U125/><E125/><V37/><F81/><W4/><G4/><T24/><D24/><U73/><E73/><V16/><F27/><W88/><G25/><T68/><D68/><U89/><E80/><V32/><F70/><W127/><G127/><T93/><D93/><U84/><REACH who="1" step="1"/><E82/><REACH who="1" ten="240,240,250,250" step="2"/><V34/><F29/><W116/><G116/><T59/><D59/><U42/><E42/><V95/><F58/><N who="3" m="37207" /><G26/><T6/><D6/><U39/><E39/><V109/><F37/><W60/><G71/><T55/><D55/><RYUUKYOKU ba="0,2" sc="240,10,240,10,250,-30,250,10" hai0="1,2,41,46,49,51,54,56,57,61,65,100,104" hai1="0,3,12,13,17,18,48,50,84,87,89,91,97" hai3="60,69,86,88,92,98,101,102,103,107" /><INIT seed="0,1,2,2,1,81" ten="250,250,220,260" oya="0" hai0="94,39,69,90,77,62,68,34,27,96,66,29,20" hai1="49,82,118,79,122,19,92,86,35,88,17,105,56" hai2="47,106,57,116,109,112,50,115,99,73,117,74,61" hai3="67,119,97,7,128,37,42,16,63,85,98,53,11"/><T4/><D39/><U44/><E122/><V48/><F109/><W31/><G119/><N who="2" m="45641" /><F99/><W71/><G128/><T87/><D4/><U104/><E118/><V107/><F61/><W70/><G31/><T130/><D130/><U124/><E35/><V132/><F57/><W127/><G71/><T121/><D121/><U125/><E56/><V51/><F47/><W52/><G127/><N who="1" m="48714" /><E17/><V84/><F84/><W13/><G7/><T24/><D69/><U0/><E19/><V113/><F132/><W33/><G33/><T21/><REACH who="0" step="1"/><D27/><REACH who="0" ten="240,250,220,260" step="2"/><U123/><E123/><V45/><F45/><W95/><G37/><T102/><D102/><U18/><E0/><V5/><F5/><W129/><G129/><T9/><D9/><U134/><E134/><V120/><F120/><W28/><G11/><T59/><D59/><U54/><E18/><V36/><F36/><W58/><G16/><T25/><D25/><U8/><E8/><V126/><F126/><W12/><G58/><T101/><D101/><U76/><E76/><V55/><F55/><W72/><G53/><T15/><D15/><U22/><E22/><V32/><F32/><W40/><G52/><T46/><D46/><U64/><E64/><V2/><F2/><W41/><G67/><T114/><D114/><U60/><E60/><V133/><F133/><W10/><G63/><T6/><D6/><U110/><E110/><V103/><F103/><W93/><G10/><T26/><D26/><U80/><E79/><V65/><F65/><W100/><G70/><T89/><D89/><U131/><E131/><V3/><F3/><RYUUKYOKU ba="1,3" sc="240,10,250,10,220,10,260,-30" hai0="20,21,24,29,34,62,66,68,77,87,90,94,96" hai1="44,49,54,80,82,86,88,92,104,105" hai2="48,50,51,73,74,106,107,112,113,115" /><INIT seed="0,2,3,3,3,111" ten="250,260,230,230" oya="0" hai0="123,53,1,7,18,2,51,88,86,135,117,93,3" hai1="38,103,0,11,28,10,104,97,91,49,33,24,118" hai2="26,21,59,23,96,55,31,81,79,126,48,77,54" hai3="27,132,41,119,63,15,36,19,73,90,83,112,14"/><T108/><D123/><U89/><E118/><V106/><F126/><W6/><G119/><T107/><D117/><U98/><E38/><V60/><F106/><W64/><G132/><T46/><D108/><U114/><E49/><V120/><F120/><W37/><G112/><T9/><D135/><U84/><E0/><V76/><F96/><W125/><G125/><T29/><D29/><U131/><E131/><V122/><F122/><W101/><G101/><T47/><D107/><U94/><REACH who="1" step="1"/><E114/><REACH who="1" ten="250,250,230,230" step="2"/><V100/><F100/><W39/><G37/><T16/><REACH who="0" step="1"/><D46/><REACH who="0" ten="240,250,230,230" step="2"/><U8/><E8/><V85/><REACH who="2" step="1"/><F21/><REACH who="2" ten="240,250,220,230" step="2"/><N who="3" m="13759" /><G36/><T133/><D133/><U128/><E128/><V56/><AGARI ba="2,6" hai="23,26,31,48,54,55,56,59,60,76,77,79,81,85" machi="56" ten="20,8000,1" yaku="1,1,0,1,7,1,8,1,53,1" doraHai="111" doraHaiUra="58" who="2" fromWho="2" sc="240,-42,250,-22,220,146,230,-22" /><INIT seed="1,0,0,5,2,131" ten="198,228,366,208" oya="1" hai0="134,89,38,110,120,33,105,129,50,20,70,28,90" hai1="122,31,30,56,64,95,32,39,3,60,102,111,61" hai2="66,135,44,34,67,130,65,16,99,115,101,109,68" hai3="72,93,59,36,17,97,24,108,75,116,86,84,29"/><U1/><E122/><V41/><F130/><W19/><G36/><T9/><D129/><U117/><E117/><V77/><F68/><W69/><G69/><T46/><D120/><U103/><E39/><V55/><F34/><W112/><G112/><T10/><D110/><U45/><E45/><V128/><F128/><W74/><G116/><T40/><D105/><U91/><E111/><V43/><F109/><W127/><G127/><T23/><D70/><U47/><E47/><V0/><F0/><W53/><G108/><T52/><D33/><U13/><E13/><V11/><F115/><W42/><G42/><T8/><D134/><U96/><E32/><V15/><F77/><W133/><G29/><T85/><D28/><U76/><E76/><V37/><F135/><W49/><G133/><T63/><D38/><U126/><E126/><V88/><F37/><W22/><REACH who="3" step="1"/><G19/><REACH who="3" ten="198,228,366,198" step="2"/><T54/><D63/><U57/><E31/><V81/><F43/><W78/><G78/><T114/><D114/><U26/><E30/><V51/><F41/><W124/><G124/><T79/><D79/><U35/><E35/><V25/><F25/><W7/><G7/><T94/><REACH who="0" step="1"/><D90/><AGARI ba="0,1" hai="17,22,24,49,53,59,72,74,75,84,86,90,93,97" machi="90" ten="40,2600,0" yaku="1,1,53,1" doraHai="131" doraHaiUra="18" who="3" fromWho="0" sc="198,-26,228,0,366,0,198,36" /><INIT seed="2,0,0,3,2,112" ten="172,228,366,234" oya="2" hai0="17,75,10,44,81,117,119,8,109,34,91,14,54" hai1="1,84,72,53,67,111,87,3,69,4,7,33,108" hai2="100,71,129,40,102,43,90,55,77,130,106,118,22" hai3="11,134,61,74,96,64,29,128,56,6,135,85,133"/><V95/><F118/><N who="0" m="45066" /><D109/><U82/><E33/><V19/><F71/><W97/><G74/><T120/><D120/><U37/><E37/><V32/><F32/><W60/><G128/><T58/><BYE who="2" /><D34/><U98/><E98/><V115/><F115/><W88/><G29/><T45/><D10/><UN n2="%4C%61%69%57%65%69" /><U122/><E122/><V113/><F113/><W48/><G48/><N who="0" m="31047" /><D75/><U79/><E53/><V12/><F55/><W76/><G60/><T26/><D26/><U49/><E49/><V62/><F62/><W36/><G36/><T18/><D18/><U65/><E69/><V20/><F20/><W42/><G42/><T121/><D121/><U83/><E72/><V63/><F63/><W99/><G76/><AGARI ba="0,0" hai="1,3,4,7,65,67,76,79,82,83,84,87,108,111" machi="76" ten="25,1600,0" yaku="22,2" doraHai="112" who="1" fromWho="3" sc="172,0,228,16,366,0,234,-16" /><INIT seed="3,0,0,0,1,32" ten="172,244,366,218" oya="3" hai0="127,19,63,69,83,17,134,44,50,117,101,6,104" hai1="24,100,107,48,0,35,113,126,76,27,123,129,47" hai2="51,43,37,90,82,28,132,88,119,15,11,89,96" hai3="29,30,84,60,5,109,1,102,106,56,103,91,93"/><W99/><G109/><T53/><D117/><U59/><E123/><V128/><F119/><W114/><G114/><T94/><D104/><U110/><E113/><V14/><F37/><W122/><G122/><T52/><D134/><U49/><E110/><V36/><F36/><W7/><G103/><T21/><D127/><U26/><E126/><V57/><F132/><W95/><G106/><T4/><D69/><U108/><E108/><V20/><F128/><W34/><G34/><T16/><D83/><U25/><E76/><V41/><F82/><W23/><G1/><T121/><D121/><U68/><E68/><V65/><F96/><W67/><G30/><T40/><D63/><U73/><E73/><V112/><F112/><W9/><G9/><T18/><D101/><U80/><E80/><V111/><F111/><W22/><G23/><T31/><D31/><U3/><E129/><V78/><F78/><W62/><G62/><T54/><D94/><U71/><E71/><V58/><F65/><W105/><G105/><T92/><D92/><U38/><E38/><V125/><F125/><W66/><G66/><T39/><REACH who="0" step="1"/><D39/><REACH who="0" ten="162,244,366,218" step="2"/><U135/><E135/><V98/><F51/><W45/><G93/><T130/><D130/><U97/><E35/><V74/><F28/><W87/><G95/><T33/><D33/><U42/><N who="1" m="6656" /><DORA hai="115" /><U131/><REACH who="1" step="1"/><E131/><REACH who="1" ten="162,234,366,218" step="2"/><V79/><F74/><W77/><G29/><T70/><D70/><U133/><E133/><V120/><F120/><W2/><G77/><T124/><D124/><U75/><E75/><V46/><F79/><W8/><G87/><RYUUKYOKU ba="0,2" sc="162,15,234,15,366,-15,218,-15" hai0="4,6,16,17,18,19,21,40,44,50,52,53,54" hai1="0,3,42,47,48,49,59,97,100,107" /><INIT seed="4,1,2,1,5,130" ten="177,249,351,203" oya="0" hai0="96,108,75,110,54,105,15,25,111,56,70,90,124" hai1="19,26,127,76,114,0,42,8,50,113,92,10,112" hai2="117,28,34,7,65,133,20,32,21,120,46,61,52" hai3="11,121,104,87,116,107,41,68,14,63,64,4,17"/><T73/><D70/><U51/><E76/><V119/><F120/><W24/><G116/><N who="2" m="44617" /><F133/><W89/><G121/><T62/><D124/><U31/><E127/><V40/><F7/><W81/><G41/><T95/><D105/><U88/><E42/><V100/><F100/><W86/><G24/><T38/><D38/><U128/><E128/><V57/><F65/><W115/><G115/><T132/><D132/><U22/><E0/><V39/><F28/><W43/><G43/><T27/><REACH who="0" step="1"/><D15/><REACH who="0" ten="167,249,351,203" step="2"/><U5/><E5/><V102/><F102/><W16/><G104/><T126/><D126/><U78/><E113/><V101/><F101/><W135/><G107/><T123/><D123/><U71/><E112/><V125/><F125/><W66/><G135/><T109/><N who="0" m="28160" /><DORA hai="49" /><T1/><D1/><U129/><E71/><V29/><F39/><W23/><G68/><T45/><D45/><U3/><E114/><V79/><F46/><W48/><G14/><T2/><D2/><U60/><E129/><V106/><F106/><W131/><G4/><T93/><D93/><U118/><E118/><V6/><F6/><W47/><G131/><T12/><D12/><U97/><E3/><V44/><F44/><W74/><G47/><T9/><D9/><U58/><E8/><V53/><F40/><W80/><G11/><T99/><D99/><U18/><E10/><V84/><F57/><W59/><G59/><T72/><AGARI ba="1,3" hai="25,27,54,56,62,72,73,75,90,95,96" m="28160" machi="72" ten="70,12000,1" yaku="1,1,0,1,10,1,52,1,53,1" doraHai="130,49" doraHaiUra="91,134" who="0" fromWho="0" sc="167,153,249,-41,351,-41,203,-41" /><INIT seed="4,2,0,4,4,116" ten="320,208,310,162" oya="0" hai0="105,53,39,124,68,42,15,94,86,108,9,109,32" hai1="127,82,126,110,12,128,6,1,65,96,114,81,79" hai2="34,35,16,19,7,97,50,37,20,113,23,30,131" hai3="111,102,70,14,71,101,117,90,4,67,28,49,54"/><T100/><D68/><U76/><E110/><N who="0" m="42601" /><D32/><U3/><E65/><V43/><F37/><W89/><G111/><T92/><D124/><U33/><E33/><V107/><F131/><W51/><G28/><T91/><D39/><U83/><E114/><V115/><F7/><W18/><G117/><T55/><D42/><U8/><E128/><V88/><F35/><W5/><G14/><T104/><D94/><U47/><E47/><N who="2" m="25983" /><F34/><W62/><G62/><T132/><D132/><U61/><E61/><V36/><F36/><W25/><G25/><T75/><D75/><U2/><REACH who="1" step="1"/><E96/><REACH who="1" ten="320,198,310,162" step="2"/><V24/><F113/><W135/><G135/><T57/><D57/><U85/><E85/><V17/><F115/><W77/><G67/><T58/><D58/><U133/><E133/><V59/><F59/><W121/><G71/><T134/><D134/><U84/><E84/><V21/><F107/><N who="0" m="41034" /><D100/><U112/><E112/><V60/><F60/><W64/><G64/><T78/><D78/><AGARI ba="2,1" hai="1,2,3,6,8,12,76,78,79,81,82,83,126,127" machi="78" ten="50,1600,0" yaku="1,1,53,0" doraHai="116" doraHaiUra="129" who="1" fromWho="0" sc="320,-22,198,32,310,0,162,0" /><INIT seed="5,0,0,2,4,62" ten="298,230,310,162" oya="1" hai0="87,107,114,134,8,69,118,81,26,117,28,21,27" hai1="116,82,99,104,4,17,100,29,94,61,48,111,105" hai2="75,10,47,50,0,24,39,129,98,95,41,70,66" hai3="31,102,42,15,71,34,121,35,38,101,126,49,40"/><U63/><E116/><V58/><F75/><W93/><G121/><T112/><D107/><U54/><E4/><V122/><F122/><W109/><G109/><T119/><D69/><U131/><E111/><V55/><F129/><W72/><G72/><T103/><D103/><U9/><E29/><V1/><F24/><N who="0" m="9258" /><D81/><U108/><E108/><V86/><F86/><W12/><G126/><T84/><D8/><U106/><E131/><V14/><F14/><W51/><G93/><T115/><D134/><U45/><REACH who="1" step="1"/><E82/><REACH who="1" ten="298,220,310,162" step="2"/><V124/><F124/><W92/><G31/><T85/><D28/><U80/><E80/><V135/><F135/><W65/><G35/><T97/><D97/><U60/><E60/><N who="2" m="40263" /><F10/><W90/><G34/><T67/><D67/><U56/><E56/><V7/><F7/><W128/><G65/><T78/><D78/><U123/><E123/><V133/><F133/><W89/><G71/><T79/><D79/><U3/><E3/><V120/><F120/><W77/><G128/><T96/><D96/><U132/><E132/><V53/><F53/><W22/><G77/><T18/><D18/><U74/><E74/><V73/><F73/><W68/><G68/><T57/><D57/><U16/><E16/><V20/><F1/><W23/><G92/><T125/><D125/><U36/><E36/><AGARI ba="0,1" hai="12,15,22,23,36,38,40,42,49,51,89,90,101,102" machi="36" ten="25,1600,0" yaku="22,2" doraHai="62" who="3" fromWho="1" sc="298,0,220,-16,310,0,162,26" /><INIT seed="6,0,0,0,0,36" ten="298,204,310,188" oya="2" hai0="134,59,113,67,64,71,110,41,127,76,120,44,104" hai1="117,9,112,47,25,107,2,15,31,33,114,79,45" hai2="73,62,7,26,23,68,39,115,78,132,70,61,72" hai3="11,19,133,35,111,69,34,43,5,40,55,118,38"/><V81/><F39/><W74/><G111/><T98/><D120/><U60/><E107/><V58/><F115/><W85/><G118/><T75/><D110/><U102/><E117/><V30/><F132/><W88/><G74/><T28/><D134/><U20/><E102/><V86/><F7/><W109/><G109/><T22/><D113/><U84/><E60/><V135/><F135/><W93/><G133/><T108/><D127/><U97/><E97/><V18/><F30/><W128/><G69/><T0/><D108/><U48/><E79/><V42/><F42/><N who="3" m="15915" /><G38/><T49/><D0/><U103/><E103/><V119/><F119/><W4/><G35/><T10/><D10/><U46/><E84/><V116/><F116/><W126/><G34/><T122/><D122/><U53/><E114/><V51/><F51/><W1/><G1/><T3/><D3/><U50/><E112/><V90/><F72/><W54/><G128/><T123/><D123/><U129/><E129/><V100/><F100/><W66/><G66/><T65/><D104/><U82/><E82/><V12/><F26/><W80/><G80/><T99/><D71/><U63/><E63/><V56/><F62/><W92/><G92/><T77/><D75/><U57/><E2/><V87/><F73/><W8/><G126/><T105/><D105/><U131/><E131/><V27/><F27/><W94/><G94/><T130/><D130/><U29/><E29/><V13/><F13/><N who="3" m="7591" /><G5/><T14/><D14/><U21/><REACH who="1" step="1"/><E48/><REACH who="1" ten="298,194,310,188" step="2"/><V83/><F61/><W89/><G89/><T124/><D124/><U106/><E106/><RYUUKYOKU ba="0,1" sc="298,-30,194,10,310,10,188,10" hai1="9,15,20,21,25,31,33,45,46,47,50,53,57" hai2="12,18,23,56,58,68,70,78,81,83,86,87,90" hai3="4,11,54,55,85,88,93" /><INIT seed="6,1,1,0,1,58" ten="268,204,320,198" oya="2" hai0="13,122,10,53,84,96,45,6,18,4,26,66,16" hai1="12,125,110,48,80,3,55,123,25,0,75,28,124" hai2="92,49,74,83,129,37,81,22,132,77,98,111,31" hai3="106,109,36,103,2,1,57,44,102,21,30,86,52"/><V118/><F118/><W87/><G109/><T20/><D122/><U104/><E104/><V8/><F111/><W34/><G34/><T73/><D73/><U11/><E110/><V50/><F37/><W119/><G119/><T89/><D96/><U121/><E75/><V39/><F39/><W88/><G86/><T133/><D133/><U114/><E114/><V91/><F132/><W68/><G68/><T19/><D66/><U7/><E80/><V97/><F129/><W41/><G2/><N who="1" m="554" /><E48/><V82/><F8/><W63/><G1/><T47/><D19/><U130/><E55/><V131/><F131/><W69/><G106/><T79/><D79/><U43/><E43/><V14/><F98/><W51/><G69/><T60/><D60/><U67/><E67/><V94/><F94/><N who="3" m="54559" /><G36/><T78/><D78/><U29/><E130/><V24/><F14/><W32/><G32/><T61/><D47/><U115/><E115/><V127/><F127/><N who="1" m="48713" /><E29/><V116/><F116/><W93/><G93/><N who="0" m="54439" /><D45/><U134/><E134/><V112/><F112/><W56/><G56/><AGARI ba="1,1" hai="4,6,10,13,16,18,20,26,53,56,61" m="54439" machi="56" ten="30,3900,0" yaku="8,1,52,1,54,1" doraHai="58" who="0" fromWho="3" sc="268,52,204,0,320,0,198,-42" /><INIT seed="7,0,0,2,4,47" ten="320,204,320,156" oya="3" hai0="99,115,23,88,110,51,85,94,116,100,93,56,73" hai1="61,126,6,135,122,36,18,57,49,127,45,15,89" hai2="65,32,5,40,26,92,71,82,30,83,29,96,58" hai3="81,132,124,119,101,27,105,131,125,48,10,53,80"/><W72/><G119/><T43/><D116/><U35/><E35/><V69/><F40/><W86/><G72/><T98/><D110/><U68/><E122/><V123/><F123/><W31/><G131/><T109/><D109/><U67/><E6/><V7/><F30/><W95/><G132/><T129/><D129/><U75/><E75/><V55/><F65/><W14/><G105/><T62/><D73/><U63/><E135/><V111/><F111/><W87/><G124/><T107/><D115/><U8/><E89/><V90/><F69/><W25/><G125/><T104/><D23/><U46/><E127/><V76/><F71/><W0/><G0/><T103/><D43/><U42/><E126/><V52/><F55/><W34/><G27/><T12/><D12/><U37/><REACH who="1" step="1"/><E45/><REACH who="1" ten="320,194,320,156" step="2"/><V113/><F113/><W130/><G130/><T118/><D118/><U60/><E60/><V2/><F2/><W24/><G34/><T28/><D62/><U54/><AGARI ba="0,1" hai="8,15,18,36,37,42,46,49,54,57,61,63,67,68" machi="54" ten="20,5200,0" yaku="1,1,0,1,7,1,52,1,53,0" doraHai="47" doraHaiUra="102" who="1" fromWho="1" sc="320,-13,194,62,320,-13,156,-26" owari="307,40.0,256,-14.0,307,11.0,130,-37.0" /></mjloggm>