<mjloggm ver="2.3"><GO type="97" lobby="0"/><UN n0="%E3%81%82%E3%81%96%E3%82%80%E3%81%8F%E3%82%93" n1="%4A%50%53%E6%9D%B1%E9%A2%A8" n2="%E5%B0%B1%E6%B4%BB%E7%94%9F%40%E5%B7%9D%E6%9D%91%E8%BB%8D%E5%9B%A3" n3="%75%72%61%64%6F%72%61" dan="14,15,15,13" rate="1941.14,1935.36,2045.78,1880.20" sx="M,M,M,M"/><TAIKYOKU oya="0"/><INIT seed="0,0,0,2,4,13" ten="250,250,250,250" oya="0" hai0="44,59,117,77,27,99,22,6,80,34,76,26,100" hai1="126,25,19,135,103,94,125,48,10,50,96,107,2" hai2="101,120,84,79,111,55,115,108,24,61,20,71,109" hai3="102,56,30,11,1,85,40,18,128,70,16,81,42"/><T36/><D117/><U88/><E2/><V4/><F115/><W105/><G70/><T91/><D6/><U39/><E39/><V92/><F120/><W116/><G116/><T38/><D34/><U90/><E135/><V118/><F118/><W31/><G128/><T45/><D38/><U134/><E134/><V114/><F114/><W123/><G123/><T95/><D27/><U122/><E122/><V0/><F0/><W106/><G102/><T110/><D110/><U64/><E64/><V52/><F4/><W89/><G106/><T35/><D35/><U8/><E90/><V33/><F33/><W73/><G73/><T74/><D59/><U7/><E7/><V97/><F84/><W5/><G105/><T83/><D36/><U82/><E82/><V66/><REACH who="2" step="1"/><F79/><REACH who="2" ten="250,250,240,250" step="2"/><W3/><G3/><T58/><D74/><U14/><E126/><V65/><F65/><W43/><REACH who="3" step="1"/><G56/><REACH who="3" ten="250,250,240,240" step="2"/><T75/><D58/><U121/><E121/><V46/><F46/><W131/><G131/><T12/><D45/><U93/><E125/><V23/><F23/><W21/><G21/><T69/><D44/><U41/><E107/><V15/><F15/><W98/><G98/><N who="0" m="57727" /><D12/><U124/><E124/><V54/><F54/><W119/><G119/><T68/><D75/><U17/><E14/><V62/><F62/><W63/><G63/><T113/><D113/><U87/><E25/><V60/><F60/><W37/><G37/><T129/><D26/><U67/><E67/><V9/><F9/><N who="1" m="3689" /><E41/><V57/><F57/><W104/><G104/><T51/><D99/><U112/><E112/><RYUUKYOKU ba="0,2" sc="250,-30,250,10,240,10,240,10" hai1="17,19,48,50,87,88,93,94,96,103" hai2="20,24,52,55,61,66,71,92,97,101,108,109,111" hai3="1,5,11,16,18,30,31,40,42,43,81,85,89" /><INIT seed="1,1,2,4,4,58" ten="220,260,250,250" oya="1" hai0="73,35,72,114,50,0,60,46,85,118,20,6,113" hai1="120,93,121,37,11,1,109,42,116,41,55,71,110" hai2="64,27,83,78,75,76,135,14,28,128,30,101,111" hai3="77,52,23,18,79,69,10,5,21,125,117,13,65"/><U63/><E1/><V129/><F111/><N who="1" m="42505" /><E116/><V17/><F135/><W123/><G123/><N who="1" m="47178" /><E93/><V3/><F3/><W124/><G117/><T44/><D35/><U36/><E11/><V25/><F101/><W61/><G23/><T105/><D105/><U34/><E34/><V24/><F64/><W39/><G39/><N who="1" m="14922" /><E55/><V134/><F78/><W68/><G68/><T8/><D20/><U122/><N who="1" m="47186" /><U2/><DORA hai="81" /><E2/><V130/><F134/><W48/><G79/><T53/><D118/><U126/><E126/><V32/><F32/><W84/><G84/><T22/><D85/><U66/><AGARI ba="1,2" hai="41,42,63,66,71" m="14922,47186,42505" machi="66" ten="50,12000,1" yaku="14,1,10,1,34,2,52,1" doraHai="58,81" who="1" fromWho="1" sc="220,-41,260,143,250,-41,250,-41" /><INIT seed="1,2,0,1,1,123" ten="179,403,209,209" oya="1" hai0="69,134,2,115,83,99,98,105,19,58,81,28,53" hai1="51,18,0,65,71,110,22,54,133,82,118,77,55" hai2="107,64,3,122,85,128,92,74,42,13,117,101,68" hai3="86,43,29,27,7,63,78,72,112,21,30,89,79"/><U102/><E118/><V48/><F3/><W26/><G112/><T11/><D69/><U73/><E0/><V12/><F74/><W20/><G43/><T126/><D115/><U104/><E133/><V130/><F117/><W109/><G109/><T113/><D113/><U44/><E110/><V60/><F122/><W17/><G72/><T37/><D37/><U15/><E65/><V66/><F66/><W40/><G40/><T125/><D28/><U96/><REACH who="1" step="1"/><E71/><REACH who="1" ten="179,393,209,209" step="2"/><V35/><F64/><W8/><G63/><T111/><D134/><U5/><E5/><V75/><F60/><W121/><G121/><T94/><D111/><U108/><E108/><V14/><F68/><W45/><G7/><T129/><D2/><U10/><E10/><V95/><F128/><W70/><G70/><T67/><D129/><U9/><E9/><V119/><F130/><W106/><G8/><T100/><D11/><U116/><E116/><V56/><F119/><W87/><G106/><T46/><D105/><U120/><E120/><V80/><F107/><W135/><G135/><T103/><D67/><U76/><E76/><V47/><F35/><W36/><G79/><T93/><D126/><U57/><E57/><V33/><F33/><W62/><G62/><N who="0" m="36175" /><D125/><U23/><E23/><V38/><F56/><W61/><G61/><T97/><D46/><U88/><E88/><N who="2" m="51239" /><F101/><W4/><G4/><T6/><D6/><U91/><E91/><V39/><F75/><W1/><G1/><T131/><D103/><U25/><E25/><V90/><F90/><W41/><G78/><T114/><D131/><RYUUKYOKU ba="2,1" sc="179,-15,393,15,209,15,209,-15" hai1="15,18,22,44,51,54,55,73,77,82,96,102,104" hai2="12,13,14,38,39,42,47,48,92,95" /><INIT seed="1,3,1,2,3,13" ten="164,408,224,194" oya="1" hai0="65,71,112,32,114,33,117,43,56,85,131,46,57" hai1="20,124,61,95,96,94,93,45,2,22,12,7,73" hai2="98,101,54,135,9,34,109,132,62,42,72,31,108" hai3="67,92,52,130,91,29,27,64,0,86,59,3,76"/><U74/><E124/><V26/><F42/><W60/><G130/><T39/><D117/><U38/><E61/><V53/><F72/><W25/><G76/><T113/><D131/><U99/><E2/><V123/><F9/><W48/><G67/><T89/><D71/><U10/><E38/><V1/><F1/><W11/><G11/><T4/><D4/><U121/><E45/><V49/><F62/><W116/><G116/><T127/><D127/><U122/><E12/><V50/><F50/><W24/><REACH who="3" step="1"/><G29/><REACH who="3" ten="164,408,224,184" step="2"/><T120/><D120/><U125/><E10/><V37/><F123/><W80/><G80/><T81/><REACH who="0" step="1"/><D65/><REACH who="0" ten="154,408,224,184" step="2"/><U78/><E121/><V134/><F134/><W79/><G79/><T58/><AGARI ba="3,3" hai="32,33,39,43,46,56,57,58,81,85,89,112,113,114" machi="58" ten="40,5200,0" yaku="1,1,2,1,0,1,53,0" doraHai="13" doraHaiUra="19" who="0" fromWho="0" sc="154,91,408,-29,224,-16,184,-16" /><INIT seed="2,0,0,3,4,65" ten="245,379,208,168" oya="2" hai0="124,69,4,73,116,43,41,117,127,87,110,82,125" hai1="16,94,39,121,27,119,75,92,130,47,20,126,90" hai2="72,23,61,85,8,123,97,102,3,0,37,25,62" hai3="52,45,88,29,22,64,84,113,71,115,104,15,99"/><V21/><F123/><W120/><G120/><T2/><D73/><U1/><E119/><N who="0" m="45641" /><D110/><U9/><E75/><V31/><F72/><W91/><G104/><T132/><D132/><U5/><E121/><V129/><F37/><W86/><G99/><T57/><D57/><U83/><E83/><V7/><F129/><W48/><G15/><T54/><D54/><U134/><E134/><V101/><F101/><W38/><G38/><T53/><D53/><U26/><E130/><V79/><F23/><W131/><G131/><T105/><D105/><U58/><E126/><V60/><F85/><W128/><G128/><T78/><D69/><U81/><E26/><V13/><REACH who="2" step="1"/><F79/><REACH who="2" ten="245,379,198,168" step="2"/><W18/><G29/><T76/><D78/><U77/><E77/><V67/><F67/><W63/><G86/><T6/><D2/><U107/><E39/><V80/><F80/><W49/><G84/><T50/><D87/><U89/><E81/><V135/><F135/><W93/><G49/><T118/><D50/><U74/><E74/><V112/><F112/><N who="3" m="43083" /><G93/><AGARI ba="0,1" hai="0,3,7,8,13,21,25,31,60,61,62,93,97,102" machi="93" ten="40,2000,0" yaku="1,1,53,0" doraHai="65" doraHaiUra="109" who="2" fromWho="3" sc="245,0,379,0,198,30,168,-20" /><INIT seed="2,1,0,4,0,40" ten="245,379,228,148" oya="2" hai0="86,2,44,133,99,36,72,132,73,128,21,3,1" hai1="79,61,31,64,62,112,126,42,0,17,110,75,13" hai2="88,80,51,135,41,134,20,48,93,121,77,100,89" hai3="35,129,18,114,6,113,5,49,24,116,8,7,54"/><V69/><F121/><W87/><G116/><T97/><D128/><U29/><E112/><N who="3" m="43114" /><G87/><T46/><D86/><U56/><E0/><V76/><F69/><W68/><G68/><T10/><D21/><U53/><E75/><N who="0" m="28745" /><D10/><U34/><E79/><N who="2" m="30283" /><F20/><W94/><G94/><T117/><D117/><U104/><E126/><V30/><F30/><N who="1" m="11273" /><E110/><V118/><F118/><W14/><G129/><T92/><D36/><U81/><E104/><V70/><F70/><W19/><G54/><T4/><D4/><N who="3" m="1641" /><G49/><N who="2" m="19017" /><F41/><W65/><G65/><T43/><D43/><U85/><E34/><V58/><F58/><W90/><G90/><N who="2" m="34921" /><F80/><W67/><G67/><T74/><D74/><U38/><E42/><V16/><F93/><W109/><G109/><T119/><D92/><U125/><E38/><V32/><F32/><W83/><G83/><T50/><D119/><U78/><E125/><V108/><F108/><W12/><G35/><T27/><D3/><U33/><E33/><V84/><F84/><W55/><G55/><T105/><D2/><U28/><E28/><V63/><F63/><W98/><G98/><T107/><D1/><U123/><E123/><V115/><F115/><W91/><G91/><T103/><D99/><U45/><E45/><V37/><F100/><W106/><G106/><T23/><D107/><U26/><E26/><V9/><F37/><W39/><G39/><T59/><D105/><U22/><E62/><V122/><F122/><W131/><N who="3" m="1649" /><W96/><DORA hai="124" /><G96/><T15/><D97/><U47/><E47/><V111/><F111/><W127/><G127/><T52/><D46/><RYUUKYOKU ba="1,0" sc="245,-15,379,15,228,15,148,-15" hai1="13,17,22,53,56,61,64,78,81,85" hai2="9,16,134,135" /><INIT seed="2,2,0,1,3,51" ten="230,394,243,133" oya="2" hai0="110,96,40,88,135,45,22,80,32,57,125,109,65" hai1="71,94,98,62,9,23,38,91,78,116,30,4,128" hai2="60,43,1,81,130,49,97,44,118,107,131,41,31" hai3="77,79,5,42,119,122,133,54,34,120,6,8,63"/><V13/><F118/><W7/><G34/><T100/><D32/><U3/><E38/><V87/><F1/><W14/><G119/><T15/><D135/><U67/><E116/><V95/><F107/><W61/><G42/><T58/><D125/><U39/><E39/><V37/><F31/><W76/><G133/><T83/><D65/><U106/><E128/><N who="2" m="49195" /><F60/><W33/><G33/><T25/><D15/><U121/><E121/><V90/><F13/><W46/><G122/><T126/><D126/><U36/><E36/><V101/><F37/><W105/><G105/><T26/><D26/><U64/><E64/><V104/><F104/><W92/><G92/><N who="0" m="56327" /><D100/><U24/><E78/><V21/><F21/><W53/><G120/><T56/><D22/><U12/><REACH who="1" step="1"/><E106/><REACH who="1" ten="230,384,243,133" step="2"/><V72/><F72/><W123/><G123/><T29/><D110/><U112/><E112/><V11/><F11/><W82/><G46/><T89/><D45/><U102/><E102/><V75/><F75/><W114/><G114/><T132/><D109/><U93/><E93/><V111/><F111/><W68/><G82/><T86/><D83/><U66/><E66/><V74/><F74/><W70/><G70/><T59/><D132/><U99/><E99/><V20/><F20/><W19/><REACH who="3" step="1"/><G68/><REACH who="3" ten="230,384,243,123" step="2"/><T85/><D80/><U2/><AGARI ba="2,2" hai="2,3,4,9,12,23,24,30,62,67,71,91,94,98" machi="2" ten="30,2000,0" yaku="1,1,0,1,53,0" doraHai="51" doraHaiUra="69" who="1" fromWho="1" sc="230,-7,384,46,243,-12,123,-7" /><INIT seed="3,0,0,3,2,100" ten="223,430,231,116" oya="3" hai0="95,65,135,41,133,2,53,1,81,37,20,121,124" hai1="125,33,76,127,83,103,73,114,11,82,85,6,15" hai2="61,3,94,14,57,46,27,38,48,104,106,79,108" hai3="99,25,23,110,58,115,77,16,92,78,102,130,132"/><W26/><G115/><T112/><D121/><U101/><E114/><V96/><F3/><W64/><G132/><N who="0" m="50763" /><D112/><U70/><E33/><V35/><F38/><W109/><G130/><T75/><D65/><U19/><E70/><V123/><F79/><W55/><G64/><T52/><D124/><N who="1" m="47691" /><E6/><V88/><F108/><N who="3" m="41579" /><G26/><T98/><D20/><U51/><E51/><AGARI ba="0,0" hai="16,23,25,51,55,58,77,78,92,99,102" m="41579" machi="51" ten="30,5800,0" yaku="14,1,10,1,54,1" doraHai="100" who="3" fromWho="1" sc="223,0,430,-58,231,0,116,58" /><INIT seed="3,1,0,0,0,114" ten="223,372,231,174" oya="3" hai0="108,134,106,15,84,32,12,82,125,94,47,91,121" hai1="79,14,93,128,97,129,16,73,31,95,39,98,118" hai2="11,77,26,67,78,105,75,83,53,124,63,60,55" hai3="1,62,107,51,64,10,92,100,29,48,6,17,109"/><W90/><G109/><T21/><D32/><U72/><E39/><V7/><F105/><W44/><G29/><T65/><D121/><U3/><E3/><V34/><F124/><W24/><G107/><T20/><D106/><U89/><E31/><V58/><F78/><W88/><G100/><T110/><D125/><U70/><E70/><V87/><F75/><W54/><G51/><T28/><D65/><U46/><E46/><V133/><F133/><W33/><G92/><T45/><D134/><U50/><E50/><V116/><F116/><W113/><G113/><T71/><D71/><U30/><E30/><V68/><F26/><W8/><G33/><T57/><D57/><U69/><E69/><V42/><F42/><W22/><REACH who="3" step="1"/><G10/><REACH who="3" ten="223,372,231,164" step="2"/><T101/><D110/><U5/><E73/><V43/><F34/><W104/><G104/><T36/><D36/><U59/><E72/><V76/><F43/><W119/><G119/><T80/><D28/><U135/><E118/><V122/><F122/><W66/><G66/><T117/><D108/><U49/><E135/><V38/><F38/><W56/><AGARI ba="1,1" hai="1,6,8,17,22,24,44,48,54,56,62,64,88,90" machi="56" ten="20,18000,2" yaku="1,1,0,1,7,1,54,1,53,2" doraHai="114" doraHaiUra="86" who="3" fromWho="3" sc="223,-61,372,-61,231,-61,164,193" owari="162,-34.0,311,11.0,170,-23.0,357,46.0" /></mjloggm>