<mjloggm ver="2.3"><GO type="169" lobby="0"/><UN n0="%E7%AB%B9%E7%94%B0%E8%AA%A0%E5%BF%97" n1="%E3%83%88%E3%83%88%E3%83%AA%E5%85%88%E7%94%9F%31%39%E6%AD%B3" n2="%E3%83%89%E3%82%A4%E3%83%AB" n3="%E9%A7%84%E5%A6%B9" dan="17,18,16,17" rate="2189.10,2190.84,2059.83,2155.67" sx="M,F,M,F"/><TAIKYOKU oya="0"/><INIT seed="0,0,0,5,4,66" ten="250,250,250,250" oya="0" hai0="47,95,127,62,40,0,124,82,94,52,44,78,36" hai1="101,49,130,83,23,7,76,98,106,46,115,26,19" hai2="68,93,85,34,32,89,57,28,53,102,104,16,15" hai3="9,51,132,14,70,38,29,25,87,31,43,42,20"/><T129/><D0/><U69/><E130/><V92/><F104/><W41/><G132/><T74/><D129/><U116/><E115/><V105/><F105/><W100/><G100/><T37/><D37/><U13/><E116/><V123/><F123/><W22/><G38/><T128/><D128/><U113/><E113/><V80/><F28/><W84/><G70/><T126/><REACH who="0" step="1"/><D47/><REACH who="0" ten="240,250,250,250" step="2"/><U21/><E46/><V91/><F32/><W111/><G111/><T54/><D54/><U103/><E13/><V96/><F34/><W77/><G41/><T30/><D30/><U75/><E26/><V131/><F131/><W121/><G42/><T71/><D71/><U48/><E69/><V35/><F35/><W122/><G43/><T125/><N who="0" m="32256" /><DORA hai="59" /><T58/><AGARI ba="0,1" hai="36,40,44,52,58,62,74,78,82,94,95" m="32256" machi="58" ten="60,36000,4" yaku="1,1,4,1,0,1,18,1,52,1,54,1,53,5" doraHai="66,59" doraHaiUra="73,135" who="0" fromWho="0" sc="240,370,250,-120,250,-120,250,-120" /><INIT seed="0,1,0,1,4,16" ten="610,130,130,130" oya="0" hai0="63,100,80,68,12,54,48,75,28,121,69,109,38" hai1="127,5,98,119,31,35,89,134,40,95,131,18,60" hai2="10,118,2,27,21,71,25,15,85,67,84,59,102" hai3="105,113,1,91,106,36,19,81,82,22,17,111,86"/><T110/><D121/><U74/><E119/><V23/><F71/><W116/><G113/><T87/><D38/><U79/><E127/><V123/><F123/><W39/><G116/><T96/><D75/><U72/><E131/><V14/><F118/><W122/><G122/><T53/><D28/><U8/><E134/><V13/><F102/><W126/><G1/><T97/><D97/><U57/><E79/><V62/><F2/><W43/><G43/><T30/><D30/><U64/><E40/><V104/><F104/><W7/><G7/><T56/><D12/><U58/><E18/><N who="2" m="12471" /><F10/><W78/><G126/><T103/><D103/><U9/><E9/><V24/><F24/><W114/><G114/><T0/><D0/><U29/><E35/><V33/><F33/><W93/><G17/><AGARI ba="1,0" hai="13,14,15,17,23,27,59,62,67,84,85" m="12471" machi="17" ten="30,3900,0" yaku="8,1,52,2" doraHai="16" who="2" fromWho="3" sc="610,0,130,0,130,42,130,-42" /><INIT seed="1,0,0,1,5,111" ten="610,130,172,88" oya="1" hai0="120,57,64,65,127,63,5,116,37,48,94,76,19" hai1="1,3,133,84,129,123,124,107,32,92,67,114,90" hai2="55,11,41,110,109,99,87,54,135,122,27,62,50" hai3="108,56,4,24,100,44,23,52,115,101,89,83,22"/><U21/><E123/><V68/><F122/><W80/><G108/><N who="2" m="41577" /><F41/><W82/><G115/><T78/><D37/><U6/><E32/><V7/><F99/><W28/><G44/><T106/><D5/><U12/><E107/><V118/><F118/><W75/><G75/><T39/><D39/><U25/><E114/><V74/><F74/><W126/><G126/><T72/><D72/><U58/><E124/><V125/><F125/><W69/><G69/><T33/><D33/><U117/><E117/><V35/><F135/><W16/><G89/><T59/><D78/><U31/><E133/><V14/><F87/><W45/><G45/><T49/><D76/><U105/><E105/><V85/><F85/><W40/><G40/><T102/><D106/><U20/><E129/><V96/><F96/><W46/><G46/><T34/><D34/><U121/><E121/><V119/><F119/><W8/><G4/><T71/><D71/><U17/><REACH who="1" step="1"/><E6/><REACH who="1" ten="610,120,172,88" step="2"/><V134/><F134/><W9/><G100/><T103/><D102/><U79/><E79/><V15/><F35/><W91/><G101/><T26/><D103/><U88/><E88/><V70/><F7/><W98/><G91/><T60/><D127/><U2/><E2/><V93/><F14/><N who="3" m="9495" /><G98/><T73/><D120/><U86/><E86/><V30/><F15/><W104/><G104/><T113/><D116/><U29/><E29/><V77/><F30/><W53/><G28/><T128/><D128/><U47/><E47/><V66/><F77/><W130/><G130/><T36/><D73/><U0/><E0/><V10/><F27/><RYUUKYOKU ba="0,1" sc="610,-10,120,30,172,-10,88,-10" hai1="1,3,12,17,20,21,25,31,58,67,84,90,92" /><INIT seed="1,1,1,0,2,110" ten="600,150,162,78" oya="1" hai0="78,118,48,41,128,83,126,61,72,15,120,133,42" hai1="26,57,19,131,88,86,103,56,75,38,115,85,127" hai2="55,63,31,99,89,49,13,37,116,94,97,23,117" hai3="112,9,69,25,16,51,102,12,22,6,113,107,82"/><U109/><E115/><V67/><F37/><W5/><G69/><T62/><D118/><U124/><E75/><V114/><F114/><W44/><G5/><T1/><D1/><U122/><E122/><V74/><F74/><W8/><G8/><T64/><D62/><U39/><E131/><V130/><F130/><W87/><G102/><T98/><D128/><U18/><E103/><V84/><F99/><W58/><G58/><N who="1" m="22634" /><E109/><V71/><F97/><W81/><G107/><T47/><D61/><U123/><E123/><V70/><F70/><W125/><G81/><T119/><D72/><U108/><E108/><V46/><REACH who="2" step="1"/><F13/><REACH who="2" ten="600,150,152,78" step="2"/><W111/><G111/><T29/><D15/><U135/><E85/><V32/><F32/><W21/><G125/><N who="1" m="48202" /><E135/><V52/><F52/><W132/><G132/><T96/><D133/><U0/><E0/><V79/><F79/><W76/><G22/><T35/><D78/><U66/><E66/><V20/><F20/><W100/><G100/><T90/><D64/><U129/><E129/><V40/><F40/><AGARI ba="1,2" hai="6,9,12,16,21,25,40,44,51,76,82,87,112,113" machi="40" ten="30,12000,2" yaku="7,1,25,2,52,2,54,1" doraHai="110" who="3" fromWho="2" sc="600,0,150,0,152,-123,78,143" /><INIT seed="2,0,0,5,4,131" ten="600,150,29,221" oya="2" hai0="44,107,114,68,76,49,16,18,120,0,54,103,118" hai1="113,121,34,111,17,117,74,88,3,41,13,39,94" hai2="28,128,35,14,85,97,98,66,24,91,62,46,104" hai3="10,112,122,57,127,59,53,79,5,101,56,61,86"/><V6/><F128/><W129/><G122/><T55/><D68/><U21/><E113/><V20/><F46/><W82/><G129/><T4/><D76/><U36/><E117/><V51/><F51/><W108/><G108/><T73/><D73/><U32/><E3/><V102/><F97/><W99/><G112/><T50/><D114/><U135/><E74/><V109/><F109/><W15/><G127/><T83/><D83/><U65/><E111/><V45/><F45/><W126/><G126/><T19/><D120/><U40/><E121/><V95/><F6/><W89/><G79/><T29/><D29/><U133/><E65/><V81/><F14/><W119/><G119/><T92/><D107/><AGARI ba="0,0" hai="5,10,15,53,56,57,59,61,82,86,89,99,101,107" machi="107" ten="30,1000,0" yaku="7,1" doraHai="131" who="3" fromWho="0" sc="600,-10,150,0,29,0,221,10" /><INIT seed="3,0,0,5,2,114" ten="590,150,29,231" oya="3" hai0="87,49,106,52,74,45,23,39,62,130,8,132,120" hai1="101,11,97,24,77,34,66,16,80,4,125,118,83" hai2="96,20,27,22,127,90,9,0,91,112,119,129,79" hai3="82,107,71,84,59,102,42,100,61,113,5,41,18"/><W133/><G71/><T14/><D74/><U36/><E36/><V68/><F112/><W73/><G73/><T3/><D106/><U25/><E125/><V51/><F68/><W50/><G113/><T21/><D3/><U46/><E118/><V15/><F127/><W76/><G133/><T75/><D75/><U48/><E66/><V111/><F111/><W95/><G107/><T94/><D120/><U121/><E121/><V122/><F122/><W60/><G5/><T33/><D33/><U13/><E34/><V70/><F70/><W1/><G1/><T86/><D39/><U47/><E47/><V134/><F134/><W92/><G18/><T78/><D130/><U30/><E30/><V55/><F129/><W67/><G61/><T109/><D109/><U43/><E83/><V10/><F79/><W44/><G41/><T110/><D110/><U98/><E16/><V31/><F96/><W38/><G38/><T2/><D62/><U81/><E81/><V56/><F0/><W57/><G57/><T63/><D63/><U58/><E58/><V115/><F115/><W88/><REACH who="3" step="1"/><G95/><REACH who="3" ten="590,150,29,221" step="2"/><T117/><D2/><U53/><E43/><V17/><REACH who="2" step="1"/><F119/><REACH who="2" ten="590,150,19,221" step="2"/><W89/><G89/><AGARI ba="0,2" hai="9,10,15,17,20,22,27,31,51,55,56,89,90,91" machi="89" ten="40,5200,0" yaku="1,1,2,1,8,1,53,0" doraHai="114" doraHaiUra="104" who="2" fromWho="3" sc="590,0,150,0,19,72,221,-52" /><INIT seed="4,0,0,2,5,135" ten="590,150,91,169" oya="0" hai0="99,59,104,79,40,77,31,1,80,120,54,17,70" hai1="45,128,47,114,8,81,89,118,109,83,25,48,49" hai2="46,28,122,20,5,29,0,125,102,98,58,43,96" hai3="44,62,119,103,106,38,75,2,24,86,6,11,51"/><T115/><D120/><U30/><E109/><V124/><F122/><W35/><G75/><T57/><D70/><U41/><E118/><V52/><F5/><W14/><G38/><T74/><D1/><U9/><E128/><V131/><F131/><W56/><G119/><T105/><D79/><U85/><E83/><V23/><F0/><W84/><G2/><T132/><D40/><U19/><E19/><V112/><F112/><W134/><G134/><T88/><D31/><N who="2" m="11850" /><F43/><N who="3" m="24991" /><G106/><T18/><D115/><U66/><E66/><V7/><F7/><W22/><G103/><T82/><D59/><U68/><E68/><V108/><F46/><W69/><G35/><T12/><D18/><U100/><E100/><V123/><F108/><W94/><G94/><T13/><D13/><U61/><E61/><N who="2" m="36039" /><F123/><W97/><G69/><T72/><D72/><U53/><REACH who="1" step="1"/><E114/><REACH who="1" ten="590,140,91,169" step="2"/><V130/><F130/><W90/><G62/><N who="0" m="36151" /><D17/><U113/><E113/><V32/><F32/><AGARI ba="0,1" hai="8,9,25,30,32,41,45,47,48,49,53,81,85,89" machi="32" ten="30,2000,0" yaku="1,1,7,1,53,0" doraHai="135" doraHaiUra="15" who="1" fromWho="2" sc="590,0,140,30,91,-20,169,0" /><INIT seed="5,0,0,0,5,55" ten="590,170,71,169" oya="1" hai0="15,68,7,3,73,48,17,101,74,117,86,16,40" hai1="106,41,127,8,98,107,120,53,88,92,67,85,4" hai2="77,91,87,1,81,28,71,122,134,43,60,133,65" hai3="36,104,103,132,109,124,22,37,38,76,27,123,10"/><U126/><E120/><V11/><F122/><W72/><G123/><T110/><D68/><U97/><E41/><V78/><F28/><W33/><G22/><T13/><D3/><U18/><E18/><V102/><F102/><W14/><G14/><T90/><D101/><U57/><E67/><V83/><F43/><W99/><G109/><T82/><D110/><U35/><E35/><V130/><F130/><W32/><G10/><T63/><D7/><U59/><E106/><V52/><F91/><W21/><G21/><T128/><D117/><U6/><E6/><V5/><REACH who="2" step="1"/><F52/><REACH who="2" ten="590,170,61,169" step="2"/><W29/><G33/><T34/><D90/><N who="1" m="55575" /><E53/><V66/><F66/><W46/><G124/><N who="1" m="47658" /><E107/><V79/><F79/><W19/><G104/><T9/><D40/><U96/><E96/><V94/><F94/><W89/><G99/><T131/><D34/><U50/><E97/><V69/><F69/><W108/><G32/><T93/><D131/><U118/><E118/><V129/><F129/><W23/><G108/><T39/><D128/><U47/><E47/><V95/><F95/><W70/><G46/><T51/><D93/><N who="1" m="54415" /><E50/><V62/><F62/><W64/><G64/><T61/><D51/><U54/><E54/><V2/><F2/><AGARI ba="0,1" hai="2,4,8,57,59" m="54415,47658,55575" machi="2" ten="30,11600,0" yaku="18,1,52,2,54,1" doraHai="55" who="1" fromWho="2" sc="590,0,170,126,61,-116,169,0" owari="590,69.0,296,10.0,-55,-56.0,169,-23.0" /></mjloggm>