<mjloggm ver="2.3"><GO type="169" lobby="0"/><UN n0="%E3%83%AF%E3%83%B3%E3%82%BF%E3%83%B3%EF%BC%A0%E6%A8%AA%E6%B5%9C" n1="%E3%82%BC%E3%83%AA%E3%83%BC%E7%8A%B6%E3%81%AE%E3%81%8A%E3%83%8A%E3%82%B9" n2="%E3%82%A6%E3%83%AB%E3%83%88%E3%83%A9%E7%AB%8B%E7%9B%B4" n3="%62%75%74%69%74%61%6D%61" dan="16,16,18,17" rate="2147.80,2048.19,2205.75,2134.37" sx="M,M,M,M"/><TAIKYOKU oya="0"/><INIT seed="0,0,0,5,4,70" ten="250,250,250,250" oya="0" hai0="85,81,124,22,19,25,123,80,117,66,45,50,44" hai1="126,42,84,128,94,101,23,52,16,100,112,55,28" hai2="1,107,64,135,92,7,86,30,18,89,114,72,109" hai3="78,88,121,20,116,125,57,127,71,75,104,79,41"/><T108/><D117/><U115/><E28/><V113/><F30/><W130/><G71/><T132/><D123/><U38/><E126/><N who="3" m="48138" /><G104/><T111/><D124/><U120/><E120/><V31/><F31/><W93/><G121/><T15/><D132/><U102/><E128/><V98/><F64/><W36/><G116/><T95/><D66/><U21/><E21/><V34/><F34/><W29/><G130/><T69/><D69/><U106/><E106/><V24/><F7/><W40/><G57/><T76/><D95/><U37/><E84/><V105/><F1/><W4/><G4/><T48/><D81/><U118/><E94/><V12/><F24/><N who="3" m="16519" /><G75/><T47/><REACH who="0" step="1"/><D25/><REACH who="0" ten="240,250,250,250" step="2"/><U129/><E118/><V74/><F135/><W59/><G79/><T68/><D68/><U5/><E129/><V96/><F92/><W122/><G78/><T8/><D8/><U2/><E102/><V82/><F105/><W56/><G122/><T13/><D13/><U33/><E2/><V10/><F107/><W53/><G93/><T131/><D131/><U73/><E101/><V83/><F12/><W9/><G9/><T91/><D91/><U61/><E100/><V51/><F10/><W103/><G88/><T62/><D62/><U26/><E61/><V46/><F89/><W6/><G103/><T14/><D14/><U49/><E26/><V60/><F82/><W87/><G87/><T43/><D43/><U35/><E42/><N who="2" m="25047" /><F83/><W3/><G41/><T65/><D65/><U32/><E73/><V63/><F74/><W58/><G40/><T17/><D17/><U99/><E16/><RYUUKYOKU ba="0,1" sc="240,30,250,-10,250,-10,250,-10" hai0="15,19,22,44,45,47,48,50,76,80,85,108,111" /><INIT seed="0,1,1,1,0,82" ten="270,240,240,240" oya="0" hai0="35,6,28,122,89,125,53,123,133,45,20,36,37" hai1="27,43,61,54,60,117,7,121,49,24,131,64,31" hai2="109,14,73,119,132,40,58,85,65,130,91,88,67" hai3="23,15,77,115,80,71,99,70,62,127,66,33,68"/><T113/><D113/><U17/><E117/><V112/><F73/><W16/><G33/><T63/><D35/><U118/><E118/><V56/><F112/><W102/><G127/><T22/><D6/><U106/><E106/><V87/><F119/><W101/><G115/><T13/><D125/><U32/><E121/><V84/><F130/><W46/><G46/><T98/><D13/><U39/><E131/><V26/><F132/><W116/><G116/><T52/><D133/><U51/><E7/><V8/><F40/><W111/><G111/><T0/><D0/><U2/><E2/><V48/><F26/><W129/><G129/><T10/><D10/><U69/><E61/><N who="2" m="38071" /><F109/><W105/><REACH who="3" step="1"/><G102/><REACH who="3" ten="270,240,240,230" step="2"/><T92/><D45/><U21/><E39/><V42/><F42/><W75/><AGARI ba="1,2" hai="15,16,23,62,66,68,70,71,75,77,80,99,101,105" machi="75" ten="20,12000,2" yaku="1,1,2,1,0,1,7,1,54,1,53,1" doraHai="82" doraHaiUra="9" who="3" fromWho="3" sc="270,-61,240,-31,240,-31,230,143" /><INIT seed="1,0,0,4,1,35" ten="209,209,209,373" oya="1" hai0="56,113,89,133,81,100,118,119,59,13,11,15,38" hai1="57,47,9,37,27,41,92,17,48,101,23,98,83" hai2="129,34,52,5,49,112,16,106,85,51,77,8,7" hai3="130,61,114,91,99,19,115,107,103,87,4,70,102"/><U32/><E32/><V6/><F106/><W124/><G124/><T63/><D113/><U66/><E83/><N who="2" m="47343" /><F34/><W72/><G72/><T135/><D38/><U29/><E37/><V24/><F129/><W73/><G73/><T78/><D100/><U121/><E121/><V22/><F112/><W134/><G130/><T43/><D43/><U82/><E82/><V75/><F75/><W122/><G122/><T12/><D89/><U64/><E57/><N who="2" m="32911" /><F51/><W58/><G70/><T97/><D97/><U74/><E74/><V71/><F71/><W88/><G103/><T2/><D81/><U36/><E36/><V14/><AGARI ba="0,0" hai="5,6,7,8,14,16,22,24" m="32911,47343" machi="14" ten="30,4000,0" yaku="8,1,54,2" doraHai="35" who="2" fromWho="2" sc="209,-10,209,-20,209,40,373,-10" /><INIT seed="2,0,0,5,5,74" ten="199,189,249,363" oya="2" hai0="101,38,62,91,69,80,30,66,59,29,52,36,71" hai1="40,93,15,132,18,16,24,67,56,64,134,119,22" hai2="31,25,103,123,84,104,68,92,3,32,82,2,7" hai3="4,117,27,34,12,99,97,33,77,43,11,6,35"/><V13/><F123/><W129/><G117/><T87/><D101/><U95/><E119/><V44/><F68/><W124/><G129/><T63/><REACH who="0" step="1"/><D71/><REACH who="0" ten="189,189,249,363" step="2"/><U125/><E125/><V26/><F103/><W17/><G124/><T39/><AGARI ba="0,1" hai="29,30,36,38,39,52,59,62,63,66,69,80,87,91" machi="39" ten="30,7900,0" yaku="1,1,2,1,0,1,54,1,53,0" doraHai="74" doraHaiUra="21" who="0" fromWho="0" sc="189,89,189,-20,249,-39,363,-20" /><INIT seed="3,0,0,3,0,48" ten="278,169,210,343" oya="3" hai0="119,51,30,5,79,9,76,24,19,14,55,72,44" hai1="37,81,7,36,26,47,88,106,59,133,128,62,98" hai2="135,123,54,11,53,99,13,93,85,70,22,125,45" hai3="91,2,49,86,84,29,6,67,131,73,82,68,52"/><W60/><G131/><T63/><D119/><U33/><E128/><V109/><F70/><W4/><G73/><T32/><D72/><U122/><E122/><V124/><F123/><W96/><G29/><T43/><D63/><U18/><E7/><V8/><F109/><W130/><G130/><T10/><REACH who="0" step="1"/><D43/><REACH who="0" ten="268,169,210,343" step="2"/><U108/><E108/><V83/><F125/><W0/><G0/><AGARI ba="0,1" hai="0,5,9,10,14,19,24,30,32,44,51,55,76,79" machi="0" ten="30,7700,0" yaku="1,1,2,1,7,1,52,1,53,0" doraHai="48" doraHaiUra="107" who="0" fromWho="3" sc="268,87,169,0,210,0,343,-77" /><INIT seed="4,0,0,1,5,17" ten="355,169,210,266" oya="0" hai0="105,10,82,49,91,103,2,44,50,52,93,41,86" hai1="72,26,88,112,62,15,79,107,127,135,81,3,98" hai2="78,65,27,47,63,95,96,29,38,124,60,134,101" hai3="30,12,53,6,59,83,43,67,122,119,69,32,24"/><T123/><D123/><U42/><E3/><V56/><F124/><W35/><G122/><T125/><D125/><U106/><E127/><V51/><F134/><W54/><G119/><T71/><D71/><U116/><E116/><V55/><F78/><W85/><G43/><T22/><D105/><U20/><E135/><V31/><F38/><W80/><G69/><T99/><D10/><U87/><E42/><V133/><F133/><W18/><G6/><T7/><D7/><U111/><E111/><V126/><F126/><W117/><G35/><T130/><D2/><U5/><E112/><V1/><F1/><W121/><G121/><T34/><D34/><U46/><E46/><V36/><F36/><W37/><G37/><T39/><D130/><U114/><E114/><V84/><F84/><W0/><G0/><T110/><D110/><U64/><E15/><V45/><F63/><W120/><G120/><T90/><D90/><U21/><E5/><V131/><F131/><W129/><G129/><T4/><D4/><U25/><E62/><V94/><F94/><W97/><G97/><T108/><D108/><U58/><E58/><V9/><F9/><W57/><G67/><T28/><D39/><U19/><E64/><V89/><F89/><W92/><G92/><T118/><D118/><U132/><E98/><V40/><F27/><W109/><G109/><T73/><D73/><U128/><E128/><V74/><F74/><W75/><G75/><T113/><D113/><U70/><E132/><V48/><AGARI ba="0,0" hai="29,31,40,45,47,48,51,55,56,60,65,95,96,101" machi="48" ten="20,2700,0" yaku="0,1,7,1,8,1" doraHai="17" who="2" fromWho="2" sc="355,-13,169,-7,210,27,266,-7" /><INIT seed="5,0,0,1,2,76" ten="342,162,237,259" oya="1" hai0="106,102,22,134,13,49,55,51,77,71,11,2,128" hai1="7,96,92,104,8,56,122,79,132,97,32,91,121" hai2="15,94,44,100,115,119,127,37,75,14,61,63,114" hai3="23,112,131,29,125,117,5,21,3,89,72,73,53"/><U133/><E32/><V70/><F119/><W36/><G36/><T123/><D71/><U52/><E79/><V48/><F37/><W93/><G112/><N who="2" m="43049" /><F75/><W27/><G131/><T68/><D68/><U126/><E104/><V64/><F63/><W87/><G125/><T85/><D128/><U135/><E126/><V120/><F120/><W80/><G117/><T57/><D2/><U41/><E41/><N who="2" m="24591" /><F127/><W16/><G53/><T118/><D118/><U4/><E97/><AGARI ba="0,0" hai="14,15,61,64,70,94,97,100" m="24591,43049" machi="97" ten="30,2000,0" yaku="15,1,11,1" doraHai="76" who="2" fromWho="1" sc="342,0,162,-20,237,20,259,0" /><INIT seed="6,0,0,1,0,80" ten="342,142,257,259" oya="2" hai0="58,115,122,39,131,46,66,34,108,90,21,89,112" hai1="2,45,40,43,54,57,16,1,128,69,101,73,22" hai2="27,134,52,48,8,29,97,74,94,32,14,38,86" hai3="88,72,37,4,67,0,71,93,68,92,24,96,47"/><V82/><F134/><W55/><G72/><T129/><D34/><U113/><E69/><V9/><F38/><W83/><G67/><T36/><D108/><U11/><E73/><V76/><F14/><W12/><G0/><T56/><D122/><U124/><E124/><V81/><F81/><W70/><G83/><T33/><D33/><U91/><E128/><N who="0" m="49225" /><D21/><U50/><E113/><N who="0" m="43593" /><D66/><U49/><E101/><V133/><F133/><W23/><G4/><T79/><D79/><U42/><E91/><N who="0" m="34825" /><D46/><U78/><E78/><V98/><F74/><W31/><G47/><T30/><D30/><U64/><E64/><V135/><F135/><W127/><G23/><T35/><D35/><U53/><REACH who="1" step="1"/><E11/><REACH who="1" ten="342,132,257,259" step="2"/><V110/><F9/><W87/><G70/><T114/><D114/><U130/><E130/><V19/><F8/><W26/><G71/><T102/><D102/><U15/><AGARI ba="0,1" hai="1,2,15,16,22,40,42,43,45,49,50,53,54,57" machi="15" ten="30,4000,0" yaku="1,1,0,1,54,1,53,0" doraHai="80" doraHaiUra="123" who="1" fromWho="1" sc="342,-10,132,50,257,-20,259,-10" /><INIT seed="7,0,0,1,2,31" ten="332,182,237,249" oya="3" hai0="97,76,6,22,18,37,122,58,15,73,7,135,125" hai1="51,21,61,39,54,68,52,48,29,11,99,34,32" hai2="74,4,62,65,41,57,60,44,133,70,33,115,103" hai3="26,95,77,20,25,5,9,75,84,12,131,14,121"/><W2/><G75/><T69/><D122/><U79/><E39/><V3/><F74/><W93/><G121/><T23/><D69/><U116/><E116/><V109/><F33/><W102/><G131/><T30/><D37/><U50/><E79/><V118/><F103/><W67/><G67/><T123/><D123/><U66/><E11/><V92/><F92/><W101/><G26/><T64/><D97/><U80/><E80/><V88/><F88/><N who="3" m="53383" /><G2/><T46/><D46/><U63/><E99/><V56/><F70/><W127/><G77/><T91/><D91/><U0/><E0/><V8/><F109/><W17/><G127/><T89/><D89/><U129/><E129/><V16/><F115/><W112/><G112/><T108/><D108/><U124/><E124/><V128/><F128/><W38/><G38/><T71/><D71/><U72/><E72/><V42/><F133/><W55/><G95/><T132/><D125/><U10/><E10/><V47/><F118/><W94/><G94/><T111/><D111/><U43/><E43/><V59/><F65/><W45/><G25/><N who="0" m="16703" /><D64/><U85/><E85/><V114/><F114/><W126/><G126/><T98/><D58/><U86/><E86/><V96/><F96/><W130/><G130/><T104/><D104/><U78/><E78/><V83/><F42/><W106/><G106/><T107/><D98/><U28/><E28/><V119/><F41/><W117/><G117/><T1/><D107/><U105/><E105/><V53/><F119/><W120/><G102/><T110/><D73/><U87/><E87/><V100/><F100/><RYUUKYOKU ba="0,0" sc="332,0,182,0,237,0,249,0" owari="332,43.0,182,-32.0,237,-16.0,249,5.0" /></mjloggm>