<mjloggm ver="2.3"><GO type="169" lobby="0"/><UN n0="%E9%BB%92%E3%81%AE%E6%97%8B%E9%A2%A8" n1="%E3%82%A6%E3%83%AB%E3%83%88%E3%83%A9%E7%AB%8B%E7%9B%B4" n2="%E4%B8%8D%E8%A8%B1%E5%8F%AF" n3="%65%69%6B%31" dan="16,17,16,17" rate="2073.78,2204.39,2139.04,2144.79" sx="M,M,M,M"/><TAIKYOKU oya="0"/><INIT seed="0,0,0,4,5,47" ten="250,250,250,250" oya="0" hai0="20,122,57,7,96,77,95,35,1,86,109,108,83" hai1="14,30,132,49,97,39,8,120,134,66,133,82,84" hai2="27,116,87,60,73,56,5,75,90,28,101,29,9" hai3="118,37,48,114,31,62,51,93,124,40,117,65,85"/><T131/><D122/><U71/><E39/><V17/><F116/><N who="3" m="44651" /><G93/><T19/><D35/><U54/><E120/><V123/><F123/><W125/><G85/><T15/><D131/><U25/><E97/><V6/><F101/><W129/><G31/><T41/><D1/><U78/><E66/><V79/><F79/><W99/><G99/><T44/><D7/><U67/><E67/><V24/><F6/><W100/><G100/><T128/><D57/><U11/><E71/><V3/><F17/><W76/><G76/><T38/><REACH who="0" step="1"/><D128/><REACH who="0" ten="240,250,250,250" step="2"/><U98/><E133/><V12/><F56/><N who="3" m="37063" /><G129/><T74/><D74/><U130/><E130/><V91/><F3/><W46/><G114/><T2/><D2/><U61/><E134/><V104/><F5/><W88/><G88/><AGARI ba="0,1" hai="15,19,20,38,41,44,77,83,86,88,95,96,108,109" machi="88" ten="40,3900,0" yaku="1,1,54,1,53,0" doraHai="47" doraHaiUra="107" who="0" fromWho="3" sc="240,49,250,0,250,0,250,-39" /><INIT seed="0,1,0,4,5,88" ten="289,250,250,211" oya="0" hai0="41,30,67,94,86,18,81,6,48,133,57,123,52" hai1="119,23,21,13,120,78,130,114,47,127,29,104,77" hai2="70,110,0,22,45,85,17,20,72,69,80,32,43" hai3="128,42,35,101,79,90,28,71,108,111,64,121,1"/><T39/><D123/><U76/><E120/><V124/><F32/><W51/><G121/><T12/><D133/><U40/><E119/><V27/><F0/><W107/><G1/><T38/><D6/><U15/><E104/><V131/><F72/><W60/><G79/><T44/><D30/><U10/><E127/><V97/><F124/><W92/><G128/><T25/><D25/><U37/><E130/><V36/><F131/><W56/><G107/><T116/><D116/><U105/><E105/><V19/><F110/><N who="3" m="42027" /><G101/><T75/><D75/><U122/><E122/><V24/><REACH who="2" step="1"/><F97/><REACH who="2" ten="289,250,240,211" step="2"/><N who="3" m="57495" /><G35/><T54/><D39/><U95/><E114/><V73/><F73/><W91/><G28/><T2/><D2/><U59/><E29/><V53/><F53/><N who="3" m="31807" /><G91/><AGARI ba="1,1" hai="17,19,20,22,24,27,36,43,45,69,70,80,85,91" machi="91" ten="30,3900,0" yaku="1,1,7,1,9,1,53,0" doraHai="88" doraHaiUra="117" who="2" fromWho="3" sc="289,0,250,0,240,52,211,-42" /><INIT seed="1,0,0,1,5,82" ten="289,250,292,169" oya="1" hai0="1,125,16,50,60,119,134,87,116,45,27,126,57" hai1="75,117,76,133,39,105,131,104,44,38,31,42,33" hai2="71,127,132,36,24,109,107,3,70,100,101,14,95" hai3="77,12,20,113,65,11,73,129,102,93,29,54,28"/><U74/><E117/><V111/><F3/><W80/><G113/><T85/><D1/><U72/><E131/><V67/><F132/><W62/><G129/><T78/><D78/><U5/><E133/><V112/><F112/><W34/><G34/><T83/><D83/><U37/><E76/><V17/><F127/><N who="0" m="48650" /><D134/><U64/><E64/><V22/><F36/><N who="1" m="13929" /><E5/><V68/><F107/><W9/><G54/><N who="0" m="30031" /><D119/><U25/><AGARI ba="0,0" hai="25,31,33,39,42,44,72,74,75,104,105" m="13929" machi="25" ten="40,3900,0" yaku="33,2" doraHai="82" who="1" fromWho="1" sc="289,-13,250,39,292,-13,169,-13" /><INIT seed="1,1,0,0,5,1" ten="276,289,279,156" oya="1" hai0="12,106,23,35,2,115,48,47,50,86,81,132,7" hai1="92,96,95,73,44,33,22,62,114,39,112,108,113" hai2="14,66,17,116,16,134,4,25,51,65,27,52,80" hai3="63,104,13,123,55,32,127,117,120,21,110,111,28"/><U37/><E33/><V105/><F105/><W3/><G104/><T72/><D106/><U46/><E73/><V82/><F116/><W69/><G69/><T15/><D115/><U49/><E62/><V119/><F119/><W76/><G117/><T71/><D71/><U10/><E22/><N who="2" m="13511" /><F134/><W103/><G103/><T79/><D132/><U38/><E108/><N who="3" m="41514" /><G76/><T40/><D35/><U0/><E96/><V97/><F97/><W109/><N who="3" m="41522" /><W99/><DORA hai="88" /><G99/><T68/><D68/><U124/><E124/><V101/><F101/><W5/><G55/><T18/><D2/><U8/><E0/><V128/><F128/><W130/><G63/><T30/><D30/><U91/><E91/><V67/><F27/><N who="3" m="18463" /><G130/><T122/><D122/><N who="3" m="46633" /><G127/><T20/><D50/><U70/><E70/><V100/><F100/><W6/><G3/><T83/><D83/><U84/><E84/><V58/><F82/><W87/><G87/><T78/><D78/><U9/><E49/><V131/><F80/><W45/><G45/><AGARI ba="1,0" hai="8,9,10,37,38,39,44,45,46,92,95,112,113,114" machi="45" ten="60,18000,2" yaku="29,2,28,2,52,2" doraHai="1,88" who="1" fromWho="3" sc="276,0,289,183,279,0,156,-183" owari="276,-12.0,472,57.0,279,8.0,-27,-53.0" /></mjloggm>