<mjloggm ver="2.3"><GO type="97" lobby="0"/><UN n0="%E5%B0%B1%E6%B4%BB%E7%94%9F%40%E5%B7%9D%E6%9D%91%E8%BB%8D%E5%9B%A3" n1="%4D%53%2D%30%36%52" n2="%E2%98%86%E9%80%86%E8%A5%B2%E3%81%AE%E8%A5%BF%E2%98%86" n3="%34%E5%88%86%E3%81%AE%33" dan="16,13,13,13" rate="2063.25,1865.74,1872.30,1965.06" sx="M,M,M,M"/><TAIKYOKU oya="0"/><INIT seed="0,0,0,5,0,134" ten="250,250,250,250" oya="0" hai0="77,67,108,53,58,55,47,54,81,46,129,99,57" hai1="132,84,66,116,101,103,115,130,127,28,11,61,124" hai2="2,122,73,91,41,21,62,14,70,133,128,37,24" hai3="110,18,119,121,43,80,113,4,92,72,71,102,19"/><T29/><D129/><U34/><E116/><V8/><F73/><W3/><G102/><N who="1" m="38922" /><E115/><V112/><F128/><W26/><G92/><T30/><D108/><U36/><E130/><V44/><F133/><W114/><G80/><T96/><D67/><U6/><E36/><V56/><F122/><W5/><G72/><T15/><D15/><N who="1" m="5623" /><E132/><V12/><F112/><W17/><G43/><T126/><D126/><N who="1" m="48171" /><E84/><V16/><F91/><W105/><G114/><T20/><D20/><U33/><E28/><V107/><F107/><W111/><G113/><T52/><D29/><U0/><E0/><V48/><F2/><W117/><G119/><T82/><D30/><U90/><E90/><V42/><F70/><AGARI ba="0,0" hai="33,34,61,66,70" m="48171,5623,38922" machi="70" ten="30,7700,0" yaku="18,1,52,3" doraHai="134" who="1" fromWho="2" sc="250,0,250,77,250,-77,250,0" /><INIT seed="1,0,0,5,5,73" ten="250,327,173,250" oya="1" hai0="60,59,99,95,110,58,33,121,32,34,13,43,119" hai1="117,44,82,111,61,85,47,69,75,55,101,116,67" hai2="86,133,53,66,132,92,64,125,128,22,9,130,88" hai3="83,26,120,81,38,118,37,102,4,27,89,2,25"/><U7/><E75/><V15/><F22/><W107/><G118/><T129/><D119/><U112/><E112/><V109/><F53/><W41/><G120/><T63/><D121/><U134/><E101/><V93/><F109/><W72/><G107/><T1/><D1/><U23/><E7/><V28/><F28/><W71/><G102/><T54/><D110/><U108/><E23/><V104/><F104/><W123/><G123/><T105/><D105/><U40/><E134/><N who="2" m="51819" /><F93/><W90/><G71/><T103/><D129/><N who="2" m="49770" /><F64/><W11/><G83/><T124/><D43/><U29/><E29/><V87/><F66/><W36/><REACH who="3" step="1"/><G41/><REACH who="3" ten="250,327,173,240" step="2"/><T115/><D103/><U24/><E117/><V68/><F68/><W21/><G21/><T79/><D34/><U70/><E116/><V127/><F87/><W91/><G91/><T14/><D33/><U74/><E70/><V56/><F56/><W31/><G31/><T131/><D32/><U65/><E69/><V80/><F80/><W45/><G45/><T76/><D131/><U20/><E47/><V49/><F49/><W18/><G18/><AGARI ba="0,1" hai="9,15,18,86,88,92,125,127" m="49770,51819" machi="18" ten="30,8000,1" yaku="30,2,20,1,19,1,54,1" doraHai="73" who="2" fromWho="3" sc="250,0,327,0,173,90,240,-80" /><INIT seed="2,0,0,4,0,66" ten="250,327,263,160" oya="2" hai0="33,10,84,71,44,6,31,23,100,51,26,114,27" hai1="37,41,125,108,98,38,22,18,46,9,56,54,21" hai2="80,93,123,62,7,45,103,69,49,15,25,43,113" hai3="53,129,4,107,58,76,82,68,61,65,57,97,28"/><V95/><F123/><W132/><G129/><T20/><D114/><U39/><E108/><V127/><F113/><W30/><G132/><T17/><D100/><U133/><E125/><V94/><F127/><W79/><G4/><T70/><D84/><U29/><E133/><V8/><F80/><W40/><G40/><T90/><D90/><U77/><E77/><V92/><F25/><W102/><G79/><T118/><D33/><U55/><E55/><V128/><F128/><W115/><G58/><T81/><D81/><U99/><E38/><V13/><F69/><W72/><REACH who="3" step="1"/><G115/><REACH who="3" ten="250,327,263,150" step="2"/><T110/><D118/><U19/><E56/><V52/><F7/><W42/><G42/><T78/><D78/><U32/><E41/><V124/><F124/><W96/><G96/><T91/><D110/><U24/><E99/><N who="2" m="59879" /><F8/><W101/><G101/><T86/><D10/><U131/><E9/><V119/><F119/><W104/><G104/><T75/><D6/><U64/><E131/><V109/><F109/><W88/><G88/><T106/><D75/><U111/><E111/><V1/><F1/><W74/><G74/><T135/><D106/><U11/><E11/><V126/><F126/><W105/><G105/><T116/><D116/><U0/><E0/><V16/><F43/><W134/><G134/><T120/><D120/><U87/><E39/><V47/><F45/><W14/><G14/><T63/><D135/><U12/><E37/><V130/><F130/><W117/><G117/><T35/><D91/><U36/><E36/><V73/><F73/><W85/><G85/><T89/><D86/><RYUUKYOKU ba="0,1" sc="250,-10,327,-10,263,-10,150,30" hai3="28,30,53,57,61,65,68,72,76,82,97,102,107" /><INIT seed="3,1,1,3,1,76" ten="240,317,253,180" oya="3" hai0="118,75,123,107,19,66,30,120,2,93,90,0,101" hai1="127,50,129,60,111,3,32,41,65,40,125,98,27" hai2="79,134,68,97,91,4,9,31,122,26,13,67,94" hai3="20,54,131,36,18,121,100,130,33,64,28,38,1"/><W29/><G121/><T89/><D75/><U133/><E3/><V24/><F122/><W45/><G1/><T113/><D118/><U22/><E111/><V115/><F115/><W99/><G64/><T49/><D113/><U63/><E32/><V17/><F134/><W135/><G135/><T61/><D107/><U12/><E133/><V83/><F68/><W96/><G33/><T80/><D30/><U62/><E12/><V81/><F67/><W21/><G54/><T48/><D2/><U58/><E129/><V15/><F79/><W85/><G85/><T112/><D0/><U52/><E98/><V119/><F119/><W23/><G18/><T74/><D112/><U95/><E95/><V70/><F70/><W73/><G73/><T103/><D120/><U71/><E27/><V14/><F26/><W55/><G55/><T116/><D19/><U78/><E78/><V35/><REACH who="2" step="1"/><F14/><REACH who="2" ten="240,317,243,180" step="2"/><W39/><G45/><T82/><D123/><U132/><E132/><V59/><F59/><W42/><G42/><T110/><D110/><U25/><E71/><V5/><F5/><W88/><G29/><T51/><D116/><U72/><E65/><V56/><F56/><W128/><G28/><T16/><D74/><U124/><E72/><V102/><F102/><W77/><G77/><T6/><D6/><U117/><E117/><V8/><AGARI ba="1,2" hai="4,8,9,13,15,17,24,31,35,81,83,91,94,97" machi="8" ten="20,8000,1" yaku="1,1,0,1,7,1,52,2,53,0" doraHai="76" doraHaiUra="57" who="2" fromWho="2" sc="240,-21,317,-21,243,103,180,-41" owari="219,-18.0,296,10.0,346,44.0,139,-36.0" /></mjloggm>