<mjloggm ver="2.3"><GO type="97" lobby="0"/><UN n0="%6F%6E%69%72%6F%6B%75" n1="%E5%B0%B1%E6%B4%BB%E7%94%9F%40%E5%B7%9D%E6%9D%91%E8%BB%8D%E5%9B%A3" n2="%6B%6F%75%33%32%38%34" n3="%64%68%69%6E%61%64%61%6E" dan="13,15,16,15" rate="1864.83,1952.90,2105.86,2038.94" sx="M,M,F,M"/><TAIKYOKU oya="0"/><INIT seed="0,0,0,1,4,101" ten="250,250,250,250" oya="0" hai0="37,98,50,4,14,31,54,58,118,35,23,111,44" hai1="97,25,105,96,74,61,100,71,5,92,130,82,83" hai2="57,1,12,131,49,40,30,124,128,16,104,102,59" hai3="63,109,90,0,33,6,93,69,3,112,18,53,115"/><T62/><D35/><U66/><E130/><N who="2" m="49707" /><F1/><W91/><G109/><T47/><D118/><U36/><E36/><V116/><F30/><W106/><G3/><T121/><D121/><U99/><E99/><N who="2" m="61535" /><F124/><W20/><G33/><T103/><D111/><U127/><E127/><V17/><F116/><W84/><G106/><T77/><D77/><U70/><E70/><V15/><F40/><W48/><G6/><T41/><D31/><U113/><E113/><V26/><F26/><W45/><G0/><T8/><D23/><U38/><E38/><V9/><F49/><W42/><G91/><T13/><D47/><U126/><E5/><V55/><F55/><W81/><G81/><T80/><D80/><U52/><E74/><V32/><F32/><W51/><G63/><T73/><D73/><U46/><E25/><V89/><F89/><W122/><G69/><T10/><D37/><U135/><E126/><V120/><F120/><W29/><G29/><T76/><D76/><U95/><E52/><V123/><F123/><W56/><REACH who="3" step="1"/><G122/><REACH who="3" ten="250,250,250,240" step="2"/><T60/><D60/><U88/><E61/><V86/><F86/><W132/><G132/><T107/><REACH who="0" step="1"/><D10/><AGARI ba="0,1" hai="9,10,12,15,16,17,57,59" m="61535,49707" machi="10" ten="30,3900,0" yaku="19,1,52,1,54,1" doraHai="101" who="2" fromWho="0" sc="250,-39,250,0,250,49,240,0" /><INIT seed="1,0,0,3,1,128" ten="211,250,299,240" oya="1" hai0="63,24,112,117,76,40,126,98,78,30,111,123,42" hai1="92,1,49,110,28,95,66,43,0,82,93,64,50" hai2="90,14,71,9,65,79,3,61,119,121,108,116,58" hai3="18,87,67,34,102,115,122,39,103,33,57,6,134"/><U52/><E110/><V44/><F121/><W15/><G6/><T89/><D112/><U23/><E43/><V4/><F108/><W106/><G39/><T113/><D111/><U36/><E36/><V54/><F79/><W74/><G74/><T13/><D113/><U85/><E0/><V48/><F3/><W131/><G34/><T109/><D117/><U37/><E1/><V130/><F130/><W88/><G33/><T19/><D126/><U125/><E37/><V83/><F83/><W8/><G115/><T135/><D123/><U56/><E50/><V101/><F90/><W27/><G106/><T21/><D63/><U10/><E10/><V29/><F101/><W41/><G41/><T94/><D109/><U20/><E125/><V105/><F105/><W96/><G27/><T26/><D135/><U70/><E70/><V129/><F129/><W86/><G134/><T5/><D26/><N who="1" m="16455" /><E23/><V59/><F29/><W35/><G35/><T118/><D5/><U31/><E31/><V132/><F132/><W47/><G131/><T104/><D104/><U55/><E55/><V68/><F68/><W17/><G67/><T32/><D118/><U16/><E16/><V62/><F71/><W38/><G18/><T100/><D89/><AGARI ba="0,0" hai="49,52,56,64,66,82,85,89,92,93,95" m="16455" machi="89" ten="30,2900,0" yaku="8,1,54,1" doraHai="128" who="1" fromWho="0" sc="211,-29,250,29,299,0,240,0" /><INIT seed="1,1,0,2,1,84" ten="182,279,299,240" oya="1" hai0="78,114,74,108,96,127,50,65,131,112,31,8,97" hai1="134,5,103,125,106,79,11,128,14,63,28,39,80" hai2="99,26,48,73,117,70,113,6,60,67,1,38,129" hai3="105,41,22,51,130,64,77,109,87,61,58,34,13"/><U116/><E116/><V49/><F117/><W90/><G109/><T133/><D65/><U86/><E39/><V72/><F49/><W68/><G34/><T18/><D31/><U2/><E128/><V102/><F48/><W21/><G130/><T123/><D50/><U43/><E134/><V19/><F19/><W30/><G105/><T101/><D18/><U33/><E125/><V44/><F129/><W52/><G77/><T15/><D15/><U16/><E43/><N who="2" m="22647" /><F26/><W121/><G121/><T122/><D8/><U111/><E111/><V25/><F25/><W59/><G30/><T120/><D131/><U35/><E28/><V4/><F4/><W110/><G110/><T81/><D108/><U57/><E103/><V118/><F113/><W76/><G76/><T55/><D55/><U95/><E95/><V10/><F118/><W126/><G126/><T92/><D127/><U104/><E104/><AGARI ba="1,0" hai="1,6,10,60,67,70,72,73,99,102,104" m="22647" machi="104" ten="30,2000,0" yaku="33,2" doraHai="84" who="2" fromWho="1" sc="182,0,279,-23,299,23,240,0" /><INIT seed="2,0,0,5,4,61" ten="182,256,322,240" oya="2" hai0="109,47,92,126,105,79,80,113,128,46,98,104,31" hai1="120,114,87,72,30,84,115,55,130,111,27,19,8" hai2="39,53,50,60,78,110,33,118,89,102,132,36,44" hai3="73,9,91,20,17,94,134,6,123,28,42,93,116"/><V62/><F118/><W58/><G123/><T122/><D122/><U117/><E72/><V67/><F33/><W129/><G116/><T29/><D113/><U4/><E117/><V96/><F132/><W15/><G134/><T16/><D109/><U0/><E120/><V26/><F26/><W68/><G68/><T37/><D126/><U127/><E111/><V43/><F78/><W135/><G135/><T82/><D128/><U133/><E133/><V11/><F110/><W75/><G129/><T12/><D37/><U101/><E130/><V119/><F119/><W99/><G28/><N who="0" m="10827" /><D105/><U65/><E101/><V108/><F108/><W14/><G42/><T70/><D70/><U100/><E100/><V90/><F11/><W81/><G81/><N who="0" m="31339" /><D79/><U97/><E127/><V76/><F76/><W124/><G124/><T5/><D5/><U13/><E55/><V38/><F62/><W10/><G94/><T88/><D104/><U18/><E97/><V49/><F49/><W57/><G75/><T45/><D45/><U63/><E114/><V24/><F43/><W112/><G73/><T52/><D52/><U25/><E115/><V74/><F74/><W77/><G77/><T34/><D34/><U121/><E121/><V40/><F40/><W95/><G112/><T35/><D35/><U125/><E125/><V32/><F32/><W64/><G95/><T131/><D131/><U85/><E30/><V107/><REACH who="2" step="1"/><F24/><REACH who="2" ten="182,256,312,240" step="2"/><N who="1" m="9289" /><E0/><V69/><AGARI ba="0,1" hai="36,38,39,44,50,53,60,67,69,89,90,96,102,107" machi="69" ten="30,11700,0" yaku="1,1,0,1,52,1,53,1" doraHai="61" doraHaiUra="103" who="2" fromWho="2" sc="182,-39,256,-39,312,127,240,-39" /><INIT seed="2,1,0,1,5,14" ten="143,217,439,201" oya="2" hai0="109,112,49,81,95,100,129,134,83,47,108,101,96" hai1="91,84,10,5,132,44,42,124,62,37,19,30,39" hai2="135,40,73,43,8,111,33,28,11,17,25,50,55" hai3="18,29,41,58,68,36,131,86,59,114,90,89,38"/><V120/><F120/><W46/><G131/><T1/><D49/><U16/><E124/><V82/><F135/><W53/><G68/><T64/><D47/><U71/><E132/><V45/><F111/><N who="0" m="42570" /><D64/><U24/><E39/><V7/><F73/><W106/><G29/><T23/><D134/><U92/><E71/><V3/><F82/><N who="0" m="31242" /><D23/><U94/><E62/><V35/><F35/><W57/><G38/><T121/><D1/><U22/><E94/><V48/><F48/><W105/><G53/><T118/><D121/><U52/><E52/><V77/><F77/><W122/><G122/><T13/><D13/><AGARI ba="1,0" hai="5,10,13,16,19,22,24,30,37,42,44,84,91,92" machi="13" ten="30,7700,0" yaku="7,1,52,2,54,1" doraHai="14" who="1" fromWho="0" sc="143,-80,217,80,439,0,201,0" /><INIT seed="3,0,0,1,5,87" ten="63,297,439,201" oya="3" hai0="89,75,15,82,34,25,94,52,14,48,72,50,86" hai1="122,103,11,67,22,0,79,30,53,47,5,76,104" hai2="18,115,8,109,45,69,97,129,96,64,39,31,33" hai3="77,66,58,21,91,10,112,4,23,134,70,12,85"/><W135/><G112/><T92/><D72/><U98/><E122/><V126/><F18/><W65/><G70/><T35/><D75/><U105/><E105/><V116/><F8/><W54/><G77/><T3/><D3/><U121/><E67/><N who="3" m="25610" /><G135/><T40/><D35/><U56/><E47/><V73/><F31/><W120/><G134/><T131/><D131/><U63/><E121/><V102/><F64/><W2/><G2/><T124/><D124/><U38/><E38/><V60/><F60/><N who="3" m="35927" /><G120/><T119/><D119/><U1/><E1/><V84/><F69/><W17/><G4/><T19/><D34/><U83/><E83/><AGARI ba="0,0" hai="10,12,17,21,23,83,85,91" m="35927,25610" machi="83" ten="30,2900,0" yaku="8,1,52,1" doraHai="87" who="3" fromWho="1" sc="63,0,297,-29,439,0,201,29" /><INIT seed="3,1,0,3,2,117" ten="63,268,439,230" oya="3" hai0="119,98,45,15,11,127,74,33,111,85,16,112,102" hai1="133,121,8,90,17,14,23,49,114,46,81,69,66" hai2="6,65,73,22,10,24,32,13,57,62,118,76,44" hai3="40,4,80,94,92,52,84,79,42,63,115,3,48"/><W106/><G115/><T36/><D74/><U25/><E121/><V37/><F118/><W125/><G106/><T100/><D33/><U97/><E114/><V70/><F32/><W95/><G125/><T135/><D127/><U120/><E120/><V28/><F73/><W50/><G4/><T19/><D111/><U1/><E133/><V88/><F76/><W56/><G3/><T9/><D135/><U2/><E66/><V105/><F105/><W20/><G20/><T130/><D130/><U108/><E69/><V18/><F70/><W21/><G21/><T26/><D119/><U27/><E27/><V107/><F107/><W31/><G31/><T61/><D112/><U82/><E108/><V129/><F129/><W71/><G71/><T30/><D36/><U67/><E67/><V41/><REACH who="2" step="1"/><F88/><REACH who="2" ten="63,268,429,230" step="2"/><W96/><REACH who="3" step="1"/><G96/><REACH who="3" ten="63,268,429,220" step="2"/><T54/><D98/><U0/><E0/><V89/><F89/><W124/><G124/><T86/><D102/><U38/><E2/><V109/><F109/><W126/><G126/><T113/><D100/><U78/><E1/><V53/><F53/><W104/><G104/><T51/><D113/><U128/><E128/><V132/><F132/><W64/><G64/><T59/><D30/><AGARI ba="1,2" hai="6,10,13,18,22,24,28,30,37,41,44,57,62,65" machi="30" ten="40,2600,0" yaku="1,1,53,1" doraHai="117" doraHaiUra="58" who="2" fromWho="0" sc="63,-29,268,0,429,49,220,0" owari="34,-47.0,268,7.0,478,58.0,220,-18.0" /></mjloggm>