<mjloggm ver="2.3"><GO type="41" lobby="0"/><UN n0="%E6%94%BB%E8%A9%A0%E7%AC%91" n1="%74%6F%72%74%69%6C%6C%61" n2="%6E%61%74%2D%76%61%6C%6F" n3="%E5%B0%B1%E6%B4%BB%E7%94%9F%40%E5%B7%9D%E6%9D%91%E8%BB%8D%E5%9B%A3" dan="13,13,13,17" rate="1873.72,1829.56,1948.06,2216.66" sx="M,M,M,M"/><TAIKYOKU oya="0"/><INIT seed="0,0,0,1,2,83" ten="250,250,250,250" oya="0" hai0="11,60,101,99,59,8,119,37,17,95,62,28,91" hai1="63,79,50,15,56,94,116,9,131,124,22,129,80" hai2="110,76,133,31,81,51,114,29,71,97,25,2,30" hai3="4,40,75,78,53,35,117,44,103,109,45,111,112"/><T88/><D119/><U43/><E116/><V24/><F71/><W115/><G35/><T92/><D37/><U86/><E124/><V54/><F114/><N who="3" m="43563" /><G4/><T90/><D28/><U113/><E113/><V121/><F2/><W13/><G103/><T27/><D95/><U10/><E94/><V128/><F133/><W55/><G13/><T57/><D27/><U108/><E108/><N who="3" m="41546" /><G78/><T122/><D122/><U69/><E69/><V67/><F121/><W73/><G40/><T6/><D17/><N who="1" m="10559" /><E50/><V21/><F67/><W33/><G33/><T26/><D26/><U5/><E43/><V39/><F39/><W126/><G126/><T102/><D101/><U74/><E74/><N who="3" m="28170" /><G117/><T118/><D118/><U130/><E5/><V36/><F36/><W14/><G14/><T41/><D41/><U7/><E7/><V84/><F110/><W20/><G20/><T48/><D48/><U106/><E106/><V65/><F65/><AGARI ba="0,0" hai="9,10,56,63,65,79,80,86,129,130,131" m="10559" machi="65" ten="30,2000,0" yaku="19,1,52,1" doraHai="83" who="1" fromWho="2" sc="250,0,250,20,250,-20,250,0" /><INIT seed="1,0,0,3,2,50" ten="250,270,230,250" oya="1" hai0="6,116,91,54,66,29,104,12,5,106,74,108,135" hai1="72,119,127,81,53,99,101,80,79,110,47,89,9" hai2="38,93,65,56,37,113,11,18,34,124,134,85,118" hai3="83,7,73,92,58,122,67,35,68,61,25,128,26"/><U42/><E119/><V44/><F34/><W69/><G122/><T60/><D116/><U55/><E127/><V96/><F118/><W77/><G128/><T105/><D74/><U4/><E110/><V8/><F134/><W123/><G123/><T94/><D108/><U0/><E89/><V129/><F124/><W100/><G7/><T36/><D36/><N who="1" m="21959" /><E80/><V82/><F38/><W15/><G15/><T13/><D135/><U121/><E121/><V131/><F113/><W90/><G100/><T109/><D109/><U51/><E51/><V133/><F37/><W40/><G40/><T27/><D54/><U21/><E21/><V52/><F44/><W114/><G114/><T132/><D132/><U41/><E41/><V63/><F133/><W88/><G90/><T126/><D126/><U49/><E49/><V2/><F2/><W24/><REACH who="3" step="1"/><G35/><REACH who="3" ten="250,270,230,240" step="2"/><T86/><D5/><U20/><E20/><V111/><F111/><W70/><G70/><T64/><D6/><U112/><E112/><V30/><F30/><W107/><G107/><AGARI ba="0,1" hai="0,4,9,53,55,72,79,81,99,101,107" m="21959" machi="107" ten="30,5800,0" yaku="25,1,52,2" doraHai="50" who="1" fromWho="3" sc="250,0,270,68,230,0,240,-58" /><INIT seed="1,1,0,4,5,127" ten="250,338,230,182" oya="1" hai0="119,17,120,57,111,134,64,95,5,28,67,43,78" hai1="80,59,16,62,135,96,4,58,104,89,3,18,8" hai2="42,113,24,131,121,100,15,98,82,118,126,46,109" hai3="76,122,48,105,124,49,55,38,73,77,37,84,23"/><U115/><E115/><V91/><F24/><W13/><G73/><T27/><D119/><U35/><E35/><V114/><F15/><W92/><G105/><T56/><D111/><U128/><E135/><V66/><F66/><W101/><G122/><T30/><D134/><U97/><E59/><V108/><F126/><W19/><G124/><T47/><D120/><U110/><E110/><N who="2" m="42603" /><F121/><W36/><G49/><T83/><D5/><U20/><E18/><V11/><F11/><W90/><REACH who="3" step="1"/><G101/><REACH who="3" ten="250,338,230,172" step="2"/><T44/><D67/><U0/><E104/><N who="2" m="63511" /><F118/><W12/><G12/><T2/><D64/><U63/><E3/><V123/><F123/><W32/><G32/><T25/><D2/><U61/><E0/><V72/><F46/><AGARI ba="1,1" hai="13,19,23,36,37,38,46,48,55,76,77,84,90,92" machi="46" ten="40,1300,0" yaku="1,1,53,0" doraHai="127" doraHaiUra="39" who="3" fromWho="2" sc="250,0,338,0,230,-16,172,26" /><INIT seed="2,0,0,0,0,38" ten="250,338,214,198" oya="2" hai0="30,43,87,7,67,28,89,81,64,34,129,98,3" hai1="71,126,8,63,82,21,59,97,48,25,91,27,124" hai2="107,26,40,22,135,78,76,116,119,70,50,60,5" hai3="10,86,42,12,102,77,125,105,108,0,62,117,18"/><V99/><F5/><W41/><G117/><T51/><D129/><U37/><E37/><V1/><F1/><W29/><G0/><T96/><D34/><U134/><E71/><V11/><F135/><W16/><G125/><N who="1" m="48234" /><E8/><V118/><F11/><W88/><G108/><T33/><D33/><U55/><E134/><V9/><F9/><W35/><G77/><T75/><D75/><U46/><E21/><V36/><F36/><W92/><G18/><T68/><D68/><U54/><E82/><V122/><F122/><W65/><G105/><T56/><D7/><U93/><AGARI ba="0,0" hai="25,27,46,48,54,55,59,63,91,93,97" m="48234" machi="93" ten="30,1100,0" yaku="18,1" doraHai="38" who="1" fromWho="1" sc="250,-3,338,11,214,-5,198,-3" /><INIT seed="3,0,0,2,5,133" ten="247,349,209,195" oya="3" hai0="65,76,91,104,85,74,42,135,121,39,116,127,29" hai1="4,105,111,96,75,107,120,71,3,27,22,9,34" hai2="73,62,114,57,93,56,0,97,55,102,7,25,132" hai3="6,119,98,59,82,64,26,47,134,32,103,18,28"/><W31/><G134/><T88/><D29/><U95/><E120/><V101/><F73/><W80/><G119/><T30/><D135/><U41/><E75/><V123/><F123/><W118/><G118/><T89/><D116/><U84/><E71/><V19/><F132/><W83/><G6/><T40/><D121/><U45/><E34/><V49/><F7/><W12/><G47/><T77/><D127/><U117/><E84/><V46/><F0/><W115/><G115/><T13/><D104/><U68/><E68/><V44/><F114/><W78/><G31/><T10/><D30/><U108/><E117/><V67/><F101/><W53/><G64/><T51/><D39/><U16/><E111/><V61/><F49/><W126/><G126/><T125/><D74/><U2/><E2/><V72/><F72/><W129/><G129/><T60/><D125/><U38/><REACH who="1" step="1"/><E108/><REACH who="1" ten="247,339,209,195" step="2"/><V37/><F37/><W99/><G78/><T63/><D85/><U35/><E35/><V15/><REACH who="2" step="1"/><F25/><REACH who="2" ten="247,339,199,195" step="2"/><W33/><G26/><T128/><D128/><U8/><E8/><AGARI ba="0,2" hai="8,15,19,44,46,55,56,57,61,62,67,93,97,102" machi="8" ten="30,7700,0" yaku="1,1,2,1,7,1,8,1,53,0" doraHai="133" doraHaiUra="106" who="2" fromWho="1" sc="247,0,339,-77,199,97,195,0" /><INIT seed="4,0,0,0,5,24" ten="247,262,296,195" oya="0" hai0="124,107,101,123,100,31,99,67,113,87,79,127,111" hai1="104,61,41,21,18,59,6,2,77,39,70,118,56" hai2="5,119,126,83,16,47,29,116,132,28,130,33,103" hai3="23,73,102,112,30,36,20,25,97,4,108,74,10"/><T64/><D123/><U1/><E104/><V115/><F103/><W40/><G108/><T72/><D72/><U133/><E133/><V78/><F132/><W93/><G112/><T42/><D113/><U12/><E77/><V35/><F115/><W19/><G40/><T17/><D111/><U3/><E6/><V131/><F47/><W114/><G36/><T49/><D101/><U120/><E118/><N who="2" m="45099" /><F83/><W80/><G80/><T14/><D31/><N who="2" m="11850" /><F78/><W91/><G114/><T57/><D87/><U96/><E96/><V81/><F81/><W71/><G71/><T8/><D79/><U89/><E89/><V44/><F44/><W84/><G84/><T135/><D135/><U48/><E39/><V92/><F92/><W46/><G46/><N who="0" m="25815" /><D57/><U55/><E41/><V134/><F134/><W105/><G105/><T121/><D121/><U110/><E110/><V86/><F86/><W63/><G63/><T109/><D109/><U122/><REACH who="1" step="1"/><E70/><REACH who="1" ten="247,252,296,195" step="2"/><V68/><F68/><W26/><REACH who="3" step="1"/><G102/><REACH who="3" ten="247,252,296,185" step="2"/><T54/><D54/><AGARI ba="0,2" hai="1,2,3,12,18,21,48,54,55,56,59,61,120,122" machi="54" ten="40,2600,0" yaku="1,1,2,1,53,0" doraHai="24" doraHaiUra="66" who="1" fromWho="0" sc="247,-26,252,46,296,0,185,0" /><INIT seed="5,0,0,3,1,124" ten="221,298,296,185" oya="1" hai0="99,66,44,12,84,100,115,0,47,96,128,52,14" hai1="85,59,50,112,111,24,39,79,20,34,10,67,81" hai2="1,92,98,19,130,11,127,64,42,37,113,16,90" hai3="87,18,122,119,32,88,65,108,110,2,86,133,129"/><U118/><E39/><V40/><F64/><W116/><G32/><T55/><D0/><U125/><E118/><N who="3" m="45098" /><G2/><T23/><D115/><U74/><E125/><V57/><F127/><W102/><G65/><T53/><D128/><U69/><E69/><V134/><F57/><W71/><G71/><T105/><D66/><U41/><E34/><V131/><F134/><W17/><G122/><T135/><D135/><U29/><E112/><V62/><F62/><W46/><G46/><T93/><D84/><U45/><E10/><V30/><F30/><W120/><G120/><T101/><REACH who="0" step="1"/><D23/><REACH who="0" ten="211,298,296,185" step="2"/><U89/><E111/><N who="3" m="42538" /><G133/><T13/><AGARI ba="0,1" hai="12,13,14,44,47,52,53,55,93,96,99,100,101,105" machi="13" ten="30,4000,0" yaku="1,1,0,1,54,1,53,0" doraHai="124" doraHaiUra="106" who="0" fromWho="0" sc="211,50,298,-20,296,-10,185,-10" /><INIT seed="6,0,0,0,3,35" ten="261,278,286,175" oya="2" hai0="116,100,8,119,7,135,16,23,15,49,39,41,51" hai1="114,60,38,43,25,66,120,107,95,84,71,56,104" hai2="92,128,21,70,19,61,5,53,22,48,108,24,26" hai3="109,73,118,17,2,101,46,105,97,10,47,55,67"/><V111/><F70/><W82/><G109/><N who="2" m="42057" /><F61/><W33/><G118/><N who="0" m="45099" /><D135/><U63/><E114/><V112/><F92/><W123/><G123/><T94/><D39/><U31/><E120/><V6/><F112/><W65/><G33/><T72/><D72/><U127/><E127/><V37/><F37/><W81/><G17/><T90/><D100/><U20/><E43/><V130/><F53/><W44/><G55/><T18/><D18/><U75/><E75/><V0/><F48/><W129/><G129/><N who="2" m="49769" /><F0/><W134/><G134/><T9/><D41/><U91/><REACH who="1" step="1"/><E38/><REACH who="1" ten="261,268,286,175" step="2"/><V29/><AGARI ba="0,1" hai="5,6,19,21,22,24,26,29" m="49769,42057" machi="29" ten="30,11700,0" yaku="10,1,19,1,34,2" doraHai="35" who="2" fromWho="2" sc="261,-39,268,-39,286,127,175,-39" /><INIT seed="6,1,0,4,5,36" ten="222,229,413,136" oya="2" hai0="130,16,13,8,106,103,51,38,76,1,110,37,86" hai1="27,116,114,35,6,39,79,57,81,124,126,43,17" hai2="2,21,93,125,127,70,82,19,104,74,123,46,65" hai3="55,7,41,4,29,20,53,47,109,23,14,129,89"/><V22/><F104/><W92/><G109/><T119/><D110/><U96/><E116/><V95/><F123/><W31/><G129/><T5/><D130/><U26/><E114/><V52/><F2/><W132/><G132/><T18/><D119/><U87/><E6/><V102/><F74/><W117/><G117/><T121/><D121/><U133/><E133/><V3/><F3/><W80/><G80/><T112/><D112/><U48/><E96/><V94/><F82/><W111/><G111/><T54/><D18/><U97/><E97/><V71/><F102/><W120/><G120/><T101/><D106/><U11/><E35/><V78/><F78/><W75/><G75/><T58/><D101/><U99/><E99/><V115/><F115/><W84/><G7/><T60/><D103/><U134/><E57/><V122/><F122/><W118/><G118/><T73/><D73/><U33/><E48/><V40/><F65/><W131/><G131/><T85/><D60/><U9/><E33/><V34/><F34/><W56/><G53/><T59/><D59/><U77/><E77/><V42/><F19/><W105/><G105/><T64/><D64/><U0/><E0/><V69/><F52/><W24/><G4/><T30/><D30/><U135/><E135/><V108/><F108/><W72/><G72/><T49/><D51/><U25/><E17/><V91/><F91/><W66/><G66/><T83/><REACH who="0" step="1"/><D85/><REACH who="0" ten="212,229,413,136" step="2"/><U67/><E67/><V68/><F68/><W62/><G31/><T98/><D98/><U44/><E134/><V90/><F69/><W50/><G23/><AGARI ba="1,1" hai="1,5,8,13,16,23,37,38,49,54,58,76,83,86" machi="23" ten="30,7700,0" yaku="1,1,6,1,7,1,54,1,53,0" doraHai="36" doraHaiUra="100" who="0" fromWho="3" sc="212,90,229,0,413,0,136,-80" /><INIT seed="7,0,0,4,2,133" ten="302,229,413,56" oya="3" hai0="102,45,12,33,92,85,122,9,97,38,106,20,77" hai1="34,66,42,110,30,127,98,90,108,82,125,41,63" hai2="26,31,64,8,72,111,128,70,84,124,107,105,91" hai3="53,0,25,37,10,56,113,75,19,52,65,54,43"/><W21/><G75/><T6/><D122/><U58/><E30/><V28/><F72/><W1/><G113/><T51/><D33/><U117/><E34/><V17/><F111/><W126/><G126/><N who="1" m="48138" /><E117/><V62/><F124/><W4/><G0/><T16/><D38/><U22/><E22/><V99/><F128/><W74/><G74/><T129/><D129/><U5/><E5/><V2/><F28/><W119/><G119/><T57/><D57/><U24/><E24/><V93/><F84/><W95/><G95/><T104/><D85/><N who="1" m="50487" /><E98/><V100/><F91/><W35/><G35/><T59/><D59/><U69/><E69/><V94/><F107/><W68/><G68/><T47/><D77/><U83/><E83/><V29/><F29/><W11/><G11/><T73/><D73/><U81/><E81/><V115/><F115/><W123/><G123/><T36/><D36/><U50/><E50/><V40/><F40/><AGARI ba="0,0" hai="40,41,42,58,63,66,108,110" m="50487,48138" machi="40" ten="30,7700,0" yaku="18,1,52,3" doraHai="133" who="1" fromWho="2" sc="302,0,229,77,413,-77,56,0" owari="302,-10.0,306,11.0,336,43.0,56,-44.0" /></mjloggm>