<mjloggm ver="2.3"><GO type="97" lobby="0"/><UN n0="%E3%81%B6%E3%82%8B%E3%81%A3%E3%81%A1%E3%82%87%E3%81%AA" n1="%6D%61%32%33" n2="%E5%AE%B6%E8%B3%83" n3="%E5%B0%B1%E6%B4%BB%E7%94%9F%40%E5%B7%9D%E6%9D%91%E8%BB%8D%E5%9B%A3" dan="13,13,15,15" rate="1860.96,1840.25,2047.75,2028.29" sx="M,M,M,M"/><TAIKYOKU oya="0"/><INIT seed="0,0,0,3,0,9" ten="250,250,250,250" oya="0" hai0="0,55,134,28,135,52,46,37,33,105,41,45,71" hai1="11,4,83,34,99,98,63,16,13,43,117,130,75" hai2="129,85,21,1,118,90,78,3,97,133,15,92,29" hai3="93,119,51,123,104,40,64,91,116,22,57,127,20"/><T18/><D105/><U121/><E121/><V106/><F133/><N who="0" m="50698" /><D0/><U115/><E117/><V39/><F39/><W122/><G104/><T102/><D102/><U132/><E132/><V124/><F129/><W6/><G127/><T14/><D71/><U81/><E34/><V58/><F124/><W84/><G6/><T54/><D28/><U61/><E130/><V66/><F29/><W112/><G112/><T23/><D33/><U70/><E115/><V120/><F120/><N who="3" m="46123" /><G40/><T31/><D31/><U77/><E43/><V86/><F1/><W94/><G94/><T95/><D95/><U131/><E131/><V125/><F3/><W79/><G79/><T65/><D65/><U30/><E30/><V19/><F78/><W44/><G44/><AGARI ba="0,0" hai="14,18,23,37,41,44,45,46,52,54,55" m="50698" machi="44" ten="30,5800,0" yaku="20,1,52,1,54,1" doraHai="9" who="0" fromWho="3" sc="250,58,250,0,250,0,250,-58" /><INIT seed="0,1,0,5,3,67" ten="308,250,250,192" oya="0" hai0="40,64,5,12,0,79,52,124,19,11,125,10,31" hai1="101,37,80,3,74,119,102,48,47,58,78,62,70" hai2="4,95,65,22,106,103,114,112,109,13,98,104,89" hai3="46,94,42,135,6,17,63,9,59,76,134,99,131"/><T117/><D117/><U29/><E119/><V41/><F41/><W133/><G131/><T36/><D79/><U18/><E29/><V56/><F106/><W34/><G34/><T44/><D64/><U84/><E18/><V43/><F43/><W7/><G76/><T123/><D123/><U110/><E110/><V81/><F109/><W97/><G17/><T92/><D92/><U20/><E20/><V55/><F65/><W54/><G9/><T122/><D122/><U32/><E32/><V108/><F81/><W113/><G113/><T107/><D107/><U15/><E15/><V130/><F130/><W126/><G126/><T28/><REACH who="0" step="1"/><D52/><REACH who="0" ten="298,250,250,192" step="2"/><U57/><E74/><V129/><F129/><W128/><G128/><T111/><D111/><U1/><E1/><V86/><F108/><W49/><REACH who="3" step="1"/><G99/><REACH who="3" ten="298,250,250,182" step="2"/><T73/><D73/><U35/><E3/><V93/><F112/><W24/><G24/><T132/><D132/><U68/><E35/><V88/><F114/><W23/><G23/><T71/><D71/><U21/><E21/><V100/><F104/><W66/><G66/><T115/><D115/><U38/><E68/><V45/><F22/><W39/><G39/><T91/><D91/><AGARI ba="1,2" hai="6,7,42,46,49,54,59,63,91,94,97,133,134,135" machi="91" ten="40,5200,0" yaku="1,1,20,1,53,1" doraHai="67" doraHaiUra="90" who="3" fromWho="0" sc="298,-55,250,0,250,0,182,75" /><INIT seed="1,0,0,1,4,77" ten="243,250,250,257" oya="1" hai0="17,20,39,64,131,9,102,94,1,3,95,119,49" hai1="24,99,134,110,108,21,109,57,60,52,42,48,62" hai2="33,118,27,8,117,80,35,114,130,116,36,4,78" hai3="68,59,25,125,106,10,120,83,107,121,111,14,113"/><U88/><E134/><V56/><F130/><W126/><G68/><T92/><D39/><U129/><E129/><V81/><F78/><W74/><G25/><T13/><D131/><U66/><E42/><V97/><F36/><W79/><G113/><T11/><D119/><U98/><E88/><V73/><F114/><W65/><G65/><T55/><D102/><U7/><E7/><V133/><F73/><W63/><G63/><T29/><D64/><U40/><E40/><V32/><F133/><W82/><G59/><T45/><REACH who="0" step="1"/><D29/><REACH who="0" ten="233,250,250,257" step="2"/><N who="1" m="17551" /><E62/><V18/><F56/><AGARI ba="0,1" hai="48,52,56,57,60,66,98,99,108,109,110" m="17551" machi="56" ten="30,5800,0" yaku="14,1,10,1,54,1" doraHai="77" who="1" fromWho="2" sc="233,0,250,68,250,-58,257,0" /><INIT seed="1,1,0,2,2,90" ten="233,318,192,257" oya="1" hai0="28,0,52,20,53,6,30,126,122,21,56,93,114" hai1="22,10,107,47,116,101,132,70,97,128,19,4,125" hai2="54,134,81,48,11,29,49,35,95,5,109,86,9" hai3="24,36,103,57,18,80,76,117,26,2,62,133,96"/><U23/><E116/><V87/><F109/><W1/><G36/><T104/><D114/><U121/><E121/><V44/><F134/><W85/><G117/><T92/><D104/><U45/><E132/><V34/><F29/><W129/><G133/><T108/><D108/><U13/><E128/><V99/><F35/><W112/><G112/><T84/><D122/><U91/><E125/><V58/><F34/><W105/><G129/><T89/><D126/><U98/><E70/><V42/><F81/><W111/><G111/><T7/><D0/><U77/><E77/><V12/><REACH who="2" step="1"/><F9/><REACH who="2" ten="233,318,182,257" step="2"/><W59/><G80/><T72/><D30/><U25/><REACH who="1" step="1"/><E22/><REACH who="1" ten="233,308,182,257" step="2"/><V102/><AGARI ba="1,2" hai="5,11,12,42,44,48,49,54,58,86,87,95,99,102" machi="102" ten="20,12000,2" yaku="1,1,2,1,0,1,7,1,8,1,52,1,53,0" doraHai="90" doraHaiUra="15" who="2" fromWho="2" sc="233,-31,308,-61,182,143,257,-31" /><INIT seed="2,0,0,5,0,29" ten="202,247,325,226" oya="2" hai0="25,80,47,118,19,40,11,100,66,105,110,55,123" hai1="16,20,18,34,68,79,94,112,122,120,114,71,85" hai2="99,2,9,4,58,0,126,27,36,104,44,64,116" hai3="109,6,95,90,77,41,96,134,121,24,102,88,56"/><V108/><F116/><W124/><G121/><N who="1" m="46698" /><E94/><V17/><F126/><W31/><G124/><T74/><D123/><U45/><E45/><V113/><F2/><W32/><G134/><T76/><D118/><U86/><E79/><V48/><F113/><N who="1" m="43625" /><E20/><V54/><F36/><W131/><G131/><T67/><D100/><U30/><E30/><V52/><F64/><W82/><G41/><T83/><D83/><U42/><E42/><V46/><F108/><W62/><G6/><T59/><D105/><U125/><E125/><V84/><F84/><N who="1" m="32361" /><E34/><V51/><F58/><W91/><G109/><T101/><D101/><U38/><E38/><V1/><F1/><W130/><G130/><T98/><D40/><U72/><E72/><V33/><F104/><W28/><G28/><T119/><D110/><U53/><E53/><V75/><F75/><W128/><G128/><T93/><D47/><U92/><E92/><V13/><F99/><W37/><G37/><T87/><D74/><U15/><E15/><V39/><F39/><W26/><G26/><T63/><D119/><U57/><E57/><V117/><F117/><W73/><REACH who="3" step="1"/><G102/><REACH who="3" ten="202,247,325,216" step="2"/><N who="0" m="60751" /><D25/><U43/><E43/><V50/><F27/><W132/><G132/><T89/><D76/><U60/><E60/><V5/><F5/><W69/><G69/><AGARI ba="0,1" hai="16,18,68,69,71" m="32361,43625,46698" machi="69" ten="40,8000,1" yaku="28,2,13,1,54,1" doraHai="29" who="1" fromWho="3" sc="202,0,247,90,325,0,216,-80" /><INIT seed="3,0,0,5,4,129" ten="202,337,325,136" oya="3" hai0="21,84,68,55,80,9,95,79,52,51,91,3,33" hai1="34,64,89,61,19,72,114,105,119,123,59,107,37" hai2="56,102,41,24,108,70,83,135,16,39,25,75,18" hai3="125,58,38,104,87,65,85,23,73,12,88,77,100"/><W98/><G125/><T94/><D68/><U60/><E123/><V76/><F70/><W103/><G38/><T46/><D33/><U106/><E114/><V131/><F108/><W93/><G65/><T48/><D21/><U6/><E37/><V5/><F131/><W62/><G62/><T32/><D32/><U92/><E72/><V110/><F110/><W26/><G58/><T10/><D3/><U118/><E34/><V134/><F102/><N who="3" m="62551" /><G12/><T49/><D49/><U111/><E111/><V97/><F5/><W35/><G35/><T90/><D79/><U126/><E126/><V120/><F120/><W30/><G87/><T45/><D80/><AGARI ba="0,0" hai="23,26,30,73,77,80,85,88,93,100,103" m="62551" machi="80" ten="30,2900,0" yaku="24,1,54,1" doraHai="129" who="3" fromWho="0" sc="202,-29,337,0,325,0,136,29" /><INIT seed="3,1,0,2,0,17" ten="173,337,325,165" oya="3" hai0="109,42,43,25,1,89,34,54,104,118,75,128,19" hai1="60,7,116,134,41,131,83,20,58,8,107,51,98" hai2="99,90,106,14,65,110,101,93,40,114,94,120,26" hai3="15,117,91,39,76,13,21,126,62,96,68,67,16"/><W70/><G117/><T130/><D118/><U95/><E134/><V88/><F114/><W47/><G126/><T9/><D104/><U127/><E116/><V0/><F0/><W36/><G76/><T61/><D109/><U37/><E107/><V53/><F40/><W72/><G72/><T38/><D38/><U46/><E131/><N who="0" m="50217" /><D75/><U78/><E127/><V92/><F65/><W11/><G70/><T69/><D89/><U103/><E20/><V27/><F14/><W48/><G91/><T113/><D113/><U129/><E129/><V66/><F66/><W55/><REACH who="3" step="1"/><G96/><REACH who="3" ten="173,337,325,155" step="2"/><T85/><D69/><U32/><E78/><V49/><F110/><W45/><G45/><T10/><D85/><U35/><E37/><V57/><F120/><W86/><G86/><T31/><D42/><U121/><E121/><V82/><F106/><W135/><G135/><T4/><D43/><U102/><E102/><V64/><F82/><W119/><G119/><T18/><D61/><U30/><E83/><V73/><F73/><W74/><G74/><T100/><D100/><U63/><E46/><N who="2" m="27831" /><F99/><W29/><G29/><T71/><D71/><U133/><E133/><V81/><F101/><W105/><G105/><T132/><D132/><U84/><E84/><N who="2" m="50191" /><F90/><W108/><G108/><T87/><D87/><U125/><E125/><V3/><F3/><W28/><G28/><T111/><D111/><U22/><E30/><V77/><F77/><W5/><AGARI ba="1,1" hai="5,11,13,15,16,21,36,39,47,48,55,62,67,68" machi="5" ten="20,12000,1" yaku="1,1,0,1,7,1,52,1,54,1,53,0" doraHai="17" doraHaiUra="122" who="3" fromWho="3" sc="173,-41,337,-41,325,-41,155,133" /><INIT seed="3,2,0,5,3,37" ten="132,296,284,288" oya="3" hai0="31,16,48,90,66,115,64,83,40,84,97,18,72" hai1="38,98,116,15,11,114,53,52,80,127,0,1,25" hai2="101,122,77,14,24,8,73,41,105,74,54,96,111" hai3="58,28,93,29,10,110,108,109,76,63,89,131,124"/><W123/><G123/><T85/><D72/><U65/><E114/><V13/><F111/><W94/><G124/><T113/><D31/><N who="3" m="11849" /><G131/><T17/><D97/><U69/><E25/><V82/><F122/><W75/><G89/><T86/><D83/><U135/><E38/><V47/><F24/><W4/><G76/><T129/><D90/><U26/><E26/><V33/><F33/><W81/><G81/><T22/><D22/><U19/><E135/><V44/><F54/><N who="3" m="34263" /><G75/><T128/><D128/><U6/><E127/><V3/><F47/><W79/><G79/><T125/><D125/><U103/><E80/><V134/><F134/><W126/><G126/><T88/><D88/><U21/><E116/><V32/><F32/><W70/><G70/><T42/><D129/><U78/><E78/><V67/><F67/><N who="0" m="25642" /><D48/><U27/><E27/><V132/><F132/><W71/><G71/><T92/><D92/><U119/><E119/><V59/><F59/><W68/><G68/><T130/><D130/><U62/><E0/><AGARI ba="2,0" hai="0,4,10,93,94,108,109,110" m="34263,11849" machi="0" ten="30,2900,0" yaku="14,1,10,1" doraHai="37" who="3" fromWho="1" sc="132,0,296,-35,284,0,288,35" owari="132,-37.0,261,-14.0,284,8.0,323,43.0" /></mjloggm>