<mjloggm ver="2.3"><GO type="169" lobby="0"/><UN n0="%E3%81%AE%E3%81%A9%E3%81%94%E3%81%97%E3%80%88%E7%94%9F%E3%80%89" n1="%E3%81%8D%E3%81%97%E3%82%8A%E3%81%A3%E3%81%97%E3%82%85" n2="%E3%83%86%E3%83%B3%E3%83%91%E3%82%A4%E5%B0%91%E5%B9%B4" n3="%E5%B0%B1%E6%B4%BB%E7%94%9F%40%E5%B7%9D%E6%9D%91%E8%BB%8D%E5%9B%A3" dan="17,16,16,16" rate="2133.18,2025.03,2084.85,2086.21" sx="M,M,M,M"/><TAIKYOKU oya="0"/><INIT seed="0,0,0,1,3,113" ten="250,250,250,250" oya="0" hai0="52,67,95,5,12,21,59,125,123,25,72,45,6" hai1="29,47,70,16,127,66,133,132,73,35,120,131,15" hai2="75,115,23,55,34,27,77,17,48,106,14,53,134" hai3="122,71,119,56,88,87,105,93,98,91,38,118,60"/><T43/><D72/><U135/><E73/><V111/><F115/><W63/><G38/><T49/><D123/><U78/><E78/><V116/><F111/><W4/><G122/><T99/><D67/><U18/><E120/><V89/><F134/><W130/><G130/><T104/><D104/><U110/><E47/><V107/><F77/><W46/><G4/><T94/><D125/><U103/><E103/><V2/><F75/><W84/><G46/><T86/><D86/><U100/><E100/><V102/><F102/><W28/><G28/><T76/><D76/><U1/><E66/><V64/><F64/><W79/><G79/><T96/><D12/><U69/><E110/><V112/><F112/><W109/><G109/><T26/><D26/><N who="1" m="18871" /><E1/><V33/><F89/><W40/><G40/><T31/><D94/><U57/><E131/><V19/><F2/><W80/><G71/><N who="1" m="27146" /><E57/><V30/><F19/><N who="1" m="7209" /><E15/><V68/><F34/><W10/><G10/><T42/><D42/><U7/><E7/><N who="0" m="2569" /><D95/><U61/><E61/><AGARI ba="0,0" hai="21,25,31,43,45,49,52,59,61,96,99" m="2569" machi="61" ten="30,2900,0" yaku="8,1,54,1" doraHai="113" who="0" fromWho="1" sc="250,29,250,-29,250,0,250,0" /><INIT seed="0,1,0,5,2,66" ten="279,221,250,250" oya="0" hai0="82,123,34,56,27,39,4,106,132,37,32,55,119" hai1="75,90,63,80,54,102,62,94,35,7,67,16,14" hai2="48,40,113,45,52,130,49,21,79,60,18,24,50" hai3="70,42,105,76,110,104,5,17,36,15,26,133,78"/><T88/><D106/><U112/><E35/><V101/><F113/><W95/><G5/><T96/><D123/><U81/><E112/><V71/><F130/><W73/><G110/><T100/><D119/><U57/><E7/><V107/><F107/><W108/><G108/><T109/><D109/><U127/><E102/><V84/><F101/><W85/><G133/><T131/><D4/><U93/><E127/><V118/><F118/><W111/><G73/><T9/><D9/><U128/><E128/><V6/><F6/><W61/><G111/><T13/><D13/><U2/><E2/><V121/><F121/><W28/><G76/><T74/><D34/><U129/><E129/><V25/><F24/><W43/><G36/><T30/><D132/><U87/><E94/><V65/><REACH who="2" step="1"/><F40/><REACH who="2" ten="279,221,240,250" step="2"/><W103/><G42/><T12/><D131/><U58/><REACH who="1" step="1"/><E75/><REACH who="1" ten="279,211,240,250" step="2"/><V117/><F117/><W10/><G104/><T116/><D116/><U3/><E3/><V120/><F120/><W126/><G105/><T114/><D114/><U98/><E98/><V124/><F124/><W31/><G126/><T68/><D96/><U38/><E38/><V19/><F19/><W83/><G17/><T47/><D74/><U115/><E115/><V125/><F125/><W135/><G135/><T77/><D39/><U72/><E72/><V99/><F99/><W89/><G85/><T22/><D37/><U51/><E51/><V59/><F59/><W122/><G122/><T20/><D56/><U134/><E134/><V97/><F97/><W0/><G0/><T41/><D100/><U86/><E86/><RYUUKYOKU ba="1,2" sc="279,-15,211,15,240,15,250,-15" hai1="14,16,54,57,58,62,63,67,80,81,87,90,93" hai2="18,21,25,45,48,49,50,52,60,65,71,79,84" /><INIT seed="1,2,2,3,2,51" ten="264,226,255,235" oya="1" hai0="28,42,61,24,77,6,93,55,112,53,10,13,21" hai1="32,9,26,15,133,100,5,34,118,83,122,123,91" hai2="79,67,128,82,8,25,14,17,23,63,97,47,129" hai3="99,75,64,114,65,92,131,33,119,106,121,45,27"/><U68/><E118/><V126/><F126/><W130/><G106/><T124/><D112/><U7/><E68/><V1/><F1/><W56/><G114/><T60/><D124/><U104/><E104/><V116/><F116/><W62/><G75/><T90/><D42/><U103/><E133/><V96/><F97/><W113/><G119/><T135/><D77/><U84/><E5/><V22/><F96/><W70/><G121/><T98/><D135/><U108/><E108/><V102/><F102/><N who="3" m="60775" /><G113/><T41/><D41/><U49/><E34/><V115/><F115/><W127/><G45/><T50/><REACH who="0" step="1"/><D55/><REACH who="0" ten="254,226,255,235" step="2"/><U30/><E123/><V3/><F79/><W86/><G127/><T71/><D71/><U19/><E122/><V87/><F129/><N who="3" m="49163" /><G70/><T72/><D72/><U94/><E49/><V36/><F128/><W4/><G65/><T132/><D132/><U125/><E125/><V101/><F67/><W12/><G64/><T109/><D109/><U2/><REACH who="1" step="1"/><E83/><REACH who="1" ten="254,216,255,235" step="2"/><V46/><F82/><W85/><G62/><T37/><D37/><U117/><E117/><V134/><F36/><W11/><G56/><AGARI ba="2,4" hai="6,10,13,21,24,28,50,53,56,60,61,90,93,98" machi="56" ten="30,7700,0" yaku="1,1,7,1,8,1,52,1,53,0" doraHai="51" doraHaiUra="78" who="0" fromWho="3" sc="254,123,216,0,255,0,235,-83" /><INIT seed="2,0,0,0,1,53" ten="377,216,255,152" oya="2" hai0="23,64,86,83,101,78,41,90,42,81,104,49,25" hai1="65,33,93,85,110,117,61,50,37,124,17,109,36" hai2="39,59,13,126,21,24,54,5,125,68,133,48,107" hai3="127,99,32,95,0,63,45,66,62,135,75,84,88"/><V4/><F39/><W19/><G32/><T130/><D130/><U103/><E117/><V56/><F68/><W105/><G0/><T28/><D104/><U20/><E33/><V6/><F107/><W31/><G75/><T106/><D106/><U40/><E124/><N who="2" m="47723" /><F133/><W52/><G127/><T134/><D101/><U92/><E40/><V73/><F73/><W116/><G116/><T112/><D112/><U26/><E50/><V80/><F80/><N who="3" m="49159" /><G105/><T58/><D134/><U35/><E35/><V30/><F13/><W44/><G135/><T120/><D120/><U121/><E121/><V43/><F43/><W82/><G31/><T114/><D114/><U1/><E1/><V113/><F113/><W15/><G82/><T122/><D122/><U10/><E92/><V38/><F38/><W51/><G45/><AGARI ba="0,0" hai="4,5,6,21,24,30,45,48,54,56,59" m="47723" machi="45" ten="30,5800,0" yaku="18,1,52,2" doraHai="53" who="2" fromWho="3" sc="377,0,216,0,255,58,152,-58" /><INIT seed="2,1,0,2,5,81" ten="377,216,313,94" oya="2" hai0="128,5,9,94,83,112,126,46,135,41,31,65,74" hai1="47,49,118,60,25,85,107,77,66,23,0,122,1" hai2="70,15,79,18,124,44,68,120,100,117,130,30,119" hai3="133,121,22,75,20,21,134,10,92,33,129,55,106"/><V63/><F120/><W104/><G75/><T127/><D112/><U48/><E107/><N who="3" m="41002" /><G121/><T24/><D94/><U45/><E118/><V110/><F100/><W71/><G71/><T69/><D135/><N who="3" m="51721" /><G33/><N who="0" m="20711" /><D128/><U99/><E122/><V86/><F70/><W43/><G129/><T73/><D65/><U36/><E99/><V51/><F68/><W91/><G43/><T35/><D35/><U82/><E36/><V37/><F37/><W97/><G55/><T131/><D131/><U125/><E1/><V17/><F63/><W12/><G22/><T26/><D26/><U28/><E0/><V52/><F44/><N who="1" m="16969" /><E125/><N who="0" m="47625" /><D83/><U115/><E115/><V59/><F130/><W38/><G38/><N who="0" m="21815" /><D69/><U32/><E32/><V34/><F34/><W102/><G102/><T16/><D16/><AGARI ba="1,0" hai="10,12,16,20,21,91,92,97" m="51721,41002" machi="16" ten="30,2000,0" yaku="20,1,54,1" doraHai="81" who="3" fromWho="0" sc="377,-23,216,0,313,0,94,23" /><INIT seed="3,0,0,2,3,66" ten="354,216,313,117" oya="3" hai0="71,6,47,10,94,41,109,16,119,42,27,113,112" hai1="45,46,101,100,39,81,18,37,61,102,120,103,108" hai2="68,117,44,99,126,75,97,56,51,0,55,106,73" hai3="93,50,49,64,95,17,5,31,33,60,48,89,19"/><W90/><G33/><T123/><D109/><U59/><E120/><V58/><F117/><W134/><G31/><T115/><D123/><U52/><E108/><V118/><F118/><W124/><G5/><T40/><D119/><U34/><E34/><V35/><F35/><W86/><G124/><T21/><D94/><U131/><E131/><V8/><F126/><W53/><G53/><T4/><D71/><U69/><E69/><V133/><F68/><W11/><G11/><T2/><REACH who="0" step="1"/><D6/><REACH who="0" ten="344,216,313,117" step="2"/><U15/><E81/><V91/><F106/><W104/><G104/><T122/><D122/><U65/><E103/><V129/><F129/><W70/><REACH who="3" step="1"/><G134/><REACH who="3" ten="344,216,313,107" step="2"/><T96/><D96/><AGARI ba="0,2" hai="17,19,48,49,50,60,64,70,86,89,90,93,95,96" machi="96" ten="40,7700,0" yaku="1,1,2,1,52,1,53,0" doraHai="66" doraHaiUra="105" who="3" fromWho="0" sc="344,-77,216,0,313,0,107,97" /><INIT seed="3,1,0,3,2,22" ten="267,216,313,204" oya="3" hai0="32,33,116,40,46,44,30,79,99,21,94,92,71" hai1="91,31,81,114,66,102,6,87,48,54,26,113,56" hai2="103,100,115,118,127,35,5,67,85,4,52,9,75" hai3="25,20,29,34,97,119,74,69,37,124,47,117,104"/><W109/><G124/><T70/><D116/><U55/><E6/><V106/><F75/><W107/><G20/><T60/><D79/><U41/><E102/><V7/><F118/><N who="3" m="45067" /><G109/><T62/><D21/><N who="1" m="15823" /><E114/><V111/><F9/><W50/><G50/><T68/><D30/><U101/><E113/><V1/><F1/><W131/><G131/><T135/><D40/><U133/><E101/><V86/><F106/><N who="3" m="40491" /><G97/><T130/><D99/><U128/><E133/><V38/><F4/><W77/><G69/><T96/><D96/><U121/><E121/><V95/><F115/><W80/><G47/><N who="0" m="17963" /><D135/><U18/><E128/><V14/><F5/><W98/><G98/><T89/><D89/><U126/><E126/><V49/><F7/><W53/><G53/><T12/><D12/><U72/><E41/><V43/><F52/><W27/><G27/><T2/><D2/><U23/><E48/><V122/><F14/><W134/><G134/><T19/><D19/><U125/><E125/><V57/><F49/><W3/><G3/><T59/><D59/><U0/><E0/><V24/><F43/><W28/><G28/><T129/><D129/><U58/><E58/><V76/><F57/><W10/><G10/><T110/><D110/><U84/><E55/><V61/><F111/><W39/><AGARI ba="1,0" hai="25,29,34,37,39,74,77,80" m="40491,45067" machi="39" ten="40,3900,0" yaku="23,1,52,1" doraHai="22" who="3" fromWho="3" sc="267,-14,216,-14,313,-14,204,42" /><INIT seed="3,2,0,4,0,3" ten="253,202,299,246" oya="3" hai0="116,25,66,18,96,110,81,87,13,118,21,50,27" hai1="99,16,62,10,135,19,23,40,133,74,85,80,120" hai2="47,111,35,113,31,115,104,46,57,121,7,44,32" hai3="94,131,129,134,36,90,58,112,4,14,60,89,15"/><W45/><G112/><T41/><D110/><U126/><E120/><V106/><F111/><W69/><G69/><T82/><D66/><U128/><E74/><V28/><F57/><W93/><G134/><N who="1" m="51210" /><E128/><N who="3" m="49226" /><G45/><T91/><D50/><U17/><E126/><V26/><F26/><W97/><G36/><T52/><D41/><U29/><E40/><V55/><F55/><N who="3" m="33887" /><G4/><T22/><D52/><U109/><E109/><V12/><F12/><W98/><AGARI ba="2,0" hai="14,15,89,90,93,94,97,98" m="33887,49226" machi="98" ten="30,1500,0" yaku="19,1" doraHai="3" who="3" fromWho="3" sc="253,-7,202,-7,299,-7,246,21" /><INIT seed="3,3,0,0,1,131" ten="246,195,292,267" oya="3" hai0="77,78,41,22,65,81,7,49,42,30,69,38,56" hai1="114,35,1,102,33,110,106,61,68,76,98,27,24" hai2="90,29,121,87,60,86,99,53,5,122,44,8,11" hai3="59,28,125,119,0,133,26,123,12,100,74,117,118"/><W34/><G123/><N who="2" m="47113" /><F29/><W3/><G59/><T18/><D30/><N who="1" m="19655" /><E76/><V54/><F60/><W107/><G12/><T36/><D69/><U72/><E114/><V16/><F99/><N who="3" m="61855" /><G125/><T113/><D113/><U52/><E72/><V57/><F57/><W128/><G128/><T89/><D77/><U124/><E52/><N who="2" m="20075" /><F44/><W58/><G58/><T14/><D89/><U135/><E110/><V115/><F115/><W23/><G23/><T37/><D7/><U45/><E45/><V31/><F31/><W126/><G126/><T88/><D49/><U67/><E124/><V9/><F5/><W83/><G133/><T129/><D78/><AGARI ba="3,0" hai="0,3,26,28,34,74,78,83,117,118,119" m="61855" machi="78" ten="30,1500,0" yaku="23,1" doraHai="131" who="3" fromWho="0" sc="246,-24,195,0,292,0,267,24" /><INIT seed="3,4,0,0,5,36" ten="222,195,292,291" oya="3" hai0="5,84,119,82,114,49,112,41,19,58,46,74,37" hai1="1,126,55,86,116,40,47,68,85,120,81,72,118" hai2="101,90,111,7,133,79,23,3,62,45,43,87,102" hai3="52,60,63,71,50,88,96,91,127,104,20,132,30"/><W4/><G127/><T14/><D119/><N who="1" m="45611" /><E120/><V103/><F111/><W98/><G132/><T99/><D74/><U61/><E126/><V65/><F133/><W83/><G71/><T109/><D5/><U57/><E1/><V69/><F23/><W92/><G4/><T135/><D109/><U123/><E123/><V53/><F53/><W28/><G104/><T29/><D29/><N who="3" m="11369" /><G20/><T0/><D0/><U42/><E68/><V24/><F24/><W93/><G83/><T56/><D99/><U13/><E13/><V12/><F12/><W115/><G115/><N who="0" m="44075" /><D37/><N who="1" m="21903" /><E42/><V59/><F79/><AGARI ba="4,0" hai="55,57,61,72,79,81,85,86" m="21903,45611" machi="79" ten="30,2000,0" yaku="12,1,52,1" doraHai="36" who="1" fromWho="2" sc="222,0,195,32,292,-32,291,0" /><INIT seed="4,0,0,0,5,33" ten="222,227,260,291" oya="0" hai0="80,36,34,5,51,108,56,132,123,58,21,128,57" hai1="19,65,85,94,125,20,102,126,14,29,67,18,40" hai2="105,101,111,129,16,41,46,13,24,86,103,38,22" hai3="100,0,124,133,8,83,31,120,2,45,12,114,97"/><T82/><D123/><U99/><E40/><V72/><F72/><W118/><G118/><T54/><D34/><U68/><E29/><V49/><F111/><W84/><G120/><T6/><D36/><U61/><E67/><V107/><F129/><W23/><G114/><T7/><D128/><U47/><E47/><V106/><F38/><W17/><G124/><T112/><D112/><U71/><E71/><V32/><REACH who="2" step="1"/><F86/><REACH who="2" ten="222,227,250,291" step="2"/><W75/><G75/><T39/><D39/><U116/><E85/><V27/><F27/><W4/><G133/><T104/><D132/><U135/><E135/><V117/><F117/><W10/><G84/><T63/><D108/><U119/><E119/><V110/><F110/><W9/><G83/><N who="0" m="31787" /><D104/><U92/><E116/><V131/><F131/><W55/><G4/><T96/><D96/><U95/><E126/><V121/><F121/><W77/><G77/><T28/><D63/><U93/><E125/><V48/><F48/><W70/><G97/><T59/><D28/><AGARI ba="0,1" hai="13,16,22,24,28,32,41,46,49,101,103,105,106,107" machi="28" ten="40,2600,0" yaku="1,1,54,1,53,0" doraHai="33" doraHaiUra="52" who="2" fromWho="0" sc="222,-26,227,0,250,36,291,0" /><INIT seed="5,0,0,2,0,96" ten="196,227,286,291" oya="1" hai0="64,77,3,130,99,76,125,36,84,71,83,51,32" hai1="12,102,15,128,116,13,56,41,35,80,90,7,108" hai2="42,8,19,98,97,34,44,11,82,28,61,65,73" hai3="117,57,60,23,101,59,103,93,38,62,40,45,30"/><U20/><E116/><V92/><F34/><W132/><G132/><T67/><D3/><U79/><E35/><V37/><F28/><W22/><G117/><T113/><D32/><U123/><E123/><V131/><F131/><W111/><G111/><T24/><D24/><U29/><E128/><V54/><F54/><W58/><G93/><T133/><D36/><U121/><E121/><V52/><F52/><W66/><G58/><T14/><D71/><U48/><E90/><V120/><F120/><W26/><REACH who="3" step="1"/><G22/><REACH who="3" ten="196,227,286,281" step="2"/><T16/><D133/><U55/><E108/><V91/><F61/><W95/><G95/><T106/><D130/><U78/><E20/><V127/><F92/><W27/><G27/><T49/><D113/><U0/><E56/><V86/><F127/><W18/><G18/><T72/><D125/><U25/><E25/><V39/><F19/><W63/><G63/><T107/><D107/><U89/><E7/><V135/><F135/><W85/><G85/><T110/><D110/><U68/><E68/><V33/><F86/><W122/><G122/><T94/><D106/><U126/><E126/><V70/><F33/><W31/><G31/><T118/><D118/><U74/><E29/><V4/><F70/><W53/><AGARI ba="0,1" hai="23,26,30,38,40,45,53,57,59,60,62,66,101,103" machi="53" ten="20,8000,1" yaku="1,1,0,1,7,1,52,2,53,0" doraHai="96" doraHaiUra="134" who="3" fromWho="3" sc="196,-20,227,-40,286,-20,281,90" /><INIT seed="6,0,0,5,4,55" ten="176,187,266,371" oya="2" hai0="58,40,124,70,68,43,96,57,106,37,128,64,91" hai1="47,35,45,84,26,120,104,52,116,94,89,80,44" hai2="59,71,0,115,122,85,77,21,19,90,83,8,74" hai3="97,129,108,110,14,73,30,32,15,87,62,18,6"/><V9/><F71/><W61/><G73/><T27/><D124/><U4/><E104/><V113/><F122/><W11/><G129/><T117/><D128/><U51/><E116/><V127/><F127/><W28/><G97/><T107/><D27/><U67/><E120/><V119/><F119/><W5/><G87/><T54/><D117/><U60/><E4/><N who="3" m="1642" /><G62/><T102/><D91/><U1/><E1/><V101/><F101/><W86/><G86/><T36/><D96/><U34/><E34/><V39/><F39/><W100/><G61/><T105/><D54/><U20/><E35/><V92/><F0/><W95/><G95/><T41/><D64/><U24/><E94/><V125/><F125/><W17/><G100/><T112/><D102/><U23/><E60/><V10/><REACH who="2" step="1"/><F59/><REACH who="2" ten="176,187,256,371" step="2"/><N who="0" m="22538" /><D112/><U79/><E67/><V93/><F93/><W7/><G108/><T111/><D111/><U75/><E79/><V78/><F78/><W134/><G110/><T33/><D33/><U2/><E2/><V53/><F53/><W88/><G134/><T123/><D123/><U16/><E52/><V109/><F109/><W99/><G88/><T98/><D98/><U72/><E51/><V103/><F103/><W13/><G99/><T130/><D130/><U135/><E135/><V3/><F3/><N who="3" m="511" /><G32/><T22/><D22/><U131/><E131/><V48/><F48/><W132/><G132/><T50/><D50/><U76/><E76/><V121/><F121/><W12/><N who="3" m="3584" /><DORA hai="126" /><W25/><G25/><AGARI ba="0,1" hai="8,9,10,19,21,25,74,77,83,85,90,92,113,115" machi="25" ten="40,2000,0" yaku="1,1,53,0" doraHai="55,126" doraHaiUra="46,31" who="2" fromWho="3" sc="176,0,187,0,256,30,371,-20" /><INIT seed="6,1,0,0,1,66" ten="176,187,286,351" oya="2" hai0="71,51,44,56,81,130,62,70,35,55,47,105,73" hai1="46,104,74,111,26,108,2,39,42,5,1,53,59" hai2="122,95,22,79,131,121,84,16,117,97,114,109,86" hai3="110,7,103,123,67,3,68,77,96,0,20,92,85"/><V119/><F131/><W24/><G123/><T49/><D130/><U37/><E104/><V40/><F40/><W101/><G110/><T106/><D35/><U127/><E39/><V128/><F128/><W129/><G129/><T14/><D73/><U100/><E100/><V25/><F109/><W9/><G103/><T30/><D30/><U48/><E127/><V52/><F114/><W10/><G10/><T13/><D81/><U57/><E2/><V54/><F122/><W76/><G3/><T60/><D56/><U107/><E107/><V58/><F121/><W132/><G132/><T17/><D17/><U115/><E115/><V65/><F65/><W113/><G113/><T34/><D34/><U94/><E94/><V28/><F54/><AGARI ba="1,0" hai="13,14,44,47,49,51,54,55,60,62,70,71,105,106" machi="54" ten="25,6400,0" yaku="22,2,52,2" doraHai="66" who="0" fromWho="2" sc="176,67,187,0,286,-67,351,0" /><INIT seed="7,0,0,3,5,86" ten="243,187,219,351" oya="3" hai0="100,10,135,64,89,95,108,66,76,46,131,27,56" hai1="21,96,109,32,112,113,120,2,127,45,132,126,14" hai2="6,57,9,20,54,40,23,91,98,36,94,72,101" hai3="124,16,48,50,121,65,75,133,8,55,59,38,73"/><W85/><G38/><T87/><D108/><U97/><E45/><V129/><F129/><W15/><G121/><T19/><D131/><U49/><E49/><V60/><F72/><W105/><G105/><T0/><D135/><U115/><E109/><V81/><F36/><W93/><G65/><T4/><D46/><U99/><E120/><V24/><F40/><W29/><G29/><T70/><D70/><U3/><E132/><V128/><F128/><W13/><G133/><T41/><D41/><U83/><E32/><V51/><F81/><W79/><G50/><T30/><D19/><N who="1" m="10487" /><E83/><V119/><F119/><W82/><G124/><T12/><D0/><U52/><E52/><V84/><F24/><W62/><G62/><T33/><D76/><U118/><E118/><V44/><F60/><W130/><G130/><T63/><D100/><U7/><E7/><V106/><REACH who="2" step="1"/><F44/><REACH who="2" ten="243,187,209,351" step="2"/><N who="3" m="28039" /><G75/><T92/><D66/><U28/><E28/><V74/><F74/><W11/><G82/><AGARI ba="0,1" hai="4,10,12,27,30,33,56,63,64,82,87,89,92,95" machi="82" ten="30,2000,0" yaku="7,1,52,1" doraHai="86" who="0" fromWho="3" sc="243,30,187,0,209,0,351,-20" owari="273,7.0,187,-31.0,209,-19.0,331,43.0" /></mjloggm>