<mjloggm ver="2.3"><GO type="41" lobby="0"/><UN n0="%E3%81%82%E3%82%89%E3%81%9F%E3%81%9D" n1="%E5%A4%A9%E9%BC%93" n2="%E5%B0%B1%E6%B4%BB%E7%94%9F%40%E5%B7%9D%E6%9D%91%E8%BB%8D%E5%9B%A3" n3="%E7%89%9B%E9%A6%AC" dan="15,17,15,14" rate="2016.96,2227.60,2070.64,2021.44" sx="F,M,M,M"/><TAIKYOKU oya="0"/><INIT seed="0,0,0,1,5,65" ten="250,250,250,250" oya="0" hai0="89,112,104,103,98,53,39,123,80,13,44,66,50" hai1="16,124,41,63,31,42,52,43,29,82,74,132,54" hai2="17,11,1,95,116,38,55,84,131,125,83,120,36" hai3="117,5,12,49,119,71,45,68,28,118,129,85,22"/><T60/><D112/><U114/><E114/><V135/><F120/><W9/><G129/><T106/><D123/><U32/><E32/><V91/><F116/><W70/><G85/><T47/><D13/><U130/><E130/><V3/><F125/><W93/><G93/><T99/><D80/><U64/><E124/><V121/><F131/><W58/><G58/><T34/><D34/><U69/><E132/><V87/><F135/><W127/><G127/><T33/><D33/><U15/><E31/><V73/><F121/><W48/><REACH who="3" step="1"/><G45/><REACH who="3" ten="250,250,250,240" step="2"/><T14/><D44/><U57/><E57/><V96/><F73/><W67/><G67/><T27/><D47/><U101/><E101/><V88/><F84/><W6/><G6/><T128/><D66/><U21/><REACH who="1" step="1"/><E29/><REACH who="1" ten="250,240,250,240" step="2"/><V77/><F1/><W35/><G35/><T105/><D103/><U62/><E62/><V109/><F3/><W100/><G100/><T51/><D60/><U56/><E56/><V10/><F77/><AGARI ba="0,2" hai="15,16,21,41,42,43,52,54,63,64,69,74,77,82" machi="77" ten="40,8000,1" yaku="1,1,52,1,54,2,53,0" doraHai="65" doraHaiUra="133" who="1" fromWho="2" sc="250,0,240,100,250,-80,240,0" /><INIT seed="1,0,0,4,3,48" ten="250,340,170,240" oya="1" hai0="104,42,98,106,75,56,54,88,103,3,83,8,19" hai1="25,26,41,23,59,127,7,63,2,65,91,45,116" hai2="95,102,128,12,51,44,35,27,109,80,16,64,92" hai3="33,97,58,31,70,0,84,20,52,22,30,114,100"/><U29/><E116/><V82/><F109/><W76/><G114/><T6/><D42/><U38/><E127/><V74/><F128/><W126/><G70/><T132/><D132/><U39/><E2/><V133/><F133/><W125/><G0/><T55/><D106/><U130/><E7/><V112/><F112/><W66/><G66/><T34/><D34/><U118/><E130/><V78/><F64/><W124/><G84/><T62/><D19/><U49/><E118/><V107/><F80/><W15/><G76/><T99/><D99/><U85/><REACH who="1" step="1"/><E25/><REACH who="1" ten="250,330,170,240" step="2"/><V28/><F107/><N who="3" m="63887" /><G15/><T68/><D6/><U18/><E18/><V1/><F102/><W21/><G33/><T79/><D3/><U73/><E73/><V32/><F1/><W101/><G101/><T46/><D103/><U86/><E86/><V108/><F108/><W123/><G123/><T93/><D104/><U13/><E13/><V36/><F36/><W77/><G77/><T119/><D119/><U67/><E67/><V96/><F96/><W129/><G129/><T60/><D98/><U53/><E53/><V71/><F71/><W43/><G43/><T5/><D68/><U121/><E121/><V90/><F90/><W10/><G10/><T117/><D88/><U72/><E72/><V14/><F14/><W17/><G17/><T110/><D8/><U81/><AGARI ba="0,1" hai="23,26,29,38,39,41,45,49,59,63,65,81,85,91" machi="81" ten="20,7800,0" yaku="1,1,0,1,7,1,53,1" doraHai="48" doraHaiUra="40" who="1" fromWho="1" sc="250,-26,330,88,170,-26,240,-26" /><INIT seed="1,1,0,5,0,29" ten="224,418,144,214" oya="1" hai0="66,47,91,119,81,19,79,52,40,65,122,109,131" hai1="73,126,94,130,49,9,72,28,78,101,112,76,67" hai2="22,44,115,86,13,31,12,34,46,27,90,124,53" hai3="6,54,77,87,38,7,16,56,14,82,64,100,111"/><U134/><E67/><V69/><F69/><W36/><G111/><T84/><D119/><U108/><E28/><V41/><F115/><W71/><G100/><T132/><D109/><U10/><E108/><V106/><F106/><W117/><G117/><T93/><D131/><U8/><E112/><V50/><F124/><W57/><G71/><T98/><D132/><U25/><E25/><V75/><F75/><W23/><G64/><T107/><D122/><U129/><E49/><V103/><F103/><W24/><G56/><T59/><D19/><U1/><E1/><V18/><F12/><W62/><REACH who="3" step="1"/><G24/><REACH who="3" ten="224,418,144,204" step="2"/><T118/><D118/><U80/><E129/><V88/><REACH who="2" step="1"/><F86/><REACH who="2" ten="224,418,134,204" step="2"/><W97/><G97/><T99/><D99/><U45/><E101/><V26/><F26/><W105/><G105/><T92/><D107/><U55/><E130/><V4/><F4/><AGARI ba="1,2" hai="4,6,7,14,16,23,36,38,54,57,62,77,82,87" machi="4" ten="40,2600,0" yaku="1,1,54,1,53,0" doraHai="29" doraHaiUra="89" who="3" fromWho="2" sc="224,0,418,0,134,-29,204,49" /><INIT seed="2,0,0,1,1,96" ten="224,418,105,253" oya="2" hai0="83,82,24,55,48,54,51,43,98,134,110,69,29" hai1="66,38,33,118,63,20,129,101,61,109,49,30,40" hai2="76,116,60,53,115,6,86,103,31,27,72,111,39" hai3="1,44,4,8,74,25,77,2,119,64,114,37,13"/><V19/><F116/><W108/><G119/><T41/><D69/><U80/><E118/><V73/><F115/><W88/><G114/><T5/><D110/><U105/><E63/><V34/><F39/><W26/><G108/><T56/><D134/><U35/><E109/><V47/><F111/><W112/><G64/><T28/><D5/><U45/><E129/><V7/><F103/><W68/><G68/><T85/><D98/><N who="1" m="61623" /><E20/><V135/><F135/><W107/><G107/><T95/><D95/><U131/><E80/><V50/><F19/><W3/><G112/><T10/><D10/><U32/><E49/><V0/><F60/><W16/><G77/><T75/><D75/><U93/><E93/><V58/><F47/><W78/><G78/><T65/><D65/><U132/><E131/><V90/><F76/><W128/><G74/><T15/><D15/><U122/><E122/><V42/><F42/><N who="0" m="15882" /><D24/><N who="1" m="18503" /><E132/><V126/><F126/><W104/><G104/><T92/><D92/><U123/><E123/><V120/><F120/><W79/><G79/><N who="0" m="46303" /><D83/><U70/><AGARI ba="0,0" hai="33,35,38,40,45,61,66,70" m="18503,61623" machi="70" ten="30,7900,0" yaku="25,1,33,2,52,1" doraHai="96" who="1" fromWho="1" sc="224,-20,418,79,105,-39,253,-20" /><INIT seed="3,0,0,4,4,46" ten="204,497,66,233" oya="3" hai0="50,21,62,114,44,85,129,63,45,76,77,55,43" hai1="101,117,53,2,89,59,7,83,79,12,91,57,27" hai2="36,24,0,80,26,16,121,60,82,20,25,51,106" hai3="93,110,73,90,115,19,127,105,42,8,111,116,6"/><W109/><G115/><T75/><D129/><U95/><E2/><V52/><F0/><W88/><G116/><T35/><D35/><U104/><E117/><V14/><F36/><W9/><G127/><T94/><D114/><U74/><E27/><V130/><F106/><W100/><G73/><T81/><D76/><U48/><E59/><N who="2" m="33183" /><F130/><W120/><G120/><T15/><D75/><U67/><E67/><V112/><F112/><W47/><G105/><T1/><D1/><U99/><E7/><V68/><F68/><W103/><G19/><N who="0" m="10495" /><D94/><U113/><E113/><V54/><F121/><W33/><G33/><T123/><D123/><U32/><E32/><V17/><F17/><W22/><G22/><T78/><D77/><U119/><E119/><V58/><AGARI ba="0,0" hai="14,16,20,24,25,26,54,58,60,80,82" m="33183" machi="58" ten="30,7900,0" yaku="8,1,52,1,54,2" doraHai="46" who="2" fromWho="2" sc="204,-20,497,-20,66,79,233,-39" /><INIT seed="4,0,0,3,1,127" ten="184,477,145,194" oya="0" hai0="121,51,129,123,120,84,45,99,40,64,5,75,86" hai1="16,104,126,12,18,25,68,128,32,125,107,78,87" hai2="134,72,63,36,62,52,21,61,95,65,38,35,30" hai3="57,7,113,108,43,37,17,8,53,66,26,130,74"/><T73/><D129/><U0/><E128/><V76/><F35/><W1/><G130/><T77/><D64/><U9/><E0/><V46/><F134/><W115/><G108/><T67/><D67/><U29/><E68/><V119/><F119/><W4/><G4/><T24/><D5/><U117/><E117/><V102/><F72/><W11/><G66/><T14/><D14/><N who="1" m="7247" /><E87/><V105/><F105/><W135/><G135/><T19/><D99/><U2/><E78/><V98/><F76/><W69/><G69/><T100/><D100/><U101/><E101/><V33/><F33/><W85/><G85/><T10/><D86/><U44/><E44/><V34/><F34/><W90/><G90/><T55/><D10/><N who="1" m="6423" /><E2/><V124/><F124/><AGARI ba="0,0" hai="25,29,32,104,107,124,125,126" m="6423,7247" machi="124" ten="30,2000,0" yaku="18,1,54,1" doraHai="127" who="1" fromWho="2" sc="184,0,477,20,145,-20,194,0" /><INIT seed="5,0,0,3,4,52" ten="184,497,125,194" oya="1" hai0="11,108,16,110,94,74,1,46,120,76,77,99,86" hai1="13,125,68,102,27,82,33,49,43,34,0,21,134" hai2="84,42,59,64,103,38,58,14,40,85,117,23,19" hai3="71,96,66,112,55,29,80,26,30,105,20,101,61"/><U63/><E0/><V28/><F117/><W131/><G131/><T81/><D120/><U9/><E125/><V70/><F70/><W37/><G112/><T128/><D128/><U31/><E134/><V114/><F114/><W91/><G37/><T118/><D118/><U39/><E39/><V51/><F38/><W78/><G30/><T4/><D77/><U127/><E127/><V95/><F28/><W25/><G25/><T129/><D129/><U41/><E102/><V123/><F123/><W50/><G91/><T57/><D46/><U109/><E109/><V45/><F40/><W47/><G80/><T100/><D74/><U5/><E82/><V113/><F113/><W126/><G126/><T122/><D122/><U24/><E49/><V2/><F2/><W116/><G116/><T79/><D79/><U89/><E89/><N who="2" m="53671" /><F103/><W54/><G78/><T10/><D57/><N who="2" m="21514" /><F85/><W119/><G119/><T17/><REACH who="0" step="1"/><D10/><REACH who="0" ten="174,497,125,194" step="2"/><U98/><E9/><V60/><F60/><W107/><G107/><T124/><D124/><U106/><E63/><V115/><F115/><W18/><G61/><T111/><AGARI ba="0,1" hai="1,4,11,16,17,76,81,86,94,99,100,108,110,111" machi="111" ten="30,7900,0" yaku="1,1,0,1,54,1,53,1" doraHai="52" doraHaiUra="7" who="0" fromWho="0" sc="174,89,497,-39,125,-20,194,-20" /><INIT seed="6,0,0,1,5,123" ten="263,458,105,174" oya="2" hai0="80,55,92,83,41,76,37,133,82,91,130,90,88" hai1="104,25,48,42,107,59,117,114,5,11,24,74,84" hai2="52,6,12,66,53,56,109,45,125,13,77,73,119" hai3="103,72,111,96,27,79,94,19,68,69,47,134,39"/><V20/><F119/><W33/><G111/><T18/><D41/><U81/><E74/><V4/><F125/><W40/><G134/><T108/><D37/><U112/><E117/><V36/><F66/><W30/><G19/><T26/><D55/><N who="1" m="32231" /><E42/><V132/><F132/><W86/><G86/><N who="0" m="48391" /><D18/><U129/><E129/><V14/><F109/><W63/><G63/><T38/><D26/><N who="1" m="10347" /><E84/><V118/><F118/><W105/><G94/><T34/><D38/><U58/><E58/><V64/><F20/><W126/><G126/><T99/><D34/><U85/><E85/><V101/><F101/><W16/><G16/><T17/><D17/><U70/><E81/><AGARI ba="0,0" hai="27,30,33,39,40,47,68,69,72,79,81,96,103,105" machi="81" ten="40,5200,0" yaku="33,3" doraHai="123" who="3" fromWho="1" sc="263,0,458,-52,105,0,174,52" /><INIT seed="7,0,0,2,3,65" ten="263,406,105,226" oya="3" hai0="122,20,133,114,45,62,92,70,105,132,77,11,58" hai1="2,63,86,19,29,109,5,36,25,64,124,33,31" hai2="67,68,110,80,81,53,30,89,85,135,97,131,61" hai3="83,24,73,4,23,55,52,51,76,102,7,91,134"/><W121/><G134/><N who="0" m="51819" /><D122/><U47/><E31/><V49/><F135/><W93/><G121/><T113/><D105/><U127/><E86/><V98/><F131/><W3/><G3/><T54/><D77/><U129/><E129/><V118/><F118/><W17/><G102/><T22/><D70/><N who="1" m="42271" /><E19/><V48/><F110/><W9/><G9/><T94/><D11/><N who="1" m="2487" /><E109/><V32/><F81/><W40/><G40/><AGARI ba="0,0" hai="25,29,33,36,40,47,124,127" m="2487,42271" machi="40" ten="30,2000,0" yaku="23,1,52,1" doraHai="65" who="1" fromWho="3" sc="263,0,406,20,105,0,226,-20" owari="263,6.0,426,52.0,105,-39.0,206,-19.0" /></mjloggm>