<mjloggm ver="2.3"><GO type="225" lobby="0"/><UN n0="%E9%8C%AF%E4%B9%B1%E3%82%AB%E3%83%AB%E3%83%94%E3%82%B9" n1="%E3%81%AA%E3%81%A3%E3%81%8D%E3%82%8A" n2="%E3%81%AC%E3%81%A0" n3="%E3%83%88%E3%83%88%E3%83%AA%E5%85%88%E7%94%9F%31%39%E6%AD%B3" dan="17,16,16,18" rate="2177.82,2082.31,2106.72,2262.88" sx="F,M,M,F"/><TAIKYOKU oya="0"/><INIT seed="0,0,0,2,2,37" ten="250,250,250,250" oya="0" hai0="40,104,102,41,122,75,1,20,34,0,117,131,100" hai1="101,112,31,57,70,119,115,88,77,36,19,8,63" hai2="87,84,86,106,89,50,11,45,60,107,33,16,47" hai3="9,21,38,6,135,103,109,126,64,66,121,58,124"/><T99/><D122/><U43/><E101/><N who="0" m="39017" /><D75/><U91/><E70/><V105/><F33/><W81/><G38/><T12/><D34/><U48/><E31/><V113/><F113/><N who="1" m="43593" /><E36/><V79/><F79/><W133/><G109/><T3/><D12/><N who="1" m="7559" /><E77/><V44/><F60/><N who="3" m="37911" /><G66/><T95/><D104/><U72/><E72/><V78/><F78/><W27/><G81/><T54/><D54/><N who="1" m="34231" /><E119/><V51/><REACH who="2" step="1"/><F89/><REACH who="2" ten="250,250,240,250" step="2"/><W76/><G76/><T24/><D117/><U35/><E35/><V96/><F96/><W80/><G103/><T7/><D99/><U108/><E108/><V39/><F39/><W65/><G121/><T110/><D110/><U13/><E13/><AGARI ba="0,1" hai="11,13,16,44,45,47,50,51,84,86,87,105,106,107" machi="13" ten="50,8000,1" yaku="1,1,29,2,54,1,53,0" doraHai="37" doraHaiUra="53" who="2" fromWho="1" sc="250,0,250,-80,240,90,250,0" /><INIT seed="1,0,0,3,1,132" ten="250,170,330,250" oya="1" hai0="106,112,46,129,102,90,28,83,20,8,98,68,88" hai1="93,97,27,82,77,47,37,116,40,126,94,11,24" hai2="107,49,0,2,118,41,19,16,22,23,103,89,63" hai3="84,108,29,30,70,45,1,79,14,81,12,18,53"/><U10/><E116/><V120/><F120/><W21/><G70/><T34/><D112/><U65/><E65/><V131/><F118/><W115/><G115/><T3/><D129/><U67/><E67/><V51/><F131/><W92/><G1/><T78/><D46/><U26/><E126/><V66/><F89/><W124/><G124/><T111/><D20/><U64/><E64/><V101/><F66/><W56/><G108/><T17/><D68/><U52/><E94/><V7/><F41/><W9/><G45/><T100/><D100/><U86/><REACH who="1" step="1"/><E52/><REACH who="1" ten="250,160,330,250" step="2"/><V134/><F107/><W128/><G92/><N who="0" m="58695" /><D111/><U72/><E72/><V73/><F73/><W110/><G110/><T125/><D125/><U42/><E42/><V35/><F63/><N who="3" m="36239" /><G128/><T54/><D54/><U91/><AGARI ba="0,1" hai="10,11,24,26,27,37,40,47,77,82,86,91,93,97" machi="91" ten="30,6000,0" yaku="1,1,0,1,53,1" doraHai="132" doraHaiUra="87" who="1" fromWho="1" sc="250,-20,160,70,330,-20,250,-20" /><INIT seed="1,1,0,1,5,9" ten="230,230,310,230" oya="1" hai0="24,49,2,128,57,88,123,124,121,8,13,34,16" hai1="95,132,109,93,107,44,77,40,0,53,61,12,120" hai2="6,35,51,41,94,89,103,72,42,29,63,36,55" hai3="11,92,110,119,97,7,54,47,45,48,19,106,68"/><U4/><E120/><N who="0" m="46153" /><D128/><U28/><E107/><V59/><F72/><W116/><G68/><T31/><D124/><U91/><E0/><V10/><F103/><W3/><G106/><T23/><D57/><N who="1" m="34991" /><E109/><V20/><F35/><W111/><G19/><N who="0" m="8615" /><D49/><N who="1" m="26759" /><E132/><V82/><F36/><W129/><G45/><T62/><D62/><U134/><E134/><V64/><F82/><W58/><G47/><T127/><D127/><U37/><E37/><V98/><F20/><W5/><G5/><T105/><D105/><U15/><E77/><V76/><F29/><W83/><G83/><T26/><D88/><U90/><E28/><V25/><F25/><W38/><G38/><T27/><D27/><U100/><E100/><V126/><F76/><W33/><G129/><T117/><D117/><N who="3" m="45129" /><G33/><T118/><D118/><U81/><E81/><V114/><F126/><W67/><G67/><T69/><D69/><U135/><E135/><V108/><F108/><W131/><G131/><T18/><D2/><U84/><E4/><V1/><REACH who="2" step="1"/><F114/><REACH who="2" ten="230,230,300,230" step="2"/><W75/><G75/><T70/><D34/><U46/><E46/><AGARI ba="1,1" hai="1,6,10,41,42,46,51,55,59,63,64,89,94,98" machi="46" ten="30,3900,0" yaku="1,1,2,1,7,1,53,0" doraHai="9" doraHaiUra="30" who="2" fromWho="1" sc="230,0,230,-42,300,52,230,0" /><INIT seed="2,0,0,5,2,85" ten="230,188,352,230" oya="2" hai0="7,118,99,37,32,21,39,62,123,68,22,93,52" hai1="3,111,80,67,115,77,119,34,72,94,6,116,56" hai2="12,108,75,87,42,105,43,98,55,73,50,103,18" hai3="48,127,8,14,5,53,90,96,64,65,78,121,88"/><V112/><F112/><W86/><G121/><T54/><D123/><U91/><E115/><V134/><F134/><W17/><G127/><T61/><D32/><U63/><E34/><V135/><F135/><W102/><G78/><T47/><D118/><U51/><E111/><V59/><F108/><W133/><G133/><T100/><D68/><U101/><E101/><V132/><F132/><W28/><G28/><T129/><D129/><U92/><E92/><V24/><F24/><W26/><G26/><T58/><D7/><U74/><E72/><V114/><F114/><W40/><G40/><T23/><D47/><U49/><E49/><V44/><F87/><W89/><G5/><T0/><D0/><U45/><E6/><V95/><F105/><W71/><G71/><T35/><D35/><U20/><E20/><V83/><F83/><W38/><G38/><T2/><D2/><U120/><E3/><V104/><F104/><W16/><G17/><T57/><AGARI ba="0,0" hai="21,22,23,37,39,52,54,57,58,61,62,93,99,100" machi="57" ten="30,4000,0" yaku="0,1,9,1,54,1" doraHai="85" who="0" fromWho="0" sc="230,40,188,-10,352,-20,230,-10" /><INIT seed="3,0,0,0,5,83" ten="270,178,332,220" oya="3" hai0="64,0,79,110,123,86,95,99,70,128,15,98,78" hai1="46,24,84,59,89,36,2,126,31,35,18,6,119" hai2="108,33,50,93,41,87,134,42,115,38,43,75,63" hai3="77,69,120,9,62,21,94,104,12,54,26,113,67"/><W88/><G113/><T130/><D0/><U135/><E126/><V16/><F115/><W103/><G120/><T129/><D123/><U39/><E135/><V81/><F33/><W23/><G77/><N who="0" m="29195" /><D15/><U34/><E34/><V5/><F75/><W116/><G116/><T8/><D8/><U114/><E114/><V20/><F5/><W131/><G131/><T96/><D64/><U65/><E119/><V48/><F38/><W1/><G1/><T27/><D27/><U68/><E68/><V52/><F108/><W106/><G54/><T37/><D70/><U132/><E132/><V71/><F93/><W80/><G80/><T4/><D4/><U11/><E46/><V121/><F134/><W44/><G103/><N who="0" m="60831" /><D37/><U112/><E112/><V56/><F71/><W30/><G23/><T51/><D51/><N who="2" m="19498" /><F121/><W74/><G74/><T22/><D22/><U60/><REACH who="1" step="1"/><E18/><REACH who="1" ten="270,168,332,220" step="2"/><V32/><F32/><W25/><G44/><T29/><D129/><U58/><E58/><V100/><F16/><W133/><G133/><T92/><D130/><U47/><E47/><V57/><F57/><W45/><G45/><T13/><D128/><U91/><E91/><V14/><F56/><W73/><G88/><T19/><D19/><U97/><E97/><V76/><F42/><W55/><G69/><T3/><D99/><U109/><E109/><V82/><F41/><W124/><G124/><T66/><D98/><U7/><E7/><V117/><F43/><W127/><G127/><T90/><D90/><U17/><E17/><V102/><F117/><W105/><G105/><T28/><D110/><RYUUKYOKU ba="0,1" sc="270,-10,168,30,332,-10,220,-10" hai1="2,6,11,24,31,35,36,39,59,60,65,84,89" owari="260,6.0,198,-30.0,332,43.0,210,-19.0" /></mjloggm>