<mjloggm ver="2.3"><GO type="41" lobby="0"/><UN n0="%6E%65%6B%75%74%61%69" n1="%68%79%77" n2="%E5%B0%B1%E6%B4%BB%E7%94%9F%40%E5%B7%9D%E6%9D%91%E8%BB%8D%E5%9B%A3" n3="%6D%6F%72%69%73%6F%6E%30" dan="15,13,15,15" rate="1981.68,1862.89,1935.35,2020.06" sx="M,M,M,M"/><TAIKYOKU oya="0"/><INIT seed="0,0,0,2,3,22" ten="250,250,250,250" oya="0" hai0="12,38,39,97,42,81,114,24,13,111,20,95,127" hai1="58,83,27,48,5,71,88,120,37,47,119,75,19" hai2="32,23,113,110,130,25,10,49,103,61,59,68,63" hai3="29,4,128,115,46,1,102,79,2,129,69,116,52"/><T94/><D114/><U109/><E109/><V121/><F32/><W118/><G69/><T41/><D127/><U91/><E120/><V11/><F121/><W43/><G79/><T93/><D111/><U67/><E119/><V92/><F113/><W62/><G102/><T124/><D124/><U0/><E71/><V86/><F110/><W82/><G82/><T33/><D33/><U18/><E18/><V108/><F108/><W105/><G105/><T96/><D81/><U80/><E80/><V78/><F130/><N who="3" m="50283" /><G29/><N who="0" m="17543" /><D38/><U72/><E72/><V56/><F68/><W51/><G4/><T85/><D85/><U65/><E83/><N who="2" m="47479" /><F49/><W125/><G125/><T36/><D36/><U117/><E37/><V132/><F132/><W7/><G7/><T57/><D57/><N who="2" m="22090" /><F92/><W123/><G115/><T30/><D39/><U126/><E75/><V28/><F103/><W87/><G87/><T70/><D30/><U17/><E126/><V99/><F99/><N who="0" m="37962" /><D70/><U74/><E74/><V84/><F84/><W54/><G123/><T50/><D50/><U66/><E48/><V31/><F31/><W135/><G135/><T8/><D12/><U133/><E133/><V112/><F112/><W21/><G1/><T89/><D89/><U98/><E0/><V55/><F55/><N who="3" m="21035" /><G2/><T134/><D134/><U122/><E122/><V77/><F77/><W131/><G131/><T45/><D45/><U6/><E47/><V106/><F106/><W90/><G90/><T100/><D100/><U9/><E91/><V14/><F10/><W26/><G118/><T107/><D107/><U53/><E88/><RYUUKYOKU ba="0,0" sc="250,15,250,-15,250,15,250,-15" hai0="8,13,41,42,93,94,95" hai2="11,14,23,25,28,61,63" /><INIT seed="0,1,0,2,0,78" ten="265,235,265,235" oya="0" hai0="23,10,90,1,127,9,54,59,87,3,20,72,92" hai1="35,63,88,86,84,75,125,58,85,129,7,37,74" hai2="65,80,97,6,34,17,95,81,69,103,73,132,31" hai3="104,51,134,114,107,46,115,117,111,21,0,99,130"/><T15/><D72/><U118/><E118/><V94/><F132/><W12/><G0/><T41/><D41/><U52/><E129/><V121/><F121/><W102/><G117/><T76/><D127/><U60/><E125/><V66/><F6/><W55/><G111/><T11/><D76/><U13/><E37/><V113/><F69/><W120/><G120/><T33/><D33/><U108/><E108/><V128/><F128/><W110/><G110/><T112/><D112/><U43/><E35/><V8/><F73/><W36/><G36/><T42/><D42/><U122/><E122/><V18/><F34/><W29/><G130/><T5/><D1/><U47/><E63/><V131/><F131/><W126/><G107/><T101/><D101/><U106/><E106/><V24/><F94/><W39/><G134/><T109/><D109/><U77/><E75/><V28/><F113/><W4/><G39/><T32/><D32/><U105/><E105/><V61/><F66/><W79/><G126/><T40/><D40/><U56/><E74/><V100/><F100/><W71/><G71/><T64/><D64/><U57/><E77/><V48/><F48/><W49/><G79/><T68/><D68/><U27/><E27/><V26/><F61/><W116/><G116/><T83/><D92/><U70/><E70/><V53/><F65/><W93/><G104/><T14/><D3/><U123/><E123/><V2/><F53/><W22/><G114/><T98/><D98/><U89/><E43/><V44/><F2/><W50/><G115/><T135/><D135/><U30/><E30/><RYUUKYOKU ba="1,0" sc="265,0,235,0,265,0,235,0" /><INIT seed="1,2,0,5,1,36" ten="265,235,265,235" oya="1" hai0="97,85,72,113,100,66,4,68,65,103,28,95,122" hai1="30,56,75,13,26,77,94,60,9,58,3,118,33" hai2="40,101,11,7,89,126,43,20,92,90,44,53,24" hai3="12,74,117,59,119,82,73,125,83,81,49,2,69"/><U10/><E118/><V104/><F126/><W31/><G69/><T46/><D72/><U109/><E109/><V16/><F104/><W25/><G2/><T23/><D113/><U18/><E60/><V121/><F101/><W67/><G125/><T124/><D124/><U62/><E62/><V110/><F110/><W21/><G67/><N who="0" m="25611" /><D68/><U34/><E34/><V57/><F121/><W132/><G132/><T52/><D4/><U112/><E112/><V133/><F133/><W108/><G108/><T111/><D122/><U35/><E35/><V127/><F127/><W88/><G12/><T8/><D8/><U42/><E94/><V91/><F44/><W115/><G115/><T6/><D6/><U114/><E114/><V17/><F92/><W39/><G39/><T38/><D38/><U54/><E9/><V61/><REACH who="2" step="1"/><F17/><REACH who="2" ten="265,235,255,235" step="2"/><W32/><G74/><T123/><D103/><U51/><E75/><V105/><F105/><W5/><G73/><T64/><D100/><U134/><E134/><V50/><F50/><W130/><G130/><T15/><D95/><U79/><E3/><AGARI ba="2,1" hai="3,7,11,16,20,24,40,43,53,57,61,89,90,91" machi="3" ten="40,8000,1" yaku="1,1,52,2,54,1,53,0" doraHai="36" doraHaiUra="45" who="2" fromWho="1" sc="265,0,235,-86,255,96,235,0" /><INIT seed="2,0,0,4,3,47" ten="265,149,351,235" oya="2" hai0="17,28,69,13,85,46,14,59,34,5,134,102,105" hai1="92,77,129,118,27,126,113,26,79,9,57,0,114" hai2="135,19,99,88,67,128,40,91,104,66,123,33,81" hai3="112,111,55,89,65,12,43,54,73,36,70,63,37"/><V82/><F123/><W61/><G73/><T131/><D69/><U60/><E118/><V96/><F33/><W10/><G112/><T71/><D71/><U58/><E129/><V74/><F128/><W50/><G111/><T8/><D134/><U101/><E126/><V125/><F74/><W45/><G89/><T95/><D105/><U38/><E38/><V117/><F104/><W109/><G109/><T52/><D46/><U2/><E9/><V107/><F107/><W4/><G4/><T15/><D17/><U80/><E60/><V16/><F117/><W84/><G84/><T51/><D131/><U120/><E120/><V130/><F130/><W86/><G86/><T41/><D41/><U48/><E92/><V6/><F40/><W44/><G12/><T93/><D93/><U22/><E22/><V121/><F121/><W78/><G78/><T106/><D106/><U76/><E101/><V90/><F6/><W133/><G10/><T94/><D94/><U97/><E80/><N who="2" m="30827" /><F125/><W108/><G108/><T68/><D68/><U11/><E11/><V98/><F135/><W83/><G83/><T127/><D127/><U31/><E31/><V30/><F30/><W1/><G1/><T35/><D28/><U132/><E132/><V25/><F25/><W72/><G133/><T119/><D119/><U75/><E75/><V110/><F110/><W100/><G100/><T18/><D5/><U21/><E21/><V122/><F122/><W56/><G72/><T39/><D34/><U29/><E29/><V64/><AGARI ba="0,0" hai="16,19,64,66,67,88,90,91,96,98,99" m="30827" machi="64" ten="40,18000,2" yaku="29,2,28,2,8,1,54,2" doraHai="47" who="2" fromWho="2" sc="265,-60,149,-60,351,180,235,-60" /><INIT seed="2,1,0,4,2,83" ten="205,89,531,175" oya="2" hai0="36,65,46,23,87,111,10,22,26,50,35,131,42" hai1="89,120,90,127,78,29,102,119,9,134,116,118,48" hai2="101,43,74,104,6,115,39,91,7,62,3,54,55" hai3="45,126,19,133,4,18,1,98,79,113,52,75,67"/><V58/><F115/><W31/><G113/><T105/><D111/><U124/><E29/><V71/><F74/><W34/><G67/><T108/><D108/><U51/><E9/><V33/><F33/><W56/><G133/><T73/><D73/><U13/><E13/><V82/><F71/><W72/><G126/><T107/><D131/><U97/><E134/><V128/><F128/><W57/><G45/><T63/><D35/><U68/><E68/><V76/><F3/><W103/><G56/><T11/><D36/><U100/><E78/><V47/><F55/><W32/><G32/><T8/><D87/><U110/><E110/><V21/><F101/><W109/><G109/><T24/><D107/><U135/><E135/><V41/><F104/><W17/><G79/><T59/><D105/><U132/><E132/><V112/><F112/><W61/><G4/><T80/><D80/><U2/><E2/><V106/><F106/><W40/><G40/><T84/><D84/><U130/><E130/><V99/><F43/><W25/><REACH who="3" step="1"/><G1/><REACH who="3" ten="205,89,531,165" step="2"/><T30/><REACH who="0" step="1"/><D10/><REACH who="0" ten="195,89,531,165" step="2"/><U5/><E118/><V125/><F76/><W122/><G122/><T129/><D129/><U114/><E114/><V64/><F39/><W77/><G77/><T14/><D14/><U20/><E120/><V88/><F125/><W96/><G96/><T70/><D70/><U0/><E0/><V53/><F99/><W121/><G121/><T92/><D92/><AGARI ba="1,2" hai="17,18,19,25,31,34,52,57,61,72,75,92,98,103" machi="92" ten="40,5200,0" yaku="1,1,54,1,53,1" doraHai="83" doraHaiUra="49" who="3" fromWho="0" sc="195,-55,89,0,531,0,165,75" /><INIT seed="3,0,0,5,4,36" ten="140,89,531,240" oya="3" hai0="42,127,94,12,125,63,54,111,21,29,120,115,92" hai1="133,47,67,74,124,41,59,3,103,99,22,95,79" hai2="39,16,28,72,128,48,71,129,123,86,101,40,2" hai3="132,0,83,60,89,18,131,32,14,91,102,45,66"/><W90/><G0/><T97/><D111/><U135/><E124/><N who="0" m="47689" /><D120/><U34/><E34/><V73/><F71/><W107/><G32/><T78/><D115/><U7/><E22/><V11/><F123/><W68/><G132/><N who="1" m="50762" /><E79/><V24/><F39/><W114/><G114/><T113/><D113/><U80/><E80/><V122/><F122/><W31/><G31/><T121/><D121/><U38/><E74/><V100/><F100/><W46/><G131/><N who="2" m="50249" /><F101/><W70/><G70/><T9/><D42/><U10/><E59/><V51/><F86/><W44/><G102/><T119/><D78/><U43/><E43/><V82/><F82/><W93/><G83/><T61/><D94/><U96/><E96/><V87/><F87/><W88/><N who="3" m="23040" /><DORA hai="64" /><W50/><G93/><T85/><D97/><U69/><E69/><V118/><F118/><W84/><G84/><T112/><D92/><U56/><E56/><V30/><F48/><W27/><G27/><T19/><D85/><U81/><E81/><V98/><F98/><W55/><REACH who="3" step="1"/><G107/><REACH who="3" ten="140,89,531,230" step="2"/><T23/><D112/><U109/><E109/><V25/><F25/><W134/><G134/><T106/><D106/><U35/><E35/><V57/><F28/><W110/><G110/><T117/><D29/><U52/><E95/><V8/><F24/><W104/><G104/><T105/><D105/><U13/><E99/><V49/><F30/><W15/><G15/><T5/><D12/><U6/><E103/><V75/><F2/><W17/><G17/><T4/><D19/><U76/><E3/><V108/><F16/><W62/><G62/><RYUUKYOKU ba="0,1" sc="140,-10,89,-10,531,-10,230,30" hai3="14,18,44,45,46,50,55,60,66,68" /><INIT seed="3,1,1,4,3,81" ten="130,79,521,260" oya="3" hai0="89,116,124,32,78,83,66,68,59,9,51,12,21" hai1="131,22,17,88,127,35,92,36,108,94,8,25,106" hai2="58,30,48,82,15,2,123,86,103,71,110,20,119" hai3="23,79,52,117,14,111,77,115,57,63,101,80,107"/><W7/><G115/><T75/><D32/><U61/><E108/><V102/><F2/><W132/><G117/><T60/><D116/><U4/><E131/><V37/><F37/><W125/><G132/><T84/><D124/><U46/><E127/><V39/><F39/><W95/><G125/><T74/><D21/><U27/><E106/><V40/><F71/><W93/><G107/><T26/><D26/><U73/><E73/><V87/><F123/><W6/><G111/><T41/><D78/><N who="3" m="29705" /><G80/><T38/><D38/><U10/><E61/><V130/><F119/><W56/><G101/><N who="2" m="38409" /><F82/><W24/><G57/><T67/><D67/><U72/><E72/><V16/><F110/><W96/><G96/><T47/><REACH who="0" step="1"/><D68/><REACH who="0" ten="120,79,521,260" step="2"/><U44/><E36/><V33/><F33/><W90/><G90/><T29/><D29/><U5/><E35/><V100/><F130/><W126/><G126/><T18/><AGARI ba="1,2" hai="9,12,18,41,47,51,59,60,66,74,75,83,84,89" machi="18" ten="20,5200,0" yaku="1,1,0,1,7,1,52,1,53,0" doraHai="81" doraHaiUra="99" who="0" fromWho="0" sc="120,75,79,-14,521,-14,260,-27" /><INIT seed="4,0,0,3,1,86" ten="195,65,507,233" oya="0" hai0="62,125,38,40,29,117,116,27,60,20,92,72,0" hai1="61,95,7,15,101,63,111,105,134,65,74,58,109" hai2="126,14,119,55,12,59,78,120,24,10,122,133,28" hai3="87,17,70,102,5,3,45,68,84,9,77,36,4"/><T30/><D125/><U32/><E134/><V51/><F119/><W85/><G102/><T52/><D0/><U124/><E124/><V6/><F126/><W31/><G31/><T76/><D29/><U96/><E32/><V107/><F133/><W132/><G132/><T118/><D92/><U71/><E74/><V37/><F107/><W69/><G17/><T54/><D40/><U83/><E83/><V56/><F37/><W90/><G5/><T91/><D38/><U53/><REACH who="1" step="1"/><E105/><REACH who="1" ten="195,55,507,233" step="2"/><V39/><F122/><W75/><G75/><T44/><D72/><U112/><E112/><V113/><F120/><W108/><G77/><T67/><D76/><U35/><E35/><V114/><F78/><W80/><G108/><T123/><D123/><U89/><E89/><V131/><F131/><W18/><G18/><T21/><D91/><U48/><E48/><V81/><F81/><W25/><G25/><T130/><D130/><U135/><E135/><V99/><F113/><W115/><G115/><T50/><D27/><U46/><E46/><V94/><F114/><W129/><G129/><T128/><D50/><U13/><E13/><V106/><F14/><W16/><G16/><T64/><D44/><U127/><E127/><V11/><F106/><W103/><REACH who="3" step="1"/><G103/><REACH who="3" ten="195,55,507,223" step="2"/><T41/><D128/><U8/><AGARI ba="0,2" hai="7,8,15,53,58,61,63,65,71,95,96,101,109,111" machi="8" ten="30,2000,0" yaku="1,1,0,1,53,0" doraHai="86" doraHaiUra="100" who="1" fromWho="1" sc="195,-10,55,40,507,-5,223,-5" /><INIT seed="5,0,0,1,4,51" ten="185,95,502,218" oya="1" hai0="107,27,68,43,97,5,77,55,2,31,119,8,78" hai1="134,60,16,18,102,37,47,39,10,30,125,99,22" hai2="66,15,12,110,3,67,36,23,88,135,42,25,89" hai3="44,53,116,9,128,85,6,11,76,101,57,19,34"/><U7/><E134/><V45/><F3/><W90/><G34/><T69/><D119/><U32/><E125/><V123/><F123/><W75/><G116/><T46/><D78/><U49/><E60/><V132/><F110/><W28/><G101/><N who="0" m="62895" /><D77/><U74/><E74/><V79/><F79/><W81/><G28/><T106/><D55/><U115/><E115/><V54/><F54/><W127/><G127/><T41/><D41/><U104/><E18/><V121/><F121/><W0/><G44/><T29/><D29/><U73/><E73/><V20/><F20/><W100/><G100/><T58/><D58/><U131/><E131/><V64/><F15/><W50/><G128/><T92/><D92/><U94/><E94/><V108/><F12/><W61/><G11/><T65/><D65/><U87/><E87/><V21/><F108/><W82/><REACH who="3" step="1"/><G19/><REACH who="3" ten="185,95,502,208" step="2"/><T24/><D106/><U111/><E32/><V80/><F45/><W35/><G35/><N who="0" m="20967" /><D27/><N who="1" m="14791" /><E30/><V72/><F25/><W48/><AGARI ba="0,1" hai="0,6,9,48,50,53,57,61,75,76,81,82,85,90" machi="48" ten="30,4000,0" yaku="1,1,0,1,52,1,53,0" doraHai="51" doraHaiUra="113" who="3" fromWho="3" sc="185,-10,95,-20,502,-10,208,50" /><INIT seed="6,0,0,0,2,105" ten="175,75,492,258" oya="2" hai0="4,6,122,86,53,56,76,90,5,44,60,48,113" hai1="92,135,7,108,103,79,26,66,131,52,78,119,9" hai2="2,70,67,54,94,127,35,61,134,74,130,80,109" hai3="16,87,42,38,100,102,97,118,72,112,83,81,1"/><V17/><F109/><W36/><G1/><T62/><D113/><U88/><E119/><V27/><F2/><W117/><G42/><T28/><D122/><U21/><E108/><V24/><F127/><W111/><G111/><T69/><D76/><U82/><E135/><V65/><F130/><W93/><G112/><T125/><D125/><U58/><E131/><V31/><F134/><W110/><G110/><T96/><D96/><U126/><E126/><V63/><F54/><W15/><G102/><T37/><D28/><U23/><E66/><V123/><F123/><W116/><G81/><T89/><D60/><U85/><E79/><V71/><F94/><W107/><G107/><T25/><D25/><U84/><E26/><V50/><F50/><W121/><G121/><T10/><D10/><U20/><E103/><V3/><F3/><W49/><G49/><T115/><D86/><U98/><E98/><V13/><F24/><W22/><REACH who="3" step="1"/><G72/><REACH who="3" ten="175,75,492,248" step="2"/><T55/><D115/><U129/><E129/><V51/><F51/><W30/><G30/><T45/><D48/><U43/><E43/><V34/><F34/><W39/><G39/><T8/><D37/><U68/><E82/><V114/><F114/><W104/><G104/><T124/><D124/><U32/><E32/><V29/><F29/><W18/><G18/><T0/><D0/><U64/><E7/><V19/><F19/><W14/><G14/><T59/><D4/><U46/><E92/><V41/><F41/><W40/><G40/><T91/><D5/><U120/><E120/><V11/><F80/><W106/><G106/><RYUUKYOKU ba="0,1" sc="175,-15,75,-15,492,15,248,15" hai2="11,13,17,27,31,35,61,63,65,67,70,71,74" hai3="15,16,22,36,38,83,87,93,97,100,116,117,118" /><INIT seed="6,1,1,2,3,122" ten="160,60,507,263" oya="2" hai0="63,75,29,11,92,43,123,23,120,4,5,10,24" hai1="64,13,65,20,15,84,111,130,21,30,42,135,66" hai2="109,74,134,40,101,34,6,81,26,0,113,114,55" hai3="124,49,47,28,100,9,46,70,107,98,17,31,14"/><V96/><F134/><W116/><G70/><T80/><D43/><U115/><E111/><V69/><F109/><W16/><G116/><T68/><D10/><U38/><E135/><V97/><F69/><W19/><G124/><T99/><D5/><U45/><E115/><V126/><F126/><W39/><G39/><T112/><D112/><N who="2" m="43114" /><F40/><W106/><G106/><T53/><D80/><U67/><E130/><V88/><F0/><W117/><G117/><T105/><D75/><U72/><E72/><V76/><F6/><W59/><G59/><T94/><D105/><U103/><E103/><V37/><F37/><W131/><G131/><T27/><D27/><U118/><E118/><V32/><F26/><W7/><REACH who="3" step="1"/><G47/><REACH who="3" ten="160,60,507,253" step="2"/><T1/><D68/><U79/><E38/><V51/><F34/><W50/><G50/><T58/><D120/><U22/><E45/><V48/><F48/><W87/><G87/><T60/><D123/><U91/><E42/><AGARI ba="1,2" hai="7,9,14,16,17,19,28,31,42,46,49,98,100,107" machi="42" ten="40,2600,0" yaku="1,1,54,1,53,0" doraHai="122" doraHaiUra="35" who="3" fromWho="1" sc="160,0,60,-29,507,0,253,49" /><INIT seed="7,0,0,2,5,83" ten="160,31,507,302" oya="3" hai0="39,65,53,10,14,113,75,100,2,127,82,125,111" hai1="17,36,13,88,95,73,18,91,66,92,34,71,11" hai2="19,128,29,131,96,55,133,101,134,21,31,99,97" hai3="4,90,27,49,44,56,109,108,98,48,1,118,72"/><W26/><G72/><T79/><D111/><N who="3" m="42569" /><G118/><T68/><D2/><U110/><E36/><V9/><F101/><W124/><G124/><N who="0" m="47691" /><D113/><U81/><E34/><V43/><F43/><W126/><G126/><T123/><D123/><U20/><E110/><V40/><F40/><W86/><G1/><T45/><D100/><U107/><E107/><V115/><F115/><W122/><G4/><T121/><D121/><U52/><E52/><V16/><F55/><N who="3" m="31847" /><G122/><T105/><D105/><U102/><E102/><V60/><F60/><W104/><G104/><T3/><D3/><U63/><E91/><V62/><F62/><W30/><G98/><T12/><D10/><U28/><E28/><N who="2" m="10827" /><F9/><W74/><G74/><T87/><D75/><U57/><E71/><V64/><F64/><W89/><G89/><T132/><D65/><U6/><E6/><V129/><F19/><W5/><G5/><T41/><D68/><U59/><E59/><V85/><F85/><W58/><G58/><T70/><D70/><U69/><E69/><V42/><F42/><N who="3" m="24727" /><G30/><T0/><D0/><U67/><E67/><V94/><F94/><AGARI ba="0,0" hai="26,27,86,90,94" m="24727,31847,42569" machi="94" ten="30,2900,0" yaku="10,1,52,1" doraHai="83" who="3" fromWho="2" sc="160,0,31,0,507,-29,302,29" /><INIT seed="7,1,0,4,1,127" ten="160,31,478,331" oya="3" hai0="15,91,64,68,20,28,7,53,133,11,105,57,49" hai1="40,30,135,114,80,38,113,118,76,33,98,39,106" hai2="58,37,120,101,23,14,123,61,85,84,115,32,102" hai3="2,100,22,65,8,72,122,104,92,21,13,125,88"/><W36/><G122/><N who="2" m="46633" /><F37/><W82/><G36/><T71/><D133/><U116/><E135/><V34/><F115/><W27/><G2/><T25/><D105/><U1/><E1/><V16/><F85/><W41/><G41/><T134/><D134/><U70/><E70/><V56/><F56/><W6/><G125/><T74/><D74/><U29/><E40/><V75/><F84/><W35/><G35/><N who="2" m="13353" /><F75/><W103/><G65/><AGARI ba="1,0" hai="14,16,23,58,61,65,101,102" m="13353,46633" machi="65" ten="30,2000,0" yaku="13,1,54,1" doraHai="127" who="2" fromWho="3" sc="160,0,31,0,478,23,331,-23" owari="160,-24.0,31,-47.0,501,60.0,308,11.0" /></mjloggm>