<mjloggm ver="2.3"><GO type="41" lobby="0"/><UN n0="%47%49%4E%4E" n1="%E3%81%88%E3%81%84%E3%81%98%E3%81%95%E3%82%93" n2="%E5%B0%B1%E6%B4%BB%E7%94%9F%40%E5%B7%9D%E6%9D%91%E8%BB%8D%E5%9B%A3" n3="%73%69%67%65%31%31%31%39" dan="14,13,17,14" rate="1884.29,1867.92,2160.54,1966.43" sx="M,M,M,M"/><TAIKYOKU oya="0"/><INIT seed="0,0,0,1,4,74" ten="250,250,250,250" oya="0" hai0="123,11,91,54,48,57,77,90,97,17,53,76,114" hai1="122,21,28,40,64,38,102,96,42,131,103,16,126" hai2="93,41,112,12,130,22,7,129,63,43,24,110,47" hai3="56,46,108,85,25,36,80,51,58,33,73,98,118"/><T134/><D114/><U1/><E122/><V125/><F112/><W86/><G118/><T26/><D134/><U75/><E126/><V30/><F125/><W107/><G36/><T116/><D123/><U5/><E64/><V29/><F110/><W119/><G119/><T68/><D68/><U100/><E28/><V120/><F120/><W10/><G108/><T79/><D116/><U135/><E135/><V84/><F30/><W67/><G73/><T106/><D106/><U19/><E75/><V3/><F3/><W49/><G33/><T20/><D97/><U66/><E66/><V2/><F2/><W104/><G107/><T70/><D70/><U62/><E62/><V15/><F63/><N who="3" m="38375" /><G104/><T88/><D53/><U45/><E96/><V121/><F121/><W14/><G98/><T34/><D34/><U32/><E32/><V105/><F105/><W132/><G132/><T82/><D11/><U59/><E59/><V117/><F117/><W111/><G111/><T83/><AGARI ba="0,0" hai="17,20,26,48,54,57,76,77,79,82,83,88,90,91" machi="83" ten="40,18000,2" yaku="0,1,8,1,52,3,54,1" doraHai="74" who="0" fromWho="0" sc="250,180,250,-60,250,-60,250,-60" /><INIT seed="0,1,0,2,5,98" ten="430,190,190,190" oya="0" hai0="119,124,116,76,65,100,90,102,133,34,106,9,95" hai1="89,46,113,67,69,48,57,47,123,121,14,114,38" hai2="10,3,112,108,56,59,27,30,15,80,0,40,117" hai3="31,35,126,84,122,107,129,2,1,52,7,82,5"/><T96/><D34/><U37/><E14/><V4/><F112/><N who="1" m="43113" /><E89/><V115/><F115/><W36/><G36/><N who="1" m="13930" /><E69/><V16/><F117/><W127/><G107/><T86/><D9/><U83/><E83/><V94/><F108/><W71/><G71/><T68/><D68/><U58/><E67/><V49/><F80/><W64/><G64/><T22/><D22/><U88/><E88/><V72/><F72/><W81/><G122/><N who="1" m="46602" /><E48/><V8/><F94/><W75/><G129/><T28/><D28/><U51/><E51/><V61/><F3/><N who="3" m="1035" /><G52/><T118/><D65/><U78/><E78/><V32/><REACH who="2" step="1"/><F61/><REACH who="2" ten="430,190,180,190" step="2"/><W91/><G75/><T50/><D118/><U97/><E97/><V77/><F77/><W128/><G128/><T53/><D76/><U29/><E29/><V17/><F17/><W103/><G81/><T92/><D119/><U74/><E74/><V110/><F110/><W54/><G31/><T33/><D116/><U134/><E134/><V18/><F18/><W45/><G35/><T120/><D133/><U55/><E55/><V101/><F101/><W111/><G103/><N who="0" m="62823" /><D120/><U135/><E135/><V20/><F20/><W44/><G111/><T130/><D130/><U104/><E104/><V109/><F109/><W99/><G54/><T85/><D33/><U25/><E25/><V43/><F43/><W19/><G19/><T132/><D132/><U39/><N who="1" m="13938" /><U70/><DORA hai="41" /><E70/><V23/><F23/><W87/><G82/><T13/><D95/><U73/><E73/><V42/><F42/><W66/><G66/><T125/><D92/><U12/><E12/><RYUUKYOKU ba="1,1" sc="430,-15,190,15,180,15,190,-15" hai1="46,47,57,58" hai2="0,4,8,10,15,16,27,30,32,40,49,56,59" /><INIT seed="1,2,1,0,2,6" ten="415,205,195,175" oya="1" hai0="38,93,104,74,73,116,20,87,103,53,105,86,70" hai1="112,15,0,23,117,65,59,8,81,64,131,76,54" hai2="113,66,43,126,61,80,119,13,67,44,92,52,51" hai3="85,28,120,75,125,88,48,41,110,14,39,90,78"/><U118/><E112/><V2/><F2/><W69/><G69/><T84/><D38/><U4/><E131/><V63/><F119/><W35/><G39/><T97/><D70/><U11/><E23/><V12/><F113/><W7/><G120/><T37/><D53/><U108/><E108/><V77/><F126/><W102/><G75/><N who="0" m="28683" /><D37/><U135/><E135/><V49/><F92/><W101/><G110/><T134/><D20/><U123/><E123/><V95/><F95/><W71/><G71/><T46/><D46/><U83/><E76/><V1/><F1/><W72/><G72/><T50/><D50/><U34/><E34/><V99/><F99/><W60/><G28/><T96/><D134/><U17/><E65/><N who="2" m="24587" /><F80/><N who="3" m="47255" /><G35/><T98/><D116/><U29/><E64/><V124/><F77/><W106/><G60/><N who="2" m="23113" /><F124/><W31/><G31/><T114/><D114/><U36/><E36/><V25/><F25/><W22/><G106/><AGARI ba="2,1" hai="84,86,87,93,96,97,98,103,104,105,106" m="28683" machi="106" ten="40,8000,1" yaku="35,5" doraHai="6" who="0" fromWho="3" sc="415,96,205,0,195,0,175,-86" /><INIT seed="2,0,0,4,2,116" ten="511,205,195,89" oya="2" hai0="52,123,128,20,70,106,132,86,110,63,104,62,51" hai1="81,9,129,112,22,82,64,94,69,38,79,13,66" hai2="11,58,41,15,3,124,35,91,49,40,10,111,78" hai3="59,60,97,80,4,125,118,99,8,103,120,93,90"/><V0/><F35/><W44/><G118/><T72/><D123/><U75/><E112/><V131/><F124/><W21/><G125/><T56/><D72/><U43/><E129/><V24/><F131/><W71/><G71/><T42/><D128/><U45/><E81/><V57/><F111/><W25/><G120/><T135/><D110/><U119/><E119/><V37/><F37/><W109/><G109/><T31/><D86/><U95/><E22/><V127/><F127/><W46/><G80/><T85/><D85/><U83/><E83/><V117/><F117/><W27/><G27/><N who="0" m="16871" /><D42/><U87/><E69/><V74/><F74/><W30/><G8/><T113/><D113/><U115/><E115/><V107/><F78/><W34/><G34/><T105/><D70/><U61/><E61/><V101/><F101/><W67/><REACH who="3" step="1"/><G4/><REACH who="3" ten="511,205,195,79" step="2"/><T5/><D5/><U68/><E68/><V18/><F24/><W19/><G19/><T7/><D7/><U96/><E75/><V29/><F11/><W54/><G54/><T1/><D1/><U84/><E9/><V108/><F3/><W121/><G121/><T39/><D39/><U28/><E28/><V65/><F0/><W26/><G26/><T133/><AGARI ba="0,1" hai="51,52,56,62,63,104,105,106,132,133,135" m="16871" machi="133" ten="40,2700,0" yaku="20,1,54,1" doraHai="116" who="0" fromWho="0" sc="511,37,205,-7,195,-13,79,-7" /><INIT seed="3,0,0,3,3,20" ten="548,198,182,72" oya="3" hai0="126,35,110,130,29,32,81,135,71,92,117,39,36" hai1="12,15,97,105,133,43,103,21,37,128,34,5,24" hai2="112,73,25,74,76,53,22,79,2,61,83,7,58" hai3="69,8,102,31,60,48,82,87,41,18,23,99,0"/><W131/><G131/><T49/><D92/><U124/><E128/><V85/><F112/><W50/><G69/><T134/><D81/><U114/><E133/><V106/><F106/><W68/><G41/><T95/><D95/><U84/><E114/><V1/><F76/><W101/><G0/><T10/><D130/><U111/><E124/><V27/><F27/><N who="3" m="16895" /><G68/><T78/><D71/><U26/><E111/><V119/><F119/><W3/><G3/><T100/><D110/><U57/><E34/><V113/><F113/><W90/><G60/><T86/><D10/><U55/><E5/><V64/><F2/><W108/><G108/><T94/><D94/><U67/><E67/><V72/><F7/><W40/><G99/><T17/><D29/><U4/><E37/><V28/><REACH who="2" step="1"/><F1/><REACH who="2" ten="548,198,172,72" step="2"/><W98/><G98/><T63/><D117/><U65/><E26/><V13/><F13/><N who="3" m="7463" /><G40/><T51/><D126/><U70/><E43/><V62/><F62/><W122/><G122/><T104/><D63/><U96/><E96/><V54/><AGARI ba="0,1" hai="22,25,28,53,54,58,61,64,72,73,74,79,83,85" machi="54" ten="40,5200,0" yaku="1,1,0,1,52,1,53,0" doraHai="20" doraHaiUra="46" who="2" fromWho="2" sc="548,-13,198,-13,172,62,72,-26" /><INIT seed="4,0,0,1,3,91" ten="535,185,234,46" oya="0" hai0="90,87,108,15,79,58,9,94,107,42,61,27,83" hai1="30,84,114,64,65,54,132,29,49,80,112,4,121" hai2="3,11,81,31,35,62,128,82,25,93,68,98,89" hai3="20,130,110,14,0,116,92,40,59,73,12,34,75"/><T52/><D108/><U13/><E121/><V24/><F128/><W133/><G34/><T28/><D107/><U101/><E132/><V32/><F3/><W70/><G0/><T109/><D109/><U111/><E111/><V86/><F11/><W10/><G110/><T76/><D42/><U56/><E101/><V119/><F119/><W100/><G116/><T55/><D55/><U67/><E13/><V33/><F81/><W120/><G70/><T123/><D123/><U57/><E4/><V97/><F97/><N who="3" m="59431" /><G75/><T125/><D125/><U39/><E39/><V113/><F113/><N who="1" m="43625" /><E57/><V17/><F17/><N who="3" m="10279" /><G73/><T2/><D2/><U50/><E50/><V78/><F25/><W6/><G120/><T115/><D115/><U71/><E71/><V19/><F19/><W122/><G122/><T106/><D83/><U77/><AGARI ba="0,0" hai="29,30,49,54,56,64,65,67,77,80,84" m="43625" machi="77" ten="30,2000,0" yaku="15,1,11,1" doraHai="91" who="1" fromWho="1" sc="535,-10,185,20,234,-5,46,-5" /><INIT seed="5,0,0,1,1,37" ten="525,205,229,41" oya="1" hai0="103,0,56,59,48,93,4,54,85,101,76,119,129" hai1="36,29,89,55,5,14,26,71,23,39,108,12,112" hai2="53,135,46,132,92,128,15,22,7,117,35,16,30" hai3="28,106,47,20,120,49,121,118,105,102,27,80,25"/><U32/><E112/><V70/><F70/><W72/><G118/><T107/><D107/><U109/><E71/><V18/><F117/><W73/><G106/><T24/><D129/><U17/><E55/><V79/><F128/><W95/><G105/><T50/><D119/><U60/><E60/><V66/><F66/><W65/><G73/><T62/><D24/><U77/><E77/><V94/><F79/><W51/><G72/><T97/><D0/><U44/><E44/><V127/><F127/><W104/><G104/><T113/><D4/><U10/><E89/><V78/><F78/><W33/><G120/><T131/><D131/><U1/><E14/><V75/><F75/><W8/><G121/><T6/><D6/><U125/><E125/><V115/><F115/><W3/><G65/><N who="0" m="39111" /><D113/><U21/><E21/><V133/><F7/><W58/><G3/><T13/><D13/><U31/><REACH who="1" step="1"/><E31/><REACH who="1" ten="525,195,229,41" step="2"/><V100/><F30/><W9/><G33/><T123/><D123/><U86/><E86/><V87/><F35/><W82/><G102/><N who="0" m="60719" /><D48/><U83/><E83/><AGARI ba="0,1" hai="50,54,59,76,83,85,101,103" m="60719,39111" machi="83" ten="30,1000,0" yaku="8,1" doraHai="37" who="0" fromWho="1" sc="525,20,195,-10,229,0,41,0" /><INIT seed="6,0,0,1,4,101" ten="545,185,229,41" oya="2" hai0="125,26,15,56,37,60,40,0,105,3,47,119,109" hai1="107,16,54,20,126,95,8,78,5,19,22,6,31" hai2="133,41,62,69,7,92,28,73,90,72,34,89,10" hai3="103,86,68,134,50,45,85,9,58,128,110,57,115"/><V121/><F121/><W33/><G33/><T23/><D105/><U74/><E95/><V36/><F133/><W104/><G68/><T4/><D125/><U39/><E39/><V127/><F127/><W132/><G110/><T2/><D109/><U51/><E107/><V108/><F108/><W122/><G122/><T21/><D119/><U124/><E78/><V83/><F36/><W120/><G120/><T102/><D102/><U71/><E71/><V100/><F41/><N who="3" m="24879" /><G128/><T66/><D26/><N who="1" m="16839" /><E74/><V35/><F100/><W80/><G86/><T44/><D44/><U82/><E82/><V14/><F28/><W25/><G25/><T55/><D66/><U97/><E97/><V88/><F92/><W84/><G9/><T42/><D42/><U38/><E38/><V32/><REACH who="2" step="1"/><F83/><REACH who="2" ten="545,185,219,41" step="2"/><W12/><G80/><T75/><D37/><U49/><E126/><V13/><F13/><W61/><G12/><T129/><D40/><U63/><E124/><V131/><F131/><W43/><G43/><T81/><D129/><U117/><E117/><V46/><F46/><W29/><G29/><T59/><D47/><U52/><E63/><V79/><F79/><W65/><G115/><T114/><D114/><U112/><E112/><V70/><F70/><W53/><G58/><T24/><D59/><U1/><E1/><V27/><F27/><W67/><G67/><AGARI ba="0,1" hai="7,10,14,32,34,35,62,67,69,72,73,88,89,90" machi="67" ten="50,4800,0" yaku="1,1,54,1,53,0" doraHai="101" doraHaiUra="111" who="2" fromWho="3" sc="545,0,185,0,219,58,41,-48" owari="545,64.0,185,-21.0,277,8.0,-7,-51.0" /></mjloggm>