<mjloggm ver="2.3"><GO type="169" lobby="0"/><UN n0="%41%6B%61%2D%75%72%61" n1="%E9%A2%A8%E8%BB%8A%E3%81%AE%E7%B5%B5%E7%90%86%E5%AD%90" n2="%E7%8B%AC%E6%AD%A9" n3="%E3%83%88%E3%83%88%E3%83%AA%E5%85%88%E7%94%9F%31%39%E6%AD%B3" dan="16,16,20,18" rate="2134.09,2171.56,2153.69,2236.06" sx="F,F,M,F"/><TAIKYOKU oya="0"/><INIT seed="0,0,0,0,3,109" ten="250,250,250,250" oya="0" hai0="97,134,47,45,89,101,46,27,60,23,51,85,122" hai1="35,0,24,135,68,62,126,104,12,33,34,106,10" hai2="114,124,100,22,119,95,49,93,29,107,127,18,74" hai3="59,43,125,66,132,26,108,76,54,92,81,65,40"/><T91/><D122/><U8/><E126/><V64/><F74/><W131/><G108/><T128/><D128/><U118/><E118/><V110/><F119/><W82/><G125/><N who="2" m="48201" /><F110/><W83/><G131/><T123/><D123/><U4/><E135/><V5/><F5/><W9/><G132/><T113/><D134/><U72/><E10/><V6/><F6/><W48/><G76/><T2/><D2/><U70/><E12/><V77/><F77/><W98/><G9/><T63/><D51/><U38/><E24/><V19/><F64/><N who="3" m="24683" /><G26/><T129/><D129/><U58/><E58/><V37/><F37/><W94/><G94/><N who="2" m="35849" /><F49/><W130/><G130/><T36/><D36/><U69/><E62/><V67/><F67/><W53/><G53/><T79/><D101/><AGARI ba="0,0" hai="40,43,48,54,59,81,82,83,92,98,101" m="24683" machi="101" ten="30,1000,0" yaku="8,1" doraHai="109" who="3" fromWho="0" sc="250,-10,250,0,250,0,250,10" /><INIT seed="1,0,0,0,0,20" ten="240,250,250,260" oya="1" hai0="111,120,101,59,5,104,12,107,40,63,96,42,36" hai1="50,74,18,51,114,25,45,122,97,6,52,133,57" hai2="17,7,72,80,83,2,19,4,87,88,48,125,11" hai3="1,93,34,123,29,95,91,135,67,32,33,108,131"/><U35/><E74/><V23/><F125/><W85/><G123/><T68/><D120/><U81/><E114/><V13/><F72/><W78/><G1/><T115/><D115/><U43/><E122/><V64/><F64/><W62/><G108/><T130/><D68/><U92/><E6/><V15/><F2/><W31/><G131/><T73/><D111/><U66/><E66/><V49/><F83/><W94/><G78/><T117/><D117/><U37/><E133/><V46/><REACH who="2" step="1"/><F49/><REACH who="2" ten="240,250,240,260" step="2"/><W99/><G135/><T100/><D73/><U102/><E81/><V105/><F105/><W86/><G94/><T79/><D36/><U77/><E51/><V27/><F27/><W84/><REACH who="3" step="1"/><G93/><REACH who="3" ten="240,250,240,250" step="2"/><T65/><D130/><U124/><E92/><V76/><F76/><W106/><G106/><T38/><D79/><U89/><E77/><V127/><F127/><W16/><G16/><T116/><D116/><U70/><E18/><V56/><F56/><AGARI ba="0,2" hai="29,31,32,33,34,56,62,67,84,85,86,91,95,99" machi="56" ten="50,1600,0" yaku="1,1,53,0" doraHai="20" doraHaiUra="3" who="3" fromWho="2" sc="240,0,250,0,240,-16,250,36" /><INIT seed="2,0,0,1,0,42" ten="240,250,224,286" oya="2" hai0="116,38,77,97,81,76,32,93,65,105,1,123,80" hai1="15,37,50,73,21,95,49,131,18,0,114,24,85" hai2="52,56,14,43,19,92,112,83,25,2,98,16,58" hai3="35,75,74,66,53,55,102,96,107,118,124,109,126"/><V117/><F2/><W103/><G118/><T40/><D1/><U22/><E0/><V110/><F117/><W64/><G96/><T106/><D32/><U9/><E37/><V113/><F43/><W20/><G20/><T129/><D65/><N who="3" m="25193" /><G107/><N who="0" m="40971" /><D40/><U47/><E73/><N who="3" m="27658" /><G35/><T62/><D62/><U28/><E114/><V45/><F110/><W54/><G109/><T4/><D4/><U108/><E108/><V130/><F130/><W86/><G86/><T17/><D17/><U88/><E131/><V33/><F83/><N who="0" m="31818" /><D38/><U72/><E72/><V101/><F113/><W122/><G122/><T48/><D129/><U100/><E100/><AGARI ba="0,0" hai="53,54,55,100,102,103,124,126" m="27658,25193" machi="100" ten="40,2600,0" yaku="28,2" doraHai="42" who="3" fromWho="1" sc="240,0,250,-26,224,0,286,26" /><INIT seed="3,0,0,5,3,23" ten="240,224,224,312" oya="3" hai0="47,84,18,96,82,6,61,33,35,37,102,86,95" hai1="31,19,4,83,3,76,75,99,98,43,57,9,69" hai2="72,94,119,77,109,68,78,0,66,93,81,21,70" hai3="103,22,49,41,25,56,124,118,39,26,30,89,114"/><W110/><G114/><T117/><D117/><U113/><E113/><V106/><F119/><W65/><G118/><T27/><D6/><U101/><E69/><V115/><F106/><W129/><G39/><T79/><D61/><U112/><E112/><V29/><F0/><W12/><G129/><T73/><D35/><U122/><E122/><V10/><F10/><W20/><G124/><T90/><D18/><U48/><E31/><V128/><F115/><W104/><G110/><T87/><D37/><U50/><E98/><V60/><F109/><W55/><G41/><T51/><D33/><U59/><E19/><V80/><F128/><W132/><G132/><T105/><REACH who="0" step="1"/><D27/><REACH who="0" ten="230,224,224,312" step="2"/><U67/><E50/><V85/><F70/><W88/><G12/><T100/><D100/><U42/><E101/><V111/><F111/><W116/><G116/><T36/><D36/><U123/><E48/><V134/><F134/><W130/><G130/><T58/><D58/><U46/><E59/><V64/><F64/><W135/><G135/><T13/><D13/><U1/><E57/><V16/><F29/><N who="3" m="17575" /><G103/><T7/><D7/><U2/><E4/><V74/><F74/><W125/><G125/><T45/><D45/><U32/><E46/><V14/><AGARI ba="0,1" hai="14,16,21,60,66,68,72,77,78,80,81,85,93,94" machi="14" ten="20,2700,0" yaku="0,1,7,1,54,1" doraHai="23" who="2" fromWho="2" sc="230,-7,224,-7,224,37,312,-13" /><INIT seed="4,0,0,3,3,81" ten="223,217,261,299" oya="0" hai0="108,91,26,37,135,83,113,53,22,129,4,10,51" hai1="31,36,49,130,126,90,5,93,42,7,96,115,72" hai2="20,71,47,101,98,79,112,117,52,122,73,121,23" hai3="39,19,62,114,99,95,104,82,105,131,125,123,50"/><T28/><D113/><U24/><E72/><V17/><F71/><W69/><G39/><T54/><D129/><U15/><E36/><V2/><F2/><W80/><G131/><T46/><D135/><U0/><E0/><V128/><F128/><W109/><G109/><T44/><D108/><U1/><E1/><V6/><F6/><W102/><G82/><T3/><D37/><U63/><E130/><V35/><F35/><W66/><G114/><T118/><D118/><U16/><E115/><V75/><F112/><W12/><G125/><T30/><D30/><U9/><E126/><V92/><F20/><W48/><G123/><T106/><D106/><U41/><E63/><V14/><F117/><W111/><G111/><T21/><D22/><U58/><E42/><V33/><F33/><W100/><G80/><T77/><D91/><U57/><E57/><V132/><F79/><W32/><G32/><T67/><D67/><U18/><E7/><V25/><F132/><W78/><G78/><T107/><D107/><U38/><E38/><V86/><F75/><W87/><G102/><T124/><D124/><U8/><E8/><V85/><F73/><W84/><G105/><T74/><REACH who="0" step="1"/><D44/><REACH who="0" ten="213,217,261,299" step="2"/><U94/><E31/><V34/><F122/><W61/><G104/><T119/><D119/><U110/><E110/><V103/><F121/><W116/><G116/><T11/><D11/><U59/><E9/><N who="2" m="6351" /><F34/><W27/><G66/><T13/><D13/><U68/><E15/><V89/><F89/><W43/><G12/><T55/><AGARI ba="0,1" hai="3,4,10,21,26,28,46,51,53,54,55,74,77,83" machi="55" ten="20,3900,0" yaku="1,1,0,1,7,1,53,0" doraHai="81" doraHaiUra="133" who="0" fromWho="0" sc="213,49,217,-13,261,-13,299,-13" /><INIT seed="4,1,0,0,4,13" ten="262,204,248,286" oya="0" hai0="106,42,37,109,30,84,79,114,64,102,133,113,108" hai1="73,29,57,90,112,83,61,71,132,22,96,56,78" hai2="99,36,127,32,80,126,111,87,39,77,44,62,55" hai3="27,105,52,40,5,49,1,134,20,110,11,24,15"/><T54/><D64/><U119/><E119/><V46/><F32/><W72/><G110/><N who="0" m="42603" /><D30/><U130/><E132/><V75/><F99/><W50/><G72/><T48/><D102/><U59/><E130/><V66/><F111/><W68/><G105/><T53/><D106/><U88/><E112/><N who="0" m="43113" /><D79/><U82/><E82/><V65/><F75/><W95/><G68/><T17/><D84/><U8/><E96/><V21/><F21/><W33/><G134/><T23/><D37/><N who="2" m="14410" /><F66/><W94/><G33/><T92/><D92/><U63/><E71/><N who="2" m="42423" /><F55/><W81/><G81/><T125/><D125/><AGARI ba="1,0" hai="44,46,77,80,87,125,126,127" m="42423,14410" machi="125" ten="30,1000,0" yaku="18,1" doraHai="13" who="2" fromWho="0" sc="262,-13,204,0,248,13,286,0" /><INIT seed="5,0,0,5,0,103" ten="249,204,261,286" oya="1" hai0="64,47,21,37,107,18,52,93,89,10,27,53,121" hai1="57,14,123,16,35,114,42,63,135,88,32,4,13" hai2="2,82,109,34,74,75,106,95,79,120,117,8,78" hai3="102,127,6,85,20,44,28,5,22,51,76,100,66"/><U131/><E123/><V113/><F117/><W87/><G127/><T110/><D110/><U91/><E42/><V50/><F109/><W128/><G128/><T65/><D121/><U67/><E131/><V124/><F124/><W73/><G73/><T104/><D37/><U11/><E135/><V41/><F34/><W77/><G66/><T99/><D53/><U38/><E38/><V70/><F70/><W94/><G94/><T24/><D10/><U54/><E114/><V116/><F116/><W97/><G97/><T96/><D24/><U19/><E35/><V23/><F106/><W90/><G90/><T43/><D43/><U86/><E32/><V68/><F68/><W17/><G17/><T125/><D125/><U33/><E33/><V133/><F75/><W31/><G51/><T132/><D132/><U126/><E126/><V40/><F74/><W108/><G108/><T134/><D134/><U92/><E67/><V119/><F2/><W26/><G26/><T15/><D15/><U115/><E115/><V0/><F0/><W25/><G25/><T48/><REACH who="0" step="1"/><D107/><REACH who="0" ten="239,204,261,286" step="2"/><U112/><E112/><V130/><F113/><W29/><G29/><T84/><D84/><N who="1" m="52231" /><E14/><V83/><F133/><W36/><G36/><T101/><AGARI ba="0,1" hai="18,21,27,47,48,52,64,65,89,93,96,99,101,104" machi="101" ten="30,7900,0" yaku="1,1,0,1,52,1,54,1,53,0" doraHai="103" doraHaiUra="30" who="0" fromWho="0" sc="239,89,204,-39,261,-20,286,-20" /><INIT seed="6,0,0,1,4,12" ten="328,165,241,266" oya="2" hai0="43,36,5,79,41,20,11,114,14,133,68,101,69" hai1="96,35,128,21,109,66,6,90,28,37,77,76,117" hai2="113,71,18,56,29,102,64,39,110,0,32,91,88" hai3="107,131,34,59,63,84,104,15,93,53,103,19,106"/><V40/><F0/><W82/><G131/><T31/><D101/><U127/><E37/><V51/><F113/><W2/><G2/><T115/><D133/><U112/><E35/><V45/><F102/><W122/><G34/><T67/><D79/><U52/><E109/><V50/><F110/><W130/><G130/><T95/><D95/><U87/><E117/><V116/><F116/><W25/><G25/><N who="0" m="16807" /><D67/><U27/><E128/><V126/><F126/><W129/><G129/><T61/><D61/><U23/><E66/><V81/><F29/><W30/><G30/><T108/><D108/><U100/><E6/><V42/><F32/><W111/><G111/><T74/><D74/><U120/><E120/><V55/><F42/><N who="0" m="15882" /><D36/><U62/><E112/><AGARI ba="0,0" hai="5,11,14,68,69,112,114,115" m="15882,16807" machi="112" ten="30,1000,0" yaku="15,1" doraHai="12" who="0" fromWho="1" sc="328,10,165,-10,241,0,266,0" /><INIT seed="7,0,0,5,3,94" ten="338,155,241,266" oya="3" hai0="133,17,131,101,3,104,9,96,55,88,40,75,52" hai1="72,83,53,46,127,33,22,121,23,59,64,14,82" hai2="61,113,10,79,89,110,49,76,58,69,86,30,95" hai3="91,36,119,102,109,116,39,28,32,26,51,8,77"/><W125/><G125/><T60/><D75/><U105/><E105/><V120/><F110/><W62/><G109/><T74/><D74/><U98/><E33/><V43/><F69/><W2/><G77/><T54/><D40/><U15/><E121/><V106/><F106/><W85/><G102/><T122/><D122/><U42/><E127/><V29/><F113/><W4/><G62/><T111/><D111/><U45/><E64/><V124/><F124/><W67/><G67/><T118/><D118/><U73/><E59/><V107/><F107/><W93/><REACH who="3" step="1"/><G51/><REACH who="3" ten="338,155,241,256" step="2"/><T78/><D78/><U114/><E42/><V31/><F120/><W92/><G92/><N who="0" m="56327" /><D104/><U130/><E53/><V21/><F43/><W16/><G16/><T129/><D101/><U19/><E19/><V12/><F49/><W134/><G134/><T99/><D133/><U123/><E123/><V84/><F79/><W57/><G57/><T112/><D60/><U81/><E81/><N who="2" m="47143" /><F58/><W1/><G1/><T25/><D54/><U115/><REACH who="1" step="1"/><E130/><REACH who="1" ten="338,145,241,256" step="2"/><V37/><F31/><W135/><G135/><T80/><D52/><U50/><E50/><V35/><F30/><W18/><G18/><T41/><D55/><U87/><E87/><V97/><F86/><W0/><G0/><T103/><D41/><U63/><E63/><V38/><F61/><W5/><G5/><T27/><D3/><U48/><E48/><V24/><F35/><W47/><G47/><T90/><D131/><U20/><E20/><V132/><F132/><W108/><G108/><T34/><D129/><U100/><E100/><V66/><F66/><RYUUKYOKU ba="0,2" sc="338,-30,145,10,241,10,256,10" hai1="14,15,22,23,45,46,72,73,82,83,98,114,115" hai2="10,12,21,24,29,37,38,89,95,97" hai3="2,4,8,26,28,32,36,39,85,91,93,116,119" /><INIT seed="7,1,2,3,4,36" ten="308,155,251,266" oya="3" hai0="104,113,90,85,126,64,97,89,73,78,117,131,52" hai1="13,107,8,96,6,38,14,32,94,61,10,16,42" hai2="11,101,9,55,27,93,20,25,63,120,46,39,88" hai3="18,35,111,122,95,34,17,133,82,60,57,81,77"/><W112/><G122/><T7/><D117/><U49/><E107/><V26/><F120/><W28/><G112/><T100/><D113/><U124/><E32/><V79/><F79/><W68/><G68/><T110/><D110/><U12/><E38/><V30/><F101/><W128/><G128/><T5/><D131/><U84/><E124/><V108/><F108/><W40/><G111/><T134/><D134/><U71/><E84/><V2/><F2/><W129/><G129/><T51/><D64/><U118/><E118/><V31/><F39/><W74/><G133/><T56/><D126/><U4/><E71/><V22/><F27/><W53/><G82/><N who="0" m="45391" /><D90/><U54/><E61/><V91/><F46/><W99/><G40/><T41/><D41/><U69/><E69/><V48/><F48/><W47/><G47/><T121/><D121/><U67/><E67/><V76/><F76/><W116/><G116/><T80/><D80/><U50/><E54/><V23/><F23/><W45/><G45/><T59/><D59/><U66/><E66/><V105/><F105/><W21/><G28/><T44/><D44/><U86/><E86/><N who="2" m="52375" /><F91/><N who="3" m="55807" /><G18/><T24/><D89/><U15/><E42/><V92/><F92/><W65/><G65/><T70/><D85/><U58/><E58/><AGARI ba="1,2" hai="9,11,20,22,25,26,30,31,55,58,63" m="52375" machi="58" ten="30,2000,0" yaku="8,1,54,1" doraHai="36" who="2" fromWho="1" sc="308,0,155,-23,251,43,266,0" owari="308,41.0,132,-37.0,294,9.0,266,-13.0" /></mjloggm>