<mjloggm ver="2.3"><GO type="225" lobby="0"/><UN n0="%E7%B4%85%E3%81%84%E7%9E%B3%E3%81%AE%E6%AD%A6%E4%B8%B8" n1="%E3%83%88%E3%83%88%E3%83%AA%E5%85%88%E7%94%9F%31%39%E6%AD%B3" n2="%E5%A4%A7%E5%A4%A7%E5%B2%A1%E5%B1%B1%EF%BC%A0%E6%A8%AA%E6%B5%9C" n3="%73%61%72%61%6B" dan="16,16,16,16" rate="2093.63,2089.33,2149.21,2099.76" sx="M,F,M,M"/><TAIKYOKU oya="0"/><INIT seed="0,0,0,4,0,12" ten="250,250,250,250" oya="0" hai0="90,42,51,48,49,7,20,126,38,53,116,131,15" hai1="66,82,88,113,62,40,94,30,50,35,46,81,26" hai2="125,67,128,79,106,28,19,122,119,2,9,6,129" hai3="70,110,115,61,41,17,83,99,114,64,117,8,47"/><T1/><D116/><U124/><E124/><V101/><F79/><W11/><G117/><T68/><D68/><U89/><E113/><V96/><F119/><W133/><G110/><T97/><D1/><U57/><REACH who="1" step="1"/><E89/><REACH who="1" ten="250,240,250,250" step="2"/><V36/><F125/><W23/><G115/><T86/><D126/><U78/><E78/><V34/><F122/><W59/><G114/><T87/><D131/><U33/><E33/><V14/><F128/><W84/><G133/><T39/><D90/><U37/><E37/><V29/><F129/><W24/><G70/><T108/><D39/><U135/><E135/><V100/><F36/><W73/><G73/><T72/><D38/><U32/><E32/><V109/><F109/><W25/><G99/><AGARI ba="0,1" hai="26,30,35,40,46,50,57,62,66,81,82,88,94,99" machi="99" ten="30,3900,0" yaku="1,1,7,1,54,1,53,0" doraHai="12" doraHaiUra="120" who="1" fromWho="3" sc="250,0,240,49,250,0,250,-39" /><INIT seed="1,0,0,0,2,46" ten="250,289,250,211" oya="1" hai0="63,113,99,43,107,103,16,23,21,81,74,92,69" hai1="28,26,78,33,129,105,80,90,114,118,12,48,18" hai2="72,20,53,106,66,101,54,96,3,55,27,85,31" hai3="15,125,91,38,0,9,59,35,111,121,11,68,77"/><U88/><E114/><V100/><F72/><W95/><G68/><T116/><D116/><U14/><E118/><V67/><F3/><W135/><G38/><T82/><D113/><U7/><E105/><V49/><F100/><W76/><G76/><T119/><D119/><U50/><E129/><V94/><F106/><W29/><G77/><T62/><D107/><U131/><E131/><V86/><REACH who="2" step="1"/><F49/><REACH who="2" ten="250,289,240,211" step="2"/><W73/><G73/><T65/><D74/><U4/><E48/><V17/><F17/><W83/><G0/><T130/><D130/><U10/><E50/><V22/><F22/><W89/><G125/><T56/><D23/><U127/><E127/><V109/><F109/><W70/><G111/><T128/><D128/><U39/><E39/><V36/><F36/><W123/><G123/><T133/><D133/><U132/><E132/><V32/><F32/><W1/><G135/><T41/><D43/><U108/><E108/><V134/><F134/><W6/><G121/><T60/><D41/><U45/><E7/><V79/><F79/><W87/><G35/><T42/><D42/><U57/><E90/><V44/><F44/><W30/><G70/><T24/><REACH who="0" step="1"/><D62/><REACH who="0" ten="240,289,240,211" step="2"/><U71/><E33/><V124/><F124/><W97/><G59/><T13/><D13/><U120/><E57/><V19/><F19/><AGARI ba="0,2" hai="1,6,9,11,15,19,29,30,83,87,89,91,95,97" machi="19" ten="30,1000,0" yaku="7,1" doraHai="46" who="3" fromWho="2" sc="240,0,289,0,240,-10,211,30" /><INIT seed="2,0,0,4,2,70" ten="240,289,230,241" oya="2" hai0="1,106,27,46,25,14,98,96,100,128,48,77,81" hai1="19,49,126,121,93,43,2,11,9,103,17,105,129" hai2="117,38,118,85,59,72,101,124,24,21,107,56,45" hai3="87,109,64,13,29,39,3,30,0,66,60,83,65"/><V40/><F72/><W86/><G109/><T16/><D1/><U47/><E105/><V52/><F124/><W5/><G13/><T12/><D128/><U119/><E119/><V32/><F32/><W63/><G5/><T71/><D71/><U134/><E129/><V41/><F41/><W51/><G51/><T104/><D14/><U28/><E28/><V75/><F75/><W8/><G8/><T68/><D68/><U6/><E134/><V123/><F123/><W99/><G99/><T89/><D89/><U113/><E113/><V94/><F107/><W111/><G111/><T102/><D81/><U116/><E116/><V91/><F59/><W120/><G83/><T55/><REACH who="0" step="1"/><D77/><REACH who="0" ten="230,289,230,241" step="2"/><U95/><E2/><V62/><REACH who="2" step="1"/><F101/><REACH who="2" ten="230,289,220,241" step="2"/><W92/><G120/><T61/><D61/><U20/><E103/><V114/><F114/><W76/><G63/><T79/><D79/><U33/><E121/><V58/><F58/><W131/><G60/><T69/><D69/><U31/><E126/><V112/><F112/><W34/><G76/><T18/><D18/><AGARI ba="0,2" hai="18,21,24,38,40,45,52,56,62,85,91,94,117,118" machi="18" ten="30,12000,1" yaku="1,1,7,1,52,1,54,1,53,1" doraHai="70" doraHaiUra="42" who="2" fromWho="0" sc="230,-120,289,0,220,140,241,0" /><INIT seed="2,1,0,1,1,88" ten="110,289,360,241" oya="2" hai0="97,39,33,113,2,105,104,101,28,29,16,14,94" hai1="38,63,41,133,66,20,60,126,87,40,55,27,99" hai2="82,118,24,108,68,90,86,0,43,91,127,84,74" hai3="134,89,65,114,106,110,11,93,122,73,123,10,17"/><V56/><F118/><W103/><G73/><T98/><D113/><U26/><E133/><V31/><F68/><W47/><G134/><T54/><D2/><U67/><E126/><V61/><F127/><W44/><G65/><T58/><D39/><U111/><E111/><V76/><F108/><W18/><G110/><T34/><D34/><U13/><E38/><V9/><F43/><W85/><G114/><T36/><D36/><U115/><E115/><V132/><F132/><W59/><G59/><T70/><D70/><U124/><E124/><V23/><F0/><W95/><G106/><T8/><D33/><U7/><E55/><V80/><F9/><N who="3" m="3083" /><G123/><T49/><REACH who="0" step="1"/><D105/><REACH who="0" ten="100,289,360,241" step="2"/><U116/><E116/><V92/><F56/><W4/><G122/><T72/><D72/><U19/><E66/><V62/><AGARI ba="1,1" hai="23,24,31,61,62,74,76,80,82,84,86,90,91,92" machi="62" ten="30,3000,0" yaku="0,1,52,1" doraHai="88" who="2" fromWho="2" sc="100,-11,289,-11,360,43,241,-11" /><INIT seed="2,2,0,1,3,129" ten="89,278,403,230" oya="2" hai0="100,111,65,91,101,20,122,23,34,125,18,1,77" hai1="27,113,4,99,76,0,9,81,15,25,135,39,78" hai2="70,36,44,59,67,118,42,96,16,37,74,127,41" hai3="32,117,40,38,57,31,108,131,69,46,114,132,73"/><V28/><F118/><W98/><G57/><T56/><D34/><U24/><E113/><V104/><F74/><W109/><G98/><T45/><D1/><U53/><E39/><V82/><F82/><W48/><G48/><T10/><D122/><U51/><E135/><V62/><F28/><W106/><G46/><T128/><D128/><U112/><E112/><V19/><F127/><W83/><G83/><T75/><D125/><U93/><E0/><V130/><F130/><W90/><G90/><T26/><D111/><U95/><E81/><V35/><F35/><W63/><G63/><T79/><D10/><U60/><E60/><V110/><F110/><W50/><G50/><T55/><D65/><U121/><E121/><V12/><F70/><W52/><G52/><T94/><D45/><U92/><REACH who="1" step="1"/><E99/><REACH who="1" ten="89,268,403,230" step="2"/><V13/><F96/><W64/><G64/><T115/><D115/><U84/><E84/><V68/><F37/><W58/><G108/><T5/><D75/><U133/><E133/><V30/><F62/><W71/><G40/><T3/><D3/><U87/><E87/><V47/><F42/><W43/><G43/><T126/><D126/><U7/><E7/><V66/><F41/><W61/><G61/><N who="0" m="35999" /><D5/><U124/><E124/><V85/><F36/><W8/><G109/><T119/><D119/><U120/><E120/><V102/><F85/><W116/><G117/><T105/><D79/><U22/><E22/><V14/><F68/><W88/><G116/><T17/><D77/><U86/><E86/><V6/><F6/><W2/><G2/><T21/><D21/><RYUUKYOKU ba="2,1" sc="89,-10,268,30,403,-10,230,-10" hai1="4,9,15,24,25,27,51,53,76,78,92,93,95" /><INIT seed="3,3,1,2,5,135" ten="79,298,393,220" oya="3" hai0="89,24,107,64,73,124,11,68,81,109,90,8,118" hai1="28,14,6,12,84,100,17,65,121,16,110,108,58" hai2="79,80,76,94,128,47,132,120,75,20,104,32,27" hai3="5,112,54,10,1,115,45,3,133,66,35,2,83"/><W0/><G66/><T62/><D118/><U125/><E100/><V85/><F132/><W57/><G45/><T122/><D122/><U37/><E37/><V71/><F104/><W131/><G133/><T41/><D109/><N who="1" m="42091" /><E84/><V59/><F71/><W23/><G131/><T39/><D107/><U56/><E121/><V129/><F120/><W36/><G36/><T50/><D39/><U29/><E65/><V93/><F32/><W99/><G35/><T96/><D96/><U103/><E103/><V111/><F111/><W4/><G99/><T63/><D63/><U92/><E92/><V31/><F47/><W91/><G23/><T21/><D73/><U127/><E6/><V26/><F59/><N who="1" m="22569" /><E14/><V113/><F113/><W88/><G88/><T97/><D97/><U102/><E17/><V82/><F27/><W18/><G18/><T61/><D61/><U78/><E78/><V33/><F33/><W51/><G5/><T105/><D105/><U55/><E55/><V114/><F114/><N who="3" m="43563" /><G91/><T74/><D74/><U42/><E42/><V116/><F116/><W72/><G83/><T53/><D41/><U69/><E69/><V22/><F22/><W44/><G57/><N who="0" m="32951" /><D124/><N who="1" m="47691" /><E102/><V13/><F13/><W101/><G101/><T34/><D34/><U52/><E52/><V7/><F7/><W60/><G60/><T9/><D81/><U119/><E119/><V30/><F30/><W48/><G72/><T134/><D134/><U46/><E46/><V117/><F117/><W40/><G40/><T95/><D95/><U123/><E123/><V106/><F106/><W38/><G38/><RYUUKYOKU ba="3,1" sc="79,0,298,0,393,0,220,0" hai0="8,9,11,21,24,62,64,68,89,90" hai1="12,16,28,29" hai2="20,26,31,75,76,79,80,82,85,93,94,128,129" hai3="0,1,2,3,4,10,44,48,51,54" /><INIT seed="3,4,1,4,0,19" ten="79,298,393,220" oya="3" hai0="5,128,72,117,4,76,107,101,11,42,129,54,133" hai1="68,106,105,34,119,67,58,81,12,30,8,43,6" hai2="92,115,28,112,45,57,80,66,126,79,14,83,61" hai3="108,110,124,65,33,100,9,44,17,98,15,36,89"/><W41/><G124/><T69/><D117/><U104/><E68/><V127/><F28/><W118/><G118/><T40/><D69/><U87/><E119/><V18/><F45/><W49/><G33/><T121/><D121/><U51/><E34/><V24/><F24/><W113/><G113/><T85/><D72/><U38/><E38/><V103/><F112/><W75/><G75/><T132/><D101/><U20/><E67/><V25/><F25/><W60/><G89/><T111/><D107/><U74/><E74/><V0/><F0/><W131/><G36/><T135/><D54/><U52/><E43/><N who="0" m="16425" /><D85/><U130/><E130/><N who="0" m="50281" /><D11/><U123/><E123/><V50/><F50/><W10/><G10/><T116/><D116/><U39/><E39/><V7/><F7/><N who="0" m="2634" /><D76/><U35/><E35/><V59/><F59/><W53/><G53/><T120/><D120/><U125/><E125/><N who="2" m="47627" /><F79/><W27/><G131/><T64/><D64/><U97/><E97/><N who="2" m="59815" /><F115/><W29/><G98/><T22/><D111/><U55/><E55/><V13/><F13/><W47/><G100/><T95/><D95/><U71/><E71/><V26/><F26/><W88/><G65/><T99/><D99/><U102/><E102/><V93/><F93/><W86/><G86/><T56/><D56/><U37/><E37/><V73/><F73/><W78/><G78/><T2/><D2/><U77/><E30/><V122/><F122/><W82/><G108/><T94/><D94/><U32/><E32/><V134/><F134/><N who="0" m="34306" /><T90/><DORA hai="109" /><D90/><U84/><E84/><V16/><F18/><W1/><G110/><RYUUKYOKU ba="4,1" sc="79,10,298,10,393,10,220,-30" hai0="22" hai1="6,8,12,20,51,52,58,77,81,87,104,105,106" hai2="14,16,57,61,66,80,83" owari="89,-41.0,308,11.0,413,51.0,190,-21.0" /></mjloggm>