<mjloggm ver="2.3"><GO type="97" lobby="0"/><UN n0="%E5%B0%B1%E6%B4%BB%E7%94%9F%40%E5%B7%9D%E6%9D%91%E8%BB%8D%E5%9B%A3" n1="%E7%B6%BE%E7%80%AC%E5%A5%88%E9%83%BD%E5%B8%8C" n2="%77%6F%65%66%75%6C" n3="%54%4F%4D%4F%47%45" dan="16,15,13,14" rate="2081.89,2014.85,1897.36,1871.19" sx="M,F,M,M"/><TAIKYOKU oya="0"/><INIT seed="0,0,0,5,4,114" ten="250,250,250,250" oya="0" hai0="41,134,5,50,37,78,119,120,79,70,72,115,32" hai1="86,88,130,25,28,59,116,21,100,131,43,75,31" hai2="27,64,55,123,20,102,39,82,57,60,22,11,118" hai3="80,13,33,71,74,97,135,34,108,45,66,112,1"/><T110/><RYUUKYOKU type="yao9" ba="0,0" sc="250,0,250,0,250,0,250,0" hai0="5,32,37,41,50,70,72,78,79,110,115,119,120,134" /><INIT seed="0,1,0,1,4,107" ten="250,250,250,250" oya="0" hai0="5,123,40,2,83,16,62,41,105,134,101,78,30" hai1="113,18,130,112,74,26,117,53,114,32,131,89,82" hai2="92,97,33,1,90,20,87,118,73,129,39,51,85" hai3="132,125,24,7,36,70,17,55,57,58,124,21,27"/><T68/><D123/><U77/><E117/><V42/><F33/><W120/><G120/><T65/><D134/><U6/><E6/><V109/><F39/><W22/><G132/><T133/><D133/><U126/><E126/><N who="3" m="48746" /><G70/><T3/><D30/><U66/><E66/><V35/><F118/><W81/><G36/><T63/><D63/><U11/><E89/><V49/><F35/><W72/><G7/><T121/><D121/><U44/><E32/><V60/><F109/><W115/><G115/><T29/><D29/><U79/><E79/><V95/><F1/><W76/><G55/><T46/><D16/><AGARI ba="1,0" hai="16,17,21,22,24,27,57,58,72,76,81" m="48746" machi="16" ten="30,3900,0" yaku="18,1,52,1,54,1" doraHai="107" who="3" fromWho="0" sc="250,-42,250,0,250,0,250,42" /><INIT seed="1,0,0,2,5,83" ten="208,250,250,292" oya="1" hai0="57,62,131,91,125,11,67,58,80,74,31,15,3" hai1="32,54,18,56,101,121,52,2,111,17,55,27,21" hai2="13,41,65,10,53,112,25,117,87,40,37,36,24" hai3="124,8,60,26,50,81,129,115,45,30,107,61,89"/><U0/><E121/><V95/><F117/><W134/><G115/><T78/><D3/><U1/><E111/><V79/><F112/><W93/><G107/><T16/><D125/><U100/><E56/><V116/><F116/><W105/><G105/><T82/><D131/><U113/><E32/><V75/><F65/><W119/><G124/><T28/><REACH who="0" step="1"/><D58/><REACH who="0" ten="198,250,250,292" step="2"/><U109/><E113/><V99/><F75/><W6/><G129/><T110/><D110/><U77/><E109/><V71/><F71/><W92/><G119/><T14/><D14/><U64/><E1/><V63/><F25/><W38/><G134/><T122/><D122/><U43/><E2/><V97/><F24/><W9/><G26/><T33/><D33/><U5/><E0/><V135/><F135/><W130/><G130/><T22/><D22/><U88/><E21/><V127/><F127/><W4/><G9/><T104/><D104/><U51/><E27/><V59/><F13/><W29/><G8/><T68/><D68/><U106/><E106/><V35/><F10/><W108/><G30/><T39/><D39/><U123/><E123/><V86/><F35/><W20/><G29/><T70/><D70/><U49/><E49/><V72/><F36/><W128/><G20/><T120/><D120/><U90/><E51/><V114/><F72/><W34/><G50/><T85/><AGARI ba="0,1" hai="11,15,16,28,31,57,62,67,74,78,80,82,85,91" machi="85" ten="30,7900,0" yaku="1,1,0,1,52,1,54,1,53,0" doraHai="83" doraHaiUra="96" who="0" fromWho="0" sc="198,89,250,-39,250,-20,292,-20" /><INIT seed="2,0,0,2,3,104" ten="287,211,230,272" oya="2" hai0="96,82,83,68,86,134,38,28,16,120,49,81,97" hai1="67,135,33,43,7,26,23,100,92,95,46,52,115" hai2="5,111,79,102,30,129,128,99,71,3,54,14,2" hai3="36,17,1,93,88,62,10,37,11,84,47,91,90"/><V19/><F71/><W98/><G47/><T124/><D38/><U114/><E135/><V87/><F30/><W59/><G10/><T122/><D68/><U76/><E33/><V12/><F111/><W42/><G42/><T21/><D124/><U130/><E130/><N who="2" m="50283" /><F54/><W45/><G45/><T34/><D134/><U121/><E121/><V44/><F44/><W107/><G107/><T24/><D86/><U112/><E67/><V78/><F87/><W41/><G41/><T108/><D108/><U0/><E76/><N who="2" m="29227" /><F5/><W60/><G60/><T4/><D4/><U57/><E100/><V32/><F32/><W8/><G1/><N who="2" m="9" /><F19/><W64/><G84/><T85/><D85/><U80/><E7/><V58/><F58/><W18/><G37/><T118/><D118/><U20/><E0/><V22/><F22/><W131/><G36/><T113/><D113/><U39/><E23/><V105/><AGARI ba="0,0" hai="12,14,99,102,105" m="9,29227,50283" machi="105" ten="40,2100,0" yaku="19,1" doraHai="104" who="2" fromWho="2" sc="287,-7,211,-7,230,21,272,-7" /><INIT seed="2,1,0,4,3,34" ten="280,204,251,265" oya="2" hai0="131,20,97,91,102,110,27,100,99,1,114,104,93" hai1="8,3,122,81,56,109,85,96,61,95,135,31,15" hai2="42,19,48,98,12,16,70,120,64,30,13,18,134" hai3="73,84,113,124,103,90,115,75,65,35,29,38,121"/><V25/><F120/><W32/><G121/><T79/><D114/><N who="3" m="43529" /><G38/><T105/><D110/><U59/><E122/><V45/><F134/><W128/><G128/><T130/><D131/><U106/><E109/><V51/><F64/><W116/><G116/><T54/><D130/><U94/><E135/><V101/><F70/><W28/><G103/><T7/><D79/><U125/><E125/><V46/><F98/><W117/><G65/><T2/><D7/><U132/><E132/><V40/><REACH who="2" step="1"/><F101/><REACH who="2" ten="280,204,241,265" step="2"/><W83/><G124/><T86/><D54/><U60/><E96/><V50/><F50/><W77/><G117/><T62/><D62/><U123/><E61/><V108/><F108/><W76/><G73/><T37/><D37/><U92/><E123/><V68/><F68/><W6/><G75/><T87/><D87/><U24/><E60/><V10/><F10/><W127/><G84/><T4/><D4/><U119/><E8/><V89/><F89/><W22/><G6/><T67/><D67/><U41/><E85/><V36/><F36/><W107/><G90/><T118/><D118/><U26/><E119/><V71/><F71/><W58/><G127/><T44/><D102/><U14/><E106/><V0/><F0/><W78/><G107/><T5/><D5/><U69/><E3/><V53/><F53/><W63/><G63/><T126/><D99/><U47/><E69/><V88/><F88/><W112/><G112/><T111/><D105/><U57/><E41/><V133/><F133/><W74/><G74/><T21/><D104/><U33/><E81/><V17/><F17/><RYUUKYOKU ba="1,1" sc="280,-10,204,-10,241,30,265,-10" hai2="12,13,16,18,19,25,30,40,42,45,46,48,51" /><INIT seed="2,2,1,2,4,7" ten="270,194,271,255" oya="2" hai0="19,114,85,33,39,23,60,103,20,124,13,107,45" hai1="76,34,9,0,96,105,17,65,126,30,31,98,111" hai2="46,119,40,26,14,67,2,134,15,18,53,101,47" hai3="133,128,91,95,86,93,125,57,22,49,82,80,4"/><V48/><F119/><W87/><G128/><T120/><D33/><U117/><E117/><V63/><F2/><W90/><G133/><T78/><D114/><U24/><E111/><V56/><F134/><W70/><G70/><T51/><D120/><U11/><E126/><V132/><F132/><W94/><G125/><T73/><D73/><U10/><E0/><V75/><F75/><W43/><G22/><T71/><D39/><U135/><E135/><V36/><F101/><W108/><G108/><T83/><D124/><U81/><E65/><V100/><F100/><W37/><G37/><T99/><D60/><U68/><E68/><V88/><F26/><W52/><G4/><T61/><D61/><U55/><E55/><V122/><F122/><W112/><G112/><T21/><REACH who="0" step="1"/><D71/><REACH who="0" ten="260,194,271,255" step="2"/><U27/><E105/><V69/><F46/><W118/><REACH who="3" step="1"/><G43/><AGARI ba="2,2" hai="13,19,20,21,23,43,45,51,78,83,85,99,103,107" machi="43" ten="30,3900,0" yaku="1,1,2,1,7,1,53,0" doraHai="7" doraHaiUra="29" who="0" fromWho="3" sc="260,65,194,0,271,0,255,-45" /><INIT seed="3,0,0,3,5,69" ten="325,194,271,210" oya="3" hai0="36,124,72,43,47,64,38,90,50,40,132,39,131" hai1="70,46,44,114,95,99,45,67,23,8,48,121,82" hai2="84,6,57,49,21,107,61,118,59,37,15,73,113" hai3="87,120,51,42,28,63,86,29,85,27,17,93,68"/><W97/><G120/><T30/><D72/><U102/><E121/><V116/><F113/><W5/><G5/><T4/><D4/><U62/><E114/><V24/><F107/><W31/><G68/><T7/><D7/><U65/><E65/><V101/><F73/><W53/><G42/><T12/><D30/><U41/><E8/><V130/><F101/><W34/><G63/><T1/><D12/><U14/><REACH who="1" step="1"/><E82/><REACH who="1" ten="325,184,271,210" step="2"/><V89/><F130/><W56/><REACH who="3" step="1"/><G17/><AGARI ba="0,1" hai="14,17,23,41,44,45,46,48,62,67,70,95,99,102" machi="17" ten="40,2600,0" yaku="1,1,2,1,53,0" doraHai="69" doraHaiUra="125" who="1" fromWho="3" sc="325,0,184,36,271,0,210,-26" owari="325,43.0,220,-18.0,271,7.0,184,-32.0" /></mjloggm>