<mjloggm ver="2.3"><GO type="169" lobby="0"/><UN n0="%68%61%79%61%74%6F%E2%98%86" n1="%E3%83%88%E3%83%88%E3%83%AA%E5%85%88%E7%94%9F%31%39%E6%AD%B3" n2="%72%79%6F%E2%80%A6%31%35" n3="%E7%84%A1%E7%A5%9E%E8%AB%96%E8%80%85" dan="17,18,17,17" rate="2153.31,2153.85,2132.49,2138.36" sx="M,F,M,M"/><TAIKYOKU oya="0"/><INIT seed="0,0,0,0,4,117" ten="250,250,250,250" oya="0" hai0="84,101,28,18,132,120,27,116,89,70,21,124,8" hai1="125,133,99,52,129,114,130,44,24,49,36,43,33" hai2="106,51,81,109,80,87,46,64,79,61,13,34,102" hai3="119,53,112,56,108,127,71,15,23,69,98,115,31"/><T30/><D70/><U0/><E0/><V65/><F109/><W42/><G119/><T37/><D37/><U14/><E125/><V100/><F34/><W12/><G108/><T20/><D116/><U75/><E75/><V92/><F106/><W57/><G42/><T68/><D68/><U95/><E133/><V3/><F3/><W1/><G1/><T59/><D101/><U110/><E110/><V90/><F81/><W26/><G98/><T76/><D76/><U11/><E114/><V83/><F83/><W131/><G53/><T77/><D77/><U88/><E24/><V73/><F13/><W50/><G26/><T135/><D8/><U93/><E93/><V78/><F78/><W66/><G66/><T85/><D59/><U118/><E33/><V16/><F16/><W47/><G47/><T10/><D10/><U9/><E118/><V41/><REACH who="2" step="1"/><F65/><REACH who="2" ten="250,250,240,250" step="2"/><W123/><G12/><T103/><D18/><U58/><REACH who="1" step="1"/><E11/><REACH who="1" ten="250,240,240,250" step="2"/><V39/><F39/><W62/><G115/><T107/><D107/><U4/><AGARI ba="0,2" hai="4,9,14,36,43,44,49,52,58,88,95,99,129,130" machi="4" ten="30,12000,2" yaku="1,1,2,1,0,1,54,2,53,1" doraHai="117" doraHaiUra="86" who="1" fromWho="1" sc="250,-60,240,140,240,-30,250,-30" /><INIT seed="1,0,0,0,2,14" ten="190,380,210,220" oya="1" hai0="53,107,10,9,70,69,104,52,55,100,3,81,57" hai1="101,28,5,123,111,97,49,27,126,117,131,94,116" hai2="78,15,119,91,50,30,22,79,73,34,11,59,75" hai3="125,113,86,18,13,60,118,89,56,21,37,109,62"/><U32/><E123/><V132/><F34/><W66/><G109/><T90/><D57/><U35/><E35/><V88/><F119/><W44/><G125/><T6/><D100/><U29/><E29/><V103/><F103/><W58/><G113/><T93/><D81/><U133/><E126/><V135/><F30/><W23/><G118/><T41/><D41/><U20/><E111/><V47/><F59/><W82/><G44/><T74/><D74/><N who="2" m="28170" /><F22/><W19/><G37/><T51/><D51/><U108/><E108/><V92/><F50/><W129/><G129/><T128/><D128/><U45/><E131/><V36/><F47/><W25/><G62/><T2/><D107/><U39/><E133/><N who="2" m="51275" /><F36/><W31/><REACH who="3" step="1"/><G31/><REACH who="3" ten="190,380,210,210" step="2"/><T72/><D104/><U96/><E39/><V83/><F83/><W71/><AGARI ba="0,1" hai="13,18,19,21,23,25,56,58,60,66,71,82,86,89" machi="71" ten="20,12000,2" yaku="1,1,2,1,0,1,7,1,52,2,53,0" doraHai="14" doraHaiUra="115" who="3" fromWho="3" sc="190,-30,380,-60,210,-30,210,130" /><INIT seed="2,0,0,3,5,59" ten="160,320,180,340" oya="2" hai0="66,33,9,34,51,67,72,62,89,115,55,111,37" hai1="13,88,36,78,56,1,15,68,40,57,18,21,131" hai2="85,53,70,4,95,23,81,58,25,35,41,0,126" hai3="104,47,124,133,98,90,16,108,26,49,122,10,84"/><V64/><F35/><W45/><G122/><T130/><D37/><U12/><E68/><V97/><F126/><W76/><G108/><T127/><D115/><U69/><E69/><V48/><F4/><W79/><G133/><T123/><D123/><U6/><E131/><V44/><F0/><W109/><G109/><T92/><D111/><U128/><E128/><V60/><F85/><W82/><G45/><T24/><D127/><U107/><E107/><V112/><F81/><W99/><G104/><T93/><D72/><U42/><E78/><N who="3" m="29738" /><G124/><T113/><D113/><U71/><E71/><V22/><F112/><W86/><G86/><T117/><D33/><U61/><E57/><V80/><F80/><W50/><G50/><T3/><D130/><U75/><E75/><V65/><F65/><W27/><G27/><T5/><D117/><U114/><E114/><V96/><F96/><W135/><G135/><T30/><D66/><U52/><E36/><V94/><F94/><W134/><G134/><T8/><D8/><U32/><E32/><V132/><F25/><W39/><G39/><T20/><D34/><U105/><E105/><V46/><F46/><W2/><G2/><T29/><D29/><U63/><E1/><V100/><F132/><W118/><G118/><T14/><D3/><U19/><E40/><V17/><F17/><W28/><G28/><T125/><D125/><U38/><E42/><V7/><F7/><W119/><G119/><T116/><D116/><U110/><E6/><V54/><F54/><N who="3" m="30015" /><G26/><T74/><D74/><U103/><E110/><V106/><F106/><RYUUKYOKU ba="0,0" sc="160,-15,320,-15,180,15,340,15" hai2="22,23,41,44,48,53,58,60,64,70,95,97,100" hai3="10,16,82,84,90,98,99" /><INIT seed="2,1,0,5,1,54" ten="145,305,195,355" oya="2" hai0="106,83,25,0,107,6,40,97,90,39,86,14,89" hai1="35,48,65,113,27,98,81,1,101,91,126,67,12" hai2="125,16,58,133,103,121,50,118,70,69,34,131,84" hai3="21,115,96,130,72,79,57,49,112,9,94,55,104"/><V17/><F34/><W38/><G104/><T88/><D0/><U102/><E113/><N who="3" m="43594" /><G38/><T73/><D25/><U85/><E1/><V116/><F121/><W114/><G114/><T61/><D40/><U47/><E126/><V19/><F125/><W128/><G9/><T42/><D42/><N who="1" m="24695" /><E35/><V76/><F103/><N who="1" m="39433" /><E98/><V4/><F4/><W124/><G124/><T80/><D39/><U51/><E51/><V11/><F11/><W95/><G21/><T59/><D73/><U123/><E123/><V33/><F33/><W2/><G2/><T22/><D97/><U52/><E52/><N who="2" m="32023" /><F70/><W43/><G96/><T30/><D106/><U8/><E27/><V7/><F7/><AGARI ba="1,0" hai="7,8,12,65,67,81,85,91" m="39433,24695" machi="7" ten="30,1000,0" yaku="8,1" doraHai="54" who="1" fromWho="2" sc="145,0,305,13,195,-13,355,0" /><INIT seed="3,0,0,4,1,54" ten="145,318,182,355" oya="3" hai0="83,4,113,11,95,64,100,65,62,93,24,131,40" hai1="71,16,99,79,7,17,103,82,86,59,105,3,78" hai2="6,89,44,36,92,26,104,45,9,5,57,46,15" hai3="107,97,112,33,76,56,72,132,27,101,32,2,14"/><W48/><G2/><T124/><D113/><U60/><E71/><V66/><F104/><W118/><G118/><T20/><D124/><U18/><E78/><V73/><F73/><W37/><G37/><T67/><D40/><U69/><E69/><V119/><F36/><W53/><G112/><T108/><D108/><U128/><E128/><V63/><F26/><W47/><G27/><T49/><D131/><U122/><E122/><V88/><F119/><W34/><G132/><T96/><D49/><U10/><REACH who="1" step="1"/><E18/><REACH who="1" ten="145,308,182,355" step="2"/><N who="2" m="8559" /><F89/><W134/><G134/><T115/><D115/><U0/><E0/><V19/><F19/><W81/><REACH who="3" step="1"/><G14/><REACH who="3" ten="145,308,182,345" step="2"/><T35/><D24/><U52/><AGARI ba="0,2" hai="3,7,10,16,17,52,59,60,79,82,86,99,103,105" machi="52" ten="20,12000,2" yaku="1,1,0,1,7,1,52,1,54,2,53,1" doraHai="54" doraHaiUra="94" who="1" fromWho="1" sc="145,-30,308,140,182,-30,345,-60" /><INIT seed="4,0,0,2,2,123" ten="115,448,152,285" oya="0" hai0="30,40,91,105,111,89,65,101,92,32,11,50,33" hai1="27,54,8,67,51,23,49,34,52,78,108,57,53" hai2="81,87,0,134,79,106,107,71,93,86,117,2,3" hai3="100,129,95,18,121,102,97,36,96,120,59,10,127"/><T133/><D105/><U22/><E108/><V43/><F71/><W48/><G36/><T128/><D65/><U115/><E115/><V103/><F134/><W90/><G127/><T60/><D60/><N who="1" m="38287" /><E34/><V58/><F117/><W124/><G129/><T61/><D61/><U104/><E104/><V112/><F112/><W25/><G124/><T4/><D128/><U38/><E38/><V37/><F58/><W125/><G125/><T1/><D133/><U13/><E78/><V118/><F118/><W41/><G90/><T126/><D126/><U42/><E42/><V109/><F109/><W74/><G74/><T99/><D111/><U131/><E131/><V9/><F87/><W83/><G83/><T17/><D17/><N who="1" m="12783" /><E22/><V122/><F122/><W24/><G10/><T28/><D33/><U55/><E55/><V98/><F9/><W14/><G41/><T46/><D32/><U56/><E51/><V80/><REACH who="2" step="1"/><F81/><REACH who="2" ten="115,448,142,285" step="2"/><W130/><G130/><T119/><D119/><U45/><E56/><V84/><F84/><W63/><G121/><T19/><REACH who="0" step="1"/><D19/><AGARI ba="0,1" hai="8,13,19,45,49,52,53,54" m="12783,38287" machi="19" ten="30,2000,0" yaku="8,1,54,1" doraHai="123" who="1" fromWho="0" sc="115,-20,448,30,142,0,285,0" /><INIT seed="5,0,0,0,2,91" ten="95,478,142,285" oya="1" hai0="55,88,60,104,114,126,93,80,94,98,23,41,30" hai1="92,78,70,102,72,35,39,27,54,123,83,4,18" hai2="40,113,24,84,2,101,132,53,66,15,16,130,68" hai3="11,100,8,106,124,121,37,33,36,9,134,128,48"/><U118/><E123/><V74/><F74/><W125/><G121/><T103/><D126/><N who="3" m="48745" /><G128/><T105/><D114/><U61/><E118/><V129/><F2/><W13/><G33/><T85/><D104/><U89/><E39/><V77/><F40/><W133/><G13/><T1/><D1/><U109/><E109/><V44/><F132/><N who="3" m="50795" /><G48/><T122/><D122/><U19/><E35/><V67/><F24/><W0/><G0/><T119/><D119/><U22/><E4/><V81/><F113/><W131/><G131/><N who="2" m="50185" /><F101/><W63/><G63/><T99/><D41/><U32/><E102/><V112/><F68/><W49/><G49/><T90/><D105/><U79/><E32/><V50/><F112/><W96/><AGARI ba="0,0" hai="8,9,11,36,37,96,100,106" m="50795,48745" machi="96" ten="40,2700,0" yaku="18,1,20,1" doraHai="91" who="3" fromWho="3" sc="95,-7,478,-13,142,-7,285,27" /><INIT seed="6,0,0,4,3,71" ten="88,465,135,312" oya="2" hai0="51,75,36,40,59,35,69,85,77,78,29,39,74" hai1="62,1,6,18,9,56,130,116,20,68,124,8,91" hai2="13,16,115,86,108,73,92,80,97,52,70,94,76" hai3="27,118,81,42,90,127,126,64,60,11,31,53,58"/><V84/><F70/><W50/><G118/><T83/><D69/><U114/><E116/><V37/><F37/><W111/><G111/><T128/><D128/><U61/><E130/><V95/><F115/><W93/><G81/><T47/><D59/><U43/><E114/><V101/><F108/><W99/><G11/><T82/><D85/><U106/><E106/><V131/><F131/><W48/><G42/><T123/><D123/><U132/><E132/><V44/><F73/><W67/><G50/><T2/><D2/><U54/><E124/><N who="3" m="47658" /><G48/><T22/><D35/><AGARI ba="0,0" hai="27,31,35,53,58,60,64,67,90,93,99" m="47658" machi="35" ten="30,1000,0" yaku="18,1" doraHai="71" who="3" fromWho="0" sc="88,-10,465,0,135,0,312,10" /><INIT seed="7,0,0,5,2,70" ten="78,465,135,322" oya="3" hai0="120,43,94,131,59,26,127,29,55,124,113,78,117" hai1="10,11,21,35,25,32,6,82,92,33,53,96,105" hai2="133,22,104,20,56,71,65,62,16,107,106,1,123" hai3="30,4,23,90,34,130,0,47,115,46,114,60,41"/><W28/><G130/><T36/><D120/><U12/><E105/><V69/><F123/><W76/><G34/><T14/><D117/><U3/><E53/><V118/><F1/><W24/><G28/><T63/><D78/><U87/><E10/><V40/><F118/><W42/><G76/><T109/><D109/><U97/><E3/><V80/><F40/><W102/><G102/><T9/><D113/><N who="3" m="43017" /><G60/><T45/><D131/><U121/><E121/><V57/><F80/><W108/><G90/><T103/><D94/><U134/><E134/><V83/><F83/><W132/><G132/><T98/><D98/><U17/><REACH who="1" step="1"/><E92/><REACH who="1" ten="78,455,135,322" step="2"/><V116/><F107/><W39/><G108/><T27/><D103/><U72/><E72/><V110/><F110/><W135/><G135/><T122/><D122/><U99/><E99/><V119/><F133/><W54/><G54/><T61/><D61/><U68/><E68/><V66/><F62/><W111/><G111/><T85/><D85/><U7/><E7/><V91/><F106/><W88/><G0/><T84/><D84/><U5/><E5/><V89/><F104/><W38/><G4/><T86/><D86/><U18/><E18/><AGARI ba="0,1" hai="16,18,20,22,56,57,65,66,69,71,89,91,116,119" machi="18" ten="25,3200,0" yaku="22,2,54,1" doraHai="70" who="2" fromWho="1" sc="78,0,455,-32,135,42,322,0" owari="78,-42.0,423,52.0,177,-22.0,322,12.0" /></mjloggm>