<mjloggm ver="2.3"><GO type="193" lobby="0"/><UN n0="%E3%83%88%E3%83%88%E3%83%AA%E5%85%88%E7%94%9F%31%39%E6%AD%B3" n1="%E3%82%84%E3%81%AA%E3%81%AA%E3%82%93" n2="%63%68%65%6D%61%73%74" n3="%E8%B5%A4%E9%98%AA%E9%83%81%E4%B9%83" dan="4,10,12,12" rate="1616.27,1422.69,1611.43,1738.10" sx="F,F,M,F"/><TAIKYOKU oya="0"/><INIT seed="0,0,0,4,2,105" ten="250,250,250,250" oya="0" hai0="73,6,122,125,58,87,93,120,38,91,131,50,110" hai1="17,57,126,74,62,36,35,94,41,65,1,96,114" hai2="111,97,42,34,82,29,69,59,101,12,113,119,19" hai3="4,66,107,92,88,99,14,63,2,13,121,39,102"/><T86/><D38/><U134/><E1/><V26/><F69/><W3/><G121/><T25/><D131/><U112/><E35/><V104/><F113/><N who="1" m="43625" /><E17/><V49/><F119/><W77/><G39/><T109/><D125/><U67/><E126/><V27/><F111/><N who="0" m="42506" /><D6/><U89/><E134/><V128/><F128/><W84/><G3/><T48/><D73/><U64/><E36/><V9/><F26/><W20/><G2/><T98/><D25/><U44/><E41/><V124/><F124/><W37/><G37/><T60/><D120/><U127/><E127/><V45/><F59/><W75/><G20/><T90/><D122/><U81/><E44/><V83/><AGARI ba="0,0" hai="9,12,19,27,29,34,42,45,49,82,83,97,101,104" machi="83" ten="30,1100,0" yaku="0,1" doraHai="105" who="2" fromWho="2" sc="250,-5,250,-3,250,11,250,-3" /><INIT seed="1,0,0,5,3,70" ten="245,247,261,247" oya="1" hai0="119,61,19,38,46,9,20,114,21,24,113,124,37" hai1="43,86,33,96,3,57,81,121,32,99,17,44,98" hai2="76,47,6,2,4,125,22,30,39,115,101,128,93" hai3="116,27,90,83,77,28,54,41,31,100,123,25,105"/><U1/><E121/><V45/><F115/><W53/><G123/><T108/><D119/><U42/><E17/><V126/><F128/><W36/><G116/><T75/><D75/><U59/><E44/><N who="2" m="16971" /><F39/><W10/><G10/><T56/><D108/><U82/><REACH who="1" step="1"/><E96/><REACH who="1" ten="245,237,261,247" step="2"/><N who="2" m="59535" /><F2/><W110/><G110/><T16/><D46/><U11/><E11/><V23/><F30/><W132/><G31/><T12/><D124/><N who="2" m="47722" /><F76/><W18/><G28/><T74/><D9/><U122/><E122/><V50/><F50/><W8/><G36/><T60/><D113/><U34/><E34/><V29/><F29/><W84/><G8/><T15/><D114/><U112/><E112/><V92/><F4/><W69/><G18/><T7/><D7/><U51/><E51/><V117/><F6/><W14/><G41/><T0/><D0/><U72/><E72/><V78/><F117/><W127/><G127/><T97/><D74/><U5/><E5/><V71/><F78/><W129/><G77/><T65/><D24/><U133/><E133/><V67/><F71/><W48/><G25/><T135/><D135/><U89/><E89/><V134/><F134/><W95/><G27/><T91/><D60/><U103/><E103/><V40/><F40/><W94/><G132/><T87/><D97/><U104/><E104/><V130/><F130/><W88/><G129/><T13/><D13/><U102/><E102/><V79/><F79/><W68/><G100/><T52/><D65/><U106/><E106/><V63/><F67/><W49/><G105/><T111/><D111/><U107/><E107/><V26/><F63/><RYUUKYOKU ba="0,1" sc="245,15,237,15,261,-15,247,-15" hai0="12,15,16,19,20,21,37,38,52,56,61,87,91" hai1="1,3,32,33,42,43,57,59,81,82,86,98,99" /><INIT seed="1,1,1,3,5,12" ten="260,252,246,232" oya="1" hai0="89,88,28,7,96,83,46,15,65,102,110,113,18" hai1="20,75,63,105,66,58,41,107,112,69,126,94,74" hai2="62,71,59,109,21,72,115,84,98,77,35,129,32" hai3="117,38,30,54,31,100,50,104,57,90,95,40,70"/><U60/><E112/><V43/><F71/><W106/><G117/><T55/><D113/><U23/><E126/><V87/><F109/><W53/><G70/><T9/><D110/><U86/><E41/><V125/><F72/><W8/><G8/><T135/><D135/><U2/><E2/><V25/><F43/><W0/><G0/><T26/><D65/><U111/><E111/><V27/><F115/><W118/><G118/><T4/><D46/><U6/><E6/><V3/><F3/><W10/><G10/><T92/><D55/><U37/><E37/><V82/><F129/><W39/><G53/><T73/><D73/><U49/><E49/><V121/><F121/><W130/><G130/><T80/><D89/><U99/><E86/><V79/><F125/><W68/><G68/><T132/><D132/><U119/><E119/><V11/><F98/><W33/><G33/><T16/><D7/><U47/><E47/><V134/><F134/><W34/><G34/><T22/><D102/><U91/><E75/><V67/><F11/><W29/><G40/><T14/><D4/><U56/><E74/><V97/><F97/><N who="3" m="61455" /><G106/><T114/><D114/><U78/><E78/><V61/><F61/><W93/><G90/><T127/><D127/><U24/><E20/><AGARI ba="1,1" hai="9,14,15,16,18,20,22,26,28,80,83,88,92,96" machi="20" ten="30,12000,2" yaku="7,1,8,1,52,2,54,2" doraHai="12" who="0" fromWho="1" sc="260,133,252,-123,246,0,232,0" /><INIT seed="2,0,0,3,0,118" ten="393,129,246,232" oya="2" hai0="6,65,121,86,106,115,135,96,124,3,7,5,75" hai1="51,17,30,39,36,59,23,99,24,69,57,38,114" hai2="27,105,120,111,1,37,8,29,47,77,49,130,101" hai3="26,48,12,117,116,71,73,21,98,108,132,10,109"/><V28/><F37/><W104/><G73/><T92/><D75/><U119/><E114/><V16/><F130/><W127/><G71/><T129/><D115/><U79/><E119/><N who="3" m="45642" /><G48/><T84/><D129/><U97/><E69/><V102/><F120/><W94/><G104/><T131/><D121/><U9/><E79/><V2/><F111/><N who="3" m="42571" /><G98/><T123/><D123/><U76/><E76/><V32/><F105/><W13/><G94/><T62/><D124/><U100/><E97/><V87/><F28/><N who="3" m="17487" /><G127/><T50/><D106/><U126/><E126/><V91/><F77/><W61/><G61/><T90/><D131/><U113/><E113/><V89/><F1/><W11/><G132/><T22/><D3/><U44/><E9/><AGARI ba="0,0" hai="9,10,11,12,13" m="17487,42571,45642" machi="9" ten="30,3900,0" yaku="14,1,34,2" doraHai="118" who="3" fromWho="1" sc="393,0,129,-39,246,0,232,39" /><INIT seed="3,0,0,0,4,50" ten="393,90,246,271" oya="3" hai0="66,56,97,79,118,45,0,90,30,18,20,130,13" hai1="133,108,67,71,27,95,65,83,63,94,102,88,84" hai2="52,93,117,25,114,33,131,112,61,28,24,73,91" hai3="98,132,135,22,125,82,9,34,101,42,46,11,49"/><W12/><G125/><T107/><D118/><U32/><E133/><N who="3" m="51274" /><G34/><T41/><D0/><U89/><E108/><V39/><F39/><W16/><G82/><T126/><D126/><U69/><E89/><V38/><F117/><W58/><G58/><T75/><D130/><U31/><E69/><V8/><F73/><W59/><G59/><T10/><D75/><U111/><E111/><V78/><F38/><W47/><G47/><T116/><D79/><U3/><E3/><V68/><F78/><W51/><G51/><N who="0" m="27055" /><D107/><AGARI ba="0,0" hai="9,11,12,16,22,42,46,49,98,101,107" m="51274" machi="107" ten="30,2900,0" yaku="20,1,54,1" doraHai="50" who="3" fromWho="0" sc="393,-29,90,0,246,0,271,29" /><INIT seed="3,1,0,4,1,41" ten="364,90,246,300" oya="3" hai0="16,72,110,98,59,39,42,50,27,17,3,115,123" hai1="113,117,127,82,48,8,78,134,60,91,128,88,7" hai2="129,90,6,81,70,34,19,28,124,2,111,15,76" hai3="126,105,66,47,94,38,33,12,80,46,30,112,103"/><W58/><G112/><T65/><D123/><U4/><E4/><V74/><F111/><W67/><G105/><T9/><D72/><U118/><E7/><V57/><F70/><W87/><G30/><T95/><D110/><U84/><E8/><V36/><F36/><W102/><G33/><T32/><D115/><U104/><E48/><V14/><F2/><W20/><G38/><T21/><D39/><U11/><E11/><V106/><F129/><W119/><G126/><T53/><D32/><U83/><E60/><V24/><F124/><W92/><G119/><N who="1" m="45578" /><E127/><V116/><F116/><W62/><G66/><T61/><D42/><U10/><E10/><V37/><F6/><W23/><G94/><T54/><D50/><U40/><E40/><V107/><F37/><W108/><G108/><T85/><D85/><N who="1" m="48343" /><E128/><V44/><F90/><N who="1" m="34345" /><E134/><V96/><F96/><N who="3" m="59655" /><G12/><N who="0" m="7183" /><D3/><U89/><N who="1" m="34353" /><AGARI ba="1,0" hai="17,21,27,53,54,59,61,65,89,95,98" m="7183" machi="89" ten="30,3900,0" yaku="3,1,8,1,54,1" doraHai="41" who="0" fromWho="1" sc="364,42,90,-42,246,0,300,0" owari="406,50.0,48,-45.0,246,-15.0,300,10.0" /></mjloggm>