<mjloggm ver="2.3"><GO type="169" lobby="0"/><UN n0="%79%75%6A%69%6B%6F" n1="%E3%81%B2%E3%81%90%E3%81%A1" n2="%E4%B8%AD%E3%81%AE%E4%B8%8A" n3="%E3%82%A6%E3%83%AB%E3%83%88%E3%83%A9%E7%AB%8B%E7%9B%B4" dan="16,18,16,17" rate="2119.42,2174.24,2020.17,2151.87" sx="M,M,M,M"/><TAIKYOKU oya="0"/><INIT seed="0,0,0,4,2,83" ten="250,250,250,250" oya="0" hai0="119,131,33,28,71,126,124,38,50,80,88,86,108" hai1="49,99,53,36,75,91,102,15,97,90,116,111,47" hai2="94,135,16,57,106,96,63,128,14,76,120,104,101" hai3="112,17,87,60,81,48,103,117,82,21,127,30,27"/><T98/><D38/><U43/><E75/><V70/><F120/><W26/><G112/><T58/><D71/><U42/><E116/><V132/><F70/><W11/><G117/><T92/><D119/><U84/><E111/><V95/><F128/><W52/><G127/><N who="0" m="48683" /><D131/><U32/><E32/><V8/><F76/><W29/><G103/><T5/><D5/><U68/><E68/><V55/><REACH who="2" step="1"/><F95/><REACH who="2" ten="250,250,240,250" step="2"/><W113/><G113/><T66/><D108/><U22/><E36/><V12/><F12/><W37/><G82/><T1/><D1/><U130/><E130/><V41/><F41/><W59/><G37/><T3/><D3/><U2/><E2/><V100/><F100/><W122/><G122/><T7/><D7/><U79/><E79/><V74/><F74/><W35/><G27/><N who="0" m="18591" /><D80/><N who="1" m="49415" /><E102/><V56/><F56/><W18/><G81/><T89/><D89/><U10/><E91/><V93/><F93/><W19/><G59/><T133/><D133/><AGARI ba="0,1" hai="8,14,16,55,57,63,94,96,101,104,106,132,133,135" machi="133" ten="40,5200,0" yaku="1,1,20,1,54,1,53,0" doraHai="83" doraHaiUra="45" who="2" fromWho="0" sc="250,-52,250,0,240,62,250,0" /><INIT seed="1,0,0,0,0,31" ten="198,250,302,250" oya="1" hai0="134,73,93,110,48,5,96,106,129,82,86,33,54" hai1="20,98,76,92,107,14,12,13,40,85,88,135,19" hai2="128,79,45,75,46,115,81,111,8,74,38,51,53" hai3="67,132,108,113,90,104,78,127,125,28,11,83,44"/><U16/><E135/><V10/><F111/><W64/><G113/><T36/><D36/><U68/><E68/><V24/><F115/><W47/><G104/><T15/><D110/><U29/><E40/><V7/><F128/><W52/><G132/><T126/><D134/><U39/><E39/><V122/><F122/><W117/><G117/><T112/><D112/><U114/><E114/><V118/><F118/><W105/><G105/><T119/><D119/><U109/><E109/><V1/><F10/><W49/><G90/><T97/><D73/><U26/><E107/><V71/><F71/><W56/><G11/><T59/><D129/><U91/><E76/><V94/><F75/><W18/><G18/><T120/><D120/><U130/><E130/><V35/><F94/><AGARI ba="0,0" hai="12,13,14,16,19,20,26,29,85,88,91,92,94,98" machi="94" ten="40,7700,0" yaku="8,1,54,2" doraHai="31" who="1" fromWho="2" sc="198,0,250,77,302,-77,250,0" /><INIT seed="1,1,0,2,5,50" ten="198,327,225,250" oya="1" hai0="89,103,110,42,66,31,123,5,102,14,86,101,116" hai1="117,6,98,32,132,34,78,57,63,23,8,125,122" hai2="130,53,41,55,92,120,56,62,83,25,22,43,108" hai3="134,7,65,93,97,91,21,67,133,105,18,15,46"/><U128/><E122/><V104/><F104/><W124/><G124/><T27/><D116/><U3/><E117/><V4/><F120/><W16/><G105/><T29/><D123/><U81/><E128/><V111/><F130/><W11/><G18/><T77/><D77/><U30/><E132/><N who="3" m="50794" /><G46/><T80/><D110/><N who="2" m="42026" /><F4/><W95/><G95/><T38/><D38/><U19/><E30/><N who="2" m="17719" /><F83/><W115/><G115/><T45/><D66/><U71/><E71/><V26/><F26/><AGARI ba="1,0" hai="7,11,15,16,21,26,65,67,91,93,97" m="50794" machi="26" ten="30,2000,0" yaku="20,1,54,1" doraHai="50" who="3" fromWho="2" sc="198,0,327,0,225,-23,250,23" /><INIT seed="2,0,0,0,1,15" ten="198,327,202,273" oya="2" hai0="11,100,109,59,122,17,52,13,78,92,104,105,47" hai1="96,24,73,74,26,123,35,10,83,124,45,29,80" hai2="89,114,129,18,118,77,82,99,126,132,121,90,1" hai3="93,119,66,36,43,2,113,23,135,12,14,95,68"/><V33/><F121/><W65/><G2/><T133/><D122/><U115/><E115/><V67/><F1/><W51/><G36/><T88/><D78/><U131/><E124/><V41/><F33/><W127/><G119/><T110/><D47/><U20/><E131/><V9/><F118/><W27/><G135/><T107/><D100/><U61/><E10/><V6/><F114/><W102/><G68/><T63/><REACH who="0" step="1"/><D133/><REACH who="0" ten="188,327,202,273" step="2"/><U94/><E45/><V39/><F77/><W32/><G102/><T48/><D48/><U75/><E123/><V46/><F46/><W0/><G51/><T86/><AGARI ba="0,1" hai="11,13,17,52,59,63,86,88,92,104,105,107,109,110" machi="86" ten="40,8000,1" yaku="1,1,0,1,52,1,54,2,53,0" doraHai="15" doraHaiUra="116" who="0" fromWho="0" sc="188,90,327,-20,202,-40,273,-20" /><INIT seed="3,0,0,5,2,52" ten="278,307,162,253" oya="3" hai0="19,107,62,97,80,71,131,61,4,104,18,5,86" hai1="65,106,99,12,77,46,103,3,7,45,0,27,43" hai2="109,20,47,54,66,70,135,100,127,120,126,25,34" hai3="24,44,134,35,81,30,51,90,8,125,79,93,31"/><W73/><G125/><N who="2" m="47625" /><F109/><W132/><G8/><T74/><D74/><U76/><E46/><V15/><F135/><W10/><G10/><T123/><D123/><U105/><E105/><V48/><F120/><W98/><REACH who="3" step="1"/><G31/><REACH who="3" ten="278,307,162,243" step="2"/><T78/><D131/><U29/><E29/><V117/><F117/><W114/><G114/><T2/><D2/><U49/><E0/><V59/><F15/><W67/><G67/><T116/><D116/><U9/><E65/><V119/><F119/><W1/><G1/><T40/><D5/><U39/><E3/><V113/><F66/><W82/><G82/><T112/><D4/><U38/><E27/><V26/><F26/><W23/><G23/><T13/><D13/><U37/><AGARI ba="0,1" hai="7,9,12,37,38,39,43,45,49,76,77,99,103,106" machi="37" ten="30,1100,0" yaku="0,1" doraHai="52" who="1" fromWho="1" sc="278,-3,307,21,162,-3,243,-5" /><INIT seed="4,0,0,5,1,111" ten="275,328,159,238" oya="0" hai0="31,10,44,134,71,40,118,107,121,15,24,18,81" hai1="39,80,73,124,91,85,35,41,28,77,37,74,12" hai2="115,17,104,66,99,63,67,110,51,96,109,36,131" hai3="53,30,92,127,59,1,100,108,6,126,90,132,45"/><T55/><D107/><U8/><E124/><N who="3" m="47658" /><G132/><T23/><D71/><U95/><E73/><V94/><F36/><W43/><G30/><T105/><D105/><U29/><E35/><V98/><F104/><W5/><G100/><T122/><D118/><U20/><E41/><V120/><F120/><W9/><G6/><T79/><D55/><U26/><E28/><V93/><F17/><AGARI ba="0,0" hai="8,12,17,20,26,29,37,39,74,77,80,85,91,95" machi="17" ten="30,1000,0" yaku="7,1" doraHai="111" who="1" fromWho="2" sc="275,0,328,10,159,-10,238,0" /><INIT seed="5,0,0,3,0,46" ten="275,338,149,238" oya="1" hai0="14,133,69,10,124,11,123,40,33,66,30,131,126" hai1="83,128,25,68,20,24,39,77,97,107,17,122,119" hai2="54,113,94,60,114,130,87,108,85,117,73,65,2" hai3="6,26,89,0,37,103,32,44,15,109,98,18,51"/><U5/><E68/><V52/><F117/><W16/><G37/><T9/><D40/><U134/><E39/><V75/><F108/><W81/><G0/><T31/><D66/><U84/><E119/><V104/><F104/><W61/><G61/><T35/><D69/><U48/><E122/><V8/><F130/><W80/><G6/><T53/><D53/><N who="2" m="20586" /><F2/><W62/><G62/><T23/><D123/><U120/><E107/><V36/><F36/><W45/><G45/><T95/><D95/><U59/><E5/><V28/><F28/><N who="0" m="10794" /><D131/><U55/><E120/><V76/><F8/><N who="3" m="6247" /><G32/><N who="0" m="12363" /><D133/><U42/><E134/><V102/><F75/><W121/><G103/><T43/><D43/><U63/><E128/><V129/><F73/><W86/><G98/><T79/><D79/><U88/><E25/><V91/><F102/><W27/><G109/><T47/><D47/><N who="1" m="25719" /><E97/><V110/><F110/><W7/><G27/><T116/><D116/><U12/><E24/><V64/><F129/><W82/><G121/><T90/><D90/><AGARI ba="0,0" hai="12,17,20,55,59,63,77,83,84,88,90" m="25719" machi="90" ten="30,5800,0" yaku="8,1,52,1,54,1" doraHai="46" who="1" fromWho="0" sc="275,-58,338,58,149,0,238,0" /><INIT seed="5,1,0,4,4,30" ten="217,396,149,238" oya="1" hai0="124,31,101,14,74,17,59,126,131,130,49,66,54" hai1="110,92,2,96,40,61,107,0,104,93,135,18,64" hai2="97,109,95,19,36,134,58,121,20,32,39,44,21" hai3="23,70,77,117,5,35,46,115,9,86,47,83,13"/><U3/><E40/><V33/><F109/><W108/><G70/><T75/><D101/><U69/><E135/><V99/><F134/><W76/><G108/><T41/><D31/><U129/><E129/><N who="0" m="49161" /><D41/><U68/><E110/><V55/><F121/><W72/><G115/><T11/><D66/><U8/><E18/><V38/><F44/><W56/><G35/><T4/><D4/><U12/><E12/><V105/><F105/><W119/><G56/><T51/><D51/><U34/><E8/><V60/><F20/><W37/><G37/><T85/><D85/><U128/><E34/><V100/><REACH who="2" step="1"/><F99/><REACH who="2" ten="217,396,139,238" step="2"/><W79/><G23/><T57/><D57/><U65/><E128/><V120/><F120/><W48/><G47/><T82/><D82/><U73/><E96/><V90/><F90/><W114/><G114/><T16/><D17/><U27/><E104/><V52/><F52/><W78/><G72/><AGARI ba="1,1" hai="11,14,16,49,54,59,72,74,75,124,126" m="49161" machi="72" ten="30,2000,0" yaku="19,1,54,1" doraHai="30" who="0" fromWho="3" sc="217,33,396,0,139,0,238,-23" /><INIT seed="6,0,0,4,5,76" ten="250,396,139,215" oya="2" hai0="125,96,0,81,7,103,44,100,78,134,69,63,112" hai1="83,129,37,89,21,26,10,75,104,65,56,94,52" hai2="84,130,45,109,23,40,106,25,82,59,15,113,62" hai3="127,102,91,8,32,24,123,48,61,16,115,49,72"/><V68/><F68/><W9/><G72/><T30/><D103/><U132/><E104/><V1/><F1/><W3/><G123/><T70/><D30/><U121/><E37/><V133/><F106/><W110/><G110/><T5/><D5/><U36/><E36/><V95/><F109/><W108/><G32/><T99/><D99/><U119/><E65/><V120/><F120/><W53/><G3/><T124/><D44/><U54/><E119/><V86/><F113/><W87/><G102/><T79/><D79/><U13/><E129/><V20/><F130/><W126/><G108/><T12/><D12/><U67/><E132/><V28/><F133/><W2/><G2/><T29/><D29/><N who="1" m="17615" /><E75/><V77/><F23/><N who="3" m="13415" /><G115/><T122/><D112/><U33/><E33/><V19/><F28/><W43/><G43/><T98/><D98/><U92/><E121/><V50/><F25/><W90/><G90/><T118/><D134/><U97/><E67/><V39/><F39/><W80/><G61/><T74/><D118/><U88/><E56/><V105/><F105/><W114/><G114/><T111/><D122/><U93/><E97/><V71/><F71/><W85/><G85/><T128/><D111/><U116/><E116/><V73/><REACH who="2" step="1"/><F95/><REACH who="2" ten="250,396,129,215" step="2"/><W64/><G9/><N who="0" m="2279" /><D128/><U4/><E93/><V55/><AGARI ba="0,1" hai="15,19,20,40,45,50,55,59,62,73,77,82,84,86" machi="55" ten="20,7800,0" yaku="1,1,0,1,7,1,52,1,53,0" doraHai="76" doraHaiUra="66" who="2" fromWho="2" sc="250,-26,396,-26,129,88,215,-26" /><INIT seed="6,1,0,2,5,15" ten="224,370,217,189" oya="2" hai0="41,84,97,91,82,110,96,125,119,9,20,2,105" hai1="114,31,87,92,78,129,106,26,47,117,22,39,53" hai2="73,126,127,37,27,23,36,94,131,109,46,19,80" hai3="11,33,4,103,32,42,64,55,7,0,83,102,10"/><V76/><F131/><W81/><G64/><T124/><D41/><U43/><E106/><V115/><F115/><W89/><G42/><T122/><D2/><U77/><E117/><V52/><F109/><W70/><G70/><T90/><D9/><U99/><E114/><V65/><F65/><W45/><G45/><T59/><D59/><U128/><E53/><V120/><F120/><W6/><G55/><T38/><D38/><U116/><E87/><V63/><F94/><W71/><G71/><T14/><D122/><U100/><E116/><V86/><F73/><W54/><G54/><T135/><D119/><U40/><E40/><V74/><F74/><W35/><G89/><T85/><D110/><U56/><E56/><N who="2" m="35207" /><F46/><W34/><N who="3" m="8192" /><DORA hai="68" /><W30/><G30/><T104/><D20/><U44/><E44/><V98/><F98/><W62/><G62/><T88/><D14/><U3/><E3/><V112/><F112/><W24/><G24/><T66/><D66/><U93/><E93/><V101/><F101/><N who="3" m="38411" /><G0/><T133/><D90/><U16/><E31/><V48/><F48/><W111/><G111/><T61/><D61/><U69/><E69/><V5/><F5/><W108/><G108/><T57/><D57/><U49/><E49/><V113/><F113/><W29/><G29/><T50/><D50/><U21/><E129/><V118/><F118/><W51/><G51/><T121/><D121/><U58/><E128/><V18/><F18/><W134/><G134/><T17/><D17/><N who="1" m="12591" /><E58/><V28/><F28/><W60/><G60/><T95/><D95/><U13/><AGARI ba="1,0" hai="13,16,22,39,43,47,77,78,92,99,100" m="12591" machi="13" ten="30,8000,1" yaku="5,1,52,3,54,1" doraHai="15,68" who="1" fromWho="1" sc="224,-21,370,83,217,-41,189,-21" /><INIT seed="7,0,0,4,3,69" ten="203,453,176,168" oya="3" hai0="113,56,20,94,118,97,3,70,61,89,44,121,29" hai1="25,134,43,7,82,47,95,104,31,123,75,65,17" hai2="77,128,105,73,129,87,101,100,48,19,96,71,11" hai3="91,66,27,116,49,112,34,93,16,88,0,103,4"/><W41/><G116/><T52/><D3/><U37/><E104/><V23/><F71/><W114/><G66/><T33/><D118/><U111/><E123/><V62/><F62/><W131/><G131/><N who="2" m="50249" /><F11/><N who="3" m="2439" /><G103/><T83/><D121/><U92/><E17/><V108/><F108/><W79/><G79/><T46/><D33/><U35/><E92/><V39/><F39/><W99/><G34/><T24/><D70/><U28/><E31/><V32/><F32/><W102/><G49/><T12/><D113/><N who="3" m="43625" /><G41/><T45/><D12/><U125/><E43/><V40/><F101/><W13/><G27/><T86/><REACH who="0" step="1"/><D46/><REACH who="0" ten="193,453,176,168" step="2"/><U110/><E47/><V135/><F135/><W81/><G81/><T124/><D124/><U107/><E82/><V106/><F106/><W59/><G59/><T30/><D30/><U9/><E25/><V58/><F105/><W6/><G6/><T120/><D120/><U80/><E65/><V1/><F58/><W63/><G63/><T60/><D60/><U54/><E80/><V119/><F119/><W42/><G42/><T130/><D130/><U109/><E7/><V15/><F40/><W26/><G26/><T21/><D21/><AGARI ba="0,1" hai="13,16,21,88,91,93,99,102" m="43625,2439" machi="21" ten="30,5800,0" yaku="15,1,54,2" doraHai="69" who="3" fromWho="0" sc="193,-58,453,0,176,0,168,68" /><INIT seed="7,1,0,1,4,134" ten="135,453,176,236" oya="3" hai0="9,115,24,116,120,94,99,108,102,35,72,28,41" hai1="86,77,113,56,110,87,38,97,68,34,60,63,74" hai2="125,58,8,42,30,65,73,12,5,13,48,4,112" hai3="75,66,15,17,88,22,130,51,36,104,52,98,89"/><W82/><G36/><T49/><D108/><U119/><E34/><V50/><F125/><W85/><G75/><T69/><D69/><U133/><E38/><V39/><F73/><W23/><G66/><T32/><D72/><U10/><E113/><V135/><F135/><W109/><G130/><T47/><D116/><U81/><E110/><V71/><F71/><W124/><G124/><T46/><D120/><U37/><E37/><V43/><F112/><W103/><G109/><T121/><D115/><U14/><E133/><V96/><F30/><W80/><G89/><T0/><D121/><U31/><E31/><V70/><F70/><W20/><G82/><T40/><D0/><U11/><E11/><N who="2" m="4207" /><F39/><W21/><G21/><T92/><D9/><U91/><E97/><V90/><F65/><W55/><G55/><T54/><D32/><U93/><E119/><V64/><F64/><W114/><G114/><T105/><REACH who="0" step="1"/><D54/><REACH who="0" ten="125,453,176,236" step="2"/><U33/><E33/><V59/><F43/><W127/><G52/><T123/><D123/><U117/><E117/><V129/><F42/><W79/><G20/><T95/><D95/><U61/><E68/><V1/><F1/><W100/><G23/><T44/><D44/><U18/><E74/><V2/><F2/><W53/><G22/><T101/><D101/><U131/><E131/><V26/><F129/><W111/><G103/><T19/><D19/><U83/><E93/><V76/><F8/><W29/><G100/><T25/><D25/><U107/><E107/><V78/><F26/><W106/><G106/><T45/><D45/><U57/><AGARI ba="1,1" hai="10,14,18,56,57,60,61,63,77,81,83,86,87,91" machi="57" ten="30,4000,0" yaku="5,1,0,1,8,1" doraHai="134" who="1" fromWho="1" sc="125,-11,453,53,176,-11,236,-21" owari="114,-39.0,506,60.0,165,-23.0,215,2.0" /></mjloggm>