<mjloggm ver="2.3"><GO type="97" lobby="0"/><UN n0="%E7%BE%8E%E6%B5%9C%E3%81%A1%E3%82%83%E3%82%93" n1="%E5%B0%B1%E6%B4%BB%E7%94%9F%40%E5%B7%9D%E6%9D%91%E8%BB%8D%E5%9B%A3" n2="%52%41%4B%4B%59%4F%32%38" n3="%E9%A6%AC%E9%B9%BF%E3%81%A0%E3%81%AA%E4%BF%BA" dan="14,15,15,15" rate="1996.98,2076.40,1987.17,1951.59" sx="F,M,M,M"/><TAIKYOKU oya="0"/><INIT seed="0,0,0,4,3,115" ten="250,250,250,250" oya="0" hai0="54,69,30,130,55,89,120,126,63,114,48,12,133" hai1="70,59,57,47,96,110,85,78,105,10,88,81,134" hai2="95,41,93,35,122,52,104,53,128,102,123,97,39" hai3="121,75,67,7,19,86,1,11,42,58,117,112,64"/><T94/><D114/><U98/><E70/><V17/><F35/><W23/><G112/><T24/><D120/><U16/><E110/><V46/><F128/><W100/><G75/><T103/><D130/><U131/><E134/><V127/><F127/><W0/><G0/><T34/><D133/><U51/><E105/><V3/><F3/><W124/><G124/><T15/><D103/><U74/><E74/><V65/><F65/><W27/><G121/><T14/><D126/><U132/><E132/><V32/><F32/><W20/><G117/><T43/><D43/><N who="1" m="25087" /><E131/><V91/><F104/><W72/><G72/><T18/><D18/><U99/><E78/><V38/><F38/><W56/><G42/><T28/><D28/><U101/><E101/><V90/><F102/><W4/><G100/><T82/><D82/><U71/><E71/><V107/><F107/><W22/><G86/><T45/><D69/><U80/><E81/><V73/><F73/><W26/><G1/><T87/><D63/><U129/><E129/><V109/><F109/><W40/><G40/><T116/><REACH who="0" step="1"/><D55/><REACH who="0" ten="240,250,250,250" step="2"/><U29/><E29/><V62/><F122/><W6/><G19/><T76/><D76/><U21/><E10/><V49/><F123/><W37/><G11/><T66/><D66/><N who="3" m="25129" /><G37/><T61/><D61/><U118/><E118/><AGARI ba="0,1" hai="12,14,15,24,30,34,45,48,54,87,89,94,116,118" machi="118" ten="40,7700,0" yaku="1,1,52,2,53,0" doraHai="115" doraHaiUra="119" who="0" fromWho="1" sc="240,87,250,-77,250,0,250,0" /><INIT seed="0,1,0,4,3,81" ten="327,173,250,250" oya="0" hai0="24,70,108,95,55,44,63,131,97,61,77,20,52" hai1="13,12,124,18,40,106,25,60,62,91,110,50,34" hai2="19,100,104,101,134,116,46,15,66,113,36,94,54" hai3="89,1,11,87,129,35,23,128,53,37,82,38,2"/><T58/><D131/><N who="3" m="50249" /><G35/><T85/><D108/><U39/><E106/><V105/><F113/><W93/><G53/><T122/><D122/><U99/><E110/><V42/><F66/><W109/><G109/><T79/><D70/><U32/><E124/><V51/><F134/><W76/><G23/><T10/><D10/><U33/><E39/><N who="3" m="14858" /><G11/><T92/><D92/><U17/><E25/><V28/><F28/><W43/><G43/><T27/><D27/><U83/><E40/><V47/><F116/><W7/><G7/><T84/><D79/><U135/><E135/><V14/><F14/><W73/><AGARI ba="1,0" hai="1,2,73,76,82,87,89,93" m="14858,50249" machi="73" ten="30,2000,0" yaku="19,1,52,1" doraHai="81" who="3" fromWho="3" sc="327,-11,173,-6,250,-6,250,23" /><INIT seed="1,0,0,5,2,18" ten="316,167,244,273" oya="1" hai0="71,3,57,27,11,117,61,45,5,58,22,47,49" hai1="78,111,127,14,95,109,64,123,129,107,133,13,74" hai2="126,72,30,24,59,20,112,60,1,83,65,54,46" hai3="38,42,105,76,77,40,53,80,75,122,131,4,66"/><U8/><E107/><V110/><F110/><N who="1" m="41993" /><E123/><V104/><F126/><W56/><G105/><T85/><D117/><U52/><E127/><V88/><F104/><W84/><G122/><T89/><D71/><U10/><E64/><V90/><F1/><W101/><G66/><T9/><D9/><N who="1" m="3691" /><E129/><V6/><F6/><W51/><G4/><T17/><D61/><U36/><E36/><V7/><F7/><W115/><G115/><T103/><D103/><U16/><E133/><V44/><F112/><W94/><G131/><T114/><D114/><U69/><E69/><V73/><F73/><W43/><G75/><T23/><D47/><N who="2" m="17962" /><F72/><W28/><G38/><T2/><D2/><U41/><E41/><V113/><F113/><W0/><G0/><T33/><D33/><U98/><E78/><V82/><F65/><W92/><G77/><T12/><D3/><U93/><E74/><V102/><F102/><W86/><G101/><T21/><D27/><U70/><E70/><V134/><F134/><W25/><REACH who="3" step="1"/><G86/><REACH who="3" ten="316,167,244,263" step="2"/><T120/><D5/><U91/><E95/><V81/><AGARI ba="0,1" hai="20,24,30,54,59,60,81,82,83,88,90" m="17962" machi="81" ten="30,4000,0" yaku="8,1,52,1,54,1" doraHai="18" who="2" fromWho="2" sc="316,-10,167,-20,244,50,263,-10" /><INIT seed="2,0,0,0,4,38" ten="306,147,294,253" oya="2" hai0="63,72,112,19,127,58,132,67,14,108,45,92,47" hai1="5,75,119,3,31,118,33,120,78,60,40,106,103" hai2="8,117,126,37,46,84,89,1,32,82,121,124,13" hai3="2,91,102,70,53,22,54,104,21,74,68,6,25"/><V10/><F117/><W15/><G74/><T12/><D112/><U114/><E114/><V122/><F32/><W41/><G2/><T125/><D72/><U52/><E120/><N who="2" m="46187" /><F1/><W73/><G73/><T9/><D108/><U135/><E135/><V95/><F37/><W110/><G110/><T66/><D132/><U11/><E106/><V85/><F46/><W69/><G41/><T131/><D131/><U30/><E103/><V61/><F61/><W77/><G77/><T80/><D80/><U100/><E100/><V65/><F65/><W97/><G91/><T86/><D67/><U23/><E33/><V87/><F82/><W35/><G35/><T49/><D14/><U55/><E75/><V116/><F116/><W29/><REACH who="3" step="1"/><G22/><REACH who="3" ten="306,147,294,243" step="2"/><T105/><D9/><AGARI ba="0,1" hai="6,9,15,21,25,29,53,54,68,69,70,97,102,104" machi="9" ten="40,5200,0" yaku="1,1,2,1,53,1" doraHai="38" doraHaiUra="94" who="3" fromWho="0" sc="306,-52,147,0,294,0,243,62" /><INIT seed="3,0,0,4,3,92" ten="254,147,294,305" oya="3" hai0="134,21,110,111,81,77,42,79,90,13,115,48,25" hai1="8,59,112,119,108,105,130,15,6,73,133,12,106" hai2="87,78,61,27,113,16,85,114,88,5,127,131,41" hai3="63,53,72,22,39,71,128,37,52,9,121,80,43"/><W38/><G22/><T49/><D134/><U100/><E112/><V23/><F127/><W30/><G30/><T19/><D115/><U69/><E69/><V125/><F125/><W82/><G9/><T64/><D64/><U17/><E133/><V116/><F116/><W96/><G121/><T93/><D25/><U65/><E119/><V104/><F131/><W109/><G128/><T33/><D33/><U32/><E130/><V94/><F104/><W26/><G26/><T54/><D42/><U4/><E32/><V57/><F41/><W14/><G14/><T124/><D124/><U74/><E108/><N who="0" m="41513" /><D81/><U11/><E17/><V75/><F5/><W101/><G109/><T47/><D49/><U67/><REACH who="1" step="1"/><E59/><REACH who="1" ten="254,137,294,305" step="2"/><V70/><F70/><W24/><G71/><T84/><AGARI ba="0,1" hai="13,19,21,47,48,54,77,79,84,90,93" m="41513" machi="84" ten="30,1100,0" yaku="14,1" doraHai="92" who="0" fromWho="0" sc="254,21,137,-3,294,-3,305,-5" owari="275,-12.0,134,-37.0,291,9.0,300,40.0" /></mjloggm>