<mjloggm ver="2.3"><GO type="97" lobby="0"/><UN n0="%E5%A5%88%E5%A4%9A%64%65%43%6F%63%6F" n1="%E3%82%82%E3%81%9A%E3%81%8F%EF%BC%A0%E5%B7%9D%E6%9D%91%E8%BB%8D%E5%9B%A3" n2="%E5%B0%B1%E6%B4%BB%E7%94%9F%40%E5%B7%9D%E6%9D%91%E8%BB%8D%E5%9B%A3" n3="%E3%81%B6%E3%81%9F%EF%BC%A0%E3%81%A1%E3%82%85%E3%81%86" dan="14,14,15,17" rate="2022.06,1936.38,2041.10,2048.94" sx="M,M,M,M"/><TAIKYOKU oya="0"/><INIT seed="0,0,0,1,1,130" ten="250,250,250,250" oya="0" hai0="18,124,36,14,22,87,6,49,121,50,73,100,16" hai1="105,42,76,52,115,55,74,54,30,5,53,120,43" hai2="131,39,113,84,58,26,67,44,13,33,94,0,116" hai3="10,12,8,64,51,35,45,9,118,23,86,132,71"/><T69/><D121/><U28/><E120/><V135/><F0/><W62/><G35/><T119/><D73/><U123/><E123/><V48/><F113/><W114/><G118/><T91/><D119/><U133/><E105/><V109/><F39/><W47/><G114/><T85/><D69/><U101/><E115/><V99/><F116/><W103/><G103/><T96/><D36/><U70/><E70/><V34/><F135/><W15/><G132/><T111/><D124/><U83/><E101/><V107/><F131/><W75/><G75/><T82/><D6/><U117/><E117/><V24/><F107/><W20/><G86/><T66/><D66/><U29/><E133/><V97/><F109/><W41/><G20/><T60/><D60/><U129/><E129/><V98/><F33/><W57/><G71/><T1/><D1/><U21/><N who="1" m="13824" /><DORA hai="68" /><U3/><REACH who="1" step="1"/><E21/><REACH who="1" ten="250,240,250,250" step="2"/><V95/><F34/><W78/><G23/><T92/><D111/><U102/><E102/><V38/><F26/><W63/><G63/><T104/><REACH who="0" step="1"/><D18/><REACH who="0" ten="240,240,250,250" step="2"/><U32/><E32/><V106/><F106/><W89/><G62/><T7/><D7/><U128/><E128/><V4/><F44/><W17/><G47/><T122/><D122/><U61/><E61/><V93/><F4/><W79/><G17/><T127/><D127/><U25/><E25/><V126/><F24/><W37/><G64/><T11/><D11/><AGARI ba="0,2" hai="3,5,11,28,29,30,42,43,74,76,83" m="13824" machi="11" ten="60,3900,0" yaku="1,1,54,1,53,0" doraHai="130,68" doraHaiUra="90,46" who="1" fromWho="0" sc="240,-39,240,59,250,0,250,0" /><INIT seed="1,0,0,3,4,85" ten="201,299,250,250" oya="1" hai0="38,16,108,18,57,119,10,20,93,110,5,7,15" hai1="121,67,17,62,109,86,98,3,63,90,124,72,40" hai2="47,117,104,39,66,60,30,73,131,77,94,29,112" hai3="48,13,115,42,46,71,111,52,75,113,43,22,134"/><U51/><E121/><V122/><F104/><W126/><G75/><T68/><D38/><U103/><E72/><V127/><F117/><W92/><G71/><T116/><D68/><U56/><E3/><V31/><F122/><W32/><G32/><T27/><D57/><U53/><E124/><V21/><F112/><W106/><G106/><T133/><D93/><N who="1" m="58831" /><E109/><N who="0" m="42089" /><D133/><U118/><E118/><AGARI ba="0,0" hai="5,7,10,15,16,18,20,27,116,118,119" m="42089" machi="118" ten="30,7700,0" yaku="14,1,34,2,54,1" doraHai="85" who="0" fromWho="1" sc="201,77,299,-77,250,0,250,0" /><INIT seed="2,0,0,0,1,75" ten="278,222,250,250" oya="2" hai0="124,70,17,129,33,59,82,104,35,73,107,62,36" hai1="116,118,93,57,96,37,24,94,101,2,64,42,89" hai2="91,51,68,20,81,23,11,38,80,92,44,27,19" hai3="122,78,76,5,130,74,47,99,112,50,108,7,10"/><V125/><F68/><W88/><G122/><T121/><D121/><U119/><E2/><V126/><F38/><W66/><G130/><T56/><D17/><U69/><E69/><V34/><F34/><N who="0" m="12810" /><D59/><U49/><E37/><V67/><F67/><W117/><G74/><T135/><D56/><U54/><E42/><V114/><F114/><W97/><G117/><T102/><D129/><U120/><E120/><V109/><F109/><W105/><G105/><N who="0" m="40523" /><D102/><U48/><E64/><V134/><F134/><W133/><G66/><N who="0" m="41303" /><D36/><U65/><E65/><V15/><F23/><W72/><G72/><T14/><D14/><U127/><E24/><V0/><F0/><W30/><G108/><T13/><D13/><U4/><E4/><N who="3" m="1610" /><G10/><T32/><D32/><U111/><E111/><V98/><F125/><W29/><G133/><T39/><D39/><U128/><E127/><V22/><F126/><W63/><G112/><T86/><D86/><U103/><E128/><V90/><F90/><W43/><G63/><T132/><D124/><U16/><E16/><N who="2" m="12679" /><F11/><W55/><G55/><AGARI ba="0,0" hai="15,19,22,44,51,55,80,81,91,92,98" m="12679" machi="55" ten="30,2900,0" yaku="8,1,54,1" doraHai="75" who="2" fromWho="3" sc="278,0,222,0,250,29,250,-29" /><INIT seed="2,1,0,3,4,64" ten="278,222,279,221" oya="2" hai0="126,133,74,34,97,112,103,128,132,15,130,16,88" hai1="63,19,14,41,45,87,79,119,25,115,47,94,82" hai2="108,124,105,78,75,44,102,66,106,27,95,120,57" hai3="24,131,58,62,61,6,84,59,91,135,53,55,89"/><V68/><F120/><W99/><G135/><N who="0" m="51787" /><D34/><U35/><E115/><V9/><F124/><W104/><G131/><N who="0" m="50219" /><D112/><U90/><E119/><V122/><F122/><W100/><G6/><T92/><D74/><U127/><E127/><V43/><F108/><W20/><REACH who="3" step="1"/><G84/><REACH who="3" ten="278,222,279,211" step="2"/><T36/><D126/><U72/><E41/><V31/><F75/><W107/><G107/><T7/><D7/><U98/><E72/><V114/><F114/><W50/><G50/><T30/><D36/><U56/><E35/><V71/><F106/><W40/><G40/><T54/><D30/><AGARI ba="1,1" hai="20,24,30,53,55,58,59,61,62,89,91,99,100,104" machi="30" ten="30,3900,0" yaku="1,1,7,1,9,1,53,0" doraHai="64" doraHaiUra="129" who="3" fromWho="0" sc="278,-42,222,0,279,0,211,52" /><INIT seed="3,0,0,1,0,83" ten="236,222,279,263" oya="3" hai0="80,57,106,16,112,124,7,126,40,101,18,19,22" hai1="12,38,11,76,41,74,84,64,94,24,125,46,67" hai2="39,35,117,8,75,71,120,113,32,134,91,92,3" hai3="114,47,0,2,128,135,104,54,133,14,77,53,42"/><W55/><G104/><T9/><D40/><U105/><E105/><V17/><RYUUKYOKU type="yao9" ba="0,0" sc="236,0,222,0,279,0,263,0" hai2="3,8,17,32,35,39,71,75,91,92,113,117,120,134" /><INIT seed="3,1,0,2,4,30" ten="236,222,279,263" oya="3" hai0="37,75,122,101,65,134,116,48,124,86,19,81,14" hai1="63,20,98,128,27,133,68,131,8,56,1,21,87" hai2="112,123,5,135,62,2,57,94,39,40,110,120,47" hai3="17,34,15,73,29,88,70,41,46,61,104,100,69"/><W53/><G73/><T90/><D116/><U43/><E133/><V51/><F112/><W25/><G53/><T96/><D122/><N who="2" m="46634" /><F2/><W130/><G130/><N who="1" m="49706" /><E43/><V22/><F5/><W13/><G88/><T105/><D37/><U121/><E121/><V6/><F6/><W106/><G15/><T76/><D65/><N who="1" m="39143" /><E68/><V49/><F22/><N who="1" m="8809" /><E27/><V95/><F110/><W9/><G61/><T66/><D66/><U93/><E87/><V125/><F125/><W103/><G106/><T118/><D124/><U36/><E36/><V91/><F135/><W80/><G104/><T109/><D109/><U45/><E45/><V10/><F10/><W97/><G70/><T78/><D134/><U32/><E8/><V83/><F83/><W126/><G80/><T16/><D118/><U33/><E1/><V64/><F94/><W3/><G69/><T115/><D115/><U107/><E107/><V35/><F35/><W58/><G126/><T132/><D132/><U55/><E55/><V71/><F71/><W42/><G3/><T54/><D75/><U84/><E84/><AGARI ba="1,0" hai="39,40,47,49,51,57,62,64,84,91,95" m="46634" machi="84" ten="30,1000,0" yaku="13,1" doraHai="30" who="2" fromWho="1" sc="236,0,222,-13,279,13,263,0" /><INIT seed="4,0,0,2,0,62" ten="236,209,292,263" oya="0" hai0="125,108,35,106,34,83,32,79,48,63,56,9,131" hai1="27,126,120,17,105,3,8,7,121,88,101,94,20" hai2="60,21,97,10,46,82,12,93,51,81,87,100,28" hai3="69,110,117,118,0,50,112,41,39,61,107,92,24"/><T43/><D106/><U75/><E75/><V130/><F130/><W49/><G107/><T127/><D131/><U135/><E135/><V47/><F60/><W66/><G0/><T68/><D108/><U132/><E132/><V114/><F114/><W42/><G24/><T45/><D9/><U44/><E126/><V19/><F51/><N who="3" m="19467" /><G92/><T102/><D102/><U52/><E44/><N who="2" m="16939" /><F87/><W124/><G112/><T16/><D68/><U80/><E80/><V109/><F109/><W15/><G15/><T36/><D36/><U86/><REACH who="1" step="1"/><E52/><REACH who="1" ten="236,199,292,263" step="2"/><V5/><F28/><W29/><G124/><T57/><D127/><U70/><E70/><V26/><AGARI ba="0,1" hai="5,10,12,19,21,26,81,82,93,97,100" m="16939" machi="26" ten="30,1100,0" yaku="8,1" doraHai="62" who="2" fromWho="2" sc="236,-5,199,-3,292,21,263,-3" owari="231,-17.0,196,-30.0,313,41.0,260,6.0" /></mjloggm>