<mjloggm ver="2.3"><GO type="169" lobby="0"/><UN n0="%E9%81%8A%E8%B5%B0" n1="%E5%B0%B1%E6%B4%BB%E7%94%9F%40%E5%B7%9D%E6%9D%91%E8%BB%8D%E5%9B%A3" n2="%E3%81%8F%E3%82%8D%E3%81%AF%E3%81%A1" n3="%67%6F%75%73%69" dan="16,16,17,17" rate="2151.32,2118.38,2217.67,2184.88" sx="F,M,M,M"/><TAIKYOKU oya="0"/><INIT seed="0,0,0,0,1,14" ten="250,250,250,250" oya="0" hai0="1,65,3,90,23,49,81,9,85,110,99,54,83" hai1="50,27,51,105,106,41,59,86,116,78,11,134,111" hai2="109,26,19,130,43,22,34,80,100,56,31,124,46" hai3="4,64,117,77,6,97,115,62,129,25,48,58,128"/><T131/><D131/><N who="3" m="50249" /><G117/><T42/><D110/><U74/><E116/><V70/><F70/><W89/><G77/><T84/><D42/><U132/><E74/><V68/><F68/><W21/><G115/><T17/><D65/><U69/><E69/><V76/><F130/><W16/><G48/><T93/><D9/><U15/><E111/><V13/><F109/><W66/><G66/><T32/><D32/><U61/><E27/><V67/><F124/><W119/><G119/><T45/><D81/><N who="1" m="47415" /><E41/><V104/><F67/><W79/><G79/><T121/><D121/><U125/><E106/><V55/><F100/><W120/><G120/><T102/><REACH who="0" step="1"/><D85/><REACH who="0" ten="240,250,250,250" step="2"/><U92/><E125/><V18/><F80/><W39/><G39/><T10/><D10/><U38/><E38/><V101/><F34/><W87/><G97/><T94/><D94/><AGARI ba="0,1" hai="4,6,16,21,25,58,62,64,87,89,94" m="50249" machi="94" ten="30,3900,0" yaku="19,1,52,1,54,1" doraHai="14" who="3" fromWho="0" sc="240,-39,250,0,250,0,250,49" /><INIT seed="1,0,0,4,0,67" ten="201,250,250,299" oya="1" hai0="80,64,8,95,128,39,120,45,38,100,73,89,9" hai1="108,118,130,132,26,131,61,107,98,101,47,115,35" hai2="43,93,102,5,96,97,18,41,13,30,59,58,51" hai3="62,25,117,85,17,16,134,86,50,127,79,21,122"/><U56/><E118/><V94/><F30/><W113/><G122/><T0/><D120/><U103/><E103/><V49/><F5/><W60/><G113/><T71/><D100/><U2/><E115/><V36/><F36/><W112/><G112/><T106/><D106/><U70/><E2/><V42/><F49/><W66/><G134/><T32/><D32/><U63/><E132/><V75/><F75/><W119/><G127/><T48/><D128/><N who="1" m="49195" /><E47/><V6/><F6/><W72/><G72/><T77/><D0/><U33/><E108/><V74/><F51/><W22/><G50/><T20/><D20/><U123/><E26/><V121/><F74/><W68/><G62/><T11/><D64/><N who="1" m="41231" /><E123/><V54/><F54/><AGARI ba="0,0" hai="33,35,54,56,63,98,101,107" m="41231,49195" machi="54" ten="30,2900,0" yaku="19,1,52,1" doraHai="67" who="1" fromWho="2" sc="201,0,250,29,250,-29,299,0" /><INIT seed="1,1,0,1,4,12" ten="201,279,221,299" oya="1" hai0="115,78,102,29,36,4,68,108,77,120,16,24,58" hai1="107,18,61,17,105,64,72,74,100,59,44,117,81" hai2="37,52,135,1,35,122,112,47,40,21,39,93,8" hai3="71,132,113,87,49,26,38,116,31,111,80,67,129"/><U6/><E117/><V57/><F122/><W28/><G38/><T126/><D115/><U95/><E107/><V103/><F35/><W94/><G113/><T101/><D68/><U99/><E105/><V69/><F112/><W128/><G116/><T130/><D120/><U32/><E32/><V83/><F69/><W27/><G71/><T118/><D118/><U2/><E72/><V73/><F37/><W96/><G67/><T9/><D36/><U63/><E63/><V34/><F34/><W7/><G7/><T19/><D130/><U62/><E62/><V133/><F21/><W86/><G49/><T106/><D106/><U15/><E2/><V84/><F103/><N who="0" m="39434" /><D126/><U10/><REACH who="1" step="1"/><E44/><REACH who="1" ten="201,269,221,299" step="2"/><V54/><F1/><W13/><G128/><T46/><D46/><U45/><E45/><V0/><F73/><W22/><G129/><T89/><D108/><U70/><E70/><V114/><F114/><W11/><G111/><T41/><D58/><U56/><E56/><V43/><F57/><W131/><G131/><T53/><D4/><U30/><E30/><V121/><F121/><W110/><G28/><T65/><D29/><U66/><E66/><V124/><F0/><W50/><G31/><T125/><D65/><U51/><E51/><V104/><F39/><W91/><G50/><T33/><D33/><U134/><E134/><V48/><F135/><W76/><G132/><T82/><D125/><U88/><E88/><V20/><F124/><W25/><G110/><T75/><D89/><U123/><E123/><V109/><F133/><W42/><G91/><T98/><D75/><RYUUKYOKU ba="1,1" sc="201,-10,269,30,221,-10,299,-10" hai1="6,10,15,17,18,59,61,64,74,81,95,99,100" /><INIT seed="1,2,1,3,5,129" ten="191,299,211,289" oya="1" hai0="132,72,30,19,125,53,121,104,23,134,71,124,118" hai1="3,97,103,117,106,80,113,18,34,37,8,51,22" hai2="62,107,56,75,131,122,39,32,78,41,9,109,105" hai3="93,110,0,29,85,38,6,120,98,64,25,82,12"/><U2/><E37/><V83/><F122/><W40/><G0/><T114/><D121/><U45/><E34/><V90/><F131/><W112/><G120/><T16/><D118/><U126/><E113/><V7/><F32/><W48/><G38/><T33/><D114/><U89/><E126/><N who="0" m="48745" /><D72/><U17/><E117/><V65/><F109/><W128/><G128/><T26/><D104/><U36/><E36/><V79/><F79/><W21/><G110/><T59/><D71/><U55/><E17/><N who="0" m="6729" /><D33/><U86/><REACH who="1" step="1"/><E8/><REACH who="1" ten="191,289,211,289" step="2"/><V87/><F39/><W11/><G112/><T46/><D46/><U20/><E20/><V115/><F115/><W70/><G21/><T4/><D4/><U66/><E66/><V61/><F9/><W31/><G64/><T63/><AGARI ba="2,2" hai="23,26,30,53,59,63,132,134" m="6729,48745" machi="63" ten="30,7900,0" yaku="18,1,52,2,54,1" doraHai="129" who="0" fromWho="0" sc="191,105,289,-41,211,-22,289,-22" /><INIT seed="2,0,0,5,2,45" ten="296,248,189,267" oya="2" hai0="62,41,43,124,108,63,66,77,114,125,102,78,32" hai1="97,96,22,67,129,109,105,20,56,42,10,61,81" hai2="99,80,71,39,74,23,8,19,53,16,6,21,100" hai3="93,0,5,87,52,116,31,14,121,119,18,82,128"/><V101/><F39/><W54/><G121/><T36/><D32/><U83/><E129/><V75/><F71/><W29/><G128/><T112/><D102/><U134/><E109/><V46/><F75/><W2/><G5/><T13/><D13/><U65/><E134/><V70/><F70/><W72/><G72/><T131/><D131/><U68/><E68/><V110/><F74/><W106/><G106/><T34/><D34/><U104/><E42/><N who="0" m="15881" /><D108/><U113/><E10/><V107/><F80/><W26/><G93/><T130/><D130/><U33/><E33/><V115/><F115/><N who="0" m="44074" /><D36/><U59/><E113/><V111/><F101/><W89/><G2/><T57/><D78/><U44/><E44/><V49/><F21/><W58/><G0/><T91/><D91/><U25/><E61/><N who="0" m="23049" /><D77/><U69/><E69/><V11/><F11/><W76/><G76/><T3/><D3/><U15/><E15/><V123/><F19/><W28/><G26/><AGARI ba="0,0" hai="20,22,25,26,56,59,65,67,81,83,96,97,104,105" machi="26" ten="25,1600,0" yaku="22,2" doraHai="45" who="1" fromWho="3" sc="296,0,248,16,189,0,267,-16" /><INIT seed="3,0,0,3,5,59" ten="296,264,189,251" oya="3" hai0="67,69,110,102,17,42,135,119,0,64,98,45,2" hai1="50,107,54,68,79,16,83,57,12,76,117,77,111" hai2="122,20,28,101,99,92,81,120,112,25,46,56,5" hai3="114,13,90,86,47,48,62,71,32,36,130,125,87"/><W33/><G114/><T39/><D119/><U115/><E111/><V94/><F112/><W93/><G125/><T66/><D110/><U8/><E115/><V58/><F5/><W73/><G73/><T108/><D108/><U38/><E107/><V88/><F81/><W61/><G36/><T100/><D135/><U21/><E38/><V116/><F116/><W4/><G71/><T6/><D69/><U63/><E117/><V75/><F75/><W118/><G118/><T85/><D102/><U10/><E68/><V19/><F46/><W70/><G70/><T80/><D17/><U60/><E83/><V97/><REACH who="2" step="1"/><F19/><REACH who="2" ten="296,264,179,251" step="2"/><W27/><G4/><T51/><D6/><N who="1" m="3095" /><E10/><V96/><F96/><W3/><G87/><T89/><D39/><U55/><E55/><V35/><F35/><W44/><G33/><T74/><D74/><U84/><E84/><V128/><F128/><W30/><G130/><T22/><D22/><U40/><E40/><V78/><F78/><W11/><G11/><T121/><D2/><U132/><E132/><V15/><F15/><AGARI ba="0,1" hai="15,16,21,50,54,57,60,63,76,77,79" m="3095" machi="15" ten="30,7700,0" yaku="8,1,52,2,54,1" doraHai="59" who="1" fromWho="2" sc="296,0,264,87,179,-77,251,0" /><INIT seed="4,0,0,3,1,76" ten="296,351,102,251" oya="0" hai0="54,6,124,82,23,132,127,93,72,86,99,33,71" hai1="2,107,105,112,115,5,100,131,36,27,133,109,117" hai2="32,58,43,28,35,128,42,10,120,50,113,21,12" hai3="95,79,56,57,61,9,55,78,30,77,45,47,7"/><T64/><D33/><U52/><E36/><V97/><F120/><W22/><G30/><T119/><D119/><U4/><E109/><V102/><F113/><N who="1" m="43593" /><E131/><V65/><F128/><W18/><G95/><T20/><D72/><U48/><E133/><V122/><F122/><W92/><G92/><T125/><D132/><U67/><E67/><V0/><F0/><W51/><G9/><T66/><D54/><U19/><E100/><V89/><F32/><W34/><G7/><N who="1" m="2634" /><E2/><V129/><F35/><W123/><G34/><T13/><D71/><U59/><E117/><V69/><F69/><W8/><G8/><N who="0" m="4247" /><D64/><U130/><E130/><V31/><F65/><N who="3" m="39079" /><G123/><T75/><D66/><U80/><E80/><V60/><F10/><W38/><G38/><T90/><D75/><U83/><E83/><V53/><F129/><W126/><G126/><N who="0" m="32259" /><T135/><DORA hai="26" /><D135/><U111/><E111/><V96/><F102/><AGARI ba="0,0" hai="20,23,82,86,90,93,99,102" m="32259,4247" machi="102" ten="40,3900,0" yaku="18,1,52,1" doraHai="76,26" who="0" fromWho="2" sc="296,39,351,0,102,-39,251,0" /><INIT seed="4,1,0,5,0,66" ten="335,351,63,251" oya="0" hai0="111,62,86,8,128,126,76,0,42,26,59,133,117" hai1="119,46,114,53,1,50,24,55,103,102,40,43,106" hai2="29,52,21,67,19,25,54,51,82,108,30,71,13" hai3="92,125,41,97,9,28,16,10,47,96,4,18,20"/><T99/><D117/><U118/><E1/><V123/><F108/><W91/><G125/><T134/><D111/><U131/><E131/><V124/><F123/><W23/><G28/><T129/><D42/><N who="1" m="15915" /><E106/><V122/><F122/><W135/><G135/><N who="0" m="51723" /><D99/><U109/><E109/><V57/><F124/><W45/><G41/><T58/><D126/><U3/><E3/><V17/><F82/><W113/><G113/><T101/><D101/><N who="1" m="38411" /><E114/><V27/><F27/><W115/><G115/><T36/><D36/><U79/><E79/><V93/><F93/><W22/><G4/><N who="0" m="1031" /><D26/><U98/><E98/><V33/><F54/><N who="1" m="20489" /><E24/><V94/><F94/><W73/><G73/><T37/><D37/><U32/><E32/><V87/><F87/><W77/><G77/><T65/><D59/><U44/><E50/><V130/><F130/><N who="0" m="50282" /><D76/><U112/><E112/><V31/><REACH who="2" step="1"/><F19/><REACH who="2" ten="335,351,53,251" step="2"/><N who="3" m="7211" /><G97/><T105/><D86/><U116/><AGARI ba="1,1" hai="44,46,116,118,119" m="20489,38411,15915" machi="116" ten="40,2700,0" yaku="28,2" doraHai="66" who="1" fromWho="1" sc="335,-14,351,40,53,-8,251,-8" /><INIT seed="5,0,0,3,4,15" ten="321,391,45,243" oya="1" hai0="94,89,78,84,70,55,46,100,42,43,124,114,119" hai1="63,113,36,118,117,101,60,64,6,45,92,81,5" hai2="14,98,96,107,17,23,85,74,131,135,34,87,37" hai3="82,61,18,27,1,8,0,75,116,24,44,104,53"/><U11/><E113/><V71/><F74/><W88/><G104/><T111/><D119/><U126/><E126/><V13/><F37/><W59/><G75/><T83/><D70/><U19/><E36/><V25/><F71/><W106/><G106/><T79/><D111/><U56/><E117/><V48/><F135/><W93/><G82/><T54/><D114/><U33/><E33/><V20/><F131/><W9/><G1/><T91/><D124/><U16/><E118/><V26/><F34/><W47/><G0/><T41/><D100/><U95/><E63/><V38/><F38/><W21/><G27/><T127/><D127/><U90/><E45/><N who="3" m="17482" /><G116/><T65/><D65/><U108/><E108/><V76/><F107/><W102/><G102/><T125/><D125/><U50/><E50/><V80/><F48/><W67/><G67/><T86/><REACH who="0" step="1"/><D46/><REACH who="0" ten="311,391,45,243" step="2"/><U128/><E128/><V66/><F66/><W10/><G10/><T132/><D132/><U4/><E11/><V2/><F2/><W52/><G53/><AGARI ba="0,1" hai="41,42,43,53,54,55,78,79,83,84,86,89,91,94" machi="53" ten="40,2600,0" yaku="1,1,8,1,53,0" doraHai="15" doraHaiUra="97" who="0" fromWho="3" sc="311,36,391,0,45,0,243,-26" /><INIT seed="6,0,0,5,4,107" ten="347,391,45,217" oya="2" hai0="119,109,100,6,12,31,4,38,48,7,83,115,21" hai1="105,11,120,74,33,39,104,40,46,24,29,79,132" hai2="87,96,123,68,71,32,77,50,28,67,26,94,126" hai3="54,3,45,60,101,82,2,124,117,20,135,128,116"/><V108/><F123/><W91/><G101/><T130/><D109/><U70/><E132/><V15/><F108/><W118/><G20/><T95/><D38/><U73/><E120/><V86/><F126/><W56/><G124/><T125/><D125/><U64/><E11/><V80/><F67/><W89/><G135/><T47/><D115/><U66/><E66/><V81/><F50/><W42/><G128/><T37/><D37/><U103/><E79/><V90/><REACH who="2" step="1"/><F15/><REACH who="2" ten="347,391,35,217" step="2"/><W30/><G116/><T62/><D12/><U14/><E14/><V34/><F34/><W25/><G117/><T72/><D48/><U121/><E121/><V52/><F52/><W17/><G118/><T88/><D119/><U76/><E64/><V69/><F69/><W134/><G134/><T36/><D36/><U27/><E70/><V0/><F0/><W127/><G2/><T13/><D13/><U85/><E33/><V102/><AGARI ba="0,1" hai="26,28,32,68,71,77,80,81,86,87,90,94,96,102" machi="102" ten="20,3900,0" yaku="1,1,0,1,7,1,53,0" doraHai="107" doraHaiUra="9" who="2" fromWho="2" sc="347,-13,391,-13,35,49,217,-13" /><INIT seed="6,1,0,0,1,1" ten="334,378,84,204" oya="2" hai0="97,56,111,106,26,88,61,22,84,122,89,53,90" hai1="108,93,130,66,109,60,30,79,28,94,132,16,52" hai2="116,72,6,71,49,103,19,98,100,114,92,76,62" hai3="83,105,43,80,15,123,14,41,64,133,110,21,128"/><V119/><F114/><W68/><G105/><T74/><D122/><U23/><E130/><V54/><F100/><W18/><G123/><T70/><D74/><U131/><E131/><V31/><F31/><N who="1" m="11817" /><E132/><V37/><F37/><W99/><G128/><T50/><D111/><U125/><E125/><V2/><F19/><W12/><G110/><T48/><D70/><U81/><E109/><V29/><F29/><W10/><G68/><T86/><D106/><U42/><E42/><N who="3" m="15882" /><G133/><T102/><D102/><U46/><E66/><V135/><F135/><W124/><G124/><T69/><D97/><U7/><E7/><V104/><F104/><W13/><G64/><T63/><D69/><U121/><E121/><V33/><F33/><W95/><G21/><T118/><D118/><U25/><E108/><V120/><F120/><W57/><G57/><N who="0" m="34991" /><D26/><U101/><E101/><AGARI ba="1,0" hai="10,12,13,14,15,18,80,83,95,99,101" m="15882" machi="101" ten="30,1000,0" yaku="8,1" doraHai="1" who="3" fromWho="1" sc="334,0,378,-13,84,0,204,13" /><INIT seed="7,0,0,0,4,70" ten="334,365,84,217" oya="3" hai0="117,33,48,127,111,58,4,51,68,85,125,73,22" hai1="13,118,109,110,80,43,37,14,95,121,27,8,75" hai2="26,63,133,132,123,129,84,66,0,61,20,64,17" hai3="15,128,49,82,36,44,3,77,2,114,19,5,101"/><W126/><G114/><T91/><D117/><U69/><E121/><V108/><F0/><W9/><G126/><N who="0" m="48139" /><D33/><U18/><E69/><V52/><F108/><W35/><G35/><T23/><D68/><U39/><E43/><V72/><F72/><W1/><G128/><T76/><D111/><U74/><E27/><V79/><F129/><W115/><G115/><T29/><D4/><U41/><E41/><V62/><F123/><W94/><G101/><T47/><D76/><U54/><E54/><V71/><F71/><W67/><G94/><T112/><D73/><U56/><E56/><V107/><F107/><W32/><G67/><T96/><D112/><U105/><E95/><V57/><F84/><W55/><G32/><T124/><N who="0" m="48147" /><T38/><DORA hai="102" /><D96/><U89/><E105/><V11/><F79/><W86/><REACH who="3" step="1"/><G36/><REACH who="3" ten="334,365,84,207" step="2"/><T50/><D58/><U131/><E131/><V42/><F42/><W60/><G60/><T40/><D29/><U78/><E118/><V106/><F106/><W81/><G81/><AGARI ba="0,1" hai="22,23,38,40,47,48,50,51,81,85,91" m="48147" machi="81" ten="40,2600,0" yaku="18,1,52,1" doraHai="70,102" who="0" fromWho="3" sc="334,36,365,0,84,0,207,-26" owari="370,47.0,365,17.0,84,-42.0,181,-22.0" /></mjloggm>