<mjloggm ver="2.3"><GO type="41" lobby="0"/><UN n0="%E5%B0%B1%E6%B4%BB%E7%94%9F%40%E5%B7%9D%E6%9D%91%E8%BB%8D%E5%9B%A3" n1="%62%61%6E%6A%69" n2="%E3%81%82%E3%81%8F%E3%81%86%E7%BC%B6" n3="%6B%6B%6B%6B%34" dan="14,13,15,15" rate="1964.71,1825.83,2016.51,2030.38" sx="M,M,M,M"/><TAIKYOKU oya="0"/><INIT seed="0,0,0,0,5,56" ten="250,250,250,250" oya="0" hai0="125,17,12,55,42,14,109,88,132,81,26,45,76" hai1="83,10,108,121,29,61,96,0,58,39,28,19,50" hai2="71,113,67,31,74,69,13,43,60,47,49,111,93" hai3="21,37,131,123,44,1,117,59,38,91,128,104,70"/><T99/><D125/><U101/><E39/><V103/><F74/><W120/><G104/><T126/><D126/><U112/><E121/><N who="3" m="46666" /><G1/><T53/><D132/><U20/><E112/><V82/><F113/><W129/><G91/><T89/><D109/><U119/><E119/><V51/><F111/><W48/><G21/><T118/><D118/><U92/><E83/><V115/><F115/><W54/><G117/><T8/><D26/><U79/><E79/><V24/><F13/><W35/><G70/><T18/><D99/><U62/><E108/><V32/><F82/><W80/><G80/><T34/><D34/><U78/><E78/><V73/><F73/><W11/><G11/><T65/><D65/><U41/><E0/><V106/><F71/><W4/><G4/><T40/><D76/><U52/><E10/><V9/><F9/><W116/><G116/><T94/><D81/><U15/><E41/><N who="0" m="15977" /><D45/><U3/><E3/><V75/><F75/><W110/><G35/><T2/><D2/><U95/><E92/><V98/><F93/><W127/><G127/><T63/><D55/><U25/><E29/><V16/><F16/><N who="0" m="6250" /><D8/><U107/><E107/><V64/><F64/><W46/><G110/><T105/><D105/><U77/><E77/><V72/><F72/><W30/><G30/><T27/><D27/><U87/><E87/><V57/><F57/><W124/><G124/><T135/><D135/><U5/><E5/><V68/><F68/><W130/><N who="3" m="33280" /><DORA hai="36" /><W133/><G133/><T22/><D22/><U97/><E96/><V23/><F23/><W134/><G134/><RYUUKYOKU ba="0,0" sc="250,-30,250,10,250,10,250,10" hai1="15,19,20,25,28,50,52,58,61,62,95,97,101" hai2="24,31,32,43,47,49,51,60,67,69,98,103,106" hai3="37,38,44,46,48,54,59" /><INIT seed="1,1,0,2,5,112" ten="220,260,260,260" oya="1" hai0="113,26,115,107,91,106,123,34,135,60,79,70,8" hai1="59,102,40,121,39,108,132,109,12,54,25,27,23" hai2="32,119,37,92,71,24,95,98,134,36,120,49,6" hai3="78,46,125,1,73,85,69,5,128,17,127,88,44"/><U19/><E121/><V2/><F49/><W80/><G69/><T110/><D91/><U64/><E64/><V100/><F120/><W30/><G128/><T29/><D123/><U72/><E72/><V105/><F134/><W133/><G133/><T11/><D135/><U94/><E40/><V10/><F95/><W57/><G30/><T52/><D110/><N who="1" m="42603" /><E39/><N who="2" m="14923" /><F92/><W116/><G116/><T61/><D79/><U31/><E132/><V126/><F126/><N who="3" m="48139" /><G17/><T65/><D113/><U20/><E23/><V48/><F48/><W42/><G57/><T99/><D115/><U81/><E81/><V67/><F119/><W38/><G46/><T55/><D107/><U111/><N who="1" m="42611" /><U63/><DORA hai="13" /><E31/><N who="2" m="19559" /><F67/><W97/><G97/><AGARI ba="1,0" hai="12,19,20,25,27,54,59,63,94,97,102" m="42611" machi="97" ten="40,7700,0" yaku="14,1,10,1,52,1" doraHai="112,13" who="1" fromWho="3" sc="220,0,260,80,260,0,260,-80" /><INIT seed="1,2,0,3,4,95" ten="220,340,260,180" oya="1" hai0="58,89,59,23,61,126,57,127,123,62,6,15,94" hai1="30,100,116,65,113,52,133,45,12,71,4,55,75" hai2="112,8,91,121,37,14,19,106,50,135,128,98,5" hai3="77,53,31,69,99,124,85,76,107,90,13,16,110"/><U20/><E75/><V11/><F37/><W73/><G69/><T114/><D114/><U32/><E116/><V78/><F112/><W134/><G110/><T122/><D6/><U130/><E113/><V102/><F121/><N who="0" m="46090" /><D15/><U0/><E71/><V72/><F135/><W2/><G134/><T40/><D23/><U88/><E65/><V18/><F128/><W131/><G2/><T103/><D103/><U24/><E133/><V84/><F50/><W49/><G131/><T109/><D109/><U43/><E130/><V125/><F125/><N who="0" m="47626" /><D40/><U3/><E100/><V28/><F28/><W47/><G124/><T36/><D36/><U70/><E70/><V22/><F5/><W80/><G31/><T118/><D118/><U34/><E34/><V97/><F72/><W115/><G115/><T117/><D117/><U1/><E32/><V87/><F78/><W60/><G60/><T51/><D51/><U33/><E33/><V105/><F22/><W44/><G73/><T27/><D27/><U56/><E12/><V132/><F132/><W108/><G108/><T7/><D7/><U39/><E4/><V81/><F87/><AGARI ba="2,0" hai="57,58,59,61,62,87,89,94" m="47626,46090" machi="87" ten="40,2600,0" yaku="13,1,18,1" doraHai="95" who="0" fromWho="2" sc="220,32,340,0,260,-32,180,0" /><INIT seed="2,0,0,2,5,15" ten="252,340,228,180" oya="2" hai0="1,0,95,35,24,74,33,36,26,84,109,117,131" hai1="14,127,27,125,29,62,10,61,54,53,100,90,96" hai2="13,57,9,55,51,31,63,106,121,91,68,82,21" hai3="77,114,30,119,88,52,20,28,76,80,120,48,85"/><V108/><F106/><W44/><G120/><T32/><D74/><U71/><E90/><V60/><F121/><W113/><G119/><T65/><D36/><U56/><E127/><V72/><F108/><W37/><G37/><T49/><D109/><U130/><E130/><V12/><F68/><W47/><G47/><T78/><D131/><U103/><E125/><V42/><F42/><W40/><G40/><T111/><D111/><U45/><E45/><V83/><F72/><W16/><G114/><T23/><D117/><U122/><E122/><V98/><F98/><W99/><G113/><T87/><D65/><U6/><E71/><V126/><F126/><W102/><G76/><T41/><D78/><U89/><E89/><V19/><F31/><W86/><G99/><T92/><D49/><U123/><E123/><V129/><F129/><W8/><G8/><T67/><D67/><U69/><E69/><V34/><F34/><W115/><G102/><T133/><D41/><U50/><E103/><V105/><F105/><W66/><G66/><T116/><D116/><U94/><REACH who="1" step="1"/><E54/><REACH who="1" ten="252,330,228,180" step="2"/><V58/><F58/><W97/><G115/><T59/><D59/><U2/><E2/><V134/><F91/><W5/><G97/><T79/><D1/><U101/><E101/><V22/><F57/><W135/><G135/><T39/><D0/><U46/><E46/><V132/><F55/><W38/><G38/><T110/><D110/><U18/><E18/><V4/><F51/><W70/><G5/><T7/><D39/><U93/><E93/><V64/><F4/><W104/><G70/><RYUUKYOKU ba="0,1" sc="252,-10,330,30,228,-10,180,-10" hai1="6,10,14,27,29,50,53,56,61,62,94,96,100" /><INIT seed="3,1,1,0,3,5" ten="242,360,218,170" oya="3" hai0="0,56,71,62,40,135,30,53,103,38,93,61,83" hai1="130,3,25,124,24,86,88,82,32,92,125,133,26" hai2="105,122,95,129,121,126,33,75,46,45,78,18,80" hai3="4,8,19,9,49,84,16,97,39,67,43,100,76"/><W17/><G39/><T107/><D107/><U34/><E3/><V2/><F33/><W90/><G67/><T41/><D135/><U28/><E133/><V48/><F2/><W55/><G43/><T117/><D0/><U12/><E12/><V14/><F105/><W35/><G35/><T114/><D117/><U37/><E37/><V52/><F126/><N who="1" m="48745" /><E28/><V63/><F95/><N who="3" m="58431" /><G4/><T42/><D30/><U1/><E1/><V36/><F129/><W65/><G65/><T127/><D127/><U66/><E66/><V50/><F63/><W20/><G20/><T6/><D6/><U102/><E130/><V10/><REACH who="2" step="1"/><F36/><REACH who="2" ten="242,360,208,170" step="2"/><W85/><G76/><T104/><D104/><U94/><E32/><V110/><F110/><W51/><G49/><T13/><D38/><U134/><E34/><V113/><F113/><W91/><G84/><T123/><D62/><U7/><E86/><V69/><F69/><W99/><G99/><N who="0" m="59887" /><D71/><U116/><E116/><V131/><F131/><W64/><G64/><T44/><D114/><U15/><E134/><V27/><F27/><W47/><G85/><T70/><D70/><U118/><E25/><V60/><F60/><W74/><G74/><T68/><D68/><U72/><E26/><V73/><F73/><W108/><G108/><T79/><D61/><U77/><E24/><V119/><F119/><W111/><G111/><T115/><D115/><U89/><E118/><V22/><F22/><W31/><G31/><T21/><D21/><U109/><E109/><V112/><F112/><W59/><G47/><T23/><D44/><U106/><E72/><RYUUKYOKU ba="1,2" sc="242,-15,360,-15,208,15,170,15" hai2="10,14,18,45,46,48,50,52,75,78,80,121,122" hai3="8,9,16,17,19,51,55,59,90,91" /><INIT seed="3,2,2,1,5,56" ten="227,345,223,185" oya="3" hai0="119,77,5,107,18,66,92,13,16,135,112,87,83" hai1="131,31,40,80,62,101,91,97,44,52,8,65,109" hai2="75,23,17,105,90,133,55,11,48,32,82,129,30" hai3="89,14,113,1,94,86,96,22,122,43,41,58,67"/><W130/><G122/><T20/><D107/><U115/><E109/><V19/><F105/><W108/><G1/><T132/><D119/><U63/><E131/><V116/><F116/><W42/><G130/><T124/><D5/><U114/><E31/><V36/><F36/><W72/><G72/><T81/><D112/><U68/><E8/><V70/><F70/><W4/><G113/><T88/><D124/><U120/><E120/><V60/><F129/><W7/><G108/><T3/><D3/><U98/><E80/><V26/><F133/><N who="0" m="51274" /><D77/><U9/><E9/><V104/><F104/><W100/><G22/><N who="0" m="11535" /><D66/><U25/><E98/><V50/><F75/><W47/><G47/><T78/><D78/><U12/><E101/><V85/><F32/><W102/><G14/><AGARI ba="2,2" hai="14,18,20,81,83,87,88,92" m="11535,51274" machi="14" ten="30,3900,0" yaku="20,1,54,2" doraHai="56" who="0" fromWho="3" sc="227,65,345,0,223,0,185,-45" /><INIT seed="4,0,0,0,1,132" ten="292,345,223,140" oya="0" hai0="50,2,85,122,33,87,16,28,64,99,101,111,102" hai1="93,71,47,26,45,72,91,6,88,42,131,13,35" hai2="74,51,19,89,3,34,84,66,76,77,30,11,37" hai3="125,113,25,62,100,61,118,0,109,38,104,40,103"/><T120/><D2/><U117/><E71/><V36/><F66/><W81/><G109/><T112/><D111/><U20/><E72/><V110/><F110/><W12/><G0/><T127/><D127/><U59/><E131/><V18/><F34/><W94/><G118/><T4/><D4/><U57/><E35/><V60/><F60/><W114/><G104/><T70/><D112/><N who="3" m="43113" /><G81/><T115/><D115/><U95/><E117/><V107/><F107/><W24/><G12/><T133/><D133/><U5/><E13/><V7/><F30/><W98/><G38/><T134/><D134/><U92/><E26/><N who="3" m="10346" /><G40/><T32/><D50/><U17/><E20/><V82/><F51/><W97/><G94/><T68/><D99/><N who="3" m="37897" /><G125/><T78/><D78/><U86/><E17/><V54/><F77/><W63/><AGARI ba="0,0" hai="61,62,63,100,103" m="37897,10346,43113" machi="63" ten="40,8000,1" yaku="28,2,26,2,15,1" doraHai="132" who="3" fromWho="3" sc="292,-40,345,-20,223,-20,140,80" /><INIT seed="5,0,0,0,0,24" ten="252,325,203,220" oya="1" hai0="113,9,79,28,97,40,39,27,117,127,10,15,110" hai1="59,33,69,4,108,65,21,85,38,82,58,99,91" hai2="60,23,14,22,17,92,119,123,120,44,90,134,48" hai3="88,75,8,124,0,12,64,98,1,26,49,32,89"/><U122/><E33/><V11/><F119/><W111/><G75/><T50/><D110/><U78/><E38/><V102/><F134/><W18/><G111/><T130/><D117/><U66/><E108/><V104/><F104/><W83/><G124/><T71/><D71/><U54/><E122/><V67/><F102/><W46/><G64/><T126/><D39/><U16/><E69/><V128/><F128/><W72/><G72/><T5/><D130/><U6/><E59/><V68/><F23/><W30/><G89/><T42/><D113/><U87/><E65/><V41/><REACH who="2" step="1"/><F22/><REACH who="2" ten="252,325,193,220" step="2"/><W112/><G112/><T77/><D127/><U109/><E109/><V105/><F105/><W115/><G115/><T51/><D126/><U74/><E66/><V114/><F114/><W86/><REACH who="3" step="1"/><G98/><AGARI ba="0,1" hai="11,14,17,41,44,48,60,67,68,90,92,98,120,123" machi="98" ten="30,2000,0" yaku="1,1,7,1,53,0" doraHai="24" doraHaiUra="35" who="2" fromWho="3" sc="252,0,325,0,193,30,220,-20" /><INIT seed="6,0,0,4,3,40" ten="252,325,223,200" oya="2" hai0="35,37,91,110,118,102,108,56,13,1,32,86,54" hai1="5,84,62,112,39,107,64,132,27,79,119,113,90" hai2="71,20,6,114,105,57,19,52,126,74,38,3,18" hai3="82,55,122,48,94,10,98,65,29,67,80,41,120"/><V121/><F121/><W83/><G41/><T68/><D68/><U72/><E39/><V92/><F105/><W73/><G73/><T117/><D1/><U77/><E107/><V16/><F74/><W89/><G29/><T26/><D37/><U60/><E119/><N who="0" m="45577" /><D102/><U135/><E5/><V66/><F38/><W24/><G24/><T81/><D13/><U51/><E72/><V97/><F114/><N who="1" m="44137" /><E27/><V124/><F71/><W106/><G106/><T115/><D115/><U53/><E62/><N who="2" m="36135" /><F66/><W14/><G122/><T11/><D11/><U7/><E7/><V2/><F6/><W130/><G130/><T85/><D85/><U58/><E132/><V99/><F20/><W95/><G95/><T70/><D70/><U42/><E42/><V131/><F131/><W125/><G125/><N who="2" m="48233" /><F99/><W50/><G50/><N who="0" m="30807" /><D26/><U31/><E135/><V43/><F43/><W46/><REACH who="3" step="1"/><G120/><REACH who="3" ten="252,325,223,190" step="2"/><T109/><AGARI ba="0,1" hai="32,35,81,86,91,108,109,110" m="30807,45577" machi="109" ten="40,1500,0" yaku="12,1" doraHai="40" who="0" fromWho="0" sc="252,25,325,-4,223,-7,190,-4" /><INIT seed="7,0,0,1,2,116" ten="277,321,216,186" oya="3" hai0="49,45,88,93,68,76,50,33,57,127,96,124,54" hai1="72,29,84,66,35,43,126,120,64,99,79,91,131" hai2="65,115,98,16,100,60,104,31,89,119,134,11,113" hai3="73,87,19,51,24,10,44,103,122,55,25,114,102"/><W63/><G73/><T14/><D68/><U21/><E120/><V23/><F119/><W77/><G122/><T59/><D33/><U27/><E126/><N who="0" m="48169" /><D76/><U26/><E43/><V61/><F134/><W8/><G114/><T80/><D80/><U109/><E109/><V17/><F89/><W107/><G107/><T12/><D57/><U108/><E108/><V3/><F31/><W38/><G38/><T2/><D2/><U130/><E79/><V112/><F65/><W67/><G87/><T47/><D47/><U71/><E99/><V121/><F121/><W78/><G77/><T69/><D69/><U135/><E135/><V52/><F52/><AGARI ba="0,0" hai="12,14,45,49,50,52,54,59,88,93,96" m="48169" machi="52" ten="30,3900,0" yaku="18,1,54,2" doraHai="116" who="0" fromWho="2" sc="277,39,321,0,216,-39,186,0" owari="316,12.0,321,41.0,177,-32.0,186,-21.0" /></mjloggm>