<mjloggm ver="2.3"><GO type="97" lobby="0"/><UN n0="%E9%BA%BB%E9%9B%80%E7%89%87%E6%83%B3%E3%81%84" n1="%28%40%76%40%29" n2="%6B%79%6F%75%6B%6F%75" n3="%E5%B0%B1%E6%B4%BB%E7%94%9F%40%E5%B7%9D%E6%9D%91%E8%BB%8D%E5%9B%A3" dan="15,14,14,16" rate="2049.04,1963.12,1907.39,2090.71" sx="M,F,M,M"/><TAIKYOKU oya="0"/><INIT seed="0,0,0,5,4,101" ten="250,250,250,250" oya="0" hai0="52,57,116,93,11,133,112,46,125,40,47,49,69" hai1="67,90,53,83,58,24,84,10,132,14,22,113,26" hai2="85,77,50,86,92,97,6,87,103,20,4,81,42" hai3="75,1,31,128,107,29,135,16,100,28,115,95,44"/><T80/><D116/><U82/><E132/><V23/><F42/><W131/><G1/><T78/><D69/><U130/><E130/><N who="3" m="49706" /><G115/><T98/><D125/><U126/><E126/><V39/><F39/><W121/><G121/><T36/><D133/><U60/><E113/><V123/><F123/><W56/><G75/><T117/><D112/><U134/><E134/><V43/><F4/><W124/><G124/><T61/><D11/><U51/><E82/><V122/><F122/><W96/><G135/><T129/><D129/><U13/><E22/><V127/><F127/><W59/><G44/><T119/><D47/><U7/><REACH who="1" step="1"/><E14/><REACH who="1" ten="250,240,250,250" step="2"/><V88/><F20/><W66/><G66/><T62/><D119/><U118/><E118/><V111/><F23/><W91/><G16/><T33/><D33/><U102/><E102/><V17/><F17/><W114/><G114/><T104/><D117/><U64/><E64/><V15/><F6/><W25/><G25/><T30/><D30/><U35/><E35/><V120/><F15/><W74/><G74/><T94/><D80/><U32/><E32/><V12/><F12/><W110/><G110/><T3/><D3/><U70/><AGARI ba="0,1" hai="7,10,13,24,26,51,53,58,60,67,70,83,84,90" machi="70" ten="20,2700,0" yaku="1,1,0,1,7,1,53,0" doraHai="101" doraHaiUra="37" who="1" fromWho="1" sc="250,-13,240,37,250,-7,250,-7" /><INIT seed="1,0,0,5,3,89" ten="237,277,243,243" oya="1" hai0="60,133,37,135,22,101,27,123,47,98,46,40,79" hai1="127,11,92,66,131,65,33,118,71,14,104,29,13" hai2="78,58,31,119,34,73,124,67,9,3,122,97,26" hai3="45,10,39,102,82,107,95,19,110,18,43,69,4"/><U96/><E118/><V90/><F122/><W36/><G36/><T61/><D47/><U70/><E131/><V35/><F35/><W86/><G69/><T132/><D79/><U100/><E127/><V81/><F124/><W105/><G110/><T25/><D123/><U74/><E74/><V57/><F119/><W120/><G120/><T1/><D1/><U38/><E38/><V24/><F24/><N who="0" m="9290" /><D22/><U77/><E77/><V44/><F44/><W111/><G111/><T8/><D8/><U112/><E112/><V88/><F9/><W52/><G52/><T20/><D20/><U48/><E29/><V2/><F90/><W16/><G102/><T85/><D85/><U17/><E33/><V0/><REACH who="2" step="1"/><F67/><REACH who="2" ten="237,277,233,243" step="2"/><W49/><G39/><T12/><D12/><U28/><E66/><V23/><F23/><W54/><G43/><T50/><D37/><U103/><E65/><V76/><F76/><W51/><G10/><T59/><D59/><U126/><E126/><V72/><F72/><W115/><G115/><T83/><D83/><U42/><E14/><V91/><F91/><W68/><G4/><T114/><D114/><U80/><E80/><V75/><F75/><W113/><G113/><T129/><D129/><U121/><E121/><V99/><F99/><W64/><G45/><T87/><D87/><U32/><E32/><V116/><F116/><W134/><G86/><T117/><D117/><U94/><E96/><V30/><F30/><W109/><G64/><T56/><D56/><U6/><E11/><V7/><F7/><W130/><G130/><T93/><AGARI ba="0,1" hai="40,46,50,60,61,93,98,101,132,133,135" m="9290" machi="93" ten="40,5200,0" yaku="5,1,20,1,52,1" doraHai="89" who="0" fromWho="0" sc="237,62,277,-26,233,-13,243,-13" /><INIT seed="2,0,0,1,1,95" ten="299,251,220,230" oya="2" hai0="3,38,102,80,131,126,77,16,94,78,57,63,68" hai1="113,119,128,133,0,51,44,90,75,96,61,48,42" hai2="130,69,114,101,39,86,84,105,120,49,65,125,50" hai3="30,15,72,89,23,62,116,6,64,13,58,10,4"/><V106/><F120/><W24/><G116/><T123/><D38/><U29/><E119/><V118/><F118/><W26/><G72/><T132/><D3/><U107/><E113/><V134/><F39/><W11/><G26/><T25/><D123/><U104/><E75/><V55/><F114/><W52/><REACH who="3" step="1"/><G89/><REACH who="3" ten="299,251,220,220" step="2"/><T74/><D74/><U88/><E88/><V117/><F117/><W43/><G43/><T129/><D25/><U45/><E90/><V21/><F130/><W109/><G109/><T97/><D129/><U5/><E42/><V122/><F134/><W98/><G98/><T91/><D131/><U92/><E96/><V135/><F135/><W14/><G14/><T59/><D132/><U111/><E111/><V112/><F112/><W108/><G108/><T37/><D91/><U22/><E133/><V81/><F122/><W124/><G124/><T17/><D126/><U2/><E128/><V41/><F125/><W34/><G34/><T9/><D97/><U70/><E0/><V82/><F41/><W40/><G40/><T66/><D77/><U110/><E2/><V53/><F86/><W76/><G76/><T56/><D78/><U8/><E110/><V7/><F84/><W99/><G99/><T31/><D102/><U67/><E104/><V103/><F103/><W85/><G85/><T35/><D94/><U20/><E92/><V127/><F101/><W83/><G83/><T19/><D80/><U28/><E107/><V47/><F127/><W18/><G18/><T36/><D19/><U100/><E100/><V12/><F12/><W121/><G121/><RYUUKYOKU ba="0,1" sc="299,-10,251,-10,220,-10,220,30" hai3="4,6,10,11,13,15,23,24,30,52,58,62,64" /><INIT seed="3,1,1,2,5,122" ten="289,241,210,250" oya="3" hai0="19,29,123,55,76,16,86,43,7,32,46,114,45" hai1="37,57,70,91,84,50,9,11,44,79,120,41,68" hai2="87,52,90,113,131,121,23,129,74,27,39,69,30" hai3="42,0,92,107,35,97,128,77,109,101,5,3,59"/><W4/><G35/><T75/><D114/><U94/><E120/><V124/><F113/><W73/><G42/><T104/><D104/><U58/><E79/><V40/><F69/><W102/><G128/><N who="2" m="49225" /><F74/><W1/><G109/><T93/><D75/><U54/><E57/><V80/><F124/><W34/><G34/><T133/><D133/><U126/><E126/><V103/><F103/><W78/><G73/><T134/><D7/><U95/><E95/><V106/><F106/><W112/><G112/><T22/><D32/><U20/><E70/><V28/><F28/><W48/><G101/><T132/><D29/><U81/><E81/><V14/><F14/><W65/><G107/><T10/><D10/><U24/><REACH who="1" step="1"/><E68/><REACH who="1" ten="289,231,210,250" step="2"/><V12/><F12/><W26/><G78/><T127/><D123/><U119/><E119/><V6/><F121/><W135/><G77/><T62/><D127/><U116/><E116/><V96/><F96/><W108/><G97/><T130/><D76/><U2/><E2/><V49/><F40/><W36/><G92/><T51/><D130/><U66/><E66/><V31/><F39/><W67/><G36/><T105/><D105/><U8/><E8/><V33/><F33/><W63/><G67/><T53/><D132/><U100/><E100/><V13/><F13/><W61/><G135/><T71/><D71/><U72/><E72/><V125/><F125/><W99/><G102/><T85/><D134/><U98/><E98/><V110/><F6/><N who="3" m="2667" /><G99/><T15/><D93/><U38/><E38/><V88/><F90/><W89/><G1/><T18/><D86/><RYUUKYOKU ba="1,2" sc="289,-10,231,30,210,-10,250,-10" hai1="9,11,20,24,37,41,44,50,54,58,84,91,94" /><INIT seed="4,2,2,2,0,45" ten="279,261,200,240" oya="0" hai0="131,130,49,70,65,61,73,103,87,77,12,88,76" hai1="38,59,135,69,114,17,56,101,89,80,58,43,64" hai2="71,85,100,126,33,108,68,94,40,52,37,111,41" hai3="5,102,123,2,125,26,57,54,95,27,66,19,42"/><T96/><D73/><U28/><E135/><V116/><F33/><W23/><G125/><T53/><D12/><U122/><E122/><V118/><F126/><W86/><G123/><T50/><D76/><U35/><E17/><V84/><F37/><W83/><G42/><N who="2" m="16489" /><F100/><W3/><G5/><T74/><D53/><U55/><E101/><V7/><F7/><W63/><G27/><T25/><D25/><U72/><E89/><V110/><F94/><W44/><G95/><N who="0" m="54687" /><D77/><U124/><E80/><V20/><F20/><W132/><G102/><T24/><D24/><U117/><E72/><V15/><F15/><W22/><G132/><T79/><D79/><U47/><E28/><V127/><F127/><W36/><G23/><T92/><D74/><U1/><E35/><V78/><F52/><W21/><G21/><T134/><D134/><U9/><E124/><V91/><F91/><N who="3" m="51679" /><G36/><T113/><D113/><U115/><E117/><N who="2" m="45163" /><F85/><W93/><G2/><T16/><D16/><U75/><E75/><V99/><F99/><W128/><G3/><T104/><D104/><U13/><E13/><V0/><F0/><W29/><G19/><T81/><D81/><AGARI ba="2,2" hai="68,71,78,81,84,108,110,111" m="45163,16489" machi="81" ten="40,1300,0" yaku="12,1" doraHai="45" who="2" fromWho="0" sc="279,-19,261,0,200,39,240,0" /><INIT seed="5,0,0,4,5,125" ten="260,261,239,240" oya="1" hai0="131,57,68,48,117,133,90,4,30,75,134,50,93" hai1="128,17,87,37,92,100,107,67,8,80,73,1,32" hai2="51,65,42,35,44,14,79,41,61,21,53,78,103" hai3="16,11,58,66,33,52,29,7,124,59,5,98,71"/><U123/><E128/><V69/><F35/><W89/><G124/><T54/><D131/><U111/><E37/><V38/><F103/><W115/><G71/><T105/><D105/><U109/><E123/><V10/><F21/><W19/><G33/><T84/><D68/><U20/><E32/><V15/><F42/><W88/><G29/><T83/><D117/><U49/><E67/><V31/><F31/><W119/><G119/><T118/><D118/><U72/><E49/><V56/><F14/><N who="3" m="7263" /><G115/><T130/><D130/><U12/><E107/><V113/><REACH who="2" step="1"/><F113/><REACH who="2" ten="260,261,229,240" step="2"/><W40/><G40/><T95/><D30/><U24/><E1/><V104/><F104/><W47/><G19/><AGARI ba="0,1" hai="10,15,19,38,41,44,51,53,56,61,65,69,78,79" machi="19" ten="30,8000,1" yaku="1,1,7,1,24,2,53,1" doraHai="125" doraHaiUra="9" who="2" fromWho="3" sc="260,0,261,0,229,90,240,-80" owari="260,-14.0,261,6.0,319,42.0,160,-34.0" /></mjloggm>