<mjloggm ver="2.3"><GO type="169" lobby="0"/><UN n0="%E7%88%86%E7%89%8C%E3%82%A6%E3%82%B7%E3%82%B8%E3%83%9E%E3%81%8F%E3%82%93" n1="%E3%82%A6%E3%83%AB%E3%83%88%E3%83%A9%E7%AB%8B%E7%9B%B4" n2="%E9%A2%A8%E6%B4%A5%E9%81%93" n3="%E3%83%88%E3%82%B5%E3%81%91%E3%82%93" dan="17,17,16,18" rate="2128.84,2151.98,2079.71,2219.29" sx="M,M,M,M"/><TAIKYOKU oya="0"/><INIT seed="0,0,0,4,0,82" ten="250,250,250,250" oya="0" hai0="102,68,105,46,3,116,64,122,15,108,112,127,84" hai1="126,92,134,11,114,14,121,56,118,95,101,71,49" hai2="124,50,33,29,97,8,117,35,129,111,66,125,48" hai3="79,7,128,47,23,70,86,44,32,93,69,89,135"/><T98/><D3/><U52/><E121/><V57/><F111/><W9/><G32/><T120/><D112/><U75/><E118/><V60/><F129/><W1/><G128/><T62/><D116/><U67/><E126/><N who="2" m="48747" /><F117/><W73/><G135/><T37/><D127/><U133/><E75/><V72/><F72/><W109/><G109/><T39/><D108/><U55/><E114/><V131/><F131/><W36/><G23/><T81/><D15/><U107/><E107/><V10/><F97/><W20/><G20/><T132/><D132/><N who="1" m="50795" /><E101/><V53/><F48/><W58/><G58/><T100/><D100/><U42/><E42/><V59/><F29/><W6/><G6/><T65/><D65/><U91/><E71/><V76/><F76/><W119/><G119/><T19/><D19/><U16/><E67/><V63/><F63/><W24/><G24/><T12/><D12/><U83/><E55/><V31/><F31/><W51/><G36/><T13/><D13/><U45/><E56/><V78/><F78/><W0/><G0/><T34/><D34/><AGARI ba="0,0" hai="8,10,33,34,35,50,53,57,59,60,66" m="48747" machi="34" ten="30,1000,0" yaku="18,1" doraHai="82" who="2" fromWho="0" sc="250,-10,250,0,250,10,250,0" /><INIT seed="1,0,0,0,2,5" ten="240,250,260,250" oya="1" hai0="72,82,10,67,22,55,46,107,95,15,1,97,65" hai1="124,92,129,130,135,66,96,56,7,41,112,74,106" hai2="62,99,49,90,54,29,101,17,113,132,108,47,100" hai3="88,120,4,14,118,78,36,122,68,60,75,30,63"/><U117/><E117/><V73/><F73/><W70/><G118/><T77/><D107/><U94/><E112/><V105/><F108/><W39/><G30/><T93/><D93/><U133/><E74/><V76/><F76/><W48/><G75/><T33/><D33/><U123/><E123/><N who="3" m="47146" /><G4/><T114/><D114/><U128/><E41/><V35/><F132/><N who="1" m="50761" /><E106/><V19/><F100/><W104/><G14/><T6/><D1/><U44/><E44/><V84/><F62/><N who="3" m="23595" /><G88/><T11/><D22/><U45/><E66/><V83/><F113/><W98/><G98/><T12/><D55/><U85/><E45/><V87/><F84/><W64/><G78/><T37/><D46/><U2/><E56/><V89/><F90/><W50/><G104/><T8/><D37/><N who="3" m="14409" /><G64/><T80/><D80/><U125/><E85/><V26/><AGARI ba="0,0" hai="17,19,26,29,35,47,49,54,83,87,89,99,101,105" machi="26" ten="30,1100,0" yaku="0,1" doraHai="5" who="2" fromWho="2" sc="240,-3,250,-5,260,11,250,-3" /><INIT seed="2,0,0,4,1,111" ten="237,245,271,247" oya="2" hai0="21,98,1,2,20,56,121,125,6,15,23,80,26" hai1="24,39,55,109,17,85,69,3,25,110,14,49,47" hai2="36,45,57,112,81,129,8,30,18,52,64,87,105" hai3="34,4,22,9,88,58,51,132,71,82,73,113,134"/><V128/><F112/><W102/><G34/><T62/><D121/><U130/><E3/><V35/><F105/><W122/><G122/><T44/><D125/><U31/><E130/><N who="2" m="50283" /><F64/><W11/><G71/><T54/><D2/><U117/><E117/><V63/><F35/><W123/><G123/><T28/><D1/><U91/><E39/><V89/><F30/><W83/><G102/><T48/><D80/><U61/><E61/><V46/><F36/><W118/><G118/><T97/><D6/><U33/><E25/><V106/><F106/><W59/><G22/><N who="0" m="8811" /><D15/><AGARI ba="0,0" hai="8,15,18,45,46,52,57,63,81,87,89" m="50283" machi="15" ten="30,2900,0" yaku="19,1,54,1" doraHai="111" who="2" fromWho="0" sc="237,-29,245,0,271,29,247,0" /><INIT seed="2,1,0,2,3,4" ten="208,245,300,247" oya="2" hai0="122,33,91,100,81,85,8,92,52,48,55,14,11" hai1="120,82,72,20,65,119,131,95,109,111,54,22,108" hai2="28,56,69,68,84,6,1,123,132,107,127,53,45" hai3="104,103,121,70,87,71,58,44,67,13,63,39,130"/><V77/><F123/><W93/><G121/><T78/><D122/><U75/><E119/><V83/><F107/><W117/><G117/><T116/><D116/><U46/><E131/><V79/><F127/><W112/><G112/><T15/><D33/><U57/><E120/><V21/><F132/><W32/><G130/><T80/><D100/><U26/><E95/><V106/><F106/><W38/><G32/><T18/><D48/><N who="1" m="28951" /><E82/><N who="0" m="31849" /><D78/><U29/><E22/><V88/><F77/><W27/><G27/><T59/><D59/><U73/><E65/><V50/><F79/><W89/><G13/><T90/><D90/><U41/><E41/><V30/><F45/><W76/><G76/><T2/><D2/><U96/><E57/><V128/><F128/><W74/><G74/><T105/><D105/><U60/><E60/><V16/><F68/><W118/><G118/><T40/><D40/><U51/><E51/><V47/><F69/><N who="3" m="26123" /><G44/><T49/><D49/><U62/><E62/><V36/><F36/><W129/><G129/><T94/><D94/><U37/><E37/><V0/><F47/><W113/><G113/><T101/><D101/><U5/><E73/><V42/><F42/><W24/><G24/><T110/><D110/><U133/><E72/><V102/><F102/><W3/><G3/><T114/><D114/><U9/><E75/><V61/><F61/><W97/><G38/><T124/><D124/><U135/><E96/><V115/><F115/><W19/><G39/><T99/><D99/><U7/><E111/><V10/><F0/><W43/><G43/><T31/><D31/><RYUUKYOKU ba="1,0" sc="208,10,245,-30,300,10,247,10" hai0="8,11,14,15,18,52,55,85,91,92" hai2="1,6,10,16,21,28,30,50,53,56,83,84,88" hai3="19,58,63,67,87,89,93,97,103,104" /><INIT seed="2,2,0,1,5,23" ten="218,215,310,257" oya="2" hai0="71,84,123,62,49,65,134,122,100,33,43,57,38" hai1="63,46,40,45,47,129,112,28,8,102,81,54,99" hai2="125,60,37,19,105,51,69,34,59,126,9,50,2" hai3="21,16,124,5,133,30,61,116,127,10,110,108,97"/><V135/><F37/><W113/><G116/><T107/><D33/><U98/><E112/><V121/><F121/><N who="0" m="46090" /><D84/><U64/><E129/><V0/><F105/><W26/><G113/><T29/><D100/><U6/><E81/><V114/><F114/><W87/><G133/><T52/><D29/><U3/><E28/><V115/><F115/><W36/><G36/><T18/><D18/><U13/><E3/><V1/><F34/><N who="3" m="20823" /><G87/><T90/><D90/><U67/><E40/><V76/><F135/><W72/><G61/><T118/><D107/><U22/><E22/><V101/><F69/><W35/><G35/><T20/><D20/><U25/><E25/><V119/><F119/><W92/><G92/><T94/><D94/><N who="1" m="58711" /><E99/><V128/><F128/><W132/><G97/><T91/><D91/><U4/><E4/><V14/><F101/><W120/><G72/><T17/><D17/><U15/><E15/><V66/><F76/><W89/><G89/><T11/><D11/><U32/><E32/><V88/><F88/><W53/><G132/><T58/><D134/><U111/><E111/><N who="3" m="42538" /><G120/><T75/><D75/><U24/><E24/><V117/><F117/><W95/><G95/><T39/><D118/><U83/><E83/><V41/><F41/><W130/><G130/><T96/><D96/><U42/><E42/><V78/><F78/><W7/><G10/><T44/><D39/><U68/><E68/><AGARI ba="2,0" hai="38,43,44,49,52,57,58,62,65,68,71" m="46090" machi="68" ten="30,3900,0" yaku="34,2,54,1" doraHai="23" who="0" fromWho="1" sc="218,45,215,-45,310,0,257,0" /><INIT seed="3,0,0,1,3,116" ten="263,170,310,257" oya="3" hai0="73,15,113,28,55,81,4,128,65,106,111,130,69" hai1="90,48,16,59,98,124,103,19,12,26,121,123,78" hai2="47,112,1,38,96,21,51,56,30,23,87,108,125" hai3="91,7,20,39,49,97,40,24,14,122,118,46,3"/><W119/><G3/><T11/><D106/><U135/><E124/><V77/><F1/><W9/><G122/><T8/><D28/><U114/><E114/><V18/><F112/><W133/><G133/><T105/><D105/><U63/><E135/><V131/><F38/><W0/><G39/><T82/><D113/><U35/><E78/><V61/><F108/><W75/><G75/><T117/><D117/><U42/><E35/><V32/><F32/><W34/><G97/><T89/><D111/><U57/><E57/><V102/><F131/><W44/><G91/><T72/><D55/><N who="1" m="34303" /><E103/><V132/><F102/><W6/><G44/><T37/><D37/><U29/><E29/><V95/><F30/><N who="3" m="19783" /><G6/><T93/><D73/><U83/><E83/><V86/><F47/><W80/><G80/><T74/><D74/><U17/><E48/><V50/><F51/><W45/><G45/><T22/><D72/><U99/><E99/><V84/><F50/><W126/><G126/><T43/><D82/><U76/><E76/><V70/><F77/><W36/><G36/><T127/><D81/><U53/><E53/><V101/><F125/><W88/><G88/><T25/><D127/><U66/><E66/><N who="2" m="39207" /><F132/><W104/><G104/><T31/><D65/><U109/><E109/><V71/><F70/><W120/><G120/><N who="1" m="46154" /><E42/><V100/><F101/><W110/><G110/><T2/><D43/><U129/><E12/><N who="2" m="9415" /><F71/><W41/><G41/><T33/><D69/><U92/><E129/><V68/><F68/><W5/><G5/><N who="0" m="3567" /><D33/><U54/><E54/><V52/><F52/><W115/><G115/><RYUUKYOKU ba="0,0" sc="263,0,170,0,310,0,257,0" hai0="2,4,8,22,25,31,89,93,128,130" hai1="16,17,19,26,90,92,98" hai2="23,84,86,87,95,96,100" hai3="0,7,9,14,20,40,46,49,118,119" /><INIT seed="3,1,0,3,2,123" ten="263,170,310,257" oya="3" hai0="109,131,15,132,95,106,113,91,56,79,98,60,47" hai1="5,2,34,87,54,69,68,13,36,83,77,20,14" hai2="44,93,116,19,4,117,16,120,48,72,108,63,128" hai3="9,58,1,89,7,42,97,112,38,115,62,55,111"/><W12/><G1/><T114/><D131/><U85/><E34/><V30/><F72/><W71/><G71/><T126/><D126/><U66/><E36/><V49/><F128/><W27/><G27/><T40/><D132/><U78/><E2/><V65/><F120/><W67/><G67/><T122/><D122/><U94/><E66/><V92/><F65/><W124/><G124/><T125/><D125/><U84/><E84/><V53/><F53/><W70/><G70/><T82/><D106/><U105/><E105/><V100/><F63/><W133/><G133/><T33/><D33/><U51/><E5/><V23/><F23/><W119/><G119/><T46/><D15/><U90/><E77/><V86/><F86/><W41/><G111/><T10/><D10/><U118/><E118/><V24/><F44/><W3/><G3/><T45/><D40/><U135/><E135/><V22/><F22/><W17/><G7/><T28/><D28/><U76/><E76/><V73/><F73/><W0/><G0/><T39/><D39/><U96/><E14/><V134/><F4/><W81/><G81/><T101/><D79/><U37/><E37/><V35/><F134/><W8/><G8/><T32/><D32/><U130/><E130/><V57/><F35/><W80/><G80/><T110/><D82/><U18/><REACH who="1" step="1"/><E96/><REACH who="1" ten="263,160,310,257" step="2"/><N who="2" m="59399" /><F116/><W103/><G38/><T127/><D127/><U88/><E88/><V21/><F117/><W99/><G89/><T50/><D91/><U52/><E52/><V25/><F24/><W31/><G97/><T61/><D98/><U75/><E75/><RYUUKYOKU ba="1,1" sc="263,-10,160,30,310,-10,257,-10" hai1="13,18,20,51,54,68,69,78,83,85,87,90,94" /><INIT seed="4,2,1,2,0,0" ten="253,190,300,247" oya="0" hai0="102,135,111,119,42,117,44,40,66,64,96,80,94" hai1="54,51,39,114,107,93,21,14,52,79,58,47,116" hai2="12,63,123,85,24,122,55,112,67,90,3,95,62" hai3="45,76,61,57,10,43,8,60,78,71,18,134,33"/><T30/><D135/><U125/><E116/><V27/><F3/><W97/><G134/><T13/><D111/><U105/><E125/><V70/><F112/><W84/><G33/><T86/><D30/><U109/><E109/><V23/><F12/><W113/><G113/><T4/><D117/><U121/><E121/><V16/><F24/><W98/><G71/><T106/><D119/><U120/><E120/><V65/><REACH who="2" step="1"/><F55/><REACH who="2" ten="253,190,290,247" step="2"/><W110/><G110/><T9/><D106/><U81/><E114/><V132/><F132/><W5/><G8/><T56/><D56/><AGARI ba="2,2" hai="16,23,27,56,62,63,65,67,70,85,90,95,122,123" machi="56" ten="30,3900,0" yaku="1,1,7,1,54,1,53,0" doraHai="0" doraHaiUra="92" who="2" fromWho="0" sc="253,-45,190,0,290,65,247,0" /><INIT seed="5,0,0,2,4,117" ten="208,190,355,247" oya="1" hai0="116,1,108,6,8,69,39,121,65,23,17,19,49" hai1="12,32,2,13,29,58,47,101,68,120,114,62,35" hai2="107,18,125,90,27,43,56,105,57,89,96,44,38" hai3="113,10,64,106,98,9,72,78,51,81,11,115,111"/><U118/><E118/><V131/><F125/><W76/><G111/><T102/><D39/><U28/><E68/><V74/><F74/><W34/><G34/><N who="1" m="12842" /><E101/><V122/><F122/><W63/><G78/><T67/><D116/><U25/><E47/><V45/><F131/><W22/><G22/><T83/><D121/><U52/><E120/><V126/><F126/><W87/><G51/><T61/><D108/><U54/><E2/><V100/><F105/><W55/><G55/><N who="1" m="21034" /><E25/><V59/><F44/><W109/><G109/><T42/><D102/><U110/><E110/><V66/><F66/><W5/><G98/><T132/><D67/><U14/><E114/><N who="3" m="43530" /><G106/><T93/><D65/><U127/><E127/><V123/><F123/><W36/><G36/><T129/><D69/><U30/><E58/><V0/><F0/><N who="3" m="167" /><G72/><T86/><D1/><U37/><E37/><V112/><F112/><W7/><G7/><T124/><D6/><U133/><E133/><V53/><F53/><W41/><G41/><T130/><D42/><U99/><E99/><V46/><F45/><W94/><G94/><T70/><D124/><U128/><E128/><V92/><F92/><W80/><G80/><T31/><D93/><U3/><E3/><V33/><F33/><W85/><G85/><T84/><D84/><U103/><E103/><V16/><F27/><W134/><G64/><T79/><D129/><U24/><E24/><V71/><F71/><W15/><G87/><T73/><D130/><U60/><AGARI ba="0,0" hai="12,13,14,28,29,30,60,62" m="21034,12842" machi="60" ten="40,7800,0" yaku="28,2,54,1" doraHai="117" who="1" fromWho="1" sc="208,-26,190,78,355,-26,247,-26" /><INIT seed="5,1,0,3,2,82" ten="182,268,329,221" oya="1" hai0="51,116,31,74,78,66,83,76,63,85,72,68,27" hai1="7,3,28,34,39,54,128,125,11,60,15,127,107" hai2="120,117,94,1,93,44,64,50,87,20,69,22,129" hai3="21,13,108,71,126,135,52,30,106,113,97,102,24"/><U14/><E107/><V61/><F117/><W53/><G108/><T62/><D116/><U119/><E39/><V48/><F120/><W122/><G122/><T67/><D78/><U2/><E119/><V36/><F1/><N who="1" m="9" /><E54/><V95/><F129/><W124/><G113/><T58/><REACH who="0" step="1"/><D51/><REACH who="0" ten="172,268,329,221" step="2"/><U16/><E128/><V18/><F36/><W26/><G135/><T9/><D9/><N who="1" m="6255" /><E60/><V40/><F48/><W32/><G71/><T110/><D110/><U123/><E123/><V33/><F61/><W100/><G100/><T77/><D77/><U80/><E80/><V0/><F69/><W59/><G102/><T89/><D89/><U6/><E6/><V91/><F50/><W46/><G106/><T92/><D92/><U12/><E12/><V8/><F94/><W96/><G13/><T41/><D41/><U109/><E109/><V17/><F40/><W130/><G130/><T105/><D105/><U70/><E70/><V115/><F93/><W118/><G118/><T38/><D38/><U73/><E73/><V47/><F95/><W35/><G53/><T42/><D42/><U65/><E65/><V86/><F64/><W98/><G52/><T4/><D4/><U55/><E55/><V43/><F43/><W111/><G111/><T10/><D10/><U29/><E14/><V56/><F91/><W5/><G5/><T112/><D112/><U37/><E11/><V81/><F8/><W121/><G121/><T79/><D79/><U103/><E7/><V104/><F115/><W57/><G97/><T23/><AGARI ba="1,1" hai="23,27,31,58,62,63,66,67,68,72,74,76,83,85" machi="23" ten="20,5200,0" yaku="1,1,0,1,7,1,52,1,53,0" doraHai="82" doraHaiUra="90" who="0" fromWho="0" sc="172,65,268,-27,329,-14,221,-14" /><INIT seed="6,0,0,5,0,119" ten="237,241,315,207" oya="2" hai0="105,106,67,33,59,79,38,17,40,15,101,60,122" hai1="34,47,26,73,121,128,30,43,125,0,32,87,100" hai2="44,84,72,20,56,109,102,96,110,97,132,113,12" hai3="55,118,19,7,10,80,76,16,89,83,23,131,53"/><V48/><F72/><W64/><G118/><T95/><D33/><U4/><E34/><V3/><F3/><W108/><G108/><N who="2" m="41577" /><F113/><W135/><G135/><T81/><D122/><U28/><E28/><V74/><F74/><W134/><G134/><T13/><D13/><U111/><E87/><V112/><F132/><W49/><G131/><T5/><D5/><U29/><E29/><V25/><F112/><W98/><G64/><T66/><D66/><U35/><E35/><V14/><F56/><W117/><G117/><T27/><D27/><U82/><E100/><V75/><F84/><N who="3" m="48135" /><G53/><T11/><D40/><U88/><E128/><V37/><F37/><W120/><G120/><T114/><D38/><U2/><E43/><N who="2" m="24607" /><F75/><W123/><G123/><T91/><D101/><U45/><E2/><V124/><F124/><W85/><G98/><N who="2" m="37993" /><F102/><W77/><G77/><T133/><D114/><U68/><E0/><V71/><F71/><W21/><G7/><T54/><D133/><U104/><E4/><V22/><F22/><N who="3" m="8203" /><G10/><T42/><D11/><U62/><E125/><V6/><F6/><W92/><G92/><T129/><D129/><U63/><E68/><V41/><F41/><W31/><G31/><AGARI ba="0,0" hai="12,14,20,25,31" m="37993,24607,41577" machi="31" ten="30,1500,0" yaku="10,1" doraHai="119" who="2" fromWho="3" sc="237,0,241,0,315,15,207,-15" /><INIT seed="6,1,0,2,0,128" ten="237,241,330,192" oya="2" hai0="59,50,29,130,115,117,43,66,97,68,120,75,72" hai1="101,96,118,71,23,3,45,86,5,93,61,21,69" hai2="10,33,55,13,85,22,124,32,28,11,121,98,90" hai3="129,14,126,99,104,46,65,24,47,31,122,27,94"/><V135/><F121/><W133/><G122/><T76/><D120/><U63/><E118/><V35/><F124/><W53/><G104/><T106/><D115/><U88/><E5/><V8/><F135/><W80/><G126/><T111/><D117/><U39/><E3/><V41/><F41/><W125/><G125/><T17/><D111/><U4/><E4/><V54/><F98/><W83/><G129/><T37/><D29/><U89/><E89/><V103/><F103/><W15/><G133/><T16/><D130/><U7/><E7/><V102/><F102/><W40/><G65/><T42/><D37/><U44/><E71/><V123/><F123/><W131/><G131/><T116/><D116/><U95/><E69/><V113/><F113/><W109/><G109/><T58/><D68/><U6/><E6/><V105/><F105/><W56/><G14/><T73/><D76/><U0/><E0/><V57/><F57/><W84/><G15/><T108/><D108/><U91/><E101/><V2/><F2/><W48/><G46/><N who="1" m="18026" /><E39/><V67/><F67/><W60/><G84/><T1/><D1/><U49/><E49/><V19/><REACH who="2" step="1"/><F28/><REACH who="2" ten="237,241,320,192" step="2"/><W74/><G74/><T79/><D66/><U100/><E100/><V78/><F78/><W134/><G134/><T25/><D79/><U51/><E96/><V81/><AGARI ba="1,1" hai="8,10,11,13,19,22,32,33,35,54,55,81,85,90" machi="81" ten="40,3900,0" yaku="1,1,0,1,53,0" doraHai="128" doraHaiUra="34" who="2" fromWho="2" sc="237,-14,241,-14,320,52,192,-14" /><INIT seed="6,2,0,3,5,83" ten="223,227,372,178" oya="2" hai0="119,6,118,93,92,125,109,61,72,95,12,66,135" hai1="30,60,36,86,73,116,110,59,126,105,127,87,102" hai2="25,29,55,17,90,13,44,34,121,4,88,39,84" hai3="101,31,24,56,58,89,75,123,113,37,23,91,7"/><V112/><F121/><W82/><G123/><T132/><D109/><U108/><E36/><V69/><F69/><W134/><G37/><T32/><D32/><U104/><E73/><V35/><F34/><W54/><G134/><N who="0" m="51243" /><D72/><U2/><E2/><V19/><F112/><W99/><G7/><T81/><D125/><N who="1" m="47627" /><E30/><V48/><F39/><W64/><G113/><T96/><D96/><N who="1" m="61511" /><E105/><V0/><F90/><W5/><G5/><T129/><D129/><U122/><E122/><V21/><F0/><W50/><G75/><T26/><D81/><U130/><E116/><V128/><F128/><W71/><G71/><N who="0" m="42447" /><D26/><U43/><E43/><V107/><F107/><W79/><G79/><T67/><D67/><N who="1" m="39327" /><E130/><V33/><F35/><W76/><G76/><T85/><D119/><U49/><E49/><V15/><F4/><W63/><REACH who="3" step="1"/><G82/><REACH who="3" ten="223,227,372,168" step="2"/><T57/><D118/><U18/><E110/><V3/><F3/><W62/><G62/><T53/><D6/><U133/><E108/><V47/><F33/><W115/><G115/><T74/><D74/><U38/><E38/><V111/><F111/><W68/><G68/><T80/><D80/><U11/><E133/><V78/><F78/><W1/><G1/><T14/><D14/><AGARI ba="2,1" hai="11,14,18,86,87" m="39327,61511,47627" machi="14" ten="30,3900,0" yaku="18,1,52,2" doraHai="83" who="1" fromWho="0" sc="223,-45,227,55,372,0,168,0" /><INIT seed="7,0,0,0,2,36" ten="178,282,372,168" oya="3" hai0="46,24,54,91,51,118,88,135,82,18,129,62,67" hai1="35,66,122,4,92,99,72,37,81,14,27,15,57" hai2="97,49,52,96,47,30,131,28,85,22,105,108,9" hai3="44,29,38,17,125,65,98,127,55,23,26,13,119"/><W128/><G119/><T76/><D118/><U48/><E37/><V113/><F108/><W86/><G128/><T106/><D106/><U40/><E35/><V84/><F131/><W71/><G98/><T80/><D129/><U130/><E72/><V16/><F113/><W79/><G65/><T32/><D135/><U101/><E122/><V42/><F9/><W116/><G71/><T25/><D32/><U0/><E0/><V95/><F105/><W56/><G116/><T33/><D33/><U6/><E81/><N who="0" m="31337" /><D76/><U83/><E83/><V64/><F64/><W5/><G5/><T69/><D69/><U75/><E75/><V58/><F96/><W78/><G86/><N who="2" m="33385" /><F95/><W53/><G53/><T31/><D31/><U126/><E126/><N who="3" m="48138" /><G44/><T117/><D117/><U19/><E6/><V93/><F97/><W12/><G38/><T1/><D1/><U61/><E4/><V68/><F68/><W114/><G114/><T2/><D2/><U60/><E130/><V39/><F39/><W87/><G87/><T111/><D111/><U59/><E59/><V21/><F93/><W73/><G73/><T133/><D133/><U89/><E99/><V112/><F112/><W109/><G109/><T11/><D67/><U90/><E57/><V43/><F58/><W103/><G103/><T132/><D132/><U74/><E101/><V34/><F34/><N who="3" m="20791" /><G12/><N who="0" m="7455" /><D62/><AGARI ba="0,0" hai="13,17,23,55,56,62,78,79" m="20791,48138" machi="62" ten="30,1500,0" yaku="18,1" doraHai="36" who="3" fromWho="0" sc="178,-15,282,0,372,0,168,15" /><INIT seed="7,1,0,0,4,46" ten="163,282,372,183" oya="3" hai0="61,84,36,74,48,113,8,116,40,29,95,37,28" hai1="57,82,135,11,18,31,50,83,42,49,129,132,117" hai2="9,81,7,62,14,110,33,35,25,111,128,59,15" hai3="69,41,10,75,104,56,32,1,3,96,30,6,123"/><W92/><G123/><T87/><D74/><U16/><E129/><V112/><F112/><W109/><G69/><T64/><D116/><U73/><E117/><V22/><F128/><W120/><G120/><T97/><D113/><U26/><E42/><V94/><F33/><W101/><G75/><T13/><D37/><U47/><E47/><V79/><F94/><W108/><G41/><T126/><D36/><U34/><E57/><V63/><F15/><W51/><G3/><T118/><D118/><U105/><E105/><V115/><F35/><W103/><G30/><N who="0" m="11883" /><D126/><U0/><E83/><V99/><F99/><W66/><G32/><T90/><D64/><U70/><E70/><V44/><F63/><N who="3" m="38247" /><G51/><N who="1" m="19466" /><E11/><V45/><F115/><W86/><G103/><T20/><D61/><U107/><E107/><V68/><F68/><W38/><G38/><T78/><D20/><U93/><E0/><V122/><F122/><W124/><G124/><T98/><D78/><N who="1" m="44367" /><E93/><V67/><F110/><N who="3" m="42603" /><G86/><T65/><D87/><U77/><E77/><V134/><F111/><W91/><G104/><T131/><D131/><U23/><E34/><V127/><F127/><W121/><G121/><T106/><D106/><U43/><E43/><V119/><F119/><W102/><AGARI ba="1,0" hai="1,6,10,91,92,96,101,102" m="42603,38247" machi="102" ten="30,1500,0" yaku="10,1" doraHai="46" who="3" fromWho="3" sc="163,-6,282,-6,372,-6,183,18" /><INIT seed="7,2,0,2,3,2" ten="157,276,366,201" oya="3" hai0="115,134,128,37,69,127,65,31,45,103,26,125,126" hai1="75,4,35,96,12,109,9,84,99,132,79,101,24" hai2="74,135,23,77,33,113,47,25,80,64,106,130,86" hai3="98,122,59,117,40,57,13,16,53,83,121,123,10"/><W49/><G117/><T8/><D128/><U15/><E132/><V43/><F106/><W66/><G40/><T20/><D134/><U68/><E68/><V52/><F135/><W108/><G108/><T56/><D115/><U107/><E75/><V91/><F33/><W36/><G36/><T67/><D69/><U3/><E96/><V82/><F113/><W17/><G83/><T90/><D103/><U50/><E50/><V114/><F114/><W133/><G133/><T120/><D120/><U34/><E15/><V119/><F119/><W29/><G29/><T19/><D90/><U62/><E62/><V87/><F130/><W58/><G98/><T22/><D8/><U129/><E129/><V92/><F64/><W116/><G116/><T104/><D104/><U95/><E109/><V14/><F14/><W94/><G94/><T7/><D7/><U102/><E24/><V112/><F112/><W55/><G66/><T131/><D131/><U63/><E3/><V85/><F92/><W32/><G32/><T97/><D97/><U18/><E35/><V46/><F74/><W38/><G122/><T48/><D56/><U41/><E101/><V105/><F105/><W60/><G58/><T81/><D81/><U21/><E107/><V89/><F77/><W0/><G123/><T27/><REACH who="0" step="1"/><D37/><REACH who="0" ten="147,276,366,201" step="2"/><U100/><E100/><V71/><F71/><W93/><G38/><T61/><D61/><U78/><E63/><V5/><F82/><W6/><G121/><T76/><D76/><N who="1" m="29227" /><E102/><V28/><F89/><W70/><G60/><T1/><D1/><U11/><E99/><RYUUKYOKU ba="2,1" sc="147,30,276,-10,366,-10,201,-10" hai0="19,20,22,26,27,31,45,48,65,67,125,126,127" owari="177,-32.0,266,7.0,366,46.0,191,-21.0" /></mjloggm>