<mjloggm ver="2.3"><GO type="169" lobby="0"/><UN n0="%E7%89%8C%E3%81%AE%E9%9F%B3%E8%89%B2" n1="%55%52%41%4E" n2="%E5%B0%B1%E6%B4%BB%E7%94%9F%40%E5%B7%9D%E6%9D%91%E8%BB%8D%E5%9B%A3" n3="%E5%82%B7%E3%81%AF%E6%B5%85%E3%81%84%E3%81%86%E3%81%A1%E3%81%AB" dan="16,16,16,16" rate="2090.86,2052.69,2122.21,2079.18" sx="M,F,M,M"/><TAIKYOKU oya="0"/><INIT seed="0,0,0,5,0,86" ten="250,250,250,250" oya="0" hai0="44,128,103,78,129,64,110,121,29,45,84,87,57" hai1="5,123,26,100,59,27,52,36,39,6,56,15,74" hai2="53,13,85,99,76,20,1,118,14,117,124,134,2" hai3="83,90,95,112,3,28,0,94,21,62,25,89,97"/><T10/><D121/><U130/><E74/><V41/><F124/><W55/><G112/><T73/><D103/><U4/><E123/><V111/><F41/><W63/><G83/><T61/><D29/><U82/><E82/><N who="2" m="47303" /><F134/><W91/><G0/><T18/><D73/><U54/><E130/><N who="0" m="50281" /><D78/><U135/><E100/><V30/><F99/><N who="3" m="57807" /><G3/><T114/><D114/><U23/><E135/><V70/><F70/><W38/><G38/><T116/><D116/><N who="2" m="44650" /><F111/><W37/><G37/><T48/><D110/><U35/><E36/><V68/><F68/><W109/><G109/><T132/><D132/><U126/><E39/><V11/><F53/><N who="1" m="20585" /><E126/><V16/><F30/><W106/><G106/><T75/><D75/><U92/><E35/><V43/><F43/><W101/><G63/><T113/><D113/><U34/><E34/><V107/><F107/><W58/><AGARI ba="0,0" hai="21,25,28,55,58,62,90,91,95,97,101" m="57807" machi="58" ten="30,7900,0" yaku="8,1,52,3" doraHai="86" who="3" fromWho="3" sc="250,-39,250,-20,250,-20,250,79" /><INIT seed="1,0,0,0,4,79" ten="211,230,230,329" oya="1" hai0="3,131,21,6,50,111,95,48,107,53,122,37,40" hai1="69,56,5,67,106,108,60,110,54,64,61,94,25" hai2="83,109,8,39,55,96,113,101,70,57,34,124,2" hai3="11,14,13,133,18,38,81,134,123,68,35,128,9"/><U73/><E106/><V42/><F70/><W51/><G38/><T0/><D107/><U41/><E73/><V103/><F34/><W118/><G68/><T24/><D37/><U22/><E5/><V15/><F2/><W129/><G51/><T32/><D32/><U65/><E94/><V4/><F109/><N who="1" m="42089" /><E41/><V91/><F124/><W78/><G35/><T76/><D111/><U72/><E72/><V46/><F113/><W99/><G99/><T77/><D95/><U87/><E87/><V88/><F83/><W100/><G100/><T31/><D6/><U10/><E10/><V102/><REACH who="2" step="1"/><F96/><REACH who="2" ten="211,230,220,329" step="2"/><W66/><G81/><T36/><D0/><U63/><E69/><V12/><F12/><W104/><G14/><T23/><D3/><U49/><E65/><V45/><F45/><W75/><G66/><T52/><D76/><U90/><E67/><V86/><F86/><W44/><G78/><T71/><D77/><U114/><E64/><V115/><F115/><W1/><G13/><T121/><D71/><U17/><E114/><V7/><F7/><W28/><G44/><T116/><D131/><U19/><E90/><V92/><F92/><W127/><G128/><T80/><D121/><U82/><E82/><V97/><F97/><W62/><G129/><T33/><D122/><U30/><AGARI ba="0,1" hai="17,19,22,25,30,49,54,56,60,61,63" m="42089" machi="30" ten="30,3000,0" yaku="14,1,10,1" doraHai="79" who="1" fromWho="1" sc="211,-10,230,40,220,-10,329,-10" /><INIT seed="1,1,0,4,3,8" ten="201,270,210,319" oya="1" hai0="103,79,3,4,77,13,80,10,40,12,17,42,96" hai1="22,117,131,65,108,19,44,118,75,121,45,51,86" hai2="120,60,24,37,127,94,46,14,2,53,43,116,68" hai3="52,122,71,82,1,36,100,23,54,55,84,76,58"/><U92/><E75/><V114/><F2/><W99/><G122/><T32/><D32/><U56/><E121/><V98/><F120/><W73/><G71/><T95/><D3/><U11/><E131/><V135/><F116/><W64/><G1/><T49/><D49/><U27/><E108/><V128/><F135/><W133/><G36/><T111/><D111/><U34/><E34/><V125/><F114/><W59/><G64/><T129/><D129/><U67/><E11/><V21/><F128/><W87/><G133/><T72/><D79/><U109/><E109/><V50/><F68/><W63/><G23/><AGARI ba="1,0" hai="4,10,12,13,17,23,40,42,72,77,80,95,96,103" machi="23" ten="30,3900,0" yaku="7,1,52,2" doraHai="8" who="0" fromWho="3" sc="201,42,270,0,210,0,319,-42" /><INIT seed="2,0,0,4,5,74" ten="243,270,210,277" oya="2" hai0="7,115,30,119,48,37,2,95,18,134,129,12,39" hai1="91,36,58,92,53,1,34,77,21,100,80,107,108" hai2="126,24,61,113,97,62,121,75,51,103,28,105,5" hai3="111,33,98,131,43,26,14,116,67,20,19,10,81"/><V83/><F113/><W38/><G67/><T56/><D115/><U6/><E34/><V70/><F121/><W89/><G111/><T94/><D30/><U11/><E36/><V57/><F126/><W90/><G33/><T23/><D2/><U41/><E41/><V117/><F117/><W84/><G116/><T128/><D7/><U127/><E127/><V133/><F133/><W104/><G131/><N who="0" m="50251" /><D134/><U106/><E108/><V112/><F112/><W78/><G38/><N who="0" m="14347" /><D119/><U69/><E106/><V31/><F5/><W40/><G104/><T66/><D66/><U102/><E107/><V71/><F31/><W13/><G13/><T49/><D56/><U35/><E35/><V32/><F51/><AGARI ba="0,0" hai="12,18,23,48,49,51,94,95" m="14347,50251" machi="51" ten="30,1000,0" yaku="19,1" doraHai="74" who="0" fromWho="2" sc="243,10,270,0,210,-10,277,0" /><INIT seed="3,0,0,3,0,69" ten="253,270,200,277" oya="3" hai0="81,85,24,102,52,78,94,105,97,89,12,45,17" hai1="20,46,36,116,15,96,66,42,56,119,133,77,76" hai2="23,121,84,132,40,128,35,29,27,61,18,43,72" hai3="13,71,120,1,54,83,95,28,60,123,79,130,59"/><W62/><G1/><T49/><D24/><U33/><E133/><V122/><F72/><W74/><G130/><T106/><REACH who="0" step="1"/><D78/><REACH who="0" ten="243,270,200,277" step="2"/><U135/><E77/><V55/><F132/><W41/><G79/><T117/><D117/><U11/><E76/><V5/><F128/><W93/><G74/><T118/><D118/><U107/><E119/><V26/><F122/><W127/><G123/><T19/><D19/><U67/><E116/><V131/><F121/><W8/><G120/><T108/><D108/><U109/><E109/><V70/><F131/><W112/><G28/><T53/><D53/><U57/><E135/><V126/><F5/><W80/><G54/><T44/><D44/><U38/><E46/><V90/><F126/><W3/><G127/><T101/><D101/><U125/><E125/><V9/><F9/><AGARI ba="0,1" hai="9,12,17,45,49,52,81,85,89,94,97,102,105,106" machi="9" ten="30,12000,2" yaku="1,1,7,1,25,2,54,1,53,1" doraHai="69" doraHaiUra="50" who="0" fromWho="2" sc="243,130,270,0,200,-120,277,0" /><INIT seed="4,0,0,5,4,14" ten="373,270,80,277" oya="0" hai0="0,103,89,61,11,102,133,23,37,42,95,41,70" hai1="6,117,114,98,10,62,127,76,111,19,122,15,9" hai2="116,34,78,67,45,101,75,69,55,32,120,71,56" hai3="110,134,50,28,115,13,132,119,48,17,93,31,81"/><T47/><D42/><U131/><E76/><V63/><F120/><W22/><G110/><T80/><D133/><N who="3" m="51305" /><G119/><T40/><D40/><U87/><E87/><V51/><F116/><W85/><G93/><T66/><D80/><U130/><E98/><V125/><F125/><W88/><G115/><T2/><D23/><N who="1" m="11775" /><E62/><V68/><F75/><W25/><G31/><T27/><D102/><U96/><E96/><V5/><F78/><W4/><G4/><T44/><D103/><U77/><E77/><V38/><F101/><W59/><G59/><T60/><D44/><U124/><E111/><V43/><REACH who="2" step="1"/><F5/><REACH who="2" ten="373,270,70,277" step="2"/><W94/><G81/><T7/><D7/><U107/><E122/><V24/><F24/><W16/><G17/><T65/><D27/><U12/><E117/><V106/><F106/><W135/><G135/><T90/><D89/><U105/><E114/><V123/><F123/><W39/><G39/><T100/><D100/><U53/><E107/><V129/><F129/><N who="1" m="49161" /><E105/><V20/><F20/><AGARI ba="0,1" hai="13,16,20,22,25,28,48,50,85,88,94" m="51305" machi="20" ten="30,7700,0" yaku="20,1,52,1,54,2" doraHai="14" who="3" fromWho="2" sc="373,0,270,0,70,-77,277,87" owari="373,48.0,270,-13.0,-7,-51.0,364,16.0" /></mjloggm>