<mjloggm ver="2.3"><GO type="97" lobby="0"/><UN n0="%74%6F%53%68%69%72%6F" n1="%73%40%73%61%74%61%6B%65" n2="%6B%61%73%68%65%6C%6C%79" n3="%E5%B0%B1%E6%B4%BB%E7%94%9F%40%E5%B7%9D%E6%9D%91%E8%BB%8D%E5%9B%A3" dan="15,15,14,14" rate="2012.83,2002.98,1968.63,1931.43" sx="M,M,M,M"/><TAIKYOKU oya="0"/><INIT seed="0,0,0,2,0,97" ten="250,250,250,250" oya="0" hai0="4,80,103,73,83,49,113,72,78,22,77,132,123" hai1="116,114,70,84,35,23,40,30,87,68,8,133,12" hai2="105,82,107,65,16,81,27,121,127,66,131,128,110" hai3="115,19,98,111,17,7,50,15,58,90,109,1,42"/><T75/><D4/><U85/><E116/><V13/><F121/><W44/><G115/><T28/><D123/><U47/><E35/><V10/><F127/><W117/><G117/><T134/><D49/><U79/><E114/><V126/><F126/><W45/><G1/><T57/><D113/><U20/><E133/><N who="0" m="51305" /><D57/><U119/><E119/><V2/><F110/><N who="3" m="41995" /><G45/><T55/><D55/><U94/><E94/><V59/><F2/><W24/><G24/><T38/><D38/><U69/><E30/><V48/><F27/><W51/><G51/><T108/><D108/><U37/><REACH who="1" step="1"/><E79/><REACH who="1" ten="250,240,250,250" step="2"/><N who="0" m="30217" /><D28/><U64/><E64/><V29/><F29/><W60/><G60/><T101/><D22/><U89/><E89/><V41/><F66/><W54/><G90/><T25/><D25/><U5/><AGARI ba="0,1" hai="5,8,12,20,23,37,40,47,68,69,70,84,85,87" machi="5" ten="40,5200,0" yaku="1,1,0,1,53,1" doraHai="97" doraHaiUra="6" who="1" fromWho="1" sc="250,-26,240,62,250,-13,250,-13" /><INIT seed="1,0,0,3,2,134" ten="224,302,237,237" oya="1" hai0="18,75,34,27,30,124,33,72,92,51,56,25,14" hai1="117,78,20,93,7,29,122,50,79,62,83,66,40" hai2="37,125,115,64,63,6,126,96,129,112,71,135,104" hai3="81,41,99,86,57,90,70,45,21,105,5,55,44"/><U76/><E117/><V1/><F135/><W31/><G70/><T15/><D92/><U19/><E122/><V24/><F129/><W13/><G105/><T36/><D36/><U84/><E29/><V131/><F131/><W128/><G128/><T101/><D101/><U32/><E32/><V10/><F37/><W3/><G3/><T110/><D110/><U119/><E119/><V38/><F24/><W121/><G121/><T74/><D33/><U17/><E7/><V12/><F12/><W95/><G5/><T2/><D2/><U91/><E40/><V26/><F26/><N who="3" m="16847" /><G13/><T103/><D103/><U9/><E50/><V116/><F38/><W54/><G41/><T67/><D27/><U109/><E109/><V97/><F116/><W8/><G8/><T88/><D15/><N who="1" m="7407" /><E62/><V118/><F118/><W16/><G16/><T65/><D18/><U35/><E66/><V130/><F130/><W68/><G68/><T23/><D34/><U98/><E35/><V58/><F71/><W59/><G59/><T80/><D65/><U89/><E79/><V43/><F43/><W69/><G69/><T77/><D67/><U53/><E53/><N who="3" m="19978" /><G57/><T120/><D120/><U61/><E61/><V48/><F48/><W39/><G39/><T22/><D51/><U85/><E19/><V49/><F49/><W0/><G0/><T60/><D60/><U123/><E123/><V42/><F42/><W87/><G87/><N who="0" m="50279" /><D56/><U132/><E132/><V100/><F97/><W94/><G99/><T133/><D133/><U73/><E98/><V82/><F82/><W4/><G4/><RYUUKYOKU ba="0,0" sc="224,-15,302,-15,237,15,237,15" hai2="1,6,10,58,63,64,96,100,104,112,115,125,126" hai3="44,45,81,86,90,94,95" /><INIT seed="2,1,0,5,0,111" ten="209,287,252,252" oya="2" hai0="39,20,63,61,128,47,77,126,29,2,127,52,78" hai1="100,101,76,43,7,33,49,118,9,38,14,110,72" hai2="82,103,44,92,95,8,120,99,114,98,15,88,73" hai3="105,65,27,46,84,45,28,75,25,56,87,36,55"/><V34/><F120/><W106/><G75/><T59/><D2/><U21/><E118/><V5/><F34/><W13/><G106/><T53/><D128/><U91/><E33/><V18/><F114/><W6/><G105/><T70/><D29/><U117/><E117/><V130/><F130/><W31/><G65/><N who="0" m="41279" /><D20/><U58/><E38/><V35/><F35/><W134/><G134/><T1/><D1/><U81/><E110/><V122/><F122/><W40/><G46/><T60/><D78/><U67/><E91/><V97/><F44/><W24/><G28/><T26/><D26/><U57/><E21/><V104/><F73/><W12/><G31/><T48/><D77/><U102/><E67/><V109/><F109/><W131/><G131/><T10/><D10/><U107/><E107/><V135/><F135/><W16/><G6/><T90/><D90/><U66/><E66/><V96/><F82/><W54/><G12/><T11/><D11/><U62/><E62/><N who="0" m="24169" /><D39/><U0/><E0/><V121/><F121/><W132/><G132/><T113/><D113/><U119/><E119/><V30/><F30/><W85/><REACH who="3" step="1"/><G56/><REACH who="3" ten="209,287,252,242" step="2"/><T51/><AGARI ba="1,1" hai="47,48,51,52,53,59,126,127" m="24169,41279" machi="51" ten="30,4000,0" yaku="34,2,54,1" doraHai="111" who="0" fromWho="0" sc="209,53,287,-11,252,-21,242,-11" /><INIT seed="3,0,0,2,5,60" ten="262,276,231,231" oya="3" hai0="116,14,68,128,37,126,35,72,135,16,87,32,2" hai1="64,36,7,43,75,102,108,65,5,79,88,133,103" hai2="80,104,114,67,130,56,77,100,129,66,134,94,49" hai3="39,115,70,11,95,76,12,0,96,120,33,63,27"/><W122/><G115/><T124/><RYUUKYOKU type="yao9" ba="0,0" sc="262,0,276,0,231,0,231,0" hai0="2,14,16,32,35,37,68,72,87,116,124,126,128,135" /><INIT seed="3,1,0,0,1,55" ten="262,276,231,231" oya="3" hai0="101,74,18,135,86,31,119,27,111,97,58,130,17" hai1="38,102,131,35,11,118,41,89,96,15,0,50,92" hai2="84,6,103,63,82,5,121,132,42,51,1,91,14" hai3="61,26,78,83,108,104,54,24,113,22,19,4,52"/><W117/><G113/><T29/><D119/><U39/><E0/><V127/><F1/><W77/><G104/><T99/><D111/><U36/><E35/><V90/><F132/><W56/><G117/><T100/><D135/><U76/><E118/><V81/><F127/><W49/><G108/><T126/><D74/><U66/><E131/><V57/><F121/><W9/><G26/><T69/><D69/><U128/><E128/><V40/><F103/><N who="0" m="39498" /><D126/><U25/><E66/><V10/><F6/><W3/><REACH who="3" step="1"/><G83/><REACH who="3" ten="262,276,231,221" step="2"/><T80/><D27/><U62/><E92/><V133/><F133/><W32/><G32/><T124/><D124/><U71/><E25/><V122/><F122/><W93/><G93/><T106/><D106/><U73/><E102/><V64/><REACH who="2" step="1"/><F51/><REACH who="2" ten="262,276,221,221" step="2"/><W44/><AGARI ba="1,2" hai="3,4,9,19,22,24,44,49,52,54,56,61,77,78" machi="44" ten="20,12000,1" yaku="1,1,0,1,7,1,52,1,54,1,53,0" doraHai="55" doraHaiUra="37" who="3" fromWho="3" sc="262,-41,276,-41,221,-41,221,143" owari="221,-18.0,235,4.0,180,-32.0,364,46.0" /></mjloggm>