<mjloggm ver="2.3"><GO type="169" lobby="0"/><UN n0="%4E%75%74%61%37%39" n1="%E3%82%A6%E3%83%AB%E3%83%88%E3%83%A9%E7%AB%8B%E7%9B%B4" n2="%77%61%77%61%33%30%33%30" n3="%E3%83%AF%E3%83%B3%E3%82%BF%E3%83%B3%EF%BC%A0%E6%A8%AA%E6%B5%9C" dan="16,18,16,16" rate="2078.39,2204.46,2125.14,2139.12" sx="M,M,M,M"/><TAIKYOKU oya="0"/><INIT seed="0,0,0,1,1,20" ten="250,250,250,250" oya="0" hai0="93,73,131,125,112,31,122,104,133,58,43,38,116" hai1="41,124,77,40,111,26,10,36,71,52,63,24,78" hai2="64,13,17,1,60,14,69,37,15,55,113,39,129" hai3="106,62,87,30,9,67,61,44,118,46,0,88,16"/><T70/><D93/><U8/><E124/><V12/><F113/><W100/><G118/><T81/><D31/><U33/><E33/><V19/><F1/><W135/><G62/><T82/><D81/><U91/><E71/><V47/><F129/><W84/><G87/><T42/><D82/><U94/><E36/><V97/><F97/><W74/><G74/><T28/><D58/><N who="1" m="35271" /><E111/><V119/><F119/><W11/><G0/><T105/><D28/><U115/><E115/><V92/><F92/><W99/><G11/><N who="1" m="4138" /><E41/><V132/><F132/><W79/><G79/><N who="1" m="30218" /><E40/><V6/><F6/><W103/><G100/><T80/><D43/><U68/><E68/><V29/><F29/><W85/><G85/><AGARI ba="0,0" hai="24,26,85,91,94" m="30218,4138,35271" machi="85" ten="30,7700,0" yaku="8,1,52,2,54,1" doraHai="20" who="1" fromWho="3" sc="250,0,250,77,250,0,250,-77" /><INIT seed="1,0,0,1,1,93" ten="250,327,250,173" oya="1" hai0="72,115,89,75,133,130,22,77,11,54,48,9,47" hai1="101,46,86,131,70,135,125,8,32,112,104,78,117" hai2="95,16,114,23,66,6,49,68,61,84,105,62,107" hai3="65,83,119,27,44,106,26,126,92,132,35,24,81"/><U45/><E117/><V67/><F114/><W52/><G106/><T33/><D33/><U13/><E112/><V80/><F6/><W0/><G0/><T100/><D115/><U53/><E125/><V34/><F34/><W4/><G126/><T43/><D133/><U63/><E135/><V76/><F49/><W55/><G132/><T56/><D130/><U41/><E32/><V20/><F20/><W98/><G4/><T110/><D110/><U40/><E131/><V30/><F30/><W122/><G122/><T37/><D89/><U12/><E86/><V19/><F95/><W36/><G35/><T109/><D109/><U124/><E78/><V29/><F29/><W60/><G119/><T21/><D100/><U74/><E74/><V57/><REACH who="2" step="1"/><F19/><REACH who="2" ten="250,327,240,173" step="2"/><W97/><G92/><T42/><D22/><U28/><E28/><V31/><F31/><W69/><G36/><T94/><D94/><U59/><E124/><V14/><AGARI ba="0,1" hai="14,16,23,57,61,62,66,67,68,76,80,84,105,107" machi="14" ten="20,5200,0" yaku="1,1,0,1,7,1,54,1,53,0" doraHai="93" doraHaiUra="121" who="2" fromWho="2" sc="250,-13,327,-26,240,62,173,-13" /><INIT seed="2,0,0,4,2,80" ten="237,301,302,160" oya="2" hai0="103,67,5,54,33,73,94,55,21,132,115,59,134" hai1="52,112,68,45,116,26,88,25,126,11,74,24,37" hai2="78,63,105,10,84,27,47,102,17,31,130,72,104" hai3="0,8,58,30,28,57,96,77,22,119,127,70,18"/><V79/><F130/><W101/><G119/><T85/><D73/><U1/><E68/><V111/><F72/><W82/><G70/><T2/><D33/><U113/><E116/><V118/><F118/><W129/><G127/><T62/><D115/><U87/><E74/><V44/><F111/><W9/><G129/><T35/><D35/><U117/><E117/><V38/><F79/><W39/><G39/><T3/><D21/><U13/><E1/><N who="0" m="9" /><D5/><U50/><E37/><V76/><F78/><W69/><G69/><T98/><D85/><U15/><E126/><V90/><F76/><W95/><G0/><T32/><D32/><U122/><E122/><V23/><F63/><W65/><G57/><T120/><D120/><U6/><REACH who="1" step="1"/><E15/><REACH who="1" ten="237,291,302,160" step="2"/><V92/><F38/><W108/><G108/><T4/><D4/><U40/><E40/><V60/><F105/><W107/><G107/><T114/><D114/><U12/><E12/><V83/><F104/><W51/><G9/><T125/><D125/><U64/><E64/><V16/><F60/><W41/><G8/><T93/><D67/><U97/><E97/><N who="2" m="59687" /><F31/><W81/><G41/><T99/><D62/><U7/><E7/><V49/><F49/><W106/><G51/><N who="0" m="31199" /><D55/><U124/><E124/><V89/><F10/><W36/><G106/><T110/><D110/><U43/><E43/><V48/><F17/><W71/><G36/><T121/><D121/><U109/><E109/><V123/><F123/><W34/><G71/><T135/><D99/><U56/><E56/><V61/><F61/><W53/><G96/><N who="0" m="59791" /><D135/><U86/><E86/><RYUUKYOKU ba="0,1" sc="237,15,291,15,302,-15,160,-15" hai0="94,98,132,134" hai1="6,11,13,24,25,26,45,50,52,87,88,112,113" /><INIT seed="3,1,1,4,0,99" ten="252,306,287,145" oya="3" hai0="121,32,62,34,44,115,109,2,86,6,28,20,74" hai1="101,53,125,114,63,4,47,10,8,15,52,96,82" hai2="113,98,29,64,35,120,18,1,71,49,107,122,81" hai3="68,133,25,22,61,103,76,11,19,111,108,127,92"/><W84/><G127/><T117/><D74/><U97/><E114/><V42/><F1/><W66/><G133/><T134/><D117/><U131/><E131/><V129/><F113/><W23/><G11/><T79/><D121/><N who="2" m="46698" /><F129/><W40/><G40/><T30/><D115/><U54/><E125/><V21/><F81/><W130/><G130/><T87/><D109/><N who="3" m="42057" /><G76/><T43/><D62/><U45/><E63/><N who="2" m="40351" /><F29/><W26/><G84/><T16/><D134/><U3/><E82/><V73/><F35/><W91/><G91/><T78/><D30/><U128/><E128/><V0/><F0/><W94/><G103/><T27/><D32/><U56/><E96/><V60/><F73/><W102/><G102/><T106/><D106/><U37/><E37/><V72/><F72/><W132/><G132/><T88/><D86/><U39/><E39/><V110/><F110/><W123/><G123/><T119/><D119/><U118/><E118/><V58/><F98/><W70/><G70/><T5/><D2/><U50/><E8/><V24/><F107/><W100/><G100/><T55/><D34/><U75/><E3/><V89/><F89/><W33/><G33/><T69/><D69/><U85/><E85/><V17/><F42/><W77/><G77/><N who="0" m="29195" /><D43/><U105/><E75/><V31/><F49/><W80/><G80/><N who="0" m="49255" /><D28/><AGARI ba="1,1" hai="19,22,23,25,26,28,61,66,68,92,94" m="42057" machi="28" ten="30,2900,0" yaku="14,1,10,1" doraHai="99" who="3" fromWho="0" sc="252,-32,306,0,287,0,145,42" /><INIT seed="3,2,0,5,4,28" ten="220,306,287,187" oya="3" hai0="3,52,10,79,47,48,9,30,39,41,18,61,119" hai1="44,29,89,73,103,60,50,46,7,54,63,13,129" hai2="11,20,1,22,75,4,38,35,127,27,23,33,105" hai3="69,14,117,90,0,8,108,133,42,49,56,40,113"/><W134/><G117/><T123/><D119/><U17/><E73/><V5/><F105/><W110/><G113/><T132/><D123/><U111/><E111/><N who="3" m="42538" /><G69/><T24/><D132/><N who="3" m="50793" /><G0/><T121/><D121/><U68/><E129/><V65/><F65/><W57/><G90/><T91/><D79/><U81/><E68/><V67/><F67/><W124/><G124/><T102/><D102/><U87/><E103/><V100/><F100/><W118/><G118/><T112/><D112/><U97/><E97/><V37/><F75/><W55/><G57/><T59/><D3/><U135/><E135/><V131/><F131/><W120/><G120/><T36/><D91/><U15/><E89/><V98/><F98/><W83/><G83/><T106/><D106/><U122/><E87/><V21/><F127/><W12/><G12/><T66/><D36/><U45/><E81/><V80/><F38/><W114/><G114/><T92/><D92/><U26/><E15/><N who="2" m="5607" /><F37/><W53/><G53/><T107/><D107/><U72/><E13/><V62/><F80/><W58/><G56/><T51/><D18/><AGARI ba="2,0" hai="8,14,18,40,42,49,55,58" m="50793,42538" machi="18" ten="30,5800,0" yaku="14,1,10,1,20,1" doraHai="28" who="3" fromWho="0" sc="220,-64,306,0,287,0,187,64" /><INIT seed="3,3,0,4,4,114" ten="156,306,287,251" oya="3" hai0="134,14,41,71,128,9,105,68,61,53,129,63,83" hai1="37,122,55,87,26,132,19,67,120,103,127,20,23" hai2="135,92,79,34,123,93,58,133,33,35,90,81,91" hai3="70,52,60,115,5,7,77,31,97,11,112,104,62"/><W2/><G77/><T16/><D105/><U99/><E37/><V22/><F123/><W106/><G7/><T66/><D41/><U121/><E127/><V32/><N who="2" m="8704" /><DORA hai="72" /><V124/><F124/><W113/><G31/><T0/><D0/><U12/><E132/><N who="2" m="50763" /><F22/><W46/><G97/><T109/><D109/><U64/><E55/><V56/><F92/><W98/><G98/><T85/><D134/><U94/><REACH who="1" step="1"/><E87/><REACH who="1" ten="156,296,287,251" step="2"/><N who="2" m="52447" /><F91/><W36/><G52/><T38/><D38/><U39/><E39/><V45/><F45/><W49/><G36/><T131/><D53/><U89/><E89/><V42/><F42/><W57/><G46/><T15/><D15/><U108/><E108/><V24/><F24/><W130/><G113/><T3/><D3/><U54/><E54/><V126/><F126/><W119/><G2/><T117/><D117/><U110/><E110/><V18/><F18/><AGARI ba="3,1" hai="12,18,19,20,23,26,64,67,94,99,103,120,121,122" machi="18" ten="40,1300,0" yaku="1,1,53,0" doraHai="114,72" doraHaiUra="107,101" who="1" fromWho="2" sc="156,0,296,32,287,-22,251,0" /><INIT seed="4,0,0,5,5,119" ten="156,328,265,251" oya="0" hai0="88,102,6,62,85,70,51,92,4,109,1,115,34" hai1="132,73,18,47,84,11,127,41,111,124,77,53,122" hai2="134,43,123,59,57,26,48,105,49,36,133,30,66" hai3="19,10,76,46,100,83,3,32,22,121,20,60,39"/><T112/><D109/><U117/><E117/><V24/><F105/><W27/><G32/><T9/><D34/><U98/><E111/><V107/><F107/><W74/><G100/><T61/><D6/><U89/><E132/><V95/><F95/><W37/><G60/><T45/><D102/><U113/><E98/><V108/><F66/><W0/><G22/><T93/><D92/><U55/><E77/><V63/><F108/><W21/><G20/><T125/><D125/><U106/><E73/><V131/><F63/><W86/><G86/><T13/><D1/><U82/><E106/><V17/><F17/><W68/><G68/><T14/><D14/><N who="1" m="7519" /><E122/><V128/><F43/><N who="3" m="22911" /><G37/><T120/><D120/><U25/><E25/><V52/><F36/><W67/><G67/><T78/><D78/><U7/><E7/><V50/><F123/><W2/><G121/><T64/><REACH who="0" step="1"/><D61/><REACH who="0" ten="146,328,265,251" step="2"/><U97/><E124/><V33/><F33/><W23/><G2/><T40/><AGARI ba="0,1" hai="4,9,13,40,45,51,62,64,70,85,88,93,112,115" machi="40" ten="30,11700,0" yaku="1,1,2,1,0,1,54,1,53,0" doraHai="119" doraHaiUra="72" who="0" fromWho="0" sc="146,127,328,-39,265,-39,251,-39" /><INIT seed="4,1,0,0,2,2" ten="273,289,226,212" oya="0" hai0="86,71,109,30,51,125,24,98,68,130,66,120,127" hai1="23,57,3,59,46,37,105,128,92,44,96,67,29" hai2="39,47,17,121,49,85,103,55,94,11,83,35,95" hai3="21,0,126,97,135,60,82,54,16,72,73,4,15"/><T100/><D109/><U70/><E105/><V42/><F121/><W5/><G0/><T6/><D120/><U114/><E70/><V113/><F35/><W122/><G122/><T27/><D86/><U18/><E37/><V62/><F113/><W89/><G97/><T91/><D91/><U106/><E106/><V69/><F103/><W53/><G126/><N who="0" m="48139" /><D130/><U134/><E3/><V108/><F108/><W77/><G89/><T20/><D51/><U50/><E134/><V84/><F84/><W26/><G135/><T7/><D24/><U38/><E38/><V1/><F17/><W13/><G73/><T34/><D34/><U40/><E29/><V58/><F11/><W41/><G41/><T123/><D123/><U112/><E128/><V65/><REACH who="2" step="1"/><F1/><REACH who="2" ten="273,289,216,212" step="2"/><W74/><G72/><T52/><D52/><N who="1" m="31895" /><E114/><V12/><F12/><W133/><G133/><T63/><D71/><U117/><E112/><V132/><F132/><W107/><G54/><T33/><D20/><U75/><E75/><V10/><F10/><W14/><REACH who="3" step="1"/><G107/><AGARI ba="1,1" hai="6,7,27,30,33,63,66,68,98,100,107" m="48139" machi="107" ten="30,11600,0" yaku="25,1,18,1,52,2" doraHai="2" who="0" fromWho="3" sc="273,129,289,0,216,0,212,-119" /><INIT seed="4,2,0,3,2,110" ten="402,289,216,93" oya="0" hai0="131,93,14,125,79,71,37,75,82,52,100,109,77" hai1="119,60,63,104,117,106,20,91,15,118,33,41,70" hai2="120,61,121,72,56,55,123,16,11,80,105,107,126" hai3="47,127,0,48,66,83,88,58,114,132,129,19,101"/><T78/><D71/><U3/><E3/><V84/><F72/><W57/><G0/><T28/><D125/><U22/><E33/><V24/><F126/><W5/><G127/><T12/><D37/><U59/><E41/><V32/><F32/><W49/><G5/><T69/><D69/><U95/><E70/><V133/><F133/><W25/><G132/><T98/><D131/><U42/><E42/><V90/><REACH who="2" step="1"/><F11/><REACH who="2" ten="402,289,206,93" step="2"/><W94/><G129/><T50/><D109/><U36/><E119/><V68/><F68/><W97/><G58/><N who="0" m="33047" /><D75/><U128/><E59/><V62/><F62/><W26/><G57/><T31/><D82/><U124/><E60/><V74/><F74/><W134/><G83/><T76/><N who="0" m="19456" /><DORA hai="30" /><T73/><D73/><U7/><E63/><V108/><F108/><W85/><G134/><T89/><D100/><U54/><E124/><V1/><F1/><W92/><G101/><T86/><D98/><U27/><E128/><V29/><F29/><AGARI ba="2,1" hai="12,14,28,29,31,86,89,93" m="19456,33047" machi="29" ten="40,3900,0" yaku="8,1,54,1" doraHai="110,30" who="0" fromWho="2" sc="402,55,289,0,206,-45,93,0" /><INIT seed="4,3,0,5,4,32" ten="457,289,161,93" oya="0" hai0="127,19,105,90,1,102,87,57,72,121,3,28,50" hai1="58,88,118,123,115,78,113,122,24,131,2,80,114" hai2="74,124,48,18,95,11,77,41,82,119,15,81,106" hai3="73,61,99,16,17,104,108,39,25,83,129,96,37"/><T60/><D121/><U36/><E36/><V62/><F106/><W107/><G108/><T43/><D72/><U63/><E118/><V53/><F119/><W44/><G73/><T109/><D109/><U70/><E70/><V47/><F124/><W46/><G61/><T64/><D127/><U4/><E24/><V71/><F82/><W112/><G83/><T93/><D28/><U13/><E13/><V133/><F95/><W67/><G25/><T20/><D105/><U68/><E68/><V45/><F133/><W56/><G56/><T79/><D102/><U126/><E78/><V85/><F74/><W10/><G10/><T97/><D79/><U7/><E126/><V34/><F34/><W100/><G100/><T21/><D97/><U5/><E2/><V132/><F132/><W33/><G33/><T75/><D75/><U89/><E131/><V117/><F117/><W51/><G51/><T31/><D31/><U110/><E110/><V128/><F128/><W59/><G59/><T98/><D98/><U125/><E125/><V94/><F94/><W86/><G129/><T52/><D43/><U84/><E89/><V38/><F71/><W27/><G27/><T29/><D29/><U9/><E9/><V120/><REACH who="2" step="1"/><F62/><REACH who="2" ten="457,289,151,93" step="2"/><W40/><G104/><T8/><D60/><U49/><E63/><V101/><F101/><W42/><G107/><T134/><D134/><U22/><E122/><AGARI ba="3,1" hai="11,15,18,38,41,45,47,48,53,77,81,85,120,122" machi="122" ten="40,1300,0" yaku="1,1,53,0" doraHai="32" doraHaiUra="66" who="2" fromWho="1" sc="457,0,289,-22,151,32,93,0" /><INIT seed="5,0,0,3,3,120" ten="457,267,183,93" oya="1" hai0="18,97,13,17,123,33,55,22,63,94,134,54,133" hai1="102,16,79,98,71,107,128,8,50,119,77,83,109" hai2="89,135,38,15,91,72,48,74,24,87,68,130,106" hai3="30,127,76,64,110,118,41,95,3,58,70,117,99"/><U9/><E119/><V75/><F38/><W78/><G70/><T93/><D33/><U4/><E128/><V46/><F68/><W49/><G3/><T25/><D123/><U104/><E71/><V65/><F65/><W73/><G73/><T124/><D124/><U112/><E112/><V12/><F106/><W108/><G30/><T31/><D63/><U52/><E107/><V6/><F130/><W5/><G5/><T115/><D115/><U29/><E29/><V62/><F62/><N who="3" m="37975" /><G49/><T59/><D59/><U14/><E109/><N who="3" m="42090" /><G41/><T131/><D131/><U11/><E4/><V39/><F39/><W85/><G85/><T44/><D31/><U43/><E43/><V101/><F6/><W88/><G127/><T0/><D0/><U69/><E69/><V96/><F87/><W40/><G40/><T34/><D34/><U28/><E28/><V60/><F48/><W53/><G53/><N who="0" m="19979" /><D97/><U20/><E79/><V45/><F96/><W126/><G126/><T56/><D56/><U84/><E9/><V80/><F75/><W21/><G21/><N who="0" m="13487" /><D44/><AGARI ba="0,0" hai="8,11,14,16,20,44,50,52,77,83,84,98,102,104" machi="44" ten="30,5800,0" yaku="7,1,54,2" doraHai="120" who="1" fromWho="0" sc="457,-58,267,58,183,0,93,0" /><INIT seed="5,1,0,2,5,97" ten="399,325,183,93" oya="1" hai0="94,69,19,16,84,62,108,77,41,30,101,29,37" hai1="32,58,14,9,131,82,122,11,17,134,117,113,44" hai2="3,102,118,132,100,23,43,127,57,123,52,104,75" hai3="22,68,63,112,49,54,50,74,133,56,124,80,53"/><U59/><E122/><V36/><F123/><W13/><G74/><T89/><D108/><U66/><E117/><V6/><F75/><W85/><G68/><T2/><D2/><U27/><E113/><V79/><F104/><W111/><G112/><T125/><D125/><U12/><E131/><V71/><F71/><W128/><G111/><T86/><D37/><U33/><E134/><V107/><F107/><W1/><G1/><T45/><D41/><U4/><E44/><V78/><F118/><W73/><G73/><T46/><D62/><U83/><E27/><V61/><F6/><W135/><G124/><T119/><D69/><U18/><E4/><V40/><F3/><W34/><G34/><T65/><D65/><AGARI ba="1,0" hai="9,11,12,14,17,18,32,33,58,59,65,66,82,83" machi="65" ten="25,2400,0" yaku="22,2" doraHai="97" who="1" fromWho="0" sc="399,-27,325,27,183,0,93,0" /><INIT seed="5,2,0,2,4,80" ten="372,352,183,93" oya="1" hai0="44,105,110,104,66,60,18,129,41,15,123,19,49" hai1="115,68,32,45,59,13,43,28,88,67,101,69,37" hai2="135,132,2,35,33,113,127,118,65,86,14,22,93" hai3="31,12,1,91,70,90,130,85,57,0,71,95,52"/><U50/><E115/><V94/><F118/><W64/><G31/><T38/><D110/><U100/><E28/><V102/><F2/><W72/><G72/><T126/><D129/><U133/><E32/><V106/><F106/><W114/><G130/><T53/><D126/><U56/><E13/><V36/><F36/><W9/><G114/><T30/><D30/><U97/><E133/><N who="2" m="51275" /><F65/><W120/><G120/><T5/><D5/><U47/><E100/><V109/><F127/><W134/><G134/><T27/><D27/><U39/><E101/><V74/><F74/><W25/><G25/><T122/><D18/><U55/><E97/><N who="2" m="59695" /><F109/><W63/><G71/><N who="1" m="27210" /><E88/><N who="2" m="53527" /><F113/><W62/><REACH who="3" step="1"/><G91/><REACH who="3" ten="372,352,183,83" step="2"/><T21/><D123/><U78/><E78/><V7/><F22/><W8/><G8/><AGARI ba="2,1" hai="7,8,14,33,35" m="53527,59695,51275" machi="8" ten="30,3900,0" yaku="20,1,52,1,54,1" doraHai="80" who="2" fromWho="3" sc="372,0,352,0,183,55,83,-45" /><INIT seed="6,0,0,2,3,46" ten="372,352,238,38" oya="2" hai0="9,76,79,28,86,78,27,115,134,60,120,62,63" hai1="88,3,70,50,89,41,6,19,52,132,126,66,68" hai2="10,102,37,94,87,56,38,93,61,14,83,71,15" hai3="121,96,91,54,135,57,111,18,131,29,53,116,112"/><V75/><F71/><W107/><G116/><T73/><D73/><U36/><E70/><V8/><F75/><W92/><G111/><T104/><D104/><U105/><E105/><V45/><F45/><W81/><G107/><T125/><D120/><U123/><E6/><V44/><F38/><W98/><G121/><T95/><D125/><U99/><E3/><V117/><F117/><W13/><G131/><T23/><D134/><U59/><E99/><V85/><F37/><W43/><G135/><T109/><D109/><U4/><E4/><V64/><F44/><W84/><G29/><T101/><D115/><U33/><E33/><V20/><F20/><W122/><G122/><T72/><D72/><U113/><E123/><V106/><F106/><W48/><G43/><T0/><D0/><U133/><E113/><V7/><F102/><W11/><G112/><T30/><D9/><U51/><E126/><V108/><F87/><W100/><G54/><T39/><D39/><U65/><E36/><V82/><F82/><W17/><REACH who="3" step="1"/><G96/><REACH who="3" ten="372,352,238,28" step="2"/><N who="0" m="59551" /><D28/><U58/><E41/><V35/><F108/><W55/><G55/><T77/><N who="0" m="19456" /><DORA hai="25" /><T69/><D69/><U40/><E68/><V34/><F35/><W128/><G128/><T118/><D118/><U74/><E40/><V12/><F34/><W103/><G103/><T67/><D67/><U90/><E74/><V32/><F32/><W110/><G110/><T119/><D119/><U114/><E114/><V24/><F7/><AGARI ba="0,1" hai="7,11,13,17,18,48,53,57,81,84,91,92,98,100" machi="7" ten="30,7700,0" yaku="1,1,7,1,8,1,52,1,53,0" doraHai="46,25" doraHaiUra="127,129" who="3" fromWho="2" sc="372,0,352,0,238,-77,28,87" /><INIT seed="7,0,0,1,2,3" ten="372,352,161,115" oya="3" hai0="107,109,115,33,71,25,112,4,44,89,127,16,40" hai1="55,18,17,51,121,102,100,61,94,45,5,37,113" hai2="110,116,30,95,108,21,68,65,75,92,48,105,83" hai3="135,0,111,43,59,98,125,117,77,73,26,93,46"/><W8/><G117/><T114/><D107/><U11/><E37/><V99/><F116/><W1/><G125/><T15/><D71/><U74/><E74/><V128/><F128/><W64/><G135/><T47/><D109/><U20/><E121/><V118/><F118/><W126/><G126/><T122/><D122/><U133/><E133/><V19/><F30/><W134/><G134/><T106/><D106/><U9/><E9/><V42/><F105/><W80/><G111/><T27/><D127/><U49/><E61/><V24/><F95/><W34/><G26/><N who="0" m="9739" /><D33/><U10/><E10/><V54/><F42/><W103/><G34/><T85/><D4/><U119/><E119/><V32/><F32/><W2/><G59/><T84/><D89/><U62/><E62/><V129/><F129/><W101/><G64/><T104/><D104/><U79/><E79/><V88/><F65/><W130/><G130/><T86/><D40/><U67/><E113/><V36/><F68/><W63/><G63/><T87/><N who="0" m="21504" /><DORA hai="58" /><T82/><D82/><U124/><E67/><V29/><F36/><W41/><G41/><T90/><D90/><U123/><E123/><V35/><F83/><W60/><G60/><T81/><D81/><U132/><E132/><V56/><F75/><W14/><G103/><T70/><D70/><U28/><E102/><V69/><F69/><W12/><REACH who="3" step="1"/><G8/><AGARI ba="0,0" hai="8,15,16,44,47,112,114,115" m="21504,9739" machi="8" ten="50,6400,0" yaku="15,1,11,1,54,1" doraHai="3,58" who="0" fromWho="3" sc="372,64,352,0,161,0,115,-64" owari="436,54.0,352,15.0,161,-24.0,51,-45.0" /></mjloggm>