<mjloggm ver="2.3"><GO type="225" lobby="0"/><UN n0="%E3%83%88%E3%82%B7%E3%83%95%E3%83%BC%E3%83%8B" n1="%E4%B8%8A%E5%AE%B6%E3%81%AF%E6%80%AA%E3%81%97%E3%81%84%EF%BC%81%EF%BC%81" n2="%EF%BC%BC%28%EF%BC%BE%6F%EF%BC%BE%29%EF%BC%8F%E2%98%85" n3="%E5%B0%B1%E6%B4%BB%E7%94%9F%40%E5%B7%9D%E6%9D%91%E8%BB%8D%E5%9B%A3" dan="16,16,17,16" rate="2141.65,2127.62,2166.02,2010.32" sx="M,M,M,M"/><TAIKYOKU oya="0"/><INIT seed="0,0,0,2,0,5" ten="250,250,250,250" oya="0" hai0="68,44,0,28,118,107,13,71,124,27,62,81,93" hai1="57,21,72,61,125,63,45,102,17,80,89,99,18" hai2="66,92,35,111,14,50,8,41,123,85,52,114,98" hai3="87,94,39,33,113,126,121,53,43,128,59,56,46"/><T37/><D118/><U65/><E125/><V88/><F123/><W40/><G113/><T49/><D37/><U23/><E72/><V83/><F114/><W11/><G121/><T134/><D0/><U26/><E45/><N who="2" m="27727" /><F35/><W119/><G33/><T129/><D107/><U22/><E63/><V115/><F115/><W112/><G119/><T48/><D124/><U55/><E65/><V47/><F111/><W133/><G112/><T67/><D68/><U120/><E120/><V76/><F66/><W60/><G126/><T34/><D134/><U54/><E54/><V104/><F104/><W4/><G133/><T16/><D129/><U96/><E102/><V7/><F47/><W122/><G122/><T84/><D93/><U95/><E80/><V20/><F20/><N who="1" m="7785" /><E17/><V105/><F105/><W135/><G128/><T42/><D49/><U38/><E38/><V73/><F73/><W32/><G32/><T103/><D103/><U90/><E90/><N who="2" m="55575" /><F41/><N who="3" m="15947" /><G39/><T58/><D71/><U100/><E100/><V79/><AGARI ba="0,0" hai="7,8,14,76,79,83,85,88" m="55575,27727" machi="79" ten="30,7900,0" yaku="8,1,52,1,54,2" doraHai="5" who="2" fromWho="2" sc="250,-39,250,-20,250,79,250,-20" /><INIT seed="1,0,0,3,3,22" ten="211,230,329,230" oya="1" hai0="113,68,27,118,112,107,10,87,4,82,135,65,48" hai1="114,88,36,115,75,57,96,130,61,111,92,91,99" hai2="56,35,3,83,85,79,97,86,77,8,121,45,42" hai3="1,124,40,128,33,70,11,12,14,63,34,59,6"/><U74/><E36/><V90/><F121/><W17/><G70/><T98/><D118/><U66/><E130/><V50/><F35/><W110/><G128/><T67/><D135/><U0/><E0/><V29/><F29/><W81/><G124/><T122/><D122/><U102/><E111/><V15/><F3/><W19/><G110/><T46/><D27/><U37/><E37/><V43/><F56/><W132/><G40/><T106/><D112/><U76/><E91/><N who="2" m="51647" /><F97/><W2/><G132/><T127/><D127/><U108/><E108/><V101/><F101/><W58/><G81/><T32/><D32/><N who="3" m="12393" /><G63/><T104/><D98/><U20/><E20/><V60/><F60/><W16/><G58/><T73/><D73/><U55/><E66/><V72/><F43/><W100/><G59/><T47/><D113/><U105/><REACH who="1" step="1"/><E74/><REACH who="1" ten="211,220,329,230" step="2"/><V62/><F72/><W129/><G129/><T89/><D67/><U25/><E25/><V71/><F90/><W24/><G100/><T39/><D39/><U52/><E52/><V13/><F42/><W123/><G123/><T51/><D65/><U120/><E120/><V84/><F84/><W117/><G117/><T38/><D38/><U23/><E23/><V53/><F86/><W21/><G2/><T41/><D41/><U95/><E95/><V131/><F131/><W94/><G94/><T31/><D107/><U30/><E30/><AGARI ba="0,1" hai="1,6,11,12,14,16,17,19,21,24,30" m="12393" machi="30" ten="30,12000,2" yaku="35,5,52,1,54,1" doraHai="22" who="3" fromWho="1" sc="211,0,220,-120,329,0,230,130" /><INIT seed="2,0,0,2,5,11" ten="211,100,329,360" oya="2" hai0="90,63,41,35,4,92,113,79,130,91,42,5,1" hai1="100,55,78,10,39,44,125,65,38,7,74,105,131" hai2="40,123,43,28,16,34,69,88,96,98,45,128,14" hai3="58,56,30,3,93,53,32,102,62,18,108,61,52"/><V107/><F69/><W37/><G3/><T19/><D113/><U29/><E131/><V49/><F123/><W70/><G108/><T27/><D130/><U20/><E125/><V66/><F128/><W101/><G70/><T83/><D63/><U115/><E115/><V85/><F66/><W126/><G126/><T122/><D122/><U104/><E65/><V48/><F107/><W118/><G37/><T99/><D91/><U129/><E129/><V0/><F0/><W31/><G118/><T76/><D1/><U95/><E38/><V33/><F28/><N who="3" m="10795" /><G32/><T103/><D103/><N who="3" m="39433" /><G18/><T24/><D35/><U111/><E111/><V75/><F75/><W46/><G46/><T57/><D57/><N who="3" m="22121" /><G93/><T121/><D121/><U71/><E71/><V12/><F16/><W21/><G21/><T94/><D19/><U124/><E20/><V51/><F45/><W6/><G6/><N who="0" m="2667" /><D92/><U60/><E29/><V59/><F59/><W86/><G86/><N who="0" m="48487" /><D79/><U54/><E124/><V72/><F72/><W64/><G64/><T13/><D24/><U8/><E95/><N who="2" m="54671" /><F34/><W81/><G81/><T15/><D27/><U25/><E100/><V114/><F33/><W22/><G22/><T50/><D50/><U112/><E25/><V106/><F114/><W133/><G133/><T109/><D109/><U36/><E112/><V110/><F110/><W119/><G119/><T87/><D87/><U80/><E36/><V132/><F132/><W134/><G134/><T135/><D135/><U116/><E39/><V89/><F106/><W77/><G77/><T127/><D127/><U82/><E116/><RYUUKYOKU ba="0,0" sc="211,15,100,-15,329,-15,360,15" hai0="13,15,41,42,90,94,99" hai3="52,53,61,62" /><INIT seed="3,1,0,4,0,23" ten="226,85,314,375" oya="3" hai0="78,36,119,27,99,0,85,135,92,134,95,2,38" hai1="71,75,67,122,37,1,9,102,88,70,46,100,90" hai2="107,73,35,50,31,41,22,12,62,14,20,4,69" hai3="76,115,29,132,47,125,120,24,66,58,112,124,80"/><W81/><G120/><T33/><D119/><U116/><E122/><V128/><F73/><W60/><G47/><T74/><D74/><U111/><E116/><V59/><F107/><W86/><G80/><T130/><D130/><U101/><E75/><V49/><F69/><W21/><REACH who="3" step="1"/><G132/><REACH who="3" ten="226,85,314,365" step="2"/><T18/><D135/><U11/><E46/><V133/><F133/><W43/><G43/><T39/><D134/><U110/><E37/><V6/><F41/><W68/><G68/><T106/><D39/><U48/><E70/><V121/><F121/><W82/><G82/><T63/><D38/><U32/><E71/><V97/><F128/><W117/><G117/><T15/><D36/><U10/><E1/><V72/><F72/><W98/><G98/><T17/><D0/><U104/><E104/><V126/><F97/><W65/><G65/><T87/><D2/><U19/><E67/><V118/><F118/><W93/><G93/><T79/><D95/><U30/><E48/><V131/><F131/><W89/><G89/><T51/><D92/><U91/><E32/><V77/><F35/><W53/><G53/><T105/><D33/><U28/><REACH who="1" step="1"/><E19/><REACH who="1" ten="226,75,314,365" step="2"/><N who="0" m="7177" /><D51/><U129/><E129/><V26/><F50/><W123/><G123/><T108/><D106/><U45/><E45/><V127/><F49/><W54/><G54/><T109/><D105/><U57/><E57/><V64/><F59/><W5/><G5/><T113/><D113/><AGARI ba="1,2" hai="21,24,29,58,60,66,76,81,86,112,113,115,124,125" machi="113" ten="40,3900,0" yaku="1,1,52,1,53,0" doraHai="23" doraHaiUra="103" who="3" fromWho="0" sc="226,-42,75,0,314,0,365,62" owari="184,-22.0,75,-42.0,314,11.0,427,53.0" /></mjloggm>