<mjloggm ver="2.3"><GO type="97" lobby="0"/><UN n0="%5A%45%54%41%2E%2E" n1="%E3%83%86%E3%83%88%E3%83%A9" n2="%E5%B0%B1%E6%B4%BB%E7%94%9F%40%E5%B7%9D%E6%9D%91%E8%BB%8D%E5%9B%A3" n3="%73%6F%61%79" dan="14,15,14,15" rate="1881.86,2018.71,1975.59,1948.59" sx="M,F,M,M"/><TAIKYOKU oya="0"/><INIT seed="0,0,0,5,0,94" ten="250,250,250,250" oya="0" hai0="68,13,127,114,62,67,35,11,132,51,81,41,40" hai1="80,82,91,88,27,19,101,43,20,122,61,90,25" hai2="134,78,125,38,128,12,15,49,126,72,21,29,103" hai3="18,55,57,130,110,109,107,85,115,36,117,83,108"/><T74/><D114/><U45/><E122/><V42/><F38/><W1/><G115/><T66/><D35/><U95/><E61/><V56/><F128/><W99/><G117/><T124/><D67/><U135/><E135/><V59/><F134/><W26/><G130/><T71/><D71/><U112/><E112/><V14/><F103/><N who="3" m="62975" /><G36/><T69/><D69/><U93/><E27/><N who="2" m="16623" /><F78/><N who="3" m="46327" /><G1/><T46/><D132/><U106/><E106/><V102/><F102/><W70/><G70/><T37/><D37/><U119/><E119/><V79/><F79/><W3/><G3/><T133/><D133/><U77/><E101/><V98/><F72/><W54/><G57/><T39/><D39/><U58/><E58/><V16/><F59/><W84/><G84/><T64/><D64/><U86/><E80/><V34/><F34/><W44/><G44/><T60/><D60/><U120/><E120/><V53/><F42/><W5/><G5/><T28/><D41/><U0/><E0/><V52/><F53/><N who="3" m="19979" /><G26/><T89/><D74/><U22/><E22/><N who="2" m="11527" /><F98/><W50/><G18/><T76/><D76/><U105/><E105/><V6/><F6/><W9/><G9/><T7/><D81/><U23/><E23/><V32/><F32/><W10/><G10/><T87/><D87/><U17/><E17/><V8/><F8/><W48/><AGARI ba="0,0" hai="48,50,108,109,110" m="19979,46327,62975" machi="48" ten="40,2700,0" yaku="14,1,52,1" doraHai="94" who="3" fromWho="3" sc="250,-13,250,-7,250,-7,250,27" /><INIT seed="1,0,0,5,2,114" ten="237,243,243,277" oya="1" hai0="40,115,51,53,18,17,22,124,125,126,127,38,129" hai1="112,50,68,9,25,73,48,52,20,128,61,27,0" hai2="90,108,80,54,83,3,117,111,86,93,57,97,42" hai3="113,10,28,43,91,116,67,33,62,110,55,13,7"/><U82/><E112/><V131/><F3/><W24/><G110/><N who="2" m="42025" /><F131/><W98/><G113/><T85/><D115/><U41/><E128/><V45/><F117/><W109/><G109/><T78/><D129/><U21/><E0/><V75/><F75/><W31/><G31/><T32/><D32/><U44/><E68/><V105/><F105/><W119/><G43/><T30/><D40/><U89/><E61/><N who="2" m="36023" /><F97/><W74/><G74/><T84/><D38/><AGARI ba="0,0" hai="38,42,45,80,83,86,90,93" m="36023,42025" machi="38" ten="30,1000,0" yaku="14,1" doraHai="114" who="2" fromWho="0" sc="237,-10,243,0,243,10,277,0" /><INIT seed="2,0,0,3,5,134" ten="227,243,253,277" oya="2" hai0="18,114,13,51,81,21,27,107,55,124,101,70,63" hai1="19,32,22,129,93,135,78,4,58,98,48,24,68" hai2="50,1,108,31,90,84,75,2,110,115,17,82,7" hai3="89,15,74,111,106,36,37,54,80,10,34,56,47"/><V0/><F115/><W92/><G111/><N who="2" m="42537" /><F31/><W43/><G106/><T104/><D114/><U120/><E135/><V8/><F75/><W53/><G34/><T76/><D101/><U132/><E132/><V64/><F64/><W40/><G40/><T77/><D77/><U9/><E32/><V79/><F79/><W91/><G74/><T73/><D124/><U125/><E68/><V133/><F133/><W60/><G36/><T26/><D70/><U126/><E129/><V100/><F100/><W86/><G53/><T16/><D63/><U96/><E78/><V44/><F17/><W71/><G71/><T14/><D104/><U122/><E58/><V103/><F103/><W6/><REACH who="3" step="1"/><G92/><REACH who="3" ten="227,243,253,267" step="2"/><T28/><D107/><U94/><E94/><V38/><F38/><W119/><G119/><T29/><D29/><U30/><E30/><V41/><AGARI ba="0,1" hai="0,1,2,7,8,41,44,50,82,84,90" m="42537" machi="41" ten="30,3000,0" yaku="14,1,10,1" doraHai="134" who="2" fromWho="2" sc="227,-10,243,-10,253,40,267,-10" /><INIT seed="2,1,0,4,0,129" ten="217,233,293,257" oya="2" hai0="55,122,73,13,96,23,131,15,62,1,18,11,106" hai1="46,37,82,128,81,130,75,39,12,25,16,35,109" hai2="21,88,70,66,121,83,101,61,93,110,40,26,47" hai3="79,44,91,67,77,14,105,76,114,71,64,118,132"/><V33/><F121/><W27/><G118/><T2/><D122/><U58/><E109/><V116/><F116/><W51/><G114/><T52/><D73/><U127/><E58/><V112/><F112/><W80/><G105/><T49/><D131/><N who="1" m="50219" /><E127/><V22/><F110/><W102/><G102/><T56/><D96/><U104/><E104/><V5/><F5/><W86/><G132/><T78/><D78/><N who="1" m="44255" /><E82/><V20/><F101/><W50/><G71/><T30/><D30/><N who="1" m="19919" /><E46/><V32/><F83/><W63/><G63/><T24/><D106/><U74/><E74/><V65/><F65/><N who="3" m="25163" /><G27/><T43/><D43/><U113/><E113/><V126/><F126/><W57/><G57/><T59/><REACH who="0" step="1"/><D24/><REACH who="0" ten="207,233,293,257" step="2"/><U54/><E54/><V45/><F26/><W124/><G124/><T99/><D99/><U3/><E3/><V111/><F111/><W98/><G98/><T41/><D41/><U94/><E94/><V103/><F103/><W95/><G14/><T87/><D87/><U133/><E133/><V19/><F33/><W97/><G77/><T4/><AGARI ba="1,1" hai="1,2,4,11,13,15,18,23,49,52,55,56,59,62" machi="4" ten="20,12000,2" yaku="1,1,0,1,7,1,54,1,53,2" doraHai="129" doraHaiUra="8" who="0" fromWho="0" sc="207,133,233,-31,293,-61,257,-31" /><INIT seed="3,0,0,4,1,28" ten="340,202,232,226" oya="3" hai0="45,6,26,107,38,70,63,113,85,37,103,7,116" hai1="135,51,114,3,99,98,14,15,73,123,75,49,84" hai2="46,76,59,17,94,40,95,4,58,16,77,22,60" hai3="39,34,93,78,100,67,96,0,1,92,134,47,82"/><W19/><G134/><T87/><D116/><U132/><E114/><V42/><F4/><W79/><G34/><T117/><D117/><U25/><E25/><N who="2" m="14535" /><F17/><W61/><G19/><T27/><D103/><U50/><E84/><V112/><F59/><W12/><G12/><N who="1" m="4650" /><E3/><V2/><F2/><W33/><G33/><T130/><D107/><U5/><E5/><V36/><F36/><W81/><G92/><N who="2" m="35369" /><F112/><W30/><G30/><T122/><D70/><U129/><E129/><V119/><F119/><W120/><G120/><T121/><D7/><U101/><E101/><V97/><F97/><N who="1" m="36873" /><E123/><V89/><F89/><W126/><G126/><T109/><D6/><U43/><E43/><N who="2" m="16427" /><F46/><W90/><G47/><T44/><D45/><U56/><E56/><V131/><F131/><W68/><G39/><T128/><D44/><U86/><E86/><V118/><F118/><W88/><G100/><T110/><D113/><U54/><E54/><AGARI ba="0,0" hai="54,58,60,76,77" m="16427,35369,14535" machi="54" ten="30,2000,0" yaku="8,1,54,1" doraHai="28" who="2" fromWho="1" sc="340,0,202,-20,232,20,226,0" owari="340,44.0,182,-32.0,252,5.0,226,-17.0" /></mjloggm>