<mjloggm ver="2.3"><GO type="41" lobby="0"/><UN n0="%E7%94%98%E7%B2%95%E3%81%A4%E3%81%B0%E3%82%81" n1="%69%73%63%6F%70%65" n2="%E5%B0%B1%E6%B4%BB%E7%94%9F%40%E5%B7%9D%E6%9D%91%E8%BB%8D%E5%9B%A3" n3="%E7%90%86%E9%AB%98%E8%96%84%E6%88%91" dan="15,15,15,15" rate="1997.92,2023.88,2003.29,2056.43" sx="F,M,M,M"/><TAIKYOKU oya="0"/><INIT seed="0,0,0,1,2,96" ten="250,250,250,250" oya="0" hai0="18,74,128,56,21,62,54,32,71,82,100,66,70" hai1="132,44,125,17,22,126,9,95,20,15,99,45,129" hai2="50,12,27,63,6,60,51,112,107,122,41,111,34" hai3="2,4,124,8,72,80,83,28,98,25,47,11,65"/><T14/><D32/><U85/><E132/><V92/><F107/><W93/><G124/><N who="1" m="47722" /><E129/><V114/><F122/><W52/><G65/><T87/><D128/><U113/><E113/><V19/><F111/><W57/><G11/><T104/><D74/><U130/><E130/><V69/><F6/><W105/><G105/><T55/><D71/><U79/><E85/><V13/><F41/><W120/><G120/><T90/><REACH who="0" step="1"/><D56/><REACH who="0" ten="240,250,250,250" step="2"/><U35/><E35/><V58/><F69/><W61/><G72/><T101/><D101/><N who="1" m="60671" /><E79/><V37/><F34/><W36/><G47/><AGARI ba="0,1" hai="9,15,17,20,22,44,45,47" m="60671,47722" machi="47" ten="30,2000,0" yaku="18,1,52,1" doraHai="96" who="1" fromWho="3" sc="240,0,250,30,250,0,250,-20" /><INIT seed="1,0,0,5,3,109" ten="240,280,250,230" oya="1" hai0="95,94,26,38,119,113,85,46,87,34,29,14,86" hai1="58,123,114,18,33,52,74,5,128,42,32,69,19" hai2="44,16,135,79,13,2,11,48,134,37,77,127,7" hai3="51,118,20,99,65,28,82,132,75,111,96,17,92"/><U6/><E123/><V122/><F37/><W105/><G111/><T83/><D113/><U55/><E69/><V120/><F79/><W90/><G132/><N who="2" m="50729" /><F77/><W71/><G118/><T117/><D83/><U76/><E76/><V97/><F97/><W8/><G75/><T35/><D14/><U12/><E74/><V47/><F127/><W24/><G82/><T59/><D59/><U4/><E114/><V112/><F112/><W53/><G71/><T67/><D67/><U25/><E42/><N who="2" m="24599" /><F47/><W100/><G65/><T15/><D46/><U102/><E102/><V104/><F104/><W3/><G3/><T133/><D38/><U30/><E128/><V107/><F107/><W72/><G72/><T1/><D119/><U62/><E33/><V43/><F43/><W98/><G8/><AGARI ba="0,0" hai="2,7,8,11,13,16,120,122" m="24599,50729" machi="8" ten="30,2000,0" yaku="20,1,54,1" doraHai="109" who="2" fromWho="3" sc="240,0,280,0,250,20,230,-20" /><INIT seed="2,0,0,1,1,24" ten="240,280,270,210" oya="2" hai0="39,41,32,125,14,135,44,111,49,61,33,6,85" hai1="87,106,132,121,90,0,21,80,52,15,108,63,102" hai2="81,109,79,36,35,78,83,34,92,64,76,4,42" hai3="115,124,62,91,27,89,68,7,100,45,30,10,97"/><V101/><F64/><W66/><G124/><T74/><D125/><U110/><E0/><V58/><F4/><W84/><G115/><T116/><D111/><U55/><E132/><V54/><F109/><N who="1" m="42089" /><E121/><V130/><F130/><W88/><G45/><T50/><D74/><U2/><E2/><V31/><F42/><W129/><G129/><T128/><D128/><U105/><E102/><V133/><F36/><W11/><G84/><T20/><D135/><U71/><E15/><V117/><F117/><W46/><G46/><T73/><D73/><U25/><E71/><V28/><F35/><W98/><G7/><T70/><D20/><U118/><E118/><V59/><F59/><W67/><G66/><T51/><D14/><U65/><E65/><V69/><F69/><W40/><G40/><T114/><D6/><U3/><E3/><V112/><F34/><N who="3" m="20831" /><G97/><T94/><D114/><U104/><E63/><N who="2" m="36311" /><F112/><W75/><G75/><T127/><D127/><U120/><E120/><V123/><F123/><W126/><G126/><T48/><D116/><U134/><E134/><V13/><F13/><W43/><G43/><T16/><D41/><U113/><E113/><V86/><F133/><W37/><G37/><T22/><D39/><U99/><E99/><N who="2" m="59623" /><F83/><W119/><G119/><T26/><D70/><U82/><E82/><V95/><F95/><W72/><G72/><T103/><D44/><U5/><E5/><V47/><F47/><W17/><G17/><AGARI ba="0,0" hai="17,21,25,52,55,80,87,90,104,105,106" m="42089" machi="17" ten="40,2600,0" yaku="14,1,54,1" doraHai="24" who="1" fromWho="3" sc="240,0,280,26,270,0,210,-26" /><INIT seed="3,0,0,3,5,9" ten="240,306,270,184" oya="3" hai0="23,60,89,106,129,7,68,102,1,42,32,105,101" hai1="10,58,4,67,55,92,80,103,25,38,49,28,29" hai2="96,15,37,88,27,116,5,11,93,39,119,118,17" hai3="19,100,128,46,134,72,40,122,78,6,114,127,0"/><W71/><G19/><T83/><D89/><U94/><E38/><V18/><REACH who="2" step="1"/><F27/><REACH who="2" ten="240,306,260,184" step="2"/><W43/><G43/><T20/><D42/><U84/><E25/><V91/><F91/><W76/><G100/><T3/><D101/><U16/><E103/><V57/><F57/><W30/><G40/><T108/><D105/><U51/><E58/><V130/><F130/><W66/><G78/><T79/><D106/><U70/><E70/><V121/><F121/><W117/><G76/><T112/><D68/><U113/><E113/><V77/><F77/><W125/><G46/><T132/><D79/><U74/><E74/><V54/><F54/><W85/><G66/><T126/><D102/><U2/><E55/><V86/><F86/><W31/><G85/><T75/><D129/><U33/><E84/><V21/><F21/><W56/><G56/><T120/><D20/><U95/><E67/><V65/><F65/><W52/><G52/><T53/><D53/><U115/><E115/><V61/><F61/><W99/><G99/><T41/><D23/><U98/><E98/><V69/><F69/><W48/><G48/><T110/><D112/><U111/><E51/><V123/><F123/><W24/><G24/><T107/><D120/><U59/><E49/><V124/><F124/><W34/><G31/><T109/><D126/><U73/><E59/><V81/><F81/><W87/><G30/><T82/><D41/><U8/><E29/><V35/><F35/><W133/><G125/><T63/><D32/><U22/><E28/><V44/><F44/><W45/><G45/><T97/><D75/><RYUUKYOKU ba="0,1" sc="240,-10,306,-10,260,30,184,-10" hai2="5,11,15,17,18,37,39,88,93,96,116,118,119" /><INIT seed="4,1,1,4,2,25" ten="230,296,290,174" oya="0" hai0="70,44,15,30,97,127,84,76,73,98,38,35,65" hai1="101,12,41,26,134,60,72,104,33,107,95,61,43" hai2="78,4,80,89,21,24,69,28,85,58,77,94,18" hai3="3,11,23,112,17,90,117,2,116,96,62,93,122"/><T46/><D127/><U49/><E72/><V1/><F69/><W48/><G112/><T110/><D73/><U13/><E95/><V50/><F1/><W106/><G122/><T8/><D70/><U34/><E26/><V114/><F4/><W83/><G106/><T54/><D65/><U123/><E49/><V135/><F135/><W10/><G48/><T14/><D14/><U6/><E6/><V108/><F114/><W102/><G62/><T129/><D54/><U29/><E101/><V120/><F108/><W125/><G125/><T27/><D129/><U130/><E130/><V115/><F115/><W36/><G36/><T86/><D110/><U31/><E134/><V88/><F18/><W67/><G67/><T59/><D59/><U103/><E103/><V111/><F111/><W55/><G55/><T131/><D131/><U19/><E19/><V7/><F7/><W99/><G3/><T9/><D46/><U91/><E91/><V52/><F120/><AGARI ba="1,1" hai="12,13,29,31,33,34,41,43,60,61,104,107,120,123" machi="120" ten="25,6400,0" yaku="22,2,52,2" doraHai="25" who="1" fromWho="2" sc="230,0,296,77,290,-67,174,0" /><INIT seed="5,0,0,3,3,129" ten="230,373,223,174" oya="1" hai0="96,13,69,45,133,11,81,51,65,6,84,0,29" hai1="34,134,8,101,106,131,58,1,2,90,24,49,4" hai2="128,132,60,31,63,80,114,47,53,103,92,15,119" hai3="94,98,105,71,102,16,116,86,107,52,22,42,74"/><U89/><E131/><V83/><F128/><W41/><G71/><T35/><D133/><U23/><E134/><V91/><F132/><W55/><G74/><T54/><D69/><U10/><E34/><V50/><F119/><W36/><G116/><T57/><D96/><U111/><E101/><V125/><F103/><W78/><G36/><T59/><D0/><U123/><E106/><V18/><F31/><W21/><G21/><T20/><D35/><U135/><E135/><V109/><F109/><W104/><G42/><T67/><D59/><U121/><E111/><V28/><F28/><W93/><G41/><T126/><D126/><U43/><E123/><V70/><F114/><W48/><G48/><N who="0" m="30919" /><D20/><U113/><E113/><V117/><F125/><W77/><G77/><N who="0" m="46127" /><D29/><U39/><E39/><V87/><F117/><W120/><G120/><T76/><D76/><U66/><E43/><AGARI ba="0,0" hai="6,11,13,43,45,51,65,67" m="46127,30919" machi="43" ten="30,2000,0" yaku="25,1,8,1" doraHai="129" who="0" fromWho="1" sc="230,20,373,-20,223,0,174,0" /><INIT seed="6,0,0,3,0,94" ten="250,353,223,174" oya="2" hai0="83,105,101,40,77,104,99,108,134,56,50,32,64" hai1="30,135,115,131,37,75,118,5,82,11,68,8,111" hai2="18,19,78,59,106,76,87,113,98,117,43,88,2" hai3="13,125,133,51,122,29,126,47,49,58,39,26,69"/><V65/><F2/><W71/><G122/><T81/><D108/><U120/><RYUUKYOKU type="yao9" ba="0,0" sc="250,0,353,0,223,0,174,0" hai1="5,8,11,30,37,68,75,82,111,115,118,120,131,135" /><INIT seed="6,1,0,2,5,3" ten="250,353,223,174" oya="2" hai0="64,126,36,26,115,17,34,10,94,116,44,55,4" hai1="80,101,46,105,121,24,29,65,23,89,31,42,73" hai2="21,39,100,104,63,91,117,122,84,79,11,81,123" hai3="6,56,111,27,47,51,57,66,8,88,58,12,106"/><V75/><F39/><W90/><G111/><T95/><D64/><U20/><E121/><N who="2" m="46091" /><F21/><W134/><G106/><T82/><D82/><U38/><E65/><V107/><F63/><N who="3" m="38247" /><G134/><T109/><D95/><U22/><E29/><V77/><F11/><W97/><G27/><T41/><D94/><U69/><E69/><V128/><F117/><W78/><G78/><N who="2" m="29705" /><F75/><W114/><G114/><T125/><D116/><U87/><E73/><V70/><F70/><W32/><G32/><T112/><D109/><U30/><E30/><V124/><F124/><N who="0" m="47722" /><D55/><U9/><E9/><V60/><F60/><W131/><G131/><T130/><D130/><U68/><E68/><V0/><F0/><W96/><G97/><T118/><D118/><U133/><E133/><V45/><F45/><W43/><G96/><T50/><D36/><U25/><E31/><V108/><F128/><W99/><G99/><T40/><D34/><U102/><E105/><N who="2" m="40523" /><F108/><W5/><G6/><T37/><D37/><U15/><E24/><V85/><F85/><W53/><G58/><T113/><D26/><U98/><E25/><V86/><F86/><W28/><G28/><T135/><D17/><U71/><E71/><V132/><F132/><W19/><G19/><T52/><D135/><U59/><E59/><V13/><F13/><AGARI ba="1,0" hai="4,10,13,40,41,44,50,52,112,113,115" m="47722" machi="13" ten="40,8000,1" yaku="15,1,18,1,52,1,54,1" doraHai="3" who="0" fromWho="2" sc="250,83,353,0,223,-83,174,0" /><INIT seed="7,0,0,0,5,86" ten="333,353,140,174" oya="3" hai0="27,132,49,53,66,104,92,12,3,94,101,6,84" hai1="31,62,21,81,107,90,72,82,120,38,133,16,1" hai2="60,121,29,42,135,55,47,19,39,115,89,127,43" hai3="128,83,54,70,88,74,112,51,52,111,32,126,28"/><W23/><G70/><T80/><D3/><U87/><E120/><V40/><F121/><W5/><G32/><T65/><D132/><U46/><E107/><V123/><F123/><W18/><G74/><T45/><D104/><U117/><E1/><V25/><F135/><W64/><G112/><T34/><D34/><U109/><E109/><V24/><F115/><W118/><G118/><T14/><D27/><U129/><E133/><V11/><F127/><W110/><G126/><T61/><D61/><U8/><E8/><V76/><F76/><W68/><G128/><T91/><D6/><U96/><E31/><V100/><F100/><W75/><G5/><T97/><D94/><U35/><E35/><V108/><F108/><N who="3" m="41515" /><G28/><T30/><D30/><U98/><E129/><V130/><F130/><W125/><G75/><T99/><D99/><U67/><E117/><V102/><F102/><W124/><G64/><AGARI ba="0,0" hai="12,14,45,49,53,64,65,66,80,84,91,92,97,101" machi="64" ten="40,2600,0" yaku="8,1,52,1" doraHai="86" who="0" fromWho="3" sc="333,26,353,0,140,0,174,-26" owari="359,46.0,353,15.0,140,-36.0,148,-25.0" /></mjloggm>