<mjloggm ver="2.3"><GO type="97" lobby="0"/><UN n0="%E5%B0%B1%E6%B4%BB%E7%94%9F%40%E5%B7%9D%E6%9D%91%E8%BB%8D%E5%9B%A3" n1="%E3%81%9F%E3%83%BC%E3%81%9F" n2="%68%69%79%6F%74%6F%61%65" n3="%53%61%6D%33" dan="15,13,13,13" rate="1986.95,1867.97,1869.45,1866.54" sx="M,M,M,M"/><TAIKYOKU oya="0"/><INIT seed="0,0,0,1,2,105" ten="250,250,250,250" oya="0" hai0="110,22,5,39,9,72,58,123,96,95,93,18,114" hai1="49,44,112,90,133,52,1,37,51,34,78,55,80" hai2="59,94,97,89,14,2,7,70,85,119,99,56,27" hai3="122,127,13,40,63,66,74,57,10,60,98,75,106"/><T61/><D123/><U29/><E133/><V41/><F70/><W20/><G122/><T81/><D114/><U86/><E112/><V65/><F119/><W117/><G40/><T38/><D110/><U23/><E37/><V135/><F2/><W42/><G117/><T15/><D72/><U124/><E124/><V129/><F135/><W69/><G42/><T26/><D81/><U6/><E34/><V31/><F129/><W0/><G0/><T64/><REACH who="0" step="1"/><D93/><REACH who="0" ten="240,250,250,250" step="2"/><U91/><E1/><V126/><F126/><W120/><G127/><T28/><D28/><U92/><E92/><V128/><F128/><W32/><G120/><T130/><D130/><U12/><E29/><V73/><F73/><W17/><G75/><T104/><D104/><U11/><REACH who="1" step="1"/><E23/><REACH who="1" ten="240,240,250,250" step="2"/><V134/><F134/><W113/><G20/><T71/><D71/><U36/><E36/><V30/><F30/><W88/><G113/><T35/><D35/><U100/><E100/><AGARI ba="0,2" hai="5,9,15,18,22,26,38,39,58,61,64,95,96,100" machi="100" ten="30,5800,0" yaku="1,1,7,1,53,1" doraHai="105" doraHaiUra="3" who="0" fromWho="1" sc="240,78,240,-58,250,0,250,0" /><INIT seed="0,1,0,3,3,44" ten="318,182,250,250" oya="0" hai0="102,107,83,106,18,71,77,119,17,88,96,108,130" hai1="99,66,29,61,37,103,118,68,23,74,125,14,47" hai2="129,123,9,133,21,98,135,109,93,95,76,111,3" hai3="127,20,104,15,7,27,115,38,4,131,120,134,30"/><T85/><D119/><U11/><E118/><V57/><F123/><W28/><G38/><T2/><D2/><U52/><E125/><V94/><F3/><W40/><G104/><T122/><D71/><U6/><E74/><V34/><F34/><N who="3" m="20767" /><G40/><T56/><D122/><U42/><E29/><V67/><F9/><N who="3" m="4519" /><G115/><T82/><D130/><U60/><E23/><V31/><F76/><W54/><G54/><T84/><D108/><N who="2" m="41546" /><F129/><W58/><G58/><T45/><D107/><U116/><E116/><V92/><F67/><W26/><G120/><T90/><D56/><U114/><E114/><V86/><F57/><W24/><G131/><T70/><D70/><U121/><E121/><V48/><F48/><W22/><G127/><T16/><D45/><U35/><E35/><V13/><F13/><W117/><G117/><T105/><D105/><U55/><REACH who="1" step="1"/><E61/><REACH who="1" ten="318,172,250,250" step="2"/><V97/><F21/><W72/><G72/><T43/><D43/><U8/><E8/><V73/><F31/><N who="3" m="17799" /><G134/><N who="2" m="51209" /><F73/><W33/><G7/><T59/><D59/><U113/><E113/><V25/><F25/><W81/><G81/><T51/><D77/><U124/><E124/><V112/><F112/><W46/><G46/><T87/><D83/><U0/><E0/><V36/><F36/><W101/><G101/><T91/><D82/><U49/><E49/><AGARI ba="1,1" hai="16,17,18,49,51,84,85,87,88,90,91,96,102,106" machi="49" ten="50,18000,2" yaku="29,2,52,2,54,2" doraHai="44" who="0" fromWho="1" sc="318,193,172,-183,250,0,250,0" owari="511,61.0,-11,-51.0,250,5.0,250,-15.0" /></mjloggm>