<mjloggm ver="2.3"><GO type="225" lobby="0"/><UN n0="%E8%92%BC%E6%9C%88%E6%BD%AE" n1="%E3%83%88%E3%83%88%E3%83%AA%E5%85%88%E7%94%9F%31%39%E6%AD%B3" n2="%E3%82%A6%E3%82%A3%E3%83%83%E3%83%81" n3="%77%61%74%61%75" dan="16,17,16,16" rate="2122.27,2180.64,2083.19,2045.48" sx="M,F,F,M"/><TAIKYOKU oya="0"/><INIT seed="0,0,0,4,5,111" ten="250,250,250,250" oya="0" hai0="42,36,107,10,70,114,112,83,130,92,34,135,80" hai1="50,72,81,54,131,3,13,94,46,68,19,62,52" hai2="108,133,86,106,7,123,30,127,77,49,90,78,128" hai3="87,117,1,29,39,24,102,104,23,17,45,55,119"/><T12/><D107/><U14/><E3/><V85/><F123/><W15/><G1/><T5/><D34/><U31/><E131/><V59/><F106/><W93/><G104/><T40/><D70/><U74/><E14/><V47/><F108/><W35/><G55/><T89/><D130/><U9/><E31/><V64/><F128/><W97/><REACH who="3" step="1"/><G87/><REACH who="3" ten="250,250,250,240" step="2"/><T121/><D121/><U124/><E54/><V21/><F86/><W82/><G82/><T109/><D109/><U76/><E94/><V28/><F85/><W2/><G2/><T99/><D135/><U22/><E74/><V103/><F133/><W84/><G84/><T96/><D96/><U129/><E129/><V37/><F64/><W8/><G8/><T113/><REACH who="0" step="1"/><D42/><AGARI ba="0,1" hai="15,17,23,24,29,35,39,42,45,93,97,102,117,119" machi="42" ten="40,2600,0" yaku="1,1,53,1" doraHai="111" doraHaiUra="27" who="3" fromWho="0" sc="250,-26,250,0,250,0,240,36" /><INIT seed="1,0,0,1,2,25" ten="224,250,250,276" oya="1" hai0="105,18,88,96,17,0,107,11,26,91,67,24,86" hai1="48,74,113,117,124,89,126,60,53,132,93,14,118" hai2="63,99,5,10,57,42,43,40,82,110,128,70,80" hai3="32,38,90,12,61,85,47,52,121,69,106,22,7"/><U59/><E74/><V65/><F110/><W8/><G32/><T16/><D67/><N who="1" m="39327" /><E14/><V76/><F128/><W56/><G121/><T71/><D71/><U20/><E20/><V87/><F99/><W94/><G106/><T1/><D96/><U35/><E35/><V109/><F109/><W33/><G33/><T111/><D111/><U31/><E31/><V55/><F82/><W13/><G69/><T123/><D123/><U125/><E113/><V34/><F34/><W101/><G101/><T95/><D11/><U130/><E130/><V92/><F92/><W37/><REACH who="3" step="1"/><G47/><REACH who="3" ten="224,250,250,266" step="2"/><T3/><REACH who="0" step="1"/><D91/><REACH who="0" ten="214,250,250,266" step="2"/><U81/><E89/><V54/><REACH who="2" step="1"/><F70/><REACH who="2" ten="214,250,240,266" step="2"/><W102/><G102/><T62/><D62/><U50/><E125/><V49/><F49/><W134/><G134/><T84/><D84/><U120/><E132/><V46/><F46/><W4/><G4/><T2/><N who="0" m="512" /><DORA hai="58" /><T116/><D116/><U27/><E50/><V51/><F51/><W29/><G29/><T66/><D66/><U103/><E48/><V108/><F108/><W9/><G9/><T112/><D112/><U19/><E118/><V114/><F114/><W39/><G39/><T68/><D68/><U30/><E117/><V15/><AGARI ba="0,3" hai="5,10,15,40,42,43,54,55,57,63,65,76,80,87" machi="15" ten="30,7900,0" yaku="1,1,0,1,8,1,52,1,53,0" doraHai="25,58" doraHaiUra="115,100" who="2" fromWho="2" sc="214,-20,250,-39,240,109,266,-20" /><INIT seed="2,0,0,5,5,96" ten="194,211,349,246" oya="2" hai0="11,8,134,50,114,128,67,106,101,123,117,68,109" hai1="108,62,105,132,43,91,60,17,44,124,103,98,127" hai2="125,120,78,47,112,61,25,122,19,28,89,121,0" hai3="84,5,3,56,16,12,81,93,15,21,63,72,58"/><V1/><F78/><N who="3" m="46135" /><G72/><T97/><D114/><U31/><E108/><V133/><F112/><W70/><G70/><T85/><D123/><U65/><E132/><V90/><F125/><N who="1" m="48201" /><E31/><V99/><F133/><W77/><G3/><T88/><D134/><U7/><E7/><V26/><F61/><W100/><G77/><T69/><D109/><U130/><E130/><V45/><F19/><N who="3" m="10495" /><G5/><T14/><D128/><U107/><E91/><N who="2" m="34827" /><F99/><N who="3" m="59503" /><G63/><T135/><D135/><U24/><E105/><V66/><F28/><W6/><G6/><T37/><D37/><U104/><E104/><V59/><F1/><W20/><AGARI ba="0,0" hai="12,16,20,56,58" m="59503,10495,46135" machi="20" ten="30,4000,0" yaku="8,1,52,1,54,1" doraHai="96" who="3" fromWho="3" sc="194,-10,211,-10,349,-20,246,40" /><INIT seed="3,0,0,5,2,76" ten="184,201,329,286" oya="3" hai0="32,34,60,36,64,26,85,27,125,105,67,51,115" hai1="9,5,37,42,83,69,31,30,109,81,46,122,131" hai2="112,38,110,33,90,1,129,116,68,117,127,123,89" hai3="87,86,13,107,114,8,23,108,63,82,19,44,70"/><W100/><G114/><T124/><D36/><U49/><E122/><V12/><RYUUKYOKU type="yao9" ba="0,0" sc="184,0,201,0,329,0,286,0" hai2="1,12,33,38,68,89,90,110,112,116,117,123,127,129" /><INIT seed="3,1,0,3,2,6" ten="184,201,329,286" oya="3" hai0="36,60,109,59,133,44,97,130,14,84,12,5,79" hai1="94,21,117,95,29,71,87,32,4,124,31,135,104" hai2="47,123,37,120,15,10,61,98,114,74,116,42,76" hai3="24,3,25,55,110,35,11,81,129,18,46,113,131"/><W122/><G81/><N who="0" m="47167" /><D36/><U83/><E104/><V68/><F114/><W67/><G67/><N who="0" m="39327" /><D109/><U107/><E107/><V102/><F116/><W52/><G113/><T62/><D133/><U22/><E71/><V65/><F76/><W85/><G85/><T13/><D130/><N who="3" m="49673" /><G122/><T26/><D26/><N who="3" m="10345" /><G35/><T111/><D111/><U128/><E128/><V48/><F74/><W38/><G110/><T49/><D62/><U54/><E135/><V58/><F37/><W108/><G108/><T23/><D97/><U119/><E124/><V50/><F68/><W77/><G77/><T30/><D30/><N who="1" m="11275" /><E32/><V43/><F43/><N who="3" m="22903" /><G18/><N who="0" m="10695" /><D5/><AGARI ba="1,0" hai="3,5,11,52,55" m="22903,10345,49673" machi="5" ten="30,5800,0" yaku="19,1,52,1,54,1" doraHai="6" who="3" fromWho="0" sc="184,-61,201,0,329,0,286,61" owari="123,-38.0,201,-20.0,329,13.0,347,45.0" /></mjloggm>