<mjloggm ver="2.3"><GO type="41" lobby="0"/><UN n0="%6B%6E%75%64%33%71%32%34" n1="%73%6F%65%74%61%72%6F%75" n2="%E5%B0%B1%E6%B4%BB%E7%94%9F%40%E5%B7%9D%E6%9D%91%E8%BB%8D%E5%9B%A3" n3="%E3%80%9D%E3%83%A9%E3%83%A0%E3%83%80%E3%83%87%E3%83%AB%E3%82%BF%E3%80%9F" dan="14,14,15,15" rate="1879.83,1867.19,1942.25,2067.54" sx="M,F,M,F"/><TAIKYOKU oya="0"/><INIT seed="0,0,0,5,0,72" ten="250,250,250,250" oya="0" hai0="104,56,27,99,35,60,131,122,81,83,63,100,113" hai1="6,130,118,80,105,102,77,45,64,109,88,20,22" hai2="31,132,129,18,89,97,120,86,106,123,34,75,16" hai3="92,5,54,51,0,111,125,115,84,128,8,61,121"/><T47/><D113/><U50/><E118/><V116/><F75/><W58/><G115/><T107/><D122/><U101/><E6/><V108/><F116/><W21/><G121/><T78/><D131/><U36/><E36/><V57/><F129/><W19/><G111/><T59/><D107/><U133/><E130/><V134/><F108/><W33/><G33/><T39/><D81/><U71/><E109/><V82/><F34/><W3/><G125/><T67/><D35/><U103/><E133/><N who="2" m="51307" /><F31/><W44/><G128/><T68/><D60/><U90/><E105/><V13/><F57/><W117/><G117/><T52/><D27/><U38/><E38/><V98/><F18/><W23/><G0/><T94/><D104/><U96/><E64/><V73/><F73/><W26/><G23/><N who="1" m="8746" /><E96/><N who="2" m="36971" /><F106/><W25/><G92/><T93/><D93/><U49/><E71/><V65/><F65/><W110/><G84/><T7/><D7/><U41/><E50/><V15/><F15/><W112/><G110/><T55/><D39/><U28/><E28/><V2/><F2/><W32/><G112/><T1/><D1/><U12/><E12/><V11/><AGARI ba="0,0" hai="11,13,16,82,86,89,120,123" m="36971,51307" machi="11" ten="30,2000,0" yaku="20,1,54,1" doraHai="72" who="2" fromWho="2" sc="250,-10,250,-5,250,20,250,-5" /><INIT seed="1,0,0,4,5,105" ten="240,245,270,245" oya="1" hai0="47,21,79,78,6,85,10,104,62,84,63,113,45" hai1="100,11,56,1,20,102,12,93,66,22,116,4,101" hai2="39,48,132,0,33,36,41,24,110,117,75,73,127" hai3="58,29,95,70,91,19,40,34,115,77,7,82,135"/><U120/><E120/><V5/><F48/><W68/><G115/><T69/><D113/><U118/><E1/><V107/><F117/><W111/><G111/><T109/><D104/><U92/><E116/><V57/><F57/><W16/><G135/><T13/><D109/><U83/><E83/><V94/><F94/><N who="1" m="36457" /><E118/><V103/><F110/><W112/><G112/><T128/><D128/><U98/><E98/><N who="2" m="61943" /><F132/><W97/><G40/><T89/><D69/><U38/><E38/><N who="2" m="14379" /><F41/><W80/><G7/><T35/><D35/><U99/><E99/><V65/><F65/><W30/><G82/><N who="0" m="47191" /><D21/><U90/><E90/><V55/><F55/><W130/><G130/><T81/><D89/><U2/><E2/><V133/><F133/><W37/><G37/><T114/><D114/><U15/><E12/><V52/><F52/><W125/><G125/><T122/><D122/><U119/><E119/><V43/><F43/><W86/><G34/><T124/><D124/><U46/><E46/><AGARI ba="0,0" hai="6,10,13,45,46,47,62,63,79,81,85" m="47191" machi="46" ten="30,1000,0" yaku="8,1" doraHai="105" who="0" fromWho="1" sc="240,10,245,-10,270,0,245,0" /><INIT seed="2,0,0,4,0,28" ten="250,235,270,245" oya="2" hai0="45,88,105,2,84,73,106,16,53,27,91,54,0" hai1="107,112,89,80,119,63,3,41,69,102,86,30,128" hai2="85,59,132,67,22,11,42,56,130,115,109,116,18" hai3="52,77,51,35,126,9,83,6,23,98,44,60,4"/><V113/><F116/><W99/><G126/><T29/><D73/><U64/><E3/><V40/><F11/><W120/><G120/><T58/><D91/><U118/><E112/><V43/><F130/><W55/><G4/><T135/><D135/><U68/><E69/><V97/><F132/><W5/><G35/><T87/><D87/><U122/><E122/><V117/><F117/><W70/><G5/><T15/><D45/><U38/><E128/><V76/><F97/><W134/><G134/><T131/><D54/><U93/><E93/><V81/><F109/><W57/><G70/><T12/><D12/><U21/><E41/><V75/><F75/><W79/><G23/><T133/><D133/><U8/><E8/><V127/><F127/><W10/><G10/><T108/><D108/><U48/><E48/><V74/><F74/><W72/><REACH who="3" step="1"/><G79/><REACH who="3" ten="250,235,270,235" step="2"/><T37/><D131/><U82/><E21/><V34/><F34/><W65/><G65/><T61/><D0/><AGARI ba="0,1" hai="0,6,9,44,51,52,55,57,60,72,77,83,98,99" machi="0" ten="30,8000,1" yaku="1,1,7,1,54,1,53,2" doraHai="28" doraHaiUra="92" who="3" fromWho="0" sc="250,-80,235,0,270,0,235,90" /><INIT seed="3,0,0,4,2,94" ten="170,235,270,325" oya="3" hai0="28,58,79,46,66,109,91,133,120,11,36,41,29" hai1="64,119,4,23,126,78,33,112,47,128,22,93,40" hai2="19,122,102,42,131,65,10,16,76,98,121,43,25" hai3="6,89,97,31,17,111,37,74,0,103,2,84,20"/><W100/><G37/><T88/><D120/><N who="2" m="46186" /><F131/><W104/><G103/><T67/><D109/><U54/><E33/><V85/><F65/><W132/><G74/><T62/><D133/><U57/><E112/><V117/><F117/><W5/><G31/><T75/><D67/><U69/><E126/><V113/><F113/><W81/><G132/><T44/><D44/><U8/><E128/><V70/><F70/><W105/><G105/><T82/><D11/><U135/><E135/><V129/><F129/><W92/><G111/><T7/><D7/><U95/><E78/><V45/><F10/><W13/><REACH who="3" step="1"/><G104/><REACH who="3" ten="170,235,270,315" step="2"/><T63/><D29/><U80/><E119/><V107/><F25/><W124/><G124/><T50/><D28/><U130/><E130/><V87/><F43/><W86/><G86/><N who="2" m="32777" /><F76/><W27/><G27/><T90/><REACH who="0" step="1"/><D62/><REACH who="0" ten="160,235,270,315" step="2"/><U1/><E64/><V60/><F60/><W30/><G30/><T35/><D35/><U96/><E69/><V14/><F42/><W3/><AGARI ba="0,2" hai="0,2,3,5,6,13,17,20,81,84,89,92,97,100" machi="3" ten="30,18000,2" yaku="1,1,0,1,52,1,53,3" doraHai="94" doraHaiUra="34" who="3" fromWho="3" sc="160,-60,235,-60,270,-60,315,200" /><INIT seed="3,1,0,1,0,62" ten="100,175,210,515" oya="3" hai0="124,18,131,66,75,23,128,93,2,110,68,38,105" hai1="17,99,129,41,94,95,78,85,134,22,84,126,58" hai2="87,135,42,109,91,5,52,73,120,34,54,44,122" hai3="98,27,11,48,76,79,106,123,102,53,13,74,81"/><W0/><G0/><T89/><D105/><U101/><E126/><V4/><F73/><W113/><G123/><N who="2" m="47145" /><F34/><W46/><G113/><T21/><D2/><U55/><E41/><V77/><F77/><W49/><G76/><T3/><D75/><U107/><E134/><V28/><F28/><W57/><G27/><T92/><D38/><U65/><E129/><N who="0" m="49737" /><D3/><U100/><E107/><V90/><F135/><W47/><REACH who="3" step="1"/><G49/><REACH who="3" ten="100,175,210,505" step="2"/><T97/><D124/><U80/><E78/><V96/><F109/><W83/><G83/><T26/><D110/><U19/><E80/><N who="2" m="49511" /><F5/><AGARI ba="1,1" hai="5,11,13,46,47,48,53,57,74,79,81,98,102,106" machi="5" ten="30,2900,0" yaku="1,1,7,1,53,0" doraHai="62" doraHaiUra="125" who="3" fromWho="2" sc="100,0,175,0,210,-32,505,42" /><INIT seed="3,2,0,4,4,68" ten="100,175,178,547" oya="3" hai0="23,14,96,57,104,50,84,128,88,94,2,65,74" hai1="77,115,119,85,52,112,102,8,5,97,80,108,9" hai2="90,83,114,7,0,132,134,75,4,113,48,67,121" hai3="20,12,126,29,130,42,92,44,53,103,71,95,122"/><W49/><G122/><T70/><D2/><U6/><E119/><V109/><F67/><W45/><G71/><T56/><D128/><U27/><E27/><V3/><F48/><W30/><G130/><T106/><D74/><U37/><E37/><V21/><F90/><W11/><G126/><T16/><D70/><U33/><E33/><V100/><F83/><W135/><G135/><N who="2" m="51753" /><F75/><W24/><G30/><T25/><D96/><U131/><E108/><V111/><F100/><W89/><G103/><T120/><D120/><U19/><E131/><V32/><F21/><W129/><G129/><T66/><D66/><U55/><E112/><N who="2" m="43115" /><F32/><W62/><G62/><T93/><D93/><N who="1" m="58671" /><E19/><V117/><F117/><W107/><G107/><T35/><D35/><U10/><E115/><V76/><F76/><W61/><G61/><T28/><D28/><U59/><E55/><V43/><F43/><W22/><G22/><T73/><D73/><U127/><E127/><V69/><F69/><W124/><G124/><T1/><D1/><N who="2" m="586" /><F121/><W46/><G92/><T86/><D25/><U72/><E72/><V101/><F101/><W58/><G42/><T125/><D125/><U105/><E105/><V18/><F18/><W54/><G53/><N who="0" m="31799" /><D86/><U38/><E38/><V13/><F13/><W36/><G36/><T41/><D41/><U91/><E91/><V118/><F118/><W133/><G133/><T60/><AGARI ba="2,0" hai="14,16,23,57,60,65,84,88,94,104,106" m="31799" machi="60" ten="30,4000,0" yaku="25,1,54,2" doraHai="68" who="0" fromWho="0" sc="100,46,175,-12,178,-12,547,-22" /><INIT seed="4,0,0,5,4,116" ten="146,163,166,525" oya="0" hai0="135,65,5,16,115,11,108,87,47,97,122,57,96" hai1="18,92,86,60,23,111,51,35,29,73,70,46,3" hai2="25,104,95,4,88,13,130,91,79,85,113,34,77" hai3="21,106,101,80,20,52,94,33,31,127,28,82,103"/><T59/><D122/><U50/><E73/><V42/><F104/><W74/><G106/><T39/><D115/><U100/><E111/><V121/><F113/><W129/><G127/><T62/><D135/><U132/><E3/><V24/><F121/><W131/><G33/><T118/><D118/><U133/><E29/><N who="3" m="11338" /><G52/><N who="0" m="34087" /><D39/><U6/><E6/><V76/><F34/><W69/><G69/><T64/><D108/><U12/><E35/><V75/><F75/><W54/><G54/><T109/><D109/><U110/><E110/><V56/><F130/><N who="3" m="49675" /><G74/><T93/><D5/><U27/><E27/><V66/><F42/><W8/><G8/><T123/><D47/><U117/><E117/><V107/><F107/><W68/><G68/><T38/><D38/><U114/><E114/><V2/><F2/><W19/><G94/><T44/><D123/><U17/><E70/><V22/><F56/><W67/><G67/><N who="0" m="25675" /><D59/><U58/><E18/><N who="2" m="10575" /><F4/><W119/><G119/><T105/><D44/><U45/><E46/><V63/><F63/><W102/><G19/><T48/><D48/><U0/><E45/><V61/><F61/><W125/><G125/><T81/><D105/><U72/><E50/><V89/><F66/><W14/><G14/><N who="0" m="7263" /><D93/><U124/><E92/><V43/><F43/><W78/><G78/><AGARI ba="0,0" hai="78,81,87,96,97" m="7263,25675,34087" machi="78" ten="30,5800,0" yaku="8,1,54,2" doraHai="116" who="0" fromWho="3" sc="146,58,163,0,166,0,525,-58" /><INIT seed="4,1,0,3,5,51" ten="204,163,166,467" oya="0" hai0="124,8,18,78,85,59,73,46,71,19,29,35,104" hai1="14,94,88,64,17,72,109,3,119,101,6,110,120" hai2="82,7,24,93,114,48,74,15,13,50,25,129,16" hai3="34,67,2,62,126,36,58,66,57,1,28,92,12"/><T84/><D104/><U100/><E120/><V60/><F114/><W132/><G36/><T91/><D71/><U77/><E119/><V20/><F129/><W106/><G106/><T103/><D73/><U107/><E64/><V26/><F74/><W116/><G116/><T131/><D131/><U69/><E69/><V44/><F82/><W31/><G132/><T68/><D103/><U27/><E3/><V22/><F60/><W128/><G128/><T113/><D113/><U65/><E65/><V133/><F133/><W130/><G130/><T125/><D68/><U61/><E61/><V45/><F93/><W87/><G126/><N who="0" m="48747" /><D8/><U108/><E6/><V4/><F26/><W63/><G34/><T30/><D78/><U111/><E27/><V97/><F97/><W76/><G12/><T89/><D59/><U53/><E53/><V118/><F118/><W42/><G42/><T121/><D46/><U115/><E115/><V55/><F16/><N who="0" m="6186" /><D121/><U79/><E107/><V112/><F112/><W41/><G41/><T134/><D35/><U5/><E5/><V98/><F98/><W96/><G76/><T52/><D134/><U83/><E77/><V99/><F99/><W81/><G81/><N who="0" m="49295" /><D52/><AGARI ba="1,0" hai="4,7,13,15,20,22,24,25,44,45,48,50,52,55" machi="52" ten="25,12000,2" yaku="22,2,8,1,52,2,54,1" doraHai="51" who="2" fromWho="0" sc="204,-123,163,0,166,123,467,0" /><INIT seed="5,0,0,4,3,115" ten="81,163,289,467" oya="1" hai0="37,43,15,92,74,38,0,28,79,97,90,73,117" hai1="53,54,1,11,9,44,94,47,24,76,20,118,29" hai2="36,3,7,128,83,40,23,106,121,78,10,27,87" hai3="80,14,114,41,122,93,91,5,30,96,46,124,127"/><U113/><E76/><V64/><F121/><W88/><G122/><T133/><D133/><U69/><E69/><V82/><F106/><W4/><G30/><T22/><D0/><U60/><E113/><V32/><F128/><W102/><G114/><T120/><D120/><U6/><E11/><V104/><F104/><W26/><G26/><T109/><D109/><U103/><E118/><V100/><F32/><W98/><G80/><T116/><D79/><U95/><E103/><V85/><F100/><W129/><G129/><T131/><D131/><U134/><E134/><V55/><F64/><W48/><G14/><T108/><D108/><U86/><E60/><V66/><F66/><W25/><G25/><T39/><D43/><U67/><E67/><V45/><F55/><W12/><G12/><T68/><D68/><U62/><E62/><V17/><REACH who="2" step="1"/><F83/><REACH who="2" ten="81,163,279,467" step="2"/><W21/><G102/><T125/><D125/><U130/><E130/><V63/><F63/><W51/><G41/><T135/><D135/><U75/><E54/><V111/><F111/><W71/><G93/><T61/><D61/><U112/><E53/><V18/><F18/><W19/><G19/><T57/><D57/><U50/><E94/><V16/><F16/><W65/><G65/><T49/><D49/><U2/><E95/><V110/><F110/><W101/><G71/><T126/><D126/><U13/><E112/><V59/><F59/><W99/><G101/><T33/><D33/><U56/><E50/><V119/><F119/><N who="0" m="45642" /><D28/><U70/><E70/><V107/><F107/><W89/><G124/><T42/><D42/><RYUUKYOKU ba="0,1" sc="81,15,163,-15,279,15,467,-15" hai0="15,22,37,38,39,73,74,90,92,97" hai2="3,7,10,17,23,27,36,40,45,78,82,85,87" /><INIT seed="6,1,1,3,4,106" ten="96,148,294,452" oya="2" hai0="63,12,40,3,76,37,132,21,9,55,45,129,83" hai1="26,43,87,125,88,113,8,96,105,122,86,89,109" hai2="101,120,110,69,124,81,64,123,75,20,71,14,10" hai3="48,107,108,72,58,119,74,128,104,23,16,82,118"/><V135/><F110/><W41/><G108/><T33/><D132/><U100/><E109/><V61/><F71/><W80/><G128/><T24/><D129/><U36/><E113/><V42/><F135/><W44/><G58/><N who="0" m="35295" /><D33/><U34/><E122/><V22/><F124/><W111/><G111/><T52/><D12/><U54/><E125/><V92/><F42/><W60/><G60/><T95/><D21/><U11/><E54/><V0/><F0/><W85/><G82/><T49/><D24/><U70/><E70/><V90/><F101/><W5/><G5/><N who="0" m="1215" /><D95/><U53/><E53/><V114/><F114/><W39/><G39/><T18/><D18/><U13/><E43/><V65/><F65/><W133/><G133/><T77/><D77/><U98/><E36/><V1/><F1/><W91/><G107/><T73/><D52/><U2/><E2/><V35/><F35/><W103/><G103/><T112/><D49/><U130/><E130/><V7/><F120/><W50/><G104/><T116/><D116/><U126/><E126/><V66/><F66/><W31/><G31/><T68/><D68/><U6/><E11/><V117/><F117/><W47/><G118/><T99/><D99/><U57/><E98/><V51/><F123/><W102/><G102/><T84/><D84/><U59/><E26/><V27/><F51/><W131/><G119/><T28/><D28/><U32/><E34/><V17/><F22/><W134/><G131/><T56/><D56/><N who="1" m="21579" /><E32/><V19/><F7/><W30/><G30/><T93/><D93/><U94/><E105/><V67/><F67/><RYUUKYOKU ba="1,1" sc="96,15,148,15,294,-15,452,-15" hai0="37,40,45,73,76,83,112" hai1="6,8,13,86,87,88,89,94,96,100" /><INIT seed="7,2,1,2,1,23" ten="111,163,279,437" oya="3" hai0="21,134,108,1,115,28,42,61,24,122,54,19,111" hai1="126,43,76,79,45,93,5,118,132,8,29,13,55" hai2="123,72,119,113,16,110,4,103,39,0,17,95,77" hai3="129,37,92,6,125,50,38,46,22,85,99,3,73"/><W112/><G73/><T86/><D122/><U49/><E132/><V81/><F110/><W35/><G35/><T98/><D1/><U107/><E107/><V20/><F119/><W114/><G129/><T18/><D42/><U31/><E126/><V26/><F123/><W63/><G125/><T100/><D111/><U11/><E118/><V47/><F113/><N who="3" m="43627" /><G85/><T67/><D115/><U116/><E116/><V2/><F17/><W70/><G6/><T40/><D108/><U94/><E11/><V62/><F62/><W48/><G3/><T51/><D40/><U117/><E117/><V106/><F106/><W58/><G70/><T104/><D134/><U44/><E31/><V120/><F120/><W57/><G22/><T15/><D86/><U7/><E29/><V130/><F130/><W59/><G63/><T78/><D15/><U64/><E64/><V74/><F74/><W101/><G50/><T89/><D78/><N who="1" m="29739" /><E5/><V52/><F4/><W121/><G121/><T9/><D89/><U91/><E91/><V53/><F2/><W41/><AGARI ba="2,1" hai="37,38,41,46,48,57,58,59,92,99,101" m="43627" machi="41" ten="30,1500,0" yaku="15,1" doraHai="23" who="3" fromWho="3" sc="111,-7,163,-7,279,-7,437,31" owari="104,-40.0,156,-24.0,272,7.0,468,57.0" /></mjloggm>