<mjloggm ver="2.3"><GO type="169" lobby="0"/><UN n0="%73%68%61%6F" n1="%64%61%61%61%61%61%61%61" n2="%E3%82%A6%E3%83%AB%E3%83%88%E3%83%A9%E7%AB%8B%E7%9B%B4" n3="%E3%83%AD%E3%83%9E%E3%83%8D%E3%82%B9%E3%82%AF" dan="16,16,17,16" rate="2108.23,2062.87,2169.07,2110.88" sx="M,M,M,M"/><TAIKYOKU oya="0"/><INIT seed="0,0,0,4,5,20" ten="250,250,250,250" oya="0" hai0="101,9,124,25,84,39,23,135,132,51,67,78,113" hai1="131,54,34,111,17,29,123,86,44,108,90,120,33" hai2="109,71,85,42,27,114,60,106,97,41,112,52,89" hai3="13,117,61,133,76,10,55,16,92,130,40,65,32"/><T1/><D39/><U95/><E131/><V75/><F75/><W2/><G117/><T18/><D113/><U83/><E17/><V79/><F79/><W81/><G130/><T102/><D67/><U36/><E34/><V96/><F71/><W126/><G126/><T7/><D124/><U105/><E105/><V80/><F106/><W118/><G118/><T0/><D0/><U37/><E37/><V70/><F70/><W98/><G133/><N who="0" m="51275" /><D51/><N who="1" m="29031" /><E36/><V21/><F109/><N who="1" m="42057" /><E29/><N who="2" m="17647" /><F114/><W12/><G32/><T49/><D49/><U63/><E33/><V68/><F68/><W73/><G40/><N who="2" m="15465" /><F112/><W115/><G115/><T22/><D22/><U82/><E63/><V46/><F60/><W26/><G55/><T134/><N who="0" m="51283" /><T110/><DORA hai="62" /><D110/><U64/><E64/><V128/><F128/><W94/><G2/><T24/><D24/><U8/><E8/><V56/><F56/><W121/><G121/><AGARI ba="0,0" hai="82,83,86,90,95,120,121,123" m="42057,29031" machi="121" ten="30,1000,0" yaku="14,1" doraHai="20,62" who="1" fromWho="3" sc="250,0,250,10,250,0,250,-10" /><INIT seed="1,0,0,2,5,14" ten="250,260,250,240" oya="1" hai0="34,90,135,63,77,42,50,108,120,105,88,84,25" hai1="37,115,78,69,111,134,132,48,38,81,45,133,80" hai2="3,21,118,92,29,15,57,112,62,56,51,131,52" hai3="1,39,8,68,122,64,58,26,49,129,43,19,106"/><U33/><E115/><V99/><F3/><W73/><G122/><T109/><D105/><U5/><E33/><V119/><F131/><W61/><G129/><T44/><D120/><U127/><E69/><V96/><F112/><W47/><G73/><T123/><D123/><U13/><E127/><V40/><F96/><W72/><G72/><T126/><D126/><U128/><E128/><V0/><F0/><W86/><G106/><T124/><D124/><U94/><E94/><V60/><F40/><W65/><G86/><T11/><D135/><U23/><E111/><N who="0" m="42569" /><D63/><U79/><E81/><V100/><F51/><W6/><G65/><T103/><D103/><U87/><E78/><V32/><F32/><W93/><G93/><T121/><D121/><U104/><E104/><V67/><REACH who="2" step="1"/><F15/><REACH who="2" ten="250,260,240,240" step="2"/><W113/><G113/><T116/><D34/><U85/><E37/><V89/><F89/><W53/><REACH who="3" step="1"/><G26/><AGARI ba="0,1" hai="21,26,29,52,56,57,60,62,67,92,99,100,118,119" machi="26" ten="40,8000,1" yaku="1,1,25,2,54,1,53,0" doraHai="14" doraHaiUra="110" who="2" fromWho="3" sc="250,0,260,0,240,90,240,-80" /><INIT seed="2,0,0,1,2,121" ten="250,260,330,160" oya="2" hai0="17,73,92,129,126,62,51,74,107,131,96,18,48" hai1="6,59,81,32,14,114,38,75,68,55,65,116,61" hai2="132,34,54,101,128,21,3,53,47,76,23,19,117" hai3="12,105,82,15,9,40,79,50,63,57,52,85,58"/><V0/><F34/><W60/><G105/><T70/><D107/><U103/><E114/><V11/><F117/><W30/><G30/><T113/><D113/><U46/><E116/><V35/><F35/><W93/><G93/><T112/><D112/><U108/><E103/><V94/><F3/><W118/><G118/><T13/><D126/><U110/><E32/><V20/><F0/><W66/><REACH who="3" step="1"/><G9/><REACH who="3" ten="250,260,330,150" step="2"/><T37/><D92/><U8/><E81/><V4/><F11/><W102/><G102/><T130/><D130/><U77/><E77/><V98/><F76/><W123/><G123/><T84/><D131/><U5/><E5/><V26/><F4/><W71/><G71/><T24/><D70/><U44/><E75/><V49/><F128/><W88/><G88/><T86/><D74/><U111/><REACH who="1" step="1"/><E38/><REACH who="1" ten="250,250,330,150" step="2"/><V36/><F36/><W43/><G43/><T109/><D37/><U100/><E100/><V25/><F101/><W56/><G56/><T91/><D73/><U10/><E10/><V89/><F89/><W95/><G95/><T120/><D91/><U31/><E31/><V135/><F94/><W29/><G29/><T127/><D129/><U80/><E80/><V27/><F98/><W115/><G115/><T45/><D96/><U97/><E97/><V119/><F119/><W2/><G2/><T42/><D120/><U122/><E122/><V69/><F69/><W83/><G83/><T16/><D86/><U64/><E64/><V78/><F78/><W67/><G67/><T106/><D84/><U28/><E28/><N who="2" m="17447" /><F54/><W87/><G87/><T133/><D42/><RYUUKYOKU ba="0,2" sc="250,-30,250,10,330,10,150,10" hai1="6,8,14,44,46,55,59,61,65,68,108,110,111" hai2="19,21,23,26,27,47,49,53,132,135" hai3="12,15,40,50,52,57,58,60,63,66,79,82,85" /><INIT seed="2,1,2,5,2,16" ten="220,260,340,160" oya="2" hai0="17,7,75,122,56,86,15,116,128,81,57,27,119" hai1="121,79,124,83,114,92,2,99,90,85,52,67,10" hai2="45,42,22,30,25,70,8,12,100,55,131,21,76" hai3="103,62,51,29,3,129,13,89,65,126,135,38,31"/><V41/><F70/><W47/><G3/><T118/><D75/><U96/><E114/><V106/><F131/><W53/><G129/><T134/><D128/><U133/><E67/><V109/><F109/><W72/><G72/><T35/><D122/><U33/><E33/><V14/><F76/><W112/><G135/><T58/><D7/><U48/><E133/><V74/><F74/><W20/><G126/><T39/><D39/><U1/><E124/><V93/><F106/><W61/><G112/><T19/><D134/><U54/><E121/><V9/><F55/><W66/><G103/><T32/><D27/><U110/><E110/><V77/><F77/><W78/><G78/><N who="0" m="46391" /><D19/><U108/><E108/><V105/><F105/><W111/><G111/><T117/><D117/><U69/><E69/><V36/><F36/><W115/><G38/><T4/><D4/><U104/><E10/><AGARI ba="1,2" hai="10,15,17,32,35,56,57,58,116,118,119" m="46391" machi="10" ten="40,1300,0" yaku="12,1" doraHai="16" who="0" fromWho="1" sc="220,36,260,-16,340,0,160,0" /><INIT seed="3,0,0,5,2,64" ten="256,244,340,160" oya="3" hai0="55,50,132,93,124,85,21,0,100,10,48,111,107" hai1="29,9,40,91,101,134,94,26,67,84,17,89,1" hai2="12,57,20,103,52,70,56,3,128,75,88,121,105" hai3="65,7,126,43,81,30,44,82,129,115,18,69,28"/><W113/><G129/><T19/><D107/><U110/><E110/><V41/><F75/><W62/><G126/><T23/><D111/><U102/><E134/><V35/><F3/><W6/><G113/><T117/><D117/><U63/><E40/><V47/><F35/><W131/><G131/><T79/><D132/><U16/><E91/><V74/><F74/><W49/><G115/><T54/><D0/><U133/><E133/><V87/><F70/><W123/><G123/><T61/><D61/><U59/><E1/><V125/><F128/><W92/><G92/><T73/><D10/><U24/><E17/><V46/><F103/><N who="1" m="39433" /><E29/><V112/><F105/><W106/><G106/><T108/><D73/><U13/><AGARI ba="0,0" hai="9,13,16,24,26,59,63,67,84,89,94" m="39433" machi="13" ten="30,2000,0" yaku="8,1,54,1" doraHai="64" who="1" fromWho="1" sc="256,-5,244,20,340,-5,160,-10" /><INIT seed="4,0,0,0,3,62" ten="251,264,335,150" oya="0" hai0="96,76,93,71,122,117,80,32,82,17,34,79,59" hai1="111,124,48,68,10,12,108,84,67,6,83,69,35" hai2="118,89,20,112,53,129,60,55,104,132,2,41,98" hai3="16,70,43,8,74,61,99,91,58,1,28,0,101"/><T64/><D71/><U15/><E35/><V135/><F2/><W72/><G70/><T87/><D117/><U23/><E124/><V44/><F112/><W49/><G28/><T127/><D127/><U133/><E133/><N who="2" m="51275" /><F20/><W130/><G91/><T125/><D122/><U24/><E48/><V52/><F129/><W126/><G130/><T37/><D37/><U51/><E51/><N who="2" m="27023" /><F118/><W47/><G126/><T134/><D125/><U27/><E15/><V75/><F75/><W4/><G1/><T105/><D105/><U14/><E12/><V30/><F30/><W107/><REACH who="3" step="1"/><G16/><REACH who="3" ten="251,264,335,140" step="2"/><T39/><D17/><U116/><E69/><V100/><F89/><W78/><G78/><T9/><D134/><U94/><E68/><V18/><F18/><W38/><G38/><T36/><D36/><U42/><E116/><V119/><F119/><W46/><G46/><T50/><D39/><U5/><E27/><V29/><F29/><W120/><G120/><T102/><D9/><U54/><E10/><V88/><F88/><W7/><G7/><T121/><D121/><U22/><E5/><V95/><F60/><W123/><G123/><T86/><D50/><U63/><E63/><AGARI ba="0,1" hai="32,34,59,63,64,76,79,80,82,86,87,93,96,102" machi="63" ten="40,3900,0" yaku="9,1,52,1" doraHai="62" who="0" fromWho="1" sc="251,49,264,-39,335,0,140,0" /><INIT seed="4,1,0,3,2,50" ten="300,225,335,140" oya="0" hai0="43,6,115,119,107,78,53,54,122,98,134,93,121" hai1="64,84,99,41,59,24,94,44,85,127,45,76,131" hai2="110,12,67,49,58,135,15,128,34,70,28,81,30" hai3="132,62,129,56,95,86,2,66,39,17,114,4,47"/><T69/><D69/><U0/><E0/><V120/><F70/><W133/><G129/><T65/><D65/><U11/><E127/><V112/><F34/><W21/><G114/><T130/><D119/><U73/><E131/><V79/><F110/><W18/><G2/><T8/><D130/><U35/><E73/><V102/><F112/><W124/><G4/><T32/><D32/><U29/><E11/><V113/><F113/><W80/><G95/><T22/><D107/><U48/><E76/><V88/><F102/><W26/><G124/><T126/><D126/><U105/><E105/><V10/><F12/><W72/><G72/><T68/><D68/><U104/><E104/><V103/><F103/><W117/><G117/><T1/><D115/><U71/><E71/><V61/><F79/><W116/><G18/><T109/><D109/><U27/><E45/><V63/><F63/><W97/><G97/><T38/><D78/><U100/><E24/><V31/><F135/><N who="3" m="51787" /><G116/><T82/><D134/><U42/><E41/><V40/><F128/><W77/><G47/><N who="0" m="24055" /><D82/><U9/><E9/><V111/><F111/><W36/><AGARI ba="1,0" hai="17,21,26,36,39,56,62,66,77,80,86" m="51787" machi="36" ten="30,1100,0" yaku="20,1" doraHai="50" who="3" fromWho="3" sc="300,-6,225,-4,335,-4,140,14" /><INIT seed="5,0,0,4,4,119" ten="294,221,331,154" oya="1" hai0="101,60,30,124,10,99,46,84,118,55,8,47,74" hai1="103,83,102,123,61,13,134,9,68,132,126,125,1" hai2="28,107,80,40,122,45,23,2,58,130,51,127,85" hai3="49,73,37,78,41,113,53,91,42,98,18,129,29"/><U90/><E1/><V20/><F107/><W12/><G37/><T108/><D74/><U22/><E22/><V64/><F122/><W116/><G113/><T111/><D118/><U44/><E44/><V86/><F127/><N who="1" m="48649" /><E68/><V43/><F130/><W5/><G116/><T79/><D30/><U121/><E61/><N who="2" m="37943" /><F2/><W39/><G39/><T21/><D21/><N who="2" m="8266" /><F28/><W70/><G70/><T16/><D47/><U112/><E112/><V104/><F104/><W69/><G69/><T115/><D46/><U54/><E54/><N who="2" m="30063" /><F86/><W93/><G129/><T7/><D55/><U117/><E117/><V15/><F15/><W52/><G29/><T34/><D60/><U92/><E13/><V87/><F87/><W120/><G120/><N who="1" m="46154" /><E9/><V72/><F72/><W17/><G73/><T36/><D10/><U48/><E48/><V82/><F82/><W81/><G12/><T26/><D8/><U89/><E83/><V96/><F43/><W66/><G49/><T109/><D124/><U59/><E59/><V31/><F40/><W75/><G41/><T35/><D115/><U65/><E65/><V57/><F57/><W114/><G114/><T27/><D36/><U3/><E3/><V76/><F31/><W77/><G66/><T6/><D111/><U32/><E32/><V33/><F33/><W0/><G0/><T135/><D109/><U4/><E4/><V24/><F24/><W56/><G5/><T97/><D108/><U106/><E106/><V110/><F110/><W128/><G81/><T63/><D35/><U19/><E19/><V95/><F80/><W100/><G17/><RYUUKYOKU ba="0,0" sc="294,0,221,0,331,0,154,0" /><INIT seed="6,1,0,4,5,85" ten="294,221,331,154" oya="2" hai0="26,135,0,14,133,79,19,132,35,90,103,86,101" hai1="120,114,118,53,62,48,100,113,88,110,29,99,40" hai2="93,125,102,129,9,92,1,66,32,52,69,98,47" hai3="57,127,60,67,104,78,70,128,77,37,111,12,80"/><V126/><F32/><W89/><G111/><T5/><D79/><U119/><E110/><V97/><F66/><W50/><G127/><N who="2" m="48649" /><F69/><W121/><G121/><T107/><D107/><N who="1" m="63903" /><E29/><V71/><F71/><W75/><G104/><T2/><D26/><U72/><E62/><V42/><F129/><W68/><G128/><T58/><D58/><U23/><E40/><V38/><F9/><W24/><G37/><T49/><D49/><U131/><E23/><V16/><F16/><W123/><G123/><T4/><D35/><U3/><E3/><N who="0" m="1065" /><D5/><U36/><E36/><V87/><F1/><W109/><G109/><T59/><D59/><U34/><E34/><V91/><F87/><W61/><G24/><T6/><D6/><U21/><E21/><V11/><F11/><W18/><G77/><T115/><D4/><U112/><E120/><V76/><F76/><W39/><G39/><T108/><D108/><U122/><E122/><V106/><F106/><W25/><G25/><T105/><D105/><U74/><E131/><V22/><F22/><W56/><G50/><T10/><D10/><U13/><E13/><V27/><F27/><W41/><G41/><T20/><D14/><U15/><E15/><V30/><F30/><W73/><G73/><N who="1" m="28266" /><E48/><V55/><AGARI ba="1,0" hai="38,42,47,52,55,91,92,93,97,98,102" m="48649" machi="55" ten="30,6000,0" yaku="18,1,52,1,54,1" doraHai="85" who="2" fromWho="2" sc="294,-21,221,-21,331,63,154,-21" /><INIT seed="6,2,0,2,0,135" ten="273,200,394,133" oya="2" hai0="87,2,22,91,7,105,99,65,108,24,75,48,43" hai1="11,103,133,107,29,6,36,4,49,88,111,74,66" hai2="14,41,110,55,134,58,128,77,117,118,90,0,123" hai3="61,27,72,25,15,93,9,106,98,95,127,13,34"/><V94/><F0/><W62/><G72/><T71/><D75/><U39/><E111/><V120/><F41/><W129/><G129/><T116/><D7/><U20/><E74/><V31/><F31/><W28/><G106/><T79/><D79/><U47/><E66/><V119/><F14/><W44/><G95/><T67/><D2/><U132/><E103/><V69/><F69/><W30/><G44/><T68/><D67/><U5/><E107/><V130/><F55/><W26/><G127/><T1/><D1/><U63/><E63/><V45/><F58/><W115/><G115/><T51/><D51/><U59/><E59/><V121/><F45/><W104/><G104/><T10/><D10/><U32/><E11/><V96/><F134/><N who="1" m="51817" /><E32/><V124/><F124/><W113/><G113/><T101/><D65/><U8/><E8/><V114/><F114/><W21/><G27/><T76/><D71/><U33/><E33/><V52/><F52/><W102/><REACH who="3" step="1"/><G13/><REACH who="3" ten="273,200,394,123" step="2"/><T19/><D24/><U16/><E47/><V97/><F110/><W3/><G3/><T17/><D108/><U92/><E39/><V35/><F130/><W83/><G83/><T81/><D81/><U50/><E36/><V57/><F128/><W73/><G73/><T18/><D105/><U60/><E92/><V84/><F94/><W80/><G80/><T100/><D100/><U126/><E126/><V54/><F121/><W40/><G40/><T122/><D101/><U53/><E29/><V37/><F123/><W82/><G82/><T46/><D122/><U125/><E125/><V109/><F120/><RYUUKYOKU ba="2,1" sc="273,-10,200,-10,394,-10,123,30" hai3="9,15,21,25,26,28,30,34,61,62,93,98,102" /><INIT seed="7,3,1,5,2,61" ten="263,190,384,153" oya="3" hai0="18,119,46,37,92,80,55,125,66,70,62,127,104" hai1="102,116,20,60,11,57,10,83,73,86,101,77,115" hai2="110,94,68,88,44,56,31,43,42,65,98,107,118" hai3="120,100,105,84,4,75,108,22,63,0,123,117,96"/><W33/><G117/><T1/><D104/><U95/><E115/><V26/><F68/><W111/><G33/><T135/><D1/><U30/><E116/><V90/><F107/><W126/><G126/><T39/><D80/><U9/><E73/><V38/><F110/><N who="3" m="42027" /><G75/><T19/><D92/><U52/><E95/><V34/><F43/><W59/><G22/><T64/><D119/><U5/><E5/><V112/><F112/><W79/><G4/><T53/><D62/><U72/><E72/><V69/><F69/><W76/><G0/><T82/><D70/><U129/><E129/><V16/><F16/><W35/><G35/><T14/><D14/><U21/><E21/><V93/><F118/><W133/><G133/><T131/><D135/><U15/><E15/><V106/><F106/><W12/><G12/><T2/><D2/><U124/><E124/><V97/><F56/><W132/><G132/><T81/><D46/><U109/><E109/><V29/><F29/><W74/><G74/><T47/><D47/><U91/><E77/><N who="3" m="29770" /><G84/><T58/><D58/><U23/><E23/><V122/><F122/><W24/><G24/><AGARI ba="3,1" hai="9,10,11,20,24,30,52,57,60,83,86,91,101,102" machi="24" ten="40,2600,0" yaku="8,1,54,1" doraHai="61" who="1" fromWho="3" sc="263,0,190,45,384,0,153,-35" owari="263,6.0,235,-16.0,384,48.0,118,-38.0" /></mjloggm>