<mjloggm ver="2.3"><GO type="97" lobby="0"/><UN n0="%E5%B0%B1%E6%B4%BB%E7%94%9F%40%E5%B7%9D%E6%9D%91%E8%BB%8D%E5%9B%A3" n1="%E3%82%A8%E3%83%AA%E3%82%A2%E3%83%AB%E3%81%9F%E3%82%93" n2="%52%69%6F%31%30%30%31" n3="%E3%81%82%E3%81%A4%E3%81%82%E3%81%A4%E6%B9%AF%E5%A9%86%E5%A9%86" dan="15,15,14,16" rate="2058.09,1889.53,1914.75,2041.86" sx="M,M,M,M"/><TAIKYOKU oya="0"/><INIT seed="0,0,0,4,4,47" ten="250,250,250,250" oya="0" hai0="33,53,74,97,34,49,50,3,88,110,29,80,36" hai1="10,92,58,119,0,26,69,113,85,116,59,20,111" hai2="82,4,117,114,15,37,27,77,120,12,65,73,105" hai3="11,56,42,95,66,103,41,51,106,89,72,123,64"/><T115/><D36/><U7/><E69/><V28/><F114/><W107/><G72/><T125/><D115/><U130/><E113/><V43/><F117/><W71/><G123/><T124/><D3/><U30/><E111/><V122/><F105/><W101/><G71/><T90/><D110/><U2/><E2/><V118/><F65/><N who="3" m="25195" /><G107/><T132/><D132/><U1/><E1/><V134/><F134/><W83/><G83/><T135/><D135/><U52/><E130/><V38/><F118/><W87/><G106/><T109/><D109/><U93/><E59/><V133/><F15/><W98/><G11/><T40/><D29/><U63/><E119/><V91/><F91/><N who="0" m="34858" /><D40/><N who="3" m="15465" /><G98/><T76/><D53/><AGARI ba="0,0" hai="51,53,56,87,89,95,101,103" m="15465,25195" machi="53" ten="30,2000,0" yaku="8,1,52,1" doraHai="47" who="3" fromWho="0" sc="250,-20,250,0,250,0,250,20" /><INIT seed="1,0,0,5,5,118" ten="230,250,250,270" oya="1" hai0="114,3,31,63,94,129,49,52,98,19,130,115,9" hai1="81,45,112,74,58,22,42,51,107,33,124,84,108" hai2="32,17,13,53,121,30,15,105,28,117,14,16,64" hai3="10,126,72,61,68,91,97,37,83,35,128,80,106"/><U18/><E112/><N who="0" m="43049" /><D31/><U93/><E107/><V104/><F64/><W65/><G37/><T71/><D3/><U96/><E33/><V75/><F75/><W132/><G132/><T54/><D9/><U43/><E74/><V25/><F53/><W36/><G36/><T57/><D19/><N who="2" m="7242" /><F117/><W79/><G128/><N who="0" m="49259" /><D94/><U102/><E58/><V1/><F104/><W48/><G126/><T99/><D71/><U82/><E124/><V26/><F105/><W135/><G135/><T116/><D116/><U123/><E108/><V86/><F86/><W55/><G10/><T119/><D119/><U90/><E43/><V85/><F85/><W77/><G35/><T76/><D76/><U38/><E82/><V100/><F100/><W0/><G0/><T62/><D62/><U69/><E69/><V46/><F46/><AGARI ba="0,0" hai="46,49,52,54,57,63,98,99" m="49259,43049" machi="46" ten="30,2000,0" yaku="19,1,54,1" doraHai="118" who="0" fromWho="2" sc="230,20,250,0,250,-20,270,0" /><INIT seed="2,0,0,4,4,5" ten="250,250,230,270" oya="2" hai0="9,30,134,11,0,101,82,110,133,38,90,62,135" hai1="34,111,70,125,65,121,94,14,77,52,29,56,63" hai2="41,64,117,97,131,108,54,61,112,95,120,39,60" hai3="93,66,57,81,127,35,8,40,12,2,88,55,46"/><V68/><F120/><W44/><G35/><T106/><D38/><U78/><E121/><V83/><F117/><W104/><G104/><T50/><D0/><U116/><E116/><V42/><F112/><W102/><G127/><T58/><D110/><U4/><E111/><V59/><F108/><W113/><G113/><T103/><D30/><U37/><E37/><V74/><F74/><W53/><G2/><T118/><D50/><U18/><E4/><V130/><F83/><W107/><G81/><T13/><D13/><U122/><E125/><V7/><F7/><N who="3" m="3103" /><G107/><T25/><D25/><U31/><E122/><V16/><F39/><W132/><G102/><N who="0" m="38923" /><D106/><U3/><E94/><V119/><F119/><W109/><G109/><T115/><D115/><U71/><E70/><V69/><F97/><N who="3" m="57511" /><G132/><T32/><D32/><U85/><E3/><V22/><F95/><W87/><G87/><N who="0" m="50551" /><D118/><U72/><E72/><V124/><F124/><W48/><G46/><T105/><D105/><U67/><E34/><V27/><REACH who="2" step="1"/><F69/><REACH who="2" ten="250,250,220,270" step="2"/><W123/><G123/><T84/><D84/><U92/><E71/><V100/><F100/><W28/><G28/><T6/><D6/><U17/><E31/><V10/><F10/><W19/><G19/><T20/><D20/><U89/><E29/><V73/><F73/><W91/><G91/><T21/><D21/><N who="1" m="11447" /><E18/><V98/><F98/><W49/><G40/><AGARI ba="0,1" hai="16,22,27,40,41,42,54,59,60,61,64,68,130,131" machi="40" ten="40,3900,0" yaku="1,1,54,1,53,0" doraHai="5" doraHaiUra="45" who="2" fromWho="3" sc="250,0,250,0,220,49,270,-39" /><INIT seed="2,1,0,1,2,34" ten="250,250,269,231" oya="2" hai0="79,108,91,50,87,56,94,8,74,100,12,69,135" hai1="25,63,88,65,71,35,127,103,19,73,53,77,0" hai2="86,99,62,45,70,98,31,23,114,131,118,112,49" hai3="44,60,21,43,85,75,54,26,95,14,109,64,4"/><V15/><F118/><W7/><G75/><T61/><D108/><U126/><E0/><V24/><F131/><W133/><G109/><T40/><D135/><U10/><E103/><V27/><F70/><W113/><G133/><T101/><D69/><U123/><E123/><V16/><F112/><W93/><G113/><T132/><D74/><U105/><E105/><V110/><F114/><W47/><G54/><N who="0" m="33943" /><D79/><U104/><E104/><V107/><F107/><W22/><G14/><T134/><D134/><U106/><E106/><V119/><F119/><W120/><G120/><T51/><D132/><U130/><E130/><V11/><F110/><W13/><G13/><T33/><D33/><U96/><E53/><V124/><F124/><W81/><G7/><N who="0" m="3103" /><D40/><U83/><E35/><V2/><F27/><W37/><G4/><T82/><D101/><U102/><E102/><V18/><F18/><W28/><G21/><T20/><D20/><U5/><E19/><V58/><F2/><W72/><G72/><T57/><D57/><U121/><E121/><V9/><F9/><W68/><REACH who="3" step="1"/><G47/><REACH who="3" ten="250,250,269,221" step="2"/><T59/><D59/><U48/><E73/><V46/><F46/><W1/><G1/><T30/><D30/><U122/><E122/><V55/><REACH who="2" step="1"/><F86/><REACH who="2" ten="250,250,259,221" step="2"/><W42/><G42/><AGARI ba="1,2" hai="11,15,16,23,24,31,42,45,49,55,58,62,98,99" machi="42" ten="30,18000,2" yaku="1,1,2,1,7,1,8,1,54,1,53,1" doraHai="34" doraHaiUra="52" who="2" fromWho="3" sc="250,0,250,0,259,203,221,-183" /><INIT seed="2,2,0,2,3,122" ten="250,250,462,38" oya="2" hai0="47,103,57,132,3,89,26,67,126,134,70,100,133" hai1="9,116,49,14,27,51,97,68,30,80,124,105,111" hai2="99,110,104,4,52,135,95,40,17,48,6,63,101" hai3="82,35,44,93,113,45,24,38,50,112,2,90,12"/><V120/><F120/><W107/><G107/><T118/><D126/><U62/><E124/><V8/><F135/><W69/><G69/><T60/><D3/><U7/><E116/><V66/><F104/><W92/><G2/><T102/><D118/><U74/><E74/><V130/><F40/><W127/><G127/><T41/><D26/><U55/><E80/><V84/><F130/><W46/><G38/><N who="0" m="21943" /><D89/><U75/><E75/><V54/><F54/><W115/><G12/><T128/><D128/><U91/><E91/><V85/><F17/><W114/><N who="3" m="29184" /><DORA hai="25" /><W64/><G64/><T23/><D23/><U42/><E42/><V131/><F131/><W15/><G15/><T32/><D32/><N who="1" m="20575" /><E55/><V28/><F28/><N who="3" m="19847" /><G50/><T129/><D129/><U56/><E56/><AGARI ba="2,0" hai="56,57,60,67,70,100,102,103,132,133,134" m="21943" machi="56" ten="40,1300,0" yaku="20,1" doraHai="122,25" who="0" fromWho="1" sc="250,19,250,-19,462,0,38,0" /><INIT seed="3,0,0,0,4,36" ten="269,231,462,38" oya="3" hai0="34,45,23,43,35,107,100,111,69,55,112,16,120" hai1="59,30,32,11,71,106,98,39,114,44,109,19,4" hai2="101,20,76,41,95,116,118,75,82,97,127,125,3" hai3="8,29,28,38,133,77,131,110,7,61,99,117,12"/><W51/><G38/><T78/><D120/><U115/><E19/><V68/><F68/><W46/><G117/><T90/><D69/><U132/><E59/><V58/><F3/><W83/><G133/><T96/><D78/><U31/><E31/><V85/><F58/><W123/><G123/><T50/><D112/><U37/><E71/><V18/><F41/><W104/><G131/><T105/><D105/><U73/><E132/><V87/><F18/><W1/><G1/><T60/><D90/><U124/><E73/><V130/><F20/><W65/><G110/><T122/><D111/><U63/><E63/><V52/><F52/><W119/><G119/><N who="2" m="45609" /><F130/><W81/><G81/><T22/><D22/><U10/><E98/><V13/><F13/><W47/><G47/><T86/><D122/><U79/><E106/><V25/><F25/><W9/><G9/><T103/><D103/><U121/><E79/><V6/><F6/><W0/><G0/><T91/><D60/><U126/><E44/><V93/><F93/><W102/><G61/><T70/><D55/><U40/><E11/><V108/><F108/><W62/><G62/><T128/><D70/><U26/><E109/><V15/><F15/><W80/><G65/><T135/><D128/><U66/><E66/><V42/><F42/><N who="3" m="25047" /><G80/><N who="0" m="49607" /><D135/><U92/><E39/><V74/><F74/><W27/><G27/><N who="0" m="14823" /><D34/><U113/><E121/><V48/><F48/><W24/><G24/><T2/><D35/><U134/><E134/><V67/><F67/><W56/><G56/><T53/><D2/><N who="1" m="279" /><E92/><N who="2" m="58535" /><F75/><N who="3" m="43455" /><G29/><T89/><D53/><U84/><E84/><RYUUKYOKU ba="0,0" sc="269,0,231,0,462,0,38,0" hai0="43,45,50,89,96,100,107" hai1="26,30,32,37,40,113,114,115,124,126" hai2="76,82,85,87,95,125,127" hai3="7,8,12,28,99,102,104" /><INIT seed="3,1,0,5,3,72" ten="269,231,462,38" oya="3" hai0="23,109,32,124,65,86,58,43,8,17,129,0,89" hai1="52,96,71,3,121,115,112,42,116,135,101,12,97" hai2="59,126,106,70,46,6,48,68,25,7,83,33,78" hai3="40,120,76,11,19,92,134,2,100,107,66,122,90"/><W80/><G66/><T28/><D109/><U110/><E121/><V37/><F106/><W77/><G40/><T29/><D129/><U85/><E71/><V81/><F81/><W88/><G2/><T18/><D32/><U130/><E3/><V94/><F94/><W117/><G11/><T36/><D36/><U84/><E42/><V111/><F111/><W56/><G56/><T20/><D43/><U26/><E110/><V93/><F93/><W91/><G19/><N who="0" m="7179" /><D8/><U27/><E12/><V51/><F48/><W60/><G60/><N who="0" m="38039" /><D0/><U22/><E130/><V14/><F51/><W47/><G47/><T13/><D13/><U113/><E135/><V61/><F7/><W21/><G21/><N who="0" m="8267" /><D124/><U24/><E22/><V99/><F6/><W50/><G50/><T131/><D131/><U45/><E116/><V54/><F14/><W119/><G134/><T49/><D49/><U104/><E45/><V69/><F54/><W64/><G64/><T34/><D34/><U114/><E52/><V5/><F5/><W128/><G128/><T133/><D133/><U67/><E67/><V95/><F126/><W4/><G4/><T132/><D132/><U98/><E115/><V10/><F59/><W79/><G107/><T74/><D74/><U62/><E62/><V1/><F61/><W87/><G122/><T82/><AGARI ba="1,0" hai="28,29,82,86,89" m="8267,38039,7179" machi="82" ten="30,1100,0" yaku="8,1" doraHai="72" who="0" fromWho="0" sc="269,14,231,-4,462,-4,38,-6" owari="283,8.0,227,-17.0,458,56.0,32,-47.0" /></mjloggm>