<mjloggm ver="2.3"><GO type="225" lobby="0"/><UN n0="%E3%82%B9%E3%83%9E" n1="%E3%83%86%E3%82%A3%E3%82%AB%2D%CE%B3" n2="%E3%83%88%E3%83%88%E3%83%AA%E5%85%88%E7%94%9F%31%39%E6%AD%B3" n3="%E3%83%89%E3%83%A9%E3%83%AD%E3%83%B3%E3%83%80%E3%82%A4%E3%83%B4" dan="16,17,16,17" rate="2047.50,2095.55,2149.25,2132.77" sx="M,M,F,M"/><TAIKYOKU oya="0"/><INIT seed="0,0,0,5,5,15" ten="250,250,250,250" oya="0" hai0="39,83,38,90,11,87,20,92,131,42,108,29,19" hai1="71,55,54,74,63,70,59,130,41,128,95,78,85" hai2="69,116,112,24,13,118,65,80,82,50,67,14,48" hai3="76,109,111,66,17,107,44,43,10,72,25,60,18"/><T32/><D131/><N who="1" m="50219" /><E74/><V110/><F24/><W9/><G107/><T91/><D108/><N who="3" m="41545" /><G76/><T86/><D11/><N who="3" m="4105" /><G25/><T16/><D32/><U36/><E95/><V125/><F110/><W98/><G98/><T127/><D127/><U0/><E0/><V34/><F69/><N who="1" m="26121" /><E85/><V97/><F97/><W121/><G72/><T52/><D29/><U33/><E78/><V119/><F119/><W135/><G135/><T79/><D42/><U5/><E5/><V12/><F34/><W35/><G35/><T56/><D79/><U46/><E33/><V115/><REACH who="2" step="1"/><F14/><REACH who="2" ten="250,250,240,250" step="2"/><W89/><G121/><T23/><D39/><U129/><E129/><V21/><F21/><N who="0" m="8266" /><D38/><U45/><E45/><V22/><F22/><W103/><G103/><T28/><D28/><U26/><E26/><V102/><F102/><W40/><G89/><T8/><D8/><U7/><E7/><V122/><F122/><W73/><G73/><T81/><D81/><U31/><E31/><V64/><F64/><AGARI ba="0,1" hai="36,41,46,54,55,59,63,64" m="26121,50219" machi="64" ten="30,3900,0" yaku="19,1,34,2" doraHai="15" who="1" fromWho="2" sc="250,0,250,49,240,-39,250,0" /><INIT seed="1,0,0,3,4,125" ten="250,299,201,250" oya="1" hai0="96,61,123,134,64,35,80,27,51,40,60,56,48" hai1="105,131,111,119,42,79,19,20,127,91,100,93,75" hai2="84,115,59,81,77,116,132,101,7,24,23,26,102" hai3="69,98,41,128,72,122,55,86,13,108,114,99,33"/><U112/><E42/><V126/><F116/><W83/><G114/><T87/><D134/><U135/><E112/><V66/><F126/><W6/><G122/><T124/><D124/><U29/><E29/><V97/><F115/><W57/><G69/><T109/><D109/><U104/><E127/><V21/><F132/><W28/><G72/><T89/><D123/><U15/><E119/><V18/><F7/><W74/><G74/><T49/><D96/><U62/><E62/><V22/><F22/><W32/><G108/><T46/><D35/><U34/><E34/><V5/><F5/><W121/><G121/><T94/><D27/><U85/><E104/><V82/><F82/><W90/><G128/><T47/><D80/><N who="1" m="45183" /><E135/><V38/><F38/><W63/><G41/><T16/><D61/><U37/><E37/><V70/><F70/><W2/><G2/><T71/><D71/><U106/><E106/><V95/><F59/><W30/><G33/><T14/><REACH who="0" step="1"/><D40/><REACH who="0" ten="240,299,201,250" step="2"/><U10/><E111/><V53/><F66/><W44/><G32/><T88/><D88/><U12/><E91/><V52/><REACH who="2" step="1"/><F102/><REACH who="2" ten="240,299,191,250" step="2"/><W4/><G4/><T107/><D107/><U45/><E100/><V50/><F50/><W39/><G39/><T0/><D0/><U103/><E103/><V36/><F36/><W3/><G3/><T58/><D58/><U11/><E105/><V8/><F8/><AGARI ba="0,2" hai="8,14,16,46,47,48,49,51,56,60,64,87,89,94" machi="8" ten="40,8000,1" yaku="1,1,8,1,54,1,53,1" doraHai="125" doraHaiUra="9" who="0" fromWho="2" sc="240,100,299,0,191,-80,250,0" /><INIT seed="2,0,0,2,4,26" ten="340,299,111,250" oya="2" hai0="79,7,104,2,55,31,62,9,77,27,75,74,116" hai1="132,70,97,127,54,122,0,58,14,96,90,107,35" hai2="52,124,131,109,53,36,16,135,123,48,69,126,40" hai3="114,112,37,94,72,106,108,45,92,29,88,59,129"/><V64/><F16/><W44/><G106/><T128/><D104/><U101/><E70/><V118/><F118/><W111/><G72/><T67/><D116/><U130/><E0/><V30/><F30/><W91/><G129/><T39/><D128/><U103/><E35/><V68/><F131/><W43/><G59/><T86/><D39/><U66/><E66/><V51/><F123/><W32/><G44/><T84/><D55/><N who="2" m="21066" /><F135/><W38/><G38/><T81/><D79/><U121/><E14/><V22/><F22/><W5/><G5/><T95/><D86/><U98/><E130/><V49/><F109/><N who="3" m="42059" /><G29/><T42/><D42/><U15/><E15/><V60/><F68/><W41/><G41/><T82/><D95/><N who="3" m="36393" /><G32/><T105/><D105/><U28/><E132/><V25/><F25/><W23/><G23/><T133/><D133/><U10/><E107/><V83/><F83/><W125/><G125/><N who="2" m="48233" /><F36/><W63/><G63/><T102/><D82/><U18/><E127/><V3/><F3/><W50/><G37/><T87/><D75/><U117/><E122/><V99/><F99/><W6/><G6/><T19/><D19/><U85/><E121/><V11/><F11/><W33/><G33/><T73/><D73/><U13/><E117/><V80/><F80/><W76/><G76/><T21/><D74/><U46/><E28/><V120/><F120/><W100/><G100/><T17/><D102/><U110/><E110/><V34/><F34/><W115/><AGARI ba="0,0" hai="43,45,50,88,91,112,114,115" m="36393,42059" machi="115" ten="40,5200,0" yaku="11,1,14,1,54,1" doraHai="26" who="3" fromWho="3" sc="340,-13,299,-13,111,-26,250,52" /><INIT seed="3,0,0,0,4,42" ten="327,286,85,302" oya="3" hai0="30,56,130,33,105,115,86,88,110,79,24,49,9" hai1="104,43,112,55,37,77,66,121,40,62,23,107,45" hai2="31,116,19,59,76,119,2,106,12,38,133,57,32" hai3="21,41,60,124,34,10,6,58,82,100,111,126,68"/><W47/><G34/><T99/><D110/><U18/><E112/><V22/><F57/><W39/><G68/><T35/><D115/><U102/><E121/><V70/><F59/><W129/><G111/><T81/><D130/><U78/><E43/><V90/><F70/><W26/><G129/><T11/><D35/><U16/><E55/><V103/><F90/><W131/><G131/><T95/><D105/><U89/><E89/><V7/><F76/><W80/><G80/><BYE who="3" /><T14/><D14/><U123/><E123/><V46/><F103/><W132/><G132/><T94/><D94/><U125/><E125/><V44/><F106/><UN n3="%E3%83%89%E3%83%A9%E3%83%AD%E3%83%B3%E3%83%80%E3%82%A4%E3%83%B4" /><W84/><G100/><T122/><D122/><U51/><E37/><V101/><F101/><W17/><G84/><T97/><D97/><U53/><E40/><V75/><F75/><W61/><G82/><T135/><D135/><U15/><E104/><V98/><F98/><W8/><G8/><T85/><D85/><U52/><E53/><V108/><F133/><W127/><G58/><T91/><D79/><U28/><E28/><V36/><F108/><W73/><G73/><T71/><BYE who="3" /><D71/><U72/><E72/><V109/><F109/><W65/><G65/><T27/><D27/><N who="1" m="14839" /><E102/><V92/><F92/><W1/><G1/><T25/><D25/><U0/><E0/><V87/><F87/><W54/><G54/><UN n3="%E3%83%89%E3%83%A9%E3%83%AD%E3%83%B3%E3%83%80%E3%82%A4%E3%83%B4" /><T93/><D81/><U128/><E128/><V69/><F69/><W13/><AGARI ba="0,0" hai="6,10,13,17,21,26,39,41,47,60,61,124,126,127" machi="13" ten="30,6000,0" yaku="0,1,18,1,52,1" doraHai="42" who="3" fromWho="3" sc="327,-20,286,-20,85,-20,302,60" owari="307,11.0,266,-13.0,65,-43.0,362,45.0" /></mjloggm>