<mjloggm ver="2.3"><GO type="41" lobby="0"/><UN n0="%E3%81%97%E3%81%8A%E3%82%8A%E3%82%93%E3%81%AF%E5%80%A6%E6%80%A0%E6%9C%9F" n1="%4A%61%6B%69%64%64" n2="%75%6E%73%6B%75%6E" n3="%E5%B0%B1%E6%B4%BB%E7%94%9F%40%E5%B7%9D%E6%9D%91%E8%BB%8D%E5%9B%A3" dan="14,14,14,16" rate="1817.13,1942.81,1919.37,2153.11" sx="M,M,M,M"/><TAIKYOKU oya="0"/><INIT seed="0,0,0,0,4,39" ten="250,250,250,250" oya="0" hai0="62,36,99,77,129,59,89,50,87,12,37,125,96" hai1="135,9,82,51,66,75,116,101,88,22,61,40,122" hai2="6,15,20,26,100,29,113,30,93,108,128,70,23" hai3="102,76,57,19,38,48,33,105,133,43,134,35,3"/><T44/><D129/><U68/><E135/><N who="3" m="51722" /><G3/><T86/><D125/><U121/><E116/><V63/><F70/><W69/><G69/><T60/><D12/><U8/><E101/><V27/><F63/><W45/><G76/><T56/><D77/><U17/><E75/><V54/><F128/><W47/><G57/><T80/><D50/><U14/><E9/><N who="2" m="4535" /><F54/><N who="3" m="29967" /><G19/><T1/><D1/><U34/><E8/><V55/><F55/><W84/><G84/><T119/><D119/><U120/><E34/><N who="3" m="12810" /><G102/><T0/><D0/><U2/><E2/><V72/><F72/><W107/><AGARI ba="0,0" hai="38,43,47,105,107" m="12810,29967,51722" machi="107" ten="40,2700,0" yaku="20,1,52,1" doraHai="39" who="3" fromWho="3" sc="250,-13,250,-7,250,-7,250,27" /><INIT seed="1,0,0,4,2,102" ten="237,243,243,277" oya="1" hai0="80,30,17,50,15,105,0,42,135,8,60,122,58" hai1="88,7,45,93,72,18,99,126,78,57,116,47,118" hai2="13,65,43,34,104,103,95,77,81,79,111,40,56" hai3="120,85,119,29,89,70,61,35,107,91,82,64,130"/><U113/><E113/><V9/><F34/><W24/><G120/><T97/><D122/><U49/><E126/><V12/><F111/><W90/><G119/><T23/><D135/><U39/><E7/><V36/><F12/><W132/><G132/><T16/><D30/><U55/><E72/><V133/><F133/><W27/><G130/><T101/><D80/><U83/><E45/><V74/><F36/><W2/><G2/><T31/><D31/><U32/><E32/><V33/><F33/><W67/><G67/><T69/><D69/><U115/><E115/><V109/><F79/><W87/><G27/><T73/><D73/><U63/><E18/><V19/><F95/><W25/><G25/><T108/><D108/><U28/><E28/><V48/><F109/><W94/><REACH who="3" step="1"/><G90/><REACH who="3" ten="237,243,243,267" step="2"/><T1/><D0/><U117/><E39/><V128/><F128/><W10/><G10/><T53/><D1/><U106/><E118/><V54/><F65/><W125/><G125/><T6/><REACH who="0" step="1"/><D23/><REACH who="0" ten="227,243,243,267" step="2"/><U100/><E117/><V114/><REACH who="2" step="1"/><F114/><REACH who="2" ten="227,243,233,267" step="2"/><W75/><G75/><T131/><D131/><U41/><E116/><V71/><F71/><W110/><G110/><T129/><D129/><U3/><E3/><V62/><F62/><W134/><G134/><T84/><D84/><U51/><E63/><V22/><F22/><W38/><G38/><T123/><D123/><U59/><E78/><V20/><F20/><W21/><G21/><T127/><D127/><U46/><E83/><V5/><F5/><W26/><G26/><T37/><D37/><U92/><E92/><V121/><F121/><RYUUKYOKU ba="0,3" sc="227,0,243,0,233,0,267,0" hai0="6,8,15,16,17,42,50,53,58,60,97,101,105" hai1="41,46,47,49,51,55,57,59,88,93,99,100,106" hai2="9,13,19,40,43,48,54,56,74,77,81,103,104" hai3="24,29,35,61,64,70,82,85,87,89,91,94,107" /><INIT seed="1,1,3,5,1,18" ten="227,243,233,267" oya="1" hai0="96,51,16,52,105,50,17,38,106,6,76,132,99" hai1="29,54,56,113,4,70,46,75,41,108,35,49,57" hai2="63,84,28,87,55,128,135,83,47,48,59,22,9" hai3="32,115,27,71,58,121,110,124,13,66,36,107,45"/><U14/><E75/><V78/><F135/><W34/><G115/><T8/><D132/><U40/><E113/><V0/><F128/><W134/><G121/><T101/><D38/><U81/><E35/><V100/><F100/><W26/><G134/><T119/><D119/><U1/><E1/><V94/><F0/><W69/><G107/><T98/><D76/><U91/><E29/><V43/><F9/><W116/><G116/><T61/><D106/><U24/><E24/><V118/><F118/><W31/><G110/><T120/><D120/><U80/><E108/><V82/><F94/><W21/><G124/><T65/><D50/><N who="1" m="26951" /><E41/><V79/><F28/><W104/><G104/><T30/><D30/><U3/><E3/><V25/><F25/><W125/><G125/><T20/><D6/><U39/><E39/><V77/><F77/><W86/><G36/><T112/><D112/><U72/><E70/><V15/><F15/><W11/><G45/><N who="0" m="27759" /><D8/><N who="1" m="4359" /><E72/><V127/><F127/><W7/><G69/><T129/><D129/><U37/><E37/><V88/><F79/><W103/><G71/><T95/><D105/><U122/><E122/><V64/><F43/><W133/><G133/><T42/><D42/><U23/><E23/><AGARI ba="1,3" hai="22,23,47,48,55,59,63,64,78,82,83,84,87,88" machi="23" ten="40,8000,1" yaku="8,1,52,2,54,1" doraHai="18" who="2" fromWho="1" sc="227,0,243,-83,233,113,267,0" /><INIT seed="2,0,0,4,1,15" ten="227,160,346,267" oya="2" hai0="0,54,76,9,23,119,80,42,21,53,47,87,82" hai1="58,13,14,103,74,110,44,101,81,25,67,90,116" hai2="18,84,89,1,51,71,121,5,33,61,19,105,57" hai3="36,133,98,4,11,37,38,29,92,48,24,95,66"/><V32/><F121/><W99/><G133/><T79/><D119/><U109/><E74/><V118/><F118/><W55/><G66/><T41/><D0/><U65/><E116/><V129/><F105/><W128/><G128/><T62/><D9/><U3/><E81/><V134/><F71/><W126/><G126/><T115/><D115/><U17/><E44/><V73/><F73/><W78/><G78/><T40/><D47/><U127/><E127/><V10/><F129/><W59/><G95/><T75/><D75/><U50/><E50/><V2/><F134/><W83/><G83/><N who="0" m="31787" /><D87/><U69/><E58/><V6/><F51/><W12/><REACH who="3" step="1"/><G92/><REACH who="3" ten="227,160,346,257" step="2"/><T35/><D35/><AGARI ba="0,1" hai="4,11,12,24,29,35,36,37,38,48,55,59,98,99" machi="35" ten="40,2600,0" yaku="1,1,2,1,53,0" doraHai="15" doraHaiUra="63" who="3" fromWho="0" sc="227,-26,160,0,346,0,257,36" /><INIT seed="3,0,0,2,3,54" ten="201,160,346,293" oya="3" hai0="84,20,109,94,116,29,65,102,130,115,90,15,58" hai1="26,104,81,51,16,2,55,113,28,33,85,97,22" hai2="73,125,52,21,117,42,126,95,25,8,43,128,38" hai3="76,24,70,131,66,13,30,36,105,79,114,32,17"/><W75/><G36/><T5/><D116/><U7/><E113/><V98/><F117/><W40/><G105/><T86/><D115/><U120/><E97/><V50/><F73/><W49/><G49/><T0/><D0/><U133/><E133/><V83/><F83/><W74/><G114/><T103/><D109/><U59/><E104/><V10/><F128/><W80/><G131/><T4/><D130/><U77/><E120/><V110/><F38/><W127/><G127/><N who="2" m="48649" /><F110/><W106/><G106/><T124/><D124/><U44/><E2/><V1/><F1/><W39/><G40/><N who="2" m="15401" /><F21/><W121/><G39/><T119/><D119/><U122/><E7/><N who="0" m="2633" /><D84/><U27/><REACH who="1" step="1"/><E122/><REACH who="1" ten="201,150,346,293" step="2"/><V23/><F25/><W101/><G24/><N who="0" m="16519" /><D15/><U107/><E107/><V99/><F98/><W11/><G13/><T92/><D92/><U63/><E63/><AGARI ba="0,1" hai="58,63,65,86,90,94,102,103" m="16519,2633" machi="63" ten="30,2000,0" yaku="8,1,52,1" doraHai="54" who="0" fromWho="1" sc="201,30,150,-20,346,0,293,0" /><INIT seed="4,0,0,3,4,89" ten="231,130,346,293" oya="0" hai0="65,3,17,88,87,113,128,108,86,110,1,46,25" hai1="107,127,55,67,121,58,26,103,44,94,59,34,50" hai2="111,60,48,43,47,83,49,104,109,18,64,98,66" hai3="28,77,100,12,72,85,71,32,131,2,22,27,13"/><T24/><D113/><U29/><E107/><V75/><F75/><W117/><G117/><T62/><D128/><U99/><E127/><V97/><F83/><W23/><G2/><N who="0" m="523" /><D46/><U93/><E121/><V7/><F7/><W52/><G72/><T101/><D101/><U39/><E67/><V9/><F104/><W118/><G71/><T35/><D17/><U122/><E39/><V129/><F129/><W19/><G100/><T126/><D35/><U96/><REACH who="1" step="1"/><E122/><REACH who="1" ten="231,120,346,293" step="2"/><V54/><F66/><W38/><G131/><T36/><D36/><U5/><E5/><V31/><F64/><W76/><G38/><T11/><D126/><U63/><E63/><V0/><F60/><W8/><G118/><T123/><D62/><U133/><E133/><V134/><F134/><W4/><G85/><N who="0" m="32267" /><D65/><U90/><AGARI ba="0,1" hai="26,29,34,44,50,55,58,59,90,93,94,96,99,103" machi="90" ten="20,8000,1" yaku="1,1,0,1,7,1,52,2,53,0" doraHai="89" doraHaiUra="73" who="1" fromWho="1" sc="231,-40,120,90,346,-20,293,-20" /><INIT seed="5,0,0,1,4,45" ten="191,210,326,273" oya="1" hai0="24,15,32,6,119,26,88,60,135,3,96,133,122" hai1="77,65,100,46,49,97,115,101,66,31,71,90,104" hai2="43,42,107,55,69,102,1,5,121,54,41,82,113" hai3="58,59,108,38,79,111,62,17,105,23,131,37,68"/><U117/><E117/><V127/><F121/><W70/><G105/><T9/><D60/><U98/><E71/><N who="3" m="27178" /><G79/><T91/><D119/><U118/><E118/><V8/><F69/><W25/><G17/><T67/><D67/><U12/><E77/><V81/><F127/><W78/><G23/><T106/><D122/><U134/><E90/><N who="0" m="34345" /><D3/><U18/><E31/><V116/><F116/><W94/><G25/><N who="0" m="9835" /><D32/><U51/><E46/><V112/><F102/><N who="1" m="39529" /><E104/><V56/><F107/><W132/><G94/><T80/><D106/><U28/><E28/><V75/><F55/><N who="3" m="34143" /><G78/><T13/><D96/><N who="1" m="36971" /><E134/><N who="0" m="51209" /><D13/><U86/><E115/><N who="2" m="44107" /><F75/><W20/><G20/><T30/><D30/><U123/><E86/><V126/><F126/><W52/><G131/><T19/><D80/><U47/><E47/><V130/><F130/><W4/><G4/><AGARI ba="0,0" hai="4,6,9,15,19" m="51209,9835,34345" machi="4" ten="30,2000,0" yaku="20,1,54,1" doraHai="45" who="0" fromWho="3" sc="191,20,210,0,326,0,273,-20" /><INIT seed="6,0,0,0,1,57" ten="211,210,326,253" oya="2" hai0="3,122,134,29,97,11,63,131,133,69,48,64,85" hai1="45,83,110,125,112,50,102,128,51,105,53,95,135" hai2="39,62,77,78,26,0,71,123,116,70,79,73,88" hai3="99,65,115,34,127,98,52,44,101,108,15,80,2"/><V84/><F116/><W24/><G2/><T130/><D122/><U126/><E105/><V37/><F123/><W4/><G108/><T41/><D85/><U59/><E110/><V49/><F73/><W119/><G119/><T106/><D29/><U33/><E33/><V76/><F0/><W55/><G127/><T113/><D113/><U42/><E135/><N who="0" m="51721" /><D48/><U124/><E112/><V13/><F26/><W27/><G65/><T129/><D41/><U81/><E128/><N who="0" m="32769" /><T25/><DORA hai="12" /><D25/><N who="3" m="9801" /><G34/><T22/><D22/><U117/><REACH who="1" step="1"/><E117/><REACH who="1" ten="211,200,326,253" step="2"/><V94/><F39/><W96/><G115/><T111/><D111/><U14/><E14/><V9/><F37/><W132/><G132/><T114/><D114/><U16/><E16/><V92/><F13/><W86/><G101/><N who="0" m="62767" /><D3/><U6/><E6/><V47/><F71/><W23/><G4/><T93/><D11/><U67/><E67/><V36/><F70/><W8/><G8/><T19/><D19/><U1/><E1/><V61/><F36/><W5/><G5/><T56/><D69/><U104/><E104/><V40/><F9/><W120/><G120/><T20/><D20/><U103/><E103/><V43/><F40/><W58/><G15/><T60/><D93/><U10/><E10/><V46/><F94/><W31/><G23/><T18/><D18/><U54/><E54/><V35/><F35/><W87/><G55/><T28/><D28/><U17/><E17/><V7/><F43/><W74/><G31/><T30/><D30/><U91/><E91/><V75/><F7/><W89/><G52/><T68/><D68/><RYUUKYOKU ba="0,1" sc="211,15,200,15,326,-15,253,-15" hai0="56,60,63,64" hai1="42,45,50,51,53,59,81,83,95,102,124,125,126" /><INIT seed="7,1,1,0,4,9" ten="226,215,311,238" oya="3" hai0="78,121,129,39,38,3,76,70,27,105,130,126,55" hai1="114,16,15,65,79,8,23,24,95,62,36,74,11" hai2="71,5,14,97,1,26,45,47,99,52,128,98,46" hai3="54,48,110,135,120,21,111,116,80,104,43,102,30"/><W108/><G116/><T72/><D121/><U73/><E36/><N who="0" m="13865" /><D72/><U12/><E79/><N who="0" m="30249" /><D105/><U17/><E95/><V94/><F1/><W75/><G135/><T44/><D3/><U59/><E114/><V35/><F71/><W131/><G131/><N who="0" m="50187" /><D126/><U20/><E20/><V41/><F128/><W119/><G75/><T58/><D27/><U51/><E51/><N who="2" m="27055" /><F26/><N who="3" m="16719" /><G119/><T67/><D44/><U28/><AGARI ba="1,1" hai="8,11,12,15,16,17,23,24,28,59,62,65,73,74" machi="28" ten="20,12000,2" yaku="0,1,7,1,9,1,52,2,54,1" doraHai="9" who="1" fromWho="1" sc="226,-31,215,133,311,-31,238,-61" owari="195,-20.0,348,44.0,280,8.0,177,-32.0" /></mjloggm>