<mjloggm ver="2.3"><GO type="169" lobby="0"/><UN n0="%E3%83%88%E3%83%88%E3%83%AA%E5%85%88%E7%94%9F%31%39%E6%AD%B3" n1="%EF%BC%84%E3%83%8A%E3%83%8A%E3%82%B7%E3%83%BC%EF%BF%A5" n2="%55%4D" n3="%6E%69%63%6B%2E" dan="18,17,17,17" rate="2237.27,2147.48,2151.31,2240.27" sx="F,M,M,M"/><TAIKYOKU oya="0"/><INIT seed="0,0,0,3,4,50" ten="250,250,250,250" oya="0" hai0="38,16,44,7,10,58,3,1,124,100,110,8,13" hai1="86,116,49,43,103,61,51,92,111,11,62,21,17" hai2="87,117,24,72,109,5,0,80,132,77,106,118,93" hai3="69,125,6,70,130,123,120,23,33,60,39,74,131"/><T28/><D124/><U82/><E116/><N who="2" m="44651" /><F109/><W105/><G33/><T25/><D110/><U115/><E11/><N who="2" m="2471" /><F106/><W65/><G74/><T134/><D134/><U34/><E34/><V95/><F132/><W88/><G105/><T127/><D127/><U2/><E2/><V47/><F47/><W64/><G6/><T78/><D3/><U9/><E9/><V83/><F24/><W31/><G125/><T99/><D78/><AGARI ba="0,0" hai="72,77,78,80,83,87,93,95" m="2471,44651" machi="78" ten="30,1000,0" yaku="12,1" doraHai="50" who="2" fromWho="0" sc="250,-10,250,0,250,10,250,0" /><INIT seed="1,0,0,4,3,80" ten="240,250,260,250" oya="1" hai0="68,109,42,20,132,49,57,87,118,127,11,21,63" hai1="75,51,59,6,47,93,111,83,30,72,69,79,38" hai2="92,48,78,64,40,81,44,13,129,71,119,35,89" hai3="76,2,9,91,134,54,116,123,103,55,33,62,70"/><U101/><E69/><V135/><F35/><W124/><G123/><T12/><D68/><U58/><E38/><V110/><F119/><W0/><G33/><T17/><D118/><U131/><E131/><V99/><F110/><W18/><G116/><T36/><D36/><U96/><E111/><V26/><F135/><W107/><G134/><T22/><D132/><U27/><E75/><V16/><F26/><W125/><G76/><T1/><D127/><N who="3" m="48713" /><G107/><T74/><D74/><U31/><E6/><V60/><F129/><W14/><G103/><T50/><D109/><U61/><E61/><V113/><F113/><W95/><G70/><T102/><D1/><N who="3" m="617" /><G62/><T25/><D102/><U28/><REACH who="1" step="1"/><E27/><REACH who="1" ten="240,240,260,250" step="2"/><V66/><F60/><W24/><G24/><T100/><D25/><U43/><AGARI ba="0,1" hai="28,30,31,43,47,51,58,59,72,79,83,93,96,101" machi="43" ten="30,6000,0" yaku="1,1,2,1,0,1,53,0" doraHai="80" doraHaiUra="15" who="1" fromWho="1" sc="240,-20,240,70,260,-20,250,-20" /><INIT seed="1,1,0,2,0,51" ten="220,310,240,230" oya="1" hai0="4,119,73,45,105,52,37,116,47,106,121,40,31" hai1="112,21,13,91,59,48,92,17,24,11,8,36,44" hai2="81,124,33,82,56,43,75,41,100,46,127,39,9" hai3="103,89,76,3,117,14,132,0,26,60,126,67,86"/><U109/><E112/><V20/><F33/><W104/><G76/><T114/><D114/><U101/><E109/><V27/><F43/><W7/><G126/><N who="2" m="48169" /><F75/><W107/><G132/><T88/><D73/><U110/><E110/><V98/><F9/><W54/><G117/><T134/><D134/><U115/><E115/><V79/><F79/><W62/><G26/><T77/><D77/><U70/><E70/><V93/><F56/><W85/><G14/><T15/><D121/><U128/><E128/><V111/><F111/><W87/><G89/><T10/><D31/><AGARI ba="1,0" hai="20,27,31,39,41,46,81,82,93,98,100" m="48169" machi="31" ten="30,1000,0" yaku="18,1" doraHai="51" who="2" fromWho="0" sc="220,-13,310,0,240,13,230,0" /><INIT seed="2,0,0,2,0,90" ten="207,310,253,230" oya="2" hai0="75,31,37,124,89,117,83,42,108,3,21,33,73" hai1="122,93,47,81,107,52,1,96,121,88,59,99,78" hai2="23,10,13,86,51,62,106,77,129,29,82,40,80" hai3="131,72,68,123,84,46,119,32,67,49,112,125,30"/><V66/><F106/><W48/><G119/><T9/><D33/><U35/><E35/><V16/><F129/><W134/><G123/><N who="1" m="47114" /><E1/><V91/><F40/><W71/><G72/><T4/><D117/><U98/><E47/><V104/><F104/><W19/><G131/><T113/><D113/><U97/><E107/><V45/><F29/><W57/><G112/><T18/><D31/><U94/><E59/><V92/><F45/><W17/><G125/><T20/><D108/><U50/><E50/><V44/><F44/><W41/><G134/><T132/><D132/><U12/><E12/><V135/><F51/><W58/><G58/><T69/><D69/><U25/><E25/><V115/><F135/><W126/><G126/><T70/><D70/><U11/><E11/><V103/><F115/><W85/><G32/><T95/><D20/><U118/><E52/><V102/><F10/><W100/><G68/><T5/><D124/><U109/><E109/><V74/><F82/><W79/><G71/><AGARI ba="0,0" hai="13,16,23,62,66,71,74,77,80,86,91,92,102,103" machi="71" ten="30,5800,0" yaku="7,1,52,1,54,1" doraHai="90" who="2" fromWho="3" sc="207,0,310,0,253,58,230,-58" /><INIT seed="2,1,0,3,2,49" ten="207,310,311,172" oya="2" hai0="37,118,110,45,76,102,15,128,61,123,9,27,86" hai1="62,100,7,40,46,56,22,80,99,48,107,113,132" hai2="13,24,79,101,72,87,18,96,82,122,42,68,85" hai3="6,33,17,53,64,115,133,94,78,84,41,114,50"/><V26/><F68/><W112/><G133/><T35/><D123/><U125/><E113/><V5/><F122/><W43/><G64/><T92/><D110/><U57/><E132/><V120/><F120/><W65/><G65/><T2/><D2/><U32/><E32/><V30/><F42/><W89/><G6/><T8/><D128/><U109/><E109/><V97/><F5/><W129/><G129/><T60/><D118/><U16/><E125/><V1/><F1/><W31/><G78/><T135/><D135/><U134/><E134/><V20/><F26/><N who="3" m="18679" /><G17/><T38/><D9/><U36/><E7/><V77/><F77/><W67/><G67/><T93/><D76/><U11/><E11/><V73/><F73/><W106/><G106/><T95/><D8/><U3/><E3/><V119/><F119/><W58/><AGARI ba="1,0" hai="41,43,50,53,58,84,89,94,112,114,115" m="18679" machi="58" ten="30,2000,0" yaku="11,1,52,1" doraHai="49" who="3" fromWho="3" sc="207,-6,310,-6,311,-11,172,23" /><INIT seed="3,0,0,4,0,121" ten="201,304,300,195" oya="3" hai0="43,98,20,30,35,9,73,21,95,107,76,74,99" hai1="44,55,11,114,120,129,29,17,69,86,7,23,60" hai2="72,58,45,63,134,123,49,84,130,116,127,106,101" hai3="105,68,100,40,33,112,16,13,135,122,52,115,38"/><W125/><G122/><T102/><D35/><U87/><E120/><V57/><F72/><W71/><G33/><T53/><D43/><U12/><E114/><V89/><F116/><W19/><G40/><T56/><D9/><U133/><E29/><V15/><F127/><W4/><G38/><T50/><D76/><U31/><E31/><V113/><F113/><W67/><G4/><T128/><D128/><U124/><E124/><V119/><F134/><W90/><G125/><T110/><D110/><U77/><E133/><V78/><F78/><W42/><G135/><T39/><D39/><U6/><E129/><V80/><F119/><W32/><G42/><T118/><D118/><U41/><E77/><V24/><F24/><W14/><G32/><T37/><D37/><U61/><E6/><V117/><F117/><W108/><G90/><T64/><D64/><U79/><E69/><V70/><F130/><W103/><G67/><T10/><D10/><U27/><E55/><V94/><F106/><W22/><G52/><T111/><D111/><U83/><E87/><V65/><F15/><W81/><G81/><T93/><D107/><U132/><E132/><V85/><F123/><W126/><G126/><T54/><D54/><U25/><E27/><V131/><F131/><W34/><G34/><T92/><D92/><U8/><E11/><V1/><F70/><W47/><G105/><T3/><D3/><U109/><E109/><V96/><F1/><W26/><G108/><T82/><D30/><U51/><AGARI ba="0,0" hai="7,8,12,17,23,25,41,44,51,60,61,79,83,86" machi="51" ten="20,8000,1" yaku="0,1,7,1,25,2,8,1" doraHai="121" who="1" fromWho="1" sc="201,-20,304,80,300,-20,195,-40" /><INIT seed="4,0,0,0,5,110" ten="181,384,280,155" oya="0" hai0="29,76,64,30,77,75,81,13,49,111,72,71,3" hai1="22,24,117,14,51,36,125,121,47,82,109,130,66" hai2="116,57,100,33,48,106,11,89,16,10,21,97,61" hai3="31,39,74,104,6,1,40,93,122,96,124,42,4"/><T83/><D3/><U67/><E109/><V19/><F33/><W91/><G74/><T20/><D111/><U135/><E36/><V34/><F34/><W102/><G124/><T25/><D71/><U69/><E121/><V12/><F116/><W23/><G122/><T17/><D64/><U9/><E69/><V15/><F48/><W59/><G59/><T123/><D123/><U60/><E60/><V35/><F35/><W115/><G1/><T133/><D133/><U107/><E107/><V68/><F68/><W45/><G42/><T53/><REACH who="0" step="1"/><D25/><REACH who="0" ten="171,384,280,155" step="2"/><U134/><E67/><V65/><REACH who="2" step="1"/><F89/><REACH who="2" ten="171,384,270,155" step="2"/><W56/><G91/><T86/><D86/><U85/><E85/><V43/><F43/><W94/><G40/><T41/><D41/><U99/><E135/><V114/><F114/><W38/><G115/><T105/><D105/><U44/><E134/><V80/><F80/><W78/><G104/><T84/><D84/><U37/><E117/><V18/><F18/><W127/><G39/><T87/><D87/><U120/><E37/><V92/><F92/><W95/><G93/><T28/><D28/><U108/><E108/><V46/><F46/><AGARI ba="0,2" hai="13,17,20,29,30,46,49,53,72,75,76,77,81,83" machi="46" ten="30,5800,0" yaku="1,1,7,1,9,1,53,0" doraHai="110" doraHaiUra="54" who="0" fromWho="2" sc="171,78,384,0,270,-58,155,0" /><INIT seed="4,1,0,4,4,94" ten="249,384,212,155" oya="0" hai0="132,95,125,25,124,56,85,61,5,73,113,89,69" hai1="7,117,15,98,30,131,106,108,18,81,123,36,71" hai2="16,9,72,90,96,27,31,6,127,20,59,43,28" hai3="122,86,60,91,74,83,53,68,130,14,135,103,62"/><T67/><D73/><U112/><E117/><V88/><F72/><W10/><G135/><T102/><D132/><U70/><E123/><V21/><F127/><N who="0" m="48714" /><D113/><U40/><E7/><V17/><F43/><W134/><G134/><T82/><D5/><U42/><E30/><V29/><F59/><W11/><G122/><T38/><D38/><U19/><E131/><V39/><F39/><W80/><G130/><T1/><D1/><U0/><E0/><V3/><REACH who="2" step="1"/><F96/><REACH who="2" ten="249,384,202,155" step="2"/><W118/><G74/><T77/><D56/><U133/><E36/><V13/><AGARI ba="1,1" hai="3,6,9,13,16,17,20,21,27,28,29,31,88,90" machi="13" ten="30,8000,1" yaku="1,1,2,1,0,1,54,2,53,0" doraHai="94" doraHaiUra="109" who="2" fromWho="2" sc="249,-41,384,-21,202,93,155,-21" /><INIT seed="5,0,0,4,3,35" ten="208,363,295,134" oya="1" hai0="129,81,117,130,64,92,40,5,106,108,14,49,72" hai1="7,42,119,65,27,68,125,39,26,16,83,8,107" hai2="100,6,87,128,79,78,93,11,20,105,48,86,41" hai3="127,110,99,18,2,88,24,60,23,51,45,1,56"/><U67/><E119/><V133/><F105/><W13/><G110/><T76/><D117/><U89/><E107/><V34/><F34/><W55/><G127/><T90/><D108/><U30/><E125/><V43/><F133/><W19/><G99/><T102/><D64/><U122/><E122/><V62/><F62/><W95/><G95/><T12/><D106/><U77/><E89/><V103/><F20/><W126/><G88/><T28/><D28/><U22/><E68/><V135/><F135/><W21/><REACH who="3" step="1"/><G126/><REACH who="3" ten="208,363,295,124" step="2"/><T32/><D90/><U134/><E134/><V15/><F93/><W50/><G50/><T96/><D49/><U121/><E121/><V91/><F91/><W52/><AGARI ba="0,1" hai="1,2,13,18,19,21,23,24,45,51,52,55,56,60" machi="52" ten="20,12000,2" yaku="1,1,0,1,7,1,52,2,54,1,53,0" doraHai="35" doraHaiUra="84" who="3" fromWho="3" sc="208,-30,363,-60,295,-30,124,130" /><INIT seed="6,0,0,5,4,51" ten="178,303,265,254" oya="2" hai0="67,88,3,62,50,59,103,134,71,124,43,81,28" hai1="2,46,36,64,121,0,108,123,26,86,100,29,114" hai2="78,83,127,4,106,58,38,9,96,129,92,70,125" hai3="37,41,22,52,126,112,87,133,75,98,66,19,42"/><V85/><F70/><W65/><G75/><T113/><D3/><U53/><E108/><V118/><F38/><W99/><G126/><N who="2" m="48137" /><F118/><W73/><G73/><T119/><D124/><U17/><E114/><V115/><F115/><W7/><G112/><T61/><D113/><U101/><E64/><N who="3" m="24682" /><G37/><T56/><D119/><U111/><E111/><V105/><F58/><W94/><G7/><T30/><D134/><U20/><E86/><V107/><F129/><W116/><G116/><T10/><D103/><N who="1" m="39499" /><E29/><V132/><F132/><W120/><G120/><N who="1" m="46154" /><E36/><V12/><F107/><W110/><G110/><T131/><D131/><U57/><E46/><V23/><F23/><W45/><G87/><N who="0" m="50287" /><D71/><U135/><E135/><V102/><AGARI ba="0,0" hai="4,9,12,78,83,85,92,96,102,105,106" m="48137" machi="102" ten="30,1500,0" yaku="18,1" doraHai="51" who="2" fromWho="2" sc="178,-5,303,-5,265,15,254,-5" /><INIT seed="6,1,0,2,3,72" ten="173,298,280,249" oya="2" hai0="19,34,12,14,126,16,11,116,77,108,21,8,100" hai1="7,134,61,107,112,41,39,46,48,24,28,127,98" hai2="96,17,49,3,84,110,76,25,91,0,105,78,43" hai3="85,60,117,68,92,115,4,54,81,57,70,37,59"/><V88/><F110/><W15/><G117/><T93/><D108/><U94/><E107/><V2/><F105/><W73/><G37/><T80/><D34/><U123/><E112/><V62/><F62/><W119/><G119/><T66/><D116/><U40/><E134/><V9/><F96/><W52/><G115/><T20/><D126/><U64/><E127/><V27/><F91/><W32/><G32/><T6/><D66/><U69/><E7/><V106/><F106/><W42/><G42/><T45/><D45/><U82/><E82/><V31/><F9/><W53/><G73/><T125/><D125/><U130/><E130/><V10/><F10/><N who="3" m="4551" /><G70/><T97/><D6/><U13/><E13/><V83/><F17/><W87/><G68/><T56/><D56/><N who="3" m="21577" /><G92/><T55/><D55/><U86/><E123/><V104/><F104/><W95/><G95/><T122/><D122/><U71/><E71/><V47/><REACH who="2" step="1"/><F25/><REACH who="2" ten="173,298,270,249" step="2"/><W129/><G60/><T33/><REACH who="0" step="1"/><D33/><AGARI ba="1,1" hai="0,2,3,27,31,33,43,47,49,76,78,83,84,88" machi="33" ten="40,12000,1" yaku="1,1,2,1,52,2,54,1,53,0" doraHai="72" doraHaiUra="118" who="2" fromWho="0" sc="173,-123,298,0,270,133,249,0" /><INIT seed="6,2,0,4,2,20" ten="50,298,403,249" oya="2" hai0="6,103,31,75,48,5,106,121,115,99,39,53,9" hai1="0,120,85,74,97,98,107,96,119,92,32,45,86" hai2="81,88,123,111,30,26,109,100,10,65,7,113,12" hai3="61,16,21,114,131,19,91,34,76,46,33,42,70"/><V90/><F123/><W134/><G134/><T73/><D121/><U22/><E120/><V56/><F113/><W132/><G114/><T112/><D39/><U8/><E32/><N who="2" m="20567" /><F100/><W122/><G132/><T2/><D112/><U77/><E119/><V78/><F56/><W57/><G122/><T63/><D115/><U126/><E126/><V3/><F65/><W116/><G70/><T4/><D4/><U28/><E107/><V15/><F15/><W13/><G116/><T110/><D110/><N who="2" m="41994" /><F12/><W37/><G131/><T102/><D6/><U58/><E58/><V94/><F94/><W29/><G29/><T41/><D102/><U133/><E92/><V36/><F36/><W62/><G76/><T49/><D63/><U105/><E105/><V25/><F25/><W84/><G19/><T87/><D31/><U18/><E28/><V118/><F118/><W66/><REACH who="3" step="1"/><G62/><REACH who="3" ten="50,298,403,239" step="2"/><T64/><D5/><U104/><E18/><V59/><F7/><W35/><G35/><T95/><D9/><U50/><E8/><V11/><F11/><W82/><AGARI ba="2,1" hai="13,16,21,33,34,37,42,46,57,61,66,82,84,91" machi="82" ten="20,8000,1" yaku="1,1,0,1,7,1,54,1,53,1" doraHai="20" doraHaiUra="38" who="3" fromWho="3" sc="50,-22,298,-22,403,-42,239,96" /><INIT seed="7,0,0,3,1,112" ten="28,276,361,335" oya="3" hai0="103,92,15,75,127,47,118,53,5,85,125,83,129" hai1="36,8,77,128,12,9,135,16,91,55,87,68,114" hai2="96,102,109,95,10,89,33,17,52,88,124,108,121" hai3="74,20,62,56,64,123,3,73,59,120,38,72,94"/><W98/><G38/><T50/><D92/><U6/><E114/><V21/><F33/><W70/><G3/><T40/><D103/><U105/><E68/><V99/><F124/><W110/><G110/><T132/><D53/><U69/><E69/><V66/><F66/><W126/><G126/><T57/><D57/><U86/><E105/><V14/><F121/><W106/><G106/><T2/><D85/><U28/><E36/><V119/><F119/><W67/><G20/><T130/><D50/><U97/><E135/><V79/><F79/><W30/><G30/><T4/><D15/><U27/><E128/><V24/><F52/><W93/><G70/><T25/><D25/><U84/><E77/><V44/><F44/><W13/><G13/><T42/><D47/><U113/><E113/><V0/><F0/><W54/><G93/><T116/><D2/><U81/><E97/><V107/><F89/><W60/><REACH who="3" step="1"/><G54/><REACH who="3" ten="28,276,361,325" step="2"/><T71/><D71/><U19/><E55/><V45/><F45/><W29/><G29/><AGARI ba="0,1" hai="10,14,17,21,24,29,88,95,96,99,102,107,108,109" machi="29" ten="30,2000,0" yaku="7,1,54,1" doraHai="112" who="2" fromWho="3" sc="28,0,276,0,361,30,325,-20" owari="28,-47.0,276,-12.0,391,48.0,305,11.0" /></mjloggm>