<mjloggm ver="2.3"><GO type="97" lobby="0"/><UN n0="%6D%61%74%75%34%37%38" n1="%E3%81%9F%E3%81%A1%E3%81%82%E3%81%AA" n2="%E3%83%AA%E3%83%AA%EF%BC%8D%E3%83%8A" n3="%E5%B0%B1%E6%B4%BB%E7%94%9F%40%E5%B7%9D%E6%9D%91%E8%BB%8D%E5%9B%A3" dan="13,15,13,14" rate="1982.33,2017.14,1911.11,2018.58" sx="M,F,F,M"/><TAIKYOKU oya="0"/><INIT seed="0,0,0,0,0,112" ten="250,250,250,250" oya="0" hai0="97,40,94,80,25,92,106,15,42,7,79,71,64" hai1="52,27,51,20,118,91,85,5,2,82,34,33,115" hai2="99,53,36,3,101,131,19,44,109,48,133,24,105" hai3="124,111,41,63,117,86,113,128,114,125,100,70,84"/><T62/><D106/><U50/><E115/><N who="3" m="44042" /><G41/><T73/><D25/><U130/><E130/><V21/><F109/><W8/><G8/><T95/><REACH who="0" step="1"/><D97/><REACH who="0" ten="240,250,250,250" step="2"/><U12/><E27/><V120/><F131/><W69/><G128/><T26/><D26/><U9/><E34/><V59/><F120/><W39/><G111/><T126/><D126/><U16/><E33/><V4/><F133/><W67/><G124/><T89/><D89/><U104/><E104/><V108/><F108/><W22/><G125/><T57/><D57/><U28/><E28/><V58/><F36/><W78/><G39/><T75/><D75/><U72/><E72/><V116/><F59/><W127/><G70/><T18/><D18/><U11/><E11/><AGARI ba="0,1" hai="7,11,15,40,42,62,64,71,73,79,80,92,94,95" machi="11" ten="40,2000,0" yaku="1,1,53,0" doraHai="112" doraHaiUra="55" who="0" fromWho="1" sc="240,30,250,-20,250,0,250,0" /><INIT seed="0,1,0,5,3,113" ten="270,230,250,250" oya="0" hai0="112,49,116,25,76,80,35,89,107,68,108,24,121" hai1="19,91,44,120,59,54,14,39,75,106,125,50,93" hai2="110,109,34,134,118,73,69,41,20,124,29,21,115" hai3="70,100,40,4,58,117,114,67,1,88,6,64,30"/><T43/><D116/><U5/><E106/><V53/><F69/><W79/><G70/><T81/><D121/><U16/><E120/><V12/><F73/><W99/><G114/><T38/><D112/><U33/><E33/><V131/><F115/><W95/><G79/><T45/><D107/><U8/><E75/><V123/><F41/><W102/><G117/><T111/><D68/><U65/><E125/><V101/><F123/><W78/><G78/><T87/><D38/><U0/><E0/><V85/><F124/><W2/><G30/><T133/><D133/><U37/><E37/><V11/><F134/><W130/><G130/><T122/><D122/><U126/><E126/><V96/><F131/><W52/><G40/><T22/><D35/><U104/><E104/><V55/><F118/><W13/><G2/><T7/><D7/><N who="3" m="2601" /><G13/><T10/><D10/><U15/><E15/><V48/><F29/><W86/><G1/><T83/><D25/><U84/><REACH who="1" step="1"/><E39/><REACH who="1" ten="270,220,250,250" step="2"/><V28/><F34/><W90/><G67/><T119/><D119/><U132/><E132/><V26/><F12/><W18/><G64/><T82/><REACH who="0" step="1"/><D76/><REACH who="0" ten="260,220,250,250" step="2"/><U42/><E42/><V27/><F27/><W32/><G32/><T3/><D3/><U74/><E74/><V97/><F26/><W51/><G18/><AGARI ba="1,2" hai="18,22,24,43,45,49,80,81,82,83,87,89,108,111" machi="18" ten="40,2000,0" yaku="1,1,53,0" doraHai="113" doraHaiUra="63" who="0" fromWho="3" sc="260,43,220,0,250,0,250,-23" /><INIT seed="0,2,0,5,3,5" ten="303,220,250,227" oya="0" hai0="51,53,121,21,124,105,36,101,7,83,65,126,120" hai1="107,32,48,16,30,128,117,131,70,11,34,57,45" hai2="86,92,25,132,66,118,44,108,67,60,133,69,0" hai3="9,68,129,49,19,46,99,27,127,47,10,3,54"/><T14/><D36/><U40/><E70/><V2/><F108/><W15/><G68/><T76/><D65/><U33/><E107/><V106/><F106/><W81/><G127/><N who="0" m="48683" /><D101/><U38/><E30/><V116/><F67/><W4/><G129/><N who="1" m="49738" /><E117/><N who="2" m="45163" /><F25/><W84/><G99/><T94/><D94/><U103/><E103/><V98/><F86/><W90/><G27/><T95/><D95/><U31/><E31/><V37/><F92/><W109/><G109/><T73/><D105/><U82/><E82/><V130/><F98/><W29/><G29/><T12/><D21/><U112/><E112/><V20/><F20/><W22/><G22/><T113/><D113/><U77/><E77/><V50/><F130/><W114/><G114/><T122/><D7/><U18/><E11/><V111/><F111/><W52/><G54/><AGARI ba="2,0" hai="16,18,32,33,34,38,40,45,48,54,57" m="49738" machi="54" ten="40,2600,0" yaku="19,1,54,1" doraHai="5" who="1" fromWho="3" sc="303,0,220,32,250,0,227,-32" /><INIT seed="1,0,0,0,4,0" ten="303,252,250,195" oya="1" hai0="90,48,98,21,133,37,128,5,119,81,69,102,59" hai1="43,12,117,87,96,10,66,54,105,11,113,126,125" hai2="25,134,129,40,3,60,72,19,27,1,62,82,9" hai3="17,71,109,135,58,115,56,50,38,132,77,22,23"/><U121/><E121/><V104/><F129/><W91/><G71/><T31/><D128/><U44/><E113/><V100/><F134/><N who="3" m="51243" /><G115/><T35/><D133/><U111/><E117/><V101/><F104/><W24/><G38/><T18/><D69/><U93/><E105/><V32/><F40/><W76/><G109/><T39/><D119/><U16/><E66/><V85/><F72/><W49/><G91/><T2/><D90/><U112/><E112/><V86/><F19/><W42/><G42/><T45/><D59/><N who="3" m="22569" /><G17/><T97/><D81/><U36/><E111/><V122/><F82/><W95/><G24/><N who="0" m="18919" /><D97/><U92/><E87/><V83/><F83/><W28/><G28/><T80/><D98/><U65/><E65/><V33/><F9/><W6/><G6/><T8/><D80/><U30/><E30/><V74/><F74/><W75/><G95/><T34/><D34/><U14/><E54/><V20/><REACH who="2" step="1"/><F20/><REACH who="2" ten="303,252,240,195" step="2"/><N who="3" m="7723" /><G75/><T127/><D21/><U46/><E92/><V110/><F110/><W108/><G108/><T106/><D106/><U88/><REACH who="1" step="1"/><E46/><REACH who="1" ten="303,242,240,195" step="2"/><V68/><F68/><W114/><G114/><T26/><D45/><U63/><E63/><V107/><F107/><W94/><G94/><T52/><D52/><U15/><E15/><V131/><F131/><W55/><G55/><T13/><D13/><U120/><E120/><AGARI ba="0,2" hai="1,3,25,27,32,33,60,62,85,86,100,101,120,122" machi="120" ten="25,3200,0" yaku="1,1,22,2,53,0" doraHai="0" doraHaiUra="79" who="2" fromWho="1" sc="303,0,242,-32,240,52,195,0" /><INIT seed="2,0,0,3,5,34" ten="303,210,292,195" oya="2" hai0="18,123,111,66,54,102,22,129,28,33,46,12,87" hai1="77,105,78,69,132,94,114,84,124,112,44,130,21" hai2="13,55,110,125,93,51,14,32,57,122,5,62,19" hai3="107,119,15,36,133,53,72,115,68,127,39,99,108"/><V96/><F122/><W85/><RYUUKYOKU type="yao9" ba="0,0" sc="303,0,210,0,292,0,195,0" hai3="15,36,39,53,68,72,85,99,107,108,115,119,127,133" /><INIT seed="2,1,0,3,5,75" ten="303,210,292,195" oya="2" hai0="95,40,104,53,50,88,74,108,52,54,80,32,48" hai1="39,19,132,66,134,59,30,135,89,100,105,85,92" hai2="122,37,28,2,94,20,125,31,5,24,57,35,64" hai3="1,86,127,49,55,118,129,42,34,9,14,65,131"/><V83/><F122/><W116/><G42/><T123/><D104/><U41/><E30/><V103/><F37/><W58/><G65/><T112/><D112/><U7/><E7/><V22/><F125/><W21/><G34/><T12/><D123/><U102/><E105/><V69/><F69/><W121/><G121/><T13/><D108/><U76/><E76/><V6/><F2/><W91/><G127/><T63/><D32/><U67/><E19/><V110/><F110/><W4/><G21/><T25/><D25/><U114/><E114/><V47/><F47/><W78/><G1/><T117/><D117/><U82/><E92/><V120/><F83/><W97/><G97/><N who="0" m="57575" /><D74/><U62/><REACH who="1" step="1"/><E67/><REACH who="1" ten="303,200,292,195" step="2"/><V17/><F35/><W8/><G8/><T33/><D33/><U72/><E72/><V38/><F31/><W133/><G133/><T113/><D113/><U0/><E0/><V87/><F120/><W56/><G116/><T107/><D107/><U98/><E98/><V96/><F87/><W90/><G118/><T11/><D80/><U26/><E26/><N who="2" m="14607" /><F38/><W111/><G111/><T70/><D70/><U119/><E119/><V77/><F77/><W10/><G10/><T126/><D11/><U71/><E71/><V18/><F18/><W44/><G78/><T109/><D109/><U3/><E3/><V15/><F15/><W68/><G68/><T84/><D84/><U29/><E29/><V115/><F115/><W73/><G73/><T61/><D126/><U81/><E81/><V43/><F64/><W128/><G90/><T36/><D36/><U93/><E93/><AGARI ba="1,1" hai="4,9,14,44,49,55,56,58,86,91,93,128,129,131" machi="93" ten="40,2600,0" yaku="6,1,19,1" doraHai="75" who="3" fromWho="1" sc="303,0,200,-29,292,0,195,39" /><INIT seed="3,0,0,3,2,130" ten="303,171,292,234" oya="3" hai0="9,57,122,47,13,40,29,128,8,100,87,70,79" hai1="76,0,119,42,68,88,103,16,133,69,26,10,64" hai2="81,125,3,89,101,90,37,48,35,127,22,67,115" hai3="65,2,116,33,95,66,80,36,93,60,17,27,72"/><W25/><G36/><T73/><D122/><U7/><E119/><V43/><F35/><W24/><G116/><T117/><D117/><U51/><E103/><V41/><F3/><W30/><G2/><T78/><D128/><U28/><E76/><V50/><F115/><W109/><G109/><T23/><D70/><U54/><E42/><V111/><F111/><W121/><G121/><T102/><D73/><U39/><E39/><V58/><F101/><N who="0" m="39018" /><D57/><U105/><E105/><V97/><F37/><W71/><G66/><T49/><D87/><U55/><E55/><V11/><F11/><N who="0" m="4170" /><D29/><U118/><E118/><V61/><F22/><W112/><G112/><T135/><D135/><U75/><E75/><V56/><F67/><W6/><G6/><T52/><D40/><U15/><E133/><V96/><F61/><W18/><G25/><T32/><D32/><U21/><E64/><V74/><F74/><W12/><G27/><T4/><D4/><U85/><E54/><V92/><F92/><W84/><G72/><T104/><D104/><U120/><E51/><V38/><F38/><W99/><G12/><T106/><D106/><U132/><E120/><V86/><F86/><W5/><G5/><T129/><D129/><U20/><REACH who="1" step="1"/><E132/><REACH who="1" ten="303,161,292,234" step="2"/><V59/><F59/><W107/><G107/><T44/><D44/><U91/><E91/><V114/><F114/><W1/><G65/><T45/><D45/><U108/><E108/><V82/><AGARI ba="0,1" hai="41,43,48,50,56,58,81,82,89,90,96,97,125,127" machi="82" ten="25,3200,0" yaku="0,1,22,2" doraHai="130" who="2" fromWho="2" sc="303,-8,161,-8,292,42,234,-16" owari="295,10.0,153,-35.0,334,43.0,218,-18.0" /></mjloggm>