<mjloggm ver="2.3"><GO type="169" lobby="0"/><UN n0="%E5%B0%B1%E6%B4%BB%E7%94%9F%40%E5%B7%9D%E6%9D%91%E8%BB%8D%E5%9B%A3" n1="%50%61%65%6C%6C%61" n2="%E3%81%97%E3%81%8A%E3%81%BE%E3%81%AD%E3%81%8D" n3="%4A%65%66%66" dan="16,16,17,16" rate="2084.53,2120.11,2169.36,2056.37" sx="M,M,M,M"/><TAIKYOKU oya="0"/><INIT seed="0,0,0,3,0,120" ten="250,250,250,250" oya="0" hai0="35,68,45,51,22,18,97,9,56,10,1,6,41" hai1="78,101,99,40,32,11,112,21,105,2,104,109,111" hai2="125,124,121,92,123,17,119,135,107,64,24,90,20" hai3="126,73,117,85,4,57,50,8,39,71,14,0,30"/><T75/><D68/><U134/><E32/><V33/><F107/><W46/><G71/><T76/><D35/><U37/><E134/><V131/><F64/><W116/><G73/><T80/><D10/><U74/><E21/><N who="2" m="13359" /><F90/><W65/><G126/><N who="2" m="48745" /><F92/><W25/><G39/><T31/><D31/><U100/><E112/><V60/><F60/><W23/><G0/><T26/><D56/><U77/><E2/><V79/><F79/><W69/><G69/><T94/><D94/><U38/><E11/><V81/><F81/><W3/><G3/><T82/><D82/><N who="1" m="45367" /><E78/><V130/><F33/><W48/><G85/><T59/><D59/><U89/><E89/><V63/><F63/><W5/><G5/><T113/><D97/><N who="1" m="61455" /><E37/><V19/><F119/><W96/><G96/><T53/><REACH who="0" step="1"/><D113/><REACH who="0" ten="240,250,250,250" step="2"/><U93/><E93/><V16/><F135/><W110/><G116/><T61/><D61/><U28/><E28/><V88/><F88/><W54/><G117/><T91/><D91/><U13/><E13/><N who="2" m="9231" /><F19/><W83/><G57/><T128/><D128/><AGARI ba="0,1" hai="121,123,128,130,131" m="9231,48745,13359" machi="128" ten="30,8000,1" yaku="19,1,18,1,34,2,54,1" doraHai="120" who="2" fromWho="0" sc="240,-80,250,0,250,90,250,0" /><INIT seed="1,0,0,5,1,30" ten="160,250,340,250" oya="1" hai0="124,117,13,50,3,46,67,66,7,125,56,26,134" hai1="79,45,102,1,100,4,132,80,41,130,16,87,105" hai2="89,92,120,33,40,90,122,6,32,42,14,83,52" hai3="9,115,106,75,77,61,70,98,59,35,109,63,85"/><U101/><E130/><V86/><F14/><W121/><G121/><T127/><D3/><U71/><E132/><V53/><F6/><W2/><G115/><T43/><D117/><U49/><E71/><V47/><F92/><W73/><G35/><T116/><D116/><U51/><E105/><V44/><REACH who="2" step="1"/><F86/><REACH who="2" ten="160,250,330,250" step="2"/><W74/><G2/><T110/><D13/><U24/><E4/><V25/><F25/><W133/><G74/><T129/><D7/><U21/><REACH who="1" step="1"/><E1/><REACH who="1" ten="160,240,330,250" step="2"/><V69/><F69/><W128/><G133/><T60/><D134/><U68/><E68/><V54/><F54/><W19/><G70/><T36/><D129/><U96/><E96/><V0/><F0/><W15/><G98/><T94/><D124/><U28/><E28/><V62/><F62/><W111/><G63/><T82/><D125/><U57/><E57/><V39/><F39/><AGARI ba="0,2" hai="16,21,24,39,41,45,49,51,79,80,87,100,101,102" machi="39" ten="40,7700,0" yaku="1,1,54,1,53,1" doraHai="30" doraHaiUra="78" who="1" fromWho="2" sc="160,0,240,97,330,-77,250,0" /><INIT seed="1,1,0,0,5,128" ten="160,337,253,250" oya="1" hai0="79,43,62,94,65,119,133,4,112,135,19,82,22" hai1="28,12,2,122,13,96,105,30,11,78,23,123,10" hai2="36,41,67,56,45,69,27,9,80,75,90,127,32" hai3="42,18,59,68,55,92,35,118,101,81,120,89,8"/><U61/><E78/><V88/><F127/><W121/><G68/><T73/><D119/><U114/><E61/><V16/><F69/><W95/><G35/><T104/><D104/><U77/><E77/><V115/><F115/><W17/><G118/><T6/><D112/><U70/><E70/><V130/><F130/><W57/><G42/><T25/><D43/><U1/><E96/><V134/><F134/><N who="0" m="51210" /><D94/><U85/><E85/><V111/><F111/><W34/><G34/><T103/><D103/><U37/><E105/><V20/><F20/><W86/><BYE who="2" /><G120/><T40/><D40/><U66/><E66/><V83/><F83/><W87/><G121/><T102/><D102/><U76/><E76/><V60/><F60/><W14/><G18/><UN n2="%E3%81%97%E3%81%8A%E3%81%BE%E3%81%AD%E3%81%8D" /><T126/><D126/><U109/><E37/><V84/><F75/><W108/><G108/><T48/><D48/><U64/><E64/><V3/><F90/><W51/><G101/><T39/><D39/><U5/><E109/><V106/><F106/><W124/><G124/><T117/><D117/><U97/><E114/><V46/><F41/><W58/><REACH who="3" step="1"/><G87/><REACH who="3" ten="160,337,253,240" step="2"/><T125/><D125/><U91/><E97/><V15/><F36/><W74/><G74/><T116/><D116/><U132/><E132/><V110/><F110/><W26/><G26/><T98/><D98/><U7/><E91/><V0/><F88/><W52/><G52/><T24/><D24/><U50/><E50/><V113/><F27/><W47/><AGARI ba="1,1" hai="8,14,17,47,51,55,57,58,59,81,86,89,92,95" machi="47" ten="30,8000,1" yaku="1,1,0,1,25,2,8,1,53,0" doraHai="128" doraHaiUra="71" who="3" fromWho="3" sc="160,-21,337,-41,253,-21,240,93" /><INIT seed="2,0,0,5,3,118" ten="139,296,232,333" oya="2" hai0="76,50,45,80,98,38,42,101,47,71,37,41,55" hai1="24,73,103,123,126,12,23,115,13,61,57,9,124" hai2="14,91,19,116,59,74,36,22,104,30,3,114,125" hai3="44,26,27,63,67,52,60,106,70,81,122,128,43"/><V56/><F116/><W68/><G106/><T35/><D55/><U110/><E110/><V10/><F36/><W121/><G128/><T79/><D50/><U120/><E115/><V94/><F104/><W93/><G93/><T127/><D127/><N who="1" m="48683" /><E103/><V8/><F74/><W89/><G89/><T32/><D71/><N who="3" m="27177" /><G81/><T53/><D53/><N who="1" m="33967" /><E73/><V72/><F72/><W95/><G95/><T107/><REACH who="0" step="1"/><D79/><REACH who="0" ten="129,296,232,333" step="2"/><U105/><E105/><V15/><F114/><W111/><G111/><T16/><D16/><N who="1" m="8207" /><E13/><V112/><F112/><W49/><G27/><T69/><D69/><U29/><AGARI ba="0,1" hai="23,24,29,120,123" m="8207,33967,48683" machi="29" ten="30,7900,0" yaku="18,1,52,2,54,1" doraHai="118" who="1" fromWho="1" sc="129,-20,296,89,232,-39,333,-20" /><INIT seed="3,0,0,2,4,68" ten="109,385,193,313" oya="3" hai0="96,125,124,64,84,45,54,16,61,14,44,36,107" hai1="87,0,35,92,133,111,130,26,51,114,28,52,55" hai2="119,127,79,66,102,101,39,118,46,47,100,12,24" hai3="128,103,113,105,69,106,59,19,41,43,15,81,32"/><W23/><G113/><T77/><D107/><U1/><E111/><V37/><F79/><W21/><G69/><T50/><D96/><U8/><E130/><V42/><F66/><W86/><G32/><T13/><D13/><U6/><E114/><V99/><F24/><W95/><G128/><T89/><D77/><U131/><E133/><V78/><F78/><W82/><G105/><T34/><D34/><U91/><E131/><V22/><F99/><N who="3" m="59903" /><G106/><T30/><D30/><U49/><E49/><V58/><F58/><W121/><G121/><T2/><D2/><U116/><E116/><N who="2" m="44587" /><F42/><N who="3" m="15883" /><G86/><T57/><D44/><N who="2" m="16938" /><F22/><N who="3" m="8203" /><G59/><T132/><D132/><U74/><E74/><V135/><F135/><W5/><G5/><T85/><D36/><N who="2" m="13898" /><F12/><W76/><G76/><T56/><D56/><U129/><E129/><V40/><F40/><W65/><G65/><T62/><D62/><U90/><E1/><V104/><F104/><W25/><G25/><T53/><D64/><U109/><E26/><V70/><F70/><W10/><AGARI ba="0,0" hai="10,15,19,81,82" m="8203,15883,59903" machi="10" ten="30,1500,0" yaku="8,1" doraHai="68" who="3" fromWho="3" sc="109,-5,385,-5,193,-5,313,15" /><INIT seed="3,1,0,4,1,52" ten="104,380,188,328" oya="3" hai0="77,103,118,117,62,86,64,122,17,25,20,40,110" hai1="24,132,51,109,6,32,134,101,79,5,7,120,48" hai2="16,56,19,75,76,91,85,135,68,29,21,113,43" hai3="54,126,82,28,124,35,95,37,73,34,14,45,30"/><W15/><G73/><T49/><D122/><U31/><E109/><V93/><F68/><W65/><G65/><T4/><D110/><U88/><E120/><V27/><F113/><W33/><G82/><T106/><D4/><U119/><E119/><V23/><F135/><N who="1" m="51753" /><E101/><V38/><F76/><W104/><G104/><T39/><D39/><U89/><E79/><V102/><F75/><W1/><G95/><T98/><D86/><U108/><E108/><V105/><F102/><W87/><G87/><T57/><D77/><U80/><E80/><V10/><F105/><W2/><G37/><T99/><REACH who="0" step="1"/><D98/><REACH who="0" ten="94,380,188,328" step="2"/><U3/><E3/><N who="3" m="1034" /><G45/><AGARI ba="1,1" hai="17,20,25,40,45,49,57,62,64,99,103,106,117,118" machi="45" ten="40,8000,1" yaku="1,1,52,1,53,2" doraHai="52" doraHaiUra="114" who="0" fromWho="3" sc="94,93,380,0,188,0,328,-83" /><INIT seed="4,0,0,2,1,70" ten="187,380,188,245" oya="0" hai0="63,82,90,118,53,95,40,122,97,35,5,1,66" hai1="74,92,14,75,119,121,109,20,42,56,89,61,47" hai2="39,94,96,132,54,12,16,58,46,24,67,106,77" hai3="135,0,59,126,131,18,22,99,37,69,38,134,21"/><T17/><D118/><U98/><E109/><V55/><F132/><N who="3" m="50731" /><G69/><T28/><D122/><U3/><E3/><V50/><F106/><W15/><G0/><T51/><D40/><U62/><E62/><V29/><F77/><W84/><G131/><T6/><D1/><U101/><E89/><V86/><F86/><W34/><G34/><T4/><D17/><U80/><E80/><V45/><F67/><W71/><G71/><T72/><D72/><U60/><E60/><V30/><F24/><W10/><G126/><T43/><D43/><U102/><E101/><V78/><F78/><W124/><G124/><T2/><D2/><U49/><E119/><V36/><F45/><W111/><G111/><T112/><D112/><U87/><E87/><V133/><F133/><W7/><G84/><T116/><D116/><U83/><E83/><V11/><F30/><W107/><G59/><N who="0" m="37247" /><D35/><U127/><E127/><V108/><F29/><W44/><G44/><N who="0" m="27879" /><D28/><U79/><E121/><V123/><F108/><W93/><G107/><T27/><D27/><U41/><E41/><V9/><F123/><W76/><G76/><T115/><D115/><U128/><E79/><V91/><F11/><W104/><G104/><T65/><D82/><U125/><E125/><V26/><F26/><N who="3" m="14647" /><G22/><T130/><D130/><U105/><E128/><V114/><F114/><W117/><G117/><T103/><D65/><N who="1" m="39079" /><E105/><V31/><F31/><W19/><G19/><T100/><AGARI ba="0,0" hai="4,5,6,90,95,97,100,103" m="27879,37247" machi="100" ten="30,1500,0" yaku="8,1" doraHai="70" who="0" fromWho="0" sc="187,15,380,-5,188,-5,245,-5" /><INIT seed="4,1,0,5,5,33" ten="202,375,183,240" oya="0" hai0="96,100,3,16,88,80,89,6,107,28,115,4,10" hai1="48,17,18,98,65,76,23,55,94,5,113,132,47" hai2="108,60,106,66,1,32,95,53,71,29,81,2,49" hai3="24,120,111,104,118,42,125,21,52,46,27,31,85"/><T78/><D115/><U127/><E132/><V79/><F106/><W86/><G118/><T44/><D28/><U50/><E127/><V61/><F108/><W131/><G104/><T40/><D6/><U105/><E105/><V123/><F123/><W97/><G125/><T134/><D134/><U58/><E5/><V130/><F130/><W116/><G116/><T74/><REACH who="0" step="1"/><D16/><REACH who="0" ten="192,375,183,240" step="2"/><U103/><E113/><V37/><F29/><W92/><G131/><T64/><D64/><U26/><E65/><V121/><F32/><W90/><G31/><T128/><D128/><U14/><E17/><V84/><F121/><W75/><G120/><T91/><D91/><U82/><E26/><V0/><F37/><AGARI ba="1,1" hai="3,4,10,37,40,44,74,78,80,88,89,96,100,107" machi="37" ten="30,18000,2" yaku="1,1,7,1,25,2,52,1,54,1,53,0" doraHai="33" doraHaiUra="15" who="0" fromWho="2" sc="192,193,375,0,183,-183,240,0" /><INIT seed="4,2,0,4,0,121" ten="385,375,0,240" oya="0" hai0="51,106,47,41,60,37,117,24,113,33,67,64,92" hai1="103,49,22,93,84,80,102,10,81,108,55,62,120" hai2="65,133,99,88,96,45,78,28,127,31,98,38,95" hai3="100,135,83,53,130,63,14,35,59,15,21,118,12"/><T91/><D117/><U54/><E108/><V16/><F65/><W126/><G118/><T111/><D106/><U27/><E120/><V79/><F133/><W105/><G126/><T90/><D111/><U4/><E93/><N who="2" m="56359" /><F127/><W48/><G135/><T6/><D6/><U129/><E129/><V110/><F110/><W94/><G130/><T89/><D113/><U87/><E62/><V124/><F124/><W112/><G112/><T68/><D67/><U5/><E10/><V82/><F38/><W71/><G35/><T114/><D114/><U46/><E5/><V8/><F45/><W25/><G105/><T40/><D40/><U52/><E4/><V2/><F2/><W125/><G83/><N who="1" m="31818" /><E87/><N who="2" m="48599" /><F79/><W43/><G125/><T77/><D77/><U30/><E84/><V86/><F86/><W44/><G71/><T116/><D116/><U17/><E30/><N who="2" m="11307" /><F95/><W74/><G74/><T39/><D33/><U132/><E132/><V36/><F36/><W50/><G94/><T131/><D131/><U122/><E122/><V0/><F0/><W9/><G100/><AGARI ba="2,0" hai="17,22,27,46,49,52,54,55,100,102,103" m="31818" machi="100" ten="30,2000,0" yaku="8,1,54,1" doraHai="121" who="1" fromWho="3" sc="385,0,375,26,0,0,240,-26" /><INIT seed="5,0,0,0,1,63" ten="385,401,0,214" oya="1" hai0="117,24,66,113,23,129,30,56,108,44,131,90,112" hai1="10,64,99,68,49,114,91,94,93,75,55,15,1" hai2="132,9,106,73,28,71,111,53,62,123,12,7,115" hai3="19,52,8,135,58,125,20,21,38,92,96,79,77"/><U130/><E1/><V120/><F111/><W42/><G135/><T121/><D108/><U80/><E114/><N who="0" m="44137" /><D117/><U6/><E130/><N who="0" m="49673" /><D121/><U110/><E110/><V95/><F115/><W47/><G125/><T65/><D56/><N who="1" m="32879" /><E68/><V107/><F73/><W82/><G8/><T27/><D90/><N who="1" m="55735" /><E75/><V17/><F132/><W32/><G32/><N who="0" m="20551" /><D44/><U128/><E128/><V81/><F123/><W97/><G96/><T116/><D116/><U133/><E133/><V84/><F120/><W122/><G122/><T25/><D25/><U101/><E101/><V60/><F71/><W45/><G47/><T43/><D43/><U29/><E29/><AGARI ba="0,0" hai="23,27,29,65,66" m="20551,49673,44137" machi="29" ten="30,7700,0" yaku="15,1,19,1,52,2" doraHai="63" who="0" fromWho="1" sc="385,77,401,-77,0,0,214,0" /><INIT seed="6,0,0,3,5,19" ten="462,324,0,214" oya="2" hai0="100,66,114,130,57,6,120,65,71,112,28,8,58" hai1="85,2,44,110,121,29,133,94,31,79,22,91,86" hai2="39,26,55,126,64,18,72,128,50,7,111,106,38" hai3="69,68,11,45,78,115,76,54,24,118,98,101,60"/><V20/><F106/><W59/><G118/><T48/><D120/><U3/><E110/><V10/><F72/><W42/><G115/><N who="0" m="44075" /><D130/><U95/><E133/><V124/><F111/><W88/><G11/><T73/><D73/><U117/><E44/><N who="2" m="28103" /><F64/><N who="0" m="24682" /><D71/><U70/><E79/><V122/><F122/><W134/><G134/><T16/><D28/><U132/><E132/><V21/><F128/><W92/><G101/><T127/><D127/><N who="2" m="48682" /><F21/><W89/><G89/><T46/><D100/><U25/><E70/><V90/><F90/><W12/><G12/><AGARI ba="0,0" hai="7,10,12,18,20,26,38,39" m="48682,28103" machi="12" ten="30,2900,0" yaku="18,1,52,1" doraHai="19" who="2" fromWho="3" sc="462,0,324,0,0,29,214,-29" /><INIT seed="6,1,0,3,2,55" ten="462,324,29,185" oya="2" hai0="124,24,27,42,26,113,1,84,98,47,119,81,28" hai1="11,89,133,15,75,101,115,2,103,120,41,116,79" hai2="126,51,14,114,17,50,128,77,83,54,129,48,109" hai3="8,31,100,9,59,60,96,90,94,102,104,45,82"/><V61/><F109/><W7/><G31/><T43/><D1/><U80/><E115/><V36/><F36/><W92/><G45/><T38/><D124/><U97/><E116/><V25/><F114/><W12/><G104/><T131/><D113/><U46/><E133/><V52/><F126/><W76/><G94/><T19/><D119/><U122/><E89/><V22/><F25/><W67/><REACH who="3" step="1"/><G9/><REACH who="3" ten="462,324,29,175" step="2"/><T44/><D28/><U99/><E122/><V71/><F71/><W112/><G112/><T87/><D44/><U117/><E11/><V111/><F111/><W65/><G65/><T93/><D47/><U132/><E46/><V85/><REACH who="2" step="1"/><F54/><REACH who="2" ten="462,324,19,175" step="2"/><W16/><G16/><T56/><D19/><U32/><E120/><V10/><F10/><W121/><G121/><T21/><D38/><U18/><E18/><V30/><F30/><W135/><G135/><T72/><D43/><U4/><E132/><V125/><F125/><W37/><G37/><T73/><D42/><U66/><E41/><V118/><F118/><W49/><G49/><T95/><D27/><U108/><E117/><V63/><F63/><W29/><G29/><T110/><D26/><U88/><E108/><V53/><F53/><W0/><G0/><T134/><D24/><U6/><E2/><V123/><F123/><W78/><G78/><T91/><D110/><U35/><E79/><V34/><F34/><W127/><G127/><T106/><D134/><U64/><E32/><V33/><F33/><W105/><G105/><T86/><D106/><N who="1" m="63791" /><E35/><V68/><F68/><W74/><AGARI ba="1,2" hai="7,8,12,59,60,67,74,76,82,90,92,96,100,102" machi="74" ten="20,8000,1" yaku="1,1,0,1,7,1,52,1,53,1" doraHai="55" doraHaiUra="5" who="3" fromWho="3" sc="462,-21,324,-21,19,-41,175,103" owari="441,54.0,303,10.0,-22,-52.0,278,-12.0" /></mjloggm>