<mjloggm ver="2.3"><GO type="97" lobby="0"/><UN n0="%E5%B0%B1%E6%B4%BB%E7%94%9F%40%E5%B7%9D%E6%9D%91%E8%BB%8D%E5%9B%A3" n1="%42%55%5A%5A%7A" n2="%E7%97%A9%E8%BA%AB%E3%81%AE%E9%9B%80%E5%A3%AB" n3="%E6%80%A7%E8%B1%AA" dan="14,13,14,15" rate="1986.29,1853.40,1955.48,1909.47" sx="M,F,M,M"/><TAIKYOKU oya="0"/><INIT seed="0,0,0,2,2,40" ten="250,250,250,250" oya="0" hai0="93,64,109,50,42,2,29,18,22,100,68,88,123" hai1="20,95,117,128,92,58,30,73,124,71,96,24,17" hai2="62,32,61,81,99,102,120,5,35,105,101,9,23" hai3="11,111,132,15,10,127,134,37,129,54,83,0,38"/><T44/><D2/><U34/><E117/><V126/><F120/><W110/><G127/><T119/><D123/><U87/><E73/><V4/><F126/><W6/><G129/><T8/><D119/><U106/><E71/><V67/><F101/><W79/><G54/><T25/><D109/><N who="3" m="41481" /><G38/><T1/><D100/><U69/><E124/><V130/><F130/><W60/><G60/><T3/><D68/><U16/><E69/><V116/><F116/><W7/><G37/><T86/><D64/><U125/><E128/><V89/><F62/><W107/><G107/><T98/><D98/><U31/><E125/><V75/><F5/><W97/><G97/><T26/><REACH who="0" step="1"/><D8/><REACH who="0" ten="240,250,250,250" step="2"/><U115/><E115/><V91/><F102/><W66/><G66/><T85/><D85/><AGARI ba="0,1" hai="0,6,7,10,11,15,79,83,85,132,134" m="41481" machi="85" ten="30,1000,0" yaku="14,1" doraHai="40" who="3" fromWho="0" sc="240,-10,250,0,250,0,250,20" /><INIT seed="1,0,0,1,3,58" ten="230,250,250,270" oya="1" hai0="21,90,115,71,72,65,70,117,93,57,53,44,89" hai1="99,127,49,6,80,32,91,7,36,87,107,25,16" hai2="28,96,88,48,69,12,14,61,103,75,74,8,51" hai3="60,47,123,101,29,79,114,81,82,41,116,5,86"/><U100/><E36/><V62/><F69/><W76/><G114/><T55/><D72/><U129/><E127/><V124/><F75/><W52/><G123/><T64/><D117/><U77/><E129/><V104/><F74/><W35/><G116/><T121/><D121/><U84/><E49/><N who="2" m="19019" /><F104/><W126/><G126/><T23/><D115/><U111/><E111/><V131/><F103/><W33/><G101/><T46/><D57/><U98/><E98/><V59/><F59/><W9/><G29/><T95/><AGARI ba="0,0" hai="21,23,44,46,53,55,64,65,70,71,89,90,93,95" machi="95" ten="25,3200,0" yaku="0,1,22,2" doraHai="58" who="0" fromWho="0" sc="230,32,250,-16,250,-8,270,-8" /><INIT seed="2,0,0,0,4,87" ten="262,234,242,262" oya="2" hai0="82,2,54,96,90,85,117,71,121,77,118,52,57" hai1="17,100,65,24,56,63,92,134,9,133,73,79,128" hai2="75,8,98,103,16,132,129,48,26,58,28,36,53" hai3="41,110,40,45,12,81,15,50,32,95,101,69,3"/><V60/><F75/><W112/><G112/><T72/><D71/><U102/><E128/><V22/><F132/><N who="1" m="50793" /><E92/><V1/><F129/><W122/><G122/><T83/><D2/><U23/><E9/><V106/><F36/><W42/><G110/><T4/><D121/><U64/><E64/><V34/><F1/><W0/><G32/><T30/><D4/><U11/><E11/><V38/><F8/><W47/><G69/><T125/><D125/><U124/><E124/><V18/><F38/><W61/><G61/><T107/><D30/><U116/><E116/><N who="0" m="44649" /><D57/><U5/><E5/><V13/><REACH who="2" step="1"/><F18/><REACH who="2" ten="262,234,232,262" step="2"/><W94/><G0/><T49/><D49/><AGARI ba="0,1" hai="13,16,22,26,28,34,48,49,53,58,60,98,103,106" machi="49" ten="40,12000,1" yaku="1,1,2,1,54,1,53,1" doraHai="87" doraHaiUra="59" who="2" fromWho="0" sc="262,-120,234,0,232,130,262,0" /><INIT seed="2,1,0,0,2,68" ten="142,234,362,262" oya="2" hai0="32,33,43,72,94,21,132,66,0,114,102,80,67" hai1="45,58,30,20,16,22,120,1,126,119,133,23,128" hai2="93,8,100,116,48,96,71,61,135,60,47,13,38" hai3="85,12,2,36,6,101,54,14,26,55,29,73,99"/><V40/><F116/><W75/><G2/><T10/><D114/><U97/><E119/><V104/><F135/><W25/><G36/><T65/><D132/><U69/><E1/><V70/><F70/><W89/><G73/><T84/><D43/><U77/><E69/><V17/><F71/><W82/><G75/><T122/><D122/><U35/><E133/><V123/><F123/><W19/><G6/><T134/><D134/><U57/><E120/><V121/><F121/><W111/><G111/><T41/><D41/><U92/><E128/><V56/><F104/><W127/><G127/><T103/><D72/><U125/><E77/><V78/><F78/><W83/><G83/><T46/><D46/><U34/><E45/><V110/><F110/><W27/><G29/><T59/><D59/><N who="1" m="22539" /><E30/><V51/><F38/><W109/><G109/><T76/><D21/><U130/><E130/><V31/><F31/><W108/><G108/><T79/><D79/><U18/><E34/><V42/><REACH who="2" step="1"/><F56/><REACH who="2" ten="142,234,352,262" step="2"/><W88/><G101/><T106/><D106/><U53/><E35/><V7/><F7/><W86/><G99/><T39/><D39/><U15/><E125/><V87/><F87/><W131/><G131/><T113/><D113/><U129/><E129/><V107/><F107/><W63/><G85/><T91/><D103/><N who="1" m="60839" /><E126/><V112/><F112/><W98/><G98/><N who="0" m="57695" /><D102/><U124/><E124/><V4/><F4/><W50/><G86/><T118/><D118/><U49/><E15/><V62/><F62/><W64/><G63/><T3/><D3/><U105/><E105/><V81/><F81/><RYUUKYOKU ba="1,1" sc="142,10,234,10,352,10,262,-30" hai0="0,10,32,33,65,66,67,76,80,84" hai1="16,18,20,22,23,49,53" hai2="8,13,17,40,42,47,48,51,60,61,93,96,100" /><INIT seed="2,2,1,0,0,59" ten="152,244,362,232" oya="2" hai0="62,6,63,79,83,116,40,121,35,70,94,46,69" hai1="119,56,36,45,27,66,109,24,43,87,111,124,67" hai2="60,68,28,25,107,12,55,131,9,26,134,65,95" hai3="115,32,114,39,13,122,57,22,77,81,42,82,101"/><V41/><F107/><W106/><G122/><T130/><D121/><U112/><E119/><V85/><F134/><W16/><G32/><T8/><D116/><U96/><E112/><N who="3" m="43050" /><G39/><T61/><D35/><U47/><E47/><V132/><F132/><W126/><G126/><T104/><D104/><U75/><E75/><V2/><F131/><W50/><G77/><T88/><D130/><U118/><E118/><V21/><F41/><W44/><G57/><T38/><D83/><N who="3" m="31753" /><G101/><T1/><REACH who="0" step="1"/><D79/><REACH who="0" ten="142,244,362,232" step="2"/><U90/><E124/><V72/><F72/><W53/><G106/><T4/><D4/><U34/><E34/><V0/><F95/><W128/><G128/><T54/><D54/><AGARI ba="2,2" hai="13,16,22,42,44,50,53,54" m="31753,43050" machi="54" ten="30,2000,0" yaku="11,1,54,1" doraHai="59" who="3" fromWho="0" sc="142,-26,244,0,362,0,232,46" /><INIT seed="3,0,0,2,2,51" ten="116,244,362,278" oya="3" hai0="1,98,34,94,108,105,8,120,13,59,111,7,53" hai1="61,0,87,31,121,47,89,64,28,76,62,46,106" hai2="97,48,93,37,23,117,78,131,132,10,124,73,77" hai3="11,101,112,17,107,54,85,113,88,135,35,18,72"/><W118/><G118/><T38/><D120/><U71/><E121/><V127/><F117/><W52/><G135/><T80/><D38/><U99/><E0/><V69/><F69/><W44/><G72/><T41/><D105/><U32/><E76/><N who="2" m="29291" /><F37/><W90/><G35/><T119/><D41/><U128/><E128/><V12/><F131/><W104/><G101/><T67/><D119/><U27/><E28/><V116/><F73/><W129/><G85/><T134/><D34/><U66/><E61/><V5/><F48/><W20/><G129/><T60/><D80/><U33/><E64/><V36/><F36/><W91/><G44/><T100/><D134/><U84/><E84/><V115/><F115/><N who="3" m="44107" /><G11/><T29/><D29/><U56/><E33/><V125/><F132/><W74/><G20/><T26/><D26/><U92/><REACH who="1" step="1"/><E56/><REACH who="1" ten="116,234,362,278" step="2"/><V114/><F114/><W130/><G130/><T75/><D75/><U58/><E58/><V68/><F116/><W40/><G74/><T42/><D1/><U96/><E96/><V45/><F68/><W102/><G40/><T122/><D122/><U95/><E95/><V82/><F45/><W9/><G107/><T103/><D42/><U63/><E63/><V43/><F43/><W24/><G104/><T50/><REACH who="0" step="1"/><D100/><AGARI ba="0,1" hai="27,31,32,46,47,62,66,71,87,89,92,99,100,106" machi="100" ten="40,8000,1" yaku="1,1,25,2,53,1" doraHai="51" doraHaiUra="86" who="1" fromWho="0" sc="116,-80,234,90,362,0,278,0" owari="36,-46.0,324,12.0,362,46.0,278,-12.0" /></mjloggm>