<mjloggm ver="2.3"><GO type="41" lobby="0"/><UN n0="%E5%8D%8D%E7%A5%90%E6%A8%B9%E3%81%8A%E3%81%AB%E3%81%83%E5%8D%8D" n1="%E5%B0%B1%E6%B4%BB%E7%94%9F%40%E5%B7%9D%E6%9D%91%E8%BB%8D%E5%9B%A3" n2="%75%6D%65%61%6B%69" n3="%73%68%6F%75%2D%74%65%6E" dan="13,16,15,15" rate="1877.98,2117.50,2053.05,1947.57" sx="M,M,M,M"/><TAIKYOKU oya="0"/><INIT seed="0,0,0,2,3,43" ten="250,250,250,250" oya="0" hai0="49,81,119,27,11,45,58,124,37,23,132,4,44" hai1="120,88,107,78,92,122,85,67,28,100,26,83,103" hai2="55,86,115,17,130,106,54,41,90,109,135,93,8" hai3="123,76,30,89,121,56,68,20,73,12,50,126,10"/><T70/><D70/><U0/><E0/><V3/><F115/><W101/><G68/><T125/><D119/><U82/><E67/><V1/><F106/><W114/><G101/><N who="1" m="38986" /><E28/><V48/><F130/><W62/><G114/><T19/><D132/><U127/><E26/><V111/><F135/><W47/><G126/><N who="0" m="48747" /><D37/><U22/><E22/><V21/><F41/><W31/><G73/><T29/><D81/><N who="1" m="30731" /><E127/><V14/><F55/><N who="3" m="30175" /><G76/><T79/><D79/><U97/><E78/><V5/><REACH who="2" step="1"/><F3/><REACH who="2" ten="250,250,240,250" step="2"/><W95/><G123/><N who="1" m="47146" /><E107/><V128/><F128/><W57/><G121/><T39/><D39/><U52/><E52/><V75/><F75/><W91/><G62/><T7/><D29/><U69/><E69/><V80/><F80/><W25/><G31/><T116/><D116/><U105/><E105/><V129/><F129/><W38/><G38/><T2/><D4/><U63/><E63/><V112/><F112/><W99/><G91/><T74/><D74/><U87/><AGARI ba="0,1" hai="85,87,88,92,97" m="47146,30731,38986" machi="87" ten="40,5200,0" yaku="34,2,54,1" doraHai="43" who="1" fromWho="1" sc="250,-26,250,62,240,-13,250,-13" /><INIT seed="1,0,0,2,5,86" ten="224,312,227,237" oya="1" hai0="91,94,14,110,126,82,49,135,101,5,0,59,30" hai1="53,84,129,121,31,87,83,62,108,55,85,32,60" hai2="89,81,42,115,77,20,103,2,109,125,21,26,69" hai3="92,71,117,66,61,105,22,18,48,78,24,95,75"/><U93/><E121/><V134/><F69/><W7/><G105/><T106/><D110/><U96/><E108/><V37/><F109/><W28/><G117/><T130/><D126/><U45/><E129/><V68/><F68/><W131/><G131/><T10/><D130/><U29/><E83/><V65/><F65/><W39/><G39/><T46/><D135/><U38/><E38/><V97/><F2/><W25/><G7/><T57/><D30/><N who="1" m="11275" /><E32/><V44/><F115/><W43/><G78/><T1/><D1/><U90/><E45/><V132/><F125/><W9/><G75/><T128/><D128/><U120/><E120/><V113/><F113/><W63/><G63/><AGARI ba="0,0" hai="53,55,60,62,63,84,85,87,90,93,96" m="11275" machi="63" ten="30,2900,0" yaku="8,1,52,1" doraHai="86" who="1" fromWho="3" sc="224,0,312,29,227,0,237,-29" /><INIT seed="1,1,0,0,1,19" ten="224,341,227,208" oya="1" hai0="92,4,45,59,72,106,39,5,90,71,50,128,47" hai1="61,49,14,129,28,126,77,105,55,94,82,36,1" hai2="88,85,66,104,93,15,109,115,102,65,12,7,27" hai3="56,83,78,114,91,81,6,51,8,13,11,21,44"/><U35/><E105/><V25/><F115/><W70/><G70/><T38/><D106/><U2/><E36/><V62/><F109/><W96/><G114/><T18/><D71/><U79/><E129/><V20/><F7/><W54/><G11/><T40/><D72/><U97/><E126/><V121/><F121/><W73/><G96/><T132/><D128/><U131/><E131/><V69/><F65/><W130/><G130/><T23/><D132/><U80/><E61/><V87/><F25/><W10/><G10/><T76/><D76/><U86/><E14/><V64/><F66/><W26/><G83/><T57/><D39/><U53/><E28/><V110/><F110/><W124/><G124/><T100/><D100/><U58/><E55/><V84/><F102/><W32/><G32/><T22/><D38/><U68/><E35/><V67/><F104/><W101/><G101/><T127/><D18/><U113/><E113/><V135/><F64/><W99/><G99/><N who="0" m="57751" /><D47/><U33/><E33/><V9/><F135/><W42/><G91/><T41/><D41/><U112/><E112/><V134/><F134/><W74/><G74/><T0/><D0/><U119/><E119/><V34/><F34/><W103/><G103/><T37/><D37/><U30/><E30/><V118/><F118/><W48/><G26/><T52/><D127/><U17/><E17/><N who="2" m="8335" /><F15/><W116/><G116/><T89/><D89/><N who="1" m="55503" /><E68/><V29/><F69/><W107/><G107/><T60/><D59/><U31/><E31/><V43/><F43/><W125/><G125/><T111/><D111/><U122/><E122/><RYUUKYOKU ba="1,0" sc="224,0,341,0,227,0,208,0" hai0="4,5,22,23,40,45,50,52,57,60" hai1="1,2,49,53,58,77,79,80,82,86" hai2="20,27,29,62,67,84,85,87,88,93" hai3="6,8,13,21,42,44,48,51,54,56,73,78,81" /><INIT seed="1,2,0,5,4,125" ten="224,341,227,208" oya="1" hai0="107,60,11,52,126,83,58,86,99,74,16,4,116" hai1="97,46,21,5,72,101,84,119,35,39,134,54,22" hai2="133,89,111,2,87,6,28,79,112,90,129,114,118" hai3="42,37,17,92,94,49,38,132,108,53,70,61,80"/><U50/><E35/><V32/><F118/><W110/><G80/><T77/><D116/><U135/><E72/><V47/><F133/><N who="1" m="50697" /><E119/><V15/><F111/><N who="3" m="42539" /><G132/><T71/><D71/><U9/><E39/><N who="3" m="14858" /><G42/><T27/><D126/><U33/><E84/><V41/><F15/><W36/><G36/><T131/><D131/><U1/><E33/><V100/><F129/><W18/><G70/><T69/><D69/><U115/><E115/><V63/><F32/><W26/><G61/><T106/><D74/><U31/><E31/><V3/><F28/><W24/><G24/><T123/><D99/><U45/><E45/><V13/><F63/><W25/><G25/><T82/><D82/><U102/><E102/><V91/><F100/><W113/><G113/><N who="2" m="43625" /><F47/><N who="3" m="27839" /><G26/><T14/><REACH who="0" step="1"/><D123/><REACH who="0" ten="214,341,227,208" step="2"/><U67/><E67/><V44/><F41/><W124/><G124/><T34/><D34/><U120/><E120/><V62/><F87/><W85/><G85/><T75/><D75/><U121/><E121/><V73/><F73/><W40/><G40/><T103/><D103/><U93/><AGARI ba="2,1" hai="1,5,9,21,22,46,50,54,93,97,101" m="50697" machi="93" ten="30,1500,0" yaku="20,1" doraHai="125" who="1" fromWho="1" sc="214,-7,341,31,227,-7,208,-7" /><INIT seed="1,3,0,5,3,46" ten="207,372,220,201" oya="1" hai0="122,129,92,81,126,104,130,51,107,28,45,25,93" hai1="134,135,116,119,47,115,84,76,21,23,42,63,9" hai2="103,59,125,53,112,18,13,20,114,6,7,106,12" hai3="88,78,26,132,83,34,73,4,74,94,1,80,110"/><U62/><E9/><V69/><F69/><W71/><G71/><T70/><D70/><U55/><E76/><V109/><F125/><W5/><G132/><N who="1" m="50730" /><E84/><V8/><F109/><W72/><G110/><T60/><D126/><U117/><E115/><N who="2" m="44075" /><F103/><W24/><G1/><T19/><D60/><N who="1" m="23083" /><E55/><V68/><F106/><N who="0" m="40490" /><D19/><U35/><E35/><V85/><F68/><W39/><G39/><AGARI ba="3,0" hai="21,23,39,42,47,116,117,119" m="23083,50730" machi="39" ten="40,2000,0" yaku="20,1" doraHai="46" who="1" fromWho="3" sc="207,0,372,29,220,0,201,-29" /><INIT seed="1,4,0,4,2,68" ten="207,401,220,172" oya="1" hai0="131,92,103,47,25,134,37,61,105,23,76,5,33" hai1="111,90,0,9,116,32,122,77,54,26,67,8,123" hai2="34,97,2,119,91,82,94,69,58,28,53,35,132" hai3="108,59,104,55,30,19,12,78,110,24,65,96,40"/><U3/><E67/><V128/><F119/><W107/><G78/><T44/><D134/><U75/><E90/><V27/><F2/><W39/><G65/><T124/><D131/><U112/><E54/><V72/><F132/><W48/><G96/><T13/><D33/><U36/><E77/><V125/><F125/><W80/><G80/><T74/><D124/><U133/><E75/><V135/><F128/><W95/><G95/><T41/><D61/><U56/><E56/><V130/><F69/><W11/><G107/><T50/><D105/><U31/><E36/><V60/><F135/><W57/><G104/><T64/><D64/><U114/><E133/><V49/><F35/><W89/><G89/><T17/><D74/><U51/><E51/><V117/><F117/><W129/><G57/><T87/><D76/><U101/><E101/><V46/><F72/><W10/><G10/><N who="1" m="4202" /><E116/><V93/><F130/><W88/><G129/><T7/><D13/><U1/><E111/><N who="3" m="42538" /><G88/><T4/><D87/><U85/><E85/><V98/><F82/><W22/><G40/><T18/><D92/><U63/><E63/><V115/><F115/><AGARI ba="4,0" hai="0,1,3,26,31,32,112,114,115,122,123" m="4202" machi="115" ten="40,3900,0" yaku="34,2" doraHai="68" who="1" fromWho="2" sc="207,0,401,51,220,-51,172,0" /><INIT seed="1,5,0,5,5,30" ten="207,452,169,172" oya="1" hai0="66,33,15,51,118,129,63,95,19,57,124,128,28" hai1="105,72,68,47,93,56,44,79,29,45,117,20,61" hai2="86,76,71,135,97,109,64,125,80,87,36,55,6" hai3="75,3,81,92,27,0,100,41,67,10,4,107,120"/><U48/><E105/><V119/><F36/><W103/><G107/><T130/><D118/><U62/><E117/><V84/><F119/><W112/><G112/><T23/><D51/><U113/><E113/><V21/><F64/><W132/><G120/><T88/><D124/><U91/><E72/><V73/><F71/><W121/><G121/><T14/><D28/><U108/><E79/><V122/><F135/><W43/><G0/><T94/><D94/><U90/><E68/><V16/><F6/><W22/><G67/><T46/><D46/><U24/><E108/><V53/><F109/><W1/><G1/><T26/><D33/><U89/><E93/><V34/><F34/><W38/><G132/><T69/><D69/><U131/><E131/><V60/><F125/><W17/><G92/><T99/><AGARI ba="5,0" hai="14,15,19,23,26,57,63,66,88,95,99,128,129,130" machi="99" ten="30,4000,0" yaku="0,1,19,1,54,1" doraHai="30" who="0" fromWho="0" sc="207,55,452,-25,169,-15,172,-15" /><INIT seed="2,0,0,0,2,106" ten="262,427,154,157" oya="2" hai0="79,56,108,58,101,135,51,67,9,116,133,73,50" hai1="53,28,84,64,2,18,31,63,70,48,11,128,96" hai2="107,81,35,37,109,68,83,24,3,14,115,52,126" hai3="127,132,121,54,86,17,130,104,95,59,27,92,82"/><V66/><F3/><W62/><G104/><T0/><D116/><U6/><E128/><V43/><F115/><W74/><G121/><T26/><D26/><U112/><E112/><V49/><F107/><W125/><G130/><T87/><D73/><U93/><E18/><V120/><F120/><W42/><G42/><T110/><D101/><U47/><REACH who="1" step="1"/><E84/><REACH who="1" ten="262,417,154,157" step="2"/><V33/><F126/><N who="3" m="48139" /><G132/><N who="0" m="50763" /><D87/><U23/><E23/><V114/><F114/><W36/><G36/><T94/><D9/><U10/><E10/><V34/><F33/><W77/><G86/><T75/><D94/><U91/><AGARI ba="0,1" hai="2,6,11,28,31,47,48,53,63,64,70,91,93,96" machi="91" ten="20,2700,0" yaku="1,1,0,1,7,1,53,0" doraHai="106" doraHaiUra="15" who="1" fromWho="1" sc="262,-7,417,37,154,-13,157,-7" /><INIT seed="3,0,0,4,1,128" ten="255,454,141,150" oya="3" hai0="112,102,117,60,48,1,114,126,50,113,104,92,8" hai1="58,15,106,86,7,21,101,134,62,88,131,99,82" hai2="3,68,24,135,72,87,89,41,105,118,63,79,100" hai3="18,35,74,73,132,115,66,116,110,20,91,17,27"/><W49/><G35/><T19/><D126/><U5/><E131/><V0/><F118/><W96/><G116/><T13/><D117/><U108/><E108/><V65/><F41/><W56/><G115/><T93/><D1/><U44/><E44/><V76/><F24/><W85/><G110/><T47/><D60/><U80/><E80/><V103/><F100/><W29/><G96/><N who="0" m="61511" /><D50/><U95/><E106/><V61/><F63/><W9/><G74/><T37/><D37/><U53/><E134/><V129/><F129/><W43/><G73/><T31/><D31/><U67/><E53/><AGARI ba="0,0" hai="8,13,19,47,48,53,92,93,112,113,114" m="61511" machi="53" ten="30,1000,0" yaku="11,1" doraHai="128" who="0" fromWho="1" sc="255,10,454,-10,141,0,150,0" /><INIT seed="4,0,0,0,3,74" ten="265,444,141,150" oya="0" hai0="54,95,41,55,75,31,52,97,53,71,117,113,122" hai1="102,112,85,70,83,120,124,127,62,33,84,64,56" hai2="108,66,26,133,43,109,91,96,103,4,21,12,72" hai3="47,30,17,111,1,114,20,25,135,9,100,51,5"/><T38/><D117/><U134/><E33/><V3/><F133/><W61/><G111/><T90/><D122/><U73/><E120/><V125/><F125/><N who="1" m="48201" /><E134/><V37/><F66/><W92/><G135/><T42/><D31/><U105/><E112/><V115/><F115/><W48/><G114/><T76/><D113/><U107/><E70/><V16/><F72/><W87/><G61/><T6/><D71/><U88/><E73/><V94/><F3/><W27/><G100/><T40/><N who="0" m="13312" /><DORA hai="123" /><T24/><D24/><U57/><E57/><V45/><F103/><W132/><G132/><T131/><D131/><U49/><E49/><V32/><F32/><W10/><G47/><T77/><D75/><U0/><E0/><V8/><AGARI ba="0,0" hai="4,8,12,16,21,26,37,43,45,91,94,96,108,109" machi="8" ten="30,7900,0" yaku="0,1,52,2,54,1" doraHai="74,123" who="2" fromWho="2" sc="265,-39,444,-20,141,79,150,-20" /><INIT seed="5,0,0,4,4,125" ten="226,424,220,130" oya="1" hai0="117,116,12,78,53,84,96,50,76,90,3,103,8" hai1="95,54,30,123,48,45,105,77,38,9,124,66,122" hai2="4,80,23,46,19,130,69,98,101,126,81,133,121" hai3="86,65,13,113,44,52,16,94,100,89,58,55,118"/><U102/><E124/><V31/><F126/><W6/><G118/><T2/><D117/><U73/><E105/><V129/><F69/><W35/><G35/><T64/><D116/><U114/><E114/><V62/><F121/><W128/><G113/><T108/><D64/><U61/><E38/><V75/><F4/><W109/><G109/><T71/><D71/><U104/><E104/><N who="2" m="63543" /><F75/><W93/><G6/><T32/><D32/><U42/><E30/><V57/><F46/><W47/><G65/><T33/><D33/><U10/><E77/><V1/><F31/><W22/><G55/><T134/><D108/><U115/><E73/><V27/><F1/><W49/><G128/><N who="2" m="49257" /><F133/><W51/><G51/><T72/><D134/><U37/><E115/><V39/><F39/><W28/><G28/><T79/><D72/><U15/><E45/><V82/><F82/><W14/><G14/><T7/><D3/><U18/><E37/><V56/><F56/><W25/><G25/><T110/><D2/><U36/><E36/><V43/><F43/><W131/><G131/><T85/><D110/><U74/><E15/><V88/><F88/><N who="3" m="53399" /><G100/><T11/><D90/><U99/><E42/><V17/><F19/><W29/><G29/><T120/><D120/><U119/><E18/><V68/><F68/><W67/><G67/><AGARI ba="0,0" hai="17,23,27,57,62,67,80,81" m="49257,63543" machi="67" ten="30,7700,0" yaku="19,1,52,3" doraHai="125" who="2" fromWho="3" sc="226,0,424,0,220,77,130,-77" /><INIT seed="6,0,0,1,1,68" ten="226,424,297,53" oya="2" hai0="104,66,17,115,52,108,61,129,24,74,37,91,55" hai1="16,135,49,6,35,79,48,83,25,70,103,96,58" hai2="22,34,125,92,123,75,111,98,62,9,54,41,110" hai3="89,14,99,47,36,63,33,86,65,134,19,57,76"/><V18/><F123/><W38/><G33/><T107/><D108/><N who="2" m="41514" /><F34/><W50/><G134/><T73/><D129/><U114/><E70/><V87/><F75/><W23/><G99/><T77/><D115/><U102/><E135/><V20/><F41/><W80/><G76/><T133/><D133/><U53/><E114/><V21/><F87/><W116/><G116/><T109/><D109/><U126/><E126/><V94/><F9/><W27/><G27/><T72/><D37/><U15/><E6/><V119/><F119/><W78/><G78/><T82/><D91/><U101/><E35/><V93/><F98/><W59/><G59/><T84/><D17/><U12/><E96/><V105/><F105/><W32/><G32/><T26/><D107/><U117/><E117/><V0/><F0/><W97/><REACH who="3" step="1"/><G97/><REACH who="3" ten="226,424,297,43" step="2"/><T106/><D104/><U2/><E79/><V64/><F125/><W40/><AGARI ba="0,1" hai="14,19,23,36,38,40,47,50,57,63,65,80,86,89" machi="40" ten="20,12000,2" yaku="1,1,2,1,0,1,7,1,52,2,53,1" doraHai="68" doraHaiUra="11" who="3" fromWho="3" sc="226,-30,424,-30,297,-60,43,130" /><INIT seed="7,0,0,4,2,48" ten="196,394,237,173" oya="3" hai0="88,104,124,65,57,128,19,123,77,10,81,113,103" hai1="13,12,21,2,102,95,0,22,58,134,24,99,47" hai2="119,60,38,135,29,26,64,105,72,49,32,100,76" hai3="69,87,84,68,50,127,1,132,14,90,30,83,109"/><W46/><G1/><T98/><D123/><U3/><E134/><V43/><F49/><W125/><G132/><T106/><D128/><U25/><E47/><N who="2" m="24055" /><F135/><W28/><G109/><T42/><D124/><N who="3" m="47689" /><G14/><T92/><D113/><U16/><REACH who="1" step="1"/><E58/><REACH who="1" ten="196,384,237,173" step="2"/><V82/><F119/><W110/><G110/><T66/><D57/><U117/><E117/><V122/><F122/><W120/><G120/><T4/><D65/><U5/><E5/><V94/><F64/><W115/><G115/><T133/><D66/><U116/><E116/><V6/><F6/><W80/><G69/><T79/><D133/><U40/><E40/><V23/><F60/><W93/><G68/><T11/><D42/><U51/><E51/><V44/><F44/><W131/><G131/><T78/><D4/><U27/><E27/><V18/><F26/><W118/><G118/><T71/><D71/><U126/><E126/><V7/><F7/><W108/><G108/><T61/><D61/><U56/><E56/><V111/><F111/><W59/><G59/><T89/><D19/><AGARI ba="0,1" hai="0,2,3,12,13,16,19,21,22,24,25,95,99,102" machi="19" ten="40,5200,0" yaku="1,1,9,1,54,1,53,0" doraHai="48" doraHaiUra="67" who="1" fromWho="0" sc="196,-52,384,62,237,0,173,0" owari="144,-36.0,446,55.0,237,4.0,173,-23.0" /></mjloggm>