<mjloggm ver="2.3"><GO type="169" lobby="0"/><UN n0="%E3%83%88%E3%82%B7%E3%83%95%E3%83%BC%E3%83%8B" n1="%53%48%49%53%55%4B%45" n2="%E3%83%88%E3%83%88%E3%83%AA%E5%85%88%E7%94%9F%31%39%E6%AD%B3" n3="%73%68%6F%6F%74%33%39" dan="16,16,17,18" rate="2149.53,2047.91,2227.08,2211.32" sx="M,M,F,M"/><TAIKYOKU oya="0"/><INIT seed="0,0,0,0,4,65" ten="250,250,250,250" oya="0" hai0="24,40,19,63,113,82,110,11,59,51,107,37,121" hai1="16,60,74,73,17,115,41,93,5,109,39,10,52" hai2="20,22,75,8,120,130,53,54,85,118,132,116,89" hai3="26,64,49,91,47,79,30,119,102,133,122,32,9"/><T31/><D121/><U98/><E109/><V95/><F120/><W124/><G119/><N who="2" m="45609" /><F75/><W86/><G124/><T6/><D113/><U29/><E115/><V96/><F130/><W103/><G133/><T34/><D37/><U117/><E117/><V66/><F132/><W68/><G79/><T76/><D107/><U129/><E129/><V42/><F42/><W90/><G9/><T44/><D110/><U0/><E29/><V35/><F35/><W43/><G91/><T108/><D108/><U21/><E73/><V57/><F66/><W15/><G15/><T14/><D59/><U135/><E74/><V58/><F8/><W112/><G112/><T50/><D63/><U77/><E77/><V36/><F36/><W125/><G125/><T18/><REACH who="0" step="1"/><D51/><REACH who="0" ten="240,250,250,250" step="2"/><U97/><E135/><V88/><F57/><W12/><G122/><T123/><D123/><U28/><E39/><V7/><F7/><W111/><G111/><T33/><D33/><U94/><E60/><N who="2" m="35919" /><F54/><W101/><G64/><T55/><D55/><U25/><E52/><V67/><F67/><W92/><REACH who="3" step="1"/><G12/><REACH who="3" ten="240,250,250,240" step="2"/><T4/><D4/><U87/><E5/><V61/><F61/><W46/><G46/><T83/><D83/><AGARI ba="0,2" hai="20,22,83,85,88,89,95,96" m="35919,45609" machi="83" ten="30,2000,0" yaku="12,1,54,1" doraHai="65" who="2" fromWho="0" sc="240,-20,250,0,250,40,240,0" /><INIT seed="1,0,0,2,5,125" ten="220,250,290,240" oya="1" hai0="35,5,41,135,29,54,36,38,75,51,91,110,65" hai1="105,86,8,132,42,78,37,95,89,66,57,11,84" hai2="53,134,16,73,108,46,76,71,74,114,120,131,111" hai3="7,14,128,62,98,121,100,18,107,64,39,6,88"/><U20/><E132/><V59/><F120/><W102/><G121/><T119/><D75/><U63/><E105/><V17/><F71/><W61/><G39/><T87/><D119/><U83/><REACH who="1" step="1"/><E20/><REACH who="1" ten="220,240,290,240" step="2"/><V4/><F114/><W99/><G6/><T124/><D135/><U113/><E113/><V1/><F134/><W97/><G7/><T104/><D104/><U72/><E72/><V9/><F74/><W133/><G133/><T92/><D5/><U77/><E77/><V68/><F76/><W115/><G115/><T96/><D124/><U47/><AGARI ba="0,1" hai="8,11,37,42,47,57,63,66,78,83,84,86,89,95" machi="47" ten="30,6000,0" yaku="1,1,0,1,53,1" doraHai="125" doraHaiUra="40" who="1" fromWho="1" sc="220,-20,240,70,290,-20,240,-20" /><INIT seed="1,1,0,4,5,91" ten="200,310,270,220" oya="1" hai0="100,2,114,21,76,131,43,5,108,88,118,97,124" hai1="30,25,77,82,53,130,71,125,133,109,135,121,11" hai2="63,58,57,8,31,46,29,28,132,10,45,95,35" hai3="34,40,74,7,127,119,113,117,44,15,112,115,78"/><U123/><E71/><V103/><F35/><W22/><G34/><T64/><D118/><N who="3" m="45065" /><G74/><T85/><D114/><U68/><E68/><V39/><F132/><N who="1" m="50761" /><E125/><V37/><F37/><W96/><G78/><T27/><D124/><U134/><E130/><V16/><F39/><N who="3" m="21535" /><G127/><T73/><D108/><U69/><E69/><V80/><F80/><W79/><G79/><T94/><D131/><U65/><E65/><V14/><F10/><N who="3" m="4575" /><G22/><T105/><D43/><U55/><E109/><V24/><F24/><W1/><G1/><T61/><D2/><U54/><E11/><V23/><F8/><W50/><G50/><T9/><D9/><U116/><E134/><V18/><F18/><W48/><G48/><T19/><D5/><U84/><E116/><V129/><F129/><W102/><G115/><T66/><D61/><U106/><E106/><AGARI ba="1,0" hai="96,102,106,112,113" m="4575,21535,45065" machi="106" ten="30,1000,0" yaku="12,1" doraHai="91" who="3" fromWho="1" sc="200,0,310,-13,270,0,220,13" /><INIT seed="2,0,0,0,2,64" ten="200,297,270,233" oya="2" hai0="98,24,101,68,91,127,45,40,77,118,58,25,94" hai1="69,30,116,96,65,39,121,33,109,44,123,102,110" hai2="37,15,59,72,3,90,73,83,92,130,52,61,111" hai3="80,112,129,41,22,1,23,78,120,2,34,53,106"/><V79/><F3/><W43/><G106/><T100/><D127/><U11/><E116/><V62/><F37/><W14/><G34/><T42/><D118/><U119/><E119/><V85/><F130/><W89/><G120/><N who="1" m="46154" /><E11/><V8/><F111/><N who="1" m="42505" /><E30/><V126/><F126/><W132/><G129/><T26/><D77/><U56/><E33/><V46/><F46/><W31/><G112/><T32/><D32/><U38/><E56/><V99/><REACH who="2" step="1"/><F62/><REACH who="2" ten="200,297,260,233" step="2"/><W103/><G1/><T113/><D113/><U81/><E44/><V82/><F82/><W88/><G80/><T66/><D45/><U86/><E81/><V16/><AGARI ba="0,1" hai="8,15,16,52,59,61,72,73,79,83,85,90,92,99" machi="16" ten="20,12000,1" yaku="1,1,0,1,7,1,54,2,53,0" doraHai="64" doraHaiUra="20" who="2" fromWho="2" sc="200,-40,297,-40,260,130,233,-40" /><INIT seed="2,1,0,2,0,14" ten="160,257,390,193" oya="2" hai0="79,32,98,85,93,10,113,87,19,122,72,120,4" hai1="28,102,82,18,75,70,58,50,46,76,22,84,111" hai2="51,127,54,105,128,5,47,107,126,30,7,41,81" hai3="78,86,130,69,60,95,104,123,25,132,71,43,97"/><V56/><F128/><W119/><G119/><T55/><D32/><U74/><E70/><V62/><F30/><W44/><G123/><T53/><D113/><U108/><E28/><V63/><F81/><W3/><G3/><T121/><D72/><U12/><E58/><V94/><F94/><W11/><G104/><T99/><D4/><N who="2" m="1610" /><F62/><W16/><G130/><T13/><D99/><U6/><E6/><V38/><F38/><W66/><G71/><T114/><D114/><U33/><E102/><V2/><F2/><W101/><G132/><T80/><REACH who="0" step="1"/><D87/><REACH who="0" ten="150,257,390,193" step="2"/><U48/><E33/><V103/><F103/><AGARI ba="1,1" hai="10,13,19,53,55,79,80,85,93,98,103,120,121,122" machi="103" ten="40,5200,0" yaku="1,1,2,1,52,1,53,0" doraHai="14" doraHaiUra="21" who="0" fromWho="2" sc="150,65,257,0,390,-55,193,0" /><INIT seed="3,0,0,4,1,104" ten="215,257,335,193" oya="3" hai0="125,92,116,123,90,21,26,121,102,49,106,58,41" hai1="10,88,24,29,25,3,40,126,14,97,94,77,1" hai2="20,63,6,22,48,86,46,7,34,84,67,87,43" hai3="19,13,134,4,74,53,129,0,27,124,8,111,70"/><W59/><G70/><T105/><D116/><U39/><E126/><V82/><F34/><W128/><G124/><T5/><D125/><U81/><E40/><V15/><F82/><W132/><G74/><T110/><D5/><U75/><E39/><V85/><N who="2" m="21504" /><DORA hai="57" /><V72/><F72/><W78/><G78/><T42/><D90/><U109/><E109/><V96/><F96/><W36/><G36/><T55/><D92/><U100/><E100/><V56/><F22/><N who="3" m="13791" /><G111/><T114/><D110/><U127/><E127/><V117/><F117/><W73/><G73/><T18/><D114/><U17/><REACH who="1" step="1"/><E24/><REACH who="1" ten="215,247,335,193" step="2"/><V130/><F130/><N who="3" m="50283" /><G0/><T62/><D102/><U32/><AGARI ba="0,1" hai="1,3,10,14,17,25,29,32,75,77,81,88,94,97" machi="32" ten="20,12000,2" yaku="1,1,0,1,7,1,52,1,54,1,53,2" doraHai="104,57" doraHaiUra="9,95" who="1" fromWho="1" sc="215,-30,247,130,335,-30,193,-60" /><INIT seed="4,0,0,5,3,110" ten="185,377,305,133" oya="0" hai0="96,18,117,62,79,112,70,104,119,58,40,10,19" hai1="6,95,51,114,30,45,71,15,115,48,134,100,34" hai2="113,24,67,0,83,101,98,9,118,107,78,37,50" hai3="103,76,108,73,122,68,59,88,52,23,69,121,130"/><T20/><D70/><U81/><E71/><V32/><F118/><W125/><G108/><T39/><D79/><U80/><E134/><V87/><F37/><W17/><G103/><T38/><D112/><N who="1" m="43051" /><E34/><V72/><F113/><W123/><G130/><T102/><D117/><U132/><E30/><V12/><F0/><W54/><G125/><T25/><D119/><U14/><E132/><V109/><F109/><W4/><G4/><T33/><D33/><U91/><E100/><V61/><F50/><N who="1" m="18985" /><E45/><V57/><F32/><W126/><G126/><T99/><D40/><U27/><E27/><V16/><REACH who="2" step="1"/><F24/><REACH who="2" ten="185,377,295,133" step="2"/><W74/><G123/><T3/><D39/><U120/><E120/><V56/><F56/><W111/><G59/><T53/><D38/><U105/><E105/><V13/><F13/><N who="1" m="4617" /><E6/><V35/><F35/><W124/><G121/><T2/><D2/><U8/><E8/><V66/><F66/><W127/><G122/><T90/><D3/><U77/><E77/><V55/><F55/><W41/><G76/><T86/><D10/><U82/><E82/><V7/><F7/><W21/><G111/><T60/><D25/><U1/><E1/><V46/><F46/><W89/><REACH who="3" step="1"/><G41/><REACH who="3" ten="185,377,295,123" step="2"/><T44/><D58/><U43/><E43/><V49/><F49/><W92/><G92/><T65/><D44/><U116/><E116/><V36/><F36/><W31/><G31/><T11/><D104/><U26/><E95/><V85/><AGARI ba="0,2" hai="9,12,16,57,61,67,72,78,83,85,87,98,101,107" machi="85" ten="30,7900,0" yaku="1,1,0,1,54,1,53,1" doraHai="110" doraHaiUra="63" who="2" fromWho="2" sc="185,-39,377,-20,295,99,123,-20" /><INIT seed="5,0,0,5,2,41" ten="146,357,394,103" oya="1" hai0="71,89,129,48,15,25,18,51,74,68,115,97,35" hai1="33,70,60,39,40,114,86,27,11,96,38,122,34" hai2="57,111,105,23,106,58,92,26,87,36,128,63,17" hai3="4,93,76,131,126,10,90,61,16,108,109,130,121"/><U43/><E122/><V7/><F111/><W3/><G121/><T73/><D115/><U107/><E114/><V112/><F36/><W116/><G76/><T134/><D134/><U32/><E27/><V14/><F112/><W100/><G100/><T133/><D133/><U12/><E86/><V5/><F128/><N who="3" m="49195" /><G126/><T53/><D129/><U49/><E49/><V47/><F106/><W64/><G116/><T52/><D25/><U21/><E21/><N who="2" m="11447" /><F105/><W99/><G16/><T135/><D135/><U1/><E1/><V81/><F92/><W80/><G80/><T66/><D18/><U31/><E31/><N who="2" m="17887" /><F47/><W30/><G30/><T65/><D15/><U94/><E107/><V0/><F0/><W85/><G99/><T124/><D35/><U54/><E39/><V78/><F57/><AGARI ba="0,0" hai="3,4,10,57,61,64,85,90,93,108,109" m="49195" machi="57" ten="30,1000,0" yaku="19,1" doraHai="41" who="3" fromWho="2" sc="146,0,357,0,394,-10,103,10" /><INIT seed="6,0,0,5,3,86" ten="146,357,384,113" oya="2" hai0="127,107,94,126,34,134,125,68,81,56,24,27,55" hai1="42,30,105,74,21,43,15,7,29,90,48,129,80" hai2="25,6,77,58,124,52,69,106,121,16,26,11,10" hai3="32,132,40,119,4,78,103,9,120,84,3,49,35"/><V101/><F121/><W71/><G119/><T22/><D107/><U13/><E129/><V5/><F69/><W36/><G120/><T51/><D68/><U108/><E108/><V37/><F37/><W110/><G110/><T87/><D134/><U14/><E105/><V33/><F124/><W99/><G36/><T47/><D94/><U12/><E74/><V114/><F114/><W89/><G78/><T76/><D34/><U18/><E7/><N who="2" m="2571" /><F33/><W109/><G132/><T65/><D22/><U73/><E73/><V111/><F106/><W92/><G71/><T135/><D135/><U102/><E102/><V85/><F101/><W54/><G40/><N who="1" m="15402" /><E48/><V41/><F41/><W64/><G64/><T50/><D50/><U128/><E128/><V45/><F45/><W17/><G17/><T131/><D131/><U0/><E0/><V133/><F133/><W79/><G79/><T118/><D118/><U53/><E53/><V83/><F111/><W59/><REACH who="3" step="1"/><G109/><REACH who="3" ten="146,357,384,103" step="2"/><T66/><D66/><U20/><E18/><V67/><F67/><W104/><AGARI ba="0,1" hai="3,4,9,32,35,49,54,59,84,89,92,99,103,104" machi="104" ten="20,8000,1" yaku="1,1,2,1,0,1,7,1,52,1,53,0" doraHai="86" doraHaiUra="61" who="3" fromWho="3" sc="146,-20,357,-20,384,-40,103,90" /><INIT seed="7,0,0,2,2,69" ten="126,337,344,193" oya="3" hai0="0,52,41,20,48,47,101,71,24,8,123,5,54" hai1="130,32,50,68,80,81,106,45,31,10,19,3,77" hai2="108,7,58,116,95,33,39,70,82,78,100,36,131" hai3="43,74,113,26,9,13,133,127,42,84,66,51,91"/><W83/><G113/><T111/><D71/><U27/><E106/><V107/><F70/><W114/><G114/><T110/><D123/><U132/><E68/><V117/><F33/><W124/><G133/><T60/><D101/><U56/><E132/><V18/><F107/><W67/><G74/><T40/><D40/><U90/><E130/><V65/><F7/><W22/><G127/><T34/><D34/><U73/><E56/><V121/><F108/><W126/><G126/><T79/><D79/><U64/><E64/><N who="3" m="24618" /><G51/><T93/><D54/><U103/><E103/><V104/><F104/><W16/><G124/><T25/><D25/><U62/><E62/><V61/><F131/><W2/><G2/><T23/><D23/><U46/><E50/><V75/><F121/><W86/><G86/><T88/><D60/><U53/><E53/><V120/><F120/><W102/><G102/><T49/><D49/><U122/><E122/><V94/><F39/><W4/><AGARI ba="0,0" hai="4,9,13,16,22,26,42,43,83,84,91" m="24618" machi="4" ten="30,3000,0" yaku="8,1,54,1" doraHai="69" who="3" fromWho="3" sc="126,-10,337,-10,344,-10,193,30" /><INIT seed="7,1,0,0,4,119" ten="116,327,334,223" oya="3" hai0="124,83,77,130,71,56,115,33,1,134,39,97,5" hai1="69,93,10,121,80,111,62,20,2,96,46,3,41" hai2="127,45,70,95,25,107,61,105,38,7,110,112,4" hai3="17,42,16,11,91,74,87,78,68,98,128,21,27"/><W40/><G68/><T30/><D56/><U24/><E121/><V116/><F110/><W49/><G128/><T54/><D54/><U99/><E111/><V23/><F116/><W26/><G74/><T135/><D97/><U57/><E69/><V86/><F112/><W64/><G64/><T100/><D100/><U52/><E80/><V67/><F127/><W63/><G63/><T53/><D53/><U31/><E10/><V66/><F66/><W18/><G78/><T101/><D101/><U81/><E81/><V126/><F126/><W35/><G98/><T113/><D83/><U13/><E13/><V29/><F105/><W106/><G106/><T51/><D51/><U123/><E123/><V12/><F107/><W92/><G42/><T85/><D85/><U55/><E55/><V60/><F60/><W34/><G40/><T36/><D77/><U28/><E28/><V133/><F133/><W58/><G58/><T48/><D48/><U118/><E118/><V22/><F45/><W88/><G49/><T14/><D14/><U8/><E8/><V6/><F38/><W120/><G91/><T75/><D75/><U129/><E129/><V76/><F76/><W84/><G84/><T15/><D15/><U82/><E99/><V43/><F43/><W0/><G88/><T19/><D19/><U122/><E82/><V125/><F125/><W108/><G87/><T47/><D47/><U37/><E122/><V59/><F59/><W32/><G120/><T72/><D72/><U65/><E65/><V131/><F67/><W44/><G18/><T132/><D124/><RYUUKYOKU ba="1,0" sc="116,-10,327,30,334,-10,223,-10" hai1="2,3,20,24,31,37,41,46,52,57,62,93,96" owari="106,-39.0,357,46.0,324,12.0,213,-19.0" /></mjloggm>