<mjloggm ver="2.3"><GO type="169" lobby="0"/><UN n0="%E3%81%99%E3%81%BF%E3%82%84%E3%81%AB" n1="%E3%83%9E%E3%83%84%E3%82%B6%E3%82%AD" n2="%E2%91%A3%E3%82%BB%E3%83%B3%E3%83%81" n3="%E5%B0%B1%E6%B4%BB%E7%94%9F%40%E5%B7%9D%E6%9D%91%E8%BB%8D%E5%9B%A3" dan="17,17,18,16" rate="2163.26,2135.61,2207.42,2123.32" sx="M,M,M,M"/><TAIKYOKU oya="0"/><INIT seed="0,0,0,3,4,10" ten="250,250,250,250" oya="0" hai0="64,76,119,22,123,4,59,89,55,79,98,92,101" hai1="132,52,26,67,97,75,125,3,124,69,47,6,56" hai2="114,61,27,87,66,39,72,81,17,28,104,105,15" hai3="74,11,116,20,1,25,68,38,103,14,110,13,111"/><T36/><D123/><U48/><E132/><V35/><F39/><W107/><G74/><T131/><D119/><U12/><E75/><V128/><F72/><W62/><G38/><T41/><D131/><U9/><E69/><V112/><F128/><W43/><G43/><T127/><D127/><N who="1" m="48715" /><E26/><V129/><F129/><W126/><G126/><T50/><D64/><U86/><E97/><V115/><F87/><W73/><G73/><T58/><D58/><U82/><E3/><V99/><F81/><W135/><G135/><T91/><D4/><U46/><E67/><V53/><F53/><W24/><G116/><T31/><D41/><U122/><E122/><V113/><N who="2" m="28672" /><DORA hai="42" /><V78/><F78/><AGARI ba="0,0" hai="6,9,12,46,47,48,52,56,78,82,86" m="48715" machi="78" ten="30,8000,1" yaku="18,1,52,3,54,1" doraHai="10,42" who="1" fromWho="2" sc="250,0,250,80,250,-80,250,0" /><INIT seed="1,0,0,0,1,7" ten="250,330,170,250" oya="1" hai0="120,76,85,117,40,13,128,26,84,18,92,64,52" hai1="131,11,67,14,49,9,72,114,16,121,80,110,0" hai2="103,86,3,83,53,119,102,22,5,97,87,62,58" hai3="74,81,59,89,78,100,33,109,135,34,91,73,50"/><U101/><E114/><V132/><F119/><W4/><G135/><T98/><D117/><U19/><E121/><V43/><F132/><W116/><G109/><T88/><D120/><U123/><E123/><V70/><F70/><W69/><G69/><T41/><D64/><U63/><E110/><V30/><F43/><W115/><G115/><T90/><D128/><U107/><E131/><V112/><F112/><W23/><G116/><T1/><D1/><U126/><E126/><V25/><F87/><W45/><G74/><T29/><D76/><U46/><E101/><V106/><F103/><W127/><G127/><T105/><D105/><U68/><E107/><V94/><F106/><W31/><G4/><T42/><D52/><U82/><E72/><V77/><F3/><W6/><G6/><AGARI ba="0,0" hai="5,6,22,25,30,53,58,62,77,83,86,94,97,102" machi="6" ten="40,1300,0" yaku="8,1" doraHai="7" who="2" fromWho="3" sc="250,0,330,0,170,13,250,-13" /><INIT seed="2,0,0,2,3,69" ten="250,330,183,237" oya="2" hai0="85,112,113,23,111,128,19,21,70,27,124,58,109" hai1="101,56,39,133,3,81,74,17,38,134,5,100,93" hai2="24,13,102,31,76,132,29,77,26,88,104,46,8" hai3="50,33,34,9,22,96,42,18,49,80,45,55,117"/><V53/><F132/><N who="1" m="50793" /><E17/><V98/><F46/><W119/><G9/><T28/><D70/><U35/><E35/><V40/><F40/><W122/><G122/><T86/><D58/><U120/><E120/><V66/><F53/><W43/><G96/><T67/><D67/><U92/><E56/><V116/><F66/><W72/><G43/><T2/><D2/><U47/><E5/><V12/><F116/><W1/><G1/><T60/><D60/><U68/><E3/><V94/><F104/><W16/><G18/><T15/><D124/><U73/><E68/><V114/><F102/><N who="1" m="39529" /><E81/><V62/><F62/><W61/><G61/><T6/><D6/><U71/><E71/><V84/><F114/><W20/><G20/><T129/><D86/><U75/><E47/><V36/><F84/><W130/><G34/><T107/><D85/><U95/><AGARI ba="0,0" hai="38,39,73,74,75,92,93,95" m="39529,50793" machi="95" ten="40,8000,1" yaku="28,2,20,1,52,2" doraHai="69" who="1" fromWho="1" sc="250,-20,330,80,183,-40,237,-20" /><INIT seed="3,0,0,2,2,108" ten="230,410,143,217" oya="3" hai0="61,50,22,77,130,34,17,115,1,76,70,39,3" hai1="78,129,111,26,15,95,86,31,36,123,62,8,71" hai2="74,80,57,0,102,72,37,40,134,64,24,32,18" hai3="109,6,14,126,46,97,13,23,41,96,79,65,55"/><W52/><G109/><T118/><D39/><U66/><E111/><V120/><F102/><W107/><G126/><T81/><D34/><U132/><E123/><V110/><F0/><W67/><G79/><T54/><D118/><U28/><E36/><V51/><F37/><W29/><G107/><T99/><D99/><N who="3" m="37961" /><G41/><T68/><D130/><U128/><E132/><V44/><F110/><W105/><G105/><T63/><D77/><U103/><E103/><V47/><F134/><W89/><G89/><T43/><D43/><U93/><E78/><V94/><F47/><W87/><G87/><T98/><D98/><U27/><E31/><V122/><F94/><N who="1" m="35849" /><E28/><N who="2" m="19463" /><F80/><W133/><G133/><T104/><D104/><U116/><E86/><V9/><F74/><W4/><G46/><T20/><D81/><U33/><E33/><V135/><F72/><W91/><G91/><T119/><D76/><U100/><E100/><V131/><F131/><N who="1" m="50249" /><E116/><V101/><F101/><W60/><G60/><T117/><D50/><U2/><E2/><V75/><F75/><W19/><G29/><T83/><D83/><U85/><E85/><V53/><F135/><W90/><G90/><T92/><D92/><U48/><E48/><V25/><F122/><W11/><G4/><AGARI ba="0,0" hai="4,8,15,26,27,62,66,71" m="50249,35849" machi="4" ten="30,1000,0" yaku="19,1" doraHai="108" who="1" fromWho="3" sc="230,0,410,10,143,0,217,-10" /><INIT seed="4,0,0,1,2,38" ten="230,420,143,207" oya="0" hai0="65,80,124,7,69,30,25,88,13,112,51,105,115" hai1="77,72,131,89,96,5,117,20,2,31,28,49,86" hai2="12,125,127,1,58,26,22,91,116,83,94,64,15" hai3="93,59,100,122,114,67,56,81,55,85,108,130,43"/><T14/><D105/><U107/><E117/><V120/><F1/><W68/><G108/><T18/><D124/><N who="2" m="47690" /><F83/><W48/><G68/><T79/><D7/><U104/><E49/><V21/><F120/><W95/><G122/><T36/><D36/><U97/><E20/><V87/><F116/><W128/><G114/><T76/><D69/><U50/><E97/><V27/><F64/><W34/><G34/><T134/><D65/><U45/><E50/><V133/><F58/><W3/><G3/><T123/><D123/><U4/><E2/><V62/><F62/><N who="3" m="38343" /><G100/><T113/><D134/><U106/><E72/><V35/><F35/><W129/><G43/><T39/><D39/><U37/><E37/><V84/><F84/><W126/><G126/><T33/><D51/><U92/><E107/><V42/><F42/><W53/><G55/><T75/><D79/><AGARI ba="0,0" hai="48,53,59,79,81,85,93,95,128,129,130" m="38343" machi="79" ten="30,1000,0" yaku="19,1" doraHai="38" who="3" fromWho="0" sc="230,-10,420,0,143,0,207,10" /><INIT seed="5,0,0,2,1,21" ten="220,420,143,217" oya="1" hai0="80,131,39,48,2,115,72,0,79,51,28,134,60" hai1="81,55,123,87,114,61,10,98,127,69,83,30,73" hai2="12,105,11,49,8,3,122,67,88,103,104,33,129" hai3="92,27,95,84,86,75,5,121,118,43,97,124,96"/><U56/><E123/><V78/><F122/><W66/><G121/><T133/><D39/><U100/><E114/><V9/><F33/><W71/><G75/><T91/><D115/><U93/><E127/><V14/><F3/><W130/><G43/><T34/><D131/><U68/><E10/><V32/><F32/><W18/><G124/><T120/><D120/><U117/><E117/><V52/><F78/><W7/><G66/><T94/><D60/><U116/><E116/><V22/><F129/><W135/><G71/><T101/><D101/><U65/><E73/><V15/><F67/><W64/><G64/><T90/><D90/><U31/><E81/><V26/><F88/><N who="3" m="55303" /><G135/><T25/><D2/><U125/><E125/><V132/><F132/><N who="0" m="50794" /><D0/><U16/><E69/><V37/><F37/><W36/><G36/><T76/><D76/><U4/><E65/><V19/><REACH who="2" step="1"/><F103/><REACH who="2" ten="220,420,133,217" step="2"/><N who="3" m="60863" /><G130/><T46/><D91/><U17/><E100/><V112/><F112/><W63/><G118/><T82/><D82/><U38/><E83/><V108/><F108/><W102/><G102/><T24/><D94/><U41/><E93/><V111/><F111/><W44/><G86/><T126/><D126/><U42/><E87/><V107/><F107/><W109/><G84/><T128/><D128/><U13/><E38/><V62/><F62/><W99/><G99/><T89/><D89/><U113/><E61/><V6/><F6/><N who="3" m="2059" /><G109/><T74/><D74/><U119/><E98/><V45/><AGARI ba="0,1" hai="8,9,11,12,14,15,19,22,26,45,49,52,104,105" machi="45" ten="30,8000,1" yaku="1,1,0,1,52,1,54,1,53,1" doraHai="21" doraHaiUra="40" who="2" fromWho="2" sc="220,-20,420,-40,133,90,217,-20" /><INIT seed="6,0,0,4,3,61" ten="200,380,223,197" oya="2" hai0="81,111,11,92,4,126,86,107,69,77,119,116,65" hai1="23,30,82,14,44,53,76,50,58,19,94,54,40" hai2="106,47,89,93,18,35,25,8,134,3,66,43,52" hai3="114,15,98,68,9,21,88,39,34,45,62,123,57"/><V17/><F106/><W16/><G34/><T7/><D107/><U60/><E30/><V132/><F66/><N who="3" m="39247" /><G68/><T24/><D111/><U112/><E112/><V103/><F103/><W127/><G39/><T55/><D126/><U48/><E94/><V56/><F3/><W22/><G123/><T113/><D113/><U27/><E27/><V109/><F109/><W5/><G114/><T118/><D24/><U74/><E50/><N who="2" m="30743" /><F8/><W41/><G127/><T104/><D104/><U37/><REACH who="1" step="1"/><E37/><REACH who="1" ten="200,370,223,197" step="2"/><V70/><F25/><W91/><G98/><T49/><D92/><U78/><E78/><V51/><F93/><W42/><G45/><T67/><D69/><U26/><E26/><V131/><F47/><W31/><G31/><T99/><D99/><U2/><E2/><V130/><F70/><W72/><G72/><T85/><D85/><U6/><E6/><V20/><F134/><W63/><G5/><T80/><D7/><U97/><E97/><V124/><F132/><W110/><G110/><T84/><D86/><U120/><E120/><V13/><F124/><W102/><G102/><T59/><REACH who="0" step="1"/><D81/><REACH who="0" ten="190,370,223,197" step="2"/><U38/><E38/><V87/><F87/><W117/><G16/><T125/><D125/><U12/><E12/><AGARI ba="0,2" hai="4,11,12,49,55,59,65,67,77,80,84,116,118,119" machi="12" ten="40,8000,1" yaku="1,1,12,1,52,2,53,0" doraHai="61" doraHaiUra="129" who="0" fromWho="1" sc="190,100,370,-80,223,0,197,0" /><INIT seed="7,0,0,2,4,62" ten="290,290,223,197" oya="3" hai0="130,49,87,105,34,79,41,47,83,50,106,75,20" hai1="21,3,33,57,45,19,6,76,84,31,29,12,66" hai2="28,102,30,88,5,132,38,16,116,134,54,121,51" hai3="22,72,115,60,123,18,63,133,68,113,42,111,53"/><W65/><G72/><T37/><D34/><U112/><E112/><N who="3" m="43082" /><G123/><T81/><D130/><U91/><E33/><V10/><F38/><W100/><G100/><T86/><D75/><U117/><E117/><V40/><F40/><W52/><G133/><N who="2" m="51305" /><F116/><W129/><G129/><T56/><D37/><U0/><E76/><V119/><F119/><W48/><G111/><T13/><D50/><U80/><E3/><N who="2" m="319" /><F102/><W96/><G96/><T110/><D110/><U15/><E0/><V14/><F88/><W8/><G8/><T99/><D99/><U92/><E45/><N who="2" m="28015" /><F121/><W35/><G35/><T46/><D46/><U32/><E32/><V95/><F95/><W114/><N who="3" m="43090" /><W127/><DORA hai="17" /><G127/><T101/><D101/><U58/><E92/><V36/><F36/><W109/><G109/><T126/><D126/><U124/><E124/><V125/><F125/><W103/><G103/><T55/><D106/><U39/><E39/><V98/><F98/><W89/><G89/><N who="0" m="51407" /><D105/><U85/><E91/><V23/><AGARI ba="0,0" hai="14,16,23,28,30" m="28015,319,51305" machi="23" ten="30,4000,0" yaku="20,1,52,1,54,1" doraHai="62,17" who="2" fromWho="2" sc="290,-10,290,-10,223,40,197,-20" /><INIT seed="8,0,0,3,2,134" ten="280,280,263,177" oya="0" hai0="40,123,37,56,15,60,54,113,125,30,70,97,128" hai1="23,77,16,110,35,25,48,96,29,51,106,7,9" hai2="116,73,88,129,119,126,132,67,44,92,90,47,26" hai3="89,104,135,32,120,111,91,117,41,66,63,28,64"/><T58/><D123/><U109/><E77/><V82/><F126/><W0/><G111/><N who="1" m="42506" /><E96/><V78/><F132/><W12/><G0/><T61/><D125/><U130/><E106/><V133/><F133/><W72/><G135/><T114/><D70/><U33/><E130/><V71/><F129/><W95/><G104/><T24/><D128/><U115/><E115/><V4/><F4/><W55/><G72/><T3/><D3/><N who="1" m="255" /><E35/><V75/><F75/><W20/><G120/><T107/><D107/><U65/><E65/><V102/><F102/><W79/><G79/><T49/><D97/><U53/><E53/><V94/><F26/><N who="3" m="16455" /><G32/><T74/><D74/><U76/><E76/><V121/><F121/><W34/><G34/><T131/><D131/><U27/><E51/><V103/><F103/><W81/><G41/><T112/><D15/><U43/><E48/><V22/><F22/><W5/><G117/><N who="2" m="45129" /><F67/><N who="3" m="25643" /><G81/><T99/><D24/><N who="1" m="18599" /><E43/><V127/><F71/><W18/><G5/><T42/><D30/><U31/><E27/><V45/><F127/><W36/><G36/><T17/><D37/><U1/><E1/><V6/><F6/><W124/><G124/><T13/><D114/><U38/><E38/><V69/><F69/><W21/><G95/><AGARI ba="0,0" hai="44,45,47,73,78,82,88,90,92,94,95" m="45129" machi="95" ten="30,3900,0" yaku="16,1,12,1,54,1" doraHai="134" who="2" fromWho="3" sc="280,0,280,0,263,39,177,-39" owari="280,8.0,280,-12.0,302,40.0,138,-36.0" /></mjloggm>