<mjloggm ver="2.3"><GO type="97" lobby="0"/><UN n0="%E3%83%91%E3%83%8E%E3%83%97%E3%83%86%E3%82%A3%E3%82%B3%E3%83%B3" n1="%6B%61%7A%61%30%32" n2="%E3%81%86%E3%81%95%E3%81%8E%E3%81%BE%E3%81%8D" n3="%E5%B0%B1%E6%B4%BB%E7%94%9F%40%E5%B7%9D%E6%9D%91%E8%BB%8D%E5%9B%A3" dan="15,13,14,14" rate="2003.43,1830.99,1867.59,2001.39" sx="M,M,M,M"/><TAIKYOKU oya="0"/><INIT seed="0,0,0,5,3,2" ten="250,250,250,250" oya="0" hai0="45,21,114,58,25,34,65,109,31,12,42,110,101" hai1="104,38,134,111,6,63,82,0,93,102,80,26,103" hai2="132,8,95,70,16,113,9,74,125,40,115,24,120" hai3="60,84,3,50,47,71,130,107,126,43,15,19,53"/><T20/><D114/><U51/><E38/><V90/><F70/><W59/><G107/><T54/><D65/><U44/><E104/><V123/><F74/><W118/><G3/><T68/><D101/><U124/><E124/><V85/><F40/><W1/><G1/><T116/><D68/><U128/><E128/><V67/><F125/><W83/><G118/><T122/><D122/><U106/><E106/><V57/><F132/><W119/><G119/><T10/><D116/><U46/><E46/><V76/><F76/><W78/><G126/><T52/><D54/><U29/><E134/><V35/><F35/><W49/><G130/><T28/><D28/><U27/><E27/><V62/><F120/><W36/><REACH who="3" step="1"/><G71/><REACH who="3" ten="250,250,250,240" step="2"/><T69/><D69/><U117/><E117/><V91/><F123/><W75/><G75/><T7/><D109/><U64/><E111/><V98/><F115/><W96/><G96/><T5/><D110/><U87/><E0/><V112/><F112/><W61/><G61/><N who="0" m="36039" /><D34/><U17/><E63/><V135/><F135/><W32/><G32/><T39/><D39/><U79/><E87/><V100/><F113/><W4/><G4/><N who="0" m="3143" /><D21/><AGARI ba="0,1" hai="15,19,21,36,43,47,49,50,53,59,60,78,83,84" machi="21" ten="30,2000,0" yaku="1,1,7,1,53,0" doraHai="2" doraHaiUra="22" who="3" fromWho="0" sc="250,-20,250,0,250,0,240,30" /><INIT seed="1,0,0,0,0,8" ten="230,250,250,270" oya="1" hai0="88,27,116,14,54,59,9,121,21,91,131,33,120" hai1="80,69,77,87,31,132,84,28,40,123,73,63,78" hai2="95,122,98,85,67,96,64,36,48,23,99,72,65" hai3="0,92,56,104,129,51,111,60,108,16,39,20,109"/><U134/><E123/><N who="0" m="47177" /><D116/><U97/><E40/><V114/><F122/><W124/><G39/><T4/><D33/><U41/><E41/><V117/><F117/><W76/><G104/><T37/><D37/><U12/><E97/><V130/><F36/><W135/><G0/><T5/><D5/><U58/><E69/><V26/><F72/><W61/><G129/><T32/><D32/><U18/><E77/><V43/><F114/><W3/><G3/><T119/><D131/><U68/><E68/><V90/><F130/><W17/><G124/><T74/><D74/><U25/><E31/><V112/><F112/><W62/><G135/><N who="1" m="51754" /><E25/><V103/><F48/><W10/><G76/><T57/><D119/><U34/><E28/><V94/><REACH who="2" step="1"/><F43/><REACH who="2" ten="230,250,240,270" step="2"/><W93/><G51/><N who="0" m="30943" /><D59/><U79/><E34/><V71/><F71/><W49/><G49/><T13/><D13/><U55/><E79/><V125/><F125/><W100/><G56/><T2/><D2/><U127/><E127/><V53/><F53/><W126/><G126/><T105/><D105/><U106/><E106/><V75/><F75/><W15/><G109/><T133/><D133/><U86/><E73/><V29/><AGARI ba="0,1" hai="23,26,29,64,65,67,85,90,94,95,96,98,99,103" machi="29" ten="30,7900,0" yaku="1,1,0,1,8,1,53,1" doraHai="8" doraHaiUra="82" who="2" fromWho="2" sc="230,-20,250,-39,240,89,270,-20" /><INIT seed="2,0,0,1,3,52" ten="210,211,329,250" oya="2" hai0="11,75,27,88,86,33,30,90,108,71,35,12,122" hai1="54,120,98,17,19,104,114,106,36,32,134,29,39" hai2="127,37,91,9,57,103,6,93,133,61,64,82,67" hai3="101,128,2,89,118,84,107,77,131,59,26,112,15"/><V34/><F37/><W97/><G2/><T48/><D122/><U31/><E114/><V115/><F133/><W53/><G118/><T135/><D71/><U79/><E134/><V124/><F34/><W123/><G123/><T16/><D75/><U80/><E120/><V116/><F115/><W8/><G112/><T13/><D135/><U109/><E32/><V65/><F116/><W78/><G26/><T10/><D108/><U28/><E109/><V42/><F42/><W117/><G117/><T125/><D125/><N who="2" m="48202" /><F82/><N who="3" m="49303" /><G15/><T76/><D48/><U102/><E104/><V85/><F103/><W14/><G14/><AGARI ba="0,0" hai="6,9,14,57,61,64,65,67,85,91,93" m="48202" machi="14" ten="30,2900,0" yaku="18,1,52,1" doraHai="52" who="2" fromWho="3" sc="210,0,211,0,329,29,250,-29" /><INIT seed="2,1,0,1,1,116" ten="210,211,358,221" oya="2" hai0="79,125,107,81,61,66,5,65,87,16,50,1,94" hai1="9,47,82,110,10,25,33,112,99,74,52,13,2" hai2="62,84,100,114,37,8,83,18,48,0,6,109,19" hai3="27,91,53,102,58,28,43,118,42,124,131,123,105"/><V128/><F37/><W103/><G118/><T34/><D107/><U108/><E112/><V4/><F114/><W86/><G123/><T78/><D34/><U106/><E33/><V49/><F128/><W26/><G131/><T29/><D1/><U55/><E25/><N who="3" m="9226" /><G28/><T23/><D29/><U60/><E60/><V89/><F109/><N who="1" m="42089" /><E47/><V117/><F117/><W21/><G21/><T120/><D5/><N who="1" m="1207" /><E99/><V59/><F100/><N who="3" m="38443" /><G105/><T3/><D3/><U41/><E41/><V64/><REACH who="2" step="1"/><F4/><REACH who="2" ten="210,211,348,221" step="2"/><W67/><G124/><T97/><D125/><U12/><E106/><V69/><F69/><W24/><G24/><N who="0" m="14439" /><D120/><U122/><E122/><V133/><F133/><W72/><G72/><T95/><D79/><N who="1" m="44407" /><E13/><V101/><F101/><W30/><G30/><T71/><D71/><U113/><E113/><V54/><F54/><W88/><G67/><T85/><D66/><U22/><E22/><V115/><F115/><W57/><G53/><T68/><D68/><U92/><E92/><V75/><F75/><W40/><G91/><T90/><D65/><U44/><E44/><V11/><F11/><W77/><G77/><T104/><D78/><U111/><E111/><V31/><F31/><W73/><G73/><T135/><D104/><U127/><E127/><V98/><F98/><W17/><G17/><AGARI ba="1,1" hai="10,12,17,52,55" m="44407,1207,42089" machi="17" ten="30,2000,0" yaku="14,1,54,1" doraHai="116" who="1" fromWho="3" sc="210,0,211,33,348,0,221,-23" /><AGARI ba="1,0" hai="0,6,8,17,18,19,48,49,59,62,64,83,84,89" machi="17" ten="40,2000,0" yaku="1,1,53,0" doraHai="116" doraHaiUra="36" who="2" fromWho="3" sc="210,0,244,0,348,20,198,-20" /><INIT seed="2,2,0,3,2,105" ten="210,244,368,178" oya="2" hai0="71,110,134,130,57,40,34,120,35,36,32,112,54" hai1="4,20,98,7,55,123,33,83,61,11,86,21,44" hai2="75,104,59,58,10,68,2,99,100,29,48,70,9" hai3="97,50,114,27,102,17,18,31,39,12,41,106,3"/><V129/><F75/><W133/><G3/><T30/><D30/><U42/><E33/><V15/><F129/><W46/><G114/><T74/><D57/><U49/><E123/><V72/><F72/><W64/><G133/><T85/><D85/><U5/><E98/><V128/><F128/><W88/><G64/><T13/><D13/><U96/><E96/><V65/><F29/><W60/><G60/><T38/><D54/><U19/><E21/><V22/><F59/><W80/><G39/><T0/><D40/><U113/><E113/><V76/><F76/><W52/><G41/><T116/><D35/><U84/><E61/><V90/><F90/><W118/><G118/><T91/><D91/><U28/><E28/><V124/><F124/><W56/><G56/><T62/><D62/><U117/><E117/><V23/><F2/><W115/><G115/><T111/><D38/><U14/><E84/><V73/><F73/><W69/><G69/><T109/><D109/><U89/><REACH who="1" step="1"/><E42/><REACH who="1" ten="210,234,368,178" step="2"/><V53/><F9/><W37/><G37/><T127/><D111/><U125/><E125/><V135/><F135/><W132/><G132/><T122/><D122/><U79/><E79/><V77/><F77/><W63/><G63/><T6/><D6/><U103/><E103/><V93/><F104/><AGARI ba="2,1" hai="0,32,34,36,71,74,104,110,112,116,120,127,130,134" machi="104" ten="0,32000,5" yakuman="47" doraHai="105" who="0" fromWho="2" sc="210,336,234,0,368,-326,178,0" /><INIT seed="3,0,0,5,1,80" ten="546,234,42,178" oya="3" hai0="126,86,32,82,70,98,26,66,38,75,64,117,1" hai1="45,43,123,65,20,18,69,67,24,23,13,41,108" hai2="19,4,8,95,68,15,132,110,42,122,90,2,10" hai3="121,91,51,72,52,135,21,30,94,78,77,93,39"/><W113/><G121/><T100/><D117/><U56/><E123/><V89/><F68/><W114/><G39/><T60/><D66/><U0/><E0/><V71/><F71/><W87/><G135/><T103/><D75/><U128/><E128/><V63/><F122/><W16/><G30/><N who="0" m="19543" /><D1/><U73/><E73/><V33/><F42/><W27/><G72/><T9/><D9/><U61/><E108/><V48/><F110/><W111/><G111/><T6/><D6/><U37/><E69/><V92/><F63/><W29/><G29/><T5/><D5/><U14/><E65/><V101/><F132/><W99/><G113/><T130/><D103/><U118/><E118/><V31/><F101/><N who="3" m="60655" /><G114/><T57/><D57/><AGARI ba="0,0" hai="16,21,27,51,52,57,77,78,87,91,94" m="60655" machi="57" ten="30,11600,0" yaku="8,1,52,1,54,2" doraHai="80" who="3" fromWho="0" sc="546,-116,234,0,42,0,178,116" /><INIT seed="3,1,0,3,2,57" ten="430,234,42,294" oya="3" hai0="39,23,43,86,89,71,49,1,68,97,133,75,76" hai1="36,123,38,80,21,15,16,66,88,12,10,8,126" hai2="134,27,135,119,81,62,115,65,77,100,111,110,129" hai3="4,107,30,102,108,112,84,117,9,32,31,67,93"/><W121/><G107/><T70/><D1/><U87/><E123/><V128/><F100/><W25/><G121/><T19/><D39/><U131/><E126/><V5/><F5/><W106/><G117/><T6/><D6/><U56/><E131/><V63/><F27/><W92/><G112/><T20/><D75/><U96/><E96/><V127/><F81/><W33/><G108/><N who="2" m="41513" /><F77/><W11/><G106/><T47/><D133/><N who="2" m="50698" /><F115/><W98/><G67/><T90/><D97/><U99/><E99/><V85/><F85/><W69/><G69/><T46/><D76/><U50/><E21/><V118/><F65/><W124/><G124/><T64/><D64/><U94/><E80/><V109/><N who="2" m="41521" /><V116/><DORA hai="51" /><F62/><W132/><G132/><T2/><D2/><U114/><E114/><V79/><F79/><W17/><G17/><T101/><D101/><U18/><E66/><V41/><F41/><W72/><G72/><T105/><D105/><U83/><E94/><V74/><F74/><W61/><G61/><T37/><D86/><U40/><E40/><V0/><F0/><W26/><G4/><T28/><D28/><U104/><REACH who="1" step="1"/><E104/><REACH who="1" ten="430,224,42,294" step="2"/><V54/><F54/><AGARI ba="1,1" hai="8,10,12,15,16,18,36,38,50,54,56,83,87,88" machi="54" ten="40,12000,2" yaku="1,1,2,1,9,1,52,1,54,2,53,0" doraHai="57,51" doraHaiUra="22,3" who="1" fromWho="2" sc="430,0,224,133,42,-123,294,0" owari="430,53.0,357,16.0,-81,-58.0,294,-11.0" /></mjloggm>