<mjloggm ver="2.3"><GO type="169" lobby="0"/><UN n0="%EF%BC%A1%EF%BC%AB%EF%BC%AF" n1="%E3%82%A6%E3%83%AB%E3%83%88%E3%83%A9%E7%AB%8B%E7%9B%B4" n2="%58%E7%8C%AB" n3="%E3%81%BB%E3%82%80%E5%AD%90" dan="16,17,17,17" rate="2093.66,2212.85,2170.84,2100.74" sx="F,M,M,M"/><TAIKYOKU oya="0"/><INIT seed="0,0,0,1,2,21" ten="250,250,250,250" oya="0" hai0="127,58,124,80,79,57,135,29,65,103,73,46,72" hai1="133,64,56,126,43,83,106,122,94,68,112,84,8" hai2="82,44,131,96,116,15,76,35,55,74,130,75,16" hai3="117,111,38,60,71,129,81,108,20,33,52,54,105"/><T49/><D103/><U99/><E122/><V97/><F116/><W61/><G33/><T100/><D100/><U109/><E68/><V5/><F5/><W26/><G105/><T78/><D135/><U101/><E109/><N who="3" m="42058" /><G38/><T85/><D29/><U51/><E126/><N who="0" m="48169" /><D78/><U134/><E112/><V36/><F74/><N who="0" m="28778" /><D65/><U123/><E133/><V119/><F35/><W17/><G117/><T34/><D34/><U59/><E134/><V1/><F1/><W92/><G81/><T13/><D13/><U50/><E64/><V14/><F14/><W63/><G71/><T91/><D79/><U120/><E106/><V28/><F28/><N who="3" m="17479" /><G129/><T11/><D11/><U41/><E8/><N who="2" m="6247" /><F119/><W125/><G125/><T6/><D6/><U39/><E123/><V42/><F130/><W69/><G69/><T23/><D23/><U93/><E120/><V132/><F131/><W19/><G17/><T53/><AGARI ba="0,0" hai="46,49,53,57,58,80,85,91" m="28778,48169" machi="53" ten="30,1500,0" yaku="18,1" doraHai="21" who="0" fromWho="0" sc="250,15,250,-5,250,-5,250,-5" /><INIT seed="0,1,0,0,5,62" ten="265,245,245,245" oya="0" hai0="124,12,75,100,87,32,68,66,106,53,5,43,46" hai1="92,85,112,132,73,52,10,77,81,35,61,113,97" hai2="86,114,71,67,79,98,50,18,133,11,36,119,102" hai3="122,135,134,76,8,126,48,34,17,69,99,109,0"/><T31/><D75/><U72/><E35/><V44/><F114/><N who="1" m="44137" /><E10/><V127/><F36/><W65/><G34/><T120/><D120/><U129/><E129/><V14/><F133/><W2/><G122/><T83/><D53/><U96/><E132/><V27/><F127/><W22/><G76/><T6/><D12/><U116/><E116/><V40/><F119/><W39/><G39/><T25/><D124/><U91/><E61/><V51/><F51/><W90/><G0/><T16/><D16/><U9/><E9/><V38/><F38/><W125/><G48/><T7/><D43/><U89/><E52/><V88/><F79/><W130/><G8/><T4/><D46/><U74/><E97/><V94/><F27/><W95/><G2/><T84/><N who="0" m="1536" /><DORA hai="26" /><T41/><D41/><U42/><E42/><V115/><F115/><W1/><G1/><T70/><D83/><AGARI ba="1,0" hai="72,73,74,77,81,83,85,89,91,92,96" m="44137" machi="83" ten="30,3900,0" yaku="11,1,34,2" doraHai="62,26" who="1" fromWho="0" sc="265,-42,245,42,245,0,245,0" /><INIT seed="1,0,0,0,0,69" ten="223,287,245,245" oya="1" hai0="130,24,19,64,74,44,10,119,79,33,76,92,11" hai1="25,132,28,135,131,123,62,31,60,81,107,21,134" hai2="115,114,121,51,13,80,36,97,32,120,53,82,57" hai3="2,85,101,14,125,124,78,34,128,87,50,110,94"/><U105/><E123/><V15/><F32/><W22/><G2/><T4/><D64/><U103/><E131/><V77/><F97/><W18/><G34/><T43/><D130/><U41/><E103/><V70/><F70/><W112/><G128/><T59/><D59/><U37/><E81/><V104/><F104/><N who="1" m="40009" /><E31/><V116/><F116/><W89/><G112/><N who="2" m="43049" /><F36/><W91/><G78/><T29/><D92/><U109/><E109/><V56/><F56/><W65/><G101/><T0/><D119/><U12/><E12/><N who="2" m="4683" /><F80/><W113/><G113/><T98/><D98/><U40/><E40/><V66/><F66/><W71/><G110/><T5/><D19/><U47/><AGARI ba="0,0" hai="21,25,28,37,41,47,60,62,132,134,135" m="40009" machi="47" ten="40,3900,0" yaku="20,1,52,1" doraHai="69" who="1" fromWho="1" sc="223,-13,287,39,245,-13,245,-13" /><INIT seed="1,1,0,0,4,76" ten="210,326,232,232" oya="1" hai0="63,28,86,22,109,14,111,132,10,58,95,20,93" hai1="108,94,65,1,80,64,45,110,13,5,0,8,128" hai2="126,82,17,61,59,11,133,33,122,98,16,99,72" hai3="7,67,31,55,117,115,84,112,51,48,36,118,46"/><U106/><E106/><V131/><F122/><W53/><G7/><T34/><D34/><U124/><E94/><N who="0" m="35849" /><D132/><U83/><E45/><V71/><F71/><W40/><G31/><T114/><D114/><N who="3" m="43561" /><G67/><N who="1" m="25674" /><E124/><V102/><F33/><W32/><G84/><T79/><D28/><U74/><E74/><V37/><F37/><W60/><G32/><T77/><D111/><N who="1" m="42539" /><E128/><V26/><F131/><W113/><N who="3" m="43569" /><W101/><DORA hai="6" /><G101/><T70/><D70/><U103/><E103/><V66/><F133/><W121/><G121/><T9/><D109/><U129/><E129/><V43/><F126/><W15/><G15/><T44/><D44/><U25/><E25/><V54/><F102/><W127/><G127/><T120/><D120/><U75/><E75/><V119/><F119/><N who="3" m="45579" /><G55/><N who="0" m="34271" /><D86/><U4/><E4/><V23/><F66/><W134/><G134/><T27/><D14/><U30/><E30/><V21/><F72/><W35/><G35/><T73/><D73/><U85/><E85/><V41/><F99/><W88/><G88/><T78/><D27/><U100/><E100/><V56/><F98/><W125/><G125/><T2/><D2/><AGARI ba="1,0" hai="0,1,2,5,8,13,80,83" m="42539,25674" machi="2" ten="30,12000,1" yaku="14,1,10,1,52,3" doraHai="76,6" who="1" fromWho="0" sc="210,-123,326,123,232,0,232,0" /><INIT seed="1,2,0,4,1,51" ten="87,449,232,232" oya="1" hai0="133,72,101,2,104,75,3,91,105,134,25,55,65" hai1="45,64,135,52,80,110,44,126,17,73,93,40,8" hai2="99,38,100,96,118,61,67,84,36,12,6,115,32" hai3="26,124,49,121,120,102,14,117,41,20,23,90,116"/><U103/><E126/><V114/><F118/><N who="3" m="45675" /><G102/><T42/><D42/><U128/><E128/><V19/><F32/><W127/><G90/><T123/><D65/><U22/><E135/><N who="0" m="51721" /><D91/><U0/><E110/><V5/><F84/><W71/><G71/><T97/><D105/><U109/><E109/><V108/><F108/><W62/><G62/><T94/><D104/><U63/><E0/><N who="0" m="41" /><D123/><N who="3" m="47177" /><G49/><T106/><D106/><U76/><E8/><N who="2" m="6535" /><F36/><W33/><G41/><T9/><D9/><U131/><E131/><V30/><F38/><W82/><G82/><T56/><D25/><U4/><E40/><V31/><F100/><W83/><G83/><T27/><D27/><U53/><E103/><V13/><F96/><W16/><G33/><T28/><D28/><AGARI ba="2,0" hai="14,16,20,23,26,28,124,127" m="47177,45675" machi="28" ten="30,7700,0" yaku="12,1,34,2,54,1" doraHai="51" who="3" fromWho="0" sc="87,-83,449,0,232,0,232,83" /><INIT seed="2,0,0,0,0,35" ten="4,449,232,315" oya="2" hai0="88,45,8,10,11,118,133,91,81,126,127,23,52" hai1="9,135,120,21,18,99,90,29,108,19,15,117,58" hai2="70,101,14,55,46,17,5,20,28,79,57,64,69" hai3="6,37,106,40,85,60,61,80,77,94,26,82,22"/><V25/><F79/><W110/><G106/><T42/><D133/><U34/><E34/><V63/><F5/><W116/><G116/><T105/><D105/><U103/><E108/><V33/><F46/><W113/><G110/><T51/><D118/><U121/><E135/><V102/><F69/><W7/><G113/><T56/><D23/><U36/><E36/><V1/><REACH who="2" step="1"/><F1/><REACH who="2" ten="4,449,222,315" step="2"/><W125/><G6/><T87/><D91/><U124/><E90/><V109/><F109/><W41/><G7/><T129/><D129/><U67/><E117/><V131/><F131/><W75/><G77/><T74/><D74/><U115/><E115/><V72/><F72/><W66/><G75/><T86/><D86/><U43/><E121/><V128/><F128/><W98/><G85/><T16/><D127/><U68/><E124/><V130/><F130/><W13/><G125/><T30/><D126/><U89/><E68/><V32/><F32/><W97/><G40/><T95/><D30/><U71/><E29/><V47/><F47/><W76/><G41/><T49/><D95/><U73/><E43/><V48/><AGARI ba="0,1" hai="14,17,20,25,28,33,48,55,57,63,64,70,101,102" machi="48" ten="20,3900,0" yaku="1,1,0,1,7,1,53,0" doraHai="35" doraHaiUra="134" who="2" fromWho="2" sc="4,-13,449,-13,222,49,315,-13" owari="-9,-51.0,436,54.0,271,-13.0,302,10.0" /></mjloggm>