<mjloggm ver="2.3"><GO type="225" lobby="0"/><UN n0="%E3%81%9F%E3%81%8C%E3%82%84%E3%81%99" n1="%E3%83%88%E3%83%88%E3%83%AA%E5%85%88%E7%94%9F%31%39%E6%AD%B3" n2="%6B%69%74%70%6F%77%35" n3="%E3%81%A4%E3%81%B0%E3%81%8D%E3%81%A1%30%33" dan="16,17,16,16" rate="2151.16,2239.95,2024.66,2186.78" sx="M,F,M,M"/><TAIKYOKU oya="0"/><INIT seed="0,0,0,3,2,41" ten="250,250,250,250" oya="0" hai0="108,94,74,51,56,84,29,69,1,35,61,46,111" hai1="26,73,8,43,125,134,105,120,89,32,39,66,52" hai2="50,79,126,116,60,129,33,113,58,7,3,91,132" hai3="103,75,104,45,78,101,115,122,13,90,55,127,71"/><T57/><D74/><U36/><E120/><V15/><F33/><W83/><G71/><T118/><D1/><U106/><E73/><V54/><F3/><W76/><G115/><T128/><D29/><N who="1" m="19511" /><E89/><V123/><F113/><W96/><G122/><T23/><D23/><U133/><E125/><V30/><F123/><W114/><G127/><T44/><D35/><U117/><E117/><V92/><F126/><W9/><G114/><T109/><D118/><U64/><E8/><V11/><F116/><W4/><G101/><T82/><D94/><U62/><E52/><V27/><F79/><W49/><G78/><N who="0" m="46167" /><D128/><U2/><E64/><V93/><F129/><W28/><REACH who="3" step="1"/><G28/><REACH who="3" ten="250,250,250,240" step="2"/><T37/><D69/><N who="1" m="42199" /><E134/><V135/><F135/><W97/><G97/><T22/><D22/><U70/><E70/><V81/><F132/><W130/><G130/><T47/><D37/><U24/><E36/><V42/><F30/><W25/><G25/><T124/><D124/><U10/><E24/><V59/><F27/><W5/><G5/><T19/><D19/><U80/><E133/><V0/><F7/><W98/><G98/><T72/><D72/><U67/><E39/><V53/><F0/><W99/><G99/><T16/><D16/><U20/><E2/><V21/><F42/><W6/><G6/><T119/><D119/><U68/><E43/><V48/><F11/><W14/><G14/><T12/><D12/><U17/><E10/><V65/><F15/><W112/><G112/><T102/><D102/><U77/><E17/><V38/><F38/><W85/><G85/><T131/><D131/><RYUUKYOKU ba="0,1" sc="250,-10,250,-10,250,-10,240,30" hai3="4,9,13,45,49,55,75,76,83,90,96,103,104" /><INIT seed="1,1,1,3,2,118" ten="240,240,240,270" oya="1" hai0="80,26,44,100,97,72,84,0,27,70,112,68,98" hai1="133,95,117,47,76,85,78,71,103,41,113,88,19" hai2="18,90,10,119,53,9,89,14,15,23,114,63,126" hai3="86,83,127,93,96,135,120,54,48,81,110,55,69"/><U40/><E117/><V58/><F126/><W105/><G69/><T79/><D0/><U64/><E113/><V28/><F119/><W77/><G127/><T134/><D112/><U51/><E133/><V73/><F73/><W8/><G135/><T92/><D134/><U125/><E125/><V107/><F107/><W130/><G105/><T34/><D44/><U52/><E71/><V5/><F114/><W123/><G110/><T59/><D59/><U56/><E103/><V106/><F106/><W32/><G32/><T131/><D131/><U46/><E64/><V2/><REACH who="2" step="1"/><F28/><REACH who="2" ten="240,240,230,270" step="2"/><W124/><G124/><T109/><D109/><U6/><E6/><AGARI ba="1,2" hai="2,5,6,9,10,14,15,18,23,53,58,63,89,90" machi="6" ten="30,3900,0" yaku="1,1,2,1,7,1,53,0" doraHai="118" doraHaiUra="116" who="2" fromWho="1" sc="240,0,240,-42,230,62,270,0" /><INIT seed="2,0,0,1,5,74" ten="240,198,292,270" oya="2" hai0="41,29,93,117,66,0,87,35,79,8,40,21,121" hai1="86,33,54,25,82,85,23,80,90,131,133,94,30" hai2="62,48,102,32,1,18,59,108,92,38,78,15,36" hai3="50,130,24,106,89,107,71,51,97,43,57,135,56"/><V112/><F1/><W26/><G97/><T65/><D35/><U39/><E131/><V16/><F32/><W73/><G73/><T101/><D0/><U88/><E133/><V61/><F112/><W125/><G125/><T68/><D68/><U60/><E39/><V128/><F128/><W34/><G34/><T81/><D8/><U46/><E33/><V75/><F108/><W122/><G43/><N who="0" m="16459" /><D117/><U4/><E4/><V113/><F113/><W58/><G71/><T126/><D121/><U5/><E5/><V22/><F38/><W11/><G11/><T17/><D29/><U120/><E120/><V13/><F36/><W69/><G69/><T91/><D101/><U2/><E2/><V72/><F75/><W20/><G122/><T109/><D126/><U123/><E123/><V44/><F72/><W119/><G135/><T103/><D103/><U116/><E116/><V47/><F102/><W10/><G10/><T9/><D9/><U95/><E60/><N who="2" m="23147" /><F92/><W98/><G119/><T124/><D109/><U127/><E127/><V83/><F83/><W96/><G130/><T105/><D105/><U7/><E7/><V110/><F110/><W77/><G107/><T114/><D114/><U49/><AGARI ba="0,0" hai="23,25,30,46,49,54,80,82,85,86,88,90,94,95" machi="49" ten="30,7900,0" yaku="0,1,9,1,8,1,54,1" doraHai="74" who="1" fromWho="1" sc="240,-20,198,79,292,-39,270,-20" /><INIT seed="3,0,0,1,3,46" ten="220,277,253,250" oya="3" hai0="58,20,59,54,123,89,107,5,114,26,75,112,44" hai1="63,57,97,11,87,102,31,117,86,121,91,55,3" hai2="21,93,71,45,70,43,17,33,52,110,32,9,18" hai3="90,41,106,73,15,4,47,53,19,129,78,84,99"/><W35/><G35/><T96/><D75/><U50/><E121/><V48/><F110/><W62/><G129/><T13/><D123/><U37/><E37/><V135/><F135/><W14/><G4/><T128/><D128/><U92/><E117/><V7/><F33/><W0/><G0/><T12/><D44/><U49/><E31/><V28/><F32/><W30/><G30/><T60/><D5/><U65/><E3/><V101/><F71/><W95/><G62/><T111/><D111/><U6/><E87/><V133/><F70/><W29/><G29/><T38/><D38/><U10/><E6/><V79/><F79/><W16/><G53/><T81/><D107/><U103/><E103/><V132/><F43/><W40/><G15/><T69/><D69/><U124/><E124/><V22/><F28/><W80/><G14/><T61/><D26/><U127/><E127/><V104/><F104/><W72/><G72/><T77/><D77/><U36/><E36/><V1/><F133/><W120/><G120/><T115/><D20/><U94/><E65/><V131/><F132/><W82/><G40/><T126/><D126/><U100/><E100/><V2/><F2/><W88/><G106/><T76/><D76/><U109/><E109/><V25/><F131/><W23/><G23/><N who="2" m="8713" /><F25/><W85/><G73/><T119/><D119/><U34/><E34/><V27/><F27/><W83/><G83/><T66/><D81/><U118/><E118/><V134/><F134/><W68/><G68/><T113/><N who="0" m="28672" /><DORA hai="56" /><T122/><D122/><U108/><E108/><V64/><F64/><RYUUKYOKU ba="0,0" sc="220,0,277,0,253,0,250,0" hai0="12,13,54,58,59,60,61,66,89,96" hai1="10,11,49,50,55,57,63,86,91,92,94,97,102" hai2="1,7,9,17,18,45,48,52,93,101" hai3="16,19,41,47,78,80,82,84,85,88,90,95,99" /><INIT seed="3,1,0,0,0,42" ten="220,277,253,250" oya="3" hai0="22,51,41,87,28,76,11,47,17,60,44,50,1" hai1="130,96,99,52,49,134,5,89,88,109,90,37,71" hai2="132,45,98,35,92,107,97,121,18,48,30,111,82" hai3="57,63,73,70,39,115,101,120,75,131,116,40,43"/><W65/><G120/><T26/><D60/><U54/><E37/><V8/><F121/><W95/><G115/><T83/><D1/><U56/><E71/><V118/><F118/><W123/><G123/><T122/><D122/><U86/><E109/><V117/><F117/><W25/><G116/><T102/><D102/><U103/><E130/><V0/><F111/><W133/><G131/><T23/><D11/><U4/><E134/><V36/><F36/><W135/><G70/><T125/><D125/><U14/><E86/><V91/><F35/><W64/><G25/><T105/><D105/><U79/><E79/><V100/><F30/><W104/><G104/><T74/><D74/><U119/><E119/><V85/><F132/><N who="3" m="50763" /><G65/><T46/><D41/><N who="3" m="15945" /><G39/><T24/><AGARI ba="1,0" hai="17,22,23,24,26,28,44,46,47,50,51,76,83,87" machi="24" ten="30,8000,1" yaku="0,1,8,1,52,3" doraHai="42" who="0" fromWho="0" sc="220,83,277,-21,253,-21,250,-41" owari="303,40.0,256,6.0,232,-17.0,209,-29.0" /></mjloggm>