<mjloggm ver="2.3"><GO type="97" lobby="0"/><UN n0="%E5%B0%B1%E6%B4%BB%E7%94%9F%40%E5%B7%9D%E6%9D%91%E8%BB%8D%E5%9B%A3" n1="%E3%81%9F%E3%81%AD%E3%82%84%E3%82%93%EF%BC%92" n2="%E2%98%86%4E%41%53%E2%98%86" n3="%E6%96%B0%E8%97%A4%E6%99%AF" dan="14,15,14,13" rate="1980.33,1967.94,1870.85,2000.15" sx="M,M,F,M"/><TAIKYOKU oya="0"/><INIT seed="0,0,0,2,5,16" ten="250,250,250,250" oya="0" hai0="35,67,65,126,3,74,47,97,122,77,37,14,117" hai1="8,69,134,129,34,125,109,42,1,112,12,6,22" hai2="130,15,38,29,89,41,113,36,92,135,62,115,20" hai3="88,40,18,7,73,131,55,85,26,49,128,19,58"/><T104/><D3/><U27/><E69/><V76/><F76/><W25/><G73/><T17/><D35/><U53/><E42/><V91/><F130/><N who="3" m="49707" /><G7/><T50/><D122/><U48/><E129/><V0/><F0/><W23/><G40/><T101/><D37/><U87/><E125/><V118/><F135/><W82/><G26/><T81/><D117/><U54/><E134/><V31/><F118/><W70/><G70/><T2/><D2/><U30/><E109/><V120/><F120/><W5/><G5/><T95/><D104/><U64/><E112/><V133/><F133/><W103/><G103/><T84/><D74/><U24/><E64/><V111/><F111/><W63/><G18/><T96/><D96/><U46/><E54/><V75/><F75/><W100/><G100/><T59/><D59/><U108/><E108/><V121/><F121/><W127/><G127/><T86/><D86/><U9/><E87/><V83/><F41/><W79/><G63/><T4/><D126/><U114/><E114/><V102/><F62/><W107/><G107/><T71/><D71/><U80/><E80/><V52/><F83/><W78/><AGARI ba="0,0" hai="19,23,25,49,55,58,78,79,82,85,88" m="49707" machi="78" ten="30,4000,0" yaku="19,1,52,1,54,1" doraHai="16" who="3" fromWho="3" sc="250,-20,250,-10,250,-10,250,40" /><INIT seed="1,0,0,4,2,0" ten="230,240,240,290" oya="1" hai0="12,64,40,2,113,8,123,29,99,90,36,125,68" hai1="105,31,73,39,26,15,103,81,41,127,50,77,88" hai2="46,89,96,61,19,6,118,33,95,98,115,121,49" hai3="57,101,4,58,116,34,24,97,119,135,130,132,107"/><U69/><E127/><V91/><F118/><N who="3" m="45099" /><G130/><T27/><D113/><U124/><E124/><V67/><F33/><W38/><G38/><T28/><D123/><U23/><E39/><V80/><F121/><W59/><G4/><T117/><D117/><U79/><E69/><V65/><F115/><W82/><G82/><T10/><D125/><U129/><E129/><V11/><F19/><W78/><G78/><T62/><D2/><U21/><E79/><V85/><F96/><W110/><G110/><T51/><D36/><U111/><E111/><V83/><F83/><W1/><G1/><T63/><D63/><U52/><E41/><N who="2" m="24783" /><F61/><W76/><G76/><T20/><D29/><AGARI ba="0,0" hai="24,29,34,57,58,59,97,101,107,132,135" m="45099" machi="29" ten="40,1300,0" yaku="12,1" doraHai="0" who="3" fromWho="0" sc="230,-13,240,0,240,0,290,13" /><INIT seed="2,0,0,5,3,31" ten="217,240,240,303" oya="2" hai0="13,113,81,115,58,61,102,107,128,63,126,42,32" hai1="72,98,78,103,7,124,11,73,125,48,120,95,87" hai2="59,49,24,20,53,118,66,14,67,70,54,29,23" hai3="135,8,69,79,94,84,0,99,40,22,47,65,41"/><V97/><F118/><W131/><G131/><T104/><D128/><U90/><E48/><V109/><F70/><W15/><G0/><T83/><D126/><N who="1" m="48747" /><E11/><V123/><F123/><W38/><G135/><T21/><D42/><U92/><E7/><V132/><F132/><W50/><G69/><T44/><D44/><U30/><E30/><V106/><F109/><W36/><G65/><T43/><D43/><U2/><E2/><V85/><F106/><W117/><G22/><T60/><D58/><U86/><E120/><V76/><F97/><W52/><G117/><T62/><D32/><U57/><E57/><V33/><F54/><W89/><G38/><T112/><N who="0" m="15872" /><DORA hai="55" /><T28/><D102/><U18/><E18/><N who="2" m="10327" /><F33/><W64/><G64/><T19/><REACH who="0" step="1"/><D28/><REACH who="0" ten="207,240,240,303" step="2"/><U37/><E37/><V17/><F29/><W10/><G36/><T5/><D5/><U12/><E12/><V111/><F111/><W3/><G15/><T129/><D129/><U25/><E25/><V114/><F114/><W100/><G3/><T96/><D96/><U74/><E95/><V101/><F66/><W130/><G130/><T35/><D35/><U56/><E56/><V77/><F67/><W134/><G134/><T39/><D39/><U133/><E133/><V27/><F59/><W45/><G45/><T127/><D127/><U16/><E103/><V91/><F101/><W51/><G100/><T26/><D26/><U121/><E121/><V75/><F27/><W80/><G41/><T110/><D110/><U6/><E6/><V93/><F24/><W71/><G71/><T34/><D34/><RYUUKYOKU ba="0,1" sc="207,15,240,-15,240,-15,303,15" hai0="13,19,21,81,83,104,107,112,113,115" hai3="8,10,40,47,50,51,52,79,80,84,89,94,99" /><INIT seed="3,1,1,4,2,76" ten="222,225,225,318" oya="3" hai0="78,52,6,0,5,48,130,109,107,21,35,81,39" hai1="87,34,112,40,102,50,9,91,19,55,83,2,23" hai2="111,45,93,80,115,101,74,98,123,95,14,41,29" hai3="84,129,64,94,100,119,4,82,132,97,26,36,65"/><W127/><G119/><T108/><D35/><U30/><E112/><V28/><F115/><W117/><G117/><T67/><D130/><U133/><E133/><V16/><F111/><N who="0" m="42570" /><D107/><U38/><E102/><V18/><F123/><W116/><G26/><T57/><D39/><U53/><E38/><V104/><F18/><W99/><G4/><T71/><D0/><U3/><E3/><V10/><F104/><W59/><G59/><T31/><D71/><U70/><E70/><V66/><F66/><W42/><G99/><T121/><D67/><U79/><E2/><V54/><F54/><N who="1" m="20489" /><E34/><V33/><F33/><W46/><G127/><T11/><D11/><U125/><E125/><V17/><F17/><W62/><G132/><T63/><D121/><U73/><E9/><V61/><F61/><W51/><G129/><T58/><D58/><U126/><E30/><V24/><F29/><W20/><G62/><T134/><D63/><U68/><E68/><V135/><F135/><W49/><G36/><T114/><D114/><U90/><E126/><V113/><F113/><W1/><G1/><T122/><D122/><U47/><E73/><V43/><F28/><W15/><G116/><T92/><D134/><U128/><E128/><V118/><F118/><W124/><G124/><T85/><D92/><U75/><E75/><V7/><F95/><W27/><G94/><T131/><D131/><U12/><AGARI ba="1,1" hai="12,19,23,40,47,50,79,83,87,90,91" m="20489" machi="12" ten="30,2000,0" yaku="8,1,52,1" doraHai="76" who="1" fromWho="1" sc="222,-6,225,33,225,-6,318,-11" owari="216,-28.0,258,6.0,219,-18.0,307,40.0" /></mjloggm>