<mjloggm ver="2.3"><GO type="225" lobby="0"/><UN n0="%E7%B7%8B%E3%81%84%E7%8C%AB%EF%BC%9E%EF%BC%9C%EF%BC%81" n1="%E3%83%88%E3%83%88%E3%83%AA%E5%85%88%E7%94%9F%31%39%E6%AD%B3" n2="%E5%B8%82%E5%B7%9D%E8%BF%B7%E7%A0%82" n3="%E3%82%BF%E3%82%B3%EF%BC%92%EF%BC%95%EF%BC%92%EF%BC%95" dan="16,16,16,16" rate="2019.95,2155.84,2170.28,2118.47" sx="F,F,F,M"/><TAIKYOKU oya="0"/><INIT seed="0,0,0,5,4,78" ten="250,250,250,250" oya="0" hai0="68,129,52,83,32,87,26,46,0,126,48,22,57" hai1="49,31,110,127,61,38,58,7,74,54,55,80,6" hai2="15,24,77,131,47,65,66,79,8,92,89,60,99" hai3="10,94,105,1,11,97,29,45,104,28,95,85,63"/><T4/><D32/><U101/><E38/><V34/><F131/><W39/><G63/><T35/><D35/><U73/><E110/><V13/><F47/><W62/><G62/><N who="0" m="36135" /><D0/><U125/><E31/><V115/><F115/><W3/><G45/><T59/><D68/><U88/><E101/><V37/><F37/><W14/><G39/><T72/><D72/><N who="1" m="27755" /><E55/><V19/><F65/><W18/><G85/><T112/><D112/><U96/><E96/><V69/><F34/><W50/><G18/><N who="0" m="12631" /><D126/><N who="1" m="48139" /><E61/><V108/><F108/><W86/><G50/><T124/><D124/><U118/><E118/><V135/><F135/><W70/><G86/><AGARI ba="0,0" hai="6,7,49,54,58,80,86,88" m="48139,27755" machi="86" ten="30,3900,0" yaku="18,1,52,1,54,1" doraHai="78" who="1" fromWho="3" sc="250,0,250,39,250,0,250,-39" /><INIT seed="1,0,0,2,4,63" ten="250,289,250,211" oya="1" hai0="113,47,122,56,117,78,80,128,99,82,30,121,93" hai1="89,6,1,8,18,84,23,94,28,77,87,35,53" hai2="83,106,64,69,85,75,102,14,134,112,90,114,66" hai3="19,2,81,116,42,127,17,109,34,111,43,105,131"/><U98/><E77/><N who="2" m="44479" /><F69/><W129/><G34/><T33/><D113/><N who="2" m="43626" /><F14/><W115/><G105/><T119/><D128/><N who="3" m="49225" /><G115/><T123/><D47/><U52/><E87/><V91/><F134/><W107/><G107/><T70/><D70/><U0/><E0/><V40/><F40/><N who="3" m="15403" /><G2/><T130/><D130/><U100/><E28/><V36/><F36/><W15/><G116/><N who="0" m="44619" /><D78/><U68/><E35/><V65/><F85/><W101/><G101/><N who="0" m="60655" /><D56/><U74/><E74/><V25/><F25/><AGARI ba="0,0" hai="25,30,33,80,82,121,122,123" m="60655,44619" machi="25" ten="40,1300,0" yaku="13,1" doraHai="63" who="0" fromWho="2" sc="250,13,289,0,250,-13,211,0" /><INIT seed="2,0,0,2,1,38" ten="263,289,237,211" oya="2" hai0="15,80,134,76,81,100,19,128,54,45,49,24,18" hai1="14,125,32,115,86,67,119,112,30,111,42,131,97" hai2="93,122,133,48,126,104,6,26,11,98,55,108,1" hai3="23,118,60,33,79,87,46,99,110,28,127,16,71"/><V7/><F122/><W73/><G73/><T129/><D134/><U85/><E119/><V117/><F117/><W34/><G118/><T2/><D2/><U63/><E111/><V53/><F133/><W123/><G110/><T109/><D109/><U68/><E131/><N who="0" m="50249" /><D100/><U20/><E32/><V44/><F108/><W37/><G127/><T52/><D24/><U27/><E125/><V88/><F126/><W64/><G123/><T114/><D114/><U95/><E14/><V77/><F77/><W13/><G99/><T51/><D15/><U121/><E121/><V89/><F104/><W124/><G124/><T50/><D50/><U90/><E42/><V82/><F7/><W5/><G5/><T35/><D35/><U66/><E66/><V0/><F0/><W41/><REACH who="3" step="1"/><G28/><REACH who="3" ten="263,289,237,201" step="2"/><T31/><D31/><U101/><E86/><V40/><REACH who="2" step="1"/><F26/><REACH who="2" ten="263,289,227,201" step="2"/><W22/><G22/><T65/><D76/><U92/><AGARI ba="0,2" hai="20,27,30,63,67,68,85,90,92,95,97,101,112,115" machi="92" ten="20,1500,0" yaku="0,1,7,1" doraHai="38" who="1" fromWho="1" sc="263,-4,289,35,227,-7,201,-4" /><INIT seed="3,0,0,3,0,31" ten="259,324,220,197" oya="3" hai0="70,102,69,84,30,133,82,51,79,101,61,12,77" hai1="57,93,87,55,37,105,92,135,56,63,28,21,107" hai2="99,9,19,129,23,33,83,66,134,116,0,127,108" hai3="35,10,80,89,52,1,81,95,49,126,18,123,22"/><W46/><G35/><T34/><D133/><U85/><E37/><V125/><F134/><W97/><G123/><T6/><D77/><U64/><E135/><V96/><F116/><W90/><G126/><N who="2" m="48137" /><F33/><W113/><G113/><T117/><D117/><U5/><E5/><N who="2" m="1191" /><F129/><W74/><G74/><T27/><D51/><N who="1" m="30847" /><E107/><V75/><F108/><W41/><G41/><T39/><D39/><U60/><E105/><V98/><F66/><W88/><G1/><T15/><D15/><U76/><E63/><V32/><F32/><W36/><G36/><T104/><D104/><U43/><E43/><V45/><F45/><W48/><G10/><T67/><D69/><U72/><E72/><V103/><F83/><N who="3" m="31819" /><G48/><T91/><D79/><U8/><E8/><V14/><F75/><W71/><G71/><T24/><D24/><AGARI ba="0,0" hai="18,22,24,46,49,52,88,89,90,95,97" m="31819" machi="24" ten="30,5800,0" yaku="8,1,54,2" doraHai="31" who="3" fromWho="0" sc="259,-58,324,0,220,0,197,58" /><INIT seed="3,1,0,1,1,126" ten="201,324,220,255" oya="3" hai0="5,71,32,13,46,79,108,72,1,95,115,104,92" hai1="12,29,0,37,28,106,50,97,70,99,24,116,74" hai2="69,82,25,19,94,43,114,45,20,132,33,7,84" hai3="131,102,133,80,15,93,125,18,88,31,44,105,38"/><W26/><G125/><T113/><D1/><U40/><E50/><V9/><F114/><N who="0" m="43530" /><D104/><U21/><E12/><V91/><F132/><W3/><G3/><T41/><D71/><U52/><E52/><V63/><F33/><W75/><G133/><T73/><D32/><N who="1" m="20487" /><E97/><V36/><F63/><W27/><G131/><T14/><D108/><U98/><E98/><V90/><F69/><W78/><G44/><T54/><D54/><U122/><E21/><V81/><F90/><W64/><G64/><T42/><D79/><U17/><E17/><V6/><F6/><W59/><G59/><T51/><D42/><U129/><E29/><V85/><F85/><N who="3" m="52367" /><G31/><T134/><D134/><U119/><E129/><V109/><F109/><W47/><G47/><T23/><D23/><U11/><E74/><N who="0" m="28777" /><D14/><AGARI ba="1,0" hai="7,9,14,19,20,25,36,43,45,81,82,84,91,94" machi="14" ten="30,1000,0" yaku="7,1" doraHai="126" who="2" fromWho="0" sc="201,-13,324,0,220,13,255,0" owari="188,-31.0,324,42.0,233,-17.0,255,6.0" /></mjloggm>