<mjloggm ver="2.3"><GO type="169" lobby="0"/><UN n0="%E3%82%BF%E3%82%B1%E3%82%BF%E3%82%B1%E3%82%BF%E3%82%B1" n1="%E3%82%A6%E3%83%AB%E3%83%88%E3%83%A9%E7%AB%8B%E7%9B%B4" n2="%E6%96%B0%E6%BD%9F%E3%83%89%E3%83%A9%E3%82%B4%E3%83%B3" n3="%E3%82%86%E3%81%84%E3%81%A1%E3%82%83%E3%82%93%E3%81%AE%E3%83%91%E3%83%91" dan="18,17,16,17" rate="2187.51,2148.00,2142.28,2153.16" sx="M,M,M,M"/><TAIKYOKU oya="0"/><INIT seed="0,0,0,5,1,61" ten="250,250,250,250" oya="0" hai0="100,22,29,54,34,90,47,67,38,122,26,82,97" hai1="57,20,3,101,16,129,124,76,10,45,24,25,134" hai2="116,53,48,69,80,51,110,107,18,112,43,41,36" hai3="17,31,105,35,85,12,39,40,133,0,70,71,50"/><T96/><D122/><U120/><E120/><V62/><F107/><W125/><G105/><T113/><D113/><U73/><E124/><V99/><F99/><W46/><G125/><T19/><D67/><U2/><E129/><V42/><F80/><W79/><G133/><T95/><D82/><U11/><E134/><V49/><F18/><W135/><G0/><N who="1" m="42" /><E57/><N who="2" m="35119" /><F112/><W66/><G135/><T7/><D7/><U126/><E45/><N who="2" m="23719" /><F116/><W77/><G85/><T23/><D54/><U37/><E37/><V72/><F72/><W74/><G74/><T132/><D132/><U6/><E101/><V15/><F15/><W127/><G39/><T14/><D47/><U83/><E76/><V119/><F119/><W68/><G66/><T65/><D65/><U8/><E83/><V84/><F84/><W111/><G127/><T103/><D38/><U5/><E73/><V92/><F92/><W108/><G79/><T60/><D60/><U55/><E55/><V115/><F115/><W33/><G77/><T93/><REACH who="0" step="1"/><D90/><REACH who="0" ten="240,250,250,250" step="2"/><U4/><E126/><V9/><F43/><W32/><G40/><T87/><D87/><U59/><E59/><V109/><F42/><W88/><G88/><T91/><D91/><U89/><E89/><V130/><F130/><W118/><G68/><T98/><D98/><U86/><E86/><V44/><F69/><W106/><G70/><T104/><D104/><U1/><E1/><V94/><F44/><W56/><G106/><T63/><D63/><U64/><E64/><V131/><F131/><W121/><G71/><T128/><D128/><U75/><E75/><RYUUKYOKU ba="0,1" sc="240,15,250,15,250,-15,250,-15" hai0="14,19,22,23,26,29,34,93,95,96,97,100,103" hai1="4,5,6,8,10,11,16,20,24,25" /><INIT seed="0,1,1,1,4,34" ten="255,265,235,235" oya="0" hai0="125,110,5,62,4,105,51,38,19,27,101,44,0" hai1="74,73,102,95,107,21,64,75,92,69,40,94,106" hai2="113,50,127,46,118,129,130,71,17,9,14,35,26" hai3="96,89,31,16,90,67,32,132,66,53,48,111,56"/><T80/><D38/><U83/><E40/><V93/><F113/><W120/><G111/><T6/><D110/><U122/><E64/><V28/><F71/><W121/><G132/><T108/><D108/><U63/><E63/><V61/><F61/><W25/><G67/><T131/><D131/><N who="2" m="50186" /><F93/><N who="1" m="35945" /><E21/><V85/><F85/><W68/><G96/><T87/><D125/><U115/><E69/><V54/><F127/><W97/><G97/><T37/><D37/><U124/><E124/><V133/><F133/><W36/><G36/><T33/><D105/><N who="1" m="39947" /><E122/><N who="3" m="47210" /><G16/><T3/><D62/><AGARI ba="1,1" hai="25,31,32,48,53,56,62,66,68,89,90" m="47210" machi="62" ten="30,1000,0" yaku="13,1" doraHai="34" who="3" fromWho="0" sc="255,-13,265,0,235,0,235,23" /><INIT seed="1,0,0,2,2,125" ten="242,265,235,258" oya="1" hai0="68,122,9,55,67,27,86,113,83,57,56,17,109" hai1="37,70,21,78,116,112,81,103,28,38,62,11,13" hai2="92,45,36,22,26,75,48,24,5,132,119,51,114" hai3="16,108,118,82,33,19,35,99,126,104,76,23,73"/><U98/><E116/><V8/><F75/><W41/><G126/><T69/><D109/><U64/><E112/><V39/><F119/><W34/><G108/><T128/><D113/><U131/><E21/><V91/><F114/><W63/><G118/><T30/><D122/><U59/><E28/><V77/><F77/><W107/><G41/><T79/><D67/><U54/><E131/><V89/><F24/><W135/><G135/><T72/><D56/><U50/><E81/><V4/><F4/><W94/><G63/><T43/><D43/><U93/><REACH who="1" step="1"/><E78/><REACH who="1" ten="242,255,235,258" step="2"/><V42/><F22/><W117/><G117/><T80/><D128/><U25/><E25/><V129/><F26/><W29/><G29/><T0/><D83/><U1/><E1/><V88/><F129/><W95/><G23/><T3/><D3/><U40/><E40/><V61/><F42/><W20/><G20/><T110/><D0/><U87/><E87/><V96/><F39/><W52/><G34/><T130/><D27/><U14/><E14/><V121/><F36/><W60/><G35/><T44/><D30/><U133/><E133/><V106/><F132/><W66/><G33/><T53/><D80/><U74/><E74/><V2/><F2/><W115/><G115/><T134/><D72/><U120/><E120/><V6/><F121/><W47/><G82/><T84/><D86/><U97/><E97/><V31/><F96/><W124/><G99/><T32/><D84/><U18/><AGARI ba="0,1" hai="11,13,18,37,38,50,54,59,62,64,70,93,98,103" machi="18" ten="20,3900,0" yaku="1,1,0,1,7,1,53,0" doraHai="125" doraHaiUra="85" who="1" fromWho="1" sc="242,-13,255,49,235,-13,258,-13" /><INIT seed="1,1,0,5,0,31" ten="229,304,222,245" oya="1" hai0="66,73,36,124,130,30,21,6,88,96,70,42,23" hai1="108,5,117,113,110,60,129,47,133,39,120,14,135" hai2="69,35,0,17,28,102,40,63,58,41,111,83,46" hai3="107,115,38,85,72,48,44,98,105,103,15,109,67"/><U57/><E120/><V74/><F69/><W100/><G115/><T9/><D73/><U49/><E113/><V95/><F0/><W22/><G72/><T61/><D124/><U50/><E117/><V13/><F111/><N who="1" m="42537" /><E5/><V123/><F123/><W91/><G67/><T4/><D4/><U3/><E3/><V101/><F83/><W80/><G38/><T131/><D30/><U118/><E14/><V92/><F41/><W93/><G109/><T81/><D42/><N who="1" m="23007" /><E118/><V106/><F13/><W11/><G22/><T64/><D36/><U77/><E77/><V19/><F35/><W112/><G112/><T134/><D9/><U29/><E29/><V82/><F28/><W33/><G33/><T76/><D6/><U127/><E127/><V86/><F19/><N who="3" m="8703" /><G107/><T126/><D76/><U20/><E20/><V75/><F17/><W51/><G105/><T104/><D104/><U55/><E129/><V128/><F106/><W90/><G51/><AGARI ba="1,0" hai="49,50,51,55,57,60,133,135" m="23007,42537" machi="51" ten="30,11600,0" yaku="14,1,10,1,34,2" doraHai="31" who="1" fromWho="3" sc="229,0,304,119,222,0,245,-119" /><INIT seed="1,2,0,2,0,60" ten="229,423,222,126" oya="1" hai0="84,54,56,108,100,61,129,65,32,50,59,47,44" hai1="133,29,87,115,9,128,14,39,118,102,40,49,112" hai2="124,35,109,58,74,116,70,107,89,103,78,13,82" hai3="117,15,83,101,95,96,41,90,8,131,121,17,93"/><U26/><E118/><V79/><F35/><W36/><G121/><T69/><D32/><U5/><E128/><V113/><F70/><W27/><G131/><T33/><D33/><U104/><E133/><V18/><F58/><W0/><G117/><T75/><D75/><U53/><E39/><V85/><F116/><W25/><G0/><T6/><D6/><U98/><E40/><V45/><F109/><W114/><G114/><T34/><D34/><U80/><E26/><V122/><F122/><W64/><G83/><T71/><D100/><U110/><E29/><V73/><F45/><N who="0" m="17482" /><D84/><U31/><E31/><V42/><F42/><W23/><G36/><T67/><D108/><U12/><E12/><V66/><F124/><W126/><G126/><T111/><D111/><U46/><REACH who="1" step="1"/><E110/><REACH who="1" ten="229,413,222,126" step="2"/><V97/><F13/><W2/><G41/><T120/><D129/><U52/><E52/><V135/><F135/><W38/><G38/><T11/><D120/><U88/><AGARI ba="2,1" hai="5,9,14,46,49,53,80,87,88,98,102,104,112,115" machi="88" ten="20,7800,0" yaku="1,1,0,1,7,1,54,1,53,0" doraHai="60" doraHaiUra="91" who="1" fromWho="1" sc="229,-28,413,94,222,-28,126,-28" /><INIT seed="1,3,0,4,4,58" ten="201,507,194,98" oya="1" hai0="19,71,53,130,75,44,2,100,125,66,95,34,89" hai1="87,26,124,96,31,82,93,83,109,50,46,62,56" hai2="57,43,88,112,39,76,22,97,131,91,79,119,72" hai3="6,14,51,70,52,105,36,94,103,65,21,104,16"/><U33/><E124/><V10/><F119/><W107/><G36/><T90/><D34/><U7/><E7/><V78/><F72/><W49/><G49/><T73/><D2/><U126/><E126/><V111/><F111/><W108/><G108/><T32/><D32/><U92/><E109/><V17/><F131/><W68/><G6/><T48/><D100/><U1/><E1/><V64/><F10/><W67/><G68/><T115/><D115/><U15/><E15/><V8/><F8/><W24/><G24/><T25/><D130/><U27/><E27/><V59/><F59/><W120/><G120/><T133/><D133/><U135/><E135/><V77/><F77/><W85/><G70/><T116/><D116/><U106/><E106/><V23/><F97/><W5/><G5/><T47/><D47/><U28/><E28/><V118/><F112/><W114/><G114/><T41/><D90/><N who="2" m="34346" /><F17/><W61/><G61/><T37/><D71/><U4/><E4/><V60/><F118/><W69/><G69/><T29/><D19/><U54/><E96/><V3/><F3/><W13/><G104/><T9/><D73/><U98/><E98/><V30/><F30/><W86/><G105/><T38/><D75/><U74/><E74/><V80/><F80/><W55/><G107/><T63/><D9/><U40/><E83/><V81/><F81/><W102/><G102/><T12/><D29/><U121/><E121/><V35/><F35/><W110/><G103/><T45/><D125/><U42/><E82/><V101/><F101/><W84/><G110/><T134/><D134/><RYUUKYOKU ba="3,0" sc="201,-10,507,-10,194,30,98,-10" hai2="22,23,39,43,57,60,64,76,78,79" /><INIT seed="2,4,0,0,2,75" ten="191,497,224,88" oya="2" hai0="93,6,125,46,111,49,60,132,20,17,23,58,18" hai1="43,135,1,28,15,48,52,61,66,78,8,45,94" hai2="134,32,106,105,56,121,65,62,87,40,54,5,115" hai3="25,70,101,0,77,11,14,133,90,36,7,71,120"/><V63/><F121/><W119/><G120/><T22/><D111/><U80/><E1/><V126/><F115/><W83/><G119/><T84/><D125/><U68/><E28/><V3/><F32/><W118/><G118/><T37/><D37/><U103/><E103/><V29/><F29/><W55/><G133/><T122/><D6/><U47/><E94/><V110/><F40/><W99/><G90/><N who="0" m="53447" /><D132/><U59/><E135/><V30/><F30/><W82/><G82/><T41/><D122/><U31/><E31/><V108/><F134/><W127/><G127/><T100/><D100/><U53/><E53/><AGARI ba="4,0" hai="17,18,20,22,23,41,46,49,53,58,60" m="53447" machi="53" ten="30,1000,0" yaku="8,1" doraHai="75" who="0" fromWho="1" sc="191,22,497,-22,224,0,88,0" /><INIT seed="3,0,0,5,5,27" ten="213,475,224,88" oya="3" hai0="100,109,96,39,79,134,68,66,10,125,97,60,92" hai1="114,70,43,1,46,40,55,87,33,75,31,41,59" hai2="20,104,35,98,130,4,48,11,50,42,32,126,99" hai3="119,44,133,124,91,58,123,131,36,117,95,71,88"/><W108/><G123/><T89/><D39/><U67/><E1/><V7/><F130/><W37/><G71/><T13/><D109/><U26/><E75/><V30/><F126/><W132/><G131/><T65/><D134/><N who="3" m="51817" /><G124/><T74/><D66/><U34/><E34/><V94/><F104/><W57/><G108/><T22/><D22/><U127/><E87/><V120/><F120/><W24/><G91/><T25/><D25/><U61/><E114/><V116/><F116/><N who="3" m="44619" /><G24/><T106/><D125/><U129/><E129/><V90/><F90/><W19/><G19/><T18/><D79/><U80/><E127/><V107/><F107/><W8/><G8/><T16/><D74/><U38/><E80/><V72/><F72/><W112/><G112/><T0/><D0/><U121/><E121/><V9/><F11/><W56/><G44/><T62/><D62/><AGARI ba="0,0" hai="26,31,33,38,40,41,43,46,55,59,61,62,67,70" machi="62" ten="30,2000,0" yaku="7,1,52,1" doraHai="27" who="1" fromWho="0" sc="213,-20,475,20,224,0,88,0" /><INIT seed="4,0,0,1,1,19" ten="193,495,224,88" oya="0" hai0="106,85,62,91,47,80,29,58,36,97,69,70,84" hai1="53,109,94,135,21,64,48,95,57,131,76,119,24" hai2="108,10,41,55,45,13,14,112,32,118,26,59,42" hai3="107,68,77,71,6,27,115,104,110,7,101,17,49"/><T39/><D29/><U124/><E109/><V116/><F108/><W60/><G110/><T88/><D97/><U46/><E119/><N who="2" m="45611" /><F45/><W15/><G115/><T72/><D72/><U93/><E124/><V75/><F75/><W99/><G104/><T100/><D100/><U82/><E135/><V86/><F86/><W16/><G77/><T129/><D129/><U105/><E105/><V127/><F127/><W90/><G49/><T40/><D36/><U28/><E131/><V102/><F102/><W34/><G90/><T9/><D9/><U73/><E64/><V123/><F123/><W126/><G126/><T23/><D23/><U74/><E74/><V54/><F54/><W61/><G61/><T3/><D3/><U11/><E11/><V8/><F13/><W96/><G96/><T43/><D43/><N who="2" m="16394" /><F14/><W20/><G34/><T103/><D103/><U81/><E73/><V65/><F65/><W111/><G111/><T130/><D130/><U120/><E120/><V92/><F92/><W134/><G134/><T35/><D35/><U1/><E1/><V50/><F112/><W128/><G128/><T66/><REACH who="0" step="1"/><D106/><REACH who="0" ten="183,495,224,88" step="2"/><U83/><E28/><AGARI ba="0,1" hai="8,10,26,28,32,50,55,59" m="16394,45611" machi="28" ten="30,1000,0" yaku="12,1" doraHai="19" who="2" fromWho="1" sc="183,0,495,-10,224,20,88,0" /><INIT seed="5,0,0,1,2,8" ten="183,485,244,88" oya="1" hai0="12,81,80,120,124,123,73,38,118,91,87,51,134" hai1="58,90,49,20,64,17,63,132,112,122,36,47,89" hai2="82,26,125,57,102,119,54,56,83,32,72,74,116" hai3="31,94,108,109,39,71,1,70,35,3,40,121,113"/><U11/><E36/><V104/><F32/><W13/><G121/><T24/><D38/><U45/><E112/><V29/><F29/><W77/><G94/><T33/><D118/><U52/><E132/><V67/><F26/><W66/><G77/><T117/><D117/><U21/><E122/><V126/><F54/><W130/><G113/><T65/><D134/><U115/><E115/><V14/><F14/><W92/><G92/><T86/><D73/><U105/><E105/><V127/><F102/><W48/><G48/><T79/><D124/><U16/><E11/><V25/><F25/><W27/><G130/><T41/><D65/><U135/><E135/><V85/><F104/><W75/><G75/><N who="2" m="28713" /><F67/><W98/><G98/><T95/><D123/><U106/><E106/><V19/><F19/><N who="1" m="7241" /><E47/><V129/><F129/><W10/><G3/><T61/><D33/><U84/><E90/><N who="2" m="51511" /><F83/><AGARI ba="0,0" hai="20,21,45,49,52,58,63,64,83,84,89" m="7241" machi="83" ten="30,5800,0" yaku="8,1,54,2" doraHai="8" who="1" fromWho="2" sc="183,0,485,58,244,-58,88,0" /><INIT seed="5,1,0,3,4,39" ten="183,543,186,88" oya="1" hai0="73,101,45,29,32,110,9,94,105,95,109,58,103" hai1="21,89,131,119,106,48,34,134,18,129,133,25,98" hai2="93,80,76,5,115,17,70,116,126,55,64,108,91" hai3="84,114,56,88,20,8,63,30,127,130,72,14,99"/><U3/><E119/><V7/><F108/><W51/><G114/><T37/><D58/><U1/><E106/><V81/><F116/><W90/><G127/><T42/><D73/><U4/><E98/><V78/><F126/><W77/><G72/><T36/><D9/><U57/><E89/><V33/><F33/><W97/><G130/><N who="1" m="49674" /><E57/><V59/><F64/><W67/><G77/><N who="2" m="29801" /><F70/><W112/><G112/><T117/><D29/><U107/><E107/><V60/><F17/><W43/><G20/><T125/><D32/><U26/><E48/><V61/><F61/><W102/><G30/><T123/><D125/><U69/><E69/><V85/><F115/><W83/><G90/><T49/><D105/><U74/><E74/><V35/><F35/><W111/><G111/><T38/><D123/><U87/><E87/><V79/><N who="2" m="29809" /><V50/><DORA hai="135" /><F50/><W13/><G102/><T47/><D117/><U31/><E4/><AGARI ba="1,0" hai="4,5,7,55,59,60,80,81,85,91,93" m="29809" machi="4" ten="30,1000,0" yaku="8,1" doraHai="39,135" who="2" fromWho="1" sc="183,0,543,-13,186,13,88,0" /><INIT seed="6,0,0,2,4,21" ten="183,530,199,88" oya="2" hai0="104,25,81,97,123,91,35,6,67,43,34,100,134" hai1="37,122,111,52,118,85,72,12,32,10,101,65,53" hai2="0,130,54,98,8,60,59,75,2,109,131,117,51" hai3="132,116,38,66,124,69,15,115,17,14,70,106,78"/><V64/><F117/><W24/><G116/><T7/><D123/><U46/><E32/><V94/><F75/><W3/><G3/><T9/><D134/><U108/><E101/><V28/><F28/><W133/><G106/><T68/><D43/><U128/><E85/><V29/><F29/><W62/><G124/><T57/><D57/><U125/><E72/><V26/><F26/><W88/><G38/><T73/><D91/><U44/><E12/><V110/><F2/><W74/><G70/><T103/><D103/><U95/><E10/><V135/><F8/><W61/><G61/><N who="0" m="40047" /><D9/><U19/><E128/><N who="2" m="49195" /><F0/><W77/><G115/><T39/><D39/><U113/><E113/><V86/><F86/><W83/><G78/><N who="0" m="44239" /><D35/><U80/><E118/><V20/><F20/><N who="3" m="13327" /><G88/><T1/><D1/><U63/><E122/><V58/><F135/><AGARI ba="0,0" hai="14,15,62,66,69,74,77,83,132,133,135" m="13327" machi="135" ten="30,2000,0" yaku="20,1,52,1" doraHai="21" who="3" fromWho="2" sc="183,0,530,0,199,-20,88,20" /><INIT seed="7,0,0,3,1,2" ten="183,530,179,108" oya="3" hai0="113,4,71,133,85,134,115,23,70,88,51,38,7" hai1="87,26,55,48,81,63,106,32,22,128,5,120,83" hai2="13,21,73,0,119,49,59,29,126,35,82,123,10" hai3="28,19,61,8,45,117,24,40,78,114,92,135,98"/><W31/><G117/><T9/><D38/><U34/><E106/><V89/><F119/><W80/><G114/><N who="0" m="43531" /><D23/><U54/><E120/><V129/><F129/><W44/><G135/><N who="0" m="51723" /><D51/><U50/><E5/><N who="0" m="2121" /><D9/><U72/><E72/><V57/><F73/><W118/><G118/><T111/><D111/><U112/><E81/><AGARI ba="0,0" hai="70,71,81,85,88" m="2121,51723,43531" machi="81" ten="30,12000,2" yaku="15,1,11,1,20,1,52,3,54,1" doraHai="2" who="0" fromWho="1" sc="183,120,530,-120,179,0,108,0" owari="303,10.0,410,51.0,179,-22.0,108,-39.0" /></mjloggm>