<mjloggm ver="2.3"><GO type="97" lobby="0"/><UN n0="%E7%AC%AC%E4%BA%8C%E9%9F%B3%E6%A5%BD%E5%AE%A4" n1="%E5%B0%B1%E6%B4%BB%E7%94%9F%40%E5%B7%9D%E6%9D%91%E8%BB%8D%E5%9B%A3" n2="%72%69%79%72%66%72%61" n3="%73%75%61" dan="15,14,14,13" rate="1929.52,1979.73,1830.50,1875.52" sx="M,M,M,M"/><TAIKYOKU oya="0"/><INIT seed="0,0,0,2,5,129" ten="250,250,250,250" oya="0" hai0="80,84,77,30,46,83,55,65,5,100,48,107,74" hai1="35,34,71,91,101,118,19,72,120,133,2,38,13" hai2="110,105,104,128,102,82,7,90,111,119,94,96,117" hai3="54,76,41,106,16,93,50,115,0,116,75,58,124"/><T37/><D65/><U85/><E72/><V67/><F7/><W97/><G116/><N who="2" m="44617" /><F128/><W8/><G115/><T43/><D30/><U57/><E71/><V121/><F121/><W20/><G124/><T88/><D5/><U127/><E2/><V131/><F67/><W135/><G106/><T113/><D113/><U59/><E38/><V31/><F31/><W4/><G76/><T89/><D89/><U25/><E120/><V70/><F70/><W66/><G75/><T79/><D79/><U64/><E118/><V39/><F39/><W125/><G125/><T3/><D3/><U11/><E127/><V32/><F32/><W61/><G41/><T78/><D78/><U1/><E101/><V99/><F131/><W62/><G66/><T52/><REACH who="0" step="1"/><D37/><REACH who="0" ten="240,250,250,250" step="2"/><U47/><E1/><V126/><F126/><W6/><G6/><T103/><D103/><U33/><E64/><V69/><F69/><W23/><G23/><T68/><D68/><U130/><E130/><V63/><F104/><W108/><G20/><T134/><D134/><U122/><E133/><V92/><F105/><W49/><G135/><T29/><D29/><U56/><E122/><V112/><F112/><W44/><G4/><T132/><D132/><U109/><E109/><N who="2" m="41483" /><F82/><W26/><G0/><T15/><D15/><U24/><E25/><V27/><F27/><W21/><G108/><T87/><D87/><U86/><E24/><V18/><F102/><W95/><G26/><T98/><AGARI ba="0,1" hai="43,46,48,52,55,74,77,80,83,84,88,98,100,107" machi="98" ten="30,11700,0" yaku="1,1,0,1,54,2,53,0" doraHai="129" doraHaiUra="114" who="0" fromWho="0" sc="240,127,250,-39,250,-39,250,-39" /><INIT seed="0,1,0,5,5,8" ten="367,211,211,211" oya="0" hai0="111,32,33,112,62,9,104,72,110,6,125,87,115" hai1="13,65,70,52,19,22,57,45,121,93,7,95,28" hai2="117,3,18,83,1,76,0,21,36,75,46,73,114" hai3="108,128,71,91,50,63,27,107,77,74,102,41,2"/><T38/><D72/><U103/><E121/><V123/><F114/><W116/><G2/><N who="0" m="215" /><D104/><U80/><E70/><V25/><F123/><W98/><G116/><T40/><D87/><U84/><E65/><V113/><F113/><N who="0" m="43594" /><D62/><N who="1" m="36135" /><E45/><V37/><F117/><W82/><G108/><N who="0" m="41515" /><D125/><U15/><E103/><V78/><REACH who="2" step="1"/><F46/><AGARI ba="1,0" hai="32,33,38,40,46" m="41515,43594,215" machi="46" ten="30,5800,0" yaku="14,1,10,1,23,1" doraHai="8" who="0" fromWho="2" sc="367,61,211,0,211,-61,211,0" /><INIT seed="0,2,0,3,5,105" ten="428,211,150,211" oya="0" hai0="25,7,110,39,82,94,11,10,28,71,27,135,4" hai1="18,106,103,65,89,79,81,61,133,126,116,44,5" hai2="69,2,104,57,53,51,73,58,117,16,22,132,109" hai3="80,34,127,99,23,86,46,121,14,113,41,45,63"/><T19/><D71/><U64/><E116/><V87/><F132/><W29/><G113/><T32/><D39/><U50/><E133/><V72/><F109/><W21/><G121/><T112/><D112/><U31/><E126/><V88/><F104/><W74/><G127/><T75/><D135/><U118/><E118/><V128/><F128/><W52/><G34/><T6/><D94/><U43/><E31/><V35/><F35/><W54/><G29/><T1/><D82/><U9/><E89/><V42/><F69/><W107/><G107/><T108/><D75/><U40/><E40/><V8/><F117/><W98/><G14/><N who="0" m="7639" /><D27/><U85/><E18/><V12/><F58/><W131/><G131/><T114/><D114/><U124/><E124/><V96/><F42/><W130/><G130/><T70/><D70/><U56/><E103/><V24/><F96/><N who="3" m="36907" /><G74/><T13/><D1/><U30/><E30/><V97/><F97/><W62/><G41/><T123/><D123/><U76/><E106/><V119/><F119/><W95/><G95/><T102/><D102/><U91/><REACH who="1" step="1"/><E65/><REACH who="1" ten="428,201,150,211" step="2"/><V36/><F36/><W47/><G80/><T48/><D110/><U84/><E84/><V93/><REACH who="2" step="1"/><F2/><AGARI ba="2,1" hai="2,5,9,43,44,50,56,61,64,76,79,81,85,91" machi="2" ten="30,3900,0" yaku="1,1,7,1,53,1" doraHai="105" doraHaiUra="78" who="1" fromWho="2" sc="428,0,201,55,150,-45,211,0" /><INIT seed="1,0,0,5,1,78" ten="428,256,105,211" oya="1" hai0="7,47,56,117,39,69,53,38,58,90,125,20,73" hai1="121,83,124,25,60,101,64,81,37,67,22,112,44" hai2="82,108,76,48,72,45,62,35,36,79,66,15,49" hai3="61,14,21,13,2,106,42,88,86,93,122,24,31"/><U23/><E121/><V119/><F108/><W4/><G122/><T33/><D117/><U43/><E112/><V63/><F119/><W1/><G106/><T99/><D33/><U84/><E124/><V12/><F35/><W74/><G74/><T50/><D73/><U6/><E6/><V114/><F114/><W129/><G129/><T75/><D75/><U134/><E134/><V51/><F36/><W5/><G42/><T46/><D7/><U19/><E101/><V77/><F45/><W70/><G70/><T26/><D69/><U123/><E123/><V100/><F100/><W16/><G61/><T102/><D90/><U55/><E84/><V65/><F72/><W135/><G135/><T116/><D125/><U118/><E118/><V9/><F82/><W111/><G111/><T91/><D91/><U41/><E23/><V52/><F9/><N who="3" m="4263" /><G2/><T29/><D116/><U103/><E103/><V85/><F85/><W71/><G1/><T130/><D130/><U109/><E109/><V28/><F28/><W40/><G71/><T59/><REACH who="0" step="1"/><D47/><REACH who="0" ten="418,256,105,211" step="2"/><U97/><E97/><V115/><F115/><W17/><G5/><T32/><D32/><U3/><E3/><V126/><F126/><W0/><G0/><T10/><D10/><U27/><E44/><V94/><F94/><AGARI ba="0,1" hai="20,26,29,38,39,46,50,53,56,58,59,94,99,102" machi="94" ten="40,1300,0" yaku="1,1,53,0" doraHai="78" doraHaiUra="127" who="0" fromWho="2" sc="418,23,256,0,105,-13,211,0" /><INIT seed="2,0,0,1,0,95" ten="441,256,92,211" oya="2" hai0="53,96,0,6,113,41,11,98,55,135,48,108,31" hai1="36,122,116,117,39,105,47,119,58,65,14,29,73" hai2="45,34,103,42,10,68,123,61,7,24,72,104,3" hai3="63,69,52,25,64,38,74,1,67,78,132,134,111"/><V80/><F123/><W33/><G1/><T77/><D113/><U131/><E105/><V5/><F5/><W44/><G78/><T126/><D41/><U40/><E73/><V106/><F72/><W35/><G74/><T9/><D108/><U51/><E29/><V115/><F80/><W112/><G25/><T90/><D77/><U130/><E14/><V86/><F86/><W28/><G28/><T21/><D9/><U129/><E122/><V32/><F115/><W114/><G35/><T107/><D107/><U71/><E71/><V12/><F12/><W15/><G15/><T128/><D21/><U94/><E94/><V57/><F24/><W49/><G33/><T118/><D55/><U30/><E30/><V82/><F82/><W109/><G64/><T22/><D53/><U2/><E2/><V79/><F79/><W121/><G121/><T97/><D22/><U120/><E120/><V59/><F59/><W54/><G38/><T19/><D0/><U110/><E110/><N who="3" m="41994" /><G54/><T76/><D76/><U127/><E127/><V46/><F46/><W89/><G89/><T20/><D126/><U18/><E18/><V8/><F8/><W23/><G23/><T85/><D90/><U13/><E13/><V50/><F68/><W88/><G88/><T26/><D31/><U125/><E125/><V133/><F133/><AGARI ba="0,0" hai="44,49,52,63,67,69,112,114,132,133,134" m="41994" machi="133" ten="30,8000,1" yaku="20,1,14,1,34,2,54,1" doraHai="95" who="3" fromWho="2" sc="441,0,256,0,92,-80,211,80" /><INIT seed="3,0,0,2,5,52" ten="441,256,12,291" oya="3" hai0="35,89,135,74,97,126,115,119,67,92,23,111,39" hai1="76,102,132,17,37,36,58,45,15,103,65,66,110" hai2="62,128,57,134,129,33,122,120,53,14,60,80,93" hai3="10,71,83,82,1,38,50,121,47,2,32,73,43"/><W29/><G121/><T5/><D135/><U13/><E132/><V107/><F33/><W101/><G71/><T42/><D23/><U95/><E76/><V78/><F107/><W11/><G101/><T91/><D119/><U30/><E30/><V127/><F14/><W124/><G124/><T18/><D35/><U3/><E3/><V6/><F6/><W84/><G82/><T25/><D5/><U77/><E77/><V69/><F93/><W113/><G113/><T94/><D74/><U99/><E110/><V59/><F80/><W114/><G114/><T125/><D111/><U68/><E68/><V63/><F78/><W98/><G98/><T46/><D67/><U108/><E108/><V26/><F26/><W100/><G100/><N who="0" m="60455" /><D94/><U87/><E87/><V48/><F134/><W90/><G11/><T72/><D72/><U16/><E45/><V31/><F31/><W70/><G70/><T34/><D115/><U112/><E95/><V88/><F88/><W49/><G2/><T64/><D64/><U79/><E79/><V0/><F0/><W56/><G29/><N who="0" m="19759" /><D18/><U118/><E112/><V9/><F9/><W131/><G32/><T44/><D46/><U75/><E75/><V54/><F69/><W130/><G73/><T109/><D109/><U28/><E28/><V106/><F106/><W104/><G104/><T81/><D81/><U55/><E118/><V12/><F12/><W133/><G133/><T22/><D22/><U117/><E117/><V20/><F20/><W8/><G1/><T116/><D116/><U40/><E99/><V19/><F19/><RYUUKYOKU ba="0,0" sc="441,30,256,-10,12,-10,291,-10" hai0="39,42,44,89,91,125,126" owari="471,57.0,246,-15.0,2,-50.0,281,8.0" /></mjloggm>