<mjloggm ver="2.3"><GO type="97" lobby="0"/><UN n0="%E3%83%88%E3%83%88%E3%83%AA%E5%85%88%E7%94%9F%31%39%E6%AD%B3" n1="%E3%81%97%E3%82%87%E3%81%86%E3%82%8A%E3%82%93%E3%81%B9%E3%82%93" n2="%E3%83%A6%E3%83%AA%E3%82%B9" n3="%E3%81%B9%E3%81%91%E3%82%93" dan="15,14,14,13" rate="2032.37,1911.46,1910.62,1961.77" sx="F,M,M,M"/><TAIKYOKU oya="0"/><INIT seed="0,0,0,3,1,104" ten="250,250,250,250" oya="0" hai0="22,133,93,5,123,34,44,11,130,62,54,71,113" hai1="85,91,28,57,106,55,42,60,132,84,30,108,59" hai2="99,20,105,4,67,120,109,45,77,6,126,90,75" hai3="2,9,43,80,63,65,128,8,41,122,27,58,92"/><T10/><D34/><U68/><E106/><V134/><F120/><W94/><G122/><T56/><D123/><U89/><E132/><V12/><F134/><W116/><G116/><T35/><D35/><U73/><E108/><V66/><F109/><W51/><G2/><T118/><D133/><U3/><E68/><V102/><F126/><W76/><G27/><T64/><D118/><U110/><E3/><V29/><F45/><W33/><G33/><T69/><D113/><U26/><E73/><V40/><F40/><N who="3" m="15435" /><G51/><T88/><D130/><U97/><E42/><V114/><F114/><W129/><G8/><T127/><D127/><U1/><E1/><V18/><F29/><N who="1" m="11369" /><E26/><V16/><F18/><W111/><G9/><T125/><D125/><U101/><E101/><V74/><F90/><N who="1" m="34313" /><E97/><V14/><F77/><W50/><G111/><T124/><D124/><U70/><E70/><V61/><F67/><W95/><G128/><T13/><D11/><U81/><E81/><V103/><F103/><W72/><G129/><T36/><D22/><U47/><E47/><V32/><F32/><W83/><G83/><T100/><D100/><U82/><E82/><V7/><REACH who="2" step="1"/><F12/><REACH who="2" ten="250,250,240,250" step="2"/><W25/><G25/><T117/><D117/><U37/><E110/><V21/><F21/><W78/><G78/><T87/><D36/><U49/><E37/><V48/><F48/><W119/><G50/><N who="0" m="28999" /><D69/><AGARI ba="0,1" hai="4,6,7,14,16,20,61,66,69,74,75,99,102,105" machi="69" ten="40,8000,1" yaku="1,1,52,2,54,1,53,0" doraHai="104" doraHaiUra="115" who="2" fromWho="0" sc="250,-80,250,0,240,90,250,0" /><INIT seed="1,0,0,0,1,2" ten="170,250,330,250" oya="1" hai0="58,83,127,129,98,120,27,97,6,132,36,10,131" hai1="38,123,102,116,17,44,71,57,43,49,130,45,42" hai2="62,11,104,20,67,25,119,60,26,53,92,66,9" hai3="50,100,40,1,128,37,80,109,112,126,29,82,87"/><U115/><E102/><V108/><F104/><W54/><G112/><T103/><D120/><U47/><E17/><V91/><F119/><W32/><G1/><T21/><D36/><U24/><E24/><V77/><F77/><W107/><G109/><T118/><D118/><U134/><E116/><V110/><F110/><W28/><G37/><T121/><D121/><U63/><E123/><V70/><F108/><W0/><G0/><T106/><D132/><U23/><E23/><V93/><F26/><W46/><G126/><T3/><D127/><U68/><E115/><V88/><F53/><W14/><G14/><T79/><D58/><U4/><E4/><V41/><F41/><W18/><G18/><T122/><D97/><U31/><E31/><V12/><F12/><W64/><G64/><T135/><D122/><U133/><E130/><V94/><F11/><W105/><G128/><T96/><D96/><U89/><E89/><V34/><F9/><W69/><G69/><N who="1" m="26698" /><E44/><V56/><REACH who="2" step="1"/><F34/><REACH who="2" ten="170,250,320,250" step="2"/><W99/><G32/><T48/><D135/><U73/><E73/><V117/><F117/><W76/><G107/><T59/><D27/><U78/><E78/><V51/><F51/><N who="3" m="27079" /><G76/><T5/><D21/><U101/><E101/><V15/><F15/><W65/><G50/><T124/><D124/><U85/><E134/><V16/><AGARI ba="0,1" hai="16,20,25,56,60,62,66,67,70,88,91,92,93,94" machi="16" ten="30,7900,0" yaku="1,1,0,1,54,2,53,0" doraHai="2" doraHaiUra="75" who="2" fromWho="2" sc="170,-20,250,-39,320,89,250,-20" /><INIT seed="2,0,0,3,0,46" ten="150,211,409,230" oya="2" hai0="40,26,30,9,42,56,32,108,91,43,92,102,6" hai1="130,36,88,81,12,8,74,4,19,39,134,69,116" hai2="11,112,117,3,120,85,133,25,48,35,98,31,132" hai3="10,18,37,113,13,114,103,87,76,75,118,115,57"/><V135/><F120/><W23/><G118/><T1/><D108/><U5/><E116/><V66/><F117/><W60/><G37/><T77/><D102/><U44/><E134/><V124/><F112/><W0/><G103/><T49/><D77/><U50/><E130/><V21/><F124/><W79/><G75/><T28/><D28/><U67/><E39/><V107/><F66/><N who="3" m="39183" /><G87/><T111/><D111/><U84/><E74/><V62/><F62/><W16/><G0/><T106/><D106/><U110/><E110/><V80/><F98/><W58/><G58/><T52/><REACH who="0" step="1"/><D42/><REACH who="0" ten="140,211,409,230" step="2"/><U127/><E127/><V72/><F107/><W96/><G76/><T99/><AGARI ba="0,1" hai="1,6,9,26,30,32,40,43,49,52,56,91,92,99" machi="99" ten="20,12000,2" yaku="1,1,2,1,0,1,7,1,52,1,54,1,53,0" doraHai="46" doraHaiUra="119" who="0" fromWho="0" sc="140,130,211,-30,409,-60,230,-30" /><INIT seed="3,0,0,2,1,15" ten="270,181,349,200" oya="3" hai0="18,112,25,117,58,37,70,33,127,93,55,116,75" hai1="39,5,107,92,108,52,120,38,90,19,3,88,77" hai2="10,59,89,73,65,26,50,69,8,111,110,41,76" hai3="13,94,64,124,95,0,129,105,1,60,61,40,32"/><W119/><G119/><T48/><D75/><U123/><E77/><V79/><F69/><W43/><G32/><T16/><D70/><U135/><E107/><V53/><F65/><W54/><G105/><T122/><D37/><U68/><E68/><V14/><F41/><W7/><G54/><T113/><D122/><U87/><E108/><V97/><F26/><W125/><G13/><T46/><D127/><U84/><E135/><V45/><F45/><W109/><G7/><T131/><D131/><U101/><E101/><V36/><F36/><W21/><G21/><T51/><D93/><U82/><E120/><V9/><F14/><W96/><G96/><T34/><D117/><U80/><E92/><N who="2" m="56463" /><F73/><W99/><G99/><T98/><D98/><U71/><E71/><V56/><F59/><W29/><G29/><N who="0" m="19631" /><D34/><U132/><E132/><V104/><F104/><W134/><G134/><T66/><D116/><U86/><E87/><V30/><F30/><W23/><G23/><T35/><D35/><U78/><E78/><V28/><F28/><W115/><G129/><T49/><D66/><U44/><E123/><V11/><F11/><W6/><G109/><AGARI ba="0,0" hai="8,9,10,50,53,56,76,79,109,110,111" m="56463" machi="109" ten="30,1000,0" yaku="14,1" doraHai="15" who="2" fromWho="3" sc="270,0,181,0,349,10,200,-10" owari="270,7.0,181,-32.0,359,46.0,190,-21.0" /></mjloggm>