<mjloggm ver="2.3"><GO type="169" lobby="0"/><UN n0="%E3%82%A6%E3%83%AB%E3%83%88%E3%83%A9%E7%AB%8B%E7%9B%B4" n1="%E3%82%A2%E3%83%83%E3%83%97%E3%83%AB%E3%82%B0%E3%83%9F" n2="%E3%83%95%E3%82%A7%E3%83%AB%E3%83%8A%E3%83%B3%E3%83%89" n3="%E3%83%8A%E3%82%AB%E3%83%9E%E3%82%B9%E3%83%86%E3%82%A3%E3%83%95" dan="17,17,16,16" rate="2153.78,2112.81,2121.59,2094.40" sx="M,M,M,M"/><TAIKYOKU oya="0"/><INIT seed="0,0,0,4,3,116" ten="250,250,250,250" oya="0" hai0="38,25,128,7,134,131,87,73,45,32,90,16,101" hai1="130,115,59,110,50,133,9,82,39,46,63,117,102" hai2="18,77,55,61,20,8,26,109,111,33,80,119,129" hai3="27,47,120,56,118,86,30,11,62,100,93,104,48"/><T44/><D73/><U40/><E117/><V52/><F119/><W36/><G118/><T88/><D134/><U23/><E133/><V17/><F33/><W98/><G36/><T3/><D101/><U78/><E110/><N who="2" m="41995" /><F129/><N who="0" m="49738" /><D38/><U112/><E130/><V1/><F61/><W96/><G11/><N who="0" m="2559" /><D32/><U43/><E102/><V125/><F125/><W54/><G86/><T34/><D34/><U122/><E9/><V15/><F1/><W135/><G120/><T91/><D87/><AGARI ba="0,0" hai="8,15,17,18,20,26,52,55,77,80,87" m="41995" machi="87" ten="30,2000,0" yaku="14,1,54,1" doraHai="116" who="2" fromWho="0" sc="250,-20,250,0,250,20,250,0" /><INIT seed="1,0,0,1,3,97" ten="230,250,270,250" oya="1" hai0="130,32,55,8,62,30,1,75,19,93,50,135,14" hai1="70,52,78,54,131,39,129,92,37,2,132,34,90" hai2="22,24,49,91,100,123,29,16,12,113,81,25,124" hai3="74,115,44,106,119,125,67,116,18,13,35,88,105"/><U108/><E34/><V98/><F123/><W89/><G35/><T57/><D130/><N who="1" m="49675" /><E70/><V85/><F124/><W43/><G74/><T71/><D135/><U9/><E132/><V99/><F113/><W112/><G125/><T38/><D38/><N who="1" m="14347" /><E78/><V59/><F29/><W4/><G4/><T87/><D75/><U128/><N who="1" m="49683" /><U33/><DORA hai="96" /><E33/><V47/><F59/><W6/><G6/><T73/><D73/><U11/><E108/><V133/><F133/><W86/><G67/><T27/><D1/><U68/><E68/><V7/><F7/><W95/><G89/><T79/><D71/><U5/><E9/><V121/><F121/><W107/><G112/><T103/><D79/><U10/><E10/><V111/><F111/><W36/><REACH who="3" step="1"/><G115/><REACH who="3" ten="230,250,270,240" step="2"/><T45/><D32/><U72/><E72/><V117/><F117/><W83/><G83/><T82/><D82/><U84/><AGARI ba="0,1" hai="2,5,11,52,54,84,90,92" m="14347,49683" machi="84" ten="50,4800,0" yaku="19,1,54,1" doraHai="97,96" who="1" fromWho="1" sc="230,-16,250,58,270,-16,240,-16" /><INIT seed="1,1,0,5,4,30" ten="214,308,254,224" oya="1" hai0="67,115,84,49,128,29,100,35,10,92,81,95,39" hai1="37,114,96,78,110,22,5,58,47,52,64,11,16" hai2="45,46,118,83,6,44,109,129,54,51,135,13,12" hai3="126,90,4,1,89,127,107,71,102,59,124,130,88"/><U62/><E114/><V133/><F118/><W75/><G71/><T76/><D39/><U65/><E110/><V38/><F6/><W56/><G130/><T53/><D115/><U72/><E72/><V111/><F83/><W131/><G131/><T48/><D128/><U119/><E78/><V116/><F129/><W108/><G75/><T31/><D67/><U99/><E119/><V125/><F116/><W15/><G1/><T23/><D35/><U112/><E112/><V3/><F3/><W121/><G121/><T134/><D134/><N who="2" m="51210" /><F125/><W19/><G4/><T7/><D49/><N who="1" m="28735" /><E64/><V8/><F13/><W69/><G69/><T24/><D31/><U74/><E37/><V17/><F38/><W66/><G66/><T42/><D100/><U2/><E2/><V82/><F82/><W43/><G43/><T98/><D98/><N who="1" m="37419" /><E74/><V14/><F14/><W61/><G108/><AGARI ba="1,0" hai="8,12,17,44,45,46,51,54,108,109,111" m="51210" machi="108" ten="30,2000,0" yaku="14,1,20,1" doraHai="30" who="2" fromWho="3" sc="214,0,308,0,254,23,224,-23" /><INIT seed="2,0,0,1,0,117" ten="214,308,277,201" oya="2" hai0="73,62,91,48,41,77,12,53,115,0,15,13,104" hai1="100,4,46,98,108,101,23,6,131,106,70,87,51" hai2="110,32,21,130,83,78,111,109,103,19,123,85,54" hai3="132,125,59,122,9,94,86,93,14,30,96,114,3"/><V52/><F32/><W74/><G74/><T7/><D115/><U66/><E108/><V133/><F133/><W47/><G114/><T42/><D104/><U81/><E101/><V56/><F130/><W22/><G125/><T92/><D62/><U80/><E131/><V71/><F71/><W58/><G132/><T38/><D38/><U79/><E66/><V67/><F103/><W128/><G128/><T28/><D28/><U65/><E65/><V18/><F123/><W99/><G122/><T44/><D77/><U2/><E70/><V112/><F112/><W102/><G86/><T60/><D73/><U40/><E2/><V76/><F76/><W121/><G121/><T72/><D72/><U35/><E35/><V25/><F19/><W129/><G47/><T43/><D0/><U135/><E135/><V120/><F120/><W134/><G134/><T75/><D75/><U34/><E34/><V105/><F105/><W57/><G129/><T89/><D60/><AGARI ba="0,0" hai="18,21,25,52,54,56,60,67,78,83,85,109,110,111" machi="60" ten="40,7700,0" yaku="14,1,10,1,54,1" doraHai="117" who="2" fromWho="0" sc="214,-77,308,0,277,77,201,0" /><INIT seed="2,1,0,2,4,101" ten="137,308,354,201" oya="2" hai0="61,125,30,120,134,54,25,15,62,7,55,37,90" hai1="28,59,12,53,31,57,74,131,22,0,11,83,64" hai2="27,75,94,122,29,93,123,128,32,1,10,66,43" hai3="70,92,20,56,67,14,17,18,35,46,72,63,8"/><V109/><F75/><W104/><G104/><T106/><D125/><U6/><E131/><V3/><F128/><W23/><G35/><T112/><D112/><U26/><E64/><V52/><F43/><W60/><G72/><T42/><D120/><U111/><E111/><V38/><F38/><W48/><G92/><T68/><D134/><U73/><E31/><V2/><F66/><W86/><G86/><T47/><D106/><U33/><E83/><V21/><F109/><W107/><G107/><T84/><D68/><U126/><E126/><V132/><F132/><W81/><G81/><T103/><D103/><U115/><E115/><V45/><F10/><W129/><G129/><T117/><D117/><U36/><E36/><V39/><F32/><W99/><G99/><T95/><D55/><U5/><E59/><V16/><F29/><W108/><G108/><T4/><D54/><U71/><E71/><V19/><F19/><W105/><G105/><T77/><D77/><U13/><E13/><V78/><F78/><W116/><G116/><T76/><D76/><U133/><E6/><V96/><F94/><W110/><G110/><T34/><REACH who="0" step="1"/><D15/><REACH who="0" ten="127,308,354,201" step="2"/><U40/><E133/><V127/><F127/><W69/><G60/><AGARI ba="1,1" hai="4,7,25,30,34,37,42,47,60,61,62,84,90,95" machi="60" ten="40,2600,0" yaku="1,1,2,1,53,0" doraHai="101" doraHaiUra="97" who="0" fromWho="3" sc="127,39,308,0,354,0,201,-29" /><INIT seed="3,0,0,4,0,110" ten="166,308,354,172" oya="3" hai0="3,44,105,46,128,106,67,66,60,61,40,121,88" hai1="99,70,53,10,124,117,80,107,33,134,59,5,52" hai2="84,90,77,74,56,35,37,69,13,24,87,119,28" hai3="16,12,20,132,45,55,15,118,11,31,111,98,43"/><W26/><G118/><T83/><D3/><U122/><E70/><V94/><F69/><W115/><G115/><T93/><D83/><U36/><E36/><V100/><F119/><W65/><G65/><T47/><D40/><U27/><E122/><V78/><F74/><W38/><G111/><T102/><D121/><U81/><E117/><V101/><F37/><W108/><G108/><T79/><D79/><U30/><E124/><V54/><F13/><W96/><G132/><T91/><D102/><U109/><E134/><V6/><F6/><W120/><G120/><T131/><D47/><U125/><E125/><V71/><F71/><W75/><G75/><T1/><D1/><U8/><E109/><V49/><F78/><W103/><G103/><T29/><D29/><U18/><E18/><V7/><F7/><W68/><G68/><T113/><D93/><U25/><E25/><V64/><F64/><W123/><G123/><T85/><D85/><U39/><E39/><V22/><REACH who="2" step="1"/><F35/><REACH who="2" ten="166,308,344,172" step="2"/><W95/><G15/><T126/><REACH who="0" step="1"/><D126/><REACH who="0" ten="156,308,344,172" step="2"/><U50/><E33/><V133/><F133/><W41/><G38/><T130/><D130/><U2/><E2/><V112/><F112/><AGARI ba="0,2" hai="44,46,60,61,66,67,88,91,105,106,112,113,128,131" machi="112" ten="25,12000,2" yaku="1,1,22,2,52,2,54,1,53,0" doraHai="110" doraHaiUra="73" who="0" fromWho="2" sc="156,140,308,0,344,-120,172,0" /><INIT seed="4,0,0,0,1,124" ten="296,308,224,172" oya="0" hai0="85,96,82,24,2,130,19,106,123,46,122,21,59" hai1="80,102,11,116,3,39,47,97,119,74,126,34,22" hai2="65,77,90,45,111,109,55,42,25,98,67,66,10" hai3="20,105,68,94,75,35,5,44,56,57,49,64,92"/><T40/><D2/><U27/><E126/><V104/><F77/><W52/><G75/><T58/><D58/><U43/><E34/><V13/><F55/><W14/><G35/><T79/><D59/><U69/><E69/><V101/><F25/><W112/><G105/><T53/><D53/><U62/><E62/><V29/><F29/><W17/><G112/><T99/><D130/><U32/><E32/><V61/><F90/><W63/><G5/><T51/><REACH who="0" step="1"/><D106/><REACH who="0" ten="286,308,224,172" step="2"/><U135/><E3/><V107/><F107/><W31/><G31/><T114/><D114/><U54/><E54/><V6/><REACH who="2" step="1"/><F61/><REACH who="2" ten="286,308,214,172" step="2"/><W87/><G44/><T131/><D131/><U41/><E47/><V121/><F121/><AGARI ba="0,2" hai="19,21,24,40,46,51,79,82,85,96,99,121,122,123" machi="121" ten="40,7700,0" yaku="1,1,53,2" doraHai="124" doraHaiUra="95" who="0" fromWho="2" sc="286,97,308,0,214,-77,172,0" /><INIT seed="4,1,0,0,1,134" ten="383,308,137,172" oya="0" hai0="21,45,34,71,5,61,70,117,127,73,75,63,87" hai1="8,40,23,38,9,12,26,32,78,6,2,53,57" hai2="96,56,135,97,49,42,118,41,98,79,20,65,90" hai3="124,25,18,55,74,88,47,126,48,108,17,44,77"/><T114/><D34/><U93/><E78/><V110/><F110/><W67/><G108/><T115/><D5/><U123/><E123/><V91/><F135/><W28/><G67/><T1/><D1/><U22/><E32/><V81/><F118/><W13/><G47/><T129/><D21/><U3/><E38/><V133/><F133/><W29/><G88/><N who="2" m="33833" /><F20/><N who="3" m="13463" /><G77/><T131/><D45/><U7/><E40/><V119/><F119/><W33/><G74/><T51/><D117/><U121/><E93/><V72/><F72/><W92/><G92/><T30/><D51/><U59/><E121/><V102/><F102/><W69/><G69/><T113/><D113/><U128/><E128/><V85/><F49/><W125/><G33/><T16/><D87/><U15/><E53/><V19/><F19/><W43/><G55/><T130/><D16/><U27/><AGARI ba="1,0" hai="2,3,6,7,8,9,12,15,22,23,26,27,57,59" machi="27" ten="25,3200,0" yaku="0,1,22,2" doraHai="134" who="1" fromWho="1" sc="383,-17,308,35,137,-9,172,-9" /><INIT seed="5,0,0,0,1,32" ten="366,343,128,163" oya="1" hai0="112,12,52,121,7,116,0,104,8,82,89,72,56" hai1="60,14,120,102,99,6,133,16,71,10,77,15,53" hai2="62,81,93,95,46,118,29,123,38,125,113,19,5" hai3="129,83,26,37,65,58,134,70,68,108,47,100,132"/><U122/><E133/><N who="3" m="51306" /><G100/><T90/><D116/><U44/><E77/><V84/><F118/><W119/><G83/><T97/><D112/><U127/><E127/><V80/><F123/><W128/><G26/><T111/><D111/><U30/><E30/><V88/><F125/><W23/><G23/><T17/><D121/><U67/><E44/><V31/><F113/><W24/><G24/><T35/><D35/><U94/><REACH who="1" step="1"/><E53/><REACH who="1" ten="366,333,128,163" step="2"/><V76/><F31/><W39/><G119/><T49/><D72/><U73/><E73/><V74/><F29/><W1/><G108/><T101/><D82/><U115/><E115/><V33/><F76/><W79/><G79/><T86/><D86/><U18/><E18/><V110/><F19/><W43/><G37/><T103/><D103/><U28/><E28/><V107/><F38/><W66/><G58/><T20/><AGARI ba="0,1" hai="0,7,8,12,17,20,49,52,56,89,90,97,101,104" machi="20" ten="20,5200,0" yaku="0,1,7,1,52,1,54,1" doraHai="32" who="0" fromWho="0" sc="366,62,333,-26,128,-13,163,-13" /><INIT seed="6,0,0,0,0,46" ten="428,307,115,150" oya="2" hai0="33,64,20,31,126,91,85,129,11,4,49,86,134" hai1="66,43,120,133,2,80,12,41,112,40,113,17,109" hai2="18,27,90,114,39,94,68,14,37,22,95,118,122" hai3="89,21,67,71,36,60,93,105,83,81,42,0,98"/><V103/><F118/><W79/><G0/><T59/><D33/><U106/><E2/><V29/><F122/><W48/><G36/><T97/><D126/><U111/><E106/><V9/><F68/><W35/><G35/><T72/><D72/><U54/><E80/><V50/><F114/><N who="1" m="44137" /><E120/><V16/><F50/><W24/><G105/><T124/><D124/><U77/><E77/><V61/><F61/><W32/><G32/><T51/><D134/><U55/><E133/><V102/><F29/><W23/><G81/><T3/><D129/><U25/><E25/><V63/><F63/><W44/><REACH who="3" step="1"/><G24/><REACH who="3" ten="428,307,115,140" step="2"/><T128/><D3/><U132/><E132/><V8/><F8/><W47/><G47/><T87/><D128/><U104/><E104/><V101/><REACH who="2" step="1"/><F95/><REACH who="2" ten="428,307,105,140" step="2"/><W52/><G52/><N who="1" m="20010" /><E66/><V78/><F78/><W57/><G57/><T73/><D59/><U119/><E119/><V65/><F65/><W70/><G70/><T130/><D64/><U45/><E45/><V58/><F58/><W96/><G96/><AGARI ba="0,2" hai="9,14,16,18,22,27,37,39,90,94,96,101,102,103" machi="96" ten="40,3900,0" yaku="1,1,54,1,53,0" doraHai="46" doraHaiUra="127" who="2" fromWho="3" sc="428,0,307,0,105,59,140,-39" /><INIT seed="6,1,0,1,1,89" ten="428,307,164,101" oya="2" hai0="54,112,116,108,100,68,85,88,46,41,79,124,43" hai1="119,35,102,8,42,118,107,129,103,4,121,95,63" hai2="13,115,92,114,44,62,90,126,53,36,31,30,61" hai3="26,40,28,78,74,80,67,60,2,58,17,59,33"/><V125/><F13/><W84/><G2/><T34/><D34/><U14/><E35/><V75/><F75/><W94/><G40/><T56/><D68/><U123/><E42/><N who="2" m="22599" /><F53/><W71/><G17/><T101/><D79/><U134/><E107/><V128/><F128/><W37/><G37/><T76/><D76/><U66/><E129/><V5/><F5/><W70/><G70/><T48/><D116/><U135/><E102/><V133/><F133/><N who="1" m="50697" /><E63/><N who="2" m="24075" /><F31/><W109/><G109/><T96/><D96/><N who="1" m="59807" /><E66/><V27/><F27/><W132/><REACH who="3" step="1"/><G132/><REACH who="3" ten="428,307,164,91" step="2"/><T82/><D43/><U130/><E130/><V98/><F30/><W52/><G52/><T49/><D54/><U120/><AGARI ba="1,1" hai="4,8,14,118,119,120,121,123" m="59807,50697" machi="120" ten="40,5200,0" yaku="13,1,20,1,52,1" doraHai="89" who="1" fromWho="1" sc="428,-14,307,65,164,-27,91,-14" /><INIT seed="7,0,0,2,3,2" ten="414,372,137,77" oya="3" hai0="13,46,57,10,15,72,125,97,123,56,92,25,134" hai1="124,95,111,59,94,5,23,49,11,130,64,75,83" hai2="88,14,128,117,104,50,110,78,103,3,12,60,119" hai3="93,39,96,99,126,112,73,71,22,108,16,109,29"/><W35/><G73/><T40/><D72/><U102/><E111/><V28/><F110/><W6/><G39/><T18/><D123/><U58/><E130/><V51/><F3/><W132/><G112/><T122/><D122/><U41/><E124/><V55/><F128/><W36/><G126/><T77/><D77/><U32/><E32/><V106/><F55/><W79/><G36/><T87/><D87/><U113/><E113/><V68/><F78/><W53/><G71/><T42/><D25/><U129/><E129/><V91/><F60/><W1/><G132/><T127/><D134/><U47/><E83/><V114/><F114/><W70/><G70/><T26/><D26/><U0/><E75/><V19/><F19/><W48/><G79/><T61/><D61/><U34/><E34/><V27/><F27/><N who="3" m="18879" /><G53/><T45/><D42/><U86/><E64/><V81/><F68/><W20/><G48/><T107/><D40/><U8/><E23/><N who="3" m="8746" /><G16/><T9/><D92/><U90/><REACH who="1" step="1"/><E11/><REACH who="1" ten="414,362,137,77" step="2"/><V135/><F135/><W52/><G52/><T33/><D10/><U66/><E66/><V85/><F81/><W80/><G80/><T82/><D9/><U43/><E43/><V4/><F119/><W116/><G116/><T100/><D82/><U133/><E133/><V105/><F117/><W67/><G67/><T74/><D74/><U30/><E30/><V76/><F28/><W62/><G62/><T84/><D127/><U131/><E131/><V21/><F76/><W54/><G54/><T101/><D125/><U31/><E31/><V17/><F51/><W69/><G69/><RYUUKYOKU ba="0,1" sc="414,-10,362,30,137,-10,77,-10" hai1="0,5,8,41,47,49,58,59,86,90,94,95,102" owari="414,51.0,392,19.0,127,-27.0,67,-43.0" /></mjloggm>