<mjloggm ver="2.3"><GO type="41" lobby="0"/><UN n0="%E9%9B%80%E6%98%8E%E8%8F%AF%EF%BC%A0%E8%87%A8%E6%B5%B7%E5%A5%B3%E5%AD%90" n1="%6F%2D%70%61%72%74%73" n2="%E5%B0%B1%E6%B4%BB%E7%94%9F%40%E5%B7%9D%E6%9D%91%E8%BB%8D%E5%9B%A3" n3="%6D%6F%6E%69%6E%6F%6D%6F" dan="14,14,15,14" rate="1951.30,1867.93,1957.92,1934.13" sx="F,M,M,M"/><TAIKYOKU oya="0"/><INIT seed="0,0,0,4,0,108" ten="250,250,250,250" oya="0" hai0="92,61,29,110,68,121,98,129,135,8,100,7,101" hai1="40,119,116,69,134,65,43,64,132,37,31,5,106" hai2="1,63,46,27,71,85,45,113,130,112,74,48,42" hai3="18,73,14,82,105,123,114,86,0,25,80,4,81"/><T53/><D121/><U104/><E31/><V118/><F74/><W126/><G105/><T115/><D115/><N who="2" m="44106" /><F1/><W89/><G114/><T66/><D110/><U16/><E5/><V28/><F85/><W17/><G126/><T2/><D129/><U96/><E96/><V24/><F24/><W111/><G111/><T133/><D29/><U10/><E10/><V83/><F83/><W55/><G73/><T109/><D109/><U38/><REACH who="1" step="1"/><E69/><REACH who="1" ten="250,240,250,250" step="2"/><V3/><F28/><W50/><G4/><T34/><D34/><U107/><E107/><V131/><F3/><W57/><G0/><T78/><D2/><U91/><E91/><V75/><F75/><W58/><G123/><T20/><D7/><U67/><E67/><N who="2" m="41471" /><F27/><W35/><G35/><T56/><D8/><U23/><E23/><V49/><F118/><W59/><G25/><T47/><D20/><U97/><E97/><V39/><F39/><W94/><G18/><AGARI ba="0,1" hai="16,18,37,38,40,43,64,65,104,106,116,119,132,134" machi="18" ten="25,12000,2" yaku="1,1,22,2,54,1,53,2" doraHai="108" doraHaiUra="102" who="1" fromWho="3" sc="250,0,240,130,250,0,250,-120" /><INIT seed="1,0,0,3,4,2" ten="250,370,250,130" oya="1" hai0="94,21,26,130,121,55,52,18,50,54,29,11,95" hai1="109,96,35,90,60,72,67,92,16,93,119,85,44" hai2="53,51,65,104,129,27,66,19,64,30,13,48,12" hai3="28,117,126,88,111,75,87,1,105,114,9,57,23"/><U41/><E119/><V113/><F104/><W103/><G114/><T115/><D115/><U61/><E35/><V81/><F113/><W56/><G117/><T34/><D121/><U118/><E118/><V106/><F106/><W42/><G75/><T8/><D130/><U79/><E61/><V110/><F110/><W77/><G126/><T78/><D78/><U59/><E109/><V100/><F100/><W131/><G111/><T70/><D70/><U107/><E107/><V97/><F97/><W0/><G42/><T80/><D80/><U82/><E72/><V4/><F81/><W98/><G131/><T125/><D125/><U89/><E89/><V7/><F129/><W62/><G77/><T132/><D132/><U73/><E73/><V68/><F68/><W20/><G57/><T84/><D50/><N who="2" m="18986" /><F53/><W3/><G9/><T25/><REACH who="0" step="1"/><D95/><REACH who="0" ten="240,370,250,130" step="2"/><U45/><E93/><V47/><F47/><W134/><G134/><T135/><D135/><U102/><E44/><V71/><F71/><W14/><G56/><T127/><D127/><U37/><E79/><V10/><F13/><W76/><G76/><T17/><D17/><U120/><E120/><V63/><F63/><W33/><G62/><T112/><D112/><U46/><E46/><V39/><F39/><W116/><G116/><T24/><D24/><U32/><E32/><V6/><F30/><W128/><G14/><T36/><D36/><U99/><E37/><V74/><F74/><W49/><G49/><T124/><D124/><U38/><E16/><V86/><F27/><N who="3" m="18591" /><G128/><T69/><D69/><U108/><E108/><RYUUKYOKU ba="0,1" sc="240,0,370,0,250,0,130,0" hai0="8,11,18,21,25,26,29,34,52,54,55,84,94" hai1="38,41,45,59,60,67,82,85,90,92,96,99,102" hai2="4,6,7,10,12,19,64,65,66,86" hai3="0,1,3,20,23,87,88,98,103,105" /><INIT seed="1,1,1,4,5,135" ten="240,370,250,130" oya="1" hai0="88,7,119,131,30,105,109,0,74,60,48,34,36" hai1="2,54,16,39,82,25,50,8,62,56,90,84,96" hai2="76,108,41,24,81,87,83,89,12,32,110,103,128" hai3="46,102,3,31,10,20,29,5,114,9,73,28,130"/><U58/><E39/><V134/><F41/><W94/><G73/><T127/><RYUUKYOKU type="yao9" ba="1,1" sc="240,0,370,0,250,0,130,0" hai0="0,7,30,34,36,48,60,74,88,105,109,119,127,131" /><INIT seed="1,2,1,1,2,0" ten="240,370,250,130" oya="1" hai0="7,67,23,12,31,59,118,9,27,41,56,93,114" hai1="91,40,54,129,26,77,113,134,71,84,107,18,15" hai2="65,125,51,86,49,66,69,110,89,39,72,119,121" hai3="98,57,79,5,78,88,106,101,34,122,111,45,117"/><U1/><E113/><V44/><F72/><W120/><G34/><T52/><D118/><U83/><E107/><V37/><F119/><W38/><G117/><T73/><D114/><U109/><E109/><V28/><F121/><W99/><G111/><T85/><D73/><U80/><E129/><V13/><F51/><W75/><G57/><T82/><D41/><U24/><E71/><V21/><F125/><W43/><G78/><T58/><D93/><U35/><E35/><V60/><F65/><W115/><G115/><T33/><D67/><U102/><E102/><V30/><F30/><W16/><G5/><T63/><REACH who="0" step="1"/><D33/><REACH who="0" ten="230,370,250,130" step="2"/><U127/><E127/><V76/><F66/><W3/><G122/><T103/><D103/><U8/><E40/><V124/><F124/><W105/><G105/><T90/><AGARI ba="2,2" hai="7,9,12,23,27,31,52,56,58,59,63,82,85,90" machi="90" ten="20,12000,2" yaku="1,1,0,1,7,1,8,1,52,1,54,1,53,1" doraHai="0" doraHaiUra="11" who="0" fromWho="0" sc="230,146,370,-62,250,-32,130,-32" /><INIT seed="2,0,0,3,3,82" ten="376,308,218,98" oya="2" hai0="55,32,118,29,38,74,10,51,123,90,50,46,33" hai1="75,88,16,21,128,11,66,93,5,70,84,20,97" hai2="4,42,36,13,41,133,89,40,27,105,44,113,58" hai3="132,9,85,24,1,7,130,63,119,98,106,25,47"/><V79/><F105/><W19/><G119/><T91/><D38/><U131/><E75/><V102/><F113/><W30/><G132/><T127/><D123/><U108/><E108/><V76/><F133/><W26/><G47/><T8/><D74/><U120/><E120/><V28/><F102/><W39/><G39/><T135/><D127/><U71/><E66/><V92/><F44/><W103/><G130/><N who="1" m="49706" /><E21/><N who="2" m="15471" /><F36/><W87/><G19/><T100/><D100/><U112/><E112/><V14/><F58/><W104/><G104/><T95/><D118/><U64/><E64/><V2/><F2/><W116/><G116/><T15/><D135/><U3/><E97/><N who="2" m="57487" /><F13/><AGARI ba="0,0" hai="3,5,11,13,16,20,70,71,84,88,93" m="49706" machi="13" ten="30,7700,0" yaku="19,1,52,1,54,2" doraHai="82" who="1" fromWho="2" sc="376,0,308,77,218,-77,98,0" /><INIT seed="3,0,0,3,5,119" ten="376,385,141,98" oya="3" hai0="43,104,106,39,45,105,87,21,2,99,131,31,65" hai1="49,118,63,62,100,38,133,73,14,10,51,61,64" hai2="120,90,128,68,48,22,9,115,92,72,82,32,8" hai3="15,30,85,23,55,80,37,117,27,126,75,33,78"/><W53/><G117/><T59/><D131/><U127/><E118/><V4/><F32/><W35/><G37/><T13/><D2/><U112/><E73/><V98/><F68/><W54/><G126/><T97/><D87/><U113/><E127/><V81/><F115/><W91/><REACH who="3" step="1"/><G15/><REACH who="3" ten="376,385,141,88" step="2"/><T56/><D13/><U96/><E38/><V0/><F128/><W102/><G102/><T134/><D39/><U101/><E112/><V77/><F9/><W6/><G6/><T132/><D132/><U17/><E133/><V36/><F36/><W114/><G114/><T44/><D134/><U93/><E113/><V60/><F82/><AGARI ba="0,1" hai="23,27,30,33,35,53,54,55,75,78,80,82,85,91" machi="82" ten="40,3900,0" yaku="1,1,53,1" doraHai="119" doraHaiUra="83" who="3" fromWho="2" sc="376,0,385,0,141,-39,88,49" /><INIT seed="3,1,0,3,0,82" ten="376,385,102,137" oya="3" hai0="83,44,126,104,14,4,121,96,85,31,69,88,61" hai1="25,32,103,7,22,135,24,16,117,95,101,113,127" hai2="125,17,3,35,49,26,102,5,84,42,86,20,107" hai3="40,99,29,111,133,6,71,94,51,105,65,106,46"/><W72/><G72/><T8/><D121/><U93/><E113/><V70/><F70/><W132/><G6/><T90/><D126/><U0/><E127/><V59/><F125/><W54/><G29/><T10/><D31/><U97/><E117/><V19/><F35/><W28/><G28/><T50/><D10/><U34/><E135/><N who="3" m="51786" /><G40/><N who="0" m="24839" /><D104/><U66/><E66/><V75/><F75/><W109/><G65/><N who="0" m="41135" /><D96/><U118/><E118/><V1/><F1/><W128/><G71/><T53/><D53/><U123/><E123/><V57/><F3/><W89/><G128/><T27/><D27/><U114/><E114/><V13/><F5/><W119/><G119/><T58/><D58/><N who="2" m="22026" /><F102/><W12/><G12/><T52/><D52/><U43/><E25/><V79/><F107/><AGARI ba="1,0" hai="46,51,54,89,94,99,105,106,107,109,111" m="51786" machi="107" ten="40,2000,0" yaku="20,1" doraHai="82" who="3" fromWho="2" sc="376,0,385,0,102,-23,137,23" /><INIT seed="3,2,0,3,5,102" ten="376,385,79,160" oya="3" hai0="31,125,39,36,1,40,51,20,34,23,13,25,105" hai1="119,2,63,112,32,103,113,22,123,8,128,57,108" hai2="94,127,35,109,132,71,107,60,55,133,17,114,43" hai3="122,85,80,61,111,73,3,18,131,14,41,75,86"/><W93/><G3/><T46/><D125/><U118/><E108/><V47/><F35/><W77/><G41/><T130/><D130/><U26/><E103/><V96/><F114/><W72/><G61/><T16/><D1/><U66/><E128/><V50/><F109/><W100/><G131/><T45/><D105/><U29/><E123/><V30/><F127/><W68/><G68/><T82/><D82/><U48/><E48/><V88/><F30/><W28/><G28/><T115/><D115/><U4/><E22/><V74/><F74/><W70/><G70/><T69/><D69/><U83/><E83/><V134/><F17/><W33/><G33/><T116/><D116/><AGARI ba="2,0" hai="2,4,8,26,29,32,57,63,66,112,113,116,118,119" machi="116" ten="40,1300,0" yaku="12,1" doraHai="102" who="1" fromWho="0" sc="376,-19,385,19,79,0,160,0" /><INIT seed="4,0,0,4,5,26" ten="357,404,79,160" oya="0" hai0="3,74,4,88,91,30,62,75,28,34,86,87,72" hai1="1,69,39,134,10,50,107,103,129,126,93,109,0" hai2="60,42,111,29,19,85,67,33,15,95,105,49,71" hai3="106,23,117,44,73,108,56,54,18,132,12,27,65"/><T45/><D34/><U6/><E126/><V37/><F105/><W43/><G108/><T100/><D100/><U7/><E109/><V96/><F111/><W120/><G73/><T89/><D62/><U17/><E129/><V118/><F118/><W104/><G132/><T5/><D45/><U131/><E134/><V38/><F85/><N who="0" m="32266" /><D3/><U40/><E131/><V133/><F133/><W82/><G120/><T41/><D41/><U102/><E69/><V32/><F49/><W98/><G82/><T77/><D77/><U114/><E114/><V21/><F42/><W53/><G65/><T55/><D55/><U112/><E112/><V130/><F130/><W78/><G78/><T110/><D110/><U116/><E116/><V13/><F13/><W84/><G84/><T9/><D9/><U31/><E39/><V125/><F125/><W76/><G76/><T121/><D121/><U79/><E107/><V115/><F115/><W20/><G98/><T63/><D63/><U92/><E79/><V11/><F11/><W47/><G54/><T52/><D52/><U113/><E113/><V80/><F80/><W59/><G59/><T94/><D94/><U24/><E10/><V83/><F83/><W81/><G81/><T68/><D68/><U48/><E40/><V35/><F38/><W61/><G117/><T123/><D123/><U64/><E64/><V46/><F46/><N who="3" m="17451" /><G43/><T8/><D8/><U135/><E135/><V14/><F37/><W128/><G128/><T57/><D57/><U36/><E36/><V58/><F71/><W25/><G20/><T97/><D97/><RYUUKYOKU ba="0,0" sc="357,15,404,-15,79,-15,160,15" hai0="4,5,28,30,72,74,75,88,89,91" hai3="12,18,23,25,27,53,56,61,104,106" /><INIT seed="4,1,0,5,4,75" ten="372,389,64,175" oya="0" hai0="77,40,3,108,44,34,41,35,49,39,114,25,1" hai1="58,61,88,15,68,101,62,100,98,125,71,13,94" hai2="10,11,105,110,5,36,22,48,115,57,87,95,29" hai3="132,104,135,12,96,16,38,81,55,9,67,91,8"/><T31/><D114/><U109/><E109/><V24/><F105/><W56/><G67/><T131/><D108/><U17/><E125/><V113/><F36/><W127/><G38/><T45/><D131/><U76/><E76/><V130/><F110/><W93/><G127/><T28/><REACH who="0" step="1"/><D77/><REACH who="0" ten="362,389,64,175" step="2"/><U20/><E13/><V120/><F130/><W82/><G104/><T78/><D78/><U65/><REACH who="1" step="1"/><E71/><REACH who="1" ten="362,379,64,175" step="2"/><V134/><F115/><W23/><G135/><T70/><D70/><U37/><E37/><V47/><F134/><W18/><G132/><T50/><D50/><U64/><AGARI ba="1,2" hai="15,17,20,58,61,62,64,65,68,88,94,98,100,101" machi="64" ten="20,8000,1" yaku="1,1,0,1,7,1,54,1,53,1" doraHai="75" doraHaiUra="54" who="1" fromWho="1" sc="362,-41,379,103,64,-21,175,-21" /><INIT seed="5,0,0,3,4,128" ten="321,482,43,154" oya="1" hai0="70,109,127,39,107,133,117,32,63,73,16,95,112" hai1="58,120,37,13,118,131,116,45,79,122,40,35,105" hai2="81,121,103,44,0,99,134,57,8,110,26,80,97" hai3="23,85,55,135,20,101,130,111,50,41,15,102,65"/><U87/><E58/><V60/><F110/><W132/><G111/><T108/><D16/><U48/><E48/><V3/><F121/><W77/><G130/><T94/><D63/><U88/><E131/><V46/><F26/><W119/><G65/><T98/><D98/><U104/><E35/><V56/><F8/><W10/><G41/><T25/><D25/><U1/><E1/><V75/><F75/><W4/><G119/><N who="1" m="45610" /><E13/><V11/><F11/><W113/><G113/><T47/><D47/><U66/><E66/><V43/><F43/><W62/><G62/><T34/><D34/><U30/><E30/><V14/><F14/><W69/><G69/><T27/><D27/><U21/><E21/><N who="3" m="8266" /><G85/><T53/><D53/><U67/><E67/><V52/><F60/><W84/><G84/><T82/><D109/><U24/><E24/><V124/><F52/><W31/><G77/><T33/><D33/><U93/><E45/><V51/><F51/><W49/><G49/><T22/><D22/><U123/><E40/><V129/><F129/><W6/><G6/><T86/><D70/><U28/><E37/><V72/><F72/><W76/><G76/><T12/><D39/><U38/><E38/><V100/><REACH who="2" step="1"/><F124/><REACH who="2" ten="321,482,33,154" step="2"/><W71/><G71/><T64/><D127/><U9/><E120/><V126/><F126/><W91/><G31/><T19/><D108/><U125/><E28/><V18/><F18/><W17/><G17/><T114/><D19/><U59/><E125/><V78/><F78/><W89/><G50/><T92/><D64/><U61/><E122/><V7/><F7/><RYUUKYOKU ba="0,1" sc="321,-10,482,-10,33,30,154,-10" hai2="0,3,44,46,56,57,80,81,97,99,100,103,134" /><INIT seed="6,1,1,1,0,56" ten="311,472,63,144" oya="2" hai0="69,131,44,115,18,14,119,8,133,65,88,127,72" hai1="95,41,92,68,71,32,78,70,82,37,111,74,122" hai2="27,17,97,53,112,126,102,55,94,2,60,46,101" hai3="16,61,36,128,86,132,85,103,40,26,63,98,79"/><V106/><F2/><W83/><G128/><T19/><D131/><U113/><E111/><V93/><F126/><W33/><G36/><T29/><D127/><U13/><E113/><V90/><F112/><W100/><G40/><T15/><D115/><U42/><E122/><V66/><F94/><W52/><G132/><T59/><D69/><U34/><E13/><V6/><F6/><W22/><G33/><T121/><D121/><U12/><E12/><V84/><F46/><W0/><G0/><T30/><D72/><U4/><E4/><V7/><F7/><W80/><G98/><T57/><D133/><U104/><E104/><V35/><F101/><N who="3" m="38987" /><G52/><T21/><D119/><U77/><E70/><V108/><F108/><W105/><G105/><T124/><D124/><U99/><E99/><V123/><F123/><W25/><G25/><T28/><D44/><U38/><E82/><V54/><F35/><W116/><G116/><T120/><D120/><U130/><E130/><V75/><F75/><AGARI ba="1,1" hai="32,34,37,38,41,42,68,71,74,75,77,78,92,95" machi="75" ten="25,1600,0" yaku="22,2" doraHai="56" who="1" fromWho="2" sc="311,0,472,29,63,-19,144,0" /><INIT seed="7,0,0,2,2,101" ten="311,501,44,144" oya="3" hai0="98,34,2,26,135,51,129,110,117,32,108,131,88" hai1="103,102,0,96,99,29,73,42,60,20,76,81,133" hai2="22,8,120,45,124,24,86,85,109,37,21,121,47" hai3="87,33,27,75,122,28,48,91,119,56,116,30,113"/><W70/><G122/><N who="2" m="47209" /><F24/><W68/><G75/><T46/><D135/><U61/><E133/><V123/><N who="2" m="47217" /><V16/><DORA hai="64" /><F37/><W1/><G1/><T114/><D114/><U39/><E0/><V40/><F40/><W12/><G113/><T13/><D117/><U19/><E29/><V126/><F8/><W18/><G30/><T95/><D26/><U53/><E42/><V67/><F67/><W41/><G119/><T112/><D112/><U54/><E39/><V127/><F16/><W94/><G116/><T52/><D13/><U59/><E54/><V106/><F106/><W82/><G82/><T38/><D38/><U92/><E99/><V79/><F79/><W25/><G25/><T93/><D93/><U66/><E102/><V3/><F3/><W89/><G89/><T71/><D2/><U55/><E61/><V17/><F17/><W115/><G115/><T78/><D78/><U65/><E65/><V128/><F128/><N who="0" m="49226" /><D32/><U6/><E6/><V35/><F35/><W31/><G31/><T58/><D34/><U107/><E92/><V90/><F90/><W80/><G80/><T125/><D95/><U111/><E111/><V23/><F109/><W74/><G74/><T84/><D88/><U72/><E72/><V57/><F57/><W43/><G43/><T97/><D58/><U69/><E59/><V83/><F83/><W104/><G41/><T105/><D110/><U100/><E100/><V50/><F50/><W14/><G104/><T36/><D105/><U44/><E44/><V9/><F9/><N who="3" m="6415" /><G14/><AGARI ba="0,0" hai="14,19,20,53,55,60,66,69,73,76,81,96,103,107" machi="14" ten="30,3900,0" yaku="7,1,52,2" doraHai="101,64" who="1" fromWho="3" sc="311,0,501,39,44,0,144,-39" owari="311,11.0,540,64.0,44,-46.0,105,-29.0" /></mjloggm>