<mjloggm ver="2.3"><GO type="41" lobby="0"/><UN n0="%69%6B%65%73%69%40%4E%54" n1="%73%61%6D%6F%72%65%39" n2="%E5%B0%B1%E6%B4%BB%E7%94%9F%40%E5%B7%9D%E6%9D%91%E8%BB%8D%E5%9B%A3" n3="%75%72%61%73%61%6E" dan="13,13,14,13" rate="1865.74,1853.49,1969.23,2091.69" sx="M,M,M,M"/><TAIKYOKU oya="0"/><INIT seed="0,0,0,3,4,36" ten="250,250,250,250" oya="0" hai0="45,1,44,46,15,100,23,116,22,108,123,19,74" hai1="2,56,26,48,125,101,81,31,134,127,112,32,61" hai2="47,64,85,9,6,60,119,98,65,103,130,14,18" hai3="53,71,121,72,8,43,132,99,87,28,50,109,10"/><T0/><D116/><U106/><E2/><V67/><F130/><W7/><G72/><T113/><D74/><U21/><E134/><V55/><F119/><W117/><G71/><T12/><D123/><U5/><E5/><V88/><F6/><W27/><G117/><T105/><D108/><U16/><E112/><V95/><F47/><W3/><G109/><T86/><D86/><U97/><E48/><V4/><F4/><W54/><G132/><T63/><D63/><U41/><E41/><V82/><REACH who="2" step="1"/><F55/><REACH who="2" ten="250,250,240,250" step="2"/><W25/><G54/><T69/><D113/><U126/><E81/><V120/><F120/><W111/><G53/><T58/><D69/><AGARI ba="0,1" hai="9,14,18,60,64,65,67,69,82,85,88,95,98,103" machi="69" ten="30,7700,0" yaku="1,1,7,1,54,1,53,1" doraHai="36" doraHaiUra="80" who="2" fromWho="0" sc="250,-77,250,0,240,87,250,0" /><INIT seed="1,0,0,4,5,106" ten="173,250,327,250" oya="1" hai0="94,45,14,49,113,99,130,9,79,47,96,38,3" hai1="16,35,31,30,28,29,33,19,84,24,37,52,27" hai2="64,122,117,134,67,58,1,110,75,32,39,5,104" hai3="116,65,118,135,2,25,82,26,86,101,72,18,127"/><U63/><E37/><V13/><RYUUKYOKU type="yao9" ba="0,0" sc="173,0,250,0,327,0,250,0" hai2="1,5,13,32,39,58,64,67,75,104,110,117,122,134" /><INIT seed="1,1,0,4,1,134" ten="173,250,327,250" oya="1" hai0="131,95,114,2,48,127,60,101,22,72,65,99,63" hai1="62,77,91,132,49,20,34,14,27,33,133,54,66" hai2="25,42,94,126,8,70,56,75,86,90,96,103,115" hai3="117,112,130,50,4,67,119,122,5,36,71,13,116"/><U128/><E77/><V135/><F70/><W15/><G36/><T64/><D72/><U18/><E91/><V53/><F135/><N who="1" m="51785" /><E128/><V47/><F75/><W40/><G112/><T24/><D2/><U61/><E61/><V58/><F115/><W100/><G122/><T35/><D114/><U88/><E88/><V37/><F8/><W85/><G130/><T39/><D39/><U113/><E113/><V104/><F25/><W124/><G100/><T81/><D35/><U84/><E84/><V109/><F109/><W92/><G67/><T28/><D131/><U1/><E1/><V110/><F110/><W6/><G71/><T12/><D12/><N who="3" m="4681" /><G85/><T9/><D9/><U38/><E38/><V57/><REACH who="2" step="1"/><F126/><REACH who="2" ten="173,250,317,250" step="2"/><W31/><G124/><T44/><D127/><U120/><E27/><V74/><F74/><W129/><G129/><T106/><D106/><U46/><E120/><V82/><F82/><W69/><G69/><AGARI ba="1,1" hai="14,18,20,33,34,46,49,54,62,66,69" m="51785" machi="69" ten="30,1500,0" yaku="20,1" doraHai="134" who="1" fromWho="3" sc="173,0,250,28,317,0,250,-18" /><INIT seed="1,2,0,3,0,121" ten="173,278,317,232" oya="1" hai0="22,21,10,117,20,102,126,57,45,89,76,12,56" hai1="100,127,7,99,96,43,23,130,24,111,27,63,25" hai2="5,66,39,18,58,15,105,85,50,84,0,55,36" hai3="4,75,131,112,78,119,101,6,37,118,123,40,46"/><U103/><E43/><V64/><F105/><W128/><G123/><T124/><D117/><N who="3" m="44553" /><G112/><T97/><D76/><U87/><E7/><N who="3" m="2602" /><G101/><T71/><D71/><U49/><E49/><V8/><F39/><W114/><G114/><T60/><D89/><U94/><E87/><V35/><F35/><W44/><G46/><T113/><D113/><U83/><E83/><AGARI ba="2,0" hai="37,40,44,75,78,83,128,131" m="2602,44553" machi="83" ten="30,1000,0" yaku="12,1" doraHai="121" who="3" fromWho="1" sc="173,0,278,-16,317,0,232,16" /><INIT seed="2,0,0,3,4,23" ten="173,262,317,248" oya="2" hai0="64,13,134,96,130,6,125,33,53,20,19,46,44" hai1="89,80,41,4,112,66,94,101,48,107,42,43,120" hai2="118,91,63,49,54,38,16,34,111,15,106,87,93" hai3="104,56,88,27,55,57,31,51,29,59,98,32,18"/><V45/><F118/><W35/><G18/><T22/><D130/><U73/><E112/><V58/><F111/><W121/><G121/><T123/><D33/><U72/><E120/><V122/><F122/><W84/><G104/><T25/><D123/><U76/><E4/><V60/><F34/><W124/><G98/><T30/><D134/><U5/><E5/><V28/><F28/><W113/><G113/><T103/><D125/><U7/><E7/><V95/><F106/><W26/><G124/><T99/><D64/><U67/><E48/><V65/><F38/><W3/><G3/><T131/><D131/><U129/><E129/><V10/><REACH who="2" step="1"/><F63/><REACH who="2" ten="173,262,307,248" step="2"/><W69/><REACH who="3" step="1"/><G69/><REACH who="3" ten="173,262,307,238" step="2"/><T2/><D2/><U0/><E0/><V92/><AGARI ba="0,2" hai="10,15,16,45,49,54,58,60,65,87,91,92,93,95" machi="92" ten="20,18000,2" yaku="1,1,2,1,0,1,7,1,8,1,54,1,53,1" doraHai="23" doraHaiUra="11" who="2" fromWho="2" sc="173,-60,262,-60,307,200,238,-60" /><INIT seed="2,1,0,0,2,134" ten="113,202,507,178" oya="2" hai0="79,61,67,120,108,53,122,72,129,75,57,23,109" hai1="125,40,87,105,100,114,95,14,83,59,74,17,69" hai2="54,51,77,130,24,70,118,126,113,81,98,42,27" hai3="13,48,3,127,119,124,30,76,111,132,82,85,35"/><V99/><F118/><W39/><G39/><T11/><D129/><U78/><E69/><V1/><F1/><W128/><G3/><T84/><D11/><U115/><E40/><V88/><F70/><W66/><G119/><T21/><D84/><U93/><E59/><V41/><F113/><W29/><G128/><T36/><D36/><U68/><E68/><V33/><F33/><W44/><G111/><N who="0" m="42571" /><D79/><U0/><E0/><V65/><F65/><W103/><G132/><T6/><D6/><U20/><E125/><N who="3" m="48202" /><G66/><T73/><D67/><U64/><E64/><V94/><F126/><W52/><G35/><T63/><D63/><U101/><E101/><V5/><F5/><W71/><G71/><T26/><D23/><U58/><E58/><V2/><F2/><W91/><G103/><T8/><D8/><U4/><E4/><V97/><F130/><W43/><G43/><T34/><D34/><U49/><E49/><V25/><F42/><W123/><G123/><T133/><D133/><U32/><E32/><V104/><F41/><W37/><G37/><T22/><D22/><U89/><E95/><V80/><F104/><W110/><G110/><T18/><AGARI ba="1,0" hai="18,21,26,53,57,61,72,73,75,120,122" m="42571" machi="18" ten="40,1500,0" yaku="14,1" doraHai="134" who="0" fromWho="0" sc="113,18,202,-5,507,-8,178,-5" /><INIT seed="3,0,0,2,3,51" ten="131,197,499,173" oya="3" hai0="63,83,11,78,82,31,7,29,23,32,121,70,16" hai1="91,45,35,135,1,66,108,25,38,102,73,117,114" hai2="20,46,76,110,113,111,64,103,57,95,10,55,14" hai3="21,43,105,12,41,126,4,49,127,36,62,79,80"/><W124/><G36/><T90/><D121/><U60/><E102/><V9/><F113/><W85/><G105/><T125/><D125/><U120/><E66/><V47/><F76/><W97/><G97/><T93/><D70/><U129/><E25/><V94/><F64/><W84/><G84/><T99/><D63/><U59/><E45/><N who="2" m="16907" /><F20/><W8/><G49/><T71/><D71/><U100/><E91/><V37/><F37/><W118/><G118/><T112/><D112/><U48/><E48/><N who="2" m="30951" /><F10/><W67/><REACH who="3" step="1"/><G21/><REACH who="3" ten="131,197,499,163" step="2"/><T133/><D23/><U65/><E60/><V92/><F110/><W131/><G131/><T24/><D32/><U52/><E100/><V86/><F111/><W123/><G123/><T58/><D11/><U39/><E39/><V119/><F119/><W107/><G107/><T116/><D99/><U75/><E65/><V54/><F103/><W42/><G42/><T27/><D116/><U40/><E52/><V98/><F98/><W128/><G128/><T30/><D78/><U104/><E40/><V89/><F54/><W87/><G87/><T28/><D82/><U19/><E59/><AGARI ba="0,1" hai="4,8,12,41,43,59,62,67,79,80,85,124,126,127" machi="59" ten="40,3900,0" yaku="1,1,18,1,53,0" doraHai="51" doraHaiUra="106" who="3" fromWho="1" sc="131,0,197,-39,499,0,163,49" /><INIT seed="3,1,0,5,5,109" ten="131,158,499,212" oya="3" hai0="101,115,135,15,43,100,95,99,81,76,121,119,67" hai1="126,107,133,91,11,68,38,31,103,85,94,89,33" hai2="12,34,78,63,6,55,41,117,13,125,92,4,118" hai3="42,44,112,49,104,22,111,48,65,75,54,52,96"/><W61/><G75/><T3/><D3/><U46/><E68/><V32/><F78/><W69/><G111/><T79/><D67/><U113/><E113/><V40/><F92/><W90/><G112/><T18/><D43/><N who="2" m="16458" /><F55/><W1/><G1/><T110/><D115/><U124/><E38/><V88/><F88/><W80/><G104/><T87/><D119/><N who="2" m="45578" /><F63/><W29/><G42/><T84/><D110/><U120/><E46/><V70/><F70/><W7/><G7/><N who="2" m="2601" /><F125/><N who="1" m="48233" /><E11/><V23/><F23/><W57/><G96/><T74/><D18/><U47/><E47/><V19/><F19/><W35/><G35/><AGARI ba="1,0" hai="12,13,32,34,35" m="2601,45578,16458" machi="35" ten="40,2600,0" yaku="28,2" doraHai="109" who="2" fromWho="3" sc="131,0,158,0,499,29,212,-29" /><INIT seed="4,0,0,4,2,135" ten="131,158,528,183" oya="0" hai0="69,14,10,108,90,117,44,115,51,75,25,43,70" hai1="3,124,7,17,105,98,107,58,113,54,53,103,99" hai2="52,0,85,56,49,131,116,114,72,122,102,129,4" hai3="123,112,31,97,22,41,96,67,45,110,84,83,32"/><T73/><D117/><U5/><E3/><V91/><F72/><W65/><G110/><T81/><D115/><U50/><E113/><V77/><F114/><W64/><G112/><T37/><D108/><U33/><E33/><V127/><F127/><W13/><G32/><T88/><D25/><U79/><E79/><V119/><F122/><W48/><G123/><T80/><D37/><U12/><E124/><V109/><F109/><W6/><G6/><T93/><D90/><U38/><E38/><V74/><F102/><W47/><G47/><T2/><D2/><U8/><REACH who="1" step="1"/><E53/><REACH who="1" ten="131,148,528,183" step="2"/><V9/><F77/><W134/><G134/><T20/><D73/><U16/><E16/><V46/><F74/><W128/><G128/><N who="2" m="49225" /><F46/><W78/><G31/><T1/><D75/><U89/><E89/><V24/><F24/><W82/><G78/><T95/><D1/><U27/><E27/><V100/><F100/><AGARI ba="0,1" hai="5,7,8,12,17,50,54,58,98,99,100,103,105,107" machi="100" ten="40,2600,0" yaku="1,1,9,1,53,0" doraHai="135" doraHaiUra="111" who="1" fromWho="2" sc="131,0,148,36,528,-26,183,0" /><INIT seed="5,0,0,0,3,117" ten="131,184,502,183" oya="1" hai0="52,63,47,112,64,109,75,119,116,39,107,127,73" hai1="56,123,70,83,5,96,103,121,98,50,36,126,7" hai2="13,2,41,129,120,25,128,86,45,72,110,122,76" hai3="80,3,57,135,82,38,28,48,130,62,19,10,14"/><U24/><E36/><N who="2" m="21671" /><F110/><W89/><G38/><T77/><D107/><U106/><E70/><V20/><F13/><W9/><G130/><N who="2" m="50281" /><F72/><W1/><G135/><T131/><D109/><U40/><E24/><V17/><F2/><W31/><G48/><T46/><D131/><U102/><E83/><AGARI ba="0,0" hai="17,20,25,76,83,86,120,122" m="50281,21671" machi="83" ten="30,3900,0" yaku="19,1,52,2" doraHai="117" who="2" fromWho="1" sc="131,0,184,-39,502,39,183,0" /><INIT seed="6,0,0,0,3,4" ten="131,145,541,183" oya="2" hai0="66,59,96,99,111,8,81,0,57,32,79,12,112" hai1="49,35,132,27,78,41,133,25,135,90,113,53,62" hai2="39,86,21,69,83,24,56,11,37,107,47,14,77" hai3="116,100,110,40,109,60,70,89,3,131,50,16,31"/><V74/><F69/><W1/><G116/><T17/><D32/><U46/><E78/><V26/><F107/><W15/><G131/><T68/><D111/><U43/><E90/><V120/><F120/><W61/><G100/><T93/><D112/><U102/><E102/><V45/><F74/><W118/><G118/><T103/><D68/><U67/><E25/><N who="2" m="9835" /><F39/><W42/><G31/><T19/><D0/><U18/><E35/><V123/><F37/><W71/><G50/><T91/><D19/><U128/><E18/><N who="2" m="8543" /><F123/><W20/><G16/><T51/><D51/><U115/><E27/><V130/><F130/><W126/><G89/><T98/><D66/><U108/><E128/><V82/><F21/><W104/><G20/><T101/><D101/><U55/><E108/><V33/><F33/><W9/><G104/><T28/><D28/><U124/><E124/><V119/><F119/><W129/><G129/><T106/><REACH who="0" step="1"/><D99/><REACH who="0" ten="121,145,541,183" step="2"/><U58/><REACH who="1" step="1"/><E55/><REACH who="1" ten="121,135,541,183" step="2"/><V65/><F65/><W10/><REACH who="3" step="1"/><G126/><REACH who="3" ten="121,135,541,173" step="2"/><T23/><D23/><U92/><E92/><V134/><F134/><W36/><G36/><T127/><D127/><U2/><E2/><V105/><F105/><W117/><G117/><T75/><AGARI ba="0,3" hai="8,12,17,57,59,75,79,81,91,93,96,98,103,106" machi="75" ten="20,5200,0" yaku="1,1,0,1,7,1,52,1,53,0" doraHai="4" doraHaiUra="125" who="0" fromWho="0" sc="121,82,135,-13,541,-26,173,-13" /><INIT seed="7,0,0,3,3,37" ten="203,122,515,160" oya="3" hai0="65,132,117,100,129,125,45,108,91,112,4,131,43" hai1="9,92,12,29,33,89,25,83,32,105,98,30,79" hai2="95,60,86,133,18,85,114,120,99,82,20,64,123" hai3="113,97,77,7,15,71,47,52,51,72,38,101,41"/><W90/><G71/><T36/><D100/><U62/><E105/><V22/><F114/><W93/><G113/><T61/><D4/><U49/><E62/><V39/><F133/><W96/><G72/><T128/><D91/><U31/><E49/><V104/><F104/><W73/><G73/><T42/><D112/><U14/><E79/><V8/><F39/><W126/><G126/><T76/><D76/><U24/><E83/><V111/><F111/><W6/><G15/><T116/><D108/><U63/><E63/><V81/><F8/><W28/><G28/><T87/><D87/><N who="2" m="33290" /><F60/><W124/><G77/><T59/><D125/><U40/><E40/><V55/><F55/><W5/><G124/><T46/><REACH who="0" step="1"/><D132/><REACH who="0" ten="193,122,515,160" step="2"/><U75/><E75/><V26/><F64/><W13/><G101/><T80/><D80/><U69/><E69/><V10/><F10/><W2/><G2/><T107/><D107/><U102/><E89/><N who="2" m="55791" /><F22/><W70/><G6/><T121/><D121/><AGARI ba="0,1" hai="18,20,26,81,82,120,121,123" m="55791,33290" machi="121" ten="30,1000,0" yaku="13,1" doraHai="37" who="2" fromWho="0" sc="193,-10,122,0,515,20,160,0" owari="183,-2.0,122,-38.0,535,64.0,160,-24.0" /></mjloggm>