<mjloggm ver="2.3"><GO type="97" lobby="0"/><UN n0="%E6%B0%B4%E7%84%A1%E7%BF%A0" n1="%70%75%6E%69%73" n2="%67%75%70%70%79%39%38" n3="%E3%83%88%E3%83%88%E3%83%AA%E5%85%88%E7%94%9F%31%39%E6%AD%B3" dan="13,15,14,13" rate="1822.69,2043.46,1939.85,2066.42" sx="F,M,M,F"/><TAIKYOKU oya="0"/><INIT seed="0,0,0,1,4,40" ten="250,250,250,250" oya="0" hai0="23,76,82,74,3,115,111,83,109,48,84,47,130" hai1="61,121,128,42,10,80,116,21,75,28,63,52,89" hai2="12,131,65,45,16,14,77,8,22,70,0,9,31" hai3="81,98,50,91,79,41,105,29,123,5,110,122,102"/><T69/><D3/><U2/><E116/><V25/><F131/><W58/><G110/><N who="0" m="41995" /><D115/><U101/><E121/><N who="3" m="46090" /><G5/><T34/><D34/><U88/><E128/><V38/><F77/><W66/><G29/><T117/><D130/><U36/><E101/><V129/><F129/><W46/><G91/><N who="0" m="51607" /><D69/><U94/><E63/><V120/><F120/><W44/><G66/><T26/><D26/><U15/><E2/><V78/><F78/><W43/><G58/><T134/><D23/><U13/><E36/><V60/><F38/><N who="3" m="21559" /><G81/><T71/><D71/><U85/><E75/><V73/><F73/><W135/><G79/><T104/><D104/><U112/><E112/><V100/><F100/><W99/><G99/><T113/><D113/><U51/><E21/><V93/><F93/><W87/><G87/><T54/><D117/><U95/><E28/><V124/><F124/><W30/><G30/><T37/><D37/><U55/><E95/><V62/><F0/><W108/><G108/><T67/><D67/><U72/><E72/><V49/><F70/><W24/><G24/><T114/><D114/><U127/><E127/><V125/><F65/><W33/><G33/><T64/><D64/><U39/><E39/><V6/><REACH who="2" step="1"/><F125/><REACH who="2" ten="250,250,240,250" step="2"/><W20/><G105/><T97/><D97/><U68/><E68/><V106/><F106/><W107/><G107/><T133/><AGARI ba="0,1" hai="47,48,54,74,76,83,133,134" m="51607,41995" machi="133" ten="30,6000,0" yaku="14,1,10,1,52,1" doraHai="40" who="0" fromWho="0" sc="250,70,250,-20,240,-20,250,-20" /><INIT seed="0,1,0,4,2,89" ten="320,230,220,230" oya="0" hai0="125,28,97,21,135,5,47,18,56,88,78,83,52" hai1="66,6,131,101,10,54,61,126,22,29,127,114,60" hai2="119,26,75,1,76,35,113,128,122,0,38,8,24" hai3="40,73,132,15,90,34,70,108,79,93,16,51,7"/><T4/><D135/><U12/><E131/><V129/><F122/><W36/><G70/><T58/><D28/><U84/><E114/><V121/><F38/><W14/><G34/><T32/><D32/><U48/><E101/><V46/><F46/><N who="3" m="26055" /><G73/><T80/><D125/><N who="1" m="47627" /><E84/><V124/><F124/><W110/><G36/><T130/><D130/><N who="2" m="50282" /><F76/><W31/><G31/><T77/><D78/><U49/><E49/><V109/><F75/><W96/><G132/><T98/><D98/><U102/><E102/><V30/><F113/><W105/><G105/><T27/><D80/><U106/><E106/><V94/><F94/><W112/><G79/><T67/><D77/><U118/><E118/><V42/><F42/><W82/><G82/><T133/><D83/><U81/><E81/><V63/><F63/><W2/><G112/><T117/><D117/><U123/><E123/><V9/><F109/><W87/><G108/><T39/><D39/><U11/><E66/><V69/><F69/><W99/><G2/><N who="2" m="1129" /><F121/><W100/><G100/><T23/><D133/><U85/><E61/><V59/><F119/><W65/><G65/><T95/><D67/><U20/><E60/><V57/><F26/><W92/><G92/><T43/><D27/><U25/><E25/><V74/><F74/><W64/><G64/><T44/><D95/><U72/><E72/><V53/><F53/><W107/><G107/><T41/><D52/><U62/><E54/><V134/><F134/><W120/><G120/><T33/><D43/><U115/><E115/><V13/><F13/><W86/><G110/><T55/><D41/><RYUUKYOKU ba="1,0" sc="320,-10,230,-10,220,30,230,-10" hai2="8,9,24,30,35,57,59" /><INIT seed="1,2,0,5,2,117" ten="310,220,250,220" oya="1" hai0="108,88,113,67,135,19,64,86,59,66,103,36,52" hai1="47,122,63,32,92,8,70,82,38,110,35,61,84" hai2="20,33,116,91,28,3,121,14,90,75,24,55,100" hai3="93,128,72,50,21,9,2,5,115,46,45,16,30"/><U54/><E92/><V40/><F121/><W119/><G115/><T111/><D36/><U134/><E134/><V109/><F116/><W132/><G119/><T27/><D103/><U58/><E8/><V112/><F112/><W49/><G132/><T60/><D135/><U51/><E122/><V6/><F75/><W114/><G72/><T7/><D7/><U41/><E61/><V107/><F109/><N who="0" m="42058" /><D67/><N who="1" m="41343" /><E110/><V87/><F40/><W106/><G128/><T73/><D73/><U39/><E39/><V42/><F42/><W0/><G106/><T125/><D125/><U74/><E74/><V53/><F107/><W99/><G114/><T65/><D65/><U76/><AGARI ba="2,0" hai="32,35,38,41,47,51,54,58,76,82,84" m="41343" machi="76" ten="30,1500,0" yaku="24,1" doraHai="117" who="1" fromWho="1" sc="310,-7,220,21,250,-7,220,-7" /><INIT seed="1,3,0,2,2,49" ten="303,241,243,213" oya="1" hai0="5,9,100,126,105,46,127,68,88,33,20,129,53" hai1="42,1,63,107,27,35,90,45,121,0,25,84,89" hai2="44,94,67,95,70,69,74,111,12,72,112,62,37" hai3="34,102,117,39,80,66,8,73,59,23,103,3,61"/><U99/><E121/><V130/><F130/><W10/><G34/><T30/><D68/><U108/><E63/><V18/><F18/><W24/><G39/><T65/><D33/><U77/><E77/><V115/><F12/><W64/><G117/><T106/><D65/><U114/><E114/><N who="2" m="43563" /><F111/><W118/><G118/><T31/><D100/><U123/><E123/><V14/><F14/><W131/><G131/><T17/><D129/><U81/><E108/><V51/><F37/><W36/><G36/><T76/><D76/><U26/><E35/><V92/><F70/><W97/><G3/><T50/><D31/><U96/><E96/><V82/><F82/><W56/><G103/><T38/><D30/><U15/><E15/><V113/><N who="2" m="43571" /><V2/><DORA hai="135" /><F2/><W132/><G132/><T22/><D38/><U110/><E110/><V120/><F120/><W109/><G109/><T28/><D28/><U86/><E107/><V55/><AGARI ba="3,0" hai="44,51,55,62,67,69,72,74,92,94,95" m="43571" machi="55" ten="50,3200,0" yaku="11,1,52,1" doraHai="49,135" who="2" fromWho="2" sc="303,-11,241,-19,243,41,213,-11" /><INIT seed="2,0,0,4,4,77" ten="292,222,284,202" oya="2" hai0="99,23,97,34,45,126,133,88,29,40,92,72,46" hai1="119,43,44,96,94,24,63,114,15,104,128,0,47" hai2="2,18,32,30,26,42,21,89,60,38,107,51,93" hai3="76,28,101,84,118,4,69,82,75,86,13,48,121"/><V62/><F107/><W100/><G118/><T110/><D72/><U59/><E0/><V115/><F115/><W109/><G121/><T70/><D34/><U130/><E114/><V3/><F38/><W103/><G69/><T66/><D110/><U64/><E119/><V131/><F131/><N who="1" m="50217" /><E104/><V19/><F2/><W78/><G109/><T65/><D70/><U20/><E43/><V58/><F3/><W105/><G105/><T125/><D133/><U16/><E24/><V87/><F32/><W54/><G28/><T37/><D46/><U31/><E31/><V67/><F60/><W122/><G122/><T27/><D99/><U71/><E71/><V9/><F9/><N who="3" m="4263" /><G75/><T8/><D8/><U1/><E1/><V102/><REACH who="2" step="1"/><F102/><AGARI ba="0,0" hai="15,16,20,44,47,59,63,64,94,96,102" m="50217" machi="102" ten="30,2000,0" yaku="19,1,54,1" doraHai="77" who="1" fromWho="2" sc="292,0,222,20,284,-20,202,0" /><INIT seed="3,0,0,0,5,88" ten="292,242,264,202" oya="3" hai0="85,70,39,110,0,20,111,56,71,21,65,95,99" hai1="3,113,128,79,105,63,55,119,108,97,103,74,134" hai2="101,68,118,52,77,83,8,73,69,62,57,34,125" hai3="24,43,115,30,132,54,133,87,4,64,14,124,35"/><W112/><G64/><T92/><D39/><U117/><E3/><V2/><F118/><N who="1" m="45065" /><E55/><V106/><F34/><W10/><G43/><T29/><D0/><U50/><E50/><V67/><F125/><W59/><G87/><T82/><D21/><U47/><E47/><V25/><F25/><W120/><G124/><T129/><D129/><U32/><E63/><V16/><F67/><W135/><REACH who="3" step="1"/><G120/><REACH who="3" ten="292,242,264,192" step="2"/><T9/><D85/><U6/><E113/><V33/><F73/><W11/><G11/><T26/><D9/><U1/><E74/><V17/><F8/><W130/><G130/><T102/><D65/><U98/><E128/><V22/><F69/><W13/><G13/><T72/><D71/><U84/><E1/><V131/><F68/><W41/><G41/><T19/><D70/><U100/><E98/><V7/><F131/><W114/><G114/><T58/><D99/><U46/><E97/><V80/><F2/><W12/><G12/><T123/><D123/><U81/><E105/><V75/><F106/><W104/><G104/><T51/><D72/><U15/><E15/><V121/><F75/><W116/><G116/><T36/><D110/><U48/><E108/><V53/><F121/><W122/><G122/><T31/><D111/><U76/><E76/><V94/><F77/><W27/><G27/><T49/><D26/><U78/><E78/><V127/><F127/><W93/><G93/><T40/><D92/><U61/><E79/><V5/><F94/><W90/><G90/><T18/><D95/><U89/><E89/><V107/><F107/><W45/><G45/><RYUUKYOKU ba="0,1" sc="292,-10,242,-10,264,-10,192,30" hai3="4,10,14,24,30,35,54,59,112,115,132,133,135" /><INIT seed="3,1,1,1,3,48" ten="282,232,254,222" oya="3" hai0="79,39,66,42,20,132,76,133,57,7,73,88,33" hai1="68,29,107,115,111,125,102,60,91,52,104,3,46" hai2="11,18,50,110,64,38,36,131,43,100,85,83,21" hai3="17,89,63,103,74,30,45,78,25,123,67,31,53"/><W44/><G123/><T119/><D33/><U99/><E3/><V117/><F117/><W15/><G103/><T75/><D119/><U1/><E1/><V114/><F114/><W130/><G130/><T54/><D66/><U37/><E115/><V8/><F131/><W86/><G74/><T81/><D7/><U134/><E111/><V82/><F110/><W0/><G78/><N who="0" m="29739" /><D20/><U135/><E125/><V55/><F64/><W51/><G45/><N who="0" m="23775" /><D88/><U22/><E29/><V27/><F100/><W13/><G0/><T70/><D81/><U5/><E5/><V129/><F129/><W124/><G124/><T69/><D69/><U6/><E6/><V40/><F38/><W94/><G25/><T35/><D35/><U10/><E10/><N who="2" m="3627" /><F36/><W101/><G101/><T12/><D70/><U84/><E22/><V23/><F23/><N who="3" m="11695" /><G15/><T72/><D12/><U58/><E68/><V109/><F109/><W128/><G128/><T47/><D75/><U87/><E104/><V98/><F98/><W49/><G49/><N who="0" m="30927" /><D47/><U65/><E65/><V28/><F28/><W90/><G90/><T24/><D24/><U95/><REACH who="1" step="1"/><E87/><REACH who="1" ten="282,222,254,222" step="2"/><V62/><F85/><W97/><G86/><T4/><D4/><U113/><E113/><V92/><F21/><W14/><G14/><T26/><D73/><U116/><E116/><V106/><F106/><W121/><G121/><T80/><D72/><U96/><E96/><V108/><F108/><W32/><G32/><T105/><D105/><U19/><E19/><V122/><F18/><W112/><G112/><T126/><D126/><U77/><E77/><RYUUKYOKU ba="1,2" sc="282,-15,222,15,254,-15,222,15" hai1="37,46,52,58,60,84,91,95,99,102,107,134,135" hai3="30,31,44,51,53,63,67,89,94,97" /><INIT seed="3,2,2,5,5,29" ten="267,237,239,237" oya="3" hai0="50,100,54,105,9,52,116,74,20,84,79,132,30" hai1="27,66,58,127,33,124,128,122,21,112,14,96,5" hai2="86,62,60,61,47,22,69,125,117,23,115,13,16" hai3="133,87,114,94,130,90,67,77,78,118,28,120,102"/><W48/><G114/><T82/><D116/><U85/><E112/><V126/><F115/><W31/><G118/><T81/><D132/><U104/><E33/><V91/><F117/><W65/><G120/><T56/><D9/><U73/><E73/><V39/><F69/><W44/><G133/><T113/><D113/><U59/><E122/><V35/><F35/><W89/><G102/><T3/><D3/><U95/><E104/><V57/><F22/><W43/><G130/><T80/><D74/><U37/><E37/><V51/><F39/><W123/><G123/><T34/><D34/><U40/><E128/><V101/><F101/><W129/><G129/><T110/><D110/><U121/><E121/><V17/><F17/><W25/><G28/><T38/><D38/><U2/><E2/><V32/><F32/><W97/><G25/><N who="0" m="16679" /><D105/><U119/><E119/><V83/><REACH who="2" step="1"/><F57/><REACH who="2" ten="267,237,229,237" step="2"/><W12/><G31/><T15/><D100/><U36/><E36/><V71/><F71/><W0/><G0/><T93/><D56/><U75/><E59/><V49/><F49/><W92/><G12/><T1/><D50/><U103/><E58/><V45/><F45/><W108/><G108/><T135/><D15/><U41/><E14/><V26/><F26/><W24/><G24/><T68/><D68/><U42/><E27/><V131/><F131/><W106/><G106/><T10/><D1/><U4/><E103/><V88/><F88/><W134/><G134/><T19/><D135/><U46/><E46/><V98/><F98/><W111/><G111/><T55/><D79/><AGARI ba="2,3" hai="43,44,48,65,67,77,78,79,87,89,90,92,94,97" machi="79" ten="40,2000,0" yaku="8,1" doraHai="29" who="3" fromWho="0" sc="267,-26,237,0,229,0,237,56" /><INIT seed="3,3,0,0,0,100" ten="241,237,229,293" oya="3" hai0="130,118,108,24,35,40,54,16,92,13,28,1,90" hai1="21,37,22,71,113,74,125,67,79,82,56,98,20" hai2="96,55,124,66,69,51,15,99,9,27,120,62,129" hai3="38,103,49,52,91,75,114,95,107,122,36,70,81"/><W127/><G114/><T78/><D118/><U89/><E113/><V80/><F129/><W102/><G122/><T116/><D116/><U3/><E37/><V76/><F120/><W135/><G70/><T42/><D1/><U33/><E33/><V18/><F124/><W64/><G64/><T11/><D130/><U43/><E125/><V32/><F32/><W53/><G127/><T2/><D108/><U39/><E3/><V134/><F134/><W17/><G135/><T30/><D30/><U85/><E71/><V83/><F27/><W119/><G119/><T5/><D78/><U109/><E109/><V41/><F41/><W60/><G17/><T110/><D54/><U68/><E68/><V84/><REACH who="2" step="1"/><F83/><REACH who="2" ten="241,237,219,293" step="2"/><W23/><G81/><T44/><D42/><U121/><E121/><V111/><F111/><W87/><G36/><T123/><D110/><U26/><E26/><V104/><F104/><W115/><G107/><T105/><D123/><U63/><E43/><V47/><AGARI ba="3,1" hai="9,15,18,47,51,55,62,66,69,76,80,84,96,99" machi="47" ten="20,5200,0" yaku="1,1,0,1,7,1,53,1" doraHai="100" doraHaiUra="12" who="2" fromWho="2" sc="241,-16,237,-16,219,71,293,-29" /><INIT seed="4,0,0,5,1,123" ten="225,221,290,264" oya="0" hai0="88,113,14,111,107,133,37,97,118,76,115,1,108" hai1="38,109,26,72,103,65,11,116,124,51,119,93,122" hai2="95,41,23,0,71,100,74,120,127,53,98,60,104" hai3="15,27,34,68,24,2,79,86,106,70,63,17,46"/><T90/><D1/><U10/><E122/><V12/><F120/><W13/><G2/><T96/><D118/><U91/><E38/><V6/><F74/><W25/><G106/><T132/><D37/><U54/><E109/><N who="0" m="42057" /><D76/><U42/><E124/><V112/><F127/><W78/><G34/><T134/><D14/><N who="3" m="5129" /><G86/><T85/><D107/><U126/><E126/><V20/><F112/><N who="0" m="43082" /><D90/><U32/><E103/><V18/><F41/><W62/><G27/><T59/><D59/><U87/><E72/><V102/><F102/><W129/><G25/><T49/><D49/><U31/><E42/><V114/><F114/><W28/><G24/><T16/><D16/><U50/><E65/><V75/><F75/><W84/><G17/><T69/><D69/><U4/><E4/><V66/><F6/><W48/><G78/><T99/><D99/><U128/><E128/><V58/><F0/><W121/><G129/><T82/><AGARI ba="0,0" hai="82,85,88,96,97,132,133,134" m="43082,42057" machi="82" ten="40,24000,3" yaku="20,1,10,1,15,1,34,2,52,3,54,1" doraHai="123" who="0" fromWho="0" sc="225,240,221,-80,290,-80,264,-80" owari="465,57.0,141,-36.0,210,1.0,184,-22.0" /></mjloggm>