<mjloggm ver="2.3"><GO type="41" lobby="0"/><UN n0="%E5%B0%B1%E6%B4%BB%E7%94%9F%40%E5%B7%9D%E6%9D%91%E8%BB%8D%E5%9B%A3" n1="%6D%75%63%68%E2%98%86" n2="%6A%6F%6B%65%72%33%33%33" n3="%64%6F%67%75%39%37" dan="14,14,14,14" rate="1956.29,1954.79,1917.88,1871.97" sx="M,M,M,M"/><TAIKYOKU oya="0"/><INIT seed="0,0,0,0,1,81" ten="250,250,250,250" oya="0" hai0="124,31,99,116,122,46,1,77,90,45,48,15,32" hai1="128,88,131,135,67,78,21,59,125,89,72,14,95" hai2="52,9,107,104,23,10,101,60,55,43,47,118,98" hai3="134,109,108,121,18,94,115,100,79,80,49,102,105"/><T65/><D1/><U7/><E125/><V61/><F107/><W126/><G49/><T22/><D122/><U84/><E135/><V27/><F118/><W82/><G18/><T114/><D116/><U110/><E72/><V51/><F61/><W132/><G115/><T75/><D114/><U68/><E78/><V66/><F43/><W69/><G69/><T8/><D32/><U6/><E68/><V3/><F3/><W112/><G112/><T85/><D124/><U19/><E110/><N who="3" m="42602" /><G94/><T111/><D111/><U37/><E37/><V129/><F55/><W40/><G40/><T62/><D75/><U0/><E0/><V28/><F129/><N who="1" m="49737" /><E89/><V50/><F51/><W56/><G56/><AGARI ba="0,0" hai="9,10,23,27,28,47,50,52,56,60,66,98,101,104" machi="56" ten="30,2000,0" yaku="7,1,54,1" doraHai="81" who="2" fromWho="3" sc="250,0,250,0,250,20,250,-20" /><INIT seed="1,0,0,2,3,132" ten="250,250,270,230" oya="1" hai0="86,112,46,22,56,81,2,67,40,90,101,17,15" hai1="13,7,106,97,20,72,105,130,102,69,63,79,123" hai2="54,16,85,21,75,66,120,115,121,89,71,109,70" hai3="25,55,107,60,26,127,47,48,10,1,27,51,80"/><U34/><E123/><V59/><F75/><W108/><G107/><T91/><D2/><U116/><E116/><V31/><F115/><W23/><G108/><T129/><D112/><U74/><E34/><V119/><F119/><W45/><G60/><T92/><D129/><U114/><E20/><V37/><F37/><W41/><G1/><T9/><D101/><U19/><E19/><V39/><F39/><W117/><G117/><T128/><D128/><U103/><E130/><V68/><F66/><W65/><G65/><T133/><D133/><U135/><E114/><V32/><F109/><W58/><G58/><T24/><D56/><U0/><E13/><V100/><F100/><W50/><G50/><T95/><D67/><N who="1" m="41215" /><E79/><V113/><F31/><W18/><G10/><T8/><D91/><U11/><E135/><V53/><F32/><W131/><G131/><T110/><D110/><U124/><E103/><V29/><F29/><W73/><G73/><N who="1" m="28266" /><E106/><V14/><F113/><W104/><G104/><T126/><D126/><AGARI ba="0,0" hai="0,7,11,97,102,105,124,126" m="28266,41215" machi="126" ten="30,5800,0" yaku="23,1,52,2" doraHai="132" who="1" fromWho="0" sc="250,-58,250,58,270,0,230,0" /><INIT seed="1,1,0,4,3,90" ten="192,308,270,230" oya="1" hai0="28,38,24,72,132,51,80,17,85,56,2,8,127" hai1="123,64,73,39,3,75,41,104,105,1,36,78,66" hai2="18,37,59,101,12,49,86,93,55,135,84,68,40" hai3="4,117,48,81,53,9,61,95,16,79,7,76,10"/><U97/><E123/><V67/><F135/><W69/><G69/><T45/><D72/><U108/><E97/><V0/><F0/><W50/><G61/><T130/><D132/><U13/><E13/><V42/><F68/><W54/><G95/><T107/><D107/><U129/><E129/><V92/><F67/><W115/><G81/><T70/><D70/><U15/><E15/><V116/><F116/><W98/><G98/><T58/><D127/><U52/><E41/><N who="2" m="15979" /><F37/><W94/><G94/><N who="2" m="36457" /><F101/><W99/><G99/><T43/><D130/><U82/><E82/><V34/><F34/><W47/><G117/><T6/><D17/><U14/><E3/><V21/><AGARI ba="1,0" hai="12,18,21,49,55,59,84,86" m="36457,15979" machi="21" ten="30,7900,0" yaku="8,1,52,3" doraHai="90" who="2" fromWho="2" sc="192,-21,308,-40,270,82,230,-21" /><INIT seed="2,0,0,4,0,32" ten="171,268,352,209" oya="2" hai0="81,52,29,34,38,27,78,7,0,84,109,46,107" hai1="10,14,129,117,45,103,65,102,58,93,12,60,113" hai2="69,66,83,71,112,94,72,51,36,127,111,17,108" hai3="80,126,131,88,49,40,59,43,122,19,8,4,39"/><V22/><BYE who="3" /><F36/><W56/><G56/><T3/><D107/><U6/><E117/><V54/><F112/><W35/><G35/><T134/><D134/><U1/><E113/><V114/><F114/><W90/><G90/><T9/><D109/><N who="2" m="42058" /><F127/><W11/><G11/><T57/><D46/><UN n3="%64%6F%67%75%39%37" /><U5/><E129/><V67/><F94/><W77/><G39/><T100/><D100/><U79/><E79/><N who="2" m="44519" /><F66/><W101/><G101/><T25/><D25/><U26/><E26/><N who="2" m="14671" /><F67/><W76/><G126/><T118/><D38/><U73/><E73/><V104/><F104/><W31/><G31/><T120/><D120/><U110/><E110/><V21/><F21/><W20/><G131/><T50/><D118/><U37/><E103/><V95/><F95/><W89/><G80/><T30/><D30/><U85/><E6/><V28/><F28/><W97/><G97/><T55/><D55/><U42/><REACH who="1" step="1"/><E85/><REACH who="1" ten="171,258,352,209" step="2"/><V98/><F98/><AGARI ba="0,1" hai="1,5,10,12,14,37,42,45,58,60,65,93,98,102" machi="98" ten="40,5200,0" yaku="1,1,2,1,52,1,53,0" doraHai="32" doraHaiUra="116" who="1" fromWho="2" sc="171,0,258,62,352,-52,209,0" /><INIT seed="3,0,0,5,0,87" ten="171,320,300,209" oya="3" hai0="84,25,49,4,135,130,71,76,83,111,113,112,38" hai1="6,64,124,34,1,95,118,91,37,75,24,78,66" hai2="28,74,102,77,96,123,48,110,81,13,69,15,54" hai3="72,2,29,80,73,117,62,67,109,44,9,8,42"/><W97/><G29/><T68/><D38/><U52/><E37/><V53/><F69/><W3/><G109/><T88/><D4/><U61/><E124/><V43/><F123/><W35/><G35/><T26/><D111/><U55/><E118/><V127/><F110/><W20/><G20/><T94/><D130/><U47/><E66/><V107/><F127/><W32/><G32/><T92/><D135/><U70/><E78/><V114/><F114/><N who="0" m="44138" /><D49/><U98/><E75/><V22/><F43/><W58/><G97/><N who="0" m="57479" /><D94/><U11/><REACH who="1" step="1"/><E47/><REACH who="1" ten="171,310,300,209" step="2"/><V86/><F74/><W90/><G117/><T125/><D125/><U17/><E17/><V45/><F28/><AGARI ba="0,1" hai="1,6,11,24,28,34,52,55,61,64,70,91,95,98" machi="28" ten="40,8000,1" yaku="1,1,52,1,54,1,53,1" doraHai="87" doraHaiUra="7" who="1" fromWho="2" sc="171,0,310,90,300,-80,209,0" /><INIT seed="4,0,0,2,0,130" ten="171,400,220,209" oya="0" hai0="2,53,66,118,55,59,42,11,65,133,21,6,98" hai1="46,39,114,97,40,90,25,57,71,49,36,105,96" hai2="7,76,51,84,83,8,87,60,73,92,86,58,102" hai3="119,20,56,16,91,9,47,109,135,17,12,70,31"/><T122/><D118/><U61/><E114/><V104/><F51/><W64/><G70/><T117/><D122/><U52/><E97/><V85/><N who="2" m="22016" /><DORA hai="14" /><V125/><F125/><W93/><G47/><T67/><D117/><U94/><E105/><V26/><F26/><N who="3" m="16839" /><G119/><T120/><D120/><U4/><E4/><V38/><F38/><W63/><G109/><T18/><D42/><U19/><E71/><V111/><F111/><W29/><G29/><T41/><D41/><U116/><E116/><V54/><F104/><W101/><G101/><T33/><D33/><U15/><REACH who="1" step="1"/><E25/><REACH who="1" ten="171,390,220,209" step="2"/><V30/><F102/><W24/><G135/><T128/><D128/><U27/><E27/><V44/><F30/><W131/><G131/><T123/><D123/><U28/><E28/><V132/><F132/><W75/><G75/><T124/><D124/><U22/><AGARI ba="0,1" hai="15,19,22,36,39,40,46,49,52,57,61,90,94,96" machi="22" ten="20,8000,1" yaku="1,1,0,1,7,1,52,1,54,1,53,0" doraHai="130,14" doraHaiUra="32,103" who="1" fromWho="1" sc="171,-40,390,90,220,-20,209,-20" /><INIT seed="5,0,0,0,0,36" ten="131,480,200,189" oya="1" hai0="96,7,68,37,99,89,47,130,49,61,101,45,77" hai1="122,92,29,119,94,12,42,15,90,39,60,127,27" hai2="129,73,35,132,134,125,22,111,9,5,56,0,70" hai3="106,71,67,126,43,31,82,58,81,75,32,107,104"/><U65/><E119/><V59/><F70/><W124/><G58/><T95/><D130/><U3/><E122/><V72/><F35/><W54/><G54/><T55/><D7/><U14/><E3/><V121/><F111/><W69/><G43/><T24/><D77/><U98/><E127/><N who="3" m="48682" /><G75/><T28/><D37/><U105/><E105/><V83/><F125/><W133/><G133/><N who="2" m="51305" /><F121/><W30/><G67/><T6/><D6/><U115/><E94/><V87/><F22/><W2/><G2/><T128/><D128/><U25/><E29/><N who="3" m="10762" /><G32/><T38/><D38/><U48/><E39/><V26/><F26/><W53/><G53/><T97/><D45/><U80/><E80/><AGARI ba="0,0" hai="69,71,80,81,82,104,106,107" m="10762,48682" machi="80" ten="40,5200,0" yaku="28,2,18,1" doraHai="36" who="3" fromWho="1" sc="131,0,480,-52,200,0,189,52" /><INIT seed="6,0,0,4,4,24" ten="131,428,200,241" oya="2" hai0="109,78,66,106,77,29,88,85,23,8,44,121,38" hai1="30,1,46,64,0,83,70,132,92,111,99,37,14" hai2="51,22,113,84,6,36,120,56,52,129,130,93,107" hai3="82,26,76,96,105,81,50,114,5,68,65,17,74"/><V94/><F120/><W104/><G5/><T75/><D106/><U80/><E111/><V128/><F36/><W18/><G50/><T103/><D109/><U12/><E132/><V127/><F107/><W97/><G65/><T72/><D121/><U34/><E83/><V59/><F6/><W7/><G7/><T3/><D103/><U35/><E80/><V117/><F117/><W134/><G134/><T116/><D116/><U135/><E135/><V54/><F127/><W73/><G26/><N who="0" m="16607" /><D72/><U57/><E70/><V20/><F113/><W60/><G60/><T33/><D75/><U55/><E64/><V101/><F101/><W53/><G53/><N who="2" m="20585" /><F51/><W40/><G68/><T89/><D33/><U110/><E35/><V100/><F100/><W61/><G61/><T102/><D102/><U10/><E1/><V28/><F28/><W41/><REACH who="3" step="1"/><G114/><REACH who="3" ten="131,428,200,231" step="2"/><T98/><D38/><U4/><E110/><V43/><F43/><W126/><G126/><T49/><D3/><U63/><E37/><V90/><F94/><W131/><G131/><T19/><D66/><U115/><E115/><V123/><F123/><W62/><G62/><T31/><D31/><U118/><E118/><V69/><F69/><W2/><G2/><T108/><D108/><U95/><E95/><V11/><F11/><W133/><G133/><T125/><D125/><U87/><E0/><V58/><AGARI ba="0,1" hai="20,22,56,58,59,84,90,93,128,129,130" m="20585" machi="58" ten="40,3900,0" yaku="19,1,54,1" doraHai="24" who="2" fromWho="2" sc="131,-13,428,-13,200,49,231,-13" /><INIT seed="6,1,0,0,2,113" ten="118,415,249,218" oya="2" hai0="32,55,124,80,121,14,106,70,93,76,15,16,19" hai1="107,128,90,73,84,53,119,49,133,12,129,75,56" hai2="110,54,103,82,108,98,72,47,101,102,118,29,51" hai3="69,127,114,37,86,122,24,5,11,135,94,87,78"/><V43/><F29/><W115/><G69/><T96/><D106/><U7/><E107/><V89/><F43/><W6/><G37/><T3/><D3/><U95/><E133/><V9/><F9/><W74/><G24/><T21/><D32/><U57/><E56/><V109/><F118/><W38/><G38/><T10/><D121/><U28/><E28/><V35/><F35/><W125/><G11/><T120/><D120/><U46/><E46/><V91/><REACH who="2" step="1"/><F98/><REACH who="2" ten="118,415,239,218" step="2"/><W131/><G122/><T41/><D124/><N who="3" m="47689" /><G6/><T17/><D41/><U71/><E119/><V97/><F97/><W116/><G116/><T81/><D70/><U1/><E71/><V123/><F123/><W23/><G5/><T2/><D2/><U61/><E1/><V59/><F59/><W62/><G23/><T130/><D130/><N who="1" m="50283" /><E61/><V105/><F105/><W63/><G62/><T104/><D104/><U68/><E68/><V4/><F4/><W117/><G63/><T20/><D55/><U77/><E53/><V99/><F99/><W92/><G131/><T40/><D40/><U18/><E57/><V45/><F45/><W66/><G117/><T100/><REACH who="0" step="1"/><D76/><AGARI ba="1,1" hai="47,51,54,72,76,82,89,91,101,102,103,108,109,110" machi="76" ten="50,9600,0" yaku="1,1,10,1,53,1" doraHai="113" doraHaiUra="50" who="2" fromWho="0" sc="118,-99,415,0,239,109,218,0" /><INIT seed="6,2,0,2,2,101" ten="19,415,348,218" oya="2" hai0="30,42,90,32,1,87,68,121,107,31,54,109,63" hai1="17,111,48,127,52,22,56,132,38,98,82,102,84" hai2="53,131,44,128,36,83,25,5,15,29,77,2,47" hai3="39,9,125,20,100,45,66,74,105,104,35,21,19"/><V94/><F2/><W59/><G74/><T95/><D109/><U80/><E38/><V122/><F122/><W89/><G35/><T64/><D121/><U120/><E120/><V65/><F65/><W69/><G69/><T129/><D1/><U78/><E111/><V88/><F36/><W99/><G89/><T110/><D110/><U133/><E82/><V10/><F53/><W92/><G45/><T112/><D112/><U3/><E3/><V6/><F6/><W103/><G103/><T40/><D129/><U46/><E56/><V114/><F114/><W124/><G39/><T134/><D134/><U119/><E119/><V135/><F135/><W118/><G118/><T93/><D54/><U28/><E28/><V81/><F83/><W0/><G0/><T116/><D116/><U8/><E8/><V79/><F77/><W34/><G34/><T97/><D30/><U27/><REACH who="1" step="1"/><E127/><REACH who="1" ten="19,405,348,218" step="2"/><V51/><F128/><W62/><G9/><T73/><D73/><U50/><E50/><V115/><F51/><W37/><G37/><T55/><D55/><U76/><E76/><V70/><F131/><W14/><REACH who="3" step="1"/><G21/><REACH who="3" ten="19,405,348,208" step="2"/><T96/><D95/><AGARI ba="2,2" hai="17,22,27,46,48,52,78,80,84,95,98,102,132,133" machi="95" ten="40,2600,0" yaku="1,1,54,1,53,0" doraHai="101" doraHaiUra="86" who="1" fromWho="0" sc="19,-32,405,52,348,0,208,0" owari="-13,-51.0,457,55.0,348,15.0,208,-19.0" /></mjloggm>