<mjloggm ver="2.3"><GO type="97" lobby="0"/><UN n0="%E3%83%88%E3%83%88%E3%83%AA%E5%85%88%E7%94%9F%31%39%E6%AD%B3" n1="%4C%45%2D%E3%83%A9%E3%82%A4%E3%82%B2%E3%83%AB" n2="%68%65%78" n3="%E8%AB%BE" dan="13,13,14,14" rate="2048.80,1822.76,1915.38,1977.78" sx="F,M,M,M"/><TAIKYOKU oya="0"/><INIT seed="0,0,0,0,4,10" ten="250,250,250,250" oya="0" hai0="129,70,22,49,101,25,34,7,66,84,102,15,126" hai1="67,11,72,37,75,120,97,60,90,117,82,96,121" hai2="29,119,45,105,59,132,3,125,5,30,62,133,42" hai3="6,33,98,9,76,31,39,111,51,80,50,88,78"/><T112/><D112/><U52/><E117/><V83/><F119/><W122/><G39/><T106/><D129/><U26/><E37/><V43/><F105/><W46/><G122/><T4/><D126/><U118/><E118/><V77/><F125/><W73/><G111/><T69/><D34/><U47/><E75/><V16/><F43/><W100/><G78/><T64/><D106/><U74/><E74/><V18/><F5/><W41/><G31/><T14/><D84/><U13/><E26/><V65/><F3/><W114/><G33/><T113/><D113/><U107/><E107/><V104/><F104/><W92/><G114/><T71/><D49/><N who="1" m="28735" /><E72/><V24/><F24/><W131/><G131/><T61/><D25/><U79/><E79/><V8/><F8/><W109/><G109/><T57/><D22/><U20/><E20/><V108/><F108/><W0/><REACH who="3" step="1"/><G50/><REACH who="3" ten="250,250,250,240" step="2"/><T110/><D110/><U94/><E121/><V48/><F132/><W81/><G81/><T36/><D36/><U85/><E120/><V17/><F133/><W87/><G87/><AGARI ba="0,1" hai="16,17,18,29,30,42,45,48,59,62,65,77,83,87" machi="87" ten="40,2600,0" yaku="8,1,54,1" doraHai="10" who="2" fromWho="3" sc="250,0,250,0,250,36,240,-26" /><INIT seed="1,0,0,4,5,109" ten="250,250,286,214" oya="1" hai0="49,74,24,45,27,66,75,72,20,40,95,100,29" hai1="121,103,51,128,26,81,91,64,50,53,56,119,46" hai2="73,16,87,13,19,17,77,33,94,69,97,112,111" hai3="132,11,85,63,114,123,79,115,18,60,78,32,108"/><U37/><E121/><V89/><F69/><W52/><G32/><T120/><D120/><U68/><E119/><V25/><F111/><W0/><G123/><T7/><D7/><U92/><E128/><V122/><F122/><W42/><G108/><T22/><D66/><U8/><E103/><V41/><F41/><W107/><G42/><T105/><D95/><U70/><E81/><V10/><F112/><W86/><G107/><T65/><D65/><U59/><E26/><V106/><F33/><W99/><G99/><T57/><D57/><U130/><E130/><V116/><F116/><W104/><G104/><T84/><D84/><N who="3" m="32361" /><G0/><T127/><D127/><U1/><E64/><V31/><F31/><W36/><G36/><T125/><D125/><U98/><E37/><V4/><F25/><W47/><G132/><T2/><D2/><U110/><E110/><V133/><F133/><W9/><G47/><T35/><D35/><U44/><E44/><V80/><REACH who="2" step="1"/><F4/><REACH who="2" ten="250,250,276,214" step="2"/><W39/><G39/><T88/><D27/><U129/><E129/><V61/><F61/><N who="3" m="23627" /><G18/><T83/><D24/><U62/><E62/><V55/><F55/><W38/><G52/><T117/><D29/><U126/><E126/><V14/><F14/><W124/><G38/><T101/><D117/><U131/><E131/><V21/><F21/><W5/><G124/><T135/><D135/><U43/><E70/><V12/><F12/><N who="3" m="5167" /><G11/><T15/><D15/><U6/><E68/><V30/><F30/><W96/><G96/><T90/><D40/><U23/><E23/><V113/><F113/><W58/><G58/><RYUUKYOKU ba="0,1" sc="250,-30,250,10,276,10,214,10" hai1="1,6,8,43,46,50,51,53,56,59,91,92,98" hai2="10,13,16,17,19,73,77,80,87,89,94,97,106" hai3="78,79,114,115" /><INIT seed="1,1,1,1,1,130" ten="220,260,286,224" oya="1" hai0="9,132,38,25,17,44,1,27,76,112,126,19,8" hai1="32,12,118,23,53,11,62,29,80,79,91,63,21" hai2="33,105,93,30,101,24,99,97,85,20,59,87,6" hai3="40,121,127,34,14,35,120,61,51,52,75,4,106"/><U92/><E118/><V74/><F74/><W66/><G75/><T107/><D107/><U2/><E2/><V109/><F109/><W125/><G106/><T90/><D76/><U60/><E32/><N who="3" m="12330" /><G14/><N who="0" m="7367" /><D38/><U26/><E23/><V111/><F111/><W134/><G40/><T71/><D71/><U70/><E70/><V119/><F119/><W13/><G4/><N who="0" m="1167" /><D90/><U31/><E31/><V86/><F6/><W89/><G13/><T57/><D57/><N who="1" m="34863" /><E80/><V94/><F59/><N who="3" m="37183" /><G89/><T47/><D44/><U16/><E79/><V46/><F46/><N who="3" m="27767" /><G121/><T65/><D47/><U22/><E22/><V122/><F122/><W100/><G100/><T104/><D65/><U55/><E55/><V117/><F117/><W110/><G120/><T67/><D67/><U72/><E72/><V88/><REACH who="2" step="1"/><F105/><REACH who="2" ten="220,260,276,224" step="2"/><W56/><G110/><T41/><D104/><U98/><AGARI ba="1,2" hai="11,12,16,21,26,29,62,63,91,92,98" m="34863" machi="98" ten="30,3000,0" yaku="8,1,54,1" doraHai="130" who="1" fromWho="1" sc="220,-11,260,53,276,-11,224,-11" /><INIT seed="1,2,0,4,0,30" ten="209,313,265,213" oya="1" hai0="104,112,11,90,55,120,27,128,50,36,6,2,87" hai1="91,84,116,98,73,14,67,28,43,16,96,69,21" hai2="109,99,76,7,118,1,80,77,57,68,38,75,119" hai3="115,105,49,5,111,13,63,32,64,46,93,123,121"/><U122/><E122/><V42/><F68/><W20/><G105/><T22/><D104/><U44/><E116/><V34/><F109/><W92/><G111/><T131/><D36/><U61/><E73/><V35/><F77/><W54/><G115/><T114/><D120/><U95/><REACH who="1" step="1"/><E28/><REACH who="1" ten="209,303,265,213" step="2"/><V127/><F127/><W3/><G121/><T79/><D114/><U40/><E40/><V8/><F99/><W53/><G123/><T47/><D112/><U58/><E58/><V10/><F57/><W106/><G46/><T9/><D128/><U60/><E60/><V56/><F56/><W24/><G63/><T52/><D131/><U97/><E97/><V81/><F118/><W86/><G64/><T82/><D55/><U19/><E19/><V66/><F119/><W125/><G54/><T129/><D129/><U101/><E101/><V134/><F66/><W4/><G125/><T133/><D52/><U29/><E29/><V18/><F18/><W51/><G53/><T107/><D47/><U89/><E89/><V132/><F10/><W70/><G70/><T31/><D11/><U17/><E17/><V108/><F108/><W126/><G126/><T117/><D117/><U62/><E62/><V45/><F81/><W85/><G86/><T103/><D87/><U25/><E25/><V0/><F0/><W135/><G85/><T74/><D82/><U65/><E65/><V37/><F37/><AGARI ba="2,1" hai="14,16,21,37,43,44,61,67,69,84,91,95,96,98" machi="37" ten="30,5800,0" yaku="1,1,7,1,54,1,53,0" doraHai="30" doraHaiUra="48" who="1" fromWho="2" sc="209,0,303,74,265,-64,213,0" /><INIT seed="1,3,0,5,1,114" ten="209,377,201,213" oya="1" hai0="2,97,117,4,27,131,53,123,105,50,69,128,47" hai1="20,48,84,119,40,85,54,100,109,22,45,32,28" hai2="55,64,3,130,52,26,121,92,72,75,129,58,39" hai3="132,111,124,103,87,11,15,134,101,91,127,12,19"/><U88/><E119/><V34/><F39/><W118/><G111/><T76/><D69/><U44/><E109/><V93/><F121/><W116/><G15/><T25/><D123/><U43/><E100/><V7/><F64/><W107/><G107/><T96/><D117/><N who="3" m="45161" /><G103/><N who="0" m="62695" /><D76/><U63/><E63/><V68/><F68/><W6/><G101/><T0/><D97/><U31/><E32/><V104/><F104/><W21/><G91/><T23/><D4/><U81/><E81/><V37/><F37/><W125/><G87/><T35/><D35/><U18/><E18/><V95/><F55/><W99/><G99/><T5/><D5/><U30/><E54/><V60/><F3/><W14/><AGARI ba="3,0" hai="6,11,12,14,19,21,124,125,127,132,134" m="45161" machi="14" ten="40,12000,2" yaku="18,1,12,1,34,2,52,3" doraHai="114" who="3" fromWho="3" sc="209,-33,377,-63,201,-33,213,129" /><INIT seed="2,0,0,2,4,24" ten="176,314,168,342" oya="2" hai0="72,115,11,92,131,109,56,119,21,113,124,39,15" hai1="106,111,122,125,17,82,36,76,100,93,1,3,71" hai2="10,64,102,75,5,90,110,22,86,74,117,103,34" hai3="104,99,28,54,27,20,30,37,73,112,84,134,6"/><V83/><F117/><W61/><G37/><T38/><D72/><U40/><E111/><V116/><F116/><W129/><G73/><T58/><D119/><U23/><E122/><V50/><F34/><W13/><G112/><T55/><D109/><U9/><E71/><V35/><F35/><W16/><G134/><T4/><D131/><U33/><E125/><V2/><F110/><W18/><G129/><T14/><D124/><U46/><E33/><V7/><F64/><W96/><G104/><T43/><D92/><U85/><E106/><V63/><F63/><W45/><G84/><T65/><D65/><U89/><E100/><V80/><F50/><N who="3" m="29007" /><G6/><T12/><D58/><U67/><E67/><V88/><F22/><N who="3" m="11535" /><G61/><T95/><D113/><U29/><E9/><V52/><F10/><W101/><G101/><T87/><D115/><U62/><E62/><V19/><F86/><W49/><G49/><N who="0" m="30831" /><D43/><U51/><E36/><V126/><F126/><W48/><G48/><T91/><D15/><U121/><E121/><V135/><F19/><AGARI ba="0,0" hai="4,11,12,14,19,21,38,39,87,91,95" m="30831" machi="19" ten="30,1000,0" yaku="25,1" doraHai="24" who="0" fromWho="2" sc="176,10,314,0,168,-10,342,0" /><INIT seed="3,0,0,3,1,108" ten="186,314,158,342" oya="3" hai0="21,0,31,37,45,93,52,135,51,5,49,41,73" hai1="81,25,56,15,132,110,101,99,91,130,96,35,33" hai2="55,75,83,60,77,10,19,4,16,82,107,30,58" hai3="127,34,27,131,98,46,39,7,105,9,118,47,14"/><W90/><G118/><T104/><D104/><U95/><E110/><V3/><F107/><W68/><G127/><T78/><D135/><U76/><E132/><V89/><F30/><W28/><G131/><T63/><D93/><U71/><E130/><V125/><F125/><W67/><G39/><T32/><D32/><U69/><E15/><V97/><F83/><W22/><G22/><T54/><D63/><U13/><E13/><V134/><F134/><W116/><G116/><T133/><D133/><U122/><E122/><V87/><REACH who="2" step="1"/><F97/><REACH who="2" ten="186,314,148,342" step="2"/><W6/><G98/><T43/><D31/><U48/><E99/><V61/><F61/><W42/><G105/><T114/><D114/><U29/><E35/><V65/><F65/><W119/><G67/><T126/><D126/><U66/><E66/><V74/><F74/><W111/><G119/><T53/><D21/><U57/><E96/><V40/><F40/><W112/><G42/><T26/><D43/><U117/><E117/><V121/><F121/><W8/><G112/><T36/><D36/><U120/><E120/><V102/><F102/><W128/><G28/><T1/><D26/><U103/><E25/><V50/><F50/><W123/><G27/><T44/><D51/><U86/><E48/><V79/><F79/><W88/><G123/><T106/><D106/><U12/><E76/><V38/><F38/><W24/><G24/><T18/><D18/><U20/><E29/><V84/><F84/><W80/><G34/><T92/><D92/><U109/><E33/><V17/><F17/><W129/><G80/><N who="0" m="45135" /><D5/><U115/><E95/><RYUUKYOKU ba="0,1" sc="186,15,314,-15,148,15,342,-15" hai0="0,1,37,41,44,45,49,52,53,54" hai2="3,4,10,16,19,55,58,60,75,77,82,87,89" owari="201,-20.0,299,10.0,163,-34.0,337,44.0" /></mjloggm>