<mjloggm ver="2.3"><GO type="169" lobby="0"/><UN n0="%E3%82%86%E3%81%84%E3%81%A1%E3%82%83%E3%82%93%E3%81%AE%E3%83%91%E3%83%91" n1="%47%E3%83%A8%E9%BE%8D%E9%96%80" n2="%E3%83%88%E3%83%88%E3%83%AA%E5%85%88%E7%94%9F%31%39%E6%AD%B3" n3="%73%6F%64%6F%72" dan="18,17,18,16" rate="2246.71,2139.99,2165.45,2071.19" sx="M,M,F,M"/><TAIKYOKU oya="0"/><INIT seed="0,0,0,3,1,37" ten="250,250,250,250" oya="0" hai0="91,110,107,7,64,86,87,112,18,78,75,117,128" hai1="1,12,79,46,60,124,93,129,111,23,114,133,62" hai2="50,76,49,14,113,19,131,8,95,96,38,105,25" hai3="10,4,83,29,92,33,88,48,16,66,132,30,39"/><T26/><D117/><U106/><E79/><V32/><F113/><W100/><G39/><T3/><D112/><U61/><E1/><V135/><F105/><W101/><G132/><T41/><D107/><U68/><E106/><V58/><F135/><W73/><G33/><T52/><D64/><U6/><E68/><V45/><F131/><W0/><G66/><T77/><D75/><U24/><E114/><V108/><F108/><W40/><G73/><T15/><D3/><U35/><E111/><V134/><F134/><W122/><G83/><T127/><D110/><U44/><E124/><V80/><F58/><W102/><G122/><T84/><D128/><U28/><E133/><V70/><F70/><W109/><G109/><T125/><D7/><U43/><E129/><V11/><F11/><W104/><G104/><T27/><D91/><U54/><E93/><V17/><F38/><W21/><G40/><T5/><D5/><U120/><E120/><V118/><F118/><W90/><G48/><T13/><D41/><U82/><E82/><V31/><F19/><W65/><G65/><T9/><D15/><U94/><E94/><V69/><F69/><W74/><G74/><T55/><D125/><U115/><E115/><V59/><F59/><W89/><REACH who="3" step="1"/><G92/><REACH who="3" ten="250,250,250,240" step="2"/><T36/><D36/><N who="1" m="21607" /><E35/><V67/><F67/><W42/><G42/><T103/><D127/><U2/><E54/><N who="0" m="20521" /><D103/><U34/><E34/><V119/><F119/><W51/><G51/><T81/><D81/><U57/><E57/><V22/><F32/><W53/><G53/><T116/><D116/><U47/><E2/><RYUUKYOKU ba="0,1" sc="250,10,250,10,250,-30,240,10" hai0="9,13,18,26,27,77,78,84,86,87" hai1="6,12,23,24,28,46,47,60,61,62" hai3="0,4,10,16,21,29,30,88,89,90,100,101,102" /><INIT seed="0,1,1,5,5,19" ten="260,260,220,250" oya="0" hai0="35,12,36,24,11,114,55,102,89,106,117,99,118" hai1="62,113,14,0,18,104,98,6,103,79,121,54,32" hai2="108,8,20,90,64,68,67,41,133,100,69,82,66" hai3="42,80,45,53,77,49,88,1,9,126,124,43,17"/><T71/><D114/><U47/><E113/><V107/><F108/><W60/><G60/><T128/><D36/><U22/><E121/><V96/><F133/><W63/><G63/><T122/><D122/><U134/><E134/><V72/><F41/><W95/><G1/><T48/><D71/><U105/><E32/><V65/><F8/><W75/><G9/><T57/><D128/><U38/><E79/><V116/><F116/><W70/><G70/><T39/><D39/><U21/><E105/><V85/><N who="2" m="16384" /><DORA hai="44" /><V109/><F109/><W94/><G17/><T111/><D111/><U51/><E38/><V25/><REACH who="2" step="1"/><F72/><REACH who="2" ten="260,260,210,250" step="2"/><W125/><REACH who="3" step="1"/><G95/><REACH who="3" ten="260,260,210,240" step="2"/><T73/><D73/><U84/><E0/><V120/><F120/><W33/><G33/><T4/><D117/><U23/><E6/><V130/><F130/><W34/><G34/><T7/><D118/><U30/><E30/><AGARI ba="1,3" hai="20,25,30,68,69,82,85,90,96,100,107" m="16384" machi="30" ten="50,3200,0" yaku="1,1,52,1,53,0" doraHai="19,44" doraHaiUra="129,50" who="2" fromWho="1" sc="260,0,260,-35,210,65,240,0" /><INIT seed="1,0,0,4,1,13" ten="260,225,275,240" oya="1" hai0="21,66,131,11,91,71,54,69,60,8,122,129,39" hai1="2,37,19,124,25,3,22,46,64,102,127,45,101" hai2="118,43,120,38,119,0,48,18,90,26,97,24,4" hai3="123,79,75,62,93,114,55,105,53,14,17,6,34"/><U96/><E64/><V81/><F120/><W111/><G105/><T77/><D39/><U85/><E85/><V30/><F38/><W126/><G34/><T83/><D122/><U47/><E37/><V44/><F0/><W134/><G123/><T94/><D71/><U100/><REACH who="1" step="1"/><E96/><REACH who="1" ten="260,215,275,240" step="2"/><V68/><F97/><W115/><G114/><T50/><D66/><U28/><E28/><V82/><F30/><W5/><G115/><T103/><D69/><U72/><E72/><V88/><F68/><W31/><G31/><T61/><D129/><U15/><E15/><V32/><F118/><W12/><G75/><T92/><D131/><U116/><E116/><V65/><F65/><W27/><G14/><T135/><D135/><U109/><E109/><V29/><F119/><W84/><G12/><T80/><D11/><U23/><E23/><V110/><F110/><W63/><G111/><T33/><D21/><U67/><E67/><V49/><F29/><W10/><G134/><T89/><D8/><U70/><E70/><V121/><F121/><W52/><G10/><T99/><D33/><U133/><E133/><V113/><F32/><W57/><G84/><T74/><D74/><U104/><E104/><V128/><F113/><W87/><G87/><T95/><D99/><U130/><E130/><V58/><F128/><W41/><G27/><T132/><D132/><U1/><AGARI ba="0,1" hai="1,2,3,19,22,25,45,46,47,100,101,102,124,127" machi="1" ten="40,12000,1" yaku="1,1,0,1,29,2,52,1,53,0" doraHai="13" doraHaiUra="78" who="1" fromWho="1" sc="260,-40,215,130,275,-40,240,-40" /><INIT seed="1,1,0,4,4,120" ten="220,345,235,200" oya="1" hai0="47,95,109,62,33,108,96,98,65,87,71,104,124" hai1="13,38,9,73,69,88,7,42,44,105,30,49,0" hai2="82,18,63,100,77,26,29,58,130,91,55,134,25" hai3="3,107,117,60,85,70,76,68,21,23,46,37,39"/><U135/><E135/><V119/><F119/><W2/><G107/><T74/><D74/><U106/><E69/><V10/><F134/><W19/><G85/><T78/><D124/><U43/><E30/><V52/><F130/><W22/><G76/><T45/><D33/><U81/><E13/><V53/><F100/><W64/><G117/><T4/><D4/><U111/><E111/><N who="0" m="42569" /><D104/><U20/><E20/><V75/><F91/><W90/><G70/><T5/><D5/><U59/><E88/><V61/><F61/><W84/><G3/><T1/><D1/><U103/><E103/><V102/><F102/><W12/><G2/><T97/><D78/><N who="1" m="44239" /><E42/><V56/><F56/><W129/><G129/><T36/><D36/><U48/><E59/><V40/><F40/><W125/><G125/><T57/><D71/><U16/><E16/><V92/><F92/><W66/><G39/><T86/><D86/><U126/><E126/><V128/><F128/><W115/><G37/><T101/><D101/><U122/><E122/><V24/><F29/><W15/><G84/><T14/><D14/><U127/><E127/><V94/><F94/><W34/><G12/><T123/><D123/><U118/><E118/><V114/><F18/><W54/><G15/><T121/><D121/><U83/><E106/><V133/><F10/><W72/><G19/><T35/><D35/><U131/><E105/><V93/><F93/><W112/><G34/><T116/><D116/><U67/><E131/><V17/><F133/><W132/><G132/><T79/><D79/><U8/><E0/><V31/><F77/><RYUUKYOKU ba="1,0" sc="220,30,345,-10,235,-10,200,-10" hai0="45,47,57,62,65,87,95,96,97,98" /><INIT seed="2,2,0,2,3,83" ten="250,335,225,190" oya="2" hai0="59,65,72,8,12,31,25,40,103,98,28,124,116" hai1="76,80,134,16,30,50,106,27,60,56,35,64,61" hai2="82,38,55,108,6,81,42,74,14,1,4,95,126" hai3="23,129,66,9,92,121,109,75,91,52,88,118,11"/><V94/><F1/><W85/><G75/><T100/><D72/><U7/><E134/><V15/><F126/><W117/><G121/><T73/><D124/><U13/><E106/><V39/><F74/><W43/><G118/><T58/><D73/><U53/><E7/><V46/><F55/><W36/><G117/><T63/><D116/><U101/><E101/><V19/><F108/><W110/><G66/><T71/><D40/><U54/><E54/><V104/><F104/><W68/><G68/><T119/><D31/><U79/><E80/><V123/><F123/><W132/><G132/><T33/><D100/><U114/><E114/><V41/><F46/><N who="3" m="23911" /><G129/><T70/><D70/><U20/><REACH who="1" step="1"/><E61/><REACH who="1" ten="250,325,225,190" step="2"/><V102/><F102/><W120/><G52/><T18/><D119/><U49/><E49/><V45/><F45/><AGARI ba="2,1" hai="13,16,20,27,30,35,45,50,53,56,60,64,76,79" machi="45" ten="30,3900,0" yaku="1,1,7,1,54,1,53,0" doraHai="83" doraHaiUra="99" who="1" fromWho="2" sc="250,0,325,55,225,-45,190,0" /><INIT seed="3,0,0,5,0,98" ten="250,380,180,190" oya="3" hai0="130,52,116,83,41,117,27,67,73,85,105,26,7" hai1="86,40,135,77,88,20,17,56,63,22,33,114,34" hai2="76,96,62,39,120,113,37,46,131,106,111,110,53" hai3="119,48,72,92,69,71,132,107,55,61,54,91,127"/><W60/><G119/><T80/><D105/><U112/><E77/><V125/><F113/><W24/><G107/><T90/><D67/><U81/><E135/><V10/><F120/><W75/><G132/><T70/><D70/><U123/><E123/><V38/><F131/><W3/><G3/><T0/><D41/><U126/><E126/><V5/><F125/><W94/><G127/><T49/><D130/><U93/><E40/><V18/><F76/><W43/><G43/><T4/><D116/><U28/><E22/><V129/><F18/><W15/><G15/><T31/><D117/><U44/><E44/><V104/><F129/><W118/><G118/><T32/><D0/><U30/><E81/><V29/><F29/><W66/><G48/><T103/><D73/><U47/><E47/><V78/><F78/><W8/><G8/><T12/><D80/><U87/><E87/><V122/><F122/><W84/><G24/><T115/><D115/><U58/><E58/><V13/><F104/><W57/><G94/><T102/><D27/><N who="1" m="14735" /><E112/><V99/><F106/><W74/><REACH who="3" step="1"/><G71/><REACH who="3" ten="250,380,180,180" step="2"/><T25/><D25/><U6/><E114/><V9/><F9/><W19/><G19/><T23/><D32/><U133/><E6/><N who="0" m="2089" /><D12/><U50/><E133/><V16/><F5/><W89/><G89/><T1/><D1/><U35/><E34/><V65/><F39/><W14/><G14/><T109/><D109/><N who="2" m="41482" /><F38/><W101/><G101/><T59/><AGARI ba="0,1" hai="23,26,31,49,52,59,83,85,90,102,103" m="2089" machi="59" ten="30,7900,0" yaku="8,1,52,2,54,1" doraHai="98" who="0" fromWho="0" sc="250,89,380,-20,180,-20,180,-39" /><INIT seed="4,0,0,3,0,108" ten="339,360,160,141" oya="0" hai0="25,84,75,88,56,44,8,57,95,66,27,28,78" hai1="126,14,92,127,43,132,116,130,3,50,81,82,71" hai2="134,122,72,129,0,131,16,77,124,107,41,11,128" hai3="111,38,69,64,70,120,32,15,97,133,51,115,1"/><T40/><D75/><U31/><E116/><V91/><F122/><W123/><G1/><T76/><D8/><U21/><E3/><V80/><F107/><W118/><G32/><T7/><D7/><U24/><E71/><V33/><F33/><W105/><G38/><T94/><D94/><U67/><E130/><V101/><F101/><W18/><G118/><T73/><D27/><U6/><E67/><V68/><F68/><W29/><G111/><T104/><D104/><U55/><E43/><V13/><F124/><N who="1" m="47657" /><E132/><V90/><F134/><W49/><G105/><T12/><D12/><U4/><E92/><V9/><REACH who="2" step="1"/><F41/><REACH who="2" ten="339,360,150,141" step="2"/><W30/><G133/><T53/><D40/><U99/><E4/><AGARI ba="0,1" hai="0,4,9,11,13,16,72,77,80,90,91,128,129,131" machi="4" ten="40,8000,1" yaku="1,1,2,1,19,1,54,1,53,0" doraHai="108" doraHaiUra="63" who="2" fromWho="1" sc="339,0,360,-80,150,90,141,0" /><INIT seed="5,0,0,5,3,8" ten="339,280,240,141" oya="1" hai0="32,34,80,57,104,93,54,1,2,91,29,121,40" hai1="129,67,100,47,5,125,94,3,130,117,23,128,26" hai2="25,11,95,60,31,70,74,120,43,116,84,115,112" hai3="92,109,123,127,22,62,14,38,72,49,55,17,97"/><U113/><E117/><V48/><F116/><W71/><G72/><T44/><D104/><U52/><E113/><N who="2" m="43595" /><F120/><W89/><G123/><T53/><D121/><U83/><E125/><V106/><F106/><W24/><G127/><T39/><D80/><U88/><E67/><N who="2" m="41319" /><F74/><W118/><G118/><T66/><D66/><U18/><E100/><V50/><F43/><W35/><G109/><T85/><D54/><U131/><E83/><V6/><F84/><W111/><G111/><T134/><D134/><U13/><E3/><N who="2" m="479" /><F95/><W99/><G38/><T59/><D2/><U132/><E132/><V76/><F76/><W30/><G71/><T102/><D1/><U16/><E129/><V45/><F45/><W56/><REACH who="3" step="1"/><G62/><REACH who="3" ten="339,280,240,131" step="2"/><T108/><D39/><U103/><E128/><V107/><F107/><W98/><AGARI ba="0,1" hai="14,17,22,24,30,35,49,55,56,89,92,97,98,99" machi="98" ten="20,8000,1" yaku="1,1,2,1,0,1,7,1,52,1,53,0" doraHai="8" doraHaiUra="110" who="3" fromWho="3" sc="339,-20,280,-40,240,-20,131,90" /><INIT seed="6,0,0,4,3,16" ten="319,240,220,221" oya="2" hai0="55,4,58,60,69,109,40,61,59,27,39,62,7" hai1="117,84,81,29,101,1,11,22,24,35,88,92,80" hai2="46,73,67,18,79,133,96,113,25,103,107,72,9" hai3="131,44,93,54,34,83,51,94,130,36,114,31,87"/><V77/><F113/><W123/><G123/><T89/><D109/><U30/><E117/><V110/><F110/><W33/><G114/><T128/><D69/><U132/><E132/><V50/><F133/><W23/><G36/><T68/><D68/><U82/><E101/><V76/><F67/><W99/><G99/><T41/><D128/><N who="3" m="49193" /><G23/><T2/><D2/><U70/><E70/><V105/><F105/><W52/><G54/><T95/><D39/><U86/><E30/><V135/><F135/><W71/><G71/><T124/><D124/><U116/><E116/><V121/><F121/><W111/><G111/><T21/><D40/><U57/><E35/><N who="3" m="13322" /><G31/><N who="0" m="17903" /><D41/><U90/><E1/><V19/><F19/><W17/><G17/><T49/><D59/><U37/><E37/><V0/><F25/><W15/><G15/><T28/><D28/><U75/><E57/><V119/><F119/><W12/><G12/><T45/><D58/><U85/><E11/><V14/><REACH who="2" step="1"/><F0/><REACH who="2" ten="319,240,210,221" step="2"/><W43/><G43/><AGARI ba="0,1" hai="9,14,18,43,46,50,72,73,76,77,79,96,103,107" machi="43" ten="40,7700,0" yaku="1,1,2,1,53,1" doraHai="16" doraHaiUra="13" who="2" fromWho="3" sc="319,0,240,0,210,87,221,-77" /><INIT seed="6,1,0,3,4,97" ten="319,240,297,144" oya="2" hai0="20,11,9,71,100,95,110,134,44,57,24,66,73" hai1="102,89,113,49,90,112,58,105,23,126,6,0,104" hai2="128,107,35,3,119,17,103,27,78,13,68,135,12" hai3="39,52,69,121,129,60,38,85,15,1,48,123,92"/><V70/><F119/><W106/><G1/><T28/><D73/><U18/><E126/><V99/><F3/><W96/><G106/><T31/><D71/><U108/><E108/><V53/><F128/><W88/><G129/><T87/><D110/><U72/><E72/><V67/><F135/><W41/><G123/><T75/><D75/><U45/><E58/><V33/><F78/><W43/><G121/><T116/><D116/><U36/><E36/><V84/><F84/><W120/><G120/><T122/><D122/><U131/><E131/><V54/><F70/><W10/><G39/><T26/><D44/><U130/><E130/><V34/><F27/><W21/><G38/><T46/><D46/><U114/><E6/><V118/><F118/><W22/><G60/><N who="0" m="38159" /><D87/><U109/><E0/><V125/><F125/><W63/><G63/><T16/><D134/><U62/><E62/><V101/><F67/><W74/><G74/><T29/><D26/><N who="1" m="14711" /><E105/><V50/><F68/><W127/><G69/><T30/><D30/><U8/><E109/><V51/><F17/><N who="3" m="8439" /><G127/><T65/><D65/><U79/><E79/><V19/><F19/><W2/><G2/><T86/><D86/><U77/><E77/><V42/><F33/><W64/><G64/><T76/><D76/><U83/><E113/><V124/><F124/><W25/><G85/><T80/><D80/><U111/><E83/><V61/><F107/><W94/><G94/><T82/><D82/><U40/><E111/><V32/><F32/><W4/><G92/><T55/><D55/><U115/><E112/><V56/><F54/><RYUUKYOKU ba="1,0" sc="319,30,240,-10,297,-10,144,-10" hai0="9,11,16,20,24,28,29,31,95,100" /><INIT seed="7,2,0,0,5,85" ten="349,230,287,134" oya="3" hai0="64,66,37,57,111,116,120,134,129,77,80,6,31" hai1="89,47,124,30,20,7,87,11,119,15,113,122,24" hai2="104,44,131,22,14,105,125,81,61,17,10,106,86" hai3="100,103,54,3,78,8,16,4,92,82,109,29,114"/><W121/><G121/><T83/><D120/><U2/><E113/><V62/><F131/><W96/><G29/><T18/><D37/><U112/><E112/><V101/><F125/><W88/><G114/><T5/><D116/><U99/><E124/><V90/><F101/><W38/><G38/><T75/><D111/><U130/><E130/><V107/><N who="2" m="26624" /><DORA hai="84" /><V123/><F123/><W49/><G109/><T12/><D31/><U53/><E119/><V21/><F44/><W41/><G16/><T25/><D25/><U39/><E39/><V74/><F74/><W67/><G67/><T1/><D134/><U0/><E99/><V94/><F81/><W9/><G41/><T73/><D80/><U35/><E122/><V128/><F128/><W127/><G9/><T45/><D45/><U51/><E35/><V42/><F42/><W68/><G68/><T69/><D18/><U71/><E71/><V60/><AGARI ba="2,0" hai="10,14,17,21,22,60,61,62,86,90,94" m="26624" machi="60" ten="60,7900,0" yaku="0,1,52,2" doraHai="85,84" who="2" fromWho="2" sc="349,-22,230,-22,287,85,134,-41" owari="327,13.0,208,-19.0,372,47.0,93,-41.0" /></mjloggm>