<mjloggm ver="2.3"><GO type="41" lobby="0"/><UN n0="%74%75%74%69%79%61" n1="%E5%B0%B1%E6%B4%BB%E7%94%9F%40%E5%B7%9D%E6%9D%91%E8%BB%8D%E5%9B%A3" n2="%49%68%63%63%6F%74" n3="%E2%97%86%4D%74%4D%4D%4D%4D%4D" dan="14,15,15,14" rate="1904.62,1990.16,2006.84,1895.30" sx="M,M,M,M"/><TAIKYOKU oya="0"/><INIT seed="0,0,0,5,4,127" ten="250,250,250,250" oya="0" hai0="27,90,29,64,67,23,132,58,6,89,74,72,49" hai1="93,98,69,12,124,118,63,24,60,83,106,48,53" hai2="54,91,114,99,113,134,18,22,32,125,104,96,86" hai3="52,57,84,65,94,55,107,8,44,123,68,2,116"/><T103/><D74/><U56/><E106/><V81/><F32/><W10/><G116/><T119/><D72/><U38/><E124/><V14/><F125/><W75/><G107/><T50/><D119/><U77/><E118/><V21/><F134/><W5/><G68/><T129/><D132/><U110/><E38/><V108/><F108/><W7/><G75/><T35/><D35/><U80/><E110/><V111/><F111/><W62/><G123/><T26/><D103/><U82/><E69/><V45/><F104/><W109/><G109/><T43/><D6/><U25/><E77/><V122/><F122/><W4/><G44/><T11/><D11/><U1/><E1/><V102/><F102/><W3/><G5/><T9/><D9/><U59/><E12/><V17/><F114/><W95/><G94/><T133/><D133/><U15/><E15/><V105/><F105/><W126/><G126/><T92/><D92/><U42/><E42/><V31/><F31/><W73/><G73/><T128/><D58/><U34/><E34/><V13/><F113/><W30/><G30/><T100/><D100/><N who="1" m="60495" /><E60/><V131/><F131/><N who="0" m="50250" /><D27/><U115/><E115/><V19/><F19/><W76/><REACH who="3" step="1"/><G95/><REACH who="3" ten="250,250,250,240" step="2"/><T87/><D87/><U79/><E79/><V101/><F101/><W20/><G20/><T121/><D121/><U97/><E97/><V66/><F22/><W40/><G40/><T78/><D78/><U117/><E117/><V120/><F21/><W112/><G112/><T46/><D49/><U37/><E37/><V71/><F120/><W41/><G41/><T85/><D85/><RYUUKYOKU ba="0,1" sc="250,10,250,10,250,-30,240,10" hai0="23,26,29,43,46,50,64,67,89,90" hai1="24,25,48,53,56,59,63,80,82,83" hai3="2,3,4,7,8,10,52,55,57,62,65,76,84" /><INIT seed="0,1,1,5,1,127" ten="260,260,220,250" oya="0" hai0="46,5,54,49,57,89,123,113,105,125,15,92,58" hai1="29,25,104,61,2,37,81,60,82,133,120,112,20" hai2="53,40,108,62,85,103,117,21,44,129,77,116,30" hai3="8,130,100,4,10,121,84,90,80,64,34,93,101"/><T106/><D123/><U83/><E2/><V102/><F108/><W87/><G121/><T97/><D113/><U22/><E104/><V36/><F30/><W7/><G34/><T19/><D125/><U32/><E37/><V128/><F21/><W74/><G130/><N who="2" m="50281" /><F77/><N who="3" m="46095" /><G64/><T33/><D33/><U35/><E120/><V0/><F0/><W1/><G74/><T14/><D106/><U96/><E112/><V131/><N who="2" m="50289" /><V38/><DORA hai="69" /><F38/><W59/><G59/><N who="0" m="22539" /><D105/><U94/><E35/><V109/><F109/><W24/><G24/><T9/><D15/><U3/><E3/><V66/><F53/><W79/><G79/><T88/><D89/><U16/><E32/><V91/><F62/><W122/><G122/><T86/><D97/><U124/><E124/><V31/><F31/><W115/><G1/><T126/><D126/><U52/><E52/><V28/><F28/><W18/><G18/><AGARI ba="1,1" hai="5,9,14,18,19,46,49,54,86,88,92" m="22539" machi="18" ten="30,2900,0" yaku="8,1,54,1" doraHai="127,69" who="0" fromWho="3" sc="260,42,260,0,220,0,250,-32" /><INIT seed="0,2,0,5,5,36" ten="302,260,220,218" oya="0" hai0="41,84,15,111,16,75,107,63,81,65,8,24,44" hai1="99,117,78,91,17,97,118,21,9,106,29,25,135" hai2="112,79,92,70,32,35,62,110,120,7,43,38,90" hai3="132,10,56,131,128,102,66,104,64,52,22,121,69"/><T6/><D75/><U109/><E78/><V30/><F120/><W127/><G121/><T61/><D107/><U116/><E135/><V60/><F112/><W47/><G132/><T67/><D111/><U49/><E109/><V72/><F110/><W89/><G102/><T125/><D125/><U73/><E73/><V19/><F7/><W13/><G104/><T124/><D124/><U45/><E106/><V23/><F79/><W28/><G127/><T11/><D67/><U48/><E48/><V55/><F72/><W18/><G69/><T59/><D63/><U87/><E9/><V34/><F30/><W20/><G47/><T108/><D108/><U114/><E29/><V122/><F122/><W12/><G28/><T100/><D100/><U83/><REACH who="1" step="1"/><E114/><REACH who="1" ten="302,250,220,218" step="2"/><V95/><F62/><N who="3" m="36103" /><G89/><T71/><D71/><U57/><E57/><V134/><F134/><W126/><G126/><T129/><D129/><N who="3" m="49737" /><G22/><N who="0" m="13383" /><D11/><U26/><E26/><V51/><F60/><W80/><G80/><T77/><D44/><U85/><E85/><V86/><F70/><W98/><G98/><T133/><D133/><U123/><E123/><V105/><F105/><W58/><G58/><T39/><D39/><U50/><E50/><V3/><F38/><W54/><G54/><AGARI ba="2,1" hai="17,21,25,45,49,54,83,87,91,97,99,116,117,118" machi="54" ten="40,1300,0" yaku="1,1,53,0" doraHai="36" doraHaiUra="88" who="1" fromWho="3" sc="302,0,250,29,220,0,218,-19" /><INIT seed="1,0,0,1,5,6" ten="302,279,220,199" oya="1" hai0="47,7,35,77,104,116,27,108,53,15,109,122,92" hai1="63,93,32,129,70,83,56,106,90,4,86,61,58" hai2="105,107,38,79,72,68,16,121,57,18,94,8,31" hai3="19,82,111,10,98,43,117,125,1,112,17,99,74"/><U127/><E106/><V60/><F68/><W91/><G1/><T66/><D104/><U85/><E32/><V78/><F121/><W26/><G74/><T134/><D116/><U135/><E135/><V102/><F38/><W103/><G112/><T71/><D92/><U59/><E127/><V9/><F31/><W100/><G125/><T62/><D77/><N who="2" m="29194" /><F72/><W88/><G43/><T48/><D122/><U76/><E129/><V22/><F107/><W75/><G75/><T46/><D134/><U44/><E70/><V28/><F105/><W42/><G42/><T124/><D124/><U113/><E113/><V133/><F133/><W87/><G111/><T11/><REACH who="0" step="1"/><D47/><REACH who="0" ten="292,279,220,199" step="2"/><U29/><E44/><V52/><F94/><N who="3" m="56647" /><G117/><T2/><D2/><U25/><REACH who="1" step="1"/><E4/><REACH who="1" ten="292,269,220,199" step="2"/><V119/><F119/><W14/><G99/><T95/><D95/><U126/><E126/><V45/><F45/><W23/><AGARI ba="0,2" hai="10,14,17,19,23,26,82,87,91,100,103" m="56647" machi="23" ten="30,4000,0" yaku="8,1,52,1,54,1" doraHai="6" who="3" fromWho="3" sc="292,-10,269,-20,220,-10,199,60" /><INIT seed="2,0,0,4,4,108" ten="282,249,210,259" oya="2" hai0="35,59,7,4,38,114,46,42,51,104,75,37,3" hai1="105,121,60,78,93,1,100,61,43,18,39,76,20" hai2="2,129,0,27,9,115,96,17,79,32,91,94,11" hai3="22,80,130,123,23,72,10,68,125,65,19,73,36"/><V126/><F129/><W54/><G123/><T113/><D75/><U16/><E1/><V87/><F126/><W14/><G36/><T124/><D104/><U133/><E105/><V132/><F132/><W45/><G73/><T119/><D35/><U28/><E133/><V50/><F115/><W74/><G72/><T31/><D31/><U128/><E128/><V134/><F134/><W112/><G130/><T52/><D3/><U8/><E121/><V56/><F0/><W84/><G74/><T66/><D4/><U118/><E118/><V127/><F127/><W33/><G33/><T64/><D7/><U71/><E71/><V117/><F117/><W77/><G125/><T47/><D119/><U70/><E70/><V69/><F69/><W88/><G112/><N who="0" m="43115" /><D124/><U107/><E107/><V135/><F135/><W86/><G86/><T120/><D120/><U116/><E116/><V58/><F2/><W5/><G77/><N who="1" m="29802" /><E43/><AGARI ba="0,0" hai="37,38,42,43,46,47,51,52,59,64,66" m="43115" machi="43" ten="30,12000,2" yaku="34,2,52,3,54,1" doraHai="108" who="0" fromWho="1" sc="282,120,249,-120,210,0,259,0" /><INIT seed="3,0,0,0,4,30" ten="402,129,210,259" oya="3" hai0="97,123,55,72,96,80,57,135,3,92,41,94,108" hai1="89,106,69,48,18,15,88,28,98,20,78,6,75" hai2="62,5,76,109,133,47,112,37,84,25,71,86,83" hai3="24,42,56,13,45,102,36,132,16,74,81,49,90"/><W59/><G132/><T120/><D3/><U17/><E69/><V12/><F133/><W119/><G119/><T70/><D135/><U125/><E125/><V21/><F112/><W0/><G0/><T128/><D70/><U79/><E6/><V107/><F107/><W53/><G102/><T100/><D41/><U51/><E28/><V99/><F109/><W14/><G14/><T116/><D55/><U65/><E65/><V4/><F99/><W22/><G59/><T122/><D57/><U52/><E75/><V66/><F12/><W27/><REACH who="3" step="1"/><G90/><REACH who="3" ten="402,129,210,249" step="2"/><N who="1" m="34922" /><E98/><V113/><F113/><W124/><G124/><T127/><D116/><U39/><E106/><V60/><F60/><W23/><G23/><T26/><D127/><U91/><N who="1" m="34930" /><U2/><DORA hai="46" /><E2/><V54/><F86/><W7/><G7/><T101/><D96/><U32/><E32/><V82/><F83/><W10/><G10/><T43/><D97/><U44/><E39/><V19/><F37/><W61/><G61/><T8/><D80/><U85/><E85/><V9/><F9/><W58/><G58/><T130/><D100/><U115/><E115/><V64/><F64/><W129/><G129/><T126/><D101/><U63/><E63/><V11/><F11/><W34/><G34/><T93/><D126/><U50/><E18/><V35/><F35/><W67/><G67/><T134/><D130/><U87/><E87/><V73/><F73/><W110/><G110/><T114/><D72/><U68/><E68/><V131/><F131/><W40/><G40/><T29/><D128/><U1/><E1/><RYUUKYOKU ba="0,1" sc="402,-30,129,10,210,10,249,10" hai1="15,17,20,44,48,50,51,52,78,79" hai2="4,5,19,21,25,47,54,62,66,71,76,82,84" hai3="13,16,22,24,27,36,42,45,49,53,56,74,81" /><INIT seed="3,1,1,5,4,4" ten="372,139,220,259" oya="3" hai0="5,62,78,133,64,95,70,132,33,81,34,41,103" hai1="59,29,67,25,121,110,73,15,79,106,46,96,75" hai2="101,115,47,119,84,28,26,87,108,21,6,120,44" hai3="61,14,94,104,23,52,2,77,18,57,124,100,31"/><W19/><G104/><T49/><D5/><U66/><E110/><V74/><F108/><W114/><G114/><T90/><D103/><U126/><E121/><V16/><F74/><W54/><G2/><T60/><D60/><U56/><E126/><V9/><F115/><W83/><G31/><T45/><D90/><U112/><E112/><V98/><F119/><W127/><G54/><T76/><D95/><U35/><E46/><V50/><F120/><W32/><G32/><N who="0" m="12395" /><D81/><U24/><E79/><V27/><F47/><W86/><G94/><T122/><D122/><U11/><E96/><V8/><F6/><W0/><G0/><T128/><D128/><U22/><E106/><V53/><F27/><W51/><G100/><T88/><D88/><U92/><E92/><N who="2" m="58567" /><F28/><W20/><REACH who="3" step="1"/><G61/><REACH who="3" ten="372,139,220,249" step="2"/><T68/><D62/><U12/><E35/><V17/><F17/><W131/><G131/><T48/><D64/><U36/><E29/><V85/><AGARI ba="1,2" hai="8,9,16,21,26,44,50,53,84,85,87" m="58567" machi="85" ten="30,7900,0" yaku="8,1,52,2,54,1" doraHai="4" who="2" fromWho="2" sc="372,-21,139,-21,220,102,249,-40" /><INIT seed="4,0,0,0,3,64" ten="351,118,322,209" oya="0" hai0="63,113,53,93,115,116,8,104,57,102,55,105,99" hai1="17,62,44,10,74,0,16,12,26,94,95,23,77" hai2="109,45,11,4,60,59,7,101,33,9,108,72,34" hai3="126,129,119,79,84,5,73,38,92,128,69,22,28"/><T125/><D116/><U123/><E123/><V133/><F72/><W82/><G119/><T19/><D125/><U51/><E0/><V91/><F101/><W132/><G126/><T103/><D55/><U76/><E62/><V127/><F127/><W42/><G42/><T131/><D131/><N who="3" m="50249" /><G38/><T130/><D130/><U36/><E36/><V81/><F133/><W118/><G118/><T29/><D29/><U24/><E24/><V107/><F107/><W97/><G5/><T68/><D103/><U18/><E18/><V121/><F121/><W110/><G110/><T52/><D53/><U43/><REACH who="1" step="1"/><E74/><REACH who="1" ten="351,108,322,209" step="2"/><V111/><F109/><W96/><G73/><T54/><D113/><U70/><E70/><V21/><F111/><W31/><G69/><T100/><D115/><U2/><E2/><V27/><F108/><W20/><G132/><T117/><D117/><U46/><E46/><V14/><F45/><W67/><G67/><N who="0" m="41087" /><D105/><U58/><E58/><V3/><F60/><W134/><G134/><T39/><D57/><U88/><E88/><V114/><F59/><W90/><G97/><N who="0" m="61455" /><D39/><U86/><E86/><V75/><F114/><W48/><G48/><T98/><D98/><U83/><E83/><V120/><F120/><W49/><G49/><T25/><D25/><U13/><E13/><V89/><F89/><W80/><G80/><T35/><D35/><U85/><E85/><N who="2" m="50607" /><F75/><W66/><G66/><T78/><D78/><AGARI ba="0,1" hai="10,12,16,17,23,26,43,44,51,76,77,78,94,95" machi="78" ten="40,8000,1" yaku="1,1,8,1,54,1,53,1" doraHai="64" doraHaiUra="40" who="1" fromWho="0" sc="351,-80,108,90,322,0,209,0" /><INIT seed="5,0,0,0,4,94" ten="271,198,322,209" oya="1" hai0="108,135,65,134,84,111,110,81,69,43,129,8,128" hai1="123,70,112,113,7,119,42,32,57,41,54,118,86" hai2="33,82,26,27,91,38,13,19,15,28,117,80,85" hai3="10,67,2,101,71,92,60,114,98,59,87,96,37"/><U18/><E32/><V36/><F117/><N who="1" m="44553" /><E7/><V20/><REACH who="2" step="1"/><F82/><REACH who="2" ten="271,198,312,209" step="2"/><W99/><G114/><N who="1" m="44138" /><E123/><V74/><F74/><W116/><G116/><T58/><D65/><U9/><E70/><V47/><F47/><W120/><G71/><T115/><D58/><U126/><E126/><V78/><F78/><W6/><G120/><T45/><D69/><U4/><E86/><V48/><F48/><W77/><REACH who="3" step="1"/><G37/><AGARI ba="0,1" hai="13,15,19,20,26,27,28,33,36,37,38,80,85,91" machi="37" ten="40,2600,0" yaku="1,1,53,1" doraHai="94" doraHaiUra="14" who="2" fromWho="3" sc="271,0,198,0,312,36,209,-26" /><INIT seed="6,0,0,0,3,95" ten="271,198,348,183" oya="2" hai0="66,48,124,21,90,86,42,68,125,37,3,4,134" hai1="10,29,73,27,122,56,108,93,26,18,81,120,117" hai2="20,8,69,2,41,28,31,33,40,17,51,67,44" hai3="100,99,128,77,129,36,53,75,70,6,85,126,0"/><V63/><F33/><W111/><G111/><T30/><D37/><U16/><E117/><V24/><REACH who="2" step="1"/><F41/><REACH who="2" ten="271,198,338,183" step="2"/><W39/><G36/><T45/><D42/><U123/><E108/><V47/><F47/><W78/><G39/><T15/><D45/><U7/><E120/><V43/><F43/><W112/><G128/><T14/><D125/><U127/><E122/><V97/><F97/><W12/><G129/><T72/><D124/><U115/><E123/><V107/><F107/><W102/><G126/><T105/><D105/><U104/><E104/><V55/><F55/><W49/><G99/><T19/><D134/><U65/><E127/><V25/><F25/><W106/><G53/><T46/><D46/><U91/><E27/><V35/><F35/><W133/><G106/><T50/><D66/><U11/><E26/><V130/><F130/><W23/><G112/><T88/><D72/><U61/><E73/><V113/><F113/><W118/><G75/><T60/><D86/><U5/><E115/><V89/><F89/><W54/><G85/><T71/><D90/><U58/><E91/><V83/><F83/><W82/><G54/><T79/><D88/><U92/><E81/><V34/><F34/><W13/><G82/><T114/><D114/><U80/><E80/><V9/><F9/><W101/><G133/><T110/><D110/><U135/><E65/><V22/><F22/><W32/><G23/><T109/><D21/><U52/><E135/><V116/><F116/><W131/><G32/><T119/><D109/><U132/><E132/><V121/><F121/><W57/><G131/><RYUUKYOKU ba="0,1" sc="271,-10,198,-10,338,30,183,-10" hai2="2,8,17,20,24,28,31,40,44,51,63,67,69" /><INIT seed="6,1,1,4,2,53" ten="261,188,368,173" oya="2" hai0="92,117,109,33,131,4,74,100,62,111,12,127,34" hai1="72,48,39,113,18,45,43,128,21,26,25,116,56" hai2="124,135,133,88,105,38,114,107,77,123,84,61,93" hai3="63,40,80,112,58,85,23,119,55,59,16,5,14"/><V86/><F38/><W35/><G119/><T97/><D74/><U44/><E116/><V94/><F61/><N who="3" m="36063" /><G35/><T98/><D127/><U64/><E113/><V52/><F114/><W7/><G40/><T70/><D131/><U76/><E128/><V81/><F124/><W101/><G101/><T69/><D12/><U2/><E2/><V90/><F52/><N who="3" m="34279" /><G112/><T49/><D4/><U11/><E11/><V134/><REACH who="2" step="1"/><F123/><REACH who="2" ten="261,188,358,173" step="2"/><W89/><AGARI ba="1,2" hai="5,7,14,16,23,80,85,89" m="34279,36063" machi="89" ten="30,8000,1" yaku="8,1,52,2,54,2" doraHai="53" who="3" fromWho="3" sc="261,-21,188,-21,358,-41,173,103" /><INIT seed="7,0,0,1,2,89" ten="240,167,317,276" oya="3" hai0="94,56,118,88,84,127,90,3,107,8,61,122,36" hai1="14,4,45,53,48,57,11,102,74,34,77,131,19" hai2="52,85,68,70,49,31,26,130,117,123,29,38,86" hai3="92,114,104,12,9,47,67,126,16,135,63,96,43"/><W25/><G104/><T58/><D107/><U91/><E131/><V80/><F38/><W10/><G114/><T108/><D118/><U112/><E112/><V50/><F117/><W109/><G109/><T66/><D122/><U76/><E34/><V105/><F105/><W17/><G135/><T101/><D101/><U55/><E102/><V39/><F39/><W51/><G126/><T69/><D127/><U1/><E74/><V21/><F130/><W99/><G99/><T46/><D108/><U134/><E134/><V23/><F123/><W124/><G124/><T15/><D3/><U0/><E0/><V62/><F62/><W132/><G132/><T83/><D46/><U27/><E1/><V103/><F103/><N who="3" m="60807" /><G25/><T119/><D36/><U106/><E106/><V81/><F26/><W64/><G63/><T32/><D32/><U78/><E91/><V79/><F52/><W33/><G33/><T24/><D24/><U2/><E2/><V87/><F87/><W97/><G97/><T128/><D128/><U42/><REACH who="1" step="1"/><E57/><REACH who="1" ten="240,157,317,276" step="2"/><V95/><F79/><W116/><G116/><T40/><D119/><U121/><E121/><V44/><F44/><W35/><G35/><T82/><D58/><U65/><E65/><V115/><F115/><W98/><G67/><T30/><D56/><U111/><E111/><V41/><F68/><W22/><G64/><T5/><D69/><U59/><E59/><V54/><F70/><W100/><G100/><T20/><D66/><U71/><E71/><V28/><F81/><W7/><G47/><T60/><D83/><U113/><E113/><RYUUKYOKU ba="0,1" sc="240,-10,157,30,317,-10,276,-10" hai1="4,11,14,19,27,42,45,48,53,55,76,77,78" owari="230,-17.0,187,-31.0,317,41.0,266,7.0" /></mjloggm>