<mjloggm ver="2.3"><GO type="169" lobby="0"/><UN n0="%6E%6E%6E%6E%6E%6E" n1="%65%72%61%6E%76%69%74%61" n2="%E8%A5%BF%E9%A2%A8%E9%80%A3%E6%89%93" n3="%E5%B0%B1%E6%B4%BB%E7%94%9F%40%E5%B7%9D%E6%9D%91%E8%BB%8D%E5%9B%A3" dan="17,16,16,16" rate="2149.61,2102.06,2154.43,2092.72" sx="M,M,M,M"/><TAIKYOKU oya="0"/><INIT seed="0,0,0,4,2,31" ten="250,250,250,250" oya="0" hai0="19,112,46,129,92,12,106,50,110,41,24,130,81" hai1="109,104,52,77,22,107,75,72,102,66,61,97,33" hai2="35,83,1,15,48,29,133,124,68,95,37,0,51" hai3="76,94,27,43,78,119,58,121,79,18,82,65,100"/><T88/><D112/><U116/><E116/><V70/><F124/><W57/><G119/><T96/><D106/><U30/><E107/><V45/><F83/><W39/><G121/><T2/><D2/><U122/><E122/><V56/><F15/><W9/><G39/><T89/><D24/><U53/><E22/><V131/><F131/><N who="0" m="50186" /><D110/><U40/><E40/><V54/><F37/><W105/><G105/><T135/><D135/><U25/><E109/><V118/><F133/><W34/><G43/><T62/><D62/><U90/><E90/><V84/><F0/><W26/><G82/><T87/><D19/><U38/><E38/><V113/><F1/><W14/><G65/><T71/><D12/><U28/><E28/><V55/><F113/><W42/><G42/><T49/><D71/><N who="1" m="42447" /><E77/><V120/><F120/><W5/><G27/><T32/><D49/><U127/><E127/><V99/><F118/><W63/><G63/><T20/><D20/><U16/><E16/><V6/><F6/><W114/><G114/><T4/><D4/><U21/><E21/><V98/><F70/><W69/><G69/><T8/><D8/><U132/><E132/><V73/><F68/><W128/><G128/><T23/><D23/><U126/><E126/><V91/><F73/><AGARI ba="0,0" hai="25,30,33,52,53,72,73,75,97,102,104" m="42447" machi="73" ten="30,3900,0" yaku="25,1,52,1,54,1" doraHai="31" who="1" fromWho="2" sc="250,0,250,39,250,-39,250,0" /><INIT seed="1,0,0,2,3,113" ten="250,289,211,250" oya="1" hai0="94,17,58,130,38,37,107,112,106,11,99,35,9" hai1="15,43,33,65,120,0,40,85,117,19,80,66,133" hai2="79,92,27,12,127,104,18,86,122,13,20,123,2" hai3="124,47,8,59,95,10,108,119,88,70,121,74,28"/><U51/><E0/><V111/><F111/><W78/><G70/><T48/><D112/><U110/><E33/><V105/><F2/><W82/><G121/><T25/><D130/><U75/><E75/><V72/><F72/><W100/><G108/><T6/><D38/><U14/><E120/><V44/><F127/><W77/><G77/><T16/><D37/><U114/><E114/><V34/><F123/><W68/><G68/><T62/><D48/><U22/><E110/><V49/><F122/><W39/><G28/><T118/><D11/><U26/><E133/><V84/><F86/><W45/><G100/><T32/><D118/><U54/><E117/><V57/><F57/><W23/><G119/><T4/><D4/><U63/><E43/><V116/><F116/><W60/><G23/><N who="0" m="13543" /><D17/><U132/><E40/><V30/><F12/><N who="1" m="4649" /><E132/><V129/><F129/><W53/><G124/><T55/><D107/><U126/><E63/><V56/><F56/><W69/><G69/><T87/><D106/><U89/><E126/><V101/><F79/><W90/><G39/><T115/><D115/><U52/><E54/><V73/><F73/><W109/><G109/><T21/><D21/><U46/><AGARI ba="0,0" hai="19,22,26,46,51,52,65,66,80,85,89" m="4649" machi="46" ten="30,3000,0" yaku="8,1,54,1" doraHai="113" who="1" fromWho="1" sc="250,-10,289,30,211,-10,250,-10" /><INIT seed="1,1,0,0,1,110" ten="240,319,201,240" oya="1" hai0="120,7,31,50,80,38,48,134,53,40,127,95,77" hai1="22,131,39,90,11,82,33,78,98,52,44,2,55" hai2="67,72,71,26,101,47,69,6,28,24,56,83,45" hai3="76,108,49,17,85,59,109,57,18,84,97,130,115"/><U54/><E33/><V36/><F6/><W105/><G130/><T68/><D68/><U30/><E131/><V75/><F101/><W12/><G76/><T118/><D118/><U87/><E30/><V125/><F26/><W65/><G65/><T121/><D127/><U135/><E135/><V104/><F104/><W43/><G105/><T0/><D95/><U117/><E22/><V35/><F125/><W46/><G97/><T20/><D134/><U123/><E123/><N who="0" m="47177" /><D20/><U15/><E2/><V9/><F9/><W116/><G116/><T51/><D53/><U128/><E128/><V60/><F47/><W32/><G32/><T99/><D99/><U86/><E98/><V19/><F19/><W14/><G46/><N who="0" m="23831" /><D31/><U88/><E117/><V70/><REACH who="2" step="1"/><F83/><REACH who="2" ten="240,319,191,240" step="2"/><W58/><G18/><T79/><D80/><N who="1" m="49223" /><E39/><V96/><F96/><W124/><G17/><T41/><D41/><AGARI ba="1,1" hai="24,28,35,36,41,45,56,60,67,69,70,71,72,75" machi="41" ten="40,1300,0" yaku="1,1,53,0" doraHai="110" doraHaiUra="13" who="2" fromWho="0" sc="240,-16,319,0,191,26,240,0" /><INIT seed="2,0,0,4,2,115" ten="224,319,217,240" oya="2" hai0="131,24,119,100,98,86,33,105,76,84,42,122,109" hai1="27,10,70,83,117,0,135,104,4,112,26,91,75" hai2="102,50,127,89,87,3,123,56,11,133,58,34,66" hai3="97,5,35,1,25,37,29,60,67,30,111,48,120"/><V95/><F123/><W71/><G120/><T47/><D122/><U107/><E112/><V73/><F133/><W101/><G30/><T39/><D131/><U18/><E135/><V90/><F73/><W52/><G37/><T23/><D109/><U65/><E27/><V132/><F132/><W110/><G5/><T88/><D76/><U81/><E81/><V19/><F34/><W134/><G1/><T116/><D33/><U57/><E70/><V118/><F127/><W96/><G134/><T79/><D79/><U17/><E18/><V85/><F102/><W2/><G2/><T45/><D45/><U20/><E117/><N who="0" m="45129" /><D88/><U31/><E91/><V63/><F118/><W113/><G113/><T43/><D43/><U53/><E83/><V82/><F3/><W72/><G72/><T62/><D62/><U68/><E75/><V121/><F121/><W93/><REACH who="3" step="1"/><G96/><REACH who="3" ten="224,319,217,230" step="2"/><T8/><D8/><U114/><E114/><V9/><F11/><W64/><G64/><T61/><D61/><U128/><E65/><V55/><F9/><W92/><G92/><T78/><D78/><U129/><E129/><V94/><F94/><W59/><AGARI ba="0,1" hai="25,29,35,48,52,59,60,67,71,93,97,101,110,111" machi="59" ten="30,4000,0" yaku="1,1,0,1,54,1,53,0" doraHai="115" doraHaiUra="13" who="3" fromWho="3" sc="224,-10,319,-10,217,-20,230,50" /><INIT seed="3,0,0,3,4,73" ten="214,309,197,280" oya="3" hai0="88,21,103,122,113,133,121,98,43,78,34,42,18" hai1="0,74,101,41,56,11,97,92,63,65,45,15,66" hai2="24,33,48,52,84,58,23,117,6,91,129,132,105" hai3="123,108,127,3,7,106,12,114,16,80,10,22,111"/><W75/><G106/><T118/><D118/><U44/><E0/><V77/><F117/><W94/><G123/><T79/><D34/><U131/><E131/><V9/><F129/><W59/><G114/><T130/><D130/><U86/><E74/><V82/><F33/><W39/><G39/><T17/><D113/><U70/><E86/><V54/><F105/><W30/><G127/><T62/><D133/><U87/><E87/><V95/><F132/><W81/><G94/><N who="0" m="56647" /><D122/><U13/><E41/><N who="0" m="15369" /><D103/><U47/><E15/><N who="2" m="5559" /><F54/><W51/><G30/><T115/><D115/><U8/><E8/><V53/><F53/><N who="3" m="32191" /><G75/><T89/><D89/><U55/><REACH who="1" step="1"/><E70/><REACH who="1" ten="214,299,197,280" step="2"/><V28/><F95/><W96/><G96/><T124/><D121/><U67/><E67/><V69/><F69/><W107/><G107/><T36/><D124/><U29/><E29/><V68/><F68/><W64/><G64/><T71/><D71/><U57/><E57/><V5/><F5/><AGARI ba="0,1" hai="5,11,13,44,45,47,55,56,63,65,66,92,97,101" machi="5" ten="40,8000,1" yaku="1,1,8,1,53,2" doraHai="73" doraHaiUra="61" who="1" fromWho="2" sc="214,0,299,90,197,-80,280,0" /><INIT seed="4,0,0,2,4,124" ten="214,389,117,280" oya="0" hai0="127,95,29,71,7,49,47,33,97,100,68,54,72" hai1="96,11,135,36,92,112,89,67,8,102,19,27,90" hai2="2,38,61,34,123,20,32,104,120,69,45,133,1" hai3="18,22,4,110,128,134,31,26,106,40,119,80,109"/><T74/><D127/><U65/><E36/><V94/><F104/><W93/><G106/><T108/><D108/><U12/><E135/><V131/><F133/><W78/><G119/><T13/><D29/><U28/><E8/><V6/><F20/><W56/><G134/><T105/><D33/><N who="2" m="12906" /><F94/><W60/><G40/><T83/><D105/><U44/><E44/><V24/><F24/><W48/><G48/><T122/><D122/><N who="2" m="46634" /><F45/><W55/><G4/><T118/><D83/><U66/><E112/><V103/><F103/><W116/><G116/><T5/><D118/><U99/><E96/><V115/><F38/><W52/><G31/><T50/><D50/><U10/><E10/><N who="2" m="2383" /><F2/><W64/><G93/><T59/><D47/><U98/><E98/><V39/><F39/><W126/><G126/><T77/><D95/><U21/><AGARI ba="0,0" hai="11,12,19,21,27,28,65,66,67,89,90,92,99,102" machi="21" ten="30,2000,0" yaku="0,1,8,1" doraHai="124" who="1" fromWho="1" sc="214,-10,389,20,117,-5,280,-5" /><INIT seed="5,0,0,0,5,100" ten="204,409,112,275" oya="1" hai0="98,44,116,52,66,89,27,43,13,101,135,85,46" hai1="122,2,97,50,42,86,65,88,75,120,134,64,80" hai2="25,57,93,49,26,20,71,106,21,40,19,69,117" hai3="29,35,109,0,23,127,107,3,99,60,62,74,56"/><U102/><E2/><V87/><F117/><W22/><G109/><T5/><D116/><U6/><E6/><V112/><F112/><W123/><G74/><T130/><D66/><U128/><E134/><V82/><F93/><W115/><G123/><T38/><D27/><U114/><E114/><V111/><F111/><W14/><G115/><T34/><D34/><U92/><E128/><V37/><F37/><W72/><G60/><T32/><D32/><U121/><E42/><V24/><F106/><W36/><G72/><T73/><D73/><U81/><E50/><V28/><F26/><W91/><G23/><T45/><D135/><U10/><E10/><V12/><F12/><W33/><G36/><T54/><D130/><U124/><E124/><V77/><REACH who="2" step="1"/><F57/><REACH who="2" ten="204,409,102,275" step="2"/><W129/><G107/><T84/><D38/><U11/><E122/><V118/><F118/><W7/><G14/><T47/><D13/><U94/><E121/><V41/><F41/><W9/><G0/><T8/><D43/><U30/><E94/><V119/><F119/><W110/><G110/><T104/><D104/><U105/><E105/><V113/><F113/><W48/><G129/><T90/><D45/><AGARI ba="0,1" hai="19,20,21,24,25,28,40,45,49,69,71,77,82,87" machi="45" ten="40,1300,0" yaku="1,1,53,0" doraHai="100" doraHaiUra="55" who="2" fromWho="0" sc="204,-13,409,0,102,23,275,0" /><INIT seed="6,0,0,5,0,74" ten="191,409,125,275" oya="2" hai0="105,10,91,36,84,80,56,67,135,112,22,96,11" hai1="107,101,3,33,98,108,13,1,85,125,50,97,52" hai2="15,38,16,62,5,51,92,103,28,41,71,122,119" hai3="95,124,29,75,20,114,46,79,113,40,77,87,102"/><V134/><F122/><W64/><G75/><T109/><D109/><U120/><E33/><V24/><F119/><W128/><G64/><T63/><D36/><U53/><E108/><V35/><F134/><W69/><G69/><T104/><D112/><N who="3" m="43113" /><G128/><T126/><D126/><U90/><E125/><V100/><F5/><W49/><G124/><T39/><D39/><U42/><E42/><V47/><F38/><W44/><G44/><T43/><D43/><U45/><E53/><V37/><F37/><W82/><G102/><T123/><D123/><U76/><E76/><V26/><F24/><N who="3" m="16519" /><G95/><N who="0" m="56447" /><D105/><U117/><E117/><V106/><F106/><W83/><G83/><T129/><D129/><U88/><E98/><V7/><F7/><W73/><G73/><T121/><D135/><U78/><E120/><V89/><F71/><W34/><G34/><T19/><D104/><U57/><E107/><V66/><F66/><W118/><G118/><T81/><D81/><U86/><E101/><V111/><F111/><W55/><G40/><T12/><D121/><U70/><E97/><V23/><REACH who="2" step="1"/><F62/><REACH who="2" ten="191,409,115,275" step="2"/><W4/><G4/><T133/><D133/><U93/><E70/><V116/><F116/><W115/><G115/><T58/><D58/><U2/><E57/><V68/><F68/><W130/><G130/><T99/><D99/><AGARI ba="0,1" hai="15,16,23,26,28,35,41,47,51,89,92,99,100,103" machi="99" ten="30,5800,0" yaku="1,1,7,1,54,1,53,0" doraHai="74" doraHaiUra="131" who="2" fromWho="0" sc="191,-58,409,0,115,68,275,0" /><INIT seed="6,1,0,0,3,114" ten="133,409,183,275" oya="2" hai0="7,134,27,100,49,28,52,72,59,34,109,106,50" hai1="87,81,76,2,51,95,121,56,45,62,115,130,113" hai2="4,126,90,13,85,16,133,10,61,39,110,25,31" hai3="54,125,118,44,43,17,0,96,71,40,135,116,24"/><V57/><F39/><W79/><G0/><T8/><D109/><U55/><E121/><V9/><F110/><W36/><G79/><T132/><D72/><U122/><E2/><V74/><F74/><W73/><G73/><T5/><D50/><U131/><E95/><V58/><F133/><W77/><G77/><T37/><D37/><U92/><E92/><V123/><F123/><W11/><G71/><T47/><D47/><U111/><E122/><V127/><F9/><W78/><G78/><T97/><REACH who="0" step="1"/><D5/><REACH who="0" ten="123,409,183,275" step="2"/><U108/><E108/><V94/><F4/><W41/><G44/><T3/><AGARI ba="1,1" hai="3,7,8,27,28,34,49,52,59,97,100,106,132,134" machi="3" ten="30,8000,1" yaku="1,1,2,1,0,1,54,1,53,1" doraHai="114" doraHaiUra="93" who="0" fromWho="0" sc="123,93,409,-21,183,-41,275,-21" /><INIT seed="7,0,0,3,0,113" ten="216,388,142,254" oya="3" hai0="13,73,117,47,114,56,123,71,55,65,125,134,50" hai1="68,84,81,40,12,115,77,119,99,91,85,15,110" hai2="18,26,43,131,87,64,130,57,33,62,41,3,35" hai3="14,66,38,31,106,126,88,39,93,54,101,2,32"/><W104/><G2/><T133/><D73/><U132/><E68/><V96/><F3/><W111/><G66/><T105/><D105/><U44/><E110/><V95/><F87/><W69/><G69/><T79/><D79/><U127/><E119/><V128/><F18/><W59/><G126/><T34/><D117/><U19/><E127/><V52/><F64/><W90/><G111/><T9/><D123/><U67/><E67/><V30/><REACH who="2" step="1"/><F35/><REACH who="2" ten="216,388,132,254" step="2"/><W121/><G32/><T22/><D34/><U80/><E99/><V83/><F83/><W61/><G31/><T6/><D125/><U102/><E102/><AGARI ba="0,1" hai="26,30,33,41,43,52,57,62,95,96,102,128,130,131" machi="102" ten="40,5200,0" yaku="1,1,19,1,54,1,53,0" doraHai="113" doraHaiUra="8" who="2" fromWho="1" sc="216,0,388,-52,132,62,254,0" owari="216,-18.0,336,44.0,194,-31.0,254,5.0" /></mjloggm>