<mjloggm ver="2.3"><GO type="97" lobby="0"/><UN n0="%E5%B0%B1%E6%B4%BB%E7%94%9F%40%E5%B7%9D%E6%9D%91%E8%BB%8D%E5%9B%A3" n1="%E9%A6%AC%E9%B9%BF%E3%81%A0%E3%81%AA%E4%BF%BA" n2="%6E%61%74%73%75%72%6F%75" n3="%E3%81%91%E3%81%84%E3%81%8F%E3%82%93" dan="15,14,15,14" rate="2021.02,1919.67,1955.06,1920.80" sx="M,M,M,M"/><TAIKYOKU oya="0"/><INIT seed="0,0,0,0,5,66" ten="250,250,250,250" oya="0" hai0="48,68,119,113,120,78,96,132,100,10,83,47,98" hai1="121,129,12,79,34,9,114,106,6,43,109,93,77" hai2="117,92,31,62,88,30,71,99,61,38,45,123,112" hai3="84,87,0,102,103,116,17,33,39,130,25,11,104"/><T72/><D119/><U42/><E121/><V128/><F123/><W8/><G116/><T110/><D113/><U127/><E106/><V28/><F117/><W3/><G39/><T124/><D120/><U41/><E114/><V80/><F112/><W69/><G69/><T122/><D122/><U29/><E127/><V91/><F128/><W13/><G130/><T26/><D124/><U95/><E129/><V52/><F71/><W2/><G11/><T134/><D68/><U7/><E109/><V111/><F111/><W70/><G70/><T44/><D110/><U53/><E53/><V14/><F14/><W56/><G56/><T32/><D10/><U86/><E7/><V63/><F38/><W97/><G103/><T50/><D100/><U74/><E74/><V107/><F107/><W76/><REACH who="3" step="1"/><G76/><REACH who="3" ten="250,250,250,240" step="2"/><T49/><D47/><U4/><E79/><V24/><F45/><W58/><G58/><T5/><D5/><U82/><E6/><V125/><F125/><W85/><G85/><T65/><D44/><U135/><E135/><N who="0" m="51753" /><D65/><U22/><E34/><V73/><F73/><W15/><G15/><T60/><D60/><U51/><E51/><V21/><F63/><W89/><G89/><T23/><D32/><U67/><E67/><V55/><F62/><W27/><G27/><AGARI ba="0,1" hai="4,9,12,22,27,29,41,42,43,77,82,86,93,95" machi="27" ten="40,1300,0" yaku="8,1" doraHai="66" who="1" fromWho="3" sc="250,0,250,23,250,0,240,-13" /><INIT seed="1,0,0,2,2,104" ten="250,273,250,227" oya="1" hai0="103,96,13,106,16,44,34,83,50,20,54,99,79" hai1="90,36,56,65,85,91,114,130,110,2,119,101,49" hai2="61,134,128,102,87,45,116,0,25,131,10,125,111" hai3="11,38,88,15,124,55,100,71,105,97,112,117,18"/><U42/><E119/><V95/><F116/><W123/><G112/><T78/><D34/><U72/><E114/><V113/><F113/><W5/><G123/><T32/><D32/><U33/><E33/><V48/><F111/><W93/><G117/><T8/><D99/><U57/><E2/><V22/><F125/><W76/><G124/><T109/><D109/><U82/><E110/><V126/><F126/><W12/><G71/><T21/><REACH who="0" step="1"/><D78/><REACH who="0" ten="240,273,250,227" step="2"/><U70/><E130/><V6/><F131/><W122/><G76/><T66/><D66/><U74/><E101/><V53/><F128/><W58/><G38/><T121/><D121/><U30/><E91/><V80/><F102/><W133/><G122/><T59/><D59/><U75/><E56/><V24/><F134/><W35/><G35/><T43/><D43/><U89/><E89/><V63/><F45/><W68/><G68/><T4/><D4/><U41/><E70/><V1/><F6/><W26/><G133/><T67/><D67/><U118/><E36/><V17/><F53/><W94/><G105/><T62/><D62/><U29/><E118/><V135/><F61/><N who="3" m="36063" /><G5/><T46/><D46/><U92/><E65/><V64/><F63/><W81/><G81/><T73/><AGARI ba="0,1" hai="8,13,16,20,21,44,50,54,73,79,83,96,103,106" machi="73" ten="20,8000,1" yaku="1,1,0,1,7,1,52,1,54,1,53,0" doraHai="104" doraHaiUra="129" who="0" fromWho="0" sc="240,90,273,-40,250,-20,227,-20" /><INIT seed="2,0,0,0,1,134" ten="330,233,230,207" oya="2" hai0="119,2,69,82,125,118,114,135,74,90,124,68,103" hai1="45,25,81,20,104,105,26,44,8,111,33,40,7" hai2="36,18,122,72,43,112,129,46,84,27,88,16,32" hai3="123,116,41,89,93,110,100,120,101,34,59,86,22"/><V14/><F122/><W29/><G34/><T131/><D2/><U51/><E111/><V133/><F112/><W128/><G116/><N who="0" m="44587" /><D114/><U48/><E33/><V94/><F133/><W115/><G115/><T92/><D135/><U62/><E62/><V47/><F72/><W108/><G41/><T21/><D131/><U85/><E104/><V31/><F129/><W96/><G128/><T49/><D49/><U73/><E105/><V63/><F46/><W99/><G59/><T53/><D53/><U35/><E35/><V50/><F36/><W75/><G22/><T126/><D21/><U24/><E73/><V1/><F1/><W87/><G29/><T76/><D103/><N who="3" m="39497" /><G75/><T107/><D107/><U121/><E121/><N who="3" m="46666" /><G86/><AGARI ba="0,0" hai="68,69,74,76,82,86,90,92,124,125,126" m="44587" machi="86" ten="40,8000,1" yaku="18,1,12,1,52,3" doraHai="134" who="0" fromWho="3" sc="330,80,233,0,230,0,207,-80" /><INIT seed="3,0,0,2,3,60" ten="410,233,230,127" oya="3" hai0="7,127,4,37,23,98,80,70,132,90,57,91,107" hai1="108,19,125,71,102,86,49,46,133,11,76,22,47" hai2="48,26,9,63,0,73,27,110,12,65,58,67,116" hai3="109,89,97,92,96,51,83,52,24,75,5,119,2"/><W18/><G119/><T61/><D70/><U14/><E71/><V54/><F73/><W72/><G109/><T25/><D37/><U45/><E108/><V77/><F110/><W17/><G2/><T31/><D132/><U104/><E133/><V1/><F116/><W56/><G5/><T99/><D127/><U105/><E125/><V88/><F77/><W100/><G75/><T74/><D74/><U35/><E35/><V93/><F0/><W64/><G72/><T85/><D107/><U111/><E111/><V120/><F1/><W134/><G134/><T13/><D91/><U69/><E69/><V33/><F33/><W3/><G3/><T38/><D38/><U66/><E66/><N who="2" m="25099" /><F63/><N who="3" m="37991" /><G24/><T78/><D78/><U59/><E104/><V121/><F121/><W40/><G40/><T68/><D68/><U126/><E105/><V15/><F120/><W103/><G83/><T128/><D128/><U123/><E126/><V122/><F122/><W115/><G115/><T87/><D7/><U84/><E123/><V94/><F94/><N who="3" m="58423" /><G103/><T44/><D80/><U41/><E102/><V8/><F12/><W112/><G112/><T21/><D13/><N who="1" m="9583" /><E76/><V6/><F9/><W95/><G95/><T117/><D25/><U79/><E79/><V114/><F114/><W118/><G118/><T42/><D4/><N who="1" m="3431" /><E41/><V50/><F50/><W20/><G20/><T129/><D23/><U113/><E113/><V39/><F39/><W106/><G106/><T32/><D21/><U30/><E30/><V36/><F36/><W101/><G101/><T82/><D42/><U135/><E135/><RYUUKYOKU ba="0,0" sc="410,-30,233,10,230,10,127,10" hai1="45,46,47,49,59,84,86" hai2="6,8,15,26,27,48,54,58,88,93" hai3="17,18,51,52,89,92,96" /><INIT seed="3,1,0,4,0,35" ten="380,243,240,137" oya="3" hai0="110,1,120,54,58,26,99,80,16,8,37,33,17" hai1="45,30,135,27,10,127,90,64,94,5,108,36,118" hai2="106,109,103,101,83,112,0,21,85,89,51,57,62" hai3="49,107,76,78,113,23,91,41,12,63,6,20,125"/><W92/><G107/><T46/><D110/><U86/><E108/><V55/><F109/><W32/><G32/><T53/><D120/><U116/><E64/><V117/><F112/><W75/><G75/><T115/><D115/><U77/><E77/><N who="3" m="29802" /><G125/><T39/><D1/><U19/><E127/><V119/><F0/><W42/><G63/><T3/><D80/><U66/><E66/><V132/><F132/><W131/><G131/><T48/><D3/><N who="1" m="319" /><E19/><V59/><F106/><W74/><G74/><T73/><D73/><U24/><E135/><V22/><F119/><N who="1" m="45609" /><E30/><V100/><F117/><W43/><G49/><T104/><D53/><AGARI ba="1,0" hai="21,22,51,53,55,57,59,62,83,85,89,100,101,103" machi="53" ten="40,1300,0" yaku="8,1" doraHai="35" who="2" fromWho="0" sc="380,-16,243,0,240,16,137,0" owari="364,46.0,243,-16.0,256,6.0,137,-36.0" /></mjloggm>