<mjloggm ver="2.3"><GO type="225" lobby="0"/><UN n0="%E3%83%88%E3%83%88%E3%83%AA%E5%85%88%E7%94%9F%31%39%E6%AD%B3" n1="%63%6F%61" n2="%E3%81%8A%E3%81%BE%E3%81%A4%E3%82%8A" n3="%E3%82%B4%E3%83%BC%E3%83%AB%E3%83%87%E3%83%B3%E3%81%B2%E3%82%88%E3%81%93" dan="16,16,16,17" rate="2177.42,2155.33,2040.47,2166.91" sx="F,M,M,M"/><TAIKYOKU oya="0"/><INIT seed="0,0,0,2,2,52" ten="250,250,250,250" oya="0" hai0="67,48,16,81,127,95,62,6,22,126,76,59,29" hai1="47,11,38,118,49,121,123,110,27,105,108,83,19" hai2="2,114,113,31,15,74,78,4,35,88,36,32,50" hai3="34,82,96,42,21,33,9,93,101,97,91,30,44"/><T100/><D29/><U20/><E105/><V10/><F36/><W75/><G9/><T122/><D122/><U64/><E118/><V72/><F72/><W89/><G21/><T60/><D6/><U120/><E38/><V68/><F68/><W8/><G8/><T73/><D100/><U130/><E130/><V119/><F119/><W84/><G75/><T85/><D95/><U12/><E83/><V99/><F35/><W112/><G112/><T43/><D73/><U18/><REACH who="1" step="1"/><E64/><REACH who="1" ten="250,240,250,250" step="2"/><V66/><F66/><W87/><G30/><T45/><REACH who="0" step="1"/><D60/><REACH who="0" ten="240,240,250,250" step="2"/><U71/><E71/><V24/><F113/><W124/><G93/><T25/><AGARI ba="0,2" hai="16,22,25,43,45,48,59,62,67,76,81,85,126,127" machi="25" ten="30,18000,2" yaku="1,1,2,1,0,1,52,1,54,1,53,1" doraHai="52" doraHaiUra="63" who="0" fromWho="0" sc="240,200,240,-60,250,-60,250,-60" /><INIT seed="0,1,0,3,2,51" ten="440,180,190,190" oya="0" hai0="49,56,93,35,131,119,101,1,44,75,53,58,127" hai1="70,121,120,86,54,92,11,28,125,9,80,98,87" hai2="18,10,59,81,13,60,14,40,20,27,84,50,71" hai3="47,57,97,113,33,29,62,67,36,41,77,95,74"/><T94/><D119/><U66/><E125/><V26/><F71/><W118/><G113/><T34/><D75/><U25/><E70/><V63/><F63/><W129/><G118/><T23/><D1/><U109/><E66/><V135/><F135/><W19/><G129/><T82/><D127/><U42/><E42/><V122/><F122/><W31/><G33/><T21/><D82/><U24/><E109/><V55/><F40/><W88/><G77/><T22/><D131/><U3/><E3/><V85/><F85/><N who="1" m="32265" /><E80/><V128/><F60/><W110/><G74/><T117/><D117/><U45/><E120/><V43/><F43/><W90/><G110/><T32/><D101/><N who="1" m="60615" /><E121/><V124/><F124/><W37/><G37/><T103/><D103/><U104/><E104/><V83/><F83/><W4/><G4/><T6/><D6/><U134/><E134/><V48/><F48/><W17/><G90/><T123/><D123/><U102/><E102/><V89/><REACH who="2" step="1"/><F128/><REACH who="2" ten="440,180,180,190" step="2"/><W12/><REACH who="3" step="1"/><G17/><AGARI ba="1,1" hai="10,13,14,17,18,20,26,27,50,55,59,81,84,89" machi="17" ten="30,8000,1" yaku="1,1,2,1,7,1,8,1,52,1,53,0" doraHai="51" doraHaiUra="107" who="2" fromWho="3" sc="440,0,180,0,180,93,190,-83" /><INIT seed="1,0,0,3,3,121" ten="440,180,273,107" oya="1" hai0="103,33,2,62,38,18,26,122,123,4,132,44,127" hai1="120,71,129,83,15,110,108,109,63,106,61,107,112" hai2="6,23,90,104,1,55,131,73,53,19,21,7,133" hai3="40,111,28,75,49,56,97,130,29,91,119,43,67"/><U125/><E120/><V24/><F104/><N who="1" m="39977" /><E112/><V64/><F73/><W45/><G75/><T60/><D18/><U16/><E129/><V10/><F64/><W51/><G130/><T84/><D44/><U65/><E63/><V99/><F55/><W95/><G119/><T114/><D26/><U3/><E3/><V12/><F131/><W134/><G134/><T128/><D4/><U47/><E47/><V14/><F133/><W31/><G43/><T85/><D132/><U78/><E125/><V27/><F53/><W126/><G126/><T5/><D5/><U102/><E102/><V77/><F77/><W118/><G118/><T20/><D103/><U116/><E116/><V101/><F90/><W124/><G124/><T34/><D127/><U57/><E78/><V89/><F89/><W98/><G51/><T79/><D79/><U82/><E71/><V81/><F81/><W17/><G17/><T25/><D128/><U13/><E13/><N who="2" m="5227" /><F99/><W70/><G70/><T74/><D2/><U0/><E0/><N who="2" m="327" /><F101/><W46/><G46/><T115/><D123/><U135/><E135/><V117/><F117/><W88/><G91/><T94/><D122/><U58/><E58/><V22/><F19/><W35/><G35/><T76/><D34/><U48/><E48/><V52/><F52/><W87/><REACH who="3" step="1"/><G111/><REACH who="3" ten="440,180,273,97" step="2"/><T9/><D33/><U96/><E96/><V32/><F32/><W105/><G105/><T37/><D114/><U92/><E110/><V68/><F68/><W72/><G72/><T39/><D115/><U30/><E109/><V42/><F42/><W69/><G69/><RYUUKYOKU ba="0,1" sc="440,-15,180,-15,273,15,97,15" hai2="1,7,21,22,23,24,27" hai3="28,29,31,40,45,49,56,67,87,88,95,97,98" /><INIT seed="2,1,1,5,1,132" ten="425,165,288,112" oya="2" hai0="59,123,85,66,102,30,48,84,108,86,106,118,104" hai1="65,89,32,101,95,82,80,31,117,96,94,98,83" hai2="14,77,23,67,88,113,22,74,40,25,110,75,93" hai3="131,111,81,39,19,53,0,58,62,125,129,38,61"/><V72/><F113/><W15/><G0/><T43/><D123/><U49/><E65/><V20/><F110/><W99/><G111/><T119/><D108/><U97/><E31/><V45/><F67/><W105/><G81/><N who="1" m="31338" /><E32/><V78/><F14/><W128/><G99/><N who="1" m="37962" /><E49/><V57/><F57/><N who="3" m="34991" /><G105/><T16/><D102/><U7/><E7/><V50/><REACH who="2" step="1"/><F25/><REACH who="2" ten="425,165,278,112" step="2"/><W42/><G15/><T54/><D66/><U70/><E70/><V124/><F124/><W4/><G4/><T122/><D122/><U24/><E24/><V18/><F18/><W34/><G19/><T134/><D30/><U68/><E68/><V9/><F9/><W121/><G121/><T103/><D16/><U114/><E114/><V69/><F69/><W79/><G79/><T11/><D11/><U3/><E3/><V126/><F126/><W115/><G115/><T87/><D59/><U64/><E64/><V27/><F27/><W112/><G112/><T12/><D12/><U63/><E63/><V5/><F5/><W127/><G34/><T92/><D118/><U10/><E117/><V44/><F44/><N who="3" m="23639" /><G39/><T120/><D119/><U130/><E10/><V60/><F60/><W41/><G41/><T76/><D120/><U51/><E51/><V6/><F6/><W13/><G13/><T35/><D43/><U73/><E101/><V109/><F109/><W135/><G135/><T107/><D134/><U47/><E47/><V28/><F28/><W29/><G29/><T46/><D35/><U21/><E21/><V100/><F100/><W37/><G37/><T56/><N who="0" m="21504" /><DORA hai="91" /><T71/><D103/><RYUUKYOKU ba="1,2" sc="425,-15,165,-15,278,15,112,15" hai2="20,22,23,40,45,50,72,74,75,77,78,88,93" hai3="58,62,125,127,128,129,131" /><INIT seed="2,2,2,3,5,71" ten="410,150,293,127" oya="2" hai0="53,78,56,99,102,111,90,88,66,40,94,106,72" hai1="58,127,124,44,91,45,64,107,84,43,19,85,135" hai2="50,93,92,59,103,9,128,82,86,8,2,23,126" hai3="0,116,28,51,41,77,20,14,49,101,16,62,7"/><V100/><F126/><N who="1" m="48169" /><E107/><V25/><F128/><W33/><G116/><T133/><D111/><U13/><E135/><V27/><F2/><W121/><G121/><T65/><D133/><U81/><E85/><V6/><F50/><W108/><G101/><N who="2" m="38985" /><F59/><W110/><G77/><T48/><D90/><U54/><E64/><V80/><F6/><W97/><G97/><T24/><D40/><U79/><E43/><V104/><F104/><W11/><G62/><T69/><D69/><U15/><E79/><N who="2" m="46367" /><F82/><W105/><G105/><T31/><D78/><U52/><E13/><V37/><F37/><W55/><G41/><T98/><D72/><U132/><E132/><V4/><F4/><W22/><G22/><AGARI ba="2,2" hai="22,24,31,48,53,56,65,66,88,94,98,99,102,106" machi="22" ten="30,2000,0" yaku="7,1,54,1" doraHai="71" who="0" fromWho="3" sc="410,46,150,0,293,0,127,-26" /><INIT seed="3,0,0,1,4,94" ten="456,150,293,101" oya="3" hai0="101,126,55,109,129,37,96,35,69,73,31,0,124" hai1="29,112,121,82,52,14,74,114,56,86,67,75,68" hai2="28,71,7,132,8,130,21,58,91,41,19,77,92" hai3="76,80,15,104,111,60,20,116,17,45,105,23,117"/><W102/><G23/><T47/><D73/><U54/><E121/><V97/><F71/><W93/><G111/><T1/><D109/><U135/><E29/><V61/><F130/><W32/><G32/><T79/><D79/><U30/><E30/><V16/><F132/><W115/><G115/><T90/><D69/><U44/><E44/><V25/><F77/><W70/><G45/><T98/><D129/><U122/><E14/><N who="2" m="5407" /><F41/><W65/><G93/><N who="0" m="56375" /><D31/><U24/><E24/><V95/><F92/><W27/><G27/><T119/><D119/><U39/><E39/><V6/><F6/><W133/><G133/><T62/><D62/><U107/><E107/><V11/><F11/><W108/><G108/><T81/><D81/><U42/><E82/><V118/><F118/><W3/><G3/><T99/><D35/><U51/><E75/><V53/><AGARI ba="0,0" hai="16,19,21,25,28,53,58,61,91,95,97" m="5407" machi="53" ten="30,4000,0" yaku="8,1,52,1,54,1" doraHai="94" who="2" fromWho="2" sc="456,-10,150,-10,293,40,101,-20" owari="446,55.0,140,-26.0,333,13.0,81,-42.0" /></mjloggm>