<mjloggm ver="2.3"><GO type="169" lobby="0"/><UN n0="%67%61%72%75%63%69%61" n1="%E6%B0%B7%E6%B2%B3%E9%A2%A8" n2="%E6%A1%9C%E7%94%B0%E3%83%8F%E3%83%AB" n3="%E3%82%A6%E3%83%AB%E3%83%88%E3%83%A9%E7%AB%8B%E7%9B%B4" dan="16,18,16,18" rate="2154.24,2144.76,2100.27,2201.57" sx="M,M,F,M"/><TAIKYOKU oya="0"/><INIT seed="0,0,0,2,5,76" ten="250,250,250,250" oya="0" hai0="95,83,116,87,66,68,25,73,77,63,65,4,11" hai1="37,127,85,26,41,3,115,5,130,132,54,120,27" hai2="133,29,55,60,18,117,134,9,108,103,21,70,38" hai3="36,6,15,110,125,86,44,24,2,88,96,51,101"/><T112/><D116/><U90/><E120/><V8/><F38/><W7/><G2/><T33/><D112/><U20/><E115/><V46/><F117/><W43/><G110/><T84/><D66/><U82/><E132/><N who="2" m="50795" /><F108/><W31/><G125/><T122/><D122/><U128/><E127/><V59/><F29/><W58/><G15/><T98/><D25/><U79/><E54/><V107/><F70/><W34/><G58/><T91/><REACH who="0" step="1"/><D33/><REACH who="0" ten="240,250,250,250" step="2"/><U113/><E113/><V13/><F46/><W19/><G34/><T71/><D71/><U30/><E27/><V94/><F107/><W74/><G24/><T23/><D23/><U48/><E20/><V53/><F21/><W129/><G44/><T52/><D52/><U10/><E26/><V16/><F55/><W78/><G31/><T45/><D45/><N who="1" m="25647" /><E30/><V39/><F9/><W35/><G35/><T80/><D80/><U126/><E126/><V28/><F28/><W106/><G106/><T0/><AGARI ba="0,1" hai="0,4,11,63,65,68,73,77,83,84,87,91,95,98" machi="0" ten="20,7800,0" yaku="1,1,0,1,7,1,52,1,53,0" doraHai="76" doraHaiUra="42" who="0" fromWho="0" sc="240,88,250,-26,250,-26,250,-26" /><INIT seed="0,1,0,3,2,117" ten="328,224,224,224" oya="0" hai0="83,112,103,88,69,40,107,62,29,44,27,90,18" hai1="71,94,39,28,97,133,2,41,113,114,17,70,93" hai2="31,100,122,24,124,115,47,20,104,35,86,61,23" hai3="4,7,58,13,46,109,33,111,108,63,22,9,53"/><T119/><D112/><N who="1" m="43115" /><E133/><V16/><F115/><W3/><G33/><N who="0" m="20671" /><D83/><U65/><E2/><V77/><F124/><W49/><G22/><T95/><D95/><U118/><E118/><V106/><F35/><W19/><REACH who="3" step="1"/><G3/><REACH who="3" ten="328,224,224,214" step="2"/><T1/><D1/><U55/><E28/><V127/><F23/><W73/><G73/><T85/><D18/><U54/><E17/><V81/><F31/><W116/><G116/><T99/><D119/><U48/><E97/><V43/><F20/><W30/><G30/><T82/><D62/><U105/><E105/><V72/><F61/><W89/><G89/><T12/><D12/><U15/><E15/><V78/><F16/><W96/><G96/><T25/><D25/><U42/><E93/><V50/><F104/><W0/><G0/><T79/><D90/><U76/><E94/><V59/><F106/><W101/><G101/><T74/><D88/><U87/><E87/><V5/><F100/><W37/><G37/><N who="0" m="21519" /><D85/><U14/><E14/><V125/><F86/><W126/><G126/><T128/><D128/><U32/><E32/><V75/><F125/><W21/><G21/><T34/><D34/><U102/><E102/><V132/><F127/><W45/><G45/><T110/><D110/><U10/><E76/><V66/><F77/><W8/><G8/><T120/><D69/><U121/><E10/><V92/><F24/><W134/><G134/><T91/><D91/><U131/><E70/><V123/><F132/><W36/><G36/><T129/><D129/><U11/><E39/><V98/><F72/><W80/><G80/><T60/><D60/><RYUUKYOKU ba="1,1" sc="328,15,224,-15,224,-15,214,15" hai0="74,79,82,99,103,107,120" hai3="4,7,9,13,19,46,49,53,58,63,108,109,111" /><INIT seed="0,2,1,2,0,85" ten="343,209,209,229" oya="0" hai0="17,95,31,119,58,125,96,68,9,117,105,123,93" hai1="53,57,29,4,62,74,118,122,33,40,6,56,113" hai2="107,133,124,116,129,71,66,67,132,89,82,75,20" hai3="25,36,39,22,88,37,92,2,8,48,110,32,51"/><T101/><D68/><U135/><E118/><V131/><F107/><W83/><G32/><T44/><D123/><U63/><E122/><V52/><F116/><W43/><G110/><T73/><D73/><U3/><E74/><V128/><F20/><W54/><G83/><T28/><D125/><U112/><E40/><V87/><F75/><W121/><G121/><T60/><D44/><U115/><E135/><N who="2" m="51787" /><F71/><W15/><G2/><T27/><D105/><U130/><E130/><V45/><F124/><W91/><G43/><T0/><D31/><U16/><E3/><V76/><F76/><W26/><G92/><T69/><D69/><U79/><E79/><V86/><F86/><W10/><G22/><T18/><D95/><U97/><E97/><V100/><F100/><W55/><G36/><T50/><D50/><AGARI ba="2,1" hai="45,50,52,66,67,82,87,89,128,129,131" m="51787" machi="50" ten="40,8000,1" yaku="19,1,20,1,52,1,54,1" doraHai="85" who="2" fromWho="0" sc="343,-86,209,0,209,96,229,0" /><INIT seed="1,0,0,1,1,125" ten="257,209,305,229" oya="1" hai0="112,101,74,16,84,7,12,82,131,48,35,22,130" hai1="19,117,72,121,99,51,24,39,83,113,71,129,60" hai2="68,6,92,43,53,0,50,126,133,86,11,27,119" hai3="32,64,100,118,26,36,8,67,65,90,69,3,95"/><U106/><E39/><V13/><F119/><W88/><G118/><T18/><D74/><U57/><E113/><V25/><F126/><W132/><G69/><T75/><D75/><U63/><E121/><V14/><F68/><W66/><G132/><T38/><D38/><U98/><E117/><V108/><F133/><W104/><G36/><T77/><D35/><U41/><E106/><V1/><F43/><W56/><G104/><T47/><D7/><U124/><E124/><V29/><F108/><W87/><G100/><T70/><D70/><U73/><E83/><V94/><F86/><W127/><G127/><T4/><D4/><U78/><E78/><V93/><F25/><W91/><G3/><T2/><D2/><U116/><E116/><V21/><REACH who="2" step="1"/><F0/><REACH who="2" ten="257,209,295,229" step="2"/><W122/><G122/><T107/><D112/><U55/><E41/><V17/><F17/><W28/><N who="3" m="16384" /><DORA hai="58" /><W20/><G32/><T81/><D18/><U111/><E19/><V96/><F96/><N who="1" m="36905" /><E24/><V135/><F135/><W79/><G79/><T85/><D107/><U103/><E72/><V59/><AGARI ba="0,1" hai="1,6,11,13,14,21,27,29,50,53,59,92,93,94" machi="59" ten="30,2000,0" yaku="1,1,0,1,53,0" doraHai="125,58" doraHaiUra="61,76" who="2" fromWho="2" sc="257,-5,209,-10,295,30,229,-5" /><INIT seed="2,0,0,3,5,131" ten="252,199,325,224" oya="2" hai0="93,23,102,105,121,94,50,115,42,135,52,20,117" hai1="78,34,49,92,84,19,103,60,55,95,63,124,64" hai2="99,67,0,70,33,25,28,85,4,41,62,83,11" hai3="123,72,17,40,5,59,68,13,91,127,82,53,108"/><V132/><F41/><W81/><G68/><T116/><D121/><U86/><E34/><V37/><F99/><W125/><G123/><T119/><D115/><U77/><E124/><N who="3" m="47690" /><G108/><T120/><D120/><U87/><E19/><V24/><F24/><W65/><G40/><T43/><D105/><U56/><E60/><V73/><F37/><W118/><G118/><T113/><D113/><U2/><E2/><V101/><F101/><W112/><G112/><T97/><D93/><N who="1" m="35915" /><E103/><V109/><F109/><W74/><G65/><T71/><D71/><U21/><E21/><N who="0" m="8265" /><D135/><U98/><E98/><V88/><REACH who="2" step="1"/><F73/><REACH who="2" ten="252,199,315,224" step="2"/><W12/><G74/><T18/><D18/><U79/><E84/><V32/><F32/><W111/><G72/><T14/><D14/><U48/><E86/><V66/><F66/><W90/><G13/><T126/><D126/><U30/><E87/><V46/><F46/><AGARI ba="0,1" hai="42,43,46,50,52,94,97,102,116,117,119" m="8265" machi="46" ten="30,2000,0" yaku="12,1,54,1" doraHai="131" who="0" fromWho="2" sc="252,30,199,0,315,-20,224,0" /><INIT seed="3,0,0,2,4,41" ten="282,199,295,224" oya="3" hai0="82,64,14,86,120,3,38,52,91,32,111,78,103" hai1="125,134,70,25,5,1,33,24,19,44,37,6,42" hai2="34,119,69,113,39,92,98,96,77,99,0,28,40" hai3="23,90,112,22,83,29,66,101,109,57,18,4,36"/><W55/><G112/><T53/><D3/><U12/><E70/><V105/><F119/><W127/><G127/><T106/><D38/><U17/><E125/><V8/><F69/><W26/><G109/><T76/><D32/><U60/><E134/><V56/><F113/><W132/><G132/><T50/><D111/><U123/><E123/><V128/><F128/><W129/><G129/><T31/><D31/><U71/><E19/><V61/><F77/><W46/><G101/><T115/><D120/><U2/><E2/><V9/><F105/><W59/><G4/><T116/><D53/><U97/><E97/><V108/><F92/><W67/><G36/><T47/><D64/><U20/><E33/><V124/><F124/><W104/><G104/><T51/><D115/><U48/><E37/><V79/><F79/><W126/><G126/><T21/><D116/><U13/><E1/><V75/><F75/><W89/><G46/><N who="0" m="27735" /><D106/><U135/><E135/><V27/><F0/><W121/><G121/><T88/><D103/><U80/><E71/><V35/><F35/><W11/><G59/><T85/><D21/><U73/><E60/><V117/><F117/><W100/><G100/><T49/><D49/><U107/><E107/><V131/><F131/><W62/><G11/><T7/><D14/><U95/><E13/><V114/><F114/><W122/><G122/><T93/><D7/><U74/><E6/><V81/><F108/><W94/><G23/><T16/><D16/><U110/><E5/><V30/><F34/><W130/><G18/><T43/><AGARI ba="0,0" hai="43,47,51,76,78,82,85,86,88,91,93" m="27735" machi="43" ten="30,8000,1" yaku="8,1,52,2,54,2" doraHai="41" who="0" fromWho="0" sc="282,80,199,-20,295,-20,224,-40" /><INIT seed="4,0,0,1,5,103" ten="362,179,275,184" oya="0" hai0="134,125,39,48,68,9,69,29,105,101,124,45,112" hai1="38,120,23,84,62,54,51,3,63,71,42,96,135" hai2="132,40,20,50,47,65,4,90,104,98,19,113,12" hai3="126,82,129,130,75,16,35,55,27,78,80,41,97"/><T131/><D112/><U11/><E120/><V30/><F113/><W22/><G126/><N who="0" m="48747" /><D39/><U85/><E135/><V46/><F65/><W61/><G41/><N who="0" m="24623" /><D134/><U72/><E72/><V58/><F132/><W56/><G35/><T110/><D131/><U44/><E23/><V5/><F30/><W111/><G111/><T77/><D29/><U100/><E11/><V89/><F47/><W95/><REACH who="3" step="1"/><G82/><REACH who="3" ten="362,179,275,174" step="2"/><T64/><D110/><U109/><E109/><V127/><F127/><W43/><G43/><T92/><D77/><U91/><E3/><V28/><F40/><W13/><G13/><T119/><D119/><U37/><E37/><V128/><F12/><W32/><G32/><T74/><D74/><U1/><E1/><V15/><F128/><W7/><G7/><T122/><D122/><U76/><E38/><V59/><F4/><W17/><G17/><T34/><D34/><U123/><E42/><V24/><F5/><W8/><G8/><T99/><D9/><U116/><E123/><V14/><F15/><W79/><G79/><T81/><D81/><N who="1" m="47143" /><E116/><V53/><F14/><W67/><G67/><T88/><D64/><U121/><E121/><V83/><F19/><W49/><G49/><T70/><D70/><U106/><E71/><V118/><F83/><W60/><G60/><T102/><D102/><AGARI ba="0,1" hai="16,22,27,55,56,61,75,78,80,95,97,102,129,130" machi="102" ten="40,2600,0" yaku="1,1,54,1,53,0" doraHai="103" doraHaiUra="31" who="3" fromWho="0" sc="362,-26,179,0,275,0,174,36" /><INIT seed="5,0,0,5,1,73" ten="336,179,275,210" oya="1" hai0="50,60,0,98,15,62,24,49,77,104,63,95,33" hai1="121,124,94,5,80,59,134,99,127,53,48,22,44" hai2="133,40,90,58,65,36,66,67,7,56,119,30,54" hai3="13,1,79,35,100,25,69,19,112,107,4,126,82"/><U71/><E121/><V18/><F119/><W61/><G112/><T113/><D0/><U117/><E117/><V57/><F7/><W102/><G126/><N who="1" m="48170" /><E71/><V118/><F30/><W111/><G111/><T125/><D125/><U3/><E134/><V70/><F118/><W2/><G2/><T74/><D104/><U131/><E131/><V129/><F18/><W45/><G45/><T8/><D113/><U26/><E80/><V21/><F21/><W89/><G89/><T16/><D33/><U28/><E44/><N who="2" m="23559" /><F90/><W29/><G107/><T55/><D24/><U20/><E5/><V120/><F120/><W31/><G31/><T75/><D75/><U76/><E3/><V101/><F101/><W103/><G4/><T12/><D12/><U135/><E135/><V106/><F106/><W43/><G1/><T34/><D34/><N who="1" m="20759" /><E76/><V115/><F133/><W6/><G6/><T68/><D68/><U51/><E51/><N who="0" m="19465" /><D77/><U52/><E53/><V114/><F70/><W42/><G69/><T17/><D74/><U116/><E116/><V88/><F129/><W37/><G37/><T96/><D55/><U97/><E97/><N who="0" m="37481" /><D95/><U23/><E23/><V27/><F54/><W78/><G78/><T39/><D39/><U11/><E11/><V85/><F114/><W91/><G79/><T110/><D110/><U123/><E123/><V132/><F115/><W93/><G82/><T38/><D38/><U128/><E128/><V72/><F132/><W64/><G93/><T108/><D108/><U41/><E41/><V87/><F72/><W14/><G43/><T84/><D17/><RYUUKYOKU ba="0,0" sc="336,15,179,15,275,-15,210,-15" hai0="8,15,16,60,62,63,84" hai1="20,22,48,52,59,94,99" /><INIT seed="5,1,0,3,4,13" ten="351,194,260,195" oya="1" hai0="11,129,7,79,58,45,75,37,25,38,101,51,12" hai1="85,52,15,124,118,89,27,48,36,69,88,84,113" hai2="123,73,126,24,76,81,5,4,119,71,22,109,103" hai3="98,0,122,53,100,107,14,35,134,67,83,74,44"/><U90/><E118/><V128/><F71/><W133/><G0/><T40/><D129/><U62/><E36/><V8/><F123/><W97/><G35/><T94/><D25/><U78/><E113/><V105/><F109/><W64/><G122/><T132/><D132/><N who="3" m="50793" /><G97/><T70/><D70/><U95/><E124/><V125/><F119/><W21/><G53/><T57/><D75/><U2/><E2/><V60/><F60/><W127/><G44/><T115/><D115/><U110/><E110/><V91/><F128/><W87/><G74/><T111/><D111/><U116/><E116/><V59/><F59/><W65/><G127/><N who="2" m="48649" /><F8/><W9/><G21/><T39/><D79/><U112/><E112/><V16/><F91/><N who="1" m="34889" /><E62/><V130/><F130/><W29/><G29/><T93/><REACH who="0" step="1"/><D94/><REACH who="0" ten="341,194,260,195" step="2"/><U42/><E69/><V117/><F117/><W77/><G77/><T114/><D114/><U6/><E78/><V61/><F105/><W96/><G107/><T108/><D108/><U49/><E27/><V30/><F76/><N who="3" m="46567" /><G100/><T19/><D19/><AGARI ba="1,1" hai="9,14,19,64,65,67,96,98" m="46567,50793" machi="19" ten="30,2000,0" yaku="20,1,52,1" doraHai="13" who="3" fromWho="0" sc="341,-23,194,0,260,0,195,33" /><INIT seed="6,0,0,3,2,44" ten="318,194,260,228" oya="2" hai0="77,102,79,120,53,95,40,16,61,24,32,41,47" hai1="135,75,54,29,37,58,74,30,2,131,80,34,123" hai2="115,10,22,107,14,46,106,85,11,91,110,45,48" hai3="21,132,9,13,0,116,86,67,103,125,109,36,87"/><V100/><F110/><W78/><G36/><T108/><D120/><U25/><E37/><V19/><F115/><W50/><G116/><T113/><D108/><U43/><E43/><V127/><F127/><W98/><G125/><T8/><D113/><U133/><E123/><V15/><F45/><W18/><G67/><T81/><D32/><U121/><E121/><V63/><F63/><W68/><G68/><T122/><D122/><U28/><E2/><V118/><F118/><W124/><G124/><T51/><D102/><U93/><E131/><V17/><F22/><W59/><G132/><N who="1" m="50762" /><E93/><V38/><F100/><W72/><G72/><N who="1" m="27690" /><E80/><V101/><F38/><W129/><G129/><T27/><D95/><U105/><E105/><V23/><F101/><W126/><G126/><T71/><D81/><U12/><E12/><V3/><F3/><W76/><G109/><T88/><D88/><U20/><E34/><V117/><F117/><W6/><G78/><N who="0" m="29707" /><D71/><U90/><E90/><V31/><F31/><W119/><G76/><T94/><D94/><U73/><N who="1" m="27698" /><U97/><DORA hai="60" /><E97/><V128/><F128/><W134/><G119/><T49/><D61/><AGARI ba="0,0" hai="20,25,28,29,30,54,58,61" m="27698,50762" machi="61" ten="40,1300,0" yaku="20,1" doraHai="44,60" who="1" fromWho="0" sc="318,-13,194,13,260,0,228,0" /><INIT seed="7,0,0,3,5,102" ten="305,207,260,228" oya="3" hai0="75,110,127,85,72,15,89,111,109,66,126,48,117" hai1="115,128,134,52,132,21,39,5,108,51,125,130,58" hai2="23,70,31,32,106,124,45,100,4,20,13,129,121" hai3="11,94,53,0,47,12,76,2,16,49,107,92,105"/><W91/><G76/><T38/><D38/><U67/><E108/><V131/><F70/><W95/><REACH who="3" step="1"/><G91/><REACH who="3" ten="305,207,260,218" step="2"/><T101/><D117/><U60/><E115/><V28/><F121/><W9/><G9/><T97/><D66/><U98/><E39/><V57/><F129/><N who="1" m="49769" /><E5/><V46/><F131/><W43/><G43/><T24/><D24/><U103/><E125/><N who="0" m="47625" /><D15/><U87/><E87/><V112/><F124/><W33/><G33/><T104/><D48/><U77/><E77/><V114/><F112/><W50/><G50/><T35/><D35/><U27/><E27/><V123/><F114/><W44/><G44/><T99/><D99/><U118/><E118/><V56/><F123/><W90/><G90/><T54/><D54/><U81/><E21/><V84/><F4/><W119/><G119/><T8/><D8/><U29/><E29/><V71/><F84/><W19/><G19/><T65/><D65/><U36/><E36/><V69/><F32/><W55/><G55/><T113/><D113/><U93/><E81/><AGARI ba="0,1" hai="72,75,81,85,89,97,101,104,109,110,111" m="47625" machi="81" ten="40,8000,1" yaku="18,1,34,2,52,1" doraHai="102" who="0" fromWho="1" sc="305,90,207,-80,260,0,218,0" owari="395,49.0,127,-37.0,260,6.0,218,-18.0" /></mjloggm>