<mjloggm ver="2.3"><GO type="169" lobby="0"/><UN n0="%75%65%73%68%6F%77" n1="%E3%83%88%E3%83%88%E3%83%AA%E5%85%88%E7%94%9F%31%39%E6%AD%B3" n2="%E3%81%B2%E3%81%90%E3%81%A1" n3="%E9%A7%84%E5%A6%B9" dan="16,18,17,16" rate="2150.48,2148.06,2122.63,2137.05" sx="M,F,M,F"/><TAIKYOKU oya="0"/><INIT seed="0,0,0,1,3,117" ten="250,250,250,250" oya="0" hai0="119,41,8,125,40,34,90,43,72,53,51,96,65" hai1="71,57,14,16,58,66,21,17,108,85,12,35,93" hai2="135,134,127,48,2,56,18,109,70,28,22,111,1" hai3="102,32,122,55,98,31,94,62,45,13,126,118,0"/><T24/><D72/><U4/><E35/><V37/><F70/><W92/><G118/><T61/><D119/><U83/><E108/><N who="2" m="41547" /><F37/><W42/><G0/><N who="2" m="105" /><F56/><W95/><G126/><T33/><D125/><U50/><E4/><V110/><F48/><W107/><G13/><T26/><D8/><U75/><E75/><V60/><F60/><W7/><G7/><T124/><D124/><U44/><E93/><V67/><F67/><W120/><G55/><T132/><D132/><N who="2" m="50730" /><F127/><W30/><G62/><T68/><D90/><N who="1" m="51519" /><E66/><V100/><F100/><W59/><G59/><T9/><D96/><U73/><E71/><V23/><F110/><W99/><G99/><T46/><REACH who="0" step="1"/><D9/><REACH who="0" ten="240,250,250,250" step="2"/><N who="1" m="6159" /><E73/><V69/><F69/><W78/><G78/><T10/><D10/><U11/><E11/><V114/><F114/><W116/><G116/><T104/><D104/><U79/><E79/><V121/><F28/><W113/><G113/><T84/><D84/><U15/><E17/><V105/><F105/><W39/><G30/><T101/><D101/><U133/><E133/><V131/><F131/><W103/><G103/><T88/><D88/><U20/><E50/><V81/><F81/><W49/><G31/><T27/><AGARI ba="0,1" hai="24,26,27,33,34,40,41,43,46,51,53,61,65,68" machi="27" ten="30,3000,0" yaku="1,1,0,1,53,0" doraHai="117" doraHaiUra="77" who="0" fromWho="0" sc="240,40,250,-10,250,-10,250,-10" /><INIT seed="0,1,0,1,0,32" ten="280,240,240,240" oya="0" hai0="109,27,99,107,88,56,68,37,75,131,19,96,47" hai1="50,67,43,98,116,38,30,108,2,8,85,33,20" hai2="92,66,89,54,134,57,123,18,28,65,60,24,83" hai3="46,5,7,15,62,49,81,1,118,41,124,94,58"/><T45/><D68/><U106/><E116/><V72/><F123/><W90/><G118/><T128/><D75/><U91/><E33/><V63/><F134/><W39/><G124/><T78/><D78/><U76/><E38/><V119/><F119/><W12/><G81/><T110/><D56/><U22/><E108/><N who="0" m="41577" /><D107/><U102/><E30/><V130/><F130/><N who="0" m="49706" /><D37/><U84/><E67/><V112/><F112/><W97/><G39/><T29/><D19/><U26/><E76/><V115/><F83/><W55/><G1/><T132/><D132/><U70/><E70/><V40/><F115/><W74/><G74/><T73/><D73/><U16/><E2/><V25/><F72/><W80/><G80/><T53/><D53/><U4/><E106/><V44/><F18/><W87/><G55/><T10/><D10/><U59/><E8/><V133/><F133/><W31/><G58/><T52/><D52/><U6/><E59/><V113/><F113/><W9/><G9/><T101/><D101/><U82/><E102/><V127/><F63/><W79/><G62/><T13/><D13/><U105/><E105/><V86/><F65/><W51/><G12/><T122/><D122/><U129/><E129/><V93/><F66/><W103/><G15/><T42/><D88/><U125/><E16/><V100/><F100/><W135/><G135/><T17/><D17/><U104/><E91/><V77/><F77/><W114/><G79/><T11/><D11/><U126/><E104/><V64/><F64/><W95/><G114/><T48/><D47/><U23/><E82/><V61/><F89/><RYUUKYOKU ba="1,0" sc="280,30,240,-10,240,-10,240,-10" hai0="27,29,42,45,48,96,99" /><INIT seed="0,2,0,1,4,55" ten="310,230,230,230" oya="0" hai0="22,39,45,51,73,61,30,41,53,18,54,110,40" hai1="59,60,76,32,66,126,115,132,67,131,62,3,44" hai2="117,36,81,56,10,14,26,108,69,134,7,116,80" hai3="97,50,47,23,88,121,93,94,0,43,79,33,118"/><T9/><D73/><U27/><E3/><V42/><F69/><W15/><G33/><T13/><D110/><U11/><E131/><V8/><F134/><W6/><G118/><N who="2" m="45673" /><F108/><W129/><G129/><T89/><D89/><U5/><E132/><V98/><F26/><W29/><G79/><T87/><D87/><U37/><E126/><V12/><F98/><W95/><G0/><T83/><D83/><U106/><E106/><V96/><F96/><W135/><G135/><T16/><D30/><U1/><E115/><V82/><F56/><W68/><G68/><T74/><D74/><U101/><E101/><V34/><F34/><W120/><G29/><T133/><D133/><U102/><E102/><V78/><F78/><W92/><REACH who="3" step="1"/><G23/><REACH who="3" ten="310,230,230,220" step="2"/><T38/><D38/><U71/><E76/><V86/><F36/><W19/><G19/><T91/><D91/><U103/><E103/><V111/><F111/><W58/><G58/><N who="0" m="35031" /><D39/><U49/><E37/><V107/><F7/><W122/><G122/><T65/><D65/><U35/><E35/><V113/><F113/><W124/><G124/><T4/><D4/><U85/><E32/><V25/><F107/><W52/><G52/><T99/><D99/><U77/><E77/><V119/><F119/><W130/><G130/><T46/><D46/><U70/><E70/><V114/><F114/><W100/><G100/><T28/><D28/><U105/><E105/><V128/><F128/><W125/><G125/><T17/><D17/><U127/><E127/><V64/><F86/><W21/><G21/><T123/><D123/><U109/><E85/><RYUUKYOKU ba="2,1" sc="310,15,230,-15,230,-15,220,15" hai0="9,13,16,18,22,40,41,45,51,53" hai3="6,15,43,47,50,88,92,93,94,95,97,120,121" /><INIT seed="0,3,1,2,5,102" ten="325,215,215,235" oya="0" hai0="83,95,26,118,72,132,17,120,5,6,128,114,89" hai1="111,78,41,81,92,126,43,122,42,7,94,79,101" hai2="39,28,8,100,109,4,0,88,68,104,106,19,37" hai3="127,80,123,54,63,33,113,50,103,21,40,20,52"/><T14/><D120/><U65/><E122/><V93/><F68/><W56/><G113/><T129/><D118/><U51/><E111/><V31/><F109/><W9/><G33/><T74/><D114/><U98/><E126/><V10/><F100/><W134/><G127/><T73/><D132/><U1/><E65/><V53/><F53/><W67/><G134/><T90/><D83/><U119/><E119/><V135/><F135/><W18/><G103/><T57/><D57/><U59/><E1/><V16/><F93/><W32/><G32/><T38/><D38/><U48/><E7/><N who="0" m="2569" /><D26/><U58/><E94/><V34/><F4/><W2/><G2/><T45/><D45/><U46/><E79/><V71/><F34/><W116/><G116/><T108/><D95/><U22/><E22/><N who="3" m="8810" /><G80/><T117/><D117/><U99/><E99/><V25/><F71/><W66/><G40/><T62/><D62/><U70/><E70/><V15/><F0/><W121/><G121/><T3/><D3/><U69/><E69/><V47/><F25/><W44/><G123/><T27/><D27/><U107/><E92/><V61/><F61/><W84/><G84/><T49/><D49/><U115/><E115/><V110/><F110/><W125/><G125/><T91/><D108/><U23/><E48/><V112/><F112/><W77/><G77/><T36/><D36/><U30/><E41/><V12/><F47/><W96/><G96/><T35/><D35/><U133/><E42/><V86/><F86/><W131/><G50/><T87/><D87/><N who="1" m="48567" /><E133/><V11/><F11/><W55/><G9/><RYUUKYOKU ba="3,1" sc="325,10,215,10,215,10,235,-30" hai0="14,17,72,73,74,89,90,91,128,129" hai1="23,30,43,46,51,58,59,98,101,107" hai2="8,10,12,15,16,19,28,31,37,39,88,104,106" /><INIT seed="0,4,1,3,3,86" ten="335,225,225,205" oya="0" hai0="120,122,70,72,76,16,94,30,97,2,126,95,43" hai1="37,91,111,60,49,29,3,15,40,11,55,128,77" hai2="25,83,85,103,105,101,90,54,115,39,68,107,14" hai3="51,118,79,67,119,58,38,46,75,82,129,22,7"/><T104/><D2/><U4/><E111/><V81/><F39/><W1/><G129/><T0/><D0/><U117/><E117/><V121/><F68/><W93/><G22/><T47/><D70/><U48/><E128/><V132/><F121/><W42/><G93/><T80/><D104/><U135/><E135/><V92/><F25/><W89/><G89/><T65/><D65/><U57/><E29/><V33/><F33/><W74/><G75/><T100/><D126/><U27/><E27/><V116/><F14/><W20/><G20/><T28/><D94/><U130/><E130/><V32/><F54/><W21/><G21/><T36/><REACH who="0" step="1"/><D16/><REACH who="0" ten="325,225,225,205" step="2"/><U98/><E3/><V64/><F64/><W56/><G67/><T113/><D113/><U88/><E15/><V134/><F115/><W50/><G118/><T84/><D84/><U13/><E98/><V133/><F116/><W41/><G119/><T127/><D127/><U59/><E13/><V131/><F131/><W35/><G1/><T5/><D5/><U99/><E4/><V112/><F112/><W34/><G7/><T73/><D73/><U26/><E99/><V9/><F9/><W45/><G38/><T53/><D53/><N who="1" m="33839" /><E11/><V110/><F133/><W62/><G74/><T18/><D18/><U31/><E37/><V52/><F132/><W61/><G82/><T8/><D8/><U114/><E114/><V125/><F81/><W17/><G17/><T19/><D19/><U108/><E26/><V23/><F134/><W78/><AGARI ba="4,2" hai="34,35,41,42,45,46,50,51,56,58,61,62,78,79" machi="78" ten="25,3200,0" yaku="0,1,22,2" doraHai="86" who="3" fromWho="3" sc="325,-20,225,-12,225,-12,205,64" /><INIT seed="1,0,0,2,1,93" ten="305,213,213,269" oya="1" hai0="51,128,10,52,92,22,126,119,9,111,102,66,57" hai1="32,89,135,0,118,108,23,11,110,8,84,60,39" hai2="76,31,61,12,33,88,121,75,35,103,6,109,5" hai3="65,69,83,41,90,49,77,70,20,54,120,68,40"/><U59/><E118/><V133/><F121/><W114/><G114/><T99/><D119/><U48/><E32/><V2/><F2/><W28/><G120/><T104/><D111/><N who="1" m="42539" /><E39/><V37/><F109/><W36/><G90/><T80/><D128/><U134/><E48/><V98/><F37/><W44/><G65/><T130/><D130/><U34/><E23/><V97/><F133/><N who="1" m="50697" /><E34/><V85/><F75/><W58/><G20/><T87/><D126/><U94/><E0/><V115/><F76/><W81/><G28/><T24/><D66/><AGARI ba="0,0" hai="8,11,59,60,66,84,89,94" m="50697,42539" machi="66" ten="30,5800,0" yaku="14,1,10,1,20,1" doraHai="93" who="1" fromWho="0" sc="305,-58,213,58,213,0,269,0" /><INIT seed="1,1,0,0,2,15" ten="247,271,213,269" oya="1" hai0="23,13,56,31,84,14,88,2,20,101,49,57,95" hai1="133,19,76,61,65,69,46,12,47,86,22,78,131" hai2="117,100,38,52,26,33,89,81,107,45,18,58,123" hai3="5,11,3,120,124,118,85,62,60,4,1,119,70"/><U79/><E131/><V115/><F123/><W126/><G120/><T92/><D2/><U59/><E133/><V75/><F117/><N who="3" m="44555" /><G85/><T77/><D77/><U83/><REACH who="1" step="1"/><E69/><REACH who="1" ten="247,261,213,269" step="2"/><V63/><F115/><W71/><G71/><T10/><D31/><U108/><E108/><V96/><F33/><W102/><G70/><T128/><D128/><U97/><E97/><V111/><F111/><W74/><G124/><T40/><D40/><U134/><E134/><V29/><F29/><W27/><G126/><T87/><D49/><U135/><E135/><V125/><F125/><W17/><G60/><T54/><D54/><U25/><E25/><V122/><F122/><W113/><G62/><T37/><D37/><U109/><E109/><V41/><F26/><W64/><G27/><T112/><D112/><U53/><E53/><V103/><F38/><W130/><G113/><T39/><D39/><U94/><E94/><V30/><F30/><W104/><G130/><T127/><D127/><U129/><E129/><V6/><F41/><W99/><G64/><T16/><D23/><U68/><E68/><V34/><F52/><W28/><G28/><T80/><D92/><U110/><E110/><V9/><F34/><W32/><G32/><T48/><D48/><U8/><E8/><V132/><F9/><W93/><G93/><T114/><D114/><U24/><E24/><V106/><F132/><W116/><G116/><T121/><D121/><U43/><E43/><V91/><F96/><W44/><G99/><T7/><D101/><U72/><E72/><V82/><F75/><W36/><G74/><RYUUKYOKU ba="1,1" sc="247,15,261,15,213,-15,269,-15" hai0="7,10,13,14,16,20,56,57,80,84,87,88,95" hai1="12,19,22,46,47,59,61,65,76,78,79,83,86" /><INIT seed="1,2,1,2,1,126" ten="262,276,198,254" oya="1" hai0="108,105,101,76,104,80,110,9,10,114,91,23,102" hai1="133,56,39,29,106,41,2,109,98,68,96,16,34" hai2="99,117,46,18,84,63,4,17,135,5,120,107,73" hai3="1,115,134,85,49,33,52,51,83,0,40,127,103"/><U20/><E68/><V71/><F73/><W30/><G115/><T27/><D114/><U42/><E2/><V131/><F117/><W25/><G127/><T32/><D32/><U38/><E133/><V13/><F120/><W86/><G134/><T77/><D91/><U11/><E11/><V21/><F135/><W92/><G40/><T74/><D27/><U26/><E109/><V60/><F107/><W100/><G49/><T118/><D23/><U37/><E56/><V12/><F99/><W123/><G123/><T125/><D125/><U45/><E106/><V69/><F46/><W94/><G86/><T36/><D36/><U67/><E67/><V122/><F122/><W6/><G94/><T90/><D118/><U64/><E64/><V75/><F75/><W93/><G93/><T47/><D47/><U54/><E54/><V128/><F21/><W124/><G124/><T82/><D90/><U14/><REACH who="1" step="1"/><E42/><REACH who="1" ten="262,266,198,254" step="2"/><V3/><F84/><W113/><G113/><T70/><D74/><U116/><E116/><V112/><F112/><W119/><G119/><T57/><D57/><U19/><E19/><V53/><F53/><W24/><G0/><AGARI ba="2,2" hai="0,3,4,5,12,13,17,18,60,63,69,71,128,131" machi="0" ten="25,6400,0" yaku="22,2,52,2" doraHai="126" who="2" fromWho="3" sc="262,0,266,0,198,90,254,-70" /><INIT seed="2,0,0,3,5,125" ten="262,266,288,184" oya="2" hai0="26,25,13,68,108,84,67,126,69,83,16,50,109" hai1="132,1,17,12,128,22,120,124,75,66,70,103,15" hai2="10,37,65,94,98,55,116,45,56,121,43,34,33" hai3="110,135,89,46,79,30,28,77,74,91,105,14,0"/><V95/><F116/><W18/><G0/><T63/><D126/><U27/><E75/><V112/><F121/><W4/><G105/><T118/><D69/><U104/><E124/><V20/><F112/><W82/><G4/><T133/><D118/><U87/><E1/><V58/><F10/><W80/><G110/><N who="0" m="42603" /><D50/><U60/><E132/><V59/><F65/><W49/><G135/><T41/><D41/><U102/><E120/><V131/><F55/><W78/><G28/><T76/><D133/><U52/><E128/><V29/><F95/><W106/><G30/><T127/><D127/><U130/><E130/><V86/><F86/><W35/><G35/><T53/><D53/><U57/><E87/><V36/><F36/><W92/><G106/><T97/><D97/><U99/><REACH who="1" step="1"/><E102/><REACH who="1" ten="262,256,288,184" step="2"/><V96/><F131/><W19/><G74/><T39/><D39/><U54/><E54/><V100/><F98/><W134/><G134/><T31/><D31/><U23/><E23/><AGARI ba="0,1" hai="13,16,23,25,26,63,67,68,76,83,84" m="42603" machi="23" ten="30,2000,0" yaku="14,1,54,1" doraHai="125" who="0" fromWho="1" sc="262,30,256,-20,288,0,184,0" /><INIT seed="3,0,0,4,4,52" ten="292,236,288,184" oya="3" hai0="118,79,98,96,7,89,116,120,63,125,60,30,77" hai1="4,49,74,19,59,56,66,133,75,71,105,88,124" hai2="90,108,20,126,122,48,41,50,83,85,35,82,102" hai3="18,73,8,47,23,43,123,119,1,53,44,5,114"/><W86/><G73/><N who="1" m="27658" /><E4/><V16/><F35/><W78/><G123/><T58/><D120/><U57/><E105/><V97/><F122/><W99/><G114/><T55/><D7/><U17/><E49/><V92/><F108/><W39/><G119/><T128/><D128/><U87/><E71/><V2/><F2/><W72/><G72/><T121/><D121/><U84/><E66/><V28/><F28/><W32/><G32/><T29/><D125/><U24/><E24/><V111/><F111/><W10/><G10/><T69/><D69/><U36/><E36/><V130/><F130/><W117/><G99/><T37/><D37/><U106/><E106/><V101/><F126/><W113/><G117/><T12/><D55/><U110/><E124/><V62/><F62/><W104/><G104/><T15/><REACH who="0" step="1"/><D89/><REACH who="0" ten="282,236,288,184" step="2"/><U115/><E88/><N who="2" m="51263" /><F41/><W25/><G113/><T11/><D11/><U80/><E115/><V46/><F102/><W129/><G129/><T27/><D27/><U9/><E9/><V54/><F54/><W127/><G127/><T68/><D68/><U91/><E110/><V81/><F90/><W103/><G53/><T0/><D0/><U100/><E100/><V93/><F48/><W40/><G103/><T76/><D76/><U64/><E64/><V109/><F109/><W61/><G78/><T6/><D6/><U132/><E84/><V45/><F50/><N who="3" m="26887" /><G86/><T22/><D22/><U94/><E94/><V131/><F92/><W3/><G3/><T31/><D31/><U14/><E19/><V65/><F131/><W67/><G67/><T95/><D95/><RYUUKYOKU ba="0,1" sc="282,10,236,10,288,-30,184,10" hai0="12,15,29,30,58,60,63,77,79,96,98,116,118" hai1="14,17,56,57,59,80,87,91,132,133" hai3="1,5,8,18,23,25,39,43,47,61" /><INIT seed="3,1,1,0,4,1" ten="292,246,258,194" oya="3" hai0="7,6,119,79,40,8,44,100,23,59,113,0,50" hai1="130,37,61,111,47,11,52,120,81,84,122,35,38" hai2="131,83,124,2,123,13,98,99,116,128,86,31,133" hai3="68,17,20,39,121,28,104,72,70,14,45,77,10"/><W43/><G104/><T97/><D119/><U80/><E35/><V85/><F2/><W65/><G121/><T53/><D113/><U26/><E111/><V4/><F31/><W134/><G134/><T107/><D79/><U24/><E130/><N who="2" m="49707" /><F116/><W102/><G102/><T63/><D0/><U101/><E101/><V82/><F133/><W105/><G105/><T114/><D114/><U54/><E61/><V5/><F124/><W108/><G108/><T67/><D8/><U34/><E34/><V3/><F3/><W103/><G103/><T46/><REACH who="0" step="1"/><D23/><REACH who="0" ten="282,246,258,194" step="2"/><U29/><E11/><V41/><F123/><W117/><G117/><T19/><D19/><U110/><E110/><V118/><F118/><W78/><G20/><T135/><D135/><U62/><E29/><V87/><F41/><W89/><G28/><T64/><D64/><U57/><E122/><V32/><F32/><W30/><G30/><T16/><D16/><U25/><E120/><V36/><F36/><AGARI ba="1,2" hai="6,7,36,40,44,46,50,53,59,63,67,97,100,107" machi="36" ten="30,7700,0" yaku="1,1,7,1,52,2,53,0" doraHai="1" doraHaiUra="74" who="0" fromWho="2" sc="282,100,246,0,258,-80,194,0" /><INIT seed="4,0,0,4,0,2" ten="382,246,178,194" oya="0" hai0="127,69,134,45,28,31,8,61,38,96,15,106,25" hai1="3,76,17,49,131,109,80,16,47,82,105,64,54" hai2="81,89,75,118,6,112,68,13,19,14,120,33,59" hai3="42,126,57,99,7,24,95,108,27,36,46,50,130"/><T114/><D134/><U55/><E109/><V63/><F120/><W72/><G108/><T85/><D127/><U10/><E105/><V23/><F68/><W77/><G126/><T58/><D114/><U70/><E131/><V102/><F33/><W21/><G130/><T110/><D110/><U40/><E82/><V18/><F112/><W53/><G72/><T34/><D28/><U93/><E93/><V35/><F35/><W26/><G77/><T107/><D69/><U51/><E40/><V84/><F118/><W0/><G0/><T100/><D85/><U52/><E55/><V74/><F102/><W121/><G121/><T71/><D106/><U62/><E10/><V116/><F116/><W135/><G135/><T132/><D132/><U37/><E3/><V67/><REACH who="2" step="1"/><F6/><REACH who="2" ten="382,246,168,194" step="2"/><W79/><G7/><T41/><D71/><U92/><E37/><V29/><F29/><W30/><G79/><T115/><D115/><U73/><REACH who="1" step="1"/><E92/><REACH who="1" ten="382,236,168,194" step="2"/><V133/><F133/><W39/><G36/><T125/><D125/><U113/><E113/><V111/><F111/><W98/><G95/><T66/><D38/><U88/><E88/><V4/><F4/><W91/><G91/><T65/><D41/><U129/><E129/><V101/><F101/><W1/><G39/><T122/><D122/><U87/><E87/><V124/><F124/><W60/><G1/><T9/><D100/><U32/><E32/><V128/><F128/><W48/><G53/><T97/><D107/><U90/><E90/><V117/><F117/><W103/><G103/><T104/><D104/><U78/><E78/><RYUUKYOKU ba="0,2" sc="382,-15,236,15,168,15,194,-15" hai1="16,17,47,49,51,52,54,62,64,70,73,76,80" hai2="13,14,18,19,23,59,63,67,74,75,81,84,89" /><INIT seed="5,1,2,1,4,0" ten="367,251,183,179" oya="1" hai0="36,42,80,98,87,108,125,39,23,77,96,65,83" hai1="123,66,122,61,64,131,50,133,58,88,104,119,93" hai2="113,51,70,9,3,30,132,79,103,21,82,109,90" hai3="8,118,130,46,78,121,47,35,134,18,73,25,105"/><U13/><E119/><V41/><F109/><W1/><G105/><T12/><D108/><U60/><E104/><V26/><F70/><W49/><G118/><T94/><D125/><U22/><E131/><V128/><F132/><W85/><G73/><T116/><D65/><U2/><E2/><V114/><F103/><W89/><G130/><T106/><D116/><U56/><E133/><V101/><F101/><W14/><G78/><T124/><D124/><U120/><E50/><V76/><F128/><W71/><G71/><T63/><D63/><U67/><E67/><V74/><F79/><W32/><G134/><T126/><D126/><U10/><E22/><V53/><F41/><W107/><G107/><T135/><D42/><U129/><E129/><V72/><F90/><W110/><G110/><T54/><D54/><U29/><E29/><V117/><F74/><W38/><G1/><T68/><D68/><U75/><E75/><V17/><F117/><W102/><G102/><T31/><D106/><U81/><E81/><V24/><F3/><W40/><G25/><T27/><D135/><U34/><E34/><V11/><F26/><W69/><G69/><T20/><D83/><U86/><E120/><V111/><F111/><W92/><G121/><T7/><D94/><U5/><AGARI ba="1,2" hai="5,10,13,56,58,60,61,64,66,86,88,93,122,123" machi="5" ten="20,12000,1" yaku="0,1,7,1,9,1,52,1,54,1" doraHai="0" who="1" fromWho="1" sc="367,-41,251,143,183,-41,179,-41" /><INIT seed="5,2,0,2,3,126" ten="326,394,142,138" oya="1" hai0="17,55,51,30,131,12,53,118,6,100,24,77,116" hai1="0,90,62,59,20,120,105,89,99,10,96,37,67" hai2="88,48,101,32,31,4,47,79,80,107,27,87,35" hai3="7,57,92,52,45,38,133,36,41,26,134,103,75"/><U58/><E120/><V83/><F4/><W68/><G75/><T21/><D6/><U108/><E37/><V102/><F35/><W66/><G36/><T40/><D40/><U72/><E72/><V127/><F127/><W86/><G7/><T115/><D100/><U82/><E108/><V74/><REACH who="2" step="1"/><F107/><REACH who="2" ten="326,394,132,138" step="2"/><W2/><G2/><T129/><D116/><U42/><E105/><V122/><F122/><W16/><G133/><T94/><D118/><U104/><E104/><V112/><F112/><W106/><G134/><T56/><D115/><U93/><E0/><V33/><F33/><W91/><G106/><T109/><D109/><U29/><E93/><V128/><F128/><W78/><G103/><T69/><D69/><U114/><E114/><V34/><F34/><W23/><G68/><T76/><D94/><U5/><E5/><V18/><F18/><W39/><G39/><T123/><D123/><U130/><E130/><N who="0" m="49673" /><D55/><AGARI ba="2,1" hai="27,31,32,47,48,55,74,79,80,83,87,88,101,102" machi="55" ten="30,7700,0" yaku="1,1,7,1,54,1,53,1" doraHai="126" doraHaiUra="84" who="2" fromWho="0" sc="326,-83,394,0,132,93,138,0" /><INIT seed="6,0,0,2,2,15" ten="243,394,225,138" oya="2" hai0="34,92,53,38,66,74,6,68,131,22,47,16,10" hai1="31,30,32,77,96,37,107,72,39,23,97,8,14" hai2="121,52,101,45,95,90,134,63,69,93,76,58,128" hai3="13,98,130,54,108,135,26,81,50,117,79,91,57"/><V102/><F121/><W106/><G108/><T41/><D74/><U124/><E32/><V1/><F1/><W60/><G117/><T119/><D34/><U55/><E124/><V59/><F69/><W105/><G130/><T70/><D119/><U33/><E33/><V4/><F134/><W17/><G135/><T64/><D131/><U82/><E55/><V73/><F4/><W11/><G26/><T49/><D92/><U113/><E113/><V25/><F45/><W115/><G115/><T56/><D68/><U88/><E97/><V122/><F122/><W67/><G98/><T5/><D10/><U99/><E99/><V29/><F73/><W118/><G118/><T104/><D104/><U80/><E107/><V110/><F76/><W42/><G42/><T27/><D64/><U78/><E78/><V36/><F36/><W20/><G20/><T103/><D103/><U86/><E96/><V114/><F110/><W65/><G65/><T123/><D123/><U61/><E39/><V132/><F132/><W7/><G7/><T51/><D51/><U75/><E61/><AGARI ba="0,0" hai="5,6,16,22,27,38,41,47,49,53,56,61,66,70" machi="61" ten="40,8000,1" yaku="24,2,52,1,54,1" doraHai="15" who="0" fromWho="1" sc="243,80,394,-80,225,0,138,0" /><INIT seed="7,0,0,1,4,15" ten="323,314,225,138" oya="3" hai0="130,23,66,133,26,22,116,49,101,41,82,134,27" hai1="38,68,73,56,85,47,70,112,129,37,79,40,118" hai2="69,103,104,125,120,91,21,59,25,43,105,131,30" hai3="78,7,36,93,98,102,113,122,63,54,6,16,81"/><W32/><G122/><T11/><D116/><U121/><E121/><V97/><F69/><N who="1" m="26729" /><E56/><V46/><F125/><W89/><G32/><T31/><D66/><U74/><E85/><V14/><F131/><W35/><G35/><T77/><D130/><U17/><E17/><V57/><F120/><W34/><G34/><T53/><D41/><N who="1" m="22959" /><E129/><V117/><F117/><W20/><G36/><T99/><D11/><U96/><E118/><V123/><F123/><W108/><G108/><T48/><D26/><U13/><E13/><V135/><F135/><N who="0" m="51722" /><D23/><U42/><E42/><V95/><F14/><N who="3" m="9239" /><G113/><T64/><D64/><U8/><E112/><V127/><F127/><W107/><G107/><N who="0" m="63935" /><D53/><U5/><E96/><V83/><F105/><W1/><G1/><T3/><D3/><N who="1" m="63" /><E79/><V0/><F104/><W94/><G78/><T18/><D31/><U33/><E33/><V58/><F0/><W28/><G28/><T19/><D19/><U61/><E61/><V12/><F12/><W75/><G75/><AGARI ba="0,0" hai="18,22,27,48,49,75,77,82" m="63935,51722" machi="75" ten="30,2000,0" yaku="20,1,52,1" doraHai="15" who="0" fromWho="3" sc="323,20,314,0,225,0,138,-20" owari="343,44.0,314,11.0,225,-17.0,118,-38.0" /></mjloggm>