<mjloggm ver="2.3"><GO type="169" lobby="0"/><UN n0="%E3%82%A6%E3%83%AB%E3%83%88%E3%83%A9%E7%AB%8B%E7%9B%B4" n1="%E3%82%B8%E3%83%A3%E3%82%B9%E3%82%BF%E3%82%A6%E3%82%A7%E3%82%A4" n2="%E3%81%8B%E3%82%89%E3%83%BC%E3%81%9C" n3="%E4%B8%80%E9%96%83%E3%81%95%E3%82%93" dan="17,17,17,17" rate="2114.78,2146.23,2158.50,2084.16" sx="M,M,M,M"/><TAIKYOKU oya="0"/><INIT seed="0,0,0,4,1,129" ten="250,250,250,250" oya="0" hai0="53,113,126,92,86,29,37,25,130,28,109,90,2" hai1="11,23,59,78,127,118,107,95,106,79,13,82,87" hai2="52,96,65,0,93,54,56,110,104,22,3,8,73" hai3="27,1,6,31,41,44,89,10,43,103,71,69,49"/><T26/><D113/><U101/><E118/><V72/><F104/><W120/><G120/><T38/><D130/><U33/><E33/><V51/><F110/><W98/><G89/><T111/><D2/><U70/><E70/><V123/><F123/><W76/><G76/><T91/><D53/><U67/><E127/><V83/><F65/><W47/><G98/><T119/><D126/><U99/><E78/><V16/><F54/><W125/><G103/><T94/><REACH who="0" step="1"/><D86/><REACH who="0" ten="240,250,250,250" step="2"/><U100/><E87/><V133/><F0/><W66/><G125/><T62/><D62/><U57/><E67/><V48/><F3/><W24/><G66/><T108/><D108/><U88/><E106/><V46/><F52/><W74/><G74/><T128/><D128/><U15/><E107/><V35/><F73/><W55/><G55/><T116/><AGARI ba="0,1" hai="25,26,28,29,37,38,90,91,92,94,109,111,116,119" machi="116" ten="25,9600,0" yaku="1,1,0,1,22,2,53,0" doraHai="129" doraHaiUra="4" who="0" fromWho="0" sc="240,106,250,-32,250,-32,250,-32" /><INIT seed="0,1,0,3,0,124" ten="346,218,218,218" oya="0" hai0="75,23,122,5,30,56,69,37,24,42,9,1,76" hai1="3,65,114,125,81,92,109,45,103,131,71,88,11" hai2="15,99,107,54,90,84,106,6,94,4,123,59,51" hai3="70,29,130,82,97,0,62,118,85,27,74,68,104"/><T60/><D122/><U12/><E125/><V50/><F123/><W40/><G0/><T16/><D69/><U128/><E3/><V53/><F15/><W87/><G118/><T32/><D42/><U38/><E109/><V52/><F53/><W21/><G40/><T44/><D44/><U78/><E103/><V46/><REACH who="2" step="1"/><F99/><REACH who="2" ten="346,218,208,218" step="2"/><W26/><G97/><T20/><D75/><N who="1" m="43231" /><E114/><V101/><F101/><W63/><G74/><T66/><D76/><U73/><E73/><V57/><F57/><W127/><G127/><T119/><D119/><U95/><E45/><V43/><F43/><W113/><G113/><T117/><D117/><U132/><E132/><V39/><F39/><W36/><G36/><T108/><D37/><U14/><E38/><V91/><F91/><W116/><G116/><T126/><D126/><U115/><E14/><V7/><AGARI ba="1,1" hai="4,6,7,46,50,51,52,54,59,84,90,94,106,107" machi="7" ten="30,4000,0" yaku="1,1,0,1,54,1,53,0" doraHai="124" doraHaiUra="110" who="2" fromWho="2" sc="346,-21,218,-11,208,53,218,-11" /><INIT seed="1,0,0,4,4,48" ten="325,207,261,207" oya="1" hai0="1,74,18,123,134,0,95,128,94,78,17,121,33" hai1="75,71,85,46,130,64,69,58,57,127,3,45,20" hai2="34,37,51,62,53,104,111,81,88,114,36,77,72" hai3="125,44,11,76,47,106,30,112,96,26,19,124,6"/><U129/><E3/><V68/><F104/><W10/><G112/><T41/><D41/><U2/><E2/><V13/><F34/><W40/><G76/><T93/><D33/><U28/><E75/><V7/><F114/><W120/><G19/><N who="0" m="7179" /><D128/><N who="1" m="49259" /><E85/><V116/><F111/><W35/><G120/><N who="0" m="46155" /><D134/><U14/><E127/><N who="3" m="48714" /><G6/><T132/><D132/><U29/><E14/><V23/><F116/><W54/><G54/><T101/><D101/><U39/><E20/><V52/><F23/><W21/><G35/><T79/><D79/><U84/><E84/><V82/><F82/><AGARI ba="0,0" hai="0,1,74,78,82,93,94,95" m="46155,7179" machi="82" ten="40,1300,0" yaku="13,1" doraHai="48" who="0" fromWho="2" sc="325,13,207,0,261,-13,207,0" /><INIT seed="2,0,0,5,1,117" ten="338,207,248,207" oya="2" hai0="82,80,102,17,36,135,84,39,24,70,131,52,68" hai1="88,71,129,35,53,54,72,79,119,66,31,15,50" hai2="56,130,51,128,113,25,110,77,67,4,12,96,1" hai3="106,0,76,9,30,115,127,16,42,7,58,46,89"/><V65/><F1/><W118/><G118/><T21/><D70/><U69/><E119/><V90/><F77/><W112/><G106/><T107/><D68/><U120/><E129/><N who="2" m="49771" /><F25/><W41/><G30/><T73/><D131/><U104/><E104/><V91/><F113/><W98/><G76/><T55/><D135/><U123/><E15/><V28/><F28/><W86/><G98/><T2/><D2/><U114/><E114/><N who="3" m="43562" /><G127/><T43/><D73/><U45/><E54/><N who="0" m="20521" /><D36/><U44/><E44/><V18/><F4/><W134/><G58/><T85/><D39/><U10/><E10/><N who="2" m="6423" /><F110/><W27/><G134/><T126/><D126/><U103/><E103/><V74/><F74/><W6/><G6/><T57/><D102/><U116/><E116/><V132/><F132/><W8/><G46/><T3/><D3/><U83/><E88/><N who="2" m="33835" /><F96/><W133/><G133/><T48/><D107/><U94/><E94/><V97/><F97/><W20/><G9/><T109/><D109/><U47/><E47/><V38/><F38/><W14/><G0/><T19/><D85/><U63/><REACH who="1" step="1"/><E71/><REACH who="1" ten="338,197,248,207" step="2"/><V81/><F81/><AGARI ba="0,1" hai="7,8,14,16,20,27,41,42,81,86,89" m="43562" machi="81" ten="30,2000,0" yaku="11,1,54,1" doraHai="117" who="3" fromWho="2" sc="338,0,197,0,248,-20,207,30" /><INIT seed="3,0,0,2,4,7" ten="338,197,228,237" oya="3" hai0="123,49,26,38,133,111,130,9,69,11,34,70,72" hai1="85,28,79,91,42,61,74,106,53,18,29,81,10" hai2="12,78,13,117,131,121,122,50,107,3,37,134,39" hai3="103,129,17,21,1,114,126,59,94,95,45,127,113"/><W22/><G1/><T66/><D38/><U31/><E106/><V57/><F3/><W112/><G129/><T105/><D105/><U44/><E61/><V63/><F107/><W62/><G45/><T93/><D72/><U64/><E64/><V48/><F78/><W68/><G68/><T124/><D123/><U35/><E53/><V90/><F90/><W27/><G22/><T119/><D119/><U118/><E118/><V86/><F117/><W97/><REACH who="3" step="1"/><G95/><REACH who="3" ten="338,197,228,227" step="2"/><T80/><D69/><U41/><E35/><V25/><F131/><W14/><G14/><T40/><D70/><U82/><E44/><V76/><F12/><W60/><G60/><T65/><D93/><U43/><REACH who="1" step="1"/><E18/><REACH who="1" ten="338,187,228,227" step="2"/><V16/><F16/><W73/><G73/><T15/><D34/><U98/><E98/><V36/><F122/><W67/><AGARI ba="0,2" hai="17,21,27,59,62,67,94,97,103,112,113,114,126,127" machi="67" ten="40,7800,0" yaku="1,1,0,1,53,1" doraHai="7" doraHaiUra="58" who="3" fromWho="3" sc="338,-26,187,-26,228,-26,227,98" /><INIT seed="3,1,0,1,2,50" ten="312,161,202,325" oya="3" hai0="10,61,127,65,49,117,94,9,53,35,40,63,2" hai1="55,134,116,31,39,79,20,118,27,88,103,99,112" hai2="78,111,92,54,101,66,96,38,21,23,7,59,73" hai3="16,76,42,91,124,126,82,80,3,67,108,85,51"/><W5/><G67/><T13/><D35/><U64/><E112/><V133/><F38/><W97/><G108/><T41/><D117/><N who="1" m="45163" /><E134/><V104/><F111/><W84/><G97/><T11/><D2/><U12/><E39/><V71/><F133/><W75/><G75/><T72/><D72/><U77/><E64/><V115/><F115/><W122/><G122/><T14/><D127/><U95/><E12/><N who="0" m="4713" /><D94/><U114/><E114/><V1/><F71/><W89/><G76/><N who="1" m="29258" /><E103/><V6/><F66/><W74/><G74/><T25/><D25/><U113/><E113/><V15/><F1/><W34/><G34/><T62/><D65/><U98/><E98/><V68/><F68/><W132/><G132/><T32/><D32/><U123/><E123/><V109/><F109/><W8/><REACH who="3" step="1"/><G16/><REACH who="3" ten="312,161,202,315" step="2"/><T120/><D120/><U70/><E70/><V4/><F73/><W17/><G17/><T57/><AGARI ba="1,1" hai="9,10,11,40,41,49,53,57,61,62,63" m="4713" machi="57" ten="40,2700,0" yaku="8,1,52,1" doraHai="50" who="0" fromWho="0" sc="312,40,161,-8,202,-8,315,-14" /><INIT seed="4,0,0,0,1,71" ten="352,153,194,301" oya="0" hai0="72,84,22,100,124,112,42,113,50,45,27,10,94" hai1="31,135,58,38,118,110,51,127,40,130,73,74,36" hai2="0,4,89,109,55,68,37,11,24,131,54,102,79" hai3="62,44,20,17,21,87,57,64,8,116,111,66,46"/><T86/><D72/><U25/><E118/><V33/><F109/><W75/><G75/><T103/><D124/><U19/><E110/><V91/><F68/><W7/><G116/><T41/><D10/><U69/><E69/><V134/><F134/><W29/><G66/><T105/><D105/><U115/><E135/><V56/><F131/><W59/><G59/><T3/><D3/><U97/><E130/><V23/><F33/><W12/><G111/><T81/><D42/><U67/><E127/><V77/><F102/><W123/><G123/><T5/><D5/><U6/><E6/><V95/><F37/><N who="1" m="14441" /><E19/><V106/><F106/><W35/><G21/><T43/><D43/><U80/><E97/><V26/><F89/><W70/><G70/><T65/><D65/><U107/><E107/><V85/><F26/><N who="3" m="18871" /><G87/><T121/><D121/><U49/><E80/><V63/><REACH who="2" step="1"/><F54/><REACH who="2" ten="352,153,184,301" step="2"/><W78/><G64/><T2/><D103/><U83/><E67/><V99/><F99/><W133/><G133/><T125/><D125/><U117/><E117/><V93/><F93/><W126/><G126/><T108/><D108/><U101/><E83/><V47/><F47/><W120/><G46/><T52/><D52/><N who="1" m="32015" /><E101/><V9/><F9/><W128/><G128/><T119/><D100/><U92/><E92/><V15/><F15/><W76/><G120/><T18/><D119/><U61/><E25/><V30/><AGARI ba="0,1" hai="0,4,11,23,24,30,55,56,63,77,79,85,91,95" machi="30" ten="20,2700,0" yaku="1,1,0,1,7,1,53,0" doraHai="71" doraHaiUra="122" who="2" fromWho="2" sc="352,-13,153,-7,184,37,301,-7" /><INIT seed="5,0,0,3,1,7" ten="339,146,221,294" oya="1" hai0="49,126,118,116,119,120,92,18,94,48,89,131,20" hai1="22,110,109,91,99,93,68,71,47,90,117,67,57" hai2="35,14,59,44,124,50,77,86,28,56,76,75,127" hai3="16,36,74,13,62,3,112,104,70,87,64,21,31"/><U73/><E117/><V34/><F75/><W55/><G74/><T6/><D6/><U11/><E73/><V60/><F14/><W102/><G3/><T113/><D113/><U19/><E47/><V134/><F134/><W51/><G36/><T0/><D0/><U103/><E90/><V30/><F86/><W115/><G31/><T132/><D92/><U9/><E71/><V84/><F84/><W1/><G1/><T98/><D132/><U135/><E68/><V129/><F129/><W58/><REACH who="3" step="1"/><G87/><REACH who="3" ten="339,146,221,284" step="2"/><T5/><D119/><U125/><E135/><V41/><F28/><W40/><G40/><T105/><D118/><U26/><E125/><V72/><F30/><W27/><G27/><T95/><D126/><U29/><E29/><V96/><F72/><W33/><G33/><T83/><D116/><U81/><E110/><V123/><F34/><W78/><G78/><T8/><D131/><U88/><E109/><V107/><F35/><W85/><G85/><T15/><D120/><U4/><E81/><V53/><F77/><W24/><G24/><T54/><D83/><U133/><E133/><V46/><F76/><W82/><G82/><T37/><D37/><U122/><E122/><V108/><F123/><W38/><G38/><T106/><D98/><AGARI ba="0,1" hai="13,16,21,51,55,58,62,64,70,98,102,104,112,115" machi="98" ten="40,5200,0" yaku="1,1,54,1,53,1" doraHai="7" doraHaiUra="12" who="3" fromWho="0" sc="339,-52,146,0,221,0,284,62" /><INIT seed="6,0,0,4,0,12" ten="287,146,221,346" oya="2" hai0="135,8,14,133,73,5,17,31,97,93,108,122,81" hai1="16,132,30,128,116,50,87,114,115,26,29,74,112" hai2="111,82,42,130,7,125,37,84,56,88,15,110,61" hai3="127,27,68,43,44,23,105,129,10,89,48,90,80"/><V98/><F125/><W47/><G68/><T58/><D122/><U49/><E74/><V106/><F37/><W2/><G105/><T118/><D108/><N who="2" m="41514" /><F42/><W39/><G127/><T76/><D118/><U19/><E116/><V3/><F3/><W131/><G2/><T53/><D31/><N who="1" m="11787" /><E128/><N who="3" m="49226" /><G10/><T55/><D5/><U13/><E132/><N who="0" m="50761" /><D58/><U60/><E60/><V11/><F130/><W117/><G80/><T65/><D65/><U95/><E26/><V77/><F106/><W28/><G117/><T120/><D120/><U22/><E19/><V99/><F77/><W40/><AGARI ba="0,0" hai="23,27,28,39,40,43,44,47,48,89,90" m="49226" machi="40" ten="30,1100,0" yaku="19,1" doraHai="12" who="3" fromWho="3" sc="287,-3,146,-3,221,-5,346,11" /><INIT seed="7,0,0,4,4,29" ten="284,143,216,357" oya="3" hai0="49,110,119,76,3,93,100,79,43,114,50,77,122" hai1="58,101,89,109,125,22,62,44,59,52,121,135,72" hai2="63,111,127,7,10,30,23,133,115,117,17,86,21" hai3="103,124,97,14,92,88,67,90,32,75,2,13,134"/><W36/><G2/><T28/><D28/><U85/><E121/><V118/><F63/><W53/><G75/><T131/><D43/><U98/><E109/><V104/><F104/><W24/><G36/><T37/><D50/><U126/><E72/><V31/><F86/><W33/><G67/><T107/><D37/><U78/><E135/><V128/><F111/><W55/><G33/><T15/><D49/><U80/><E126/><V116/><F127/><W105/><G32/><T123/><D15/><U74/><E125/><V46/><F46/><W34/><G34/><T73/><D3/><U38/><E38/><V9/><F133/><W96/><G105/><T108/><D77/><U42/><E42/><V41/><F41/><W130/><G130/><T70/><D70/><U39/><E39/><V102/><F102/><W83/><G103/><T95/><D100/><U45/><E59/><V60/><F60/><W12/><G124/><T68/><D68/><U61/><E61/><V20/><F128/><W11/><G11/><T66/><D66/><U0/><E0/><V8/><F115/><W81/><G55/><T87/><D107/><U82/><E101/><V47/><F47/><W64/><G53/><T65/><D65/><U54/><E54/><V84/><F84/><W112/><G64/><T26/><D73/><U51/><E98/><V35/><F7/><W19/><G97/><T56/><D110/><U71/><E71/><V113/><F113/><W132/><G112/><T57/><D114/><U16/><E62/><V27/><F117/><W40/><G132/><T99/><D108/><RYUUKYOKU ba="0,0" sc="284,-10,143,30,216,-10,357,-10" hai1="16,22,44,45,51,52,58,74,78,80,82,85,89" owari="274,7.0,173,-33.0,206,-19.0,347,45.0" /></mjloggm>