<mjloggm ver="2.3"><GO type="41" lobby="0"/><UN n0="%77%77%66%72%62%61%62%61" n1="%E5%A4%8F%E3%81%AF%E8%8A%B1%E7%81%AB" n2="%E3%82%AD%E3%83%A7%E3%82%A6%E3%82%BF" n3="%E5%B0%B1%E6%B4%BB%E7%94%9F%40%E5%B7%9D%E6%9D%91%E8%BB%8D%E5%9B%A3" dan="14,14,14,15" rate="1910.19,1921.83,2030.54,1996.84" sx="M,M,M,M"/><TAIKYOKU oya="0"/><INIT seed="0,0,0,2,2,21" ten="250,250,250,250" oya="0" hai0="115,99,73,85,12,7,23,111,122,2,131,52,20" hai1="27,36,69,45,19,32,104,96,77,37,1,107,25" hai2="95,133,106,22,9,108,53,132,13,88,29,46,91" hai3="58,75,97,16,63,26,64,103,66,31,59,70,42"/><T134/><D115/><U60/><E1/><V89/><F106/><W5/><G75/><T24/><D122/><U80/><E104/><V94/><F108/><W124/><G5/><T39/><D73/><U125/><E125/><V121/><F121/><W83/><G124/><T62/><D39/><U17/><E45/><V34/><F34/><W43/><G83/><T35/><D2/><U117/><E117/><V118/><F118/><W40/><G66/><T135/><D131/><U87/><E69/><V116/><F116/><W109/><G109/><T51/><D62/><U8/><E60/><V28/><F133/><W82/><G82/><T90/><D99/><U54/><E54/><V92/><F132/><N who="0" m="50730" /><D7/><U3/><E32/><V105/><F105/><W72/><G72/><T79/><D79/><U110/><E110/><V61/><F22/><W30/><G70/><T98/><D12/><U55/><E3/><V49/><REACH who="2" step="1"/><F61/><REACH who="2" ten="250,250,240,250" step="2"/><W14/><G63/><T48/><D20/><U38/><E107/><V41/><F41/><W100/><G64/><T102/><D35/><U11/><E55/><V18/><AGARI ba="0,1" hai="9,13,18,28,29,46,49,53,88,89,91,92,94,95" machi="18" ten="30,7900,0" yaku="1,1,0,1,8,1,54,1,53,0" doraHai="21" doraHaiUra="128" who="2" fromWho="2" sc="250,-39,250,-20,240,89,250,-20" /><INIT seed="1,0,0,0,1,105" ten="211,230,329,230" oya="1" hai0="26,9,73,40,120,109,2,90,21,122,98,64,37" hai1="19,124,57,24,128,110,121,49,63,66,104,15,52" hai2="69,135,85,27,51,16,17,32,76,97,132,96,60" hai3="47,33,41,68,31,43,56,1,79,125,77,92,20"/><U46/><E104/><V8/><F51/><W35/><G68/><T81/><D64/><U59/><E121/><N who="0" m="46697" /><D109/><U67/><E24/><V30/><F69/><W29/><G1/><T54/><D37/><U23/><E110/><V103/><F60/><W71/><G71/><T5/><D40/><U129/><REACH who="1" step="1"/><E124/><REACH who="1" ten="211,220,329,230" step="2"/><V126/><F126/><W106/><G106/><T14/><D2/><U107/><E107/><V39/><F27/><W72/><G125/><T88/><D98/><U114/><E114/><V75/><F97/><W4/><G33/><T93/><D93/><U82/><E82/><V65/><F96/><W119/><G92/><T117/><D117/><U11/><E11/><V94/><F32/><W53/><G35/><T42/><D81/><U25/><E25/><V118/><F8/><W28/><G119/><T18/><D26/><U22/><E22/><V108/><F94/><W6/><G20/><T34/><D21/><U7/><E7/><V100/><F108/><W74/><G6/><T48/><D5/><U113/><E113/><V78/><F118/><W84/><G4/><T13/><D34/><U89/><E89/><V44/><F30/><W50/><G77/><T91/><D91/><U95/><E95/><V3/><F78/><W0/><G0/><T61/><D90/><U130/><E130/><V99/><F76/><W38/><REACH who="3" step="1"/><G43/><REACH who="3" ten="211,220,329,220" step="2"/><T116/><D42/><U131/><E131/><V115/><F3/><W36/><G36/><T86/><D116/><U101/><E101/><V133/><F39/><W62/><G62/><AGARI ba="0,2" hai="15,19,23,46,49,52,57,59,62,63,66,67,128,129" machi="62" ten="40,12000,1" yaku="1,1,9,1,54,1,53,2" doraHai="105" doraHaiUra="58" who="1" fromWho="3" sc="211,0,220,140,329,0,220,-120" /><INIT seed="1,1,0,3,0,92" ten="211,360,329,100" oya="1" hai0="71,131,36,56,130,117,44,14,73,33,107,96,12" hai1="77,46,82,95,35,110,83,23,30,72,78,79,106" hai2="116,120,93,20,41,111,104,85,87,39,55,76,0" hai3="48,125,65,53,29,1,91,34,51,88,80,26,13"/><U63/><E35/><V6/><F104/><W49/><G1/><T60/><D117/><U121/><E121/><V102/><F116/><W8/><G125/><T103/><D73/><U119/><E106/><V81/><F120/><W59/><G65/><T32/><D12/><U126/><E126/><V16/><F111/><W67/><G67/><N who="0" m="41447" /><D14/><U18/><E30/><V21/><F21/><W50/><REACH who="3" step="1"/><G80/><REACH who="3" ten="211,360,329,90" step="2"/><T5/><D131/><U57/><E119/><V68/><F81/><W90/><G90/><T86/><D130/><U101/><E82/><V45/><F0/><W61/><G61/><T118/><D118/><U75/><E72/><V114/><F76/><W127/><G127/><T89/><D89/><U84/><E75/><V42/><F114/><W99/><G99/><T28/><D96/><U129/><E129/><V134/><F87/><W38/><G38/><T27/><D86/><U113/><E113/><V132/><F85/><W4/><AGARI ba="1,1" hai="4,8,13,26,29,34,48,49,50,51,53,59,88,91" machi="4" ten="30,4000,0" yaku="1,1,0,1,54,1,53,0" doraHai="92" doraHaiUra="122" who="3" fromWho="3" sc="211,-11,360,-21,329,-11,90,53" /><INIT seed="2,0,0,3,3,115" ten="200,339,318,143" oya="2" hai0="109,108,46,4,106,129,47,110,24,79,42,53,75" hai1="65,99,54,130,25,120,9,38,72,45,51,49,57" hai2="87,101,111,93,102,107,23,76,125,61,52,81,86" hai3="10,48,29,44,41,88,91,35,89,1,69,64,66"/><V118/><F125/><W63/><G66/><T26/><D106/><U21/><E72/><V135/><F107/><W12/><G1/><T22/><D129/><U128/><E120/><V114/><F114/><W30/><REACH who="3" step="1"/><G35/><REACH who="3" ten="200,339,318,133" step="2"/><T32/><D32/><U33/><E33/><V117/><F135/><W6/><AGARI ba="0,1" hai="6,10,12,29,30,41,44,48,63,64,69,88,89,91" machi="6" ten="30,7900,0" yaku="1,1,2,1,0,1,54,1,53,0" doraHai="115" doraHaiUra="13" who="3" fromWho="3" sc="200,-20,339,-20,318,-39,133,89" /><INIT seed="3,0,0,5,1,26" ten="180,319,279,222" oya="3" hai0="54,94,59,23,85,34,24,12,131,79,20,71,61" hai1="66,8,15,27,87,63,60,73,114,4,46,41,98" hai2="108,119,77,81,123,47,58,78,97,62,124,89,22" hai3="102,37,112,91,110,104,65,17,48,75,51,49,132"/><W118/><G37/><T57/><D71/><U86/><E73/><V0/><F0/><W121/><G118/><T109/><D109/><U92/><E114/><V55/><F119/><W45/><G121/><T42/><D131/><U128/><E27/><V40/><F123/><W113/><G75/><T30/><D42/><U53/><E53/><V38/><F108/><W11/><G110/><T36/><D36/><U19/><E4/><V111/><F111/><W33/><G33/><T6/><D12/><U52/><E41/><V96/><F124/><W76/><G76/><T107/><D107/><U84/><E128/><V13/><F78/><W125/><G65/><T14/><D59/><U72/><E72/><V70/><F89/><W93/><G125/><T117/><D117/><U122/><E66/><V16/><REACH who="2" step="1"/><F70/><REACH who="2" ten="180,319,269,222" step="2"/><W64/><G113/><T3/><D3/><U133/><E122/><V21/><F21/><W74/><G112/><T39/><D23/><U83/><E133/><V25/><F25/><W95/><G132/><T28/><D34/><U67/><E8/><V7/><F7/><W116/><G91/><N who="0" m="53615" /><D79/><U127/><E127/><V31/><F31/><W130/><G116/><T1/><D1/><U5/><E5/><V135/><F135/><W134/><G134/><T90/><D90/><U68/><E68/><V9/><F9/><W99/><G130/><T82/><D82/><U2/><E83/><V18/><F18/><W105/><G74/><AGARI ba="0,1" hai="13,16,22,38,40,47,55,58,62,74,77,81,96,97" machi="74" ten="30,7700,0" yaku="1,1,7,1,54,1,53,1" doraHai="26" doraHaiUra="106" who="2" fromWho="3" sc="180,0,319,0,269,87,222,-77" /><INIT seed="4,0,0,3,4,23" ten="180,319,356,145" oya="0" hai0="47,106,113,17,57,58,123,112,26,70,62,98,5" hai1="38,52,49,55,54,45,27,37,102,86,4,85,15" hai2="8,40,120,14,69,128,11,117,114,104,129,0,99" hai3="109,132,59,80,21,77,33,9,41,84,16,115,89"/><T61/><D123/><U65/><E102/><V119/><F69/><W108/><G33/><T13/><D47/><U6/><E65/><V125/><F40/><W53/><G132/><T32/><D5/><U103/><E103/><V2/><F99/><W82/><G115/><N who="0" m="44107" /><D106/><U31/><E37/><V97/><F97/><W34/><G34/><T43/><D98/><U90/><E38/><V76/><F76/><W20/><G41/><T111/><D43/><N who="1" m="24767" /><E15/><V127/><F104/><W35/><G35/><T73/><D111/><U36/><E36/><V56/><F56/><N who="0" m="21610" /><D73/><U79/><E6/><V130/><F120/><W18/><G109/><T29/><D70/><U88/><E4/><V122/><F122/><W24/><G108/><T92/><D92/><U116/><E116/><V50/><F50/><N who="3" m="31159" /><G9/><AGARI ba="0,0" hai="9,13,17,26,29,32,61,62" m="21610,44107" machi="9" ten="30,2900,0" yaku="15,1,52,1" doraHai="23" who="0" fromWho="3" sc="180,29,319,0,356,0,145,-29" /><INIT seed="4,1,0,1,2,116" ten="209,319,356,116" oya="0" hai0="69,49,67,102,111,18,63,12,103,123,5,51,89" hai1="8,50,113,42,44,2,115,88,56,99,29,6,91" hai2="108,62,23,13,37,70,92,120,77,101,132,53,39" hai3="109,46,95,81,4,47,1,15,94,73,45,0,127"/><T35/><D123/><U71/><E71/><V121/><F108/><W86/><G109/><T80/><D111/><U72/><E72/><V68/><F77/><W76/><G127/><T124/><D124/><U79/><E79/><V22/><F101/><W122/><G73/><T26/><D5/><U19/><E29/><V27/><F92/><W84/><G15/><T61/><D61/><U85/><E19/><V106/><F106/><W33/><G33/><T105/><D105/><U54/><E99/><V100/><F100/><W133/><G133/><T17/><D17/><U14/><E2/><N who="3" m="1130" /><G76/><T38/><D38/><N who="2" m="14346" /><F13/><W83/><G4/><T36/><D36/><U57/><E91/><V25/><F53/><W128/><G128/><T52/><D49/><U60/><REACH who="1" step="1"/><E56/><REACH who="1" ten="209,309,356,116" step="2"/><V30/><F132/><W126/><G126/><T119/><D119/><U125/><E125/><V11/><F30/><W118/><G118/><T96/><D96/><U34/><E34/><V87/><F70/><W58/><G58/><T9/><D35/><U3/><E3/><V134/><F68/><W117/><G117/><T20/><D26/><U64/><E64/><V135/><F134/><W28/><G28/><T21/><D103/><U24/><E24/><V66/><F135/><W98/><G98/><T82/><D102/><U110/><E110/><V55/><F27/><W93/><G122/><T112/><D89/><U130/><E130/><V129/><F121/><W48/><G48/><T41/><D69/><U16/><E16/><V97/><F120/><W31/><G31/><T7/><D67/><U90/><E90/><RYUUKYOKU ba="1,1" sc="209,-15,309,15,356,-15,116,15" hai1="6,8,14,42,44,50,54,57,60,85,88,113,115" hai3="45,46,47,81,83,84,86,93,94,95" /><INIT seed="5,2,1,2,2,117" ten="194,324,341,131" oya="1" hai0="104,8,38,10,130,5,12,110,45,111,57,115,71" hai1="9,127,7,13,92,23,20,80,25,89,126,6,116" hai2="58,131,67,48,83,19,123,49,42,70,134,31,3" hai3="16,55,17,35,78,93,52,91,14,122,29,4,124"/><U36/><E36/><V101/><F3/><W84/><G124/><N who="1" m="47658" /><E116/><V96/><F131/><W98/><G122/><T0/><D104/><U46/><E46/><V129/><F129/><W128/><G128/><T26/><D71/><U112/><E80/><V44/><F134/><W50/><G35/><T107/><D130/><U47/><E47/><V27/><F70/><W43/><G29/><T54/><D107/><U119/><E119/><V28/><F83/><N who="3" m="47223" /><G43/><T118/><D115/><U63/><E63/><N who="2" m="38391" /><F123/><W51/><G51/><T74/><D74/><U1/><E112/><V30/><F49/><W100/><G100/><T97/><D118/><U113/><E113/><V121/><F121/><W76/><G76/><T59/><D59/><U103/><E103/><V99/><F101/><W125/><G125/><T88/><D45/><U33/><E1/><V65/><F65/><W114/><G114/><T62/><D38/><U73/><E73/><V22/><AGARI ba="2,1" hai="19,22,27,28,30,31,42,44,48,96,99" m="38391" machi="22" ten="30,1100,0" yaku="8,1" doraHai="117" who="2" fromWho="2" sc="194,-5,324,-7,341,27,131,-5" /><INIT seed="6,0,0,3,3,55" ten="189,317,368,126" oya="2" hai0="77,3,81,69,22,91,94,39,44,38,64,58,102" hai1="74,48,73,9,10,100,33,28,96,53,13,47,66" hai2="37,19,76,120,54,113,16,70,86,87,88,135,31" hai3="8,93,111,43,18,49,24,112,42,116,63,60,109"/><V57/><F70/><W14/><G116/><T29/><D3/><U1/><E1/><V104/><F37/><W12/><G112/><T50/><D102/><U118/><E66/><V56/><F104/><W83/><G24/><T41/><D69/><U99/><E10/><V79/><F120/><W117/><G117/><T124/><D124/><U95/><E118/><V46/><F113/><W32/><G32/><T30/><D38/><U34/><E34/><V82/><F135/><W125/><G125/><T101/><D101/><U114/><E114/><V0/><F0/><W103/><G83/><T108/><D108/><U52/><E53/><V128/><F128/><W122/><G122/><T105/><D105/><U17/><REACH who="1" step="1"/><E99/><REACH who="1" ten="189,307,368,126" step="2"/><V98/><F54/><W127/><G127/><T2/><D2/><U90/><E90/><V121/><F121/><W131/><G131/><T75/><D22/><U78/><E78/><V26/><F98/><W97/><G111/><T4/><D64/><U62/><E62/><V21/><F79/><W92/><G109/><T11/><D11/><U27/><AGARI ba="0,1" hai="9,13,17,27,28,33,47,48,52,73,74,95,96,100" machi="27" ten="30,4000,0" yaku="1,1,0,1,54,1,53,0" doraHai="55" doraHaiUra="36" who="1" fromWho="1" sc="189,-10,307,50,368,-20,126,-10" /><INIT seed="7,0,0,1,2,94" ten="179,357,348,116" oya="3" hai0="43,15,23,35,17,59,117,65,86,56,13,120,63" hai1="71,113,118,68,81,11,27,18,92,32,22,102,90" hai2="82,88,84,131,8,89,98,80,125,14,45,134,101" hai3="48,108,127,47,26,40,3,73,75,100,67,107,115"/><W58/><G3/><T29/><D120/><U95/><E32/><V114/><F134/><W49/><G107/><T87/><D117/><U62/><E118/><V34/><F34/><W79/><G108/><T109/><D109/><U9/><E113/><V96/><F114/><W111/><G111/><T105/><D105/><U106/><E71/><V30/><F30/><W50/><G100/><T78/><D35/><U19/><E68/><V64/><F125/><W57/><G115/><T103/><D103/><U55/><E81/><V60/><F131/><W99/><G127/><T126/><D126/><U122/><E19/><V6/><F101/><W51/><G79/><T76/><D43/><U31/><E31/><V42/><F89/><W110/><G110/><T112/><D112/><U69/><E69/><V128/><F80/><W116/><G116/><T37/><D59/><N who="3" m="22537" /><G73/><T7/><D37/><U66/><E106/><V38/><F128/><W2/><G2/><T5/><D29/><U91/><E66/><V20/><F64/><W104/><G75/><T28/><D28/><U132/><E102/><V72/><F60/><W130/><G130/><T24/><D24/><U16/><E122/><V33/><F72/><W1/><G1/><T39/><D39/><U10/><E62/><V44/><F33/><W36/><G67/><T77/><D15/><U0/><E27/><V83/><F82/><W124/><N who="3" m="12288" /><DORA hai="21" /><W74/><G74/><T46/><REACH who="0" step="1"/><D46/><REACH who="0" ten="169,357,348,116" step="2"/><N who="2" m="18026" /><F42/><W85/><G124/><T61/><D61/><U97/><E0/><V12/><F38/><W53/><G26/><T52/><D52/><RYUUKYOKU ba="0,1" sc="169,15,357,-15,348,15,116,-15" hai0="5,7,13,17,23,56,63,65,76,77,78,86,87" hai2="6,8,12,14,20,83,84,88,96,98" owari="184,-22.0,342,14.0,373,48.0,101,-40.0" /></mjloggm>