<mjloggm ver="2.3"><GO type="97" lobby="0"/><UN n0="%E3%81%88%E3%82%8B%E3%81%9F%E3%81%9D" n1="%E3%83%88%E3%83%88%E3%83%AA%E5%85%88%E7%94%9F%31%39%E6%AD%B3" n2="%E9%97%87%E3%82%B5%E3%83%88%E3%82%B7" n3="%E3%82%8D%E3%81%8F%E3%81%94%E3%82%8D%E3%81%86" dan="14,15,15,15" rate="1959.60,2046.70,2027.35,2018.77" sx="F,F,F,M"/><TAIKYOKU oya="0"/><INIT seed="0,0,0,3,0,69" ten="250,250,250,250" oya="0" hai0="53,38,52,62,82,14,28,17,96,83,59,36,13" hai1="119,31,124,93,89,5,27,95,18,109,74,108,127" hai2="135,103,106,25,3,79,61,97,35,22,76,71,48" hai3="85,37,33,77,10,2,128,72,44,57,26,100,51"/><T130/><D28/><U115/><E119/><V131/><F3/><W92/><G128/><T45/><D130/><U6/><E74/><V66/><F135/><W12/><G2/><T101/><D13/><U132/><E93/><V1/><F1/><W70/><G70/><T88/><D82/><U122/><E95/><V42/><F131/><W134/><G134/><T107/><D45/><U120/><E89/><V55/><F42/><W49/><G72/><T16/><D53/><U112/><E18/><V64/><F64/><W67/><G26/><T94/><D17/><U11/><E132/><V126/><F126/><N who="1" m="48169" /><E11/><V99/><F99/><W8/><G33/><T23/><D83/><U116/><E116/><V91/><F91/><W0/><G0/><T111/><D111/><N who="1" m="42571" /><E6/><V21/><F21/><W80/><G10/><T20/><D23/><N who="1" m="15871" /><E5/><V129/><F129/><W43/><G92/><T133/><D133/><U84/><E84/><AGARI ba="0,0" hai="14,16,20,36,38,52,59,62,84,88,94,96,101,107" machi="84" ten="30,18000,2" yaku="7,1,52,2,54,3" doraHai="69" who="0" fromWho="1" sc="250,180,250,-180,250,0,250,0" /><INIT seed="0,1,0,2,4,102" ten="430,70,250,250" oya="0" hai0="117,103,54,27,32,40,33,71,109,23,46,100,49" hai1="73,83,53,112,3,48,55,58,81,37,18,0,65" hai2="125,50,14,66,68,16,8,19,127,97,86,107,120" hai3="122,110,94,92,76,133,60,62,34,17,36,135,72"/><T20/><D117/><U39/><E112/><V84/><F120/><W119/><G119/><T43/><D71/><U130/><E130/><V77/><F50/><W113/><G113/><T98/><D109/><U106/><E58/><V132/><F132/><N who="3" m="50763" /><G36/><T116/><D116/><U118/><E48/><V124/><F77/><W108/><G34/><T67/><D67/><U4/><E118/><V82/><F82/><N who="3" m="45319" /><G17/><T96/><D33/><U30/><E18/><V114/><F19/><W25/><G25/><T13/><D32/><U11/><E65/><V47/><F114/><W21/><G21/><T115/><D115/><U90/><E90/><V131/><F131/><W56/><G122/><T59/><D13/><U51/><E51/><V28/><F28/><W44/><G44/><T89/><D40/><U64/><E64/><V126/><F125/><W52/><G62/><T85/><D20/><U93/><E93/><AGARI ba="1,0" hai="52,56,60,92,93,94,108,110" m="45319,50763" machi="93" ten="30,2000,0" yaku="20,1,54,1" doraHai="102" who="3" fromWho="1" sc="430,0,70,-23,250,0,250,23" /><INIT seed="1,0,0,2,3,15" ten="430,47,250,273" oya="1" hai0="116,40,32,53,31,49,12,4,108,117,96,42,70" hai1="47,92,41,52,60,24,123,114,8,57,11,91,119" hai2="50,46,36,26,103,71,106,110,0,90,67,2,111" hai3="89,38,79,17,75,30,6,78,63,102,128,7,115"/><U129/><E114/><V83/><F36/><W19/><G115/><T51/><D70/><U124/><E119/><V97/><F26/><W120/><G120/><T44/><D32/><U107/><E123/><V113/><F71/><W118/><G38/><T131/><D40/><U66/><E107/><V55/><F67/><W61/><G102/><T127/><D31/><U34/><E129/><V105/><F105/><W29/><G89/><T95/><D131/><U104/><E104/><V135/><F135/><W130/><G75/><T82/><D82/><U43/><E124/><V85/><REACH who="2" step="1"/><F113/><REACH who="2" ten="430,47,240,273" step="2"/><W68/><G68/><T99/><D127/><U59/><E34/><V76/><F76/><W27/><G27/><T81/><D117/><AGARI ba="0,1" hai="6,7,17,19,29,30,61,63,78,79,117,118,128,130" machi="117" ten="25,6400,0" yaku="22,2,52,2" doraHai="15" who="3" fromWho="0" sc="430,-64,47,0,240,0,273,74" /><INIT seed="2,0,0,3,3,55" ten="366,47,240,347" oya="2" hai0="121,132,48,58,45,116,64,17,61,89,93,102,24" hai1="36,3,53,120,40,135,4,19,100,71,81,68,134" hai2="131,98,6,128,47,54,23,38,63,16,101,90,65" hai3="26,94,82,7,13,33,129,57,15,21,133,123,46"/><V79/><F79/><W78/><G123/><T125/><D121/><U42/><E81/><V106/><F6/><W60/><G129/><N who="2" m="49737" /><F90/><W86/><G33/><T12/><D116/><U67/><E4/><V0/><F0/><W35/><G35/><T110/><D110/><U97/><E3/><V108/><F108/><W80/><G133/><T34/><D132/><U30/><E30/><V62/><F65/><W83/><G46/><T51/><D102/><U104/><E100/><V50/><F38/><W44/><G44/><T95/><D125/><U5/><E5/><V32/><F32/><W85/><G7/><T99/><D95/><U112/><E97/><V130/><F130/><W114/><G94/><T20/><D45/><U109/><E19/><V119/><F119/><W11/><G11/><N who="0" m="6303" /><D34/><U72/><E104/><V76/><F76/><W2/><G2/><T1/><D1/><U52/><E72/><V8/><F8/><W43/><G78/><T111/><D111/><U77/><E77/><V66/><F66/><W96/><G96/><T126/><D126/><U70/><E109/><V49/><F49/><W14/><G114/><T22/><D22/><U10/><E10/><V73/><F73/><W113/><G113/><T41/><D41/><U28/><E112/><V87/><F87/><N who="3" m="33291" /><G43/><N who="1" m="16426" /><E36/><V29/><F29/><AGARI ba="0,0" hai="20,24,29,48,51,58,61,64,89,93,99" m="6303" machi="29" ten="30,2000,0" yaku="8,1,52,1" doraHai="55" who="0" fromWho="2" sc="366,20,47,0,240,-20,347,0" /><INIT seed="3,0,0,0,1,129" ten="386,47,220,347" oya="3" hai0="109,120,18,89,56,73,67,92,59,9,104,95,110" hai1="72,84,36,90,32,33,69,105,101,64,77,22,79" hai2="17,16,122,42,128,53,38,91,1,12,119,132,123" hai3="114,23,34,103,116,88,0,47,39,10,29,108,15"/><W98/><G116/><T121/><D104/><U61/><E22/><V6/><F119/><W85/><G114/><T35/><D35/><U97/><E79/><V7/><F128/><W112/><G112/><T25/><D73/><U13/><E13/><V130/><F130/><W70/><G70/><T50/><D95/><U11/><E84/><V133/><F91/><W8/><G108/><N who="0" m="41579" /><D67/><U100/><E90/><V81/><F81/><N who="3" m="49199" /><G34/><T44/><D9/><N who="3" m="3689" /><G0/><T127/><D18/><U66/><E33/><V37/><F53/><W82/><G82/><T52/><D25/><U106/><E66/><V80/><F80/><W62/><G62/><T75/><D127/><U28/><E11/><V135/><F42/><W21/><G29/><T51/><D75/><U58/><E58/><N who="0" m="22057" /><D50/><U65/><E65/><V131/><F131/><W68/><G68/><T43/><D43/><U5/><E5/><N who="2" m="1547" /><F1/><W46/><G39/><N who="2" m="14857" /><F12/><W78/><G78/><T94/><D94/><U87/><E77/><V3/><F3/><W74/><G74/><T134/><D134/><U45/><E72/><V86/><F86/><AGARI ba="0,0" hai="44,51,52,86,89,92,120,121" m="22057,41579" machi="86" ten="30,2000,0" yaku="14,1,54,1" doraHai="129" who="0" fromWho="2" sc="386,20,47,0,220,-20,347,0" owari="406,50.0,47,-45.0,200,-20.0,347,15.0" /></mjloggm>