<mjloggm ver="2.3"><GO type="169" lobby="0"/><UN n0="%E3%81%82%E3%81%B2%E3%82%8B%E3%81%95%E3%82%93" n1="%E2%91%A3%E3%82%BB%E3%83%B3%E3%83%81" n2="%E9%A6%AC%E8%BB%8A%E9%A6%AC%32%6E%64" n3="%E3%82%A6%E3%83%AB%E3%83%88%E3%83%A9%E7%AB%8B%E7%9B%B4" dan="17,18,17,17" rate="2125.80,2239.10,2216.89,2137.86" sx="M,M,M,M"/><TAIKYOKU oya="0"/><INIT seed="0,0,0,4,5,71" ten="250,250,250,250" oya="0" hai0="45,109,19,91,99,117,0,4,21,98,18,103,54" hai1="100,41,20,74,126,42,40,63,106,53,61,11,52" hai2="78,75,130,16,119,15,133,80,37,43,29,93,66" hai3="3,27,113,102,124,6,69,122,36,125,14,110,17"/><T10/><D117/><U12/><E74/><V92/><F119/><W120/><G69/><T97/><D19/><U28/><E106/><V22/><F130/><W88/><G102/><T46/><D103/><U55/><E100/><V131/><F131/><W8/><G88/><T94/><D109/><U49/><E49/><V128/><F128/><W73/><G73/><T116/><D116/><U104/><E104/><V121/><F121/><N who="3" m="46699" /><G36/><T115/><D115/><U47/><E126/><N who="3" m="48746" /><G113/><T135/><D135/><U70/><E70/><V1/><F66/><W82/><G82/><T34/><D98/><U76/><E76/><V105/><F105/><W48/><G48/><T127/><D99/><U13/><E47/><V129/><F133/><W59/><G59/><T7/><D46/><U77/><E77/><V90/><F90/><W30/><G110/><T9/><D127/><U2/><E2/><V72/><F1/><W32/><G3/><T132/><D0/><U84/><E84/><V112/><F112/><W35/><G6/><T65/><D91/><U83/><E83/><V85/><F129/><W56/><G56/><T107/><D97/><U123/><E123/><V51/><F37/><W33/><AGARI ba="0,0" hai="8,14,17,27,30,32,33,35" m="48746,46699" machi="33" ten="40,8000,1" yaku="13,1,18,1,34,2" doraHai="71" who="3" fromWho="3" sc="250,-40,250,-20,250,-20,250,80" /><INIT seed="1,0,0,2,2,4" ten="210,230,230,330" oya="1" hai0="21,14,1,31,118,94,135,25,5,126,100,77,57" hai1="11,52,123,61,107,27,53,23,63,116,18,117,81" hai2="71,54,120,49,79,64,30,102,3,37,60,16,90" hai3="87,46,51,35,70,29,24,88,127,86,10,99,114"/><U9/><E107/><V7/><F120/><W15/><G70/><T40/><D118/><U20/><E123/><V78/><F102/><W59/><G127/><T83/><D135/><U96/><E117/><V134/><F134/><W67/><G114/><T129/><D129/><U97/><E116/><V50/><F30/><W42/><G67/><T56/><D126/><U39/><E39/><V128/><F128/><W131/><G131/><T74/><D1/><U104/><E104/><V65/><F37/><W82/><G59/><T34/><D40/><U115/><E81/><V43/><F65/><W19/><G99/><N who="1" m="37962" /><E115/><V66/><F66/><W72/><REACH who="3" step="1"/><G86/><REACH who="3" ten="210,230,230,320" step="2"/><T119/><D57/><N who="1" m="34983" /><E23/><V85/><F71/><W112/><G112/><T13/><D21/><U38/><E38/><V92/><F85/><W75/><AGARI ba="0,1" hai="10,15,19,24,29,35,42,46,51,72,75,82,87,88" machi="75" ten="30,7900,0" yaku="1,1,0,1,52,1,54,1,53,0" doraHai="4" doraHaiUra="91" who="3" fromWho="3" sc="210,-20,230,-39,230,-20,320,89" /><INIT seed="2,0,0,5,5,110" ten="190,191,210,409" oya="2" hai0="117,118,61,86,100,127,123,6,115,126,50,52,85" hai1="75,104,112,26,98,99,15,82,40,69,1,129,35" hai2="13,5,60,32,77,58,108,63,31,102,22,25,43" hai3="9,33,131,93,84,125,124,97,56,55,120,16,62"/><V37/><F108/><W116/><G33/><T107/><D123/><U74/><E15/><V7/><F102/><W38/><G38/><T3/><D61/><U90/><E40/><V66/><F77/><W28/><G28/><T48/><D100/><N who="1" m="62487" /><E1/><V96/><F96/><W68/><G84/><N who="0" m="32363" /><D107/><U12/><E12/><V80/><F80/><W2/><G68/><T21/><D21/><U46/><E46/><V121/><F121/><W44/><G44/><N who="0" m="27655" /><D50/><U0/><E0/><V70/><F43/><W81/><G62/><T8/><D115/><U71/><E99/><V91/><F37/><W39/><G56/><T29/><D29/><N who="1" m="19895" /><E90/><V135/><F91/><W72/><G39/><T42/><D42/><U18/><E18/><V83/><F83/><W128/><G16/><T88/><D88/><U24/><E24/><V130/><F7/><N who="3" m="1271" /><G55/><T64/><D64/><U10/><E10/><N who="2" m="4303" /><F22/><W34/><G34/><T92/><D92/><U11/><E11/><V101/><F101/><N who="3" m="60591" /><G120/><T20/><D20/><U23/><E23/><V76/><F76/><N who="3" m="44167" /><G116/><AGARI ba="0,0" hai="3,6,8,116,117,118,126,127" m="27655,32363" machi="116" ten="30,2000,0" yaku="12,1,54,1" doraHai="110" who="0" fromWho="3" sc="190,20,191,0,210,0,409,-20" /><INIT seed="3,0,0,4,2,70" ten="210,191,210,389" oya="3" hai0="21,63,50,5,117,104,76,41,28,56,35,87,15" hai1="22,37,110,84,115,6,51,53,123,79,98,20,57" hai2="29,130,80,4,9,88,60,93,61,62,118,66,100" hai3="119,23,45,89,49,92,10,74,26,95,103,129,43"/><W12/><G74/><T126/><D104/><U8/><E123/><V132/><F118/><W34/><G34/><T19/><D117/><U36/><E115/><V16/><F132/><W90/><G129/><T65/><D126/><U96/><E79/><V39/><F130/><W81/><G119/><T17/><D5/><U133/><E84/><V7/><F39/><W78/><G78/><T69/><D28/><U124/><E22/><V102/><F29/><W134/><G134/><T42/><D35/><U97/><E133/><V68/><F68/><W112/><G112/><T83/><D69/><U18/><E110/><V0/><F80/><W113/><G113/><T114/><D114/><U128/><E124/><V105/><F105/><W64/><G64/><T75/><D50/><U55/><E55/><V73/><F73/><W44/><G44/><T122/><D122/><U67/><E67/><V120/><F66/><W111/><G111/><T1/><D1/><U85/><E85/><N who="2" m="52367" /><F0/><W77/><G77/><T25/><REACH who="0" step="1"/><D75/><REACH who="0" ten="200,191,210,389" step="2"/><U82/><E128/><V32/><F32/><W24/><G49/><T108/><D108/><U131/><E131/><V2/><F2/><W91/><G95/><T40/><D40/><U13/><REACH who="1" step="1"/><E82/><REACH who="1" ten="200,181,210,389" step="2"/><V11/><F120/><W101/><G81/><T59/><D59/><U38/><E38/><V30/><F30/><W33/><G33/><T46/><D46/><U48/><E48/><V47/><F47/><W71/><G45/><T27/><D27/><AGARI ba="0,2" hai="6,8,13,18,20,27,36,37,51,53,57,96,97,98" machi="27" ten="40,12000,2" yaku="1,1,52,2,53,3" doraHai="70" doraHaiUra="94" who="1" fromWho="0" sc="200,-120,181,140,210,0,389,0" /><INIT seed="4,0,0,0,3,75" ten="80,321,210,389" oya="0" hai0="117,14,92,89,54,10,107,34,125,0,103,90,24" hai1="35,126,38,120,101,2,27,31,128,121,131,7,93" hai2="94,98,72,65,17,36,16,102,86,25,60,68,133" hai3="6,83,106,130,30,99,95,12,96,51,4,19,3"/><T26/><D117/><U11/><E38/><V55/><F36/><W13/><G106/><T129/><D0/><U53/><E53/><V59/><F72/><W67/><G3/><T82/><D129/><N who="1" m="49739" /><E126/><V104/><F133/><W116/><G30/><T47/><D125/><U113/><E113/><V5/><F5/><W22/><G67/><T119/><D119/><U97/><AGARI ba="0,0" hai="2,7,11,27,31,35,93,97,101,120,121" m="49739" machi="97" ten="30,1100,0" yaku="19,1" doraHai="75" who="1" fromWho="1" sc="80,-5,321,11,210,-3,389,-3" /><INIT seed="5,0,0,1,4,56" ten="75,332,207,386" oya="1" hai0="100,41,39,20,87,46,113,109,130,14,15,104,24" hai1="53,102,126,105,74,98,84,16,90,101,68,5,2" hai2="18,82,17,54,111,45,7,8,118,50,30,60,49" hai3="55,127,57,114,95,62,121,64,51,1,58,61,122"/><U120/><E120/><N who="3" m="46186" /><G95/><T43/><D109/><U25/><E68/><V69/><F118/><W47/><G1/><T135/><D113/><U119/><E119/><V4/><F111/><W48/><G114/><T94/><D104/><U117/><E117/><V6/><F30/><W11/><G11/><T85/><D135/><U38/><E38/><V52/><F82/><W107/><G107/><T26/><D130/><U3/><E102/><V31/><F31/><W33/><G33/><T65/><D43/><U86/><E86/><V129/><F129/><W23/><G23/><T13/><D26/><U21/><E126/><V32/><F32/><W88/><G88/><T78/><D78/><U91/><E91/><V96/><F8/><W29/><G29/><T0/><D0/><U12/><E53/><V93/><F60/><N who="3" m="37911" /><G127/><T89/><D100/><U79/><E25/><V27/><F69/><W72/><G72/><T124/><D124/><U40/><E40/><AGARI ba="0,0" hai="40,47,48,51,55,57,61,62" m="37911,46186" machi="40" ten="30,8000,1" yaku="34,2,52,3" doraHai="56" who="3" fromWho="1" sc="75,0,332,-80,207,0,386,80" /><INIT seed="6,0,0,1,2,96" ten="75,252,207,466" oya="2" hai0="58,92,70,93,60,42,120,90,13,0,74,27,65" hai1="21,87,133,98,59,124,56,123,84,115,38,29,61" hai2="130,45,51,68,78,55,79,26,9,7,118,41,6" hai3="44,119,34,14,103,83,15,131,125,86,109,75,134"/><V8/><F118/><W19/><G34/><T85/><D0/><U97/><E38/><V62/><F130/><W22/><G75/><T53/><D74/><U76/><E115/><V64/><F26/><W35/><G35/><T3/><D3/><U117/><E117/><V40/><F40/><W126/><G109/><T28/><D120/><U71/><E71/><V12/><REACH who="2" step="1"/><F41/><REACH who="2" ten="75,252,197,466" step="2"/><W104/><G131/><T80/><D42/><U37/><E123/><V57/><F57/><W46/><G119/><T77/><D70/><U121/><E59/><V43/><F43/><W89/><G46/><T116/><D116/><U54/><E56/><V107/><F107/><W47/><G44/><T112/><D112/><U32/><E121/><V129/><F129/><W24/><G47/><T81/><D53/><U88/><E54/><V95/><F95/><W122/><G122/><T73/><REACH who="0" step="1"/><D13/><AGARI ba="0,1" hai="6,7,8,9,12,13,45,51,55,62,64,68,78,79" machi="13" ten="30,5800,0" yaku="1,1,7,1,9,1,53,0" doraHai="96" doraHaiUra="20" who="2" fromWho="0" sc="75,-58,252,0,197,68,466,0" /><INIT seed="6,1,0,1,0,124" ten="17,252,265,466" oya="2" hai0="118,70,5,45,64,53,39,99,57,25,44,106,126" hai1="60,121,131,1,0,116,100,130,73,68,9,47,20" hai2="32,79,119,114,98,101,42,13,34,37,40,74,91" hai3="62,105,52,27,125,7,12,117,2,23,120,56,16"/><V19/><F119/><W89/><G105/><T85/><D5/><N who="1" m="1191" /><E116/><V58/><F114/><W28/><G120/><T63/><D118/><U38/><E20/><V65/><F91/><W135/><G135/><T18/><D106/><U30/><E100/><V112/><F112/><W31/><G125/><T4/><D126/><U128/><E1/><V59/><F79/><W132/><G132/><T111/><D4/><U107/><E107/><V123/><F74/><W35/><G31/><T69/><D85/><U86/><E73/><V83/><F83/><W22/><G117/><T46/><D99/><U88/><E30/><V36/><F65/><W104/><G104/><T95/><D95/><N who="1" m="54679" /><E121/><V61/><F61/><W81/><G23/><T43/><D18/><U67/><E47/><N who="0" m="17993" /><D25/><U48/><E48/><V127/><F13/><W113/><G89/><T102/><D102/><U24/><E24/><V103/><F127/><W55/><G81/><T133/><D111/><U80/><E80/><V109/><F19/><W77/><G77/><T97/><D97/><U10/><E10/><V134/><F98/><W82/><G82/><T6/><D6/><U8/><E8/><V92/><F109/><W78/><G78/><T11/><D11/><U72/><E72/><V15/><F15/><W129/><G2/><T122/><D122/><U84/><E84/><V17/><F17/><W75/><G75/><T29/><D29/><U33/><E33/><V50/><F123/><W49/><G7/><T71/><D133/><U96/><E96/><V108/><F134/><W41/><G113/><T66/><AGARI ba="1,0" hai="39,43,46,53,57,63,64,66,69,70,71" m="17993" machi="66" ten="40,12000,2" yaku="5,1,35,5" doraHai="124" who="0" fromWho="0" sc="17,123,252,-31,265,-61,466,-31" /><INIT seed="7,0,0,0,5,38" ten="140,221,204,435" oya="3" hai0="73,121,67,76,49,82,70,68,95,48,75,122,5" hai1="65,100,84,127,51,97,135,111,80,104,28,120,60" hai2="59,52,24,103,134,18,90,17,55,29,115,47,30" hai3="26,96,131,108,50,8,21,44,130,13,117,71,56"/><W125/><G71/><T69/><D67/><U128/><E111/><V6/><F115/><W99/><G56/><T124/><D5/><U87/><E120/><V126/><F134/><W20/><G125/><T105/><D124/><U116/><E127/><V98/><F126/><W123/><G123/><T66/><D66/><U7/><E135/><V3/><F3/><W35/><G35/><T83/><D69/><U46/><E128/><V10/><F6/><W81/><G81/><T39/><D39/><U2/><E116/><V88/><F47/><W37/><G37/><T23/><D95/><U12/><E2/><V36/><F36/><W43/><G117/><T93/><D93/><U109/><E28/><V57/><F24/><W0/><G0/><T9/><D23/><U101/><E101/><V118/><F118/><W74/><G74/><T34/><D76/><U64/><E64/><V77/><F77/><W25/><G108/><T53/><D9/><U22/><E109/><V40/><F10/><W63/><G26/><T110/><D110/><U132/><E132/><V14/><F98/><W79/><G79/><T27/><D27/><U15/><E80/><V62/><F14/><N who="1" m="5161" /><E22/><V112/><F112/><W54/><G130/><T72/><D72/><U19/><E19/><V33/><F33/><W1/><G1/><T45/><D34/><U41/><E7/><V11/><F11/><W114/><G25/><T85/><D45/><U61/><E65/><V89/><F103/><W92/><G131/><T102/><D102/><U94/><E94/><V129/><F129/><W113/><G113/><RYUUKYOKU ba="0,0" sc="140,-10,221,30,204,-10,435,-10" hai1="41,46,51,60,61,84,87,97,100,104" owari="130,-37.0,251,5.0,194,-21.0,425,53.0" /></mjloggm>