<mjloggm ver="2.3"><GO type="169" lobby="0"/><UN n0="%E3%81%9F%E3%81%BE%E3%81%93%E3%82%8D" n1="%E3%83%86%E3%83%AC%E3%83%93%E3%81%A3%E5%AD%90" n2="%74%6E%66%73%68%32%30%34" n3="%E3%83%88%E3%83%88%E3%83%AA%E5%85%88%E7%94%9F%31%39%E6%AD%B3" dan="16,17,17,18" rate="2116.94,2183.67,2192.47,2202.53" sx="M,M,M,F"/><TAIKYOKU oya="0"/><INIT seed="0,0,0,0,5,48" ten="250,250,250,250" oya="0" hai0="64,111,96,70,46,91,54,15,102,80,66,19,57" hai1="24,87,68,120,78,112,6,108,71,129,117,127,119" hai2="20,124,113,1,131,23,38,13,9,7,41,92,17" hai3="128,32,90,26,0,36,39,61,67,18,63,93,133"/><T121/><D121/><U14/><E120/><V125/><F113/><W83/><G0/><T77/><D111/><U107/><E107/><V58/><F131/><W100/><G128/><T65/><D46/><U40/><E108/><V122/><F122/><W132/><G100/><T101/><D70/><U37/><E129/><V123/><F123/><W114/><G83/><T10/><D91/><U30/><E112/><V43/><F38/><W81/><G81/><T51/><REACH who="0" step="1"/><D96/><REACH who="0" ten="240,250,250,250" step="2"/><U29/><E68/><V45/><F45/><W4/><G114/><T5/><D5/><U52/><E71/><V98/><F7/><W53/><G4/><T44/><D44/><U94/><E6/><V86/><F98/><W104/><G90/><T88/><D88/><U56/><E119/><V8/><F1/><W12/><G132/><T118/><D118/><U110/><E117/><V99/><F99/><W116/><G133/><T47/><D47/><U115/><E110/><V49/><F58/><W60/><G116/><T130/><D130/><U103/><E115/><V16/><F124/><W33/><G36/><T11/><D11/><U84/><E127/><V82/><F125/><W76/><G39/><T105/><D105/><U2/><E37/><V31/><F8/><W69/><G104/><T34/><D34/><U73/><E56/><V21/><F9/><W89/><G33/><T27/><D27/><U22/><E24/><V106/><F106/><W42/><G26/><T95/><D95/><U50/><E94/><V25/><F92/><W55/><G32/><T85/><AGARI ba="0,1" hai="10,15,19,51,54,57,64,65,66,77,80,85,101,102" machi="85" ten="30,12000,1" yaku="1,1,0,1,8,1,52,1,53,1" doraHai="48" doraHaiUra="74" who="0" fromWho="0" sc="240,130,250,-40,250,-40,250,-40" /><INIT seed="0,1,0,3,2,73" ten="370,210,210,210" oya="0" hai0="118,93,42,5,114,79,29,123,55,97,37,117,20" hai1="9,71,39,26,43,112,41,92,35,14,18,82,66" hai2="127,75,124,72,103,122,25,13,134,8,86,85,4" hai3="22,78,91,59,88,15,109,24,28,6,95,70,63"/><T65/><D123/><U116/><E116/><V2/><F122/><W52/><G109/><T45/><D114/><U106/><E106/><V108/><F108/><W1/><G1/><T77/><D5/><U126/><E126/><N who="2" m="48171" /><F134/><W0/><G0/><T101/><D65/><U21/><E112/><V90/><F103/><W53/><G70/><T105/><D55/><U3/><E39/><V7/><F25/><W129/><G129/><T69/><D69/><U38/><E38/><V61/><F61/><W50/><G78/><T111/><D111/><U128/><E128/><V47/><F47/><W30/><G30/><T135/><D135/><U84/><E92/><N who="2" m="54351" /><F86/><W67/><G67/><T16/><D29/><U89/><E66/><V32/><F32/><W51/><G63/><T130/><D130/><U107/><E71/><V34/><F34/><W54/><G54/><T115/><D115/><U31/><REACH who="1" step="1"/><E107/><REACH who="1" ten="370,200,210,210" step="2"/><V132/><F132/><W12/><G95/><T58/><D105/><U83/><E83/><V119/><F119/><W17/><G51/><N who="0" m="27063" /><D118/><U19/><E19/><V99/><F7/><AGARI ba="1,1" hai="3,7,9,14,18,21,26,31,35,41,43,82,84,89" machi="7" ten="40,5200,0" yaku="1,1,24,2,53,0" doraHai="73" doraHaiUra="56" who="1" fromWho="2" sc="370,0,200,65,210,-55,210,0" /><INIT seed="1,0,0,3,4,83" ten="370,265,155,210" oya="1" hai0="27,68,102,61,39,40,126,24,60,33,80,2,52" hai1="46,96,59,82,25,67,118,87,10,37,66,5,74" hai2="45,55,62,114,129,109,107,97,124,20,19,104,9" hai3="106,103,90,0,108,130,12,56,22,6,15,117,72"/><U4/><E118/><V78/><F124/><W133/><G72/><T32/><D2/><U8/><E96/><V71/><F129/><W115/><G115/><T79/><D126/><U127/><E127/><V42/><F114/><W128/><G117/><T17/><D102/><U48/><E74/><V91/><F109/><W30/><G108/><T116/><D116/><U134/><E25/><V77/><F9/><N who="1" m="3689" /><E37/><V81/><F107/><W119/><G119/><T3/><D3/><U73/><E73/><V105/><F105/><W92/><G6/><N who="1" m="2666" /><E59/><N who="2" m="35199" /><F71/><W21/><G0/><T95/><D39/><U123/><E134/><V88/><F104/><W110/><G133/><T93/><D40/><N who="1" m="24647" /><E123/><V132/><F132/><W1/><G1/><T23/><D68/><U125/><E125/><V49/><F97/><N who="3" m="61807" /><G110/><T75/><D33/><U76/><AGARI ba="0,0" hai="66,67,76,82,87" m="24647,2666,3689" machi="76" ten="30,3000,0" yaku="8,1,52,1" doraHai="83" who="1" fromWho="1" sc="370,-10,265,30,155,-10,210,-10" /><INIT seed="1,1,0,2,5,71" ten="360,295,145,200" oya="1" hai0="112,55,43,20,134,79,18,72,36,103,2,11,48" hai1="83,41,108,0,8,81,27,67,129,7,12,54,87" hai2="128,56,75,40,30,68,123,94,16,14,133,63,29" hai3="116,126,77,74,34,101,88,115,119,59,92,104,31"/><U6/><E129/><V3/><F123/><W57/><G115/><T90/><D112/><U26/><E108/><V33/><F75/><W73/><G126/><T70/><D70/><U61/><E54/><V120/><F120/><W107/><G31/><T66/><D66/><U111/><E111/><V86/><F128/><W22/><G34/><T100/><D90/><U37/><E81/><V9/><F68/><W118/><G22/><T78/><D134/><U24/><E41/><V45/><F3/><W28/><G28/><T39/><D43/><U96/><E96/><V23/><F133/><W89/><G101/><T52/><D11/><U130/><E130/><V47/><F33/><W132/><G132/><T121/><D2/><U46/><E46/><N who="2" m="17419" /><F40/><W5/><G5/><T82/><D121/><U95/><E37/><V13/><F86/><N who="3" m="52247" /><G89/><T15/><D78/><U125/><E95/><V1/><F94/><W44/><G44/><T69/><D69/><U19/><E125/><V99/><F1/><W35/><G35/><T122/><D122/><U49/><E49/><V64/><F99/><W105/><G74/><T117/><D55/><U58/><REACH who="1" step="1"/><E0/><REACH who="1" ten="360,285,145,200" step="2"/><V106/><F106/><W127/><G127/><T80/><D82/><AGARI ba="1,1" hai="57,59,73,77,82,104,105,107,116,118,119" m="52247" machi="82" ten="40,2600,0" yaku="12,1,54,1" doraHai="71" who="3" fromWho="0" sc="360,-29,285,0,145,0,200,39" /><INIT seed="2,0,0,3,4,56" ten="331,285,145,239" oya="2" hai0="7,23,14,87,42,57,76,66,45,82,117,61,114" hai1="85,9,129,125,127,120,3,71,119,108,5,50,104" hai2="77,131,126,109,28,128,74,43,62,13,60,118,115" hai3="18,25,55,52,95,122,64,67,123,130,44,106,80"/><V83/><F118/><W19/><G106/><T54/><D114/><U89/><E119/><V112/><F126/><W12/><G130/><N who="2" m="49705" /><F109/><W116/><G116/><T132/><D117/><U47/><E108/><V59/><F28/><W31/><G80/><T24/><D132/><U35/><E129/><V121/><F121/><W97/><G122/><T41/><D66/><U37/><E120/><V94/><F43/><W20/><G123/><T124/><D124/><U98/><E37/><V46/><F46/><W84/><G84/><T22/><D45/><U69/><E35/><V48/><F13/><W39/><G39/><T36/><D36/><U72/><E72/><V110/><F110/><W51/><G55/><T70/><D70/><U96/><E127/><V58/><F94/><W6/><G6/><T133/><D133/><U34/><E34/><V103/><F103/><W91/><REACH who="3" step="1"/><G19/><REACH who="3" ten="331,285,145,229" step="2"/><N who="0" m="10615" /><D7/><U88/><E125/><V38/><F38/><W40/><G40/><T65/><D54/><U49/><E5/><V53/><F48/><W75/><G75/><T16/><AGARI ba="0,1" hai="16,23,24,41,42,57,61,65,76,82,87" m="10615" machi="16" ten="30,4000,0" yaku="8,1,52,1,54,1" doraHai="56" who="0" fromWho="0" sc="331,50,285,-10,145,-20,229,-10" /><INIT seed="3,0,0,0,4,1" ten="381,275,125,219" oya="3" hai0="60,79,29,31,43,52,56,77,115,69,21,97,116" hai1="57,27,130,12,95,14,47,131,18,119,106,48,39" hai2="75,96,135,122,129,32,108,16,101,11,132,42,65" hai3="76,51,93,50,23,120,28,66,40,71,33,124,94"/><W72/><G120/><T19/><D116/><U62/><E39/><V133/><F122/><W3/><G3/><T46/><D69/><U125/><E106/><V117/><F117/><W128/><G33/><T73/><D97/><U41/><E119/><V25/><F75/><W111/><G128/><N who="1" m="49194" /><E95/><N who="2" m="58527" /><F129/><W102/><G124/><T36/><D115/><U109/><E109/><V86/><F108/><W99/><G111/><T35/><D35/><U100/><E100/><V112/><F112/><W49/><G93/><T113/><D113/><U80/><E80/><V2/><F65/><W127/><G127/><T70/><D70/><U54/><E125/><V30/><F42/><W44/><G76/><T34/><D34/><U82/><E82/><V134/><N who="2" m="33792" /><DORA hai="83" /><V64/><F64/><W87/><G72/><T118/><D118/><U17/><E27/><V88/><F2/><W63/><REACH who="3" step="1"/><G87/><REACH who="3" ten="381,275,125,209" step="2"/><T45/><D73/><U84/><E84/><V92/><F11/><W104/><G104/><T67/><D77/><U105/><E105/><V24/><F24/><AGARI ba="0,1" hai="23,24,28,40,44,49,50,51,63,66,71,94,99,102" machi="24" ten="40,3900,0" yaku="1,1,53,1" doraHai="1,83" doraHaiUra="74,98" who="3" fromWho="2" sc="381,0,275,0,125,-39,209,49" /><INIT seed="3,1,0,0,2,5" ten="381,275,86,258" oya="3" hai0="35,99,122,8,105,132,96,107,92,94,20,106,17" hai1="6,103,73,98,2,45,90,16,12,28,129,100,3" hai2="10,88,47,114,63,87,111,125,61,85,19,130,13" hai3="31,23,44,109,48,34,25,113,58,97,71,27,68"/><W69/><G113/><T75/><D35/><U89/><E73/><V42/><F114/><W14/><G109/><T112/><D112/><U62/><E129/><V7/><F111/><W15/><G58/><T128/><D122/><U102/><E28/><V54/><F130/><W65/><G97/><T64/><D128/><U57/><E45/><V78/><F125/><W11/><G65/><T74/><D64/><U135/><E135/><V117/><F117/><W77/><G77/><T83/><D132/><U120/><E120/><V60/><F78/><W124/><G124/><T115/><D115/><U119/><E119/><V0/><F54/><W55/><REACH who="3" step="1"/><G11/><REACH who="3" ten="381,275,86,248" step="2"/><T43/><D8/><N who="1" m="4119" /><E98/><V46/><F87/><W79/><G79/><T38/><D96/><U33/><E57/><V4/><F0/><W127/><G127/><T82/><D99/><U133/><E3/><V70/><F70/><W91/><G91/><T81/><D75/><U39/><E2/><V118/><F118/><W59/><G59/><T108/><D74/><U53/><E89/><V116/><F116/><W37/><G37/><T1/><D1/><U93/><E39/><V67/><F67/><W95/><G95/><T40/><D108/><U52/><E133/><V134/><F134/><W21/><G21/><T126/><D126/><U104/><E33/><V84/><F84/><W101/><G101/><T123/><D38/><U86/><E104/><V32/><F32/><W121/><G121/><T66/><D123/><U24/><E62/><V9/><F9/><W29/><AGARI ba="1,1" hai="14,15,23,25,27,29,31,34,44,48,55,68,69,71" machi="29" ten="40,7800,0" yaku="1,1,0,1,53,1" doraHai="5" doraHaiUra="30" who="3" fromWho="3" sc="381,-27,275,-27,86,-27,248,91" /><INIT seed="3,2,0,0,3,24" ten="354,248,59,339" oya="3" hai0="17,21,0,4,82,123,51,125,97,91,33,22,48" hai1="122,100,103,86,116,114,1,42,16,81,8,65,88" hai2="58,84,115,39,107,134,43,133,95,78,99,76,13" hai3="34,41,132,135,5,68,104,77,6,12,83,71,60"/><W62/><G104/><T35/><D123/><U57/><E122/><V131/><F115/><W113/><G113/><T54/><D125/><U27/><E114/><V47/><F107/><W94/><G34/><T56/><D22/><N who="1" m="13767" /><E1/><V130/><F13/><W111/><G111/><T52/><D4/><N who="3" m="1641" /><G12/><T30/><D0/><U46/><E116/><V101/><F58/><W3/><G3/><T11/><D11/><U72/><E72/><V45/><F45/><W7/><G41/><T126/><D126/><U63/><E8/><V23/><F23/><W93/><G7/><T37/><D37/><U26/><E26/><V118/><F118/><W105/><G105/><T73/><D73/><U90/><E90/><V32/><F32/><W128/><G128/><N who="2" m="49193" /><F84/><N who="3" m="48239" /><G71/><T69/><D69/><U79/><E79/><AGARI ba="2,0" hai="39,43,47,76,78,79,95,99,101,133,134" m="49193" machi="79" ten="30,1000,0" yaku="19,1" doraHai="24" who="2" fromWho="1" sc="354,0,248,-16,59,16,339,0" /><INIT seed="4,0,0,1,5,17" ten="354,232,75,339" oya="0" hai0="15,119,75,38,61,131,51,118,105,89,23,47,112" hai1="28,80,107,97,49,73,83,72,87,92,77,124,55" hai2="74,68,35,123,56,102,45,99,95,25,19,62,108" hai3="129,109,33,114,2,93,121,122,66,120,133,14,6"/><T90/><D75/><U44/><E124/><V32/><F123/><W40/><G109/><T60/><D105/><U9/><E107/><V48/><F108/><W106/><G106/><T42/><D112/><U130/><E130/><V58/><F74/><W63/><G33/><T116/><D131/><U76/><E9/><V85/><F68/><W37/><G129/><T22/><D38/><U86/><REACH who="1" step="1"/><E28/><REACH who="1" ten="354,222,75,339" step="2"/><V81/><F35/><W3/><G120/><T64/><D116/><U34/><E34/><V43/><F32/><W31/><G121/><T100/><D118/><U30/><E30/><V7/><F7/><W59/><G31/><T52/><D119/><U18/><E18/><V1/><F1/><W113/><G122/><T26/><D100/><AGARI ba="0,1" hai="44,49,55,72,73,76,77,80,83,86,87,92,97,100" machi="100" ten="30,3900,0" yaku="1,1,7,1,9,1,53,0" doraHai="17" doraHaiUra="101" who="1" fromWho="0" sc="354,-39,222,49,75,0,339,0" /><INIT seed="5,0,0,4,1,24" ten="315,271,75,339" oya="1" hai0="126,78,110,92,54,79,55,133,113,35,28,13,118" hai1="8,20,125,89,63,66,44,88,43,26,98,108,0" hai2="115,116,69,1,84,39,99,53,80,96,45,5,27" hai3="42,83,48,59,58,21,49,129,107,12,17,22,90"/><U56/><E125/><V30/><F116/><W73/><G107/><T105/><D105/><U64/><E108/><V117/><F117/><W120/><G120/><T52/><D118/><U134/><E134/><V95/><F69/><W93/><G129/><T65/><D110/><U3/><E66/><V61/><F115/><W11/><G83/><T71/><D133/><U50/><E8/><V15/><F1/><W100/><G100/><T91/><D126/><U128/><E128/><V16/><F5/><W72/><G72/><T112/><D13/><U82/><E89/><N who="2" m="51335" /><F39/><W40/><G73/><T34/><D34/><U135/><E135/><V18/><F15/><N who="3" m="9407" /><G22/><T122/><D122/><U68/><E68/><V119/><F119/><W62/><G49/><T111/><D65/><U4/><E4/><V46/><F99/><N who="3" m="57783" /><G48/><T94/><D71/><U67/><E67/><V33/><F33/><W37/><G37/><T10/><D10/><U104/><E104/><V121/><F121/><W86/><G86/><N who="0" m="52343" /><D94/><U103/><E82/><V47/><F95/><W7/><G62/><T23/><D35/><U123/><E123/><V130/><F96/><W75/><G75/><T114/><D111/><U74/><E74/><V132/><F130/><W25/><G7/><T57/><D57/><U97/><E97/><V38/><F38/><W31/><G58/><T106/><D106/><N who="1" m="63863" /><E0/><V124/><F132/><W76/><G59/><T85/><D85/><U41/><E3/><V81/><F124/><W109/><G109/><T102/><D102/><U29/><E88/><V19/><F81/><W32/><G11/><RYUUKYOKU ba="0,0" sc="315,15,271,15,75,-15,339,-15" hai0="23,28,52,54,55,78,79,112,113,114" hai1="20,26,29,41,43,44,50,56,63,64" /><INIT seed="5,1,0,3,5,16" ten="330,286,60,324" oya="1" hai0="36,67,87,28,122,93,18,50,91,30,34,100,42" hai1="70,58,86,119,1,109,41,114,99,110,60,107,82" hai2="73,71,33,40,111,74,27,104,7,103,92,132,83" hai3="84,51,32,64,81,10,68,8,61,134,65,38,59"/><U79/><E1/><V15/><F111/><N who="1" m="42505" /><E119/><V22/><F71/><W77/><G32/><T66/><D36/><U94/><E41/><V97/><F132/><W133/><G38/><T6/><D34/><U118/><E118/><V95/><F33/><W3/><G3/><T98/><D6/><U39/><E39/><V9/><F40/><W31/><G31/><T101/><D122/><U62/><E107/><V0/><F0/><W123/><G123/><T131/><D131/><U11/><E114/><V12/><F12/><W37/><G37/><T129/><D129/><U25/><E11/><V126/><F126/><W24/><G24/><T48/><D101/><U89/><E70/><V124/><F124/><W47/><G64/><N who="0" m="24619" /><D18/><U57/><E25/><V116/><F116/><W56/><G56/><AGARI ba="1,0" hai="56,57,58,60,62,79,82,86,89,94,99" m="42505" machi="56" ten="30,1500,0" yaku="10,1" doraHai="16" who="1" fromWho="3" sc="330,0,286,18,60,0,324,-18" /><INIT seed="5,2,0,5,5,40" ten="330,304,60,306" oya="1" hai0="60,111,59,54,112,26,127,84,68,65,44,118,103" hai1="35,39,0,117,122,43,69,34,47,14,71,113,99" hai2="4,130,93,74,121,29,89,105,98,66,32,90,92" hai3="22,67,49,58,41,108,12,15,30,123,119,33,91"/><U126/><E122/><V94/><F121/><W114/><G123/><T87/><D118/><U131/><E14/><V18/><F4/><W46/><G108/><T28/><D111/><U20/><E20/><V1/><F1/><W75/><G33/><N who="1" m="12298" /><E117/><V95/><F18/><W88/><G75/><T5/><D112/><U13/><E13/><N who="3" m="5194" /><G114/><T109/><D5/><U120/><E113/><V53/><F66/><W128/><G128/><T97/><D109/><U38/><E131/><V6/><F6/><W21/><G119/><T36/><D127/><U37/><E120/><V125/><F53/><W135/><G135/><T16/><D28/><U52/><E52/><V64/><F64/><W124/><G124/><T45/><D36/><N who="1" m="13931" /><E126/><V27/><F125/><W2/><G2/><T107/><D65/><U31/><E31/><V96/><F130/><W77/><G77/><T19/><D26/><U56/><E56/><V48/><F48/><W115/><G115/><T24/><D24/><U85/><E85/><V101/><REACH who="2" step="1"/><F74/><REACH who="2" ten="330,304,50,306" step="2"/><W100/><G30/><T63/><D54/><U9/><E0/><V17/><F17/><W51/><G51/><T110/><D16/><U82/><E9/><V42/><F42/><W3/><G3/><T116/><D19/><U129/><E129/><V10/><F10/><W7/><G7/><T50/><D110/><U8/><E8/><V23/><F23/><N who="3" m="8715" /><G67/><T73/><D50/><U132/><E43/><V134/><F134/><W106/><G58/><T133/><D59/><U62/><E132/><V11/><F11/><W57/><G57/><T83/><D133/><RYUUKYOKU ba="2,1" sc="330,-15,304,-15,50,15,306,15" hai2="27,29,32,89,90,92,93,94,95,96,98,101,105" hai3="41,46,49,88,91,100,106" /><INIT seed="6,3,1,5,2,101" ten="315,289,65,321" oya="2" hai0="6,14,81,91,84,22,71,66,113,55,13,28,96" hai1="26,52,106,86,35,11,30,100,4,33,127,82,47" hai2="79,1,50,122,85,69,98,109,44,114,56,120,36" hai3="128,87,112,129,104,116,74,93,124,67,8,105,9"/><V68/><F1/><W70/><G116/><T10/><D113/><U76/><E127/><V78/><F114/><W48/><G74/><T42/><D42/><U60/><E100/><V111/><F36/><W115/><G124/><T135/><D135/><U90/><E106/><N who="3" m="41066" /><G112/><T25/><D55/><U80/><E35/><V119/><F119/><W57/><G70/><N who="2" m="27241" /><F98/><W126/><G126/><T39/><D39/><U121/><E121/><N who="2" m="46699" /><F85/><W3/><G3/><T102/><D66/><U49/><E60/><V29/><F29/><W15/><G15/><T63/><D63/><U46/><E46/><V7/><F7/><W108/><G67/><T37/><D71/><U92/><E76/><V18/><F18/><W132/><G87/><T51/><D37/><U107/><E107/><V58/><F79/><W130/><G93/><N who="0" m="58639" /><D14/><AGARI ba="3,1" hai="4,11,14,26,30,33,47,49,52,80,82,86,90,92" machi="14" ten="30,2000,0" yaku="7,1,54,1" doraHai="101" who="1" fromWho="0" sc="315,-29,289,39,65,0,321,0" /><INIT seed="7,0,0,0,0,17" ten="286,328,65,321" oya="3" hai0="68,84,67,71,118,4,8,113,96,56,20,104,40" hai1="32,47,11,123,28,89,64,26,117,16,66,101,93" hai2="41,109,95,77,54,48,97,129,7,14,92,39,33" hai3="38,99,70,61,42,135,2,44,115,34,69,106,31"/><W1/><G115/><T13/><D118/><U3/><E123/><V78/><F109/><W130/><G130/><T107/><D40/><U12/><E117/><V25/><F129/><W108/><G135/><T114/><D84/><U125/><E125/><V110/><F110/><W86/><G86/><T134/><D134/><U79/><E101/><V46/><F33/><W60/><G108/><T116/><D116/><U81/><E47/><V37/><F37/><W127/><G127/><T83/><D83/><U23/><E93/><V65/><F65/><N who="3" m="41127" /><G31/><T50/><D50/><U59/><E89/><V128/><F128/><W0/><G34/><T85/><D85/><N who="1" m="48319" /><E59/><V22/><F92/><W74/><G74/><T15/><D56/><U98/><E98/><V76/><F39/><W52/><G52/><T132/><D132/><U120/><E120/><V105/><F105/><N who="0" m="40522" /><D96/><U19/><E19/><V18/><F41/><W80/><G80/><T5/><D67/><U73/><E73/><V82/><F82/><W103/><G61/><T6/><D8/><U122/><E122/><V126/><F126/><W63/><G63/><T45/><D45/><U112/><E112/><N who="0" m="43113" /><D20/><U55/><E55/><V87/><F87/><W24/><G70/><AGARI ba="0,0" hai="4,5,6,13,15,68,70,71" m="43113,40522" machi="70" ten="40,8000,1" yaku="28,2,15,1,11,1" doraHai="17" who="0" fromWho="3" sc="286,80,328,0,65,0,321,-80" owari="366,46.0,328,13.0,65,-43.0,241,-16.0" /></mjloggm>