<mjloggm ver="2.3"><GO type="169" lobby="0"/><UN n0="%53%48%49%53%55%4B%45" n1="%E3%83%88%E3%83%88%E3%83%AA%E5%85%88%E7%94%9F%31%39%E6%AD%B3" n2="%6D%69%6E%32%30%30%32" n3="%E3%81%93%E3%81%AE%E3%81%8D%E3%83%BC" dan="16,18,16,18" rate="2110.19,2198.20,2116.65,2207.80" sx="M,F,F,M"/><TAIKYOKU oya="0"/><INIT seed="0,0,0,5,3,47" ten="250,250,250,250" oya="0" hai0="89,106,85,26,68,86,49,0,24,111,59,48,35" hai1="134,133,25,55,131,37,119,117,11,104,57,39,31" hai2="118,6,96,63,45,7,115,67,72,107,5,13,27" hai3="52,64,83,12,76,90,125,80,3,69,88,38,95"/><T109/><D68/><U108/><E104/><V15/><F115/><W87/><G3/><T92/><D106/><U93/><E93/><V75/><F72/><W9/><G38/><N who="1" m="14346" /><E11/><V71/><F75/><W33/><G33/><T14/><D0/><U113/><E25/><N who="0" m="9833" /><D35/><U98/><E98/><V100/><F118/><N who="1" m="45065" /><E31/><V16/><REACH who="2" step="1"/><F45/><REACH who="2" ten="250,250,240,250" step="2"/><W103/><G125/><T70/><D70/><U29/><E113/><V121/><F121/><W36/><G36/><T132/><D132/><N who="1" m="50795" /><E29/><V61/><F61/><W28/><G28/><T99/><D14/><U81/><E81/><V46/><F46/><W112/><G83/><T97/><D97/><U128/><E108/><N who="0" m="41545" /><D59/><U65/><E65/><V79/><F79/><W22/><G76/><T135/><D135/><U10/><E10/><V120/><F120/><W56/><G64/><T73/><D73/><U126/><E126/><V122/><F122/><W74/><G56/><T127/><D127/><U21/><E21/><AGARI ba="0,1" hai="5,6,7,13,15,16,21,27,63,67,71,96,100,107" machi="21" ten="40,2600,0" yaku="1,1,54,1,53,0" doraHai="47" doraHaiUra="40" who="2" fromWho="1" sc="250,0,250,-26,240,36,250,0" /><INIT seed="1,0,0,4,3,0" ten="250,224,276,250" oya="1" hai0="103,81,36,24,67,33,104,117,134,70,125,107,97" hai1="122,110,80,98,77,32,114,131,63,82,133,92,121" hai2="55,56,3,16,38,65,10,60,109,89,9,78,91" hai3="93,119,105,129,8,120,21,45,75,52,112,62,127"/><U108/><E32/><V50/><F38/><W130/><G105/><T132/><D117/><U73/><E63/><V64/><F109/><N who="1" m="42089" /><E114/><V95/><F78/><W116/><G75/><T34/><D125/><U135/><E82/><V123/><F123/><N who="1" m="47113" /><E131/><N who="3" m="50186" /><G112/><T43/><D81/><U94/><E94/><V113/><F113/><W47/><G127/><T53/><D107/><U126/><E126/><V19/><F3/><W88/><G120/><T128/><D128/><U41/><E41/><V35/><F35/><W46/><G21/><T48/><D34/><U59/><E59/><N who="2" m="36895" /><F65/><W13/><G62/><N who="0" m="40311" /><D43/><U51/><E51/><V111/><F111/><W1/><G1/><T26/><D36/><U83/><E83/><V99/><F91/><AGARI ba="0,0" hai="73,77,80,91,92,98,133,135" m="47113,42089" machi="91" ten="30,11600,0" yaku="14,1,10,1,34,2" doraHai="0" who="1" fromWho="2" sc="250,0,224,116,276,-116,250,0" /><INIT seed="1,1,0,3,2,74" ten="250,340,160,250" oya="1" hai0="17,31,90,43,131,97,44,47,26,73,29,16,87" hai1="27,69,80,8,37,95,0,62,39,77,11,23,50" hai2="52,120,101,93,22,125,84,82,51,117,35,129,127" hai3="124,85,75,19,14,96,70,72,71,92,10,108,78"/><U58/><E69/><V134/><F120/><W123/><G123/><T110/><D110/><U100/><E50/><V79/><F117/><W94/><G108/><T128/><D73/><U86/><E0/><V133/><F35/><W20/><G124/><N who="2" m="47689" /><F22/><W116/><G116/><T135/><D135/><N who="2" m="51722" /><F129/><N who="0" m="49738" /><D97/><N who="1" m="59455" /><E39/><V126/><N who="2" m="47697" /><V41/><DORA hai="103" /><F41/><W81/><G75/><T49/><D47/><U13/><E13/><V130/><F130/><W119/><G119/><T7/><D7/><U30/><E37/><V111/><F111/><W55/><G72/><T56/><D56/><U34/><E34/><V68/><F68/><W42/><G42/><T113/><D113/><U54/><AGARI ba="1,0" hai="8,11,23,27,30,54,58,62,77,80,86" m="59455" machi="54" ten="30,3000,0" yaku="8,1,52,1" doraHai="74,103" who="1" fromWho="1" sc="250,-11,340,33,160,-11,250,-11" /><INIT seed="1,2,0,2,4,95" ten="239,373,149,239" oya="1" hai0="90,126,80,135,123,64,32,58,94,72,15,76,73" hai1="28,121,18,21,24,130,50,122,89,120,77,27,100" hai2="93,97,13,61,108,129,7,82,43,134,85,31,23" hai3="74,33,105,25,0,10,56,104,37,133,91,16,14"/><U92/><E130/><V54/><F108/><W132/><G37/><T59/><D135/><N who="3" m="51785" /><G74/><T26/><D126/><U127/><E127/><V107/><F134/><W65/><G0/><T20/><D123/><U68/><E68/><V60/><F107/><W98/><G65/><T53/><D73/><U79/><E50/><V112/><F112/><W111/><G56/><T114/><D114/><U128/><E100/><V12/><F43/><W35/><G111/><T48/><D32/><N who="3" m="12361" /><G25/><T57/><D15/><N who="2" m="5706" /><F7/><W6/><G6/><T11/><D11/><U119/><E128/><V5/><F5/><W83/><G83/><T49/><D64/><U71/><E71/><V30/><F129/><W62/><G62/><N who="2" m="24169" /><F54/><W52/><G52/><T36/><D36/><U38/><E38/><V81/><F23/><W2/><G2/><T19/><REACH who="0" step="1"/><D49/><REACH who="0" ten="229,373,149,239" step="2"/><U63/><E63/><V46/><F46/><W84/><G10/><T96/><AGARI ba="2,1" hai="19,20,26,48,53,57,58,59,72,76,80,90,94,96" machi="96" ten="20,8000,1" yaku="1,1,2,1,0,1,7,1,52,1,53,0" doraHai="95" doraHaiUra="42" who="0" fromWho="0" sc="229,96,373,-42,149,-22,239,-22" /><INIT seed="2,0,0,0,0,105" ten="325,331,127,217" oya="2" hai0="114,39,3,36,130,82,13,60,46,26,12,93,58" hai1="20,78,62,32,88,33,8,115,24,125,9,73,18" hai2="22,55,109,57,96,102,101,65,112,17,21,23,91" hai3="63,108,50,14,133,51,94,135,29,53,134,41,83"/><V131/><F112/><W98/><G108/><T25/><D3/><U77/><E115/><V38/><F38/><W132/><G132/><T16/><D114/><U123/><E123/><V5/><F109/><W89/><G29/><T49/><D130/><U81/><E125/><V99/><F131/><W118/><G118/><T119/><D119/><U86/><E77/><V66/><F5/><W116/><G116/><T2/><D2/><U111/><E111/><V34/><F34/><W128/><G128/><T64/><D39/><U74/><E74/><V80/><F17/><W42/><G14/><T44/><D36/><U19/><E9/><V54/><F80/><W106/><G106/><T27/><D93/><U31/><E18/><V6/><F6/><W37/><G83/><T126/><D126/><U103/><E103/><V104/><F91/><W129/><G129/><T1/><D1/><U121/><E121/><V47/><F47/><N who="3" m="23983" /><G42/><T95/><D95/><U84/><E84/><V69/><F69/><W56/><AGARI ba="0,0" hai="50,51,53,56,63,89,94,98,133,134,135" m="23983" machi="56" ten="40,1500,0" yaku="20,1" doraHai="105" who="3" fromWho="3" sc="325,-4,331,-4,127,-7,217,15" /><INIT seed="3,0,0,5,2,2" ten="321,327,120,232" oya="3" hai0="44,80,118,89,66,106,77,131,57,20,83,31,114" hai1="92,123,96,100,41,133,69,17,11,32,111,61,30" hai2="12,74,0,84,40,102,48,3,97,21,63,107,16" hai3="135,129,98,130,29,71,127,56,120,110,47,104,4"/><W10/><G71/><T78/><D118/><U68/><E123/><V25/><F74/><W51/><G120/><T103/><D131/><N who="3" m="50185" /><G135/><T9/><D114/><U117/><E117/><V132/><F132/><W105/><G127/><T54/><D106/><N who="3" m="41065" /><G29/><T42/><D103/><U76/><E133/><V52/><F84/><W121/><G121/><T88/><D66/><U134/><E30/><V125/><F125/><W108/><G56/><T75/><D20/><U90/><E68/><V18/><F63/><W46/><G98/><T6/><D31/><U43/><E134/><V60/><F60/><W23/><G23/><T49/><D57/><U115/><E61/><V72/><F72/><W36/><G36/><T128/><D128/><U34/><E69/><V14/><F40/><N who="3" m="25031" /><G47/><T7/><D54/><U65/><E65/><V101/><F101/><W93/><G93/><T119/><D119/><U22/><E43/><V64/><F64/><W113/><G113/><T15/><REACH who="0" step="1"/><D7/><REACH who="0" ten="311,327,120,232" step="2"/><U58/><E100/><V8/><REACH who="2" step="1"/><F25/><REACH who="2" ten="311,327,110,232" step="2"/><W28/><G28/><T124/><D124/><U91/><E115/><V79/><F79/><W87/><G87/><AGARI ba="0,2" hai="6,9,15,42,44,49,75,77,78,80,83,87,88,89" machi="87" ten="30,16000,3" yaku="1,1,7,1,25,2,52,1,54,1,53,2" doraHai="2" doraHaiUra="85" who="0" fromWho="3" sc="311,180,327,0,110,0,232,-160" /><INIT seed="4,0,0,4,3,132" ten="491,327,110,72" oya="0" hai0="46,44,10,97,60,85,37,6,21,96,57,30,79" hai1="58,127,91,106,61,38,22,35,31,53,84,92,64" hai2="98,0,135,62,13,105,115,101,124,56,119,33,36" hai3="75,7,94,63,111,109,5,48,47,133,89,55,104"/><T14/><D37/><U8/><E38/><V76/><F33/><W113/><G104/><T95/><D30/><U125/><E35/><V11/><F0/><W78/><G133/><T32/><D32/><U73/><E73/><V12/><F135/><W70/><G113/><T28/><D28/><U20/><E106/><V19/><F115/><W90/><G90/><N who="0" m="53711" /><D21/><U69/><E8/><V9/><F36/><W15/><G78/><T129/><D79/><U100/><E100/><V59/><F119/><W131/><G75/><T123/><D129/><U50/><REACH who="1" step="1"/><E22/><REACH who="1" ten="491,317,110,72" step="2"/><V43/><F101/><W82/><G131/><T27/><D123/><U126/><E126/><V4/><F105/><W72/><G72/><T121/><D121/><U2/><E2/><V39/><F124/><W29/><G111/><T65/><D27/><AGARI ba="0,1" hai="20,27,31,50,53,58,61,64,69,84,91,92,125,127" machi="27" ten="40,8000,1" yaku="1,1,52,2,53,1" doraHai="132" doraHaiUra="23" who="1" fromWho="0" sc="491,-80,317,90,110,0,72,0" /><INIT seed="5,0,0,4,4,54" ten="411,407,110,72" oya="1" hai0="48,51,115,10,73,111,125,18,24,121,101,40,71" hai1="114,97,2,92,55,77,44,43,62,132,89,116,64" hai2="9,14,98,117,133,75,59,12,85,135,113,122,68" hai3="102,81,61,120,7,96,58,11,39,76,93,124,65"/><U94/><E116/><V16/><F122/><W84/><G124/><T127/><D111/><U34/><E2/><V21/><F117/><W79/><G39/><T30/><D121/><U91/><E34/><V134/><F75/><W126/><G126/><N who="0" m="48139" /><D115/><U41/><E114/><V86/><F68/><W63/><G63/><T80/><D71/><U22/><E132/><V5/><F113/><W47/><G120/><T20/><D101/><U32/><E32/><V82/><F82/><W109/><G47/><N who="0" m="25703" /><D51/><N who="1" m="29159" /><E77/><V56/><F98/><W70/><G109/><T74/><D80/><U110/><E110/><V38/><F38/><W130/><G130/><T50/><D50/><U3/><E3/><V72/><F72/><W88/><REACH who="3" step="1"/><G70/><REACH who="3" ten="411,407,110,62" step="2"/><T52/><D74/><U99/><E62/><V37/><F37/><W13/><AGARI ba="0,1" hai="7,11,13,58,61,65,76,79,81,84,88,93,96,102" machi="13" ten="20,16000,3" yaku="1,1,2,1,0,1,7,1,8,1,52,1,54,1,53,1" doraHai="54" doraHaiUra="87" who="3" fromWho="3" sc="411,-40,407,-80,110,-40,62,170" /><INIT seed="6,0,0,2,1,28" ten="371,327,70,232" oya="2" hai0="16,124,77,125,6,35,116,48,109,4,49,32,9" hai1="2,39,56,126,108,103,113,134,123,5,42,53,85" hai2="51,43,101,87,121,119,17,98,60,135,96,44,88" hai3="76,92,112,50,80,120,90,31,57,61,63,122,130"/><V7/><F121/><W104/><G104/><T33/><D109/><U105/><E108/><V114/><F119/><W79/><G130/><T83/><D116/><U52/><E113/><V128/><F114/><W97/><G112/><T73/><D16/><U72/><E72/><V86/><F128/><W117/><G117/><T22/><D22/><U11/><E123/><V15/><F135/><W84/><G79/><T18/><D18/><U59/><E134/><V30/><F30/><W74/><G31/><T127/><D6/><U106/><E126/><V12/><F60/><W78/><G50/><T25/><D25/><U82/><E103/><V55/><F86/><W75/><G63/><T38/><D38/><U20/><E56/><V132/><F132/><W23/><G23/><T93/><D93/><U27/><E42/><V29/><F29/><W10/><G10/><T115/><D115/><U131/><E39/><V54/><F7/><W68/><G68/><T94/><D94/><U133/><E131/><V34/><F34/><W64/><G84/><T89/><D89/><U111/><E111/><V3/><F3/><AGARI ba="0,0" hai="3,4,9,32,33,35,48,49,73,77,83,124,125,127" machi="3" ten="50,8000,1" yaku="18,1,52,3" doraHai="28" who="0" fromWho="2" sc="371,80,327,0,70,-80,232,0" owari="451,55.0,327,13.0,-10,-51.0,232,-17.0" /></mjloggm>