<mjloggm ver="2.3"><GO type="169" lobby="0"/><UN n0="%74%61%74%73%75%37%30%32" n1="%E3%82%A8%E3%83%83%E3%83%95%E3%82%A7%E3%83%AB%E5%A1%94" n2="%E5%B0%B1%E6%B4%BB%E7%94%9F%40%E5%B7%9D%E6%9D%91%E8%BB%8D%E5%9B%A3" n3="%4B%E3%80%82" dan="17,16,16,17" rate="2225.02,2090.84,2115.60,2161.16" sx="M,M,M,M"/><TAIKYOKU oya="0"/><INIT seed="0,0,0,2,3,60" ten="250,250,250,250" oya="0" hai0="104,4,1,71,77,44,18,2,49,127,94,78,68" hai1="6,82,79,93,66,126,5,117,90,67,122,109,48" hai2="12,28,74,55,97,105,132,91,24,73,35,39,41" hai3="107,7,112,56,51,57,47,89,96,38,99,64,42"/><T37/><D104/><U119/><E122/><V131/><F132/><W53/><G112/><T129/><D37/><U14/><E119/><V123/><F131/><W45/><G7/><N who="1" m="2570" /><E117/><V17/><F41/><W59/><G107/><T113/><D113/><U13/><E109/><V43/><F43/><W95/><REACH who="3" step="1"/><G99/><REACH who="3" ten="250,250,250,240" step="2"/><T124/><D4/><U72/><E126/><N who="0" m="48169" /><D129/><U32/><E32/><V65/><F97/><W8/><G8/><T61/><D2/><U0/><E0/><V133/><F35/><W9/><G9/><T15/><D1/><U30/><E30/><V31/><F28/><W46/><G46/><T110/><D110/><U125/><E125/><V106/><F31/><W92/><G92/><T135/><D135/><U22/><E22/><V54/><F105/><W118/><G118/><T102/><D94/><U16/><E93/><V98/><F98/><W81/><G81/><T103/><D102/><U3/><E3/><V62/><F106/><W108/><G108/><T134/><D103/><U50/><E82/><V21/><F133/><W70/><G70/><T34/><D71/><U101/><E101/><V100/><F21/><W52/><G52/><N who="0" m="29735" /><D134/><U26/><E26/><V84/><F24/><W115/><G115/><T69/><D69/><U25/><E25/><V130/><F100/><W116/><G116/><T10/><D34/><U29/><E29/><V85/><F130/><W36/><G36/><T83/><D83/><U120/><E14/><V121/><F12/><W88/><G88/><T80/><D80/><U111/><E90/><V86/><F39/><W23/><G23/><RYUUKYOKU ba="0,1" sc="250,15,250,-15,250,-15,240,15" hai0="10,15,18,61,68,77,78" hai3="38,42,45,47,51,53,56,57,59,64,89,95,96" /><INIT seed="0,1,1,2,5,93" ten="265,235,235,255" oya="0" hai0="40,130,129,81,131,127,41,60,82,122,98,13,76" hai1="64,80,116,134,105,77,73,88,123,113,92,16,10" hai2="85,70,49,75,9,66,23,69,27,120,38,50,20" hai3="21,132,24,95,39,118,63,117,124,19,115,45,68"/><T51/><D122/><U61/><E123/><V48/><F75/><W0/><G115/><T84/><D127/><U18/><E116/><V29/><F38/><W46/><G0/><T114/><D114/><U43/><E113/><V44/><F120/><W30/><G124/><T31/><D31/><U111/><E105/><V32/><F44/><W56/><G132/><T33/><D33/><U55/><E43/><V58/><F58/><W65/><G46/><T110/><D110/><U112/><E112/><V125/><F125/><W57/><G57/><T26/><D26/><U121/><E121/><V107/><F107/><W97/><G68/><T14/><D60/><U103/><E103/><V102/><F102/><N who="3" m="60735" /><G19/><T126/><D126/><U96/><E134/><V8/><F66/><W119/><G119/><T5/><D51/><U101/><E111/><V15/><F85/><W83/><G83/><T54/><D54/><U52/><E101/><V34/><F34/><W109/><G109/><T17/><D82/><U12/><E18/><V35/><F35/><W94/><G94/><T11/><REACH who="0" step="1"/><D98/><REACH who="0" ten="255,235,235,255" step="2"/><U104/><REACH who="1" step="1"/><E104/><REACH who="1" ten="255,225,235,255" step="2"/><V3/><F29/><W87/><G118/><T37/><D37/><U1/><E1/><V78/><F3/><W71/><G117/><T133/><D133/><U74/><E74/><V28/><F28/><W89/><G39/><T59/><D59/><AGARI ba="1,3" hai="10,12,16,52,55,59,61,64,73,77,80,88,92,96" machi="59" ten="30,12000,2" yaku="1,1,7,1,52,1,54,3,53,0" doraHai="93" doraHaiUra="42" who="1" fromWho="0" sc="255,-123,225,153,235,0,255,0" /><INIT seed="1,0,0,3,4,82" ten="132,378,235,255" oya="1" hai0="19,6,130,30,50,129,86,45,115,93,2,32,18" hai1="66,101,0,43,87,77,52,13,44,113,15,3,133" hai2="48,21,84,62,100,109,123,36,25,34,85,119,58" hai3="127,69,57,46,40,14,134,135,132,51,98,75,61"/><U4/><E113/><V47/><F34/><W22/><G75/><T80/><D115/><U1/><E66/><N who="2" m="39255" /><F36/><W41/><G98/><T104/><D104/><U121/><E101/><V128/><F119/><W10/><G127/><T29/><D93/><U105/><E105/><V55/><F123/><W5/><G69/><T125/><D125/><U107/><E107/><V122/><F122/><W78/><G78/><N who="0" m="46359" /><D6/><U39/><E121/><V11/><F109/><W17/><G41/><N who="0" m="24879" /><D2/><U83/><E133/><V16/><F128/><N who="0" m="49258" /><D32/><U102/><E102/><V108/><F108/><W63/><REACH who="3" step="1"/><G57/><REACH who="3" ten="132,378,235,245" step="2"/><T23/><D19/><U117/><E117/><V12/><F100/><W67/><G67/><T27/><AGARI ba="0,1" hai="18,23,27,29,30" m="49258,24879,46359" machi="27" ten="30,2000,0" yaku="19,1,52,1" doraHai="82" who="0" fromWho="0" sc="132,30,378,-10,235,-5,245,-5" /><INIT seed="2,0,0,0,4,7" ten="162,368,230,240" oya="2" hai0="26,53,54,0,119,71,50,106,12,29,99,3,46" hai1="37,120,65,60,110,104,45,34,127,129,41,105,130" hai2="78,66,40,103,69,82,112,57,132,134,85,17,6" hai3="115,92,36,31,124,116,68,51,83,135,58,38,101"/><V93/><F69/><W97/><G116/><T126/><D71/><N who="1" m="42407" /><E120/><V1/><F40/><W84/><G68/><T27/><D119/><U80/><E80/><V67/><F112/><W81/><G115/><T49/><D126/><U13/><E127/><V11/><F57/><W18/><G124/><T16/><D106/><U88/><E34/><V123/><F123/><W21/><G31/><T76/><D76/><U131/><E110/><V108/><F17/><W95/><G135/><N who="2" m="51753" /><F108/><W133/><G133/><T107/><D107/><N who="1" m="41035" /><E13/><V94/><F103/><W23/><G23/><T30/><D99/><U43/><E43/><V87/><F94/><W10/><G38/><T59/><D27/><U63/><E63/><V73/><F73/><W14/><G36/><T8/><REACH who="0" step="1"/><D30/><REACH who="0" ten="152,368,230,240" step="2"/><U70/><E70/><V128/><F128/><W44/><G84/><T98/><D98/><U2/><E131/><V91/><AGARI ba="0,1" hai="1,6,11,66,67,78,82,85,87,91,93" m="51753" machi="91" ten="30,3000,0" yaku="20,1,52,1" doraHai="7" who="2" fromWho="2" sc="152,-10,368,-10,230,40,240,-10" /><INIT seed="2,1,0,0,1,52" ten="142,358,270,230" oya="2" hai0="135,26,113,35,40,118,71,132,6,131,73,106,27" hai1="34,47,31,124,107,42,117,20,30,10,15,81,59" hai2="23,17,133,25,100,1,77,13,11,96,97,33,7" hai3="24,53,38,93,56,14,64,109,88,115,91,5,8"/><V19/><F133/><W68/><G109/><T108/><RYUUKYOKU type="yao9" ba="1,0" sc="142,0,358,0,270,0,230,0" hai0="6,26,27,35,40,71,73,106,108,113,118,131,132,135" /><INIT seed="2,2,0,1,1,7" ten="142,358,270,230" oya="2" hai0="131,27,13,41,101,117,71,97,61,94,102,37,107" hai1="135,133,12,19,83,129,120,125,36,126,33,55,105" hai2="60,22,114,18,104,73,58,128,63,52,5,82,90" hai3="87,70,106,85,118,119,67,30,77,123,80,9,75"/><V29/><F104/><W0/><G123/><T20/><D131/><U56/><E120/><V134/><F128/><W74/><G106/><T122/><D117/><U103/><E129/><V93/><F134/><N who="1" m="51209" /><E33/><V69/><F29/><W34/><G85/><T48/><D122/><U50/><E36/><V116/><F114/><W66/><G87/><T98/><D37/><U115/><E115/><V91/><F116/><W15/><G75/><T78/><D78/><U32/><E32/><V76/><F5/><N who="3" m="1191" /><G67/><T2/><D2/><U38/><E38/><V17/><F17/><W127/><G15/><T4/><D71/><U57/><E57/><V51/><F69/><W43/><G43/><T31/><D61/><U79/><E103/><V112/><F91/><W49/><G49/><T24/><D24/><U47/><E47/><V26/><REACH who="2" step="1"/><F112/><REACH who="2" ten="142,358,260,230" step="2"/><W68/><G68/><T113/><D113/><U62/><E105/><V3/><F3/><W11/><G119/><T39/><D4/><U6/><E6/><V42/><F42/><W25/><G118/><T35/><D107/><U95/><E19/><V132/><F132/><W45/><G70/><T108/><D41/><U10/><E126/><V92/><F92/><W46/><G127/><T64/><D94/><U96/><E125/><V81/><F81/><W84/><G30/><T23/><D31/><U111/><E83/><V86/><AGARI ba="2,1" hai="18,22,26,51,52,58,60,63,73,76,82,86,90,93" machi="86" ten="20,7800,0" yaku="1,1,0,1,7,1,54,1,53,0" doraHai="7" doraHaiUra="8" who="2" fromWho="2" sc="142,-28,358,-28,260,94,230,-28" /><INIT seed="2,3,0,5,2,104" ten="114,330,354,202" oya="2" hai0="80,2,9,135,12,16,41,123,108,24,122,85,3" hai1="114,129,5,130,116,49,51,127,113,70,93,78,53" hai2="13,31,105,103,72,35,126,66,60,83,27,43,134" hai3="109,25,118,84,90,29,77,50,133,67,57,125,75"/><V44/><F126/><W124/><G118/><T62/><D108/><U18/><E5/><V119/><F134/><W79/><G109/><T63/><D135/><U64/><E78/><V91/><F13/><W81/><G133/><T73/><D73/><U120/><E93/><V117/><F91/><W47/><G67/><T71/><D41/><U20/><E116/><V111/><F111/><W107/><G57/><T99/><D99/><U94/><E94/><V33/><F33/><W40/><G107/><T128/><D128/><U37/><E37/><V39/><F83/><W19/><G19/><T76/><D24/><U10/><E10/><V23/><F23/><W121/><G121/><T46/><D46/><U7/><E7/><V82/><F82/><W52/><G40/><T21/><D71/><U56/><E51/><V11/><F11/><W55/><G55/><T15/><D3/><U22/><E22/><V110/><F110/><W95/><REACH who="3" step="1"/><G79/><REACH who="3" ten="114,330,354,192" step="2"/><T112/><D112/><U65/><E120/><V98/><F117/><W69/><G69/><T54/><D54/><U17/><E70/><N who="2" m="42311" /><F119/><W86/><G86/><T97/><D97/><U14/><E18/><V106/><F106/><W48/><G48/><T102/><D102/><U59/><E59/><V30/><F30/><W89/><G89/><T115/><D115/><U100/><E100/><V36/><F36/><W132/><G132/><T26/><D123/><U28/><E28/><V92/><F105/><W42/><G42/><T1/><D122/><U68/><E68/><V38/><F39/><W101/><G101/><T8/><D76/><RYUUKYOKU ba="3,1" sc="114,-15,330,-15,354,15,192,15" hai2="27,31,35,38,43,44,72,92,98,103" hai3="25,29,47,50,52,75,77,81,84,90,95,124,125" /><INIT seed="2,4,1,4,1,25" ten="99,315,369,207" oya="2" hai0="98,70,6,1,107,123,33,45,120,19,104,97,66" hai1="121,78,82,22,111,61,124,3,36,44,8,106,72" hai2="102,108,92,52,133,9,117,100,46,17,109,63,56" hai3="60,122,84,115,89,86,71,57,80,7,126,29,112"/><V68/><F133/><W105/><G122/><T34/><D45/><U64/><E121/><V95/><F68/><W23/><G126/><T96/><D19/><U11/><E124/><V116/><F46/><W10/><G105/><T88/><D98/><U135/><E11/><V90/><F9/><W91/><G71/><T74/><D74/><U32/><E22/><V67/><F17/><W13/><G23/><T49/><D49/><U40/><E135/><V118/><F95/><W75/><G75/><T14/><D70/><N who="1" m="42255" /><E111/><N who="2" m="42571" /><F67/><W79/><G29/><T132/><D66/><U42/><E42/><V83/><F83/><W87/><G89/><T43/><D43/><U51/><E51/><V76/><F76/><W37/><G37/><T5/><D132/><U93/><E93/><V21/><F21/><W54/><REACH who="3" step="1"/><G79/><REACH who="3" ten="99,315,369,197" step="2"/><T65/><D88/><U94/><E106/><V2/><F90/><W4/><G4/><T53/><D107/><U62/><E36/><V59/><F102/><W50/><G50/><T31/><D104/><U128/><E72/><V39/><F100/><W48/><G48/><T77/><D77/><U16/><E78/><V119/><F39/><W27/><G27/><T125/><D125/><U20/><E20/><V12/><F116/><W26/><G26/><T18/><D123/><U28/><E28/><V15/><F117/><W129/><G129/><T69/><D31/><U114/><E128/><V47/><F118/><W113/><AGARI ba="4,2" hai="7,10,13,54,57,60,80,84,86,87,91,112,113,115" machi="113" ten="30,4000,0" yaku="1,1,0,1,11,1,53,0" doraHai="25" doraHaiUra="30" who="3" fromWho="3" sc="99,-14,315,-14,369,-24,197,72" /><INIT seed="3,0,0,5,1,88" ten="85,301,345,269" oya="3" hai0="111,128,7,110,37,60,134,113,98,92,20,44,121" hai1="61,30,47,135,32,45,105,73,17,52,41,91,19" hai2="124,96,79,64,66,99,77,85,42,97,126,8,74" hai3="117,38,103,50,100,90,130,9,132,94,18,78,68"/><W15/><G38/><T29/><D121/><U58/><E73/><V11/><F42/><W27/><G117/><T109/><D7/><U118/><E118/><V55/><F55/><W116/><G116/><T34/><D34/><U125/><E105/><V12/><F74/><W0/><G130/><T23/><D128/><U67/><E125/><N who="2" m="48235" /><F85/><W129/><G129/><T83/><D83/><U25/><E135/><V101/><F101/><W3/><G132/><T131/><D131/><U13/><E91/><V89/><F89/><W76/><G68/><T51/><D37/><U95/><E95/><V81/><F81/><W2/><G27/><T84/><D84/><U119/><E119/><V5/><F11/><W6/><G50/><T104/><D104/><U59/><E41/><V114/><F114/><W22/><G100/><N who="0" m="60487" /><D134/><U62/><REACH who="1" step="1"/><E19/><REACH who="1" ten="85,291,345,269" step="2"/><V21/><F77/><W1/><REACH who="3" step="1"/><G103/><REACH who="3" ten="85,291,345,259" step="2"/><T46/><D111/><U63/><E63/><V86/><F79/><W72/><G72/><T57/><D109/><U10/><AGARI ba="0,2" hai="10,13,17,25,30,32,45,47,52,58,59,61,62,67" machi="10" ten="20,5200,0" yaku="1,1,0,1,7,1,54,1,53,0" doraHai="88" doraHaiUra="80" who="1" fromWho="1" sc="85,-13,291,72,345,-13,259,-26" /><INIT seed="4,0,0,5,0,74" ten="72,363,332,233" oya="0" hai0="125,13,129,135,33,97,130,113,58,4,77,54,115" hai1="51,3,45,27,79,108,71,29,34,39,52,72,102" hai2="118,119,105,65,87,7,120,110,47,60,53,82,131" hai3="1,128,37,123,31,14,98,114,59,30,0,80,8"/><T44/><D33/><U62/><E3/><V66/><F105/><W41/><G37/><T67/><D67/><U15/><E108/><V21/><F110/><W134/><G41/><T90/><D44/><U64/><E15/><V101/><F131/><N who="0" m="50186" /><D125/><U57/><E102/><V56/><F120/><W68/><G68/><T104/><D135/><U22/><E34/><V63/><F101/><W127/><G128/><T132/><D132/><U126/><E126/><V111/><F7/><W6/><G127/><T36/><D36/><U116/><E116/><N who="2" m="44587" /><F47/><W89/><G59/><T76/><D4/><U133/><E133/><V107/><F107/><W26/><G123/><T69/><D69/><U122/><E122/><V100/><F100/><W23/><G134/><T28/><D28/><U94/><E94/><V78/><F111/><W42/><G42/><T70/><D70/><U32/><E32/><V19/><F63/><W18/><G31/><T5/><D104/><U61/><E72/><V91/><F91/><W46/><G46/><T124/><D124/><U55/><E39/><V50/><F60/><W86/><G1/><T2/><D2/><U48/><E61/><V20/><F20/><W16/><G0/><T49/><D90/><U106/><E106/><V84/><F84/><W121/><G121/><T83/><D97/><U43/><E43/><V75/><F75/><W10/><G98/><T9/><D83/><U25/><E71/><V17/><F17/><N who="3" m="6763" /><G8/><T109/><D109/><U99/><E99/><V11/><F11/><W117/><G117/><T96/><D96/><U81/><E81/><RYUUKYOKU ba="0,0" sc="72,10,363,-30,332,10,233,10" hai0="5,9,13,49,54,58,76,77,113,115" hai2="19,21,50,53,56,65,66,78,82,87" hai3="6,10,14,23,26,30,80,86,89,114" /><INIT seed="4,1,0,2,3,9" ten="82,333,342,243" oya="0" hai0="7,77,30,108,123,65,46,97,95,64,52,5,8" hai1="34,31,38,61,110,84,0,121,111,79,85,63,100" hai2="10,17,70,133,117,32,13,19,11,54,33,51,20" hai3="89,47,41,86,14,36,4,101,22,96,18,16,59"/><T71/><D123/><U92/><E121/><V50/><F70/><W78/><G78/><T57/><D71/><U43/><E0/><V94/><F133/><W6/><G59/><T44/><D77/><U128/><E43/><V1/><F117/><W75/><G75/><T115/><D115/><U134/><E38/><V107/><F107/><W130/><G130/><T106/><D30/><U26/><E134/><V98/><F50/><W35/><G35/><T58/><D106/><U23/><E128/><V125/><F10/><W21/><G101/><T81/><D81/><U67/><E63/><V45/><F125/><W74/><G96/><T62/><D108/><U131/><E34/><V91/><REACH who="2" step="1"/><F1/><REACH who="2" ten="82,333,332,243" step="2"/><W49/><G36/><T76/><D76/><U119/><E119/><V72/><F72/><W82/><REACH who="3" step="1"/><G74/><REACH who="3" ten="82,333,332,233" step="2"/><T105/><D105/><U40/><E131/><V56/><F56/><W29/><G29/><T102/><D65/><U69/><E111/><V114/><F114/><W66/><G66/><T109/><D109/><U3/><E110/><V25/><AGARI ba="1,2" hai="11,13,17,19,20,25,32,33,45,51,54,91,94,98" machi="25" ten="20,5200,0" yaku="1,1,0,1,7,1,52,1,53,0" doraHai="9" doraHaiUra="83" who="2" fromWho="2" sc="82,-27,333,-14,332,75,233,-14" /><INIT seed="5,0,0,5,1,66" ten="55,319,407,219" oya="1" hai0="5,106,19,134,7,43,34,101,130,87,45,109,129" hai1="121,89,103,47,102,123,32,126,13,78,111,44,100" hai2="105,117,96,57,79,72,91,81,114,68,83,128,27" hai3="8,14,51,54,18,115,4,118,9,25,71,20,82"/><U62/><E32/><V120/><F68/><W108/><G108/><T135/><D45/><U131/><E111/><V26/><F117/><W132/><G115/><T40/><D109/><U73/><E126/><V48/><F120/><W70/><G132/><N who="0" m="50731" /><D87/><U41/><E131/><N who="0" m="50185" /><D19/><U29/><E29/><V61/><F48/><W23/><G118/><T42/><D101/><U60/><E13/><V94/><F105/><W99/><G99/><T86/><D86/><U110/><E110/><V74/><F114/><W90/><G90/><T33/><D106/><U88/><E103/><V65/><F128/><W36/><G36/><T84/><D84/><U17/><E17/><V98/><F96/><W52/><G82/><T11/><D11/><U53/><E41/><N who="0" m="10497" /><T92/><DORA hai="75" /><D92/><U95/><E95/><V39/><F39/><W116/><G116/><T12/><D12/><U124/><E53/><V28/><F28/><W24/><G54/><T30/><D30/><U56/><E123/><V3/><F81/><W38/><G38/><T55/><D55/><U31/><E31/><V76/><F74/><W50/><G9/><T10/><D10/><U21/><E121/><V6/><F72/><W64/><G52/><T113/><D113/><U104/><E73/><V22/><F83/><W35/><G8/><T59/><D59/><U93/><E104/><V37/><F37/><W133/><G14/><T112/><D112/><U49/><E56/><V80/><F80/><W77/><G133/><T125/><D125/><U69/><E124/><V63/><F94/><W58/><G58/><T16/><D16/><RYUUKYOKU ba="0,0" sc="55,30,319,-10,407,-10,219,-10" hai0="5,7,33,34" /><INIT seed="6,1,0,1,0,33" ten="85,309,397,209" oya="2" hai0="116,87,45,16,54,26,32,69,31,92,80,49,109" hai1="77,85,121,12,42,81,34,117,131,108,83,57,118" hai2="94,67,114,93,71,73,76,107,120,135,86,36,91" hai3="133,65,39,20,46,123,96,0,130,95,125,53,75"/><V28/><F36/><W27/><G123/><T70/><D109/><U50/><E34/><V14/><F71/><W64/><G75/><T37/><D116/><U3/><E108/><V11/><F67/><W24/><G125/><T134/><D134/><U97/><E97/><V128/><F107/><W100/><G130/><T63/><D92/><U59/><E131/><V106/><F106/><W10/><G27/><T101/><D101/><U9/><E121/><V126/><F28/><W25/><G25/><T29/><D29/><U90/><E3/><V40/><F40/><W35/><G35/><T103/><D103/><U72/><E118/><V127/><F14/><W105/><G105/><T110/><D63/><U44/><E117/><V84/><F11/><W22/><G22/><T79/><D37/><U88/><REACH who="1" step="1"/><E90/><REACH who="1" ten="85,299,397,209" step="2"/><V62/><F91/><W55/><G0/><T115/><D115/><U23/><E23/><V98/><F128/><W30/><G20/><T1/><D110/><U74/><E74/><V4/><F98/><W122/><G96/><T41/><D1/><U132/><E132/><V112/><F73/><W18/><G122/><T60/><REACH who="0" step="1"/><D16/><AGARI ba="1,1" hai="9,12,16,42,44,50,57,59,72,77,81,83,85,88" machi="16" ten="30,7700,0" yaku="1,1,7,1,54,2,53,0" doraHai="33" doraHaiUra="61" who="1" fromWho="0" sc="85,-80,299,90,397,0,209,0" /><INIT seed="7,0,0,4,2,78" ten="5,389,397,209" oya="3" hai0="18,60,81,100,51,43,101,4,117,118,122,59,104" hai1="80,40,1,13,31,62,57,16,45,111,56,83,92" hai2="48,46,102,71,44,132,10,69,77,2,109,26,64" hai3="82,50,76,42,21,35,131,129,133,20,41,91,61"/><W58/><G133/><T9/><D122/><U55/><E1/><V97/><F109/><W14/><G35/><T25/><D104/><U87/><E111/><V119/><F119/><W86/><G76/><T89/><D118/><U93/><E31/><V114/><F64/><W90/><G90/><T28/><D117/><U130/><E130/><N who="3" m="49674" /><G14/><N who="0" m="7503" /><D4/><U63/><E45/><V115/><F77/><W112/><G112/><N who="2" m="43049" /><F132/><W94/><G94/><N who="1" m="36458" /><E87/><V79/><F79/><W73/><G73/><T84/><D43/><N who="3" m="16393" /><G50/><T47/><D25/><U22/><E40/><N who="2" m="24583" /><F26/><W52/><AGARI ba="0,0" hai="20,21,52,58,61,82,86,91" m="16393,49674" machi="52" ten="30,6000,0" yaku="19,1,52,1,54,1" doraHai="78" who="3" fromWho="3" sc="5,-20,389,-20,397,-20,209,60" owari="-15,-52.0,369,17.0,377,48.0,269,-13.0" /></mjloggm>