<mjloggm ver="2.3"><GO type="97" lobby="0"/><UN n0="%E5%A4%8F%E5%B7%9D%E3%81%BE%E3%82%86%E3%82%8A" n1="%E3%82%BF%E3%82%B3%E3%82%B9%EF%BC%A0%E6%9D%B1%E9%A2%A8" n2="%E5%B0%B1%E6%B4%BB%E7%94%9F%40%E5%B7%9D%E6%9D%91%E8%BB%8D%E5%9B%A3" n3="%E5%85%AC%E5%8B%99%E5%93%A1%E3%81%8F%E3%82%93" dan="15,15,15,15" rate="1928.29,1988.69,2047.80,1975.85" sx="F,M,M,M"/><TAIKYOKU oya="0"/><INIT seed="0,0,0,5,3,60" ten="250,250,250,250" oya="0" hai0="55,119,1,24,33,92,88,108,30,95,49,12,62" hai1="91,29,45,34,73,43,125,54,56,4,109,59,102" hai2="36,81,122,112,25,3,127,103,123,96,106,120,117" hai3="110,50,37,100,113,135,20,76,68,10,107,28,48"/><T65/><D1/><U64/><E73/><V27/><F112/><W53/><G37/><T0/><D0/><U23/><E102/><V116/><F36/><W52/><G113/><T18/><D119/><N who="2" m="45642" /><F3/><W74/><G68/><T14/><D108/><U35/><E109/><V11/><F127/><W128/><G110/><T105/><D105/><U46/><E125/><V6/><F6/><W87/><G74/><T9/><D12/><U58/><E4/><V134/><F134/><W16/><G128/><T5/><D5/><U89/><E35/><V75/><F11/><W130/><G130/><T84/><D95/><U99/><E34/><V2/><F2/><W86/><G107/><T19/><D19/><U22/><E43/><V15/><F15/><N who="3" m="7287" /><G100/><T93/><D93/><N who="1" m="56751" /><E91/><V17/><F17/><W61/><G61/><T57/><REACH who="0" step="1"/><D49/><REACH who="0" ten="240,250,250,250" step="2"/><U40/><E29/><V121/><F121/><W111/><G111/><T44/><D44/><U85/><E46/><V21/><F123/><W129/><G129/><T72/><D72/><U32/><E45/><V51/><F51/><W98/><G50/><T42/><D42/><U124/><E40/><V115/><F115/><W78/><G48/><T39/><D39/><U79/><E124/><V77/><F27/><N who="3" m="16487" /><G135/><T94/><D94/><U13/><E13/><V118/><F118/><W7/><G7/><T67/><AGARI ba="0,1" hai="9,14,18,24,30,33,55,57,62,65,67,84,88,92" machi="67" ten="30,12000,1" yaku="1,1,0,1,52,2,54,1,53,0" doraHai="60" doraHaiUra="66" who="0" fromWho="0" sc="240,130,250,-40,250,-40,250,-40" /><INIT seed="0,1,0,3,2,82" ten="370,210,210,210" oya="0" hai0="113,29,110,4,36,30,3,34,15,44,1,135,12" hai1="7,27,45,133,42,105,80,103,18,115,43,49,83" hai2="122,97,114,5,41,126,84,0,46,124,65,91,112" hai3="55,19,81,101,54,58,66,75,128,95,33,40,52"/><T132/><D44/><U64/><E133/><N who="0" m="51273" /><D36/><U8/><E115/><V79/><F122/><W50/><G33/><T129/><D113/><U70/><E43/><V21/><F65/><W90/><G128/><T123/><D123/><U26/><E105/><V76/><F97/><N who="3" m="59583" /><G75/><T108/><D34/><U71/><E103/><V107/><F107/><W117/><G117/><T134/><N who="0" m="51281" /><T31/><DORA hai="130" /><D129/><U59/><E71/><V102/><F102/><W111/><G111/><N who="0" m="42539" /><D4/><U104/><E7/><V60/><F46/><N who="3" m="25927" /><G19/><T32/><D32/><U74/><E18/><V89/><F5/><W35/><G35/><T57/><D57/><U87/><E59/><V94/><F112/><W96/><G66/><T98/><D98/><U61/><E64/><V131/><F114/><W100/><G100/><T109/><N who="0" m="42547" /><T93/><DORA hai="86" /><D93/><U72/><E104/><V48/><F94/><N who="3" m="56407" /><G81/><T39/><D39/><U47/><E83/><V116/><F116/><W20/><G20/><T24/><D24/><U92/><E92/><V13/><F21/><W99/><G99/><T106/><D106/><U37/><E47/><V53/><F131/><W127/><G127/><T121/><D121/><U2/><E37/><V16/><F126/><W62/><AGARI ba="1,0" hai="52,54,55,58,62" m="56407,25927,59583" machi="62" ten="30,4000,0" yaku="8,1,52,1,54,1" doraHai="82,130,86" who="3" fromWho="3" sc="370,-21,210,-11,210,-11,210,43" /><INIT seed="1,0,0,3,2,81" ten="349,199,199,253" oya="1" hai0="10,129,76,44,12,67,39,102,46,88,70,38,130" hai1="6,43,97,19,89,13,127,47,84,86,85,54,1" hai2="131,3,2,56,20,69,123,112,93,31,28,57,52" hai3="119,16,116,109,135,133,71,94,58,106,32,117,41"/><U104/><E127/><V128/><F69/><W114/><G106/><T75/><D102/><U101/><E1/><V96/><F123/><W82/><G71/><T66/><D75/><U107/><E107/><V8/><F112/><W132/><G32/><T26/><D76/><U17/><E54/><V79/><F79/><W103/><G41/><T113/><D26/><U36/><REACH who="1" step="1"/><E89/><REACH who="1" ten="349,189,199,253" step="2"/><N who="2" m="55343" /><F3/><W105/><G105/><T25/><D88/><U121/><E121/><V62/><F2/><W42/><G114/><T74/><D67/><U23/><E23/><V124/><F124/><W83/><G116/><T30/><D66/><U59/><E59/><V14/><F57/><W7/><G58/><T48/><D70/><U50/><E50/><V110/><F110/><W55/><G55/><T108/><D48/><U90/><E90/><V91/><F91/><W68/><G68/><T49/><D113/><U65/><E65/><V15/><F20/><W118/><G109/><T120/><D49/><U24/><E24/><V61/><F61/><W22/><G42/><T111/><D25/><U18/><E18/><N who="2" m="8519" /><F15/><N who="3" m="9503" /><G7/><T63/><D120/><U72/><E72/><V80/><F80/><W64/><G64/><T27/><D27/><U4/><E4/><V60/><F60/><W87/><G103/><T35/><D63/><U77/><E77/><V11/><F11/><AGARI ba="0,1" hai="6,11,13,17,19,36,43,47,84,85,86,97,101,104" machi="11" ten="40,12000,1" yaku="1,1,52,3,53,1" doraHai="81" doraHaiUra="95" who="1" fromWho="2" sc="349,0,189,130,199,-120,253,0" /><INIT seed="1,1,0,3,0,35" ten="349,319,79,253" oya="1" hai0="30,22,91,20,124,81,18,45,70,55,129,113,77" hai1="74,130,109,80,1,132,13,110,29,9,89,108,5" hai2="52,122,44,49,0,100,31,71,4,63,86,14,16" hai3="28,48,125,17,120,119,83,78,97,8,106,64,82"/><U62/><E132/><V50/><F122/><W58/><G120/><T121/><D70/><U135/><E135/><V92/><F31/><W112/><G112/><T68/><D113/><U84/><E130/><V39/><F39/><W123/><G123/><T57/><D68/><U37/><E37/><V93/><F50/><W36/><G36/><T105/><D121/><U19/><E29/><V75/><F75/><W94/><G106/><T42/><D105/><U115/><E115/><V98/><F92/><W54/><G125/><T99/><D124/><U117/><E117/><V53/><F86/><W96/><G119/><T134/><D30/><U69/><E74/><V27/><F27/><W24/><G64/><T87/><D134/><U21/><E69/><V67/><F4/><W103/><G97/><T131/><D99/><U102/><E62/><V104/><F104/><W65/><G65/><T114/><D77/><U38/><E38/><V116/><F116/><W41/><G41/><T101/><D101/><AGARI ba="1,0" hai="1,5,9,13,19,21,80,84,89,101,102,108,109,110" machi="101" ten="40,7700,0" yaku="14,1,10,1,52,1" doraHai="35" who="1" fromWho="0" sc="349,-80,319,80,79,0,253,0" /><INIT seed="1,2,0,5,2,6" ten="269,399,79,253" oya="1" hai0="4,80,17,56,92,90,76,45,123,27,63,105,94" hai1="61,113,125,104,135,62,108,10,50,25,88,116,37" hai2="49,85,67,42,2,98,51,119,97,106,21,86,71" hai3="115,44,20,12,58,89,110,78,9,5,112,23,1"/><U79/><E37/><V74/><F119/><W8/><G89/><T127/><D105/><U13/><E116/><V129/><F74/><W32/><G78/><T39/><D39/><U7/><E104/><V122/><F2/><W73/><G73/><T53/><D4/><U0/><E113/><N who="3" m="43594" /><G58/><T107/><D107/><U54/><E79/><V132/><F122/><W47/><G44/><T70/><D70/><U120/><E120/><V38/><F129/><W68/><G47/><T59/><D127/><U34/><E125/><V99/><F132/><W134/><G68/><T57/><D45/><U14/><E135/><V28/><F106/><W65/><G65/><T77/><D123/><U22/><E34/><V131/><F131/><W52/><G52/><T109/><D109/><U11/><E0/><V114/><F114/><W111/><G32/><T83/><D27/><U117/><E108/><N who="3" m="41514" /><G134/><T16/><D53/><U43/><E43/><V46/><F71/><W36/><G36/><T102/><D102/><U95/><E117/><V87/><REACH who="2" step="1"/><F67/><REACH who="2" ten="269,399,69,253" step="2"/><W19/><AGARI ba="2,1" hai="1,5,8,9,12,19,20,23" m="41514,43594" machi="19" ten="30,8000,1" yaku="14,1,34,2,52,2" doraHai="6" who="3" fromWho="3" sc="269,-22,399,-42,69,-22,253,96" /><INIT seed="2,0,0,5,3,54" ten="247,357,47,349" oya="2" hai0="114,135,108,57,70,22,15,83,8,99,25,17,50" hai1="81,29,21,112,60,20,95,75,36,104,76,51,12" hai2="47,91,11,35,46,133,85,6,2,63,116,61,132" hai3="103,7,1,72,30,130,34,58,80,79,39,131,9"/><V88/><F116/><W66/><G39/><T5/><D70/><U71/><E36/><V10/><F35/><W97/><G30/><T100/><D114/><U110/><E104/><V45/><F11/><W74/><G34/><T105/><D108/><U13/><E112/><V3/><F85/><N who="3" m="48287" /><G58/><T126/><D126/><U23/><E110/><V118/><F118/><W53/><G53/><T101/><D101/><U64/><E29/><V19/><F19/><W89/><G89/><N who="2" m="34377" /><F10/><W69/><G66/><T121/><D121/><U92/><E51/><V90/><N who="2" m="34385" /><V18/><DORA hai="122" /><F18/><W123/><G69/><T41/><D135/><N who="2" m="51786" /><F6/><W96/><G123/><T55/><REACH who="0" step="1"/><D83/><REACH who="0" ten="237,357,47,349" step="2"/><U32/><E92/><V125/><F125/><W134/><G134/><T93/><D93/><U98/><E95/><V86/><F86/><W67/><G103/><T24/><D24/><U127/><E127/><V26/><F26/><W48/><G74/><T59/><D59/><U117/><E75/><V43/><F43/><AGARI ba="0,1" hai="5,8,15,17,22,25,41,43,50,55,57,99,100,105" machi="43" ten="40,2600,0" yaku="1,1,52,1,53,0" doraHai="54,122" doraHaiUra="119,115" who="0" fromWho="2" sc="237,36,357,0,47,-26,349,0" /><INIT seed="3,0,0,4,1,72" ten="273,357,21,349" oya="3" hai0="33,21,54,123,5,20,48,108,42,76,104,39,57" hai1="64,17,6,118,84,45,63,94,129,38,105,62,116" hai2="41,95,29,2,121,37,31,89,40,26,69,59,19" hai3="86,56,52,122,15,24,75,4,91,28,124,9,135"/><W73/><G122/><T36/><D33/><U49/><E105/><V32/><F121/><W68/><G68/><T83/><D104/><U109/><E38/><V13/><F69/><W22/><G135/><T35/><D35/><U134/><E134/><V113/><F113/><W79/><G124/><T97/><D123/><U71/><E109/><V101/><F101/><W12/><G79/><T98/><D108/><U128/><E6/><V96/><F31/><W119/><G15/><T7/><D7/><U60/><E17/><V78/><F78/><W99/><G99/><T1/><D5/><U90/><E63/><V77/><F77/><W130/><G130/><N who="1" m="50282" /><E62/><V43/><F37/><W8/><G8/><T50/><D1/><U93/><E94/><V110/><F110/><W117/><G73/><T103/><D98/><U102/><E102/><V125/><F125/><W133/><G75/><T81/><D81/><U74/><E74/><V85/><F2/><W11/><G11/><T58/><D39/><U27/><E27/><V107/><F59/><W18/><G133/><T47/><D36/><U126/><E126/><V127/><F127/><W34/><G34/><T132/><D132/><U53/><AGARI ba="0,0" hai="45,49,53,60,64,71,84,90,93,116,118" m="50282" machi="53" ten="30,1100,0" yaku="19,1" doraHai="72" who="1" fromWho="1" sc="273,-3,357,11,21,-3,349,-5" owari="270,-13.0,368,47.0,18,-48.0,344,14.0" /></mjloggm>