<mjloggm ver="2.3"><GO type="97" lobby="0"/><UN n0="%69%6B%65%70%61%6B%69%32" n1="%E5%B0%B1%E6%B4%BB%E7%94%9F%40%E5%B7%9D%E6%9D%91%E8%BB%8D%E5%9B%A3" n2="%E5%B7%9D%E6%9D%91%E8%BB%8D%E5%9B%A3%E8%BB%8D%E6%9D%91%E5%B7%9D" n3="%E3%81%8D%E3%81%95%E3%81%BE" dan="15,14,15,13" rate="2029.80,1992.41,2009.37,1831.54" sx="M,M,F,M"/><TAIKYOKU oya="0"/><INIT seed="0,0,0,2,4,28" ten="250,250,250,250" oya="0" hai0="12,109,42,54,13,121,75,131,85,7,65,11,43" hai1="18,48,84,61,87,72,29,35,66,83,81,63,106" hai2="111,118,94,128,127,69,24,103,78,70,67,9,95" hai3="93,116,97,102,1,62,107,101,79,26,55,129,0"/><T44/><D75/><U108/><E106/><V23/><F78/><W10/><G116/><T126/><D121/><U100/><E72/><V123/><F123/><W114/><G114/><T77/><D131/><U2/><E2/><V31/><F128/><W33/><G129/><T53/><D126/><U49/><E100/><V52/><F127/><W14/><G79/><T37/><D65/><U17/><E29/><V76/><F76/><W50/><G62/><T91/><D77/><U40/><E108/><V8/><F118/><W3/><G102/><T104/><D104/><U6/><E6/><V133/><F133/><W86/><G86/><T51/><D109/><U68/><E40/><V19/><F111/><W38/><G38/><T58/><D37/><U64/><REACH who="1" step="1"/><E68/><REACH who="1" ten="250,240,250,250" step="2"/><V122/><F103/><W20/><G107/><T15/><D43/><U98/><E98/><V115/><F115/><W45/><G0/><T56/><D42/><U89/><E89/><V90/><F122/><W132/><G132/><T16/><D7/><U73/><E73/><V80/><F70/><W125/><G125/><T74/><D74/><U130/><E130/><V105/><F69/><W30/><G1/><T4/><D4/><U82/><E82/><V25/><F105/><W124/><G124/><T32/><D32/><AGARI ba="0,1" hai="17,18,32,35,48,49,61,63,64,66,81,83,84,87" machi="32" ten="25,12000,2" yaku="1,1,22,2,52,2,53,2" doraHai="28" doraHaiUra="59" who="1" fromWho="0" sc="250,-120,240,130,250,0,250,0" /><INIT seed="1,0,0,5,5,106" ten="130,370,250,250" oya="1" hai0="80,75,10,86,53,95,110,41,89,92,96,109,123" hai1="56,17,103,7,16,105,30,102,94,118,69,128,98" hai2="47,49,11,4,3,55,111,13,99,77,40,131,122" hai3="25,125,70,64,73,100,107,24,43,79,66,29,101"/><U14/><E118/><V50/><F122/><W1/><G43/><T76/><D41/><U60/><E69/><V32/><F111/><N who="0" m="42506" /><D53/><U31/><E128/><V132/><F132/><W81/><G125/><T82/><D10/><N who="1" m="4447" /><E103/><V19/><F131/><W119/><G119/><T48/><D48/><U42/><E105/><V35/><F99/><N who="3" m="61855" /><G101/><N who="0" m="60551" /><D82/><U27/><E42/><V63/><F77/><W22/><G22/><T62/><D62/><U83/><E83/><V51/><F63/><N who="3" m="40223" /><G66/><T129/><D129/><U54/><E27/><V34/><REACH who="2" step="1"/><F55/><REACH who="2" ten="130,370,240,250" step="2"/><W37/><G25/><T130/><D130/><U133/><E133/><V88/><F88/><W5/><G24/><T39/><D39/><U72/><E72/><V26/><F26/><W61/><G61/><T90/><D90/><U36/><E36/><V126/><F126/><W114/><G29/><AGARI ba="0,1" hai="16,17,29,30,31,54,56,60,94,98,102" m="4447" machi="29" ten="30,2900,0" yaku="8,1,54,1" doraHai="106" who="1" fromWho="3" sc="130,0,370,39,240,0,250,-29" /><INIT seed="1,1,0,3,2,102" ten="130,409,240,221" oya="1" hai0="83,90,96,4,15,99,74,25,55,50,79,3,77" hai1="56,51,10,117,16,54,80,129,0,122,38,70,135" hai2="34,13,48,133,108,120,131,19,104,84,97,37,76" hai3="118,127,14,132,62,11,8,95,114,113,47,1,125"/><U17/><E117/><V68/><F97/><W71/><G47/><T18/><D3/><U2/><E70/><V63/><F84/><W39/><G39/><T49/><D49/><U119/><E38/><V88/><F76/><W23/><G95/><T31/><D4/><U33/><E33/><V28/><F88/><W110/><G62/><T41/><D41/><U121/><E119/><V58/><F48/><W9/><G71/><T111/><D111/><U32/><E32/><V57/><F63/><W89/><G89/><T75/><D75/><U6/><E0/><V60/><F60/><W103/><G103/><T91/><D79/><U92/><E129/><V29/><F58/><W115/><G118/><T22/><D99/><U123/><E135/><V7/><F57/><W26/><G110/><T106/><D106/><U109/><E109/><V85/><F85/><W42/><G42/><T64/><D64/><U44/><E92/><V69/><F7/><N who="3" m="3359" /><G1/><T98/><D98/><U40/><E80/><V45/><F104/><W107/><G107/><T21/><REACH who="0" step="1"/><D96/><REACH who="0" ten="120,409,240,221" step="2"/><U128/><E128/><V130/><F108/><W73/><G73/><T52/><D52/><U78/><E78/><V24/><F131/><W5/><G5/><T59/><AGARI ba="1,1" hai="15,18,21,22,25,31,50,55,59,74,77,83,90,91" machi="59" ten="20,5200,0" yaku="1,1,0,1,7,1,53,1" doraHai="102" doraHaiUra="27" who="0" fromWho="0" sc="120,65,409,-27,240,-14,221,-14" /><INIT seed="2,0,0,2,3,85" ten="185,382,226,207" oya="2" hai0="108,120,17,41,96,39,97,53,34,12,42,37,68" hai1="51,44,57,67,62,122,0,63,73,48,25,43,105" hai2="100,102,54,28,109,24,104,65,82,74,40,20,9" hai3="127,70,90,31,64,52,129,95,2,19,4,80,33"/><V135/><F135/><W113/><G113/><T18/><D34/><U117/><E0/><V45/><F109/><W14/><G127/><T26/><D68/><U55/><E105/><V71/><F104/><W66/><G129/><T29/><D108/><U10/><E73/><V94/><F9/><N who="3" m="2199" /><G70/><T92/><D53/><N who="1" m="31911" /><E25/><V78/><F94/><W116/><G80/><T112/><D112/><U130/><E10/><V81/><F54/><W87/><G52/><T124/><D124/><U133/><E133/><V56/><F56/><W98/><G98/><T60/><D60/><N who="1" m="23083" /><E130/><V88/><F65/><W69/><G116/><T101/><D120/><U76/><E76/><V72/><F71/><W49/><G49/><T11/><D97/><U107/><E107/><V47/><F47/><W3/><G69/><T30/><D30/><U22/><E122/><V58/><F58/><W5/><G5/><T50/><D18/><U131/><E117/><V1/><F1/><W103/><G103/><T15/><D15/><U32/><E67/><V119/><F119/><W38/><G38/><T6/><D6/><U27/><E131/><V111/><F111/><W77/><G77/><T16/><D17/><N who="1" m="12751" /><E32/><V123/><F123/><W8/><G3/><T128/><D128/><U99/><E99/><V134/><F134/><W114/><G114/><T106/><D106/><U89/><E43/><N who="0" m="16393" /><D50/><U75/><E75/><V132/><F132/><W86/><G64/><T21/><D39/><U35/><E35/><V36/><REACH who="2" step="1"/><F74/><REACH who="2" ten="185,382,216,207" step="2"/><W110/><G110/><T121/><D121/><U59/><E44/><V118/><F118/><RYUUKYOKU ba="0,1" sc="185,10,382,10,216,10,207,-30" hai0="11,12,16,21,26,29,37,92,96,101" hai1="51,55,59,89" hai2="20,24,28,36,40,45,72,78,81,82,88,100,102" /><INIT seed="2,1,1,2,2,85" ten="195,392,226,177" oya="2" hai0="25,99,112,76,108,28,49,75,90,77,42,17,65" hai1="13,20,130,102,38,4,110,18,6,29,45,9,84" hai2="107,128,71,56,127,43,41,62,61,83,113,23,97" hai3="123,67,131,111,121,66,73,119,24,53,59,78,0"/><V33/><F33/><W36/><G0/><T48/><D108/><U21/><E110/><V30/><F113/><W86/><G111/><T27/><D112/><U96/><E130/><V133/><F128/><W126/><G119/><T39/><D39/><U91/><E38/><V50/><F133/><W88/><G131/><T55/><D65/><U134/><E134/><V100/><F127/><W7/><G126/><T54/><D75/><U132/><E45/><V19/><F30/><W93/><G36/><T87/><D99/><U47/><E47/><V129/><F129/><W120/><G7/><N who="1" m="2602" /><E29/><V57/><F71/><W58/><G24/><N who="0" m="9291" /><D17/><U12/><E132/><V72/><F72/><W70/><G70/><T60/><D28/><U51/><E51/><N who="0" m="19529" /><D42/><U106/><E106/><V82/><F50/><W26/><G26/><T109/><D109/><U114/><E114/><V124/><F124/><W117/><G117/><T74/><D74/><U46/><E46/><V5/><F5/><W15/><G15/><T104/><D104/><U105/><E12/><V14/><F43/><W32/><G32/><T89/><D60/><U118/><E118/><V64/><F41/><W3/><G3/><T69/><D69/><U31/><E31/><V95/><F107/><W8/><G8/><T10/><D10/><U79/><E105/><V40/><F40/><W101/><G101/><T115/><D115/><U63/><E63/><V81/><F81/><N who="3" m="45263" /><G59/><T125/><D125/><U2/><E2/><V16/><F19/><W11/><G11/><T92/><D90/><U52/><E18/><V98/><F98/><RYUUKYOKU ba="1,1" sc="195,10,392,-30,226,10,177,10" hai0="54,55,76,77,87,89,92" hai2="14,16,23,56,57,61,62,64,82,83,95,97,100" hai3="53,58,66,67,86,88,93,120,121,123" /><INIT seed="2,2,1,4,2,101" ten="205,362,236,187" oya="2" hai0="21,92,2,39,34,62,66,64,41,60,33,10,44" hai1="69,112,86,87,55,130,42,106,84,36,14,56,38" hai2="132,68,46,135,18,59,90,93,63,54,122,116,19" hai3="7,49,91,74,37,72,120,27,134,117,80,51,26"/><V96/><F122/><W102/><G117/><T105/><D21/><U129/><E69/><V133/><F116/><W118/><G118/><T113/><D113/><U9/><E106/><V124/><F124/><W121/><G91/><T25/><D105/><U22/><E112/><V111/><F111/><W107/><G7/><T83/><D92/><U57/><E22/><V48/><REACH who="2" step="1"/><F68/><REACH who="2" ten="205,362,226,187" step="2"/><W28/><G121/><T114/><D114/><U85/><E129/><V40/><AGARI ba="2,2" hai="18,19,40,46,48,54,59,63,90,93,96,132,133,135" machi="40" ten="30,12000,1" yaku="1,1,2,1,0,1,20,1,53,1" doraHai="101" doraHaiUra="94" who="2" fromWho="2" sc="205,-42,362,-42,226,146,187,-42" /><INIT seed="2,3,0,2,2,40" ten="163,320,372,145" oya="2" hai0="98,52,1,112,88,115,67,55,95,74,125,100,8" hai1="97,73,77,70,78,7,56,22,101,62,113,32,84" hai2="72,19,36,79,89,42,114,15,91,16,71,23,92" hai3="124,12,60,116,38,30,117,75,129,4,39,69,64"/><V80/><F71/><W111/><G75/><T109/><D74/><U99/><E32/><V105/><F114/><W54/><G129/><T123/><D123/><U20/><E70/><V59/><F105/><W31/><G124/><T58/><D125/><U9/><E113/><V33/><F33/><W48/><G111/><T131/><D109/><U102/><E73/><V87/><F59/><W110/><G110/><T46/><D131/><U107/><E22/><V34/><F34/><W135/><G135/><T44/><D115/><U108/><E20/><V122/><F122/><W17/><G4/><T103/><D112/><U11/><E108/><V120/><F120/><W29/><G116/><T134/><D134/><U3/><E84/><V14/><F89/><W0/><G117/><T61/><D1/><U86/><E86/><V13/><REACH who="2" step="1"/><F19/><REACH who="2" ten="163,320,362,145" step="2"/><W93/><G93/><N who="0" m="56615" /><D103/><U90/><E90/><V28/><F28/><W128/><G128/><T21/><D100/><U41/><E56/><V6/><F6/><W119/><G119/><T133/><D133/><U127/><E127/><V63/><F63/><W53/><G0/><T24/><D95/><U49/><E62/><V81/><F81/><W96/><G96/><T132/><D132/><U94/><E7/><V104/><F104/><W25/><G25/><T47/><D8/><U130/><E3/><V118/><F118/><W85/><G85/><T43/><D43/><U45/><E130/><V35/><F35/><W27/><G27/><T76/><D76/><N who="1" m="29291" /><E11/><V2/><F2/><W68/><G68/><T126/><D126/><U50/><E9/><RYUUKYOKU ba="3,1" sc="163,10,320,10,362,10,145,-30" hai0="21,24,44,46,47,52,55,58,61,67" hai1="41,45,49,50,94,97,99,101,102,107" hai2="13,14,15,16,23,36,42,72,79,80,87,91,92" /><INIT seed="2,4,1,0,4,108" ten="173,330,372,115" oya="2" hai0="63,41,19,120,105,42,59,80,78,123,53,23,3" hai1="102,33,40,74,84,48,6,7,130,124,38,58,28" hai2="18,12,83,89,100,30,39,85,29,72,117,121,75" hai3="119,116,45,126,98,82,94,11,47,15,87,51,60"/><V79/><F39/><W25/><G126/><T127/><D105/><U113/><E74/><V118/><F121/><W49/><G60/><T52/><D3/><U1/><E124/><V101/><F75/><W77/><G25/><T103/><D127/><U96/><E38/><V20/><F30/><W43/><G119/><T35/><D35/><U112/><E130/><V21/><F29/><W71/><G71/><T129/><D129/><U135/><E135/><V4/><F20/><W10/><G116/><T132/><D132/><U16/><E84/><V131/><F4/><W57/><G57/><T9/><D103/><U67/><E16/><V32/><F32/><W14/><G14/><T22/><D123/><U65/><E28/><V86/><F131/><W73/><G73/><T104/><D104/><U91/><E33/><V115/><F115/><W64/><G64/><T93/><D120/><U54/><E40/><N who="0" m="15465" /><D93/><U125/><E125/><V122/><F122/><W92/><G98/><T36/><D36/><U66/><E91/><V31/><F31/><W90/><G90/><T114/><D114/><U97/><E97/><V13/><F12/><W70/><G70/><T55/><D9/><N who="3" m="3081" /><G15/><N who="0" m="9599" /><D23/><U88/><E1/><V81/><F72/><W56/><G56/><T5/><D5/><N who="1" m="1547" /><E102/><V61/><F61/><W0/><G0/><T95/><D95/><N who="1" m="56423" /><E113/><V69/><F69/><W111/><G111/><T37/><D37/><U128/><E128/><V44/><F44/><W62/><G62/><T110/><D110/><U50/><E112/><V107/><F107/><W106/><G106/><T46/><D46/><RYUUKYOKU ba="4,1" sc="173,0,330,0,372,0,115,0" hai0="52,53,55,59,63,78,80" hai1="48,50,54,58,65,66,67" hai2="13,18,21,79,81,83,85,86,89,100,101,117,118" hai3="43,45,47,49,51,77,82,87,92,94" /><INIT seed="2,5,1,1,5,53" ten="173,330,372,115" oya="2" hai0="13,94,52,75,16,6,134,21,89,104,126,63,80" hai1="130,78,27,99,98,40,64,46,109,123,117,133,34" hai2="24,48,50,131,38,56,44,85,47,107,103,124,106" hai3="33,67,4,19,127,77,7,37,41,129,14,70,92"/><V118/><F118/><W132/><G33/><T100/><D126/><U91/><E117/><V69/><F69/><W22/><G127/><T51/><D134/><U59/><E123/><V42/><F131/><W62/><G132/><T2/><D104/><U125/><E125/><V119/><F119/><W113/><G129/><T15/><D100/><U8/><E78/><V66/><F124/><W82/><G113/><T114/><D114/><U3/><E109/><V95/><F24/><W71/><G71/><T29/><D2/><U76/><E76/><V79/><F38/><W122/><G122/><T128/><D128/><U1/><E130/><V115/><F115/><W32/><G32/><T65/><D80/><U120/><E120/><V68/><F68/><W23/><G41/><T87/><D75/><U90/><E133/><V81/><F106/><W101/><G37/><T60/><D29/><U20/><E34/><V121/><F107/><W83/><G83/><T88/><D89/><N who="1" m="33803" /><E8/><V11/><F121/><W39/><G39/><T116/><D65/><U5/><E5/><V93/><F11/><W45/><G45/><N who="0" m="27759" /><D116/><U55/><E3/><V112/><F112/><W36/><G36/><T57/><D57/><U31/><E1/><V84/><F103/><W74/><REACH who="3" step="1"/><G23/><REACH who="3" ten="173,330,372,105" step="2"/><T12/><D6/><U135/><E135/><V108/><F108/><W49/><G49/><T10/><D10/><U17/><E46/><V86/><F81/><W105/><G105/><T25/><AGARI ba="5,2" hai="12,13,15,16,21,25,60,63,87,88,94" m="27759" machi="25" ten="30,7900,0" yaku="8,1,54,3" doraHai="53" who="0" fromWho="0" sc="173,114,330,-25,372,-44,105,-25" /><INIT seed="3,0,0,2,3,128" ten="287,305,328,80" oya="3" hai0="31,79,69,44,9,117,92,83,51,93,134,127,11" hai1="106,85,113,63,4,7,71,62,42,16,122,68,34" hai2="72,70,57,67,1,133,125,95,99,94,49,50,114" hai3="2,129,74,124,78,86,126,81,64,130,6,12,48"/><W107/><G64/><T61/><D117/><U98/><E113/><V13/><F1/><W119/><G2/><T118/><D118/><U104/><E34/><V102/><F72/><W25/><G25/><T17/><D127/><N who="3" m="48681" /><G48/><T96/><D134/><U116/><E116/><V135/><F125/><W43/><G43/><T88/><D31/><U40/><E85/><V58/><F114/><W90/><G12/><T15/><D93/><U36/><E98/><V108/><F108/><W52/><G6/><T41/><D69/><U112/><E112/><V89/><F13/><W109/><G119/><T100/><D61/><U38/><E122/><V123/><F123/><W10/><G10/><T115/><D115/><U55/><E55/><V19/><F19/><AGARI ba="0,0" hai="4,7,16,19,36,38,40,42,62,63,68,71,104,106" machi="19" ten="25,3200,0" yaku="22,2,54,1" doraHai="128" who="1" fromWho="2" sc="287,0,305,32,328,-32,80,0" owari="287,-11.0,337,43.0,296,10.0,80,-42.0" /></mjloggm>