<mjloggm ver="2.3"><GO type="225" lobby="0"/><UN n0="%E3%83%89%E3%83%A9%E3%83%AD%E3%83%B3%E3%83%80%E3%82%A4%E3%83%B4" n1="%28%EF%BC%BE%CF%89%EF%BC%BE%29%E3%81%8A%E3%81%89%E3%82%93" n2="%E3%83%88%E3%83%88%E3%83%AA%E5%85%88%E7%94%9F%31%39%E6%AD%B3" n3="%E3%81%A1%E3%83%BC%E3%81%A6%E3%82%93" dan="17,16,16,17" rate="2148.60,2116.38,2144.65,2112.38" sx="M,F,F,M"/><TAIKYOKU oya="0"/><INIT seed="0,0,0,0,0,3" ten="250,250,250,250" oya="0" hai0="126,47,40,103,83,91,106,6,81,35,30,111,9" hai1="74,56,67,36,54,58,33,77,134,130,135,121,118" hai2="19,21,85,80,101,7,55,15,66,37,63,109,14" hai3="57,95,65,48,64,75,24,51,20,89,129,29,23"/><T93/><D126/><U50/><E33/><V61/><F37/><W82/><G129/><T62/><D111/><U98/><E121/><V60/><F109/><W107/><G107/><T84/><D62/><N who="1" m="38359" /><E118/><V79/><F101/><W105/><G105/><T0/><D30/><U96/><E130/><V22/><F55/><N who="3" m="31975" /><G82/><T38/><REACH who="0" step="1"/><D35/><REACH who="0" ten="240,250,250,250" step="2"/><U76/><E36/><V123/><F123/><W53/><G29/><T88/><D88/><U69/><E76/><V71/><F22/><W122/><G23/><T116/><D116/><U90/><E90/><V11/><AGARI ba="0,1" hai="7,11,14,15,19,21,60,61,63,66,71,79,80,85" machi="11" ten="30,2000,0" yaku="0,1,52,1" doraHai="3" who="2" fromWho="2" sc="240,-10,250,-5,250,30,250,-5" /><INIT seed="1,0,0,5,0,68" ten="230,245,280,245" oya="1" hai0="47,66,9,23,38,76,134,30,46,53,109,42,115" hai1="28,57,95,108,98,35,113,63,130,106,117,24,40" hai2="29,48,72,86,31,37,120,127,60,88,21,20,61" hai3="124,85,103,25,67,17,27,121,51,19,2,81,71"/><U1/><E117/><V70/><F120/><W84/><G121/><T116/><D116/><U93/><E113/><V26/><F72/><W135/><G2/><T102/><D115/><U94/><E1/><V12/><F37/><W69/><G135/><T33/><D33/><U59/><E130/><V7/><F127/><W126/><G103/><T52/><D109/><U107/><E108/><V32/><F32/><W100/><G100/><T105/><D134/><U118/><E118/><V77/><F77/><W22/><G51/><T44/><D66/><U111/><E111/><V55/><F70/><W97/><G97/><T83/><D102/><U36/><E98/><V87/><F87/><W80/><G22/><T73/><D105/><U34/><E34/><V101/><F101/><W18/><G18/><T16/><D30/><U119/><E59/><N who="2" m="33255" /><F7/><W4/><G4/><T123/><D9/><U58/><E58/><V6/><F6/><W43/><G43/><T132/><D132/><U104/><E119/><V10/><F10/><W3/><G3/><T75/><D75/><U50/><E36/><V15/><F15/><W78/><G78/><T65/><D65/><AGARI ba="0,0" hai="17,19,25,27,65,67,69,71,80,81,84,85,124,126" machi="65" ten="25,1600,0" yaku="22,2" doraHai="68" who="3" fromWho="0" sc="230,-16,245,0,280,0,245,16" /><INIT seed="2,0,0,2,2,124" ten="214,245,280,261" oya="2" hai0="85,84,16,111,2,95,100,126,10,97,38,8,24" hai1="61,14,83,37,49,73,1,15,82,13,44,45,72" hai2="53,7,55,58,35,17,59,120,21,102,109,6,130" hai3="60,39,90,52,31,3,114,115,69,63,74,91,57"/><V76/><F120/><W41/><G3/><T33/><D38/><U48/><E37/><V26/><F109/><W64/><G74/><T54/><D111/><U30/><E30/><V89/><F130/><W75/><G75/><T128/><D126/><U71/><E1/><V134/><F134/><W123/><G31/><T40/><D128/><U132/><E132/><V135/><F135/><W103/><G103/><T78/><D40/><U19/><E72/><V88/><F35/><W65/><G123/><T46/><D33/><U101/><E101/><V0/><F76/><W105/><G105/><T81/><D2/><U29/><E29/><V70/><F70/><N who="3" m="42247" /><G90/><N who="2" m="34921" /><F0/><W68/><G91/><T106/><D85/><U116/><E116/><V32/><F102/><W98/><G98/><T47/><D106/><U5/><E5/><N who="2" m="1547" /><F32/><W131/><G131/><T11/><REACH who="0" step="1"/><D54/><AGARI ba="0,0" hai="17,21,26,53,54,55,58,59" m="1547,34921" machi="54" ten="30,2900,0" yaku="8,1,54,1" doraHai="124" who="2" fromWho="0" sc="214,-29,245,0,280,29,261,0" /><INIT seed="2,1,0,1,5,97" ten="185,245,309,261" oya="2" hai0="45,131,39,60,22,63,107,123,32,77,121,8,117" hai1="116,26,87,75,0,118,112,7,9,13,71,44,85" hai2="133,50,104,132,90,110,80,37,98,12,40,66,43" hai3="89,99,11,48,58,55,129,126,18,3,69,125,20"/><V100/><F37/><W130/><G69/><T5/><D117/><U81/><E71/><V65/><F110/><W14/><G89/><T59/><D32/><U10/><E112/><V135/><F12/><W24/><G99/><T19/><D107/><U128/><E128/><N who="3" m="49258" /><G3/><T56/><D131/><U34/><E75/><V36/><F36/><W15/><G15/><T76/><D123/><U105/><E105/><V109/><F109/><W124/><G124/><T101/><D121/><U1/><E44/><N who="2" m="25863" /><F43/><W53/><G53/><T62/><D101/><U35/><E81/><V68/><F68/><W30/><AGARI ba="1,0" hai="11,14,18,20,24,30,48,55,58,125,126" m="49258" machi="30" ten="30,1100,0" yaku="19,1" doraHai="97" who="3" fromWho="3" sc="185,-4,245,-4,309,-6,261,14" /><INIT seed="3,0,0,2,5,73" ten="181,241,303,275" oya="3" hai0="112,106,23,128,19,14,103,45,29,64,15,52,65" hai1="99,40,86,49,110,9,30,59,124,102,25,48,122" hai2="38,37,109,95,121,35,56,113,55,26,77,90,85" hai3="50,60,114,63,18,70,111,11,44,87,6,16,125"/><W4/><G114/><T101/><D112/><U126/><E122/><V72/><F113/><W32/><G32/><T82/><D128/><U51/><E110/><V57/><F109/><W54/><G111/><T67/><D29/><U28/><E40/><V42/><F57/><W116/><G116/><T92/><D106/><U58/><E9/><V20/><F35/><W10/><G125/><N who="1" m="48234" /><E86/><V132/><F132/><W5/><G87/><T129/><D129/><U34/><E28/><V93/><F121/><W71/><G71/><T66/><N who="0" m="16384" /><DORA hai="89" /><T96/><D82/><U84/><E84/><V31/><F42/><W17/><G70/><T131/><D131/><U120/><E120/><V2/><F2/><W80/><G80/><T108/><D108/><U83/><E83/><V22/><F72/><W53/><G53/><T39/><D39/><U36/><E36/><V24/><F95/><AGARI ba="0,0" hai="25,30,34,48,49,51,58,59,95,99,102" m="48234" machi="95" ten="30,2000,0" yaku="18,1,52,1" doraHai="73,89" who="1" fromWho="2" sc="181,0,241,20,303,-20,275,0" /><INIT seed="4,0,0,4,2,1" ten="181,261,283,275" oya="0" hai0="101,70,112,88,60,43,49,110,63,57,29,7,111" hai1="135,5,65,96,117,48,131,92,40,106,61,66,100" hai2="44,37,123,10,73,102,81,26,58,41,50,13,52" hai3="118,23,72,74,124,105,47,0,71,121,133,126,45"/><T38/><D38/><U25/><E117/><V34/><F123/><W21/><G118/><T97/><D112/><U62/><E131/><V104/><F104/><W15/><G133/><T27/><D70/><U116/><E116/><V20/><F34/><W35/><G0/><T14/><D88/><U125/><E125/><V128/><F128/><W46/><G35/><T86/><D86/><U51/><E135/><V107/><F107/><W76/><G105/><T108/><D14/><U53/><E40/><V79/><F102/><W84/><G71/><T115/><D115/><U130/><E130/><V67/><F67/><W77/><G15/><T78/><D78/><N who="3" m="30313" /><G84/><T90/><D90/><U8/><E25/><V69/><F69/><W17/><G17/><T28/><D7/><U85/><E85/><V16/><REACH who="2" step="1"/><F26/><REACH who="2" ten="181,261,273,275" step="2"/><W55/><G121/><T103/><D29/><U89/><E106/><V122/><F122/><W91/><G124/><T32/><D101/><U68/><E100/><V94/><F94/><W95/><G126/><T22/><D22/><BYE who="0" /><AGARI ba="0,1" hai="10,13,16,20,22,37,41,44,50,52,58,73,79,81" machi="22" ten="40,5200,0" yaku="1,1,54,2,53,0" doraHai="1" doraHaiUra="24" who="2" fromWho="0" sc="181,-52,261,0,273,62,275,0" owari="129,-37.0,261,-14.0,335,43.0,275,8.0" /></mjloggm>