<mjloggm ver="2.3"><GO type="97" lobby="0"/><UN n0="%E3%81%AE%E3%81%AE%E3%81%AE%E3%82%80%E3%82%89" n1="%E5%A9%9A%E6%B4%BB%E7%94%9F%40%E5%B7%9D%E6%9D%91%E8%BB%8D%E5%9B%A3" n2="%EF%BC%95%E6%AE%B5%E6%AD%A2%E3%81%BE%E3%82%8A%28" n3="%E3%83%88%E3%83%88%E3%83%AA%E5%85%88%E7%94%9F%31%39%E6%AD%B3" dan="14,14,15,13" rate="1915.68,1949.52,1932.52,1956.67" sx="M,M,M,F"/><TAIKYOKU oya="0"/><INIT seed="0,0,0,2,0,30" ten="250,250,250,250" oya="0" hai0="32,38,89,102,46,92,53,2,131,16,109,33,36" hai1="0,7,125,12,93,59,50,113,29,129,119,135,110" hai2="57,128,73,19,64,52,15,21,79,122,118,132,126" hai3="47,34,83,112,10,74,6,60,28,26,116,77,80"/><T63/><D2/><U9/><E110/><V44/><F122/><W20/><G112/><T35/><D109/><U84/><E129/><V70/><F128/><W71/><G116/><T4/><D131/><U81/><E135/><V43/><F118/><W1/><G80/><T91/><D4/><U97/><E125/><V67/><F132/><W51/><G60/><T45/><D16/><U88/><E113/><V96/><F126/><W55/><REACH who="3" step="1"/><G71/><REACH who="3" ten="250,250,250,240" step="2"/><T69/><D69/><U39/><E119/><V72/><F70/><W133/><G133/><T25/><D25/><U98/><E81/><V23/><F73/><W24/><G24/><T76/><D76/><U54/><E39/><V66/><F72/><W82/><G82/><T120/><D120/><U108/><E108/><V101/><F79/><W90/><G90/><T104/><D91/><U37/><E37/><V95/><F23/><AGARI ba="0,1" hai="1,6,10,20,23,26,28,34,47,51,55,74,77,83" machi="23" ten="40,2600,0" yaku="1,1,52,1,53,0" doraHai="30" doraHaiUra="85" who="3" fromWho="2" sc="250,0,250,0,250,-26,240,36" /><INIT seed="1,0,0,3,0,14" ten="250,250,224,276" oya="1" hai0="24,8,23,100,75,81,132,5,113,135,70,107,96" hai1="48,68,124,45,121,59,77,6,102,103,131,95,56" hai2="58,130,125,32,123,93,71,122,86,67,64,38,40" hai3="52,111,80,73,7,22,119,29,127,90,91,10,39"/><U78/><E68/><V74/><F32/><W25/><G119/><T114/><D70/><U55/><E124/><V54/><F74/><W94/><G127/><T43/><D43/><U44/><E131/><V11/><F125/><W16/><G39/><T46/><D46/><N who="1" m="18027" /><E6/><V109/><F40/><W12/><G111/><T4/><D4/><U112/><E112/><V27/><F38/><W19/><G52/><T82/><D82/><U66/><E121/><V61/><F109/><W72/><G72/><T17/><D81/><U47/><E95/><V118/><F118/><W2/><G2/><T35/><D35/><U63/><N who="1" m="18035" /><U18/><DORA hai="99" /><E18/><V33/><F130/><W76/><G91/><T101/><D101/><AGARI ba="0,0" hai="48,55,56,59,63,66,77,78,101,102,103" m="18035" machi="101" ten="30,11600,0" yaku="8,1,52,3" doraHai="14,99" who="1" fromWho="0" sc="250,-116,250,116,224,0,276,0" /><INIT seed="1,1,0,1,4,66" ten="134,366,224,276" oya="1" hai0="71,75,108,89,42,113,81,126,24,63,15,44,53" hai1="5,130,82,1,121,106,41,109,47,88,38,34,35" hai2="30,46,86,51,56,74,26,16,28,8,128,122,120" hai3="123,110,43,52,129,112,6,54,90,33,104,67,96"/><U95/><E106/><V70/><F74/><W32/><G112/><T72/><D113/><U21/><E121/><V69/><F56/><W39/><G123/><T116/><D116/><U131/><E82/><V105/><F105/><W102/><G110/><T80/><D108/><U114/><E114/><V117/><F117/><W19/><G129/><N who="1" m="49162" /><E109/><V125/><F128/><W127/><G127/><T13/><D126/><U12/><E1/><V37/><F37/><W58/><G6/><T107/><D107/><U14/><E21/><V31/><F125/><W98/><G67/><T48/><D75/><U85/><E5/><V22/><F8/><W68/><G68/><T50/><D80/><U91/><E91/><V65/><F86/><W4/><G54/><T45/><D24/><U29/><E29/><V20/><F20/><W62/><G4/><T57/><D72/><U59/><E59/><V76/><F76/><W2/><G2/><T132/><D132/><U134/><E134/><V18/><F31/><W103/><G90/><T10/><D71/><U101/><E101/><V11/><F122/><W17/><G17/><T92/><D81/><U124/><E124/><V115/><F120/><W94/><G19/><T93/><D10/><U77/><E77/><V9/><F115/><W61/><G33/><AGARI ba="1,0" hai="12,14,33,34,35,38,41,47,85,88,95" m="49162" machi="33" ten="30,2900,0" yaku="19,1,54,1" doraHai="66" who="1" fromWho="3" sc="134,0,366,32,224,0,276,-32" /><INIT seed="1,2,0,5,2,135" ten="134,398,224,244" oya="1" hai0="68,27,95,35,47,78,48,31,80,82,89,71,4" hai1="20,88,115,129,70,111,5,57,59,14,61,75,97" hai2="43,69,44,1,122,130,36,19,66,40,34,127,32" hai3="98,17,125,56,116,64,112,8,134,18,114,23,3"/><U102/><E75/><V93/><F122/><W132/><G98/><T49/><D49/><U104/><E70/><V65/><F1/><W90/><G90/><T79/><D79/><U54/><E111/><V9/><F130/><W100/><G100/><T67/><D82/><U74/><E74/><V51/><F127/><W7/><G56/><T113/><D113/><N who="3" m="43625" /><G64/><T123/><D67/><U42/><E42/><V50/><F36/><W21/><G116/><T117/><D123/><U76/><E76/><V101/><F101/><W83/><G83/><T92/><D92/><U106/><E106/><V63/><F93/><W38/><G38/><T60/><D60/><U85/><E129/><V10/><F63/><W94/><G94/><T72/><D117/><U84/><E84/><V118/><F69/><W28/><G28/><T26/><D4/><U105/><E105/><V108/><F108/><W33/><G33/><T86/><REACH who="0" step="1"/><D26/><REACH who="0" ten="124,398,224,244" step="2"/><U131/><E131/><V52/><F118/><W55/><G7/><T53/><AGARI ba="2,1" hai="27,31,35,47,48,53,68,71,72,78,80,86,89,95" machi="53" ten="20,8000,1" yaku="1,1,2,1,0,1,7,1,53,1" doraHai="135" doraHaiUra="77" who="0" fromWho="0" sc="124,96,398,-42,224,-22,244,-22" /><INIT seed="2,0,0,3,3,106" ten="220,356,202,222" oya="2" hai0="92,40,45,134,4,58,104,0,95,76,123,116,74" hai1="21,110,69,31,112,41,122,47,32,46,130,101,90" hai2="5,133,126,94,70,82,120,52,39,9,3,17,25" hai3="100,6,118,50,26,125,28,63,81,111,54,19,48"/><V44/><F120/><W34/><G118/><T38/><D123/><U99/><E110/><V87/><F70/><W20/><G111/><T80/><D104/><U53/><E32/><V14/><F126/><W124/><G100/><T42/><D116/><U83/><E69/><V109/><F109/><W8/><G63/><T59/><D42/><U131/><E112/><V12/><F133/><W13/><G81/><T33/><D33/><U37/><E90/><V29/><F94/><N who="0" m="35882" /><D134/><U113/><E113/><V91/><F17/><W36/><G36/><T135/><D135/><U96/><E96/><V66/><F66/><W121/><G121/><T27/><D27/><N who="1" m="16879" /><E83/><V51/><REACH who="2" step="1"/><F39/><REACH who="2" ten="220,356,192,222" step="2"/><W16/><G19/><T114/><D114/><U65/><E37/><V64/><F64/><W84/><G124/><T88/><D88/><U127/><E65/><V102/><F102/><W55/><G125/><T79/><D76/><U86/><E127/><V7/><F7/><W129/><G6/><T128/><D128/><U67/><E122/><V23/><AGARI ba="0,1" hai="3,5,9,12,14,23,25,29,44,51,52,82,87,91" machi="23" ten="20,7800,0" yaku="1,1,0,1,7,1,54,1,53,0" doraHai="106" doraHaiUra="107" who="2" fromWho="2" sc="220,-26,356,-26,192,88,222,-26" /><INIT seed="2,1,0,2,4,76" ten="194,330,280,196" oya="2" hai0="30,96,128,54,106,1,47,72,36,110,33,13,10" hai1="49,105,134,29,24,5,3,12,70,97,14,81,21" hai2="2,108,56,118,11,57,28,115,61,98,91,44,80" hai3="120,48,50,74,35,46,31,26,90,94,89,129,93"/><V109/><F115/><W112/><G120/><T45/><D1/><U132/><E70/><V71/><F118/><W34/><G74/><T77/><D128/><U68/><E68/><V95/><F28/><W51/><G129/><T79/><D79/><U7/><E49/><V20/><F20/><W101/><G112/><T38/><D110/><N who="2" m="42602" /><F2/><W42/><G101/><T4/><D33/><U123/><E123/><V85/><F11/><W8/><G35/><T83/><D30/><U82/><E105/><V40/><F61/><W41/><G8/><T22/><D47/><U121/><E121/><V25/><F25/><W102/><G102/><T73/><D72/><U62/><E62/><V86/><F71/><W63/><G63/><T111/><D111/><U119/><E119/><V6/><F6/><N who="1" m="2057" /><E3/><V135/><F135/><N who="1" m="51753" /><E97/><V52/><F86/><W9/><G42/><T66/><D66/><U16/><E12/><V69/><F69/><W37/><G41/><T114/><D114/><U92/><E92/><V19/><F19/><W88/><G94/><T58/><D106/><U100/><E100/><N who="2" m="60511" /><F40/><N who="3" m="22799" /><G93/><T15/><D96/><U18/><E18/><V122/><F122/><W55/><G31/><T53/><D38/><U84/><E84/><V126/><F85/><W59/><G9/><AGARI ba="1,0" hai="9,14,16,21,24,29,81,82" m="51753,2057" machi="9" ten="30,7700,0" yaku="20,1,52,2,54,1" doraHai="76" who="1" fromWho="3" sc="194,0,330,80,280,0,196,-80" /><INIT seed="3,0,0,5,0,48" ten="194,410,280,116" oya="3" hai0="67,61,64,124,111,86,51,21,28,9,85,100,18" hai1="55,115,97,11,53,54,71,72,12,73,36,83,40" hai2="130,69,120,107,8,125,30,118,108,89,102,0,88" hai3="62,126,79,94,5,57,121,98,33,27,114,1,116"/><W38/><G114/><T17/><D111/><U90/><E71/><V131/><F69/><W103/><G116/><T31/><D124/><U58/><E115/><V74/><F118/><W112/><G112/><T50/><D100/><U7/><E58/><V128/><F108/><W19/><G121/><T43/><D61/><U29/><E29/><V16/><F120/><W6/><G38/><T122/><D122/><U99/><E73/><V46/><F74/><W4/><G126/><T123/><D123/><U25/><E25/><V127/><F30/><W101/><G79/><T78/><D21/><U24/><E24/><V34/><F34/><W76/><G76/><T77/><D9/><U133/><E133/><V87/><F46/><W65/><G33/><T106/><D106/><U39/><E39/><V44/><F44/><W3/><REACH who="3" step="1"/><G103/><REACH who="3" ten="194,410,280,106" step="2"/><T52/><D43/><U14/><E36/><V80/><F127/><W84/><G84/><T68/><D78/><U56/><E40/><V59/><F125/><W96/><G96/><T117/><D77/><U92/><E97/><V105/><F87/><W49/><G49/><T23/><D117/><U41/><E41/><V135/><F102/><W32/><G32/><T13/><D85/><N who="1" m="50495" /><E72/><V109/><F131/><W20/><AGARI ba="0,1" hai="1,3,4,5,6,19,20,27,57,62,65,94,98,101" machi="20" ten="30,3000,0" yaku="1,1,0,1,53,0" doraHai="48" doraHaiUra="132" who="3" fromWho="3" sc="194,-10,410,-10,280,-10,106,40" /><INIT seed="3,1,0,4,5,125" ten="184,400,270,146" oya="3" hai0="46,88,117,95,25,112,38,91,72,51,94,118,34" hai1="19,110,56,14,93,73,127,18,6,22,62,28,61" hai2="87,54,33,45,23,1,71,102,24,123,4,82,124" hai3="116,11,8,134,60,121,70,30,17,105,52,0,29"/><W83/><G116/><T13/><D72/><U57/><E73/><V92/><F71/><W7/><G121/><T31/><D38/><U114/><E127/><V86/><F124/><W99/><G134/><T53/><D112/><U68/><E68/><V49/><F33/><W81/><G105/><T103/><D103/><U67/><E110/><V74/><F123/><W130/><G99/><T85/><D13/><U97/><E114/><V15/><F1/><W76/><G130/><T27/><D25/><U43/><E43/><V115/><F115/><W36/><G36/><T26/><D26/><N who="1" m="16471" /><E6/><V119/><F119/><W58/><G70/><T77/><D77/><U131/><E131/><V37/><F37/><W90/><G90/><T48/><D48/><U59/><E14/><V50/><F50/><W21/><G11/><T132/><D132/><U89/><E59/><V84/><F74/><W109/><G109/><T106/><D106/><U35/><E35/><V98/><F4/><W42/><G42/><T129/><D129/><U3/><E3/><V104/><F15/><N who="3" m="9407" /><G76/><T47/><D46/><U69/><E69/><V135/><F104/><W10/><G10/><T63/><D63/><U20/><E20/><V41/><F41/><W16/><G16/><T32/><D32/><U126/><E126/><V122/><F135/><W44/><G44/><T75/><D75/><U39/><E39/><V133/><F133/><W40/><G40/><T66/><D66/><AGARI ba="1,0" hai="18,19,56,57,61,62,66,67,89,93,97" m="16471" machi="66" ten="30,1000,0" yaku="8,1" doraHai="125" who="1" fromWho="0" sc="184,-13,400,13,270,0,146,0" owari="171,-23.0,413,51.0,270,7.0,146,-35.0" /></mjloggm>