<mjloggm ver="2.3"><GO type="97" lobby="0"/><UN n0="%36%E5%8F%B7" n1="%E5%A4%A7%E9%83%BD%E4%BC%9A%E5%B2%A1%E5%B1%B1%E4%BB%A3%E8%A1%A8" n2="%E5%B0%B1%E6%B4%BB%E7%94%9F%40%E5%B7%9D%E6%9D%91%E8%BB%8D%E5%9B%A3" n3="%E5%B7%9D%E6%9D%91%E8%BB%8D%E5%9B%A3%E8%BB%8D%E6%9D%91%E5%B7%9D" dan="15,15,14,14" rate="2047.19,2030.69,1968.17,1942.15" sx="M,M,M,F"/><TAIKYOKU oya="0"/><INIT seed="0,0,0,2,5,46" ten="250,250,250,250" oya="0" hai0="109,29,39,51,112,81,86,53,52,16,48,9,111" hai1="57,123,88,90,118,15,103,75,10,83,104,22,72" hai2="64,41,127,74,69,100,54,62,47,12,108,25,66" hai3="102,120,114,42,115,77,13,95,105,122,124,121,27"/><T55/><D39/><U2/><E2/><V11/><F74/><W96/><G42/><T40/><D112/><N who="3" m="43049" /><G27/><T99/><D99/><U20/><E123/><V129/><F108/><N who="0" m="41546" /><D29/><U97/><E118/><V91/><F100/><W33/><G33/><T35/><D35/><U26/><E57/><V8/><F8/><W85/><G13/><N who="0" m="7215" /><D40/><U0/><E0/><V24/><F66/><W128/><G124/><T32/><D32/><U134/><E26/><V92/><F54/><W94/><G128/><T38/><D38/><U56/><E97/><V60/><F60/><W34/><G34/><T31/><D31/><U126/><E126/><V79/><F79/><AGARI ba="0,0" hai="48,51,52,53,55,79,81,86" m="7215,41546" machi="79" ten="30,18000,2" yaku="14,1,10,1,52,2,54,2" doraHai="46" who="0" fromWho="2" sc="250,180,250,0,250,-180,250,0" /><INIT seed="0,1,0,2,1,97" ten="430,250,70,250" oya="0" hai0="79,47,7,130,108,109,69,61,75,55,14,40,34" hai1="23,101,92,134,17,31,102,110,49,60,68,26,66" hai2="67,42,77,27,105,63,129,59,124,125,16,70,132" hai3="38,99,82,103,106,35,74,98,104,111,118,71,3"/><T32/><D130/><U120/><E120/><V78/><F105/><W119/><G111/><N who="0" m="42571" /><D14/><U73/><E73/><V131/><F42/><W50/><G50/><N who="0" m="26983" /><D7/><U128/><E128/><N who="2" m="49227" /><F70/><W58/><G58/><N who="0" m="35039" /><D69/><U11/><E110/><V87/><F87/><W117/><G71/><T29/><D29/><U65/><E66/><V113/><F113/><W112/><G38/><T86/><D75/><U57/><E68/><V83/><F83/><AGARI ba="1,0" hai="32,34,79,83,86" m="35039,26983,42571" machi="83" ten="30,2900,0" yaku="14,1,10,1" doraHai="97" who="0" fromWho="2" sc="430,32,250,0,70,-32,250,0" /><INIT seed="0,2,0,5,1,1" ten="462,250,38,250" oya="0" hai0="111,37,81,69,44,124,108,103,17,57,18,58,90" hai1="32,5,42,13,60,31,20,28,59,77,49,125,122" hai2="24,38,41,115,104,91,45,120,85,9,127,116,64" hai3="92,33,126,87,52,89,73,36,12,51,83,76,63"/><T11/><D69/><U133/><E122/><V102/><F115/><W10/><G126/><T68/><D68/><U123/><E123/><V82/><F120/><W16/><G33/><T80/><D124/><U113/><E125/><V65/><F116/><W21/><G36/><T86/><D103/><U88/><E113/><V26/><F127/><W61/><REACH who="3" step="1"/><G10/><REACH who="3" ten="462,250,38,240" step="2"/><T106/><D11/><N who="1" m="4335" /><E32/><V132/><F132/><W100/><G100/><T27/><D106/><U118/><E133/><V56/><F102/><W35/><G35/><T66/><D37/><U74/><E118/><V128/><F104/><W84/><G84/><T130/><D130/><U96/><E74/><V43/><F128/><W4/><G4/><T94/><D111/><U29/><E20/><V134/><F134/><W101/><G101/><T75/><D75/><U67/><E77/><V25/><F41/><W110/><G110/><T112/><D108/><U23/><E23/><V129/><F129/><W62/><G62/><T99/><D112/><U48/><E42/><V131/><F131/><W0/><G0/><T7/><D7/><U98/><E98/><V2/><F2/><W78/><G78/><T114/><D114/><U107/><E107/><V72/><F72/><W105/><G105/><T40/><D99/><U109/><E109/><V97/><F97/><W117/><G117/><T121/><D86/><U70/><E96/><V95/><F9/><W71/><G71/><T47/><D121/><U93/><E70/><V46/><F38/><W79/><G79/><T54/><D40/><U8/><E8/><V135/><F43/><RYUUKYOKU ba="2,1" sc="462,-15,250,15,38,-15,240,15" hai1="28,29,31,48,49,59,60,67,88,93" hai3="12,16,21,51,52,61,63,73,76,83,87,89,92" /><INIT seed="1,3,1,4,0,101" ten="447,265,23,255" oya="1" hai0="89,13,124,32,25,2,112,46,47,63,27,110,84" hai1="119,21,123,53,73,94,16,81,69,12,133,76,98" hai2="117,107,57,95,3,70,135,54,15,39,4,78,106" hai3="115,97,52,11,122,91,85,28,9,38,128,103,24"/><U125/><E123/><V93/><F117/><W82/><G122/><T37/><D2/><U59/><E119/><V44/><F3/><W109/><G115/><T43/><D112/><U116/><E116/><V74/><F70/><W30/><G109/><T104/><D110/><U40/><E69/><V90/><F135/><W66/><G128/><T23/><D104/><U14/><E133/><V49/><F74/><W65/><G38/><T102/><D102/><U88/><E125/><V83/><F83/><W99/><G99/><T80/><D124/><U33/><E33/><V68/><F78/><W72/><G72/><T0/><D0/><U22/><E40/><V51/><F68/><W5/><G52/><T19/><D63/><U64/><E64/><V26/><F39/><W96/><G96/><T87/><D32/><U120/><E120/><V86/><F26/><W1/><G11/><T77/><REACH who="0" step="1"/><D47/><REACH who="0" ten="437,265,23,255" step="2"/><U18/><E59/><V36/><F36/><W114/><G114/><T35/><D35/><U34/><E34/><V92/><F106/><W100/><G100/><T41/><D41/><U6/><E53/><V56/><F107/><W31/><REACH who="3" step="1"/><G24/><REACH who="3" ten="437,265,23,245" step="2"/><T55/><D55/><U79/><E79/><V121/><F121/><W130/><G130/><T60/><D60/><U7/><AGARI ba="3,3" hai="6,7,12,14,16,18,21,22,73,76,81,88,94,98" machi="7" ten="30,11700,0" yaku="0,1,9,1,54,2" doraHai="101" who="1" fromWho="1" sc="437,-42,265,156,23,-42,245,-42" owari="395,20.0,421,52.0,-19,-52.0,203,-20.0" /></mjloggm>