<mjloggm ver="2.3"><GO type="169" lobby="0"/><UN n0="%E7%AB%8B%E8%8F%AF%E5%A5%8F" n1="%61%72%65%73%73" n2="%E3%82%A6%E3%83%AB%E3%83%88%E3%83%A9%E7%AB%8B%E7%9B%B4" n3="%E3%82%BF%E3%82%B1%E3%82%AA%E3%81%97%E3%82%83%E3%82%93" dan="17,16,16,17" rate="2227.89,2104.84,2125.26,2216.69" sx="F,M,M,M"/><TAIKYOKU oya="0"/><INIT seed="0,0,0,1,5,59" ten="250,250,250,250" oya="0" hai0="107,90,98,100,102,134,106,77,22,68,130,47,89" hai1="20,66,110,60,27,9,42,7,30,32,109,73,86" hai2="18,65,70,4,115,125,8,41,119,76,72,36,64" hai3="113,129,135,97,92,16,54,84,131,33,116,2,52"/><T87/><D68/><U128/><E73/><V29/><F18/><W35/><G2/><T38/><D38/><U44/><E86/><V74/><F74/><W50/><G116/><T132/><D47/><U53/><E53/><N who="3" m="20586" /><G50/><T81/><D22/><U108/><E128/><N who="3" m="49226" /><G84/><T69/><D69/><N who="1" m="42183" /><E20/><V43/><F70/><W114/><G135/><N who="0" m="51755" /><D130/><U17/><E17/><V14/><F72/><W117/><G117/><T118/><D118/><U126/><E126/><V83/><F125/><W21/><G33/><T6/><D6/><U19/><E19/><V101/><F36/><W94/><G35/><T23/><D23/><U48/><E9/><V133/><F8/><W24/><G92/><T99/><AGARI ba="0,0" hai="77,81,87,89,90,98,99,100,102,106,107" m="51755" machi="99" ten="30,6000,0" yaku="20,1,34,2" doraHai="59" who="0" fromWho="0" sc="250,60,250,-20,250,-20,250,-20" /><INIT seed="0,1,0,3,1,77" ten="310,230,230,230" oya="0" hai0="70,130,76,36,20,81,83,133,47,115,124,51,50" hai1="61,6,120,16,113,129,106,52,23,58,117,14,41" hai2="3,116,15,72,59,92,96,89,85,27,131,94,44" hai3="87,8,66,25,35,40,79,12,112,71,91,43,84"/><T38/><D115/><U123/><E117/><V21/><F3/><W127/><G112/><T10/><D70/><U64/><E113/><V57/><F116/><W54/><G127/><T69/><D69/><U48/><E106/><V107/><F107/><W42/><G71/><T32/><D32/><U105/><E105/><V9/><F72/><W118/><G66/><T31/><D124/><U7/><E41/><V26/><F44/><W125/><G118/><T45/><D130/><U119/><E119/><V135/><F135/><W28/><G125/><T46/><D133/><U122/><REACH who="1" step="1"/><E129/><REACH who="1" ten="310,220,230,230" step="2"/><V65/><F131/><W121/><G121/><T74/><D38/><U0/><E0/><V103/><F65/><W97/><G54/><T108/><D36/><U29/><E29/><N who="2" m="17615" /><F27/><W93/><REACH who="3" step="1"/><G79/><REACH who="3" ten="310,220,230,220" step="2"/><T53/><D76/><U39/><E39/><V90/><F15/><W100/><G100/><T56/><D53/><U37/><E37/><V88/><F103/><W73/><G73/><T126/><D74/><U55/><E55/><V86/><F90/><W82/><G82/><T1/><D126/><U68/><AGARI ba="1,2" hai="6,7,14,16,23,48,52,58,61,64,68,120,122,123" machi="68" ten="30,8000,1" yaku="1,1,0,1,54,2,53,1" doraHai="77" doraHaiUra="67" who="1" fromWho="1" sc="310,-41,220,103,230,-21,220,-21" /><INIT seed="1,0,0,1,1,83" ten="269,323,209,199" oya="1" hai0="80,117,60,84,122,72,5,115,32,107,37,40,29" hai1="118,88,129,48,93,79,30,46,104,61,92,20,124" hai2="128,11,66,112,0,132,33,70,51,96,106,103,99" hai3="68,12,98,31,21,59,52,108,10,74,55,6,64"/><U135/><E118/><V23/><F112/><W18/><G74/><T87/><D115/><U35/><E104/><V75/><F75/><W13/><G108/><T62/><D117/><U77/><E35/><V26/><F128/><W116/><G116/><T58/><D107/><U1/><E1/><V57/><F99/><W100/><G68/><T127/><D127/><U2/><E2/><V69/><F132/><W34/><G34/><T9/><D122/><U22/><E129/><V73/><F73/><W56/><G31/><T16/><D32/><U94/><E124/><V110/><F110/><W53/><REACH who="3" step="1"/><G64/><REACH who="3" ten="269,323,209,189" step="2"/><T119/><D29/><U81/><E30/><V101/><F33/><W91/><G91/><T97/><D119/><U38/><E88/><V126/><F66/><W95/><AGARI ba="0,1" hai="6,10,12,13,18,21,52,53,55,56,59,95,98,100" machi="95" ten="30,8000,1" yaku="1,1,0,1,8,1,54,1,53,1" doraHai="83" doraHaiUra="89" who="3" fromWho="3" sc="269,-20,323,-40,209,-20,189,90" /><INIT seed="2,0,0,3,2,78" ten="249,283,189,279" oya="2" hai0="61,96,111,47,50,5,56,128,59,91,71,101,100" hai1="109,32,127,27,131,33,88,37,55,57,119,80,45" hai2="135,74,117,76,46,52,43,8,35,93,34,63,28" hai3="133,48,11,69,41,83,106,132,4,99,103,18,89"/><V15/><F117/><W105/><G69/><T82/><D111/><U79/><E119/><V114/><F114/><W31/><G31/><T84/><D128/><U20/><E109/><V110/><F110/><W102/><G18/><T81/><D5/><U49/><E131/><V98/><F135/><N who="3" m="51787" /><G41/><T54/><D71/><U65/><E127/><V90/><F28/><W6/><G48/><T123/><D123/><U95/><E65/><V87/><F74/><W44/><G44/><T121/><D121/><U58/><E37/><V7/><F63/><W122/><G6/><T42/><D56/><U77/><E32/><V21/><F21/><W115/><G122/><T25/><D25/><U51/><E33/><V107/><F52/><W104/><G115/><T85/><D96/><N who="1" m="57447" /><E51/><V94/><F107/><W70/><G70/><T3/><D3/><U1/><E1/><V73/><F73/><W113/><G113/><T130/><D130/><U36/><E36/><V108/><F108/><W92/><G11/><T86/><D86/><N who="1" m="48399" /><E79/><AGARI ba="0,0" hai="42,47,50,54,59,61,79,81,82,84,85,91,100,101" machi="79" ten="30,7700,0" yaku="7,1,8,1,52,2" doraHai="78" who="0" fromWho="1" sc="249,77,283,-77,189,0,279,0" /><INIT seed="3,0,0,5,2,67" ten="326,206,189,279" oya="3" hai0="134,35,10,26,17,92,95,83,113,7,127,18,36" hai1="53,70,118,112,119,132,15,82,116,55,62,0,3" hai2="130,123,45,84,73,5,64,104,122,42,87,48,23" hai3="16,33,56,103,57,133,68,21,41,85,110,91,89"/><W22/><G33/><T40/><D127/><U32/><E112/><V44/><F104/><W96/><G133/><T114/><D134/><U63/><E132/><V69/><F73/><W19/><G110/><T77/><D35/><U128/><E32/><V117/><F117/><W29/><G41/><T129/><D129/><U47/><E128/><V11/><F23/><W34/><G34/><T99/><D40/><U108/><E108/><V121/><F45/><W105/><G68/><T135/><D36/><U100/><E100/><V90/><F130/><W60/><G29/><T115/><D135/><U71/><E82/><V43/><F43/><W66/><G56/><T86/><D26/><U88/><E15/><V61/><REACH who="2" step="1"/><F90/><REACH who="2" ten="326,206,179,279" step="2"/><W80/><G22/><T125/><D125/><U101/><E101/><V49/><F49/><W74/><G21/><T24/><D24/><U14/><E47/><V126/><F126/><W9/><G9/><T106/><D106/><U107/><E107/><V97/><F97/><W79/><G89/><N who="0" m="55791" /><D92/><AGARI ba="0,1" hai="16,19,57,60,66,74,79,80,85,91,92,96,103,105" machi="92" ten="30,11600,0" yaku="7,1,24,2,54,1" doraHai="67" who="3" fromWho="0" sc="326,-116,206,0,179,0,279,126" /><INIT seed="3,1,0,4,2,99" ten="210,206,179,405" oya="3" hai0="127,53,52,75,88,101,122,10,114,3,13,69,89" hai1="81,91,47,43,21,67,8,96,109,36,132,49,57" hai2="134,55,30,51,66,20,133,45,68,33,119,83,12" hai3="116,50,65,22,113,37,41,73,95,18,111,105,56"/><W77/><G105/><T82/><D122/><U29/><E109/><V104/><F119/><W25/><G116/><T15/><D127/><U63/><E132/><V102/><F83/><W38/><G113/><T32/><D32/><U118/><E118/><V26/><F20/><W78/><G111/><T70/><D114/><U54/><E8/><V110/><F12/><W93/><G37/><T2/><D10/><U58/><E81/><V71/><F110/><W130/><G38/><T42/><D82/><U120/><E120/><V80/><F80/><W6/><G6/><T0/><D0/><U14/><E14/><V87/><F87/><W11/><G11/><T40/><D75/><U135/><E135/><N who="2" m="51723" /><F66/><W79/><G73/><T44/><D44/><U131/><E131/><V31/><F31/><W90/><G95/><T125/><D125/><U94/><E29/><V5/><F5/><W103/><G130/><T27/><D27/><U46/><E21/><V59/><F45/><W60/><G50/><T64/><D64/><U84/><E84/><V76/><F76/><W126/><G41/><T128/><D128/><U124/><E124/><V108/><F108/><W107/><G126/><T74/><D74/><U61/><E61/><V98/><AGARI ba="1,0" hai="26,30,33,51,55,59,68,71,98,102,104" m="51723" machi="98" ten="30,2000,0" yaku="20,1,52,1" doraHai="99" who="2" fromWho="2" sc="210,-6,206,-6,179,23,405,-11" /><INIT seed="4,0,0,3,4,3" ten="204,200,202,394" oya="0" hai0="71,8,5,95,81,38,18,103,0,128,117,76,35" hai1="77,29,87,86,122,113,96,21,111,66,19,78,6" hai2="11,75,37,129,125,22,48,73,49,28,42,4,20" hai3="101,41,26,52,58,130,135,17,88,9,16,105,104"/><T39/><D117/><U80/><E111/><V65/><F125/><W40/><G130/><T50/><D128/><U63/><E122/><V46/><F129/><W62/><G135/><T114/><D114/><U116/><E116/><V112/><F112/><W34/><G104/><T84/><D71/><U92/><E113/><V43/><F65/><W108/><G108/><T119/><D119/><U91/><E29/><V15/><F28/><W33/><G101/><T98/><D35/><U2/><E2/><V89/><F89/><W134/><G105/><T67/><D67/><U126/><E126/><V127/><F127/><W107/><G107/><T31/><D31/><U94/><E6/><V61/><F61/><W83/><G134/><T85/><D85/><U123/><E123/><V7/><F37/><W120/><G34/><T45/><REACH who="0" step="1"/><D18/><REACH who="0" ten="194,200,202,394" step="2"/><U14/><E87/><V53/><F75/><W24/><G33/><T132/><D132/><U79/><REACH who="1" step="1"/><E94/><REACH who="1" ten="194,190,202,394" step="2"/><V106/><F106/><W74/><G120/><T70/><D70/><AGARI ba="0,2" hai="14,19,21,63,66,70,77,78,79,80,86,91,92,96" machi="70" ten="30,7700,0" yaku="1,1,2,1,7,1,53,1" doraHai="3" doraHaiUra="57" who="1" fromWho="0" sc="194,-77,190,97,202,0,394,0" /><INIT seed="5,0,0,0,1,122" ten="117,287,202,394" oya="1" hai0="121,65,92,2,98,87,26,29,25,58,90,62,125" hai1="86,79,43,77,115,33,17,23,71,54,9,80,99" hai2="85,64,113,19,101,49,68,75,37,110,20,129,60" hai3="42,111,28,109,76,4,81,124,21,11,116,119,104"/><U14/><E71/><V106/><F75/><W36/><G104/><T83/><D125/><U78/><E115/><V56/><F101/><W46/><G124/><T66/><D121/><U108/><E33/><V32/><F106/><W82/><G21/><T35/><D2/><U120/><E120/><V130/><F32/><W73/><G82/><T67/><REACH who="0" step="1"/><D25/><REACH who="0" ten="107,287,202,394" step="2"/><U117/><E117/><N who="3" m="45130" /><G28/><T39/><D39/><U126/><E126/><V10/><F37/><W84/><G73/><T96/><D96/><U31/><E99/><V63/><F113/><W27/><G27/><T135/><D135/><U15/><E15/><AGARI ba="0,1" hai="4,11,15,36,42,46,76,81,84,109,111" m="45130" machi="15" ten="30,3900,0" yaku="12,1,52,2" doraHai="122" who="3" fromWho="1" sc="107,0,287,-39,202,0,394,49" /><INIT seed="6,0,0,5,2,36" ten="107,248,202,443" oya="2" hai0="88,1,95,16,4,32,45,49,27,8,20,58,31" hai1="83,80,100,62,98,113,106,105,85,39,127,101,66" hai2="102,68,48,53,118,67,103,28,121,82,15,79,38" hai3="111,54,19,110,3,43,90,107,24,35,50,112,115"/><V59/><F121/><W17/><G3/><T34/><D58/><U11/><E39/><V128/><F118/><W81/><G107/><N who="1" m="40970" /><E11/><V84/><F128/><W46/><G90/><T37/><D37/><U133/><E62/><V69/><F28/><W87/><G87/><T130/><D130/><U120/><E66/><V114/><F114/><N who="3" m="43563" /><G81/><N who="1" m="31306" /><E113/><V44/><F15/><W42/><G17/><T77/><D77/><U72/><E120/><V94/><F94/><W71/><G71/><T29/><D29/><U26/><E26/><V99/><F99/><W89/><G89/><T57/><D57/><U6/><E6/><V7/><F7/><W119/><G119/><T124/><D124/><U61/><E133/><V63/><F69/><W14/><G24/><T47/><D31/><U10/><E10/><V33/><F33/><W91/><G91/><T134/><D134/><U60/><E72/><V64/><F64/><W55/><G55/><T96/><REACH who="0" step="1"/><D45/><REACH who="0" ten="97,248,202,443" step="2"/><U52/><E127/><V135/><F135/><W93/><G35/><T30/><D30/><U97/><E100/><V75/><F75/><W65/><G46/><T25/><D25/><U70/><E101/><V23/><F103/><W9/><G65/><T104/><D104/><U51/><E70/><V122/><F102/><W132/><G132/><T117/><D117/><U18/><E61/><V73/><F73/><W86/><G111/><T78/><D78/><U126/><E60/><V76/><F76/><W21/><G110/><T13/><D13/><U5/><E126/><V0/><F63/><W129/><G129/><T131/><D131/><RYUUKYOKU ba="0,1" sc="97,30,248,-10,202,-10,443,-10" hai0="1,4,8,16,20,27,32,34,47,49,88,95,96" /><INIT seed="7,1,1,3,2,126" ten="127,238,192,433" oya="3" hai0="76,7,48,77,108,27,70,57,56,114,44,54,36" hai1="127,3,46,20,72,95,97,131,17,80,0,22,124" hai2="38,105,58,112,106,9,87,15,6,2,55,122,11" hai3="110,81,29,88,32,69,60,109,82,85,28,16,37"/><W67/><G37/><T103/><D108/><N who="3" m="41577" /><G32/><T84/><D70/><U65/><E131/><V75/><F75/><W25/><G81/><T74/><D74/><U104/><E104/><V40/><F112/><W51/><G51/><T113/><D7/><U5/><E65/><V83/><F40/><W120/><G120/><T61/><D103/><N who="1" m="60863" /><E46/><V128/><F128/><W134/><G134/><T10/><D10/><N who="1" m="2343" /><E3/><V68/><F68/><W79/><G79/><T18/><D84/><U93/><E93/><V50/><F38/><W86/><G86/><T125/><D125/><N who="1" m="48203" /><E17/><V92/><F92/><W123/><G123/><T133/><D133/><U115/><E115/><N who="0" m="44041" /><D18/><U132/><E132/><V63/><F122/><W8/><G25/><T64/><D27/><U107/><E107/><V118/><F118/><W116/><G116/><T1/><D77/><AGARI ba="1,1" hai="20,22,72,77,80" m="48203,2343,60863" machi="77" ten="30,1000,0" yaku="18,1" doraHai="126" who="1" fromWho="0" sc="127,-13,238,23,192,0,433,0" owari="114,-39.0,261,6.0,192,-21.0,433,54.0" /></mjloggm>