<mjloggm ver="2.3"><GO type="169" lobby="0"/><UN n0="%4A%57%35%35" n1="%E3%82%A6%E3%83%AB%E3%83%88%E3%83%A9%E7%AB%8B%E7%9B%B4" n2="%E3%83%88%E3%83%AD%E4%B9%9D" n3="%E2%98%85%E6%96%B0%E5%9E%A3%E3%81%82%E3%82%84%E3%81%9B%E2%98%85" dan="16,17,16,16" rate="2059.91,2218.99,2040.12,2064.92" sx="M,M,M,F"/><TAIKYOKU oya="0"/><INIT seed="0,0,0,4,1,95" ten="250,250,250,250" oya="0" hai0="11,88,90,56,89,61,4,20,32,41,66,5,60" hai1="58,113,135,52,33,37,42,17,36,93,105,94,6" hai2="9,70,111,108,133,107,14,7,102,130,0,24,21" hai3="65,126,83,80,44,127,45,69,91,134,116,51,30"/><T38/><D32/><U131/><E105/><V28/><F70/><W29/><G116/><T77/><D77/><U121/><E121/><V35/><F133/><W18/><G18/><T57/><D20/><U129/><E6/><V67/><F67/><W40/><G134/><T1/><D5/><U71/><E71/><V92/><F107/><W47/><G69/><T97/><D97/><U72/><E72/><V63/><F63/><W48/><G65/><T109/><D109/><N who="2" m="42058" /><F92/><W76/><G91/><T86/><D41/><U53/><E33/><V99/><F102/><W114/><G114/><T128/><D38/><U78/><E135/><V26/><F99/><W15/><G15/><N who="0" m="5607" /><D128/><U98/><E113/><V59/><F59/><N who="0" m="22602" /><D1/><U2/><E2/><V112/><F112/><W106/><G106/><T104/><D104/><U64/><E42/><V46/><F46/><W120/><G40/><T118/><D118/><U10/><E64/><V117/><F117/><W110/><G45/><T49/><D49/><N who="1" m="30991" /><E53/><V13/><F130/><N who="1" m="49673" /><E78/><V54/><F54/><W27/><G76/><T103/><D66/><U81/><E81/><V75/><F75/><W125/><G110/><T22/><D103/><N who="1" m="60879" /><E94/><V119/><F119/><W84/><G125/><T3/><D3/><U23/><E10/><V43/><F43/><W68/><G68/><T19/><D86/><U82/><E82/><V85/><F85/><W96/><G84/><T31/><D61/><U25/><AGARI ba="0,0" hai="17,23,25,36,37" m="60879,49673,30991" machi="25" ten="30,4000,0" yaku="19,1,52,1,54,1" doraHai="95" who="1" fromWho="1" sc="250,-20,250,40,250,-10,250,-10" /><INIT seed="1,0,0,0,0,45" ten="230,290,240,240" oya="1" hai0="127,93,61,84,3,76,2,8,62,105,15,29,26" hai1="16,33,25,135,53,98,49,111,19,60,108,52,43" hai2="17,64,5,112,56,54,50,23,72,32,91,92,100" hai3="18,0,13,89,132,128,125,71,47,74,83,104,102"/><U134/><E33/><V20/><F112/><W80/><G0/><T51/><D105/><U24/><E98/><V7/><F32/><W115/><G115/><T57/><D127/><U66/><E43/><V73/><F100/><W107/><G71/><T78/><D2/><U41/><E41/><V82/><F64/><W81/><G47/><T39/><D3/><U122/><E122/><V10/><F82/><N who="3" m="31851" /><G13/><T117/><D39/><U90/><E90/><V12/><F23/><W133/><G18/><N who="1" m="6698" /><E53/><V114/><F114/><W37/><G37/><T126/><D126/><U130/><E130/><V6/><REACH who="2" step="1"/><F10/><REACH who="2" ten="230,290,230,240" step="2"/><W31/><G125/><T120/><D8/><U21/><E21/><V129/><F129/><W40/><G128/><T68/><D120/><U119/><E119/><V124/><F124/><W4/><G102/><T1/><D117/><U38/><E24/><V28/><F28/><W94/><G31/><T70/><D29/><U79/><E25/><V96/><AGARI ba="0,1" hai="5,6,7,12,17,20,50,54,56,72,73,91,92,96" machi="96" ten="30,7900,0" yaku="1,1,0,1,52,1,53,1" doraHai="45" doraHaiUra="11" who="2" fromWho="2" sc="230,-20,290,-39,230,89,240,-20" /><INIT seed="2,0,0,3,4,101" ten="210,251,319,220" oya="2" hai0="127,30,124,10,115,31,24,7,109,106,113,107,112" hai1="45,55,120,125,62,1,103,52,35,60,33,85,42" hai2="69,59,26,119,76,46,12,122,132,72,123,100,78" hai3="92,84,17,8,67,50,58,83,34,129,65,70,16"/><V13/><F69/><W81/><G34/><N who="0" m="20807" /><D31/><U114/><E103/><V36/><F119/><W47/><G129/><T133/><D133/><U79/><E1/><V118/><F118/><W48/><G70/><T15/><D109/><U66/><E114/><V74/><F100/><W9/><G92/><T43/><D43/><U82/><E125/><AGARI ba="0,0" hai="7,10,15,106,107,112,113,115,124,125,127" m="20807" machi="125" ten="40,5200,0" yaku="18,1,52,2" doraHai="101" who="0" fromWho="1" sc="210,52,251,-52,319,0,220,0" /><INIT seed="3,0,0,5,1,46" ten="262,199,319,220" oya="3" hai0="3,21,58,93,91,67,103,32,87,26,65,20,60" hai1="106,45,105,28,104,66,55,62,100,102,71,59,0" hai2="17,33,29,119,48,127,134,36,30,25,2,43,128" hai3="73,34,75,77,96,23,5,40,52,41,39,19,24"/><W16/><G34/><T123/><D123/><U83/><E0/><V15/><F119/><W126/><G126/><T11/><D32/><U116/><E116/><V4/><F36/><W107/><G5/><T31/><D21/><U132/><E132/><V110/><F110/><W131/><G131/><T47/><D47/><U114/><E114/><V14/><F48/><W117/><G117/><T121/><D121/><U50/><E28/><N who="2" m="19599" /><F43/><N who="3" m="16459" /><G75/><T69/><D69/><U101/><REACH who="1" step="1"/><E83/><REACH who="1" ten="262,189,319,220" step="2"/><V99/><F134/><W68/><G39/><T76/><D3/><U70/><AGARI ba="0,1" hai="45,50,55,59,62,66,70,71,100,101,102,104,105,106" machi="70" ten="40,8000,1" yaku="1,1,2,1,0,1,52,1,53,0" doraHai="46" doraHaiUra="80" who="1" fromWho="1" sc="262,-20,189,90,319,-20,220,-40" /><INIT seed="4,0,0,4,3,54" ten="242,279,299,180" oya="0" hai0="37,41,11,115,72,28,20,50,120,0,40,8,23" hai1="27,71,88,82,110,34,101,112,80,93,129,24,62" hai2="53,6,125,87,46,57,90,36,109,131,12,116,47" hai3="73,128,95,77,17,3,83,133,123,15,45,35,79"/><T91/><D120/><U119/><E110/><V130/><F109/><W5/><G35/><T99/><D72/><U14/><E119/><V96/><F116/><W100/><G133/><T21/><D37/><U102/><E112/><V29/><F125/><W22/><G128/><N who="2" m="49193" /><F29/><W48/><G123/><T85/><D115/><U70/><E34/><V68/><F68/><W13/><G79/><T75/><D75/><U51/><E71/><V59/><F96/><W122/><G122/><T19/><D99/><U81/><E129/><V132/><F36/><W65/><G65/><T94/><D28/><U60/><E51/><N who="2" m="28927" /><F46/><W32/><G32/><T67/><D67/><U16/><E70/><V117/><F132/><W52/><G3/><T31/><D31/><U84/><E102/><V118/><F118/><W9/><G100/><T63/><D63/><N who="1" m="24107" /><E101/><V89/><F117/><W97/><REACH who="3" step="1"/><G97/><REACH who="3" ten="242,279,299,170" step="2"/><T74/><D0/><U103/><E103/><V4/><F89/><W121/><G121/><T104/><D104/><U25/><E25/><V10/><F4/><W134/><G134/><T61/><D91/><U124/><E124/><V30/><F30/><W92/><AGARI ba="0,1" hai="5,9,13,15,17,22,45,48,52,73,77,83,92,95" machi="92" ten="30,7900,0" yaku="1,1,0,1,54,1,53,1" doraHai="54" doraHaiUra="78" who="3" fromWho="3" sc="242,-39,279,-20,299,-20,170,89" /><INIT seed="5,0,0,3,2,93" ten="203,259,279,259" oya="1" hai0="50,123,84,22,2,81,96,21,18,113,103,8,107" hai1="101,37,121,120,94,91,9,79,83,11,74,85,13" hai2="130,132,118,35,64,57,33,102,26,28,10,54,89" hai3="60,108,36,115,77,73,4,29,104,87,24,3,5"/><U90/><E37/><V31/><F118/><W78/><G108/><T75/><D113/><U109/><E109/><V58/><F132/><W119/><G115/><T82/><D123/><U39/><E39/><V117/><F117/><W62/><G104/><T105/><D105/><U72/><E11/><V17/><F130/><W67/><G73/><T51/><D75/><U70/><E70/><V38/><F38/><W55/><G36/><T122/><D81/><U20/><E74/><V56/><F64/><W86/><G3/><T63/><D122/><U110/><E110/><V19/><F102/><W42/><G42/><T124/><D124/><U98/><E20/><V23/><F89/><W133/><G133/><T6/><D63/><N who="3" m="24105" /><G55/><T44/><D44/><U27/><E27/><V99/><F54/><W0/><G0/><T12/><REACH who="0" step="1"/><D22/><REACH who="0" ten="193,259,279,259" step="2"/><U66/><E121/><V135/><F23/><N who="3" m="15519" /><G119/><T59/><D59/><U111/><E120/><V25/><F56/><W46/><G46/><T52/><D52/><U69/><E111/><V40/><F135/><W106/><G106/><T76/><AGARI ba="0,1" hai="2,6,8,12,18,21,50,51,76,82,84,96,103,107" machi="76" ten="20,8000,1" yaku="1,1,0,1,7,1,52,1,53,1" doraHai="93" doraHaiUra="7" who="0" fromWho="0" sc="193,90,259,-40,279,-20,259,-20" /><INIT seed="6,0,0,1,1,39" ten="283,219,259,239" oya="2" hai0="35,96,36,56,13,122,0,14,57,69,21,22,18" hai1="73,76,23,1,127,102,109,54,71,125,132,68,61" hai2="51,20,121,131,98,10,40,27,123,42,17,11,7" hai3="26,59,115,89,94,49,80,30,72,50,58,6,91"/><V48/><F131/><W28/><G6/><T112/><D69/><U46/><E1/><V19/><F98/><N who="3" m="57679" /><G72/><T111/><D111/><U47/><E102/><V60/><F60/><W105/><G105/><T99/><D0/><U5/><E5/><V31/><F7/><W119/><G119/><T44/><D35/><U45/><E109/><V4/><F4/><W52/><G115/><T66/><D112/><U78/><E23/><V85/><F85/><N who="3" m="50599" /><G26/><T116/><D116/><U101/><E101/><V81/><F81/><W129/><G129/><T41/><D122/><U113/><E113/><V120/><F120/><W90/><G90/><T63/><D57/><N who="1" m="34999" /><E73/><V128/><F128/><W114/><G114/><T53/><D66/><U34/><E34/><V70/><F70/><N who="1" m="26665" /><E78/><V3/><F3/><W107/><G107/><T135/><D135/><U92/><E76/><V117/><F117/><W97/><G97/><T55/><D55/><AGARI ba="0,0" hai="28,30,49,50,52,55,58,59" m="50599,57679" machi="55" ten="30,2000,0" yaku="8,1,54,1" doraHai="39" who="3" fromWho="0" sc="283,-20,219,0,259,0,239,20" /><INIT seed="7,0,0,0,4,77" ten="263,219,259,259" oya="3" hai0="42,80,96,76,115,52,66,107,86,112,84,124,16" hai1="122,88,37,15,109,81,134,54,74,49,39,38,27" hai2="126,61,57,132,32,101,9,128,70,25,82,129,93" hai3="92,35,83,12,6,58,73,24,31,46,69,123,121"/><W64/><G69/><T125/><D66/><U89/><E109/><V63/><F126/><N who="0" m="48746" /><D42/><U47/><E122/><V127/><F127/><W111/><G111/><T67/><D67/><U133/><E27/><V135/><F70/><W104/><G104/><T110/><D110/><U34/><E34/><V2/><F32/><W48/><G92/><T85/><D16/><U33/><E33/><V51/><F51/><W114/><G114/><N who="0" m="43563" /><D52/><U21/><E21/><V113/><F113/><W43/><G64/><T59/><D59/><U23/><E23/><V98/><F57/><W116/><G58/><T22/><D22/><U91/><REACH who="1" step="1"/><E15/><REACH who="1" ten="263,209,259,259" step="2"/><V94/><F135/><W118/><G121/><T1/><D1/><U60/><E60/><V103/><F2/><W99/><G123/><T7/><D7/><U4/><E4/><V55/><F132/><W72/><G6/><T130/><D130/><U20/><E20/><V40/><F63/><W131/><G131/><T100/><AGARI ba="0,1" hai="76,80,84,85,86,96,100,107" m="43563,48746" machi="100" ten="40,12000,2" yaku="18,1,15,1,11,1,34,2,52,1" doraHai="77" who="0" fromWho="0" sc="263,130,209,-30,259,-30,259,-60" owari="393,49.0,179,-32.0,229,3.0,199,-20.0" /></mjloggm>