<mjloggm ver="2.3"><GO type="41" lobby="0"/><UN n0="%E3%82%A2%E3%83%BC%E3%83%AD%E3%83%B3%E3%83%94%E3%82%A2%E3%83%BC%E3%82%B9" n1="%E3%81%95%E3%82%8A%E3%83%BC%E3%81%99%E3%81%93%E3%81%A3%E3%81%A8" n2="%E4%B9%9D%E8%93%AE%E3%82%AA%E3%83%A4%E3%82%B8" n3="%E5%B0%B1%E6%B4%BB%E7%94%9F%40%E5%B7%9D%E6%9D%91%E8%BB%8D%E5%9B%A3" dan="14,15,14,14" rate="1919.28,1982.12,1955.06,1958.78" sx="M,F,M,M"/><TAIKYOKU oya="0"/><INIT seed="0,0,0,4,0,71" ten="250,250,250,250" oya="0" hai0="67,26,118,76,86,32,13,96,132,54,95,14,44" hai1="115,48,112,11,4,37,82,75,18,41,81,117,53" hai2="25,79,16,46,29,2,103,101,34,58,40,50,78" hai3="33,31,113,93,3,22,127,104,98,124,80,61,5"/><T114/><D118/><U88/><E117/><V8/><F58/><W55/><G104/><T68/><D132/><U59/><E75/><V63/><F63/><W110/><G33/><T49/><D114/><U45/><E18/><V107/><F101/><W21/><G113/><N who="1" m="43594" /><E88/><V130/><F130/><W111/><G3/><AGARI ba="0,0" hai="3,4,11,37,41,45,48,53,59,81,82" m="43594" machi="3" ten="30,2000,0" yaku="11,1,52,1" doraHai="71" who="1" fromWho="3" sc="250,0,250,20,250,0,250,-20" /><INIT seed="1,0,0,2,1,37" ten="250,270,250,230" oya="1" hai0="84,33,8,91,55,74,88,35,110,59,83,19,129" hai1="44,114,28,82,3,63,78,49,76,34,97,62,53" hai2="130,7,38,133,25,17,95,100,45,109,48,47,32" hai3="107,98,123,51,103,43,105,113,56,128,121,79,15"/><U2/><E114/><V127/><F32/><W73/><G107/><T106/><D106/><U6/><E78/><V77/><F77/><W119/><G113/><T52/><D129/><U117/><E117/><V30/><F30/><W64/><G128/><T42/><D74/><U39/><E28/><V23/><F130/><W50/><G119/><T96/><D110/><U5/><E34/><V89/><F127/><W22/><G73/><T120/><D120/><U132/><E97/><V86/><F109/><W126/><G79/><T104/><D42/><U27/><E27/><V58/><F133/><W65/><G126/><T57/><D35/><U108/><E108/><V75/><F75/><W54/><G121/><T124/><D33/><U24/><E24/><V87/><F38/><W68/><G68/><T1/><D124/><U16/><E39/><V67/><F100/><W60/><G123/><T26/><D1/><U11/><E16/><N who="2" m="12519" /><F7/><W118/><G118/><T112/><D112/><U71/><E71/><V41/><F45/><W29/><G51/><T115/><D115/><U85/><REACH who="1" step="1"/><E132/><REACH who="1" ten="250,260,250,230" step="2"/><V18/><F87/><W40/><G29/><T111/><D111/><U131/><E131/><V46/><F46/><W0/><G98/><T122/><D122/><U93/><E93/><V90/><F90/><W21/><G105/><T81/><D104/><U66/><E66/><V61/><AGARI ba="0,1" hai="17,18,41,47,48,58,61,67,86,89,95" m="12519" machi="61" ten="30,4000,0" yaku="8,1,52,1,54,1" doraHai="37" who="2" fromWho="2" sc="250,-10,260,-20,250,50,230,-10" /><INIT seed="2,0,0,1,1,49" ten="240,240,300,220" oya="2" hai0="30,58,71,36,113,91,27,130,118,93,42,55,34" hai1="50,21,10,109,98,56,62,14,134,8,121,40,46" hai2="124,22,73,94,77,45,89,106,79,92,15,110,97" hai3="112,64,43,81,11,83,116,90,57,23,131,111,67"/><V52/><F124/><W24/><G116/><T127/><D71/><U132/><E109/><V12/><F110/><W19/><G112/><T6/><D113/><U7/><E121/><V119/><F106/><W2/><G111/><T32/><D130/><U126/><E98/><V99/><F119/><W39/><G131/><T13/><D127/><U100/><E100/><V103/><F73/><W65/><G39/><T17/><D118/><U120/><E126/><V41/><F22/><W5/><G43/><T128/><D128/><U133/><E120/><V38/><F41/><W61/><REACH who="3" step="1"/><G90/><REACH who="3" ten="240,240,300,210" step="2"/><T25/><D36/><U102/><E134/><V78/><F38/><W86/><G86/><T9/><D42/><U76/><E133/><V74/><F74/><W18/><G18/><T114/><D114/><U53/><E132/><V87/><F87/><W63/><G63/><T37/><D37/><U47/><E7/><V31/><F31/><W82/><AGARI ba="0,1" hai="2,5,11,19,23,24,57,61,64,65,67,81,82,83" machi="82" ten="30,2000,0" yaku="1,1,0,1,53,0" doraHai="49" doraHaiUra="104" who="3" fromWho="3" sc="240,-5,240,-5,300,-10,210,30" /><INIT seed="3,0,0,2,0,27" ten="235,235,290,240" oya="3" hai0="51,86,68,70,1,134,2,128,31,72,66,14,23" hai1="106,71,107,42,21,63,117,32,48,50,55,90,60" hai2="110,59,129,12,132,119,65,30,47,46,102,29,83" hai3="135,124,98,123,37,64,69,94,121,7,100,81,112"/><W43/><G112/><T56/><D72/><U18/><E32/><V40/><F119/><W17/><G124/><T44/><D134/><U99/><E117/><V5/><F132/><W91/><G135/><T0/><D128/><U80/><E71/><V109/><F129/><W22/><G7/><T36/><D36/><U133/><E42/><V92/><F83/><W26/><G37/><T78/><D70/><U3/><E3/><V75/><F75/><W35/><G35/><T20/><D68/><U82/><E50/><V57/><F102/><W95/><G43/><T115/><D115/><U25/><E82/><V113/><F92/><W8/><G8/><T77/><D66/><U34/><E34/><V13/><F113/><W116/><G81/><T58/><D86/><U9/><E9/><V54/><F40/><W87/><G116/><T4/><D58/><N who="2" m="22026" /><F65/><W118/><REACH who="3" step="1"/><G118/><REACH who="3" ten="235,235,290,230" step="2"/><T131/><D131/><U79/><E80/><V41/><F5/><W38/><G38/><T88/><D1/><U126/><E126/><V74/><F41/><W53/><G53/><T24/><D2/><U39/><E55/><V73/><F54/><W52/><G52/><T93/><D0/><U103/><E39/><V108/><F73/><W28/><G28/><N who="2" m="10857" /><F74/><W111/><G111/><T11/><D4/><U96/><E133/><V15/><AGARI ba="0,1" hai="12,13,15,46,47,108,109,110" m="10857,22026" machi="15" ten="40,12000,2" yaku="28,2,14,1,52,3" doraHai="27" who="2" fromWho="2" sc="235,-30,235,-30,290,130,230,-60" /><INIT seed="4,0,0,1,4,61" ten="205,205,420,170" oya="0" hai0="79,113,95,135,83,65,6,32,97,69,78,82,63" hai1="20,66,121,9,125,15,134,89,67,1,101,59,112" hai2="11,109,90,68,2,42,49,46,118,130,132,103,75" hai3="71,17,120,18,96,8,26,124,38,35,87,115,106"/><T47/><D32/><U72/><E72/><V24/><F109/><W92/><G115/><T64/><D113/><U128/><E112/><V14/><F130/><W7/><G71/><T60/><D135/><U100/><E125/><V19/><F132/><W23/><G38/><T70/><D6/><U123/><E1/><V31/><F118/><W28/><G124/><T131/><D47/><U43/><E43/><V122/><F75/><W51/><G120/><T62/><D131/><U5/><E134/><V29/><F122/><W54/><G106/><T105/><D105/><U57/><E128/><V111/><F111/><W104/><G104/><T107/><D107/><U94/><E20/><V76/><F76/><W86/><G35/><T81/><D63/><U41/><E41/><V98/><F2/><W129/><G129/><T36/><D36/><U80/><E80/><V39/><F68/><W52/><G54/><T108/><D108/><U40/><E40/><V3/><F3/><W53/><G53/><T33/><D33/><U4/><E4/><V21/><F39/><W73/><G73/><T88/><AGARI ba="0,0" hai="60,62,64,65,69,70,78,79,81,82,83,88,95,97" machi="88" ten="30,12000,1" yaku="0,1,9,1,52,2,54,1" doraHai="61" who="0" fromWho="0" sc="205,120,205,-40,420,-40,170,-40" /><INIT seed="4,1,0,2,2,122" ten="325,165,380,130" oya="0" hai0="121,41,9,3,45,32,118,135,34,33,73,27,10" hai1="92,18,102,120,56,50,72,43,103,87,26,69,1" hai2="97,55,52,46,20,11,22,105,29,119,99,80,112" hai3="74,60,36,90,98,77,76,95,38,15,85,13,66"/><T84/><D121/><U67/><E72/><V48/><F105/><W7/><G74/><T37/><D118/><U12/><E1/><V70/><F70/><W47/><G38/><T89/><D135/><U53/><E120/><V63/><F119/><W30/><G30/><T129/><D129/><U127/><E26/><N who="2" m="16583" /><F112/><W44/><G36/><T2/><D73/><U35/><E35/><V51/><F63/><W108/><G108/><T6/><D27/><U75/><E75/><V82/><F11/><W39/><G39/><T64/><D64/><U54/><E43/><V91/><F22/><W104/><G104/><T93/><D33/><U17/><E17/><V106/><F106/><W65/><G7/><AGARI ba="1,0" hai="2,3,6,7,9,10,32,34,37,41,45,84,89,93" machi="7" ten="40,2000,0" yaku="9,1" doraHai="122" who="0" fromWho="3" sc="325,23,165,0,380,0,130,-23" /><INIT seed="4,2,0,3,0,64" ten="348,165,380,107" oya="0" hai0="19,50,26,74,100,101,111,127,133,1,125,24,58" hai1="7,67,121,77,78,113,48,97,134,55,87,115,120" hai2="32,68,82,38,89,118,57,102,62,21,135,116,61" hai3="130,114,27,22,53,103,13,56,37,95,12,2,112"/><T34/><D74/><U15/><E134/><V83/><F102/><W52/><G37/><T99/><D1/><U117/><E67/><N who="2" m="41071" /><F32/><W14/><G2/><T70/><D70/><U20/><E117/><N who="2" m="45163" /><F38/><W81/><G81/><T59/><D133/><U75/><E97/><V108/><F135/><W49/><G130/><T131/><D131/><U72/><E87/><V47/><F89/><W85/><G53/><T60/><D111/><U107/><E107/><V46/><F21/><W25/><G25/><T128/><D128/><U6/><E20/><V84/><F108/><W65/><G65/><T122/><D122/><U39/><E39/><V28/><F28/><W109/><G109/><T73/><D73/><U119/><E119/><V88/><F83/><W40/><G40/><T93/><D101/><U31/><E31/><V4/><F4/><W51/><G51/><T104/><D104/><U98/><E98/><V123/><F123/><W45/><G45/><N who="2" m="16905" /><F62/><W9/><G9/><T23/><D50/><U129/><E48/><V29/><F29/><W30/><REACH who="3" step="1"/><G103/><REACH who="3" ten="348,165,380,97" step="2"/><T41/><D41/><U91/><E120/><V16/><F57/><W17/><G17/><AGARI ba="2,1" hai="16,17,82,84,88" m="16905,45163,41071" machi="17" ten="30,7700,0" yaku="12,1,52,1,54,2" doraHai="64" who="2" fromWho="3" sc="348,0,165,0,380,93,97,-83" /><INIT seed="5,0,0,0,1,64" ten="348,165,473,14" oya="1" hai0="49,11,62,45,112,65,132,61,44,118,21,17,16" hai1="66,0,78,63,25,3,82,56,120,68,47,4,27" hai2="52,10,102,127,116,24,34,36,8,84,91,59,2" hai3="13,131,94,96,105,128,57,117,70,88,39,97,38"/><U107/><E120/><V76/><F36/><W123/><G123/><T40/><D118/><U23/><E107/><V32/><F116/><W41/><G117/><T104/><D104/><U108/><E27/><V14/><F2/><W103/><G57/><T12/><D132/><U75/><E108/><V110/><F110/><W72/><G72/><T28/><D28/><U98/><E98/><V90/><F34/><W71/><G13/><T126/><D126/><U55/><E47/><V48/><F32/><W1/><G1/><T69/><D112/><U79/><E79/><V35/><F35/><W134/><G134/><T5/><D62/><U100/><E100/><V53/><F127/><W58/><G58/><T33/><D33/><U122/><E4/><N who="2" m="3335" /><F102/><W135/><G135/><T46/><REACH who="0" step="1"/><D17/><REACH who="0" ten="338,165,473,14" step="2"/><U130/><E122/><V121/><F121/><W86/><G96/><T95/><D95/><U129/><E129/><N who="3" m="49738" /><G39/><T125/><D125/><U80/><E130/><V20/><F10/><W51/><G38/><T114/><D114/><U6/><E63/><N who="2" m="36327" /><F76/><W89/><G89/><T37/><D37/><U109/><E78/><V22/><F91/><W115/><G115/><T43/><D43/><U133/><E133/><V111/><F111/><W119/><G119/><T9/><D9/><U83/><E109/><V31/><F20/><W92/><G105/><T42/><D42/><U7/><E23/><V85/><F90/><W26/><G26/><AGARI ba="0,1" hai="5,11,12,16,21,26,40,44,45,46,49,61,65,69" machi="26" ten="30,7700,0" yaku="1,1,7,1,52,1,54,1,53,0" doraHai="64" doraHaiUra="74" who="0" fromWho="3" sc="338,87,165,0,473,0,14,-77" owari="425,23.0,165,-23.0,473,56.0,-63,-56.0" /></mjloggm>