<mjloggm ver="2.3"><GO type="169" lobby="0"/><UN n0="%E3%82%B5%E3%83%B3%E3%83%9E%E9%81%93%E6%A5%BD%E4%BB%A3%E8%A1%A8" n1="%E3%82%A6%E3%83%AB%E3%83%88%E3%83%A9%E7%AB%8B%E7%9B%B4" n2="%E3%81%A1%E3%81%A3%E7%89%8C%E6%93%8D%E4%BD%9C" n3="%E3%81%9F%E3%82%93%E3%81%9F%E3%81%8B%E3%81%9F%E3%82%93" dan="17,17,16,16" rate="2202.81,2187.05,2130.17,2016.79" sx="M,M,M,M"/><TAIKYOKU oya="0"/><INIT seed="0,0,0,0,3,63" ten="250,250,250,250" oya="0" hai0="22,21,62,86,125,65,19,102,77,29,119,52,81" hai1="15,124,4,64,96,97,17,73,114,127,20,94,55" hai2="129,116,89,75,37,32,79,105,30,87,107,99,91" hai3="90,135,84,98,34,12,43,101,3,83,131,110,10"/><T51/><D125/><N who="1" m="48203" /><E73/><V66/><F37/><W53/><G34/><T23/><D102/><U118/><E118/><V128/><F30/><W104/><G135/><T25/><D119/><U120/><E120/><V42/><F42/><W33/><G33/><T40/><D40/><U1/><E114/><V122/><F32/><W16/><G43/><T126/><D29/><U5/><E1/><V115/><F116/><W121/><G131/><N who="2" m="50249" /><F66/><W18/><G3/><T45/><REACH who="0" step="1"/><D126/><REACH who="0" ten="240,250,250,250" step="2"/><U26/><E55/><V72/><F115/><W80/><G121/><T8/><D8/><N who="1" m="6375" /><E64/><V39/><F122/><W130/><G130/><T2/><D2/><U38/><E38/><V24/><F39/><W134/><G134/><T106/><D106/><U109/><E109/><V11/><F107/><W93/><G110/><T31/><D31/><N who="1" m="17863" /><E97/><V50/><F105/><W36/><G36/><T6/><D6/><U49/><E5/><V47/><F99/><W78/><G53/><T82/><D82/><U108/><E4/><V0/><F0/><W44/><G83/><T67/><D67/><U69/><E108/><V54/><F54/><W48/><G104/><T123/><D123/><U112/><E112/><V58/><F11/><W68/><G101/><T41/><D41/><U27/><E96/><V85/><F75/><W70/><G18/><T100/><D100/><U103/><E103/><V88/><F72/><W132/><G132/><T76/><D76/><U13/><E94/><V60/><F79/><W7/><G7/><T92/><D92/><U111/><E111/><V71/><F87/><W14/><G78/><RYUUKYOKU ba="0,1" sc="240,30,250,-10,250,-10,250,-10" hai0="19,21,22,23,25,45,51,52,62,65,77,81,86" /><INIT seed="0,1,1,2,3,53" ten="270,240,240,240" oya="0" hai0="68,122,61,120,119,112,66,132,100,97,81,69,107" hai1="19,10,58,26,125,92,27,113,101,34,99,9,75" hai2="28,105,73,33,2,56,67,127,134,6,131,22,90" hai3="91,80,55,21,14,86,51,36,16,118,84,24,11"/><T37/><D119/><U42/><E75/><V64/><F33/><W60/><G36/><T18/><D18/><U124/><E113/><V70/><F105/><W50/><G118/><T98/><D112/><U74/><E74/><V106/><F106/><W76/><G60/><T3/><D98/><U93/><E42/><V46/><F73/><W31/><REACH who="3" step="1"/><G55/><REACH who="3" ten="270,240,240,230" step="2"/><T47/><D69/><U5/><E125/><V43/><F70/><W57/><G57/><T128/><D128/><U130/><E58/><V123/><F56/><W108/><G108/><T95/><D37/><U54/><E54/><V129/><F131/><W35/><G35/><T32/><D32/><U62/><E62/><V71/><F129/><W79/><G79/><T52/><D132/><U85/><E34/><V49/><F134/><W115/><G115/><T8/><D107/><U126/><E130/><V44/><F127/><W7/><G7/><T135/><D135/><U1/><E126/><V13/><F6/><W0/><G0/><T38/><D38/><U111/><E124/><V77/><F2/><W30/><G30/><T25/><D3/><U29/><E111/><V83/><F28/><W59/><G59/><T89/><D52/><U87/><E29/><V102/><F71/><W72/><G72/><T78/><D78/><U15/><E1/><V12/><F77/><W109/><G109/><T20/><D61/><U133/><E133/><V65/><F43/><W96/><G96/><T4/><D4/><U17/><E5/><V82/><F67/><W117/><G117/><T45/><D66/><U23/><E99/><RYUUKYOKU ba="1,2" sc="270,-10,240,-10,240,-10,230,30" hai3="11,14,16,21,24,31,50,51,76,80,84,86,91" /><INIT seed="1,2,2,3,0,63" ten="260,230,230,260" oya="1" hai0="103,94,16,42,34,125,64,85,122,35,80,60,44" hai1="113,106,74,116,37,55,39,112,95,92,84,97,129" hai2="57,50,9,134,65,1,123,100,88,72,132,86,52" hai3="115,109,114,13,96,4,2,69,71,83,102,12,135"/><U23/><E116/><V24/><F72/><W127/><G135/><N who="2" m="51753" /><F123/><W17/><G127/><T101/><D125/><U3/><E3/><V75/><F75/><W89/><G2/><T93/><D122/><U38/><E74/><V79/><F100/><W22/><G71/><T10/><D34/><U41/><E129/><V33/><F79/><W62/><G109/><T126/><D35/><U25/><E41/><V81/><F65/><W5/><G89/><T46/><D126/><U124/><E124/><V54/><F54/><W19/><G83/><T66/><D60/><U36/><N who="1" m="9216" /><DORA hai="111" /><U40/><E40/><V105/><F105/><W98/><G98/><T99/><D42/><U53/><E84/><V27/><F33/><W73/><G73/><T49/><D49/><U45/><E106/><V6/><AGARI ba="2,2" hai="1,6,9,24,27,50,52,57,81,86,88" m="51753" machi="6" ten="30,4000,0" yaku="20,1,54,2" doraHai="63,111" who="2" fromWho="2" sc="260,-12,230,-22,230,66,260,-12" /><INIT seed="2,0,0,1,2,129" ten="248,208,296,248" oya="2" hai0="16,8,84,6,73,125,114,103,76,68,32,7,29" hai1="27,85,55,24,61,91,67,62,118,33,53,38,60" hai2="4,93,122,127,30,115,17,40,104,111,37,51,66" hai3="31,107,19,116,78,26,119,97,88,2,77,54,108"/><V56/><F30/><W65/><G2/><T75/><D68/><U64/><E38/><V132/><F4/><W49/><G65/><N who="1" m="25162" /><E33/><V112/><F17/><W13/><G108/><T5/><D114/><U105/><E105/><V98/><F104/><W106/><G106/><T71/><D71/><U12/><E12/><V50/><F122/><W70/><G70/><T123/><D123/><U90/><E118/><V130/><F130/><W110/><G110/><T44/><D103/><U81/><E91/><V79/><F79/><W48/><G48/><T42/><D125/><U0/><E0/><V69/><F127/><W9/><G107/><T92/><D29/><U128/><E128/><V86/><F37/><W20/><G119/><T58/><D58/><U113/><E113/><V72/><F56/><N who="3" m="32847" /><G116/><T131/><D32/><U35/><E35/><V47/><F111/><W15/><G13/><T89/><D76/><U22/><E27/><V39/><F39/><W43/><G43/><T14/><REACH who="0" step="1"/><D131/><REACH who="0" ten="238,208,296,248" step="2"/><U102/><E102/><V87/><F69/><W45/><G45/><T1/><D1/><U109/><E109/><V117/><F117/><W135/><G77/><T23/><D23/><U18/><AGARI ba="0,1" hai="18,22,24,53,55,60,61,62,81,85,90" m="25162" machi="18" ten="30,1100,0" yaku="8,1" doraHai="129" who="1" fromWho="1" sc="238,-3,208,21,296,-5,248,-3" /><INIT seed="3,0,0,3,0,80" ten="235,229,291,245" oya="3" hai0="75,10,49,16,82,122,17,58,44,62,33,120,78" hai1="1,70,38,93,92,23,11,74,7,121,103,26,76" hai2="97,131,90,104,30,59,42,116,89,79,14,56,45" hai3="18,134,29,54,6,95,48,112,69,37,128,9,108"/><W41/><G112/><T43/><D33/><U27/><E121/><V4/><F116/><W114/><G114/><T25/><D17/><U98/><E70/><V111/><F111/><W28/><G69/><T109/><D109/><U102/><E38/><V50/><F131/><W129/><G108/><T52/><REACH who="0" step="1"/><D10/><REACH who="0" ten="225,229,291,245" step="2"/><U32/><E32/><V77/><F30/><W13/><G134/><T105/><D105/><U68/><E27/><V12/><F104/><W126/><G29/><T125/><D125/><U20/><E26/><V83/><F4/><W99/><G28/><T66/><D66/><U21/><E23/><AGARI ba="0,1" hai="16,23,25,43,44,49,52,58,62,75,78,82,120,122" machi="23" ten="40,8000,1" yaku="1,1,54,2,53,2" doraHai="80" doraHaiUra="119" who="0" fromWho="1" sc="225,90,229,-80,291,0,245,0" /><INIT seed="4,0,0,3,4,114" ten="315,149,291,245" oya="0" hai0="79,8,64,31,32,93,48,65,6,40,37,54,99" hai1="91,52,66,47,104,92,110,34,122,3,103,5,23" hai2="71,118,62,25,43,36,24,134,53,116,123,69,41" hai3="115,19,45,88,63,46,131,105,49,27,127,76,72"/><T96/><D79/><U4/><E34/><V73/><F123/><W78/><G115/><T119/><D119/><N who="2" m="45610" /><F73/><W2/><G105/><T39/><D99/><U75/><E122/><V135/><F24/><W90/><BYE who="1" /><G2/><T130/><D130/><U67/><E67/><N who="2" m="41207" /><F25/><UN n1="%E3%82%A6%E3%83%AB%E3%83%88%E3%83%A9%E7%AB%8B%E7%9B%B4" /><W120/><G127/><T108/><D108/><U100/><E110/><V132/><F71/><W74/><G63/><T121/><D121/><U35/><E75/><V83/><F83/><W70/><G70/><T106/><D32/><U12/><E35/><V11/><F11/><W17/><G131/><T117/><D8/><U89/><E104/><V94/><F94/><W20/><G120/><T42/><D93/><U14/><E92/><V33/><F33/><W109/><G109/><T82/><D82/><U102/><E23/><V84/><F84/><W68/><G68/><T113/><D106/><U129/><E129/><V9/><F9/><W81/><G81/><T112/><D117/><U80/><E80/><V98/><F98/><W126/><G126/><T86/><D86/><U87/><E87/><V133/><F133/><W55/><G72/><T22/><D96/><U38/><E66/><V1/><F1/><W18/><G74/><T26/><D65/><U15/><E3/><V51/><F36/><W21/><G27/><T107/><D64/><U0/><E0/><V95/><F95/><W77/><G46/><AGARI ba="0,0" hai="41,43,46,51,53,132,134,135" m="41207,45610" machi="46" ten="40,12000,2" yaku="20,1,12,1,34,2,52,3" doraHai="114" who="2" fromWho="3" sc="315,0,149,0,291,120,245,-120" /><INIT seed="5,0,0,3,4,56" ten="315,149,411,125" oya="1" hai0="52,126,27,111,65,98,68,104,110,120,66,87,24" hai1="113,58,41,40,123,105,43,133,92,101,17,8,29" hai2="70,51,79,71,108,121,34,6,91,64,47,19,33" hai3="84,54,32,132,3,4,36,15,46,109,94,13,7"/><U112/><E105/><V134/><F108/><W117/><G32/><T75/><D75/><U78/><E123/><V49/><F79/><W99/><G109/><T72/><D72/><U12/><E133/><V85/><F6/><W83/><G117/><T73/><D73/><U26/><E78/><V50/><F47/><W69/><G69/><T80/><D126/><U53/><E101/><V48/><F48/><N who="3" m="28951" /><G36/><T114/><D114/><U81/><E92/><V14/><F134/><W39/><G39/><T61/><D66/><U22/><REACH who="1" step="1"/><E81/><REACH who="1" ten="315,139,411,125" step="2"/><V130/><F121/><W23/><G132/><T0/><D120/><U38/><E38/><V129/><F130/><W35/><G3/><T86/><D0/><U5/><E5/><V131/><F129/><W88/><G7/><T128/><D128/><U67/><E67/><V2/><F2/><W45/><G4/><T122/><D122/><U62/><AGARI ba="0,1" hai="8,12,17,22,26,29,40,41,43,53,58,62,112,113" machi="62" ten="30,6000,0" yaku="1,1,0,1,52,1,53,0" doraHai="56" doraHaiUra="107" who="1" fromWho="1" sc="315,-20,139,70,411,-20,125,-20" /><INIT seed="5,1,0,0,0,106" ten="295,209,391,105" oya="1" hai0="22,119,11,47,32,90,63,135,111,99,18,15,125" hai1="43,122,38,112,133,17,69,101,105,1,78,77,58" hai2="91,83,34,103,14,28,29,98,118,9,19,109,86" hai3="131,68,16,41,57,0,27,67,73,24,84,64,3"/><U132/><E122/><V7/><F109/><W117/><G117/><T82/><D111/><U102/><E69/><V120/><F118/><W107/><G107/><T96/><D119/><U89/><E1/><V71/><F71/><W55/><G131/><T92/><D32/><U13/><E38/><V26/><F28/><W76/><G41/><T70/><D135/><N who="1" m="51787" /><E43/><V8/><F120/><W6/><G84/><T124/><D47/><U51/><E89/><V94/><F7/><W23/><G27/><T45/><D45/><U110/><E110/><V49/><F49/><W53/><G53/><T104/><D82/><U80/><E112/><V44/><F44/><W12/><G68/><T128/><D128/><U114/><E114/><V93/><F83/><W75/><G76/><T39/><D39/><U97/><E102/><V126/><F126/><W66/><G24/><T52/><D70/><U2/><E2/><V134/><F134/><W127/><G127/><T108/><D108/><U36/><E36/><V116/><F116/><W20/><G20/><AGARI ba="1,0" hai="8,9,14,19,20,26,29,34,86,91,93,94,98,103" machi="20" ten="30,1000,0" yaku="7,1" doraHai="106" who="2" fromWho="3" sc="295,0,209,0,391,13,105,-13" /><INIT seed="6,0,0,4,2,82" ten="295,209,404,92" oya="2" hai0="17,5,106,117,112,99,8,128,84,87,80,63,110" hai1="100,104,37,85,96,7,122,21,111,115,0,89,116" hai2="76,66,64,47,113,40,119,131,107,25,130,18,53" hai3="94,30,33,20,24,88,29,103,134,57,83,28,6"/><V36/><F107/><W61/><G134/><T93/><D110/><U109/><E37/><V98/><F98/><W59/><G33/><T1/><D106/><U97/><E0/><V92/><F92/><W72/><G103/><T39/><D39/><U46/><E7/><V129/><F76/><W16/><G6/><T126/><D112/><U77/><E46/><V90/><F90/><W3/><G3/><T78/><D128/><U68/><E21/><V86/><F113/><W118/><G118/><T50/><D126/><U11/><E11/><V56/><F86/><N who="3" m="50271" /><G72/><T73/><D117/><U38/><E38/><V123/><F119/><W69/><G69/><T14/><D50/><U54/><E68/><V31/><F123/><W105/><G105/><T49/><D49/><U43/><E104/><V65/><F18/><W32/><G32/><T75/><D63/><U133/><E100/><V108/><F108/><W2/><G2/><T15/><D75/><U127/><E111/><V22/><F66/><N who="3" m="39215" /><G59/><T34/><D34/><U114/><E109/><V62/><AGARI ba="0,0" hai="22,25,31,36,40,47,53,56,62,64,65,129,130,131" machi="62" ten="30,3000,0" yaku="0,1,19,1" doraHai="82" who="2" fromWho="2" sc="295,-10,209,-10,404,30,92,-10" /><INIT seed="6,1,0,5,1,115" ten="285,199,434,82" oya="2" hai0="81,70,130,62,117,26,87,59,118,77,54,30,125" hai1="57,121,45,8,124,82,78,17,23,38,75,123,112" hai2="91,49,86,120,90,11,135,43,95,132,61,94,79" hai3="111,18,21,103,46,15,5,44,64,126,110,36,99"/><V88/><F120/><N who="1" m="46153" /><E112/><V98/><F11/><W58/><G126/><T0/><D0/><U72/><E8/><V122/><F122/><W128/><G128/><T39/><D39/><U63/><E124/><V96/><F61/><W7/><G36/><T35/><D125/><U129/><E129/><V52/><F43/><W127/><G127/><T31/><D130/><U107/><E107/><V19/><F19/><W101/><G111/><T48/><D31/><U14/><E45/><V93/><F79/><W114/><G114/><T41/><D41/><U113/><E38/><V4/><F4/><W56/><G110/><T42/><D42/><U116/><E113/><V22/><F22/><W40/><G40/><T67/><AGARI ba="1,0" hai="26,30,35,48,54,59,62,67,70,77,81,87,117,118" machi="67" ten="30,4000,0" yaku="0,1,52,2" doraHai="115" who="0" fromWho="0" sc="285,43,199,-11,434,-21,82,-11" /><INIT seed="7,0,0,1,0,110" ten="328,188,413,71" oya="3" hai0="79,106,13,44,124,26,99,100,28,50,83,45,101" hai1="127,118,121,114,41,18,131,30,134,89,43,135,11" hai2="42,72,113,40,60,129,35,105,68,57,9,48,19" hai3="8,55,24,0,66,17,132,73,93,64,47,104,22"/><W16/><G104/><T29/><D124/><U46/><E114/><V7/><F113/><W95/><G132/><N who="1" m="50730" /><E127/><V33/><F105/><W88/><G73/><T10/><D101/><U32/><E131/><V119/><F119/><W111/><G95/><T102/><D100/><U123/><E118/><V74/><F68/><W130/><G130/><T112/><D112/><U97/><E30/><V92/><F35/><W78/><G78/><T62/><D62/><U98/><E32/><V117/><F33/><W69/><G69/><T96/><D96/><N who="1" m="36971" /><E89/><V31/><F92/><W103/><G103/><T3/><D3/><U23/><E11/><V38/><F19/><W56/><G111/><T86/><D45/><U76/><E76/><V61/><F7/><W75/><G75/><T82/><D26/><N who="1" m="14711" /><E41/><V109/><F48/><AGARI ba="0,0" hai="43,46,48,121,123" m="14711,36971,50730" machi="48" ten="30,1000,0" yaku="20,1" doraHai="110" who="1" fromWho="2" sc="328,0,188,10,413,-10,71,0" owari="328,13.0,198,-20.0,403,50.0,71,-43.0" /></mjloggm>