<mjloggm ver="2.3"><GO type="169" lobby="0"/><UN n0="%E3%82%A6%E3%83%AB%E3%83%88%E3%83%A9%E7%AB%8B%E7%9B%B4" n1="%E7%AB%8B%E8%8F%AF%E5%A5%8F" n2="%E3%80%90%E3%81%A1%E3%82%85%E3%81%AE%E3%81%A0%E3%80%91" n3="%66%75%6B%75%30%32" dan="16,17,16,17" rate="2110.49,2225.31,2072.60,2120.33" sx="M,F,M,M"/><TAIKYOKU oya="0"/><INIT seed="0,0,0,0,4,49" ten="250,250,250,250" oya="0" hai0="22,16,33,132,100,91,46,88,135,12,92,61,112" hai1="0,127,124,109,38,62,116,128,77,110,90,87,85" hai2="103,108,13,65,54,14,71,26,122,66,84,80,57" hai3="60,95,32,19,47,125,130,24,36,97,23,70,44"/><T35/><D100/><U28/><E0/><V48/><F122/><W27/><G125/><N who="1" m="48202" /><E28/><V17/><F108/><N who="1" m="41577" /><E38/><V7/><F103/><W39/><G130/><T4/><D112/><U129/><E62/><V50/><F71/><W120/><G120/><T18/><D4/><U119/><E77/><N who="2" m="46095" /><F50/><W45/><G32/><T41/><D18/><U30/><E30/><V96/><F7/><W133/><G27/><T15/><D15/><N who="2" m="5642" /><F96/><W2/><G133/><N who="0" m="51275" /><D61/><U117/><E90/><N who="0" m="34345" /><D92/><U89/><E89/><V81/><F81/><W115/><G2/><T31/><D31/><U51/><E51/><AGARI ba="0,0" hai="12,16,22,33,35,41,46,51" m="34345,51275" machi="51" ten="30,5800,0" yaku="20,1,54,2" doraHai="49" who="0" fromWho="1" sc="250,58,250,-58,250,0,250,0" /><INIT seed="0,1,0,5,4,30" ten="308,192,250,250" oya="0" hai0="39,100,110,134,128,120,61,35,3,56,46,105,62" hai1="4,133,98,18,26,38,54,113,24,74,51,70,33" hai2="63,50,88,23,32,64,97,9,99,14,79,42,123" hai3="19,94,40,52,131,2,58,127,21,27,60,6,89"/><T25/><D120/><U104/><E133/><V17/><F123/><W91/><G127/><T112/><D112/><U116/><E116/><V11/><F79/><W66/><G131/><T106/><D3/><U44/><E113/><V15/><F32/><W49/><G2/><T68/><D128/><U57/><E74/><V41/><F23/><W5/><G40/><T90/><D134/><U81/><E70/><V20/><F20/><W125/><G125/><T109/><D90/><U28/><E4/><V47/><F42/><W111/><G91/><T65/><D46/><U121/><E121/><V103/><F103/><W102/><G102/><T82/><D82/><U132/><E132/><V96/><F88/><W77/><G77/><T67/><D39/><U93/><E104/><V48/><F48/><W80/><G80/><T92/><D92/><U73/><E73/><V95/><F95/><W78/><G78/><T8/><D8/><U83/><E38/><V107/><F107/><W29/><G111/><N who="0" m="42507" /><D100/><U122/><E122/><V85/><F85/><N who="3" m="52527" /><G29/><AGARI ba="1,0" hai="25,29,35,56,61,62,65,67,68,105,106" m="42507" machi="29" ten="30,5800,0" yaku="14,1,10,1,52,1" doraHai="30" who="0" fromWho="3" sc="308,61,192,0,250,0,250,-61" /><INIT seed="0,2,0,0,2,13" ten="369,192,250,189" oya="0" hai0="130,77,113,135,72,4,98,67,0,82,86,102,10" hai1="12,25,43,53,124,116,41,62,21,100,121,64,58" hai2="63,87,28,18,99,110,36,48,59,60,8,91,97" hai3="57,70,31,115,90,1,109,14,81,129,24,17,107"/><T65/><D113/><U47/><E116/><V50/><F36/><W26/><G1/><T49/><D130/><U45/><E121/><V33/><F110/><W34/><G115/><T30/><D135/><U35/><E124/><V92/><F28/><W56/><G70/><T39/><D39/><U127/><E127/><V104/><F33/><W2/><G2/><T44/><D30/><U46/><E35/><V125/><F125/><W106/><G26/><T120/><D72/><U3/><E3/><V95/><F104/><W96/><G109/><T103/><D120/><U112/><E112/><V119/><F119/><W78/><G129/><T68/><D68/><U19/><E100/><V9/><F87/><W5/><G5/><T75/><D75/><U61/><REACH who="1" step="1"/><E25/><REACH who="1" ten="369,182,250,189" step="2"/><V123/><F123/><W133/><G133/><T80/><D102/><U51/><E51/><V40/><F50/><W94/><G107/><T52/><D82/><U29/><E29/><V122/><F122/><W32/><G106/><AGARI ba="2,1" hai="0,4,10,44,49,52,65,67,77,80,86,98,103,106" machi="106" ten="30,2900,0" yaku="7,1,54,1" doraHai="13" who="0" fromWho="3" sc="369,45,182,0,250,0,189,-35" /><INIT seed="0,3,0,2,5,98" ten="414,182,250,154" oya="0" hai0="48,51,121,36,52,88,30,44,91,11,49,8,85" hai1="104,19,93,92,75,130,27,70,53,129,84,5,95" hai2="124,46,111,107,80,114,64,58,31,66,123,67,71" hai3="100,3,21,82,118,10,68,45,76,24,47,125,2"/><T102/><D36/><U72/><E70/><V16/><F123/><W135/><G68/><T12/><D121/><U69/><E69/><V33/><F71/><W103/><G118/><T115/><D115/><U62/><E5/><V17/><F114/><W22/><G125/><T117/><D117/><U97/><E62/><V108/><F124/><W105/><G135/><T113/><D113/><U38/><E53/><V14/><F107/><W54/><G105/><T25/><D102/><N who="3" m="38953" /><G2/><T20/><D91/><N who="1" m="53351" /><E38/><V86/><F46/><W50/><G3/><T61/><D61/><U1/><E1/><V35/><F58/><N who="3" m="33111" /><G10/><T74/><D74/><U60/><E75/><V79/><F33/><W32/><G32/><T99/><D11/><U63/><E72/><V43/><F35/><W128/><G128/><T89/><D99/><U59/><E104/><V4/><F111/><W29/><G21/><T83/><D89/><U132/><E132/><V112/><F112/><W110/><G110/><T109/><D109/><U0/><E0/><V122/><F122/><W55/><G55/><T23/><D20/><N who="1" m="13727" /><E130/><V37/><F108/><W126/><G126/><T116/><D116/><U106/><E106/><V134/><F134/><W94/><G94/><T56/><D44/><U131/><E131/><V18/><F37/><W87/><AGARI ba="3,0" hai="22,24,29,45,47,76,82,87" m="33111,38953" machi="87" ten="30,7900,0" yaku="8,1,52,3" doraHai="98" who="3" fromWho="3" sc="414,-42,182,-23,250,-23,154,88" /><INIT seed="1,0,0,5,2,91" ten="372,159,227,242" oya="1" hai0="10,20,30,24,52,9,60,127,99,70,90,79,103" hai1="100,12,55,109,96,93,2,51,78,53,94,135,34" hai2="47,117,89,32,129,131,114,112,87,23,125,132,58" hai3="74,26,108,84,75,130,6,80,15,67,85,59,54"/><U22/><E34/><V116/><F32/><W83/><G108/><T64/><D127/><U29/><E2/><V36/><F23/><W71/><G130/><N who="2" m="49673" /><F125/><W111/><G111/><T68/><D68/><U57/><E109/><V14/><F14/><W18/><G71/><T128/><D128/><U115/><E115/><N who="2" m="44075" /><F132/><W113/><G67/><T37/><D37/><U120/><E120/><V66/><F87/><W134/><G113/><T3/><D3/><U43/><E135/><V122/><F89/><W28/><G6/><T41/><D90/><U17/><E29/><V61/><F122/><W92/><G134/><T16/><D30/><U82/><E43/><AGARI ba="0,0" hai="36,43,47,58,61,66,116,117" m="44075,49673" machi="43" ten="30,7700,0" yaku="19,1,11,1,34,2" doraHai="91" who="2" fromWho="1" sc="372,0,159,-77,227,77,242,0" /><INIT seed="2,0,0,5,1,8" ten="372,82,304,242" oya="2" hai0="4,7,96,127,15,69,27,36,38,74,132,19,52" hai1="125,14,46,110,84,0,122,54,33,103,63,5,25" hai2="130,44,118,1,120,16,48,75,78,29,31,82,121" hai3="86,102,114,34,76,66,50,68,13,94,95,10,105"/><V12/><F118/><W73/><G34/><T124/><D69/><U104/><E110/><V98/><F1/><W45/><G73/><T70/><D70/><U67/><E125/><N who="0" m="48201" /><D74/><U93/><E122/><V72/><F72/><W32/><G32/><T119/><D27/><U135/><E135/><V40/><F130/><W129/><G129/><T20/><D132/><U51/><E0/><V97/><F121/><W108/><G108/><T6/><D119/><U117/><E117/><V90/><F120/><W56/><G68/><T133/><D133/><U24/><E33/><V100/><F90/><W58/><G114/><T41/><D41/><U107/><E107/><V65/><F65/><W92/><G105/><T21/><D21/><U123/><E104/><V111/><F111/><W61/><G58/><T17/><D17/><U80/><E123/><V9/><REACH who="2" step="1"/><F97/><REACH who="2" ten="372,82,294,242" step="2"/><N who="3" m="59687" /><G76/><T131/><D131/><U134/><E134/><V99/><F99/><W128/><G128/><T116/><D96/><U11/><E103/><V53/><F53/><N who="3" m="29903" /><G86/><T79/><D116/><U59/><E93/><AGARI ba="0,1" hai="9,12,16,29,31,40,44,48,75,78,82,93,98,100" machi="93" ten="30,12000,1" yaku="1,1,7,1,52,1,54,1,53,1" doraHai="8" doraHaiUra="77" who="2" fromWho="1" sc="372,0,82,-120,294,130,242,0" owari="372,17.0,-38,-54.0,424,53.0,242,-16.0" /></mjloggm>