<mjloggm ver="2.3"><GO type="225" lobby="0"/><UN n0="%E7%B7%8B%E3%81%84%E7%8C%AB%EF%BC%9E%EF%BC%9C%EF%BC%81" n1="%E5%A4%95%E5%8F%A2%E9%9C%A7%E9%A6%99" n2="%E3%83%88%E3%83%88%E3%83%AA%E5%85%88%E7%94%9F%31%39%E6%AD%B3" n3="%E5%AE%AE%E5%AD%90" dan="16,16,17,16" rate="2059.95,2136.95,2222.44,2042.97" sx="F,F,F,M"/><TAIKYOKU oya="0"/><INIT seed="0,0,0,1,2,34" ten="250,250,250,250" oya="0" hai0="63,110,3,123,109,55,68,36,60,100,91,50,127" hai1="96,30,73,0,65,35,125,46,105,61,126,18,94" hai2="130,101,95,10,98,9,124,67,90,44,77,56,4" hai3="81,2,86,52,16,117,38,84,134,85,14,129,115"/><T107/><D123/><U79/><E105/><V28/><F130/><W106/><G117/><T87/><D127/><N who="1" m="48651" /><E0/><V89/><F124/><W1/><G115/><T83/><D36/><U13/><E46/><V104/><F77/><W26/><G106/><T15/><D3/><U12/><E30/><V122/><F122/><W128/><G38/><T31/><D31/><U47/><E47/><V116/><F116/><W72/><G134/><T39/><D39/><U78/><E35/><V45/><F28/><W20/><G52/><T8/><D100/><N who="1" m="60439" /><E73/><V75/><F75/><W76/><REACH who="3" step="1"/><G26/><REACH who="3" ten="250,250,250,240" step="2"/><T29/><D107/><U69/><E12/><N who="2" m="5159" /><F104/><W23/><G23/><AGARI ba="0,1" hai="13,18,23,61,65,69,78,79" m="60439,48651" machi="23" ten="30,1000,0" yaku="18,1" doraHai="34" who="1" fromWho="3" sc="250,0,250,20,250,0,240,-10" /><INIT seed="1,0,0,0,1,93" ten="250,270,250,230" oya="1" hai0="91,55,11,119,44,36,43,109,20,71,5,110,60" hai1="102,51,32,37,90,35,17,74,27,54,8,97,7" hai2="83,69,61,45,70,41,9,0,26,31,123,63,66" hai3="85,96,62,79,57,30,84,128,120,23,107,42,28"/><U25/><E37/><V94/><F123/><W19/><G120/><T38/><D119/><U82/><E74/><V6/><F83/><W100/><G42/><T112/><D112/><U92/><E35/><V13/><F94/><W10/><G128/><T50/><D20/><U3/><E32/><V80/><F80/><W81/><G10/><T4/><D91/><U53/><E54/><V34/><F63/><W89/><G57/><N who="0" m="33015" /><D38/><U21/><E27/><V22/><F69/><W14/><REACH who="3" step="1"/><G62/><REACH who="3" ten="250,270,250,220" step="2"/><T29/><D11/><U115/><E115/><V132/><F41/><W129/><G129/><T103/><D60/><U77/><E8/><V106/><F45/><W15/><G15/><T117/><D71/><U52/><E3/><V86/><F0/><W118/><G118/><T56/><D117/><U121/><E121/><V18/><F9/><W111/><G111/><T114/><D114/><U39/><E39/><V2/><F2/><W116/><G116/><T46/><D56/><U73/><E51/><V75/><F61/><W105/><G105/><T40/><D110/><U130/><E130/><V12/><F106/><W122/><G122/><T131/><D109/><U95/><REACH who="1" step="1"/><E7/><REACH who="1" ten="250,260,250,220" step="2"/><V124/><F6/><W98/><G98/><AGARI ba="0,2" hai="17,21,25,52,53,73,77,82,90,92,95,97,98,102" machi="98" ten="30,18000,2" yaku="1,1,2,1,7,1,52,2,54,1,53,0" doraHai="93" doraHaiUra="101" who="1" fromWho="3" sc="250,0,260,200,250,0,220,-180" /><INIT seed="1,1,0,1,4,30" ten="250,460,250,40" oya="1" hai0="56,131,60,107,120,75,89,121,128,14,104,115,79" hai1="20,64,11,3,100,105,133,135,26,94,65,59,86" hai2="80,106,96,46,35,12,13,66,68,41,71,29,127" hai3="57,25,117,1,19,9,27,16,33,87,111,49,108"/><U110/><E110/><N who="3" m="42026" /><G117/><T62/><D115/><U7/><E105/><N who="0" m="40521" /><D89/><U18/><E59/><V85/><F127/><W78/><G78/><T42/><D42/><U58/><E58/><V55/><F55/><N who="3" m="31983" /><G87/><T10/><D79/><U90/><REACH who="1" step="1"/><E100/><REACH who="1" ten="250,450,250,40" step="2"/><V28/><F106/><W82/><G82/><T2/><D56/><U50/><E50/><V103/><F80/><W24/><G33/><T70/><D70/><U21/><E21/><V43/><F71/><W130/><G130/><T123/><D128/><U102/><E102/><V39/><F103/><W126/><G126/><T40/><D131/><U109/><E109/><V34/><F68/><W76/><G76/><T67/><D123/><U73/><E73/><V118/><F35/><W84/><G84/><T4/><D75/><U17/><E17/><V72/><F85/><W97/><G97/><T114/><D121/><U83/><E83/><V95/><F72/><W74/><G74/><T44/><D120/><U101/><E101/><V91/><F34/><W112/><G112/><T47/><D114/><U125/><E125/><V5/><F96/><W116/><G116/><T99/><D99/><U77/><E77/><V0/><F118/><W92/><G92/><T98/><D98/><U63/><E63/><V113/><F95/><W23/><G23/><T124/><D124/><U122/><E122/><V45/><F113/><W15/><G19/><T36/><D62/><U69/><E69/><V54/><F91/><W22/><G22/><T38/><D60/><U93/><E93/><V53/><F29/><W129/><G129/><T61/><D61/><RYUUKYOKU ba="1,1" sc="250,-15,450,15,250,-15,40,15" hai1="3,7,11,18,20,26,64,65,86,90,94,133,135" hai3="1,9,15,16,24,25,27" /><INIT seed="1,2,1,4,3,91" ten="235,465,235,55" oya="1" hai0="62,3,95,12,75,43,33,14,76,59,47,112,15" hai1="125,113,49,11,98,55,79,27,36,25,134,96,119" hai2="13,5,81,89,78,42,65,110,34,97,9,45,16" hai3="82,22,72,128,84,58,68,35,99,126,118,100,120"/><U121/><E36/><V92/><F34/><W90/><G68/><T30/><D3/><U103/><E113/><V131/><F110/><W7/><G35/><T114/><D75/><U41/><E119/><V74/><F131/><W37/><G37/><T122/><D76/><U132/><E41/><V94/><F65/><W46/><G120/><T111/><D111/><U102/><E79/><V26/><F26/><W109/><G118/><T86/><D122/><U60/><E60/><V24/><F24/><W77/><G109/><T123/><D123/><U85/><E85/><V20/><F92/><W17/><G126/><T116/><D116/><U57/><E11/><V28/><F28/><W2/><G128/><T130/><D130/><U44/><E44/><V19/><F20/><W115/><G46/><T83/><D83/><U48/><E121/><V50/><AGARI ba="2,1" hai="5,9,13,16,19,42,45,50,74,78,81,89,94,97" machi="50" ten="20,5200,0" yaku="0,1,7,1,52,1,54,1" doraHai="91" who="2" fromWho="2" sc="235,-15,465,-28,235,68,55,-15" /><INIT seed="2,0,0,1,3,41" ten="220,437,303,40" oya="2" hai0="119,89,65,128,94,103,117,93,3,26,61,105,33" hai1="46,23,16,104,6,64,20,2,18,66,131,9,15" hai2="25,58,130,38,108,21,96,122,70,52,59,102,132" hai3="134,135,92,42,50,100,90,80,63,1,19,97,51"/><V86/><F122/><W11/><G63/><T4/><D128/><U129/><E104/><V107/><F70/><W121/><G121/><T95/><D105/><U12/><E46/><V8/><F38/><W5/><G19/><T123/><D103/><U60/><E66/><V40/><F40/><W56/><G51/><T83/><D123/><U57/><AGARI ba="0,0" hai="2,6,9,12,15,16,18,20,23,57,60,64,129,131" machi="57" ten="30,4000,0" yaku="0,1,9,1,54,1" doraHai="41" who="1" fromWho="1" sc="220,-10,437,40,303,-20,40,-10" /><INIT seed="3,0,0,1,4,11" ten="210,477,283,30" oya="3" hai0="45,38,36,71,43,89,76,133,94,19,83,41,33" hai1="0,98,62,52,29,28,21,44,5,117,47,118,9" hai2="2,31,6,25,37,122,90,42,56,100,55,32,70" hai3="74,130,60,86,81,63,84,3,18,127,7,93,16"/><W61/><G130/><T12/><D133/><U85/><E85/><V110/><F70/><W20/><G127/><T103/><D33/><U73/><E73/><V97/><F110/><W49/><G74/><T126/><D71/><U40/><E98/><V121/><F90/><N who="3" m="53463" /><G3/><T132/><D126/><U68/><E21/><V131/><F131/><W51/><G7/><T88/><D132/><U102/><E102/><V111/><F111/><W113/><G113/><T17/><D17/><N who="3" m="6761" /><G20/><T104/><D104/><U14/><E68/><V105/><F6/><W96/><G96/><N who="0" m="59799" /><D38/><U69/><E69/><V116/><F2/><W108/><G108/><T13/><D36/><U50/><E0/><V48/><F116/><W65/><G65/><T129/><D129/><U54/><E118/><V1/><F1/><W39/><G39/><T120/><D120/><N who="2" m="46186" /><F37/><W15/><G15/><N who="0" m="5707" /><D19/><U77/><E117/><V66/><F66/><W64/><G64/><T59/><D76/><AGARI ba="0,0" hai="49,51,60,61,63,76,81,84" m="6761,53463" machi="76" ten="30,2900,0" yaku="8,1,54,1" doraHai="11" who="3" fromWho="0" sc="210,-29,477,0,283,0,30,29" /><INIT seed="3,1,0,5,3,117" ten="181,477,283,59" oya="3" hai0="0,106,130,134,23,81,16,37,82,8,84,88,38" hai1="78,25,51,99,42,90,57,48,93,125,13,80,2" hai2="34,76,119,30,77,9,98,85,22,113,4,73,27" hai3="7,70,114,3,21,10,40,108,72,41,12,115,133"/><W28/><G70/><T79/><D130/><U55/><E2/><V102/><F113/><W94/><G72/><T43/><D134/><U45/><E125/><V120/><F119/><W31/><G94/><T131/><D106/><U5/><E25/><V32/><F73/><W66/><G66/><T83/><D131/><U52/><E42/><V33/><F120/><W62/><G62/><T110/><D110/><U24/><E24/><V97/><F97/><W89/><G89/><T1/><D81/><U75/><E13/><V112/><F112/><N who="3" m="43051" /><G41/><T19/><D43/><U116/><E116/><V124/><F124/><W54/><G54/><T111/><D111/><U127/><E55/><V59/><F59/><W63/><G63/><T100/><D100/><U44/><E51/><V95/><F85/><W18/><G40/><T20/><D79/><U15/><E127/><V74/><F74/><W60/><G60/><T67/><D67/><U58/><E58/><V105/><F105/><W122/><G108/><T129/><D129/><U91/><E90/><V96/><F96/><W56/><G56/><T64/><D64/><U29/><E48/><V36/><F36/><W26/><G133/><T107/><D107/><U135/><E91/><V104/><F104/><W86/><G86/><T101/><D101/><U132/><E93/><V65/><F65/><W49/><G49/><T46/><D88/><U69/><E69/><V35/><N who="2" m="8192" /><DORA hai="123" /><V50/><F50/><W126/><G126/><T53/><D84/><U103/><E135/><V92/><F92/><W121/><G31/><T6/><D53/><RYUUKYOKU ba="1,0" sc="181,-15,477,-15,283,15,59,15" hai2="4,9,22,27,30,76,77,95,98,102" hai3="3,7,10,12,18,21,26,28,121,122" /><INIT seed="3,2,0,1,5,94" ten="166,462,298,74" oya="3" hai0="41,135,110,38,39,93,55,117,12,53,49,130,59" hai1="115,127,58,34,95,74,51,134,2,32,120,126,15" hai2="64,68,1,45,124,91,29,11,43,104,46,129,8" hai3="18,26,92,40,19,79,27,96,60,101,86,0,17"/><W114/><G114/><T122/><D117/><U109/><E2/><V6/><F104/><W132/><G132/><T121/><D135/><U56/><E109/><V13/><F129/><W106/><G0/><T28/><D28/><U105/><E74/><V111/><F111/><W90/><G40/><T54/><D110/><U50/><E105/><V52/><F124/><W37/><G37/><N who="0" m="13835" /><D12/><U66/><E115/><V25/><F43/><W4/><G4/><T83/><D93/><U14/><E95/><V85/><F52/><N who="0" m="20074" /><D83/><U77/><E66/><V99/><F99/><W82/><REACH who="3" step="1"/><G60/><REACH who="3" ten="166,462,298,64" step="2"/><N who="0" m="35967" /><D130/><U5/><E5/><V3/><F1/><W131/><G131/><T57/><D41/><U69/><E134/><V65/><F3/><W89/><G89/><T10/><D10/><U80/><E127/><V22/><F11/><W108/><G108/><T81/><D121/><U33/><E120/><V118/><F118/><W102/><G102/><T87/><D122/><U116/><E126/><V113/><F113/><W16/><N who="3" m="4096" /><DORA hai="62" /><W103/><G103/><T20/><D49/><U119/><E51/><V44/><F91/><W36/><G36/><T78/><D78/><U47/><E50/><V107/><F6/><W7/><G7/><T123/><D123/><U125/><E125/><V9/><F8/><W75/><AGARI ba="2,1" hai="26,27,75,79,82,86,90,92,96,101,106" m="4096" machi="75" ten="40,18000,2" yaku="1,1,0,1,24,2,52,1,54,1,53,1" doraHai="94,62" doraHaiUra="133,100" who="3" fromWho="3" sc="166,-62,462,-62,298,-62,64,196" /><INIT seed="3,3,0,1,5,39" ten="104,400,236,260" oya="3" hai0="135,15,114,52,68,73,3,106,117,131,93,11,2" hai1="33,125,70,25,74,122,57,59,105,50,27,51,109" hai2="98,100,22,75,76,18,78,46,112,130,16,1,4" hai3="23,28,85,116,92,26,107,53,49,34,47,65,88"/><W108/><G116/><T82/><D117/><U63/><E122/><V77/><F112/><W54/><G107/><T121/><D114/><U113/><E105/><V14/><F130/><W21/><G108/><T44/><D121/><U5/><E113/><V9/><F46/><W83/><G65/><T86/><D131/><U132/><E74/><V7/><F18/><W129/><G129/><T13/><D135/><U41/><E125/><V17/><F17/><W124/><G124/><T10/><D106/><U101/><E101/><V12/><F1/><W119/><G119/><T8/><D68/><U45/><E132/><V29/><F29/><W104/><G104/><T64/><D64/><U48/><E109/><V111/><F111/><W72/><G53/><T96/><D73/><U79/><E79/><V69/><F69/><W89/><G72/><T90/><D3/><U126/><E5/><N who="2" m="3119" /><F75/><W99/><AGARI ba="3,0" hai="21,23,26,28,34,47,49,54,83,85,88,89,92,99" machi="99" ten="20,3900,0" yaku="0,1,7,1,54,1" doraHai="39" who="3" fromWho="3" sc="104,-16,400,-16,236,-16,260,48" /><INIT seed="3,4,0,3,2,49" ten="88,384,220,308" oya="3" hai0="120,102,22,84,126,134,6,96,31,114,98,95,35" hai1="9,100,130,127,24,51,3,91,14,125,135,53,105" hai2="2,106,0,94,55,118,40,116,25,90,46,79,93" hai3="76,129,10,111,132,60,39,56,57,8,54,32,33"/><W97/><G39/><T119/><D120/><U34/><E3/><V72/><F106/><W131/><G132/><T58/><D119/><U17/><E135/><V121/><F121/><W71/><G71/><T123/><D134/><U7/><E130/><N who="3" m="49674" /><G76/><T80/><D123/><U73/><E73/><V87/><F93/><W43/><G43/><T4/><D114/><U12/><E91/><V21/><F2/><W101/><G57/><T85/><D35/><N who="3" m="13385" /><G111/><T26/><D126/><N who="1" m="48139" /><E105/><AGARI ba="4,0" hai="8,10,54,56,60,97,101,105" m="13385,49674" machi="105" ten="30,2900,0" yaku="19,1,52,1" doraHai="49" who="3" fromWho="1" sc="88,0,384,-41,220,0,308,41" owari="88,-41.0,343,14.0,220,-18.0,349,45.0" /></mjloggm>