<mjloggm ver="2.3"><GO type="169" lobby="0"/><UN n0="%E3%81%93%E3%81%AE%E3%81%8D%E3%83%BC" n1="%E5%81%BD%E5%96%84%E8%80%85%E9%AB%98%E6%A9%8B%E3%81%BF%E3%81%AA%E3%81%BF" n2="%E3%82%A6%E3%83%AB%E3%83%88%E3%83%A9%E7%AB%8B%E7%9B%B4" n3="%72%75%6C%79%30%32%30%38" dan="17,16,17,17" rate="2145.33,2149.83,2219.97,2134.64" sx="M,F,M,M"/><TAIKYOKU oya="0"/><INIT seed="0,0,0,2,1,81" ten="250,250,250,250" oya="0" hai0="70,90,49,45,103,41,1,51,28,22,115,134,95" hai1="83,88,55,77,32,12,85,86,117,2,133,92,11" hai2="3,50,6,98,114,19,13,109,71,112,60,29,73" hai3="79,125,9,40,120,53,78,111,107,18,64,72,23"/><T34/><D115/><U37/><E133/><V4/><F73/><W21/><G107/><T20/><D1/><U69/><E32/><V129/><F6/><W89/><G64/><T36/><D70/><U63/><E117/><V48/><F48/><W91/><G40/><T25/><D103/><U46/><E2/><V102/><F4/><W5/><G111/><T124/><D134/><U14/><E69/><V131/><F3/><W26/><G125/><T42/><D124/><U24/><E24/><V80/><F50/><W122/><G53/><T118/><D118/><U35/><E35/><V100/><F100/><W54/><G54/><T106/><D106/><U66/><E66/><N who="2" m="41415" /><F29/><W130/><G5/><T110/><D110/><U62/><E12/><V59/><F109/><W10/><G26/><T132/><D132/><U123/><E123/><V116/><F59/><W8/><G130/><N who="2" m="49673" /><F116/><W57/><G57/><T127/><D127/><U38/><E38/><V82/><F82/><W67/><G67/><T126/><D126/><U56/><E37/><V94/><F80/><W27/><G72/><T99/><D36/><U105/><E46/><AGARI ba="0,0" hai="20,22,25,28,34,41,42,45,46,49,51,90,95,99" machi="46" ten="40,2000,0" yaku="9,1" doraHai="81" who="0" fromWho="1" sc="250,20,250,-20,250,0,250,0" /><INIT seed="0,1,0,5,3,96" ten="270,230,250,250" oya="0" hai0="21,85,104,124,111,35,65,10,98,129,84,87,31" hai1="74,50,102,27,114,46,135,15,43,133,94,122,101" hai2="32,103,3,71,28,91,30,20,76,7,54,59,99" hai3="64,116,77,105,118,93,82,62,33,75,132,55,6"/><T88/><D35/><U14/><E74/><V83/><F71/><W5/><G33/><T56/><D129/><U81/><E122/><V68/><F68/><W42/><G105/><T107/><D124/><U44/><E114/><V18/><F7/><W61/><G42/><T36/><D36/><U120/><E120/><V80/><F3/><W24/><G132/><N who="1" m="50762" /><E81/><V58/><F91/><W47/><G5/><T1/><D111/><U0/><E0/><V52/><F32/><W63/><G6/><T70/><D70/><U34/><E44/><V45/><F45/><W119/><G24/><N who="0" m="16783" /><D107/><U41/><E41/><V97/><F76/><W106/><G106/><T79/><D104/><U117/><E117/><V92/><F92/><W86/><G47/><T11/><D79/><U95/><E27/><V128/><F128/><W134/><G134/><T72/><D72/><U89/><E34/><V126/><F126/><W90/><REACH who="3" step="1"/><G55/><REACH who="3" ten="270,230,250,240" step="2"/><T66/><D1/><U121/><E121/><V125/><F125/><W110/><G110/><T69/><D69/><AGARI ba="1,1" hai="61,62,63,64,69,75,77,82,86,90,93,116,118,119" machi="69" ten="40,1300,0" yaku="1,1,53,0" doraHai="96" doraHaiUra="4" who="3" fromWho="0" sc="270,-16,230,0,250,0,240,26" /><INIT seed="1,0,0,3,5,9" ten="254,230,250,266" oya="1" hai0="124,18,69,35,130,11,76,71,12,100,14,26,45" hai1="21,101,133,85,13,19,39,52,28,25,41,5,20" hai2="82,31,135,37,108,70,22,104,78,30,55,125,46" hai3="74,109,110,116,95,60,97,44,40,90,112,16,105"/><U115/><E115/><V84/><F104/><W48/><G112/><T127/><D130/><U10/><E133/><V68/><F135/><W86/><G116/><T23/><D100/><U63/><E101/><V34/><F34/><W58/><G74/><T43/><D76/><U119/><E119/><V38/><F125/><N who="0" m="48202" /><D35/><U129/><E129/><V36/><F108/><N who="3" m="41579" /><G105/><T113/><D113/><U73/><E73/><V54/><F46/><W64/><G16/><N who="0" m="8223" /><D26/><U123/><E123/><V111/><F111/><W121/><G121/><T0/><D0/><U91/><E41/><V27/><REACH who="2" step="1"/><F31/><REACH who="2" ten="254,230,240,266" step="2"/><W8/><G44/><T114/><D114/><U6/><E39/><AGARI ba="0,1" hai="14,18,23,39,43,45,69,71" m="8223,48202" machi="39" ten="30,7700,0" yaku="18,1,52,2,54,1" doraHai="9" who="0" fromWho="1" sc="254,87,230,-77,240,0,266,0" /><INIT seed="2,0,0,2,4,106" ten="341,153,240,266" oya="2" hai0="72,34,39,71,107,102,75,55,87,66,84,103,50" hai1="19,52,77,125,8,41,30,121,69,14,59,76,79" hai2="63,127,120,3,90,110,49,62,40,114,32,33,26" hai3="31,56,4,93,53,22,12,130,92,28,64,58,44"/><V117/><F3/><W51/><G130/><T23/><D34/><U11/><E69/><V88/><F120/><W20/><G4/><T113/><D39/><U115/><E115/><V94/><F117/><W112/><G112/><T78/><D113/><U122/><E125/><V124/><F114/><W132/><G132/><T67/><D23/><N who="3" m="8745" /><G12/><T13/><D13/><U16/><E30/><N who="3" m="11306" /><G64/><T135/><D107/><U105/><E105/><V46/><F26/><W129/><G129/><T131/><D50/><N who="1" m="31127" /><E41/><V18/><F18/><N who="1" m="6697" /><E14/><V24/><F24/><W68/><G68/><T36/><D36/><U134/><E134/><V109/><F32/><W91/><G93/><T98/><D71/><U65/><E65/><V35/><F35/><W7/><G7/><T111/><D131/><U70/><E70/><V73/><F33/><W118/><G118/><T119/><D119/><U57/><E57/><V42/><F94/><W10/><G10/><T5/><D5/><U123/><AGARI ba="0,0" hai="8,11,76,77,79,121,122,123" m="6697,31127" machi="123" ten="40,5200,0" yaku="13,1,54,2" doraHai="106" who="1" fromWho="1" sc="341,-13,153,52,240,-26,266,-13" /><INIT seed="3,0,0,4,0,101" ten="328,205,214,253" oya="3" hai0="129,45,120,61,123,11,74,47,10,13,63,103,18" hai1="48,9,53,132,113,57,17,19,4,108,35,41,5" hai2="107,89,16,98,78,90,8,86,66,79,73,127,56" hai3="81,130,92,28,122,135,14,20,12,118,42,49,3"/><W121/><G3/><T69/><D74/><U96/><E113/><V59/><F127/><W94/><G118/><T30/><D129/><U58/><E35/><V111/><F111/><W109/><G130/><T23/><D103/><U125/><E108/><V87/><F73/><W68/><G68/><T34/><D34/><U75/><E75/><V33/><F33/><W24/><G109/><T124/><D124/><U126/><E132/><V55/><F98/><W112/><G112/><T44/><D69/><U6/><E41/><V72/><F72/><W93/><G135/><T64/><D64/><U32/><E32/><V70/><F66/><W22/><G81/><T83/><D123/><U43/><E43/><V7/><F7/><W91/><G91/><T134/><D120/><U67/><E96/><V117/><F70/><W40/><G94/><T54/><D83/><U60/><E17/><V65/><F65/><W21/><G21/><T25/><D134/><U105/><E105/><V62/><F107/><W116/><G116/><T0/><D54/><U85/><E85/><N who="2" m="32267" /><F117/><W77/><G77/><N who="2" m="29193" /><F59/><W99/><G99/><T133/><D133/><U104/><E104/><V97/><F97/><W128/><G128/><T39/><D39/><U131/><E131/><V88/><F90/><W84/><G84/><T114/><D114/><U51/><E126/><V110/><F110/><W106/><G106/><T46/><N who="0" m="11264" /><DORA hai="95" /><T15/><REACH who="0" step="1"/><D0/><REACH who="0" ten="318,205,214,253" step="2"/><U119/><E125/><V50/><F89/><W2/><G2/><T31/><D31/><U80/><E119/><V102/><F88/><W36/><G28/><RYUUKYOKU ba="0,1" sc="318,30,205,-10,214,-10,253,-10" hai0="10,11,13,15,18,23,25,30,61,63" /><INIT seed="4,1,1,5,4,83" ten="348,195,204,243" oya="0" hai0="50,80,27,106,101,130,22,67,87,74,125,75,16" hai1="61,93,132,107,72,34,55,108,44,112,109,31,29" hai2="60,123,28,62,25,42,47,133,18,3,57,59,2" hai3="17,127,46,122,38,21,103,70,88,81,26,121,41"/><T90/><D130/><U99/><E107/><V94/><F123/><N who="3" m="47115" /><G70/><T100/><D125/><U85/><E72/><V58/><F133/><W48/><G127/><T66/><D75/><U69/><E132/><V119/><F119/><W116/><G116/><T8/><D74/><U98/><E112/><V111/><F111/><W120/><G103/><N who="0" m="39499" /><D106/><U104/><E104/><V135/><F18/><W9/><G120/><T35/><D35/><U23/><E34/><V78/><F78/><W129/><G129/><T114/><D114/><U77/><E69/><V4/><F94/><W52/><G9/><T54/><D8/><U128/><E128/><V39/><F135/><W92/><G81/><T63/><D63/><U53/><E61/><V45/><F2/><W131/><G131/><T97/><D97/><U118/><E118/><V76/><F3/><W102/><G102/><T13/><D27/><U51/><E98/><V20/><F4/><W0/><G0/><T10/><D22/><U49/><E23/><V89/><F62/><W96/><G38/><T30/><D30/><U91/><E108/><V40/><F60/><W19/><G41/><T6/><D6/><U82/><REACH who="1" step="1"/><E109/><REACH who="1" ten="348,185,204,243" step="2"/><V124/><F20/><W86/><G96/><T113/><D113/><U43/><E43/><V14/><F42/><W1/><G1/><T134/><D134/><U56/><AGARI ba="1,2" hai="29,31,44,49,51,53,55,56,77,82,85,91,93,99" machi="56" ten="20,8000,1" yaku="1,1,0,1,7,1,8,1,52,1,53,0" doraHai="83" doraHaiUra="64" who="1" fromWho="1" sc="348,-41,185,103,204,-21,243,-21" /><INIT seed="5,0,0,0,0,88" ten="307,288,183,222" oya="1" hai0="78,70,118,74,59,71,122,35,65,3,17,120,45" hai1="94,105,127,76,100,130,12,123,132,11,84,1,79" hai2="32,20,61,67,7,126,63,9,68,110,0,107,43" hai3="85,15,30,83,5,86,64,75,124,18,13,96,119"/><U31/><E1/><V116/><F110/><W115/><G75/><T106/><D106/><U60/><E123/><V99/><F116/><W72/><G72/><T97/><D35/><U89/><E132/><V39/><F126/><W19/><G30/><T108/><D3/><U95/><E105/><V41/><F20/><W38/><G38/><T25/><D97/><N who="1" m="59455" /><E130/><V50/><F50/><W98/><G5/><T6/><D71/><U58/><E31/><V29/><F63/><W33/><G33/><T77/><D70/><U80/><E127/><V117/><F117/><W24/><G24/><T27/><D74/><U53/><E80/><V101/><REACH who="2" step="1"/><F39/><REACH who="2" ten="307,288,173,222" step="2"/><W40/><G124/><T69/><D108/><U46/><E46/><V93/><F93/><W103/><G119/><T104/><D45/><U113/><E113/><V133/><F133/><W4/><G115/><T121/><D118/><U52/><E53/><V57/><F57/><W51/><G51/><T131/><D122/><U54/><E54/><V112/><F112/><W2/><G64/><T48/><D65/><U135/><E135/><V28/><F28/><W42/><G83/><T16/><D121/><U36/><E36/><V66/><F66/><W14/><G103/><T125/><D120/><U73/><E73/><V114/><F114/><W34/><G34/><T49/><D125/><U55/><E55/><V21/><F21/><W81/><G81/><T134/><D134/><U62/><E62/><V56/><F56/><W10/><G10/><T37/><D37/><U23/><E23/><V111/><F111/><W129/><G129/><RYUUKYOKU ba="0,1" sc="307,-15,288,15,173,15,222,-15" hai1="11,12,52,58,60,76,79,84,89,94" hai2="0,7,9,29,32,41,43,61,67,68,99,101,107" /><INIT seed="5,1,1,3,0,129" ten="292,303,188,207" oya="1" hai0="57,23,14,120,93,44,119,11,21,125,74,90,67" hai1="124,83,94,36,118,17,81,48,6,50,117,43,115" hai2="100,87,51,19,7,121,85,112,72,26,131,104,116" hai3="37,54,1,42,60,77,132,102,133,68,4,89,16"/><U78/><E36/><V91/><F121/><W101/><G77/><T113/><D74/><U30/><E30/><V127/><F116/><W109/><G109/><T20/><D113/><U38/><E38/><V92/><F72/><W33/><G33/><T70/><D70/><U15/><E6/><V27/><F112/><W8/><G42/><T66/><D125/><U56/><E115/><V79/><F7/><W95/><G37/><T35/><D35/><U88/><E124/><V134/><F104/><W65/><G54/><T75/><D75/><U99/><E78/><V53/><F100/><W58/><G68/><T76/><D76/><U114/><E114/><V135/><F127/><W86/><REACH who="3" step="1"/><G16/><REACH who="3" ten="292,303,188,197" step="2"/><N who="0" m="8287" /><D120/><U98/><E118/><V40/><F40/><W2/><G2/><T49/><D119/><U82/><E117/><V25/><F131/><W69/><G69/><T64/><D57/><U103/><E56/><V97/><F19/><W18/><G18/><T126/><D126/><U0/><E0/><V9/><F9/><W107/><G107/><T73/><D73/><U105/><REACH who="1" step="1"/><E43/><REACH who="1" ten="292,293,188,197" step="2"/><V80/><REACH who="2" step="1"/><F97/><REACH who="2" ten="292,293,178,197" step="2"/><W5/><G5/><T22/><N who="0" m="5120" /><DORA hai="39" /><T111/><D111/><U12/><E12/><V110/><F110/><W31/><G31/><T108/><D108/><U123/><E123/><V52/><F52/><W10/><G10/><AGARI ba="1,4" hai="10,15,17,48,50,81,82,83,88,94,98,99,103,105" machi="10" ten="40,3900,0" yaku="1,1,54,1,53,0" doraHai="129,39" doraHaiUra="71,28" who="1" fromWho="3" sc="292,0,293,82,178,0,197,-42" /><INIT seed="5,2,0,4,0,98" ten="292,375,178,155" oya="1" hai0="128,124,101,125,103,102,32,74,0,8,92,79,131" hai1="107,95,25,64,15,53,56,52,55,4,80,134,17" hai2="33,19,60,94,91,49,29,132,93,72,30,110,97" hai3="39,83,34,85,26,1,37,43,38,70,82,68,45"/><U111/><E107/><V99/><F72/><W57/><G1/><T12/><D32/><U81/><E134/><V106/><F106/><W50/><G57/><T123/><D0/><U61/><E111/><V129/><F33/><W121/><G121/><T48/><D123/><U135/><E135/><V54/><F110/><W86/><G26/><T62/><D48/><U65/><E65/><V14/><F60/><W109/><G34/><T22/><D22/><U24/><E4/><V120/><F129/><N who="0" m="49738" /><D92/><U21/><REACH who="1" step="1"/><E95/><REACH who="1" ten="292,365,178,155" step="2"/><V104/><F104/><W76/><REACH who="3" step="1"/><G109/><REACH who="3" ten="292,365,178,145" step="2"/><T42/><D125/><U100/><E100/><N who="2" m="60463" /><F132/><W36/><N who="3" m="9216" /><DORA hai="114" /><W116/><G116/><T13/><D124/><U113/><E113/><V11/><F120/><W127/><G127/><T78/><D103/><U2/><E2/><V51/><F51/><W66/><G66/><T47/><D102/><U112/><E112/><V90/><F49/><W75/><G75/><T71/><D101/><U119/><E119/><V41/><F99/><W18/><G18/><T84/><D74/><U87/><E87/><V10/><F19/><W6/><G6/><T23/><D84/><U3/><E3/><V89/><F94/><W28/><G28/><T105/><D105/><U20/><E20/><V59/><F30/><W46/><G46/><T126/><D23/><U115/><E115/><V133/><F29/><W16/><G16/><T96/><D47/><U63/><E63/><N who="2" m="36343" /><F133/><W108/><G108/><T67/><D62/><U27/><AGARI ba="2,2" hai="15,17,21,24,25,27,52,53,55,56,61,64,80,81" machi="27" ten="30,11700,0" yaku="1,1,0,1,8,1,54,1,53,0" doraHai="98,114" doraHaiUra="118,40" who="1" fromWho="1" sc="292,-41,365,143,178,-41,145,-41" /><INIT seed="5,3,0,0,3,40" ten="251,508,137,104" oya="1" hai0="120,85,59,60,34,133,27,22,106,135,71,36,54" hai1="7,117,21,33,98,103,24,17,23,41,125,75,93" hai2="44,18,119,89,88,126,13,99,38,65,73,8,10" hai3="84,15,76,122,121,66,68,39,55,100,58,72,95"/><U118/><E125/><V124/><F73/><W105/><G39/><T12/><D106/><U6/><E75/><V64/><F119/><W87/><G66/><T134/><D71/><U45/><E33/><V53/><F8/><W43/><G68/><T86/><D120/><U131/><E131/><V50/><F38/><W129/><G43/><T97/><D97/><U5/><REACH who="1" step="1"/><E23/><REACH who="1" ten="251,498,137,104" step="2"/><V108/><F126/><W78/><G72/><T28/><D34/><U19/><E19/><V83/><F124/><W16/><G129/><T94/><D22/><U30/><E30/><V96/><F108/><W82/><G122/><T92/><D28/><U113/><E113/><V115/><F115/><W47/><G16/><T70/><D135/><U91/><E91/><V130/><F130/><W20/><G20/><T74/><D74/><U101/><E101/><V77/><F77/><W35/><G100/><T0/><D134/><U61/><E61/><V14/><F89/><W48/><G35/><T107/><D60/><U104/><E104/><V132/><F132/><W49/><G105/><T51/><D107/><U62/><E62/><V112/><F112/><W67/><G76/><T42/><D133/><U3/><E3/><V4/><F88/><W37/><G78/><T79/><D0/><U102/><E102/><V109/><F109/><W52/><G121/><T57/><D79/><U110/><E110/><V116/><F18/><W128/><G128/><T63/><D63/><U123/><E123/><V1/><F1/><W31/><G31/><T81/><D70/><U69/><E69/><V46/><F65/><RYUUKYOKU ba="3,1" sc="251,-10,498,30,137,-10,104,-10" hai1="5,6,7,17,21,24,41,45,93,98,103,117,118" /><INIT seed="5,4,1,3,4,123" ten="241,528,127,94" oya="1" hai0="37,43,118,83,11,7,65,6,77,74,130,67,31" hai1="120,40,17,55,116,25,28,13,18,38,51,4,46" hai2="32,132,93,34,8,14,76,112,134,124,30,103,23" hai3="36,90,10,19,92,126,39,82,53,98,22,100,84"/><U42/><E120/><V119/><F119/><W131/><G126/><T72/><D7/><U15/><E116/><V86/><F23/><W5/><G131/><T52/><D74/><U27/><E4/><V44/><F30/><W64/><G64/><T133/><D130/><U80/><E80/><N who="2" m="47367" /><F44/><W26/><REACH who="3" step="1"/><G53/><REACH who="3" ten="241,528,127,84" step="2"/><T63/><D52/><U0/><E55/><V109/><F124/><W91/><G91/><T9/><D65/><U135/><E40/><V122/><F122/><W41/><G41/><T56/><D67/><U75/><E42/><V89/><F103/><W96/><G96/><T35/><D43/><U50/><E46/><V121/><F121/><W58/><G58/><T1/><D56/><U129/><E129/><V85/><F109/><W45/><G45/><T66/><D66/><U54/><E54/><V33/><F112/><W115/><G115/><T107/><D118/><U111/><E111/><V24/><F134/><W69/><G69/><T47/><D133/><U48/><E135/><V2/><F132/><W81/><G81/><T49/><D83/><U110/><E110/><V105/><F89/><W3/><AGARI ba="4,2" hai="3,5,10,19,22,26,36,39,82,84,90,92,98,100" machi="3" ten="20,2700,0" yaku="1,1,0,1,7,1,53,0" doraHai="123" doraHaiUra="106" who="3" fromWho="3" sc="241,-11,528,-17,127,-11,84,59" /><INIT seed="6,0,0,2,0,56" ten="230,511,116,143" oya="2" hai0="6,60,54,38,65,115,123,8,78,112,100,79,13" hai1="20,73,15,101,30,3,37,26,94,45,18,104,87" hai2="16,72,105,86,107,14,96,122,134,77,68,47,75" hai3="71,116,35,62,84,34,113,82,63,132,111,50,2"/><V133/><F122/><W85/><G2/><T32/><D123/><U40/><E3/><V21/><F68/><W52/><G116/><T102/><D32/><U53/><E73/><V99/><F86/><W12/><G111/><T97/><D38/><U114/><E114/><N who="0" m="43561" /><D54/><U10/><E104/><V11/><F47/><W128/><G128/><T81/><D97/><U28/><E53/><V19/><F99/><W125/><G113/><T124/><D124/><U95/><E101/><N who="0" m="39017" /><D81/><U17/><E87/><V92/><F105/><W98/><G98/><T64/><D64/><U126/><E126/><V29/><F107/><W131/><G85/><T130/><D130/><U127/><E127/><V58/><F58/><AGARI ba="0,0" hai="6,8,13,58,60,65,78,79" m="39017,43561" machi="58" ten="30,2000,0" yaku="15,1,52,1" doraHai="56" who="0" fromWho="2" sc="230,20,511,0,116,-20,143,0" /><INIT seed="7,0,0,2,2,44" ten="250,511,96,143" oya="3" hai0="120,21,100,24,2,74,83,70,43,61,54,76,49" hai1="114,15,101,104,27,71,69,133,132,75,92,86,103" hai2="0,130,129,123,91,28,81,46,39,11,99,95,110" hai3="125,50,80,109,60,5,102,33,3,26,4,30,55"/><W48/><G125/><T23/><D2/><U57/><E75/><V14/><F110/><W29/><G109/><T59/><D120/><U38/><E38/><V88/><F0/><W89/><G102/><T10/><D10/><U53/><E114/><V73/><F123/><W22/><G3/><T96/><D24/><U68/><E104/><V37/><F28/><N who="3" m="10859" /><G33/><T94/><REACH who="0" step="1"/><D43/><REACH who="0" ten="240,511,96,143" step="2"/><U122/><E27/><V78/><F91/><W64/><G26/><T36/><D36/><U135/><E122/><V126/><F126/><W52/><G89/><T116/><D116/><U9/><E103/><V118/><F118/><W16/><G22/><T97/><D97/><U79/><E101/><V98/><F98/><W72/><G4/><T127/><D127/><U67/><E133/><V42/><REACH who="2" step="1"/><F37/><REACH who="2" ten="240,511,86,143" step="2"/><W93/><G5/><AGARI ba="0,2" hai="5,11,14,39,42,46,73,78,81,88,95,99,129,130" machi="5" ten="40,8000,1" yaku="1,1,2,1,54,1,53,2" doraHai="44" doraHaiUra="124" who="2" fromWho="3" sc="240,0,511,0,86,100,143,-80" owari="240,4.0,511,61.0,186,-21.0,63,-44.0" /></mjloggm>