<mjloggm ver="2.3"><GO type="97" lobby="0"/><UN n0="%E3%83%81%E3%83%A3%E3%83%83%E3%82%AF" n1="%E5%B0%B1%E6%B4%BB%E7%94%9F%40%E5%B7%9D%E6%9D%91%E8%BB%8D%E5%9B%A3" n2="%31%33%36%30" n3="%E3%82%AB%E3%83%9C%E3%83%81%E3%83%A3%E3%82%BF%E3%83%8D" dan="13,14,15,15" rate="1936.40,1949.13,2006.59,2039.20" sx="M,M,M,M"/><TAIKYOKU oya="0"/><INIT seed="0,0,0,1,3,11" ten="250,250,250,250" oya="0" hai0="47,133,129,45,27,35,38,60,75,86,135,42,98" hai1="61,67,124,7,34,90,13,54,44,94,99,123,97" hai2="51,24,28,31,83,41,50,6,18,105,85,30,26" hai3="96,89,79,63,109,84,48,46,87,15,5,16,104"/><T107/><D75/><U56/><E123/><V1/><F105/><W134/><G109/><T80/><D60/><U100/><E34/><V66/><F66/><W62/><G134/><N who="0" m="51211" /><D47/><U112/><E112/><V73/><F73/><W119/><G119/><T116/><D116/><U12/><E7/><V17/><F6/><W128/><G128/><T23/><D35/><U57/><E44/><N who="2" m="25871" /><F51/><W14/><G104/><T132/><D132/><U76/><E76/><N who="2" m="46311" /><F1/><W92/><G5/><T20/><D129/><U8/><E8/><V21/><F18/><W29/><G29/><N who="2" m="7425" /><V22/><DORA hai="82" /><F22/><N who="3" m="11543" /><G15/><AGARI ba="0,0" hai="15,17,21,24,26" m="7425,46311,25871" machi="15" ten="30,3900,0" yaku="8,1,52,2" doraHai="11,82" who="2" fromWho="3" sc="250,0,250,0,250,39,250,-39" /><INIT seed="1,0,0,4,2,106" ten="250,250,289,211" oya="1" hai0="131,79,129,120,66,128,30,117,46,64,99,75,71" hai1="25,80,63,47,100,127,133,56,110,10,118,43,24" hai2="5,91,74,97,108,11,102,35,112,55,54,70,105" hai3="73,1,121,89,114,132,6,50,134,58,26,39,59"/><U95/><E118/><V103/><F70/><W60/><G121/><T19/><D117/><U109/><E133/><V31/><F103/><W8/><G114/><T44/><D120/><U40/><E127/><V78/><F108/><N who="1" m="41577" /><E80/><V23/><F35/><W62/><G39/><T52/><D71/><U48/><E10/><V72/><F91/><W130/><G130/><T76/><D99/><N who="1" m="59519" /><E43/><V37/><F37/><W16/><G132/><T87/><D30/><U98/><E98/><V34/><F34/><W29/><G134/><T49/><D19/><U107/><E107/><V81/><F112/><W83/><G29/><T21/><D21/><U96/><E96/><V77/><F23/><W41/><G41/><T32/><D46/><U9/><E9/><V2/><F31/><W125/><G125/><T94/><D32/><U7/><E7/><V28/><F28/><W65/><G8/><T51/><D51/><U36/><E36/><V27/><F27/><W111/><G50/><T92/><D87/><U57/><E57/><V84/><F84/><N who="3" m="50335" /><G6/><T15/><D15/><U13/><E13/><V90/><F90/><W86/><G111/><T0/><D0/><U68/><E68/><V4/><F5/><W104/><G1/><T119/><D79/><U18/><E18/><V42/><F42/><W14/><G104/><T113/><D113/><U3/><E3/><V116/><F116/><W17/><G86/><T61/><D119/><U20/><E20/><V85/><F85/><W67/><G14/><T126/><D126/><U12/><E12/><V69/><F69/><W38/><G59/><RYUUKYOKU ba="0,0" sc="250,-15,250,15,289,15,211,-15" hai1="24,25,40,47,48,56,63" hai2="2,4,11,54,55,72,74,77,78,81,97,102,105" /><INIT seed="1,1,0,4,1,45" ten="235,265,304,196" oya="1" hai0="99,86,81,125,111,93,36,75,76,126,67,12,1" hai1="49,122,100,89,77,19,7,0,79,56,66,44,50" hai2="73,88,24,68,16,14,113,43,112,2,70,38,85" hai3="132,15,96,94,129,103,4,123,40,32,78,10,25"/><U47/><E122/><V101/><F73/><W84/><G123/><T57/><D36/><U35/><E35/><V80/><F2/><W63/><G132/><T131/><D1/><U11/><E100/><V21/><F101/><W13/><G129/><T54/><D67/><U69/><E69/><V83/><F80/><W82/><G63/><T5/><D131/><U110/><E110/><V59/><F59/><W87/><G13/><T20/><D75/><U115/><E115/><N who="2" m="44107" /><F43/><W128/><G128/><T71/><D71/><N who="2" m="27178" /><F38/><W9/><G9/><T72/><D72/><U124/><E124/><V62/><F62/><W51/><G84/><T119/><D119/><U28/><E28/><V37/><F37/><W108/><G108/><T91/><D111/><U55/><E19/><V58/><F58/><W8/><G8/><T114/><D114/><U22/><E22/><V130/><F130/><W6/><G6/><T74/><D74/><U33/><E33/><V133/><F24/><W90/><G32/><T92/><D92/><U134/><E134/><AGARI ba="1,0" hai="14,16,21,83,85,88,133,134" m="27178,44107" machi="134" ten="40,5200,0" yaku="11,1,54,2" doraHai="45" who="2" fromWho="1" sc="235,0,265,-55,304,55,196,0" /><INIT seed="2,0,0,1,3,97" ten="235,210,359,196" oya="2" hai0="77,64,99,25,71,45,3,5,88,79,31,18,9" hai1="51,78,19,118,89,14,6,87,48,52,117,106,26" hai2="34,61,94,127,90,86,128,101,130,112,4,37,21" hai3="30,84,46,11,122,119,126,73,57,135,42,53,103"/><V85/><F37/><W33/><G73/><T16/><D71/><U111/><E106/><V67/><F34/><W47/><G119/><T133/><D64/><U36/><E36/><V124/><F4/><W15/><G122/><T7/><D133/><U70/><E70/><V121/><F21/><W120/><G120/><T60/><D60/><U28/><E78/><V29/><F29/><W38/><G135/><T80/><D7/><U76/><E76/><V41/><F41/><W82/><G126/><N who="2" m="48169" /><F112/><W49/><G33/><T66/><D45/><U107/><E6/><V0/><F0/><W55/><G30/><T40/><D66/><U109/><E107/><V113/><F113/><W105/><G105/><T100/><D40/><U65/><E65/><V24/><F24/><W69/><G69/><T68/><D68/><U12/><E26/><V110/><F121/><W74/><G74/><T8/><D8/><N who="1" m="6535" /><E48/><V92/><F110/><N who="1" m="41993" /><E14/><V81/><F61/><W131/><G38/><T44/><D44/><N who="1" m="27751" /><E28/><V43/><F67/><W123/><G123/><T114/><D114/><U132/><E132/><V10/><F43/><W50/><G42/><T32/><D79/><U13/><E13/><V104/><F10/><W17/><G57/><T20/><D32/><U108/><N who="1" m="42001" /><U59/><DORA hai="129" /><E59/><V91/><F104/><W115/><G115/><T2/><D2/><U83/><AGARI ba="0,0" hai="83,87,89,117,118" m="27751,42001,6535" machi="83" ten="40,5200,0" yaku="25,1,14,1,54,1" doraHai="97,129" who="1" fromWho="1" sc="235,-13,210,52,359,-26,196,-13" /><INIT seed="3,0,0,1,4,10" ten="222,262,333,183" oya="3" hai0="1,24,55,59,7,106,63,72,62,44,19,80,64" hai1="118,103,75,117,71,81,6,107,28,52,9,25,130" hai2="57,90,29,92,95,73,15,16,33,116,88,13,120" hai3="23,102,30,112,98,70,78,49,60,32,61,79,45"/><W132/><G112/><T34/><D106/><U128/><E71/><V11/><F73/><W87/><G132/><T127/><D127/><U124/><E124/><V17/><F116/><N who="1" m="44649" /><E107/><V5/><F120/><W89/><G32/><T86/><D72/><U18/><E103/><V27/><F57/><W85/><G70/><T108/><D108/><U42/><E42/><V38/><F38/><W111/><G111/><T94/><D94/><U58/><E81/><V43/><F43/><W39/><G39/><T131/><D131/><U115/><E75/><V105/><F105/><W20/><G98/><T74/><D74/><U66/><E66/><V100/><F5/><W99/><G99/><T67/><D1/><N who="1" m="207" /><E18/><V12/><F100/><W46/><G102/><T91/><D7/><U76/><E76/><V133/><F133/><W129/><G129/><T104/><D104/><U22/><E115/><V84/><F17/><W54/><G30/><T65/><D34/><U119/><E119/><V134/><F134/><W3/><G3/><T41/><D41/><U125/><E125/><V8/><F8/><W47/><G89/><T113/><D113/><U122/><E122/><V21/><F11/><W14/><G79/><T77/><D44/><N who="3" m="17001" /><G78/><T26/><D77/><U0/><E0/><V69/><F69/><W96/><G96/><AGARI ba="0,0" hai="12,13,15,16,21,27,29,33,84,88,90,92,95,96" machi="96" ten="30,12000,2" yaku="7,1,52,3,54,2" doraHai="10" who="2" fromWho="3" sc="222,0,262,0,333,120,183,-120" owari="222,-18.0,262,6.0,453,56.0,63,-44.0" /></mjloggm>