<mjloggm ver="2.3"><GO type="169" lobby="0"/><UN n0="%E3%82%A6%E3%83%AB%E3%83%88%E3%83%A9%E7%AB%8B%E7%9B%B4" n1="%63%68%61%72%68%69%6D%65" n2="%E4%B8%8A%E6%9F%BF%E3%82%81%E3%81%90%E3%81%BF" n3="%E3%81%A1%E3%81%B3%E3%81%B2%E3%82%88" dan="17,16,16,16" rate="2200.31,2140.75,2121.13,2086.36" sx="M,F,F,M"/><TAIKYOKU oya="0"/><INIT seed="0,0,0,2,3,85" ten="250,250,250,250" oya="0" hai0="133,38,43,9,93,28,39,44,17,83,92,27,15" hai1="59,45,97,37,21,40,41,49,42,53,6,103,114" hai2="18,3,61,80,134,78,81,48,108,50,19,16,8" hai3="5,124,54,62,58,23,128,125,13,82,10,56,55"/><T64/><D133/><U14/><E114/><V31/><F108/><W102/><G128/><T70/><D39/><U113/><E113/><V57/><F134/><W100/><G82/><T76/><D64/><U120/><E120/><V117/><F117/><W20/><G20/><T109/><D70/><U91/><E103/><V84/><F31/><W87/><G87/><T111/><D93/><N who="1" m="56511" /><E37/><V107/><F107/><W4/><G4/><T95/><D95/><U112/><E112/><V47/><F3/><W88/><G23/><T67/><D92/><U90/><E90/><V46/><F8/><W30/><G30/><T130/><D67/><U119/><E119/><V60/><F57/><W2/><G2/><T69/><D69/><U22/><E6/><V122/><F122/><W36/><G36/><T0/><D0/><U33/><E33/><V24/><F24/><W127/><REACH who="3" step="1"/><G88/><REACH who="3" ten="250,250,250,240" step="2"/><T98/><D130/><U135/><E135/><V32/><F32/><W63/><AGARI ba="0,1" hai="5,10,13,54,55,56,58,62,63,100,102,124,125,127" machi="63" ten="30,8000,1" yaku="1,1,2,1,0,1,9,1,18,1,53,0" doraHai="85" doraHaiUra="118" who="3" fromWho="3" sc="250,-40,250,-20,250,-20,240,90" /><INIT seed="1,0,0,5,5,101" ten="210,230,230,330" oya="1" hai0="87,70,110,90,52,91,121,107,108,37,58,105,49" hai1="32,1,47,128,4,98,68,2,57,116,127,102,56" hai2="11,24,26,95,22,40,78,120,54,23,109,67,16" hai3="85,43,10,103,5,80,42,27,19,81,75,55,48"/><U119/><E68/><V133/><F120/><W63/><G75/><T39/><D70/><U50/><E32/><V99/><F109/><N who="0" m="42090" /><D121/><U135/><E128/><V66/><F133/><W89/><G103/><T113/><D113/><U114/><E114/><V100/><F40/><W18/><G63/><T17/><D17/><U132/><E127/><V106/><F78/><W3/><G80/><N who="0" m="49511" /><D91/><U94/><E119/><V112/><F112/><W88/><G89/><T30/><D30/><U31/><E31/><V117/><F117/><W41/><REACH who="3" step="1"/><G27/><REACH who="3" ten="210,230,230,320" step="2"/><T7/><D7/><U96/><E116/><V15/><F106/><AGARI ba="0,1" hai="37,39,49,52,58,105,106,107" m="49511,42090" machi="106" ten="30,8000,1" yaku="14,1,52,3,54,1" doraHai="101" who="0" fromWho="2" sc="210,90,230,0,230,-80,320,0" /><INIT seed="2,0,0,3,4,81" ten="300,230,150,320" oya="2" hai0="119,27,56,75,23,80,116,36,22,15,16,74,61" hai1="4,126,52,1,14,63,88,118,131,53,41,47,58" hai2="43,113,29,2,107,83,18,7,103,96,11,3,24" hai3="112,28,78,5,128,98,67,102,69,17,31,135,90"/><V132/><F113/><W35/><G78/><T129/><D36/><U94/><E118/><N who="0" m="45097" /><D80/><U65/><E131/><V122/><F122/><W133/><G128/><T125/><D125/><U44/><E126/><V120/><F120/><W21/><G5/><T89/><D89/><U19/><E1/><V114/><F114/><W39/><G39/><T110/><D110/><U93/><E4/><V45/><F132/><N who="3" m="50763" /><G90/><T34/><D34/><U100/><E100/><V51/><F18/><W50/><G35/><T13/><D13/><U84/><E94/><V37/><F51/><W68/><G50/><T48/><D48/><N who="1" m="26639" /><E47/><V57/><F57/><W124/><G124/><T76/><D76/><U127/><E127/><V42/><F42/><W62/><G69/><T97/><D97/><U9/><AGARI ba="0,0" hai="9,14,19,52,53,58,63,65,84,88,93" m="26639" machi="9" ten="30,7900,0" yaku="8,1,52,1,54,2" doraHai="81" who="1" fromWho="1" sc="300,-20,230,79,150,-39,320,-20" /><INIT seed="3,0,0,0,5,56" ten="280,309,111,300" oya="3" hai0="22,82,124,72,101,28,2,32,4,75,73,36,91" hai1="133,0,117,12,51,21,62,79,7,127,69,27,132" hai2="66,49,71,126,84,44,130,33,106,135,29,67,115" hai3="107,61,11,111,97,13,110,128,10,40,131,78,119"/><W94/><G119/><T96/><D22/><U26/><E117/><V47/><F106/><W48/><G107/><N who="0" m="63911" /><D91/><U74/><E127/><V58/><F84/><W50/><G78/><N who="0" m="44359" /><D124/><U95/><E79/><V112/><F29/><W25/><G25/><N who="0" m="18447" /><D36/><U89/><E74/><V6/><F33/><W103/><G13/><T5/><D5/><U9/><E51/><V30/><F30/><W3/><G3/><T98/><D98/><N who="1" m="57711" /><E21/><V46/><F6/><W125/><G125/><T14/><D14/><U108/><E12/><V41/><F126/><W104/><G94/><T59/><D59/><U90/><E90/><V63/><F130/><W105/><G97/><T76/><D76/><U54/><E54/><N who="2" m="32079" /><F135/><N who="1" m="51785" /><E108/><V68/><F41/><W134/><G134/><T109/><D109/><U19/><E19/><V52/><F52/><W123/><G40/><T16/><D16/><U23/><E23/><V120/><F120/><W92/><G123/><T18/><D18/><U8/><E8/><AGARI ba="0,0" hai="2,4,8,73,75" m="18447,44359,63911" machi="8" ten="30,2000,0" yaku="33,2" doraHai="56" who="0" fromWho="1" sc="280,20,309,-20,111,0,300,0" /><INIT seed="4,0,0,4,2,89" ten="300,289,111,300" oya="0" hai0="96,32,98,93,0,119,80,66,84,133,13,4,114" hai1="74,19,103,28,90,109,12,116,71,75,55,39,102" hai2="34,108,21,61,57,101,82,26,25,18,79,23,129" hai3="15,72,56,70,135,130,42,132,111,20,27,51,22"/><T124/><D32/><U62/><E116/><V47/><F108/><W118/><G118/><T31/><D0/><U41/><E109/><V77/><F129/><W67/><G72/><T30/><D119/><U122/><E28/><V88/><F34/><W97/><G111/><T95/><D66/><U131/><E122/><V7/><F101/><W45/><G70/><T52/><D124/><U63/><E131/><V2/><F47/><W104/><G130/><T48/><D114/><U35/><E35/><V86/><F7/><W8/><G67/><T99/><D133/><N who="3" m="51273" /><G56/><N who="0" m="32775" /><D30/><U121/><E75/><V123/><F2/><W76/><G76/><N who="0" m="46087" /><D31/><U128/><E74/><V54/><F123/><W6/><G27/><T105/><D105/><U117/><E121/><V94/><F82/><W14/><G14/><T92/><D99/><U17/><E71/><V44/><F44/><W50/><G50/><T58/><D58/><U125/><E117/><V24/><F24/><W49/><G49/><T38/><D38/><U83/><E39/><V3/><F3/><W112/><G112/><T40/><D40/><U37/><E41/><V73/><F73/><W126/><G126/><T110/><D110/><U81/><E37/><V9/><F9/><AGARI ba="0,0" hai="4,9,13,92,93,95,96,98" m="46087,32775" machi="9" ten="30,12000,1" yaku="8,1,52,3,54,1" doraHai="89" who="0" fromWho="2" sc="300,120,289,0,111,-120,300,0" owari="420,52.0,289,-11.0,-9,-51.0,300,10.0" /></mjloggm>