<mjloggm ver="2.3"><GO type="41" lobby="0"/><UN n0="%E3%83%96%E3%83%83%E3%83%95%E3%83%90%E3%83%AB%E5%8D%9C" n1="%E9%9B%80%E8%81%96%E5%93%B2%E5%A4%AB" n2="%E5%B0%B1%E6%B4%BB%E7%94%9F%40%E5%B7%9D%E6%9D%91%E8%BB%8D%E5%9B%A3" n3="%E3%82%A2%E3%83%95%E3%83%AD%E3%81%AA%E4%BE%8D" dan="13,13,14,14" rate="1830.71,1842.70,1976.36,1944.56" sx="M,F,M,M"/><TAIKYOKU oya="0"/><INIT seed="0,0,0,2,0,89" ten="250,250,250,250" oya="0" hai0="6,30,55,51,134,56,11,120,65,135,131,71,121" hai1="53,13,97,82,8,123,77,1,38,87,14,80,24" hai2="23,132,22,81,83,17,106,7,99,76,57,69,66" hai3="93,125,21,59,127,119,86,73,16,129,41,45,122"/><T36/><D30/><U130/><E123/><N who="0" m="47177" /><D11/><U29/><E38/><V63/><F132/><N who="0" m="50730" /><D6/><U124/><E1/><V15/><F7/><W31/><G31/><T37/><D131/><U107/><E14/><V102/><F69/><W101/><G129/><T49/><D49/><U20/><E130/><V52/><F66/><W118/><G59/><T108/><D108/><U5/><E53/><V105/><F105/><W34/><G34/><T33/><D33/><U3/><E3/><V78/><F78/><W113/><G41/><T128/><D128/><U96/><E80/><V18/><REACH who="2" step="1"/><F76/><REACH who="2" ten="250,250,240,250" step="2"/><W84/><G122/><T114/><D114/><U79/><E79/><V90/><F90/><W116/><G113/><T44/><D71/><U111/><E107/><V43/><F43/><W91/><G119/><T35/><D35/><U0/><E5/><V42/><F42/><W94/><G118/><T19/><D19/><U115/><E77/><V67/><F67/><W126/><G116/><T75/><D75/><U103/><E115/><V39/><F39/><N who="0" m="14922" /><D65/><U50/><E0/><V112/><F112/><W25/><G73/><T61/><D61/><U68/><E68/><V9/><F9/><W32/><G32/><T100/><D100/><U109/><E103/><V46/><F46/><AGARI ba="0,1" hai="44,46,51,55,56" m="14922,50730,47177" machi="46" ten="40,7700,0" yaku="20,1,34,2" doraHai="89" who="0" fromWho="2" sc="250,87,250,0,240,-77,250,0" /><INIT seed="0,1,0,5,2,126" ten="337,250,163,250" oya="0" hai0="65,5,72,133,21,56,42,103,83,93,43,37,25" hai1="135,26,73,38,19,82,24,9,78,100,14,3,31" hai2="117,36,17,114,29,12,59,0,11,16,61,125,101" hai3="66,8,119,99,92,28,112,62,87,106,34,54,121"/><T47/><D133/><U120/><E135/><V123/><F114/><W2/><G119/><T49/><D5/><U77/><E77/><V88/><F123/><W76/><G112/><T75/><D83/><U110/><E120/><V63/><F117/><W20/><G34/><T70/><D103/><U124/><E38/><V50/><F36/><W23/><G106/><T33/><D33/><U52/><E3/><V116/><F0/><W102/><G54/><T79/><D93/><U39/><E39/><V55/><F116/><W18/><G28/><T30/><D79/><U98/><E110/><V53/><F29/><W118/><G118/><T129/><D129/><U122/><E122/><V22/><F101/><W91/><G76/><T132/><D132/><U96/><E124/><V40/><F125/><W89/><G89/><T86/><D86/><U74/><E74/><V84/><F40/><W1/><G1/><T67/><D43/><U13/><E100/><V57/><F50/><W45/><G45/><T104/><D104/><U108/><E108/><V7/><F22/><W64/><G2/><T4/><D4/><U105/><E105/><V97/><F97/><W51/><G51/><T115/><D115/><U90/><E90/><V107/><F107/><W134/><G134/><T27/><D27/><U32/><E13/><V109/><F109/><W41/><G121/><T80/><D80/><AGARI ba="1,0" hai="7,11,12,16,17,53,55,57,59,61,63,80,84,88" machi="80" ten="30,8000,1" yaku="7,1,9,1,8,1,54,2" doraHai="126" who="2" fromWho="0" sc="337,-83,250,0,163,83,250,0" /><INIT seed="1,0,0,0,0,26" ten="254,250,246,250" oya="1" hai0="101,45,36,65,62,99,80,6,90,56,50,120,124" hai1="111,83,69,130,33,19,134,74,48,64,93,55,11" hai2="41,123,25,1,7,132,96,3,43,70,73,79,121" hai3="127,86,72,95,105,115,75,28,39,27,0,60,122"/><U2/><E33/><V118/><F70/><W46/><G0/><T98/><D120/><U44/><E69/><V12/><F118/><W38/><G122/><T10/><D124/><U103/><E64/><V89/><F132/><W68/><G105/><T57/><D36/><U128/><E134/><V51/><F73/><W108/><G108/><T67/><D80/><U59/><E103/><V34/><F79/><W24/><G115/><T22/><D90/><U106/><E106/><V125/><F51/><W29/><G46/><T113/><D113/><U77/><E93/><V87/><F96/><W81/><G95/><T16/><D67/><U23/><E111/><V135/><F135/><W53/><G53/><T14/><D57/><U8/><E128/><V107/><F107/><W78/><G60/><T49/><D101/><U97/><E97/><N who="0" m="36873" /><D45/><U109/><E109/><V71/><F125/><W133/><G133/><T13/><AGARI ba="0,0" hai="6,10,13,14,16,22,49,50,56,62,65" m="36873" machi="13" ten="30,2000,0" yaku="8,1,54,1" doraHai="26" who="0" fromWho="0" sc="254,20,250,-10,246,-5,250,-5" /><INIT seed="2,0,0,3,5,119" ten="274,240,241,245" oya="2" hai0="100,104,28,76,87,13,39,41,103,110,128,60,123" hai1="59,33,5,79,11,88,12,24,74,111,32,112,131" hai2="116,132,89,124,92,20,30,81,22,10,42,17,73" hai3="29,49,56,125,133,84,77,102,40,64,90,37,2"/><V130/><F116/><W96/><G2/><T80/><D123/><U14/><E112/><V97/><F130/><W36/><G133/><T94/><D128/><U50/><E131/><V68/><F68/><W26/><G77/><T75/><D110/><U51/><E111/><V23/><F124/><W16/><G40/><T114/><D28/><U19/><E74/><V122/><F132/><W57/><G57/><T52/><D114/><U105/><E105/><V98/><F122/><W55/><G64/><T93/><D13/><U6/><E79/><V43/><F30/><W115/><G115/><T9/><D9/><U38/><E38/><V7/><F17/><W53/><G53/><T106/><D52/><U25/><E59/><V78/><REACH who="2" step="1"/><F98/><REACH who="2" ten="274,240,231,245" step="2"/><W61/><G125/><T129/><D129/><U69/><E19/><V70/><F70/><W71/><G71/><T91/><D106/><U99/><E69/><V135/><F135/><W15/><G29/><T54/><D104/><U127/><E99/><V45/><F45/><W44/><G96/><T3/><D103/><U31/><E31/><V18/><F18/><W62/><G102/><T86/><D100/><U8/><E127/><V118/><F118/><W95/><G44/><T0/><D39/><U66/><E66/><V27/><F27/><W109/><G26/><T67/><D67/><U107/><E107/><V48/><F48/><W46/><G109/><T83/><D41/><U108/><E108/><V85/><F85/><W34/><G37/><T4/><D86/><U134/><E134/><V120/><F120/><W72/><G36/><RYUUKYOKU ba="0,1" sc="274,-15,240,15,231,15,245,-15" hai1="5,6,8,11,12,14,24,25,32,33,50,51,88" hai2="7,10,20,22,23,42,43,73,78,81,89,92,97" /><INIT seed="2,1,1,1,0,66" ten="259,255,246,230" oya="2" hai0="77,107,37,86,35,31,132,114,73,14,13,76,78" hai1="98,32,61,124,20,11,103,93,68,116,96,1,17" hai2="95,3,60,83,12,34,99,63,117,10,105,71,52" hai3="134,38,92,29,129,53,84,123,8,133,89,51,102"/><V50/><F117/><W41/><G123/><T94/><D114/><U54/><E116/><V15/><F105/><W119/><G119/><T58/><D107/><U44/><E32/><V26/><F3/><W6/><G29/><T110/><D37/><U16/><E124/><V25/><F83/><W19/><G19/><T111/><D73/><U72/><E72/><V28/><F25/><W62/><G62/><T108/><D58/><U23/><E98/><V91/><F15/><W5/><G102/><T7/><D132/><N who="3" m="50793" /><G129/><T9/><D14/><U100/><E100/><V70/><F63/><W126/><G126/><T125/><D125/><U67/><E54/><V101/><F60/><W40/><G38/><T112/><D112/><U75/><E75/><V90/><F90/><W0/><G5/><T80/><REACH who="0" step="1"/><D94/><REACH who="0" ten="249,255,246,230" step="2"/><U122/><E122/><V74/><F74/><W120/><G120/><T109/><N who="0" m="28160" /><DORA hai="57" /><T47/><D47/><AGARI ba="1,2" hai="0,6,8,40,41,47,51,53,84,89,92" m="50793" machi="47" ten="30,1000,0" yaku="20,1" doraHai="66,57" who="3" fromWho="0" sc="249,-13,255,0,246,0,230,33" /><INIT seed="3,0,0,0,2,24" ten="236,255,246,263" oya="3" hai0="108,12,78,127,17,123,62,19,81,129,69,1,90" hai1="135,5,99,23,80,125,44,39,42,124,32,70,111" hai2="107,3,48,58,59,94,121,67,16,126,52,45,120" hai3="47,71,91,18,38,96,119,132,54,72,27,21,118"/><W26/><G72/><T33/><D123/><N who="2" m="47178" /><F107/><W8/><G71/><T61/><D108/><U86/><E70/><V55/><F3/><W36/><G132/><T112/><D129/><U76/><E135/><V14/><F126/><W7/><G38/><T134/><D127/><U82/><E111/><V30/><F67/><W89/><G27/><T84/><D134/><U41/><E32/><V104/><F104/><W20/><G20/><T28/><D112/><U56/><E23/><N who="2" m="11671" /><F30/><W102/><G118/><T98/><D1/><U10/><E125/><V133/><F133/><W66/><G66/><T63/><D69/><U34/><E34/><V51/><F94/><W122/><G122/><T40/><D40/><U85/><E42/><V115/><F115/><W15/><G119/><T95/><REACH who="0" step="1"/><D12/><REACH who="0" ten="226,255,246,263" step="2"/><U128/><E124/><V2/><F2/><W43/><REACH who="3" step="1"/><G54/><REACH who="3" ten="226,255,246,253" step="2"/><T0/><D0/><U83/><E128/><V100/><F100/><W105/><AGARI ba="0,2" hai="7,8,15,18,21,26,36,43,47,89,91,96,102,105" machi="105" ten="20,7800,0" yaku="1,1,2,1,0,1,7,1,53,0" doraHai="24" doraHaiUra="49" who="3" fromWho="3" sc="226,-26,255,-26,246,-26,253,98" /><INIT seed="3,1,0,2,1,80" ten="200,229,220,351" oya="3" hai0="130,51,40,107,31,110,74,19,68,0,116,109,118" hai1="101,53,50,91,94,72,48,85,22,28,44,69,21" hai2="113,39,8,16,54,64,83,81,98,1,76,42,108" hai3="27,82,77,75,92,61,79,9,123,125,93,124,90"/><W135/><G123/><T11/><D107/><U7/><E72/><V6/><F113/><W120/><G120/><T47/><D74/><U33/><E69/><V23/><F108/><N who="0" m="41578" /><D68/><U134/><E7/><V3/><F3/><W25/><G135/><T36/><D130/><U84/><E134/><V2/><F2/><W38/><G38/><T95/><D31/><U37/><E37/><V56/><F64/><W15/><G79/><T29/><D29/><U59/><E33/><V24/><F98/><W46/><G46/><T133/><D133/><U57/><E101/><V89/><F89/><W78/><G78/><T32/><D32/><U73/><E73/><V104/><F104/><W35/><G35/><T18/><D95/><U10/><E10/><V103/><F103/><W128/><G128/><T12/><D0/><U55/><E57/><V122/><F122/><W13/><G93/><T41/><D18/><U4/><E4/><V17/><F17/><W114/><G114/><T65/><D65/><U117/><E117/><N who="0" m="45161" /><D36/><U58/><E58/><V14/><F1/><W34/><G34/><T100/><D100/><U129/><E129/><V132/><F132/><W121/><G121/><T43/><AGARI ba="1,0" hai="11,12,19,40,41,43,47,51" m="45161,41578" machi="43" ten="40,1500,0" yaku="14,1" doraHai="80" who="0" fromWho="0" sc="200,18,229,-5,220,-5,351,-8" /><INIT seed="4,0,0,4,5,81" ten="218,224,215,343" oya="0" hai0="121,12,104,123,105,59,8,115,4,131,38,111,118" hai1="122,19,34,40,102,6,93,68,107,31,133,91,112" hai2="24,39,37,29,3,21,49,89,73,72,129,62,1" hai3="28,14,70,94,2,54,32,58,44,67,63,82,53"/><T13/><D38/><U119/><E122/><V11/><F129/><W74/><G2/><T18/><D131/><U46/><E68/><V27/><F62/><W66/><G94/><T92/><D118/><U95/><E107/><V97/><F49/><W0/><G0/><T69/><D69/><U127/><E6/><V5/><F1/><W47/><G32/><T30/><D30/><U16/><E119/><V15/><F3/><W130/><G28/><T26/><D59/><U101/><E31/><V35/><F72/><W96/><G96/><T52/><D26/><U114/><E34/><V20/><F73/><W57/><G14/><T99/><D115/><N who="1" m="44075" /><E127/><V132/><F132/><W125/><G74/><T60/><D111/><U117/><E133/><V109/><F109/><W116/><G116/><T64/><D123/><U100/><E95/><V78/><F78/><W65/><G82/><T45/><D121/><U113/><E117/><V110/><F110/><W75/><G75/><T56/><D45/><N who="3" m="17481" /><G125/><T42/><D42/><U135/><E135/><V79/><F79/><W76/><G76/><T9/><REACH who="0" step="1"/><D64/><REACH who="0" ten="208,224,215,343" step="2"/><N who="3" m="24681" /><G130/><T48/><D48/><N who="1" m="26695" /><E113/><V108/><F108/><W87/><G58/><T77/><D77/><U88/><E91/><AGARI ba="0,1" hai="4,8,9,12,13,18,52,56,60,91,92,99,104,105" machi="91" ten="30,5800,0" yaku="1,1,7,1,54,1,53,0" doraHai="81" doraHaiUra="128" who="0" fromWho="1" sc="208,68,224,-58,215,0,343,0" /><INIT seed="4,1,0,2,5,93" ten="276,166,215,343" oya="0" hai0="69,131,99,10,36,73,119,109,19,64,130,17,39" hai1="120,74,12,15,38,118,94,35,34,75,47,27,3" hai2="108,13,57,85,128,55,51,2,79,105,54,48,63" hai3="100,33,65,95,133,4,82,5,56,103,68,132,1"/><T135/><D73/><U23/><E3/><V117/><F2/><W70/><G33/><T72/><D72/><U115/><E120/><V134/><F105/><W92/><G1/><T77/><D77/><U91/><E118/><V101/><F117/><W83/><G65/><T114/><D119/><U31/><E115/><V21/><F128/><W26/><G26/><T98/><D114/><U62/><E34/><V71/><F108/><W84/><G84/><T8/><D109/><U14/><E35/><V89/><F134/><W127/><REACH who="3" step="1"/><G56/><REACH who="3" ten="276,166,215,333" step="2"/><T126/><D135/><U41/><REACH who="1" step="1"/><E62/><REACH who="1" ten="276,156,215,333" step="2"/><V0/><F63/><W46/><G46/><T123/><D123/><U96/><AGARI ba="1,2" hai="12,14,15,23,27,31,38,41,47,74,75,91,94,96" machi="96" ten="30,8000,1" yaku="1,1,2,1,0,1,52,1,53,1" doraHai="93" doraHaiUra="20" who="1" fromWho="1" sc="276,-41,156,103,215,-21,333,-21" /><INIT seed="5,0,0,0,4,56" ten="235,259,194,312" oya="1" hai0="76,91,96,52,40,9,86,94,44,122,129,2,81" hai1="10,84,31,107,29,111,118,41,126,90,36,131,61" hai2="17,74,7,71,60,123,24,83,108,3,79,115,54" hai3="98,0,124,117,106,23,22,11,101,85,43,55,46"/><U112/><E118/><V45/><F108/><W133/><G124/><T63/><D122/><U103/><E111/><V18/><F123/><W65/><G117/><T92/><D129/><U132/><E131/><V125/><F125/><W70/><G55/><T64/><D2/><U19/><E126/><V89/><F115/><W109/><G109/><T82/><D9/><U6/><E112/><V15/><F3/><W97/><G97/><T5/><D5/><U93/><E107/><V50/><F24/><W4/><G133/><T119/><D119/><U66/><E103/><V21/><F7/><W42/><G85/><T88/><D52/><U34/><E19/><V75/><F89/><W33/><G33/><T102/><D64/><U53/><E53/><V30/><F30/><W130/><G130/><T14/><D63/><U99/><E99/><V13/><F71/><W68/><G43/><T39/><D14/><U12/><E41/><V127/><F127/><W49/><G70/><T69/><D69/><U87/><E87/><V105/><F105/><W25/><G25/><T78/><REACH who="0" step="1"/><D82/><REACH who="0" ten="225,259,194,312" step="2"/><U104/><E66/><V67/><F67/><W135/><G65/><T121/><D121/><U32/><E6/><V128/><F60/><W120/><G68/><T38/><D38/><U48/><E36/><V95/><F128/><W20/><G120/><T27/><D27/><U59/><E34/><V1/><F1/><W80/><G80/><T8/><D8/><U28/><E10/><V116/><F116/><W134/><AGARI ba="0,1" hai="0,4,11,20,22,23,42,46,49,98,101,106,134,135" machi="134" ten="30,1100,0" yaku="0,1" doraHai="56" who="3" fromWho="3" sc="225,-3,259,-5,194,-3,312,21" /><INIT seed="6,0,0,1,1,48" ten="222,254,191,333" oya="2" hai0="70,93,75,112,116,69,81,59,132,39,109,6,10" hai1="60,44,96,124,16,68,71,35,7,125,15,77,101" hai2="55,105,85,8,25,123,114,66,99,119,58,42,34" hai3="22,21,17,121,113,89,33,88,135,3,27,45,41"/><V120/><F119/><W128/><G121/><T86/><D116/><U129/><E35/><V28/><F114/><W13/><G3/><T52/><D112/><U56/><E77/><V73/><F73/><W100/><G128/><T19/><D132/><U30/><E30/><V26/><F66/><W111/><G111/><T98/><D109/><U133/><E7/><V61/><F42/><W14/><G33/><T54/><D39/><U122/><E122/><V40/><F40/><W38/><G135/><T5/><D75/><U9/><E129/><V18/><F85/><W63/><G100/><T131/><D131/><U12/><E44/><V80/><F80/><W104/><G104/><T108/><D108/><U102/><E12/><V115/><F115/><W117/><G117/><T127/><D127/><N who="1" m="48715" /><E133/><V32/><F32/><W106/><G106/><T57/><D70/><N who="1" m="26667" /><E96/><V53/><F53/><AGARI ba="0,0" hai="9,15,16,53,56,60,101,102" m="26667,48715" machi="53" ten="30,3900,0" yaku="18,1,52,1,54,1" doraHai="48" who="1" fromWho="2" sc="222,0,254,39,191,-39,333,0" /><INIT seed="7,0,0,5,5,13" ten="222,293,152,333" oya="3" hai0="129,130,11,131,121,73,109,1,123,53,37,6,95" hai1="92,61,59,90,49,56,79,98,127,67,23,104,119" hai2="68,51,29,42,55,7,72,43,133,112,114,25,83" hai3="19,116,88,74,126,40,135,110,99,132,85,26,38"/><W91/><G74/><T102/><D37/><U122/><E119/><V12/><F68/><W87/><G116/><T9/><D73/><U125/><E122/><V57/><F133/><N who="3" m="51275" /><G110/><T118/><D118/><U97/><E79/><V105/><F105/><W66/><G66/><T84/><D109/><U20/><E104/><V14/><F42/><W33/><G99/><N who="0" m="59775" /><D11/><U17/><E98/><V28/><F43/><W117/><G117/><T115/><D84/><N who="3" m="32329" /><G126/><T93/><D93/><U65/><E127/><V21/><F29/><N who="3" m="19639" /><G19/><T48/><D115/><U94/><E125/><V103/><F103/><W107/><G107/><T64/><D64/><U52/><E65/><V63/><F63/><W82/><G82/><T71/><D71/><U96/><E17/><V128/><F128/><N who="0" m="32770" /><T3/><DORA hai="70" /><D3/><U100/><AGARI ba="0,0" hai="20,23,49,52,56,59,61,67,90,92,94,96,97,100" machi="100" ten="20,5200,0" yaku="0,1,7,1,8,1,54,1" doraHai="13,70" who="1" fromWho="1" sc="222,-13,293,52,152,-13,333,-26" owari="209,-19.0,345,44.0,139,-36.0,307,11.0" /></mjloggm>