<mjloggm ver="2.3"><GO type="169" lobby="0"/><UN n0="%E3%81%8A%E7%9F%A5%E3%82%89%E3%81%9B" n1="%47%E3%83%A8%E9%BE%8D%E9%96%80" n2="%E3%81%8F%E3%82%8D%E3%81%AF%E3%81%A1" n3="%E3%82%A6%E3%83%AB%E3%83%88%E3%83%A9%E7%AB%8B%E7%9B%B4" dan="16,16,16,17" rate="2082.31,2106.61,2145.40,2162.13" sx="M,M,M,M"/><TAIKYOKU oya="0"/><INIT seed="0,0,0,2,5,64" ten="250,250,250,250" oya="0" hai0="99,89,121,39,38,8,82,83,23,68,30,42,54" hai1="10,72,32,19,130,128,17,4,46,78,118,43,3" hai2="102,93,59,107,65,60,122,11,119,92,90,67,63" hai3="125,28,132,114,115,7,112,47,56,127,80,37,49"/><T18/><D121/><U98/><E118/><V71/><F122/><W100/><G100/><T73/><D30/><U55/><E32/><V94/><F119/><W62/><G28/><T79/><D8/><U26/><E55/><V36/><F36/><W6/><G80/><T81/><D81/><N who="1" m="45255" /><E98/><V53/><F11/><W9/><G9/><T133/><D133/><U91/><E91/><V126/><F126/><N who="3" m="48139" /><G37/><T25/><D42/><U101/><E101/><V109/><F109/><W31/><G31/><T1/><D1/><U12/><E26/><V87/><REACH who="2" step="1"/><F53/><REACH who="2" ten="250,250,240,250" step="2"/><N who="3" m="34063" /><G132/><T113/><D54/><AGARI ba="0,1" hai="6,7,47,49,54,112,114,115" m="34063,48139" machi="54" ten="40,1300,0" yaku="18,1" doraHai="64" who="3" fromWho="0" sc="250,-13,250,0,240,0,250,23" /><INIT seed="1,0,0,1,3,70" ten="237,250,240,273" oya="1" hai0="116,2,46,121,58,127,118,133,24,21,89,13,91" hai1="101,78,79,132,107,29,19,115,39,106,44,98,47" hai2="113,111,56,135,4,103,80,119,69,37,124,27,122" hai3="73,53,6,0,63,99,9,100,134,85,59,97,20"/><U93/><E115/><V129/><RYUUKYOKU type="yao9" ba="0,0" sc="237,0,250,0,240,0,273,0" hai2="4,27,37,56,69,80,103,111,113,119,122,124,129,135" /><INIT seed="1,1,0,2,3,38" ten="237,250,240,273" oya="1" hai0="31,118,43,12,29,35,117,83,58,55,2,21,20" hai1="45,24,65,41,135,54,26,122,116,46,124,78,70" hai2="99,42,106,75,30,101,119,105,130,59,89,27,48" hai3="6,114,7,77,100,56,93,39,8,107,113,92,44"/><U84/><E116/><V112/><F119/><W94/><G77/><T51/><D2/><U5/><E122/><V115/><F75/><W13/><G6/><T1/><D1/><U28/><E135/><V11/><F11/><W111/><G111/><T95/><D95/><U123/><E123/><V32/><F89/><W22/><G22/><T69/><D69/><U108/><E108/><V134/><F134/><W37/><G56/><T127/><D127/><U80/><E124/><V74/><F74/><W47/><G107/><T68/><D68/><U40/><E5/><V52/><F130/><W63/><G63/><T121/><D121/><U86/><E54/><V131/><F131/><W53/><G100/><T88/><D35/><U87/><E65/><V19/><F19/><W109/><G109/><T73/><D73/><U0/><E0/><V34/><F105/><W90/><G90/><T4/><D117/><U82/><E70/><V33/><REACH who="2" step="1"/><F42/><REACH who="2" ten="237,250,230,273" step="2"/><N who="1" m="16489" /><E78/><V57/><F57/><W15/><G7/><T66/><D43/><U81/><E28/><V9/><F9/><W3/><G8/><N who="0" m="4103" /><D118/><U61/><E61/><V10/><F10/><W126/><G126/><T23/><D66/><U133/><E133/><V16/><F16/><W125/><G125/><T76/><D76/><U14/><E14/><V79/><F79/><W36/><G15/><T96/><D29/><U98/><E98/><V64/><F64/><W103/><G13/><T102/><D31/><U71/><E71/><V67/><F67/><W49/><G3/><T85/><D96/><U97/><E97/><V129/><F129/><RYUUKYOKU ba="1,1" sc="237,10,250,10,230,10,273,-30" hai0="20,21,23,51,55,58,83,85,88,102" hai1="24,26,45,46,80,81,82,84,86,87" hai2="27,30,32,33,34,48,52,59,99,101,106,112,115" /><INIT seed="1,2,1,0,1,130" ten="247,260,240,243" oya="1" hai0="105,45,1,27,97,109,107,94,54,43,3,95,113" hai1="99,50,39,9,118,19,16,96,13,71,14,129,10" hai2="108,31,68,103,44,61,124,115,40,34,110,37,64" hai3="69,11,78,70,24,116,5,57,2,81,98,77,100"/><U56/><E118/><V4/><F4/><W125/><G116/><T120/><D113/><U127/><E129/><V63/><F103/><W15/><G125/><T131/><D131/><U102/><E127/><V91/><F124/><W74/><G78/><T53/><D27/><U123/><E123/><V117/><F117/><W80/><G80/><T135/><D120/><U6/><E71/><N who="2" m="42399" /><F91/><W65/><G15/><T8/><D8/><U38/><E6/><V35/><F115/><W41/><G41/><T25/><D25/><U0/><E0/><V33/><F31/><W66/><G24/><T111/><D43/><U22/><E22/><V23/><F23/><W62/><REACH who="3" step="1"/><G66/><AGARI ba="2,1" hai="33,34,35,37,40,44,61,66,68,108,110" m="42399" machi="66" ten="40,1300,0" yaku="23,1" doraHai="130" who="2" fromWho="3" sc="247,0,260,0,240,29,243,-19" /><INIT seed="2,0,0,5,4,14" ten="247,260,269,224" oya="2" hai0="19,54,99,39,2,70,113,38,98,5,87,6,90" hai1="105,76,80,4,32,28,49,1,109,103,12,133,71" hai2="82,42,51,73,47,97,86,52,26,64,18,108,91" hai3="23,135,25,104,8,85,36,78,114,58,121,33,59"/><V120/><F120/><W126/><G121/><T22/><D70/><U118/><E118/><V123/><F123/><W77/><G114/><T29/><D29/><U75/><E133/><V117/><F117/><W127/><G33/><T41/><D113/><U81/><E81/><V101/><F108/><W53/><G104/><T134/><D134/><U84/><E109/><V48/><F73/><W17/><G36/><T10/><D5/><U61/><E49/><V124/><F124/><N who="3" m="47659" /><G135/><T43/><D39/><U72/><E1/><V89/><F64/><W66/><G85/><T111/><D111/><U55/><E4/><V11/><F101/><W30/><G66/><T116/><D116/><U93/><E12/><N who="2" m="7455" /><F26/><W45/><G45/><T57/><D38/><U128/><E105/><V67/><F67/><W15/><G59/><T110/><D110/><U112/><E112/><V122/><F122/><W107/><G107/><T35/><D35/><U9/><E72/><V115/><F115/><W0/><G0/><T37/><D37/><U24/><E75/><V129/><F129/><W34/><G34/><T132/><D132/><U44/><E128/><V131/><F131/><W74/><G74/><T79/><D79/><U31/><E76/><N who="2" m="46407" /><F97/><W20/><G8/><T13/><D99/><U62/><E9/><V56/><AGARI ba="0,0" hai="42,47,48,51,52,56,89,91" m="46407,7455" machi="56" ten="30,6000,0" yaku="8,1,52,1,54,1" doraHai="14" who="2" fromWho="2" sc="247,-20,260,-20,269,60,224,-20" /><INIT seed="2,1,0,0,3,107" ten="227,240,329,204" oya="2" hai0="134,74,129,15,44,56,8,108,92,127,130,71,53" hai1="77,76,60,85,121,103,40,48,16,45,78,58,70" hai2="104,23,75,42,47,33,2,59,126,97,94,113,118" hai3="131,32,79,73,91,132,87,105,106,26,34,22,72"/><V19/><F33/><W55/><G34/><T35/><D71/><U110/><E110/><V96/><F2/><W125/><G32/><T5/><D35/><U62/><E121/><V31/><F31/><W17/><G125/><T133/><D108/><U50/><E70/><V101/><F126/><W30/><G132/><N who="0" m="50795" /><D44/><U3/><E3/><V88/><F118/><W11/><G131/><N who="0" m="50187" /><D127/><U24/><E103/><V99/><F113/><W68/><G68/><T135/><N who="0" m="50803" /><T21/><DORA hai="81" /><D92/><U100/><E100/><V43/><F47/><W39/><G106/><T7/><D21/><N who="1" m="13351" /><E85/><N who="2" m="52495" /><F101/><W61/><G105/><T93/><D93/><U98/><E98/><V25/><F104/><W83/><G39/><T10/><D74/><U128/><E128/><V82/><F75/><W38/><G38/><T115/><D115/><U41/><E41/><N who="2" m="15371" /><F82/><W20/><G73/><T12/><D56/><AGARI ba="1,0" hai="19,23,25,56,59,96,97,99" m="15371,52495" machi="56" ten="30,5800,0" yaku="8,1,52,1,54,1" doraHai="107,81" who="2" fromWho="0" sc="227,-61,240,0,329,61,204,0" /><INIT seed="2,2,0,5,2,87" ten="166,240,390,204" oya="2" hai0="37,7,131,89,95,25,111,59,106,135,86,128,0" hai1="57,85,78,103,51,117,70,5,96,58,71,112,102" hai2="132,82,126,45,91,110,104,27,69,80,98,120,65" hai3="2,40,17,18,14,84,8,130,32,119,53,44,29"/><V39/><F120/><W35/><G119/><T31/><D106/><U122/><E117/><V50/><F39/><W62/><G130/><T100/><D37/><U123/><E112/><V101/><F126/><W81/><G2/><T3/><D100/><N who="1" m="38443" /><E96/><V4/><F132/><W68/><G29/><T30/><D30/><U116/><E5/><V134/><F134/><W36/><G18/><T108/><D135/><U63/><E116/><V74/><F74/><W66/><REACH who="3" step="1"/><G53/><REACH who="3" ten="166,240,390,194" step="2"/><T76/><D0/><U24/><E123/><V99/><F4/><W13/><G13/><T55/><D7/><U9/><E122/><V48/><F27/><W46/><G46/><T67/><D3/><U113/><E24/><V114/><F45/><W15/><G15/><T56/><D25/><U41/><E113/><V20/><F114/><W107/><G107/><T1/><D31/><U115/><E115/><V22/><F104/><W47/><G47/><T60/><D1/><U11/><E71/><V97/><F69/><W127/><G127/><T54/><D54/><N who="1" m="34263" /><E70/><V83/><F101/><W64/><G64/><T52/><D67/><U19/><E19/><V21/><F65/><W79/><AGARI ba="2,1" hai="8,14,17,32,35,36,40,44,62,66,68,79,81,84" machi="79" ten="20,5200,0" yaku="1,1,0,1,7,1,53,1" doraHai="87" doraHaiUra="75" who="3" fromWho="3" sc="166,-15,240,-15,390,-28,194,68" /><INIT seed="3,0,0,5,0,61" ten="151,225,362,262" oya="3" hai0="8,120,55,5,1,76,7,35,10,84,13,33,106" hai1="24,131,100,92,133,108,134,135,66,38,98,27,54" hai2="52,126,116,91,39,17,37,117,94,127,42,25,48" hai3="40,71,43,19,113,104,3,50,83,28,59,15,75"/><W130/><G3/><T57/><D106/><U124/><E108/><V56/><F25/><N who="1" m="9801" /><E131/><V4/><F4/><W44/><G71/><T9/><D120/><U97/><E124/><N who="2" m="47659" /><F17/><W79/><G104/><T109/><D109/><U114/><E114/><V49/><F49/><W65/><G28/><T85/><D9/><U14/><E38/><N who="2" m="14347" /><F42/><W88/><G130/><T90/><D76/><U72/><E72/><V21/><F21/><W78/><G113/><T101/><D101/><N who="1" m="60583" /><E14/><V23/><F23/><N who="3" m="11775" /><G75/><T30/><D30/><U132/><N who="1" m="33792" /><DORA hai="6" /><U112/><E54/><V31/><F31/><W63/><G40/><T119/><D119/><U73/><E73/><V102/><F102/><W34/><G34/><T41/><D41/><U53/><E53/><V12/><F12/><W20/><G20/><T51/><REACH who="0" step="1"/><D84/><AGARI ba="0,0" hai="48,52,56,84,91,94,116,117" m="14347,47659" machi="84" ten="30,2000,0" yaku="18,1,54,1" doraHai="61,6" who="2" fromWho="0" sc="151,-20,225,0,362,20,262,0" /><AGARI ba="0,0" hai="43,44,50,59,63,65,78,79,83,84,88" m="11775" machi="84" ten="30,5800,0" yaku="8,1,52,1,54,1" doraHai="61,6" who="3" fromWho="0" sc="131,-58,225,0,382,0,262,58" /><INIT seed="3,1,0,2,4,130" ten="73,225,382,320" oya="3" hai0="118,6,8,3,92,105,103,40,85,47,17,102,94" hai1="76,13,123,9,88,135,116,2,127,61,31,5,77" hai2="24,113,109,52,68,1,115,96,63,70,117,65,45" hai3="107,89,125,59,67,27,19,49,62,37,35,64,56"/><W106/><G37/><T119/><D17/><U23/><E123/><V20/><F1/><W50/><G125/><T112/><D112/><U16/><E127/><V114/><F117/><W84/><G107/><T66/><D66/><U29/><E116/><V15/><F109/><W101/><G101/><T78/><D103/><U131/><E131/><V93/><F15/><W0/><G0/><T83/><D105/><U87/><E135/><V12/><F12/><W26/><G106/><T21/><D21/><U30/><REACH who="1" step="1"/><E61/><REACH who="1" ten="73,215,382,320" step="2"/><V110/><F110/><W72/><G72/><T100/><D118/><U98/><E98/><V129/><F129/><W104/><G104/><T51/><D119/><U44/><E44/><V22/><F45/><W121/><G121/><T81/><D100/><U42/><E42/><V80/><F113/><W55/><G62/><T134/><D134/><U99/><E99/><V126/><F96/><W41/><G41/><T86/><REACH who="0" step="1"/><D102/><REACH who="0" ten="63,215,382,320" step="2"/><U74/><E74/><V14/><F114/><W53/><G67/><T10/><D10/><U34/><E34/><V57/><F115/><W7/><G64/><T60/><D60/><U79/><E79/><AGARI ba="1,2" hai="3,6,8,40,47,51,78,79,81,83,85,86,92,94" machi="79" ten="30,3900,0" yaku="1,1,7,1,9,1,53,0" doraHai="130" doraHaiUra="25" who="0" fromWho="1" sc="63,62,215,-42,382,0,320,0" /><INIT seed="4,0,0,2,0,58" ten="125,173,382,320" oya="0" hai0="122,17,109,45,35,47,126,18,90,99,130,43,121" hai1="73,3,25,27,22,77,108,66,105,96,97,20,114" hai2="59,112,5,57,95,39,24,127,103,123,46,40,120" hai3="100,117,1,41,50,110,115,62,125,6,19,49,10"/><T91/><D35/><U12/><E108/><V118/><F5/><W56/><G110/><T60/><D109/><U85/><E3/><V129/><F24/><N who="1" m="9289" /><E73/><V101/><F101/><W78/><G117/><T16/><D130/><U93/><E105/><V11/><F11/><W38/><G125/><T87/><D126/><U134/><E114/><V52/><F127/><W54/><G115/><T64/><D122/><U76/><E66/><V131/><F112/><W84/><G100/><T69/><D121/><U4/><E134/><V7/><F7/><W111/><G111/><T113/><D113/><U86/><E4/><V53/><F118/><W72/><G84/><N who="1" m="32362" /><E12/><V63/><F95/><W94/><G94/><T51/><D99/><N who="1" m="37963" /><E93/><V34/><F34/><W79/><G72/><T107/><D107/><U80/><E80/><V55/><F103/><W70/><G6/><T30/><D30/><U21/><AGARI ba="0,0" hai="20,21,22,76,77" m="37963,32362,9289" machi="21" ten="40,5200,0" yaku="28,2,8,1" doraHai="58" who="1" fromWho="1" sc="125,-26,173,52,382,-13,320,-13" /><INIT seed="5,0,0,5,1,78" ten="99,225,369,307" oya="1" hai0="19,32,124,63,91,1,80,68,70,13,39,108,103" hai1="52,126,71,121,23,87,106,77,0,66,38,73,46" hai2="93,117,98,127,125,107,89,49,55,99,44,58,76" hai3="86,59,14,61,69,31,16,50,24,64,17,67,57"/><U111/><E121/><V28/><F117/><W114/><G114/><T26/><D1/><U40/><E126/><N who="2" m="48139" /><F28/><W4/><G69/><T82/><D124/><U12/><E0/><V122/><F122/><W94/><G4/><T34/><D39/><U48/><E106/><V43/><F76/><W116/><G116/><T45/><D103/><U118/><E118/><V85/><F107/><W2/><G2/><T30/><D108/><U62/><E73/><V47/><F47/><W100/><G14/><T3/><D3/><U135/><E135/><V96/><F96/><W74/><G74/><T119/><D119/><U112/><E112/><V29/><F29/><W92/><G92/><T132/><D132/><U81/><E111/><V20/><F20/><W36/><G36/><AGARI ba="0,0" hai="36,43,44,49,55,58,85,89,93,98,99" m="48139" machi="36" ten="30,1000,0" yaku="18,1" doraHai="78" who="2" fromWho="3" sc="99,0,225,0,369,10,307,-10" /><INIT seed="6,0,0,2,4,108" ten="99,225,379,297" oya="2" hai0="38,41,97,18,68,88,28,124,77,14,25,110,66" hai1="117,11,71,130,120,8,122,123,2,10,102,44,30" hai2="23,26,96,63,76,27,58,119,135,126,132,127,60" hai3="57,65,33,51,113,16,116,64,15,0,9,107,34"/><V48/><F76/><W105/><G0/><T70/><D110/><U75/><E117/><V95/><F119/><W94/><G116/><T99/><D124/><N who="2" m="47658" /><F48/><W112/><G94/><T20/><D77/><U118/><E118/><V22/><F22/><W24/><G64/><T53/><D66/><U62/><E75/><V31/><F27/><W106/><G24/><T93/><D53/><U92/><E130/><V50/><F50/><W42/><G65/><T3/><D3/><U1/><E30/><V129/><F129/><W111/><G111/><T131/><D131/><U19/><E71/><V6/><F6/><W49/><G49/><T109/><D109/><U40/><E62/><N who="2" m="23595" /><F58/><W67/><G67/><T128/><D128/><U39/><E19/><V21/><F21/><W17/><G17/><T80/><D80/><U82/><E82/><V91/><AGARI ba="0,0" hai="23,26,31,91,95,96,132,135" m="23595,47658" machi="91" ten="30,1500,0" yaku="18,1" doraHai="108" who="2" fromWho="2" sc="99,-5,225,-5,379,15,297,-5" /><INIT seed="6,1,0,1,3,6" ten="94,220,394,292" oya="2" hai0="52,86,48,53,31,11,63,47,92,51,125,101,70" hai1="1,71,111,81,35,54,19,98,102,80,95,110,44" hai2="72,17,10,42,64,84,29,33,134,7,28,89,73" hai3="121,107,67,32,130,91,85,69,27,114,34,78,20"/><V118/><F118/><W120/><G107/><T76/><D125/><U23/><E35/><V49/><F64/><W115/><G78/><T62/><D70/><U16/><E1/><V57/><F17/><W37/><G37/><T4/><D31/><U26/><E71/><V135/><F72/><W104/><G104/><T88/><D76/><U36/><E110/><V58/><F73/><W99/><G99/><T38/><D101/><U55/><E111/><V2/><F57/><W65/><G130/><T108/><D38/><U93/><E36/><V97/><F97/><W127/><G127/><T96/><D96/><N who="1" m="59663" /><E19/><V50/><F50/><W9/><G34/><T113/><D113/><N who="3" m="43017" /><G32/><T46/><D108/><U117/><E117/><V40/><F33/><W14/><G120/><T66/><D66/><U56/><E44/><N who="2" m="25751" /><F58/><W24/><G121/><T3/><AGARI ba="1,0" hai="3,4,11,46,47,48,51,52,53,62,63,86,88,92" machi="3" ten="20,12000,2" yaku="0,1,7,1,9,1,52,1,54,2" doraHai="6" who="0" fromWho="0" sc="94,123,220,-31,394,-61,292,-31" /><INIT seed="7,0,0,0,3,78" ten="217,189,333,261" oya="3" hai0="100,87,128,2,123,8,89,32,57,25,112,48,70" hai1="16,44,116,21,22,107,47,82,74,60,40,122,51" hai2="29,41,20,7,69,38,19,36,124,26,45,46,75" hai3="17,10,93,84,68,121,104,33,30,64,14,4,77"/><W133/><G104/><T15/><D70/><U49/><E122/><V119/><F119/><W12/><G133/><T66/><D2/><U27/><E116/><V92/><F69/><W130/><G130/><T23/><D32/><U98/><E60/><V50/><F75/><W9/><G30/><T43/><D123/><U61/><E61/><V58/><F7/><W5/><G33/><T39/><D100/><U117/><E117/><V134/><F134/><W56/><G68/><T83/><D39/><U126/><E126/><V63/><F124/><W67/><G17/><N who="0" m="8423" /><D112/><U55/><E22/><V110/><F110/><W34/><G34/><T86/><D86/><U81/><REACH who="1" step="1"/><E74/><REACH who="1" ten="217,179,333,261" step="2"/><V91/><F63/><W11/><G121/><T0/><D128/><U135/><E135/><V132/><F20/><W76/><G4/><T115/><D115/><U35/><E35/><V13/><F132/><W108/><G5/><T114/><D114/><U102/><AGARI ba="0,1" hai="16,21,27,40,44,47,49,51,55,81,82,98,102,107" machi="102" ten="30,8000,1" yaku="1,1,0,1,52,2,54,1,53,0" doraHai="78" doraHaiUra="120" who="1" fromWho="1" sc="217,-20,179,90,333,-20,261,-40" owari="197,-30.0,269,7.0,313,41.0,221,-18.0" /></mjloggm>