<mjloggm ver="2.3"><GO type="169" lobby="0"/><UN n0="%E3%83%90%E3%83%83%E3%82%BF%E7%8D%A3%E7%8E%8B%E4%BD%8D%E6%A3%AE%EF%BC%92" n1="%E3%83%A4%E3%82%AD%E3%83%B3" n2="%E3%81%B3%E3%82%8A%E3%81%B3%E3%82%8A%E2%98%86%E3%83%93%E3%83%AA%E3%83%BC" n3="%E3%82%A6%E3%83%AB%E3%83%88%E3%83%A9%E7%AB%8B%E7%9B%B4" dan="16,18,19,17" rate="2028.86,2188.63,2262.04,2173.99" sx="F,M,M,M"/><TAIKYOKU oya="0"/><INIT seed="0,0,0,2,5,92" ten="250,250,250,250" oya="0" hai0="40,2,121,29,5,51,16,57,33,14,3,49,56" hai1="98,116,129,85,79,82,60,112,130,50,70,100,90" hai2="64,89,58,87,96,23,54,132,48,25,94,65,7" hai3="6,74,42,62,99,68,91,44,34,69,117,15,122"/><T12/><D121/><U59/><E116/><V93/><F132/><W88/><G117/><T32/><D29/><U73/><E70/><V123/><F7/><W77/><G34/><T81/><D5/><U133/><E133/><V119/><F119/><W107/><G122/><T127/><D127/><U102/><E50/><V20/><F123/><W39/><G77/><T52/><D81/><U103/><E59/><V31/><REACH who="2" step="1"/><F23/><REACH who="2" ten="250,250,240,250" step="2"/><W72/><G6/><T45/><D3/><U115/><E112/><V66/><F66/><W67/><G69/><T105/><D2/><U0/><E115/><V21/><F21/><W97/><G72/><T111/><D111/><U10/><E0/><V118/><F118/><W37/><G74/><T8/><D105/><N who="1" m="63639" /><E10/><V126/><F126/><W95/><G15/><T47/><D56/><U38/><E73/><V125/><F125/><W30/><G30/><T80/><D14/><U22/><E22/><V27/><F27/><W9/><G9/><T43/><REACH who="0" step="1"/><D80/><REACH who="0" ten="240,250,240,250" step="2"/><U104/><E104/><V84/><F84/><W61/><G107/><T71/><D71/><U83/><E83/><V17/><F17/><W24/><G68/><T128/><D128/><U19/><E19/><V36/><F36/><AGARI ba="0,2" hai="8,12,16,32,33,36,40,43,45,47,49,51,52,57" machi="36" ten="30,11600,0" yaku="1,1,7,1,54,2,53,0" doraHai="92" doraHaiUra="63" who="0" fromWho="2" sc="240,136,250,0,240,-116,250,0" /><INIT seed="0,1,0,5,3,88" ten="376,250,124,250" oya="0" hai0="91,89,12,41,122,45,16,53,54,107,46,132,69" hai1="103,57,79,126,52,106,31,117,15,36,80,64,110" hai2="32,128,6,77,72,85,100,27,116,90,130,7,63" hai3="65,29,1,11,2,33,28,47,68,104,21,22,95"/><T78/><D122/><U71/><E117/><V92/><F116/><W66/><G104/><T43/><D107/><U55/><E36/><V67/><F100/><W99/><G33/><T121/><D69/><U113/><E31/><N who="2" m="19583" /><F77/><W81/><G81/><T13/><D121/><U74/><E110/><V18/><F72/><W120/><G120/><T49/><D132/><U58/><E126/><V70/><F18/><W82/><G82/><T4/><D78/><U134/><E134/><V25/><F25/><W97/><G47/><T61/><D4/><U83/><E83/><V24/><F24/><W26/><G26/><T59/><D13/><U94/><E106/><V87/><F87/><W129/><G68/><T34/><D34/><U8/><E71/><V75/><F75/><W35/><G35/><T60/><D60/><U127/><E127/><V23/><F23/><W112/><G11/><T10/><D54/><U105/><E105/><V123/><F123/><W98/><G98/><T125/><D125/><U19/><E113/><V42/><F42/><W119/><G119/><T124/><D124/><U108/><E108/><V76/><F76/><W40/><G40/><T73/><D73/><U114/><E114/><V44/><F44/><W102/><G102/><T37/><AGARI ba="1,0" hai="10,12,16,37,41,43,45,46,49,53,59,61,89,91" machi="37" ten="20,3900,0" yaku="0,1,7,1,54,1" doraHai="88" who="0" fromWho="0" sc="376,42,250,-14,124,-14,250,-14" /><INIT seed="0,2,0,0,4,2" ten="418,236,110,236" oya="0" hai0="6,26,13,105,32,119,64,49,17,47,98,123,38" hai1="130,124,113,133,117,104,71,28,114,112,66,34,33" hai2="60,88,29,99,94,131,25,108,58,110,129,10,86" hai3="109,122,78,30,53,74,106,11,31,127,87,37,16"/><T83/><D123/><U69/><E117/><V67/><F10/><W135/><G106/><T85/><D38/><U76/><E76/><V121/><F121/><W35/><G35/><N who="1" m="13322" /><E28/><V48/><F48/><W126/><G74/><T63/><D119/><U111/><E111/><V84/><F84/><W21/><G37/><T8/><D98/><U51/><E124/><N who="3" m="47658" /><G135/><T79/><D105/><U57/><E133/><V73/><F73/><W93/><G109/><N who="2" m="42089" /><F86/><W50/><G11/><T101/><D101/><U116/><E116/><V103/><F103/><W132/><G132/><T82/><D82/><U120/><E120/><V59/><F59/><N who="3" m="33207" /><G122/><T61/><D64/><U89/><E104/><V70/><F70/><W0/><G0/><T7/><D26/><U39/><E39/><V128/><F25/><N who="3" m="14503" /><G78/><T41/><D32/><U115/><E115/><V40/><F29/><W3/><G3/><T92/><D92/><U77/><E77/><V81/><F81/><W68/><G68/><T125/><D125/><U95/><E71/><V62/><F62/><AGARI ba="2,0" hai="6,7,8,13,17,41,47,49,61,62,63,79,83,85" machi="62" ten="40,7700,0" yaku="8,1,52,2" doraHai="2" who="0" fromWho="2" sc="418,83,236,0,110,-83,236,0" /><INIT seed="0,3,0,5,0,50" ten="501,236,27,236" oya="0" hai0="55,49,85,69,104,14,115,21,100,119,124,24,58" hai1="29,40,63,105,0,110,81,103,83,33,72,73,32" hai2="17,114,8,9,10,42,2,37,7,113,45,106,134" hai3="75,125,65,90,26,39,118,6,76,132,111,88,4"/><T25/><D119/><U66/><E0/><V77/><F106/><W5/><G118/><T93/><D115/><U1/><E40/><V54/><F134/><W59/><G39/><T84/><D69/><N who="1" m="42207" /><E81/><V35/><F35/><W120/><G132/><T46/><D104/><U11/><E110/><V96/><F96/><W108/><G76/><T129/><D124/><U101/><E101/><V61/><F77/><W57/><G75/><N who="1" m="28746" /><E83/><V47/><F10/><W71/><G125/><T102/><D129/><U128/><E29/><V122/><F122/><W109/><G120/><T116/><D116/><U80/><E80/><V78/><F78/><W16/><G71/><T34/><D34/><U133/><E128/><V12/><REACH who="2" step="1"/><F47/><REACH who="2" ten="501,236,17,236" step="2"/><W127/><G127/><T48/><D100/><U70/><E133/><V91/><F91/><N who="3" m="34859" /><G65/><T123/><D123/><U44/><E44/><V86/><F86/><N who="0" m="33386" /><D93/><U89/><E89/><V41/><F41/><W60/><G109/><T51/><D102/><U56/><E103/><V112/><F112/><W31/><G111/><T92/><D92/><U28/><E105/><V98/><F98/><W18/><G108/><T68/><D68/><U97/><E97/><V126/><F126/><W74/><G74/><T13/><D21/><U38/><E70/><V131/><F131/><W23/><G59/><AGARI ba="3,1" hai="2,7,8,9,12,17,37,42,45,54,59,61,113,114" machi="59" ten="40,2600,0" yaku="1,1,52,1,53,0" doraHai="50" doraHaiUra="107" who="2" fromWho="3" sc="501,0,236,0,17,45,236,-35" /><INIT seed="1,0,0,3,3,98" ten="501,236,62,201" oya="1" hai0="114,52,119,28,122,68,31,1,41,23,33,72,65" hai1="67,6,91,55,51,62,39,121,43,133,26,89,61" hai2="86,48,97,81,4,125,100,123,8,110,29,13,56" hai3="21,47,27,87,120,71,19,73,22,82,104,63,116"/><U57/><E121/><V42/><F123/><W84/><G120/><T64/><D122/><RYUUKYOKU type="kaze4" ba="0,0" sc="501,0,236,0,62,0,201,0" /><INIT seed="1,1,0,5,0,89" ten="501,236,62,201" oya="1" hai0="30,11,78,42,97,60,86,13,82,15,20,73,54" hai1="75,108,106,43,68,9,55,61,38,53,98,87,120" hai2="29,103,31,63,44,17,5,74,14,39,105,92,119" hai3="72,35,76,117,109,93,132,32,67,3,62,100,90"/><U56/><E75/><V118/><F105/><W28/><G3/><T19/><D42/><U123/><E87/><V102/><F74/><W4/><G4/><T64/><D73/><U95/><E106/><V49/><F39/><W101/><G109/><T57/><D30/><N who="2" m="11274" /><F119/><W34/><G132/><T58/><D97/><U6/><E108/><V25/><F63/><W45/><G117/><T47/><D47/><U85/><E85/><V50/><F118/><W129/><G129/><T111/><D111/><U115/><E115/><V110/><F110/><W7/><G7/><T80/><D80/><U46/><E68/><V94/><F25/><W122/><G122/><T125/><D125/><U65/><E123/><V127/><F5/><W10/><G10/><T113/><D113/><U2/><REACH who="1" step="1"/><E120/><REACH who="1" ten="501,226,62,201" step="2"/><V21/><F127/><W84/><G72/><T81/><D86/><U121/><E121/><V83/><F83/><W52/><G76/><T91/><D81/><U135/><E135/><V71/><F71/><W37/><G35/><T40/><D82/><U51/><E51/><N who="2" m="19467" /><F44/><W69/><G34/><T131/><D78/><U88/><AGARI ba="1,1" hai="2,6,9,38,43,46,53,55,56,61,65,88,95,98" machi="88" ten="20,12000,1" yaku="1,1,0,1,7,1,52,1,54,1,53,0" doraHai="89" doraHaiUra="104" who="1" fromWho="1" sc="501,-41,226,133,62,-41,201,-41" /><INIT seed="1,2,0,0,2,69" ten="460,359,21,160" oya="1" hai0="113,51,84,134,13,7,110,131,72,89,120,81,66" hai1="27,20,97,106,0,68,53,79,55,24,57,117,14" hai2="44,18,17,41,119,71,28,64,31,32,101,111,114" hai3="102,63,109,9,46,78,60,26,2,12,59,80,3"/><U75/><E0/><V118/><F111/><W126/><G126/><T100/><D110/><U43/><E117/><V40/><F114/><W21/><G102/><T103/><D113/><U135/><E68/><V39/><F101/><W123/><G123/><T45/><D134/><U62/><E135/><V133/><F133/><W73/><G60/><T25/><D131/><U112/><E112/><V95/><F95/><W65/><G109/><T50/><D66/><U1/><E1/><V88/><F88/><W54/><G65/><T121/><D72/><U92/><E106/><V105/><F105/><W47/><G46/><T4/><D50/><U70/><E70/><V85/><F85/><W8/><G47/><T83/><D83/><U124/><E124/><V37/><F44/><W116/><G9/><T90/><D90/><U108/><E43/><V93/><F71/><W129/><G129/><T42/><D25/><U67/><E108/><V61/><F93/><W125/><G125/><T115/><D115/><U130/><E130/><V99/><F64/><W33/><G33/><T91/><D7/><U48/><E79/><V76/><F76/><W30/><G116/><T11/><D91/><U5/><E75/><V86/><F86/><W35/><G35/><T107/><REACH who="0" step="1"/><D103/><REACH who="0" ten="450,359,21,160" step="2"/><N who="1" m="60839" /><E48/><V132/><F132/><W34/><G34/><T87/><D87/><U15/><E27/><V98/><F32/><W10/><G3/><T96/><AGARI ba="2,1" hai="4,11,13,42,45,51,81,84,89,96,100,107,120,121" machi="96" ten="30,2000,0" yaku="1,1,0,1,53,0" doraHai="69" doraHaiUra="49" who="0" fromWho="0" sc="450,36,359,-12,21,-7,160,-7" /><INIT seed="2,0,0,2,4,122" ten="486,347,14,153" oya="2" hai0="38,116,103,25,1,48,78,90,31,22,11,51,93" hai1="132,54,81,76,61,9,17,112,45,41,8,30,97" hai2="71,114,2,96,3,111,14,69,84,32,121,33,127" hai3="7,73,60,10,80,74,59,39,27,56,83,110,34"/><V57/><F84/><W125/><G39/><T37/><D116/><U108/><E30/><V13/><F57/><W91/><G27/><T133/><D133/><U46/><E97/><V65/><F96/><W94/><G34/><N who="2" m="13417" /><F121/><W124/><G94/><T50/><D1/><N who="2" m="10" /><F65/><W104/><G91/><T85/><D11/><U16/><E132/><V68/><F114/><W58/><G104/><T117/><D117/><U131/><E54/><V92/><F92/><W72/><G60/><T118/><D118/><U64/><E61/><V98/><F98/><W62/><G62/><T4/><D4/><U128/><E81/><N who="3" m="31306" /><G10/><T75/><D75/><U23/><E76/><V105/><F105/><W52/><G7/><T66/><D78/><U29/><E64/><V42/><F42/><W19/><G52/><T100/><D38/><U67/><E67/><V49/><F49/><W106/><G106/><T89/><D37/><U79/><E79/><V15/><F127/><N who="3" m="48715" /><G19/><T47/><D66/><U21/><E112/><V101/><F101/><N who="0" m="38986" /><D90/><U120/><E120/><V77/><F77/><W35/><G35/><T123/><D123/><U82/><E82/><V12/><N who="2" m="3072" /><DORA hai="18" /><V129/><F129/><W130/><G130/><T107/><D107/><U87/><E41/><AGARI ba="0,0" hai="22,25,31,41,47,48,50,51,85,89,93" m="38986" machi="41" ten="30,2000,0" yaku="8,1,52,1" doraHai="122,18" who="0" fromWho="1" sc="486,20,347,-20,14,0,153,0" /><INIT seed="3,0,0,2,2,107" ten="506,327,14,153" oya="3" hai0="94,80,102,32,103,13,88,90,115,117,17,81,22" hai1="59,5,122,74,19,84,89,108,46,21,12,6,53" hai2="40,96,72,23,54,35,99,91,61,42,14,36,105" hai3="52,62,50,78,56,120,135,0,41,82,64,76,98"/><W128/><G0/><T133/><D32/><U134/><E122/><V127/><F35/><W129/><G120/><T110/><D117/><U111/><E74/><V7/><F72/><W83/><G41/><N who="2" m="15977" /><F105/><W112/><G112/><T70/><D70/><U116/><E46/><V2/><F2/><W31/><G31/><T57/><D133/><U97/><E97/><V58/><F36/><W106/><G135/><T8/><D110/><N who="1" m="42027" /><E116/><V39/><F39/><W114/><G114/><T44/><D44/><U86/><E134/><V101/><F127/><W28/><G28/><T51/><D90/><U45/><E45/><V27/><F91/><W121/><G121/><T132/><D132/><U71/><E71/><V87/><F87/><N who="1" m="33321" /><E89/><V119/><F119/><W1/><G98/><N who="0" m="57671" /><D81/><N who="3" m="30729" /><G106/><T47/><D80/><U95/><E95/><V15/><F101/><W29/><G29/><T79/><D47/><U38/><E38/><V26/><F99/><W16/><G1/><T100/><D79/><U124/><E124/><V10/><F96/><W67/><G78/><T131/><D115/><U33/><E33/><V93/><F93/><W55/><G76/><T9/><D131/><U63/><AGARI ba="0,0" hai="5,6,12,19,21,53,59,63" m="33321,42027" machi="63" ten="30,1100,0" yaku="14,1" doraHai="107" who="1" fromWho="1" sc="506,-3,327,11,14,-3,153,-5" /><INIT seed="4,0,0,4,5,92" ten="503,338,11,148" oya="0" hai0="80,129,75,62,108,30,89,121,77,61,123,40,131" hai1="95,14,57,15,107,113,118,130,31,56,47,13,102" hai2="45,32,105,27,22,48,4,37,111,8,9,106,5" hai3="133,122,2,109,39,54,20,76,96,82,115,1,55"/><T66/><D30/><U124/><E118/><V23/><F37/><W83/><G39/><T94/><D40/><U38/><E107/><V135/><F32/><W0/><G109/><T90/><D62/><U85/><E31/><V73/><F111/><W52/><G115/><T127/><D108/><U112/><E124/><V42/><F73/><W99/><G133/><T120/><D127/><U116/><E116/><V43/><F135/><W21/><G122/><T110/><D110/><U68/><E68/><V59/><F59/><W34/><G34/><T71/><REACH who="0" step="1"/><D89/><REACH who="0" ten="493,338,11,148" step="2"/><U60/><E60/><V50/><F27/><W114/><G114/><T17/><D17/><U134/><E134/><V49/><F50/><W100/><G55/><T28/><D28/><U128/><E113/><V44/><AGARI ba="0,1" hai="4,5,8,9,22,23,42,43,44,45,48,49,105,106" machi="44" ten="25,3200,0" yaku="0,1,22,2" doraHai="92" who="2" fromWho="2" sc="493,-16,338,-8,11,42,148,-8" /><INIT seed="5,0,0,0,2,17" ten="477,330,53,140" oya="1" hai0="114,95,6,121,22,84,111,100,16,18,130,46,120" hai1="4,92,12,127,82,102,74,69,134,124,104,105,98" hai2="118,38,85,35,52,133,117,28,76,67,80,64,41" hai3="88,108,34,51,49,113,116,0,32,91,123,27,40"/><U36/><E69/><V3/><F3/><W50/><G108/><T128/><D18/><U131/><E36/><V79/><F133/><W87/><G0/><T20/><D6/><U33/><E33/><V73/><F73/><W77/><G113/><T99/><D22/><U81/><E134/><V93/><F79/><W2/><G2/><T122/><D114/><U43/><E43/><V71/><F93/><W109/><G109/><T55/><D111/><U66/><E66/><V57/><F28/><W119/><G123/><T103/><D84/><U11/><E131/><N who="0" m="50217" /><D55/><U60/><E60/><V115/><F35/><W132/><G132/><T78/><D46/><U56/><E56/><V13/><F115/><W1/><G1/><T8/><D8/><U9/><E9/><V110/><F110/><W68/><G34/><T45/><D45/><U72/><E72/><V48/><F13/><W39/><G27/><N who="0" m="14727" /><D78/><N who="1" m="44247" /><E82/><V54/><F54/><W30/><G30/><T21/><D21/><U62/><E62/><N who="2" m="40439" /><F64/><W75/><G32/><T26/><D26/><U29/><E29/><V83/><F83/><W44/><G75/><T59/><D59/><U5/><E5/><V58/><F58/><W47/><G68/><T10/><D10/><U24/><E24/><V126/><F76/><W70/><G70/><T135/><D135/><U107/><E4/><V112/><F80/><N who="3" m="47503" /><G47/><T94/><D122/><U125/><E11/><V97/><F112/><W37/><G37/><T61/><D61/><U7/><E7/><V15/><F38/><W25/><G25/><T129/><D129/><U19/><E12/><RYUUKYOKU ba="0,0" sc="477,10,330,10,53,-30,140,10" hai0="94,95,99,100,103,120,121" hai1="19,92,98,102,104,105,107,124,125,127" hai3="39,40,44,49,50,51,88,91,116,119" /><INIT seed="5,1,0,1,0,68" ten="487,340,23,150" oya="1" hai0="31,54,84,90,32,49,103,124,7,6,102,13,2" hai1="63,40,47,91,117,61,111,77,89,85,3,127,72" hai2="52,93,79,99,38,46,17,66,24,59,88,118,70" hai3="97,55,94,126,71,50,119,95,5,43,82,106,16"/><U65/><E117/><V45/><F118/><W29/><G119/><T30/><D32/><U132/><E3/><V75/><F70/><W35/><G5/><N who="0" m="1547" /><D13/><U128/><E127/><V37/><F66/><W125/><G43/><T18/><D18/><U4/><E4/><V98/><F98/><W1/><G1/><T122/><D122/><U120/><E120/><V133/><F133/><W20/><G82/><N who="0" m="49431" /><D2/><U58/><E132/><V123/><F123/><W53/><G35/><T80/><D80/><U121/><E72/><V10/><F79/><W0/><G29/><N who="0" m="10763" /><D124/><U48/><E111/><V108/><F75/><W19/><G0/><T109/><D109/><U116/><E121/><V96/><F96/><W76/><G97/><T36/><D36/><N who="2" m="13930" /><F10/><W9/><G9/><T34/><D34/><U87/><E116/><V74/><F74/><W134/><G76/><T27/><D27/><U83/><E87/><V22/><F108/><W11/><G11/><T104/><D104/><U67/><E128/><V73/><F73/><W114/><G134/><T112/><D112/><U135/><E135/><V25/><F25/><W81/><G114/><T101/><D101/><U113/><E113/><V107/><F107/><W131/><G106/><T105/><D105/><U42/><E42/><V21/><F21/><W78/><G20/><T100/><D100/><U44/><E44/><AGARI ba="1,0" hai="44,49,54,102,103" m="10763,49431,1547" machi="44" ten="30,1000,0" yaku="8,1" doraHai="68" who="0" fromWho="1" sc="487,13,340,-13,23,0,150,0" /><INIT seed="6,0,0,2,2,42" ten="500,327,23,150" oya="2" hai0="132,79,3,134,34,58,83,44,111,7,17,127,27" hai1="64,30,61,90,38,8,16,15,81,9,36,70,133" hai2="105,109,35,54,52,39,102,131,118,88,110,50,46" hai3="59,95,115,56,33,25,120,129,20,93,135,82,24"/><V10/><F118/><W32/><G120/><T117/><D111/><N who="2" m="42506" /><F35/><W85/><G115/><T89/><D58/><N who="3" m="22057" /><G32/><T4/><D127/><U48/><E30/><V49/><F131/><W5/><G33/><T92/><D44/><U21/><E133/><V28/><F28/><N who="3" m="17415" /><G135/><T119/><D132/><U18/><E48/><N who="2" m="18539" /><F10/><W40/><G129/><T53/><D53/><N who="2" m="20586" /><F105/><W26/><G40/><T112/><D134/><U22/><E9/><V60/><F102/><W14/><G14/><T69/><D17/><U103/><E103/><V51/><F60/><W55/><G5/><T78/><D34/><U108/><E108/><V0/><F0/><W65/><G25/><T29/><D27/><U104/><E104/><V74/><F74/><W6/><G6/><T122/><D29/><U62/><E62/><V63/><F63/><W106/><G106/><T113/><D7/><U1/><E1/><V124/><F124/><W114/><G26/><T66/><D4/><U87/><E8/><V57/><F57/><W13/><G13/><AGARI ba="0,0" hai="13,15,16,18,21,22,36,38,61,64,70,81,87,90" machi="13" ten="30,3900,0" yaku="7,1,9,1,54,1" doraHai="42" who="1" fromWho="3" sc="500,0,327,39,23,0,150,-39" /><INIT seed="7,0,0,5,0,121" ten="500,366,23,111" oya="3" hai0="62,95,61,86,40,81,133,130,50,73,78,49,80" hai1="7,65,122,44,120,0,36,33,58,110,26,30,1" hai2="76,112,128,29,13,93,21,45,70,24,87,115,89" hai3="35,98,111,88,48,107,71,97,38,4,103,51,67"/><W54/><G38/><T85/><D130/><U114/><E110/><V27/><F70/><W14/><G111/><T19/><D133/><U96/><E96/><V55/><F128/><W53/><G35/><T32/><D73/><U126/><E58/><V132/><F132/><W63/><G14/><T90/><D19/><U2/><E65/><V135/><F135/><W64/><G4/><T83/><D32/><U5/><E44/><V72/><F13/><W105/><G88/><T60/><D40/><U109/><E109/><V66/><F66/><W8/><G8/><T74/><D74/><U119/><E36/><V57/><F45/><W46/><G63/><T102/><D102/><U123/><E114/><V118/><F118/><W18/><G18/><T11/><D11/><U82/><E82/><AGARI ba="0,0" hai="49,50,60,61,62,78,80,81,82,83,85,86,90,95" machi="82" ten="40,1300,0" yaku="8,1" doraHai="121" who="0" fromWho="1" sc="500,13,366,-13,23,0,111,0" owari="513,62.0,353,15.0,23,-48.0,111,-29.0" /></mjloggm>