<mjloggm ver="2.3"><GO type="97" lobby="0"/><UN n0="%74%6F%79%74%6F%79%32" n1="%E5%A4%A7%E6%A9%8B%E8%99%9A%E6%B3%89" n2="%E5%B0%B1%E6%B4%BB%E7%94%9F%40%E5%B7%9D%E6%9D%91%E8%BB%8D%E5%9B%A3" n3="%E7%B5%82%E6%97%A5%E5%96%AB%E7%85%99" dan="13,15,15,14" rate="1907.97,1985.94,2000.99,2002.58" sx="M,M,M,M"/><TAIKYOKU oya="0"/><INIT seed="0,0,0,0,0,132" ten="250,250,250,250" oya="0" hai0="55,122,3,72,66,87,88,7,60,19,62,119,129" hai1="120,77,52,121,94,4,33,104,9,13,17,90,91" hai2="65,116,131,12,78,118,50,83,135,113,26,38,22" hai3="44,63,6,130,128,92,30,134,35,81,96,31,107"/><T32/><D122/><U115/><E104/><V76/><F38/><W59/><G134/><T64/><D72/><U114/><E33/><V56/><F113/><N who="1" m="43017" /><E77/><V15/><F131/><W1/><G107/><T36/><D129/><N who="3" m="49769" /><G35/><T110/><D32/><U117/><E117/><N who="2" m="45163" /><F135/><W48/><G81/><T73/><D73/><U69/><E69/><V8/><F8/><N who="3" m="2127" /><G59/><T27/><D119/><U99/><E4/><V20/><F20/><W71/><G63/><T5/><D36/><U37/><E37/><V34/><F34/><W106/><G71/><T16/><D3/><U95/><E52/><N who="2" m="31767" /><F65/><N who="0" m="25194" /><D55/><U42/><E42/><V49/><F49/><W28/><G106/><T124/><D27/><U40/><E40/><V39/><F39/><W79/><G79/><N who="2" m="30249" /><F83/><W41/><G31/><AGARI ba="0,0" hai="12,15,22,26,31" m="30249,31767,45163" machi="31" ten="30,2000,0" yaku="12,1,54,1" doraHai="132" who="2" fromWho="3" sc="250,0,250,0,250,20,250,-20" /><INIT seed="1,0,0,2,5,24" ten="250,250,270,230" oya="1" hai0="115,119,70,44,35,8,101,134,81,25,58,71,93" hai1="78,123,52,19,17,9,113,91,79,26,117,86,18" hai2="110,68,27,38,6,132,126,34,16,99,122,94,54" hai3="100,14,120,32,56,3,77,127,118,40,104,55,48"/><U10/><E123/><V65/><F110/><W84/><G3/><T109/><D109/><U76/><E117/><V111/><F111/><W129/><G120/><T41/><D115/><U96/><E113/><V108/><F122/><W61/><G118/><T63/><D134/><U33/><E96/><V125/><F38/><W60/><G129/><T37/><D119/><U72/><E72/><V121/><F6/><W43/><G127/><N who="2" m="48649" /><F132/><W51/><G104/><T42/><D42/><U103/><E103/><V102/><F121/><W73/><G100/><T82/><D8/><U90/><E33/><V131/><F131/><W5/><G73/><T88/><D101/><U39/><E39/><V22/><F34/><W92/><G32/><T15/><D15/><U69/><E69/><V75/><F75/><W80/><G92/><T29/><D71/><U53/><E26/><V98/><F98/><W106/><G106/><T1/><D1/><U59/><E86/><V112/><F112/><W13/><G13/><T62/><D70/><U45/><E45/><V31/><F54/><N who="1" m="21097" /><E59/><V11/><F108/><W36/><G36/><T116/><D116/><U67/><E67/><V95/><F95/><W105/><G105/><T30/><D58/><U2/><E2/><V64/><F68/><W74/><G74/><T12/><D35/><U50/><E50/><N who="3" m="18986" /><G61/><T57/><D37/><U23/><E23/><N who="2" m="15871" /><F11/><AGARI ba="0,0" hai="5,11,14,40,43,55,56,60,77,80,84" m="18986" machi="11" ten="30,1000,0" yaku="8,1" doraHai="24" who="3" fromWho="2" sc="250,0,250,0,270,-10,230,10" /><AGARI ba="0,0" hai="9,10,11,17,18,19,76,78,79,90,91" m="21097" machi="11" ten="40,12000,1" yaku="28,2,8,1,54,1" doraHai="24" who="1" fromWho="2" sc="250,0,250,120,260,-120,240,0" /><INIT seed="1,1,0,5,1,5" ten="250,370,140,240" oya="1" hai0="55,60,101,83,84,0,31,1,52,67,80,79,124" hai1="133,10,32,2,30,132,51,97,76,127,90,17,50" hai2="88,11,123,68,91,20,21,114,92,122,121,28,59" hai3="53,12,116,85,87,61,16,103,69,25,19,58,24"/><U100/><E127/><V46/><F68/><W63/><G116/><T107/><D124/><U22/><E90/><V64/><F114/><W120/><G103/><T134/><D134/><N who="1" m="51819" /><E76/><V62/><F46/><W45/><G120/><T106/><D31/><U82/><E82/><V131/><F131/><W9/><G45/><T36/><D36/><U27/><E2/><V96/><F28/><W128/><G128/><T35/><D35/><U40/><E40/><V33/><F33/><W75/><G75/><T99/><D107/><N who="1" m="63887" /><E10/><V119/><F119/><W111/><G111/><T109/><D109/><U49/><E49/><V113/><F113/><W38/><G38/><T56/><D1/><U126/><E126/><V65/><F65/><W7/><G7/><T44/><D0/><U108/><E108/><V29/><F29/><W115/><G115/><T118/><D118/><U110/><E110/><V39/><F39/><W78/><G78/><T23/><D80/><U104/><E104/><V72/><F72/><W47/><G47/><T102/><D102/><U73/><E73/><V26/><F26/><AGARI ba="1,0" hai="17,22,26,27,30,32,50,51" m="63887,51819" machi="26" ten="30,1500,0" yaku="20,1" doraHai="5" who="1" fromWho="2" sc="250,0,370,18,140,-18,240,0" /><INIT seed="1,2,0,4,5,30" ten="250,388,122,240" oya="1" hai0="60,68,49,124,92,127,2,54,42,114,93,82,101" hai1="100,81,6,104,105,119,90,73,48,75,33,130,44" hai2="70,95,72,35,97,109,62,86,65,116,91,110,36" hai3="56,123,103,64,53,107,88,12,41,21,28,94,24"/><U7/><E119/><V58/><F72/><W46/><G123/><T106/><D114/><U1/><E130/><V84/><F36/><W99/><G64/><T10/><D42/><U8/><E7/><V79/><F116/><W89/><G107/><T45/><D106/><U51/><E51/><V52/><F79/><W78/><G78/><T25/><D82/><U131/><E131/><V26/><F109/><W98/><G98/><T34/><D2/><U113/><E113/><V23/><F110/><W108/><G108/><T39/><D10/><U118/><E118/><V5/><F5/><W117/><G117/><T61/><D39/><U32/><E75/><V135/><F135/><W77/><G77/><T129/><D129/><U76/><E90/><V15/><F15/><W9/><G46/><T83/><D83/><U120/><E120/><V3/><F3/><W102/><G89/><T27/><D27/><U96/><REACH who="1" step="1"/><E105/><REACH who="1" ten="250,378,122,240" step="2"/><V17/><REACH who="2" step="1"/><F35/><REACH who="2" ten="250,378,112,240" step="2"/><W125/><G125/><T74/><D127/><U31/><E31/><V40/><F40/><AGARI ba="2,2" hai="1,6,8,32,33,40,44,48,73,76,81,96,100,104" machi="40" ten="30,18000,2" yaku="1,1,7,1,52,2,53,2" doraHai="30" doraHaiUra="29" who="1" fromWho="2" sc="250,0,378,206,112,-186,240,0" owari="250,5.0,584,68.0,-74,-57.0,240,-16.0" /></mjloggm>