<mjloggm ver="2.3"><GO type="169" lobby="0"/><UN n0="%E3%82%A6%E3%83%AB%E3%83%88%E3%83%A9%E7%AB%8B%E7%9B%B4" n1="%70%65%61%74%65%72" n2="%E3%83%A9%E3%83%A0%E3%83%80%E3%81%95%E3%82%93" n3="%73%2E%63%65%6C%74%79" dan="17,16,16,17" rate="2197.73,2126.92,2147.37,2178.32" sx="M,M,M,F"/><TAIKYOKU oya="0"/><INIT seed="0,0,0,2,4,28" ten="250,250,250,250" oya="0" hai0="57,47,45,58,15,69,119,115,40,128,131,78,11" hai1="30,121,3,36,91,90,104,8,27,41,80,73,127" hai2="109,42,83,113,21,111,67,133,56,55,68,101,49" hai3="63,94,38,22,129,33,117,53,23,5,9,59,17"/><T114/><D78/><U110/><E104/><V46/><F101/><W95/><G117/><T120/><D15/><U50/><E50/><V74/><F21/><W108/><G38/><T124/><D11/><U52/><E121/><V125/><F74/><W76/><G108/><N who="2" m="41545" /><F83/><W2/><G2/><T18/><D18/><U85/><E73/><V31/><F31/><W88/><G129/><N who="0" m="49739" /><D120/><U82/><E127/><V75/><F75/><W13/><G76/><T7/><D7/><U107/><E107/><V24/><F24/><W60/><G33/><T105/><D105/><U1/><E110/><V70/><F113/><N who="0" m="43018" /><D119/><U10/><E1/><V4/><F4/><W65/><G5/><T132/><D124/><U86/><E3/><V122/><F122/><W92/><REACH who="3" step="1"/><G88/><REACH who="3" ten="250,250,250,240" step="2"/><T0/><D0/><U37/><E91/><V61/><F125/><W89/><G89/><T100/><D100/><U20/><E90/><V126/><F126/><W87/><G87/><T79/><D79/><U29/><E86/><V98/><F98/><W6/><G6/><T25/><D25/><U135/><E85/><V103/><F103/><W81/><G81/><T84/><D84/><U62/><E27/><V48/><F133/><W96/><G96/><T97/><D97/><U66/><E135/><V14/><F14/><W112/><G112/><T64/><D132/><U72/><E80/><V26/><F26/><W39/><G39/><N who="0" m="21663" /><D47/><AGARI ba="0,1" hai="42,46,47,48,49,55,56,61,67,68,70" m="41545" machi="47" ten="30,3900,0" yaku="14,1,34,2" doraHai="28" who="2" fromWho="0" sc="250,-39,250,0,250,49,240,0" /><INIT seed="1,0,0,1,4,20" ten="211,250,299,240" oya="1" hai0="101,30,85,113,29,103,128,59,69,92,107,123,23" hai1="122,114,8,53,10,57,87,132,98,94,41,66,135" hai2="100,111,11,64,127,44,33,86,78,18,58,102,83" hai3="108,31,112,96,32,131,116,46,110,14,52,48,37"/><U126/><E122/><V97/><F33/><W16/><G112/><T47/><D69/><U118/><E114/><V60/><F111/><N who="3" m="42539" /><G131/><T105/><D113/><U134/><E118/><V5/><F127/><W90/><G37/><T34/><D34/><U26/><E66/><V9/><F5/><W76/><G76/><T129/><D47/><U117/><E87/><V79/><F79/><W35/><G116/><T24/><D123/><U38/><E126/><V61/><F44/><W2/><G2/><T80/><D59/><U56/><E117/><V28/><F28/><W15/><G15/><T22/><D85/><U95/><E95/><V71/><F102/><W81/><G31/><T17/><D92/><U19/><E41/><V0/><F0/><W77/><G96/><T54/><D17/><U27/><E19/><V89/><F78/><W104/><G104/><T6/><D6/><U115/><E38/><V1/><F1/><W7/><G7/><T39/><D39/><U84/><E84/><V106/><REACH who="2" step="1"/><F18/><REACH who="2" ten="211,250,289,240" step="2"/><W55/><G90/><T43/><D30/><U130/><E115/><V119/><F119/><W42/><G35/><T93/><D29/><U133/><E133/><V49/><F49/><W99/><G32/><T36/><D36/><U12/><E134/><V82/><F82/><W72/><G48/><T21/><D80/><U109/><E135/><V88/><F88/><W67/><G46/><T4/><D4/><U13/><E109/><V91/><F91/><W75/><G77/><T120/><D103/><U50/><E132/><V40/><F40/><W121/><G42/><RYUUKYOKU ba="0,1" sc="211,-10,250,-10,289,30,240,-10" hai2="9,11,58,60,61,64,71,83,86,89,97,100,106" /><INIT seed="2,1,1,1,1,21" ten="201,240,319,230" oya="2" hai0="71,98,59,50,88,15,39,87,72,105,47,103,70" hai1="112,17,26,111,9,92,83,76,61,29,64,35,115" hai2="109,44,118,23,121,10,4,106,41,129,91,108,135" hai3="62,130,37,16,48,52,116,40,45,133,107,82,97"/><V20/><F118/><W94/><G116/><T99/><D72/><U65/><E111/><N who="2" m="42571" /><F121/><W74/><G107/><T104/><D39/><U126/><E126/><V38/><F106/><W42/><G130/><T32/><D32/><U0/><E92/><V1/><F129/><W66/><G133/><T95/><D59/><U58/><E64/><V77/><F135/><W36/><G36/><T67/><D15/><U19/><E19/><V55/><F91/><W6/><G6/><T80/><D67/><U123/><E123/><V13/><F55/><W49/><G37/><T75/><D75/><U33/><E33/><V119/><F119/><W7/><G7/><T110/><D110/><U5/><REACH who="1" step="1"/><E17/><REACH who="1" ten="201,230,319,230" step="2"/><V2/><F77/><W3/><G16/><T46/><D105/><U132/><E132/><V86/><F86/><AGARI ba="1,2" hai="0,5,9,26,29,35,58,61,65,76,83,86,112,115" machi="86" ten="30,3900,0" yaku="1,1,7,1,52,1,53,0" doraHai="21" doraHaiUra="131" who="1" fromWho="2" sc="201,0,230,62,319,-42,230,0" /><INIT seed="3,0,0,5,0,133" ten="201,292,277,230" oya="3" hai0="89,121,29,36,2,40,83,16,49,64,85,57,71" hai1="110,106,12,102,126,60,51,5,108,41,8,103,27" hai2="82,122,114,1,34,91,25,125,65,116,33,101,96" hai3="17,88,111,94,87,77,52,9,69,30,63,53,128"/><W95/><G128/><T76/><D2/><U66/><E27/><V107/><F114/><W3/><G111/><N who="1" m="42538" /><E106/><V42/><F1/><W56/><G69/><T48/><D121/><U46/><E126/><V109/><F116/><W22/><G3/><T132/><D132/><U67/><E67/><V118/><F118/><W6/><G6/><T73/><D71/><AGARI ba="0,0" hai="5,8,12,41,46,51,60,66,71,102,103" m="42538" machi="71" ten="30,1000,0" yaku="14,1" doraHai="133" who="1" fromWho="0" sc="201,-10,292,10,277,0,230,0" /><INIT seed="4,0,0,4,0,116" ten="191,302,277,230" oya="0" hai0="46,89,27,105,26,38,2,67,61,36,97,9,86" hai1="130,52,42,114,24,85,69,18,108,15,82,77,87" hai2="50,101,3,73,14,70,19,75,16,90,63,45,11" hai3="119,94,21,6,81,10,125,117,133,64,60,25,88"/><T135/><D135/><U83/><E108/><V29/><F29/><W96/><G125/><T112/><D112/><U110/><E110/><V126/><F126/><W49/><G49/><T72/><D72/><U7/><E69/><V57/><F70/><W106/><G106/><T76/><D76/><U91/><E42/><V120/><F120/><W8/><G81/><T118/><D118/><U13/><E130/><V80/><F101/><W23/><G23/><T4/><D105/><U34/><E34/><V95/><F3/><W104/><G104/><T131/><D97/><U98/><E98/><V123/><F123/><W33/><G33/><T37/><D46/><U58/><E7/><V0/><F0/><W22/><G22/><T92/><REACH who="0" step="1"/><D131/><REACH who="0" ten="181,302,277,230" step="2"/><U124/><E114/><V103/><F75/><W35/><G133/><T54/><D54/><U107/><E107/><V111/><F73/><W59/><G35/><T109/><D109/><U65/><E124/><V20/><F111/><W99/><G99/><T134/><D134/><U71/><E52/><V53/><F45/><W17/><REACH who="3" step="1"/><G10/><REACH who="3" ten="181,302,277,220" step="2"/><T79/><D79/><U132/><E77/><V40/><F11/><W115/><G115/><T48/><D48/><U127/><E132/><V39/><F50/><W41/><G41/><T74/><D74/><U100/><E127/><V128/><F40/><W44/><G44/><T78/><D78/><U68/><E85/><V28/><F128/><W43/><G43/><T84/><D84/><U47/><E87/><V12/><F39/><W113/><G113/><T121/><D121/><U62/><E47/><RYUUKYOKU ba="0,2" sc="181,15,302,-15,277,-15,220,15" hai0="2,4,9,26,27,36,37,38,61,67,86,89,92" hai3="6,8,17,21,25,59,60,64,88,94,96,117,119" /><INIT seed="4,1,2,5,0,87" ten="196,287,262,235" oya="0" hai0="103,69,130,94,134,9,68,7,108,72,97,74,86" hai1="17,124,4,41,8,96,92,11,14,32,126,37,43" hai2="121,133,120,116,78,90,65,106,13,50,25,63,56" hai3="51,49,34,0,45,135,118,36,12,40,53,58,123"/><T115/><D115/><U20/><E32/><V16/><F106/><W80/><G0/><T110/><D86/><U66/><E66/><V19/><F133/><W105/><G105/><N who="0" m="63727" /><D134/><U77/><E77/><V22/><F116/><W5/><G34/><T64/><D94/><U119/><E119/><V101/><F101/><W21/><G135/><T89/><D89/><N who="1" m="55311" /><E37/><V73/><F78/><W82/><G118/><T113/><D113/><U79/><E79/><V128/><F73/><N who="0" m="28266" /><D130/><U129/><E129/><V111/><F128/><W30/><G123/><T98/><D98/><U57/><E57/><V83/><F111/><N who="0" m="42538" /><D64/><U104/><E104/><V28/><F50/><W67/><G67/><T23/><D23/><U60/><E20/><V61/><F61/><W15/><G36/><T18/><D18/><U35/><E60/><V84/><REACH who="2" step="1"/><F19/><REACH who="2" ten="196,287,252,235" step="2"/><N who="3" m="10471" /><G30/><T71/><D71/><U75/><E17/><V52/><F52/><W55/><G53/><T112/><D112/><U29/><E29/><V127/><F127/><W70/><G70/><T100/><D100/><U27/><E126/><V39/><F39/><W54/><G55/><T44/><D44/><U2/><E124/><V132/><F132/><W46/><G46/><T95/><D95/><U85/><E75/><V33/><AGARI ba="1,3" hai="13,16,22,25,28,33,56,63,65,83,84,90,120,121" machi="33" ten="20,8000,1" yaku="1,1,0,1,7,1,52,1,54,1,53,0" doraHai="87" doraHaiUra="93" who="2" fromWho="2" sc="196,-41,287,-21,252,113,235,-21" /><INIT seed="5,0,0,2,1,52" ten="155,266,365,214" oya="1" hai0="36,50,92,25,13,64,37,10,119,66,113,82,129" hai1="99,115,28,54,114,95,83,38,78,31,125,131,133" hai2="121,4,76,85,0,135,51,63,20,53,68,3,35" hai3="87,130,43,33,24,112,128,59,127,69,56,62,108"/><U122/><E122/><V118/><F121/><W21/><G108/><T103/><D119/><U81/><E38/><V77/><F35/><W15/><G112/><N who="1" m="43050" /><E133/><V6/><F118/><W30/><G127/><T34/><D113/><U84/><E131/><N who="3" m="50218" /><G43/><T72/><D50/><U60/><E125/><V102/><F135/><W12/><G87/><T40/><D64/><U96/><E81/><V111/><F111/><W86/><G86/><T42/><D13/><N who="3" m="5193" /><G33/><T117/><D34/><U106/><E106/><V88/><F102/><W104/><G104/><T22/><D103/><N who="1" m="60831" /><E99/><V58/><F3/><W132/><G132/><T126/><D126/><U16/><E16/><V110/><F110/><W94/><G94/><T1/><D92/><U79/><E79/><V80/><F0/><W100/><G100/><T32/><D1/><U27/><E27/><V98/><F98/><W61/><G61/><T14/><D129/><U9/><E9/><V47/><F76/><W41/><G41/><T93/><D42/><U134/><E134/><V7/><F77/><W105/><G105/><T123/><D40/><U67/><E78/><V101/><F101/><W124/><G124/><T11/><D11/><U5/><E84/><V45/><F63/><W71/><G62/><T97/><D123/><U23/><E60/><V19/><F68/><AGARI ba="0,0" hai="21,24,30,56,59,68,69,71" m="5193,50218" machi="68" ten="30,3900,0" yaku="19,1,52,2" doraHai="52" who="3" fromWho="2" sc="155,0,266,0,365,-39,214,39" /><INIT seed="6,0,0,2,2,126" ten="155,266,326,253" oya="2" hai0="131,93,71,55,104,123,59,21,111,69,6,105,58" hai1="94,119,24,22,108,12,13,26,61,4,46,32,133" hai2="77,19,82,57,112,89,106,54,124,34,9,116,109" hai3="95,92,135,48,56,43,31,70,114,8,107,110,47"/><V50/><F116/><W125/><G110/><T63/><D111/><U37/><E108/><V129/><F109/><W81/><G70/><T121/><D6/><U91/><E119/><V20/><F34/><W86/><G107/><N who="0" m="41035" /><D21/><U84/><E133/><V7/><F106/><W29/><G135/><T30/><D30/><U18/><E32/><V132/><F132/><W66/><G125/><T134/><D93/><N who="3" m="35913" /><G114/><T3/><D3/><U25/><E61/><V128/><F89/><N who="3" m="51407" /><G8/><T97/><D63/><AGARI ba="0,0" hai="29,31,43,47,48,56,63,66" m="51407,35913" machi="63" ten="30,1000,0" yaku="8,1" doraHai="126" who="3" fromWho="0" sc="155,-10,266,0,326,0,253,10" /><INIT seed="7,0,0,2,0,87" ten="145,266,326,263" oya="3" hai0="74,91,130,132,31,30,64,127,39,5,8,32,110" hai1="120,112,62,48,56,95,96,113,45,90,108,99,41" hai2="72,18,115,122,92,7,52,117,21,102,100,27,11" hai3="121,50,68,89,126,129,2,128,29,78,124,107,103"/><W22/><G121/><T86/><D110/><U43/><E120/><V76/><F117/><W105/><G2/><T24/><D127/><N who="3" m="48681" /><G68/><T54/><D130/><N who="3" m="50281" /><G78/><T49/><D132/><U81/><E108/><V101/><F122/><W55/><G103/><T123/><D123/><U37/><E81/><V38/><F38/><W93/><G29/><T15/><D39/><U17/><E17/><V60/><F115/><N who="1" m="44105" /><E99/><V84/><F72/><W111/><G22/><T134/><D134/><U80/><E80/><V9/><F7/><W118/><G118/><T19/><D74/><U1/><E1/><V53/><F76/><W10/><G10/><N who="2" m="3593" /><F60/><W42/><G42/><T58/><D64/><N who="1" m="38983" /><E43/><V71/><F71/><W61/><G61/><T35/><D31/><U51/><AGARI ba="0,0" hai="37,41,45,48,51,90,95,96" m="38983,44105" machi="51" ten="30,2000,0" yaku="15,1,52,1" doraHai="87" who="1" fromWho="1" sc="145,-5,266,20,326,-5,263,-10" owari="140,-36.0,286,9.0,321,42.0,253,-15.0" /></mjloggm>