<mjloggm ver="2.3"><GO type="97" lobby="0"/><UN n0="%E3%81%8F%E3%81%95%E3%81%8F%E3%81%AA%E3%81%84%E3%81%8A" n1="%E7%89%9B%E4%B9%B3%E4%B8%80%E6%B0%97%E9%A3%B2%E3%81%BF" n2="%E5%B0%B1%E6%B4%BB%E7%94%9F%40%E5%B7%9D%E6%9D%91%E8%BB%8D%E5%9B%A3" n3="%E3%82%86%E3%81%86%E3%81%98%E3%81%98" dan="15,14,15,14" rate="2040.28,2004.55,2068.76,1896.02" sx="M,M,M,M"/><TAIKYOKU oya="0"/><INIT seed="0,0,0,5,5,58" ten="250,250,250,250" oya="0" hai0="131,108,57,48,28,96,3,60,103,77,74,127,120" hai1="134,91,117,27,52,35,93,81,15,72,79,88,66" hai2="112,42,111,80,101,75,47,126,98,71,33,39,21" hai3="4,76,61,123,24,85,62,29,44,23,50,69,19"/><T121/><D3/><U53/><E117/><V65/><F112/><W12/><G123/><T11/><D131/><U87/><E134/><V128/><F128/><W30/><G69/><T34/><D127/><U9/><E91/><V54/><F126/><W116/><G116/><T78/><D11/><U83/><E83/><V86/><F111/><W106/><G106/><T22/><D34/><U49/><E66/><V41/><F75/><W14/><G14/><T114/><D114/><U16/><E35/><V43/><F33/><W115/><G115/><T102/><D48/><U89/><E89/><V64/><F21/><W37/><G37/><T84/><D74/><U20/><E49/><N who="2" m="28991" /><F71/><W122/><G122/><N who="0" m="47211" /><D103/><U135/><REACH who="1" step="1"/><E135/><REACH who="1" ten="250,240,250,250" step="2"/><V56/><F39/><W45/><G50/><T2/><D108/><U13/><E13/><V32/><F32/><W82/><G12/><T25/><D2/><U40/><E40/><V105/><F64/><W59/><G4/><AGARI ba="0,1" hai="4,9,15,16,20,27,52,53,72,79,81,87,88,93" machi="4" ten="30,12000,2" yaku="1,1,7,1,54,3,53,1" doraHai="58" doraHaiUra="8" who="1" fromWho="3" sc="250,0,240,130,250,0,250,-120" /><INIT seed="1,0,0,4,3,33" ten="250,370,250,130" oya="1" hai0="74,58,93,117,30,18,99,96,54,31,83,24,41" hai1="50,70,119,84,110,101,64,80,45,9,44,4,13" hai2="89,10,20,49,29,62,92,112,109,11,67,124,131" hai3="88,135,134,103,86,19,38,120,36,123,85,43,79"/><U25/><E119/><V14/><F109/><W104/><G19/><T77/><D117/><U32/><E110/><V111/><F111/><W97/><G43/><T1/><D41/><U27/><E32/><V3/><F131/><W52/><G52/><T46/><D46/><U127/><E45/><V16/><F124/><W105/><G79/><T95/><D1/><U132/><E127/><V82/><F112/><W122/><G105/><T2/><D2/><U42/><E132/><N who="3" m="50730" /><G86/><T0/><D0/><U63/><REACH who="1" step="1"/><E101/><REACH who="1" ten="250,360,250,130" step="2"/><V26/><F82/><AGARI ba="0,1" hai="36,38,82,85,88,97,103,104,120,122,123" m="50730" machi="82" ten="40,2600,0" yaku="20,1,54,1" doraHai="33" who="3" fromWho="2" sc="250,0,360,0,250,-26,130,36" /><INIT seed="2,0,0,1,1,117" ten="250,360,224,166" oya="2" hai0="67,51,56,27,28,132,53,41,15,82,14,121,75" hai1="48,21,114,116,20,84,100,102,9,113,12,70,43" hai2="73,115,91,105,33,110,111,69,103,66,39,119,118" hai3="35,127,131,104,37,24,0,10,88,4,36,50,59"/><V106/><F33/><W85/><G104/><N who="2" m="40041" /><F39/><W19/><G127/><T130/><D130/><U126/><E116/><N who="2" m="44587" /><F69/><W95/><G131/><T30/><D30/><U87/><E87/><V83/><F66/><W86/><G86/><T76/><D132/><U11/><E11/><V71/><F71/><W77/><G77/><T60/><D121/><U123/><E126/><V124/><F124/><W81/><G81/><T122/><D122/><U62/><E123/><V49/><F49/><W128/><G128/><T133/><D133/><U13/><E114/><V3/><F3/><W112/><G112/><T45/><D67/><U57/><E113/><V74/><F115/><W61/><G50/><T55/><D53/><U40/><E70/><V79/><F103/><N who="1" m="39465" /><E84/><N who="2" m="48255" /><F91/><W17/><G37/><T64/><D64/><N who="1" m="38991" /><E13/><V44/><F44/><W42/><G36/><T31/><D31/><U90/><E90/><V65/><F65/><W98/><G42/><N who="1" m="15914" /><E48/><V1/><F1/><W135/><G135/><T23/><AGARI ba="0,0" hai="14,15,23,27,28,41,45,51,55,56,60,75,76,82" machi="23" ten="20,1500,0" yaku="0,1,7,1" doraHai="117" who="0" fromWho="0" sc="250,15,360,-4,224,-7,166,-4" /><INIT seed="3,0,0,3,0,134" ten="265,356,217,162" oya="3" hai0="120,66,25,0,1,84,44,135,34,4,103,81,51" hai1="40,89,24,113,115,91,14,53,85,13,68,112,42" hai2="121,118,46,3,72,29,98,78,77,18,30,101,65" hai3="33,12,116,125,94,27,22,55,124,37,47,109,31"/><W2/><G116/><T11/><D120/><U28/><E68/><V57/><F3/><W83/><G109/><T23/><D135/><U35/><E53/><V63/><F118/><W17/><G2/><T7/><D103/><U123/><E123/><V88/><F121/><W74/><G94/><T117/><D117/><U132/><E132/><V15/><F72/><W99/><G99/><T87/><D34/><U126/><E35/><V95/><F46/><W16/><G17/><T105/><D105/><U5/><E24/><V26/><F101/><W122/><G122/><T43/><D66/><U58/><E58/><V38/><F38/><W104/><G104/><T20/><D20/><U107/><E107/><V75/><F75/><W52/><G83/><T60/><D60/><U39/><E39/><V129/><F129/><W19/><G19/><T119/><D119/><U73/><E73/><V86/><F98/><W45/><G74/><T71/><D71/><U108/><E28/><N who="2" m="10859" /><F26/><W127/><G45/><T76/><D87/><U64/><E85/><V79/><F79/><W48/><G37/><T92/><D92/><U36/><E36/><V50/><F50/><W131/><G131/><T130/><D130/><U70/><E70/><V133/><F133/><W32/><G55/><T82/><D82/><U102/><E64/><V128/><F128/><W110/><G110/><T90/><D76/><U80/><E108/><V6/><F6/><N who="0" m="2090" /><D11/><AGARI ba="0,0" hai="11,15,18,57,63,65,77,78,86,88,95" m="10859" machi="11" ten="30,2000,0" yaku="8,1,54,1" doraHai="134" who="2" fromWho="0" sc="265,-20,356,0,217,20,162,0" /><AGARI ba="0,0" hai="11,12,16,22,27,31,32,33,47,48,52,124,125,127" machi="11" ten="40,18000,2" yaku="18,1,52,3,54,2" doraHai="134" who="3" fromWho="0" sc="245,-180,356,0,237,0,162,180" /><INIT seed="3,1,0,2,4,15" ten="65,356,237,342" oya="3" hai0="106,134,38,54,17,42,118,19,75,97,73,22,81" hai1="9,103,51,55,26,20,93,25,123,108,95,3,109" hai2="33,82,60,113,126,88,57,27,65,64,135,94,66" hai3="128,83,74,13,11,100,56,50,62,39,35,89,36"/><W67/><G128/><T85/><D118/><U0/><E123/><V76/><F113/><W47/><G35/><T7/><D134/><U8/><E103/><V112/><F112/><W125/><G100/><T86/><D7/><U2/><E51/><V29/><F135/><W6/><G125/><T119/><D119/><U117/><E117/><V58/><F126/><W21/><G21/><T72/><D106/><U129/><E55/><V77/><F82/><W68/><G68/><T124/><D124/><U48/><E48/><V69/><F69/><W92/><G83/><T98/><D54/><U32/><E129/><V45/><F45/><W101/><G101/><T120/><D120/><U104/><E104/><V30/><F30/><W121/><G74/><T59/><D59/><U79/><E79/><V24/><F24/><N who="1" m="9321" /><E20/><V87/><REACH who="2" step="1"/><F58/><REACH who="2" ten="65,356,227,342" step="2"/><W52/><G121/><T61/><D81/><U34/><E95/><V44/><F44/><W110/><G110/><N who="1" m="42602" /><E93/><V116/><F116/><W111/><G111/><T18/><D61/><U114/><E114/><V4/><F4/><W132/><G132/><T46/><REACH who="0" step="1"/><D22/><REACH who="0" ten="55,356,227,342" step="2"/><U84/><E32/><V102/><F102/><W70/><G56/><T90/><D90/><U23/><E23/><V37/><F37/><W130/><G130/><T133/><D133/><U122/><E34/><V78/><AGARI ba="1,2" hai="27,29,33,57,60,64,65,66,76,77,78,87,88,94" machi="78" ten="30,4000,0" yaku="1,1,0,1,54,1,53,0" doraHai="15" doraHaiUra="99" who="2" fromWho="2" sc="55,-11,356,-11,227,63,342,-21" owari="44,-46.0,345,45.0,290,-11.0,321,12.0" /></mjloggm>