<mjloggm ver="2.3"><GO type="225" lobby="0"/><UN n0="%E9%AD%94%E5%BC%BE%E3%81%AE%E5%B0%84%E6%89%8B" n1="%E7%B7%8B%E3%81%84%E7%8C%AB%EF%BC%9E%EF%BC%9C%EF%BC%81" n2="%E6%BF%80%E8%BE%9B" n3="%E3%83%88%E3%83%88%E3%83%AA%E5%85%88%E7%94%9F%31%39%E6%AD%B3" dan="16,16,16,16" rate="2049.35,2024.11,2114.91,2157.31" sx="M,F,M,F"/><TAIKYOKU oya="0"/><INIT seed="0,0,0,1,5,78" ten="250,250,250,250" oya="0" hai0="41,76,26,28,108,22,31,117,103,21,64,90,88" hai1="85,59,37,69,42,115,95,94,53,33,47,17,61" hai2="135,132,57,39,123,83,72,35,109,79,20,120,77" hai3="18,14,10,40,1,100,66,2,52,38,130,0,96"/><T101/><D117/><U67/><E115/><V87/><F35/><W110/><G110/><T58/><D76/><U133/><E133/><N who="2" m="51275" /><F39/><W125/><G130/><T124/><D124/><U6/><E33/><V24/><F109/><W36/><G125/><T12/><D41/><U116/><E116/><V106/><F106/><W70/><G40/><T45/><D45/><U4/><E17/><N who="2" m="12303" /><F57/><W32/><G32/><T93/><D108/><U3/><E3/><V71/><F71/><W105/><G66/><T13/><D93/><U118/><E118/><V89/><F77/><W7/><G70/><T80/><D80/><AGARI ba="0,0" hai="72,79,80,83,87,89,120,123" m="12303,51275" machi="80" ten="30,3900,0" yaku="20,1,52,2" doraHai="78" who="2" fromWho="0" sc="250,-39,250,0,250,39,250,0" /><INIT seed="1,0,0,0,2,127" ten="211,250,289,250" oya="1" hai0="61,114,27,135,41,126,89,51,111,9,117,0,6" hai1="46,123,7,14,134,70,40,78,32,121,57,96,130" hai2="115,50,76,74,82,2,54,62,64,21,10,98,113" hai3="69,103,11,36,107,18,84,1,85,20,101,132,12"/><U95/><E70/><V4/><F21/><W39/><G69/><T106/><D126/><U120/><E32/><V58/><REACH who="2" step="1"/><F98/><REACH who="2" ten="211,250,279,250" step="2"/><W102/><G20/><T77/><D117/><U53/><E123/><V99/><F99/><W59/><G11/><T100/><D135/><U105/><E105/><V91/><F91/><W131/><G107/><T15/><D89/><U25/><E134/><V52/><F52/><W67/><G132/><T90/><D106/><U81/><E121/><V73/><F73/><W122/><G122/><T118/><D90/><U63/><E120/><V125/><F125/><W80/><G102/><T56/><D118/><U83/><E78/><V47/><AGARI ba="0,1" hai="2,4,10,47,50,54,58,62,64,74,76,82,113,115" machi="47" ten="30,2000,0" yaku="1,1,0,1,53,0" doraHai="127" doraHaiUra="116" who="2" fromWho="2" sc="211,-5,250,-10,279,30,250,-5" /><INIT seed="2,0,0,1,4,76" ten="206,240,309,245" oya="2" hai0="112,56,125,64,86,57,59,34,92,95,60,12,105" hai1="116,97,129,119,65,93,106,20,80,94,52,71,23" hai2="5,89,43,88,11,26,6,98,40,35,118,99,63" hai3="134,69,132,108,37,45,9,120,109,75,8,123,27"/><V121/><F118/><W36/><G27/><T19/><D34/><U68/><E129/><V103/><F121/><N who="3" m="46667" /><G75/><T96/><D112/><U16/><E106/><V91/><F35/><W33/><G33/><T50/><D125/><U51/><E65/><V53/><F26/><W85/><G85/><T55/><D86/><U126/><E126/><V7/><F11/><N who="3" m="4171" /><G45/><T47/><D105/><U4/><E4/><V15/><F15/><W31/><G31/><T127/><D127/><U124/><E124/><V102/><F63/><W10/><G69/><T54/><D54/><U48/><E97/><N who="2" m="36875" /><F53/><W83/><G83/><T113/><D113/><U41/><E52/><V70/><F70/><W101/><G101/><AGARI ba="0,0" hai="5,6,7,40,43,88,89,91,101,102,103" m="36875" machi="101" ten="40,12000,1" yaku="28,2,8,1,54,1" doraHai="76" who="2" fromWho="3" sc="206,0,240,0,309,120,245,-120" /><INIT seed="2,1,0,2,0,121" ten="206,240,429,125" oya="2" hai0="108,71,64,120,102,74,90,115,51,133,19,91,62" hai1="38,110,53,101,15,42,4,23,35,45,70,129,104" hai2="50,125,117,57,78,118,89,83,10,103,31,63,127" hai3="20,25,17,119,131,58,48,112,21,85,34,92,76"/><V37/><F37/><W54/><G119/><T128/><D120/><U94/><E104/><V55/><F103/><W113/><G131/><T12/><D128/><U26/><E35/><V16/><F31/><W77/><G34/><T0/><D133/><U30/><E70/><V14/><F89/><W106/><G106/><T105/><D74/><U18/><E129/><V3/><F3/><W1/><G1/><T81/><D115/><U44/><E4/><V93/><F93/><W80/><G113/><T52/><D0/><U130/><E130/><V69/><F69/><W61/><G112/><T29/><D29/><U124/><E124/><N who="2" m="47691" /><F50/><W126/><G126/><T43/><D43/><U56/><E94/><V122/><F122/><W41/><G92/><T27/><D27/><U39/><E101/><V36/><F36/><W84/><G41/><T5/><D5/><U49/><E39/><V66/><F55/><W40/><G40/><T99/><D81/><U135/><E135/><V123/><F123/><W96/><G96/><T73/><D73/><AGARI ba="1,0" hai="10,14,16,57,63,66,73,78,83,117,118" m="47691" machi="73" ten="30,2900,0" yaku="18,1,54,1" doraHai="121" who="2" fromWho="0" sc="206,-32,240,0,429,32,125,0" /><INIT seed="2,2,0,4,0,21" ten="174,240,461,125" oya="2" hai0="68,7,40,80,122,29,114,49,108,51,32,125,33" hai1="93,119,6,25,89,127,55,75,70,45,47,73,16" hai2="84,12,39,2,58,96,100,111,102,98,38,128,88" hai3="117,79,22,112,1,132,35,90,44,106,13,134,130"/><V41/><F2/><W118/><G106/><T46/><D114/><U59/><E70/><V120/><F120/><W66/><G66/><T64/><D122/><U20/><E20/><V82/><BYE who="1" /><F128/><W103/><G103/><T115/><D115/><U81/><E81/><V48/><F111/><W131/><G90/><T92/><D125/><UN n1="%E7%B7%8B%E3%81%84%E7%8C%AB%EF%BC%9E%EF%BC%9C%EF%BC%81" /><U95/><E119/><N who="3" m="45578" /><G44/><T17/><D108/><U62/><E6/><V56/><F39/><W91/><G91/><T37/><D80/><U87/><E127/><V14/><F38/><W101/><G101/><N who="2" m="39017" /><F41/><W18/><G79/><T123/><D123/><U72/><E93/><N who="2" m="56359" /><F98/><W83/><G83/><T53/><D37/><U76/><E76/><N who="2" m="46151" /><F58/><W71/><G71/><T69/><D68/><U86/><E73/><V104/><F104/><W74/><G74/><T30/><D69/><U26/><E75/><V78/><F78/><W135/><G112/><T99/><D64/><U94/><E72/><V31/><F31/><W34/><G1/><T77/><D77/><U4/><E59/><V54/><AGARI ba="2,0" hai="12,14,48,54,56" m="46151,56359,39017" machi="54" ten="30,3000,0" yaku="8,1,54,1" doraHai="21" who="2" fromWho="2" sc="174,-12,240,-12,461,36,125,-12" /><INIT seed="2,3,0,1,1,92" ten="162,228,497,113" oya="2" hai0="69,50,29,95,129,90,91,117,115,0,125,94,47" hai1="59,66,65,45,81,78,62,122,58,89,87,64,38" hai2="97,106,124,80,32,40,107,118,18,27,20,2,96" hai3="70,85,71,51,33,54,19,101,99,84,8,49,22"/><V100/><F118/><W44/><G33/><T93/><D117/><U67/><E122/><V103/><F124/><W7/><G71/><T68/><D125/><U10/><E10/><V23/><F2/><W21/><G70/><T42/><D0/><U48/><E38/><V12/><F40/><W1/><G51/><T77/><D115/><U110/><E110/><V39/><F39/><W57/><G44/><T82/><D29/><U43/><E59/><V73/><F32/><W123/><G123/><T28/><D28/><U114/><REACH who="1" step="1"/><E114/><REACH who="1" ten="162,218,497,113" step="2"/><V24/><F23/><W131/><G131/><T120/><D129/><U15/><E15/><V46/><F46/><W52/><G54/><T3/><D3/><U135/><E135/><V134/><F134/><W6/><G6/><T126/><D120/><U128/><E128/><V76/><AGARI ba="3,1" hai="12,18,20,24,27,73,76,80,96,97,100,103,106,107" machi="76" ten="30,11700,0" yaku="0,1,9,1,52,2" doraHai="92" who="2" fromWho="2" sc="162,-42,218,-42,497,136,113,-42" /><INIT seed="2,4,0,3,2,110" ten="120,176,633,71" oya="2" hai0="106,51,102,103,16,81,50,4,20,36,74,28,135" hai1="112,79,43,75,48,1,89,52,108,56,69,9,63" hai2="54,13,126,77,0,94,30,133,64,73,25,14,80" hai3="67,95,96,125,124,98,113,37,115,59,101,41,109"/><V3/><F126/><N who="3" m="48747" /><G109/><T18/><D36/><U44/><E108/><V128/><F64/><W61/><G37/><T88/><D135/><U2/><E89/><V46/><F133/><W62/><G41/><T111/><D111/><U99/><E99/><V83/><F128/><W129/><G129/><T87/><D4/><U24/><E24/><V70/><F70/><W72/><G72/><T68/><D68/><U8/><E112/><N who="3" m="43082" /><G96/><T15/><D74/><U17/><E79/><V58/><F77/><W123/><G62/><T91/><D106/><U119/><E75/><V60/><F73/><W10/><G10/><N who="0" m="6263" /><D28/><U127/><E127/><V92/><F60/><W97/><G97/><T31/><D31/><U132/><E8/><V84/><F30/><W134/><G134/><T65/><D65/><U23/><E132/><V26/><F84/><W47/><G47/><T66/><D66/><U35/><E9/><V55/><F46/><W7/><G7/><T114/><D114/><U34/><E44/><V120/><F58/><W42/><G42/><T45/><D91/><U32/><E43/><V78/><F78/><W53/><G67/><T107/><D107/><U19/><E63/><V57/><F57/><W104/><G123/><AGARI ba="4,0" hai="0,3,13,14,25,26,54,55,80,83,92,94,120,123" machi="123" ten="25,2400,0" yaku="22,2" doraHai="110" who="2" fromWho="3" sc="120,0,176,0,633,36,71,-36" /><INIT seed="2,5,0,1,3,74" ten="120,176,669,35" oya="2" hai0="105,88,78,18,85,115,24,30,82,120,90,134,95" hai1="3,91,32,44,6,119,14,73,97,122,111,54,41" hai2="127,65,40,83,125,89,8,55,84,69,131,43,72" hai3="42,101,52,38,64,106,0,4,11,59,36,126,7"/><V35/><F35/><W103/><G126/><N who="2" m="48137" /><F131/><W113/><G113/><T107/><D120/><U70/><E3/><V12/><F72/><W29/><G64/><T20/><D134/><U132/><E70/><V60/><F55/><W46/><G38/><T66/><D115/><U31/><E73/><V19/><AGARI ba="5,0" hai="8,12,19,40,43,60,65,69,83,84,89" m="48137" machi="19" ten="30,1500,0" yaku="18,1" doraHai="74" who="2" fromWho="2" sc="120,-10,176,-10,669,30,35,-10" /><INIT seed="2,6,0,5,3,65" ten="110,166,699,25" oya="2" hai0="86,25,0,76,126,87,107,46,71,115,68,93,41" hai1="73,11,96,111,127,74,51,88,119,135,91,16,82" hai2="97,113,131,43,118,33,72,58,27,17,38,35,106" hai3="92,29,109,26,24,6,100,66,3,134,81,39,60"/><V63/><F113/><W49/><G39/><T108/><D115/><U4/><E119/><V1/><F118/><W125/><G109/><T124/><D108/><U44/><E111/><V61/><F1/><W20/><G134/><T50/><D0/><U31/><E31/><V90/><F72/><W120/><G120/><T32/><D107/><U102/><E135/><V28/><F131/><W94/><G125/><N who="0" m="48235" /><D76/><U110/><E110/><V10/><F38/><W53/><G100/><T70/><D93/><N who="1" m="58639" /><E91/><V67/><F43/><W13/><G3/><T47/><D47/><U99/><E4/><V2/><F63/><W48/><G81/><T132/><D132/><U22/><E99/><V59/><F59/><W40/><G40/><T89/><D89/><U116/><E22/><V130/><F130/><W121/><G121/><T83/><D83/><U129/><E129/><V15/><F2/><W36/><G92/><T12/><D12/><N who="1" m="7199" /><E127/><V117/><F117/><W79/><G94/><T5/><D5/><U101/><E101/><V64/><F33/><W21/><G79/><T95/><D95/><U19/><E19/><BYE who="1" /><V42/><F90/><W122/><G122/><T128/><D128/><U9/><E9/><V14/><F17/><UN n1="%E7%B7%8B%E3%81%84%E7%8C%AB%EF%BC%9E%EF%BC%9C%EF%BC%81" /><W98/><G98/><T123/><D123/><U104/><E116/><V54/><F10/><W114/><G114/><T112/><D112/><U57/><E104/><V52/><F106/><W69/><G6/><T8/><D8/><U37/><E82/><V23/><F97/><W62/><G13/><T84/><D32/><U80/><E80/><V103/><F35/><RYUUKYOKU ba="6,0" sc="110,30,166,-10,699,-10,25,-10" hai0="25,41,46,50,68,70,71,84,86,87" /><INIT seed="3,7,0,1,2,36" ten="140,156,689,15" oya="3" hai0="128,38,23,40,124,29,17,73,39,112,91,126,2" hai1="109,132,58,100,78,86,37,35,81,76,74,4,106" hai2="11,72,114,127,70,59,90,20,41,105,21,134,33" hai3="48,31,18,92,64,5,15,82,131,10,119,53,118"/><W8/><G131/><T13/><D128/><U60/><E35/><V101/><F114/><W129/><G129/><T122/><D112/><U125/><E37/><N who="0" m="13833" /><D2/><U50/><E125/><N who="0" m="48233" /><D122/><U102/><E109/><V75/><F70/><W71/><G31/><T56/><D73/><U95/><E132/><V7/><F134/><W98/><G82/><T9/><D40/><U67/><E106/><V133/><F33/><W24/><G71/><T108/><D108/><U46/><E4/><V62/><F133/><W27/><G64/><T51/><D91/><N who="1" m="51663" /><E74/><V83/><F105/><W66/><G66/><T34/><D34/><U94/><E100/><V80/><F101/><W63/><G63/><T87/><D87/><U116/><E116/><V30/><F30/><W77/><G77/><N who="1" m="29802" /><E102/><V44/><F83/><W16/><G118/><T25/><D51/><U47/><E47/><V99/><F75/><W84/><G84/><T110/><D110/><U113/><E113/><V103/><F72/><W12/><G119/><T65/><D56/><U19/><E19/><V89/><F80/><W52/><G5/><N who="0" m="3247" /><D65/><U32/><E32/><V120/><F120/><W111/><G111/><T3/><D3/><U43/><AGARI ba="7,0" hai="43,46,50,58,60,67,94,95" m="29802,51663" machi="43" ten="30,2000,0" yaku="8,1,52,1" doraHai="36" who="1" fromWho="1" sc="140,-12,156,41,689,-12,15,-17" owari="128,-27.0,197,0.0,677,77.0,-2,-50.0" /></mjloggm>