<mjloggm ver="2.3"><GO type="41" lobby="0"/><UN n0="%E7%B4%8D%E6%B6%BC" n1="%57%61%74%41%72%75%6E" n2="%E6%9B%B0%E3%83%8F%E3%83%A0%E5%B0%8F%E7%AC%A0%E5%8E%9F" n3="%E5%B0%B1%E6%B4%BB%E7%94%9F%40%E5%B7%9D%E6%9D%91%E8%BB%8D%E5%9B%A3" dan="14,13,13,15" rate="1884.18,1902.45,1894.28,2001.76" sx="M,M,M,M"/><TAIKYOKU oya="0"/><INIT seed="0,0,0,1,0,69" ten="250,250,250,250" oya="0" hai0="14,68,70,30,75,99,71,88,102,37,54,82,126" hai1="38,127,106,125,132,45,83,33,79,57,52,25,134" hai2="46,77,103,131,114,19,92,47,66,56,129,22,28" hai3="50,101,60,32,73,110,94,90,42,80,15,21,109"/><T74/><D30/><N who="1" m="19663" /><E106/><V120/><F77/><W95/><G32/><T48/><D126/><N who="1" m="48139" /><E83/><V6/><F6/><W58/><G50/><T119/><D119/><U128/><E79/><V65/><F28/><W23/><G42/><T43/><D14/><U72/><E72/><V12/><F114/><W36/><G101/><T135/><D135/><N who="1" m="51755" /><E57/><V44/><F120/><W89/><G80/><T105/><D43/><N who="1" m="22775" /><E52/><V41/><F41/><W8/><G58/><T7/><D7/><U34/><E34/><V3/><F3/><W107/><G107/><T100/><D100/><U87/><E87/><V1/><F1/><W2/><G2/><T24/><D24/><U4/><E4/><V62/><F66/><W123/><G15/><T86/><REACH who="0" step="1"/><D37/><REACH who="0" ten="240,250,250,250" step="2"/><U49/><E49/><V91/><REACH who="2" step="1"/><F103/><REACH who="2" ten="240,250,240,250" step="2"/><W78/><G36/><T121/><D121/><U108/><E108/><V116/><F116/><W118/><G123/><T53/><D53/><U76/><E76/><V84/><AGARI ba="0,2" hai="12,19,22,44,46,47,56,62,65,84,91,92,129,131" machi="84" ten="30,4000,0" yaku="1,1,0,1,53,1" doraHai="69" doraHaiUra="55" who="2" fromWho="2" sc="240,-20,250,-10,240,60,250,-10" /><INIT seed="1,0,0,2,5,93" ten="220,240,300,240" oya="1" hai0="47,76,104,22,129,108,39,52,33,19,117,5,69" hai1="101,4,12,27,90,29,110,120,57,113,72,94,125" hai2="58,91,66,37,50,68,132,122,3,78,131,134,99" hai3="61,41,65,56,81,106,6,67,40,97,45,74,59"/><U25/><E113/><V11/><F37/><W109/><G109/><T83/><D117/><U0/><E120/><V54/><F78/><W13/><G74/><T111/><D104/><U16/><E72/><V20/><F122/><W73/><G73/><T30/><D69/><U35/><E125/><V116/><F116/><W103/><G81/><T79/><D129/><U105/><E110/><N who="0" m="42025" /><D5/><U28/><E105/><V14/><F3/><W89/><G89/><T18/><D33/><U71/><E101/><V115/><F20/><W85/><G85/><T100/><D100/><U98/><E71/><V96/><F91/><W26/><G26/><N who="0" m="16727" /><D39/><U8/><E57/><V135/><F131/><W53/><G45/><T9/><D9/><U87/><E27/><V1/><F1/><W118/><G118/><T48/><D83/><U63/><E63/><N who="2" m="40031" /><F115/><W15/><G67/><T102/><D102/><U123/><E29/><V17/><AGARI ba="0,0" hai="11,14,17,50,54,58,96,99,132,134,135" m="40031" machi="17" ten="30,4000,0" yaku="20,1,52,2" doraHai="93" who="2" fromWho="2" sc="220,-10,240,-20,300,40,240,-10" /><INIT seed="2,0,0,0,0,56" ten="210,220,340,230" oya="2" hai0="32,13,73,22,35,120,4,23,98,18,124,112,85" hai1="129,95,66,20,77,94,134,58,15,16,62,78,109" hai2="101,61,99,96,115,100,114,92,60,3,97,36,125" hai3="132,72,127,81,49,104,14,30,102,34,59,83,110"/><V29/><F3/><W107/><G34/><N who="0" m="12843" /><D73/><U51/><E109/><V84/><F36/><W40/><G30/><T76/><D76/><U135/><E129/><V79/><F125/><W131/><G40/><T0/><D98/><U28/><E28/><V5/><F5/><W122/><G49/><T45/><D85/><U111/><E51/><V7/><F7/><W121/><G59/><T63/><D63/><U39/><E39/><V43/><F29/><W65/><G65/><T25/><D45/><U113/><E111/><V123/><F123/><W86/><G14/><T126/><D120/><U106/><E106/><V52/><F43/><W75/><G110/><T108/><D108/><U9/><E113/><V11/><F11/><W103/><G86/><T12/><D112/><U74/><E9/><V53/><F97/><W8/><G8/><N who="0" m="2055" /><D126/><U19/><E19/><V89/><F79/><N who="1" m="30217" /><E74/><V48/><F84/><W2/><G2/><T128/><D128/><U88/><E94/><V21/><F21/><W133/><G127/><T68/><D68/><U44/><E44/><V55/><F115/><W37/><G37/><T47/><D47/><U91/><E95/><N who="2" m="58399" /><F114/><W26/><G26/><N who="0" m="14679" /><D124/><U54/><E66/><V64/><F64/><W69/><G69/><T10/><D10/><U46/><E46/><N who="2" m="27671" /><F101/><W50/><G50/><T117/><D117/><U42/><E42/><V31/><F55/><W33/><G33/><T71/><D71/><U82/><E82/><V80/><F80/><W70/><G70/><T90/><D23/><U87/><E87/><V17/><F53/><W1/><G131/><RYUUKYOKU ba="0,0" sc="210,-15,220,15,340,-15,230,15" hai1="15,16,20,54,58,62,88,91,134,135" hai3="1,72,75,81,83,102,103,104,107,121,122,132,133" /><INIT seed="3,1,0,5,3,102" ten="195,235,325,245" oya="3" hai0="15,50,48,44,1,66,97,107,64,126,31,32,125" hai1="40,117,42,23,79,54,8,91,18,132,65,30,119" hai2="86,2,17,56,12,127,73,81,68,36,33,41,135" hai3="55,78,105,99,121,34,45,123,76,57,61,39,88"/><W20/><G34/><T110/><D1/><U28/><E79/><V128/><F68/><W7/><G123/><T114/><D32/><U115/><E65/><V13/><F2/><W35/><G121/><T84/><D31/><N who="1" m="11819" /><E115/><V63/><F33/><W58/><G35/><T47/><D15/><N who="1" m="9695" /><E132/><V116/><F73/><W60/><G7/><T109/><D84/><U46/><E54/><V51/><F135/><W92/><G20/><T95/><D95/><U130/><E130/><V131/><F36/><W96/><G45/><T16/><D16/><U74/><E74/><V43/><F51/><W14/><G14/><T19/><D19/><U103/><E103/><V98/><F12/><W108/><G39/><T113/><D97/><U104/><E91/><V62/><F98/><W21/><G21/><T11/><D11/><U49/><E8/><V87/><F17/><W75/><G75/><T69/><REACH who="0" step="1"/><D107/><REACH who="0" ten="185,235,325,245" step="2"/><U122/><E122/><V93/><F93/><W133/><G133/><T25/><D25/><U5/><E104/><V112/><F13/><W38/><G105/><T129/><D129/><U120/><E5/><V94/><F94/><W4/><G99/><T29/><D29/><U59/><E120/><V106/><F106/><W89/><G4/><T10/><D10/><U83/><E83/><V82/><F131/><W90/><G92/><T27/><D27/><U70/><E119/><V101/><F116/><W53/><G96/><T22/><D22/><U111/><E117/><V26/><F26/><W124/><G90/><T6/><D6/><U24/><E111/><V77/><F128/><RYUUKYOKU ba="1,1" sc="185,30,235,-10,325,-10,245,-10" hai0="44,47,48,50,64,66,69,109,110,113,114,125,126" /><INIT seed="4,2,1,1,5,93" ten="215,225,315,235" oya="0" hai0="107,15,68,60,19,41,129,64,0,126,96,32,132" hai1="16,116,40,94,106,58,134,52,28,7,18,43,115" hai2="42,36,39,53,89,22,8,135,17,12,104,76,112" hai3="45,73,35,70,133,11,20,122,25,103,47,125,23"/><T48/><D0/><U123/><E116/><V77/><F104/><W81/><G70/><T57/><D132/><U21/><E106/><V121/><F135/><W67/><G133/><T4/><D126/><U124/><E123/><V69/><F69/><W72/><G35/><T79/><D79/><U14/><E124/><V37/><F42/><N who="1" m="15913" /><E134/><V61/><F121/><W56/><G125/><T83/><D129/><U74/><E74/><V108/><F108/><W128/><G128/><T65/><D32/><U3/><E3/><V34/><F34/><W98/><G11/><T5/><D83/><U91/><E115/><V109/><F109/><W114/><G23/><T27/><D27/><N who="1" m="16495" /><E7/><V131/><F131/><W71/><G71/><T46/><D68/><U97/><E14/><V55/><F112/><W90/><G114/><T9/><REACH who="0" step="1"/><D65/><REACH who="0" ten="205,225,315,235" step="2"/><U63/><AGARI ba="2,2" hai="16,18,52,58,63,91,94,97" m="16495,15913" machi="63" ten="30,7900,0" yaku="8,1,52,1,54,2" doraHai="93" who="1" fromWho="1" sc="205,-41,225,105,315,-22,235,-22" /><INIT seed="5,0,0,5,4,40" ten="164,330,293,213" oya="1" hai0="26,32,76,87,90,71,27,102,44,0,8,48,82" hai1="113,99,96,1,33,59,122,19,30,83,61,126,4" hai2="70,34,65,74,39,67,57,114,43,52,51,53,92" hai3="115,112,60,69,123,121,7,58,64,106,131,117,77"/><U37/><E122/><N who="3" m="46602" /><G106/><T63/><D102/><U55/><E126/><V24/><F74/><W129/><G77/><T95/><D32/><U110/><E113/><N who="3" m="43594" /><G7/><T50/><D50/><U14/><E37/><V84/><F114/><W118/><G58/><T46/><D48/><U91/><E1/><V62/><F34/><W73/><G73/><T75/><D71/><U28/><E110/><V22/><F84/><W78/><G78/><T68/><D68/><U49/><E33/><V20/><F20/><W15/><G15/><T128/><D128/><AGARI ba="0,0" hai="60,64,69,117,118,128,129,131" m="43594,46602" machi="128" ten="40,8000,1" yaku="19,1,15,1,23,1,34,2" doraHai="40" who="3" fromWho="0" sc="164,-80,330,0,293,0,213,80" /><INIT seed="6,0,0,3,0,15" ten="84,330,293,293" oya="2" hai0="37,88,7,96,127,13,61,124,10,8,115,4,98" hai1="6,95,33,28,41,85,94,76,128,125,11,25,117" hai2="2,78,29,134,133,84,120,75,51,53,110,99,43" hai3="31,135,66,34,106,80,49,107,3,86,114,116,9"/><V92/><F120/><W56/><G116/><T123/><D123/><U16/><E117/><V42/><F2/><W65/><G135/><N who="2" m="51721" /><F29/><W89/><G114/><T122/><D122/><U109/><E125/><V0/><F0/><W82/><G34/><T62/><D37/><U63/><E128/><V57/><F75/><W71/><G31/><T14/><REACH who="0" step="1"/><D115/><REACH who="0" ten="74,330,293,293" step="2"/><U70/><E109/><V100/><F110/><W55/><G107/><T59/><D59/><U69/><E69/><V35/><F35/><W77/><G106/><T103/><D103/><U26/><E70/><V74/><F74/><W21/><G71/><T44/><D44/><U47/><E33/><V104/><F104/><W83/><G66/><T81/><D81/><AGARI ba="0,1" hai="42,43,51,53,57,78,81,84,92,99,100" m="51721" machi="81" ten="30,1500,0" yaku="20,1" doraHai="15" who="2" fromWho="0" sc="74,-15,330,0,293,25,293,0" /><INIT seed="6,1,0,5,2,26" ten="59,330,318,293" oya="2" hai0="129,43,42,112,41,84,109,24,19,107,71,3,124" hai1="125,103,37,50,100,76,117,1,133,22,81,15,87" hai2="85,23,54,60,127,8,57,0,104,52,97,9,80" hai3="89,48,62,7,47,93,63,10,90,105,32,88,96"/><V34/><F34/><W21/><G32/><T116/><D84/><U110/><E110/><V65/><F127/><W29/><G105/><T98/><D19/><U27/><E37/><V94/><F104/><W53/><G10/><N who="2" m="4201" /><F23/><W119/><G7/><T30/><D124/><U68/><E1/><V74/><F74/><W121/><G121/><T120/><D3/><U64/><E15/><V128/><F128/><W59/><G119/><T49/><D120/><U130/><E125/><V108/><F0/><W44/><G44/><T12/><D129/><U118/><E133/><V16/><F16/><W73/><G73/><T70/><D12/><U2/><E2/><V66/><F66/><W113/><G113/><T17/><D17/><U132/><E132/><V40/><F40/><W25/><REACH who="3" step="1"/><G63/><REACH who="3" ten="59,330,318,283" step="2"/><T83/><D116/><U131/><E130/><V58/><F108/><W61/><G61/><T36/><D109/><U46/><E131/><V78/><F58/><W38/><G38/><T67/><D112/><U51/><E118/><V18/><F18/><W14/><G14/><T31/><D36/><U79/><E117/><V134/><F134/><W91/><G91/><AGARI ba="1,1" hai="52,54,57,60,65,78,80,85,91,94,97" m="4201" machi="91" ten="30,2900,0" yaku="8,1,54,1" doraHai="26" who="2" fromWho="3" sc="59,0,330,0,318,42,283,-32" /><INIT seed="6,2,0,4,2,90" ten="59,330,360,251" oya="2" hai0="79,67,24,106,1,18,38,99,43,57,42,95,80" hai1="82,128,105,16,107,11,28,97,31,0,117,34,55" hai2="118,116,88,37,76,115,30,125,84,74,32,120,103" hai3="112,89,49,113,98,119,127,27,101,78,20,41,9"/><V39/><F120/><W21/><G119/><T60/><D1/><U93/><E117/><V45/><F103/><W65/><G65/><T5/><D106/><U44/><E128/><V108/><F32/><W51/><G78/><T130/><D130/><U4/><E82/><V59/><F30/><W73/><G73/><T72/><D5/><U46/><E107/><V61/><F115/><N who="3" m="44107" /><G127/><T29/><D38/><U19/><E105/><V68/><F68/><W121/><G121/><T94/><D18/><U126/><E126/><V135/><F125/><W13/><G89/><T58/><D58/><U36/><E46/><V131/><F131/><W91/><G91/><T123/><D123/><U87/><E87/><V134/><F108/><W10/><G41/><T85/><D72/><U63/><E31/><V15/><F76/><W122/><G122/><T129/><D129/><U56/><E28/><V26/><F74/><W47/><G47/><T40/><REACH who="0" step="1"/><D99/><REACH who="0" ten="49,330,360,251" step="2"/><U96/><E96/><V114/><F114/><W71/><G98/><T22/><AGARI ba="2,1" hai="22,24,29,40,42,43,57,60,67,79,80,85,94,95" machi="22" ten="30,12000,2" yaku="1,1,2,1,0,1,8,1,52,2,53,0" doraHai="90" doraHaiUra="92" who="0" fromWho="0" sc="49,136,330,-32,360,-62,251,-32" /><INIT seed="7,0,0,4,2,29" ten="185,298,298,219" oya="3" hai0="70,50,99,46,100,62,13,129,47,92,39,104,126" hai1="52,103,57,115,7,27,17,63,54,69,43,121,101" hai2="40,37,102,68,91,134,19,96,66,131,84,124,74" hai3="28,48,38,25,31,58,125,44,2,83,0,20,119"/><W108/><G119/><T12/><D129/><U4/><E121/><V53/><F74/><W93/><G108/><T21/><D126/><U90/><E115/><V72/><F72/><W35/><G125/><T82/><D104/><U113/><E113/><V88/><F124/><W80/><G38/><T9/><D70/><U79/><E79/><V64/><F68/><W107/><G107/><T33/><D33/><U36/><E69/><V55/><F131/><W116/><G116/><T45/><D39/><U112/><E112/><V23/><F40/><W78/><G93/><T94/><D94/><U71/><E71/><V59/><F37/><W67/><G31/><T133/><D62/><U65/><E90/><V15/><F134/><W1/><G20/><T117/><D117/><U49/><E36/><V18/><F102/><N who="1" m="38921" /><E43/><V76/><F76/><W14/><G14/><T110/><D110/><U10/><E49/><V127/><F127/><W32/><G32/><T132/><D50/><U114/><E114/><V11/><F96/><W77/><G67/><N who="2" m="25641" /><F91/><W26/><G58/><T89/><D89/><U42/><E42/><V97/><F97/><W109/><G109/><T106/><D106/><U111/><E111/><V87/><F59/><W128/><G128/><T56/><D56/><U5/><E27/><N who="2" m="14839" /><F87/><W30/><G77/><T85/><D133/><U73/><E73/><V105/><F105/><W98/><G98/><T122/><D132/><U16/><E10/><V118/><F118/><W61/><G78/><N who="0" m="46295" /><D122/><U6/><N who="1" m="1536" /><DORA hai="3" /><U135/><E135/><V41/><F41/><N who="3" m="24591" /><G61/><T81/><D9/><RYUUKYOKU ba="0,0" sc="185,-30,298,10,298,10,219,10" hai1="16,17,52,54,57,63,65" hai2="11,15,19,53,55,84,88" hai3="0,1,2,25,26,28,30,35,80,83" /><INIT seed="7,1,0,2,2,57" ten="155,308,308,229" oya="3" hai0="45,37,34,61,14,78,118,50,74,48,80,95,9" hai1="129,51,103,54,119,94,106,76,72,114,41,13,17" hai2="130,87,73,8,100,38,121,6,26,68,62,98,104" hai3="4,125,88,127,27,89,58,83,43,135,97,29,22"/><W85/><G135/><T60/><D34/><U77/><E106/><V84/><F38/><W123/><G123/><T131/><D118/><U93/><E41/><V21/><F73/><W90/><G4/><T11/><D11/><N who="1" m="6335" /><E72/><V120/><F130/><W0/><G0/><T109/><D109/><U5/><E5/><V101/><F101/><W64/><G43/><T102/><D131/><U133/><E129/><V35/><F21/><W71/><G71/><T96/><D37/><U55/><E133/><V47/><F47/><W117/><G117/><T113/><D113/><U40/><E114/><V132/><F132/><W110/><G110/><T111/><D111/><U28/><E28/><N who="2" m="19863" /><F8/><W16/><G29/><T36/><D36/><U10/><E10/><V79/><F6/><W92/><REACH who="3" step="1"/><G89/><REACH who="3" ten="155,308,308,219" step="2"/><T82/><D82/><U1/><E1/><V65/><F79/><N who="1" m="30281" /><E119/><V20/><F121/><W12/><G12/><T31/><D31/><U49/><E103/><V69/><F120/><W112/><G112/><T30/><D30/><U32/><E40/><V70/><F70/><W124/><G124/><T66/><D66/><U105/><E32/><V3/><F68/><W7/><G7/><T44/><D14/><U75/><E75/><V2/><F3/><W59/><G59/><T52/><D9/><U99/><E105/><V25/><F2/><W115/><G115/><T33/><D33/><U39/><E39/><V56/><F56/><W53/><G53/><AGARI ba="1,1" hai="44,45,48,50,52,53,60,61,74,78,80,95,96,102" machi="53" ten="30,8000,1" yaku="7,1,9,1,52,2,54,1" doraHai="57" who="0" fromWho="3" sc="155,93,308,0,308,0,219,-83" owari="248,-15.0,308,40.0,308,11.0,136,-36.0" /></mjloggm>