<mjloggm ver="2.3"><GO type="169" lobby="0"/><UN n0="%E5%BE%A9%E8%AE%90%E3%81%A1%E3%82%83%E3%82%93" n1="%E5%B0%B1%E6%B4%BB%E7%94%9F%40%E5%B7%9D%E6%9D%91%E8%BB%8D%E5%9B%A3" n2="%E9%AF%89%E3%81%AB%E6%81%8B" n3="%38%37%73%65%66" dan="16,17,16,16" rate="2091.19,2225.60,2025.65,2123.85" sx="F,M,M,F"/><TAIKYOKU oya="0"/><INIT seed="0,0,0,1,5,31" ten="250,250,250,250" oya="0" hai0="26,36,76,96,38,40,28,92,116,121,25,98,37" hai1="68,49,63,77,62,111,67,86,99,8,87,89,123" hai2="85,51,124,75,24,94,52,69,13,16,129,4,128" hai3="17,105,20,80,61,115,112,84,3,72,93,45,27"/><T74/><D116/><U64/><E123/><V11/><F69/><W125/><G105/><T88/><D121/><U56/><E111/><V30/><F75/><W19/><G3/><T23/><D76/><U114/><E114/><V33/><F4/><W18/><G72/><T22/><D74/><U1/><E77/><V83/><F94/><W97/><G125/><T12/><D12/><U50/><E99/><V41/><F41/><W81/><G81/><T29/><REACH who="0" step="1"/><D98/><REACH who="0" ten="240,250,250,250" step="2"/><U46/><E87/><V106/><F124/><W6/><G84/><T59/><D59/><U109/><E109/><V119/><F119/><W101/><G97/><T79/><D79/><U0/><E8/><V102/><F102/><W57/><G101/><T127/><D127/><U48/><REACH who="1" step="1"/><E46/><AGARI ba="0,1" hai="22,23,25,26,28,29,36,37,38,40,46,88,92,96" machi="46" ten="40,7700,0" yaku="1,1,9,1,54,1,53,0" doraHai="31" doraHaiUra="113" who="0" fromWho="1" sc="240,87,250,-77,250,0,250,0" /><INIT seed="0,1,0,2,1,1" ten="327,173,250,250" oya="0" hai0="34,47,29,3,31,16,83,13,39,94,62,26,69" hai1="61,87,96,108,2,38,23,11,48,78,80,104,84" hai2="93,10,33,70,86,12,32,123,25,135,98,50,65" hai3="88,114,7,17,0,100,99,18,95,27,40,63,60"/><T81/><D3/><U49/><E38/><V75/><F75/><W85/><G114/><T106/><D106/><U110/><E61/><V4/><F123/><W102/><G40/><T77/><D31/><U64/><E64/><V91/><F135/><W118/><G118/><T89/><D77/><U103/><E23/><V45/><F70/><W51/><G102/><T37/><D69/><U21/><E21/><V30/><F65/><W113/><G113/><T74/><D62/><U92/><E87/><V41/><F86/><W76/><G76/><T14/><D14/><U129/><E129/><V66/><F66/><W46/><G63/><T117/><D117/><U6/><REACH who="1" step="1"/><E104/><REACH who="1" ten="327,163,250,250" step="2"/><V43/><F33/><W126/><G60/><T15/><D34/><U130/><E130/><V55/><AGARI ba="1,1" hai="4,10,12,25,30,32,41,43,45,50,55,91,93,98" machi="55" ten="20,2700,0" yaku="0,1,7,1,52,1" doraHai="1" who="2" fromWho="2" sc="327,-14,163,-8,250,40,250,-8" /><INIT seed="1,0,0,4,4,7" ten="313,155,290,242" oya="1" hai0="31,95,34,66,103,89,43,135,55,29,46,15,129" hai1="122,68,71,63,112,84,131,6,114,130,23,72,9" hai2="38,56,113,65,36,96,92,67,125,119,30,83,99" hai3="51,50,25,93,87,45,110,40,22,81,53,10,80"/><U90/><E72/><V2/><F119/><W64/><G110/><T77/><D103/><U24/><E122/><V18/><F30/><W4/><G64/><T117/><D117/><U5/><E63/><V73/><F113/><N who="1" m="43625" /><E71/><V61/><F67/><W21/><G93/><T133/><D55/><U39/><E68/><V78/><F99/><W126/><G126/><T12/><D77/><U82/><E39/><V26/><F125/><W74/><G74/><T104/><D104/><U0/><E82/><V59/><F2/><W98/><G98/><T91/><D46/><U42/><E42/><V27/><F56/><W33/><G33/><T35/><D43/><U97/><E97/><V54/><F65/><W108/><G108/><T94/><D66/><U115/><E84/><V49/><F49/><W32/><G32/><T86/><D86/><U60/><E60/><V79/><F79/><W44/><G25/><T37/><D37/><U121/><E90/><N who="2" m="55319" /><F27/><W123/><G81/><T111/><D111/><U124/><E121/><V128/><F128/><AGARI ba="0,0" hai="12,15,29,31,34,35,89,91,94,95,128,129,133,135" machi="128" ten="25,1600,0" yaku="22,2" doraHai="7" who="0" fromWho="2" sc="313,16,155,0,290,-16,242,0" /><INIT seed="2,0,0,0,1,88" ten="329,155,274,242" oya="2" hai0="28,6,125,135,121,71,127,100,75,9,44,79,91" hai1="131,58,21,83,8,92,122,0,119,117,10,132,86" hai2="11,15,65,108,52,97,101,22,14,30,64,95,3" hai3="102,69,33,130,99,41,27,70,23,31,40,82,39"/><V42/><F42/><W20/><G130/><T16/><D71/><U53/><E122/><V62/><F3/><W35/><G82/><T26/><D121/><U112/><E131/><V128/><F128/><W18/><G35/><T116/><D135/><U81/><E112/><V32/><F32/><W68/><G39/><T104/><D116/><U13/><E132/><V36/><F36/><W118/><G118/><T78/><D100/><U109/><E109/><V17/><F108/><W34/><G34/><T123/><D104/><U24/><E0/><V84/><F30/><W120/><G120/><T74/><D44/><U93/><E117/><V46/><F84/><W29/><G33/><T12/><D123/><U1/><E1/><V76/><F76/><W85/><G85/><T107/><D107/><U43/><E43/><V37/><F37/><W89/><G89/><T66/><D66/><U56/><E119/><V55/><F46/><W113/><G113/><T59/><D59/><N who="1" m="22571" /><E53/><N who="2" m="20555" /><F62/><W124/><G124/><N who="0" m="47691" /><D6/><AGARI ba="0,0" hai="6,11,14,15,17,22,64,65,95,97,101" m="20555" machi="6" ten="30,5800,0" yaku="8,1,52,1,54,1" doraHai="88" who="2" fromWho="0" sc="329,-58,155,0,274,58,242,0" /><INIT seed="2,1,0,1,5,88" ten="271,155,332,242" oya="2" hai0="36,60,86,73,25,52,44,10,56,55,70,35,85" hai1="78,84,119,96,66,62,82,13,120,43,37,45,0" hai2="110,48,106,111,126,102,51,16,31,109,92,61,18" hai3="134,53,127,74,8,132,3,21,47,28,93,49,67"/><V113/><F113/><W68/><G74/><T20/><D35/><U9/><E119/><V7/><F126/><W71/><G28/><T79/><D73/><U75/><E120/><V124/><F124/><W2/><G127/><T135/><D70/><N who="3" m="26665" /><G67/><T76/><D10/><U69/><E96/><N who="2" m="59655" /><F106/><W23/><G8/><T41/><D55/><U117/><E117/><V39/><F39/><W12/><G12/><T81/><D135/><N who="3" m="51753" /><G93/><T63/><D63/><U101/><E101/><V121/><F121/><W32/><G32/><T22/><REACH who="0" step="1"/><D25/><REACH who="0" ten="261,155,332,242" step="2"/><U122/><E122/><V129/><F61/><W59/><G3/><T30/><D30/><U5/><REACH who="1" step="1"/><E84/><REACH who="1" ten="261,145,332,242" step="2"/><V42/><F111/><W1/><G1/><AGARI ba="1,2" hai="0,1,5,9,13,37,43,45,62,66,69,75,78,82" machi="1" ten="40,2600,0" yaku="1,1,2,1,53,0" doraHai="88" doraHaiUra="80" who="1" fromWho="3" sc="261,0,145,49,332,0,242,-29" /><INIT seed="3,0,0,0,0,35" ten="261,194,332,213" oya="3" hai0="117,72,76,54,55,45,104,22,67,94,50,82,57" hai1="66,81,122,12,51,59,18,37,101,129,119,16,110" hai2="130,91,68,71,103,114,107,96,121,87,90,79,34" hai3="95,19,64,85,32,6,31,113,132,84,25,29,73"/><W134/><G73/><T126/><D104/><U133/><E37/><V118/><F34/><W56/><G113/><T11/><D117/><U4/><E122/><V1/><F118/><W48/><G31/><T92/><D126/><U28/><E119/><V80/><F121/><W0/><G19/><T135/><D67/><U17/><E129/><V75/><F130/><W26/><G26/><T5/><D22/><U106/><E133/><N who="3" m="51306" /><G95/><T30/><D30/><U21/><E110/><V7/><F114/><W116/><G116/><T112/><D112/><U61/><E28/><V83/><REACH who="2" step="1"/><F91/><REACH who="2" ten="261,194,322,213" step="2"/><W15/><G32/><T43/><D135/><U125/><E125/><V97/><F97/><W3/><G85/><T69/><D69/><U9/><E81/><V33/><F33/><N who="3" m="20655" /><G84/><T40/><D82/><U88/><E88/><V52/><F52/><N who="3" m="31751" /><G64/><T27/><D72/><U99/><REACH who="1" step="1"/><E51/><REACH who="1" ten="261,184,322,213" step="2"/><V44/><F44/><W10/><AGARI ba="0,2" hai="0,3,6,10,15" m="31751,20655,51306" machi="10" ten="30,11700,0" yaku="20,1,52,2,54,1" doraHai="35" who="3" fromWho="3" sc="261,-39,184,-39,322,-39,213,137" /><INIT seed="3,1,0,1,3,97" ten="222,145,283,350" oya="3" hai0="91,85,14,76,93,29,51,48,100,31,112,108,37" hai1="117,105,99,59,47,96,27,61,42,111,129,122,15" hai2="92,24,94,60,89,34,118,55,30,128,134,135,49" hai3="39,106,79,46,73,44,88,38,17,132,28,19,104"/><W2/><G2/><T11/><D108/><U120/><E111/><V63/><F118/><W84/><G28/><T8/><D37/><U119/><E129/><V127/><F128/><W36/><G73/><T65/><D65/><U124/><E124/><V52/><F127/><W22/><G79/><T75/><D112/><U90/><E27/><V26/><F89/><W3/><G3/><T86/><D75/><U21/><E21/><V33/><F49/><W7/><G7/><T68/><D68/><U125/><E125/><V81/><F81/><W35/><G35/><T114/><D114/><U77/><E77/><V69/><REACH who="2" step="1"/><F30/><REACH who="2" ten="222,145,273,350" step="2"/><W109/><G109/><T74/><D31/><U56/><E90/><V54/><F54/><W1/><G39/><T50/><D29/><U23/><E119/><V83/><F83/><W70/><G88/><T78/><D78/><U130/><E117/><V6/><F6/><W57/><G38/><T121/><D76/><U53/><E53/><V20/><F20/><W131/><G36/><T64/><D74/><U80/><E130/><V62/><F62/><W101/><G22/><T82/><D82/><U40/><E23/><V123/><F123/><W113/><G131/><T102/><D121/><U71/><E120/><V13/><F13/><W133/><G113/><T72/><D72/><U45/><E15/><V12/><F12/><W126/><G126/><T98/><D14/><U4/><E122/><V110/><F110/><W32/><G1/><T67/><D85/><U18/><E4/><V87/><F87/><W107/><G84/><T95/><D86/><RYUUKYOKU ba="1,1" sc="222,-10,145,-10,273,30,350,-10" hai2="24,26,33,34,52,55,60,63,69,92,94,134,135" /><INIT seed="4,2,1,1,2,22" ten="212,135,303,340" oya="0" hai0="106,119,20,66,52,54,80,24,9,97,101,63,124" hai1="51,77,45,132,25,99,46,7,29,100,2,83,121" hai2="134,21,135,105,40,10,70,3,27,68,89,95,90" hai3="120,113,44,11,56,104,36,6,33,38,5,82,92"/><T15/><D124/><U76/><E121/><V128/><F105/><W13/><G104/><T114/><D114/><U42/><E132/><N who="2" m="50731" /><F40/><W49/><G33/><T26/><D80/><U31/><E31/><N who="2" m="17903" /><F128/><W81/><G113/><T43/><D43/><U110/><E110/><V48/><F90/><W28/><G28/><T12/><D119/><U19/><E19/><V112/><F112/><W94/><G120/><T103/><D103/><U74/><E76/><V32/><F32/><W125/><G125/><T79/><D79/><U87/><E46/><V116/><F48/><W88/><G94/><T126/><D126/><U1/><E7/><N who="2" m="1407" /><F116/><W84/><G56/><T98/><D98/><AGARI ba="2,1" hai="68,70,89,95,98" m="1407,17903,50731" machi="98" ten="30,2000,0" yaku="20,1,52,1" doraHai="22" who="2" fromWho="0" sc="212,-26,135,0,303,36,340,0" /><INIT seed="5,0,0,1,4,48" ten="186,135,339,340" oya="1" hai0="13,14,26,47,102,70,83,111,88,86,90,68,1" hai1="128,24,29,60,4,10,100,16,66,97,64,19,124" hai2="132,0,34,92,123,107,122,108,32,75,7,105,12" hai3="51,95,21,80,50,81,9,96,58,91,101,20,121"/><U54/><E124/><V126/><F92/><W3/><G121/><T110/><D1/><U5/><E128/><V52/><F126/><W71/><G71/><T109/><D102/><U103/><E29/><V49/><F49/><N who="3" m="18443" /><G3/><T53/><D47/><U106/><E100/><V99/><F12/><W133/><G58/><T65/><D53/><U104/><E104/><V59/><F52/><W116/><G133/><T115/><D115/><U39/><E39/><V6/><F59/><W8/><G116/><T87/><D26/><U23/><E19/><V57/><F57/><W125/><G125/><T31/><D31/><U22/><E22/><N who="3" m="8810" /><G91/><T15/><REACH who="0" step="1"/><D65/><REACH who="0" ten="176,135,339,340" step="2"/><U37/><E37/><V94/><F0/><W55/><G55/><T113/><D113/><U43/><E43/><V44/><F123/><W84/><G101/><T82/><AGARI ba="0,1" hai="13,14,15,68,70,82,83,86,87,88,90,109,110,111" machi="82" ten="40,8000,1" yaku="1,1,0,1,9,1,54,1,53,0" doraHai="48" doraHaiUra="74" who="0" fromWho="0" sc="176,90,135,-40,339,-20,340,-20" /><INIT seed="6,0,0,3,5,17" ten="266,95,319,320" oya="2" hai0="85,55,134,14,102,40,69,56,123,43,124,7,130" hai1="41,20,117,89,101,128,63,91,125,51,6,29,58" hai2="74,76,73,57,112,67,3,4,15,50,48,99,100" hai3="1,42,22,122,116,80,0,66,120,126,27,33,103"/><V108/><F3/><W53/><G116/><T64/><D123/><U88/><E117/><V97/><F112/><W104/><G33/><T16/><D124/><U9/><E125/><V54/><F67/><W132/><G126/><T19/><D130/><U118/><E128/><V93/><F108/><W98/><G42/><T107/><D134/><U113/><E118/><V65/><F65/><W52/><G132/><T35/><D35/><U86/><E113/><V94/><F76/><W45/><G66/><T121/><D121/><U127/><E127/><V68/><F68/><W32/><G32/><T106/><D7/><U90/><E101/><V30/><F30/><W62/><G53/><T96/><D19/><U111/><E111/><V13/><F4/><W5/><G0/><T25/><D25/><U78/><N who="1" m="23040" /><DORA hai="39" /><U44/><E78/><V28/><F28/><W83/><G83/><T75/><D85/><U82/><E82/><V71/><F71/><W8/><G80/><T131/><D106/><U34/><E34/><V95/><F95/><W60/><G60/><T110/><D75/><U77/><E77/><V119/><F119/><W21/><G21/><T11/><D110/><U84/><E20/><V26/><F54/><W23/><G23/><T38/><D38/><U12/><REACH who="1" step="1"/><E29/><REACH who="1" ten="266,85,319,320" step="2"/><V47/><F100/><W135/><G122/><T61/><D131/><U72/><E72/><V105/><F74/><W92/><G120/><T115/><D115/><U87/><E87/><V10/><F73/><W36/><G22/><T18/><D102/><U133/><E133/><V37/><F97/><RYUUKYOKU ba="0,1" sc="266,-10,85,30,319,-10,320,-10" hai1="6,9,12,41,44,51,58,63,84,86" /><INIT seed="7,1,1,1,3,58" ten="256,115,309,310" oya="3" hai0="84,134,45,78,29,27,10,89,96,60,34,90,106" hai1="117,31,97,49,115,91,88,116,125,59,81,20,54" hai2="41,101,120,14,72,62,107,6,47,51,104,68,67" hai3="95,3,132,63,4,13,93,61,42,76,122,128,38"/><W114/><G122/><T56/><D134/><U71/><E71/><V22/><F120/><W74/><G13/><T17/><D45/><U123/><E123/><V94/><F72/><W11/><G114/><T121/><D121/><U19/><E115/><V50/><F51/><W7/><G7/><T52/><D17/><U83/><E125/><V87/><F101/><W57/><G63/><T118/><D118/><U24/><E31/><V129/><F129/><W105/><G105/><T86/><D10/><U82/><REACH who="1" step="1"/><E97/><REACH who="1" ten="256,105,309,310" step="2"/><V48/><F68/><W35/><G132/><T46/><D96/><U39/><E39/><V98/><F87/><W127/><G38/><T99/><D86/><U133/><E133/><V28/><F28/><W26/><G127/><T109/><D109/><U131/><E131/><V1/><F107/><W102/><G128/><T12/><D99/><U66/><E66/><V124/><F104/><W70/><G70/><T113/><D106/><U21/><E21/><V112/><F124/><W16/><G74/><T23/><D113/><U36/><E36/><V85/><F85/><W9/><G35/><T5/><D84/><U18/><E18/><V44/><F112/><W43/><G16/><T2/><D23/><U103/><E103/><N who="2" m="60887" /><F22/><W100/><G102/><T110/><D110/><U79/><E79/><V25/><F67/><N who="3" m="39343" /><G100/><T77/><D77/><U80/><N who="1" m="20992" /><DORA hai="119" /><U135/><E135/><V0/><F6/><N who="3" m="1247" /><G76/><T111/><D78/><U65/><E65/><V69/><F69/><W40/><G26/><T37/><D111/><U15/><E15/><V64/><F25/><RYUUKYOKU ba="1,2" sc="256,-15,105,15,309,-15,310,15" hai1="19,20,24,49,54,59,88,91,116,117" hai3="4,11,40,42,43,93,95" owari="241,-16.0,120,-38.0,294,9.0,345,45.0" /></mjloggm>