<mjloggm ver="2.3"><GO type="193" lobby="0"/><UN n0="%50%61%74%6F%74%68%65%6E" n1="%41%6B%6B%79%75%6E" n2="%E3%83%88%E3%83%88%E3%83%AA%E5%85%88%E7%94%9F%31%39%E6%AD%B3" n3="%E5%90%89%E8%89%AF%E5%90%89%E5%BD%B1" dan="12,12,11,11" rate="1610.47,1610.89,1809.43,1940.40" sx="M,M,F,M"/><TAIKYOKU oya="0"/><INIT seed="0,0,0,0,3,79" ten="250,250,250,250" oya="0" hai0="34,63,103,46,14,75,73,10,17,84,42,128,20" hai1="21,15,0,68,94,33,30,38,92,52,104,100,3" hai2="97,95,99,9,57,35,24,40,112,29,28,124,116" hai3="131,23,1,12,76,8,134,53,90,78,62,43,50"/><T87/><D128/><U41/><E38/><V108/><F112/><W93/><G131/><T72/><D34/><U127/><E41/><V69/><F116/><W59/><G134/><T88/><D103/><U22/><E68/><V122/><F122/><W133/><G133/><T126/><D63/><U51/><E127/><V64/><F124/><W65/><G1/><T132/><D132/><U58/><E33/><V106/><F108/><W96/><G43/><T114/><D114/><U55/><E104/><V123/><F123/><W7/><REACH who="3" step="1"/><G23/><REACH who="3" ten="250,250,250,240" step="2"/><T49/><D20/><U83/><E22/><V89/><F40/><W117/><G117/><T105/><D126/><U80/><E21/><V120/><F120/><W19/><G19/><T5/><D5/><U102/><E30/><V71/><F29/><W74/><G74/><T129/><D129/><U6/><E3/><V26/><F28/><W115/><G115/><T61/><D61/><N who="1" m="36039" /><E0/><V44/><F35/><W36/><G36/><T2/><D2/><U82/><E6/><V113/><F113/><W56/><AGARI ba="0,1" hai="7,8,12,50,53,56,59,62,65,76,78,90,93,96" machi="56" ten="20,5200,0" yaku="1,1,0,1,7,1,8,1,53,0" doraHai="79" doraHaiUra="111" who="3" fromWho="3" sc="250,-26,250,-13,250,-13,240,62" /><INIT seed="1,0,0,3,4,4" ten="224,237,237,302" oya="1" hai0="91,71,63,45,90,16,133,102,33,118,8,115,31" hai1="34,113,11,92,70,37,1,86,53,27,20,36,5" hai2="128,66,103,57,10,13,38,80,97,7,116,110,84" hai3="104,87,67,108,120,51,126,135,62,54,46,132,72"/><U50/><E86/><V121/><F116/><W15/><G72/><T64/><D133/><N who="3" m="51273" /><G104/><T73/><D73/><U96/><E113/><V130/><F121/><W17/><G120/><T119/><D115/><U19/><E70/><V42/><F110/><W65/><G108/><T32/><D102/><U117/><E117/><V94/><F57/><N who="3" m="35127" /><G87/><T12/><D118/><U125/><E125/><V40/><F66/><W77/><G77/><T0/><D0/><U105/><E105/><V100/><F100/><W68/><G68/><T23/><D119/><U127/><E127/><V131/><REACH who="2" step="1"/><F38/><REACH who="2" ten="224,237,227,302" step="2"/><W3/><G126/><T48/><D33/><U111/><E34/><V30/><F30/><W101/><G101/><T21/><D32/><U124/><E111/><V2/><F2/><W88/><G3/><T74/><D31/><U75/><E124/><V14/><F14/><W58/><G65/><T18/><D74/><U55/><E75/><V98/><F98/><W107/><G67/><T106/><D106/><U78/><E55/><V25/><F25/><W134/><G107/><T93/><D21/><U95/><E96/><V114/><F114/><W82/><G134/><T99/><D23/><U9/><E37/><V89/><AGARI ba="0,1" hai="7,10,13,40,42,80,84,89,94,97,103,128,130,131" machi="89" ten="30,7900,0" yaku="1,1,0,1,19,1,52,1,53,0" doraHai="4" doraHaiUra="61" who="2" fromWho="2" sc="224,-20,237,-39,227,89,302,-20" /><INIT seed="2,0,0,4,4,92" ten="204,198,316,282" oya="2" hai0="116,112,36,44,135,85,101,96,103,99,77,74,27" hai1="93,91,50,22,11,17,8,55,120,32,132,95,69" hai2="67,18,64,65,9,102,21,57,62,1,121,131,82" hai3="3,31,19,119,34,126,70,58,23,10,118,84,113"/><V134/><F121/><W46/><G70/><T78/><D112/><U41/><E69/><V129/><F134/><W127/><G113/><T97/><D74/><U52/><E132/><V45/><F45/><W26/><G46/><T7/><D7/><U104/><E104/><V98/><F82/><W16/><G58/><T83/><D77/><U48/><E120/><V20/><F9/><W106/><G84/><T90/><D135/><U29/><E32/><V12/><F20/><W73/><G73/><T13/><D78/><U43/><E29/><V33/><F33/><W94/><G94/><T123/><D123/><U0/><E0/><V88/><F1/><W24/><G106/><T130/><D36/><U110/><E110/><V51/><F51/><W40/><G40/><T125/><D27/><U49/><E91/><V76/><F88/><W114/><G114/><T79/><D79/><U105/><E105/><V66/><REACH who="2" step="1"/><F76/><REACH who="2" ten="204,198,306,282" step="2"/><W86/><G86/><T100/><D116/><N who="3" m="44585" /><G3/><T89/><D89/><U39/><E39/><V54/><F54/><N who="1" m="20521" /><E17/><V128/><F128/><W72/><G72/><T115/><D130/><U80/><E80/><V6/><F6/><W81/><G81/><T42/><D115/><U117/><E117/><V61/><F61/><W38/><G38/><T109/><D109/><U47/><E47/><V71/><F71/><W30/><G10/><N who="1" m="3626" /><E22/><V4/><F4/><W56/><G56/><T111/><D111/><U63/><E63/><V87/><F87/><W5/><G5/><T124/><D13/><U53/><N who="1" m="20529" /><U14/><DORA hai="133" /><E14/><V35/><F35/><RYUUKYOKU ba="0,1" sc="204,0,198,0,306,0,282,0" hai0="42,44,83,85,90,96,97,99,100,101,103,124,125" hai1="41,43,48,49,50,93,95" hai2="12,18,21,57,62,64,65,66,67,98,102,129,131" hai3="16,19,23,24,26,30,31,34,126,127" /><INIT seed="2,1,1,4,0,76" ten="204,198,306,282" oya="2" hai0="46,89,15,41,56,133,126,96,84,52,81,105,4" hai1="63,50,3,130,6,70,112,5,87,34,109,0,21" hai2="8,100,134,69,28,124,121,95,74,97,57,29,25" hai3="24,43,19,12,58,31,113,66,120,132,104,116,39"/><V119/><F119/><W115/><G120/><T40/><D126/><U20/><E112/><N who="3" m="43082" /><G132/><T114/><D133/><U37/><E37/><V128/><F121/><W10/><G104/><T30/><D30/><U106/><E106/><V101/><F69/><W61/><G116/><T38/><D40/><U1/><E109/><V127/><F134/><W79/><G79/><T11/><D114/><U90/><E130/><V108/><F74/><W107/><G107/><T129/><D129/><U44/><E34/><V47/><F128/><W22/><G43/><T91/><D105/><U45/><E70/><V99/><F108/><W14/><G14/><T65/><D96/><U82/><E63/><V51/><F57/><W117/><G117/><T9/><D9/><U7/><REACH who="1" step="1"/><E50/><REACH who="1" ten="204,188,306,282" step="2"/><V68/><F51/><W86/><G39/><T33/><D65/><U102/><E102/><V94/><F68/><W71/><G71/><T35/><REACH who="0" step="1"/><D91/><REACH who="0" ten="194,188,306,282" step="2"/><U110/><E110/><V131/><F131/><W53/><G66/><T13/><D13/><U111/><E111/><V75/><F124/><W2/><G2/><T88/><D88/><U103/><E103/><V36/><F127/><W64/><G64/><T49/><AGARI ba="1,3" hai="4,11,15,33,35,38,41,46,49,52,56,81,84,89" machi="49" ten="20,12000,2" yaku="1,1,0,1,7,1,52,1,54,1,53,1" doraHai="76" doraHaiUra="80" who="0" fromWho="0" sc="194,153,188,-31,306,-61,282,-31" /><INIT seed="3,0,0,0,4,109" ten="347,157,245,251" oya="3" hai0="39,86,105,70,4,3,94,53,34,122,82,130,72" hai1="14,77,49,61,97,124,110,68,114,67,28,44,101" hai2="135,57,90,32,19,127,6,121,63,25,10,36,89" hai3="31,75,40,48,22,106,20,15,100,52,9,73,7"/><W30/><G40/><T2/><D72/><U103/><E110/><V55/><F36/><W1/><G106/><T58/><D34/><U42/><E77/><V95/><F135/><W84/><G100/><T38/><D105/><U8/><E124/><V74/><F74/><W120/><G120/><T78/><D70/><U91/><E28/><V43/><F127/><W83/><G1/><T46/><D130/><U92/><REACH who="1" step="1"/><E114/><REACH who="1" ten="347,147,245,251" step="2"/><V115/><F115/><W79/><G73/><T108/><D108/><U93/><E93/><V87/><F121/><W65/><G75/><T96/><D122/><U59/><E59/><V80/><F32/><W50/><G65/><T118/><D58/><U33/><E33/><V88/><F95/><W104/><G104/><T128/><D118/><U37/><E37/><V69/><F69/><W112/><G112/><T24/><D38/><U113/><E113/><V41/><F80/><W66/><G66/><T29/><D39/><U13/><E13/><N who="2" m="5335" /><F87/><W134/><G134/><T126/><D3/><U27/><E27/><V62/><F62/><W11/><G11/><T21/><D2/><U107/><E107/><V76/><F76/><W23/><REACH who="3" step="1"/><G48/><REACH who="3" ten="347,147,245,241" step="2"/><T81/><D126/><U125/><E125/><V131/><F131/><W35/><G35/><T18/><D128/><U26/><E26/><V47/><F25/><W45/><AGARI ba="0,2" hai="7,9,15,20,22,23,30,31,45,50,52,79,83,84" machi="45" ten="30,11700,0" yaku="1,1,0,1,8,1,54,1,53,0" doraHai="109" doraHaiUra="123" who="3" fromWho="3" sc="347,-39,147,-39,245,-39,241,137" owari="308,11.0,108,-39.0,206,-19.0,378,47.0" /></mjloggm>