<mjloggm ver="2.3"><GO type="169" lobby="0"/><UN n0="%37%79%79%79%79%79%79" n1="%E5%B0%B1%E6%B4%BB%E7%94%9F%40%E5%B7%9D%E6%9D%91%E8%BB%8D%E5%9B%A3" n2="%E5%86%A5%E5%9C%9F%E3%81%AE%E3%83%AF%E3%83%8B%E8%94%B5" n3="%E8%B1%86%E7%89%B9%EF%BC%A0%E6%B2%B3%E6%9D%91%E8%BB%8D%E5%9B%A3" dan="16,16,17,16" rate="2056.73,2108.34,2160.60,2089.40" sx="M,M,M,M"/><TAIKYOKU oya="0"/><INIT seed="0,0,0,4,1,112" ten="250,250,250,250" oya="0" hai0="6,18,38,124,105,16,108,129,34,46,118,85,42" hai1="101,106,31,23,36,10,127,27,44,35,126,125,41" hai2="9,1,66,107,91,123,60,19,28,133,95,24,104" hai3="120,88,30,121,8,51,99,135,117,4,11,17,52"/><T20/><D105/><U116/><E116/><V50/><F123/><N who="3" m="47179" /><G30/><T64/><D108/><U43/><E43/><V132/><F50/><W103/><G135/><N who="2" m="51785" /><F19/><W73/><G73/><T55/><D34/><U102/><E106/><V113/><F113/><W37/><G37/><T12/><D118/><U2/><E35/><N who="2" m="20871" /><F9/><W14/><G117/><T69/><D6/><AGARI ba="0,0" hai="2,6,10,23,27,31,36,41,44,101,102,125,126,127" machi="6" ten="40,1300,0" yaku="18,1" doraHai="112" who="1" fromWho="0" sc="250,-13,250,13,250,0,250,0" /><INIT seed="1,0,0,2,5,109" ten="237,263,250,250" oya="1" hai0="100,135,39,48,78,16,128,83,32,130,64,80,23" hai1="121,60,11,56,27,123,65,3,17,31,97,122,115" hai2="18,57,73,126,12,50,74,87,1,132,93,127,105" hai3="125,76,91,106,107,98,99,34,114,75,53,118,36"/><U24/><E115/><V59/><F105/><N who="3" m="39947" /><G34/><T119/><D100/><U28/><E97/><N who="3" m="36874" /><G53/><T58/><D39/><U96/><E96/><V116/><F132/><W129/><G36/><T71/><D119/><U21/><REACH who="1" step="1"/><E24/><REACH who="1" ten="237,253,250,250" step="2"/><V102/><F116/><W43/><G118/><T101/><D135/><U52/><E52/><V120/><F102/><W88/><G114/><T117/><D101/><U110/><E110/><V55/><F55/><W103/><G43/><T22/><D117/><U61/><E61/><V42/><F42/><W0/><G103/><T124/><D130/><U112/><E112/><V69/><F126/><W6/><G129/><T77/><D124/><U5/><AGARI ba="0,1" hai="3,5,11,17,21,27,28,31,56,60,65,121,122,123" machi="5" ten="40,3900,0" yaku="1,1,0,1,53,0" doraHai="109" doraHaiUra="38" who="1" fromWho="1" sc="237,-13,253,49,250,-13,250,-13" /><INIT seed="1,1,0,0,4,12" ten="224,302,237,237" oya="1" hai0="74,102,98,57,116,105,115,46,79,59,30,114,45" hai1="99,18,21,66,35,27,76,123,82,132,51,97,10" hai2="69,16,84,6,54,96,92,130,55,107,87,131,73" hai3="61,86,121,15,65,113,50,127,75,7,83,62,88"/><U68/><E123/><V26/><F69/><W110/><G121/><T133/><D116/><U56/><E132/><V63/><F73/><W119/><G113/><T77/><D133/><U0/><E35/><V36/><F36/><W8/><G110/><T11/><D30/><U118/><E68/><V32/><F107/><W80/><G127/><T117/><D117/><U94/><E118/><V41/><F41/><W39/><G39/><T53/><D59/><U3/><E10/><V71/><F6/><W17/><G119/><T124/><D124/><U100/><E99/><V85/><F32/><W52/><G52/><N who="2" m="20009" /><F63/><W91/><G50/><T111/><D111/><U58/><E51/><V78/><F71/><W1/><G65/><T43/><D46/><U49/><E49/><V23/><F130/><W103/><G103/><T20/><D74/><U14/><E66/><V13/><F26/><W48/><G48/><N who="0" m="26687" /><D115/><U31/><E3/><V70/><F70/><W44/><G44/><T134/><D134/><U81/><E0/><V67/><F67/><W104/><G104/><T33/><D33/><U128/><E128/><V37/><F37/><W64/><G64/><T34/><D34/><U120/><E120/><V28/><F28/><W19/><G1/><T101/><D105/><U112/><E112/><V22/><F131/><W109/><G109/><T89/><D53/><U135/><E135/><V126/><F126/><W40/><G40/><T125/><D125/><U29/><E29/><V106/><F106/><W122/><G122/><T47/><D114/><U38/><E38/><V60/><F60/><RYUUKYOKU ba="1,0" sc="224,0,302,0,237,0,237,0" /><INIT seed="2,2,0,5,2,13" ten="224,302,237,237" oya="2" hai0="109,62,22,82,4,129,103,87,46,29,134,47,48" hai1="44,133,28,36,51,58,69,26,68,6,11,114,37" hai2="131,24,127,32,92,125,86,8,10,112,63,65,128" hai3="126,119,94,27,84,107,38,76,123,52,59,15,9"/><V135/><F112/><W111/><G123/><T121/><D121/><U95/><E114/><V12/><F32/><W106/><G119/><T118/><D118/><U39/><E133/><V80/><F92/><W70/><G70/><T60/><D134/><U124/><E124/><N who="2" m="47691" /><F135/><W97/><G38/><T41/><D109/><U104/><E95/><V73/><F24/><W56/><G111/><T66/><D103/><U14/><E104/><V53/><F53/><W3/><G3/><T0/><D0/><U101/><E101/><V115/><F73/><W25/><G126/><T7/><D62/><U130/><E130/><N who="2" m="49707" /><F115/><W116/><G106/><T34/><D34/><U99/><E99/><V45/><F45/><W120/><G107/><T93/><D47/><U40/><REACH who="1" step="1"/><E58/><REACH who="1" ten="224,292,237,237" step="2"/><N who="2" m="37111" /><F12/><W102/><G116/><T33/><D93/><U83/><E83/><V132/><F132/><W79/><G15/><T75/><D82/><U77/><E77/><AGARI ba="2,1" hai="8,10,77,80,86" m="37111,49707,47691" machi="77" ten="30,2900,0" yaku="18,1,19,1" doraHai="13" who="2" fromWho="1" sc="224,0,292,-35,237,45,237,0" /><INIT seed="2,3,0,1,3,132" ten="224,257,282,237" oya="2" hai0="4,111,63,85,29,7,1,113,61,119,105,104,118" hai1="50,72,17,32,47,37,77,26,78,81,88,59,96" hai2="86,83,110,16,133,39,58,33,23,124,57,64,130" hai3="42,43,103,62,107,131,102,121,22,112,25,45,9"/><V36/><F33/><W115/><G121/><T114/><D1/><U31/><E37/><V12/><F133/><W53/><G131/><T116/><D85/><U93/><E77/><V15/><F130/><W91/><G9/><T56/><D29/><U75/><E59/><V18/><F110/><W51/><G91/><T94/><D56/><U68/><E68/><V129/><F129/><W74/><G74/><T95/><REACH who="0" step="1"/><D119/><REACH who="0" ten="214,257,282,237" step="2"/><U0/><E0/><V87/><F87/><W128/><G128/><T106/><D106/><U99/><E75/><V46/><F58/><W41/><G107/><T70/><D70/><U126/><E99/><V97/><F97/><W100/><REACH who="3" step="1"/><G62/><REACH who="3" ten="214,257,282,227" step="2"/><T73/><D73/><U98/><E72/><V109/><F109/><AGARI ba="3,2" hai="4,7,61,63,94,95,104,105,109,111,113,114,116,118" machi="109" ten="25,3200,0" yaku="1,1,22,2,53,0" doraHai="132" doraHaiUra="84" who="0" fromWho="2" sc="214,61,257,0,282,-41,227,0" /><INIT seed="3,0,0,2,0,3" ten="275,257,241,227" oya="3" hai0="102,76,88,133,15,71,24,46,78,82,65,19,64" hai1="79,103,56,9,41,49,52,8,13,107,17,116,105" hai2="110,115,85,27,67,99,114,14,59,95,129,4,68" hai3="25,0,50,132,28,100,21,42,121,84,44,57,73"/><W89/><G121/><T127/><D127/><U35/><E35/><V62/><F110/><W74/><G132/><T48/><D133/><U91/><E79/><N who="0" m="30249" /><D102/><U60/><E116/><V81/><F129/><W47/><G0/><T72/><D24/><U31/><E31/><V10/><F27/><W54/><G100/><T61/><D71/><U92/><E103/><V63/><F95/><W135/><G135/><T30/><D61/><U119/><E119/><V43/><F99/><W113/><G113/><T38/><D38/><U75/><E75/><V94/><F94/><W98/><G98/><T39/><D39/><U120/><E120/><V40/><F114/><W16/><G28/><T128/><D30/><U1/><E1/><V87/><F115/><W104/><G104/><T26/><D26/><U29/><E29/><V69/><F68/><W5/><G5/><T12/><D12/><U55/><E41/><V51/><F40/><W66/><G66/><T33/><D33/><U23/><E107/><V32/><F32/><W125/><G125/><T18/><D72/><U83/><E83/><V86/><F81/><W109/><G109/><T22/><D19/><U37/><E37/><V117/><F117/><W77/><G77/><T123/><D123/><U111/><E111/><V131/><F131/><W34/><G34/><T101/><D101/><U11/><E105/><V108/><F108/><W96/><G96/><T97/><D128/><U93/><E91/><V80/><F80/><N who="3" m="49287" /><G42/><N who="0" m="24663" /><D97/><U106/><E106/><V6/><F43/><W58/><G47/><AGARI ba="0,0" hai="8,9,11,13,17,23,47,49,52,55,56,60,92,93" machi="47" ten="40,2600,0" yaku="8,1,54,1" doraHai="3" who="1" fromWho="3" sc="275,0,257,26,241,0,227,-26" /><INIT seed="4,0,0,0,1,71" ten="275,283,241,201" oya="0" hai0="14,102,108,98,33,41,95,123,67,52,116,68,69" hai1="85,72,36,21,20,6,13,5,31,109,133,80,117" hai2="127,4,91,110,22,99,89,96,115,8,61,23,129" hai3="118,49,82,39,104,134,70,40,63,48,47,74,84"/><T131/><D116/><U42/><E109/><V106/><F110/><W24/><G118/><T29/><D108/><U59/><E117/><V111/><F111/><W86/><G104/><T55/><D41/><U107/><E107/><V34/><F34/><W45/><G134/><T25/><D131/><U53/><E72/><V92/><F129/><W7/><G7/><T54/><D123/><U83/><E133/><V28/><F115/><W10/><G10/><T38/><D38/><U37/><E42/><V125/><F61/><W100/><G100/><T66/><REACH who="0" step="1"/><D14/><REACH who="0" ten="265,283,241,201" step="2"/><U73/><E13/><V35/><F125/><W103/><G39/><T0/><D0/><U112/><E112/><V93/><F127/><W56/><G40/><T43/><D43/><U130/><E130/><V26/><F106/><W101/><G24/><T78/><D78/><U15/><E15/><AGARI ba="0,1" hai="4,8,15,22,23,26,28,35,89,91,92,93,96,99" machi="15" ten="30,2000,0" yaku="7,1,9,1" doraHai="71" who="2" fromWho="1" sc="265,0,283,-20,241,30,201,0" /><INIT seed="5,0,0,3,3,101" ten="265,263,271,201" oya="1" hai0="44,59,64,106,3,131,93,31,33,94,135,20,55" hai1="37,8,49,112,43,32,2,75,97,86,57,105,92" hai2="61,80,48,78,128,63,51,81,53,38,108,24,76" hai3="13,25,60,1,7,6,123,18,62,65,83,134,34"/><U70/><E32/><V113/><F38/><W115/><G123/><T109/><D3/><U15/><E75/><V23/><F108/><W74/><G134/><T68/><D109/><U85/><E2/><V111/><F111/><W41/><G41/><T130/><D33/><U16/><E112/><V102/><F113/><W98/><G115/><T45/><D68/><U35/><E35/><V21/><F102/><W96/><G62/><T91/><D64/><U129/><E70/><V50/><F53/><W119/><G119/><T127/><D94/><U114/><E114/><V103/><F103/><W39/><G39/><T46/><D106/><U124/><E124/><V42/><F42/><W126/><G126/><T66/><D135/><U99/><E129/><N who="0" m="49161" /><D66/><U47/><E99/><V79/><F128/><W12/><G1/><T67/><D67/><U17/><E105/><V89/><F89/><W29/><G98/><N who="0" m="57663" /><D31/><U36/><E17/><V27/><F80/><W28/><G96/><T90/><D90/><U82/><E57/><V120/><F81/><W88/><G29/><T110/><D110/><U40/><E85/><V14/><F120/><W58/><G74/><T4/><D4/><N who="3" m="1577" /><G18/><T121/><D121/><U5/><E5/><V107/><F107/><W72/><G72/><T125/><D20/><N who="2" m="7754" /><F14/><N who="3" m="5739" /><G88/><T118/><D118/><U69/><E69/><V73/><F73/><W100/><G100/><T84/><D84/><U117/><E117/><V95/><F95/><W71/><G71/><T56/><D55/><N who="1" m="30143" /><E37/><V22/><F22/><W116/><G116/><T11/><D11/><U133/><E36/><RYUUKYOKU ba="0,0" sc="265,10,263,-30,271,10,201,10" hai0="44,45,46,56,59,125,127" hai2="24,27,48,50,51,61,63,76,78,79" hai3="25,28,34,58,60,65,83" /><INIT seed="6,1,0,2,1,40" ten="275,233,281,211" oya="2" hai0="61,35,128,56,81,27,55,93,20,90,51,45,97" hai1="101,98,88,21,63,32,94,126,82,115,111,23,89" hai2="109,6,118,85,48,30,102,123,72,1,64,77,103" hai3="74,92,71,38,62,5,75,83,125,26,133,91,2"/><V4/><F118/><W43/><G125/><T28/><D128/><U106/><E111/><V19/><F123/><W10/><G133/><T65/><D35/><U117/><E32/><V95/><F1/><W3/><G3/><T100/><D81/><U57/><E117/><V25/><F19/><W110/><G110/><T122/><D122/><U11/><E126/><V31/><F72/><W33/><G71/><T120/><D120/><U73/><E115/><V108/><F64/><W8/><G62/><T132/><D132/><U9/><E73/><V135/><F135/><W79/><G8/><N who="1" m="3146" /><E106/><V12/><F12/><W53/><G53/><T96/><D96/><U59/><E59/><V87/><F77/><W0/><G0/><T44/><REACH who="0" step="1"/><D90/><REACH who="0" ten="265,233,281,211" step="2"/><N who="1" m="34923" /><E82/><V131/><F108/><W84/><G33/><T105/><D105/><U127/><E127/><V116/><F109/><W78/><G78/><T34/><D34/><U107/><E107/><V39/><F116/><W22/><G79/><T70/><AGARI ba="1,1" hai="20,27,28,44,45,51,55,56,61,65,70,93,97,100" machi="70" ten="20,8000,1" yaku="1,1,0,1,7,1,52,2,53,0" doraHai="40" doraHaiUra="13" who="0" fromWho="0" sc="265,93,233,-21,281,-41,211,-21" /><INIT seed="7,0,0,3,4,37" ten="358,212,240,190" oya="3" hai0="42,126,77,106,18,105,3,132,25,40,118,26,30" hai1="15,82,38,103,14,98,55,95,41,111,58,36,120" hai2="100,133,116,122,45,104,130,76,119,52,87,5,68" hai3="2,32,96,16,11,112,90,1,93,94,22,99,73"/><W102/><G73/><T23/><D3/><U86/><E111/><V80/><F68/><W125/><G32/><T48/><D118/><U0/><E120/><V27/><F122/><W113/><G125/><T101/><D77/><U78/><E0/><V13/><F104/><W70/><G70/><T128/><D126/><U21/><E21/><V81/><F100/><W61/><G11/><T127/><D127/><U88/><E38/><V79/><F130/><W114/><REACH who="3" step="1"/><G61/><REACH who="3" ten="358,212,240,180" step="2"/><T107/><D128/><U66/><E66/><V7/><F116/><W19/><G19/><T97/><D18/><U46/><E78/><V67/><F119/><W62/><G62/><AGARI ba="0,1" hai="14,15,36,41,46,55,58,62,82,86,88,95,98,103" machi="62" ten="30,3900,0" yaku="7,1,52,1,54,1" doraHai="37" who="1" fromWho="3" sc="358,0,212,49,240,0,180,-39" owari="358,46.0,261,6.0,240,-16.0,141,-36.0" /></mjloggm>