<mjloggm ver="2.3"><GO type="169" lobby="0"/><UN n0="%79%75%69%79%75%69%30%30" n1="%E8%8A%B1%E6%BE%AA" n2="%E3%82%A6%E3%83%AB%E3%83%88%E3%83%A9%E7%AB%8B%E7%9B%B4" n3="%E6%B0%B7%E6%B2%B3%E9%A2%A8" dan="16,16,16,18" rate="2107.83,2030.16,2095.18,2220.74" sx="M,F,M,M"/><TAIKYOKU oya="0"/><INIT seed="0,0,0,1,5,89" ten="250,250,250,250" oya="0" hai0="113,80,42,33,78,104,47,51,95,68,21,46,67" hai1="8,129,126,34,22,27,38,84,106,135,13,45,43" hai2="115,32,94,23,3,107,30,4,132,88,16,5,123" hai3="109,128,99,121,1,10,96,70,64,63,130,79,86"/><T29/><D113/><U127/><E106/><V116/><F107/><W7/><G109/><T17/><D104/><U9/><E34/><V110/><F115/><W134/><G134/><T111/><D111/><U112/><E112/><V125/><F123/><W101/><G121/><T118/><D118/><U65/><E65/><V93/><F110/><W58/><G58/><T19/><D33/><U15/><E135/><V103/><F132/><W97/><REACH who="3" step="1"/><G101/><REACH who="3" ten="250,250,250,240" step="2"/><T77/><D68/><U31/><E129/><V14/><F116/><W48/><G48/><T114/><D51/><U76/><E127/><V85/><F125/><W69/><G69/><T119/><D119/><U122/><E126/><V124/><F124/><W2/><G2/><T90/><D114/><U18/><E122/><V35/><F3/><W91/><G91/><T37/><D37/><U74/><E38/><V117/><F117/><W36/><G36/><T53/><D90/><U61/><E61/><V6/><REACH who="2" step="1"/><F30/><REACH who="2" ten="250,250,240,240" step="2"/><W56/><G56/><T12/><D29/><U62/><E31/><V87/><F87/><W98/><G98/><AGARI ba="0,2" hai="4,5,6,14,16,23,32,35,85,88,93,94,98,103" machi="98" ten="40,8000,1" yaku="1,1,52,2,54,2,53,0" doraHai="89" doraHaiUra="52" who="2" fromWho="3" sc="250,0,250,0,240,100,240,-80" /><INIT seed="1,0,0,2,2,134" ten="250,250,340,160" oya="1" hai0="104,58,24,64,25,105,77,0,102,55,88,39,123" hai1="38,46,106,81,69,75,15,131,117,7,122,114,109" hai2="23,57,63,32,125,119,3,132,1,16,6,19,124" hai3="54,41,111,100,47,112,45,83,11,97,96,72,116"/><U103/><RYUUKYOKU type="yao9" ba="0,0" sc="250,0,250,0,340,0,160,0" hai1="7,15,38,46,69,75,81,103,106,109,114,117,122,131" /><INIT seed="1,1,0,3,3,129" ten="250,250,340,160" oya="1" hai0="44,22,101,27,54,74,97,106,89,85,118,42,86" hai1="72,114,93,94,43,133,33,61,66,0,95,18,3" hai2="131,105,135,69,37,70,117,80,29,52,63,79,68" hai3="124,39,91,14,88,45,60,48,56,4,51,40,90"/><U28/><E114/><V57/><F105/><W67/><REACH who="3" step="1"/><G124/><REACH who="3" ten="250,250,340,150" step="2"/><T55/><D118/><U65/><E0/><V34/><F117/><W127/><G127/><T46/><D74/><U47/><E72/><V76/><F131/><W2/><G2/><T71/><D71/><U92/><E3/><V5/><F70/><W113/><G113/><T7/><D7/><U82/><E33/><V12/><F68/><W104/><G104/><T64/><D106/><U120/><E120/><V23/><F69/><W41/><G41/><T78/><D42/><U30/><E43/><V111/><F34/><W100/><G100/><T17/><D101/><U24/><E30/><V59/><F29/><W58/><G58/><T126/><D126/><U73/><E28/><V110/><F59/><W134/><G134/><T98/><D44/><U15/><E133/><V99/><F135/><W49/><G49/><T108/><D46/><U122/><E47/><V50/><F50/><W25/><G25/><T9/><D27/><U62/><E24/><V31/><F31/><W128/><G128/><T112/><D112/><U21/><E122/><V75/><F57/><W1/><G1/><T125/><D125/><U102/><E102/><V115/><F115/><W8/><AGARI ba="1,1" hai="4,8,14,39,40,45,48,51,56,60,67,88,90,91" machi="8" ten="30,8000,1" yaku="21,2,0,1,54,1,53,1" doraHai="129" doraHaiUra="11" who="3" fromWho="3" sc="250,-21,250,-41,340,-21,150,93" /><INIT seed="2,0,0,4,2,15" ten="229,209,319,243" oya="2" hai0="33,74,86,0,2,109,18,30,19,38,108,88,46" hai1="76,113,67,72,87,52,68,115,41,54,25,94,12" hai2="133,43,112,16,77,82,83,69,13,110,32,114,65" hai3="11,35,97,63,98,118,123,34,89,104,122,40,21"/><V50/><F32/><W66/><G118/><T70/><D70/><U4/><E72/><V7/><F133/><W75/><G75/><T26/><D74/><U100/><E41/><V127/><F127/><W71/><G40/><N who="0" m="22807" /><D0/><U64/><E76/><V31/><F31/><W57/><G71/><T36/><D2/><U39/><E39/><V95/><F69/><W48/><G48/><T53/><D36/><U60/><E67/><V132/><F132/><W117/><G117/><T106/><D53/><U23/><E100/><V73/><F65/><W125/><G125/><T116/><D106/><U93/><E115/><V80/><F77/><W103/><G11/><T128/><D116/><U44/><E113/><V51/><F73/><W49/><G49/><N who="2" m="18441" /><F43/><W47/><G47/><T22/><D33/><U56/><E44/><V101/><F110/><N who="0" m="42602" /><D128/><U121/><E121/><V59/><F59/><W10/><G35/><T28/><D28/><U130/><E130/><V29/><F29/><W91/><G34/><T84/><D84/><U6/><E87/><V37/><F37/><W9/><G122/><T92/><AGARI ba="0,0" hai="18,19,22,26,30,86,88,92" m="42602,22807" machi="92" ten="30,7900,0" yaku="14,1,52,2,54,1" doraHai="15" who="0" fromWho="0" sc="229,79,209,-20,319,-39,243,-20" /><INIT seed="3,0,0,2,1,42" ten="308,189,280,223" oya="3" hai0="87,61,53,124,122,123,101,62,36,107,51,108,41" hai1="121,19,93,103,23,72,34,65,98,6,104,71,120" hai2="57,46,78,85,26,129,38,45,67,73,91,29,16" hai3="76,109,50,44,7,9,125,97,27,49,95,133,56"/><W18/><G133/><T52/><D108/><U94/><E34/><V60/><F38/><W114/><G114/><T47/><D124/><U117/><E72/><V48/><F129/><W83/><G125/><T0/><D0/><U134/><E134/><V102/><F102/><W31/><G109/><T3/><D3/><U17/><E6/><V96/><F73/><W59/><G18/><T86/><D86/><U2/><E2/><V5/><F5/><W128/><G128/><T88/><D107/><U106/><E117/><V131/><F29/><W116/><G50/><T8/><D101/><U113/><E113/><V135/><F131/><W28/><G116/><T43/><D43/><U66/><E103/><V24/><F48/><W126/><G126/><T119/><D119/><U40/><E40/><V70/><F70/><W1/><G31/><T68/><D8/><U25/><E98/><V111/><F111/><W13/><G1/><T75/><D75/><U33/><E33/><V15/><F78/><W130/><G130/><T10/><D10/><U22/><REACH who="1" step="1"/><E25/><REACH who="1" ten="308,179,280,223" step="2"/><V35/><F96/><W4/><G4/><T118/><D118/><U74/><E74/><V11/><F35/><W132/><G132/><T105/><D41/><U58/><E58/><V21/><F135/><W99/><G56/><T30/><D68/><AGARI ba="0,1" hai="17,19,22,23,65,66,68,71,93,94,104,106,120,121" machi="68" ten="25,3200,0" yaku="1,1,22,2,53,0" doraHai="42" doraHaiUra="80" who="1" fromWho="0" sc="308,-32,179,42,280,0,223,0" /><INIT seed="4,0,0,3,3,116" ten="276,221,280,223" oya="0" hai0="74,62,22,93,94,42,51,4,11,134,37,10,14" hai1="56,96,23,15,57,133,2,65,8,9,92,33,36" hai2="69,17,77,86,43,103,3,111,80,12,47,112,107" hai3="99,72,55,97,21,13,59,40,78,135,104,129,50"/><T66/><D74/><U45/><E33/><V75/><F69/><W122/><G135/><T31/><D134/><U0/><E133/><V28/><F3/><W63/><G129/><T110/><D37/><U60/><E36/><V1/><F1/><W73/><G104/><T16/><D110/><U19/><E45/><V34/><F111/><W118/><G118/><T52/><D42/><U18/><E57/><V68/><F68/><W25/><G73/><T108/><D108/><U64/><E65/><V20/><F112/><W91/><G13/><N who="0" m="5319" /><D31/><U84/><E84/><V124/><F124/><W113/><G113/><T100/><D100/><U32/><E32/><V82/><F28/><W102/><G78/><T89/><D89/><U70/><E70/><V53/><F34/><W39/><G72/><T127/><D127/><U87/><E87/><V58/><F103/><W46/><G102/><T27/><D66/><U85/><E85/><V54/><F107/><W38/><G97/><T41/><D41/><U81/><E81/><V106/><F106/><W115/><G115/><T83/><D83/><U88/><REACH who="1" step="1"/><E9/><REACH who="1" ten="276,211,280,223" step="2"/><V101/><F82/><W119/><G119/><T132/><D132/><U123/><E123/><V131/><F75/><W76/><G122/><T24/><D11/><U6/><E6/><V117/><F117/><W130/><G39/><T29/><D22/><U126/><E126/><V114/><F80/><W26/><G38/><T120/><D120/><U7/><E7/><V95/><F77/><W98/><G76/><T128/><D128/><U109/><E109/><V30/><F131/><RYUUKYOKU ba="0,1" sc="276,-10,211,30,280,-10,223,-10" hai1="0,2,8,15,18,19,23,56,60,64,88,92,96" /><INIT seed="5,1,1,5,0,92" ten="266,241,270,213" oya="1" hai0="88,57,102,19,74,25,53,65,117,2,130,131,85" hai1="61,29,66,14,35,77,121,62,100,20,9,104,7" hai2="21,54,50,135,113,81,27,75,45,87,133,11,127" hai3="94,71,79,96,6,1,41,109,112,10,15,134,56"/><U47/><E121/><V128/><F75/><W118/><G109/><T52/><D2/><U5/><E77/><V76/><F127/><W120/><G71/><T34/><D74/><U16/><E47/><V46/><F128/><N who="0" m="49194" /><D117/><U31/><E62/><V107/><F107/><W67/><G120/><T55/><D102/><U115/><E115/><V22/><F113/><W105/><G105/><T64/><D57/><U108/><E108/><V103/><F103/><W63/><G112/><T40/><D40/><U83/><E83/><V110/><F110/><W90/><G118/><T86/><D86/><U98/><E35/><V80/><F80/><W97/><G134/><N who="2" m="51209" /><F11/><W89/><G41/><T17/><D17/><U23/><E7/><V132/><N who="2" m="51217" /><V18/><DORA hai="0" /><F22/><W49/><G79/><T68/><D68/><U126/><E126/><V48/><F48/><W44/><G1/><T24/><D19/><U28/><REACH who="1" step="1"/><E5/><REACH who="1" ten="266,231,270,213" step="2"/><V84/><F46/><W82/><G44/><T99/><D34/><U70/><AGARI ba="1,2" hai="9,14,16,20,23,28,29,31,61,66,70,98,100,104" machi="70" ten="30,18000,2" yaku="1,1,2,1,0,1,52,1,54,1,53,2" doraHai="92,0" doraHaiUra="60,59" who="1" fromWho="1" sc="266,-61,231,203,270,-61,213,-61" /><INIT seed="5,2,0,1,2,61" ten="205,434,209,152" oya="1" hai0="128,90,134,15,80,92,132,81,33,20,102,105,29" hai1="84,35,115,106,23,32,119,104,52,94,63,99,120" hai2="3,30,55,56,112,116,130,58,50,89,68,62,28" hai3="125,107,24,8,39,78,101,110,85,60,79,51,114"/><U1/><E119/><V49/><F3/><W83/><G110/><T74/><D128/><U54/><E120/><V88/><F116/><W37/><G114/><T118/><D118/><U59/><E1/><V70/><F130/><W77/><G125/><T22/><D74/><U18/><E115/><V131/><F131/><W124/><G124/><T113/><D113/><U76/><E54/><N who="2" m="31831" /><F70/><W108/><G108/><T109/><D109/><U117/><E117/><V111/><F68/><W42/><G8/><T44/><D44/><U5/><E5/><V16/><F111/><W98/><G24/><N who="0" m="16535" /><D33/><U36/><E36/><V47/><F16/><W95/><G51/><T38/><D38/><U41/><E41/><N who="2" m="24815" /><F112/><W127/><G127/><T71/><D105/><U4/><E4/><V69/><F69/><W21/><G21/><T34/><D71/><U103/><E106/><V10/><F10/><W17/><G17/><N who="0" m="10303" /><D34/><U96/><E76/><V82/><F82/><W9/><G9/><T67/><D134/><U14/><REACH who="1" step="1"/><E84/><REACH who="1" ten="205,424,209,152" step="2"/><V25/><F25/><W87/><G42/><T57/><D132/><U129/><E129/><V135/><F135/><W0/><G0/><T48/><D81/><U40/><E40/><V100/><F55/><W19/><G39/><T126/><D80/><U7/><E7/><V46/><F46/><W133/><G37/><T43/><D126/><U6/><E6/><V27/><F27/><W65/><G107/><T12/><D43/><U91/><AGARI ba="2,1" hai="14,18,23,32,35,52,59,63,91,94,96,99,103,104" machi="91" ten="20,12000,1" yaku="1,1,0,1,7,1,54,1,53,1" doraHai="61" doraHaiUra="86" who="1" fromWho="1" sc="205,-42,424,136,209,-42,152,-42" /><INIT seed="5,3,0,2,5,117" ten="163,560,167,110" oya="1" hai0="97,0,73,40,58,83,65,98,25,70,11,116,17" hai1="84,91,130,103,55,28,26,125,46,23,10,78,33" hai2="59,80,115,67,53,92,77,41,49,106,112,72,21" hai3="94,134,104,108,111,16,38,12,110,54,87,101,69"/><U18/><E125/><V131/><F106/><W20/><G134/><T31/><D70/><U60/><E130/><V132/><F131/><W42/><G69/><T102/><D116/><U7/><E103/><V63/><F132/><W50/><G104/><T51/><D73/><U82/><E60/><V86/><F21/><W121/><G121/><T32/><D83/><U44/><E55/><V120/><F41/><W39/><G42/><T109/><D40/><U47/><E33/><V71/><F120/><W99/><REACH who="3" step="1"/><G87/><REACH who="3" ten="163,560,167,100" step="2"/><T45/><D109/><U81/><E84/><V15/><F72/><W62/><G62/><T122/><D122/><U19/><E81/><V76/><F92/><W2/><G2/><T129/><D0/><U127/><E82/><V9/><F77/><W100/><G100/><T96/><D102/><U1/><E78/><V34/><F86/><W75/><G75/><T35/><D129/><U29/><E1/><V13/><F80/><W74/><G74/><T79/><D79/><U22/><E91/><V119/><F76/><W135/><G135/><T126/><D126/><U123/><E127/><V27/><F119/><W3/><G3/><T105/><D105/><U61/><E61/><V88/><F88/><W5/><G5/><T56/><D98/><U124/><E123/><V118/><F118/><W93/><G93/><T85/><D97/><U133/><E133/><V4/><F115/><W24/><G24/><T14/><D96/><U66/><E26/><V30/><F112/><W43/><G43/><T8/><D85/><U37/><E124/><V6/><F6/><RYUUKYOKU ba="3,1" sc="163,-15,560,-15,167,15,100,15" hai2="4,9,13,15,27,30,34,49,53,59,63,67,71" hai3="12,16,20,38,39,50,54,94,99,101,108,110,111" /><INIT seed="6,4,1,4,5,63" ten="148,545,182,115" oya="2" hai0="121,60,25,101,79,59,42,38,84,132,87,15,21" hai1="54,24,123,80,36,61,100,93,10,125,115,112,20" hai2="34,90,76,135,45,0,65,126,122,5,30,48,134" hai3="9,73,11,105,82,27,86,74,22,28,26,111,116"/><V107/><F107/><W35/><G111/><T6/><D121/><U43/><E123/><V32/><F122/><W18/><G116/><T114/><D132/><N who="2" m="50730" /><F76/><W19/><G105/><T53/><D114/><N who="1" m="43563" /><E125/><V117/><F117/><W70/><G70/><T49/><D101/><U130/><E130/><V133/><F133/><W51/><G51/><T97/><D97/><N who="1" m="59439" /><E80/><V31/><F90/><W7/><G19/><N who="0" m="12479" /><D38/><U1/><E36/><V29/><F5/><W14/><REACH who="3" step="1"/><G9/><REACH who="3" ten="148,545,182,105" step="2"/><N who="0" m="4535" /><D79/><AGARI ba="4,2" hai="7,11,14,18,22,26,27,28,35,73,74,79,82,86" machi="79" ten="30,2000,0" yaku="1,1,7,1,53,0" doraHai="63" doraHaiUra="71" who="3" fromWho="0" sc="148,-32,545,0,182,0,105,52" /><INIT seed="7,0,0,0,2,106" ten="116,545,182,157" oya="3" hai0="69,50,40,30,33,133,10,79,66,113,85,82,23" hai1="35,58,81,128,77,127,46,98,54,119,110,68,4" hai2="135,103,122,15,91,76,37,60,129,101,86,29,14" hai3="24,109,13,107,61,12,7,41,28,2,118,104,131"/><W49/><G118/><T62/><D33/><U115/><E110/><V125/><F37/><W3/><G109/><T32/><D32/><U22/><E119/><V27/><F76/><W105/><G131/><T59/><D113/><U97/><E128/><V94/><F125/><W102/><G102/><T21/><D133/><U87/><E127/><V80/><F135/><W57/><G41/><T83/><D69/><U67/><E35/><V9/><F14/><W75/><G49/><T16/><D30/><U26/><E115/><V121/><F60/><W99/><G99/><T89/><D40/><U25/><E4/><N who="2" m="3495" /><F94/><W34/><G75/><T72/><REACH who="0" step="1"/><D50/><REACH who="0" ten="106,545,182,157" step="2"/><U124/><E68/><V78/><F129/><W132/><G132/><T96/><D96/><U56/><E98/><V43/><F43/><W73/><G7/><T112/><D112/><U0/><E97/><V95/><F103/><W84/><G28/><T36/><D36/><U19/><E124/><V120/><F101/><W44/><G34/><T108/><D108/><U18/><E0/><V74/><F29/><W1/><G3/><T114/><D114/><U51/><E67/><V93/><F121/><W55/><G2/><T116/><D116/><U134/><E134/><V53/><F122/><W48/><G1/><T92/><D92/><U45/><E45/><V117/><F95/><W130/><G48/><T5/><D5/><U20/><AGARI ba="0,1" hai="18,19,20,22,25,26,46,51,54,56,58,77,81,87" machi="20" ten="30,4000,0" yaku="0,1,9,1,8,1" doraHai="106" who="1" fromWho="1" sc="106,-10,545,50,182,-10,157,-20" owari="96,-40.0,595,69.0,172,-3.0,137,-26.0" /></mjloggm>