<mjloggm ver="2.3"><GO type="97" lobby="0"/><UN n0="%E6%84%9B%E5%AE%95%E3%83%8D%E3%82%AD%E3%80%82" n1="%6C%65%65" n2="%E3%83%88%E3%83%88%E3%83%AA%E5%85%88%E7%94%9F%31%39%E6%AD%B3" n3="%42%61%6C%6C%79" dan="15,13,14,15" rate="2020.85,1975.44,2053.33,1977.83" sx="M,F,F,M"/><TAIKYOKU oya="0"/><INIT seed="0,0,0,5,5,60" ten="250,250,250,250" oya="0" hai0="85,11,80,104,70,92,43,57,83,42,19,66,73" hai1="118,89,14,77,18,16,39,115,35,65,84,24,22" hai2="82,30,129,107,97,98,40,17,28,93,47,99,94" hai3="127,38,103,9,120,122,67,55,95,88,71,69,76"/><T4/><D104/><U15/><E118/><V112/><F112/><W3/><G127/><T45/><D70/><U8/><E39/><V124/><F124/><W46/><G103/><T48/><D19/><U25/><E115/><V59/><F129/><W64/><G76/><T26/><D26/><U56/><E35/><V81/><F107/><W91/><G91/><N who="0" m="53359" /><D73/><U61/><REACH who="1" step="1"/><E77/><REACH who="1" ten="250,240,250,250" step="2"/><V50/><F81/><AGARI ba="0,1" hai="8,14,15,16,18,22,24,25,56,61,65,81,84,89" machi="81" ten="30,12000,2" yaku="1,1,2,1,7,1,8,1,52,1,54,1,53,0" doraHai="60" doraHaiUra="36" who="1" fromWho="2" sc="250,0,240,130,250,-120,250,0" /><INIT seed="1,0,0,5,5,14" ten="250,370,130,250" oya="1" hai0="98,0,55,108,69,115,76,64,41,111,97,33,77" hai1="73,120,132,40,37,88,126,50,84,46,45,47,25" hai2="28,133,9,78,3,5,100,18,57,39,68,130,119" hai3="91,29,23,21,129,86,52,10,85,22,116,30,63"/><U60/><E73/><V110/><F119/><W109/><G109/><N who="0" m="42059" /><D33/><U72/><E72/><V122/><F68/><W79/><G116/><T70/><D0/><U105/><E120/><V6/><F122/><W81/><G129/><T65/><D41/><U121/><E121/><V59/><F110/><W124/><G10/><T82/><D55/><U99/><E126/><V20/><F39/><W87/><G124/><T7/><D7/><U16/><E132/><V44/><F133/><W56/><G87/><N who="0" m="48583" /><D77/><U34/><E34/><V15/><F130/><W38/><G38/><T11/><D11/><U67/><E105/><V95/><F78/><W93/><AGARI ba="0,0" hai="21,22,23,29,30,52,56,63,79,81,85,86,91,93" machi="93" ten="30,4000,0" yaku="0,1,8,1,54,1" doraHai="14" who="3" fromWho="3" sc="250,-10,370,-20,130,-10,250,40" /><INIT seed="2,0,0,0,2,91" ten="240,350,120,290" oya="2" hai0="62,48,49,26,75,135,29,126,3,100,127,56,30" hai1="67,47,102,124,71,0,106,50,111,78,53,93,85" hai2="121,118,98,73,31,14,59,23,39,20,103,82,133" hai3="7,114,5,76,94,38,120,119,43,89,125,16,77"/><V46/><F118/><W15/><G119/><T45/><D3/><U63/><E111/><V123/><F133/><W54/><G120/><T28/><D75/><U84/><E0/><V92/><F59/><W66/><G125/><N who="0" m="47627" /><D135/><U35/><E35/><V117/><F117/><W134/><G134/><T41/><D100/><U22/><E106/><V64/><F64/><W70/><G70/><T90/><D90/><U99/><E124/><V12/><F39/><W96/><G66/><N who="0" m="39239" /><D49/><U25/><E78/><N who="3" m="30314" /><G38/><T33/><AGARI ba="0,0" hai="26,28,29,30,33,41,45,48" m="39239,47627" machi="33" ten="30,1100,0" yaku="18,1" doraHai="91" who="0" fromWho="0" sc="240,11,350,-3,120,-5,290,-3" /><INIT seed="3,0,0,4,2,117" ten="251,347,115,287" oya="3" hai0="124,82,9,107,128,59,23,133,30,14,92,16,135" hai1="43,126,110,32,41,66,85,123,71,19,130,62,106" hai2="99,89,11,27,104,45,7,52,61,114,87,76,34" hai3="50,119,109,88,60,108,67,91,29,40,100,65,113"/><W25/><G119/><T112/><D107/><U6/><E123/><V120/><F114/><W28/><G113/><T105/><D105/><U98/><E110/><N who="3" m="42602" /><G100/><T51/><D112/><U1/><E126/><V47/><F76/><W134/><G134/><N who="0" m="51211" /><D124/><U24/><E19/><V33/><F104/><W101/><G101/><T96/><D128/><U22/><E85/><V131/><F99/><W57/><G67/><T5/><D82/><U72/><E72/><V86/><F131/><W80/><G80/><T102/><D30/><N who="3" m="11881" /><G25/><N who="0" m="14567" /><D51/><U97/><E66/><V44/><F27/><W26/><G26/><T118/><D59/><U115/><E115/><V93/><F87/><W8/><G8/><T39/><D118/><U37/><E37/><AGARI ba="0,0" hai="5,9,14,37,39,92,96,102" m="14567,51211" machi="37" ten="30,2000,0" yaku="20,1,54,1" doraHai="117" who="0" fromWho="1" sc="251,20,347,-20,115,0,287,0" owari="271,-13.0,327,42.0,115,-38.0,287,9.0" /></mjloggm>