<mjloggm ver="2.3"><GO type="225" lobby="0"/><UN n0="%E6%9D%89%E6%B5%A6%E7%B6%BE%E4%B9%83%76" n1="%E3%82%A8%E3%83%83%E3%83%95%E3%82%A7%E3%83%AB%E5%A1%94" n2="%E5%B7%9D%E6%9D%91%E6%99%83%E8%A3%95%EF%BC%88%E4%B8%A1%E6%96%B9%EF%BC%89" n3="%E3%83%88%E3%83%88%E3%83%AA%E5%85%88%E7%94%9F%31%39%E6%AD%B3" dan="17,16,16,17" rate="2216.58,2097.62,2076.14,2238.39" sx="M,M,M,F"/><TAIKYOKU oya="0"/><INIT seed="0,0,0,2,2,17" ten="250,250,250,250" oya="0" hai0="95,121,18,10,71,51,83,23,97,13,129,90,74" hai1="118,94,114,40,101,22,106,120,84,34,15,27,42" hai2="65,14,110,35,109,12,29,78,66,133,53,98,32" hai3="70,28,43,64,36,73,56,128,132,103,108,0,58"/><T67/><D121/><U48/><E120/><V44/><F133/><W31/><G0/><T38/><D38/><U19/><E118/><V85/><F98/><W37/><G73/><T134/><D134/><U113/><E106/><V122/><F122/><W46/><G132/><T11/><D129/><U69/><E69/><V104/><F104/><W2/><G2/><T135/><D135/><U45/><E34/><N who="2" m="12843" /><F29/><W9/><G9/><T7/><D67/><N who="2" m="25610" /><F85/><W50/><G103/><T60/><D60/><U131/><E131/><V115/><F78/><W52/><G128/><T1/><D71/><U88/><E101/><V81/><F81/><W24/><G31/><T91/><D51/><U87/><E87/><V47/><F53/><N who="3" m="31799" /><G24/><T124/><D124/><U54/><REACH who="1" step="1"/><E27/><REACH who="1" ten="250,240,250,250" step="2"/><V49/><F115/><AGARI ba="0,1" hai="15,19,22,40,42,45,48,54,84,88,94,113,114,115" machi="115" ten="40,8000,1" yaku="1,1,2,1,11,1,52,1,54,1,53,0" doraHai="17" doraHaiUra="26" who="1" fromWho="2" sc="250,0,240,90,250,-80,250,0" /><INIT seed="1,0,0,2,4,59" ten="250,330,170,250" oya="1" hai0="47,122,49,60,51,0,30,37,79,108,134,115,100" hai1="78,118,82,85,25,83,119,33,12,95,48,8,64" hai2="62,110,75,21,127,42,129,61,38,113,35,91,43" hai3="36,120,84,80,16,31,104,34,58,132,93,54,39"/><U81/><E64/><V107/><F35/><W27/><G120/><T74/><D115/><U17/><E119/><V73/><F107/><W90/><G104/><T86/><D74/><N who="2" m="28170" /><F113/><W116/><G116/><T40/><D0/><U71/><E71/><V77/><F77/><W135/><G80/><T6/><D6/><U98/><E118/><V15/><F91/><W128/><G128/><T96/><D108/><U112/><E112/><V99/><F99/><W97/><G97/><T68/><D134/><N who="3" m="51241" /><G16/><T55/><D122/><U87/><E87/><V63/><F38/><W20/><G34/><T7/><D7/><U46/><E25/><V19/><F110/><W13/><G13/><T76/><D30/><U5/><E17/><V28/><F28/><W18/><G31/><T89/><D96/><U1/><E1/><V50/><F50/><AGARI ba="0,0" hai="18,20,27,36,39,50,54,58,84,90,93" m="51241" machi="50" ten="30,1000,0" yaku="20,1" doraHai="59" who="3" fromWho="2" sc="250,0,330,0,170,-10,250,10" /><INIT seed="2,0,0,2,2,6" ten="250,330,160,260" oya="2" hai0="122,70,61,105,83,81,66,1,57,78,10,134,87" hai1="129,4,33,46,131,56,120,93,133,97,60,35,88" hai2="12,45,54,58,126,64,38,50,89,0,37,62,112" hai3="100,117,71,128,124,130,75,84,111,43,13,118,11"/><V36/><F0/><W125/><G75/><T52/><D122/><U21/><E120/><V23/><F112/><W44/><G71/><T42/><D105/><U9/><E21/><V48/><F89/><W40/><G84/><T74/><D134/><U55/><E46/><V72/><F72/><W94/><G111/><T29/><D29/><U39/><E39/><V77/><F77/><W53/><G53/><T132/><D132/><U90/><E90/><V19/><REACH who="2" step="1"/><F50/><REACH who="2" ten="250,330,150,260" step="2"/><W20/><G118/><T79/><D1/><N who="1" m="143" /><E133/><V110/><F110/><W8/><G117/><T102/><D102/><U2/><E2/><V121/><F121/><W103/><G103/><T113/><D113/><U49/><E49/><V106/><F106/><W116/><G116/><T80/><D78/><U95/><E93/><V101/><F101/><W82/><G94/><T109/><D74/><U30/><E95/><V85/><F85/><W28/><G82/><T63/><D109/><U32/><E88/><V91/><F91/><W67/><G100/><T73/><D73/><U3/><E3/><V69/><F69/><W114/><G114/><T51/><D81/><U47/><E97/><V5/><F5/><W14/><G128/><T65/><D83/><U24/><E131/><V104/><F104/><W135/><G130/><T76/><D76/><U18/><E129/><V41/><F41/><W98/><G98/><T123/><D42/><U26/><E60/><N who="0" m="23113" /><D123/><U115/><E115/><V107/><F107/><W31/><G135/><T86/><D70/><U108/><E108/><V127/><AGARI ba="0,1" hai="12,19,23,36,37,38,45,48,54,58,62,64,126,127" machi="127" ten="40,7800,0" yaku="1,1,0,1,53,1" doraHai="6" doraHaiUra="15" who="2" fromWho="2" sc="250,-26,330,-26,150,88,260,-26" /><INIT seed="2,1,0,3,3,127" ten="224,304,238,234" oya="2" hai0="96,94,105,79,86,75,16,71,32,54,90,36,17" hai1="4,25,10,46,59,73,29,15,115,1,45,126,135" hai2="111,49,124,62,95,68,51,93,24,106,119,70,40" hai3="0,56,13,28,55,134,112,37,21,120,35,104,98"/><V82/><F106/><W67/><G120/><T44/><D71/><N who="2" m="27178" /><F24/><W128/><G0/><T80/><D32/><U100/><E73/><V85/><F62/><W81/><G37/><T53/><D53/><U109/><E100/><V99/><F40/><W64/><G35/><T84/><D84/><U26/><E59/><V2/><F2/><W108/><G81/><T91/><D54/><U12/><E46/><V92/><F99/><W61/><G112/><T88/><D91/><U69/><E45/><V27/><F27/><W57/><G98/><T60/><D60/><U125/><E69/><V52/><F119/><W30/><G104/><T89/><D89/><U20/><E115/><V3/><F3/><W118/><G118/><T132/><D132/><U7/><E135/><V18/><F18/><W133/><G134/><T87/><D87/><U33/><E1/><V123/><F123/><W72/><G133/><T34/><D34/><U131/><E33/><V58/><F49/><W76/><G61/><T19/><D90/><U129/><E10/><V42/><F42/><W6/><G64/><T122/><D122/><U41/><E41/><V31/><F31/><W38/><G67/><T8/><D44/><U63/><E63/><V9/><F9/><W65/><G65/><T110/><D8/><U113/><E113/><V77/><F124/><W117/><G117/><T97/><D36/><U114/><E114/><V22/><F22/><W43/><G38/><T103/><D97/><U11/><E11/><V23/><F23/><W130/><G55/><T74/><D74/><U78/><E20/><RYUUKYOKU ba="1,0" sc="224,15,304,-15,238,15,234,-15" hai0="16,17,19,75,79,80,86,88,94,96,103,105,110" hai2="51,52,58,77,82,85,92,93,95,111" /><INIT seed="2,2,0,1,3,63" ten="239,289,253,219" oya="2" hai0="19,127,35,135,53,97,9,23,42,37,84,36,85" hai1="79,3,55,120,26,119,61,31,34,128,88,134,74" hai2="12,44,71,96,92,27,51,105,109,24,122,7,100" hai3="15,77,90,47,114,89,123,132,115,33,133,110,21"/><V1/><F122/><W48/><G123/><T62/><D35/><U131/><E120/><V83/><F1/><W17/><G33/><T72/><D72/><U116/><E3/><V2/><F2/><W54/><G77/><T98/><D127/><U70/><E134/><N who="3" m="51818" /><G110/><T16/><D135/><U52/><E79/><V121/><F121/><W29/><G29/><T4/><D42/><U45/><E74/><V99/><F71/><W76/><G76/><T125/><D125/><U20/><E34/><V39/><F39/><W8/><G21/><T6/><D9/><U57/><E70/><V91/><F109/><W14/><G14/><T41/><D41/><U80/><E55/><N who="2" m="30183" /><F105/><W66/><G66/><T86/><D37/><U69/><E45/><V40/><F40/><W0/><G0/><T10/><D36/><U106/><E69/><V58/><F12/><W94/><G94/><T65/><D53/><U43/><E43/><V67/><F7/><N who="0" m="2602" /><D10/><U126/><E106/><V108/><F108/><W117/><G117/><T46/><D46/><U102/><E126/><V30/><F30/><W124/><G124/><T107/><D107/><U49/><E119/><V75/><F75/><W112/><AGARI ba="2,0" hai="8,15,17,47,48,54,89,90,112,114,115" m="51818" machi="112" ten="40,2700,0" yaku="11,1,20,1" doraHai="63" who="3" fromWho="3" sc="239,-9,289,-9,253,-15,219,33" /><INIT seed="3,0,0,1,2,63" ten="230,280,238,252" oya="3" hai0="47,124,115,20,107,59,66,13,17,67,79,50,65" hai1="95,49,4,71,94,96,3,41,43,7,27,90,89" hai2="52,133,74,26,91,62,112,123,134,12,97,5,18" hai3="23,128,103,109,35,48,19,98,118,6,60,42,56"/><W80/><G118/><T25/><D107/><U75/><E71/><V0/><F112/><W86/><G35/><T105/><D115/><U82/><E3/><V61/><F74/><W11/><G128/><T33/><D105/><U92/><E75/><V93/><F123/><W72/><G72/><T46/><D124/><U9/><E82/><V32/><F0/><W127/><G127/><T104/><D104/><U85/><E27/><V36/><F36/><W40/><G48/><T68/><D68/><U54/><E95/><V135/><F5/><N who="1" m="2121" /><E9/><N who="2" m="6415" /><F52/><N who="3" m="33799" /><G109/><T119/><D79/><U120/><E120/><V34/><F34/><W30/><G30/><AGARI ba="0,0" hai="26,30,32,61,62,91,93,97,133,134,135" m="6415" machi="30" ten="30,1000,0" yaku="20,1" doraHai="63" who="2" fromWho="3" sc="230,0,280,0,238,10,252,-10" /><INIT seed="4,0,0,0,5,81" ten="230,280,248,242" oya="0" hai0="6,87,83,0,103,92,29,49,82,42,113,22,64" hai1="57,125,135,51,123,58,10,14,104,66,91,20,2" hai2="9,23,111,31,75,130,126,124,78,50,94,100,63" hai3="34,52,8,131,102,122,129,107,72,114,105,71,65"/><T96/><D113/><U55/><E123/><V115/><F115/><W16/><G114/><T54/><D42/><U1/><E104/><V12/><F111/><W134/><G34/><T30/><D64/><U33/><E33/><V110/><F110/><W45/><G72/><T106/><D106/><U97/><E125/><V121/><F63/><N who="3" m="40383" /><G122/><T76/><D82/><U108/><E20/><V25/><F121/><W116/><G102/><T117/><D117/><U99/><E135/><V17/><F130/><N who="3" m="49675" /><G116/><T15/><D0/><U59/><E2/><V109/><F109/><W79/><G79/><T39/><D39/><U53/><E66/><V127/><F78/><W89/><G89/><T4/><D30/><U19/><E1/><V70/><F75/><W47/><G47/><N who="0" m="27967" /><D29/><U98/><E108/><V13/><F70/><W118/><G134/><T48/><D48/><N who="1" m="30951" /><E91/><V35/><F50/><N who="3" m="28751" /><G118/><T61/><D61/><U90/><E90/><V133/><F133/><W69/><G69/><T60/><D60/><U120/><E120/><V86/><F35/><W62/><G62/><T27/><D27/><U73/><E73/><V40/><F124/><W26/><G26/><T7/><D15/><AGARI ba="0,0" hai="8,15,16,105,107" m="28751,49675,40383" machi="15" ten="30,3900,0" yaku="19,1,54,2" doraHai="81" who="3" fromWho="0" sc="230,-39,280,0,248,0,242,39" /><INIT seed="5,0,0,4,4,109" ten="191,280,248,281" oya="1" hai0="8,45,110,78,77,43,81,92,54,25,22,24,56" hai1="35,111,72,118,122,50,121,7,46,57,120,58,113" hai2="107,93,36,135,32,55,89,33,129,30,126,27,71" hai3="127,48,62,65,1,17,124,95,10,5,40,67,84"/><U100/><E72/><V104/><F36/><W99/><G84/><T85/><D110/><U131/><E111/><V128/><F71/><W88/><G62/><T117/><D117/><U23/><E35/><V130/><F126/><N who="3" m="48171" /><G17/><T13/><D92/><U3/><E118/><V76/><F76/><W49/><G40/><T42/><D77/><U66/><E66/><AGARI ba="0,0" hai="1,5,10,48,49,65,66,67,88,95,99" m="48171" machi="66" ten="30,2000,0" yaku="18,1,54,1" doraHai="109" who="3" fromWho="1" sc="191,0,280,-20,248,0,281,20" owari="191,-31.0,260,6.0,248,-15.0,301,40.0" /></mjloggm>