<mjloggm ver="2.3"><GO type="169" lobby="0"/><UN n0="%E3%81%8B%E3%81%AA%E3%81%93%E3%81%89" n1="%E3%82%84%E3%81%BE%E3%83%BC%E3%82%93" n2="%E9%9B%80%E9%BE%8D%E9%96%80%5F%59%75%74%69" n3="%E3%83%88%E3%83%88%E3%83%AA%E5%85%88%E7%94%9F%31%39%E6%AD%B3" dan="16,18,16,17" rate="2110.16,2225.72,2146.12,2133.60" sx="M,M,M,F"/><TAIKYOKU oya="0"/><INIT seed="0,0,0,5,0,119" ten="250,250,250,250" oya="0" hai0="109,125,19,54,107,57,82,40,117,106,123,80,5" hai1="102,73,55,24,132,38,62,78,43,71,77,124,59" hai2="76,25,111,4,108,29,75,20,101,9,53,128,22" hai3="114,46,115,42,97,122,133,61,68,64,37,121,104"/><T32/><D117/><U116/><E116/><V21/><F101/><N who="3" m="62511" /><G133/><T81/><D32/><U60/><E124/><V10/><F53/><W113/><AGARI ba="0,0" hai="37,42,46,61,64,68,113,114,115,121,122" m="62511" machi="113" ten="40,5200,0" yaku="23,1,52,2" doraHai="119" who="3" fromWho="3" sc="250,-26,250,-13,250,-13,250,52" /><INIT seed="1,0,0,5,0,69" ten="224,237,237,302" oya="1" hai0="62,123,70,114,51,50,105,76,121,100,108,52,110" hai1="26,31,24,45,98,11,125,115,106,107,0,43,53" hai2="19,54,74,1,82,101,37,119,117,12,80,39,59" hai3="57,79,47,55,127,126,23,135,118,78,134,18,131"/><U4/><E115/><V103/><F1/><W44/><G23/><T5/><D76/><U25/><E125/><N who="3" m="47626" /><G18/><T99/><D114/><U60/><E98/><V89/><F59/><W32/><G78/><T116/><D5/><U56/><REACH who="1" step="1"/><E31/><REACH who="1" ten="224,227,237,302" step="2"/><V64/><F119/><W104/><G118/><T9/><D116/><U112/><E112/><V30/><F117/><W2/><G104/><T21/><D123/><U27/><N who="1" m="6144" /><DORA hai="67" /><U95/><E95/><V22/><F30/><W72/><G32/><T124/><D121/><U132/><E132/><V96/><F96/><W75/><G135/><T28/><D124/><U133/><E133/><V111/><F82/><W109/><G134/><T88/><D28/><U16/><E16/><V6/><F80/><W42/><G131/><T20/><D105/><U90/><E90/><V15/><F89/><W94/><G94/><T40/><D88/><U3/><E3/><V128/><F19/><W77/><G2/><T14/><D99/><U113/><E113/><V120/><F128/><W85/><G77/><T93/><D93/><U84/><E84/><V63/><F120/><W36/><G85/><T8/><D100/><U66/><E66/><V87/><F64/><W49/><G79/><T35/><D35/><U65/><E65/><V7/><F87/><W68/><G68/><T10/><D70/><U33/><E33/><V29/><F103/><W46/><G72/><T122/><D122/><U38/><AGARI ba="0,1" hai="0,4,11,38,43,45,53,56,60,106,107" m="6144" machi="38" ten="40,12000,1" yaku="1,1,0,1,52,1,53,1" doraHai="69,67" doraHaiUra="41,17" who="1" fromWho="1" sc="224,-40,227,130,237,-40,302,-40" /><INIT seed="1,1,0,4,2,49" ten="184,357,197,262" oya="1" hai0="108,3,32,24,9,114,87,117,133,12,42,75,121" hai1="116,127,25,40,113,18,101,47,22,91,6,36,27" hai2="128,92,98,21,118,94,110,100,65,102,106,99,130" hai3="95,38,104,84,103,77,119,43,51,29,35,53,31"/><U82/><E113/><V60/><F118/><W61/><G104/><T81/><D114/><U54/><E116/><V105/><F110/><W132/><G119/><T131/><D75/><U13/><E127/><V33/><F33/><W15/><G132/><T66/><D108/><U129/><E101/><V71/><REACH who="2" step="1"/><F21/><REACH who="2" ten="184,357,187,262" step="2"/><W28/><G35/><T74/><D32/><U86/><E129/><AGARI ba="1,1" hai="60,65,71,92,94,98,99,100,102,105,106,128,129,130" machi="129" ten="40,8000,1" yaku="1,1,2,1,9,1,19,1,53,0" doraHai="49" doraHaiUra="134" who="2" fromWho="1" sc="184,0,357,-83,187,93,262,0" /><INIT seed="2,0,0,1,1,61" ten="184,274,280,262" oya="2" hai0="83,28,118,123,33,96,9,125,108,117,131,93,29" hai1="51,76,99,106,54,36,89,92,60,79,135,86,12" hai2="37,59,62,130,80,52,64,42,27,32,17,55,94" hai3="115,82,65,97,40,22,34,13,84,20,66,49,41"/><V11/><F130/><W45/><G34/><T129/><D123/><U85/><E36/><V114/><F114/><W6/><G115/><T15/><D108/><U69/><E135/><V128/><F128/><N who="0" m="49226" /><D83/><U57/><E106/><V116/><F116/><N who="0" m="44650" /><D33/><U73/><E73/><V25/><F80/><W53/><G97/><T75/><D75/><U119/><E119/><V90/><F42/><N who="3" m="16491" /><G6/><N who="0" m="3511" /><D125/><U78/><E69/><V104/><F37/><W21/><G13/><T72/><D72/><U110/><E110/><V103/><F32/><W46/><G46/><T67/><D67/><N who="3" m="25609" /><G20/><T44/><D44/><N who="1" m="28007" /><E12/><N who="2" m="7327" /><F104/><W100/><G100/><AGARI ba="0,0" hai="28,29,93,96,100" m="3511,44650,49226" machi="100" ten="30,2000,0" yaku="19,1,12,1" doraHai="61" who="0" fromWho="3" sc="184,20,274,0,280,0,262,-20" /><INIT seed="3,0,0,2,2,84" ten="204,274,280,242" oya="3" hai0="18,76,99,89,87,39,48,109,129,106,127,59,66" hai1="75,2,80,28,111,42,57,117,36,98,91,119,123" hai2="23,126,62,121,37,131,105,107,25,34,20,102,49" hai3="114,122,103,11,63,22,17,30,47,24,14,79,69"/><W5/><G114/><T0/><D39/><U43/><E2/><V52/><F34/><W45/><G122/><T133/><D0/><U70/><E70/><V38/><F102/><W64/><G79/><T88/><D109/><U110/><E28/><V100/><F100/><W134/><G134/><T51/><D133/><U90/><E123/><V60/><F25/><W65/><G65/><T116/><D116/><N who="1" m="44619" /><E57/><V78/><F49/><N who="0" m="19018" /><D106/><U82/><E98/><V44/><F78/><W10/><REACH who="3" step="1"/><G103/><REACH who="3" ten="204,274,280,232" step="2"/><T13/><D127/><U71/><E110/><V125/><F121/><W77/><G77/><T113/><D113/><U58/><E111/><V128/><REACH who="2" step="1"/><F44/><REACH who="2" ten="204,274,270,232" step="2"/><W95/><G95/><T50/><D76/><U9/><E82/><V15/><F15/><AGARI ba="0,2" hai="5,10,11,14,15,17,22,24,30,45,47,63,64,69" machi="15" ten="30,2900,0" yaku="1,1,7,1,53,0" doraHai="84" doraHaiUra="83" who="3" fromWho="2" sc="204,0,274,0,270,-29,232,49" /><INIT seed="3,1,0,3,1,38" ten="204,274,241,281" oya="3" hai0="14,68,12,83,69,122,95,8,89,117,61,31,87" hai1="79,55,124,128,98,53,129,86,71,80,44,5,18" hai2="41,74,123,48,73,76,78,47,107,109,102,131,24" hai3="108,59,42,34,27,49,30,110,113,104,70,57,134"/><W20/><G70/><T67/><D117/><U77/><E124/><V37/><F109/><N who="3" m="42091" /><G113/><T51/><D122/><U62/><E5/><V25/><F123/><W105/><G134/><T56/><D31/><U28/><E28/><V94/><F107/><N who="3" m="41035" /><G34/><T22/><D22/><U82/><E98/><N who="2" m="59735" /><F74/><W35/><G35/><T11/><D51/><U9/><E71/><V97/><F73/><W100/><G100/><T81/><D69/><U119/><E119/><V112/><F37/><W21/><G21/><T19/><REACH who="0" step="1"/><D68/><REACH who="0" ten="194,274,241,281" step="2"/><U120/><E120/><V91/><F112/><W60/><G60/><T118/><D118/><U66/><E62/><V132/><F132/><W6/><G6/><AGARI ba="1,1" hai="6,8,11,12,14,19,56,61,67,81,83,87,89,95" machi="6" ten="30,3900,0" yaku="1,1,7,1,8,1,53,0" doraHai="38" doraHaiUra="75" who="0" fromWho="3" sc="194,52,274,0,241,0,281,-42" /><INIT seed="4,0,0,4,5,49" ten="246,274,241,239" oya="0" hai0="25,113,40,54,79,6,61,17,115,117,129,22,1" hai1="12,120,91,39,7,36,14,76,131,122,95,27,30" hai2="74,52,64,97,15,20,57,3,72,26,106,10,89" hai3="96,70,44,46,60,34,116,31,77,35,132,48,100"/><T125/><D117/><U126/><E76/><V110/><F110/><W8/><G116/><T65/><D125/><U87/><E126/><V33/><F64/><N who="3" m="41223" /><G34/><T18/><D40/><U99/><E131/><V78/><F33/><W118/><G118/><T23/><D129/><U0/><E0/><V28/><F3/><W5/><G77/><T124/><D79/><U37/><E14/><V108/><F108/><W47/><G8/><T29/><D124/><U69/><E69/><V9/><F9/><W127/><G5/><T42/><D42/><U82/><E12/><V16/><F78/><W84/><G84/><T123/><D123/><U94/><E7/><V102/><REACH who="2" step="1"/><F89/><REACH who="2" ten="246,274,231,239" step="2"/><W63/><G35/><T19/><D1/><U101/><E122/><V130/><F130/><W86/><G127/><T51/><D23/><U38/><E120/><V62/><AGARI ba="0,1" hai="10,15,16,20,26,28,52,57,62,72,74,97,102,106" machi="62" ten="20,12000,2" yaku="1,1,0,1,7,1,52,1,54,2,53,1" doraHai="49" doraHaiUra="93" who="2" fromWho="2" sc="246,-60,274,-30,231,130,239,-30" /><INIT seed="5,0,0,2,4,19" ten="186,244,361,209" oya="1" hai0="16,51,96,60,94,107,113,69,17,123,61,87,83" hai1="89,6,26,11,103,68,77,115,22,31,25,50,114" hai2="57,109,8,129,76,65,35,59,105,112,86,62,135" hai3="101,49,34,63,79,36,128,110,130,98,119,131,41"/><U82/><E68/><V71/><F109/><W37/><G110/><T56/><D107/><U73/><E103/><V117/><F105/><N who="3" m="63671" /><G34/><T40/><D113/><U0/><E89/><V95/><F129/><W38/><G119/><T10/><D123/><U1/><E50/><V108/><F135/><W12/><G79/><N who="0" m="46591" /><D69/><U20/><REACH who="1" step="1"/><E1/><REACH who="1" ten="186,234,361,209" step="2"/><V13/><F71/><W104/><G49/><T92/><D51/><U39/><E39/><V121/><F117/><W64/><G104/><T21/><D61/><U90/><E90/><V85/><F62/><W4/><G38/><T99/><D40/><U125/><E125/><V9/><F108/><W126/><G126/><T2/><D2/><U29/><AGARI ba="0,1" hai="0,6,11,20,22,25,26,29,31,73,77,82,114,115" machi="29" ten="30,18000,2" yaku="1,1,0,1,9,1,52,2,53,2" doraHai="19" doraHaiUra="18" who="1" fromWho="1" sc="186,-60,234,190,361,-60,209,-60" /><INIT seed="5,1,0,4,2,92" ten="126,424,301,149" oya="1" hai0="117,71,35,32,63,120,42,44,57,131,107,72,86" hai1="6,48,80,61,69,3,28,132,93,20,12,25,30" hai2="88,41,87,119,5,29,38,105,27,118,110,4,8" hai3="49,78,89,26,46,130,135,65,62,85,128,95,51"/><U11/><E132/><V66/><F110/><W104/><G135/><T52/><D117/><U23/><E80/><V40/><F66/><W37/><G104/><T81/><D72/><U55/><E3/><V59/><F59/><W94/><G78/><T19/><D131/><N who="3" m="50217" /><G26/><T133/><D133/><U99/><E69/><V90/><F27/><W60/><G60/><T96/><D120/><U124/><E124/><V9/><F38/><W101/><G101/><T83/><D19/><U111/><E111/><V74/><F87/><W134/><G94/><T103/><D71/><U58/><E48/><V113/><F29/><N who="1" m="11369" /><E25/><V36/><F36/><W54/><G134/><T84/><D84/><U125/><E125/><V34/><F74/><W14/><G14/><T22/><D22/><U68/><E68/><V112/><REACH who="2" step="1"/><F105/><REACH who="2" ten="126,424,291,149" step="2"/><W47/><G37/><T100/><D83/><U108/><E108/><V76/><F76/><W7/><G46/><T64/><D64/><U70/><E70/><V39/><F39/><W77/><G77/><T21/><D81/><U45/><E45/><V97/><F97/><W127/><G127/><T129/><D129/><U73/><E73/><V98/><F98/><W91/><G47/><T115/><D86/><U114/><E114/><V2/><F2/><W82/><G65/><T33/><D115/><U16/><E99/><V24/><F24/><W79/><G79/><T102/><D96/><U10/><E58/><V15/><F15/><W126/><G126/><T75/><D107/><U31/><E31/><V53/><F53/><W18/><G82/><T50/><D75/><RYUUKYOKU ba="1,1" sc="126,15,424,-15,291,15,149,-15" hai0="21,32,33,35,42,44,50,52,57,63,100,102,103" hai2="4,5,8,9,34,40,41,88,90,112,113,118,119" /><INIT seed="6,2,1,0,2,114" ten="141,409,306,134" oya="2" hai0="14,117,42,84,59,91,127,15,107,85,8,105,82" hai1="5,67,79,110,83,87,123,27,25,131,122,46,92" hai2="44,0,41,74,104,108,125,73,134,88,111,19,49" hai3="118,23,7,90,109,55,28,135,124,53,95,116,33"/><V35/><F125/><W119/><G109/><N who="2" m="42057" /><F134/><W24/><G135/><T66/><D127/><U32/><E131/><V96/><F35/><W69/><G124/><T37/><D37/><U100/><E67/><V128/><F128/><W94/><G69/><T58/><D42/><U64/><E64/><V112/><F112/><W72/><G72/><N who="2" m="27753" /><F0/><W29/><G7/><T50/><D117/><U80/><E32/><V93/><F19/><W102/><G102/><T38/><D38/><U16/><E110/><V18/><F18/><W75/><G75/><T12/><D8/><U77/><E16/><V63/><F63/><W62/><G62/><N who="0" m="38231" /><D107/><AGARI ba="2,1" hai="41,44,49,88,93,96,104,107" m="27753,42057" machi="107" ten="30,2900,0" yaku="10,1,54,1" doraHai="114" who="2" fromWho="0" sc="141,-35,409,0,306,45,134,0" /><INIT seed="6,3,0,0,3,59" ten="106,409,351,134" oya="2" hai0="95,109,26,51,115,61,23,68,1,46,90,28,94" hai1="10,8,52,55,56,88,13,74,32,35,135,76,132" hai2="71,49,53,29,113,106,75,67,0,36,133,93,24" hai3="80,9,19,84,47,98,100,33,38,110,42,5,78"/><V127/><F106/><W58/><G110/><T121/><D109/><U22/><E76/><V131/><F75/><W64/><G33/><T50/><D121/><U2/><E74/><V104/><F0/><W54/><G64/><T37/><D1/><U128/><E128/><V31/><F131/><W82/><G19/><T20/><D115/><U125/><E125/><V112/><F104/><W79/><G98/><T62/><D68/><U97/><E55/><V12/><F36/><W111/><G100/><T60/><D23/><U118/><E118/><V83/><F83/><W14/><G111/><T105/><D105/><U120/><E120/><V126/><F12/><W73/><G58/><T87/><REACH who="0" step="1"/><D95/><REACH who="0" ten="96,409,351,134" step="2"/><N who="1" m="56551" /><E22/><N who="2" m="15511" /><F93/><W85/><G73/><T3/><D3/><U123/><E2/><V117/><F117/><W48/><REACH who="3" step="1"/><G38/><REACH who="3" ten="96,409,351,124" step="2"/><T124/><D124/><U107/><E123/><V86/><F126/><W103/><G103/><T92/><D92/><U99/><E107/><V15/><F127/><W57/><G57/><T129/><D129/><U27/><E56/><V69/><F69/><W101/><G101/><T16/><D16/><U41/><E35/><V44/><F71/><W116/><G116/><T43/><AGARI ba="3,2" hai="20,26,28,37,43,46,50,51,60,61,62,87,90,94" machi="43" ten="30,8000,1" yaku="1,1,0,1,52,3,53,0" doraHai="59" doraHaiUra="72" who="0" fromWho="0" sc="96,109,409,-23,351,-43,124,-23" /><INIT seed="7,0,0,5,1,88" ten="205,386,308,101" oya="3" hai0="109,26,114,77,112,33,8,40,135,12,53,87,46" hai1="69,84,106,51,108,6,15,102,86,42,90,41,0" hai2="89,5,82,111,71,59,78,116,68,22,76,24,127" hai3="10,44,35,13,28,16,7,30,123,81,45,4,134"/><W43/><G123/><T56/><D109/><U130/><E69/><V67/><F111/><W133/><G81/><N who="0" m="47535" /><D135/><N who="3" m="51721" /><G45/><T74/><D74/><U49/><E0/><V21/><F82/><W48/><G48/><N who="0" m="26695" /><D26/><U39/><E86/><V50/><F50/><W124/><G44/><T1/><D1/><U80/><E6/><N who="3" m="2090" /><G43/><T95/><D95/><U38/><E90/><V99/><F59/><W79/><G79/><T17/><D33/><U120/><E130/><V63/><F67/><W83/><G83/><T119/><D119/><U9/><E80/><V60/><F63/><W2/><G2/><T55/><D56/><U19/><E42/><V36/><F60/><W92/><G92/><T11/><D11/><U94/><E41/><V25/><F89/><W57/><G57/><T70/><D70/><U132/><E120/><V103/><F71/><W100/><G100/><T128/><D128/><U31/><E102/><V14/><F68/><W66/><G66/><T73/><D73/><U101/><E101/><V107/><F103/><W97/><G97/><T65/><D65/><U131/><E108/><V126/><F99/><W75/><G75/><T96/><D96/><U20/><E132/><V72/><F72/><W93/><G93/><T98/><D98/><U3/><E94/><V91/><F78/><W104/><G104/><T115/><AGARI ba="0,0" hai="8,12,17,53,55,112,114,115" m="26695,47535" machi="115" ten="30,2000,0" yaku="15,1,11,1" doraHai="88" who="0" fromWho="0" sc="205,20,386,-5,308,-5,101,-10" owari="225,-17.0,381,48.0,303,10.0,91,-41.0" /></mjloggm>