<mjloggm ver="2.3"><GO type="169" lobby="0"/><UN n0="%74%61%6B%75%61%6B%61" n1="%E3%82%A6%E3%83%AB%E3%83%88%E3%83%A9%E7%AB%8B%E7%9B%B4" n2="%4B%E3%80%82" n3="%E3%81%82%E3%81%B2%E3%82%8B%E3%81%95%E3%82%93" dan="16,17,16,16" rate="2066.16,2125.17,2116.12,2112.05" sx="M,M,M,M"/><TAIKYOKU oya="0"/><INIT seed="0,0,0,2,2,42" ten="250,250,250,250" oya="0" hai0="55,22,48,78,129,108,123,49,101,106,133,31,40" hai1="56,131,47,98,32,118,6,50,89,132,25,107,45" hai2="100,75,68,81,64,80,60,91,4,114,109,24,126" hai3="33,43,38,105,19,62,116,3,88,74,15,125,92"/><T2/><D123/><U72/><E72/><V16/><F114/><W18/><G105/><T52/><D129/><U11/><E118/><V93/><F109/><W73/><G3/><T14/><D2/><U117/><E117/><V59/><F126/><W23/><G33/><T17/><D133/><U53/><E132/><V130/><F130/><W87/><G116/><T1/><D1/><U71/><E71/><V21/><F75/><W36/><G125/><T8/><D108/><U115/><E115/><V85/><F4/><W69/><G36/><T27/><D78/><U95/><E107/><V76/><F76/><W97/><G69/><T0/><D0/><U94/><E131/><V70/><F100/><W110/><G110/><T82/><D82/><U51/><E51/><V37/><F37/><W119/><G119/><T41/><D101/><U83/><E83/><V30/><F70/><W96/><G62/><T29/><D29/><U121/><E121/><V113/><F113/><W5/><G5/><T122/><D106/><U103/><E25/><V26/><REACH who="2" step="1"/><F68/><REACH who="2" ten="250,250,240,250" step="2"/><W90/><G74/><T124/><D124/><U63/><E32/><AGARI ba="0,1" hai="16,21,24,26,30,32,59,60,64,80,81,85,91,93" machi="32" ten="30,12000,2" yaku="1,1,2,1,7,1,54,1,53,2" doraHai="42" doraHaiUra="77" who="2" fromWho="1" sc="250,0,250,-120,240,130,250,0" /><INIT seed="1,0,0,4,5,0" ten="250,130,370,250" oya="1" hai0="36,126,128,15,127,61,133,37,97,11,119,73,103" hai1="35,85,16,20,7,80,1,100,66,78,39,113,62" hai2="120,59,24,63,91,56,101,131,30,69,82,9,72" hai3="86,93,2,109,31,29,114,27,87,53,4,94,116"/><U42/><E35/><V99/><F120/><W5/><G114/><T51/><D119/><U10/><E113/><V95/><F131/><W14/><G2/><T23/><D73/><U134/><E134/><V122/><F122/><W46/><G109/><T49/><D128/><U107/><E100/><V105/><F9/><W117/><G14/><T3/><D3/><U102/><E102/><V112/><F112/><W52/><G46/><T25/><D61/><U41/><E107/><V89/><F89/><W40/><G40/><T13/><D51/><U45/><E42/><V8/><F8/><W75/><G27/><T64/><D64/><U38/><E38/><V55/><F55/><W121/><REACH who="3" step="1"/><G75/><REACH who="3" ten="250,130,370,240" step="2"/><T18/><D15/><U111/><E111/><V12/><F12/><W44/><G44/><T43/><D133/><U54/><E54/><V32/><F72/><W84/><G84/><T118/><D118/><U71/><REACH who="1" step="1"/><E16/><REACH who="1" ten="250,120,370,240" step="2"/><V115/><F115/><W60/><G60/><T21/><D18/><U68/><E68/><V83/><F69/><W92/><G92/><T110/><D110/><U6/><E6/><V81/><F63/><W104/><G104/><T74/><D37/><U77/><E77/><V129/><F129/><W50/><G50/><T48/><D36/><U88/><E88/><V98/><AGARI ba="0,2" hai="24,30,32,56,59,81,82,83,91,95,98,99,101,105" machi="98" ten="30,1100,0" yaku="0,1" doraHai="0" who="2" fromWho="2" sc="250,-3,120,-5,370,31,240,-3" /><INIT seed="2,0,0,3,1,124" ten="247,115,401,237" oya="2" hai0="100,20,89,51,2,68,56,93,132,103,119,59,43" hai1="67,39,6,122,86,63,70,128,15,104,33,107,55" hai2="112,45,24,40,13,12,18,66,29,7,80,0,129" hai3="42,133,65,9,88,114,52,36,90,135,81,123,5"/><V82/><F112/><W38/><G123/><T130/><D68/><U85/><E33/><V4/><F66/><W108/><G65/><T41/><D132/><N who="3" m="50761" /><G108/><T102/><D2/><U34/><E34/><V91/><F13/><N who="3" m="5295" /><G114/><T131/><D20/><U47/><E122/><V71/><F71/><W8/><G42/><N who="0" m="15883" /><D51/><U105/><E39/><N who="3" m="14890" /><G8/><T62/><D62/><U16/><E6/><V116/><F7/><W60/><G81/><T106/><D106/><U26/><E26/><V48/><F24/><W53/><G60/><T64/><D64/><U19/><E128/><N who="0" m="49193" /><D119/><U77/><E77/><V92/><F129/><W50/><G53/><T115/><D115/><U76/><E76/><V58/><F0/><W84/><G84/><AGARI ba="0,0" hai="56,59,84,89,93,100,102,103" m="49193,15883" machi="84" ten="30,7700,0" yaku="19,1,52,3" doraHai="124" who="0" fromWho="3" sc="247,77,115,0,401,0,237,-77" /><INIT seed="3,0,0,2,2,38" ten="324,115,401,160" oya="3" hai0="78,111,31,67,2,9,22,4,101,32,53,60,105" hai1="86,108,79,28,16,90,56,77,30,93,27,68,103" hai2="50,118,80,74,39,64,130,19,8,92,104,120,0" hai3="5,85,88,23,36,126,132,25,35,11,124,33,114"/><W95/><G114/><T94/><D53/><U129/><E68/><V62/><F104/><W109/><G132/><T82/><D111/><U59/><E108/><V99/><F39/><W24/><G109/><T72/><D94/><U127/><E127/><N who="3" m="48682" /><G36/><T75/><D22/><N who="1" m="13767" /><E103/><V44/><F118/><W81/><G95/><T49/><D49/><U91/><E91/><V34/><F34/><N who="3" m="12811" /><G23/><T54/><D54/><U106/><E106/><V107/><F107/><W51/><G51/><T119/><D119/><U102/><E102/><V76/><F120/><W12/><AGARI ba="0,0" hai="5,11,12,24,25,81,85,88" m="12811,48682" machi="12" ten="30,3000,0" yaku="18,1,54,1" doraHai="38" who="3" fromWho="3" sc="324,-10,115,-10,401,-10,160,30" /><INIT seed="3,1,0,0,4,0" ten="314,105,391,190" oya="3" hai0="99,72,111,47,34,3,107,25,45,12,133,131,74" hai1="61,119,76,70,129,1,19,9,80,38,128,100,116" hai2="101,98,77,91,40,18,73,134,81,82,97,109,48" hai3="106,88,16,75,24,90,32,44,120,86,55,51,121"/><W95/><G75/><T31/><D3/><U103/><E38/><V15/><F109/><W52/><G106/><T49/><D111/><U118/><E100/><V33/><F33/><W29/><G55/><T104/><D133/><U115/><E103/><V42/><F134/><W110/><G110/><T102/><D131/><U8/><E115/><V50/><F91/><W30/><G30/><T36/><D107/><U4/><E19/><V35/><F35/><W124/><G124/><T117/><D117/><U132/><E9/><V54/><F82/><W53/><G53/><T105/><D105/><U43/><E43/><V122/><F122/><W13/><G90/><T56/><D56/><U126/><E126/><V93/><F98/><W67/><G67/><T114/><D114/><U96/><E96/><V22/><F50/><W85/><G86/><T123/><D123/><U78/><E132/><V2/><F2/><W69/><G69/><T113/><D113/><U59/><E70/><V71/><F71/><W135/><G135/><T125/><D125/><U46/><E46/><AGARI ba="1,0" hai="15,18,22,40,42,46,48,54,73,77,81,93,97,101" machi="46" ten="30,1000,0" yaku="7,1" doraHai="0" who="2" fromWho="1" sc="314,0,105,-13,391,13,190,0" /><INIT seed="4,0,0,3,0,100" ten="314,92,404,190" oya="0" hai0="135,62,95,41,8,29,125,32,124,126,67,20,102" hai1="40,127,43,99,77,53,131,13,14,112,107,68,6" hai2="129,61,114,98,56,120,72,58,115,50,70,27,92" hai3="108,21,111,46,105,35,118,65,66,10,132,85,91"/><T83/><D135/><U104/><E68/><V23/><F72/><W19/><G35/><T81/><D32/><U123/><E99/><V28/><F120/><W103/><G118/><T22/><D41/><N who="1" m="15947" /><E123/><V128/><F70/><W26/><G132/><T113/><D113/><N who="2" m="43018" /><F50/><W89/><G46/><T60/><D8/><U71/><E71/><V82/><F82/><N who="0" m="31242" /><D29/><U75/><E112/><V134/><F134/><W101/><G101/><T84/><D102/><U87/><E87/><V76/><F76/><W55/><G85/><T0/><D0/><U37/><E77/><V33/><F33/><W88/><G55/><T1/><D1/><U3/><E75/><V18/><F28/><W79/><G79/><T130/><D130/><N who="2" m="50282" /><F61/><N who="0" m="23658" /><D67/><U5/><E131/><V93/><F93/><W38/><G66/><T25/><D25/><U24/><E24/><V47/><F47/><W31/><G65/><T2/><D2/><U39/><E3/><V122/><F122/><W133/><G133/><T117/><D117/><U64/><E64/><V110/><F110/><W17/><G111/><T9/><D9/><U36/><E53/><V44/><F44/><W90/><G108/><T30/><D30/><U97/><E97/><V15/><F27/><W86/><G10/><T11/><D11/><U34/><E34/><V63/><F63/><W80/><G31/><T116/><D116/><U121/><E121/><V54/><F54/><W109/><G109/><T7/><D7/><N who="1" m="2571" /><E127/><V59/><F98/><N who="3" m="61687" /><G17/><T96/><D96/><U42/><N who="1" m="15955" /><U51/><DORA hai="69" /><E51/><V12/><F92/><W48/><G48/><RYUUKYOKU ba="0,0" sc="314,0,92,0,404,0,190,0" hai0="20,22,84,95,124,125,126" hai1="13,14,36,37,39,104,107" hai2="12,15,18,23,56,58,59" hai3="19,21,26,38,80,86,88,89,90,91" /><INIT seed="4,1,0,0,2,42" ten="314,92,404,190" oya="0" hai0="27,98,14,72,109,126,79,22,74,17,132,90,63" hai1="40,123,96,37,93,10,4,62,11,52,57,36,61" hai2="65,3,135,39,134,35,29,25,80,113,21,102,115" hai3="45,112,78,51,67,54,31,77,97,129,133,34,124"/><T73/><D126/><U47/><E123/><V33/><F39/><W60/><G112/><N who="2" m="43081" /><F3/><W58/><G129/><T66/><D132/><U99/><E37/><V128/><F128/><W30/><G124/><T82/><D109/><U28/><E28/><N who="3" m="10794" /><G34/><N who="2" m="12809" /><F102/><W107/><G107/><T12/><D98/><U26/><E26/><V101/><F101/><W53/><G133/><T94/><D94/><U116/><E116/><V59/><F80/><W24/><G97/><T75/><REACH who="0" step="1"/><D90/><REACH who="0" ten="304,92,404,190" step="2"/><U23/><E99/><V105/><F105/><W88/><G88/><T81/><D81/><U120/><E120/><V8/><F135/><W15/><G78/><T122/><D122/><U43/><E96/><V86/><F134/><W85/><G77/><T18/><D18/><U6/><E93/><V69/><F29/><W83/><G83/><T117/><D117/><U0/><E23/><V100/><F21/><W56/><G85/><T92/><D92/><U110/><E110/><V121/><F86/><W16/><G16/><T76/><D76/><U13/><REACH who="1" step="1"/><E43/><REACH who="1" ten="304,82,404,190" step="2"/><V9/><F121/><W44/><G24/><T103/><D103/><U91/><E91/><V130/><F25/><W71/><G15/><T64/><D64/><U118/><E118/><V108/><F108/><W127/><G127/><T131/><D131/><U48/><AGARI ba="1,2" hai="0,4,6,10,11,13,36,40,47,48,52,57,61,62" machi="48" ten="20,8000,1" yaku="1,1,0,1,7,1,52,1,54,1,53,0" doraHai="42" doraHaiUra="87" who="1" fromWho="1" sc="304,-41,82,103,404,-21,190,-21" /><INIT seed="5,0,0,2,4,16" ten="263,185,383,169" oya="1" hai0="54,115,52,39,114,8,92,78,11,71,46,32,100" hai1="17,121,29,91,101,13,19,117,84,30,75,66,33" hai2="51,99,31,122,103,90,76,133,28,93,124,89,18" hai3="59,98,110,60,21,61,22,7,34,113,120,87,43"/><U118/><E75/><V70/><F122/><W134/><G110/><T62/><D32/><U119/><E121/><V9/><F70/><W36/><G34/><T20/><D78/><U44/><E33/><V131/><F124/><W112/><G120/><T49/><D39/><U40/><E101/><V14/><F131/><W85/><G7/><T83/><D83/><U4/><E66/><V3/><F3/><W38/><G98/><N who="0" m="59463" /><D20/><N who="3" m="7785" /><G43/><T1/><D1/><U41/><E4/><V12/><F133/><W47/><G47/><T55/><D62/><N who="3" m="24169" /><G59/><T74/><D74/><U57/><E57/><V109/><F109/><W25/><G25/><T37/><D71/><U125/><E125/><V23/><F51/><W107/><G107/><T56/><D56/><U6/><E6/><V67/><F67/><W108/><G108/><T123/><D37/><N who="3" m="14441" /><G134/><T97/><D97/><U26/><E44/><V130/><F99/><W15/><G15/><T5/><D5/><U105/><E105/><V65/><F14/><W2/><G2/><T95/><D123/><U111/><E111/><V116/><F103/><W68/><G68/><T69/><D69/><U106/><E106/><V96/><F96/><W86/><AGARI ba="0,0" hai="85,86,87,112,113" m="14441,24169,7785" machi="86" ten="40,8000,1" yaku="28,2,52,3" doraHai="16" who="3" fromWho="3" sc="263,-20,185,-40,383,-20,169,80" /><INIT seed="6,0,0,0,4,44" ten="243,145,363,249" oya="2" hai0="64,29,14,93,39,99,57,73,12,103,0,79,85" hai1="128,61,31,49,76,71,100,8,7,67,41,104,47" hai2="133,92,87,130,112,119,46,95,72,60,37,63,118" hai3="102,110,34,56,107,96,83,59,131,80,120,21,113"/><V28/><F72/><W51/><G34/><T62/><D0/><U48/><E128/><V5/><F112/><W36/><G36/><T2/><D2/><U22/><E76/><V117/><F130/><W123/><G110/><T86/><D39/><U20/><E31/><V58/><F5/><W10/><G131/><T1/><D1/><U94/><E104/><V6/><F6/><W126/><G126/><T124/><D124/><U74/><E74/><V98/><F28/><W122/><G10/><T11/><D29/><U134/><E134/><V32/><F32/><W125/><G125/><T84/><D73/><U4/><E4/><V45/><F133/><W77/><G113/><T43/><D43/><U109/><E109/><V19/><F19/><W38/><G38/><T89/><D79/><U105/><E105/><V54/><F60/><W115/><G115/><T111/><D111/><U53/><E94/><V35/><F35/><W52/><G21/><T30/><D30/><U132/><E100/><V27/><F37/><W82/><REACH who="3" step="1"/><G59/><REACH who="3" ten="243,145,363,239" step="2"/><T26/><D11/><U90/><E132/><V17/><F58/><W24/><G24/><T91/><D26/><U55/><E90/><AGARI ba="0,1" hai="12,14,57,62,64,84,85,86,89,90,91,93,99,103" machi="90" ten="40,1300,0" yaku="8,1" doraHai="44" who="0" fromWho="1" sc="243,23,145,-13,363,0,239,0" /><INIT seed="7,0,0,5,0,87" ten="266,132,363,239" oya="3" hai0="71,133,127,30,55,23,125,33,21,59,16,29,20" hai1="8,93,48,58,17,7,72,76,45,11,96,38,39" hai2="111,31,75,78,116,28,41,3,14,104,27,92,89" hai3="37,25,79,5,81,19,68,65,131,64,122,128,83"/><W94/><G122/><T112/><D71/><U69/><E69/><V129/><F3/><W32/><G37/><T61/><D133/><U117/><E117/><V77/><F104/><W95/><G68/><T124/><D112/><U0/><E58/><V98/><F111/><W6/><G32/><T103/><D33/><U132/><E132/><V22/><F129/><W10/><G25/><T114/><D114/><U1/><E76/><V80/><F77/><W54/><G79/><T101/><D16/><U15/><E72/><V49/><F14/><W43/><G19/><T63/><D63/><U13/><E13/><V51/><F116/><W52/><G43/><T118/><D118/><U100/><E0/><V126/><F126/><W135/><G135/><T26/><D26/><U109/><E109/><V84/><F41/><W44/><G44/><T18/><D18/><U106/><E106/><V113/><F113/><W91/><G10/><T70/><D70/><U9/><E9/><V12/><F12/><W57/><G57/><T107/><D107/><U62/><E62/><V82/><F28/><AGARI ba="0,0" hai="20,21,23,28,29,30,55,59,61,101,103,124,125,127" machi="28" ten="50,1600,0" yaku="18,1" doraHai="87" who="0" fromWho="2" sc="266,16,132,0,363,-16,239,0" owari="282,8.0,132,-37.0,347,45.0,239,-16.0" /></mjloggm>