<mjloggm ver="2.3"><GO type="169" lobby="0"/><UN n0="%74%61%72%6F%33%39%30%30" n1="%E7%8C%AB%E9%8D%8B" n2="%36%31%2E%38%EF%BC%85" n3="%E3%82%A6%E3%83%AB%E3%83%88%E3%83%A9%E7%AB%8B%E7%9B%B4" dan="17,16,16,16" rate="2142.92,2044.75,2092.17,2126.94" sx="M,M,M,M"/><TAIKYOKU oya="0"/><INIT seed="0,0,0,3,2,119" ten="250,250,250,250" oya="0" hai0="37,25,35,92,3,127,58,99,77,133,44,102,14" hai1="42,82,112,114,20,65,45,43,83,70,5,19,9" hai2="8,124,59,117,4,18,38,0,16,64,78,32,118" hai3="130,21,6,33,66,132,126,23,129,11,52,48,55"/><T134/><D3/><N who="1" m="191" /><E65/><V40/><F124/><W96/><G33/><T120/><D127/><U128/><E70/><V50/><F32/><W105/><G126/><T81/><D14/><N who="1" m="9335" /><E128/><N who="3" m="49258" /><G66/><T69/><D69/><U76/><E76/><V29/><F29/><W68/><G68/><T39/><D58/><U17/><E17/><V116/><F78/><W97/><G132/><N who="0" m="50795" /><D44/><U34/><E34/><V63/><REACH who="2" step="1"/><F50/><REACH who="2" ten="250,250,240,250" step="2"/><W74/><G74/><N who="0" m="43191" /><D37/><U86/><E114/><V87/><F87/><W115/><G115/><T123/><D39/><U135/><E86/><V15/><F15/><W103/><G96/><T122/><D35/><U13/><E112/><V108/><F108/><W57/><G55/><T110/><D25/><U12/><E135/><V41/><F41/><W101/><G52/><T61/><D61/><U88/><E43/><V67/><F67/><W28/><G48/><T7/><D7/><U56/><E42/><V24/><F24/><W53/><G53/><T89/><D110/><U79/><E13/><V36/><F36/><W73/><G6/><T131/><D131/><U51/><E12/><V113/><F113/><W121/><G28/><T106/><D123/><U47/><E51/><V111/><F111/><W22/><G21/><T49/><D49/><U80/><E45/><AGARI ba="0,1" hai="0,4,8,16,18,38,40,45,59,63,64,116,117,118" machi="45" ten="40,5200,0" yaku="1,1,12,1,54,1,53,0" doraHai="119" doraHaiUra="26" who="2" fromWho="1" sc="250,0,250,-52,240,62,250,0" /><INIT seed="1,0,0,3,2,17" ten="250,198,302,250" oya="1" hai0="26,66,116,126,41,18,27,128,120,102,129,88,67" hai1="45,38,31,68,125,119,123,73,28,50,51,100,98" hai2="97,122,76,70,0,80,130,35,124,105,89,81,54" hai3="52,53,43,1,91,21,9,77,10,64,20,135,56"/><U61/><E123/><V4/><F70/><W58/><G135/><T23/><D116/><U60/><E119/><V82/><F35/><W33/><G33/><T118/><D118/><U19/><E73/><V114/><F122/><W13/><G43/><T106/><D120/><U3/><E38/><V131/><F4/><N who="3" m="3271" /><G1/><T93/><D126/><U6/><E125/><V101/><F0/><W115/><G115/><T65/><D41/><U112/><E112/><V111/><F124/><W121/><G121/><T2/><D2/><U14/><E6/><V25/><F54/><N who="3" m="21099" /><G77/><T12/><D102/><U103/><E3/><V44/><F44/><W8/><G91/><T79/><D79/><U134/><E134/><V32/><F114/><W75/><G75/><T127/><D106/><U109/><E109/><V69/><F89/><W107/><G107/><T16/><D127/><U84/><E100/><V5/><F69/><W34/><G34/><T94/><D94/><N who="1" m="58839" /><E68/><V15/><F111/><W90/><G90/><T49/><D49/><N who="1" m="18443" /><E45/><V7/><F76/><W117/><G117/><T83/><D83/><U37/><E37/><V74/><F74/><W62/><G58/><T36/><D36/><U86/><E61/><V29/><F81/><W39/><G39/><T96/><REACH who="0" step="1"/><D27/><REACH who="0" ten="240,198,302,250" step="2"/><U30/><E60/><V46/><F80/><W71/><G71/><T85/><D85/><U133/><E133/><V11/><F82/><W72/><G72/><T59/><D59/><U92/><E92/><V42/><F42/><W47/><G47/><T99/><D99/><U78/><E78/><V48/><F46/><RYUUKYOKU ba="0,1" sc="240,10,198,10,302,-30,250,10" hai0="12,16,18,23,26,65,66,67,88,93,96,128,129" hai1="14,19,28,30,31,84,86" hai3="8,9,20,21,56,62,64" /><INIT seed="1,1,1,5,3,112" ten="250,208,272,260" oya="1" hai0="89,132,9,39,79,118,10,34,111,92,70,99,120" hai1="114,59,122,129,78,134,14,94,98,52,127,33,85" hai2="30,121,125,47,66,20,2,135,106,81,119,6,100" hai3="128,126,49,28,12,88,83,5,93,82,23,104,29"/><U56/><E122/><V101/><F121/><W24/><G104/><T17/><D120/><U55/><E114/><V84/><F125/><W124/><G128/><T63/><D111/><U71/><E71/><V26/><F135/><W97/><G29/><T105/><D132/><U37/><E127/><N who="3" m="48682" /><G49/><T72/><D39/><U15/><E33/><V7/><F66/><W69/><G69/><T116/><D34/><U108/><E37/><V53/><F2/><W46/><G46/><T40/><D40/><U4/><E129/><V87/><F87/><W102/><G102/><T75/><D105/><U44/><E108/><V50/><F106/><W38/><G38/><T19/><D70/><U8/><E15/><V0/><F0/><W80/><G80/><T25/><D63/><U48/><E134/><V11/><F101/><W90/><G90/><T109/><D109/><U131/><E131/><V64/><F100/><W113/><G113/><T31/><D31/><U27/><E27/><V41/><F64/><W18/><G5/><T74/><D79/><U58/><E44/><V61/><F7/><W1/><G1/><T60/><D60/><U62/><E56/><V130/><F61/><W68/><G68/><T110/><D110/><U77/><E85/><V86/><F86/><W103/><G103/><AGARI ba="1,1" hai="4,8,14,48,52,55,58,59,62,77,78,94,98,103" machi="103" ten="30,5800,0" yaku="7,1,8,1,54,1" doraHai="112" who="1" fromWho="3" sc="250,0,208,71,272,0,260,-61" /><INIT seed="1,2,0,1,2,41" ten="250,279,272,199" oya="1" hai0="33,51,99,30,64,2,6,48,79,44,85,65,22" hai1="13,54,7,67,112,16,23,76,119,3,62,91,40" hai2="57,135,96,120,35,18,105,88,63,134,94,128,52" hai3="37,125,95,26,46,29,36,74,50,114,69,82,9"/><U19/><E119/><V123/><F128/><W70/><G114/><T104/><D33/><U108/><E112/><V4/><F35/><W21/><G125/><T14/><D2/><U127/><E127/><V66/><F4/><W28/><G28/><T87/><D104/><U97/><E108/><V20/><F105/><W117/><G117/><T8/><D99/><U53/><E40/><V110/><F66/><W129/><G129/><T90/><D48/><U68/><E76/><V34/><F34/><W31/><G31/><T75/><D75/><U83/><E19/><V45/><F45/><W0/><G95/><T126/><D126/><U71/><E71/><V77/><F77/><N who="3" m="44343" /><G50/><T73/><D73/><U27/><E3/><V11/><F11/><W72/><G72/><T92/><D22/><U78/><E91/><V111/><F123/><W56/><G56/><T93/><D30/><U86/><REACH who="1" step="1"/><E97/><REACH who="1" ten="250,269,272,199" step="2"/><V32/><F120/><W61/><G70/><T80/><D79/><U124/><E124/><V118/><F118/><W98/><G98/><T5/><D5/><U38/><E38/><V58/><F111/><W115/><G115/><T130/><D130/><U102/><E102/><V84/><F96/><W24/><G37/><T131/><D131/><U47/><E47/><V25/><F110/><W100/><G46/><T17/><D6/><U122/><E122/><V133/><F133/><W106/><G36/><T1/><D1/><U55/><E55/><V103/><F103/><W10/><G0/><T121/><D121/><U132/><E132/><N who="2" m="50731" /><F58/><W60/><G100/><T81/><D44/><RYUUKYOKU ba="2,1" sc="250,-15,269,15,272,15,199,-15" hai1="7,13,16,23,27,53,54,62,67,68,78,83,86" hai2="18,20,25,32,52,57,63,84,88,94" /><INIT seed="1,3,1,2,3,50" ten="235,284,287,184" oya="1" hai0="129,90,86,77,35,11,106,56,107,94,39,97,113" hai1="13,59,73,37,45,118,81,82,64,92,20,26,116" hai2="122,43,134,67,128,51,14,125,41,76,74,34,135" hai3="42,6,33,124,10,32,111,4,69,12,133,87,84"/><U89/><E13/><V1/><F34/><N who="3" m="13419" /><G69/><T85/><D39/><U102/><E102/><V0/><F122/><W16/><G42/><T53/><D35/><U104/><E104/><V66/><F76/><W30/><G87/><T103/><D113/><U27/><E27/><V108/><F74/><W83/><G84/><T68/><D68/><U88/><E89/><V29/><F51/><W52/><G83/><T101/><D129/><U18/><E37/><V70/><F128/><W8/><G52/><T80/><D11/><N who="3" m="4137" /><G124/><T121/><D121/><U112/><E45/><V132/><F70/><W60/><G60/><T120/><D120/><U23/><E112/><V96/><F96/><W5/><G133/><T44/><D44/><U49/><E64/><V28/><F132/><W105/><G105/><T19/><D19/><U114/><E114/><V72/><F125/><W25/><G111/><T3/><D3/><U109/><E81/><V131/><F131/><W21/><G4/><T65/><D65/><U54/><E82/><V38/><F72/><W63/><G63/><T36/><D36/><U99/><E73/><V91/><F38/><W55/><G55/><T24/><D106/><U100/><E109/><V110/><F91/><W31/><G31/><T17/><D103/><U98/><E100/><V130/><F130/><W46/><G46/><T48/><D107/><U7/><E7/><V15/><AGARI ba="3,1" hai="0,1,14,15,28,29,41,43,66,67,108,110,134,135" machi="15" ten="25,3200,0" yaku="0,1,22,2" doraHai="50" who="2" fromWho="2" sc="235,-11,284,-19,287,51,184,-11" /><INIT seed="2,0,0,4,4,112" ten="224,265,338,173" oya="2" hai0="49,128,98,21,101,90,13,78,110,62,102,25,7" hai1="26,113,60,86,125,106,51,47,22,2,33,34,81" hai2="8,64,32,123,107,15,91,79,124,76,53,129,92" hai3="1,71,65,75,23,88,45,38,20,82,133,74,84"/><V99/><F32/><W10/><G133/><T4/><D110/><U52/><E113/><V69/><F123/><W61/><G75/><T40/><D128/><U116/><E106/><V59/><F124/><W115/><G115/><T68/><D78/><U111/><E111/><V50/><F129/><W83/><G74/><T66/><D40/><U119/><E2/><V9/><F107/><W87/><G38/><T121/><D49/><U103/><E103/><V89/><F69/><W0/><G45/><T3/><D3/><U77/><E125/><V19/><F64/><W28/><G28/><T93/><D121/><U134/><E60/><V57/><F57/><W54/><G54/><T117/><D117/><U135/><E33/><V130/><F130/><W105/><G105/><T37/><D37/><U70/><E34/><V16/><F91/><W35/><G35/><T127/><D127/><U41/><E41/><V24/><F24/><W6/><REACH who="3" step="1"/><G1/><REACH who="3" ten="224,265,338,163" step="2"/><T108/><D108/><U100/><E134/><V43/><F43/><W120/><G120/><T55/><D55/><U27/><E135/><V97/><F97/><W11/><G11/><T73/><D73/><U104/><E52/><V29/><F29/><W131/><G131/><T109/><D109/><U18/><E104/><V31/><F31/><W14/><G14/><AGARI ba="0,1" hai="8,9,14,15,16,19,50,53,59,76,79,89,92,99" machi="14" ten="40,7700,0" yaku="9,1,8,1,54,1" doraHai="112" who="2" fromWho="3" sc="224,0,265,0,338,87,163,-77" /><INIT seed="2,1,0,1,4,95" ten="224,265,425,86" oya="2" hai0="134,126,73,50,45,8,41,43,87,52,83,74,15" hai1="32,60,65,117,100,7,14,54,135,82,11,89,92" hai2="107,9,96,116,25,0,28,56,26,105,91,48,4" hai3="128,46,31,104,121,27,6,59,94,44,71,5,132"/><V70/><F70/><W29/><G104/><T75/><D134/><U10/><E117/><V34/><F116/><W122/><G71/><T103/><D126/><U22/><E32/><V124/><F124/><W101/><G132/><T30/><D30/><U88/><E135/><V19/><F26/><W99/><G128/><T119/><D103/><U58/><E100/><V113/><F113/><W39/><G39/><T16/><REACH who="0" step="1"/><D119/><REACH who="0" ten="214,265,425,86" step="2"/><U18/><E65/><V23/><F105/><W35/><G31/><T49/><D49/><U109/><E109/><V106/><F48/><W133/><G133/><T114/><D114/><U90/><E7/><V130/><F130/><W64/><G6/><T37/><D37/><U102/><REACH who="1" step="1"/><E82/><REACH who="1" ten="214,255,425,86" step="2"/><V81/><F81/><W47/><REACH who="3" step="1"/><G5/><REACH who="3" ten="214,255,425,76" step="2"/><T112/><D112/><U57/><E57/><V3/><F56/><W24/><G24/><T20/><D20/><U21/><E21/><V110/><F110/><W55/><G55/><T129/><D129/><U76/><E76/><AGARI ba="1,3" hai="8,15,16,41,43,45,50,52,73,74,75,76,83,87" machi="76" ten="40,5200,0" yaku="1,1,54,2,53,0" doraHai="95" doraHaiUra="1" who="0" fromWho="1" sc="214,85,255,-55,425,0,76,0" /><INIT seed="3,0,0,5,1,73" ten="299,200,425,76" oya="3" hai0="10,99,88,113,21,77,16,18,64,60,121,45,44" hai1="65,17,92,47,3,43,59,72,29,66,75,31,0" hai2="70,134,79,23,119,46,106,19,7,55,80,34,1" hai3="26,110,58,115,57,14,56,127,76,132,87,124,24"/><W50/><G115/><T32/><D32/><U61/><E66/><V104/><F70/><W130/><G130/><T38/><D121/><U96/><E17/><V49/><F34/><W39/><G39/><T89/><D113/><U125/><E125/><N who="3" m="48202" /><G132/><T120/><D120/><U37/><E72/><V11/><F119/><W6/><G50/><T126/><D126/><U84/><E84/><V5/><F5/><W20/><G110/><T128/><D128/><U123/><E75/><V25/><REACH who="2" step="1"/><F134/><REACH who="2" ten="299,200,415,76" step="2"/><W107/><G107/><T13/><D38/><U36/><E37/><V90/><F90/><W114/><G114/><T35/><D88/><U135/><E135/><V42/><F42/><W62/><G62/><T28/><D89/><U52/><E123/><V9/><F9/><N who="3" m="4407" /><G20/><T85/><D21/><U22/><E22/><V116/><F116/><W97/><G97/><T102/><D60/><U117/><E96/><V131/><F131/><W133/><G133/><T8/><D99/><U68/><E117/><V91/><F91/><W109/><G109/><T74/><D35/><U48/><REACH who="1" step="1"/><E92/><REACH who="1" ten="299,190,415,76" step="2"/><V71/><F71/><W118/><G118/><T95/><D95/><U63/><E63/><V53/><F53/><W83/><AGARI ba="0,2" hai="24,26,56,57,58,76,83,87" m="4407,48202" machi="83" ten="40,3900,0" yaku="18,1,52,1" doraHai="73" who="3" fromWho="3" sc="299,-13,190,-13,415,-13,76,59" /><INIT seed="3,1,0,0,3,71" ten="286,177,402,135" oya="3" hai0="41,76,65,112,100,123,115,70,1,106,104,23,13" hai1="86,84,126,0,80,66,88,53,69,52,11,103,44" hai2="74,102,61,20,12,110,81,51,107,5,33,30,99" hai3="124,93,125,94,43,45,24,9,35,26,28,62,114"/><W17/><G114/><N who="0" m="43563" /><D1/><U92/><E126/><N who="3" m="48746" /><G62/><N who="0" m="40247" /><D123/><U117/><E117/><V15/><F110/><W116/><G116/><T131/><D131/><U121/><E121/><V29/><F51/><N who="3" m="27071" /><G24/><T127/><D127/><U56/><E69/><V134/><F134/><W82/><G82/><T132/><D132/><U63/><E44/><V36/><F61/><W118/><G118/><T79/><D41/><U128/><E128/><V90/><F81/><W68/><G68/><T77/><D100/><U57/><E57/><V48/><F48/><W60/><G60/><T16/><AGARI ba="1,0" hai="13,16,23,76,77,79,104,106" m="40247,43563" machi="16" ten="40,2700,0" yaku="11,1,54,1" doraHai="71" who="0" fromWho="0" sc="286,30,177,-8,402,-8,135,-14" /><INIT seed="4,0,0,1,2,73" ten="316,169,394,121" oya="0" hai0="120,90,50,124,27,119,13,71,111,23,101,129,134" hai1="40,74,104,52,130,102,47,128,97,115,67,79,10" hai2="46,84,4,55,39,59,18,132,0,42,30,43,32" hai3="103,112,88,114,68,28,65,70,16,6,11,12,35"/><T123/><D90/><U107/><E115/><N who="3" m="44074" /><G103/><T80/><D80/><N who="1" m="45175" /><E67/><V89/><F43/><W58/><G28/><T110/><D101/><U63/><E10/><V29/><F132/><W38/><G35/><T45/><D50/><N who="1" m="28767" /><E63/><V62/><F4/><W77/><G38/><T78/><D45/><U82/><E82/><V26/><F0/><W100/><G100/><T37/><D13/><U135/><E40/><V33/><F18/><W81/><G88/><T48/><D48/><U54/><E54/><V61/><F61/><N who="3" m="38071" /><G6/><T41/><D41/><U64/><E64/><V126/><F30/><W14/><G14/><T60/><D27/><U19/><E19/><V2/><F2/><W113/><N who="3" m="44082" /><W1/><DORA hai="25" /><G1/><T83/><D37/><U127/><E135/><V117/><F117/><W121/><G121/><T131/><D134/><U91/><E91/><V98/><F98/><W17/><G17/><T96/><D96/><U22/><E107/><V108/><F33/><W57/><G57/><T93/><D119/><U95/><E104/><V76/><F108/><W5/><G5/><T118/><D118/><U21/><E127/><V56/><F126/><W34/><G34/><T66/><D124/><U87/><E87/><AGARI ba="0,0" hai="11,12,16,68,70,77,81,87" m="38071,44082" machi="87" ten="40,5200,0" yaku="15,1,52,1,54,1" doraHai="73,25" who="3" fromWho="1" sc="316,0,169,-52,394,0,121,52" /><INIT seed="5,0,0,0,3,72" ten="316,117,394,173" oya="1" hai0="62,8,128,90,34,124,126,30,68,59,89,37,43" hai1="115,86,61,64,51,130,67,79,106,117,44,78,28" hai2="16,125,18,13,131,57,116,65,24,76,55,35,40" hai3="31,21,96,42,97,12,108,52,111,133,98,107,11"/><U29/><E117/><V20/><F116/><W122/><G122/><T38/><D68/><U87/><E106/><V110/><F110/><W109/><G42/><T103/><D128/><U33/><E130/><V50/><F131/><W36/><G36/><T113/><D113/><U75/><E115/><V25/><F125/><N who="0" m="48234" /><D103/><U82/><E33/><V81/><F65/><N who="1" m="25161" /><E61/><V85/><F35/><W56/><G107/><T49/><D49/><U23/><E75/><V88/><F40/><W91/><G133/><T123/><D123/><U26/><E29/><V119/><F119/><W2/><G2/><T73/><D73/><U77/><E82/><V80/><F18/><W7/><G31/><T135/><D135/><U60/><E60/><V6/><F6/><W99/><G21/><T121/><D121/><U54/><AGARI ba="0,0" hai="23,26,28,44,51,54,77,78,79,86,87" m="25161" machi="54" ten="30,11700,0" yaku="8,1,52,3" doraHai="72" who="1" fromWho="1" sc="316,-39,117,117,394,-39,173,-39" /><INIT seed="5,1,0,5,5,60" ten="277,234,355,134" oya="1" hai0="134,115,12,105,59,62,99,129,83,19,11,6,133" hai1="77,114,16,51,88,98,61,80,1,57,116,40,117" hai2="29,48,4,53,65,32,110,73,113,132,91,102,46" hai3="54,14,25,130,22,82,41,28,23,97,72,125,31"/><U121/><E121/><V27/><F73/><W39/><G125/><T74/><D115/><U68/><E68/><V81/><F110/><W128/><G41/><T43/><D129/><U109/><E114/><V101/><F113/><W18/><G39/><T66/><D43/><U78/><E1/><V108/><F108/><W90/><G54/><T13/><D105/><U36/><E36/><V103/><F4/><W35/><G72/><T76/><REACH who="0" step="1"/><D99/><REACH who="0" ten="267,234,355,134" step="2"/><U123/><E109/><V111/><F111/><W52/><G97/><T37/><D37/><U87/><E123/><V96/><F96/><W124/><G130/><T38/><D38/><U69/><E98/><V34/><F103/><W127/><G128/><T89/><D89/><U5/><E117/><V85/><F102/><W126/><G90/><T112/><D112/><U71/><E116/><V79/><F91/><W24/><G82/><T49/><D49/><U20/><E78/><V21/><F101/><W93/><G93/><T104/><D104/><U17/><E77/><V9/><F79/><W135/><REACH who="3" step="1"/><G52/><REACH who="3" ten="267,234,355,124" step="2"/><T131/><D131/><U50/><E40/><V55/><F81/><W7/><G7/><T47/><D47/><U42/><E5/><V33/><F55/><W26/><G26/><T75/><D75/><U44/><E42/><V15/><F85/><W30/><G30/><T86/><D86/><U118/><E44/><V84/><F84/><W70/><G70/><T106/><D106/><U0/><E71/><V56/><F46/><W63/><G63/><T100/><D100/><U122/><E61/><V92/><F92/><RYUUKYOKU ba="1,2" sc="267,15,234,-15,355,-15,124,15" hai0="6,11,12,13,19,59,62,66,74,76,83,133,134" hai3="14,18,22,23,24,25,28,31,35,124,126,127,135" /><INIT seed="6,2,2,5,4,114" ten="282,219,340,139" oya="2" hai0="32,12,19,79,23,7,90,78,1,2,48,125,120" hai1="122,129,72,26,101,71,17,109,29,80,8,92,131" hai2="52,4,55,63,33,21,73,94,61,124,67,51,53" hai3="0,43,116,105,59,91,82,83,132,39,117,24,121"/><V103/><F73/><W99/><G0/><T31/><D120/><U44/><E109/><V108/><F33/><W16/><G43/><T45/><D125/><U25/><E71/><V62/><F124/><W66/><G39/><T58/><D58/><U81/><E122/><V37/><F37/><W56/><G121/><T28/><D1/><U5/><E17/><V128/><F128/><N who="1" m="49225" /><E44/><N who="2" m="27751" /><F4/><W110/><G110/><T118/><D118/><N who="3" m="45673" /><G66/><T27/><D31/><U9/><E26/><V77/><F77/><W93/><G59/><T102/><D90/><U87/><E72/><V14/><F67/><W97/><G56/><T15/><D102/><U98/><E87/><V123/><F123/><W126/><G126/><T57/><D15/><N who="1" m="5519" /><E9/><V36/><F36/><W18/><G18/><T6/><D57/><U111/><E111/><V10/><F21/><AGARI ba="2,2" hai="21,25,29,80,81,92,98,101" m="5519,49225" machi="21" ten="30,1000,0" yaku="19,1" doraHai="114" who="1" fromWho="2" sc="282,0,219,36,340,-16,139,0" /><INIT seed="7,0,0,1,1,42" ten="282,255,324,139" oya="3" hai0="95,56,72,107,96,30,2,69,109,67,114,64,82" hai1="76,128,129,45,135,83,86,88,21,23,41,104,80" hai2="17,131,18,70,98,102,10,91,28,13,84,108,71" hai3="66,11,38,55,85,113,35,65,50,116,121,47,26"/><W77/><G121/><T51/><D109/><U15/><E104/><V58/><F108/><W100/><G116/><T132/><D107/><U93/><E135/><V124/><F124/><W25/><G113/><T32/><D2/><U37/><E15/><V1/><F1/><W117/><G117/><T75/><D132/><U133/><E133/><V126/><F126/><W97/><G38/><T0/><D0/><U125/><E125/><V33/><F131/><N who="1" m="50249" /><E83/><V12/><F58/><W118/><G118/><T5/><D5/><U14/><E14/><V49/><F49/><W115/><G115/><T57/><D69/><U111/><E111/><V31/><F33/><W122/><G122/><T130/><D130/><U20/><E20/><N who="2" m="11303" /><F71/><W87/><G11/><T27/><D114/><U120/><E120/><V29/><F70/><W43/><G43/><T90/><D82/><U3/><E3/><V123/><F123/><W134/><G134/><T34/><D34/><U52/><E52/><V8/><F8/><W112/><G112/><T60/><D51/><U40/><E41/><V61/><F61/><AGARI ba="0,0" hai="27,30,32,56,57,60,61,64,67,72,75,90,95,96" machi="61" ten="40,1300,0" yaku="9,1" doraHai="42" who="0" fromWho="2" sc="282,13,255,0,324,-13,139,0" owari="295,10.0,255,-14.0,311,40.0,139,-36.0" /></mjloggm>