<mjloggm ver="2.3"><GO type="41" lobby="0"/><UN n0="%6D%65%6B%69%72%6F" n1="%45%76%65%72%68%79%68%6D" n2="%E7%94%B7%E5%B1%B1" n3="%E5%B0%B1%E6%B4%BB%E7%94%9F%40%E5%B7%9D%E6%9D%91%E8%BB%8D%E5%9B%A3" dan="15,15,15,16" rate="1986.05,1975.52,2045.40,2121.33" sx="M,M,M,M"/><TAIKYOKU oya="0"/><INIT seed="0,0,0,1,3,49" ten="250,250,250,250" oya="0" hai0="89,24,125,134,52,68,117,115,47,70,54,56,55" hai1="31,57,53,121,98,25,112,22,90,51,76,4,79" hai2="97,116,61,74,118,100,67,63,109,26,66,40,14" hai3="95,94,13,35,124,17,19,65,16,42,6,18,114"/><T50/><D115/><U34/><E121/><V122/><F74/><W30/><G114/><T119/><D134/><U88/><E112/><V41/><F122/><W73/><G73/><T75/><D75/><U103/><E4/><V91/><F91/><N who="1" m="34857" /><E34/><V48/><F109/><W9/><G124/><T1/><D1/><U120/><E120/><V8/><F26/><W92/><G42/><N who="2" m="16489" /><F48/><W23/><G65/><N who="2" m="24585" /><F97/><W21/><G35/><T69/><D125/><U104/><E104/><V129/><F100/><W45/><G45/><T113/><D113/><U15/><E98/><V99/><F99/><W43/><G43/><N who="0" m="24959" /><D24/><U93/><E93/><V32/><F32/><W2/><REACH who="3" step="1"/><G30/><REACH who="3" ten="250,250,250,240" step="2"/><T127/><D127/><U135/><E31/><V20/><F118/><N who="0" m="45066" /><D89/><U108/><E108/><V102/><F116/><W0/><G0/><T81/><D81/><U123/><E123/><V59/><F102/><W87/><G87/><T132/><D132/><U39/><E103/><V5/><F129/><W36/><G36/><T46/><D46/><U78/><E39/><V126/><F126/><W83/><G83/><T107/><D107/><U128/><E135/><V44/><F44/><W106/><G106/><T85/><D85/><U7/><E128/><V84/><F84/><W10/><AGARI ba="0,1" hai="2,6,9,10,13,16,17,18,19,21,23,92,94,95" machi="10" ten="40,5200,0" yaku="1,1,0,1,54,1,53,0" doraHai="49" doraHaiUra="62" who="3" fromWho="3" sc="250,-26,250,-13,250,-13,240,62" /><INIT seed="1,0,0,2,0,7" ten="224,237,237,302" oya="1" hai0="57,95,19,6,116,99,14,87,42,83,63,107,28" hai1="37,60,70,103,93,79,32,24,118,35,18,69,127" hai2="124,13,98,126,84,21,68,117,113,129,54,67,89" hai3="34,49,65,75,109,112,88,106,53,72,62,85,47"/><U73/><E118/><V64/><F117/><W77/><G34/><T119/><D107/><U36/><E79/><V3/><F3/><W46/><G106/><T108/><D6/><U81/><E73/><V102/><F129/><W58/><G112/><T8/><D42/><U43/><E81/><V115/><F54/><W131/><G131/><T10/><D28/><U114/><E114/><N who="2" m="43531" /><F21/><W90/><G109/><T16/><D108/><U50/><E127/><N who="2" m="48683" /><F68/><W5/><G5/><T61/><D19/><U48/><E43/><V120/><F120/><W132/><G132/><T91/><D10/><U15/><E18/><V51/><F51/><W74/><REACH who="3" step="1"/><G46/><REACH who="3" ten="224,237,237,292" step="2"/><T52/><REACH who="0" step="1"/><D61/><REACH who="0" ten="214,237,237,292" step="2"/><U71/><E60/><V26/><F26/><W22/><G22/><T96/><D96/><U125/><E24/><V66/><F98/><W40/><G40/><T30/><D30/><U29/><E29/><V20/><F20/><W80/><AGARI ba="0,2" hai="47,49,53,58,62,65,72,74,75,77,80,85,88,90" machi="80" ten="40,5200,0" yaku="1,1,0,1,54,1,53,0" doraHai="7" doraHaiUra="39" who="3" fromWho="3" sc="214,-13,237,-26,237,-13,292,72" /><INIT seed="2,0,0,0,3,98" ten="201,211,224,364" oya="2" hai0="122,91,74,56,112,94,104,78,14,8,102,49,132" hai1="81,5,23,134,15,21,71,44,6,69,93,42,107" hai2="13,52,67,125,47,115,33,28,120,68,11,46,113" hai3="4,12,60,119,75,88,16,135,116,99,114,7,70"/><V66/><F120/><W3/><G75/><T64/><D122/><U79/><E107/><V77/><F125/><W130/><G114/><T62/><D112/><U58/><E134/><V57/><F113/><W85/><G135/><T61/><D132/><U31/><E58/><V32/><F115/><W27/><G130/><T110/><D110/><U18/><E71/><V41/><F77/><W92/><G27/><T29/><D29/><U26/><E69/><V126/><F126/><W73/><G73/><T48/><D74/><U35/><E35/><V24/><F33/><W100/><G3/><T86/><D78/><U1/><E1/><V63/><F68/><W106/><G119/><T76/><D76/><U30/><E30/><V131/><F131/><W10/><REACH who="3" step="1"/><G116/><REACH who="3" ten="201,211,224,354" step="2"/><T55/><D64/><AGARI ba="0,1" hai="4,7,10,12,16,60,64,70,85,88,92,99,100,106" machi="64" ten="40,8000,1" yaku="1,1,2,1,52,1,54,2,53,0" doraHai="98" doraHaiUra="39" who="3" fromWho="0" sc="201,-80,211,0,224,0,354,90" /><INIT seed="3,0,0,0,1,50" ten="121,211,224,444" oya="3" hai0="4,72,8,54,85,117,44,101,95,122,62,71,60" hai1="125,18,115,76,96,120,99,17,75,55,123,27,32" hai2="51,5,3,9,39,106,89,1,130,84,64,61,133" hai3="43,13,56,116,121,81,26,74,67,97,114,42,59"/><W98/><G114/><T134/><D72/><U126/><E115/><V92/><F106/><W29/><G121/><T70/><D117/><U38/><E38/><V113/><F113/><W12/><G116/><T65/><D122/><U22/><E120/><V35/><F35/><W20/><G74/><T78/><D134/><U129/><E123/><V132/><F130/><W58/><G67/><T108/><D108/><U7/><E7/><V83/><F39/><W19/><G81/><T24/><D24/><U31/><E129/><V86/><F51/><W41/><REACH who="3" step="1"/><G13/><REACH who="3" ten="121,211,224,434" step="2"/><N who="0" m="5255" /><D65/><U100/><E75/><V79/><REACH who="2" step="1"/><F1/><REACH who="2" ten="121,211,214,434" step="2"/><W21/><AGARI ba="0,2" hai="12,19,20,21,26,29,41,42,43,56,58,59,97,98" machi="21" ten="30,6000,0" yaku="1,1,0,1,8,1,53,0" doraHai="50" doraHaiUra="40" who="3" fromWho="3" sc="121,-20,211,-20,214,-20,434,80" /><INIT seed="3,1,0,3,5,38" ten="101,191,194,514" oya="3" hai0="64,74,94,97,98,135,55,58,25,92,1,3,24" hai1="103,28,29,96,99,102,13,46,83,42,67,71,107" hai2="26,90,63,105,52,108,76,11,78,17,123,125,30" hai3="132,112,126,121,79,110,50,37,40,27,53,106,31"/><W0/><G79/><T81/><D64/><U77/><E13/><N who="2" m="7359" /><F105/><W65/><G27/><T49/><D135/><U56/><E71/><V32/><F32/><W128/><G31/><T36/><D36/><U69/><E69/><V118/><F108/><W21/><G21/><T45/><D74/><U59/><E59/><N who="2" m="35303" /><F118/><W119/><G65/><T117/><D81/><U104/><E56/><V20/><F125/><W89/><G89/><T120/><D117/><U82/><E67/><V73/><F73/><W39/><G53/><T10/><D120/><U2/><E2/><V6/><F123/><W12/><G50/><T133/><D133/><U9/><E9/><V41/><F6/><W62/><G62/><T113/><D113/><U122/><E122/><V68/><F68/><W127/><G12/><T109/><D109/><U47/><E77/><V111/><F111/><W5/><G5/><T22/><D3/><U14/><E14/><V100/><F100/><W85/><G85/><T16/><D25/><U116/><E116/><V51/><F90/><W57/><G57/><T15/><D58/><U43/><AGARI ba="1,0" hai="28,29,42,43,46,47,82,83,96,99,102,103,104,107" machi="43" ten="25,8000,1" yaku="0,1,22,2,52,2" doraHai="38" who="1" fromWho="1" sc="101,-21,191,83,194,-21,514,-41" /><INIT seed="4,0,0,3,4,6" ten="80,274,173,473" oya="0" hai0="65,128,112,19,27,116,9,90,71,97,2,53,4" hai1="109,33,99,121,24,81,51,113,14,49,37,122,133" hai2="52,17,41,130,75,66,38,28,32,135,134,68,74" hai3="43,16,85,20,63,94,59,118,123,124,77,125,104"/><T78/><D116/><U50/><E109/><V103/><F130/><W69/><G104/><T129/><D112/><U25/><E37/><V45/><F103/><W79/><G69/><T22/><D78/><U46/><E133/><N who="2" m="50699" /><F28/><W83/><G43/><T47/><D65/><U36/><E99/><V131/><F32/><W23/><G23/><T72/><D72/><U0/><E14/><V10/><F131/><N who="0" m="50250" /><D71/><U31/><E81/><V105/><F105/><W34/><G34/><T57/><D47/><U55/><E0/><V73/><F66/><W120/><G118/><T26/><D97/><U18/><E113/><V107/><F68/><W11/><G79/><T100/><D100/><U21/><E36/><V12/><F107/><W44/><G44/><T108/><D90/><U3/><E3/><V7/><F7/><W67/><G94/><T95/><D108/><U1/><E1/><V115/><F115/><W98/><G98/><T42/><D95/><U56/><REACH who="1" step="1"/><E46/><REACH who="1" ten="80,264,173,473" step="2"/><V84/><F84/><W132/><G132/><T119/><D119/><U35/><E35/><V29/><F29/><W15/><G20/><T60/><D42/><U64/><E64/><V5/><F17/><W126/><AGARI ba="0,1" hai="11,15,16,59,63,67,77,83,85,120,123,124,125,126" machi="126" ten="40,8000,1" yaku="0,1,18,1,52,1,54,1" doraHai="6" who="3" fromWho="3" sc="80,-40,264,-20,173,-20,473,90" /><INIT seed="5,0,0,0,2,3" ten="40,244,153,563" oya="1" hai0="59,134,103,38,100,76,44,82,5,55,39,135,42" hai1="118,129,92,29,88,108,68,52,48,36,12,87,8" hai2="77,27,26,86,127,94,50,33,85,4,131,31,113" hai3="96,22,16,62,130,1,79,84,99,18,65,21,73"/><U123/><E123/><V51/><F127/><W61/><G1/><T63/><D39/><U60/><E118/><V106/><F106/><W111/><G73/><T9/><D134/><U91/><E129/><V97/><F131/><W30/><G111/><T41/><D41/><U112/><E36/><V54/><F113/><W75/><G75/><T19/><D19/><U15/><E108/><V95/><F77/><W64/><G130/><T45/><D45/><U90/><E29/><V6/><F33/><W7/><G7/><N who="2" m="2601" /><F51/><W58/><G30/><T35/><D35/><U25/><E112/><V104/><F104/><W49/><G49/><T126/><D126/><U81/><E48/><V109/><F109/><W56/><G84/><N who="2" m="32361" /><F31/><W34/><G34/><T13/><REACH who="0" step="1"/><D135/><REACH who="0" ten="30,244,153,563" step="2"/><U101/><E87/><AGARI ba="0,1" hai="5,9,13,38,42,44,55,59,63,76,82,87,100,103" machi="87" ten="30,7700,0" yaku="1,1,2,1,7,1,52,1,53,0" doraHai="3" doraHaiUra="107" who="0" fromWho="1" sc="30,87,244,-77,153,0,563,0" /><INIT seed="6,0,0,1,2,104" ten="117,167,153,563" oya="2" hai0="23,76,90,16,113,26,112,62,1,49,37,41,6" hai1="52,92,103,132,11,91,29,118,28,101,81,74,94" hai2="78,7,134,40,20,114,98,10,14,47,57,82,38" hai3="69,96,89,65,97,0,55,43,110,131,39,45,12"/><V31/><F134/><W5/><G110/><T133/><D133/><U129/><E132/><V122/><F122/><W63/><G131/><T93/><D49/><U115/><E118/><V87/><F114/><N who="0" m="44138" /><D62/><U19/><E115/><V116/><F116/><W95/><G0/><T77/><D6/><U60/><E74/><V24/><F57/><W100/><G55/><T36/><D1/><U2/><E81/><V4/><REACH who="2" step="1"/><F98/><REACH who="2" ten="117,167,143,563" step="2"/><W15/><G5/><AGARI ba="0,1" hai="4,5,7,10,14,20,24,31,38,40,47,78,82,87" machi="5" ten="30,5800,0" yaku="1,1,2,1,7,1,53,0" doraHai="104" doraHaiUra="33" who="2" fromWho="3" sc="117,0,167,0,143,68,563,-58" /><INIT seed="6,1,0,4,5,38" ten="117,167,211,505" oya="2" hai0="48,85,1,99,51,34,41,91,108,60,36,29,40" hai1="45,94,113,62,64,28,75,78,95,4,32,59,82" hai2="39,61,130,26,104,22,88,127,33,27,9,100,123" hai3="12,74,46,25,73,21,134,54,128,2,126,93,52"/><V80/><F123/><W109/><G109/><T8/><D108/><U65/><E4/><V116/><F116/><W112/><G2/><T6/><D36/><U37/><E65/><V124/><F130/><W19/><G128/><T11/><D11/><U121/><E113/><V115/><F115/><W69/><G69/><T96/><D60/><U90/><E121/><V68/><F39/><W15/><G112/><T106/><D29/><U111/><E111/><V92/><F33/><W49/><G126/><N who="2" m="48169" /><F9/><W16/><G134/><T0/><D34/><U125/><E125/><V42/><F42/><N who="3" m="24791" /><G73/><T81/><D0/><U23/><E90/><V87/><F104/><W135/><G74/><T13/><D1/><U83/><E83/><V57/><F68/><W110/><G110/><T30/><D30/><U67/><E32/><V3/><F3/><W84/><G135/><T103/><D51/><U56/><E28/><V114/><F114/><W118/><G118/><T31/><D31/><U63/><E23/><V76/><F100/><W18/><G93/><T43/><D48/><U102/><E102/><V7/><F7/><W71/><G71/><T24/><REACH who="0" step="1"/><D99/><REACH who="0" ten="107,167,211,505" step="2"/><U70/><E37/><V66/><F22/><W101/><G21/><T117/><D117/><U50/><E70/><V89/><F89/><W44/><G44/><T98/><D98/><AGARI ba="1,1" hai="26,27,57,61,66,76,80,87,88,92,98" m="48169" machi="98" ten="30,2900,0" yaku="18,1,54,1" doraHai="38" who="2" fromWho="0" sc="107,-32,167,0,211,42,505,0" /><INIT seed="6,2,0,1,2,7" ten="75,167,253,505" oya="2" hai0="107,48,71,116,124,74,66,123,110,64,19,49,65" hai1="102,118,12,3,5,47,96,29,69,132,134,120,31" hai2="26,91,46,33,129,81,84,9,111,75,23,37,128" hai3="94,53,52,130,112,105,79,51,119,16,78,6,106"/><V35/><F111/><W59/><G6/><T20/><D74/><U133/><E118/><V68/><F75/><W43/><G119/><T126/><D107/><N who="1" m="63943" /><E69/><V97/><F68/><W99/><G106/><T4/><D4/><U54/><E3/><V127/><F127/><N who="0" m="48682" /><D116/><U45/><E120/><V15/><F97/><W92/><G105/><T72/><D72/><U131/><E131/><N who="2" m="50251" /><F46/><N who="1" m="17417" /><E54/><V0/><F0/><W115/><G43/><T73/><D73/><U18/><E5/><N who="2" m="3503" /><F37/><W42/><G42/><T24/><D123/><U2/><E2/><V101/><F101/><W82/><G130/><T32/><D110/><U122/><E122/><V56/><F56/><W25/><G112/><T60/><D32/><U17/><E17/><AGARI ba="2,0" hai="17,23,26,33,35,81,84,91" m="3503,50251" machi="17" ten="30,2900,0" yaku="19,1,52,1" doraHai="7" who="2" fromWho="1" sc="75,0,167,-35,253,35,505,0" /><INIT seed="6,3,0,3,0,57" ten="75,132,288,505" oya="2" hai0="24,134,60,110,82,97,32,47,100,104,96,2,55" hai1="127,18,65,13,126,50,115,118,89,6,76,135,119" hai2="15,112,0,30,56,95,109,53,93,71,88,133,129" hai3="114,38,9,48,17,44,116,7,91,84,87,28,27"/><V10/><F112/><W34/><G116/><T74/><D110/><U121/><E115/><V62/><F129/><W8/><G114/><T67/><D2/><U68/><E135/><V22/><F133/><W123/><G38/><T51/><D134/><U20/><E121/><V102/><F109/><W77/><G123/><T41/><D96/><U14/><E76/><V132/><F132/><W113/><G113/><T16/><D82/><U78/><E78/><V43/><F0/><W36/><G36/><T101/><D101/><U125/><E89/><V79/><F79/><W35/><G35/><T94/><D74/><U4/><E50/><V19/><F71/><W99/><G99/><T63/><D67/><U26/><E65/><V25/><F43/><W29/><G29/><T52/><D104/><U45/><E45/><V3/><F3/><W1/><G77/><T39/><D32/><U120/><E68/><V83/><F102/><W70/><G70/><T66/><D66/><U117/><E120/><V86/><AGARI ba="3,0" hai="10,15,19,22,25,30,53,56,62,83,86,88,93,95" machi="86" ten="30,11700,0" yaku="0,1,8,1,52,1,54,1" doraHai="57" who="2" fromWho="2" sc="75,-42,132,-42,288,126,505,-42" /><INIT seed="6,4,0,5,2,135" ten="33,90,414,463" oya="2" hai0="64,35,20,60,70,93,134,85,128,67,65,126,42" hai1="107,72,100,133,4,86,110,102,89,90,96,2,116" hai2="80,69,14,99,127,132,123,77,13,76,41,56,40" hai3="83,74,37,81,125,33,52,49,24,45,106,22,15"/><V39/><F123/><W75/><G125/><T19/><D35/><U58/><E110/><V29/><F69/><W44/><G106/><T113/><D134/><U129/><E133/><V73/><F132/><W21/><G33/><T118/><D113/><U34/><E34/><V18/><F127/><W84/><G75/><T6/><D126/><U111/><E111/><V3/><F3/><W115/><G115/><T122/><D122/><U105/><E129/><V38/><F29/><N who="3" m="17551" /><G74/><T91/><D128/><U108/><E116/><V8/><F39/><W97/><G37/><T50/><D118/><U79/><E58/><V7/><F38/><W54/><G97/><T95/><D6/><U103/><E4/><V11/><F77/><N who="3" m="46127" /><G83/><T51/><D95/><N who="1" m="56431" /><E2/><V109/><F109/><W63/><G63/><T112/><D112/><U17/><E17/><V92/><F56/><N who="3" m="32783" /><G54/><T94/><D94/><N who="1" m="54615" /><E108/><V55/><REACH who="2" step="1"/><F55/><REACH who="2" ten="33,90,404,463" step="2"/><W82/><G82/><AGARI ba="4,1" hai="72,79,82,100,102,103,105,107" m="54615,56431" machi="82" ten="30,8000,1" yaku="35,5" doraHai="135" who="1" fromWho="3" sc="33,0,90,102,404,0,463,-92" /><INIT seed="7,0,0,2,0,35" ten="33,192,404,371" oya="3" hai0="24,23,104,119,81,93,98,131,88,59,107,85,18" hai1="72,80,96,129,21,30,6,55,65,133,124,120,45" hai2="125,82,89,11,103,118,122,42,20,112,127,64,38" hai3="67,50,126,111,60,3,49,123,128,79,0,66,29"/><W84/><G123/><T12/><D131/><U100/><E120/><V7/><F118/><W46/><G128/><T36/><D119/><U63/><E129/><V114/><F122/><W26/><G126/><N who="2" m="48137" /><F103/><W22/><G111/><T62/><D36/><U108/><E55/><V53/><F64/><W39/><G39/><T69/><D69/><U78/><E6/><V97/><F53/><W51/><G46/><T94/><D107/><U15/><E45/><N who="2" m="23767" /><F20/><W27/><G27/><T130/><D130/><U70/><E133/><V105/><F105/><W47/><G47/><T73/><D73/><U115/><E108/><V41/><F41/><W57/><REACH who="3" step="1"/><G66/><REACH who="3" ten="33,192,404,361" step="2"/><T37/><D37/><U33/><E124/><V74/><F74/><W106/><G106/><T2/><D104/><U32/><E115/><V113/><F113/><W58/><G58/><T28/><D2/><U90/><E65/><V44/><F44/><W92/><G92/><T109/><D109/><U8/><E70/><V116/><F116/><W14/><G14/><T102/><D94/><U34/><E15/><N who="2" m="5631" /><F82/><AGARI ba="0,1" hai="0,3,22,26,29,49,50,51,57,60,67,79,82,84" machi="82" ten="40,7700,0" yaku="1,1,52,2,53,0" doraHai="35" doraHaiUra="1" who="3" fromWho="2" sc="33,0,192,0,404,-77,361,87" owari="33,-47.0,192,-21.0,327,13.0,448,55.0" /></mjloggm>