<mjloggm ver="2.3"><GO type="169" lobby="0"/><UN n0="%E5%86%A5%E5%9C%9F%E3%81%AE%E3%83%AF%E3%83%8B%E8%94%B5" n1="%E5%A4%AA%E3%81%8F%E3%81%AA%E3%81%84%E3%81%8A" n2="%E3%82%A6%E3%83%AB%E3%83%88%E3%83%A9%E7%AB%8B%E7%9B%B4" n3="%E7%94%9F%E8%82%89%E3%81%A7%E3%81%99%E3%82%88" dan="16,18,17,16" rate="2052.29,2203.95,2129.35,2132.66" sx="M,M,M,M"/><TAIKYOKU oya="0"/><INIT seed="0,0,0,4,3,128" ten="250,250,250,250" oya="0" hai0="5,69,63,124,48,39,70,21,13,8,113,122,12" hai1="34,108,97,15,24,37,53,0,60,98,114,117,84" hai2="115,81,77,88,92,87,111,35,109,100,89,116,121" hai3="52,123,59,95,27,32,18,93,133,31,40,54,10"/><T58/><D113/><U83/><E0/><V131/><F35/><W6/><G123/><T64/><D122/><U7/><E117/><V129/><F121/><W51/><G133/><T26/><D124/><U46/><E114/><V49/><F49/><W66/><G66/><T105/><D39/><U72/><E72/><V14/><F14/><W91/><G40/><T112/><D112/><U94/><E108/><N who="2" m="41547" /><F116/><W103/><G103/><T107/><D13/><U55/><E34/><V104/><F115/><W42/><G42/><T33/><D33/><U71/><E24/><V41/><F41/><W118/><G118/><T62/><D48/><U61/><E37/><V56/><F56/><W120/><G120/><T43/><D43/><U17/><E7/><V9/><F9/><W76/><G76/><T23/><D23/><U28/><E28/><V11/><F11/><W44/><G18/><T25/><D25/><U85/><E71/><V19/><F19/><W79/><G79/><T106/><REACH who="0" step="1"/><D63/><REACH who="0" ten="240,250,250,250" step="2"/><U4/><E61/><V50/><F50/><W130/><G51/><T132/><D132/><U73/><E60/><V20/><F20/><W47/><G32/><T57/><D57/><U3/><E15/><V30/><F30/><AGARI ba="0,1" hai="5,8,12,21,26,30,58,62,64,69,70,105,106,107" machi="30" ten="40,2000,0" yaku="1,1,53,0" doraHai="128" doraHaiUra="126" who="0" fromWho="2" sc="240,30,250,0,250,-20,250,0" /><INIT seed="0,1,0,0,5,13" ten="270,250,230,250" oya="0" hai0="131,101,119,117,56,3,113,60,123,30,121,84,85" hai1="125,25,9,67,20,77,6,116,69,53,132,88,68" hai2="50,18,34,28,111,43,44,37,39,122,96,78,91" hai3="21,1,104,108,19,49,41,89,93,2,58,106,115"/><T112/><D3/><U63/><E116/><N who="0" m="44617" /><D30/><U23/><E77/><V129/><F122/><N who="0" m="46602" /><D101/><U120/><E120/><V62/><F28/><W17/><G106/><T10/><D10/><U82/><E69/><V5/><F129/><W81/><G104/><T71/><D85/><U105/><E105/><V109/><F78/><W103/><G1/><T61/><D84/><U87/><E125/><V76/><F76/><W98/><G2/><T100/><D100/><U99/><E99/><V102/><F5/><W73/><G81/><T75/><D75/><U124/><E124/><V15/><F91/><W130/><G73/><T55/><D131/><U32/><E32/><V79/><F62/><W86/><G130/><T134/><D134/><U110/><E132/><V83/><F34/><W70/><G103/><T54/><D54/><U14/><E53/><V45/><F83/><W107/><G86/><T7/><D7/><U114/><E23/><V38/><F79/><W72/><G107/><T97/><D97/><U24/><E20/><N who="2" m="11359" /><F96/><W135/><G98/><T46/><D46/><U31/><E31/><V47/><F102/><W40/><G135/><T74/><D74/><U42/><E82/><V128/><F128/><W95/><G72/><T0/><D0/><U12/><E87/><V90/><F90/><W65/><G89/><T26/><D26/><U4/><E88/><V52/><F47/><W94/><G93/><T27/><D27/><U51/><E4/><V33/><F33/><W127/><G94/><T59/><D71/><U80/><E6/><V118/><F118/><W11/><G70/><RYUUKYOKU ba="1,0" sc="270,15,250,-15,230,15,250,-15" hai0="55,56,59,60,61,112,113" hai2="37,38,39,43,44,45,50,52,109,111" /><INIT seed="0,2,0,2,5,97" ten="285,235,245,235" oya="0" hai0="31,48,39,77,119,47,128,121,68,41,29,62,110" hai1="76,66,89,36,111,134,124,53,64,96,115,108,44" hai2="84,113,14,9,86,118,6,69,60,120,7,98,21" hai3="133,106,20,45,72,123,135,80,59,130,49,25,74"/><T75/><D119/><U15/><E134/><N who="3" m="51210" /><G106/><T50/><D121/><U70/><E124/><V87/><F118/><W42/><G130/><T26/><D128/><U34/><E34/><V12/><F113/><W28/><G123/><T8/><D110/><N who="1" m="42027" /><E115/><V22/><F120/><W93/><G80/><T17/><D31/><U4/><E76/><V19/><F69/><W23/><G23/><T83/><D17/><U131/><E70/><V85/><N who="2" m="21504" /><DORA hai="112" /><V43/><F43/><W58/><G93/><T91/><D91/><U90/><E131/><V109/><F109/><W1/><G1/><T24/><D8/><N who="1" m="4487" /><E53/><V122/><F122/><W40/><G40/><T16/><D16/><U129/><E129/><V27/><F6/><W0/><G0/><T46/><D29/><U117/><E117/><V88/><F60/><W2/><G2/><T94/><D94/><N who="1" m="56399" /><E90/><V100/><F88/><W35/><G35/><T37/><D24/><U114/><E114/><V82/><F82/><W56/><AGARI ba="2,0" hai="20,25,28,42,45,49,56,58,59,72,74" m="51210" machi="56" ten="30,1100,0" yaku="20,1" doraHai="97,112" who="3" fromWho="3" sc="285,-7,235,-5,245,-5,235,17" /><INIT seed="1,0,0,1,3,73" ten="278,230,240,252" oya="1" hai0="59,0,5,3,4,47,132,16,99,7,121,19,125" hai1="110,124,8,122,70,128,109,103,74,68,62,92,17" hai2="45,12,97,24,129,96,46,51,2,77,131,54,34" hai3="28,63,31,83,130,11,90,26,84,50,116,123,72"/><U60/><E122/><V13/><F2/><W75/><G123/><T57/><D125/><U49/><E74/><V89/><F89/><W69/><G116/><T117/><D117/><U134/><E124/><V20/><F34/><W52/><G130/><N who="2" m="49673" /><F46/><W37/><G37/><T18/><D132/><U36/><E36/><V27/><F27/><W61/><G31/><T65/><D121/><U133/><E128/><V113/><F77/><W88/><G90/><T15/><D15/><N who="2" m="5706" /><F113/><W118/><G118/><T127/><D127/><U33/><E33/><V66/><F66/><W38/><G38/><T40/><D99/><N who="1" m="59879" /><E17/><AGARI ba="0,0" hai="17,20,24,45,51,54,96,97" m="5706,49673" machi="17" ten="30,1000,0" yaku="19,1" doraHai="73" who="2" fromWho="1" sc="278,0,230,-10,240,10,252,0" /><INIT seed="2,0,0,0,4,22" ten="278,220,250,252" oya="2" hai0="86,107,90,42,55,16,84,21,122,73,128,39,18" hai1="9,27,133,104,91,83,23,56,119,126,6,135,54" hai2="118,113,129,120,58,32,0,112,134,19,82,37,106" hai3="25,15,35,46,52,71,124,41,10,13,117,78,11"/><V67/><RYUUKYOKU type="yao9" ba="0,0" sc="278,0,220,0,250,0,252,0" hai2="0,19,32,37,58,67,82,106,112,113,118,120,129,134" /><INIT seed="2,1,0,0,5,81" ten="278,220,250,252" oya="2" hai0="34,28,49,103,18,35,120,126,30,79,0,111,52" hai1="25,76,94,43,64,3,9,132,11,63,124,51,104" hai2="93,40,69,128,31,133,38,7,68,117,88,6,87" hai3="29,122,66,96,130,70,77,14,2,5,50,116,57"/><V110/><F117/><W19/><G116/><T24/><D120/><U82/><E104/><V90/><F128/><W27/><G70/><T118/><D118/><U97/><E124/><V112/><F112/><W13/><G13/><T46/><D0/><U48/><E132/><V115/><F115/><W108/><G96/><T85/><D126/><U113/><E113/><V75/><F75/><W53/><G77/><T134/><D134/><U72/><E25/><V99/><F133/><W109/><G66/><T131/><D131/><U41/><E51/><V44/><F110/><W135/><G135/><T1/><D1/><U74/><E74/><V101/><F31/><W15/><G122/><T20/><D103/><U89/><E48/><V106/><REACH who="2" step="1"/><F90/><REACH who="2" ten="278,220,240,252" step="2"/><W4/><G109/><T47/><D111/><U71/><E72/><V83/><F83/><W45/><G108/><T17/><D30/><U86/><REACH who="1" step="1"/><E3/><REACH who="1" ten="278,210,240,252" step="2"/><V102/><F102/><W91/><G2/><T67/><D28/><U62/><E62/><V119/><F119/><W8/><G130/><T127/><D127/><U36/><E36/><V65/><F65/><W12/><G29/><T78/><D67/><U23/><E23/><V10/><F10/><AGARI ba="1,2" hai="9,10,11,41,43,63,64,71,76,82,86,89,94,97" machi="10" ten="40,2600,0" yaku="1,1,52,1,53,0" doraHai="81" doraHaiUra="21" who="1" fromWho="2" sc="278,0,210,49,240,-29,252,0" /><INIT seed="3,0,0,1,4,109" ten="278,259,211,252" oya="3" hai0="80,0,40,52,101,97,55,122,31,78,125,134,73" hai1="135,124,82,70,128,112,63,19,34,6,9,104,117" hai2="85,79,28,39,23,17,84,38,77,4,50,64,62" hai3="51,108,90,2,37,131,25,12,66,22,21,106,83"/><W43/><G106/><T10/><D122/><U44/><E104/><V102/><F4/><W88/><G108/><T54/><D125/><U107/><E107/><V61/><F102/><W20/><G2/><T113/><D113/><U1/><E34/><V35/><F28/><W75/><G37/><T87/><D134/><U58/><E70/><V8/><F35/><W69/><G131/><T24/><D40/><U105/><E105/><V47/><F8/><W119/><G119/><T76/><D101/><U57/><E135/><V36/><F79/><W26/><G75/><T29/><D97/><U32/><E32/><V115/><F115/><W92/><G69/><T129/><D129/><U121/><E121/><V116/><F116/><W27/><G66/><T13/><D0/><U100/><E117/><V48/><F48/><W103/><G12/><T126/><D126/><U46/><E124/><V14/><F77/><W68/><G68/><T114/><D114/><U130/><E112/><V72/><F72/><W123/><G83/><T7/><REACH who="0" step="1"/><D24/><REACH who="0" ten="268,259,211,252" step="2"/><U99/><E130/><V71/><REACH who="2" step="1"/><F61/><REACH who="2" ten="268,259,201,252" step="2"/><W5/><G123/><T120/><D120/><U49/><E128/><V65/><F65/><W41/><G5/><T33/><D33/><U42/><E1/><V110/><F110/><W96/><REACH who="3" step="1"/><G51/><REACH who="3" ten="268,259,201,242" step="2"/><T132/><D132/><U95/><E6/><V45/><F45/><W11/><G11/><T111/><D111/><U133/><E133/><V56/><F56/><N who="1" m="21609" /><E46/><V60/><F60/><W89/><AGARI ba="0,3" hai="20,21,22,25,26,27,41,43,88,89,90,92,96,103" machi="89" ten="40,18000,2" yaku="1,1,0,1,29,2,8,1,54,1,53,0" doraHai="109" doraHaiUra="74" who="3" fromWho="3" sc="268,-60,259,-60,201,-60,242,210" /><INIT seed="3,1,0,5,1,11" ten="208,199,141,452" oya="3" hai0="36,125,122,44,65,129,72,133,88,128,56,32,75" hai1="89,76,48,33,74,101,34,67,42,31,84,97,112" hai2="35,40,25,124,86,105,6,109,46,115,61,107,100" hai3="37,83,99,26,17,95,118,50,64,59,47,126,16"/><W57/><G118/><T18/><D32/><U30/><E112/><V103/><F115/><W63/><G37/><T79/><D122/><U2/><E2/><V85/><F124/><W130/><G130/><N who="0" m="50283" /><D125/><U12/><E67/><V29/><F109/><W41/><G83/><T117/><D133/><U116/><E116/><V8/><F61/><W52/><G26/><T123/><D123/><U93/><E33/><V98/><F103/><W134/><G134/><T24/><D79/><U45/><E34/><V114/><F114/><W53/><G126/><T135/><D135/><U14/><E76/><V106/><F86/><W94/><G94/><T78/><D78/><U69/><E69/><V1/><REACH who="2" step="1"/><F85/><REACH who="2" ten="208,199,131,452" step="2"/><W3/><G63/><N who="0" m="38119" /><D117/><U0/><E74/><V104/><F104/><W62/><G62/><T131/><D131/><U73/><E73/><V119/><F119/><W81/><G64/><T127/><D127/><U5/><E0/><V90/><F90/><W102/><G3/><T132/><D88/><U60/><E60/><V108/><F108/><W51/><G102/><T4/><D132/><U49/><E101/><V113/><F113/><W28/><G99/><T39/><D75/><U21/><E97/><V66/><F66/><W80/><G59/><T92/><D72/><U19/><E48/><AGARI ba="1,1" hai="1,6,8,25,29,35,40,46,48,98,100,105,106,107" machi="48" ten="30,2000,0" yaku="1,1,7,1,53,0" doraHai="11" doraHaiUra="68" who="2" fromWho="1" sc="208,0,199,-23,131,33,452,0" /><INIT seed="4,0,0,5,5,89" ten="208,176,164,452" oya="0" hai0="78,58,134,112,11,55,39,52,15,64,109,49,103" hai1="63,119,126,124,36,120,22,94,1,66,30,96,0" hai2="62,88,85,91,115,128,72,43,23,90,41,3,104" hai3="12,86,95,135,48,93,10,19,18,28,38,42,80"/><T69/><D39/><U113/><E119/><V71/><F3/><W111/><G38/><T9/><D112/><U84/><E120/><V54/><F72/><W65/><G111/><T129/><D109/><U44/><E84/><V110/><F104/><W92/><G65/><T45/><D103/><N who="1" m="60823" /><E113/><V108/><F115/><W77/><G135/><T5/><D134/><U56/><E36/><V125/><F71/><W117/><G117/><T121/><D121/><U122/><E122/><V8/><F125/><N who="1" m="48233" /><E44/><V47/><F128/><W32/><G32/><T26/><D129/><U33/><E33/><V118/><F118/><W17/><G28/><T82/><D69/><U46/><E46/><AGARI ba="0,0" hai="10,12,17,18,19,42,46,48,77,80,86,92,93,95" machi="46" ten="40,8000,1" yaku="8,1,52,3" doraHai="89" who="3" fromWho="1" sc="208,0,176,-80,164,0,452,80" /><INIT seed="5,0,0,5,5,64" ten="208,96,164,532" oya="1" hai0="68,85,110,69,32,5,97,30,65,78,129,102,67" hai1="53,16,63,76,89,91,42,37,33,127,72,103,108" hai2="87,56,55,95,134,90,131,126,35,100,109,128,25" hai3="83,1,120,81,71,14,66,49,104,15,12,22,21"/><U52/><E33/><V4/><F109/><W51/><G104/><T99/><D110/><U62/><E108/><V31/><F126/><W34/><G34/><T36/><D36/><U58/><E127/><V29/><F134/><W10/><G1/><T6/><D30/><U75/><E103/><V121/><F31/><W111/><G111/><T40/><D40/><U80/><E75/><V113/><F4/><W7/><G71/><N who="0" m="27211" /><D32/><U116/><E116/><V114/><F121/><W73/><G66/><N who="0" m="25099" /><D85/><U13/><E42/><V79/><F79/><W123/><G73/><T54/><D54/><U130/><E37/><V8/><F8/><W119/><G120/><T46/><D46/><U45/><E130/><N who="2" m="49707" /><F100/><W98/><G123/><T47/><D47/><U132/><E132/><V96/><F87/><W17/><G10/><T43/><D43/><U94/><E94/><V77/><F77/><W57/><G14/><T106/><D78/><U44/><E44/><V84/><F84/><W41/><G12/><T115/><D129/><U20/><REACH who="1" step="1"/><E45/><REACH who="1" ten="208,86,164,532" step="2"/><V105/><F105/><W0/><G41/><T93/><D93/><U101/><E101/><V50/><AGARI ba="0,1" hai="25,29,35,50,55,56,90,95,96,113,114" m="49707" machi="50" ten="30,1100,0" yaku="19,1" doraHai="64" who="2" fromWho="2" sc="208,-3,86,-5,164,21,532,-3" /><INIT seed="6,0,0,3,1,130" ten="205,81,185,529" oya="2" hai0="1,19,120,127,74,100,91,49,118,93,101,111,107" hai1="28,131,80,106,73,27,99,76,57,15,119,5,104" hai2="44,112,0,32,103,43,105,34,21,90,22,26,62" hai3="2,108,92,11,95,128,83,45,135,37,102,116,56"/><V79/><F0/><W16/><G95/><T17/><D74/><U75/><E119/><V40/><F103/><W69/><G92/><T126/><D120/><U41/><E131/><V89/><F105/><W66/><G56/><T70/><D70/><U132/><E73/><V52/><F79/><W59/><G59/><T31/><D111/><U53/><E41/><V85/><F112/><W58/><G58/><T30/><D1/><U114/><E114/><V42/><F62/><W117/><G16/><N who="0" m="6219" /><D49/><U4/><E99/><V9/><F9/><W71/><G83/><T23/><D107/><U8/><E5/><V38/><F38/><W78/><G102/><N who="0" m="39531" /><D23/><N who="2" m="8714" /><F32/><W65/><G69/><T96/><D118/><U67/><E67/><V88/><F26/><W84/><G71/><T72/><D72/><U129/><E129/><V124/><F124/><AGARI ba="0,0" hai="30,31,91,93,96,124,126,127" m="39531,6219" machi="124" ten="30,2000,0" yaku="18,1,54,1" doraHai="130" who="0" fromWho="2" sc="205,20,81,0,185,-20,529,0" /><INIT seed="7,0,0,3,3,130" ten="225,81,165,529" oya="3" hai0="53,55,45,12,135,83,85,30,95,1,122,26,13" hai1="89,48,54,94,52,65,104,27,113,118,56,69,50" hai2="106,9,114,39,129,93,6,3,16,74,111,60,132" hai3="72,98,29,11,86,75,59,42,19,46,71,70,100"/><W123/><G86/><T4/><D135/><U33/><E113/><V105/><F74/><W134/><G59/><T31/><D1/><U108/><E108/><V10/><F39/><W68/><G29/><N who="0" m="10763" /><D122/><U112/><E112/><V81/><F81/><W51/><G19/><T107/><D107/><U18/><E104/><V66/><F114/><W62/><G62/><T49/><D26/><U20/><E33/><V28/><F28/><W128/><G11/><N who="0" m="4199" /><D95/><U36/><E118/><V79/><F79/><W84/><G134/><T17/><D49/><U7/><E36/><V23/><F132/><W101/><G123/><T80/><D45/><U44/><E7/><V120/><F120/><W127/><G128/><T22/><D83/><U21/><E21/><V43/><F111/><W102/><G84/><T126/><D126/><U0/><E0/><V125/><F125/><W97/><G127/><T119/><D119/><U91/><E69/><V116/><F116/><W32/><G32/><T63/><D63/><U82/><E65/><V14/><F23/><W2/><G2/><T41/><D41/><U8/><E8/><V115/><F115/><W78/><G78/><AGARI ba="0,0" hai="13,17,22,53,55,78,80,85" m="4199,10763" machi="78" ten="30,1000,0" yaku="8,1" doraHai="130" who="0" fromWho="3" sc="225,10,81,0,165,0,529,-10" owari="235,4.0,81,-42.0,165,-23.0,519,61.0" /></mjloggm>