<mjloggm ver="2.3"><GO type="169" lobby="0"/><UN n0="%E9%AF%89%E3%81%AB%E6%81%8B" n1="%79%75%2D%2D%2D%2D%2D%75" n2="%E5%B0%B1%E6%B4%BB%E7%94%9F%40%E5%B7%9D%E6%9D%91%E8%BB%8D%E5%9B%A3" n3="%C2%B4%E3%83%BB%CF%89%E3%83%BB%29%79%EF%BC%8D%7E" dan="16,16,17,16" rate="2025.74,2119.92,2235.62,2093.28" sx="M,M,M,M"/><TAIKYOKU oya="0"/><INIT seed="0,0,0,0,0,30" ten="250,250,250,250" oya="0" hai0="114,49,12,38,78,81,22,112,125,58,118,56,8" hai1="43,82,80,108,119,3,25,0,52,27,121,132,77" hai2="41,101,47,10,124,103,29,15,18,111,104,55,39" hai3="74,53,129,102,63,42,36,68,89,127,60,105,35"/><T20/><D38/><U6/><E119/><V115/><F111/><W17/><G74/><T133/><D118/><U73/><E108/><V86/><F124/><W122/><G127/><T109/><D109/><U7/><E121/><V71/><F71/><W97/><G122/><T123/><D123/><U59/><E43/><V57/><F104/><W76/><G76/><T54/><D125/><U28/><E132/><V1/><F1/><W13/><G129/><T92/><D133/><U21/><E80/><V116/><F115/><W120/><G120/><T64/><D114/><U135/><E135/><V31/><F86/><W131/><G131/><T51/><D92/><U91/><E91/><V14/><F116/><W113/><G113/><T128/><D112/><U117/><E117/><V2/><F2/><W134/><G134/><T23/><D128/><U106/><E106/><V69/><F69/><W107/><G89/><T95/><D95/><U98/><E98/><V85/><F85/><W40/><G35/><T66/><D81/><U88/><E88/><V110/><F110/><W100/><G53/><N who="0" m="31791" /><D78/><U9/><E25/><V19/><F103/><W67/><G63/><T62/><D51/><N who="1" m="31135" /><E0/><V65/><F65/><W44/><G42/><T72/><D72/><U90/><E90/><V83/><F83/><W84/><G84/><T37/><D37/><U32/><E32/><V75/><F75/><W99/><G107/><T5/><AGARI ba="0,0" hai="5,8,12,20,22,23,54,58,62,64,66" m="31791" machi="5" ten="30,1500,0" yaku="8,1" doraHai="30" who="0" fromWho="0" sc="250,15,250,-5,250,-5,250,-5" /><INIT seed="0,1,0,3,1,120" ten="265,245,245,245" oya="0" hai0="126,62,119,7,103,76,94,135,5,99,74,52,128" hai1="51,111,24,0,17,58,9,34,87,86,90,85,20" hai2="69,48,64,134,88,93,10,1,56,107,116,47,82" hai3="21,32,112,95,92,22,61,132,75,28,6,124,15"/><T79/><D119/><U117/><E117/><V40/><F107/><W13/><G75/><T16/><D128/><U71/><E71/><V65/><F116/><W105/><G105/><T91/><D135/><U67/><E34/><V4/><F69/><W60/><G32/><T84/><D126/><U104/><E104/><V130/><F130/><W14/><G6/><N who="0" m="2059" /><D74/><U133/><E133/><V108/><F108/><W29/><G132/><T38/><D38/><U72/><E72/><V66/><F82/><W73/><G73/><T44/><D44/><U37/><E37/><V35/><F35/><W83/><G13/><T68/><D68/><U80/><E0/><V45/><F134/><W3/><G83/><N who="0" m="49567" /><D16/><U77/><E9/><V46/><REACH who="2" step="1"/><F56/><AGARI ba="1,0" hai="52,56,62,76,79,94,99,103" m="49567,2059" machi="56" ten="30,2900,0" yaku="8,1,54,1" doraHai="120" who="0" fromWho="2" sc="265,32,245,0,245,-32,245,0" /><INIT seed="0,2,0,5,1,132" ten="297,245,213,245" oya="0" hai0="46,57,110,45,43,63,36,38,18,86,120,50,75" hai1="118,78,111,40,5,92,117,101,89,107,41,83,56" hai2="77,95,69,104,60,3,128,4,114,20,26,1,99" hai3="74,112,25,129,28,31,119,14,121,91,70,105,93"/><T72/><D120/><U9/><E111/><V24/><F104/><W22/><G70/><T127/><D110/><U37/><E101/><V0/><F114/><W33/><G74/><T61/><D86/><U108/><E107/><V103/><F128/><W102/><G112/><T88/><D88/><U53/><E108/><V113/><F113/><W126/><G119/><T62/><D18/><U59/><E59/><V44/><F4/><W82/><G129/><T2/><D2/><U52/><E53/><V100/><F77/><W134/><G134/><T130/><D130/><U8/><E8/><V67/><F44/><N who="0" m="17002" /><D75/><U21/><E21/><V131/><F131/><W87/><G121/><T51/><D72/><U19/><E19/><V123/><F123/><W23/><G105/><T135/><D135/><U47/><E83/><V65/><F65/><W27/><G33/><T76/><D76/><U34/><E34/><V42/><F42/><W124/><G14/><T94/><D94/><U54/><E41/><V64/><F64/><W55/><G55/><N who="1" m="21034" /><E78/><V79/><F79/><N who="3" m="46559" /><G102/><T30/><D57/><U98/><E56/><V97/><F20/><N who="3" m="7723" /><G93/><T73/><D73/><U125/><E117/><V109/><F109/><W84/><G91/><T15/><D15/><N who="1" m="5551" /><E118/><V29/><F95/><W35/><G35/><T96/><D43/><U48/><E48/><N who="0" m="18473" /><D30/><N who="3" m="11305" /><G84/><T81/><D96/><N who="2" m="36938" /><F29/><W32/><G32/><T11/><D11/><U133/><E133/><V16/><F26/><W66/><G25/><T6/><D6/><U116/><E116/><V7/><F7/><W49/><G27/><T17/><D17/><RYUUKYOKU ba="2,0" sc="297,-15,245,15,213,15,245,-15" hai1="37,40,47,89,92,98,125" hai2="0,1,3,16,24,60,67,69,100,103" /><INIT seed="1,3,0,0,5,38" ten="282,260,228,230" oya="1" hai0="96,64,12,75,58,122,131,115,37,114,57,41,9" hai1="130,133,111,22,107,84,99,10,94,15,93,105,125" hai2="132,78,69,65,14,30,74,8,28,17,16,39,87" hai3="48,98,29,108,5,112,126,83,86,4,25,71,101"/><U116/><E116/><V135/><F74/><W77/><G108/><T63/><D75/><U88/><E111/><V43/><F69/><W118/><G112/><T97/><D122/><U11/><E130/><V55/><F65/><W127/><G118/><T79/><D79/><U124/><E133/><N who="2" m="51275" /><F55/><W1/><G71/><T66/><D131/><U40/><E40/><V70/><F70/><W110/><G48/><T119/><D119/><U49/><E49/><V31/><F17/><W34/><G110/><T92/><D37/><U67/><E67/><V113/><F113/><W117/><G117/><T102/><D63/><U120/><E120/><V7/><F7/><W24/><G24/><T20/><D102/><U54/><E54/><V52/><F52/><W56/><G56/><T6/><D6/><U106/><E22/><V53/><F53/><W3/><G5/><T32/><D20/><U13/><E10/><V35/><F35/><W72/><G72/><T27/><D9/><U80/><E93/><V91/><F78/><W100/><G4/><T123/><D32/><U47/><E47/><N who="2" m="24063" /><F31/><W45/><G45/><T129/><D129/><U73/><E73/><V18/><F18/><W128/><G128/><T59/><D123/><U26/><E26/><V0/><F0/><W23/><G34/><T76/><D76/><U104/><N who="1" m="26624" /><DORA hai="50" /><U44/><E44/><V85/><F85/><W109/><G109/><T89/><D27/><U33/><E33/><V121/><F121/><W46/><G46/><T134/><D134/><U68/><E68/><V62/><F62/><W95/><G101/><RYUUKYOKU ba="3,0" sc="282,-15,260,-15,228,15,230,15" hai2="8,14,16,28,30,87,91" hai3="1,3,23,25,29,77,83,86,95,98,100,126,127" /><INIT seed="2,4,0,5,5,132" ten="267,245,243,245" oya="2" hai0="101,92,80,127,85,74,60,115,112,39,117,1,17" hai1="21,77,36,48,13,73,10,103,55,34,9,31,67" hai2="94,27,42,107,6,108,91,12,100,15,89,114,53" hai3="4,105,121,45,70,130,52,95,84,16,128,35,29"/><V65/><F114/><W57/><G105/><T47/><D74/><U135/><E36/><V75/><F75/><W110/><G110/><T124/><D1/><U19/><E135/><V116/><F107/><W3/><G121/><T66/><D117/><U28/><E103/><V72/><F72/><W54/><G70/><T46/><D101/><U11/><E67/><V88/><F116/><W119/><G119/><T79/><D92/><U22/><E73/><V99/><F6/><W86/><G45/><N who="0" m="16907" /><D17/><U18/><E77/><V69/><F42/><W93/><G4/><T81/><D81/><U61/><E61/><V104/><F104/><W2/><G54/><T68/><D39/><U134/><E55/><V120/><F120/><W78/><G16/><N who="1" m="6186" /><E48/><V33/><F108/><W20/><G3/><T111/><D111/><U131/><E131/><V113/><F113/><W49/><G2/><T26/><D26/><N who="1" m="18807" /><E134/><V7/><F7/><W102/><G130/><T97/><D97/><U82/><E82/><V122/><F122/><W8/><G102/><T44/><N who="0" m="16915" /><T90/><DORA hai="133" /><D90/><U62/><E62/><V129/><F129/><W51/><G128/><T64/><D64/><U25/><E13/><V109/><F109/><W87/><G78/><T56/><D56/><U126/><E126/><AGARI ba="4,0" hai="60,66,68,79,80,85,112,115,124,126,127" m="16915" machi="126" ten="40,12000,2" yaku="18,1,52,6" doraHai="132,133" who="0" fromWho="1" sc="267,132,245,-132,243,0,245,0" /><INIT seed="3,0,0,0,0,56" ten="399,113,243,245" oya="3" hai0="125,24,106,120,96,48,62,43,22,130,103,19,70" hai1="121,111,126,99,10,9,40,46,17,58,117,118,131" hai2="82,67,55,44,63,95,69,25,87,94,74,127,6" hai3="104,30,32,11,76,86,134,2,123,84,81,39,107"/><W23/><G123/><T119/><D119/><N who="1" m="45579" /><E121/><V89/><F127/><W108/><G39/><T112/><D120/><U129/><E99/><V102/><F6/><W52/><G32/><T135/><D125/><U7/><E126/><V88/><F102/><W20/><G134/><T36/><D36/><U54/><E111/><V28/><F74/><W59/><G108/><T64/><D135/><U79/><E79/><V16/><F16/><W83/><G11/><N who="1" m="4106" /><E17/><V132/><F132/><W8/><G8/><T51/><D43/><U42/><E7/><V133/><F133/><W68/><G2/><T128/><REACH who="0" step="1"/><D112/><REACH who="0" ten="389,113,243,245" step="2"/><U53/><E40/><V31/><F31/><W33/><G30/><T113/><D113/><U0/><E0/><V85/><F28/><W80/><G33/><T98/><D98/><U35/><E35/><V1/><F1/><W18/><G84/><T75/><D75/><U92/><E42/><V15/><F87/><W12/><G86/><T45/><D45/><U73/><E46/><V57/><F44/><W71/><G76/><T91/><D91/><U100/><E73/><V122/><F89/><W21/><G107/><T115/><D115/><U110/><E110/><V114/><F88/><W78/><G104/><T34/><D34/><U13/><E100/><V4/><F85/><W101/><G78/><T109/><D109/><U90/><E90/><V38/><F38/><W29/><G101/><T66/><D66/><U14/><E92/><V61/><F114/><W26/><G23/><T77/><D77/><U37/><E37/><V49/><F122/><W116/><G116/><RYUUKYOKU ba="0,1" sc="389,15,113,-15,243,-15,245,15" hai0="19,22,24,48,51,62,64,70,96,103,106,128,130" hai3="12,18,20,21,26,29,52,59,68,71,80,81,83" /><INIT seed="3,1,1,0,3,90" ten="404,98,228,260" oya="3" hai0="134,43,12,112,68,50,128,103,5,123,64,35,58" hai1="67,82,23,22,40,21,33,42,77,36,25,9,47" hai2="56,115,100,120,8,3,51,32,19,96,61,126,20" hai3="78,4,101,44,87,73,80,131,27,104,124,1,117"/><W37/><G117/><T54/><D123/><U15/><E67/><V17/><F32/><W31/><G124/><T57/><D35/><U119/><E40/><V113/><F126/><W106/><G131/><T114/><D128/><U52/><E119/><V75/><F75/><W127/><G127/><T83/><D83/><U10/><E33/><V14/><F51/><W88/><G101/><T92/><D43/><U49/><E25/><V66/><F120/><W26/><G37/><T41/><D41/><U129/><E129/><V86/><F86/><W132/><G44/><T93/><D103/><U109/><E109/><V108/><F108/><W118/><G118/><T53/><D64/><U107/><E107/><V48/><F48/><W46/><G46/><T2/><D2/><U89/><E89/><V55/><F66/><W81/><G132/><T60/><D68/><U97/><E97/><V29/><F29/><W111/><G111/><T38/><D38/><U95/><E95/><V102/><F102/><W74/><G74/><T98/><D98/><U65/><E65/><V94/><REACH who="2" step="1"/><F3/><REACH who="2" ten="404,98,218,260" step="2"/><W125/><G125/><T84/><D84/><N who="1" m="48207" /><E36/><V7/><F7/><W85/><G73/><T133/><D50/><N who="1" m="26999" /><E15/><AGARI ba="1,2" hai="8,14,15,17,19,20,55,56,61,94,96,100,113,115" machi="15" ten="30,3900,0" yaku="1,1,7,1,52,1,53,0" doraHai="90" doraHaiUra="116" who="2" fromWho="1" sc="404,0,98,-42,218,62,260,0" /><INIT seed="4,0,0,0,5,126" ten="404,56,280,260" oya="0" hai0="22,99,21,67,75,29,132,48,82,100,42,114,3" hai1="4,116,50,107,55,2,121,134,16,106,30,111,69" hai2="95,117,24,33,0,58,23,131,128,127,120,53,115" hai3="74,88,57,41,63,81,38,39,112,13,113,43,104"/><T66/><D114/><N who="3" m="44137" /><G104/><T35/><D3/><U76/><E69/><V91/><F115/><W5/><G5/><T47/><D132/><U84/><E134/><V119/><F0/><W32/><G32/><T73/><D35/><U123/><E116/><N who="2" m="44619" /><F127/><W70/><G13/><T25/><D22/><U109/><E30/><N who="2" m="17695" /><F33/><W51/><G70/><T52/><D42/><N who="3" m="15881" /><G51/><T9/><D9/><U94/><E4/><V103/><F103/><W15/><G15/><T62/><D82/><U46/><E2/><V105/><F105/><W122/><G122/><T125/><D125/><U1/><E107/><V101/><F101/><W44/><G44/><T85/><D66/><U110/><E106/><V8/><F8/><W98/><G98/><T118/><D118/><U86/><E1/><V89/><F120/><W18/><G18/><T36/><D36/><U27/><E121/><V68/><F68/><W92/><G74/><T124/><D124/><U54/><E123/><V71/><F71/><W37/><G37/><T129/><D73/><U17/><E110/><V40/><F40/><W135/><G135/><T56/><D75/><U60/><E111/><V133/><F133/><W12/><G12/><T96/><D85/><U77/><E27/><V11/><F11/><W78/><G78/><N who="1" m="30314" /><E109/><V6/><F6/><W10/><G10/><T93/><D96/><U31/><E84/><N who="2" m="52647" /><F91/><W45/><G88/><T79/><D79/><U130/><E31/><V14/><F14/><W90/><G90/><T102/><D102/><U19/><E86/><V59/><F59/><W7/><G7/><T108/><D108/><RYUUKYOKU ba="0,0" sc="404,15,56,-15,280,15,260,-15" hai0="21,25,29,47,48,52,56,62,67,93,99,100,129" hai2="53,58,128,131" /><INIT seed="4,1,0,5,1,102" ten="419,41,295,245" oya="0" hai0="130,52,87,64,82,135,2,134,12,25,120,39,48" hai1="67,21,14,114,81,38,11,27,57,76,85,122,54" hai2="53,3,84,29,117,35,110,61,104,92,99,36,49" hai3="23,28,13,34,68,45,118,109,74,97,115,55,33"/><T24/><D120/><U77/><E38/><V132/><F36/><W4/><G68/><T90/><D2/><U18/><E122/><V65/><F3/><W43/><G74/><T32/><D39/><U83/><E67/><V70/><F110/><W42/><G55/><T126/><D126/><U20/><E114/><V16/><F132/><W56/><G56/><T8/><D64/><U116/><E116/><V128/><F128/><W1/><G97/><T5/><D130/><U31/><E81/><V40/><F40/><W79/><G79/><T101/><D101/><U113/><E113/><V59/><F117/><W44/><G1/><T62/><D62/><U22/><REACH who="1" step="1"/><E76/><REACH who="1" ten="419,31,295,245" step="2"/><V96/><F65/><W80/><G115/><T37/><D37/><U93/><E93/><V19/><F92/><W108/><G80/><T75/><D135/><U112/><E112/><V124/><F70/><W89/><G118/><T123/><D134/><U106/><E106/><V91/><F104/><W107/><G107/><T71/><D82/><U0/><E0/><V131/><F131/><W50/><G108/><T88/><D123/><U125/><E125/><V98/><F124/><W129/><G109/><T9/><D71/><U119/><E119/><V86/><F91/><W15/><G89/><T51/><D90/><U111/><E111/><V100/><F100/><W127/><G129/><T66/><D66/><U41/><E41/><V78/><F78/><W72/><G127/><T95/><D95/><U26/><E26/><V121/><F121/><W69/><G69/><T133/><D133/><U17/><E17/><RYUUKYOKU ba="1,1" sc="419,-10,31,30,295,-10,245,-10" hai1="11,14,18,20,21,22,27,31,54,57,77,83,85" /><INIT seed="5,2,1,5,3,112" ten="409,61,285,235" oya="1" hai0="22,49,106,42,128,45,43,38,16,132,59,12,18" hai1="84,81,50,39,3,30,8,135,47,64,129,6,2" hai2="31,56,118,7,122,65,27,5,115,24,98,4,109" hai3="70,54,34,1,134,11,104,44,53,35,61,100,85"/><U74/><E135/><V76/><F118/><W90/><G134/><T15/><D132/><U103/><E129/><V78/><F115/><W108/><G108/><T10/><D106/><U57/><E74/><V86/><F109/><W71/><G100/><T110/><D110/><U60/><E103/><V79/><F122/><W37/><G104/><T111/><D111/><U20/><E39/><V117/><F117/><W51/><G37/><T67/><D128/><U55/><E30/><V95/><F86/><W26/><G71/><T114/><D114/><U69/><E20/><V82/><F82/><W83/><G26/><T97/><D97/><U28/><E28/><V107/><F107/><W102/><G102/><T19/><D19/><U23/><E23/><V119/><F119/><W63/><G63/><N who="0" m="38399" /><D38/><U131/><E131/><V13/><F13/><W93/><G83/><T99/><D99/><U48/><E2/><V77/><F77/><W94/><G94/><T73/><D73/><U105/><E105/><V32/><F32/><W101/><G101/><T91/><D91/><U25/><E25/><V36/><F36/><W127/><G127/><T62/><D62/><U121/><E121/><V33/><F33/><W17/><G17/><T92/><D92/><U0/><E0/><V75/><F75/><W72/><G72/><T46/><D49/><U41/><REACH who="1" step="1"/><E81/><REACH who="1" ten="409,51,285,235" step="2"/><V21/><F21/><W96/><G35/><T124/><D22/><U123/><E123/><V88/><F31/><W66/><G34/><T29/><D29/><U116/><E116/><V14/><F14/><W40/><G1/><RYUUKYOKU ba="2,2" sc="409,-15,51,15,285,15,235,-15" hai1="3,6,8,41,47,48,50,55,57,60,64,69,84" hai2="4,5,7,24,27,56,65,76,78,79,88,95,98" /><INIT seed="5,3,2,2,3,107" ten="394,66,300,220" oya="1" hai0="105,21,126,91,47,17,84,134,69,77,135,4,82" hai1="37,13,78,15,49,65,72,39,96,52,51,10,64" hai2="62,56,8,102,34,1,55,119,48,90,115,101,120" hai3="128,57,98,40,30,68,83,81,74,35,18,106,97"/><U43/><E96/><V89/><F34/><W9/><G68/><T71/><D105/><U75/><E78/><V132/><F119/><W111/><G111/><T124/><D4/><U25/><E25/><V16/><F120/><W23/><G40/><T33/><D33/><U100/><E43/><V38/><F38/><W14/><G128/><T127/><D47/><U44/><E44/><V41/><F1/><W67/><G106/><T42/><D42/><U26/><E26/><V93/><F89/><W76/><G35/><T133/><D91/><U109/><E109/><V0/><F132/><W121/><G121/><T86/><D84/><U87/><E87/><V88/><F115/><W28/><G83/><T129/><D129/><U7/><E7/><V110/><F0/><W6/><G67/><T95/><D95/><U131/><E131/><V94/><F110/><W117/><G117/><T99/><D99/><U118/><E118/><V22/><F8/><W11/><G57/><T3/><D3/><U70/><E70/><V63/><F90/><W2/><G11/><T113/><D113/><U80/><E10/><V45/><F63/><W92/><G98/><T53/><D53/><U103/><REACH who="1" step="1"/><E80/><REACH who="1" ten="394,56,300,220" step="2"/><V130/><F130/><W58/><G58/><T79/><D77/><U29/><E29/><V104/><F45/><W123/><G123/><T5/><D5/><U36/><E36/><V114/><F41/><W19/><G19/><T54/><D54/><AGARI ba="3,3" hai="13,15,37,39,49,51,52,54,64,65,72,75,100,103" machi="54" ten="25,18000,2" yaku="1,1,22,2,52,2,54,1,53,0" doraHai="107" doraHaiUra="108" who="1" fromWho="0" sc="394,-189,56,219,300,0,220,0" /><INIT seed="5,4,0,1,5,106" ten="205,275,300,220" oya="1" hai0="78,76,17,110,99,25,115,73,61,8,123,51,31" hai1="69,6,33,111,133,96,3,24,120,80,46,85,44" hai2="1,16,0,2,90,82,127,45,93,57,124,21,129" hai3="108,86,65,81,77,52,63,131,32,34,134,105,13"/><U28/><E120/><V100/><F129/><W83/><G108/><T22/><D110/><U132/><E69/><V72/><F45/><W66/><G131/><T89/><D123/><U71/><E71/><V29/><F29/><W119/><G105/><T41/><D115/><U19/><E111/><V4/><F4/><W30/><G134/><N who="1" m="51818" /><E96/><V122/><F57/><W26/><G119/><T38/><D38/><U43/><E43/><V36/><F36/><W107/><G107/><T87/><D99/><U54/><E54/><V118/><F118/><W104/><G104/><T47/><D61/><U7/><E19/><V109/><F109/><W98/><G98/><T135/><D135/><U121/><E121/><V49/><F49/><W39/><G39/><T9/><D73/><U15/><E15/><V84/><F122/><W74/><G13/><N who="0" m="7343" /><D8/><N who="1" m="2143" /><E7/><V117/><F117/><W60/><G34/><T58/><D58/><U125/><E125/><N who="2" m="48203" /><F100/><W94/><G32/><T126/><D126/><U10/><E10/><V23/><F16/><W50/><G30/><T27/><D27/><U64/><E64/><V59/><F59/><N who="3" m="33175" /><G26/><T48/><D51/><U53/><E53/><V97/><F97/><W130/><G66/><T42/><D42/><U113/><E113/><V103/><F103/><W116/><G65/><T14/><D14/><U55/><E55/><V5/><F5/><W18/><G116/><T40/><D40/><U20/><E33/><V67/><F67/><W11/><G130/><T70/><D70/><U112/><E112/><V95/><F95/><AGARI ba="4,0" hai="22,25,31,41,47,48,76,78,87,89,95" m="7343" machi="95" ten="30,1000,0" yaku="8,1" doraHai="106" who="0" fromWho="2" sc="205,22,275,0,300,-22,220,0" /><INIT seed="6,0,0,3,4,35" ten="227,275,278,220" oya="2" hai0="53,99,108,97,125,66,129,28,36,114,43,12,95" hai1="6,65,89,82,91,19,20,21,30,103,56,63,81" hai2="24,130,67,16,96,42,44,94,118,92,17,102,3" hai3="126,101,9,40,86,74,84,104,90,123,62,131,122"/><V71/><F118/><W132/><G40/><T78/><D108/><U124/><E103/><V5/><F130/><W76/><G62/><T79/><D129/><U32/><E32/><V22/><F92/><W2/><G131/><T98/><D66/><U13/><E6/><V106/><F106/><W4/><G126/><T23/><D125/><U7/><E7/><V31/><F67/><W54/><G132/><T33/><D33/><U50/><E50/><V49/><REACH who="2" step="1"/><F71/><REACH who="2" ten="227,275,268,220" step="2"/><W128/><G128/><T111/><D95/><U77/><E124/><V39/><F39/><W47/><G104/><T87/><D36/><U113/><E113/><V115/><F115/><W27/><G123/><T45/><D114/><U85/><E81/><V58/><F58/><W116/><G122/><T15/><D111/><U57/><E56/><V34/><F34/><W119/><G119/><T26/><D45/><U73/><E73/><V109/><F109/><W100/><G74/><T107/><D107/><U8/><E30/><V105/><F105/><W29/><G29/><T72/><D72/><U133/><E133/><V37/><F37/><W112/><G116/><T80/><D28/><U121/><E121/><V46/><F46/><W70/><G47/><T59/><D59/><U88/><AGARI ba="0,1" hai="8,13,19,20,21,57,63,65,77,82,85,88,89,91" machi="88" ten="30,4000,0" yaku="0,1,8,1,54,1" doraHai="35" who="1" fromWho="1" sc="227,-10,275,50,268,-20,220,-10" /><INIT seed="7,0,0,3,4,74" ten="217,325,248,210" oya="3" hai0="70,135,76,2,127,16,119,46,38,3,88,43,86" hai1="122,126,32,128,19,95,73,49,102,105,35,27,25" hai2="94,11,69,80,41,31,90,20,75,89,108,6,0" hai3="66,57,87,71,96,51,55,58,23,64,40,15,101"/><W45/><G87/><T72/><D119/><U118/><E105/><V53/><F69/><W121/><G121/><T92/><D70/><U50/><E73/><V29/><F108/><W111/><G111/><T7/><D135/><U93/><E118/><V100/><F100/><W83/><G83/><N who="0" m="45447" /><D3/><U68/><E126/><V52/><F41/><W124/><G124/><T97/><D127/><U59/><E128/><V104/><F104/><W109/><G109/><T132/><D132/><U63/><E68/><V34/><F34/><W116/><G116/><T22/><D22/><U48/><E32/><V84/><F75/><W33/><G33/><T131/><D131/><U117/><E35/><V10/><F10/><W91/><G91/><T54/><D54/><U14/><E122/><V98/><F20/><W123/><G123/><T4/><D4/><U82/><E82/><V1/><F1/><W67/><G71/><T36/><D16/><U42/><E42/><V30/><AGARI ba="0,0" hai="0,6,11,29,30,31,52,53,80,84,89,90,94,98" machi="30" ten="30,2000,0" yaku="0,1,54,1" doraHai="74" who="2" fromWho="2" sc="217,-5,325,-5,248,20,210,-10" owari="212,-19.0,320,42.0,268,7.0,200,-30.0" /></mjloggm>