<mjloggm ver="2.3"><GO type="97" lobby="0"/><UN n0="%E4%B8%80%E4%B8%80%E4%B8%80" n1="%4F%50%41%44%58" n2="%E3%81%BE%E3%82%8B%E3%81%BD" n3="%E5%B0%B1%E6%B4%BB%E7%94%9F%40%E5%B7%9D%E6%9D%91%E8%BB%8D%E5%9B%A3" dan="14,15,15,15" rate="1939.49,2001.24,2060.65,2018.80" sx="M,M,M,M"/><TAIKYOKU oya="0"/><INIT seed="0,0,0,2,0,94" ten="250,250,250,250" oya="0" hai0="54,80,41,126,125,33,75,129,68,114,81,62,25" hai1="90,107,48,123,69,12,40,14,24,37,93,31,0" hai2="131,19,130,47,134,116,36,52,49,66,4,34,73" hai3="72,58,89,117,109,28,79,55,7,87,67,76,43"/><T97/><D114/><U18/><E0/><V39/><F34/><W88/><G117/><T17/><D41/><U26/><E107/><V119/><F19/><W57/><G109/><T84/><D129/><N who="2" m="49162" /><F4/><W38/><G72/><T1/><D1/><U27/><E69/><V10/><F10/><W35/><G7/><T132/><D132/><U30/><E123/><V22/><F22/><W128/><G128/><T51/><D75/><U71/><E71/><V3/><F3/><W112/><G89/><T60/><D68/><U56/><E37/><N who="2" m="14411" /><F73/><W70/><G70/><T32/><D81/><U63/><E31/><V118/><F66/><W111/><G111/><T120/><D120/><U29/><E29/><V91/><F91/><W21/><G35/><T16/><D97/><N who="1" m="57527" /><E30/><V115/><F115/><W77/><G67/><T108/><D108/><U92/><E92/><V127/><F127/><N who="0" m="48650" /><D25/><U65/><E18/><N who="0" m="7273" /><D32/><U2/><E2/><V104/><F104/><W99/><G99/><T53/><D33/><U110/><E110/><V59/><F134/><W50/><G28/><T15/><D15/><U5/><E5/><V11/><F11/><W83/><G21/><T121/><D121/><U105/><E105/><V106/><F106/><W9/><G112/><T45/><D54/><N who="1" m="31815" /><E40/><V101/><F101/><W8/><G43/><T103/><D103/><U95/><E95/><V44/><AGARI ba="0,0" hai="44,47,49,52,59,116,118,119" m="14411,49162" machi="44" ten="40,8000,1" yaku="12,1,19,1,34,2,54,1" doraHai="94" who="2" fromWho="2" sc="250,-40,250,-20,250,80,250,-20" /><INIT seed="1,0,0,3,3,109" ten="210,230,330,230" oya="1" hai0="65,132,85,110,19,20,13,52,98,102,101,55,80" hai1="58,57,56,47,73,116,5,115,75,42,127,39,29" hai2="100,40,95,94,70,91,1,30,67,22,25,32,103" hai3="86,118,74,83,72,96,123,38,46,76,128,82,90"/><U36/><E116/><V81/><F1/><W54/><G118/><T24/><D110/><U97/><E29/><V130/><F130/><W51/><G123/><T49/><D132/><U89/><E5/><V99/><F40/><W14/><G128/><T87/><D65/><U104/><E127/><V41/><F41/><W11/><G38/><T114/><D114/><U3/><E3/><V66/><F32/><W88/><G96/><T117/><D117/><U2/><E2/><V7/><F7/><W37/><G37/><T8/><D55/><U17/><E39/><V126/><F126/><W64/><G64/><N who="2" m="24617" /><F70/><W92/><G92/><N who="2" m="35369" /><F99/><W69/><G69/><T79/><D87/><AGARI ba="0,0" hai="22,25,30,81,87,91,100,103" m="35369,24617" machi="87" ten="30,1000,0" yaku="8,1" doraHai="109" who="2" fromWho="0" sc="210,-10,230,0,330,10,230,0" /><INIT seed="2,0,0,0,1,26" ten="200,230,340,230" oya="2" hai0="77,91,79,83,35,55,1,0,113,121,27,67,94" hai1="117,46,78,103,109,13,24,134,30,128,54,28,64" hai2="133,87,2,56,92,119,97,43,21,60,71,116,125" hai3="62,4,118,22,100,135,11,102,9,34,37,88,104"/><V29/><F2/><W52/><G34/><T86/><D121/><U41/><E117/><V49/><F133/><W98/><G37/><T32/><D113/><U90/><E64/><V50/><F125/><W70/><G135/><T42/><D79/><U108/><E78/><V131/><F131/><W72/><G72/><T85/><D42/><U81/><E103/><N who="3" m="39466" /><G70/><T57/><D67/><U111/><E128/><V65/><F87/><W44/><G104/><T18/><D35/><U25/><E134/><V129/><F129/><W96/><G4/><T47/><D47/><U23/><E13/><V45/><F50/><N who="3" m="28743" /><G62/><T120/><D120/><U107/><E107/><V14/><F71/><W5/><G5/><T93/><D93/><U66/><E66/><V126/><F126/><W115/><G115/><T68/><D68/><U36/><E54/><V7/><F7/><W76/><G76/><T33/><D33/><N who="1" m="20615" /><E81/><V15/><F119/><W39/><G39/><T58/><D58/><U101/><E101/><N who="2" m="60583" /><F116/><W124/><G124/><T75/><D75/><U114/><E90/><V16/><F16/><W89/><G22/><T61/><REACH who="0" step="1"/><D18/><REACH who="0" ten="190,230,340,230" step="2"/><U31/><E114/><V84/><F65/><W40/><G40/><T82/><D82/><U8/><E8/><N who="3" m="3146" /><G118/><T17/><D17/><AGARI ba="0,1" hai="17,23,25,30,31,36,41,46,108,109,111" m="20615" machi="17" ten="30,7700,0" yaku="14,1,52,3" doraHai="26" who="1" fromWho="0" sc="190,-77,230,87,340,0,230,0" /><INIT seed="3,0,0,1,0,117" ten="113,317,340,230" oya="3" hai0="132,65,1,54,70,64,67,0,30,77,76,99,71" hai1="8,66,2,14,48,17,6,16,79,40,12,88,129" hai2="27,103,119,127,7,5,92,118,41,124,98,15,69" hai3="126,135,101,75,28,68,3,122,78,34,89,83,63"/><W32/><G89/><T130/><D30/><U82/><E66/><V47/><F69/><W4/><G126/><N who="2" m="48169" /><F27/><N who="3" m="18463" /><G135/><T94/><D132/><U49/><E129/><V84/><F84/><W107/><G122/><T133/><D133/><U93/><E2/><V102/><F102/><W100/><G100/><T91/><D130/><U110/><E110/><V33/><F33/><W18/><G18/><N who="1" m="7274" /><E12/><V55/><F55/><W11/><G34/><T106/><D54/><U53/><E40/><V46/><F46/><W131/><G131/><T31/><D31/><U26/><E26/><V81/><F81/><W109/><G109/><T115/><D115/><U51/><E82/><V36/><F15/><W123/><G123/><T114/><D114/><U96/><E79/><V22/><F22/><W52/><G52/><AGARI ba="0,0" hai="6,8,14,48,49,51,52,53,88,93,96" m="7274" machi="52" ten="30,7700,0" yaku="8,1,54,3" doraHai="117" who="1" fromWho="3" sc="113,0,317,77,340,0,230,-77" owari="113,-39.0,394,50.0,340,14.0,153,-25.0" /></mjloggm>