<mjloggm ver="2.3"><GO type="169" lobby="0"/><UN n0="%E5%B0%B1%E6%B4%BB%E7%94%9F%40%E5%B7%9D%E6%9D%91%E8%BB%8D%E5%9B%A3" n1="%69%73%63%6F%70%65" n2="%E8%90%BD%E5%90%88" n3="%73%61%76%65%69" dan="16,16,17,16" rate="2110.39,2139.98,2184.43,2081.27" sx="M,M,M,M"/><TAIKYOKU oya="0"/><INIT seed="0,0,0,2,4,41" ten="250,250,250,250" oya="0" hai0="64,104,99,32,121,8,31,94,106,21,56,59,50" hai1="43,98,54,69,92,37,68,58,88,135,128,77,132" hai2="60,10,70,87,62,84,72,5,49,57,45,117,4" hai3="35,124,76,119,66,15,108,85,115,44,71,0,107"/><T14/><D32/><U36/><E77/><V63/><F117/><W9/><G119/><T74/><D74/><U67/><E67/><V20/><F72/><W13/><G107/><T17/><D59/><U102/><E128/><V133/><F70/><W131/><G115/><T51/><D50/><U40/><E102/><V118/><F133/><N who="1" m="51273" /><E69/><V33/><F33/><W82/><G35/><T103/><D121/><U12/><E68/><V47/><F118/><W26/><G131/><T7/><D31/><U97/><E97/><V61/><F20/><W42/><G26/><T129/><D129/><U22/><E12/><V80/><F84/><W105/><G105/><T27/><REACH who="0" step="1"/><D51/><REACH who="0" ten="240,250,250,250" step="2"/><N who="1" m="31071" /><E22/><V101/><F49/><W3/><G71/><T111/><D111/><U24/><E24/><V116/><F116/><W113/><G108/><T38/><D38/><AGARI ba="0,1" hai="36,37,38,40,43,88,92,98" m="31071,51273" machi="38" ten="30,2000,0" yaku="20,1,54,1" doraHai="41" who="1" fromWho="0" sc="240,-20,250,30,250,0,250,0" /><INIT seed="1,0,0,1,1,47" ten="220,280,250,250" oya="1" hai0="59,61,53,65,69,40,31,125,127,91,99,118,124" hai1="38,5,42,80,68,86,25,23,135,43,7,100,51" hai2="33,97,54,132,116,129,73,46,22,67,52,82,1" hai3="79,85,27,9,71,89,72,58,8,104,74,114,130"/><U6/><E38/><V48/><F33/><W133/><G71/><T17/><D31/><U16/><E68/><V55/><F116/><W123/><G104/><T83/><D118/><U21/><E135/><V70/><F132/><W134/><G123/><T93/><D17/><N who="1" m="12463" /><E100/><V4/><F129/><W115/><G130/><T108/><D108/><U11/><E11/><V106/><F4/><W76/><G58/><T84/><D40/><U28/><E28/><V88/><F1/><W29/><G27/><T12/><D12/><N who="1" m="9607" /><E51/><V92/><F106/><W10/><G10/><T102/><REACH who="0" step="1"/><D69/><REACH who="0" ten="210,280,250,250" step="2"/><U19/><E19/><V109/><F109/><W94/><G29/><T98/><D98/><U126/><E126/><V0/><F0/><W36/><G133/><T77/><D77/><AGARI ba="0,1" hai="5,6,7,42,43,77,80,86" m="9607,12463" machi="77" ten="30,2900,0" yaku="8,1,54,1" doraHai="47" who="1" fromWho="0" sc="210,-29,280,39,250,0,250,0" /><INIT seed="1,1,0,4,5,78" ten="181,319,250,250" oya="1" hai0="46,81,87,39,124,31,11,21,92,32,99,27,62" hai1="15,93,53,95,47,20,30,120,114,1,96,7,84" hai2="123,103,126,91,76,37,59,85,112,105,90,60,17" hai3="129,125,97,131,49,128,71,12,50,25,102,88,4"/><U111/><E120/><V72/><F37/><W117/><G71/><T33/><D124/><U29/><E114/><V122/><F126/><W43/><G125/><T104/><D104/><U26/><E1/><V23/><F112/><W9/><G117/><T18/><D62/><U100/><E111/><V133/><F133/><W2/><G25/><T36/><D11/><N who="1" m="4607" /><E93/><V45/><F45/><W41/><G2/><T16/><D46/><U106/><E106/><V44/><F44/><W73/><G73/><T119/><D119/><U101/><E84/><V14/><F91/><W94/><REACH who="3" step="1"/><G102/><REACH who="3" ten="181,319,250,240" step="2"/><T8/><D33/><U70/><E70/><V67/><F103/><W65/><G65/><T22/><D32/><U107/><E101/><V82/><REACH who="2" step="1"/><F105/><REACH who="2" ten="181,319,240,240" step="2"/><W74/><G74/><T83/><D39/><U54/><E107/><V56/><F56/><W10/><G10/><T40/><D36/><U34/><E47/><V63/><F63/><W58/><G58/><T115/><D8/><U35/><E100/><V3/><F3/><W51/><AGARI ba="1,2" hai="4,9,12,41,43,49,50,51,88,94,97,128,129,131" machi="51" ten="40,8000,1" yaku="1,1,0,1,19,1,54,1,53,0" doraHai="78" doraHaiUra="75" who="3" fromWho="3" sc="181,-21,319,-41,240,-21,240,103" /><INIT seed="2,0,0,1,1,69" ten="160,278,219,343" oya="2" hai0="112,97,19,39,104,84,1,11,13,67,80,101,106" hai1="98,68,43,4,113,88,125,17,111,32,8,94,71" hai2="99,133,134,124,31,92,85,30,26,119,35,103,115" hai3="44,81,60,91,63,34,27,107,41,33,118,61,83"/><V135/><F119/><W62/><G118/><T7/><D112/><U42/><E113/><V114/><F124/><W3/><G3/><T38/><D67/><U77/><E125/><V12/><F31/><W109/><G107/><T24/><D24/><U9/><E32/><V75/><F75/><W56/><G109/><T54/><D54/><U0/><E77/><V28/><F28/><W15/><G27/><T58/><D58/><U6/><E111/><V131/><F131/><W102/><G102/><T74/><D74/><U18/><E68/><V5/><REACH who="2" step="1"/><F85/><REACH who="2" ten="160,278,209,343" step="2"/><W127/><G127/><T25/><D106/><U79/><E71/><V2/><F2/><W10/><G34/><T22/><REACH who="0" step="1"/><D1/><REACH who="0" ten="150,278,209,343" step="2"/><U23/><E0/><V100/><F100/><W14/><G33/><T65/><D65/><U29/><E29/><V90/><F90/><AGARI ba="0,2" hai="7,11,13,19,22,25,38,39,80,84,90,97,101,104" machi="90" ten="30,7700,0" yaku="1,1,7,1,52,2,53,0" doraHai="69" doraHaiUra="117" who="0" fromWho="2" sc="150,97,278,0,209,-77,343,0" /><INIT seed="3,0,0,2,4,56" ten="247,278,132,343" oya="3" hai0="97,34,62,65,105,100,132,35,11,102,20,128,68" hai1="80,90,63,67,101,42,38,131,12,36,13,17,48" hai2="14,73,0,119,40,81,26,78,115,70,79,27,120" hai3="21,104,25,64,69,92,16,108,49,122,54,133,72"/><W10/><G122/><T75/><D128/><U55/><E131/><V60/><F119/><W58/><G104/><T15/><D132/><U127/><E127/><V18/><F0/><W124/><G72/><T134/><D75/><U3/><E3/><V66/><F115/><W106/><G106/><T125/><D125/><U44/><E101/><V83/><F40/><W53/><G124/><T107/><D20/><U24/><E24/><V28/><F120/><W129/><G129/><T84/><D134/><U121/><E121/><V93/><F93/><W41/><G69/><T51/><D51/><U95/><E80/><V99/><F99/><W126/><G108/><T52/><D52/><U1/><E1/><V85/><REACH who="2" step="1"/><F28/><REACH who="2" ten="247,278,122,343" step="2"/><W29/><G126/><T43/><D43/><U23/><E42/><V59/><F59/><W31/><G133/><T61/><D107/><U77/><E38/><V4/><F4/><W19/><G41/><T9/><D105/><U113/><E36/><V74/><F74/><W130/><G130/><T33/><D97/><U103/><E113/><V8/><AGARI ba="0,1" hai="8,14,18,26,27,60,66,70,73,78,79,81,83,85" machi="8" ten="20,5200,0" yaku="1,1,0,1,7,1,52,1,53,0" doraHai="56" doraHaiUra="86" who="2" fromWho="2" sc="247,-13,278,-13,122,62,343,-26" /><INIT seed="4,0,0,0,4,102" ten="234,265,184,317" oya="0" hai0="22,92,31,77,59,84,17,58,48,135,5,32,88" hai1="89,16,23,69,112,55,126,131,2,119,71,41,130" hai2="108,12,4,37,94,67,87,40,91,11,0,81,99" hai3="45,124,123,30,110,122,47,63,83,70,57,42,127"/><T1/><D135/><U25/><E119/><V78/><F108/><W9/><G110/><T28/><D32/><U76/><E2/><V15/><F67/><N who="3" m="41343" /><G30/><N who="0" m="11307" /><D1/><U35/><E41/><V7/><F7/><W39/><G83/><N who="0" m="47215" /><D5/><U44/><E35/><V8/><F8/><W60/><G45/><T10/><D48/><N who="1" m="29063" /><E76/><V62/><F62/><W49/><G39/><T111/><D10/><U19/><E69/><V46/><REACH who="2" step="1"/><F99/><REACH who="2" ten="234,265,174,317" step="2"/><W109/><G109/><T128/><D111/><U120/><E130/><V6/><F6/><W50/><G9/><T116/><D116/><U56/><E131/><V105/><F105/><W114/><G122/><T115/><D115/><U90/><E112/><V129/><F129/><W80/><G123/><T43/><D128/><U73/><E120/><V3/><F3/><W96/><G114/><T101/><D101/><U20/><E71/><V27/><F27/><W125/><G96/><N who="0" m="57351" /><D43/><U38/><E25/><AGARI ba="0,1" hai="17,22,25,58,59" m="57351,47215,11307" machi="25" ten="30,2900,0" yaku="8,1,54,1" doraHai="102" who="0" fromWho="1" sc="234,39,265,-29,174,0,317,0" /><INIT seed="4,1,0,2,4,78" ten="273,236,174,317" oya="0" hai0="91,44,96,7,60,102,3,75,11,121,69,99,53" hai1="25,28,15,135,107,83,110,88,101,120,81,68,43" hai2="14,74,9,133,106,19,132,100,114,52,26,67,115" hai3="47,123,36,111,77,34,1,16,51,37,71,65,93"/><T98/><D75/><U59/><E68/><V10/><F67/><W2/><G34/><T8/><D121/><U112/><E120/><V57/><F74/><W126/><G123/><T130/><D130/><U128/><E128/><V95/><F106/><W63/><G111/><T76/><D76/><U61/><E110/><V41/><F26/><W89/><G126/><T134/><D134/><N who="2" m="51818" /><F41/><W124/><G124/><T72/><D72/><U64/><E135/><V27/><F27/><W108/><G77/><T50/><D11/><U127/><E127/><V117/><F117/><W103/><G103/><T58/><D69/><U105/><E43/><V30/><F30/><W31/><G31/><T18/><D18/><U73/><E73/><V122/><F122/><W92/><G92/><T113/><D91/><U85/><E112/><N who="2" m="43051" /><F10/><W90/><G65/><T22/><D22/><U13/><E107/><V40/><F40/><W23/><G71/><T109/><D109/><U84/><E105/><V86/><F100/><W70/><G70/><T12/><D113/><U87/><E101/><V17/><F17/><W29/><G16/><T38/><D38/><U97/><E25/><V46/><F46/><W119/><G36/><T116/><D116/><U94/><E28/><V35/><F35/><W56/><G29/><T104/><D3/><U82/><AGARI ba="1,0" hai="13,15,59,61,64,81,82,83,84,85,87,88,94,97" machi="82" ten="30,12000,2" yaku="0,1,8,1,52,3,54,1" doraHai="78" who="1" fromWho="1" sc="273,-61,236,123,174,-31,317,-31" /><INIT seed="5,0,0,1,1,9" ten="212,359,143,286" oya="1" hai0="101,64,33,89,21,123,24,56,124,109,70,122,77" hai1="97,114,116,37,104,113,35,52,105,120,92,71,51" hai2="46,93,3,29,117,11,121,130,14,45,90,84,75" hai3="5,86,42,103,19,110,115,8,72,54,50,43,18"/><U69/><E37/><V40/><F121/><N who="0" m="46090" /><D33/><U36/><E36/><V66/><F117/><W1/><G72/><T107/><D70/><N who="1" m="26635" /><E35/><V59/><F130/><W47/><G115/><N who="1" m="44042" /><E116/><V65/><F75/><W63/><G110/><T44/><D44/><N who="1" m="27751" /><E120/><V60/><F65/><W41/><G103/><AGARI ba="0,0" hai="92,97,103,104,105" m="27751,44042,26635" machi="103" ten="30,2900,0" yaku="15,1,54,1" doraHai="9" who="1" fromWho="3" sc="212,0,359,29,143,0,286,-29" /><INIT seed="5,1,0,3,0,124" ten="212,388,143,257" oya="1" hai0="66,121,135,87,105,45,9,85,100,72,35,1,59" hai1="125,23,97,12,32,47,98,133,2,114,52,42,74" hai2="33,128,3,129,37,134,126,73,93,20,18,119,94" hai3="15,25,106,30,63,123,56,102,115,7,57,62,46"/><U99/><E2/><V84/><F126/><W111/><G111/><T11/><D72/><U27/><E74/><V34/><F73/><W68/><G123/><T83/><D35/><N who="2" m="13322" /><F119/><W113/><G46/><T118/><D135/><U38/><E133/><V4/><F37/><W80/><G80/><T131/><D1/><U54/><E125/><V17/><F134/><W10/><G68/><T81/><D45/><U108/><E108/><V75/><F75/><W60/><G102/><T89/><D100/><U40/><E40/><V76/><F76/><W88/><G106/><T91/><D105/><U58/><E32/><V117/><F117/><W71/><G71/><T0/><D0/><U64/><E64/><V77/><F77/><W49/><G88/><T39/><D39/><U28/><E54/><V8/><F84/><W53/><REACH who="3" step="1"/><G57/><REACH who="3" ten="212,388,143,247" step="2"/><T36/><D118/><U86/><E47/><V132/><F132/><W122/><G122/><T51/><D59/><U31/><E58/><V61/><F94/><W112/><G112/><T43/><D121/><U50/><E114/><V16/><F93/><W13/><G13/><T69/><D69/><U120/><E12/><N who="2" m="9287" /><F61/><W5/><G5/><T78/><D78/><U21/><E120/><V82/><F82/><W48/><G48/><T107/><D51/><U130/><E50/><V109/><F109/><W44/><G44/><T65/><D107/><U96/><E38/><V55/><F55/><W24/><G24/><T67/><D36/><U14/><E27/><V92/><F92/><W110/><G110/><T26/><D83/><U104/><E104/><RYUUKYOKU ba="1,1" sc="212,-15,388,-15,143,15,247,15" hai2="3,4,8,16,17,128,129" hai3="7,10,15,25,30,49,53,56,60,62,63,113,115" /><INIT seed="6,2,1,4,3,89" ten="197,373,158,262" oya="2" hai0="47,77,133,48,111,32,118,101,51,132,131,57,91" hai1="3,94,1,11,122,82,71,30,86,117,62,107,6" hai2="69,5,0,79,81,106,18,70,64,36,128,121,135" hai3="15,21,78,129,95,54,41,26,73,8,105,120,23"/><V38/><F121/><W124/><G120/><T99/><D32/><U52/><E107/><V93/><F106/><W34/><G105/><N who="0" m="63679" /><D111/><U84/><E122/><V61/><F70/><W24/><G41/><T53/><D77/><U28/><E117/><V83/><F128/><W19/><G34/><T112/><D91/><U45/><E1/><V126/><F126/><W43/><G43/><N who="0" m="24703" /><D118/><U103/><E71/><V134/><F18/><N who="3" m="8551" /><G73/><T14/><D14/><U35/><E35/><V116/><F116/><W2/><G2/><T104/><D104/><U58/><E45/><V56/><F69/><W59/><G129/><T66/><D66/><U98/><E84/><V90/><F5/><W4/><G124/><T74/><D74/><U13/><E3/><V114/><F0/><W39/><G39/><T7/><D7/><U20/><E20/><V97/><F38/><W76/><G95/><T55/><D55/><U92/><E92/><V88/><F36/><W123/><G4/><T44/><D44/><U119/><E119/><V65/><F65/><W102/><G102/><T46/><D46/><U110/><E110/><V25/><F25/><W33/><G33/><T22/><D22/><U9/><E11/><V63/><F63/><N who="3" m="36343" /><G123/><T67/><D67/><U40/><E40/><V80/><F79/><AGARI ba="2,1" hai="6,9,13,28,30,52,58,62,79,82,86,94,98,103" machi="79" ten="30,7700,0" yaku="7,1,8,1,52,1,54,1" doraHai="89" who="1" fromWho="2" sc="197,0,373,93,158,-83,262,0" /><INIT seed="7,0,0,3,5,60" ten="197,466,75,262" oya="3" hai0="13,35,19,32,78,109,57,134,12,66,36,41,77" hai1="54,39,101,53,7,119,75,93,49,104,14,88,55" hai2="91,2,132,23,81,3,124,51,9,120,63,135,106" hai3="69,112,105,117,123,38,68,25,125,29,30,37,40"/><W122/><G117/><T94/><D109/><U48/><E39/><V27/><F106/><W87/><G105/><T20/><D134/><U82/><E119/><V113/><F113/><W74/><G74/><T115/><D115/><U22/><E104/><V121/><F51/><W47/><G112/><T92/><D36/><U114/><E101/><V111/><F81/><W95/><G125/><T31/><D41/><U26/><E114/><V56/><F91/><W28/><G37/><T79/><D31/><U50/><E82/><V33/><F56/><W64/><G69/><T71/><D71/><U116/><E75/><V85/><F85/><W96/><G87/><T0/><D0/><U52/><E116/><V108/><F63/><W103/><G25/><T10/><D35/><U1/><E1/><V72/><F72/><W110/><G110/><T83/><D32/><U6/><E14/><V76/><F76/><W59/><G68/><T80/><D80/><U70/><E70/><V62/><F62/><W99/><G96/><T98/><D83/><U86/><E53/><V107/><F107/><W127/><G127/><T8/><D20/><U97/><E86/><V90/><F90/><W46/><G46/><T73/><D73/><U118/><E118/><V128/><F33/><W17/><G17/><AGARI ba="0,0" hai="6,7,17,22,26,48,49,50,52,54,55,88,93,97" machi="17" ten="40,5200,0" yaku="8,1,54,2" doraHai="60" who="1" fromWho="3" sc="197,0,466,52,75,0,262,-52" owari="197,-20.0,518,61.0,75,-42.0,210,1.0" /></mjloggm>