<mjloggm ver="2.3"><GO type="41" lobby="0"/><UN n0="%43%68%72%6F%6D%69%75%6D" n1="%61%75%74%6F%6B%69%74" n2="%E9%BB%92%E3%81%84%E5%85%89" n3="%E5%B0%B1%E6%B4%BB%E7%94%9F%40%E5%B7%9D%E6%9D%91%E8%BB%8D%E5%9B%A3" dan="15,14,13,17" rate="2016.64,1863.15,1856.27,2157.32" sx="M,M,M,M"/><TAIKYOKU oya="0"/><INIT seed="0,0,0,2,1,56" ten="250,250,250,250" oya="0" hai0="27,4,28,8,96,80,125,26,52,87,84,97,105" hai1="72,16,61,93,130,82,66,9,103,71,101,59,106" hai2="75,63,60,67,50,2,33,111,114,78,134,24,79" hai3="43,30,131,83,122,45,31,89,108,15,86,88,10"/><T54/><D125/><U76/><E130/><V44/><F114/><W39/><G108/><T104/><D8/><U37/><E37/><V51/><F2/><W94/><G122/><T34/><D4/><U53/><E106/><V120/><F120/><W3/><G3/><T64/><D64/><U25/><E93/><V29/><F134/><W69/><G69/><T65/><D65/><U85/><E72/><V14/><F111/><W58/><G58/><T99/><D27/><U21/><REACH who="1" step="1"/><E9/><REACH who="1" ten="250,240,250,250" step="2"/><V32/><F75/><W123/><G131/><T128/><D128/><U22/><E22/><BYE who="1" /><UN n1="%61%75%74%6F%6B%69%74" /><V121/><F121/><W73/><G123/><T35/><D105/><U91/><E91/><V109/><F109/><W19/><REACH who="3" step="1"/><G73/><REACH who="3" ten="250,240,250,240" step="2"/><T127/><D127/><U81/><E81/><V116/><F116/><W118/><G118/><T62/><D80/><U98/><E98/><AGARI ba="0,2" hai="10,15,19,30,31,39,43,45,83,86,88,89,94,98" machi="98" ten="30,7700,0" yaku="1,1,7,1,54,1,53,1" doraHai="56" doraHaiUra="90" who="3" fromWho="1" sc="250,0,240,-77,250,0,240,97" /><INIT seed="1,0,0,5,5,37" ten="250,163,250,337" oya="1" hai0="75,86,21,27,73,13,74,47,42,80,114,107,76" hai1="1,12,39,70,96,58,18,62,32,135,52,61,128" hai2="101,20,131,66,108,44,45,41,23,77,60,35,33" hai3="110,90,43,109,84,102,120,28,125,72,34,17,57"/><U132/><E1/><V69/><F108/><W0/><G72/><T25/><D114/><U94/><E39/><V103/><F131/><W31/><G0/><T10/><D107/><U54/><E32/><V88/><F77/><W79/><G79/><T119/><D119/><U65/><E128/><V124/><F124/><W71/><G71/><T123/><D123/><U55/><E135/><V91/><F60/><W116/><G116/><T49/><REACH who="0" step="1"/><D21/><REACH who="0" ten="240,163,250,337" step="2"/><U40/><E132/><V105/><F105/><W85/><G120/><T129/><D129/><U93/><E93/><V29/><F69/><W98/><G34/><T83/><D83/><U36/><E36/><V46/><F29/><W81/><G31/><T106/><D106/><U51/><E51/><V134/><F134/><W5/><G28/><T112/><D112/><U122/><E122/><V11/><F11/><W30/><G125/><T78/><D78/><U59/><E70/><V67/><F46/><W64/><G109/><T100/><D100/><U130/><E130/><V24/><F24/><W8/><G110/><T97/><D97/><U133/><E133/><V56/><F56/><W118/><G30/><T26/><D26/><U63/><E96/><V2/><F2/><W104/><G57/><T113/><D113/><U48/><E59/><V19/><F19/><AGARI ba="0,1" hai="10,13,19,25,27,42,47,49,73,74,75,76,80,86" machi="19" ten="40,2600,0" yaku="1,1,52,1,53,0" doraHai="37" doraHaiUra="92" who="0" fromWho="2" sc="240,36,163,0,250,-26,337,0" /><INIT seed="2,0,0,5,4,117" ten="276,163,224,337" oya="2" hai0="85,46,132,128,42,111,66,120,0,110,89,41,102" hai1="73,74,35,24,8,118,15,49,13,94,124,60,130" hai2="48,72,105,40,28,53,119,103,25,71,112,93,47" hai3="116,90,101,21,38,58,55,109,127,17,19,106,134"/><V125/><F72/><W57/><G38/><T9/><D102/><U96/><E118/><V98/><F119/><W12/><G116/><T67/><D128/><U4/><E124/><V6/><F112/><W91/><G127/><T63/><D132/><U23/><E130/><V2/><F125/><W31/><G109/><N who="0" m="41483" /><D0/><U54/><E35/><V107/><F71/><W51/><G134/><T83/><D9/><U52/><E15/><V88/><F6/><W80/><G31/><T131/><D131/><U95/><E74/><V108/><F108/><W30/><G30/><T44/><D120/><U68/><E73/><V1/><F107/><W69/><G69/><N who="0" m="42207" /><D67/><U123/><E68/><V65/><F65/><W59/><G80/><T86/><D86/><U76/><E60/><V56/><F105/><W99/><REACH who="3" step="1"/><G19/><REACH who="3" ten="276,163,224,327" step="2"/><T81/><D83/><U3/><E123/><V122/><F122/><W100/><G100/><T104/><D104/><U27/><E4/><V34/><REACH who="2" step="1"/><F103/><REACH who="2" ten="276,163,214,327" step="2"/><W92/><G92/><T135/><D135/><U62/><E95/><V14/><F14/><W26/><G26/><T115/><D115/><U84/><E27/><V77/><F77/><W32/><G32/><T82/><D81/><U18/><E76/><V129/><F129/><W11/><G11/><T64/><D64/><U133/><E8/><V45/><F45/><AGARI ba="0,2" hai="12,17,21,45,51,55,57,58,59,90,91,99,101,106" machi="45" ten="40,2600,0" yaku="1,1,53,1" doraHai="117" doraHaiUra="16" who="3" fromWho="2" sc="276,0,163,0,214,-26,327,46" /><AGARI ba="0,0" hai="41,42,44,45,46,82,85,89" m="42207,41483" machi="45" ten="30,1000,0" yaku="14,1" doraHai="117" who="0" fromWho="2" sc="276,10,163,0,188,-10,373,0" /><INIT seed="3,0,0,1,5,84" ten="286,163,178,373" oya="3" hai0="42,27,18,0,49,2,100,52,119,31,71,23,20" hai1="115,88,134,82,34,56,92,125,74,89,95,32,131" hai2="29,79,17,8,35,4,127,55,5,11,117,113,109" hai3="40,7,68,22,50,45,129,116,122,91,41,114,87"/><W43/><G114/><T53/><D119/><U78/><E115/><V46/><F117/><W9/><G116/><T104/><D71/><U102/><E125/><V59/><F113/><W108/><G122/><T69/><D69/><U28/><E131/><V72/><F109/><W44/><G68/><T120/><D120/><U73/><E134/><V24/><F127/><W90/><G129/><T97/><D42/><U70/><E74/><V15/><F46/><W130/><G130/><T103/><D103/><U83/><E70/><V61/><F79/><W3/><G108/><T37/><D37/><U25/><E34/><V6/><REACH who="2" step="1"/><F72/><REACH who="2" ten="286,163,168,373" step="2"/><W133/><G133/><T99/><D99/><U107/><E83/><V135/><F135/><W81/><G43/><T51/><D0/><AGARI ba="0,1" hai="0,4,5,6,8,11,15,17,24,29,35,55,59,61" machi="0" ten="30,2000,0" yaku="1,1,7,1,53,0" doraHai="84" doraHaiUra="105" who="2" fromWho="0" sc="286,-20,163,0,168,30,373,0" /><INIT seed="4,0,0,0,5,118" ten="266,163,198,373" oya="0" hai0="57,56,91,117,12,13,100,101,89,39,72,16,35" hai1="58,45,17,34,69,97,67,5,31,107,74,41,55" hai2="126,104,65,70,28,127,66,94,25,21,26,42,18" hai3="132,2,73,99,75,88,20,122,102,3,49,124,1"/><T37/><D35/><U119/><E74/><V135/><F104/><W113/><G113/><T32/><D32/><U10/><E119/><V27/><F42/><W131/><G132/><T98/><D72/><U59/><E34/><V129/><F135/><W30/><G131/><T82/><D117/><U23/><E31/><V108/><F129/><W95/><G124/><T43/><D43/><U81/><E69/><V11/><F108/><W36/><G36/><T19/><D82/><U4/><E67/><V112/><F112/><W62/><G62/><T47/><D47/><U87/><E5/><V130/><F130/><W76/><G76/><T78/><D78/><U86/><E97/><AGARI ba="0,0" hai="12,13,16,19,37,39,56,57,89,91,97,98,100,101" machi="97" ten="25,4800,0" yaku="22,2,54,1" doraHai="118" who="0" fromWho="1" sc="266,48,163,-48,198,0,373,0" /><INIT seed="4,1,0,0,4,95" ten="314,115,198,373" oya="0" hai0="33,74,39,131,63,41,101,27,98,9,67,38,70" hai1="91,123,59,92,125,57,10,16,73,24,48,110,36" hai2="134,115,62,86,26,109,7,81,127,25,13,49,14" hai3="120,47,119,40,54,18,64,82,44,60,51,133,30"/><T83/><D131/><U80/><E110/><V5/><F109/><W12/><G119/><T111/><D111/><U53/><E123/><V122/><F122/><W132/><G120/><T55/><D55/><U104/><E104/><V129/><F129/><W21/><G30/><N who="0" m="19679" /><D9/><U8/><E125/><V97/><F134/><N who="3" m="51819" /><G82/><T79/><D41/><U103/><E103/><V56/><F127/><W113/><G113/><T68/><D68/><U1/><E1/><V93/><F49/><N who="3" m="26759" /><G60/><T22/><D22/><U65/><E36/><V116/><F116/><W114/><G114/><T107/><AGARI ba="1,0" hai="38,39,63,67,70,74,79,83,98,101,107" m="19679" machi="107" ten="30,11700,0" yaku="25,1,33,2,52,1" doraHai="95" who="0" fromWho="0" sc="314,120,115,-40,198,-40,373,-40" /><INIT seed="4,2,0,2,2,125" ten="434,75,158,333" oya="0" hai0="106,104,121,7,47,36,130,87,40,109,51,58,123" hai1="122,115,61,48,1,13,39,98,114,34,102,5,79" hai2="4,118,55,80,99,73,70,35,132,116,96,83,134" hai3="26,27,32,29,54,68,111,108,101,126,112,71,89"/><T95/><D7/><U46/><E39/><V14/><F70/><W11/><G126/><T100/><D87/><U3/><E122/><V59/><F35/><W107/><G112/><N who="1" m="43050" /><E34/><V50/><F14/><W135/><G135/><N who="2" m="51753" /><F4/><W25/><G54/><T23/><D23/><U103/><E79/><V56/><F73/><W31/><G89/><T88/><D100/><N who="1" m="38443" /><E98/><N who="2" m="37419" /><F55/><W90/><G90/><T62/><D36/><U78/><E61/><V53/><F53/><W24/><G24/><T124/><D124/><U97/><E97/><V41/><F41/><W74/><G74/><T76/><D88/><U66/><E78/><V6/><F6/><W57/><G57/><N who="2" m="22089" /><F50/><W0/><G0/><T128/><D76/><U10/><E66/><V17/><F17/><W30/><G30/><T45/><D95/><U19/><E5/><V105/><F105/><W12/><G12/><T21/><D21/><U44/><E44/><V52/><F52/><AGARI ba="2,0" hai="1,3,10,13,19,46,48,52" m="38443,43050" machi="52" ten="30,3900,0" yaku="15,1,11,1,54,1" doraHai="125" who="1" fromWho="2" sc="434,0,75,45,158,-45,333,0" /><INIT seed="5,0,0,3,3,53" ten="434,120,113,333" oya="1" hai0="128,51,87,47,84,125,48,19,27,111,5,39,18" hai1="11,97,79,109,131,40,103,13,126,119,113,28,83" hai2="115,82,24,78,37,124,88,59,90,95,73,122,4" hai3="50,117,52,67,6,120,91,54,107,63,41,114,86"/><U129/><E113/><V104/><F37/><W123/><G123/><T0/><D39/><U8/><E119/><V26/><F122/><W134/><G134/><T102/><D102/><U66/><E126/><V30/><F124/><W1/><G1/><T70/><D70/><U77/><E109/><V35/><F115/><W110/><G110/><T16/><D27/><U10/><E28/><V61/><F104/><W21/><G21/><T93/><D93/><N who="1" m="58799" /><E79/><V46/><F46/><W98/><G98/><T56/><D128/><N who="1" m="49227" /><E66/><V20/><F4/><W135/><G135/><T130/><D125/><U118/><E40/><V22/><F35/><W116/><G116/><T44/><D130/><U2/><E2/><V92/><F92/><W100/><G100/><T75/><D75/><N who="1" m="43455" /><E118/><V42/><F42/><W108/><G108/><T72/><D0/><U68/><E68/><V76/><F76/><W43/><G43/><T101/><D5/><AGARI ba="0,0" hai="5,8,10,11,13" m="43455,49227,58799" machi="5" ten="30,1500,0" yaku="19,1" doraHai="53" who="1" fromWho="0" sc="434,-15,120,15,113,0,333,0" /><INIT seed="5,1,0,0,3,69" ten="419,135,113,333" oya="1" hai0="125,101,61,88,43,117,134,129,50,71,123,132,109" hai1="41,21,59,10,97,114,110,27,93,38,122,66,56" hai2="92,128,26,19,5,119,91,75,51,74,68,102,23" hai3="131,4,115,98,49,87,53,32,34,126,65,106,39"/><U103/><E114/><V57/><F68/><W8/><G115/><T85/><D109/><U127/><E110/><V1/><F119/><W118/><G118/><T105/><D117/><U42/><E122/><V77/><F128/><W104/><G131/><T78/><D78/><U46/><E127/><V82/><F102/><W72/><G72/><T55/><D129/><U124/><E42/><V113/><F113/><W15/><G126/><T12/><D125/><U2/><E124/><V35/><F35/><W86/><G39/><T79/><D79/><U90/><E66/><V22/><F5/><W36/><G36/><T13/><D43/><U29/><E10/><V96/><F1/><W89/><G87/><T108/><D108/><U14/><E14/><V63/><F51/><W25/><G65/><N who="0" m="41391" /><D101/><U16/><E29/><V11/><F11/><W24/><G34/><T9/><D9/><U121/><E2/><V40/><F40/><W7/><G7/><T28/><D105/><U94/><REACH who="1" step="1"/><E121/><REACH who="1" ten="419,125,113,333" step="2"/><V48/><F22/><W130/><G8/><T133/><D28/><U112/><E112/><V37/><F37/><W95/><G15/><T99/><D123/><U3/><E3/><V58/><F48/><W6/><G6/><T52/><D13/><U135/><E135/><V81/><F63/><W18/><G4/><T60/><D12/><U111/><E111/><V83/><F77/><W62/><G24/><T76/><D60/><U107/><E107/><V20/><F20/><W45/><G104/><T120/><D120/><U64/><E64/><V100/><F100/><W67/><G106/><RYUUKYOKU ba="1,1" sc="419,-15,125,15,113,15,333,-15" hai1="16,21,27,38,41,46,56,59,90,93,94,97,103" hai2="19,23,26,57,58,74,75,81,82,83,91,92,96" /><INIT seed="5,2,1,5,1,28" ten="404,140,128,318" oya="1" hai0="110,11,117,49,54,38,53,83,119,33,36,94,62" hai1="135,133,14,60,68,16,48,87,69,129,2,10,17" hai2="56,65,109,91,75,32,77,82,116,70,27,47,106" hai3="103,85,26,3,66,118,5,13,131,105,37,61,111"/><U73/><E73/><V95/><F116/><W128/><G111/><T19/><D110/><U112/><E112/><V97/><F109/><W31/><G118/><T78/><D33/><U108/><E2/><V98/><F70/><N who="3" m="42319" /><G85/><T15/><D94/><U39/><E39/><V80/><F47/><W0/><G37/><T96/><D96/><U1/><E108/><V134/><F134/><N who="1" m="51209" /><E1/><N who="3" m="586" /><G13/><T4/><D38/><U42/><E60/><V43/><F43/><W72/><G5/><T59/><D36/><U21/><E87/><V122/><F122/><W126/><G126/><T64/><D4/><U41/><E129/><N who="3" m="49738" /><G72/><T93/><D15/><N who="1" m="9407" /><E42/><V92/><F56/><W20/><G103/><T71/><D59/><U86/><E86/><V79/><F65/><W115/><G105/><T99/><D64/><U45/><AGARI ba="2,1" hai="10,14,16,41,45,48,68,69" m="9407,51209" machi="45" ten="30,3000,0" yaku="20,1,54,1" doraHai="28" who="1" fromWho="1" sc="404,-12,140,46,128,-12,318,-12" /><INIT seed="5,3,0,0,1,55" ten="392,186,116,306" oya="1" hai0="99,17,128,131,5,106,100,18,28,90,135,58,132" hai1="30,107,108,104,39,15,57,71,105,129,33,81,20" hai2="119,73,16,134,83,11,110,92,8,122,53,49,117" hai3="126,82,43,75,32,87,13,115,95,67,130,133,69"/><U65/><E108/><V19/><F122/><W91/><G32/><T23/><D5/><U36/><E129/><N who="0" m="49737" /><D90/><U51/><E71/><V45/><F134/><N who="0" m="51242" /><D58/><U40/><E33/><V9/><F110/><W86/><G75/><T42/><D42/><U93/><E81/><V10/><N who="2" m="2560" /><DORA hai="31" /><V27/><F92/><W48/><G69/><T112/><D112/><U4/><E4/><V12/><F73/><W64/><G67/><T68/><D68/><U25/><E15/><V85/><F12/><W123/><G64/><T47/><D47/><U50/><E93/><V29/><F117/><W118/><G91/><T34/><D23/><U120/><E120/><V109/><F109/><W114/><G43/><T124/><D124/><U59/><E40/><V54/><F119/><W76/><G126/><T22/><D22/><U125/><E125/><V62/><F62/><W74/><G123/><T0/><D0/><U35/><E35/><V102/><F102/><W84/><G115/><T79/><D79/><U89/><E89/><V60/><F60/><W98/><G114/><T14/><D14/><U97/><E97/><V66/><F66/><W127/><G76/><T78/><D78/><U101/><E101/><V116/><F116/><W52/><G127/><T24/><AGARI ba="3,0" hai="17,18,24,28,34,99,100,106" m="51242,49737" machi="24" ten="40,5200,0" yaku="19,1,20,1,52,1" doraHai="55,31" who="0" fromWho="0" sc="392,61,186,-29,116,-16,306,-16" /><INIT seed="6,0,0,5,2,134" ten="453,157,100,290" oya="2" hai0="70,58,38,12,113,115,9,34,57,43,132,41,124" hai1="16,114,15,100,13,26,85,99,88,49,84,122,76" hai2="24,47,79,78,28,83,112,21,101,51,37,53,29" hai3="59,22,74,11,35,71,48,111,19,87,117,109,93"/><V107/><F112/><N who="0" m="43082" /><D34/><U2/><E114/><V66/><F66/><W25/><G48/><T94/><D70/><U116/><E2/><V46/><F107/><W27/><G87/><T69/><D69/><U119/><E116/><V127/><F127/><W23/><G93/><T133/><D124/><U123/><E119/><V103/><F79/><W40/><G59/><N who="0" m="22539" /><D94/><N who="1" m="56775" /><E100/><V18/><F37/><W14/><G40/><N who="0" m="15435" /><D38/><U54/><E76/><V52/><F101/><W126/><G71/><T81/><D81/><U75/><E15/><V90/><F90/><W86/><G126/><T0/><D0/><U95/><E26/><V92/><F92/><W118/><G86/><T33/><D33/><U129/><E75/><V130/><F130/><W77/><G77/><T135/><D12/><U50/><E95/><V42/><F103/><W60/><G60/><T3/><D3/><U120/><E129/><V55/><REACH who="2" step="1"/><F46/><REACH who="2" ten="453,157,90,290" step="2"/><W30/><G74/><AGARI ba="0,1" hai="18,21,24,28,29,42,47,51,52,53,55,74,78,83" machi="74" ten="40,7700,0" yaku="1,1,2,1,54,1,53,0" doraHai="134" doraHaiUra="32" who="2" fromWho="3" sc="453,0,157,0,90,87,290,-77" /><INIT seed="6,1,0,5,2,36" ten="453,157,177,213" oya="2" hai0="24,34,58,1,44,94,90,109,130,125,88,100,133" hai1="49,89,20,108,39,83,64,134,107,56,31,95,91" hai2="7,80,116,57,16,122,75,82,106,73,0,55,32" hai3="68,12,9,69,8,15,118,29,11,126,72,30,77"/><V74/><F122/><W127/><G118/><T53/><D24/><U96/><E107/><V117/><F106/><W78/><REACH who="3" step="1"/><G11/><REACH who="3" ten="453,157,177,203" step="2"/><T35/><D109/><U19/><E108/><V37/><F37/><W52/><G52/><T121/><D53/><U28/><E39/><V67/><F67/><W103/><G103/><T128/><D100/><U13/><E134/><V113/><F113/><W76/><G76/><T26/><D133/><U114/><E114/><V79/><F116/><W101/><G101/><T71/><D130/><U93/><E83/><V84/><F117/><W123/><G123/><T22/><D128/><U65/><E65/><V132/><F132/><W6/><G6/><T33/><D121/><U104/><E104/><V14/><F7/><W124/><G124/><T54/><D125/><U61/><REACH who="1" step="1"/><E49/><REACH who="1" ten="453,147,177,203" step="2"/><V81/><F81/><W2/><G2/><T85/><D1/><U92/><E92/><V97/><F80/><W46/><G46/><T27/><D44/><U45/><E45/><V25/><F82/><W129/><G129/><T70/><D94/><U62/><E62/><V98/><F79/><W18/><G18/><T41/><D85/><AGARI ba="1,2" hai="13,19,20,28,31,56,61,64,85,89,91,93,95,96" machi="85" ten="30,7700,0" yaku="1,1,7,1,8,1,53,1" doraHai="36" doraHaiUra="63" who="1" fromWho="0" sc="453,-80,147,100,177,0,203,0" /><INIT seed="7,0,0,0,3,74" ten="373,247,177,203" oya="3" hai0="8,41,66,43,92,126,5,101,37,29,63,71,18" hai1="131,3,108,62,48,32,4,49,28,59,54,27,97" hai2="20,17,25,100,90,42,77,95,30,13,2,44,114" hai3="31,120,15,1,51,46,124,118,52,123,79,86,72"/><W106/><G72/><T125/><D29/><U73/><E108/><V115/><F100/><W116/><G1/><T117/><D117/><U134/><E134/><V111/><F111/><W75/><G75/><T82/><D18/><U78/><E131/><V133/><F133/><W127/><G106/><T26/><D26/><U132/><E132/><V84/><F2/><W70/><G31/><T119/><D119/><N who="3" m="45609" /><G15/><T105/><D92/><U87/><E73/><V58/><F58/><W91/><G70/><T76/><D101/><U21/><E32/><V56/><F56/><W94/><G79/><T99/><D99/><U121/><E121/><V107/><F107/><W113/><G113/><T110/><D110/><U19/><E28/><V53/><F53/><W93/><G93/><T68/><D68/><U47/><E3/><V55/><F55/><W81/><G94/><T22/><D22/><U64/><E4/><V67/><F67/><W23/><G23/><T103/><D103/><U9/><E9/><V7/><F7/><W45/><G45/><N who="0" m="23727" /><D43/><U34/><E34/><V12/><F114/><W83/><G83/><T39/><D39/><U10/><E10/><V6/><F115/><W65/><G65/><T104/><D104/><U85/><E97/><V33/><F6/><W122/><G120/><T38/><D105/><U128/><E128/><V129/><F129/><W11/><G11/><T61/><D38/><U35/><E35/><V36/><F13/><W16/><G16/><T80/><D66/><U130/><E130/><V88/><F90/><W112/><G112/><T57/><D5/><RYUUKYOKU ba="0,0" sc="373,-15,247,-15,177,15,203,15" hai2="12,17,20,25,30,33,36,42,44,77,84,88,95" hai3="46,51,52,81,86,91,122,123,124,127" /><INIT seed="7,1,0,1,5,125" ten="358,232,192,218" oya="3" hai0="36,30,111,100,120,83,82,41,4,121,42,90,61" hai1="134,80,55,86,49,48,34,77,57,71,128,5,104" hai2="75,79,87,103,119,129,117,126,0,33,110,8,94" hai3="43,1,112,53,20,89,40,45,102,91,28,16,27"/><W56/><G1/><T10/><D111/><U109/><E109/><V116/><F110/><W59/><G112/><T72/><D100/><U70/><E34/><V62/><F126/><W95/><G102/><T108/><D108/><U81/><E134/><V47/><F33/><W106/><G106/><T92/><D30/><U18/><E104/><V15/><F0/><W54/><G28/><T88/><D61/><U133/><E133/><V17/><F75/><W107/><G107/><T12/><D90/><N who="3" m="34313" /><G95/><T68/><D68/><U113/><E81/><V44/><F62/><N who="3" m="36111" /><G45/><T31/><D31/><U123/><E123/><V35/><F35/><W58/><G58/><T13/><D82/><U69/><E5/><V78/><F129/><W60/><AGARI ba="1,0" hai="16,20,27,40,43,54,59,60" m="36111,34313" machi="60" ten="30,3000,0" yaku="8,1,54,1" doraHai="125" who="3" fromWho="3" sc="358,-11,232,-11,192,-11,218,33" /><INIT seed="7,2,0,5,3,36" ten="347,221,181,251" oya="3" hai0="18,119,101,95,81,76,50,102,83,6,59,17,70" hai1="116,21,103,53,41,129,16,31,107,124,27,45,32" hai2="126,1,34,74,108,113,99,66,125,55,123,26,42" hai3="14,0,60,79,33,75,106,127,67,111,61,64,29"/><W47/><G0/><T87/><D70/><U52/><E116/><V39/><F108/><W28/><G111/><T48/><D119/><U15/><E124/><V135/><F123/><W2/><G2/><T89/><D6/><U56/><E129/><V24/><F135/><W7/><G106/><T82/><D76/><U57/><E107/><V40/><F74/><W96/><G127/><N who="2" m="48649" /><F39/><W92/><G79/><T91/><D91/><U38/><REACH who="1" step="1"/><E103/><REACH who="1" ten="347,211,181,251" step="2"/><V71/><F113/><W130/><G130/><T63/><D102/><U5/><E5/><V11/><F99/><W105/><G105/><T43/><D101/><U118/><E118/><V133/><F133/><W62/><G75/><T20/><D17/><U12/><E12/><V9/><F1/><W46/><G14/><T90/><D18/><U73/><E73/><V80/><F80/><W114/><G7/><T8/><D82/><U23/><E23/><V132/><F132/><W4/><G4/><T109/><D20/><U88/><E88/><V10/><F34/><W65/><G114/><T25/><D90/><U97/><E97/><V122/><F122/><W72/><G72/><T120/><D89/><U94/><E94/><V117/><F117/><W115/><G115/><T13/><D95/><U86/><E86/><V44/><F55/><AGARI ba="2,1" hai="15,16,21,27,31,32,38,41,45,52,53,55,56,57" machi="55" ten="40,8000,1" yaku="1,1,52,1,54,2,53,0" doraHai="36" doraHaiUra="98" who="1" fromWho="2" sc="347,0,211,96,181,-86,251,0" owari="347,44.0,307,11.0,95,-40.0,251,-15.0" /></mjloggm>