<mjloggm ver="2.3"><GO type="97" lobby="0"/><UN n0="%E5%B0%B1%E6%B4%BB%E7%94%9F%40%E5%B7%9D%E6%9D%91%E8%BB%8D%E5%9B%A3" n1="%E5%B0%8F%E6%9C%A8%E9%AB%98%E5%B6%BA" n2="%E3%82%89%E3%82%80%E3%81%A0%E6%9D%91" n3="%4F%2D%46%65" dan="15,15,15,14" rate="1997.42,2036.85,1976.24,1932.81" sx="M,F,M,M"/><TAIKYOKU oya="0"/><INIT seed="0,0,0,0,5,101" ten="250,250,250,250" oya="0" hai0="109,95,9,16,57,8,18,59,13,127,54,86,25" hai1="53,106,90,112,0,49,92,104,72,38,63,73,74" hai2="58,119,89,40,30,20,41,7,32,37,43,56,123" hai3="39,122,26,60,35,11,12,6,130,62,67,44,69"/><T85/><D127/><U132/><E38/><V103/><F123/><W125/><G125/><T77/><D109/><U91/><E0/><V102/><F32/><W84/><G122/><T45/><D45/><U75/><E63/><V134/><F134/><W17/><G130/><T14/><D25/><U83/><E49/><V23/><F7/><W42/><G62/><T50/><D77/><N who="1" m="44455" /><E53/><V29/><F89/><N who="1" m="33801" /><E132/><V34/><F34/><W55/><G84/><T70/><D70/><U118/><E118/><V21/><F37/><W107/><G55/><T24/><D95/><U120/><E120/><V126/><F126/><W88/><G35/><T1/><D1/><U52/><E52/><V19/><F19/><W121/><G121/><T111/><D111/><U4/><E4/><V113/><F113/><W10/><G26/><T82/><D82/><U51/><E51/><V129/><F129/><W97/><G6/><T3/><D3/><U81/><E112/><V78/><F78/><W124/><G124/><T98/><D98/><U114/><E114/><V61/><F61/><W116/><G116/><T31/><REACH who="0" step="1"/><D59/><REACH who="0" ten="240,250,250,250" step="2"/><N who="2" m="22570" /><F119/><W108/><G97/><T64/><D64/><U27/><E27/><V79/><F79/><W68/><G108/><T15/><D15/><U135/><E92/><V117/><F117/><W66/><G67/><T93/><D93/><U33/><E135/><V22/><N who="2" m="5632" /><DORA hai="87" /><V99/><F99/><W131/><G66/><T2/><D2/><U48/><E81/><V36/><F36/><W46/><G39/><T115/><D115/><U96/><E96/><V47/><F47/><RYUUKYOKU ba="0,1" sc="240,15,250,-15,250,15,250,-15" hai0="8,9,13,14,16,18,24,31,50,54,57,85,86" hai2="29,30,40,41,43,102,103" /><INIT seed="0,1,1,1,4,38" ten="255,235,265,235" oya="0" hai0="30,11,48,10,61,83,5,33,49,119,67,123,37" hai1="82,40,44,39,133,28,114,64,78,72,80,16,18" hai2="27,41,51,121,104,86,26,112,34,126,17,13,42" hai3="111,84,59,14,131,75,81,128,106,66,22,50,7"/><T135/><D119/><U1/><E114/><V54/><F104/><W88/><G111/><T118/><D118/><U3/><E133/><V24/><F121/><W32/><G32/><T47/><D123/><U53/><E64/><V9/><F112/><W69/><G69/><T96/><D135/><U125/><E125/><V46/><F34/><W115/><G115/><T2/><D96/><U58/><E28/><V45/><F126/><W57/><G106/><T132/><D132/><U21/><E82/><V117/><F117/><W87/><G75/><T127/><D127/><U65/><E65/><V35/><F35/><W94/><G66/><T102/><D102/><U76/><E76/><V97/><F97/><W101/><G101/><T23/><D33/><U91/><E91/><V0/><F0/><W134/><G134/><T95/><D95/><U77/><E77/><V99/><F99/><W73/><G73/><T25/><D11/><U89/><E89/><V124/><F124/><W71/><G71/><T15/><D83/><U20/><E20/><V85/><F46/><W55/><G57/><T110/><D110/><U70/><E70/><V116/><F116/><W129/><G84/><AGARI ba="1,1" hai="9,13,17,24,26,27,41,42,45,51,54,84,85,86" machi="84" ten="40,5200,0" yaku="8,1,52,2" doraHai="38" who="2" fromWho="3" sc="255,0,235,0,265,65,235,-55" /><INIT seed="1,0,0,5,5,121" ten="255,235,330,180" oya="1" hai0="41,84,39,42,102,56,61,125,122,33,108,116,81" hai1="24,43,87,134,104,14,38,47,82,23,127,111,89" hai2="29,27,110,77,36,62,91,65,129,73,131,25,85" hai3="31,95,90,44,53,60,7,130,118,132,119,22,105"/><U3/><E3/><V86/><F36/><W49/><G105/><T17/><D33/><U133/><E104/><V76/><F73/><W109/><G7/><T113/><D122/><U114/><E114/><V100/><F100/><W69/><G69/><T97/><D113/><U98/><E98/><V28/><F91/><W103/><G103/><T52/><D116/><N who="3" m="44585" /><G130/><T107/><D125/><U19/><E127/><V18/><F62/><W37/><G132/><N who="1" m="50794" /><E24/><V20/><F65/><W112/><G112/><T75/><D75/><U0/><E0/><V35/><F20/><W93/><G37/><T46/><D41/><U54/><E54/><V63/><F63/><W59/><G109/><AGARI ba="0,0" hai="14,19,23,38,43,47,82,87,89,109,111" m="50794" machi="109" ten="30,5800,0" yaku="20,1,52,2" doraHai="121" who="1" fromWho="3" sc="255,0,235,58,330,0,180,-58" /><INIT seed="1,1,0,4,0,27" ten="255,293,330,122" oya="1" hai0="111,69,25,34,74,50,65,104,6,62,97,81,14" hai1="126,18,16,19,59,63,61,94,58,9,13,121,47" hai2="8,114,96,115,84,30,125,33,76,41,32,112,127" hai3="134,122,123,21,93,99,22,103,49,113,119,52,51"/><U11/><E121/><V40/><F96/><W1/><G1/><T36/><D36/><U128/><E126/><N who="2" m="48139" /><F8/><N who="1" m="3145" /><E128/><V48/><F48/><W71/><G71/><T73/><D111/><U135/><E135/><V109/><F109/><W116/><G113/><T26/><D6/><U31/><E47/><V42/><F84/><W110/><G110/><T57/><D14/><U117/><E117/><N who="3" m="45130" /><G134/><T55/><D81/><U3/><E3/><V106/><F106/><W130/><G130/><T101/><REACH who="0" step="1"/><D26/><REACH who="0" ten="245,293,330,122" step="2"/><U83/><E13/><V100/><F112/><W24/><G24/><T0/><D0/><U78/><E94/><V35/><F114/><W45/><G51/><T108/><D108/><U67/><E83/><V53/><F115/><W64/><G64/><T95/><D95/><U12/><E12/><V28/><F76/><W77/><G77/><T4/><D4/><U7/><E78/><V120/><F120/><AGARI ba="1,1" hai="21,22,45,49,52,93,99,103,120,122,123" m="45130" machi="120" ten="30,2000,0" yaku="12,1,54,1" doraHai="27" who="3" fromWho="2" sc="245,0,293,0,330,-23,122,33" /><INIT seed="2,0,0,5,2,27" ten="245,293,307,155" oya="2" hai0="70,132,103,62,4,49,46,91,82,51,120,128,87" hai1="115,81,106,1,112,52,93,80,22,130,107,78,126" hai2="34,99,13,9,79,42,10,55,23,114,74,116,127" hai3="60,18,94,88,119,5,131,57,85,19,47,7,65"/><V86/><F114/><N who="1" m="43561" /><E1/><V35/><F116/><W72/><G119/><T48/><D120/><U113/><E22/><V133/><F55/><W111/><G72/><T69/><D128/><U28/><E52/><V92/><F42/><W124/><G124/><T29/><D132/><U15/><E28/><V97/><F23/><W40/><G131/><T110/><D110/><U24/><E15/><V16/><F10/><W117/><G111/><T77/><D4/><U53/><E24/><V64/><F127/><W90/><G117/><T17/><D17/><U108/><E53/><V6/><F6/><W11/><G90/><T104/><D29/><U102/><E126/><V8/><F8/><W66/><G66/><T12/><D12/><U50/><E50/><V58/><F133/><W20/><G11/><T68/><D62/><U26/><E26/><V125/><F125/><W63/><G63/><T73/><D46/><U135/><E130/><V21/><F9/><W44/><G18/><T36/><D36/><U76/><E135/><V122/><F34/><W105/><G105/><N who="1" m="39946" /><E108/><V75/><F35/><W43/><G44/><T83/><D104/><U101/><N who="1" m="43569" /><U67/><DORA hai="41" /><E67/><V33/><F33/><W54/><G65/><T134/><D134/><U39/><E39/><V3/><F64/><W32/><G32/><T0/><D0/><U98/><E102/><V118/><F3/><W96/><G43/><T59/><REACH who="0" step="1"/><D103/><REACH who="0" ten="235,293,307,155" step="2"/><U31/><E31/><V95/><F118/><W25/><REACH who="3" step="1"/><G96/><REACH who="3" ten="235,293,307,145" step="2"/><T123/><D123/><U37/><E37/><AGARI ba="0,2" hai="5,7,19,20,25,37,40,47,54,57,60,85,88,94" machi="37" ten="30,12000,2" yaku="1,1,2,1,7,1,52,1,54,1,53,1" doraHai="27,41" doraHaiUra="38,61" who="3" fromWho="1" sc="235,0,293,-120,307,0,145,140" /><INIT seed="3,0,0,5,4,70" ten="235,173,307,285" oya="3" hai0="93,15,53,61,44,95,23,52,92,42,107,104,24" hai1="125,43,113,82,90,129,103,119,115,106,17,16,131" hai2="120,72,86,57,77,85,0,18,75,96,65,6,109" hai3="13,27,101,9,116,36,4,124,84,99,26,66,37"/><W87/><G116/><T46/><D107/><U55/><E119/><V69/><F57/><W14/><G66/><T50/><D104/><U58/><E125/><V40/><F18/><N who="1" m="7273" /><E106/><V110/><F40/><W135/><G37/><T74/><D74/><U60/><E103/><V117/><F96/><W32/><G36/><T118/><D118/><U76/><E90/><V19/><F19/><W105/><G124/><T63/><D15/><U83/><E83/><V81/><F86/><W71/><G71/><T121/><D121/><U132/><E132/><V21/><F21/><W51/><G135/><T59/><D23/><U114/><E43/><V122/><F85/><W3/><G32/><T54/><D24/><U91/><E76/><V35/><F35/><W94/><G27/><T49/><REACH who="0" step="1"/><D63/><REACH who="0" ten="225,173,307,285" step="2"/><U111/><E111/><N who="2" m="42507" /><F75/><W68/><G26/><T41/><AGARI ba="0,1" hai="41,42,44,46,49,50,52,53,54,59,61,92,93,95" machi="41" ten="30,8000,1" yaku="1,1,0,1,9,1,8,1,54,1,53,0" doraHai="70" doraHaiUra="5" who="0" fromWho="0" sc="225,90,173,-20,307,-20,285,-40" owari="315,41.0,153,-35.0,287,9.0,245,-15.0" /></mjloggm>