<mjloggm ver="2.3"><GO type="41" lobby="0"/><UN n0="%54%48%58" n1="%E5%B0%B1%E6%B4%BB%E7%94%9F%40%E5%B7%9D%E6%9D%91%E8%BB%8D%E5%9B%A3" n2="%E7%8E%89%E5%AD%90%2E" n3="%50%61%6E%64%72%61" dan="13,15,15,14" rate="1856.13,1995.36,1989.84,1892.91" sx="M,M,M,M"/><TAIKYOKU oya="0"/><INIT seed="0,0,0,5,3,104" ten="250,250,250,250" oya="0" hai0="130,78,42,71,22,105,5,34,133,98,35,107,111" hai1="23,2,65,83,13,33,96,37,29,110,103,119,10" hai2="12,131,134,60,11,9,90,25,8,67,120,108,68" hai3="32,31,30,47,55,93,52,66,73,79,82,39,50"/><T75/><D71/><U61/><E119/><V15/><F120/><W113/><G113/><T117/><D117/><U70/><E110/><V18/><F108/><W4/><G66/><T123/><D111/><U64/><E64/><V92/><F134/><W44/><G4/><T6/><D123/><U115/><E115/><V85/><F131/><W14/><G14/><T38/><D22/><U127/><E127/><V125/><F125/><W77/><G77/><T1/><D6/><U21/><E37/><V63/><F60/><W46/><G32/><N who="0" m="12331" /><D98/><U28/><E2/><V126/><F126/><W72/><G72/><T54/><D54/><U97/><E97/><V48/><F48/><W87/><G55/><T58/><D58/><U36/><E36/><V40/><F40/><W57/><REACH who="3" step="1"/><G39/><REACH who="3" ten="250,250,250,240" step="2"/><T17/><D133/><U80/><E13/><V122/><F122/><W81/><G81/><N who="0" m="45279" /><D17/><U112/><E80/><V118/><F118/><W49/><G49/><T89/><D130/><U116/><E83/><V51/><F51/><W106/><G106/><T128/><D128/><U74/><E65/><V43/><F43/><W95/><G95/><T24/><D24/><U84/><E33/><V59/><F68/><W7/><G7/><T56/><D56/><U45/><E116/><V109/><F109/><W91/><AGARI ba="0,1" hai="30,31,44,46,47,50,52,57,73,79,82,87,91,93" machi="91" ten="30,7900,0" yaku="1,1,0,1,52,1,54,1,53,0" doraHai="104" doraHaiUra="101" who="3" fromWho="3" sc="250,-39,250,-20,250,-20,240,89" /><INIT seed="1,0,0,2,0,16" ten="211,230,230,329" oya="1" hai0="51,2,130,26,40,34,41,90,120,117,93,96,28" hai1="122,89,131,53,44,65,17,15,86,37,74,45,10" hai2="111,59,61,8,105,135,126,75,18,42,77,125,119" hai3="36,134,88,114,27,7,43,73,50,127,66,76,116"/><U110/><E74/><V68/><F119/><W11/><G116/><T9/><D120/><U82/><E122/><V132/><F105/><W1/><G114/><T69/><D117/><U118/><E118/><V98/><F98/><W128/><G128/><T35/><D69/><U39/><E131/><V21/><F42/><W109/><G109/><T6/><D130/><U29/><E110/><V108/><F68/><W100/><G134/><N who="2" m="51241" /><F75/><W87/><G127/><N who="2" m="48649" /><F77/><W46/><G66/><T24/><D51/><N who="1" m="28903" /><E65/><N who="2" m="39103" /><F8/><W38/><G100/><T79/><D79/><U104/><E104/><V115/><F115/><W0/><G0/><T57/><D40/><N who="1" m="22671" /><E39/><V70/><F70/><W92/><REACH who="3" step="1"/><G27/><AGARI ba="0,0" hai="18,21,27,108,111" m="39103,48649,51241" machi="27" ten="30,3900,0" yaku="20,1,18,1,52,1" doraHai="16" who="2" fromWho="3" sc="211,0,230,0,230,39,329,-39" /><INIT seed="2,0,0,2,3,33" ten="211,230,269,290" oya="2" hai0="46,124,88,30,98,131,108,24,62,94,82,91,128" hai1="36,110,118,134,44,119,20,29,11,70,13,47,121" hai2="61,58,103,54,40,43,5,66,56,68,74,79,14" hai3="117,122,21,86,84,127,111,15,133,77,69,130,1"/><V37/><F103/><W28/><G69/><T83/><D46/><U97/><E70/><V120/><F74/><W89/><G117/><T52/><D108/><U99/><E121/><V123/><F79/><W45/><G122/><T4/><D4/><U27/><E110/><V105/><F105/><W64/><G111/><T135/><D91/><U100/><E134/><V22/><F22/><W78/><G64/><T113/><D113/><U63/><E97/><V17/><F5/><W16/><G133/><T2/><D124/><U7/><E63/><N who="2" m="40031" /><F14/><W59/><G127/><T0/><D135/><U75/><E75/><V115/><F17/><W96/><G130/><N who="0" m="49707" /><D82/><U6/><E6/><V51/><F115/><W57/><G28/><T3/><D83/><U95/><E36/><V35/><F35/><W65/><G45/><T26/><D30/><U87/><E47/><N who="2" m="23951" /><F43/><W48/><G78/><T9/><D9/><U85/><E44/><V41/><F41/><W55/><G77/><T73/><D73/><U50/><E50/><V106/><F106/><W32/><G32/><T19/><D19/><U129/><E129/><V12/><F12/><W76/><G1/><T107/><D107/><U60/><E60/><V34/><F34/><W132/><G132/><T8/><D8/><U81/><E87/><V25/><F25/><W39/><G76/><AGARI ba="0,0" hai="7,11,13,20,27,29,76,81,85,95,99,100,118,119" machi="76" ten="30,1000,0" yaku="7,1" doraHai="33" who="1" fromWho="3" sc="211,0,230,10,269,0,290,-10" /><INIT seed="3,0,0,4,0,55" ten="211,240,269,280" oya="3" hai0="109,97,75,125,3,72,80,15,38,124,9,120,47" hai1="77,92,12,13,59,101,104,103,11,17,85,35,108" hai2="36,118,134,94,26,126,100,79,28,84,27,50,58" hai3="39,22,86,63,98,21,74,67,83,60,95,76,133"/><W110/><G39/><T0/><D120/><U119/><E35/><V44/><F118/><W4/><G133/><T70/><D70/><U66/><E119/><V88/><F134/><W51/><G110/><T128/><D109/><U69/><E69/><V23/><F126/><N who="0" m="48746" /><D128/><U46/><E104/><V121/><F121/><W1/><G74/><T34/><D34/><U37/><E108/><V89/><F36/><W93/><G63/><T105/><D72/><U25/><E37/><V81/><F26/><W61/><G61/><T10/><D80/><N who="1" m="47247" /><E46/><V30/><F30/><W19/><G95/><T116/><D116/><U90/><E25/><V18/><F28/><W49/><G1/><N who="0" m="587" /><D75/><U71/><E71/><V53/><REACH who="2" step="1"/><F44/><REACH who="2" ten="211,240,259,280" step="2"/><W2/><G2/><T43/><D15/><U48/><E13/><V20/><F20/><W16/><G22/><T131/><D131/><U64/><E101/><AGARI ba="0,1" hai="9,10,38,43,47,97,101,105" m="587,48746" machi="101" ten="30,1000,0" yaku="18,1" doraHai="55" who="0" fromWho="1" sc="211,20,240,-10,259,0,280,0" /><INIT seed="4,0,0,4,4,4" ten="231,230,259,280" oya="0" hai0="55,95,76,133,9,60,67,6,14,34,114,33,38" hai1="57,98,128,127,131,103,100,92,29,85,108,90,117" hai2="47,40,22,23,24,82,31,58,27,87,77,84,26" hai3="126,115,124,61,51,65,32,121,62,134,59,42,49"/><T64/><D38/><U5/><E5/><V101/><F101/><N who="1" m="38985" /><E29/><V132/><F132/><W10/><G32/><T19/><D133/><U52/><E117/><V81/><F58/><N who="3" m="37047" /><G134/><T89/><D34/><U72/><E72/><V44/><F40/><W78/><G78/><T122/><D122/><U120/><E120/><V7/><F7/><W102/><G102/><T16/><D33/><U99/><E108/><V45/><F31/><W125/><G115/><T119/><D114/><U97/><E57/><V91/><AGARI ba="0,0" hai="22,23,24,26,27,44,45,47,77,81,82,84,87,91" machi="91" ten="30,2000,0" yaku="0,1,8,1" doraHai="4" who="2" fromWho="2" sc="231,-10,230,-5,259,20,280,-5" /><INIT seed="5,0,0,0,0,133" ten="221,225,279,275" oya="1" hai0="102,121,27,46,108,35,34,2,36,50,25,66,29" hai1="106,17,101,74,60,81,126,73,18,58,65,84,119" hai2="53,56,23,95,54,99,105,68,87,9,39,62,63" hai3="19,48,111,72,45,8,67,112,135,132,49,82,131"/><U98/><E119/><V113/><F39/><W57/><G111/><T1/><D121/><U55/><E126/><V30/><F105/><W14/><G112/><T92/><D36/><U97/><E97/><V85/><F113/><W78/><G131/><T70/><D108/><U124/><E124/><V37/><F37/><W51/><REACH who="3" step="1"/><G45/><REACH who="3" ten="221,225,279,265" step="2"/><T77/><D2/><U44/><E74/><V104/><F104/><W117/><G117/><T24/><D1/><U129/><E73/><V125/><F68/><W90/><G90/><T76/><D29/><U130/><E130/><V43/><F125/><W32/><G32/><T15/><D35/><U7/><E129/><V11/><F43/><W21/><G21/><T120/><D34/><U118/><E118/><V22/><F23/><W69/><G69/><T88/><D102/><U0/><E0/><V31/><F22/><W3/><G3/><T80/><D120/><U127/><E127/><V64/><F56/><W134/><G134/><T52/><D70/><U123/><E123/><V86/><F9/><W89/><G89/><T5/><D76/><U59/><E44/><V26/><F11/><W16/><G16/><T122/><D122/><U71/><E71/><V114/><F114/><W107/><G107/><T10/><D66/><U38/><E7/><V6/><F6/><W109/><G109/><T40/><D77/><N who="1" m="46127" /><E38/><V91/><F64/><W33/><G33/><T42/><D80/><U28/><E28/><V13/><F31/><W47/><G47/><T103/><D103/><U79/><E79/><V115/><F115/><W4/><G4/><RYUUKYOKU ba="0,1" sc="221,10,225,10,279,-30,265,10" hai0="5,10,15,24,25,27,40,42,46,50,52,88,92" hai1="17,18,55,58,59,60,65,98,101,106" hai3="8,14,19,48,49,51,57,67,72,78,82,132,135" /><INIT seed="5,1,1,3,5,28" ten="231,235,249,275" oya="1" hai0="89,134,53,131,23,80,129,44,81,42,11,76,77" hai1="13,122,30,71,66,37,93,98,36,102,10,29,4" hai2="39,104,52,133,19,135,2,110,21,114,24,59,69" hai3="26,31,47,109,103,113,9,35,68,50,83,0,90"/><U130/><E122/><V41/><F104/><W48/><G109/><T121/><D11/><U46/><E130/><N who="0" m="49673" /><D121/><U100/><E100/><V3/><F110/><W20/><G113/><T117/><D53/><U55/><E71/><V62/><F69/><W5/><G68/><T82/><D23/><U64/><E37/><V112/><F41/><W45/><G103/><T12/><D117/><U70/><E70/><V57/><F59/><W125/><G125/><T119/><D119/><U27/><E30/><V1/><REACH who="2" step="1"/><F39/><REACH who="2" ten="231,235,239,275" step="2"/><W8/><G50/><T17/><D42/><U126/><E126/><V58/><F58/><W86/><G48/><T107/><D44/><U79/><E79/><N who="0" m="30281" /><D107/><U40/><REACH who="1" step="1"/><E55/><REACH who="1" ten="231,225,239,275" step="2"/><V14/><F14/><W123/><G123/><T84/><D134/><AGARI ba="1,3" hai="1,2,3,19,21,24,52,57,62,112,114,133,134,135" machi="134" ten="50,8000,1" yaku="1,1,20,1,54,1,53,1" doraHai="28" doraHaiUra="56" who="2" fromWho="0" sc="231,-83,225,0,239,113,275,0" /><INIT seed="6,0,0,2,1,88" ten="148,225,352,275" oya="2" hai0="44,20,123,104,98,48,24,34,63,62,37,71,135" hai1="69,70,131,16,121,5,81,54,8,119,82,36,9" hai2="106,133,0,126,118,87,74,10,103,90,89,61,11" hai3="80,13,64,60,57,91,15,115,86,125,28,120,55"/><V132/><F118/><W65/><G120/><T6/><D37/><U94/><E119/><V101/><F0/><W85/><G125/><T29/><D6/><U41/><E131/><V26/><F26/><W127/><G127/><T134/><D123/><U76/><E121/><V18/><F126/><W32/><G115/><T114/><D114/><U68/><E54/><V84/><F61/><W47/><G32/><T1/><D1/><U7/><E41/><V79/><F18/><W50/><G28/><T51/><D20/><U129/><E36/><V96/><F10/><W116/><G116/><T38/><D38/><U107/><E107/><V46/><F46/><W59/><REACH who="3" step="1"/><G86/><REACH who="3" ten="148,225,352,265" step="2"/><N who="2" m="32809" /><F11/><W130/><G130/><T14/><D14/><U33/><E129/><V75/><F103/><W100/><G100/><T35/><D35/><U4/><E33/><V2/><F2/><W97/><G97/><T92/><D98/><U19/><E9/><V58/><F79/><W45/><G45/><T112/><D44/><U49/><E8/><V95/><F106/><W39/><G39/><T83/><D104/><U52/><E19/><V78/><F78/><W109/><G109/><T56/><D112/><U128/><E128/><V27/><F27/><W53/><G53/><T108/><D108/><U40/><E16/><V111/><F111/><W124/><G124/><T67/><D24/><U113/><E76/><V66/><F66/><W17/><G17/><T12/><D34/><U42/><E7/><V31/><F31/><W43/><G43/><T110/><D110/><U3/><E113/><V117/><F117/><RYUUKYOKU ba="0,1" sc="148,-10,225,-10,352,-10,265,30" hai3="13,15,47,50,55,57,59,60,64,65,80,85,91" /><INIT seed="7,1,1,0,0,85" ten="138,215,342,295" oya="3" hai0="129,15,25,120,113,115,5,81,107,18,71,112,29" hai1="92,59,37,28,60,99,78,106,98,44,77,124,74" hai2="4,50,40,27,47,95,117,35,55,133,3,114,80" hai3="63,121,38,104,100,128,36,9,127,67,108,26,132"/><W101/><G121/><T130/><D107/><U23/><E124/><V56/><F117/><W45/><G127/><T68/><D81/><U125/><E125/><V16/><F133/><W17/><G132/><T131/><D71/><U96/><E106/><V7/><F3/><W94/><G128/><T88/><D68/><U87/><E74/><V14/><F114/><W20/><G104/><T48/><D48/><U52/><E37/><V83/><F95/><W13/><G108/><T64/><D64/><U1/><E1/><V49/><F35/><W75/><G75/><T12/><D120/><U21/><E44/><V118/><F27/><W0/><G0/><T110/><D110/><U116/><E116/><V6/><F118/><W61/><G61/><T57/><D57/><U76/><E28/><V43/><F43/><W103/><G45/><T122/><D88/><AGARI ba="1,1" hai="21,23,52,59,60,76,77,78,87,88,92,96,98,99" machi="88" ten="40,8000,1" yaku="8,1,52,1,54,2" doraHai="85" who="1" fromWho="0" sc="138,-83,215,93,342,0,295,0" owari="55,-44.0,308,11.0,342,43.0,295,-10.0" /></mjloggm>