<mjloggm ver="2.3"><GO type="169" lobby="0"/><UN n0="%E5%B0%B1%E6%B4%BB%E7%94%9F%40%E5%B7%9D%E6%9D%91%E8%BB%8D%E5%9B%A3" n1="%33%33%62%6C%61%63%6B" n2="%E9%A6%AC%E8%BB%8A%E9%A6%AC%32%6E%64" n3="%E3%81%AE%E3%81%A9%E3%81%94%E3%81%97%E3%80%88%E7%94%9F%E3%80%89" dan="16,17,17,17" rate="2125.92,2114.38,2195.57,2146.92" sx="M,F,M,M"/><TAIKYOKU oya="0"/><INIT seed="0,0,0,0,4,117" ten="250,250,250,250" oya="0" hai0="8,88,135,101,78,26,120,47,104,122,29,22,25" hai1="126,11,12,71,114,121,73,19,13,10,7,59,118" hai2="31,28,116,41,103,79,4,14,21,72,134,66,46" hai3="37,133,54,128,75,35,9,16,67,20,124,34,92"/><T68/><D68/><U108/><E71/><V132/><F116/><W18/><G37/><T15/><D78/><U96/><E118/><V32/><F103/><W97/><G75/><T42/><D135/><N who="2" m="51754" /><F66/><W50/><G133/><T106/><D26/><U125/><E73/><V119/><F32/><W6/><G67/><T93/><D104/><U111/><E96/><V127/><F127/><N who="1" m="48649" /><E59/><V52/><F52/><W98/><G124/><T80/><D80/><U95/><E95/><V5/><F14/><W99/><G92/><T70/><D101/><U0/><E114/><V100/><F100/><W85/><G85/><T56/><D56/><U107/><E107/><V129/><F129/><W81/><G128/><T90/><D70/><U112/><E112/><V64/><F64/><W53/><G81/><T33/><D33/><U83/><E83/><N who="2" m="45543" /><F31/><W102/><G102/><T87/><D90/><U27/><E27/><N who="2" m="16495" /><F119/><W74/><G74/><T30/><D106/><U45/><E45/><V23/><F23/><W82/><G82/><T55/><D30/><U57/><E57/><V69/><F69/><W86/><G86/><T109/><D109/><N who="1" m="42059" /><E12/><V51/><AGARI ba="0,0" hai="4,5,41,46,51" m="16495,45543,51754" machi="51" ten="30,1100,0" yaku="20,1" doraHai="117" who="2" fromWho="2" sc="250,-5,250,-3,250,11,250,-3" /><INIT seed="1,0,0,5,3,133" ten="245,247,261,247" oya="1" hai0="88,90,56,122,123,19,10,14,118,131,76,91,17" hai1="24,48,58,106,104,2,15,33,112,134,94,107,93" hai2="60,77,37,45,87,30,98,11,26,9,135,8,59" hai3="61,50,114,70,16,31,23,80,3,43,83,73,62"/><U27/><E2/><V92/><F135/><W72/><G3/><T101/><D118/><U0/><E0/><V4/><F37/><W68/><G31/><T119/><D119/><U42/><E134/><V36/><F36/><W54/><G43/><T86/><D131/><U117/><E117/><V128/><F128/><W5/><G5/><T22/><D101/><U85/><E112/><V97/><F45/><W20/><G114/><T132/><D132/><U49/><E15/><V78/><F97/><W81/><G23/><T25/><REACH who="0" step="1"/><D56/><REACH who="0" ten="235,247,261,247" step="2"/><U47/><E58/><V109/><F4/><W64/><G68/><T46/><D46/><U35/><E47/><V116/><F116/><W32/><G70/><T6/><D6/><U71/><E71/><V57/><F57/><W103/><G103/><T89/><N who="0" m="23040" /><DORA hai="95" /><T121/><D121/><U40/><E106/><V53/><F109/><W69/><G69/><T99/><D99/><U108/><E108/><V113/><F113/><W12/><G83/><AGARI ba="0,1" hai="10,14,17,19,22,25,76,83,86,122,123" m="23040" machi="83" ten="50,6400,0" yaku="1,1,54,1,53,1" doraHai="133,95" doraHaiUra="18,102" who="0" fromWho="3" sc="235,74,247,0,261,0,247,-64" /><INIT seed="2,0,0,5,0,3" ten="309,247,261,183" oya="2" hai0="118,67,80,49,103,133,87,17,64,98,110,122,41" hai1="114,12,92,104,69,11,33,72,43,97,108,121,112" hai2="22,73,24,94,26,129,53,134,106,37,102,83,77" hai3="20,14,124,128,65,116,84,47,90,82,99,1,127"/><V46/><F134/><W56/><G1/><T40/><D122/><U44/><E104/><V32/><F129/><W54/><G116/><T16/><D118/><U50/><E121/><V131/><F131/><W42/><G128/><T10/><D133/><U100/><E69/><V8/><F106/><W13/><G65/><N who="0" m="25163" /><D110/><U15/><E108/><V9/><F32/><W7/><G99/><T27/><D27/><U88/><E33/><V86/><F26/><W75/><G75/><T132/><D10/><U52/><E72/><V62/><F62/><W39/><G20/><T18/><D49/><U59/><E100/><V125/><F125/><N who="3" m="48203" /><G7/><T5/><D5/><U120/><E120/><V126/><F126/><W96/><G96/><T91/><D132/><U130/><E130/><V63/><F37/><W109/><G109/><T85/><D85/><U70/><E70/><V111/><F111/><W119/><G119/><T45/><D45/><U60/><REACH who="1" step="1"/><E15/><REACH who="1" ten="309,237,261,183" step="2"/><V107/><F107/><W38/><G38/><T71/><D71/><U0/><E0/><V19/><F73/><W89/><G89/><T74/><D74/><U34/><E34/><V95/><F102/><W4/><G14/><T35/><D35/><U113/><E113/><V23/><F23/><W31/><G13/><T61/><D61/><U30/><E30/><V51/><F63/><N who="3" m="36247" /><G31/><T117/><D117/><U21/><E21/><V76/><F76/><W68/><G68/><T57/><D103/><U93/><E93/><AGARI ba="0,1" hai="8,9,19,22,24,46,51,53,77,83,86,93,94,95" machi="93" ten="40,2000,0" yaku="8,1" doraHai="3" who="2" fromWho="1" sc="309,0,237,-20,261,30,183,0" /><INIT seed="2,1,0,0,5,6" ten="309,217,291,183" oya="2" hai0="131,7,64,44,129,116,27,40,62,72,83,90,125" hai1="80,101,100,51,31,3,124,37,20,104,50,122,94" hai2="52,73,89,112,61,24,118,92,130,43,65,71,106" hai3="33,54,14,77,113,8,55,86,115,108,79,10,117"/><V39/><F106/><W75/><G33/><T15/><D116/><U81/><E37/><V111/><F118/><W18/><G117/><T107/><D107/><U110/><E104/><V21/><F73/><W68/><G68/><T82/><D125/><U120/><E124/><V63/><F112/><N who="3" m="43083" /><G75/><T66/><D72/><U9/><E110/><V45/><F111/><W17/><G108/><T12/><D27/><N who="1" m="16871" /><E3/><V132/><F130/><N who="0" m="49674" /><D90/><U49/><E9/><N who="3" m="3690" /><G86/><T16/><D7/><U128/><E128/><V25/><F132/><W119/><G119/><T58/><D66/><U56/><E56/><V35/><F35/><W67/><G67/><T97/><D97/><N who="1" m="59447" /><E101/><V98/><F21/><N who="3" m="11447" /><G18/><T22/><D12/><U48/><E122/><V134/><F134/><W30/><G30/><T87/><D87/><U2/><E120/><V59/><AGARI ba="1,0" hai="24,25,39,43,45,52,59,61,63,65,71,89,92,98" machi="59" ten="30,3000,0" yaku="0,1,54,1" doraHai="6" who="2" fromWho="2" sc="309,-11,217,-11,291,33,183,-11" /><INIT seed="2,2,0,1,4,85" ten="298,206,324,172" oya="2" hai0="74,81,106,7,65,26,42,9,16,72,57,86,11" hai1="100,28,68,18,135,101,110,39,31,132,70,91,97" hai2="56,27,82,40,96,12,80,60,117,76,41,19,120" hai3="36,49,50,30,20,29,83,109,114,127,8,98,53"/><V112/><F120/><W37/><G114/><T64/><D106/><U84/><E39/><V43/><F112/><W123/><G123/><T15/><D42/><U4/><E4/><V103/><F117/><W34/><G34/><T128/><D128/><U75/><E75/><V77/><F27/><W63/><G36/><T88/><D26/><U73/><E73/><V89/><F103/><W78/><G37/><T3/><REACH who="0" step="1"/><D65/><REACH who="0" ten="288,206,324,172" step="2"/><U71/><E132/><V33/><F33/><W54/><G54/><T118/><D118/><U22/><E135/><V131/><F131/><W32/><G53/><T130/><D130/><U47/><E110/><V44/><F44/><W122/><G109/><T113/><D113/><U95/><E47/><V52/><F82/><W87/><G83/><T51/><D51/><U17/><E101/><V24/><F24/><W58/><G50/><T21/><D21/><U13/><REACH who="1" step="1"/><E18/><REACH who="1" ten="288,196,324,172" step="2"/><V67/><F19/><W121/><G122/><T92/><D92/><AGARI ba="2,2" hai="13,17,22,28,31,68,70,71,84,91,92,95,97,100" machi="92" ten="40,5200,0" yaku="1,1,2,1,52,1,53,0" doraHai="85" doraHaiUra="23" who="1" fromWho="0" sc="288,-58,196,78,324,0,172,0" /><INIT seed="3,0,0,1,1,50" ten="230,274,324,172" oya="3" hai0="82,107,56,36,100,120,62,35,80,57,76,75,26" hai1="115,77,114,129,46,34,51,3,108,90,111,25,29" hai2="130,0,113,47,14,134,6,27,106,28,61,117,37" hai3="23,10,78,102,22,110,132,73,69,48,52,125,128"/><W96/><G69/><T126/><D120/><U94/><E3/><V63/><F106/><W81/><G125/><T49/><D36/><U1/><E1/><V42/><F117/><W85/><G132/><T4/><D126/><U15/><E77/><V30/><F113/><W118/><G118/><T135/><D135/><U98/><E15/><V19/><F30/><W11/><G128/><T2/><D2/><U124/><E129/><V109/><F109/><N who="1" m="42057" /><E124/><V45/><F45/><W32/><G32/><T41/><D80/><U31/><E31/><V89/><F89/><W60/><G110/><T54/><D4/><U43/><AGARI ba="0,0" hai="25,29,34,43,46,51,90,94,98,114,115" m="42057" machi="43" ten="30,1100,0" yaku="14,1" doraHai="50" who="1" fromWho="1" sc="230,-3,274,11,324,-3,172,-5" /><INIT seed="4,0,0,5,1,116" ten="227,285,321,167" oya="0" hai0="14,92,94,5,78,74,122,30,108,104,114,60,61" hai1="36,31,99,54,135,120,47,68,45,48,33,19,55" hai2="43,88,53,125,112,82,22,29,27,0,28,89,90" hai3="109,129,132,119,70,95,107,71,93,111,117,87,77"/><T101/><D30/><U46/><E68/><V51/><F0/><W57/><G107/><T127/><D104/><U18/><E135/><V4/><F112/><W6/><G132/><T25/><D25/><U84/><E36/><V59/><F125/><W123/><G6/><T69/><D114/><U10/><E99/><V12/><F43/><W23/><G23/><T67/><D127/><U73/><E73/><V35/><F29/><W13/><G13/><T126/><D126/><U106/><E106/><V50/><F50/><W7/><G7/><T76/><D108/><U2/><E2/><V42/><F42/><W124/><G124/><T32/><D32/><U113/><E113/><V16/><F4/><W39/><G39/><T34/><D34/><U97/><E97/><V131/><REACH who="2" step="1"/><F82/><REACH who="2" ten="227,285,311,167" step="2"/><W85/><G119/><T26/><D5/><U56/><E48/><V86/><F86/><W102/><G117/><T1/><D1/><U133/><E84/><V103/><F103/><W62/><G85/><T65/><D101/><U9/><E133/><V21/><F21/><W49/><G102/><T83/><D83/><U134/><E134/><V64/><F64/><W40/><G87/><T80/><D80/><U121/><E31/><V79/><F79/><W52/><G77/><T41/><D41/><U15/><E33/><V81/><F81/><W118/><G118/><T115/><D115/><U110/><E55/><V44/><F44/><W37/><G40/><T38/><D38/><U66/><E66/><V3/><F3/><W100/><G37/><T58/><D76/><U96/><E54/><RYUUKYOKU ba="0,1" sc="227,-10,285,-10,311,30,167,-10" hai2="12,16,22,27,28,35,51,53,59,88,89,90,131" /><INIT seed="5,1,1,1,5,68" ten="217,275,341,157" oya="1" hai0="108,49,103,7,90,3,32,17,35,109,38,114,91" hai1="52,74,60,79,112,41,10,122,4,28,29,34,130" hai2="61,94,70,30,45,65,73,129,9,84,57,92,85" hai3="1,39,89,44,37,15,127,134,5,43,47,121,33"/><U76/><E122/><V77/><F129/><W120/><G1/><T111/><D114/><U115/><E130/><V27/><F73/><W117/><G33/><T14/><D103/><U102/><E102/><V99/><F70/><W86/><G117/><T78/><D78/><N who="1" m="29739" /><E74/><V23/><F94/><W63/><G63/><T97/><D38/><U98/><E98/><V128/><F128/><W66/><G66/><T25/><D49/><U80/><E80/><V69/><F69/><W107/><G107/><T2/><D97/><U21/><E34/><V131/><F131/><W106/><G106/><T87/><D90/><U81/><E81/><V105/><F105/><W40/><G134/><T95/><D7/><U31/><E41/><V123/><F123/><W42/><G42/><T20/><REACH who="0" step="1"/><D35/><REACH who="0" ten="207,275,341,157" step="2"/><U8/><E4/><V13/><F77/><W0/><G0/><T72/><D72/><U110/><E110/><V135/><F135/><W83/><G127/><T18/><D18/><U11/><E115/><V64/><F45/><W24/><G24/><T54/><D54/><U75/><E112/><V124/><F65/><W132/><G132/><T67/><D67/><U46/><E75/><V22/><F124/><W58/><G58/><T6/><D6/><U133/><E133/><V93/><F99/><W116/><G116/><T71/><D71/><U125/><E125/><V88/><F85/><W126/><G126/><T55/><D55/><U26/><E60/><V101/><F101/><W96/><G96/><T119/><D119/><U16/><E52/><V100/><F100/><W19/><G5/><RYUUKYOKU ba="1,2" sc="207,10,275,10,341,-30,157,10" hai0="2,3,14,17,20,25,32,87,91,95,108,109,111" hai1="8,10,11,16,21,26,28,29,31,46" hai3="15,19,37,39,40,43,44,47,83,86,89,120,121" /><INIT seed="5,2,2,0,2,124" ten="217,285,311,167" oya="1" hai0="53,95,99,22,41,16,113,91,26,67,25,78,123" hai1="133,80,129,71,112,72,17,100,114,125,14,85,103" hai2="13,19,70,79,94,75,104,48,115,64,73,86,20" hai3="111,98,61,102,34,110,81,45,42,106,59,134,9"/><U28/><E72/><V32/><F32/><W68/><G68/><T116/><D116/><U96/><E71/><V135/><F104/><W3/><G34/><T35/><D123/><U122/><E122/><V33/><F33/><W43/><G134/><T27/><D113/><N who="1" m="43627" /><E125/><V132/><F115/><W121/><G121/><T11/><D35/><U107/><E133/><N who="2" m="51275" /><F48/><W0/><G81/><T74/><D74/><U12/><E28/><V57/><F57/><W38/><G43/><T46/><D67/><U50/><E129/><V92/><F92/><W37/><G37/><T29/><D78/><N who="1" m="46231" /><E103/><V130/><F130/><W31/><G31/><T55/><D11/><N who="1" m="6303" /><E50/><V5/><F5/><W56/><G9/><T4/><D4/><U58/><E58/><V65/><F70/><W126/><G126/><T117/><D117/><U54/><E14/><V88/><F75/><W109/><REACH who="3" step="1"/><G59/><REACH who="3" ten="217,285,311,157" step="2"/><T97/><D29/><U7/><E7/><V1/><F1/><W105/><G105/><T18/><D18/><U118/><E118/><V21/><F21/><W127/><G127/><T52/><REACH who="0" step="1"/><D99/><REACH who="0" ten="207,285,311,157" step="2"/><U60/><E96/><N who="2" m="57415" /><F73/><W76/><G76/><T2/><D2/><U89/><E107/><V8/><F8/><W44/><G44/><T6/><D6/><U47/><E47/><V36/><F36/><AGARI ba="2,4" hai="16,22,25,26,27,36,41,46,52,53,55,91,95,97" machi="36" ten="40,5200,0" yaku="1,1,54,2,53,0" doraHai="124" doraHaiUra="82" who="0" fromWho="2" sc="207,98,285,0,311,-58,157,0" /><INIT seed="6,0,0,4,5,38" ten="305,285,253,157" oya="2" hai0="74,115,1,56,46,79,51,76,21,28,83,43,123" hai1="5,59,13,64,34,134,85,82,27,57,52,32,68" hai2="8,102,72,91,107,124,53,117,122,127,22,41,119" hai3="84,12,61,130,42,96,131,4,19,18,6,86,128"/><V36/><F122/><W81/><G61/><T126/><D123/><U26/><E68/><V105/><F72/><W108/><G108/><T15/><D1/><U94/><E134/><V3/><F53/><W89/><G96/><T90/><D126/><N who="2" m="48170" /><F91/><W98/><G98/><T106/><D106/><N who="2" m="40458" /><F22/><W112/><G112/><T88/><D115/><U110/><E34/><V77/><F77/><N who="0" m="29770" /><D74/><U60/><E32/><V92/><F92/><W2/><G2/><T55/><D83/><U14/><E94/><V113/><F102/><W70/><G70/><T17/><D28/><U120/><E120/><V16/><F113/><W114/><G114/><T63/><AGARI ba="0,0" hai="15,17,21,43,46,51,55,56,63,88,90" m="29770" machi="63" ten="30,4000,0" yaku="8,1,52,1,54,1" doraHai="38" who="0" fromWho="0" sc="305,40,285,-10,253,-20,157,-10" /><INIT seed="7,0,0,1,5,37" ten="345,275,233,147" oya="3" hai0="81,127,0,103,120,31,84,73,1,95,63,70,135" hai1="129,82,98,119,55,128,18,105,109,35,21,112,107" hai2="5,78,52,34,106,9,29,114,68,4,16,115,53" hai3="32,8,19,48,28,39,30,41,118,90,116,10,77"/><W7/><G39/><T33/><D120/><U40/><E35/><V6/><F106/><W57/><G77/><T132/><D73/><U67/><E109/><V83/><F68/><W11/><G7/><T62/><D127/><U74/><E112/><N who="2" m="43051" /><F34/><W69/><G69/><T38/><D38/><U110/><E110/><V50/><F29/><W117/><G32/><T17/><D17/><U96/><E119/><V76/><F50/><W94/><G19/><T59/><D70/><U91/><E67/><V134/><F134/><N who="0" m="51242" /><D31/><U113/><E113/><V46/><F46/><W88/><G90/><N who="0" m="51471" /><D33/><U121/><E121/><V111/><F111/><W43/><G57/><T3/><D59/><U25/><E55/><N who="2" m="21067" /><F83/><W56/><G56/><T66/><D66/><U26/><E40/><V104/><F104/><N who="1" m="40009" /><E26/><V101/><F101/><W54/><G54/><T99/><AGARI ba="0,0" hai="0,1,3,62,63,95,99,103" m="51471,51242" machi="99" ten="40,1500,0" yaku="20,1" doraHai="37" who="0" fromWho="0" sc="345,15,275,-4,233,-4,147,-7" owari="360,46.0,271,7.0,229,-17.0,140,-36.0" /></mjloggm>