<mjloggm ver="2.3"><GO type="97" lobby="0"/><UN n0="%E5%B0%B1%E6%B4%BB%E7%94%9F%40%E5%B7%9D%E6%9D%91%E8%BB%8D%E5%9B%A3" n1="%E6%B0%B4%E7%84%A1%E7%80%AC%E6%B5%81%E5%8D%97" n2="%E5%B7%9D%E6%9D%91%E8%BB%8D%E5%9B%A3%E8%BB%8D%E6%9D%91%E5%B7%9D" n3="%E5%AE%AE%E6%B0%B8%E9%AE%AD" dan="15,13,14,13" rate="2006.47,1881.46,1991.87,1852.03" sx="M,M,F,F"/><TAIKYOKU oya="0"/><INIT seed="0,0,0,3,1,93" ten="250,250,250,250" oya="0" hai0="108,99,47,124,86,13,109,49,12,15,81,55,79" hai1="82,60,25,6,119,62,126,44,34,104,129,89,102" hai2="91,38,16,63,113,20,29,76,31,115,35,98,87" hai3="114,52,56,50,32,127,96,111,41,64,117,57,120"/><T10/><D124/><U36/><E119/><V23/><F38/><W1/><G117/><T131/><D131/><U37/><E126/><V45/><F35/><W118/><G127/><T116/><D116/><U84/><E129/><V53/><F76/><W14/><G118/><T85/><D85/><U69/><E6/><V100/><F23/><W110/><G114/><T88/><REACH who="0" step="1"/><D10/><REACH who="0" ten="240,250,250,250" step="2"/><U11/><E11/><V75/><F87/><W132/><G120/><T43/><D43/><U9/><E9/><V94/><F115/><W46/><G132/><T21/><D21/><U122/><E122/><V77/><F113/><W17/><G32/><T42/><D42/><U101/><E34/><V0/><F75/><W19/><G64/><T123/><D123/><U103/><E104/><V107/><F77/><W83/><G111/><T24/><D24/><U73/><E73/><V74/><F74/><W112/><G110/><T28/><D28/><U68/><E25/><V92/><F31/><W121/><G112/><T72/><D72/><U22/><E22/><V71/><F29/><W66/><G121/><T80/><D80/><U39/><E44/><V95/><F20/><W5/><G83/><T54/><D54/><U130/><E130/><V78/><F45/><W48/><G52/><T67/><D67/><U2/><E2/><V105/><F53/><W8/><G46/><T59/><D59/><U3/><E3/><V40/><F78/><W58/><G57/><T106/><D106/><U26/><E26/><V51/><F107/><W90/><G1/><T135/><D135/><U133/><E133/><RYUUKYOKU ba="0,1" sc="240,15,250,15,250,-15,250,-15" hai0="12,13,15,47,49,55,79,81,86,88,99,108,109" hai1="36,37,39,60,62,68,69,82,84,89,101,102,103" /><INIT seed="0,1,1,1,3,86" ten="255,265,235,235" oya="0" hai0="107,62,4,77,61,35,23,104,3,29,117,79,87" hai1="45,44,65,38,110,128,37,74,40,92,49,39,47" hai2="80,1,58,76,7,135,9,96,81,94,85,75,41" hai3="72,106,56,89,8,31,13,82,52,95,69,16,32"/><T30/><D117/><U83/><E92/><V118/><F118/><W84/><G106/><T114/><D35/><U54/><E83/><V88/><F135/><W51/><G69/><T78/><D114/><U20/><E20/><V34/><F34/><W112/><G112/><T36/><D36/><N who="1" m="13931" /><E74/><V90/><F41/><W6/><G32/><T99/><D3/><U14/><E14/><V27/><F27/><W101/><G101/><T121/><D121/><U109/><E128/><V133/><F133/><W102/><G31/><T64/><D4/><U93/><E93/><V126/><F58/><W127/><G127/><T97/><D23/><U73/><E73/><V115/><REACH who="2" step="1"/><F115/><REACH who="2" ten="255,265,225,235" step="2"/><W28/><G28/><T113/><D113/><U103/><E109/><V17/><F17/><W123/><G123/><T21/><D30/><U12/><E110/><V60/><F60/><W111/><G111/><T66/><D29/><U100/><E40/><V116/><F116/><W134/><G134/><T131/><D62/><U0/><E39/><V125/><AGARI ba="1,2" hai="1,7,9,75,76,80,81,85,88,90,94,96,125,126" machi="125" ten="30,8000,1" yaku="1,1,0,1,52,2,54,1,53,0" doraHai="86" doraHaiUra="19" who="2" fromWho="2" sc="255,-41,265,-21,225,103,235,-21" /><INIT seed="1,0,0,5,5,60" ten="214,244,328,214" oya="1" hai0="96,75,35,104,24,34,1,81,72,87,114,18,116" hai1="64,11,86,63,128,97,91,14,13,88,10,129,37" hai2="121,21,125,65,67,20,28,123,108,32,132,8,47" hai3="0,92,133,53,105,7,110,102,12,3,76,111,120"/><U31/><E37/><V49/><F125/><W126/><G120/><T101/><D116/><U127/><E31/><V73/><F73/><W61/><G133/><T98/><D1/><U9/><E127/><V90/><F132/><W100/><G126/><T51/><D114/><U54/><E97/><V89/><F108/><N who="3" m="41515" /><G105/><T115/><D115/><U33/><E54/><V25/><F123/><W79/><G12/><N who="1" m="4714" /><E33/><V113/><F121/><W94/><G61/><T80/><D98/><U16/><E16/><V29/><F113/><W124/><G53/><T106/><D106/><U95/><E91/><N who="2" m="34827" /><F32/><W84/><G124/><T2/><D2/><N who="3" m="553" /><G7/><T78/><D35/><U17/><E17/><V40/><F8/><W48/><G48/><T85/><D51/><U6/><E6/><V57/><F57/><W15/><G15/><T59/><D59/><N who="1" m="36991" /><E128/><V42/><F42/><W62/><G62/><T74/><D18/><U134/><E129/><V83/><F83/><W56/><G56/><T119/><D34/><U27/><E134/><V4/><F4/><W130/><G130/><T93/><D119/><U36/><E36/><V70/><F70/><W131/><G131/><T45/><D45/><U69/><E69/><V99/><F99/><N who="3" m="59495" /><G84/><T117/><D117/><U23/><E23/><V44/><F44/><W82/><G82/><T103/><D24/><AGARI ba="0,0" hai="9,10,11,24,27,86,88,95" m="36991,4714" machi="24" ten="30,5800,0" yaku="8,1,52,1,54,1" doraHai="60" who="1" fromWho="0" sc="214,-58,244,58,328,0,214,0" /><AGARI ba="0,0" hai="20,21,24,25,28,29,40,47,49,65,67" m="34827" machi="24" ten="30,3900,0" yaku="8,1,52,2" doraHai="60" who="2" fromWho="0" sc="156,-39,302,0,328,39,214,0" /><INIT seed="1,1,0,0,1,29" ten="117,302,367,214" oya="1" hai0="51,11,43,60,53,17,3,26,50,63,69,68,82" hai1="115,44,102,1,59,56,21,5,83,128,78,70,90" hai2="125,39,2,41,108,100,0,77,74,106,109,121,65" hai3="30,55,73,33,129,79,122,95,113,91,28,66,47"/><U75/><E115/><V123/><F65/><W98/><G122/><N who="2" m="46601" /><F125/><W62/><G113/><T25/><D3/><U94/><E128/><V103/><F103/><W7/><G129/><T36/><D82/><U124/><E124/><V130/><F130/><W14/><G73/><T45/><D11/><U8/><E70/><N who="0" m="27241" /><D17/><U48/><E102/><V86/><F86/><W42/><G79/><T37/><D25/><U114/><E21/><V131/><F131/><W15/><G7/><T34/><D26/><U88/><E90/><V61/><F61/><N who="0" m="23626" /><D34/><U71/><E71/><V6/><F6/><W40/><G55/><T27/><D27/><U126/><E114/><V84/><F84/><W81/><G81/><T110/><D110/><N who="2" m="42602" /><F77/><W58/><G42/><T112/><D112/><U107/><E126/><V132/><F74/><W134/><G33/><T127/><D127/><U35/><E35/><V52/><F132/><W32/><G134/><T118/><D118/><U67/><E67/><V38/><F100/><W116/><G116/><T22/><D22/><U111/><E107/><V97/><F106/><W104/><G104/><T120/><D120/><U31/><E31/><N who="3" m="11818" /><G32/><T19/><D19/><U133/><E133/><V10/><F97/><W96/><G96/><T12/><D12/><U76/><E78/><V20/><F20/><W117/><G117/><T93/><D93/><U135/><E135/><V99/><F10/><W54/><G40/><T18/><D18/><U16/><E16/><V9/><F99/><W24/><G24/><T85/><D85/><N who="1" m="52495" /><E111/><V92/><F2/><W23/><G23/><RYUUKYOKU ba="1,0" sc="117,10,302,10,367,-30,214,10" hai0="36,37,43,45,50,51,53" hai1="1,5,8,44,48,56,59,75,76,83" hai3="14,15,47,54,58,62,66,91,95,98" /><INIT seed="1,2,0,3,1,1" ten="127,312,337,224" oya="1" hai0="80,22,121,56,13,25,12,126,19,4,65,35,123" hai1="130,57,28,44,75,86,66,2,88,85,41,70,98" hai2="20,83,127,118,24,42,33,97,36,114,38,37,53" hai3="55,94,47,39,96,105,87,112,117,29,17,99,30"/><U31/><E75/><V107/><F33/><W54/><G117/><T76/><D65/><U72/><E72/><V5/><F118/><W40/><G112/><T122/><D56/><U7/><E70/><V61/><F114/><W18/><G105/><T43/><D43/><U32/><E32/><V111/><F127/><W51/><G55/><T92/><D92/><N who="1" m="56583" /><E7/><V77/><F111/><W26/><G87/><N who="1" m="33290" /><E2/><V101/><F42/><W34/><G30/><N who="0" m="19919" /><D80/><U100/><E100/><V69/><F69/><W45/><REACH who="3" step="1"/><G99/><REACH who="3" ten="127,312,337,214" step="2"/><T10/><D76/><U103/><E130/><V91/><F97/><W131/><G131/><T16/><D126/><U14/><E103/><AGARI ba="2,1" hai="17,18,26,29,34,39,40,45,47,51,54,94,96,103" machi="103" ten="30,2000,0" yaku="1,1,7,1,53,0" doraHai="1" doraHaiUra="133" who="3" fromWho="1" sc="127,0,312,-26,337,0,214,36" /><INIT seed="2,0,0,2,4,77" ten="127,286,337,250" oya="2" hai0="82,110,50,99,53,89,59,79,2,108,135,107,127" hai1="30,62,91,97,118,22,84,15,134,11,49,44,34" hai2="106,10,83,119,105,121,60,58,12,95,124,64,100" hai3="111,109,81,129,128,56,35,90,18,71,75,9,92"/><V23/><F121/><W126/><G71/><T38/><D2/><U123/><E34/><V47/><F119/><W80/><G35/><T7/><D38/><U61/><E118/><V132/><F132/><W8/><G126/><T67/><D127/><U131/><E123/><V65/><F124/><W6/><G18/><T120/><D135/><U40/><E134/><V16/><F47/><W72/><G56/><T52/><D120/><U32/><E32/><V122/><F122/><W41/><G41/><T86/><D7/><U63/><E131/><N who="3" m="50250" /><G8/><T113/><D113/><U21/><E97/><V1/><F1/><W19/><G19/><T74/><D67/><U87/><E30/><V114/><F114/><W98/><G6/><T85/><D53/><U3/><E3/><V28/><F28/><W112/><G112/><T68/><D68/><U5/><REACH who="1" step="1"/><E87/><REACH who="1" ten="127,276,337,250" step="2"/><V78/><F106/><W31/><G31/><T117/><D117/><U115/><E115/><V94/><F105/><W14/><G14/><T20/><D20/><U54/><E54/><V96/><F94/><AGARI ba="0,1" hai="5,11,15,21,22,40,44,49,61,62,63,84,91,94" machi="94" ten="40,5200,0" yaku="1,1,8,1,53,1" doraHai="77" doraHaiUra="45" who="1" fromWho="2" sc="127,0,276,62,337,-52,250,0" /><INIT seed="3,0,0,0,1,120" ten="127,338,285,250" oya="3" hai0="39,2,111,52,26,40,129,82,100,97,22,87,123" hai1="8,101,95,81,37,99,88,73,33,68,60,89,20" hai2="78,13,44,45,121,104,103,59,115,133,109,72,90" hai3="130,14,4,132,6,32,77,102,98,76,42,12,106"/><W0/><G32/><T25/><D2/><U134/><E37/><V62/><F115/><W91/><G132/><T64/><D123/><U48/><E33/><V94/><F121/><W57/><G130/><T84/><D129/><U80/><E134/><V108/><F133/><W1/><G42/><T36/><D64/><U16/><E8/><V35/><F35/><W63/><G0/><T117/><D117/><U51/><E73/><V54/><F13/><W114/><G114/><T43/><D22/><U23/><E60/><V83/><F104/><W27/><G27/><T125/><D125/><U5/><E5/><N who="3" m="2154" /><G1/><T15/><D15/><N who="3" m="5673" /><G106/><T58/><D82/><N who="1" m="31851" /><E68/><V9/><F9/><W53/><G102/><T50/><D100/><U61/><E61/><V10/><F10/><W86/><G98/><T105/><D105/><U74/><E74/><V65/><F103/><W41/><G41/><T31/><D31/><U55/><E23/><V112/><F65/><W110/><G110/><N who="2" m="42601" /><F112/><W24/><G24/><T116/><D111/><U47/><E48/><V29/><F29/><W118/><G118/><T66/><D116/><U67/><E67/><V92/><F92/><AGARI ba="0,0" hai="53,57,63,76,77,86,91,92" m="5673,2154" machi="92" ten="30,1500,0" yaku="8,1" doraHai="120" who="3" fromWho="2" sc="127,0,338,0,285,-15,250,15" /><INIT seed="3,1,0,3,4,17" ten="127,338,270,265" oya="3" hai0="126,41,76,101,45,110,62,98,130,93,53,88,69" hai1="12,75,89,59,14,50,121,114,26,79,11,84,108" hai2="2,6,122,116,109,94,35,4,96,20,115,82,23" hai3="37,73,34,68,13,99,5,105,77,74,118,107,80"/><W90/><G34/><T67/><D110/><U113/><E121/><V102/><F116/><W104/><G68/><T22/><D126/><U72/><E108/><V44/><F115/><W91/><G37/><T25/><D130/><U3/><E3/><V81/><F2/><W119/><G5/><N who="2" m="2153" /><F35/><W128/><G128/><T24/><D76/><U8/><E26/><V100/><F122/><W49/><G49/><T123/><D123/><U70/><E70/><V48/><F109/><W66/><G66/><T27/><D101/><U38/><E79/><V36/><F36/><W63/><G63/><T9/><D9/><U125/><E38/><V40/><F102/><N who="3" m="62559" /><G13/><T30/><REACH who="0" step="1"/><D53/><REACH who="0" ten="117,338,270,265" step="2"/><U28/><E8/><V83/><AGARI ba="1,1" hai="20,23,40,44,48,81,82,83,94,96,100" m="2153" machi="83" ten="30,4000,0" yaku="8,1,52,2" doraHai="17" who="2" fromWho="2" sc="117,-11,338,-11,270,53,265,-21" owari="106,-39.0,327,43.0,323,12.0,244,-16.0" /></mjloggm>