<mjloggm ver="2.3"><GO type="41" lobby="0"/><UN n0="%E3%81%A8%E3%81%9F%E3%81%AE%EF%BC%A0%E5%B7%9D%E6%9D%91%E8%BB%8D%E5%9B%A3" n1="%62%75%6E%74%79%61%6E" n2="%E5%B0%B1%E6%B4%BB%E7%94%9F%40%E5%B7%9D%E6%9D%91%E8%BB%8D%E5%9B%A3" n3="%E6%97%85%E4%BA%BA%E3%81%A1%E3%82%88%E3%81%99%E3%81%91" dan="13,14,17,14" rate="1940.69,1836.64,2157.77,1971.71" sx="M,M,M,M"/><TAIKYOKU oya="0"/><INIT seed="0,0,0,1,4,79" ten="250,250,250,250" oya="0" hai0="77,101,86,82,4,31,53,116,49,35,18,47,0" hai1="134,110,46,21,113,133,27,60,23,56,132,106,121" hai2="83,26,117,78,42,3,6,54,127,14,1,34,99" hai3="81,16,75,92,28,124,7,88,97,17,52,119,41"/><T9/><D116/><U15/><E106/><V115/><F115/><W131/><G119/><T70/><D70/><U112/><E46/><V89/><F117/><W135/><G41/><T69/><D69/><U123/><E56/><V109/><F42/><W71/><G71/><T43/><D101/><U100/><E100/><V62/><F109/><W39/><G39/><T72/><D18/><N who="1" m="10463" /><E60/><V90/><F127/><W68/><G68/><T30/><D35/><U45/><E45/><V85/><F34/><W94/><G131/><T126/><D126/><U73/><E73/><V50/><F62/><W24/><G124/><T59/><REACH who="0" step="1"/><D86/><REACH who="0" ten="240,250,250,250" step="2"/><U44/><E110/><V76/><F85/><N who="3" m="50223" /><G75/><T29/><D29/><N who="1" m="17663" /><E44/><V38/><F99/><W105/><G105/><T125/><D125/><U91/><E91/><V33/><F6/><W111/><G111/><T10/><D10/><U104/><E104/><V128/><F33/><W63/><G7/><T20/><D20/><U11/><E11/><V65/><F128/><W129/><G129/><T19/><D19/><U87/><E87/><V13/><F3/><W122/><G28/><T98/><D98/><U66/><E66/><V130/><F1/><W57/><G17/><T61/><AGARI ba="0,1" hai="0,4,9,30,31,43,47,49,53,59,61,72,77,82" machi="61" ten="20,12000,1" yaku="1,1,0,1,7,1,52,1,53,1" doraHai="79" doraHaiUra="58" who="0" fromWho="0" sc="240,130,250,-40,250,-40,250,-40" /><INIT seed="0,1,0,5,5,112" ten="370,210,210,210" oya="0" hai0="33,135,68,119,64,85,11,61,96,25,122,29,116" hai1="69,47,60,43,52,125,65,105,128,83,3,57,84" hai2="99,111,72,40,90,120,5,106,37,48,51,94,103" hai3="124,55,56,130,38,14,39,126,34,6,121,134,104"/><T4/><D122/><U23/><E3/><V73/><F120/><W28/><G121/><T80/><D135/><U42/><E105/><V77/><F111/><W110/><G104/><T76/><REACH who="0" step="1"/><D96/><REACH who="0" ten="360,210,210,210" step="2"/><U88/><E125/><V92/><F99/><W17/><G134/><T108/><D108/><U26/><E128/><V100/><F73/><W91/><G130/><T21/><D21/><U22/><E22/><V1/><F72/><W81/><G110/><T53/><D53/><U63/><REACH who="1" step="1"/><E47/><REACH who="1" ten="360,200,210,210" step="2"/><V70/><F106/><W54/><G126/><T75/><D75/><U27/><E27/><V89/><F70/><W32/><G124/><T118/><D118/><U44/><E44/><V0/><F0/><AGARI ba="1,2" hai="0,4,11,25,29,33,61,64,68,76,80,85,116,119" machi="0" ten="30,11600,0" yaku="1,1,7,1,52,2,53,0" doraHai="112" doraHaiUra="15" who="0" fromWho="2" sc="360,139,200,0,210,-119,210,0" /><INIT seed="0,2,0,2,2,74" ten="499,200,91,210" oya="0" hai0="132,46,23,29,50,104,127,55,77,52,72,0,94" hai1="15,32,118,112,6,26,115,130,79,60,73,91,120" hai2="61,116,41,54,62,16,81,82,103,101,18,28,135" hai3="45,10,70,33,88,108,44,96,131,14,49,133,98"/><T8/><D104/><U124/><E120/><V59/><F135/><W20/><G33/><T69/><D132/><U2/><E118/><V109/><F116/><W3/><G70/><T11/><D69/><U99/><E60/><N who="2" m="23147" /><F28/><W84/><G108/><T63/><D127/><U53/><E53/><V68/><F68/><W114/><G114/><N who="1" m="43562" /><E124/><V38/><F38/><W57/><G3/><T111/><D111/><U121/><E121/><V93/><F109/><W48/><G20/><T113/><D113/><U107/><E91/><V134/><F134/><W95/><G131/><T35/><D35/><U100/><E130/><V102/><F41/><N who="3" m="24591" /><G57/><T30/><D0/><U19/><E19/><N who="2" m="7211" /><F93/><W66/><G66/><T123/><D94/><U25/><E15/><V27/><F27/><W65/><G65/><T40/><D123/><U117/><E117/><V39/><F39/><W97/><G133/><T89/><D30/><N who="1" m="19535" /><E26/><V64/><F64/><W126/><G126/><T13/><D29/><U87/><E87/><V92/><F92/><W24/><G24/><T4/><D72/><U9/><E73/><V31/><F31/><W5/><G84/><T106/><D106/><U119/><E119/><V1/><F1/><W75/><G75/><T56/><D63/><AGARI ba="2,0" hai="54,59,63,81,82,101,102,103" m="7211,23147" machi="63" ten="30,2000,0" yaku="8,1,54,1" doraHai="74" who="2" fromWho="0" sc="499,-26,200,0,91,26,210,0" /><INIT seed="1,0,0,4,5,67" ten="473,200,117,210" oya="1" hai0="92,72,97,16,60,131,66,28,12,70,32,3,13" hai1="90,34,80,128,11,89,37,15,84,105,111,27,98" hai2="8,106,24,96,103,112,45,5,1,114,120,59,19" hai3="86,132,122,73,101,68,14,82,125,31,118,26,10"/><U9/><E37/><V52/><F120/><W99/><G122/><T85/><D131/><U91/><E34/><V18/><F45/><W110/><G73/><T88/><D3/><U36/><E36/><V30/><F114/><W133/><G110/><T23/><D72/><U17/><E128/><V109/><F109/><W47/><G125/><T117/><D117/><U64/><E111/><V71/><F71/><W129/><G68/><T87/><D12/><U135/><E135/><V93/><F106/><W6/><G118/><T79/><REACH who="0" step="1"/><D79/><REACH who="0" ten="463,200,117,210" step="2"/><U116/><E116/><V75/><F75/><W100/><G129/><T102/><D102/><U33/><E27/><AGARI ba="0,1" hai="13,16,23,27,28,32,60,66,70,85,87,88,92,97" machi="27" ten="40,8000,1" yaku="1,1,52,1,54,2,53,1" doraHai="67" doraHaiUra="57" who="0" fromWho="1" sc="463,90,200,-80,117,0,210,0" /><INIT seed="2,0,0,2,2,44" ten="553,120,117,210" oya="2" hai0="66,104,106,75,129,123,56,103,76,128,92,57,8" hai1="72,22,98,23,97,74,15,113,115,118,131,112,37" hai2="2,47,102,49,34,67,125,91,116,71,12,73,41" hai3="111,105,46,124,90,133,88,130,59,3,32,78,114"/><V63/><F2/><W134/><G111/><T9/><D123/><U48/><E37/><V77/><F116/><W7/><G32/><T120/><D120/><U39/><E39/><V19/><F34/><W26/><G105/><T5/><D76/><U52/><E118/><V132/><F125/><W29/><G130/><T40/><D75/><U83/><E131/><N who="0" m="50249" /><D40/><U27/><E15/><V17/><F132/><W4/><G78/><T58/><D66/><U81/><E27/><V89/><F102/><W60/><G124/><T14/><D9/><U25/><E25/><V45/><F19/><W108/><G108/><T99/><AGARI ba="0,0" hai="5,8,14,56,57,58,92,99,103,104,106" m="50249" machi="99" ten="40,1500,0" yaku="19,1" doraHai="44" who="0" fromWho="0" sc="553,15,120,-4,117,-7,210,-4" /><INIT seed="3,0,0,4,4,50" ten="568,116,110,206" oya="3" hai0="98,58,69,85,0,79,9,109,120,132,66,29,43" hai1="12,94,106,71,56,126,122,112,63,96,42,77,92" hai2="134,135,31,64,119,118,53,14,39,111,128,70,45" hai3="21,105,86,123,68,110,22,1,90,44,55,73,82"/><W131/><G123/><T113/><D109/><U99/><E122/><V80/><F31/><W7/><G68/><T116/><D120/><U38/><E71/><V60/><F14/><W89/><G105/><T18/><D116/><N who="2" m="44586" /><F80/><W81/><G131/><T48/><D113/><U30/><E112/><V88/><F88/><W62/><G110/><T2/><D132/><N who="2" m="50730" /><F111/><W102/><G102/><T33/><D69/><U108/><E108/><V130/><F53/><W125/><G1/><T16/><D66/><U17/><E126/><V11/><F11/><W24/><G125/><T10/><D29/><U83/><E106/><V25/><F25/><W72/><G7/><T4/><D33/><U49/><E38/><V100/><F100/><W36/><G89/><T115/><D115/><U52/><E30/><V6/><F6/><W127/><G127/><T34/><D34/><U19/><E12/><V97/><F97/><N who="1" m="37449" /><E83/><V129/><F45/><W28/><G21/><T5/><D98/><U91/><E77/><V133/><N who="2" m="50738" /><V121/><DORA hai="78" /><F121/><W35/><G82/><N who="0" m="47327" /><D0/><U74/><E74/><V61/><F61/><W75/><G35/><T20/><D2/><U57/><E42/><V23/><F23/><W13/><G13/><N who="0" m="9231" /><D10/><U103/><E103/><V47/><F130/><W3/><G3/><T101/><D101/><U27/><E27/><V32/><F32/><W114/><G114/><T107/><D107/><U15/><E15/><V117/><N who="2" m="44594" /><V40/><AGARI ba="0,0" hai="39,40,47,60,64,70,128,129" m="50738,44594" machi="40" ten="60,8000,1" yaku="4,1,20,1,23,1,34,2" doraHai="50,78" who="2" fromWho="2" sc="568,-20,116,-20,110,80,206,-40" /><INIT seed="4,0,0,1,2,54" ten="548,96,190,166" oya="0" hai0="122,52,56,104,107,94,12,17,101,24,129,84,19" hai1="58,20,79,35,132,100,64,91,38,103,72,106,47" hai2="98,50,2,3,67,46,85,123,90,33,31,66,14" hai3="30,48,110,108,34,93,95,65,78,62,49,135,15"/><T80/><D122/><U97/><E35/><V126/><F123/><W109/><G135/><T130/><D94/><U55/><E132/><V89/><F126/><W115/><G115/><T73/><D73/><U23/><E38/><V102/><F33/><W70/><G78/><T10/><D101/><U120/><E120/><V42/><F31/><W21/><G34/><T76/><D24/><U57/><E72/><V63/><F14/><W128/><G128/><N who="0" m="49259" /><D17/><U29/><E79/><V87/><F89/><W105/><G105/><T60/><AGARI ba="0,0" hai="10,12,19,52,56,60,76,80,84,104,107" m="49259" machi="60" ten="30,6000,0" yaku="19,1,52,1,54,1" doraHai="54" who="0" fromWho="0" sc="548,60,96,-20,190,-20,166,-20" /><INIT seed="4,1,0,5,4,106" ten="608,76,170,146" oya="0" hai0="10,13,55,125,74,122,67,119,43,71,121,129,114" hai1="3,4,123,85,6,11,128,118,84,94,16,126,76" hai2="26,73,18,27,29,2,80,133,36,42,70,61,33" hai3="22,49,68,17,82,20,12,90,0,72,14,21,86"/><T89/><D119/><U131/><E123/><V117/><F18/><W30/><G0/><T57/><D125/><U46/><E118/><V34/><F133/><W75/><G68/><T60/><D114/><U81/><E126/><V115/><F115/><W127/><G127/><T132/><D129/><N who="1" m="49739" /><E6/><V45/><F117/><W5/><G5/><T78/><D132/><U32/><E32/><N who="2" m="20535" /><F27/><W99/><G49/><T113/><D113/><U24/><E94/><V116/><F2/><W58/><G58/><T44/><D89/><U50/><E24/><V38/><F38/><W97/><G30/><T96/><D96/><U107/><E107/><V47/><F47/><W54/><G54/><T53/><D53/><N who="1" m="29911" /><E85/><V103/><F103/><W51/><G51/><T31/><D31/><U92/><E92/><V62/><F62/><W108/><G108/><T120/><D122/><U41/><E41/><V19/><F19/><AGARI ba="1,0" hai="3,4,11,16,19,76,81,84" m="29911,49739" machi="19" ten="30,2000,0" yaku="19,1,54,1" doraHai="106" who="1" fromWho="2" sc="608,0,76,23,170,-23,146,0" /><INIT seed="5,0,0,1,2,91" ten="608,99,147,146" oya="1" hai0="70,119,23,32,59,98,110,128,56,95,81,69,60" hai1="102,125,127,131,97,133,135,116,19,76,53,25,49" hai2="63,58,17,54,1,42,47,121,118,14,28,21,27" hai3="106,37,72,4,100,83,134,24,105,90,79,85,3"/><U35/><E76/><V39/><F121/><W66/><G134/><N who="1" m="51210" /><E35/><V29/><F118/><W94/><G66/><T123/><D119/><U101/><E116/><V87/><F1/><W12/><G12/><T10/><D32/><U5/><E5/><V129/><F129/><W0/><G37/><T44/><D123/><U92/><E19/><V99/><F99/><N who="3" m="61599" /><G106/><T7/><D23/><U16/><E102/><V86/><REACH who="2" step="1"/><F29/><REACH who="2" ten="608,99,137,146" step="2"/><W13/><G3/><T41/><D128/><U89/><E131/><V124/><F124/><N who="1" m="47689" /><E101/><V78/><F78/><W82/><G0/><T71/><D81/><U67/><E67/><V22/><AGARI ba="0,1" hai="14,17,21,22,27,28,39,42,47,54,58,63,86,87" machi="22" ten="20,2700,0" yaku="1,1,0,1,7,1,53,0" doraHai="91" doraHaiUra="30" who="2" fromWho="2" sc="608,-7,99,-13,137,37,146,-7" /><INIT seed="6,0,0,0,2,40" ten="601,86,174,139" oya="2" hai0="32,81,71,131,134,55,75,128,12,11,56,61,99" hai1="64,1,17,122,133,104,119,0,85,37,66,78,84" hai2="114,74,54,100,49,48,87,88,50,115,125,96,2" hai3="9,93,70,20,53,42,7,29,38,108,60,72,35"/><V76/><F2/><W65/><G108/><T45/><D32/><U69/><E119/><V98/><F125/><W25/><G53/><T126/><D126/><U73/><E133/><V116/><F116/><W46/><G93/><T51/><D134/><U58/><E122/><V103/><F74/><W91/><G91/><T101/><D71/><U5/><E104/><V89/><F76/><W10/><G72/><T95/><D81/><U112/><E73/><V24/><F24/><W52/><G35/><T23/><D23/><U127/><E127/><V13/><F13/><W135/><G135/><T6/><D75/><U21/><E112/><N who="2" m="43051" /><F54/><W121/><G121/><T83/><D83/><U26/><E69/><V28/><F28/><W15/><G9/><T109/><D109/><U18/><E37/><V130/><F130/><N who="0" m="49706" /><D61/><U41/><E78/><V68/><F68/><W27/><G27/><T44/><AGARI ba="0,0" hai="6,11,12,44,45,51,55,56,95,99,101" m="49706" machi="44" ten="30,4000,0" yaku="19,1,52,2" doraHai="40" who="0" fromWho="0" sc="601,40,86,-10,174,-20,139,-10" /><INIT seed="7,0,0,0,1,45" ten="641,76,154,129" oya="3" hai0="30,58,83,32,50,31,37,135,104,67,22,105,66" hai1="74,116,20,72,2,61,80,4,112,92,43,119,33" hai2="127,118,99,28,56,84,114,71,6,16,7,120,10" hai3="103,81,100,68,60,107,97,73,46,39,102,48,54"/><W98/><G39/><T94/><D37/><U91/><E33/><V109/><F71/><W40/><G68/><T26/><D135/><U12/><E61/><V132/><F109/><W13/><G107/><T52/><D83/><U27/><E2/><V64/><F118/><W90/><G13/><T59/><D94/><U57/><E57/><V95/><F114/><W36/><G60/><T124/><D124/><U76/><E112/><V0/><F127/><W62/><G62/><N who="0" m="38231" /><D105/><U113/><E113/><V19/><F7/><W8/><G8/><T69/><D32/><U78/><E43/><V51/><F64/><W93/><G73/><T82/><D69/><U9/><E78/><V131/><F28/><N who="0" m="10794" /><D104/><U14/><E14/><V123/><F84/><W101/><G81/><T70/><D70/><U11/><E11/><V125/><F131/><W49/><G36/><T117/><D82/><U126/><E126/><V34/><F34/><W1/><G1/><T77/><D117/><U75/><E116/><V25/><F25/><W89/><G98/><T38/><D38/><U108/><E108/><V23/><F23/><W53/><G40/><T115/><D115/><U3/><E119/><V128/><F128/><W29/><G29/><N who="0" m="17623" /><D67/><U110/><E110/><V130/><F130/><W111/><G111/><T129/><D129/><U134/><E134/><V85/><F132/><W106/><G106/><T15/><D15/><U55/><E3/><V63/><F125/><W47/><AGARI ba="0,0" hai="46,47,48,49,53,54,89,90,93,97,100,101,102,103" machi="47" ten="30,12000,1" yaku="0,1,9,1,8,1,52,2" doraHai="45" who="3" fromWho="3" sc="641,-40,76,-40,154,-40,129,120" /><INIT seed="7,1,0,5,3,9" ten="601,36,114,249" oya="3" hai0="135,1,132,61,97,109,89,108,76,23,94,49,43" hai1="8,121,17,114,59,83,25,111,118,105,129,100,52" hai2="6,51,12,3,92,128,96,55,13,45,98,110,79" hai3="30,57,56,21,40,66,102,19,64,22,33,134,20"/><W16/><G134/><N who="0" m="51243" /><D1/><U101/><E121/><V60/><F110/><W88/><G33/><T28/><D76/><U71/><E111/><V93/><F3/><W116/><G116/><T58/><D43/><U113/><E71/><V124/><F6/><W15/><G102/><T78/><D78/><U29/><E118/><V35/><F35/><W99/><G40/><T120/><D120/><U26/><E105/><V27/><F27/><N who="3" m="14727" /><G30/><T104/><D104/><U81/><E129/><V119/><F79/><W48/><G22/><T54/><D23/><U46/><E46/><V127/><F60/><W0/><G0/><T122/><D28/><U123/><E123/><V47/><F128/><W85/><G99/><T10/><D122/><U77/><E29/><V2/><F2/><W31/><G31/><T5/><D61/><U86/><E83/><V65/><F65/><N who="3" m="25195" /><G48/><T90/><D90/><U95/><E101/><V62/><F62/><W75/><G75/><T74/><D74/><U63/><E100/><V72/><F72/><W131/><G131/><T126/><D126/><U91/><E8/><V37/><F37/><W73/><G73/><T4/><D10/><U87/><REACH who="1" step="1"/><E17/><REACH who="1" ten="601,26,114,249" step="2"/><V70/><F70/><W115/><G115/><AGARI ba="1,1" hai="25,26,52,59,63,77,81,86,87,91,95,113,114,115" machi="115" ten="40,8000,1" yaku="1,1,2,1,15,1,54,1,53,0" doraHai="9" doraHaiUra="125" who="1" fromWho="3" sc="601,0,26,93,114,0,249,-83" owari="601,70.0,119,-28.0,114,-39.0,166,-3.0" /></mjloggm>