<mjloggm ver="2.3"><GO type="169" lobby="0"/><UN n0="%E3%82%A6%E3%83%AB%E3%83%88%E3%83%A9%E7%AB%8B%E7%9B%B4" n1="%63%75%72%65%74%61%70%65" n2="%E3%83%AA%E3%83%81%E3%83%A3%21%21" n3="%E3%80%90%E6%B8%9A%E6%A5%93%E3%80%91" dan="17,16,16,17" rate="2197.40,2123.33,2107.58,2147.97" sx="M,M,M,F"/><TAIKYOKU oya="0"/><INIT seed="0,0,0,2,1,43" ten="250,250,250,250" oya="0" hai0="127,131,90,103,5,49,36,34,35,93,60,58,41" hai1="133,46,47,0,28,111,2,33,13,89,74,16,95" hai2="29,65,55,3,118,22,48,32,42,80,40,17,64" hai3="51,97,81,73,67,86,38,26,99,132,53,15,44"/><T12/><D131/><U98/><E74/><V7/><F118/><W88/><G132/><T83/><D127/><U104/><E133/><V92/><F80/><W96/><G73/><T124/><D36/><U116/><E116/><V8/><F92/><W68/><G38/><T105/><D105/><U52/><E111/><V87/><F87/><W77/><G26/><T61/><D124/><U69/><E69/><V101/><F101/><W70/><G67/><T125/><D125/><U62/><E104/><V79/><F79/><W91/><G70/><T19/><D5/><U130/><E130/><V78/><F78/><W6/><G68/><T71/><D71/><U129/><E129/><V107/><F107/><W31/><G31/><T50/><D35/><U18/><E28/><V134/><F134/><W10/><AGARI ba="0,0" hai="6,10,15,44,51,53,77,81,86,88,91,96,97,99" machi="10" ten="30,7900,0" yaku="0,1,8,1,52,1,54,1" doraHai="43" who="3" fromWho="3" sc="250,-39,250,-20,250,-20,250,79" /><INIT seed="1,0,0,3,4,4" ten="211,230,230,329" oya="1" hai0="115,14,42,51,120,87,134,70,88,54,96,129,44" hai1="83,111,101,8,79,23,18,81,109,63,67,58,13" hai2="7,61,73,95,3,47,19,48,32,10,55,21,128" hai3="119,91,35,71,90,11,104,26,30,20,116,126,28"/><U125/><E125/><V34/><F73/><W84/><G104/><T64/><D115/><U122/><E122/><V1/><F128/><W59/><G71/><T6/><D120/><U106/><E23/><V94/><F1/><W22/><G59/><T113/><D113/><U110/><E79/><V56/><F34/><W12/><G126/><T24/><D129/><U86/><E86/><V132/><F32/><W77/><G77/><T102/><D134/><U130/><E130/><V53/><REACH who="2" step="1"/><F132/><REACH who="2" ten="211,230,220,329" step="2"/><W39/><G35/><T46/><D70/><U107/><REACH who="1" step="1"/><E106/><REACH who="1" ten="211,220,220,329" step="2"/><V93/><F93/><W103/><G116/><T52/><D87/><U17/><E17/><V36/><F36/><W112/><G39/><T123/><D123/><U60/><E60/><V65/><F65/><W31/><G84/><T85/><D64/><U117/><E117/><V15/><AGARI ba="0,2" hai="3,7,10,15,19,21,47,48,53,55,56,61,94,95" machi="15" ten="20,5200,0" yaku="1,1,0,1,7,1,52,1,53,0" doraHai="4" doraHaiUra="69" who="2" fromWho="2" sc="211,-13,220,-26,220,72,329,-13" /><INIT seed="2,0,0,5,0,133" ten="198,194,292,316" oya="2" hai0="17,38,18,90,83,20,89,117,24,29,59,103,101" hai1="102,63,77,28,8,53,73,112,108,58,49,52,95" hai2="88,45,37,7,0,34,123,71,33,109,107,5,15" hai3="21,60,67,75,86,9,41,11,104,27,125,65,31"/><V47/><F123/><W25/><G75/><T119/><D38/><U118/><E112/><V98/><F71/><W35/><G104/><T99/><D103/><U55/><E118/><N who="0" m="45065" /><D59/><N who="1" m="33167" /><E73/><V72/><F72/><W105/><G41/><T81/><D90/><U19/><E108/><V121/><F0/><W135/><G105/><N who="0" m="63679" /><D89/><U3/><E3/><V100/><F109/><W113/><G113/><T127/><D127/><U78/><E28/><V32/><F121/><W74/><G125/><T130/><D130/><U134/><E134/><V126/><F126/><W116/><G116/><T40/><D40/><U111/><E111/><V94/><F37/><W129/><G129/><T115/><D115/><U61/><E61/><V120/><F120/><W4/><G60/><T23/><D29/><U124/><E124/><V79/><F79/><W93/><G31/><T76/><D76/><U10/><E55/><V43/><F43/><W2/><G74/><T13/><AGARI ba="0,0" hai="13,17,18,20,23,24,81,83" m="63679,45065" machi="13" ten="30,1100,0" yaku="12,1" doraHai="133" who="0" fromWho="0" sc="198,11,194,-3,292,-5,316,-3" /><INIT seed="3,0,0,4,5,9" ten="209,191,287,313" oya="3" hai0="92,77,35,71,70,99,129,80,126,2,47,42,76" hai1="100,84,78,57,59,83,123,15,1,72,118,85,111" hai2="23,36,120,25,39,26,17,29,132,81,5,88,131" hai3="96,34,61,16,69,90,114,87,46,56,20,94,22"/><W105/><G114/><T115/><D35/><U60/><E123/><V127/><F127/><W62/><G34/><T106/><D115/><U75/><E1/><V135/><F131/><W38/><G69/><T30/><D126/><U33/><E33/><N who="2" m="20655" /><F5/><W109/><G22/><T49/><D106/><U43/><E111/><V101/><F101/><W40/><G109/><T117/><D117/><U116/><E43/><V66/><F66/><W86/><G105/><T19/><D30/><U73/><E100/><V74/><F120/><W44/><G44/><T48/><D2/><U113/><E113/><V14/><F26/><W32/><G62/><T24/><D129/><U28/><E28/><V93/><F81/><W122/><G32/><T68/><D49/><U133/><E133/><N who="2" m="51275" /><F74/><N who="1" m="28777" /><E59/><V3/><F3/><W12/><REACH who="3" step="1"/><G122/><REACH who="3" ten="209,191,287,303" step="2"/><T97/><D71/><U98/><E60/><V65/><F65/><AGARI ba="0,1" hai="12,16,20,38,40,46,56,61,65,86,87,90,94,96" machi="65" ten="30,18000,2" yaku="1,1,2,1,7,1,52,1,54,1,53,2" doraHai="9" doraHaiUra="82" who="3" fromWho="2" sc="209,0,191,0,287,-180,303,190" /><INIT seed="3,1,0,3,1,78" ten="209,191,107,493" oya="3" hai0="108,64,72,8,96,42,117,39,104,93,50,100,32" hai1="129,95,83,109,85,112,41,113,66,28,80,128,22" hai2="107,63,124,23,121,122,125,75,0,40,90,69,79" hai3="120,16,27,35,123,68,67,46,115,34,116,119,59"/><W51/><G68/><T84/><D117/><U114/><E109/><V44/><F0/><W20/><G115/><T57/><D32/><U110/><E110/><V133/><F23/><W60/><G116/><T10/><D108/><U6/><E6/><V25/><F25/><W86/><G119/><T36/><D72/><U132/><E132/><V14/><F14/><W76/><G34/><T65/><D39/><U4/><E4/><V92/><F107/><W87/><G35/><T74/><D74/><U81/><E66/><N who="2" m="41183" /><F92/><W5/><G5/><T71/><D71/><U99/><E85/><V53/><F90/><W61/><G61/><T12/><D10/><U29/><E22/><V18/><F18/><W31/><G31/><T58/><D104/><U73/><E73/><V9/><F9/><W70/><G70/><T91/><D100/><N who="1" m="60543" /><E41/><V97/><F97/><W131/><G86/><T7/><D96/><U103/><E103/><V19/><F19/><W3/><G3/><T1/><D1/><U105/><E105/><V47/><F133/><W56/><G56/><N who="0" m="21611" /><D36/><U98/><E98/><V88/><F88/><W49/><G49/><T26/><D26/><U30/><AGARI ba="1,0" hai="28,29,30,80,81,83,112,113,114,128,129" m="60543" machi="30" ten="40,8000,1" yaku="29,2,52,3" doraHai="78" who="1" fromWho="1" sc="209,-21,191,83,107,-21,493,-41" /><INIT seed="4,0,0,0,5,105" ten="188,274,86,452" oya="0" hai0="37,90,32,11,119,102,117,42,33,122,1,124,101" hai1="51,109,133,99,16,68,31,59,106,73,131,111,44" hai2="63,98,66,88,78,50,74,85,134,107,27,123,95" hai3="39,35,15,43,20,5,108,65,55,121,17,0,80"/><T46/><D122/><U7/><E68/><V18/><F123/><W118/><G108/><T49/><D124/><U103/><E59/><V115/><F115/><W34/><G118/><T9/><D49/><U56/><E56/><V75/><F134/><W92/><G55/><T91/><D1/><U76/><E133/><V3/><F3/><W126/><G65/><T10/><D42/><U52/><E131/><V79/><F50/><W21/><G21/><T69/><D46/><U29/><E7/><V96/><F18/><W13/><G13/><T84/><D84/><U53/><E53/><V104/><F27/><W81/><G92/><T72/><D72/><N who="2" m="27690" /><F63/><W26/><G35/><T125/><D125/><U6/><E6/><V4/><F4/><W87/><G87/><T23/><D23/><U100/><E16/><V127/><F66/><W130/><G130/><T71/><D9/><U45/><E45/><V36/><F36/><AGARI ba="0,0" hai="10,11,32,33,36,37,69,71,90,91,101,102,117,119" machi="36" ten="25,2400,0" yaku="22,2" doraHai="105" who="0" fromWho="2" sc="188,24,274,0,86,-24,452,0" /><INIT seed="4,1,0,2,3,72" ten="212,274,62,452" oya="0" hai0="34,69,106,5,32,125,126,119,7,0,107,99,81" hai1="24,84,115,66,3,77,22,9,97,46,14,112,16" hai2="110,93,41,13,133,45,47,30,38,6,88,8,103" hai3="37,111,96,100,113,20,50,21,26,27,104,67,109"/><T70/><D81/><N who="1" m="47151" /><E3/><V135/><F110/><W58/><G37/><T43/><D43/><U60/><E97/><V98/><F30/><W54/><G67/><T129/><D99/><U95/><E95/><V121/><F121/><W85/><G85/><T83/><D83/><U92/><E92/><V19/><F47/><W52/><G54/><T91/><D91/><U71/><E46/><V15/><REACH who="2" step="1"/><F103/><REACH who="2" ten="212,274,52,452" step="2"/><W4/><G113/><T82/><D126/><U65/><E115/><V130/><F130/><W48/><G109/><T35/><D125/><U39/><E112/><V80/><F80/><W128/><G128/><T127/><D127/><U90/><E71/><V29/><F29/><W122/><G122/><T89/><D129/><U1/><E39/><V51/><F51/><W2/><G50/><T40/><D82/><U68/><E68/><V36/><F36/><W11/><G111/><T17/><D70/><U10/><E60/><V78/><F78/><W31/><G27/><T73/><D69/><U120/><E120/><V55/><F55/><W87/><G26/><T61/><D61/><U28/><E90/><V116/><F116/><W63/><G31/><T108/><D89/><U132/><E66/><V123/><F123/><W134/><G63/><T124/><D124/><U18/><E65/><V44/><F44/><W117/><G117/><T59/><D119/><U76/><E28/><V33/><F33/><W105/><G100/><T42/><D35/><U101/><E24/><V62/><F62/><W49/><G49/><T56/><D34/><U75/><E101/><V94/><F94/><RYUUKYOKU ba="1,1" sc="212,-10,274,-10,52,30,452,-10" hai2="6,8,13,15,19,38,41,45,88,93,98,133,135" /><INIT seed="5,2,1,3,5,62" ten="202,264,82,442" oya="1" hai0="45,52,123,1,53,84,54,40,63,134,8,35,44" hai1="23,118,99,124,102,6,69,80,126,113,111,73,88" hai2="42,129,16,29,76,26,77,56,65,61,4,114,48" hai3="57,135,18,24,120,66,106,36,27,28,13,71,93"/><U41/><E118/><V38/><F129/><W128/><G36/><T100/><D35/><U0/><E111/><V132/><F38/><W31/><G106/><T37/><D100/><U20/><E41/><V86/><F132/><W74/><G74/><T81/><D134/><U85/><E73/><V47/><F4/><W94/><G71/><T60/><D123/><U82/><E82/><V34/><F114/><W89/><G128/><T14/><D1/><U78/><E78/><V92/><F86/><W122/><G135/><T87/><D45/><U112/><E69/><V68/><F92/><W119/><G119/><T127/><D127/><N who="1" m="48683" /><E6/><V2/><F2/><W15/><G57/><T90/><REACH who="0" step="1"/><D87/><REACH who="0" ten="192,264,82,442" step="2"/><U9/><E0/><V96/><F96/><W91/><G120/><T107/><D107/><U50/><E99/><V117/><F117/><W79/><G122/><T22/><D22/><U115/><E102/><V43/><F43/><W110/><G110/><T95/><D95/><U98/><E98/><V125/><F125/><W109/><G109/><T55/><N who="0" m="13312" /><DORA hai="103" /><T104/><D104/><U70/><E23/><V108/><F108/><W17/><G94/><T83/><D83/><U10/><E20/><N who="2" m="15559" /><F68/><W130/><G93/><T7/><AGARI ba="2,2" hai="7,8,14,37,40,44,60,63,81,84,90" m="13312" machi="7" ten="40,8000,1" yaku="1,1,0,1,54,1,53,2" doraHai="62,103" doraHaiUra="5,39" who="0" fromWho="0" sc="192,106,264,-42,82,-22,442,-22" /><INIT seed="6,0,0,4,3,18" ten="298,222,60,420" oya="2" hai0="78,134,115,25,36,61,23,107,33,60,84,32,75" hai1="4,47,1,9,16,71,6,103,87,131,45,97,19" hai2="49,109,34,96,27,108,102,128,125,65,86,98,17" hai3="7,72,116,135,123,111,21,85,56,59,46,10,70"/><V81/><F128/><W69/><G72/><T117/><D75/><U76/><E71/><V41/><F125/><W127/><G127/><T105/><D36/><U0/><E131/><V54/><F65/><W5/><G10/><T82/><D25/><U92/><E47/><N who="2" m="27967" /><F41/><W119/><G46/><T91/><D84/><U93/><E45/><V106/><F34/><W88/><G85/><T38/><D82/><N who="1" m="47559" /><E1/><V50/><F50/><W110/><G88/><T44/><D91/><U14/><E0/><V40/><F40/><W90/><G90/><T63/><D63/><U121/><E121/><V42/><F42/><W51/><G51/><T95/><D44/><U22/><E93/><V83/><F98/><W66/><G66/><T132/><D38/><U129/><E129/><V122/><F122/><W100/><G100/><T39/><D39/><U113/><E113/><V53/><F53/><W74/><G74/><T2/><D2/><U57/><E57/><V112/><F112/><W118/><G118/><T64/><D115/><U101/><E101/><V43/><F43/><W68/><G68/><T29/><D117/><U104/><E104/><V94/><F106/><W80/><G123/><T13/><D107/><U67/><E67/><V30/><F17/><W120/><G120/><T28/><D105/><U55/><E55/><V31/><F83/><W11/><G80/><T79/><D64/><U24/><AGARI ba="0,0" hai="4,6,9,14,16,19,22,24,92,97,103" m="47559" machi="24" ten="30,4000,0" yaku="8,1,52,1,54,1" doraHai="18" who="1" fromWho="1" sc="298,-10,222,40,60,-20,420,-10" /><INIT seed="7,0,0,2,3,24" ten="288,262,40,410" oya="3" hai0="70,122,135,39,103,9,41,111,3,61,67,27,46" hai1="81,62,90,58,107,21,0,127,117,5,25,16,40" hai2="96,49,75,95,92,32,76,91,53,131,82,38,72" hai3="42,54,60,121,112,85,83,99,71,110,98,55,14"/><W123/><G112/><T33/><D111/><U36/><E107/><V97/><F38/><W87/><G42/><T34/><D135/><U29/><E127/><V52/><F32/><W113/><G113/><T19/><D122/><U59/><E117/><V119/><F49/><W6/><G6/><T50/><D19/><U104/><E104/><V109/><F109/><W106/><G14/><T86/><D86/><N who="1" m="50511" /><E36/><V10/><F10/><W94/><G94/><T30/><D50/><U18/><E0/><V74/><F119/><W37/><G106/><T116/><D103/><U134/><E134/><V77/><F131/><W47/><G71/><T105/><D105/><U31/><E5/><V23/><F23/><W35/><G35/><N who="0" m="20959" /><D116/><U48/><E18/><V114/><F114/><W63/><G37/><T26/><D26/><U125/><E125/><V65/><F65/><W100/><G100/><T11/><D11/><U120/><E120/><V129/><F129/><W12/><G110/><T93/><D93/><U7/><E7/><AGARI ba="0,0" hai="3,7,9,33,34,39,41,46,61,67,70" m="20959" machi="7" ten="30,3900,0" yaku="33,2,52,1" doraHai="24" who="0" fromWho="1" sc="288,39,262,-39,40,0,410,0" owari="327,13.0,223,-18.0,40,-46.0,410,51.0" /></mjloggm>