<mjloggm ver="2.3"><GO type="169" lobby="0"/><UN n0="%E3%83%8B%E3%83%BC%E3%83%88%E7%A4%BE%E9%95%B7" n1="%E5%81%A5%E5%85%A8%E7%90%86%E7%B3%BB%E7%94%B7%E5%85%90" n2="%E3%81%8F%E3%82%89%E3%81%BE%E3%82%82%E3%82%93" n3="%E5%B0%B1%E6%B4%BB%E7%94%9F%40%E5%B7%9D%E6%9D%91%E8%BB%8D%E5%9B%A3" dan="16,16,16,16" rate="2068.71,2060.36,2071.86,2023.23" sx="M,M,M,M"/><TAIKYOKU oya="0"/><INIT seed="0,0,0,1,0,1" ten="250,250,250,250" oya="0" hai0="99,60,95,97,8,104,117,32,127,112,50,93,57" hai1="37,94,82,83,116,120,22,20,4,123,121,25,92" hai2="67,58,77,6,115,132,23,69,119,68,124,135,106" hai3="38,55,103,86,80,65,24,87,75,0,76,52,109"/><T53/><D112/><U11/><E116/><V30/><F115/><W70/><G38/><T74/><D74/><U128/><E37/><V40/><F106/><W79/><G0/><T71/><D117/><U51/><E128/><V45/><F119/><W35/><G103/><T2/><D127/><U17/><E22/><V88/><F77/><W15/><G75/><T110/><D32/><U43/><E94/><V89/><F124/><W125/><G125/><T48/><D104/><U129/><E129/><V105/><F105/><W39/><G39/><T19/><D110/><U72/><E92/><V3/><F58/><W29/><G109/><T66/><D50/><U56/><E72/><V61/><F68/><W27/><G15/><T7/><REACH who="0" step="1"/><D19/><REACH who="0" ten="240,250,250,250" step="2"/><U14/><REACH who="1" step="1"/><E56/><REACH who="1" ten="240,240,250,250" step="2"/><V18/><F69/><W131/><G70/><T47/><D47/><AGARI ba="0,2" hai="4,11,14,17,20,25,43,47,51,82,83,120,121,123" machi="47" ten="40,8000,1" yaku="1,1,2,1,52,1,53,1" doraHai="1" doraHaiUra="44" who="1" fromWho="0" sc="240,-80,240,100,250,0,250,0" /><INIT seed="1,0,0,5,5,48" ten="160,340,250,250" oya="1" hai0="87,134,126,38,25,50,37,104,132,124,1,111,59" hai1="75,58,86,83,68,93,130,91,60,102,63,99,6" hai2="44,129,106,13,116,27,88,114,66,56,51,120,71" hai3="34,118,42,103,21,109,9,125,61,12,17,94,53"/><U43/><E130/><V121/><F116/><W41/><G34/><T76/><D104/><U77/><E68/><V80/><F106/><W96/><G118/><T112/><D1/><U24/><E43/><V117/><F117/><W5/><G125/><N who="0" m="48235" /><D25/><U105/><E6/><V78/><F71/><W123/><G123/><T65/><D76/><U62/><REACH who="1" step="1"/><E24/><REACH who="1" ten="160,330,250,250" step="2"/><V135/><F27/><N who="3" m="14767" /><G109/><T23/><D111/><U54/><AGARI ba="0,1" hai="54,58,60,62,63,75,77,83,86,91,93,99,102,105" machi="54" ten="20,18000,2" yaku="1,1,0,1,7,1,24,2,52,1,53,0" doraHai="48" doraHaiUra="122" who="1" fromWho="1" sc="160,-60,330,190,250,-60,250,-60" /><INIT seed="1,1,0,2,0,70" ten="100,520,190,190" oya="1" hai0="72,23,127,34,56,41,67,75,22,43,131,59,9" hai1="40,107,10,74,91,27,1,20,88,120,6,24,83" hai2="111,98,62,112,90,47,77,71,78,95,64,21,119" hai3="106,110,66,61,108,42,50,93,49,31,101,100,12"/><U103/><E120/><V117/><F111/><N who="3" m="42539" /><G106/><T96/><D34/><U86/><E74/><V76/><F112/><W104/><G104/><T38/><D67/><U3/><E3/><V80/><F80/><W60/><G31/><T25/><D9/><U73/><E73/><V35/><F35/><W82/><G42/><T81/><D81/><U126/><E126/><V57/><F71/><W116/><G116/><T7/><D96/><U85/><E40/><V123/><F123/><W113/><G113/><T89/><D25/><U79/><E85/><V19/><F47/><W69/><G82/><T44/><D44/><U55/><E27/><V39/><F39/><W15/><G93/><T29/><D29/><U63/><E107/><V68/><F68/><W65/><G12/><T17/><D17/><U45/><E103/><N who="3" m="39498" /><G15/><T132/><D127/><U99/><E99/><V97/><F97/><W125/><G125/><T114/><D114/><U130/><E130/><V122/><F122/><W115/><G115/><T58/><D131/><U128/><E128/><V33/><F33/><W87/><G87/><T105/><D105/><U4/><E86/><V135/><F117/><W109/><N who="3" m="42547" /><W121/><DORA hai="52" /><G121/><T36/><D59/><AGARI ba="1,0" hai="49,50,59,60,61,65,66,69" m="39498,42547" machi="59" ten="40,2600,0" yaku="14,1,52,1" doraHai="70,52" who="3" fromWho="0" sc="100,-29,520,0,190,0,190,29" /><INIT seed="2,0,0,4,1,123" ten="71,520,190,219" oya="2" hai0="53,2,133,79,27,73,130,107,89,44,77,63,122" hai1="83,96,116,87,78,98,92,23,60,106,50,66,101" hai2="54,59,121,72,31,100,56,29,134,41,30,13,62" hai3="84,88,11,1,68,109,15,33,5,0,74,135,18"/><V55/><F121/><W111/><G74/><T34/><D53/><U43/><E116/><V52/><F72/><W127/><G68/><T42/><D89/><U110/><E110/><N who="3" m="41994" /><G33/><T38/><D63/><U57/><E23/><V61/><F134/><W12/><G135/><T114/><D77/><U40/><E50/><V86/><F55/><W6/><G127/><T102/><D133/><U39/><E39/><V129/><F129/><W14/><G14/><T119/><D130/><U80/><E80/><V105/><F86/><W91/><G91/><AGARI ba="0,0" hai="40,43,57,60,66,78,83,87,91,92,96,98,101,106" machi="91" ten="30,1000,0" yaku="7,1" doraHai="123" who="1" fromWho="3" sc="71,0,520,10,190,0,219,-10" /><INIT seed="3,0,0,4,2,45" ten="71,530,190,209" oya="3" hai0="85,73,126,32,58,119,100,130,61,25,66,59,107" hai1="68,56,98,28,104,22,71,109,123,87,53,76,111" hai2="0,92,5,124,120,63,47,74,90,30,33,18,121" hai3="3,65,127,103,105,86,6,4,50,52,11,135,91"/><W7/><G127/><T101/><D73/><U36/><E36/><V2/><F124/><W43/><G135/><T34/><D126/><U9/><E9/><V131/><F74/><W10/><G65/><T88/><D119/><U132/><E132/><V12/><F131/><W41/><G103/><T39/><D39/><U77/><E123/><V94/><F63/><W89/><G105/><T29/><D34/><U114/><E114/><V37/><F92/><N who="3" m="54327" /><G91/><T118/><D118/><U95/><E104/><V1/><F5/><W129/><G129/><T79/><D79/><N who="1" m="30283" /><E87/><V70/><F70/><W49/><G3/><T108/><D108/><N who="1" m="41547" /><E22/><V35/><F35/><W117/><G117/><T55/><D130/><U110/><E28/><V14/><F30/><W102/><G102/><T81/><REACH who="0" step="1"/><D107/><REACH who="0" ten="61,530,190,209" step="2"/><U62/><E110/><V93/><F33/><W13/><G43/><T16/><D16/><U69/><E69/><V134/><F18/><W97/><G97/><T122/><D122/><U31/><E31/><V113/><F121/><W17/><G41/><T72/><D72/><U133/><E133/><V40/><F120/><W96/><G96/><T60/><AGARI ba="0,1" hai="25,29,32,55,58,59,60,61,66,81,85,88,100,101" machi="60" ten="20,12000,2" yaku="1,1,0,1,7,1,54,1,53,2" doraHai="45" doraHaiUra="57" who="0" fromWho="0" sc="61,130,530,-30,190,-30,209,-60" /><INIT seed="4,0,0,5,5,15" ten="191,500,160,149" oya="0" hai0="43,131,65,127,81,122,0,101,123,33,92,88,103" hai1="86,76,50,117,91,24,112,125,128,48,2,59,109" hai2="46,44,69,41,22,80,21,31,1,42,95,70,35" hai3="19,74,105,120,132,11,23,36,55,27,94,12,129"/><T61/><D33/><U8/><E109/><V60/><F1/><W6/><G105/><T133/><D0/><U116/><E125/><V107/><F35/><W79/><G129/><T71/><D81/><U114/><E128/><V119/><F107/><W32/><G132/><T108/><D133/><U34/><E76/><V110/><F110/><W104/><G120/><T98/><D131/><U124/><E124/><V4/><F4/><W121/><G121/><T72/><D72/><U67/><E67/><V90/><F80/><W93/><G104/><T39/><D108/><U111/><E111/><V52/><F119/><W87/><G74/><T37/><D127/><U130/><E130/><V54/><F95/><W56/><G36/><T134/><D134/><U20/><E34/><V17/><F31/><W118/><G118/><T58/><D37/><U16/><E2/><V40/><F40/><W63/><G32/><T51/><D122/><U29/><E116/><V83/><F83/><AGARI ba="0,0" hai="6,11,12,19,23,27,55,56,63,79,83,87,93,94" machi="83" ten="40,2600,0" yaku="8,1,52,1" doraHai="15" who="3" fromWho="2" sc="191,0,500,0,160,-26,149,26" /><INIT seed="5,0,0,1,4,77" ten="191,500,134,175" oya="1" hai0="8,100,97,88,38,117,29,19,112,4,25,7,135" hai1="79,91,87,119,132,26,71,96,101,39,14,111,28" hai2="106,3,42,37,128,75,49,123,43,70,121,46,0" hai3="35,124,73,6,58,109,78,1,84,18,68,32,47"/><U67/><E87/><V69/><F49/><W61/><G68/><N who="2" m="26217" /><F43/><W66/><G124/><T62/><D38/><U102/><E91/><V54/><F54/><W98/><G109/><T55/><D117/><U103/><E103/><V130/><F75/><W36/><G73/><T27/><D100/><U85/><E96/><V40/><F40/><W99/><G32/><T17/><D135/><U34/><E85/><V105/><F3/><W89/><G35/><T13/><D62/><U94/><E94/><V48/><F48/><W9/><G36/><T72/><D55/><U23/><E23/><V104/><F0/><W114/><G78/><T22/><D72/><U95/><E95/><V60/><F60/><W113/><G47/><T74/><D74/><U120/><E14/><V57/><F57/><W80/><REACH who="3" step="1"/><G18/><REACH who="3" ten="191,500,134,165" step="2"/><T20/><D112/><AGARI ba="0,1" hai="1,6,9,58,61,66,80,84,89,98,99,112,113,114" machi="112" ten="40,8000,1" yaku="1,1,2,1,15,1,52,1,53,0" doraHai="77" doraHaiUra="31" who="3" fromWho="0" sc="191,-80,500,0,134,0,165,90" /><INIT seed="6,0,0,0,0,2" ten="111,500,134,255" oya="2" hai0="57,8,83,7,18,87,107,89,35,101,69,16,97" hai1="108,75,51,127,43,113,25,31,120,56,32,28,65" hai2="67,61,86,38,72,62,74,34,90,122,5,114,70" hai3="95,24,55,104,59,1,52,46,76,44,20,71,48"/><V118/><F118/><W0/><G104/><T98/><D69/><U30/><E108/><V42/><F122/><W126/><G71/><T17/><D35/><U81/><E120/><V79/><F34/><W88/><G76/><T125/><D125/><U14/><E113/><V49/><F62/><W105/><G105/><T63/><D98/><U116/><E116/><V115/><F38/><W12/><G126/><T23/><D23/><U22/><E43/><V27/><F27/><W37/><G12/><T93/><D107/><U6/><E75/><V119/><F119/><W110/><G110/><T129/><D129/><U109/><E81/><V60/><F60/><N who="3" m="35943" /><G0/><T19/><N who="0" m="4096" /><DORA hai="106" /><T82/><D82/><U41/><E25/><V112/><F5/><W130/><G1/><T124/><D124/><U92/><E6/><V39/><F79/><W53/><G37/><T135/><D135/><U117/><E14/><V33/><F39/><W84/><G130/><T21/><D21/><U85/><E22/><V96/><F96/><W58/><G55/><T3/><REACH who="0" step="1"/><D63/><REACH who="0" ten="101,500,134,255" step="2"/><U94/><E32/><V134/><F134/><W132/><G132/><T50/><D50/><U111/><E51/><V80/><F33/><W29/><AGARI ba="0,1" hai="20,24,29,44,46,48,53,58,84,88,95" m="35943" machi="29" ten="30,4000,0" yaku="8,1,54,2" doraHai="2,106" who="3" fromWho="3" sc="101,-10,500,-10,134,-20,255,50" /><INIT seed="7,0,0,3,5,115" ten="91,490,114,305" oya="3" hai0="8,61,40,106,1,43,119,104,83,2,116,48,89" hai1="102,30,101,37,131,68,27,33,98,28,74,20,77" hai2="9,90,108,13,91,22,59,82,39,81,84,11,10" hai3="60,99,118,16,114,55,128,92,6,135,15,121,12"/><W103/><G121/><T97/><D61/><U45/><E68/><V57/><F39/><W129/><G114/><T88/><D83/><N who="2" m="31754" /><F108/><W107/><G135/><T72/><D48/><U25/><E27/><V3/><F3/><N who="0" m="1034" /><D97/><U24/><E45/><V86/><F22/><W134/><G134/><T54/><D54/><U126/><E30/><V51/><F13/><W110/><G107/><N who="0" m="41003" /><D8/><U29/><E101/><V87/><F51/><W109/><G15/><T32/><D32/><U96/><E96/><V71/><F71/><W56/><G6/><T14/><D14/><U111/><E77/><V19/><F19/><W76/><G76/><T75/><D89/><AGARI ba="0,0" hai="9,10,11,57,59,84,86,87,89,90,91" m="31754" machi="89" ten="40,5200,0" yaku="28,2,8,1" doraHai="115" who="2" fromWho="0" sc="91,-52,490,0,114,52,305,0" owari="39,-46.0,490,58.0,166,-23.0,305,11.0" /></mjloggm>