<mjloggm ver="2.3"><GO type="225" lobby="0"/><UN n0="%E3%81%BF%E3%81%BF%E3%81%9A" n1="%E3%83%88%E3%83%88%E3%83%AA%E5%85%88%E7%94%9F%31%39%E6%AD%B3" n2="%E3%82%B7%E3%83%AD%E3%82%AF%E3%83%AD" n3="%E3%82%82%E3%82%81%E3%82%93%E3%81%AA%E3%81%A1%E3%82%83%E3%81%84" dan="16,18,17,17" rate="2126.60,2231.05,2170.08,2223.46" sx="M,F,M,M"/><TAIKYOKU oya="0"/><INIT seed="0,0,0,5,0,61" ten="250,250,250,250" oya="0" hai0="112,64,0,99,56,100,107,18,85,104,34,115,62" hai1="93,49,103,9,80,97,25,113,12,98,76,19,37" hai2="125,24,84,86,5,70,127,29,7,131,108,120,26" hai3="8,126,128,17,132,75,101,53,102,30,21,82,72"/><T77/><D0/><U123/><E123/><V79/><F120/><W81/><G128/><T6/><D6/><N who="2" m="2058" /><F70/><W83/><G30/><T1/><D1/><U48/><E113/><V117/><F117/><W43/><G8/><T87/><D34/><U41/><E37/><V55/><F131/><W52/><G126/><N who="2" m="48137" /><F108/><W31/><G31/><T133/><D133/><U23/><E97/><V45/><F79/><W35/><G35/><T109/><D109/><U96/><E96/><V47/><F55/><W14/><G43/><T129/><D129/><U92/><E92/><V69/><F69/><W33/><G33/><T114/><D104/><U91/><E103/><V118/><F118/><W116/><G116/><T119/><D119/><U20/><E41/><V135/><F135/><W57/><G132/><T51/><D77/><U65/><E65/><V111/><F111/><W134/><G134/><T27/><REACH who="0" step="1"/><D51/><REACH who="0" ten="240,250,250,250" step="2"/><U11/><E48/><V63/><F63/><W50/><REACH who="3" step="1"/><G53/><REACH who="3" ten="240,250,250,240" step="2"/><T46/><D46/><N who="2" m="17418" /><F29/><W90/><G90/><T94/><D94/><U59/><E76/><V66/><F66/><W105/><G105/><T40/><D40/><U32/><E32/><V67/><F67/><W28/><G28/><T122/><D122/><U89/><E91/><V54/><F54/><W68/><G68/><T88/><D88/><U15/><E89/><V130/><F130/><W22/><G22/><AGARI ba="0,2" hai="18,22,27,56,62,64,85,87,99,100,107,112,114,115" machi="22" ten="40,3900,0" yaku="1,1,52,1,53,0" doraHai="61" doraHaiUra="42" who="0" fromWho="3" sc="240,59,250,0,250,0,240,-39" /><INIT seed="0,1,0,0,0,91" ten="299,250,250,201" oya="0" hai0="107,17,46,38,72,69,125,114,35,40,130,51,86" hai1="121,9,14,134,25,117,32,131,75,4,27,103,88" hai2="15,96,26,82,92,57,133,97,110,58,87,34,74" hai3="109,44,29,101,76,67,11,63,111,53,65,90,115"/><T42/><D114/><U22/><E117/><V71/><F71/><W80/><G115/><T99/><D72/><U100/><E121/><V10/><F133/><W37/><G29/><T93/><D69/><U31/><E75/><V102/><F110/><N who="3" m="41995" /><G101/><T56/><D35/><U62/><E131/><V98/><F74/><N who="3" m="43031" /><G11/><T128/><D125/><U116/><E116/><V118/><F118/><W24/><G24/><T48/><D86/><U85/><E62/><V129/><F129/><N who="0" m="49770" /><D107/><U126/><E126/><V113/><F113/><W1/><G1/><T106/><D106/><U123/><E134/><V119/><F119/><W18/><G18/><T94/><D99/><N who="2" m="37962" /><F26/><W73/><G73/><T81/><D81/><U49/><E123/><V84/><F34/><W108/><N who="3" m="42003" /><W33/><DORA hai="95" /><G33/><T79/><D79/><U77/><E77/><N who="2" m="46159" /><F87/><W135/><G135/><T36/><D17/><AGARI ba="1,0" hai="10,15,17,57,58,92,98,102" m="46159,37962" machi="17" ten="30,12000,2" yaku="8,1,52,5" doraHai="91,95" who="2" fromWho="0" sc="299,-123,250,0,250,123,201,0" /><INIT seed="1,0,0,5,3,47" ten="176,250,373,201" oya="1" hai0="121,92,48,53,73,117,104,114,118,131,98,82,8" hai1="81,35,83,127,86,10,115,58,13,1,37,80,21" hai2="41,57,130,132,6,122,94,50,55,18,33,9,72" hai3="31,62,27,101,90,110,63,65,66,109,78,120,49"/><U79/><E115/><V2/><F122/><W103/><G120/><T91/><D114/><U119/><E119/><V25/><F72/><W42/><G78/><T23/><D121/><U14/><E35/><V129/><F132/><W70/><G90/><T93/><D131/><N who="2" m="50186" /><F41/><W29/><G42/><T108/><D108/><N who="3" m="41577" /><G49/><T125/><D125/><U76/><E37/><V56/><F94/><W60/><G27/><T32/><D32/><U3/><E127/><V59/><F18/><W133/><G133/><T54/><D104/><U67/><E3/><V69/><F69/><N who="3" m="42151" /><G63/><T77/><D23/><U107/><E21/><V89/><F89/><W123/><G123/><T135/><D135/><U44/><E76/><V5/><F5/><W124/><G124/><T106/><D106/><U19/><E107/><V71/><F71/><W61/><G61/><T87/><D8/><U12/><E10/><V22/><F22/><W128/><G128/><T102/><REACH who="0" step="1"/><D54/><REACH who="0" ten="166,250,373,201" step="2"/><U100/><E1/><V46/><F33/><W30/><AGARI ba="0,1" hai="29,30,31,62,66,70,101,103" m="42151,41577" machi="30" ten="30,1100,0" yaku="14,1" doraHai="47" who="3" fromWho="3" sc="166,-3,250,-5,373,-3,201,21" /><INIT seed="2,0,0,5,0,101" ten="163,245,370,222" oya="2" hai0="24,109,102,128,31,42,74,80,77,126,127,97,0" hai1="86,2,6,36,83,125,120,64,30,114,14,37,18" hai2="105,38,107,21,58,22,27,46,3,87,29,133,51" hai3="131,93,71,78,68,90,116,55,118,47,94,45,63"/><V7/><F38/><W119/><G78/><T117/><D42/><U50/><E114/><V84/><F133/><W112/><G112/><T73/><D0/><U23/><E125/><N who="0" m="47625" /><D109/><U108/><E108/><V25/><F58/><W130/><G90/><T16/><D128/><N who="3" m="49193" /><G94/><T12/><D117/><U95/><E120/><V89/><F7/><W40/><G93/><T44/><D44/><N who="3" m="16969" /><G40/><T20/><D80/><U53/><E95/><V26/><F3/><W122/><G122/><T100/><D77/><U49/><E2/><V135/><F135/><W15/><G15/><T92/><D100/><U91/><E37/><V88/><F26/><W85/><G85/><T104/><D92/><U82/><E36/><V61/><F61/><W134/><G134/><T17/><D17/><U110/><E110/><V13/><F13/><W4/><G4/><T65/><D65/><U43/><E64/><V56/><F87/><W28/><G28/><T66/><D66/><U62/><E6/><V81/><F89/><W124/><G124/><T123/><D123/><U129/><E43/><V35/><F35/><AGARI ba="0,0" hai="12,16,20,24,31,35,73,74,97,102,104" m="47625" machi="35" ten="30,3900,0" yaku="18,1,52,1,54,1" doraHai="101" who="0" fromWho="2" sc="163,39,245,0,370,-39,222,0" /><INIT seed="3,0,0,3,1,75" ten="202,245,331,222" oya="3" hai0="96,87,125,20,77,45,34,68,31,119,22,44,113" hai1="61,128,35,106,52,50,60,33,91,58,19,14,84" hai2="32,28,85,63,15,8,71,94,29,135,6,17,123" hai3="7,108,115,13,79,66,9,132,39,118,57,49,92"/><W55/><G118/><T89/><D113/><U95/><E106/><V134/><F123/><W102/><G115/><T11/><D119/><U43/><E128/><V100/><F32/><W76/><G39/><T90/><D68/><U107/><E107/><V4/><F71/><W12/><G132/><N who="2" m="50729" /><F63/><N who="3" m="38255" /><G108/><T16/><D34/><N who="1" m="12811" /><E43/><V46/><F46/><N who="0" m="18026" /><D125/><U104/><E104/><V129/><F129/><W74/><G74/><T103/><D103/><U25/><E25/><V56/><F56/><N who="3" m="32879" /><G12/><N who="0" m="7199" /><D31/><N who="2" m="11850" /><F100/><W53/><G53/><T48/><D48/><U38/><E38/><V3/><F3/><W30/><G30/><T40/><D40/><U116/><E116/><V67/><F67/><W97/><AGARI ba="0,0" hai="7,9,13,76,79,92,97,102" m="32879,38255" machi="97" ten="30,6000,0" yaku="8,1,52,2" doraHai="75" who="3" fromWho="3" sc="202,-20,245,-20,331,-20,222,60" /><INIT seed="3,1,0,1,0,97" ten="182,225,311,282" oya="3" hai0="10,34,84,126,47,92,49,57,87,66,102,128,100" hai1="24,32,117,95,122,81,30,3,114,78,104,7,73" hai2="22,55,96,108,118,113,25,94,134,125,23,89,56" hai3="61,105,48,110,21,29,0,1,17,63,2,112,33"/><W127/><G105/><T58/><D34/><U133/><E114/><V62/><F113/><W54/><G112/><T8/><D126/><U11/><E122/><V131/><F118/><W14/><G127/><T99/><D128/><U67/><E117/><V82/><F125/><W51/><G110/><T42/><D57/><U79/><E133/><V37/><F37/><W52/><G29/><T5/><D100/><U43/><E104/><V13/><F134/><W36/><G33/><T74/><D74/><U50/><E79/><V12/><F131/><W93/><G93/><T38/><D10/><U65/><E50/><V35/><F35/><W107/><G36/><T91/><D91/><U19/><E95/><V76/><F108/><W64/><G107/><T132/><D132/><U101/><E101/><V129/><F129/><W98/><G98/><T75/><D75/><U59/><E59/><V103/><F89/><W135/><G64/><T85/><D38/><U4/><E43/><V28/><F23/><W86/><G86/><AGARI ba="1,0" hai="12,13,22,25,28,55,56,62,76,82,86,94,96,103" machi="86" ten="30,3900,0" yaku="7,1,8,1,52,1" doraHai="97" who="2" fromWho="3" sc="182,0,225,0,311,42,282,-42" owari="182,-32.0,225,-17.0,353,45.0,240,4.0" /></mjloggm>