<mjloggm ver="2.3"><GO type="41" lobby="0"/><UN n0="%E5%B0%B1%E6%B4%BB%E7%94%9F%40%E5%B7%9D%E6%9D%91%E8%BB%8D%E5%9B%A3" n1="%E5%A4%A7%E9%9B%AA%E5%B1%B1" n2="%E3%82%89%E3%81%84%E3%82%89%E3%81%84%57%45%4C" n3="%36%31%37" dan="15,14,15,15" rate="1955.66,1889.24,2023.82,1933.35" sx="M,F,M,M"/><TAIKYOKU oya="0"/><INIT seed="0,0,0,5,4,135" ten="250,250,250,250" oya="0" hai0="44,57,12,2,120,1,43,17,15,38,64,113,86" hai1="63,116,56,84,102,61,117,23,127,18,6,95,65" hai2="29,53,68,114,78,112,5,124,46,37,58,36,98" hai3="104,14,48,87,109,32,69,72,129,25,22,105,96"/><T100/><D113/><U66/><E6/><V40/><F37/><W81/><G72/><T8/><D120/><U7/><E7/><V88/><F78/><W31/><G69/><T130/><D130/><U55/><E127/><V0/><F29/><W45/><G109/><T133/><D133/><U39/><E39/><V71/><F124/><W119/><G119/><T89/><D100/><U115/><E115/><V128/><F128/><W93/><G129/><T80/><D64/><U9/><E9/><V47/><F47/><W122/><G122/><T126/><D126/><U16/><E55/><V49/><F68/><W123/><G123/><T3/><D57/><U41/><E41/><V107/><F71/><W99/><G99/><T125/><D125/><U134/><E134/><V73/><F73/><W77/><G14/><T10/><D3/><U67/><E18/><AGARI ba="0,0" hai="1,2,8,10,12,15,17,18,38,43,44,80,86,89" machi="18" ten="30,2900,0" yaku="7,1,9,1" doraHai="135" who="0" fromWho="1" sc="250,29,250,-29,250,0,250,0" /><INIT seed="0,1,0,4,1,63" ten="279,221,250,250" oya="0" hai0="7,3,130,17,106,86,97,64,30,115,33,37,127" hai1="112,121,135,6,105,65,59,128,107,125,126,23,35" hai2="82,38,2,55,122,103,57,116,40,34,80,78,132" hai3="94,77,114,119,134,10,15,26,8,69,60,81,24"/><T4/><D37/><U93/><E35/><V89/><F34/><W99/><G119/><T92/><D106/><U41/><E121/><V75/><F2/><W54/><G134/><T53/><D115/><U22/><E112/><V44/><F132/><W43/><G43/><T49/><D130/><U32/><E32/><V58/><F103/><W100/><G114/><T13/><D127/><N who="1" m="48651" /><E135/><V52/><F116/><W133/><G133/><T85/><D33/><U66/><E128/><V9/><F9/><W95/><G94/><T45/><D30/><U88/><E41/><V18/><F18/><W14/><G54/><T98/><D98/><N who="1" m="57639" /><E6/><N who="0" m="2089" /><D64/><N who="1" m="24683" /><E59/><V108/><F58/><W102/><G69/><T28/><D3/><U16/><E23/><V0/><F57/><W104/><G60/><T27/><D45/><U113/><E113/><V101/><F0/><W68/><G68/><T5/><D53/><U109/><E109/><V20/><F108/><W73/><G10/><T70/><D70/><U11/><E11/><V90/><F55/><W25/><G8/><T72/><D49/><U74/><E74/><V118/><F52/><W1/><G1/><T50/><D72/><U19/><E19/><V117/><F122/><W61/><G61/><T87/><D50/><U91/><E91/><V56/><F90/><W67/><G67/><T84/><D17/><U21/><E21/><V129/><F129/><W12/><G73/><T36/><D36/><U96/><E96/><V79/><F20/><W120/><G99/><T48/><D5/><U131/><E131/><V123/><F123/><W71/><G120/><RYUUKYOKU ba="1,0" sc="279,-10,221,30,250,-10,250,-10" hai1="16,22,105,107" /><INIT seed="1,2,0,0,3,82" ten="269,251,240,240" oya="1" hai0="88,97,123,101,83,53,35,134,105,118,78,32,14" hai1="62,76,46,22,28,93,39,68,26,89,38,3,51" hai2="37,73,104,45,99,59,63,41,0,109,94,10,132" hai3="66,121,130,49,34,29,119,128,4,31,96,9,71"/><U110/><E110/><V84/><F73/><W95/><G121/><T125/><D123/><U69/><E3/><V44/><F109/><W80/><G119/><T24/><D118/><U6/><E6/><V15/><F104/><W12/><G49/><T21/><D125/><U115/><E115/><V102/><F0/><W74/><G74/><T61/><D134/><U55/><E76/><V1/><F1/><W85/><G71/><T98/><D14/><U107/><E107/><V60/><F132/><W48/><G48/><T111/><D111/><U16/><E28/><V2/><F2/><W8/><G66/><T90/><D97/><U131/><E131/><N who="3" m="50218" /><G9/><T112/><D112/><U106/><E106/><V72/><F72/><W54/><G54/><T19/><D35/><U81/><E81/><V65/><F60/><W52/><G52/><T122/><D122/><U42/><E62/><V47/><F84/><W33/><G33/><T56/><REACH who="0" step="1"/><D32/><REACH who="0" ten="259,251,240,240" step="2"/><U100/><E39/><V70/><F70/><W11/><G34/><T18/><D18/><AGARI ba="2,1" hai="10,15,18,37,41,44,45,47,59,63,65,94,99,102" machi="18" ten="30,1000,0" yaku="7,1" doraHai="82" who="2" fromWho="0" sc="259,-16,251,0,240,26,240,0" /><INIT seed="2,0,0,5,0,50" ten="243,251,266,240" oya="2" hai0="75,127,115,72,73,54,125,80,71,3,31,26,43" hai1="89,49,113,122,21,83,107,86,33,84,20,135,56" hai2="30,15,114,8,61,13,6,98,52,58,124,60,27" hai3="2,35,16,28,120,29,93,96,87,121,133,47,36"/><V22/><F124/><N who="0" m="47690" /><D71/><U92/><E33/><V104/><F114/><W38/><G2/><T46/><D115/><U53/><E135/><V7/><F61/><W68/><G68/><T34/><D3/><U32/><E113/><V69/><F69/><W82/><G29/><T40/><D80/><U51/><E32/><V1/><REACH who="2" step="1"/><F6/><REACH who="2" ten="243,251,256,240" step="2"/><W67/><G120/><T103/><D103/><AGARI ba="0,1" hai="1,7,8,13,15,22,27,30,52,58,60,98,103,104" machi="103" ten="40,12000,1" yaku="1,1,2,1,52,1,54,1,53,0" doraHai="50" doraHaiUra="110" who="2" fromWho="0" sc="243,-120,251,0,256,130,240,0" /><INIT seed="2,1,0,2,4,124" ten="123,251,386,240" oya="2" hai0="66,98,49,91,108,19,2,1,24,21,33,47,115" hai1="28,88,32,65,89,83,22,16,6,99,13,17,25" hai2="90,119,126,101,96,134,11,52,118,122,110,38,63" hai3="39,80,117,111,62,34,79,36,104,107,61,56,114"/><V85/><F38/><W42/><G117/><T12/><D115/><U29/><E65/><V129/><F129/><W50/><G34/><T113/><D113/><U37/><E37/><V73/><F73/><W18/><G114/><T97/><D108/><U72/><E6/><V87/><F126/><W15/><G50/><T35/><D66/><U95/><E32/><V20/><F110/><W105/><G111/><T86/><D1/><U23/><REACH who="1" step="1"/><E89/><REACH who="1" ten="123,241,386,240" step="2"/><V46/><F90/><W8/><G42/><T92/><D2/><U54/><E54/><V70/><F52/><W58/><G39/><T121/><D121/><U135/><E135/><V3/><F134/><W27/><G36/><T45/><D45/><U43/><E43/><V40/><F46/><W31/><G31/><T26/><D35/><U112/><E112/><V128/><F40/><W81/><G27/><N who="0" m="10283" /><D33/><U71/><E71/><V120/><F70/><W0/><G0/><T9/><D9/><U82/><E82/><V64/><F11/><W116/><G116/><T84/><D84/><U109/><E109/><V10/><F85/><W44/><G81/><T125/><D125/><U5/><E5/><V48/><F87/><W106/><G44/><T127/><D127/><U41/><E41/><AGARI ba="1,1" hai="12,19,21,41,47,49,86,91,92,97,98" m="10283" machi="41" ten="30,1000,0" yaku="8,1" doraHai="124" who="0" fromWho="1" sc="123,23,241,-13,386,0,240,0" /><INIT seed="3,0,0,1,4,37" ten="146,228,386,240" oya="3" hai0="32,85,64,36,11,45,110,4,27,124,70,51,115" hai1="18,9,20,105,86,133,102,87,53,135,132,129,76" hai2="59,81,72,41,127,71,6,91,89,10,108,80,8" hai3="99,55,73,30,128,94,66,104,16,57,90,28,84"/><W65/><G128/><T114/><D110/><U50/><E129/><V49/><F71/><W77/><G104/><T100/><D124/><U47/><E76/><V118/><F10/><W116/><G73/><T52/><D36/><U62/><E9/><V48/><F108/><W24/><G116/><T43/><D32/><U68/><E102/><V131/><F127/><W82/><G30/><T60/><D27/><N who="1" m="14743" /><E105/><V25/><F25/><W78/><G78/><T130/><D130/><U95/><E95/><V103/><F103/><W111/><G111/><T121/><D121/><U98/><E98/><V61/><F72/><W134/><G134/><T119/><D119/><U3/><E3/><V21/><F21/><N who="3" m="13351" /><G28/><T58/><D100/><U79/><E79/><V126/><F126/><W2/><G2/><T44/><D85/><N who="1" m="32267" /><E62/><AGARI ba="0,0" hai="55,57,62,65,66,77,82,84,90,94,99" m="13351" machi="62" ten="30,5800,0" yaku="25,1,8,1,54,1" doraHai="37" who="3" fromWho="1" sc="146,0,228,-58,386,0,240,58" /><INIT seed="3,1,0,1,5,133" ten="146,170,386,298" oya="3" hai0="105,113,109,71,98,20,120,61,37,91,108,8,21" hai1="73,100,3,12,88,52,81,121,49,126,128,130,106" hai2="95,5,42,18,23,41,22,65,16,84,30,134,94" hai3="64,99,25,6,77,33,19,104,131,76,14,29,26"/><W4/><G131/><N who="1" m="50218" /><E3/><V2/><F134/><W127/><G26/><T24/><D37/><U50/><E121/><V7/><F2/><W97/><G64/><T78/><D78/><N who="1" m="44239" /><E126/><V17/><F65/><W38/><G38/><T27/><D120/><U87/><E12/><V35/><F35/><W54/><G54/><T114/><D71/><U59/><E100/><V0/><F0/><W75/><G127/><T31/><D61/><N who="1" m="36071" /><E106/><V135/><F135/><W39/><G39/><T45/><D45/><U112/><E112/><N who="0" m="43113" /><D105/><U69/><E69/><V82/><F30/><W74/><G77/><T110/><D91/><U11/><E11/><V129/><F129/><W58/><G58/><T132/><D98/><U40/><E40/><N who="2" m="15467" /><F82/><AGARI ba="1,0" hai="49,50,82,87,88" m="36071,44239,50218" machi="82" ten="30,3900,0" yaku="19,1,54,2" doraHai="133" who="1" fromWho="2" sc="146,0,170,42,386,-42,298,0" /><INIT seed="4,0,0,3,3,119" ten="146,212,344,298" oya="0" hai0="133,90,118,111,17,108,34,58,63,92,38,78,20" hai1="100,37,89,120,86,128,81,0,47,105,116,122,115" hai2="21,80,10,57,126,87,77,113,96,28,93,79,4" hai3="88,26,109,12,129,6,72,69,32,106,1,135,43"/><T30/><D38/><U42/><E116/><V48/><F113/><W70/><G88/><T56/><D118/><U35/><E115/><V16/><F126/><W41/><G12/><T24/><D133/><U74/><E35/><V18/><F77/><W25/><G43/><T7/><D78/><N who="1" m="44247" /><E128/><V66/><F28/><W61/><G26/><N who="0" m="14607" /><D7/><U44/><E44/><V76/><F79/><W98/><G41/><T65/><D58/><U121/><E89/><V59/><F66/><W5/><G5/><T134/><D134/><U45/><E86/><V73/><F73/><W123/><G72/><T40/><D40/><U94/><E94/><V125/><F125/><W68/><G135/><T99/><D34/><U36/><E47/><V46/><F10/><N who="3" m="2383" /><G129/><T71/><D24/><U75/><E75/><V29/><F4/><W55/><G55/><T14/><D14/><U107/><E37/><V53/><F29/><N who="3" m="19503" /><G61/><T19/><D19/><N who="2" m="7210" /><F21/><W131/><G131/><T104/><D30/><U22/><E22/><V27/><F27/><W52/><G52/><T33/><D33/><U13/><E13/><V85/><F85/><W49/><G49/><T117/><D117/><U64/><E64/><V51/><F48/><W3/><G3/><T67/><D104/><N who="1" m="40011" /><E100/><AGARI ba="0,0" hai="46,51,53,57,59,76,80,87,93,96,100" m="7210" machi="100" ten="30,2000,0" yaku="8,1,54,1" doraHai="119" who="2" fromWho="1" sc="146,0,212,-20,344,20,298,0" /><INIT seed="5,0,0,1,3,61" ten="146,192,364,298" oya="1" hai0="45,58,17,76,16,40,18,60,119,130,77,71,84" hai1="94,50,31,11,2,93,8,75,56,49,57,7,108" hai2="120,4,27,30,32,92,90,3,21,81,48,104,55" hai3="25,37,134,129,124,96,59,19,135,46,131,110,125"/><U95/><E75/><V51/><F104/><W74/><G110/><T85/><D119/><U23/><E108/><V15/><F81/><W126/><G74/><T100/><D71/><U105/><E105/><V69/><F69/><W67/><G96/><T109/><D109/><U87/><E87/><V33/><F120/><W112/><G112/><T101/><D130/><N who="3" m="49673" /><G25/><T6/><D6/><U0/><E31/><V97/><F3/><N who="1" m="1065" /><E23/><V9/><F51/><N who="1" m="19465" /><E7/><V12/><REACH who="2" step="1"/><F15/><REACH who="2" ten="146,192,354,298" step="2"/><W123/><G123/><T10/><D10/><AGARI ba="0,1" hai="8,10,11,56,57,93,94,95" m="19465,1065" machi="10" ten="40,3900,0" yaku="28,2" doraHai="61" who="1" fromWho="0" sc="146,-39,192,49,354,0,298,0" /><INIT seed="5,1,0,5,0,11" ten="107,241,354,298" oya="1" hai0="92,75,14,26,67,55,28,133,56,60,88,119,109" hai1="61,6,62,134,34,104,41,118,90,125,121,69,9" hai2="120,65,86,46,95,40,10,42,51,17,36,131,115" hai3="25,2,63,37,47,110,13,135,32,15,128,102,30"/><U22/><E118/><V97/><F120/><W74/><G110/><T64/><D75/><U70/><E121/><V113/><F65/><W53/><G2/><T24/><D109/><U127/><E134/><V126/><F86/><W91/><G74/><T20/><D119/><U57/><E34/><V129/><F126/><W43/><G135/><T52/><D133/><U79/><E104/><V107/><F107/><W108/><G108/><T124/><D124/><U29/><E79/><V93/><F40/><W71/><G128/><N who="2" m="49225" /><F36/><W48/><G91/><T50/><D26/><U12/><E90/><N who="2" m="55479" /><F95/><W73/><G102/><T89/><D89/><U117/><E41/><V80/><F80/><W83/><G83/><T19/><D55/><U0/><E117/><V45/><F46/><W16/><G16/><T87/><REACH who="0" step="1"/><D60/><REACH who="0" ten="97,241,354,298" step="2"/><U23/><E62/><V81/><F81/><W112/><G73/><T8/><AGARI ba="1,1" hai="8,14,19,20,24,28,50,52,56,64,67,87,88,92" machi="8" ten="20,16000,3" yaku="1,1,2,1,0,1,7,1,8,1,52,1,54,2,53,0" doraHai="11" doraHaiUra="132" who="0" fromWho="0" sc="97,173,241,-81,354,-41,298,-41" /><INIT seed="6,0,0,2,3,22" ten="270,160,313,257" oya="2" hai0="129,105,74,32,37,100,97,84,28,82,123,67,134" hai1="34,44,29,8,125,23,130,131,38,42,3,76,83" hai2="56,20,40,35,94,59,109,49,12,52,57,30,41" hai3="108,36,113,5,31,114,10,117,89,126,115,127,7"/><V62/><F35/><W106/><G106/><T2/><D123/><U78/><E125/><N who="3" m="47626" /><G36/><T14/><D2/><U95/><E95/><V26/><F109/><W103/><G103/><T121/><D121/><U51/><E23/><V132/><F132/><W6/><G108/><T72/><D129/><U9/><E51/><V87/><F12/><N who="3" m="5199" /><G89/><T63/><D134/><U73/><E78/><V0/><F0/><W135/><G135/><T11/><D37/><U112/><E9/><V64/><F59/><W61/><G61/><T79/><D28/><U118/><E118/><V116/><F116/><W54/><G54/><T17/><REACH who="0" step="1"/><D32/><REACH who="0" ten="260,160,313,257" step="2"/><U88/><E112/><V19/><F30/><W93/><G117/><T25/><D25/><N who="1" m="18735" /><E88/><AGARI ba="0,1" hai="19,20,26,40,41,49,52,56,57,62,64,87,88,94" machi="88" ten="40,12000,1" yaku="8,1,52,1,54,2" doraHai="22" who="2" fromWho="1" sc="260,0,160,-120,313,130,257,0" /><INIT seed="6,1,0,1,1,10" ten="260,40,443,257" oya="2" hai0="39,133,50,27,29,135,124,30,55,83,73,93,46" hai1="20,108,7,89,107,87,118,34,127,114,0,15,38" hai2="44,97,120,61,53,14,65,110,102,72,104,42,19" hai3="116,76,25,121,32,16,36,91,12,2,54,9,95"/><V86/><F72/><W117/><G121/><T131/><D131/><U11/><E38/><V98/><F120/><W109/><G109/><T92/><D124/><U31/><E107/><V70/><F98/><W37/><G76/><N who="0" m="44431" /><D39/><U119/><E127/><V49/><F86/><W126/><G126/><T60/><D60/><U115/><E108/><V84/><F84/><W123/><G123/><T88/><D92/><U79/><E79/><V81/><F81/><W45/><G2/><T85/><D27/><U100/><E100/><V21/><REACH who="2" step="1"/><F110/><REACH who="2" ten="260,40,433,257" step="2"/><W52/><G117/><T33/><D33/><U47/><E87/><V78/><F78/><W23/><G116/><T66/><D66/><U96/><E89/><V3/><F3/><W106/><G32/><T1/><D1/><U56/><E96/><V90/><F90/><W69/><G106/><T122/><D122/><U128/><E47/><V134/><F134/><AGARI ba="1,1" hai="29,30,46,50,55,85,88,93,133,134,135" m="44431" machi="134" ten="30,2000,0" yaku="20,1,54,1" doraHai="10" who="0" fromWho="2" sc="260,33,40,0,433,-23,257,0" /><INIT seed="7,0,0,5,1,15" ten="293,40,410,257" oya="3" hai0="18,103,54,74,78,100,134,104,80,118,44,109,65" hai1="126,75,122,8,55,129,6,16,72,111,102,119,79" hai2="62,94,99,130,64,59,21,132,26,43,106,47,77" hai3="46,2,101,13,95,63,86,32,40,22,12,124,89"/><W83/><G2/><T69/><D118/><U71/><E122/><V11/><F106/><W108/><G32/><T97/><D109/><U9/><E111/><V5/><F77/><W114/><G108/><T53/><D134/><U70/><E119/><V30/><F130/><W56/><G114/><T98/><D44/><U58/><E129/><V17/><F132/><W24/><G124/><T133/><D133/><U128/><E126/><V125/><F125/><W123/><G123/><T14/><D65/><U91/><E128/><V93/><F30/><W61/><G61/><T45/><D69/><U34/><E34/><V51/><F99/><W36/><G101/><T27/><D27/><U25/><E102/><V31/><F31/><W3/><G83/><T49/><D54/><U115/><E115/><V88/><F88/><W35/><G35/><T113/><D113/><U38/><E38/><V107/><F107/><W92/><G92/><T87/><D74/><U84/><E79/><V10/><F10/><W4/><G4/><T135/><D135/><U76/><E76/><V33/><F33/><W57/><G3/><AGARI ba="0,0" hai="3,5,11,17,21,26,43,47,51,59,62,64,93,94" machi="3" ten="30,2000,0" yaku="7,1,52,1" doraHai="15" who="2" fromWho="3" sc="293,0,40,0,410,20,257,-20" owari="293,9.0,40,-46.0,430,53.0,237,-16.0" /></mjloggm>