<mjloggm ver="2.3"><GO type="169" lobby="0"/><UN n0="%E3%81%8A%E7%9F%A5%E3%82%89%E3%81%9B" n1="%E3%82%A6%E3%83%AB%E3%83%88%E3%83%A9%E7%AB%8B%E7%9B%B4" n2="%E3%81%82%E3%82%89%E3%81%8F%E3%82%8C" n3="%63%68%72%6F%75%73%61" dan="16,16,16,16" rate="2005.68,2082.41,2163.05,2144.16" sx="M,M,F,M"/><TAIKYOKU oya="0"/><INIT seed="0,0,0,0,4,59" ten="250,250,250,250" oya="0" hai0="56,85,81,112,14,101,52,90,87,88,30,82,102" hai1="36,8,40,86,26,100,125,18,65,47,5,96,120" hai2="70,124,103,97,49,108,0,19,80,50,2,57,55" hai3="129,42,16,121,110,73,39,134,9,118,29,117,46"/><T76/><D112/><U20/><E120/><V107/><F108/><W130/><G73/><T133/><D133/><U10/><E125/><V32/><F70/><W34/><G110/><T37/><D37/><U43/><E43/><V33/><F124/><W77/><G77/><T78/><D30/><U128/><E128/><N who="3" m="49258" /><G134/><T21/><D21/><U91/><E65/><V38/><F38/><W28/><G121/><T113/><D113/><U98/><E100/><N who="0" m="38505" /><D14/><U23/><E23/><V12/><F80/><W63/><G63/><AGARI ba="0,0" hai="52,56,63,76,78,81,82,85,87,88,90" m="38505" machi="63" ten="30,11600,0" yaku="8,1,52,1,54,2" doraHai="59" who="0" fromWho="3" sc="250,116,250,0,250,0,250,-116" /><INIT seed="0,1,0,1,0,43" ten="366,250,250,134" oya="0" hai0="126,6,87,114,10,90,80,15,11,27,60,84,107" hai1="103,3,39,113,131,97,61,35,30,62,54,56,49" hai2="102,33,67,85,118,4,101,89,68,8,132,21,112" hai3="117,91,98,104,108,53,88,135,48,46,115,32,42"/><T7/><D114/><U2/><E131/><V134/><F33/><W111/><G115/><T26/><D107/><U129/><E129/><V20/><F112/><W28/><G117/><T82/><D60/><U105/><E113/><V75/><F75/><W18/><G135/><N who="2" m="51753" /><F118/><W127/><G127/><T55/><D55/><U130/><E39/><V76/><F76/><W125/><G125/><T52/><D52/><U92/><E130/><V63/><F20/><W86/><G18/><T16/><D126/><U37/><E37/><V45/><F21/><W34/><G28/><T36/><D36/><U19/><E19/><V17/><F17/><W116/><G116/><T40/><D40/><U99/><E62/><V128/><F128/><W83/><G42/><T47/><D47/><U109/><E109/><N who="3" m="42058" /><G91/><T9/><D6/><U122/><E61/><V51/><F4/><W124/><G124/><T13/><REACH who="0" step="1"/><D9/><REACH who="0" ten="356,250,250,134" step="2"/><U121/><E54/><N who="2" m="30063" /><F8/><W24/><G104/><T70/><D70/><U31/><E105/><V23/><F63/><W69/><G69/><T72/><D72/><U57/><E57/><V73/><F73/><W123/><G53/><T71/><D71/><U12/><E56/><V58/><F58/><W50/><G46/><T79/><AGARI ba="1,1" hai="7,10,11,13,15,16,26,27,79,80,82,84,87,90" machi="79" ten="20,18000,2" yaku="1,1,0,1,7,1,8,1,54,1,53,2" doraHai="43" doraHaiUra="5" who="0" fromWho="0" sc="356,193,250,-61,250,-61,134,-61" /><INIT seed="0,2,0,0,3,122" ten="549,189,189,73" oya="0" hai0="51,102,101,61,100,0,80,66,125,91,31,82,78" hai1="11,73,15,26,117,41,40,46,94,27,57,70,1" hai2="23,2,135,93,19,8,64,71,54,16,59,76,42" hai3="68,49,90,63,104,121,111,92,14,65,50,10,45"/><T105/><D125/><U12/><E70/><V17/><F135/><W88/><G104/><T126/><D0/><U79/><E1/><V75/><F71/><W103/><G121/><T131/><D131/><U69/><E69/><V18/><F64/><W5/><G50/><T123/><D126/><U96/><E117/><V30/><F42/><W99/><REACH who="3" step="1"/><G111/><REACH who="3" ten="549,189,189,63" step="2"/><T20/><D51/><U133/><E133/><V108/><F108/><W3/><G3/><T47/><D105/><U4/><E41/><AGARI ba="2,1" hai="5,10,14,41,45,49,63,65,68,88,90,92,99,103" machi="41" ten="30,3900,0" yaku="1,1,7,1,54,1,53,0" doraHai="122" doraHaiUra="52" who="3" fromWho="1" sc="549,0,189,-45,189,0,63,55" /><INIT seed="1,0,0,5,2,99" ten="549,144,189,118" oya="1" hai0="4,95,62,66,81,37,7,33,112,126,115,113,84" hai1="34,101,119,90,123,121,44,45,27,100,80,36,87" hai2="118,6,77,49,31,85,28,69,41,51,9,125,16" hai3="70,63,42,108,129,72,106,43,116,105,97,32,91"/><U56/><E119/><V13/><F69/><W29/><G108/><T130/><D33/><U2/><E2/><V133/><F118/><W14/><G72/><T10/><D37/><U111/><E111/><V104/><F104/><W114/><G14/><T131/><D126/><U40/><E45/><V59/><F125/><W58/><G70/><N who="0" m="42327" /><D95/><U128/><E128/><N who="0" m="49193" /><D10/><U30/><REACH who="1" step="1"/><E56/><REACH who="1" ten="549,134,189,118" step="2"/><V19/><F59/><W12/><G58/><T17/><D115/><U86/><E86/><V67/><F85/><W38/><G114/><T122/><D113/><U94/><E94/><V52/><F133/><W47/><G116/><T89/><D112/><U102/><AGARI ba="0,1" hai="27,30,34,36,40,44,80,87,90,100,101,102,121,123" machi="102" ten="30,12000,1" yaku="1,1,0,1,52,3,53,0" doraHai="99" doraHaiUra="57" who="1" fromWho="1" sc="549,-40,134,130,189,-40,118,-40" /><INIT seed="1,1,0,1,2,38" ten="509,264,149,78" oya="1" hai0="7,2,127,8,21,122,19,9,105,110,106,94,24" hai1="128,103,33,78,25,100,3,92,41,131,15,13,12" hai2="43,134,99,35,52,95,108,132,117,87,49,101,53" hai3="1,27,30,76,91,36,45,39,16,55,84,59,14"/><U63/><E3/><V60/><F117/><W71/><G1/><T118/><D118/><U77/><E63/><V34/><F108/><W120/><G71/><T47/><D110/><U81/><E25/><V88/><F60/><W93/><G76/><T58/><D127/><U102/><E33/><V112/><F112/><W85/><G120/><T4/><D122/><U28/><E28/><V37/><F34/><W11/><G84/><T116/><D116/><U114/><E114/><V80/><F35/><W62/><REACH who="3" step="1"/><G45/><REACH who="3" ten="509,264,149,68" step="2"/><T31/><D2/><U124/><E78/><V119/><F119/><W104/><G104/><T66/><D47/><U0/><E0/><V96/><F96/><W133/><G133/><N who="2" m="51305" /><F37/><W57/><G57/><T72/><D58/><U6/><E124/><V68/><F68/><W79/><G79/><T135/><D135/><U48/><E77/><V5/><F5/><W61/><G61/><T75/><D4/><U64/><E6/><V126/><F126/><W109/><G109/><T73/><D7/><U89/><E131/><V44/><AGARI ba="1,1" hai="43,44,49,52,53,80,87,88,95,99,101" m="51305" machi="44" ten="30,7900,0" yaku="20,1,52,1,54,2" doraHai="38" who="2" fromWho="2" sc="509,-21,264,-40,149,92,68,-21" /><INIT seed="2,0,0,4,1,27" ten="488,224,241,47" oya="2" hai0="77,52,13,69,129,42,7,22,103,2,55,104,75" hai1="107,95,79,92,1,63,26,19,58,14,37,31,86" hai2="130,74,83,62,80,6,60,113,106,116,122,81,3" hai3="57,124,47,45,100,88,36,64,10,68,71,44,96"/><V114/><F122/><W17/><G124/><T134/><D69/><U84/><E37/><V115/><F116/><W39/><G10/><T43/><D2/><U35/><E107/><V127/><F106/><W128/><G100/><T90/><D75/><U24/><E1/><V85/><F74/><W9/><G9/><T111/><D77/><U51/><E26/><V16/><F127/><W48/><G17/><T50/><D103/><U25/><E25/><V67/><F85/><W70/><G96/><T32/><D32/><U15/><E51/><V112/><F112/><W93/><G93/><T18/><D55/><U49/><E49/><V56/><F130/><W40/><G88/><T21/><D7/><U65/><E79/><V46/><F46/><N who="3" m="18027" /><G128/><T41/><D104/><U97/><E95/><V123/><F123/><W87/><G87/><T34/><D34/><U76/><E76/><V102/><F102/><W28/><G28/><T91/><D22/><U132/><E15/><V109/><F3/><W30/><G30/><T59/><D91/><U73/><E73/><V126/><F6/><W108/><G108/><T125/><D90/><N who="1" m="55447" /><E86/><V8/><F126/><W98/><G98/><T121/><D111/><U4/><E84/><V118/><F109/><W23/><G23/><T82/><D129/><U61/><E4/><V135/><F8/><W119/><G119/><T12/><D125/><U11/><E31/><V72/><F118/><W101/><G101/><T94/><D21/><U99/><E35/><V54/><F16/><W20/><G20/><T110/><D18/><U29/><E19/><RYUUKYOKU ba="0,0" sc="488,-10,224,-10,241,-10,47,30" hai3="36,39,40,47,48,57,64,68,70,71" /><INIT seed="3,1,0,5,4,66" ten="478,214,231,77" oya="3" hai0="23,111,57,64,130,85,24,36,56,76,117,62,45" hai1="105,61,26,108,40,65,33,29,129,83,28,120,80" hai2="63,49,86,19,128,126,93,77,67,12,92,110,109" hai3="22,75,100,39,50,30,53,11,90,16,98,87,102"/><W46/><G39/><T17/><D117/><U71/><E120/><V119/><F119/><W78/><G75/><T68/><D111/><N who="2" m="42506" /><F128/><W88/><G30/><T69/><D130/><U31/><E129/><V118/><F126/><W101/><G11/><T59/><D68/><U15/><E108/><V13/><F49/><W70/><G70/><T127/><D127/><U84/><E40/><V89/><F77/><W133/><G133/><T52/><D76/><U5/><E105/><V41/><F41/><W113/><G113/><T114/><D85/><U79/><REACH who="1" step="1"/><E83/><REACH who="1" ten="478,204,231,77" step="2"/><V4/><F118/><W43/><G43/><N who="0" m="22759" /><D114/><U20/><E20/><V96/><F93/><W47/><G47/><T107/><D107/><U10/><AGARI ba="1,1" hai="5,10,15,26,28,29,31,33,61,65,71,79,80,84" machi="10" ten="30,4000,0" yaku="1,1,0,1,52,1,53,0" doraHai="66" doraHaiUra="97" who="1" fromWho="1" sc="478,-11,204,53,231,-11,77,-21" /><INIT seed="4,0,0,4,2,58" ten="467,257,220,56" oya="0" hai0="88,77,109,111,75,32,53,65,36,124,19,96,80" hai1="59,20,98,90,4,117,112,42,54,104,81,0,114" hai2="29,17,68,40,108,116,49,27,2,51,57,83,107" hai3="120,3,121,10,26,101,95,97,73,13,102,34,74"/><T45/><D32/><U105/><E117/><V25/><F108/><N who="0" m="41546" /><D124/><U125/><E42/><V21/><F68/><W16/><G102/><T39/><D65/><U85/><E125/><V22/><F116/><W135/><G135/><T113/><D19/><U30/><E4/><V28/><F107/><W35/><G3/><T1/><D1/><U67/><E67/><V84/><F2/><W131/><G131/><T11/><D11/><U37/><E98/><V127/><F127/><W9/><G9/><T76/><D76/><U64/><E64/><V122/><F122/><N who="3" m="47211" /><G26/><T119/><D113/><N who="1" m="43627" /><E37/><V61/><F40/><W18/><G18/><T128/><D128/><U66/><E66/><N who="2" m="39215" /><F17/><W55/><G55/><T44/><D119/><U115/><E0/><V86/><F86/><W72/><AGARI ba="0,0" hai="10,13,16,34,35,72,73,74,95,97,101" m="47211" machi="72" ten="40,2700,0" yaku="13,1,54,1" doraHai="58" who="3" fromWho="3" sc="467,-13,257,-7,220,-7,56,27" /><INIT seed="5,0,0,4,3,38" ten="454,250,213,83" oya="1" hai0="68,112,99,109,56,5,32,52,58,21,40,76,74" hai1="61,85,17,54,60,16,94,64,75,22,115,66,29" hai2="62,113,90,53,47,89,33,41,28,122,131,127,71" hai3="117,88,65,78,135,101,25,39,1,55,36,96,35"/><U46/><E75/><V82/><F122/><W98/><G1/><T9/><D32/><U118/><E118/><V44/><F131/><W92/><G117/><T105/><D68/><U50/><E115/><V107/><F113/><W100/><G135/><T84/><D74/><U79/><E29/><V116/><F107/><W0/><G0/><T12/><D109/><U130/><E130/><V106/><F106/><W93/><G78/><T95/><D105/><U6/><E6/><V123/><F123/><W129/><G129/><T10/><D10/><U11/><E11/><V77/><F127/><W57/><G65/><T114/><D114/><U91/><E79/><V37/><F116/><W4/><G4/><T119/><D58/><U13/><E17/><V121/><F121/><W2/><G2/><T128/><D128/><U67/><AGARI ba="0,0" hai="13,16,22,46,50,54,60,61,64,66,67,85,91,94" machi="67" ten="30,6000,0" yaku="0,1,8,1,54,1" doraHai="38" who="1" fromWho="1" sc="454,-20,250,60,213,-20,83,-20" /><INIT seed="5,1,0,1,4,56" ten="434,310,193,63" oya="1" hai0="80,93,46,35,21,16,49,47,43,76,116,15,117" hai1="110,41,78,101,11,40,66,65,111,87,36,1,126" hai2="8,30,63,99,48,96,103,24,51,68,128,98,90" hai3="17,92,100,57,119,13,31,118,7,107,108,62,54"/><U132/><E101/><V79/><F128/><W18/><G108/><N who="1" m="41514" /><E126/><V26/><F79/><W74/><G74/><T44/><D35/><U28/><E28/><V72/><F72/><W22/><G107/><T64/><D64/><N who="1" m="24683" /><E36/><V123/><F123/><W88/><G100/><T102/><D117/><N who="3" m="44553" /><G7/><T42/><D116/><U82/><E132/><V37/><F37/><W33/><G33/><T3/><D3/><U129/><E129/><V84/><F103/><W20/><G31/><T104/><D104/><U109/><E109/><V75/><F75/><W134/><G134/><T0/><D0/><U71/><E71/><V23/><F8/><N who="3" m="6311" /><G18/><T14/><D14/><U19/><E19/><V86/><F30/><W70/><G70/><T85/><D43/><U53/><E53/><V38/><F68/><W5/><G5/><AGARI ba="1,0" hai="1,5,11,40,41,78,82,87" m="24683,41514" machi="5" ten="30,1500,0" yaku="10,1" doraHai="56" who="1" fromWho="3" sc="434,0,310,18,193,0,63,-18" /><INIT seed="5,2,0,3,1,93" ten="434,328,193,45" oya="1" hai0="120,45,67,80,5,52,60,35,103,34,109,29,7" hai1="73,108,119,48,21,6,56,75,12,110,41,23,122" hai2="115,66,17,102,9,89,72,95,68,54,10,31,101" hai3="100,130,77,53,111,19,13,28,32,96,71,1,26"/><U36/><E122/><V98/><F72/><W123/><G123/><T25/><D109/><N who="1" m="42091" /><E119/><V27/><F115/><W113/><G111/><T88/><D120/><U90/><E36/><V112/><F112/><W82/><G113/><T97/><D34/><U20/><E90/><V105/><F102/><W24/><G71/><T107/><D45/><N who="1" m="25647" /><E56/><V94/><F94/><W16/><G1/><T59/><REACH who="0" step="1"/><D67/><REACH who="0" ten="424,328,193,45" step="2"/><U42/><E42/><V118/><F118/><W116/><G116/><T135/><D135/><U22/><N who="1" m="5120" /><DORA hai="133" /><U126/><E126/><V114/><F114/><W61/><G32/><T64/><D64/><U69/><E69/><V11/><F66/><W84/><G28/><T38/><D38/><U128/><E128/><V92/><F68/><W79/><G130/><T106/><D106/><U18/><E18/><V99/><F17/><W30/><G16/><T91/><D91/><U87/><E87/><AGARI ba="2,1" hai="5,7,25,29,35,52,59,60,80,87,88,97,103,107" machi="87" ten="40,8000,1" yaku="1,1,52,1,54,2,53,0" doraHai="93,133" doraHaiUra="121,132" who="0" fromWho="1" sc="424,96,328,-86,193,0,45,0" /><INIT seed="6,0,0,1,1,118" ten="520,242,193,45" oya="2" hai0="101,132,96,92,88,25,70,23,61,125,131,40,57" hai1="49,129,66,38,24,27,48,59,11,103,4,110,34" hai2="105,30,2,97,3,109,55,98,42,37,113,90,9" hai3="126,116,121,44,6,65,134,124,18,58,7,26,10"/><V68/><F68/><W28/><G116/><T52/><D125/><N who="3" m="48233" /><G44/><T135/><D131/><U102/><E38/><V79/><F113/><W47/><G47/><T87/><D40/><U133/><E129/><V107/><F42/><W20/><G65/><T91/><D70/><U5/><E11/><V100/><F37/><W130/><G58/><T117/><D117/><U94/><E94/><V72/><F55/><W82/><G82/><N who="0" m="49271" /><D101/><U67/><E34/><V41/><F41/><W75/><G75/><T33/><D33/><U122/><E59/><V35/><F72/><W84/><G84/><T108/><D108/><U85/><E85/><V86/><F79/><W120/><G130/><T60/><D60/><U21/><E110/><V31/><F109/><W111/><G111/><T104/><D104/><U54/><E54/><V77/><F77/><W56/><G56/><T95/><D95/><U78/><E78/><V46/><F46/><W51/><G51/><T114/><D114/><U99/><E49/><V76/><F76/><W83/><G83/><T1/><D1/><U74/><E48/><V71/><F71/><W12/><G134/><T14/><D14/><U123/><E133/><V93/><F107/><W80/><G80/><T16/><AGARI ba="0,0" hai="16,23,25,52,57,61,91,92,96,132,135" m="49271" machi="16" ten="30,7900,0" yaku="25,1,54,3" doraHai="118" who="0" fromWho="0" sc="520,79,242,-20,193,-39,45,-20" /><INIT seed="7,0,0,2,4,109" ten="599,222,154,25" oya="3" hai0="11,10,93,112,85,18,60,123,81,39,122,83,120" hai1="33,5,0,117,28,29,78,104,91,113,52,105,103" hai2="107,51,8,56,116,55,130,80,71,98,43,45,73" hai3="4,2,66,133,106,111,13,3,96,59,100,110,132"/><W76/><G76/><T50/><D112/><U134/><E91/><V86/><F116/><W20/><G66/><T128/><D10/><U22/><E52/><V119/><F119/><W37/><G37/><T17/><D18/><U61/><E22/><V79/><F130/><W35/><G35/><T7/><D39/><U26/><E113/><V58/><F71/><W44/><G44/><T82/><D128/><U23/><E61/><V77/><F73/><W63/><G63/><T72/><D72/><U92/><E92/><V118/><F118/><W129/><G129/><T108/><D108/><N who="3" m="41513" /><G59/><T65/><D50/><U34/><E78/><V27/><F58/><W32/><G32/><T40/><D40/><U47/><E47/><V74/><F74/><W67/><G67/><T54/><D54/><U36/><E34/><V30/><F77/><W114/><G114/><T64/><D17/><U84/><E33/><V31/><F8/><N who="3" m="4231" /><G20/><T68/><D65/><U94/><E36/><V49/><F27/><W41/><G41/><T87/><REACH who="0" step="1"/><D93/><REACH who="0" ten="589,222,154,25" step="2"/><U57/><E26/><V124/><F124/><W126/><G126/><T16/><D16/><U125/><E23/><V9/><F9/><W127/><G127/><T69/><D69/><U89/><E125/><V46/><F46/><W62/><G62/><T53/><D53/><U24/><E24/><V135/><F107/><W12/><G12/><AGARI ba="0,1" hai="7,11,12,60,64,68,81,82,83,85,87,120,122,123" machi="12" ten="50,1600,0" yaku="1,1,53,0" doraHai="109" doraHaiUra="99" who="0" fromWho="3" sc="589,26,222,0,154,0,25,-16" owari="615,72.0,222,2.0,154,-25.0,9,-49.0" /></mjloggm>