<mjloggm ver="2.3"><GO type="97" lobby="0"/><UN n0="%6A%75%6D%62%6F" n1="%E9%9D%92%E5%B5%90%E3%81%AE%E4%B8%80%E5%85%83" n2="%E5%B0%B1%E6%B4%BB%E7%94%9F%40%E5%B7%9D%E6%9D%91%E8%BB%8D%E5%9B%A3" n3="%E3%81%B5%E3%81%98%E9%80%9A" dan="14,14,15,14" rate="1848.24,1963.94,2053.02,1933.90" sx="M,M,M,M"/><TAIKYOKU oya="0"/><INIT seed="0,0,0,0,4,32" ten="250,250,250,250" oya="0" hai0="126,123,131,99,119,42,2,35,10,22,71,120,132" hai1="29,49,78,80,134,23,11,41,3,13,116,73,55" hai2="87,117,60,1,38,86,112,27,79,45,129,17,31" hai3="93,100,91,34,46,9,75,124,122,4,69,26,58"/><T8/><D71/><U98/><E116/><V111/><F112/><W102/><G124/><T66/><D66/><U128/><E41/><V7/><F111/><W82/><G122/><T72/><D72/><U104/><E29/><V74/><F129/><W6/><G69/><T68/><D68/><U101/><E128/><V20/><F60/><W108/><G108/><T125/><D42/><U115/><E23/><V64/><F64/><W114/><G114/><T135/><D99/><U97/><E97/><V96/><F96/><W130/><G130/><T62/><D62/><U90/><E115/><V133/><F133/><N who="0" m="51274" /><D131/><U59/><E134/><V28/><F117/><W19/><G46/><T43/><D43/><U50/><E90/><V40/><F86/><W15/><G58/><T52/><D119/><U0/><E50/><V89/><F87/><W85/><G75/><T37/><D37/><U107/><E104/><V5/><F5/><AGARI ba="0,0" hai="0,3,5,11,13,49,55,59,73,78,80,98,101,107" machi="5" ten="30,3900,0" yaku="7,1,52,2" doraHai="32" who="1" fromWho="2" sc="250,0,250,39,250,-39,250,0" /><INIT seed="1,0,0,3,0,78" ten="250,289,211,250" oya="1" hai0="89,62,28,66,86,3,39,119,29,97,107,41,96" hai1="50,55,36,43,6,56,123,22,85,19,67,109,33" hai2="82,132,0,2,34,45,11,4,38,120,122,104,127" hai3="52,118,99,100,88,57,18,73,68,8,69,79,13"/><U71/><E123/><V27/><F0/><W130/><G130/><T23/><D119/><U81/><E33/><V112/><F104/><W133/><G133/><T93/><D3/><U114/><E6/><V30/><F132/><W77/><G118/><T128/><D39/><U111/><E114/><V135/><F135/><W116/><G116/><T25/><D128/><U15/><E36/><V24/><F112/><W134/><G134/><T126/><D41/><U47/><E71/><V31/><F127/><W32/><G32/><T63/><D126/><U26/><E67/><V12/><F82/><W1/><G1/><T70/><D63/><U110/><E43/><V80/><F80/><W48/><G77/><T131/><D131/><U60/><E47/><V76/><F76/><W129/><G129/><T61/><D61/><U40/><E40/><V51/><F38/><W101/><G101/><T74/><D74/><U102/><E102/><V46/><F46/><W44/><G57/><N who="0" m="37199" /><D107/><U16/><E60/><V58/><F58/><W83/><REACH who="3" step="1"/><G88/><REACH who="3" ten="250,289,211,240" step="2"/><N who="0" m="55335" /><D70/><U92/><E92/><AGARI ba="0,1" hai="8,13,18,44,48,52,68,69,73,79,83,92,99,100" machi="92" ten="30,7700,0" yaku="1,1,7,1,52,1,54,1,53,0" doraHai="78" doraHaiUra="84" who="3" fromWho="1" sc="250,0,289,-77,211,0,240,87" /><INIT seed="2,0,0,5,2,132" ten="250,212,211,327" oya="2" hai0="62,74,115,23,108,98,25,40,131,92,70,50,61" hai1="67,73,88,65,45,34,56,30,22,75,24,82,15" hai2="120,38,109,107,116,28,9,110,12,86,91,16,13" hai3="133,59,20,58,5,21,113,6,95,26,128,17,101"/><V99/><F38/><W7/><G133/><T53/><D115/><U117/><E117/><V130/><F116/><W72/><G72/><T123/><D123/><U112/><E75/><V104/><F120/><W129/><G113/><T103/><D74/><U135/><E112/><V94/><F130/><N who="3" m="50283" /><G101/><T19/><D131/><U47/><E135/><V134/><F134/><W32/><G95/><T106/><D108/><N who="2" m="41578" /><F28/><N who="3" m="19479" /><G58/><T111/><D111/><U69/><E73/><V102/><F13/><N who="3" m="9263" /><G59/><N who="0" m="33207" /><D106/><AGARI ba="0,0" hai="9,12,16,86,91,94,99,102,104,106,107" m="41578" machi="106" ten="30,5800,0" yaku="14,1,10,1,54,1" doraHai="132" who="2" fromWho="0" sc="250,-58,212,0,211,58,327,0" /><INIT seed="2,1,0,4,3,18" ten="192,212,269,327" oya="2" hai0="86,77,40,36,34,61,46,60,93,23,65,16,106" hai1="31,44,112,50,51,75,32,85,134,33,24,54,131" hai2="30,63,128,97,100,122,124,25,79,109,47,101,99" hai3="15,94,113,12,52,87,62,82,17,108,130,26,104"/><V42/><F122/><W125/><G104/><T74/><D106/><U117/><E75/><V6/><F124/><W91/><G125/><T21/><D34/><U4/><E117/><V58/><F128/><W81/><G130/><T57/><D74/><U7/><E131/><V83/><F6/><W95/><G108/><T48/><D36/><U110/><E33/><V116/><F116/><W88/><G113/><T114/><D114/><U35/><E35/><V5/><F5/><W9/><G26/><T10/><D77/><U39/><E39/><V129/><F109/><W27/><G27/><T56/><D86/><U80/><E110/><V0/><F0/><W13/><G13/><N who="0" m="7223" /><D93/><U20/><E32/><V59/><F129/><W71/><G71/><T111/><D111/><U96/><E112/><V133/><F133/><W19/><G62/><T49/><D48/><U70/><E70/><V41/><F83/><W132/><G52/><AGARI ba="1,0" hai="21,23,40,46,49,52,56,57,60,61,65" m="7223" machi="52" ten="30,8000,1" yaku="8,1,52,2,54,2" doraHai="18" who="0" fromWho="3" sc="192,83,212,0,269,0,327,-83" /><INIT seed="3,0,0,2,0,118" ten="275,212,269,244" oya="3" hai0="83,128,39,80,53,84,135,63,41,109,42,43,1" hai1="112,27,8,20,123,103,113,66,34,115,3,23,33" hai2="88,14,37,51,111,60,74,101,68,67,72,121,107" hai3="75,12,95,15,102,49,4,97,9,5,76,22,18"/><W133/><G133/><T70/><D1/><U100/><E66/><V65/><F37/><W105/><G105/><T81/><D135/><U44/><E44/><V11/><F67/><W62/><G62/><T71/><D128/><U36/><E36/><V50/><F111/><W59/><G75/><T61/><D109/><U31/><E103/><V93/><F101/><W129/><G129/><T114/><D114/><U134/><E100/><V86/><F107/><W29/><G29/><T28/><D28/><U47/><E47/><V85/><F85/><W54/><REACH who="3" step="1"/><G76/><REACH who="3" ten="275,212,269,234" step="2"/><T30/><D30/><U56/><E134/><V120/><F74/><W91/><G91/><T127/><D39/><U45/><E45/><V24/><F72/><W131/><G131/><T7/><D127/><U122/><E56/><V130/><F130/><W52/><G52/><T16/><D71/><U2/><E34/><V38/><F38/><W108/><G108/><T25/><D70/><U58/><E58/><V69/><F69/><W116/><G116/><T73/><D73/><U13/><E2/><V32/><F51/><W79/><G79/><T82/><D53/><U126/><E3/><V110/><F50/><W98/><G98/><T0/><D0/><U117/><E126/><V46/><F46/><W26/><G26/><T21/><N who="0" m="20992" /><DORA hai="94" /><T19/><D84/><U96/><E96/><V77/><F24/><W78/><G78/><T92/><D92/><U99/><E99/><V90/><F77/><W40/><G40/><T10/><D61/><U87/><E117/><V106/><F106/><W132/><G132/><RYUUKYOKU ba="0,1" sc="275,-10,212,-10,269,-10,234,30" hai3="4,5,9,12,15,18,22,49,54,59,95,97,102" /><INIT seed="3,1,1,4,4,21" ten="265,202,259,264" oya="3" hai0="108,20,97,109,37,61,103,105,89,16,55,27,26" hai1="76,59,101,72,10,7,40,13,29,44,19,107,77" hai2="100,115,93,33,73,54,91,3,106,31,123,23,87" hai3="48,1,43,49,85,2,38,83,68,60,53,92,116"/><W66/><G116/><T34/><D37/><U18/><E101/><V14/><F73/><W98/><G38/><T64/><D55/><U119/><E107/><V133/><F3/><W112/><G112/><T28/><REACH who="0" step="1"/><D89/><REACH who="0" ten="255,202,259,264" step="2"/><U65/><E119/><V62/><F54/><W15/><G43/><T25/><D25/><U32/><E76/><V47/><F91/><W69/><G53/><T71/><AGARI ba="1,2" hai="16,20,26,27,28,34,61,64,71,97,103,105,108,109" machi="71" ten="30,12000,2" yaku="1,1,0,1,25,2,52,2,54,1,53,0" doraHai="21" doraHaiUra="86" who="0" fromWho="0" sc="255,143,202,-31,259,-31,264,-61" owari="398,50.0,171,-33.0,228,3.0,203,-20.0" /></mjloggm>