<mjloggm ver="2.3"><GO type="169" lobby="0"/><UN n0="%E3%81%8B%E3%81%AB%E3%83%9E%E3%82%B8%E3%83%B3" n1="%E3%81%94%E3%82%8A%E3%81%94%E3%82%8A%E3%81%94%E3%82%8A%E3%82%89" n2="%E3%82%A6%E3%83%AB%E3%83%88%E3%83%A9%E7%AB%8B%E7%9B%B4" n3="%43%52%41%5A%59%42%45%45" dan="18,17,17,16" rate="2199.14,2166.25,2190.70,2135.39" sx="M,M,M,M"/><TAIKYOKU oya="0"/><INIT seed="0,0,0,5,1,18" ten="250,250,250,250" oya="0" hai0="42,77,53,9,130,123,132,65,41,10,62,2,22" hai1="34,128,121,3,27,46,23,83,116,115,21,37,52" hai2="58,19,88,96,126,61,92,33,26,111,30,68,99" hai3="100,98,108,122,79,47,55,31,82,112,119,113,86"/><T71/><D123/><U84/><E121/><V70/><F126/><W28/><G122/><T69/><D130/><U114/><E3/><V103/><F19/><W4/><G119/><T38/><D132/><U81/><E128/><V90/><F111/><W110/><G4/><T24/><D71/><U105/><E105/><V25/><F25/><W134/><G134/><T1/><D77/><U20/><E116/><V64/><REACH who="2" step="1"/><F90/><REACH who="2" ten="250,250,240,250" step="2"/><W78/><G108/><T66/><D24/><U75/><E75/><V125/><F125/><W124/><G110/><T104/><D69/><U5/><E5/><V91/><F91/><W131/><G124/><T11/><D38/><U67/><E67/><V57/><F57/><W59/><G59/><T118/><D66/><U97/><E37/><V102/><F102/><W74/><G100/><T45/><D65/><U17/><E34/><V50/><F50/><W6/><G131/><T72/><D72/><U0/><E0/><V48/><F48/><W95/><G74/><T44/><D1/><U127/><E127/><V85/><F85/><W73/><G73/><T120/><D2/><U8/><E97/><V133/><F133/><W87/><G6/><T106/><D120/><U129/><E129/><V12/><F12/><W29/><G98/><T32/><D32/><U40/><E27/><V13/><F13/><W89/><G79/><T135/><D135/><U76/><E76/><V49/><F49/><W54/><G78/><T117/><D117/><U107/><E84/><V93/><AGARI ba="0,1" hai="26,30,33,58,61,64,68,70,88,92,93,96,99,103" machi="93" ten="20,5200,0" yaku="1,1,0,1,7,1,54,1,53,0" doraHai="18" doraHaiUra="35" who="2" fromWho="2" sc="250,-26,250,-13,240,62,250,-13" /><INIT seed="1,0,0,0,3,122" ten="224,237,302,237" oya="1" hai0="104,41,44,13,42,91,17,94,0,29,85,53,28" hai1="82,39,70,134,130,116,131,14,90,65,75,5,56" hai2="68,129,20,62,100,23,10,113,69,121,45,6,117" hai3="19,108,12,52,109,66,111,105,79,3,86,127,119"/><U4/><E39/><V83/><F117/><W97/><G3/><T21/><D0/><U98/><E116/><V60/><F121/><W96/><G119/><T61/><D104/><U106/><E70/><V81/><F100/><W22/><G127/><T92/><D92/><N who="1" m="56599" /><E106/><V76/><F45/><W30/><G66/><T55/><D53/><U58/><E134/><V59/><F59/><N who="1" m="22569" /><E65/><V38/><F38/><W135/><G135/><T46/><D61/><U25/><E25/><V32/><F32/><W54/><G30/><N who="0" m="11883" /><D55/><N who="3" m="21033" /><G105/><T24/><D24/><U87/><E75/><V74/><F74/><W2/><G2/><T77/><D77/><N who="1" m="46543" /><E14/><V27/><F27/><W84/><G84/><T103/><D103/><U43/><E43/><AGARI ba="0,0" hai="13,17,21,41,42,43,44,46,85,91,94" m="11883" machi="43" ten="30,1000,0" yaku="8,1" doraHai="122" who="0" fromWho="1" sc="224,10,237,-10,302,0,237,0" /><INIT seed="2,0,0,0,3,131" ten="234,227,302,237" oya="2" hai0="133,48,14,80,47,40,118,128,42,67,89,57,109" hai1="66,32,54,111,38,120,25,20,33,35,134,36,126" hai2="83,59,113,125,117,22,1,84,10,63,108,15,82" hai3="60,81,11,132,71,72,13,21,68,24,130,124,91"/><V116/><F113/><W78/><G130/><T0/><D0/><U79/><E120/><V62/><F125/><W45/><G124/><T87/><D128/><U46/><E111/><V90/><F108/><W26/><G24/><T65/><D109/><U105/><E134/><V4/><F63/><W99/><G45/><T51/><D133/><U102/><E126/><V52/><F82/><W129/><G129/><T98/><D118/><U74/><E66/><V44/><F44/><W121/><G121/><T85/><D98/><U93/><E105/><V64/><F64/><W73/><G73/><T8/><D42/><U114/><E114/><V75/><F75/><W106/><G132/><T49/><D87/><U2/><E2/><V23/><REACH who="2" step="1"/><F1/><REACH who="2" ten="234,227,292,237" step="2"/><W115/><G60/><N who="0" m="38031" /><D67/><U34/><E74/><V100/><F100/><W12/><G115/><T56/><D56/><U58/><E46/><V37/><F37/><W70/><G72/><T41/><D47/><U16/><E38/><V43/><F43/><W110/><G110/><T31/><D31/><U30/><E36/><V94/><F94/><W123/><G123/><T119/><D119/><AGARI ba="0,1" hai="4,10,15,22,23,52,59,62,83,84,90,116,117,119" machi="119" ten="40,3900,0" yaku="1,1,54,1,53,0" doraHai="131" doraHaiUra="69" who="2" fromWho="0" sc="234,-39,227,0,292,49,237,0" /><INIT seed="2,1,0,5,2,47" ten="195,227,341,237" oya="2" hai0="111,52,57,95,36,17,109,88,121,28,44,83,116" hai1="35,90,39,99,128,91,71,58,14,3,134,20,19" hai2="66,94,106,55,131,112,122,72,6,4,84,15,100" hai3="104,89,27,97,48,117,133,25,63,87,46,73,70"/><V125/><F122/><W93/><G117/><T98/><D121/><U45/><E71/><V34/><F34/><W59/><G70/><T38/><D116/><U29/><E3/><V107/><F72/><W41/><G73/><T75/><D28/><U10/><E35/><V110/><F66/><W49/><G133/><T24/><D75/><U37/><E128/><V9/><F131/><W33/><G33/><T118/><D83/><U64/><E39/><V115/><F107/><W7/><G7/><T21/><D118/><U108/><E37/><V81/><F106/><W127/><G127/><T50/><D36/><U132/><E108/><N who="0" m="41545" /><D38/><U78/><E45/><AGARI ba="1,0" hai="17,21,24,44,45,50,52,57,88,95,98" m="41545" machi="45" ten="30,7700,0" yaku="14,1,52,1,54,2" doraHai="47" who="0" fromWho="1" sc="195,80,227,-80,341,0,237,0" /><INIT seed="3,0,0,4,0,41" ten="275,147,341,237" oya="3" hai0="72,18,35,101,117,129,79,82,59,28,127,45,65" hai1="125,20,97,106,40,113,107,56,63,60,50,46,62" hai2="67,19,75,121,12,33,57,29,8,76,130,15,93" hai3="90,43,96,111,47,34,120,4,132,32,26,44,64"/><W36/><G120/><T104/><D117/><U89/><E125/><V42/><F130/><W116/><G116/><T17/><D127/><U131/><E131/><V16/><F121/><W133/><G64/><T119/><D129/><U87/><E113/><V66/><F75/><W128/><G128/><T114/><D119/><U110/><E110/><V77/><F29/><W74/><G74/><T69/><D59/><U124/><E124/><V58/><F33/><W30/><G4/><T103/><D103/><U14/><E97/><V10/><F42/><W54/><G34/><T94/><D94/><AGARI ba="0,0" hai="8,10,12,15,16,19,57,58,66,67,76,77,93,94" machi="94" ten="25,6400,0" yaku="22,2,8,1,54,1" doraHai="41" who="2" fromWho="0" sc="275,-64,147,0,341,64,237,0" /><INIT seed="4,0,0,3,1,34" ten="211,147,405,237" oya="0" hai0="113,53,104,112,28,125,16,10,90,64,119,48,100" hai1="68,74,109,15,26,0,82,60,81,3,67,69,18" hai2="58,124,36,20,130,121,78,46,103,83,117,31,131" hai3="59,14,44,42,126,106,12,21,91,27,115,110,66"/><T1/><D119/><U133/><E109/><V2/><F2/><W87/><G110/><T6/><D125/><U9/><E133/><V65/><F103/><W88/><G106/><T118/><D118/><U114/><E114/><N who="0" m="44137" /><D64/><U79/><E69/><V8/><F8/><W96/><G115/><T86/><D28/><U52/><E81/><V30/><F30/><W13/><G126/><T75/><D75/><U25/><REACH who="1" step="1"/><E52/><REACH who="1" ten="211,137,405,237" step="2"/><V134/><F83/><N who="3" m="49279" /><G66/><T41/><D41/><U84/><E84/><V5/><F65/><W23/><G42/><T22/><D53/><U85/><E85/><V92/><F134/><W24/><G44/><T77/><D77/><U57/><E57/><V111/><F58/><W80/><G59/><T11/><D48/><U45/><E45/><V55/><F46/><W33/><G80/><N who="0" m="49479" /><D10/><U62/><E62/><V127/><F127/><W108/><G108/><T38/><D38/><U102/><E102/><V120/><F124/><W40/><G40/><T51/><D51/><U35/><E35/><V71/><F111/><W7/><G33/><T47/><D47/><U105/><E105/><V63/><F63/><W89/><G91/><T37/><D37/><U93/><E93/><V54/><F54/><W99/><G89/><T122/><D100/><U50/><E50/><V101/><F55/><W107/><G107/><T98/><D104/><U70/><E70/><V76/><F101/><W132/><G132/><T32/><D32/><U128/><E128/><V116/><F131/><W73/><G73/><T39/><D39/><U4/><E4/><V19/><F36/><RYUUKYOKU ba="0,1" sc="211,-10,137,30,405,-10,237,-10" hai1="0,3,9,15,18,25,26,60,67,68,74,79,82" /><INIT seed="5,1,1,5,5,52" ten="201,167,395,227" oya="1" hai0="4,54,102,80,16,66,59,30,76,100,42,56,104" hai1="110,70,88,77,86,111,40,15,1,39,65,31,48" hai2="124,23,36,21,126,57,12,134,83,8,85,10,60" hai3="38,7,120,125,131,115,45,78,6,93,99,69,117"/><U33/><E1/><V17/><F36/><W19/><G120/><T11/><D42/><U34/><E39/><V47/><F47/><W133/><G69/><T27/><D104/><U71/><E77/><N who="2" m="46319" /><F134/><W0/><G0/><T109/><D109/><N who="1" m="41483" /><E15/><V44/><F44/><W112/><G78/><T75/><D66/><U37/><E37/><V98/><F98/><W26/><G133/><T108/><D108/><U81/><E31/><V2/><F2/><W97/><G117/><T73/><D73/><U113/><E113/><V107/><F107/><W72/><G72/><T89/><D89/><U95/><E40/><V96/><F96/><W13/><G99/><T58/><D54/><U64/><E48/><V32/><F32/><N who="1" m="12393" /><E95/><V46/><F46/><W135/><G45/><T91/><D4/><N who="3" m="1577" /><G38/><T53/><D53/><U51/><E51/><V28/><F28/><W3/><G135/><T82/><D30/><U128/><E128/><V61/><F8/><N who="3" m="6567" /><G131/><T92/><D80/><U94/><E94/><V90/><F90/><W87/><G115/><T35/><D35/><U119/><E119/><V132/><F132/><W29/><G112/><T43/><D43/><U79/><E79/><V67/><F61/><W103/><G3/><T24/><D24/><U49/><E49/><V74/><F74/><W118/><G118/><T55/><D55/><U9/><E9/><V50/><F50/><W129/><G129/><T20/><D11/><U25/><E25/><V105/><F105/><N who="3" m="63727" /><G26/><T68/><D75/><U41/><E41/><V121/><F121/><W14/><G29/><T18/><D76/><RYUUKYOKU ba="1,1" sc="201,-15,167,15,395,15,227,-15" hai1="64,65,70,71,81,86,88" hai2="10,12,17,21,23,57,60,67,124,126" /><INIT seed="5,2,1,1,2,30" ten="186,182,410,212" oya="1" hai0="12,125,42,104,59,10,17,18,111,5,0,99,64" hai1="54,13,15,131,90,132,126,56,112,120,113,36,66" hai2="135,78,67,31,20,74,87,89,108,88,70,133,35" hai3="43,21,117,65,106,53,58,83,100,129,91,39,116"/><U3/><E120/><V23/><F74/><W9/><G65/><T86/><D111/><U62/><E3/><V49/><F108/><W37/><G129/><T4/><D125/><U93/><E131/><V63/><F78/><W55/><G9/><T7/><D0/><U27/><E126/><V11/><F11/><W44/><G37/><T28/><D28/><U102/><E102/><V50/><F35/><W121/><G121/><T26/><D42/><U124/><E124/><V48/><F31/><W128/><G128/><T123/><D123/><U51/><E36/><V119/><F119/><N who="3" m="45643" /><G21/><N who="2" m="8265" /><F87/><N who="3" m="50687" /><G58/><T79/><D26/><U80/><E27/><V84/><F84/><W77/><G77/><T98/><D17/><U38/><E80/><V47/><F47/><W41/><G41/><T60/><D104/><U94/><E38/><V92/><F92/><N who="1" m="35433" /><E90/><V97/><F97/><AGARI ba="2,1" hai="39,43,44,53,55,97,100,106" m="50687,45643" machi="97" ten="30,1000,0" yaku="12,1" doraHai="30" who="3" fromWho="2" sc="186,0,182,0,410,-16,212,26" /><INIT seed="6,0,0,3,2,62" ten="186,182,394,238" oya="2" hai0="133,42,66,96,70,14,37,5,13,119,79,2,6" hai1="32,16,57,3,64,67,48,127,89,130,63,52,105" hai2="129,27,23,59,114,92,10,74,22,38,20,101,39" hai3="107,19,86,122,49,12,29,35,11,97,34,76,71"/><V26/><F74/><W113/><G122/><T1/><D96/><U98/><E32/><V131/><F10/><W111/><G111/><T93/><D93/><N who="1" m="56623" /><E3/><V56/><F92/><W40/><G71/><T110/><D79/><U28/><E105/><V15/><F15/><W83/><G113/><T75/><D75/><U73/><E73/><V88/><F88/><W103/><G29/><T99/><D99/><U43/><E28/><V47/><F47/><W7/><G19/><T68/><D42/><U132/><E130/><N who="2" m="49675" /><F101/><W9/><G9/><T90/><D90/><U46/><E127/><V123/><F123/><W41/><G41/><T134/><D37/><N who="2" m="13834" /><F114/><W102/><G103/><T25/><D25/><AGARI ba="0,0" hai="20,22,23,25,26,27,56,59" m="13834,49675" machi="25" ten="40,7700,0" yaku="28,2,19,1" doraHai="62" who="2" fromWho="0" sc="186,-77,182,0,394,77,238,0" /><INIT seed="6,1,0,1,4,121" ten="109,182,471,238" oya="2" hai0="4,100,114,3,135,12,133,33,46,73,13,69,120" hai1="107,122,124,105,68,91,37,102,127,108,55,132,79" hai2="27,66,22,2,0,28,85,75,115,58,64,134,123" hai3="19,32,56,5,119,80,93,88,41,15,106,98,118"/><V74/><F123/><W23/><G32/><T89/><D120/><U129/><E108/><V94/><F115/><W130/><G106/><T70/><D100/><U110/><E110/><V125/><F125/><N who="1" m="48201" /><E68/><N who="0" m="26217" /><D89/><U18/><E37/><V109/><F109/><W96/><G130/><T76/><D46/><U84/><E129/><V126/><F126/><W60/><G98/><T99/><D99/><U25/><E79/><V78/><F134/><N who="0" m="51210" /><D114/><U11/><E102/><V63/><F75/><W131/><G131/><T34/><D76/><U112/><E112/><V36/><F36/><W83/><G41/><T40/><D40/><U87/><E132/><V8/><F74/><W10/><G118/><T51/><D73/><U61/><E122/><V16/><F66/><N who="3" m="39175" /><G119/><T42/><D42/><U7/><E87/><V128/><F128/><W82/><G82/><T31/><D31/><U52/><E84/><V111/><F111/><W92/><G92/><T21/><D51/><U43/><E91/><V49/><F49/><W17/><G80/><T72/><D72/><U54/><E107/><V95/><F95/><W24/><G83/><T44/><D44/><U30/><E105/><V45/><F45/><W104/><G104/><T117/><D117/><U86/><E43/><V29/><F29/><AGARI ba="1,0" hai="5,10,15,17,19,23,24,29,88,93,96" m="39175" machi="29" ten="30,2000,0" yaku="8,1,54,1" doraHai="121" who="3" fromWho="2" sc="109,0,182,0,471,-23,238,23" /><INIT seed="7,0,0,1,2,22" ten="109,182,448,261" oya="3" hai0="44,24,21,57,67,99,114,0,32,66,69,40,85" hai1="18,89,130,39,37,7,70,105,25,120,108,64,111" hai2="9,96,101,115,61,48,11,135,104,43,100,36,125" hai3="121,112,74,45,31,92,55,129,127,107,88,17,95"/><W62/><G121/><T126/><D0/><U46/><E120/><V78/><F36/><W56/><G107/><T102/><D126/><U60/><E18/><V33/><F33/><W8/><G74/><T81/><D114/><U133/><E89/><V28/><F101/><W50/><G112/><T27/><D32/><U122/><E122/><V38/><F38/><N who="1" m="14345" /><E46/><V110/><F135/><W98/><G129/><T90/><D69/><U116/><E116/><V91/><F125/><W72/><G72/><T42/><D44/><U93/><E93/><V87/><F78/><W2/><G31/><T71/><D71/><U59/><E59/><V35/><F61/><W5/><G95/><N who="0" m="58751" /><D21/><U52/><E105/><V118/><F118/><W1/><G127/><T77/><D77/><U10/><E70/><V14/><F28/><W79/><G79/><T97/><D97/><U106/><E106/><V123/><F35/><W128/><G1/><T6/><D6/><U109/><E7/><V134/><F134/><W20/><G45/><T53/><D53/><U82/><E52/><V76/><F76/><W132/><G132/><T49/><D49/><U124/><E124/><V34/><F34/><W103/><G50/><T23/><D23/><U54/><E133/><V119/><F119/><W65/><G55/><T51/><D51/><U86/><E54/><V13/><F48/><W117/><G117/><T47/><D47/><U29/><E109/><V3/><F110/><W80/><G2/><T73/><D73/><U84/><E111/><V12/><F3/><N who="3" m="63" /><G98/><T4/><D42/><U68/><E108/><RYUUKYOKU ba="0,0" sc="109,0,182,0,448,0,261,0" owari="109,-39.0,182,-22.0,448,55.0,261,6.0" /></mjloggm>