<mjloggm ver="2.3"><GO type="169" lobby="0"/><UN n0="%E3%82%A6%E3%83%AB%E3%83%88%E3%83%A9%E7%AB%8B%E7%9B%B4" n1="%E9%9B%80%E6%97%A5%E9%80%A3%E7%99%BD%E6%B3%A2%E7%80%AC" n2="%E3%82%AB%E3%83%9D%E3%83%8D%E5%9B%A3%E3%81%AE%E5%85%84%E8%B2%B4" n3="%E3%82%89%E3%81%8F%E3%81%A0%EF%BC%90%EF%BC%91%EF%BC%90%EF%BC%99" dan="17,16,18,16" rate="2183.32,2132.88,2209.57,2117.95" sx="M,M,M,M"/><TAIKYOKU oya="0"/><INIT seed="0,0,0,4,3,128" ten="250,250,250,250" oya="0" hai0="13,130,98,97,8,81,19,6,20,53,120,30,131" hai1="48,10,121,61,73,101,59,100,96,66,46,106,2" hai2="17,55,65,91,28,117,12,93,88,40,21,67,38" hai3="104,102,41,84,125,49,22,86,36,31,56,72,85"/><T32/><D120/><U63/><E121/><V87/><F117/><W105/><G72/><T83/><D53/><U134/><E73/><V14/><F38/><W42/><G125/><T122/><D122/><U43/><E134/><V25/><F40/><W135/><G36/><T27/><D83/><U112/><E112/><V92/><F55/><W37/><G37/><T113/><D113/><U16/><E101/><V47/><F47/><W124/><G135/><T115/><D115/><U133/><E133/><V95/><F12/><W54/><G124/><T94/><D81/><U0/><REACH who="1" step="1"/><E63/><REACH who="1" ten="250,240,250,250" step="2"/><V70/><F70/><W71/><G71/><T76/><D76/><U111/><E111/><V58/><F91/><W126/><G126/><T64/><D64/><U4/><E4/><V39/><F65/><W52/><G102/><T75/><D75/><U57/><E57/><V108/><F108/><W114/><G114/><T7/><D7/><U18/><E18/><V9/><F39/><W3/><G105/><T116/><D116/><U24/><E24/><V33/><F33/><W15/><G104/><T11/><D131/><U132/><E132/><V109/><F109/><W82/><G31/><T23/><D130/><U103/><E103/><V118/><F118/><W79/><G79/><T78/><D78/><U29/><E29/><V35/><F35/><W110/><G110/><T89/><D32/><U51/><E51/><V129/><F129/><W107/><G49/><T99/><D6/><U62/><E62/><AGARI ba="0,1" hai="9,14,17,21,25,28,58,62,67,87,88,92,93,95" machi="62" ten="40,2600,0" yaku="8,1,54,1" doraHai="128" who="2" fromWho="1" sc="250,0,240,-26,250,36,250,0" /><INIT seed="1,0,0,2,0,99" ten="250,214,286,250" oya="1" hai0="3,42,81,57,123,119,75,132,44,64,21,97,13" hai1="76,93,91,106,113,6,33,82,46,102,131,66,43" hai2="71,15,14,0,111,40,96,1,11,39,135,98,125" hai3="22,23,80,58,34,8,68,121,79,120,16,18,95"/><U62/><E113/><V129/><F71/><W9/><G68/><T85/><D119/><U19/><E33/><V53/><F125/><W35/><G95/><T63/><D123/><N who="3" m="47177" /><G58/><T12/><D132/><U56/><E131/><V73/><F135/><W47/><G47/><T116/><D116/><U92/><E6/><V25/><F73/><W27/><G80/><T51/><D3/><U17/><E93/><V55/><F40/><W126/><G79/><T84/><D75/><U109/><E109/><V114/><F111/><W67/><G67/><T49/><D49/><N who="1" m="26847" /><E106/><V61/><F61/><W122/><G126/><T30/><D97/><N who="1" m="59687" /><E76/><V48/><F48/><W37/><G37/><T105/><D105/><U134/><E134/><V24/><F129/><W54/><G54/><T128/><D128/><U133/><E133/><V50/><F50/><W103/><G103/><T32/><D32/><N who="3" m="12329" /><G122/><T112/><D85/><AGARI ba="0,0" hai="17,19,56,62,66,82,85,91" m="59687,26847" machi="85" ten="30,2900,0" yaku="8,1,52,1" doraHai="99" who="1" fromWho="0" sc="250,-29,214,29,286,0,250,0" /><INIT seed="1,1,0,3,1,62" ten="221,243,286,250" oya="1" hai0="37,109,108,59,24,84,47,68,71,115,0,28,121" hai1="29,43,40,61,44,3,100,77,104,82,72,27,4" hai2="125,16,14,92,17,38,67,111,41,52,50,103,7" hai3="97,6,91,75,8,15,63,22,87,119,35,13,5"/><U83/><E43/><V1/><F125/><W88/><G75/><T89/><D115/><U65/><E83/><V18/><F111/><N who="0" m="42570" /><D121/><U36/><E100/><V135/><F135/><W56/><G119/><T118/><D118/><U45/><E45/><V106/><F106/><W101/><G35/><N who="0" m="20871" /><D0/><U123/><E123/><V33/><F33/><W55/><G87/><T73/><D73/><U49/><E49/><V42/><F1/><W70/><G70/><T93/><D59/><U107/><E27/><V66/><F38/><W31/><G31/><T132/><D132/><U130/><E29/><V9/><F92/><W122/><G122/><T26/><D26/><U90/><E90/><V117/><F103/><W98/><G98/><T105/><D105/><U81/><E81/><V54/><F117/><W64/><G55/><N who="2" m="21033" /><F42/><AGARI ba="1,0" hai="37,42,47,68,71,84,89,93" m="20871,42570" machi="42" ten="30,1000,0" yaku="14,1" doraHai="62" who="0" fromWho="2" sc="221,13,243,0,286,-13,250,0" /><INIT seed="2,0,0,4,0,23" ten="234,243,273,250" oya="2" hai0="15,86,114,125,63,68,96,11,56,119,28,42,67" hai1="49,122,26,66,85,88,35,38,134,99,60,21,79" hai2="124,47,9,34,111,132,94,75,5,72,71,18,32" hai3="98,123,44,40,91,69,54,121,106,64,127,77,129"/><V87/><F71/><W41/><G77/><T57/><D114/><U65/><E35/><V120/><F120/><W37/><G106/><T55/><D125/><U20/><E38/><V83/><F124/><W128/><G98/><T27/><D119/><U81/><E122/><N who="3" m="46602" /><G91/><T116/><D116/><U0/><E0/><V6/><F132/><W131/><G127/><T109/><D109/><U30/><E134/><V14/><F111/><W7/><G7/><T103/><D42/><U24/><E60/><V108/><F108/><W53/><G41/><T118/><D86/><U10/><E10/><V39/><F94/><W93/><G93/><T13/><D118/><U3/><E3/><V104/><F104/><W29/><G29/><T89/><D89/><U31/><E49/><V46/><F6/><W95/><G95/><AGARI ba="0,0" hai="20,21,24,26,30,31,65,66,79,81,85,88,95,99" machi="95" ten="40,8000,1" yaku="9,1,8,1,52,2,54,1" doraHai="23" who="1" fromWho="3" sc="234,0,243,80,273,0,250,-80" /><INIT seed="3,0,0,3,3,94" ten="234,323,273,170" oya="3" hai0="65,112,114,109,43,92,78,128,84,90,64,79,66" hai1="44,46,0,96,49,18,57,59,27,13,26,16,135" hai2="115,125,48,61,83,15,102,126,106,22,70,21,110" hai3="53,104,63,8,52,25,133,47,129,82,33,85,4"/><W132/><G104/><T97/><D128/><U98/><E0/><V89/><F110/><W41/><G129/><T101/><D43/><N who="1" m="24735" /><E46/><V45/><F115/><N who="0" m="44074" /><D109/><U95/><E135/><N who="3" m="51786" /><G63/><T11/><D11/><N who="1" m="6207" /><E18/><V81/><F15/><N who="3" m="5511" /><G25/><N who="1" m="9226" /><E98/><N who="2" m="61783" /><F22/><W9/><G9/><T60/><D60/><U107/><E107/><AGARI ba="0,0" hai="64,65,66,78,79,84,90,92,97,101,107" m="44074" machi="107" ten="30,2000,0" yaku="11,1,52,1" doraHai="94" who="0" fromWho="1" sc="234,20,323,-20,273,0,170,0" /><INIT seed="4,0,0,4,1,110" ten="254,303,273,170" oya="0" hai0="29,26,133,47,128,102,46,123,75,84,81,1,4" hai1="95,126,91,135,0,60,115,131,38,96,132,111,57" hai2="25,8,89,76,70,62,113,15,92,103,50,44,127" hai3="5,37,48,12,35,7,121,67,18,117,51,13,17"/><T125/><D123/><U68/><E111/><V52/><F76/><W34/><G67/><T58/><D125/><U90/><E68/><V100/><F127/><W40/><G40/><T85/><D128/><U118/><E126/><V80/><F113/><W134/><G37/><T56/><D133/><N who="1" m="51275" /><E118/><V61/><F25/><W122/><REACH who="3" step="1"/><G134/><REACH who="3" ten="254,303,273,160" step="2"/><T65/><D65/><U104/><E38/><V119/><F119/><AGARI ba="0,1" hai="5,7,12,13,17,18,34,35,48,51,117,119,121,122" machi="119" ten="25,6400,0" yaku="1,1,2,1,22,2,53,0" doraHai="110" doraHaiUra="23" who="3" fromWho="2" sc="254,0,303,0,273,-64,160,74" /><INIT seed="5,0,0,4,4,92" ten="254,303,209,234" oya="1" hai0="98,51,7,48,126,65,1,111,2,69,75,63,105" hai1="124,109,132,33,84,78,27,11,44,15,82,56,121" hai2="104,103,96,108,106,49,0,134,81,28,29,88,54" hai3="66,123,61,117,41,40,8,112,79,37,24,23,102"/><U127/><E121/><V131/><F108/><W35/><G35/><T10/><D111/><U85/><E109/><V12/><F0/><W4/><G37/><T58/><D126/><N who="1" m="48171" /><E132/><V99/><F134/><W77/><G102/><T30/><D75/><U52/><E44/><V80/><F131/><W21/><G21/><T70/><D2/><U107/><E107/><V9/><F81/><W118/><G112/><T42/><D30/><N who="2" m="11882" /><F103/><W91/><G123/><T18/><D18/><N who="1" m="8575" /><E27/><V67/><F67/><W119/><G24/><T116/><D116/><U31/><E31/><V19/><F104/><W72/><G23/><T74/><D74/><N who="1" m="43351" /><E33/><V45/><F106/><W59/><G72/><T43/><D43/><N who="3" m="16457" /><G91/><T34/><D34/><U53/><E53/><V100/><F100/><W95/><G95/><T38/><D38/><U129/><E129/><V46/><F46/><W94/><G94/><T83/><D42/><U86/><E86/><AGARI ba="0,0" hai="9,12,19,45,49,54,80,86,88,96,99" m="11882" machi="86" ten="30,8000,1" yaku="25,1,8,1,52,2,54,1" doraHai="92" who="2" fromWho="1" sc="254,0,303,-80,209,80,234,0" /><INIT seed="6,0,0,5,4,50" ten="254,223,289,234" oya="2" hai0="100,118,124,78,51,130,129,79,135,1,131,27,35" hai1="20,52,80,113,56,47,97,121,67,45,89,73,28" hai2="123,74,40,86,71,77,99,116,134,96,122,81,46" hai3="43,103,44,39,127,49,68,23,88,83,15,61,25"/><V126/><F71/><W65/><G127/><T5/><D118/><U133/><E67/><V128/><F116/><W102/><G15/><T82/><D100/><U98/><E73/><V92/><F126/><W37/><G37/><T94/><D94/><N who="1" m="56527" /><E113/><V120/><F134/><W125/><G125/><T8/><D124/><U70/><E70/><V117/><F117/><W55/><G83/><T107/><D107/><U18/><E28/><V48/><F128/><W105/><G88/><T26/><D135/><U64/><E64/><V110/><F110/><W16/><REACH who="3" step="1"/><G105/><REACH who="3" ten="254,223,289,224" step="2"/><T62/><D82/><U21/><E133/><V85/><REACH who="2" step="1"/><F99/><REACH who="2" ten="254,223,279,224" step="2"/><W4/><G4/><T53/><D5/><U95/><E98/><V2/><F2/><W7/><G7/><T72/><D1/><U13/><E121/><V57/><F57/><AGARI ba="0,2" hai="16,23,25,39,43,44,49,55,57,61,65,68,102,103" machi="57" ten="30,12000,2" yaku="1,1,7,1,24,2,52,1,54,1,53,0" doraHai="50" doraHaiUra="119" who="3" fromWho="2" sc="254,0,223,0,279,-120,224,140" /><INIT seed="7,0,0,1,5,105" ten="254,223,159,364" oya="3" hai0="86,74,135,84,14,118,63,98,0,1,17,46,120" hai1="60,131,85,15,102,40,92,61,106,88,11,117,32" hai2="130,21,121,90,111,62,37,115,35,33,73,70,95" hai3="39,124,27,6,41,125,126,108,26,91,104,80,8"/><W36/><G104/><T133/><D74/><U101/><E32/><V66/><F21/><W107/><G107/><T10/><D120/><U79/><E131/><V82/><F111/><W12/><G108/><T47/><D98/><U30/><E30/><V77/><F130/><W28/><G41/><T99/><D99/><U48/><E117/><V113/><F121/><W64/><G64/><T71/><D63/><N who="1" m="24139" /><E106/><V34/><F95/><W9/><G9/><T122/><D71/><U16/><E79/><V44/><REACH who="2" step="1"/><F90/><REACH who="2" ten="254,223,149,364" step="2"/><W114/><G124/><T116/><D122/><U13/><E13/><V110/><F110/><W19/><G125/><T127/><D127/><U132/><E132/><V59/><F59/><W81/><G12/><T112/><D14/><U76/><E76/><V94/><F94/><W31/><G126/><T2/><D135/><U128/><E128/><V55/><F55/><W42/><G42/><AGARI ba="0,1" hai="33,34,35,37,42,44,62,66,70,73,77,82,113,115" machi="42" ten="50,8000,1" yaku="1,1,23,2,52,1,53,0" doraHai="105" doraHaiUra="96" who="2" fromWho="3" sc="254,0,223,0,149,90,364,-80" /><INIT seed="8,0,0,3,3,85" ten="254,223,239,284" oya="0" hai0="117,16,5,82,123,114,101,52,60,76,132,115,19" hai1="21,15,88,79,127,20,103,31,99,61,46,37,107" hai2="73,91,68,118,13,81,129,126,72,48,83,32,109" hai3="14,9,133,58,22,112,53,66,106,59,3,36,116"/><T8/><D123/><U89/><E79/><V1/><F1/><W93/><G36/><T94/><D132/><U92/><E127/><V69/><F32/><W27/><G106/><T47/><D117/><U95/><E107/><V98/><F109/><W105/><G105/><T135/><D135/><U42/><E103/><V124/><F13/><W55/><G3/><T108/><D108/><U104/><E104/><V75/><F48/><W121/><G133/><T51/><D60/><U90/><E61/><V18/><F18/><N who="3" m="12759" /><G112/><T28/><D28/><U25/><REACH who="1" step="1"/><E99/><REACH who="1" ten="254,213,239,284" step="2"/><V97/><F118/><W38/><G116/><T62/><D62/><U43/><E43/><V2/><F98/><W26/><G121/><T122/><D122/><U134/><E134/><V84/><F97/><W110/><G110/><T40/><D40/><U4/><E4/><V63/><F63/><W11/><G66/><T96/><D114/><U7/><E7/><V125/><F129/><W12/><G55/><T102/><D102/><U130/><E130/><V119/><F119/><W50/><G53/><T6/><D115/><U64/><E64/><V67/><F67/><W0/><G0/><T77/><D76/><U70/><E70/><N who="2" m="27243" /><F2/><W24/><G38/><T30/><D6/><U111/><E111/><V74/><F74/><W34/><G50/><T57/><D5/><U56/><E56/><V23/><F23/><W35/><G58/><T131/><D57/><U45/><E45/><V120/><F120/><W33/><G59/><T54/><D131/><U100/><E100/><V113/><F113/><W128/><G128/><RYUUKYOKU ba="0,1" sc="254,-15,213,15,239,15,284,-15" hai1="15,20,21,25,31,37,42,46,88,89,90,92,95" hai2="72,73,75,81,83,84,91,124,125,126" /><INIT seed="9,1,1,1,5,25" ten="239,228,254,269" oya="1" hai0="23,0,77,111,49,35,90,122,93,1,130,101,52" hai1="85,69,70,116,65,16,126,57,41,28,54,44,123" hai2="100,34,107,43,128,106,56,21,8,71,72,132,32" hai3="97,38,105,127,103,104,89,102,33,12,48,75,11"/><U117/><E85/><V113/><F71/><N who="1" m="27145" /><E28/><V73/><F56/><W27/><G38/><T99/><D35/><U129/><E16/><V53/><F53/><W84/><G75/><T81/><D122/><U133/><E123/><V2/><F43/><W45/><G127/><T39/><D23/><U88/><E88/><V15/><F21/><W79/><G79/><T91/><D90/><U40/><E126/><V112/><F100/><W68/><G68/><T120/><D120/><U29/><E29/><V9/><F15/><W96/><G27/><T121/><D121/><U63/><E133/><V114/><F132/><W17/><G33/><T18/><D91/><U51/><E129/><V42/><F128/><W76/><G76/><T47/><D130/><U26/><E26/><V110/><F2/><W87/><G89/><T95/><D1/><U135/><E135/><V36/><F34/><W50/><G50/><T124/><D0/><U20/><E20/><V109/><F32/><W4/><G4/><T64/><D124/><U22/><E22/><V14/><F73/><W86/><G86/><T3/><D3/><U80/><E80/><V108/><F72/><W61/><G61/><T30/><D81/><U46/><E65/><V5/><F8/><W78/><G78/><T134/><D64/><U10/><E10/><V24/><F24/><W74/><G74/><T6/><D77/><U92/><E92/><V118/><F106/><W55/><AGARI ba="1,1" hai="11,12,17,45,48,55,84,87,96,97,102,103,104,105" machi="55" ten="20,2700,0" yaku="0,1,7,1,9,1" doraHai="25" who="3" fromWho="3" sc="239,-8,228,-14,254,-8,269,40" owari="231,-17.0,214,-29.0,246,5.0,309,41.0" /></mjloggm>