<mjloggm ver="2.3"><GO type="97" lobby="0"/><UN n0="%E8%8A%B1%E7%94%B0%E6%AF%AC%E7%B5%B5" n1="%59%41%4D%41%40" n2="%E3%83%88%E3%83%88%E3%83%AA%E5%85%88%E7%94%9F%31%39%E6%AD%B3" n3="%E9%9B%80%E9%AC%BC%EF%BC%9F" dan="13,13,15,14" rate="1815.09,1897.84,2056.98,1923.23" sx="F,M,F,M"/><TAIKYOKU oya="0"/><INIT seed="0,0,0,5,0,30" ten="250,250,250,250" oya="0" hai0="35,121,47,122,66,7,72,19,33,63,40,108,84" hai1="31,60,49,97,68,25,16,42,91,2,87,45,70" hai2="103,65,89,26,126,130,28,32,93,0,105,75,107" hai3="101,14,67,54,59,102,124,85,92,43,96,114,21"/><T120/><D72/><U51/><E2/><V112/><F112/><W71/><G124/><T129/><D129/><U9/><E97/><V55/><F0/><W23/><G43/><T125/><D125/><U56/><E51/><V74/><F126/><W119/><G102/><T110/><D7/><U79/><E79/><V18/><F130/><W123/><G119/><T73/><D84/><U134/><E134/><V118/><F118/><W62/><G123/><T83/><D19/><U78/><E78/><V81/><F65/><W90/><G14/><T20/><D20/><U116/><E116/><V57/><F18/><W38/><G38/><N who="0" m="21911" /><D83/><U133/><E133/><V36/><F36/><W132/><G132/><T106/><D106/><U46/><E16/><V50/><F103/><W69/><G114/><T82/><D82/><U104/><E9/><V80/><F80/><W41/><G41/><T48/><D48/><U5/><E5/><V1/><F1/><W113/><G113/><T94/><D94/><U24/><E104/><V109/><F105/><W77/><G77/><T8/><D8/><U53/><E25/><V128/><F107/><W22/><REACH who="3" step="1"/><G67/><REACH who="3" ten="250,250,250,240" step="2"/><T98/><D73/><U15/><E15/><V34/><F75/><W115/><G115/><T111/><D98/><U95/><E24/><V117/><F117/><W135/><G135/><T13/><D13/><U99/><E99/><N who="2" m="57775" /><F128/><W88/><G88/><T44/><D44/><N who="1" m="25751" /><E31/><V27/><F27/><W17/><G17/><T4/><D4/><U12/><E12/><V29/><F29/><W127/><G127/><T37/><D37/><RYUUKYOKU ba="0,1" sc="250,10,250,10,250,-30,240,10" hai0="33,35,63,66,108,110,111,120,121,122" hai1="45,46,53,56,60,68,70,87,91,95" hai3="21,22,23,54,59,62,69,71,85,90,92,96,101" /><INIT seed="0,1,1,2,5,6" ten="260,260,220,250" oya="0" hai0="114,31,42,96,17,59,112,124,127,79,123,90,0" hai1="51,91,117,99,30,105,81,109,45,107,29,67,132" hai2="32,52,26,128,56,55,121,116,27,43,120,122,75" hai3="78,7,93,80,77,36,49,22,88,41,18,101,100"/><T85/><D0/><U108/><E117/><V47/><F75/><W10/><G36/><T126/><D123/><U70/><E132/><V5/><F116/><W82/><G41/><T44/><D79/><N who="3" m="30217" /><G7/><T16/><D31/><U73/><E67/><V25/><F128/><W13/><G49/><N who="0" m="26775" /><D96/><U83/><E70/><V118/><F118/><W130/><G130/><T46/><D46/><U37/><E37/><V24/><F5/><W14/><G14/><T125/><N who="0" m="32256" /><DORA hai="9" /><T113/><D59/><U8/><E99/><V62/><F25/><W72/><G72/><T20/><D20/><U63/><E73/><V110/><F110/><W58/><G58/><T102/><D102/><N who="3" m="39529" /><G22/><T4/><D4/><U89/><E45/><V48/><REACH who="2" step="1"/><F43/><REACH who="2" ten="260,260,210,250" step="2"/><W23/><G23/><T15/><D15/><U64/><E108/><V69/><F69/><W131/><G131/><T50/><D50/><U86/><E51/><V106/><F106/><W21/><G21/><T54/><D54/><U11/><E105/><V68/><F68/><W40/><G40/><T87/><D87/><AGARI ba="1,2" hai="10,13,18,80,82,87,88,93" m="39529,30217" machi="87" ten="30,7700,0" yaku="8,1,52,2,54,1" doraHai="6,9" who="3" fromWho="0" sc="260,-80,260,0,210,0,250,100" /><INIT seed="1,0,0,2,1,17" ten="180,260,210,350" oya="1" hai0="69,109,44,23,14,40,13,123,12,62,36,25,38" hai1="59,125,67,70,74,66,6,133,45,89,15,119,132" hai2="100,27,101,2,83,64,7,93,124,110,33,112,128" hai3="5,11,130,72,113,24,9,20,94,84,90,134,77"/><U73/><E119/><V29/><F110/><W8/><G113/><T121/><D109/><U116/><E116/><V53/><F128/><W97/><G134/><T19/><D38/><U32/><E32/><V107/><F107/><W31/><G130/><T35/><D35/><U4/><E45/><V41/><F124/><W54/><G72/><T81/><D81/><U65/><E70/><V92/><F112/><W129/><G129/><T102/><D102/><U85/><E59/><V135/><F135/><N who="1" m="51785" /><E125/><V122/><F122/><W61/><G77/><T88/><D88/><U76/><E76/><V111/><F111/><W58/><G5/><N who="1" m="2154" /><E15/><V39/><F39/><W37/><G37/><T0/><REACH who="0" step="1"/><D0/><REACH who="0" ten="170,260,210,350" step="2"/><U96/><E96/><AGARI ba="0,1" hai="8,9,11,20,24,31,54,58,61,84,90,94,96,97" machi="96" ten="40,2600,0" yaku="8,1,52,1" doraHai="17" who="3" fromWho="1" sc="170,0,260,-26,210,0,350,36" /><INIT seed="2,0,0,1,0,3" ten="170,234,210,386" oya="2" hai0="97,131,27,48,110,109,116,80,25,12,64,11,129" hai1="66,46,60,93,37,92,53,34,133,70,78,77,59" hai2="26,79,119,130,40,105,127,13,68,9,5,41,118" hai3="54,23,19,18,33,96,45,39,35,56,20,6,135"/><V125/><F105/><W44/><G135/><T75/><D64/><U83/><E34/><V21/><F68/><W106/><G106/><T32/><D97/><U132/><E78/><V69/><F69/><W63/><G96/><T100/><D100/><U67/><E67/><V55/><F79/><W50/><G39/><T94/><D94/><U86/><E132/><V128/><F55/><W10/><G45/><T57/><D75/><U15/><E15/><V16/><F41/><W95/><G95/><T117/><D80/><U102/><E102/><V113/><F40/><W42/><G33/><T91/><D91/><U111/><E111/><N who="0" m="42505" /><D48/><N who="1" m="31143" /><E133/><V103/><F113/><W112/><G35/><T90/><D90/><U73/><E73/><V36/><F36/><W114/><G114/><T0/><D57/><U62/><E62/><V98/><F98/><W38/><G38/><T101/><D0/><U51/><E51/><V74/><F74/><W8/><G112/><T1/><D1/><U85/><E85/><V120/><F120/><W49/><G63/><T14/><D101/><U22/><E22/><V115/><F103/><W47/><G56/><T24/><D32/><U2/><E2/><V4/><F115/><W52/><G42/><AGARI ba="0,0" hai="37,42,46,60,66,70,77,83,86,92,93" m="31143" machi="42" ten="30,1000,0" yaku="24,1" doraHai="3" who="1" fromWho="3" sc="170,0,234,10,210,0,386,-10" /><INIT seed="3,0,0,3,1,130" ten="170,244,210,376" oya="3" hai0="73,41,7,87,3,106,68,114,96,122,6,23,58" hai1="17,79,125,48,70,104,94,84,123,78,77,131,24" hai2="11,101,132,63,37,33,124,88,62,49,51,32,133" hai3="61,22,128,40,110,115,113,16,117,86,93,14,5"/><W99/><G128/><T97/><D73/><U26/><E104/><V107/><F37/><W56/><G117/><T4/><D68/><U81/><E70/><V126/><F11/><W95/><G40/><T91/><D122/><U59/><E123/><V34/><F88/><W82/><G5/><T102/><D114/><U90/><E131/><V57/><F101/><W20/><G110/><T72/><D72/><U74/><E125/><N who="2" m="48235" /><F107/><W64/><G22/><T127/><D127/><U134/><E74/><V9/><F9/><W42/><G42/><T2/><D96/><U19/><E94/><V120/><F120/><W83/><G115/><T1/><D41/><U35/><E35/><V98/><F98/><W27/><G113/><T8/><D23/><U100/><E100/><V55/><F51/><W60/><G99/><T10/><D58/><U112/><E112/><V0/><F0/><W103/><G103/><T54/><REACH who="0" step="1"/><D54/><REACH who="0" ten="160,244,210,376" step="2"/><U121/><E59/><N who="2" m="33263" /><F62/><W47/><G61/><T39/><D39/><U69/><E69/><V71/><F71/><W46/><G60/><T38/><D38/><U108/><E121/><V52/><AGARI ba="0,1" hai="32,33,34,52,57,63,132,133" m="33263,48235" machi="52" ten="40,8000,1" yaku="18,1,52,2,54,1" doraHai="130" who="2" fromWho="2" sc="160,-20,244,-20,210,90,376,-40" owari="140,-36.0,224,-18.0,300,10.0,336,44.0" /></mjloggm>