<mjloggm ver="2.3"><GO type="97" lobby="0"/><UN n0="%73%75%6D%6F%75%6D%61%6E" n1="%E5%B0%B1%E6%B4%BB%E7%94%9F%40%E5%B7%9D%E6%9D%91%E8%BB%8D%E5%9B%A3" n2="%44%72%2E%4B%31%31" n3="%E6%9D%BE%E5%B3%B6" dan="13,15,13,15" rate="1855.57,2019.78,1885.90,1962.43" sx="M,M,F,M"/><TAIKYOKU oya="0"/><INIT seed="0,0,0,2,3,84" ten="250,250,250,250" oya="0" hai0="7,105,94,44,132,72,100,10,97,13,59,82,98" hai1="96,30,90,64,57,53,45,46,73,17,32,58,11" hai2="8,54,16,125,21,109,68,2,4,88,89,5,26" hai3="80,118,39,36,0,87,34,69,117,63,116,121,129"/><T111/><D132/><U115/><E73/><V1/><F68/><W85/><G0/><T51/><D111/><U113/><E32/><V101/><F109/><W103/><G103/><T27/><D27/><U74/><E30/><V119/><F125/><W76/><G34/><T130/><D130/><U134/><E74/><V67/><F67/><W102/><G102/><T23/><D23/><U123/><E123/><V24/><F119/><W81/><G121/><T128/><D128/><U91/><E96/><V25/><F101/><W92/><G92/><T3/><D59/><N who="1" m="22539" /><E64/><V126/><F126/><W48/><G48/><T29/><D29/><U99/><E99/><V120/><F120/><W83/><G129/><T56/><D56/><U12/><E134/><V35/><F54/><W41/><G41/><T28/><D28/><U6/><E6/><V65/><F65/><W33/><G33/><T9/><D98/><U93/><E93/><V106/><F106/><W49/><G69/><T108/><D108/><U107/><E107/><V104/><F104/><W127/><G127/><T55/><D72/><U31/><E31/><V112/><F112/><N who="1" m="43081" /><E53/><V135/><F135/><W20/><G116/><T110/><D110/><U78/><E78/><V95/><F35/><W40/><G76/><T62/><D105/><U122/><E122/><V79/><F79/><W22/><G117/><T124/><D124/><U71/><E71/><V86/><F89/><AGARI ba="0,0" hai="11,12,17,45,46,89,90,91" m="43081,22539" machi="89" ten="30,7700,0" yaku="11,1,52,3" doraHai="84" who="1" fromWho="2" sc="250,0,250,77,250,-77,250,0" /><INIT seed="1,0,0,4,2,75" ten="250,327,173,250" oya="1" hai0="109,28,112,100,65,72,124,62,42,95,51,11,21" hai1="125,113,2,117,37,99,126,107,122,80,118,45,60" hai2="20,47,120,38,135,103,12,96,16,84,116,7,41" hai3="1,127,48,90,114,50,6,74,0,89,132,92,98"/><U8/><E2/><V76/><F116/><W104/><G114/><T85/><D72/><U57/><E107/><V101/><F120/><W44/><G74/><T10/><D112/><U26/><E26/><V102/><F135/><W49/><G132/><T93/><D124/><N who="1" m="47723" /><E8/><V56/><F56/><W82/><G104/><T73/><D73/><U43/><E99/><V4/><REACH who="2" step="1"/><F96/><REACH who="2" ten="250,327,163,250" step="2"/><W94/><G127/><T119/><D119/><U128/><E122/><V86/><F86/><N who="3" m="50391" /><G0/><T29/><D85/><U111/><E113/><V79/><F79/><W63/><G1/><T40/><D109/><U18/><E111/><V123/><F123/><W61/><G6/><T54/><D100/><U27/><E57/><V130/><F130/><W22/><G44/><T131/><D131/><U23/><E128/><V87/><F87/><N who="3" m="52319" /><G22/><T39/><D21/><U35/><E35/><V52/><F52/><W66/><G66/><T78/><D78/><U58/><E58/><V81/><AGARI ba="0,1" hai="4,7,12,16,20,38,41,47,76,81,84,101,102,103" machi="81" ten="30,8000,1" yaku="1,1,0,1,52,1,54,1,53,1" doraHai="75" doraHaiUra="14" who="2" fromWho="2" sc="250,-20,327,-40,163,90,250,-20" /><INIT seed="2,0,0,2,3,105" ten="230,287,253,230" oya="2" hai0="126,44,117,7,6,68,26,134,60,57,86,56,73" hai1="93,34,40,4,131,79,90,99,120,82,22,13,87" hai2="28,71,19,115,49,25,70,129,55,135,101,38,33" hai3="119,46,15,75,65,84,121,50,39,3,97,48,110"/><V43/><F115/><W76/><G119/><T5/><D117/><U127/><E34/><V109/><F129/><W32/><G32/><T89/><D73/><U23/><E120/><V104/><F135/><W53/><G121/><T111/><D134/><U81/><E131/><V51/><F38/><W17/><G3/><T9/><D111/><U114/><E127/><V116/><F116/><W24/><G110/><T83/><D126/><U103/><E40/><V94/><F104/><W47/><G39/><T63/><D26/><U31/><E31/><V27/><F109/><W77/><G97/><T2/><D44/><U112/><E23/><V108/><F108/><W113/><G113/><T100/><D100/><U118/><E118/><V106/><F106/><W78/><G24/><T1/><D68/><U72/><REACH who="1" step="1"/><E22/><REACH who="1" ten="230,277,253,230" step="2"/><V20/><F43/><W41/><G65/><T96/><D1/><U66/><E66/><V132/><F132/><W85/><REACH who="3" step="1"/><G75/><REACH who="3" ten="230,277,253,220" step="2"/><T36/><D36/><U54/><E54/><V107/><F33/><W12/><G12/><T16/><D2/><U30/><E30/><V67/><F28/><W98/><G98/><T21/><D96/><U133/><E133/><V80/><F67/><W64/><G64/><N who="0" m="38919" /><D21/><AGARI ba="0,2" hai="15,17,21,41,46,47,48,50,53,76,77,78,84,85" machi="21" ten="40,2600,0" yaku="1,1,8,1,53,0" doraHai="105" doraHaiUra="69" who="3" fromWho="0" sc="230,-26,277,0,253,0,220,46" /><INIT seed="3,0,0,2,3,121" ten="204,277,253,266" oya="3" hai0="134,127,45,81,58,18,103,73,63,60,26,49,129" hai1="70,20,62,34,130,109,101,122,126,69,52,40,19" hai2="96,17,108,6,47,123,44,89,71,23,64,115,120" hai3="65,24,102,131,13,107,90,3,82,48,9,66,75"/><W98/><G131/><T77/><D127/><U132/><E34/><V12/><F115/><W37/><G37/><T106/><D129/><U83/><E40/><V84/><F64/><W76/><G3/><T114/><D134/><U78/><E122/><N who="2" m="46635" /><F71/><W110/><G110/><T100/><D114/><U41/><E109/><V124/><F124/><W113/><G113/><T21/><D106/><U29/><E29/><V117/><F117/><W95/><G48/><T14/><D63/><U116/><E41/><V61/><F61/><W59/><G59/><T22/><D49/><U88/><E116/><V68/><F68/><W28/><G13/><T53/><D45/><N who="2" m="17482" /><F96/><W33/><G9/><T111/><REACH who="0" step="1"/><D111/><REACH who="0" ten="194,277,253,266" step="2"/><U27/><E62/><V85/><F108/><W5/><G5/><T38/><D38/><U10/><E132/><V1/><F89/><W91/><G90/><T97/><D97/><AGARI ba="0,1" hai="24,28,33,65,66,75,76,82,91,95,97,98,102,107" machi="97" ten="30,1500,0" yaku="7,1" doraHai="121" who="3" fromWho="0" sc="194,-15,277,0,253,0,266,25" /><INIT seed="3,1,0,2,5,29" ten="179,277,253,291" oya="3" hai0="50,55,83,28,12,0,40,75,121,9,116,117,13" hai1="24,126,3,96,82,119,7,10,14,112,120,115,113" hai2="111,106,42,107,6,47,45,99,74,16,73,31,103" hai3="86,11,88,53,100,37,94,51,114,60,5,25,129"/><W95/><G37/><T102/><D121/><U20/><E82/><V26/><F107/><W131/><G114/><T35/><D102/><U22/><E96/><V64/><F111/><W66/><G25/><T118/><D40/><U90/><E90/><V15/><F6/><W123/><G123/><T68/><D68/><U76/><E76/><V91/><F91/><W8/><G95/><T61/><D61/><U78/><E78/><V85/><F85/><W56/><G100/><T134/><D83/><U41/><E41/><V58/><F42/><W124/><G124/><T32/><D75/><U97/><E97/><V132/><F132/><W130/><G5/><T63/><D63/><U72/><E72/><V87/><F87/><W59/><AGARI ba="1,0" hai="8,11,51,53,56,59,60,66,86,88,94,129,130,131" machi="59" ten="30,6000,0" yaku="0,1,19,1,54,1" doraHai="29" who="3" fromWho="3" sc="179,-21,277,-21,253,-21,291,63" owari="158,-34.0,256,6.0,232,-17.0,354,45.0" /></mjloggm>