<mjloggm ver="2.3"><GO type="169" lobby="0"/><UN n0="%E3%83%88%E3%83%88%E3%83%AA%E5%85%88%E7%94%9F%31%39%E6%AD%B3" n1="%E5%A4%A9%E9%BC%93" n2="%E3%83%97%E3%83%AD%E3%83%86%E3%82%A4%E3%83%B3%E5%BE%97%E7%9B%9B" n3="%E6%A4%8D%E9%87%8E" dan="18,18,17,17" rate="2287.38,2242.16,2165.78,2215.72" sx="F,M,M,M"/><TAIKYOKU oya="0"/><INIT seed="0,0,0,1,1,67" ten="250,250,250,250" oya="0" hai0="81,4,26,124,78,94,22,27,28,89,70,40,51" hai1="45,42,71,75,34,49,113,59,87,13,58,54,52" hai2="11,118,93,86,132,32,116,125,133,61,129,23,14" hai3="36,37,2,92,109,99,29,1,10,44,30,68,12"/><T91/><D124/><U19/><E75/><V20/><F61/><W106/><G106/><T48/><D70/><U50/><E34/><V62/><F62/><W110/><G68/><T35/><D4/><U105/><E105/><V8/><F86/><W95/><G44/><T55/><D40/><U72/><E72/><V39/><F93/><W104/><G104/><T63/><D63/><U134/><E134/><N who="2" m="51819" /><F39/><W16/><G99/><T77/><D51/><U103/><E103/><V31/><F125/><W128/><G128/><T33/><D94/><U18/><E113/><V60/><F60/><W53/><G53/><T115/><D115/><U3/><E3/><N who="3" m="1034" /><G37/><T25/><D35/><U41/><E71/><V114/><F114/><W69/><G69/><T21/><D27/><U9/><E87/><V38/><F38/><W127/><G36/><T7/><D7/><U111/><E111/><N who="3" m="42506" /><G127/><T6/><D6/><U98/><E98/><V46/><F46/><W79/><G79/><N who="0" m="30219" /><D81/><U15/><REACH who="1" step="1"/><E45/><REACH who="1" ten="250,240,250,250" step="2"/><V97/><F97/><W108/><G108/><T56/><D33/><U65/><E65/><V112/><F112/><W82/><G82/><T88/><D91/><U85/><E85/><V84/><F84/><W120/><G95/><T102/><D102/><U74/><E74/><V64/><F64/><W0/><G92/><T80/><D80/><U131/><E131/><V47/><F47/><W107/><G107/><T17/><AGARI ba="0,1" hai="17,21,22,25,26,28,48,55,56,88,89" m="30219" machi="17" ten="30,3000,0" yaku="8,1,54,1" doraHai="67" who="0" fromWho="0" sc="250,40,240,-10,250,-10,250,-10" /><INIT seed="0,1,0,0,1,28" ten="290,230,240,240" oya="0" hai0="61,132,108,46,76,96,66,126,32,27,20,123,131" hai1="89,87,65,53,134,82,116,43,37,36,100,124,67" hai2="127,129,15,105,42,73,8,3,121,72,18,29,9" hai3="133,63,104,10,38,55,47,94,62,85,52,22,4"/><T70/><D123/><U77/><E116/><V118/><F105/><W14/><G104/><T88/><D131/><U1/><E1/><V109/><F42/><W79/><G133/><T6/><D132/><U56/><E134/><V103/><F103/><W24/><G38/><T23/><D126/><U16/><E124/><V12/><F127/><W13/><G13/><T115/><D115/><U11/><E100/><V130/><F121/><W102/><G79/><T122/><D122/><U31/><E31/><V17/><F29/><W21/><G21/><T75/><D32/><U58/><E58/><V74/><F3/><W50/><G55/><T83/><D108/><U57/><E57/><V33/><F33/><W117/><G117/><T41/><D6/><U2/><E77/><V135/><F135/><W99/><G85/><T71/><D27/><U40/><E2/><V48/><F118/><W110/><G110/><T78/><D71/><U19/><E37/><V101/><F101/><W51/><G50/><T112/><D78/><U86/><E86/><V91/><F109/><W111/><G111/><T90/><D112/><U120/><E120/><V30/><F30/><AGARI ba="1,0" hai="4,10,14,22,24,30,47,51,52,62,63,94,99,102" machi="30" ten="30,3900,0" yaku="7,1,8,1,54,1" doraHai="28" who="3" fromWho="2" sc="290,0,230,0,240,-42,240,42" /><INIT seed="1,0,0,2,3,79" ten="290,230,198,282" oya="1" hai0="33,104,26,17,134,51,58,82,78,125,84,48,59" hai1="57,32,80,9,109,53,68,46,61,132,129,126,20" hai2="106,113,49,73,37,15,12,122,102,3,1,24,63" hai3="98,121,14,4,97,70,96,55,50,107,2,85,124"/><U38/><E32/><V64/><F37/><W120/><G2/><T27/><D104/><U65/><E132/><V60/><F122/><W23/><G70/><T28/><D134/><U128/><E20/><V47/><F113/><W52/><G107/><T77/><D125/><U41/><E9/><V130/><F130/><N who="1" m="50281" /><E80/><V19/><F73/><W42/><G124/><T22/><D78/><U10/><E10/><V8/><F24/><W21/><G121/><T5/><D5/><U99/><E99/><V100/><F63/><W35/><G35/><T69/><D69/><U127/><E109/><V87/><F106/><W101/><G101/><T74/><D74/><U44/><E44/><V43/><F87/><W92/><G4/><T108/><D108/><U45/><E45/><V6/><F3/><W62/><G14/><T105/><D105/><U76/><E76/><V117/><F117/><W36/><G85/><T135/><D135/><U112/><E112/><V119/><F119/><W56/><G120/><T0/><D0/><U95/><E95/><V91/><F91/><W7/><G7/><T71/><D71/><U93/><E93/><V13/><REACH who="2" step="1"/><F19/><REACH who="2" ten="290,230,188,282" step="2"/><W31/><G98/><T30/><D17/><U72/><E72/><V94/><F94/><W103/><G97/><T133/><D133/><U111/><E111/><V115/><F115/><W83/><G96/><T16/><D16/><U54/><E54/><V131/><F131/><W75/><G55/><T18/><D18/><U39/><E39/><V116/><F116/><W40/><G36/><T114/><D114/><U34/><E34/><RYUUKYOKU ba="0,1" sc="290,10,230,10,188,10,282,-30" hai0="22,26,27,28,30,33,48,51,58,59,77,82,84" hai1="38,41,46,53,57,61,65,68,126,127" hai2="1,6,8,12,13,15,43,47,49,60,64,100,102" /><INIT seed="1,1,1,5,1,39" ten="300,240,198,252" oya="1" hai0="35,26,101,126,31,98,108,38,91,18,79,110,43" hai1="45,28,57,34,132,23,121,135,4,107,0,33,122" hai2="130,128,51,134,63,129,92,48,82,83,124,46,24" hai3="67,97,81,93,109,13,105,29,113,40,22,80,111"/><U69/><E69/><V88/><F124/><W76/><G105/><N who="0" m="63671" /><D126/><U118/><E107/><V25/><F134/><N who="1" m="51241" /><E45/><V133/><F133/><W10/><G113/><T85/><D18/><U44/><E44/><V53/><F63/><W50/><G67/><T99/><D99/><U64/><E57/><V66/><F66/><W15/><G29/><T8/><D8/><N who="1" m="2055" /><E64/><V102/><F102/><W7/><G81/><N who="2" m="30729" /><F51/><W14/><G22/><T11/><D38/><U73/><E73/><V84/><AGARI ba="1,1" hai="24,25,46,48,53,84,88,92,128,129,130" m="30729" machi="84" ten="40,2700,0" yaku="19,1,54,1" doraHai="39" who="2" fromWho="2" sc="300,-8,240,-14,198,40,252,-8" /><INIT seed="2,0,0,0,4,46" ten="292,226,238,244" oya="2" hai0="133,31,36,77,113,109,7,51,85,27,60,73,112" hai1="10,111,30,130,24,3,53,96,88,17,54,33,132" hai2="47,135,122,69,35,125,131,87,56,115,74,41,4" hai3="66,37,2,100,114,102,134,59,89,76,70,71,78"/><V8/><F69/><W72/><G2/><T43/><D36/><U12/><E111/><V32/><F74/><W16/><G37/><T5/><D73/><U20/><E130/><V97/><F122/><W15/><G134/><T21/><D109/><U79/><E79/><V127/><F115/><W57/><G89/><T129/><D129/><U49/><E132/><V48/><F135/><W106/><G15/><T104/><D104/><U14/><E14/><N who="2" m="5383" /><F131/><W108/><G66/><T40/><D133/><U1/><E54/><N who="2" m="31815" /><F97/><W90/><G72/><T103/><D60/><U80/><E33/><V23/><F23/><W123/><G106/><T61/><D61/><U44/><REACH who="1" step="1"/><E96/><REACH who="1" ten="292,216,238,244" step="2"/><V99/><F99/><W105/><G108/><T118/><D77/><U52/><E52/><V42/><F87/><AGARI ba="0,1" hai="1,3,10,12,17,20,24,30,44,49,53,80,87,88" machi="87" ten="40,8000,1" yaku="1,1,25,2,52,1,54,1,53,0" doraHai="46" doraHaiUra="39" who="1" fromWho="2" sc="292,0,216,90,238,-80,244,0" /><INIT seed="3,0,0,2,4,107" ten="292,306,158,244" oya="3" hai0="52,59,41,31,102,60,0,81,57,66,96,93,24" hai1="134,82,49,77,87,86,32,22,133,46,38,121,127" hai2="3,36,17,126,97,50,13,40,7,78,25,91,18" hai3="10,101,94,83,47,113,123,106,35,68,92,120,119"/><W56/><G68/><T100/><D0/><U14/><E32/><V53/><F126/><W48/><G35/><T116/><D116/><U16/><E121/><V110/><F110/><W105/><G113/><T76/><D41/><U9/><E38/><V88/><F3/><W65/><G119/><T45/><D45/><U130/><E130/><V74/><F36/><W44/><G65/><T30/><D102/><U129/><E129/><V63/><F40/><W70/><G70/><T103/><D103/><U28/><E127/><V12/><F7/><W27/><G101/><T99/><D99/><U37/><E37/><V75/><F78/><W42/><G42/><T55/><D24/><U2/><E87/><V11/><F63/><W118/><G27/><T128/><D128/><U73/><E86/><V69/><F69/><W90/><G118/><T5/><D5/><U33/><E49/><V29/><F97/><W8/><G48/><T67/><D67/><U108/><E46/><V109/><F109/><W4/><G4/><T71/><D71/><U51/><E51/><V72/><F25/><W19/><G56/><T85/><D66/><U117/><E117/><V39/><F29/><W62/><G62/><AGARI ba="0,0" hai="30,31,52,55,57,59,60,62,76,81,85,93,96,100" machi="62" ten="30,7700,0" yaku="7,1,9,1,8,1,54,1" doraHai="107" who="0" fromWho="3" sc="292,77,306,0,158,0,244,-77" /><INIT seed="4,0,0,5,1,130" ten="369,306,158,167" oya="0" hai0="25,129,119,41,69,67,7,26,125,57,18,95,113" hai1="71,38,92,65,96,36,102,59,46,116,47,118,134" hai2="24,3,111,39,86,10,121,63,42,64,45,133,15" hai3="100,37,61,5,54,90,104,1,8,87,78,50,51"/><T122/><D119/><U89/><E71/><V107/><F121/><W60/><G37/><T13/><D122/><U11/><E38/><V2/><F111/><W20/><G78/><T105/><D105/><U32/><E32/><V120/><F120/><W0/><G0/><T127/><D69/><U21/><E11/><V98/><F86/><W52/><G20/><T6/><D129/><U101/><E101/><V123/><F123/><W44/><G100/><T82/><D113/><U49/><E36/><V29/><F133/><W93/><REACH who="3" step="1"/><G104/><REACH who="3" ten="369,306,158,157" step="2"/><T99/><D125/><U55/><E116/><V27/><F107/><W56/><AGARI ba="0,1" hai="1,5,8,44,50,51,52,54,56,60,61,87,90,93" machi="56" ten="20,12000,2" yaku="1,1,2,1,0,1,7,1,54,1,53,1" doraHai="130" doraHaiUra="85" who="3" fromWho="3" sc="369,-60,306,-30,158,-30,157,130" /><INIT seed="5,0,0,2,5,43" ten="309,276,128,287" oya="1" hai0="48,121,13,83,114,111,4,115,35,92,76,55,104" hai1="5,46,135,113,9,29,123,62,65,40,88,87,100" hai2="10,68,41,26,15,30,71,119,17,91,110,52,86" hai3="97,47,78,42,122,21,89,63,130,19,22,75,84"/><U11/><E123/><V61/><F110/><W118/><G122/><T16/><D121/><U72/><E72/><V134/><F134/><W3/><G3/><T7/><D111/><U127/><E135/><V44/><F119/><W117/><G130/><T23/><D104/><U102/><E29/><V6/><F6/><W108/><G97/><T36/><D36/><U0/><E11/><V79/><F79/><W96/><G96/><T49/><D49/><U132/><E113/><N who="0" m="43017" /><D92/><U18/><E18/><V70/><F61/><W106/><G106/><T112/><D35/><U59/><E127/><V129/><F129/><W24/><G108/><T14/><D14/><U45/><E132/><V99/><F99/><W131/><G131/><T64/><D64/><U105/><E105/><V103/><F103/><W53/><G63/><T116/><D116/><U50/><REACH who="1" step="1"/><E45/><REACH who="1" ten="309,266,128,287" step="2"/><V58/><F30/><W60/><G47/><N who="0" m="28063" /><D112/><U120/><E120/><V85/><F17/><W31/><G19/><T77/><D77/><U133/><E133/><V57/><F44/><W107/><G31/><T94/><D94/><AGARI ba="0,1" hai="0,5,9,40,46,50,59,62,65,87,88,94,100,102" machi="94" ten="30,11600,0" yaku="1,1,7,1,52,1,54,1,53,0" doraHai="43" doraHaiUra="25" who="1" fromWho="0" sc="309,-116,266,126,128,0,287,0" /><INIT seed="5,1,0,5,4,131" ten="193,392,128,287" oya="1" hai0="38,105,22,57,94,3,110,59,66,117,125,65,128" hai1="130,129,95,89,43,82,64,111,62,92,133,70,61" hai2="106,47,5,15,81,102,24,115,26,119,52,85,86" hai3="11,30,74,41,56,60,58,6,107,123,91,35,19"/><U48/><E111/><V116/><F115/><W72/><G107/><T100/><D110/><U77/><E62/><V87/><F106/><W0/><G72/><T33/><D33/><U46/><E133/><V88/><F102/><W124/><G74/><T44/><D117/><U8/><E8/><N who="2" m="4495" /><F119/><W109/><G123/><T34/><D34/><U20/><E20/><V122/><F122/><W13/><G124/><T83/><D3/><U53/><E53/><V114/><F114/><W71/><G41/><T80/><D105/><U97/><REACH who="1" step="1"/><E95/><REACH who="1" ten="193,382,128,287" step="2"/><N who="2" m="54671" /><F116/><W7/><G60/><T108/><D22/><U21/><E21/><V90/><F87/><AGARI ba="1,1" hai="43,46,48,61,64,70,77,82,87,89,92,97,129,130" machi="87" ten="40,7700,0" yaku="1,1,53,2" doraHai="131" doraHaiUra="127" who="1" fromWho="2" sc="193,0,382,90,128,-80,287,0" /><INIT seed="5,2,0,1,2,89" ten="193,472,48,287" oya="1" hai0="104,110,11,122,75,118,76,51,39,88,28,41,102" hai1="91,72,9,37,60,119,7,121,22,126,134,70,106" hai2="71,3,13,120,65,82,123,16,93,92,1,96,44" hai3="127,69,46,26,77,81,27,100,64,49,14,90,99"/><U80/><E121/><V23/><F82/><W113/><G90/><T67/><D110/><U101/><E119/><V129/><F129/><W0/><G0/><T84/><D118/><U107/><E134/><V24/><F123/><W97/><G113/><T114/><D122/><U21/><E126/><V135/><F120/><W86/><G127/><T94/><D39/><U36/><E22/><V8/><F135/><W83/><G83/><N who="0" m="45471" /><D67/><N who="1" m="41319" /><E21/><V98/><F71/><W79/><G79/><T130/><D28/><U116/><E91/><V87/><F65/><W66/><G97/><N who="2" m="37481" /><F3/><W19/><G69/><T112/><D102/><U29/><E29/><N who="2" m="17567" /><F1/><W57/><G66/><T20/><D20/><U42/><E116/><V62/><F62/><W4/><G64/><T32/><D104/><U40/><E101/><V10/><F87/><W58/><G100/><T38/><D32/><U6/><E80/><V103/><F103/><W56/><G99/><T53/><D130/><U115/><E72/><V43/><F10/><W78/><G78/><T33/><D11/><U108/><E9/><V5/><F5/><N who="1" m="1545" /><E108/><V63/><F63/><W30/><G4/><T74/><D33/><U61/><E61/><V2/><F2/><W55/><G30/><T47/><D74/><U95/><E115/><N who="0" m="44073" /><D38/><N who="1" m="14955" /><E107/><V52/><F43/><AGARI ba="2,0" hai="41,43,47,51,53,84,88,94" m="44073,45471" machi="43" ten="30,3900,0" yaku="15,1,52,1,54,1" doraHai="89" who="0" fromWho="2" sc="193,45,472,0,48,-45,287,0" /><INIT seed="6,0,0,3,0,82" ten="238,472,3,287" oya="2" hai0="73,65,41,35,31,71,13,40,101,120,51,53,9" hai1="1,25,34,121,128,68,89,48,2,66,117,56,122" hai2="3,118,32,102,134,94,88,58,26,131,130,107,43" hai3="38,75,129,5,105,80,52,86,115,54,22,15,64"/><V135/><F3/><W19/><G105/><T69/><D120/><N who="1" m="46187" /><E117/><V113/><F118/><W10/><G38/><T119/><D119/><U114/><E128/><N who="2" m="49195" /><F43/><W36/><G36/><T8/><D73/><U95/><E114/><V33/><F113/><W85/><G129/><T74/><D74/><U61/><E34/><N who="2" m="13419" /><F26/><N who="3" m="14687" /><G75/><T103/><D35/><U11/><E25/><V77/><F77/><N who="3" m="46223" /><G64/><T27/><D65/><U93/><E11/><V4/><F4/><W62/><G62/><T76/><D76/><U91/><E48/><V90/><F58/><W100/><G100/><T132/><D27/><U60/><E60/><V30/><F30/><W12/><G115/><T6/><D51/><U83/><E56/><V16/><F16/><W50/><G15/><T81/><D6/><U110/><E2/><V20/><F20/><W70/><G70/><T98/><D13/><U24/><E24/><V106/><F90/><W96/><G50/><T44/><D31/><U108/><E1/><V84/><F102/><W92/><G54/><T79/><D53/><U123/><E123/><V0/><F0/><W18/><G52/><T49/><D49/><U109/><E91/><V46/><F46/><W63/><G63/><T21/><D44/><U124/><E108/><V42/><F42/><W87/><G18/><T29/><D29/><U7/><E7/><V127/><F127/><W23/><G23/><T72/><D21/><U112/><E124/><V59/><F59/><W78/><G78/><T99/><D79/><U67/><E112/><V37/><F37/><W104/><G104/><AGARI ba="0,0" hai="84,88,94,104,106,107,134,135" m="13419,49195" machi="104" ten="40,7700,0" yaku="19,1,52,1,54,1" doraHai="82" who="2" fromWho="3" sc="238,0,472,0,3,77,287,-77" /><INIT seed="6,1,0,3,4,132" ten="238,472,80,210" oya="2" hai0="52,130,121,24,11,105,1,10,5,75,12,76,112" hai1="129,37,41,23,30,62,4,17,99,56,131,128,21" hai2="71,46,28,27,81,127,72,40,13,6,18,97,20" hai3="86,83,22,124,58,59,103,3,35,119,32,54,116"/><V91/><F71/><W66/><G3/><T122/><D105/><U135/><E135/><V31/><F127/><W69/><G69/><T49/><D112/><U111/><E111/><V87/><F72/><W57/><G124/><T43/><D43/><U109/><E109/><V68/><F68/><W7/><G66/><T79/><D130/><U74/><E74/><V42/><F97/><W107/><G103/><T101/><D101/><U100/><E4/><V88/><F91/><W115/><G107/><T2/><D2/><U80/><E80/><V98/><F98/><W14/><G115/><T39/><D39/><U90/><E90/><V118/><F118/><W67/><G67/><T126/><D126/><U25/><E41/><N who="2" m="15979" /><F46/><W73/><G73/><T95/><D95/><U70/><E37/><V114/><F114/><W117/><G54/><T55/><D55/><N who="1" m="34079" /><E70/><V9/><AGARI ba="1,0" hai="6,9,13,18,20,27,28,31,81,87,88" m="15979" machi="9" ten="30,3000,0" yaku="8,1,54,1" doraHai="132" who="2" fromWho="2" sc="238,-11,472,-11,80,33,210,-11" /><INIT seed="6,2,0,3,5,125" ten="227,461,113,199" oya="2" hai0="35,8,134,43,67,80,132,115,94,59,66,87,88" hai1="108,112,1,90,68,76,58,75,81,55,102,39,63" hai2="21,20,28,14,96,100,22,120,77,107,70,97,106" hai3="36,110,10,118,25,99,124,126,13,73,123,11,128"/><V7/><F120/><W12/><G123/><T127/><D35/><U4/><E108/><V129/><F70/><W85/><G36/><T24/><D127/><N who="3" m="48681" /><G73/><T49/><D115/><U119/><E112/><V5/><F77/><W54/><G110/><T104/><D104/><U135/><E119/><V50/><F28/><W117/><G99/><T38/><D38/><U51/><E102/><V84/><F84/><W16/><G54/><N who="0" m="32207" /><D43/><U64/><E90/><V48/><F129/><W92/><G128/><T9/><D24/><U44/><E135/><N who="0" m="51753" /><D94/><U6/><E1/><V60/><F60/><W37/><G37/><T111/><D111/><U56/><E56/><V91/><F91/><N who="3" m="53359" /><G25/><T113/><D113/><U32/><E32/><V41/><F41/><AGARI ba="2,0" hai="4,6,39,41,44,51,55,58,63,64,68,75,76,81" machi="41" ten="40,2600,0" yaku="24,2" doraHai="125" who="1" fromWho="2" sc="227,0,461,32,113,-32,199,0" /><INIT seed="7,0,0,4,5,5" ten="227,493,81,199" oya="3" hai0="123,25,122,55,97,130,112,120,65,35,66,109,98" hai1="18,124,48,42,78,19,30,134,128,29,127,102,50" hai2="87,100,86,12,16,116,96,89,54,6,26,44,38" hai3="119,105,84,107,91,77,108,111,52,11,21,31,121"/><W110/><G121/><T76/><D109/><U39/><E39/><V88/><F116/><W23/><G119/><T125/><D76/><U0/><E0/><V99/><F6/><W67/><G67/><T14/><D55/><U56/><E102/><V4/><F4/><W95/><G77/><T117/><D117/><U103/><E103/><V83/><F26/><N who="3" m="16847" /><G23/><T69/><D14/><U94/><E94/><V9/><F100/><W58/><G11/><T63/><D25/><U74/><E78/><V27/><F27/><W51/><AGARI ba="0,0" hai="51,52,58,84,91,95,105,107,108,110,111" m="16847" machi="51" ten="30,3000,0" yaku="10,1,54,1" doraHai="5" who="3" fromWho="3" sc="227,-10,493,-10,81,-10,199,30" /><INIT seed="7,1,0,3,2,118" ten="217,483,71,229" oya="3" hai0="110,70,33,30,44,27,0,61,72,123,88,98,132" hai1="112,35,126,92,85,116,80,31,91,55,60,106,121" hai2="29,96,13,102,47,40,84,113,7,73,114,25,93" hai3="68,5,21,135,17,3,23,24,32,78,94,109,82"/><W104/><G104/><T105/><D110/><U10/><E121/><V57/><F73/><W1/><G68/><T64/><D123/><U89/><E106/><V128/><F128/><W129/><G129/><T65/><D72/><U67/><E55/><V6/><F84/><W54/><G109/><T99/><D0/><U9/><E112/><V8/><F114/><W16/><G32/><T15/><D132/><U86/><E126/><V49/><F113/><W108/><G108/><T66/><D15/><U26/><E116/><V53/><F29/><W117/><G135/><T14/><D14/><U125/><E125/><V28/><F28/><W37/><G37/><T34/><D34/><U76/><E76/><V101/><F25/><W107/><G107/><T20/><D20/><U56/><AGARI ba="1,0" hai="9,10,26,31,35,56,60,67,80,85,86,89,91,92" machi="56" ten="20,1500,0" yaku="0,1,7,1" doraHai="118" who="1" fromWho="1" sc="217,-5,483,18,71,-5,229,-8" owari="212,-19.0,501,60.0,66,-43.0,221,2.0" /></mjloggm>