<mjloggm ver="2.3"><GO type="41" lobby="0"/><UN n0="%E5%B0%B1%E6%B4%BB%E7%94%9F%40%E5%B7%9D%E6%9D%91%E8%BB%8D%E5%9B%A3" n1="%E6%A4%8E%E5%90%8D%E5%BF%83%E5%AE%9F" n2="%E3%83%A6%E3%82%AD%E3%83%8E%E3%83%8F%E3%83%8A" n3="%76%61%6E%69%6C%6C%65" dan="17,13,14,14" rate="2162.94,1921.83,1954.54,1939.45" sx="M,F,M,M"/><TAIKYOKU oya="0"/><INIT seed="0,0,0,2,1,80" ten="250,250,250,250" oya="0" hai0="21,105,70,106,81,93,133,73,15,16,79,108,56" hai1="28,83,62,27,76,84,14,32,33,9,67,123,107" hai2="110,122,95,53,29,52,46,74,42,5,18,45,124" hai3="44,131,36,118,120,91,35,19,60,128,109,1,102"/><T126/><D70/><U116/><E123/><V30/><F122/><W90/><G35/><T132/><D126/><U82/><E116/><V43/><F74/><W71/><G1/><T4/><D4/><U87/><E107/><V48/><F124/><W125/><G120/><T86/><D56/><U101/><E101/><V88/><F110/><W41/><G125/><T61/><D61/><U75/><E33/><V111/><F111/><W51/><G109/><T135/><D108/><U77/><E75/><V22/><F5/><W54/><G118/><T94/><D94/><U127/><E127/><V31/><F43/><W39/><G102/><T99/><REACH who="0" step="1"/><D73/><REACH who="0" ten="240,250,250,250" step="2"/><U12/><E9/><V100/><F46/><W72/><G72/><T55/><D55/><U7/><E7/><V2/><F2/><W34/><G60/><T129/><D129/><U117/><E117/><V47/><F47/><W10/><G71/><AGARI ba="0,1" hai="12,14,27,28,32,62,67,71,76,77,82,83,84,87" machi="71" ten="30,7700,0" yaku="7,1,9,1,52,2" doraHai="80" who="1" fromWho="3" sc="240,0,250,87,250,0,250,-77" /><INIT seed="1,0,0,2,0,104" ten="240,337,250,173" oya="1" hai0="123,70,53,113,132,114,1,100,17,32,19,96,124" hai1="21,20,112,90,73,3,118,105,88,66,28,115,13" hai2="131,57,61,30,47,134,91,25,50,60,69,80,79" hai3="95,0,107,126,37,116,89,97,82,108,101,26,120"/><U102/><E118/><V45/><F131/><W76/><G37/><T93/><D32/><U130/><E3/><V87/><F134/><W111/><G0/><T106/><D1/><U2/><E2/><V58/><F69/><W67/><G67/><T71/><D123/><U56/><E130/><V15/><F15/><W4/><G4/><T86/><D132/><U10/><E73/><V7/><F7/><W42/><G42/><T22/><D124/><U98/><E21/><V127/><F127/><W27/><G126/><T72/><D19/><U59/><E59/><V35/><F50/><W51/><G120/><T110/><D110/><N who="3" m="42025" /><G116/><T128/><D128/><U34/><E34/><V12/><F12/><W23/><G23/><T64/><D53/><U52/><E66/><V31/><F31/><W85/><G51/><T122/><D122/><U63/><E115/><V117/><F117/><W55/><G55/><T39/><D39/><U43/><E43/><V92/><F58/><W24/><G24/><T9/><D9/><U11/><E11/><V41/><F57/><W14/><G14/><T44/><D44/><U6/><REACH who="1" step="1"/><E112/><REACH who="1" ten="240,327,250,173" step="2"/><V74/><F41/><W18/><G18/><T75/><D64/><U36/><E36/><V77/><F74/><AGARI ba="0,1" hai="26,27,74,76,82,85,89,95,97,101,107" m="42025" machi="74" ten="30,3900,0" yaku="24,1,14,1,52,1" doraHai="104" who="3" fromWho="2" sc="240,0,327,0,250,-39,173,49" /><INIT seed="2,0,0,3,5,24" ten="240,327,211,222" oya="2" hai0="41,23,46,55,45,79,75,56,105,122,9,29,104" hai1="70,87,129,48,4,102,62,19,13,5,26,103,99" hai2="36,134,22,27,59,97,76,81,20,116,17,54,96" hai3="53,128,91,77,60,90,61,73,43,92,8,11,135"/><V100/><F116/><W14/><G135/><T52/><D122/><U109/><E129/><V108/><F36/><W94/><G128/><T121/><D121/><U115/><E115/><V110/><F134/><W51/><G43/><T31/><D104/><U131/><E131/><V106/><F97/><W85/><G77/><T112/><D105/><U3/><E3/><V125/><F125/><W123/><G73/><T71/><D71/><U67/><E109/><N who="2" m="42091" /><F22/><W28/><G123/><T83/><D112/><U66/><E66/><V30/><F81/><W82/><G82/><T113/><D113/><U6/><E103/><V42/><F76/><W69/><G69/><T132/><D132/><U25/><E87/><V12/><F42/><W65/><G65/><T7/><D23/><U111/><E111/><V34/><F59/><W0/><G0/><N who="0" m="231" /><D45/><U126/><E126/><V130/><F130/><W80/><G8/><T57/><D57/><U119/><E119/><V114/><F114/><W47/><G94/><T107/><D107/><U95/><REACH who="1" step="1"/><E48/><REACH who="1" ten="240,317,211,222" step="2"/><V44/><F44/><W93/><G61/><N who="0" m="35975" /><D55/><AGARI ba="0,1" hai="12,17,20,27,30,34,54,55,96,100,106" m="42091" machi="55" ten="30,5800,0" yaku="14,1,10,1,52,1" doraHai="24" who="2" fromWho="0" sc="240,-58,317,0,211,68,222,0" /><INIT seed="2,1,0,2,1,52" ten="182,317,279,222" oya="2" hai0="2,51,46,126,15,55,70,82,53,127,34,67,77" hai1="68,71,84,0,134,12,36,120,110,27,115,32,79" hai2="65,61,123,5,128,20,1,69,119,8,23,132,47" hai3="40,48,66,18,99,26,80,50,78,17,24,94,92"/><V75/><F119/><W135/><G135/><T112/><D34/><U101/><E27/><N who="3" m="10282" /><G66/><T90/><D2/><U7/><E7/><V21/><F123/><W83/><G78/><T116/><D90/><U100/><E12/><V118/><F118/><W104/><G104/><T117/><D15/><U105/><E84/><V102/><F132/><W31/><G31/><T44/><D82/><N who="3" m="31273" /><G40/><T98/><D98/><U11/><E79/><V74/><F128/><W106/><G106/><T107/><D77/><U97/><E11/><V29/><F29/><W121/><G121/><T64/><D107/><U63/><E97/><V96/><REACH who="2" step="1"/><F47/><REACH who="2" ten="182,317,269,222" step="2"/><W114/><G114/><T30/><D30/><U131/><E101/><V14/><F14/><W95/><G99/><T130/><D112/><U13/><E13/><V85/><F85/><W22/><G18/><T89/><D130/><U133/><E100/><V113/><F113/><W39/><G39/><T62/><D89/><U93/><E134/><V87/><F87/><W57/><G57/><N who="0" m="35119" /><D44/><U56/><E56/><V45/><F45/><W54/><G54/><T43/><D116/><U58/><E58/><V72/><F72/><W129/><G129/><T124/><D117/><U49/><E133/><V122/><F122/><W109/><G109/><T35/><D35/><U59/><E32/><V125/><F125/><W3/><G3/><T41/><D70/><U33/><E0/><V91/><F91/><W73/><G73/><T108/><D108/><U6/><E110/><V42/><F42/><AGARI ba="1,1" hai="41,42,43,46,51,55,64,67,124,126,127" m="35119" machi="42" ten="30,7700,0" yaku="18,1,34,2,52,1" doraHai="52" who="0" fromWho="2" sc="182,90,317,0,269,-80,222,0" /><INIT seed="3,0,0,1,4,131" ten="272,317,189,222" oya="3" hai0="33,111,49,10,39,13,109,64,101,73,117,63,82" hai1="98,120,26,71,76,17,114,55,61,97,126,129,30" hai2="25,78,115,127,7,102,84,119,4,51,60,81,22" hai3="48,125,89,50,24,3,77,74,37,52,122,133,45"/><W128/><G3/><T113/><D33/><U62/><E129/><V134/><F119/><W90/><G122/><T8/><D117/><U91/><E120/><V70/><F115/><W79/><G37/><T35/><D35/><U19/><E114/><V5/><F127/><W2/><G2/><T34/><D113/><U65/><E126/><V130/><F130/><W66/><G66/><T47/><D39/><U43/><E43/><V72/><F102/><W68/><G68/><T20/><D34/><U28/><E76/><N who="3" m="29258" /><G74/><T1/><D1/><U56/><E98/><V18/><F51/><W104/><G104/><T123/><D123/><U112/><E112/><V75/><REACH who="2" step="1"/><F134/><REACH who="2" ten="272,317,179,222" step="2"/><W12/><G133/><T23/><D101/><U36/><E36/><V124/><F124/><W103/><G125/><T9/><D49/><U100/><E100/><V58/><F58/><N who="3" m="33031" /><G128/><T108/><D47/><U85/><E97/><V29/><F29/><W0/><G103/><T6/><D73/><U118/><E118/><V135/><F135/><W99/><G99/><T80/><D108/><U21/><REACH who="1" step="1"/><E30/><REACH who="1" ten="272,307,179,222" step="2"/><V86/><F86/><W106/><G106/><T53/><D109/><U42/><E42/><V67/><AGARI ba="0,2" hai="4,5,7,18,22,25,60,67,70,72,75,78,81,84" machi="67" ten="30,2000,0" yaku="1,1,0,1,53,0" doraHai="131" doraHaiUra="31" who="2" fromWho="2" sc="272,-5,307,-5,179,40,222,-10" /><INIT seed="4,0,0,2,4,22" ten="267,302,219,212" oya="0" hai0="82,70,76,93,2,81,25,78,104,107,103,51,48" hai1="106,117,47,34,83,44,9,63,73,43,55,99,130" hai2="79,90,14,86,72,95,116,128,132,35,60,37,118" hai3="42,127,131,3,108,124,61,31,94,101,28,56,133"/><T68/><D2/><U41/><E117/><N who="2" m="45163" /><F35/><W59/><G3/><T54/><D93/><U74/><E130/><V16/><F37/><W12/><G108/><T23/><D103/><U46/><E34/><V64/><F128/><W6/><G131/><T126/><D126/><N who="3" m="48169" /><G42/><T85/><D68/><U5/><E83/><N who="2" m="45543" /><F132/><W98/><G133/><T32/><D32/><U4/><E106/><V10/><F60/><W113/><G113/><T19/><D70/><U53/><E99/><V26/><F64/><N who="3" m="38951" /><G59/><T30/><D30/><N who="3" m="11305" /><G12/><T1/><D1/><U36/><E47/><V102/><F102/><W45/><G6/><T62/><D62/><U91/><E5/><V71/><F71/><W18/><G18/><T29/><D29/><U66/><E74/><V38/><F38/><W92/><G45/><T13/><D13/><U49/><E73/><V119/><N who="2" m="45171" /><V134/><DORA hai="40" /><F134/><W7/><G7/><T100/><D100/><U65/><E65/><V69/><F69/><W135/><G135/><T111/><D111/><U121/><E121/><V67/><F67/><W120/><G120/><T129/><D129/><U8/><E4/><V17/><F17/><W96/><G101/><T80/><D51/><U115/><E115/><V97/><F97/><AGARI ba="0,0" hai="92,94,96,97,98" m="11305,38951,48169" machi="97" ten="30,1000,0" yaku="18,1" doraHai="22,40" who="3" fromWho="2" sc="267,0,302,0,219,-10,212,10" /><INIT seed="5,0,0,3,3,103" ten="267,302,209,222" oya="1" hai0="49,98,18,53,26,44,67,38,105,102,9,76,94" hai1="73,99,119,110,115,57,84,40,29,2,37,81,100" hai2="22,50,27,123,121,83,78,77,130,135,88,108,93" hai3="129,120,62,68,71,17,28,20,47,111,70,114,113"/><U66/><E119/><V52/><F108/><W82/><G111/><T122/><D122/><U7/><E110/><V89/><F130/><W51/><G120/><T90/><D76/><U55/><E115/><N who="3" m="44042" /><G129/><T46/><D67/><U72/><E66/><V134/><F78/><W58/><G28/><T97/><D38/><U112/><E112/><V65/><F65/><N who="3" m="39127" /><G82/><T63/><D63/><U12/><E2/><V32/><F32/><W104/><G104/><T133/><D133/><N who="2" m="50698" /><F89/><W10/><G10/><T86/><D98/><U14/><E29/><N who="2" m="17655" /><F83/><W6/><G6/><T75/><D75/><U118/><E118/><V30/><F77/><W127/><G127/><T36/><D36/><U35/><E35/><V116/><F30/><W16/><G20/><T43/><D43/><AGARI ba="0,0" hai="16,17,43,47,51,68,70,71" m="39127,44042" machi="43" ten="40,2600,0" yaku="15,1,54,1" doraHai="103" who="3" fromWho="0" sc="267,-26,302,0,209,0,222,26" /><INIT seed="6,0,0,0,5,125" ten="241,302,209,248" oya="2" hai0="14,98,103,41,32,112,68,53,38,97,44,69,51" hai1="79,39,6,106,43,33,48,8,121,16,77,22,49" hai2="23,0,118,5,12,17,95,99,134,66,76,11,105" hai3="120,115,88,13,34,28,123,126,42,93,102,70,107"/><V52/><F118/><W109/><G109/><T4/><D112/><U117/><E106/><V37/><F37/><W57/><G126/><T80/><D32/><U132/><E117/><V127/><F127/><W24/><G115/><T26/><D26/><U45/><E33/><V75/><F105/><W100/><G42/><T83/><D69/><U65/><E132/><V90/><F66/><W46/><G46/><T63/><D68/><U116/><E116/><V64/><F64/><W19/><G70/><T85/><D63/><U36/><E65/><V124/><F124/><W15/><G15/><T108/><D108/><U111/><E111/><V74/><F134/><W21/><G107/><T7/><D14/><U67/><E67/><V47/><REACH who="2" step="1"/><F76/><REACH who="2" ten="241,302,199,248" step="2"/><W87/><G123/><T81/><D85/><U110/><E121/><V101/><F101/><W114/><G120/><T62/><D98/><U133/><E39/><V58/><F58/><W1/><G114/><T73/><D73/><U60/><E79/><V122/><F122/><W86/><G86/><T131/><D131/><U31/><E77/><V56/><F56/><W30/><G102/><T113/><D113/><U18/><E133/><V61/><F61/><W135/><G100/><T55/><D62/><U29/><E60/><V59/><F59/><W71/><G135/><T40/><D38/><U82/><E36/><V129/><F129/><W9/><G57/><T119/><D119/><U96/><E110/><V130/><F130/><W27/><G71/><T10/><D103/><U72/><E72/><V20/><F20/><W91/><G91/><RYUUKYOKU ba="0,1" sc="241,-15,302,-15,199,15,248,15" hai2="0,5,11,12,17,23,47,52,74,75,90,95,99" hai3="1,9,13,19,21,24,27,28,30,34,87,88,93" /><INIT seed="6,1,1,5,2,59" ten="226,287,214,263" oya="2" hai0="40,75,3,10,90,53,83,98,8,101,93,96,50" hai1="33,102,57,99,87,128,55,85,13,58,125,104,132" hai2="92,25,45,133,46,68,32,36,29,20,12,109,61" hai3="89,134,121,48,37,34,84,7,62,79,9,15,74"/><V124/><F124/><W106/><G37/><T112/><D112/><U27/><E125/><V88/><F133/><W113/><G34/><T63/><D3/><U94/><E132/><V114/><F114/><W38/><G38/><T105/><D40/><U72/><E72/><V42/><F109/><W80/><G134/><T103/><D63/><U86/><E128/><V2/><F2/><W6/><G113/><T107/><D83/><U19/><E104/><V14/><F46/><W129/><G129/><T76/><D76/><U100/><E100/><V23/><F32/><W117/><G117/><T24/><D24/><U115/><E115/><V118/><F23/><W77/><G106/><T4/><D75/><U31/><REACH who="1" step="1"/><E55/><REACH who="1" ten="226,277,214,263" step="2"/><V64/><REACH who="2" step="1"/><F118/><REACH who="2" ten="226,277,204,263" step="2"/><W1/><G74/><T44/><D107/><U66/><E66/><V52/><F52/><W60/><G121/><T49/><D53/><U43/><E43/><V39/><F39/><W28/><G1/><T0/><D0/><U73/><E73/><V71/><F71/><W11/><G48/><T47/><D50/><U22/><AGARI ba="1,3" hai="13,19,22,27,31,33,57,58,85,86,87,94,99,102" machi="22" ten="30,2000,0" yaku="1,1,0,1,53,0" doraHai="59" doraHaiUra="127" who="1" fromWho="1" sc="226,-6,277,53,204,-11,263,-6" /><INIT seed="7,0,0,5,2,20" ten="220,330,193,257" oya="3" hai0="57,16,131,7,134,34,35,28,40,53,9,97,32" hai1="21,27,111,5,129,43,31,12,91,6,68,25,44" hai2="84,13,81,74,105,24,118,122,99,8,117,49,89" hai3="96,26,130,30,79,72,15,82,18,70,61,87,100"/><W55/><G130/><T39/><D131/><U19/><E129/><V128/><F128/><W73/><G55/><T93/><D134/><U29/><E111/><V2/><F2/><W109/><G109/><T4/><D39/><U11/><E68/><V38/><F38/><W22/><G61/><T71/><D40/><U37/><E91/><V14/><F74/><W69/><G69/><T101/><D71/><U75/><E75/><V1/><F1/><W124/><G70/><T23/><D28/><U54/><E54/><V85/><F105/><W126/><G124/><T90/><D101/><U78/><E78/><V60/><F122/><W88/><G79/><T67/><D67/><U95/><E95/><V36/><F36/><W58/><G58/><T86/><D9/><U64/><E64/><V98/><F117/><W0/><G0/><T66/><D66/><U33/><AGARI ba="0,0" hai="5,6,11,12,19,21,25,27,29,31,33,37,43,44" machi="33" ten="20,5200,0" yaku="0,1,7,1,52,2" doraHai="20" who="1" fromWho="1" sc="220,-13,330,52,193,-13,257,-26" owari="207,-19.0,382,48.0,180,-32.0,231,3.0" /></mjloggm>