<mjloggm ver="2.3"><GO type="169" lobby="0"/><UN n0="%74%61%6E%69%6D%6F%40" n1="%E3%81%84%E3%81%AA%E3%81%8B%EF%BC%99" n2="%52%79%75%31%39%36%33" n3="%E3%83%88%E3%83%88%E3%83%AA%E5%85%88%E7%94%9F%31%39%E6%AD%B3" dan="17,16,16,17" rate="2112.86,2121.88,2072.38,2242.46" sx="M,M,M,F"/><TAIKYOKU oya="0"/><INIT seed="0,0,0,2,1,35" ten="250,250,250,250" oya="0" hai0="86,58,74,79,76,132,115,130,41,43,125,1,11" hai1="124,126,89,57,123,110,103,39,46,100,60,73,26" hai2="67,30,102,117,88,104,23,44,31,49,108,114,118" hai3="36,8,12,5,4,69,16,133,99,92,129,85,45"/><T134/><D115/><U119/><E119/><V93/><F114/><W6/><G69/><T50/><D74/><U22/><E123/><V13/><F67/><W66/><G66/><T47/><D43/><N who="1" m="22911" /><E73/><V64/><F64/><W61/><G133/><N who="0" m="51307" /><D130/><U91/><E103/><V34/><F34/><W7/><G129/><T27/><D125/><N who="1" m="48235" /><E100/><V96/><F108/><W87/><G61/><T24/><D58/><U17/><E110/><V51/><F51/><W116/><G116/><N who="2" m="44649" /><F13/><W127/><G127/><T28/><D86/><U29/><E17/><V72/><F23/><W75/><G75/><T56/><D56/><U78/><E78/><N who="0" m="29737" /><D28/><U62/><E60/><V53/><F72/><W2/><G45/><T111/><D111/><U122/><E122/><V106/><F106/><W63/><G36/><T112/><D112/><U20/><E20/><V32/><F32/><W90/><REACH who="3" step="1"/><G63/><REACH who="3" ten="250,250,250,240" step="2"/><T128/><D128/><U105/><E105/><V81/><F81/><W98/><G98/><AGARI ba="0,1" hai="30,31,44,49,53,88,93,96,98,102,104" m="44649" machi="98" ten="30,2000,0" yaku="12,1,54,1" doraHai="35" who="2" fromWho="3" sc="250,0,250,0,250,30,240,-20" /><INIT seed="1,0,0,3,3,71" ten="250,250,280,220" oya="1" hai0="91,9,40,33,70,98,135,15,130,62,52,110,28" hai1="88,12,25,116,49,51,108,14,54,60,46,37,48" hai2="125,81,32,18,77,24,115,119,42,39,29,5,61" hai3="31,67,114,3,105,0,99,129,122,58,11,83,103"/><U16/><E116/><V74/><F119/><W102/><G114/><T80/><D110/><U8/><E108/><V43/><F115/><W63/><G122/><T124/><D124/><U13/><E37/><V101/><F125/><W45/><G129/><T111/><D111/><U93/><E46/><V120/><F120/><W20/><G102/><T57/><D135/><U73/><E73/><V53/><F101/><W78/><G11/><T107/><D130/><U127/><E127/><V50/><F61/><W65/><G65/><T4/><D70/><U94/><E94/><V56/><F39/><W89/><G89/><T134/><D134/><U92/><E92/><V96/><F96/><W27/><REACH who="3" step="1"/><G45/><REACH who="3" ten="250,250,280,210" step="2"/><T34/><D107/><U36/><E25/><V121/><F121/><W75/><AGARI ba="0,1" hai="0,3,20,27,31,58,63,67,75,78,83,99,103,105" machi="75" ten="20,5200,0" yaku="1,1,2,1,0,1,7,1,53,0" doraHai="71" doraHaiUra="123" who="3" fromWho="3" sc="250,-13,250,-26,280,-13,210,62" /><INIT seed="2,0,0,1,2,16" ten="237,224,267,272" oya="2" hai0="82,7,35,68,88,121,103,132,105,127,85,14,17" hai1="43,69,95,20,87,108,111,25,112,54,36,101,1" hai2="80,124,19,133,44,41,31,23,116,13,22,97,2" hai3="60,126,37,38,24,113,0,33,62,117,15,104,12"/><V6/><F116/><W49/><G0/><T9/><D121/><U131/><E69/><V8/><F124/><W21/><G117/><T84/><D127/><U135/><E1/><V28/><F133/><W51/><G126/><T18/><D35/><U125/><E125/><V70/><F70/><W94/><G104/><T58/><D68/><U34/><E34/><V92/><F80/><W64/><G33/><T61/><D132/><U129/><E135/><V75/><F75/><W4/><G113/><T10/><D105/><U3/><E3/><V48/><REACH who="2" step="1"/><F23/><REACH who="2" ten="237,224,257,272" step="2"/><W110/><G21/><T99/><D10/><U119/><E119/><V98/><F98/><W50/><G110/><T56/><D99/><U81/><E112/><V114/><F114/><W72/><G72/><T128/><D82/><U11/><E81/><V93/><F93/><W130/><G94/><T77/><D9/><U106/><E11/><V63/><F63/><W53/><G62/><T107/><D61/><U123/><E108/><V5/><F5/><W83/><G4/><T86/><D7/><U29/><E111/><V67/><F67/><W90/><G64/><T96/><D107/><U74/><E74/><V118/><F118/><W122/><G60/><T115/><D96/><U59/><E106/><V39/><F39/><W27/><G38/><T55/><D115/><U46/><E123/><V32/><F32/><W65/><G37/><T120/><D120/><U100/><E36/><V47/><F47/><W71/><G122/><T42/><D77/><U26/><E95/><V102/><AGARI ba="0,1" hai="2,6,8,13,19,22,28,31,41,44,48,92,97,102" machi="102" ten="20,7800,0" yaku="1,1,0,1,7,1,52,1,53,0" doraHai="16" doraHaiUra="52" who="2" fromWho="2" sc="237,-26,224,-26,257,88,272,-26" /><INIT seed="2,1,0,3,5,119" ten="211,198,345,246" oya="2" hai0="14,78,13,3,33,55,30,76,23,47,113,99,18" hai1="80,17,96,118,36,29,122,133,25,90,100,128,82" hai2="120,92,22,4,62,12,49,132,45,5,9,50,66" hai3="10,59,54,124,68,135,123,75,93,131,91,134,28"/><V98/><F132/><N who="3" m="50731" /><G68/><T61/><D113/><U65/><E36/><V85/><F120/><W125/><G75/><T101/><D3/><U87/><E118/><V107/><F107/><W103/><G103/><T116/><D116/><U43/><E43/><V60/><F85/><N who="3" m="52463" /><G28/><T73/><D73/><U111/><E111/><V77/><F77/><W127/><G10/><T6/><D33/><U58/><E128/><V97/><F22/><W8/><G8/><N who="0" m="4247" /><D30/><U40/><E40/><V83/><F83/><W11/><G11/><T57/><D47/><U39/><E39/><V70/><F5/><W19/><G19/><T35/><D35/><U72/><E82/><V7/><F7/><W46/><G46/><T67/><D67/><U86/><E72/><V94/><F45/><W84/><G84/><T117/><D117/><U69/><E86/><V48/><REACH who="2" step="1"/><F62/><REACH who="2" ten="211,198,335,246" step="2"/><N who="3" m="36215" /><G131/><T74/><D74/><U51/><E133/><V31/><F31/><W37/><G37/><T121/><D121/><AGARI ba="1,1" hai="121,123,124,125,127" m="36215,52463,50731" machi="121" ten="40,8000,1" yaku="18,1,20,1,52,2" doraHai="119" who="3" fromWho="0" sc="211,-83,198,0,335,0,246,93" /><INIT seed="3,0,0,3,2,24" ten="128,198,335,339" oya="3" hai0="83,134,99,36,100,15,63,50,54,5,26,115,8" hai1="72,130,73,52,49,16,25,135,113,21,80,111,92" hai2="30,102,89,103,6,82,48,45,69,4,35,87,132" hai3="55,76,27,56,0,62,98,117,110,46,81,126,13"/><W47/><G117/><T119/><D36/><U78/><E113/><V129/><F69/><W95/><G0/><T125/><D119/><U105/><E105/><V108/><F129/><W77/><G126/><T2/><D125/><U121/><E130/><V114/><F114/><W44/><G110/><T131/><D131/><U38/><E111/><V118/><F118/><W124/><G124/><T19/><D115/><U75/><E38/><V122/><F132/><W84/><G13/><T11/><D63/><U93/><E135/><V9/><F122/><W42/><G76/><T58/><D134/><U116/><E121/><V67/><F67/><W133/><G27/><T71/><D83/><U31/><E116/><V60/><F60/><W39/><REACH who="3" step="1"/><G133/><REACH who="3" ten="128,198,335,329" step="2"/><T1/><D26/><U29/><E73/><V97/><F108/><W91/><AGARI ba="0,1" hai="39,42,44,46,47,55,56,62,77,81,84,91,95,98" machi="91" ten="20,12000,1" yaku="1,1,2,1,0,1,7,1,53,1" doraHai="24" doraHaiUra="68" who="3" fromWho="3" sc="128,-40,198,-40,335,-40,329,130" /><INIT seed="3,1,0,2,1,130" ten="88,158,295,459" oya="3" hai0="50,68,39,23,92,99,44,115,133,77,104,110,74" hai1="32,22,116,56,36,41,95,97,96,48,21,76,5" hai2="20,93,135,18,49,12,70,128,45,38,42,120,108" hai3="102,7,127,83,122,19,27,9,134,125,35,94,106"/><W25/><G106/><T100/><D39/><U84/><E32/><V64/><F128/><W14/><G122/><T118/><D68/><U24/><E36/><V72/><F72/><W124/><G83/><T51/><D118/><U126/><E126/><V85/><F120/><W34/><G94/><T16/><D115/><U3/><E3/><V33/><F33/><N who="3" m="12299" /><G102/><T11/><D110/><U132/><E5/><V4/><F108/><W107/><G107/><T6/><D133/><U31/><E132/><V121/><F121/><W28/><G28/><T8/><D104/><U119/><E41/><V73/><F73/><W37/><G37/><T114/><D114/><U30/><E48/><V87/><F135/><W129/><G134/><T98/><D98/><U62/><E116/><V15/><F38/><W61/><G61/><T89/><D77/><U112/><E112/><V40/><F70/><W17/><G129/><T111/><D74/><U123/><E119/><V65/><F42/><W86/><G86/><N who="2" m="32777" /><F93/><W103/><G103/><T90/><D111/><U29/><E123/><V105/><F105/><W13/><G7/><T75/><D6/><U131/><E131/><V1/><F1/><W79/><G79/><T63/><D75/><U26/><E31/><V82/><F82/><W78/><G78/><T69/><D100/><U43/><E43/><V53/><F40/><W66/><G66/><N who="2" m="25705" /><F4/><W60/><G60/><T10/><D63/><U52/><E95/><V109/><F109/><W46/><G46/><T67/><D44/><U101/><E101/><V113/><F113/><W57/><G57/><RYUUKYOKU ba="1,0" sc="88,-30,158,10,295,10,459,10" hai1="21,22,24,26,29,30,52,56,62,76,84,96,97" hai2="12,15,18,20,45,49,53" hai3="9,13,14,17,19,25,27,124,125,127" /><INIT seed="3,2,0,4,4,132" ten="58,168,305,469" oya="3" hai0="42,1,95,88,50,110,71,19,53,65,116,27,70" hai1="49,135,51,47,78,12,123,72,112,26,28,25,7" hai2="128,108,5,109,107,8,76,57,93,46,97,32,74" hai3="13,36,45,96,90,130,69,92,75,34,24,4,113"/><W94/><G113/><T134/><D1/><U56/><E135/><V120/><F107/><W40/><G75/><T89/><D134/><U91/><E72/><V33/><F120/><W111/><G69/><T125/><D116/><U121/><E78/><V98/><F98/><W6/><G130/><T127/><D42/><U15/><E112/><V52/><F128/><W114/><G114/><T60/><D71/><U0/><E0/><V44/><F76/><W102/><G111/><N who="2" m="42569" /><F74/><W79/><G79/><T41/><D41/><U22/><E7/><V29/><F29/><W11/><G24/><T54/><D110/><U9/><E9/><V115/><F115/><W68/><G68/><T2/><D2/><U39/><E39/><V133/><F133/><W43/><G43/><T85/><D89/><U99/><E56/><V101/><F8/><W126/><G34/><N who="2" m="13417" /><F5/><W37/><G6/><T18/><D54/><U16/><E121/><V86/><F86/><W3/><G36/><T87/><D87/><U63/><E123/><V64/><F64/><W31/><G31/><T58/><D27/><U100/><E28/><V48/><AGARI ba="2,0" hai="44,46,48,52,57,93,97,101" m="13417,42569" machi="48" ten="30,2000,0" yaku="14,1,54,1" doraHai="132" who="2" fromWho="2" sc="58,-7,168,-7,305,26,469,-12" /><INIT seed="4,0,0,1,4,44" ten="51,161,331,457" oya="0" hai0="15,42,105,94,74,71,89,128,68,130,82,19,11" hai1="8,0,13,3,6,18,37,27,61,88,5,72,85" hai2="122,64,93,55,132,45,16,76,90,79,124,86,117" hai3="96,80,133,36,24,22,109,35,66,38,58,125,7"/><T106/><D42/><U115/><E37/><V48/><F122/><W41/><G109/><T25/><D25/><U127/><E72/><V114/><F114/><W100/><G35/><T60/><D82/><U62/><E115/><V119/><F124/><W56/><G125/><T51/><D51/><U103/><E127/><V77/><F132/><W102/><G133/><T92/><D74/><U135/><E135/><V21/><REACH who="2" step="1"/><F64/><REACH who="2" ten="51,161,321,457" step="2"/><W20/><G66/><N who="0" m="41031" /><D94/><U49/><E0/><V99/><F99/><W91/><G96/><N who="0" m="57359" /><D71/><U46/><E3/><V113/><F113/><W30/><G80/><T17/><D17/><U95/><E103/><V69/><F69/><W98/><G100/><T81/><D81/><U112/><E112/><V10/><F10/><W65/><G102/><T40/><D40/><U116/><E116/><V107/><F107/><W32/><G41/><T12/><D12/><U23/><E5/><V57/><F57/><N who="3" m="22123" /><G7/><T31/><D31/><U28/><E28/><V110/><F110/><W121/><G65/><T29/><D29/><U126/><E126/><V97/><F97/><W104/><G121/><T1/><D1/><U87/><E85/><V78/><N who="2" m="19456" /><DORA hai="47" /><V123/><F123/><W129/><G104/><T50/><D106/><U14/><E14/><V70/><F70/><W63/><G98/><T108/><D105/><U83/><E83/><V43/><F43/><AGARI ba="0,1" hai="6,8,13,18,23,27,43,46,49,61,62,87,88,95" machi="43" ten="30,8000,1" yaku="7,1,8,1,52,2,54,1" doraHai="44,47" who="1" fromWho="2" sc="51,0,161,90,321,-80,457,0" /><INIT seed="5,0,0,1,2,7" ten="51,251,241,457" oya="1" hai0="35,99,72,48,132,56,40,74,55,54,30,98,134" hai1="119,39,133,73,78,53,82,76,15,44,90,3,110" hai2="125,113,31,14,120,121,27,6,42,92,17,49,0" hai3="114,50,32,131,60,105,130,94,46,91,52,67,106"/><U51/><E119/><V116/><F116/><W66/><G32/><T18/><D30/><U33/><E33/><V129/><F125/><W79/><G79/><T24/><D35/><U68/><E68/><V109/><F109/><W25/><G25/><T23/><D40/><U70/><E70/><V86/><F129/><N who="3" m="49163" /><G114/><T135/><REACH who="0" step="1"/><D55/><REACH who="0" ten="41,251,241,457" step="2"/><U34/><E34/><N who="2" m="20863" /><F113/><W8/><G67/><T97/><AGARI ba="0,1" hai="18,23,24,48,54,56,72,74,97,98,99,132,134,135" machi="97" ten="40,5200,0" yaku="1,1,0,1,20,1,53,0" doraHai="7" doraHaiUra="61" who="0" fromWho="0" sc="41,62,251,-26,241,-13,457,-13" /><INIT seed="6,0,0,0,1,24" ten="103,225,228,444" oya="2" hai0="126,46,133,117,113,107,121,116,68,102,48,131,80" hai1="89,15,112,37,108,66,120,96,41,53,36,44,119" hai2="70,21,75,128,100,50,25,63,90,93,0,110,67" hai3="91,12,127,14,101,16,74,76,60,65,84,115,31"/><V99/><F0/><W18/><G127/><T20/><D20/><U129/><E119/><V104/><F128/><W134/><G134/><T82/><D68/><U3/><E3/><V97/><F110/><W81/><G115/><T17/><D17/><U122/><E108/><V55/><F75/><W54/><G54/><T22/><D22/><U11/><E112/><V72/><F72/><W109/><G109/><T19/><D19/><U83/><E129/><V35/><F21/><W51/><G51/><T106/><D48/><U62/><E53/><V28/><F50/><W38/><G38/><T40/><D46/><U52/><E37/><V78/><F55/><W23/><G101/><T39/><D40/><U77/><E96/><V6/><F78/><W1/><G1/><T132/><D39/><U4/><E89/><V88/><F6/><W57/><G18/><T9/><D9/><U27/><E27/><V7/><F7/><W56/><G12/><T105/><D131/><U103/><E103/><AGARI ba="0,0" hai="25,28,35,63,67,70,88,90,93,97,99,100,103,104" machi="103" ten="30,12000,1" yaku="7,1,25,2,52,1,54,1" doraHai="24" who="2" fromWho="1" sc="103,0,225,-120,228,120,444,0" /><INIT seed="6,1,0,1,4,38" ten="103,105,348,444" oya="2" hai0="68,69,131,58,26,117,31,59,76,63,1,110,104" hai1="125,52,2,88,45,75,113,70,98,90,67,122,10" hai2="120,127,7,9,94,8,15,19,47,29,13,123,4" hai3="6,107,77,118,3,93,22,126,101,73,12,32,5"/><V111/><F47/><W44/><G118/><T97/><D110/><U133/><E75/><V11/><F94/><W74/><G32/><T92/><D1/><U27/><E122/><V99/><F99/><W132/><G107/><T49/><D104/><U34/><E70/><V55/><F55/><W106/><G106/><T121/><D76/><U112/><E67/><V119/><F119/><W91/><G101/><T84/><D84/><U16/><E125/><V128/><F111/><W23/><G3/><T129/><D121/><N who="2" m="46666" /><F127/><W95/><G126/><T61/><D49/><N who="1" m="28719" /><E133/><V18/><F128/><N who="0" m="49226" /><D117/><U78/><E78/><V80/><F80/><W79/><G91/><N who="0" m="55455" /><D61/><U64/><E64/><V0/><F29/><W33/><G33/><N who="0" m="20727" /><D59/><U115/><E98/><V82/><F82/><W108/><G108/><T62/><D62/><U42/><E42/><V85/><F85/><W46/><G132/><T28/><D28/><N who="1" m="19743" /><E2/><V100/><F100/><W25/><G74/><T30/><D30/><U130/><E130/><V17/><AGARI ba="1,0" hai="0,4,7,8,9,11,13,15,17,18,19" m="46666" machi="17" ten="30,3000,0" yaku="34,2" doraHai="38" who="2" fromWho="2" sc="103,-11,105,-11,348,33,444,-11" /><INIT seed="6,2,0,4,5,58" ten="92,94,381,433" oya="2" hai0="119,49,81,95,14,78,121,8,117,75,70,61,86" hai1="109,93,15,43,5,112,13,129,135,36,29,108,72" hai2="54,90,98,85,79,11,23,19,69,101,47,59,27" hai3="105,67,44,12,63,97,0,84,6,82,48,120,1"/><V50/><F69/><W22/><G120/><T20/><D121/><U53/><E72/><V89/><F11/><W10/><G22/><T24/><D49/><U31/><E36/><V73/><F73/><W92/><G105/><T64/><D95/><U131/><E43/><V103/><F79/><N who="3" m="46175" /><G92/><T122/><D122/><U104/><E104/><V62/><F98/><W18/><G18/><T60/><D75/><U9/><E112/><V113/><F113/><W7/><G7/><N who="0" m="3359" /><D64/><U3/><E53/><V134/><F134/><W55/><G55/><T83/><D83/><U76/><E76/><V94/><F90/><W96/><G1/><T110/><D70/><U57/><E57/><V128/><F128/><N who="1" m="49225" /><E93/><V125/><F125/><W133/><G0/><T41/><D41/><AGARI ba="2,0" hai="19,23,27,41,47,50,54,59,62,85,89,94,101,103" machi="41" ten="30,5800,0" yaku="7,1,8,1,52,1" doraHai="58" who="2" fromWho="0" sc="92,-64,94,0,381,64,433,0" /><INIT seed="6,3,0,5,3,7" ten="28,94,445,433" oya="2" hai0="128,71,52,108,15,3,64,117,32,105,109,103,14" hai1="95,65,135,29,38,77,6,26,47,0,34,94,75" hai2="111,41,2,118,122,124,96,93,22,48,43,115,97" hai3="85,116,126,88,90,74,134,91,66,67,125,10,101"/><V50/><F118/><W63/><G116/><T45/><D117/><U131/><E131/><V19/><F122/><W76/><G74/><T73/><D73/><U53/><E65/><N who="3" m="24586" /><G63/><T27/><D3/><U28/><E28/><V107/><F2/><W9/><G134/><T13/><D45/><U33/><E33/><V80/><F111/><W44/><G101/><T112/><D52/><U132/><E0/><V24/><F124/><N who="3" m="47723" /><G44/><T56/><D56/><U83/><E6/><V35/><F35/><W61/><G61/><N who="0" m="40335" /><D128/><U23/><E34/><V60/><F115/><W20/><G20/><T17/><D17/><U21/><E23/><V70/><F70/><W58/><G58/><T113/><D109/><U8/><E47/><V46/><F60/><W81/><AGARI ba="3,0" hai="9,10,76,81,85,88,90,91" m="47723,24586" machi="81" ten="40,8000,1" yaku="18,1,52,2,54,1" doraHai="7" who="3" fromWho="3" sc="28,-23,94,-23,445,-43,433,89" /><INIT seed="7,0,0,4,1,67" ten="5,71,402,522" oya="3" hai0="7,94,80,69,10,104,111,43,47,58,123,62,26" hai1="64,8,109,103,23,107,118,4,102,40,30,100,74" hai2="31,0,45,41,56,93,52,116,112,133,131,61,68" hai3="88,128,122,82,78,1,117,16,22,28,32,44,71"/><W95/><G122/><T113/><D104/><U92/><E74/><V97/><F131/><W134/><G71/><T77/><D111/><U124/><E107/><V105/><F133/><W49/><G1/><T19/><D123/><U125/><E109/><V57/><F105/><W20/><G117/><T15/><D94/><U53/><E118/><V50/><F112/><W14/><G128/><T89/><D113/><U25/><E40/><V73/><F116/><W76/><G134/><T85/><D89/><U79/><E79/><N who="3" m="30250" /><G32/><T24/><D19/><U98/><E53/><V91/><F73/><W114/><G114/><T9/><D9/><U18/><E18/><V90/><F0/><W46/><G82/><T11/><D11/><U38/><E38/><V63/><F31/><W70/><G70/><T87/><D87/><U130/><E64/><V33/><F33/><W126/><G126/><N who="1" m="48746" /><E130/><V106/><F106/><W86/><G49/><T129/><D69/><U34/><E34/><V96/><F68/><W13/><G13/><AGARI ba="0,0" hai="4,8,13,23,25,30,92,98,100,102,103" m="48746" machi="13" ten="30,1000,0" yaku="18,1" doraHai="67" who="1" fromWho="3" sc="5,0,71,10,402,0,522,-10" owari="5,-49.0,81,-32.0,402,20.0,512,61.0" /></mjloggm>