<mjloggm ver="2.3"><GO type="97" lobby="0"/><UN n0="%E3%83%8F%E3%83%BC%E3%83%AC%E3%83%A0%E5%A4%A7%E5%9B%9E%E8%BB%A2" n1="%E5%B0%B1%E6%B4%BB%E7%94%9F%40%E5%B7%9D%E6%9D%91%E8%BB%8D%E5%9B%A3" n2="%E3%82%BC%E3%83%AD%E3%82%BB%E3%83%AD" n3="%70%75%6B%6B%61" dan="15,15,15,15" rate="1983.72,1963.30,1992.22,1927.49" sx="M,M,M,M"/><TAIKYOKU oya="0"/><INIT seed="0,0,0,5,0,36" ten="250,250,250,250" oya="0" hai0="81,25,21,61,92,63,86,131,64,105,33,123,113" hai1="50,75,94,98,93,11,117,15,37,69,87,10,97" hai2="115,114,58,90,72,70,82,124,46,111,44,16,121" hai3="22,19,100,66,23,104,34,126,42,48,130,120,3"/><T55/><D123/><U80/><E117/><V26/><F121/><W24/><G120/><T133/><D113/><U8/><E75/><V57/><F70/><W116/><G116/><T13/><D105/><U103/><E69/><V102/><F124/><W4/><G126/><T28/><D133/><U79/><E37/><V27/><F102/><W0/><G34/><T7/><D131/><U29/><E29/><V6/><F6/><W89/><G66/><T53/><D92/><U30/><E30/><V52/><F111/><W9/><G22/><T40/><D40/><U35/><E35/><V129/><F129/><W78/><G78/><T67/><D33/><U74/><E50/><N who="2" m="30871" /><F72/><W132/><G132/><T101/><D101/><U96/><E74/><V12/><F58/><W109/><G109/><T119/><D119/><U127/><E127/><V60/><F60/><N who="0" m="23114" /><D53/><U135/><E135/><V1/><F1/><W39/><G39/><T112/><D55/><U76/><E76/><V45/><F115/><W110/><G110/><T62/><D62/><U73/><E73/><V95/><F82/><W38/><G0/><T122/><D122/><U20/><E103/><V18/><F18/><AGARI ba="0,0" hai="8,10,11,15,18,20,79,80,87,93,94,96,97,98" machi="18" ten="40,1300,0" yaku="8,1" doraHai="36" who="1" fromWho="2" sc="250,0,250,13,250,-13,250,0" /><INIT seed="1,0,0,3,1,94" ten="250,263,237,250" oya="1" hai0="63,120,20,49,128,41,75,28,123,11,71,54,6" hai1="0,31,64,87,26,106,102,115,116,66,21,81,113" hai2="39,133,45,70,82,118,122,93,108,13,134,8,46" hai3="5,127,117,119,58,68,34,37,65,33,77,56,90"/><U59/><E116/><V57/><F118/><N who="3" m="45067" /><G37/><T42/><D75/><U48/><E0/><V72/><F122/><N who="0" m="46634" /><D28/><U14/><E106/><V114/><F108/><W62/><G77/><T67/><D20/><U60/><E102/><V40/><F70/><W101/><G101/><T96/><D96/><U44/><E66/><V1/><F114/><W124/><G5/><T103/><D103/><U89/><REACH who="1" step="1"/><E14/><REACH who="1" ten="250,253,237,250" step="2"/><V18/><F1/><W43/><G65/><T78/><D128/><U104/><E104/><V110/><F13/><W24/><G124/><T92/><D67/><U61/><E61/><V12/><F12/><W95/><G62/><T17/><D63/><U132/><E132/><V16/><F134/><W9/><G127/><T73/><D71/><U98/><E98/><V112/><F133/><W80/><G68/><T125/><D125/><U131/><E131/><V76/><F112/><W69/><G69/><T111/><D111/><U126/><E126/><V74/><F110/><W15/><G15/><T53/><D49/><U51/><E51/><V97/><F8/><W29/><G9/><T109/><D109/><U30/><E30/><V129/><F129/><W85/><G29/><T79/><D11/><U135/><E135/><V47/><F97/><W23/><G24/><T22/><D73/><U35/><E35/><V2/><F74/><W36/><G33/><T19/><D22/><U88/><E88/><V107/><F72/><W32/><G23/><T105/><D105/><U7/><E7/><V55/><F107/><W130/><G130/><T10/><D6/><U100/><E100/><RYUUKYOKU ba="0,1" sc="250,-10,253,30,237,-10,250,-10" hai1="21,26,31,44,48,59,60,64,81,87,89,113,115" /><INIT seed="1,1,1,0,3,94" ten="240,283,227,240" oya="1" hai0="80,1,110,122,100,104,31,41,121,48,32,46,26" hai1="7,37,79,49,4,130,72,15,71,70,42,54,86" hai2="77,24,20,124,82,85,29,91,129,92,21,34,65" hai3="131,114,19,96,28,135,115,112,73,97,39,84,58"/><U55/><E72/><V93/><F124/><W106/><G73/><T2/><D80/><N who="1" m="47391" /><E71/><V78/><F129/><W125/><G39/><T59/><D59/><U113/><E70/><V45/><F65/><W64/><G131/><T87/><D87/><U103/><E37/><V126/><F126/><W67/><G125/><T134/><D110/><U43/><E113/><V8/><F92/><W61/><G135/><T69/><D69/><U14/><E103/><V116/><F116/><W27/><G106/><T120/><D134/><U16/><E15/><V62/><F62/><W107/><G107/><T117/><D117/><U105/><E105/><V98/><F78/><W127/><G64/><T132/><D132/><U11/><E130/><V10/><F45/><W128/><G128/><T23/><D23/><U9/><E55/><V3/><REACH who="2" step="1"/><F10/><REACH who="2" ten="240,283,217,240" step="2"/><W30/><G127/><T0/><REACH who="0" step="1"/><D0/><REACH who="0" ten="230,283,217,240" step="2"/><U66/><E11/><V63/><F63/><W76/><G114/><T119/><D119/><U50/><E66/><V56/><F56/><W57/><G58/><T17/><D17/><U35/><E16/><V88/><F88/><W5/><G112/><T109/><D109/><U111/><E9/><V13/><F13/><W33/><G115/><T81/><D81/><U102/><E7/><AGARI ba="1,3" hai="3,7,8,20,21,24,29,34,77,82,85,91,93,98" machi="7" ten="40,2600,0" yaku="1,1,52,1,53,0" doraHai="94" doraHaiUra="133" who="2" fromWho="1" sc="230,0,283,-29,217,59,240,0" /><INIT seed="2,0,0,2,2,98" ten="230,254,276,240" oya="2" hai0="99,85,128,113,69,25,106,122,93,55,26,68,116" hai1="39,131,107,58,105,37,1,100,97,2,109,33,127" hai2="130,112,83,56,78,108,11,40,43,73,120,119,27" hai3="12,54,118,89,121,134,64,13,87,124,77,60,66"/><V22/><F119/><W15/><G118/><T61/><D116/><U59/><E33/><V20/><F120/><W19/><G121/><T32/><D122/><U28/><E28/><V88/><F112/><W24/><G124/><T3/><D113/><U7/><E127/><V92/><F130/><W110/><G110/><T132/><D3/><U31/><E31/><V82/><F82/><W5/><G77/><T129/><D132/><U94/><E109/><V44/><F108/><W41/><G41/><T51/><D61/><U79/><E131/><N who="0" m="50249" /><D32/><U126/><E126/><V84/><F11/><W18/><G134/><T36/><D36/><U53/><E79/><V10/><F44/><W50/><G5/><T63/><D63/><U74/><E74/><V71/><F71/><N who="0" m="27210" /><D85/><U81/><E58/><V111/><F111/><W114/><G114/><T72/><D106/><U67/><E67/><N who="3" m="25642" /><G60/><T91/><D72/><U14/><E105/><V47/><F56/><AGARI ba="0,0" hai="25,26,51,55,56,91,93,99" m="27210,50249" machi="56" ten="30,1000,0" yaku="19,1" doraHai="98" who="0" fromWho="2" sc="230,10,254,0,276,-10,240,0" /><INIT seed="3,0,0,4,4,47" ten="240,254,266,240" oya="3" hai0="132,70,43,35,38,59,95,117,76,71,135,49,134" hai1="97,112,24,33,129,3,27,99,111,119,90,109,114" hai2="131,126,127,9,44,105,34,0,16,102,118,83,20" hai3="73,107,57,54,48,66,11,80,2,91,25,61,53"/><W23/><G107/><T124/><D35/><U21/><E3/><V130/><F118/><W65/><G2/><T63/><D117/><U55/><E119/><V133/><F83/><W12/><G73/><T72/><D95/><U101/><E129/><N who="2" m="49163" /><F34/><W30/><G80/><N who="0" m="45063" /><D38/><U69/><E69/><V86/><F86/><W103/><G91/><T94/><D94/><U50/><E33/><V92/><F105/><W74/><G103/><T8/><D8/><U121/><E121/><V64/><F64/><W113/><G113/><T128/><D124/><N who="2" m="47658" /><F44/><N who="3" m="27783" /><G74/><T41/><D128/><U51/><E90/><V22/><F102/><W13/><G13/><T36/><D36/><U125/><E125/><V18/><F92/><W39/><G39/><T46/><D41/><U98/><E101/><V85/><F85/><W108/><G108/><N who="1" m="41546" /><E114/><V68/><F68/><W1/><G1/><T40/><D40/><U87/><E87/><V116/><F116/><W89/><G89/><T79/><D79/><U42/><E112/><V45/><F45/><W82/><G82/><T115/><D115/><U123/><E123/><V77/><F77/><W5/><AGARI ba="0,0" hai="5,11,12,23,25,30,54,57,61,65,66" m="27783" machi="5" ten="30,3000,0" yaku="8,1,52,1" doraHai="47" who="3" fromWho="3" sc="240,-10,254,-10,266,-10,240,30" /><INIT seed="3,1,0,4,3,18" ten="230,244,256,270" oya="3" hai0="10,15,104,130,26,84,29,117,101,23,35,99,12" hai1="36,69,94,8,62,116,44,25,111,1,58,129,125" hai2="78,96,57,87,68,109,76,119,73,45,67,60,118" hai3="95,110,9,135,103,21,123,83,46,133,70,65,16"/><W17/><G123/><T13/><D117/><U39/><E69/><V50/><F109/><W28/><G110/><T71/><D71/><U64/><E111/><V52/><F73/><W82/><G28/><T93/><D130/><U132/><E116/><V74/><F74/><W97/><G46/><T42/><D42/><U105/><E105/><V19/><F119/><W30/><G30/><T88/><REACH who="0" step="1"/><D35/><REACH who="0" ten="220,244,256,270" step="2"/><U51/><E129/><V131/><F131/><W0/><G70/><T53/><D53/><U112/><E112/><V56/><F118/><W27/><G65/><T3/><D3/><U24/><E125/><V32/><F32/><W22/><G0/><T127/><D127/><U108/><E108/><V49/><F68/><W102/><G9/><AGARI ba="1,1" hai="9,10,12,13,15,23,26,29,84,88,93,99,101,104" machi="9" ten="40,5200,0" yaku="1,1,52,1,54,1,53,0" doraHai="18" doraHaiUra="33" who="0" fromWho="3" sc="220,65,244,0,256,0,270,-55" /><INIT seed="4,0,0,1,0,42" ten="285,244,256,215" oya="0" hai0="109,14,133,34,22,78,125,117,20,80,23,13,66" hai1="25,79,16,11,123,69,128,2,36,32,24,40,134" hai2="89,52,99,70,6,101,15,61,63,118,8,47,130" hai3="112,83,126,44,103,73,49,9,62,71,68,93,57"/><T53/><D117/><U119/><E123/><V37/><F118/><W107/><G107/><T127/><D34/><U94/><E119/><V100/><F130/><W58/><G126/><N who="0" m="48139" /><D133/><U120/><E69/><N who="3" m="26698" /><G73/><N who="0" m="43087" /><D109/><U92/><E120/><V67/><F63/><W21/><G83/><T30/><D66/><U65/><E65/><V105/><F101/><W129/><G9/><T54/><D30/><U91/><E134/><V85/><F37/><W122/><G103/><T4/><D4/><U121/><E79/><V88/><REACH who="2" step="1"/><F85/><REACH who="2" ten="285,244,246,215" step="2"/><W39/><G122/><T12/><AGARI ba="0,1" hai="12,13,14,20,22,23,53,54" m="43087,48139" machi="12" ten="40,2100,0" yaku="18,1" doraHai="42" who="0" fromWho="0" sc="285,31,244,-7,246,-7,215,-7" owari="316,41.0,237,-16.0,239,4.0,208,-29.0" /></mjloggm>