<mjloggm ver="2.3"><GO type="169" lobby="0"/><UN n0="%E8%88%AC%E5%8D%93%E6%B0%91%E3%81%AE%E6%9C%9D%E3%81%AF%E6%97%A9%E3%81%84" n1="%E4%B8%96%E5%A4%A2" n2="%E3%81%BA%E3%82%8A%E3%81%8B%E3%82%93" n3="%E3%82%A6%E3%83%AB%E3%83%88%E3%83%A9%E7%AB%8B%E7%9B%B4" dan="16,17,17,18" rate="2087.00,2146.61,2195.84,2209.45" sx="M,F,F,M"/><TAIKYOKU oya="0"/><INIT seed="0,0,0,3,3,86" ten="250,250,250,250" oya="0" hai0="121,8,123,72,84,3,9,82,97,35,60,76,41" hai1="4,130,68,45,43,118,11,31,134,29,128,71,15" hai2="56,102,129,100,54,98,96,113,116,132,101,122,99" hai3="36,37,18,30,38,22,58,2,66,20,33,47,133"/><T77/><D35/><U89/><E118/><V104/><F113/><W32/><G133/><T16/><D8/><U95/><E134/><V91/><F132/><W120/><G2/><T85/><D41/><U42/><E68/><V23/><F116/><W27/><G47/><T88/><D3/><U87/><E71/><V110/><F110/><W21/><G120/><T75/><D121/><U34/><E43/><V108/><F108/><W131/><G131/><N who="1" m="50218" /><E34/><V52/><F122/><W14/><REACH who="3" step="1"/><G33/><REACH who="3" ten="250,250,250,240" step="2"/><T10/><D123/><U109/><E109/><V112/><F129/><W80/><G80/><N who="0" m="47111" /><D72/><U111/><E111/><V25/><F112/><W64/><G64/><T39/><D75/><U114/><E114/><V17/><F104/><W94/><G94/><N who="0" m="56519" /><D39/><AGARI ba="0,1" hai="4,11,15,29,31,39,42,45,87,89,95" m="50218" machi="39" ten="30,2000,0" yaku="19,1,52,1" doraHai="86" who="1" fromWho="0" sc="250,-20,250,30,250,0,240,0" /><INIT seed="1,0,0,2,2,60" ten="230,280,250,240" oya="1" hai0="68,18,133,21,12,109,117,13,43,132,8,31,84" hai1="93,80,30,10,75,19,79,34,61,120,97,41,11" hai2="6,119,29,92,9,0,121,40,33,2,17,28,23" hai3="7,3,16,38,20,112,83,126,118,88,35,67,102"/><U54/><E120/><V58/><F121/><W56/><G112/><T63/><D117/><U110/><E110/><V104/><F104/><W124/><G38/><T36/><D109/><U66/><E54/><V123/><F123/><W114/><G35/><T25/><D36/><U125/><E125/><N who="3" m="48234" /><G102/><T90/><D43/><U116/><E41/><V4/><F119/><W98/><G114/><T39/><D39/><U71/><E116/><V32/><F92/><N who="3" m="56583" /><G83/><T86/><D12/><U22/><E30/><N who="2" m="11883" /><F58/><W14/><G118/><T48/><D48/><U69/><E69/><V127/><F127/><W100/><G100/><T105/><D105/><U101/><REACH who="1" step="1"/><E34/><REACH who="1" ten="230,270,250,240" step="2"/><V95/><F33/><W115/><G115/><T106/><D31/><U108/><E108/><V76/><F32/><W57/><G67/><T64/><D64/><U5/><E5/><V52/><F6/><W24/><G3/><T94/><D68/><U128/><E128/><V131/><F2/><W51/><G51/><T78/><D132/><U70/><E70/><V44/><F131/><W1/><G1/><T72/><D133/><U96/><E96/><V85/><F0/><W59/><G7/><T129/><D129/><U77/><E77/><V130/><F40/><W65/><G65/><T73/><D78/><U46/><E46/><V27/><F130/><W53/><G53/><T49/><D49/><U134/><E134/><V55/><F44/><W15/><AGARI ba="0,1" hai="14,15,16,20,24,56,57,59" m="56583,48234" machi="15" ten="40,5200,0" yaku="18,1,54,2" doraHai="60" who="3" fromWho="3" sc="230,-13,270,-26,250,-13,240,62" /><INIT seed="2,0,0,0,4,123" ten="217,244,237,302" oya="2" hai0="18,132,35,72,87,107,126,110,111,124,114,88,58" hai1="62,71,59,30,12,79,57,93,122,28,63,29,5" hai2="120,4,34,45,103,75,3,80,55,135,32,39,128" hai3="15,130,105,27,20,8,46,24,99,38,56,41,106"/><V102/><F120/><W131/><G56/><N who="1" m="21578" /><E71/><V97/><F128/><N who="3" m="49195" /><G99/><T52/><D72/><U65/><E122/><V10/><F135/><W100/><G100/><T1/><D107/><N who="3" m="40969" /><G20/><T101/><D101/><U108/><E65/><V90/><F103/><W61/><G61/><N who="1" m="23050" /><E79/><V17/><F17/><AGARI ba="0,0" hai="8,15,17,24,27,38,41,46" m="40969,49195" machi="17" ten="30,1000,0" yaku="19,1" doraHai="123" who="3" fromWho="2" sc="217,0,244,0,237,-10,302,10" /><INIT seed="3,0,0,1,4,56" ten="217,244,227,312" oya="3" hai0="19,131,118,59,70,73,91,100,28,65,63,72,82" hai1="96,128,35,68,86,39,61,102,9,32,1,5,120" hai2="60,101,106,14,10,69,90,18,29,22,17,83,24" hai3="3,53,46,41,99,0,51,54,129,77,4,12,109"/><W52/><G129/><T88/><D118/><U75/><E120/><V112/><F112/><W76/><G109/><T8/><D131/><U110/><E128/><V43/><F43/><W37/><G37/><T13/><D28/><U134/><E134/><V135/><F135/><W123/><G123/><T21/><D100/><U116/><E116/><V74/><F101/><W124/><G124/><T30/><D70/><U104/><E110/><V103/><F103/><W98/><G3/><T119/><D119/><U111/><E111/><V107/><F106/><W55/><G0/><T58/><D58/><U117/><E117/><V27/><F107/><W121/><N who="3" m="13312" /><DORA hai="47" /><W44/><G44/><T108/><D108/><U94/><E39/><V31/><F90/><W7/><G121/><T49/><D49/><U85/><E75/><V16/><F83/><W93/><G12/><T45/><D45/><U95/><E104/><V62/><F74/><W97/><G93/><T105/><D105/><U122/><E122/><V81/><F81/><W50/><G50/><T125/><D125/><U15/><E1/><V33/><REACH who="2" step="1"/><F69/><REACH who="2" ten="217,244,217,312" step="2"/><W127/><G127/><T38/><D73/><U71/><E68/><V36/><F36/><W113/><G113/><T66/><D38/><U67/><E94/><V6/><AGARI ba="0,1" hai="6,10,14,16,17,18,22,24,27,29,31,33,60,62" machi="6" ten="30,12000,2" yaku="1,1,0,1,52,2,54,1,53,2" doraHai="56,47" doraHaiUra="84,23" who="2" fromWho="2" sc="217,-30,244,-30,217,130,312,-60" /><INIT seed="4,0,0,0,4,28" ten="187,214,347,252" oya="0" hai0="0,4,64,131,75,119,8,31,89,84,15,35,54" hai1="107,57,52,5,121,100,92,27,98,95,93,41,58" hai2="12,30,130,71,7,91,101,97,55,9,63,24,37" hai3="102,127,83,112,109,82,74,86,65,39,76,22,129"/><T85/><D119/><U42/><E121/><V113/><F37/><W77/><G39/><T126/><D75/><U120/><E120/><V72/><F72/><W78/><G65/><T33/><D85/><U51/><E5/><V105/><F113/><W47/><G47/><T128/><D64/><U116/><E116/><V62/><F130/><N who="0" m="49706" /><D126/><U53/><REACH who="1" step="1"/><E27/><REACH who="1" ten="187,204,347,252" step="2"/><V94/><F24/><W134/><G129/><T32/><D54/><U69/><E69/><V3/><F55/><W70/><G70/><T99/><D0/><U106/><E106/><V81/><F71/><W66/><G127/><T38/><D38/><U17/><E17/><V10/><F105/><W18/><G66/><T48/><D48/><AGARI ba="0,1" hai="41,42,48,51,52,53,57,58,92,93,95,98,100,107" machi="48" ten="40,8000,1" yaku="1,1,9,1,54,1,53,1" doraHai="28" doraHaiUra="96" who="1" fromWho="0" sc="187,-80,204,90,347,0,252,0" /><INIT seed="5,0,0,2,5,86" ten="107,294,347,252" oya="1" hai0="135,114,38,32,74,7,132,107,4,118,111,30,97" hai1="57,109,46,92,106,39,41,65,121,18,85,93,42" hai2="101,96,48,12,26,73,35,23,120,50,75,43,55" hai3="27,112,45,94,105,44,104,0,99,10,66,54,108"/><U22/><E106/><V77/><F120/><W13/><G108/><T89/><D111/><U64/><E121/><V68/><F68/><W110/><G110/><T6/><D118/><U130/><E109/><V76/><F35/><W102/><G0/><T88/><D74/><U98/><E130/><V37/><F37/><W62/><G112/><T28/><D38/><U14/><E42/><V133/><F133/><N who="0" m="51274" /><D114/><U80/><E57/><V20/><F12/><W8/><G27/><N who="0" m="18463" /><D30/><U90/><REACH who="1" step="1"/><E93/><REACH who="1" ten="107,284,347,252" step="2"/><V61/><F43/><W134/><G94/><T49/><D49/><U19/><E19/><V87/><F50/><W1/><G104/><T72/><D72/><U78/><AGARI ba="0,1" hai="14,18,22,39,41,46,64,65,78,80,85,90,92,98" machi="78" ten="20,18000,2" yaku="1,1,0,1,7,1,52,1,53,2" doraHai="86" doraHaiUra="63" who="1" fromWho="1" sc="107,-60,284,190,347,-60,252,-60" /><INIT seed="5,1,0,2,3,2" ten="47,474,287,192" oya="1" hai0="92,111,42,32,26,55,59,34,7,15,11,6,100" hai1="118,71,36,0,133,127,101,109,41,24,37,9,91" hai2="40,128,3,75,126,130,89,44,106,119,110,12,113" hai3="64,103,25,29,80,49,10,129,1,18,81,27,35"/><U5/><E71/><V122/><RYUUKYOKU type="yao9" ba="1,0" sc="47,0,474,0,287,0,192,0" hai2="3,12,40,44,75,89,106,110,113,119,122,126,128,130" /><INIT seed="5,2,0,3,5,15" ten="47,474,287,192" oya="1" hai0="56,78,22,27,82,135,77,41,105,9,125,80,89" hai1="5,120,33,11,75,85,64,57,108,66,30,101,42" hai2="122,17,134,86,19,97,52,110,104,109,60,83,24" hai3="37,127,73,61,116,43,50,119,121,46,32,131,3"/><U14/><E75/><V2/><F122/><W132/><G61/><T133/><D105/><U81/><E108/><V92/><F2/><W103/><G50/><T98/><D125/><U21/><E33/><V112/><F104/><W129/><G46/><T7/><D56/><U48/><E101/><V71/><F134/><W6/><G43/><T130/><D130/><U90/><E120/><V55/><F112/><W94/><G94/><T54/><D54/><N who="1" m="31943" /><E42/><V126/><F126/><W36/><G6/><T45/><D78/><U40/><E40/><V51/><F110/><W93/><G93/><T28/><D89/><U84/><E84/><V35/><F35/><W26/><G26/><AGARI ba="2,0" hai="5,11,14,21,26,30,64,66,81,85,90" m="31943" machi="26" ten="30,1500,0" yaku="8,1" doraHai="15" who="1" fromWho="3" sc="47,0,474,21,287,0,192,-21" /><INIT seed="5,3,0,3,0,7" ten="47,495,287,171" oya="1" hai0="100,31,60,93,54,125,68,91,110,69,15,23,105" hai1="120,126,24,55,58,36,101,87,48,112,131,134,119" hai2="75,130,77,79,49,4,19,56,59,9,30,81,80" hai3="122,18,39,99,40,20,63,1,66,111,92,123,10"/><U124/><E36/><V45/><F130/><W85/><G85/><T127/><D110/><U84/><E112/><V64/><F30/><W27/><G111/><T78/><D78/><U14/><E119/><V17/><F64/><W121/><G40/><T90/><D105/><U38/><E38/><V62/><F59/><W61/><G39/><T96/><D31/><U33/><E134/><V50/><F56/><W44/><G44/><T132/><D132/><U94/><E120/><V102/><F62/><W76/><G76/><T42/><D42/><U32/><E24/><V12/><F102/><W86/><G86/><T135/><D135/><U35/><E131/><V28/><F28/><W109/><G109/><T108/><D108/><U95/><E14/><V107/><F107/><W83/><G83/><T115/><D115/><U52/><E35/><V13/><F13/><W98/><G63/><T26/><D15/><U88/><E58/><V116/><F116/><W72/><G72/><T89/><D54/><U71/><E101/><V70/><F70/><N who="0" m="27242" /><D60/><U25/><E71/><V104/><F104/><W106/><G106/><T118/><D118/><U129/><E129/><V37/><F37/><W46/><G61/><T97/><D97/><U8/><E33/><V65/><F65/><W11/><G66/><T133/><D133/><U114/><E32/><V6/><F50/><W73/><G99/><T43/><D43/><U2/><BYE who="0" /><E114/><UN n0="%E8%88%AC%E5%8D%93%E6%B0%91%E3%81%AE%E6%9C%9D%E3%81%AF%E6%97%A9%E3%81%84" /><V5/><F49/><W51/><G1/><T113/><D113/><U57/><E2/><V53/><F45/><W34/><G122/><T74/><D74/><RYUUKYOKU ba="3,0" sc="47,30,495,-10,287,-10,171,-10" hai0="23,26,89,90,91,93,96,100,125,127" /><INIT seed="6,4,0,1,3,81" ten="77,485,277,161" oya="2" hai0="31,30,134,128,85,84,11,16,62,61,125,52,89" hai1="41,4,13,39,7,6,118,77,79,33,3,67,78" hai2="94,115,35,114,2,82,107,56,70,99,29,112,113" hai3="8,60,104,71,50,93,1,37,130,131,54,123,40"/><V129/><F70/><W43/><G104/><T122/><D128/><N who="3" m="49193" /><G123/><T96/><D125/><U64/><E3/><V66/><F129/><W135/><G135/><T109/><D109/><U15/><E33/><V103/><F2/><W18/><G37/><T74/><D74/><U100/><E100/><V38/><F38/><W9/><G93/><N who="0" m="56367" /><D134/><U91/><E118/><V132/><F132/><W119/><G119/><T120/><D120/><U90/><E41/><N who="3" m="15946" /><G1/><T101/><D101/><U45/><E45/><V28/><F115/><W5/><G5/><T98/><D98/><U126/><E39/><V55/><F66/><N who="1" m="25129" /><E126/><V105/><F105/><W23/><G60/><N who="0" m="23147" /><D52/><U83/><E83/><V22/><F107/><W36/><G36/><T17/><D122/><U127/><E127/><V48/><F35/><W32/><G32/><T75/><D75/><U86/><E91/><V65/><F65/><W106/><G106/><T24/><D24/><U47/><E47/><V34/><F34/><W63/><G63/><T44/><D44/><U121/><E121/><V59/><F59/><N who="3" m="33239" /><G71/><T10/><D31/><U58/><E58/><V46/><F56/><W12/><AGARI ba="4,0" hai="8,9,12,18,23" m="33239,15946,49193" machi="12" ten="30,1100,0" yaku="19,1" doraHai="81" who="3" fromWho="3" sc="77,-7,485,-7,277,-9,161,23" /><INIT seed="7,0,0,1,3,87" ten="70,478,268,184" oya="3" hai0="77,59,86,67,38,72,45,46,80,32,40,97,16" hai1="120,57,98,78,29,1,85,101,36,130,20,2,42" hai2="8,134,68,127,90,117,33,43,56,51,124,6,50" hai3="3,18,23,11,4,61,106,122,126,66,24,79,35"/><W107/><G122/><T96/><D32/><U9/><E42/><V93/><F117/><W95/><G126/><N who="2" m="48169" /><F68/><W14/><G79/><T48/><D72/><U88/><E36/><V91/><F33/><W119/><G119/><T81/><D81/><U7/><E57/><V132/><F43/><W94/><G94/><T116/><D116/><U84/><E101/><V133/><F56/><W100/><G100/><T17/><D38/><U73/><E85/><N who="2" m="52431" /><F91/><W37/><G95/><T5/><D5/><U129/><E20/><V110/><F110/><W53/><G53/><T112/><D45/><U22/><E29/><V128/><F128/><W74/><G74/><T135/><D135/><U114/><E7/><V104/><F104/><W41/><G41/><T71/><D71/><U60/><E2/><AGARI ba="0,0" hai="2,6,8,50,51,132,133,134" m="52431,48169" machi="2" ten="40,5200,0" yaku="20,1,18,1,52,1" doraHai="87" who="2" fromWho="1" sc="70,0,478,-52,268,52,184,0" owari="70,-43.0,426,53.0,320,12.0,184,-22.0" /></mjloggm>