<mjloggm ver="2.3"><GO type="169" lobby="0"/><UN n0="%E3%81%99%E3%81%BF%E3%82%84%E3%81%AB" n1="%E3%81%8D%E3%82%83%E3%81%97%E3%82%83%E3%83%BC%E3%81%AE%EF%BC%81" n2="%E3%81%92%E3%82%8A%E3%81%92%E3%82%8A%E2%98%86%E3%82%B2%E3%83%AA%E3%83%BC" n3="%E3%82%A6%E3%83%AB%E3%83%88%E3%83%A9%E7%AB%8B%E7%9B%B4" dan="17,16,16,17" rate="2193.74,2077.71,2052.72,2193.43" sx="M,M,M,M"/><TAIKYOKU oya="0"/><INIT seed="0,0,0,3,4,75" ten="250,250,250,250" oya="0" hai0="47,76,94,35,49,99,104,108,96,112,8,31,59" hai1="66,14,65,86,82,37,129,135,84,121,134,38,130" hai2="30,90,131,48,36,55,95,117,56,68,98,1,88" hai3="105,20,132,85,45,111,43,71,89,78,58,46,26"/><T91/><D112/><U22/><E121/><V83/><F68/><W63/><G105/><T102/><D108/><U67/><E14/><V93/><F36/><N who="1" m="13929" /><E22/><V42/><F1/><W123/><G71/><T73/><D59/><U133/><E82/><V114/><F114/><W64/><G111/><T97/><D97/><U3/><E3/><V2/><F2/><W79/><G123/><T57/><D57/><U29/><E29/><V60/><F131/><AGARI ba="0,0" hai="65,66,67,84,86,129,130,131,133,134,135" m="13929" machi="131" ten="40,8000,1" yaku="28,2,19,1,20,1" doraHai="75" who="1" fromWho="2" sc="250,0,250,80,250,-80,250,0" /><INIT seed="1,0,0,3,4,39" ten="250,330,170,250" oya="1" hai0="2,129,104,27,108,58,88,99,43,49,86,65,24" hai1="98,20,131,125,130,112,75,36,118,50,119,22,13" hai2="128,12,62,1,132,52,95,34,14,109,30,10,3" hai3="111,87,54,28,48,135,51,5,37,18,103,71,91"/><U0/><E0/><V97/><F109/><W4/><G37/><T41/><D2/><U42/><E36/><V92/><F132/><W29/><G71/><T115/><D115/><U122/><E122/><V33/><F128/><N who="1" m="49193" /><E112/><V63/><F30/><W126/><G135/><T89/><D129/><U21/><E75/><V134/><F134/><W59/><G111/><T90/><D108/><U64/><E64/><V31/><F31/><W96/><G126/><T53/><D65/><U100/><E125/><V72/><F72/><W61/><G29/><T77/><D104/><N who="1" m="63511" /><E13/><V19/><F14/><W46/><G28/><T32/><D99/><U81/><E81/><V11/><F1/><W78/><G96/><T35/><D35/><U73/><E73/><V121/><F3/><W67/><G103/><T26/><D32/><U113/><E113/><V56/><F33/><W94/><G78/><T93/><D93/><U9/><E9/><V68/><F34/><W102/><G102/><T84/><D86/><U107/><E107/><V120/><F121/><W57/><REACH who="3" step="1"/><G18/><REACH who="3" ten="250,330,170,240" step="2"/><T6/><D6/><U44/><AGARI ba="0,1" hai="20,21,22,42,44,50,118,119" m="63511,49193" machi="44" ten="40,3900,0" yaku="19,1,52,1" doraHai="39" who="1" fromWho="1" sc="250,-13,330,49,170,-13,240,-13" /><INIT seed="1,1,0,4,4,135" ten="237,379,157,227" oya="1" hai0="130,117,23,125,50,99,5,119,131,62,69,100,115" hai1="41,108,91,106,66,114,29,43,81,126,111,35,31" hai2="97,54,42,13,95,60,49,98,109,7,84,71,12" hai3="3,8,22,51,82,68,78,133,123,92,32,124,128"/><U1/><E114/><V88/><F109/><N who="1" m="42057" /><E106/><V44/><F13/><W6/><G68/><T73/><D73/><U104/><E104/><V79/><F79/><W39/><G32/><T47/><D5/><U14/><E1/><V58/><REACH who="2" step="1"/><F71/><REACH who="2" ten="237,379,147,227" step="2"/><W113/><G78/><T102/><D69/><U4/><E14/><V74/><F74/><W19/><G3/><T94/><D115/><U72/><E72/><V46/><F46/><W77/><G113/><T37/><D47/><U75/><E75/><V83/><F83/><W57/><G77/><T120/><D119/><U101/><E81/><V34/><F34/><W56/><G82/><T129/><D117/><U45/><E35/><V65/><F65/><W52/><G123/><T80/><D120/><U105/><E66/><V17/><F17/><W122/><G19/><T76/><D80/><U25/><E45/><V48/><F48/><W85/><G51/><T87/><D50/><U63/><E4/><V28/><F28/><W40/><G6/><T11/><D76/><U107/><E31/><V112/><F112/><W89/><G122/><T86/><D131/><U15/><E15/><V67/><F67/><W103/><G128/><T21/><D130/><U27/><E29/><V64/><F64/><W30/><G30/><T127/><D129/><U26/><E26/><V70/><F70/><W53/><G39/><T2/><D37/><U10/><E27/><V38/><F38/><W118/><G118/><T61/><D2/><U96/><E25/><V110/><F110/><W134/><G134/><T55/><D62/><U33/><E63/><RYUUKYOKU ba="1,1" sc="237,-10,379,-10,147,30,227,-10" hai2="7,12,42,44,49,54,58,60,84,88,95,97,98" /><INIT seed="2,2,1,3,1,107" ten="227,369,177,217" oya="2" hai0="79,128,84,45,88,121,14,69,78,30,113,131,26" hai1="90,66,8,61,34,60,94,87,38,95,81,110,56" hai2="12,19,9,53,18,33,47,134,89,85,106,123,24" hai3="44,75,114,37,13,5,6,124,104,116,54,133,46"/><V129/><F123/><W17/><G104/><T52/><D69/><U132/><E110/><V1/><F106/><W16/><G116/><T36/><D14/><U91/><E132/><V135/><F129/><N who="0" m="49738" /><D113/><U7/><E38/><V40/><F53/><W111/><G133/><N who="2" m="50697" /><F1/><W71/><G71/><T49/><D36/><U22/><E34/><V59/><F59/><W97/><G111/><T101/><D101/><U122/><E122/><V62/><F62/><W125/><G54/><T21/><D121/><U76/><E22/><N who="2" m="13407" /><F33/><W93/><G13/><T0/><D0/><U102/><E61/><V83/><F47/><W31/><G46/><T74/><D74/><U127/><E127/><V82/><F40/><W109/><G44/><T115/><D115/><U72/><E102/><V120/><F120/><W35/><G114/><T70/><D70/><U27/><E27/><V11/><F11/><W77/><G124/><T4/><D4/><U41/><E41/><V25/><F25/><W51/><G5/><T80/><AGARI ba="2,1" hai="21,26,30,45,49,52,78,79,80,84,88" m="49738" machi="80" ten="30,4000,0" yaku="19,1,54,2" doraHai="107" who="0" fromWho="0" sc="227,56,369,-12,177,-22,217,-12" /><INIT seed="3,0,0,2,1,25" ten="283,357,155,205" oya="3" hai0="97,53,39,110,103,124,93,94,32,122,107,36,73" hai1="62,38,108,14,0,57,130,17,13,41,116,98,66" hai2="91,120,58,125,64,76,43,135,74,102,7,3,87" hai3="52,115,89,104,99,112,48,16,55,92,68,105,134"/><W23/><G68/><T24/><D73/><U106/><E0/><V83/><F125/><W77/><G134/><T33/><D122/><U95/><E108/><V29/><F120/><W30/><G77/><T20/><D110/><U111/><E111/><V69/><F69/><W56/><G30/><T49/><D39/><U9/><E106/><V28/><F43/><W114/><REACH who="3" step="1"/><G55/><REACH who="3" ten="283,357,155,195" step="2"/><T1/><D53/><U101/><E116/><V72/><F135/><W59/><G59/><T60/><D124/><U121/><E121/><V2/><F74/><W47/><G47/><T10/><D33/><U22/><E130/><V35/><F29/><W42/><G42/><T75/><D32/><U86/><E41/><V80/><F72/><W19/><G19/><T15/><D75/><U11/><E38/><V71/><F76/><W132/><G132/><T84/><D36/><U61/><E61/><V127/><F71/><W45/><G45/><T126/><D60/><U63/><E63/><V6/><F28/><W113/><N who="3" m="28672" /><DORA hai="119" /><W46/><G46/><T40/><D126/><U26/><E62/><V70/><F70/><W34/><G34/><T8/><D40/><U96/><E57/><V4/><F35/><W85/><G85/><T79/><D84/><U78/><E86/><V27/><F127/><W131/><G131/><T51/><D79/><U100/><E78/><V133/><F133/><W88/><G88/><T109/><D109/><U44/><E44/><V123/><F58/><W117/><G117/><T12/><D51/><U128/><E128/><V65/><F87/><W54/><G54/><RYUUKYOKU ba="0,1" sc="283,-10,357,-10,155,-10,195,30" hai3="16,23,48,52,56,89,92,99,104,105" /><INIT seed="3,1,1,4,1,31" ten="273,347,145,225" oya="3" hai0="48,40,80,20,69,92,111,7,79,23,108,130,97" hai1="2,39,93,14,109,46,103,42,29,102,124,18,13" hai2="91,25,117,85,50,101,121,44,9,90,33,4,72" hai3="36,120,122,84,71,27,52,1,123,73,125,51,110"/><W82/><G73/><T98/><D69/><U5/><E109/><N who="0" m="42057" /><D7/><U99/><E124/><V107/><F117/><W132/><G110/><T70/><D70/><U22/><E29/><V96/><F72/><W15/><G1/><T94/><D94/><U113/><E113/><V64/><F64/><W10/><G125/><T28/><D130/><U74/><E74/><V57/><F57/><W45/><G71/><T131/><D28/><U47/><E47/><V35/><F25/><W62/><G132/><T100/><D98/><U38/><E38/><V76/><F76/><W55/><G27/><T0/><D0/><U26/><REACH who="1" step="1"/><E103/><REACH who="1" ten="273,337,145,225" step="2"/><V75/><F75/><W135/><G36/><T89/><D100/><U63/><E63/><V106/><F106/><W17/><G135/><T21/><D131/><U3/><E3/><V56/><F121/><W133/><G133/><T116/><D116/><U114/><E114/><V49/><F49/><W30/><G30/><T88/><D48/><U58/><E58/><V12/><F56/><W95/><G62/><T128/><D128/><U129/><E129/><V8/><F50/><W32/><G32/><T11/><D40/><U67/><E67/><V65/><F44/><W61/><G61/><T112/><D112/><U34/><E34/><V83/><F65/><W77/><G55/><T60/><D60/><U68/><E68/><V54/><F33/><W86/><G123/><T37/><D37/><U127/><E127/><V87/><F35/><W24/><G24/><T81/><D89/><U43/><E43/><V118/><F118/><W134/><G134/><RYUUKYOKU ba="1,2" sc="273,-15,337,15,145,-15,225,15" hai1="2,5,13,14,18,22,26,39,42,46,93,99,102" hai3="10,15,17,45,51,52,77,82,84,86,95,120,122" /><INIT seed="3,2,2,0,2,98" ten="258,352,130,240" oya="3" hai0="4,2,112,122,96,35,7,17,91,6,87,70,102" hai1="103,82,119,73,66,127,64,38,71,75,117,124,67" hai2="13,11,51,27,5,63,9,109,30,118,89,120,116" hai3="49,23,14,88,21,92,110,53,12,16,57,129,90"/><W133/><G133/><T25/><D70/><U55/><E71/><V104/><F63/><W33/><G33/><T37/><D37/><U62/><E38/><V114/><F104/><W46/><G129/><T10/><D122/><U56/><E103/><V48/><F114/><W1/><G1/><T47/><D47/><U36/><E36/><V76/><F76/><W15/><G110/><T108/><D108/><U60/><E82/><V125/><F109/><W28/><G90/><T69/><D69/><N who="1" m="42119" /><E75/><V128/><F128/><W106/><G106/><T44/><D44/><U65/><E73/><V132/><F132/><W97/><G46/><T45/><D45/><U72/><E72/><V8/><F120/><W54/><G54/><T95/><D112/><U78/><E78/><V40/><F89/><W59/><G59/><T61/><D61/><U130/><E130/><V85/><F85/><W77/><G77/><T20/><REACH who="0" step="1"/><D35/><REACH who="0" ten="248,352,130,240" step="2"/><U99/><E99/><V134/><F134/><W43/><G43/><T22/><D22/><U79/><E79/><V131/><F40/><W81/><G81/><AGARI ba="2,3" hai="2,4,6,7,10,17,20,25,81,87,91,95,96,102" machi="81" ten="30,3900,0" yaku="1,1,7,1,52,1,53,0" doraHai="98" doraHaiUra="121" who="0" fromWho="3" sc="248,75,352,0,130,0,240,-45" /><INIT seed="4,0,0,2,2,123" ten="323,352,130,195" oya="0" hai0="23,15,115,25,22,94,44,32,55,92,116,58,103" hai1="134,12,114,78,27,33,24,8,133,16,125,110,91" hai2="93,122,75,106,135,131,99,1,120,39,41,101,46" hai3="19,26,0,68,76,54,121,51,59,108,49,70,13"/><T87/><D115/><U4/><E78/><V112/><F112/><W57/><G0/><T124/><D116/><U28/><E91/><V109/><F109/><W47/><G26/><T111/><D124/><U56/><E56/><N who="3" m="21578" /><G76/><T3/><D3/><U36/><E36/><V18/><F18/><W14/><G19/><N who="0" m="10623" /><D32/><U42/><E42/><V89/><F135/><N who="1" m="51721" /><E114/><V11/><F131/><W21/><G21/><T72/><D72/><U50/><E50/><V83/><F1/><W43/><G14/><T45/><D111/><U85/><E85/><N who="2" m="52399" /><F11/><W61/><G13/><T63/><D103/><U30/><E110/><V29/><F29/><W126/><G108/><T62/><D62/><U105/><E105/><V48/><F48/><N who="3" m="18507" /><G126/><T107/><D107/><U7/><E125/><V130/><F130/><W53/><G121/><T95/><D87/><U80/><E80/><V82/><F82/><W117/><G117/><T10/><D10/><U60/><E60/><V100/><F100/><W2/><G2/><T9/><D9/><U20/><AGARI ba="0,0" hai="4,7,8,12,16,20,24,27,28,30,33" m="51721" machi="20" ten="30,7900,0" yaku="20,1,34,2,54,1" doraHai="123" who="1" fromWho="1" sc="323,-39,352,79,130,-20,195,-20" /><INIT seed="5,0,0,5,5,41" ten="284,431,110,175" oya="1" hai0="35,92,48,13,61,25,36,133,130,59,31,44,79" hai1="113,91,10,70,131,49,82,23,19,87,67,93,104" hai2="75,20,117,29,65,12,135,9,16,127,38,81,108" hai3="69,105,42,124,119,95,53,26,62,121,2,96,54"/><U110/><E104/><V52/><F117/><W5/><G105/><T132/><D36/><U97/><E113/><V94/><F108/><W1/><G121/><T89/><D79/><U78/><E110/><V8/><F38/><W7/><G42/><T39/><D39/><U17/><E131/><V0/><F135/><W120/><G120/><T22/><D13/><U71/><E67/><V28/><F65/><W72/><G72/><T64/><D35/><U99/><E10/><N who="2" m="4203" /><F0/><W55/><G26/><T125/><D125/><U58/><E97/><V86/><F75/><W63/><G69/><T123/><D123/><U88/><E91/><N who="2" m="51663" /><F127/><W90/><G124/><T50/><D130/><U57/><E19/><V3/><F3/><W73/><G73/><T66/><D66/><U60/><E60/><V106/><F106/><W30/><G119/><T24/><D50/><U45/><E71/><V128/><F128/><W15/><G2/><T85/><REACH who="0" step="1"/><D25/><REACH who="0" ten="274,431,110,175" step="2"/><N who="1" m="14575" /><E70/><V80/><F80/><W115/><G1/><T40/><AGARI ba="0,1" hai="22,24,31,40,44,48,59,61,64,85,89,92,132,133" machi="40" ten="30,4000,0" yaku="1,1,0,1,52,1,53,0" doraHai="41" doraHaiUra="126" who="0" fromWho="0" sc="274,50,431,-20,110,-10,175,-10" /><INIT seed="6,0,0,5,2,90" ten="324,411,100,165" oya="2" hai0="19,123,26,50,106,116,14,6,79,15,77,75,82" hai1="126,118,78,40,33,58,91,111,98,36,95,49,9" hai2="132,109,74,119,52,29,8,7,68,62,5,11,38" hai3="128,0,12,115,105,4,92,85,83,87,133,64,107"/><V108/><F119/><W51/><G0/><T32/><D106/><U100/><E33/><V42/><F74/><W63/><G128/><T2/><D79/><U56/><E36/><V120/><F120/><W55/><G133/><T112/><D112/><U18/><E111/><N who="2" m="42571" /><F132/><W81/><G115/><T121/><D116/><U76/><E126/><V53/><F29/><W30/><G30/><N who="0" m="19543" /><D15/><N who="1" m="7535" /><E118/><V67/><F42/><W54/><G64/><T37/><D50/><U99/><E99/><V57/><F38/><W34/><G34/><T31/><D37/><U135/><E135/><V101/><F101/><W25/><G25/><T88/><D88/><U97/><E97/><V28/><F28/><W113/><G113/><T104/><D104/><U124/><E100/><V71/><F71/><W80/><G107/><T24/><D24/><U96/><E96/><V17/><F17/><W1/><G105/><T3/><D31/><U65/><E124/><V86/><F86/><W47/><G85/><T134/><D134/><U130/><E130/><V127/><F127/><W21/><G87/><T27/><D27/><U89/><E89/><V117/><F117/><W16/><G1/><T10/><D3/><U20/><E40/><V13/><F68/><W41/><G4/><T102/><D102/><U110/><E110/><V114/><F114/><W45/><G41/><T125/><D125/><U73/><E73/><V35/><F35/><W43/><G43/><T39/><D39/><U44/><E98/><V72/><F72/><W131/><G131/><T129/><D129/><U66/><E91/><V94/><F94/><RYUUKYOKU ba="0,0" sc="324,15,411,-15,100,15,165,-15" hai0="2,6,10,14,19,75,77,82,121,123" hai2="5,7,8,11,13,52,53,57,62,67" /><INIT seed="6,1,0,5,5,8" ten="339,396,115,150" oya="2" hai0="88,37,54,62,123,120,75,5,27,15,116,53,103" hai1="41,112,16,73,6,93,107,133,17,69,105,18,24" hai2="126,13,135,23,32,33,68,125,124,100,0,122,101" hai3="127,57,4,30,113,34,118,65,87,56,132,89,12"/><V74/><F122/><W26/><G118/><T82/><D37/><U109/><E73/><V31/><F0/><W11/><G127/><T20/><D103/><N who="2" m="39498" /><F135/><W25/><G132/><T78/><D116/><U99/><E69/><V38/><F38/><W49/><G113/><T79/><D75/><U77/><E109/><V111/><F111/><W63/><G25/><T85/><D123/><U19/><E133/><V36/><F36/><W35/><G49/><T2/><D2/><U9/><E112/><V58/><F68/><W115/><G115/><T39/><D39/><U60/><E77/><N who="0" m="29193" /><D62/><U129/><E129/><V51/><F74/><W86/><G86/><T59/><D59/><U72/><E72/><V90/><F90/><W47/><G47/><T83/><D83/><U94/><E41/><V67/><F31/><W104/><G104/><T52/><D120/><U70/><E105/><V91/><F91/><W117/><G117/><T43/><D43/><U97/><E70/><V21/><F21/><W108/><G108/><T80/><D80/><U46/><E46/><V96/><F96/><W29/><G29/><N who="0" m="17639" /><D54/><U92/><E107/><V95/><F95/><W10/><G35/><T50/><D50/><U7/><E60/><N who="2" m="38295" /><F51/><W28/><G28/><T128/><D128/><U3/><E97/><V42/><F42/><W130/><G130/><T40/><D40/><U22/><E99/><V55/><F55/><W45/><G45/><T44/><D44/><U14/><E3/><V48/><F48/><W110/><G110/><T98/><D98/><U114/><E114/><V131/><F131/><RYUUKYOKU ba="1,0" sc="339,10,396,10,115,10,150,-30" hai0="5,15,52,53,82,85,88" hai1="6,7,9,14,16,17,18,19,22,24,92,93,94" hai2="13,23,32,33,124,125,126" /><INIT seed="6,2,0,4,5,48" ten="349,406,125,120" oya="2" hai0="1,0,10,113,44,134,80,126,37,70,61,36,119" hai1="85,90,40,32,99,31,3,123,71,98,28,81,65" hai2="15,116,89,24,73,127,5,22,84,95,7,91,26" hai3="18,88,76,132,124,21,106,60,64,120,33,51,42"/><V97/><F116/><W79/><G33/><T104/><D80/><U94/><E123/><V58/><F73/><W128/><G106/><T20/><D20/><U69/><E3/><V19/><F127/><W12/><G120/><T125/><D104/><U100/><E40/><V117/><F58/><W17/><G124/><T16/><D16/><U92/><E65/><V45/><F45/><W82/><G128/><T102/><D102/><U87/><E87/><V107/><F107/><W66/><G132/><T74/><D74/><U131/><E131/><V29/><F117/><W39/><G39/><N who="0" m="14923" /><D44/><U54/><E54/><V23/><REACH who="2" step="1"/><F15/><REACH who="2" ten="349,406,115,120" step="2"/><W6/><G12/><T112/><D119/><U68/><REACH who="1" step="1"/><E32/><REACH who="1" ten="349,396,115,120" step="2"/><V62/><F62/><W129/><G60/><T41/><D126/><U49/><E49/><V108/><F108/><W101/><G51/><T115/><D125/><U77/><AGARI ba="2,2" hai="28,31,68,69,71,77,81,85,90,92,94,98,99,100" machi="77" ten="30,2000,0" yaku="1,1,0,1,53,0" doraHai="48" doraHaiUra="46" who="1" fromWho="1" sc="349,-7,396,46,115,-12,120,-7" /><INIT seed="7,0,0,0,1,125" ten="342,442,103,113" oya="3" hai0="36,91,132,107,56,115,89,21,88,57,68,30,73" hai1="5,97,26,54,35,94,39,98,110,103,106,79,131" hai2="59,19,116,64,51,65,29,70,15,93,24,60,121" hai3="58,61,123,92,90,72,128,118,62,55,17,4,82"/><W117/><G128/><T32/><D68/><U27/><E131/><V99/><F116/><W10/><G123/><T2/><D107/><U20/><E39/><V23/><F121/><W46/><G17/><T74/><D36/><U41/><E41/><V75/><F75/><W0/><G62/><T34/><D2/><U50/><E110/><V76/><F76/><W108/><G108/><T3/><D3/><U9/><E79/><V13/><F51/><W129/><G129/><T127/><D127/><U87/><E87/><V78/><F78/><W45/><G72/><T48/><D48/><U28/><E50/><V133/><F133/><W102/><G102/><T86/><D86/><U81/><E81/><V49/><F49/><W52/><G82/><T40/><D40/><U22/><E54/><N who="2" m="33911" /><F70/><W66/><G66/><N who="2" m="25705" /><F29/><W83/><G55/><T130/><D132/><U100/><E27/><V11/><F11/><W135/><G135/><T43/><D43/><U134/><E134/><V114/><F114/><W84/><REACH who="3" step="1"/><G83/><REACH who="3" ten="342,442,103,103" step="2"/><T14/><D130/><U120/><E120/><V42/><F42/><W122/><G122/><T12/><D74/><U8/><E8/><V113/><F113/><W7/><G7/><T38/><D73/><U18/><E18/><V63/><F63/><W16/><G16/><T104/><D38/><U69/><E69/><V1/><F1/><AGARI ba="0,1" hai="1,5,9,20,22,26,28,35,94,97,98,100,103,106" machi="1" ten="30,1000,0" yaku="7,1" doraHai="125" who="1" fromWho="2" sc="342,0,442,20,103,-10,103,0" owari="342,14.0,462,57.0,93,-41.0,103,-30.0" /></mjloggm>