<mjloggm ver="2.3"><GO type="169" lobby="0"/><UN n0="%E3%82%A6%E3%83%AB%E3%83%88%E3%83%A9%E7%AB%8B%E7%9B%B4" n1="%E3%83%81%E3%83%81%E3%82%AB%E3%82%AB%E6%B9%96" n2="%E3%83%95%E3%83%AC%E3%83%BC%E3%82%BA%E3%83%8E" n3="%E9%BA%BB%E7%94%9F%E9%9B%80%E5%AD%90" dan="17,16,16,17" rate="2129.77,2058.96,2118.18,2142.05" sx="M,M,M,F"/><TAIKYOKU oya="0"/><INIT seed="0,0,0,4,5,98" ten="250,250,250,250" oya="0" hai0="104,99,108,79,67,111,134,89,52,110,120,128,100" hai1="96,39,129,69,51,102,25,32,10,50,45,68,30" hai2="64,106,29,14,61,84,48,26,127,57,6,1,126" hai3="76,62,55,73,17,66,53,83,21,2,34,5,95"/><T27/><BYE who="1" /><D120/><U56/><E56/><V22/><F106/><W91/><G34/><T123/><D123/><UN n1="%E3%83%81%E3%83%81%E3%82%AB%E3%82%AB%E6%B9%96" /><U47/><E39/><V71/><F1/><W11/><G66/><T87/><D67/><U54/><E10/><N who="2" m="4439" /><F48/><W42/><G62/><T43/><D43/><U109/><E109/><V23/><F84/><W86/><REACH who="3" step="1"/><G42/><REACH who="3" ten="250,250,250,240" step="2"/><T85/><D128/><U28/><E129/><V59/><F71/><W0/><G0/><T133/><D27/><AGARI ba="0,1" hai="2,5,11,17,21,27,53,55,73,76,83,86,91,95" machi="27" ten="30,3900,0" yaku="1,1,7,1,53,1" doraHai="98" doraHaiUra="107" who="3" fromWho="0" sc="250,-39,250,0,250,0,240,49" /><INIT seed="1,0,0,3,0,39" ten="211,250,250,289" oya="1" hai0="56,122,29,83,63,8,85,86,75,1,96,68,107" hai1="111,118,53,126,57,30,18,104,2,54,125,9,70" hai2="32,0,33,60,103,89,90,50,117,43,62,94,115" hai3="58,119,87,44,27,134,109,38,20,114,46,21,66"/><U91/><E118/><V34/><F0/><W11/><G114/><T10/><D122/><U42/><E70/><V51/><F117/><W79/><G119/><T7/><D68/><U102/><E30/><V64/><F115/><W116/><G116/><T128/><D128/><U76/><E76/><V19/><F103/><W15/><G134/><T23/><D10/><U59/><E91/><V93/><F19/><W35/><G35/><T108/><D108/><U52/><E111/><V97/><F43/><W49/><G38/><T24/><D75/><U26/><E42/><V129/><F129/><W123/><G123/><T80/><D107/><U3/><E26/><V82/><F82/><N who="3" m="47583" /><G109/><T4/><D96/><N who="1" m="61511" /><E18/><V100/><F100/><W48/><G48/><T112/><D112/><U81/><E81/><V130/><F130/><W127/><G127/><N who="1" m="48650" /><E2/><V77/><F77/><W5/><G27/><T13/><D83/><U113/><E113/><V131/><F131/><W74/><G74/><T28/><D28/><U25/><E25/><V84/><REACH who="2" step="1"/><F62/><REACH who="2" ten="211,250,240,289" step="2"/><N who="3" m="38231" /><G49/><T41/><D1/><U37/><E37/><V106/><F106/><W69/><G69/><AGARI ba="0,1" hai="32,33,34,50,51,60,64,69,84,89,90,93,94,97" machi="69" ten="40,1300,0" yaku="1,1,53,0" doraHai="39" doraHaiUra="73" who="2" fromWho="3" sc="211,0,250,0,240,23,289,-13" /><INIT seed="2,0,0,4,5,67" ten="211,250,263,276" oya="2" hai0="124,2,30,54,104,105,27,33,19,21,133,87,117" hai1="84,53,99,42,40,44,108,5,115,60,118,59,92" hai2="74,93,73,14,29,126,119,101,25,58,83,97,107" hai3="69,52,94,16,78,18,49,15,114,89,120,121,88"/><V56/><F119/><W77/><G114/><T17/><D117/><U123/><E118/><V129/><F129/><W11/><G69/><T23/><D124/><U9/><E115/><V38/><F38/><W13/><G120/><T127/><D127/><U111/><E84/><V7/><F126/><W86/><G121/><T65/><D133/><U51/><E42/><V135/><F135/><W75/><G75/><T64/><D2/><U61/><E61/><V28/><F28/><W32/><G89/><T39/><D39/><U91/><REACH who="1" step="1"/><E123/><REACH who="1" ten="211,240,263,276" step="2"/><V57/><F74/><W8/><G32/><T131/><D87/><U37/><E37/><V68/><F73/><W4/><REACH who="3" step="1"/><G4/><REACH who="3" ten="211,240,263,266" step="2"/><T66/><D33/><U110/><E110/><V41/><F7/><W3/><G3/><AGARI ba="0,2" hai="3,5,9,40,44,51,53,59,60,91,92,99,108,111" machi="3" ten="40,1300,0" yaku="1,1,53,0" doraHai="67" doraHaiUra="81" who="1" fromWho="3" sc="211,0,240,33,263,0,266,-13" /><INIT seed="3,0,0,0,4,111" ten="211,273,263,253" oya="3" hai0="57,119,76,93,56,44,22,62,68,94,19,135,24" hai1="77,99,2,27,11,53,120,58,12,6,31,41,43" hai2="117,45,75,81,133,125,65,63,25,78,29,37,72" hai3="51,118,131,1,100,23,61,48,123,108,130,67,64"/><W14/><G1/><T59/><D119/><U86/><E120/><V52/><F117/><W92/><G118/><T69/><D135/><U5/><E99/><V21/><F133/><W15/><G123/><T89/><D76/><U8/><E77/><V17/><F125/><W113/><G108/><T66/><D69/><U34/><REACH who="1" step="1"/><E86/><REACH who="1" ten="211,263,263,253" step="2"/><V0/><F72/><W46/><G100/><T40/><REACH who="0" step="1"/><D89/><REACH who="0" ten="201,263,263,253" step="2"/><U54/><E54/><V73/><F52/><W60/><G130/><T79/><D79/><U50/><AGARI ba="0,2" hai="2,5,6,8,11,12,27,31,34,41,43,50,53,58" machi="50" ten="20,2700,0" yaku="1,1,0,1,7,1,53,0" doraHai="111" doraHaiUra="74" who="1" fromWho="1" sc="201,-7,263,47,263,-7,253,-13" /><INIT seed="4,0,0,1,5,25" ten="194,310,256,240" oya="0" hai0="21,70,100,126,72,80,69,106,52,49,16,13,115" hai1="32,0,64,107,97,123,67,66,56,110,85,1,124" hai2="83,42,118,104,129,65,116,101,30,119,133,120,26" hai3="112,75,117,57,132,113,27,82,7,18,5,33,53"/><T20/><D126/><U44/><E32/><V114/><F120/><W58/><G117/><T37/><D37/><U93/><E123/><V34/><F114/><N who="3" m="44139" /><G132/><T108/><D115/><U94/><E107/><V111/><F111/><W9/><G57/><T2/><D2/><U46/><E56/><V125/><F125/><W12/><G75/><T76/><D108/><U128/><E128/><V47/><F133/><W54/><G82/><T36/><D36/><U71/><E71/><V95/><F129/><W3/><G58/><T86/><D86/><U121/><E85/><V92/><F65/><W63/><G63/><T48/><D21/><U130/><E66/><V17/><F17/><W105/><G105/><T15/><D15/><U68/><E0/><V96/><REACH who="2" step="1"/><F83/><REACH who="2" ten="194,310,246,240" step="2"/><W122/><G122/><T55/><D70/><U89/><E68/><V24/><F24/><W103/><G5/><T35/><D69/><U10/><E67/><V19/><F19/><W51/><G27/><T60/><D60/><U45/><E64/><V4/><F4/><W109/><G7/><T43/><D16/><U39/><E130/><V59/><F59/><W131/><G109/><T134/><D134/><U14/><E121/><V50/><AGARI ba="0,1" hai="26,30,34,42,47,50,92,95,96,101,104,116,118,119" machi="50" ten="30,8000,1" yaku="1,1,0,1,12,1,52,1,53,1" doraHai="25" doraHaiUra="102" who="2" fromWho="2" sc="194,-40,310,-20,246,90,240,-20" /><INIT seed="5,0,0,3,5,55" ten="154,290,336,220" oya="1" hai0="107,11,1,111,101,87,22,109,93,91,29,86,95" hai1="134,8,112,126,61,96,20,90,14,130,48,123,99" hai2="23,40,47,18,36,129,51,34,127,9,31,65,92" hai3="19,110,26,33,119,84,17,76,45,42,32,113,121"/><U21/><E123/><V12/><F129/><W10/><G121/><T74/><D11/><U66/><E130/><V2/><F127/><W128/><G110/><N who="0" m="41995" /><D22/><U103/><E126/><V85/><F65/><W16/><G128/><T46/><D29/><U100/><E90/><V35/><F36/><W24/><G113/><T67/><D1/><U133/><E48/><V125/><F125/><W102/><G102/><T57/><D46/><U80/><E80/><V122/><F122/><W78/><G119/><T56/><D67/><U132/><E112/><V43/><F85/><N who="0" m="32266" /><D74/><U118/><E118/><V70/><F70/><W79/><G84/><T54/><D54/><U97/><E20/><V63/><F63/><W77/><N who="3" m="19456" /><DORA hai="53" /><W58/><G10/><T94/><D91/><U3/><E21/><V135/><F2/><W71/><G71/><T120/><D120/><U98/><N who="1" m="25088" /><DORA hai="37" /><U50/><E50/><V83/><F51/><N who="3" m="27063" /><G33/><T60/><D60/><U108/><E3/><V38/><F34/><W104/><G32/><T117/><D117/><U13/><E108/><V52/><F35/><W5/><G5/><T59/><D101/><N who="1" m="38987" /><E8/><V114/><F9/><W73/><G73/><T115/><D115/><U75/><E75/><V69/><F114/><W39/><G39/><T28/><D28/><U68/><AGARI ba="0,0" hai="13,14,61,66,68,132,133,134" m="38987,25088" machi="68" ten="50,2400,0" yaku="20,1" doraHai="55,53,37" who="1" fromWho="1" sc="154,-8,290,24,336,-8,220,-8" /><INIT seed="5,1,0,2,4,29" ten="146,314,328,212" oya="1" hai0="77,131,33,74,69,62,13,61,106,2,94,9,120" hai1="22,58,109,68,72,88,70,123,7,53,48,4,82" hai2="93,124,28,52,92,57,105,6,111,24,21,38,98" hai3="104,3,5,79,100,127,76,65,117,121,47,16,75"/><U129/><E123/><V99/><F111/><W90/><G121/><T56/><D106/><U97/><E109/><V63/><F38/><W45/><G127/><T110/><D110/><U34/><E34/><V26/><F124/><W116/><G65/><T10/><D120/><U40/><E129/><V67/><F6/><W31/><G31/><T11/><D131/><U42/><E70/><V14/><F14/><W17/><G90/><T12/><D2/><U87/><E68/><V46/><F105/><W126/><G126/><T49/><D33/><U39/><E72/><V132/><F132/><W81/><G76/><T44/><D69/><U35/><E35/><V0/><F24/><W102/><G5/><N who="1" m="2122" /><E39/><V113/><F113/><W101/><G104/><T135/><D135/><U19/><E97/><N who="2" m="36875" /><F0/><W112/><G3/><T130/><D130/><U60/><E60/><V23/><F23/><W78/><G78/><T41/><D77/><U114/><E114/><V51/><AGARI ba="1,0" hai="21,26,28,46,51,52,57,63,67,92,93" m="36875" machi="51" ten="30,2000,0" yaku="8,1,54,1" doraHai="29" who="2" fromWho="2" sc="146,-6,314,-11,328,23,212,-6" /><INIT seed="6,0,0,4,3,58" ten="140,303,351,206" oya="2" hai0="100,126,101,107,53,23,7,22,38,75,128,41,65" hai1="96,98,11,17,20,24,115,86,40,57,19,94,26" hai2="102,14,64,70,122,30,118,104,120,51,12,134,9" hai3="132,110,119,105,21,87,124,33,93,108,76,114,49"/><V18/><F118/><W50/><G33/><T61/><D126/><U54/><E115/><V131/><F30/><W111/><G119/><T10/><D128/><U25/><E40/><V99/><F131/><W82/><G105/><T85/><D75/><U55/><E55/><V45/><F134/><W73/><G114/><T109/><D109/><U5/><E86/><V32/><F32/><W78/><G124/><T68/><D53/><U88/><E98/><V125/><F125/><W39/><G39/><T15/><D85/><U74/><E74/><V52/><F64/><W66/><G132/><T130/><D130/><U92/><E92/><V35/><F35/><W0/><G0/><T6/><D6/><U47/><E47/><V36/><F70/><W133/><G133/><T42/><D42/><U67/><E67/><V56/><F36/><W28/><G73/><T59/><D59/><U83/><E83/><V123/><F120/><W60/><G76/><T103/><REACH who="0" step="1"/><D107/><REACH who="0" ten="130,303,351,206" step="2"/><U95/><E95/><V43/><F43/><W135/><G135/><T71/><D71/><U106/><E106/><V13/><F122/><W112/><G112/><T44/><AGARI ba="0,1" hai="7,10,15,22,23,38,41,44,61,65,68,100,101,103" machi="44" ten="30,12000,2" yaku="1,1,0,1,52,1,53,3" doraHai="58" doraHaiUra="97" who="0" fromWho="0" sc="130,130,303,-30,351,-60,206,-30" /><INIT seed="7,0,0,3,1,98" ten="260,273,291,176" oya="3" hai0="0,59,85,23,70,81,69,52,112,62,84,60,97" hai1="93,127,111,120,82,79,12,57,63,55,58,47,107" hai2="13,3,94,134,49,19,95,33,22,124,43,35,20" hai3="40,42,129,38,122,37,32,34,115,29,131,68,14"/><W76/><G122/><T2/><D97/><U39/><E111/><V50/><F3/><W45/><G76/><T28/><D112/><U87/><E120/><V96/><F124/><W7/><G115/><T26/><D84/><U135/><E127/><V83/><F134/><W75/><G75/><T132/><D132/><U86/><E135/><V71/><F71/><W5/><G14/><T89/><D69/><U44/><E107/><V114/><F114/><W17/><G68/><T130/><D130/><N who="3" m="49673" /><G17/><T8/><D8/><U64/><E39/><N who="3" m="14858" /><G45/><T123/><D123/><U106/><E12/><V18/><F13/><W15/><G15/><T92/><D2/><U16/><E16/><V46/><F46/><W48/><G48/><N who="0" m="31111" /><D0/><U61/><REACH who="1" step="1"/><E106/><REACH who="1" ten="260,263,291,176" step="2"/><V103/><F19/><W56/><G29/><T126/><D126/><U110/><E110/><V24/><F18/><W102/><G56/><T72/><D70/><U51/><E51/><V41/><F49/><W113/><G113/><T77/><D72/><U121/><E121/><V109/><F50/><W78/><G78/><T116/><D116/><U30/><E30/><V54/><F109/><W90/><G90/><AGARI ba="0,1" hai="44,47,55,57,58,61,63,64,79,82,86,87,90,93" machi="90" ten="40,2600,0" yaku="1,1,8,1,53,0" doraHai="98" doraHaiUra="99" who="1" fromWho="3" sc="260,0,263,36,291,0,176,-26" /><INIT seed="8,0,0,3,1,50" ten="260,299,291,150" oya="0" hai0="105,3,77,94,8,29,4,100,89,132,128,90,30" hai1="24,71,38,26,114,58,51,0,85,62,59,22,60" hai2="53,86,11,19,43,80,122,93,103,36,33,42,134" hai3="123,48,95,69,106,47,16,135,17,120,2,112,1"/><T130/><D132/><U52/><E38/><V121/><F33/><W44/><G106/><T46/><D77/><U35/><E114/><V37/><F37/><W125/><G112/><T78/><D78/><U40/><E0/><N who="3" m="106" /><G69/><T28/><D46/><N who="3" m="17449" /><G135/><T68/><D68/><U118/><E40/><V98/><F121/><N who="3" m="46667" /><G125/><T119/><D119/><U113/><E118/><V9/><F134/><W73/><G73/><T7/><D105/><U102/><E113/><V96/><F36/><W18/><G48/><T101/><D7/><U67/><E102/><V56/><F98/><W39/><G39/><T74/><D74/><U34/><E85/><V23/><F43/><W21/><G95/><T13/><D3/><U81/><E81/><V117/><F42/><W72/><G72/><T66/><D94/><U110/><E110/><V14/><F117/><W12/><AGARI ba="0,0" hai="12,16,17,18,21" m="46667,17449,106" machi="12" ten="40,2700,0" yaku="13,1,54,1" doraHai="50" who="3" fromWho="3" sc="260,-13,299,-7,291,-7,150,27" /><INIT seed="9,0,0,2,3,1" ten="247,292,284,177" oya="1" hai0="72,24,98,67,95,131,53,10,20,38,78,55,15" hai1="126,18,25,82,99,90,8,64,101,62,129,60,44" hai2="77,35,28,27,23,9,7,134,12,135,103,76,130" hai3="123,48,109,128,86,80,104,26,117,54,88,91,37"/><U19/><E126/><V105/><F130/><W39/><G109/><T93/><D38/><U97/><E129/><V13/><F105/><W132/><G128/><T121/><D72/><U40/><E8/><V70/><F70/><W2/><G123/><T42/><D42/><U108/><E108/><V73/><F103/><W107/><G2/><T96/><D78/><U85/><E25/><V79/><F73/><W14/><G132/><N who="2" m="50729" /><F13/><W114/><G114/><T33/><D67/><U106/><E97/><V43/><F43/><W116/><G26/><T94/><D33/><AGARI ba="0,0" hai="7,9,12,23,27,28,33,35,76,77,79" m="50729" machi="33" ten="30,2000,0" yaku="20,1,52,1" doraHai="1" who="2" fromWho="0" sc="247,-20,292,0,284,20,177,0" owari="227,-17.0,292,9.0,304,40.0,177,-32.0" /></mjloggm>