<mjloggm ver="2.3"><GO type="97" lobby="0"/><UN n0="%4A%48%4E" n1="%33%E3%82%B3%E3%83%AD" n2="%E3%81%AE%E3%81%82%E3%83%9E%E3%82%B9%E3%82%BF%E3%83%BC" n3="%E3%83%88%E3%83%88%E3%83%AA%E5%85%88%E7%94%9F%31%39%E6%AD%B3" dan="14,14,15,15" rate="1910.84,1944.30,2012.68,2035.62" sx="M,M,M,F"/><TAIKYOKU oya="0"/><INIT seed="0,0,0,5,5,56" ten="250,250,250,250" oya="0" hai0="46,117,134,96,133,119,37,5,110,60,33,48,92" hai1="81,3,112,74,64,71,87,41,21,55,43,7,13" hai2="32,17,125,63,84,57,10,59,67,90,116,106,94" hai3="31,99,45,70,91,76,127,23,130,0,114,95,50"/><T6/><D33/><U79/><E79/><V19/><F116/><W97/><G114/><T40/><D37/><U14/><E14/><N who="2" m="7383" /><F125/><W131/><G0/><T109/><D117/><U72/><E72/><V18/><F32/><W107/><G127/><T25/><D25/><U26/><E112/><V58/><F106/><W61/><G76/><T22/><D22/><U28/><E74/><V93/><F93/><W135/><G135/><N who="0" m="51723" /><D119/><U128/><E3/><V52/><F59/><W2/><G2/><T65/><D96/><U108/><E71/><V123/><F123/><W85/><G23/><T51/><D51/><AGARI ba="0,0" hai="18,19,51,52,57,58,63,67,84,90,94" m="7383" machi="51" ten="30,3900,0" yaku="8,1,52,1,54,1" doraHai="56" who="2" fromWho="0" sc="250,-39,250,0,250,39,250,0" /><INIT seed="1,0,0,3,5,32" ten="211,250,289,250" oya="1" hai0="35,132,73,135,23,16,44,30,81,5,91,84,19" hai1="2,75,112,28,114,62,64,133,124,67,94,27,82" hai2="49,110,90,101,20,57,80,38,34,100,74,79,31" hai3="48,117,108,50,118,41,95,60,97,10,43,70,92"/><U29/><E2/><V37/><F110/><W39/><G108/><T83/><D35/><U130/><E124/><V71/><F71/><W88/><G70/><T21/><D5/><U11/><E130/><V109/><F109/><W123/><G123/><T8/><D8/><U58/><E133/><V131/><F131/><W54/><G60/><T13/><D30/><U93/><E11/><V72/><F72/><W12/><G39/><T59/><D59/><U26/><E75/><V24/><F38/><W65/><G65/><T77/><D44/><U89/><E82/><V96/><F37/><W68/><G68/><T86/><D73/><U116/><E116/><N who="3" m="44650" /><G95/><T134/><REACH who="0" step="1"/><D19/><REACH who="0" ten="201,250,289,250" step="2"/><U127/><E127/><V125/><F125/><W45/><G50/><T129/><D129/><U55/><E112/><V119/><F34/><W17/><AGARI ba="0,1" hai="10,12,17,41,43,45,48,54,88,92,97" m="44650" machi="17" ten="30,2000,0" yaku="12,1,54,1" doraHai="32" who="3" fromWho="3" sc="201,-5,250,-10,289,-5,250,30" /><INIT seed="2,0,0,5,3,59" ten="196,240,284,280" oya="2" hai0="37,87,98,58,61,29,54,126,49,34,52,135,51" hai1="72,42,121,47,9,17,53,15,127,106,109,95,38" hai2="0,13,8,79,3,7,133,14,2,35,99,16,82" hai3="73,113,78,6,131,5,76,101,115,65,111,105,41"/><V77/><F133/><W89/><G111/><T4/><D135/><U11/><E72/><V20/><F35/><W21/><G131/><T63/><D126/><U96/><E121/><V83/><F99/><N who="3" m="61631" /><G41/><T40/><D4/><N who="3" m="1641" /><G73/><T43/><D34/><U55/><E127/><V48/><REACH who="2" step="1"/><F48/><REACH who="2" ten="196,240,274,280" step="2"/><W129/><G129/><T100/><D29/><U116/><E116/><V124/><F124/><W18/><G113/><T90/><D37/><U44/><E109/><V97/><F97/><W50/><G50/><T69/><D69/><U110/><E110/><V45/><F45/><W27/><G115/><T39/><D39/><U70/><E47/><V81/><AGARI ba="0,1" hai="0,2,3,7,8,13,14,16,20,77,79,81,82,83" machi="81" ten="40,7800,0" yaku="1,1,0,1,54,1,53,0" doraHai="59" doraHaiUra="112" who="2" fromWho="2" sc="196,-26,240,-26,274,88,280,-26" /><INIT seed="2,1,0,3,4,95" ten="170,214,362,254" oya="2" hai0="39,119,74,71,10,102,98,85,116,109,54,128,125" hai1="48,42,89,25,7,64,69,77,19,72,115,103,24" hai2="97,56,47,8,114,61,26,51,110,6,38,107,126" hai3="120,76,75,86,112,40,67,60,66,16,22,57,133"/><V12/><F114/><W46/><G120/><T15/><D39/><U52/><E7/><V21/><F126/><W34/><G34/><T1/><D125/><U11/><E115/><V23/><F110/><W131/><G112/><T100/><D109/><U91/><E103/><V37/><F38/><W50/><G75/><T79/><D102/><U78/><E42/><V105/><F37/><W132/><G131/><T96/><D71/><U99/><E69/><V36/><F36/><W70/><G76/><T41/><D41/><U68/><E68/><V13/><F13/><W28/><G28/><T44/><D1/><U58/><E64/><V2/><F2/><W62/><REACH who="3" step="1"/><G86/><REACH who="3" ten="170,214,362,244" step="2"/><T94/><D128/><U104/><E72/><V32/><F32/><W18/><G18/><T53/><D74/><U118/><E118/><N who="0" m="45097" /><D79/><U63/><E78/><V111/><F111/><W129/><G129/><T130/><D130/><U88/><E77/><V113/><F113/><W4/><G4/><N who="0" m="3527" /><D85/><U117/><E117/><V93/><F6/><W121/><G121/><T73/><D73/><U27/><E19/><V106/><F23/><W135/><G135/><T127/><D127/><U84/><E11/><V80/><F21/><W134/><G134/><T30/><D30/><U123/><E123/><V29/><F8/><W14/><AGARI ba="1,1" hai="14,16,22,40,46,50,57,60,62,66,67,70,132,133" machi="14" ten="30,4000,0" yaku="1,1,0,1,54,1,53,0" doraHai="95" doraHaiUra="87" who="3" fromWho="3" sc="170,-11,214,-11,362,-21,244,53" /><INIT seed="3,0,0,0,2,20" ten="159,203,341,297" oya="3" hai0="109,70,8,35,91,73,28,89,123,92,0,32,16" hai1="93,54,41,101,78,52,57,56,87,22,39,100,115" hai2="74,69,5,135,112,110,124,59,36,79,17,96,6" hai3="64,50,37,44,126,129,53,117,12,26,113,58,27"/><W130/><G113/><T122/><D70/><U86/><E115/><V14/><F112/><W133/><G117/><T45/><D73/><U88/><E88/><V63/><F69/><W132/><G126/><T98/><D109/><U95/><E39/><V10/><F124/><W21/><G12/><T47/><D0/><U90/><E41/><V30/><F110/><W118/><G118/><T38/><D38/><U114/><E114/><V80/><F36/><W51/><G37/><T75/><D75/><U49/><E22/><V24/><F135/><N who="3" m="51787" /><G21/><T120/><D35/><U61/><E95/><V128/><F128/><N who="3" m="49259" /><G64/><T23/><D91/><U107/><E107/><V111/><F111/><W40/><AGARI ba="0,0" hai="26,27,40,44,50,51,53,58" m="49259,51787" machi="40" ten="30,11700,0" yaku="20,1,19,1,52,2" doraHai="20" who="3" fromWho="3" sc="159,-39,203,-39,341,-39,297,117" owari="120,-38.0,164,-24.0,302,10.0,414,52.0" /></mjloggm>