<mjloggm ver="2.3"><GO type="97" lobby="0"/><UN n0="%6E%61%69%74%6F%6B%65%6E" n1="%E2%98%86%E5%A4%A9%E2%98%85" n2="%E5%B0%B1%E6%B4%BB%E7%94%9F%40%E5%B7%9D%E6%9D%91%E8%BB%8D%E5%9B%A3" n3="%E3%81%BB%E3%82%8D%E3%82%8D" dan="13,13,15,14" rate="1899.55,1926.05,2042.18,1909.23" sx="M,M,M,M"/><TAIKYOKU oya="0"/><INIT seed="0,0,0,1,4,30" ten="250,250,250,250" oya="0" hai0="25,70,98,57,78,49,112,11,0,99,104,115,92" hai1="119,34,84,97,6,38,66,110,105,23,13,21,14" hai2="31,89,37,29,125,81,69,83,103,36,85,113,124" hai3="62,35,131,5,132,18,7,95,56,127,50,20,47"/><T24/><D70/><U101/><E119/><V51/><F69/><W39/><G39/><BYE who="3" /><N who="2" m="14921" /><F113/><W65/><G65/><T67/><D104/><U130/><E130/><V102/><F51/><W48/><G48/><T12/><D0/><U33/><E110/><V134/><F134/><W28/><G28/><N who="2" m="10825" /><F89/><W61/><G61/><UN n3="%E3%81%BB%E3%82%8D%E3%82%8D" /><T116/><D116/><U121/><E121/><V96/><F85/><W10/><G131/><T107/><D107/><U73/><E73/><V59/><F96/><W9/><G132/><T111/><D111/><U32/><E38/><V17/><F17/><W109/><G127/><N who="2" m="48713" /><F59/><W26/><G56/><T40/><D78/><U16/><E84/><V76/><F76/><W46/><G62/><T123/><D123/><U63/><E6/><V129/><F129/><W77/><G5/><T72/><D72/><U100/><E100/><AGARI ba="0,0" hai="81,83,100,102,103" m="48713,10825,14921" machi="100" ten="40,5200,0" yaku="28,2,18,1" doraHai="30" who="2" fromWho="1" sc="250,0,250,-52,250,52,250,0" /><INIT seed="1,0,0,2,4,84" ten="250,198,302,250" oya="1" hai0="99,107,16,42,74,82,94,130,66,69,34,52,88" hai1="29,103,61,77,120,33,51,73,58,112,26,124,128" hai2="127,114,41,19,91,98,38,106,10,21,133,72,45" hai3="68,31,54,105,117,122,11,100,8,15,90,85,57"/><U86/><E128/><V125/><F72/><W47/><G122/><T32/><D69/><U56/><E124/><N who="2" m="47691" /><F133/><W0/><G68/><T134/><D66/><U102/><E120/><V9/><F114/><W39/><G117/><T27/><D42/><U70/><E112/><V22/><F22/><W97/><G31/><T83/><D134/><U6/><E73/><V59/><F59/><W49/><G0/><T23/><D130/><U46/><E6/><V62/><F62/><W121/><G121/><T126/><D126/><U67/><E77/><V110/><F110/><W65/><G15/><T17/><D17/><U60/><E86/><V63/><F63/><W118/><G118/><T89/><D107/><U35/><E35/><V13/><F106/><W28/><G65/><T119/><D74/><U79/><E79/><V18/><F18/><W131/><G131/><T50/><D32/><U95/><E95/><AGARI ba="0,0" hai="9,10,13,19,21,38,41,45,91,95,98" m="47691" machi="95" ten="30,2000,0" yaku="18,1,52,1" doraHai="84" who="2" fromWho="1" sc="250,0,198,-20,302,20,250,0" /><INIT seed="2,0,0,2,3,84" ten="250,178,322,250" oya="2" hai0="103,89,15,7,61,75,13,37,77,31,113,44,27" hai1="87,23,57,68,102,70,127,121,64,104,100,128,53" hai2="30,51,18,132,56,39,112,78,108,105,88,6,48" hai3="123,93,26,91,79,130,115,126,54,1,24,22,0"/><V122/><F39/><W133/><G123/><T47/><D113/><U50/><E121/><V96/><F112/><W110/><G110/><T43/><D103/><U66/><E128/><V125/><F122/><W135/><G126/><T9/><D75/><U95/><E127/><V11/><F125/><W33/><G115/><T71/><D77/><U14/><E104/><V40/><F108/><W109/><G109/><T86/><D71/><U74/><E74/><V25/><F78/><W16/><G130/><T83/><D61/><U3/><E3/><V41/><F105/><W28/><G54/><T55/><D55/><U119/><E119/><V118/><F118/><W72/><G79/><T65/><D65/><N who="1" m="25195" /><E70/><V69/><F69/><W19/><G72/><T134/><D44/><U106/><E106/><V67/><F18/><W124/><G124/><T52/><D134/><N who="3" m="51209" /><G19/><T42/><D42/><U62/><E62/><N who="2" m="38343" /><F41/><W80/><G80/><T81/><D52/><N who="1" m="31895" /><E68/><V97/><F40/><W120/><G120/><T107/><D107/><U2/><E53/><V38/><F38/><W17/><G17/><T45/><D45/><U46/><E2/><V73/><F73/><W114/><G114/><T63/><D63/><U59/><E59/><V36/><F36/><W94/><G94/><T101/><D101/><U92/><E46/><V21/><F132/><W5/><G5/><T49/><D37/><U35/><E35/><V129/><F129/><W117/><G117/><T34/><REACH who="0" step="1"/><D15/><REACH who="0" ten="240,178,322,250" step="2"/><U20/><E14/><N who="2" m="5495" /><F48/><W85/><AGARI ba="0,1" hai="0,1,16,22,24,26,28,33,85,91,93" m="51209" machi="85" ten="30,4000,0" yaku="20,1,52,1,54,1" doraHai="84" who="3" fromWho="3" sc="240,-10,178,-10,322,-20,250,50" /><INIT seed="3,0,0,5,2,130" ten="230,168,302,300" oya="3" hai0="112,91,111,2,8,125,107,104,55,115,20,43,37" hai1="83,44,135,106,48,46,18,53,100,82,118,25,109" hai2="78,94,40,65,41,84,33,73,35,50,23,17,71" hai3="108,68,128,114,13,9,6,22,28,72,127,4,5"/><W58/><G68/><T92/><D37/><U63/><E109/><V70/><F73/><W96/><G72/><T123/><D123/><U24/><E118/><V45/><F40/><W81/><G108/><T57/><D111/><U110/><E110/><V69/><F65/><W76/><G127/><T85/><D125/><U120/><E120/><V113/><F113/><W80/><G114/><N who="0" m="43563" /><D43/><U116/><E116/><V36/><F36/><W21/><G128/><T27/><D8/><U61/><E135/><V105/><F105/><W119/><G119/><T90/><D90/><U19/><E106/><V49/><F49/><W14/><G96/><T1/><D1/><U62/><E100/><V10/><F10/><W59/><G9/><T39/><D39/><U38/><E38/><V93/><F93/><W30/><G5/><T56/><D56/><U98/><E98/><V3/><F3/><W133/><G133/><T88/><D91/><U51/><REACH who="1" step="1"/><E63/><REACH who="1" ten="230,158,302,300" step="2"/><V132/><F132/><W66/><G76/><T97/><D97/><U126/><E126/><V75/><F78/><W12/><G6/><T122/><D122/><U64/><E64/><V52/><F75/><W129/><G4/><T26/><D104/><U15/><E15/><V32/><F84/><W29/><G129/><T42/><D107/><U74/><E74/><V95/><F41/><W87/><G66/><T99/><D99/><U124/><E124/><V117/><F117/><W77/><G87/><T121/><D121/><U103/><E103/><V11/><F11/><W134/><G77/><T47/><D85/><U54/><AGARI ba="0,1" hai="18,19,24,25,44,46,48,51,53,54,61,62,82,83" machi="54" ten="25,12000,2" yaku="1,1,5,1,0,1,22,2,8,1,53,0" doraHai="130" doraHaiUra="16" who="1" fromWho="1" sc="230,-30,158,130,302,-30,300,-60" /><INIT seed="4,0,0,1,4,80" ten="200,288,272,240" oya="0" hai0="102,49,0,93,9,58,37,133,128,119,25,43,82" hai1="91,124,100,70,103,50,57,64,19,55,6,62,97" hai2="130,73,96,68,18,101,113,41,112,116,95,7,54" hai3="118,120,125,11,111,65,40,122,23,71,13,56,32"/><T24/><D119/><U4/><E124/><V123/><F123/><N who="3" m="47147" /><G111/><T104/><D104/><U44/><E70/><V8/><F68/><W59/><G125/><T5/><D37/><U88/><E19/><V16/><F73/><W63/><G32/><T38/><D38/><U21/><E21/><V117/><F41/><W29/><G40/><T129/><D133/><U36/><E36/><V75/><F75/><W115/><G115/><N who="2" m="44105" /><F54/><W131/><G131/><N who="0" m="50251" /><D82/><U87/><E91/><V35/><F35/><W99/><G118/><N who="2" m="45673" /><F130/><W14/><G71/><T31/><D31/><U108/><E108/><V94/><F94/><W48/><G65/><T110/><D110/><U47/><E47/><V74/><F74/><W126/><G126/><T86/><D102/><N who="1" m="38955" /><E97/><V114/><F114/><W134/><G99/><T1/><D1/><AGARI ba="0,0" hai="1,7,8,16,18,95,96,101" m="45673,44105" machi="1" ten="30,3900,0" yaku="15,1,12,1,54,1" doraHai="80" who="2" fromWho="0" sc="200,-39,288,0,272,39,240,0" owari="161,-34.0,288,9.0,311,41.0,240,-16.0" /></mjloggm>