<mjloggm ver="2.3"><GO type="169" lobby="0"/><UN n0="%E3%83%88%E3%83%88%E3%83%AA%E5%85%88%E7%94%9F%31%39%E6%AD%B3" n1="%E6%A4%8D%E9%87%8E" n2="%66%75%6C%6C%2D%74%70%21" n3="%46%75%72%75%79%61" dan="17,16,16,16" rate="2205.71,2134.59,2037.16,2138.91" sx="F,M,M,M"/><TAIKYOKU oya="0"/><INIT seed="0,0,0,0,5,89" ten="250,250,250,250" oya="0" hai0="65,49,54,77,22,32,41,88,35,67,33,103,27" hai1="114,38,97,28,83,132,111,96,76,15,84,70,85" hai2="123,130,0,74,126,48,61,86,60,7,82,62,52" hai3="124,68,29,19,47,55,9,81,122,80,71,1,108"/><T79/><D103/><U3/><E3/><V10/><F123/><W72/><G122/><T99/><D41/><U107/><E38/><V125/><F74/><W98/><G29/><T18/><D67/><U110/><E70/><V135/><F135/><W21/><G108/><N who="1" m="41514" /><E28/><V95/><F130/><W34/><G34/><T16/><D65/><U57/><E57/><V94/><F82/><W128/><G128/><T100/><D18/><U17/><E132/><V14/><F0/><W26/><G124/><N who="2" m="47721" /><F86/><W46/><G72/><T53/><D88/><N who="1" m="51231" /><E114/><V51/><F51/><W58/><G71/><T92/><REACH who="0" step="1"/><D54/><REACH who="0" ten="240,250,250,250" step="2"/><U63/><E107/><V5/><F5/><W30/><G55/><T12/><D12/><U75/><E15/><V129/><F129/><W66/><G66/><T69/><D69/><U42/><E17/><V20/><F20/><W13/><G68/><T6/><D6/><U112/><E42/><V105/><F105/><W127/><G127/><T4/><D4/><U11/><E112/><V106/><F106/><W120/><G1/><T93/><D93/><U8/><E97/><V134/><F134/><W25/><G98/><T91/><D91/><U113/><E96/><V102/><F102/><W44/><G120/><T56/><AGARI ba="0,1" hai="16,22,27,32,33,35,49,53,56,77,79,92,99,100" machi="56" ten="30,11700,0" yaku="1,1,0,1,52,1,54,1,53,0" doraHai="89" doraHaiUra="87" who="0" fromWho="0" sc="240,127,250,-39,250,-39,250,-39" /><INIT seed="0,1,0,0,2,29" ten="367,211,211,211" oya="0" hai0="122,30,82,73,56,67,81,32,38,27,114,129,8" hai1="49,74,17,90,5,63,72,112,105,85,62,43,35" hai2="50,131,71,23,2,99,34,57,123,64,117,98,24" hai3="70,133,88,55,54,135,109,94,21,118,120,113,47"/><T26/><D114/><U33/><E105/><V20/><F123/><W1/><G113/><T66/><D122/><U11/><E112/><V53/><F2/><W69/><G120/><T10/><D38/><U45/><E17/><V68/><F131/><W0/><G118/><T51/><D129/><U36/><E74/><V37/><F37/><W60/><G21/><T108/><D108/><U58/><E72/><V61/><F68/><N who="3" m="26219" /><G109/><T22/><D51/><U76/><E36/><V116/><F20/><W75/><G75/><T31/><D56/><U110/><E110/><V44/><F44/><W80/><G80/><T101/><D101/><U86/><E63/><V84/><F84/><N who="3" m="52487" /><G60/><T83/><REACH who="0" step="1"/><D73/><REACH who="0" ten="357,211,211,211" step="2"/><U18/><E58/><V126/><F117/><W14/><G47/><T127/><D127/><U87/><E49/><V65/><F126/><W42/><G133/><T96/><D96/><U28/><E45/><V77/><F99/><W9/><G135/><T19/><D19/><U100/><E18/><V16/><F116/><W46/><G46/><T52/><D52/><U102/><E62/><V25/><F98/><W48/><G55/><T3/><D3/><U104/><E102/><V59/><F65/><AGARI ba="1,1" hai="8,10,22,26,27,30,31,32,65,66,67,81,82,83" machi="65" ten="40,3900,0" yaku="1,1,52,1,53,0" doraHai="29" doraHaiUra="15" who="0" fromWho="2" sc="357,52,211,0,211,-42,211,0" /><INIT seed="0,2,0,3,0,38" ten="409,211,169,211" oya="0" hai0="84,31,127,66,17,32,8,107,74,12,37,119,133" hai1="130,28,56,3,134,94,21,87,22,86,85,51,68" hai2="98,29,11,117,113,67,99,75,33,76,100,104,63" hai3="7,132,58,89,79,108,80,129,112,18,88,126,48"/><T93/><D119/><U64/><E3/><V5/><F99/><W14/><G112/><T96/><D74/><U115/><E68/><V6/><F117/><W70/><G108/><T72/><D72/><U49/><E115/><V114/><F6/><W47/><G70/><T65/><D107/><U122/><E122/><V24/><F76/><W40/><G126/><T105/><D105/><U111/><E111/><V120/><F75/><W77/><G132/><T121/><D121/><U52/><E64/><V46/><F46/><W60/><G7/><T23/><D32/><U123/><E123/><V102/><F102/><W57/><G129/><T118/><D118/><U103/><E130/><V9/><F9/><N who="3" m="6479" /><G58/><T54/><D37/><U91/><E103/><V26/><F26/><W124/><G124/><T41/><D127/><U39/><E39/><V0/><F120/><W1/><G1/><T78/><D133/><U2/><E2/><V34/><F34/><W90/><G80/><N who="0" m="47127" /><D54/><AGARI ba="2,0" hai="40,47,48,54,57,60,77,79,88,89,90" m="6479" machi="54" ten="30,3900,0" yaku="8,1,52,1,54,1" doraHai="38" who="3" fromWho="0" sc="409,-45,211,0,169,0,211,45" /><INIT seed="1,0,0,5,3,109" ten="364,211,169,256" oya="1" hai0="48,53,78,43,64,29,80,52,74,28,46,83,2" hai1="102,1,66,125,107,45,129,87,42,10,39,126,98" hai2="84,116,23,72,13,90,97,106,82,31,104,57,73" hai3="26,18,32,71,5,133,115,35,50,12,47,61,75"/><U33/><E129/><V76/><F57/><W21/><G75/><N who="2" m="28745" /><F23/><W37/><G133/><T81/><D2/><U19/><E33/><V112/><F13/><W120/><G120/><T25/><D64/><U131/><E131/><V96/><F31/><N who="0" m="11850" /><D74/><U93/><E66/><V103/><F116/><W20/><G37/><T6/><D6/><N who="1" m="1359" /><E19/><V108/><F108/><W70/><G5/><T63/><D25/><U100/><E107/><N who="2" m="63975" /><F112/><W36/><G115/><T132/><D132/><U113/><E113/><V30/><F30/><W69/><G36/><T65/><D78/><U38/><E38/><V123/><F123/><W77/><G77/><T121/><D121/><U122/><E122/><V51/><F51/><W89/><G61/><T111/><D111/><U17/><E17/><V22/><F22/><W9/><G21/><T92/><D92/><AGARI ba="0,0" hai="76,82,84,90,92,97,104,106" m="63975,28745" machi="92" ten="30,8000,1" yaku="35,5" doraHai="109" who="2" fromWho="0" sc="364,-80,211,0,169,80,256,0" /><INIT seed="2,0,0,5,4,38" ten="284,211,249,256" oya="2" hai0="91,44,116,129,27,65,119,43,8,45,11,7,75" hai1="24,30,4,31,111,96,101,56,135,5,76,37,54" hai2="52,98,19,89,32,102,84,0,128,16,1,14,73" hai3="109,60,70,83,71,69,17,94,55,20,64,77,6"/><V97/><F73/><W81/><G109/><T21/><D75/><U113/><E113/><V121/><F121/><W100/><G6/><T48/><D129/><U39/><E135/><V41/><F41/><W35/><G35/><T2/><D65/><U104/><E111/><V36/><F36/><W33/><G33/><T47/><D11/><U85/><E39/><V120/><F120/><W34/><G34/><T12/><D91/><U63/><E37/><V29/><F128/><W22/><G55/><T118/><REACH who="0" step="1"/><D2/><REACH who="0" ten="274,211,249,256" step="2"/><U108/><E108/><V130/><F130/><W68/><G77/><T95/><D95/><U106/><E106/><V93/><F1/><W124/><G94/><T78/><D78/><U10/><E10/><V18/><F0/><W26/><G83/><T88/><D88/><U23/><E76/><V51/><F14/><W82/><G81/><T67/><D67/><U86/><E104/><V3/><F3/><W133/><G82/><T74/><D74/><U90/><E101/><V50/><F102/><W103/><G100/><T49/><D49/><U115/><E115/><V112/><F51/><W40/><G103/><T126/><D126/><U107/><E107/><V15/><F15/><W123/><G124/><T62/><D62/><U132/><E90/><V127/><F112/><W59/><G60/><T125/><D125/><U122/><E63/><V105/><F105/><W61/><G61/><T99/><D99/><U28/><E96/><V66/><F66/><W80/><G64/><T110/><D110/><U79/><E79/><V9/><F127/><W57/><G71/><RYUUKYOKU ba="0,1" sc="274,30,211,-10,249,-10,256,-10" hai0="7,8,12,21,27,43,44,45,47,48,116,118,119" /><INIT seed="3,1,1,0,3,27" ten="304,201,239,246" oya="3" hai0="107,18,122,120,111,102,44,57,59,68,60,24,118" hai1="39,29,51,48,97,121,40,28,38,71,83,96,23" hai2="134,32,92,9,72,15,88,128,26,66,53,45,110" hai3="119,69,47,58,61,30,105,36,114,31,21,55,90"/><W74/><G119/><T46/><D118/><U67/><E121/><V129/><F72/><W63/><G114/><T52/><D68/><U82/><E67/><V123/><F66/><W117/><G117/><T106/><D18/><U75/><E71/><V81/><F110/><W4/><G74/><T124/><D24/><U62/><E75/><V113/><F113/><W85/><G105/><T95/><D95/><U42/><E23/><V34/><F134/><W115/><G115/><T126/><D102/><U80/><E80/><V49/><F123/><N who="0" m="47146" /><D107/><U104/><E104/><V127/><F81/><N who="3" m="49455" /><G69/><T13/><D13/><U89/><E89/><V101/><F101/><W37/><G4/><T78/><D78/><U103/><E62/><V10/><F10/><W84/><G37/><T56/><D106/><U22/><E22/><V7/><F26/><W6/><G6/><T131/><D131/><N who="2" m="50250" /><F127/><N who="0" m="48682" /><D111/><U130/><E130/><V94/><F94/><W87/><G87/><AGARI ba="1,1" hai="7,9,15,32,34,45,49,53,87,88,92" m="50250" machi="87" ten="30,2000,0" yaku="19,1,54,1" doraHai="27" who="2" fromWho="3" sc="304,0,201,0,239,33,246,-23" /><INIT seed="4,0,0,3,1,88" ten="304,201,272,223" oya="0" hai0="44,98,41,115,112,21,9,129,121,128,96,79,60" hai1="100,94,46,10,14,91,26,0,58,77,92,69,119" hai2="105,19,74,52,33,30,101,36,72,89,35,95,107" hai3="84,87,22,45,78,71,93,134,114,64,27,106,117"/><T51/><D79/><U43/><E69/><V110/><F36/><W70/><G106/><T86/><D86/><U55/><E0/><V3/><F3/><W103/><G117/><T7/><D21/><U5/><E119/><V24/><F35/><W6/><G114/><N who="0" m="43563" /><D60/><U34/><E77/><V124/><F72/><W116/><G116/><T40/><D40/><U62/><E100/><V90/><F101/><W126/><G126/><T18/><D18/><U32/><E91/><V57/><F74/><W97/><G134/><T65/><D65/><U127/><E127/><V104/><F124/><W122/><G122/><T17/><D17/><U109/><E109/><V53/><F19/><W81/><G6/><T99/><D121/><U85/><E85/><V63/><F110/><W120/><G120/><T133/><D133/><U75/><E75/><V4/><F4/><W82/><G64/><T13/><AGARI ba="0,0" hai="7,9,13,41,44,51,96,98,99,128,129" m="43563" machi="13" ten="40,2100,0" yaku="15,1" doraHai="88" who="0" fromWho="0" sc="304,21,201,-7,272,-7,223,-7" /><INIT seed="4,1,0,5,3,72" ten="325,194,265,216" oya="0" hai0="120,98,23,108,128,70,53,121,77,64,105,129,16" hai1="124,60,99,118,135,1,41,126,42,101,7,117,40" hai2="55,114,48,73,92,46,102,75,87,11,91,34,116" hai3="47,123,10,5,97,9,0,109,58,61,125,103,17"/><T134/><D134/><U81/><E135/><V84/><F34/><W30/><G109/><T49/><D108/><U95/><E60/><V50/><F114/><W32/><G125/><N who="1" m="48234" /><E1/><V39/><F39/><W29/><G123/><T8/><D8/><U71/><E71/><V13/><F116/><N who="1" m="44649" /><E7/><V78/><F102/><W33/><G47/><T133/><D133/><U28/><E28/><V15/><F50/><W26/><G10/><T69/><D64/><U111/><E111/><V112/><F112/><W131/><G131/><N who="0" m="50251" /><D70/><U57/><E57/><V96/><F75/><W107/><G17/><T14/><D69/><U6/><E6/><V44/><F44/><W122/><G122/><T54/><D54/><U63/><E63/><V110/><F110/><W94/><G30/><T74/><D98/><U82/><AGARI ba="1,0" hai="40,41,42,81,82,95,99,101" m="44649,48234" machi="82" ten="40,1500,0" yaku="18,1" doraHai="72" who="1" fromWho="1" sc="325,-8,194,18,265,-5,216,-5" /><INIT seed="5,0,0,1,2,5" ten="317,212,260,211" oya="1" hai0="0,45,57,133,49,41,60,106,126,33,134,77,132" hai1="69,68,43,80,129,113,63,61,88,29,28,83,16" hai2="131,46,86,98,54,70,11,103,9,2,25,108,91" hai3="78,73,66,127,120,109,87,116,92,96,75,48,65"/><U122/><E122/><V62/><F108/><W85/><G120/><T117/><D106/><U55/><E43/><V7/><F131/><W14/><G109/><T18/><D33/><U56/><E129/><V6/><F25/><W135/><G127/><T39/><D0/><U32/><E32/><V123/><F123/><W102/><G135/><T104/><D104/><U30/><E113/><V12/><F46/><W24/><G24/><T35/><D35/><U38/><E38/><V20/><F20/><W26/><G26/><T76/><D117/><U50/><E69/><V79/><F79/><N who="0" m="30282" /><D18/><U21/><E68/><V119/><F119/><W22/><G116/><T23/><D23/><U115/><E115/><V107/><F70/><W124/><G124/><T52/><D126/><U59/><E88/><V112/><F112/><W125/><G125/><T13/><D13/><N who="1" m="9359" /><E63/><AGARI ba="0,0" hai="39,41,45,49,52,57,60,63,132,133,134" m="30282" machi="63" ten="40,2600,0" yaku="20,1,54,1" doraHai="5" who="0" fromWho="1" sc="317,26,212,-26,260,0,211,0" /><INIT seed="6,0,0,4,4,22" ten="343,186,260,211" oya="2" hai0="7,117,17,31,6,86,18,29,47,40,73,25,88" hai1="77,63,116,8,126,85,11,52,28,87,80,95,97" hai2="101,1,114,132,65,104,49,68,5,61,94,59,43" hai3="107,41,111,38,105,91,113,128,102,109,100,57,131"/><V64/><F104/><N who="3" m="40011" /><G38/><T110/><D73/><U108/><E108/><N who="3" m="41546" /><G41/><T62/><D117/><U35/><E116/><V69/><F1/><W15/><G15/><T45/><D110/><U70/><E126/><V71/><F5/><N who="0" m="1546" /><D62/><U99/><E70/><V60/><F101/><N who="3" m="39019" /><G57/><T42/><D42/><U51/><E63/><N who="2" m="24139" /><F94/><W130/><G91/><T127/><D127/><U129/><E129/><V53/><F132/><W74/><G74/><T9/><D18/><U36/><E36/><V123/><F123/><W121/><G113/><T134/><D134/><U120/><E120/><AGARI ba="0,0" hai="120,121,128,130,131" m="39019,41546,40011" machi="120" ten="40,8000,1" yaku="28,2,19,1,34,2" doraHai="22" who="3" fromWho="1" sc="343,0,186,-80,260,0,211,80" /><INIT seed="7,0,0,0,5,44" ten="343,106,260,291" oya="3" hai0="30,14,49,117,78,121,120,31,109,64,100,116,52" hai1="39,61,123,76,19,90,36,125,129,73,68,66,0" hai2="17,93,54,33,115,122,8,104,55,22,51,18,101" hai3="87,34,59,10,35,2,135,131,102,91,98,82,27"/><W134/><G131/><T6/><D100/><U13/><E0/><V53/><F104/><W132/><G27/><T63/><D78/><U57/><E123/><N who="0" m="47177" /><D14/><U15/><E129/><V96/><F33/><W45/><G45/><N who="0" m="27695" /><D6/><U4/><E125/><V41/><F115/><W89/><G89/><T124/><D31/><U92/><E4/><V71/><F71/><W29/><G29/><T118/><D30/><U111/><E111/><V108/><F108/><W133/><N who="3" m="34304" /><DORA hai="81" /><W38/><G38/><T40/><D109/><U48/><E13/><V86/><F41/><W74/><G74/><T23/><D23/><U70/><E76/><V65/><F65/><W110/><G110/><T62/><D124/><U16/><E73/><V26/><F122/><W97/><G2/><T95/><D95/><U80/><E80/><V7/><F18/><W79/><G10/><T127/><D127/><U3/><E3/><V9/><F9/><W88/><G98/><T46/><D64/><U126/><E126/><V67/><F67/><W94/><G35/><T37/><AGARI ba="0,0" hai="37,40,46,62,63,116,117,118" m="27695,47177" machi="37" ten="40,8000,1" yaku="34,2,52,1,54,1" doraHai="44,81" who="0" fromWho="0" sc="343,80,106,-20,260,-20,291,-40" owari="423,52.0,86,-41.0,240,-16.0,251,5.0" /></mjloggm>