<mjloggm ver="2.3"><GO type="169" lobby="0"/><UN n0="%E5%B0%B1%E6%B4%BB%E7%94%9F%40%E5%B7%9D%E6%9D%91%E8%BB%8D%E5%9B%A3" n1="%66%75%6A%69%32%32%39" n2="%E8%B1%86%E7%89%B9%EF%BC%A0%E6%B2%B3%E6%9D%91%E8%BB%8D%E5%9B%A3" n3="%73%5F%6F%6B" dan="16,17,16,16" rate="2086.39,2108.64,2072.95,2103.10" sx="M,M,M,M"/><TAIKYOKU oya="0"/><INIT seed="0,0,0,3,5,4" ten="250,250,250,250" oya="0" hai0="35,55,103,80,129,42,95,90,52,12,120,20,111" hai1="54,77,117,93,132,33,127,27,85,86,69,68,97" hai2="34,75,32,10,100,133,104,57,2,13,125,8,73" hai3="46,17,119,71,48,128,72,44,65,45,82,116,109"/><T89/><D35/><U101/><E117/><V49/><F133/><W53/><G17/><N who="0" m="10279" /><D120/><U94/><E132/><V124/><F100/><W23/><G23/><T126/><D129/><U135/><E127/><N who="2" m="48715" /><F104/><W14/><G128/><T15/><D126/><U96/><E135/><V106/><F106/><W0/><G0/><T11/><D111/><U123/><E123/><V105/><F105/><W7/><G109/><T83/><D42/><U25/><E54/><N who="0" m="20521" /><D103/><U24/><E33/><N who="2" m="12907" /><F49/><W31/><G48/><T79/><D79/><U70/><REACH who="1" step="1"/><E77/><REACH who="1" ten="250,240,250,250" step="2"/><V19/><F57/><W38/><G116/><T1/><D1/><U81/><E81/><N who="0" m="31305" /><D95/><U22/><E22/><N who="2" m="11631" /><F2/><W59/><G119/><T110/><D110/><U61/><E61/><V84/><F84/><W112/><G72/><AGARI ba="0,1" hai="8,10,72,73,75" m="11631,12907,48715" machi="72" ten="40,5200,0" yaku="18,1,52,2" doraHai="4" who="2" fromWho="3" sc="250,0,240,0,250,62,250,-52" /><INIT seed="1,0,0,2,5,90" ten="250,240,312,198" oya="1" hai0="111,117,9,27,10,57,87,84,41,48,123,94,30" hai1="58,20,8,122,89,18,54,73,131,2,98,16,45" hai2="113,132,60,3,67,33,4,124,114,55,88,135,56" hai3="47,119,61,127,53,77,66,65,129,110,80,134,69"/><U130/><E73/><V13/><F33/><W19/><G110/><T28/><D117/><U6/><E122/><V42/><F42/><W107/><G107/><T72/><D111/><U78/><E78/><V5/><F3/><W14/><G127/><T62/><D72/><U63/><E45/><V32/><F32/><W125/><G125/><T103/><D123/><U39/><E39/><V31/><F31/><N who="0" m="11818" /><D27/><N who="1" m="14727" /><E18/><V25/><F25/><W105/><G105/><T43/><D87/><U50/><E50/><N who="2" m="30839" /><F124/><W118/><G129/><N who="1" m="49162" /><E89/><V0/><F0/><W51/><G134/><N who="2" m="51241" /><F88/><W104/><G104/><T91/><D103/><U116/><E98/><V121/><F121/><W101/><G65/><N who="0" m="39119" /><D43/><U102/><E102/><V128/><F128/><W26/><G26/><T95/><D48/><U24/><E24/><V21/><F21/><W74/><REACH who="3" step="1"/><G101/><REACH who="3" ten="250,240,312,188" step="2"/><T106/><D106/><U96/><E116/><V44/><F67/><W81/><G81/><N who="0" m="49551" /><D41/><U109/><E109/><V36/><F113/><W34/><G34/><T35/><D35/><U112/><E112/><V17/><F114/><W99/><G99/><T82/><D82/><U92/><E96/><V49/><F36/><W100/><G100/><T133/><D133/><U126/><E126/><V115/><F115/><W29/><G29/><T76/><D76/><U7/><E7/><V12/><F5/><W37/><G37/><T22/><D22/><AGARI ba="0,1" hai="14,19,22,47,51,53,61,66,69,74,77,80,118,119" machi="22" ten="40,1300,0" yaku="1,1,53,0" doraHai="90" doraHaiUra="83" who="3" fromWho="0" sc="250,-13,240,0,312,0,188,23" /><INIT seed="2,0,0,5,3,87" ten="237,240,312,211" oya="2" hai0="65,114,68,56,113,10,117,64,36,34,11,121,66" hai1="109,44,72,83,120,21,73,17,60,81,27,125,29" hai2="102,23,38,25,96,51,95,89,61,1,130,28,14" hai3="49,88,119,82,71,0,107,31,86,98,135,7,40"/><V59/><F38/><W134/><G119/><T123/><D34/><U92/><E109/><V115/><F1/><W122/><G71/><T15/><D36/><U133/><E133/><N who="3" m="50698" /><G31/><T57/><D15/><U80/><E125/><V126/><F126/><W124/><G124/><T24/><D24/><U41/><E120/><N who="0" m="46153" /><D68/><U131/><E131/><V93/><F130/><W97/><G122/><T110/><D110/><U76/><E72/><V37/><F37/><W2/><G7/><T105/><D105/><U69/><E92/><V94/><F115/><N who="0" m="44042" /><D117/><U54/><E29/><V106/><F51/><W77/><G107/><T6/><D6/><U12/><E27/><V13/><F14/><W84/><G2/><T39/><D39/><U35/><E35/><V129/><F13/><W30/><G30/><T33/><D33/><U103/><E103/><V128/><F128/><W118/><G0/><T75/><D75/><U111/><E111/><V47/><F129/><W43/><G118/><T91/><D91/><U45/><E69/><V116/><F116/><W42/><G49/><T46/><D46/><U108/><E108/><V19/><F47/><N who="1" m="17993" /><E41/><V4/><F4/><W52/><G52/><T85/><D85/><U100/><E100/><V32/><F32/><W50/><G50/><T55/><D55/><U53/><E54/><N who="2" m="34039" /><F28/><W9/><G9/><AGARI ba="0,0" hai="9,10,11,56,57,64,65,66" m="44042,46153" machi="9" ten="40,2600,0" yaku="28,2" doraHai="87" who="0" fromWho="3" sc="237,26,240,0,312,0,211,-26" /><INIT seed="3,0,0,2,1,24" ten="263,240,312,185" oya="3" hai0="90,34,99,71,20,77,114,124,108,4,89,5,104" hai1="21,125,2,51,37,107,11,10,1,115,92,26,101" hai2="128,46,28,38,86,87,55,72,109,121,67,132,127" hai3="94,48,120,97,118,88,79,103,39,95,134,126,8"/><W63/><G39/><T74/><D34/><U42/><E107/><V6/><F72/><W19/><G120/><T105/><D71/><U53/><E125/><V49/><F127/><W78/><G126/><T31/><D31/><U93/><E1/><V96/><F121/><W13/><G118/><T54/><D20/><U58/><E115/><V36/><F6/><N who="0" m="2666" /><D74/><U17/><E2/><V22/><F128/><W57/><G48/><T3/><D3/><U56/><E37/><V18/><F132/><W12/><G12/><T100/><D54/><N who="1" m="31839" /><E42/><V14/><F109/><W66/><REACH who="3" step="1"/><G134/><REACH who="3" ten="263,240,312,175" step="2"/><T65/><D124/><U102/><E10/><N who="2" m="6487" /><F38/><W83/><G83/><T80/><D80/><U45/><E11/><V73/><F36/><W43/><G43/><T27/><D114/><U111/><E111/><V33/><F49/><W68/><G68/><T117/><D108/><U52/><E45/><V7/><F46/><W69/><G69/><T122/><D117/><U64/><E58/><V112/><F112/><W47/><G47/><T75/><D122/><U123/><E123/><V106/><F73/><W35/><G35/><T91/><D75/><U25/><E26/><N who="2" m="16471" /><F33/><W98/><AGARI ba="0,1" hai="8,13,19,57,63,66,78,79,88,94,95,97,98,103" machi="98" ten="20,18000,2" yaku="1,1,0,1,7,1,8,1,54,1,53,1" doraHai="24" doraHaiUra="15" who="3" fromWho="3" sc="263,-60,240,-60,312,-60,175,190" /><INIT seed="3,1,0,1,3,116" ten="203,180,252,365" oya="3" hai0="82,104,101,134,113,48,117,79,64,115,123,133,119" hai1="129,10,56,11,28,83,12,30,65,91,53,21,118" hai2="47,90,66,124,13,19,35,98,132,0,103,68,84" hai3="50,59,96,109,112,49,58,75,89,42,3,37,121"/><W86/><G75/><N who="0" m="43391" /><D64/><U128/><E65/><V24/><F0/><W55/><G3/><T135/><D48/><U2/><E2/><V57/><F124/><W34/><G34/><T85/><D85/><N who="1" m="50623" /><E118/><N who="0" m="45065" /><D123/><U87/><E87/><V31/><F132/><N who="0" m="33794" /><T122/><DORA hai="23" /><D122/><U36/><E36/><V5/><F5/><W107/><G121/><T14/><D14/><U41/><E41/><V71/><F47/><W106/><G42/><T60/><D60/><N who="1" m="35855" /><E21/><V69/><F57/><W127/><G58/><T93/><D93/><U95/><E95/><V8/><F66/><W94/><G59/><T88/><D88/><U54/><E54/><V77/><F77/><W108/><G50/><T62/><D62/><U38/><E38/><V126/><F126/><W110/><G37/><T39/><D39/><U74/><E12/><V43/><F43/><W73/><G127/><T130/><D130/><N who="1" m="50283" /><E74/><V92/><REACH who="2" step="1"/><F69/><REACH who="2" ten="203,180,242,365" step="2"/><W99/><G55/><T80/><D80/><AGARI ba="1,1" hai="8,13,19,24,31,35,68,71,80,84,90,92,98,103" machi="80" ten="30,7700,0" yaku="1,1,2,1,7,1,52,1,53,0" doraHai="116,23" doraHaiUra="44,131" who="2" fromWho="0" sc="203,-80,180,0,242,90,365,0" /><INIT seed="4,0,0,1,2,81" ten="123,180,332,365" oya="0" hai0="35,6,121,115,26,23,94,52,114,51,124,71,16" hai1="102,123,41,103,42,119,68,74,83,11,125,43,69" hai2="57,20,108,15,34,106,4,89,30,0,107,122,70" hai3="7,82,28,110,19,66,104,12,22,46,130,72,79"/><T96/><D71/><U31/><E119/><V105/><F70/><W56/><G110/><T58/><D121/><U13/><E123/><V45/><F122/><W98/><G130/><T86/><D124/><U109/><E109/><V49/><F108/><W116/><G116/><T80/><D35/><U134/><E41/><V17/><F57/><W90/><G46/><T50/><D6/><U61/><E31/><V33/><F89/><W135/><G135/><T91/><REACH who="0" step="1"/><D51/><REACH who="0" ten="113,180,332,365" step="2"/><U44/><E69/><V36/><F36/><W85/><G7/><T14/><D14/><U99/><E68/><V132/><F132/><W25/><G12/><T64/><D64/><U118/><E125/><V38/><F38/><W62/><G66/><T40/><D40/><U48/><E134/><V78/><F33/><W3/><G3/><T9/><D9/><U88/><E43/><V129/><F34/><W120/><G120/><T111/><D111/><U63/><E118/><V128/><F0/><W2/><G2/><T131/><D131/><U126/><E126/><V1/><F1/><W97/><G22/><T27/><D27/><U101/><E13/><V75/><F4/><W112/><G25/><T21/><D21/><U55/><E11/><V60/><F129/><W53/><G53/><T117/><D117/><U18/><E55/><N who="2" m="30127" /><F128/><W76/><G112/><T5/><D5/><U127/><E127/><V95/><F15/><W37/><G37/><T59/><D59/><U24/><E42/><V100/><F20/><W77/><G56/><T39/><D39/><U32/><E32/><V67/><F67/><RYUUKYOKU ba="0,1" sc="113,30,180,-10,332,-10,365,-10" hai0="16,23,26,50,52,58,80,86,91,94,96,114,115" /><INIT seed="4,1,1,1,3,128" ten="143,170,322,355" oya="0" hai0="53,85,7,135,120,9,35,17,14,39,109,121,25" hai1="16,130,5,99,6,125,68,60,124,93,66,21,33" hai2="52,23,64,73,44,57,94,132,95,122,71,27,63" hai3="43,62,78,65,113,98,84,18,115,12,86,20,72"/><T11/><D39/><U112/><E33/><V118/><F73/><W82/><G43/><T34/><D85/><U91/><E130/><V47/><F122/><N who="0" m="47210" /><D53/><U74/><E74/><V80/><F118/><W126/><G126/><N who="1" m="48746" /><E112/><N who="3" m="43082" /><G98/><T54/><D54/><U92/><E92/><N who="2" m="35371" /><F71/><AGARI ba="1,1" hai="12,18,20,62,65,71,72,78,82,84,86" m="43082" machi="71" ten="30,1000,0" yaku="15,1" doraHai="128" who="3" fromWho="2" sc="143,0,170,0,322,-13,355,23" /><INIT seed="5,0,0,3,2,0" ten="143,170,309,378" oya="1" hai0="128,29,52,75,20,4,99,42,15,68,123,2,74" hai1="130,111,105,60,31,103,12,72,51,56,125,127,84" hai2="38,118,135,46,43,79,25,34,39,94,83,89,90" hai3="13,121,28,55,49,53,108,104,40,92,69,41,7"/><U62/><E72/><N who="0" m="27689" /><D68/><U9/><E111/><V97/><F118/><W48/><G104/><T101/><D42/><N who="3" m="16489" /><G69/><T116/><D116/><U64/><E31/><V35/><F135/><W26/><G121/><T87/><D29/><U102/><E130/><V18/><F39/><W27/><G108/><T78/><D20/><U37/><E37/><V134/><F134/><W81/><G81/><N who="0" m="47543" /><D15/><U61/><E105/><V23/><F90/><W73/><G73/><AGARI ba="0,0" hai="18,23,25,34,35,38,43,46,73,79,83,89,94,97" machi="73" ten="30,1000,0" yaku="7,1" doraHai="0" who="2" fromWho="3" sc="143,0,170,0,309,10,378,-10" /><INIT seed="6,0,0,3,3,126" ten="143,170,319,368" oya="2" hai0="104,120,10,29,127,49,28,125,105,26,8,101,53" hai1="92,47,57,59,66,72,15,106,55,6,9,103,71" hai2="32,96,61,69,121,17,112,116,98,52,31,84,78" hai3="95,77,37,97,82,33,14,80,89,19,16,132,63"/><V79/><F121/><W56/><G37/><T114/><D120/><U30/><E72/><V93/><F116/><W94/><G33/><T68/><D68/><U13/><E106/><N who="0" m="41065" /><D101/><U2/><E30/><N who="0" m="11881" /><D26/><U40/><E71/><V41/><F41/><W75/><G132/><T83/><D83/><U25/><E66/><V39/><F39/><W64/><G82/><T42/><D42/><U100/><E25/><V119/><F119/><W58/><G95/><T122/><D122/><U90/><E2/><V12/><F112/><W44/><G44/><T113/><D53/><U117/><E117/><V118/><F118/><W76/><G76/><N who="2" m="29225" /><F32/><W70/><G19/><T34/><D49/><N who="1" m="26855" /><E15/><V3/><F3/><W48/><G48/><T133/><D133/><U46/><E46/><V62/><F31/><W54/><G54/><T23/><D23/><AGARI ba="0,0" hai="14,16,23,56,58,63,64,70,75,77,80,89,94,97" machi="23" ten="30,2000,0" yaku="7,1,54,1" doraHai="126" who="3" fromWho="0" sc="143,-20,170,0,319,0,368,20" /><INIT seed="7,0,0,3,0,1" ten="123,170,319,388" oya="3" hai0="59,8,119,94,75,45,28,104,0,125,52,74,121" hai1="114,67,112,33,81,85,30,15,2,47,132,37,120" hai2="91,63,65,117,123,26,103,113,27,89,48,34,102" hai3="101,106,13,107,92,11,73,54,135,66,129,70,88"/><W98/><G73/><T134/><D104/><U49/><E2/><V43/><F117/><W95/><G129/><T25/><D119/><U133/><E37/><V44/><F123/><W50/><G135/><N who="1" m="51786" /><E120/><V76/><F113/><W21/><G21/><T109/><D121/><U124/><E124/><V60/><F76/><W77/><G77/><T58/><D109/><U51/><E67/><V55/><F43/><W131/><G131/><T38/><D125/><U115/><E15/><V24/><F34/><W31/><G31/><T22/><D134/><U19/><E19/><V4/><F4/><W39/><G39/><T41/><D94/><U97/><E97/><V84/><F60/><W57/><G66/><T6/><REACH who="0" step="1"/><D59/><REACH who="0" ten="113,170,319,388" step="2"/><U36/><E115/><V110/><F110/><W69/><G95/><T42/><D42/><N who="1" m="22983" /><E114/><V90/><REACH who="2" step="1"/><F84/><REACH who="2" ten="113,170,309,388" step="2"/><W64/><G64/><T20/><D20/><U83/><E112/><V93/><F93/><W46/><G107/><T68/><D68/><AGARI ba="0,2" hai="24,26,27,44,48,55,63,65,68,89,90,91,102,103" machi="68" ten="40,1300,0" yaku="1,1,53,0" doraHai="1" doraHaiUra="17" who="2" fromWho="0" sc="113,-13,170,0,309,33,388,0" owari="100,-40.0,170,-23.0,342,14.0,388,49.0" /></mjloggm>