<mjloggm ver="2.3"><GO type="41" lobby="0"/><UN n0="%E6%97%A5%E6%9C%AC%E5%B9%BC%E5%A5%B3%E5%85%9A%E3%81%8B%E3%82%89" n1="%E2%96%A0%6B%61%6E%62%61%72%61" n2="%E5%B0%B1%E6%B4%BB%E7%94%9F%40%E5%B7%9D%E6%9D%91%E8%BB%8D%E5%9B%A3" n3="%73%75%6E%61%30%30%30" dan="15,13,17,14" rate="1999.27,1907.75,2134.75,1901.68" sx="M,M,M,M"/><TAIKYOKU oya="0"/><INIT seed="0,0,0,3,0,104" ten="250,250,250,250" oya="0" hai0="25,56,94,108,98,44,102,85,129,46,127,10,50" hai1="71,119,45,65,75,111,134,88,43,130,26,40,77" hai2="21,126,2,135,83,8,82,31,32,95,84,79,128" hai3="93,1,120,87,23,34,19,22,41,29,90,14,68"/><T89/><D127/><U53/><E119/><V99/><F32/><W106/><G68/><T97/><D129/><U24/><E130/><V51/><F128/><W101/><G1/><T96/><D108/><U47/><E111/><V92/><F126/><W57/><G34/><T110/><D110/><U124/><E124/><V7/><F135/><W131/><G41/><T78/><D25/><U54/><E134/><V9/><F9/><W64/><G131/><T12/><D56/><U37/><E65/><V38/><F38/><W109/><G109/><T67/><D67/><U17/><E71/><V5/><F5/><W36/><G36/><T103/><D78/><U66/><E66/><V80/><F92/><W3/><G3/><T20/><D20/><U123/><E123/><V48/><F31/><W76/><G76/><T42/><REACH who="0" step="1"/><D46/><REACH who="0" ten="240,250,250,250" step="2"/><U122/><E77/><V118/><F118/><W74/><G64/><T116/><D116/><U70/><E70/><V113/><F21/><W121/><G57/><T69/><D69/><U33/><E33/><V4/><F79/><W59/><G59/><T63/><D63/><U100/><E47/><V72/><F72/><W52/><G121/><T107/><D107/><U115/><E122/><V86/><F8/><W13/><G23/><T27/><D27/><U30/><E26/><V117/><F117/><W28/><G22/><T133/><D133/><U81/><E24/><V11/><F11/><W61/><G120/><T35/><D35/><U112/><E45/><V132/><F132/><W15/><G61/><T16/><AGARI ba="0,1" hai="10,12,16,42,44,50,85,89,94,96,97,98,102,103" machi="16" ten="30,11700,0" yaku="1,1,0,1,8,1,54,1,53,0" doraHai="104" doraHaiUra="62" who="0" fromWho="0" sc="240,127,250,-39,250,-39,250,-39" /><INIT seed="0,1,0,3,0,66" ten="367,211,211,211" oya="0" hai0="105,97,124,132,24,110,1,85,82,131,93,101,109" hai1="126,2,90,3,86,61,133,107,32,55,67,117,27" hai2="127,16,104,79,26,81,103,28,47,75,23,102,115" hai3="119,30,17,19,78,69,59,42,134,51,122,20,62"/><T65/><D1/><U0/><E117/><V18/><F127/><W68/><G68/><T95/><BYE who="3" /><D65/><U92/><E107/><V99/><F115/><W12/><G12/><T129/><D24/><U118/><E118/><V40/><REACH who="2" step="1"/><F103/><REACH who="2" ten="367,211,201,211" step="2"/><W83/><G83/><T45/><D124/><U13/><E126/><V53/><F53/><W98/><G98/><T41/><D132/><U135/><E55/><V49/><AGARI ba="1,1" hai="16,18,23,26,28,40,47,49,75,79,81,99,102,104" machi="49" ten="20,8000,1" yaku="1,1,0,1,7,1,54,1,53,1" doraHai="66" doraHaiUra="39" who="2" fromWho="2" sc="367,-41,211,-21,201,93,211,-21" /><INIT seed="1,0,0,1,0,83" ten="326,190,294,190" oya="1" hai0="123,102,105,107,65,45,116,50,21,27,130,51,38" hai1="39,68,95,72,101,71,53,109,93,25,69,42,10" hai2="133,17,87,22,112,20,111,132,99,90,106,73,29" hai3="67,48,91,5,2,35,26,85,120,57,9,88,129"/><U103/><E72/><V97/><F73/><W52/><G52/><T40/><D116/><U63/><E109/><V11/><F112/><W114/><G114/><T117/><D117/><U76/><E76/><V108/><F29/><W66/><G66/><T47/><D130/><U43/><E25/><N who="2" m="14479" /><F22/><W77/><G77/><T113/><D113/><U61/><E10/><V15/><F106/><W128/><G128/><T124/><D124/><U64/><E64/><V110/><F15/><W81/><G81/><T24/><D123/><UN n3="%73%75%6E%61%30%30%30" /><U86/><E53/><V28/><F11/><W3/><G120/><T30/><D65/><U58/><E58/><V125/><F28/><W134/><G2/><T82/><D38/><U94/><E86/><V60/><F60/><W121/><G129/><T135/><D135/><N who="2" m="51786" /><F125/><W98/><G134/><T122/><D122/><U100/><REACH who="1" step="1"/><E39/><REACH who="1" ten="326,180,294,190" step="2"/><V31/><F31/><W12/><G9/><T62/><D30/><U59/><E59/><V23/><F23/><W80/><G57/><T75/><D21/><U55/><E55/><V44/><F44/><W6/><G35/><T19/><D75/><U74/><E74/><V4/><F4/><W54/><G6/><T89/><D45/><U1/><E1/><V49/><F49/><W13/><G5/><T126/><D50/><U14/><E14/><V119/><F119/><W37/><G13/><T104/><D51/><U18/><E18/><V8/><F8/><W118/><G12/><T79/><D19/><U70/><N who="1" m="17408" /><DORA hai="84" /><U92/><N who="1" m="23552" /><DORA hai="78" /><U131/><E131/><V96/><F111/><W46/><G3/><RYUUKYOKU ba="0,1" sc="326,-15,180,15,294,15,190,-15" hai1="42,43,61,63,100,101,103" hai2="87,90,96,97,99,108,110" /><INIT seed="1,1,1,4,4,129" ten="311,195,309,175" oya="1" hai0="13,120,55,32,4,104,5,50,57,117,87,59,105" hai1="54,80,97,23,33,46,2,7,106,128,1,28,3" hai2="9,81,89,14,100,92,83,95,115,15,119,42,6" hai3="52,61,72,60,122,10,130,125,48,62,0,64,132"/><U126/><E128/><V134/><F119/><W102/><G122/><T38/><D117/><U19/><E126/><V94/><F134/><W40/><G72/><T49/><D38/><U16/><E80/><N who="2" m="30795" /><F115/><W112/><G112/><T66/><D32/><U107/><E7/><V25/><F42/><W44/><G130/><T93/><D120/><U51/><E33/><V75/><F75/><W47/><G102/><T58/><D66/><U20/><E28/><V76/><F76/><W27/><G27/><T91/><D13/><U116/><E116/><V36/><F36/><N who="3" m="21511" /><G10/><T31/><D31/><U86/><E86/><N who="2" m="52279" /><F100/><W39/><G0/><T45/><D104/><U17/><REACH who="1" step="1"/><E97/><REACH who="1" ten="311,185,309,175" step="2"/><V53/><F6/><N who="0" m="2666" /><D105/><AGARI ba="1,2" hai="1,2,3,16,17,19,20,23,46,51,54,105,106,107" machi="105" ten="50,4800,0" yaku="1,1,54,1,53,0" doraHai="129" doraHaiUra="77" who="1" fromWho="0" sc="311,-51,185,71,309,0,175,0" /><INIT seed="1,2,0,1,4,65" ten="260,256,309,175" oya="1" hai0="87,82,85,106,42,125,58,72,66,17,57,41,38" hai1="59,100,67,77,88,55,8,21,30,61,90,13,112" hai2="104,118,115,73,129,135,97,120,133,95,89,34,102" hai3="110,48,134,94,28,9,22,14,128,0,98,12,68"/><U53/><E112/><V119/><F34/><W26/><G0/><T54/><D106/><U24/><E77/><V71/><F71/><W103/><G134/><N who="2" m="51209" /><F120/><W49/><G128/><T132/><D72/><U96/><E90/><V27/><F27/><W131/><G14/><T93/><D125/><U47/><E47/><V74/><F129/><W7/><G131/><T1/><D1/><U124/><E124/><V122/><F122/><W44/><G110/><T86/><D132/><U62/><E62/><V92/><F115/><W70/><REACH who="3" step="1"/><G49/><REACH who="3" ten="260,256,309,165" step="2"/><T63/><D38/><U130/><E130/><V81/><F119/><W51/><G51/><T127/><D127/><U99/><E100/><V5/><F118/><W16/><G16/><T109/><D109/><U37/><E37/><V35/><F5/><W105/><G105/><T11/><D17/><N who="1" m="8359" /><E99/><V79/><F35/><W39/><G39/><T121/><D121/><U32/><E32/><V78/><F89/><W46/><G46/><T114/><D114/><U116/><E116/><V101/><F102/><W123/><G123/><T69/><D63/><U4/><E4/><V107/><F104/><W18/><G18/><T33/><D33/><U43/><E43/><AGARI ba="2,1" hai="7,9,12,22,26,28,43,44,48,68,70,94,98,103" machi="43" ten="30,8000,1" yaku="1,1,7,1,52,2,53,1" doraHai="65" doraHaiUra="2" who="3" fromWho="1" sc="260,0,256,-86,309,0,165,96" /><INIT seed="2,0,0,5,4,98" ten="260,170,309,261" oya="2" hai0="80,35,25,15,17,67,72,112,60,102,51,110,64" hai1="4,106,96,103,131,22,54,97,21,113,48,29,99" hai2="31,65,0,14,44,115,94,121,37,127,12,109,86" hai3="107,125,101,62,71,66,104,73,18,124,27,89,42"/><V43/><F121/><W75/><G42/><T36/><D112/><U92/><E113/><V77/><F0/><W105/><G89/><T120/><D36/><U58/><E131/><V135/><F115/><W34/><G101/><T122/><D51/><U95/><E4/><V40/><F40/><W38/><G18/><T20/><D72/><N who="3" m="27721" /><G38/><T11/><D80/><U6/><E6/><V91/><F135/><W68/><G68/><T16/><D102/><U19/><E29/><AGARI ba="0,0" hai="27,29,34,62,66,71,104,105,107,124,125" m="27721" machi="29" ten="40,1300,0" yaku="23,1" doraHai="98" who="3" fromWho="1" sc="260,0,170,-13,309,0,261,13" /><INIT seed="3,0,0,4,5,100" ten="260,157,309,274" oya="3" hai0="40,105,133,41,11,113,94,121,122,42,30,119,115" hai1="36,84,25,101,64,28,91,128,10,73,90,124,75" hai2="96,72,56,39,80,51,63,33,112,106,102,126,118" hai3="92,74,22,81,79,9,35,114,99,134,21,58,13"/><W108/><G35/><T117/><D30/><U120/><E120/><N who="0" m="46185" /><D11/><U76/><E36/><V104/><F33/><W46/><G114/><N who="0" m="43531" /><D94/><U6/><E124/><V14/><F112/><W116/><G108/><T62/><D105/><U66/><E128/><V44/><F39/><W53/><G46/><T50/><D62/><U52/><E101/><V45/><F45/><W0/><G116/><N who="0" m="44619" /><D133/><U47/><E91/><V24/><F126/><W135/><G0/><T55/><D55/><U93/><E75/><V83/><F106/><W5/><G135/><T3/><D3/><U97/><E73/><V17/><F72/><W86/><G74/><T61/><D61/><U23/><E76/><V16/><F118/><W60/><G134/><T111/><D50/><N who="1" m="28767" /><E97/><V123/><F123/><W48/><G60/><T65/><D65/><U89/><E89/><AGARI ba="0,0" hai="5,9,13,21,22,48,53,58,79,81,86,89,92,99" machi="89" ten="30,2900,0" yaku="7,1,8,1" doraHai="100" who="3" fromWho="1" sc="260,0,157,-29,309,0,274,29" /><INIT seed="3,1,0,3,3,25" ten="260,128,309,303" oya="3" hai0="128,92,42,51,79,20,83,134,73,8,81,68,55" hai1="103,112,130,114,86,50,58,39,38,52,22,36,32" hai2="67,44,121,23,113,14,99,74,45,84,54,72,102" hai3="135,94,66,16,98,34,13,82,108,29,15,77,53"/><W9/><G135/><T93/><D134/><U5/><E130/><V41/><F113/><W17/><G66/><T18/><D128/><U96/><E32/><V104/><F121/><W85/><G53/><T63/><D81/><U126/><E126/><V12/><F67/><W111/><G34/><T76/><D76/><U109/><E109/><V46/><F41/><W123/><G123/><T88/><D42/><U87/><E5/><V33/><F33/><W57/><G57/><T91/><D8/><U27/><E112/><V28/><F84/><W43/><G29/><T133/><D133/><U95/><REACH who="1" step="1"/><E114/><REACH who="1" ten="260,118,309,303" step="2"/><V49/><F74/><W119/><G119/><T125/><D125/><U129/><E129/><V35/><F72/><W122/><G122/><T116/><D116/><U71/><E71/><V11/><F35/><W19/><G43/><T31/><D68/><U100/><E100/><V2/><F2/><W80/><G111/><T127/><D127/><U56/><E56/><V101/><F102/><W124/><G108/><T78/><D73/><U21/><E21/><V97/><F101/><W60/><G124/><T64/><D20/><U132/><E132/><V90/><F23/><W59/><G9/><T30/><D18/><AGARI ba="1,1" hai="18,22,27,36,38,39,50,52,58,86,87,95,96,103" machi="18" ten="40,2600,0" yaku="1,1,54,1,53,0" doraHai="25" doraHaiUra="7" who="1" fromWho="0" sc="260,-29,118,39,309,0,303,0" /><INIT seed="4,0,0,3,5,47" ten="231,157,309,303" oya="0" hai0="55,92,58,10,116,125,66,103,121,102,114,91,1" hai1="36,54,105,82,81,127,107,35,31,110,85,120,65" hai2="111,76,109,119,62,42,84,25,133,21,7,134,33" hai3="126,112,128,43,18,3,50,6,22,71,124,34,24"/><T100/><D116/><U72/><E110/><V75/><F75/><W20/><G71/><T117/><D117/><U2/><E120/><V89/><F76/><W61/><G61/><T32/><D121/><U49/><E36/><V87/><F119/><W60/><G60/><T80/><D32/><U64/><E2/><V45/><F33/><W14/><G34/><T5/><D125/><U70/><E127/><N who="3" m="48682" /><G128/><T46/><D114/><U56/><E72/><V104/><F104/><W37/><G37/><T99/><D66/><U90/><E81/><V19/><F7/><W53/><G43/><T79/><D46/><U97/><E70/><V16/><F19/><N who="3" m="12319" /><G6/><T118/><D118/><U26/><REACH who="1" step="1"/><E105/><REACH who="1" ten="231,147,309,303" step="2"/><V93/><F109/><W131/><G3/><T63/><REACH who="0" step="1"/><D103/><AGARI ba="0,1" hai="26,31,35,49,54,56,64,65,82,85,90,97,103,107" machi="103" ten="40,8000,1" yaku="1,1,2,1,52,1,53,1" doraHai="47" doraHaiUra="83" who="1" fromWho="0" sc="231,-80,147,90,309,0,303,0" /><INIT seed="5,0,0,5,4,122" ten="151,237,309,303" oya="1" hai0="19,125,50,37,88,45,38,86,77,78,58,135,76" hai1="129,93,0,47,62,42,5,56,61,54,63,109,41" hai2="107,25,46,60,116,36,72,83,30,70,108,133,71" hai3="134,39,91,24,105,85,49,128,3,2,66,8,65"/><U28/><E129/><V75/><F116/><W69/><G105/><T123/><D123/><U113/><E28/><V90/><F133/><W97/><G39/><T31/><D135/><U131/><E131/><V96/><F90/><W124/><G97/><T101/><D125/><U117/><E117/><V10/><F10/><W27/><G128/><T16/><D101/><U81/><E113/><V13/><F13/><W48/><G134/><T110/><D110/><U126/><E126/><V55/><F75/><W92/><G124/><T115/><D115/><U95/><E81/><V57/><F108/><W4/><G2/><T20/><D58/><U98/><E0/><V79/><F36/><W6/><G6/><T52/><D31/><U21/><E5/><V100/><REACH who="2" step="1"/><F46/><REACH who="2" ten="151,237,299,303" step="2"/><W17/><G8/><T34/><D34/><AGARI ba="0,1" hai="25,30,34,55,57,60,70,71,72,79,83,96,100,107" machi="34" ten="30,7700,0" yaku="1,1,2,1,7,1,53,1" doraHai="122" doraHaiUra="22" who="2" fromWho="0" sc="151,-77,237,0,299,87,303,0" /><INIT seed="6,0,0,3,2,95" ten="74,237,386,303" oya="2" hai0="78,47,52,100,129,117,80,74,16,37,33,88,5" hai1="9,132,46,19,29,49,8,125,61,107,23,45,84" hai2="17,121,86,56,24,90,83,69,124,119,36,32,11" hai3="40,98,70,116,41,131,103,87,25,126,68,60,10"/><V120/><F69/><W42/><G116/><T18/><D33/><U79/><E107/><V54/><F36/><W38/><G38/><T64/><D64/><U0/><E125/><V55/><F124/><W21/><G126/><T35/><D35/><U53/><E132/><V102/><F119/><W26/><G26/><T59/><D117/><U128/><E128/><V1/><F102/><W58/><G87/><T39/><D129/><U44/><E29/><V63/><F1/><W114/><G10/><N who="1" m="4202" /><E61/><V57/><F32/><W2/><G2/><T71/><D71/><U110/><E110/><V51/><REACH who="2" step="1"/><F11/><REACH who="2" ten="74,237,376,303" step="2"/><W4/><G131/><T34/><D100/><U30/><E0/><V118/><F118/><W127/><G127/><T123/><D34/><U3/><E3/><V65/><F65/><W50/><G70/><T77/><D37/><U81/><E30/><V43/><F43/><W92/><G68/><T101/><D101/><U22/><E22/><AGARI ba="0,1" hai="17,22,24,51,54,55,56,57,63,83,86,90,120,121" machi="22" ten="40,2000,0" yaku="1,1,53,0" doraHai="95" doraHaiUra="112" who="2" fromWho="1" sc="74,0,237,-20,376,30,303,0" /><INIT seed="6,1,0,3,1,62" ten="74,217,406,303" oya="2" hai0="63,89,25,111,130,22,107,47,11,113,27,117,54" hai1="74,30,0,95,19,125,78,44,23,15,57,75,26" hai2="121,36,98,110,87,66,104,50,59,123,35,51,93" hai3="46,72,65,129,52,28,37,38,2,9,118,101,3"/><V80/><F36/><W112/><G118/><T90/><D111/><U31/><E125/><V91/><F35/><W40/><G38/><T42/><D107/><U48/><E0/><V83/><F104/><W106/><G72/><T4/><D130/><U122/><E122/><V84/><F110/><W20/><G112/><T14/><D113/><U99/><E31/><V39/><F39/><W69/><G9/><T29/><D117/><U108/><E108/><V86/><F121/><W5/><G5/><T18/><D54/><U7/><E7/><V71/><F71/><W127/><G127/><T102/><D102/><U103/><E57/><V85/><F123/><W6/><G6/><T82/><D82/><U133/><E133/><V97/><F97/><W45/><G20/><T67/><D42/><U41/><REACH who="1" step="1"/><E78/><REACH who="1" ten="74,207,406,303" step="2"/><V92/><F83/><W128/><G28/><T116/><D47/><U60/><E60/><N who="2" m="38175" /><F80/><W33/><G129/><T70/><REACH who="0" step="1"/><D116/><REACH who="0" ten="64,207,406,303" step="2"/><U12/><E12/><V24/><F24/><W73/><G128/><T8/><D8/><AGARI ba="1,2" hai="8,15,19,23,26,30,41,44,48,74,75,95,99,103" machi="8" ten="30,2000,0" yaku="1,1,7,1,53,0" doraHai="62" doraHaiUra="119" who="1" fromWho="0" sc="64,-23,207,43,406,0,303,0" /><INIT seed="7,0,0,2,3,119" ten="41,250,406,303" oya="3" hai0="70,117,95,21,110,107,120,123,121,81,20,132,56" hai1="115,2,58,80,112,91,3,126,61,18,83,67,10" hai2="14,34,94,125,65,134,114,33,38,30,24,76,90" hai3="68,37,22,51,85,25,12,82,118,26,8,41,66"/><W49/><G118/><T84/><D70/><U71/><E126/><V7/><F38/><W31/><G26/><T135/><D56/><U75/><E71/><V133/><F114/><N who="1" m="43561" /><E75/><V23/><F125/><W72/><G72/><T105/><D117/><U86/><E83/><V48/><F65/><W36/><G66/><T79/><D20/><U11/><E18/><V40/><F76/><W32/><G68/><T17/><D21/><U4/><E4/><V46/><F7/><W9/><G9/><AGARI ba="0,0" hai="2,3,9,10,11,58,61,67,80,86,91" m="43561" machi="9" ten="30,1000,0" yaku="15,1" doraHai="119" who="1" fromWho="3" sc="41,0,250,10,406,0,303,-10" owari="41,-46.0,260,-14.0,406,51.0,293,9.0" /></mjloggm>