<mjloggm ver="2.3"><GO type="97" lobby="0"/><UN n0="%E5%B0%B1%E6%B4%BB%E7%94%9F%40%E5%B7%9D%E6%9D%91%E8%BB%8D%E5%9B%A3" n1="%E7%B4%94%EF%BC%93%E9%BE%8D%E9%96%80" n2="%53%65%70%68%69%72%69%61" n3="%E6%97%A5%E6%9C%AC%E8%AA%9E%E9%9B%A3%E3%81%97%E3%81%84" dan="15,13,13,14" rate="1962.93,1860.88,1889.66,1966.23" sx="M,F,M,M"/><TAIKYOKU oya="0"/><INIT seed="0,0,0,1,2,84" ten="250,250,250,250" oya="0" hai0="45,2,93,124,77,98,97,28,66,73,127,134,37" hai1="41,26,34,88,10,109,82,121,19,60,49,3,62" hai2="135,24,68,67,75,104,114,48,44,78,14,117,17" hai3="86,133,42,40,38,22,29,52,105,56,125,122,72"/><T23/><D2/><U51/><E109/><V101/><F114/><W130/><G72/><T15/><D134/><U39/><E39/><V90/><F135/><W94/><G133/><T25/><D66/><U132/><E121/><V99/><F117/><W108/><G122/><T4/><D73/><U30/><E132/><V106/><F75/><W18/><G108/><T123/><D77/><U35/><E35/><V47/><F78/><W46/><G125/><N who="0" m="48203" /><D123/><U7/><E19/><V102/><F68/><W8/><G130/><T95/><D95/><U69/><E41/><V20/><F67/><W91/><G105/><T126/><N who="0" m="48211" /><T131/><DORA hai="9" /><D131/><U16/><E16/><N who="2" m="12295" /><F106/><W100/><G100/><T80/><D80/><U36/><E36/><V129/><F129/><W54/><G42/><N who="0" m="22735" /><D93/><U55/><E69/><V92/><F104/><W63/><G8/><AGARI ba="0,0" hai="4,8,15,23,25,28,97,98" m="22735,48211" machi="8" ten="40,3900,0" yaku="18,1,52,1" doraHai="84,9" who="0" fromWho="3" sc="250,39,250,0,250,0,250,-39" /><INIT seed="0,1,0,0,2,39" ten="289,250,250,211" oya="0" hai0="8,2,105,94,85,51,68,54,75,34,12,16,61" hai1="101,102,122,97,103,31,63,43,91,46,88,111,121" hai2="124,44,83,36,79,10,55,110,65,90,117,78,86" hai3="11,95,38,66,47,81,109,89,92,3,108,130,17"/><T5/><D105/><U0/><E111/><N who="3" m="42570" /><G130/><T60/><D75/><U15/><E0/><V18/><F110/><W107/><G107/><T118/><D34/><U53/><E31/><V40/><F117/><W112/><G112/><T27/><D118/><U82/><E15/><V29/><F124/><W50/><G66/><T49/><D68/><U9/><E9/><V93/><F65/><W120/><G120/><T14/><D27/><U128/><E128/><V127/><F127/><W6/><G38/><T35/><D35/><U69/><E97/><V32/><F32/><W123/><G123/><T19/><D2/><U119/><E119/><V100/><F29/><W23/><G81/><T73/><D73/><U30/><E30/><V52/><F100/><W1/><G1/><T70/><D70/><U33/><E33/><V126/><F126/><W87/><G87/><T24/><D24/><U116/><E116/><V48/><F36/><W57/><G57/><N who="0" m="32975" /><D51/><U132/><E121/><V56/><F56/><W26/><G89/><N who="0" m="53551" /><D5/><U96/><E122/><V131/><F131/><W99/><G99/><T113/><D113/><U41/><E96/><N who="2" m="57399" /><F78/><W98/><G98/><T77/><D77/><U106/><E106/><V20/><F10/><AGARI ba="1,0" hai="8,10,12,14,16,19,60,61" m="53551,32975" machi="10" ten="30,2900,0" yaku="8,1,54,1" doraHai="39" who="0" fromWho="2" sc="289,32,250,0,250,-32,211,0" /><INIT seed="0,2,0,4,0,12" ten="321,250,218,211" oya="0" hai0="1,46,75,54,85,0,89,37,57,66,6,87,65" hai1="5,134,55,133,129,63,43,114,79,14,31,91,117" hai2="135,39,96,21,95,116,105,7,60,10,99,58,4" hai3="93,106,126,47,23,24,84,3,128,44,118,131,121"/><T13/><D75/><U76/><E117/><V111/><F116/><W30/><G118/><T2/><D37/><U72/><E129/><N who="3" m="49738" /><G106/><T50/><D85/><U100/><E114/><V103/><F39/><W16/><G3/><T11/><REACH who="0" step="1"/><D46/><REACH who="0" ten="311,250,218,211" step="2"/><U86/><E72/><V59/><F135/><W80/><G126/><T130/><D130/><U92/><E134/><V19/><F111/><W15/><G121/><T48/><D48/><U97/><E133/><V34/><F60/><W119/><G119/><T115/><D115/><U124/><E63/><V132/><F132/><W9/><G93/><AGARI ba="2,1" hai="0,1,2,6,11,13,50,54,57,65,66,87,89,93" machi="93" ten="40,2000,0" yaku="1,1,53,0" doraHai="12" doraHaiUra="25" who="0" fromWho="3" sc="311,36,250,0,218,0,211,-26" /><INIT seed="0,3,0,3,0,88" ten="347,250,218,185" oya="0" hai0="6,50,48,7,104,26,38,3,32,86,12,124,18" hai1="24,80,8,41,35,25,85,30,23,49,117,5,72" hai2="93,75,98,115,76,43,62,133,90,20,110,19,52" hai3="66,44,67,127,92,111,126,113,77,83,37,74,121"/><T15/><D38/><U39/><E117/><V129/><F115/><W36/><G113/><T63/><D104/><U94/><E39/><V40/><F129/><W0/><G111/><T34/><D124/><N who="3" m="47657" /><G121/><T53/><D63/><U132/><E132/><V108/><F133/><W99/><G0/><T106/><D106/><U27/><E72/><V103/><F75/><W28/><G28/><T97/><D97/><U130/><E130/><V51/><F76/><W13/><G13/><T102/><D102/><U116/><E116/><V112/><F112/><W55/><G37/><T73/><D73/><U79/><E35/><V134/><F134/><W69/><G69/><T122/><D122/><U9/><E94/><N who="2" m="58839" /><F110/><W60/><G60/><T2/><D86/><U95/><E95/><V120/><F120/><W131/><G131/><T87/><D87/><U96/><E96/><N who="2" m="57399" /><F108/><W1/><G1/><T47/><D32/><U89/><E79/><V31/><F31/><W118/><G118/><T78/><D78/><U4/><E30/><V54/><F62/><W58/><G58/><T42/><D34/><U46/><E23/><V101/><F101/><N who="3" m="60647" /><G55/><N who="2" m="21033" /><F51/><W123/><G123/><T68/><D68/><U100/><E100/><V29/><F29/><W10/><G10/><AGARI ba="3,0" hai="4,5,8,9,10,24,25,27,41,46,49,80,85,89" machi="10" ten="40,1300,0" yaku="8,1" doraHai="88" who="1" fromWho="3" sc="347,0,250,22,218,0,185,-22" /><INIT seed="1,0,0,1,3,43" ten="347,272,218,163" oya="1" hai0="42,28,85,93,68,54,112,76,16,20,134,18,52" hai1="61,89,72,131,101,73,57,19,38,104,126,127,128" hai2="49,2,118,33,17,108,106,109,97,47,34,23,74" hai3="41,120,115,8,121,90,111,37,14,53,98,105,22"/><U87/><E38/><V71/><F118/><W67/><G115/><T130/><D68/><U113/><E19/><N who="0" m="7209" /><D112/><U107/><E113/><V26/><F71/><W132/><G111/><N who="2" m="42569" /><F74/><N who="1" m="28777" /><E57/><V10/><F2/><W25/><G132/><T110/><D110/><U81/><E61/><V83/><F83/><W122/><G67/><T66/><D66/><U0/><E0/><V70/><F70/><W96/><G96/><T11/><D42/><U32/><E32/><V7/><F106/><N who="1" m="40489" /><E101/><V62/><F62/><W64/><G64/><T84/><D11/><U56/><E56/><V31/><F97/><W99/><G105/><T63/><D63/><U39/><E39/><V24/><F47/><W50/><G90/><T4/><D4/><U102/><E102/><V1/><F49/><W30/><G41/><T103/><D103/><U36/><E36/><V75/><F75/><W40/><G40/><T6/><D6/><U21/><E21/><AGARI ba="0,0" hai="1,7,10,17,21,23,24,26,31,33,34" m="42569" machi="21" ten="30,3900,0" yaku="14,1,34,2" doraHai="43" who="2" fromWho="1" sc="347,0,272,-39,218,39,163,0" /><INIT seed="2,0,0,3,4,5" ten="347,233,257,163" oya="2" hai0="115,23,50,122,76,57,108,83,130,31,96,67,3" hai1="98,36,47,11,125,33,9,123,107,26,54,102,119" hai2="8,51,135,89,12,91,127,17,129,27,116,74,88" hai3="34,110,29,4,133,70,18,94,39,104,79,46,80"/><V45/><F116/><W64/><G110/><T56/><D3/><U32/><E119/><V85/><F74/><W132/><G104/><T60/><D122/><U62/><E123/><V13/><F127/><W63/><G4/><T109/><D130/><U126/><E62/><V72/><F72/><N who="3" m="43111" /><G18/><T41/><D115/><U81/><E81/><N who="2" m="49199" /><F129/><W100/><G94/><T103/><D23/><U78/><E78/><V131/><F131/><W10/><G10/><N who="1" m="3594" /><E26/><V121/><F121/><W82/><G82/><T30/><D30/><U55/><E36/><V128/><F128/><W53/><G53/><N who="1" m="19978" /><E47/><V120/><F120/><W92/><G92/><T14/><D31/><U87/><E87/><V28/><F135/><N who="3" m="51787" /><G100/><T59/><D83/><U117/><E117/><V90/><F13/><W16/><G16/><T42/><D76/><U24/><E24/><V69/><F69/><W25/><G46/><T84/><D84/><U124/><AGARI ba="0,0" hai="32,33,98,102,107,124,125,126" m="19978,3594" machi="124" ten="40,8000,1" yaku="18,1,52,3" doraHai="5" who="1" fromWho="1" sc="347,-20,233,80,257,-40,163,-20" /><INIT seed="3,0,0,2,1,96" ten="327,313,217,143" oya="3" hai0="54,81,100,104,84,50,101,74,87,70,7,79,90" hai1="56,102,45,11,36,131,57,27,37,126,19,41,59" hai2="110,105,109,69,30,17,106,49,60,113,93,51,21" hai3="58,97,134,35,82,132,8,103,25,89,38,135,39"/><W72/><G58/><N who="0" m="33111" /><D70/><U55/><E36/><V95/><F69/><W63/><G8/><T114/><D114/><U107/><E131/><V99/><F113/><W116/><G63/><T128/><D128/><U88/><E126/><V13/><F30/><N who="3" m="19919" /><G116/><T94/><D104/><U52/><E107/><V40/><F60/><W0/><G0/><T48/><D74/><U118/><E102/><N who="0" m="39529" /><D48/><U32/><E118/><V91/><F51/><W129/><G129/><T9/><D9/><U1/><E88/><V31/><F106/><N who="3" m="63855" /><G89/><N who="0" m="53543" /><D7/><U33/><E33/><V6/><F105/><W46/><G46/><T14/><D14/><U10/><E10/><V43/><F6/><W130/><G130/><T64/><D64/><U121/><E121/><V65/><F65/><W67/><G67/><T124/><D124/><U66/><E66/><V85/><F49/><W71/><G71/><T2/><D2/><U12/><REACH who="1" step="1"/><E1/><REACH who="1" ten="327,303,217,143" step="2"/><V29/><F91/><AGARI ba="0,1" hai="79,81,87,90,91" m="53543,39529,33111" machi="91" ten="30,7700,0" yaku="8,1,52,3" doraHai="96" who="0" fromWho="2" sc="327,87,303,0,217,-77,143,0" owari="414,52.0,303,10.0,140,-36.0,143,-26.0" /></mjloggm>