<mjloggm ver="2.3"><GO type="41" lobby="0"/><UN n0="%E5%B0%B1%E6%B4%BB%E7%94%9F%40%E5%B7%9D%E6%9D%91%E8%BB%8D%E5%9B%A3" n1="%52%61%69%74%69%2E" n2="%E4%BA%94%E5%8D%81%E5%86%86" n3="%70%69%72%6F%72%69%6E%6F" dan="14,13,14,13" rate="1932.46,1888.25,1891.23,1888.88" sx="M,M,M,M"/><TAIKYOKU oya="0"/><INIT seed="0,0,0,4,5,2" ten="250,250,250,250" oya="0" hai0="93,96,78,66,70,133,97,100,71,30,18,73,3" hai1="55,132,16,83,82,95,52,125,41,23,99,67,36" hai2="21,40,5,91,123,108,19,33,112,122,74,15,75" hai3="62,42,77,35,32,129,89,51,131,61,7,65,46"/><T134/><D3/><U57/><E125/><V39/><F112/><W0/><G77/><T135/><D30/><U98/><E132/><V119/><F119/><W102/><G102/><T1/><D1/><U63/><E41/><V120/><F33/><W110/><G89/><T85/><D73/><U43/><E43/><V60/><F108/><W45/><G110/><T115/><D115/><U107/><E36/><V80/><F60/><W101/><G101/><T8/><D96/><N who="1" m="36907" /><E107/><V117/><F117/><W72/><G72/><T64/><D85/><U44/><E95/><V128/><F128/><W106/><G106/><T12/><REACH who="0" step="1"/><D78/><REACH who="0" ten="240,250,250,250" step="2"/><U14/><E67/><AGARI ba="0,1" hai="8,12,18,64,66,67,70,71,93,97,100,133,134,135" machi="67" ten="40,7700,0" yaku="1,1,2,1,20,1,53,0" doraHai="2" doraHaiUra="20" who="0" fromWho="1" sc="240,87,250,-77,250,0,250,0" /><INIT seed="0,1,0,4,1,18" ten="327,173,250,250" oya="0" hai0="61,95,31,91,48,114,86,107,57,24,3,76,97" hai1="131,68,119,34,22,92,7,60,120,130,55,118,27" hai2="80,37,103,84,105,35,44,85,87,5,70,41,9" hai3="30,43,123,124,132,0,121,78,126,74,90,81,93"/><T26/><D114/><U129/><E92/><V89/><F70/><W14/><G0/><T56/><D3/><U72/><E72/><V88/><F35/><W4/><G43/><T47/><D61/><U104/><E104/><V98/><REACH who="2" step="1"/><F89/><REACH who="2" ten="327,173,240,250" step="2"/><W102/><G30/><T45/><D31/><N who="1" m="19839" /><E68/><V133/><F133/><W38/><G132/><T17/><D91/><U39/><E39/><V75/><F75/><W36/><G14/><AGARI ba="1,1" hai="5,9,14,37,41,44,80,84,85,87,88,98,103,105" machi="14" ten="30,3900,0" yaku="1,1,7,1,54,1,53,0" doraHai="18" doraHaiUra="135" who="2" fromWho="3" sc="327,0,173,0,240,52,250,-42" /><INIT seed="1,0,0,3,2,128" ten="327,173,292,208" oya="1" hai0="100,114,111,72,66,16,18,47,74,57,82,58,83" hai1="39,104,96,12,121,22,118,71,35,26,30,36,24" hai2="103,97,101,115,31,131,84,55,23,1,65,48,2" hai3="33,125,3,53,64,102,106,129,124,95,127,29,43"/><U60/><E121/><V34/><F131/><W77/><G3/><T80/><D114/><U46/><E118/><V67/><F115/><W6/><G6/><T10/><D111/><U56/><E46/><V21/><F34/><W13/><G13/><T44/><D10/><U78/><E78/><V76/><F2/><W110/><G110/><T11/><D11/><U75/><E75/><N who="0" m="28713" /><D66/><N who="2" m="25098" /><F1/><W70/><G43/><T87/><D100/><N who="2" m="38474" /><F97/><N who="3" m="61775" /><G53/><T112/><D87/><U45/><E104/><V113/><F31/><W14/><G14/><T117/><D117/><U133/><E71/><V90/><F76/><W25/><G77/><T28/><D28/><U94/><E12/><V27/><F113/><W99/><G129/><T8/><D8/><U38/><E133/><V40/><F40/><W108/><G108/><T62/><D62/><U107/><E107/><V120/><F120/><W51/><G51/><T85/><D85/><U98/><E94/><N who="2" m="54599" /><F27/><W0/><G0/><T52/><D52/><U73/><E73/><V42/><F42/><W17/><G70/><T49/><D49/><U134/><E134/><V81/><F81/><W92/><G64/><T63/><D63/><U9/><E9/><V37/><F37/><W5/><G5/><T91/><D112/><U32/><E45/><AGARI ba="0,0" hai="21,23,45,48,55" m="54599,38474,25098" machi="45" ten="30,1000,0" yaku="8,1" doraHai="128" who="2" fromWho="1" sc="327,0,173,-10,292,10,208,0" /><INIT seed="2,0,0,1,0,131" ten="327,163,302,208" oya="2" hai0="49,11,10,82,30,127,99,111,112,34,97,38,87" hai1="64,63,5,37,107,94,102,39,6,81,114,61,92" hai2="85,84,69,109,14,71,28,47,110,23,117,105,43" hai3="125,0,27,72,44,79,86,22,2,106,62,3,25"/><V76/><F117/><W129/><G106/><T65/><D38/><U54/><E64/><V18/><F105/><W128/><G72/><T122/><D112/><U133/><E107/><V118/><F118/><W9/><G44/><T48/><D122/><U78/><E102/><V42/><F28/><W55/><G125/><T88/><D127/><U90/><E114/><V74/><F74/><W113/><G113/><T29/><D65/><U70/><E90/><V132/><F132/><W103/><G103/><T46/><D48/><U32/><E81/><N who="2" m="47143" /><F85/><W33/><G33/><T56/><D56/><U68/><E54/><V57/><F57/><W41/><G41/><N who="2" m="15369" /><F47/><W126/><G126/><T24/><D111/><AGARI ba="0,0" hai="14,18,23,69,71,109,110,111" m="15369,47143" machi="111" ten="30,2900,0" yaku="14,1,10,1" doraHai="131" who="2" fromWho="0" sc="327,-29,163,0,302,29,208,0" /><INIT seed="2,1,0,4,0,81" ten="298,163,331,208" oya="2" hai0="34,67,113,77,52,125,4,28,63,79,61,15,21" hai1="90,12,48,108,120,46,110,54,60,86,58,31,7" hai2="130,129,72,123,68,107,8,27,14,116,127,18,76" hai3="22,47,55,106,44,57,128,49,65,100,50,39,94"/><V115/><F68/><W40/><G128/><N who="2" m="49257" /><F107/><W37/><G106/><T78/><D113/><U26/><E120/><V114/><F72/><W11/><G11/><N who="0" m="4583" /><D34/><U23/><E12/><V56/><F76/><W1/><G1/><T20/><D125/><U104/><E7/><V30/><F56/><W84/><G22/><N who="0" m="8811" /><D67/><U32/><E32/><N who="2" m="20575" /><F123/><W109/><G109/><T134/><D134/><U6/><E6/><V124/><F116/><W29/><G29/><T99/><D28/><U101/><E101/><V36/><F36/><W41/><G100/><T70/><D70/><U45/><E45/><V25/><F25/><W35/><G35/><T73/><D73/><U9/><E9/><V13/><F13/><W59/><G84/><T33/><D33/><U17/><E31/><V85/><F85/><W117/><G94/><T51/><D99/><U98/><E98/><V122/><F122/><W83/><G83/><T91/><D91/><U24/><E24/><V62/><F62/><N who="3" m="38095" /><G117/><T135/><D135/><U64/><REACH who="1" step="1"/><E104/><REACH who="1" ten="298,153,331,208" step="2"/><V111/><F111/><W131/><G131/><T66/><D66/><U102/><E102/><V119/><F119/><W132/><G132/><T133/><D133/><U126/><E126/><AGARI ba="1,1" hai="8,14,18,114,115,124,126,127" m="20575,49257" machi="126" ten="30,11600,0" yaku="18,1,19,1,34,2" doraHai="81" who="2" fromWho="1" sc="298,0,153,-119,331,129,208,0" /><INIT seed="2,2,0,2,3,38" ten="298,34,460,208" oya="2" hai0="3,89,21,129,128,23,25,7,119,2,18,16,56" hai1="6,9,31,11,77,55,86,110,24,81,103,29,82" hai2="91,72,116,30,134,37,124,66,0,46,20,4,133" hai3="93,122,42,135,57,14,107,10,26,22,15,73,113"/><V71/><F116/><W99/><G73/><T112/><D112/><U67/><E67/><V96/><F72/><W45/><G122/><T68/><D68/><U50/><E110/><V125/><F0/><N who="0" m="42" /><D89/><U34/><E29/><V61/><F4/><W131/><G107/><T85/><D85/><U102/><E81/><V62/><F62/><W118/><G118/><T78/><D78/><U63/><E63/><V106/><F30/><W19/><G57/><T87/><D87/><U33/><E33/><V35/><F20/><W76/><G76/><T120/><D56/><U123/><E123/><V111/><F35/><W43/><G113/><T58/><D58/><U130/><E130/><N who="0" m="50281" /><D119/><U126/><E126/><N who="2" m="48747" /><F111/><W115/><G131/><T44/><D44/><U79/><E79/><V132/><F91/><W70/><G45/><T75/><D75/><U36/><E36/><V8/><F8/><W65/><G65/><T59/><D59/><U95/><E95/><V13/><F13/><W48/><G70/><T74/><D74/><U121/><E121/><V69/><F69/><W88/><G48/><T47/><D47/><U51/><E51/><V5/><F5/><W1/><G115/><T17/><D120/><U94/><E94/><V108/><F108/><W92/><G1/><T12/><D7/><U105/><E105/><V39/><F46/><W27/><G93/><T32/><D32/><U114/><E114/><V83/><F83/><W64/><G64/><T84/><D84/><U117/><E117/><V60/><F60/><W101/><G101/><AGARI ba="2,0" hai="37,39,61,66,71,96,101,106,132,133,134" m="48747" machi="101" ten="40,7700,0" yaku="20,1,18,1,23,1" doraHai="38" who="2" fromWho="3" sc="298,0,34,0,460,83,208,-83" /><INIT seed="2,3,0,1,1,78" ten="298,34,543,125" oya="2" hai0="7,123,135,71,77,133,73,127,131,42,58,81,6" hai1="66,39,91,27,59,80,29,44,40,15,106,5,96" hai2="121,26,30,108,102,69,86,3,43,92,125,56,57" hai3="129,94,9,63,64,35,4,45,70,74,99,51,55"/><V2/><F121/><W11/><G35/><T23/><D123/><U113/><E113/><V25/><F69/><W72/><G11/><T105/><D71/><U116/><E116/><V46/><F125/><W47/><G45/><T93/><D105/><U79/><E5/><V95/><F26/><W38/><G38/><T10/><D42/><U32/><E15/><V61/><F108/><W17/><G17/><T85/><D127/><U101/><E91/><V60/><F102/><W67/><G64/><T19/><D131/><U132/><E132/><N who="0" m="50761" /><D58/><U107/><E107/><V41/><F25/><W119/><G119/><T120/><D120/><U89/><E89/><V122/><F86/><W50/><G51/><T114/><D114/><U8/><E8/><V16/><F122/><W128/><G129/><T130/><D10/><U117/><E117/><V22/><F22/><W100/><REACH who="3" step="1"/><G128/><REACH who="3" ten="298,34,543,115" step="2"/><T36/><D36/><U84/><E66/><V118/><F46/><W52/><G52/><T75/><D130/><U112/><E112/><V115/><F115/><W109/><G109/><T33/><D33/><U21/><E59/><V53/><F53/><W20/><G20/><T97/><D6/><U87/><REACH who="1" step="1"/><E21/><REACH who="1" ten="298,24,543,115" step="2"/><V48/><F118/><W68/><G68/><T18/><D7/><U65/><E65/><V76/><F57/><W88/><G88/><N who="0" m="55463" /><D23/><U82/><E82/><V14/><F56/><W24/><G24/><T98/><D77/><U110/><E110/><V13/><F76/><W0/><AGARI ba="3,2" hai="0,4,9,47,50,55,63,67,70,72,74,94,99,100" machi="0" ten="20,5200,0" yaku="1,1,0,1,7,1,53,1" doraHai="78" doraHaiUra="62" who="3" fromWho="3" sc="298,-16,24,-16,543,-29,115,81" /><INIT seed="3,0,0,3,0,18" ten="282,8,514,196" oya="3" hai0="94,84,74,43,92,0,16,11,108,36,87,129,56" hai1="69,130,30,73,95,80,122,93,71,104,60,38,100" hai2="54,68,8,2,41,22,126,117,59,98,34,63,72" hai3="40,109,28,115,46,57,78,48,52,47,121,44,131"/><W42/><G78/><T102/><D74/><U85/><E30/><V7/><F117/><W97/><G28/><T9/><D108/><U105/><E38/><V119/><F119/><W14/><G14/><T113/><D113/><U62/><E122/><V134/><F34/><W12/><G12/><T120/><D129/><U27/><E130/><V61/><F72/><W24/><G24/><T51/><D36/><U45/><E45/><N who="3" m="17514" /><G97/><N who="0" m="59687" /><D43/><N who="3" m="16425" /><G131/><T86/><D0/><U4/><E4/><V70/><F41/><N who="3" m="24687" /><G121/><T6/><D6/><U99/><E27/><V49/><F2/><W107/><G107/><T77/><D120/><U25/><E25/><V23/><F7/><W31/><G31/><T79/><D94/><U37/><E37/><V26/><F26/><W82/><G82/><T114/><D114/><U127/><E127/><V110/><F8/><N who="0" m="3146" /><D16/><U50/><E50/><V53/><F49/><N who="3" m="30863" /><G115/><T3/><D3/><U5/><E5/><V64/><F23/><W55/><G109/><T15/><D15/><U118/><E118/><V58/><F22/><W135/><G135/><T112/><D112/><U13/><E13/><V128/><F134/><W116/><G116/><T123/><D123/><U132/><E132/><V19/><F110/><W67/><G67/><T76/><D76/><N who="1" m="44047" /><E85/><V17/><F64/><W101/><G101/><T66/><D66/><N who="1" m="41159" /><E105/><V96/><F126/><W32/><G32/><T90/><D90/><U111/><E111/><V29/><F128/><W83/><G83/><T88/><D88/><U20/><E20/><V1/><F1/><W10/><G10/><T65/><D65/><AGARI ba="0,0" hai="62,65,71,93,95,99,100,104" m="41159,44047" machi="65" ten="30,1000,0" yaku="6,1" doraHai="18" who="1" fromWho="0" sc="282,-10,8,10,514,0,196,0" /><INIT seed="4,0,0,3,2,58" ten="272,18,514,196" oya="0" hai0="93,80,55,103,128,105,9,10,1,122,88,131,61" hai1="81,121,75,69,35,109,126,83,106,3,30,36,108" hai2="85,11,6,19,90,133,77,0,29,65,102,31,127" hai3="72,112,100,5,64,119,79,56,12,94,49,42,134"/><T27/><D122/><U129/><E81/><V54/><F133/><W125/><G119/><T120/><D120/><U50/><E30/><V92/><F127/><W115/><G134/><T60/><D105/><U63/><E83/><V21/><F65/><W38/><G125/><T68/><D103/><U15/><E15/><V114/><F114/><N who="3" m="43563" /><G38/><T123/><D80/><U17/><E17/><V47/><F77/><W111/><G111/><T32/><D68/><U98/><E50/><V53/><F102/><W82/><G94/><T116/><D123/><U8/><E8/><N who="0" m="3177" /><D55/><U86/><E63/><N who="0" m="24137" /><D1/><U78/><E86/><V70/><F70/><W91/><G100/><T37/><D37/><U124/><E98/><V66/><F54/><N who="3" m="31823" /><G42/><T104/><D104/><U13/><E13/><V89/><F53/><W34/><G34/><T74/><D74/><U113/><E78/><V110/><F66/><W96/><G91/><T20/><D32/><U97/><E97/><V132/><F89/><W14/><G96/><N who="0" m="57383" /><D116/><U33/><E33/><V45/><F90/><W57/><G5/><T22/><D27/><U135/><E109/><V101/><F0/><W18/><G18/><T87/><D87/><U118/><AGARI ba="0,0" hai="3,35,36,69,75,106,108,113,118,121,124,126,129,135" machi="118" ten="0,32000,5" yakuman="47" doraHai="58" who="1" fromWho="1" sc="272,-160,18,320,514,-80,196,-80" /><INIT seed="5,0,0,2,1,93" ten="112,338,434,116" oya="1" hai0="110,99,104,47,89,64,96,125,98,33,132,103,107" hai1="26,53,73,101,72,61,79,108,62,56,25,105,87" hai2="30,43,57,131,81,51,42,130,124,134,77,100,63" hai3="86,44,128,45,36,118,122,2,37,67,92,126,29"/><U22/><E108/><V60/><F124/><W111/><G2/><T31/><D110/><U15/><E72/><V127/><F134/><W65/><G111/><T21/><D125/><U24/><E73/><V91/><F127/><W66/><G126/><T78/><D132/><U95/><E105/><V88/><F100/><W112/><G29/><T13/><D33/><U59/><E15/><V71/><F30/><W46/><G92/><N who="0" m="56335" /><D107/><U69/><E69/><V38/><F38/><N who="3" m="14955" /><G86/><T8/><D103/><U7/><E7/><V49/><F71/><W94/><G94/><T34/><D34/><U114/><E114/><V50/><F130/><W20/><G112/><T14/><D64/><N who="3" m="16385" /><W54/><DORA hai="113" /><G128/><T18/><D104/><U52/><E101/><V115/><F131/><W5/><G5/><N who="0" m="3215" /><D78/><U116/><E116/><V76/><F115/><W35/><G35/><T117/><D117/><U85/><E95/><V135/><F135/><W6/><G6/><T120/><D120/><U12/><E79/><N who="2" m="30283" /><F63/><W102/><G102/><T123/><D123/><U17/><AGARI ba="0,0" hai="12,17,22,24,25,26,52,53,56,59,61,62,85,87" machi="17" ten="30,11700,0" yaku="0,1,9,1,8,1,54,1" doraHai="93,113" who="1" fromWho="1" sc="112,-39,338,117,434,-39,116,-39" /><INIT seed="5,1,0,4,4,69" ten="73,455,395,77" oya="1" hai0="66,115,24,16,107,109,113,2,61,127,49,6,14" hai1="57,22,121,12,64,62,91,56,59,31,39,29,40" hai2="25,117,38,81,93,20,70,134,110,28,102,5,73" hai3="26,96,13,63,101,97,32,122,4,71,45,11,50"/><U27/><E121/><V0/><F117/><W88/><G122/><T105/><D109/><U111/><E111/><V46/><F110/><W123/><G123/><T83/><D127/><U37/><E40/><N who="2" m="22807" /><F134/><W35/><G63/><T7/><D24/><U9/><E31/><V53/><F93/><W51/><G71/><T21/><D49/><U89/><E89/><V17/><F102/><W48/><G45/><T82/><D105/><U47/><E91/><V65/><F53/><W55/><G55/><T72/><D107/><U87/><E87/><V15/><F70/><W8/><G8/><T75/><D75/><U58/><REACH who="1" step="1"/><E47/><REACH who="1" ten="73,445,395,77" step="2"/><V23/><F73/><W106/><REACH who="3" step="1"/><G26/><REACH who="3" ten="73,445,395,67" step="2"/><T128/><D113/><U112/><E112/><V52/><F25/><W124/><G124/><T129/><D115/><U77/><E77/><V34/><F28/><W132/><G132/><T68/><D128/><U19/><AGARI ba="1,2" hai="9,12,19,22,27,29,37,39,56,57,58,59,62,64" machi="19" ten="30,11700,0" yaku="1,1,0,1,52,2,53,0" doraHai="69" doraHaiUra="76" who="1" fromWho="1" sc="73,-40,445,140,395,-40,67,-40" /><INIT seed="5,2,0,5,0,20" ten="33,585,355,27" oya="1" hai0="71,81,38,74,32,9,22,132,18,36,29,41,85" hai1="30,120,110,102,42,104,37,121,95,47,5,116,52" hai2="7,8,43,34,53,79,60,6,46,2,118,33,44" hai3="39,97,25,59,62,117,77,103,40,92,131,89,112"/><U126/><E116/><V129/><F118/><W109/><G109/><T113/><D71/><U1/><E110/><V106/><F129/><W128/><G117/><T135/><D74/><U57/><E126/><V68/><F7/><W130/><G112/><T133/><D113/><U119/><E119/><V98/><F46/><N who="3" m="23839" /><G77/><T27/><D41/><U48/><E104/><V90/><F79/><W114/><G114/><T75/><D75/><U63/><E30/><V35/><F90/><W134/><G134/><T93/><D93/><U16/><E16/><V45/><F45/><W26/><G89/><N who="0" m="51375" /><D9/><U28/><E28/><V19/><F19/><W94/><G94/><T72/><D72/><U84/><E37/><V61/><F53/><AGARI ba="2,0" hai="25,26,53,59,62,92,97,103,128,130,131" m="23839" machi="53" ten="30,3900,0" yaku="19,1,52,2" doraHai="20" who="3" fromWho="2" sc="33,0,585,0,355,-45,27,45" /><INIT seed="6,0,0,2,5,88" ten="33,585,310,72" oya="2" hai0="63,45,44,26,110,125,113,65,97,9,27,133,130" hai1="55,39,77,132,12,134,99,11,76,127,8,129,50" hai2="87,35,57,54,64,14,122,79,23,3,116,124,6" hai3="82,17,85,107,68,83,89,48,34,10,42,121,43"/><V117/><F122/><W40/><G68/><T90/><D110/><U0/><E39/><V69/><F124/><W22/><G107/><T58/><D130/><U1/><E99/><V66/><F35/><W71/><G71/><T4/><D113/><U20/><E20/><V108/><F108/><W84/><G34/><T86/><D125/><U128/><E12/><V18/><F3/><W51/><G10/><T96/><D133/><U46/><E46/><V111/><F111/><W47/><G51/><T24/><D45/><U7/><E50/><V33/><F33/><W32/><G32/><T61/><D61/><U29/><E29/><V19/><F6/><W31/><G31/><T115/><D44/><U94/><E94/><V120/><F120/><W62/><G62/><T38/><D38/><U5/><E55/><V114/><F114/><W73/><G73/><T41/><D115/><U60/><REACH who="1" step="1"/><E60/><REACH who="1" ten="33,575,310,72" step="2"/><V81/><F18/><W106/><G106/><T52/><D41/><U119/><E119/><V70/><F117/><W103/><G121/><T98/><D52/><U67/><E67/><V30/><F116/><W92/><G92/><T95/><REACH who="0" step="1"/><D98/><REACH who="0" ten="23,575,310,72" step="2"/><U28/><E28/><V123/><F54/><W56/><G40/><T13/><AGARI ba="0,2" hai="4,9,13,24,26,27,58,63,65,86,90,95,96,97" machi="13" ten="30,8000,1" yaku="1,1,2,1,0,1,8,1,52,1,53,0" doraHai="88" doraHaiUra="15" who="0" fromWho="0" sc="23,100,575,-20,310,-40,72,-20" /><INIT seed="7,0,0,2,1,126" ten="123,555,270,52" oya="3" hai0="130,44,101,38,8,42,116,99,18,72,94,128,77" hai1="5,25,111,70,3,14,24,54,88,65,15,28,51" hai2="59,75,124,79,87,105,132,53,58,40,61,109,91" hai3="7,67,9,114,96,80,102,83,68,47,23,86,52"/><W31/><G114/><T113/><D116/><U106/><E111/><V73/><F124/><W134/><G134/><T110/><D113/><U55/><E106/><V104/><F132/><W37/><G67/><T117/><D110/><U107/><E107/><V39/><F109/><W76/><G68/><T10/><D117/><U27/><E88/><V129/><F129/><N who="0" m="49770" /><D18/><U119/><E119/><V26/><F26/><W121/><G121/><T1/><D1/><U93/><E93/><V29/><F29/><W30/><G23/><T19/><D19/><U13/><E28/><V50/><F39/><W57/><G47/><T4/><D4/><U56/><E55/><V16/><F16/><W118/><G37/><T131/><D131/><U74/><E74/><V112/><F112/><W115/><G83/><AGARI ba="0,0" hai="8,10,38,42,44,72,77,83,94,99,101" m="49770" machi="83" ten="30,7700,0" yaku="19,1,52,3" doraHai="126" who="0" fromWho="3" sc="123,77,555,0,270,0,52,-77" owari="200,-20.0,555,66.0,270,7.0,-25,-53.0" /></mjloggm>