<mjloggm ver="2.3"><GO type="169" lobby="0"/><UN n0="%E3%82%A6%E3%83%AB%E3%83%88%E3%83%A9%E7%AB%8B%E7%9B%B4" n1="%46%75%6E%54%69%6D%65" n2="%7A%65%72%6F%52%58" n3="%E6%9F%B3%E5%A6%82%E6%98%AF" dan="17,16,17,16" rate="2211.28,2012.31,2130.93,2086.61" sx="M,M,M,F"/><TAIKYOKU oya="0"/><INIT seed="0,0,0,2,1,104" ten="250,250,250,250" oya="0" hai0="29,33,78,100,58,72,123,116,41,90,4,64,89" hai1="133,39,0,30,61,77,119,16,105,99,107,98,47" hai2="60,124,120,13,40,129,56,24,32,84,114,131,25" hai3="1,76,57,59,35,80,82,134,8,83,65,112,21"/><T117/><D58/><U62/><E0/><V44/><F120/><W79/><G35/><T135/><D64/><U50/><E39/><V108/><F114/><W96/><G112/><T128/><D29/><U97/><E30/><V18/><F108/><W88/><G134/><T22/><D22/><U132/><E119/><N who="0" m="45641" /><D4/><U73/><E77/><N who="3" m="29770" /><G1/><T109/><D41/><U85/><E85/><V38/><F84/><W45/><G8/><T14/><D14/><U130/><E130/><N who="2" m="49675" /><F124/><W48/><G21/><T92/><D33/><U106/><E73/><V86/><F86/><W55/><G65/><T101/><D128/><U102/><E102/><N who="0" m="39529" /><D123/><U9/><E62/><V122/><F32/><W94/><AGARI ba="0,0" hai="45,48,55,57,59,80,82,83,88,94,96" m="29770" machi="94" ten="30,2000,0" yaku="8,1,54,1" doraHai="104" who="3" fromWho="3" sc="250,-10,250,-5,250,-5,250,20" /><INIT seed="1,0,0,4,5,30" ten="240,245,245,270" oya="1" hai0="56,26,20,99,12,91,1,46,122,54,107,50,62" hai1="66,14,15,68,124,110,71,10,38,61,105,82,63" hai2="60,117,109,11,125,83,84,16,128,35,25,118,58" hai3="23,53,64,92,43,27,75,132,74,29,127,67,18"/><U115/><E115/><V19/><F109/><W0/><G0/><T96/><D1/><U9/><E105/><V4/><F128/><W31/><G127/><T24/><D122/><U48/><E38/><V106/><F106/><W5/><G132/><T111/><D111/><U85/><E110/><V131/><F125/><W123/><G123/><T93/><D107/><U13/><E124/><V133/><F133/><W32/><G43/><T98/><D12/><U88/><REACH who="1" step="1"/><E48/><REACH who="1" ten="240,235,245,270" step="2"/><V73/><F118/><W86/><G74/><T55/><REACH who="0" step="1"/><D26/><REACH who="0" ten="230,235,245,270" step="2"/><U7/><E7/><V6/><F25/><W130/><G5/><T42/><D42/><U39/><E39/><V134/><F4/><W95/><G27/><T72/><D72/><U116/><E116/><V17/><F73/><W108/><G75/><T135/><D135/><U129/><E129/><V47/><F131/><W51/><G108/><T65/><D65/><AGARI ba="0,2" hai="9,10,13,14,15,61,63,65,66,68,71,82,85,88" machi="65" ten="40,7700,0" yaku="1,1,9,1,54,1,53,0" doraHai="30" doraHaiUra="70" who="1" fromWho="0" sc="230,-77,235,97,245,0,270,0" /><INIT seed="1,1,0,3,2,76" ten="153,332,245,270" oya="1" hai0="33,61,40,85,113,19,106,87,35,105,46,5,88" hai1="44,94,41,49,0,114,90,69,32,100,97,37,39" hai2="116,22,96,95,9,86,57,78,111,77,6,68,93" hai3="117,27,132,130,99,115,48,26,129,3,25,23,70"/><U103/><E114/><V47/><F68/><W43/><G70/><T84/><D113/><U131/><E69/><V135/><F116/><W14/><G115/><T67/><D5/><U72/><E32/><V38/><F111/><W21/><G117/><T112/><D112/><U17/><E0/><V58/><F135/><W92/><G3/><T51/><D33/><U101/><E131/><N who="3" m="50186" /><G132/><T125/><D35/><U45/><E72/><V110/><F22/><N who="3" m="8203" /><G14/><T104/><D19/><U52/><REACH who="1" step="1"/><E17/><REACH who="1" ten="153,322,245,270" step="2"/><V34/><F34/><W60/><G27/><T120/><D120/><U42/><E42/><V64/><F110/><W108/><G43/><T28/><D125/><U98/><E98/><V75/><F96/><W109/><G99/><T73/><D73/><U128/><E128/><V36/><F75/><W107/><G25/><T63/><D28/><U16/><E16/><V102/><F6/><W133/><G26/><T20/><D20/><U91/><E91/><V124/><F124/><W50/><G109/><T2/><D2/><U54/><E54/><V119/><F119/><W24/><G24/><T134/><D134/><U13/><E13/><V123/><F123/><W71/><G71/><T12/><D12/><U122/><E122/><V66/><F102/><W82/><G108/><T7/><D7/><U53/><E53/><V62/><F9/><W79/><G133/><T18/><D18/><U29/><E29/><V83/><F64/><W74/><G74/><T89/><REACH who="0" step="1"/><D67/><REACH who="0" ten="143,322,245,270" step="2"/><U127/><E127/><V56/><F66/><W30/><G30/><T4/><D4/><U8/><E8/><RYUUKYOKU ba="1,2" sc="143,15,322,15,245,-15,270,-15" hai0="40,46,51,61,63,84,85,87,88,89,104,105,106" hai1="37,39,41,44,45,49,52,90,94,97,100,101,103" /><INIT seed="1,2,2,5,1,122" ten="158,337,230,255" oya="1" hai0="58,3,129,5,115,13,110,83,117,52,61,43,30" hai1="82,41,131,47,97,89,6,37,90,99,20,118,40" hai2="10,87,57,63,127,101,91,78,12,39,103,15,19" hai3="98,124,125,60,100,74,62,53,133,32,23,38,7"/><U55/><E118/><V71/><F39/><W18/><G38/><T69/><D117/><U11/><E41/><V0/><F0/><W109/><G32/><T105/><D115/><U28/><E131/><V106/><F71/><W66/><G74/><T54/><D69/><U114/><E114/><V92/><F106/><W31/><G7/><T113/><D3/><U93/><E28/><V68/><F68/><W33/><G133/><T59/><D105/><U50/><E20/><N who="2" m="11367" /><F78/><W51/><G33/><T14/><D110/><U128/><E128/><V65/><F127/><N who="3" m="48715" /><G31/><T73/><D129/><U126/><E126/><V130/><F130/><W46/><G66/><T84/><D73/><U108/><E108/><V121/><F121/><W81/><G81/><T22/><D43/><U44/><E82/><V134/><F134/><W24/><G109/><T42/><D42/><U123/><E123/><V8/><F8/><W1/><G1/><T17/><D30/><U27/><E27/><V79/><F79/><W111/><G111/><T70/><D70/><U2/><REACH who="1" step="1"/><E99/><REACH who="1" ten="158,327,230,255" step="2"/><V64/><F65/><W49/><G98/><T67/><D113/><U96/><E96/><V29/><F29/><W76/><G24/><T116/><D116/><U9/><E9/><V88/><F91/><AGARI ba="2,3" hai="2,6,11,37,40,44,47,50,55,89,90,91,93,97" machi="91" ten="30,5800,0" yaku="1,1,7,1,53,1" doraHai="122" doraHaiUra="45" who="1" fromWho="2" sc="158,0,327,94,230,-64,255,0" /><INIT seed="1,3,0,0,3,93" ten="158,421,166,255" oya="1" hai0="69,99,84,28,64,44,51,11,121,36,124,131,105" hai1="48,98,47,127,46,34,125,60,30,80,102,10,100" hai2="39,2,92,65,37,19,0,104,117,53,118,126,55" hai3="61,79,3,9,95,75,130,52,77,135,16,17,115"/><U87/><E34/><V20/><F104/><W108/><G115/><T88/><D124/><N who="1" m="47691" /><E30/><V96/><F126/><W112/><G112/><T128/><D36/><U33/><E33/><V23/><F65/><W26/><G108/><T22/><D11/><U97/><E60/><V12/><F92/><W76/><G135/><T25/><D121/><U111/><E111/><V50/><F50/><W72/><G130/><N who="0" m="49707" /><D64/><U59/><E10/><V113/><F12/><N who="3" m="7183" /><G3/><T89/><D69/><U29/><E29/><V73/><F113/><W45/><G75/><T31/><D31/><U107/><E59/><V94/><F94/><W122/><G72/><T68/><D68/><U32/><E32/><V56/><F56/><N who="3" m="34951" /><G122/><T86/><D86/><U42/><E42/><V91/><F73/><W81/><G45/><T5/><D84/><U35/><E35/><V27/><F19/><W71/><G71/><T6/><D6/><U101/><E107/><V123/><F123/><W63/><G63/><T110/><D5/><U13/><E13/><V14/><F14/><W119/><G17/><T74/><D110/><U83/><E47/><V132/><F132/><W120/><G26/><T57/><D74/><U62/><E62/><V4/><F27/><W67/><G67/><T7/><D7/><U116/><E46/><V40/><F4/><W82/><G120/><T133/><D133/><U38/><E38/><V41/><REACH who="2" step="1"/><F91/><REACH who="2" ten="158,421,156,255" step="2"/><W90/><G119/><T21/><D57/><U1/><E116/><V54/><F54/><W106/><G106/><T134/><D105/><U8/><E48/><V49/><F49/><RYUUKYOKU ba="3,1" sc="158,-15,421,-15,156,15,255,15" hai2="0,2,20,23,37,39,40,41,53,55,96,117,118" hai3="76,77,79,81,82,90,95" /><INIT seed="2,4,1,3,1,46" ten="143,406,171,270" oya="2" hai0="34,51,22,110,26,111,2,1,135,12,36,115,132" hai1="66,52,89,35,125,59,6,119,61,42,37,33,41" hai2="47,122,107,120,60,31,28,90,23,62,21,27,4" hai3="54,81,50,133,74,5,9,38,93,131,114,118,57"/><V84/><F107/><W99/><G118/><T102/><D36/><U10/><E119/><V97/><F97/><W58/><G133/><N who="0" m="51275" /><D102/><U94/><E125/><V112/><F112/><W20/><G114/><T56/><D115/><U0/><E35/><V109/><F4/><W100/><G38/><T88/><D88/><U7/><E33/><V14/><F109/><N who="0" m="41482" /><D51/><U39/><E37/><V19/><F31/><W134/><G134/><T127/><D56/><U72/><E39/><V3/><F3/><N who="0" m="1034" /><D127/><U78/><E78/><V45/><F122/><W98/><G58/><T30/><D12/><U18/><E0/><V126/><F120/><W83/><G98/><T82/><D82/><U49/><E72/><V67/><F126/><W121/><G83/><T80/><D80/><U13/><E42/><V104/><F104/><W129/><G81/><T71/><D71/><U11/><E41/><V29/><F67/><W101/><G101/><T76/><D76/><U79/><E79/><V70/><F70/><W92/><G92/><T113/><D113/><U16/><E94/><N who="2" m="54599" /><F62/><W95/><G95/><T55/><D55/><U17/><E89/><V130/><F60/><W96/><G96/><T86/><D86/><U108/><E108/><V116/><F47/><W85/><G85/><T43/><D43/><U75/><E75/><V117/><F45/><W65/><G74/><T64/><D64/><U32/><E66/><V91/><F91/><W105/><G65/><T106/><D106/><U15/><E61/><V69/><F69/><W128/><G105/><T48/><D48/><U53/><E53/><RYUUKYOKU ba="4,1" sc="143,15,406,15,171,-15,270,-15" hai0="22,26,30,34" hai1="6,7,10,11,13,15,16,17,18,32,49,52,59" /><INIT seed="3,5,1,4,0,80" ten="158,421,156,255" oya="3" hai0="113,6,126,100,23,34,17,30,63,71,104,96,65" hai1="69,75,46,129,131,22,48,79,15,40,72,117,83" hai2="116,99,97,36,64,35,130,122,59,123,84,90,110" hai3="74,57,7,107,127,111,4,120,95,92,124,52,29"/><W118/><G120/><N who="2" m="46121" /><F110/><W0/><G118/><T55/><D6/><N who="3" m="2089" /><G0/><T76/><D126/><N who="3" m="48169" /><G107/><T87/><D113/><U68/><E117/><V86/><F36/><W2/><G2/><T101/><D101/><U31/><E75/><V135/><F35/><W77/><G111/><T115/><D115/><U27/><REACH who="1" step="1"/><E15/><REACH who="1" ten="158,411,156,255" step="2"/><V50/><F116/><W37/><G74/><T47/><D17/><U51/><E51/><V53/><F50/><W94/><G37/><T108/><D108/><U67/><E67/><V41/><F64/><W61/><G29/><T21/><D55/><U28/><E28/><V38/><F53/><W1/><G1/><T19/><D19/><U3/><E3/><V24/><F38/><W44/><G44/><T70/><D47/><U133/><E133/><V8/><F135/><W109/><G109/><T62/><D62/><U119/><E119/><V39/><F39/><W14/><G14/><T11/><D63/><U88/><E88/><V81/><F90/><W82/><G77/><T54/><D54/><U114/><E114/><V93/><F41/><W73/><G73/><T32/><D76/><U43/><E43/><V10/><F130/><AGARI ba="5,2" hai="22,27,31,40,46,48,68,69,72,79,83,129,130,131" machi="130" ten="40,2600,0" yaku="1,1,19,1,53,0" doraHai="80" doraHaiUra="13" who="1" fromWho="2" sc="158,0,411,61,156,-41,255,0" /><INIT seed="4,0,0,3,2,81" ten="158,472,115,255" oya="0" hai0="32,17,129,95,67,37,14,34,94,128,133,84,36" hai1="118,41,15,85,65,75,123,62,50,31,49,130,1" hai2="38,39,112,42,96,12,29,113,44,135,125,22,16" hai3="61,105,73,11,8,120,68,127,25,3,124,18,0"/><T26/><D67/><U102/><E75/><V45/><F135/><W88/><G73/><T2/><D2/><N who="3" m="553" /><G105/><T89/><D133/><U82/><E123/><V19/><F125/><N who="3" m="48203" /><G120/><T57/><D57/><U30/><E130/><N who="0" m="50281" /><D95/><U46/><E118/><V71/><F71/><W54/><G54/><T23/><D26/><U131/><E131/><V4/><F29/><W13/><G25/><T74/><D74/><U92/><E1/><V52/><F4/><W58/><G58/><T134/><D134/><U110/><E92/><V35/><F35/><AGARI ba="0,0" hai="14,17,23,32,34,35,36,37,84,89,94" m="50281" machi="35" ten="30,2900,0" yaku="19,1,52,1" doraHai="81" who="0" fromWho="2" sc="158,29,472,0,115,-29,255,0" /><INIT seed="4,1,0,2,4,55" ten="187,472,86,255" oya="0" hai0="43,73,1,108,117,11,29,35,20,82,49,51,75" hai1="85,66,96,45,53,78,10,118,36,134,14,131,16" hai2="104,130,60,7,111,24,98,91,12,133,72,129,123" hai3="90,128,41,18,100,68,32,106,93,97,8,74,80"/><T81/><D35/><U37/><E118/><V109/><F72/><W121/><G32/><T2/><D117/><U44/><E66/><V116/><F116/><W120/><G68/><T65/><D65/><U28/><E28/><V62/><F123/><N who="3" m="47179" /><G41/><T23/><D29/><U86/><E131/><N who="2" m="50187" /><F133/><W0/><G128/><T63/><D63/><N who="2" m="24106" /><F24/><W15/><G0/><T127/><D43/><U50/><E134/><V61/><N who="2" m="24114" /><V3/><DORA hai="22" /><F3/><W13/><G13/><T105/><D11/><U71/><E71/><V58/><F58/><W54/><G74/><T99/><D105/><U119/><E119/><V40/><F40/><W64/><G64/><T125/><REACH who="0" step="1"/><D99/><REACH who="0" ten="177,472,86,255" step="2"/><U115/><E96/><V4/><F104/><W34/><G34/><T124/><D124/><U17/><E10/><N who="2" m="4167" /><F7/><W103/><G106/><T19/><D19/><U112/><E16/><V69/><F69/><W39/><G18/><T6/><D6/><U21/><E17/><V42/><F42/><W88/><G8/><T87/><D87/><U89/><E86/><V107/><F107/><W27/><G97/><T122/><D122/><U30/><E85/><V132/><F132/><W113/><G54/><T47/><D47/><U79/><E53/><V59/><F59/><W94/><G39/><T56/><D56/><U31/><E37/><V38/><F38/><W52/><G52/><T33/><D33/><U114/><E36/><V9/><F9/><W46/><G46/><T48/><D48/><U135/><E45/><V76/><F76/><W77/><G77/><T25/><D25/><U57/><E79/><RYUUKYOKU ba="1,1" sc="177,15,472,-15,86,15,255,-15" hai0="1,2,20,23,49,51,73,75,81,82,108,125,127" hai2="91,98,109,111" /><INIT seed="4,2,1,4,3,79" ten="192,457,101,240" oya="0" hai0="104,108,36,123,10,119,127,96,68,132,16,0,89" hai1="8,47,75,69,7,135,1,15,86,100,5,124,82" hai2="46,110,52,20,19,114,84,93,56,29,80,87,23" hai3="38,134,125,102,58,6,28,129,32,50,107,83,40"/><T116/><RYUUKYOKU type="yao9" ba="2,1" sc="192,0,457,0,101,0,240,0" hai0="0,10,16,36,68,89,96,104,108,116,119,123,127,132" /><INIT seed="4,3,1,3,5,112" ten="192,457,101,240" oya="0" hai0="15,123,60,50,99,16,17,61,5,133,81,32,75" hai1="95,117,55,11,12,105,92,100,108,23,129,49,78" hai2="84,21,114,120,27,9,104,33,89,41,42,106,8" hai3="110,46,57,94,52,25,34,115,44,116,1,29,48"/><T40/><D32/><U128/><E108/><V65/><F120/><W53/><G110/><T19/><D123/><U130/><E117/><V24/><F33/><W64/><G1/><T97/><D75/><U121/><E121/><V30/><F65/><W82/><G116/><T22/><D81/><U85/><E23/><N who="2" m="15647" /><F106/><W79/><G115/><T91/><D133/><U126/><E126/><V119/><F104/><W111/><G111/><T125/><D125/><U0/><E0/><V122/><F114/><W72/><G94/><N who="0" m="56543" /><D99/><N who="1" m="61599" /><E78/><V71/><F71/><W6/><G6/><T47/><D22/><U28/><E28/><N who="2" m="17519" /><F119/><W88/><G64/><T87/><D87/><U58/><E85/><V80/><F122/><W83/><REACH who="3" step="1"/><G53/><REACH who="3" ten="192,457,101,230" step="2"/><T62/><D5/><AGARI ba="3,2" hai="5,11,12,49,55,58,92,95,128,129,130" m="61599" machi="5" ten="30,1000,0" yaku="19,1" doraHai="112" who="1" fromWho="0" sc="192,-19,457,39,101,0,230,0" /><INIT seed="5,0,0,5,0,81" ten="173,496,101,230" oya="1" hai0="103,52,18,112,107,130,41,89,47,46,70,24,88" hai1="126,5,120,93,51,23,40,11,96,62,135,37,66" hai2="114,39,113,72,9,61,116,78,100,133,1,67,21" hai3="26,109,132,117,63,32,90,57,119,13,121,77,4"/><U8/><E120/><V16/><F39/><W75/><G121/><T68/><D107/><U80/><E37/><V7/><F116/><N who="3" m="44619" /><G109/><T10/><D103/><U28/><E126/><V122/><F122/><W53/><G132/><T36/><D112/><N who="2" m="43114" /><F133/><W134/><G134/><T101/><D101/><N who="1" m="60559" /><E135/><V115/><N who="2" m="43122" /><V42/><DORA hai="43" /><F42/><W108/><G108/><T111/><D111/><U38/><E38/><V127/><F127/><W29/><G90/><T2/><D130/><U82/><E5/><V14/><F100/><W59/><G59/><T98/><D89/><U3/><E3/><V73/><F78/><W74/><G77/><T79/><D79/><U118/><E118/><V125/><F125/><W35/><G35/><T50/><D2/><U129/><E66/><V22/><F21/><W20/><G4/><T33/><D33/><U87/><E23/><V104/><F104/><W71/><G71/><AGARI ba="0,0" hai="1,7,9,14,16,22,61,67,71,72,73" m="43122" machi="71" ten="40,5200,0" yaku="15,1,11,1,54,1" doraHai="81,43" who="2" fromWho="3" sc="173,0,496,0,101,52,230,-52" /><INIT seed="6,0,0,0,2,39" ten="173,496,153,178" oya="2" hai0="133,78,40,57,11,5,44,102,21,86,49,81,73" hai1="53,25,120,65,105,32,9,52,48,124,12,85,22" hai2="45,122,88,84,63,8,60,6,71,106,110,75,15" hai3="83,20,2,62,3,108,67,35,17,77,128,134,119"/><V61/><F122/><W118/><G35/><T101/><D133/><U95/><E105/><V66/><F106/><W131/><G108/><T125/><D125/><U96/><E32/><V27/><F75/><N who="3" m="43455" /><G134/><T121/><D121/><U98/><E124/><V94/><F110/><W4/><G17/><T90/><D21/><U93/><E65/><V80/><F27/><W130/><G20/><T135/><D135/><U104/><E104/><V46/><F46/><W68/><G4/><T111/><D111/><U50/><E85/><V33/><F33/><W24/><G24/><T56/><D56/><N who="1" m="32775" /><E120/><V132/><F132/><W97/><G97/><N who="1" m="37482" /><E9/><V99/><REACH who="2" step="1"/><F45/><REACH who="2" ten="173,496,143,178" step="2"/><W0/><AGARI ba="0,1" hai="0,2,3,62,67,68,118,119,128,130,131" m="43455" machi="0" ten="40,2700,0" yaku="19,1,23,1" doraHai="39" who="3" fromWho="3" sc="173,-7,496,-7,143,-13,178,37" /><INIT seed="7,0,0,0,0,106" ten="166,489,130,215" oya="3" hai0="59,48,68,6,92,128,80,117,17,113,94,66,133" hai1="11,111,124,105,62,107,41,103,134,131,54,5,102" hai2="100,16,88,35,130,37,32,87,120,49,9,74,22" hai3="75,85,115,67,52,125,123,44,84,108,101,127,63"/><W70/><G123/><T73/><D68/><U58/><E111/><V40/><F37/><W86/><G108/><T126/><D117/><U28/><E28/><V8/><F74/><W77/><G101/><T34/><D6/><U78/><E41/><V82/><F120/><W122/><G122/><T24/><D126/><N who="3" m="48137" /><G115/><T98/><D128/><U43/><E43/><V114/><F114/><W51/><G77/><T89/><D133/><U20/><E134/><V39/><F39/><W121/><G121/><T81/><D73/><AGARI ba="0,0" hai="44,51,52,63,67,70,73,75,84,85,86" m="48137" machi="73" ten="30,11600,0" yaku="18,1,52,2,54,1" doraHai="106" who="3" fromWho="0" sc="166,-116,489,0,130,0,215,116" /><INIT seed="7,1,0,4,3,37" ten="50,489,130,331" oya="3" hai0="129,116,98,21,24,66,118,41,8,85,97,62,11" hai1="100,29,58,81,124,114,117,67,121,6,96,45,86" hai2="51,23,123,36,135,82,15,47,92,46,0,42,125" hai3="88,50,59,128,35,79,9,20,3,13,7,113,56"/><W127/><G35/><T63/><D129/><U70/><E70/><V57/><F0/><W48/><G128/><T2/><D85/><U16/><E121/><V73/><F123/><W110/><G110/><T39/><D2/><U132/><E117/><V31/><F135/><W107/><G107/><T78/><D78/><U38/><E6/><V134/><F134/><W33/><G33/><T120/><D39/><U133/><E29/><V105/><F105/><W61/><G113/><T65/><D120/><U12/><E38/><V54/><F92/><W115/><G115/><T94/><D94/><U112/><E45/><V64/><F125/><W44/><G127/><T108/><D21/><N who="1" m="11399" /><E124/><V99/><F99/><W14/><G79/><T17/><D17/><U77/><E67/><V53/><F82/><W71/><G71/><T126/><D126/><U32/><E32/><V91/><F64/><W40/><G20/><T109/><REACH who="0" step="1"/><D24/><REACH who="0" ten="40,489,130,331" step="2"/><U69/><E133/><V87/><F36/><W84/><G3/><T76/><D76/><U102/><E77/><V104/><F87/><W25/><G25/><T101/><D101/><U93/><E102/><V72/><F104/><W74/><G74/><T60/><D60/><U55/><E132/><V68/><F73/><W1/><G50/><T28/><D28/><U18/><E114/><V4/><F72/><W83/><G61/><T111/><D111/><U27/><E112/><V80/><F51/><W22/><G1/><T119/><D119/><U43/><E100/><V52/><F80/><W34/><G34/><T90/><D90/><U122/><E122/><RYUUKYOKU ba="1,1" sc="40,15,489,-15,130,-15,331,15" hai0="8,11,41,62,63,65,66,97,98,108,109,116,118" hai3="7,9,13,14,22,40,44,48,56,59,83,84,88" /><INIT seed="7,2,1,4,5,58" ten="55,474,115,346" oya="3" hai0="22,2,48,15,117,76,109,52,132,97,23,1,87" hai1="25,45,122,13,55,112,74,44,102,32,20,51,90" hai2="53,19,4,77,70,105,111,6,78,11,100,123,134" hai3="33,106,63,130,18,133,71,118,64,94,29,41,46"/><W62/><G118/><T127/><D117/><U128/><E122/><V103/><F70/><W99/><G133/><T121/><D109/><U104/><E74/><V10/><F111/><W5/><G130/><T93/><D2/><U17/><E128/><V28/><F134/><W108/><G108/><T124/><D1/><U116/><E116/><V96/><F28/><W83/><G5/><T36/><D36/><U126/><E104/><V66/><F66/><W21/><G83/><T85/><D132/><U107/><E107/><V0/><F19/><W43/><G46/><T16/><D121/><U113/><E102/><V79/><F103/><W49/><G49/><T35/><D35/><U37/><E126/><N who="0" m="48169" /><D76/><U98/><E32/><V110/><F110/><W27/><G63/><T47/><D23/><U60/><E60/><V115/><F123/><W114/><G114/><N who="1" m="44138" /><E25/><V34/><F115/><W69/><G69/><T119/><D119/><U7/><E7/><V131/><F34/><W101/><REACH who="3" step="1"/><G94/><REACH who="3" ten="55,474,115,336" step="2"/><T129/><D129/><U75/><E37/><V14/><F131/><W50/><G50/><T88/><AGARI ba="2,2" hai="15,16,22,47,48,52,85,87,88,93,97" m="48169" machi="88" ten="30,7900,0" yaku="18,1,54,3" doraHai="58" who="0" fromWho="0" sc="55,105,474,-22,115,-22,336,-41" owari="160,-24.0,452,55.0,93,-41.0,295,10.0" /></mjloggm>