<mjloggm ver="2.3"><GO type="97" lobby="0"/><UN n0="%E8%A9%A9%E7%B9%94" n1="%E5%B0%B1%E6%B4%BB%E7%94%9F%40%E5%B7%9D%E6%9D%91%E8%BB%8D%E5%9B%A3" n2="%42%61%64%4C%75%63%6B" n3="%E3%82%82%E3%82%87%E3%82%82%E3%81%A8%E3%81%9F%E3%81%91%E3%81%97" dan="15,14,13,15" rate="1966.08,2015.29,1849.50,2071.57" sx="M,M,F,M"/><TAIKYOKU oya="0"/><INIT seed="0,0,0,0,2,58" ten="250,250,250,250" oya="0" hai0="18,45,35,94,24,13,130,56,99,9,101,87,2" hai1="114,71,93,105,82,64,5,128,131,63,127,8,80" hai2="121,62,76,30,72,86,132,100,59,0,41,110,112" hai3="79,119,21,26,95,89,67,113,133,97,61,6,81"/><T92/><D130/><N who="1" m="49707" /><E105/><V53/><F121/><W22/><G113/><T16/><D2/><N who="1" m="55" /><E114/><V104/><F0/><W25/><G119/><T55/><D45/><U134/><E134/><V28/><F112/><W69/><G133/><T78/><D35/><U120/><E120/><V42/><F72/><W103/><G6/><N who="0" m="3255" /><D24/><U17/><E127/><V3/><F3/><W98/><G25/><T91/><D78/><U77/><E77/><V122/><F122/><W68/><G68/><T39/><D39/><U90/><E17/><V66/><F110/><W96/><G26/><T49/><AGARI ba="0,0" hai="16,18,49,55,56,87,91,92,94,99,101" m="3255" machi="49" ten="30,3000,0" yaku="8,1,54,1" doraHai="58" who="0" fromWho="0" sc="250,30,250,-10,250,-10,250,-10" /><INIT seed="0,1,0,4,3,56" ten="280,240,240,240" oya="0" hai0="120,30,73,125,113,62,18,133,130,119,85,54,92" hai1="33,110,65,37,29,26,27,31,72,101,116,70,88" hai2="9,121,61,114,63,78,71,12,135,40,4,80,90" hai3="19,13,123,126,48,98,117,16,34,99,104,25,86"/><T28/><D73/><U17/><E72/><V105/><F121/><W87/><G117/><T81/><D113/><U52/><E37/><V84/><F105/><W124/><G123/><T129/><D119/><U107/><E116/><V100/><F114/><W0/><G0/><T111/><D120/><U35/><E110/><V106/><F135/><W77/><G48/><T97/><D133/><U69/><E17/><N who="3" m="6730" /><G13/><T32/><D18/><U59/><E65/><V10/><F40/><W39/><G39/><T23/><D23/><U36/><E36/><V83/><F71/><W68/><G68/><T41/><D41/><U14/><E14/><N who="2" m="5415" /><F106/><W74/><G74/><T103/><D125/><N who="3" m="48233" /><G77/><N who="0" m="46255" /><D32/><U55/><E55/><V20/><F100/><N who="3" m="62487" /><G99/><T43/><D43/><U118/><E118/><V38/><F20/><W44/><G44/><T67/><D54/><U128/><E128/><N who="0" m="49257" /><D111/><U127/><E127/><V49/><F38/><W5/><G5/><T89/><D103/><U82/><E101/><V93/><F49/><W15/><G15/><T91/><D91/><U1/><E107/><V122/><F122/><W96/><G96/><T94/><D92/><U21/><E1/><V6/><F78/><W75/><G75/><T102/><D102/><U47/><E21/><V60/><AGARI ba="1,0" hai="6,10,12,60,61,63,80,83,84,90,93" m="5415" machi="60" ten="30,7900,0" yaku="8,1,52,3" doraHai="56" who="2" fromWho="2" sc="280,-40,240,-21,240,82,240,-21" /><INIT seed="1,0,0,4,5,70" ten="240,219,322,219" oya="1" hai0="55,6,98,11,47,103,9,92,57,128,65,69,53" hai1="133,104,26,12,116,62,117,100,121,126,33,78,36" hai2="125,43,40,81,59,3,85,134,15,66,112,130,82" hai3="51,8,41,93,110,37,56,127,67,38,89,63,74"/><U24/><E36/><V19/><F3/><W118/><G74/><T42/><D128/><U60/><E121/><V25/><F130/><W119/><G8/><T10/><D69/><U76/><E126/><V39/><F125/><W71/><G127/><T4/><D65/><U46/><E133/><V107/><F107/><W97/><G110/><T94/><D94/><U22/><E33/><V17/><F134/><W131/><G131/><T113/><D113/><U88/><E104/><V105/><F105/><W18/><G18/><T84/><D84/><U45/><E100/><V58/><F112/><W124/><G124/><T35/><D35/><U135/><E135/><V123/><F39/><N who="3" m="14859" /><G41/><N who="2" m="15945" /><F123/><W28/><G28/><T7/><D57/><N who="2" m="21514" /><F66/><W99/><G51/><AGARI ba="0,0" hai="4,6,7,9,10,11,42,47,51,53,55,92,98,103" machi="51" ten="40,1300,0" yaku="8,1" doraHai="70" who="0" fromWho="3" sc="240,13,219,0,322,0,219,-13" /><INIT seed="2,0,0,5,4,97" ten="253,219,322,206" oya="2" hai0="71,39,106,12,74,11,28,91,77,72,92,44,63" hai1="78,76,84,10,56,17,64,73,66,79,100,93,47" hai2="81,16,41,128,103,99,68,70,133,43,61,38,96" hai3="127,115,120,125,134,57,53,98,35,119,132,5,87"/><V75/><F128/><W42/><G35/><T7/><D28/><U4/><E73/><V49/><F133/><N who="3" m="51307" /><G5/><T15/><D106/><U122/><E122/><V88/><F38/><W45/><G87/><T31/><D31/><U1/><E47/><N who="2" m="25839" /><F70/><W108/><G98/><T131/><D131/><U34/><E34/><V52/><F68/><W107/><G107/><T135/><D135/><U13/><E56/><N who="2" m="34951" /><F75/><W3/><G3/><T19/><D77/><U22/><REACH who="1" step="1"/><E84/><REACH who="1" ten="253,209,322,206" step="2"/><N who="2" m="50191" /><F43/><W89/><G120/><T30/><D74/><U101/><E101/><V65/><F103/><W8/><G115/><T126/><D72/><U82/><E82/><V59/><F16/><W23/><G125/><T105/><D19/><U124/><E124/><V54/><F65/><W58/><G127/><T130/><D126/><U104/><E104/><V14/><F14/><W110/><G57/><T46/><D15/><U90/><E90/><V62/><AGARI ba="0,1" hai="54,59,62,96,99" m="50191,34951,25839" machi="62" ten="30,6000,0" yaku="8,1,54,2" doraHai="97" who="2" fromWho="2" sc="253,-20,209,-20,322,70,206,-20" /><INIT seed="2,1,0,4,0,58" ten="233,189,392,186" oya="2" hai0="77,95,32,51,47,118,45,122,98,13,63,16,135" hai1="35,124,0,130,39,102,38,104,121,6,79,43,133" hai2="92,100,54,75,61,126,66,116,108,2,132,3,48" hai3="53,72,125,110,9,105,22,99,67,30,70,69,34"/><V68/><F116/><W128/><G72/><T88/><D32/><U114/><RYUUKYOKU type="yao9" ba="1,0" sc="233,0,189,0,392,0,186,0" hai1="0,6,35,38,39,43,79,102,104,114,121,124,130,133" /><INIT seed="2,2,0,2,5,3" ten="233,189,392,186" oya="2" hai0="126,33,100,61,17,57,87,70,37,69,109,48,42" hai1="94,119,38,85,55,51,6,80,34,120,89,102,53" hai2="60,130,40,82,59,76,1,79,36,16,28,81,65" hai3="84,43,106,78,50,23,104,46,95,93,7,77,25"/><V12/><F1/><W30/><G106/><T115/><D33/><U86/><E38/><V135/><F135/><W0/><G104/><T47/><D100/><U67/><E34/><V92/><F130/><W73/><G73/><T20/><D109/><U10/><E119/><V24/><F92/><N who="3" m="35403" /><G0/><T101/><D101/><U19/><E120/><V121/><F121/><W124/><G124/><T111/><D111/><U75/><E75/><V39/><F40/><W64/><G64/><T26/><D126/><U107/><E107/><V88/><F39/><W118/><G118/><T14/><D115/><U134/><E134/><V98/><F36/><W13/><G84/><T105/><D87/><U56/><E67/><V32/><F98/><W99/><G99/><T122/><D105/><U66/><E66/><V125/><F88/><W18/><G30/><T54/><D122/><U129/><E129/><V74/><F125/><W96/><G96/><T113/><D113/><U11/><E102/><V15/><REACH who="2" step="1"/><F16/><REACH who="2" ten="233,189,382,186" step="2"/><W131/><G131/><T97/><D97/><U116/><E116/><V63/><F63/><W68/><G68/><T128/><D128/><U90/><E19/><V112/><F112/><W41/><G41/><T72/><D37/><U35/><E89/><V58/><F58/><W21/><G23/><T52/><D42/><U49/><E35/><V127/><F127/><W22/><G22/><T110/><D110/><U91/><E6/><V117/><F117/><W31/><G31/><N who="0" m="17863" /><D70/><U27/><E27/><V71/><F71/><W9/><AGARI ba="2,1" hai="7,9,13,18,21,25,43,46,50,77,78" m="35403" machi="9" ten="30,2000,0" yaku="8,1,52,1" doraHai="3" who="3" fromWho="3" sc="233,-7,189,-7,382,-12,186,36" /><INIT seed="3,0,0,2,1,135" ten="226,182,370,222" oya="3" hai0="5,12,123,118,130,73,76,49,131,107,101,27,40" hai1="63,106,28,115,109,132,57,99,119,97,133,92,102" hai2="42,62,90,71,14,69,72,81,85,23,127,26,39" hai3="59,51,1,67,126,34,61,24,65,94,124,50,6"/><W38/><G38/><T108/><D118/><U21/><E119/><V111/><F111/><W7/><G94/><T79/><D123/><U16/><E115/><V77/><F127/><N who="3" m="48683" /><G67/><T86/><D73/><U33/><E109/><V56/><F39/><W129/><G129/><T105/><D108/><U55/><E33/><V70/><F42/><W128/><G128/><T19/><D27/><U88/><REACH who="1" step="1"/><E28/><REACH who="1" ten="226,172,370,222" step="2"/><V98/><F14/><AGARI ba="0,1" hai="14,16,21,55,57,63,88,92,97,99,102,106,132,133" machi="14" ten="40,8000,1" yaku="1,1,2,1,54,2,53,0" doraHai="135" doraHaiUra="78" who="1" fromWho="2" sc="226,0,172,90,370,-80,222,0" /><INIT seed="4,0,0,4,2,110" ten="226,262,290,222" oya="0" hai0="117,103,91,15,119,129,90,113,124,79,74,76,60" hai1="87,114,49,93,29,72,112,53,127,78,63,89,42" hai2="54,61,102,135,111,20,73,57,4,5,45,35,92" hai3="83,59,58,116,37,23,67,71,99,107,131,2,16"/><T81/><D124/><U43/><E127/><V24/><F73/><W128/><G116/><T10/><D129/><N who="3" m="49737" /><G2/><T126/><D126/><U55/><E29/><N who="2" m="17543" /><F35/><W33/><G33/><T68/><D103/><U106/><E106/><V98/><F111/><W9/><G37/><T64/><D113/><N who="1" m="43627" /><E63/><V95/><F135/><W105/><G9/><T39/><D39/><U19/><E19/><V13/><F45/><W26/><G83/><T36/><D36/><U38/><E38/><V69/><F69/><W27/><G27/><T46/><D46/><N who="1" m="27831" /><E55/><V41/><F41/><N who="1" m="15369" /><E78/><V22/><F95/><W132/><G132/><T122/><D122/><U17/><E17/><AGARI ba="0,0" hai="4,5,13,17,22,54,57,61,92,98,102" m="17543" machi="17" ten="30,1000,0" yaku="8,1" doraHai="110" who="2" fromWho="1" sc="226,0,262,-10,290,10,222,0" owari="226,-17.0,252,5.0,300,40.0,222,-28.0" /></mjloggm>