<mjloggm ver="2.3"><GO type="169" lobby="0"/><UN n0="%E5%BC%B1%E8%99%AB" n1="%E3%82%AD%E3%83%A9%E3%83%BC%E3%83%9E%E3%82%B8%E3%83%B3%E3%82%AC%E6%A7%98" n2="%E5%B0%B1%E6%B4%BB%E7%94%9F%40%E5%B7%9D%E6%9D%91%E8%BB%8D%E5%9B%A3" n3="%E6%A1%83%E3%82%84%E3%82%93" dan="17,16,16,16" rate="2109.84,2077.85,2115.29,2056.17" sx="M,M,M,M"/><TAIKYOKU oya="0"/><INIT seed="0,0,0,2,5,0" ten="250,250,250,250" oya="0" hai0="18,105,89,84,108,59,128,130,92,5,20,65,35" hai1="82,87,88,10,66,60,16,119,55,125,115,126,118" hai2="11,72,30,104,53,95,100,74,73,103,127,3,121" hai3="2,113,79,99,80,15,21,44,58,43,97,25,6"/><T45/><D35/><U50/><E115/><V117/><F104/><W33/><G33/><T120/><D120/><U49/><E49/><V85/><F121/><W1/><G113/><T124/><D105/><U37/><E37/><V19/><F117/><W70/><G58/><T9/><D124/><N who="1" m="47723" /><E60/><V135/><F30/><W69/><G2/><T39/><D108/><U129/><E66/><V31/><F31/><W101/><G70/><T62/><D39/><U93/><E93/><V98/><F135/><W68/><G68/><T46/><D130/><U34/><E34/><V57/><F127/><W90/><G90/><T63/><D63/><U41/><E41/><V40/><F40/><W134/><G69/><T54/><D128/><U27/><E129/><V8/><F85/><W42/><G42/><T32/><D32/><U91/><E91/><V110/><F110/><W17/><G101/><T71/><D71/><U123/><E123/><V14/><F103/><W61/><G61/><T94/><D94/><U38/><E38/><V86/><F86/><W7/><G1/><T109/><D109/><U133/><E133/><V114/><F114/><W13/><G134/><T116/><D65/><U76/><E76/><V75/><N who="2" m="18944" /><DORA hai="52" /><V107/><F107/><W112/><G112/><T4/><D116/><U106/><E106/><V29/><F29/><W122/><G122/><T83/><D92/><U56/><E27/><V36/><F36/><W102/><G79/><T48/><D62/><U23/><E23/><N who="2" m="11767" /><F3/><W12/><G80/><T22/><D22/><U26/><E26/><V51/><AGARI ba="0,0" hai="8,11,51,53,57,95,98,100" m="11767,18944" machi="51" ten="60,4000,0" yaku="5,1,52,1" doraHai="0,52" who="2" fromWho="2" sc="250,-20,250,-10,250,40,250,-10" /><INIT seed="1,0,0,0,0,101" ten="230,240,290,240" oya="1" hai0="117,133,73,46,122,69,81,94,57,10,86,37,26" hai1="70,65,85,16,79,119,39,108,120,18,13,32,20" hai2="84,59,91,38,68,53,54,41,100,56,58,25,123" hai3="125,113,62,60,83,130,135,21,134,103,63,76,99"/><U72/><E119/><V111/><F123/><W116/><G113/><T28/><D69/><U3/><E120/><V7/><F68/><W6/><G116/><T126/><D122/><U129/><E32/><V47/><F111/><W121/><G121/><T12/><D117/><U30/><E3/><V1/><F100/><W80/><G6/><T9/><D133/><U78/><E39/><V74/><F74/><W8/><G8/><T36/><D126/><U22/><E72/><V97/><F97/><W90/><G125/><T4/><D73/><U15/><E129/><V48/><F25/><W34/><G34/><T127/><D127/><U31/><E108/><V109/><F109/><W96/><G130/><T61/><D94/><U110/><E110/><V132/><F132/><N who="3" m="50731" /><G90/><T5/><D46/><U106/><E106/><V0/><F7/><W42/><G42/><T118/><D118/><U93/><E65/><V104/><F104/><N who="3" m="63591" /><G99/><T77/><D4/><U71/><E93/><V11/><F11/><W19/><G76/><T128/><D10/><U17/><E17/><V82/><REACH who="2" step="1"/><F59/><REACH who="2" ten="230,240,280,240" step="2"/><W29/><G29/><T114/><D128/><U95/><E85/><V98/><F98/><W88/><G88/><T87/><D87/><U107/><E107/><V66/><F66/><W92/><G92/><T24/><D24/><AGARI ba="0,1" hai="19,21,24,60,62,63,80,83" m="63591,50731" machi="24" ten="30,2000,0" yaku="20,1,52,1" doraHai="101" who="3" fromWho="0" sc="230,-20,240,0,280,0,240,30" /><INIT seed="2,0,0,0,5,5" ten="210,240,280,270" oya="2" hai0="61,60,23,82,26,34,78,127,90,106,85,54,49" hai1="125,40,18,30,15,8,96,95,28,84,102,33,98" hai2="75,59,2,24,11,22,68,21,131,39,7,109,126" hai3="46,134,55,44,86,124,133,35,27,81,130,20,107"/><V56/><F68/><W112/><G107/><T19/><D127/><U77/><E125/><V119/><F75/><W97/><G35/><T100/><D34/><U64/><E33/><V29/><F119/><W25/><G124/><T71/><D71/><U116/><E116/><V69/><F69/><W89/><G130/><T122/><D122/><U132/><E132/><V3/><F39/><W48/><G112/><T88/><D100/><U103/><E64/><V6/><F126/><W36/><G97/><T12/><D106/><U91/><E40/><V38/><F38/><W9/><G20/><T129/><D129/><U114/><E77/><V16/><F131/><W93/><G93/><T58/><D26/><U17/><E17/><V99/><F99/><N who="1" m="37929" /><E114/><V70/><F70/><W110/><G110/><T67/><D67/><U47/><E47/><V74/><F74/><W65/><G65/><T41/><D41/><U0/><E0/><V10/><F109/><W4/><G44/><T87/><D78/><U105/><E105/><V45/><F45/><W50/><G36/><T121/><D121/><U123/><E123/><V111/><F111/><W108/><G108/><T115/><D115/><U62/><E62/><V113/><F113/><W37/><G50/><T51/><D51/><U57/><E57/><V66/><F66/><W79/><G79/><T118/><D118/><U117/><E117/><V104/><F104/><W43/><G43/><T128/><D128/><U76/><E76/><V73/><F73/><W42/><G42/><T13/><D13/><AGARI ba="0,0" hai="2,3,6,7,10,11,13,16,21,22,24,29,56,59" machi="13" ten="30,12000,1" yaku="7,1,9,1,52,2,54,1" doraHai="5" who="2" fromWho="0" sc="210,-120,240,0,280,120,270,0" /><INIT seed="2,1,0,2,4,135" ten="90,240,400,270" oya="2" hai0="9,125,113,74,99,97,78,116,93,57,73,65,118" hai1="16,55,4,1,133,28,92,42,0,34,2,128,43" hai2="107,41,87,124,45,112,11,7,80,115,64,100,39" hai3="88,66,3,25,32,123,105,85,37,58,81,40,61"/><V54/><F64/><W49/><G123/><T89/><D9/><U110/><E133/><V121/><F121/><W47/><G3/><T119/><D65/><U23/><E110/><V76/><F54/><W68/><G105/><T98/><D57/><U36/><E128/><V13/><F107/><W50/><G32/><T60/><D60/><U132/><E132/><V82/><F100/><W120/><G120/><T48/><D48/><U52/><E4/><V91/><F124/><W84/><G84/><AGARI ba="1,0" hai="7,11,13,39,41,45,76,80,82,84,87,91,112,115" machi="84" ten="30,1500,0" yaku="7,1" doraHai="135" who="2" fromWho="3" sc="90,0,240,0,400,18,270,-18" /><INIT seed="2,2,0,0,4,122" ten="90,240,418,252" oya="2" hai0="124,39,12,0,95,134,44,123,24,3,52,109,104" hai1="114,135,92,8,28,42,116,68,90,47,64,119,31" hai2="50,23,48,38,99,89,25,71,97,84,49,75,94" hai3="80,74,1,102,51,128,63,29,65,106,2,46,101"/><V85/><F38/><W70/><G128/><T88/><D123/><U118/><E114/><V37/><F37/><W86/><G74/><T72/><D104/><U129/><E129/><V132/><F71/><W133/><G133/><T130/><D130/><U58/><E68/><V108/><F75/><W53/><G2/><T13/><D72/><U54/><E64/><V56/><F132/><W96/><G1/><T103/><D103/><U45/><E8/><V16/><F108/><W62/><G102/><T15/><D134/><U73/><E73/><V27/><F27/><W131/><G63/><T82/><D82/><U93/><E135/><V87/><F99/><W43/><G131/><T59/><D124/><U32/><E32/><V41/><F41/><W105/><G29/><T120/><D120/><U26/><E26/><V60/><REACH who="2" step="1"/><F87/><REACH who="2" ten="90,240,408,252" step="2"/><W19/><G43/><T67/><D24/><U14/><E42/><V4/><F4/><W127/><G127/><T66/><D109/><U61/><E118/><V30/><F30/><W5/><G19/><T18/><D18/><U36/><E36/><V117/><F117/><W40/><G5/><T76/><D39/><U33/><E116/><V77/><F77/><W35/><G40/><T100/><D76/><U81/><E119/><V9/><F9/><W79/><G35/><T121/><D121/><U115/><E31/><V83/><F83/><W78/><G79/><T126/><D126/><U112/><E81/><V7/><F7/><W57/><G70/><T107/><D0/><U10/><E28/><V11/><F11/><W69/><G69/><RYUUKYOKU ba="2,1" sc="90,-15,240,-15,408,15,252,15" hai2="16,23,25,48,49,50,56,60,84,85,89,94,97" hai3="46,51,53,57,62,65,78,80,86,96,101,105,106" /><INIT seed="2,3,1,4,3,80" ten="75,225,423,267" oya="2" hai0="11,52,13,21,94,81,134,65,93,128,17,45,108" hai1="114,40,120,64,72,7,25,129,90,35,28,42,96" hai2="5,68,76,77,66,63,36,0,47,122,24,74,57" hai3="41,73,125,12,34,49,43,48,29,32,22,110,44"/><V113/><F122/><W82/><G110/><T33/><D108/><U1/><E114/><V37/><F113/><W117/><G117/><T99/><D33/><U26/><E72/><V127/><F127/><W58/><G125/><T54/><D134/><U103/><E64/><V20/><F68/><W71/><G71/><T59/><D128/><U119/><E119/><V124/><F124/><W91/><G73/><T27/><D45/><U98/><E129/><V92/><F92/><W62/><G32/><T111/><D111/><U18/><E90/><V70/><F70/><W14/><G34/><T87/><D65/><U31/><E18/><V3/><F37/><W78/><G78/><T132/><D132/><U135/><E135/><V88/><F88/><W79/><G79/><T121/><D121/><U38/><E120/><V8/><F0/><W112/><G112/><T104/><D104/><U118/><E118/><V100/><F100/><W9/><G29/><T130/><D130/><U51/><E51/><V50/><F36/><W106/><G22/><T133/><D133/><U75/><E75/><V83/><F76/><W89/><G106/><T95/><D99/><U6/><E38/><V86/><F74/><W69/><G82/><T39/><D39/><U102/><E35/><V97/><F97/><W23/><G69/><T84/><D81/><U115/><E1/><V2/><F2/><W107/><G107/><T131/><D131/><U53/><E115/><V10/><F3/><W60/><G49/><N who="0" m="31119" /><D54/><AGARI ba="3,1" hai="6,7,25,26,28,31,40,42,53,54,96,98,102,103" machi="54" ten="25,3200,0" yaku="22,2,8,1" doraHai="80" who="1" fromWho="0" sc="75,-41,225,51,423,0,267,0" /><INIT seed="3,0,0,3,2,101" ten="34,276,423,267" oya="3" hai0="76,14,41,75,120,59,130,16,42,19,58,60,33" hai1="81,71,73,123,23,127,89,4,119,122,55,86,116" hai2="100,96,2,32,68,25,129,70,90,0,66,64,20" hai3="39,27,15,26,63,45,80,135,87,99,113,22,3"/><W43/><G3/><T18/><D120/><U13/><E71/><V106/><F129/><W11/><G113/><T12/><D130/><U83/><E55/><V31/><F90/><W114/><G114/><T6/><D33/><U28/><E28/><V112/><F112/><W36/><G36/><T121/><D121/><U61/><E61/><N who="2" m="39951" /><F20/><W98/><G63/><AGARI ba="0,0" hai="0,2,25,31,32,63,66,70,96,100,106" m="39951" machi="63" ten="30,7700,0" yaku="25,1,33,2,52,1" doraHai="101" who="2" fromWho="3" sc="34,0,276,0,423,77,267,-77" /><INIT seed="4,0,0,3,0,20" ten="34,276,500,190" oya="0" hai0="75,0,16,43,118,86,18,130,59,76,87,122,17" hai1="133,11,98,15,132,94,39,37,34,48,104,3,108" hai2="23,63,114,45,29,80,32,106,120,57,30,65,69" hai3="61,124,100,46,36,21,47,8,119,60,54,78,10"/><T93/><D118/><U28/><E3/><V105/><F120/><W83/><G119/><T9/><D122/><U109/><E104/><V62/><F32/><W113/><G100/><T111/><D130/><U128/><E128/><V112/><F45/><W25/><G113/><N who="2" m="43625" /><F80/><W121/><G124/><T71/><D71/><U22/><E34/><V31/><F23/><W68/><G121/><T115/><D115/><U73/><E73/><V26/><F26/><W6/><G8/><T131/><D131/><U89/><E48/><V66/><AGARI ba="0,0" hai="29,30,31,57,62,63,65,66,69,105,106" m="43625" machi="66" ten="40,1500,0" yaku="15,1" doraHai="20" who="2" fromWho="2" sc="34,-7,276,-4,500,15,190,-4" /><INIT seed="5,0,0,1,3,86" ten="27,272,515,186" oya="1" hai0="45,20,23,59,65,42,119,8,79,132,97,6,116" hai1="123,17,92,93,16,21,100,120,56,83,24,28,124" hai2="12,61,35,108,135,81,11,54,85,47,0,51,102" hai3="68,46,91,96,131,130,128,52,64,69,50,125,73"/><U14/><E124/><V111/><F135/><W78/><G125/><T112/><D132/><U90/><E56/><V37/><F35/><W99/><G73/><T58/><D112/><U67/><E67/><V33/><F33/><W3/><G3/><T57/><D65/><U49/><E49/><V113/><F113/><W41/><G78/><T117/><D79/><U10/><E83/><V38/><F0/><W126/><G126/><T26/><D97/><U118/><E118/><V66/><F102/><W77/><G77/><T13/><REACH who="0" step="1"/><D26/><REACH who="0" ten="17,272,515,186" step="2"/><U133/><E133/><V80/><F66/><W39/><G99/><T48/><AGARI ba="0,1" hai="6,8,13,20,23,42,45,48,57,58,59,116,117,119" machi="48" ten="40,5200,0" yaku="1,1,2,1,0,1,53,0" doraHai="86" doraHaiUra="29" who="0" fromWho="0" sc="17,62,272,-26,515,-13,186,-13" /><INIT seed="6,0,0,5,4,31" ten="79,246,502,173" oya="2" hai0="65,130,70,5,127,20,17,53,67,28,45,125,77" hai1="63,80,12,42,110,126,6,104,54,9,26,39,79" hai2="49,135,30,68,43,78,64,1,0,88,35,120,60" hai3="93,115,107,58,119,90,108,100,129,83,22,87,134"/><V27/><F120/><W133/><G58/><T132/><D5/><U33/><E110/><V24/><F135/><N who="3" m="51723" /><G22/><T37/><D132/><U69/><E104/><V14/><F78/><W105/><G108/><T86/><D28/><U57/><E69/><V121/><F121/><W66/><G66/><T97/><D130/><U92/><E92/><V103/><F103/><W118/><G129/><T106/><D70/><U124/><E42/><V84/><F24/><W72/><G115/><T46/><D37/><U3/><E39/><V56/><F14/><W91/><G100/><T29/><D29/><U7/><E26/><V13/><F13/><W123/><G123/><T75/><D75/><U41/><E41/><V122/><F122/><W99/><G72/><T52/><D106/><AGARI ba="0,0" hai="83,87,90,91,93,99,105,106,107,118,119" m="51723" machi="106" ten="30,3900,0" yaku="20,1,34,2" doraHai="31" who="3" fromWho="0" sc="79,-39,246,0,502,0,173,39" /><INIT seed="7,0,0,1,0,55" ten="40,246,502,212" oya="3" hai0="107,128,96,62,60,95,13,68,9,22,4,1,27" hai1="50,59,16,66,106,132,5,53,36,69,118,12,44" hai2="93,125,79,46,74,86,87,123,37,131,130,56,31" hai3="33,64,124,21,97,18,28,72,112,122,24,2,109"/><W47/><G122/><T88/><D128/><U39/><E106/><V110/><F110/><W45/><G72/><T7/><D107/><U116/><E132/><V134/><F134/><W26/><G2/><T25/><D68/><U41/><E5/><V84/><F31/><W90/><G109/><T113/><D113/><U30/><E30/><V98/><F125/><W133/><G112/><T58/><D1/><U129/><E129/><N who="2" m="49163" /><F123/><W11/><G133/><T103/><D27/><U35/><E35/><V48/><F37/><W78/><G78/><T15/><D103/><U20/><E36/><V40/><F56/><W127/><G11/><T29/><D62/><AGARI ba="0,0" hai="12,16,20,39,41,44,50,53,59,62,66,69,116,118" machi="62" ten="40,8000,1" yaku="24,2,52,1,54,1" doraHai="55" who="1" fromWho="0" sc="40,-80,246,80,502,0,212,0" owari="-40,-54.0,326,13.0,502,60.0,212,-19.0" /></mjloggm>