<mjloggm ver="2.3"><GO type="41" lobby="0"/><UN n0="%E8%AC%99%E8%99%9A%E3%81%A7%E5%BC%B7%E6%AC%B2" n1="%E3%81%AF%E3%81%A3%E3%81%B1%E3%81%AE%E3%81%B1" n2="%E5%BF%8D%E8%80%85%E3%81%AC%E3%81%93" n3="%E5%B0%B1%E6%B4%BB%E7%94%9F%40%E5%B7%9D%E6%9D%91%E8%BB%8D%E5%9B%A3" dan="14,15,13,15" rate="1982.99,1973.94,1856.14,2014.65" sx="M,M,M,M"/><TAIKYOKU oya="0"/><INIT seed="0,0,0,5,1,94" ten="250,250,250,250" oya="0" hai0="58,70,31,80,46,84,97,133,83,130,88,110,5" hai1="77,99,127,75,63,73,37,55,102,119,132,49,54" hai2="135,115,0,12,16,3,121,36,34,11,47,33,122" hai3="91,108,38,95,125,64,79,25,109,39,124,2,78"/><T128/><D70/><U67/><E119/><V120/><F36/><N who="3" m="13867" /><G2/><N who="2" m="553" /><F47/><W111/><G25/><T107/><D46/><U101/><E37/><V29/><F115/><W90/><G64/><T13/><D58/><U41/><E41/><V123/><F123/><W51/><G51/><T86/><D133/><U60/><E49/><V113/><F113/><W20/><G20/><T89/><D110/><U57/><E132/><V82/><F82/><W22/><G22/><T17/><D5/><U44/><E44/><V117/><F135/><W21/><G21/><T56/><D56/><U104/><E77/><N who="3" m="29194" /><G95/><T6/><D6/><U1/><E1/><V118/><F29/><W19/><G19/><T66/><D66/><U126/><E57/><V40/><F40/><W26/><G26/><T62/><D62/><U105/><E67/><V23/><F23/><W53/><G53/><T43/><D31/><U112/><REACH who="1" step="1"/><E112/><REACH who="1" ten="250,240,250,250" step="2"/><V32/><AGARI ba="0,1" hai="11,12,16,32,33,34,117,118,120,121,122" m="553" machi="32" ten="50,6400,0" yaku="34,2,54,1" doraHai="94" who="2" fromWho="2" sc="250,-32,240,-16,250,74,250,-16" /><INIT seed="1,0,0,0,2,41" ten="218,224,324,234" oya="1" hai0="14,98,84,117,89,58,6,103,20,74,85,81,104" hai1="13,2,63,133,61,121,97,93,57,39,44,107,51" hai2="31,75,10,1,37,116,90,92,70,102,46,3,25" hai3="118,82,9,7,113,76,66,71,115,128,43,106,23"/><U55/><E133/><V64/><F102/><W69/><G106/><T87/><D117/><U40/><E107/><V110/><F75/><W108/><G108/><T119/><D119/><U101/><E2/><V8/><F110/><W56/><G118/><T132/><D132/><U114/><E121/><V73/><F73/><W53/><G43/><T77/><D58/><U62/><E114/><V27/><F64/><W112/><G23/><T68/><D68/><U99/><E99/><V22/><F70/><W12/><G66/><T47/><D6/><U50/><E39/><V126/><F126/><W80/><G128/><T105/><D105/><U94/><E94/><V21/><F90/><W0/><G0/><T67/><D67/><U11/><E62/><V127/><F92/><W45/><G82/><T72/><D72/><U100/><E100/><V29/><F127/><W120/><G120/><T5/><D5/><AGARI ba="0,0" hai="5,11,13,40,44,50,51,55,57,61,63,93,97,101" machi="5" ten="30,5800,0" yaku="7,1,8,1,52,1" doraHai="41" who="1" fromWho="0" sc="218,-58,224,58,324,0,234,0" /><INIT seed="1,1,0,5,2,81" ten="160,282,324,234" oya="1" hai0="122,12,58,79,112,125,9,61,135,113,128,94,127" hai1="102,1,62,80,24,10,91,19,118,17,0,70,131" hai2="15,64,2,6,43,120,38,57,85,93,97,4,13" hai3="84,39,74,104,26,55,106,132,76,42,45,110,115"/><U73/><E131/><V129/><F120/><W124/><G115/><T99/><D122/><U87/><E118/><V123/><F123/><W5/><G110/><T116/><D116/><U36/><E36/><V37/><F43/><W18/><G74/><T95/><D79/><U78/><E102/><V11/><F2/><W111/><G111/><T82/><D82/><U67/><E24/><V75/><F75/><W66/><G5/><T59/><D99/><U47/><E47/><V46/><F46/><W72/><G72/><T30/><D30/><U96/><E96/><V105/><F129/><W44/><G124/><T27/><D27/><U108/><E108/><V31/><F31/><W89/><G76/><T25/><D25/><U33/><E33/><V49/><F38/><W53/><G66/><T40/><D40/><U21/><E21/><V90/><F37/><W101/><G101/><T28/><D28/><U32/><E32/><V22/><F105/><W77/><G77/><T107/><D135/><U63/><E63/><N who="2" m="37999" /><F49/><W51/><G55/><T68/><D107/><U29/><E29/><V100/><F100/><W52/><G53/><T86/><D128/><U71/><E71/><V41/><F41/><W56/><G44/><T92/><D61/><U69/><E69/><V23/><F97/><W16/><G132/><T134/><D68/><U114/><E114/><N who="0" m="44137" /><D134/><U8/><E78/><V83/><F83/><N who="3" m="49311" /><G106/><T126/><D59/><U119/><E119/><V130/><F130/><W7/><G104/><T65/><D58/><U133/><E133/><V103/><F103/><W117/><G117/><RYUUKYOKU ba="1,0" sc="160,-10,282,-10,324,30,234,-10" hai2="4,6,11,13,15,22,23,85,90,93" /><INIT seed="2,2,0,2,4,127" ten="150,272,354,224" oya="2" hai0="120,55,72,93,105,10,24,57,89,100,13,62,71" hai1="98,83,69,95,20,73,90,125,70,118,4,104,40" hai2="68,78,38,31,128,80,130,135,7,85,47,113,86" hai3="109,102,12,88,18,59,48,111,115,92,11,91,60"/><V30/><F68/><W49/><G102/><T44/><D120/><U21/><E118/><V0/><F113/><W43/><G91/><T131/><D72/><U64/><E40/><N who="2" m="22935" /><F85/><W1/><G1/><T122/><D122/><U66/><E125/><V3/><F3/><W77/><G77/><T121/><D121/><U112/><E112/><V63/><F63/><W116/><G116/><T26/><D71/><U67/><E4/><V132/><F30/><W101/><G101/><T99/><D44/><U46/><E46/><V17/><F17/><W134/><G134/><N who="2" m="51241" /><F31/><W22/><G115/><T5/><D26/><U76/><E70/><V34/><F34/><W56/><G56/><T23/><D105/><U8/><E69/><V124/><F124/><W19/><G43/><T36/><D36/><U35/><E35/><V94/><F94/><W110/><G18/><T84/><D100/><U37/><E37/><V103/><F103/><W16/><G19/><T58/><D57/><U61/><E104/><V74/><F74/><W117/><G22/><T6/><D6/><U82/><E61/><V129/><F0/><W15/><G15/><T52/><D55/><U119/><E119/><V33/><F33/><W81/><G81/><T106/><D106/><U126/><E126/><V87/><F87/><N who="3" m="52255" /><G117/><T114/><D84/><U96/><E83/><V28/><F28/><W14/><G14/><T50/><D114/><U65/><E82/><V9/><F7/><W51/><G60/><T97/><D97/><U79/><E96/><V41/><F41/><W25/><G25/><T2/><D62/><RYUUKYOKU ba="2,0" sc="150,-15,272,-15,354,15,224,15" hai2="9,78,80,86,128,129,130" hai3="11,12,16,48,49,51,59,109,110,111" /><INIT seed="2,3,0,5,4,81" ten="135,257,369,239" oya="2" hai0="77,67,65,7,23,22,127,99,58,48,3,39,6" hai1="28,101,105,12,55,24,122,71,90,115,63,29,112" hai2="16,123,5,69,68,41,42,0,106,121,97,93,131" hai3="47,70,120,119,36,110,1,40,54,57,118,84,95"/><V83/><F106/><W10/><G120/><T129/><D39/><U89/><E122/><V9/><F123/><W18/><G70/><T56/><D127/><U130/><E130/><V75/><F121/><W79/><G110/><T8/><D129/><U21/><E29/><V46/><F131/><W96/><G1/><T59/><D77/><U135/><E135/><V128/><F128/><W34/><G34/><T82/><D48/><U116/><E116/><V76/><F42/><W33/><G33/><T53/><D82/><U60/><E12/><V13/><F5/><W102/><G79/><T126/><D126/><U107/><E101/><V17/><F0/><W52/><G54/><T72/><D72/><U27/><E28/><V92/><F17/><W49/><G10/><T108/><D108/><U103/><E103/><V2/><F2/><W78/><REACH who="3" step="1"/><G18/><REACH who="3" ten="135,257,369,229" step="2"/><T87/><D8/><U134/><E55/><V26/><F68/><W15/><G15/><T51/><D3/><U117/><E71/><V35/><F69/><W4/><G4/><T44/><D7/><U98/><E117/><V125/><F125/><W91/><G91/><T20/><D6/><U64/><E134/><V114/><F35/><W100/><G100/><T133/><D133/><U31/><E21/><V109/><F109/><W25/><G25/><T74/><D67/><U30/><E64/><V85/><F9/><W80/><AGARI ba="3,1" hai="36,40,47,49,52,57,78,80,84,95,96,102,118,119" machi="80" ten="30,7900,0" yaku="1,1,0,1,52,1,54,1,53,0" doraHai="81" doraHaiUra="111" who="3" fromWho="3" sc="135,-23,257,-23,369,-42,229,98" /><INIT seed="3,0,0,0,2,15" ten="112,234,327,327" oya="3" hai0="38,117,36,18,135,43,99,29,69,52,74,73,115" hai1="112,77,39,129,49,58,64,101,60,66,97,104,105" hai2="131,44,26,98,121,96,125,68,48,70,119,14,16" hai3="37,27,3,42,122,78,92,51,63,23,102,88,25"/><W5/><G122/><T82/><D117/><U76/><E39/><V72/><F119/><W17/><G37/><T109/><D69/><U11/><E112/><V9/><F72/><W123/><G123/><T46/><D115/><U30/><E66/><V4/><F121/><W45/><G78/><T111/><D135/><U55/><E11/><V95/><F131/><W6/><G102/><T33/><D38/><U116/><E105/><V132/><F132/><W89/><G89/><T8/><D74/><U22/><E116/><V19/><F125/><W91/><G91/><T20/><D8/><U75/><E75/><V67/><F67/><W71/><G3/><T118/><D33/><U103/><E103/><N who="2" m="60831" /><F68/><W86/><G71/><T57/><D118/><U114/><E114/><V65/><F70/><W28/><REACH who="3" step="1"/><G63/><REACH who="3" ten="112,234,327,317" step="2"/><T110/><D29/><U108/><E60/><V35/><F35/><AGARI ba="0,1" hai="5,6,17,23,25,27,28,35,42,45,51,86,88,92" machi="35" ten="30,18000,2" yaku="1,1,2,1,7,1,52,1,54,1,53,1" doraHai="15" doraHaiUra="84" who="3" fromWho="2" sc="112,0,234,0,327,-180,317,190" /><INIT seed="3,1,0,3,2,61" ten="112,234,147,507" oya="3" hai0="113,26,39,27,132,131,70,24,35,91,16,81,83" hai1="45,28,49,57,18,41,134,0,73,82,56,55,12" hai2="76,109,46,105,44,11,96,14,122,78,62,36,77" hai3="60,119,59,74,71,120,69,133,103,99,72,88,48"/><W42/><G120/><T51/><D70/><U30/><E134/><V125/><F122/><W3/><G119/><T127/><D39/><U54/><E0/><V89/><F125/><W20/><G3/><T47/><D127/><U15/><E73/><V53/><F109/><W13/><G133/><T84/><D132/><U102/><E102/><V85/><F36/><W117/><G117/><T58/><D131/><U7/><E82/><V101/><F62/><W21/><G42/><T38/><D113/><U128/><E128/><V112/><F112/><W4/><G48/><T135/><D135/><U116/><E116/><V22/><F22/><W31/><G72/><T65/><D38/><U63/><E7/><V32/><F32/><W17/><G74/><T90/><D35/><U118/><E118/><V104/><F53/><W68/><G4/><T2/><D2/><U114/><E114/><V9/><F105/><W67/><G88/><N who="0" m="51215" /><D83/><U123/><E123/><V94/><REACH who="2" step="1"/><F11/><REACH who="2" ten="112,234,137,507" step="2"/><W98/><G31/><T108/><D108/><U33/><E30/><V25/><F25/><W97/><REACH who="3" step="1"/><G21/><REACH who="3" ten="112,234,137,497" step="2"/><N who="0" m="13351" /><D26/><U80/><E28/><V1/><F1/><W86/><G86/><T8/><D27/><U19/><E33/><V6/><AGARI ba="1,2" hai="6,9,14,44,46,76,77,78,85,89,94,96,101,104" machi="6" ten="30,2000,0" yaku="1,1,0,1,53,0" doraHai="61" doraHaiUra="66" who="2" fromWho="2" sc="112,-6,234,-6,137,43,497,-11" /><INIT seed="4,0,0,2,5,133" ten="106,228,180,486" oya="0" hai0="1,42,89,19,2,57,10,24,121,124,51,36,8" hai1="135,111,97,126,107,118,62,43,55,127,72,17,128" hai2="82,71,117,73,120,76,7,99,25,70,98,90,115" hai3="52,21,65,83,105,13,33,63,34,64,103,80,109"/><T26/><D121/><U35/><E43/><V101/><F120/><W60/><G109/><T9/><D36/><U95/><E111/><V122/><F122/><W30/><G105/><T113/><D42/><U74/><E107/><V31/><F117/><W59/><G103/><T69/><D69/><U61/><E118/><V93/><F115/><W114/><G114/><T132/><D113/><U108/><E108/><V134/><F134/><W92/><G92/><T22/><D132/><U5/><E135/><V123/><F7/><W116/><G116/><T68/><D68/><U87/><E87/><V15/><F15/><W23/><G13/><N who="0" m="9583" /><D89/><U4/><E17/><V54/><F54/><W58/><G30/><T75/><D75/><N who="1" m="28715" /><E35/><V66/><F66/><W53/><AGARI ba="0,0" hai="21,23,33,34,52,53,58,59,60,63,64,65,80,83" machi="53" ten="25,6400,0" yaku="0,1,22,2,54,1" doraHai="133" who="3" fromWho="3" sc="106,-32,228,-16,180,-16,486,64" /><INIT seed="5,0,0,1,1,29" ten="74,212,164,550" oya="1" hai0="103,58,62,88,77,116,0,127,34,8,13,60,49" hai1="52,17,51,121,39,73,110,97,75,25,120,6,43" hai2="35,10,4,57,96,38,125,15,19,30,90,3,24" hai3="1,45,64,32,93,95,109,31,44,113,99,126,128"/><U106/><E110/><V9/><F38/><W83/><G1/><T134/><D0/><U67/><E6/><V63/><F125/><W76/><G113/><T70/><D127/><U55/><E39/><V18/><F96/><W123/><G64/><T129/><D116/><U117/><E117/><V41/><F41/><W107/><G107/><T26/><D129/><U50/><E43/><V61/><F90/><W86/><G95/><T22/><D134/><U124/><E124/><V14/><F57/><W2/><G2/><T33/><D77/><U104/><E25/><V84/><F84/><W135/><G135/><T133/><D103/><U108/><E17/><V102/><F102/><W100/><G128/><T91/><D133/><U46/><E67/><V130/><F130/><W69/><G69/><T94/><D91/><U37/><E37/><V53/><F53/><W85/><G109/><T65/><D49/><U11/><E11/><AGARI ba="0,0" hai="3,4,9,10,11,14,15,18,19,24,30,35,61,63" machi="11" ten="30,3900,0" yaku="7,1,9,1,52,1" doraHai="29" who="2" fromWho="1" sc="74,0,212,-39,164,39,550,0" /><INIT seed="6,0,0,2,4,80" ten="74,173,203,550" oya="2" hai0="70,112,49,5,54,102,30,127,6,118,133,131,103" hai1="92,97,32,1,85,114,24,44,35,108,68,2,99" hai2="11,77,130,42,90,110,125,9,83,59,73,58,86" hai3="76,7,48,27,95,38,126,100,123,41,64,16,23"/><V109/><F42/><W81/><G123/><T26/><D70/><U14/><E68/><V104/><F104/><W28/><G38/><T96/><D49/><U17/><E108/><N who="2" m="41579" /><F130/><W91/><G126/><T78/><D54/><U50/><E114/><V107/><F107/><W87/><G7/><T53/><D53/><U101/><E97/><V55/><F125/><W21/><G64/><T31/><D78/><U111/><E111/><V89/><F89/><W0/><G0/><T52/><D127/><U19/><E85/><V15/><F15/><W129/><G100/><T79/><D79/><U106/><E106/><V10/><F55/><W72/><G129/><T120/><D52/><U20/><E35/><V47/><F47/><W39/><G39/><T56/><D131/><U3/><E32/><V66/><F66/><W8/><G8/><T71/><D71/><U67/><E67/><V65/><F65/><W57/><G57/><T33/><D56/><U29/><REACH who="1" step="1"/><E14/><REACH who="1" ten="74,163,203,550" step="2"/><V132/><F132/><W12/><G41/><AGARI ba="0,1" hai="1,2,3,17,19,20,24,29,41,44,50,92,99,101" machi="41" ten="40,2600,0" yaku="1,1,2,1,53,0" doraHai="80" doraHaiUra="117" who="1" fromWho="3" sc="74,0,163,36,203,0,550,-26" /><INIT seed="7,0,0,2,1,1" ten="74,199,203,524" oya="3" hai0="92,61,33,108,96,21,38,99,29,23,133,75,3" hai1="35,54,30,31,55,131,79,87,89,125,10,51,76" hai2="41,40,17,123,50,43,0,65,4,16,71,15,109" hai3="9,2,98,63,47,36,78,52,115,18,28,88,117"/><W111/><G111/><T74/><D108/><U100/><E125/><V116/><F109/><W126/><G117/><T44/><D133/><U82/><E131/><V42/><F116/><W85/><G115/><T122/><D122/><U14/><E100/><V11/><F123/><W22/><G126/><T128/><D128/><U80/><E35/><V53/><F71/><W60/><G28/><N who="1" m="10794" /><E80/><V69/><F65/><W19/><G78/><N who="1" m="29738" /><E51/><V105/><F69/><W119/><G98/><T102/><D29/><U68/><E68/><V97/><F105/><W8/><G119/><T77/><D77/><U6/><AGARI ba="0,0" hai="6,10,14,54,55,82,87,89" m="29738,10794" machi="6" ten="30,2000,0" yaku="8,1,52,1" doraHai="1" who="1" fromWho="1" sc="74,-5,199,20,203,-5,524,-10" owari="69,-43.0,219,2.0,198,-20.0,514,61.0" /></mjloggm>