<mjloggm ver="2.3"><GO type="225" lobby="0"/><UN n0="%E5%AE%89%E6%9C%AC%E5%BD%A9%E8%8A%B1" n1="%E6%9C%9D%E5%80%89%E6%9C%88%E5%A5%88" n2="%E3%83%88%E3%83%88%E3%83%AA%E5%85%88%E7%94%9F%31%39%E6%AD%B3" n3="%EF%BC%A0%E3%81%99%E3%81%9A" dan="16,17,17,16" rate="2127.63,2112.29,2290.38,2047.08" sx="F,M,F,M"/><TAIKYOKU oya="0"/><INIT seed="0,0,0,4,2,69" ten="250,250,250,250" oya="0" hai0="8,53,128,39,115,126,123,38,131,94,74,89,55" hai1="79,60,17,50,122,106,81,117,129,103,114,4,110" hai2="112,57,107,30,25,68,52,132,10,15,11,76,133" hai3="22,35,77,5,82,118,102,99,101,66,127,120,80"/><T20/><D115/><U84/><E117/><V130/><F112/><W108/><G35/><T49/><D74/><U83/><E122/><V23/><F107/><W104/><G5/><T58/><D126/><U113/><E110/><V0/><F68/><W100/><G66/><T96/><D123/><U134/><E134/><N who="2" m="51819" /><F130/><N who="0" m="49706" /><D20/><U48/><E129/><V64/><F64/><W32/><G32/><T91/><D8/><U40/><E4/><V3/><F76/><W24/><G120/><T93/><D55/><U59/><E103/><V67/><F67/><W37/><G118/><T27/><D27/><U51/><E106/><V116/><F116/><W92/><G108/><T47/><D47/><U98/><E40/><V45/><F45/><W119/><G119/><T26/><D26/><U43/><E43/><V73/><F73/><W78/><G24/><T87/><AGARI ba="0,0" hai="38,39,49,53,58,87,89,91,93,94,96" m="49706" machi="87" ten="30,6000,0" yaku="19,1,52,2" doraHai="69" who="0" fromWho="0" sc="250,60,250,-20,250,-20,250,-20" /><INIT seed="0,1,0,4,5,28" ten="310,230,230,230" oya="0" hai0="118,127,126,48,60,101,12,111,76,20,128,30,112" hai1="52,79,49,0,58,25,71,29,80,45,54,14,115" hai2="13,91,99,97,70,18,93,131,95,73,92,119,16" hai3="40,36,31,68,51,10,94,124,37,103,120,27,122"/><T34/><D112/><U23/><E0/><V8/><F70/><W26/><G68/><T110/><D118/><U113/><E71/><V50/><F73/><W1/><G124/><N who="0" m="47659" /><D128/><U107/><E107/><V78/><F78/><W132/><G132/><T61/><D76/><U39/><E14/><N who="2" m="7239" /><F131/><W44/><G26/><N who="0" m="18775" /><D101/><U72/><REACH who="1" step="1"/><E39/><REACH who="1" ten="310,220,230,230" step="2"/><V77/><F119/><W66/><G36/><T53/><D12/><U55/><E55/><V17/><F13/><W32/><G37/><T90/><D110/><U133/><E133/><V109/><F109/><W74/><G1/><T67/><D111/><U41/><E41/><V117/><F117/><W5/><G40/><T4/><D53/><U24/><E24/><V59/><F77/><W83/><G27/><T98/><D67/><U104/><E104/><V42/><F95/><W102/><G94/><N who="0" m="56663" /><D4/><U6/><E6/><V89/><F42/><W69/><G5/><T121/><D121/><U65/><E65/><V35/><F93/><W46/><G122/><T15/><D15/><U75/><E75/><V2/><F2/><W123/><G74/><T56/><D20/><U64/><E64/><V11/><F91/><W85/><G123/><T88/><D88/><U135/><E135/><V19/><F97/><W62/><G120/><T9/><D56/><U114/><E114/><V57/><F11/><W38/><G10/><T21/><D9/><U81/><E81/><V96/><F96/><W22/><G83/><T108/><D108/><U134/><E134/><V63/><F99/><W3/><G3/><T47/><D21/><U130/><E130/><RYUUKYOKU ba="1,1" sc="310,15,220,15,230,-15,230,-15" hai0="47,48,60,61" hai1="23,25,29,45,49,52,54,58,72,79,80,113,115" /><INIT seed="0,2,1,3,1,30" ten="325,235,215,215" oya="0" hai0="125,133,85,107,47,48,1,93,98,22,37,20,129" hai1="39,114,56,43,12,38,25,101,105,23,8,11,31" hai2="78,70,116,109,71,15,57,4,54,17,130,69,9" hai3="79,113,103,16,75,131,134,24,126,80,83,13,68"/><T100/><D37/><U110/><E114/><V84/><F109/><W0/><G113/><T44/><D125/><U104/><E110/><V118/><F130/><W81/><G126/><T92/><D133/><U65/><E11/><V66/><F66/><W123/><G134/><T108/><D108/><U18/><E101/><V90/><F78/><W61/><G131/><T10/><D129/><U89/><E89/><V32/><F4/><W91/><G0/><T35/><D35/><U26/><E26/><V59/><F32/><W21/><G103/><T115/><D115/><U106/><REACH who="1" step="1"/><E43/><REACH who="1" ten="325,225,215,215" step="2"/><V112/><F112/><W111/><G111/><T99/><D10/><U52/><E52/><V120/><F54/><W82/><G91/><T124/><D124/><U28/><E28/><V34/><F120/><W121/><G123/><T132/><D132/><U135/><E135/><V29/><F118/><W95/><G121/><T67/><D100/><U49/><E49/><V97/><F116/><W51/><G51/><T88/><D48/><U2/><E2/><V3/><F3/><W6/><G61/><AGARI ba="2,2" hai="8,12,18,23,25,31,38,39,56,61,65,104,105,106" machi="61" ten="40,1300,0" yaku="1,1,53,0" doraHai="30" doraHaiUra="40" who="1" fromWho="3" sc="325,0,225,39,215,0,215,-19" /><INIT seed="1,0,0,0,1,60" ten="325,264,215,196" oya="1" hai0="78,112,91,1,120,101,119,100,133,97,50,2,114" hai1="38,125,113,30,42,107,95,128,79,127,22,92,87" hai2="62,99,132,12,9,13,44,64,74,31,134,6,26" hai3="3,123,124,53,37,121,54,41,115,129,32,51,130"/><U48/><E107/><V81/><F99/><W77/><G77/><T15/><D119/><U111/><E38/><V84/><F74/><W10/><G32/><T11/><D120/><N who="3" m="46153" /><G10/><T45/><D133/><N who="2" m="51306" /><F44/><N who="3" m="23599" /><G3/><T7/><D78/><U83/><E113/><V94/><F94/><W65/><G115/><T17/><D100/><U5/><E5/><V96/><F96/><W109/><G109/><T82/><D1/><U90/><E111/><V4/><F4/><W93/><G93/><N who="0" m="58543" /><D2/><U73/><E95/><V68/><F9/><W80/><G80/><T63/><D7/><U0/><E0/><V40/><F40/><W34/><G34/><T88/><D82/><U85/><E73/><V25/><F6/><W16/><G16/><T86/><D86/><U69/><E92/><V126/><F126/><W43/><G124/><T104/><D104/><U131/><E87/><V18/><F18/><W135/><G135/><T36/><D114/><U59/><E90/><N who="2" m="51471" /><F25/><W116/><G116/><T55/><D112/><U39/><E85/><V58/><F68/><W56/><G43/><T75/><D75/><N who="1" m="43519" /><E42/><V76/><F76/><W98/><G98/><T47/><D91/><U20/><E39/><V110/><F110/><W52/><G65/><T24/><D88/><U46/><E127/><V103/><F103/><W89/><G89/><T19/><D36/><U57/><E125/><V23/><AGARI ba="0,0" hai="12,13,23,26,31,58,62,64" m="51471,51306" machi="23" ten="30,2000,0" yaku="20,1,52,1" doraHai="60" who="2" fromWho="2" sc="325,-5,264,-10,215,20,196,-5" /><INIT seed="2,0,0,3,0,34" ten="320,254,235,191" oya="2" hai0="103,54,106,86,57,33,64,9,4,7,39,48,115" hai1="90,43,1,28,35,31,49,105,74,89,12,114,25" hai2="82,40,93,124,68,41,99,8,3,60,65,92,36" hai3="119,84,15,50,98,14,88,126,70,128,46,26,22"/><V56/><F124/><W42/><G119/><T87/><D39/><U23/><E74/><V132/><F132/><W104/><G70/><T11/><D115/><U53/><E105/><V47/><F40/><W135/><G128/><T69/><D33/><U24/><E114/><V75/><F99/><W20/><G135/><T95/><D106/><U19/><E43/><V29/><F29/><W111/><G111/><T97/><D69/><U116/><E116/><V100/><F100/><W55/><G126/><T66/><D9/><U37/><E37/><V96/><F96/><W73/><G73/><T81/><D86/><U44/><E1/><V102/><F102/><W125/><G125/><T134/><D134/><U117/><E117/><V77/><F56/><W107/><G107/><T94/><D95/><U133/><E133/><V78/><F78/><W122/><G122/><T110/><D110/><U30/><E30/><V112/><F112/><W76/><G104/><T113/><D113/><U130/><E130/><V62/><F62/><W18/><G76/><N who="0" m="46503" /><D11/><AGARI ba="0,0" hai="11,12,19,23,24,25,28,31,35,44,49,53,89,90" machi="11" ten="30,1000,0" yaku="7,1" doraHai="34" who="1" fromWho="0" sc="320,-10,254,10,235,0,191,0" /><INIT seed="3,0,0,5,4,117" ten="310,264,235,191" oya="3" hai0="9,100,118,55,96,5,20,70,34,101,98,67,112" hai1="29,110,76,87,129,115,63,56,15,54,60,88,99" hai2="68,107,19,131,128,10,126,103,132,109,13,16,83" hai3="3,92,46,82,75,53,23,61,7,114,66,65,2"/><W14/><G114/><T42/><D34/><U6/><E110/><V123/><F68/><W25/><G14/><T108/><D42/><U133/><E115/><V71/><F71/><W45/><G92/><T95/><D55/><U90/><E133/><V49/><F109/><W74/><G53/><T1/><D20/><U79/><E129/><N who="2" m="49739" /><F132/><W72/><G82/><T4/><D4/><U121/><E121/><V94/><F126/><W44/><G7/><T64/><D108/><U38/><E38/><V89/><F123/><W102/><G102/><T77/><D118/><U78/><E29/><V50/><F83/><W41/><G41/><T37/><D70/><U91/><E99/><N who="2" m="61951" /><F19/><W51/><G51/><T8/><D37/><U113/><E113/><V84/><AGARI ba="0,0" hai="10,13,16,49,50,84,89,94" m="61951,49739" machi="84" ten="30,2000,0" yaku="19,1,54,1" doraHai="117" who="2" fromWho="2" sc="310,-5,264,-5,235,20,191,-10" owari="305,40.0,259,6.0,255,-14.0,181,-32.0" /></mjloggm>