<mjloggm ver="2.3"><GO type="169" lobby="0"/><UN n0="%E8%AA%B2%E9%95%B7%E8%A6%96%E9%87%8E%E7%8B%AD%E7%AA%84" n1="%E3%83%92%E3%83%84%E3%83%AB%E3%82%B9%E3%83%9A%E3%83%AB%E3%82%AC%E3%83%BC" n2="%E3%81%86%E3%82%89%E3%81%97%E3%81%92%E3%82%8B" n3="%E5%B0%B1%E6%B4%BB%E7%94%9F%40%E5%B7%9D%E6%9D%91%E8%BB%8D%E5%9B%A3" dan="17,17,16,16" rate="2154.17,2153.12,2056.15,2103.09" sx="M,M,M,M"/><TAIKYOKU oya="0"/><INIT seed="0,0,0,0,4,54" ten="250,250,250,250" oya="0" hai0="131,114,104,134,70,79,109,65,93,124,108,129,84" hai1="44,43,35,80,34,111,123,88,82,6,16,23,113" hai2="75,96,47,102,100,86,30,115,135,78,25,20,14" hai3="85,4,83,46,92,62,72,125,3,53,63,33,106"/><T95/><D114/><U15/><E123/><V87/><F115/><W130/><G106/><T76/><D104/><U32/><E113/><V19/><F135/><W91/><G33/><T26/><D134/><U67/><E111/><N who="0" m="42569" /><D124/><U128/><E128/><N who="0" m="49225" /><D26/><U52/><E67/><V45/><F75/><W68/><G68/><T21/><D21/><U122/><E122/><V59/><F102/><W58/><G3/><T69/><D84/><U37/><E6/><V126/><F126/><W107/><G4/><T74/><D74/><U8/><E23/><V119/><F119/><W66/><G107/><T12/><D12/><U39/><E39/><V73/><F73/><W94/><G130/><T61/><D70/><U7/><E7/><V133/><F133/><W42/><G72/><T90/><D90/><U36/><E36/><V99/><F86/><W51/><G125/><T49/><D49/><U127/><E127/><V120/><F120/><W2/><G2/><T77/><AGARI ba="0,0" hai="61,65,69,76,77,79,93,95" m="49225,42569" machi="77" ten="40,7800,0" yaku="14,1,10,1,19,1" doraHai="54" who="0" fromWho="0" sc="250,78,250,-26,250,-26,250,-26" /><INIT seed="0,1,0,3,3,124" ten="328,224,224,224" oya="0" hai0="98,2,72,67,116,61,97,42,49,129,40,101,13" hai1="57,88,18,43,94,78,11,60,125,58,16,45,36" hai2="114,104,17,115,51,106,75,118,119,79,121,7,108" hai3="65,130,89,132,14,68,48,96,38,95,100,47,135"/><T92/><D116/><N who="2" m="44586" /><F7/><W5/><G38/><T127/><D2/><U107/><E107/><N who="2" m="41003" /><F17/><W122/><G122/><T9/><D127/><U112/><E125/><V33/><F51/><W81/><G68/><T83/><D98/><U82/><E112/><N who="2" m="43051" /><F33/><W63/><G5/><T50/><D49/><U99/><E11/><V4/><F4/><W86/><G14/><T109/><D9/><U74/><REACH who="1" step="1"/><E58/><REACH who="1" ten="328,214,224,224" step="2"/><V35/><F121/><W91/><G132/><T25/><D42/><U1/><E1/><V55/><F35/><W34/><G34/><T102/><D40/><U87/><E87/><V53/><F108/><W117/><G135/><T71/><D109/><U23/><E23/><V44/><F44/><W46/><G117/><T22/><D22/><U64/><AGARI ba="1,1" hai="16,18,36,43,45,57,60,64,74,78,82,88,94,99" machi="64" ten="20,8000,1" yaku="1,1,0,1,7,1,54,2,53,0" doraHai="124" doraHaiUra="27" who="1" fromWho="1" sc="328,-41,214,93,224,-21,224,-21" /><INIT seed="1,0,0,2,0,1" ten="287,307,203,203" oya="1" hai0="114,90,32,15,132,19,87,66,97,68,129,99,67" hai1="74,125,115,17,38,3,4,75,48,55,104,62,86" hai2="118,80,110,11,39,102,25,119,14,7,58,65,45" hai3="10,93,5,72,8,111,37,64,127,103,78,71,95"/><U42/><E115/><V54/><F110/><W44/><G111/><T27/><D114/><U123/><E104/><V120/><F120/><W130/><G130/><T89/><D129/><U6/><E123/><V77/><F65/><N who="0" m="24586" /><D68/><U16/><E3/><V128/><F128/><W13/><G127/><T49/><D32/><U96/><E125/><V23/><F102/><W24/><G24/><T60/><D132/><U108/><E108/><V124/><F124/><W121/><G121/><T100/><D100/><U126/><E126/><V105/><F105/><W92/><G103/><T83/><D60/><U22/><E75/><V41/><F54/><W76/><G72/><T63/><D63/><U79/><E74/><V21/><F58/><W31/><G31/><T30/><D49/><U85/><E96/><V43/><F43/><W47/><G10/><T133/><D133/><U51/><E38/><V117/><REACH who="2" step="1"/><F25/><REACH who="2" ten="287,307,193,203" step="2"/><W122/><G122/><T0/><D27/><N who="1" m="14791" /><E42/><V82/><F82/><W40/><G47/><T88/><D83/><N who="1" m="47359" /><E62/><V52/><F52/><W109/><G109/><T61/><D61/><U91/><E17/><V12/><F12/><W57/><G71/><T101/><D0/><U18/><E18/><V46/><F46/><W134/><G134/><T59/><D101/><U98/><E55/><V20/><F20/><W106/><G106/><T112/><D19/><U69/><E69/><V84/><AGARI ba="0,1" hai="7,11,14,21,23,39,41,45,77,80,84,117,118,119" machi="84" ten="30,4000,0" yaku="1,1,0,1,52,1,53,0" doraHai="1" doraHaiUra="94" who="2" fromWho="2" sc="287,-10,307,-20,193,50,203,-10" /><INIT seed="2,0,0,4,1,133" ten="277,287,243,193" oya="2" hai0="74,76,67,62,111,40,110,109,22,94,68,38,116" hai1="20,42,88,112,83,128,75,13,70,122,44,0,39" hai2="47,18,3,58,100,16,95,59,105,23,36,132,115" hai3="53,9,17,84,134,73,10,29,5,72,32,35,1"/><V11/><F115/><W93/><G134/><T131/><D94/><U121/><E0/><V86/><F132/><W127/><G72/><T99/><D99/><U119/><E112/><V63/><F105/><W114/><G73/><T34/><D22/><U14/><E119/><V24/><F59/><W71/><G71/><T43/><D34/><N who="3" m="12841" /><G53/><T92/><D92/><U12/><E70/><V104/><F104/><W102/><G84/><T26/><D26/><U78/><E128/><V4/><F36/><W46/><G93/><T57/><D131/><U66/><E66/><V103/><F47/><W89/><G89/><T45/><D43/><U56/><E56/><V118/><F118/><W77/><G77/><T51/><D116/><U65/><E65/><V97/><F86/><W64/><G102/><T60/><D76/><U15/><E88/><V41/><F41/><W85/><G64/><N who="0" m="40983" /><D74/><U48/><E39/><AGARI ba="0,0" hai="38,39,40,45,51,57,60,67,109,110,111" m="40983" machi="39" ten="30,3900,0" yaku="14,1,34,2" doraHai="133" who="0" fromWho="1" sc="277,39,287,-39,243,0,193,0" /><INIT seed="3,0,0,0,0,27" ten="316,248,243,193" oya="3" hai0="62,111,117,19,124,72,42,91,82,114,6,9,89" hai1="77,131,45,39,47,116,107,37,15,16,21,108,35" hai2="105,74,78,30,28,85,2,70,113,103,129,99,11" hai3="122,73,118,23,119,67,13,44,83,104,40,134,123"/><W106/><G67/><T135/><D117/><N who="3" m="44553" /><G23/><T133/><D111/><U71/><E107/><N who="3" m="41002" /><G13/><T125/><D114/><U60/><E108/><V120/><F113/><W95/><G44/><T94/><D42/><U121/><E116/><V80/><F70/><W69/><G69/><T43/><D43/><U63/><E121/><N who="3" m="46090" /><G40/><T61/><D19/><U7/><E71/><V126/><F120/><W98/><G134/><N who="0" m="51211" /><D61/><U46/><E60/><V36/><F36/><W59/><G59/><T34/><D62/><U115/><E63/><V50/><F126/><N who="0" m="48746" /><D34/><U14/><E35/><V109/><F109/><W96/><G95/><T127/><N who="0" m="48754" /><T53/><DORA hai="132" /><D53/><U58/><E39/><V55/><F2/><W92/><G92/><T112/><D112/><U93/><E115/><V101/><F11/><W24/><G24/><T3/><D94/><U22/><E93/><V51/><F51/><W81/><G73/><T52/><D52/><U57/><E37/><V100/><F74/><W87/><G87/><T79/><AGARI ba="0,0" hai="3,6,9,72,79,82,89,91" m="48754,51211" machi="79" ten="50,12000,2" yaku="20,1,18,1,52,4" doraHai="27,132" who="0" fromWho="0" sc="316,120,248,-30,243,-30,193,-60" /><INIT seed="4,0,0,1,1,101" ten="436,218,213,133" oya="0" hai0="87,109,78,39,34,118,49,28,20,33,52,130,84" hai1="30,60,68,37,46,14,56,125,115,113,45,92,91" hai2="59,93,100,4,6,27,2,54,53,75,58,124,38" hai3="47,98,8,41,117,74,95,57,9,103,42,31,126"/><T94/><D118/><U70/><E30/><V55/><F75/><W106/><G117/><T51/><D39/><U123/><E14/><V10/><F38/><W63/><G126/><T120/><D120/><U72/><E72/><V15/><F124/><W1/><G74/><T13/><D34/><U71/><E125/><V67/><F27/><W18/><G31/><T24/><D130/><U22/><E22/><V102/><F2/><W128/><G128/><T32/><D32/><U61/><E123/><V65/><F6/><W69/><G69/><T135/><D49/><U122/><E122/><V134/><F134/><W19/><G95/><T132/><D109/><U76/><E76/><V121/><F121/><W43/><G47/><T127/><D127/><U29/><E29/><V82/><F82/><W0/><G9/><T48/><D48/><U36/><E36/><V131/><F131/><W66/><REACH who="3" step="1"/><G8/><REACH who="3" ten="436,218,213,123" step="2"/><T16/><D94/><U99/><E71/><V133/><F93/><W107/><G107/><T77/><D132/><U85/><E70/><V114/><F133/><W116/><G116/><T90/><D135/><U104/><E68/><V110/><F110/><W83/><G83/><T23/><D33/><U88/><E104/><V21/><F21/><W17/><AGARI ba="0,1" hai="0,1,17,18,19,41,42,43,57,63,66,98,103,106" machi="17" ten="30,7900,0" yaku="1,1,0,1,52,1,53,1" doraHai="101" doraHaiUra="62" who="3" fromWho="3" sc="436,-39,218,-20,213,-20,123,89" /><INIT seed="5,0,0,2,3,67" ten="397,198,193,212" oya="1" hai0="112,88,120,108,31,11,82,98,109,130,32,15,22" hai1="25,13,127,58,53,33,75,69,66,52,6,19,74" hai2="84,60,134,86,62,92,76,10,23,61,46,114,78" hai3="40,1,27,83,42,57,129,116,94,72,7,90,59"/><U17/><E127/><V56/><F134/><W26/><G116/><T93/><D32/><U71/><E6/><V91/><F91/><W77/><G129/><T111/><D130/><U115/><E115/><V50/><F114/><W48/><G7/><T106/><D112/><U44/><E44/><V104/><F104/><W21/><G1/><T2/><D2/><U65/><E33/><V43/><F92/><W102/><G102/><T38/><D38/><U128/><E128/><V14/><F23/><W121/><G121/><T47/><D120/><U79/><E13/><V119/><F119/><W122/><G27/><T64/><D64/><U4/><E4/><N who="2" m="3399" /><F56/><W55/><G59/><T123/><D123/><U89/><E58/><V28/><F28/><W54/><G54/><T99/><D47/><U37/><E89/><V8/><F8/><W103/><G103/><T18/><D106/><U85/><E37/><V100/><F100/><W12/><G122/><T70/><D31/><U0/><E0/><V9/><F9/><W96/><G12/><T125/><D11/><U73/><E73/><V16/><F16/><AGARI ba="0,0" hai="16,21,26,40,42,48,55,57,72,77,83,90,94,96" machi="16" ten="30,2000,0" yaku="7,1,54,1" doraHai="67" who="3" fromWho="2" sc="397,0,198,0,193,-20,212,20" /><INIT seed="6,0,0,0,0,60" ten="397,198,173,232" oya="2" hai0="91,52,109,78,132,18,135,81,67,27,45,32,86" hai1="98,21,106,100,130,24,47,43,19,134,104,42,108" hai2="127,82,121,35,65,97,20,110,118,0,51,25,99" hai3="69,90,96,120,88,41,133,73,93,8,4,7,16"/><V77/><F0/><W54/><G73/><T3/><D109/><U2/><E108/><V87/><F110/><W94/><G69/><T26/><D3/><U44/><E2/><V89/><F35/><W125/><G120/><T85/><D32/><U11/><E130/><V80/><F121/><W1/><G125/><T113/><D113/><U102/><E11/><V115/><F115/><W14/><G133/><N who="0" m="51275" /><D18/><U84/><E134/><V38/><F38/><W71/><G71/><T33/><D33/><U59/><E59/><V9/><F127/><W23/><G41/><T79/><D79/><U57/><E57/><V55/><F118/><W105/><G105/><T62/><D86/><U75/><E75/><V74/><F9/><W68/><G68/><N who="0" m="42103" /><D78/><U92/><E84/><V116/><F65/><W119/><G119/><T40/><D40/><U31/><E19/><V76/><F89/><W72/><G72/><T66/><D66/><U131/><E102/><V46/><F116/><W83/><G54/><T13/><D13/><U28/><E28/><AGARI ba="0,0" hai="20,25,28,46,51,55,74,76,77,80,82,87,97,99" machi="28" ten="30,1500,0" yaku="7,1" doraHai="60" who="2" fromWho="1" sc="397,0,198,-15,173,15,232,0" /><INIT seed="6,1,0,1,1,49" ten="397,183,188,232" oya="2" hai0="112,109,19,110,56,108,80,62,127,111,47,85,78" hai1="39,87,124,86,0,54,96,95,20,32,82,81,94" hai2="17,48,25,35,65,7,50,28,135,22,106,33,31" hai3="15,72,61,11,102,6,98,121,29,67,83,5,13"/><V68/><F106/><W119/><G119/><T2/><D2/><U100/><E32/><V123/><F123/><W55/><G121/><T76/><D110/><U14/><E0/><V107/><F107/><W8/><G29/><T130/><D112/><U9/><E39/><V18/><F68/><W51/><G83/><N who="1" m="31754" /><E124/><V58/><F135/><W90/><G90/><T113/><D113/><U75/><E75/><V43/><F7/><W69/><G72/><T46/><D78/><U129/><E129/><V37/><F37/><W77/><G77/><T84/><D84/><U16/><E95/><V101/><F101/><W125/><G125/><T64/><D127/><U132/><E132/><V23/><F65/><W36/><G36/><T38/><D38/><U126/><E126/><V1/><F1/><W42/><G42/><T40/><D40/><U120/><E120/><V131/><F131/><W4/><G98/><T41/><D130/><U99/><E99/><V73/><F73/><W97/><G97/><T92/><D41/><U104/><E104/><V93/><F43/><W103/><G4/><T57/><D92/><U133/><E133/><V71/><F93/><W34/><G34/><T52/><REACH who="0" step="1"/><D19/><REACH who="0" ten="387,183,188,232" step="2"/><U66/><E87/><V45/><F45/><AGARI ba="1,1" hai="5,6,8,11,13,15,45,51,55,61,67,69,102,103" machi="45" ten="30,3900,0" yaku="7,1,9,1,52,1" doraHai="49" who="3" fromWho="2" sc="387,0,183,0,188,-42,232,52" /><INIT seed="7,0,0,4,2,53" ten="387,183,146,284" oya="3" hai0="84,62,130,32,78,45,41,11,70,48,1,134,64" hai1="27,113,31,4,86,61,91,93,24,52,85,92,101" hai2="89,111,82,5,55,100,109,71,14,118,49,8,74" hai3="30,81,57,16,125,56,72,20,19,10,114,6,9"/><W60/><G114/><T63/><D32/><U42/><E113/><V80/><F71/><W22/><G125/><T133/><D130/><U66/><E42/><V44/><F118/><W83/><G72/><T121/><D121/><U29/><E4/><V50/><F100/><W40/><G30/><N who="1" m="11274" /><E66/><V34/><F34/><W105/><G105/><T58/><D1/><U90/><E101/><V69/><F69/><W26/><G40/><T68/><D11/><N who="3" m="4105" /><G6/><T117/><D117/><U119/><E119/><V88/><F74/><W108/><G108/><T107/><D107/><U37/><E37/><V132/><F132/><N who="0" m="50794" /><D63/><U127/><E127/><V98/><F111/><W75/><G75/><T116/><D116/><U96/><E96/><V35/><F35/><W77/><G60/><T36/><D36/><U7/><E7/><V73/><F109/><W17/><G17/><T103/><D103/><U122/><E122/><V79/><F98/><W3/><G3/><T76/><D76/><U95/><E95/><V59/><F82/><AGARI ba="0,0" hai="41,45,48,58,62,64,68,70,78,82,84" m="50794" machi="82" ten="30,2000,0" yaku="20,1,52,1" doraHai="53" who="0" fromWho="2" sc="387,20,183,0,146,-20,284,0" owari="407,51.0,183,-22.0,126,-37.0,284,8.0" /></mjloggm>