<mjloggm ver="2.3"><GO type="41" lobby="0"/><UN n0="%6D%61%73%6B%61%72%61%73" n1="%E5%88%B9%E9%82%A3%E3%81%AE%E4%B8%80%E6%92%83" n2="%65%75%70%68%65" n3="%E5%B0%B1%E6%B4%BB%E7%94%9F%40%E5%B7%9D%E6%9D%91%E8%BB%8D%E5%9B%A3" dan="16,14,13,16" rate="2102.80,1939.32,1938.76,2044.63" sx="M,M,F,M"/><TAIKYOKU oya="0"/><INIT seed="0,0,0,0,3,5" ten="250,250,250,250" oya="0" hai0="86,33,129,52,18,56,85,21,38,45,62,1,134" hai1="122,128,55,71,91,88,47,40,49,131,75,50,100" hai2="6,16,121,41,109,10,19,9,106,124,118,42,3" hai3="74,115,90,0,39,46,30,66,32,65,43,17,14"/><T107/><D33/><U4/><E122/><V105/><F106/><W53/><G115/><T120/><D120/><U24/><E100/><V78/><F109/><W72/><G0/><T123/><D123/><U119/><E75/><V126/><F105/><W113/><G113/><T54/><D1/><U96/><E71/><V61/><F78/><W98/><G53/><T111/><D107/><U87/><E96/><V34/><F118/><W63/><G72/><T23/><D111/><U26/><E4/><N who="2" m="1183" /><F34/><W27/><G74/><T130/><D134/><U89/><E87/><N who="0" m="33289" /><D38/><U70/><E70/><V67/><F61/><W12/><G12/><T36/><D36/><U68/><E68/><V81/><F67/><W104/><G63/><T57/><D45/><U13/><E13/><N who="2" m="5335" /><F81/><W29/><G29/><T44/><D44/><N who="1" m="25735" /><E119/><V35/><F35/><W110/><G110/><T69/><D69/><U51/><E51/><V58/><F58/><N who="0" m="22634" /><D18/><N who="2" m="6698" /><F121/><W79/><G79/><T22/><D62/><U77/><E77/><V112/><F112/><W11/><G104/><T125/><D125/><AGARI ba="0,0" hai="41,42,124,125,126" m="6698,5335,1183" machi="125" ten="30,7700,0" yaku="18,1,52,2,54,1" doraHai="5" who="2" fromWho="0" sc="250,-77,250,0,250,77,250,0" /><INIT seed="1,0,0,2,1,55" ten="173,250,327,250" oya="1" hai0="132,52,15,11,73,1,133,18,74,122,75,131,50" hai1="119,103,36,14,71,72,54,10,120,49,123,127,97" hai2="101,93,65,129,13,82,4,80,31,51,0,24,53" hai3="3,114,105,96,22,77,46,48,124,130,87,26,43"/><U41/><E119/><V35/><F129/><W33/><G114/><T100/><D131/><U38/><E72/><V19/><F65/><W85/><G124/><T99/><D1/><U28/><E127/><V110/><F101/><W29/><G130/><T61/><D61/><U112/><E112/><V79/><F110/><W76/><G3/><T128/><D128/><U27/><E71/><V5/><F93/><W25/><G105/><T44/><REACH who="0" step="1"/><D122/><REACH who="0" ten="163,250,327,250" step="2"/><U8/><E123/><V92/><F0/><W2/><G2/><T135/><D135/><U68/><E120/><V60/><F60/><W47/><G76/><T69/><D69/><U111/><E68/><V39/><F39/><W45/><G77/><T16/><D16/><U125/><E111/><V17/><F4/><W64/><G64/><T6/><D6/><U89/><E125/><V66/><F19/><W102/><G48/><T91/><D91/><U40/><E89/><V98/><F5/><W113/><G113/><T63/><D63/><U56/><E38/><V9/><F66/><W70/><G70/><T134/><D134/><U81/><E36/><V62/><F79/><W30/><G43/><T116/><D116/><U20/><E41/><V34/><F62/><W83/><G29/><T21/><D21/><U37/><E40/><V94/><F35/><W107/><G33/><T108/><D108/><U7/><E37/><V95/><REACH who="2" step="1"/><F98/><REACH who="2" ten="163,250,317,250" step="2"/><W109/><G96/><T12/><D12/><U117/><E117/><V88/><F88/><W57/><G109/><T126/><D126/><U86/><E14/><V42/><F42/><RYUUKYOKU ba="0,2" sc="163,15,250,-15,317,15,250,-15" hai0="11,15,18,44,50,52,73,74,75,99,100,132,133" hai2="9,13,17,24,31,34,51,53,80,82,92,94,95" /><INIT seed="2,1,2,1,3,38" ten="178,235,332,235" oya="2" hai0="58,29,22,24,52,131,5,36,116,63,94,11,28" hai1="126,7,64,2,16,8,4,118,26,0,49,44,112" hai2="119,129,34,82,67,120,48,79,80,19,77,123,100" hai3="97,70,55,73,60,128,39,78,35,14,104,133,99"/><V72/><F119/><W32/><G128/><T107/><D107/><U66/><E118/><V13/><F34/><W23/><G133/><T17/><D116/><U51/><E112/><V124/><F129/><W68/><G39/><T135/><D131/><U111/><E126/><V20/><F124/><W15/><G73/><T3/><D135/><U103/><E103/><V69/><F100/><W47/><G78/><T42/><REACH who="0" step="1"/><D94/><REACH who="0" ten="168,235,332,235" step="2"/><U76/><E111/><V74/><REACH who="2" step="1"/><F48/><REACH who="2" ten="168,235,322,235" step="2"/><W61/><G32/><T1/><D1/><U30/><E51/><V12/><F12/><W96/><G35/><T105/><D105/><U93/><E2/><V53/><F53/><W71/><G104/><T106/><D106/><U134/><E0/><V56/><F56/><W89/><G15/><T130/><D130/><U98/><E134/><V31/><F31/><W62/><G55/><T40/><D40/><U83/><E30/><V113/><F113/><W132/><G132/><T95/><D95/><U21/><E93/><V45/><F45/><AGARI ba="1,4" hai="3,5,11,17,22,24,28,29,36,42,45,52,58,63" machi="45" ten="40,5200,0" yaku="1,1,52,1,54,1,53,0" doraHai="38" doraHaiUra="84" who="0" fromWho="2" sc="168,95,235,0,322,-55,235,0" /><INIT seed="3,0,0,3,1,47" ten="263,235,267,235" oya="3" hai0="50,27,82,5,107,48,89,76,4,94,87,31,124" hai1="36,127,131,49,86,123,60,42,54,51,109,30,134" hai2="68,18,59,21,102,96,33,26,8,69,2,88,128" hai3="83,13,110,44,81,114,39,67,133,99,119,90,115"/><W63/><G119/><T100/><D124/><U56/><E30/><V9/><F128/><W62/><G133/><T80/><D80/><U29/><E29/><V35/><F33/><W120/><G120/><T117/><D117/><U20/><E20/><V61/><F35/><W1/><G1/><T3/><D3/><U72/><E72/><V97/><F2/><W64/><G110/><T52/><D52/><N who="1" m="33799" /><E86/><V19/><F19/><W91/><G13/><T78/><D76/><U108/><E127/><V95/><F69/><W46/><REACH who="3" step="1"/><G99/><REACH who="3" ten="263,235,267,225" step="2"/><N who="0" m="61855" /><D4/><U121/><E134/><V14/><F68/><W84/><G84/><T129/><D5/><U37/><E131/><V57/><F14/><W122/><G122/><N who="1" m="46602" /><E109/><V12/><F59/><W98/><G98/><T17/><D129/><U6/><E6/><V93/><REACH who="2" step="1"/><F12/><REACH who="2" ten="263,235,257,225" step="2"/><W28/><G28/><T116/><D116/><U79/><E108/><V32/><F32/><W15/><G15/><T25/><D31/><U0/><E0/><V16/><F16/><W34/><G34/><T125/><D125/><U58/><E79/><V10/><F10/><W66/><G66/><AGARI ba="0,2" hai="8,9,18,21,26,57,61,66,88,93,95,96,97,102" machi="66" ten="30,7700,0" yaku="1,1,7,1,8,1,54,1,53,0" doraHai="47" doraHaiUra="113" who="2" fromWho="3" sc="263,0,235,0,257,97,225,-77" /><INIT seed="4,0,0,5,2,69" ten="263,235,354,148" oya="0" hai0="26,83,98,90,20,6,52,4,89,100,43,130,105" hai1="85,122,61,103,119,0,41,84,24,97,55,95,125" hai2="96,18,68,54,104,135,44,12,110,101,5,114,134" hai3="32,42,113,22,19,34,58,46,106,47,127,38,59"/><T124/><D43/><U45/><E122/><V13/><F68/><W102/><G113/><T33/><D33/><U48/><E0/><V35/><F110/><W25/><G127/><T92/><D124/><U74/><E125/><V36/><F35/><W99/><G46/><T120/><D120/><U129/><E74/><V21/><F114/><W94/><G106/><T39/><D39/><U78/><E119/><V93/><F54/><W80/><G80/><T27/><D130/><U64/><E78/><V71/><F71/><W123/><G123/><T10/><D10/><U81/><E81/><V62/><F62/><W37/><G37/><T30/><D26/><U82/><E129/><V108/><F5/><N who="0" m="2154" /><D105/><U70/><E82/><V65/><F65/><W128/><G128/><T131/><D83/><U3/><E3/><V109/><F104/><W121/><G121/><T11/><D11/><U133/><E133/><N who="2" m="50699" /><F12/><W63/><REACH who="3" step="1"/><G59/><REACH who="3" ten="263,235,354,138" step="2"/><T72/><D131/><U53/><REACH who="1" step="1"/><E24/><REACH who="1" ten="263,225,354,138" step="2"/><V112/><F112/><W7/><G7/><T79/><D72/><U23/><E23/><V40/><AGARI ba="0,2" hai="13,18,21,36,40,44,93,96,101,108,109" m="50699" machi="40" ten="30,2000,0" yaku="20,1,52,1" doraHai="69" who="2" fromWho="2" sc="263,-10,225,-5,354,40,138,-5" /><INIT seed="5,0,0,1,3,37" ten="253,220,394,133" oya="1" hai0="25,89,92,76,58,11,32,91,33,2,101,51,18" hai1="118,85,131,16,110,117,29,42,14,104,130,116,3" hai2="23,56,41,53,112,64,134,20,31,86,108,45,88" hai3="132,78,113,127,107,74,36,72,96,79,99,1,65"/><U83/><E3/><V71/><F108/><W95/><G1/><T135/><D76/><N who="3" m="29225" /><G36/><T50/><D135/><U10/><E104/><V119/><F134/><W27/><G27/><T97/><D101/><U115/><E110/><V128/><F119/><W28/><G28/><T7/><D91/><U75/><E75/><N who="3" m="28714" /><G65/><T87/><D97/><N who="3" m="37449" /><G127/><T30/><D33/><U133/><E133/><V21/><F128/><N who="1" m="49193" /><E115/><V52/><F112/><W111/><G111/><T84/><D87/><U100/><E100/><V67/><F31/><W39/><G39/><T49/><REACH who="0" step="1"/><D18/><REACH who="0" ten="243,220,394,133" step="2"/><U66/><E29/><V102/><F71/><W114/><G132/><T35/><D35/><U69/><E85/><V4/><F102/><W57/><G57/><AGARI ba="0,1" hai="2,7,11,25,30,32,49,50,51,57,58,84,89,92" machi="57" ten="40,1300,0" yaku="1,1,53,0" doraHai="37" doraHaiUra="123" who="0" fromWho="3" sc="243,23,220,0,394,0,133,-13" /><INIT seed="6,0,0,3,0,29" ten="266,220,394,120" oya="2" hai0="96,11,50,68,69,92,77,106,7,104,14,65,108" hai1="56,46,35,42,132,94,10,120,89,28,105,13,54" hai2="61,47,110,91,37,133,130,97,66,80,9,128,3" hai3="101,25,87,48,5,36,16,60,102,99,34,40,67"/><V0/><F110/><W117/><G36/><T95/><D77/><U63/><E105/><V51/><F133/><W59/><G117/><T135/><D108/><U90/><E132/><V58/><F37/><W122/><G122/><T83/><D135/><U81/><E120/><V26/><F9/><W4/><G87/><T119/><D83/><U112/><E81/><V71/><F26/><W8/><G101/><T76/><D76/><U86/><E112/><V111/><F71/><W2/><G2/><T78/><D78/><U93/><E28/><V38/><F111/><W124/><G124/><T32/><D32/><U113/><E35/><V82/><F38/><W44/><G34/><T39/><D39/><U85/><E113/><V125/><F82/><W98/><G98/><T115/><D115/><U53/><E42/><V114/><F125/><W41/><G41/><T64/><D50/><U49/><E10/><V57/><F57/><W116/><G116/><T121/><D121/><U107/><E107/><V126/><F97/><W79/><G79/><T27/><D27/><U62/><E13/><V31/><F126/><W19/><G25/><T88/><D95/><U12/><REACH who="1" step="1"/><E12/><REACH who="1" ten="266,210,394,120" step="2"/><V6/><F114/><W75/><G75/><T134/><D134/><U24/><E24/><V23/><F0/><W22/><G22/><T43/><D43/><U84/><E84/><V45/><F23/><W1/><REACH who="3" step="1"/><G5/><REACH who="3" ten="266,210,394,110" step="2"/><T109/><D109/><U70/><E70/><N who="0" m="27241" /><D119/><U74/><E74/><V18/><F6/><W21/><G21/><T103/><D106/><AGARI ba="0,2" hai="1,4,8,16,19,40,44,48,59,60,67,99,102,106" machi="106" ten="30,7700,0" yaku="1,1,7,1,54,1,53,1" doraHai="29" doraHaiUra="100" who="3" fromWho="0" sc="266,-77,210,0,394,0,110,97" /><INIT seed="7,0,0,4,3,61" ten="189,210,394,207" oya="3" hai0="81,42,32,105,13,89,108,49,96,37,39,91,94" hai1="7,80,69,45,57,17,117,50,75,54,103,4,31" hai2="93,104,23,125,30,97,74,48,84,24,16,47,29" hai3="111,18,33,56,133,43,135,107,72,12,127,44,58"/><W62/><G107/><T67/><D108/><U98/><E69/><V70/><F74/><W25/><G72/><T36/><D32/><U87/><E75/><V85/><F70/><W92/><G111/><T129/><D105/><U35/><E117/><V121/><F104/><W2/><G2/><T101/><D129/><U79/><E31/><N who="2" m="11787" /><F125/><W134/><G127/><T82/><D13/><U46/><E35/><V6/><F6/><W73/><G73/><T26/><D26/><U102/><E98/><V112/><F112/><W19/><G33/><T52/><D67/><U65/><E17/><V1/><F1/><W126/><G126/><T51/><D42/><U76/><E76/><V83/><F83/><W3/><G3/><T60/><D60/><N who="1" m="38031" /><E46/><V110/><F110/><W116/><G116/><T132/><D132/><U119/><E119/><V128/><F121/><W68/><G92/><T14/><D14/><U38/><E38/><V11/><F11/><W8/><G25/><T113/><D113/><U71/><E71/><V109/><F109/><W55/><G68/><T123/><D123/><U0/><E0/><V114/><F114/><W53/><G19/><T99/><D99/><U90/><E79/><V41/><F128/><W15/><G15/><T106/><D106/><U122/><E122/><V95/><F95/><W40/><G44/><T27/><D27/><U64/><E64/><V28/><F28/><W86/><G86/><T88/><REACH who="0" step="1"/><D49/><AGARI ba="0,0" hai="8,12,18,40,43,49,53,55,56,58,62,133,134,135" machi="49" ten="40,2000,0" yaku="20,1" doraHai="61" who="3" fromWho="0" sc="189,-20,210,0,394,0,207,20" /><INIT seed="7,1,0,2,3,18" ten="169,210,394,227" oya="3" hai0="113,82,84,0,132,11,57,105,127,98,81,56,43" hai1="40,67,65,85,68,25,58,5,83,23,16,24,39" hai2="42,99,54,123,21,32,77,111,12,28,30,45,72" hai3="37,71,96,17,97,118,102,101,52,4,119,93,33"/><W122/><G33/><T60/><D132/><U7/><E68/><V38/><F111/><W61/><G37/><T2/><D127/><U59/><E40/><V20/><F32/><W86/><G4/><N who="1" m="1610" /><E39/><V110/><F123/><W103/><G122/><T15/><D43/><U53/><E58/><V89/><F54/><W109/><G109/><T27/><D27/><U64/><E25/><V41/><F77/><W78/><G71/><T92/><D105/><U55/><E59/><V51/><F72/><W117/><G17/><T74/><D74/><U95/><E95/><V14/><F41/><W6/><G6/><T100/><D57/><U112/><E112/><V116/><F38/><W9/><G9/><T36/><D36/><U104/><E104/><V48/><F116/><W47/><G61/><T80/><D84/><U129/><E129/><V125/><F51/><W10/><G10/><T44/><D44/><U126/><E126/><V35/><F125/><W128/><G128/><T94/><D92/><U107/><E107/><V70/><F35/><W88/><REACH who="3" step="1"/><G78/><AGARI ba="1,0" hai="16,23,24,53,55,64,65,67,78,83,85" m="1610" machi="78" ten="30,3900,0" yaku="8,1,52,1,54,1" doraHai="18" who="1" fromWho="3" sc="169,0,210,42,394,0,227,-42" owari="169,-33.0,252,5.0,394,49.0,185,-21.0" /></mjloggm>