<mjloggm ver="2.3"><GO type="225" lobby="0"/><UN n0="%E3%83%88%E3%83%88%E3%83%AA%E5%85%88%E7%94%9F%31%39%E6%AD%B3" n1="%E6%9D%89%E6%B5%A6%E7%B6%BE%E4%B9%83%76" n2="%E5%B7%B7%E3%81%AE%E6%89%93%E3%81%A1%E6%89%8B" n3="%E3%81%BF%E3%82%84%E3%81%93%E3%82%93%EF%BC%91%EF%BC%90%E6%AD%B3" dan="17,16,16,18" rate="2194.24,2103.81,2093.14,2166.37" sx="F,M,M,M"/><TAIKYOKU oya="0"/><INIT seed="0,0,0,0,2,32" ten="250,250,250,250" oya="0" hai0="10,27,16,92,115,114,109,1,86,84,126,85,99" hai1="76,64,66,37,25,57,11,4,34,23,79,73,119" hai2="83,106,60,36,7,2,127,14,80,33,29,105,55" hai3="56,128,19,68,98,78,45,75,124,17,42,77,82"/><T97/><D126/><U131/><E119/><V12/><F36/><W102/><G68/><T5/><D109/><U8/><E37/><V100/><F127/><W28/><G124/><T54/><D54/><U87/><E73/><V122/><F122/><W44/><G78/><N who="1" m="29738" /><E34/><V120/><F120/><W26/><G128/><T81/><D81/><U35/><E35/><V134/><F134/><W117/><G56/><T69/><D69/><U21/><E131/><V89/><F29/><W72/><G72/><T108/><D108/><U52/><E87/><V135/><F33/><W0/><G0/><T90/><REACH who="0" step="1"/><D99/><REACH who="0" ten="240,250,250,250" step="2"/><U53/><E53/><V59/><F55/><W58/><G82/><T125/><D125/><U116/><E116/><V22/><F83/><W111/><G117/><T18/><D18/><N who="1" m="12471" /><E66/><V93/><F80/><W24/><G75/><T129/><D129/><U95/><E64/><V15/><F60/><W30/><G111/><T104/><D104/><U31/><E52/><V110/><F106/><W103/><G77/><T6/><D6/><U65/><E4/><V3/><F105/><W96/><G42/><T51/><D51/><U130/><E130/><V133/><F7/><W101/><G58/><T48/><D48/><U70/><E70/><V13/><F110/><W123/><G123/><T40/><D40/><U113/><E57/><V46/><F59/><W94/><G103/><T49/><D49/><U88/><E65/><V61/><F100/><W67/><G67/><T132/><D132/><U74/><E31/><V121/><N who="2" m="3072" /><DORA hai="43" /><V9/><F135/><W41/><G41/><RYUUKYOKU ba="0,1" sc="240,15,250,-15,250,-15,250,15" hai0="1,5,10,16,27,84,85,86,90,92,97,114,115" hai3="17,19,24,26,28,30,44,45,94,96,98,101,102" /><INIT seed="0,1,1,4,4,40" ten="255,235,235,265" oya="0" hai0="103,108,56,66,57,41,70,97,26,64,135,8,90" hai1="15,12,11,113,86,129,4,98,104,133,116,95,25" hai2="47,39,44,65,72,46,61,78,117,31,126,53,82" hai3="123,37,51,27,55,128,100,81,34,1,121,10,52"/><T71/><D135/><U74/><E116/><V67/><F117/><W14/><G1/><T91/><D108/><U102/><E74/><V120/><F120/><N who="3" m="46155" /><G37/><T106/><D41/><U69/><E69/><V38/><F126/><W85/><G100/><T19/><D70/><U43/><E133/><V2/><F2/><W0/><G0/><T30/><D19/><U119/><E119/><V20/><F53/><W21/><G34/><N who="0" m="20823" /><D8/><U68/><E68/><V107/><F107/><W17/><G128/><T32/><D66/><U114/><E129/><V88/><F88/><N who="0" m="33834" /><D32/><U122/><E122/><V99/><F99/><W131/><G131/><T134/><D134/><U7/><E25/><V63/><F31/><N who="3" m="17903" /><G51/><T111/><D111/><U93/><E86/><V36/><REACH who="2" step="1"/><F20/><REACH who="2" ten="255,235,225,265" step="2"/><W6/><G55/><T110/><D110/><U22/><E22/><V13/><F13/><W48/><G52/><T89/><D89/><U127/><E15/><V54/><F54/><W16/><G81/><T80/><D80/><U9/><E12/><V94/><F94/><W84/><G48/><T28/><D28/><U92/><E95/><V29/><F29/><W49/><G49/><T18/><D18/><AGARI ba="1,2" hai="6,10,14,16,17,18,84,85" m="17903,46155" machi="18" ten="30,2000,0" yaku="13,1,54,1" doraHai="40" who="3" fromWho="0" sc="255,-23,235,0,225,0,265,43" /><INIT seed="1,0,0,2,0,57" ten="232,235,225,308" oya="1" hai0="134,41,29,82,37,59,124,65,85,81,117,18,67" hai1="53,4,126,28,101,88,129,89,1,118,68,130,32" hai2="15,108,30,77,5,21,56,10,116,47,42,25,23" hai3="71,58,114,52,92,120,17,78,20,40,84,13,66"/><U93/><E118/><V87/><F116/><W45/><G120/><T34/><D117/><U22/><E32/><V2/><F108/><W7/><G114/><T98/><D134/><U123/><E123/><V132/><F132/><W0/><G0/><T121/><D121/><U36/><E36/><V60/><F77/><W31/><G71/><T61/><D124/><U48/><E68/><V63/><F87/><W72/><G7/><T64/><D81/><U94/><E126/><V46/><F56/><W43/><G31/><T6/><D6/><U24/><E4/><V99/><F99/><W8/><G66/><T3/><D3/><U107/><E1/><V103/><F103/><W19/><G72/><T119/><D119/><U113/><E113/><V55/><F55/><W128/><G45/><N who="2" m="16905" /><F2/><W11/><G128/><N who="1" m="49258" /><E107/><V74/><F74/><W83/><G92/><N who="1" m="35434" /><E101/><V135/><F135/><W70/><G70/><T79/><D98/><U115/><E115/><V109/><F109/><W125/><G125/><T69/><D69/><U16/><E28/><N who="2" m="17455" /><F42/><W14/><G20/><T12/><D41/><U80/><E80/><V76/><F76/><W51/><AGARI ba="0,0" hai="8,11,13,14,17,19,40,43,51,52,58,78,83,84" machi="51" ten="20,8000,1" yaku="0,1,7,1,9,1,8,1,54,1" doraHai="57" who="3" fromWho="3" sc="232,-20,235,-40,225,-20,308,80" /><INIT seed="2,0,0,2,4,8" ten="212,195,205,388" oya="2" hai0="3,34,132,123,19,45,68,54,46,71,2,7,125" hai1="33,119,65,76,97,48,85,133,79,72,50,52,16" hai2="89,38,78,66,49,92,59,21,4,63,99,129,103" hai3="88,0,22,37,126,64,42,93,77,51,106,117,41"/><V60/><F38/><W14/><G106/><T69/><D123/><U134/><E119/><V32/><F32/><W5/><G117/><T15/><D34/><U127/><E33/><V17/><F129/><W53/><G37/><T105/><D105/><U11/><E72/><V10/><F78/><N who="1" m="29737" /><E65/><V23/><F49/><W124/><G0/><T91/><D132/><N who="1" m="50795" /><E127/><N who="3" m="48682" /><G77/><T35/><D35/><U44/><E50/><V31/><F31/><W39/><G64/><T112/><D112/><U122/><E85/><V84/><F17/><N who="3" m="10551" /><G5/><T28/><D7/><U25/><E122/><V73/><F63/><W13/><G13/><T94/><D28/><U75/><E75/><V110/><F73/><W100/><G100/><T67/><D67/><U26/><E97/><V20/><F110/><W1/><G1/><T24/><D125/><U96/><E96/><V6/><REACH who="2" step="1"/><F10/><REACH who="2" ten="212,195,195,388" step="2"/><W98/><G39/><T87/><D68/><U18/><E11/><V95/><AGARI ba="0,1" hai="4,6,20,21,23,59,60,66,84,89,92,95,99,103" machi="95" ten="30,12000,1" yaku="1,1,2,1,0,1,8,1,53,1" doraHai="8" doraHaiUra="61" who="2" fromWho="2" sc="212,-40,195,-40,195,130,388,-40" /><INIT seed="2,1,0,5,2,87" ten="172,155,325,348" oya="2" hai0="123,74,99,113,128,134,131,88,105,69,121,61,17" hai1="68,47,72,112,35,102,23,83,94,46,10,66,7" hai2="60,100,116,29,126,48,98,34,96,81,120,78,37" hai3="0,53,135,15,111,71,31,118,59,5,2,52,65"/><V129/><F116/><W133/><G118/><T20/><D113/><U21/><E112/><V63/><F120/><W79/><G111/><T82/><D134/><N who="3" m="51209" /><G31/><T1/><D1/><N who="3" m="617" /><G79/><N who="0" m="44407" /><D61/><U43/><E35/><V45/><F37/><W12/><G71/><T8/><D8/><U39/><E47/><V24/><F129/><N who="0" m="49738" /><D69/><U127/><E127/><V124/><F63/><N who="3" m="38143" /><G12/><N who="0" m="9255" /><D105/><U76/><E68/><V110/><F60/><W38/><G38/><T4/><D4/><U67/><E67/><V84/><F110/><W117/><G117/><T11/><D11/><AGARI ba="1,0" hai="5,11,15,52,53" m="38143,617,51209" machi="11" ten="30,2000,0" yaku="20,1,54,1" doraHai="87" who="3" fromWho="0" sc="172,-23,155,0,325,0,348,23" /><INIT seed="3,0,0,4,3,0" ten="149,155,325,371" oya="3" hai0="52,133,40,61,12,130,63,110,127,62,134,106,80" hai1="30,87,125,8,18,6,15,58,19,116,94,42,21" hai2="25,77,20,16,75,121,54,46,135,56,72,64,83" hai3="113,50,41,85,31,99,76,90,119,51,79,100,5"/><W4/><G119/><T60/><D106/><U28/><E125/><V107/><F135/><N who="0" m="51722" /><D127/><U91/><E116/><V132/><F132/><W126/><G31/><N who="1" m="11818" /><E42/><V43/><F121/><W129/><G129/><T96/><D130/><U123/><E123/><V55/><F107/><W3/><G3/><T101/><D110/><U35/><E35/><V57/><F75/><W124/><G113/><T59/><D40/><U24/><E58/><V37/><REACH who="2" step="1"/><F56/><REACH who="2" ten="149,155,315,371" step="2"/><W115/><G115/><T34/><D34/><U68/><E68/><V33/><F33/><W114/><G114/><T108/><D108/><U131/><E131/><V82/><F82/><N who="3" m="49463" /><G126/><T74/><D80/><U48/><E48/><N who="3" m="18474" /><G124/><T109/><D109/><U102/><E102/><V122/><F122/><W2/><G41/><T53/><D74/><U1/><E1/><V47/><F47/><W95/><G2/><T104/><D53/><U89/><E94/><V13/><F13/><AGARI ba="0,1" hai="12,13,52,59,60,61,62,63,96,101,104" m="51722" machi="13" ten="30,2000,0" yaku="20,1,54,1" doraHai="0" who="0" fromWho="2" sc="149,30,155,0,315,-20,371,0" owari="179,-22.0,155,-34.0,295,10.0,371,46.0" /></mjloggm>