<mjloggm ver="2.3"><GO type="97" lobby="0"/><UN n0="%E5%B0%B1%E6%B4%BB%E7%94%9F%40%E5%B7%9D%E6%9D%91%E8%BB%8D%E5%9B%A3" n1="%E3%82%B0%E3%83%AA%E3%82%BB%E3%83%AA%E3%83%B3%E6%9C%AB%E5%BC%9F" n2="%E6%B2%B3%E5%B6%8B%E6%A1%83" n3="%64%72%75%67%41%53%41" dan="14,15,15,13" rate="1980.92,1953.17,1954.62,1841.71" sx="M,M,F,M"/><TAIKYOKU oya="0"/><INIT seed="0,0,0,5,0,22" ten="250,250,250,250" oya="0" hai0="124,112,71,31,55,102,87,59,77,14,95,60,34" hai1="116,46,19,104,78,106,8,4,66,129,27,75,9" hai2="68,24,53,65,81,93,5,126,13,62,41,127,63" hai3="56,113,108,28,26,33,118,17,18,88,54,40,132"/><T125/><D112/><U10/><E116/><V99/><F41/><W25/><G113/><T64/><D77/><U92/><E129/><V69/><F69/><W57/><G118/><T128/><D128/><U100/><E66/><V72/><F24/><W61/><G40/><T21/><D34/><U67/><E67/><V47/><F72/><W51/><G108/><T114/><D114/><U110/><E110/><V135/><F81/><W1/><G1/><T121/><D121/><U29/><E46/><V84/><F84/><W83/><G132/><T48/><D102/><U73/><E100/><V96/><F96/><W101/><G101/><T130/><D130/><U11/><E92/><V0/><F0/><W45/><G57/><T97/><D97/><U52/><E52/><V70/><F70/><W105/><G105/><T35/><D35/><U43/><E43/><V123/><F123/><W37/><G37/><T39/><D39/><U76/><E19/><N who="3" m="7178" /><G28/><T36/><D36/><U91/><E91/><V134/><F135/><W82/><G82/><T32/><D32/><U6/><N who="1" m="2560" /><DORA hai="131" /><U133/><E133/><V80/><F134/><W107/><G107/><N who="1" m="41002" /><E75/><V16/><F5/><N who="1" m="2153" /><E73/><V38/><F38/><W79/><G33/><T30/><D14/><U74/><E74/><V49/><F68/><W115/><G115/><T20/><D31/><U2/><E2/><V86/><F65/><N who="3" m="39079" /><G79/><N who="1" m="30250" /><E29/><V109/><F109/><W3/><G3/><T90/><REACH who="0" step="1"/><D30/><REACH who="0" ten="240,250,250,250" step="2"/><U44/><E27/><V89/><F99/><W117/><G117/><T23/><AGARI ba="0,1" hai="20,21,23,48,55,59,60,64,71,87,90,95,124,125" machi="23" ten="30,11700,0" yaku="1,1,2,1,0,1,53,1" doraHai="22,131" doraHaiUra="7,85" who="0" fromWho="0" sc="240,127,250,-39,250,-39,250,-39" /><INIT seed="0,1,0,3,3,48" ten="367,211,211,211" oya="0" hai0="13,9,127,10,17,24,133,77,79,59,97,78,28" hai1="33,99,106,46,39,6,108,49,73,113,93,90,36" hai2="95,38,85,125,16,68,26,75,0,7,40,29,87" hai3="119,21,2,25,88,116,23,12,67,81,37,1,91"/><T32/><D127/><U14/><E33/><V22/><F75/><W107/><G37/><T110/><D133/><U111/><E73/><V42/><F68/><W94/><G107/><T112/><D112/><U44/><E113/><V131/><F131/><W134/><G119/><T43/><D110/><N who="1" m="42027" /><E106/><V70/><F70/><W128/><G116/><T115/><D115/><U80/><E80/><V11/><F125/><W135/><G128/><T121/><D121/><U120/><E120/><V101/><F38/><N who="1" m="14377" /><E49/><V118/><F118/><W60/><G135/><T126/><D126/><U57/><E57/><V63/><F63/><W98/><G134/><T109/><D109/><U102/><E102/><V3/><F3/><W35/><G35/><T72/><D72/><U5/><E14/><V123/><F123/><W129/><G129/><T20/><D43/><U56/><E56/><V51/><F40/><W130/><G130/><T41/><D41/><U18/><E18/><V61/><F61/><W82/><G1/><T104/><D59/><U117/><E117/><V100/><F29/><N who="3" m="17583" /><G2/><T69/><D69/><U55/><E46/><V124/><F124/><W92/><G60/><T122/><D122/><U4/><E44/><V71/><F71/><W27/><G12/><T58/><D58/><U76/><E76/><V64/><F42/><W66/><G82/><T65/><D65/><U84/><E55/><V31/><F64/><W45/><G81/><T62/><D62/><U132/><E132/><V47/><F47/><W83/><G83/><T19/><D19/><U74/><E74/><V105/><F16/><RYUUKYOKU ba="1,0" sc="367,15,211,15,211,-15,211,-15" hai0="9,10,13,17,20,24,28,32,77,78,79,97,104" hai1="4,5,6,84,90,93,99" /><INIT seed="0,2,0,4,5,2" ten="382,226,196,196" oya="0" hai0="8,87,33,52,3,48,80,59,60,71,63,115,131" hai1="39,67,116,74,18,128,114,122,38,47,92,127,44" hai2="82,123,111,83,121,135,97,24,12,119,27,68,133" hai3="79,41,26,105,13,132,89,124,46,5,58,72,86"/><T91/><D33/><U6/><E18/><V40/><F68/><W76/><G72/><T84/><D115/><U101/><E92/><V113/><F113/><W23/><G105/><T107/><D107/><U110/><E101/><V95/><F111/><W37/><G132/><N who="2" m="50761" /><F119/><W64/><G124/><T49/><D131/><U4/><E74/><V42/><F12/><W35/><G35/><T120/><D120/><N who="2" m="46154" /><F97/><W36/><G36/><T118/><D118/><U125/><E122/><V77/><F95/><W61/><G13/><T0/><D84/><U65/><E116/><V25/><F77/><W34/><G34/><T21/><D21/><U126/><E114/><V56/><F56/><W88/><G89/><T32/><D32/><U90/><E90/><V134/><N who="2" m="50769" /><V117/><DORA hai="22" /><F117/><W20/><G20/><T11/><D0/><U16/><E16/><V31/><F31/><W29/><REACH who="3" step="1"/><G5/><REACH who="3" ten="382,226,196,186" step="2"/><N who="1" m="2154" /><E128/><V75/><F75/><W15/><G15/><T70/><D3/><U14/><E14/><V93/><F93/><AGARI ba="2,1" hai="23,26,29,37,41,46,58,61,64,76,79,86,88,93" machi="93" ten="30,12000,2" yaku="1,1,7,1,52,1,54,1,53,2" doraHai="2,22" doraHaiUra="108,73" who="3" fromWho="2" sc="382,0,226,0,196,-126,186,136" /><INIT seed="1,0,0,3,3,35" ten="382,226,70,322" oya="1" hai0="89,88,116,15,112,120,59,132,72,117,78,105,126" hai1="42,94,65,19,26,58,131,115,108,18,76,118,53" hai2="129,135,64,111,36,11,98,16,13,44,80,63,60" hai3="6,33,121,30,41,3,7,114,20,101,66,90,62"/><U119/><E115/><V134/><F111/><W68/><G114/><T54/><D105/><U47/><E108/><V21/><F129/><W130/><G130/><T95/><D112/><U22/><E131/><V38/><F98/><W69/><G121/><T23/><D120/><U123/><E123/><V17/><F63/><W24/><G101/><T86/><D126/><U2/><E65/><V83/><F83/><W49/><G69/><T29/><D132/><U122/><E122/><V56/><F80/><W110/><G110/><T113/><D113/><U92/><E76/><V67/><F67/><W61/><G61/><T124/><D124/><U84/><E2/><V127/><F127/><W55/><G41/><T27/><D15/><U99/><E84/><V91/><F91/><W77/><G77/><T45/><D45/><U5/><E5/><V87/><F87/><W9/><G6/><T28/><D28/><U73/><E19/><V109/><F109/><W75/><G75/><T48/><D72/><U4/><E4/><V133/><REACH who="2" step="1"/><F44/><REACH who="2" ten="382,226,60,322" step="2"/><W74/><G90/><T8/><D78/><U25/><E47/><V31/><F31/><W125/><G125/><T104/><D104/><U52/><E99/><V82/><F82/><W43/><G74/><T34/><D89/><U51/><E73/><V70/><F70/><W40/><G33/><T103/><D103/><U97/><E97/><V10/><F10/><W46/><AGARI ba="0,1" hai="3,7,9,20,24,30,40,43,46,49,55,62,66,68" machi="46" ten="20,2700,0" yaku="0,1,7,1,52,1" doraHai="35" who="3" fromWho="3" sc="382,-7,226,-13,60,-7,322,37" /><INIT seed="2,0,0,2,2,123" ten="375,213,53,359" oya="2" hai0="24,88,32,55,8,38,87,90,72,56,33,102,114" hai1="69,107,30,35,45,78,85,29,66,67,61,117,129" hai2="105,135,44,13,47,99,15,65,43,27,109,39,68" hai3="119,54,46,93,125,112,83,9,96,25,59,64,37"/><V98/><F135/><W0/><G119/><T121/><D72/><U113/><E85/><V52/><F68/><W120/><G120/><T1/><D38/><U36/><E30/><V12/><F65/><W73/><G112/><T91/><D121/><U92/><E92/><V132/><F132/><W100/><G125/><T17/><D114/><U115/><E67/><V58/><F44/><W103/><G25/><T104/><D104/><U97/><E117/><V5/><F5/><W82/><G73/><T124/><D124/><U28/><E78/><V70/><F70/><W101/><G0/><T133/><D133/><U2/><E28/><V53/><F53/><W26/><G9/><T10/><D102/><N who="3" m="39529" /><G37/><T86/><D33/><U110/><E129/><V18/><F105/><W4/><G4/><T63/><D32/><U31/><E29/><V80/><F80/><W19/><G46/><T22/><D1/><U126/><E2/><V77/><F77/><W49/><G64/><T48/><D63/><U76/><E76/><V6/><F6/><W20/><AGARI ba="0,0" hai="19,20,26,49,54,59,82,83,93,96,103" m="39529" machi="20" ten="30,1100,0" yaku="8,1" doraHai="123" who="3" fromWho="3" sc="375,-3,213,-3,53,-5,359,11" /><INIT seed="3,0,0,3,1,106" ten="372,210,48,370" oya="3" hai0="51,67,69,52,86,2,118,91,124,98,132,87,104" hai1="129,72,64,3,54,56,105,11,33,120,41,94,43" hai2="134,7,122,92,12,58,114,88,74,131,40,6,82" hai3="42,44,5,103,121,93,1,71,126,24,117,100,48"/><W110/><G117/><T127/><D2/><U20/><E105/><V109/><F114/><W46/><G121/><T85/><D118/><U81/><E33/><V89/><F122/><W62/><G110/><T50/><D132/><U25/><E120/><V73/><F109/><W76/><G126/><N who="0" m="48171" /><D51/><U119/><E119/><V108/><F108/><W30/><G76/><T68/><D67/><U18/><E64/><V23/><F134/><W19/><G71/><T10/><D10/><U75/><E129/><V39/><F131/><W90/><G62/><T8/><D8/><U113/><E113/><V14/><F39/><W130/><G130/><T57/><D104/><U47/><E94/><AGARI ba="0,0" hai="50,52,57,68,69,85,86,87,91,94,98" m="48171" machi="94" ten="30,2000,0" yaku="18,1,54,1" doraHai="106" who="0" fromWho="1" sc="372,20,210,-20,48,0,370,0" owari="392,49.0,190,-21.0,48,-45.0,370,17.0" /></mjloggm>