<mjloggm ver="2.3"><GO type="97" lobby="0"/><UN n0="%75%6F%6B%6B%61%34%39%34" n1="%E5%86%B7%E5%8D%B4%E5%A1%94" n2="%E7%B4%85%40%E6%9D%8F%E6%9D%8F%E8%BB%8D%E5%9C%98" n3="%E5%B0%B1%E6%B4%BB%E7%94%9F%40%E5%B7%9D%E6%9D%91%E8%BB%8D%E5%9B%A3" dan="14,14,13,15" rate="1944.14,1940.36,1857.50,2025.54" sx="M,M,F,M"/><TAIKYOKU oya="0"/><INIT seed="0,0,0,0,2,69" ten="250,250,250,250" oya="0" hai0="98,22,96,112,132,93,53,70,104,65,3,92,76" hai1="47,109,17,7,67,120,54,40,33,41,38,85,19" hai2="20,27,9,77,116,89,95,6,36,42,28,52,115" hai3="129,61,94,123,81,35,4,126,83,80,122,113,82"/><T29/><D112/><U105/><E120/><N who="3" m="46122" /><G35/><T39/><D39/><U49/><E105/><V124/><F115/><W134/><G4/><T102/><D3/><U64/><E33/><V73/><F124/><W57/><G113/><T34/><D132/><U111/><E7/><V121/><F121/><W114/><G114/><T26/><D76/><U23/><E85/><V59/><F116/><W1/><G1/><T46/><D96/><U118/><E118/><V90/><F95/><W106/><G106/><T91/><D91/><U87/><E87/><V117/><F117/><W131/><G134/><T84/><D22/><U37/><E23/><V58/><F73/><W125/><N who="3" m="20992" /><DORA hai="86" /><W110/><G94/><T78/><D84/><U21/><E21/><V108/><F36/><N who="1" m="13929" /><E19/><V127/><F127/><N who="3" m="48651" /><G110/><N who="1" m="41994" /><E17/><V5/><F108/><W62/><G57/><T51/><REACH who="0" step="1"/><D78/><REACH who="0" ten="240,250,250,250" step="2"/><U97/><E97/><V24/><F77/><W15/><G15/><T8/><D8/><U79/><E79/><V68/><F9/><W2/><G2/><T60/><AGARI ba="0,1" hai="26,29,34,46,51,53,60,65,70,92,93,98,102,104" machi="60" ten="30,12000,1" yaku="1,1,0,1,25,2,53,1" doraHai="69,86" doraHaiUra="128,50" who="0" fromWho="0" sc="240,130,250,-40,250,-40,250,-40" /><INIT seed="0,1,0,4,2,88" ten="370,210,210,210" oya="0" hai0="119,0,75,26,22,51,132,46,87,19,28,30,92" hai1="70,113,53,89,77,130,83,125,111,38,33,114,85" hai2="129,133,82,122,39,45,25,52,90,106,58,65,109" hai3="12,117,112,108,43,128,116,94,7,48,120,40,2"/><T47/><D119/><U86/><E33/><V9/><F122/><W110/><G2/><T71/><D75/><N who="1" m="43455" /><E53/><V57/><F106/><W80/><G80/><T104/><D104/><U103/><E70/><V55/><F129/><W34/><G34/><T100/><D71/><U68/><E38/><V135/><F9/><N who="3" m="4159" /><G120/><T54/><D0/><U36/><E36/><V15/><F82/><W63/><G63/><T61/><D132/><N who="2" m="50762" /><F90/><W64/><G64/><T17/><D61/><U93/><E68/><V118/><F25/><W60/><G60/><T49/><D30/><U81/><E130/><V4/><F4/><W50/><G112/><N who="1" m="43114" /><E125/><V69/><F15/><W27/><G27/><T6/><D6/><U99/><E86/><V105/><F118/><W41/><G128/><T101/><D87/><U97/><E97/><V107/><F39/><W29/><G29/><T121/><D121/><U67/><E67/><V14/><F45/><W66/><G66/><T8/><D8/><U18/><E18/><V76/><F76/><W20/><G117/><T95/><D17/><U1/><E1/><V59/><F69/><W74/><G20/><T13/><D19/><U124/><E124/><V98/><F105/><W24/><G24/><T56/><D22/><U127/><E127/><V32/><F107/><W115/><G116/><T134/><D26/><U126/><E126/><V42/><F32/><W123/><G115/><T11/><D134/><U37/><E37/><V62/><F65/><W23/><G123/><T5/><D28/><U131/><E131/><V31/><F31/><W91/><G23/><RYUUKYOKU ba="1,0" sc="370,-10,210,30,210,-10,210,-10" hai1="81,85,89,93,99,103,111" /><INIT seed="1,2,0,3,2,46" ten="360,240,200,200" oya="1" hai0="115,52,87,9,68,41,112,53,127,82,29,62,28" hai1="76,89,32,45,50,86,22,39,14,1,99,33,17" hai2="60,27,134,8,126,57,114,78,109,51,113,96,130" hai3="105,2,55,128,67,85,49,24,75,97,12,74,48"/><U95/><E39/><V132/><F78/><W79/><G2/><T133/><D127/><U37/><E37/><V4/><F96/><W94/><G128/><T129/><D41/><U7/><E1/><N who="2" m="15" /><F27/><W25/><G105/><T44/><D129/><U20/><E7/><V131/><F126/><W92/><G74/><T122/><D122/><U18/><E32/><V73/><F73/><W5/><G67/><T16/><D133/><N who="2" m="51306" /><F109/><W72/><G72/><T66/><D115/><N who="2" m="44042" /><F51/><N who="3" m="19531" /><G75/><T70/><D70/><U98/><E33/><V93/><F93/><N who="3" m="35947" /><G97/><T101/><D112/><U34/><E76/><V124/><F124/><W38/><G38/><T111/><D111/><U106/><E34/><V21/><F21/><W110/><G110/><T69/><D69/><U23/><E106/><V0/><F0/><W31/><G31/><T135/><D29/><U54/><E23/><V6/><F6/><W11/><G79/><T10/><D28/><U58/><E45/><V15/><F15/><AGARI ba="2,0" hai="14,15,17,18,20,22,50,54,58,86,89,95,98,99" machi="15" ten="30,18000,2" yaku="7,1,9,1,25,2,8,1,52,1" doraHai="46" who="1" fromWho="2" sc="360,0,240,186,200,-186,200,0" /><INIT seed="1,3,0,3,3,128" ten="360,426,14,200" oya="1" hai0="8,64,19,130,105,57,53,34,37,45,129,20,59" hai1="78,1,133,16,126,12,112,101,109,85,74,0,63" hai2="79,106,120,38,70,65,30,18,134,55,46,28,71" hai3="84,24,103,61,108,41,47,113,29,97,107,88,48"/><U127/><E112/><V36/><F106/><W123/><G108/><T95/><D105/><U132/><E74/><V92/><F120/><W25/><G123/><T110/><D34/><U52/><E101/><V122/><F122/><W76/><G113/><T111/><D8/><N who="1" m="6151" /><E109/><N who="0" m="41481" /><D95/><U2/><E78/><V11/><F79/><W56/><G76/><T62/><D19/><U102/><E102/><V82/><F82/><W7/><G7/><T90/><D20/><U60/><E85/><V35/><F35/><W32/><G32/><T50/><D90/><U121/><E121/><V118/><F118/><W4/><G4/><T3/><D3/><U22/><E22/><V54/><F92/><W125/><G125/><N who="1" m="47626" /><E52/><V43/><F65/><W116/><G116/><T86/><D86/><U87/><E87/><V114/><F11/><W72/><G72/><T99/><D99/><U96/><E96/><V23/><F23/><W21/><G21/><T94/><D94/><U49/><E49/><V119/><F18/><W51/><G51/><T98/><D98/><U14/><E14/><V9/><F9/><W80/><G29/><T75/><D75/><U73/><E73/><V81/><F119/><W131/><G97/><T69/><D59/><U124/><E124/><V67/><F67/><W27/><G107/><T83/><D83/><U5/><E5/><V39/><F81/><W93/><G103/><T17/><D17/><U31/><E31/><N who="2" m="11819" /><F114/><W89/><G80/><T44/><D44/><U115/><E115/><V6/><F6/><W42/><G93/><T77/><D77/><U10/><E10/><RYUUKYOKU ba="3,0" sc="360,15,426,15,14,-15,200,-15" hai0="37,45,50,53,57,62,64,69,129,130" hai1="0,1,2,60,63,132,133" owari="375,18.0,441,53.0,-1,-50.0,185,-21.0" /></mjloggm>