<mjloggm ver="2.3"><GO type="97" lobby="0"/><UN n0="%E3%81%AF%E3%82%89%E3%81%9F%E3%81%84%E3%82%89" n1="%E9%B3%B4%E7%A5%9E%E6%9C%88" n2="%E5%B0%B1%E6%B4%BB%E7%94%9F%40%E5%B7%9D%E6%9D%91%E8%BB%8D%E5%9B%A3" n3="%E9%98%BF%E6%A2%93" dan="13,15,16,13" rate="1922.81,1939.11,2073.88,1857.34" sx="M,M,M,M"/><TAIKYOKU oya="0"/><INIT seed="0,0,0,1,5,108" ten="250,250,250,250" oya="0" hai0="133,120,45,22,13,30,3,64,4,32,89,78,41" hai1="84,115,85,130,1,82,0,126,39,9,116,8,15" hai2="49,59,44,17,125,80,61,77,20,114,95,11,124" hai3="79,127,33,105,76,74,50,99,7,29,48,51,55"/><T87/><D120/><U129/><E116/><V90/><F11/><W6/><G127/><N who="2" m="48713" /><F44/><W97/><G29/><T117/><D117/><U25/><E126/><V118/><F118/><W75/><G55/><T107/><D107/><U62/><E39/><V10/><F10/><W70/><G70/><T18/><D133/><U68/><E8/><V121/><F121/><W128/><G128/><N who="1" m="49258" /><E25/><N who="2" m="14479" /><F49/><W23/><G23/><T109/><D64/><N who="1" m="40983" /><E115/><V110/><F110/><W111/><G111/><T16/><D109/><U113/><E113/><V58/><F61/><W52/><G52/><T46/><D78/><N who="1" m="46167" /><E85/><N who="2" m="52687" /><F114/><W103/><G33/><T14/><D3/><U73/><E73/><AGARI ba="0,0" hai="58,59,73,77,80" m="52687,14479,48713" machi="73" ten="30,1000,0" yaku="18,1" doraHai="108" who="2" fromWho="1" sc="250,0,250,-10,250,10,250,0" /><INIT seed="1,0,0,1,4,4" ten="250,240,260,250" oya="1" hai0="87,20,13,77,106,88,93,129,90,117,89,30,15" hai1="101,25,134,24,96,31,125,135,123,11,64,68,29" hai2="71,73,63,21,124,74,5,18,83,128,114,9,95" hai3="38,99,130,122,84,85,103,47,98,118,34,92,86"/><U56/><E123/><V33/><F33/><W41/><G122/><T65/><D117/><U105/><E125/><V42/><F114/><W70/><G34/><T10/><D129/><U91/><E56/><V46/><F128/><W53/><G70/><T40/><D106/><U17/><E91/><V51/><F124/><W76/><G130/><T72/><D65/><U94/><E94/><V8/><F95/><W67/><G67/><T45/><D72/><U127/><E127/><V50/><F50/><W121/><G121/><T57/><D77/><U59/><E59/><V1/><F9/><W35/><G35/><T79/><D79/><U104/><E104/><V54/><F83/><W43/><G118/><T132/><D132/><N who="1" m="50731" /><E68/><V60/><F60/><W26/><G26/><N who="1" m="10346" /><E64/><V126/><F126/><W37/><G99/><T102/><D102/><U2/><E2/><V78/><F78/><W112/><G112/><T16/><D57/><U111/><E111/><V28/><F28/><W66/><G66/><T119/><D30/><U75/><E75/><V107/><F107/><W133/><G133/><T3/><D3/><U115/><E115/><V116/><F116/><W97/><G97/><T113/><D113/><U7/><E7/><V80/><F80/><W100/><G100/><T12/><D12/><AGARI ba="0,0" hai="11,12,17,29,31,96,101,105" m="10346,50731" machi="12" ten="30,2900,0" yaku="20,1,52,1" doraHai="4" who="1" fromWho="0" sc="250,-29,240,29,260,0,250,0" /><INIT seed="1,1,0,1,5,31" ten="221,269,260,250" oya="1" hai0="3,9,6,126,69,53,12,84,26,48,120,45,108" hai1="107,64,2,13,105,66,83,18,113,47,19,127,77" hai2="29,82,0,4,106,71,14,72,119,8,15,70,32" hai3="78,134,28,27,21,109,132,118,104,87,115,68,62"/><U30/><E113/><V102/><F14/><W124/><G115/><T65/><D108/><U17/><E2/><V96/><F15/><W46/><G109/><T1/><D126/><U95/><E127/><V129/><F129/><W23/><G124/><T59/><D120/><U52/><E95/><V58/><F58/><W37/><G104/><T44/><D69/><U103/><E30/><V98/><F98/><W88/><G78/><T85/><D26/><U135/><E135/><N who="3" m="51754" /><G118/><T112/><D112/><U81/><E13/><V123/><F123/><W55/><G68/><T90/><D85/><U93/><E107/><V40/><F40/><N who="3" m="22799" /><G62/><N who="0" m="38111" /><D3/><U25/><E105/><V51/><F51/><W117/><G117/><T34/><D34/><U50/><E25/><N who="2" m="18479" /><F119/><W128/><G128/><T60/><D60/><U80/><E77/><AGARI ba="1,0" hai="0,4,8,70,71,72,77,82,96,102,106" m="18479" machi="77" ten="30,3900,0" yaku="33,2,52,1" doraHai="31" who="2" fromWho="1" sc="221,0,269,-42,260,42,250,0" /><INIT seed="2,0,0,3,0,96" ten="221,227,302,250" oya="2" hai0="50,90,1,55,70,29,95,11,74,75,20,53,16" hai1="112,21,48,94,27,49,37,84,17,18,7,123,38" hai2="36,47,118,110,43,60,3,87,31,15,102,97,35" hai3="88,115,8,109,42,0,134,107,71,127,56,45,116"/><V46/><F118/><W57/><G71/><T26/><D70/><U91/><E112/><V126/><F3/><W44/><G116/><T23/><D55/><U40/><E123/><V73/><F73/><W32/><G32/><T52/><D53/><U22/><E7/><V64/><F126/><W103/><G115/><T76/><D76/><U111/><E111/><V65/><F110/><W92/><G109/><T98/><D11/><U124/><BYE who="0" /><E124/><V85/><F47/><W28/><G28/><T77/><D77/><U135/><E135/><V13/><F65/><W41/><G127/><T133/><D133/><U19/><E19/><UN n0="%E3%81%AF%E3%82%89%E3%81%9F%E3%81%84%E3%82%89" /><V86/><F31/><W59/><G134/><T66/><D66/><U128/><E128/><V131/><F35/><W114/><G114/><T119/><D1/><U72/><E72/><V104/><REACH who="2" step="1"/><F131/><REACH who="2" ten="221,227,292,250" step="2"/><W100/><G0/><T106/><D119/><U4/><E4/><V121/><F121/><W101/><G107/><T51/><D75/><U5/><E5/><V89/><F89/><W81/><G81/><T120/><D74/><U63/><E17/><V30/><F30/><W62/><G62/><T108/><D120/><U122/><E63/><V69/><AGARI ba="0,1" hai="13,15,36,43,46,60,64,69,85,86,87,97,102,104" machi="69" ten="30,12000,1" yaku="1,1,0,1,52,1,53,2" doraHai="96" doraHaiUra="10" who="2" fromWho="2" sc="221,-40,227,-40,292,130,250,-40" /><INIT seed="2,1,0,1,5,87" ten="181,187,422,210" oya="2" hai0="108,69,13,61,49,122,10,113,67,1,109,88,65" hai1="70,18,39,11,71,4,83,115,89,42,97,35,99" hai2="63,92,94,14,98,132,125,134,131,40,123,44,133" hai3="96,118,43,47,29,9,91,111,121,127,77,23,24"/><V105/><F123/><W93/><G118/><T84/><D122/><U58/><E115/><V76/><F125/><W64/><G127/><T28/><D113/><U120/><E120/><V19/><F131/><W103/><G111/><N who="0" m="42571" /><D28/><U104/><E35/><V80/><F63/><W48/><G121/><T21/><D67/><U110/><E110/><V20/><F105/><W116/><G116/><T54/><D1/><U126/><E126/><V41/><F44/><W31/><G77/><T86/><D86/><U128/><E128/><V62/><F62/><W102/><G64/><T56/><D21/><U7/><E18/><V72/><REACH who="2" step="1"/><F94/><REACH who="2" ten="181,187,412,210" step="2"/><W75/><G75/><T119/><D119/><U0/><E104/><V117/><F117/><W82/><G82/><T57/><D10/><U112/><E11/><V114/><F114/><W51/><G9/><T8/><D8/><U30/><E112/><V46/><F46/><W37/><G37/><T17/><D61/><U16/><E39/><V55/><F55/><W53/><REACH who="3" step="1"/><G29/><REACH who="3" ten="181,187,412,200" step="2"/><T101/><D65/><U100/><E30/><V130/><F130/><W27/><G27/><T59/><D54/><U135/><E42/><V129/><F129/><W68/><G68/><T36/><D69/><U2/><E71/><V78/><F78/><W22/><G22/><T45/><D36/><U3/><E70/><V6/><F6/><W60/><G60/><T81/><D45/><AGARI ba="1,2" hai="23,24,31,43,45,47,48,51,53,91,93,96,102,103" machi="45" ten="30,8000,1" yaku="1,1,7,1,8,1,52,1,53,1" doraHai="87" doraHaiUra="85" who="3" fromWho="0" sc="181,-83,187,0,412,0,200,103" /><INIT seed="3,0,0,1,0,107" ten="98,187,412,303" oya="3" hai0="23,69,48,118,9,38,32,85,103,124,101,14,27" hai1="22,10,125,96,51,28,80,58,122,114,31,83,29" hai2="67,117,89,79,91,17,74,92,81,45,76,75,8" hai3="72,16,113,71,55,36,56,34,94,73,128,99,110"/><W63/><G113/><T88/><D118/><U50/><E114/><V105/><F117/><W127/><G36/><T121/><D38/><U112/><E122/><V70/><F105/><W68/><G34/><T87/><D69/><U24/><E112/><V134/><F134/><W111/><G127/><T104/><D124/><U33/><E125/><V39/><F70/><W60/><G128/><T129/><D121/><U95/><E10/><V86/><F67/><W13/><G63/><T123/><D129/><U126/><E126/><V54/><F76/><W102/><G68/><T109/><D123/><U133/><E133/><V53/><F89/><W116/><G71/><T61/><D109/><N who="3" m="41481" /><G116/><T11/><D104/><U59/><E33/><V12/><REACH who="2" step="1"/><F75/><REACH who="2" ten="98,187,402,303" step="2"/><W47/><G47/><T4/><D32/><U135/><E135/><V57/><F57/><W2/><G2/><T64/><D64/><U18/><E59/><V132/><F132/><W49/><G60/><T115/><D61/><U108/><E108/><V62/><F62/><W119/><G119/><T46/><D115/><U120/><E120/><V100/><F100/><W19/><G19/><T52/><D103/><U44/><E58/><V7/><F7/><W93/><G93/><T40/><D101/><U25/><E83/><V30/><F30/><W35/><G35/><T41/><D85/><U106/><E80/><V37/><F37/><W77/><G77/><T3/><D3/><U98/><E106/><V65/><F65/><W20/><AGARI ba="0,1" hai="13,16,20,49,55,56,72,73,94,99,102" m="41481" machi="20" ten="30,12000,1" yaku="14,1,10,1,52,2,54,1" doraHai="107" who="3" fromWho="3" sc="98,-40,187,-40,402,-40,303,130" owari="58,-44.0,147,-25.0,362,16.0,433,53.0" /></mjloggm>