<mjloggm ver="2.3"><GO type="169" lobby="0"/><UN n0="%E3%81%86%E3%81%83%E3%83%BC%E3%81%A1%E3%82%83%E3%82%93" n1="%56%4F%4E%41%50%41%4C%54" n2="%E6%99%AE%E8%B3%A2" n3="%E5%B0%B1%E6%B4%BB%E7%94%9F%40%E5%B7%9D%E6%9D%91%E8%BB%8D%E5%9B%A3" dan="16,16,16,16" rate="2194.96,2058.77,2048.45,2130.48" sx="M,M,M,M"/><TAIKYOKU oya="0"/><INIT seed="0,0,0,0,2,4" ten="250,250,250,250" oya="0" hai0="109,49,100,64,85,40,113,47,88,34,96,81,89" hai1="95,111,106,24,132,19,108,112,65,37,11,60,53" hai2="54,41,124,123,48,55,27,15,80,9,79,18,30" hai3="58,119,3,126,82,22,17,59,110,70,13,75,31"/><T69/><D113/><U23/><E106/><V121/><F124/><W51/><G70/><T122/><D122/><U101/><E37/><V127/><F127/><W45/><G110/><N who="1" m="42026" /><E112/><V86/><F41/><W98/><G119/><T116/><D109/><U102/><E53/><V103/><F103/><W67/><G67/><T97/><D34/><U32/><E32/><V72/><F72/><W99/><G3/><T76/><D116/><U91/><E11/><V36/><F36/><W83/><G75/><T128/><D128/><U84/><E132/><V21/><REACH who="2" step="1"/><F55/><REACH who="2" ten="250,250,240,250" step="2"/><N who="3" m="30191" /><G31/><T52/><D40/><U92/><E102/><V38/><F38/><W0/><G0/><T61/><REACH who="0" step="1"/><D96/><REACH who="0" ten="240,250,240,250" step="2"/><N who="3" m="36905" /><G126/><T118/><D118/><U130/><E130/><V25/><F25/><W77/><G77/><T29/><D29/><U115/><E115/><V71/><F71/><W62/><G59/><AGARI ba="0,2" hai="9,15,18,21,27,30,48,54,59,79,80,86,121,123" machi="59" ten="30,3900,0" yaku="1,1,7,1,52,1,53,0" doraHai="4" doraHaiUra="57" who="2" fromWho="3" sc="240,0,250,0,240,59,250,-39" /><INIT seed="1,0,0,3,3,87" ten="240,250,299,211" oya="1" hai0="22,53,67,2,88,57,106,94,122,38,80,1,41" hai1="32,10,18,116,12,89,49,109,90,77,86,107,125" hai2="39,54,47,24,82,8,63,72,114,68,105,27,112" hai3="58,17,64,74,29,55,0,130,135,99,83,69,56"/><U133/><E32/><V14/><F105/><W104/><G0/><T79/><D106/><U70/><E116/><V45/><F45/><W31/><G130/><T127/><D127/><U108/><E125/><V124/><F124/><W23/><G135/><T121/><D67/><U111/><E133/><V21/><F68/><W96/><G69/><T120/><D22/><U102/><E70/><V44/><F44/><W65/><G74/><T19/><D19/><U98/><E49/><N who="2" m="28991" /><F63/><N who="3" m="38007" /><G83/><AGARI ba="0,0" hai="10,12,18,77,83,86,89,90,98,102,107,108,109,111" machi="83" ten="40,12000,1" yaku="14,1,10,1,52,2" doraHai="87" who="1" fromWho="3" sc="240,0,250,120,299,0,211,-120" /><INIT seed="1,1,0,1,4,31" ten="240,370,299,91" oya="1" hai0="22,105,49,127,117,2,0,50,15,46,42,128,71" hai1="67,8,97,116,55,87,34,102,86,104,13,118,95" hai2="63,94,53,126,27,90,130,133,129,39,69,89,37" hai3="77,20,78,12,122,101,73,32,103,61,134,107,74"/><U30/><E67/><V81/><F133/><W100/><G61/><T21/><D105/><U48/><E116/><V82/><F126/><W58/><G58/><T75/><D75/><U45/><E118/><V125/><F125/><W54/><G54/><T4/><D127/><U111/><E111/><V41/><F27/><W38/><G20/><T115/><D71/><U36/><E36/><V25/><F25/><W76/><G12/><T85/><D115/><U91/><E86/><V98/><F41/><W17/><G17/><T120/><D128/><N who="2" m="49258" /><F53/><W59/><G59/><T124/><D124/><U3/><E3/><V109/><F109/><W80/><G38/><N who="2" m="14345" /><F90/><W16/><G16/><T66/><D120/><U114/><E114/><V119/><F119/><W26/><G26/><T18/><D117/><U92/><E34/><V56/><F56/><W6/><G32/><T62/><D49/><U11/><E30/><V93/><F93/><W113/><G6/><T79/><D4/><U24/><E24/><V19/><F19/><W10/><G10/><T112/><D112/><U5/><REACH who="1" step="1"/><E11/><REACH who="1" ten="240,360,299,91" step="2"/><V43/><F43/><W44/><G113/><T52/><D0/><U9/><E9/><V68/><F68/><W1/><G1/><T132/><D2/><U47/><E47/><V83/><F69/><W51/><G122/><T14/><D42/><U7/><E7/><V64/><F64/><W84/><G134/><T121/><D132/><U88/><E88/><V35/><F35/><W110/><G110/><T65/><D46/><U28/><E28/><V106/><F63/><W99/><G44/><RYUUKYOKU ba="1,1" sc="240,-15,360,15,299,15,91,-15" hai1="5,8,13,45,48,55,87,91,92,95,97,102,104" hai2="81,82,83,89,94,98,106" /><INIT seed="1,2,1,2,2,6" ten="225,375,314,76" oya="1" hai0="66,104,67,70,50,91,5,26,1,71,75,53,76" hai1="4,88,94,97,49,99,58,10,134,34,16,61,11" hai2="90,39,85,51,131,19,93,44,37,123,20,96,102" hai3="106,23,82,72,35,133,33,25,74,7,130,109,81"/><U56/><E34/><V45/><F131/><W14/><G106/><T78/><D104/><U79/><E134/><V12/><F123/><W43/><G130/><T125/><D125/><U77/><E97/><V100/><F100/><W69/><G69/><T55/><D91/><U122/><E122/><V36/><REACH who="2" step="1"/><F51/><REACH who="2" ten="225,375,304,76" step="2"/><W41/><G133/><T84/><D50/><U48/><E48/><V31/><F31/><W95/><G109/><T42/><D71/><U52/><E4/><V54/><F54/><W112/><G112/><T9/><D70/><U98/><E98/><V111/><F111/><W87/><G7/><T119/><D119/><U114/><E114/><V13/><F13/><W29/><G74/><T65/><D75/><U113/><E113/><V110/><F110/><W117/><G117/><T63/><D55/><N who="1" m="34015" /><E16/><V68/><F68/><W105/><G105/><AGARI ba="2,2" hai="12,19,20,36,37,39,44,45,85,90,93,96,102,105" machi="105" ten="40,2600,0" yaku="1,1,53,1" doraHai="6" doraHaiUra="80" who="2" fromWho="3" sc="225,0,375,0,304,52,76,-32" /><INIT seed="2,0,0,5,3,85" ten="225,375,356,44" oya="2" hai0="131,113,127,49,21,119,60,106,130,19,81,36,101" hai1="42,3,4,35,133,55,38,103,75,118,29,43,111" hai2="52,94,80,78,104,87,72,26,1,33,132,128,64" hai3="6,121,112,79,57,20,16,37,107,73,125,39,68"/><V117/><F117/><W134/><G68/><T45/><D113/><U5/><E75/><V90/><F64/><W27/><G112/><T47/><D119/><U63/><E103/><V50/><F1/><W62/><G121/><T88/><D127/><U97/><E97/><V110/><F132/><W135/><G107/><T34/><D34/><U70/><E133/><N who="3" m="50698" /><G125/><T17/><D60/><U7/><E3/><V14/><F128/><N who="0" m="49194" /><D36/><N who="3" m="13897" /><G6/><T77/><D77/><U114/><E114/><V24/><F110/><W65/><G79/><T98/><D47/><U91/><E111/><V76/><F76/><W40/><G40/><N who="0" m="24743" /><D21/><U99/><E38/><V129/><F129/><W48/><G48/><T32/><D32/><U115/><E35/><V74/><F74/><AGARI ba="0,0" hai="16,20,27,57,62,65,73,74" m="13897,50698" machi="74" ten="30,2000,0" yaku="20,1,54,1" doraHai="85" who="3" fromWho="2" sc="225,0,375,0,356,-20,44,20" /><INIT seed="3,0,0,1,5,68" ten="225,375,336,64" oya="3" hai0="133,11,44,18,61,15,20,47,116,6,4,35,3" hai1="24,105,132,99,72,113,84,124,110,94,27,88,42" hai2="26,40,29,82,73,91,64,19,90,25,57,67,33" hai3="65,7,36,103,60,8,14,52,115,76,38,5,75"/><W127/><G115/><T81/><D133/><U100/><E113/><V45/><F73/><W9/><G103/><T112/><D116/><U50/><E110/><V98/><F57/><W48/><G127/><T10/><D112/><U125/><E132/><V77/><F77/><W126/><G126/><N who="1" m="48746" /><E72/><V85/><F26/><W130/><G130/><T134/><D134/><U66/><E66/><V53/><F53/><W92/><G92/><T58/><D81/><U34/><E34/><V21/><F91/><W102/><G102/><T17/><D35/><U63/><E63/><V28/><F98/><W106/><G106/><T118/><D18/><U32/><E32/><V135/><F135/><W70/><G76/><T108/><D118/><U129/><E129/><V55/><F55/><W121/><G75/><T56/><D108/><U119/><E119/><V93/><F93/><W49/><G49/><T39/><D39/><U96/><E96/><V123/><F123/><W128/><G128/><T117/><D117/><U69/><E69/><V37/><F33/><W86/><G86/><T12/><REACH who="0" step="1"/><D58/><REACH who="0" ten="215,375,336,64" step="2"/><U107/><E107/><V74/><F74/><W87/><G87/><T13/><D13/><U89/><E84/><V101/><F29/><W131/><G131/><T111/><D111/><U83/><E105/><V41/><F28/><W43/><G43/><T109/><D109/><U59/><E83/><V16/><F41/><W122/><G122/><T95/><D95/><U1/><E42/><V51/><F37/><W2/><G121/><T114/><D114/><U78/><E94/><V80/><F80/><RYUUKYOKU ba="0,1" sc="215,15,375,-15,336,-15,64,15" hai0="3,4,6,10,11,12,15,17,20,44,47,56,61" hai3="2,5,7,8,9,14,36,38,48,52,60,65,70" /><INIT seed="3,1,1,0,0,111" ten="230,360,321,79" oya="3" hai0="36,126,106,57,104,75,93,24,7,48,0,97,9" hai1="127,1,105,52,83,21,90,92,5,118,59,56,19" hai2="91,88,49,103,109,34,12,89,71,40,61,55,42" hai3="33,15,20,79,50,44,87,3,37,38,65,46,53"/><W73/><G33/><T31/><D75/><U17/><E105/><V135/><F109/><W80/><G3/><T13/><D36/><U101/><E127/><V27/><F135/><W130/><G130/><T72/><D72/><U122/><E122/><V51/><F103/><W124/><G124/><T11/><D126/><U81/><E118/><V2/><F2/><W117/><G117/><T94/><D94/><U14/><E101/><V125/><F125/><W107/><G107/><T60/><D48/><N who="2" m="18506" /><F71/><W58/><G73/><T110/><D110/><U47/><E47/><V108/><F34/><W123/><G123/><T8/><D104/><U23/><E59/><N who="2" m="35071" /><F27/><W10/><G20/><T28/><D106/><U134/><E134/><V67/><F67/><W132/><G132/><T29/><D24/><N who="1" m="14383" /><E5/><V119/><F119/><W66/><G38/><T114/><D0/><U86/><E1/><V100/><F100/><W84/><G84/><T82/><D82/><U74/><E74/><V129/><F129/><W64/><REACH who="3" step="1"/><G37/><REACH who="3" ten="230,360,321,69" step="2"/><T68/><D11/><U98/><E86/><V26/><F108/><W113/><G113/><T96/><D114/><U16/><E23/><V25/><F25/><W63/><G63/><T32/><D9/><U41/><E14/><V133/><F26/><W78/><G78/><T4/><D32/><U85/><E85/><V70/><F133/><W43/><G43/><T131/><D131/><U77/><E41/><V18/><F40/><W120/><G120/><T45/><D8/><U102/><E77/><V76/><F42/><W39/><G39/><T112/><D112/><RYUUKYOKU ba="1,2" sc="230,-10,360,-10,321,-10,69,30" hai3="10,15,44,46,50,53,58,64,65,66,79,80,87" /><INIT seed="3,2,2,1,1,48" ten="220,350,311,99" oya="3" hai0="2,52,109,119,71,97,106,112,7,22,120,59,72" hai1="19,131,15,23,81,34,76,116,103,88,17,64,93" hai2="27,132,36,46,121,75,92,114,16,98,9,117,87" hai3="12,125,50,49,123,91,13,82,11,66,77,1,28"/><W118/><G123/><T89/><D119/><U135/><E135/><V62/><F75/><W96/><G118/><T25/><D120/><U67/><E131/><V14/><F114/><W60/><G125/><T74/><D71/><U105/><E34/><V21/><F117/><W85/><G28/><T61/><D109/><U44/><E44/><V57/><F132/><W95/><G1/><T29/><D112/><U80/><E116/><V35/><F35/><W45/><G11/><T41/><D41/><U10/><E103/><V100/><F121/><W30/><G30/><T134/><D134/><U55/><E55/><N who="2" m="34111" /><F36/><W5/><G5/><T124/><D124/><U107/><E107/><V0/><F0/><W79/><G79/><T33/><D33/><U4/><E105/><V58/><F58/><N who="3" m="37143" /><G50/><T47/><D7/><U127/><E127/><V42/><F87/><W31/><G31/><T129/><D2/><U90/><E90/><V78/><F78/><W84/><G84/><T56/><D106/><U110/><E110/><V122/><F122/><W40/><AGARI ba="2,2" hai="12,13,40,45,49,77,82,85,91,95,96" m="37143" machi="40" ten="30,1500,0" yaku="8,1" doraHai="48" who="3" fromWho="3" sc="220,-7,350,-7,311,-7,99,41" /><INIT seed="3,3,0,1,5,69" ten="213,343,304,140" oya="3" hai0="42,4,50,28,3,61,90,123,103,135,63,29,40" hai1="57,12,107,114,44,94,108,120,45,18,118,38,76" hai2="34,24,124,128,33,104,100,121,67,43,129,68,11" hai3="25,49,56,131,22,58,77,95,85,119,106,32,73"/><W83/><G106/><T0/><D103/><U89/><E107/><V110/><F110/><W122/><G119/><T26/><D26/><U112/><E120/><V115/><F115/><W102/><G122/><T111/><D90/><U81/><E118/><V109/><F109/><W86/><G32/><T134/><D50/><U36/><E57/><V6/><F124/><W8/><G131/><N who="2" m="50249" /><F24/><W31/><G73/><T96/><D96/><U70/><E70/><V125/><F125/><W132/><G132/><N who="0" m="50731" /><D4/><U72/><E108/><V17/><F17/><W7/><G49/><T14/><D14/><U19/><E19/><V54/><F54/><W46/><G46/><T117/><D117/><U52/><E45/><V64/><F43/><N who="0" m="16426" /><D111/><U99/><E114/><V1/><F121/><W5/><G5/><T21/><D21/><U10/><REACH who="1" step="1"/><E112/><REACH who="1" ten="213,333,304,140" step="2"/><V91/><F68/><W2/><REACH who="3" step="1"/><G86/><REACH who="3" ten="213,333,304,130" step="2"/><T23/><D123/><U97/><E97/><AGARI ba="3,2" hai="2,7,8,22,25,31,56,58,77,83,85,95,97,102" machi="97" ten="40,3900,0" yaku="1,1,2,1,53,0" doraHai="69" doraHaiUra="39" who="3" fromWho="1" sc="213,0,333,-48,304,0,130,68" /><INIT seed="3,4,0,0,2,20" ten="213,285,304,198" oya="3" hai0="60,37,126,102,49,118,84,114,108,87,121,13,3" hai1="134,54,119,29,123,10,53,51,8,46,34,35,18" hai2="47,56,100,57,28,16,98,76,23,125,21,72,115" hai3="135,110,7,83,97,55,122,95,73,92,111,12,93"/><W124/><G122/><T64/><D37/><U99/><E123/><V25/><F115/><W70/><G70/><T58/><D118/><U43/><E134/><V129/><F129/><W17/><G7/><T52/><D121/><U59/><E119/><V62/><F125/><W131/><G124/><T32/><D126/><U39/><E18/><V77/><F47/><W50/><G131/><T113/><D3/><U112/><E112/><N who="0" m="43113" /><D32/><U71/><E99/><V14/><F72/><W78/><G135/><T120/><D120/><U117/><E117/><V27/><F14/><W88/><G111/><T86/><D102/><U61/><E53/><V66/><F57/><W79/><G79/><T24/><D13/><U26/><REACH who="1" step="1"/><E35/><REACH who="1" ten="213,275,304,198" step="2"/><V128/><REACH who="2" step="1"/><F128/><REACH who="2" ten="213,275,294,198" step="2"/><W4/><G110/><T105/><D108/><U11/><E11/><V45/><F45/><W67/><G67/><AGARI ba="4,2" hai="8,10,26,29,34,39,43,46,51,54,59,61,67,71" machi="67" ten="40,8000,1" yaku="1,1,24,2,52,1,53,0" doraHai="20" doraHaiUra="94" who="1" fromWho="3" sc="213,0,275,112,294,0,198,-92" /><INIT seed="4,0,0,4,5,106" ten="213,387,294,106" oya="0" hai0="37,85,87,34,11,69,65,89,18,45,44,116,71" hai1="90,23,57,17,72,60,129,31,67,24,8,55,10" hai2="49,25,13,91,94,14,28,61,64,124,78,109,118" hai3="0,1,50,88,39,97,42,111,120,29,63,107,32"/><T83/><D116/><U122/><E122/><V84/><F109/><W4/><G111/><T48/><D34/><U123/><E123/><V134/><F134/><W128/><G120/><T92/><D37/><U98/><E72/><V77/><F124/><W132/><G128/><T54/><D65/><U95/><E129/><V81/><F49/><W125/><G132/><T73/><D73/><U76/><E76/><V26/><F78/><W131/><G131/><T75/><D75/><U52/><E17/><V114/><F114/><W70/><G125/><T82/><D44/><U105/><E105/><V58/><F118/><W108/><G108/><T15/><REACH who="0" step="1"/><D92/><REACH who="0" ten="203,387,294,106" step="2"/><U38/><E38/><V47/><F47/><W59/><G70/><T115/><D115/><U126/><E126/><V41/><F64/><W51/><G39/><T12/><D12/><U68/><E68/><V135/><F13/><W117/><G117/><T40/><D40/><U5/><E10/><V36/><F14/><AGARI ba="0,1" hai="5,8,14,23,24,31,52,55,57,60,67,90,95,98" machi="14" ten="30,3900,0" yaku="7,1,8,1,54,1" doraHai="106" who="1" fromWho="2" sc="203,0,387,49,294,-39,106,0" /><INIT seed="5,0,0,5,0,91" ten="203,436,255,106" oya="1" hai0="21,49,65,115,16,89,27,38,112,129,114,130,127" hai1="123,133,100,44,120,9,107,12,84,47,59,110,116" hai2="125,61,39,19,37,135,71,75,119,106,52,124,14" hai3="56,126,34,87,99,118,122,80,128,63,57,43,15"/><U32/><E32/><V88/><F135/><W48/><G34/><T50/><D38/><U17/><E116/><V108/><F108/><W92/><G118/><T98/><D127/><N who="2" m="48714" /><F75/><W28/><G126/><T111/><D111/><U90/><E133/><V11/><F106/><W31/><G122/><T105/><D65/><U103/><E110/><V35/><F35/><W104/><G128/><N who="0" m="49259" /><D89/><U46/><E59/><N who="2" m="35047" /><F71/><W109/><G104/><T8/><D8/><U42/><E42/><V68/><F68/><W6/><G109/><T74/><D74/><U36/><E36/><V10/><F119/><W121/><G121/><T25/><D25/><U70/><E70/><V134/><F134/><W76/><G57/><T45/><D45/><U60/><E107/><V4/><F88/><N who="3" m="55687" /><G48/><T73/><D73/><U62/><E123/><V7/><F7/><W86/><G43/><T101/><AGARI ba="0,0" hai="16,21,27,49,50,98,101,105,112,114,115" m="49259" machi="101" ten="40,5200,0" yaku="15,1,19,1,54,1" doraHai="91" who="0" fromWho="0" sc="203,52,436,-26,255,-13,106,-13" /><INIT seed="6,0,0,4,2,48" ten="255,410,242,93" oya="2" hai0="1,24,125,19,37,53,42,86,133,89,104,33,122" hai1="102,8,100,110,101,70,87,127,72,97,62,52,84" hai2="98,126,28,49,31,20,91,74,85,80,124,94,61" hai3="75,121,92,17,60,54,47,10,34,21,38,56,44"/><V109/><F109/><W50/><G121/><T14/><D122/><U16/><E72/><V45/><F74/><W64/><G34/><T4/><D125/><U131/><E127/><V69/><F69/><W68/><G75/><T119/><D104/><U26/><E70/><V55/><F31/><W65/><G10/><T115/><D119/><U40/><E40/><V83/><F83/><W12/><G65/><T25/><D115/><U76/><E76/><V105/><F105/><W79/><G79/><T35/><D133/><U2/><E2/><V11/><F11/><W29/><G29/><T128/><D128/><U57/><E110/><V7/><F7/><W6/><G6/><T46/><D4/><U78/><E78/><V15/><F61/><W112/><G112/><T59/><D1/><U23/><E131/><V5/><F5/><W66/><G66/><T135/><D35/><U111/><E111/><V32/><F32/><W129/><G129/><T108/><D135/><U71/><E71/><V95/><F95/><W114/><G114/><T106/><D106/><U63/><E63/><V90/><REACH who="2" step="1"/><F15/><REACH who="2" ten="255,410,232,93" step="2"/><W96/><REACH who="3" step="1"/><G38/><REACH who="3" ten="255,410,232,83" step="2"/><T41/><D108/><U81/><E8/><V113/><F113/><W22/><G22/><T120/><D33/><U77/><E84/><V99/><F99/><AGARI ba="0,2" hai="16,23,26,52,57,62,77,81,87,97,99,100,101,102" machi="99" ten="40,8000,1" yaku="8,1,52,1,54,2" doraHai="48" who="1" fromWho="2" sc="255,0,410,100,232,-80,83,0" /><INIT seed="7,0,0,1,1,28" ten="255,510,152,83" oya="3" hai0="86,5,123,120,81,113,74,111,80,68,7,134,82" hai1="87,114,18,108,64,62,102,0,76,116,63,38,96" hai2="8,100,107,124,20,133,21,135,105,66,37,15,55" hai3="48,117,73,71,53,75,84,112,23,45,132,92,99"/><W31/><G117/><T42/><D68/><U85/><E0/><V1/><F124/><W101/><G71/><T104/><D111/><U24/><E38/><V46/><F66/><W98/><G112/><T36/><D104/><U94/><E114/><V14/><F1/><W25/><G132/><N who="2" m="50761" /><F100/><W56/><G84/><T95/><D113/><U17/><E63/><V126/><F126/><W54/><REACH who="3" step="1"/><G99/><REACH who="3" ten="255,510,152,73" step="2"/><T58/><D86/><U127/><E87/><V79/><F79/><W122/><G122/><T22/><D123/><U91/><E127/><V129/><F129/><W35/><G35/><T29/><D120/><U4/><E116/><V26/><F26/><W115/><G115/><T47/><D74/><U106/><E76/><V83/><F83/><W131/><G131/><T67/><D134/><U13/><E24/><V9/><F107/><W27/><G27/><T19/><D82/><U97/><E108/><V50/><F105/><W130/><G130/><T51/><D80/><U121/><E96/><V39/><F39/><W3/><G3/><T118/><D81/><U60/><E121/><V69/><F69/><W93/><G93/><T78/><D95/><U125/><E125/><V119/><F37/><W77/><G77/><T16/><D78/><U44/><E85/><V128/><F128/><W110/><G110/><T103/><D118/><U33/><E33/><V12/><F119/><W61/><AGARI ba="0,1" hai="23,25,31,45,48,53,54,56,61,73,75,92,98,101" machi="61" ten="20,3900,0" yaku="1,1,0,1,7,1,53,0" doraHai="28" doraHaiUra="70" who="3" fromWho="3" sc="255,-13,510,-13,152,-13,73,49" /><INIT seed="7,1,0,0,0,70" ten="242,497,139,122" oya="3" hai0="3,26,54,124,53,130,81,28,62,133,122,113,123" hai1="10,2,48,16,119,75,100,107,25,93,0,135,88" hai2="17,80,39,74,51,52,23,77,104,37,45,50,1" hai3="72,127,47,90,78,4,85,18,29,27,61,116,82"/><W30/><G116/><T46/><D3/><U12/><E75/><V13/><F104/><W59/><G127/><T34/><D124/><U98/><E135/><V76/><F1/><W8/><G47/><T92/><D92/><U83/><E119/><V44/><F77/><W5/><G18/><T60/><D133/><U35/><E83/><V108/><F108/><W7/><G8/><T49/><D130/><U58/><E58/><V32/><F32/><W89/><G72/><T20/><D34/><U94/><E48/><V68/><F68/><W73/><G73/><T65/><D113/><U31/><E107/><V95/><F95/><W117/><G117/><T112/><D112/><U14/><E14/><V71/><F71/><W120/><G120/><T126/><D126/><U87/><AGARI ba="1,0" hai="0,2,10,12,16,25,31,35,87,88,93,94,98,100" machi="87" ten="20,5200,0" yaku="0,1,7,1,54,2" doraHai="70" who="1" fromWho="1" sc="242,-14,497,55,139,-14,122,-27" owari="228,3.0,552,64.0,125,-27.0,95,-40.0" /></mjloggm>