<mjloggm ver="2.3"><GO type="97" lobby="0"/><UN n0="%54%41%4B%41%50%4E%47" n1="%E3%82%AD%E3%83%89%E3%81%98%E3%81%82%E3%82%93" n2="%E5%B0%B1%E6%B4%BB%E7%94%9F%40%E5%B7%9D%E6%9D%91%E8%BB%8D%E5%9B%A3" n3="%E5%B0%8F%E5%90%89%E5%8A%9B" dan="15,13,14,14" rate="1944.57,1856.69,1938.20,1944.86" sx="M,F,M,M"/><TAIKYOKU oya="0"/><INIT seed="0,0,0,3,3,89" ten="250,250,250,250" oya="0" hai0="134,60,88,133,36,21,30,38,92,42,108,131,126" hai1="80,47,26,61,95,122,82,128,19,45,0,57,56" hai2="76,4,104,40,12,117,101,71,109,67,135,10,75" hai3="27,46,2,29,53,65,77,99,121,113,120,64,34"/><T129/><D108/><U94/><E0/><V20/><F109/><W66/><G2/><T43/><D60/><U103/><E122/><V127/><F135/><N who="0" m="51722" /><D126/><U51/><E128/><N who="0" m="49225" /><D21/><N who="1" m="13631" /><E103/><V48/><F127/><W69/><G113/><T50/><D30/><U97/><E97/><V125/><F125/><W116/><G116/><T106/><D106/><U74/><E74/><V102/><F117/><W14/><G99/><N who="0" m="57735" /><D50/><U79/><E79/><V130/><F104/><W63/><G77/><T41/><AGARI ba="0,0" hai="36,38,41,42,43" m="57735,49225,51722" machi="41" ten="40,12000,1" yaku="20,1,19,1,52,1,54,1" doraHai="89" who="0" fromWho="0" sc="250,120,250,-40,250,-40,250,-40" /><INIT seed="0,1,0,0,0,61" ten="370,210,210,210" oya="0" hai0="128,104,77,58,21,25,103,31,89,81,7,14,118" hai1="62,124,71,135,49,102,28,32,92,123,3,16,1" hai2="84,46,19,63,5,134,4,121,101,105,40,83,33" hai3="8,91,96,97,11,41,106,13,112,93,12,54,131"/><T87/><D118/><U17/><E123/><V64/><F121/><W132/><G112/><T48/><D128/><U85/><E135/><V60/><F33/><W125/><G131/><T66/><D104/><U98/><E124/><V107/><F134/><W86/><G132/><T100/><D77/><U53/><E85/><V59/><F60/><W67/><G125/><T47/><D66/><U110/><E110/><V15/><F105/><W43/><G106/><T127/><D58/><U133/><E133/><V79/><F101/><W39/><G39/><T34/><D34/><U109/><E109/><V20/><REACH who="2" step="1"/><F107/><REACH who="2" ten="370,210,200,210" step="2"/><W55/><G91/><T76/><D127/><U78/><E32/><V130/><F130/><W117/><G117/><T18/><D89/><U115/><E115/><V51/><AGARI ba="1,1" hai="4,5,15,19,20,40,46,51,59,63,64,79,83,84" machi="51" ten="20,12000,2" yaku="1,1,0,1,7,1,8,1,52,1,53,1" doraHai="61" doraHaiUra="57" who="2" fromWho="2" sc="370,-61,210,-31,200,133,210,-31" /><INIT seed="1,0,0,5,2,99" ten="309,179,333,179" oya="1" hai0="1,71,87,0,55,27,29,10,28,36,12,128,101" hai1="47,84,106,30,74,115,109,42,20,105,80,124,19" hai2="125,119,86,37,95,6,123,2,135,97,15,63,24" hai3="110,56,34,32,108,26,112,134,39,62,40,41,14"/><U116/><E116/><V61/><F123/><W131/><G112/><T57/><D71/><U88/><E115/><V90/><F37/><W75/><G75/><T25/><D36/><U94/><E124/><V46/><F125/><W70/><G131/><T104/><D87/><U91/><E30/><V45/><F119/><W33/><G70/><T18/><D128/><U113/><E113/><V129/><F2/><N who="0" m="1130" /><D101/><U9/><E9/><N who="2" m="4535" /><F135/><W8/><G134/><T3/><D104/><U92/><E74/><V85/><F24/><N who="0" m="9290" /><D57/><U82/><E109/><N who="3" m="42090" /><G26/><T133/><D55/><U77/><E106/><V72/><F72/><W31/><G31/><N who="0" m="11851" /><D3/><U103/><E82/><V53/><F129/><W69/><G69/><T35/><D133/><U102/><E105/><V44/><F53/><N who="3" m="34063" /><G39/><T127/><D127/><U93/><E91/><N who="2" m="55551" /><F85/><W54/><G54/><T120/><D120/><U51/><E77/><V100/><F100/><W21/><G21/><T4/><D35/><N who="3" m="8961" /><W79/><DORA hai="121" /><G79/><T52/><D52/><U13/><AGARI ba="0,0" hai="13,19,20,42,47,51,80,84,88,92,93,94,102,103" machi="13" ten="30,12000,1" yaku="0,1,8,1,52,2,54,1" doraHai="99,121" who="1" fromWho="1" sc="309,-40,179,120,333,-40,179,-40" /><INIT seed="1,1,0,3,2,87" ten="269,299,293,139" oya="1" hai0="111,9,59,43,95,123,113,22,88,69,80,31,52" hai1="76,21,65,4,50,90,62,68,100,8,82,99,29" hai2="131,125,85,60,23,129,102,51,134,6,96,132,75" hai3="5,42,11,107,7,34,128,26,18,39,118,16,2"/><U61/><E50/><V86/><F75/><W81/><G107/><T77/><D113/><U101/><E62/><V56/><F6/><W0/><G81/><T73/><D111/><U70/><E101/><V135/><F51/><W44/><G118/><T97/><D123/><U54/><E54/><N who="2" m="33815" /><F23/><W20/><G128/><N who="2" m="49225" /><F125/><W121/><G121/><T38/><D69/><U116/><E116/><V91/><F91/><W105/><G105/><AGARI ba="1,0" hai="85,86,96,102,105,132,134,135" m="49225,33815" machi="105" ten="40,2600,0" yaku="20,1,19,1" doraHai="87" who="2" fromWho="3" sc="269,0,299,0,293,29,139,-29" /><INIT seed="2,0,0,3,5,20" ten="269,299,322,110" oya="2" hai0="70,72,104,19,91,6,58,98,14,13,32,60,50" hai1="22,62,102,113,3,127,76,49,81,121,89,134,67" hai2="35,135,59,44,133,12,47,108,107,24,95,120,97" hai3="43,51,27,10,41,129,40,123,86,78,30,125,101"/><V37/><F120/><W0/><G123/><T1/><D72/><U2/><E113/><V26/><F107/><W126/><G129/><T116/><D32/><U16/><E127/><V122/><F122/><W69/><G69/><T17/><D116/><U29/><E134/><N who="2" m="51211" /><F35/><W53/><G101/><T8/><D70/><U94/><E102/><N who="2" m="60735" /><F108/><W15/><G0/><T63/><D104/><U119/><E119/><V100/><F100/><W66/><G66/><T55/><D1/><U7/><E7/><V73/><F73/><W46/><G86/><T23/><D19/><U57/><E29/><V93/><F93/><AGARI ba="0,0" hai="6,8,13,14,17,23,50,55,58,60,63,91,93,98" machi="93" ten="40,1300,0" yaku="8,1" doraHai="20" who="0" fromWho="2" sc="269,13,299,0,322,-13,110,0" /><INIT seed="3,0,0,3,4,92" ten="282,299,309,110" oya="3" hai0="14,78,114,65,20,54,85,0,120,107,67,116,93" hai1="74,129,15,105,99,60,128,19,109,59,75,135,108" hai2="17,103,2,56,13,134,27,51,64,9,122,41,5" hai3="133,102,26,37,84,73,50,48,81,35,83,70,71"/><W104/><G83/><T123/><D116/><U98/><E105/><V47/><F122/><W118/><G84/><T125/><D0/><U80/><E80/><V130/><F130/><N who="1" m="50281" /><E135/><V4/><F134/><W3/><G50/><T106/><D125/><U52/><E19/><V62/><F103/><W90/><G48/><T101/><D114/><U121/><E15/><V115/><F115/><W40/><G90/><T87/><D54/><U57/><E57/><V6/><REACH who="2" step="1"/><F27/><REACH who="2" ten="282,299,299,110" step="2"/><W16/><G118/><T43/><D120/><U77/><E121/><V86/><F86/><W45/><G133/><T8/><D123/><U95/><E75/><V66/><F66/><N who="0" m="25098" /><D107/><U113/><E113/><V53/><F53/><W44/><G44/><T119/><D106/><U28/><E74/><V126/><F126/><W110/><G110/><N who="1" m="42602" /><E95/><V132/><F132/><W94/><G94/><T21/><D119/><U49/><E77/><V1/><AGARI ba="0,1" hai="1,2,4,5,6,9,13,17,41,47,51,56,62,64" machi="1" ten="30,2000,0" yaku="1,1,0,1,53,0" doraHai="92" doraHaiUra="96" who="2" fromWho="2" sc="282,-5,299,-5,299,30,110,-10" owari="277,-12.0,294,9.0,329,43.0,100,-40.0" /></mjloggm>