<mjloggm ver="2.3"><GO type="97" lobby="0"/><UN n0="%31%33%36%30" n1="%E5%B0%B1%E6%B4%BB%E7%94%9F%40%E5%B7%9D%E6%9D%91%E8%BB%8D%E5%9B%A3" n2="%53%6F%6E%6F%74%69%74%65" n3="%E8%B1%9A%E3%81%AE%E3%82%B1%E3%83%84" dan="15,15,14,14" rate="1934.80,1957.07,1947.87,1940.46" sx="M,M,M,M"/><TAIKYOKU oya="0"/><INIT seed="0,0,0,2,0,128" ten="250,250,250,250" oya="0" hai0="44,0,125,2,102,114,28,72,95,66,68,115,111" hai1="8,126,5,88,29,119,109,14,48,77,123,108,46" hai2="50,17,23,62,130,7,107,54,101,89,104,121,47" hai3="41,106,93,112,30,31,13,3,22,1,40,105,56"/><T74/><D28/><U57/><E119/><V100/><F130/><W99/><G112/><N who="0" m="43051" /><D44/><U64/><E123/><V39/><F39/><W113/><G113/><T33/><D95/><U94/><E77/><V24/><F7/><W135/><G135/><T9/><D9/><U26/><E126/><V63/><F121/><W133/><G133/><T61/><D102/><U132/><E132/><V34/><F34/><W69/><G69/><T110/><D33/><U73/><E73/><N who="0" m="28265" /><D125/><U117/><E117/><V79/><F79/><W92/><G31/><T6/><D6/><U131/><E131/><V70/><F70/><W43/><G40/><T49/><D49/><U21/><E57/><V97/><REACH who="2" step="1"/><F89/><REACH who="2" ten="250,250,240,250" step="2"/><W134/><G134/><T86/><D86/><U11/><E64/><V83/><F83/><W4/><G4/><T25/><D25/><U87/><REACH who="1" step="1"/><E8/><REACH who="1" ten="250,240,240,250" step="2"/><V96/><AGARI ba="0,2" hai="17,23,24,47,50,54,62,63,96,97,100,101,104,107" machi="96" ten="30,4000,0" yaku="1,1,0,1,9,1,53,0" doraHai="128" doraHaiUra="118" who="2" fromWho="2" sc="250,-20,240,-10,240,60,250,-10" /><INIT seed="1,0,0,5,1,95" ten="230,230,300,240" oya="1" hai0="110,17,42,65,122,22,47,63,39,135,58,103,10" hai1="59,55,120,88,48,54,72,107,112,2,85,127,117" hai2="82,32,108,84,62,9,77,13,49,31,116,29,126" hai3="101,128,100,35,44,26,41,46,109,102,89,64,114"/><U18/><E112/><V21/><F108/><W70/><G109/><T133/><D110/><U45/><E117/><V23/><F116/><W75/><G114/><T106/><D10/><U12/><E120/><V111/><F111/><W73/><G128/><T37/><D37/><U25/><E2/><V71/><F32/><W94/><G70/><T53/><D122/><U93/><E127/><V24/><F49/><W69/><G73/><T131/><D131/><U129/><E129/><V60/><F71/><W34/><G75/><T27/><D106/><U51/><E107/><V132/><F132/><W33/><G64/><T30/><D103/><U15/><E72/><V7/><REACH who="2" step="1"/><F126/><REACH who="2" ten="230,230,290,240" step="2"/><W105/><G69/><T38/><D39/><U20/><AGARI ba="0,1" hai="12,15,18,20,25,45,48,51,54,55,59,85,88,93" machi="20" ten="30,6000,0" yaku="0,1,8,1,54,1" doraHai="95" who="1" fromWho="1" sc="230,-20,230,70,290,-20,240,-20" /><INIT seed="1,1,0,0,3,86" ten="210,300,270,220" oya="1" hai0="13,87,39,28,79,58,52,46,48,114,45,88,43" hai1="125,108,106,25,112,130,113,104,102,115,27,29,123" hai2="100,21,91,111,103,36,84,57,73,75,72,83,16" hai3="4,109,6,47,63,101,35,14,97,66,116,76,80"/><U122/><E102/><V82/><F36/><W53/><G109/><T134/><D114/><U19/><E19/><V98/><F57/><W110/><G110/><T133/><D79/><U107/><E29/><V74/><F21/><W129/><G129/><T121/><D121/><N who="1" m="46091" /><E108/><V33/><F33/><W85/><G116/><T92/><D28/><U5/><E5/><V61/><F61/><W62/><G35/><T7/><D7/><U132/><E130/><V10/><F10/><W15/><G15/><T32/><D32/><U117/><E117/><V127/><F127/><W56/><G14/><T49/><REACH who="0" step="1"/><D13/><REACH who="0" ten="200,300,270,220" step="2"/><U17/><E17/><V8/><F16/><W118/><G118/><T126/><D126/><U99/><E125/><V64/><F111/><W22/><G22/><T124/><D124/><U59/><E27/><V54/><F72/><W71/><REACH who="3" step="1"/><G47/><REACH who="3" ten="200,300,270,210" step="2"/><T44/><D44/><U81/><E25/><V90/><F8/><W2/><G2/><T128/><D128/><U78/><E112/><V0/><F0/><W95/><AGARI ba="1,2" hai="4,6,53,56,62,63,66,71,76,80,85,95,97,101" machi="95" ten="20,2700,0" yaku="1,1,0,1,7,1,53,0" doraHai="86" doraHaiUra="12" who="3" fromWho="3" sc="200,-8,300,-14,270,-8,210,50" /><INIT seed="2,0,0,2,5,94" ten="192,286,262,260" oya="2" hai0="8,67,58,63,4,51,127,64,131,24,90,6,120" hai1="83,115,74,45,84,133,31,43,88,98,66,109,49" hai2="93,92,55,85,132,107,69,62,70,110,9,124,128" hai3="23,91,123,0,102,56,22,134,100,113,47,95,27"/><V38/><F107/><W103/><G123/><T130/><D120/><U11/><E115/><V40/><F124/><W1/><G113/><T18/><D127/><U54/><E109/><V35/><F128/><W105/><G105/><T21/><D67/><U59/><E133/><V129/><F129/><W79/><G79/><T15/><D4/><U116/><E116/><V99/><F132/><W28/><G134/><T37/><D37/><U17/><E74/><V20/><F35/><W87/><G47/><T80/><D131/><U101/><E31/><V77/><F9/><W16/><REACH who="3" step="1"/><G56/><REACH who="3" ten="192,286,262,250" step="2"/><T34/><D130/><U25/><E66/><V41/><F70/><W50/><G50/><T76/><D34/><U71/><E71/><V122/><F69/><W106/><G106/><T125/><D125/><U89/><E59/><N who="2" m="35199" /><F38/><W33/><G33/><T46/><D76/><N who="1" m="46183" /><E43/><V2/><F122/><W108/><G108/><T118/><D118/><U111/><E111/><V135/><F135/><W96/><G96/><T44/><REACH who="0" step="1"/><D51/><REACH who="0" ten="182,286,262,250" step="2"/><U39/><E39/><V26/><F110/><W36/><G36/><T48/><D48/><U10/><E49/><V3/><F40/><W81/><G81/><T72/><D72/><U12/><E45/><V7/><F41/><W114/><G114/><T65/><D65/><U75/><E54/><V86/><F77/><W68/><G68/><T32/><D32/><U29/><E75/><V119/><F119/><W121/><G121/><T14/><D14/><AGARI ba="0,2" hai="0,1,14,16,22,23,27,28,87,91,95,100,102,103" machi="14" ten="40,2600,0" yaku="1,1,54,1,53,0" doraHai="94" doraHaiUra="60" who="3" fromWho="0" sc="182,-26,286,0,262,0,250,46" /><INIT seed="3,0,0,3,2,57" ten="156,286,262,296" oya="3" hai0="52,18,107,63,81,64,77,51,28,4,117,72,113" hai1="67,70,103,56,62,17,124,35,80,13,94,12,84" hai2="44,131,22,110,99,135,132,60,120,15,3,48,39" hai3="102,29,128,2,111,10,45,41,87,8,91,112,134"/><W1/><G112/><T93/><D117/><U82/><E124/><V49/><F3/><N who="3" m="1035" /><G29/><T74/><D107/><U19/><E35/><V20/><F131/><W30/><G30/><T104/><D104/><U53/><E70/><V54/><F110/><W34/><G34/><T98/><D113/><U59/><E103/><V122/><F99/><W116/><G102/><T71/><D4/><U121/><E94/><V61/><F39/><W90/><G90/><T46/><D28/><U76/><E82/><V101/><F101/><W7/><G7/><T78/><D18/><N who="1" m="6667" /><E121/><N who="2" m="46699" /><F15/><W100/><G100/><T115/><D115/><U97/><E97/><V65/><F65/><W129/><G134/><N who="2" m="51241" /><F49/><AGARI ba="0,0" hai="12,13,49,53,56,59,62,67,76,80,84" m="6667" machi="49" ten="30,2000,0" yaku="8,1,52,1" doraHai="57" who="1" fromWho="2" sc="156,0,286,20,262,-20,296,0" owari="156,-34.0,306,40.0,242,-16.0,296,10.0" /></mjloggm>