<mjloggm ver="2.3"><GO type="169" lobby="0"/><UN n0="%72%69%6F%75%63%68%61%6E" n1="%43%52%41%5A%59%42%45%45" n2="%E3%82%A6%E3%83%AB%E3%83%88%E3%83%A9%E7%AB%8B%E7%9B%B4" n3="%E3%83%8B%E3%83%BC%E3%83%88%E7%A4%BE%E9%95%B7" dan="16,17,17,16" rate="2064.95,2214.82,2130.31,2091.16" sx="M,M,M,M"/><TAIKYOKU oya="0"/><INIT seed="0,0,0,0,1,125" ten="250,250,250,250" oya="0" hai0="113,116,25,119,3,41,132,103,50,109,54,64,123" hai1="95,53,23,16,33,38,114,10,100,26,112,48,42" hai2="89,102,49,27,32,85,73,29,88,99,34,62,66" hai3="58,57,78,9,21,0,70,35,11,124,97,56,81"/><T43/><D123/><U133/><E33/><V90/><F49/><W77/><G35/><T122/><D122/><U18/><E133/><V106/><F73/><W115/><G115/><N who="1" m="44074" /><E38/><V30/><F30/><W36/><G36/><T72/><D113/><U65/><E65/><V118/><F34/><W96/><G70/><T15/><D3/><U12/><E42/><V76/><F76/><N who="3" m="29291" /><G0/><T40/><D72/><U87/><E87/><V37/><F37/><W86/><G124/><T67/><D132/><U91/><E91/><V39/><F39/><W61/><G61/><T75/><D75/><U121/><E121/><V52/><F118/><N who="0" m="45098" /><D103/><U2/><E2/><V105/><F105/><W127/><G127/><T68/><D25/><U4/><E100/><V17/><F17/><W13/><G86/><T94/><D15/><U7/><E95/><V101/><F101/><W117/><G81/><T69/><D94/><U51/><E51/><V93/><REACH who="2" step="1"/><F52/><REACH who="2" ten="250,250,240,250" step="2"/><W128/><G117/><T46/><D109/><U8/><E10/><V79/><F79/><W24/><G9/><T47/><D47/><AGARI ba="0,1" hai="4,7,8,12,16,18,23,26,47,48,53" m="44074" machi="47" ten="30,2000,0" yaku="11,1,54,1" doraHai="125" who="1" fromWho="0" sc="250,-20,250,30,240,0,250,0" /><INIT seed="1,0,0,5,2,66" ten="230,280,240,250" oya="1" hai0="117,51,87,86,82,2,47,53,103,104,81,21,15" hai1="121,6,99,135,29,14,71,85,11,125,74,108,77" hai2="4,50,95,114,123,126,94,93,70,113,76,25,72" hai3="9,96,64,122,23,130,39,91,60,20,12,55,110"/><U134/><E121/><V124/><F4/><W5/><G39/><T24/><D117/><U80/><E125/><N who="2" m="48235" /><F50/><W37/><G37/><T101/><D2/><U34/><E74/><V89/><F25/><W54/><G122/><T61/><D15/><U44/><E108/><V17/><F17/><W65/><G65/><T3/><D3/><U40/><E71/><V102/><F70/><W18/><G23/><T1/><D1/><U88/><E29/><V111/><F111/><W78/><G78/><N who="0" m="46391" /><D104/><U67/><E67/><V107/><F123/><W62/><G110/><T58/><D82/><U27/><E27/><V106/><F102/><W45/><G62/><T100/><D87/><U84/><E99/><V75/><F89/><W127/><G91/><T8/><D8/><U13/><E14/><V56/><F56/><W83/><G96/><T68/><D68/><U57/><E57/><V116/><F116/><W7/><G83/><T31/><D101/><U73/><E34/><V46/><F46/><W120/><G45/><T90/><D90/><U43/><E73/><N who="2" m="28235" /><F76/><W28/><G120/><T10/><D10/><U35/><E35/><V26/><F26/><N who="3" m="16455" /><G127/><T119/><D119/><U42/><REACH who="1" step="1"/><E44/><REACH who="1" ten="230,270,240,250" step="2"/><V16/><F16/><W79/><G18/><T129/><D47/><U38/><E38/><V69/><F69/><W30/><G64/><T133/><D58/><U22/><E22/><V92/><N who="2" m="23552" /><DORA hai="41" /><V63/><F63/><W115/><G60/><T59/><D61/><U0/><E0/><V131/><F131/><W33/><G130/><T132/><D129/><U109/><E109/><RYUUKYOKU ba="0,1" sc="230,10,270,10,240,10,250,-30" hai0="21,24,31,51,53,59,100,103,132,133" hai1="6,11,13,40,42,43,77,80,84,85,88,134,135" hai2="106,107,113,114" /><INIT seed="1,1,1,4,1,21" ten="240,280,250,220" oya="1" hai0="2,32,11,39,63,73,49,72,112,16,52,110,77" hai1="96,35,128,93,132,101,88,50,69,64,53,125,54" hai2="3,31,20,71,107,5,47,108,4,131,80,51,98" hai3="75,17,59,38,118,79,33,8,61,23,134,126,127"/><U44/><E35/><V114/><F71/><W78/><G134/><T135/><D112/><U74/><E74/><V84/><F3/><W56/><G33/><T13/><D39/><U90/><E132/><V82/><F107/><W92/><G38/><T29/><D135/><U15/><E128/><V106/><F106/><W105/><G105/><T116/><D116/><U91/><E125/><N who="3" m="47626" /><G8/><T60/><D110/><U100/><E101/><V14/><F108/><W10/><G10/><T41/><D2/><U81/><E81/><V65/><F82/><N who="3" m="45407" /><G79/><T45/><D77/><U120/><E120/><V1/><F1/><W104/><G104/><T27/><REACH who="0" step="1"/><D63/><REACH who="0" ten="230,280,250,220" step="2"/><U43/><REACH who="1" step="1"/><E15/><REACH who="1" ten="230,270,250,220" step="2"/><V22/><F14/><W57/><G118/><T99/><D99/><U9/><E9/><V25/><F98/><W97/><G97/><T113/><D113/><U48/><E48/><V86/><F51/><W95/><G61/><AGARI ba="1,3" hai="43,44,50,53,54,61,64,69,88,90,91,93,96,100" machi="61" ten="40,3900,0" yaku="1,1,54,1,53,0" doraHai="21" doraHaiUra="76" who="1" fromWho="3" sc="230,0,270,72,250,0,220,-42" /><INIT seed="1,2,0,0,1,122" ten="230,342,250,178" oya="1" hai0="126,125,42,135,127,62,97,3,114,46,102,69,119" hai1="95,109,66,6,79,44,56,67,9,106,31,54,86" hai2="38,51,43,2,39,60,83,73,128,103,18,14,88" hai3="76,35,118,19,116,70,37,29,121,131,59,1,81"/><U72/><E106/><V84/><F2/><W75/><G121/><T34/><D119/><U78/><E72/><V5/><F73/><W105/><G131/><T23/><D114/><U27/><E44/><V8/><F128/><W77/><G77/><T49/><D34/><U7/><E79/><V52/><F103/><W133/><G133/><T90/><D135/><U24/><E24/><V48/><F5/><W40/><G19/><T98/><D3/><U11/><E6/><V99/><F60/><W107/><G59/><T4/><D4/><U10/><E7/><V134/><F134/><W82/><G82/><T41/><D41/><U64/><E78/><V45/><F99/><W115/><G70/><T94/><D23/><U25/><E31/><V123/><F123/><W21/><G21/><T12/><D12/><U20/><E20/><V32/><F32/><W47/><G115/><T132/><D132/><U33/><E33/><V22/><F22/><W100/><G1/><T113/><D113/><U53/><E53/><V30/><F30/><W26/><REACH who="3" step="1"/><G100/><REACH who="3" ten="230,342,250,168" step="2"/><T61/><D69/><U87/><E27/><V58/><AGARI ba="2,1" hai="8,14,18,38,39,43,45,48,51,52,58,83,84,88" machi="58" ten="20,5200,0" yaku="0,1,7,1,54,2" doraHai="122" who="2" fromWho="2" sc="230,-15,342,-28,250,68,168,-15" /><INIT seed="2,0,0,3,5,76" ten="215,314,318,153" oya="2" hai0="111,1,42,123,94,113,50,64,20,84,23,130,107" hai1="70,77,79,80,30,27,54,78,2,83,124,57,119" hai2="128,106,100,133,9,7,96,12,127,115,89,28,11" hai3="19,38,49,6,88,46,10,13,62,61,41,43,122"/><V17/><F115/><W63/><G122/><T114/><D123/><U35/><E119/><V125/><F128/><W87/><G6/><T34/><D107/><U98/><E70/><V93/><F28/><W126/><G126/><N who="2" m="48137" /><F133/><W121/><G121/><T132/><D34/><U51/><E124/><V102/><F106/><W36/><REACH who="3" step="1"/><G43/><REACH who="3" ten="215,314,318,143" step="2"/><T21/><D114/><U55/><E2/><AGARI ba="0,1" hai="2,7,9,11,12,17,89,93,96,100,102" m="48137" machi="2" ten="30,1500,0" yaku="18,1" doraHai="76" who="2" fromWho="1" sc="215,0,314,-15,318,25,143,0" /><INIT seed="2,1,0,4,3,76" ten="215,299,343,143" oya="2" hai0="31,47,101,122,2,110,81,86,84,92,63,107,42" hai1="37,4,28,115,82,113,132,24,34,48,43,16,3" hai2="30,116,119,73,100,1,38,103,20,118,71,66,12" hai3="104,55,70,127,96,21,6,49,135,61,90,97,95"/><V79/><F1/><W64/><G127/><T131/><D122/><U7/><E132/><V114/><F38/><W15/><G135/><T26/><D2/><U111/><E111/><V52/><F114/><W22/><G6/><T33/><D110/><U77/><E48/><V133/><F66/><W93/><G15/><T59/><D131/><U102/><E4/><V123/><F71/><W0/><G104/><T83/><D107/><U18/><E102/><V10/><F123/><W117/><G117/><T74/><D74/><N who="1" m="43319" /><E115/><V45/><F30/><W89/><G0/><T14/><D14/><U88/><E88/><V46/><F20/><W91/><REACH who="3" step="1"/><G91/><REACH who="3" ten="215,299,343,133" step="2"/><T5/><D5/><U124/><E124/><V109/><F12/><W56/><AGARI ba="1,1" hai="21,22,49,55,56,61,64,70,89,90,93,95,96,97" machi="56" ten="20,12000,2" yaku="1,1,2,1,0,1,7,1,9,1,53,2" doraHai="76" doraHaiUra="87" who="3" fromWho="3" sc="215,-31,299,-31,343,-61,133,133" /><INIT seed="3,0,0,4,0,107" ten="184,268,282,266" oya="3" hai0="7,82,95,53,100,101,26,14,68,72,31,122,113" hai1="104,34,78,120,90,67,121,37,89,112,21,63,76" hai2="91,86,27,15,42,81,29,51,132,117,19,129,73" hai3="24,97,71,6,9,13,54,39,83,45,94,52,44"/><W99/><G71/><T118/><D122/><U28/><E34/><V11/><F117/><W65/><G65/><T5/><D118/><U41/><E104/><V0/><F0/><W105/><G83/><T96/><D113/><U119/><E112/><V66/><F73/><W92/><G105/><T36/><D68/><U20/><E119/><V38/><F38/><W111/><G111/><T103/><D36/><U125/><E37/><V62/><F51/><W110/><G24/><T23/><D53/><N who="3" m="20585" /><G110/><T75/><D82/><U98/><E67/><V49/><F62/><W135/><G135/><T130/><D130/><U126/><E63/><V102/><F66/><W3/><G3/><T48/><D48/><U35/><E35/><V40/><F49/><W85/><G85/><T32/><D5/><U127/><E98/><N who="3" m="37386" /><G39/><T74/><REACH who="0" step="1"/><D32/><REACH who="0" ten="174,268,282,266" step="2"/><U55/><E55/><V10/><F81/><W115/><G115/><T106/><D106/><U1/><E121/><V124/><F129/><W79/><G79/><T56/><D56/><U4/><E120/><V60/><F132/><W114/><G114/><T87/><D87/><U25/><E78/><V64/><F86/><W123/><G123/><T77/><D77/><U17/><E76/><V46/><F64/><W134/><G134/><T16/><D16/><U2/><E4/><V43/><F19/><W84/><G84/><T8/><AGARI ba="0,1" hai="7,8,14,23,26,31,72,74,75,95,96,100,101,103" machi="8" ten="40,8000,1" yaku="1,1,0,1,52,3,53,0" doraHai="107" doraHaiUra="128" who="0" fromWho="0" sc="174,90,268,-20,282,-20,266,-40" /><INIT seed="4,0,0,3,0,127" ten="264,248,262,226" oya="0" hai0="14,10,103,85,114,57,28,79,118,119,29,13,11" hai1="23,83,31,101,44,121,115,80,63,97,45,39,51" hai2="123,77,36,4,6,26,8,54,100,78,128,59,33" hai3="112,61,20,117,76,113,7,124,109,129,9,111,19"/><T81/><D114/><N who="3" m="44137" /><G76/><T5/><D103/><U65/><E115/><V131/><F36/><W34/><G61/><T69/><D69/><U87/><E121/><V21/><F100/><W71/><G71/><T94/><D57/><U18/><E31/><N who="2" m="17871" /><F33/><W116/><G34/><T106/><D106/><U2/><E2/><V125/><F123/><W41/><G41/><T99/><D119/><N who="3" m="45641" /><G129/><N who="2" m="49737" /><F125/><W70/><G70/><T67/><D67/><U35/><E65/><V38/><F38/><W12/><G124/><T48/><D48/><U56/><E51/><N who="2" m="31199" /><F4/><W134/><G134/><T98/><D118/><U110/><E35/><V37/><F37/><W96/><G96/><T120/><D99/><U133/><E97/><V102/><F102/><W132/><G132/><T130/><D120/><U53/><E101/><V1/><AGARI ba="0,0" hai="1,6,8,77,78" m="31199,49737,17871" machi="1" ten="30,7900,0" yaku="19,1,52,3" doraHai="127" who="2" fromWho="2" sc="264,-39,248,-20,262,79,226,-20" /><INIT seed="5,0,0,3,0,37" ten="225,228,341,206" oya="1" hai0="31,93,65,13,84,8,32,14,33,109,108,100,39" hai1="91,56,38,130,97,83,19,42,28,95,88,133,74" hai2="107,86,135,117,90,104,60,16,22,66,126,57,59" hai3="85,35,79,81,64,112,20,70,87,3,94,122,50"/><U72/><E28/><V120/><F126/><W114/><G35/><T102/><D39/><U53/><E133/><V134/><F120/><W73/><G3/><T116/><D65/><U68/><E68/><V44/><F57/><W45/><G122/><T21/><D84/><U115/><E115/><N who="3" m="44074" /><G20/><T47/><D47/><U15/><E130/><V61/><F61/><N who="3" m="40207" /><G94/><T12/><D102/><U67/><E67/><V17/><F17/><W9/><G9/><T118/><D100/><U36/><E36/><V54/><F107/><W4/><G4/><T63/><D63/><U127/><E127/><V18/><F104/><W76/><G76/><T2/><D93/><U34/><E34/><N who="0" m="13417" /><D31/><U99/><E99/><V24/><F86/><W101/><G101/><T121/><D121/><U27/><E91/><V30/><F90/><W128/><G128/><T92/><D92/><U119/><E74/><V125/><F125/><W26/><G26/><T124/><D21/><N who="1" m="13759" /><E72/><V105/><F105/><W106/><G106/><T80/><D80/><U0/><E83/><V89/><F89/><W96/><G96/><T69/><D69/><U55/><E97/><V7/><F30/><W41/><AGARI ba="0,0" hai="41,45,50,73,79,81,85,87" m="40207,44074" machi="41" ten="30,2000,0" yaku="15,1,52,1" doraHai="37" who="3" fromWho="3" sc="225,-5,228,-10,341,-5,206,20" /><INIT seed="6,0,0,5,1,129" ten="220,218,336,226" oya="2" hai0="18,32,54,77,87,75,53,49,36,114,113,47,112" hai1="40,0,98,102,78,37,101,39,109,130,42,83,95" hai2="25,89,97,108,111,29,73,90,66,107,81,45,31" hai3="5,131,126,116,79,117,27,80,52,61,121,48,64"/><V12/><F66/><W71/><G121/><T62/><D32/><U119/><E109/><V10/><F107/><W99/><G131/><T57/><D75/><U76/><E130/><V26/><F97/><W28/><G5/><T9/><D36/><U11/><E119/><V43/><F73/><W14/><G14/><N who="0" m="7503" /><D87/><U123/><E123/><V133/><F81/><W118/><G126/><T132/><D77/><U17/><E102/><V94/><F94/><W69/><G99/><T104/><D104/><U125/><E125/><V2/><F10/><W93/><G93/><T38/><D38/><U70/><E70/><V65/><F12/><W33/><G71/><T22/><D22/><U63/><E78/><V60/><F2/><W34/><G34/><T13/><D13/><U67/><E39/><V30/><F25/><W44/><REACH who="3" step="1"/><G118/><REACH who="3" ten="220,218,336,216" step="2"/><T120/><D120/><U15/><E0/><V85/><F108/><W100/><G100/><T1/><D1/><U8/><E8/><V124/><F111/><W86/><AGARI ba="0,1" hai="27,28,33,44,48,52,61,64,69,79,80,86,116,117" machi="86" ten="20,5200,0" yaku="1,1,0,1,7,1,54,1,53,0" doraHai="129" doraHaiUra="7" who="3" fromWho="3" sc="220,-13,218,-13,336,-26,216,62" /><INIT seed="7,0,0,0,2,129" ten="207,205,310,278" oya="3" hai0="94,70,66,116,6,59,61,93,46,38,112,43,87" hai1="1,99,48,5,103,21,132,76,42,71,107,26,3" hai2="80,130,92,64,79,56,41,96,52,19,135,35,39" hai3="65,37,15,90,104,33,77,16,119,14,2,8,81"/><W121/><G2/><T97/><D116/><U54/><E71/><V114/><F35/><W57/><G104/><T10/><D112/><U36/><E36/><V0/><F0/><W74/><G33/><T128/><D128/><U12/><E42/><V40/><F64/><W105/><G105/><T47/><D47/><U17/><E76/><V7/><F7/><W83/><G121/><T11/><D70/><U109/><E109/><V23/><F80/><W29/><G29/><T117/><D117/><U89/><E132/><V4/><F79/><W24/><G37/><T100/><D6/><U51/><E51/><V27/><F4/><W88/><G24/><T72/><D72/><U123/><E123/><V53/><F135/><W28/><G28/><T62/><D61/><U73/><E73/><V34/><F34/><W106/><G106/><T102/><D87/><U124/><E124/><V84/><F84/><W25/><G25/><T95/><D95/><U134/><E134/><V108/><F114/><W91/><G119/><T44/><D44/><U98/><E98/><AGARI ba="0,0" hai="10,11,38,43,46,59,62,66,93,94,97,98,100,102" machi="98" ten="40,1300,0" yaku="9,1" doraHai="129" who="0" fromWho="1" sc="207,13,205,-13,310,0,278,0" owari="220,-18.0,192,-31.0,310,41.0,278,8.0" /></mjloggm>