<mjloggm ver="2.3"><GO type="97" lobby="0"/><UN n0="%61%74%6F%72%6E%65" n1="%E3%83%88%E3%83%88%E3%83%AA%E5%85%88%E7%94%9F%31%39%E6%AD%B3" n2="%4D%41%4E%41%42%55" n3="%E8%A7%A3%E8%84%B1" dan="14,15,13,15" rate="1991.26,2026.39,1876.29,1946.51" sx="M,F,M,F"/><TAIKYOKU oya="0"/><INIT seed="0,0,0,4,2,16" ten="250,250,250,250" oya="0" hai0="49,102,78,110,66,93,135,104,38,32,8,43,19" hai1="10,56,21,77,40,130,125,14,46,57,35,18,61" hai2="26,24,13,79,36,99,47,120,86,15,6,122,29" hai3="83,54,129,34,124,67,113,39,58,28,69,37,108"/><T95/><D32/><U119/><E119/><V73/><F99/><W114/><G28/><T75/><D38/><U62/><E35/><V76/><F86/><W126/><G34/><T59/><D135/><U0/><E130/><V115/><F36/><N who="3" m="13899" /><G83/><T20/><D8/><U121/><E121/><V33/><F47/><W103/><G103/><T12/><D75/><U91/><E125/><N who="3" m="48234" /><G108/><T5/><D5/><U51/><E77/><V92/><F92/><W30/><G30/><T31/><D78/><U81/><E0/><V68/><F68/><W97/><G97/><T94/><D110/><U90/><E81/><V88/><F6/><W112/><G129/><T27/><D104/><U22/><E91/><V64/><F64/><W131/><G131/><T101/><D66/><N who="1" m="39207" /><E90/><V23/><F88/><W7/><G7/><T87/><D87/><U85/><E85/><V111/><F111/><W134/><G134/><T89/><D89/><U123/><E123/><V106/><F106/><W50/><G67/><AGARI ba="0,0" hai="10,14,18,21,22,40,46,51,57,62,67" m="39207" machi="67" ten="30,3900,0" yaku="8,1,52,2" doraHai="16" who="1" fromWho="3" sc="250,0,250,39,250,0,250,-39" /><INIT seed="1,0,0,0,3,78" ten="250,289,250,211" oya="1" hai0="42,44,19,112,58,34,45,26,124,6,59,87,103" hai1="61,46,85,110,30,64,65,107,31,83,100,0,40" hai2="121,105,37,62,117,134,79,113,108,86,52,116,133" hai3="70,24,43,109,47,50,131,38,12,2,33,114,51"/><U99/><E0/><V56/><F105/><W8/><G114/><T77/><D124/><U81/><E110/><V75/><F86/><W72/><G72/><T74/><D74/><U55/><E55/><V69/><F79/><W93/><G2/><T13/><D103/><U53/><E53/><V82/><F75/><W39/><G70/><T63/><D34/><U104/><E104/><V66/><F113/><W76/><G76/><T32/><D32/><U98/><E98/><V92/><F92/><W125/><G125/><T7/><D26/><U119/><E119/><N who="2" m="45643" /><F82/><W127/><G127/><T122/><D122/><U49/><E65/><V23/><F23/><W130/><G109/><T126/><D126/><U11/><E11/><V128/><F108/><W80/><G38/><T27/><D27/><U41/><E41/><V10/><F10/><W95/><G80/><T88/><D77/><U3/><E3/><V135/><F121/><W118/><G118/><T91/><D91/><U123/><E123/><V94/><F94/><W36/><G36/><T120/><D120/><U35/><E85/><V18/><F18/><N who="3" m="8455" /><G93/><T115/><D115/><U1/><E1/><V68/><F37/><W48/><G95/><N who="0" m="54687" /><D42/><U4/><E31/><V57/><F128/><N who="3" m="49195" /><G33/><T16/><D63/><AGARI ba="0,0" hai="52,56,57,62,63,66,68,69,133,134,135" m="45643" machi="63" ten="40,8000,1" yaku="20,1,34,2,54,1" doraHai="78" who="2" fromWho="0" sc="250,-80,289,0,250,80,211,0" /><INIT seed="2,0,0,0,4,29" ten="170,289,330,211" oya="2" hai0="21,127,64,72,82,50,123,35,81,26,131,126,9" hai1="104,130,49,93,60,89,39,84,122,109,32,79,95" hai2="20,96,18,134,70,107,13,12,86,43,106,31,67" hai3="40,36,54,3,7,117,115,133,94,24,44,97,105"/><V88/><F43/><W87/><G117/><T14/><D64/><U5/><E39/><V4/><F134/><W48/><G133/><T74/><D123/><U19/><E104/><V128/><F128/><W10/><G115/><T125/><D131/><U113/><E113/><V56/><F70/><W16/><G105/><T71/><D71/><U110/><E130/><V17/><F4/><W61/><G87/><T108/><D50/><U53/><E122/><V41/><F41/><W34/><G61/><T59/><D59/><U28/><E60/><V118/><F118/><W103/><G16/><N who="0" m="8271" /><D108/><N who="1" m="41579" /><E5/><V1/><F1/><W85/><G85/><T25/><D25/><N who="1" m="18447" /><E19/><V37/><F37/><W73/><G73/><N who="0" m="28267" /><D21/><U78/><E95/><V46/><F31/><AGARI ba="0,0" hai="26,31,35,81,82,125,126,127" m="28267,8271" machi="31" ten="40,5200,0" yaku="18,1,52,1,54,1" doraHai="29" who="0" fromWho="2" sc="170,52,289,0,330,-52,211,0" /><INIT seed="3,0,0,5,5,127" ten="222,289,278,211" oya="3" hai0="69,63,110,71,128,70,97,102,125,112,83,52,57" hai1="33,64,131,89,65,15,51,18,126,6,123,84,44" hai2="43,40,111,85,93,103,25,129,36,120,107,92,10" hai3="115,113,118,23,22,75,95,121,62,5,60,17,46"/><W9/><G75/><T4/><D125/><U3/><E126/><V79/><F111/><W19/><G118/><T67/><D110/><U28/><E123/><V49/><F120/><W58/><G121/><T1/><D112/><U2/><E131/><V35/><F36/><W38/><G113/><T91/><D1/><U20/><E28/><V88/><F107/><W87/><G115/><T0/><D128/><U119/><E33/><V101/><F129/><W37/><G95/><T32/><D32/><U104/><E104/><V50/><F35/><W96/><G96/><T117/><D117/><U34/><E34/><V26/><F79/><W124/><G124/><T54/><D4/><U100/><E100/><V29/><F29/><W133/><G87/><T134/><D134/><U114/><E119/><V55/><F10/><W27/><G133/><T80/><D0/><U105/><E105/><V109/><F109/><W42/><G37/><T94/><REACH who="0" step="1"/><D91/><REACH who="0" ten="212,289,278,211" step="2"/><U86/><E3/><V8/><F88/><W122/><G122/><T45/><D45/><U73/><E6/><V106/><F106/><W116/><G116/><T12/><D12/><U14/><E14/><V135/><F135/><W16/><G5/><T61/><D61/><U21/><E2/><V47/><F47/><W108/><G108/><T66/><D66/><N who="1" m="25707" /><E89/><V132/><F132/><W30/><G62/><T130/><D130/><U39/><E114/><V99/><F103/><W68/><G60/><T56/><D56/><U90/><E90/><V72/><F101/><W31/><G58/><T81/><AGARI ba="0,1" hai="52,54,57,63,67,69,70,71,80,81,83,94,97,102" machi="81" ten="40,8000,1" yaku="1,1,0,1,54,1,53,2" doraHai="127" doraHaiUra="48" who="0" fromWho="0" sc="212,90,289,-20,278,-20,211,-40" owari="302,40.0,269,7.0,258,-14.0,171,-33.0" /></mjloggm>