<mjloggm ver="2.3"><GO type="169" lobby="0"/><UN n0="%E6%96%A7%E4%B9%83%E6%9C%A8%E4%BD%99%E6%8E%A5" n1="%E3%83%88%E3%83%88%E3%83%AA%E5%85%88%E7%94%9F%31%39%E6%AD%B3" n2="%E3%81%B5%E3%81%81%E3%81%84%E3%81%A1%E3%82%83%E3%82%80%E2%98%85" n3="%E7%B6%BE%E9%A6%99" dan="16,17,16,16" rate="2111.28,2166.85,2102.92,2118.60" sx="F,F,M,F"/><TAIKYOKU oya="0"/><INIT seed="0,0,0,2,0,67" ten="250,250,250,250" oya="0" hai0="27,106,34,54,18,25,71,21,8,2,22,113,20" hai1="61,132,48,46,102,94,110,50,135,16,89,112,85" hai2="19,92,47,64,62,26,72,32,80,86,42,122,87" hai3="70,133,49,23,83,7,95,28,38,105,116,44,4"/><T39/><D106/><U117/><E117/><V88/><F122/><W29/><G105/><T30/><D39/><U124/><E110/><V73/><F19/><W101/><G38/><T91/><D71/><U36/><E124/><V35/><F26/><W90/><G116/><T129/><D54/><U56/><E112/><V1/><F1/><W119/><G119/><T82/><D113/><U52/><E102/><V74/><F47/><W128/><G128/><T134/><D129/><U115/><E115/><V121/><F42/><W78/><G101/><T81/><D134/><N who="1" m="51243" /><E36/><V14/><F14/><W40/><G133/><T107/><D107/><U6/><E6/><V103/><F103/><W37/><G37/><T51/><D51/><N who="1" m="30751" /><E46/><V11/><F11/><W68/><G4/><N who="0" m="1047" /><D91/><U53/><E53/><V3/><F3/><W96/><G7/><T33/><D82/><U66/><E16/><V104/><F104/><W130/><G130/><T109/><D81/><U108/><E108/><V57/><REACH who="2" step="1"/><F121/><REACH who="2" ten="250,250,240,250" step="2"/><W93/><G28/><N who="0" m="19615" /><D109/><U24/><E24/><AGARI ba="0,1" hai="18,20,21,22,24,25,30,34" m="19615,1047" machi="24" ten="30,12000,1" yaku="35,5" doraHai="67" who="0" fromWho="1" sc="250,130,250,-120,240,0,250,0" /><INIT seed="0,1,0,4,1,30" ten="380,130,240,250" oya="0" hai0="116,66,99,0,110,88,39,73,130,58,105,15,53" hai1="102,4,121,81,84,118,122,29,90,7,12,93,87" hai2="16,134,55,22,13,111,91,86,70,18,10,1,71" hai3="11,38,101,61,131,50,21,128,51,52,95,44,35"/><T23/><D0/><U57/><E118/><V83/><F111/><W25/><G38/><T117/><D39/><U82/><E102/><V46/><F134/><W59/><G11/><T72/><D110/><U103/><E103/><V68/><F1/><W41/><G35/><T104/><D66/><U78/><E93/><V9/><F46/><W97/><REACH who="3" step="1"/><G61/><REACH who="3" ten="380,130,240,240" step="2"/><T56/><D117/><U28/><E121/><V6/><F9/><W126/><G126/><T135/><D116/><U63/><E122/><V8/><F8/><W47/><G47/><T109/><D109/><U34/><E12/><V98/><F22/><W127/><G127/><T54/><D23/><U5/><REACH who="1" step="1"/><E34/><REACH who="1" ten="380,120,240,240" step="2"/><V100/><REACH who="2" step="1"/><F55/><AGARI ba="1,2" hai="4,5,7,28,29,55,57,63,78,81,82,84,87,90" machi="55" ten="40,5200,0" yaku="1,1,2,1,8,1,53,0" doraHai="30" doraHaiUra="108" who="1" fromWho="2" sc="380,0,120,75,240,-55,240,0" /><INIT seed="1,0,0,3,2,53" ten="380,195,185,240" oya="1" hai0="66,93,87,135,90,19,117,68,128,125,132,37,98" hai1="69,44,4,2,79,111,127,75,119,78,57,28,133" hai2="29,97,18,83,94,63,7,12,38,23,112,81,26" hai3="72,70,45,10,5,102,22,95,89,42,15,48,0"/><U130/><E119/><V27/><F38/><W49/><G70/><T134/><D117/><U55/><E69/><V76/><F112/><W43/><G72/><T101/><D37/><U92/><E130/><V24/><F7/><W50/><G102/><T21/><D128/><U88/><E133/><V62/><F81/><W39/><G43/><T103/><D125/><U73/><E127/><V114/><F114/><W30/><G30/><T116/><D116/><U105/><E105/><V56/><F63/><W129/><G129/><T71/><D66/><U100/><E100/><N who="0" m="38473" /><D98/><U120/><E120/><V33/><F94/><W59/><G22/><T14/><AGARI ba="0,0" hai="14,19,21,68,71,87,90,93,132,134,135" m="38473" machi="14" ten="40,1500,0" yaku="20,1" doraHai="53" who="0" fromWho="0" sc="380,15,195,-7,185,-4,240,-4" /><INIT seed="2,0,0,3,1,87" ten="395,188,181,236" oya="2" hai0="124,63,7,42,10,3,56,15,5,116,97,106,133" hai1="24,46,95,104,31,98,75,105,83,49,96,43,102" hai2="51,47,18,27,60,94,100,21,20,30,45,38,57" hai3="35,109,12,23,14,91,55,16,103,61,52,71,32"/><V110/><F110/><W66/><G109/><T68/><D68/><U113/><E113/><V41/><F100/><W58/><G103/><T90/><D133/><U48/><E98/><V81/><F81/><W130/><G130/><T13/><D124/><U34/><E75/><V28/><F94/><W82/><G12/><T132/><D132/><U8/><E83/><V74/><F74/><W123/><G123/><T11/><D42/><U120/><E120/><V111/><F111/><W59/><G71/><T6/><D116/><U114/><E114/><V112/><F112/><W65/><G32/><T84/><D3/><U89/><E102/><V39/><F21/><W37/><G37/><T128/><D128/><U125/><E125/><V40/><REACH who="2" step="1"/><F51/><REACH who="2" ten="395,188,171,236" step="2"/><N who="3" m="31007" /><G35/><T26/><D106/><U108/><E108/><V17/><F17/><W19/><G19/><T70/><D5/><U118/><E118/><V73/><F73/><W88/><G82/><T135/><D135/><U44/><REACH who="1" step="1"/><E8/><REACH who="1" ten="395,178,171,236" step="2"/><V93/><F93/><W62/><G62/><T29/><D63/><U25/><E25/><V119/><F119/><W86/><G86/><T99/><D26/><U53/><AGARI ba="0,2" hai="24,31,34,43,44,46,48,49,53,89,95,96,104,105" machi="53" ten="20,5200,0" yaku="1,1,0,1,7,1,52,1,53,0" doraHai="87" doraHaiUra="122" who="1" fromWho="1" sc="395,-13,178,72,171,-26,236,-13" /><INIT seed="3,0,0,4,4,28" ten="382,250,145,223" oya="3" hai0="112,131,14,98,56,74,95,59,32,127,63,65,60" hai1="122,21,46,116,57,125,35,30,105,126,48,99,22" hai2="53,55,3,108,79,8,111,61,12,73,88,94,124" hai3="58,119,82,110,33,87,13,84,18,130,52,49,69"/><W115/><G69/><T77/><D131/><U104/><E122/><V20/><F3/><W72/><G119/><T31/><D127/><N who="1" m="48651" /><E57/><V40/><F124/><W7/><G130/><T6/><D77/><U37/><E37/><V118/><F118/><W106/><G106/><N who="1" m="41066" /><E99/><V64/><F40/><W92/><G115/><T90/><D74/><U120/><E120/><V129/><F129/><W80/><G72/><T25/><D112/><U86/><E86/><V27/><F79/><W43/><G7/><T70/><D63/><U0/><E0/><V66/><F73/><W47/><G110/><T78/><D78/><U2/><E2/><V133/><F133/><W128/><G128/><T15/><D6/><U41/><E116/><V45/><F111/><W19/><G87/><T54/><D70/><U121/><E121/><V93/><F108/><W51/><G18/><T4/><D4/><U107/><E107/><V89/><F45/><W5/><G5/><T50/><AGARI ba="0,0" hai="14,15,25,31,32,50,54,56,59,60,65,90,95,98" machi="50" ten="20,2700,0" yaku="0,1,7,1,52,1" doraHai="28" who="0" fromWho="0" sc="382,27,250,-7,145,-7,223,-13" /><INIT seed="4,0,0,2,1,134" ten="409,243,138,210" oya="0" hai0="98,86,20,130,2,56,15,58,82,111,120,133,121" hai1="22,114,123,102,34,3,119,0,37,68,42,74,45" hai2="65,71,44,9,23,89,21,28,116,118,112,135,83" hai3="46,35,117,127,49,59,47,131,128,103,4,81,69"/><T31/><D2/><N who="1" m="555" /><E22/><N who="2" m="8203" /><F71/><W60/><G117/><N who="2" m="45161" /><F65/><W53/><G35/><T62/><D98/><U18/><E18/><V110/><F28/><W94/><G81/><T99/><D99/><U66/><E119/><V88/><F110/><W32/><G4/><T67/><D82/><U104/><E123/><V38/><F135/><W5/><G5/><T51/><D111/><U107/><E102/><V17/><F112/><W30/><G30/><T92/><D31/><U108/><E108/><V25/><F83/><W12/><G32/><T6/><D20/><U76/><E114/><V105/><F105/><N who="1" m="40521" /><E76/><V97/><F97/><W24/><G103/><T70/><D133/><U90/><E90/><N who="2" m="34923" /><F9/><W75/><G69/><T132/><D70/><U13/><E34/><V73/><F73/><W33/><G75/><T8/><D8/><U115/><E115/><V19/><F25/><W85/><G24/><T61/><D132/><U57/><E74/><V101/><F101/><W80/><G33/><T96/><D96/><U43/><E66/><V10/><F10/><W64/><G80/><T91/><D67/><U125/><E68/><V52/><F38/><W50/><G64/><T55/><D120/><U26/><E26/><V122/><F122/><W84/><G47/><T7/><D121/><U124/><E45/><V109/><F109/><W63/><G46/><T39/><D39/><U29/><E37/><V16/><F44/><W113/><G113/><T41/><D91/><U106/><E29/><V100/><F100/><W77/><G77/><T78/><D78/><U14/><E106/><V79/><F79/><RYUUKYOKU ba="0,0" sc="409,-10,243,-10,138,30,210,-10" hai2="16,17,19,52" /><INIT seed="5,1,0,1,3,74" ten="399,233,168,200" oya="1" hai0="78,12,53,86,13,22,43,36,108,102,21,106,88" hai1="126,116,27,122,29,33,117,68,28,23,95,64,8" hai2="2,10,66,44,40,118,65,47,91,55,61,97,132" hai3="83,100,14,89,128,85,18,96,26,17,48,71,120"/><U73/><E122/><V56/><F118/><W92/><G71/><T45/><D102/><U84/><E73/><V82/><F2/><W90/><G120/><T11/><D106/><U98/><E126/><V104/><F132/><W93/><G128/><T121/><D108/><U75/><E75/><V37/><F104/><W80/><G48/><T15/><D11/><U129/><E129/><V135/><F10/><N who="3" m="6359" /><G89/><T123/><D123/><U19/><E84/><V20/><F20/><AGARI ba="1,0" hai="18,20,26,80,83,85,90,92,93,96,100" m="6359" machi="20" ten="30,1000,0" yaku="8,1" doraHai="74" who="3" fromWho="2" sc="399,0,233,0,168,-13,200,13" /><INIT seed="6,0,0,2,5,122" ten="399,233,155,213" oya="2" hai0="72,9,127,52,128,124,3,75,67,19,7,58,30" hai1="55,74,5,101,6,1,102,27,21,133,0,76,89" hai2="62,125,108,120,123,135,37,53,88,71,99,115,114" hai3="87,61,80,8,29,39,60,132,51,36,119,93,32"/><V54/><F125/><N who="0" m="48202" /><D128/><U77/><E133/><V44/><F135/><W23/><G132/><T90/><D30/><U41/><E41/><N who="2" m="22575" /><F88/><W28/><G119/><T35/><D67/><U25/><E89/><V15/><F15/><W11/><G32/><T57/><D57/><U131/><E131/><V10/><F10/><W98/><G39/><T111/><D35/><U96/><E21/><V42/><F42/><W117/><G36/><T116/><D19/><U18/><E18/><V13/><F13/><W130/><G130/><T69/><D69/><U92/><E92/><V47/><F99/><W48/><G117/><T91/><D91/><U49/><E96/><V14/><F14/><W134/><G134/><T50/><D90/><U110/><E49/><N who="3" m="19018" /><G8/><T68/><D68/><U56/><E56/><N who="2" m="35087" /><F71/><W12/><G23/><T112/><D116/><U43/><E43/><V20/><F20/><W97/><G28/><T46/><D9/><U109/><E55/><V63/><F47/><W4/><G29/><T16/><D46/><U129/><E129/><V104/><F104/><W86/><G97/><T65/><D3/><U121/><E121/><N who="2" m="46667" /><F108/><W95/><G95/><T24/><D111/><U40/><E40/><V45/><F45/><W33/><G33/><T103/><D103/><U73/><AGARI ba="0,0" hai="0,1,5,6,25,27,73,74,76,77,101,102,109,110" machi="73" ten="25,8000,1" yaku="0,1,22,2,52,2" doraHai="122" who="1" fromWho="1" sc="399,-20,233,80,155,-40,213,-20" /><INIT seed="7,0,0,1,3,93" ten="379,313,115,193" oya="3" hai0="18,41,107,47,111,74,60,84,38,6,52,53,67" hai1="71,46,25,91,29,101,80,7,103,78,0,120,135" hai2="87,14,15,95,119,66,45,118,72,64,134,117,33" hai3="43,65,85,97,3,108,58,94,125,129,4,131,110"/><W24/><G43/><T8/><D107/><U130/><E120/><V36/><F33/><W112/><G112/><T55/><D111/><N who="3" m="42537" /><G24/><T34/><D34/><U132/><E71/><V98/><F72/><W82/><G3/><T57/><D74/><U114/><E114/><V59/><F134/><N who="1" m="51241" /><E130/><N who="3" m="49674" /><G4/><T128/><D128/><U99/><E46/><V69/><F69/><W102/><G65/><T61/><D18/><U44/><E44/><V22/><F87/><W31/><G31/><T104/><D84/><N who="1" m="48151" /><E7/><V77/><F77/><N who="3" m="46287" /><G58/><T9/><D6/><U96/><E0/><V42/><F59/><W89/><G125/><T92/><D57/><U10/><E10/><V16/><REACH who="2" step="1"/><F15/><REACH who="2" ten="379,313,105,193" step="2"/><W122/><G122/><T37/><D61/><U81/><E25/><V83/><F83/><W75/><G75/><T1/><D60/><U40/><E29/><V70/><F70/><W121/><G121/><T20/><D1/><U50/><E40/><V115/><F115/><W21/><G21/><T88/><D20/><U127/><E127/><V12/><F12/><W133/><G133/><T79/><D41/><U86/><E50/><V54/><F54/><W100/><AGARI ba="0,1" hai="89,94,97,100,102" m="46287,49674,42537" machi="100" ten="40,12000,1" yaku="10,1,19,1,34,2,52,1" doraHai="93" who="3" fromWho="3" sc="379,-40,313,-40,105,-40,193,130" /><INIT seed="7,1,0,3,4,104" ten="339,273,65,323" oya="3" hai0="50,51,73,68,120,10,58,105,86,115,13,78,37" hai1="3,85,123,112,90,26,33,96,47,1,74,12,83" hai2="129,64,43,4,34,87,56,22,89,41,114,49,103" hai3="38,125,101,59,21,36,108,69,124,57,45,97,32"/><W25/><G32/><T111/><D73/><U66/><E123/><V91/><F34/><W76/><G69/><T118/><D37/><N who="3" m="14441" /><G76/><T102/><D68/><U29/><E112/><V72/><F4/><W134/><G45/><T75/><D75/><U116/><E116/><V53/><F72/><W18/><G108/><T94/><D105/><U8/><E66/><V60/><F114/><W65/><G65/><T44/><D115/><U11/><E47/><V106/><F106/><N who="3" m="63791" /><G134/><T100/><D111/><U19/><E96/><V133/><F133/><W70/><G70/><T27/><D27/><U79/><REACH who="1" step="1"/><E11/><REACH who="1" ten="339,263,65,323" step="2"/><V28/><F103/><W128/><G128/><T54/><D10/><U95/><AGARI ba="1,1" hai="1,3,8,12,19,26,29,33,74,79,83,85,90,95" machi="95" ten="20,12000,2" yaku="1,1,2,1,0,1,7,1,52,1,53,1" doraHai="104" doraHaiUra="30" who="1" fromWho="1" sc="339,-31,263,133,65,-31,323,-61" owari="308,11.0,396,50.0,34,-47.0,262,-14.0" /></mjloggm>