<mjloggm ver="2.3"><GO type="97" lobby="0"/><UN n0="%E7%8A%AC%E5%B4%8E%E5%88%9D%E9%9F%B3" n1="%E5%A6%B9%E5%A6%B9%40%E6%9D%8F%E6%9D%8F%E8%BB%8D%E5%9C%98" n2="%E3%83%88%E3%83%88%E3%83%AA%E5%85%88%E7%94%9F%31%39%E6%AD%B3" n3="%6D%75%6B%65%6D%69%6E%67" dan="13,14,14,13" rate="1863.80,1972.47,2045.66,1899.62" sx="M,F,F,M"/><TAIKYOKU oya="0"/><INIT seed="0,0,0,4,0,80" ten="250,250,250,250" oya="0" hai0="95,26,43,120,99,132,63,103,104,102,18,96,87" hai1="22,40,115,97,13,10,109,6,67,58,131,89,19" hai2="73,35,82,107,61,100,46,111,94,126,23,30,79" hai3="81,122,110,134,64,60,15,14,98,1,88,125,47"/><T32/><D120/><U69/><E69/><V29/><F35/><W117/><G117/><T85/><D43/><U84/><E109/><V17/><F111/><W128/><G110/><T12/><D132/><U119/><E119/><V116/><F116/><W44/><G1/><T130/><D130/><U2/><E131/><V9/><F107/><W127/><G128/><T123/><D123/><U106/><E40/><V55/><F126/><N who="3" m="48139" /><G134/><T3/><D3/><U24/><E115/><V33/><F33/><W118/><G122/><T51/><D51/><U39/><E39/><V66/><F9/><W41/><G118/><T78/><D78/><U83/><E2/><V129/><F129/><W68/><G47/><T59/><D26/><U31/><E106/><V42/><F55/><W7/><G7/><T65/><D32/><U0/><E97/><V112/><F94/><N who="3" m="56647" /><G81/><T28/><D28/><U11/><E67/><V70/><F100/><W133/><G133/><T91/><D91/><U36/><E36/><AGARI ba="0,0" hai="14,15,36,41,44,60,64,68" m="56647,48139" machi="36" ten="30,2000,0" yaku="18,1,54,1" doraHai="80" who="3" fromWho="1" sc="250,0,250,-20,250,0,250,20" /><INIT seed="1,0,0,4,1,3" ten="250,230,250,270" oya="1" hai0="4,103,42,98,40,60,21,29,126,23,124,46,16" hai1="135,70,100,31,86,47,55,28,82,96,10,12,43" hai2="6,66,85,106,109,105,54,77,110,44,123,73,116" hai3="37,19,64,108,102,127,65,30,2,120,129,125,51"/><U36/><E135/><V122/><F66/><W128/><G120/><N who="2" m="46121" /><F54/><W20/><G30/><T34/><D34/><U24/><E70/><V99/><F44/><W118/><G37/><T101/><D60/><U32/><E55/><V90/><F6/><W45/><G2/><T38/><D40/><U11/><E28/><V71/><F71/><W89/><G102/><T48/><D38/><U92/><REACH who="1" step="1"/><E12/><REACH who="1" ten="250,220,250,270" step="2"/><V80/><F116/><W69/><G69/><T78/><D126/><N who="3" m="48137" /><G118/><T131/><D124/><U111/><E111/><N who="2" m="42507" /><F99/><W13/><G108/><T56/><D131/><N who="3" m="50249" /><G89/><AGARI ba="0,1" hai="10,11,24,31,32,36,43,47,82,86,89,92,96,100" machi="89" ten="30,5800,0" yaku="1,1,7,1,53,1" doraHai="3" doraHaiUra="68" who="1" fromWho="3" sc="250,0,220,68,250,0,270,-58" /><INIT seed="1,1,0,2,4,121" ten="250,288,250,212" oya="1" hai0="31,26,64,0,68,25,106,99,19,23,93,128,8" hai1="55,61,33,129,9,4,12,110,81,56,2,101,17" hai2="57,75,24,90,27,104,127,65,38,49,35,52,22" hai3="44,39,115,29,83,11,105,124,86,51,70,18,135"/><U108/><E33/><V66/><F38/><W107/><G115/><T82/><D82/><U62/><E129/><V72/><F104/><W80/><G70/><T116/><D116/><U13/><E101/><V103/><F103/><W14/><G39/><T60/><D128/><U132/><E132/><V97/><F127/><W92/><G135/><T123/><D123/><U133/><E133/><V36/><F36/><W87/><G124/><T48/><D48/><N who="1" m="30823" /><E81/><V94/><F27/><W59/><G29/><T111/><D106/><U67/><E67/><V32/><F35/><W41/><G59/><T5/><D111/><N who="1" m="42539" /><E2/><V74/><REACH who="2" step="1"/><F32/><REACH who="2" ten="250,288,240,212" step="2"/><W30/><G107/><T47/><D26/><U96/><E96/><V3/><F3/><W54/><G105/><T73/><D99/><U117/><E117/><V109/><F109/><W69/><G30/><AGARI ba="1,1" hai="22,24,30,49,52,57,65,66,72,74,75,90,94,97" machi="30" ten="40,5200,0" yaku="1,1,54,1,53,1" doraHai="121" doraHaiUra="45" who="2" fromWho="3" sc="250,0,288,0,240,65,212,-55" /><INIT seed="2,0,0,4,1,10" ten="250,288,305,157" oya="2" hai0="75,55,41,34,122,51,107,73,70,79,91,132,124" hai1="99,45,71,57,58,126,4,48,105,113,106,102,109" hai2="7,88,5,78,13,23,69,53,52,111,77,22,121" hai3="68,116,110,101,25,43,82,11,131,8,30,74,94"/><V38/><F121/><W81/><G116/><T92/><D70/><U133/><E71/><V60/><F38/><W18/><G68/><T59/><D107/><U108/><E113/><V20/><F88/><W72/><G110/><N who="1" m="42602" /><E133/><V100/><F111/><W49/><G131/><T90/><D122/><U112/><E112/><V117/><F117/><W97/><G74/><T12/><D132/><U6/><E126/><V24/><F100/><W46/><G72/><T47/><D34/><U42/><E105/><V31/><F69/><W86/><G82/><T84/><D124/><U125/><E125/><V83/><F60/><W16/><G11/><T62/><D91/><U98/><E98/><V96/><F96/><W26/><G8/><T120/><D79/><N who="2" m="30218" /><F83/><W66/><G66/><T27/><D27/><N who="3" m="10249" /><G30/><T32/><D32/><U65/><E65/><V35/><F35/><W130/><G130/><T40/><D40/><U76/><E76/><AGARI ba="0,0" hai="16,18,43,46,49,76,81,86,94,97,101" m="10249" machi="76" ten="30,2000,0" yaku="8,1,54,1" doraHai="10" who="3" fromWho="1" sc="250,0,288,-20,305,0,157,20" /><INIT seed="3,0,0,0,0,2" ten="250,268,305,177" oya="3" hai0="9,36,52,25,122,56,69,103,64,72,6,78,128" hai1="59,119,114,126,38,125,48,115,26,99,124,121,23" hai2="18,83,74,30,53,19,93,17,134,31,22,91,109" hai3="101,130,10,14,8,41,84,29,20,43,131,37,49"/><W113/><G113/><N who="1" m="43018" /><E38/><V55/><F109/><W79/><G37/><T5/><D36/><U71/><E71/><V94/><F134/><W1/><G1/><T90/><D64/><U34/><E34/><V88/><F74/><W63/><G101/><T46/><D69/><U118/><E99/><N who="2" m="57767" /><F83/><N who="3" m="47231" /><G63/><T106/><D122/><U45/><E59/><V58/><F22/><W97/><G97/><T21/><D46/><U65/><E65/><V117/><F117/><N who="1" m="44553" /><E121/><V112/><F112/><W7/><G10/><T96/><D128/><N who="3" m="49193" /><G49/><T47/><D47/><U100/><E100/><V116/><F116/><W32/><G32/><T3/><D78/><U77/><E77/><V86/><F55/><W81/><G81/><T120/><D72/><U51/><E45/><V35/><F35/><W13/><G29/><AGARI ba="0,0" hai="23,26,29,48,51,124,125,126" m="44553,43018" machi="29" ten="40,2600,0" yaku="18,1,12,1" doraHai="2" who="1" fromWho="3" sc="250,0,268,26,305,0,177,-26" owari="250,-15.0,294,9.0,305,41.0,151,-35.0" /></mjloggm>