<mjloggm ver="2.3"><GO type="41" lobby="0"/><UN n0="%E5%A4%A7%E6%B4%97%E5%A5%B3%E5%AD%90%E7%94%9F%E5%BE%92%E4%BC%9A%E9%95%B7" n1="%63%4F%63%4F" n2="%E5%B0%B1%E6%B4%BB%E7%94%9F%40%E5%B7%9D%E6%9D%91%E8%BB%8D%E5%9B%A3" n3="%61%73%75%78%33" dan="13,13,17,14" rate="1835.76,2057.56,2124.07,1881.62" sx="F,M,M,M"/><TAIKYOKU oya="0"/><INIT seed="0,0,0,0,2,78" ten="250,250,250,250" oya="0" hai0="27,134,39,133,111,131,105,59,53,113,20,64,17" hai1="16,110,117,40,76,11,9,62,31,1,98,58,109" hai2="19,124,130,74,103,80,21,91,104,84,90,65,14" hai3="57,132,100,23,108,119,87,36,48,92,45,83,34"/><T56/><D105/><U15/><E117/><V116/><F116/><W70/><G34/><T12/><D39/><U128/><E128/><V10/><F124/><W118/><G70/><T88/><D113/><U95/><E40/><V129/><F74/><W60/><G36/><T44/><D131/><N who="2" m="50186" /><F65/><W33/><G33/><T50/><D111/><N who="1" m="42507" /><E31/><V61/><F61/><W69/><G69/><T29/><D64/><N who="1" m="38999" /><E76/><N who="2" m="46087" /><F10/><W96/><G108/><T67/><D67/><U6/><E95/><V94/><F104/><W26/><G132/><T49/><D134/><U37/><E37/><V93/><F93/><W120/><G120/><T75/><D133/><U18/><E98/><AGARI ba="0,0" hai="14,19,21,90,91,94,98,103" m="46087,50186" machi="98" ten="30,2000,0" yaku="19,1,52,1" doraHai="78" who="2" fromWho="1" sc="250,0,250,-20,250,20,250,0" /><INIT seed="1,0,0,2,3,106" ten="250,230,270,250" oya="1" hai0="58,62,70,42,121,49,59,76,91,2,75,35,40" hai1="31,15,7,100,93,25,39,96,46,18,36,73,1" hai2="50,101,43,92,0,34,86,19,133,26,88,27,115" hai3="126,87,28,55,122,66,117,78,63,54,74,105,110"/><U9/><E46/><N who="2" m="25951" /><F0/><W67/><G122/><T118/><D121/><U47/><E47/><V108/><F34/><W57/><G117/><T13/><D118/><U81/><E81/><V94/><F108/><W5/><G105/><T64/><D2/><U56/><E56/><V102/><F115/><W68/><G5/><T125/><D35/><U99/><E99/><N who="2" m="59623" /><F133/><W84/><G28/><T113/><D113/><U83/><E83/><N who="2" m="49247" /><F19/><W32/><G32/><T48/><D70/><U3/><E73/><V114/><F114/><W107/><G107/><T71/><D71/><U16/><E18/><V134/><F134/><W8/><G74/><T24/><D125/><U127/><E127/><V124/><F124/><W111/><G126/><T89/><D75/><U82/><E82/><V52/><F52/><W97/><G55/><T61/><D76/><U51/><E51/><V11/><F11/><W79/><G68/><T4/><D4/><U6/><E6/><V60/><F60/><W10/><G63/><T90/><D24/><U132/><E132/><V33/><F33/><W109/><G97/><AGARI ba="0,0" hai="26,27,94,97,102" m="49247,59623,25951" machi="97" ten="30,2000,0" yaku="8,1,54,1" doraHai="106" who="2" fromWho="3" sc="250,0,230,0,270,20,250,-20" /><INIT seed="2,0,0,1,2,43" ten="250,230,290,230" oya="2" hai0="109,34,118,44,82,13,84,110,19,89,33,126,130" hai1="14,37,45,52,135,55,16,117,8,51,81,58,66" hai2="75,113,77,129,6,10,38,24,28,36,122,53,127" hai3="100,87,105,72,61,49,112,62,116,93,57,35,115"/><V85/><F122/><W65/><G72/><T119/><D130/><U26/><E117/><N who="0" m="44553" /><D126/><U120/><E135/><V98/><F113/><N who="3" m="43595" /><G105/><T80/><D80/><U70/><E37/><V96/><F129/><W103/><G35/><T134/><D134/><U50/><E120/><V101/><F127/><W39/><G39/><T71/><D71/><U131/><E131/><V9/><F75/><W78/><G116/><T64/><D64/><U90/><E70/><V107/><F98/><W54/><G62/><T68/><D68/><U2/><E2/><V20/><F10/><W97/><G78/><T73/><D73/><U92/><E26/><V63/><F85/><W11/><G11/><N who="0" m="6591" /><D34/><U132/><E132/><V31/><F31/><W56/><G87/><T94/><D94/><U15/><E66/><V133/><F77/><W21/><G21/><T7/><D7/><N who="1" m="3359" /><E81/><V48/><F63/><W123/><G123/><T124/><D33/><U106/><E106/><V25/><F25/><W76/><G76/><T41/><D124/><U125/><E125/><V4/><F4/><W79/><G79/><T86/><D86/><U111/><E111/><V74/><F74/><W1/><G1/><T108/><D41/><U3/><E3/><V12/><REACH who="2" step="1"/><F133/><REACH who="2" ten="250,230,280,230" step="2"/><W88/><AGARI ba="0,1" hai="49,54,56,57,61,65,88,93,97,100,103" m="43595" machi="88" ten="30,2000,0" yaku="11,1,54,1" doraHai="43" who="3" fromWho="3" sc="250,-5,230,-5,280,-10,230,30" /><INIT seed="3,0,0,5,1,119" ten="245,225,270,260" oya="3" hai0="118,62,22,57,39,3,99,81,24,130,36,97,112" hai1="135,56,121,30,120,16,108,117,8,98,78,26,101" hai2="105,5,12,134,63,131,14,114,35,32,65,27,84" hai3="18,123,15,103,45,82,40,58,10,0,126,17,70"/><W4/><G70/><T6/><D118/><U125/><E117/><V102/><F114/><W79/><G126/><T106/><D106/><U89/><E125/><V86/><F131/><W33/><G33/><T9/><D130/><U124/><E124/><V28/><F134/><W75/><G123/><T113/><D81/><U110/><E135/><V92/><F35/><W68/><G68/><T93/><D99/><U71/><E71/><N who="2" m="42431" /><F5/><W69/><G69/><T23/><D23/><N who="1" m="15711" /><E89/><N who="2" m="53287" /><F86/><W88/><G103/><T59/><D59/><U49/><E78/><V67/><F67/><W7/><G58/><T44/><D44/><U31/><E31/><V73/><F73/><W25/><G25/><T127/><D127/><U20/><E8/><V51/><F51/><W87/><G7/><T55/><D113/><U11/><E11/><V47/><F47/><W83/><G15/><T54/><D54/><U46/><E56/><V104/><F104/><W66/><G66/><T96/><D96/><AGARI ba="0,0" hai="12,14,27,28,32,96,102,105" m="53287,42431" machi="96" ten="30,1000,0" yaku="25,1" doraHai="119" who="2" fromWho="0" sc="245,-10,225,0,270,10,260,0" /><INIT seed="4,0,0,3,2,42" ten="235,225,280,260" oya="0" hai0="2,7,52,57,28,13,88,132,85,30,50,113,8" hai1="76,46,31,29,102,108,54,21,9,19,127,0,115" hai2="72,106,67,99,65,94,10,109,89,92,129,110,35" hai3="40,1,75,105,126,16,62,26,112,64,81,128,14"/><T6/><D113/><U38/><E108/><V125/><F35/><W32/><G1/><T47/><D132/><U53/><E127/><V123/><F72/><W34/><G126/><T95/><D2/><U116/><E116/><V44/><F106/><W12/><G12/><T103/><D103/><U43/><E102/><V3/><F123/><W107/><G128/><T131/><D131/><U122/><E122/><V70/><F125/><W100/><G112/><T4/><D57/><U25/><E115/><V96/><F129/><W48/><G100/><T77/><D77/><U60/><E60/><V66/><F70/><W87/><G75/><T49/><D49/><U86/><E31/><AGARI ba="0,0" hai="4,6,7,8,13,28,30,31,47,50,52,85,88,95" machi="31" ten="40,12000,1" yaku="8,1,52,1,54,2" doraHai="42" who="0" fromWho="1" sc="235,120,225,-120,280,0,260,0" /><INIT seed="4,1,0,0,0,130" ten="355,105,280,260" oya="0" hai0="46,93,12,86,59,131,84,118,89,129,26,125,117" hai1="66,68,78,2,69,76,71,35,51,55,126,48,110" hai2="70,106,113,60,4,49,58,38,92,124,102,132,29" hai3="85,41,128,30,16,134,94,28,123,122,109,112,14"/><T97/><D26/><U100/><E2/><V17/><F38/><W65/><G65/><T43/><D12/><U10/><E10/><V7/><F106/><W121/><G109/><T79/><D59/><U44/><E110/><V72/><F72/><W47/><G128/><N who="0" m="49227" /><D125/><U87/><E126/><V99/><F29/><W9/><G112/><T105/><D105/><U42/><E35/><V36/><F36/><W11/><G11/><T15/><D15/><U54/><E100/><V33/><F33/><W24/><G24/><T135/><D46/><N who="1" m="25687" /><E87/><N who="0" m="33321" /><D43/><N who="1" m="24991" /><E78/><V63/><F70/><N who="1" m="27241" /><E76/><V96/><F7/><W1/><G1/><T127/><D79/><U22/><E22/><V18/><F4/><W56/><G30/><T45/><D127/><U74/><E74/><V98/><F18/><W91/><G28/><T75/><D75/><U120/><E120/><V23/><F17/><W61/><G121/><T81/><D81/><U0/><E0/><V95/><F23/><W67/><G123/><T20/><D20/><U90/><E90/><V40/><F102/><W13/><G13/><T32/><D32/><U77/><E77/><V21/><F124/><W104/><G104/><T5/><D5/><U108/><E108/><V88/><F21/><W82/><G82/><T3/><D3/><U39/><E39/><V50/><F88/><W103/><G103/><T64/><D118/><U119/><E119/><V111/><F111/><W37/><G122/><T53/><D117/><U80/><E80/><V52/><F95/><W34/><G34/><T83/><D83/><U31/><E31/><V57/><F92/><RYUUKYOKU ba="1,0" sc="355,-15,105,15,280,-15,260,15" hai1="54,55,66,71" hai3="9,14,16,37,41,47,56,61,67,85,91,94,134" /><INIT seed="5,2,0,5,5,42" ten="340,120,265,275" oya="1" hai0="99,100,104,8,26,34,102,85,9,127,65,36,84" hai1="39,21,83,46,0,88,113,28,16,73,67,101,37" hai2="78,3,80,15,131,74,129,58,133,96,7,90,92" hai3="103,22,94,17,18,59,118,60,24,4,123,47,95"/><U108/><E0/><V128/><F133/><W12/><G123/><T75/><D75/><U51/><E28/><V114/><F114/><W55/><G118/><T93/><D102/><U54/><E113/><V41/><F3/><W115/><G115/><T52/><D127/><U44/><E108/><V109/><F109/><W11/><G103/><T135/><D36/><U89/><E67/><V27/><F27/><W31/><G18/><T70/><D135/><U112/><E112/><V86/><F58/><W62/><G62/><T79/><D8/><U106/><E101/><N who="2" m="60551" /><F41/><W10/><REACH who="3" step="1"/><G47/><REACH who="3" ten="340,120,265,265" step="2"/><T19/><D19/><U91/><E106/><V29/><F29/><W14/><AGARI ba="2,1" hai="4,10,11,12,14,17,22,24,31,55,59,60,94,95" machi="14" ten="20,8000,1" yaku="1,1,2,1,0,1,7,1,8,1,53,0" doraHai="42" doraHaiUra="110" who="3" fromWho="3" sc="340,-22,120,-42,265,-22,265,96" /><INIT seed="6,0,0,2,2,86" ten="318,78,243,361" oya="2" hai0="127,15,35,4,125,14,113,49,3,70,116,85,106" hai1="133,55,129,27,33,63,75,56,92,73,23,21,74" hai2="72,47,64,46,82,78,84,107,104,61,71,40,89" hai3="45,103,67,118,79,18,9,94,135,97,28,134,122"/><V53/><F53/><W36/><G118/><T112/><D70/><U101/><E129/><V0/><F0/><W10/><G28/><T1/><D106/><U68/><E68/><V25/><F25/><W102/><G102/><T131/><D35/><U42/><E133/><V126/><F126/><N who="0" m="48138" /><D85/><U81/><E42/><V109/><F109/><W41/><G122/><T58/><D58/><U124/><E124/><V16/><F47/><W110/><G110/><T95/><D95/><U39/><E39/><V12/><F78/><W13/><G67/><T51/><D51/><U88/><E101/><V123/><F72/><W105/><G79/><T93/><D93/><U38/><E38/><V44/><F44/><W34/><G34/><T111/><D49/><U26/><E81/><V62/><F62/><W115/><G115/><N who="0" m="44107" /><D111/><U108/><E108/><V80/><F80/><W5/><G105/><T30/><D30/><U114/><E114/><V48/><REACH who="2" step="1"/><F123/><REACH who="2" ten="318,78,233,361" step="2"/><W2/><AGARI ba="0,1" hai="2,5,9,10,13,18,36,41,45,94,97,103,134,135" machi="2" ten="30,1100,0" yaku="0,1" doraHai="86" who="3" fromWho="3" sc="318,-3,78,-3,233,-5,361,21" /><INIT seed="7,0,0,2,1,57" ten="315,75,228,382" oya="3" hai0="33,59,104,85,120,70,115,66,40,32,116,9,133" hai1="3,74,72,69,28,102,95,73,25,82,77,76,54" hai2="113,7,106,38,122,78,48,87,81,127,63,4,19" hai3="14,17,22,36,109,83,121,34,112,89,16,45,90"/><W99/><G112/><T56/><D120/><U84/><E54/><V128/><F38/><W114/><G114/><T21/><D115/><U11/><E25/><V79/><F106/><W75/><G34/><T37/><D116/><U134/><E28/><V119/><F122/><W44/><G121/><T130/><D104/><U24/><E24/><V35/><F119/><W13/><G109/><T126/><D130/><U131/><E11/><V60/><F35/><W51/><G36/><T108/><D133/><U18/><E18/><V91/><F113/><W125/><G125/><T97/><D126/><U88/><E69/><V111/><F111/><W47/><G75/><T98/><D108/><U67/><E67/><V8/><F48/><W118/><G118/><T2/><D70/><U107/><E3/><V71/><F71/><W46/><G99/><T132/><D132/><U101/><E134/><V86/><F128/><W15/><G83/><T6/><D33/><U52/><E52/><V62/><F127/><W123/><G123/><T55/><D32/><U41/><E41/><V42/><F42/><N who="3" m="24983" /><G15/><T58/><D37/><U50/><E50/><V100/><F100/><N who="1" m="38505" /><E131/><V12/><F78/><N who="1" m="30313" /><E107/><V103/><F103/><W129/><G129/><T96/><D40/><U53/><E53/><V105/><F105/><W26/><G26/><T124/><D124/><U68/><E68/><V30/><F30/><W92/><G47/><T135/><D135/><U27/><E27/><V93/><AGARI ba="0,0" hai="4,7,8,12,19,60,62,63,79,81,86,87,91,93" machi="93" ten="30,8000,1" yaku="0,1,8,1,52,3" doraHai="57" who="2" fromWho="2" sc="315,-20,75,-20,228,80,382,-40" owari="295,-10.0,55,-44.0,308,11.0,342,43.0" /></mjloggm>