<mjloggm ver="2.3"><GO type="97" lobby="0"/><UN n0="%69%6B%61%75%73%74%61%6B" n1="%E5%B0%B1%E6%B4%BB%E7%94%9F%40%E5%B7%9D%E6%9D%91%E8%BB%8D%E5%9B%A3" n2="%E7%A7%8B%E3%80%82" n3="%E6%B3%A2%E7%91%A0" dan="13,15,13,13" rate="1847.26,2033.52,1905.07,1827.64" sx="M,M,M,M"/><TAIKYOKU oya="0"/><INIT seed="0,0,0,5,2,70" ten="250,250,250,250" oya="0" hai0="106,47,95,125,48,86,102,121,44,75,109,7,100" hai1="85,24,131,74,33,104,124,61,10,49,58,92,11" hai2="94,132,103,37,84,89,39,25,69,22,17,135,35" hai3="65,87,114,119,52,43,129,59,38,78,29,42,96"/><T30/><D121/><U127/><E104/><V134/><F69/><W68/><G119/><T108/><D75/><U56/><E74/><V19/><F35/><W126/><G114/><T97/><D125/><N who="1" m="48203" /><E131/><V62/><F62/><N who="3" m="39991" /><G126/><T110/><D7/><U67/><E49/><V18/><F103/><N who="0" m="39466" /><D30/><AGARI ba="0,0" hai="17,18,19,22,25,30,37,39,84,89,94,132,134,135" machi="30" ten="50,6400,0" yaku="20,1,52,2" doraHai="70" who="2" fromWho="0" sc="250,-64,250,0,250,64,250,0" /><INIT seed="1,0,0,1,3,85" ten="186,250,314,250" oya="1" hai0="93,56,9,86,43,45,73,110,13,68,15,52,46" hai1="92,36,79,80,72,88,104,97,113,102,132,2,133" hai2="60,24,55,77,98,115,28,87,65,89,58,1,70" hai3="61,38,23,64,134,116,37,6,47,63,33,4,99"/><U32/><E32/><V108/><F1/><W125/><G33/><T27/><D68/><U5/><E36/><V59/><F108/><W8/><G134/><N who="1" m="51818" /><E5/><V78/><F98/><W101/><G125/><T122/><D73/><U62/><E62/><V129/><F129/><W7/><G116/><T123/><D110/><U48/><E48/><V69/><F115/><W76/><G8/><T54/><D27/><U51/><E51/><V91/><F70/><W66/><G76/><T127/><D127/><U82/><E2/><V96/><F96/><W26/><G47/><N who="0" m="17931" /><D43/><U57/><E57/><V109/><F69/><W90/><G101/><T18/><D15/><U126/><E126/><V11/><F11/><W35/><G35/><T130/><D130/><U30/><E30/><V106/><F106/><W95/><G38/><T84/><D123/><U20/><E20/><V42/><F42/><W25/><G37/><T131/><D122/><U103/><E113/><V117/><F117/><W50/><G50/><N who="0" m="30743" /><D131/><U114/><E114/><V16/><F109/><W128/><G128/><T22/><D22/><U75/><E104/><V41/><F41/><W31/><G26/><T0/><D0/><U14/><E14/><V12/><F24/><W21/><G21/><T83/><D54/><U121/><E121/><V39/><F28/><W100/><G66/><T53/><D53/><U17/><E17/><V107/><F39/><W10/><G64/><T135/><D135/><U71/><E71/><V49/><F107/><N who="3" m="63903" /><G10/><T94/><D84/><N who="1" m="50183" /><E72/><V118/><F118/><W81/><G63/><T119/><D119/><RYUUKYOKU ba="0,0" sc="186,15,250,15,314,-15,250,-15" hai0="9,13,18,83,86,93,94" hai1="75,79,82,92,97,102,103" /><INIT seed="1,1,0,2,1,128" ten="201,265,299,235" oya="1" hai0="135,82,56,31,36,103,85,57,70,41,37,33,63" hai1="60,15,123,73,98,25,65,40,133,10,129,13,47" hai2="116,51,55,58,0,12,86,81,101,92,75,126,17" hai3="134,44,95,39,122,14,69,67,5,32,8,132,49"/><U108/><E73/><V130/><F116/><W94/><G122/><T115/><D115/><U76/><E123/><V68/><F0/><W89/><G32/><T21/><D135/><N who="3" m="51753" /><G39/><T96/><D33/><U107/><E129/><V29/><F75/><W121/><G121/><T1/><D1/><U131/><E131/><V106/><F130/><W9/><G9/><T113/><D70/><U90/><E133/><V48/><F106/><W118/><G118/><T4/><D113/><U42/><E108/><V18/><F68/><W120/><G120/><T30/><D4/><U64/><E76/><V83/><F29/><W54/><G89/><N who="0" m="51383" /><D37/><U119/><E119/><V79/><F83/><W11/><G11/><T66/><D36/><U59/><E65/><V3/><F3/><W91/><G91/><T35/><D35/><U93/><E107/><V7/><F126/><W80/><G80/><T23/><D41/><U45/><E25/><V88/><F101/><W2/><G2/><T27/><D56/><U112/><E112/><V26/><F26/><W84/><G84/><T71/><D71/><U127/><E127/><V111/><F111/><W72/><G72/><T62/><D62/><AGARI ba="1,0" hai="5,8,14,44,49,54,62,67,69,94,95" m="51753" machi="62" ten="30,7700,0" yaku="20,1,52,3" doraHai="128" who="3" fromWho="0" sc="201,-80,265,0,299,0,235,80" /><INIT seed="2,0,0,5,2,133" ten="121,265,299,315" oya="2" hai0="90,92,88,55,121,87,126,128,2,129,96,134,112" hai1="106,18,41,44,49,69,131,45,75,25,104,97,27" hai2="46,6,51,113,116,63,32,82,109,20,56,100,68" hai3="54,99,28,98,66,26,111,53,91,39,5,42,76"/><V115/><F32/><W130/><G111/><T43/><D2/><U19/><E75/><V135/><F100/><W119/><G119/><T8/><D43/><U114/><E69/><V1/><F1/><W30/><G130/><N who="0" m="50283" /><D8/><U34/><E114/><N who="2" m="43531" /><F20/><W3/><G76/><T59/><D112/><U0/><E0/><V29/><F82/><W102/><G91/><T77/><D121/><U84/><E131/><V33/><F29/><W83/><G83/><N who="0" m="49279" /><D134/><U23/><E44/><V64/><F6/><W127/><G5/><T57/><D77/><U16/><E84/><V74/><F33/><W71/><G42/><T11/><D11/><U108/><E108/><V4/><F4/><W60/><G39/><T122/><D122/><U15/><E97/><V48/><F74/><W86/><G99/><T118/><D118/><U40/><E40/><N who="2" m="24647" /><F116/><W110/><G110/><T79/><D79/><U81/><E81/><V62/><F109/><W47/><G98/><T103/><D90/><U9/><E34/><V22/><F22/><AGARI ba="0,0" hai="9,15,16,18,19,22,23,25,27,41,45,49,104,106" machi="22" ten="40,2600,0" yaku="9,1,54,1" doraHai="133" who="1" fromWho="2" sc="121,0,265,26,299,-26,315,0" /><INIT seed="3,0,0,2,5,21" ten="121,291,273,315" oya="3" hai0="84,18,78,119,56,123,5,12,85,15,47,102,68" hai1="73,49,13,48,42,28,92,76,99,133,39,32,130" hai2="135,4,124,60,89,23,25,36,112,106,52,62,100" hai3="74,114,101,71,58,11,55,81,44,87,16,96,120"/><W3/><G120/><T116/><D68/><U79/><E39/><V57/><F112/><W90/><G114/><T1/><D123/><U45/><E130/><V75/><F75/><W91/><G74/><T9/><D102/><U50/><E133/><V103/><F36/><W33/><G71/><T83/><D85/><U105/><E105/><V35/><F35/><W40/><G33/><T14/><D56/><U51/><E73/><V34/><F34/><W129/><G129/><T53/><D18/><U7/><E28/><V72/><F72/><W67/><G67/><T86/><REACH who="0" step="1"/><D86/><REACH who="0" ten="111,291,273,315" step="2"/><U29/><E79/><V97/><F135/><W6/><G101/><T66/><D66/><U0/><E76/><V95/><F124/><W27/><G96/><T122/><D122/><U121/><E121/><V59/><F106/><W54/><G87/><T70/><D70/><U98/><E98/><V38/><F4/><W88/><G81/><T80/><D80/><U22/><E99/><V31/><F38/><W82/><G82/><T41/><D41/><U104/><E7/><V63/><F63/><W125/><G125/><T2/><D2/><U113/><E42/><V26/><F25/><W115/><G115/><T127/><D127/><U77/><E0/><V131/><F131/><W30/><G16/><T64/><D64/><AGARI ba="0,1" hai="23,26,31,52,57,59,60,62,64,89,95,97,100,103" machi="64" ten="30,7700,0" yaku="7,1,8,1,52,1,54,1" doraHai="21" who="2" fromWho="0" sc="111,-77,291,0,273,87,315,0" owari="34,-47.0,291,-11.0,360,46.0,315,12.0" /></mjloggm>