<mjloggm ver="2.3"><GO type="169" lobby="0"/><UN n0="%E5%B0%B1%E6%B4%BB%E7%94%9F%40%E5%B7%9D%E6%9D%91%E8%BB%8D%E5%9B%A3" n1="%64%61%72%74%65%72" n2="%E3%81%86%E3%81%83%E3%83%BC%E3%81%A1%E3%82%83%E3%82%93" n3="%E6%99%AE%E8%B3%A2" dan="16,17,16,16" rate="2124.40,2192.80,2193.22,2049.99" sx="M,M,M,M"/><TAIKYOKU oya="0"/><INIT seed="0,0,0,3,3,28" ten="250,250,250,250" oya="0" hai0="77,53,1,111,132,79,96,15,59,55,66,13,58" hai1="46,92,107,62,130,68,54,135,45,112,23,18,110" hai2="124,25,133,115,109,12,87,37,100,44,82,8,56" hai3="134,41,80,81,40,122,36,97,120,91,6,74,0"/><T83/><D1/><U3/><E107/><V48/><F115/><W67/><G67/><T42/><D132/><U33/><E110/><V104/><F133/><W85/><G134/><T99/><D111/><U29/><E135/><V51/><F124/><W114/><G97/><T22/><D42/><U17/><E3/><V50/><F109/><W98/><G98/><T43/><D43/><U69/><E130/><V95/><F104/><W70/><G70/><T126/><D126/><U61/><E112/><V75/><F75/><W7/><G114/><T38/><D38/><U21/><E92/><V73/><F73/><W64/><G64/><T118/><D66/><U131/><E131/><V49/><F37/><W57/><G57/><T105/><D105/><U102/><E29/><V78/><F25/><W34/><G34/><T26/><D118/><U117/><E54/><V90/><F100/><W76/><G41/><T121/><D121/><N who="3" m="46697" /><G0/><T30/><D58/><U4/><E102/><V84/><F56/><W119/><G119/><T11/><D15/><U35/><E4/><V113/><F113/><W89/><G89/><T27/><D27/><U5/><E5/><V101/><F101/><W65/><G65/><T9/><D9/><U125/><E125/><V47/><N who="2" m="12288" /><DORA hai="52" /><V129/><REACH who="2" step="1"/><F129/><REACH who="2" ten="250,250,240,250" step="2"/><W10/><G10/><T123/><D123/><U24/><E24/><V88/><F88/><W2/><G2/><T71/><D71/><U63/><E63/><V72/><F72/><W108/><G108/><T86/><D77/><U14/><E117/><V20/><F20/><W32/><G32/><RYUUKYOKU ba="0,1" sc="250,-30,250,10,240,10,250,10" hai1="14,17,18,21,23,33,35,45,46,61,62,68,69" hai2="8,12,44,47,78,82,84,87,90,95" hai3="6,7,36,40,74,76,80,81,85,91" /><INIT seed="1,1,1,4,4,41" ten="220,260,250,260" oya="1" hai0="62,47,0,120,28,54,107,94,104,108,65,6,19" hai1="127,46,92,135,50,87,95,3,125,1,37,132,106" hai2="52,122,82,56,7,77,98,31,38,17,4,81,116" hai3="90,86,15,44,32,11,64,30,80,39,78,14,110"/><U123/><E106/><V61/><F122/><W24/><G110/><T99/><D120/><U34/><E34/><V69/><F116/><W124/><G124/><N who="1" m="47690" /><E37/><V70/><F38/><W21/><G64/><T16/><D108/><U60/><E60/><V113/><F31/><W73/><G32/><T105/><D28/><U25/><E25/><V93/><F17/><W83/><REACH who="3" step="1"/><G11/><REACH who="3" ten="220,260,250,250" step="2"/><T13/><D0/><U84/><E123/><V40/><F113/><W68/><G68/><T112/><D112/><U67/><E67/><V121/><F121/><W71/><G71/><T128/><D128/><U9/><E9/><V66/><F70/><W43/><AGARI ba="1,2" hai="14,15,21,24,30,39,43,44,73,78,80,83,86,90" machi="43" ten="30,8000,1" yaku="1,1,0,1,52,1,53,2" doraHai="41" doraHaiUra="8" who="3" fromWho="3" sc="220,-21,260,-41,250,-21,250,103" /><INIT seed="2,0,0,3,5,51" ten="199,219,229,353" oya="2" hai0="134,69,131,34,16,31,65,66,93,29,116,6,46" hai1="114,56,115,90,30,53,127,0,47,126,64,11,107" hai2="45,59,120,52,75,32,14,19,50,86,128,133,7" hai3="125,24,110,80,79,121,109,84,118,42,35,135,122"/><V102/><F120/><W97/><G118/><T9/><D116/><U103/><E30/><N who="0" m="11273" /><D69/><U12/><E0/><V94/><F128/><W5/><G35/><T72/><D72/><U92/><E47/><V71/><F71/><W18/><G125/><N who="1" m="47626" /><E64/><N who="0" m="24681" /><D34/><U4/><E103/><V8/><F133/><W112/><G135/><T108/><D131/><U101/><E101/><V54/><F75/><W88/><G42/><T61/><D108/><N who="3" m="41577" /><G5/><T124/><D134/><U15/><E15/><V41/><F32/><W78/><G112/><T77/><D77/><N who="3" m="29193" /><G97/><T117/><D61/><N who="1" m="35983" /><E107/><V111/><F111/><W55/><G24/><T1/><D1/><U106/><E106/><V70/><F70/><W73/><G73/><T100/><D117/><U129/><E129/><V96/><F86/><AGARI ba="0,0" hai="4,11,12,86,90,92,114,115" m="35983,47626" machi="86" ten="30,2000,0" yaku="18,1,52,1" doraHai="51" who="1" fromWho="2" sc="199,0,219,20,229,-20,353,0" /><INIT seed="3,0,0,1,0,96" ten="199,239,209,353" oya="3" hai0="55,26,74,12,118,98,2,18,29,58,65,125,90" hai1="9,63,109,121,41,45,110,10,84,76,106,40,115" hai2="27,0,117,43,123,28,25,122,132,114,134,66,112" hai3="81,68,131,93,3,32,124,1,78,95,57,99,77"/><W70/><G32/><T119/><D2/><U39/><E106/><V67/><F43/><W100/><G124/><T35/><D74/><U46/><E121/><N who="2" m="46091" /><F0/><W36/><G36/><T97/><D65/><N who="2" m="24586" /><F28/><W127/><G127/><T87/><D125/><U129/><E115/><N who="2" m="44075" /><F117/><W37/><G1/><T91/><D119/><U34/><E34/><V133/><AGARI ba="0,0" hai="25,27,132,133,134" m="44075,24586,46091" machi="133" ten="40,8000,1" yaku="28,2,20,1,13,1" doraHai="96" who="2" fromWho="2" sc="199,-20,239,-20,209,80,353,-40" /><INIT seed="4,0,0,4,1,9" ten="179,219,289,313" oya="0" hai0="41,127,19,113,133,54,50,65,73,34,120,84,39" hai1="63,12,69,36,55,89,129,115,107,11,104,13,47" hai2="15,101,134,100,38,105,80,21,85,44,126,116,78" hai3="20,58,131,5,82,68,77,22,66,30,6,111,32"/><T61/><D73/><U35/><E35/><V7/><F126/><W132/><G111/><T98/><D34/><U17/><E129/><V42/><F134/><W51/><G132/><T67/><D120/><U118/><E118/><V128/><F116/><W14/><G68/><T106/><D133/><U28/><E28/><V53/><F128/><W0/><G0/><T70/><D127/><U23/><E115/><V108/><F108/><W119/><G131/><T95/><D113/><U33/><E33/><V29/><F105/><W86/><G119/><T71/><D106/><U72/><E72/><V37/><F37/><W27/><G32/><T3/><D3/><U43/><E89/><V110/><F110/><W99/><G99/><T1/><D1/><U49/><E63/><V114/><F114/><W46/><G58/><N who="0" m="33111" /><D19/><U24/><E69/><N who="0" m="26121" /><D84/><U125/><E125/><V8/><REACH who="2" step="1"/><F53/><REACH who="2" ten="179,219,279,313" step="2"/><W121/><G121/><T90/><D39/><U76/><E107/><V56/><F56/><W103/><G103/><T74/><D41/><U130/><E104/><V124/><F124/><W60/><G30/><T26/><D74/><U112/><E112/><V40/><F40/><W92/><G27/><AGARI ba="0,1" hai="7,8,15,21,27,29,38,42,44,78,80,85,100,101" machi="27" ten="40,5200,0" yaku="1,1,52,1,53,1" doraHai="9" doraHaiUra="81" who="2" fromWho="3" sc="179,0,219,0,279,62,313,-52" /><INIT seed="5,0,0,0,3,10" ten="179,219,341,261" oya="1" hai0="121,16,84,53,99,101,78,44,102,115,31,57,29" hai1="21,124,39,11,17,74,119,75,18,120,105,22,118" hai2="87,30,34,126,106,12,7,43,79,77,90,58,68" hai3="5,92,13,112,129,111,69,63,86,89,76,83,64"/><U55/><E120/><V123/><F106/><W23/><G111/><T133/><D121/><U82/><E39/><V37/><F68/><W116/><G112/><T96/><D115/><U107/><E11/><V91/><F123/><W108/><G108/><T134/><D44/><U135/><E82/><V9/><F126/><W127/><G127/><T56/><D84/><U28/><E124/><V54/><F90/><W35/><G35/><T49/><D78/><U88/><E28/><V130/><F130/><W0/><G129/><T14/><D56/><U70/><E70/><V47/><F30/><N who="0" m="11274" /><D134/><U41/><E41/><V122/><F34/><W95/><G116/><T2/><D2/><U20/><E55/><V97/><F97/><N who="0" m="37450" /><D133/><U61/><E135/><V125/><F125/><W33/><G33/><T73/><D73/><U114/><E114/><V15/><F122/><W38/><G38/><T26/><D26/><U4/><E107/><V72/><F72/><N who="1" m="27689" /><E105/><V42/><F42/><W67/><G76/><T104/><D104/><U117/><E88/><V46/><F43/><W8/><G67/><T103/><D103/><U25/><E25/><V66/><F79/><W6/><G6/><T98/><N who="0" m="37458" /><T45/><DORA hai="65" /><D45/><N who="2" m="16906" /><F66/><W94/><REACH who="3" step="1"/><G83/><REACH who="3" ten="179,219,341,251" step="2"/><T40/><D40/><U1/><E119/><V131/><F77/><W62/><G62/><T24/><D24/><U109/><E61/><N who="2" m="36055" /><F37/><W128/><G128/><T113/><D113/><U27/><E109/><V59/><F131/><W51/><G51/><T100/><D100/><U32/><E32/><V80/><F59/><W48/><G48/><RYUUKYOKU ba="0,1" sc="179,10,219,-30,341,10,251,10" hai0="14,16,49,53,57,101,102" hai2="7,9,12,15,80,87,91" hai3="0,5,8,13,23,63,64,69,86,89,92,94,95" /><INIT seed="6,1,1,0,5,56" ten="189,189,351,261" oya="2" hai0="64,25,134,84,30,102,73,61,8,113,44,31,18" hai1="85,133,23,55,50,43,74,97,46,120,19,21,109" hai2="65,41,96,122,131,105,89,110,60,115,17,6,88" hai3="101,107,12,99,66,76,33,108,11,1,40,48,67"/><V22/><F122/><W94/><G108/><T15/><D73/><U34/><E74/><V90/><F115/><W114/><G114/><T28/><D113/><U37/><E120/><V59/><F110/><W51/><G1/><T29/><D134/><U5/><E34/><V57/><F131/><W10/><G33/><T117/><D117/><U128/><E109/><V3/><F41/><W14/><G76/><T27/><N who="0" m="7168" /><DORA hai="4" /><T92/><D44/><U83/><E128/><V86/><F57/><W52/><G107/><T36/><D36/><U87/><E133/><V116/><F116/><W106/><G106/><T95/><D95/><U39/><E5/><V121/><F121/><W130/><G130/><T111/><D111/><U2/><E2/><V16/><F17/><N who="3" m="8343" /><G48/><T49/><D49/><U63/><E97/><V9/><F96/><W0/><G0/><T81/><D92/><U91/><E87/><V135/><F105/><W75/><G75/><T79/><REACH who="0" step="1"/><D102/><REACH who="0" ten="179,189,351,261" step="2"/><U26/><E39/><V7/><F135/><W54/><G51/><T78/><D78/><U119/><E119/><V123/><F123/><W24/><G101/><T112/><D112/><U20/><E37/><V68/><F90/><W70/><G94/><T72/><D72/><U103/><E103/><V38/><F89/><W129/><G129/><T127/><D127/><U93/><E93/><V118/><F38/><W35/><G99/><T124/><D124/><U126/><E126/><V53/><F118/><W104/><G104/><T58/><AGARI ba="1,2" hai="8,15,18,25,27,58,61,64,79,81,84" m="7168" machi="58" ten="40,12000,2" yaku="1,1,0,1,8,1,52,2,53,2" doraHai="56,4" doraHaiUra="77,13" who="0" fromWho="0" sc="179,143,189,-31,351,-61,261,-31" /><INIT seed="7,0,0,3,1,43" ten="322,158,290,230" oya="3" hai0="94,41,110,3,89,57,22,68,105,59,125,93,121" hai1="35,91,134,1,33,21,76,119,28,106,31,103,0" hai2="126,50,108,85,37,26,117,112,52,77,70,75,11" hai3="114,99,122,46,64,115,17,102,81,129,82,25,12"/><W71/><G122/><T49/><D105/><U95/><E119/><V40/><F117/><W113/><G129/><T67/><D3/><U123/><E123/><V15/><F108/><W9/><G25/><T97/><D110/><U60/><E134/><V116/><F116/><W118/><G118/><T58/><D125/><U132/><E132/><V128/><F126/><W7/><G7/><T32/><D32/><U24/><E76/><V109/><F128/><W4/><G4/><T20/><D121/><U127/><E127/><V27/><F70/><W56/><G71/><T61/><D41/><U8/><E8/><V23/><F109/><W45/><G82/><T79/><D79/><U66/><E95/><V78/><F40/><W29/><G29/><T101/><REACH who="0" step="1"/><D49/><REACH who="0" ten="312,158,290,230" step="2"/><U111/><E111/><V90/><F37/><W2/><G2/><T80/><D80/><U10/><E10/><V133/><F133/><W39/><G81/><T18/><D18/><U84/><E84/><AGARI ba="0,1" hai="20,22,57,58,59,61,67,68,84,89,93,94,97,101" machi="84" ten="40,2600,0" yaku="1,1,53,1" doraHai="43" doraHaiUra="65" who="0" fromWho="1" sc="312,36,158,-26,290,0,230,0" owari="348,45.0,132,-37.0,290,9.0,230,-17.0" /></mjloggm>