<mjloggm ver="2.3"><GO type="97" lobby="0"/><UN n0="%E3%83%88%E3%83%88%E3%83%AA%E5%85%88%E7%94%9F%31%39%E6%AD%B3" n1="%4D%6F%74%6F%2D%4E" n2="%E3%82%BF%E3%83%B3%E3%83%A4%E7%8E%8B" n3="%35%35%35%35%35" dan="15,14,14,15" rate="2019.25,1881.48,2004.44,1965.34" sx="F,M,M,M"/><TAIKYOKU oya="0"/><INIT seed="0,0,0,0,4,80" ten="250,250,250,250" oya="0" hai0="112,24,93,62,102,59,135,4,61,81,99,83,86" hai1="74,76,12,33,19,82,96,127,85,118,31,15,14" hai2="129,42,5,98,134,88,22,48,68,1,26,91,54" hai3="60,36,73,17,27,63,43,103,56,111,29,77,101"/><T18/><D112/><U125/><E118/><V13/><F1/><W32/><G111/><T67/><D135/><U133/><E133/><V46/><F68/><W95/><G60/><N who="0" m="38303" /><D81/><U57/><E57/><V119/><F129/><W44/><G17/><T128/><D4/><U9/><E96/><V21/><F134/><W20/><G32/><T132/><D128/><U105/><E105/><V106/><F119/><W45/><G45/><T66/><D66/><U8/><E74/><V64/><F64/><W53/><G77/><T89/><D132/><U70/><E70/><V121/><F121/><W7/><G73/><T39/><D39/><U71/><E71/><V84/><F106/><W124/><G124/><N who="1" m="47690" /><E19/><N who="2" m="10479" /><F5/><W72/><G72/><T123/><D123/><U65/><E65/><V25/><F98/><W110/><G110/><T108/><D108/><U55/><E55/><V131/><F131/><W78/><G7/><T113/><D113/><U90/><E76/><V109/><F109/><W116/><G78/><T92/><D18/><U35/><E31/><N who="2" m="17847" /><F26/><W87/><G116/><T117/><D24/><U51/><E51/><N who="2" m="27095" /><F84/><W3/><G87/><N who="0" m="52287" /><D117/><U16/><E9/><V40/><F40/><W38/><G43/><T122/><D122/><U28/><E28/><V97/><F97/><W50/><G29/><T47/><D47/><AGARI ba="0,0" hai="47,48,54,88,91" m="27095,17847,10479" machi="47" ten="30,2000,0" yaku="8,1,54,1" doraHai="80" who="2" fromWho="0" sc="250,-20,250,0,250,20,250,0" /><INIT seed="1,0,0,2,3,34" ten="230,250,270,250" oya="1" hai0="135,52,49,104,121,124,44,79,54,119,65,69,98" hai1="35,68,89,133,27,15,5,96,76,108,4,14,55" hai2="1,20,72,24,100,23,71,88,9,31,78,99,134" hai3="85,109,19,74,105,103,62,26,130,58,67,17,39"/><U61/><E76/><V37/><F37/><W42/><G74/><T7/><D119/><U90/><E68/><V128/><F71/><W126/><G109/><T0/><D135/><U132/><E61/><V70/><F70/><W87/><G105/><T127/><D121/><U60/><E60/><V12/><F128/><W36/><G103/><N who="0" m="62583" /><D79/><U102/><E108/><V51/><F134/><N who="1" m="51817" /><E35/><V11/><F72/><W43/><G126/><N who="0" m="48171" /><D69/><U77/><E27/><V129/><F78/><W97/><G26/><T50/><D65/><U94/><E77/><V40/><F1/><W66/><G66/><T16/><D16/><U38/><E38/><V30/><F129/><W86/><G130/><T118/><D118/><U32/><E55/><N who="0" m="21033" /><D44/><U13/><E32/><V110/><F110/><W116/><G116/><T93/><D93/><N who="1" m="58639" /><E90/><V117/><F117/><W91/><G39/><T10/><AGARI ba="0,0" hai="0,7,10,49,50" m="21033,48171,62583" machi="10" ten="30,4000,0" yaku="18,1,52,1,54,1" doraHai="34" who="0" fromWho="0" sc="230,40,250,-20,270,-10,250,-10" /><INIT seed="2,0,0,5,2,29" ten="270,230,260,240" oya="2" hai0="48,117,36,45,50,21,131,60,5,35,119,20,125" hai1="94,10,24,27,62,100,128,39,70,30,14,96,112" hai2="75,101,66,12,121,43,40,13,68,65,4,106,16" hai3="52,18,91,51,42,56,3,107,46,90,76,72,47"/><V97/><F75/><W115/><G107/><T26/><D131/><U58/><E128/><V104/><F121/><W55/><G3/><T126/><D5/><U78/><E78/><V73/><F73/><W87/><G72/><T8/><D8/><U127/><E112/><V103/><F4/><W69/><G69/><T7/><D7/><U32/><E39/><V37/><F37/><W111/><G111/><T105/><D105/><U63/><E127/><N who="0" m="48649" /><D60/><U80/><E80/><V49/><F49/><N who="0" m="19050" /><D35/><U102/><E27/><V71/><F97/><W17/><G47/><T38/><D38/><U95/><E70/><V77/><F77/><W67/><G115/><T64/><D64/><U34/><E63/><V99/><F99/><W33/><G33/><T129/><D129/><U59/><E34/><V44/><REACH who="2" step="1"/><F16/><REACH who="2" ten="270,230,250,240" step="2"/><W54/><G18/><N who="0" m="12567" /><D36/><U120/><E120/><V123/><F123/><W57/><G17/><T110/><D110/><U2/><E2/><V6/><F6/><W98/><G46/><AGARI ba="0,1" hai="12,13,40,43,44,46,65,66,68,71,101,103,104,106" machi="46" ten="25,4800,0" yaku="1,1,22,2,53,0" doraHai="29" doraHaiUra="83" who="2" fromWho="3" sc="270,0,230,0,250,58,240,-48" /><INIT seed="2,1,0,4,1,14" ten="270,230,308,192" oya="2" hai0="28,94,133,15,73,99,124,47,36,19,77,58,34" hai1="13,63,52,131,62,83,122,69,66,110,119,105,102" hai2="84,17,92,112,96,78,57,129,127,43,46,82,49" hai3="70,60,32,67,7,120,117,3,35,6,2,37,74"/><V106/><F112/><W71/><G117/><T97/><D133/><U115/><E119/><V53/><F127/><W101/><G101/><T16/><D124/><U107/><E115/><V126/><F126/><W50/><G50/><T114/><D114/><U79/><E110/><V98/><F129/><W0/><G120/><T42/><D97/><U59/><E131/><V27/><F106/><W109/><G109/><T125/><D125/><U123/><E13/><V18/><F27/><W26/><G74/><T8/><D73/><U95/><E95/><V108/><F108/><W113/><G113/><T29/><D77/><U4/><E4/><V111/><F111/><W48/><G48/><T85/><D85/><U24/><E24/><V100/><F96/><W25/><G37/><AGARI ba="1,0" hai="17,18,37,43,46,49,53,57,78,82,84,92,98,100" machi="37" ten="30,5800,0" yaku="7,1,52,2" doraHai="14" who="2" fromWho="3" sc="270,0,230,0,308,61,192,-61" /><INIT seed="2,2,0,1,3,15" ten="270,230,369,131" oya="2" hai0="64,118,12,75,77,73,102,72,119,24,4,56,131" hai1="69,132,52,14,124,30,85,79,20,134,66,109,47" hai2="13,114,51,3,117,0,89,135,5,7,32,1,36" hai3="63,50,128,18,101,19,100,133,97,60,74,91,82"/><V127/><F36/><W94/><G133/><N who="1" m="51306" /><E124/><V8/><F135/><W25/><G128/><T49/><D131/><U23/><E69/><V41/><F114/><W31/><G50/><T28/><D102/><N who="3" m="39529" /><G74/><T125/><D125/><U105/><E105/><V84/><F32/><W67/><G82/><T78/><D12/><U121/><E66/><V86/><F86/><W17/><G67/><T103/><D4/><U83/><E121/><V65/><F65/><W29/><G25/><T68/><D103/><U21/><E14/><V10/><F117/><N who="0" m="44554" /><D68/><U53/><E109/><V6/><F127/><W81/><G81/><T113/><D113/><U123/><E123/><V92/><F41/><W54/><G54/><N who="1" m="21098" /><E47/><V76/><F51/><W42/><G42/><T57/><D49/><U27/><AGARI ba="2,0" hai="20,21,23,27,30,79,83,85" m="21098,51306" machi="27" ten="30,2000,0" yaku="20,1,54,1" doraHai="15" who="1" fromWho="1" sc="270,-7,230,26,369,-12,131,-7" /><INIT seed="3,0,0,3,3,100" ten="263,256,357,124" oya="3" hai0="83,25,124,9,128,98,5,53,38,35,134,110,132" hai1="111,81,135,8,69,22,27,93,131,21,94,121,64" hai2="70,32,91,117,19,17,105,46,66,20,55,125,11" hai3="26,73,129,39,115,116,33,108,61,34,89,29,72"/><W3/><G115/><T86/><D110/><U43/><E111/><V49/><F32/><W90/><G108/><T126/><D38/><U12/><E121/><V45/><F117/><W113/><G113/><T80/><D128/><U7/><E131/><V0/><F125/><N who="0" m="48234" /><D53/><U41/><E81/><N who="0" m="31305" /><D86/><U56/><E69/><V2/><F66/><W44/><G129/><T122/><D122/><U1/><E1/><V23/><F70/><W65/><G116/><T58/><D58/><U42/><E135/><V88/><F55/><W95/><G3/><N who="0" m="191" /><D98/><U67/><E56/><V78/><F78/><W103/><G34/><T52/><D52/><U133/><E133/><V30/><F30/><AGARI ba="0,0" hai="25,30,35,132,134" m="191,31305,48234" machi="30" ten="30,1000,0" yaku="18,1" doraHai="100" who="0" fromWho="2" sc="263,10,256,0,357,-10,124,0" owari="273,7.0,256,-14.0,347,45.0,124,-38.0" /></mjloggm>