<mjloggm ver="2.3"><GO type="97" lobby="0"/><UN n0="%E5%B0%B1%E6%B4%BB%E7%94%9F%40%E5%B7%9D%E6%9D%91%E8%BB%8D%E5%9B%A3" n1="%67%69%6E%34%35%25" n2="%E3%82%82%E3%81%A1%E3%82%83%EF%BC%91%EF%BC%93" n3="%E9%89%84%E5%B9%B3" dan="15,13,14,14" rate="2010.70,1907.29,2058.31,2029.04" sx="M,M,M,M"/><TAIKYOKU oya="0"/><INIT seed="0,0,0,4,4,116" ten="250,250,250,250" oya="0" hai0="121,77,103,98,128,127,38,57,76,123,101,108,64" hai1="129,46,58,120,65,9,114,59,89,105,34,124,30" hai2="111,0,24,106,42,54,110,18,134,66,94,23,126" hai3="115,4,3,95,48,91,63,81,109,26,118,112,73"/><T35/><D35/><U132/><E124/><V131/><F106/><W49/><G118/><T29/><D38/><U61/><E129/><V17/><F0/><W117/><G117/><T67/><D29/><U96/><E132/><V8/><F134/><W107/><G3/><T88/><D128/><U79/><E114/><V53/><F131/><W71/><G4/><T39/><D39/><U12/><E79/><N who="0" m="30281" /><D57/><U16/><E46/><V72/><F72/><W21/><G73/><T99/><D108/><N who="2" m="41514" /><F126/><W47/><G109/><T100/><D127/><U60/><E120/><N who="0" m="46153" /><D88/><U93/><E105/><V68/><F42/><W44/><G107/><T20/><D20/><U52/><E34/><V125/><F125/><W19/><G21/><T33/><D33/><U40/><E40/><V78/><F78/><W122/><G122/><T55/><D55/><U15/><E15/><N who="2" m="7399" /><F94/><W75/><G95/><T87/><D87/><U92/><E92/><V90/><F90/><W2/><G91/><T50/><D50/><U70/><E70/><V80/><F68/><W22/><G71/><T69/><D69/><U31/><AGARI ba="0,0" hai="9,12,16,30,31,52,58,59,60,61,65,89,93,96" machi="31" ten="30,7900,0" yaku="0,1,8,1,54,2" doraHai="116" who="1" fromWho="1" sc="250,-39,250,79,250,-20,250,-20" /><INIT seed="1,0,0,1,0,58" ten="211,329,230,230" oya="1" hai0="108,18,52,88,115,122,68,83,75,94,117,119,16" hai1="93,62,77,129,71,107,59,69,56,85,98,34,50" hai2="26,37,21,12,53,61,31,65,86,0,10,101,82" hai3="106,28,36,91,79,41,132,64,134,15,29,14,30"/><U92/><E107/><V13/><F37/><W57/><G106/><T19/><D115/><U51/><E34/><V63/><F101/><W33/><G33/><T97/><D68/><U124/><E129/><V46/><F0/><W32/><G32/><T55/><D122/><U78/><E85/><V110/><F65/><W127/><G79/><T66/><D66/><U25/><E25/><V105/><F105/><W54/><G64/><T120/><D120/><U96/><E124/><V125/><F110/><W7/><G127/><T45/><D108/><U72/><E72/><V100/><F100/><W103/><G103/><T48/><REACH who="0" step="1"/><D55/><REACH who="0" ten="201,329,230,230" step="2"/><U131/><REACH who="1" step="1"/><E131/><REACH who="1" ten="201,319,230,230" step="2"/><V133/><F125/><W27/><G132/><T81/><D81/><U112/><E112/><V76/><F133/><W39/><G134/><T102/><D102/><U60/><AGARI ba="0,2" hai="50,51,56,59,60,62,69,71,77,78,92,93,96,98" machi="60" ten="25,18000,2" yaku="1,1,0,1,22,2,52,2,53,0" doraHai="58" doraHaiUra="8" who="1" fromWho="1" sc="201,-60,319,200,230,-60,230,-60" /><INIT seed="1,1,0,5,5,127" ten="141,519,170,170" oya="1" hai0="132,122,1,95,102,17,20,130,22,126,101,6,14" hai1="39,51,71,121,41,52,78,31,40,29,96,49,9" hai2="128,15,89,56,125,50,82,112,118,123,66,131,7" hai3="115,79,124,90,53,18,32,19,48,46,54,26,37"/><U91/><E78/><V45/><F125/><W97/><G124/><T74/><D74/><U117/><E117/><V58/><F123/><W106/><G115/><T83/><D126/><U109/><E121/><V98/><F118/><W27/><G37/><T28/><D83/><U0/><E71/><V100/><F112/><W3/><G3/><T105/><D105/><U12/><E0/><V55/><F89/><W119/><G79/><T13/><D122/><U64/><E64/><V85/><F85/><W120/><G120/><T44/><D132/><U38/><E109/><V11/><F82/><W75/><G75/><T30/><D44/><U2/><E2/><V42/><F66/><W133/><G133/><T23/><D1/><U113/><E113/><V72/><F72/><W67/><G67/><T61/><D61/><U65/><E65/><V5/><F5/><W33/><G33/><T77/><D77/><U16/><E39/><V92/><REACH who="2" step="1"/><F58/><REACH who="2" ten="141,519,160,170" step="2"/><W129/><G119/><T34/><D6/><U60/><E91/><V80/><F80/><W43/><G90/><T93/><D34/><U110/><E110/><V107/><F107/><W116/><G106/><T135/><D135/><U35/><E96/><V57/><F57/><W99/><G99/><T94/><D130/><U62/><E35/><V73/><F73/><W87/><G129/><T21/><REACH who="0" step="1"/><D14/><REACH who="0" ten="131,519,160,170" step="2"/><U104/><E104/><V103/><F103/><AGARI ba="1,2" hai="13,17,20,21,22,23,28,30,93,94,95,101,102,103" machi="103" ten="40,12000,2" yaku="1,1,2,1,8,1,53,3" doraHai="127" doraHaiUra="88" who="0" fromWho="2" sc="131,143,519,0,160,-123,170,0" /><INIT seed="2,0,0,3,2,6" ten="274,519,37,170" oya="2" hai0="104,8,52,93,87,72,36,121,94,70,116,128,42" hai1="55,60,97,51,34,65,9,45,85,56,26,126,99" hai2="133,19,28,119,101,0,100,64,27,74,37,38,103" hai3="13,135,32,54,134,14,1,21,2,83,125,91,59"/><V33/><F74/><W10/><G83/><T58/><D70/><U11/><E126/><V110/><F119/><W20/><G91/><T73/><D104/><U109/><E109/><V61/><F110/><W115/><G32/><T88/><D121/><U78/><E34/><V76/><F133/><N who="3" m="50699" /><G125/><T107/><D107/><U90/><E26/><V40/><F76/><W15/><G115/><T39/><D128/><U129/><E78/><V102/><N who="2" m="25600" /><DORA hai="96" /><V120/><F120/><W66/><G66/><T24/><D24/><U114/><E129/><V130/><F130/><W17/><G21/><T75/><D94/><N who="1" m="54607" /><E114/><V112/><F112/><W35/><G35/><T124/><D42/><U63/><E63/><V118/><F118/><W82/><G82/><T68/><D8/><AGARI ba="0,0" hai="8,9,11,45,51,55,56,60,65,97,99" m="54607" machi="8" ten="30,7700,0" yaku="8,1,52,3" doraHai="6,96" who="1" fromWho="0" sc="274,-77,519,77,37,0,170,0" /><INIT seed="3,0,0,4,1,30" ten="197,596,37,170" oya="3" hai0="110,88,53,19,120,126,63,73,131,50,122,118,80" hai1="2,24,34,75,71,18,103,51,124,82,52,20,48" hai2="60,57,1,28,129,6,77,59,101,5,31,43,86" hai3="25,78,119,46,107,7,79,68,99,47,91,33,42"/><W105/><G119/><T40/><D118/><U4/><E71/><V112/><F112/><W9/><G47/><T115/><D40/><U109/><E103/><V35/><F129/><W127/><G68/><T27/><D63/><U76/><E109/><V90/><F101/><W29/><G127/><T100/><D100/><U10/><E124/><V106/><F106/><W69/><G69/><T125/><D110/><U96/><E96/><V45/><F77/><W39/><G107/><T111/><D73/><U89/><E89/><V95/><F28/><W67/><G67/><T56/><D111/><U26/><E26/><V132/><F132/><W104/><G104/><T87/><D131/><U15/><E52/><V12/><F1/><W114/><G114/><T83/><D83/><U128/><E128/><V113/><F113/><W121/><G121/><T66/><D66/><U94/><E94/><V134/><F134/><W74/><G105/><T8/><D115/><U23/><E23/><V81/><F81/><W13/><G74/><T65/><D65/><U44/><E44/><V102/><F102/><W130/><G130/><T70/><D70/><U133/><E133/><V108/><F108/><W14/><G14/><N who="0" m="7623" /><D27/><U61/><E61/><V84/><F31/><AGARI ba="0,0" hai="2,4,10,15,18,20,24,31,34,48,51,75,76,82" machi="31" ten="40,5200,0" yaku="24,2,52,1" doraHai="30" who="1" fromWho="2" sc="197,0,596,52,37,-52,170,0" owari="197,0.0,648,75.0,-15,-52.0,170,-23.0" /></mjloggm>