<mjloggm ver="2.3"><GO type="97" lobby="0"/><UN n0="%E5%BD%97%E7%8E%8B%E4%B8%B8" n1="%E5%B0%B1%E6%B4%BB%E7%94%9F%40%E5%B7%9D%E6%9D%91%E8%BB%8D%E5%9B%A3" n2="%76%69%65%6E%74%6F" n3="%52%41%4C%50%48" dan="14,16,14,15" rate="1933.64,2076.30,1921.13,2061.53" sx="M,M,M,M"/><TAIKYOKU oya="0"/><INIT seed="0,0,0,2,2,19" ten="250,250,250,250" oya="0" hai0="133,130,129,73,134,39,106,121,104,15,110,79,83" hai1="36,16,127,80,88,131,101,78,96,63,122,9,33" hai2="126,118,22,58,2,124,91,89,93,84,51,31,95" hai3="60,49,69,115,12,135,52,72,98,114,65,20,8"/><T40/><D15/><U37/><E122/><V55/><F2/><W34/><G135/><N who="0" m="51723" /><D121/><U21/><E33/><V100/><F100/><W47/><G72/><T90/><D110/><U48/><E127/><V71/><F71/><W99/><G34/><T75/><D40/><U54/><E131/><N who="0" m="50185" /><D39/><U27/><E9/><V53/><F53/><W67/><G67/><T125/><D125/><N who="2" m="48234" /><F118/><W85/><G85/><N who="0" m="50495" /><D79/><U68/><E68/><V107/><F107/><AGARI ba="0,0" hai="73,75,104,106,107" m="50495,50185,51723" machi="107" ten="40,12000,1" yaku="20,1,19,1,34,2" doraHai="19" who="0" fromWho="2" sc="250,120,250,0,250,-120,250,0" /><INIT seed="0,1,0,5,2,37" ten="370,250,130,250" oya="0" hai0="134,58,117,104,7,102,9,121,108,57,124,70,109" hai1="24,52,10,25,115,81,82,85,19,66,36,47,31" hai2="116,129,16,5,97,61,99,41,29,127,113,38,74" hai3="50,111,11,28,98,65,6,88,63,95,62,100,46"/><T26/><D121/><U119/><E119/><V27/><F113/><W34/><G111/><T126/><D117/><U18/><E115/><V14/><F116/><W83/><G28/><T0/><D70/><U13/><E66/><V87/><F127/><N who="0" m="48682" /><D134/><U49/><E36/><V91/><F129/><W94/><G34/><T43/><D26/><U80/><E19/><V122/><F74/><W131/><G131/><T112/><D112/><U78/><REACH who="1" step="1"/><E25/><REACH who="1" ten="370,240,130,250" step="2"/><V114/><F5/><W20/><G20/><AGARI ba="1,1" hai="10,13,18,20,24,31,47,49,52,78,80,81,82,85" machi="20" ten="30,8000,1" yaku="1,1,2,1,7,1,8,1,54,1,53,0" doraHai="37" doraHaiUra="101" who="1" fromWho="3" sc="370,0,240,93,130,0,250,-83" /><INIT seed="1,0,0,3,0,123" ten="370,333,130,167" oya="1" hai0="73,56,106,85,55,42,21,0,63,23,102,114,58" hai1="80,65,72,48,34,15,90,75,115,71,18,77,126" hai2="61,12,94,76,31,26,66,107,135,9,132,81,84" hai3="3,87,53,16,122,104,110,49,50,86,32,108,43"/><U38/><E38/><V40/><F107/><W45/><G122/><T10/><D73/><U62/><E34/><V24/><F40/><W127/><G104/><T35/><D114/><U29/><E115/><V33/><F94/><W129/><G3/><T20/><D35/><U22/><E126/><V39/><F39/><W74/><G74/><T119/><D42/><U96/><E29/><V70/><REACH who="2" step="1"/><F26/><REACH who="2" ten="370,333,120,167" step="2"/><W101/><G32/><T46/><D106/><U59/><E72/><V41/><F41/><W133/><G127/><T78/><D119/><U67/><E71/><V125/><F125/><W118/><G118/><T44/><D102/><U1/><E1/><V2/><F2/><W19/><G133/><T8/><D0/><U47/><E96/><V100/><F100/><W92/><G129/><T36/><D36/><U112/><E112/><V82/><F82/><W37/><G37/><T68/><D85/><N who="3" m="32265" /><G101/><T131/><D131/><U97/><E97/><V116/><F116/><W6/><G92/><T93/><D93/><U83/><E80/><V95/><F95/><W128/><G128/><T134/><D134/><U99/><E99/><V121/><F121/><W79/><G79/><T98/><D98/><U27/><E27/><V105/><F105/><W14/><G6/><AGARI ba="0,1" hai="6,9,12,24,31,33,61,66,70,76,81,84,132,135" machi="6" ten="40,1300,0" yaku="1,1,53,0" doraHai="123" doraHaiUra="124" who="2" fromWho="3" sc="370,0,333,0,120,23,167,-13" /><INIT seed="2,0,0,4,5,20" ten="370,333,143,154" oya="2" hai0="58,119,16,102,133,52,86,68,10,9,33,26,24" hai1="105,97,88,32,130,122,40,15,12,37,76,39,60" hai2="77,92,50,81,8,117,2,106,72,94,129,62,84" hai3="69,89,93,99,14,85,48,43,35,19,21,11,70"/><V115/><F115/><W1/><G35/><T108/><D68/><U63/><E32/><V28/><F117/><W45/><G1/><T113/><D113/><U91/><E122/><V124/><F124/><W5/><REACH who="3" step="1"/><G99/><REACH who="3" ten="370,333,143,144" step="2"/><T47/><D33/><U110/><E97/><V44/><F129/><W38/><G38/><T53/><D119/><U55/><E39/><V23/><F106/><W64/><G64/><T51/><D133/><U6/><E37/><V18/><F62/><W46/><G46/><T90/><D47/><U79/><E105/><V126/><F126/><W30/><G30/><T121/><D121/><U128/><E110/><V96/><F96/><W49/><G49/><T41/><D51/><U42/><E6/><V54/><F72/><W75/><G75/><T134/><D134/><U57/><E57/><V73/><F73/><W87/><G87/><T135/><D86/><U25/><E55/><V13/><F2/><W111/><G111/><T56/><D52/><U123/><E123/><V83/><REACH who="2" step="1"/><F83/><REACH who="2" ten="370,333,133,144" step="2"/><W104/><G104/><T131/><D131/><U0/><E0/><V74/><F74/><W80/><G80/><T100/><D135/><U31/><E128/><V132/><F132/><W3/><AGARI ba="0,2" hai="3,5,11,14,19,21,43,45,48,69,70,85,89,93" machi="3" ten="20,2700,0" yaku="1,1,0,1,7,1,53,0" doraHai="20" doraHaiUra="107" who="3" fromWho="3" sc="370,-7,333,-7,133,-13,144,47" /><INIT seed="3,0,0,0,3,59" ten="363,326,120,191" oya="3" hai0="85,15,22,21,94,47,16,48,44,117,67,84,92" hai1="104,132,39,2,27,112,14,55,52,45,19,68,26" hai2="3,87,66,113,127,100,49,20,0,11,50,57,7" hai3="28,10,86,34,63,31,108,115,23,96,89,54,38"/><W1/><G38/><T36/><D36/><U83/><E104/><V42/><F113/><W134/><G115/><T64/><D117/><U4/><E112/><V18/><F127/><W35/><G134/><T88/><D94/><U12/><E68/><V93/><F0/><W121/><G121/><T72/><D72/><U124/><E124/><V109/><F109/><W81/><G108/><T30/><D84/><U56/><E132/><V69/><F69/><W13/><G1/><T78/><D78/><U5/><E2/><V123/><F123/><W131/><G131/><T73/><D73/><U76/><E39/><V29/><F29/><W135/><G135/><T71/><D71/><U95/><E95/><V17/><F17/><W61/><G35/><T98/><D85/><N who="1" m="48359" /><E45/><N who="0" m="17481" /><D48/><N who="1" m="30727" /><E55/><V99/><F42/><W110/><G110/><T75/><D75/><U65/><E65/><V25/><REACH who="2" step="1"/><F87/><REACH who="2" ten="363,326,110,191" step="2"/><W103/><G34/><T111/><D111/><U122/><E122/><V53/><F53/><W130/><G130/><T118/><D118/><U6/><E14/><V119/><F119/><W77/><G54/><T126/><D126/><U107/><E107/><V33/><F33/><W106/><G23/><T24/><AGARI ba="0,1" hai="15,16,21,22,24,30,64,67,88,92,98" m="17481" machi="24" ten="30,4000,0" yaku="8,1,54,2" doraHai="59" who="0" fromWho="0" sc="363,50,326,-10,110,-10,191,-20" owari="413,51.0,316,12.0,100,-40.0,171,-23.0" /></mjloggm>