<mjloggm ver="2.3"><GO type="169" lobby="0"/><UN n0="%79%61%6D%69" n1="%E3%82%A6%E3%83%AB%E3%83%88%E3%83%A9%E7%AB%8B%E7%9B%B4" n2="%4A%61%6E%2D%4D%61%63%68" n3="%67%6F%75%73%69" dan="16,17,16,18" rate="2101.12,2132.45,2094.72,2231.03" sx="M,M,M,M"/><TAIKYOKU oya="0"/><INIT seed="0,0,0,3,3,16" ten="250,250,250,250" oya="0" hai0="103,133,19,88,101,0,135,132,65,37,115,96,94" hai1="56,28,21,114,73,6,32,60,30,119,129,134,44" hai2="104,82,80,93,126,1,42,116,5,13,127,84,117" hai3="83,70,89,58,123,107,51,11,61,25,118,7,120"/><T86/><D115/><U122/><E32/><V95/><F13/><W63/><G107/><T112/><D112/><U125/><E73/><V131/><F1/><W124/><G118/><N who="2" m="45673" /><F5/><W121/><G124/><N who="2" m="47657" /><F104/><W85/><G70/><T45/><D65/><U69/><E69/><V109/><F42/><W27/><G51/><T47/><D0/><U67/><E6/><V15/><F15/><N who="3" m="5631" /><G61/><T105/><D37/><U91/><E60/><V55/><F55/><AGARI ba="0,0" hai="25,27,55,58,63,83,85,89,120,121,123" m="5631" machi="55" ten="30,1000,0" yaku="13,1" doraHai="16" who="3" fromWho="2" sc="250,0,250,0,250,-10,250,10" /><INIT seed="1,0,0,5,1,64" ten="250,250,240,260" oya="1" hai0="1,130,5,23,135,35,31,6,38,91,43,30,115" hai1="92,100,51,68,105,114,94,106,102,45,87,16,69" hai2="101,29,20,54,125,107,47,39,79,116,108,0,77" hai3="111,74,104,8,84,33,110,120,99,50,129,44,66"/><U78/><E114/><V12/><F0/><W85/><G33/><T9/><D91/><U41/><E16/><V26/><F116/><W4/><G74/><T86/><D86/><U80/><E94/><V53/><F125/><W90/><G129/><T42/><D38/><U76/><E76/><V134/><F108/><W7/><G120/><T22/><D43/><U17/><E17/><V3/><F3/><W14/><G7/><N who="0" m="1263" /><D42/><U81/><E81/><V24/><F47/><W60/><G99/><T121/><D121/><U65/><E92/><V83/><F12/><W75/><G75/><T27/><D130/><U131/><E131/><V113/><F39/><W25/><G104/><T62/><D62/><U19/><E19/><V11/><F11/><W70/><G25/><N who="0" m="18927" /><D115/><U128/><E128/><V82/><F113/><W73/><G73/><T61/><D61/><U10/><E10/><V109/><F109/><N who="3" m="41483" /><G90/><T55/><D55/><AGARI ba="0,0" hai="4,8,14,44,50,55,60,66,70,84,85" m="41483" machi="55" ten="30,2000,0" yaku="14,1,52,1" doraHai="64" who="3" fromWho="0" sc="250,-20,250,0,240,0,260,20" /><INIT seed="2,0,0,1,0,108" ten="230,250,240,280" oya="2" hai0="4,103,74,78,63,40,13,10,34,56,6,84,17" hai1="91,135,58,122,120,1,115,65,27,97,124,57,101" hai2="127,132,59,62,11,81,111,29,53,129,9,2,70" hai3="21,66,0,55,102,35,119,105,112,80,92,52,42"/><V39/><F111/><W18/><G35/><T99/><D74/><U86/><E1/><V64/><F132/><W15/><G105/><T116/><D34/><U106/><E115/><V48/><F129/><W16/><G0/><T83/><D116/><U41/><E41/><V118/><F118/><W3/><G3/><T98/><D40/><U79/><E79/><V107/><F2/><W46/><G66/><T95/><REACH who="0" step="1"/><D99/><REACH who="0" ten="220,250,240,280" step="2"/><U32/><E32/><V114/><F39/><W33/><G33/><T75/><D75/><U85/><E97/><V44/><F29/><W31/><G31/><T19/><D19/><U23/><E135/><V131/><F131/><W128/><G18/><T26/><D26/><U134/><E27/><V68/><F11/><W60/><G128/><T5/><D5/><U25/><E25/><V133/><F9/><W123/><G119/><T71/><D71/><U94/><E134/><V14/><F70/><W24/><G24/><T109/><D109/><U126/><E23/><V8/><F68/><W125/><G21/><T73/><D73/><U76/><E122/><V20/><F20/><W87/><G123/><T50/><D50/><U30/><E120/><V45/><F48/><W28/><G16/><T22/><D22/><U104/><E30/><V117/><F8/><W7/><G7/><T130/><D130/><U49/><E49/><V43/><F117/><W51/><G51/><T90/><D90/><U89/><E89/><V54/><F43/><W12/><G42/><T113/><D113/><U61/><E91/><V38/><F114/><W69/><G112/><RYUUKYOKU ba="0,1" sc="220,30,250,-10,240,-10,280,-10" hai0="4,6,10,13,17,56,63,78,83,84,95,98,103" /><INIT seed="3,1,1,1,2,14" ten="250,240,230,270" oya="3" hai0="58,38,135,86,124,115,6,132,108,80,81,131,9" hai1="128,13,112,17,129,82,83,32,30,102,36,113,55" hai2="111,37,33,41,51,11,103,5,114,75,77,70,88" hai3="35,133,3,39,48,24,65,126,43,109,16,116,29"/><W47/><G116/><T52/><D38/><U95/><E36/><V42/><F114/><W79/><G3/><T99/><D115/><U92/><E55/><V106/><F70/><W26/><G79/><T85/><D99/><N who="1" m="59751" /><E95/><V119/><F33/><W100/><G100/><T49/><D108/><U53/><E53/><V72/><F119/><W76/><G76/><T105/><D105/><U21/><E83/><N who="0" m="31817" /><D124/><U8/><E82/><V87/><F77/><W125/><G65/><T78/><D78/><U66/><E66/><V10/><F37/><W46/><G133/><N who="0" m="51275" /><D131/><N who="1" m="50251" /><E32/><V4/><F111/><W101/><G101/><T25/><D25/><AGARI ba="1,1" hai="8,13,17,21,25,30,112,113" m="50251,59751" machi="25" ten="30,2000,0" yaku="19,1,52,1" doraHai="14" who="1" fromWho="0" sc="250,-23,240,33,230,0,270,0" /><INIT seed="4,0,0,0,0,43" ten="227,273,230,270" oya="0" hai0="98,112,37,127,125,80,0,68,105,2,67,106,83" hai1="124,91,25,4,49,115,109,116,38,59,1,55,28" hai2="57,52,89,117,6,58,133,29,101,70,103,33,26" hai3="16,87,65,11,13,44,56,102,123,99,73,15,96"/><T22/><D37/><U119/><E109/><V114/><F70/><W39/><G73/><T75/><D22/><U27/><E38/><V90/><F114/><W63/><G123/><T81/><D75/><U12/><E1/><N who="0" m="617" /><D98/><U10/><E115/><V5/><F117/><W53/><G39/><T107/><D112/><U85/><E124/><N who="0" m="47689" /><D67/><U24/><REACH who="1" step="1"/><E28/><REACH who="1" ten="227,263,230,270" step="2"/><V3/><F3/><W14/><G11/><T97/><D97/><U36/><E36/><V41/><F29/><W51/><G99/><T104/><N who="0" m="26624" /><DORA hai="69" /><T79/><D79/><U135/><E135/><V23/><F133/><W31/><G31/><T30/><D30/><U130/><E130/><V76/><F76/><W100/><G96/><T95/><D68/><U7/><E7/><V40/><F5/><W82/><REACH who="3" step="1"/><G16/><REACH who="3" ten="227,263,230,260" step="2"/><T17/><D17/><U134/><E134/><V47/><F6/><W54/><G54/><T9/><D9/><U45/><E45/><V61/><F52/><W122/><G122/><T8/><D8/><U19/><E19/><V120/><F47/><W35/><G35/><T21/><D21/><U72/><E72/><V34/><F23/><W46/><G46/><T18/><D18/><U32/><E32/><V48/><F120/><W74/><G74/><T88/><D95/><AGARI ba="0,2" hai="4,10,12,24,25,27,49,55,59,85,91,95,116,119" machi="95" ten="40,1300,0" yaku="1,1,53,0" doraHai="43,69" doraHaiUra="121,92" who="1" fromWho="0" sc="227,-13,263,33,230,0,260,0" /><INIT seed="5,0,0,0,1,4" ten="214,296,230,260" oya="1" hai0="9,41,121,24,5,96,118,29,40,101,135,16,108" hai1="102,44,56,43,39,25,84,11,132,58,36,104,75" hai2="45,105,38,92,31,55,2,47,107,61,28,34,106" hai3="79,51,70,23,63,0,128,66,14,32,109,126,125"/><U19/><E75/><V42/><F34/><W6/><G32/><T17/><D118/><U68/><E68/><V95/><F2/><W69/><G0/><T49/><D108/><U124/><E39/><V60/><F38/><W80/><G109/><T21/><D135/><U37/><E37/><V120/><F42/><W54/><G70/><T123/><D121/><U1/><E104/><V115/><F55/><W78/><G128/><T94/><D123/><U52/><E102/><V86/><F120/><W91/><G91/><T89/><D101/><U130/><E58/><V81/><F81/><W134/><G134/><T18/><REACH who="0" step="1"/><D49/><REACH who="0" ten="204,296,230,260" step="2"/><N who="1" m="30735" /><E132/><V131/><F131/><W72/><G51/><T103/><D103/><U73/><E130/><V117/><F117/><W76/><G125/><T57/><D57/><U99/><E124/><V87/><F107/><W59/><G126/><T113/><D113/><AGARI ba="0,1" hai="28,31,45,47,60,61,86,87,92,95,105,106,113,115" machi="113" ten="25,1600,0" yaku="22,2" doraHai="4" who="2" fromWho="0" sc="204,-16,296,0,230,26,260,0" /><INIT seed="6,0,0,0,1,56" ten="188,296,256,260" oya="2" hai0="75,128,114,94,33,73,107,8,112,109,121,88,95" hai1="16,74,93,39,101,2,35,86,37,29,25,14,62" hai2="87,18,21,23,69,55,80,5,77,49,96,110,116" hai3="9,24,51,40,83,48,19,50,122,28,115,53,113"/><V117/><F69/><W68/><G40/><T81/><D33/><U41/><E74/><N who="0" m="28169" /><D8/><U57/><E41/><V4/><F23/><W100/><G68/><T104/><D109/><U127/><E127/><V26/><F110/><W82/><G122/><T31/><D31/><U17/><E17/><V72/><F72/><W64/><G64/><T6/><D6/><U124/><E124/><V12/><F96/><W0/><G53/><T85/><D128/><U99/><E86/><V120/><F120/><W79/><G19/><T46/><D46/><U65/><E2/><V67/><F67/><W59/><G9/><AGARI ba="0,0" hai="9,14,16,25,29,35,37,39,57,62,65,93,99,101" machi="9" ten="30,3900,0" yaku="7,1,52,1,54,1" doraHai="56" who="1" fromWho="3" sc="188,0,296,39,256,0,260,-39" /><INIT seed="7,0,0,5,2,81" ten="188,335,256,221" oya="3" hai0="103,3,117,110,112,98,12,94,131,89,60,107,11" hai1="76,69,35,49,6,51,37,64,28,111,29,96,17" hai2="97,115,71,113,118,120,134,128,26,86,105,9,130" hai3="50,36,16,10,106,1,93,53,73,61,31,104,88"/><W125/><G36/><T7/><D110/><U57/><E6/><V132/><F71/><W72/><G31/><T63/><D117/><U13/><E76/><V33/><F9/><W100/><G61/><T90/><D131/><N who="2" m="50218" /><F26/><W74/><G100/><T5/><D112/><N who="2" m="43082" /><F33/><W30/><G30/><T95/><D3/><U85/><E57/><V75/><F75/><W24/><G125/><T126/><D126/><U79/><E64/><V2/><F2/><W38/><G1/><T65/><D5/><U23/><E17/><V45/><F45/><W123/><G123/><T55/><D55/><U52/><E52/><V84/><F118/><W62/><G62/><T32/><D32/><U0/><E23/><V108/><F108/><W46/><G24/><T40/><D40/><U34/><E0/><V109/><F120/><W91/><G38/><T4/><D4/><U119/><E29/><V47/><F47/><W78/><G10/><T133/><D133/><N who="2" m="51306" /><F109/><W67/><G46/><T121/><D121/><U42/><E28/><V25/><F25/><W58/><G53/><T129/><D129/><U92/><E111/><V122/><F122/><W101/><G72/><T82/><D82/><U70/><E119/><V80/><F80/><W15/><G73/><T48/><D48/><U8/><E51/><V19/><F19/><W135/><G50/><T22/><D22/><U39/><E49/><V14/><F14/><W56/><G74/><T99/><REACH who="0" step="1"/><D65/><REACH who="0" ten="178,335,256,221" step="2"/><U77/><E35/><V83/><F83/><W41/><G135/><T43/><D43/><U54/><E34/><V20/><F20/><RYUUKYOKU ba="0,1" sc="178,15,335,-15,256,15,221,-15" hai0="7,11,12,60,63,89,90,94,95,98,99,103,107" hai2="84,86,97,105" owari="193,-31.0,330,43.0,271,7.0,206,-19.0" /></mjloggm>