<mjloggm ver="2.3"><GO type="169" lobby="0"/><UN n0="%67%6F%75%73%69" n1="%61%76%71%38%37%30%30%33" n2="%E3%81%8A%E3%81%98%E3%81%95%E3%82%93" n3="%E3%83%88%E3%83%88%E3%83%AA%E5%85%88%E7%94%9F%31%39%E6%AD%B3" dan="17,16,18,17" rate="2153.73,2030.24,2241.57,2219.39" sx="M,M,M,F"/><TAIKYOKU oya="0"/><INIT seed="0,0,0,2,2,21" ten="250,250,250,250" oya="0" hai0="97,83,107,26,76,62,12,66,135,100,56,29,82" hai1="38,31,111,58,33,22,73,123,77,118,53,121,32" hai2="91,134,88,71,52,133,84,116,45,122,14,90,2" hai3="25,117,35,102,24,10,19,43,37,50,78,30,51"/><T105/><D135/><N who="2" m="51722" /><F122/><W54/><G117/><T126/><D126/><U110/><E38/><V16/><F2/><W125/><G125/><T42/><D42/><U74/><E77/><V93/><F71/><W1/><G102/><T59/><D12/><U64/><E64/><V95/><F116/><W130/><G130/><T70/><D105/><U8/><E8/><N who="2" m="6215" /><F84/><W3/><G78/><T98/><D98/><U55/><E118/><V9/><F9/><W23/><G37/><T28/><D28/><U7/><E121/><V68/><F68/><W72/><G72/><T128/><D128/><U86/><E86/><V11/><F11/><W99/><G99/><T40/><D40/><U5/><E123/><V27/><F27/><W80/><G10/><T20/><REACH who="0" step="1"/><D83/><REACH who="0" ten="240,250,250,250" step="2"/><U115/><E31/><V103/><F103/><W36/><G80/><T46/><D46/><U114/><E114/><V94/><F45/><W57/><G36/><T41/><D41/><U81/><E115/><V132/><F132/><W61/><REACH who="3" step="1"/><G43/><REACH who="3" ten="240,250,250,240" step="2"/><T75/><AGARI ba="0,2" hai="20,26,29,56,59,62,66,70,75,76,82,97,100,107" machi="75" ten="20,12000,1" yaku="1,1,0,1,7,1,52,1,53,1" doraHai="21" doraHaiUra="104" who="0" fromWho="0" sc="240,140,250,-40,250,-40,240,-40" /><INIT seed="0,1,0,4,3,15" ten="380,210,210,200" oya="0" hai0="61,88,62,127,52,87,18,44,6,108,60,22,70" hai1="9,68,100,99,0,1,80,28,35,64,27,133,112" hai2="63,51,120,34,31,121,95,57,24,96,109,126,3" hai3="131,104,56,134,91,69,71,47,105,21,106,43,122"/><T111/><D6/><U117/><E117/><V94/><F3/><W129/><G134/><T40/><D127/><U2/><E133/><V107/><F126/><W38/><G122/><T82/><D70/><U92/><E112/><V101/><F109/><N who="0" m="42058" /><D52/><U77/><E9/><V123/><REACH who="2" step="1"/><F51/><REACH who="2" ten="380,210,200,200" step="2"/><W130/><G130/><T113/><D113/><U75/><E2/><V33/><F33/><W115/><G115/><T39/><D61/><U8/><E1/><V17/><F17/><W20/><G131/><T103/><D103/><U23/><E0/><V102/><F102/><W36/><G129/><T67/><D67/><AGARI ba="1,1" hai="24,31,34,57,63,67,94,95,96,101,107,120,121,123" machi="67" ten="40,5200,0" yaku="1,1,53,2" doraHai="15" doraHaiUra="90" who="2" fromWho="0" sc="380,-55,210,0,200,65,200,0" /><INIT seed="1,0,0,0,3,58" ten="325,210,265,200" oya="1" hai0="15,126,60,50,7,57,128,1,131,18,53,82,134" hai1="9,39,90,91,26,38,10,37,73,78,101,98,42" hai2="76,74,29,77,103,79,48,114,52,19,71,51,107" hai3="8,99,35,135,12,43,63,20,72,36,96,6,67"/><U49/><E73/><V14/><F71/><W31/><G72/><T2/><D7/><U47/><E78/><V17/><F29/><W45/><G35/><T125/><D82/><U64/><E64/><V116/><F116/><W81/><G135/><T85/><D85/><U4/><E26/><V62/><F74/><W66/><G66/><T89/><D89/><U110/><E110/><V59/><F114/><W109/><G109/><T40/><D134/><U68/><E68/><V22/><REACH who="2" step="1"/><F19/><REACH who="2" ten="325,210,255,200" step="2"/><W129/><G31/><T65/><D126/><U80/><E80/><V132/><F132/><W92/><G81/><T108/><D125/><U113/><E113/><V123/><F123/><W133/><G133/><T27/><D108/><U28/><E28/><V84/><F84/><W95/><G99/><AGARI ba="0,1" hai="14,17,22,48,51,52,59,62,76,77,79,99,103,107" machi="99" ten="40,5200,0" yaku="1,1,52,1,54,1,53,0" doraHai="58" doraHaiUra="5" who="2" fromWho="3" sc="325,0,210,0,255,62,200,-52" /><INIT seed="2,0,0,1,4,74" ten="325,210,317,148" oya="2" hai0="104,59,80,58,53,2,47,109,21,129,130,122,94" hai1="88,41,33,31,108,42,5,76,4,93,126,92,46" hai2="78,60,87,83,103,11,22,34,95,105,12,118,113" hai3="40,25,70,99,86,1,131,133,110,48,37,114,132"/><V45/><F113/><W67/><G1/><T29/><D104/><U16/><E31/><V107/><F34/><W98/><G114/><T96/><D2/><U68/><E33/><V44/><F118/><W125/><G37/><T84/><D109/><U17/><E68/><V79/><F107/><W85/><G110/><T89/><D122/><U49/><E108/><V35/><F35/><W121/><G121/><T7/><D7/><N who="1" m="2635" /><E93/><V54/><F105/><W73/><G73/><T43/><D29/><U57/><E57/><N who="2" m="34871" /><F11/><W119/><G119/><T8/><D21/><U61/><E61/><V127/><F127/><W64/><G125/><T30/><D30/><U106/><E106/><V112/><F112/><W62/><G70/><T117/><D8/><U20/><E76/><N who="2" m="29227" /><F83/><W28/><G132/><T111/><D111/><U77/><E126/><V123/><F123/><W100/><G133/><T56/><D117/><U65/><E20/><V101/><F87/><W128/><G86/><T50/><D129/><U134/><E134/><V24/><F12/><W3/><G85/><T72/><D130/><U52/><E77/><V10/><F10/><W55/><G3/><T135/><D72/><U120/><E120/><V6/><F6/><W39/><G131/><T90/><REACH who="0" step="1"/><D135/><REACH who="0" ten="315,210,317,148" step="2"/><U69/><E17/><N who="2" m="12367" /><F103/><W19/><G100/><T66/><D66/><U26/><E65/><V13/><F13/><W18/><G128/><T81/><D81/><U102/><E102/><V116/><F116/><W97/><G67/><T32/><D32/><U15/><E69/><V0/><F0/><W124/><G124/><RYUUKYOKU ba="0,1" sc="315,15,210,-15,317,15,148,-15" hai0="43,47,50,53,56,58,59,80,84,89,90,94,96" hai2="44,45,95,101" /><INIT seed="2,1,1,1,0,74" ten="330,195,332,133" oya="2" hai0="80,114,37,69,110,44,117,56,131,70,86,85,24" hai1="20,62,66,97,26,14,92,112,96,28,25,103,75" hai2="91,40,100,95,17,52,89,84,107,43,49,35,53" hai3="50,2,102,83,22,76,121,94,41,4,98,48,65"/><V5/><F35/><W105/><G121/><T3/><D3/><U12/><E112/><V99/><F5/><W78/><G105/><T93/><D114/><U111/><E75/><V57/><F17/><W16/><G65/><T129/><D117/><U88/><E25/><V13/><F13/><N who="3" m="9487" /><G2/><T124/><D93/><U64/><E111/><V135/><F135/><W29/><G83/><T47/><D24/><U7/><E7/><V101/><F101/><W133/><G133/><T82/><D56/><U55/><E55/><V61/><REACH who="2" step="1"/><F91/><REACH who="2" ten="330,195,322,133" step="2"/><W113/><G113/><T72/><D110/><U67/><REACH who="1" step="1"/><E62/><REACH who="1" ten="330,185,322,133" step="2"/><V38/><F38/><W104/><G4/><T23/><D37/><U63/><E63/><V21/><F21/><W11/><G11/><T33/><D23/><U119/><E119/><V39/><F39/><W42/><G29/><T31/><D33/><U19/><E19/><V71/><F71/><W18/><G18/><T77/><D31/><U34/><E34/><V30/><F30/><W87/><G48/><T8/><D8/><U6/><E6/><V9/><F9/><W130/><G50/><T36/><D36/><U73/><E73/><V127/><F127/><W109/><G109/><T134/><D72/><U128/><E128/><V123/><F123/><W118/><G130/><T59/><D134/><U79/><E79/><V1/><F1/><W126/><G126/><T108/><D77/><N who="3" m="29801" /><G118/><T90/><D108/><U116/><E116/><V27/><F27/><W0/><G0/><T58/><D124/><U32/><E32/><V122/><F122/><W46/><G46/><AGARI ba="1,3" hai="40,43,46,49,52,53,57,61,84,89,95,99,100,107" machi="46" ten="30,18000,2" yaku="1,1,6,1,7,1,54,1,53,2" doraHai="74" doraHaiUra="51" who="2" fromWho="3" sc="330,0,185,0,322,213,133,-183" owari="330,13.0,185,-21.0,535,63.0,-50,-55.0" /></mjloggm>