<mjloggm ver="2.3"><GO type="225" lobby="0"/><UN n0="%E9%87%98%E5%AE%AE%E7%97%85%E6%82%A3%E8%80%85" n1="%E3%83%88%E3%83%88%E3%83%AA%E5%85%88%E7%94%9F%31%39%E6%AD%B3" n2="%E3%81%8D%E3%81%8F%E3%81%A6%E3%81%83%E3%81%99%E2%98%86" n3="%E5%A4%A7%E5%AE%AE%E5%BF%8D%76" dan="16,18,17,16" rate="2202.39,2280.14,2161.69,2160.28" sx="F,F,M,M"/><TAIKYOKU oya="0"/><INIT seed="0,0,0,5,5,31" ten="250,250,250,250" oya="0" hai0="26,18,120,132,116,0,21,125,76,42,96,8,126" hai1="24,59,38,90,15,22,92,119,84,1,35,91,101" hai2="94,6,36,118,13,111,16,97,131,112,127,9,109" hai3="74,83,3,33,117,134,69,30,75,78,73,32,108"/><T19/><D116/><U56/><E119/><V65/><F118/><W72/><G108/><N who="2" m="41545" /><F36/><W39/><G117/><T11/><D76/><U67/><E1/><V55/><F112/><W88/><G88/><N who="1" m="33834" /><E35/><N who="3" m="13386" /><G30/><N who="0" m="17743" /><D42/><U14/><E38/><V62/><F131/><W40/><G134/><T85/><D85/><U133/><E133/><V87/><F127/><N who="0" m="48650" /><D96/><N who="1" m="59527" /><E84/><V107/><F87/><W106/><G3/><T41/><D41/><U50/><E50/><V23/><F107/><W66/><G106/><T12/><D132/><U63/><E59/><V43/><F43/><W27/><G27/><T89/><D89/><U37/><E37/><V17/><F55/><W105/><G105/><T81/><D81/><U68/><E68/><N who="2" m="42039" /><F23/><W135/><G135/><T70/><D70/><U79/><E79/><V64/><F64/><W129/><G129/><T58/><D120/><U10/><E10/><N who="0" m="3625" /><D58/><U44/><E44/><V28/><F28/><AGARI ba="0,0" hai="14,15,22,24,28,56,63,67" m="59527,33834" machi="28" ten="30,3900,0" yaku="25,1,8,1,54,1" doraHai="31" who="1" fromWho="2" sc="250,0,250,39,250,-39,250,0" /><INIT seed="1,0,0,1,5,85" ten="250,289,211,250" oya="1" hai0="127,79,49,31,134,87,120,109,12,67,19,3,25" hai1="83,112,40,97,7,48,105,0,130,128,65,29,101" hai2="22,17,35,30,4,14,104,20,74,99,110,116,32" hai3="16,103,84,66,6,57,42,77,80,88,11,60,50"/><U86/><E112/><V51/><F74/><W132/><G132/><T98/><D3/><U82/><E65/><V53/><F116/><W69/><G103/><T5/><D134/><U45/><E29/><V63/><F110/><W15/><G69/><T75/><D75/><U36/><E82/><V70/><F4/><W21/><G42/><T26/><D109/><U81/><E83/><V28/><F70/><W114/><G114/><T9/><D127/><U91/><E7/><V68/><F68/><W131/><G131/><N who="1" m="50218" /><E0/><V52/><F63/><W100/><G50/><AGARI ba="0,0" hai="36,40,45,48,50,81,86,91,97,101,105" m="50218" machi="50" ten="30,2900,0" yaku="19,1,52,1" doraHai="85" who="1" fromWho="3" sc="250,0,289,29,211,0,250,-29" /><INIT seed="1,1,0,2,3,72" ten="250,318,211,221" oya="1" hai0="39,111,132,45,57,96,12,116,108,21,93,102,14" hai1="35,30,135,70,41,130,134,131,103,66,99,133,78" hai2="48,68,15,88,38,37,118,124,95,110,84,27,76" hai3="87,123,29,20,54,44,59,5,85,13,22,52,55"/><U90/><E41/><V61/><F118/><W7/><G123/><T51/><D116/><U128/><E90/><V47/><F124/><W53/><G44/><T91/><D132/><U63/><E78/><V120/><F120/><W107/><G107/><T19/><D102/><U117/><E117/><V49/><F110/><N who="0" m="42026" /><D39/><U89/><E89/><V112/><F112/><W115/><G115/><T24/><D57/><U86/><E86/><N who="3" m="32778" /><G29/><T2/><D2/><U8/><E8/><V0/><F0/><W31/><G31/><T125/><D125/><U60/><E60/><V6/><F27/><W11/><G5/><T25/><D25/><N who="1" m="18895" /><E135/><V33/><F33/><W42/><G42/><AGARI ba="1,0" hai="12,14,19,21,24,42,45,51,91,93,96" m="42026" machi="42" ten="30,1000,0" yaku="14,1" doraHai="72" who="0" fromWho="3" sc="250,13,318,0,211,0,221,-13" /><INIT seed="2,0,0,3,1,93" ten="263,318,211,208" oya="2" hai0="50,32,106,89,26,15,12,9,100,56,130,46,23" hai1="69,42,22,117,74,83,40,52,81,107,118,105,47" hai2="73,87,30,76,37,11,20,59,17,113,120,31,134" hai3="70,38,79,94,36,91,110,10,35,28,8,13,54"/><V85/><F120/><W129/><G70/><T41/><D130/><U98/><E69/><V84/><F113/><W112/><G129/><T96/><D32/><U45/><E22/><V49/><F37/><W97/><G110/><T0/><D89/><U95/><E95/><V44/><F134/><W102/><G112/><T39/><D0/><U92/><E92/><V62/><F11/><W126/><G126/><T1/><D1/><U125/><E74/><V108/><F108/><W53/><G79/><T33/><D33/><U68/><E68/><V119/><F119/><W86/><G36/><T55/><REACH who="0" step="1"/><D9/><REACH who="0" ten="253,318,211,208" step="2"/><U88/><E88/><V25/><F76/><W43/><G8/><T67/><D67/><U51/><E118/><V72/><F72/><W6/><G35/><T71/><D71/><U109/><E117/><V104/><F73/><W18/><G28/><AGARI ba="0,1" hai="12,15,23,26,28,39,41,46,50,55,56,96,100,106" machi="28" ten="30,3900,0" yaku="1,1,7,1,52,1,53,0" doraHai="93" doraHaiUra="60" who="0" fromWho="3" sc="253,49,318,0,211,0,208,-39" /><INIT seed="3,0,0,5,5,95" ten="302,318,211,169" oya="3" hai0="69,5,33,77,60,126,86,8,27,41,52,127,103" hai1="117,88,1,123,93,96,16,6,35,4,70,63,116" hai2="62,22,108,67,89,79,20,71,134,113,44,101,45" hai3="13,90,32,110,37,12,23,36,124,11,80,83,130"/><W38/><G32/><T84/><D41/><U43/><E123/><V74/><F113/><W10/><G130/><T46/><D103/><U121/><E121/><V19/><F108/><W39/><N who="3" m="9216" /><DORA hai="68" /><W91/><G23/><T21/><D33/><U7/><E43/><V48/><F134/><W24/><G24/><T105/><D105/><U66/><E35/><V120/><F120/><W102/><G102/><T53/><D69/><U40/><E40/><V109/><F109/><W100/><G100/><T9/><D60/><U85/><E16/><V92/><F101/><W81/><G110/><T107/><D107/><U133/><E133/><V135/><F135/><W18/><REACH who="3" step="1"/><G124/><REACH who="3" ten="302,318,211,159" step="2"/><T119/><D21/><U29/><E29/><V65/><F22/><W125/><G125/><T99/><D27/><U14/><E116/><V78/><F20/><W58/><G58/><T34/><D119/><U72/><E117/><V30/><F71/><W51/><G51/><T104/><D34/><U55/><E70/><V82/><F48/><W98/><G98/><T129/><D99/><U112/><E96/><V28/><F62/><W56/><G56/><T75/><D129/><U122/><E63/><V15/><F45/><W94/><G94/><T3/><D46/><U0/><E93/><V128/><F44/><W132/><G132/><T73/><D126/><U106/><E122/><V131/><F128/><W17/><AGARI ba="0,1" hai="10,11,12,13,17,18,80,81,83,90,91" m="9216" machi="17" ten="60,18000,2" yaku="1,1,0,1,9,1,52,4,53,0" doraHai="95,68" doraHaiUra="42,118" who="3" fromWho="3" sc="302,-60,318,-60,211,-60,159,190" owari="242,-16.0,258,6.0,151,-35.0,349,45.0" /></mjloggm>