<mjloggm ver="2.3"><GO type="225" lobby="0"/><UN n0="%E3%82%AB%E3%83%A9%E3%82%B9%E3%81%AE%E5%AD%90" n1="%64%61%7A%61%69" n2="%E5%B0%B1%E6%B4%BB%E7%94%9F%40%E5%B7%9D%E6%9D%91%E8%BB%8D%E5%9B%A3" n3="%72%61%74%65%72%61%74%65" dan="16,16,17,16" rate="2106.36,2112.24,2092.18,2120.80" sx="M,F,M,M"/><TAIKYOKU oya="0"/><INIT seed="0,0,0,4,2,29" ten="250,250,250,250" oya="0" hai0="105,22,3,32,48,85,45,1,84,54,43,94,64" hai1="135,11,81,16,24,19,134,79,13,65,78,60,59" hai2="8,6,40,41,18,52,83,128,63,31,127,7,42" hai3="61,133,115,38,74,106,91,87,77,50,36,108,5"/><T56/><D105/><U44/><E44/><V4/><F127/><W112/><G106/><T62/><D32/><U119/><E119/><V113/><F128/><W118/><G118/><T12/><D12/><U28/><E19/><V130/><F130/><W73/><G108/><T0/><D22/><U98/><E98/><V80/><F31/><W20/><G133/><N who="1" m="50698" /><E81/><V39/><F39/><W21/><G61/><T99/><REACH who="0" step="1"/><D64/><REACH who="0" ten="240,250,250,250" step="2"/><U76/><E79/><V14/><F113/><W71/><G77/><T82/><D82/><U58/><E59/><AGARI ba="0,1" hai="4,6,7,8,14,18,40,41,42,52,59,63,80,83" machi="59" ten="40,2600,0" yaku="8,1,54,1" doraHai="29" who="2" fromWho="1" sc="240,0,250,-26,250,36,250,0" /><INIT seed="1,0,0,4,0,56" ten="240,224,286,250" oya="1" hai0="47,35,14,10,90,88,119,120,80,29,129,16,38" hai1="4,124,25,11,48,36,37,42,97,68,114,0,23" hai2="46,108,51,118,19,126,6,61,113,9,122,78,22" hai3="2,12,127,87,111,31,13,102,82,53,52,99,33"/><U58/><E114/><V106/><F113/><W7/><G111/><T59/><D119/><U60/><E124/><V94/><F108/><W125/><G2/><T134/><D129/><U3/><E3/><V84/><F106/><W73/><G73/><T15/><D134/><U18/><E68/><V30/><F118/><W75/><G75/><T104/><D104/><U28/><E48/><V133/><F122/><W26/><G7/><T24/><D120/><U101/><E42/><V74/><F74/><W63/><G53/><T112/><D112/><U72/><E18/><V55/><F126/><N who="3" m="48139" /><G87/><T95/><D80/><U67/><REACH who="1" step="1"/><E72/><REACH who="1" ten="240,214,286,250" step="2"/><V109/><F133/><W39/><G39/><T62/><D38/><U92/><AGARI ba="0,1" hai="0,4,11,23,25,28,36,37,58,60,67,92,97,101" machi="92" ten="20,24000,3" yaku="1,1,2,1,0,1,7,1,25,2,52,1,53,1" doraHai="56" doraHaiUra="21" who="1" fromWho="1" sc="240,-80,214,250,286,-80,250,-80" /><INIT seed="1,1,0,3,4,43" ten="160,464,206,170" oya="1" hai0="86,129,133,99,134,36,64,128,35,9,33,93,110" hai1="42,98,4,44,104,32,55,117,31,8,62,17,7" hai2="48,58,121,127,91,49,47,83,37,80,84,78,18" hai3="46,72,118,65,73,57,67,27,88,23,113,40,74"/><U20/><E117/><V135/><F121/><W123/><G123/><T130/><D36/><U5/><E32/><N who="0" m="12361" /><D110/><U107/><E31/><V34/><F34/><W71/><G118/><T76/><D64/><U66/><E55/><N who="2" m="32103" /><F37/><W92/><G113/><T131/><N who="0" m="33280" /><DORA hai="116" /><T10/><D86/><U77/><E77/><V126/><F135/><N who="0" m="51722" /><D76/><U106/><E8/><N who="0" m="3177" /><D93/><U50/><E98/><AGARI ba="1,0" hai="98,99" m="3177,51722,33280,12361" machi="98" ten="70,8000,1" yaku="28,2,19,1,20,1" doraHai="43,116" who="0" fromWho="1" sc="160,83,464,-83,206,0,170,0" /><INIT seed="2,0,0,3,0,134" ten="243,381,206,170" oya="2" hai0="36,96,35,41,37,23,32,105,89,103,120,43,56" hai1="48,42,25,13,17,44,117,78,104,85,28,98,65" hai2="100,119,26,128,72,69,121,94,125,34,110,30,52" hai3="38,123,135,108,33,9,6,0,15,18,47,124,86"/><V3/><RYUUKYOKU type="yao9" ba="0,0" sc="243,0,381,0,206,0,170,0" hai2="3,26,30,34,52,69,72,94,100,110,119,121,125,128" /><INIT seed="2,1,0,3,4,27" ten="243,381,206,170" oya="2" hai0="78,70,81,19,63,30,90,84,11,73,85,28,18" hai1="23,119,56,33,94,88,51,67,50,6,133,21,35" hai2="101,58,14,9,5,66,49,62,113,74,86,47,134" hai3="22,91,7,13,44,100,98,59,79,116,107,123,71"/><V39/><F74/><W129/><G123/><T135/><D135/><U46/><E119/><V76/><F134/><W124/><G116/><T41/><D73/><U112/><E112/><V92/><F113/><W57/><G71/><T4/><D41/><U61/><E133/><V103/><F39/><W37/><G124/><T127/><D127/><U87/><E35/><V0/><F0/><W83/><G129/><T109/><D109/><U68/><E33/><V93/><F93/><W97/><G97/><T69/><D69/><U54/><REACH who="1" step="1"/><E6/><REACH who="1" ten="243,371,206,170" step="2"/><V126/><F126/><W102/><G7/><T40/><D4/><U117/><E117/><V82/><REACH who="2" step="1"/><F92/><REACH who="2" ten="243,371,196,170" step="2"/><W25/><G107/><T24/><D81/><U1/><E1/><V114/><F114/><W110/><G83/><T65/><D70/><U26/><E26/><V38/><F38/><W20/><G25/><T120/><D24/><U105/><E105/><V95/><F95/><W80/><G37/><T89/><D120/><U106/><E106/><V43/><AGARI ba="1,2" hai="5,9,14,43,47,49,58,62,66,76,82,86,101,103" machi="43" ten="20,18000,2" yaku="1,1,0,1,7,1,25,2,8,1,53,1" doraHai="27" doraHaiUra="72" who="2" fromWho="2" sc="243,-61,371,-61,196,203,170,-61" /><INIT seed="2,2,0,1,1,4" ten="182,310,399,109" oya="2" hai0="105,35,28,73,11,58,21,16,30,98,59,69,83" hai1="107,89,102,120,31,13,106,8,43,6,123,18,60" hai2="45,20,19,22,15,99,77,61,33,29,37,5,118" hai3="96,53,114,7,79,92,131,100,14,124,62,74,95"/><V9/><F118/><W94/><G114/><T38/><D38/><U115/><E115/><V32/><F77/><W50/><G124/><T39/><D39/><U0/><E31/><V70/><F70/><W36/><G36/><T80/><D69/><U67/><E43/><V121/><F61/><W127/><G127/><T104/><D73/><U10/><E102/><V47/><F37/><W130/><G62/><T27/><D35/><N who="2" m="13386" /><F47/><W12/><G79/><T48/><D48/><U97/><E97/><V75/><F99/><W25/><G25/><T134/><D134/><U51/><E51/><V55/><F45/><W65/><G65/><T2/><D2/><U82/><E82/><V116/><F55/><W54/><G74/><T91/><D27/><U129/><E89/><V23/><F75/><W113/><G113/><T108/><D21/><N who="2" m="8298" /><F116/><W103/><G96/><T112/><D98/><U63/><E63/><V126/><F126/><W26/><G50/><T117/><D112/><U76/><E76/><V17/><F121/><N who="1" m="46665" /><E129/><V101/><F101/><W46/><G103/><T1/><D117/><U71/><AGARI ba="2,0" hai="0,6,8,10,13,18,60,67,71,106,107" m="46665" machi="71" ten="30,4000,0" yaku="13,1,52,2" doraHai="4" who="1" fromWho="1" sc="182,-12,310,46,399,-22,109,-12" /><INIT seed="3,0,0,3,1,123" ten="170,356,377,97" oya="3" hai0="21,23,31,61,111,15,45,65,127,52,131,114,14" hai1="82,18,54,43,59,3,66,30,63,26,133,50,19" hai2="76,68,94,132,117,116,62,48,49,70,7,8,25" hai3="22,98,87,1,33,112,17,93,97,46,24,57,106"/><W83/><G1/><T64/><D131/><U41/><E133/><V16/><F132/><W126/><G112/><T55/><D114/><U47/><E3/><V96/><F76/><W13/><G126/><T9/><D127/><U122/><E122/><V80/><F80/><W4/><G106/><T77/><D77/><U102/><E102/><V91/><F117/><W74/><G74/><T118/><D45/><U90/><E90/><V130/><F116/><W85/><G33/><T129/><D129/><U105/><E105/><V60/><F130/><W53/><G46/><T29/><D9/><U58/><E82/><V35/><F70/><W56/><G56/><T39/><D118/><U89/><E89/><V36/><F36/><W5/><G97/><T103/><D103/><U110/><E110/><V44/><F68/><W99/><G99/><T27/><D61/><N who="2" m="23658" /><F35/><W32/><G32/><T128/><D128/><U134/><E134/><V10/><F7/><N who="3" m="2635" /><G24/><T12/><D27/><U6/><E6/><V75/><F75/><W101/><G83/><T51/><D39/><U124/><E124/><V135/><F135/><W108/><G108/><T40/><D111/><U84/><E84/><V71/><F71/><W34/><G34/><T28/><D40/><N who="1" m="15435" /><E59/><V78/><F78/><W113/><G113/><T95/><D95/><U42/><N who="1" m="15443" /><U72/><DORA hai="107" /><E72/><V69/><F69/><W109/><G109/><T73/><D73/><U37/><E37/><V81/><F81/><W20/><G20/><AGARI ba="0,0" hai="18,19,20,26,30,47,50,54,58,63,66" m="15443" machi="20" ten="30,1000,0" yaku="8,1" doraHai="123,107" who="1" fromWho="3" sc="170,0,356,10,377,0,97,-10" owari="170,-23.0,366,17.0,377,47.0,87,-41.0" /></mjloggm>