<mjloggm ver="2.3"><GO type="225" lobby="0"/><UN n0="%72%69%6F%75%63%68%61%6E" n1="%E3%83%89%E3%83%BC%E3%83%A0%E3%81%AE%E8%81%B7%E4%BA%BA" n2="%E3%83%88%E3%83%88%E3%83%AA%E5%85%88%E7%94%9F%31%39%E6%AD%B3" n3="%6B%6F%75%33%32%38%34" dan="16,18,17,16" rate="2014.54,2302.55,2139.38,2052.75" sx="M,M,F,M"/><TAIKYOKU oya="0"/><INIT seed="0,0,0,1,0,54" ten="250,250,250,250" oya="0" hai0="4,133,79,82,58,2,127,96,17,53,46,122,93" hai1="48,5,19,37,81,89,111,71,22,131,11,101,99" hai2="36,59,112,9,119,86,0,123,103,24,34,90,118" hai3="75,42,70,130,12,115,77,74,47,20,10,62,28"/><T55/><D122/><U7/><E37/><V98/><F112/><W132/><G115/><T100/><D127/><U61/><E111/><V13/><F36/><W102/><G102/><T120/><D120/><U95/><E131/><V1/><F123/><W6/><G132/><T21/><D133/><U128/><E128/><V33/><F1/><W116/><G116/><N who="2" m="44585" /><F0/><W67/><G77/><T25/><D46/><U84/><E11/><V80/><F24/><W109/><G109/><T29/><D29/><U66/><REACH who="1" step="1"/><E48/><REACH who="1" ten="250,240,250,250" step="2"/><V110/><F110/><W135/><G130/><T106/><D2/><U94/><E94/><V125/><F125/><W43/><G135/><T68/><D106/><U23/><E23/><V30/><F34/><W50/><G20/><T63/><D4/><U56/><E56/><V39/><F59/><W113/><G113/><T83/><D68/><U8/><E8/><V76/><F33/><W126/><G126/><T27/><D27/><AGARI ba="0,1" hai="5,7,19,22,27,61,66,71,81,84,89,95,99,101" machi="27" ten="30,2000,0" yaku="1,1,7,1,53,0" doraHai="54" doraHaiUra="51" who="1" fromWho="0" sc="250,-20,240,30,250,0,250,0" /><INIT seed="1,0,0,1,3,45" ten="230,270,250,250" oya="1" hai0="96,31,94,78,52,133,75,49,0,36,70,63,14" hai1="79,110,85,16,8,28,35,67,95,74,30,23,88" hai2="105,15,12,65,111,113,60,81,2,13,92,56,101" hai3="106,51,24,11,80,10,53,47,33,99,128,83,122"/><U132/><E132/><V127/><F2/><W21/><G122/><T108/><D36/><U107/><E107/><V72/><F105/><W130/><G33/><T39/><D39/><U20/><E35/><V68/><F111/><W48/><G106/><T37/><D37/><U46/><E110/><V98/><F127/><W22/><G99/><T134/><D108/><U104/><E104/><V29/><F113/><W40/><G22/><N who="1" m="8234" /><E74/><V17/><F29/><W26/><G26/><T112/><D0/><U9/><E67/><V117/><F117/><W114/><G114/><T125/><D112/><U69/><E69/><V90/><F68/><W38/><G38/><T118/><D118/><U119/><E119/><V91/><F72/><W135/><G135/><N who="0" m="51723" /><D125/><U5/><E5/><V32/><F32/><W3/><G3/><T73/><D31/><U18/><E79/><V103/><F17/><N who="1" m="6761" /><E46/><V77/><F77/><W121/><G121/><T102/><D78/><U6/><E8/><N who="3" m="3114" /><G21/><T43/><D70/><U115/><E115/><V84/><AGARI ba="0,0" hai="12,13,15,56,60,65,81,84,90,91,92,98,101,103" machi="84" ten="30,2000,0" yaku="0,1,8,1" doraHai="45" who="2" fromWho="2" sc="230,-5,270,-10,250,20,250,-5" /><INIT seed="2,0,0,4,4,93" ten="225,260,270,245" oya="2" hai0="4,40,67,103,74,25,118,55,108,38,41,86,24" hai1="33,117,84,13,1,90,19,26,88,65,54,16,113" hai2="29,50,105,109,53,21,66,110,83,100,128,52,91" hai3="134,48,102,98,82,69,9,81,101,36,59,129,79"/><V115/><F115/><W76/><G69/><T45/><D74/><U126/><E1/><V95/><F128/><W60/><G36/><T6/><D118/><U7/><E117/><V123/><F123/><W80/><G134/><T70/><D108/><N who="2" m="41578" /><F66/><W114/><G129/><T27/><D103/><U61/><E113/><V47/><F83/><W124/><G124/><T75/><D75/><U46/><E126/><V127/><F127/><W97/><G9/><T119/><D119/><U125/><E7/><N who="0" m="2601" /><D38/><U35/><E35/><V135/><F135/><W43/><G114/><T17/><D70/><U10/><E125/><V58/><F100/><N who="3" m="38507" /><G48/><N who="0" m="29071" /><D67/><U72/><E72/><V37/><F105/><W44/><G44/><T85/><D17/><U14/><E33/><V56/><F37/><W51/><G51/><T39/><D39/><U32/><E32/><V131/><F131/><W77/><G43/><AGARI ba="0,0" hai="24,25,27,40,41,43,85,86" m="29071,2601" machi="43" ten="30,1000,0" yaku="8,1" doraHai="93" who="0" fromWho="3" sc="225,10,260,0,270,0,245,-10" /><INIT seed="3,0,0,2,1,61" ten="235,260,270,235" oya="3" hai0="89,103,109,58,32,77,135,128,104,95,100,67,40" hai1="114,83,48,18,24,33,105,132,20,108,122,80,52" hai2="15,129,27,17,42,121,91,39,31,72,123,115,22" hai3="76,8,26,50,79,59,75,29,126,84,99,25,78"/><W125/><G75/><T98/><D32/><U112/><E122/><N who="2" m="46603" /><F72/><W118/><G118/><T106/><D40/><U102/><E108/><V97/><F97/><W111/><G111/><T131/><D109/><U87/><E132/><V43/><F39/><W133/><G133/><T93/><D135/><U19/><E33/><N who="2" m="20735" /><F91/><W68/><G68/><T55/><D77/><U130/><E130/><N who="0" m="49705" /><D100/><U49/><E49/><V53/><F129/><W47/><G8/><T38/><D38/><U134/><E134/><V73/><F73/><W35/><G25/><T113/><D113/><U64/><E102/><V30/><F53/><W37/><G99/><N who="0" m="57775" /><D55/><U71/><E105/><N who="0" m="40553" /><D58/><U127/><E114/><V10/><F42/><N who="3" m="24951" /><G59/><T12/><D12/><U90/><E112/><V119/><F43/><W69/><G69/><T21/><D21/><U9/><E71/><V82/><F22/><W41/><G41/><T28/><D28/><U5/><E20/><V0/><F30/><W34/><G37/><T116/><D116/><U88/><E24/><V85/><F119/><W92/><G34/><T51/><D51/><U13/><E48/><V11/><F115/><W4/><G4/><T7/><D7/><U2/><E52/><V94/><F10/><W57/><G57/><T56/><D56/><U1/><E5/><V107/><F107/><W74/><G74/><T70/><D70/><U60/><E13/><V110/><F110/><W54/><G54/><T124/><D124/><N who="3" m="47721" /><G76/><T14/><D14/><N who="1" m="7503" /><E127/><V101/><F101/><W66/><G66/><AGARI ba="0,0" hai="66,67,95,98,103" m="40553,57775,49705" machi="66" ten="30,3900,0" yaku="19,1,52,2" doraHai="61" who="0" fromWho="3" sc="235,39,260,0,270,0,235,-39" /><INIT seed="4,0,0,2,3,91" ten="274,260,270,196" oya="0" hai0="100,29,73,83,55,57,62,132,115,80,20,72,12" hai1="69,117,120,71,85,130,126,133,78,116,54,49,15" hai2="135,93,75,121,125,56,58,14,42,82,110,92,53" hai3="99,65,128,95,35,33,50,36,43,104,4,86,98"/><T87/><D100/><U114/><E120/><V88/><F121/><W74/><G74/><T127/><D115/><U45/><E114/><V8/><F110/><W19/><G36/><T84/><D127/><U111/><E111/><V131/><F125/><W108/><G108/><T96/><D96/><U24/><E126/><V66/><F131/><W27/><G128/><T48/><D132/><U9/><E130/><V47/><F135/><W102/><G4/><T60/><D73/><U107/><E107/><V70/><F70/><W18/><G65/><T28/><D72/><U94/><E133/><V79/><F66/><W17/><G86/><N who="0" m="32811" /><D12/><U41/><E24/><V89/><F89/><W112/><G112/><T11/><D11/><U101/><E54/><V0/><F0/><W39/><G39/><T122/><D122/><U2/><E2/><V7/><F88/><W46/><REACH who="3" step="1"/><G27/><REACH who="3" ten="274,260,270,186" step="2"/><T3/><D3/><U6/><E117/><V10/><F7/><W40/><G40/><T81/><D29/><U68/><E116/><V97/><F42/><W76/><G76/><T77/><D77/><U118/><E118/><V103/><F79/><W64/><G64/><T109/><D109/><U90/><E78/><V105/><F75/><W22/><G22/><T30/><D30/><U67/><E67/><V5/><F8/><W124/><G124/><T106/><D28/><U52/><E41/><V21/><F21/><W59/><G59/><T34/><D20/><U44/><E44/><V32/><F47/><W13/><G13/><T16/><D57/><U23/><E23/><V61/><F58/><RYUUKYOKU ba="0,1" sc="274,-15,260,15,270,-15,186,15" hai1="6,9,15,45,49,52,68,69,71,85,90,94,101" hai3="17,18,19,33,35,43,46,50,95,98,99,102,104" /><INIT seed="5,1,1,2,1,61" ten="259,275,255,201" oya="1" hai0="75,102,85,128,40,6,54,92,43,22,133,55,119" hai1="127,14,65,63,11,70,56,9,124,120,94,101,96" hai2="17,134,47,48,110,126,8,118,30,105,38,84,122" hai3="5,117,115,27,26,50,51,13,62,90,36,72,29"/><U35/><E120/><V87/><F110/><W66/><G36/><T107/><D119/><U130/><E35/><V57/><F118/><W42/><G117/><T19/><D75/><U44/><E130/><V16/><F122/><W114/><G72/><T79/><D128/><U23/><E44/><V80/><F105/><W86/><G5/><T20/><D107/><U2/><E2/><V111/><F111/><W132/><G13/><N who="0" m="9327" /><D6/><N who="1" m="3383" /><E11/><V100/><F134/><W34/><G26/><T1/><D1/><U135/><E135/><V89/><F126/><N who="1" m="48169" /><E23/><V60/><F100/><W58/><G132/><T25/><D102/><U12/><E12/><V74/><F38/><W113/><REACH who="3" step="1"/><G42/><REACH who="3" ten="259,275,255,191" step="2"/><T10/><D133/><U32/><E32/><V15/><F74/><W76/><G76/><T99/><D43/><U49/><E49/><V68/><F15/><W41/><G41/><T64/><D40/><U24/><E24/><V95/><F8/><W39/><G39/><T59/><D10/><U4/><E4/><V109/><F109/><W131/><G131/><T82/><D25/><U46/><E46/><V121/><F121/><W73/><G73/><T123/><D123/><U106/><E106/><V3/><F47/><W77/><G77/><T78/><D79/><U91/><E101/><V18/><F3/><W93/><AGARI ba="1,2" hai="27,29,34,50,51,58,62,66,86,90,93,113,114,115" machi="93" ten="30,8000,1" yaku="1,1,0,1,15,1,52,1,53,1" doraHai="61" doraHaiUra="31" who="3" fromWho="3" sc="259,-21,275,-41,255,-21,191,103" /><INIT seed="6,0,0,1,3,135" ten="238,234,234,294" oya="2" hai0="35,51,81,87,36,70,77,58,124,10,85,8,9" hai1="43,91,95,67,119,41,11,108,27,128,125,106,24" hai2="97,112,33,133,68,16,120,53,64,73,34,19,131" hai3="13,101,74,82,127,17,1,40,26,104,29,89,117"/><V107/><F120/><W20/><G117/><T76/><D70/><U105/><E108/><V102/><F73/><W98/><G127/><T46/><D124/><U126/><E119/><V54/><F133/><W121/><G121/><T115/><D35/><U42/><E67/><V5/><F112/><W72/><G1/><T90/><D115/><U65/><E65/><V134/><F134/><W118/><G40/><N who="0" m="25031" /><D36/><U47/><E47/><V37/><F37/><W69/><G69/><T111/><D111/><U0/><E128/><V80/><F131/><W49/><G49/><T12/><D58/><U75/><E75/><V52/><F80/><W63/><G63/><T122/><D122/><U48/><E48/><V100/><F5/><W59/><G59/><T130/><D130/><U23/><E27/><V88/><F88/><W103/><G103/><T2/><D2/><U7/><E105/><V123/><F123/><W86/><G118/><T62/><D62/><U22/><E106/><V132/><F132/><W55/><G55/><T25/><D25/><U3/><E23/><AGARI ba="0,0" hai="13,17,20,23,26,29,72,74,82,86,89,98,101,104" machi="23" ten="30,1000,0" yaku="7,1" doraHai="135" who="3" fromWho="1" sc="238,0,234,-10,234,0,294,10" owari="238,4.0,224,-28.0,234,-17.0,304,41.0" /></mjloggm>