<mjloggm ver="2.3"><GO type="169" lobby="0"/><UN n0="%E7%A2%BA%E7%8E%87%E9%BA%BB%E9%9B%80" n1="%28%C2%B4%E3%83%BB%D1%81%5F%E3%83%BB%EF%BD%80%29" n2="%E5%B0%B1%E6%B4%BB%E7%94%9F%40%E5%B7%9D%E6%9D%91%E8%BB%8D%E5%9B%A3" n3="%6E%69%63%6B%2E" dan="17,16,16,16" rate="2196.69,2119.51,2121.61,2141.82" sx="M,M,M,M"/><TAIKYOKU oya="0"/><INIT seed="0,0,0,2,0,36" ten="250,250,250,250" oya="0" hai0="108,4,86,50,117,0,2,38,18,41,64,127,27" hai1="72,62,94,129,96,53,82,78,85,115,54,97,40" hai2="44,51,73,42,15,81,61,49,119,63,32,25,1" hai3="13,75,80,87,103,56,112,55,45,123,29,126,74"/><T39/><D117/><U90/><E129/><V99/><F1/><W21/><G112/><T134/><D134/><U37/><E115/><V57/><F119/><W10/><G126/><T11/><D127/><U98/><REACH who="1" step="1"/><E62/><REACH who="1" ten="250,240,250,250" step="2"/><V46/><F63/><W79/><G123/><T12/><D108/><U17/><E17/><V124/><F124/><W14/><G29/><T47/><D64/><U130/><E130/><V16/><F99/><W89/><G45/><AGARI ba="0,1" hai="37,40,45,53,54,72,78,82,85,90,94,96,97,98" machi="45" ten="40,5200,0" yaku="1,1,52,1,53,1" doraHai="36" doraHaiUra="106" who="1" fromWho="3" sc="250,0,240,62,250,0,250,-52" /><INIT seed="1,0,0,1,3,90" ten="250,302,250,198" oya="1" hai0="121,63,29,51,7,42,131,57,77,13,109,119,44" hai1="81,127,23,78,74,36,64,65,120,72,97,34,113" hai2="8,96,133,45,28,104,135,17,14,130,85,27,87" hai3="70,69,118,114,103,95,98,89,0,54,33,126,1"/><U129/><E120/><V82/><F130/><W2/><G114/><T19/><D131/><U43/><E34/><V22/><F104/><W88/><G33/><T12/><D119/><U76/><E129/><V94/><F45/><W73/><G118/><T35/><D121/><U10/><E113/><V5/><F135/><W71/><G73/><T20/><D109/><U60/><E127/><V53/><F133/><W100/><G126/><T80/><D35/><U101/><E10/><V102/><F53/><W21/><G89/><T86/><D29/><U40/><E23/><V3/><REACH who="2" step="1"/><F82/><REACH who="2" ten="250,302,240,198" step="2"/><W41/><G41/><T117/><D117/><U128/><E128/><V79/><F79/><W31/><REACH who="3" step="1"/><G54/><REACH who="3" ten="250,302,240,188" step="2"/><T48/><D42/><U4/><E40/><V26/><F26/><AGARI ba="0,2" hai="0,1,2,21,26,31,69,70,71,88,95,98,100,103" machi="26" ten="50,8000,1" yaku="1,1,2,1,52,1,54,1,53,0" doraHai="90" doraHaiUra="68" who="3" fromWho="2" sc="250,0,302,0,240,-80,188,100" /><INIT seed="2,0,0,0,0,70" ten="250,302,160,288" oya="2" hai0="19,29,78,7,132,109,68,38,44,84,133,63,85" hai1="12,5,76,115,103,43,13,101,49,36,4,62,57" hai2="55,74,54,114,11,67,45,119,93,41,40,120,71" hai3="0,61,123,90,92,91,79,30,52,97,25,94,66"/><V58/><F74/><W98/><G123/><T104/><D104/><U33/><E33/><V72/><F72/><W24/><G0/><T128/><D128/><U14/><E76/><V102/><F120/><W15/><G79/><T9/><D109/><U17/><E17/><V88/><F114/><W50/><G15/><T28/><D19/><U59/><E115/><V64/><F102/><W23/><G25/><T87/><D78/><U42/><E36/><V6/><F119/><W125/><G125/><T27/><D63/><U69/><E69/><V116/><F116/><W18/><G30/><T111/><D68/><U100/><E62/><V99/><F41/><N who="1" m="15369" /><E49/><V81/><F81/><W112/><G112/><T47/><D111/><U26/><E26/><V96/><F96/><W32/><G32/><T106/><D106/><U131/><E131/><V86/><F99/><W126/><G126/><T21/><D29/><U20/><E20/><V82/><F82/><W108/><G108/><T22/><D22/><U105/><E105/><V80/><F80/><W113/><G113/><T56/><D56/><AGARI ba="0,0" hai="4,5,12,13,14,56,57,59,100,101,103" m="15369" machi="56" ten="40,5200,0" yaku="28,2,8,1" doraHai="70" who="1" fromWho="0" sc="250,-52,302,52,160,0,288,0" /><INIT seed="3,0,0,0,0,106" ten="198,354,160,288" oya="3" hai0="96,135,126,9,101,118,3,13,58,59,16,4,134" hai1="131,35,66,51,114,12,78,75,11,133,119,94,1" hai2="105,132,0,104,41,6,45,83,71,128,26,122,37" hai3="14,31,103,46,2,7,60,117,70,49,110,81,82"/><W15/><G117/><T80/><D118/><U102/><E35/><V88/><F128/><W62/><G31/><T39/><D39/><U97/><E1/><V44/><F132/><N who="0" m="50730" /><D80/><U63/><E114/><V24/><F71/><W87/><G103/><T29/><D29/><U98/><E131/><V67/><F67/><W109/><G2/><T108/><D108/><N who="3" m="41577" /><G70/><T89/><D89/><U52/><E98/><V95/><F45/><W90/><G82/><T116/><D116/><U112/><E112/><V50/><F37/><W85/><G85/><T43/><D43/><U65/><E119/><V93/><F83/><W76/><G90/><T111/><D111/><U10/><E133/><V8/><F95/><W125/><G125/><T91/><D91/><U19/><E94/><V68/><F68/><W79/><G79/><T86/><D86/><U129/><E129/><V120/><F105/><W42/><G15/><T32/><D32/><U22/><E102/><V92/><F104/><W123/><G123/><N who="2" m="47145" /><F93/><W5/><G5/><T124/><D96/><AGARI ba="0,0" hai="0,6,8,24,26,41,44,50,88,92,96" m="47145" machi="96" ten="30,2000,0" yaku="13,1,54,1" doraHai="106" who="2" fromWho="0" sc="198,-20,354,0,160,20,288,0" /><INIT seed="4,0,0,1,3,80" ten="178,354,180,288" oya="0" hai0="63,130,31,89,85,70,111,118,114,65,25,55,39" hai1="77,95,32,2,37,10,1,94,74,125,100,99,34" hai2="110,124,69,23,76,119,56,109,81,66,82,36,90" hai3="11,101,53,131,134,117,102,18,6,84,108,50,97"/><T26/><D118/><U71/><E71/><V42/><F69/><W58/><G117/><T122/><D122/><U73/><E125/><V20/><F119/><W21/><G134/><T104/><D130/><U38/><E77/><V96/><F124/><W83/><G131/><T52/><D114/><U24/><E24/><V93/><F23/><W44/><G108/><T120/><D120/><U72/><E10/><V78/><F36/><W5/><G58/><T54/><D111/><U15/><E15/><V106/><F42/><W115/><G115/><T8/><D39/><N who="1" m="14859" /><E95/><V135/><F20/><W107/><G102/><T86/><D104/><U87/><E87/><N who="2" m="48567" /><F56/><W17/><G11/><T49/><D8/><U22/><E22/><V68/><F66/><W60/><G60/><T88/><D49/><U3/><AGARI ba="0,0" hai="1,2,3,32,34,72,73,74,94,99,100" m="14859" machi="3" ten="50,3200,0" yaku="26,2" doraHai="80" who="1" fromWho="1" sc="178,-16,354,32,180,-8,288,-8" /><INIT seed="5,0,0,4,3,2" ten="162,386,172,280" oya="1" hai0="8,80,25,24,86,100,51,93,79,33,108,117,122" hai1="89,20,132,38,71,64,59,40,56,90,103,62,19" hai2="70,58,13,127,101,60,29,10,34,92,135,111,5" hai3="35,67,98,123,130,74,115,65,52,27,1,22,114"/><U14/><E132/><V66/><F127/><W129/><G35/><T134/><D108/><U105/><E38/><V68/><F135/><W81/><G1/><T69/><D117/><U36/><E105/><V42/><F42/><W120/><G98/><T113/><D134/><U50/><E103/><V61/><F111/><W133/><G133/><T94/><D113/><N who="3" m="43017" /><G74/><T23/><D122/><N who="3" m="46633" /><G81/><T87/><D69/><U119/><E119/><V82/><F82/><W46/><G27/><T97/><D33/><U88/><E36/><V9/><F34/><W11/><G22/><T12/><D51/><U41/><E50/><V116/><F29/><W76/><G76/><T96/><D87/><U17/><E17/><V7/><F116/><W54/><G11/><T47/><D47/><U45/><E45/><V32/><F32/><W37/><G37/><T0/><D0/><U15/><E71/><V125/><F125/><W16/><G16/><N who="0" m="8199" /><D23/><U83/><E83/><V30/><F30/><W84/><G84/><T99/><D99/><U109/><E109/><V95/><F101/><AGARI ba="0,0" hai="24,25,79,80,86,93,94,96,97,100,101" m="8199" machi="101" ten="30,2000,0" yaku="8,1,54,1" doraHai="2" who="0" fromWho="2" sc="162,20,386,0,172,-20,280,0" /><INIT seed="6,0,0,5,0,55" ten="182,386,152,280" oya="2" hai0="8,81,115,135,54,45,48,25,59,7,33,96,73" hai1="83,125,27,69,117,36,29,63,85,97,23,82,1" hai2="16,74,11,26,0,110,51,101,87,62,77,98,90" hai3="28,102,129,35,19,58,67,40,93,13,78,31,88"/><V113/><F110/><W5/><G129/><T4/><D115/><U38/><E1/><V14/><F113/><W49/><G5/><T131/><D131/><U61/><E125/><V70/><F0/><W112/><G102/><T94/><D135/><U75/><E97/><V99/><F74/><W21/><G112/><T118/><D118/><U9/><E117/><V10/><F77/><W37/><G37/><T123/><D123/><U42/><E9/><V124/><F124/><W133/><G133/><T32/><D81/><U114/><E114/><V86/><F11/><W22/><G35/><T18/><D73/><U79/><E69/><V122/><F26/><W30/><G78/><T12/><D33/><U120/><E120/><V116/><F116/><W80/><G80/><T24/><D45/><U53/><E82/><V46/><F122/><W107/><G107/><T3/><D32/><U108/><E75/><V56/><F70/><W106/><G106/><T44/><D44/><U134/><E134/><V76/><F76/><W43/><G22/><T121/><D121/><U17/><E108/><V39/><F39/><W127/><G127/><T91/><REACH who="0" step="1"/><D7/><REACH who="0" ten="172,386,152,280" step="2"/><U34/><E34/><V66/><F90/><W64/><G43/><T130/><D130/><U47/><E42/><N who="2" m="25047" /><F101/><W52/><REACH who="3" step="1"/><G40/><REACH who="3" ten="172,386,152,270" step="2"/><T89/><D89/><U100/><E100/><V126/><F126/><W109/><G109/><T104/><D104/><U111/><E111/><V50/><F50/><W103/><G103/><T95/><D95/><U68/><E36/><V2/><F2/><W65/><G65/><T15/><D15/><RYUUKYOKU ba="0,2" sc="172,10,386,-30,152,10,270,10" hai0="3,4,8,12,18,24,25,48,54,59,91,94,96" hai2="10,14,16,56,62,66,86,87,98,99" hai3="13,19,21,28,30,31,49,52,58,64,67,88,93" /><INIT seed="6,1,2,5,3,117" ten="182,356,162,280" oya="2" hai0="7,70,109,26,50,52,71,106,116,79,99,104,112" hai1="100,28,108,35,17,72,57,75,36,53,77,38,22" hai2="8,134,6,121,69,42,4,90,19,91,21,105,113" hai3="45,131,41,62,135,115,68,73,133,124,87,43,86"/><V118/><F118/><W123/><G73/><T18/><D116/><U82/><E108/><V66/><F105/><W33/><G33/><T16/><D109/><U76/><E100/><V24/><F42/><W56/><G68/><T25/><D7/><U78/><E78/><V9/><F121/><W5/><G5/><N who="2" m="2153" /><F69/><W65/><G131/><T12/><D112/><U122/><E122/><V37/><F37/><W114/><G123/><T29/><D79/><U89/><E35/><V95/><F113/><N who="3" m="43019" /><G124/><T31/><D12/><U14/><E28/><V130/><F130/><W13/><G13/><T128/><D128/><U49/><E89/><N who="2" m="33803" /><F134/><N who="3" m="51211" /><G43/><T2/><D2/><U3/><E3/><V85/><F66/><W55/><G65/><T97/><REACH who="0" step="1"/><D50/><AGARI ba="1,2" hai="41,45,50,55,56,62,86,87" m="51211,43019" machi="50" ten="30,3900,0" yaku="15,1,11,1,20,1" doraHai="117" who="3" fromWho="0" sc="182,-42,356,0,162,0,280,62" /><INIT seed="7,0,0,2,0,119" ten="140,356,162,342" oya="3" hai0="12,80,56,27,7,0,47,49,72,102,5,122,78" hai1="19,24,38,132,100,76,21,6,32,99,28,115,23" hai2="92,130,55,105,90,126,89,16,124,51,88,58,74" hai3="134,3,79,44,95,4,13,110,34,93,31,53,35"/><W11/><G79/><T46/><D0/><U86/><E32/><V60/><F105/><W57/><G134/><T77/><D77/><U36/><E132/><V127/><F74/><W26/><G44/><T8/><D5/><U123/><E123/><V61/><F130/><W118/><G118/><T20/><D122/><U120/><E120/><V64/><F16/><W94/><G110/><T109/><D109/><U131/><E131/><V112/><F112/><W63/><REACH who="3" step="1"/><G35/><REACH who="3" ten="140,356,162,332" step="2"/><T1/><D1/><AGARI ba="0,1" hai="1,3,4,11,13,26,31,34,53,57,63,93,94,95" machi="1" ten="40,3900,0" yaku="1,1,2,1,53,0" doraHai="119" doraHaiUra="106" who="3" fromWho="0" sc="140,-39,356,0,162,0,332,49" owari="101,-40.0,356,16.0,162,-24.0,381,48.0" /></mjloggm>