<mjloggm ver="2.3"><GO type="41" lobby="0"/><UN n0="%41%76%6F%63%61%72%64" n1="%E5%B0%B1%E6%B4%BB%E7%94%9F%40%E5%B7%9D%E6%9D%91%E8%BB%8D%E5%9B%A3" n2="%59%55%42%41%5A%55" n3="%73%61%63%68%69%6F" dan="13,15,15,15" rate="1914.05,1980.15,2031.36,2037.10" sx="M,M,M,M"/><TAIKYOKU oya="0"/><INIT seed="0,0,0,3,4,120" ten="250,250,250,250" oya="0" hai0="96,7,51,116,5,134,41,95,77,128,43,108,50" hai1="124,94,114,106,121,0,85,117,115,48,76,46,38" hai2="2,62,82,68,49,66,126,52,92,19,69,132,10" hai3="12,129,18,74,90,9,44,27,87,54,26,86,83"/><T14/><D116/><U72/><E0/><V22/><F132/><W123/><G74/><T73/><D128/><U29/><E38/><V75/><F126/><W60/><G129/><T13/><D73/><U67/><E106/><V113/><F113/><W16/><G123/><T103/><D77/><U11/><E121/><V131/><F131/><W36/><G36/><T111/><D95/><U28/><E117/><V21/><F69/><W25/><G87/><T118/><D118/><U8/><E72/><V133/><F133/><W4/><G60/><T89/><D89/><U125/><E67/><V130/><F130/><W32/><G32/><T78/><D78/><U61/><E61/><V20/><F92/><W122/><G122/><T55/><D55/><U23/><E11/><V64/><F64/><W45/><G45/><T35/><D96/><U109/><E8/><V57/><F75/><W80/><REACH who="3" step="1"/><G83/><REACH who="3" ten="250,250,250,240" step="2"/><T39/><D39/><U97/><E85/><V110/><F82/><W58/><G58/><T91/><D35/><U81/><E81/><V17/><REACH who="2" step="1"/><F110/><REACH who="2" ten="250,250,240,240" step="2"/><W102/><G102/><T119/><D103/><U1/><E109/><V101/><F101/><W88/><G88/><T56/><D119/><U104/><E114/><V65/><F65/><W53/><G53/><T31/><D91/><U107/><E115/><V63/><F63/><W93/><G93/><T30/><D134/><U100/><E94/><V40/><F40/><W98/><G98/><T6/><D6/><AGARI ba="0,2" hai="2,6,10,17,19,20,21,22,49,52,57,62,66,68" machi="6" ten="40,2600,0" yaku="1,1,54,1,53,0" doraHai="120" doraHaiUra="79" who="2" fromWho="0" sc="250,-26,250,0,240,46,240,0" /><INIT seed="1,0,0,3,2,109" ten="224,250,286,240" oya="1" hai0="96,73,5,3,88,53,113,63,83,126,36,102,81" hai1="32,108,21,9,121,97,16,69,110,75,67,29,18" hai2="24,39,132,131,55,27,87,62,57,31,68,8,6" hai3="135,35,52,4,66,7,79,17,37,123,91,45,89"/><U42/><E75/><V116/><F116/><W84/><G123/><T64/><D36/><U118/><E118/><V70/><F39/><W59/><G35/><T15/><D3/><U130/><E121/><V105/><F105/><W51/><G135/><T80/><D73/><U114/><E130/><V129/><F132/><W58/><G37/><T28/><D53/><U112/><E42/><V86/><F27/><W94/><G79/><T104/><D28/><U46/><E46/><V19/><F19/><N who="1" m="7209" /><E67/><V26/><F26/><W44/><G91/><T20/><D113/><N who="1" m="43627" /><E69/><V124/><F70/><W82/><G82/><T92/><D64/><U101/><E32/><V106/><F68/><W74/><G74/><T65/><D65/><U78/><E78/><V22/><F131/><W100/><G100/><T43/><D43/><U76/><E76/><V25/><F129/><W13/><G45/><T30/><D63/><U34/><E34/><V90/><F25/><W119/><G119/><T12/><D104/><U47/><E47/><V48/><F106/><W117/><G117/><T61/><D61/><U98/><E101/><V134/><F134/><W54/><G66/><T107/><D107/><U99/><E9/><V33/><F33/><W115/><G115/><T41/><D41/><U85/><E85/><V11/><F11/><N who="3" m="6335" /><G44/><T77/><D77/><U120/><E120/><V2/><F62/><AGARI ba="0,0" hai="4,7,51,52,54,58,59,62,84,89,94" m="6335" machi="62" ten="30,2000,0" yaku="8,1,54,1" doraHai="109" who="3" fromWho="2" sc="224,0,250,0,286,-20,240,20" /><INIT seed="2,0,0,3,3,88" ten="224,250,266,260" oya="2" hai0="19,75,28,98,74,43,40,124,71,59,101,83,14" hai1="68,119,65,27,67,7,131,33,133,130,25,90,127" hai2="81,79,120,94,110,20,29,111,109,114,0,23,21" hai3="15,107,18,87,84,52,104,105,6,60,63,128,26"/><V35/><F120/><W5/><G128/><N who="1" m="49194" /><E68/><V42/><F0/><W13/><G26/><T134/><D71/><U70/><E70/><V24/><F114/><W112/><G112/><T62/><D134/><U55/><E119/><V37/><F42/><W34/><G34/><T10/><D28/><U9/><E133/><V66/><F66/><N who="1" m="25097" /><E33/><V46/><F46/><W41/><G41/><T61/><D74/><U8/><E127/><V82/><F37/><W4/><G52/><T64/><D61/><N who="3" m="23625" /><G18/><T53/><D64/><U135/><E135/><V3/><F3/><W100/><G100/><T22/><D124/><U86/><E55/><V2/><F2/><W48/><G48/><T116/><D116/><U56/><E56/><V126/><F126/><W103/><G103/><T57/><D57/><U30/><E30/><V69/><F69/><W91/><G91/><T45/><D45/><U78/><E78/><V54/><F54/><W58/><G58/><T31/><D31/><U102/><E102/><V44/><F44/><W92/><G92/><N who="0" m="58567" /><D40/><U93/><E9/><V125/><F125/><W108/><G108/><T99/><D43/><U73/><E73/><N who="2" m="43247" /><F82/><W115/><G115/><T72/><D72/><U96/><E96/><V36/><F36/><W121/><G121/><T117/><D75/><U95/><E95/><AGARI ba="0,0" hai="20,21,23,24,29,35,94,95,109,110,111" m="43247" machi="95" ten="40,12000,1" yaku="14,1,10,1,52,2" doraHai="88" who="2" fromWho="1" sc="224,0,250,-120,266,120,260,0" /><INIT seed="2,1,0,2,1,74" ten="224,130,386,260" oya="2" hai0="10,126,95,44,17,16,76,19,82,77,20,61,34" hai1="42,81,50,2,3,68,115,35,43,58,112,27,9" hai2="103,13,83,63,105,49,53,21,32,25,22,30,24" hai3="78,55,88,66,124,123,107,90,120,92,125,47,26"/><V106/><F63/><W23/><G66/><T31/><D34/><U113/><E68/><V73/><F13/><W111/><G107/><T84/><D126/><N who="3" m="48745" /><G111/><T1/><D77/><U29/><E81/><V71/><F71/><W46/><G55/><T33/><D33/><U98/><E98/><V108/><F108/><W41/><G78/><T117/><D117/><U122/><E122/><N who="3" m="46634" /><G92/><T65/><D44/><N who="3" m="16937" /><G41/><T36/><D36/><U96/><E96/><V116/><F116/><W4/><G4/><T87/><D87/><U75/><E75/><V11/><F11/><W79/><G79/><T12/><D1/><U119/><E119/><V64/><F64/><W39/><G39/><T56/><D95/><U8/><E43/><V18/><F32/><W14/><G14/><T57/><REACH who="0" step="1"/><D56/><REACH who="0" ten="214,130,386,260" step="2"/><U85/><E85/><V62/><F73/><W45/><N who="3" m="16945" /><W104/><DORA hai="89" /><G104/><T5/><D5/><U118/><E118/><V101/><F106/><W67/><G67/><T52/><D52/><U133/><E42/><V109/><F105/><W15/><G15/><T38/><D38/><U72/><E58/><V128/><F109/><W127/><N who="3" m="48753" /><W40/><DORA hai="100" /><G40/><T93/><D93/><U7/><E72/><V59/><F53/><W70/><G70/><T130/><D130/><U99/><E99/><V6/><F128/><W134/><G134/><T80/><D80/><U37/><E133/><V28/><F83/><W114/><G114/><T0/><D0/><U110/><E110/><V51/><F59/><W94/><G94/><T129/><D129/><U97/><E37/><RYUUKYOKU ba="1,1" sc="214,15,130,-15,386,-15,260,15" hai0="10,12,16,17,19,20,31,57,61,65,76,82,84" hai3="23,26,88,90" /><INIT seed="3,2,1,4,5,117" ten="229,115,371,275" oya="3" hai0="119,105,128,27,7,49,25,41,72,28,133,92,48" hai1="23,124,132,64,20,15,9,30,75,52,90,24,62" hai2="87,73,42,17,12,56,107,88,57,81,67,83,101" hai3="51,108,13,91,29,22,2,135,1,125,76,115,55"/><W35/><G115/><T38/><D119/><U70/><E124/><V95/><F42/><W79/><G125/><T39/><D105/><U86/><E132/><V103/><F107/><W34/><G135/><T84/><D72/><U118/><E75/><V44/><F44/><W50/><G91/><T33/><D128/><U102/><E118/><V32/><F32/><W116/><G116/><T5/><D41/><U16/><E102/><N who="2" m="38923" /><F73/><W113/><G113/><T37/><D133/><U4/><E52/><V97/><F67/><W40/><G40/><T47/><D47/><U61/><E61/><V26/><F26/><W104/><G104/><T126/><D126/><U121/><E121/><V134/><F134/><W112/><G112/><T131/><D131/><U98/><E98/><V8/><F83/><W69/><G55/><T85/><D38/><U77/><E77/><AGARI ba="2,1" hai="8,12,17,56,57,77,81,87,88,95,97" m="38923" machi="77" ten="30,2000,0" yaku="8,1,54,1" doraHai="117" who="2" fromWho="1" sc="229,0,115,-26,371,36,275,0" /><INIT seed="4,0,0,3,0,48" ten="229,89,407,275" oya="0" hai0="38,122,107,35,82,59,78,106,123,132,62,21,13" hai1="47,84,53,88,57,42,98,131,99,52,125,22,134" hai2="100,97,120,115,94,6,76,74,15,60,28,80,8" hai3="31,9,18,104,86,121,49,127,109,108,10,95,111"/><T77/><D35/><U36/><E131/><V63/><F120/><W12/><G104/><T67/><D38/><U45/><E125/><V124/><F115/><W75/><G75/><T11/><D107/><U72/><E72/><V93/><F124/><W101/><G127/><T25/><D106/><U89/><E134/><V3/><F28/><W119/><G119/><T73/><D132/><U69/><E69/><V51/><F3/><W128/><G128/><T2/><D2/><U83/><E22/><V24/><F24/><W34/><G121/><T71/><D77/><U19/><E19/><V44/><REACH who="2" step="1"/><F94/><REACH who="2" ten="229,89,397,275" step="2"/><W118/><G31/><T112/><D112/><U113/><E113/><V32/><F32/><W87/><G34/><T41/><D123/><U0/><E0/><V126/><F126/><W39/><G95/><T14/><D122/><U135/><E135/><V4/><F4/><W91/><G12/><T43/><D14/><U116/><E116/><V61/><F61/><W16/><G118/><T96/><D71/><U105/><E105/><V85/><F85/><W20/><G87/><T58/><D96/><U54/><E45/><V102/><F102/><W30/><G101/><T92/><D92/><U79/><REACH who="1" step="1"/><E57/><REACH who="1" ten="229,79,397,275" step="2"/><V40/><AGARI ba="0,2" hai="6,8,15,40,44,51,60,63,74,76,80,93,97,100" machi="40" ten="20,2700,0" yaku="1,1,0,1,7,1,53,0" doraHai="48" doraHaiUra="65" who="2" fromWho="2" sc="229,-13,79,-7,397,47,275,-7" /><INIT seed="5,0,0,3,1,115" ten="216,72,444,268" oya="1" hai0="63,40,66,91,7,111,89,51,85,9,27,99,96" hai1="47,10,94,134,130,117,120,52,26,18,87,2,36" hai2="73,23,25,104,55,119,113,48,84,108,59,32,19" hai3="116,30,129,133,75,46,78,50,125,106,90,3,28"/><U42/><E120/><V132/><F104/><W8/><G106/><T102/><D111/><U100/><E130/><V127/><F73/><W69/><G69/><T74/><D74/><U41/><E134/><V38/><F38/><W93/><G129/><T123/><D123/><U39/><E2/><V49/><F108/><W11/><G133/><T68/><D96/><U114/><E114/><V92/><F132/><W16/><G125/><T70/><D70/><U58/><E117/><V82/><F127/><W121/><G121/><T128/><D89/><U53/><E100/><V35/><F113/><W15/><G116/><T24/><D128/><U65/><E94/><V124/><F124/><W54/><G78/><T57/><D40/><U77/><E87/><V79/><F119/><W122/><G75/><T80/><D51/><U56/><E77/><V101/><F49/><W62/><G62/><T83/><D80/><U81/><E81/><V88/><REACH who="2" step="1"/><F101/><REACH who="2" ten="216,72,434,268" step="2"/><W29/><G122/><T43/><D68/><U126/><E126/><V109/><F109/><W37/><G37/><T67/><D67/><U44/><E65/><V64/><F64/><W21/><REACH who="3" step="1"/><G3/><REACH who="3" ten="216,72,434,258" step="2"/><T103/><D63/><U61/><E26/><V34/><F34/><W1/><G1/><T72/><D27/><U60/><E18/><V6/><F6/><W97/><AGARI ba="0,2" hai="8,11,15,16,21,28,29,30,46,50,54,90,93,97" machi="97" ten="30,8000,1" yaku="1,1,0,1,8,1,54,1,53,1" doraHai="115" doraHaiUra="45" who="3" fromWho="3" sc="216,-20,72,-40,434,-20,258,100" /><INIT seed="6,0,0,1,3,135" ten="196,32,414,358" oya="2" hai0="109,117,112,114,16,126,6,62,20,108,45,42,93" hai1="99,50,131,44,18,64,113,13,87,57,56,55,30" hai2="54,66,32,4,22,19,102,95,2,10,70,82,8" hai3="96,34,26,77,73,130,59,46,107,60,7,94,88"/><V15/><F32/><W38/><G130/><T72/><D72/><U25/><E113/><N who="0" m="43625" /><D6/><U134/><E134/><V43/><F43/><W123/><G123/><T40/><D62/><U98/><E131/><V79/><F66/><W128/><G128/><T11/><D11/><U85/><E98/><V67/><F67/><W115/><G115/><T36/><D42/><U111/><E111/><N who="0" m="42569" /><D117/><U41/><E99/><V74/><F70/><W90/><G7/><T121/><D121/><U81/><E85/><V106/><F106/><W52/><G107/><T65/><D93/><U33/><E64/><V5/><F102/><W51/><G38/><T127/><D65/><U78/><REACH who="1" step="1"/><E41/><REACH who="1" ten="196,22,414,358" step="2"/><V97/><F97/><W125/><G73/><T58/><D58/><U0/><E0/><V21/><F54/><W119/><G119/><T28/><D28/><U69/><E69/><V100/><F100/><W71/><G71/><T1/><D1/><U103/><E103/><V120/><F120/><W122/><G122/><T14/><AGARI ba="0,1" hai="14,16,20,36,40,45,126,127" m="42569,43625" machi="14" ten="40,8000,1" yaku="15,1,52,2,54,1" doraHai="135" who="0" fromWho="0" sc="196,90,22,-20,414,-40,358,-20" /><INIT seed="7,0,0,5,5,42" ten="286,2,374,338" oya="3" hai0="4,122,124,18,132,0,92,43,13,90,11,44,25" hai1="34,5,55,74,19,123,125,45,134,88,102,128,106" hai2="85,8,127,87,63,82,23,130,83,70,109,1,79" hai3="120,131,129,72,7,53,81,56,58,17,65,20,54"/><W80/><G7/><T110/><D122/><U51/><E123/><V135/><F109/><W46/><G65/><T112/><D124/><U100/><E125/><V6/><F127/><W69/><G69/><T75/><D132/><U107/><E128/><N who="3" m="49226" /><G120/><T32/><D112/><U101/><E134/><V94/><F130/><W115/><G115/><T33/><D110/><U27/><E74/><V60/><F135/><W117/><G117/><T113/><D113/><U41/><E106/><V29/><F70/><W57/><G72/><T24/><D24/><U105/><E105/><V99/><F23/><W118/><G118/><T97/><D75/><U3/><E107/><V89/><F29/><W38/><G54/><T84/><D32/><U119/><E3/><V52/><F52/><W66/><G66/><T49/><D33/><U73/><E73/><V104/><F104/><W22/><G53/><T2/><D25/><U26/><E119/><V21/><F21/><N who="3" m="8299" /><G17/><T48/><D0/><U10/><E34/><V86/><F86/><W67/><G67/><T16/><D18/><U59/><E5/><V35/><F35/><W114/><G114/><T91/><D2/><U30/><E30/><V121/><F121/><W126/><G126/><T108/><D4/><U133/><E133/><V14/><F1/><W50/><G50/><T9/><D9/><U77/><E77/><AGARI ba="0,0" hai="6,8,14,60,63,77,79,82,83,85,87,89,94,99" machi="77" ten="30,3900,0" yaku="7,1,9,1,8,1" doraHai="42" who="2" fromWho="1" sc="286,0,2,-39,374,39,338,0" owari="286,-11.0,-37,-54.0,413,51.0,338,14.0" /></mjloggm>