<mjloggm ver="2.3"><GO type="97" lobby="0"/><UN n0="%E3%82%B9%E3%83%86%E3%83%AA%E3%83%83%E3%82%AB" n1="%E3%81%84%E3%82%84%E3%81%95%E3%81%95%E3%82%93%E3%81%A0%E3%82%88" n2="%E7%89%9B%E4%B9%B3%E4%B8%80%E6%B0%97%E9%A3%B2%E3%81%BF" n3="%E5%B0%B1%E6%B4%BB%E7%94%9F%40%E5%B7%9D%E6%9D%91%E8%BB%8D%E5%9B%A3" dan="13,14,15,15" rate="1905.77,1925.77,1950.71,2008.59" sx="F,M,M,M"/><TAIKYOKU oya="0"/><INIT seed="0,0,0,0,2,67" ten="250,250,250,250" oya="0" hai0="82,4,84,112,121,133,123,111,105,9,34,0,23" hai1="36,101,20,25,87,32,92,17,118,28,70,122,46" hai2="89,110,125,44,37,71,43,51,24,72,11,5,64" hai3="55,99,10,135,13,57,38,91,76,15,98,6,27"/><T12/><D105/><U49/><E122/><V63/><F125/><W75/><G38/><T73/><D73/><U41/><E118/><V93/><F110/><W39/><G39/><T29/><D112/><U8/><E36/><V108/><F108/><W81/><G135/><T58/><D111/><U130/><E130/><V50/><F24/><W80/><G27/><N who="0" m="18751" /><D58/><U113/><E113/><V61/><F72/><W78/><G91/><T68/><D68/><U59/><E70/><V40/><F63/><W85/><REACH who="3" step="1"/><G13/><REACH who="3" ten="250,250,250,240" step="2"/><T95/><D133/><U102/><E102/><V54/><F37/><W19/><G19/><N who="0" m="10727" /><D95/><U47/><E92/><V126/><F126/><W79/><G79/><AGARI ba="0,1" hai="0,4,9,79,82,84,121,123" m="10727,18751" machi="79" ten="30,1500,0" yaku="24,1" doraHai="67" who="0" fromWho="3" sc="250,25,250,0,250,0,240,-15" /><INIT seed="0,1,0,1,0,62" ten="275,250,250,225" oya="0" hai0="16,35,51,84,73,56,111,33,39,11,127,95,38" hai1="67,48,92,58,29,97,53,110,91,25,61,65,102" hai2="7,124,59,70,30,74,107,72,104,12,57,32,89" hai3="87,81,21,69,99,45,66,6,14,121,5,42,125"/><T22/><D73/><U86/><E110/><V98/><F124/><W23/><G125/><T49/><D127/><U101/><E101/><V3/><F12/><W134/><G134/><T80/><D11/><U133/><E133/><V54/><F59/><W128/><G128/><T64/><D111/><U132/><E132/><V20/><F20/><W135/><G135/><T28/><D95/><U76/><E76/><V18/><F18/><W78/><G121/><T112/><D112/><U46/><E46/><V115/><F115/><W47/><G47/><T60/><D49/><U19/><E19/><V96/><F57/><W113/><G113/><T52/><D33/><U117/><E61/><V120/><F54/><W1/><G1/><T34/><D35/><U83/><REACH who="1" step="1"/><E117/><REACH who="1" ten="275,240,250,225" step="2"/><V24/><F120/><W36/><G6/><T26/><D28/><U77/><E77/><V130/><F130/><W123/><G123/><T15/><D34/><AGARI ba="1,1" hai="25,29,34,48,53,58,65,67,83,86,91,92,97,102" machi="34" ten="30,7700,0" yaku="1,1,7,1,52,2,53,0" doraHai="62" doraHaiUra="100" who="1" fromWho="0" sc="275,-80,240,90,250,0,225,0" /><INIT seed="1,0,0,0,5,65" ten="195,330,250,225" oya="1" hai0="20,58,24,67,21,121,104,115,134,46,35,10,57" hai1="64,96,56,19,48,95,129,9,11,16,116,111,45" hai2="130,78,87,5,12,49,131,47,41,22,3,38,50" hai3="44,33,27,71,85,132,72,79,125,15,109,114,31"/><U18/><E116/><V97/><F3/><W86/><G114/><T29/><D104/><U80/><E111/><V62/><F97/><W34/><G34/><T2/><D115/><U25/><E129/><V30/><F38/><W37/><G109/><T89/><D134/><U52/><E25/><V51/><F62/><W70/><G132/><T110/><D121/><U26/><E26/><N who="2" m="16727" /><F130/><W94/><G125/><T4/><D110/><U28/><E28/><V36/><F36/><W55/><G15/><T69/><D46/><U117/><E80/><N who="2" m="47511" /><F131/><W103/><G72/><T7/><D89/><N who="1" m="55407" /><E117/><V40/><F40/><W124/><G124/><T54/><D7/><U113/><E113/><V77/><F77/><W32/><G32/><T112/><D112/><U90/><E90/><V91/><F91/><W60/><G79/><T122/><D122/><U83/><E83/><V120/><F120/><W88/><G103/><T106/><D106/><U59/><E64/><V101/><F101/><W107/><G107/><T108/><D108/><U13/><E9/><AGARI ba="0,0" hai="5,9,12,41,47,49,50,51" m="47511,16727" machi="9" ten="30,2000,0" yaku="25,1,8,1" doraHai="65" who="2" fromWho="1" sc="195,0,330,-20,250,20,225,0" /><INIT seed="2,0,0,4,3,18" ten="195,310,270,225" oya="2" hai0="84,53,26,92,45,71,44,83,58,130,120,90,25" hai1="73,75,20,35,109,108,59,19,36,110,128,65,49" hai2="132,111,52,113,54,115,55,62,43,11,107,88,8" hai3="27,101,95,2,134,41,5,67,125,60,93,106,121"/><V87/><F107/><W69/><G121/><T96/><D130/><U9/><E35/><V34/><F34/><W123/><G123/><T12/><D71/><U38/><E128/><V119/><F119/><W104/><G125/><T131/><D120/><U72/><E9/><V50/><F132/><W100/><G134/><T124/><D131/><U39/><E49/><V97/><F115/><W32/><G41/><T13/><D124/><U29/><E29/><V30/><F113/><W63/><G2/><T91/><D25/><N who="1" m="14495" /><E59/><V133/><F133/><W116/><G5/><T64/><D64/><AGARI ba="0,0" hai="36,38,39,64,65,72,73,75,108,109,110" m="14495" machi="64" ten="50,8000,1" yaku="29,2,14,1,52,1" doraHai="18" who="1" fromWho="0" sc="195,-80,310,80,270,0,225,0" /><INIT seed="3,0,0,1,3,48" ten="115,390,270,225" oya="3" hai0="57,101,109,51,30,114,20,95,123,113,92,79,77" hai1="125,128,32,10,38,42,14,13,111,81,21,35,135" hai2="60,47,37,59,52,26,54,78,18,15,58,24,33" hai3="83,63,56,72,27,94,110,7,130,104,118,11,90"/><W6/><G118/><T105/><D30/><U0/><E42/><V122/><F122/><W53/><G104/><T49/><D20/><U87/><E38/><V39/><F78/><W112/><G112/><T5/><D5/><N who="1" m="1319" /><E87/><V50/><F33/><W98/><G130/><T19/><D19/><U97/><E97/><V100/><F100/><W126/><G126/><T34/><D123/><U29/><E81/><V75/><F75/><W132/><G132/><T133/><D133/><U62/><E62/><V85/><F39/><W119/><G119/><T55/><D34/><U80/><E135/><V115/><F115/><W117/><G117/><T74/><D109/><U44/><E80/><V131/><F131/><W1/><G110/><T127/><D127/><U103/><E44/><V107/><F107/><W88/><G7/><T99/><D77/><U68/><E103/><V93/><F37/><W41/><G41/><T43/><D113/><U22/><E68/><V17/><F17/><W3/><G3/><T76/><D114/><U89/><E89/><V66/><F47/><W61/><G27/><T106/><D106/><U4/><E111/><V67/><F24/><W116/><G116/><T9/><D9/><N who="1" m="4263" /><E125/><V16/><F26/><W23/><G23/><T28/><D28/><U25/><E128/><V120/><F120/><W69/><G69/><T45/><D76/><U31/><E31/><V70/><F70/><W134/><G134/><T8/><D8/><U108/><E108/><V12/><F93/><N who="0" m="35914" /><D79/><U64/><E32/><V129/><F129/><W96/><G11/><T102/><D74/><RYUUKYOKU ba="0,0" sc="115,30,390,-10,270,-10,225,-10" hai0="43,45,49,51,55,57,99,101,102,105" owari="145,-35.0,380,47.0,260,6.0,215,-18.0" /></mjloggm>