<mjloggm ver="2.3"><GO type="169" lobby="0"/><UN n0="%E3%81%A1%E3%82%83%E3%81%9D%E2%98%86" n1="%6D%61%2D%62%6F%33%35" n2="%E3%83%88%E3%83%88%E3%83%AA%E5%85%88%E7%94%9F%31%39%E6%AD%B3" n3="%E4%B8%AD%E6%9D%91%E8%B1%AA" dan="16,17,18,17" rate="2135.15,2121.75,2166.89,2118.06" sx="M,M,F,M"/><TAIKYOKU oya="0"/><INIT seed="0,0,0,0,0,84" ten="250,250,250,250" oya="0" hai0="123,64,118,82,37,23,132,104,2,34,100,106,46" hai1="126,18,66,45,29,108,14,25,97,81,22,47,110" hai2="107,115,111,92,72,6,80,36,130,74,39,117,21" hai3="112,13,30,35,15,103,49,4,98,71,127,28,99"/><T120/><D23/><U31/><E126/><V79/><F115/><W89/><G71/><T76/><D118/><U75/><E66/><V58/><F107/><N who="0" m="41002" /><D100/><U86/><E75/><V65/><F72/><W16/><G112/><T40/><D132/><U9/><E97/><N who="3" m="36874" /><G35/><T95/><D95/><U1/><E31/><N who="3" m="11818" /><G103/><T57/><D57/><U124/><E1/><V62/><F58/><W63/><G63/><T5/><D64/><U68/><E124/><V33/><F65/><W78/><G78/><T119/><D119/><U125/><E125/><V109/><F62/><W48/><G127/><T43/><D34/><U121/><E121/><V116/><F33/><W85/><G4/><T135/><D135/><U133/><E68/><V128/><F6/><W122/><G122/><T67/><D67/><U56/><E133/><V19/><F116/><W91/><G15/><T41/><D123/><U50/><E56/><V44/><F117/><W51/><G85/><N who="0" m="48327" /><D120/><U96/><E96/><V131/><F39/><W105/><G105/><T26/><D26/><U0/><E0/><V61/><F61/><W32/><G32/><T101/><D101/><U55/><REACH who="1" step="1"/><E47/><REACH who="1" ten="250,240,250,250" step="2"/><V12/><F44/><W113/><G113/><T10/><D46/><U60/><E60/><V88/><F36/><W93/><G93/><T7/><D37/><U27/><E27/><V87/><AGARI ba="0,1" hai="12,19,21,74,79,80,87,88,92,109,111,128,130,131" machi="87" ten="40,8000,1" yaku="0,1,19,1,52,1,54,1" doraHai="84" who="2" fromWho="2" sc="250,-40,240,-20,250,90,250,-20" /><INIT seed="1,0,0,0,4,42" ten="210,220,340,230" oya="1" hai0="11,68,127,27,104,6,125,131,65,16,96,129,97" hai1="66,21,71,2,20,73,106,92,25,23,84,105,119" hai2="9,109,122,77,1,112,32,128,113,121,8,107,40" hai3="33,13,108,56,88,12,51,120,75,101,79,53,70"/><U26/><E119/><V57/><F107/><W59/><G70/><T76/><D76/><U130/><E73/><V49/><F32/><W48/><G33/><T126/><D65/><U78/><E2/><V0/><F77/><W17/><G120/><N who="2" m="46185" /><F57/><W98/><G108/><T111/><D68/><U34/><E130/><N who="0" m="49673" /><D111/><U52/><E78/><V50/><F40/><W46/><G79/><T22/><D104/><U54/><E34/><V124/><F128/><W45/><G75/><T30/><D30/><U19/><E106/><V60/><F60/><W118/><G118/><T134/><D134/><U80/><E105/><V99/><F99/><W87/><G101/><T89/><D89/><N who="1" m="51335" /><E71/><V31/><F31/><W29/><G98/><T37/><D37/><U94/><E66/><V58/><F109/><W81/><G29/><T24/><D24/><N who="1" m="9323" /><E19/><V116/><F116/><W55/><G12/><AGARI ba="0,0" hai="6,11,12,16,22,27,96,97,125,126,127" m="49673" machi="12" ten="40,5200,0" yaku="18,1,19,1,54,1" doraHai="42" who="0" fromWho="3" sc="210,52,220,0,340,0,230,-52" /><INIT seed="2,0,0,4,3,63" ten="262,220,340,178" oya="2" hai0="91,113,56,95,28,46,48,124,73,15,77,100,54" hai1="103,74,129,121,38,62,9,6,4,134,101,18,111" hai2="81,55,112,40,108,106,132,84,31,83,78,85,116" hai3="68,23,5,24,105,125,20,60,29,115,33,61,120"/><V102/><F112/><W131/><G105/><T19/><D113/><U99/><E111/><V65/><F116/><W26/><G120/><T39/><D124/><U96/><E121/><V67/><F132/><W97/><G115/><T89/><D28/><U2/><E134/><V93/><F106/><W50/><G131/><T35/><D35/><U114/><E129/><V10/><F108/><W49/><G125/><T104/><D104/><U107/><E74/><V87/><F31/><W1/><G33/><T22/><D100/><U7/><E38/><V16/><F40/><W127/><G127/><T88/><D73/><U86/><E114/><V43/><F43/><W122/><G122/><T70/><D77/><U69/><E86/><N who="2" m="33387" /><F83/><W12/><G1/><T27/><D70/><U118/><E18/><V126/><F55/><W53/><G97/><T80/><D80/><U47/><E47/><V109/><F109/><W110/><G110/><T0/><D46/><U3/><E118/><V57/><F57/><N who="3" m="32951" /><G49/><T94/><D0/><U45/><E45/><V66/><F126/><W64/><G61/><T37/><D37/><U79/><E62/><V8/><F16/><N who="3" m="12391" /><G5/><T59/><D39/><U32/><E69/><V75/><F75/><W13/><G68/><T72/><D72/><U14/><E32/><V21/><F21/><W52/><G52/><N who="0" m="31751" /><D27/><U34/><E34/><V71/><F71/><W130/><G130/><T11/><D22/><U76/><E3/><V58/><F58/><W133/><G133/><T119/><D119/><U41/><E2/><V117/><F117/><W123/><G123/><RYUUKYOKU ba="0,0" sc="262,10,220,-30,340,10,178,10" hai0="11,15,19,54,59,88,89,91,94,95" hai2="8,10,65,66,67,78,81,87,93,102" hai3="12,13,20,26,29,60,64" /><INIT seed="2,1,0,0,1,102" ten="272,190,350,188" oya="2" hai0="116,95,93,91,115,20,87,81,3,8,61,112,88" hai1="1,94,75,89,43,15,108,49,62,109,110,92,6" hai2="97,21,56,79,67,130,124,60,9,26,10,121,40" hai3="96,28,101,128,54,125,33,66,104,24,46,4,38"/><V111/><F121/><W27/><G128/><T69/><D20/><U19/><E75/><V131/><F124/><W44/><G125/><T11/><D116/><U18/><E1/><V68/><F111/><W123/><G123/><T23/><D23/><U57/><E92/><V82/><F40/><W29/><G4/><T31/><D31/><U55/><E6/><V107/><F68/><W16/><G38/><T98/><D3/><U64/><E43/><V17/><F97/><W30/><G66/><T53/><D69/><U36/><E36/><V5/><F107/><W83/><G83/><T90/><D115/><U32/><E32/><V77/><F77/><W76/><G76/><T74/><D112/><U59/><REACH who="1" step="1"/><E15/><REACH who="1" ten="272,180,350,188" step="2"/><V106/><F5/><W117/><G117/><T50/><D74/><U86/><AGARI ba="1,1" hai="18,19,49,55,57,59,62,64,86,89,94,108,109,110" machi="86" ten="30,7900,0" yaku="1,1,2,1,0,1,14,1,53,0" doraHai="102" doraHaiUra="134" who="1" fromWho="1" sc="272,-21,180,92,350,-40,188,-21" /><INIT seed="3,0,0,5,0,119" ten="251,272,310,167" oya="3" hai0="17,29,44,93,133,15,116,106,86,45,61,7,0" hai1="51,131,32,122,98,47,42,83,91,67,117,85,48" hai2="84,100,12,23,49,128,132,77,50,25,111,1,36" hai3="103,60,26,135,35,120,52,28,123,121,41,79,56"/><W9/><G135/><T124/><D106/><U101/><E117/><V92/><F92/><W129/><G129/><T78/><D116/><U20/><E32/><V21/><F1/><W43/><G103/><T88/><D133/><U14/><E131/><V57/><F36/><W113/><G113/><T64/><D29/><U82/><E122/><V68/><F68/><W69/><G79/><T5/><D124/><U71/><E82/><N who="2" m="47183" /><F111/><W81/><G81/><N who="0" m="47415" /><D0/><U134/><E134/><V8/><F128/><W33/><G33/><T31/><D31/><U104/><E67/><V96/><F23/><W22/><G69/><T99/><D61/><U118/><E118/><V80/><F80/><W10/><REACH who="3" step="1"/><G22/><REACH who="3" ten="251,272,310,157" step="2"/><N who="0" m="11583" /><D64/><U39/><E71/><V55/><F132/><W19/><G19/><T59/><D7/><U112/><E112/><V126/><F126/><W102/><G102/><T125/><D5/><U30/><E30/><V2/><F100/><W87/><G87/><T34/><D34/><U70/><E70/><V74/><F21/><W108/><G108/><T62/><D125/><U105/><E105/><V115/><F115/><W38/><G38/><T95/><D95/><U40/><E20/><V6/><F96/><W72/><G72/><T94/><D94/><U90/><E39/><V63/><F74/><W58/><G58/><T46/><D59/><U11/><E85/><V114/><F114/><W16/><G16/><T107/><D107/><U109/><E83/><V97/><F97/><W65/><G65/><T130/><D130/><U37/><E37/><V75/><F75/><W76/><G76/><RYUUKYOKU ba="0,1" sc="251,15,272,-15,310,-15,157,15" hai0="44,45,46,62,88,93,99" hai3="9,10,26,28,35,41,43,52,56,60,120,121,123" /><INIT seed="3,1,1,5,2,17" ten="266,257,295,172" oya="3" hai0="72,52,22,47,71,1,54,122,31,91,49,75,132" hai1="104,6,59,98,79,63,26,101,121,125,20,41,55" hai2="106,16,12,97,57,18,37,58,116,11,46,43,61" hai3="44,117,9,114,93,19,130,81,95,118,113,111,2"/><W96/><G130/><T3/><D122/><U120/><E125/><V68/><F116/><W66/><G66/><T115/><D71/><U73/><E41/><V124/><F124/><W127/><G127/><T42/><D42/><U65/><E6/><V131/><F131/><W99/><G44/><T77/><D91/><U23/><E55/><V48/><F68/><W108/><G19/><T103/><D103/><U33/><E33/><V135/><F135/><W14/><G14/><T13/><D132/><U70/><E59/><V100/><F37/><W94/><G9/><T32/><D32/><U27/><E79/><V88/><F61/><W10/><G10/><T51/><D115/><N who="3" m="44041" /><G81/><T119/><D119/><N who="3" m="45577" /><G2/><T128/><D128/><U85/><E27/><V92/><REACH who="2" step="1"/><F18/><REACH who="2" ten="266,257,285,172" step="2"/><W39/><G39/><T5/><D5/><U107/><E63/><V110/><F110/><AGARI ba="1,2" hai="93,94,95,96,99,108,110,111" m="45577,44041" machi="110" ten="40,18000,2" yaku="28,2,14,1,10,1,34,2" doraHai="17" who="3" fromWho="2" sc="266,0,257,0,285,-183,172,203" /><INIT seed="3,2,0,3,1,57" ten="266,257,102,375" oya="3" hai0="31,83,5,77,38,78,61,133,93,44,8,103,121" hai1="60,21,99,1,12,100,37,113,132,36,95,75,104" hai2="68,135,51,26,127,116,88,42,52,76,30,118,27" hai3="14,70,20,25,114,90,69,119,94,115,105,126,23"/><W22/><G105/><T131/><D121/><U117/><E1/><V89/><F68/><W73/><G73/><T49/><D38/><U59/><E113/><V120/><F120/><W6/><G119/><T50/><D131/><U3/><E3/><V34/><F135/><W9/><G126/><T130/><D130/><U97/><E75/><V54/><F127/><W33/><G69/><T66/><D31/><U124/><E132/><V4/><F42/><W122/><G70/><T84/><D133/><U13/><E117/><V112/><F112/><W15/><G122/><T45/><D78/><U82/><E82/><V62/><F4/><W67/><G67/><T28/><D28/><U80/><E80/><V86/><F27/><W19/><G90/><T11/><D93/><U71/><E71/><V40/><F40/><W55/><G55/><N who="0" m="30119" /><D103/><U10/><E37/><V16/><F76/><W107/><G94/><T109/><D5/><U53/><E36/><V24/><F89/><W87/><G87/><T81/><D81/><U98/><E104/><V74/><F74/><W18/><G107/><T56/><D109/><U43/><E124/><V85/><F85/><W2/><G33/><T63/><D84/><U106/><E106/><V96/><F86/><W17/><AGARI ba="2,0" hai="2,6,9,14,15,17,18,19,20,22,23,25,114,115" machi="17" ten="20,18000,2" yaku="0,1,7,1,9,1,34,3" doraHai="57" who="3" fromWho="3" sc="266,-62,257,-62,102,-62,375,186" /><INIT seed="3,3,0,5,5,36" ten="204,195,40,561" oya="3" hai0="9,22,44,87,126,35,133,92,6,57,60,131,38" hai1="30,125,34,55,19,88,5,122,42,89,134,20,112" hai2="108,68,77,109,41,103,73,31,70,86,43,27,48" hai3="54,83,135,21,111,85,104,113,81,32,17,11,117"/><W49/><G32/><T129/><D35/><U67/><E122/><V99/><F48/><W72/><G104/><T115/><D115/><U91/><E112/><V74/><F86/><W80/><G117/><T16/><D126/><U78/><E134/><V45/><F45/><W40/><G113/><T107/><D107/><U90/><E125/><V7/><F7/><W58/><G135/><T130/><D133/><U119/><E119/><V116/><F116/><W33/><G33/><T63/><D92/><U3/><E67/><V64/><F64/><W12/><G72/><N who="2" m="27753" /><F77/><W62/><G111/><N who="2" m="42569" /><F27/><W132/><G132/><T127/><D127/><U128/><E78/><V39/><F39/><W71/><G71/><N who="2" m="27177" /><F31/><W8/><G85/><T96/><D87/><U95/><E5/><V59/><F59/><W106/><G106/><AGARI ba="3,0" hai="41,43,99,103,106" m="27177,42569,27753" machi="106" ten="40,5200,0" yaku="14,1,52,2" doraHai="36" who="2" fromWho="3" sc="204,0,195,0,40,61,561,-61" /><INIT seed="4,0,0,3,3,92" ten="204,195,101,500" oya="0" hai0="100,46,29,17,66,54,104,56,24,80,57,116,36" hai1="109,5,27,125,129,114,44,70,108,89,15,13,61" hai2="68,19,45,115,48,83,119,65,107,9,126,43,20" hai3="67,87,124,6,34,39,134,50,86,123,59,28,21"/><T106/><D116/><U72/><E72/><V101/><F119/><W53/><G39/><T49/><D17/><U47/><E129/><V18/><F115/><W132/><G34/><T77/><D36/><U12/><E5/><V22/><F126/><W37/><G37/><T3/><D3/><U75/><E75/><V73/><F68/><W1/><G124/><T79/><D79/><U133/><E125/><V32/><F32/><W4/><G123/><T63/><D57/><U117/><E117/><V14/><F65/><W38/><G38/><T122/><D122/><U88/><E114/><V110/><F110/><W41/><G41/><T97/><D106/><U0/><E0/><V105/><F9/><N who="3" m="2191" /><G6/><T42/><D42/><U16/><E109/><V10/><F10/><W35/><G35/><T33/><D80/><U64/><E108/><V60/><F60/><W55/><G67/><T25/><D25/><U103/><E103/><V52/><F43/><W130/><G55/><T7/><REACH who="0" step="1"/><D77/><REACH who="0" ten="194,195,101,500" step="2"/><U121/><E121/><V96/><F83/><W102/><G59/><T127/><D127/><U85/><E27/><V118/><F118/><W40/><G40/><T71/><D71/><U95/><E16/><V82/><F82/><W120/><G120/><T111/><D111/><U31/><E70/><V112/><F112/><W128/><G128/><T99/><D99/><U135/><E47/><V51/><F105/><W93/><G130/><T84/><D84/><N who="1" m="52615" /><E44/><V113/><F113/><W8/><G87/><T131/><D131/><U81/><E31/><V69/><F69/><W30/><G30/><RYUUKYOKU ba="0,1" sc="194,15,195,15,101,-15,500,-15" hai0="7,24,29,33,46,49,54,56,63,66,97,100,104" hai1="12,13,15,61,64,81,85,89,133,135" /><INIT seed="4,1,1,5,2,82" ten="209,210,86,485" oya="0" hai0="33,0,117,35,110,119,36,5,50,88,25,54,122" hai1="57,45,98,21,79,125,8,80,31,71,9,18,120" hai2="128,111,62,60,126,114,6,134,76,121,135,106,77" hai3="89,37,1,58,83,91,93,116,43,70,20,56,109"/><T12/><D122/><U29/><E71/><V41/><F121/><W124/><G70/><T15/><D36/><U48/><E120/><V105/><F6/><W81/><G1/><T14/><D88/><N who="3" m="33865" /><G37/><T27/><D54/><U2/><E125/><V96/><F96/><W102/><G43/><T39/><D50/><U63/><E2/><V34/><F41/><W103/><G109/><T53/><D53/><U87/><E98/><V115/><F34/><N who="0" m="12810" /><D39/><U61/><E31/><V74/><F74/><W127/><G20/><T108/><D5/><U129/><E48/><V13/><F13/><W68/><G68/><T28/><D0/><U51/><E45/><V113/><F128/><W86/><G116/><N who="0" m="44619" /><D28/><U99/><E29/><V64/><F64/><W16/><G83/><T104/><D104/><N who="2" m="40042" /><F126/><W47/><G81/><T112/><D112/><U7/><E129/><V4/><F4/><W46/><G46/><T52/><D52/><N who="1" m="31903" /><E7/><V32/><F32/><W123/><G47/><T101/><D101/><U131/><E131/><V10/><F111/><AGARI ba="1,1" hai="12,14,15,25,27,108,110,111" m="44619,12810" machi="111" ten="40,12000,1" yaku="28,2,10,1,34,2" doraHai="82" who="0" fromWho="2" sc="209,133,210,0,86,-123,485,0" owari="342,14.0,210,-19.0,-37,-54.0,485,59.0" /></mjloggm>