<mjloggm ver="2.3"><GO type="169" lobby="0"/><UN n0="%E8%93%AE%E5%B1%B1" n1="%E9%BA%BB%E7%94%9F%E9%9B%80%E5%AD%90" n2="%E3%83%88%E3%83%88%E3%83%AA%E5%85%88%E7%94%9F%31%39%E6%AD%B3" n3="%73%69%65%72%61%34%30%31" dan="16,17,18,16" rate="2070.82,2139.30,2190.92,2095.13" sx="M,F,F,F"/><TAIKYOKU oya="0"/><INIT seed="0,0,0,2,1,98" ten="250,250,250,250" oya="0" hai0="67,45,59,73,81,130,16,125,53,55,121,123,2" hai1="112,42,58,39,124,75,77,84,7,113,3,122,61" hai2="29,56,31,105,12,118,126,101,21,129,0,95,116" hai3="104,44,103,1,30,92,41,10,48,60,88,14,127"/><T33/><D2/><U6/><E122/><V5/><F105/><W47/><G1/><T72/><D33/><U87/><E124/><V19/><F129/><W135/><G127/><T28/><D28/><U36/><E75/><V37/><F37/><N who="1" m="14409" /><E3/><V54/><F126/><W13/><G135/><T128/><D125/><U91/><E77/><V71/><F71/><W51/><G30/><T49/><D67/><N who="1" m="39351" /><E84/><V83/><F83/><W57/><G104/><T69/><D69/><U79/><E79/><V65/><F65/><N who="3" m="39055" /><G103/><T114/><D16/><U23/><E23/><V86/><F5/><W52/><G10/><T82/><D73/><U66/><E42/><V27/><F0/><W109/><G109/><T20/><D20/><U46/><E46/><V24/><F29/><W115/><G115/><N who="1" m="44106" /><E66/><V131/><F31/><W25/><G25/><T120/><D114/><U90/><E90/><N who="2" m="53719" /><F101/><W111/><G111/><T9/><D9/><U35/><E35/><V15/><F15/><W100/><G100/><T117/><D72/><U94/><AGARI ba="0,0" hai="6,7,87,91,94" m="44106,39351,14409" machi="94" ten="30,1100,0" yaku="11,1" doraHai="98" who="1" fromWho="1" sc="250,-5,250,11,250,-3,250,-3" /><INIT seed="1,0,0,5,5,57" ten="245,261,247,247" oya="1" hai0="0,73,21,54,43,115,93,113,20,126,14,59,51" hai1="31,123,1,2,121,109,40,8,22,78,63,81,92" hai2="38,23,131,104,27,64,100,133,6,49,108,74,70" hai3="80,48,98,9,84,83,28,30,65,46,88,47,15"/><U127/><E127/><V114/><F38/><W50/><G65/><T36/><D0/><U125/><E125/><V18/><F74/><W124/><G124/><T135/><D135/><U56/><E40/><V111/><F131/><W41/><G98/><T117/><D117/><U91/><E109/><V16/><F133/><W96/><G96/><T10/><D73/><U82/><E82/><V3/><F114/><W25/><G80/><T67/><D126/><U102/><E102/><V32/><F100/><W89/><G25/><T42/><D93/><U118/><E118/><V86/><F104/><W120/><G120/><T107/><D107/><U19/><E31/><V76/><F32/><W69/><G69/><T60/><D113/><U90/><E90/><V24/><F86/><W134/><G134/><T13/><D13/><U26/><E8/><N who="2" m="2143" /><F76/><W75/><G89/><T87/><D87/><N who="1" m="48567" /><E121/><V110/><F49/><W119/><G75/><T116/><D42/><U71/><E71/><V53/><F53/><N who="3" m="29847" /><G119/><T61/><D116/><U52/><E123/><V33/><F64/><W95/><G95/><T11/><D115/><U85/><E1/><V128/><F70/><W39/><G39/><T130/><D36/><U44/><E2/><V29/><F128/><W129/><G129/><T77/><D130/><U45/><AGARI ba="0,0" hai="19,22,26,44,45,52,56,63,85,91,92" m="48567" machi="45" ten="30,6000,0" yaku="8,1,52,1,54,1" doraHai="57" who="1" fromWho="1" sc="245,-20,261,60,247,-20,247,-20" /><INIT seed="1,1,0,5,1,89" ten="225,321,227,227" oya="1" hai0="53,57,119,82,22,133,52,29,24,66,18,70,80" hai1="111,108,124,115,76,90,95,19,91,120,31,35,46" hai2="73,107,87,134,32,84,54,1,60,85,26,49,50" hai3="116,0,79,121,125,13,94,42,118,7,72,6,126"/><U81/><E120/><V123/><F123/><W58/><G42/><T8/><D119/><N who="3" m="45609" /><G58/><T75/><D70/><U65/><E115/><V98/><F73/><W131/><G79/><T130/><D130/><U67/><E124/><N who="3" m="47722" /><G72/><T129/><D133/><U34/><E19/><V102/><F1/><W77/><G77/><T21/><D8/><U99/><E46/><V14/><F134/><W25/><G121/><T132/><D129/><U30/><E76/><V112/><F112/><W105/><G105/><T64/><D132/><U63/><E81/><N who="0" m="31337" /><D75/><U16/><E16/><V44/><F60/><W92/><G0/><T15/><D53/><U71/><E67/><V27/><F50/><AGARI ba="1,0" hai="15,18,21,22,24,29,50,52,57,64,66" m="31337" machi="50" ten="30,2000,0" yaku="8,1,54,1" doraHai="89" who="0" fromWho="2" sc="225,23,321,0,227,-23,227,0" /><INIT seed="2,0,0,0,4,36" ten="248,321,204,227" oya="2" hai0="29,109,127,54,33,130,102,98,65,80,133,49,56" hai1="16,73,5,6,86,32,129,115,30,134,122,55,0" hai2="113,31,74,40,70,119,8,12,15,91,87,100,24" hai3="128,84,89,61,125,19,38,60,46,110,7,97,79"/><V135/><F113/><W23/><G7/><T76/><D127/><U93/><E73/><V11/><F119/><W99/><G125/><T67/><D130/><U17/><E115/><V103/><F70/><W3/><G3/><T68/><D109/><U94/><E129/><V82/><F135/><W124/><G110/><T66/><D133/><U9/><E134/><V112/><F112/><W39/><G124/><T42/><D33/><U22/><E5/><V81/><F74/><W77/><G128/><T106/><D29/><U92/><E122/><V51/><F81/><W63/><G39/><T107/><D107/><U69/><E69/><V20/><F12/><W4/><G4/><T85/><D68/><U25/><E55/><V21/><F21/><W108/><G108/><T78/><D78/><N who="3" m="29705" /><G46/><T120/><D120/><U118/><E118/><V64/><F64/><W71/><G38/><T48/><REACH who="0" step="1"/><D67/><REACH who="0" ten="238,321,204,227" step="2"/><U72/><E72/><V75/><F75/><W58/><G71/><T34/><D34/><U111/><E111/><V59/><F59/><W41/><G58/><T126/><D126/><U35/><E35/><V88/><F91/><W83/><G41/><T50/><D50/><U117/><E117/><V1/><F51/><W101/><G101/><T53/><D53/><U47/><E47/><AGARI ba="0,1" hai="42,47,48,49,54,56,65,66,76,80,85,98,102,106" machi="47" ten="40,2600,0" yaku="1,1,52,1,53,0" doraHai="36" doraHaiUra="57" who="0" fromWho="1" sc="238,36,321,-26,204,0,227,0" /><INIT seed="3,0,0,5,4,28" ten="274,295,204,227" oya="3" hai0="8,126,120,24,129,21,6,17,36,113,11,85,102" hai1="84,101,14,69,60,16,97,10,91,90,88,95,107" hai2="18,128,61,124,66,96,71,13,51,86,121,4,5" hai3="115,89,43,59,93,0,133,35,68,7,47,19,117"/><W81/><G68/><T122/><D36/><U112/><REACH who="1" step="1"/><E112/><REACH who="1" ten="274,285,204,227" step="2"/><V15/><F121/><W78/><G115/><T30/><D113/><U29/><E29/><V119/><F119/><W39/><G117/><T9/><D120/><U114/><E114/><V130/><F128/><W135/><G133/><T83/><D122/><U116/><E116/><V111/><F130/><W25/><G135/><T74/><D129/><U44/><E44/><V92/><F111/><W31/><G59/><T37/><D30/><U20/><E20/><V33/><F71/><W118/><G118/><T40/><D21/><U110/><E110/><V58/><F58/><W57/><G57/><T109/><D109/><U75/><E75/><V54/><F124/><W38/><G39/><T125/><D74/><U82/><E82/><V132/><F132/><W62/><G81/><T67/><D83/><U55/><E55/><V134/><F134/><W131/><G131/><T99/><D37/><U27/><E27/><V127/><F127/><W3/><G47/><T104/><D24/><U53/><E53/><V2/><F54/><W49/><G38/><T72/><D72/><U23/><E23/><V77/><F66/><AGARI ba="0,1" hai="10,14,16,60,66,69,84,88,90,91,95,97,101,107" machi="66" ten="40,8000,1" yaku="21,2,54,2,53,1" doraHai="28" doraHaiUra="94" who="1" fromWho="2" sc="274,0,285,90,204,-80,227,0" /><INIT seed="4,0,0,1,3,80" ten="274,375,124,227" oya="0" hai0="119,110,60,46,50,132,57,38,14,120,98,37,121" hai1="72,109,118,53,70,17,115,64,18,77,135,32,122" hai2="92,127,95,52,91,108,88,1,12,20,19,44,21" hai3="111,129,81,31,28,97,74,4,22,113,123,100,58"/><T2/><D2/><U67/><E109/><V65/><F108/><W48/><G113/><T68/><D14/><U16/><E122/><V126/><F1/><W7/><G129/><T104/><D110/><U26/><E118/><V63/><F21/><W89/><G123/><T102/><D119/><U124/><E70/><V41/><F92/><W117/><G117/><T84/><D132/><U13/><E115/><V85/><F91/><W90/><G74/><T133/><D133/><U15/><E135/><V94/><F94/><W30/><G22/><T10/><D68/><U6/><E124/><V128/><F128/><W75/><G75/><T11/><D10/><U55/><E6/><V35/><F35/><W25/><G25/><T82/><D11/><U69/><E69/><V49/><REACH who="2" step="1"/><F41/><REACH who="2" ten="274,375,114,227" step="2"/><W47/><G111/><T107/><D121/><U103/><E32/><V40/><F40/><W51/><G90/><T86/><D120/><U29/><E103/><V76/><F76/><W43/><G100/><T131/><D131/><U99/><E77/><V78/><F78/><W27/><G43/><T87/><D82/><U42/><E42/><V114/><F114/><W39/><G81/><T93/><D107/><U73/><E99/><V45/><F45/><W36/><G47/><T116/><D104/><U71/><E18/><V83/><F83/><W112/><G97/><T130/><D130/><U105/><E105/><V56/><AGARI ba="0,1" hai="12,19,20,44,49,52,56,63,65,85,88,95,126,127" machi="56" ten="30,8000,1" yaku="1,1,0,1,52,1,54,2,53,0" doraHai="80" doraHaiUra="3" who="2" fromWho="2" sc="274,-40,375,-20,114,90,227,-20" /><INIT seed="5,0,0,2,2,113" ten="234,355,204,207" oya="1" hai0="42,100,54,0,31,103,20,87,49,66,134,73,90" hai1="104,133,57,106,36,120,25,56,123,30,32,63,33" hai2="69,115,75,5,10,111,72,11,21,122,79,85,88" hai3="44,45,3,99,94,22,71,8,41,13,110,9,14"/><U101/><E133/><V98/><F111/><W27/><G71/><T26/><D73/><U95/><E36/><V34/><F34/><W117/><G110/><T19/><D134/><U59/><E33/><V40/><F122/><W132/><G132/><T67/><D42/><U107/><E63/><V126/><F69/><W51/><G3/><T47/><D0/><U77/><E77/><V70/><F70/><W135/><G135/><T15/><D67/><U39/><E39/><V43/><F115/><W114/><G117/><T127/><D66/><U18/><E18/><V4/><F126/><W129/><G129/><T52/><D54/><U55/><E55/><V86/><F21/><W105/><G105/><T89/><D127/><U83/><E83/><N who="2" m="47359" /><F98/><W119/><G119/><T64/><D64/><U124/><E124/><V1/><F1/><W102/><G114/><T96/><D96/><N who="1" m="59551" /><E120/><V38/><F75/><W23/><G45/><T128/><D90/><U112/><E112/><V62/><F62/><W109/><G109/><T116/><D116/><U65/><E123/><V2/><F72/><W17/><REACH who="3" step="1"/><G27/><REACH who="3" ten="234,355,204,197" step="2"/><T80/><D128/><U97/><E107/><V84/><F2/><W81/><G81/><T78/><D78/><U118/><E106/><V12/><F38/><W53/><G53/><T28/><D28/><U60/><E118/><V35/><F40/><W121/><G121/><T76/><D76/><U93/><E104/><V29/><F43/><W92/><G92/><T16/><D31/><U48/><E30/><V50/><F29/><W24/><G24/><T7/><D26/><RYUUKYOKU ba="0,1" sc="234,-10,355,-10,204,-10,197,30" hai3="8,9,13,14,17,22,23,41,44,51,94,99,102" /><INIT seed="6,1,1,4,0,129" ten="224,345,194,227" oya="2" hai0="88,12,20,79,111,84,122,63,100,25,47,94,85" hai1="92,17,77,120,39,116,38,117,65,83,24,36,89" hai2="53,57,35,55,34,30,75,23,31,126,49,40,104" hai3="56,134,95,58,50,96,112,82,132,107,74,8,115"/><V135/><F104/><W101/><G8/><T102/><D111/><U43/><E43/><V15/><F75/><W44/><G107/><T4/><D122/><U113/><E113/><N who="3" m="43594" /><G74/><T72/><D63/><U29/><E17/><N who="2" m="10687" /><F35/><W131/><G82/><N who="0" m="47199" /><D47/><U121/><E65/><V52/><F34/><W127/><G127/><T9/><D72/><N who="1" m="43431" /><E116/><V87/><F135/><N who="3" m="51755" /><G131/><T21/><D21/><N who="1" m="15503" /><E117/><V51/><F126/><W73/><G73/><T76/><D76/><U48/><E48/><V28/><F87/><W124/><G124/><T90/><D90/><U33/><E33/><V6/><F6/><W93/><G93/><T123/><D123/><N who="1" m="47179" /><E39/><V46/><AGARI ba="1,1" hai="28,30,31,40,46,49,51,52,53,55,57" m="10687" machi="46" ten="30,3000,0" yaku="8,1,54,1" doraHai="129" who="2" fromWho="2" sc="224,-11,345,-11,194,43,227,-11" /><INIT seed="6,2,0,2,1,108" ten="213,334,237,216" oya="2" hai0="99,96,106,68,49,44,24,95,90,100,110,5,120" hai1="52,97,13,7,58,118,128,1,36,91,127,126,35" hai2="66,12,125,23,86,26,88,27,34,18,55,124,119" hai3="59,0,43,9,63,133,14,15,20,51,6,75,92"/><V83/><F119/><W129/><G75/><T114/><D110/><U62/><E118/><V69/><F34/><W56/><G129/><T64/><D120/><U19/><E35/><V101/><F101/><W131/><G131/><T117/><D117/><U65/><E36/><V80/><F66/><W53/><G133/><T41/><D5/><U89/><E128/><V130/><F69/><W135/><G135/><T73/><D73/><U109/><E109/><V47/><F130/><W78/><G78/><T84/><D24/><U45/><E7/><V8/><F83/><W38/><G38/><T113/><REACH who="0" step="1"/><D96/><REACH who="0" ten="203,334,237,216" step="2"/><U31/><E1/><V3/><F3/><W77/><G0/><T93/><D93/><U16/><E97/><V76/><F27/><W22/><G92/><T57/><D57/><U85/><E31/><V82/><F82/><W2/><G2/><T50/><D50/><N who="1" m="28751" /><E19/><N who="2" m="12671" /><F76/><W21/><G77/><T71/><D71/><U11/><E85/><V87/><F87/><W42/><REACH who="3" step="1"/><G15/><REACH who="3" ten="203,334,237,206" step="2"/><T81/><D81/><U104/><E104/><V111/><F111/><W102/><G102/><T46/><D46/><U107/><E107/><V25/><F25/><W28/><G28/><T132/><D132/><U94/><E94/><V134/><F134/><W17/><G17/><T54/><D54/><AGARI ba="2,2" hai="6,9,14,20,21,22,42,43,51,53,54,56,59,63" machi="54" ten="40,2600,0" yaku="1,1,8,1,53,0" doraHai="108" doraHaiUra="61" who="3" fromWho="0" sc="203,-32,334,0,237,0,206,52" /><INIT seed="7,0,0,2,4,11" ten="171,334,237,258" oya="3" hai0="56,44,115,101,33,28,114,36,55,78,124,27,80" hai1="88,81,65,106,31,30,97,59,26,13,134,123,100" hai2="107,128,29,116,3,37,82,98,53,57,61,111,120" hai3="125,71,127,121,109,18,132,34,102,79,66,22,119"/><W62/><G34/><T21/><D124/><U67/><E123/><V7/><F111/><W93/><G119/><T41/><D101/><U58/><E134/><V24/><F116/><W86/><G132/><T84/><D33/><U16/><E67/><V117/><F117/><W103/><G121/><T76/><D76/><U130/><E130/><V83/><F120/><W112/><G112/><T113/><D56/><U43/><E43/><V105/><F37/><W49/><G49/><T60/><D60/><U38/><E38/><V85/><F128/><W40/><G40/><T14/><D55/><U23/><E65/><V54/><F98/><W46/><G46/><T99/><D99/><U1/><E1/><V122/><F122/><W75/><G75/><T17/><D28/><U9/><E31/><V70/><F70/><W108/><G79/><T2/><D2/><U19/><E30/><V77/><F83/><W135/><G135/><T45/><D45/><U94/><E81/><V133/><F54/><W74/><G74/><T25/><AGARI ba="0,0" hai="14,17,21,25,27,36,41,44,78,80,84,113,114,115" machi="25" ten="40,8000,1" yaku="0,1,15,1,11,1,52,1" doraHai="11" who="0" fromWho="0" sc="171,80,334,-20,237,-20,258,-40" owari="251,5.0,314,41.0,217,-28.0,218,-18.0" /></mjloggm>