<mjloggm ver="2.3"><GO type="225" lobby="0"/><UN n0="%EF%BC%A0%E8%8B%A5%E6%9E%97" n1="%E3%81%A6%E3%81%B3" n2="%E3%83%88%E3%83%88%E3%83%AA%E5%85%88%E7%94%9F%31%39%E6%AD%B3" n3="%E3%81%B1%E3%83%BC%E3%81%9D%E3%82%93" dan="16,16,18,16" rate="2026.79,2013.91,2287.88,2173.07" sx="M,M,F,M"/><TAIKYOKU oya="0"/><INIT seed="0,0,0,1,1,74" ten="250,250,250,250" oya="0" hai0="38,12,17,89,116,71,14,7,109,0,97,92,127" hai1="24,15,103,96,100,10,53,44,85,101,11,56,63" hai2="93,115,121,73,46,122,68,95,34,82,20,6,110" hai3="48,84,28,113,88,58,23,130,45,54,3,47,70"/><T30/><D116/><U9/><E24/><V135/><F115/><W39/><G113/><T32/><D71/><U1/><E1/><V126/><F34/><W120/><G3/><T2/><D38/><U27/><E27/><V76/><F68/><W87/><G70/><T61/><D127/><U49/><E85/><V8/><F126/><W91/><G120/><T123/><D123/><U98/><REACH who="1" step="1"/><E15/><REACH who="1" ten="250,240,250,250" step="2"/><V51/><F122/><W59/><G87/><T29/><D12/><U132/><E132/><V125/><F135/><W64/><G84/><T99/><D14/><U133/><E133/><V52/><F121/><W112/><G112/><T128/><D2/><U86/><E86/><V35/><F125/><W119/><G119/><T66/><D0/><U16/><E16/><V90/><F35/><W36/><G28/><T65/><D17/><U40/><AGARI ba="0,1" hai="9,10,11,40,44,49,53,56,63,96,98,100,101,103" machi="40" ten="30,4000,0" yaku="1,1,0,1,8,1,53,0" doraHai="74" doraHaiUra="117" who="1" fromWho="1" sc="250,-20,240,50,250,-10,250,-10" /><INIT seed="1,0,0,5,5,85" ten="230,290,240,240" oya="1" hai0="95,128,117,13,80,97,27,59,100,30,35,9,126" hai1="123,77,31,17,51,115,62,55,25,75,52,56,26" hai2="135,118,21,125,49,7,72,65,53,133,40,18,111" hai3="37,39,0,63,106,110,34,119,87,112,96,91,134"/><U120/><E115/><V44/><F118/><W90/><G0/><T36/><D117/><U28/><E75/><V19/><F72/><W68/><G119/><T71/><D71/><U38/><E38/><V60/><F125/><W42/><G112/><T20/><D126/><U48/><E77/><V88/><F111/><W89/><G42/><T69/><D69/><U94/><E94/><V131/><F7/><W74/><G87/><T66/><D36/><U127/><E127/><V73/><F73/><W107/><G106/><T113/><D113/><U4/><E4/><V58/><F131/><W99/><G96/><T102/><D128/><U114/><E114/><V3/><F3/><W92/><G74/><T83/><D35/><U132/><E132/><N who="2" m="50763" /><F40/><W57/><G134/><T22/><D22/><U109/><E109/><V15/><F19/><W101/><G110/><T124/><D102/><U29/><E17/><V98/><F98/><W14/><G107/><T81/><D124/><U79/><E120/><V2/><F2/><W61/><G34/><T33/><D33/><U105/><E123/><V41/><F41/><W93/><G14/><T45/><D81/><U54/><E105/><V84/><F84/><W116/><G116/><T130/><D130/><U43/><E43/><V16/><F18/><W1/><G1/><T64/><D80/><U24/><E79/><V103/><F103/><W5/><G101/><T70/><D83/><U32/><E32/><V8/><F21/><W122/><G39/><T108/><D108/><U46/><E46/><V10/><F10/><W11/><G37/><RYUUKYOKU ba="0,0" sc="230,-15,290,15,240,15,240,-15" hai1="24,25,26,28,29,31,48,51,52,54,55,56,62" hai2="8,15,16,44,49,53,58,60,65,88" /><INIT seed="1,1,0,1,3,57" ten="215,305,255,225" oya="1" hai0="60,69,120,54,28,76,7,107,88,42,89,43,64" hai1="111,35,129,24,128,80,49,133,121,22,124,105,85" hai2="84,123,71,78,93,68,102,13,131,6,10,0,122" hai3="106,34,58,46,87,135,21,95,17,77,113,134,62"/><U99/><E121/><V97/><F131/><N who="1" m="50249" /><E35/><V9/><F78/><W74/><G106/><T32/><D120/><U20/><E124/><V118/><F118/><W44/><G74/><T1/><D76/><U103/><E133/><N who="3" m="50698" /><G113/><T79/><D79/><N who="1" m="46239" /><E111/><V83/><F71/><W82/><G34/><T109/><D109/><U50/><E22/><V117/><F117/><W126/><G95/><T38/><D107/><U14/><E14/><V53/><F68/><W5/><G5/><T72/><D72/><U104/><E104/><V33/><F33/><W37/><G37/><T81/><D81/><U52/><E52/><V27/><F27/><N who="3" m="14767" /><G126/><T100/><D100/><U39/><E39/><V61/><F83/><W66/><AGARI ba="1,0" hai="44,46,58,62,66,77,82,87" m="14767,50698" machi="66" ten="30,2000,0" yaku="20,1,52,1" doraHai="57" who="3" fromWho="3" sc="215,-6,305,-11,255,-6,225,23" /><INIT seed="2,0,0,2,1,110" ten="209,294,249,248" oya="2" hai0="93,23,57,125,134,11,43,14,100,118,124,89,99" hai1="102,72,22,4,6,27,58,111,10,1,75,87,36" hai2="83,121,47,106,7,25,61,76,66,32,86,77,122" hai3="120,116,97,33,131,81,112,26,42,20,71,29,91"/><V78/><F106/><W85/><G120/><T24/><D134/><U117/><E117/><V8/><F47/><W3/><G116/><T108/><D108/><U51/><E111/><V35/><F122/><W15/><G71/><T38/><D118/><U104/><E36/><V28/><F35/><W49/><G3/><T115/><D57/><U128/><E6/><V41/><F41/><W113/><G131/><T130/><D130/><U37/><E37/><V123/><F123/><W96/><G33/><T101/><D43/><U50/><E128/><V133/><F133/><W55/><G42/><T90/><D38/><U9/><E9/><V52/><F121/><W30/><G29/><T54/><D54/><U114/><E87/><V65/><F52/><W92/><G15/><T44/><D44/><U31/><E51/><V68/><REACH who="2" step="1"/><F66/><REACH who="2" ten="209,294,239,248" step="2"/><W84/><G55/><T63/><D63/><U21/><E50/><V59/><F59/><W40/><G49/><T0/><D124/><U94/><E58/><V60/><F60/><W56/><G56/><T82/><D125/><U46/><E46/><V17/><F17/><W48/><G48/><T67/><D67/><U16/><E16/><V73/><F73/><W88/><G40/><T95/><D0/><AGARI ba="0,1" hai="0,7,8,25,28,32,61,65,68,76,77,78,83,86" machi="0" ten="30,2900,0" yaku="1,1,7,1,53,0" doraHai="110" doraHaiUra="18" who="2" fromWho="0" sc="209,-29,294,0,239,39,248,0" /><INIT seed="2,1,0,0,1,2" ten="180,294,278,248" oya="2" hai0="49,107,79,36,32,85,126,130,48,61,41,80,38" hai1="42,120,19,23,8,40,46,29,1,81,26,73,10" hai2="6,12,100,96,127,59,33,39,69,106,82,131,71" hai3="13,134,43,5,37,55,30,65,35,45,95,101,58"/><V67/><F33/><W53/><G134/><T92/><D107/><U17/><E120/><V72/><F39/><W28/><G35/><T51/><D32/><U90/><E42/><V103/><F131/><W7/><G37/><T117/><D130/><U124/><E124/><V114/><F114/><W4/><G13/><T123/><D123/><U66/><E66/><V98/><F127/><W128/><G128/><T83/><D126/><U34/><E1/><V62/><F82/><W78/><G78/><T116/><D92/><U115/><E115/><V99/><F72/><W18/><G18/><T111/><D111/><U119/><E119/><N who="0" m="45641" /><D41/><U89/><E34/><V24/><F24/><W64/><G43/><T3/><D3/><U93/><E40/><V133/><F133/><W27/><G45/><T0/><D0/><U86/><E46/><V9/><F99/><N who="3" m="59647" /><G27/><T122/><D122/><U132/><E73/><V56/><F71/><W25/><G25/><T91/><D61/><U14/><E132/><V52/><REACH who="2" step="1"/><F52/><REACH who="2" ten="180,294,268,248" step="2"/><N who="3" m="20043" /><G64/><T109/><D109/><U88/><E81/><V108/><F108/><W21/><G21/><T31/><D31/><U113/><E113/><V74/><F74/><AGARI ba="1,1" hai="36,38,48,49,51,74,79,80,83,85,91" m="45641" machi="74" ten="30,1000,0" yaku="12,1" doraHai="2" who="0" fromWho="2" sc="180,23,294,0,268,-13,248,0" /><INIT seed="3,0,0,4,1,101" ten="203,294,255,248" oya="3" hai0="13,63,69,28,38,36,54,105,58,52,83,42,85" hai1="70,55,79,103,96,115,8,68,2,129,100,20,34" hai2="118,11,114,113,5,3,130,78,133,25,32,71,116" hai3="91,93,18,67,50,127,26,124,60,80,98,22,108"/><W44/><G108/><T33/><D105/><U23/><E34/><V81/><F71/><W14/><G80/><T73/><D69/><U47/><E115/><N who="2" m="44043" /><F78/><W6/><G6/><T102/><D102/><U126/><E79/><V53/><F53/><W134/><G134/><T94/><D42/><U97/><E2/><V90/><F90/><W109/><G109/><T15/><D73/><U46/><E8/><V7/><F81/><W19/><G60/><T59/><D94/><U119/><E55/><V24/><F7/><W104/><G67/><T57/><D33/><U48/><E48/><V49/><F49/><W110/><G110/><T16/><D28/><U135/><E135/><V75/><F75/><W86/><G98/><T0/><D0/><U4/><E4/><V40/><F40/><W123/><G104/><T56/><D54/><U77/><E77/><V125/><F133/><W122/><G50/><T107/><D107/><U132/><E132/><V27/><F32/><W45/><G44/><T30/><D30/><U65/><E65/><V35/><F35/><W99/><G45/><T106/><D106/><U17/><E70/><V76/><F76/><W9/><REACH who="3" step="1"/><G99/><REACH who="3" ten="203,294,255,238" step="2"/><T84/><D83/><U112/><E47/><V12/><F3/><W128/><G128/><T131/><D131/><U120/><E129/><V43/><F130/><W74/><G74/><T21/><D38/><U29/><E46/><V111/><F111/><W37/><G37/><T87/><D36/><U62/><E97/><V1/><F1/><W89/><G89/><T39/><D39/><U66/><E96/><RYUUKYOKU ba="0,1" sc="203,15,294,-15,255,-15,238,15" hai0="13,15,16,21,52,56,57,58,59,63,84,85,87" hai3="9,14,18,19,22,26,86,91,93,122,123,124,127" /><INIT seed="3,1,1,0,4,103" ten="218,279,240,253" oya="3" hai0="64,69,133,21,16,121,58,41,96,73,80,36,126" hai1="135,95,65,68,56,8,67,118,15,45,81,59,26" hai2="57,100,17,99,114,31,9,87,132,19,54,40,79" hai3="70,1,93,112,88,120,51,89,53,4,66,6,37"/><W50/><G37/><T128/><D121/><U90/><E135/><V117/><F117/><W85/><G120/><T11/><D133/><U5/><E118/><V125/><F132/><W22/><G112/><T13/><D126/><U122/><E122/><V72/><F72/><W102/><G70/><T77/><D128/><U115/><E115/><V74/><F74/><W94/><G102/><T46/><D69/><U107/><E107/><V30/><F114/><W48/><G66/><N who="1" m="25098" /><E68/><V84/><F40/><W24/><G1/><T27/><D96/><N who="1" m="57463" /><E45/><V0/><F125/><W25/><G53/><T131/><D131/><U124/><E124/><V98/><F98/><N who="3" m="57639" /><G24/><T83/><D83/><U105/><E105/><V23/><F99/><W129/><G129/><T127/><D127/><U39/><E39/><V14/><F100/><W110/><G110/><T134/><D134/><U91/><E26/><N who="2" m="14719" /><F0/><W29/><AGARI ba="1,1" hai="4,6,22,25,29,48,50,51,85,89,94" m="57639" machi="29" ten="30,3000,0" yaku="8,1,54,1" doraHai="103" who="3" fromWho="3" sc="218,-11,279,-11,240,-11,253,43" /><INIT seed="3,2,0,1,5,51" ten="207,268,229,296" oya="3" hai0="121,23,93,40,77,7,50,129,37,47,6,19,42" hai1="111,112,108,115,12,103,67,15,0,97,38,79,48" hai2="75,78,9,14,27,80,5,123,82,70,83,41,130" hai3="58,98,92,131,99,109,13,110,11,125,101,61,29"/><W91/><G125/><T86/><D121/><U22/><E38/><V32/><F70/><W3/><G3/><T63/><D129/><U34/><E34/><V69/><F69/><W26/><G131/><T117/><D117/><U126/><E0/><V73/><F130/><W16/><G99/><T94/><D37/><U64/><E79/><V68/><F68/><W56/><G91/><T105/><D105/><U28/><E48/><V124/><F124/><W134/><G134/><T84/><D63/><U90/><E90/><V74/><F123/><W127/><G127/><T8/><D40/><U54/><E126/><V81/><F41/><W76/><G76/><T95/><D77/><U113/><E54/><V33/><REACH who="2" step="1"/><F27/><REACH who="2" ten="207,268,219,296" step="2"/><W116/><G116/><T71/><D71/><U133/><E112/><V1/><F1/><W89/><G101/><T57/><D57/><U120/><E103/><V18/><F18/><W36/><G36/><T46/><D46/><U72/><E113/><V4/><F4/><N who="0" m="1578" /><D8/><U44/><E44/><V52/><F52/><W85/><G58/><T45/><D45/><U20/><E115/><V53/><F53/><W66/><REACH who="3" step="1"/><G98/><REACH who="3" ten="207,268,219,286" step="2"/><T122/><D122/><U17/><E97/><V65/><F65/><W135/><G135/><T55/><D42/><U88/><E133/><V24/><F24/><AGARI ba="2,2" hai="19,23,24,47,50,55,84,86,93,94,95" m="1578" machi="24" ten="30,2000,0" yaku="8,1,52,1" doraHai="51" who="0" fromWho="2" sc="207,46,268,0,219,-26,286,0" /><INIT seed="4,0,0,4,2,17" ten="253,268,193,286" oya="0" hai0="25,4,75,15,86,129,128,82,2,122,11,5,51" hai1="16,97,30,67,89,74,100,12,14,20,132,42,63" hai2="28,50,88,109,73,26,7,68,62,79,78,104,41" hai3="34,120,22,36,95,108,37,126,65,133,118,107,117"/><T119/><D119/><U18/><E74/><V80/><F109/><W19/><G65/><T43/><D122/><U125/><E125/><V27/><F104/><W35/><G107/><T24/><D75/><U59/><E132/><V13/><F26/><W3/><G95/><T10/><D51/><U96/><E42/><V105/><F105/><W77/><G77/><T81/><D43/><U9/><E30/><V121/><F121/><W134/><G3/><T60/><D60/><U112/><E112/><V61/><F68/><W115/><G120/><T90/><REACH who="0" step="1"/><D82/><REACH who="0" ten="243,268,193,286" step="2"/><U83/><E83/><V58/><F73/><W130/><G117/><T49/><D49/><U53/><E63/><V52/><F61/><W131/><G118/><T135/><D135/><U93/><E67/><V87/><F41/><W103/><G134/><T0/><D0/><U39/><E39/><V48/><F48/><W110/><G133/><T70/><D70/><U54/><E59/><V32/><REACH who="2" step="1"/><F62/><REACH who="2" ten="243,268,183,286" step="2"/><W127/><G37/><T55/><D55/><U71/><E71/><V1/><F1/><W57/><G36/><T84/><D84/><U21/><E54/><V44/><F44/><W72/><G110/><T113/><D113/><U123/><E53/><V85/><F85/><W69/><G108/><T101/><D101/><U56/><E123/><V91/><F91/><W33/><G115/><T66/><D66/><U38/><E38/><V31/><F31/><W92/><G72/><T99/><D99/><U64/><E97/><V124/><F124/><W106/><G127/><T47/><D47/><U23/><E89/><RYUUKYOKU ba="0,2" sc="243,10,268,10,183,10,286,-30" hai0="2,4,5,10,11,15,24,25,81,86,90,128,129" hai1="9,12,14,16,18,20,21,23,56,64,93,96,100" hai2="7,13,27,28,32,50,52,58,78,79,80,87,88" /><INIT seed="4,1,2,5,1,86" ten="253,278,193,256" oya="0" hai0="0,82,108,57,128,64,76,63,117,41,121,80,90" hai1="98,84,36,75,54,91,123,31,103,46,16,112,27" hai2="71,61,11,22,38,1,134,106,69,5,74,30,89" hai3="92,94,122,40,19,133,34,85,96,109,72,18,32"/><T39/><D117/><U130/><E75/><V53/><F106/><W120/><G72/><T105/><D121/><N who="3" m="46697" /><G109/><T102/><D0/><U62/><E123/><V59/><F38/><W88/><G40/><T68/><D128/><U93/><E130/><V50/><F74/><W49/><G49/><T7/><D7/><U17/><E112/><V20/><F134/><W3/><G3/><T79/><D108/><U113/><E113/><V77/><F77/><W115/><G115/><T44/><D68/><U104/><E62/><V37/><F37/><W33/><G133/><T24/><D24/><U25/><E25/><V45/><F30/><W4/><G4/><T6/><D6/><U8/><E8/><V100/><F100/><AGARI ba="1,2" hai="18,19,32,33,34,85,88,92,94,96,100" m="46697" machi="100" ten="40,5200,0" yaku="13,1,52,1,54,1" doraHai="86" who="3" fromWho="2" sc="253,0,278,0,193,-55,256,75" owari="253,-15.0,278,8.0,138,-36.0,331,43.0" /></mjloggm>