<mjloggm ver="2.3"><GO type="169" lobby="0"/><UN n0="%E3%82%A6%E3%83%AB%E3%83%88%E3%83%A9%E7%AB%8B%E7%9B%B4" n1="%E2%98%85%E9%9B%80%E9%AC%BC%E7%99%BE%E7%80%AC%E2%98%85" n2="%E3%83%89%E3%83%A9%E3%83%AD%E3%83%B3%E3%83%80%E3%82%A4%E3%83%B4" n3="%E3%81%82%E3%81%B2%E3%82%8B%E3%81%95%E3%82%93" dan="17,18,16,16" rate="2134.59,2212.82,2141.92,2082.52" sx="M,M,M,M"/><TAIKYOKU oya="0"/><INIT seed="0,0,0,1,0,26" ten="250,250,250,250" oya="0" hai0="104,119,117,118,58,34,57,11,24,10,59,48,105" hai1="112,36,56,77,5,131,124,30,0,7,1,99,55" hai2="66,132,16,69,37,13,84,9,113,134,109,23,110" hai3="71,42,72,106,67,46,73,130,133,33,39,70,50"/><T38/><D38/><U49/><E36/><V96/><F113/><W62/><G71/><T93/><D48/><U108/><E112/><V54/><F37/><W35/><G133/><N who="2" m="51305" /><F96/><W92/><G130/><T76/><D76/><U97/><E131/><V47/><F84/><W32/><G92/><T122/><D93/><U20/><E108/><N who="2" m="41579" /><F66/><W107/><REACH who="3" step="1"/><G50/><REACH who="3" ten="250,250,250,240" step="2"/><T68/><D68/><U95/><E49/><N who="2" m="28991" /><F69/><W127/><G127/><T120/><D34/><U123/><E124/><V22/><AGARI ba="0,1" hai="9,13,16,22,23" m="28991,41579,51305" machi="22" ten="40,5200,0" yaku="20,1,14,1,54,1" doraHai="26" who="2" fromWho="2" sc="250,-26,250,-13,250,62,240,-13" /><INIT seed="1,0,0,1,2,105" ten="224,237,312,227" oya="1" hai0="7,5,64,79,42,86,115,109,100,128,22,121,89" hai1="96,14,10,129,57,4,37,111,35,82,88,107,95" hai2="87,19,25,54,124,98,30,47,3,56,71,21,68" hai3="34,120,118,48,46,18,75,29,127,134,52,2,49"/><U112/><E112/><V13/><F3/><W91/><G2/><T41/><D115/><U103/><E35/><V0/><F0/><W65/><G120/><T51/><D109/><U59/><E37/><V117/><F117/><W123/><G123/><T61/><D128/><U102/><E111/><V60/><F124/><W122/><G122/><T40/><D79/><U94/><E129/><V12/><F12/><W11/><G65/><T39/><D39/><U9/><E103/><V99/><F71/><W84/><G134/><T63/><D100/><U24/><E24/><V80/><F47/><W77/><G127/><T8/><D8/><U131/><E131/><V58/><F58/><W85/><G118/><T44/><D22/><U31/><E31/><V17/><F68/><W101/><G101/><T62/><D64/><U1/><E82/><V27/><F27/><W74/><G29/><T6/><REACH who="0" step="1"/><D121/><REACH who="0" ten="214,237,312,227" step="2"/><U93/><REACH who="1" step="1"/><E88/><REACH who="1" ten="214,227,312,227" step="2"/><N who="2" m="51303" /><F30/><W67/><G91/><T43/><D43/><U119/><E119/><V106/><F106/><W125/><G34/><T135/><D135/><U16/><AGARI ba="0,2" hai="1,4,9,10,14,16,57,59,93,94,95,96,102,107" machi="16" ten="30,6000,0" yaku="1,1,0,1,54,1,53,0" doraHai="105" doraHaiUra="104" who="1" fromWho="1" sc="214,-20,227,80,312,-20,227,-20" /><INIT seed="1,1,0,0,0,117" ten="194,307,292,207" oya="1" hai0="25,106,60,10,5,55,93,26,54,62,37,79,2" hai1="101,68,108,45,16,7,1,33,21,102,59,86,127" hai2="74,85,112,70,11,97,107,115,96,91,15,18,73" hai3="22,81,36,23,57,135,66,14,100,41,0,128,126"/><U90/><E68/><V64/><F64/><W30/><G0/><T48/><D106/><U131/><E33/><V35/><F35/><W72/><G100/><T63/><D37/><U53/><E127/><V6/><F70/><W121/><G23/><T32/><D79/><U77/><E77/><V52/><F6/><W123/><G72/><N who="2" m="27753" /><F107/><W43/><G81/><T111/><D111/><U27/><E108/><V94/><F52/><W42/><G36/><T133/><D133/><U31/><E131/><V116/><F116/><W118/><G118/><T56/><D32/><U28/><E45/><V83/><F83/><W103/><G103/><N who="1" m="39434" /><E7/><V17/><F17/><W34/><G34/><T3/><D3/><U130/><E130/><V44/><F44/><W39/><G39/><T105/><D105/><U67/><E67/><V8/><F8/><W110/><G128/><T24/><REACH who="0" step="1"/><D93/><REACH who="0" ten="184,307,292,207" step="2"/><N who="1" m="54487" /><E1/><V65/><F112/><W119/><G119/><T12/><D12/><U13/><E13/><V58/><F115/><W40/><G110/><T129/><D129/><U87/><E87/><V51/><F85/><W122/><G135/><T49/><D49/><AGARI ba="1,1" hai="16,21,27,28,31,49,53,59" m="54487,39434" machi="49" ten="30,2900,0" yaku="8,1,54,1" doraHai="117" who="1" fromWho="0" sc="184,-32,307,42,292,0,207,0" /><INIT seed="1,2,0,5,3,3" ten="152,349,292,207" oya="1" hai0="32,48,129,51,90,69,108,24,1,22,113,120,54" hai1="34,66,0,95,93,128,25,85,121,13,28,135,29" hai2="87,55,46,20,103,72,114,30,75,117,10,125,36" hai3="105,16,17,14,26,76,81,122,35,100,118,88,101"/><U134/><E121/><V61/><BYE who="0" /><F117/><W96/><G118/><T78/><D78/><U43/><E0/><UN n0="%E3%82%A6%E3%83%AB%E3%83%88%E3%83%A9%E7%AB%8B%E7%9B%B4" /><V49/><F125/><W19/><G122/><T127/><D32/><U23/><E128/><V62/><F114/><W33/><G101/><T11/><D69/><U58/><E43/><V111/><F111/><W80/><G26/><T53/><D113/><U8/><E34/><V133/><F133/><N who="1" m="50697" /><E28/><V65/><F36/><W99/><G14/><T47/><D108/><U40/><E40/><V45/><F103/><W68/><G68/><T84/><D127/><U37/><E37/><V50/><F87/><W94/><REACH who="3" step="1"/><G80/><REACH who="3" ten="152,349,292,197" step="2"/><T57/><D120/><U92/><E13/><V109/><F109/><W18/><N who="3" m="4608" /><DORA hai="119" /><W132/><G132/><T31/><D129/><U5/><E25/><V116/><F116/><W115/><G115/><T70/><D70/><U60/><E95/><V123/><F123/><W42/><G42/><T12/><D1/><U102/><E92/><V2/><F2/><W41/><G41/><T112/><D112/><U79/><E93/><V77/><F30/><W83/><G83/><N who="0" m="49439" /><D12/><U89/><E29/><V107/><F107/><W124/><G124/><T71/><D71/><U86/><E102/><V4/><F4/><W39/><G39/><T82/><D82/><U97/><E5/><V21/><F10/><AGARI ba="2,1" hai="10,11,22,24,31,47,48,51,53,54,57" m="49439" machi="10" ten="30,1000,0" yaku="8,1" doraHai="3,119" who="0" fromWho="2" sc="152,26,349,0,292,-16,197,0" /><INIT seed="2,0,0,1,1,111" ten="178,349,276,197" oya="2" hai0="14,90,15,86,135,82,122,47,66,51,132,79,38" hai1="120,85,134,27,112,101,106,108,64,16,126,28,88" hai2="56,0,81,74,102,12,3,41,115,72,92,87,91" hai3="46,33,75,4,99,40,131,59,118,129,23,53,20"/><V96/><F115/><W123/><G33/><T22/><D38/><U61/><E112/><V128/><F128/><W19/><G75/><T119/><D122/><U9/><E108/><V13/><F13/><W34/><G34/><T103/><D119/><U49/><E120/><V116/><F116/><W80/><G123/><T67/><D103/><U73/><E73/><V30/><F30/><W70/><G70/><T52/><D79/><U6/><E49/><V8/><F41/><W37/><G118/><T54/><D54/><U100/><E134/><N who="0" m="51241" /><D15/><U130/><E130/><V29/><F72/><W18/><G4/><T5/><D5/><U71/><E126/><V113/><F113/><W10/><G10/><T78/><D78/><U125/><E125/><V62/><F29/><W65/><G65/><T98/><D98/><U26/><E106/><V42/><F42/><W32/><G32/><T48/><D48/><U127/><E127/><V109/><F109/><W76/><G99/><T31/><D14/><U55/><E55/><V69/><F69/><W36/><G36/><T2/><D2/><N who="1" m="215" /><E28/><V45/><F74/><W133/><G133/><T11/><D11/><U95/><E26/><AGARI ba="0,0" hai="22,26,31,47,51,52,66,67,82,86,90" m="51241" machi="26" ten="30,2000,0" yaku="20,1,54,1" doraHai="111" who="0" fromWho="1" sc="178,20,349,-20,276,0,197,0" /><INIT seed="3,0,0,5,2,43" ten="198,329,276,197" oya="3" hai0="6,72,79,71,58,1,41,42,107,85,63,16,4" hai1="99,108,82,91,24,78,8,134,26,39,54,53,113" hai2="40,44,121,92,11,96,0,30,109,37,77,10,65" hai3="31,119,68,111,33,127,120,73,52,112,106,129,105"/><W100/><G31/><T51/><D107/><U14/><E39/><V86/><F109/><W67/><G52/><N who="0" m="34247" /><D72/><U84/><E134/><V38/><F121/><W131/><G67/><T62/><D1/><U17/><E108/><V35/><F38/><W34/><G34/><T97/><D97/><U48/><E113/><V18/><F0/><W61/><G61/><T95/><D71/><U5/><E5/><N who="0" m="2153" /><D62/><U7/><E7/><V12/><F65/><W13/><G13/><T88/><D79/><U57/><E54/><V74/><F74/><W80/><G100/><T3/><D3/><U69/><E69/><V116/><F116/><W114/><G68/><T118/><D118/><U15/><E15/><V2/><F2/><W59/><G33/><T49/><D16/><U94/><AGARI ba="0,0" hai="8,14,17,24,26,48,53,57,78,82,84,91,94,99" machi="94" ten="30,2000,0" yaku="0,1,8,1" doraHai="43" who="1" fromWho="1" sc="198,-5,329,20,276,-5,197,-10" /><INIT seed="4,0,0,1,3,81" ten="193,349,271,187" oya="0" hai0="67,32,127,73,8,5,95,93,75,52,122,48,38" hai1="113,10,49,101,98,90,99,88,36,85,97,59,77" hai2="39,24,31,82,79,20,53,84,14,72,22,25,133" hai3="41,30,76,56,109,61,92,66,114,78,37,68,27"/><T124/><D38/><U18/><E36/><V116/><F133/><W33/><G109/><T108/><D32/><U46/><E101/><V7/><F116/><W54/><G114/><T117/><D67/><U51/><E113/><V71/><F39/><W26/><G26/><T4/><D117/><U12/><E59/><V64/><F71/><W34/><G34/><T44/><D122/><U63/><E63/><V132/><F132/><W131/><G131/><T70/><D70/><U121/><E121/><V128/><F128/><W106/><G106/><T111/><D95/><U94/><E77/><V65/><F72/><N who="0" m="27722" /><D93/><N who="1" m="54415" /><E51/><V3/><F3/><W103/><G103/><T135/><D135/><U47/><E46/><V17/><REACH who="2" step="1"/><F53/><AGARI ba="0,0" hai="10,12,18,47,49,53,90,94,97,98,99" m="54415" machi="53" ten="30,3900,0" yaku="8,1,52,1,54,1" doraHai="81" who="1" fromWho="2" sc="193,0,349,39,271,-39,187,0" /><INIT seed="5,0,0,2,3,114" ten="193,388,232,187" oya="1" hai0="7,51,45,101,14,106,24,102,122,8,47,117,128" hai1="17,13,107,103,75,118,97,18,125,84,100,71,93" hai2="70,104,130,49,105,12,94,23,121,22,53,21,86" hai3="113,19,67,129,35,62,6,58,37,33,132,60,41"/><U115/><E71/><V29/><F121/><W127/><G113/><T56/><D122/><U124/><E115/><V87/><F70/><W64/><G6/><T0/><D0/><U61/><E61/><V55/><F29/><W44/><G129/><T54/><D128/><U89/><E75/><V1/><F130/><W5/><G132/><T78/><D117/><U34/><E34/><V77/><F1/><W30/><G127/><N who="1" m="48714" /><E100/><N who="0" m="38505" /><D106/><U25/><E25/><V123/><F123/><W59/><G30/><T43/><D78/><U135/><E135/><V120/><F120/><W57/><G5/><T50/><D24/><U83/><E118/><V3/><F3/><W66/><REACH who="3" step="1"/><G19/><REACH who="3" ten="193,388,232,177" step="2"/><N who="1" m="7178" /><E13/><V42/><F12/><W32/><AGARI ba="0,1" hai="32,33,35,37,41,44,57,58,59,60,62,64,66,67" machi="32" ten="40,8000,1" yaku="1,1,0,1,29,2,53,0" doraHai="114" doraHaiUra="20" who="3" fromWho="3" sc="193,-20,388,-40,232,-20,177,90" /><INIT seed="6,0,0,0,3,26" ten="173,348,212,267" oya="2" hai0="92,50,32,103,102,27,38,75,121,11,28,125,72" hai1="19,8,88,105,17,29,33,109,80,84,2,66,31" hai2="51,49,58,87,40,81,16,124,3,71,108,9,98" hai3="64,89,130,24,95,7,129,4,90,14,18,6,10"/><V54/><F71/><W0/><G64/><T1/><D38/><U74/><E109/><V110/><F124/><W65/><G65/><T116/><D121/><U59/><E105/><V112/><F112/><W117/><G90/><T97/><D125/><U63/><E33/><V101/><F40/><W131/><G117/><T78/><D116/><U25/><E74/><V79/><F49/><W93/><G95/><T82/><D50/><U45/><E45/><V37/><F37/><W114/><G24/><T133/><D133/><U126/><E126/><V118/><F118/><W132/><G132/><T43/><D43/><U73/><E73/><V22/><F9/><N who="3" m="6479" /><G114/><T12/><D1/><U67/><E67/><V85/><F85/><AGARI ba="0,0" hai="0,4,6,7,10,85,89,93,129,130,131" m="6479" machi="85" ten="30,1000,0" yaku="19,1" doraHai="26" who="3" fromWho="2" sc="173,0,348,0,212,-10,267,10" /><INIT seed="7,0,0,3,4,78" ten="173,348,202,277" oya="3" hai0="5,49,40,132,3,114,13,93,110,54,45,84,107" hai1="115,18,112,61,32,122,23,11,60,134,67,106,63" hai2="50,53,73,133,82,105,135,70,65,66,10,79,96" hai3="77,85,80,36,120,81,75,119,43,21,131,121,123"/><W92/><G119/><T128/><D107/><U113/><E122/><V86/><F10/><W117/><G117/><T103/><D3/><U62/><E106/><V71/><F66/><W19/><G92/><T102/><D110/><U28/><E134/><N who="2" m="51211" /><F65/><W99/><G99/><T48/><D132/><U125/><E125/><V8/><F8/><W4/><G4/><T27/><D128/><U111/><E111/><V52/><F73/><W94/><G94/><T22/><D114/><U26/><E11/><V25/><F25/><W37/><G131/><T83/><D13/><N who="1" m="9679" /><E62/><V68/><F50/><W57/><G57/><AGARI ba="0,0" hai="26,28,32,57,60,61,63,67,112,113,115" m="9679" machi="57" ten="30,1000,0" yaku="15,1" doraHai="78" who="1" fromWho="3" sc="173,0,348,10,202,0,277,-10" owari="173,-33.0,358,46.0,202,-20.0,267,7.0" /></mjloggm>