<mjloggm ver="2.3"><GO type="97" lobby="0"/><UN n0="%E3%81%93%E3%81%AE%E7%AC%91%E9%A1%94%E5%AE%88%E3%82%8A%E3%81%9F%E3%81%84" n1="%68%61%62%6F%32" n2="%E7%85%A7%E6%B7%A1%E5%92%B2%E8%A1%A3" n3="%E3%83%88%E3%83%88%E3%83%AA%E5%85%88%E7%94%9F%31%39%E6%AD%B3" dan="15,13,13,14" rate="1974.03,1906.27,1942.18,2032.81" sx="M,M,M,F"/><TAIKYOKU oya="0"/><INIT seed="0,0,0,0,5,115" ten="250,250,250,250" oya="0" hai0="26,68,35,40,91,79,104,30,92,66,18,129,34" hai1="124,49,1,19,21,85,12,90,44,125,106,67,133" hai2="102,123,120,72,16,54,112,6,71,25,74,96,2" hai3="36,127,81,7,117,77,32,78,135,5,29,113,80"/><T46/><D104/><U4/><E106/><V22/><F112/><W134/><G113/><T31/><D79/><N who="3" m="30217" /><G36/><T89/><D129/><U98/><E67/><V128/><F71/><W107/><G107/><T41/><D41/><U70/><E70/><V33/><F128/><W111/><G29/><T130/><D130/><U99/><E133/><N who="3" m="50698" /><G32/><T114/><D114/><U88/><E4/><N who="3" m="1610" /><G111/><T84/><D31/><U110/><E1/><V100/><F54/><W95/><G95/><T103/><D35/><U37/><E37/><V132/><F132/><W38/><G38/><T75/><D34/><U119/><E110/><V65/><F65/><W55/><G55/><T20/><D66/><U3/><E3/><V53/><F53/><W45/><G45/><T10/><D68/><U87/><E44/><V64/><F64/><W101/><G101/><T24/><D103/><U14/><E21/><V28/><F100/><W94/><G94/><T83/><D30/><U27/><E27/><V39/><F39/><W11/><G11/><T109/><D10/><U62/><E19/><V122/><F96/><W52/><G52/><T73/><D26/><U43/><E49/><V76/><F76/><W23/><G23/><T15/><D24/><U61/><REACH who="1" step="1"/><E43/><REACH who="1" ten="250,240,250,250" step="2"/><V42/><F42/><W17/><G17/><T9/><D109/><U108/><E108/><V86/><F33/><W60/><G60/><T82/><D20/><U47/><E47/><V48/><F22/><W116/><G127/><T97/><D46/><U126/><E126/><V8/><F2/><W51/><G51/><T56/><D40/><RYUUKYOKU ba="0,1" sc="250,-15,240,15,250,-15,250,15" hai1="12,14,61,62,85,87,88,90,98,99,119,124,125" hai3="80,81,116,117" /><INIT seed="1,1,1,4,4,50" ten="235,255,235,265" oya="1" hai0="116,28,11,51,38,46,43,26,77,127,133,117,93" hai1="75,82,29,6,1,18,72,44,125,78,24,52,91" hai2="124,104,92,118,65,5,48,111,22,122,62,96,131" hai3="49,108,102,112,37,106,130,34,35,119,114,55,107"/><U40/><E125/><V88/><F122/><W121/><G121/><T4/><D133/><U19/><E75/><V33/><F118/><W8/><G37/><T80/><D93/><U85/><E6/><V54/><F33/><W60/><G119/><T17/><D17/><U39/><E1/><V23/><F111/><W61/><G108/><T14/><D38/><U128/><E128/><V89/><F131/><W126/><G130/><T90/><D90/><U113/><E113/><V66/><F124/><W87/><G107/><T76/><D76/><U59/><E72/><V12/><F104/><W74/><G106/><T42/><D42/><U68/><E68/><V31/><F89/><W41/><G35/><T134/><D134/><U109/><E78/><V86/><F31/><W129/><G34/><N who="0" m="20759" /><D127/><U83/><E83/><V30/><F30/><W63/><G74/><T110/><D110/><U21/><REACH who="1" step="1"/><E109/><REACH who="1" ten="235,245,235,265" step="2"/><V105/><F5/><W71/><G129/><T45/><D116/><U57/><E57/><V3/><F3/><W70/><G71/><T100/><D117/><U79/><E79/><V101/><F12/><W7/><G70/><T132/><D132/><U10/><E10/><V9/><F9/><W94/><G126/><T47/><D77/><U81/><E81/><V67/><REACH who="2" step="1"/><F62/><AGARI ba="1,2" hai="18,19,21,24,29,39,40,44,52,59,62,82,85,91" machi="62" ten="30,18000,2" yaku="1,1,7,1,52,1,54,1,53,2" doraHai="50" doraHaiUra="15" who="1" fromWho="2" sc="235,0,245,203,235,-183,265,0" /><INIT seed="1,2,0,2,3,14" ten="235,448,52,265" oya="1" hai0="82,116,67,103,18,55,99,20,109,47,92,26,78" hai1="40,94,62,113,70,48,96,33,60,126,69,6,122" hai2="97,15,23,75,110,91,87,100,29,9,50,112,11" hai3="44,56,135,34,49,104,125,119,79,93,88,25,61"/><U53/><E33/><V123/><F75/><W8/><G104/><T118/><D109/><U27/><E113/><V106/><F123/><W89/><G135/><T130/><D130/><U120/><E6/><V90/><F112/><W51/><G125/><T127/><D127/><U7/><E40/><V58/><F110/><W32/><G119/><T12/><D67/><U95/><E7/><V24/><F90/><W80/><G8/><T111/><D111/><U98/><E27/><V101/><F101/><W105/><G105/><T66/><D66/><U45/><E126/><V10/><F58/><W59/><G59/><T129/><D129/><U22/><E22/><V13/><F50/><W38/><G38/><T4/><D4/><U17/><E48/><V1/><F1/><W115/><G89/><T21/><D47/><U124/><E45/><V131/><F131/><W76/><G115/><T74/><REACH who="0" step="1"/><D55/><REACH who="0" ten="225,448,52,265" step="2"/><U77/><E53/><V133/><REACH who="2" step="1"/><F133/><REACH who="2" ten="225,448,42,265" step="2"/><W71/><G44/><T36/><D36/><U37/><E37/><V102/><F102/><W3/><G56/><T0/><D0/><U39/><E39/><V52/><F52/><W72/><G3/><T108/><D108/><U43/><E124/><V128/><F128/><W114/><G114/><T73/><D73/><U63/><E122/><V64/><F64/><W68/><G72/><T54/><D54/><U28/><E120/><V2/><F2/><W83/><G51/><T42/><D42/><U35/><E43/><V57/><F57/><W134/><G49/><T132/><D132/><U16/><E70/><V31/><F31/><AGARI ba="2,2" hai="12,18,20,21,26,31,74,78,82,92,99,103,116,118" machi="31" ten="30,8000,1" yaku="1,1,6,1,7,1,52,1,53,1" doraHai="14" doraHaiUra="107" who="0" fromWho="2" sc="225,106,448,0,42,-86,265,0" owari="331,13.0,448,54.0,-44,-54.0,265,-13.0" /></mjloggm>