<mjloggm ver="2.3"><GO type="225" lobby="0"/><UN n0="%E3%83%88%E3%83%88%E3%83%AA%E5%85%88%E7%94%9F%31%39%E6%AD%B3" n1="%63%6F%61" n2="%E3%82%B1%E3%83%B3%E3%83%A4%E2%98%85" n3="%E9%88%B4%E4%BE%8D" dan="17,17,17,17" rate="2254.09,2174.26,2113.97,2160.32" sx="F,M,M,M"/><TAIKYOKU oya="0"/><INIT seed="0,0,0,1,0,22" ten="250,250,250,250" oya="0" hai0="97,11,59,54,111,40,41,53,93,96,58,107,120" hai1="47,36,63,105,66,2,135,72,50,98,10,134,87" hai2="27,4,52,29,80,56,73,104,121,62,16,15,127" hai3="106,128,118,49,42,112,110,1,131,89,78,3,124"/><T55/><D120/><U64/><E72/><V51/><F121/><W9/><G3/><T109/><D107/><U0/><E87/><V38/><F38/><W21/><G106/><T32/><D32/><U61/><E36/><V20/><F104/><W75/><G75/><T85/><D85/><U100/><E61/><V70/><F127/><W45/><G78/><T18/><D11/><U12/><E66/><V115/><F115/><W108/><G118/><T91/><D18/><U92/><E105/><V84/><F73/><W83/><G112/><T126/><D126/><U81/><E81/><V77/><F4/><N who="3" m="1167" /><G21/><T114/><D114/><U34/><E34/><V76/><F70/><W39/><G124/><T23/><D23/><U116/><E116/><V101/><F101/><W19/><G19/><T67/><D97/><U102/><E102/><V65/><F76/><W132/><G132/><N who="1" m="50730" /><E12/><V79/><F79/><W57/><G89/><T48/><D67/><U24/><E10/><N who="2" m="6263" /><F65/><W90/><G90/><T130/><D91/><U25/><E0/><V17/><F29/><W82/><G83/><T7/><D93/><U122/><E2/><V26/><F62/><W6/><G82/><T88/><D88/><N who="1" m="55559" /><E122/><V71/><F71/><W117/><G117/><T74/><D74/><U133/><E100/><V35/><F35/><W119/><G119/><T86/><D96/><U13/><E133/><V14/><AGARI ba="0,0" hai="14,17,20,26,27,51,52,56,77,80,84" m="6263" machi="14" ten="30,8000,1" yaku="8,1,52,2,54,2" doraHai="22" who="2" fromWho="2" sc="250,-40,250,-20,250,80,250,-20" /><INIT seed="1,0,0,5,5,118" ten="210,230,330,230" oya="1" hai0="2,83,28,103,35,17,122,119,67,33,5,47,37" hai1="22,111,95,76,29,98,30,106,109,3,15,104,19" hai2="92,89,26,78,93,127,69,58,88,55,107,7,32" hai3="75,66,24,21,10,65,14,71,114,54,8,129,16"/><U80/><E3/><V49/><F107/><W52/><G114/><T116/><D103/><U84/><E104/><V45/><F69/><W61/><G75/><T42/><D17/><U34/><E106/><V130/><F78/><W39/><G39/><T46/><D46/><U31/><REACH who="1" step="1"/><E34/><REACH who="1" ten="210,220,330,230" step="2"/><V73/><F32/><W60/><G129/><T135/><D35/><U20/><E20/><V100/><F130/><W59/><REACH who="3" step="1"/><G8/><REACH who="3" ten="210,220,330,220" step="2"/><T128/><D128/><U134/><E134/><V77/><F73/><W124/><G124/><T85/><D135/><U120/><E120/><V62/><F127/><W11/><G11/><T113/><D122/><U108/><E108/><V25/><F25/><W50/><G50/><T131/><D131/><U56/><E56/><V99/><F26/><W121/><G121/><T68/><D119/><U48/><E48/><V6/><F49/><W101/><G101/><AGARI ba="0,2" hai="15,19,22,29,30,31,76,80,84,95,98,101,109,111" machi="101" ten="40,2000,0" yaku="1,1,53,0" doraHai="118" doraHaiUra="117" who="1" fromWho="3" sc="210,0,220,40,330,0,220,-20" /><INIT seed="1,1,0,4,0,80" ten="210,260,330,200" oya="1" hai0="87,79,56,111,33,21,54,118,98,64,40,84,116" hai1="100,128,19,12,134,85,115,43,86,107,38,26,124" hai2="108,9,91,77,61,3,95,72,15,73,41,76,68" hai3="104,62,60,126,44,131,55,130,93,99,59,6,103"/><U121/><E115/><V17/><F3/><W16/><G6/><T81/><D33/><U49/><E121/><V2/><F2/><W132/><G132/><T23/><D111/><U66/><E38/><V22/><F41/><W70/><G126/><T135/><D135/><U37/><E37/><V29/><F108/><W67/><G44/><T101/><D64/><U48/><E134/><V25/><F72/><W36/><G36/><T24/><D40/><U11/><E124/><V8/><F73/><W71/><G71/><T133/><D133/><U45/><E128/><V27/><F8/><W109/><G109/><T18/><D23/><N who="1" m="13695" /><E107/><V112/><F112/><W69/><G69/><T74/><D116/><U39/><E39/><V123/><F123/><W75/><G75/><T89/><D89/><U94/><E66/><V47/><F47/><W57/><G70/><T1/><D1/><U127/><E49/><V4/><F61/><W7/><G7/><T28/><D28/><U51/><E51/><V20/><F68/><W88/><REACH who="3" step="1"/><G16/><REACH who="3" ten="210,260,330,190" step="2"/><T119/><D119/><U83/><E127/><V10/><F10/><W13/><G13/><T82/><D118/><U58/><E12/><V96/><AGARI ba="1,1" hai="4,9,15,17,20,22,25,27,29,76,77,91,95,96" machi="96" ten="20,2700,0" yaku="0,1,7,1,8,1" doraHai="80" who="2" fromWho="2" sc="210,-8,260,-14,330,40,190,-8" /><INIT seed="2,0,0,1,4,134" ten="202,246,370,182" oya="2" hai0="77,74,55,10,0,56,130,35,117,62,49,110,60" hai1="75,113,128,98,23,21,87,37,53,86,80,58,95" hai2="50,82,79,120,69,111,18,59,99,114,13,94,73" hai3="78,8,124,51,68,109,118,107,67,31,72,71,64"/><V54/><F114/><W33/><G118/><T48/><D35/><U32/><E32/><V129/><F120/><W70/><G107/><T105/><D105/><U15/><E37/><V122/><F122/><W97/><G97/><T89/><D117/><U61/><E113/><V29/><F69/><W38/><G33/><T45/><D110/><U65/><E128/><V1/><F1/><W132/><G31/><T34/><D34/><U108/><E108/><V14/><F111/><W106/><G106/><T22/><D130/><U96/><E75/><V93/><F29/><W47/><G109/><T57/><D22/><N who="1" m="8203" /><E15/><V90/><F129/><W6/><G132/><T2/><D89/><N who="1" m="53695" /><E53/><V20/><F93/><W4/><G38/><T66/><D10/><U101/><E101/><V103/><F103/><W104/><G104/><T100/><D100/><U30/><E30/><V3/><F3/><W127/><G72/><T39/><D39/><U26/><E26/><AGARI ba="0,0" hai="13,14,18,20,26,50,54,59,73,79,82,90,94,99" machi="26" ten="30,1500,0" yaku="7,1" doraHai="134" who="2" fromWho="1" sc="202,0,246,-15,370,15,182,0" /><INIT seed="2,1,0,3,0,135" ten="202,231,385,182" oya="2" hai0="112,70,39,40,93,51,18,66,82,58,38,85,73" hai1="6,87,34,125,69,72,130,103,60,98,3,31,109" hai2="29,26,30,86,126,110,99,1,127,97,74,134,101" hai3="7,122,47,131,133,54,9,16,108,2,46,48,22"/><V5/><F74/><W129/><G122/><T91/><D112/><U61/><E109/><V12/><F134/><W15/><G108/><T115/><D115/><U13/><E13/><V27/><F110/><W71/><G133/><T28/><D70/><U81/><E87/><V68/><F68/><W33/><G71/><T84/><D73/><U14/><E14/><V128/><F1/><W77/><G77/><T116/><D116/><U90/><E90/><V120/><F120/><W96/><G96/><T11/><D28/><U19/><E19/><V32/><F86/><W83/><G83/><T36/><D66/><N who="1" m="41159" /><E61/><V111/><F111/><W43/><REACH who="3" step="1"/><G33/><REACH who="3" ten="202,231,385,172" step="2"/><T4/><D82/><U63/><E81/><V21/><F97/><W23/><G23/><T124/><D84/><U80/><E80/><V52/><F99/><W56/><G56/><T50/><D58/><U117/><E34/><V57/><F21/><W78/><G78/><T45/><D85/><U0/><E98/><V123/><F57/><W132/><G132/><T105/><D91/><U59/><E59/><V95/><F32/><W76/><G76/><T20/><D93/><U118/><E72/><V79/><F95/><W113/><G113/><T75/><D75/><U64/><E118/><V17/><F79/><W100/><G100/><T53/><D105/><U35/><E103/><V44/><F101/><W49/><AGARI ba="1,1" hai="2,7,9,15,16,22,43,46,47,48,49,54,129,131" machi="49" ten="30,4000,0" yaku="1,1,0,1,54,1,53,0" doraHai="135" doraHaiUra="62" who="3" fromWho="3" sc="202,-11,231,-11,385,-21,172,53" /><INIT seed="3,0,0,0,4,5" ten="191,220,364,225" oya="3" hai0="59,94,15,82,93,75,121,119,49,12,41,58,92" hai1="6,89,102,66,117,91,46,60,26,35,67,18,48" hai2="33,70,32,96,83,1,22,109,87,79,112,74,42" hai3="14,2,118,55,30,61,0,73,52,81,16,76,77"/><W47/><G118/><T134/><D119/><U98/><E117/><V115/><F70/><W103/><G103/><T3/><D121/><U21/><E35/><V86/><F1/><W130/><G30/><T108/><D108/><U88/><E6/><V44/><F96/><W17/><G130/><T37/><D3/><U31/><E18/><V95/><F22/><W51/><G17/><T107/><D107/><U124/><E124/><V126/><F109/><W38/><G38/><T23/><D37/><U53/><REACH who="1" step="1"/><E60/><REACH who="1" ten="191,210,364,225" step="2"/><V9/><F126/><W78/><G0/><T131/><D131/><U28/><E28/><V100/><F112/><W135/><G2/><T11/><D134/><U132/><E132/><V50/><F115/><W29/><G135/><T133/><D133/><U19/><E19/><V34/><F34/><W90/><G29/><T8/><D23/><U125/><E125/><V111/><F111/><W113/><G113/><T25/><D25/><U62/><E62/><V99/><F33/><W65/><G61/><T36/><D36/><U54/><E54/><V64/><F64/><W110/><G65/><T97/><D97/><U45/><E45/><V85/><F32/><W127/><G110/><T106/><D106/><AGARI ba="0,1" hai="21,26,31,46,48,53,66,67,88,89,91,98,102,106" machi="106" ten="40,2600,0" yaku="1,1,54,1,53,0" doraHai="5" doraHaiUra="122" who="1" fromWho="0" sc="191,-26,210,36,364,0,225,0" owari="165,-33.0,246,5.0,364,45.0,225,-17.0" /></mjloggm>