<mjloggm ver="2.3"><GO type="41" lobby="0"/><UN n0="%E9%86%B8%E3%81%97%E5%87%BA%E3%81%99%E7%A9%BA%E6%B0%97%E6%84%9F" n1="%47%49%4E%E3%83%88%E3%83%8B%E3%83%83%E3%82%AF" n2="%E5%B0%B1%E6%B4%BB%E7%94%9F%40%E5%B7%9D%E6%9D%91%E8%BB%8D%E5%9B%A3" n3="%E2%85%A8" dan="15,16,16,15" rate="1985.08,2000.36,2159.36,1992.15" sx="M,F,M,M"/><TAIKYOKU oya="0"/><INIT seed="0,0,0,0,4,97" ten="250,250,250,250" oya="0" hai0="9,47,81,122,48,96,6,135,71,43,92,22,75" hai1="119,105,58,88,125,14,117,131,108,62,103,91,35" hai2="52,44,90,37,54,16,23,73,70,60,21,109,89" hai3="82,128,133,76,100,80,29,104,66,78,113,28,41"/><T18/><D122/><U31/><E108/><V115/><F73/><W98/><G41/><T77/><D71/><U124/><E131/><V134/><F115/><W101/><G66/><T33/><D33/><U72/><E72/><V74/><F74/><W59/><G59/><T1/><D135/><U15/><E35/><V26/><F134/><W86/><G133/><T129/><D129/><U79/><E79/><V46/><F109/><W123/><G128/><T27/><D96/><N who="1" m="61671" /><E31/><N who="2" m="17871" /><F70/><W116/><G116/><T40/><D92/><U83/><E83/><V65/><F65/><W49/><G123/><T38/><REACH who="0" step="1"/><D43/><REACH who="0" ten="240,250,250,250" step="2"/><U36/><E119/><V42/><F42/><W85/><G113/><T56/><D56/><U112/><E117/><V5/><F46/><W34/><G34/><T50/><AGARI ba="0,1" hai="1,6,9,18,22,27,38,40,47,48,50,75,77,81" machi="50" ten="30,11700,0" yaku="1,1,0,1,25,2,53,0" doraHai="97" doraHaiUra="8" who="0" fromWho="0" sc="240,127,250,-39,250,-39,250,-39" /><INIT seed="0,1,0,2,1,69" ten="367,211,211,211" oya="0" hai0="115,42,133,15,80,37,22,113,85,123,45,3,35" hai1="86,102,71,75,82,119,96,58,46,109,129,43,20" hai2="73,4,44,94,76,30,5,0,33,41,87,92,74" hai3="135,72,117,40,12,103,107,19,122,64,11,26,68"/><T32/><D123/><U66/><E119/><V63/><F33/><W51/><G117/><T130/><D130/><U121/><E121/><V101/><F30/><W108/><G72/><T8/><D133/><U49/><E129/><V125/><F125/><W84/><G108/><T59/><D3/><U16/><E109/><V9/><F5/><W39/><G84/><T13/><D59/><U88/><E71/><V95/><F101/><W106/><G135/><T132/><D132/><U118/><E118/><V111/><F111/><W131/><G51/><T110/><D110/><U127/><E127/><V116/><F116/><W79/><G79/><T91/><D22/><U65/><E58/><V38/><REACH who="2" step="1"/><F63/><REACH who="2" ten="367,211,201,211" step="2"/><W67/><G103/><T61/><D61/><U105/><REACH who="1" step="1"/><E75/><REACH who="1" ten="367,201,201,211" step="2"/><V6/><F6/><W55/><G122/><T98/><D115/><U18/><E18/><V53/><F53/><W24/><G55/><T114/><D114/><U50/><E50/><V56/><F56/><W60/><G131/><T14/><D113/><U77/><E77/><V134/><F134/><W83/><G19/><T57/><D57/><U27/><AGARI ba="1,2" hai="16,20,27,43,46,49,65,66,82,86,88,96,102,105" machi="27" ten="20,8000,1" yaku="1,1,0,1,7,1,54,2,53,0" doraHai="69" doraHaiUra="2" who="1" fromWho="1" sc="367,-41,201,103,201,-21,211,-21" /><INIT seed="1,0,0,5,5,35" ten="326,304,180,190" oya="1" hai0="70,78,50,77,12,25,127,129,118,0,83,57,89" hai1="115,58,103,59,105,6,96,84,109,120,56,18,55" hai2="46,117,108,3,122,92,23,16,104,72,49,121,13" hai3="65,80,30,47,112,32,10,9,123,71,99,97,41"/><U29/><E115/><V116/><F104/><W37/><G123/><N who="2" m="47113" /><F72/><W36/><G112/><T91/><D70/><U82/><E120/><V132/><F92/><W54/><G80/><T17/><D118/><N who="2" m="45674" /><F49/><W34/><G54/><N who="0" m="31959" /><D0/><U43/><E43/><V19/><F46/><W107/><G37/><T26/><D129/><U75/><E75/><V20/><F132/><W4/><G4/><T88/><D127/><U126/><E126/><V45/><F45/><W40/><G40/><T64/><D64/><U11/><E55/><V86/><F86/><W90/><G90/><T113/><D113/><U133/><E59/><V100/><F100/><W39/><G39/><T130/><D130/><U98/><E133/><V102/><F102/><W76/><G76/><N who="0" m="29291" /><D83/><U63/><E82/><V14/><F108/><W27/><G99/><T95/><D95/><U42/><E98/><V52/><F52/><W128/><G128/><T124/><D124/><U67/><E84/><V33/><F33/><W7/><G34/><T8/><AGARI ba="0,0" hai="8,12,17,25,26,88,89,91" m="29291,31959" machi="8" ten="30,2000,0" yaku="8,1,54,1" doraHai="35" who="0" fromWho="0" sc="326,20,304,-10,180,-5,190,-5" /><INIT seed="2,0,0,4,0,67" ten="346,294,175,185" oya="2" hai0="106,107,1,132,125,86,63,5,81,59,19,29,27" hai1="15,131,31,85,75,71,124,60,72,9,110,18,118" hai2="62,26,12,58,14,92,128,123,73,122,61,3,83" hai3="133,17,56,42,105,112,36,51,37,41,24,68,2"/><V104/><F3/><W48/><G105/><T6/><D132/><U52/><E118/><V66/><F104/><W40/><G2/><T127/><D19/><U114/><E114/><V76/><F128/><W121/><G24/><T97/><D97/><U79/><E131/><V45/><F26/><W33/><G17/><T25/><D1/><U13/><E110/><V99/><F45/><W20/><G20/><T91/><D27/><U11/><E124/><V94/><F94/><W100/><G100/><T129/><D129/><U74/><E31/><V87/><F73/><W21/><G21/><N who="0" m="15535" /><D106/><U113/><E113/><V7/><F62/><W32/><G133/><T90/><D90/><U22/><E15/><V34/><F34/><W30/><G30/><T54/><D107/><U108/><E108/><V69/><F58/><W57/><G112/><T64/><D64/><U53/><E9/><V46/><F46/><W109/><G109/><T89/><D89/><U120/><E120/><V102/><REACH who="2" step="1"/><F7/><REACH who="2" ten="346,294,165,185" step="2"/><W28/><G28/><T10/><D6/><U23/><E75/><V38/><F38/><N who="3" m="14955" /><G32/><T135/><D135/><U126/><E74/><V134/><F134/><W115/><G33/><T95/><D95/><U93/><E93/><V98/><F98/><W119/><G115/><T101/><D127/><U111/><E126/><V117/><F117/><W35/><G119/><T80/><D125/><U116/><E111/><V43/><F43/><W50/><G35/><T39/><D39/><U103/><E116/><V77/><F77/><W8/><G121/><AGARI ba="0,1" hai="12,14,61,66,69,76,83,87,92,99,102,121,122,123" machi="121" ten="40,3900,0" yaku="1,1,52,1,53,0" doraHai="67" doraHaiUra="84" who="2" fromWho="3" sc="346,0,294,0,165,49,185,-39" /><INIT seed="2,1,0,5,2,113" ten="346,294,214,146" oya="2" hai0="27,23,86,133,52,128,64,114,36,6,129,0,13" hai1="51,118,46,117,121,29,38,122,37,83,75,106,76" hai2="112,3,20,87,85,45,66,18,60,15,120,32,123" hai3="130,31,94,56,90,132,72,135,53,26,71,108,115"/><V65/><F112/><W98/><G115/><T39/><D133/><U12/><E106/><V25/><F3/><W9/><G71/><T43/><D64/><U34/><E34/><V22/><F32/><W109/><G72/><T68/><D68/><U97/><E97/><V28/><F66/><W124/><G9/><N who="0" m="4279" /><D0/><U49/><E29/><V84/><REACH who="2" step="1"/><F45/><REACH who="2" ten="346,294,204,146" step="2"/><W127/><G132/><T102/><D114/><U42/><E46/><V24/><F24/><W111/><G135/><T10/><D27/><U17/><E122/><V101/><F101/><W57/><G130/><T77/><D102/><U96/><E121/><V30/><F30/><W119/><G119/><T92/><D129/><U105/><E118/><V4/><F4/><W74/><G57/><AGARI ba="1,1" hai="15,18,20,22,25,28,57,60,65,84,85,87,120,123" machi="57" ten="40,2000,0" yaku="1,1,53,0" doraHai="113" doraHaiUra="48" who="2" fromWho="3" sc="346,0,294,0,204,33,146,-23" /><INIT seed="2,2,0,4,4,74" ten="346,294,237,123" oya="2" hai0="72,106,97,18,88,10,111,0,78,107,131,104,123" hai1="128,12,82,119,86,109,129,64,93,70,19,26,135" hai2="1,14,59,54,69,4,77,84,6,25,79,56,112" hai3="34,11,67,7,73,76,43,31,22,13,132,46,30"/><V49/><F1/><W2/><G67/><T20/><D123/><U83/><E119/><V3/><F3/><W87/><G132/><T133/><D111/><U124/><E109/><V120/><F69/><W27/><G73/><T121/><D121/><U24/><E135/><V39/><F39/><W50/><G31/><T71/><D71/><U41/><E41/><V105/><F105/><W90/><G90/><T21/><D131/><U63/><E124/><V100/><F112/><W103/><G103/><T35/><D35/><U66/><E66/><V130/><F130/><N who="1" m="50281" /><E93/><V68/><F68/><W8/><G8/><T29/><D29/><U114/><E114/><V42/><F120/><W48/><G48/><T15/><D133/><U99/><E99/><V101/><F42/><W117/><G117/><T38/><D38/><U91/><E83/><N who="2" m="47215" /><F25/><W98/><G98/><T52/><D0/><U81/><E81/><V95/><F95/><W55/><G55/><T115/><D52/><U89/><E89/><V47/><F79/><W51/><G51/><T58/><D115/><U110/><E110/><V17/><F56/><W40/><G40/><T36/><D58/><U32/><E32/><V102/><F47/><W122/><G122/><T53/><D53/><U5/><E5/><V85/><F85/><W134/><G134/><T118/><D36/><U44/><E44/><V16/><F17/><N who="3" m="10543" /><G87/><T126/><D118/><U57/><E70/><V61/><F61/><W75/><G75/><T116/><D116/><U65/><E65/><V92/><F92/><W23/><G34/><T80/><D126/><RYUUKYOKU ba="2,0" sc="346,0,294,0,237,0,123,0" hai0="10,15,18,20,21,72,78,80,88,97,104,106,107" hai1="12,19,24,26,57,63,64,82,86,91" hai2="4,6,14,16,49,54,59,100,101,102" hai3="2,7,11,23,27,30,43,46,50,76" /><INIT seed="2,3,0,2,3,45" ten="346,294,237,123" oya="2" hai0="76,111,3,80,50,135,107,123,116,16,53,22,1" hai1="0,61,95,51,97,2,19,96,47,113,115,67,70" hai2="54,17,91,93,62,127,112,75,23,92,39,77,26" hai3="43,65,4,103,134,21,18,124,32,59,109,114,58"/><V42/><F112/><W106/><G114/><T131/><D123/><U7/><E113/><V83/><F127/><W44/><G124/><T9/><D111/><U89/><E115/><V15/><F39/><W126/><G109/><T125/><D125/><U30/><E30/><V128/><F42/><W12/><G32/><T49/><D107/><U56/><E7/><V88/><F128/><W28/><G126/><T129/><D116/><U68/><E68/><V37/><F37/><W104/><G28/><T121/><D135/><U78/><E78/><V27/><F62/><W24/><G134/><T55/><D121/><U33/><E33/><V69/><F69/><W85/><G85/><N who="0" m="48263" /><D9/><U79/><E79/><V5/><F54/><N who="0" m="20490" /><D1/><U63/><E97/><V73/><F73/><W130/><G130/><N who="0" m="49675" /><D3/><U119/><E119/><V66/><F66/><W52/><G65/><T102/><D102/><U25/><E2/><V99/><REACH who="2" step="1"/><F5/><REACH who="2" ten="346,294,227,123" step="2"/><W64/><G64/><T101/><D101/><U60/><E70/><V86/><AGARI ba="3,1" hai="15,17,23,26,27,75,77,83,86,88,91,92,93,99" machi="86" ten="20,12000,1" yaku="1,1,2,1,0,1,7,1,54,1,53,0" doraHai="45" doraHaiUra="6" who="2" fromWho="2" sc="346,-43,294,-43,227,139,123,-43" /><INIT seed="2,4,0,5,3,0" ten="303,251,366,80" oya="2" hai0="64,119,82,49,92,26,94,9,124,3,24,23,66" hai1="12,90,134,103,41,40,86,32,116,13,68,89,55" hai2="75,104,78,125,4,19,105,51,71,53,121,80,83" hai3="106,14,91,16,7,15,38,47,133,110,81,43,37"/><V52/><F121/><W122/><G122/><T50/><D119/><U18/><E116/><V100/><F71/><W30/><G106/><T62/><D124/><U69/><E134/><V46/><F125/><W1/><G133/><T29/><D82/><U58/><E32/><V5/><F83/><W126/><G126/><T111/><D111/><U87/><E103/><V85/><F75/><W108/><G30/><T27/><D3/><U20/><E20/><V97/><F105/><W61/><G61/><T118/><D118/><U107/><E107/><V45/><F19/><W135/><G135/><T2/><D2/><U132/><E132/><V44/><F53/><W54/><G37/><T79/><D79/><U112/><E55/><V28/><REACH who="2" step="1"/><F28/><REACH who="2" ten="303,251,356,80" step="2"/><W117/><G54/><T130/><D29/><U101/><E18/><V36/><F36/><W31/><G31/><T73/><D73/><U127/><E127/><V34/><F34/><W63/><G117/><T74/><D74/><U95/><E69/><V65/><F65/><W8/><G16/><T22/><D66/><U59/><E68/><V35/><F35/><W88/><G81/><T6/><D64/><U11/><E95/><V109/><F109/><W25/><G110/><T72/><D72/><U67/><E67/><V33/><F33/><W114/><G108/><T128/><D94/><U48/><E112/><V120/><F120/><W96/><G114/><T113/><D92/><U84/><E41/><V21/><F21/><N who="0" m="7690" /><D113/><U131/><E40/><V60/><F60/><W115/><G38/><T42/><D62/><U17/><E17/><RYUUKYOKU ba="4,1" sc="303,-10,251,-10,356,30,80,-10" hai2="4,5,44,45,46,51,52,78,80,85,97,100,104" /><INIT seed="2,5,1,1,0,32" ten="293,241,386,70" oya="2" hai0="60,21,67,126,93,122,54,115,15,1,61,58,105" hai1="56,19,22,79,57,80,108,13,101,85,121,98,63" hai2="77,8,128,3,84,87,50,89,118,96,68,37,71" hai3="97,27,78,34,69,116,66,4,29,135,127,42,36"/><V95/><F37/><W30/><G116/><T119/><D105/><U117/><E108/><V130/><F118/><W11/><G135/><T5/><D119/><U43/><E117/><V134/><F134/><W62/><G127/><T114/><D122/><U131/><E121/><V17/><F50/><W120/><G120/><T81/><D126/><U74/><E131/><N who="2" m="50219" /><F77/><W39/><G30/><T102/><D81/><U12/><E43/><V2/><F17/><W25/><G25/><T23/><D15/><U91/><E63/><V45/><F45/><W18/><G18/><T20/><D93/><N who="1" m="54511" /><E12/><V16/><F84/><W106/><G78/><T75/><D102/><U109/><E109/><V65/><F87/><W124/><G42/><T31/><D31/><U133/><E133/><V100/><F100/><N who="3" m="62735" /><G124/><T64/><D75/><U112/><E112/><V26/><F8/><W129/><G129/><T94/><D94/><U24/><E24/><V103/><F103/><W51/><G51/><T72/><D72/><U46/><E46/><V55/><F55/><W59/><G59/><T73/><D73/><U76/><E76/><V113/><F113/><W38/><G38/><T35/><D115/><U6/><E6/><V33/><F33/><W41/><G41/><T40/><D40/><U9/><E9/><V28/><F28/><W104/><G104/><AGARI ba="5,1" hai="13,19,22,56,57,74,79,80,98,101,104" m="54511" machi="104" ten="30,1000,0" yaku="24,1" doraHai="32" who="1" fromWho="3" sc="293,0,241,35,386,0,70,-25" /><INIT seed="3,0,0,0,4,48" ten="293,276,386,45" oya="3" hai0="82,67,59,6,127,43,84,23,63,131,92,61,10" hai1="54,93,112,31,36,91,13,101,57,65,72,46,120" hai2="97,32,34,125,16,85,29,51,27,64,35,2,118" hai3="102,89,8,113,106,11,88,135,105,114,37,121,14"/><W94/><G121/><T42/><D131/><U12/><E120/><V20/><F118/><W108/><G37/><T1/><D127/><U111/><E72/><V115/><F115/><W133/><G14/><T53/><D92/><U103/><E112/><N who="3" m="43114" /><G102/><T122/><D122/><U96/><E31/><V74/><F74/><W132/><G94/><T30/><D30/><U123/><E123/><V19/><F125/><W77/><G77/><T134/><D23/><U80/><E65/><V7/><F97/><W49/><G49/><T56/><REACH who="0" step="1"/><D134/><REACH who="0" ten="283,276,386,45" step="2"/><U0/><E93/><V55/><F35/><W3/><G3/><T90/><AGARI ba="0,1" hai="1,6,10,42,43,53,56,59,61,63,67,82,84,90" machi="90" ten="20,12000,2" yaku="1,1,2,1,0,1,7,1,52,1,53,1" doraHai="48" doraHaiUra="86" who="0" fromWho="0" sc="283,130,276,-30,386,-30,45,-60" owari="413,51.0,246,-15.0,356,16.0,-15,-52.0" /></mjloggm>