<mjloggm ver="2.3"><GO type="41" lobby="0"/><UN n0="%E3%83%91%E3%83%A9%E3%82%B9%E3%83%BB%E3%82%A2%E3%83%86%E3%83%8A" n1="%E3%82%A2%E3%83%BC%E3%83%AD%E3%83%B3%E3%83%94%E3%82%A2%E3%83%BC%E3%82%B9" n2="%E7%B4%8D%E6%B6%BC" n3="%E5%B0%B1%E6%B4%BB%E7%94%9F%40%E5%B7%9D%E6%9D%91%E8%BB%8D%E5%9B%A3" dan="14,14,15,15" rate="1933.10,1936.14,1933.93,2029.45" sx="F,M,M,M"/><TAIKYOKU oya="0"/><INIT seed="0,0,0,3,5,58" ten="250,250,250,250" oya="0" hai0="124,43,23,72,86,31,85,20,5,3,103,4,96" hai1="38,94,69,100,17,36,84,14,115,32,51,113,57" hai2="55,109,53,111,48,46,2,122,63,71,102,52,30" hai3="112,27,130,50,39,87,134,34,90,135,78,29,88"/><T37/><D124/><U81/><E69/><V92/><F2/><W15/><G39/><T1/><D72/><U62/><E51/><V25/><F122/><W59/><G112/><N who="1" m="43082" /><E32/><V19/><F19/><W0/><G0/><T44/><D31/><U64/><E100/><V95/><F102/><W68/><G68/><T47/><D37/><U54/><E94/><V9/><F9/><W6/><G130/><T123/><D123/><U82/><E64/><N who="2" m="41375" /><F95/><W40/><G78/><T70/><D70/><U42/><E42/><N who="2" m="24663" /><F92/><W108/><G108/><N who="2" m="41545" /><F55/><N who="3" m="32247" /><G40/><T18/><D43/><U7/><E7/><V61/><F61/><W21/><G87/><T45/><D103/><U10/><E82/><V28/><F28/><W76/><G76/><AGARI ba="0,0" hai="10,14,17,36,38,54,57,62,76,81,84" m="43082" machi="76" ten="30,2000,0" yaku="11,1,52,1" doraHai="58" who="1" fromWho="3" sc="250,0,250,20,250,0,250,-20" /><INIT seed="1,0,0,1,1,118" ten="250,270,250,230" oya="1" hai0="120,15,89,65,109,97,63,122,99,35,102,56,39" hai1="13,1,51,46,55,7,62,121,70,86,107,41,29" hai2="19,110,69,101,25,131,28,12,67,6,20,16,104" hai3="77,66,123,24,34,47,38,10,90,71,18,93,49"/><U84/><E107/><V30/><F104/><W14/><G38/><T17/><D39/><U5/><E1/><V58/><F69/><W42/><G77/><T126/><D35/><U59/><E29/><V105/><F105/><W36/><G71/><T125/><D89/><U32/><E32/><V4/><F101/><W132/><G132/><T106/><D99/><U108/><E108/><V43/><F43/><W23/><G66/><T37/><D37/><U76/><E121/><N who="0" m="46697" /><D109/><U33/><E33/><V73/><F73/><W0/><G123/><T74/><D74/><U3/><E3/><V94/><F94/><W96/><G34/><T75/><D75/><U57/><E70/><V53/><F67/><W45/><G0/><T52/><D65/><U78/><E59/><V50/><F131/><W88/><G47/><T9/><AGARI ba="0,0" hai="9,15,17,52,56,63,97,102,106,125,126" m="46697" machi="9" ten="30,8000,1" yaku="13,1,52,3,54,1" doraHai="118" who="0" fromWho="0" sc="250,80,270,-40,250,-20,230,-20" /><INIT seed="2,0,0,3,2,10" ten="330,230,230,210" oya="2" hai0="17,131,74,102,91,1,38,15,76,133,56,52,2" hai1="51,113,120,64,46,58,124,9,28,21,100,98,23" hai2="62,20,42,19,96,79,47,112,33,114,27,130,93" hai3="86,82,34,41,115,70,30,43,31,44,7,13,105"/><V72/><F130/><W88/><G115/><T37/><D102/><U78/><E113/><V8/><F62/><W84/><G70/><T126/><D133/><U94/><E120/><V55/><F55/><W35/><G105/><T85/><D126/><U106/><E124/><V81/><F33/><W6/><G34/><T116/><D116/><U50/><E106/><V67/><F67/><W12/><G86/><T111/><D76/><U118/><E118/><V109/><F8/><N who="3" m="4119" /><G35/><T71/><D71/><U26/><E78/><V16/><F19/><W108/><G108/><T104/><D111/><U134/><E134/><V128/><F128/><W54/><G54/><T63/><D74/><U103/><E9/><V48/><REACH who="2" step="1"/><F109/><REACH who="2" ten="330,230,220,210" step="2"/><W18/><G7/><T69/><D131/><U92/><E64/><V119/><F119/><W99/><G99/><T59/><D69/><U125/><E125/><V60/><F60/><W57/><G57/><T90/><D59/><U80/><E58/><V49/><F49/><N who="3" m="26767" /><G43/><T73/><D38/><U83/><E51/><V123/><F123/><W0/><G0/><T129/><D37/><U87/><E50/><V110/><F110/><W3/><G3/><T53/><D1/><U61/><E61/><V97/><F97/><W45/><G45/><T121/><D2/><U4/><E46/><V122/><F122/><W117/><G117/><T5/><D121/><U65/><E65/><V32/><F32/><W132/><G132/><T36/><D36/><U135/><E135/><V40/><F40/><W14/><G18/><T101/><D129/><U107/><E98/><RYUUKYOKU ba="0,1" sc="330,-15,230,-15,220,15,210,15" hai2="16,20,27,42,47,48,72,79,81,93,96,112,114" hai3="13,14,30,31,82,84,88" /><INIT seed="2,1,1,5,3,5" ten="315,215,235,225" oya="2" hai0="48,129,62,36,85,132,10,12,135,0,26,58,91" hai1="2,127,39,65,37,83,96,108,51,21,43,87,101" hai2="41,131,75,67,18,79,122,49,47,92,98,123,86" hai3="4,20,76,69,42,97,31,30,80,13,81,130,74"/><V100/><F75/><W17/><G130/><T59/><D36/><U46/><E2/><V14/><F131/><W112/><G112/><T68/><D0/><U78/><E108/><V8/><F67/><W38/><G69/><T105/><D105/><U119/><E119/><V115/><F115/><W113/><G113/><T6/><D48/><U27/><E65/><V120/><F86/><W50/><G81/><T11/><D26/><U110/><E110/><V22/><REACH who="2" step="1"/><F79/><REACH who="2" ten="315,215,225,225" step="2"/><W102/><G74/><T82/><D129/><U114/><E114/><V45/><F45/><W16/><G76/><T9/><D68/><U109/><E127/><V88/><F88/><W99/><G97/><T56/><D62/><U84/><E84/><V29/><F29/><W103/><G99/><T28/><D28/><U55/><E109/><V73/><F73/><W33/><G30/><T72/><D72/><U35/><E101/><V124/><F124/><W118/><G31/><T61/><D61/><U7/><E96/><V77/><F77/><W104/><G102/><T57/><N who="0" m="14848" /><DORA hai="111" /><T106/><REACH who="0" step="1"/><D106/><REACH who="0" ten="305,215,225,225" step="2"/><U40/><E35/><V117/><F117/><W64/><G104/><T54/><D54/><U53/><E53/><V93/><F93/><W23/><G118/><T44/><D44/><U89/><E55/><V63/><F63/><W34/><G64/><T3/><D3/><U15/><E43/><V52/><F52/><W60/><G42/><T19/><D19/><N who="1" m="12735" /><E89/><V70/><F70/><W125/><G60/><T94/><D94/><U107/><E107/><V121/><F121/><W71/><G125/><RYUUKYOKU ba="1,3" sc="305,10,215,10,225,10,225,-30" hai0="6,9,10,11,12,82,85,91,132,135" hai1="7,15,37,39,40,46,51,78,83,87" hai2="8,14,18,22,41,47,49,92,98,100,120,122,123" /><INIT seed="2,2,3,4,0,108" ten="315,225,235,195" oya="2" hai0="78,89,40,22,100,50,57,39,110,123,130,120,103" hai1="119,114,86,134,75,106,84,69,19,26,102,98,109" hai2="117,13,73,80,125,31,30,55,35,11,97,116,94" hai3="122,17,0,71,118,6,105,131,90,59,48,74,23"/><V18/><F125/><W3/><G122/><T115/><D78/><U121/><E121/><V8/><F73/><W56/><G71/><T43/><D22/><U66/><E119/><V63/><F80/><W15/><G105/><T113/><D39/><U10/><E75/><V77/><F77/><W36/><G74/><T46/><D89/><U21/><E134/><V41/><F41/><W61/><G36/><T79/><D79/><U25/><E109/><V34/><F55/><N who="3" m="32231" /><G131/><T14/><D110/><U33/><E10/><V5/><F63/><W112/><G0/><T9/><D130/><U44/><E44/><V52/><F52/><N who="3" m="33927" /><G3/><T29/><D29/><N who="2" m="10762" /><F94/><W126/><G126/><T68/><D68/><U24/><E33/><N who="2" m="12299" /><F97/><W92/><G112/><T20/><D57/><U28/><E114/><N who="0" m="43529" /><D123/><U135/><E135/><V124/><F124/><W2/><G2/><AGARI ba="2,3" hai="2,5,8,11,13,18,116,117" m="12299,10762" machi="2" ten="30,2900,0" yaku="34,2" doraHai="108" who="2" fromWho="3" sc="315,0,225,0,235,65,195,-35" /><INIT seed="2,3,0,0,2,37" ten="315,225,300,160" oya="2" hai0="10,18,32,74,111,93,17,63,52,87,106,105,3" hai1="64,120,80,122,125,98,92,86,35,60,65,23,59" hai2="103,26,97,20,6,131,115,7,90,31,39,56,38" hai3="55,24,61,124,83,30,68,0,53,118,43,71,15"/><V45/><F115/><W96/><G0/><T16/><D32/><U62/><E35/><V130/><F56/><W48/><G118/><T19/><D74/><U100/><E125/><V82/><F39/><W4/><G124/><T42/><D42/><U73/><E73/><V99/><F82/><W47/><G96/><T119/><D119/><U72/><E72/><V129/><F90/><W91/><G68/><T29/><D29/><U104/><E104/><V101/><F45/><W28/><G71/><T85/><D111/><U126/><E126/><V11/><F38/><W75/><G61/><T123/><D123/><U5/><E5/><V107/><REACH who="2" step="1"/><F11/><REACH who="2" ten="315,225,290,160" step="2"/><N who="3" m="4583" /><G91/><T117/><D117/><U88/><REACH who="1" step="1"/><E23/><REACH who="1" ten="315,215,290,160" step="2"/><V21/><F21/><N who="3" m="15375" /><G75/><T51/><D10/><U33/><E33/><V46/><F46/><W76/><G76/><T134/><D3/><U78/><E78/><V57/><F57/><AGARI ba="3,2" hai="57,59,60,62,64,65,80,86,88,92,98,100,120,122" machi="57" ten="40,5200,0" yaku="1,1,9,1,54,1,53,0" doraHai="37" doraHaiUra="34" who="1" fromWho="2" sc="315,0,215,81,290,-61,160,0" /><INIT seed="3,0,0,3,1,70" ten="315,296,229,160" oya="3" hai0="73,14,43,91,30,68,23,17,125,34,44,86,120" hai1="40,28,49,130,69,100,121,119,93,128,92,108,7" hai2="16,63,79,101,54,94,1,58,36,51,72,18,2" hai3="46,81,135,89,12,22,33,29,103,76,0,55,96"/><W26/><G0/><T31/><D73/><U50/><E69/><V62/><F72/><W115/><G115/><T45/><D68/><U38/><E121/><V64/><F79/><W15/><G135/><T53/><D120/><U21/><E108/><V41/><F1/><W32/><G32/><T132/><D132/><U126/><E7/><V42/><F2/><W98/><G33/><T110/><D110/><U122/><E122/><V77/><F77/><W107/><G89/><T60/><D125/><U114/><E114/><V57/><F36/><W4/><G98/><T84/><D84/><U39/><E119/><V74/><F74/><W102/><G102/><T10/><D34/><U105/><E105/><V116/><F116/><W131/><G131/><N who="1" m="50218" /><E126/><V35/><F35/><W129/><G4/><T83/><D23/><U5/><E5/><V109/><F109/><W66/><G66/><T8/><D8/><U113/><E113/><V99/><F51/><N who="1" m="19465" /><E40/><AGARI ba="0,0" hai="16,18,40,41,42,54,57,58,62,63,64,94,99,101" machi="40" ten="40,2600,0" yaku="8,1,54,1" doraHai="70" who="2" fromWho="1" sc="315,0,296,-26,229,26,160,0" /><INIT seed="4,0,0,1,3,53" ten="315,270,255,160" oya="0" hai0="24,9,38,10,74,115,94,30,46,123,26,76,90" hai1="110,8,49,45,66,91,84,62,20,47,6,107,112" hai2="57,101,119,109,15,118,129,72,75,16,103,116,131" hai3="39,77,125,135,32,4,17,82,98,3,36,69,41"/><T71/><D123/><U65/><E110/><V50/><F109/><W126/><G17/><T13/><D71/><U117/><E107/><V127/><F127/><W128/><G128/><N who="2" m="49225" /><F103/><W85/><G135/><T58/><D115/><U63/><E117/><V134/><F134/><W11/><G69/><T51/><D38/><U89/><E20/><N who="2" m="11295" /><F101/><W120/><G120/><T54/><D74/><U92/><E112/><V104/><F104/><W95/><G32/><T88/><D76/><U67/><E91/><N who="0" m="34857" /><D94/><U108/><E108/><V83/><F83/><W27/><G27/><N who="0" m="10283" /><D30/><U48/><E8/><N who="0" m="3177" /><D13/><U113/><E6/><V19/><F19/><W124/><G95/><T18/><D18/><U34/><E34/><V61/><F50/><N who="1" m="19561" /><E113/><V60/><F60/><AGARI ba="0,0" hai="45,47,60,62,63,65,66,67,84,89,92" m="19561" machi="60" ten="30,1000,0" yaku="8,1" doraHai="53" who="1" fromWho="2" sc="315,0,270,10,255,-10,160,0" /><INIT seed="5,0,0,4,2,29" ten="315,280,245,160" oya="1" hai0="130,87,62,51,13,86,75,97,17,60,23,40,18" hai1="104,96,127,39,73,46,21,84,57,65,66,68,56" hai2="85,120,132,100,53,0,32,134,99,102,2,92,72" hai3="76,77,116,133,129,110,8,95,74,3,78,1,121"/><U41/><E73/><V119/><F72/><W118/><G74/><T79/><D75/><U131/><E127/><V113/><F120/><W128/><G8/><T30/><D130/><N who="3" m="50281" /><G121/><T125/><D125/><U71/><E131/><V44/><F119/><N who="3" m="45611" /><G95/><T48/><D97/><U135/><E21/><V11/><F11/><W112/><G112/><T26/><D40/><U7/><E7/><V38/><F113/><W24/><G24/><T37/><D37/><U58/><E84/><N who="0" m="32297" /><D79/><N who="3" m="20225" /><W19/><DORA hai="109" /><G19/><N who="0" m="7179" /><D13/><U124/><E96/><V5/><F85/><W83/><G83/><T94/><D94/><U93/><E93/><V12/><F92/><W88/><G88/><T126/><D126/><U31/><E31/><V35/><F99/><W22/><G22/><T114/><D114/><U43/><E104/><V14/><F38/><W25/><G25/><T63/><AGARI ba="0,0" hai="23,26,30,48,51,60,62,63" m="7179,32297" machi="63" ten="30,1100,0" yaku="8,1" doraHai="29,109" who="0" fromWho="0" sc="315,11,280,-5,245,-3,160,-3" /><INIT seed="6,0,0,2,2,9" ten="326,275,242,157" oya="2" hai0="34,65,4,74,112,120,103,130,25,110,98,50,46" hai1="132,21,94,82,96,31,116,100,117,0,118,68,42" hai2="113,93,54,115,24,127,3,19,37,10,119,28,126" hai3="55,72,39,17,58,14,7,88,78,29,23,38,109"/><V91/><F37/><W59/><G109/><T18/><D74/><U41/><E68/><V32/><F119/><W76/><G72/><T124/><D110/><U80/><E0/><V86/><F54/><W84/><G39/><T111/><D120/><U45/><E132/><V8/><F3/><W89/><G38/><T107/><D130/><U121/><E121/><V95/><F95/><W73/><G73/><T30/><D124/><N who="2" m="47658" /><F19/><W1/><G58/><T16/><D112/><AGARI ba="0,0" hai="8,10,24,28,32,86,91,93,112,113,115" m="47658" machi="112" ten="30,2900,0" yaku="15,1,18,1" doraHai="9" who="2" fromWho="0" sc="326,-29,275,0,242,29,157,0" /><INIT seed="6,1,0,0,5,84" ten="297,275,271,157" oya="2" hai0="108,45,86,132,57,100,105,42,41,67,113,1,15" hai1="25,51,56,89,134,65,114,123,37,33,110,124,98" hai2="49,63,95,50,53,77,4,61,96,74,3,58,11" hai3="90,12,14,28,94,66,9,6,104,75,73,29,59"/><V5/><F74/><W118/><G104/><T13/><D1/><U34/><E110/><V68/><F77/><W64/><G118/><T85/><D108/><U125/><E37/><V24/><F24/><W7/><G75/><T99/><D113/><U83/><E114/><V44/><F68/><W18/><G73/><T46/><D132/><U31/><E134/><V40/><REACH who="2" step="1"/><F5/><REACH who="2" ten="297,275,261,157" step="2"/><W10/><G18/><T115/><D115/><U36/><E123/><V22/><F22/><W17/><G17/><T16/><D13/><U39/><E34/><V116/><F116/><W128/><G128/><T54/><D67/><U23/><E33/><V119/><F119/><W69/><G69/><T47/><D42/><U92/><E83/><V127/><F127/><N who="1" m="48713" /><E65/><V38/><F38/><W78/><G78/><T76/><D76/><U117/><E117/><V32/><F32/><W27/><G27/><T93/><D41/><U126/><E126/><V21/><F21/><W35/><G35/><T82/><D82/><U19/><E31/><V20/><F20/><W87/><REACH who="3" step="1"/><G64/><REACH who="3" ten="297,275,261,147" step="2"/><T109/><D109/><U26/><E26/><V79/><F79/><W122/><G122/><T55/><D105/><U135/><E135/><V111/><F111/><W0/><G0/><T107/><D107/><U102/><E25/><V120/><F120/><W130/><G130/><T112/><D112/><U8/><E19/><V2/><F2/><W133/><G133/><T81/><D81/><U129/><E129/><V62/><F62/><AGARI ba="1,2" hai="6,7,9,10,12,14,28,29,59,62,66,87,90,94" machi="62" ten="40,8000,1" yaku="1,1,9,1,8,1,52,1,53,1" doraHai="84" doraHaiUra="52" who="3" fromWho="2" sc="297,0,275,0,261,-83,147,103" /><INIT seed="7,0,0,4,4,39" ten="297,275,178,250" oya="3" hai0="29,32,60,23,41,114,5,85,91,30,31,59,118" hai1="4,86,105,80,77,64,73,120,14,20,133,1,53" hai2="45,54,129,37,125,102,33,52,74,22,99,51,2" hai3="24,56,44,7,124,81,89,16,55,35,95,134,123"/><W9/><G123/><T107/><D107/><U97/><E120/><V17/><F2/><W103/><G134/><T110/><D110/><U130/><E133/><V25/><F74/><W65/><G124/><T93/><D32/><U0/><E130/><V117/><F129/><W3/><G103/><T84/><D118/><U92/><E64/><V128/><F128/><W19/><G65/><T49/><D114/><U101/><E53/><V12/><F125/><W13/><G81/><T50/><D5/><U6/><E6/><V68/><F68/><W46/><G35/><T28/><D84/><U43/><E43/><V40/><F117/><W58/><G58/><T79/><D41/><U127/><E127/><V66/><F66/><W38/><G38/><T98/><D98/><U27/><E14/><V109/><F109/><W132/><G132/><T63/><D79/><U83/><E4/><V78/><F78/><W42/><G24/><N who="0" m="16415" /><D63/><U36/><E36/><V116/><F116/><W100/><G100/><T88/><D91/><N who="1" m="53367" /><E83/><V126/><F126/><W108/><G108/><T96/><D96/><U121/><E121/><V26/><F33/><W21/><G42/><T70/><D70/><U47/><E47/><V113/><F113/><W34/><G34/><T106/><D106/><U48/><E48/><V61/><F61/><W115/><G19/><AGARI ba="0,0" hai="0,1,19,20,27,73,77,80,97,101,105" m="53367" machi="19" ten="30,1000,0" yaku="24,1" doraHai="39" who="1" fromWho="3" sc="297,0,275,10,178,0,250,-10" /><INIT seed="8,0,0,5,5,125" ten="297,285,178,240" oya="0" hai0="9,80,61,117,76,44,131,52,56,128,70,72,41" hai1="65,119,78,51,62,19,28,3,26,127,49,24,0" hai2="58,39,54,22,20,103,33,75,101,27,87,135,67" hai3="133,96,48,111,42,53,83,25,21,38,99,116,74"/><T17/><D70/><U30/><E119/><V88/><F39/><W95/><G111/><T84/><D117/><U34/><E127/><V11/><F75/><W94/><G133/><T2/><D17/><U63/><E78/><V40/><F40/><W122/><G122/><T120/><D84/><U91/><E91/><V10/><F135/><W4/><G4/><N who="0" m="1175" /><D120/><U60/><E19/><V126/><F126/><W100/><G42/><T92/><D92/><U16/><E16/><N who="2" m="12679" /><F22/><W57/><G38/><AGARI ba="0,0" hai="38,41,44,52,56,61,72,76,80,128,131" m="1175" machi="38" ten="30,11600,0" yaku="25,1,52,2,54,1" doraHai="125" who="0" fromWho="3" sc="297,116,285,0,178,0,240,-116" owari="413,51.0,285,9.0,178,-22.0,124,-38.0" /></mjloggm>