<mjloggm ver="2.3"><GO type="169" lobby="0"/><UN n0="%E3%83%AA%E3%82%AF%E3%82%AA" n1="%E3%82%81%E3%83%BC%E3%81%A8" n2="%67%6F%75%73%69" n3="%E3%82%A6%E3%83%AB%E3%83%88%E3%83%A9%E7%AB%8B%E7%9B%B4" dan="16,16,17,17" rate="2072.72,2105.19,2115.79,2166.16" sx="M,M,M,M"/><TAIKYOKU oya="0"/><INIT seed="0,0,0,4,0,92" ten="250,250,250,250" oya="0" hai0="73,68,35,10,43,86,114,42,127,80,115,38,22" hai1="55,56,98,39,52,78,3,125,47,64,90,118,89" hai2="76,106,29,45,57,112,70,11,131,25,20,28,96" hai3="21,117,101,30,67,69,23,71,97,128,44,5,63"/><T134/><D35/><U84/><E118/><V135/><F70/><W107/><G117/><T85/><D68/><U6/><E125/><V105/><F112/><W12/><G128/><T2/><D127/><U37/><E64/><V26/><F76/><W1/><G1/><T32/><D32/><U27/><E3/><V93/><F135/><W88/><G71/><T18/><D134/><U109/><E109/><V53/><F45/><W62/><G62/><T46/><D43/><U120/><E120/><V99/><F11/><W40/><G30/><T34/><D34/><U121/><E6/><V133/><F131/><W61/><G61/><T75/><D75/><U66/><E39/><V13/><F13/><W58/><G69/><T91/><D73/><U132/><E37/><V116/><F116/><W59/><G59/><T54/><D54/><U108/><E66/><V49/><F133/><W113/><G113/><T65/><D86/><U19/><E84/><V4/><F4/><W77/><G77/><T123/><D65/><U9/><E78/><V31/><F26/><W51/><G12/><N who="0" m="9543" /><D123/><U95/><E27/><V111/><F111/><W48/><G5/><N who="0" m="1335" /><D115/><U36/><E108/><V8/><F8/><W60/><G60/><T124/><D124/><U87/><E121/><V110/><F110/><W81/><G51/><T83/><D114/><U100/><E132/><V17/><REACH who="2" step="1"/><F93/><REACH who="2" ten="250,250,240,250" step="2"/><W41/><G41/><T102/><D38/><U103/><E36/><V24/><F24/><W0/><G0/><T16/><D42/><U126/><E126/><V129/><F129/><W14/><G14/><RYUUKYOKU ba="0,1" sc="250,-15,250,-15,240,15,250,15" hai2="17,20,25,28,29,31,49,53,57,96,99,105,106" hai3="21,23,40,44,48,58,63,67,81,88,97,101,107" /><INIT seed="1,1,1,4,5,6" ten="235,235,255,265" oya="1" hai0="133,27,40,11,59,17,69,61,44,85,7,50,96" hai1="33,116,18,47,64,72,5,14,58,13,127,120,106" hai2="97,105,128,77,130,21,94,100,87,123,28,103,99" hai3="38,52,111,119,26,45,63,4,12,24,60,25,74"/><U125/><E106/><V22/><F28/><W89/><G74/><T41/><D133/><U29/><E72/><V3/><F3/><W66/><G119/><T132/><D69/><U56/><E116/><V0/><F0/><W34/><G111/><T49/><D132/><U37/><E120/><V9/><F9/><N who="3" m="4135" /><G38/><T118/><D118/><U92/><E64/><V82/><REACH who="2" step="1"/><F123/><REACH who="2" ten="235,235,245,265" step="2"/><W68/><G34/><T101/><D11/><N who="1" m="4335" /><E29/><V102/><F102/><W91/><G68/><T30/><D101/><U53/><E33/><V42/><F42/><W55/><G66/><T48/><D30/><U109/><E109/><V129/><AGARI ba="1,2" hai="21,22,77,82,87,94,97,99,100,103,105,128,129,130" machi="129" ten="30,4000,0" yaku="1,1,0,1,19,1,53,0" doraHai="6" doraHaiUra="86" who="2" fromWho="2" sc="235,-11,235,-21,245,63,265,-11" /><INIT seed="2,0,0,2,5,103" ten="224,214,308,254" oya="2" hai0="83,97,58,6,46,77,54,106,62,5,90,98,20" hai1="49,91,50,31,66,82,15,87,19,108,44,71,79" hai2="61,1,40,105,27,96,102,122,129,4,92,67,104" hai3="95,32,127,45,23,65,75,24,78,57,55,35,51"/><V37/><F122/><W133/><G127/><T17/><D46/><U22/><E108/><V99/><F129/><W124/><G124/><T88/><D106/><U18/><E71/><V7/><F27/><W117/><G117/><T118/><D118/><U60/><E31/><V41/><F41/><W94/><G133/><T116/><D116/><U135/><E135/><V43/><F43/><W12/><G75/><T119/><D119/><U47/><E47/><V69/><F40/><W9/><G78/><T110/><D110/><U70/><E44/><V16/><F16/><N who="3" m="12391" /><G35/><T36/><D36/><U33/><E33/><V42/><F42/><N who="3" m="25015" /><G65/><T113/><D113/><U89/><REACH who="1" step="1"/><E19/><REACH who="1" ten="224,204,308,254" step="2"/><V111/><F111/><W28/><G28/><T93/><D17/><U115/><E115/><V8/><F7/><N who="3" m="3135" /><G32/><T109/><D109/><U123/><E123/><V100/><F37/><W38/><G38/><T114/><D114/><U72/><E72/><V48/><F48/><AGARI ba="0,1" hai="48,55,57,94,95" m="3135,25015,12391" machi="48" ten="30,2000,0" yaku="8,1,54,1" doraHai="103" who="3" fromWho="2" sc="224,0,204,0,308,-20,254,30" /><AGARI ba="0,0" hai="15,18,22,48,49,50,60,66,70,79,82,87,89,91" machi="48" ten="40,2600,0" yaku="1,1,53,1" doraHai="103" doraHaiUra="59" who="1" fromWho="2" sc="224,0,204,26,288,-26,284,0" /><INIT seed="3,0,0,0,1,72" ten="224,230,262,284" oya="3" hai0="128,67,16,87,28,43,18,41,124,105,31,53,12" hai1="61,17,132,89,106,13,133,97,80,95,101,78,20" hai2="135,30,77,100,113,81,57,33,79,99,116,83,73" hai3="4,69,34,55,92,1,134,119,127,112,54,6,58"/><W24/><G69/><T115/><D115/><U71/><E61/><V51/><F113/><W68/><G68/><T21/><D105/><U88/><E71/><V108/><F116/><W14/><G1/><T107/><D107/><U70/><E70/><V2/><F2/><W19/><G119/><T63/><D124/><U91/><REACH who="1" step="1"/><E106/><REACH who="1" ten="224,220,262,284" step="2"/><V11/><F108/><W52/><G112/><T47/><D63/><U66/><E66/><V27/><F135/><W8/><G134/><T64/><D67/><U9/><E9/><V38/><F11/><W40/><G127/><T96/><D64/><U59/><E59/><V74/><F57/><W117/><G117/><T85/><D128/><U25/><E25/><V46/><F38/><W122/><G122/><T62/><D62/><U65/><E65/><V109/><F109/><W26/><G58/><T121/><D121/><U48/><E48/><V35/><F51/><W22/><G26/><T123/><D123/><U84/><AGARI ba="0,1" hai="13,17,20,78,80,84,88,89,91,95,97,101,132,133" machi="84" ten="30,8000,1" yaku="1,1,0,1,52,1,54,1,53,1" doraHai="72" doraHaiUra="90" who="1" fromWho="1" sc="224,-20,220,90,262,-20,284,-40" /><INIT seed="4,0,0,4,5,64" ten="204,310,242,244" oya="0" hai0="57,104,55,92,19,13,14,62,21,39,78,110,100" hai1="68,45,40,74,124,86,9,16,107,71,15,67,128" hai2="79,130,60,91,82,106,36,133,59,52,98,96,73" hai3="37,25,70,111,48,33,112,121,87,129,72,101,26"/><T99/><D39/><U113/><E74/><V66/><F36/><W54/><G87/><T58/><D110/><U27/><E107/><V131/><F133/><W61/><G101/><T47/><D47/><U1/><E67/><V97/><F106/><W23/><G26/><T116/><D116/><U89/><E1/><V105/><F105/><W77/><G23/><T115/><D115/><U29/><E113/><V117/><F117/><W42/><G54/><T3/><D3/><U8/><E8/><V28/><F28/><W63/><G48/><T80/><D58/><U49/><E128/><V75/><F75/><W90/><G63/><T10/><D104/><U94/><E124/><V22/><F22/><AGARI ba="0,0" hai="9,15,16,22,27,29,40,45,49,68,71,86,89,94" machi="22" ten="30,7700,0" yaku="7,1,52,2,54,1" doraHai="64" who="1" fromWho="2" sc="204,0,310,77,242,-77,244,0" /><INIT seed="5,0,0,4,4,7" ten="204,387,165,244" oya="1" hai0="88,48,41,70,80,122,103,54,78,98,9,58,82" hai1="109,110,38,91,30,127,2,71,40,0,119,55,39" hai2="67,84,56,94,23,61,86,107,21,43,72,114,6" hai3="68,26,12,69,27,10,101,11,112,73,5,123,83"/><U28/><E55/><V87/><F72/><W115/><G101/><T125/><D70/><U93/><E71/><V45/><F107/><W97/><G97/><T121/><D125/><U59/><E59/><V17/><F114/><N who="3" m="43563" /><G123/><N who="0" m="47115" /><D41/><U134/><E119/><V16/><F6/><N who="3" m="3191" /><G27/><T100/><D9/><U14/><E127/><V118/><F118/><W36/><G36/><T8/><D8/><U116/><E116/><V126/><F126/><W63/><G63/><T37/><D37/><U76/><E76/><V57/><F94/><W106/><G106/><T128/><D128/><U22/><E93/><V120/><F120/><W111/><G26/><T46/><D46/><U90/><E14/><V1/><F1/><N who="3" m="303" /><G111/><T20/><D20/><U34/><E22/><V117/><F117/><W96/><G96/><T85/><D98/><U52/><E109/><V13/><F61/><W4/><G4/><T89/><D89/><U64/><E91/><V135/><F67/><W66/><G66/><T104/><D104/><U131/><E90/><V47/><F135/><W75/><G75/><AGARI ba="0,0" hai="48,54,58,75,78,80,82,85,88,100,103" m="47115" machi="75" ten="30,2000,0" yaku="13,1,54,1" doraHai="7" who="0" fromWho="3" sc="204,20,387,0,165,0,244,-20" /><INIT seed="6,0,0,5,4,122" ten="224,387,165,224" oya="2" hai0="48,76,62,24,0,29,91,90,98,107,71,129,33" hai1="124,113,84,49,23,125,94,82,64,111,69,109,102" hai2="68,106,77,72,80,16,45,42,85,43,112,35,13" hai3="97,18,22,121,73,110,115,6,81,28,30,56,52"/><V103/><F35/><W123/><G73/><T17/><D129/><U89/><E49/><V116/><F68/><W65/><G121/><T134/><D134/><U34/><E34/><V46/><F116/><W10/><G65/><N who="0" m="41399" /><D0/><U88/><E113/><V100/><F112/><W99/><G123/><T75/><D17/><U96/><E23/><V37/><F72/><W36/><G36/><T66/><D66/><U79/><E64/><V54/><F54/><W38/><G38/><T7/><D7/><U57/><E57/><V59/><F59/><W53/><G53/><T78/><D48/><U20/><E20/><V3/><F3/><W50/><G110/><N who="1" m="41994" /><E69/><V14/><F106/><W104/><G104/><T67/><D67/><U128/><E128/><V5/><F5/><W31/><G6/><T39/><D39/><U101/><E89/><N who="0" m="33801" /><D75/><N who="1" m="43391" /><E101/><AGARI ba="0,0" hai="24,29,33,76,78,98,101,107" m="33801,41399" machi="101" ten="30,1000,0" yaku="25,1" doraHai="122" who="0" fromWho="1" sc="224,10,387,-10,165,0,224,0" /><INIT seed="7,0,0,4,1,58" ten="234,377,165,224" oya="3" hai0="126,1,53,117,79,6,59,62,134,40,36,24,14" hai1="95,0,26,90,4,103,94,16,8,25,99,38,67" hai2="66,114,43,89,124,100,125,47,22,54,31,55,106" hai3="84,64,52,33,23,3,42,44,18,34,28,21,7"/><W123/><G64/><T116/><D134/><U87/><E38/><V15/><F106/><W112/><G123/><T41/><D126/><U73/><E73/><V129/><F100/><W9/><G84/><T10/><D24/><U80/><E67/><V20/><F89/><W76/><G76/><T135/><D135/><U88/><E16/><V113/><F15/><W98/><G98/><AGARI ba="0,0" hai="0,4,8,25,26,80,87,88,90,94,95,98,99,103" machi="98" ten="30,2000,0" yaku="7,1,54,1" doraHai="58" who="1" fromWho="3" sc="234,0,377,20,165,0,224,-20" owari="234,3.0,397,50.0,165,-33.0,204,-20.0" /></mjloggm>