<mjloggm ver="2.3"><GO type="169" lobby="0"/><UN n0="%E3%81%AE%E3%81%86%E3%81%AA%E3%82%81%E3%82%8D%E3%82%93" n1="%E5%B0%B1%E6%B4%BB%E7%94%9F%40%E5%B7%9D%E6%9D%91%E8%BB%8D%E5%9B%A3" n2="%E3%81%99%E3%81%BF%E3%82%84%E3%81%AB" n3="%72%61%74%74%61%74%74%61" dan="16,17,17,18" rate="2102.65,2214.70,2145.23,2222.67" sx="M,M,M,M"/><TAIKYOKU oya="0"/><INIT seed="0,0,0,3,1,131" ten="250,250,250,250" oya="0" hai0="8,135,44,88,106,108,122,95,50,45,76,6,46" hai1="30,42,105,37,15,121,118,38,9,57,78,129,66" hai2="104,63,71,47,110,5,113,125,128,62,34,73,109" hai3="134,90,20,124,27,74,52,115,80,83,59,29,132"/><T103/><D122/><U87/><E105/><V41/><F73/><W98/><G115/><T39/><D39/><U117/><E30/><V111/><F34/><W17/><G124/><T18/><D108/><U112/><E121/><V99/><F5/><W56/><G56/><T65/><D18/><U127/><E127/><V70/><F99/><W58/><G59/><T48/><D65/><U82/><E112/><V102/><F102/><W126/><G126/><T36/><D36/><U64/><E129/><V92/><F92/><N who="3" m="56599" /><G29/><T4/><D4/><U114/><E114/><V7/><F7/><W60/><G80/><T75/><D106/><U94/><E94/><V93/><F93/><W61/><G61/><N who="2" m="23049" /><F104/><W97/><G97/><T16/><D103/><U10/><E38/><N who="2" m="21943" /><F113/><W51/><G51/><T67/><D67/><U25/><E37/><V72/><F72/><W12/><G12/><T26/><D75/><U53/><E15/><V40/><F125/><W35/><G35/><T21/><D76/><AGARI ba="0,0" hai="17,20,27,52,58,60,74,76,83,132,134" m="56599" machi="76" ten="30,7700,0" yaku="25,1,52,2,54,1" doraHai="131" who="3" fromWho="0" sc="250,-77,250,0,250,0,250,77" /><INIT seed="1,0,0,4,3,132" ten="173,250,250,327" oya="1" hai0="10,8,107,17,81,47,67,38,79,61,59,116,126" hai1="84,68,2,124,25,76,32,95,34,102,118,53,74" hai2="29,27,125,98,21,64,100,96,30,13,71,108,119" hai3="87,89,20,58,110,36,35,9,90,86,31,40,43"/><U70/><E118/><V62/><F119/><W14/><G35/><T42/><D116/><U19/><E2/><V37/><F37/><W103/><G103/><T7/><D107/><U101/><E74/><V52/><F108/><W127/><G110/><T15/><D126/><U11/><E53/><V65/><F30/><W80/><G36/><T131/><D131/><U41/><E41/><V39/><F39/><W49/><G127/><T113/><D113/><U85/><E124/><V54/><F65/><W88/><G31/><T46/><D46/><U109/><E109/><V123/><F123/><W94/><G89/><T128/><D128/><U12/><E76/><V48/><F125/><W104/><G104/><T51/><D38/><U130/><E130/><V135/><F135/><W82/><G94/><T44/><D44/><U92/><E25/><V66/><F66/><W69/><G20/><T73/><REACH who="0" step="1"/><D7/><REACH who="0" ten="163,250,250,327" step="2"/><U77/><E77/><V55/><F48/><W16/><G69/><T0/><D0/><U24/><E70/><V50/><F50/><W112/><G112/><T134/><D134/><U75/><E68/><V105/><F105/><W45/><G58/><T26/><D26/><U3/><E24/><V99/><F13/><W60/><G60/><T121/><D121/><U5/><E3/><V120/><F120/><W83/><G43/><T117/><D117/><U63/><E5/><V22/><F27/><W122/><G122/><T93/><D93/><U106/><E12/><V114/><F114/><W6/><G6/><T23/><AGARI ba="0,1" hai="8,10,15,17,23,42,47,51,59,61,67,73,79,81" machi="23" ten="20,2700,0" yaku="1,1,0,1,7,1,53,0" doraHai="132" doraHaiUra="33" who="0" fromWho="0" sc="163,37,250,-13,250,-7,327,-7" /><INIT seed="2,0,0,4,5,41" ten="200,237,243,320" oya="2" hai0="106,39,43,26,115,127,117,4,101,28,123,92,89" hai1="109,47,23,91,70,93,34,27,84,44,12,121,46" hai2="107,6,15,62,65,83,79,81,114,135,52,71,126" hai3="85,45,72,7,100,122,32,3,21,80,104,36,25"/><V87/><F114/><W9/><G122/><T29/><D123/><U134/><E70/><V13/><F107/><W124/><G124/><T112/><D4/><U0/><E121/><V97/><F126/><W49/><G36/><T8/><D127/><U129/><E109/><V77/><F135/><W63/><G72/><T86/><D8/><U58/><E0/><V48/><F97/><W37/><G37/><T88/><D29/><N who="1" m="17663" /><E34/><V14/><F6/><W22/><G63/><T10/><D10/><U102/><E134/><V53/><REACH who="2" step="1"/><F48/><REACH who="2" ten="200,237,233,320" step="2"/><W131/><G104/><T120/><D106/><U38/><E38/><V57/><F57/><W20/><G7/><T64/><D115/><U2/><E2/><V19/><F19/><W56/><G3/><T132/><D112/><U61/><E129/><V94/><F94/><W111/><G131/><T119/><D120/><U11/><E102/><V95/><F95/><W78/><G100/><T133/><D132/><U68/><E68/><V99/><F99/><W35/><G56/><T113/><D133/><U105/><E105/><V54/><F54/><W55/><G55/><T103/><D113/><U16/><E58/><V1/><F1/><W31/><G49/><T18/><D18/><U30/><E30/><V98/><F98/><W59/><G31/><T73/><D103/><U116/><E116/><V74/><AGARI ba="0,1" hai="13,14,15,52,53,62,65,71,74,77,79,81,83,87" machi="74" ten="30,6000,0" yaku="1,1,0,1,54,1,53,0" doraHai="41" doraHaiUra="90" who="2" fromWho="2" sc="200,-20,237,-20,233,70,320,-20" /><INIT seed="2,1,0,0,2,20" ten="180,217,303,300" oya="2" hai0="50,116,14,105,123,121,40,0,62,81,70,71,43" hai1="125,85,18,38,122,24,73,17,90,16,19,11,72" hai2="99,113,21,135,29,39,115,93,68,28,107,47,30" hai3="57,94,27,33,78,7,108,112,37,102,120,86,60"/><V114/><F68/><N who="0" m="26154" /><D0/><U10/><E38/><V98/><F135/><W109/><G37/><T36/><D105/><U91/><E122/><V52/><F107/><W92/><G120/><T22/><D81/><U74/><E125/><V67/><F67/><W80/><G7/><T42/><D22/><U97/><E97/><V44/><F99/><W6/><G6/><T79/><D79/><U46/><E91/><V58/><F39/><W66/><G112/><T76/><D76/><U54/><E24/><V23/><F23/><W61/><G61/><T35/><D14/><U25/><E25/><V41/><F41/><W4/><G4/><T106/><D106/><U31/><E31/><V104/><F21/><W48/><G48/><T1/><D1/><U12/><N who="1" m="4608" /><DORA hai="129" /><U95/><REACH who="1" step="1"/><E12/><REACH who="1" ten="180,207,303,300" step="2"/><V132/><F30/><W100/><G100/><T130/><D36/><U84/><E84/><V32/><F98/><W127/><G127/><T119/><D123/><U101/><E101/><V53/><F29/><N who="3" m="19647" /><G102/><T26/><D121/><U9/><E9/><V15/><F28/><W126/><G126/><T131/><D26/><U2/><E2/><V89/><F15/><W64/><G86/><T134/><D35/><U117/><E117/><V133/><F32/><W65/><G78/><T77/><D77/><U75/><N who="1" m="18944" /><DORA hai="34" /><U128/><E128/><V87/><F87/><W8/><G8/><T118/><D130/><U56/><E56/><V83/><F113/><W59/><G59/><T111/><D131/><U69/><E69/><V3/><F115/><W5/><G57/><T45/><D118/><RYUUKYOKU ba="1,1" sc="180,-10,207,30,303,-10,300,-10" hai1="10,11,46,54,85,90,95" /><INIT seed="3,2,1,2,5,66" ten="170,237,293,290" oya="3" hai0="21,94,124,0,108,65,57,46,114,88,53,32,11" hai1="89,129,44,126,26,29,6,99,113,34,2,61,15" hai2="52,111,90,123,82,36,67,98,49,74,18,102,81" hai3="14,27,55,69,58,8,71,115,59,93,116,92,109"/><W33/><G115/><T35/><D108/><U101/><E113/><V10/><F36/><W76/><G116/><T7/><D114/><U131/><E2/><V130/><F111/><W24/><G109/><T95/><D124/><U42/><E126/><V64/><F130/><N who="1" m="49673" /><E61/><V132/><F132/><W9/><G14/><T25/><D46/><U75/><E75/><V13/><F123/><W12/><G12/><T16/><D65/><U60/><E60/><V125/><F74/><W122/><G76/><T17/><D17/><U127/><E127/><V43/><F43/><W128/><G128/><T87/><REACH who="0" step="1"/><D95/><REACH who="0" ten="160,237,293,290" step="2"/><N who="1" m="56815" /><E6/><V112/><F125/><W104/><G104/><T48/><AGARI ba="2,2" hai="0,7,11,16,21,25,32,35,48,53,57,87,88,94" machi="48" ten="20,8000,1" yaku="1,1,0,1,7,1,54,2,53,0" doraHai="66" doraHaiUra="97" who="0" fromWho="0" sc="160,106,237,-22,293,-22,290,-42" /><INIT seed="4,0,0,0,1,20" ten="266,215,271,248" oya="0" hai0="80,69,5,61,16,45,75,132,127,92,105,104,21" hai1="51,129,57,50,83,74,54,27,134,26,79,100,111" hai2="78,72,53,35,47,33,65,82,87,42,71,23,6" hai3="107,98,18,84,114,88,94,101,22,125,38,81,64"/><T96/><D132/><U103/><E111/><V7/><F35/><W73/><G38/><T9/><D127/><U11/><E134/><V44/><F33/><W130/><G125/><T40/><D69/><U60/><E129/><V113/><F113/><W56/><G114/><T66/><D66/><U120/><E120/><V86/><F72/><W17/><G130/><T118/><D61/><U10/><E51/><V30/><F87/><W91/><G22/><T93/><D118/><U109/><E109/><V135/><F65/><W48/><G48/><T3/><D104/><U59/><E10/><V43/><F71/><W112/><G112/><T77/><D105/><U32/><E11/><V117/><F53/><W55/><G55/><T2/><D2/><U106/><E32/><V0/><F0/><W70/><G56/><T122/><D96/><U90/><E90/><V108/><F108/><W67/><G67/><T62/><D62/><U115/><E115/><V8/><F8/><W12/><G12/><T37/><D122/><U123/><E123/><V128/><F117/><W49/><G49/><T99/><D99/><U76/><E106/><V15/><F128/><W36/><G36/><T31/><D31/><U19/><E19/><N who="2" m="10751" /><F30/><W13/><G107/><T110/><D110/><U68/><E68/><V131/><F131/><W41/><G70/><T121/><D121/><U52/><E76/><V124/><F124/><W133/><G133/><T85/><D85/><U126/><E126/><V39/><F135/><W46/><G84/><T102/><D102/><U34/><E34/><V28/><F28/><RYUUKYOKU ba="0,0" sc="266,10,215,10,271,10,248,-30" hai0="3,5,9,16,21,37,40,45,75,77,80,92,93" hai1="26,27,50,52,54,57,59,60,74,79,83,100,103" hai2="6,7,39,42,43,44,47,78,82,86" /><INIT seed="4,1,0,3,2,120" ten="276,225,281,218" oya="0" hai0="103,1,128,52,38,0,116,21,135,80,8,60,32" hai1="51,85,115,127,50,6,39,17,93,35,13,74,122" hai2="78,108,55,118,46,98,77,117,5,81,31,72,42" hai3="111,28,54,40,95,131,57,99,107,129,69,3,49"/><T62/><D32/><U48/><E39/><V76/><F31/><W12/><G3/><T29/><D38/><U130/><E74/><V2/><F55/><W83/><G107/><T56/><D116/><N who="2" m="44650" /><F98/><W71/><G40/><T70/><D135/><U68/><E122/><V101/><F101/><W67/><G28/><T45/><D128/><U27/><E68/><V66/><F66/><W79/><G69/><T9/><D103/><U25/><E35/><V26/><F26/><W105/><G105/><T94/><D94/><U126/><E130/><V37/><F108/><W110/><G131/><T75/><D29/><U33/><E6/><V82/><F82/><W113/><G129/><T14/><D21/><N who="1" m="11439" /><E115/><V18/><F18/><W104/><G113/><T88/><D75/><U87/><E33/><V132/><F132/><W125/><G104/><T36/><D70/><U22/><E93/><V73/><F73/><W7/><G71/><T10/><D14/><U24/><E22/><V106/><F106/><W44/><G12/><T119/><D119/><U90/><E90/><V19/><F19/><W61/><G7/><T96/><D62/><U84/><AGARI ba="1,0" hai="24,25,27,48,50,51,84,85,87,126,127" m="11439" machi="84" ten="40,2700,0" yaku="29,2" doraHai="120" who="1" fromWho="1" sc="276,-14,225,30,281,-8,218,-8" /><INIT seed="5,0,0,2,1,101" ten="262,255,273,210" oya="1" hai0="99,83,17,78,74,39,131,33,53,122,108,13,34" hai1="92,28,55,32,31,77,82,93,54,87,11,128,44" hai2="81,1,47,61,94,100,88,90,107,130,76,85,125" hai3="126,111,5,117,133,110,106,51,120,59,20,57,127"/><U37/><E128/><V124/><F1/><W121/><G5/><T72/><D108/><N who="3" m="41513" /><G20/><T102/><D131/><U91/><E32/><V62/><F130/><W30/><G30/><N who="1" m="11306" /><E37/><V114/><F47/><W36/><G106/><T103/><D74/><U118/><E118/><V14/><F14/><W25/><G25/><T71/><D122/><N who="3" m="47209" /><G36/><T104/><D39/><U16/><E44/><V105/><F100/><W97/><G97/><T67/><D103/><U43/><E43/><V52/><F90/><W40/><G117/><T4/><D4/><U95/><E77/><V0/><F0/><W42/><G133/><T66/><D53/><U119/><E119/><V64/><F76/><W9/><G9/><T109/><D109/><U8/><E8/><V35/><F35/><W132/><G132/><T18/><D18/><U27/><E11/><V70/><F81/><W60/><G51/><T21/><D34/><U98/><E98/><V49/><F49/><W129/><G129/><T69/><D33/><U38/><E38/><V80/><F80/><W19/><G19/><T48/><D48/><U26/><E26/><V22/><F22/><AGARI ba="0,0" hai="16,22,27,54,55,82,87,91,92,93,95" m="11306" machi="22" ten="30,2900,0" yaku="8,1,54,1" doraHai="101" who="1" fromWho="2" sc="262,0,255,29,273,-29,210,0" /><INIT seed="5,1,0,4,3,123" ten="262,284,244,210" oya="1" hai0="103,53,93,58,91,77,37,88,29,25,51,54,73" hai1="126,110,107,24,36,121,109,79,113,96,87,86,117" hai2="38,50,41,75,124,7,80,66,100,60,99,111,47" hai3="63,101,74,90,48,81,40,68,4,17,78,102,62"/><U125/><E36/><V83/><F124/><N who="1" m="47721" /><E117/><V8/><F50/><W34/><G34/><T6/><D37/><U57/><E121/><V116/><F116/><W129/><G129/><T98/><D6/><U71/><E71/><V21/><F21/><W122/><G122/><T45/><D77/><U130/><E130/><V31/><F31/><W49/><G4/><T127/><D73/><U135/><E135/><V23/><F23/><W82/><G68/><T52/><D127/><U32/><E113/><V119/><F119/><W64/><G64/><T108/><D108/><N who="1" m="41579" /><E79/><V42/><F111/><W0/><G78/><T104/><D104/><U1/><E1/><V19/><F38/><W89/><G102/><T12/><D12/><U112/><E112/><V120/><F100/><W59/><G101/><T20/><D54/><U28/><E107/><V95/><F120/><W76/><G76/><T35/><D35/><U85/><E57/><V72/><F75/><W14/><G59/><T114/><D114/><U65/><E65/><V118/><F66/><W115/><G74/><T30/><REACH who="0" step="1"/><D29/><REACH who="0" ten="252,284,244,210" step="2"/><U27/><E24/><V44/><F72/><W84/><G115/><T67/><D67/><U43/><E43/><V15/><F42/><W128/><G40/><T22/><D22/><U39/><E39/><V134/><F41/><W106/><G106/><T18/><D18/><U131/><E131/><V94/><F19/><W133/><G128/><T92/><D92/><U2/><E2/><V69/><F95/><W70/><G17/><T11/><D11/><U97/><AGARI ba="1,1" hai="27,28,32,85,86,87,96,97" m="41579,47721" machi="97" ten="40,12000,1" yaku="18,1,10,1,52,3" doraHai="123" who="1" fromWho="1" sc="252,-41,284,133,244,-41,210,-41" /><INIT seed="5,2,0,5,1,25" ten="211,417,203,169" oya="1" hai0="27,104,15,67,39,5,49,19,127,46,45,79,107" hai1="14,103,72,17,120,125,0,71,30,99,74,85,101" hai2="73,100,69,81,110,61,9,13,124,36,56,108,10" hai3="129,32,113,96,26,95,3,86,23,126,135,58,93"/><U53/><E0/><V132/><F36/><W82/><G3/><T80/><D127/><U2/><E2/><V18/><F69/><W97/><G126/><T114/><D114/><U1/><E125/><V90/><F124/><W105/><G113/><T43/><D5/><U77/><E71/><V24/><F132/><W52/><G32/><T98/><D67/><U128/><E1/><V34/><F100/><W121/><G129/><T78/><D27/><U133/><E128/><V38/><F38/><W106/><G106/><T63/><D63/><U8/><E133/><V28/><F10/><W31/><G121/><T7/><D7/><U44/><E120/><V134/><F134/><W84/><G105/><T29/><D29/><U20/><E85/><N who="3" m="32874" /><G82/><T11/><D98/><N who="3" m="37993" /><G135/><T64/><D79/><U62/><E99/><V59/><F90/><W102/><G102/><T12/><D80/><U54/><E77/><V131/><F131/><W123/><G123/><T16/><D78/><U42/><E74/><V130/><F130/><W70/><G70/><T60/><D104/><U87/><E72/><V50/><F81/><W68/><G68/><T4/><D107/><U116/><E116/><V94/><F73/><W41/><G41/><T57/><D15/><U122/><E122/><V35/><F35/><W109/><G109/><T118/><D118/><U111/><E111/><V47/><F94/><W51/><AGARI ba="2,0" hai="23,26,31,51,52,58,93,95" m="37993,32874" machi="51" ten="30,4000,0" yaku="8,1,52,1,54,1" doraHai="25" who="3" fromWho="3" sc="211,-12,417,-22,203,-12,169,46" /><INIT seed="6,0,0,0,5,120" ten="199,395,191,215" oya="2" hai0="68,90,133,105,21,134,37,45,116,28,43,46,20" hai1="33,0,73,130,132,2,101,102,92,23,128,55,39" hai2="84,63,75,79,11,32,103,6,112,14,56,100,13" hai3="109,9,26,97,24,111,86,29,95,93,48,1,42"/><V119/><F119/><W52/><G42/><N who="0" m="22735" /><D105/><U50/><E73/><V96/><F32/><W66/><G66/><T41/><D68/><U16/><E39/><V94/><F75/><W69/><G69/><T117/><D90/><U81/><E33/><V3/><F112/><W18/><G86/><T98/><D98/><N who="1" m="59591" /><E81/><N who="2" m="47167" /><F3/><W65/><G65/><T126/><D126/><U135/><E102/><N who="2" m="60695" /><F14/><W38/><G38/><N who="0" m="21815" /><D43/><U59/><E0/><V107/><F107/><W36/><G36/><T118/><D28/><U30/><E2/><V64/><AGARI ba="0,0" hai="6,11,13,56,63,64,100,103" m="60695,47167" machi="64" ten="30,1500,0" yaku="8,1" doraHai="120" who="2" fromWho="2" sc="199,-5,395,-5,191,15,215,-5" /><INIT seed="6,1,0,5,2,25" ten="194,390,206,210" oya="2" hai0="30,65,52,84,47,88,124,45,129,89,123,82,59" hai1="6,37,7,63,122,133,36,41,62,97,50,2,11" hai2="22,106,48,113,26,85,131,35,38,128,120,102,49" hai3="1,115,44,92,135,104,75,72,100,31,66,134,87"/><V40/><F35/><W54/><G1/><T34/><D123/><U57/><E122/><V112/><F120/><W101/><G66/><T58/><D129/><N who="2" m="49738" /><F38/><W121/><G121/><T103/><D124/><U33/><E33/><V81/><F102/><N who="3" m="39531" /><G31/><T12/><D103/><U94/><E133/><N who="3" m="50698" /><G54/><T16/><D30/><U8/><E50/><N who="2" m="19563" /><F106/><W110/><G44/><T23/><D34/><U96/><E41/><V118/><F40/><W68/><G68/><T90/><D65/><U79/><E57/><N who="0" m="21513" /><D52/><U32/><E32/><V67/><F118/><W95/><G104/><T109/><D109/><U61/><E37/><V86/><F67/><W24/><G110/><T114/><D114/><N who="2" m="44138" /><F81/><W108/><G115/><T74/><D74/><U77/><E36/><V78/><F78/><AGARI ba="1,0" hai="12,16,23,45,47,78,82,84,88,89,90" m="21513" machi="78" ten="30,3900,0" yaku="8,1,54,2" doraHai="25" who="0" fromWho="2" sc="194,42,390,0,206,-42,210,0" /><INIT seed="7,0,0,5,4,91" ten="236,390,164,210" oya="3" hai0="47,105,31,48,15,129,2,73,8,26,89,86,90" hai1="20,96,51,54,46,11,127,113,104,12,57,130,78" hai2="9,32,34,106,37,24,53,36,33,25,92,6,100" hai3="75,13,77,56,103,88,79,14,5,121,17,99,1"/><W76/><G75/><T82/><D105/><U39/><E78/><V63/><F106/><W23/><G121/><T107/><D107/><U41/><E113/><V122/><F122/><W83/><G1/><T43/><D2/><U19/><E127/><V3/><F37/><W35/><G35/><T108/><D108/><U131/><E104/><V85/><F36/><W49/><G103/><T94/><D73/><U66/><E96/><V59/><F100/><W126/><G126/><T125/><D129/><N who="1" m="49163" /><E66/><V65/><F65/><W101/><G101/><T22/><D125/><U69/><E69/><V134/><F134/><W102/><G102/><T10/><D15/><U87/><E87/><AGARI ba="0,0" hai="8,10,22,26,31,43,47,48,82,86,87,89,90,94" machi="87" ten="30,3900,0" yaku="7,1,8,1,52,1" doraHai="91" who="0" fromWho="1" sc="236,39,390,-39,164,0,210,0" owari="275,8.0,351,45.0,164,-34.0,210,-19.0" /></mjloggm>