<mjloggm ver="2.3"><GO type="97" lobby="0"/><UN n0="%6E%6F%75%6E%6F%75%72%73" n1="%6E%72" n2="%4F%53%43%37%37%37" n3="%E5%B0%B1%E6%B4%BB%E7%94%9F%40%E5%B7%9D%E6%9D%91%E8%BB%8D%E5%9B%A3" dan="14,15,15,15" rate="1937.50,1918.33,2018.39,1951.30" sx="M,M,M,M"/><TAIKYOKU oya="0"/><INIT seed="0,0,0,0,1,53" ten="250,250,250,250" oya="0" hai0="135,29,129,102,113,35,130,98,18,86,32,8,81" hai1="43,41,59,22,94,70,83,65,45,7,33,3,77" hai2="103,92,39,101,125,66,127,99,76,1,51,85,63" hai3="122,72,56,58,4,115,74,25,131,119,0,107,75"/><T91/><D113/><U97/><E33/><V2/><F39/><W12/><G115/><T60/><D135/><U31/><E70/><V78/><F103/><W50/><G119/><T34/><D29/><U30/><E7/><V9/><F51/><W68/><G68/><T49/><D49/><U48/><E3/><V96/><F96/><W57/><G107/><T118/><D118/><U17/><E41/><V109/><F109/><W110/><G110/><T79/><D60/><N who="1" m="38047" /><E83/><V5/><F2/><W37/><G37/><T23/><D8/><U128/><E77/><V80/><REACH who="2" step="1"/><F78/><REACH who="2" ten="250,250,240,250" step="2"/><W116/><G0/><T14/><REACH who="0" step="1"/><D79/><REACH who="0" ten="240,250,240,250" step="2"/><U84/><E48/><V21/><F21/><W42/><G116/><T93/><AGARI ba="0,2" hai="14,18,23,32,34,35,81,86,91,93,98,102,129,130" machi="93" ten="40,7800,0" yaku="1,1,2,1,0,1,53,0" doraHai="53" doraHaiUra="61" who="0" fromWho="0" sc="240,98,250,-26,240,-26,250,-26" /><INIT seed="0,1,0,5,5,18" ten="338,224,214,224" oya="0" hai0="21,35,96,101,15,22,112,55,110,121,46,16,61" hai1="33,32,92,77,129,132,36,44,73,64,65,14,98" hai2="68,127,119,125,57,67,135,24,11,90,100,104,76" hai3="13,37,126,27,131,66,94,99,95,19,8,25,30"/><T47/><D112/><U113/><E113/><V17/><F119/><W3/><G37/><T41/><D35/><U115/><E115/><V70/><F135/><W38/><G38/><T40/><D121/><U105/><E105/><V56/><F76/><W88/><G126/><N who="2" m="48137" /><F90/><W69/><G131/><T26/><D110/><U2/><E2/><V42/><F42/><N who="0" m="16490" /><D61/><U63/><E44/><N who="0" m="16937" /><D55/><U86/><E33/><V48/><F100/><W118/><G118/><T31/><D101/><U62/><E73/><V103/><F103/><W78/><G3/><T23/><D96/><U102/><E63/><N who="2" m="38375" /><F104/><W49/><G78/><T109/><D109/><U1/><E62/><V108/><F108/><W0/><G0/><T82/><D23/><U116/><E102/><V52/><F11/><W128/><G128/><T29/><D82/><U10/><E10/><V28/><F28/><AGARI ba="1,0" hai="15,16,21,22,26,28,29,31" m="16937,16490" machi="28" ten="30,11600,0" yaku="8,1,52,2,54,1" doraHai="18" who="0" fromWho="2" sc="338,119,224,0,214,-119,224,0" /><INIT seed="0,2,0,3,1,126" ten="457,224,95,224" oya="0" hai0="115,72,53,22,111,56,46,17,86,24,9,51,82" hai1="88,18,35,6,132,63,96,87,79,128,75,133,0" hai2="42,20,78,15,119,73,45,12,90,125,59,41,98" hai3="57,122,39,135,62,5,30,44,58,104,105,101,23"/><T54/><D115/><U37/><E35/><V10/><F125/><W11/><G122/><T48/><D72/><U129/><E96/><V65/><F119/><W118/><G118/><T21/><D111/><U102/><E102/><V29/><F78/><W117/><G117/><T52/><D21/><U110/><E110/><V68/><F73/><W74/><G74/><T120/><D120/><U55/><E37/><V8/><F68/><W26/><G135/><N who="1" m="51786" /><E79/><V40/><F45/><W2/><G101/><T116/><D116/><U80/><E75/><V14/><F98/><W97/><G97/><T114/><D114/><U123/><E123/><V134/><F134/><W69/><G69/><T81/><D53/><U43/><E43/><V130/><F130/><N who="1" m="50281" /><E18/><V107/><F107/><W94/><G94/><T89/><D9/><N who="1" m="2247" /><E55/><V93/><F8/><W3/><G3/><T28/><D17/><U99/><E99/><V77/><F10/><W25/><G39/><T108/><D108/><U32/><E32/><V27/><F77/><W47/><G105/><T85/><D86/><U71/><E71/><V4/><F4/><W76/><G76/><T95/><AGARI ba="2,0" hai="22,24,28,46,48,51,52,54,56,81,82,85,89,95" machi="95" ten="20,7800,0" yaku="0,1,7,1,8,1,54,1" doraHai="126" who="0" fromWho="0" sc="457,84,224,-28,95,-28,224,-28" /><INIT seed="0,3,0,0,3,7" ten="541,196,67,196" oya="0" hai0="133,21,47,98,99,70,36,5,38,34,116,4,112" hai1="97,62,39,60,93,77,33,0,29,107,17,66,103" hai2="42,2,108,45,80,85,52,94,72,31,111,44,54" hai3="86,41,75,115,20,23,96,53,101,131,124,95,37"/><T76/><D116/><U19/><E39/><V105/><F72/><W78/><G75/><T26/><D34/><U135/><E135/><V127/><F105/><W30/><G115/><T100/><D112/><U71/><E0/><V27/><F2/><W1/><G1/><T91/><D70/><U109/><E109/><N who="2" m="42059" /><F94/><W74/><G74/><T87/><D133/><U28/><E77/><N who="2" m="46223" /><F127/><W125/><G131/><T119/><D119/><U10/><E10/><V121/><F121/><W67/><G67/><T120/><D120/><U134/><E134/><V128/><F128/><W49/><G41/><T22/><D76/><U43/><E43/><V92/><F92/><W16/><G37/><T122/><D122/><U51/><E51/><N who="2" m="27031" /><F45/><N who="3" m="27823" /><G30/><T132/><D132/><U40/><E40/><V117/><F117/><W14/><G124/><T57/><D57/><U3/><E3/><V89/><F89/><W123/><G123/><T61/><D61/><U83/><E28/><V9/><F9/><N who="3" m="6223" /><G125/><T79/><D38/><U88/><E83/><AGARI ba="3,0" hai="20,23,78,83,86,95,96,101" m="6223,27823" machi="83" ten="30,3900,0" yaku="8,1,52,1,54,1" doraHai="7" who="3" fromWho="1" sc="541,0,196,-48,67,0,196,48" /><INIT seed="1,0,0,2,1,20" ten="541,148,67,244" oya="1" hai0="77,117,95,40,48,85,39,16,91,131,57,133,107" hai1="72,29,19,13,103,121,30,92,111,52,66,41,126" hai2="43,59,58,47,44,68,37,70,26,64,6,50,118" hai3="86,69,32,75,24,94,17,116,110,129,51,125,22"/><U87/><E121/><V73/><F73/><W88/><G69/><N who="2" m="26729" /><F6/><W93/><G75/><T78/><D107/><U84/><E72/><V96/><F96/><W109/><G125/><T76/><D117/><U55/><E126/><V53/><F26/><W74/><G74/><T104/><D104/><U102/><E111/><N who="3" m="42506" /><G129/><T122/><D122/><U124/><E124/><V128/><F118/><W9/><G116/><T18/><D131/><U106/><E106/><V38/><F128/><W67/><G67/><T79/><D133/><U115/><E115/><V81/><F81/><N who="3" m="49231" /><G32/><T7/><D7/><U100/><E66/><V2/><F2/><W62/><G62/><T46/><D39/><N who="2" m="14858" /><F64/><W83/><G83/><T130/><D130/><U5/><E5/><V49/><AGARI ba="0,0" hai="43,44,47,49,50,53,58,59" m="14858,26729" machi="49" ten="40,8000,1" yaku="35,5" doraHai="20" who="2" fromWho="2" sc="541,-20,148,-40,67,80,244,-20" /><INIT seed="2,0,0,2,1,51" ten="521,108,147,224" oya="2" hai0="62,84,74,15,77,25,52,7,126,88,86,21,67" hai1="131,125,134,103,104,97,20,106,96,111,43,56,41" hai2="19,34,82,39,122,68,10,85,123,114,23,73,127" hai3="130,93,124,59,71,66,37,58,18,115,70,48,4"/><V98/><F73/><W90/><G37/><T57/><D126/><U101/><E125/><V49/><F39/><W46/><G124/><T100/><D100/><U24/><E111/><V31/><F34/><W72/><G72/><T133/><D133/><U102/><E102/><V12/><F68/><W22/><G115/><T30/><D74/><U78/><E134/><V55/><F127/><W81/><G130/><T112/><D112/><U120/><E131/><V65/><F114/><W5/><G81/><N who="0" m="47151" /><D7/><N who="3" m="2633" /><G70/><T87/><D15/><U99/><E99/><V129/><F129/><W64/><G71/><T108/><D108/><U14/><E78/><V79/><F65/><N who="3" m="25195" /><G93/><N who="0" m="54423" /><D87/><U105/><E105/><V95/><F31/><W113/><G90/><T45/><D45/><U33/><E120/><V132/><F132/><W80/><G80/><T76/><D67/><U9/><E33/><V32/><F32/><W60/><G60/><T36/><D36/><U54/><E9/><V53/><F10/><W27/><G113/><T89/><D89/><U135/><E14/><V1/><F1/><W40/><AGARI ba="0,0" hai="18,22,27,40,46,48,58,59" m="25195,2633" machi="40" ten="30,1100,0" yaku="8,1" doraHai="51" who="3" fromWho="3" sc="521,-3,108,-3,147,-5,224,11" /><INIT seed="3,0,0,2,1,44" ten="518,105,142,235" oya="3" hai0="84,2,19,46,45,79,70,111,39,15,54,12,86" hai1="22,97,123,87,74,60,6,30,122,53,132,110,66" hai2="47,90,115,41,61,106,69,29,65,56,18,78,21" hai3="42,108,52,134,10,135,120,77,91,129,81,89,80"/><W23/><G120/><T117/><D70/><U31/><E74/><V124/><F106/><W107/><G42/><T62/><D2/><U63/><E6/><V83/><F124/><W133/><G107/><T95/><D117/><U26/><E110/><V32/><F115/><W75/><G108/><T125/><D111/><U68/><E132/><V113/><F113/><W126/><G126/><T102/><D125/><U71/><E97/><V38/><F90/><W16/><G129/><T11/><D39/><U58/><E71/><V94/><F94/><W93/><G10/><T36/><D36/><U130/><E130/><V114/><F29/><W96/><G81/><T82/><D12/><U34/><E34/><V27/><F32/><W3/><G3/><T101/><D62/><U121/><E87/><V40/><F40/><W67/><G67/><T119/><D119/><U4/><E4/><V118/><F118/><W85/><G52/><T20/><D11/><U50/><REACH who="1" step="1"/><E31/><REACH who="1" ten="518,95,142,235" step="2"/><V8/><F114/><W48/><G75/><T51/><D45/><U43/><E43/><V64/><F69/><W98/><G98/><T131/><D131/><U127/><E127/><V33/><F33/><W17/><G96/><T9/><D9/><U25/><E25/><V49/><F27/><W1/><G133/><T24/><D24/><U128/><E128/><V13/><F8/><W112/><G135/><T59/><D46/><U116/><E116/><V105/><F105/><W100/><G134/><T35/><D35/><U14/><E14/><V104/><F104/><W99/><G99/><T73/><D84/><RYUUKYOKU ba="0,1" sc="518,15,95,15,142,-15,235,-15" hai0="15,19,20,51,54,59,73,79,82,86,95,101,102" hai1="22,26,30,50,53,58,60,63,66,68,121,122,123" owari="543,64.0,110,-39.0,127,-27.0,220,2.0" /></mjloggm>