<mjloggm ver="2.3"><GO type="97" lobby="0"/><UN n0="%E9%83%A1%E5%B1%B1%E7%83%88%E7%81%AB" n1="%E3%81%AF%E3%81%BE%E3%81%AA%E3%81%93%E3%81%A1%E3%82%83%E3%82%93" n2="%72%65%69%74%61%72%6F%75" n3="%E5%B0%B1%E6%B4%BB%E7%94%9F%40%E5%B7%9D%E6%9D%91%E8%BB%8D%E5%9B%A3" dan="15,14,13,15" rate="2003.68,1839.99,1831.88,2024.81" sx="M,M,F,M"/><TAIKYOKU oya="0"/><INIT seed="0,0,0,0,4,27" ten="250,250,250,250" oya="0" hai0="49,80,19,66,85,119,100,111,8,2,130,60,24" hai1="18,95,79,34,46,91,33,25,93,101,20,4,31" hai2="50,75,1,22,105,73,110,68,123,5,131,53,86" hai3="11,48,15,92,23,39,55,61,129,109,133,51,117"/><T135/><D119/><U62/><E79/><V102/><F123/><W96/><G39/><T38/><D38/><U32/><E46/><V77/><F110/><W71/><G117/><T6/><D111/><U37/><E37/><V69/><F131/><W36/><G36/><T128/><D135/><U125/><E125/><V3/><F102/><W30/><G109/><T58/><D100/><U116/><E116/><V47/><F105/><W44/><G129/><N who="0" m="49771" /><D49/><U64/><E4/><V28/><F86/><W54/><G133/><T17/><D24/><U99/><E62/><V63/><F69/><W70/><G30/><T57/><D58/><U112/><E64/><V74/><F77/><AGARI ba="0,0" hai="2,6,8,17,19,57,60,66,77,80,85" m="49771" machi="77" ten="30,1500,0" yaku="19,1" doraHai="27" who="0" fromWho="2" sc="250,15,250,0,250,-15,250,0" /><INIT seed="0,1,0,2,0,98" ten="265,250,235,250" oya="0" hai0="128,119,99,87,117,31,70,21,18,76,116,79,94" hai1="29,14,86,121,12,120,13,27,35,16,51,2,123" hai2="40,59,17,103,110,61,22,82,42,46,83,111,62" hai3="6,95,135,115,53,32,26,67,92,64,65,41,101"/><T54/><D70/><U100/><E100/><V9/><F9/><W15/><G115/><T38/><D38/><U96/><E86/><V91/><F42/><W19/><G135/><T30/><D54/><U58/><E96/><V63/><F59/><W66/><G41/><T134/><D134/><U36/><E36/><V23/><F23/><W125/><G125/><T50/><D50/><U48/><E58/><V84/><F83/><W80/><G6/><T126/><D126/><U78/><E78/><V57/><F57/><W85/><G101/><T88/><D128/><U60/><E60/><V113/><F103/><W5/><G5/><T102/><D76/><U4/><E51/><V105/><F105/><W104/><G104/><T24/><REACH who="0" step="1"/><D79/><REACH who="0" ten="255,250,235,250" step="2"/><U45/><E48/><V8/><F113/><W56/><G65/><T44/><D44/><U20/><E45/><V108/><F46/><W97/><G67/><T37/><D37/><U129/><E129/><V1/><F40/><W112/><G66/><T33/><D33/><U28/><E28/><V77/><F77/><N who="3" m="46223" /><G64/><T114/><D114/><U0/><E0/><V11/><F1/><W133/><G112/><T3/><D3/><U39/><E39/><V106/><F106/><AGARI ba="1,1" hai="18,21,24,30,31,87,88,94,99,102,106,116,117,119" machi="106" ten="40,7700,0" yaku="1,1,52,1,54,1,53,0" doraHai="98" doraHaiUra="7" who="0" fromWho="2" sc="255,90,250,0,235,-80,250,0" /><INIT seed="0,2,0,0,4,129" ten="345,250,155,250" oya="0" hai0="92,25,83,107,65,81,109,95,33,66,88,31,67" hai1="106,28,64,85,51,41,108,23,99,97,91,45,89" hai2="8,75,72,6,43,74,35,133,4,111,46,113,115" hai3="10,79,98,84,128,0,120,71,34,47,102,40,20"/><T125/><D125/><U78/><E108/><V68/><F111/><W52/><G34/><T77/><D109/><U26/><E106/><V90/><F90/><N who="1" m="34313" /><E64/><V131/><F6/><W57/><G71/><T114/><D114/><N who="2" m="43530" /><F131/><W12/><G128/><T112/><D112/><U16/><E28/><V116/><F35/><W5/><G120/><T50/><D107/><U22/><E22/><V11/><F68/><W122/><G122/><T119/><D119/><U117/><E117/><V14/><F11/><W132/><G132/><T105/><D105/><U70/><E70/><V55/><F55/><W3/><G84/><T30/><D50/><U123/><E123/><V94/><F94/><N who="0" m="35882" /><D33/><U96/><E96/><V32/><F32/><W29/><G79/><T53/><D53/><U17/><E17/><V24/><F24/><W48/><G98/><T18/><D77/><U42/><E42/><V39/><F116/><W76/><G76/><T130/><D130/><U62/><E62/><V93/><F93/><W135/><G102/><T126/><D126/><U2/><E2/><N who="2" m="23" /><F133/><W124/><G135/><T9/><D81/><AGARI ba="2,0" hai="16,23,26,41,45,51,78,81,85,97,99" m="34313" machi="81" ten="30,2000,0" yaku="8,1,54,1" doraHai="129" who="1" fromWho="0" sc="345,-26,250,26,155,0,250,0" /><INIT seed="1,0,0,3,2,80" ten="319,276,155,250" oya="1" hai0="112,23,93,127,8,12,48,126,103,1,32,56,7" hai1="91,105,132,125,31,60,81,100,109,43,26,51,130" hai2="70,54,46,114,34,104,29,87,19,53,67,135,37" hai3="16,129,61,68,110,20,14,88,73,30,55,78,39"/><U13/><E132/><V123/><F135/><W108/><G39/><T5/><D103/><U45/><E130/><V86/><F123/><W75/><G129/><T111/><D93/><U33/><E125/><N who="0" m="47625" /><D112/><U115/><E115/><V41/><F114/><W119/><G119/><T17/><D32/><U71/><E109/><N who="3" m="42090" /><G78/><T40/><D111/><U63/><E13/><V27/><F104/><W69/><G30/><T6/><D56/><U44/><E44/><AGARI ba="0,0" hai="1,5,6,7,8,12,17,23,40,44,48" m="47625" machi="44" ten="30,1000,0" yaku="18,1" doraHai="80" who="0" fromWho="1" sc="319,10,276,-10,155,0,250,0" /><INIT seed="2,0,0,3,3,24" ten="329,266,155,250" oya="2" hai0="20,28,127,30,85,120,62,8,61,38,34,74,15" hai1="47,135,98,21,80,67,10,106,113,92,11,107,55" hai2="134,22,19,89,102,4,79,43,50,125,131,41,128" hai3="5,33,0,31,121,35,93,78,64,68,3,132,12"/><V87/><F125/><W126/><G78/><T101/><D120/><U94/><E113/><V117/><F117/><W7/><G68/><T81/><D74/><U60/><E135/><V69/><F69/><W63/><G63/><N who="0" m="24075" /><D34/><N who="3" m="12809" /><G93/><T103/><D38/><U40/><E55/><V6/><F134/><W25/><G64/><T115/><D115/><U70/><E80/><V118/><F102/><N who="0" m="38922" /><D20/><U75/><E75/><V32/><F32/><N who="3" m="20591" /><G132/><T109/><D109/><U54/><E54/><V97/><F79/><W57/><G57/><T53/><D53/><U86/><E94/><V59/><F97/><W99/><G99/><T45/><D45/><U58/><E98/><V133/><F118/><W114/><G114/><T76/><D127/><U96/><E47/><N who="2" m="25967" /><F59/><W9/><G126/><T108/><D108/><U104/><E58/><V129/><F43/><W17/><G121/><T112/><D112/><U46/><E40/><V91/><F133/><W88/><G88/><N who="2" m="33865" /><F87/><W1/><AGARI ba="0,0" hai="0,1,3,5,7,9,12,17" m="20591,12809" machi="1" ten="40,12000,2" yaku="35,5,52,1" doraHai="24" who="3" fromWho="3" sc="329,-30,266,-30,155,-60,250,120" /><INIT seed="3,0,0,1,5,106" ten="299,236,95,370" oya="3" hai0="31,95,90,84,35,123,11,129,88,16,102,94,82" hai1="71,78,7,0,115,63,67,92,135,17,37,113,100" hai2="36,96,121,114,22,19,99,2,91,105,18,56,81" hai3="25,29,54,38,128,108,51,55,39,69,8,21,50"/><W47/><G69/><T80/><D35/><U44/><E135/><V61/><F121/><W97/><G128/><T1/><D1/><U103/><E17/><V66/><F114/><W109/><G97/><N who="0" m="59703" /><D31/><U58/><E100/><V119/><F36/><W89/><G89/><N who="0" m="53671" /><D129/><U79/><E79/><V15/><F119/><W28/><G8/><T72/><D72/><U122/><E122/><V48/><F2/><W32/><G32/><T127/><D127/><U73/><E58/><V118/><F118/><W104/><G104/><T120/><D120/><U111/><E92/><V65/><F105/><W85/><G85/><T12/><D123/><U26/><E103/><V83/><F66/><W9/><G9/><T132/><D132/><U126/><E26/><V87/><F83/><AGARI ba="0,0" hai="11,12,16,80,82,83,88,90" m="53671,59703" machi="83" ten="30,3900,0" yaku="8,1,54,2" doraHai="106" who="0" fromWho="2" sc="299,39,236,0,95,-39,370,0" owari="338,14.0,236,-16.0,56,-44.0,370,46.0" /></mjloggm>