<mjloggm ver="2.3"><GO type="97" lobby="0"/><UN n0="%E3%83%88%E3%83%88%E3%83%AA%E5%85%88%E7%94%9F%31%39%E6%AD%B3" n1="%53%72%61%6D" n2="%E3%81%AA%E3%81%BB%E3%81%A8" n3="%E6%9F%8F%E6%9C%A8%E3%82%A7%E3%82%A7" dan="14,14,15,15" rate="2016.71,1964.15,1997.74,1962.78" sx="F,M,M,M"/><TAIKYOKU oya="0"/><INIT seed="0,0,0,3,5,90" ten="250,250,250,250" oya="0" hai0="38,125,93,62,23,80,27,91,43,130,112,28,13" hai1="128,16,76,81,104,102,49,77,15,54,94,73,122" hai2="20,63,127,86,78,123,26,119,33,115,52,100,53" hai3="121,120,31,19,12,68,129,36,45,124,60,111,41"/><T61/><D112/><U69/><E69/><V89/><F123/><N who="3" m="47179" /><G111/><T44/><D130/><U116/><E122/><V37/><F127/><W7/><G124/><T110/><D125/><U14/><E14/><V18/><F37/><W134/><G31/><T3/><D3/><U56/><E116/><V72/><F119/><W64/><G7/><T131/><D131/><U84/><E77/><V0/><F0/><W42/><G129/><T35/><D80/><U95/><E128/><V82/><F33/><W92/><G92/><T55/><D110/><U22/><REACH who="1" step="1"/><E84/><REACH who="1" ten="250,240,250,250" step="2"/><N who="2" m="48215" /><F115/><W103/><G134/><T57/><D13/><U8/><E8/><V48/><F72/><W71/><G103/><T117/><D117/><U46/><E46/><V79/><F100/><W105/><G105/><T5/><D5/><U74/><E74/><V29/><F79/><W133/><G133/><T4/><D4/><U135/><E135/><V99/><F86/><W97/><G97/><AGARI ba="0,1" hai="15,16,22,49,54,56,73,76,81,94,95,97,102,104" machi="97" ten="40,8000,1" yaku="1,1,52,2,54,1,53,0" doraHai="90" doraHaiUra="6" who="1" fromWho="3" sc="250,0,240,90,250,0,250,-80" /><INIT seed="1,0,0,0,1,87" ten="250,330,250,170" oya="1" hai0="117,108,57,114,99,31,95,98,109,10,54,14,25" hai1="123,131,132,42,18,23,116,43,39,64,30,71,61" hai2="128,41,7,32,52,67,84,46,133,78,103,134,79" hai3="86,76,8,53,80,1,74,38,101,130,48,122,5"/><U92/><E30/><V12/><F32/><W120/><G130/><T93/><D114/><U127/><E116/><V118/><F118/><W2/><G2/><T70/><D117/><U115/><E115/><V28/><F28/><W96/><G38/><T72/><D72/><U68/><E123/><V66/><F103/><W0/><G0/><T112/><D70/><N who="1" m="42255" /><E92/><N who="0" m="35401" /><D112/><U62/><E23/><V56/><F128/><W124/><G124/><T82/><D82/><U21/><E21/><V81/><F79/><W126/><G126/><T13/><D13/><U119/><E119/><V24/><F24/><W100/><G74/><T50/><D25/><U58/><E18/><V16/><F46/><W129/><G129/><T40/><D31/><U60/><E127/><V97/><F41/><N who="1" m="15369" /><E131/><V110/><F97/><W111/><G101/><T6/><D40/><U90/><E90/><V34/><F7/><W69/><G69/><N who="1" m="26698" /><E39/><V107/><F34/><W19/><G19/><T4/><D4/><U121/><E121/><V33/><F33/><W104/><G122/><T63/><D98/><U26/><E26/><V102/><F107/><W9/><G9/><T49/><D99/><U77/><E77/><V45/><F102/><W113/><G113/><T125/><D125/><U135/><E62/><N who="2" m="36103" /><F12/><W22/><G22/><T20/><D20/><U105/><E105/><V47/><F16/><W51/><G120/><T85/><D85/><U88/><E88/><V29/><F29/><W27/><G27/><T11/><D11/><U65/><AGARI ba="0,0" hai="58,60,65,132,135" m="26698,15369,42255" machi="65" ten="30,3000,0" yaku="34,2" doraHai="87" who="1" fromWho="1" sc="250,-10,330,30,250,-10,170,-10" /><INIT seed="1,1,0,0,5,105" ten="240,360,240,160" oya="1" hai0="98,75,15,50,118,25,89,27,82,39,133,23,120" hai1="115,6,31,90,51,78,40,125,119,2,112,54,26" hai2="46,71,99,19,128,111,95,43,86,11,94,77,5" hai3="48,114,42,126,20,14,129,84,69,74,107,92,113"/><U72/><E119/><V134/><F71/><W64/><G107/><T109/><D118/><U29/><E40/><V67/><F67/><W63/><G126/><T62/><D39/><U121/><E121/><V8/><F128/><W91/><G129/><T7/><D109/><U44/><E90/><V127/><F111/><W96/><G96/><T10/><D133/><U104/><E104/><V85/><F134/><W76/><G42/><T36/><D36/><U116/><E116/><V13/><F127/><W87/><G87/><T130/><D130/><U16/><E125/><V52/><F43/><W30/><G48/><T12/><D120/><U1/><E31/><V122/><F94/><W70/><G70/><T59/><D50/><U47/><E47/><V102/><F122/><W18/><REACH who="3" step="1"/><G30/><REACH who="3" ten="240,360,240,150" step="2"/><T131/><D131/><U97/><E97/><V22/><F85/><W66/><G66/><T3/><D98/><U124/><E124/><V24/><F86/><W33/><G33/><T68/><D68/><U103/><E29/><V60/><F77/><W45/><G45/><T135/><D135/><U81/><E112/><V0/><F46/><W38/><G38/><T73/><D59/><U21/><E115/><V83/><F83/><AGARI ba="1,1" hai="14,18,20,63,64,69,74,76,83,84,91,92,113,114" machi="83" ten="40,2600,0" yaku="1,1,52,1,53,0" doraHai="105" doraHaiUra="123" who="3" fromWho="2" sc="240,0,360,0,240,-29,150,39" /><INIT seed="2,0,0,0,3,8" ten="240,360,211,189" oya="2" hai0="31,24,90,17,87,70,3,91,125,74,96,123,114" hai1="76,40,21,51,49,1,109,57,95,47,11,77,43" hai2="94,126,113,56,112,41,115,120,119,39,92,5,131" hai3="85,22,64,89,110,102,88,68,79,130,124,80,37"/><V117/><F5/><W0/><G37/><T58/><D70/><U133/><E109/><V6/><F6/><W32/><G32/><T14/><D123/><U30/><E95/><V116/><F120/><W127/><G110/><T71/><D71/><U9/><E9/><V12/><F41/><W60/><G0/><T63/><D74/><U35/><E35/><V132/><F39/><W50/><G130/><T83/><D3/><U107/><E107/><V19/><F56/><W52/><G102/><T66/><D114/><U59/><E133/><V61/><F61/><W38/><G38/><T111/><D111/><U121/><E121/><V28/><F28/><W44/><REACH who="3" step="1"/><G22/><REACH who="3" ten="240,360,211,179" step="2"/><N who="0" m="15767" /><D125/><AGARI ba="0,1" hai="44,50,52,60,64,68,79,80,85,88,89,124,125,127" machi="125" ten="40,8000,1" yaku="1,1,18,1,54,2,53,0" doraHai="8" doraHaiUra="53" who="3" fromWho="0" sc="240,-80,360,0,211,0,179,90" /><INIT seed="3,0,0,5,5,59" ten="160,360,211,269" oya="3" hai0="83,16,39,103,88,76,133,49,11,0,90,135,18" hai1="81,113,58,89,95,123,120,111,78,99,132,43,79" hai2="85,127,34,110,122,112,57,36,22,12,30,45,93" hai3="116,109,51,114,48,23,4,2,130,86,53,118,106"/><W129/><G106/><T40/><D103/><N who="1" m="60927" /><E43/><V13/><F112/><W8/><G114/><T1/><D49/><N who="3" m="19017" /><G53/><T42/><D11/><U50/><E113/><V80/><F110/><W100/><G109/><T46/><D76/><U62/><E111/><V84/><F127/><W6/><G100/><T35/><D35/><U21/><E50/><V65/><F34/><W63/><G63/><T74/><D83/><U94/><E21/><V119/><F119/><N who="3" m="45611" /><G23/><T5/><D5/><N who="3" m="2153" /><G86/><T117/><D117/><U37/><E123/><V14/><F122/><W134/><G134/><N who="0" m="51211" /><D74/><U98/><E120/><V82/><F85/><W33/><G33/><T91/><D42/><U26/><E37/><V125/><F36/><W52/><G52/><T10/><D10/><U29/><E29/><V24/><F45/><W101/><G101/><T126/><D126/><U72/><E72/><V20/><F20/><W15/><G15/><T105/><D105/><U61/><E58/><V60/><F125/><W56/><G56/><T32/><D32/><U108/><E108/><V92/><REACH who="2" step="1"/><F82/><REACH who="2" ten="160,360,201,269" step="2"/><W97/><G97/><T96/><D96/><U115/><E81/><V87/><F87/><W67/><G67/><T70/><D70/><U3/><E115/><V47/><F47/><W77/><G77/><AGARI ba="0,1" hai="12,13,14,22,24,30,57,60,65,77,80,84,92,93" machi="77" ten="40,12000,2" yaku="1,1,8,1,52,1,53,3" doraHai="59" doraHaiUra="9" who="2" fromWho="3" sc="160,0,360,0,201,130,269,-120" owari="160,-24.0,360,46.0,331,13.0,149,-35.0" /></mjloggm>