<mjloggm ver="2.3"><GO type="169" lobby="0"/><UN n0="%E3%82%82%E3%82%81%E3%82%93%E3%81%AA%E3%81%A1%E3%82%83%E3%81%84" n1="%E3%83%AA%E3%82%B9%E3%83%83%E3%83%81" n2="%E3%82%B7%E3%83%AB%E3%83%93%E3%82%A3" n3="%E3%82%A6%E3%83%AB%E3%83%88%E3%83%A9%E7%AB%8B%E7%9B%B4" dan="16,16,16,17" rate="2183.49,2044.65,2065.72,2136.29" sx="F,M,F,M"/><TAIKYOKU oya="0"/><INIT seed="0,0,0,2,0,62" ten="250,250,250,250" oya="0" hai0="60,78,3,71,31,75,13,103,23,32,14,1,30" hai1="0,98,91,16,125,120,111,115,74,26,7,124,51" hai2="2,135,43,100,130,64,57,20,22,12,49,70,50" hai3="48,15,82,59,105,87,107,4,37,88,132,69,6"/><T24/><D103/><U5/><E74/><V114/><F2/><W122/><G37/><T17/><D78/><U106/><E120/><V66/><F114/><W53/><G132/><T99/><D99/><U79/><E79/><V18/><F135/><W117/><G117/><T65/><D75/><U41/><E115/><V25/><F130/><W118/><G118/><T38/><D38/><U126/><E111/><V9/><F70/><W39/><G39/><T47/><D47/><N who="1" m="26095" /><E0/><V68/><F68/><W131/><G131/><T21/><D31/><U63/><E63/><V56/><F100/><W10/><G122/><T128/><D128/><U93/><E106/><V85/><F85/><W101/><G69/><T97/><D97/><U44/><E44/><N who="2" m="25759" /><F22/><AGARI ba="0,0" hai="5,7,16,22,26,91,93,98,124,125,126" m="26095" machi="22" ten="30,2000,0" yaku="18,1,54,1" doraHai="62" who="1" fromWho="2" sc="250,0,250,20,250,-20,250,0" /><INIT seed="1,0,0,0,2,50" ten="250,270,230,250" oya="1" hai0="58,66,113,82,77,56,133,52,27,42,79,3,36" hai1="92,57,47,72,71,18,80,60,107,68,126,24,19" hai2="23,26,61,5,15,129,9,134,130,34,95,108,70" hai3="124,39,83,35,121,120,123,54,117,7,16,101,119"/><U69/><E107/><V64/><F108/><W4/><G35/><T59/><D113/><U0/><E0/><V10/><F134/><W93/><G39/><T81/><D3/><U17/><E126/><V99/><F10/><W114/><G83/><N who="0" m="31755" /><D36/><U67/><E92/><V135/><F34/><W127/><G93/><T53/><D133/><U48/><E72/><V110/><F110/><W73/><G101/><T75/><D75/><U86/><E24/><V25/><F135/><W44/><G73/><T115/><D115/><U84/><REACH who="1" step="1"/><E80/><REACH who="1" ten="250,260,230,250" step="2"/><V131/><REACH who="2" step="1"/><F23/><REACH who="2" ten="250,260,220,250" step="2"/><W90/><G124/><T55/><D66/><U6/><E6/><V40/><F40/><AGARI ba="0,2" hai="17,18,19,40,47,48,57,60,67,68,69,71,84,86" machi="40" ten="50,2400,0" yaku="1,1,53,0" doraHai="50" doraHaiUra="21" who="1" fromWho="2" sc="250,0,260,44,220,-24,250,0" /><INIT seed="1,1,0,4,2,117" ten="250,304,196,250" oya="1" hai0="76,72,28,22,82,134,2,119,1,107,31,32,85" hai1="8,108,4,78,87,42,38,57,67,93,23,52,83" hai2="127,47,24,39,90,70,13,68,71,43,104,113,7" hai3="99,36,124,116,97,55,86,59,79,6,11,60,132"/><U115/><E115/><V84/><F127/><W58/><G36/><T56/><D119/><U51/><E23/><V34/><F113/><W103/><G124/><T88/><D107/><U46/><E108/><V18/><F104/><W10/><G132/><T112/><D112/><U105/><E105/><V0/><F0/><W74/><G74/><T20/><D134/><U12/><E93/><V92/><F7/><W35/><G35/><T69/><D69/><U14/><E67/><V133/><F133/><W54/><G116/><T5/><D32/><U26/><E26/><V98/><F34/><W29/><G29/><T30/><D56/><U128/><E128/><V118/><F118/><W77/><G86/><T94/><REACH who="0" step="1"/><D1/><AGARI ba="1,0" hai="1,4,8,12,14,38,42,46,51,52,57,78,83,87" machi="1" ten="30,2900,0" yaku="7,1,54,1" doraHai="117" who="1" fromWho="0" sc="250,-32,304,32,196,0,250,0" /><INIT seed="1,2,0,1,0,44" ten="218,336,196,250" oya="1" hai0="9,79,40,101,19,3,31,23,133,61,106,113,64" hai1="8,10,21,24,99,97,127,90,54,48,115,93,109" hai2="116,28,58,108,68,49,6,74,47,66,107,59,118" hai3="30,72,110,35,92,75,20,129,27,77,126,34,120"/><U96/><E115/><V83/><F107/><W42/><G72/><T13/><D113/><U132/><E132/><V114/><F114/><W121/><G75/><T71/><D133/><U122/><E122/><V111/><F28/><W102/><G77/><T94/><D106/><U65/><E127/><V80/><F6/><W38/><G102/><T131/><D131/><U98/><E65/><V46/><F74/><W95/><G42/><T18/><D79/><U14/><E109/><V11/><F66/><W1/><G38/><T135/><D135/><U15/><E15/><V123/><F11/><W36/><G36/><T57/><D40/><U89/><E14/><V60/><F60/><W32/><G95/><T50/><D3/><U85/><E90/><V45/><F45/><W124/><G92/><T117/><D117/><U84/><E84/><V55/><F55/><W52/><G1/><T69/><D50/><U17/><N who="1" m="24576" /><DORA hai="87" /><U0/><REACH who="1" step="1"/><E0/><REACH who="1" ten="218,326,196,250" step="2"/><V130/><F123/><W4/><G110/><T105/><D64/><U128/><E128/><V62/><F130/><W73/><G129/><T26/><D13/><U78/><E78/><V22/><F111/><W39/><G73/><T70/><D105/><U7/><E7/><V51/><F108/><W86/><G4/><T53/><D101/><U41/><E41/><V91/><F91/><W88/><G120/><T134/><D134/><U67/><E67/><V33/><F116/><W100/><G121/><T29/><D94/><U104/><E104/><V56/><F118/><W125/><G100/><T81/><D81/><U25/><E25/><RYUUKYOKU ba="2,1" sc="218,15,326,15,196,-15,250,-15" hai0="9,18,19,23,26,29,31,53,57,61,69,70,71" hai1="8,10,17,21,24,48,54,85,89,93" /><INIT seed="1,3,1,4,0,78" ten="233,341,181,235" oya="1" hai0="8,70,120,35,34,52,91,96,55,23,82,51,32" hai1="36,86,50,3,74,68,10,119,47,0,111,130,103" hai2="135,81,126,107,20,76,92,89,37,99,79,41,87" hai3="9,100,46,1,39,106,56,33,31,12,62,65,69"/><U2/><E119/><V57/><F135/><W75/><G75/><T18/><D120/><U88/><E74/><V94/><F126/><W38/><G56/><T5/><D70/><U134/><E134/><V53/><F107/><W101/><G101/><T66/><D66/><U123/><E123/><V105/><F105/><W112/><G12/><T43/><D43/><U98/><E68/><V132/><F132/><W115/><G46/><T129/><D129/><U45/><E130/><V7/><F7/><N who="3" m="1263" /><G112/><T116/><D116/><U118/><E118/><V97/><F37/><W27/><G115/><T44/><D55/><U93/><E111/><V67/><F41/><W26/><G26/><T102/><D5/><U77/><E77/><V131/><F131/><W104/><G104/><T121/><D121/><U48/><E10/><V42/><F42/><W71/><G71/><T15/><D23/><U90/><E36/><V127/><F67/><W85/><G85/><N who="0" m="50615" /><D34/><U128/><E128/><V25/><F127/><W28/><G28/><T54/><D54/><U49/><REACH who="1" step="1"/><E90/><REACH who="1" ten="233,331,181,235" step="2"/><V125/><F125/><W124/><G124/><T83/><D83/><AGARI ba="3,2" hai="0,2,3,45,47,48,49,50,83,86,88,93,98,103" machi="83" ten="50,12000,1" yaku="1,1,2,1,52,1,54,1,53,0" doraHai="78" doraHaiUra="117" who="1" fromWho="0" sc="233,-129,331,149,181,0,235,0" /><INIT seed="1,4,0,1,4,35" ten="104,480,181,235" oya="1" hai0="16,23,102,111,6,37,54,125,2,115,13,107,119" hai1="56,26,83,69,134,36,99,135,62,77,43,49,38" hai2="79,92,31,18,45,88,104,87,34,80,90,120,103" hai3="121,70,19,3,12,48,24,122,130,30,9,61,124"/><U74/><E99/><V85/><F120/><W128/><G48/><T42/><D119/><U47/><E26/><V97/><F18/><W132/><G61/><T75/><D115/><U21/><E21/><V67/><F67/><W78/><G70/><T84/><D75/><U126/><E126/><V73/><F45/><W59/><G59/><T64/><D125/><U17/><E17/><V44/><F44/><W98/><G98/><T114/><D114/><U52/><REACH who="1" step="1"/><E36/><REACH who="1" ten="104,470,181,235" step="2"/><V133/><F34/><W14/><G19/><T108/><D37/><U41/><E41/><V39/><F39/><W110/><G24/><T50/><D42/><U123/><E123/><V57/><F31/><W10/><G30/><T46/><D108/><U63/><E63/><V94/><F57/><W127/><G110/><T89/><D111/><U116/><E116/><V5/><F5/><W100/><G127/><T58/><D58/><U0/><E0/><V11/><F11/><W95/><G3/><T71/><D6/><U118/><E118/><V51/><F51/><W22/><G10/><T76/><D2/><U20/><E20/><V4/><F4/><W7/><G9/><T15/><D23/><U33/><E33/><V106/><F133/><W1/><G7/><T8/><D8/><U29/><E29/><V109/><F109/><W113/><G1/><T66/><D16/><U82/><E82/><AGARI ba="4,1" hai="73,79,80,82,85,87,88,90,92,94,97,103,104,106" machi="82" ten="30,16000,3" yaku="7,1,35,6,54,1" doraHai="35" who="2" fromWho="1" sc="104,0,470,-172,181,182,235,0" /><INIT seed="2,0,0,1,5,110" ten="104,298,363,235" oya="2" hai0="128,61,70,18,5,119,86,25,85,111,28,22,91" hai1="112,9,109,115,42,107,7,113,67,1,129,47,132" hai2="116,74,81,134,93,99,30,117,123,54,101,98,16" hai3="55,21,64,121,24,62,33,73,77,82,100,124,50"/><V92/><F123/><W13/><G33/><T83/><D111/><U89/><E89/><V69/><F69/><W6/><G124/><T43/><D119/><U87/><E87/><V4/><F134/><W106/><G100/><T29/><D128/><U103/><E109/><V94/><F30/><W65/><G106/><T96/><D43/><U15/><E15/><V26/><F4/><W105/><G105/><T71/><D5/><U135/><E67/><V8/><F54/><W23/><G62/><T72/><D72/><U108/><E108/><V57/><F57/><W122/><G64/><T75/><D75/><U11/><E11/><V126/><F126/><W95/><G65/><T38/><D38/><N who="1" m="21975" /><E129/><V14/><F26/><W66/><G66/><T78/><D96/><AGARI ba="0,0" hai="1,7,9,96,103,107,112,113,115,132,135" m="21975" machi="96" ten="40,8000,1" yaku="23,1,52,3" doraHai="110" who="1" fromWho="0" sc="104,-80,298,80,363,0,235,0" /><INIT seed="3,0,0,2,2,78" ten="24,378,363,235" oya="3" hai0="52,55,41,95,116,132,111,115,38,133,59,93,14" hai1="4,90,24,7,129,80,46,110,86,36,51,62,114" hai2="63,49,27,20,120,23,60,85,119,37,70,44,32" hai3="0,77,13,65,57,96,99,47,75,33,94,5,131"/><W104/><G33/><T88/><D116/><U71/><E114/><V17/><F119/><W87/><G0/><T101/><D115/><U91/><E110/><V106/><F120/><W105/><G47/><N who="0" m="23991" /><D111/><U26/><E36/><V34/><F37/><W48/><G48/><N who="0" m="31111" /><D101/><U134/><E71/><V3/><F3/><W25/><G57/><T113/><D113/><U12/><E62/><V40/><F106/><W127/><G65/><T2/><D2/><U130/><E134/><N who="0" m="51817" /><D14/><U72/><E72/><V107/><F107/><W18/><G13/><T6/><D6/><U122/><E122/><V81/><F70/><W61/><G5/><T121/><D121/><U128/><E7/><V84/><F84/><W50/><G87/><T21/><D21/><U43/><E91/><V73/><F73/><W124/><G75/><T1/><D1/><U30/><E30/><N who="2" m="17767" /><F34/><W29/><G29/><T108/><D108/><U35/><E35/><V8/><F32/><W125/><G125/><T112/><D112/><U22/><E22/><V118/><F118/><W82/><G127/><T42/><D42/><U15/><E15/><N who="2" m="7399" /><F23/><W56/><G124/><T92/><D55/><U97/><E97/><AGARI ba="0,0" hai="88,92,93,95,97" m="51817,31111,23991" machi="97" ten="30,3900,0" yaku="20,1,54,2" doraHai="78" who="0" fromWho="1" sc="24,39,378,-39,363,0,235,0" /><INIT seed="4,0,0,5,2,127" ten="63,339,363,235" oya="0" hai0="15,71,95,13,33,64,20,91,115,17,50,2,128" hai1="70,120,80,69,74,21,98,58,93,22,29,90,129" hai2="116,101,68,118,84,62,85,19,51,109,10,54,14" hai3="32,76,40,78,113,73,94,122,75,111,123,96,53"/><T7/><D33/><U104/><E120/><V126/><F126/><W89/><G40/><T59/><D115/><U37/><E37/><V83/><F109/><W47/><G32/><T55/><D128/><U87/><E58/><V35/><F35/><W11/><G11/><T107/><D107/><U48/><E48/><V46/><F101/><W25/><G25/><T110/><D110/><U66/><E66/><V57/><F68/><W28/><G28/><T30/><D30/><U114/><E114/><V112/><F112/><W121/><G111/><T38/><D38/><U34/><E34/><V1/><F1/><W9/><G9/><T24/><D2/><U133/><E133/><V124/><F124/><W117/><G113/><T79/><D79/><N who="3" m="30249" /><G117/><N who="2" m="45161" /><F83/><W82/><G82/><T18/><D7/><U130/><E74/><N who="3" m="28170" /><G47/><T100/><D100/><N who="1" m="62487" /><E80/><V12/><F12/><W26/><G26/><T31/><D71/><N who="1" m="27147" /><E29/><V4/><F4/><W45/><G45/><T42/><D64/><AGARI ba="0,0" hai="10,14,19,46,51,54,57,62,64,84,85" m="45161" machi="64" ten="30,1000,0" yaku="12,1" doraHai="127" who="2" fromWho="0" sc="63,-10,339,0,363,10,235,0" /><INIT seed="5,0,0,1,2,103" ten="53,339,373,235" oya="1" hai0="28,115,53,133,121,112,55,31,43,101,108,89,68" hai1="129,75,114,134,124,46,73,52,61,84,24,59,96" hai2="78,93,86,16,128,90,110,81,36,50,7,64,116" hai3="117,88,1,34,21,9,127,5,2,71,62,123,74"/><U42/><E114/><N who="0" m="43561" /><D108/><U126/><E134/><V18/><F36/><W99/><G74/><T20/><D133/><U69/><E84/><V85/><F110/><W44/><G1/><T105/><D68/><U122/><E122/><V57/><F116/><W51/><G34/><T135/><D135/><U94/><E129/><V6/><F128/><W11/><G71/><T66/><D66/><U76/><E69/><V82/><F93/><W132/><G2/><T118/><D118/><U33/><E76/><V3/><F3/><W14/><G5/><N who="2" m="1545" /><F50/><W107/><G51/><T106/><D121/><U54/><E54/><N who="0" m="20489" /><D101/><N who="1" m="60567" /><E33/><V39/><F39/><W41/><G132/><T19/><D89/><U49/><E24/><V35/><F35/><W47/><G88/><T95/><D95/><U104/><E104/><N who="0" m="40041" /><D43/><U56/><E75/><V130/><F130/><W109/><G41/><T8/><D8/><U60/><E73/><V27/><F64/><W87/><G109/><T83/><D83/><U25/><E25/><AGARI ba="0,0" hai="19,20,25,28,31" m="40041,20489,43561" machi="25" ten="30,7700,0" yaku="15,1,52,3" doraHai="103" who="0" fromWho="1" sc="53,77,339,-77,373,0,235,0" /><INIT seed="6,0,0,1,0,32" ten="130,262,373,235" oya="2" hai0="62,69,21,60,64,129,53,36,116,12,72,100,119" hai1="56,9,118,77,61,48,92,3,79,57,112,26,96" hai2="35,16,38,105,2,47,132,76,44,99,59,110,85" hai3="93,111,117,31,130,114,49,28,22,104,5,55,11"/><V87/><F35/><W131/><G104/><T43/><D72/><U109/><E109/><V24/><F2/><N who="3" m="439" /><G22/><T34/><D34/><U33/><E118/><N who="0" m="45097" /><D100/><U81/><E112/><V115/><F115/><W121/><G121/><T58/><D21/><U84/><E33/><V78/><F59/><W20/><G20/><T89/><D89/><U135/><E26/><V82/><F24/><W74/><G74/><T27/><D27/><U106/><E106/><V6/><F6/><W37/><G28/><T42/><D12/><U17/><E135/><V13/><F132/><W75/><G31/><T54/><D129/><U127/><E127/><V23/><F38/><W46/><G75/><T1/><D1/><U90/><E3/><V68/><F68/><W18/><G18/><T107/><D107/><U73/><E48/><V10/><F110/><W66/><G93/><T45/><D42/><U120/><E120/><V4/><F105/><W97/><G111/><T98/><D98/><U40/><E40/><V8/><F99/><W134/><G97/><T29/><D29/><U39/><E39/><V65/><F85/><W25/><G25/><T108/><D108/><U124/><E124/><V103/><F87/><W0/><G0/><T122/><D53/><U30/><E30/><V41/><F103/><W7/><G131/><T126/><D122/><U14/><E61/><V133/><F41/><W123/><G130/><T67/><D67/><U83/><AGARI ba="0,0" hai="9,14,17,56,57,73,77,79,81,83,84,90,92,96" machi="83" ten="30,1100,0" yaku="0,1" doraHai="32" who="1" fromWho="1" sc="130,-3,262,11,373,-5,235,-3" /><INIT seed="7,0,0,2,2,12" ten="127,273,368,232" oya="3" hai0="76,9,53,68,128,80,7,122,88,87,60,20,37" hai1="14,4,10,19,21,45,39,74,113,119,102,131,132" hai2="121,17,23,129,33,22,51,36,86,18,69,61,40" hai3="82,93,64,106,72,59,44,3,13,81,25,66,96"/><W35/><G106/><T84/><D122/><U111/><E74/><V78/><F33/><W104/><G104/><T11/><D37/><U67/><E111/><V54/><F121/><W117/><G3/><T120/><D120/><U26/><E113/><V73/><F73/><W0/><G0/><T114/><D114/><U43/><E119/><V125/><F36/><W56/><G25/><T5/><D128/><U1/><E131/><V105/><F105/><W6/><G35/><T2/><D68/><U70/><E132/><V133/><F133/><W50/><G72/><T30/><D60/><U71/><E67/><V55/><F129/><W112/><G112/><T107/><D107/><U34/><REACH who="1" step="1"/><E102/><REACH who="1" ten="127,263,368,232" step="2"/><V24/><F125/><W47/><G117/><T75/><D75/><U42/><E42/><V52/><F40/><N who="3" m="24839" /><G47/><T83/><D53/><U92/><E92/><V115/><F115/><W41/><G41/><T108/><D108/><U8/><E8/><V90/><F54/><W98/><G59/><T77/><D30/><AGARI ba="0,1" hai="1,4,10,14,19,21,26,30,34,39,43,45,70,71" machi="30" ten="40,8000,1" yaku="1,1,24,2,52,1,53,1" doraHai="12" doraHaiUra="16" who="1" fromWho="0" sc="127,-80,263,90,368,0,232,0" owari="47,-45.0,353,15.0,368,47.0,232,-17.0" /></mjloggm>