<mjloggm ver="2.3"><GO type="169" lobby="0"/><UN n0="%E3%81%A9%E3%81%84%EF%BC%8D%E3%82%93" n1="%E5%A4%A7%E5%A4%A7%E5%B2%A1%E5%B1%B1%EF%BC%A0%E6%A8%AA%E6%B5%9C" n2="%E5%B0%B1%E6%B4%BB%E7%94%9F%40%E5%B7%9D%E6%9D%91%E8%BB%8D%E5%9B%A3" n3="%E3%81%AE%E3%81%A9%E3%81%94%E3%81%97%E3%80%88%E7%94%9F%E3%80%89" dan="16,16,16,17" rate="2096.79,2105.92,2046.13,2056.77" sx="M,M,M,M"/><TAIKYOKU oya="0"/><INIT seed="0,0,0,3,4,85" ten="250,250,250,250" oya="0" hai0="94,86,119,120,112,128,51,104,89,7,27,88,102" hai1="117,115,54,31,53,135,132,69,41,75,100,79,44" hai2="72,2,74,58,25,80,114,83,101,76,16,1,131" hai3="95,124,29,10,11,22,13,40,59,32,108,129,70"/><T91/><D119/><U30/><E117/><V24/><F114/><W122/><G70/><T60/><D120/><U50/><E69/><V67/><F131/><W98/><G40/><T8/><D128/><U87/><E75/><V81/><F101/><W52/><G32/><T106/><D112/><U3/><E3/><V26/><F16/><W111/><G124/><T130/><D130/><U82/><E100/><V36/><F36/><W93/><G93/><T127/><D127/><U9/><E9/><V68/><F68/><W47/><G47/><T105/><D102/><U78/><E78/><V116/><F116/><W126/><G126/><T55/><D60/><U125/><E115/><V12/><F12/><W33/><G33/><T14/><REACH who="0" step="1"/><D27/><REACH who="0" ten="240,250,250,250" step="2"/><U0/><E125/><V97/><F26/><N who="3" m="16599" /><G122/><T65/><D65/><U109/><E0/><V15/><F25/><W118/><G118/><T107/><N who="0" m="26624" /><DORA hai="57" /><T66/><D66/><U99/><E132/><V20/><F2/><W18/><G129/><T92/><D92/><U61/><E135/><V38/><F1/><W133/><G133/><T23/><D23/><U35/><E35/><V19/><F24/><W84/><G11/><T48/><D48/><U49/><E50/><V123/><F38/><W56/><G10/><T62/><D62/><U90/><E61/><N who="2" m="38327" /><F123/><W4/><G13/><T121/><D121/><U17/><E30/><V45/><F20/><W63/><G63/><T46/><AGARI ba="0,1" hai="7,8,14,46,51,55,86,88,89,91,94" m="26624" machi="46" ten="60,18000,2" yaku="1,1,0,1,52,3,54,1,53,1" doraHai="85,57" doraHaiUra="42,64" who="0" fromWho="0" sc="240,190,250,-60,250,-60,250,-60" /><INIT seed="0,1,0,0,3,113" ten="430,190,190,190" oya="0" hai0="66,132,5,57,72,23,89,82,78,44,65,30,116" hai1="20,109,6,118,51,124,18,102,27,92,61,25,86" hai2="83,131,128,60,7,29,119,41,33,59,71,12,111" hai3="35,117,127,94,93,96,54,80,91,9,67,129,135"/><T95/><D132/><U81/><E109/><V38/><F71/><W15/><G35/><T64/><D5/><U110/><E110/><V16/><F111/><W104/><G104/><T48/><D116/><U1/><E124/><V42/><F7/><W43/><G127/><T40/><D30/><U26/><E118/><V121/><F121/><W4/><G135/><T34/><D23/><U74/><E61/><V105/><F38/><W112/><G112/><T53/><D34/><U98/><E74/><V75/><F105/><W10/><G129/><N who="2" m="49737" /><F119/><W21/><G21/><T19/><D19/><U69/><E69/><V13/><F13/><W31/><G31/><T49/><REACH who="0" step="1"/><D66/><REACH who="0" ten="420,190,190,190" step="2"/><U76/><E6/><V37/><F33/><W88/><G67/><T32/><D32/><U8/><E8/><V122/><F29/><W56/><G117/><T79/><D79/><U120/><E120/><V2/><F122/><W85/><G10/><T58/><D58/><U107/><E1/><V24/><F2/><W77/><G77/><T100/><D100/><U22/><E22/><V106/><F24/><W52/><G43/><T14/><D14/><N who="1" m="9303" /><E107/><V108/><F42/><W130/><G130/><T134/><D134/><U45/><E25/><V50/><F108/><W0/><G0/><T68/><D68/><U90/><E76/><N who="2" m="44447" /><F41/><AGARI ba="1,1" hai="26,27,41,45,51,81,86,90,92,98,102" m="9303" machi="41" ten="30,1000,0" yaku="8,1" doraHai="113" who="1" fromWho="2" sc="420,0,190,23,190,-13,190,0" /><INIT seed="1,0,0,0,4,0" ten="420,213,177,190" oya="1" hai0="91,76,70,130,8,131,75,10,108,60,54,132,115" hai1="87,56,114,95,80,119,9,85,22,79,19,23,73" hai2="32,66,104,16,120,112,46,14,90,102,43,109,44" hai3="65,45,126,48,11,38,72,20,13,7,58,74,12"/><U122/><E114/><V30/><F120/><W62/><G38/><T105/><D115/><U24/><E119/><V41/><F112/><W40/><G126/><T103/><D91/><U15/><E122/><V27/><F109/><W35/><G35/><T116/><D108/><U78/><E56/><V26/><F66/><W1/><REACH who="3" step="1"/><G20/><REACH who="3" ten="420,213,177,180" step="2"/><T124/><D124/><U77/><E23/><V100/><F104/><W125/><G125/><T83/><D105/><U39/><E39/><V111/><F111/><W55/><G55/><T50/><D54/><U97/><E73/><AGARI ba="0,1" hai="1,7,11,12,13,40,45,48,58,62,65,72,73,74" machi="73" ten="40,5200,0" yaku="1,1,52,1,53,1" doraHai="0" doraHaiUra="42" who="3" fromWho="1" sc="420,0,213,-52,177,0,180,62" /><INIT seed="2,0,0,2,1,34" ten="420,161,177,242" oya="2" hai0="43,62,73,104,79,33,122,23,134,128,114,133,99" hai1="112,130,48,42,84,76,78,97,30,69,51,92,10" hai2="0,60,116,90,89,80,87,106,58,18,67,27,100" hai3="117,50,44,9,72,16,132,85,110,49,86,13,109"/><V47/><F116/><W22/><G72/><T56/><D43/><U46/><E112/><V105/><F0/><W14/><G117/><T103/><D33/><U118/><E118/><V21/><F100/><W8/><G132/><T65/><D114/><U74/><E74/><V15/><F89/><W39/><G39/><T4/><D122/><U124/><E69/><V81/><F81/><W127/><G22/><T2/><D128/><U36/><E130/><V59/><F59/><W111/><G127/><T41/><D41/><U96/><E124/><V107/><REACH who="2" step="1"/><F27/><REACH who="2" ten="420,161,167,242" step="2"/><W12/><G14/><T35/><D133/><U52/><E78/><V28/><F28/><W26/><G26/><T68/><D134/><U101/><E30/><V40/><F40/><N who="3" m="24711" /><G50/><T24/><D24/><U32/><E32/><V123/><F123/><W95/><G95/><T75/><D104/><U7/><E36/><V135/><F135/><W31/><G31/><T61/><D2/><U70/><E70/><V19/><F19/><AGARI ba="0,1" hai="8,9,12,13,16,19,85,86,109,110,111" m="24711" machi="19" ten="30,2000,0" yaku="14,1,54,1" doraHai="34" who="3" fromWho="2" sc="420,0,161,0,167,-20,242,30" /><INIT seed="3,0,0,1,4,38" ten="420,161,147,272" oya="3" hai0="20,59,124,135,115,112,132,27,123,107,81,31,106" hai1="82,68,1,43,49,85,67,89,52,6,117,97,128" hai2="10,110,88,36,121,105,120,66,113,2,102,127,22" hai3="30,80,86,100,15,56,63,79,133,129,74,108,78"/><W73/><G15/><T77/><D123/><N who="2" m="47178" /><F36/><W84/><G30/><T92/><D92/><U60/><E128/><V76/><F22/><W13/><G129/><T103/><D59/><U47/><E117/><V50/><F66/><W98/><G13/><T109/><D109/><U21/><E21/><V93/><F10/><W18/><G18/><T42/><D42/><U118/><E118/><V23/><F2/><W8/><G8/><T114/><D124/><U3/><E6/><V64/><F23/><W99/><G108/><T28/><D28/><U34/><E34/><V9/><F64/><W0/><G0/><T70/><D70/><U19/><E19/><V83/><F50/><W57/><G80/><T116/><D116/><U126/><E126/><V55/><F55/><W40/><G100/><T41/><D41/><U91/><E97/><N who="2" m="61647" /><F9/><W12/><G12/><T48/><D48/><U104/><E104/><N who="0" m="39977" /><D103/><U131/><E131/><V58/><F58/><W24/><G40/><T29/><D29/><U5/><E5/><V71/><F71/><W7/><G7/><T14/><D14/><U65/><E65/><V61/><F61/><W51/><G51/><T11/><D11/><U37/><REACH who="1" step="1"/><E91/><REACH who="1" ten="420,151,147,272" step="2"/><V4/><F4/><W125/><G125/><T134/><D134/><U54/><E54/><V72/><F127/><W111/><G111/><T119/><D119/><U16/><E16/><V39/><F110/><W130/><G130/><T62/><D135/><U35/><E35/><V94/><F39/><W101/><G133/><T45/><D132/><U87/><E87/><N who="2" m="52383" /><F113/><W90/><G63/><RYUUKYOKU ba="0,1" sc="420,-15,151,15,147,15,272,-15" hai1="1,3,37,43,47,49,52,60,67,68,82,85,89" hai2="72,76,83,94" /><INIT seed="4,1,1,2,3,51" ten="405,166,162,257" oya="0" hai0="78,114,93,39,69,62,18,35,74,79,29,26,25" hai1="72,66,4,15,130,42,81,110,104,23,6,46,49" hai2="119,89,83,7,68,108,67,47,50,24,88,12,20" hai3="45,90,117,9,30,82,56,135,94,59,134,40,64"/><T13/><D39/><U58/><E110/><V8/><F108/><W102/><G117/><T101/><D114/><U100/><E130/><V129/><F129/><W77/><G30/><T60/><D74/><U22/><E104/><V32/><F119/><W126/><G102/><T122/><D26/><U5/><E100/><V38/><F38/><W103/><G103/><T80/><D122/><U33/><E33/><V54/><F32/><W43/><G126/><T85/><D78/><U36/><E72/><V53/><F68/><W55/><G9/><T107/><D69/><U118/><E118/><V75/><F67/><W28/><G64/><T1/><D1/><U106/><E106/><V115/><F115/><W3/><G28/><T71/><D71/><U131/><E81/><V97/><F97/><W124/><G124/><T127/><D127/><U99/><E99/><V52/><F75/><W121/><G3/><T98/><REACH who="0" step="1"/><D107/><REACH who="0" ten="395,166,162,257" step="2"/><U61/><E131/><V2/><F2/><W111/><G121/><T95/><D95/><U133/><E36/><V105/><F105/><W10/><G94/><T109/><D109/><U11/><E133/><V65/><F65/><W21/><G77/><T37/><D37/><U27/><REACH who="1" step="1"/><E23/><AGARI ba="1,2" hai="13,18,23,25,29,35,60,62,79,80,85,93,98,101" machi="23" ten="30,2900,0" yaku="1,1,7,1,53,0" doraHai="51" doraHaiUra="125" who="0" fromWho="1" sc="395,52,166,-32,162,0,257,0" /><INIT seed="4,2,0,4,5,74" ten="447,134,162,257" oya="0" hai0="117,45,86,85,121,69,10,118,55,9,8,96,95" hai1="126,106,60,70,38,80,51,62,37,40,5,44,49" hai2="13,22,107,14,11,84,53,7,87,100,1,57,64" hai3="0,112,103,119,42,36,132,105,66,94,97,39,129"/><T124/><D121/><U16/><E106/><V111/><F111/><W79/><G66/><T35/><D69/><U50/><E5/><V92/><F107/><W18/><G18/><T125/><D35/><U25/><E126/><N who="0" m="48745" /><D45/><U2/><E2/><V48/><F64/><W78/><G0/><T63/><D55/><U19/><E80/><V58/><F58/><W101/><G119/><N who="0" m="45579" /><D63/><N who="1" m="24107" /><E70/><V34/><F34/><W98/><G112/><T31/><D31/><U120/><E120/><V27/><F13/><W99/><G99/><T20/><D20/><U33/><E33/><V135/><F1/><W123/><G123/><T52/><D52/><N who="1" m="29735" /><E25/><V41/><F41/><W90/><G42/><T65/><D65/><U75/><E75/><V83/><F83/><W12/><G12/><T91/><AGARI ba="2,0" hai="8,9,10,85,86,91,95,96" m="45579,48745" machi="91" ten="40,2100,0" yaku="18,1" doraHai="74" who="0" fromWho="0" sc="447,27,134,-9,162,-9,257,-9" /><INIT seed="4,3,0,5,2,28" ten="474,125,153,248" oya="0" hai0="50,38,133,102,99,3,58,22,121,76,98,30,24" hai1="41,12,115,48,66,18,100,110,120,81,11,82,45" hai2="20,124,2,84,51,132,35,74,85,37,43,56,123" hai3="55,60,131,21,61,72,134,103,94,108,34,88,8"/><T47/><D121/><U44/><E110/><V95/><F74/><W69/><G72/><T117/><D117/><U63/><E120/><V97/><F2/><W114/><G108/><T79/><D133/><U106/><E115/><V96/><F123/><W23/><G114/><T36/><D3/><U119/><E119/><V129/><F37/><W4/><G134/><T118/><D118/><U10/><E100/><V31/><F129/><W5/><G103/><T26/><D38/><U128/><E106/><V6/><F6/><W92/><G55/><T93/><D36/><U65/><E128/><V0/><F0/><W125/><G8/><T87/><D99/><U17/><E45/><V25/><F132/><W90/><G131/><T19/><D58/><U111/><E111/><V32/><F97/><W46/><G46/><T29/><D19/><U83/><REACH who="1" step="1"/><E63/><REACH who="1" ten="474,115,153,248" step="2"/><V113/><F113/><W62/><G61/><T107/><D107/><U16/><E16/><V101/><F124/><W135/><G135/><T75/><D75/><U130/><E130/><V89/><F84/><W13/><G125/><T42/><REACH who="0" step="1"/><D87/><REACH who="0" ten="464,115,153,248" step="2"/><U109/><E109/><V112/><F112/><W9/><G69/><T122/><D122/><U104/><E104/><V33/><F56/><W52/><G5/><T70/><D70/><U68/><E68/><V54/><F51/><W116/><G116/><T1/><D1/><U86/><E86/><V14/><F85/><W15/><G4/><T59/><D59/><U7/><E7/><V67/><F96/><W49/><G49/><T27/><D27/><U64/><E64/><RYUUKYOKU ba="3,2" sc="464,15,115,15,153,-15,248,-15" hai0="22,24,26,29,30,42,47,50,76,79,93,98,102" hai1="10,11,12,17,18,41,44,48,65,66,81,82,83" /><INIT seed="4,4,2,3,1,18" ten="479,130,138,233" oya="0" hai0="40,96,14,128,113,95,56,106,77,36,13,5,99" hai1="37,84,12,43,0,71,70,134,39,59,121,2,82" hai2="90,88,97,54,131,66,55,80,111,102,132,42,98" hai3="110,74,81,133,119,22,78,83,52,104,63,108,135"/><T46/><D128/><U53/><E121/><V86/><F111/><W69/><G104/><T100/><D113/><U126/><E126/><V32/><F131/><W50/><G119/><T62/><D77/><U91/><E134/><V116/><F32/><W47/><G83/><T15/><D5/><U30/><E30/><V6/><F116/><W76/><G76/><T93/><REACH who="0" step="1"/><D99/><REACH who="0" ten="469,130,138,233" step="2"/><U28/><E12/><V33/><F6/><W89/><G78/><T67/><AGARI ba="4,3" hai="13,14,15,36,40,46,56,62,67,93,95,96,100,106" machi="67" ten="30,6000,0" yaku="1,1,2,1,0,1,53,0" doraHai="18" doraHaiUra="35" who="0" fromWho="0" sc="469,102,130,-24,138,-24,233,-24" /><INIT seed="4,5,0,2,2,100" ten="571,106,114,209" oya="0" hai0="61,45,86,26,63,73,95,96,101,126,105,41,97" hai1="112,29,72,132,54,135,28,116,118,71,111,12,75" hai2="77,87,14,0,125,2,9,121,18,50,92,133,27" hai3="7,114,113,103,131,81,129,15,94,32,19,46,68"/><T56/><D73/><N who="1" m="28235" /><E54/><V115/><F121/><W98/><G68/><T62/><D126/><U66/><E12/><V51/><F133/><N who="1" m="51273" /><E111/><V120/><F115/><W60/><G81/><T37/><D86/><U90/><E90/><V8/><F120/><W124/><G124/><T107/><D26/><U104/><E66/><V3/><F125/><W16/><G7/><T64/><REACH who="0" step="1"/><D107/><REACH who="0" ten="561,106,114,209" step="2"/><U78/><E104/><V30/><F87/><W53/><G113/><T36/><D36/><U128/><E112/><V58/><F27/><W106/><G114/><T65/><D65/><U49/><E128/><V119/><F119/><W110/><G129/><T4/><D4/><U79/><E71/><V10/><F0/><W89/><G106/><T70/><D70/><U123/><E123/><V93/><F3/><W122/><G122/><T84/><D84/><U6/><E6/><V13/><F2/><W47/><G131/><T31/><D31/><N who="1" m="11851" /><E49/><V69/><F30/><W42/><G110/><T40/><D40/><U25/><E25/><V20/><F69/><W99/><G42/><T59/><D59/><U35/><E35/><V109/><F109/><W5/><G5/><T43/><D43/><U108/><E108/><V130/><F130/><W91/><G32/><T85/><D85/><U22/><E22/><V76/><F14/><W1/><G15/><T23/><D23/><U44/><E44/><V11/><N who="2" m="2048" /><DORA hai="117" /><V134/><F134/><W17/><G1/><T38/><D38/><U80/><E80/><V24/><F24/><W39/><G39/><T127/><D127/><U102/><E102/><AGARI ba="5,1" hai="37,41,45,56,61,62,63,64,95,96,97,101,102,105" machi="102" ten="30,11600,0" yaku="1,1,6,1,7,1,52,1,53,0" doraHai="100,117" doraHaiUra="67,74" who="0" fromWho="1" sc="561,141,106,-131,114,0,209,0" owari="702,81.0,-25,-53.0,114,-29.0,209,1.0" /></mjloggm>