<mjloggm ver="2.3"><GO type="41" lobby="0"/><UN n0="%E5%B0%B1%E6%B4%BB%E7%94%9F%40%E5%B7%9D%E6%9D%91%E8%BB%8D%E5%9B%A3" n1="%E5%9C%B0%E7%8D%84%E8%A6%87%E7%8E%8B%E4%BA%AC%E5%A4%AA%E9%83%8E" n2="%E3%82%88%E3%82%8F%E3%81%8A" n3="%69%6E%63%78" dan="15,14,14,14" rate="1999.63,1956.42,1927.00,1903.68" sx="M,M,M,M"/><TAIKYOKU oya="0"/><INIT seed="0,0,0,4,3,39" ten="250,250,250,250" oya="0" hai0="79,78,73,60,68,59,123,102,64,117,66,100,91" hai1="126,48,88,114,52,69,90,132,42,83,51,15,76" hai2="134,118,27,23,93,25,94,33,21,30,104,121,58" hai3="110,81,8,34,67,14,119,103,1,17,6,120,77"/><T101/><D117/><U45/><E69/><V43/><F118/><W62/><G119/><T95/><D123/><U65/><E126/><V46/><F134/><W84/><G120/><T12/><D73/><U86/><E132/><V0/><F0/><W31/><G110/><T61/><REACH who="0" step="1"/><D12/><REACH who="0" ten="240,250,250,250" step="2"/><U124/><E114/><V47/><F121/><W71/><G103/><T116/><D116/><U57/><E124/><V56/><F104/><W130/><G130/><T131/><D131/><U54/><E15/><V108/><F108/><W113/><G113/><T7/><D7/><U4/><E4/><V80/><F27/><W13/><REACH who="3" step="1"/><G17/><REACH who="3" ten="240,250,250,240" step="2"/><T11/><D11/><U29/><E29/><V115/><F115/><W40/><G40/><T16/><D16/><U38/><E65/><V44/><F43/><W2/><G2/><T37/><D37/><U98/><E98/><AGARI ba="0,2" hai="59,60,61,64,66,68,78,79,91,95,98,100,101,102" machi="98" ten="40,3900,0" yaku="1,1,53,1" doraHai="39" doraHaiUra="89" who="0" fromWho="1" sc="240,59,250,-39,250,0,240,0" /><INIT seed="0,1,0,5,5,35" ten="299,211,250,240" oya="0" hai0="86,135,76,120,9,24,51,81,14,58,134,11,13" hai1="63,18,34,99,106,93,62,131,117,1,5,33,71" hai2="59,104,70,29,133,7,125,57,105,4,98,100,80" hai3="64,126,37,115,72,25,90,36,28,32,45,68,78"/><T110/><D120/><U79/><E131/><V16/><F70/><W47/><G115/><T119/><D119/><U74/><E117/><V92/><F105/><W124/><G90/><T83/><D24/><U40/><E106/><V22/><F29/><W67/><G68/><T118/><D118/><U129/><E129/><V91/><F80/><W10/><G10/><T127/><D127/><N who="3" m="48681" /><G78/><T87/><D110/><U89/><E40/><V42/><F42/><W107/><G72/><T121/><D121/><U69/><E79/><V61/><F57/><W2/><G107/><T55/><D11/><U41/><E74/><V27/><F133/><W46/><G2/><T130/><D130/><U132/><E41/><V23/><F23/><W6/><G6/><T39/><D39/><AGARI ba="1,0" hai="25,28,32,36,37,39,45,46,47,64,67" m="48681" machi="39" ten="40,1300,0" yaku="18,1" doraHai="35" who="3" fromWho="0" sc="299,-16,211,0,250,0,240,16" /><INIT seed="1,0,0,0,5,35" ten="283,211,250,256" oya="1" hai0="71,75,16,86,128,15,107,54,126,121,111,20,98" hai1="50,68,89,5,0,12,26,4,11,108,67,38,87" hai2="58,74,6,33,18,55,24,42,3,1,112,99,69" hai3="124,22,27,63,40,123,30,118,10,46,96,73,129"/><U65/><E38/><V70/><F74/><W76/><G123/><T32/><D75/><U36/><E68/><V93/><F42/><W79/><G118/><T120/><D32/><U110/><E36/><V51/><F6/><W44/><G129/><T133/><D71/><U113/><E26/><V84/><F84/><W29/><G124/><T14/><D126/><U7/><E113/><V82/><F70/><W23/><G96/><T91/><D128/><U100/><E100/><V19/><F82/><W135/><G135/><T114/><D133/><U72/><E72/><V125/><F69/><W8/><G73/><T134/><D134/><U119/><E119/><V97/><F125/><W56/><G40/><T131/><D131/><U47/><E5/><V61/><F99/><W13/><G10/><T116/><D116/><U66/><E7/><V109/><F109/><N who="1" m="42089" /><E89/><V104/><F19/><W88/><G88/><T102/><D111/><U41/><E87/><V53/><F104/><W81/><G79/><T17/><D114/><U25/><E25/><V78/><F78/><W37/><G37/><T59/><D17/><U64/><N who="1" m="16384" /><DORA hai="28" /><U105/><E105/><V62/><F112/><W9/><G9/><T117/><D117/><U95/><E95/><V60/><F18/><N who="3" m="8487" /><G29/><T132/><D132/><U49/><E49/><V106/><F106/><W34/><G34/><T77/><D77/><U80/><E80/><V39/><F33/><W57/><G23/><T94/><REACH who="0" step="1"/><D15/><AGARI ba="0,0" hai="0,4,11,12,15,41,47,50" m="16384,42089" machi="15" ten="50,9600,0" yaku="14,1,10,1,52,1" doraHai="35,28" who="1" fromWho="0" sc="283,-96,211,96,250,0,256,0" /><INIT seed="1,1,0,3,2,74" ten="187,307,250,256" oya="1" hai0="51,109,73,71,93,2,57,49,7,64,53,65,69" hai1="18,66,22,3,108,124,8,129,50,39,134,0,72" hai2="27,116,125,123,132,101,91,6,24,90,127,56,87" hai3="58,78,41,70,23,100,47,5,113,63,95,122,80"/><U131/><E72/><V45/><F123/><W1/><G70/><N who="0" m="26635" /><D2/><U16/><E108/><V112/><F116/><W21/><G122/><T106/><D73/><U26/><E39/><V13/><F132/><W75/><G113/><T79/><D106/><U119/><E134/><V102/><F112/><W34/><G100/><T133/><D7/><U33/><E66/><N who="0" m="25705" /><D93/><U103/><E50/><N who="0" m="18953" /><D79/><U54/><E103/><V121/><F102/><W11/><G34/><T82/><D82/><U94/><E119/><V9/><F121/><W30/><G30/><T55/><D133/><U130/><E94/><V29/><F101/><W31/><G95/><T99/><D99/><U114/><E33/><V43/><F27/><W86/><G86/><T67/><D109/><U37/><E114/><V52/><F90/><W104/><G31/><T14/><D14/><U128/><E0/><V96/><F96/><W81/><G104/><T89/><D89/><U120/><E3/><V98/><F98/><W118/><G81/><T42/><D42/><U111/><E111/><V115/><F115/><W61/><G118/><T85/><D85/><U10/><E120/><V117/><F87/><W68/><G68/><T77/><D77/><U38/><E128/><V40/><F91/><W84/><G84/><T12/><D12/><U48/><E18/><V4/><F117/><W59/><G23/><T97/><D97/><U36/><E8/><V88/><F4/><W44/><G21/><T107/><D107/><U17/><E10/><V32/><F6/><W126/><G41/><T15/><D15/><U60/><E26/><RYUUKYOKU ba="1,0" sc="187,30,307,-10,250,-10,256,-10" hai0="53,55,57,67" /><INIT seed="2,2,0,1,0,107" ten="217,297,240,246" oya="2" hai0="117,91,31,131,13,38,23,35,80,124,76,97,50" hai1="87,40,84,47,73,99,17,46,32,102,12,26,130" hai2="105,5,86,106,41,134,42,109,110,135,58,59,81" hai3="7,88,79,126,75,71,28,83,74,2,45,4,39"/><V24/><F5/><W85/><G126/><T54/><D38/><U96/><E73/><V129/><F24/><W67/><G28/><T104/><D117/><U128/><E32/><V112/><F112/><W90/><G71/><T68/><D68/><U25/><E46/><V43/><F129/><N who="1" m="49769" /><E87/><V100/><F100/><W122/><G122/><T111/><D131/><U95/><E84/><V133/><F86/><W66/><G39/><T49/><D124/><U93/><E93/><V82/><F59/><W125/><G125/><T63/><D35/><U33/><E99/><V69/><F58/><W6/><G2/><T101/><D111/><N who="2" m="42506" /><F69/><W48/><G67/><T14/><D63/><U20/><E33/><V94/><F94/><W18/><G18/><T11/><D91/><U3/><E3/><V77/><F77/><W132/><G132/><T21/><D31/><U44/><E47/><V37/><F37/><AGARI ba="2,0" hai="12,17,20,25,26,37,40,44,95,96,102" m="49769" machi="37" ten="30,1000,0" yaku="19,1" doraHai="107" who="1" fromWho="2" sc="217,0,297,16,240,-16,246,0" /><INIT seed="3,0,0,0,4,48" ten="217,313,224,246" oya="3" hai0="64,97,42,101,110,104,103,20,131,32,115,113,15" hai1="109,37,122,81,99,11,67,35,86,134,1,83,127" hai2="106,70,21,61,76,79,29,87,0,116,24,130,38" hai3="19,52,88,47,93,4,39,66,23,80,96,132,49"/><W92/><G132/><T126/><D32/><U51/><E37/><V62/><F38/><W44/><G4/><T33/><D33/><U114/><E122/><V55/><F106/><W105/><G39/><T112/><D110/><U89/><E127/><V129/><F0/><W72/><G66/><T8/><D126/><U111/><E134/><V45/><F116/><W121/><G121/><T91/><D131/><N who="2" m="50186" /><F87/><N who="3" m="50279" /><G72/><T135/><D135/><U71/><E35/><V25/><F25/><N who="3" m="14591" /><G105/><T26/><D42/><U13/><E1/><V54/><F70/><W5/><G5/><T133/><D64/><U17/><E67/><V90/><F90/><N who="3" m="55319" /><G93/><N who="0" m="56511" /><D104/><U68/><E51/><V102/><F102/><W18/><G18/><N who="0" m="8551" /><D133/><U46/><E114/><V117/><F117/><W43/><G44/><T75/><D75/><U119/><E46/><V120/><F45/><W2/><G2/><T10/><D10/><U82/><E119/><V14/><F120/><W123/><G123/><T9/><D9/><U22/><E11/><V58/><F14/><W40/><AGARI ba="0,0" hai="40,43,47,49,52" m="55319,14591,50279" machi="40" ten="30,11700,0" yaku="8,1,52,1,54,2" doraHai="48" who="3" fromWho="3" sc="217,-39,313,-39,224,-39,246,117" /><INIT seed="3,1,0,3,4,101" ten="178,274,185,363" oya="3" hai0="31,99,113,7,96,53,3,41,34,51,112,123,85" hai1="73,92,114,50,81,52,107,44,104,48,18,10,56" hai2="47,117,119,0,8,83,54,30,49,69,33,15,134" hai3="5,72,121,35,128,68,129,76,16,65,126,109,9"/><W118/><G35/><T40/><D123/><U39/><E39/><V46/><F69/><W66/><G121/><T25/><D7/><U12/><E114/><N who="0" m="44137" /><D3/><U98/><E81/><V42/><F0/><W14/><G118/><T67/><D67/><N who="3" m="25609" /><G68/><T23/><D85/><U91/><E73/><V97/><F134/><W102/><G102/><T106/><D34/><U84/><E98/><N who="0" m="37417" /><D106/><U79/><E79/><V132/><F97/><W89/><G126/><T105/><D105/><U108/><E108/><V36/><F132/><W1/><G109/><T78/><D78/><U21/><E10/><V58/><F30/><W63/><G63/><T90/><D90/><U120/><E120/><V116/><F33/><W45/><G89/><T61/><D61/><U13/><E13/><V95/><F83/><N who="3" m="45447" /><G45/><AGARI ba="1,0" hai="23,25,31,40,41,45,51,53" m="37417,44137" machi="45" ten="30,1000,0" yaku="11,1" doraHai="101" who="0" fromWho="3" sc="178,13,274,0,185,0,363,-13" /><INIT seed="4,0,0,2,0,35" ten="191,274,185,350" oya="0" hai0="131,83,18,10,54,130,60,118,44,93,67,74,21" hai1="46,2,32,39,69,105,119,53,62,63,41,89,61" hai2="104,3,113,90,87,109,108,121,86,38,42,13,4" hai3="51,22,98,76,27,34,49,85,11,37,100,68,81"/><T75/><D118/><U106/><E119/><V129/><F104/><W45/><G68/><T117/><D117/><U127/><E32/><V7/><F121/><W101/><G34/><T48/><D93/><U94/><E127/><V88/><F113/><W79/><G11/><T58/><D10/><U99/><E69/><V9/><F42/><W24/><G37/><T64/><D64/><U29/><E29/><V132/><F38/><W80/><G27/><T57/><D57/><U56/><REACH who="1" step="1"/><E2/><REACH who="1" ten="191,264,185,350" step="2"/><V52/><F3/><W36/><G36/><T116/><D116/><U20/><E20/><V25/><F109/><W40/><G51/><AGARI ba="0,1" hai="39,41,46,51,53,56,61,62,63,89,94,99,105,106" machi="51" ten="40,1300,0" yaku="1,1,53,0" doraHai="35" doraHaiUra="33" who="1" fromWho="3" sc="191,0,264,23,185,0,350,-13" /><INIT seed="5,0,0,3,5,101" ten="191,287,185,337" oya="1" hai0="35,75,14,92,111,39,7,103,97,17,37,51,5" hai1="116,73,11,94,91,77,50,102,133,66,59,67,30" hai2="56,90,132,55,8,120,34,71,100,44,128,89,52" hai3="21,126,23,31,134,106,125,3,13,78,95,123,0"/><U40/><E133/><V79/><F34/><W57/><G123/><T58/><D75/><U18/><E116/><V82/><F71/><W20/><G134/><T68/><D68/><U112/><E112/><V69/><F69/><W46/><G78/><T129/><D35/><U60/><E102/><V98/><F120/><W19/><G95/><T131/><D111/><U33/><E33/><V63/><F128/><N who="0" m="49226" /><D51/><U43/><E30/><V110/><F110/><W47/><G106/><T122/><D58/><U76/><E73/><V87/><F8/><N who="3" m="6567" /><G31/><T48/><D48/><U119/><E67/><V81/><F81/><W54/><G54/><T64/><D64/><U26/><E50/><N who="2" m="28743" /><F132/><W127/><G57/><T22/><D122/><U84/><E119/><V113/><F113/><W72/><G72/><T74/><D74/><U83/><E83/><V62/><F62/><W115/><G115/><T65/><D65/><U42/><E11/><V93/><AGARI ba="0,0" hai="55,56,63,79,82,87,89,90,93,98,100" m="28743" machi="93" ten="30,2000,0" yaku="8,1,54,1" doraHai="101" who="2" fromWho="2" sc="191,-5,287,-10,185,20,337,-5" /><INIT seed="6,0,0,0,2,54" ten="186,277,205,332" oya="2" hai0="94,87,122,92,10,84,123,13,17,127,134,49,80" hai1="70,97,103,101,115,57,66,68,72,76,77,135,56" hai2="31,133,58,104,63,6,4,114,83,111,3,79,67" hai3="90,73,126,9,53,61,16,106,71,0,108,129,102"/><V1/><F104/><W26/><G108/><T93/><D127/><U33/><E135/><V75/><F31/><W41/><G126/><T131/><D134/><U91/><E115/><V81/><F133/><W45/><G73/><T55/><D131/><U120/><E66/><V74/><F114/><W96/><G129/><T100/><D100/><N who="1" m="38475" /><E33/><V48/><F111/><W50/><G90/><T37/><D37/><U107/><E107/><V44/><F3/><W35/><G0/><T27/><D27/><U39/><E39/><V85/><F1/><W59/><G9/><T60/><D60/><U69/><E72/><V29/><F29/><W22/><G71/><T125/><D125/><U2/><E2/><V113/><F113/><W124/><G124/><T7/><D7/><U99/><E91/><V78/><F85/><W128/><G128/><T12/><D12/><U30/><E30/><V23/><F23/><W89/><G89/><T64/><D64/><U51/><E51/><V95/><BYE who="1" /><REACH who="2" step="1"/><F95/><REACH who="2" ten="186,277,195,332" step="2"/><UN n1="%E5%9C%B0%E7%8D%84%E8%A6%87%E7%8E%8B%E4%BA%AC%E5%A4%AA%E9%83%8E" /><W65/><REACH who="3" step="1"/><G35/><REACH who="3" ten="186,277,195,322" step="2"/><T15/><D123/><U132/><E70/><V32/><F32/><W36/><G36/><T82/><D122/><U52/><E69/><V105/><F105/><W28/><G28/><T119/><D119/><U116/><E68/><V11/><F11/><W46/><G46/><N who="0" m="28087" /><D87/><U40/><E116/><V21/><F21/><W5/><G5/><N who="0" m="3279" /><D84/><U24/><E120/><V25/><F25/><W98/><G98/><T42/><D42/><AGARI ba="0,2" hai="4,6,42,44,48,58,63,67,74,75,78,79,81,83" machi="42" ten="30,12000,1" yaku="1,1,7,1,9,1,52,1,53,1" doraHai="54" doraHaiUra="38" who="2" fromWho="0" sc="186,-120,277,0,195,140,322,0" /><AGARI ba="0,0" hai="16,22,26,41,42,45,50,53,59,61,65,96,102,106" machi="42" ten="40,8000,1" yaku="1,1,52,1,54,1,53,2" doraHai="54" doraHaiUra="38" who="3" fromWho="0" sc="66,-80,277,0,335,0,322,80" owari="-14,-51.0,277,-12.0,335,14.0,402,49.0" /></mjloggm>