<mjloggm ver="2.3"><GO type="97" lobby="0"/><UN n0="%39%73%6F%47%61%6D%65" n1="%54%4F%4B%59%4F%4B%49%44" n2="%E5%B0%B1%E6%B4%BB%E7%94%9F%40%E5%B7%9D%E6%9D%91%E8%BB%8D%E5%9B%A3" n3="%67%61%72%75%63%69%61" dan="13,17,14,13" rate="1975.03,2161.18,1985.63,1900.50" sx="M,M,M,M"/><TAIKYOKU oya="0"/><INIT seed="0,0,0,0,5,38" ten="250,250,250,250" oya="0" hai0="119,10,114,15,56,126,81,45,5,36,107,135,118" hai1="122,13,96,60,86,72,25,102,92,97,105,110,49" hai2="58,103,80,17,47,100,41,27,11,1,6,95,120" hai3="44,87,54,71,24,4,69,26,9,129,82,53,3"/><T94/><D107/><U70/><E122/><V108/><F120/><W121/><G121/><T61/><D114/><U39/><E110/><V12/><F108/><W89/><G129/><T0/><D135/><U104/><E39/><V51/><F27/><W116/><G116/><T65/><D126/><U124/><E124/><V66/><F95/><W33/><G26/><T22/><D94/><U98/><E13/><V16/><F80/><W2/><G2/><T21/><D21/><U40/><E25/><V132/><F132/><W64/><G64/><T59/><D59/><U91/><E72/><V31/><F31/><W115/><G115/><T63/><D63/><U77/><E77/><V93/><F93/><W52/><REACH who="3" step="1"/><G44/><REACH who="3" ten="250,250,250,240" step="2"/><T35/><D119/><U133/><E133/><V67/><F67/><W19/><G19/><N who="2" m="7241" /><F1/><W43/><G43/><T42/><D118/><U30/><E105/><V83/><F66/><W18/><G18/><T111/><D111/><U85/><E30/><AGARI ba="0,1" hai="3,4,9,24,30,33,52,53,54,69,71,82,87,89" machi="30" ten="40,2600,0" yaku="1,1,54,1,53,0" doraHai="38" doraHaiUra="88" who="3" fromWho="1" sc="250,0,250,-26,250,0,240,36" /><INIT seed="1,0,0,1,5,75" ten="250,224,250,276" oya="1" hai0="91,110,69,96,80,70,99,89,64,34,52,23,129" hai1="132,1,42,104,120,14,109,87,41,6,59,43,98" hai2="7,11,27,93,123,53,29,88,57,66,62,25,19" hai3="0,117,56,125,12,112,133,33,84,83,118,37,40"/><U68/><E120/><V101/><F101/><W31/><G0/><T9/><D34/><U28/><E68/><V39/><F123/><W106/><G106/><T90/><D80/><U94/><E132/><V54/><F39/><W47/><G112/><T32/><D32/><U67/><E1/><V76/><F76/><W5/><G125/><T63/><D129/><U44/><E28/><V105/><F105/><W30/><G133/><T8/><D110/><U127/><E104/><V13/><F7/><W107/><G107/><T128/><D128/><U60/><E87/><V46/><F46/><W48/><G33/><T20/><D64/><U24/><E24/><N who="2" m="9291" /><F29/><W36/><G36/><T85/><D85/><AGARI ba="0,0" hai="11,13,19,53,54,57,62,66,85,88,93" m="9291" machi="85" ten="30,2000,0" yaku="8,1,54,1" doraHai="75" who="2" fromWho="0" sc="250,-20,224,0,250,20,276,0" /><INIT seed="2,0,0,2,2,17" ten="230,224,270,276" oya="2" hai0="7,57,28,69,72,82,110,23,73,101,81,59,37" hai1="93,122,88,50,135,11,53,3,26,131,36,84,70" hai2="52,19,49,127,76,4,115,63,55,43,31,62,126" hai3="102,46,21,58,118,111,128,56,38,103,86,22,74"/><V5/><F115/><W125/><G74/><T94/><D69/><U35/><E70/><V10/><F31/><W109/><G118/><T68/><D68/><U129/><E36/><V96/><F76/><W75/><G75/><T133/><D37/><U112/><E112/><V2/><F4/><W61/><G125/><N who="2" m="47625" /><F19/><W98/><G86/><T123/><D7/><N who="1" m="1535" /><E26/><V24/><F24/><W132/><G132/><T67/><D133/><U100/><E35/><V9/><F9/><W64/><G58/><T13/><D123/><U51/><E135/><V117/><F117/><W77/><G77/><T34/><D34/><U40/><E40/><V83/><F83/><W18/><G18/><T116/><D116/><U1/><E1/><V44/><F96/><W65/><G65/><T97/><D72/><U39/><E39/><V20/><F20/><N who="3" m="7787" /><G128/><N who="1" m="49226" /><E122/><V120/><F120/><W66/><G66/><T47/><D73/><U79/><E79/><V124/><N who="2" m="47633" /><V80/><DORA hai="41" /><F80/><W105/><G98/><T89/><D81/><U25/><E100/><V114/><F114/><W29/><G29/><T130/><D130/><U0/><E0/><V104/><F104/><W60/><G105/><T99/><D82/><U92/><E25/><V48/><F43/><N who="3" m="22903" /><G61/><N who="0" m="38319" /><D59/><AGARI ba="0,0" hai="2,5,10,44,48,49,52,55,59,62,63" m="47633" machi="59" ten="40,7700,0" yaku="18,1,52,1,54,1" doraHai="17,41" who="2" fromWho="0" sc="230,-77,224,0,270,77,276,0" /><INIT seed="2,1,0,5,2,21" ten="153,224,347,276" oya="2" hai0="126,50,121,22,30,34,59,106,77,48,64,28,55" hai1="8,123,96,117,85,102,75,31,4,17,36,63,122" hai2="14,92,108,0,16,94,27,54,49,41,100,95,131" hai3="32,83,114,45,11,82,25,93,42,109,113,135,125"/><V73/><F0/><W66/><G109/><T51/><D106/><U133/><E36/><V127/><F73/><W101/><G125/><T107/><D107/><U69/><E117/><V67/><F127/><W19/><G66/><T103/><D103/><U58/><E75/><V80/><F108/><W70/><G70/><T62/><D121/><N who="1" m="46091" /><E17/><V5/><F131/><W90/><G101/><T71/><D126/><U89/><E31/><V26/><F5/><W97/><G135/><T35/><D77/><U119/><E69/><V132/><F67/><W86/><G11/><T65/><D22/><U24/><E24/><N who="2" m="9259" /><F100/><W76/><G83/><T115/><D115/><U112/><E133/><V118/><F41/><W43/><G19/><T130/><D130/><U10/><E4/><V6/><F6/><W38/><REACH who="3" step="1"/><G43/><REACH who="3" ten="153,224,347,266" step="2"/><T20/><D35/><U81/><E119/><V15/><F132/><W110/><G110/><T88/><D34/><U23/><E112/><V98/><F118/><W37/><G37/><T46/><D20/><U44/><E23/><N who="2" m="11671" /><F80/><W128/><G128/><T47/><D30/><AGARI ba="1,1" hai="25,30,32,38,42,45,76,82,86,90,93,97,113,114" machi="30" ten="40,2600,0" yaku="1,1,52,1,53,0" doraHai="21" doraHaiUra="52" who="3" fromWho="0" sc="153,-29,224,0,347,0,266,39" /><INIT seed="3,0,0,0,4,119" ten="124,224,347,305" oya="3" hai0="25,106,43,87,95,130,41,84,80,55,114,123,113" hai1="6,18,20,124,53,62,101,37,50,68,134,99,102" hai2="58,97,31,44,105,19,1,81,107,133,129,127,59" hai3="71,94,17,57,110,115,42,56,16,91,85,88,108"/><W100/><G71/><T10/><D106/><U48/><E134/><V39/><F1/><W33/><G115/><T2/><D2/><U78/><E124/><V121/><F121/><W125/><G125/><T112/><D25/><U98/><E37/><V103/><F127/><W4/><G33/><T76/><D10/><U70/><E78/><V36/><F107/><W22/><G100/><T5/><D5/><U63/><E6/><V72/><F31/><W131/><G131/><T52/><D95/><U9/><E9/><V8/><F133/><W109/><G42/><N who="0" m="15883" /><D80/><U126/><E126/><V28/><F28/><W92/><G4/><T122/><D76/><U79/><E79/><V46/><F129/><W64/><G64/><T47/><D130/><U11/><E11/><V12/><F39/><W13/><G17/><T135/><D135/><U74/><E18/><V21/><F36/><W75/><G75/><T89/><D89/><U7/><E7/><V73/><F73/><W132/><G132/><T82/><D82/><U51/><E20/><V15/><F81/><W120/><G120/><N who="0" m="46123" /><D47/><U0/><E74/><V93/><F72/><W61/><G61/><N who="1" m="23050" /><E0/><V35/><F35/><W60/><G60/><T90/><D90/><U83/><E102/><V23/><F105/><W29/><G29/><T30/><D30/><U3/><E101/><V26/><F21/><W45/><G45/><N who="2" m="17513" /><F26/><W34/><G34/><T40/><N who="0" m="15891" /><T14/><DORA hai="65" /><D14/><U32/><E32/><V86/><F86/><AGARI ba="0,0" hai="13,16,22,56,57,85,86,88,91,92,94,108,109,110" machi="86" ten="40,12000,1" yaku="9,1,14,1,10,1,54,2" doraHai="119,65" who="3" fromWho="2" sc="124,0,224,0,347,-120,305,120" /><AGARI ba="0,0" hai="52,55,84,86,87,112,113,114" m="46123,15891" machi="86" ten="50,12000,2" yaku="28,2,11,1,52,3,54,1" doraHai="119,65" who="0" fromWho="2" sc="124,120,224,0,227,-120,425,0" owari="244,4.0,224,-18.0,107,-39.0,425,53.0" /></mjloggm>