<mjloggm ver="2.3"><GO type="169" lobby="0"/><UN n0="%4A%57%35%35" n1="%E3%81%8D%E3%81%BF%E3%81%9F%E3%81%BE%E3%81%94" n2="%E3%82%A6%E3%83%AB%E3%83%88%E3%83%A9%E7%AB%8B%E7%9B%B4" n3="%62%75%74%69%74%61%6D%61" dan="16,16,18,17" rate="2075.38,2160.22,2204.73,2147.21" sx="M,M,M,M"/><TAIKYOKU oya="0"/><INIT seed="0,0,0,4,2,34" ten="250,250,250,250" oya="0" hai0="91,55,124,87,26,6,28,40,93,3,9,106,36" hai1="14,25,45,2,75,133,23,78,65,53,12,113,74" hai2="10,116,48,70,7,58,69,20,5,102,54,98,129" hai3="117,107,123,88,134,11,8,73,115,122,79,27,4"/><T101/><D124/><U16/><E65/><V31/><F116/><W38/><G117/><T105/><D101/><U37/><E133/><V35/><F35/><W127/><G107/><T99/><D99/><U33/><E113/><V19/><F129/><W46/><G115/><T39/><D55/><U51/><E37/><V109/><F31/><W77/><G134/><T13/><D39/><U84/><E2/><V119/><F109/><W66/><G66/><T89/><D89/><U60/><E60/><V63/><F119/><W85/><G27/><T111/><D111/><U56/><E45/><V32/><F32/><W50/><G11/><T67/><D67/><U125/><E125/><V80/><F80/><N who="3" m="45167" /><G77/><T52/><D52/><U44/><E44/><V100/><F7/><W128/><G50/><T132/><D132/><U71/><E71/><V94/><F102/><W62/><G62/><T15/><D105/><U92/><E78/><V24/><REACH who="2" step="1"/><F63/><REACH who="2" ten="250,250,240,250" step="2"/><W104/><G128/><T22/><D28/><U81/><E33/><V72/><F72/><W90/><G127/><T42/><D6/><U112/><E75/><V49/><F49/><W59/><G38/><T29/><D36/><U18/><E74/><V68/><F68/><W0/><G4/><T64/><D29/><U114/><E81/><V95/><F95/><W118/><G104/><T17/><D106/><U61/><E112/><V57/><F57/><W47/><G59/><T135/><D135/><U121/><E114/><V83/><F83/><W96/><G118/><T110/><D110/><U43/><E61/><V86/><F86/><RYUUKYOKU ba="0,1" sc="250,-10,250,-10,240,30,250,-10" hai2="5,10,19,20,24,48,54,58,69,70,94,98,100" /><INIT seed="1,1,1,5,1,104" ten="240,240,270,240" oya="1" hai0="88,86,112,24,114,57,34,53,5,46,52,73,118" hai1="101,15,90,76,74,134,40,116,82,126,132,7,12" hai2="124,23,78,121,17,117,56,42,36,45,131,6,119" hai3="41,70,89,129,83,49,96,77,103,69,105,85,39"/><U68/><E116/><V27/><F121/><W130/><G39/><T102/><D118/><U30/><E68/><V123/><F123/><W1/><G1/><T128/><D102/><U55/><E30/><V25/><F124/><W13/><G13/><T44/><D5/><U21/><E126/><V51/><F131/><N who="3" m="50187" /><G41/><T110/><D128/><U66/><E66/><V106/><F106/><W10/><G10/><T75/><D110/><U100/><E40/><V122/><F122/><W19/><G19/><T58/><D24/><U94/><E7/><V26/><F6/><W92/><G49/><T87/><D34/><U3/><E3/><V8/><F8/><W47/><G47/><T99/><D99/><AGARI ba="1,1" hai="69,70,77,83,85,89,92,96,99,103,105" m="50187" machi="99" ten="30,1000,0" yaku="19,1" doraHai="104" who="3" fromWho="0" sc="240,-13,240,0,270,0,240,23" /><INIT seed="2,0,0,5,3,52" ten="227,240,270,263" oya="2" hai0="33,18,133,87,78,118,124,11,88,127,50,98,106" hai1="93,30,71,39,83,80,67,129,104,91,57,36,77" hai2="46,75,55,9,117,105,62,107,119,47,112,89,100" hai3="73,123,66,8,76,109,70,103,134,82,64,74,16"/><V72/><F112/><W21/><G123/><T114/><D114/><U132/><E104/><V94/><F100/><W97/><G109/><T26/><D133/><U51/><E129/><V3/><F107/><W14/><G134/><T27/><D118/><U111/><E111/><V92/><F105/><W110/><G110/><T0/><D78/><U41/><E80/><V34/><F34/><W120/><G73/><T125/><D50/><U49/><E30/><V108/><F108/><W130/><G130/><T23/><D33/><U35/><E35/><V29/><F29/><W102/><G120/><T121/><D121/><U81/><E71/><V63/><F9/><W126/><G126/><T28/><D28/><U79/><E81/><V116/><F3/><W113/><G113/><T53/><D53/><U95/><E95/><N who="2" m="36395" /><F55/><W25/><G97/><T101/><D11/><U115/><E83/><V135/><F89/><W40/><G40/><T56/><D0/><U69/><E115/><V37/><F37/><W7/><REACH who="3" step="1"/><G70/><REACH who="3" ten="227,240,270,253" step="2"/><T13/><D125/><U12/><E69/><V48/><F135/><W22/><G22/><T15/><D127/><U68/><E68/><V59/><F75/><W86/><G86/><T5/><D124/><U24/><E41/><V54/><F72/><W84/><G84/><T38/><D87/><U58/><E132/><V32/><F119/><W128/><G128/><T10/><D98/><U60/><E79/><V31/><F117/><W99/><G99/><T85/><D85/><U6/><E77/><V2/><F116/><W1/><G1/><T96/><D96/><RYUUKYOKU ba="0,1" sc="227,-10,240,-10,270,-10,253,30" hai3="7,8,14,16,21,25,64,66,74,76,82,102,103" /><INIT seed="3,1,1,5,4,131" ten="217,230,260,283" oya="3" hai0="68,46,58,118,83,38,47,91,102,108,40,23,6" hai1="25,70,74,133,73,94,5,132,7,110,18,15,126" hai2="63,29,42,22,103,86,31,51,11,33,45,77,129" hai3="21,120,69,4,10,55,97,84,98,59,3,99,60"/><W27/><G120/><T53/><D118/><U44/><E70/><V35/><F129/><W80/><G69/><T32/><D32/><U135/><E110/><V72/><F72/><N who="1" m="27753" /><E126/><V19/><F35/><W96/><G96/><T50/><D108/><U112/><E112/><V14/><F33/><W88/><REACH who="3" step="1"/><G99/><REACH who="3" ten="217,230,260,273" step="2"/><T64/><D68/><U85/><E44/><V100/><F103/><W24/><G24/><T75/><D102/><U67/><E25/><V128/><F100/><W124/><G124/><T76/><D47/><U116/><E116/><V71/><F128/><W52/><G52/><T12/><D53/><U109/><E67/><V57/><F71/><W101/><G101/><T115/><D64/><U26/><E26/><V79/><F45/><W93/><G93/><T17/><D58/><U16/><E109/><V123/><F123/><W43/><G43/><T36/><D115/><U65/><E65/><V66/><F42/><W92/><G92/><T82/><D40/><U13/><E94/><V89/><F66/><W78/><G78/><T95/><D46/><U2/><E85/><V30/><F79/><W104/><G104/><T28/><D95/><U41/><E41/><V0/><F77/><W90/><G90/><T117/><D91/><U107/><E107/><V62/><F86/><W56/><G56/><T122/><D122/><U127/><E127/><V111/><F89/><W125/><G125/><T54/><D117/><U48/><E133/><V113/><F111/><W1/><G1/><T121/><D121/><U9/><E2/><V87/><F0/><W119/><G119/><RYUUKYOKU ba="1,2" sc="217,-10,230,-10,260,-10,273,30" hai3="3,4,10,21,27,55,59,60,80,84,88,97,98" /><INIT seed="3,2,2,2,0,4" ten="207,220,250,303" oya="3" hai0="73,22,102,76,124,68,63,1,35,83,14,131,50" hai1="133,20,104,7,107,58,125,93,61,103,24,31,12" hai2="66,30,117,100,86,116,134,9,128,25,108,55,119" hai3="72,38,129,5,114,113,10,39,135,27,0,126,106"/><W65/><G129/><T127/><D1/><U33/><E133/><V43/><F128/><W60/><G135/><T47/><D131/><U130/><E125/><N who="0" m="48201" /><D35/><U110/><E110/><V99/><F134/><W59/><G126/><T17/><D102/><U46/><E46/><V123/><F108/><W88/><G106/><T2/><D2/><U84/><E130/><V121/><F66/><W13/><G72/><T45/><D50/><U105/><E33/><V6/><F55/><W8/><G27/><T82/><D82/><U81/><E93/><V112/><F86/><W70/><G70/><T62/><D62/><U74/><E103/><V64/><F64/><AGARI ba="2,2" hai="14,17,22,45,47,63,64,68,73,76,83" m="48201" machi="64" ten="30,1000,0" yaku="18,1" doraHai="4" who="0" fromWho="2" sc="207,36,220,0,250,-16,303,0" /><INIT seed="4,0,0,3,4,52" ten="243,220,234,303" oya="0" hai0="108,120,93,83,133,135,37,91,18,55,15,65,0" hai1="97,71,96,82,130,14,124,30,107,77,132,66,104" hai2="128,109,16,10,46,36,48,89,3,40,17,90,19" hai3="70,53,123,112,21,69,78,26,118,39,28,81,74"/><T113/><D120/><U68/><E14/><V44/><F109/><W126/><G118/><T51/><D37/><U105/><E30/><V115/><F115/><W121/><G112/><T106/><D106/><U72/><E66/><V29/><F128/><W56/><G39/><T95/><D0/><U59/><E130/><V86/><F29/><W5/><G5/><T94/><D113/><U79/><E132/><N who="0" m="50761" /><D65/><U22/><E124/><V116/><F116/><W41/><G41/><T31/><D31/><U47/><E47/><V102/><F102/><W57/><G126/><T2/><D2/><U38/><E38/><V11/><F3/><W34/><G34/><T101/><D101/><U92/><E22/><V6/><F6/><W125/><G125/><T114/><D114/><U13/><E13/><V35/><F35/><W43/><G43/><T100/><D100/><U110/><E110/><V7/><F7/><W23/><G23/><N who="0" m="11743" /><D108/><U64/><E79/><V8/><REACH who="2" step="1"/><F86/><REACH who="2" ten="243,220,224,303" step="2"/><W117/><G117/><T103/><D103/><U134/><E134/><V25/><F25/><W75/><G121/><T63/><D83/><U60/><REACH who="1" step="1"/><E92/><REACH who="1" ten="243,210,224,303" step="2"/><V84/><F84/><W62/><G123/><T1/><D1/><U80/><E80/><V127/><F127/><W76/><G75/><T27/><D27/><U20/><E20/><V88/><F88/><W24/><G24/><T67/><D91/><U54/><E54/><AGARI ba="0,2" hai="8,10,11,16,17,19,36,40,44,46,48,54,89,90" machi="54" ten="40,5200,0" yaku="1,1,54,1,53,1" doraHai="52" doraHaiUra="45" who="2" fromWho="1" sc="243,0,210,-52,224,72,303,0" /><INIT seed="5,0,0,4,2,98" ten="243,158,296,303" oya="1" hai0="30,16,109,36,5,3,33,43,25,65,42,44,64" hai1="1,92,20,60,125,118,71,131,29,90,83,120,39" hai2="96,41,61,110,124,9,70,121,50,93,56,46,13" hai3="53,49,115,79,22,133,15,23,34,80,54,132,35"/><U24/><E39/><V101/><F121/><W134/><G115/><T32/><D109/><U127/><E1/><V108/><F70/><W85/><G54/><T7/><D33/><N who="3" m="12297" /><G15/><T119/><D119/><U72/><E118/><V19/><REACH who="2" step="1"/><F124/><REACH who="2" ten="243,158,286,303" step="2"/><N who="1" m="47689" /><E120/><V48/><F48/><W112/><G112/><T59/><D36/><U95/><E131/><V103/><F103/><W45/><AGARI ba="0,1" hai="22,23,45,49,53,79,80,85,132,133,134" m="12297" machi="45" ten="40,1500,0" yaku="20,1" doraHai="98" who="3" fromWho="3" sc="243,-4,158,-7,286,-4,303,25" /><INIT seed="6,0,0,3,4,84" ten="239,151,282,328" oya="2" hai0="26,89,101,127,93,80,91,111,19,72,10,87,75" hai1="71,112,53,135,16,109,125,69,133,110,95,39,48" hai2="46,122,67,92,11,132,50,79,114,63,82,22,81" hai3="131,42,116,104,96,27,108,103,99,52,55,78,1"/><V76/><F122/><W9/><G108/><N who="1" m="41578" /><E39/><V38/><F38/><W44/><G131/><T36/><D111/><U34/><E34/><V13/><F22/><W83/><G116/><T25/><D36/><U51/><E95/><V107/><F107/><W117/><G117/><T56/><D127/><U130/><E16/><V58/><F132/><N who="1" m="50761" /><E112/><V60/><F60/><W59/><G27/><T15/><D101/><U8/><E8/><V29/><F29/><W97/><G9/><T12/><D75/><U118/><E118/><V0/><F0/><W14/><G14/><T21/><D72/><U28/><E28/><V119/><F119/><W106/><G1/><T3/><D3/><U124/><E130/><V37/><F37/><W68/><G106/><T105/><D105/><U61/><E61/><V7/><F114/><W88/><G103/><T40/><D15/><U23/><E23/><V74/><F92/><W98/><G104/><T30/><D26/><U70/><E53/><N who="2" m="29911" /><F74/><W115/><G115/><T113/><D113/><U31/><E31/><V120/><F120/><W128/><G128/><T17/><D30/><U86/><E86/><V100/><F100/><W54/><G98/><N who="0" m="57647" /><D25/><U66/><E66/><V5/><F5/><W41/><G97/><T65/><D21/><U43/><E43/><V32/><F32/><W129/><G42/><T62/><D40/><U45/><E45/><V90/><F81/><W102/><G83/><T126/><D126/><AGARI ba="0,0" hai="48,51,69,70,71,124,125,126" m="50761,41578" machi="126" ten="40,12000,2" yaku="28,2,18,1,20,1,34,2" doraHai="84" who="1" fromWho="0" sc="239,-120,151,120,282,0,328,0" /><INIT seed="7,0,0,5,5,42" ten="119,271,282,328" oya="3" hai0="32,81,87,20,124,103,132,47,0,29,133,128,134" hai1="96,7,71,18,113,127,19,94,27,117,39,73,2" hai2="83,104,85,14,66,51,1,135,105,11,13,90,21" hai3="49,53,89,95,88,74,52,63,3,108,130,41,56"/><W119/><G119/><T25/><D103/><U70/><E73/><V55/><F1/><W111/><G74/><T38/><D38/><U86/><E39/><V4/><F135/><W60/><G3/><T23/><D87/><U34/><E113/><V35/><F35/><W129/><G41/><T77/><D77/><U54/><E70/><V123/><F123/><W46/><G63/><T48/><D81/><U69/><E69/><V100/><F100/><W45/><G45/><T112/><D112/><U116/><E71/><V36/><F36/><W120/><G120/><T75/><D75/><U58/><E86/><V10/><F21/><W126/><G126/><T9/><D124/><U57/><E127/><V31/><F31/><W125/><G125/><T8/><D128/><N who="3" m="49257" /><G89/><T65/><D65/><U106/><E106/><V110/><F110/><W109/><G109/><T28/><D0/><U97/><E2/><V37/><F37/><W67/><G67/><T24/><REACH who="0" step="1"/><D32/><REACH who="0" ten="109,271,282,328" step="2"/><U62/><E34/><V50/><F66/><W118/><G118/><T76/><D76/><U121/><E116/><V91/><F91/><W98/><AGARI ba="0,1" hai="46,49,52,53,56,60,88,95,98,108,111" m="49257" machi="98" ten="30,11700,0" yaku="19,1,52,1,54,2" doraHai="42" who="3" fromWho="3" sc="109,-39,271,-39,282,-39,328,127" owari="70,-43.0,232,-17.0,243,4.0,455,56.0" /></mjloggm>