<mjloggm ver="2.3"><GO type="169" lobby="0"/><UN n0="%E3%82%A6%E3%83%AB%E3%83%88%E3%83%A9%E7%AB%8B%E7%9B%B4" n1="%E6%9D%BE%E5%B1%8B%E3%81%8A%E3%81%98%E3%81%95%E3%82%93" n2="%73%69%62%69%79%61" n3="%E7%8E%84%E7%B1%B3" dan="17,17,16,16" rate="2134.69,2154.35,2092.30,2120.64" sx="M,M,M,M"/><TAIKYOKU oya="0"/><INIT seed="0,0,0,3,1,61" ten="250,250,250,250" oya="0" hai0="122,73,108,134,116,86,79,30,27,111,126,53,100" hai1="38,125,10,2,16,31,22,105,131,17,120,9,57" hai2="72,96,70,127,47,97,88,40,124,13,33,37,3" hai3="66,119,54,117,84,28,18,26,8,110,82,101,63"/><T43/><D122/><U36/><E105/><V52/><F3/><W4/><G18/><T93/><D116/><U68/><E68/><V123/><F33/><W41/><G41/><T118/><D118/><U128/><E57/><V107/><F72/><W76/><G54/><T42/><D73/><U115/><E36/><V75/><F123/><W21/><G101/><T106/><D106/><U90/><E90/><V29/><F75/><W80/><G80/><N who="0" m="47391" /><D53/><U69/><E69/><V56/><F70/><W35/><G35/><T99/><D126/><U14/><E38/><V46/><F107/><W109/><G110/><N who="0" m="42027" /><D134/><U71/><E71/><V60/><F46/><W77/><G77/><T65/><D65/><U25/><E120/><V39/><F127/><W130/><G109/><T1/><D1/><U132/><E125/><V5/><F124/><W112/><G112/><T91/><D91/><U94/><E132/><V95/><F88/><W58/><REACH who="3" step="1"/><G130/><REACH who="3" ten="250,250,250,240" step="2"/><N who="1" m="49706" /><E115/><V50/><F52/><W74/><G74/><T20/><AGARI ba="0,1" hai="20,27,30,42,43,93,99,100" m="42027,47391" machi="20" ten="30,3000,0" yaku="14,1,10,1" doraHai="61" who="0" fromWho="0" sc="250,40,250,-10,250,-10,240,-10" /><INIT seed="0,1,0,4,3,39" ten="290,240,240,230" oya="0" hai0="45,12,59,122,135,84,74,82,108,6,89,49,18" hai1="126,17,81,22,65,42,31,80,125,85,78,5,107" hai2="28,8,26,62,47,38,56,23,91,36,113,133,55" hai3="123,14,109,54,20,131,98,73,9,99,110,19,90"/><T100/><D122/><U32/><E107/><V77/><F113/><W121/><G73/><T13/><D135/><U114/><E5/><V75/><F133/><W67/><G67/><T58/><D74/><U83/><E65/><V128/><F128/><W63/><G131/><T21/><D108/><N who="3" m="41577" /><G9/><N who="0" m="4151" /><D100/><U34/><E114/><V101/><F101/><W116/><G116/><T132/><D132/><U15/><E42/><AGARI ba="1,0" hai="13,18,21,42,45,49,58,59,82,84,89" m="4151" machi="42" ten="30,2900,0" yaku="8,1,52,1" doraHai="39" who="0" fromWho="1" sc="290,32,240,-32,240,0,230,0" /><INIT seed="0,2,0,0,3,26" ten="322,208,240,230" oya="0" hai0="82,7,45,110,106,34,107,70,29,66,5,14,10" hai1="123,13,76,128,47,38,94,0,27,48,85,125,9" hai2="19,49,42,18,21,6,60,4,101,86,25,68,117" hai3="71,126,79,119,31,116,2,23,84,39,3,67,51"/><T131/><D131/><U64/><E0/><V73/><F73/><W33/><G39/><T83/><D110/><U90/><E38/><V109/><F101/><W89/><G33/><T62/><D45/><U115/><E123/><V127/><F86/><W120/><G120/><T37/><D37/><U35/><E128/><V53/><F42/><W112/><G112/><T69/><D69/><U124/><E64/><V88/><F109/><W113/><G113/><T80/><REACH who="0" step="1"/><D5/><REACH who="0" ten="312,208,240,230" step="2"/><U78/><E115/><V24/><F4/><W72/><G71/><T58/><D58/><U40/><E124/><V105/><F6/><W41/><G126/><T36/><D36/><U32/><E125/><V134/><F68/><W108/><G108/><T12/><D12/><U133/><E133/><V75/><F134/><W130/><G130/><T99/><D99/><U103/><E47/><V46/><F127/><W77/><G119/><T1/><D1/><U15/><E13/><V16/><F46/><W20/><G2/><T129/><D129/><U81/><E15/><V97/><F97/><W17/><G3/><T96/><D96/><U30/><E40/><V98/><F98/><W43/><G43/><T92/><D92/><U55/><E94/><V57/><F117/><W121/><G116/><T122/><D122/><U44/><E103/><V65/><F105/><W8/><G41/><T54/><D54/><U91/><E55/><V28/><F53/><W102/><G121/><T93/><D93/><U118/><E118/><V114/><F57/><W132/><G102/><T56/><D56/><U135/><E135/><RYUUKYOKU ba="2,1" sc="312,30,208,-10,240,-10,230,-10" hai0="7,10,14,29,34,62,66,70,80,82,83,106,107" /><INIT seed="0,3,1,5,5,54" ten="342,198,230,220" oya="0" hai0="29,133,89,15,25,44,40,108,132,23,106,14,56" hai1="74,22,129,66,0,34,55,68,125,87,3,11,59" hai2="62,27,20,115,50,2,127,21,49,91,48,93,35" hai3="10,120,126,101,119,96,84,128,26,88,117,5,53"/><T78/><D106/><U85/><E74/><V113/><F2/><W13/><G128/><T72/><D78/><U17/><E34/><V51/><N who="2" m="12800" /><DORA hai="134" /><V76/><F76/><W90/><G120/><T79/><D89/><U98/><E98/><V61/><F35/><W42/><G42/><T124/><D56/><U100/><E100/><V71/><F71/><W18/><G53/><T123/><D108/><U8/><E66/><V99/><F127/><W118/><G126/><T103/><D103/><U32/><E32/><V33/><F33/><W102/><G84/><T92/><D92/><U77/><E68/><V19/><REACH who="2" step="1"/><F21/><REACH who="2" ten="342,198,220,220" step="2"/><W58/><G119/><T41/><D124/><U82/><E125/><V107/><F107/><W114/><G118/><T110/><D123/><U9/><E129/><V97/><F97/><W73/><G96/><T63/><D110/><U37/><E85/><V109/><F109/><W69/><G117/><T38/><D79/><U57/><E0/><V60/><AGARI ba="3,2" hai="19,20,27,60,61,62,91,93,99,113,115" m="12800" machi="60" ten="50,3200,0" yaku="1,1,0,1,53,0" doraHai="54,134" doraHaiUra="112,135" who="2" fromWho="2" sc="342,-19,198,-11,220,61,220,-11" /><INIT seed="1,0,0,4,5,35" ten="323,187,281,209" oya="1" hai0="112,17,74,76,34,6,18,88,117,28,134,43,71" hai1="83,53,51,135,24,68,79,42,87,5,119,98,93" hai2="25,105,132,84,44,8,33,99,57,26,16,109,107" hai3="77,56,81,15,62,124,75,128,102,78,129,116,113"/><U101/><E119/><V23/><F44/><W118/><G113/><T92/><D71/><U14/><E68/><V39/><F39/><W100/><G124/><T122/><D34/><U54/><E135/><V95/><F84/><W13/><G56/><T12/><D28/><U58/><E24/><V65/><F8/><W45/><G45/><T47/><D112/><U86/><E42/><V19/><F132/><W66/><G62/><T10/><D117/><N who="3" m="45161" /><G66/><T82/><D122/><U52/><REACH who="1" step="1"/><E86/><REACH who="1" ten="323,177,281,209" step="2"/><V27/><F27/><W90/><G75/><T70/><D70/><U21/><E21/><V60/><F33/><W130/><G13/><T106/><D134/><U80/><E80/><V121/><F121/><W104/><G15/><T94/><D82/><U123/><E123/><V85/><F85/><N who="3" m="50479" /><G102/><T38/><D12/><U1/><E1/><V36/><F25/><W30/><G30/><T41/><D74/><U59/><E59/><V108/><F57/><W29/><G29/><T37/><D41/><U126/><E126/><V9/><F26/><W115/><G115/><T67/><D43/><U46/><E46/><V103/><F23/><W32/><G32/><T31/><D47/><U89/><E89/><V110/><F103/><W11/><G11/><AGARI ba="0,1" hai="5,11,14,51,52,53,54,58,79,83,87,93,98,101" machi="11" ten="40,12000,1" yaku="1,1,8,1,54,1,53,1" doraHai="35" doraHaiUra="73" who="1" fromWho="3" sc="323,0,177,130,281,0,209,-120" /><INIT seed="1,1,0,5,5,10" ten="323,307,281,89" oya="1" hai0="43,118,24,111,39,42,4,21,89,93,116,129,2" hai1="20,51,87,48,52,66,84,123,38,113,67,108,16" hai2="50,76,54,92,35,114,25,117,69,7,49,22,75" hai3="99,82,131,57,61,106,107,115,58,135,81,18,86"/><U47/><E113/><V103/><F69/><W96/><G115/><T88/><D4/><U132/><E123/><V73/><F117/><W46/><G135/><T34/><D34/><U109/><E38/><V60/><F35/><W6/><G6/><T72/><D72/><U105/><E105/><V44/><F7/><W126/><G131/><T9/><D9/><U130/><E132/><V119/><F119/><W80/><G126/><T128/><D2/><U94/><E130/><V65/><F76/><W40/><G107/><T23/><D24/><N who="1" m="14343" /><E94/><V64/><F64/><N who="1" m="24617" /><E48/><V63/><F63/><W0/><G0/><T19/><D93/><U55/><E55/><V71/><F114/><W14/><G106/><T33/><D33/><U13/><E13/><V85/><F49/><W12/><G86/><T59/><D39/><U1/><E1/><V30/><REACH who="2" step="1"/><F103/><REACH who="2" ten="323,307,271,89" step="2"/><W127/><G127/><T28/><D116/><U110/><AGARI ba="1,1" hai="47,51,52,84,87,108,109,110" m="24617,14343" machi="110" ten="40,12000,1" yaku="14,1,10,1,54,2" doraHai="10" who="1" fromWho="1" sc="323,-41,307,133,271,-41,89,-41" /><INIT seed="1,2,0,4,1,39" ten="282,440,230,48" oya="1" hai0="128,4,131,101,61,14,59,31,118,44,93,96,1" hai1="104,76,20,18,62,30,119,47,78,90,98,15,25" hai2="117,68,57,125,67,16,110,42,94,7,123,126,24" hai3="130,63,99,103,55,9,22,92,81,69,66,122,112"/><U54/><E119/><V43/><F123/><W64/><G122/><T23/><D118/><U132/><E132/><V89/><F117/><W0/><G112/><T60/><D60/><U77/><E104/><V83/><F68/><W11/><G66/><T34/><D34/><U6/><E6/><V116/><F7/><W37/><G130/><N who="0" m="49707" /><D44/><U88/><E98/><V133/><F83/><W129/><G129/><T45/><D45/><U95/><E95/><V33/><F116/><W105/><G37/><T38/><D38/><U32/><E47/><V100/><F100/><W72/><G105/><T97/><D97/><U85/><E85/><V21/><F33/><W36/><G36/><T40/><D1/><U102/><E102/><V3/><F3/><W120/><G120/><T5/><D14/><U46/><E46/><V107/><F107/><W27/><G55/><N who="0" m="34047" /><D40/><U13/><E13/><V19/><F19/><W65/><G65/><T2/><D2/><U127/><E54/><V113/><F113/><W12/><G0/><T71/><D71/><U41/><E41/><V115/><F43/><W48/><G48/><T35/><D35/><U10/><E62/><N who="2" m="38351" /><F42/><W87/><G12/><T28/><D28/><U8/><E32/><V111/><F115/><W108/><G108/><N who="2" m="41513" /><F133/><W58/><G69/><T134/><D134/><U82/><E30/><V109/><N who="2" m="41521" /><V114/><DORA hai="70" /><F114/><W91/><REACH who="3" step="1"/><G72/><REACH who="3" ten="282,440,230,38" step="2"/><T124/><D124/><U51/><E127/><V121/><F121/><W56/><G56/><T50/><D50/><U52/><E51/><V26/><F26/><AGARI ba="2,1" hai="4,5,23,26,31,93,96,101" m="34047,49707" machi="26" ten="30,1000,0" yaku="19,1" doraHai="39,70" who="0" fromWho="2" sc="282,26,440,0,230,-16,38,0" /><INIT seed="2,0,0,5,1,62" ten="308,440,214,38" oya="2" hai0="87,21,131,19,24,55,70,93,77,28,122,94,119" hai1="33,126,76,15,67,49,124,82,10,80,60,6,104" hai2="78,130,115,37,117,132,35,86,17,16,41,107,14" hai3="120,95,83,58,32,40,63,69,121,22,12,23,125"/><V133/><F117/><W135/><G32/><T44/><D70/><U101/><E33/><V3/><F3/><W89/><G69/><T30/><D131/><U18/><E101/><V25/><F107/><W42/><G125/><N who="1" m="48234" /><E104/><V118/><F115/><W52/><G135/><T84/><D84/><U123/><E123/><V5/><F118/><W2/><G2/><T36/><D36/><U100/><E100/><V103/><F103/><W116/><G116/><T99/><D122/><U54/><E6/><V97/><F97/><W109/><G109/><T56/><D44/><N who="1" m="27943" /><E76/><V127/><F127/><W98/><G121/><T91/><D119/><U81/><E80/><N who="2" m="47383" /><F130/><W50/><G120/><T8/><D94/><U1/><E1/><V112/><F112/><W128/><G128/><T88/><D91/><U96/><E96/><V26/><F35/><W20/><G83/><N who="0" m="47599" /><D8/><U59/><AGARI ba="0,0" hai="10,15,18,59,60,67,81,82" m="27943,48234" machi="59" ten="30,2000,0" yaku="18,1,52,1" doraHai="62" who="1" fromWho="1" sc="308,-5,440,20,214,-10,38,-5" /><INIT seed="3,0,0,0,5,35" ten="303,460,204,33" oya="3" hai0="125,26,95,17,70,28,80,99,6,134,76,18,135" hai1="37,103,93,62,94,87,0,48,73,116,20,34,69" hai2="7,55,74,131,126,2,47,90,36,127,104,30,117" hai3="1,42,39,9,72,68,102,46,71,83,16,122,50"/><W108/><G122/><T56/><D70/><U27/><E37/><V49/><F104/><W67/><G102/><T100/><D6/><U89/><E73/><V123/><F117/><W118/><G118/><T107/><D107/><U21/><E0/><V8/><F123/><W51/><G108/><T44/><D56/><U97/><E48/><N who="3" m="18474" /><G67/><T11/><D44/><U66/><E116/><V86/><F74/><W59/><G59/><T79/><D11/><U10/><E10/><V92/><F36/><W60/><G16/><N who="0" m="6251" /><D80/><U84/><E84/><V32/><REACH who="2" step="1"/><F131/><REACH who="2" ten="303,460,194,33" step="2"/><W119/><G119/><T12/><D125/><U106/><E106/><V54/><F54/><W113/><G113/><T13/><D135/><U22/><E34/><V78/><F78/><N who="3" m="44487" /><G60/><T109/><D134/><U98/><E62/><V41/><F41/><W129/><G129/><T81/><D109/><U115/><E115/><V130/><F130/><W65/><G65/><T91/><D79/><U105/><E66/><V45/><F45/><W114/><G114/><T23/><D76/><U112/><E112/><V128/><F128/><W85/><G85/><AGARI ba="0,1" hai="12,13,23,26,28,81,85,91,95,99,100" m="6251" machi="85" ten="30,2000,0" yaku="8,1,54,1" doraHai="35" who="0" fromWho="3" sc="303,30,460,0,194,0,33,-20" /><INIT seed="4,0,0,3,5,60" ten="333,460,194,13" oya="0" hai0="88,31,118,105,100,110,39,128,132,8,59,66,84" hai1="40,36,29,45,61,120,19,41,30,129,123,50,124" hai2="113,27,47,38,56,79,77,69,81,121,76,64,35" hai3="17,51,95,127,28,103,119,34,52,107,54,14,91"/><T63/><D118/><U24/><E124/><V11/><F121/><W3/><G119/><T126/><D39/><U83/><E129/><V72/><F56/><W6/><G127/><T15/><D126/><U48/><E36/><V18/><F113/><W85/><G107/><T68/><D128/><U12/><E83/><V55/><F11/><N who="3" m="2527" /><G103/><T10/><D132/><U89/><E89/><V58/><F18/><W22/><G51/><T7/><D110/><U122/><E61/><N who="2" m="40079" /><F27/><AGARI ba="0,0" hai="14,17,22,27,28,34,52,54,85,91,95" m="2527" machi="27" ten="30,2000,0" yaku="24,1,54,1" doraHai="60" who="3" fromWho="2" sc="333,0,460,0,194,-20,13,20" /><INIT seed="5,0,0,5,0,101" ten="333,460,174,33" oya="1" hai0="73,88,43,36,125,123,57,9,10,117,2,75,5" hai1="103,85,28,118,98,3,64,126,38,74,54,42,61" hai2="58,109,77,23,71,25,111,4,15,134,119,95,70" hai3="104,83,116,97,89,128,94,37,121,76,26,81,33"/><U12/><E3/><V1/><F119/><W120/><G37/><T45/><D117/><U50/><E74/><V46/><F77/><W53/><G116/><T84/><D125/><U91/><E28/><V22/><F1/><W29/><G128/><T24/><D123/><U115/><E115/><V135/><F46/><W31/><G31/><T131/><D131/><U48/><E126/><V19/><F58/><W82/><G76/><T100/><D100/><U90/><E38/><V16/><F95/><W96/><G53/><T114/><D114/><U0/><E0/><V6/><F15/><W129/><G129/><T34/><D10/><U20/><E42/><V40/><F40/><W66/><G66/><T68/><D68/><U32/><E32/><V14/><F14/><W49/><G49/><T87/><D87/><U99/><E91/><V65/><F65/><W130/><G130/><T13/><D2/><U41/><E41/><V27/><AGARI ba="0,0" hai="4,6,16,19,22,23,25,27,70,71,109,111,134,135" machi="27" ten="25,6400,0" yaku="0,1,22,2,54,1" doraHai="101" who="2" fromWho="2" sc="333,-16,460,-32,174,64,33,-16" /><INIT seed="6,0,0,4,0,66" ten="317,428,238,17" oya="2" hai0="72,25,117,50,105,93,45,62,18,34,79,7,94" hai1="106,128,111,13,55,116,129,6,88,86,95,10,48" hai2="85,121,11,132,51,5,9,57,8,130,39,78,131" hai3="0,43,69,31,46,42,74,101,61,63,24,125,112"/><V47/><F39/><W90/><G0/><T91/><D105/><U118/><E106/><V54/><F121/><W97/><G74/><T122/><D93/><U77/><E111/><V124/><F78/><W103/><G125/><T98/><D7/><U12/><E77/><V110/><F85/><W89/><G112/><T113/><D113/><U64/><E64/><V36/><F110/><W58/><G69/><T81/><D62/><U28/><E28/><V80/><F80/><W14/><G14/><T104/><D104/><U134/><E134/><V87/><F87/><W17/><G17/><T40/><D122/><U108/><E108/><V53/><F132/><W1/><G1/><T3/><D3/><U84/><E84/><V21/><F21/><N who="3" m="15759" /><G97/><T119/><D18/><U115/><E13/><V75/><F75/><W59/><G63/><T20/><D20/><U133/><E115/><V114/><F114/><W123/><G123/><T92/><D92/><U68/><E68/><V37/><F5/><W22/><G22/><T30/><AGARI ba="0,0" hai="25,30,34,40,45,50,72,79,81,91,94,98,117,119" machi="30" ten="30,1100,0" yaku="0,1" doraHai="66" who="0" fromWho="0" sc="317,11,428,-3,238,-5,17,-3" /><INIT seed="7,0,0,1,3,122" ten="328,425,233,14" oya="3" hai0="14,127,80,45,49,1,63,60,102,12,11,52,74" hai1="9,115,126,134,113,4,71,42,58,16,66,28,94" hai2="43,59,56,73,51,79,90,3,34,10,125,57,83" hai3="18,77,41,109,67,72,118,111,68,31,95,116,100"/><W129/><G129/><T25/><D127/><U131/><E71/><V104/><F34/><W33/><G41/><T81/><D1/><U88/><E28/><V22/><F104/><W135/><G135/><T0/><D0/><U29/><E29/><V124/><F22/><W13/><G72/><T27/><D102/><U46/><E126/><N who="2" m="48747" /><F90/><W78/><G68/><T40/><D74/><U103/><E16/><V130/><F130/><W5/><G67/><T44/><D11/><U119/><E58/><V87/><F43/><W30/><G100/><T62/><D62/><U23/><E66/><V50/><F73/><W92/><G5/><AGARI ba="0,0" hai="3,5,10,50,51,56,57,59,79,83,87" m="48747" machi="5" ten="30,1000,0" yaku="18,1" doraHai="122" who="2" fromWho="3" sc="328,0,425,0,233,10,14,-10" owari="328,13.0,425,53.0,243,-16.0,4,-50.0" /></mjloggm>