<mjloggm ver="2.3"><GO type="225" lobby="0"/><UN n0="%E3%81%AF%E3%81%BF%E3%82%82%E3%82%93" n1="%79%69%6E%6E%65%72%30%36" n2="%E5%B0%B1%E6%B4%BB%E7%94%9F%40%E5%B7%9D%E6%9D%91%E8%BB%8D%E5%9B%A3" n3="%E3%83%8B%E3%83%BC%E3%83%88%E7%A4%BE%E9%95%B7" dan="17,16,16,16" rate="2125.61,2124.57,2063.57,2070.00" sx="M,M,M,M"/><TAIKYOKU oya="0"/><INIT seed="0,0,0,0,0,127" ten="250,250,250,250" oya="0" hai0="37,51,93,28,53,20,27,17,19,2,45,59,72" hai1="121,5,108,110,119,107,8,126,83,18,33,135,40" hai2="90,94,78,30,87,38,58,25,34,29,114,15,102" hai3="55,98,100,60,129,124,46,82,109,96,64,95,77"/><T7/><D72/><U89/><E121/><V99/><F114/><W79/><G109/><N who="1" m="42090" /><E107/><V115/><F38/><W4/><G124/><T116/><D116/><U67/><E67/><V41/><F115/><W63/><G4/><T48/><D37/><U75/><E33/><V117/><F117/><W36/><G96/><T71/><D71/><U61/><E61/><V70/><F70/><W81/><G63/><T69/><D69/><U43/><E135/><V73/><F30/><W39/><G81/><T130/><D130/><U42/><E126/><V105/><F41/><W88/><G129/><T125/><D125/><U12/><E119/><V32/><F15/><W6/><G6/><T113/><D113/><U132/><E132/><V9/><F9/><W23/><G23/><T14/><D93/><U120/><E120/><V122/><F122/><W50/><G100/><T123/><D2/><U80/><E75/><V62/><F34/><W97/><G97/><T134/><D123/><U111/><N who="1" m="42098" /><U84/><DORA hai="131" /><E80/><N who="2" m="45135" /><F62/><W35/><G35/><T76/><D134/><U22/><E43/><V44/><F58/><W92/><G92/><T91/><D7/><U86/><E86/><V74/><F74/><N who="3" m="43319" /><G79/><T11/><D76/><U68/><E68/><V133/><F44/><W0/><G0/><AGARI ba="0,0" hai="0,5,8,12,18,22,40,42,83,84,89" m="42098" machi="0" ten="40,1300,0" yaku="14,1" doraHai="127,131" who="1" fromWho="3" sc="250,0,250,13,250,0,250,-13" /><INIT seed="1,0,0,5,1,73" ten="250,263,250,237" oya="1" hai0="58,9,60,86,75,128,88,24,5,33,116,135,71" hai1="18,94,36,29,21,111,25,76,100,59,43,77,66" hai2="96,14,26,22,125,40,51,114,44,107,19,1,68" hai3="72,70,120,90,92,119,115,61,6,82,78,99,31"/><U12/><E36/><V74/><F1/><W17/><G120/><T81/><D71/><U48/><E111/><V108/><F74/><W52/><G115/><T23/><D33/><U93/><E43/><V104/><F114/><W101/><G119/><T67/><D128/><U13/><E13/><V0/><F0/><W15/><G31/><T47/><D135/><U46/><E46/><V45/><F68/><W110/><G110/><T127/><D127/><U54/><E66/><V117/><F117/><W126/><G126/><T30/><D75/><U34/><REACH who="1" step="1"/><E100/><REACH who="1" ten="250,253,250,237" step="2"/><V103/><F108/><W64/><G101/><T7/><D116/><U4/><E4/><V133/><F125/><W2/><G6/><T118/><D118/><U113/><E113/><V63/><F133/><W35/><G2/><T8/><D7/><U50/><E50/><V134/><F134/><W91/><G52/><T112/><D5/><U121/><E121/><V27/><F63/><W83/><G64/><T32/><D112/><U98/><E98/><V3/><F3/><W109/><G99/><T80/><D47/><U49/><E49/><V79/><F45/><W122/><G15/><T38/><D38/><U65/><E65/><V57/><F57/><W97/><G109/><T41/><D41/><U11/><E11/><V42/><F42/><W105/><G122/><T95/><D9/><U130/><E130/><V87/><F107/><W16/><G105/><T10/><D8/><U28/><E28/><V85/><F104/><W62/><G97/><T84/><D10/><U129/><E129/><V37/><F96/><RYUUKYOKU ba="0,1" sc="250,-10,253,30,250,-10,237,-10" hai1="12,18,21,25,29,34,48,54,59,76,77,93,94" /><INIT seed="1,1,1,0,1,2" ten="240,283,240,227" oya="1" hai0="23,9,63,90,112,46,116,117,18,111,37,21,123" hai1="107,1,56,8,62,58,4,129,78,26,57,99,79" hai2="66,113,134,104,94,132,10,109,103,73,28,131,118" hai3="15,121,53,51,65,114,80,81,102,87,54,33,77"/><U105/><E129/><V130/><F73/><W76/><G121/><T82/><D112/><U45/><E62/><V110/><F104/><W50/><G114/><T36/><D111/><N who="2" m="42506" /><F66/><W48/><G33/><T108/><D123/><U88/><E45/><V84/><F28/><W86/><G102/><T126/><D126/><U120/><E120/><V133/><F10/><W12/><G65/><T115/><D63/><U42/><E42/><V27/><F27/><W20/><G20/><T16/><D9/><U72/><E72/><V44/><F44/><W95/><G95/><T64/><D64/><U3/><E3/><V35/><F35/><W127/><G127/><T40/><D108/><U43/><E43/><V85/><F118/><W70/><G70/><T11/><D11/><U68/><E68/><V55/><F55/><AGARI ba="1,1" hai="12,15,48,50,51,53,54,55,76,77,80,81,86,87" machi="55" ten="40,2600,0" yaku="9,1,8,1" doraHai="2" who="3" fromWho="2" sc="240,0,283,0,240,-29,227,39" /><INIT seed="2,0,0,3,2,62" ten="240,283,211,266" oya="2" hai0="63,45,72,119,102,2,59,15,52,50,68,31,11" hai1="56,48,129,134,126,22,3,132,107,81,53,16,125" hai2="113,19,117,90,8,38,96,76,24,80,9,114,130" hai3="115,89,57,110,5,44,124,32,66,75,49,103,116"/><V106/><F117/><W78/><G116/><T0/><D72/><U60/><E107/><V71/><F38/><W28/><G110/><T41/><D119/><U73/><E3/><V118/><F130/><W54/><G124/><N who="1" m="47722" /><E129/><V55/><F118/><W6/><G115/><T27/><D102/><U4/><E4/><V127/><F127/><W18/><G103/><T94/><D94/><U23/><E23/><V13/><F71/><W87/><G75/><T112/><D68/><U29/><E29/><V95/><F106/><W12/><G78/><T21/><REACH who="0" step="1"/><D112/><REACH who="0" ten="230,283,211,266" step="2"/><U51/><E73/><V131/><F131/><W99/><G99/><T82/><D82/><U36/><E81/><V64/><F80/><N who="3" m="49383" /><G32/><T100/><D100/><U123/><E123/><V93/><F93/><W17/><G28/><T34/><D34/><U67/><E132/><V133/><F133/><W97/><G97/><T128/><D128/><U37/><E134/><V61/><F114/><W58/><G44/><T14/><D14/><N who="1" m="9495" /><E51/><V43/><F113/><W104/><G104/><T86/><D86/><U70/><AGARI ba="0,1" hai="36,37,48,53,56,60,67,70" m="9495,47722" machi="70" ten="30,4000,0" yaku="18,1,52,1,54,1" doraHai="62" who="1" fromWho="1" sc="230,-10,283,50,211,-20,266,-10" /><INIT seed="3,0,0,3,3,46" ten="220,333,191,256" oya="3" hai0="53,65,7,36,47,108,99,33,22,103,0,132,39" hai1="72,3,69,76,107,93,4,90,31,86,113,26,57" hai2="17,117,62,5,104,96,109,14,120,114,54,21,55" hai3="83,130,10,116,43,12,70,67,91,28,13,61,102"/><W78/><G116/><T41/><D33/><U64/><E107/><V95/><F117/><W87/><G130/><T123/><D39/><U105/><E105/><V24/><F114/><W125/><G125/><T34/><D34/><U121/><E121/><V60/><F109/><W111/><G111/><T119/><D132/><U29/><E113/><V19/><F120/><W97/><G43/><T45/><D65/><U133/><E69/><V98/><F104/><W101/><G28/><T56/><D47/><U88/><E90/><V27/><F5/><W25/><G25/><T94/><D119/><U100/><E100/><V118/><F118/><W92/><REACH who="3" step="1"/><G13/><REACH who="3" ten="220,333,191,246" step="2"/><T89/><D108/><U51/><E26/><V106/><F106/><W63/><G63/><T48/><D123/><U135/><E29/><V8/><F27/><W30/><G30/><T11/><REACH who="0" step="1"/><D22/><REACH who="0" ten="210,333,191,246" step="2"/><U74/><E133/><V131/><F131/><W59/><G59/><T38/><D38/><U79/><E135/><V81/><F21/><W85/><G85/><T23/><D23/><U32/><E86/><V37/><F37/><W73/><G73/><T44/><D44/><U2/><E57/><V20/><F20/><W110/><G110/><T18/><D18/><AGARI ba="0,2" hai="10,12,18,61,67,70,78,83,87,91,92,97,101,102" machi="18" ten="30,2900,0" yaku="1,1,7,1,53,0" doraHai="46" doraHaiUra="42" who="3" fromWho="0" sc="210,-29,333,0,191,0,246,49" /><INIT seed="3,1,0,4,1,126" ten="181,333,191,295" oya="3" hai0="29,109,74,15,77,89,34,117,0,71,47,101,14" hai1="72,53,1,99,129,50,11,7,132,118,116,60,87" hai2="75,128,23,113,86,42,32,57,21,5,121,45,90" hai3="93,76,64,17,105,96,49,33,119,67,58,41,28"/><W61/><G105/><T94/><D0/><U135/><E72/><V27/><F75/><W35/><G119/><N who="1" m="45610" /><E129/><V111/><F113/><W40/><G33/><T133/><D117/><U24/><E24/><V108/><F128/><W98/><G35/><T51/><D109/><U112/><E112/><V70/><F5/><W114/><G114/><T16/><D133/><U107/><E60/><V110/><F70/><W79/><G28/><T3/><D3/><U48/><E87/><V92/><F121/><W6/><G6/><T97/><D71/><U78/><E78/><N who="3" m="29738" /><G96/><T103/><D29/><U4/><E4/><V85/><F85/><W2/><G2/><T80/><D34/><U10/><E10/><V65/><F32/><W12/><G49/><N who="1" m="19050" /><E53/><V102/><F27/><W20/><G64/><T131/><D131/><U69/><E69/><V106/><F65/><W56/><G56/><T46/><D46/><U30/><E30/><V125/><F57/><W31/><G31/><T120/><D120/><U37/><E37/><N who="2" m="21711" /><F125/><W115/><G115/><T38/><D38/><U123/><E123/><V13/><F13/><W54/><G67/><T91/><D14/><U130/><E130/><V66/><F66/><W127/><G127/><T62/><D62/><U59/><E59/><V73/><F73/><W124/><G124/><T26/><D26/><U18/><E18/><V95/><F106/><W82/><G82/><T44/><D44/><U8/><E8/><V122/><F122/><W104/><G104/><T134/><D47/><U83/><E83/><V84/><F84/><W55/><G12/><RYUUKYOKU ba="1,0" sc="181,-15,333,15,191,15,295,-15" hai1="1,7,11,99,107,132,135" hai2="21,23,86,90,92,95,102,108,110,111" owari="166,-33.0,348,44.0,206,-19.0,280,8.0" /></mjloggm>