<mjloggm ver="2.3"><GO type="97" lobby="0"/><UN n0="%E3%82%AB%E3%82%BF%E3%83%AA%E3%83%8A" n1="%E5%9B%B2%E7%A2%81%E3%81%AA%E3%82%89%E5%BC%B7%E3%81%84" n2="%E3%83%88%E3%83%88%E3%83%AA%E5%85%88%E7%94%9F%31%39%E6%AD%B3" n3="%E3%81%9F%E3%81%A1%E3%81%82%E3%81%AA" dan="14,14,15,15" rate="1952.40,2006.56,2042.07,1968.92" sx="M,M,F,F"/><TAIKYOKU oya="0"/><INIT seed="0,0,0,4,0,12" ten="250,250,250,250" oya="0" hai0="100,30,1,104,43,99,8,14,4,76,2,16,117" hai1="111,54,13,65,130,98,134,18,62,48,73,33,74" hai2="15,70,123,69,108,131,56,40,116,58,57,71,42" hai3="31,81,68,28,126,38,11,80,60,72,26,82,114"/><T77/><D117/><U121/><E33/><V0/><F0/><W86/><G38/><T21/><D2/><U55/><E111/><V87/><F108/><W25/><G72/><T17/><D30/><U61/><E134/><V92/><F116/><W52/><G114/><T3/><D3/><U10/><E130/><V45/><F131/><W37/><G37/><T6/><D6/><U32/><E32/><V120/><F15/><W119/><G119/><T67/><D67/><U85/><E98/><V109/><F109/><W103/><G126/><T5/><D5/><U19/><E62/><V94/><F87/><W66/><G103/><T105/><D105/><U89/><E121/><N who="2" m="46667" /><F45/><W64/><G11/><T118/><D118/><U59/><E55/><V122/><F122/><W129/><G129/><T78/><D43/><AGARI ba="0,0" hai="40,42,43,56,57,58,69,70,71,92,94" m="46667" machi="43" ten="40,2600,0" yaku="28,2" doraHai="12" who="2" fromWho="0" sc="250,-26,250,0,250,26,250,0" /><INIT seed="1,0,0,1,5,53" ten="224,250,276,250" oya="1" hai0="50,42,134,38,87,86,122,71,84,37,83,92,16" hai1="64,17,105,36,4,126,95,45,114,3,101,8,111" hai2="67,44,66,26,107,52,88,65,100,70,128,29,32" hai3="19,34,99,73,104,0,82,9,85,91,76,47,10"/><U61/><E105/><V13/><F128/><W55/><G34/><T18/><D71/><U109/><E126/><V20/><F70/><W135/><G135/><T93/><D122/><U1/><E114/><V102/><F107/><W96/><G96/><T124/><D124/><U43/><E17/><N who="0" m="6761" /><D134/><U118/><E118/><V133/><F13/><W25/><G0/><T127/><D127/><U57/><REACH who="1" step="1"/><E3/><REACH who="1" ten="224,240,276,250" step="2"/><V77/><F133/><W74/><G104/><T68/><D68/><U33/><E33/><V69/><F32/><W110/><G19/><T31/><D31/><U117/><E117/><V39/><F69/><W106/><G106/><T80/><D38/><U21/><E21/><V63/><F39/><W6/><G10/><T54/><D37/><U116/><E116/><V48/><F20/><W123/><G9/><T131/><D131/><U58/><E58/><N who="2" m="35271" /><F29/><W15/><G15/><T89/><D42/><U7/><E7/><V97/><F26/><W132/><G25/><T72/><D72/><U11/><E11/><V27/><F27/><W23/><G73/><T41/><D41/><U129/><E129/><V59/><F59/><W81/><G74/><T51/><D83/><U24/><E24/><V60/><F44/><W5/><G81/><T108/><D80/><U12/><E12/><V121/><F121/><W22/><G123/><T112/><D112/><U113/><E113/><V90/><F77/><W49/><G76/><T119/><D119/><U130/><E130/><V94/><F94/><N who="3" m="56799" /><G132/><T28/><D93/><U125/><E125/><V35/><F35/><W120/><G120/><RYUUKYOKU ba="0,1" sc="224,-10,240,30,276,-10,250,-10" hai1="1,4,8,36,43,45,57,61,64,95,101,109,111" /><INIT seed="1,1,1,1,3,24" ten="214,270,266,240" oya="1" hai0="55,98,51,67,102,120,77,32,111,80,66,36,7" hai1="85,75,64,38,13,76,45,133,22,89,74,6,73" hai2="82,96,17,58,99,44,104,35,109,83,97,135,62" hai3="126,123,68,19,134,81,71,117,43,101,94,26,128"/><U65/><E76/><V72/><F104/><W56/><G123/><T105/><D111/><U95/><E133/><V16/><F35/><W8/><G43/><T121/><D32/><U112/><E112/><V132/><F109/><W11/><G126/><T52/><D7/><U87/><E87/><V3/><F3/><W119/><G128/><T18/><D18/><N who="2" m="7274" /><F72/><W93/><G19/><T129/><D36/><U49/><E38/><V31/><F44/><W2/><G2/><T4/><D4/><U116/><E22/><V90/><F90/><W46/><G46/><N who="0" m="27767" /><D55/><U63/><E116/><V27/><F31/><W42/><G117/><T118/><D129/><U78/><E78/><V33/><F27/><W61/><G26/><T124/><D124/><U0/><E0/><V1/><F33/><W15/><G119/><T125/><D125/><U107/><E107/><V114/><F114/><W50/><G71/><T88/><D118/><U9/><E63/><V39/><F39/><W110/><G68/><T127/><D127/><U20/><E20/><V122/><F122/><N who="0" m="47210" /><D88/><U12/><E12/><V79/><F79/><W28/><G15/><T131/><D131/><U70/><E70/><V40/><F40/><W53/><G42/><T92/><D105/><U91/><E91/><V69/><F69/><W86/><G110/><T41/><D41/><U47/><E45/><V59/><F1/><W23/><G61/><T113/><D113/><U100/><E100/><V54/><F59/><W108/><G56/><T37/><D37/><U60/><E60/><V57/><F58/><W34/><G108/><RYUUKYOKU ba="1,1" sc="214,10,270,10,266,10,240,-30" hai0="66,67,77,80,92,98,102" hai1="6,9,13,47,49,64,65,73,74,75,85,89,95" hai2="54,57,62,82,83,96,97,99,132,135" /><INIT seed="1,2,1,3,1,75" ten="224,280,276,210" oya="1" hai0="109,17,79,130,104,4,81,110,63,8,62,108,128" hai1="57,93,3,14,91,50,20,15,83,126,22,48,77" hai2="59,0,32,21,134,122,103,123,40,78,64,120,96" hai3="106,117,2,60,86,23,18,119,46,116,47,41,52"/><U1/><E126/><V49/><F32/><W129/><G106/><T135/><D17/><U89/><E1/><V37/><F0/><W25/><G129/><N who="0" m="49771" /><D104/><U98/><E3/><V11/><F134/><W127/><G127/><T67/><D67/><U102/><E20/><V58/><F37/><W115/><G115/><T28/><D28/><U53/><E50/><V6/><F11/><W7/><G86/><N who="0" m="48447" /><D135/><U43/><E43/><V19/><F6/><W88/><G88/><N who="1" m="33866" /><E22/><V112/><F112/><W118/><N who="3" m="29696" /><DORA hai="35" /><W61/><G52/><T24/><D24/><U100/><E100/><V16/><F64/><W45/><G41/><T31/><D31/><U71/><E71/><V125/><F125/><W99/><G99/><T65/><D65/><U66/><E66/><V33/><F96/><W90/><G90/><T27/><D27/><U113/><E113/><V30/><F103/><W105/><G105/><T76/><D76/><U39/><E39/><V87/><F40/><W84/><G84/><AGARI ba="2,1" hai="14,15,48,53,57,77,83,84,93,98,102" m="33866" machi="84" ten="30,5800,0" yaku="8,1,52,1,54,1" doraHai="75,35" who="1" fromWho="3" sc="224,0,280,74,276,0,210,-64" /><INIT seed="1,3,0,0,4,79" ten="224,354,276,146" oya="1" hai0="89,113,122,57,91,112,40,5,24,34,63,74,129" hai1="20,45,108,4,12,58,123,50,67,49,86,30,111" hai2="124,128,13,87,47,78,65,84,102,130,76,56,32" hai3="70,64,69,135,68,85,83,16,55,82,115,92,38"/><U29/><E123/><V0/><F0/><W131/><G38/><T11/><D74/><U77/><E67/><V7/><F32/><W33/><G33/><T46/><D122/><U104/><E104/><V14/><F102/><W21/><G115/><T132/><D132/><U35/><E35/><V126/><F65/><W97/><G135/><T25/><D129/><N who="2" m="49770" /><F56/><W43/><G43/><T116/><D116/><U26/><E30/><V81/><F47/><W54/><G64/><T110/><D110/><N who="1" m="42027" /><E58/><V106/><F106/><W61/><G131/><T6/><D34/><U44/><E44/><V121/><F121/><W133/><G133/><T59/><D46/><U96/><E45/><V109/><F109/><W71/><G71/><T27/><D11/><N who="1" m="4199" /><E96/><V80/><F13/><W93/><G61/><T127/><D40/><U17/><E29/><V42/><F42/><W48/><G97/><T36/><D113/><U98/><E98/><V62/><F62/><W22/><G68/><T66/><D112/><U107/><E107/><V134/><F134/><W118/><G118/><T114/><D114/><U72/><E50/><V103/><F103/><W75/><G48/><T10/><D36/><U60/><E49/><V53/><F53/><W90/><G70/><T125/><D63/><U37/><E60/><V51/><F51/><W9/><G69/><T117/><D117/><U2/><E37/><V119/><F119/><W52/><G55/><T31/><D66/><U88/><E2/><V105/><F105/><W94/><G54/><T23/><D59/><U18/><E26/><N who="0" m="10345" /><D57/><U28/><E28/><RYUUKYOKU ba="3,0" sc="224,-10,354,-10,276,30,146,-10" hai2="7,14,76,78,80,81,84,87,124,126" /><INIT seed="2,4,0,3,4,40" ten="214,344,306,136" oya="2" hai0="24,129,107,34,5,130,50,57,119,51,120,56,67" hai1="14,83,6,22,16,0,1,35,9,104,100,125,109" hai2="74,91,64,4,7,98,3,66,13,45,116,85,54" hai3="127,81,134,77,117,122,41,102,123,29,113,118,111"/><V15/><F116/><W38/><G29/><N who="0" m="19751" /><D120/><N who="3" m="46121" /><G41/><T112/><D119/><N who="3" m="45577" /><G38/><T37/><D112/><U70/><E109/><V69/><F74/><N who="3" m="43191" /><G102/><T87/><D107/><U110/><E104/><V59/><F98/><W97/><G97/><T44/><D37/><U124/><E100/><V63/><F3/><W39/><G39/><T47/><D5/><N who="2" m="2122" /><F69/><W11/><G11/><T43/><D87/><U128/><E70/><V79/><F79/><W101/><G101/><T108/><D67/><N who="2" m="25642" /><F45/><N who="0" m="17482" /><D43/><U62/><E1/><V94/><AGARI ba="4,0" hai="13,15,54,59,63,85,91,94" m="25642,2122" machi="94" ten="30,1500,0" yaku="8,1" doraHai="40" who="2" fromWho="2" sc="214,-9,344,-9,306,27,136,-9" /><INIT seed="2,5,0,0,4,110" ten="205,335,333,127" oya="2" hai0="31,93,133,43,7,109,47,119,63,104,124,111,0" hai1="60,54,85,15,11,56,116,95,81,83,87,35,65" hai2="108,90,55,51,48,73,61,130,58,118,18,79,86" hai3="88,121,29,62,105,20,22,127,74,129,27,6,75"/><V99/><F118/><W80/><G121/><T59/><D104/><U36/><E36/><V128/><F108/><N who="0" m="41546" /><D119/><U52/><E35/><V21/><F73/><W72/><G129/><N who="2" m="49769" /><F79/><W3/><G127/><T122/><D122/><U103/><E116/><V37/><F37/><W34/><G105/><T32/><D124/><U2/><E2/><V5/><F5/><W92/><G80/><T107/><D107/><U19/><E103/><V40/><F40/><W24/><G62/><T25/><D133/><U134/><E95/><N who="2" m="56823" /><F86/><W13/><G3/><T44/><D93/><U67/><E67/><V41/><F41/><W117/><G117/><T106/><D106/><U39/><E39/><V38/><F38/><W10/><REACH who="3" step="1"/><G27/><AGARI ba="5,0" hai="18,21,27,48,51,55,58,61" m="56823,49769" machi="27" ten="30,2900,0" yaku="25,1,19,1" doraHai="110" who="2" fromWho="3" sc="205,0,335,0,333,44,127,-44" /><INIT seed="2,6,0,5,5,27" ten="205,335,377,83" oya="2" hai0="32,75,24,101,46,3,110,90,12,19,55,28,11" hai1="66,40,29,124,81,14,122,111,39,126,10,50,131" hai2="134,121,62,108,83,99,129,31,17,132,23,68,80" hai3="63,61,71,92,72,86,48,89,128,60,64,125,98"/><V123/><F129/><W84/><G72/><T33/><D110/><U16/><E39/><V1/><F1/><W104/><G128/><T127/><D127/><N who="1" m="48683" /><E131/><V112/><F112/><W67/><G125/><T97/><D75/><U25/><E111/><V53/><F108/><W87/><G104/><T118/><D118/><U20/><E122/><N who="2" m="46603" /><F99/><W36/><G36/><T4/><D33/><N who="1" m="20655" /><E66/><N who="2" m="41047" /><F53/><W77/><G77/><T35/><D55/><U116/><E116/><V130/><F130/><W119/><G119/><T69/><D35/><U44/><E81/><V9/><F9/><AGARI ba="6,0" hai="9,10,14,16,20,40,44,50" m="20655,48683" machi="9" ten="30,3900,0" yaku="18,1,52,1,54,1" doraHai="27" who="1" fromWho="2" sc="205,0,335,57,377,-57,83,0" /><INIT seed="3,0,0,1,2,69" ten="205,392,320,83" oya="3" hai0="10,79,124,135,107,36,11,112,34,15,100,7,123" hai1="53,22,67,126,104,90,42,55,27,110,95,127,87" hai2="13,49,50,85,0,92,97,63,9,114,56,37,66" hai3="58,65,51,28,77,46,38,52,18,115,99,96,94"/><W130/><G115/><T62/><D123/><U19/><E104/><V1/><F114/><W59/><G130/><T122/><D122/><U68/><E110/><V45/><F85/><W30/><G77/><T43/><D112/><U26/><E42/><V91/><F49/><W6/><G6/><T131/><D131/><U76/><E76/><V75/><F75/><W108/><G108/><T48/><D36/><U128/><E128/><V14/><F14/><W89/><G38/><T120/><D120/><U25/><E67/><V113/><F113/><W133/><G133/><T101/><D135/><U32/><E68/><V78/><F78/><W118/><G118/><T60/><D34/><U80/><E80/><V8/><F8/><W82/><G82/><T3/><D124/><N who="1" m="47659" /><E32/><V132/><F132/><W98/><G18/><T31/><D31/><N who="3" m="11817" /><G65/><T121/><D121/><U40/><E40/><V105/><F105/><W16/><G16/><T103/><D11/><U20/><E19/><V54/><F13/><W44/><G59/><T24/><D48/><U81/><E81/><V2/><REACH who="2" step="1"/><F9/><REACH who="2" ten="205,392,310,83" step="2"/><W86/><AGARI ba="0,1" hai="44,46,51,52,58,86,89,94,96,98,99" m="11817" machi="86" ten="30,3000,0" yaku="8,1,54,1" doraHai="69" who="3" fromWho="3" sc="205,-10,392,-10,310,-10,83,40" /><INIT seed="3,1,0,5,5,117" ten="195,382,300,123" oya="3" hai0="43,85,119,38,42,31,109,127,70,30,64,101,82" hai1="9,122,71,93,2,36,37,40,100,19,54,134,47" hai2="104,76,59,90,132,27,103,130,96,125,66,56,21" hai3="111,53,39,33,0,87,135,11,63,44,17,77,88"/><W131/><G33/><T16/><D109/><U57/><E71/><V8/><F130/><W98/><G131/><T48/><D119/><U118/><E122/><V92/><F132/><W120/><G120/><T5/><D38/><U86/><E37/><V83/><F125/><W58/><G135/><T35/><D127/><U29/><E29/><V106/><F8/><W3/><G111/><T78/><D101/><U22/><E118/><V80/><F80/><W7/><G77/><T107/><D107/><U123/><E123/><V94/><F94/><W102/><G17/><T99/><D99/><U18/><E134/><V13/><F13/><W73/><G73/><T69/><D5/><U60/><E22/><V25/><F25/><W65/><G0/><T51/><D16/><U89/><E100/><V28/><F59/><W75/><G75/><T74/><D74/><U41/><E41/><V4/><F90/><W46/><G39/><T114/><D114/><U49/><E36/><V79/><F4/><W10/><G10/><T34/><D82/><U95/><E95/><V68/><F68/><W1/><G1/><T52/><D78/><U55/><E40/><V84/><REACH who="2" step="1"/><F76/><REACH who="2" ten="195,382,290,123" step="2"/><W81/><REACH who="3" step="1"/><G65/><REACH who="3" ten="195,382,290,113" step="2"/><T115/><D64/><N who="1" m="38927" /><E9/><V26/><F26/><W128/><G128/><T124/><D124/><U45/><E2/><V61/><AGARI ba="1,2" hai="21,27,28,56,61,66,79,83,84,92,96,103,104,106" machi="61" ten="30,8000,1" yaku="1,1,0,1,25,2,53,1" doraHai="117" doraHaiUra="97" who="2" fromWho="2" sc="195,-21,382,-21,290,103,113,-41" owari="174,-23.0,361,16.0,393,50.0,72,-43.0" /></mjloggm>