<mjloggm ver="2.3"><GO type="169" lobby="0"/><UN n0="%E8%AB%BE" n1="%E3%83%99%E3%83%AB%E3%81%A0%E3%81%91%E8%A8%AD%E5%AE%9A%EF%BC%96" n2="%E3%81%8A%E3%81%A7%E3%82%93%E3%81%A4%E3%81%8F%E3%82%8D%EF%BC%81" n3="%E3%82%A6%E3%83%AB%E3%83%88%E3%83%A9%E7%AB%8B%E7%9B%B4" dan="16,17,16,18" rate="2083.58,2109.80,2037.44,2189.57" sx="M,M,M,M"/><TAIKYOKU oya="0"/><INIT seed="0,0,0,1,5,51" ten="250,250,250,250" oya="0" hai0="98,86,87,34,85,16,57,36,5,80,110,13,72" hai1="119,76,105,107,129,120,78,130,103,20,41,3,45" hai2="44,70,106,17,47,117,108,77,35,59,113,79,116" hai3="114,64,6,132,126,68,29,21,18,127,58,11,24"/><T82/><D34/><U96/><E3/><V93/><F70/><W121/><G68/><T122/><D36/><U54/><E119/><N who="2" m="45643" /><F106/><W95/><G114/><T71/><D72/><U97/><E120/><V37/><F35/><W94/><G132/><T14/><D71/><U50/><E20/><V66/><F108/><W84/><G18/><T15/><D110/><U111/><E111/><V92/><F17/><W75/><G75/><T40/><D40/><U104/><E41/><N who="2" m="22575" /><F47/><W73/><G73/><T25/><D5/><U74/><E74/><V52/><F66/><W8/><G121/><T4/><D122/><U19/><E19/><V63/><F113/><W46/><G46/><T125/><D98/><N who="1" m="37995" /><E103/><V135/><F135/><W23/><G6/><T62/><D125/><U42/><E42/><V128/><F128/><AGARI ba="0,0" hai="45,50,54,76,78,104,105,107,128,129,130" m="37995" machi="128" ten="40,2600,0" yaku="19,1,52,1" doraHai="51" who="1" fromWho="2" sc="250,0,250,26,250,-26,250,0" /><INIT seed="1,0,0,0,0,82" ten="250,276,224,250" oya="1" hai0="5,75,47,112,60,135,113,121,23,6,78,129,32" hai1="41,42,58,62,109,127,68,86,15,21,43,19,128" hai2="64,91,0,71,117,134,2,51,10,63,70,76,83" hai3="49,92,97,4,107,8,11,89,88,3,126,101,98"/><U115/><E115/><V61/><F117/><W45/><G126/><T37/><D32/><U24/><E68/><V100/><F100/><W110/><G110/><T18/><D121/><U59/><E127/><V130/><F130/><W57/><G11/><T105/><D129/><U81/><E128/><V38/><F38/><W16/><G57/><T39/><D105/><U80/><E109/><V20/><F91/><W17/><REACH who="3" step="1"/><G89/><REACH who="3" ten="250,276,224,240" step="2"/><T103/><D113/><U108/><E108/><V65/><F134/><W46/><G46/><T74/><D112/><U102/><E59/><V104/><F10/><W7/><G7/><T87/><D6/><U52/><E102/><V96/><F70/><W14/><G14/><T67/><D103/><U36/><E36/><V119/><F71/><W106/><G106/><T116/><D5/><U85/><E15/><V25/><F2/><W90/><G90/><T114/><D135/><U54/><E54/><AGARI ba="0,1" hai="3,4,8,16,17,45,49,54,88,92,97,98,101,107" machi="54" ten="30,7700,0" yaku="1,1,7,1,54,2,53,0" doraHai="82" doraHaiUra="9" who="3" fromWho="1" sc="250,0,276,-77,224,0,240,87" /><INIT seed="2,0,0,3,3,89" ten="250,199,224,327" oya="2" hai0="134,87,13,130,16,34,60,79,86,6,119,27,44" hai1="61,135,69,85,23,26,45,19,58,97,112,100,62" hai2="103,40,20,76,95,35,102,118,125,81,110,73,17" hai3="55,10,75,132,21,52,14,30,111,49,120,84,64"/><V11/><F35/><W80/><G75/><T29/><D119/><U105/><E112/><V123/><F118/><W126/><G120/><T66/><D134/><U128/><E135/><V8/><F123/><W101/><G132/><T0/><D130/><U96/><E128/><V38/><F125/><W88/><G111/><T106/><D106/><U18/><E69/><V107/><F107/><W92/><G64/><T12/><D44/><U67/><E85/><V28/><F28/><W41/><G41/><T37/><D12/><U104/><E61/><V98/><F110/><W131/><G126/><T22/><D37/><U109/><E109/><V25/><REACH who="2" step="1"/><F103/><REACH who="2" ten="250,199,214,327" step="2"/><W59/><G101/><T129/><D129/><U124/><E124/><V83/><F83/><W56/><G80/><T127/><D127/><U115/><E104/><V50/><F50/><N who="3" m="30743" /><G131/><T1/><D79/><U48/><E105/><V4/><F4/><N who="3" m="3399" /><G30/><T68/><REACH who="0" step="1"/><D0/><REACH who="0" ten="240,199,214,327" step="2"/><U70/><E115/><V53/><F53/><W3/><G3/><T90/><D90/><U46/><E100/><V91/><F91/><W63/><G49/><T71/><D71/><U15/><E70/><V117/><F117/><W43/><G43/><T122/><D122/><U74/><E48/><V77/><F77/><W31/><G55/><T36/><D36/><U93/><E67/><V72/><F72/><W78/><G78/><T108/><D108/><U99/><E74/><V51/><F51/><W54/><G54/><T133/><D133/><U113/><E113/><V5/><F5/><W33/><G88/><T121/><D121/><U9/><E62/><RYUUKYOKU ba="0,2" sc="240,15,199,-15,214,15,327,-15" hai0="1,6,13,16,22,27,29,34,60,66,68,86,87" hai2="8,11,17,20,25,38,40,73,76,81,95,98,102" /><INIT seed="2,1,2,5,5,15" ten="255,184,229,312" oya="2" hai0="131,4,33,68,89,82,96,64,38,124,62,46,61" hai1="85,128,86,99,32,123,135,31,83,95,45,100,50" hai2="8,118,42,16,25,111,63,90,67,79,87,121,28" hai3="127,71,18,78,13,93,91,72,104,37,102,39,74"/><V109/><F118/><W98/><G71/><T113/><D124/><U11/><E128/><V120/><F79/><W122/><G127/><T53/><D33/><U57/><E135/><V81/><F42/><W70/><G70/><T26/><D26/><U56/><E123/><V94/><F81/><W69/><G69/><T19/><D113/><U117/><E117/><V10/><F10/><W21/><G122/><T103/><D4/><U54/><E32/><V97/><F87/><N who="3" m="52479" /><G72/><T52/><D131/><U58/><E31/><V114/><F114/><W101/><G101/><T106/><D61/><U130/><E130/><V34/><F120/><W129/><G129/><T65/><D64/><U5/><REACH who="1" step="1"/><E83/><AGARI ba="1,2" hai="13,18,21,37,39,74,78,83,98,102,104" m="52479" machi="83" ten="30,2000,0" yaku="24,1,52,1" doraHai="15" who="3" fromWho="1" sc="255,0,184,-23,229,0,312,43" /><INIT seed="3,0,0,3,0,106" ten="255,161,229,355" oya="3" hai0="119,62,0,56,14,20,89,103,69,102,122,65,84" hai1="36,80,50,8,61,108,15,53,91,30,76,86,132" hai2="63,21,40,113,38,49,128,18,129,44,133,41,101" hai3="96,131,64,29,120,71,1,100,51,107,4,37,13"/><W121/><G131/><T94/><D119/><U135/><E36/><V82/><F113/><W124/><G124/><T109/><D0/><U6/><E108/><V26/><F133/><W31/><G13/><T87/><D109/><U90/><E30/><V127/><F127/><W72/><G51/><T28/><D122/><U16/><E135/><V27/><F101/><N who="0" m="38410" /><D69/><U39/><E39/><V11/><F11/><N who="3" m="2447" /><G29/><T75/><D75/><U98/><E132/><V3/><F3/><W57/><G57/><T2/><D2/><U92/><E61/><V23/><F63/><N who="3" m="40351" /><G31/><T7/><D7/><U67/><E67/><V95/><F95/><W123/><G37/><T130/><D130/><N who="2" m="50282" /><F82/><W93/><G93/><T43/><D43/><U32/><E32/><V34/><F34/><W81/><G81/><T58/><D58/><U22/><E91/><V112/><F112/><W105/><G105/><T46/><D46/><U9/><REACH who="1" step="1"/><E6/><REACH who="1" ten="255,151,229,355" step="2"/><V134/><F134/><W99/><G123/><T5/><D5/><U55/><E55/><N who="2" m="30119" /><F38/><W68/><G121/><T70/><D70/><U79/><E79/><V115/><F115/><W85/><G68/><T126/><D126/><U110/><E110/><V19/><AGARI ba="0,1" hai="18,19,21,23,26,27,40,41" m="30119,50282" machi="19" ten="30,1100,0" yaku="19,1" doraHai="106" who="2" fromWho="2" sc="255,-3,151,-3,229,21,355,-5" /><INIT seed="4,0,0,3,0,134" ten="252,148,250,350" oya="0" hai0="116,68,10,91,107,120,86,97,35,37,18,20,123" hai1="124,53,51,70,41,128,77,21,47,29,118,84,55" hai2="122,26,109,89,27,131,133,49,92,105,58,65,22" hai3="108,82,110,57,25,64,15,80,126,50,17,132,106"/><T24/><D37/><U104/><E104/><V6/><F105/><W60/><G106/><T100/><D68/><U36/><E118/><V127/><F109/><W39/><G82/><T2/><D116/><U74/><E74/><V14/><F122/><W19/><G80/><T3/><D35/><U42/><E29/><V33/><F33/><W46/><G25/><T113/><D113/><U130/><E21/><V44/><F131/><N who="1" m="50217" /><E84/><V31/><F133/><W56/><G17/><T87/><D87/><U52/><E77/><V32/><F14/><W1/><G19/><T98/><D98/><U45/><E70/><V4/><F58/><W90/><G56/><T23/><D23/><U114/><E114/><V88/><F65/><W9/><G57/><T94/><D3/><U125/><AGARI ba="0,0" hai="36,41,42,45,47,51,52,53,55,124,125" m="50217" machi="125" ten="40,12000,2" yaku="19,1,34,2,52,2,54,1" doraHai="134" who="1" fromWho="1" sc="252,-60,148,120,250,-30,350,-30" /><INIT seed="5,0,0,5,3,58" ten="192,268,220,320" oya="1" hai0="23,80,109,12,103,65,29,26,78,31,113,102,97" hai1="46,9,132,57,25,27,121,56,47,36,70,79,62" hai2="93,50,1,19,3,91,126,63,59,124,30,53,15" hai3="20,82,37,75,44,24,116,17,77,94,73,61,125"/><U33/><E121/><V39/><F39/><W2/><G2/><T90/><D113/><U28/><E132/><V96/><F30/><W8/><G125/><N who="2" m="48233" /><F50/><W87/><G8/><AGARI ba="0,0" hai="1,3,8,15,19,53,59,63,91,93,96" m="48233" machi="8" ten="30,2000,0" yaku="18,1,52,1" doraHai="58" who="2" fromWho="3" sc="192,0,268,0,220,20,320,-20" /><INIT seed="6,0,0,5,0,118" ten="192,268,240,300" oya="2" hai0="54,17,97,119,96,86,85,134,82,92,109,23,0" hai1="90,36,131,15,69,20,62,100,115,60,5,101,16" hai2="63,122,31,46,83,4,29,59,65,61,41,102,80" hai3="107,72,108,106,18,78,77,50,133,81,43,113,1"/><V125/><F122/><W58/><G1/><T12/><D109/><U28/><E36/><V64/><F4/><W87/><G108/><T117/><D134/><U112/><E131/><V124/><F102/><N who="1" m="39529" /><E69/><V33/><F33/><W132/><G113/><N who="1" m="43594" /><E28/><V6/><F6/><W71/><G71/><T27/><D0/><U103/><E103/><V57/><F46/><N who="3" m="25951" /><G58/><T105/><D105/><U68/><E68/><V120/><F120/><W22/><G77/><T94/><D117/><U47/><E47/><V114/><F114/><W79/><G78/><T34/><D119/><U10/><E90/><V53/><F53/><W135/><G72/><T110/><D110/><U2/><AGARI ba="0,0" hai="2,5,10,15,16,20,60,62" m="43594,39529" machi="2" ten="30,2000,0" yaku="15,1,54,1" doraHai="118" who="1" fromWho="1" sc="192,-5,268,20,240,-10,300,-5" /><INIT seed="7,0,0,5,0,125" ten="187,288,230,295" oya="3" hai0="54,122,4,42,33,57,48,71,73,130,100,113,6" hai1="55,30,21,110,109,104,131,66,72,119,105,115,49" hai2="52,61,84,91,87,95,78,123,9,134,17,59,90" hai3="86,70,15,40,63,126,65,111,135,121,1,29,0"/><W98/><G121/><T23/><D71/><U106/><E72/><V124/><F124/><W83/><G126/><T99/><D73/><U44/><E66/><V2/><F134/><W69/><G69/><T127/><D122/><U82/><E82/><V47/><F123/><W75/><G75/><T34/><D127/><U22/><E115/><V101/><F101/><W19/><G111/><T79/><D113/><U107/><E107/><V39/><F78/><W51/><G98/><T77/><D42/><U11/><E119/><V116/><F116/><W46/><G29/><T20/><D33/><U10/><E131/><V14/><F2/><W93/><G93/><T114/><D130/><U62/><E62/><V117/><F117/><W76/><G135/><T8/><D114/><U112/><E112/><V88/><REACH who="2" step="1"/><F95/><REACH who="2" ten="187,288,220,295" step="2"/><W64/><G64/><T25/><D77/><U43/><E104/><V85/><F85/><W132/><G132/><T35/><D79/><U118/><E105/><V80/><F80/><W32/><G32/><T68/><D35/><U13/><E106/><V92/><F92/><W24/><G0/><T89/><D34/><U81/><E118/><V103/><F103/><W3/><G1/><T27/><D68/><U67/><E81/><V129/><F129/><W31/><G3/><T50/><D100/><U97/><E110/><V26/><F26/><N who="0" m="9738" /><D99/><U37/><E109/><V128/><F128/><W45/><G24/><T96/><D96/><U16/><E97/><V53/><F53/><W120/><G120/><T38/><D54/><U74/><E55/><V18/><F18/><RYUUKYOKU ba="0,1" sc="187,-10,288,-10,220,30,295,-10" hai2="9,14,17,39,47,52,59,61,84,87,88,90,91" /><INIT seed="8,1,1,5,3,53" ten="177,278,250,285" oya="0" hai0="70,111,114,105,37,132,126,42,64,62,19,66,81" hai1="123,100,129,32,107,33,71,51,77,106,10,90,31" hai2="95,48,59,122,22,85,72,13,89,87,34,23,25" hai3="28,101,12,134,110,109,21,11,35,49,24,69,127"/><T86/><D105/><U96/><E123/><V88/><F72/><W83/><G69/><T41/><D111/><U6/><E107/><V119/><F122/><W133/><G101/><T8/><D126/><U67/><E77/><V102/><F102/><W74/><G127/><T9/><D114/><U121/><E121/><V104/><F104/><W39/><G39/><T5/><D132/><N who="3" m="50793" /><G21/><T20/><D64/><U16/><E16/><N who="2" m="10511" /><F34/><W82/><G49/><T44/><D41/><U58/><E129/><V79/><F79/><N who="3" m="44407" /><G83/><T45/><D45/><U43/><E71/><V80/><F119/><W98/><G98/><T118/><D118/><U56/><E33/><V99/><F99/><W103/><G103/><T117/><D117/><U54/><E32/><V17/><F48/><W76/><G76/><T63/><D5/><AGARI ba="1,1" hai="5,11,12,24,28,35,109,110" m="44407,50793" machi="5" ten="30,1000,0" yaku="20,1" doraHai="53" who="3" fromWho="0" sc="177,-13,278,0,250,0,285,23" owari="164,-34.0,278,8.0,250,-15.0,308,41.0" /></mjloggm>