<mjloggm ver="2.3"><GO type="41" lobby="0"/><UN n0="%E9%BB%92%E9%9B%B2" n1="%6D%69%6F%64%61%7A%65" n2="%E3%82%A2%E3%83%A1%E3%83%AA%E3%82%A2" n3="%E5%B0%B1%E6%B4%BB%E7%94%9F%40%E5%B7%9D%E6%9D%91%E8%BB%8D%E5%9B%A3" dan="13,13,14,15" rate="1819.49,1908.86,1923.88,1994.97" sx="M,F,M,M"/><TAIKYOKU oya="0"/><INIT seed="0,0,0,0,3,106" ten="250,250,250,250" oya="0" hai0="88,78,3,11,125,32,39,109,90,25,74,79,60" hai1="15,95,127,69,129,31,104,14,58,16,68,4,8" hai2="44,124,53,29,89,5,35,73,48,117,100,22,91" hai3="115,131,55,13,56,65,61,57,121,132,38,67,96"/><T51/><D39/><U23/><E104/><V128/><F117/><W9/><G115/><T50/><D60/><U105/><E105/><V75/><F35/><W20/><G38/><T7/><D125/><U47/><E127/><V42/><F124/><W108/><G108/><T18/><D109/><U63/><E129/><V30/><F5/><W37/><G37/><T130/><D130/><U80/><E31/><V36/><F128/><W99/><G132/><T10/><D10/><U82/><E95/><V120/><F120/><W98/><G131/><T107/><D107/><U93/><E93/><V59/><F100/><W87/><G121/><T19/><D32/><U123/><E123/><V49/><F36/><W102/><G20/><T103/><D103/><U64/><REACH who="1" step="1"/><E47/><REACH who="1" ten="250,240,250,250" step="2"/><V135/><F135/><W134/><G134/><T66/><D25/><U6/><E6/><V110/><F110/><W28/><G28/><T114/><D7/><U133/><E133/><V111/><F111/><W86/><G102/><T85/><D3/><U34/><E34/><V92/><F92/><W43/><G43/><T70/><D114/><U72/><E72/><V119/><F119/><W97/><N who="3" m="24576" /><DORA hai="24" /><W94/><G94/><T52/><D74/><U76/><E76/><V54/><F44/><W40/><G40/><T84/><D79/><U113/><E113/><V122/><F42/><W101/><G101/><T45/><D78/><U1/><E1/><V0/><F0/><W12/><G87/><T83/><D84/><U77/><E77/><V17/><F122/><W2/><G2/><T21/><D85/><RYUUKYOKU ba="0,1" sc="250,-10,240,30,250,-10,250,-10" hai1="4,8,14,15,16,23,58,63,64,68,69,80,82" /><INIT seed="1,1,1,2,4,64" ten="240,270,240,240" oya="1" hai0="10,38,68,2,74,95,130,4,63,27,59,91,134" hai1="76,82,33,48,0,45,81,87,53,25,49,101,102" hai2="9,22,92,56,3,94,131,46,72,103,50,88,79" hai3="60,83,70,14,12,6,113,110,67,19,112,80,111"/><U24/><E0/><V105/><F131/><W8/><G80/><T125/><D130/><U40/><E82/><V47/><F94/><W34/><G34/><T5/><D74/><U71/><E71/><V18/><F9/><W123/><G123/><T116/><D116/><U54/><E33/><V51/><F3/><W57/><G83/><T58/><D125/><U96/><E40/><V17/><F17/><W135/><G135/><T77/><D77/><U86/><E86/><V114/><F114/><W73/><G57/><T85/><D38/><U108/><E108/><N who="3" m="41514" /><G73/><T55/><D59/><U89/><E89/><V128/><F128/><W84/><G84/><T20/><D5/><U75/><E75/><V1/><F1/><W104/><G104/><T121/><D134/><U118/><E118/><V66/><F103/><N who="1" m="39433" /><E96/><V124/><F105/><W43/><G43/><T129/><D129/><U36/><E36/><V13/><F124/><W115/><G12/><T7/><D121/><U52/><E54/><V97/><F51/><W99/><G99/><T90/><D55/><U65/><E65/><V100/><F100/><W62/><G62/><T29/><D2/><U127/><E127/><V117/><F117/><W39/><G39/><T44/><D44/><AGARI ba="1,1" hai="24,25,44,45,48,49,52,53,76,81,87" m="39433" machi="44" ten="30,2900,0" yaku="8,1,54,1" doraHai="64" who="1" fromWho="0" sc="240,-32,270,42,240,0,240,0" /><INIT seed="1,2,0,0,1,128" ten="208,312,240,240" oya="1" hai0="26,40,12,120,115,17,117,125,70,66,57,91,25" hai1="5,46,90,134,35,93,2,15,7,126,55,92,77" hai2="19,24,23,1,127,83,123,76,101,107,75,86,20" hai3="21,111,64,16,14,114,34,38,106,11,121,87,18"/><U85/><E35/><V52/><F123/><W80/><G38/><T78/><D120/><U130/><E2/><V31/><F1/><W116/><G106/><T44/><D117/><U61/><E134/><V74/><F127/><W47/><G34/><T37/><D115/><U72/><E126/><V105/><F105/><W94/><G114/><T100/><D100/><U4/><E72/><V13/><F101/><W108/><G64/><T89/><D78/><U3/><E3/><V33/><F33/><W45/><G94/><T103/><D103/><U10/><E130/><V104/><F104/><W22/><G11/><T30/><D70/><U95/><E77/><V8/><F8/><W79/><G116/><T97/><D125/><U131/><E131/><V82/><F82/><W98/><G98/><T73/><D73/><U0/><E0/><V53/><F107/><W43/><G121/><T49/><D97/><U119/><E119/><V102/><F102/><W122/><G122/><T69/><D69/><U71/><E71/><V99/><F99/><W29/><G29/><T60/><D37/><U110/><E110/><N who="3" m="42026" /><G43/><T68/><D68/><U41/><E41/><V84/><REACH who="2" step="1"/><F75/><REACH who="2" ten="208,312,230,240" step="2"/><W54/><G54/><AGARI ba="2,1" hai="13,19,20,23,24,31,52,53,54,74,76,83,84,86" machi="54" ten="40,5200,0" yaku="1,1,2,1,54,1,53,0" doraHai="128" doraHaiUra="135" who="2" fromWho="3" sc="208,0,312,0,230,68,240,-58" /><INIT seed="2,0,0,5,3,10" ten="208,312,298,182" oya="2" hai0="117,93,27,95,30,52,108,69,68,130,12,100,124" hai1="83,37,6,81,133,105,64,39,21,74,40,26,98" hai2="15,54,128,101,77,135,20,78,41,129,99,47,97" hai3="87,112,9,42,65,46,16,50,122,4,71,43,60"/><V18/><F54/><W0/><G122/><T107/><D108/><U35/><E35/><V44/><F135/><W8/><G112/><T22/><D107/><U63/><E133/><V120/><F120/><W90/><G9/><T72/><D72/><U11/><E40/><V96/><F101/><W126/><G126/><T49/><D124/><U17/><E39/><V67/><F67/><W118/><G118/><T106/><D106/><U28/><E37/><V123/><F123/><W32/><G32/><T31/><D31/><U125/><E125/><V132/><F132/><W51/><G16/><T91/><D130/><N who="2" m="50282" /><F44/><W116/><G116/><T102/><D117/><U111/><E111/><V79/><F47/><W62/><G62/><T80/><D80/><U119/><E119/><V70/><F41/><W75/><G75/><T3/><D69/><AGARI ba="0,0" hai="15,18,20,69,70,77,78,79,96,97,99" m="50282" machi="69" ten="40,3900,0" yaku="19,1,52,1" doraHai="10" who="2" fromWho="0" sc="208,-39,312,0,298,39,182,0" /><INIT seed="2,1,0,0,1,116" ten="169,312,337,182" oya="2" hai0="33,32,92,99,67,88,51,5,107,62,129,22,66" hai1="103,77,102,126,111,133,128,41,52,106,119,72,90" hai2="69,58,20,93,109,55,34,37,10,134,4,117,61" hai3="28,27,105,115,29,108,123,132,98,15,2,101,78"/><V35/><F117/><W54/><G2/><T127/><D127/><U65/><E119/><V8/><F37/><W13/><G115/><T17/><D129/><U95/><E133/><V40/><F40/><W14/><G132/><T124/><D124/><U63/><E128/><V31/><F134/><W71/><G108/><T83/><D5/><U49/><E126/><V120/><F120/><W75/><G71/><T130/><D130/><U89/><E111/><V23/><F69/><W79/><G123/><T19/><D19/><U114/><E114/><V74/><F74/><W87/><G75/><T73/><D51/><U94/><E106/><V135/><F135/><W44/><G87/><T86/><D107/><U48/><E77/><V91/><F109/><W97/><G97/><T80/><D73/><U36/><E72/><V118/><F118/><W76/><G27/><T112/><D112/><U30/><E30/><V0/><F10/><W25/><G25/><T96/><D96/><N who="1" m="57423" /><E36/><V70/><F70/><W104/><G104/><T56/><D67/><U3/><E41/><V64/><F64/><W24/><G24/><T7/><D7/><U84/><E3/><V113/><F113/><W110/><G110/><T11/><D11/><U43/><E43/><V50/><F61/><W125/><G125/><T46/><D46/><N who="1" m="27671" /><E49/><V121/><F121/><W12/><N who="3" m="3072" /><DORA hai="81" /><W100/><G44/><T85/><D33/><N who="2" m="12298" /><F31/><W16/><G28/><T53/><D32/><U42/><E42/><V26/><F26/><W68/><G29/><T131/><D131/><U1/><E1/><V21/><F21/><RYUUKYOKU ba="1,0" sc="169,-15,312,15,337,15,182,-15" hai1="63,65,84,90,95,102,103" hai2="0,4,8,20,23,50,55,58,91,93" /><INIT seed="2,2,0,5,5,30" ten="154,327,352,167" oya="2" hai0="46,88,111,79,75,101,58,135,93,85,126,3,10" hai1="117,39,18,6,125,34,21,65,102,54,69,44,76" hai2="25,118,70,131,87,73,59,13,94,66,24,127,123" hai3="89,98,55,133,48,74,53,128,2,36,23,80,134"/><V0/><F0/><W52/><G2/><T14/><D3/><U96/><E117/><V43/><F127/><W110/><G36/><T112/><D112/><U15/><E76/><V45/><F73/><W86/><G74/><T57/><D126/><U72/><E72/><V121/><F70/><W77/><G128/><T11/><D111/><U63/><E125/><V22/><F118/><W130/><G130/><T61/><D135/><N who="3" m="51721" /><G110/><T67/><D101/><U71/><E6/><V104/><F104/><W16/><G98/><T38/><D75/><U1/><E1/><V95/><F131/><W81/><G81/><T84/><D79/><U33/><E71/><V31/><F121/><W82/><G82/><T92/><D92/><U97/><E97/><V37/><F13/><N who="3" m="9615" /><G89/><T17/><D85/><U4/><E4/><V105/><F105/><W115/><G115/><T129/><D129/><U9/><E9/><V113/><F113/><W40/><G40/><T120/><D11/><U62/><E62/><V103/><F123/><W42/><G42/><T28/><D120/><U35/><E39/><V27/><F95/><W132/><N who="3" m="51729" /><W20/><DORA hai="49" /><G20/><T47/><D38/><U90/><E90/><V26/><F87/><W50/><AGARI ba="2,0" hai="48,50,52,53,55,77,80,86" m="9615,51729" machi="50" ten="50,12000,2" yaku="20,1,52,3,54,2" doraHai="30,49" who="3" fromWho="3" sc="154,-32,327,-32,352,-62,167,126" /><INIT seed="3,0,0,4,3,104" ten="122,295,290,293" oya="3" hai0="73,34,54,100,76,101,51,36,41,90,14,21,66" hai1="99,16,78,28,80,40,30,87,109,3,50,93,65" hai2="106,12,134,4,0,57,102,2,55,5,68,23,64" hai3="124,122,32,11,112,56,33,105,6,53,7,120,125"/><W74/><G105/><T27/><D34/><N who="3" m="13417" /><G112/><T113/><D66/><U75/><E109/><V42/><F42/><W62/><G74/><T123/><D123/><N who="3" m="47145" /><G11/><T60/><D113/><U128/><E128/><V79/><F79/><W46/><G46/><T43/><D76/><U85/><E3/><V107/><F134/><W13/><G13/><T127/><D73/><U103/><E65/><V37/><F37/><W35/><N who="3" m="13425" /><W130/><DORA hai="31" /><G130/><T97/><D36/><U19/><E87/><V67/><F23/><W96/><G96/><T58/><D97/><U95/><E95/><V63/><F12/><W22/><G22/><T110/><D14/><U47/><E75/><V24/><F24/><W98/><G98/><T115/><D21/><U29/><AGARI ba="0,0" hai="16,19,28,29,30,40,47,50,78,80,85,93,99,103" machi="29" ten="30,4000,0" yaku="0,1,8,1,54,1" doraHai="104,31" who="1" fromWho="1" sc="122,-10,295,40,290,-10,293,-20" /><INIT seed="4,0,0,1,4,34" ten="112,335,280,273" oya="0" hai0="123,124,129,18,128,44,98,38,42,12,118,85,111" hai1="0,23,53,30,1,102,81,6,10,73,2,99,121" hai2="60,8,33,122,77,86,116,20,3,54,66,119,32" hai3="5,114,28,100,55,110,106,68,26,67,7,71,64"/><T93/><D118/><U126/><E121/><V52/><F122/><W83/><G114/><T39/><D123/><U43/><E126/><V36/><F36/><W134/><G134/><T35/><D35/><U103/><E103/><V108/><F108/><W16/><G110/><T4/><D111/><U115/><E115/><V107/><F107/><W15/><G83/><T133/><D124/><U75/><E43/><V49/><F20/><W91/><G91/><N who="0" m="55615" /><D133/><U27/><E53/><V37/><F37/><W70/><G100/><T132/><D39/><U47/><E47/><V41/><F41/><W57/><G106/><T130/><D132/><U46/><E46/><V127/><F127/><W21/><G5/><T104/><D104/><U65/><E65/><V109/><F109/><W17/><G7/><T76/><D4/><U125/><E125/><V45/><F54/><W61/><REACH who="3" step="1"/><G17/><REACH who="3" ten="112,335,280,263" step="2"/><T87/><D76/><U62/><E81/><V48/><F119/><W19/><G19/><T82/><D82/><U11/><E11/><AGARI ba="0,1" hai="11,15,16,21,26,28,55,57,61,64,67,68,70,71" machi="11" ten="40,2600,0" yaku="1,1,54,1,53,0" doraHai="34" doraHaiUra="72" who="3" fromWho="1" sc="112,0,335,-26,280,0,263,36" /><AGARI ba="0,0" hai="11,12,18,38,42,44,85,87,128,129,130" m="55615" machi="11" ten="30,1500,0" yaku="19,1" doraHai="34" who="0" fromWho="1" sc="112,15,309,-15,280,0,299,0" /><INIT seed="4,1,0,4,5,46" ten="127,294,280,299" oya="0" hai0="31,28,73,83,61,29,109,62,106,18,15,128,3" hai1="114,77,50,123,41,119,60,116,37,13,85,135,22" hai2="69,53,48,42,65,64,121,47,1,105,10,25,36" hai3="84,110,81,120,86,67,104,27,7,16,0,9,132"/><T94/><D3/><U56/><E123/><V75/><F105/><W51/><G110/><T63/><D106/><U5/><E135/><V95/><F75/><W117/><G132/><T82/><D109/><U44/><E114/><V55/><F121/><W35/><G104/><T20/><D128/><U54/><E37/><V24/><F55/><W49/><G67/><T66/><D73/><U90/><E22/><V129/><F129/><W4/><G117/><T74/><D74/><U130/><E130/><V14/><F1/><W107/><G107/><T122/><D66/><U34/><E34/><V11/><F11/><W115/><G115/><T43/><D122/><U112/><E112/><V98/><F69/><W124/><G124/><T91/><REACH who="0" step="1"/><D43/><REACH who="0" ten="117,294,280,299" step="2"/><U57/><E119/><V96/><F65/><W97/><G120/><T70/><D70/><U17/><E116/><V6/><F64/><W23/><G35/><T111/><D111/><U79/><E5/><V103/><REACH who="2" step="1"/><F98/><AGARI ba="1,1" hai="15,18,20,28,29,31,61,62,63,82,83,91,94,98" machi="98" ten="40,12000,1" yaku="1,1,8,1,53,3" doraHai="46" doraHaiUra="26" who="0" fromWho="2" sc="117,133,294,0,280,-123,299,0" /><INIT seed="4,2,0,1,0,4" ten="250,294,157,299" oya="0" hai0="88,72,9,104,45,99,79,5,122,111,85,40,115" hai1="18,41,100,119,77,118,60,52,131,11,117,92,103" hai2="94,56,6,121,23,101,20,24,81,82,124,54,108" hai3="123,107,93,95,75,133,113,58,70,62,90,2,120"/><T19/><D122/><N who="3" m="46633" /><G107/><T27/><D115/><U38/><E77/><V43/><F121/><W55/><G75/><T128/><D128/><U7/><E131/><V28/><F124/><W46/><G133/><T67/><D67/><U12/><E41/><V30/><F108/><W44/><G113/><T31/><D111/><U110/><E38/><V98/><F43/><W33/><G33/><T69/><D104/><U84/><E110/><V47/><F47/><N who="3" m="17963" /><G2/><T102/><D19/><U63/><E18/><V132/><F132/><W48/><G90/><T49/><D72/><U0/><E0/><V87/><F87/><W15/><G15/><N who="0" m="5551" /><D27/><U86/><E86/><V125/><F125/><W74/><G74/><T89/><D31/><U25/><E25/><V129/><F129/><W96/><G96/><T10/><D99/><U91/><E63/><V80/><F6/><W13/><G13/><T21/><D102/><U39/><REACH who="1" step="1"/><E39/><REACH who="1" ten="250,284,157,299" step="2"/><V134/><F134/><W53/><G70/><T106/><D85/><U127/><E127/><V126/><F126/><W37/><G37/><T14/><D79/><U83/><E83/><V50/><REACH who="2" step="1"/><F30/><REACH who="2" ten="250,284,147,299" step="2"/><W105/><G62/><T76/><D49/><U78/><E78/><V109/><F109/><W57/><G48/><T97/><D76/><U32/><E32/><AGARI ba="2,2" hai="20,23,24,28,32,50,54,56,80,81,82,94,98,101" machi="32" ten="40,1300,0" yaku="1,1,53,0" doraHai="4" doraHaiUra="59" who="2" fromWho="1" sc="250,0,284,-19,147,39,299,0" /><INIT seed="5,0,0,1,5,1" ten="250,265,186,299" oya="1" hai0="18,68,54,79,16,88,87,14,34,40,64,2,106" hai1="53,74,121,7,77,96,76,122,26,46,25,6,47" hai2="105,28,103,32,91,12,98,83,3,50,48,132,84" hai3="82,70,118,56,33,97,63,44,120,20,131,4,15"/><U114/><E114/><V72/><F3/><W113/><G33/><T10/><D2/><U41/><E53/><V81/><F132/><W115/><G70/><T38/><D34/><U86/><E86/><V92/><F28/><W49/><G120/><T35/><D35/><U45/><E96/><V55/><F55/><W19/><G131/><T124/><D124/><U60/><E60/><V108/><F81/><W73/><G118/><T80/><D106/><U21/><E41/><V99/><F99/><W134/><G134/><T17/><D54/><U31/><E74/><V90/><F90/><W42/><G97/><T123/><D123/><U52/><E52/><V116/><F116/><W71/><G71/><T59/><D68/><U111/><E111/><V94/><F94/><W61/><G4/><N who="1" m="1578" /><E122/><V8/><F32/><W29/><G29/><T58/><D64/><U112/><E121/><V9/><F108/><W85/><G73/><T125/><D125/><U65/><E112/><N who="3" m="43082" /><G56/><N who="0" m="21547" /><D40/><U95/><E95/><V0/><F0/><W51/><G51/><N who="2" m="19497" /><F12/><W119/><G119/><T102/><D38/><U62/><E26/><V109/><F109/><W104/><G104/><T5/><D102/><U127/><E127/><V128/><F128/><W27/><G27/><T135/><D135/><U23/><E23/><V57/><F57/><AGARI ba="0,0" hai="21,25,31,45,46,47,57,62,65,76,77" m="1578" machi="57" ten="30,11600,0" yaku="8,1,52,3" doraHai="1" who="1" fromWho="2" sc="250,0,265,116,186,-116,299,0" /><INIT seed="5,1,0,0,4,132" ten="250,381,70,299" oya="1" hai0="90,39,108,10,45,53,77,122,109,57,83,112,124" hai1="60,18,4,123,29,7,61,38,21,32,134,100,23" hai2="97,44,52,11,117,93,9,115,12,69,5,116,8" hai3="101,55,105,16,119,92,0,121,75,49,88,30,65"/><U73/><E123/><V58/><F69/><W71/><G0/><T31/><D112/><U95/><E38/><V1/><F115/><W22/><G75/><T78/><D122/><U130/><E73/><V84/><F44/><W99/><G121/><T51/><D31/><U48/><E32/><V14/><F117/><W25/><G119/><T96/><D124/><U85/><E134/><V118/><F118/><W98/><G71/><T76/><D10/><U67/><E130/><V15/><F116/><W34/><G65/><T56/><D39/><U104/><E104/><V89/><F1/><W131/><G131/><T107/><D107/><U91/><E100/><V46/><F46/><W79/><G79/><T113/><D113/><U94/><E48/><V20/><F5/><N who="1" m="2121" /><E67/><V2/><F2/><W62/><G62/><T120/><D120/><U13/><E95/><V133/><F133/><W24/><G49/><T86/><D96/><U27/><AGARI ba="1,0" hai="13,18,21,23,27,29,60,61,85,91,94" m="2121" machi="27" ten="30,1500,0" yaku="8,1" doraHai="132" who="1" fromWho="1" sc="250,-6,381,18,70,-6,299,-6" /><INIT seed="5,2,0,0,2,102" ten="244,399,64,293" oya="1" hai0="46,18,50,17,109,108,63,98,134,36,13,16,45" hai1="117,100,94,131,38,112,71,92,116,79,24,20,91" hai2="41,135,80,49,32,22,129,104,6,61,60,42,115" hai3="133,3,7,70,26,33,120,21,5,53,128,85,73"/><U96/><E71/><V67/><F115/><W14/><G73/><T111/><D134/><U130/><E38/><V77/><F32/><W8/><G70/><T40/><D63/><U27/><E112/><V106/><F135/><W28/><G120/><T65/><D65/><U118/><E27/><V30/><F6/><W119/><G128/><N who="1" m="49194" /><E20/><V62/><F129/><W122/><G122/><T11/><REACH who="0" step="1"/><D98/><REACH who="0" ten="234,399,64,293" step="2"/><N who="1" m="57631" /><E24/><V58/><F67/><W83/><G133/><T126/><D126/><U59/><E59/><V75/><F58/><W10/><G119/><T19/><D19/><U54/><E54/><AGARI ba="2,1" hai="11,13,16,17,18,36,40,45,46,50,54,108,109,111" machi="54" ten="40,2600,0" yaku="1,1,54,1,53,0" doraHai="102" doraHaiUra="72" who="0" fromWho="1" sc="234,42,399,-32,64,0,293,0" /><INIT seed="6,0,0,5,2,85" ten="276,367,64,293" oya="2" hai0="109,75,117,20,0,129,122,50,90,105,114,128,26" hai1="51,130,119,54,27,1,111,98,82,29,40,88,58" hai2="7,45,132,2,127,87,120,106,37,42,13,8,115" hai3="18,41,68,17,16,134,66,32,84,19,10,77,107"/><V33/><F120/><W110/><G110/><T121/><D109/><U95/><E111/><V96/><F127/><W74/><G74/><T94/><D0/><U92/><E130/><N who="0" m="50281" /><D114/><U63/><E119/><V11/><F115/><W38/><G107/><T83/><D105/><U57/><E1/><V5/><F132/><W116/><G32/><T6/><D6/><U89/><E82/><V70/><F70/><W60/><G116/><T65/><D65/><U76/><E76/><V48/><F33/><W47/><G134/><T36/><D36/><U131/><E131/><V93/><F106/><W55/><G10/><T22/><D117/><U86/><E40/><V135/><F135/><W108/><G108/><T44/><D83/><U81/><E81/><V35/><F35/><W34/><G34/><T73/><D75/><U104/><E104/><V99/><F37/><W72/><G72/><T9/><D9/><U126/><E126/><V39/><REACH who="2" step="1"/><F39/><REACH who="2" ten="276,367,54,293" step="2"/><W28/><G38/><T80/><D121/><U118/><E118/><V64/><F64/><W25/><G66/><T14/><D122/><U67/><E29/><V56/><F56/><W100/><G68/><T69/><D69/><U71/><E71/><V91/><AGARI ba="0,1" hai="2,5,7,8,11,13,42,45,48,87,91,93,96,99" machi="91" ten="30,6000,0" yaku="1,1,0,1,52,1,53,0" doraHai="85" doraHaiUra="21" who="2" fromWho="2" sc="276,-20,367,-20,54,70,293,-20" /><INIT seed="6,1,0,5,0,78" ten="256,347,124,273" oya="2" hai0="24,128,2,14,27,16,57,77,43,132,59,20,99" hai1="36,32,133,29,65,35,21,67,40,44,5,0,62" hai2="85,53,33,102,84,38,129,95,50,123,54,87,76" hai3="113,121,70,6,8,106,96,90,18,52,11,120,47"/><V17/><F33/><W12/><G70/><T97/><D128/><U72/><E133/><V7/><F7/><W49/><G113/><T101/><D132/><U73/><E67/><V93/><F38/><W131/><G131/><T26/><D2/><U103/><E103/><V15/><F123/><W13/><REACH who="3" step="1"/><G90/><REACH who="3" ten="256,347,124,263" step="2"/><T30/><D77/><U118/><E118/><V9/><F129/><W46/><G46/><T61/><D101/><AGARI ba="1,1" hai="6,8,11,12,13,18,47,49,52,96,101,106,120,121" machi="101" ten="40,2600,0" yaku="1,1,54,1,53,0" doraHai="78" doraHaiUra="74" who="3" fromWho="0" sc="256,-29,347,0,124,0,263,39" /><INIT seed="7,0,0,5,1,8" ten="227,347,124,302" oya="3" hai0="79,117,0,120,87,100,59,126,81,31,104,105,45" hai1="51,116,41,7,90,4,130,47,111,96,44,106,67" hai2="16,85,99,88,58,131,77,127,73,60,86,61,19" hai3="91,15,109,64,3,123,75,132,32,42,108,124,63"/><W68/><G3/><T92/><D0/><U57/><E111/><N who="3" m="42570" /><G75/><T35/><D35/><U114/><E130/><V69/><F131/><W12/><G123/><T36/><D31/><U72/><E72/><V113/><F113/><W94/><G124/><T133/><D126/><U21/><E114/><V10/><F127/><W49/><G132/><T54/><D120/><U17/><E116/><V107/><F107/><W62/><G32/><T27/><D133/><U129/><E129/><V119/><F119/><W110/><G110/><T76/><D117/><U28/><E28/><V83/><F69/><W34/><G34/><T118/><D76/><U30/><E30/><V102/><F102/><W11/><G11/><T1/><D1/><U33/><E33/><V5/><F99/><N who="3" m="57823" /><G63/><T66/><D118/><U65/><E106/><V18/><F73/><W84/><G84/><T56/><D87/><U89/><E47/><AGARI ba="0,0" hai="12,15,42,47,49,62,64,68" m="57823,42570" machi="47" ten="30,5800,0" yaku="10,1,52,2" doraHai="8" who="3" fromWho="1" sc="227,0,347,-58,124,0,302,58" owari="227,-17.0,289,9.0,124,-38.0,360,46.0" /></mjloggm>