<mjloggm ver="2.3"><GO type="97" lobby="0"/><UN n0="%E5%B0%B1%E6%B4%BB%E7%94%9F%40%E5%B7%9D%E6%9D%91%E8%BB%8D%E5%9B%A3" n1="%E9%A6%AC%E6%9D%89%E5%AF%A7%E9%A6%99" n2="%E3%81%A9%E3%81%90%E3%81%95%E3%82%8C%E3%81%86%E3%81%AA%E3%81%8E" n3="%72%65%3A%E3%81%BF%E3%81%AA%E3%81%84%E3%81%A0%E3%82%93" dan="16,15,15,16" rate="2085.63,2139.47,2038.26,1997.36" sx="M,F,M,M"/><TAIKYOKU oya="0"/><INIT seed="0,0,0,2,2,120" ten="250,250,250,250" oya="0" hai0="0,24,48,93,112,16,90,30,91,75,86,78,10" hai1="29,87,129,127,52,130,49,18,23,124,12,76,25" hai2="96,5,14,79,70,45,50,47,66,131,35,121,110" hai3="34,89,135,65,68,56,69,94,64,85,11,98,54"/><T63/><D112/><U4/><E76/><V67/><F35/><W59/><G34/><T83/><D63/><U101/><E101/><V88/><F121/><W32/><G32/><T9/><D0/><U82/><E82/><V73/><F131/><N who="1" m="50185" /><E87/><V55/><F110/><W17/><G68/><T43/><D90/><U103/><E103/><V97/><F97/><W81/><G69/><T61/><D61/><U99/><E99/><V102/><F102/><W128/><G128/><T119/><D119/><U84/><E84/><V37/><F70/><W133/><G11/><T118/><D118/><U105/><E105/><V31/><F31/><W95/><G17/><T117/><D117/><U108/><E4/><V39/><F73/><W3/><G3/><T125/><D125/><N who="1" m="48203" /><E108/><V132/><F79/><W116/><G116/><T2/><D2/><U57/><E12/><V72/><F14/><W109/><G109/><T80/><D80/><U46/><E46/><V22/><F45/><W1/><G1/><T106/><D106/><U44/><E44/><V123/><F47/><W19/><G81/><T51/><D43/><U58/><E58/><V33/><F96/><W71/><G71/><T60/><D60/><U38/><E29/><V104/><F104/><W126/><G126/><T62/><D62/><U92/><E92/><V134/><F5/><W113/><G95/><T114/><D114/><U77/><E77/><V15/><F15/><W122/><G98/><T20/><D10/><U6/><E6/><V8/><F8/><W74/><G94/><T28/><D9/><U42/><E42/><RYUUKYOKU ba="0,0" sc="250,15,250,15,250,-15,250,-15" hai0="16,20,24,28,30,48,51,75,78,83,86,91,93" hai1="18,23,25,38,49,52,57" /><INIT seed="0,1,0,2,2,36" ten="265,265,235,235" oya="0" hai0="118,63,2,1,16,37,72,49,116,109,95,132,100" hai1="21,92,20,23,80,59,114,30,73,62,18,12,129" hai2="90,91,8,35,46,33,29,81,119,34,32,38,108" hai3="64,113,112,124,52,76,88,106,26,56,122,127,130"/><T15/><D37/><U28/><E129/><V39/><F108/><W3/><G106/><T4/><D72/><U133/><E133/><V89/><F119/><W107/><G107/><T43/><D132/><U115/><E92/><V75/><F8/><W102/><G102/><T98/><D109/><U57/><E73/><V17/><F17/><W103/><G103/><T111/><D111/><U93/><E80/><V99/><F99/><W131/><G3/><T14/><D63/><U104/><E104/><V61/><F61/><W134/><G134/><T65/><D65/><N who="1" m="39119" /><E59/><V47/><F47/><W77/><G64/><T44/><D15/><U70/><E70/><V126/><F126/><N who="3" m="48171" /><G26/><T128/><D128/><N who="3" m="49193" /><G88/><T78/><D78/><N who="3" m="30313" /><G122/><T55/><D2/><U135/><E135/><V101/><F101/><W13/><G13/><T5/><D1/><U71/><E93/><V125/><F125/><W24/><G24/><T123/><D123/><U110/><E110/><V66/><F66/><W58/><G58/><T7/><REACH who="0" step="1"/><D55/><REACH who="0" ten="255,265,235,235" step="2"/><U83/><E12/><V97/><F75/><W25/><G25/><T87/><D87/><U105/><E30/><V40/><F29/><W68/><G68/><T9/><AGARI ba="1,1" hai="4,5,7,9,14,16,43,44,49,95,98,100,116,118" machi="9" ten="30,11700,0" yaku="1,1,0,1,52,1,54,1,53,0" doraHai="36" doraHaiUra="60" who="0" fromWho="0" sc="255,130,265,-40,235,-40,235,-40" /><INIT seed="0,2,0,5,3,17" ten="385,225,195,195" oya="0" hai0="92,107,23,88,105,58,69,68,83,89,123,70,100" hai1="97,51,127,63,135,60,31,42,86,1,53,30,82" hai2="61,56,117,52,38,93,40,124,9,84,71,44,35" hai3="114,32,101,55,119,118,77,104,98,129,8,120,25"/><T96/><D123/><U72/><E1/><V64/><F124/><W11/><G114/><T12/><D58/><U134/><E72/><V36/><F117/><W94/><G120/><T10/><D23/><U115/><E42/><V80/><F35/><W62/><G129/><T27/><D27/><U24/><E127/><V39/><F93/><W128/><G128/><T29/><D29/><U85/><E97/><V50/><REACH who="2" step="1"/><F9/><REACH who="2" ten="385,225,185,195" step="2"/><W75/><G118/><T46/><D105/><U67/><E115/><V108/><F108/><W81/><G119/><T57/><D107/><U5/><E134/><V133/><F133/><W47/><G104/><T126/><D126/><U99/><E135/><V2/><F2/><W91/><G101/><T34/><D34/><U65/><E67/><V4/><F4/><W28/><G47/><T13/><D92/><U103/><E65/><V45/><F45/><W132/><G132/><T49/><D100/><U48/><E5/><V59/><F59/><W102/><G102/><T87/><D96/><U125/><E99/><V3/><F3/><W7/><G7/><T41/><D10/><U76/><E103/><V116/><F116/><W131/><G131/><T22/><D83/><U37/><E125/><V43/><F43/><W54/><G54/><T0/><D57/><U106/><E53/><V33/><F33/><W121/><G121/><T78/><D70/><U109/><E82/><V18/><F18/><W74/><G74/><T19/><D69/><U21/><E106/><V95/><F95/><W20/><G32/><T16/><D68/><U6/><E109/><RYUUKYOKU ba="2,1" sc="385,-15,225,-15,185,15,195,15" hai2="36,38,39,40,44,50,52,56,61,64,71,80,84" hai3="8,11,20,25,28,55,62,75,77,81,91,94,98" /><INIT seed="1,3,1,4,2,120" ten="370,210,200,210" oya="1" hai0="16,35,57,72,17,71,19,69,45,11,6,26,13" hai1="126,132,105,84,113,9,58,49,62,10,0,83,2" hai2="41,102,116,119,1,75,123,99,74,39,135,61,51" hai3="125,97,31,20,34,7,53,95,122,47,103,60,64"/><U96/><E113/><V63/><F123/><W79/><G122/><T25/><D72/><U15/><E126/><V30/><F30/><W59/><G34/><T38/><D57/><U78/><E132/><V127/><F1/><W92/><G125/><T115/><D115/><U40/><E10/><V112/><F127/><W81/><G7/><T27/><REACH who="0" step="1"/><D35/><REACH who="0" ten="360,210,200,210" step="2"/><U91/><E58/><V4/><F112/><W68/><G68/><T85/><D85/><U88/><E62/><V48/><F63/><W44/><G64/><T131/><D131/><U76/><E78/><V36/><F74/><W106/><G79/><T89/><D89/><U80/><E91/><V66/><F75/><W54/><G60/><T124/><D124/><U42/><E88/><V43/><F66/><W3/><G59/><T109/><D109/><U14/><E76/><V21/><F61/><W70/><G70/><T86/><D86/><U111/><E84/><V108/><F108/><W33/><G33/><T12/><D12/><U18/><E15/><V98/><F102/><W46/><G3/><N who="1" m="1066" /><E111/><V107/><F119/><W55/><G103/><T52/><D52/><U129/><E129/><V24/><F116/><W56/><G56/><T28/><D28/><U117/><E117/><V134/><F135/><W87/><G31/><T32/><D32/><U128/><E128/><V94/><F134/><W101/><G20/><T93/><D93/><U133/><E133/><V50/><F94/><W8/><G8/><T77/><D77/><U23/><E9/><V22/><F21/><W110/><G110/><T82/><D82/><RYUUKYOKU ba="3,2" sc="360,15,210,-15,200,-15,210,15" hai0="6,11,13,16,17,19,25,26,27,38,45,69,71" hai3="44,46,47,53,54,55,81,87,92,95,97,101,106" /><INIT seed="2,4,2,1,4,126" ten="375,195,185,225" oya="2" hai0="94,24,0,35,127,109,106,77,69,128,26,101,58" hai1="42,40,23,37,45,79,14,33,6,52,87,17,113" hai2="105,98,114,135,46,110,123,67,63,27,29,44,78" hai3="2,28,99,47,96,9,54,82,4,32,64,75,116"/><V93/><F123/><W83/><G116/><T120/><D128/><U62/><E113/><V57/><F114/><W115/><G115/><T43/><D69/><U119/><E33/><V111/><F105/><W91/><G64/><T5/><D106/><U89/><E119/><V59/><F78/><W49/><G32/><T66/><D120/><U31/><E79/><V51/><F59/><W104/><G28/><T80/><D35/><U102/><E102/><V38/><F38/><W11/><G75/><T86/><D127/><U36/><E36/><V107/><F107/><W20/><G20/><T71/><D71/><U1/><E31/><V130/><F130/><W53/><G53/><T90/><D109/><N who="2" m="41482" /><F51/><W18/><G104/><T73/><D43/><N who="1" m="16427" /><E1/><V34/><F135/><W81/><G91/><AGARI ba="4,2" hai="27,29,34,44,46,57,63,67,91,93,98" m="41482" machi="91" ten="30,2900,0" yaku="14,1,10,1" doraHai="126" who="2" fromWho="3" sc="375,0,195,0,185,61,225,-41" /><INIT seed="2,5,0,2,3,60" ten="375,195,246,184" oya="2" hai0="96,26,111,70,81,80,46,53,118,79,27,65,12" hai1="103,33,16,28,38,24,71,127,116,121,39,8,114" hai2="58,108,110,135,17,123,99,63,93,44,42,125,133" hai3="20,40,50,2,122,84,106,112,85,9,120,94,15"/><V3/><F3/><W57/><G106/><T100/><D111/><N who="2" m="42538" /><F17/><W76/><G112/><T61/><D118/><U89/><E116/><V101/><F123/><W43/><G2/><T115/><D115/><U4/><E114/><V36/><F125/><W52/><G20/><T104/><D80/><U34/><E34/><V31/><F31/><W128/><G128/><T10/><D53/><AGARI ba="5,0" hai="36,42,44,53,58,63,93,99,101,133,135" m="42538" machi="53" ten="30,2900,0" yaku="14,1,10,1" doraHai="60" who="2" fromWho="0" sc="375,-44,195,0,246,44,184,0" /><INIT seed="2,6,0,5,4,133" ten="331,195,290,184" oya="2" hai0="89,11,129,95,26,82,124,37,132,49,41,1,134" hai1="118,55,4,117,12,123,74,119,97,103,9,34,110" hai2="25,84,0,3,114,10,27,52,116,19,42,107,6" hai3="18,90,57,99,127,100,135,81,7,80,17,16,126"/><V45/><F116/><W104/><G135/><N who="0" m="51755" /><D129/><U75/><E110/><V60/><F107/><W56/><G7/><N who="0" m="1519" /><D124/><N who="3" m="47657" /><G90/><T122/><D122/><U39/><E123/><V35/><F114/><W87/><G87/><N who="0" m="52671" /><D26/><U79/><E34/><V32/><F84/><W73/><G81/><T130/><D130/><U72/><E39/><V96/><F96/><W112/><G112/><T40/><D37/><U36/><E36/><V47/><F0/><W54/><G54/><T43/><D82/><U24/><E24/><V102/><F102/><W29/><G29/><T30/><D30/><U94/><REACH who="1" step="1"/><E55/><REACH who="1" ten="331,185,290,184" step="2"/><V70/><F35/><W58/><G58/><T5/><D5/><U92/><E92/><V121/><F32/><W91/><G91/><T88/><D88/><U66/><E66/><V63/><F121/><W71/><G71/><T22/><D43/><U78/><AGARI ba="6,1" hai="4,9,12,72,74,75,78,79,94,97,103,117,118,119" machi="78" ten="40,2700,0" yaku="1,1,0,1,53,0" doraHai="133" doraHaiUra="46" who="1" fromWho="1" sc="331,-13,185,55,290,-19,184,-13" /><INIT seed="3,0,0,5,0,108" ten="318,240,271,171" oya="3" hai0="118,41,129,42,97,1,18,66,22,99,57,107,92" hai1="3,115,35,85,131,27,54,26,15,45,81,133,64" hai2="127,0,53,11,102,80,68,23,6,110,12,24,130" hai3="82,37,117,9,46,74,7,101,104,31,98,96,90"/><W116/><G31/><T61/><D107/><U2/><E64/><V103/><F110/><W8/><G96/><T60/><D1/><U122/><E122/><V69/><F0/><N who="3" m="103" /><G90/><N who="0" m="55447" /><D129/><U51/><E131/><V70/><F130/><W33/><G33/><T63/><D118/><U5/><E35/><V43/><F53/><W34/><G34/><T77/><D77/><U17/><E5/><V50/><F80/><W62/><G9/><T59/><D99/><U36/><E36/><V83/><F83/><W100/><G100/><T20/><D20/><U121/><E121/><V16/><F50/><W76/><G62/><N who="0" m="24171" /><D57/><U32/><E32/><V87/><F87/><W88/><G88/><T75/><D75/><U125/><E2/><V135/><F103/><W134/><G134/><T58/><D58/><U40/><E133/><V49/><F102/><W10/><G10/><T105/><D105/><U126/><E3/><V84/><F84/><W44/><G44/><T47/><D47/><U71/><E71/><V14/><F135/><W95/><G95/><T119/><D119/><U106/><E106/><V79/><F12/><AGARI ba="0,0" hai="12,18,22,41,42,59,63,66" m="24171,55447" machi="12" ten="30,1000,0" yaku="8,1" doraHai="108" who="0" fromWho="2" sc="318,10,240,0,271,-10,171,0" owari="328,43.0,240,-16.0,261,6.0,171,-33.0" /></mjloggm>