<mjloggm ver="2.3"><GO type="41" lobby="0"/><UN n0="%6D%61%6B%65%6F%76%65%72" n1="%E5%B0%B1%E6%B4%BB%E7%94%9F%40%E5%B7%9D%E6%9D%91%E8%BB%8D%E5%9B%A3" n2="%E9%BA%BB%E5%80%89%E5%AE%89%E5%A8%9C" n3="%50%75%72%79" dan="14,14,15,13" rate="1969.40,1911.01,1974.56,1879.87" sx="M,M,F,M"/><TAIKYOKU oya="0"/><INIT seed="0,0,0,3,0,37" ten="250,250,250,250" oya="0" hai0="75,66,101,74,118,3,57,34,20,73,24,69,131" hai1="133,42,43,106,63,14,26,28,72,32,84,2,48" hai2="12,94,6,114,87,92,110,117,15,88,38,25,93" hai3="19,134,56,109,58,18,16,102,96,1,35,23,91"/><T31/><D118/><U130/><E72/><V62/><F38/><W115/><G115/><T116/><D116/><U80/><E2/><V40/><F114/><W5/><G35/><T89/><D131/><U97/><E130/><V82/><F110/><W59/><G134/><T107/><D89/><U112/><E133/><V71/><F117/><W45/><G109/><T104/><D57/><U41/><E112/><V113/><F71/><W79/><G79/><T122/><D122/><U44/><E63/><V119/><F119/><W51/><G91/><T0/><D20/><U126/><E126/><V108/><F108/><W22/><G5/><T10/><D10/><U105/><E14/><V121/><F121/><W52/><REACH who="3" step="1"/><G1/><REACH who="3" ten="250,250,250,240" step="2"/><N who="0" m="587" /><D101/><U98/><E98/><V13/><F113/><W67/><G67/><T95/><D95/><AGARI ba="0,1" hai="16,18,19,22,23,45,51,52,56,58,59,95,96,102" machi="95" ten="40,8000,1" yaku="1,1,8,1,54,2,53,0" doraHai="37" doraHaiUra="77" who="3" fromWho="0" sc="250,-80,250,0,250,0,240,90" /><INIT seed="1,0,0,0,4,27" ten="170,250,250,330" oya="1" hai0="52,53,70,132,55,111,85,67,20,110,71,130,40" hai1="38,64,11,34,131,47,66,93,75,77,127,57,108" hai2="31,107,17,95,79,73,61,92,134,36,0,102,114" hai3="3,54,86,91,72,76,117,96,15,90,58,5,32"/><U80/><E131/><V7/><F134/><W41/><G3/><T103/><D132/><U25/><E127/><V39/><F114/><W16/><G32/><T19/><D130/><U49/><E38/><V101/><F61/><N who="3" m="36055" /><G72/><T62/><D103/><U126/><E126/><V118/><F118/><W116/><G5/><T30/><D40/><U13/><E108/><N who="0" m="41513" /><D85/><U24/><E93/><V63/><F63/><W44/><G76/><T69/><D30/><U100/><E100/><V46/><F46/><W2/><G2/><T98/><D98/><U122/><E122/><V84/><F0/><W104/><G104/><T113/><D113/><U123/><E123/><V99/><F7/><W125/><G125/><T68/><D19/><U22/><E34/><V33/><F17/><W121/><G121/><T81/><D81/><U21/><E22/><AGARI ba="0,0" hai="20,22,52,53,55,62,67,68,69,70,71" m="41513" machi="22" ten="40,2600,0" yaku="14,1,54,1" doraHai="27" who="0" fromWho="1" sc="170,26,250,-26,250,0,330,0" /><INIT seed="2,0,0,3,3,72" ten="196,224,250,330" oya="2" hai0="44,42,40,28,91,66,86,82,37,88,25,84,6" hai1="38,93,99,11,128,52,118,102,17,96,122,108,100" hai2="92,58,13,71,111,89,94,61,0,62,18,31,2" hai3="81,22,131,23,124,78,49,117,127,1,73,15,19"/><V36/><F36/><W113/><G117/><T51/><D66/><U116/><E38/><V67/><F31/><W101/><G1/><T119/><D119/><U26/><E122/><V106/><F106/><W56/><G113/><T27/><D6/><U105/><E128/><V95/><F111/><W70/><G131/><T4/><D4/><U10/><E108/><V115/><F115/><W98/><G70/><T16/><D37/><U34/><E34/><V76/><F76/><W12/><G56/><T80/><D16/><U85/><E85/><V120/><F120/><W133/><G49/><T126/><D126/><N who="3" m="48169" /><G133/><T75/><D75/><U57/><E11/><V43/><F43/><N who="0" m="16426" /><D28/><U9/><E9/><V14/><F89/><W103/><G98/><T8/><D8/><U50/><REACH who="1" step="1"/><E10/><REACH who="1" ten="196,214,250,330" step="2"/><V109/><F109/><W59/><G23/><AGARI ba="0,1" hai="17,23,26,50,52,57,93,96,99,100,102,105,116,118" machi="23" ten="40,5200,0" yaku="1,1,2,1,54,1,53,0" doraHai="72" doraHaiUra="121" who="1" fromWho="3" sc="196,0,214,62,250,0,330,-52" /><INIT seed="3,0,0,4,3,12" ten="196,276,250,278" oya="3" hai0="81,102,51,68,134,98,122,47,33,70,119,77,14" hai1="91,57,104,53,4,20,101,109,16,117,92,61,103" hai2="121,65,5,42,87,96,105,2,35,60,85,1,62" hai3="74,66,99,26,125,9,11,97,107,133,93,29,13"/><W129/><G107/><T6/><D122/><U128/><E117/><V90/><F35/><W94/><G129/><T49/><D119/><U54/><E128/><V3/><F121/><W0/><G133/><T44/><D134/><U64/><E109/><V118/><F118/><W32/><G125/><T25/><D33/><U39/><E39/><V130/><F130/><W71/><G74/><T67/><D67/><U38/><E38/><V43/><F5/><W36/><G36/><T40/><D25/><N who="1" m="14471" /><E4/><V24/><F24/><W58/><G71/><T113/><D113/><U135/><E104/><V106/><F96/><W82/><G82/><T37/><D37/><U108/><E108/><V55/><F1/><W46/><G46/><T10/><D98/><N who="1" m="57631" /><E135/><V73/><F65/><W86/><G99/><T72/><REACH who="0" step="1"/><D102/><AGARI ba="0,0" hai="53,54,57,61,64,101,102,103" m="57631,14471" machi="102" ten="30,3900,0" yaku="8,1,52,1,54,1" doraHai="12" who="1" fromWho="0" sc="196,-39,276,39,250,0,278,0" /><INIT seed="4,0,0,2,4,1" ten="157,315,250,278" oya="0" hai0="96,100,6,121,39,62,34,26,78,43,85,87,75" hai1="91,113,59,64,13,8,131,10,112,0,12,57,90" hai2="27,29,97,70,51,71,105,118,81,56,115,74,2" hai3="130,35,52,58,42,92,40,132,50,15,111,66,86"/><T25/><D121/><U49/><E0/><V41/><F118/><W21/><G35/><T23/><D34/><U104/><E104/><V65/><F115/><N who="1" m="44105" /><E131/><V73/><F65/><W22/><G130/><T119/><D119/><U48/><E13/><V3/><F51/><N who="1" m="19529" /><E10/><V45/><F56/><N who="1" m="21577" /><E64/><V128/><F128/><W18/><G66/><T24/><D62/><U125/><E125/><V126/><F126/><W14/><G132/><T98/><D98/><U69/><E69/><N who="2" m="26123" /><F27/><W20/><G111/><T32/><D32/><U37/><E37/><N who="2" m="21679" /><F29/><W88/><G22/><T117/><D117/><U17/><AGARI ba="0,0" hai="8,12,17,90,91" m="21577,19529,44105" machi="17" ten="30,2000,0" yaku="15,1,11,1" doraHai="1" who="1" fromWho="1" sc="157,-10,315,20,250,-5,278,-5" /><INIT seed="5,0,0,4,3,47" ten="147,335,245,273" oya="1" hai0="16,74,117,127,45,83,124,79,82,23,130,107,115" hai1="97,94,28,3,87,18,9,80,96,31,131,104,88" hai2="106,109,122,41,100,48,118,93,59,27,17,12,91" hai3="36,84,5,67,30,103,58,51,99,69,134,49,20"/><U57/><E131/><V35/><F122/><W76/><G134/><T26/><D117/><U39/><E39/><V11/><F109/><W4/><G36/><T61/><D115/><U63/><E104/><V65/><F106/><W62/><G69/><T29/><D130/><U52/><E97/><V42/><F118/><W50/><G76/><T56/><D107/><U75/><E75/><V105/><F105/><W133/><G84/><T7/><D7/><U64/><E64/><V53/><F65/><W85/><G85/><T129/><D129/><U46/><E46/><V32/><F100/><W60/><G60/><T66/><D83/><U24/><E3/><V120/><F120/><W110/><G110/><T128/><D128/><U2/><E2/><V38/><F38/><W101/><G133/><T102/><D102/><N who="3" m="38921" /><G99/><T81/><D81/><U10/><E10/><V19/><F35/><W89/><G89/><T132/><D132/><U70/><E70/><V73/><F73/><W15/><G15/><T14/><REACH who="0" step="1"/><D45/><REACH who="0" ten="137,335,245,273" step="2"/><U135/><E135/><V111/><F111/><W1/><G1/><T123/><D123/><U108/><E108/><V0/><F0/><W77/><G77/><T6/><D6/><U13/><E24/><AGARI ba="0,1" hai="4,5,20,24,30,49,50,51,58,62,67" m="38921" machi="24" ten="30,7700,0" yaku="8,1,52,3" doraHai="47" who="3" fromWho="1" sc="137,0,335,-77,245,0,273,87" /><INIT seed="6,0,0,0,3,52" ten="137,258,245,360" oya="2" hai0="96,71,20,4,49,115,90,58,34,116,127,88,5" hai1="86,95,17,113,59,70,89,12,30,44,102,35,64" hai2="43,40,13,24,123,33,100,76,111,85,67,133,31" hai3="78,73,56,108,114,81,131,68,97,10,50,74,54"/><V134/><F123/><W92/><G108/><T14/><D115/><U91/><E70/><V104/><F111/><W107/><G107/><T79/><D127/><U99/><E113/><V36/><F36/><W110/><G110/><T1/><D116/><U29/><E44/><V93/><F13/><W9/><G114/><T112/><D112/><U103/><E35/><V25/><F25/><W27/><G68/><T6/><D71/><U46/><E46/><V28/><F28/><N who="1" m="10857" /><E91/><V124/><F124/><W41/><G41/><T106/><D34/><U117/><E117/><V109/><F109/><W132/><G132/><N who="2" m="50793" /><F67/><W2/><G131/><T23/><D79/><U62/><E86/><V37/><F37/><W122/><G122/><T45/><D1/><U39/><E39/><V72/><F72/><W75/><G27/><T51/><D106/><U38/><E38/><V48/><F48/><W11/><REACH who="3" step="1"/><G2/><REACH who="3" ten="137,258,245,350" step="2"/><T18/><D23/><AGARI ba="0,1" hai="12,17,23,59,62,64,89,95,99,102,103" m="10857" machi="23" ten="30,2000,0" yaku="8,1,52,1" doraHai="52" who="1" fromWho="0" sc="137,-20,258,30,245,0,350,0" /><INIT seed="7,0,0,2,4,0" ten="117,288,245,350" oya="3" hai0="79,44,55,4,78,20,41,108,5,90,105,77,75" hai1="115,49,59,52,66,19,1,120,106,101,50,133,45" hai2="104,114,6,112,25,42,86,132,37,116,39,96,107" hai3="81,15,91,72,35,24,56,119,10,131,11,7,84"/><W94/><G131/><T57/><D108/><U17/><E120/><V32/><F116/><W62/><G119/><T93/><D105/><U61/><E115/><N who="2" m="44075" /><F132/><W118/><G118/><T51/><D20/><U128/><E128/><V126/><F126/><W60/><G10/><T9/><D9/><U36/><E133/><V71/><F86/><N who="3" m="52599" /><G72/><T31/><D31/><U123/><E123/><V113/><N who="2" m="44083" /><V53/><DORA hai="73" /><F53/><W13/><G35/><T89/><D75/><U23/><E1/><V14/><F71/><W99/><G24/><T43/><D43/><U46/><E36/><N who="2" m="13899" /><F42/><W87/><G99/><N who="0" m="57775" /><D90/><U92/><E106/><V98/><F25/><W70/><G70/><T67/><D67/><U29/><E29/><V47/><F47/><W122/><G122/><T124/><D124/><U18/><E23/><V76/><F32/><W3/><G84/><T27/><D27/><U134/><E134/><V26/><F26/><W48/><G3/><T95/><D95/><U103/><E92/><V12/><F6/><W28/><G28/><T63/><AGARI ba="0,0" hai="4,5,41,44,51,55,57,63,77,78,79" m="57775" machi="63" ten="30,12000,2" yaku="8,1,52,5" doraHai="0,73" who="0" fromWho="0" sc="117,120,288,-30,245,-30,350,-60" /><INIT seed="8,0,0,1,5,29" ten="237,258,215,290" oya="0" hai0="11,19,52,104,13,85,79,38,73,78,26,28,44" hai1="59,100,32,55,22,15,132,23,111,96,37,25,4" hai2="46,114,1,33,63,117,72,0,77,97,82,92,86" hai3="47,75,126,123,64,27,66,98,115,105,21,51,14"/><T95/><D104/><U101/><E111/><V45/><F114/><W7/><G123/><T81/><D73/><U34/><E37/><V40/><F117/><W112/><G75/><T62/><D95/><U12/><E132/><V90/><F63/><W5/><G126/><T49/><D38/><U88/><E22/><V57/><F57/><W10/><G7/><T93/><D93/><N who="1" m="56359" /><E15/><V122/><F122/><W41/><G115/><T58/><D85/><U70/><E70/><V113/><F113/><W108/><G108/><T124/><D81/><U53/><E53/><V116/><F116/><W68/><G68/><T56/><D124/><U128/><E12/><V50/><F33/><N who="1" m="12905" /><E4/><V134/><F134/><W125/><G125/><T83/><D83/><U127/><E127/><V39/><REACH who="2" step="1"/><F72/><REACH who="2" ten="237,258,205,290" step="2"/><W2/><G112/><T17/><D58/><U74/><E74/><V121/><F121/><W80/><G66/><T3/><D56/><U89/><E128/><V120/><F120/><W99/><G64/><T31/><D62/><N who="1" m="36223" /><E89/><V76/><F76/><W30/><G105/><T91/><D91/><U130/><E130/><V36/><F36/><W106/><G106/><T87/><D78/><U109/><E109/><V71/><F71/><W6/><G80/><T48/><D79/><U43/><E43/><AGARI ba="0,1" hai="0,1,39,40,43,45,46,50,77,82,86,90,92,97" machi="43" ten="30,2000,0" yaku="1,1,7,1,53,0" doraHai="29" doraHaiUra="8" who="2" fromWho="1" sc="237,0,258,-20,205,30,290,0" /><INIT seed="9,0,0,3,2,56" ten="237,238,235,290" oya="1" hai0="40,76,15,61,121,96,109,124,89,6,37,84,26" hai1="13,24,125,134,19,100,41,77,0,95,35,48,7" hai2="57,102,2,4,67,31,9,111,64,1,43,29,8" hai3="97,81,52,128,58,33,99,32,91,108,78,133,51"/><U65/><E125/><V106/><F111/><W16/><G108/><T44/><D109/><U113/><E113/><V123/><F123/><W82/><G133/><T130/><D124/><U120/><E120/><V88/><F43/><W117/><G128/><T39/><D130/><U116/><E134/><V107/><F102/><W12/><G117/><T47/><D121/><U18/><E77/><V17/><F17/><W46/><G33/><T21/><D96/><N who="3" m="36937" /><G32/><T60/><D76/><U63/><E100/><V115/><F57/><W131/><G131/><T98/><D98/><U28/><E116/><V74/><F115/><W101/><G101/><T104/><D104/><U3/><E95/><V20/><F20/><N who="3" m="11271" /><G78/><T75/><D75/><U135/><E135/><V25/><F74/><W127/><G127/><T27/><D39/><U22/><E7/><V132/><F25/><W73/><G73/><T62/><D6/><U68/><E19/><V38/><F132/><W85/><G58/><T55/><D37/><U11/><E35/><V90/><F38/><W14/><G14/><T53/><D15/><U94/><E94/><AGARI ba="0,0" hai="46,51,52,81,82,85,91,94" m="11271,36937" machi="94" ten="30,3900,0" yaku="8,1,54,2" doraHai="56" who="3" fromWho="1" sc="237,0,238,-39,235,0,290,39" owari="237,4.0,199,-30.0,235,-16.0,329,42.0" /></mjloggm>