<mjloggm ver="2.3"><GO type="97" lobby="0"/><UN n0="%E3%81%A7%E3%82%93%E3%81%A7%E3%82%93%E8%99%AB" n1="%E9%8C%AF%E4%B9%B1%E6%A3%92" n2="%E3%83%88%E3%83%88%E3%83%AA%E5%85%88%E7%94%9F%31%39%E6%AD%B3" n3="%E5%85%AD%E6%9D%A1%E3%81%AE%E5%BE%A1%E6%81%AF%E6%89%80" dan="14,13,15,14" rate="1932.17,1861.69,2006.77,1891.81" sx="F,M,F,F"/><TAIKYOKU oya="0"/><INIT seed="0,0,0,1,2,130" ten="250,250,250,250" oya="0" hai0="33,63,65,90,118,60,102,120,42,122,100,32,48" hai1="70,53,46,101,6,76,110,59,73,21,93,24,71" hai2="72,68,19,28,55,34,105,64,45,17,103,43,8" hai3="107,3,124,97,49,5,123,26,81,44,18,84,135"/><T35/><D118/><U62/><E76/><V91/><F72/><W30/><G3/><T108/><D90/><U128/><E128/><V133/><F133/><W94/><G107/><T2/><D2/><U129/><E73/><V109/><F109/><W78/><G5/><T50/><D108/><U41/><E110/><V37/><F91/><W77/><G123/><N who="0" m="47147" /><D42/><U131/><E6/><V27/><F55/><W95/><G124/><T29/><D29/><U15/><E131/><V75/><F8/><W39/><G39/><T112/><D65/><U67/><E15/><V9/><F9/><W16/><G78/><T115/><D48/><U51/><E53/><V121/><F75/><W11/><G135/><T7/><D7/><U99/><REACH who="1" step="1"/><E129/><REACH who="1" ten="250,240,250,250" step="2"/><V57/><F121/><W56/><G95/><T134/><D134/><U98/><E98/><V119/><F119/><W10/><G94/><T113/><D50/><U61/><E61/><AGARI ba="0,1" hai="32,33,35,60,61,63,100,102,112,113,115" m="47147" machi="61" ten="50,4800,0" yaku="28,2" doraHai="130" who="0" fromWho="1" sc="250,58,240,-48,250,0,250,0" /><INIT seed="0,1,0,5,0,103" ten="308,192,250,250" oya="0" hai0="132,8,12,92,23,3,123,62,127,101,122,118,83" hai1="56,10,35,106,95,117,77,27,17,110,116,19,108" hai2="63,114,96,36,85,120,128,130,105,64,99,91,90" hai3="48,60,6,87,98,58,13,72,49,16,21,45,70"/><T34/><D118/><U26/><E77/><V81/><F36/><W79/><G72/><T104/><D104/><U78/><E95/><N who="2" m="56447" /><F63/><W82/><G70/><T30/><D34/><U31/><E78/><V111/><F64/><W42/><G6/><T1/><D132/><U124/><E56/><V44/><F44/><W41/><G98/><T121/><D127/><U129/><E124/><V109/><F120/><W11/><G21/><T20/><D83/><U67/><E67/><V107/><F114/><W61/><REACH who="3" step="1"/><G58/><REACH who="3" ten="308,192,250,240" step="2"/><T94/><D23/><U134/><E35/><V86/><F86/><W68/><G68/><T24/><D121/><U57/><E117/><V135/><F135/><W33/><G33/><T59/><D122/><U100/><E134/><V65/><F99/><W115/><G115/><T9/><D123/><U47/><E116/><V22/><F22/><W84/><G84/><T133/><D133/><U28/><E57/><V75/><F75/><W38/><G38/><T88/><D8/><U71/><E71/><V119/><F119/><W51/><G51/><T125/><D125/><U7/><E10/><V52/><F85/><W112/><G112/><T50/><D50/><U89/><E110/><V40/><F111/><W43/><G43/><T2/><D9/><U5/><E7/><V93/><F40/><W39/><G39/><T73/><D59/><U113/><E5/><V102/><F109/><W74/><G74/><T25/><D20/><U53/><E113/><V76/><F52/><W131/><G131/><T29/><D73/><U126/><E108/><V14/><F130/><RYUUKYOKU ba="1,1" sc="308,-10,192,-10,250,-10,240,30" hai3="11,13,16,41,42,45,48,49,60,61,79,82,87" /><INIT seed="1,2,1,4,2,73" ten="298,182,240,270" oya="1" hai0="68,95,24,54,15,61,19,97,86,101,93,59,27" hai1="48,129,83,62,63,125,13,131,55,23,89,25,126" hai2="22,67,104,33,127,58,110,3,40,43,96,116,102" hai3="30,119,34,10,94,7,64,109,130,14,41,103,31"/><U98/><E13/><V45/><F116/><W120/><G41/><T36/><D36/><U100/><E89/><V32/><F3/><W134/><G64/><T82/><D93/><U121/><E121/><V4/><F4/><W46/><G46/><T91/><REACH who="0" step="1"/><D68/><REACH who="0" ten="288,182,240,270" step="2"/><U87/><E83/><V11/><F104/><W128/><G94/><T92/><D92/><U2/><E98/><V70/><F96/><W90/><G103/><T26/><D26/><U9/><E100/><V71/><F70/><W47/><G119/><T75/><D75/><U66/><E25/><V122/><F71/><W38/><G120/><T124/><D124/><U118/><E126/><V56/><F102/><W69/><G38/><T81/><D81/><U44/><E118/><V18/><F127/><W113/><G69/><T85/><D85/><U57/><E87/><V133/><F122/><W80/><G113/><T88/><D88/><U51/><E125/><V76/><F110/><W35/><G109/><T105/><D105/><U78/><E131/><N who="3" m="50218" /><G90/><T20/><AGARI ba="2,2" hai="15,19,20,24,27,54,59,61,82,86,91,95,97,101" machi="20" ten="20,8000,1" yaku="1,1,0,1,7,1,8,1,53,1" doraHai="73" doraHaiUra="8" who="0" fromWho="0" sc="288,106,182,-42,240,-22,270,-22" /><INIT seed="2,0,0,5,3,37" ten="394,140,218,248" oya="2" hai0="0,52,22,135,38,31,1,120,69,78,89,62,86" hai1="71,12,108,113,96,118,48,110,82,84,21,131,9" hai2="103,51,35,3,7,64,85,74,45,91,66,24,70" hai3="101,127,55,105,49,111,106,10,18,129,46,39,33"/><V61/><F74/><W60/><G33/><T94/><D120/><U119/><E71/><V92/><F66/><W40/><G101/><T112/><D112/><U67/><E67/><V57/><F70/><W99/><G99/><T50/><D38/><U63/><E96/><V19/><F3/><W95/><G95/><T73/><D135/><U15/><E21/><N who="2" m="13375" /><F35/><W133/><G133/><T27/><D73/><U30/><E113/><V76/><F7/><W4/><G111/><T117/><D117/><U11/><E119/><V134/><F134/><W53/><G129/><T47/><D78/><U26/><E131/><V90/><F76/><W13/><G127/><T123/><D123/><U65/><E110/><V5/><F5/><W68/><G55/><T36/><D36/><U20/><E65/><V6/><F6/><W93/><G93/><T125/><D125/><U28/><E118/><V56/><F56/><W44/><G68/><T8/><D8/><U42/><E11/><V41/><F90/><W104/><REACH who="3" step="1"/><G60/><REACH who="3" ten="394,140,218,238" step="2"/><T54/><D69/><U126/><E63/><V128/><F128/><W88/><G88/><T43/><D62/><U25/><E108/><V75/><F75/><W23/><G23/><T121/><D121/><U58/><E20/><V98/><F98/><W2/><G2/><T83/><D0/><U124/><E124/><V29/><F103/><W87/><G87/><N who="0" m="52543" /><D1/><U32/><E126/><V100/><F100/><W77/><G77/><T16/><D31/><AGARI ba="0,1" hai="29,31,41,45,51,57,61,64,85,91,92" m="13375" machi="31" ten="30,2900,0" yaku="8,1,52,1" doraHai="37" who="2" fromWho="0" sc="394,-29,140,0,218,39,238,0" /><INIT seed="2,1,0,3,5,114" ten="365,140,257,238" oya="2" hai0="83,48,86,15,25,134,45,7,99,39,72,67,58" hai1="93,79,26,0,116,95,107,101,105,82,12,10,121" hai2="75,4,106,17,9,51,28,98,43,61,50,29,47" hai3="102,96,44,2,36,27,16,127,133,3,42,14,97"/><V80/><F17/><W74/><G74/><T109/><D72/><U54/><E0/><V84/><F75/><W92/><G133/><T111/><D134/><U124/><E121/><V135/><F135/><W88/><G127/><T66/><D39/><U1/><E124/><V53/><F61/><W77/><G77/><T70/><D70/><U108/><E1/><V113/><F113/><W128/><G128/><T40/><D25/><U56/><E26/><V62/><F62/><W49/><G27/><T131/><D131/><U90/><E108/><N who="0" m="41545" /><D99/><U30/><E30/><V115/><F115/><W132/><G36/><T103/><D103/><U122/><E122/><V20/><F20/><W38/><G38/><T13/><D58/><U126/><E56/><V119/><F119/><W59/><G59/><T11/><D15/><U129/><E126/><V76/><F98/><W21/><REACH who="3" step="1"/><G132/><REACH who="3" ten="365,140,257,228" step="2"/><T89/><AGARI ba="1,1" hai="7,11,13,40,45,48,66,67,83,86,89" m="41545" machi="89" ten="30,1100,0" yaku="14,1" doraHai="114" who="0" fromWho="0" sc="365,24,140,-4,257,-6,228,-4" /><INIT seed="3,0,0,3,1,120" ten="389,136,251,224" oya="3" hai0="98,48,97,93,32,90,17,34,37,9,105,4,59" hai1="38,35,14,72,46,67,25,102,95,75,88,62,134" hai2="91,106,114,107,21,26,118,89,36,27,124,49,28" hai3="6,103,22,73,94,96,0,45,53,130,58,76,52"/><W81/><G130/><T8/><D37/><U123/><E134/><V57/><F114/><W100/><G45/><T50/><D105/><U1/><E1/><V13/><F118/><W132/><G132/><T11/><D4/><U41/><E123/><V99/><F36/><W60/><G22/><T43/><D32/><U112/><E112/><V78/><F124/><W109/><G109/><T7/><D7/><U65/><E65/><V135/><F135/><W131/><G131/><T56/><D34/><U127/><E102/><V3/><F3/><W77/><G77/><T24/><D98/><U117/><E117/><V104/><F78/><W31/><G31/><T33/><D33/><U86/><E127/><V116/><F116/><W126/><G126/><T119/><D119/><U30/><REACH who="1" step="1"/><E14/><REACH who="1" ten="389,126,251,224" step="2"/><V108/><F13/><W54/><G103/><T129/><D129/><U80/><E80/><V70/><F107/><W2/><REACH who="3" step="1"/><G6/><REACH who="3" ten="389,126,251,214" step="2"/><T101/><D101/><U18/><E18/><V15/><F28/><W19/><G19/><T16/><D17/><U40/><E40/><V29/><F29/><W71/><G71/><AGARI ba="0,2" hai="25,30,35,38,41,46,62,67,71,72,75,86,88,95" machi="71" ten="30,3900,0" yaku="1,1,7,1,54,1,53,0" doraHai="120" doraHaiUra="5" who="1" fromWho="3" sc="389,0,126,59,251,0,214,-39" owari="389,48.0,185,-21.0,251,5.0,175,-32.0" /></mjloggm>