<mjloggm ver="2.3"><GO type="97" lobby="0"/><UN n0="%E3%83%88%E3%83%8B%E3%83%BC%E2%98%86%E5%BD%A1" n1="%54%58" n2="%E5%B0%B1%E6%B4%BB%E7%94%9F%40%E5%B7%9D%E6%9D%91%E8%BB%8D%E5%9B%A3" n3="%E9%BB%92%E5%B7%9D%E5%AF%9B%E4%B9%8B" dan="15,13,15,13" rate="2004.88,2003.17,1980.14,1811.72" sx="M,M,M,M"/><TAIKYOKU oya="0"/><INIT seed="0,0,0,1,5,106" ten="250,250,250,250" oya="0" hai0="80,34,43,116,104,12,45,36,60,27,40,10,111" hai1="117,23,132,3,73,41,76,113,17,57,85,82,13" hai2="97,109,107,71,123,127,50,70,69,42,2,31,124" hai3="6,101,134,108,58,100,30,61,56,15,86,105,8"/><T89/><D116/><U26/><E117/><V98/><F123/><W130/><G105/><T0/><D104/><U62/><E3/><V59/><F2/><W18/><G108/><T110/><D43/><U78/><E132/><V63/><F109/><N who="0" m="41482" /><D60/><U118/><E118/><V33/><F31/><W99/><G134/><T129/><D0/><U96/><E41/><V38/><F33/><W72/><G72/><T121/><D121/><U67/><E96/><V79/><F38/><W88/><G130/><T126/><D129/><U49/><E49/><V131/><F131/><W14/><G30/><N who="0" m="19807" /><D126/><N who="2" m="48170" /><F79/><W24/><G24/><T11/><D12/><U81/><REACH who="1" step="1"/><E113/><REACH who="1" ten="250,240,250,250" step="2"/><V125/><F107/><W64/><G99/><T32/><D32/><U7/><E7/><V65/><F125/><W46/><G46/><AGARI ba="0,1" hai="42,46,50,59,63,65,69,70,71,97,98" m="48170" machi="46" ten="40,1300,0" yaku="18,1" doraHai="106" who="2" fromWho="3" sc="250,0,240,0,250,23,250,-13" /><INIT seed="1,0,0,0,2,71" ten="250,240,273,237" oya="1" hai0="102,70,84,94,124,26,82,68,85,1,80,46,99" hai1="37,51,107,55,12,41,33,89,7,52,20,35,49" hai2="88,93,6,77,125,54,43,59,105,11,98,31,116" hai3="118,64,114,69,135,21,110,18,17,15,47,19,91"/><U36/><E107/><V62/><F116/><W74/><G74/><T111/><D1/><U131/><E41/><V29/><F125/><W92/><G114/><T53/><D124/><U96/><E96/><V132/><F132/><W56/><G118/><T5/><D5/><U14/><E7/><V67/><F43/><W127/><G127/><T79/><D111/><U119/><E89/><V44/><F77/><W115/><G115/><T10/><D10/><U122/><E119/><V129/><F129/><W126/><G126/><T25/><D70/><U58/><E122/><V2/><F105/><W121/><G121/><T60/><D68/><U101/><E101/><V28/><REACH who="2" step="1"/><F44/><REACH who="2" ten="250,240,263,237" step="2"/><W117/><G135/><T134/><D134/><U48/><E131/><V32/><F32/><N who="1" m="12361" /><E20/><V73/><F73/><W112/><G117/><T128/><D128/><U13/><E58/><V57/><F57/><W9/><G112/><T42/><D42/><U4/><E4/><V106/><F106/><W8/><G56/><N who="0" m="34831" /><D46/><U86/><E86/><V133/><F133/><W40/><G47/><T16/><D84/><U63/><E63/><V87/><F87/><W24/><G40/><T81/><D85/><U22/><E22/><V27/><F27/><N who="0" m="10250" /><D79/><U109/><E109/><V23/><F23/><W50/><G110/><T0/><D0/><U78/><E78/><V83/><F83/><W38/><G21/><T66/><D66/><AGARI ba="0,1" hai="2,6,11,28,29,31,54,59,62,66,67,88,93,98" machi="66" ten="40,8000,1" yaku="1,1,54,1,53,2" doraHai="71" doraHaiUra="61" who="2" fromWho="0" sc="250,-80,240,0,263,90,237,0" /><INIT seed="2,0,0,5,1,65" ten="170,240,353,237" oya="2" hai0="0,17,29,47,88,35,19,120,22,27,3,59,61" hai1="50,124,33,32,71,37,60,30,24,68,118,80,78" hai2="10,14,99,21,20,129,6,96,69,25,51,94,93" hai3="123,4,98,57,7,13,44,113,40,87,86,16,81"/><V104/><F104/><W23/><G123/><T126/><D120/><U43/><E118/><V130/><F69/><N who="1" m="26697" /><E33/><V92/><F51/><W100/><G113/><T95/><D47/><N who="1" m="24047" /><E60/><V77/><F77/><W97/><G57/><T26/><D126/><U54/><E54/><V55/><F55/><W2/><G2/><T75/><D75/><N who="1" m="43103" /><E50/><V74/><F74/><W112/><G112/><T8/><D8/><U101/><E101/><V1/><F1/><W11/><G11/><T109/><D109/><U66/><E66/><V132/><F21/><W63/><G63/><T67/><REACH who="0" step="1"/><D19/><REACH who="0" ten="160,240,353,237" step="2"/><U18/><E18/><N who="2" m="12439" /><F132/><W125/><G16/><T84/><AGARI ba="0,1" hai="0,3,17,22,26,27,29,35,59,61,67,84,88,95" machi="84" ten="20,5200,0" yaku="1,1,0,1,7,1,54,1,53,0" doraHai="65" doraHaiUra="119" who="0" fromWho="0" sc="160,62,240,-13,353,-26,237,-13" /><INIT seed="3,0,0,4,0,55" ten="222,227,327,224" oya="3" hai0="123,6,82,129,116,105,99,21,41,9,39,102,100" hai1="97,135,94,42,7,50,111,122,86,11,61,53,69" hai2="110,113,23,96,24,119,30,14,132,31,56,120,52" hai3="128,33,1,79,91,32,38,26,44,107,124,17,59"/><W130/><G1/><T127/><D123/><U90/><E122/><V92/><F113/><W46/><G107/><T18/><D116/><U0/><E111/><V16/><F119/><W12/><G124/><T68/><D127/><U104/><E135/><V20/><F110/><W98/><G79/><T70/><D129/><N who="3" m="49769" /><G26/><T8/><D8/><U84/><E104/><V117/><F120/><W134/><G134/><T34/><D34/><N who="3" m="13417" /><G38/><T40/><D102/><U76/><E76/><V3/><F3/><W118/><G118/><T29/><D29/><U47/><REACH who="1" step="1"/><E53/><REACH who="1" ten="222,217,327,224" step="2"/><V54/><F132/><W35/><G35/><T66/><D41/><U109/><E109/><V58/><F117/><W62/><G91/><T5/><D40/><U87/><E87/><V73/><F73/><W81/><G98/><T114/><D114/><U93/><E93/><V83/><F83/><W125/><G81/><T126/><D82/><U19/><E19/><N who="2" m="10359" /><F31/><W72/><G72/><T22/><D126/><U4/><E4/><V75/><F75/><W15/><G125/><T2/><D6/><U88/><E88/><N who="2" m="55303" /><F30/><W71/><G12/><T80/><D80/><U28/><E28/><V115/><F115/><W121/><G121/><T131/><D131/><U133/><E133/><V36/><F36/><W60/><G60/><N who="0" m="40007" /><D39/><U43/><E43/><V51/><F54/><N who="3" m="34167" /><G71/><T48/><D70/><U74/><E74/><V57/><AGARI ba="0,1" hai="16,23,24,51,52,56,57,58" m="55303,10359" machi="57" ten="30,12000,2" yaku="8,1,52,3,54,3" doraHai="55" who="2" fromWho="2" sc="222,-30,217,-30,327,130,224,-60" owari="192,-1.0,187,-21.0,457,56.0,164,-34.0" /></mjloggm>