<mjloggm ver="2.3"><GO type="169" lobby="0"/><UN n0="%E3%83%A8%E3%82%B3%E3%83%A8%E3%82%B3" n1="%E7%84%A1%E7%A5%9E%E8%AB%96%E8%80%85" n2="%E3%83%92%E3%83%A1" n3="%E3%82%A6%E3%83%AB%E3%83%88%E3%83%A9%E7%AB%8B%E7%9B%B4" dan="16,17,16,16" rate="2145.50,2143.38,2080.08,2089.64" sx="M,M,M,M"/><TAIKYOKU oya="0"/><INIT seed="0,0,0,5,1,18" ten="250,250,250,250" oya="0" hai0="109,120,30,84,12,43,83,101,99,45,123,48,65" hai1="132,38,72,17,19,126,21,47,59,39,3,68,128" hai2="64,76,40,80,28,49,110,5,89,36,25,86,87" hai3="124,14,94,100,50,134,67,27,23,26,15,71,57"/><T111/><D65/><U9/><E68/><V42/><F110/><N who="0" m="41994" /><D30/><U77/><E126/><V88/><F36/><W117/><G124/><T56/><D56/><U108/><E108/><V118/><F118/><W129/><G117/><T13/><D12/><U41/><E59/><V66/><F5/><W127/><G15/><T96/><D13/><N who="1" m="9391" /><E19/><V53/><F76/><W8/><G27/><T33/><D33/><U74/><E74/><V24/><F64/><W70/><G14/><T11/><D11/><U92/><E39/><V119/><F66/><W104/><G8/><T121/><D101/><U54/><E9/><V114/><F119/><W102/><G102/><T35/><D35/><U79/><E3/><V61/><F61/><W75/><G100/><T62/><D62/><U16/><E16/><V52/><F53/><W112/><G26/><N who="2" m="10345" /><F28/><W60/><G60/><T46/><D46/><U58/><E54/><V115/><F115/><W133/><G112/><T97/><D123/><U10/><E47/><N who="2" m="27711" /><F114/><W98/><G67/><T125/><D125/><U69/><E69/><V93/><AGARI ba="0,0" hai="40,42,80,86,87,88,89,93" m="27711,10345" machi="93" ten="30,4000,0" yaku="8,1,54,2" doraHai="18" who="2" fromWho="2" sc="250,-20,250,-10,250,40,250,-10" /><INIT seed="1,0,0,4,5,9" ten="230,240,290,240" oya="1" hai0="80,100,32,26,39,73,24,121,126,17,38,101,102" hai1="36,68,21,107,79,61,90,113,18,114,85,47,48" hai2="2,25,19,70,108,11,110,23,58,125,67,52,89" hai3="78,22,117,72,129,7,75,46,33,51,135,5,112"/><U71/><E36/><V104/><F104/><W106/><G33/><T120/><D126/><U87/><E107/><V49/><F125/><W4/><G112/><T56/><D56/><U0/><E0/><V31/><F89/><W42/><G129/><T40/><D32/><U35/><E35/><V116/><F116/><W63/><G135/><T27/><D17/><U131/><E68/><V13/><F70/><W123/><G123/><N who="0" m="47179" /><D40/><U95/><E131/><V92/><F67/><W30/><G117/><T8/><D8/><U98/><E61/><V44/><F92/><W127/><G127/><T76/><AGARI ba="0,0" hai="24,26,27,38,39,73,76,80,100,101,102" m="47179" machi="76" ten="40,1500,0" yaku="13,1" doraHai="9" who="0" fromWho="0" sc="230,15,240,-7,290,-4,240,-4" /><INIT seed="2,0,0,5,2,123" ten="245,233,286,236" oya="2" hai0="18,127,37,52,1,13,96,22,119,62,55,75,58" hai1="86,54,103,25,77,117,76,42,131,38,40,41,23" hai2="68,102,36,101,2,5,134,51,32,17,99,28,91" hai3="97,73,60,24,10,80,85,26,115,61,129,56,128"/><V100/><F36/><W83/><G115/><T48/><D37/><U64/><E117/><V111/><F68/><W98/><G10/><T43/><D119/><U4/><E38/><V39/><F39/><W12/><G12/><T108/><D1/><U71/><E131/><V31/><F134/><W35/><G35/><T90/><D75/><U53/><E4/><V92/><F32/><W49/><G49/><T14/><D127/><U66/><E103/><V120/><F120/><W16/><G56/><T20/><D43/><U105/><E105/><V3/><F3/><W94/><G94/><N who="0" m="56407" /><D108/><U130/><E71/><V121/><F111/><W0/><G0/><T74/><D74/><U27/><E130/><V82/><F121/><W109/><G73/><T70/><D70/><U33/><E33/><V9/><F82/><W65/><G109/><T45/><D20/><U30/><E27/><AGARI ba="0,0" hai="13,14,18,22,27,45,48,52,55,58,62" m="56407" machi="27" ten="30,3900,0" yaku="25,1,8,1,54,1" doraHai="123" who="0" fromWho="1" sc="245,39,233,-39,286,0,236,0" /><INIT seed="3,0,0,5,1,124" ten="284,194,286,236" oya="3" hai0="2,110,18,128,101,129,107,103,91,131,0,48,64" hai1="46,41,10,29,70,11,57,49,85,12,21,53,4" hai2="35,130,15,44,81,134,58,9,109,116,118,67,102" hai3="19,96,3,43,108,39,117,95,50,133,42,54,37"/><W127/><G3/><N who="0" m="1067" /><D110/><U104/><E104/><V135/><F109/><W92/><G108/><T121/><D121/><U74/><E74/><V84/><F35/><W83/><G117/><T79/><D107/><U36/><E10/><V88/><F102/><N who="0" m="38922" /><D79/><U61/><E85/><V40/><F58/><W97/><G83/><T13/><D91/><U71/><E29/><V86/><F67/><W66/><G66/><T22/><D64/><N who="1" m="41231" /><E21/><V77/><F86/><W98/><G127/><T30/><D30/><U93/><E93/><N who="3" m="35914" /><G19/><T132/><D48/><U115/><E71/><V120/><F120/><W59/><G37/><T28/><D28/><U33/><E33/><V75/><F116/><W24/><G39/><T52/><D52/><N who="1" m="31887" /><E115/><V55/><F118/><W7/><G7/><T125/><D125/><U78/><E78/><V72/><F77/><W63/><G24/><T65/><D65/><U119/><E119/><V17/><F75/><W32/><G32/><T47/><D47/><U5/><E53/><V105/><F72/><W38/><G97/><T62/><D62/><U82/><E82/><V60/><F105/><W20/><G98/><T80/><D80/><U16/><AGARI ba="0,0" hai="4,5,11,12,16,36,41,46" m="31887,41231" machi="16" ten="30,4000,0" yaku="24,1,54,2" doraHai="124" who="1" fromWho="1" sc="284,-10,194,40,286,-10,236,-20" /><INIT seed="4,0,0,2,0,36" ten="274,234,276,216" oya="0" hai0="80,63,117,23,31,8,1,4,132,97,99,43,62" hai1="126,77,19,78,133,68,129,5,24,7,26,82,29" hai2="56,40,39,73,12,120,38,102,60,103,128,64,107" hai3="37,93,115,83,72,69,13,111,88,33,30,52,34"/><T21/><D117/><U16/><E68/><V118/><F120/><W95/><G111/><T108/><D108/><U44/><E126/><V10/><F73/><W104/><G104/><T71/><D132/><U81/><E129/><V50/><F128/><W51/><G37/><T9/><D8/><U28/><REACH who="1" step="1"/><E44/><REACH who="1" ten="274,224,276,216" step="2"/><V92/><F118/><W65/><G69/><T105/><D71/><U25/><E25/><V2/><F107/><W35/><G35/><T100/><D105/><U109/><E109/><V48/><F2/><W101/><G34/><T74/><D1/><U119/><E119/><V67/><F38/><W41/><G33/><T125/><D125/><U131/><E131/><V45/><F39/><W46/><G46/><T20/><D21/><U110/><E110/><V0/><F0/><W122/><G122/><T85/><D20/><U87/><E87/><V98/><F10/><W91/><G72/><T79/><D23/><U27/><E27/><V54/><F12/><W49/><G13/><T58/><D85/><U11/><E11/><V106/><F106/><W90/><G115/><T134/><D74/><U123/><E123/><V66/><REACH who="2" step="1"/><F60/><REACH who="2" ten="274,224,266,216" step="2"/><W3/><G3/><T6/><D9/><U94/><E94/><V59/><F59/><W18/><G95/><T121/><D58/><U114/><E114/><V135/><F135/><AGARI ba="0,2" hai="5,7,16,19,24,26,28,29,77,78,81,82,133,135" machi="135" ten="25,6400,0" yaku="1,1,22,2,54,1,53,0" doraHai="36" doraHaiUra="116" who="1" fromWho="2" sc="274,0,224,84,266,-64,216,0" /><INIT seed="5,0,0,5,3,70" ten="274,308,202,216" oya="1" hai0="34,110,46,134,72,6,133,16,4,77,120,123,67" hai1="60,104,99,30,7,31,54,76,15,112,108,22,51" hai2="17,126,42,56,74,62,55,50,20,14,73,118,61" hai3="78,71,39,52,117,107,58,43,8,135,64,96,45"/><U102/><E112/><V116/><F126/><W35/><G35/><T24/><D110/><U10/><E108/><V105/><F105/><W36/><G78/><T28/><D67/><U127/><E127/><V69/><F69/><W40/><G8/><T100/><D100/><U83/><E60/><V103/><F103/><W81/><G81/><N who="0" m="45223" /><D46/><U2/><E22/><V33/><F33/><W132/><G96/><T131/><D131/><U124/><E2/><V44/><REACH who="2" step="1"/><F62/><REACH who="2" ten="274,308,192,216" step="2"/><N who="3" m="40343" /><G107/><T84/><D34/><U25/><E124/><V59/><F59/><W3/><G117/><AGARI ba="0,1" hai="14,17,20,42,44,50,55,56,61,73,74,116,117,118" machi="117" ten="40,1300,0" yaku="1,1,53,0" doraHai="70" doraHaiUra="0" who="2" fromWho="3" sc="274,0,308,0,192,23,216,-13" /><INIT seed="6,0,0,0,5,15" ten="274,308,215,203" oya="2" hai0="2,93,120,86,82,37,8,92,48,68,45,36,62" hai1="27,128,107,39,61,112,89,123,88,117,99,1,69" hai2="70,79,24,16,75,94,126,11,34,12,20,53,32" hai3="106,103,40,78,73,134,124,57,50,21,65,77,133"/><V25/><F70/><W44/><G106/><T95/><D120/><U87/><E39/><V56/><F126/><W4/><G103/><T60/><D2/><U104/><E1/><V118/><F118/><W83/><G124/><T22/><D8/><U59/><E69/><V97/><F75/><W43/><G4/><T85/><D22/><U113/><E128/><V122/><F79/><W90/><G78/><T49/><D68/><U3/><E3/><V10/><F122/><W66/><G90/><T127/><D127/><U131/><E117/><V100/><F11/><W130/><G130/><T81/><D93/><N who="1" m="56751" /><E27/><V72/><F72/><W67/><G57/><T109/><REACH who="0" step="1"/><D45/><REACH who="0" ten="264,308,215,203" step="2"/><U119/><E123/><V41/><F25/><W17/><REACH who="3" step="1"/><G43/><REACH who="3" ten="264,308,215,193" step="2"/><T110/><AGARI ba="0,2" hai="36,37,48,49,60,62,81,82,85,86,92,95,109,110" machi="110" ten="25,8000,1" yaku="1,1,2,1,0,1,22,2,53,0" doraHai="15" doraHaiUra="135" who="0" fromWho="0" sc="264,100,308,-20,215,-40,193,-20" /><INIT seed="7,0,0,5,4,68" ten="364,288,175,173" oya="3" hai0="124,15,135,103,26,121,49,73,117,6,52,114,115" hai1="8,111,128,129,64,66,48,93,94,60,88,11,125" hai2="35,29,47,74,108,58,14,23,42,9,109,17,0" hai3="72,19,25,83,112,40,78,27,13,85,12,122,7"/><W59/><G122/><T67/><D121/><U24/><E125/><V87/><F74/><W101/><G112/><N who="0" m="43051" /><D124/><U132/><E48/><N who="2" m="26743" /><F58/><W100/><G72/><T3/><D3/><U86/><E24/><N who="3" m="9290" /><G40/><T90/><D73/><U16/><E111/><V70/><F70/><W105/><G105/><T44/><D135/><U104/><E104/><V39/><F39/><W18/><G59/><T21/><D117/><U5/><E132/><V32/><F0/><W91/><G91/><T41/><D103/><N who="3" m="39497" /><G7/><T75/><D75/><U97/><E5/><N who="2" m="3375" /><F108/><W61/><G61/><T130/><D90/><U120/><E120/><V76/><F29/><W51/><G51/><T77/><D49/><U79/><E60/><V36/><F36/><W113/><G113/><T131/><D41/><U84/><E88/><V20/><F109/><W118/><G118/><T43/><D43/><U22/><E79/><V110/><F110/><W57/><G57/><T28/><D6/><U50/><E50/><V62/><F62/><W30/><G30/><T31/><D28/><U38/><E66/><V82/><F17/><AGARI ba="0,0" hai="12,13,17,18,19,78,83,85" m="39497,9290" machi="17" ten="30,1500,0" yaku="8,1" doraHai="68" who="3" fromWho="2" sc="364,0,288,0,175,-15,173,15" /><INIT seed="7,1,0,4,2,6" ten="364,288,160,188" oya="3" hai0="121,129,39,125,51,42,117,18,103,95,28,58,55" hai1="119,110,61,83,30,35,53,75,132,85,91,34,126" hai2="68,102,123,97,74,80,47,41,0,13,93,52,111" hai3="54,114,79,104,59,100,46,130,81,108,65,73,9"/><W122/><G122/><T31/><D121/><U57/><E110/><V112/><F123/><W105/><G108/><T33/><D117/><U63/><E119/><V15/><F111/><W78/><G130/><T128/><D125/><U120/><E120/><V77/><F68/><W27/><G114/><T19/><D39/><U109/><E126/><V17/><F0/><W44/><G79/><T89/><D103/><U135/><E109/><V84/><F112/><W118/><G118/><T10/><D42/><U22/><E75/><V116/><F116/><W16/><G65/><T134/><D134/><N who="1" m="51243" /><E61/><V20/><F13/><N who="3" m="7215" /><G104/><T32/><D33/><U87/><E87/><V21/><F21/><W45/><G105/><T94/><D32/><U29/><E29/><V106/><F52/><W60/><G100/><T76/><D55/><U107/><E107/><V50/><REACH who="2" step="1"/><F106/><REACH who="2" ten="364,288,150,188" step="2"/><W8/><G8/><T90/><D10/><U49/><E22/><V115/><F115/><W56/><G56/><T72/><D58/><U11/><E11/><V1/><F1/><W4/><G4/><T70/><D70/><U24/><E34/><V36/><F36/><W43/><G27/><T62/><D129/><U2/><E2/><V23/><F23/><W86/><G73/><AGARI ba="1,1" hai="15,17,20,41,47,50,73,74,77,80,84,93,97,102" machi="73" ten="40,2600,0" yaku="1,1,53,1" doraHai="6" doraHaiUra="96" who="2" fromWho="3" sc="364,0,288,0,150,39,188,-29" owari="364,46.0,288,9.0,189,-21.0,159,-34.0" /></mjloggm>