<mjloggm ver="2.3"><GO type="97" lobby="0"/><UN n0="%69%6B%61%79%61%6B%69%6F" n1="%E9%BB%92%E5%B8%AF%E3%83%89%E3%83%A9%E3%82%B4%E3%83%B3" n2="%4C%65%6E%4B%4E" n3="%E5%B0%B1%E6%B4%BB%E7%94%9F%40%E5%B7%9D%E6%9D%91%E8%BB%8D%E5%9B%A3" dan="14,14,14,15" rate="2009.36,1894.90,1958.93,2031.94" sx="M,M,M,M"/><TAIKYOKU oya="0"/><INIT seed="0,0,0,3,0,71" ten="250,250,250,250" oya="0" hai0="45,75,52,127,65,24,4,22,80,100,115,119,106" hai1="14,23,10,37,68,39,33,112,54,84,50,122,41" hai2="25,110,104,76,67,34,49,27,77,117,56,113,91" hai3="96,53,46,59,19,61,134,30,35,102,72,60,44"/><T121/><D119/><U5/><E33/><V101/><F113/><W130/><G72/><T13/><D121/><U83/><E122/><V86/><F34/><W81/><G130/><T66/><D115/><U26/><E112/><V128/><F128/><W93/><G134/><T64/><D127/><U79/><E68/><V69/><F69/><W48/><G35/><T40/><D106/><U94/><E41/><V9/><F110/><W124/><G30/><T36/><D100/><U135/><E94/><V70/><F70/><W120/><G120/><T16/><D52/><U89/><E79/><V43/><F117/><W51/><G124/><T0/><D13/><U123/><E135/><V42/><F101/><W111/><G111/><T109/><D109/><U7/><E7/><V98/><F98/><W90/><G19/><T38/><D38/><U8/><E8/><V131/><F104/><W28/><G28/><T21/><D21/><U126/><E123/><V55/><F131/><W105/><G105/><T114/><D114/><U85/><E85/><V99/><F99/><W125/><G125/><T12/><D12/><U129/><E129/><V58/><F9/><W1/><G1/><T47/><D47/><N who="3" m="17961" /><G61/><T17/><D17/><N who="1" m="12655" /><E126/><V88/><F91/><W82/><G82/><T132/><D132/><U18/><E5/><V11/><F11/><W62/><G62/><T108/><D108/><U92/><E92/><N who="2" m="54295" /><F25/><W97/><G97/><T133/><D133/><U107/><E107/><V116/><F27/><W74/><G74/><T3/><D4/><U6/><E6/><V57/><F116/><RYUUKYOKU ba="0,0" sc="250,10,250,10,250,-30,250,10" hai0="0,3,16,22,24,36,40,45,64,65,66,75,80" hai1="10,14,18,37,39,50,54,83,84,89" hai3="48,51,53,59,60,81,90,93,96,102" /><INIT seed="0,1,0,5,2,135" ten="260,260,220,260" oya="0" hai0="87,122,111,129,23,101,125,80,75,98,0,82,121" hai1="134,25,28,103,78,66,70,57,4,59,10,54,119" hai2="8,33,40,130,89,124,79,93,97,72,12,7,2" hai3="127,108,55,63,77,95,61,88,133,90,49,92,81"/><T31/><D0/><U56/><E119/><V105/><F33/><W107/><G107/><T44/><D44/><U3/><E134/><V5/><F124/><W47/><G133/><T106/><D31/><U11/><E78/><V83/><F130/><W17/><G127/><T45/><D125/><U126/><E126/><V58/><F40/><W26/><G108/><T65/><D45/><U39/><E39/><V96/><F58/><W109/><G109/><T22/><D65/><U41/><E41/><V36/><F36/><W24/><G77/><N who="0" m="44095" /><D23/><U68/><E11/><V60/><F60/><N who="3" m="23115" /><G81/><T29/><D22/><U46/><E66/><V128/><F128/><W42/><G42/><T48/><D29/><U116/><E103/><V84/><F7/><W76/><G76/><N who="0" m="46535" /><D48/><U50/><REACH who="1" step="1"/><E116/><REACH who="1" ten="260,250,220,260" step="2"/><V71/><F71/><W123/><G123/><N who="0" m="47115" /><D129/><U32/><AGARI ba="1,1" hai="3,4,10,25,28,32,46,50,54,56,57,59,68,70" machi="32" ten="30,8000,1" yaku="1,1,0,1,53,3" doraHai="135" doraHaiUra="53" who="1" fromWho="1" sc="260,-41,250,93,220,-21,260,-21" /><INIT seed="1,0,0,4,1,6" ten="219,343,199,239" oya="1" hai0="104,1,22,2,7,19,42,14,88,23,66,77,39" hai1="118,31,115,29,48,10,120,9,12,107,27,13,124" hai2="63,15,109,57,5,106,3,114,34,56,50,59,67" hai3="81,117,129,102,89,37,49,41,113,119,38,53,127"/><U87/><E107/><V17/><F106/><W64/><G113/><T0/><D104/><U79/><E115/><V8/><F114/><W123/><G123/><T132/><D132/><U55/><E118/><N who="3" m="45066" /><G129/><T52/><D66/><U70/><E70/><V36/><F36/><W45/><G127/><T95/><D77/><U21/><E120/><V94/><F34/><W40/><G102/><T18/><D7/><U98/><E124/><V126/><F126/><W80/><G64/><T86/><D42/><N who="3" m="16489" /><G89/><T105/><D105/><U20/><E98/><V71/><F94/><W93/><G93/><T116/><D116/><U35/><E87/><V91/><F91/><W25/><G25/><T128/><D128/><U16/><E79/><V84/><F84/><W43/><G38/><T130/><D130/><U32/><E48/><V61/><F50/><W30/><G30/><T134/><D134/><U101/><E55/><V111/><REACH who="2" step="1"/><F61/><REACH who="2" ten="219,343,189,239" step="2"/><W44/><AGARI ba="0,1" hai="37,43,44,45,49,53,80,81" m="16489,45066" machi="44" ten="30,1100,0" yaku="12,1" doraHai="6" who="3" fromWho="3" sc="219,-3,343,-5,189,-3,239,21" /><INIT seed="2,0,0,2,4,10" ten="216,338,186,260" oya="2" hai0="115,85,80,23,19,107,46,124,15,51,44,36,87" hai1="21,132,100,40,122,38,12,31,98,9,14,134,28" hai2="106,63,1,128,34,64,84,101,94,114,27,32,93" hai3="117,133,88,110,126,116,119,45,66,7,58,77,76"/><V108/><F1/><W118/><G110/><T83/><D115/><U73/><E73/><V52/><F114/><W96/><G126/><T4/><D107/><U112/><E112/><V131/><F106/><W92/><G133/><N who="1" m="51306" /><E122/><V104/><F104/><W43/><G7/><T123/><D123/><U89/><E89/><V99/><F93/><W8/><G8/><T130/><D36/><U62/><E9/><V41/><F41/><W37/><N who="3" m="30208" /><DORA hai="68" /><W18/><REACH who="3" step="1"/><G18/><REACH who="3" ten="216,338,186,250" step="2"/><T39/><D124/><U78/><E28/><V30/><F108/><W109/><G109/><T97/><D4/><U125/><E125/><V26/><F84/><W6/><G6/><T3/><D3/><U69/><E31/><V17/><F17/><W53/><G53/><T129/><D97/><U2/><E21/><V11/><F11/><W49/><G49/><T91/><D87/><U25/><E2/><V72/><F72/><W105/><G105/><T90/><D85/><U121/><E121/><V127/><F127/><W20/><G20/><T42/><D90/><U59/><E98/><V86/><F86/><W5/><G5/><T35/><D91/><U50/><E50/><V16/><F52/><W71/><G71/><T95/><D35/><N who="2" m="13354" /><F16/><W29/><G29/><T103/><D130/><N who="2" m="49706" /><F30/><W55/><G55/><T113/><D129/><U70/><E69/><AGARI ba="0,1" hai="26,27,63,64,69,94,99,101" m="49706,13354" machi="69" ten="30,1500,0" yaku="19,1" doraHai="10,68" who="2" fromWho="1" sc="216,0,338,-15,186,25,250,0" /><INIT seed="2,1,0,3,1,51" ten="216,323,211,250" oya="2" hai0="71,41,56,105,59,134,114,29,107,122,135,35,91" hai1="70,22,112,74,33,132,16,69,1,111,36,102,64" hai2="68,90,79,113,5,49,32,72,80,43,108,88,89" hai3="133,53,4,96,57,66,130,31,61,34,42,87,86"/><V117/><F117/><W63/><G130/><T93/><D122/><U76/><E112/><V62/><F113/><W9/><G133/><N who="0" m="50699" /><D71/><U0/><E132/><V52/><F32/><W48/><G96/><T115/><D41/><U85/><E74/><V100/><F43/><W39/><G39/><T121/><D121/><U17/><E36/><V73/><F100/><W24/><G42/><T47/><D47/><U75/><E75/><V60/><F108/><W119/><G119/><T20/><D20/><U18/><E33/><V84/><F5/><W30/><G30/><T101/><D101/><U50/><E111/><V104/><F104/><N who="0" m="40010" /><D29/><U37/><E37/><V95/><F72/><W19/><G19/><T55/><D35/><U103/><E22/><V44/><REACH who="2" step="1"/><F60/><REACH who="2" ten="216,323,201,250" step="2"/><W11/><G63/><T6/><D6/><U129/><E103/><V94/><F94/><W2/><REACH who="3" step="1"/><G9/><REACH who="3" ten="216,323,201,240" step="2"/><T81/><D115/><U65/><E129/><V23/><F23/><W10/><G10/><T83/><D114/><U92/><E69/><AGARI ba="1,2" hai="2,4,11,24,31,34,48,53,57,61,66,69,86,87" machi="69" ten="30,3900,0" yaku="1,1,7,1,52,1,53,0" doraHai="51" doraHaiUra="12" who="3" fromWho="1" sc="216,0,323,-42,201,0,240,62" /><INIT seed="3,0,0,4,0,78" ten="216,281,201,302" oya="3" hai0="49,6,57,105,98,131,68,101,83,36,73,113,114" hai1="85,18,125,28,15,31,76,7,102,40,100,88,22" hai2="133,26,59,116,117,32,41,19,120,17,126,97,129" hai3="118,123,74,51,127,44,107,71,86,119,91,1,77"/><W115/><G107/><T87/><D68/><U82/><E125/><V34/><F126/><W106/><G106/><T24/><D36/><U79/><E40/><V48/><F97/><W64/><G123/><T9/><D24/><N who="1" m="16407" /><E31/><V20/><F59/><W62/><G127/><T90/><D131/><U80/><E7/><V60/><F60/><W63/><G1/><T124/><D124/><U130/><E130/><V16/><F48/><W37/><G37/><T99/><D57/><U3/><E3/><V96/><F96/><W30/><G30/><T134/><D49/><U55/><E55/><V128/><F41/><W93/><G63/><T5/><D134/><U42/><E42/><V23/><F120/><W46/><G46/><T109/><D109/><U45/><E45/><V112/><F133/><W67/><G67/><T10/><D98/><U108/><E108/><V50/><F50/><W92/><G92/><T70/><D70/><U52/><E52/><V95/><F95/><W29/><G29/><T11/><REACH who="0" step="1"/><D73/><REACH who="0" ten="206,281,201,302" step="2"/><U21/><E76/><V122/><F122/><W65/><G118/><N who="2" m="45673" /><F112/><AGARI ba="0,1" hai="5,6,9,10,11,83,87,90,99,101,105,112,113,114" machi="112" ten="40,5200,0" yaku="1,1,11,1,52,1,53,0" doraHai="78" doraHaiUra="47" who="0" fromWho="2" sc="206,62,281,0,201,-52,302,0" owari="268,-13.0,281,8.0,149,-35.0,302,40.0" /></mjloggm>