<mjloggm ver="2.3"><GO type="97" lobby="0"/><UN n0="%E3%82%BD%E3%83%BC%E3%83%8A%E3%83%B3%E3%82%B9" n1="%E5%B0%B1%E6%B4%BB%E7%94%9F%40%E5%B7%9D%E6%9D%91%E8%BB%8D%E5%9B%A3" n2="%41%4C%42%4E%54" n3="%E4%BC%8A%E8%83%BD%E5%8B%98%E8%A7%A3%E7%94%B1" dan="14,15,14,13" rate="1928.92,1957.51,1902.63,1867.93" sx="M,M,M,M"/><TAIKYOKU oya="0"/><INIT seed="0,0,0,3,5,111" ten="250,250,250,250" oya="0" hai0="118,105,57,101,43,80,4,72,71,132,28,31,79" hai1="32,53,22,49,11,70,126,19,116,90,114,102,56" hai2="99,122,95,12,96,74,119,84,48,45,10,29,81" hai3="65,35,94,67,42,76,7,13,23,40,108,117,50"/><T30/><D118/><U14/><E32/><V64/><F119/><W89/><G108/><T25/><D132/><U85/><E116/><V104/><F122/><W36/><G36/><T86/><D71/><U55/><E70/><V20/><F74/><W87/><G35/><T127/><D127/><U8/><E126/><V135/><F135/><W3/><G3/><T131/><D131/><U133/><E133/><V128/><F128/><W110/><G110/><T124/><D124/><U39/><E39/><V68/><F104/><W113/><G113/><T107/><D4/><U15/><E102/><V58/><F68/><W69/><G69/><T52/><D43/><N who="3" m="16425" /><G76/><T83/><D25/><U26/><E114/><V1/><F1/><W123/><G123/><T115/><D101/><U82/><E55/><V125/><F125/><W24/><G117/><T59/><D59/><U60/><E60/><V121/><F121/><W21/><G50/><T109/><D109/><U73/><E73/><V54/><F29/><N who="3" m="17551" /><G23/><T78/><REACH who="0" step="1"/><D115/><REACH who="0" ten="240,250,250,250" step="2"/><U62/><E62/><AGARI ba="0,1" hai="28,30,31,52,57,62,72,78,79,80,83,86,105,107" machi="62" ten="40,7700,0" yaku="1,1,2,1,54,1,53,0" doraHai="111" doraHaiUra="91" who="0" fromWho="1" sc="240,87,250,-77,250,0,250,0" /><INIT seed="0,1,0,0,5,122" ten="327,173,250,250" oya="0" hai0="47,37,100,127,98,46,63,106,64,129,24,87,85" hai1="110,89,42,76,8,4,11,49,41,118,20,9,21" hai2="62,135,119,77,134,86,125,83,31,97,116,121,124" hai3="74,52,104,79,33,35,72,130,102,17,43,39,105"/><T48/><D129/><U84/><E118/><N who="2" m="45099" /><F31/><W93/><G130/><T133/><D133/><N who="2" m="50698" /><F62/><W95/><G43/><T90/><D127/><N who="2" m="48714" /><F97/><W15/><G39/><T75/><D75/><U111/><E76/><V113/><F113/><W78/><G15/><T55/><D24/><U126/><E4/><V18/><F18/><W12/><G12/><T23/><D23/><U50/><E126/><V114/><F114/><W94/><G17/><T91/><D63/><U109/><E42/><V54/><F54/><W67/><G52/><T101/><D64/><U82/><E41/><V45/><F45/><W123/><G67/><T56/><D101/><U34/><E34/><N who="3" m="12810" /><G102/><T81/><D37/><U128/><E128/><V7/><F7/><W69/><G69/><T60/><D60/><U70/><E70/><V26/><F26/><W22/><G123/><AGARI ba="1,0" hai="77,83,86,121,123" m="48714,50698,45099" machi="123" ten="40,8000,1" yaku="12,1,20,1,18,1,34,2" doraHai="122" who="2" fromWho="3" sc="327,0,173,0,250,83,250,-83" /><INIT seed="1,0,0,0,4,0" ten="327,173,333,167" oya="1" hai0="135,13,128,1,40,68,63,107,90,22,42,19,7" hai1="101,88,47,28,25,62,95,85,35,26,102,103,55" hai2="64,91,57,65,94,77,45,67,18,130,116,93,70" hai3="32,75,79,46,10,8,43,86,78,2,84,74,105"/><U109/><E109/><V51/><F116/><W87/><G32/><T58/><D107/><U122/><E122/><V111/><F111/><W29/><G105/><T132/><D68/><U113/><E113/><V50/><F77/><N who="3" m="29195" /><G29/><T131/><D90/><U5/><E5/><V106/><F106/><W17/><G17/><T96/><D96/><U121/><E121/><V72/><F72/><N who="3" m="27691" /><G2/><T6/><D1/><U38/><E38/><V100/><F100/><W66/><G66/><N who="0" m="39287" /><D6/><U16/><E47/><V119/><F119/><W73/><N who="3" m="27699" /><W118/><DORA hai="33" /><G46/><T110/><D7/><U36/><E36/><V34/><F34/><W52/><G43/><N who="0" m="16427" /><D110/><U83/><E62/><V133/><F18/><W24/><G24/><T123/><D123/><U49/><E49/><V92/><F70/><W97/><G97/><T56/><D56/><U12/><E55/><V44/><F57/><W112/><G118/><T125/><D125/><U4/><E26/><V20/><F45/><W98/><G98/><T48/><D48/><U15/><E15/><V99/><F44/><W27/><G27/><T115/><D115/><U104/><E104/><V82/><F51/><W80/><G112/><T37/><D37/><U108/><E108/><V39/><F50/><W117/><G117/><T59/><D59/><U3/><E3/><V71/><F39/><W23/><G23/><T89/><D89/><U120/><E120/><V69/><F20/><W124/><G80/><T41/><D41/><U14/><E4/><V134/><F71/><W9/><G124/><T30/><D30/><U126/><E126/><RYUUKYOKU ba="0,0" sc="327,15,173,-15,333,-15,167,15" hai0="13,19,22,128,131,132,135" hai3="8,9,10,52,84,86,87" /><INIT seed="2,1,0,0,3,124" ten="342,158,318,182" oya="2" hai0="103,24,94,128,110,122,51,107,59,85,67,7,37" hai1="2,61,49,117,71,120,31,119,23,92,38,129,17" hai2="91,79,55,98,95,69,101,22,65,16,11,57,83" hai3="34,96,125,76,77,4,102,43,35,53,48,58,27"/><V47/><F69/><W112/><G125/><T82/><D37/><U134/><E38/><V97/><F65/><W106/><G112/><T39/><D39/><U6/><E31/><V62/><F47/><W86/><G4/><T64/><D122/><U12/><E120/><V121/><F121/><W50/><G27/><T52/><D110/><U114/><E114/><V30/><F30/><W80/><REACH who="3" step="1"/><G76/><REACH who="3" ten="342,158,318,172" step="2"/><T89/><D107/><U130/><E134/><V73/><F11/><W19/><G19/><T18/><D7/><U90/><E6/><V75/><F79/><W111/><G111/><T123/><D123/><U74/><E2/><V5/><F5/><W33/><G33/><T0/><D0/><U109/><E109/><V10/><F10/><W14/><G14/><T105/><D105/><U66/><E74/><V15/><F83/><W56/><G56/><T36/><D18/><U72/><E72/><V1/><F1/><W99/><G99/><T100/><D24/><U3/><E3/><V9/><REACH who="2" step="1"/><F9/><REACH who="2" ten="342,158,308,172" step="2"/><W45/><AGARI ba="1,2" hai="34,35,43,45,48,50,53,58,77,80,86,96,102,106" machi="45" ten="30,2000,0" yaku="1,1,0,1,53,0" doraHai="124" doraHaiUra="13" who="3" fromWho="3" sc="342,-6,158,-6,308,-11,172,43" /><INIT seed="3,0,0,4,2,27" ten="336,152,297,215" oya="3" hai0="73,95,22,39,65,88,32,93,38,121,130,135,114" hai1="47,12,116,131,92,69,7,49,34,71,125,14,117" hai2="109,28,89,43,126,98,105,59,37,119,55,90,78" hai3="10,19,122,16,123,113,8,33,108,13,21,20,91"/><W26/><G91/><T24/><D121/><N who="3" m="46089" /><G113/><T35/><D32/><U63/><E34/><V54/><F119/><W4/><G108/><T61/><D35/><U124/><E7/><V50/><F109/><W72/><G72/><T97/><D73/><U52/><E92/><V0/><F0/><N who="3" m="7" /><G33/><T6/><D6/><U53/><E131/><V96/><F126/><N who="1" m="48745" /><E14/><V48/><F78/><W129/><G129/><T41/><D114/><U68/><E12/><V79/><F79/><W60/><G60/><T3/><D3/><U111/><E111/><V128/><F128/><W81/><G81/><T40/><D130/><U1/><E1/><V56/><F37/><W120/><N who="3" m="46097" /><W100/><DORA hai="115" /><G100/><T101/><D39/><U11/><E11/><AGARI ba="0,0" hai="10,11,13,16,19,20,21,26" m="7,46097" machi="11" ten="40,7700,0" yaku="34,2,54,1" doraHai="27,115" who="3" fromWho="1" sc="336,0,152,-77,297,0,215,77" /><INIT seed="3,1,0,2,0,6" ten="336,75,297,292" oya="3" hai0="97,110,66,32,101,134,28,27,92,59,50,44,132" hai1="88,116,72,56,65,69,61,60,112,81,39,62,89" hai2="114,120,115,41,70,74,53,35,37,119,2,67,87" hai3="98,13,63,117,58,5,76,104,16,100,86,77,3"/><W10/><G117/><T126/><D110/><U82/><E112/><V73/><F87/><W54/><G86/><T0/><D0/><U91/><E116/><V7/><F53/><W1/><G3/><T135/><D126/><U17/><E39/><V68/><F119/><W43/><G43/><N who="0" m="24863" /><D59/><U46/><E72/><N who="2" m="27755" /><F67/><AGARI ba="1,0" hai="27,28,32,66,67,92,97,101,132,134,135" m="24863" machi="67" ten="30,1000,0" yaku="20,1" doraHai="6" who="0" fromWho="2" sc="336,13,75,0,297,-13,292,0" owari="349,45.0,75,-42.0,284,-12.0,292,9.0" /></mjloggm>