<mjloggm ver="2.3"><GO type="169" lobby="0"/><UN n0="%E3%82%B7%E3%83%B3%E3%83%87%E3%83%AB%E3%83%A9" n1="%E5%B0%B1%E6%B4%BB%E7%94%9F%40%E5%B7%9D%E6%9D%91%E8%BB%8D%E5%9B%A3" n2="%E3%83%95%E3%83%AA%E3%83%BC%E3%82%B6%E6%A7%98" n3="%6B%6F%75%33%32%38%34" dan="16,16,16,16" rate="2112.92,2139.31,2123.11,2128.52" sx="F,M,M,F"/><TAIKYOKU oya="0"/><INIT seed="0,0,0,5,4,74" ten="250,250,250,250" oya="0" hai0="125,45,64,112,20,21,35,119,28,81,114,115,50" hai1="106,9,52,30,26,55,93,48,120,41,38,132,94" hai2="107,90,37,40,92,133,59,10,83,77,24,91,134" hai3="131,130,113,44,128,111,0,33,88,25,18,109,80"/><T2/><D119/><U103/><E120/><V32/><F107/><W4/><G113/><T117/><D117/><U85/><E132/><N who="2" m="50795" /><F40/><W124/><G44/><T58/><D125/><U135/><E135/><V126/><F37/><W60/><G60/><T96/><D2/><U118/><E38/><V12/><F126/><W122/><G124/><T76/><D96/><U31/><E118/><V116/><F116/><W102/><G102/><T16/><D35/><U42/><E106/><V34/><F59/><W49/><G49/><T127/><D28/><U15/><E55/><V36/><F36/><W57/><G57/><T79/><D127/><U17/><E93/><V46/><F46/><W82/><G122/><T97/><D97/><N who="1" m="59831" /><E85/><N who="2" m="48367" /><F24/><W71/><G71/><T51/><D81/><U7/><E7/><N who="2" m="3167" /><F91/><W13/><G88/><T67/><D58/><N who="1" m="33031" /><E26/><V69/><F69/><W3/><G82/><T61/><D61/><U73/><E73/><V95/><F95/><W99/><G80/><T53/><D51/><U43/><AGARI ba="0,0" hai="9,15,17,30,31,41,42,43" m="33031,59831" machi="43" ten="30,2000,0" yaku="8,1,54,1" doraHai="74" who="1" fromWho="1" sc="250,-10,250,20,250,-5,250,-5" /><INIT seed="1,0,0,1,2,57" ten="240,270,245,245" oya="1" hai0="34,126,90,102,8,61,40,44,94,51,31,25,113" hai1="131,81,124,14,62,21,109,35,89,122,22,133,0" hai2="59,43,37,69,77,46,29,75,47,70,16,58,95" hai3="117,120,3,38,114,115,84,118,111,27,92,134,66"/><U105/><E35/><V50/><F29/><W45/><G3/><T98/><D113/><U26/><E0/><V52/><F77/><W24/><G120/><T103/><D126/><U128/><E105/><V9/><F75/><W110/><G134/><T88/><D8/><U30/><E122/><V11/><F95/><W125/><G125/><T23/><D34/><U96/><E124/><V87/><F87/><W32/><G66/><T108/><D108/><N who="3" m="41513" /><G92/><N who="0" m="56583" /><D61/><U127/><E127/><V55/><F9/><W112/><G84/><AGARI ba="0,0" hai="23,25,31,40,44,51,84,90,94,102,103" m="56583" machi="84" ten="30,2000,0" yaku="8,1,54,1" doraHai="57" who="0" fromWho="3" sc="240,20,270,0,245,0,245,-20" /><INIT seed="2,0,0,4,4,96" ten="260,270,245,225" oya="2" hai0="60,0,135,64,37,123,13,134,87,56,82,65,45" hai1="61,54,26,17,28,44,124,85,19,4,94,116,38" hai2="76,53,80,104,12,43,106,97,5,121,69,11,51" hai3="110,8,25,114,48,6,78,115,35,2,86,57,132"/><V84/><F121/><W66/><G110/><T113/><D0/><U93/><E116/><V102/><F69/><W30/><G132/><N who="0" m="50731" /><D123/><U72/><E72/><V122/><F122/><W14/><G78/><N who="0" m="46551" /><D13/><U98/><E38/><V31/><F31/><W9/><G86/><T7/><D7/><U112/><E4/><V75/><F75/><W24/><G66/><N who="0" m="39175" /><D113/><N who="3" m="43017" /><G48/><T16/><D16/><U40/><E124/><V120/><F120/><W103/><G57/><T23/><D23/><U27/><E40/><AGARI ba="0,0" hai="37,40,45,64,65" m="39175,46551,50731" machi="40" ten="30,1000,0" yaku="20,1" doraHai="96" who="0" fromWho="1" sc="260,10,270,-10,245,0,225,0" /><INIT seed="3,0,0,4,5,6" ten="270,260,245,225" oya="3" hai0="31,12,2,15,48,81,55,70,108,41,26,126,46" hai1="118,18,92,96,116,93,84,1,132,121,135,16,87" hai2="23,83,98,36,72,47,39,14,0,91,50,77,80" hai3="59,20,67,105,54,123,114,9,11,76,29,45,117"/><W57/><G114/><T7/><D70/><U56/><E1/><V102/><F0/><W60/><G117/><N who="1" m="45162" /><E56/><V21/><F83/><W104/><G123/><T103/><D108/><U5/><E5/><V32/><F32/><W4/><G76/><T10/><D126/><U33/><E33/><V82/><F82/><W58/><G105/><T71/><D71/><U122/><E87/><V124/><F91/><W74/><G74/><T120/><D120/><N who="1" m="46187" /><E84/><V100/><F124/><W109/><G104/><T101/><D81/><U24/><E24/><V89/><F89/><W86/><G109/><T113/><D113/><U115/><E115/><V129/><F102/><W130/><G130/><T34/><D15/><U8/><E8/><N who="3" m="3146" /><G4/><T73/><D73/><U125/><E125/><V134/><F129/><W37/><G37/><T95/><D2/><U13/><E13/><V51/><F14/><W19/><G86/><T68/><D68/><U25/><E25/><V65/><F39/><W38/><G38/><T128/><D128/><U35/><E35/><V85/><F36/><W30/><G45/><T97/><D103/><N who="1" m="60807" /><E93/><N who="2" m="58447" /><F72/><W22/><G22/><N who="2" m="8201" /><F47/><W99/><G99/><T62/><D34/><U28/><E28/><N who="3" m="10858" /><G67/><T127/><D127/><U131/><E131/><V119/><F65/><W79/><G79/><T27/><D31/><U90/><E90/><V63/><F119/><W3/><G3/><T44/><D44/><U107/><E107/><V49/><F77/><W43/><G43/><T94/><D94/><U17/><AGARI ba="0,0" hai="16,17,18,132,135" m="60807,46187,45162" machi="17" ten="40,2700,0" yaku="12,1,54,1" doraHai="6" who="1" fromWho="1" sc="270,-7,260,27,245,-7,225,-13" /><INIT seed="4,0,0,5,0,121" ten="263,287,238,212" oya="0" hai0="85,2,77,47,130,106,66,129,73,67,109,76,39" hai1="69,49,60,116,23,21,86,105,35,20,80,15,7" hai2="57,107,118,81,33,29,119,128,31,25,18,14,42" hai3="63,36,0,104,111,22,28,115,110,92,50,48,90"/><T95/><D2/><U135/><E35/><V37/><F107/><W70/><G104/><T51/><D39/><U108/><E108/><V89/><F128/><N who="0" m="49258" /><D106/><U74/><E74/><V12/><F31/><W117/><G36/><T24/><D24/><U54/><E105/><V122/><F122/><W97/><G117/><N who="2" m="44553" /><F57/><W11/><G115/><T13/><D13/><N who="2" m="5226" /><F18/><W19/><G28/><T114/><D114/><U134/><E116/><V27/><F27/><W123/><G123/><T78/><D73/><U96/><E96/><V59/><F59/><W113/><G113/><T5/><D5/><U34/><E34/><V131/><F131/><W8/><G19/><T100/><D109/><U132/><E69/><V88/><F81/><W64/><G22/><T75/><D75/><U44/><E60/><V71/><F71/><W82/><G82/><T94/><D85/><U127/><E127/><V1/><F1/><W72/><G72/><T65/><D100/><U26/><E15/><V56/><F56/><W32/><G32/><T99/><D99/><U43/><E7/><V52/><F52/><AGARI ba="0,0" hai="47,51,52,65,66,67,76,77,78,94,95" m="49258" machi="52" ten="40,3900,0" yaku="19,1,54,1" doraHai="121" who="0" fromWho="2" sc="263,39,287,0,238,-39,212,0" /><INIT seed="4,1,0,0,5,32" ten="302,287,199,212" oya="0" hai0="57,102,40,106,113,124,50,48,24,54,10,3,56" hai1="122,78,27,47,63,58,95,17,71,11,31,90,121" hai2="98,59,101,129,111,72,45,36,39,41,6,22,8" hai3="26,9,86,15,5,29,115,60,128,79,19,37,126"/><T52/><D113/><U135/><E71/><V117/><F111/><W35/><G37/><T127/><D40/><U118/><E118/><V34/><F117/><W13/><G115/><T123/><D123/><U46/><E78/><V25/><F129/><W97/><G128/><T1/><D24/><U33/><E135/><V94/><F72/><W12/><G126/><N who="0" m="48171" /><D10/><U114/><E114/><V43/><F34/><W67/><G97/><AGARI ba="1,0" hai="1,3,48,50,52,54,56,57,97,102,106" m="48171" machi="97" ten="30,11600,0" yaku="18,1,52,2,54,1" doraHai="32" who="0" fromWho="3" sc="302,119,287,0,199,0,212,-119" /><INIT seed="4,2,0,5,1,37" ten="421,287,199,93" oya="0" hai0="48,45,0,122,78,65,133,69,24,83,29,42,66" hai1="79,16,56,27,51,82,123,12,102,85,84,36,13" hai2="116,127,80,124,47,14,23,76,15,8,105,32,35" hai3="33,19,41,89,20,97,6,49,107,9,17,86,53"/><T10/><D122/><U91/><E36/><V99/><F47/><W120/><G33/><N who="2" m="12873" /><F23/><W88/><G120/><T96/><D133/><U44/><E123/><V26/><F26/><W40/><G107/><T129/><D129/><U114/><E114/><V71/><F71/><W28/><G28/><T21/><D96/><U108/><E108/><V39/><F39/><W60/><G60/><T57/><D69/><U109/><E109/><V115/><F115/><W25/><G97/><T94/><D94/><U4/><E102/><N who="2" m="62687" /><F8/><W31/><G31/><T106/><D106/><U70/><E70/><V135/><F135/><W118/><G118/><T112/><D112/><U93/><E4/><V59/><F59/><N who="3" m="33199" /><G6/><T113/><D113/><U101/><E101/><V52/><F116/><W111/><G111/><T22/><D22/><N who="1" m="13767" /><E56/><V131/><F131/><W110/><G110/><T18/><D57/><U58/><E58/><V81/><F124/><W75/><G75/><T67/><D0/><U119/><E119/><V121/><F127/><W1/><G1/><T132/><D132/><U61/><E61/><V104/><F121/><W100/><G100/><T34/><D34/><U68/><E68/><V64/><F104/><W50/><G50/><T55/><D55/><AGARI ba="2,0" hai="12,13,44,51,55,79,82,84,85,91,93" m="13767" machi="55" ten="30,2000,0" yaku="8,1,54,1" doraHai="37" who="1" fromWho="0" sc="421,-26,287,26,199,0,93,0" /><INIT seed="5,0,0,0,1,101" ten="395,313,199,93" oya="1" hai0="62,121,122,85,20,73,40,59,64,25,2,128,45" hai1="16,50,6,78,89,111,36,103,14,47,42,31,95" hai2="12,83,33,105,76,61,38,112,13,37,27,75,116" hai3="109,124,71,57,29,60,54,99,15,125,21,5,8"/><U114/><E111/><V87/><F116/><W11/><G109/><T23/><D128/><U84/><E114/><V34/><F112/><W90/><G71/><T94/><D73/><U66/><E31/><V120/><F120/><N who="0" m="46186" /><D2/><U63/><E6/><V127/><F127/><W97/><G8/><T91/><D25/><U133/><E133/><V53/><F105/><W52/><G54/><T102/><D102/><U74/><E103/><V70/><F34/><W28/><G90/><T110/><D110/><U129/><E129/><V4/><F87/><W130/><G130/><T3/><D3/><U79/><E74/><V48/><F13/><W131/><G131/><T115/><D115/><U24/><E24/><V32/><F32/><W135/><G135/><T58/><D58/><N who="1" m="37239" /><E36/><AGARI ba="0,0" hai="20,23,36,40,45,59,62,64,85,91,94" m="46186" machi="36" ten="30,1000,0" yaku="13,1" doraHai="101" who="0" fromWho="1" sc="395,10,313,-10,199,0,93,0" /><INIT seed="6,0,0,5,4,121" ten="405,303,199,93" oya="2" hai0="0,65,134,10,22,21,52,111,30,24,101,79,56" hai1="11,122,29,100,89,55,131,4,26,96,41,85,62" hai2="93,58,37,123,84,92,102,36,105,67,129,91,70" hai3="61,50,23,118,109,86,120,75,110,48,104,119,124"/><V73/><F123/><W76/><G104/><T133/><D111/><N who="3" m="42505" /><G86/><T46/><D79/><U114/><E131/><V45/><F73/><W126/><G76/><T25/><D101/><U38/><E114/><V31/><F105/><W39/><G75/><T68/><D46/><U60/><E41/><V44/><F129/><W8/><G8/><T49/><D68/><U66/><E38/><V71/><F31/><W1/><G1/><T127/><D127/><N who="3" m="48681" /><G39/><T83/><D10/><U99/><E55/><V63/><F36/><W94/><G94/><T88/><D52/><U2/><E66/><V13/><F13/><W18/><G61/><T12/><D0/><U81/><E122/><V33/><F33/><W35/><G35/><T5/><D21/><U115/><E115/><V9/><F9/><W53/><G120/><T40/><D22/><U113/><E113/><V17/><F17/><W87/><G87/><T112/><D112/><U42/><E99/><N who="2" m="59759" /><F37/><W28/><G28/><T43/><D30/><U34/><E60/><V106/><F106/><W32/><G32/><T64/><D12/><U125/><E62/><V130/><F130/><W57/><G50/><T6/><D49/><U20/><E125/><V108/><F108/><W19/><G19/><T47/><D5/><U135/><E34/><V14/><F14/><AGARI ba="0,0" hai="14,18,23,48,53,57,118,119" m="48681,42505" machi="14" ten="30,7700,0" yaku="18,1,52,3" doraHai="121" who="3" fromWho="2" sc="405,0,303,0,199,-77,93,77" /><INIT seed="7,0,0,3,4,84" ten="405,303,122,170" oya="3" hai0="27,53,79,78,117,83,116,65,45,127,3,93,48" hai1="94,132,14,61,56,134,39,66,17,30,75,85,87" hai2="89,28,82,100,41,44,135,76,107,123,25,43,101" hai3="73,98,31,4,71,115,38,46,67,0,22,62,96"/><W11/><G115/><T119/><D3/><U33/><E75/><V114/><F114/><W111/><G111/><T29/><D127/><U99/><E39/><V13/><F135/><N who="1" m="51753" /><E30/><V5/><F123/><W7/><G7/><T24/><D65/><U49/><E49/><V130/><F130/><W122/><G122/><T50/><D93/><U109/><E33/><V1/><F107/><W120/><G120/><T129/><D129/><U6/><E6/><V112/><F112/><W57/><G73/><T133/><D133/><U2/><E2/><V70/><F70/><W12/><G71/><T59/><D83/><U72/><E72/><V9/><F1/><W113/><G113/><T16/><D16/><U10/><E109/><V63/><F63/><W125/><G125/><T108/><D108/><U126/><E126/><V58/><F58/><W37/><G37/><T86/><D59/><U110/><E110/><V19/><F19/><W90/><G46/><T64/><D45/><U104/><E104/><V121/><F121/><W20/><G38/><T34/><D116/><U106/><E106/><V91/><F76/><W47/><G47/><T81/><D79/><U51/><E51/><N who="2" m="27023" /><F43/><W36/><G36/><T42/><D42/><U74/><E74/><V18/><F28/><W8/><G31/><T102/><D29/><U15/><E15/><N who="2" m="5551" /><F25/><W60/><G62/><T68/><D27/><U52/><E66/><V32/><F32/><W118/><G60/><T97/><D117/><U105/><E105/><V54/><F54/><W103/><G0/><T35/><D119/><U69/><E69/><RYUUKYOKU ba="0,0" sc="405,-10,303,30,122,-10,170,-10" hai1="10,14,17,52,56,61,85,87,94,99" owari="395,50.0,333,13.0,112,-39.0,160,-24.0" /></mjloggm>