<mjloggm ver="2.3"><GO type="41" lobby="0"/><UN n0="%E3%83%AA%E3%82%B5%E3%81%95%E3%81%BE" n1="%E5%B0%B1%E6%B4%BB%E7%94%9F%40%E5%B7%9D%E6%9D%91%E8%BB%8D%E5%9B%A3" n2="%E5%A1%B5" n3="%6B%69%79%6F%6E%61%72%69" dan="14,16,14,15" rate="1896.93,2077.70,1947.13,2014.70" sx="M,M,M,M"/><TAIKYOKU oya="0"/><INIT seed="0,0,0,5,0,40" ten="250,250,250,250" oya="0" hai0="115,97,69,0,109,11,55,110,36,45,127,54,80" hai1="86,42,52,16,99,22,37,32,126,39,116,59,84" hai2="31,34,18,128,13,87,107,72,50,103,121,88,63" hai3="48,111,53,47,41,35,125,92,68,29,129,78,95"/><T73/><D69/><U30/><E116/><V135/><F72/><W117/><G117/><T81/><D115/><U98/><E126/><V113/><F121/><W106/><G106/><T74/><D127/><U104/><E32/><V67/><F113/><W23/><G125/><T131/><D131/><U12/><E30/><V82/><F128/><W10/><G35/><T57/><D97/><U19/><E19/><V15/><F135/><W132/><G129/><T17/><D55/><U77/><E77/><V112/><F112/><W75/><G68/><T114/><D114/><U9/><E9/><V62/><F62/><W14/><G132/><T134/><D134/><U25/><E12/><V105/><F103/><W93/><G111/><N who="0" m="42507" /><D57/><U5/><E5/><V58/><F15/><W76/><G75/><N who="0" m="28683" /><D17/><U7/><E7/><V133/><F133/><W33/><G33/><T101/><D101/><U24/><E99/><V21/><REACH who="2" step="1"/><F50/><REACH who="2" ten="250,250,240,250" step="2"/><W28/><G48/><N who="0" m="28943" /><D36/><U122/><E39/><V79/><F79/><W49/><G78/><T64/><D64/><U70/><E37/><V2/><F2/><W100/><G76/><T71/><D71/><U8/><E122/><V27/><AGARI ba="0,1" hai="13,18,21,27,31,34,58,63,67,82,87,88,105,107" machi="27" ten="30,4000,0" yaku="1,1,0,1,54,1,53,0" doraHai="40" doraHaiUra="6" who="2" fromWho="2" sc="250,-20,250,-10,240,50,250,-10" /><INIT seed="1,0,0,1,3,23" ten="230,240,290,240" oya="1" hai0="84,33,10,25,36,79,21,110,65,109,5,125,1" hai1="96,104,115,27,135,0,80,69,82,16,15,107,76" hai2="48,85,40,58,19,118,88,8,62,61,87,94,17" hai3="68,51,126,41,53,81,43,70,18,120,28,103,45"/><U64/><E0/><V38/><F118/><W105/><G28/><N who="0" m="19599" /><D65/><U3/><E3/><V86/><F38/><N who="3" m="21687" /><G18/><N who="2" m="6665" /><F8/><W32/><G81/><N who="0" m="47167" /><D36/><U52/><E115/><V72/><F72/><W46/><G103/><T55/><D21/><N who="1" m="13735" /><E69/><N who="3" m="26730" /><G105/><T78/><D55/><U122/><E64/><N who="2" m="38967" /><F62/><W50/><G32/><T91/><D91/><U31/><E31/><V30/><F30/><W9/><G9/><T35/><D35/><U11/><E107/><V131/><F131/><W116/><G116/><T132/><D78/><U7/><E104/><V56/><F56/><N who="3" m="32823" /><G126/><T100/><D100/><U34/><E34/><V113/><F113/><W92/><G92/><T111/><D125/><U4/><E122/><AGARI ba="0,0" hai="43,46,51,120,122" m="32823,26730,21687" machi="122" ten="30,2000,0" yaku="34,2" doraHai="23" who="3" fromWho="1" sc="230,0,240,-20,290,0,240,20" /><INIT seed="2,0,0,5,2,70" ten="230,220,290,260" oya="2" hai0="126,29,68,81,42,102,114,69,12,86,77,89,46" hai1="112,84,64,133,130,40,57,37,104,80,108,92,129" hai2="27,34,20,61,120,87,134,113,123,53,93,124,72" hai3="14,110,1,103,96,109,135,17,122,6,48,52,4"/><V128/><F72/><W105/><G122/><T111/><D111/><N who="3" m="42505" /><G1/><T76/><D114/><U30/><E104/><V38/><F113/><W44/><G135/><T118/><D126/><U36/><E108/><V94/><F34/><W5/><G5/><T11/><D102/><U56/><E112/><V83/><F134/><W101/><G101/><T18/><D29/><U9/><E40/><V115/><F115/><W131/><G131/><N who="1" m="50186" /><E133/><V13/><F128/><W28/><G28/><T21/><D118/><U0/><E30/><V41/><F124/><W19/><G19/><T65/><D11/><AGARI ba="0,0" hai="4,6,11,14,17,44,48,52,96,103,105" m="42505" machi="11" ten="30,2000,0" yaku="14,1,54,1" doraHai="70" who="3" fromWho="0" sc="230,-20,220,0,290,0,260,20" /><INIT seed="3,0,0,2,0,56" ten="210,220,290,280" oya="3" hai0="70,67,106,71,119,5,36,85,54,21,76,122,6" hai1="124,61,30,45,89,91,22,75,32,127,15,17,39" hai2="126,37,46,134,28,115,98,83,132,87,25,105,23" hai3="65,111,18,112,51,35,72,31,103,78,16,0,120"/><W102/><G112/><T81/><D119/><U42/><E75/><V34/><F115/><W43/><G120/><T66/><D122/><U24/><REACH who="1" step="1"/><E61/><REACH who="1" ten="210,210,290,280" step="2"/><V57/><F134/><W27/><G111/><T86/><D36/><U41/><E41/><V129/><F132/><W49/><G72/><T4/><D106/><U55/><E55/><V128/><F105/><W14/><G43/><T62/><D54/><U133/><E133/><V29/><F37/><W44/><G65/><T130/><D130/><U60/><E60/><V121/><F129/><W8/><G51/><T131/><D131/><U53/><E53/><V97/><F128/><W114/><G114/><T12/><D67/><U110/><E110/><V92/><F121/><W68/><G68/><T38/><D70/><U50/><E50/><V125/><F126/><AGARI ba="0,1" hai="15,17,22,24,30,32,39,42,45,89,91,124,126,127" machi="126" ten="40,2600,0" yaku="1,1,18,1,53,0" doraHai="56" doraHaiUra="48" who="1" fromWho="2" sc="210,0,210,36,290,-26,280,0" /><INIT seed="4,0,0,4,1,108" ten="210,246,264,280" oya="0" hai0="31,40,68,4,133,29,101,92,80,126,65,30,122" hai1="55,58,37,13,129,119,87,75,34,62,54,16,32" hai2="88,2,8,117,100,86,59,45,5,26,70,89,99" hai3="3,110,113,132,35,67,22,115,93,81,44,11,24"/><T51/><D122/><U102/><E75/><V103/><F70/><W90/><G132/><T135/><D4/><U77/><E37/><V46/><F117/><W7/><G110/><T72/><D72/><U60/><E119/><V64/><F26/><W134/><G134/><N who="0" m="51211" /><D126/><U36/><E36/><V94/><F89/><W107/><G107/><T98/><D80/><U84/><E129/><V106/><REACH who="2" step="1"/><F103/><REACH who="2" ten="210,246,254,280" step="2"/><W63/><G24/><T91/><D101/><U57/><E102/><V23/><F23/><W38/><G90/><T15/><D68/><U120/><E120/><V96/><F96/><W28/><G22/><T48/><D65/><U85/><E77/><V121/><F121/><W83/><G35/><T49/><D15/><U43/><E43/><AGARI ba="0,1" hai="29,30,31,40,43,48,49,51,91,92,98" m="51211" machi="43" ten="40,2000,0" yaku="20,1" doraHai="108" who="0" fromWho="1" sc="210,30,246,-20,254,0,280,0" /><INIT seed="4,1,0,0,0,95" ten="240,226,254,280" oya="0" hai0="3,70,133,34,85,77,11,127,19,72,66,68,124" hai1="17,62,94,51,110,129,14,107,60,18,101,78,55" hai2="42,112,28,40,52,99,38,75,118,69,1,98,39" hai3="126,105,134,132,24,35,125,100,117,121,10,47,20"/><T80/><D133/><N who="3" m="51305" /><G47/><T106/><D34/><U108/><E107/><V49/><F69/><W23/><G100/><T102/><D19/><U22/><E129/><V79/><F1/><W120/><G105/><T16/><D85/><U111/><E78/><V116/><F112/><W63/><G63/><T9/><D9/><U30/><E30/><V128/><F128/><W26/><G117/><N who="2" m="45161" /><F28/><N who="3" m="19847" /><G10/><T114/><D114/><U84/><E18/><V90/><F90/><W86/><G86/><T71/><D16/><U87/><E87/><V113/><F113/><W50/><G50/><T67/><D67/><U119/><E119/><V56/><F79/><W32/><G32/><T103/><D66/><U135/><E135/><V33/><F75/><W130/><G130/><T122/><D103/><U15/><E15/><V12/><F12/><W4/><G4/><N who="0" m="1439" /><D122/><N who="3" m="47209" /><G26/><T89/><D89/><N who="1" m="53543" /><E101/><V76/><F76/><W5/><G5/><T59/><D59/><AGARI ba="1,0" hai="14,17,22,51,55,59,60,62,108,110,111" m="53543" machi="59" ten="30,1000,0" yaku="25,1" doraHai="95" who="1" fromWho="0" sc="240,-13,226,13,254,0,280,0" /><INIT seed="5,0,0,5,4,45" ten="227,239,254,280" oya="1" hai0="104,17,97,40,129,71,72,8,39,18,88,127,42" hai1="87,35,37,112,29,99,111,65,79,80,131,55,27" hai2="41,12,83,85,70,25,128,133,46,22,91,106,49" hai3="125,30,11,75,23,19,123,28,94,93,13,31,100"/><U26/><E37/><V60/><F106/><W78/><G123/><T68/><D72/><U122/><E122/><V98/><F133/><W36/><G36/><T50/><D39/><U73/><E111/><V44/><F128/><W61/><G75/><T21/><D127/><U126/><E131/><V108/><F108/><W102/><G78/><T130/><D8/><U47/><E126/><V56/><F70/><W119/><G125/><T2/><D2/><U24/><E112/><V9/><F46/><W51/><G119/><T113/><D113/><U82/><E65/><V86/><F86/><W74/><G74/><T66/><D21/><U32/><E99/><V118/><F98/><W107/><G107/><T117/><D97/><U4/><E4/><V135/><F135/><W54/><G61/><T53/><D66/><U38/><E32/><V90/><F90/><W92/><REACH who="3" step="1"/><G11/><REACH who="3" ten="227,239,254,270" step="2"/><T67/><D129/><U62/><E38/><V20/><F118/><W109/><G109/><T132/><D130/><U84/><E73/><V115/><F115/><W3/><G3/><T7/><D132/><U124/><E124/><V110/><F110/><W16/><G16/><T81/><D17/><U33/><E33/><V95/><F83/><W134/><G134/><T0/><D81/><U15/><E35/><V64/><F25/><W63/><G63/><T76/><D18/><AGARI ba="0,1" hai="9,12,18,20,22,41,44,49,56,60,64,85,91,95" machi="18" ten="30,3900,0" yaku="7,1,8,1,52,1" doraHai="45" who="2" fromWho="0" sc="227,-39,239,0,254,49,270,0" /><INIT seed="6,0,0,2,1,13" ten="188,239,303,270" oya="2" hai0="124,97,18,14,43,51,62,72,73,105,107,41,80" hai1="25,20,3,106,52,109,16,96,126,49,40,86,33" hai2="79,93,21,11,69,22,90,6,112,104,121,99,54" hai3="60,91,111,63,48,92,74,24,8,78,118,131,85"/><V19/><F121/><W119/><G111/><T103/><D124/><U2/><E109/><V38/><F69/><W132/><G74/><T34/><D34/><U101/><E126/><V47/><F112/><W133/><G131/><T94/><D107/><U32/><E33/><V56/><F104/><W44/><G78/><T30/><D30/><U15/><E40/><V116/><F116/><N who="3" m="44587" /><G24/><T31/><D31/><U77/><E32/><V27/><F79/><W7/><G8/><T64/><D80/><U95/><E25/><V123/><F123/><W35/><G7/><T128/><D128/><U53/><E53/><V50/><F22/><W39/><G39/><T129/><D129/><U102/><E102/><V84/><F38/><W83/><G83/><T58/><D51/><U114/><E114/><V130/><F130/><W36/><G36/><T65/><D65/><U98/><E98/><V28/><F28/><W71/><G71/><T76/><D76/><U87/><E87/><V81/><F81/><W10/><G10/><T120/><D120/><U17/><E17/><V89/><F89/><W37/><G37/><T46/><D46/><U75/><E75/><V0/><REACH who="2" step="1"/><F47/><REACH who="2" ten="188,239,293,270" step="2"/><W66/><G35/><T9/><D73/><U82/><E106/><V59/><F59/><AGARI ba="0,1" hai="2,3,15,16,20,49,52,59,77,82,86,95,96,101" machi="59" ten="30,7700,0" yaku="7,1,52,1,54,2" doraHai="13" who="1" fromWho="2" sc="188,0,239,87,293,-77,270,0" /><INIT seed="7,0,0,0,5,31" ten="188,326,216,270" oya="3" hai0="33,60,118,1,135,90,26,109,38,113,88,86,52" hai1="45,44,57,70,49,16,68,50,61,17,65,123,71" hai2="23,121,54,64,95,130,77,83,59,19,29,56,103" hai3="10,120,6,69,72,97,129,20,41,30,76,85,106"/><W51/><G120/><T79/><D109/><U40/><REACH who="1" step="1"/><E123/><REACH who="1" ten="188,316,216,270" step="2"/><V112/><F112/><W122/><G122/><T87/><D118/><U119/><E119/><V131/><F121/><W66/><G129/><T93/><D135/><U75/><E75/><V37/><F131/><W99/><G72/><T42/><D1/><U47/><E47/><V133/><F130/><W115/><G115/><T117/><D113/><U48/><E48/><V36/><F133/><W73/><G51/><T14/><D117/><U8/><E8/><V108/><F37/><W134/><G73/><T81/><D14/><U32/><E32/><V13/><F36/><W94/><G10/><T126/><D126/><U78/><E78/><V63/><F77/><W105/><G76/><T101/><D101/><U114/><E114/><V22/><F103/><W53/><G134/><T125/><D125/><U24/><E24/><V11/><F13/><W80/><G106/><T84/><D38/><U5/><E5/><V39/><F39/><W46/><G6/><T27/><D33/><U15/><E15/><V100/><F100/><W4/><G4/><T21/><D21/><U62/><E62/><V2/><F23/><W102/><G20/><T96/><D42/><AGARI ba="0,1" hai="16,17,40,42,44,45,49,50,57,61,65,68,70,71" machi="42" ten="40,8000,1" yaku="21,2,9,1,54,1,53,0" doraHai="31" doraHaiUra="25" who="1" fromWho="0" sc="188,-80,316,90,216,0,270,0" owari="108,-39.0,406,50.0,216,-18.0,270,7.0" /></mjloggm>