<mjloggm ver="2.3"><GO type="169" lobby="0"/><UN n0="%E9%81%8B%E3%81%8C%E3%81%BB%E3%81%BC%E5%85%A8%E3%81%A6" n1="%E3%83%8C%E3%83%83%E3%83%97" n2="%E3%82%A6%E3%83%AB%E3%83%88%E3%83%A9%E7%AB%8B%E7%9B%B4" n3="%E3%83%A4%E3%82%AD%E3%83%B3" dan="16,17,17,18" rate="2129.39,2146.33,2177.18,2214.25" sx="M,M,M,M"/><TAIKYOKU oya="0"/><INIT seed="0,0,0,2,0,114" ten="250,250,250,250" oya="0" hai0="50,59,103,124,67,117,23,68,72,115,76,102,83" hai1="2,80,69,5,44,122,126,63,1,61,58,16,4" hai2="79,62,56,57,30,119,70,98,77,110,64,6,109" hai3="55,20,60,96,113,19,111,54,42,134,43,35,89"/><T88/><D115/><U14/><E122/><V38/><F30/><W24/><G113/><T130/><D130/><U34/><E34/><V49/><F6/><W9/><G111/><N who="2" m="42505" /><F38/><W37/><G134/><T92/><D124/><U18/><E126/><V3/><F3/><W39/><G35/><T10/><D117/><U91/><E69/><V78/><F119/><W28/><G39/><T22/><D68/><U73/><E73/><V52/><F98/><W17/><G37/><T41/><D10/><U133/><E133/><V95/><F95/><N who="3" m="56431" /><G55/><T48/><D103/><U0/><E44/><AGARI ba="0,0" hai="44,49,52,56,57,62,64,70,77,78,79" m="42505" machi="44" ten="30,2000,0" yaku="14,1,54,1" doraHai="114" who="2" fromWho="1" sc="250,0,250,-20,250,20,250,0" /><INIT seed="1,0,0,0,3,73" ten="250,230,270,250" oya="1" hai0="34,4,113,42,44,11,66,18,72,75,28,67,135" hai1="55,0,109,19,123,83,76,59,60,91,103,49,79" hai2="26,33,94,23,116,22,133,105,63,106,37,97,77" hai3="41,88,30,74,121,13,86,48,57,110,39,100,29"/><U130/><E0/><V17/><F37/><W36/><G74/><T89/><D113/><U61/><E123/><V129/><F33/><W38/><G121/><T80/><D135/><U85/><E109/><V78/><F116/><W14/><G100/><T82/><D18/><U40/><E130/><V62/><F129/><W47/><G110/><T35/><D44/><N who="1" m="25735" /><E103/><N who="2" m="60855" /><F106/><W5/><G57/><T87/><D42/><U20/><E61/><N who="2" m="23051" /><F105/><W92/><REACH who="3" step="1"/><G5/><REACH who="3" ten="250,230,270,240" step="2"/><T104/><D4/><U98/><E98/><V99/><F99/><W69/><G69/><T6/><D6/><U7/><E7/><V24/><F133/><W9/><G9/><T12/><D11/><U132/><E132/><V50/><F50/><W125/><G125/><T52/><D75/><U32/><E32/><V65/><F65/><W68/><G68/><T127/><D67/><U131/><E131/><V1/><F1/><W101/><G101/><T119/><D66/><U128/><E128/><V107/><F107/><W108/><G108/><T64/><D104/><U114/><E114/><V117/><F117/><W25/><G25/><AGARI ba="0,1" hai="19,20,25,55,59,60,76,79,83,85,91" m="25735" machi="25" ten="30,5800,0" yaku="8,1,52,2" doraHai="73" who="1" fromWho="3" sc="250,0,230,68,270,0,240,-58" /><INIT seed="1,1,0,3,0,73" ten="250,298,270,182" oya="1" hai0="26,10,42,24,75,66,133,99,102,41,86,131,45" hai1="104,8,7,63,17,47,16,4,119,36,29,117,39" hai2="115,40,70,109,9,81,48,122,98,107,23,30,67" hai3="20,59,31,94,100,90,125,110,71,21,64,51,111"/><U74/><E104/><V28/><F122/><W1/><G1/><T129/><D75/><U22/><E29/><V6/><F109/><N who="3" m="41483" /><G100/><T19/><D133/><U105/><E105/><V118/><F118/><W57/><G125/><T56/><D86/><U103/><E103/><V46/><F115/><W124/><G124/><T65/><D42/><U52/><E74/><V113/><F113/><W14/><G14/><T11/><D56/><N who="3" m="21577" /><G51/><N who="0" m="27055" /><D65/><U101/><E101/><V49/><F49/><W134/><G31/><T32/><D66/><U84/><E36/><V108/><F108/><W120/><G120/><T106/><D32/><U27/><E39/><V12/><F30/><W61/><G134/><T33/><D33/><U18/><E117/><V88/><F28/><W127/><G127/><T53/><D102/><U114/><E114/><V50/><F50/><W85/><AGARI ba="1,0" hai="20,21,61,64,71,85,90,94" m="21577,41483" machi="85" ten="30,1100,0" yaku="14,1" doraHai="73" who="3" fromWho="3" sc="250,-4,298,-6,270,-4,182,14" /><INIT seed="2,0,0,1,1,129" ten="246,292,266,196" oya="2" hai0="108,72,83,66,112,59,45,38,121,109,76,54,74" hai1="65,134,84,6,106,16,23,41,99,107,90,49,100" hai2="57,104,123,26,116,93,0,32,15,2,131,55,133" hai3="64,67,110,86,88,75,69,82,48,102,68,21,12"/><V25/><F93/><W1/><G1/><N who="2" m="617" /><F55/><W114/><G114/><T62/><D112/><U122/><E122/><V71/><F57/><W128/><G128/><T27/><D121/><U53/><E107/><V96/><F71/><W8/><G75/><T33/><D74/><U43/><E65/><V11/><F96/><W111/><G21/><T79/><D79/><U34/><E6/><N who="2" m="3575" /><F104/><W63/><G48/><T61/><D38/><U40/><E34/><V115/><F123/><W77/><G77/><T89/><D89/><U24/><E134/><V4/><F116/><W56/><G102/><T127/><D45/><U105/><E105/><V29/><F115/><W119/><G119/><T78/><D76/><U95/><REACH who="1" step="1"/><E41/><REACH who="1" ten="246,282,266,196" step="2"/><V120/><F120/><W92/><G67/><T28/><REACH who="0" step="1"/><D127/><REACH who="0" ten="236,282,266,196" step="2"/><U73/><E73/><V9/><F131/><W87/><G111/><T132/><D132/><U44/><AGARI ba="0,2" hai="16,23,24,40,43,44,49,53,84,90,95,99,100,106" machi="44" ten="20,5200,0" yaku="1,1,0,1,7,1,54,1,53,0" doraHai="129" doraHaiUra="130" who="1" fromWho="1" sc="236,-13,282,72,266,-26,196,-13" /><INIT seed="3,0,0,0,2,96" ten="223,354,240,183" oya="3" hai0="3,102,113,73,39,65,43,133,32,62,34,123,127" hai1="27,2,107,8,88,26,125,33,86,115,69,110,89" hai2="64,24,47,78,101,41,4,76,126,52,28,54,55" hai3="118,29,51,1,48,114,15,98,103,116,14,84,106"/><W135/><G114/><T22/><D22/><U25/><E115/><V81/><F126/><W129/><G1/><T63/><D43/><U20/><E33/><V120/><F120/><W95/><G135/><T112/><D65/><U19/><E69/><V70/><F4/><W37/><G37/><T45/><D45/><U74/><E74/><V50/><F101/><W53/><G29/><T122/><D133/><U35/><E35/><V68/><F64/><W44/><G129/><T57/><D57/><U100/><E110/><V92/><F92/><W46/><G106/><T67/><D67/><U134/><E89/><V108/><F108/><W23/><G84/><T18/><D18/><U132/><E125/><V38/><F78/><W5/><G5/><T0/><D127/><U93/><E132/><V9/><F9/><W61/><G61/><T121/><D39/><U111/><E111/><V82/><F82/><W79/><G79/><T83/><D83/><N who="1" m="49247" /><E107/><V60/><F60/><W16/><G15/><T97/><D123/><U10/><E2/><V130/><F130/><W58/><G58/><T13/><D3/><U66/><E66/><V109/><F109/><W77/><G77/><T117/><D0/><U90/><E90/><V17/><F17/><W99/><G99/><T21/><D113/><U91/><E91/><V119/><F38/><W87/><G87/><T11/><D112/><U124/><E124/><V105/><F105/><W94/><G94/><T104/><D122/><U30/><E134/><V49/><F68/><W12/><G12/><T42/><D121/><U56/><E56/><RYUUKYOKU ba="0,0" sc="223,-10,354,-10,240,-10,183,30" hai3="14,16,23,44,46,48,51,53,95,98,103,116,118" /><INIT seed="3,1,0,5,1,70" ten="213,344,230,213" oya="3" hai0="53,71,9,36,32,78,63,96,23,10,123,19,114" hai1="119,79,106,54,4,25,91,95,22,60,56,90,122" hai2="125,6,118,49,14,44,28,94,20,74,51,73,117" hai3="99,108,7,120,38,100,76,89,8,18,48,69,16"/><W3/><G120/><T24/><D123/><U130/><E106/><V58/><F94/><W66/><G76/><T77/><D114/><U75/><E119/><V57/><F44/><W43/><G48/><T47/><D32/><U98/><E130/><V31/><F14/><W127/><G89/><T27/><D27/><U83/><E122/><V17/><F20/><W26/><G127/><T15/><D96/><U0/><E0/><V135/><F6/><W97/><G108/><T30/><D9/><U85/><E4/><V88/><F125/><W2/><G2/><T50/><REACH who="0" step="1"/><D36/><REACH who="0" ten="203,344,230,213" step="2"/><U111/><E111/><V72/><F17/><W41/><G26/><T131/><D131/><U103/><E75/><V35/><F73/><W11/><G38/><T29/><D29/><AGARI ba="1,1" hai="22,25,29,54,56,60,79,83,85,90,91,95,98,103" machi="29" ten="30,2000,0" yaku="7,1,8,1" doraHai="70" who="1" fromWho="0" sc="203,-23,344,33,230,0,213,0" /><INIT seed="4,0,0,5,1,134" ten="180,377,230,213" oya="0" hai0="58,23,53,9,130,66,76,85,4,30,7,132,118" hai1="16,80,13,100,1,126,67,5,57,18,32,108,90" hai2="14,15,33,6,127,27,28,2,74,106,88,103,25" hai3="113,59,101,34,79,62,49,46,120,3,116,37,44"/><T19/><D118/><U81/><E108/><V92/><F74/><W12/><G3/><T96/><D132/><U91/><E32/><V21/><F103/><W63/><G34/><T129/><D30/><U52/><E67/><V99/><F106/><W122/><G79/><T55/><D66/><U41/><E41/><V97/><F97/><W69/><G12/><T29/><D29/><U31/><E100/><V20/><F2/><W114/><G101/><T115/><D115/><N who="3" m="44041" /><G116/><T95/><D9/><N who="1" m="4271" /><E126/><V70/><F127/><W86/><G86/><T73/><D73/><U104/><E104/><V11/><F70/><W112/><G112/><T75/><D75/><U40/><E40/><V135/><F135/><W47/><G37/><T22/><D76/><U48/><E31/><N who="2" m="17839" /><F15/><W17/><G17/><N who="1" m="6762" /><E1/><V77/><F33/><W102/><G102/><T105/><D105/><U43/><E43/><V83/><F77/><W38/><G38/><T78/><D78/><U0/><E0/><V35/><F35/><W111/><G111/><T93/><D85/><U42/><E42/><V119/><F119/><W54/><G69/><T50/><D96/><U131/><E131/><V125/><F125/><W10/><G10/><T65/><D130/><U24/><E24/><V36/><F36/><W82/><G82/><AGARI ba="0,0" hai="48,52,57,80,81,82,90,91" m="6762,4271" machi="82" ten="30,3900,0" yaku="8,1,54,2" doraHai="134" who="1" fromWho="3" sc="180,0,377,39,230,0,213,-39" /><AGARI ba="0,0" hai="6,11,14,20,27,28,82,83,88,92,99" m="17839" machi="82" ten="30,2000,0" yaku="8,1,54,1" doraHai="134" who="2" fromWho="3" sc="180,0,416,0,230,20,174,-20" /><INIT seed="5,0,0,1,3,20" ten="180,416,250,154" oya="1" hai0="122,6,11,67,105,48,77,132,109,69,34,102,9" hai1="62,7,49,121,104,73,30,93,17,131,43,120,96" hai2="85,40,75,74,51,71,101,21,38,50,53,129,135" hai3="125,32,114,42,55,57,111,127,33,14,103,15,18"/><U100/><E73/><V47/><F101/><W61/><G111/><T60/><D109/><U79/><E79/><V26/><F71/><W83/><G114/><T128/><D128/><U52/><E7/><V110/><F110/><W45/><G103/><T54/><D132/><U10/><E131/><V0/><F0/><W92/><G92/><T44/><D34/><U107/><E30/><V113/><F113/><W27/><G83/><T88/><D122/><U78/><E78/><V28/><F129/><W41/><G41/><T13/><D77/><U56/><E107/><V29/><F135/><W12/><G33/><T19/><D88/><U98/><E10/><V97/><F97/><W5/><G5/><T94/><D94/><U4/><E4/><V3/><F3/><W89/><G89/><T25/><D25/><U24/><E43/><V133/><F133/><W86/><G86/><T63/><D63/><U90/><E49/><V130/><F85/><W117/><G117/><T1/><D102/><U95/><E104/><V116/><F130/><W39/><REACH who="3" step="1"/><G18/><REACH who="3" ten="180,416,250,144" step="2"/><T76/><D105/><U106/><E106/><V66/><F40/><W87/><G87/><T99/><D99/><U23/><AGARI ba="0,1" hai="17,23,24,52,56,62,90,93,95,96,98,100,120,121" machi="23" ten="30,12000,1" yaku="0,1,25,2,52,1,54,1" doraHai="20" who="1" fromWho="1" sc="180,-40,416,130,250,-40,144,-40" /><INIT seed="5,1,0,2,4,59" ten="140,546,210,104" oya="1" hai0="128,74,70,31,30,28,110,123,101,132,52,85,96" hai1="14,8,54,94,0,97,15,118,115,106,33,39,48" hai2="81,35,47,37,29,61,58,124,83,71,40,27,75" hai3="21,99,119,7,79,131,12,65,4,86,11,114,73"/><U127/><E127/><V122/><F122/><W117/><G73/><T56/><D74/><U53/><E39/><V120/><F120/><W112/><G65/><T134/><D123/><U63/><E33/><V57/><F124/><W129/><G99/><T36/><D110/><U41/><E106/><V17/><F17/><N who="3" m="10407" /><G7/><T6/><D70/><U44/><E115/><N who="3" m="44074" /><G79/><T67/><D36/><U103/><E118/><N who="3" m="45066" /><G86/><T38/><D38/><U64/><E0/><AGARI ba="1,0" hai="0,4,11,129,131" m="45066,44074,10407" machi="0" ten="30,7700,0" yaku="15,1,12,1,34,2" doraHai="59" who="3" fromWho="1" sc="140,0,546,-80,210,0,104,80" /><INIT seed="6,0,0,2,3,47" ten="140,466,210,184" oya="2" hai0="66,15,39,129,53,77,20,43,14,51,82,59,106" hai1="111,40,49,4,78,27,16,81,45,64,74,119,26" hai2="36,67,33,115,6,124,41,69,95,93,22,99,101" hai3="70,134,44,9,32,83,42,130,0,123,76,48,89"/><V80/><F33/><W102/><G123/><T117/><D106/><U71/><E111/><V126/><F6/><W98/><G70/><T109/><D109/><U30/><E119/><V121/><F67/><W97/><G32/><T38/><D129/><U13/><E4/><V133/><F69/><W24/><G134/><T25/><D117/><U54/><E30/><V118/><F118/><W50/><G130/><T90/><D66/><U125/><E125/><V28/><F121/><W131/><G131/><T100/><D100/><U96/><E96/><V128/><F128/><W132/><G132/><T105/><D105/><U5/><E5/><V3/><F3/><W46/><G0/><T19/><D90/><U29/><E29/><V21/><F133/><W63/><G63/><T75/><REACH who="0" step="1"/><D43/><REACH who="0" ten="130,466,210,184" step="2"/><U12/><E64/><V92/><F41/><N who="3" m="24591" /><G89/><T122/><D122/><U68/><E40/><V10/><F126/><W23/><G102/><T114/><D114/><U55/><E68/><V73/><F124/><W11/><G76/><T113/><D113/><U104/><E71/><V120/><F115/><W110/><G110/><T87/><D87/><U2/><E104/><V8/><F120/><W72/><G98/><T127/><D127/><U60/><E78/><N who="2" m="44111" /><F99/><W34/><G97/><T31/><D31/><U112/><E112/><V91/><F28/><N who="3" m="17439" /><G34/><T18/><D18/><U79/><E16/><V94/><F101/><W85/><G72/><T58/><D58/><U1/><E74/><V107/><F107/><W17/><G17/><T57/><D57/><N who="1" m="34871" /><E79/><V52/><F91/><N who="3" m="51647" /><G42/><T103/><D103/><RYUUKYOKU ba="0,1" sc="130,15,466,-15,210,-15,184,15" hai0="14,15,19,20,25,38,39,51,53,59,75,77,82" hai3="9,11,46,50" /><INIT seed="7,1,1,4,3,18" ten="145,451,195,199" oya="3" hai0="16,60,99,105,112,80,134,4,24,118,43,86,77" hai1="88,39,113,6,93,37,41,28,95,76,89,45,51" hai2="90,79,49,54,64,62,81,42,100,7,98,12,13" hai3="124,11,125,72,103,5,97,0,127,14,74,85,32"/><W131/><G32/><T17/><D118/><U129/><E76/><V1/><F42/><W132/><G132/><T101/><D134/><U35/><E113/><V84/><F1/><W115/><G115/><T46/><D112/><U111/><E129/><V78/><F12/><W91/><G131/><T128/><D128/><U82/><E82/><V20/><F7/><W61/><G61/><T30/><D60/><U96/><E6/><V63/><F13/><W102/><G0/><T15/><D15/><U133/><E111/><V47/><F20/><W120/><G120/><T66/><D66/><U29/><E133/><V10/><F10/><W104/><G103/><T126/><D126/><U135/><E135/><V25/><F25/><W106/><G106/><T73/><D86/><U87/><E35/><V114/><F114/><W50/><G50/><T56/><D56/><U58/><E39/><V44/><F44/><W26/><G26/><T123/><D4/><U55/><AGARI ba="1,1" hai="28,29,37,41,45,51,55,58,87,88,89,93,95,96" machi="55" ten="30,2000,0" yaku="0,1,54,1" doraHai="18" who="1" fromWho="1" sc="145,-6,451,33,195,-6,199,-11" owari="139,-36.0,484,58.0,189,-1.0,188,-21.0" /></mjloggm>