<mjloggm ver="2.3"><GO type="169" lobby="0"/><UN n0="%E3%83%8F%E3%83%A0%E3%81%95%E3%81%84%E3%81%A6%E3%82%87" n1="%65%6E%6B%61%69%73%6D" n2="%E3%81%8D%E3%81%97%E3%82%8A%E3%81%A3%E3%81%97%E3%82%85" n3="%E3%82%A6%E3%83%AB%E3%83%88%E3%83%A9%E7%AB%8B%E7%9B%B4" dan="16,16,16,17" rate="2127.22,2089.64,2029.66,2136.76" sx="M,M,M,M"/><TAIKYOKU oya="0"/><INIT seed="0,0,0,2,3,64" ten="250,250,250,250" oya="0" hai0="134,101,17,29,52,44,69,84,33,80,117,128,14" hai1="85,5,1,115,79,66,67,122,63,50,4,15,126" hai2="113,91,19,77,20,72,55,2,96,105,31,61,108" hai3="97,7,131,26,109,121,123,27,104,30,32,9,133"/><T88/><D117/><U48/><E122/><V13/><F113/><W68/><G27/><T45/><D134/><U93/><E1/><V16/><F2/><N who="3" m="247" /><G109/><T106/><D128/><U24/><E126/><V127/><F31/><W36/><G36/><T132/><D132/><U116/><E116/><V90/><F108/><W107/><G133/><T56/><D69/><U18/><E24/><V28/><F28/><W120/><G131/><T41/><D29/><U73/><E73/><V3/><F3/><W0/><G0/><T103/><D33/><U42/><E115/><V34/><F34/><W43/><G43/><T21/><D106/><N who="3" m="40489" /><G97/><T87/><D87/><U89/><E42/><V39/><F39/><W11/><G11/><T38/><D44/><U53/><E48/><AGARI ba="0,0" hai="14,17,21,38,41,45,48,52,56,80,84,88,101,103" machi="48" ten="30,5800,0" yaku="7,1,54,2" doraHai="64" who="0" fromWho="1" sc="250,58,250,-58,250,0,250,0" /><INIT seed="0,1,0,3,3,1" ten="308,192,250,250" oya="0" hai0="92,115,30,17,87,90,74,26,79,48,15,98,104" hai1="129,56,2,110,64,102,85,75,45,40,13,127,55" hai2="120,35,114,37,76,131,72,57,60,118,78,100,125" hai3="49,0,119,86,93,103,77,67,8,7,34,16,116"/><T91/><D115/><U58/><E2/><V63/><F37/><W70/><G34/><T59/><D104/><U83/><E75/><V29/><F120/><W11/><G70/><T46/><D59/><U24/><E110/><V51/><F72/><W18/><G67/><T10/><D74/><U27/><E127/><V135/><F118/><W88/><G77/><T113/><D79/><U128/><E102/><V62/><F135/><W108/><G108/><T95/><D113/><U12/><E64/><V84/><F100/><W109/><G109/><T105/><D105/><U68/><E68/><V134/><F134/><W106/><G49/><T28/><D26/><U130/><E24/><V39/><F39/><W121/><G121/><T94/><D94/><U117/><E27/><V41/><F35/><W80/><G106/><T42/><AGARI ba="1,0" hai="10,15,17,28,30,42,46,48,87,90,91,92,95,98" machi="42" ten="20,3900,0" yaku="0,1,7,1,8,1" doraHai="1" who="0" fromWho="0" sc="308,42,192,-14,250,-14,250,-14" /><INIT seed="0,2,0,1,2,20" ten="350,178,236,236" oya="0" hai0="81,121,15,46,16,51,100,63,8,72,38,85,133" hai1="49,19,92,69,14,1,109,23,32,18,91,76,112" hai2="67,125,103,58,65,123,119,2,131,54,30,118,128" hai3="10,86,105,36,29,71,117,53,5,99,122,33,74"/><T60/><D121/><U104/><E104/><V127/><F2/><W24/><G74/><T37/><D72/><U42/><E69/><V101/><F123/><W50/><G36/><T70/><D133/><U75/><E1/><V4/><F4/><W116/><G71/><T13/><D100/><U57/><E32/><V96/><F30/><W97/><G122/><T108/><D108/><U62/><E109/><V83/><F83/><W43/><G43/><T41/><D13/><U61/><E112/><V56/><F96/><W114/><G114/><T22/><D8/><U12/><E76/><V134/><REACH who="2" step="1"/><F54/><REACH who="2" ten="350,178,226,236" step="2"/><W44/><G99/><T135/><D135/><AGARI ba="2,1" hai="56,58,65,67,101,103,118,119,125,127,128,131,134,135" machi="135" ten="25,6400,0" yaku="1,1,2,1,22,2,53,0" doraHai="20" doraHaiUra="59" who="2" fromWho="0" sc="350,-70,178,0,226,80,236,0" /><INIT seed="1,0,0,2,0,94" ten="280,178,306,236" oya="1" hai0="65,41,115,59,97,30,14,71,0,87,17,20,127" hai1="9,53,106,3,38,12,60,70,82,6,98,81,10" hai2="123,2,135,8,92,52,75,47,95,120,84,18,15" hai3="85,111,42,50,125,83,121,101,134,89,1,100,108"/><U88/><E38/><V63/><F75/><W57/><G1/><T22/><D115/><U54/><E54/><V49/><F2/><W105/><G121/><T23/><D127/><U113/><E113/><V91/><F135/><W109/><G134/><T44/><D0/><U36/><E36/><V34/><F34/><W103/><G125/><T27/><D71/><U28/><E28/><V68/><F68/><W73/><G73/><T64/><D87/><U26/><E26/><V112/><F112/><W114/><G114/><T39/><D59/><U74/><E74/><V32/><F32/><W62/><G50/><T131/><D131/><U126/><E126/><V102/><F63/><W33/><G33/><T90/><D22/><U61/><E61/><V5/><F5/><W124/><G42/><T21/><D20/><U43/><E43/><V80/><F80/><W133/><G133/><T7/><D7/><U25/><E25/><V86/><F102/><W55/><REACH who="3" step="1"/><G124/><REACH who="3" ten="280,178,306,226" step="2"/><T56/><D56/><U31/><E70/><V45/><F123/><W24/><G24/><T122/><D122/><U93/><E31/><V76/><F120/><W118/><G118/><T19/><D30/><U129/><E129/><V69/><F49/><W78/><G78/><T48/><D39/><U4/><REACH who="1" step="1"/><E106/><AGARI ba="0,1" hai="55,57,62,83,85,89,100,101,103,105,106,108,109,111" machi="106" ten="50,3200,0" yaku="1,1,14,1,53,0" doraHai="94" doraHaiUra="107" who="3" fromWho="1" sc="280,0,178,-32,306,0,226,42" /><INIT seed="2,0,0,2,1,84" ten="280,146,306,268" oya="2" hai0="24,32,20,102,75,101,48,33,114,54,30,121,29" hai1="37,117,25,56,91,88,3,94,107,21,133,23,4" hai2="28,92,5,95,86,60,64,42,65,111,13,97,73" hai3="62,90,67,89,81,7,116,129,38,31,122,14,82"/><V135/><F73/><W68/><G122/><T41/><D75/><U131/><E107/><V69/><F42/><W127/><G116/><T115/><D121/><U77/><E37/><V118/><F118/><W66/><G38/><T2/><D2/><U78/><E117/><V93/><F135/><W44/><G127/><T40/><D20/><N who="1" m="7755" /><E133/><V58/><F28/><W109/><G109/><T45/><D40/><U17/><E3/><V120/><F120/><W104/><G104/><T27/><REACH who="0" step="1"/><D41/><REACH who="0" ten="270,146,306,268" step="2"/><U10/><E131/><V76/><F111/><W130/><G130/><T0/><D0/><U72/><E72/><V124/><F124/><W61/><G129/><T55/><D55/><U57/><E25/><V49/><F65/><W99/><G66/><T106/><D106/><U22/><E22/><V110/><F110/><W98/><G67/><T71/><D71/><U96/><E4/><V19/><F5/><W52/><G7/><T100/><AGARI ba="0,1" hai="24,27,29,30,32,33,45,48,54,100,101,102,114,115" machi="100" ten="30,4000,0" yaku="1,1,0,1,9,1,53,0" doraHai="84" doraHaiUra="39" who="0" fromWho="0" sc="270,50,146,-10,306,-20,268,-10" /><INIT seed="3,0,0,4,5,103" ten="320,136,286,258" oya="3" hai0="73,77,35,50,112,130,71,62,49,106,114,37,81" hai1="72,5,7,33,1,13,74,8,133,122,101,68,79" hai2="52,96,119,91,89,10,115,90,15,53,69,61,75" hai3="85,48,41,6,30,135,36,110,60,45,111,125,9"/><W129/><G30/><T40/><D35/><U128/><E68/><V86/><F119/><W97/><G125/><T28/><D28/><U34/><E122/><V18/><F75/><W38/><G97/><T117/><D117/><U31/><E101/><V83/><F115/><N who="0" m="44074" /><D130/><U65/><E65/><V134/><F134/><W12/><G135/><T39/><D106/><U20/><E133/><V29/><F29/><W67/><G85/><T32/><D32/><N who="1" m="12395" /><E79/><V54/><REACH who="2" step="1"/><F96/><REACH who="2" ten="320,136,276,258" step="2"/><W105/><G129/><T64/><D40/><U43/><E74/><V59/><F59/><W121/><G121/><T27/><D27/><N who="1" m="16871" /><E72/><V116/><F116/><W132/><G132/><T63/><D63/><U94/><E43/><V2/><F2/><W0/><G0/><T56/><D56/><U19/><E128/><V3/><F3/><W118/><G118/><T76/><D76/><U126/><E126/><V26/><F26/><W46/><G60/><T104/><D62/><U95/><E1/><V108/><F108/><W99/><G111/><T92/><D73/><U58/><E58/><V51/><F51/><W93/><G110/><T100/><D49/><U57/><E57/><V70/><F70/><W88/><G67/><AGARI ba="0,1" hai="10,15,18,52,53,54,61,67,69,83,86,89,90,91" machi="67" ten="40,8000,1" yaku="1,1,54,1,53,3" doraHai="103" doraHaiUra="84" who="2" fromWho="3" sc="320,0,136,0,276,90,258,-80" /><INIT seed="4,0,0,5,3,42" ten="320,136,366,178" oya="0" hai0="91,52,24,131,35,90,34,71,57,116,48,92,86" hai1="54,64,30,89,37,66,39,128,80,119,96,110,75" hai2="31,38,51,63,41,3,97,60,10,2,125,43,76" hai3="32,59,36,83,21,25,95,127,58,100,49,68,13"/><T46/><D116/><U111/><E119/><V19/><F38/><W108/><G36/><T123/><D123/><U85/><E39/><V0/><F31/><W115/><G68/><T87/><D71/><U9/><E128/><V122/><F122/><W61/><G32/><T56/><D131/><U5/><E75/><V109/><F109/><W117/><G115/><T6/><D6/><U81/><E81/><V98/><F76/><W27/><G117/><T124/><D124/><U22/><E96/><V15/><F125/><W134/><G108/><T33/><REACH who="0" step="1"/><D24/><REACH who="0" ten="310,136,366,178" step="2"/><U62/><E111/><V14/><F2/><W135/><G27/><T73/><D73/><U40/><E110/><V113/><F0/><W11/><G127/><T106/><D106/><U72/><E72/><V23/><F3/><W94/><G25/><T70/><D70/><U133/><E5/><V78/><F15/><W65/><G13/><T7/><D7/><U99/><E133/><V77/><F14/><W104/><G104/><T69/><D69/><U18/><E9/><V88/><F10/><W47/><G11/><T29/><D29/><U105/><E30/><V12/><F12/><W130/><G130/><T8/><D8/><U126/><E126/><V26/><F26/><W101/><G135/><T16/><D16/><U102/><E18/><V79/><F19/><W50/><G134/><T93/><AGARI ba="0,1" hai="33,34,35,46,48,52,56,57,86,87,90,91,92,93" machi="93" ten="30,18000,2" yaku="1,1,0,1,9,1,52,1,54,1,53,1" doraHai="42" doraHaiUra="44" who="0" fromWho="0" sc="310,190,136,-60,366,-60,178,-60" /><INIT seed="4,1,0,1,0,19" ten="500,76,306,118" oya="0" hai0="86,15,98,108,40,9,62,83,109,18,45,132,93" hai1="69,97,36,107,103,1,59,22,39,77,2,46,14" hai2="105,96,6,90,72,85,113,50,71,116,52,131,78" hai3="82,88,94,101,124,42,102,53,130,119,110,8,120"/><T114/><D114/><U47/><E69/><V65/><F6/><W17/><G110/><T13/><D132/><U118/><E118/><V31/><F65/><W100/><G119/><T81/><D62/><U68/><E68/><V92/><F71/><W106/><G106/><T67/><D67/><U121/><E121/><V10/><F10/><W104/><G104/><T49/><D15/><U55/><E77/><V60/><F60/><W99/><G124/><T127/><D127/><U30/><E46/><V123/><F123/><W84/><G130/><T75/><D75/><U57/><E57/><V95/><F31/><W43/><G53/><T111/><D86/><U117/><E117/><V24/><F131/><W134/><G134/><T64/><D64/><U66/><E66/><V5/><F72/><W112/><G112/><T122/><D122/><U135/><E135/><V58/><F105/><W38/><G38/><T28/><D28/><U37/><E47/><V7/><F116/><W74/><G74/><T128/><D128/><U73/><E73/><V87/><F87/><W133/><G133/><T0/><D0/><U27/><REACH who="1" step="1"/><E14/><REACH who="1" ten="500,66,306,118" step="2"/><V76/><F113/><W35/><G120/><T21/><D9/><U54/><E54/><V56/><F52/><W125/><G125/><T32/><D32/><U3/><E3/><V16/><F78/><N who="3" m="46167" /><G35/><T129/><D129/><U4/><E4/><V63/><F7/><W11/><G11/><T115/><D115/><U23/><E23/><V51/><F5/><W41/><G8/><T91/><AGARI ba="1,1" hai="13,18,21,40,45,49,81,83,91,93,98,108,109,111" machi="91" ten="30,6000,0" yaku="0,1,10,1,52,1" doraHai="19" who="0" fromWho="0" sc="500,73,66,-21,306,-21,118,-21" /><INIT seed="4,2,0,5,0,63" ten="573,45,285,97" oya="0" hai0="117,89,77,28,59,113,57,84,46,39,14,74,32" hai1="17,98,31,93,129,99,30,35,83,60,21,116,22" hai2="37,42,0,5,12,45,61,6,49,67,75,101,109" hai3="86,55,126,24,38,44,88,131,103,71,23,111,3"/><T87/><D117/><U97/><E116/><V58/><F109/><W135/><G3/><T91/><D113/><U33/><E129/><V2/><F101/><W78/><G78/><T64/><D74/><U121/><E83/><V66/><F75/><W92/><G126/><T96/><D96/><U4/><E4/><V36/><F36/><W76/><G76/><T132/><D132/><U80/><E80/><V1/><F37/><W7/><G71/><T8/><D32/><U51/><E51/><V114/><F114/><W9/><G103/><T16/><D28/><U68/><E121/><V81/><F81/><W52/><G111/><T128/><D128/><U20/><E93/><V119/><F119/><W50/><G38/><T95/><D77/><U19/><E60/><V56/><F12/><N who="3" m="5183" /><G135/><T122/><D122/><U15/><E68/><V100/><F100/><W115/><G115/><T125/><D125/><U62/><E62/><AGARI ba="2,0" hai="0,1,2,5,6,42,45,49,56,58,61,62,66,67" machi="62" ten="40,5200,0" yaku="9,1,52,2" doraHai="63" who="2" fromWho="1" sc="573,0,45,-58,285,58,97,0" owari="573,67.0,-13,-51.0,343,14.0,97,-30.0" /></mjloggm>