<mjloggm ver="2.3"><GO type="169" lobby="0"/><UN n0="%74%6B%38%38" n1="%E3%83%88%E3%83%88%E3%83%AA%E5%85%88%E7%94%9F%31%39%E6%AD%B3" n2="%E9%BE%8D%E9%96%80%E6%B8%95%E9%80%8F%E8%8A%B1" n3="%52%69%2D%4D%6F%2D" dan="16,17,18,17" rate="2084.86,2211.91,2247.15,2141.23" sx="M,F,M,M"/><TAIKYOKU oya="0"/><INIT seed="0,0,0,2,4,58" ten="250,250,250,250" oya="0" hai0="30,115,110,125,103,101,10,9,44,74,78,60,67" hai1="117,108,85,134,118,89,5,70,77,33,14,65,4" hai2="99,95,28,72,37,56,55,107,45,7,94,122,91" hai3="132,42,18,124,57,43,127,76,62,48,112,54,83"/><T63/><D115/><U79/><E33/><V69/><F122/><W106/><G106/><T25/><D125/><N who="3" m="48201" /><G112/><T52/><D74/><U87/><E134/><V131/><F69/><W61/><G18/><T123/><D123/><U21/><E70/><V93/><F72/><N who="3" m="43399" /><G132/><T26/><D110/><U47/><E108/><V71/><F71/><W75/><G75/><T1/><D78/><U113/><E113/><V46/><F107/><W68/><G48/><N who="0" m="28679" /><D67/><AGARI ba="0,0" hai="42,43,54,57,61,62,67,68" m="43399,48201" machi="67" ten="30,3900,0" yaku="18,1,52,2" doraHai="58" who="3" fromWho="0" sc="250,-39,250,0,250,0,250,39" /><INIT seed="1,0,0,5,0,81" ten="211,250,250,289" oya="1" hai0="41,57,22,49,51,1,82,54,44,37,115,58,5" hai1="36,26,73,18,122,27,2,20,103,67,111,31,47" hai2="15,4,6,90,108,65,127,61,93,75,23,105,129" hai3="112,0,126,83,114,123,28,68,109,53,119,76,3"/><U48/><E122/><V43/><F105/><W113/><G53/><T86/><D115/><U133/><E36/><V50/><F75/><N who="3" m="43423" /><G68/><T56/><D22/><N who="1" m="15863" /><E2/><V8/><F108/><W39/><G123/><T87/><D37/><U134/><E73/><V78/><F127/><W35/><G109/><T55/><D58/><U12/><E111/><V104/><F129/><W79/><G79/><T69/><D69/><U92/><E67/><V131/><F131/><W46/><G126/><T89/><D41/><N who="1" m="24687" /><E92/><V66/><F104/><W101/><G101/><T34/><D34/><U70/><E103/><V97/><F78/><W102/><G102/><T30/><D44/><U29/><E70/><V107/><F107/><W106/><G106/><T60/><D30/><U85/><E85/><V72/><F72/><W42/><G119/><T110/><D110/><U59/><E59/><V100/><F100/><W91/><G91/><T7/><D1/><U25/><E29/><V74/><F74/><W62/><G62/><N who="0" m="36119" /><D86/><U117/><E117/><V80/><F61/><W33/><G33/><T64/><D64/><U116/><E116/><V94/><F66/><W120/><G120/><T132/><D60/><U32/><E32/><V17/><F65/><W71/><G71/><T84/><D84/><U77/><E77/><V98/><F80/><W21/><G35/><T88/><D51/><U125/><E125/><V40/><F50/><W96/><G96/><T13/><D89/><U45/><E45/><V95/><F90/><W11/><G11/><N who="0" m="4335" /><D7/><N who="2" m="2602" /><F8/><W19/><G28/><T124/><D124/><U99/><E99/><AGARI ba="0,0" hai="15,17,23,40,43,93,94,95,97,98,99" m="2602" machi="99" ten="30,2000,0" yaku="6,1,8,1" doraHai="81" who="2" fromWho="1" sc="211,0,250,-20,250,20,289,0" /><INIT seed="2,0,0,1,3,12" ten="211,230,270,289" oya="2" hai0="110,109,31,7,125,61,23,22,74,94,69,77,14" hai1="6,60,119,121,18,112,73,114,58,124,133,115,9" hai2="111,117,87,40,67,86,54,107,81,132,1,38,39" hai3="0,3,78,102,98,72,4,41,103,134,123,68,8"/><V17/><F117/><W91/><G123/><T59/><D69/><U36/><E119/><V90/><F107/><W93/><G68/><T32/><D125/><U56/><E73/><V63/><F1/><W29/><G0/><T55/><D94/><U2/><E36/><V95/><F132/><W42/><G134/><T33/><D77/><U104/><E104/><V84/><F111/><N who="0" m="42506" /><D74/><U130/><E133/><V52/><F39/><W80/><G29/><T71/><D71/><U26/><E124/><V127/><F127/><W75/><G75/><T70/><D70/><U128/><E121/><V113/><F113/><W66/><G66/><T100/><D100/><U120/><E120/><V21/><F40/><W48/><G48/><T28/><D28/><U53/><REACH who="1" step="1"/><E58/><REACH who="1" ten="211,220,270,289" step="2"/><N who="2" m="37367" /><F38/><W64/><G72/><T135/><D135/><U62/><E62/><V37/><F37/><W106/><G106/><T47/><D47/><U44/><E44/><V27/><F81/><W20/><G80/><T45/><D45/><U65/><E65/><V57/><F57/><W126/><G64/><T5/><D61/><U30/><E30/><V15/><F27/><W108/><G126/><T43/><D59/><U99/><E99/><AGARI ba="0,1" hai="15,17,21,52,54,84,86,87,90,95,99" m="37367" machi="99" ten="30,5800,0" yaku="8,1,52,1,54,1" doraHai="12" who="2" fromWho="1" sc="211,0,220,-58,270,68,289,0" /><INIT seed="2,1,0,3,4,127" ten="211,162,338,289" oya="2" hai0="89,14,47,123,38,101,110,126,68,87,20,16,96" hai1="93,7,55,6,24,115,12,1,103,72,69,9,86" hai2="40,13,19,64,8,61,75,65,49,15,26,81,28" hai3="129,44,111,117,51,82,109,60,58,77,31,80,79"/><V27/><F75/><W63/><G117/><T41/><D126/><U100/><E115/><V23/><F81/><W4/><G31/><T83/><D110/><N who="3" m="41993" /><G4/><T52/><D123/><U17/><E72/><V106/><F106/><W102/><G102/><T59/><D68/><U66/><E69/><V122/><F122/><W10/><G10/><T132/><D132/><U36/><E36/><V105/><F105/><W130/><G80/><T39/><D101/><U37/><E66/><N who="2" m="25707" /><F61/><N who="3" m="23627" /><G58/><T30/><D30/><U5/><E37/><V135/><F135/><W71/><G71/><T119/><D39/><U35/><E1/><V11/><F28/><W34/><G34/><T120/><D120/><U121/><E121/><V0/><F0/><W32/><G32/><T57/><D119/><U85/><E35/><V97/><F11/><W125/><G125/><T29/><D29/><U108/><E108/><V50/><F8/><W45/><G79/><T128/><D59/><U3/><E3/><V88/><F26/><W114/><G114/><T90/><D90/><N who="1" m="53463" /><E24/><V118/><F118/><W112/><G112/><T91/><D91/><U42/><E100/><V33/><F33/><W46/><G51/><T74/><D74/><AGARI ba="1,0" hai="44,45,46,74,77,82,129,130" m="23627,41993" machi="74" ten="40,5200,0" yaku="14,1,52,2" doraHai="127" who="3" fromWho="0" sc="211,-55,162,0,338,0,289,55" /><INIT seed="3,0,0,0,0,128" ten="156,162,338,344" oya="3" hai0="132,39,67,11,120,51,50,95,34,77,109,94,0" hai1="99,133,43,118,14,17,74,84,42,13,29,117,35" hai2="73,66,111,59,62,91,79,123,110,114,70,104,9" hai3="49,72,57,22,85,33,10,135,69,80,106,134,27"/><W125/><G69/><T93/><D120/><U56/><E74/><V47/><F114/><W129/><G106/><T46/><D109/><N who="2" m="41482" /><F104/><W98/><G72/><T126/><D34/><U115/><E115/><V90/><F123/><W48/><G33/><T61/><D77/><U24/><E99/><V103/><F103/><W4/><G98/><T53/><D126/><U89/><E133/><N who="3" m="50698" /><G57/><T54/><D39/><U131/><E14/><V75/><F70/><W40/><G40/><T65/><D132/><U82/><E56/><V23/><F75/><W121/><G125/><T107/><D107/><U41/><REACH who="1" step="1"/><E131/><REACH who="1" ten="156,152,338,344" step="2"/><V76/><F59/><W6/><G129/><T16/><D0/><U7/><E7/><V36/><F73/><W8/><G6/><T1/><D1/><U105/><E105/><V64/><F64/><W45/><G121/><T5/><D5/><U96/><E96/><V26/><F66/><W92/><G4/><T25/><D61/><U52/><E52/><V116/><F62/><W100/><G48/><T44/><D25/><U58/><E58/><V32/><F26/><W122/><G122/><T15/><AGARI ba="0,1" hai="11,15,16,44,46,50,51,53,54,65,67,93,94,95" machi="15" ten="30,7900,0" yaku="0,1,9,1,8,1,54,1" doraHai="128" who="0" fromWho="0" sc="156,89,152,-20,338,-20,344,-39" /><INIT seed="4,0,0,3,1,46" ten="245,132,318,305" oya="0" hai0="123,32,75,38,112,111,126,25,71,99,94,40,5" hai1="59,61,83,131,24,124,20,78,9,7,95,60,102" hai2="19,66,89,103,133,134,21,129,33,130,52,101,90" hai3="14,93,98,106,31,86,39,82,122,132,11,88,4"/><T26/><D123/><U41/><E131/><N who="2" m="50187" /><F33/><W42/><G132/><N who="2" m="50793" /><F66/><W10/><G122/><T84/><D75/><U77/><E124/><V120/><F120/><W56/><G106/><T70/><D126/><U109/><E109/><V18/><F18/><W45/><G31/><T49/><D38/><U76/><E41/><V105/><F52/><W15/><G56/><T6/><D111/><U110/><E110/><V81/><F81/><W58/><G58/><T73/><D70/><U121/><E121/><V74/><F74/><W37/><G37/><T17/><D71/><U53/><E60/><V80/><F80/><W50/><G39/><T55/><D73/><U1/><E83/><V92/><F105/><W63/><G63/><T57/><D40/><U87/><E77/><V12/><F90/><W116/><G116/><T115/><D17/><U0/><E78/><V35/><F35/><W36/><G36/><T135/><D32/><U67/><E76/><V30/><F30/><W100/><G11/><T127/><D127/><U79/><E79/><V104/><F104/><W65/><G65/><T72/><D72/><U28/><E67/><V113/><F113/><N who="0" m="43594" /><D135/><U117/><E117/><V107/><F107/><W119/><G119/><T44/><D6/><U22/><E22/><V128/><F128/><W8/><G8/><T16/><D5/><U68/><E68/><V3/><F3/><AGARI ba="0,0" hai="3,4,10,14,15,42,45,50,82,86,88,93,98,100" machi="3" ten="30,3900,0" yaku="7,1,52,1,54,1" doraHai="46" who="3" fromWho="2" sc="245,0,132,0,318,-39,305,39" /><INIT seed="5,0,0,2,3,126" ten="245,132,279,344" oya="1" hai0="66,11,60,79,119,64,42,135,77,75,20,112,120" hai1="96,127,48,71,13,123,7,39,14,73,12,72,33" hai2="59,34,26,93,2,56,92,52,101,27,107,35,40" hai3="116,25,65,28,16,38,113,51,58,124,74,88,67"/><U30/><E123/><V82/><F2/><W118/><G38/><T54/><D112/><U45/><E71/><V3/><F3/><W22/><G74/><T102/><D75/><U84/><E39/><V86/><F107/><W91/><G113/><T10/><D119/><N who="3" m="45609" /><G124/><T110/><D110/><U18/><E127/><V17/><F40/><W99/><G28/><T95/><D42/><U69/><E69/><V43/><F43/><W63/><G51/><T49/><D120/><U53/><E7/><V85/><F101/><W115/><G115/><T106/><D106/><U9/><E72/><V78/><F17/><W121/><G121/><T117/><D117/><U81/><E73/><V23/><F23/><W62/><G99/><N who="0" m="59775" /><D20/><U36/><E36/><V8/><F8/><W83/><G83/><T130/><D11/><U57/><E96/><V103/><F103/><W109/><G109/><T31/><D10/><U0/><E0/><V100/><F100/><W41/><G41/><T29/><D29/><U68/><E68/><AGARI ba="0,0" hai="16,22,25,58,62,63,65,67,68,88,91" m="45609" machi="68" ten="30,3900,0" yaku="12,1,54,2" doraHai="126" who="3" fromWho="1" sc="245,0,132,-39,279,0,344,39" /><INIT seed="6,0,0,4,2,3" ten="245,93,279,383" oya="2" hai0="68,106,39,74,0,114,131,94,120,18,88,72,125" hai1="122,4,71,79,90,92,123,126,51,129,132,7,80" hai2="40,54,33,63,49,56,119,58,70,57,100,36,8" hai3="78,55,65,10,24,52,15,21,26,134,27,38,23"/><V115/><F33/><W89/><G134/><T103/><RYUUKYOKU type="yao9" ba="0,0" sc="245,0,93,0,279,0,383,0" hai0="0,18,39,68,72,74,88,94,103,106,114,120,125,131" /><INIT seed="6,1,0,5,0,40" ten="245,93,279,383" oya="2" hai0="26,75,10,111,64,93,108,51,49,58,47,32,24" hai1="34,131,128,37,125,30,102,69,31,122,61,66,117" hai2="130,29,20,2,12,85,68,15,104,42,113,59,17" hai3="112,92,19,3,43,80,44,95,116,11,6,94,50"/><V89/><F68/><W110/><G110/><T119/><D75/><U1/><E1/><V126/><F2/><W118/><G112/><T60/><D119/><U115/><E117/><V33/><F104/><W22/><REACH who="3" step="1"/><G80/><REACH who="3" ten="245,93,279,373" step="2"/><T114/><D114/><U87/><E115/><V100/><F113/><W98/><G98/><T123/><D111/><U38/><E122/><V73/><F126/><W135/><G135/><T84/><D123/><U72/><E125/><V83/><F83/><W79/><G79/><T105/><D108/><U4/><E72/><V16/><F73/><W48/><G48/><T27/><D51/><U106/><E4/><V53/><F130/><N who="1" m="49705" /><E87/><V74/><F74/><W57/><G57/><T132/><D132/><U14/><E14/><AGARI ba="1,1" hai="3,6,11,14,19,22,43,44,50,92,94,95,116,118" machi="14" ten="40,2600,0" yaku="1,1,52,1,53,0" doraHai="40" doraHaiUra="81" who="3" fromWho="1" sc="245,0,93,-29,279,0,373,39" /><INIT seed="7,0,0,4,3,98" ten="245,64,279,412" oya="3" hai0="12,11,69,104,59,76,97,125,61,109,35,73,3" hai1="107,25,114,75,14,67,4,57,74,39,21,119,78" hai2="47,87,7,32,30,111,36,126,128,106,84,133,131" hai3="95,130,60,2,56,68,127,85,80,15,13,117,108"/><W66/><G117/><T118/><D118/><U110/><E57/><V70/><F111/><W100/><G2/><T88/><D109/><U33/><E67/><V42/><F126/><W10/><G127/><T20/><D125/><U83/><E21/><V40/><F133/><W91/><G130/><N who="2" m="49705" /><F106/><W43/><G108/><T22/><D3/><U38/><E14/><V27/><F70/><W129/><G129/><T93/><D69/><U55/><E55/><V115/><F115/><W99/><G43/><T18/><D35/><U134/><E75/><V105/><F105/><W123/><G123/><T9/><D104/><U86/><E86/><N who="2" m="32811" /><F42/><W63/><G10/><T113/><D11/><U62/><E62/><V51/><F7/><W79/><G79/><T96/><D113/><U52/><E52/><AGARI ba="0,0" hai="13,15,52,56,60,63,66,68,80,85,91,95,99,100" machi="52" ten="30,5800,0" yaku="7,1,52,1,54,1" doraHai="98" who="3" fromWho="1" sc="245,0,64,-58,279,0,412,58" owari="245,-15.0,6,-49.0,279,8.0,470,56.0" /></mjloggm>