<mjloggm ver="2.3"><GO type="41" lobby="0"/><UN n0="%65%61%6B%61%73%35" n1="%E9%97%98%E5%A3%AB%E2%98%86%E3%81%8D%E3%82%80%E3%82%8A%E3%82%87%E3%83%BC" n2="%E9%A1%98%E5%9B%B3" n3="%E5%B0%B1%E6%B4%BB%E7%94%9F%40%E5%B7%9D%E6%9D%91%E8%BB%8D%E5%9B%A3" dan="14,15,13,16" rate="1932.69,2004.99,2017.09,2077.30" sx="M,M,M,M"/><TAIKYOKU oya="0"/><INIT seed="0,0,0,5,3,88" ten="250,250,250,250" oya="0" hai0="74,13,80,83,43,64,134,73,125,62,104,105,57" hai1="95,19,127,84,4,106,32,81,75,15,110,47,46" hai2="101,49,103,61,16,78,6,109,21,34,117,119,42" hai3="86,55,59,76,69,17,118,23,82,120,107,66,44"/><T77/><D134/><U38/><E106/><V121/><F34/><W114/><G118/><N who="2" m="45065" /><F121/><W36/><G114/><T71/><D125/><U33/><E75/><V94/><F78/><W2/><G2/><T27/><D43/><U41/><E110/><V7/><F61/><W92/><G107/><T29/><D13/><U65/><E65/><V35/><F35/><W90/><G69/><T129/><D129/><U0/><E127/><V79/><F79/><W111/><G111/><T108/><D108/><U102/><E4/><V93/><F109/><W11/><G11/><T128/><D128/><U5/><E5/><N who="2" m="1547" /><F103/><W122/><G66/><T85/><D74/><U12/><E0/><V63/><F63/><W28/><G28/><T116/><D71/><U26/><E46/><N who="2" m="25815" /><F101/><W58/><G36/><T91/><D116/><U124/><E124/><V1/><F1/><W100/><G100/><T126/><D126/><U132/><E132/><V53/><F53/><W25/><G44/><T37/><D37/><U30/><E32/><AGARI ba="0,0" hai="27,29,32,57,62,64,73,77,80,83,85,91,104,105" machi="32" ten="30,1500,0" yaku="7,1" doraHai="88" who="0" fromWho="1" sc="250,15,250,-15,250,0,250,0" /><INIT seed="0,1,0,5,2,85" ten="265,235,250,250" oya="0" hai0="0,124,101,3,24,76,72,102,52,57,112,108,127" hai1="116,110,111,19,125,58,43,14,92,64,26,71,28" hai2="122,81,32,93,33,63,67,46,55,35,12,115,78" hai3="84,103,17,119,69,107,47,133,20,83,15,39,132"/><T95/><D112/><U49/><E71/><V88/><F115/><W104/><G69/><T60/><D108/><U4/><E4/><V131/><F122/><W128/><G128/><T10/><D24/><U29/><E116/><V8/><F131/><W68/><G68/><T54/><D54/><U120/><E120/><V94/><F78/><W31/><G119/><T90/><D101/><U51/><E125/><N who="0" m="48201" /><D102/><U45/><E92/><V16/><F67/><W123/><G123/><T134/><D134/><U89/><E89/><V1/><F1/><W40/><G31/><T5/><D76/><U66/><E26/><V53/><F53/><W77/><REACH who="3" step="1"/><G103/><REACH who="3" ten="265,235,250,240" step="2"/><T38/><D72/><U36/><E110/><V42/><F63/><W98/><G98/><N who="0" m="57719" /><D38/><U130/><E36/><V100/><F100/><W97/><G97/><T34/><D34/><U99/><E99/><V96/><F96/><W105/><AGARI ba="1,1" hai="15,17,20,39,40,47,77,83,84,104,105,107,132,133" machi="105" ten="40,5200,0" yaku="1,1,0,1,53,1" doraHai="85" doraHaiUra="11" who="3" fromWho="3" sc="265,-27,235,-14,250,-14,240,65" /><INIT seed="1,0,0,2,3,51" ten="238,221,236,305" oya="1" hai0="127,128,38,47,66,8,15,121,42,101,75,54,87" hai1="39,11,62,90,104,7,41,33,92,18,110,112,100" hai2="126,118,3,14,81,119,134,111,91,34,68,30,6" hai3="52,130,70,85,96,105,108,132,21,129,73,25,89"/><U0/><E112/><V123/><F123/><W120/><G73/><T45/><D75/><U76/><E33/><V135/><F68/><W36/><G36/><T16/><D121/><U117/><E117/><V95/><F81/><W125/><G70/><T17/><D66/><U2/><E2/><V44/><F3/><W20/><G120/><T46/><D128/><U19/><E76/><V113/><F113/><W61/><G125/><T5/><D127/><U102/><E110/><V53/><F126/><W114/><G114/><T78/><D101/><U79/><E79/><V109/><F34/><W64/><G108/><N who="2" m="41545" /><F30/><W71/><G132/><N who="2" m="50729" /><F14/><W131/><G25/><T24/><D38/><U133/><E133/><V58/><F44/><W84/><G105/><T115/><D42/><U13/><E0/><V40/><F40/><W83/><G96/><T27/><D115/><U94/><E41/><V97/><F6/><W106/><G106/><T22/><D27/><U103/><E104/><V122/><F122/><W26/><G85/><T57/><D87/><N who="1" m="52319" /><E39/><V93/><F93/><W35/><G35/><T29/><REACH who="0" step="1"/><D78/><REACH who="0" ten="228,221,236,305" step="2"/><U69/><E69/><V1/><F1/><W10/><G26/><T4/><D4/><U72/><E72/><V86/><F97/><W12/><G71/><T32/><D32/><U60/><E94/><V49/><AGARI ba="0,1" hai="49,53,58,86,91,95,118,119" m="50729,41545" machi="49" ten="30,4000,0" yaku="14,1,20,1,52,1" doraHai="51" who="2" fromWho="2" sc="228,-10,221,-20,236,50,305,-10" /><INIT seed="2,0,0,5,0,68" ten="218,201,286,295" oya="2" hai0="26,89,55,111,122,69,58,75,59,86,112,119,37" hai1="7,125,64,17,41,12,49,25,71,0,21,99,40" hai2="11,42,132,115,51,22,123,4,9,80,20,85,130" hai3="39,72,121,48,92,63,47,56,126,29,135,95,54"/><V87/><F123/><W118/><G118/><T83/><D112/><U129/><E0/><V91/><F115/><W30/><G121/><T117/><D69/><U108/><E108/><V52/><F42/><W70/><G72/><T102/><D122/><U103/><E125/><V65/><F65/><W46/><G126/><T113/><D111/><U97/><E129/><V31/><F130/><W14/><G135/><T124/><D113/><U106/><E71/><V18/><F132/><W82/><G82/><T19/><D102/><U38/><E64/><V74/><F74/><W62/><G70/><T116/><D124/><U96/><E49/><V78/><F4/><W24/><G39/><T88/><D75/><U57/><E57/><V73/><F73/><W33/><G30/><T44/><D89/><U27/><E41/><V16/><F31/><W79/><G79/><T77/><D77/><U36/><E27/><V133/><F133/><W28/><G28/><T90/><D90/><U105/><E105/><V110/><F110/><W45/><G14/><T109/><D109/><U120/><E120/><V50/><F91/><W101/><G101/><T84/><D86/><U13/><E25/><V131/><F131/><W15/><G15/><T114/><D114/><U67/><E67/><V98/><F80/><W104/><G104/><T1/><D1/><U3/><E3/><V5/><F5/><W76/><G76/><T93/><D83/><U8/><REACH who="1" step="1"/><E40/><REACH who="1" ten="218,191,286,295" step="2"/><V81/><F50/><W6/><G48/><N who="0" m="29063" /><D37/><AGARI ba="0,1" hai="7,8,12,13,17,21,36,37,38,96,97,99,103,106" machi="37" ten="40,8000,1" yaku="1,1,52,3,53,0" doraHai="68" doraHaiUra="53" who="1" fromWho="0" sc="218,-80,191,90,286,0,295,0" /><INIT seed="3,0,0,3,5,71" ten="138,281,286,295" oya="3" hai0="41,123,80,65,11,82,31,19,100,24,2,117,88" hai1="34,101,45,62,52,33,124,53,9,10,90,118,95" hai2="60,135,55,5,104,110,73,37,129,56,38,36,91" hai3="133,58,114,0,61,96,47,57,94,93,21,3,54"/><W105/><G105/><T46/><D123/><U128/><E128/><V7/><F104/><W103/><G114/><T4/><D117/><U86/><E124/><V39/><F129/><W87/><G133/><T116/><D116/><U43/><E118/><V78/><F135/><W64/><G21/><T12/><D100/><U92/><E34/><V76/><F110/><W111/><G111/><T98/><D65/><U35/><E33/><V13/><F39/><W107/><G107/><T51/><D2/><U131/><E35/><V84/><F73/><W75/><G75/><T20/><REACH who="0" step="1"/><D31/><REACH who="0" ten="128,281,286,295" step="2"/><U28/><E101/><V25/><F25/><W14/><G0/><T44/><D44/><U72/><E45/><V6/><REACH who="2" step="1"/><F13/><REACH who="2" ten="128,281,276,295" step="2"/><W66/><G14/><T26/><D26/><U120/><E120/><V30/><F30/><W63/><G3/><T69/><D69/><U1/><E1/><V42/><F42/><W127/><G127/><T81/><D81/><AGARI ba="0,2" hai="5,6,7,36,37,38,55,56,60,76,78,81,84,91" machi="81" ten="50,8000,1" yaku="1,1,52,3,53,0" doraHai="71" doraHaiUra="102" who="2" fromWho="0" sc="128,-80,281,0,276,100,295,0" /><INIT seed="4,0,0,1,5,8" ten="48,281,376,295" oya="0" hai0="88,15,79,66,92,6,77,38,56,53,46,127,96" hai1="102,94,71,104,132,67,34,81,39,27,135,133,134" hai2="115,129,110,76,45,64,108,30,100,18,25,70,74" hai3="119,22,123,116,2,72,84,58,63,32,85,113,86"/><T90/><D127/><U13/><E132/><V54/><F115/><W12/><G32/><T52/><D38/><U98/><E39/><V128/><F100/><W130/><G72/><T1/><D1/><U42/><E42/><V91/><F70/><W117/><G2/><T60/><D90/><U31/><E94/><V99/><F64/><W103/><G123/><T24/><D24/><U120/><E81/><V83/><F91/><W89/><G113/><T19/><D6/><U50/><E50/><V125/><F99/><W17/><G130/><N who="2" m="50281" /><F125/><W121/><G121/><T61/><D53/><U62/><E13/><V44/><F18/><W4/><G4/><T51/><REACH who="0" step="1"/><D61/><REACH who="0" ten="38,281,376,295" step="2"/><U48/><E48/><V107/><F54/><W82/><REACH who="3" step="1"/><G103/><REACH who="3" ten="38,281,376,285" step="2"/><T28/><D28/><U26/><E120/><V69/><F30/><W80/><G80/><T41/><D41/><U21/><E27/><V78/><F25/><W124/><G124/><T33/><D33/><AGARI ba="0,2" hai="21,26,31,33,34,62,67,71,98,102,104,133,134,135" machi="33" ten="40,1300,0" yaku="20,1" doraHai="8" who="1" fromWho="0" sc="38,-13,281,33,376,0,285,0" /><INIT seed="5,0,0,0,1,59" ten="25,314,376,285" oya="1" hai0="122,61,28,26,85,79,71,126,81,33,44,108,80" hai1="9,128,100,77,29,93,113,76,17,98,2,95,39" hai2="27,53,96,91,60,63,124,22,106,121,75,133,116" hai3="107,15,20,131,110,92,127,18,70,21,90,119,65"/><U19/><E39/><V13/><F121/><W73/><G107/><T97/><D122/><U8/><E113/><V46/><F75/><W11/><G73/><T12/><D108/><U30/><E2/><V129/><F116/><W23/><G110/><T35/><D126/><U94/><E128/><V86/><F124/><W34/><G127/><T4/><D35/><U125/><E125/><V51/><F129/><W115/><G131/><T88/><D44/><U78/><E98/><V47/><F13/><W16/><G34/><T84/><D97/><U24/><E100/><V37/><F133/><W109/><G109/><T104/><D104/><U45/><E45/><V10/><F10/><N who="1" m="4201" /><E24/><V118/><F118/><W38/><G38/><T112/><D112/><U6/><E6/><V5/><F5/><W55/><G115/><T50/><D50/><U57/><E57/><V0/><F0/><W134/><G134/><T83/><D71/><U31/><AGARI ba="0,0" hai="17,19,29,30,31,76,77,78,93,94,95" m="4201" machi="31" ten="40,12000,1" yaku="29,2,28,2,8,1" doraHai="59" who="1" fromWho="1" sc="25,-40,314,120,376,-40,285,-40" owari="-15,-52.0,434,53.0,336,14.0,245,-15.0" /></mjloggm>