<mjloggm ver="2.3"><GO type="41" lobby="0"/><UN n0="%E5%B0%B1%E6%B4%BB%E7%94%9F%40%E5%B7%9D%E6%9D%91%E8%BB%8D%E5%9B%A3" n1="%44%44%54" n2="%79%75%73%75%6B%69" n3="%E6%85%A2%E6%80%A7%E3%82%84%E3%81%91%E3%81%A3%E3%81%B1%E3%81%A3%E3%81%A1" dan="17,13,14,13" rate="2143.13,1892.25,1919.85,1843.45" sx="M,M,M,M"/><TAIKYOKU oya="0"/><INIT seed="0,0,0,3,0,50" ten="250,250,250,250" oya="0" hai0="74,44,73,20,5,0,51,114,58,130,75,48,28" hai1="23,65,24,53,31,104,15,123,112,84,129,30,100" hai2="60,37,132,54,66,11,41,39,86,109,2,90,47" hai3="95,68,16,59,117,25,108,3,13,22,55,91,27"/><T56/><D114/><U29/><E123/><V119/><F119/><W78/><G117/><T96/><D130/><U99/><E129/><V40/><F2/><W113/><G68/><T71/><D71/><U121/><E121/><V98/><F98/><W19/><G19/><T103/><D0/><U12/><E112/><V42/><F11/><W8/><G3/><T127/><D5/><U70/><E84/><V110/><F90/><W18/><G113/><T26/><D127/><U43/><E43/><V64/><F86/><N who="3" m="52727" /><G78/><T128/><D128/><U81/><E81/><V106/><F106/><W62/><G108/><N who="2" m="41577" /><F132/><W49/><G62/><T116/><D116/><U72/><E72/><V94/><F94/><W17/><G17/><T6/><D6/><U92/><E104/><V111/><N who="2" m="41585" /><V134/><DORA hai="120" /><F134/><W79/><G79/><T10/><D10/><U125/><E92/><V61/><F61/><W32/><G32/><T89/><D89/><U77/><E99/><V4/><F4/><W133/><G133/><T85/><D85/><U7/><E7/><V46/><F40/><W38/><G38/><T126/><D126/><U124/><E124/><V80/><F80/><W115/><G115/><T131/><D131/><U102/><E125/><V21/><F21/><W35/><G35/><T97/><D97/><U83/><E23/><V52/><F66/><W105/><G105/><T67/><D67/><U82/><E65/><V107/><F107/><W93/><G93/><N who="0" m="58767" /><D51/><U36/><E36/><V1/><F1/><W122/><G122/><T88/><D88/><U87/><E83/><RYUUKYOKU ba="0,0" sc="250,10,250,-30,250,10,250,10" hai0="20,26,28,44,48,56,58,73,74,75" hai2="37,39,41,42,46,47,52,54,60,64" hai3="8,13,16,18,22,25,27,49,55,59" /><INIT seed="0,1,0,4,2,76" ten="260,220,260,260" oya="0" hai0="22,117,95,57,18,49,111,1,93,75,97,2,114" hai1="42,68,118,134,72,17,3,6,126,110,102,11,79" hai2="91,130,26,105,39,35,113,51,80,40,120,29,58" hai3="50,27,47,19,81,24,69,15,66,14,38,98,9"/><T37/><D114/><U20/><E68/><V62/><F105/><W108/><G38/><T5/><D117/><U44/><E118/><V31/><F120/><W104/><G108/><T32/><D32/><U67/><E67/><V128/><F39/><W96/><G104/><T65/><D37/><U101/><E110/><V90/><F31/><W85/><G69/><T48/><D75/><U87/><E126/><V55/><F113/><W46/><G66/><T21/><D111/><U4/><E4/><V99/><F99/><N who="3" m="37931" /><G15/><T25/><D93/><U33/><E33/><V78/><F40/><W63/><G63/><T86/><D86/><U30/><E30/><V77/><F62/><W107/><G107/><T36/><D36/><N who="1" m="21575" /><E87/><N who="2" m="50535" /><F91/><N who="3" m="51631" /><G46/><T103/><D5/><U61/><E61/><V71/><F71/><W132/><G132/><T53/><D65/><U13/><E134/><V70/><F70/><W133/><G133/><T116/><D116/><U56/><E56/><V106/><F106/><W23/><G23/><T135/><D135/><U89/><E89/><V100/><F100/><W119/><G119/><T0/><D49/><U54/><E54/><AGARI ba="1,0" hai="9,14,19,24,27,47,50,54" m="51631,37931" machi="54" ten="30,3900,0" yaku="25,1,8,1,52,1" doraHai="76" who="3" fromWho="1" sc="260,0,220,-42,260,0,260,42" /><INIT seed="1,0,0,5,3,61" ten="260,178,260,302" oya="1" hai0="117,23,114,8,101,14,6,124,36,88,91,29,51" hai1="70,24,9,16,95,17,60,55,44,57,42,11,18" hai2="123,93,84,33,90,77,128,41,105,49,86,47,46" hai3="27,126,37,74,38,94,52,73,3,85,116,53,25"/><U63/><E70/><V81/><F33/><W127/><G94/><T50/><D36/><U79/><E24/><V69/><F128/><W5/><G5/><T0/><D117/><U97/><E79/><V107/><F123/><W87/><G3/><T64/><D114/><U103/><REACH who="1" step="1"/><E63/><REACH who="1" ten="260,168,260,302" step="2"/><V98/><F69/><W106/><REACH who="3" step="1"/><G106/><REACH who="3" ten="260,168,260,292" step="2"/><T2/><D124/><U112/><E112/><V119/><F119/><AGARI ba="0,2" hai="25,27,37,38,52,53,73,74,85,87,116,119,126,127" machi="119" ten="25,8000,1" yaku="1,1,2,1,22,2,54,1,53,0" doraHai="61" doraHaiUra="76" who="3" fromWho="2" sc="260,0,168,0,260,-80,292,100" /><INIT seed="2,0,0,5,2,43" ten="260,168,180,392" oya="2" hai0="83,103,122,85,49,6,104,45,111,12,52,105,70" hai1="76,98,127,72,121,119,38,63,129,131,50,3,120" hai2="118,14,107,87,123,62,4,56,132,89,34,124,68" hai3="125,71,91,13,55,58,11,18,94,64,112,33,116"/><V78/><F107/><W19/><G33/><T9/><D122/><N who="1" m="47211" /><E3/><V96/><F123/><W42/><G116/><T17/><D111/><U53/><E98/><V29/><F118/><W57/><G125/><T81/><D70/><U93/><E93/><V126/><F68/><W44/><G71/><T20/><D103/><U95/><E95/><V25/><F78/><W22/><G64/><T84/><D84/><U61/><E76/><V46/><F96/><W32/><G32/><T23/><D23/><U51/><E72/><V31/><F31/><W90/><G112/><T39/><D39/><U114/><E119/><V99/><F99/><W133/><G133/><T36/><D36/><U16/><E16/><V15/><F132/><W134/><G134/><T37/><D37/><U1/><E1/><V27/><F27/><W8/><G58/><T82/><REACH who="0" step="1"/><D85/><REACH who="0" ten="250,168,180,392" step="2"/><U2/><E38/><V79/><F126/><W48/><G8/><T88/><D88/><U77/><E127/><V28/><F124/><W100/><G100/><T115/><D115/><U92/><E114/><V24/><F89/><W41/><G91/><T30/><D30/><U47/><E77/><V69/><F69/><W108/><G108/><T35/><D35/><U65/><E92/><V54/><F28/><W0/><G90/><T75/><D75/><U97/><E97/><V113/><F29/><W128/><G128/><T7/><D7/><U5/><E5/><V26/><F4/><W117/><G117/><T109/><D109/><U110/><E110/><V60/><F113/><W135/><G135/><T59/><D59/><RYUUKYOKU ba="0,1" sc="250,30,168,-10,180,-10,392,-10" hai0="6,9,12,17,20,45,49,52,81,82,83,104,105" /><INIT seed="3,1,1,5,2,48" ten="280,158,170,382" oya="3" hai0="8,4,21,84,16,65,123,52,127,62,117,132,78" hai1="6,68,134,105,19,15,40,22,67,41,10,36,124" hai2="133,55,107,112,89,3,85,102,88,9,35,45,96" hai3="63,113,128,13,70,104,58,49,25,74,110,14,81"/><W130/><G104/><T0/><D123/><U42/><E105/><V20/><F35/><W91/><G113/><T120/><D120/><U109/><E124/><V71/><F71/><W76/><G70/><T69/><D127/><U44/><E134/><V5/><F133/><W79/><G79/><T135/><D117/><U99/><E109/><V29/><F112/><W30/><G49/><T11/><D11/><U114/><E114/><V75/><F75/><W82/><G110/><T119/><D119/><U7/><E7/><V26/><F45/><W122/><G122/><T1/><D1/><U12/><E68/><V51/><F85/><W60/><G60/><T86/><D86/><U121/><E67/><V111/><F111/><W97/><G82/><T46/><D84/><U39/><E121/><V98/><REACH who="2" step="1"/><F96/><REACH who="2" ten="280,158,160,382" step="2"/><W31/><G130/><T56/><D78/><U95/><REACH who="1" step="1"/><E36/><REACH who="1" ten="280,148,160,382" step="2"/><V61/><F61/><W43/><G63/><T37/><D37/><U72/><E72/><V103/><F103/><AGARI ba="1,3" hai="6,10,12,15,19,22,39,40,41,42,44,95,99,103" machi="103" ten="30,2000,0" yaku="1,1,7,1,53,0" doraHai="48" doraHaiUra="131" who="1" fromWho="2" sc="280,0,148,53,160,-23,382,0" /><INIT seed="4,0,0,0,3,6" ten="280,201,137,382" oya="0" hai0="120,84,38,0,19,57,22,114,132,126,65,39,102" hai1="134,28,31,104,123,79,86,10,32,4,48,112,66" hai2="101,27,97,94,51,7,68,3,46,60,24,91,90" hai3="61,16,20,92,125,98,117,106,67,93,107,113,103"/><T76/><D120/><U13/><E104/><V56/><F68/><W14/><G117/><T37/><D114/><U34/><E123/><V80/><F7/><W21/><G125/><T49/><D126/><U127/><E127/><V2/><F3/><W81/><G113/><T116/><D0/><U36/><E36/><V12/><F2/><W35/><G35/><T121/><D121/><U74/><E74/><V5/><F12/><W44/><G44/><T23/><D132/><U40/><E112/><V41/><F5/><W45/><G45/><T62/><D116/><U15/><E134/><V133/><F133/><W50/><G50/><T115/><D115/><U129/><E129/><V85/><REACH who="2" step="1"/><F91/><REACH who="2" ten="280,201,127,382" step="2"/><W130/><G130/><T17/><D102/><U83/><E15/><V43/><F43/><W26/><G81/><T109/><D109/><U58/><E34/><V52/><AGARI ba="0,1" hai="24,27,41,46,51,52,56,60,80,85,90,94,97,101" machi="52" ten="20,12000,2" yaku="1,1,0,1,7,1,8,1,54,1,53,1" doraHai="6" doraHaiUra="54" who="2" fromWho="2" sc="280,-60,201,-30,127,130,382,-30" /><INIT seed="5,0,0,2,0,60" ten="220,171,257,352" oya="1" hai0="73,120,10,32,55,12,18,95,42,130,80,1,43" hai1="105,48,119,34,45,129,39,75,125,15,36,14,16" hai2="46,109,127,83,28,81,3,58,23,52,108,4,107" hai3="134,123,6,53,135,112,111,74,68,72,30,29,27"/><U64/><E119/><V5/><F107/><W77/><G123/><T51/><D120/><U59/><E105/><V78/><F46/><W26/><G68/><T132/><D132/><U67/><E75/><V47/><F47/><W22/><G111/><T19/><D130/><U103/><E34/><V65/><F3/><W79/><G6/><T11/><D32/><U69/><E103/><V121/><F121/><W8/><G8/><T85/><D73/><U41/><E69/><V31/><F109/><W100/><G53/><T94/><D1/><U126/><E129/><V56/><F78/><W93/><G100/><T122/><D122/><U44/><E59/><V101/><F101/><W97/><G97/><T37/><D37/><U17/><E48/><V104/><F104/><W92/><G22/><T96/><D18/><U86/><E86/><V0/><F0/><W128/><G128/><T63/><D11/><U84/><E84/><V90/><F23/><W7/><G7/><T91/><D63/><U49/><E49/><V50/><F4/><W54/><G54/><T2/><D2/><U25/><E25/><V131/><F5/><W57/><G57/><N who="0" m="33023" /><D94/><U71/><E71/><V13/><F108/><W99/><G99/><T124/><D124/><U98/><E98/><V38/><F127/><W35/><G35/><T118/><D118/><U133/><REACH who="1" step="1"/><E41/><REACH who="1" ten="220,161,257,352" step="2"/><V76/><F131/><W9/><G9/><T115/><D115/><AGARI ba="0,1" hai="26,27,29,30,72,74,77,79,92,93,112,115,134,135" machi="115" ten="25,1600,0" yaku="22,2" doraHai="60" who="3" fromWho="0" sc="220,-16,161,0,257,0,352,26" /><INIT seed="6,0,0,0,4,101" ten="204,161,257,378" oya="2" hai0="29,46,80,32,6,105,76,86,89,81,92,125,68" hai1="95,91,102,73,82,121,57,18,85,109,1,127,30" hai2="90,122,33,77,53,96,117,98,106,5,128,58,114" hai3="23,22,40,56,14,35,111,13,43,25,52,71,49"/><V0/><F33/><W7/><G71/><T20/><D68/><U19/><E1/><V93/><F122/><W94/><G35/><T88/><D32/><U31/><E109/><V27/><F117/><W62/><G111/><T2/><D125/><U97/><E127/><V112/><F77/><W78/><G78/><T70/><D70/><U67/><E121/><V135/><F135/><W37/><G37/><T4/><D105/><U99/><E73/><V64/><F64/><W75/><G75/><T119/><D2/><U116/><E116/><V84/><F27/><W9/><G94/><T8/><D119/><U54/><E67/><V130/><F5/><W124/><G124/><T108/><D46/><U83/><E83/><V79/><F0/><W100/><G100/><T61/><D61/><U48/><E99/><N who="2" m="37931" /><F106/><W38/><G38/><T47/><D47/><U17/><AGARI ba="0,0" hai="17,18,19,30,31,48,54,57,82,85,91,95,97,102" machi="17" ten="30,2000,0" yaku="0,1,8,1" doraHai="101" who="1" fromWho="1" sc="204,-5,161,20,257,-10,378,-5" /><INIT seed="7,0,0,2,0,129" ten="199,181,247,373" oya="3" hai0="106,99,40,55,45,61,104,126,21,119,57,125,114" hai1="17,68,48,72,83,69,53,65,105,34,13,113,41" hai2="10,102,9,85,71,51,81,88,135,56,84,28,118" hai3="124,110,54,27,1,24,23,103,35,91,39,82,12"/><W14/><G39/><N who="0" m="21663" /><D119/><U112/><E105/><N who="0" m="40553" /><D21/><U101/><E101/><V89/><F71/><W94/><G35/><T20/><D20/><U30/><E41/><V121/><F102/><W127/><G1/><T7/><D7/><U76/><E30/><V62/><F121/><W4/><G110/><T77/><D77/><U37/><E37/><V132/><F118/><W98/><G54/><T128/><D99/><U93/><E93/><V16/><F51/><W31/><G27/><T46/><D46/><U44/><E34/><V75/><F75/><W107/><G4/><T15/><D15/><U90/><E90/><V120/><F120/><W74/><G74/><T64/><D128/><U52/><E53/><V33/><F28/><W130/><G130/><T70/><D114/><N who="1" m="44139" /><E65/><V43/><F33/><W59/><G59/><T26/><D26/><U63/><E63/><V60/><F43/><W50/><G50/><N who="0" m="30967" /><D126/><N who="3" m="48169" /><G82/><T86/><D125/><U11/><AGARI ba="0,0" hai="11,13,17,44,48,52,68,69,72,76,83" m="44139" machi="11" ten="30,2000,0" yaku="15,1,54,1" doraHai="129" who="1" fromWho="1" sc="199,-5,181,20,247,-5,373,-10" owari="194,-31.0,201,-20.0,242,4.0,363,47.0" /></mjloggm>