<mjloggm ver="2.3"><GO type="97" lobby="0"/><UN n0="%4D%50%32%37" n1="%E3%81%8B%E3%81%B9%E3%81%A1%E3%83%BC" n2="%E9%96%8B%E6%88%90%E5%AD%A6%E7%BF%92%E7%A0%94%E7%A9%B6%E6%89%80" n3="%E5%B0%B1%E6%B4%BB%E7%94%9F%40%E5%B7%9D%E6%9D%91%E8%BB%8D%E5%9B%A3" dan="13,14,14,14" rate="1911.71,1917.02,1971.75,1994.41" sx="M,M,M,M"/><TAIKYOKU oya="0"/><INIT seed="0,0,0,3,5,128" ten="250,250,250,250" oya="0" hai0="44,34,121,39,50,89,116,62,73,59,57,83,110" hai1="99,8,20,51,38,119,94,15,65,32,3,25,70" hai2="124,69,68,95,86,7,127,71,26,72,6,23,43" hai3="132,33,131,98,12,135,18,42,67,60,114,90,66"/><T46/><D116/><U4/><E38/><V2/><F72/><W47/><G33/><T96/><D34/><U17/><E119/><V1/><F43/><W126/><G114/><T118/><D118/><U106/><E106/><V122/><F95/><N who="3" m="56695" /><G126/><N who="2" m="48169" /><F86/><W102/><G102/><T123/><D73/><U0/><E51/><V11/><F122/><W19/><G131/><T40/><D89/><U48/><E48/><V113/><F113/><W107/><G107/><T85/><D96/><U53/><E53/><V36/><F36/><N who="3" m="21959" /><G12/><T28/><D28/><N who="1" m="19471" /><E3/><N who="2" m="479" /><F7/><W45/><G45/><T5/><D5/><U75/><E75/><V55/><F55/><W125/><G66/><T109/><D83/><U92/><E99/><V88/><F88/><W120/><G120/><N who="0" m="46155" /><D85/><U29/><E29/><AGARI ba="0,0" hai="1,2,23,26,29,68,69,71" m="479,48169" machi="29" ten="40,1300,0" yaku="18,1" doraHai="128" who="2" fromWho="1" sc="250,0,250,-13,250,13,250,0" /><INIT seed="1,0,0,5,4,76" ten="250,237,263,250" oya="1" hai0="18,28,103,17,96,38,64,14,50,61,86,44,9" hai1="106,126,129,4,34,130,23,25,13,82,89,114,6" hai2="47,108,41,94,92,37,2,132,60,118,134,52,111" hai3="80,110,98,49,112,88,123,117,12,78,81,121,54"/><U43/><E114/><V131/><F2/><W36/><G36/><T7/><D38/><U66/><E106/><V24/><F24/><W124/><G112/><T10/><D28/><U15/><E126/><V1/><F1/><W68/><G68/><T95/><D86/><N who="1" m="50391" /><E66/><V5/><F5/><N who="1" m="2153" /><E34/><V31/><F31/><W74/><G117/><T127/><D127/><U30/><E43/><V67/><F131/><AGARI ba="0,0" hai="13,15,23,25,30,129,130,131" m="2153,50391" machi="131" ten="30,2900,0" yaku="19,1,52,1" doraHai="76" who="1" fromWho="2" sc="250,0,237,29,263,-29,250,0" /><INIT seed="1,1,0,4,0,82" ten="250,266,234,250" oya="1" hai0="43,80,62,33,27,51,102,55,53,84,38,118,52" hai1="18,37,101,49,100,103,13,15,73,75,81,22,34" hai2="108,70,14,46,135,35,65,58,41,1,66,24,113" hai3="6,48,45,54,124,42,61,109,79,121,69,83,21"/><U126/><E37/><V130/><F58/><W88/><G121/><T123/><D123/><U112/><E112/><V115/><F14/><W76/><G124/><T86/><D118/><U29/><E126/><V57/><F57/><N who="3" m="34999" /><G69/><T122/><D122/><U133/><E133/><V87/><F87/><N who="3" m="50303" /><G109/><T12/><D102/><U7/><E49/><V132/><F1/><W90/><G6/><T117/><D117/><U68/><E68/><V134/><F130/><W110/><G110/><T71/><D38/><U31/><E34/><V111/><F24/><W94/><G21/><T63/><D71/><U2/><E2/><V19/><F19/><W20/><G20/><T114/><D114/><N who="2" m="43530" /><F35/><W32/><G32/><T95/><D33/><U99/><E99/><AGARI ba="1,0" hai="42,45,48,76,79,90,94,99" m="50303,34999" machi="99" ten="30,3900,0" yaku="8,1,52,1,54,1" doraHai="82" who="3" fromWho="1" sc="250,0,266,-42,234,0,250,42" /><INIT seed="2,0,0,3,2,68" ten="250,224,234,292" oya="2" hai0="25,95,90,38,60,42,43,124,28,111,94,63,103" hai1="22,80,34,59,56,104,2,114,105,70,29,52,129" hai2="127,54,61,8,37,97,119,88,91,58,20,78,118" hai3="33,89,115,32,122,36,13,1,121,0,39,11,125"/><V120/><F127/><W107/><G107/><T101/><D124/><U109/><E114/><V102/><F120/><W100/><G100/><T81/><D81/><U10/><E109/><V76/><F37/><W66/><G125/><T44/><D111/><U24/><E129/><V19/><F8/><W74/><G74/><T93/><D90/><N who="2" m="34346" /><F119/><W53/><G66/><T21/><REACH who="0" step="1"/><D43/><REACH who="0" ten="240,224,234,292" step="2"/><U4/><E70/><V73/><F118/><W69/><G121/><T27/><D27/><U57/><E34/><V75/><F75/><W79/><G122/><T45/><D45/><U133/><E80/><V26/><F73/><W72/><G33/><T40/><D40/><U7/><E133/><V17/><F17/><W71/><G32/><T49/><D49/><U135/><E135/><V31/><F31/><W18/><G115/><T84/><D84/><U87/><E87/><V3/><F3/><W47/><G0/><T16/><D16/><U14/><E2/><V132/><F132/><W113/><G1/><T50/><D50/><U126/><E126/><V98/><F98/><W130/><G18/><T67/><D67/><U12/><E52/><V23/><F23/><W77/><G53/><T82/><D82/><U134/><E134/><V65/><F65/><W131/><G131/><T30/><D30/><U51/><E51/><V116/><F116/><W112/><G130/><T123/><D123/><U110/><E110/><V48/><F48/><W86/><G112/><T108/><D108/><U41/><E41/><V35/><F35/><W55/><G113/><T99/><D99/><U5/><E5/><RYUUKYOKU ba="0,1" sc="240,10,224,10,234,10,292,-30" hai0="21,25,28,38,42,44,60,63,93,94,95,101,103" hai1="4,7,10,12,14,22,24,29,56,57,59,104,105" hai2="19,20,26,54,58,61,76,78,97,102" /><INIT seed="2,1,1,2,3,127" ten="250,234,244,262" oya="2" hai0="21,54,103,82,102,28,34,70,0,100,89,69,94" hai1="25,77,80,133,110,38,52,83,55,96,12,73,27" hai2="47,16,91,20,98,97,123,78,86,64,79,111,88" hai3="106,72,107,39,57,5,13,53,59,131,118,14,22"/><V41/><F123/><W87/><G72/><T116/><D116/><U4/><E38/><V95/><F111/><W6/><G39/><T23/><D0/><U49/><E110/><V76/><F64/><W60/><G118/><T37/><D37/><U112/><E112/><V92/><F47/><W128/><G87/><T17/><D82/><U75/><E133/><V117/><F117/><W101/><G101/><T19/><D34/><U122/><E122/><V24/><REACH who="2" step="1"/><F41/><REACH who="2" ten="250,234,234,262" step="2"/><W115/><G115/><T108/><D108/><U119/><E119/><V114/><F114/><W44/><G44/><T85/><D54/><U93/><E55/><V121/><F121/><W135/><G135/><T3/><D3/><U40/><E40/><V31/><F31/><W8/><G107/><T58/><D28/><U29/><E29/><V35/><F35/><W46/><G106/><T43/><D43/><U126/><E126/><V11/><F11/><W81/><G46/><T30/><D30/><U10/><E75/><V124/><F124/><W61/><G8/><T2/><D2/><U7/><E7/><V120/><F120/><W62/><G6/><T109/><D109/><U45/><REACH who="1" step="1"/><E83/><AGARI ba="1,2" hai="16,20,24,76,78,79,83,86,88,91,92,95,97,98" machi="83" ten="40,18000,2" yaku="1,1,9,1,8,1,54,2,53,2" doraHai="127" doraHaiUra="90" who="2" fromWho="1" sc="250,0,234,-183,234,203,262,0" /><INIT seed="2,2,0,5,1,114" ten="250,51,437,262" oya="2" hai0="69,104,93,19,109,55,99,88,8,63,39,4,37" hai1="59,82,125,67,26,135,2,54,84,73,133,74,34" hai2="111,25,123,120,30,98,5,85,62,31,106,129,52" hai3="13,81,3,87,92,10,108,1,83,132,68,94,121"/><V16/><F129/><W90/><G121/><T118/><D109/><U57/><E2/><V126/><F5/><W11/><G68/><T105/><D19/><U127/><E67/><V12/><F126/><W75/><G132/><T115/><D115/><U18/><E59/><V29/><F111/><W27/><G108/><T96/><D118/><U130/><E74/><V116/><F85/><W6/><G27/><T100/><D105/><U56/><E73/><V122/><F116/><W17/><G3/><T70/><D55/><U38/><E38/><V44/><F25/><W9/><G9/><T112/><D112/><U36/><E36/><V107/><F98/><W79/><AGARI ba="2,0" hai="1,6,10,11,13,17,75,79,81,83,87,90,92,94" machi="79" ten="30,1100,0" yaku="0,1" doraHai="114" who="3" fromWho="3" sc="250,-5,51,-5,437,-7,262,17" /><INIT seed="3,0,0,5,1,117" ten="245,46,430,279" oya="3" hai0="70,104,113,102,125,75,27,67,108,80,116,61,103" hai1="100,49,34,56,18,62,3,52,1,120,28,119,111" hai2="66,47,68,90,107,46,48,5,115,73,29,99,98" hai3="77,15,72,57,65,8,130,7,23,93,55,31,110"/><W32/><G32/><T74/><D116/><U11/><E119/><V33/><F115/><W79/><G130/><T21/><D113/><U85/><E111/><V60/><F73/><W71/><G110/><T2/><D108/><U134/><E134/><V51/><F99/><W10/><G72/><T22/><D125/><U131/><E131/><V17/><F90/><W88/><G65/><T16/><D2/><U30/><E30/><V36/><F17/><W78/><G71/><T41/><D41/><U0/><E100/><N who="2" m="62871" /><F5/><W69/><G69/><T123/><D123/><U64/><E85/><V35/><F35/><W54/><G10/><T58/><D102/><U112/><E112/><V25/><F47/><W101/><G101/><T53/><D80/><U105/><E105/><V40/><AGARI ba="0,0" hai="25,29,33,36,40,46,48,51,60,66,68" m="62871" machi="40" ten="30,1100,0" yaku="25,1" doraHai="117" who="2" fromWho="2" sc="245,-3,46,-3,430,11,279,-5" owari="242,-16.0,43,-46.0,441,55.0,274,7.0" /></mjloggm>