<mjloggm ver="2.3"><GO type="97" lobby="0"/><UN n0="%E3%81%B1%E3%82%93%E3%81%AB%E3%82%83" n1="%E3%83%88%E3%83%88%E3%83%AA%E5%85%88%E7%94%9F%31%39%E6%AD%B3" n2="%E9%95%B7%E5%B7%9E%E3%81%AE%E5%85%8B" n3="%E3%81%8B%E3%81%BF%E3%81%AE%E3%81%BE%E3%81%AB%E3%81%BE%E3%81%AB" dan="14,13,15,14" rate="1916.55,2026.90,1941.17,2021.93" sx="M,F,M,F"/><TAIKYOKU oya="0"/><INIT seed="0,0,0,4,4,62" ten="250,250,250,250" oya="0" hai0="3,20,122,15,109,110,105,126,104,14,56,103,47" hai1="117,113,45,84,66,11,19,2,23,76,107,70,48" hai2="16,77,115,53,10,128,114,41,129,125,101,135,42" hai3="80,91,92,27,24,13,28,6,36,127,131,25,108"/><T9/><D122/><U61/><E117/><V83/><F101/><W34/><G36/><T55/><D47/><U79/><E107/><V21/><F10/><N who="3" m="4311" /><G80/><T59/><D3/><U81/><E113/><V96/><F96/><W119/><G119/><T50/><D103/><U86/><E11/><V123/><F53/><W54/><G54/><T102/><D102/><U99/><E99/><V112/><F123/><W7/><G7/><T75/><D75/><U29/><E29/><V4/><F4/><W124/><G108/><N who="0" m="41579" /><D59/><U93/><E2/><V0/><F0/><W38/><G38/><T49/><D49/><U69/><E69/><V78/><F125/><N who="3" m="48203" /><G131/><N who="2" m="50249" /><F135/><W43/><G43/><N who="2" m="16393" /><F83/><W95/><G95/><T116/><D116/><U40/><E93/><V134/><F134/><W97/><AGARI ba="0,0" hai="24,25,27,28,34,91,92,97" m="48203,4311" machi="97" ten="30,1100,0" yaku="18,1" doraHai="62" who="3" fromWho="3" sc="250,-5,250,-3,250,-3,250,11" /><INIT seed="1,0,0,5,3,123" ten="245,247,247,261" oya="1" hai0="3,129,25,17,52,117,70,113,71,4,65,106,118" hai1="6,91,42,89,41,74,102,130,73,85,24,83,11" hai2="53,43,107,8,134,69,54,36,72,133,23,29,112" hai3="15,48,104,59,108,135,82,77,51,34,31,93,127"/><U1/><E130/><V60/><F107/><W38/><G104/><T40/><D113/><U121/><E121/><V63/><F72/><W75/><G38/><T50/><D106/><U96/><E89/><V105/><F105/><W10/><G59/><T62/><D129/><U120/><E120/><V30/><F8/><W132/><G93/><T20/><D71/><U18/><E96/><V66/><F23/><W122/><G122/><T58/><D4/><U0/><E102/><V45/><F30/><W22/><G34/><T92/><D3/><U67/><E0/><V114/><F29/><W80/><G80/><T131/><D131/><U125/><E125/><V7/><F7/><N who="3" m="3551" /><G22/><T128/><D128/><U64/><E18/><V27/><F27/><W86/><G31/><T100/><D100/><U90/><E90/><V35/><F35/><W87/><G127/><T79/><D79/><U109/><E24/><V19/><F19/><W5/><G5/><T116/><D92/><U13/><E1/><V101/><F101/><W28/><G28/><T9/><D9/><U126/><E126/><V12/><F12/><W68/><G75/><N who="1" m="28682" /><E64/><V95/><F95/><W111/><G86/><T61/><D61/><U2/><E67/><V46/><F66/><W26/><G68/><T39/><D118/><U47/><E2/><V33/><F33/><W94/><G94/><T37/><D37/><N who="1" m="21935" /><E42/><V78/><F43/><W110/><G26/><T44/><AGARI ba="0,0" hai="17,20,25,39,40,44,50,52,58,62,65,70,116,117" machi="44" ten="30,7900,0" yaku="0,1,24,2,54,1" doraHai="123" who="0" fromWho="0" sc="245,79,247,-39,247,-20,261,-20" /><INIT seed="2,0,0,5,1,109" ten="324,208,227,241" oya="2" hai0="107,133,104,15,102,53,103,43,22,4,55,131,79" hai1="35,32,39,69,62,19,129,0,96,31,49,44,90" hai2="108,112,42,97,75,120,67,134,24,5,125,3,124" hai3="99,86,82,117,23,12,26,118,17,38,123,2,61"/><V111/><F75/><W130/><G123/><T92/><D79/><U59/><E0/><V93/><F120/><W34/><G130/><T98/><D131/><U8/><E129/><V1/><F134/><W45/><G61/><T6/><D43/><U51/><E69/><V95/><F67/><W65/><G65/><T84/><D133/><U29/><E39/><V85/><F42/><W52/><G2/><N who="2" m="521" /><F5/><W101/><G26/><T60/><D60/><U48/><E44/><V20/><F85/><W114/><G34/><T9/><D84/><U7/><E7/><V127/><F112/><W81/><G81/><T66/><D66/><N who="1" m="39263" /><E32/><V10/><F10/><W106/><G114/><T110/><D110/><N who="2" m="42026" /><F97/><W56/><G38/><T87/><D87/><U37/><E35/><V47/><F47/><W30/><G45/><T40/><D40/><U72/><E72/><V76/><F76/><W54/><G54/><T73/><D73/><U119/><E37/><V105/><F105/><W116/><G52/><T13/><D92/><N who="1" m="56343" /><E119/><V70/><F70/><W14/><G56/><T33/><D33/><U121/><E121/><V11/><F11/><W50/><G116/><T71/><D71/><U57/><E57/><V27/><F27/><N who="3" m="14831" /><G117/><T21/><D98/><U115/><E115/><V41/><F41/><W126/><G99/><T80/><D9/><U94/><E94/><V58/><F58/><W132/><G106/><T36/><D36/><U113/><E113/><V135/><F135/><W63/><G118/><T16/><D80/><U68/><E68/><V77/><F77/><N who="3" m="46415" /><G132/><T88/><D107/><RYUUKYOKU ba="0,0" sc="324,-15,208,15,227,15,241,-15" hai1="8,19,29,31,48,49,51" hai2="20,24,93,95,124,125,127" /><INIT seed="2,1,0,3,2,121" ten="309,223,242,226" oya="2" hai0="114,52,133,112,11,21,17,70,126,66,39,118,56" hai1="101,16,15,81,95,18,111,128,87,132,116,97,108" hai2="60,72,59,4,92,134,80,69,76,96,131,38,74" hai3="79,122,98,22,10,63,82,30,0,106,34,3,31"/><V54/><F38/><W49/><G122/><T117/><D39/><U119/><E128/><V57/><F131/><W28/><G34/><T90/><D11/><N who="1" m="6271" /><E18/><V12/><F69/><W6/><G63/><T67/><D90/><N who="1" m="51567" /><E132/><V124/><F124/><W32/><G32/><T37/><D37/><U41/><E41/><V78/><F134/><W84/><G3/><T44/><D133/><U83/><E83/><V43/><F43/><W62/><G106/><T100/><D100/><U104/><E104/><V113/><F113/><W46/><G22/><T36/><D126/><U13/><E13/><V50/><F12/><W51/><G28/><T85/><D85/><U26/><E26/><V9/><F76/><W2/><G30/><T19/><D112/><U89/><E89/><V125/><F125/><W75/><G31/><T47/><D114/><U135/><E135/><V55/><F9/><W94/><G75/><T7/><D7/><U107/><E107/><V5/><REACH who="2" step="1"/><F72/><REACH who="2" ten="309,223,232,226" step="2"/><W48/><G10/><T86/><D36/><U120/><E120/><V33/><F33/><W88/><G2/><T24/><D70/><U40/><E40/><V42/><F42/><N who="3" m="24663" /><G0/><T8/><D8/><U102/><E119/><V23/><F23/><W115/><G115/><T77/><D118/><U71/><E116/><V73/><F73/><W27/><G27/><T58/><D117/><U127/><E71/><V61/><F61/><W35/><G35/><T123/><D77/><U64/><E127/><V110/><F110/><N who="1" m="42025" /><E64/><V53/><F53/><W65/><G6/><T29/><D67/><U25/><E25/><RYUUKYOKU ba="1,1" sc="309,-30,223,10,232,10,226,10" hai1="95,97,101,102" hai2="4,5,50,54,55,57,59,60,74,78,80,92,96" hai3="49,51,62,65,79,82,84,88,94,98" /><INIT seed="2,2,1,4,0,105" ten="279,233,242,236" oya="2" hai0="40,46,39,37,110,104,0,103,61,96,98,26,4" hai1="30,70,44,84,77,92,55,64,108,65,18,130,63" hai2="122,28,74,17,119,86,60,102,127,85,21,48,53" hai3="6,62,78,91,67,36,66,59,51,101,47,81,29"/><V15/><F122/><W116/><G116/><T95/><D110/><U99/><E108/><V106/><F119/><W68/><G101/><T93/><D26/><U22/><E130/><V52/><F28/><W27/><G6/><T120/><D120/><U131/><E131/><V109/><F127/><W71/><G67/><N who="1" m="25674" /><E70/><V9/><F109/><W8/><G8/><T42/><D61/><U33/><E33/><V126/><F74/><W56/><G56/><T134/><D134/><U124/><E124/><V50/><F126/><W72/><G91/><T7/><D0/><U89/><E30/><V23/><F106/><W123/><G36/><T129/><D104/><U20/><E18/><V25/><F102/><W38/><G38/><T49/><D49/><N who="2" m="19050" /><F60/><W14/><G14/><T2/><D2/><U100/><E77/><V32/><F32/><W87/><G123/><T69/><D129/><U97/><E44/><V75/><F75/><W54/><REACH who="3" step="1"/><G72/><REACH who="3" ten="279,233,242,226" step="2"/><T11/><D11/><U73/><E73/><V12/><F15/><W16/><G16/><T112/><D69/><U3/><E3/><V31/><F9/><W118/><G118/><T113/><D103/><U35/><E100/><V24/><F12/><W13/><G13/><T111/><D111/><U94/><E89/><V5/><F5/><W43/><G43/><T19/><D19/><U83/><E97/><V88/><F86/><W128/><G128/><T115/><D115/><U117/><E99/><V90/><F90/><W34/><AGARI ba="2,2" hai="27,29,34,47,51,54,59,62,66,68,71,78,81,87" machi="34" ten="20,2700,0" yaku="1,1,0,1,7,1,53,0" doraHai="105" doraHaiUra="133" who="3" fromWho="3" sc="279,-9,233,-9,242,-15,226,53" /><INIT seed="3,0,0,5,2,42" ten="270,224,227,279" oya="3" hai0="9,66,119,7,93,22,127,113,41,18,16,117,68" hai1="21,130,114,92,85,89,84,73,128,103,32,19,31" hai2="76,116,34,20,53,44,77,5,82,104,135,65,56" hai3="99,100,111,55,109,13,29,25,8,91,64,60,47"/><W87/><G47/><T67/><D113/><U105/><E114/><V102/><F104/><W124/><G55/><T59/><D127/><U10/><E73/><V27/><F102/><W4/><G124/><T39/><D93/><U6/><E84/><V72/><F116/><W40/><G40/><T80/><D18/><U0/><E103/><V75/><F34/><W86/><G60/><T132/><D68/><U95/><E95/><V131/><F131/><N who="1" m="50217" /><E105/><V88/><F135/><W57/><G57/><T97/><D97/><U83/><E92/><V69/><F5/><W118/><G64/><T74/><D132/><U70/><E70/><V43/><F69/><W71/><G71/><T35/><D35/><U17/><E32/><V107/><F107/><N who="3" m="63903" /><G91/><T125/><D125/><U112/><E112/><V2/><F2/><W45/><G118/><T101/><D101/><U120/><E120/><V52/><F65/><W129/><G129/><T36/><D36/><U11/><E11/><V81/><F56/><W61/><G86/><T94/><D94/><U110/><E110/><V48/><F88/><W126/><G87/><T3/><D117/><U30/><E17/><AGARI ba="0,0" hai="17,20,27,43,44,48,52,53,72,75,76,77,81,82" machi="17" ten="30,7700,0" yaku="7,1,9,1,52,1,54,1" doraHai="42" who="2" fromWho="1" sc="270,0,224,-77,227,77,279,0" owari="270,-13.0,147,-35.0,304,40.0,279,8.0" /></mjloggm>