<mjloggm ver="2.3"><GO type="41" lobby="0"/><UN n0="%E3%82%88%E3%81%A3%E3%81%97%E3%82%83%E3%81%82%E3%81%81%E3%81%81%E3%81%81" n1="%E3%81%8B%E3%81%B9%E3%81%A1%E3%83%BC" n2="%E3%81%BE%E3%82%8B%E3%81%9F%E3%82%8D%E3%81%86" n3="%E5%B0%B1%E6%B4%BB%E7%94%9F%40%E5%B7%9D%E6%9D%91%E8%BB%8D%E5%9B%A3" dan="13,14,14,15" rate="1881.13,1927.45,1977.78,2058.60" sx="M,M,M,M"/><TAIKYOKU oya="0"/><INIT seed="0,0,0,4,5,106" ten="250,250,250,250" oya="0" hai0="41,5,71,125,31,48,43,110,34,40,38,84,68" hai1="132,116,80,76,37,50,55,135,52,62,6,9,45" hai2="96,23,112,7,85,2,16,18,119,108,61,36,118" hai3="32,14,99,100,17,65,134,79,133,86,126,0,22"/><T25/><D125/><U102/><E102/><V20/><F36/><W81/><G32/><T78/><D110/><U128/><E116/><N who="2" m="44587" /><F112/><W105/><G0/><T29/><D5/><U10/><E128/><V82/><F108/><W30/><G30/><T114/><D114/><U93/><E93/><V49/><F96/><W127/><REACH who="3" step="1"/><G65/><REACH who="3" ten="250,250,250,240" step="2"/><T26/><D38/><U42/><E37/><V72/><F2/><W113/><G113/><T58/><D78/><U83/><E135/><AGARI ba="0,1" hai="14,17,22,79,81,86,99,100,105,126,127,133,134,135" machi="135" ten="40,2600,0" yaku="1,1,20,1,53,0" doraHai="106" doraHaiUra="60" who="3" fromWho="1" sc="250,0,250,-26,250,0,240,36" /><INIT seed="1,0,0,4,2,30" ten="250,224,250,276" oya="1" hai0="22,78,20,100,34,115,111,108,98,62,44,61,114" hai1="71,91,110,90,2,14,19,10,5,74,45,117,52" hai2="124,29,107,68,104,38,3,58,121,133,103,72,66" hai3="87,25,88,35,64,102,109,85,42,33,120,128,82"/><U28/><E117/><V16/><F68/><W9/><G120/><T21/><D78/><U12/><E71/><V18/><F121/><W65/><G42/><T54/><D44/><U86/><E74/><V83/><F38/><W48/><G102/><T122/><D122/><U1/><E28/><V94/><F3/><W84/><G48/><T131/><D54/><U41/><E110/><N who="0" m="42025" /><D131/><U57/><E45/><V67/><F29/><W11/><G109/><T4/><D4/><U73/><E41/><V125/><F133/><W113/><G113/><N who="0" m="43019" /><D34/><U50/><E73/><V97/><F72/><W26/><G128/><T119/><D119/><U24/><E24/><N who="3" m="9322" /><G88/><T118/><D118/><U39/><E39/><V77/><F77/><W53/><G53/><T23/><N who="0" m="5632" /><DORA hai="59" /><T27/><D27/><U127/><E127/><N who="2" m="48715" /><F83/><W112/><G82/><T31/><D31/><U63/><E1/><V15/><F67/><N who="3" m="25675" /><G112/><T99/><D100/><U51/><E2/><V81/><F81/><W8/><AGARI ba="0,0" hai="8,9,11,33,35,84,85,87" m="25675,9322" machi="8" ten="40,8000,1" yaku="28,2,52,2" doraHai="30,59" who="3" fromWho="3" sc="250,-20,224,-40,250,-20,276,80" /><INIT seed="2,0,0,0,3,23" ten="230,184,230,356" oya="2" hai0="48,3,51,4,122,71,108,99,66,63,19,45,92" hai1="111,59,40,121,42,84,16,12,20,113,55,114,53" hai2="27,47,91,131,76,74,80,90,15,28,102,1,69" hai3="18,22,11,50,75,106,39,105,37,87,24,57,70"/><V56/><F1/><W62/><G75/><T119/><D122/><U124/><E111/><V54/><F69/><W44/><G70/><T100/><D119/><U2/><E121/><V32/><F131/><W97/><G87/><T94/><D108/><U95/><E124/><V34/><F34/><W64/><G11/><T89/><D19/><U79/><E2/><V85/><F102/><W112/><G112/><T132/><D132/><U81/><E113/><V101/><F101/><W88/><G105/><T0/><D4/><U29/><E114/><V125/><F125/><W73/><G73/><T93/><D51/><U8/><E95/><V68/><F68/><W61/><G61/><T83/><D83/><U33/><E33/><V133/><F133/><W134/><G134/><T5/><D5/><U110/><E110/><V86/><F47/><W67/><G67/><T43/><D94/><U52/><REACH who="1" step="1"/><E59/><REACH who="1" ten="230,174,230,356" step="2"/><V35/><F35/><W7/><G106/><T58/><REACH who="0" step="1"/><D58/><REACH who="0" ten="220,174,230,356" step="2"/><U117/><E117/><V128/><F56/><W65/><G57/><T9/><D9/><U17/><E17/><V120/><F120/><W96/><G18/><T127/><D127/><U123/><E123/><V129/><F129/><W118/><G118/><T21/><D21/><U115/><E115/><V41/><F128/><W46/><G22/><T36/><D36/><U78/><E78/><V103/><F76/><W98/><G37/><T82/><D82/><U77/><E77/><V126/><F80/><W130/><G39/><T14/><D14/><U107/><E107/><V10/><F126/><W38/><G130/><RYUUKYOKU ba="0,2" sc="220,15,174,15,230,-15,356,-15" hai0="0,3,43,45,48,63,66,71,89,92,93,99,100" hai1="8,12,16,20,29,40,42,52,53,55,79,81,84" /><INIT seed="3,1,2,2,5,60" ten="235,189,215,341" oya="3" hai0="59,123,133,31,29,69,40,74,39,66,80,43,1" hai1="49,72,33,92,4,63,93,87,34,26,42,111,130" hai2="99,0,76,79,113,13,2,61,55,121,115,64,18" hai3="30,23,122,10,16,20,127,118,21,53,125,73,7"/><W24/><G73/><T51/><D123/><U78/><E72/><V70/><F121/><W25/><G122/><T102/><D1/><U5/><E111/><V46/><F99/><W94/><G94/><T17/><D133/><U131/><E63/><V129/><F129/><N who="1" m="49161" /><E78/><V135/><F135/><W11/><G53/><T120/><D102/><U9/><E5/><V6/><F79/><W50/><G50/><T3/><D80/><U68/><E68/><V44/><F76/><W32/><G11/><T119/><D3/><N who="1" m="159" /><E87/><V35/><F35/><N who="1" m="13321" /><E26/><V90/><F90/><W71/><G71/><T8/><D74/><U38/><E38/><V52/><F6/><W27/><G118/><T108/><D39/><U132/><E132/><V100/><F100/><W77/><G77/><T58/><D108/><U81/><E81/><V48/><F0/><N who="3" m="359" /><G25/><T97/><D119/><U104/><E104/><V22/><F2/><W57/><G57/><T117/><D117/><U110/><E110/><V106/><F106/><W105/><G105/><T28/><D120/><U116/><E116/><V67/><F67/><W45/><G45/><AGARI ba="1,2" hai="42,45,49,92,93" m="13321,159,49161" machi="45" ten="30,1000,0" yaku="19,1" doraHai="60" who="1" fromWho="3" sc="235,0,189,33,215,0,341,-13" /><INIT seed="4,0,0,3,4,51" ten="235,222,215,328" oya="0" hai0="49,75,12,123,93,124,0,85,25,122,64,125,131" hai1="60,90,102,88,21,101,112,129,54,107,134,11,130" hai2="99,83,3,72,104,55,45,126,109,50,71,91,5" hai3="1,58,27,53,87,110,66,24,9,63,14,116,82"/><T34/><D0/><U36/><E36/><V133/><F71/><W17/><G110/><T47/><D75/><U6/><E21/><V2/><F109/><W48/><G1/><T43/><D64/><U7/><E7/><V128/><F128/><N who="1" m="49257" /><E134/><V121/><F133/><W70/><REACH who="3" step="1"/><G116/><REACH who="3" ten="235,222,215,318" step="2"/><T38/><D131/><U95/><E112/><V59/><F3/><W84/><G84/><T10/><D85/><U8/><E107/><V39/><F104/><W61/><G61/><T118/><D118/><U89/><E60/><V65/><F72/><W29/><G29/><T35/><D122/><U40/><E101/><V106/><F121/><W119/><G119/><T4/><D123/><U127/><E102/><V115/><F106/><W46/><G46/><T105/><D105/><U62/><E62/><V57/><F45/><W114/><G114/><T120/><D120/><U113/><E113/><V132/><F132/><W22/><G22/><T33/><D93/><U68/><E95/><V103/><F2/><W79/><AGARI ba="0,1" hai="9,14,17,24,27,48,53,58,63,66,70,79,82,87" machi="79" ten="20,5200,0" yaku="1,1,0,1,7,1,52,1,53,0" doraHai="51" doraHaiUra="28" who="3" fromWho="3" sc="235,-26,222,-13,215,-13,318,62" /><INIT seed="5,0,0,4,1,18" ten="209,209,202,380" oya="1" hai0="60,127,48,46,3,31,115,64,82,121,10,68,91" hai1="65,122,73,35,41,76,133,106,50,12,112,42,78" hai2="21,113,84,98,56,32,87,88,118,85,62,72,109" hai3="22,57,8,17,69,86,111,40,59,11,4,5,33"/><U52/><E122/><V19/><F72/><W100/><G33/><T54/><D121/><U123/><E123/><V34/><F109/><W71/><G111/><T0/><D115/><U70/><E35/><V124/><F118/><W102/><G71/><T9/><D127/><U108/><E112/><V25/><F124/><W28/><G69/><T66/><D31/><U15/><E108/><V89/><F113/><W20/><G40/><T26/><D26/><U38/><E106/><V63/><F63/><W30/><G86/><T97/><D82/><U131/><E131/><V128/><F128/><W37/><REACH who="3" step="1"/><G17/><REACH who="3" ten="209,209,202,370" step="2"/><T120/><D120/><U101/><E38/><AGARI ba="0,1" hai="4,5,8,11,20,22,28,30,37,38,57,59,100,102" machi="38" ten="25,12000,2" yaku="1,1,2,1,22,2,52,2,53,0" doraHai="18" doraHaiUra="90" who="3" fromWho="1" sc="209,0,209,-120,202,0,370,130" /><INIT seed="6,0,0,4,3,121" ten="209,89,202,500" oya="2" hai0="74,73,49,94,6,131,117,135,133,92,1,127,48" hai1="63,122,70,123,87,40,67,41,45,59,27,60,105" hai2="13,103,3,104,68,130,7,8,0,96,69,58,79" hai3="126,115,21,47,71,52,28,33,76,86,75,109,9"/><V93/><F130/><W42/><G109/><T111/><D6/><U106/><E27/><V44/><F79/><W53/><G33/><T108/><D1/><U36/><E87/><V124/><F124/><W84/><G71/><T110/><D127/><U129/><E105/><V118/><F118/><W30/><G115/><T32/><D117/><U88/><E88/><V22/><F104/><W90/><G126/><T17/><D17/><U12/><E12/><V112/><F112/><W107/><G107/><T55/><D32/><U25/><E25/><V134/><F134/><N who="0" m="51210" /><D131/><U31/><E31/><V81/><F81/><N who="3" m="47143" /><G75/><N who="0" m="28683" /><D55/><N who="3" m="21065" /><G21/><T101/><D101/><U61/><E106/><V125/><F125/><W10/><G47/><T2/><D2/><U65/><E129/><V62/><F44/><W24/><G42/><T20/><D20/><U38/><REACH who="1" step="1"/><E63/><REACH who="1" ten="209,79,202,500" step="2"/><V19/><F3/><W57/><G24/><T77/><D77/><U26/><E26/><V5/><F5/><W119/><G30/><T29/><D29/><U100/><E100/><V95/><F95/><AGARI ba="0,1" hai="48,49,92,94,95,108,110,111" m="28683,51210" machi="95" ten="40,12000,2" yaku="28,2,20,1,52,3" doraHai="121" who="0" fromWho="2" sc="209,130,79,0,202,-120,500,0" /><INIT seed="7,0,0,1,4,23" ten="339,79,82,500" oya="3" hai0="39,2,63,53,116,44,25,125,106,97,81,42,0" hai1="82,91,133,80,1,121,4,65,67,122,104,32,135" hai2="113,28,50,107,120,85,57,7,132,94,111,123,27" hai3="72,89,90,35,83,76,33,92,128,86,69,20,73"/><W56/><G69/><T16/><D116/><U12/><E104/><V100/><F111/><W47/><G128/><T84/><D125/><U55/><E32/><N who="2" m="20511" /><F107/><W110/><G110/><T18/><D106/><U51/><E1/><V46/><F113/><W29/><G73/><T43/><D97/><U49/><E49/><V60/><F7/><W70/><G70/><T6/><D43/><U37/><E37/><V24/><F24/><W9/><G9/><T112/><D112/><U36/><E36/><V5/><F5/><W22/><G47/><T41/><D42/><U101/><E101/><V30/><F30/><W124/><G124/><T118/><D118/><U8/><E91/><N who="2" m="53615" /><F100/><W19/><G56/><T31/><D6/><U58/><E82/><V38/><F38/><W99/><G29/><T127/><D127/><U88/><E88/><V105/><F105/><W95/><G22/><T108/><D108/><U134/><E80/><V129/><F129/><W34/><G34/><T74/><D74/><U54/><E54/><N who="2" m="33847" /><F132/><W115/><G115/><T109/><D109/><U119/><E119/><V126/><F126/><W10/><G10/><T52/><D0/><U48/><E48/><V79/><F79/><W102/><G102/><T21/><D2/><U87/><E87/><V14/><F14/><AGARI ba="0,0" hai="14,19,20,33,35,72,76,83,86,89,90,92,95,99" machi="14" ten="30,1500,0" yaku="7,1" doraHai="23" who="3" fromWho="2" sc="339,0,79,0,82,-15,500,15" owari="339,14.0,79,-32.0,67,-43.0,515,61.0" /></mjloggm>