<mjloggm ver="2.3"><GO type="41" lobby="0"/><UN n0="%62%61%6E%74%65%31" n1="%E3%83%AB%E3%82%BF%E3%82%B9%E3%82%B1" n2="%E5%B0%B1%E6%B4%BB%E7%94%9F%40%E5%B7%9D%E6%9D%91%E8%BB%8D%E5%9B%A3" n3="%E2%80%BB%34%33%33%E2%80%BB" dan="13,15,15,15" rate="1885.76,2017.35,2003.19,1996.62" sx="M,M,M,M"/><TAIKYOKU oya="0"/><INIT seed="0,0,0,5,5,133" ten="250,250,250,250" oya="0" hai0="13,52,106,28,128,39,7,111,97,75,42,47,95" hai1="132,44,63,61,91,80,131,49,64,70,92,68,54" hai2="129,5,101,73,23,60,125,48,34,4,26,45,29" hai3="115,82,109,27,114,22,11,83,33,20,121,12,31"/><T122/><D122/><U74/><E132/><V123/><F123/><W127/><G83/><T113/><D75/><U66/><E131/><V81/><F129/><W8/><G82/><T3/><D128/><U135/><E135/><V37/><F37/><W78/><G78/><T57/><D106/><U130/><E130/><V17/><F101/><W14/><G121/><T69/><D69/><U21/><E21/><N who="3" m="8298" /><G109/><T56/><D3/><U94/><REACH who="1" step="1"/><E91/><REACH who="1" ten="250,240,250,250" step="2"/><V71/><F34/><W134/><G134/><T84/><D28/><U76/><AGARI ba="0,1" hai="44,49,54,61,63,64,66,68,70,74,76,80,92,94" machi="76" ten="30,7900,0" yaku="1,1,2,1,0,1,9,1,53,0" doraHai="133" doraHaiUra="100" who="1" fromWho="1" sc="250,-39,240,89,250,-20,250,-20" /><INIT seed="1,0,0,2,2,32" ten="211,329,230,230" oya="1" hai0="47,41,99,80,50,91,30,66,105,103,126,110,43" hai1="107,115,56,64,122,90,13,118,135,96,3,45,20" hai2="114,73,92,61,1,10,27,102,101,93,26,100,132" hai3="54,85,58,33,23,74,12,44,75,113,71,6,40"/><U60/><E122/><V24/><F73/><W46/><G33/><T106/><D110/><U130/><E118/><V18/><F114/><W31/><G71/><T7/><D126/><U2/><E115/><V49/><F132/><W86/><G113/><T19/><D106/><U38/><E135/><V59/><F49/><W62/><G44/><T81/><D43/><U125/><E125/><V21/><F1/><W87/><G6/><T79/><D66/><U129/><E38/><V65/><REACH who="2" step="1"/><F10/><REACH who="2" ten="211,329,220,230" step="2"/><W63/><G63/><T82/><D91/><U11/><E45/><V36/><F36/><W15/><G75/><T121/><D121/><U83/><E20/><V48/><F48/><N who="3" m="26695" /><G74/><T134/><D134/><U77/><E2/><V127/><F127/><W124/><G124/><T133/><D133/><U39/><E39/><V29/><F29/><W42/><G42/><T89/><D89/><U53/><E3/><V57/><F57/><W112/><G112/><T97/><D30/><U84/><E77/><V94/><AGARI ba="0,1" hai="18,21,24,26,27,59,61,65,92,93,94,100,101,102" machi="94" ten="30,4000,0" yaku="1,1,0,1,8,1,53,0" doraHai="32" doraHaiUra="68" who="2" fromWho="2" sc="211,-10,329,-20,220,50,230,-10" /><INIT seed="2,0,0,2,3,115" ten="201,309,270,220" oya="2" hai0="46,134,82,49,106,75,91,97,38,10,71,111,54" hai1="20,0,127,17,123,131,132,92,98,124,119,39,84" hai2="110,32,66,6,77,67,35,27,121,74,15,103,104" hai3="102,45,8,130,118,47,16,37,113,41,128,40,2"/><V50/><F121/><W85/><G113/><T61/><D111/><U68/><E68/><V14/><F110/><W11/><G102/><T80/><D134/><U112/><E39/><V107/><F50/><W31/><G31/><T4/><D38/><U62/><E112/><V122/><F122/><W22/><G85/><T42/><D75/><U125/><E119/><V94/><F27/><W109/><G109/><T133/><D133/><U101/><E123/><V29/><F29/><W21/><G2/><T93/><D106/><U90/><E132/><V30/><F30/><W88/><G37/><T96/><D96/><U57/><E0/><V55/><F94/><W26/><G26/><T129/><D129/><U19/><E131/><V12/><F6/><W72/><G72/><T7/><D7/><U120/><E120/><V114/><F114/><W56/><G56/><N who="0" m="34967" /><D71/><U69/><E69/><V52/><F74/><W44/><G44/><T95/><D95/><U48/><E48/><V70/><F70/><W5/><G5/><T65/><D65/><N who="2" m="24586" /><F103/><W116/><G88/><T89/><D89/><U87/><E17/><AGARI ba="0,0" hai="8,11,16,17,21,22,40,41,45,47,116,118,128,130" machi="17" ten="25,8000,1" yaku="22,2,52,2,54,1" doraHai="115" who="3" fromWho="1" sc="201,0,309,-80,270,0,220,80" /><INIT seed="3,0,0,0,0,113" ten="201,229,270,300" oya="3" hai0="103,7,63,91,12,134,4,73,64,94,29,21,14" hai1="108,39,0,68,58,41,59,48,53,72,89,106,37" hai2="62,3,117,60,51,81,57,2,99,90,26,70,97" hai3="131,17,107,13,95,75,135,54,52,47,49,102,50"/><W116/><G107/><T23/><D73/><U127/><E72/><V129/><F70/><W133/><G75/><T87/><D134/><N who="3" m="51209" /><G116/><T22/><D29/><U27/><E106/><V92/><F117/><W45/><G131/><T30/><D30/><U55/><E0/><V32/><F32/><W16/><G13/><N who="0" m="5227" /><D103/><U125/><E27/><V105/><F26/><W82/><G82/><T15/><N who="0" m="5235" /><T77/><DORA hai="31" /><D77/><U19/><E19/><N who="3" m="7242" /><G95/><T33/><D33/><U128/><E89/><V100/><F129/><W115/><G102/><T8/><D8/><U24/><E24/><V10/><F10/><W80/><G80/><T1/><D1/><U56/><E128/><V78/><F51/><W18/><N who="3" m="7250" /><W101/><DORA hai="69" /><G101/><T5/><D63/><U35/><E35/><V42/><F62/><W20/><G20/><T34/><D34/><U38/><E68/><V71/><F71/><W88/><G115/><T96/><D64/><U119/><E108/><V120/><F3/><W40/><G40/><T76/><D76/><U110/><E110/><V11/><F42/><W84/><G84/><AGARI ba="0,0" hai="4,5,7,21,22,23,84,87,91,94,96" m="5235" machi="84" ten="40,1300,0" yaku="8,1" doraHai="113,31,69" who="0" fromWho="3" sc="201,13,229,0,270,0,300,-13" /><INIT seed="4,0,0,5,2,34" ten="214,229,270,287" oya="0" hai0="1,81,133,46,90,69,67,30,105,0,104,11,66" hai1="55,14,115,78,62,26,98,107,111,124,126,122,92" hai2="80,61,123,120,127,125,117,84,33,2,28,41,134" hai3="86,73,4,58,16,128,18,130,83,113,118,63,53"/><T129/><D129/><N who="3" m="49769" /><G118/><T42/><D133/><U8/><E122/><N who="2" m="46635" /><F41/><W116/><G116/><T7/><D30/><U94/><E111/><V47/><F47/><W93/><G113/><T60/><D67/><U37/><E37/><V24/><F117/><W131/><N who="3" m="49777" /><W72/><DORA hai="38" /><G4/><T135/><D0/><U106/><E78/><N who="2" m="46103" /><F61/><W5/><G5/><T48/><REACH who="0" step="1"/><D135/><REACH who="0" ten="204,229,270,287" step="2"/><U15/><E115/><V91/><F134/><W19/><G93/><T49/><D49/><U101/><E92/><V112/><F112/><W108/><G108/><T35/><D35/><U22/><E106/><V76/><F2/><W65/><G65/><T39/><D39/><U88/><E126/><V54/><F28/><W17/><N who="3" m="4096" /><DORA hai="119" /><W43/><G43/><T103/><D103/><U89/><E124/><V114/><F33/><W52/><G53/><T100/><D100/><U121/><E121/><V99/><F54/><W23/><G23/><T132/><D132/><U71/><E107/><V70/><F114/><W77/><AGARI ba="0,1" hai="52,58,63,72,73,77,83,86" m="4096,49777" machi="77" ten="60,7900,0" yaku="19,1,54,2" doraHai="34,38,119" who="3" fromWho="3" sc="204,-39,229,-20,270,-20,287,89" /><INIT seed="5,0,0,0,5,81" ten="165,209,250,376" oya="1" hai0="34,1,124,73,108,98,39,103,59,45,100,99,120" hai1="116,87,89,55,92,109,129,8,46,5,70,82,131" hai2="17,27,25,121,64,20,74,30,58,22,28,105,61" hai3="13,41,110,79,117,6,130,125,10,67,75,24,78"/><U66/><E116/><V86/><F121/><W106/><G117/><T2/><D120/><U88/><E109/><V26/><F74/><W83/><G110/><T50/><D108/><U18/><E18/><V44/><F105/><W60/><G130/><N who="1" m="49674" /><E66/><V56/><F44/><W36/><G125/><T132/><D124/><U51/><E70/><V48/><F48/><W7/><G106/><T11/><D73/><U21/><E21/><N who="2" m="15407" /><F56/><W63/><G6/><T57/><D34/><U119/><E119/><V32/><F32/><W69/><G78/><T15/><D39/><U77/><E92/><V33/><F33/><W16/><G63/><T14/><D50/><U90/><E90/><V114/><F114/><W38/><G41/><T29/><D45/><U104/><E104/><V76/><F76/><W94/><G94/><T112/><D29/><U115/><E115/><V37/><F37/><W84/><G75/><T134/><D112/><U135/><E135/><V102/><F102/><W4/><G4/><T133/><D133/><U91/><E77/><V65/><F65/><W53/><G53/><T123/><D123/><U127/><E127/><V126/><F126/><W122/><G122/><T52/><REACH who="0" step="1"/><D11/><REACH who="0" ten="155,209,250,376" step="2"/><U47/><E46/><V3/><F30/><W111/><G111/><T0/><D0/><AGARI ba="0,1" hai="0,5,8,47,51,55,82,87,88,89,91" m="49674" machi="0" ten="30,5800,0" yaku="19,1,52,1,54,1" doraHai="81" who="1" fromWho="0" sc="155,-58,209,68,250,0,376,0" /><INIT seed="5,1,0,1,4,117" ten="97,277,250,376" oya="1" hai0="53,60,4,83,67,40,92,127,82,114,52,132,87" hai1="130,129,11,81,59,91,84,135,57,43,44,47,62" hai2="88,38,10,46,76,7,23,69,37,133,85,112,125" hai3="90,65,9,99,104,15,16,63,32,89,78,34,120"/><U20/><E135/><V66/><F133/><W123/><G78/><T12/><D132/><U128/><E20/><V111/><F111/><W126/><G126/><T115/><D127/><U39/><E62/><V105/><F105/><W33/><G104/><T131/><D131/><U86/><E11/><V95/><F125/><W45/><G45/><T72/><D72/><U64/><E64/><V61/><F112/><N who="0" m="43050" /><D40/><U14/><E14/><V77/><F23/><W98/><G98/><T134/><D134/><U109/><E109/><V18/><F18/><W26/><G26/><T51/><D4/><U58/><E44/><V124/><F124/><W56/><REACH who="3" step="1"/><G99/><REACH who="3" ten="97,277,250,366" step="2"/><T22/><D22/><U96/><E96/><V2/><F46/><W93/><G93/><T31/><D31/><U110/><E110/><V68/><F76/><W36/><G36/><T21/><D21/><U41/><E43/><V24/><F77/><W54/><G54/><N who="0" m="21099" /><D51/><U6/><E6/><V118/><F24/><W119/><G119/><T75/><D75/><U79/><E86/><V49/><F49/><W97/><G97/><T55/><N who="0" m="21107" /><T70/><DORA hai="108" /><D12/><U113/><REACH who="1" step="1"/><E79/><REACH who="1" ten="97,267,250,366" step="2"/><V27/><F27/><W100/><G100/><T106/><D106/><U121/><E121/><AGARI ba="1,2" hai="9,15,16,32,33,34,56,63,65,89,90,120,121,123" machi="121" ten="50,8000,1" yaku="1,1,52,3,54,1,53,0" doraHai="117,108" doraHaiUra="35,122" who="3" fromWho="1" sc="97,0,267,-83,250,0,366,103" /><INIT seed="6,0,0,1,1,72" ten="97,184,250,469" oya="2" hai0="71,53,40,110,69,16,108,67,38,47,115,97,114" hai1="124,118,39,7,5,23,4,113,92,127,68,22,96" hai2="86,64,131,87,11,132,122,99,74,17,0,93,133" hai3="52,55,78,104,32,134,112,107,42,109,135,45,15"/><V35/><F35/><W18/><G32/><T89/><D16/><U76/><E118/><V25/><F74/><W98/><G78/><T91/><D97/><U20/><E39/><V65/><F122/><W50/><G112/><N who="0" m="43051" /><D91/><U88/><E113/><V34/><F34/><W61/><G109/><N who="0" m="42091" /><D89/><U79/><E68/><N who="0" m="26185" /><D67/><U70/><E70/><V95/><F0/><W10/><G98/><T111/><N who="0" m="42099" /><T33/><DORA hai="51" /><D33/><U13/><REACH who="1" step="1"/><E13/><REACH who="1" ten="97,174,250,469" step="2"/><V121/><F121/><W1/><G15/><T57/><D57/><U24/><E24/><V19/><F25/><W43/><G1/><T126/><D126/><AGARI ba="0,1" hai="4,5,7,20,22,23,76,79,88,92,96,124,126,127" machi="126" ten="50,8000,1" yaku="1,1,18,1,52,2,54,1,53,0" doraHai="72,51" doraHaiUra="49,60" who="1" fromWho="0" sc="97,-80,174,90,250,0,469,0" /><INIT seed="7,0,0,5,0,33" ten="17,264,250,469" oya="3" hai0="120,104,69,96,73,114,20,99,53,129,34,27,97" hai1="107,113,86,61,28,67,18,12,130,13,36,75,76" hai2="88,51,118,5,77,108,101,119,30,87,6,65,123" hai3="0,42,23,59,55,16,56,112,131,125,66,50,85"/><W81/><G55/><T25/><D69/><U58/><E36/><V52/><F108/><W64/><G16/><T90/><D120/><U70/><E107/><V17/><F123/><W79/><G85/><T37/><D104/><U54/><E130/><V11/><F119/><W133/><G56/><T29/><D37/><U121/><E121/><V45/><F118/><W41/><G59/><T4/><D129/><U57/><E70/><V21/><F65/><W91/><G50/><T7/><D114/><U128/><E113/><V14/><F101/><W39/><G91/><T2/><D73/><U126/><E126/><V68/><F68/><W60/><G23/><T127/><D127/><U38/><E38/><V48/><F77/><W115/><G60/><T35/><D53/><U19/><E75/><V63/><F63/><W82/><G133/><T49/><D49/><N who="1" m="30927" /><E128/><V8/><F48/><W95/><G39/><T103/><D90/><U22/><E28/><V10/><F30/><W47/><G79/><T93/><D7/><U98/><E98/><V40/><F40/><W105/><G41/><T9/><D35/><U3/><E3/><V109/><F109/><W43/><G42/><T92/><REACH who="0" step="1"/><D93/><AGARI ba="0,0" hai="5,6,8,10,11,14,17,21,45,51,52,87,88,93" machi="93" ten="40,5200,0" yaku="8,1,54,2" doraHai="33" who="2" fromWho="0" sc="17,-52,264,0,250,52,469,0" owari="-35,-54.0,264,-14.0,302,10.0,469,58.0" /></mjloggm>