<mjloggm ver="2.3"><GO type="97" lobby="0"/><UN n0="%E3%83%88%E3%83%88%E3%83%AA%E5%85%88%E7%94%9F%31%39%E6%AD%B3" n1="%6C%65%65" n2="%79%61%75%74%74%69" n3="%E3%81%86%E3%81%89%E3%82%93%E5%8E%A8" dan="14,15,14,15" rate="2016.20,2011.04,1939.31,2018.57" sx="F,F,M,M"/><TAIKYOKU oya="0"/><INIT seed="0,0,0,2,2,125" ten="250,250,250,250" oya="0" hai0="131,6,118,100,116,13,133,95,123,54,43,65,15" hai1="35,5,14,3,29,21,40,68,101,93,78,70,96" hai2="90,47,129,24,81,17,18,73,85,58,72,50,36" hai3="55,53,23,31,105,1,74,46,41,51,83,39,89"/><T22/><D123/><U56/><E78/><V12/><F36/><W11/><G105/><T80/><D133/><U115/><E115/><V88/><F129/><W99/><G31/><T48/><D43/><U106/><E106/><V2/><F2/><W111/><G23/><T76/><D131/><U52/><E35/><V102/><F102/><W7/><G111/><T38/><D38/><U37/><E3/><V97/><F58/><W64/><G64/><T113/><D113/><U82/><E82/><V49/><F49/><W45/><G99/><T119/><D6/><U86/><E86/><V75/><F75/><W124/><G89/><T42/><D42/><U67/><E5/><V57/><F57/><W0/><G0/><T8/><D8/><U27/><E14/><V87/><F97/><W9/><G9/><T44/><D65/><U120/><E120/><V110/><F24/><W59/><G124/><T66/><D66/><U61/><REACH who="1" step="1"/><E52/><REACH who="1" ten="250,240,250,250" step="2"/><V30/><F110/><W132/><G132/><T108/><D108/><U34/><E34/><V71/><F71/><W28/><G53/><T92/><D92/><U33/><E33/><V103/><F12/><W20/><G59/><T107/><D107/><U91/><E91/><V10/><F10/><W32/><G32/><T134/><D134/><U122/><E122/><V63/><F50/><W109/><G109/><T126/><D126/><U25/><E25/><V117/><F47/><AGARI ba="0,1" hai="21,27,29,37,40,47,56,61,67,68,70,93,96,101" machi="47" ten="40,5200,0" yaku="1,1,25,2,53,0" doraHai="125" doraHaiUra="104" who="1" fromWho="2" sc="250,0,240,62,250,-52,250,0" /><INIT seed="1,0,0,0,3,95" ten="250,302,198,250" oya="1" hai0="7,19,62,53,118,11,73,15,57,87,28,37,81" hai1="76,54,135,41,126,29,94,70,8,113,117,59,111" hai2="74,38,3,46,13,98,130,18,102,40,83,112,75" hai3="6,123,128,2,99,110,45,127,49,32,30,120,108"/><U47/><E117/><V133/><F3/><W116/><G127/><T4/><D118/><U89/><E113/><V90/><F130/><W63/><G116/><T101/><D37/><U68/><E126/><V82/><F133/><W16/><G128/><T26/><D73/><U80/><E135/><V71/><F71/><W34/><G63/><T10/><D10/><U64/><E29/><V119/><F119/><W72/><G72/><T92/><D92/><U31/><E31/><V36/><F36/><W20/><G30/><T17/><D101/><U27/><E27/><V25/><F25/><N who="3" m="14471" /><G2/><T14/><D14/><U85/><E8/><V106/><F112/><W66/><G66/><T39/><D39/><U69/><E111/><N who="3" m="42538" /><G6/><T12/><D12/><U107/><E107/><V78/><F90/><W67/><G67/><T44/><D7/><U48/><E64/><V84/><REACH who="2" step="1"/><F82/><REACH who="2" ten="250,302,188,250" step="2"/><W103/><G123/><T131/><D131/><U9/><E69/><V79/><F79/><W100/><G120/><T24/><D24/><U104/><E70/><V0/><F0/><W132/><G132/><T93/><D81/><U43/><E80/><V1/><F1/><W114/><G114/><T134/><D134/><U22/><E76/><V109/><F109/><W129/><G129/><T60/><D26/><U122/><E68/><V61/><F61/><W50/><G103/><T21/><D62/><U125/><E89/><V97/><F97/><W96/><G100/><T23/><D28/><U91/><E91/><V52/><F52/><N who="3" m="29743" /><G50/><T88/><D60/><U86/><E48/><V35/><F35/><AGARI ba="0,1" hai="32,34,35,96,99" m="29743,42538,14471" machi="35" ten="30,12000,2" yaku="6,1,14,1,52,2,54,2" doraHai="95" who="3" fromWho="2" sc="250,0,302,0,188,-120,250,130" /><INIT seed="2,0,0,5,1,84" ten="250,302,68,380" oya="2" hai0="42,110,16,41,101,103,70,28,20,99,118,107,29" hai1="69,7,49,19,106,127,43,125,50,40,134,89,112" hai2="72,26,57,80,11,86,46,120,73,93,91,66,61" hai3="6,60,96,68,22,95,12,38,56,119,32,97,31"/><V115/><F115/><W24/><G38/><T123/><D123/><U76/><E76/><V0/><F120/><W130/><G119/><T133/><D70/><U94/><E106/><V77/><F26/><W64/><G130/><T117/><D110/><U18/><E7/><V90/><F90/><W3/><G68/><T2/><D2/><U74/><E69/><V131/><F131/><W63/><G60/><T30/><D103/><U27/><E74/><V85/><REACH who="2" step="1"/><F46/><REACH who="2" ten="250,302,58,380" step="2"/><W45/><G45/><T13/><D117/><U82/><E89/><V48/><F48/><W25/><G25/><T58/><D118/><U122/><E27/><V88/><F88/><W44/><G44/><T15/><D30/><U83/><E122/><V104/><F104/><W4/><G24/><T135/><D29/><U14/><E112/><V21/><F21/><W124/><G31/><T126/><D28/><U108/><E50/><V113/><F113/><W37/><G22/><T71/><D107/><U109/><E49/><V132/><F132/><W121/><G121/><T87/><D133/><U39/><E134/><V52/><F52/><W81/><G37/><T9/><D135/><U116/><E39/><V54/><F54/><W17/><G32/><T100/><D20/><U62/><E116/><V53/><F53/><W79/><G63/><T92/><D101/><U5/><E62/><V105/><F105/><W111/><G64/><T128/><D128/><U47/><E47/><V129/><F129/><W65/><G65/><T1/><D100/><U59/><E108/><V55/><F55/><W75/><G111/><RYUUKYOKU ba="0,1" sc="250,-10,302,-10,58,30,380,-10" hai2="0,11,57,61,66,72,73,77,80,85,86,91,93" /><INIT seed="2,1,1,5,3,20" ten="240,292,88,370" oya="2" hai0="58,8,11,2,60,112,71,128,48,56,31,78,84" hai1="125,22,67,34,88,119,135,116,90,43,42,54,61" hai2="50,130,76,0,92,3,131,79,35,81,24,41,101" hai3="19,134,109,100,47,93,52,75,77,53,70,129,123"/><V99/><F41/><W120/><G109/><T91/><D112/><U122/><E125/><V28/><F50/><W32/><G70/><T12/><D128/><N who="2" m="49194" /><F76/><W45/><G32/><T46/><D78/><U118/><E135/><V68/><F68/><W38/><G38/><T62/><D71/><U33/><E122/><V14/><F14/><W6/><G77/><T114/><D114/><U23/><E54/><V95/><F95/><W63/><G93/><N who="0" m="54503" /><D2/><U115/><E116/><V10/><F10/><W29/><G53/><N who="0" m="33871" /><D31/><U89/><E115/><V57/><F57/><N who="3" m="35239" /><G29/><T18/><D11/><U25/><E119/><V73/><AGARI ba="1,1" hai="0,3,24,28,35,73,79,81,92,99,101" m="49194" machi="73" ten="30,3000,0" yaku="19,1,52,1" doraHai="20" who="2" fromWho="2" sc="240,-11,292,-11,88,43,370,-11" /><INIT seed="2,2,0,5,2,75" ten="229,281,131,359" oya="2" hai0="9,37,96,50,54,5,106,102,98,10,40,103,108" hai1="4,74,15,26,60,104,123,25,57,12,134,35,95" hai2="83,33,130,73,46,30,58,116,93,56,21,97,111" hai3="22,39,62,115,89,19,129,44,124,126,80,99,86"/><V64/><F116/><W133/><G129/><T107/><D108/><U7/><E104/><V135/><F33/><W132/><G115/><T101/><D101/><U51/><E74/><V122/><F130/><W59/><G99/><T3/><D10/><U27/><E134/><N who="3" m="51818" /><G44/><T128/><D128/><U17/><E123/><V91/><F122/><W72/><G72/><T125/><D125/><U41/><E95/><V34/><F135/><W110/><G39/><T23/><D37/><U82/><E82/><V61/><F34/><W45/><G45/><T1/><D40/><U77/><E41/><V42/><F111/><W87/><G87/><T127/><D127/><U52/><E35/><V16/><F30/><W66/><G110/><T67/><D67/><N who="1" m="39311" /><E77/><V24/><F73/><W131/><G131/><T32/><D32/><U119/><E119/><V88/><F83/><W120/><G120/><T38/><D38/><U81/><E81/><V114/><F114/><W118/><G118/><T8/><D3/><U70/><E70/><V18/><F18/><W69/><G69/><T71/><D71/><U2/><E2/><V90/><F58/><W47/><G47/><N who="0" m="27999" /><D5/><N who="1" m="2123" /><E17/><V121/><F121/><W31/><G31/><T13/><D1/><U79/><E79/><V105/><F105/><W28/><G28/><T84/><D84/><U6/><E6/><V14/><F14/><AGARI ba="2,0" hai="14,19,22,59,62,66,80,86,89,124,126" m="51818" machi="14" ten="30,1000,0" yaku="20,1" doraHai="75" who="3" fromWho="2" sc="229,0,281,0,131,-16,359,16" /><INIT seed="3,0,0,4,4,99" ten="229,281,115,375" oya="3" hai0="118,127,48,53,70,80,90,84,106,77,133,20,6" hai1="10,17,49,132,115,0,89,36,112,102,100,75,121" hai2="52,85,44,69,41,31,122,32,129,14,21,93,108" hai3="62,55,2,7,74,50,87,9,124,131,28,19,45"/><W11/><G74/><T65/><D133/><U83/><E132/><V66/><F122/><W113/><G113/><T109/><D109/><U107/><E121/><V16/><F129/><W8/><G28/><T123/><D123/><U105/><E36/><V23/><F108/><W22/><G124/><T96/><D127/><U134/><E134/><V125/><F125/><W56/><G87/><T33/><D33/><U126/><E126/><V135/><F135/><W63/><G63/><T58/><D118/><U54/><E107/><V39/><F69/><W82/><G82/><T40/><D6/><U15/><E105/><V78/><F66/><W59/><G59/><T13/><D40/><U120/><E120/><V24/><F93/><W117/><G117/><T92/><D106/><U12/><E0/><V64/><F64/><W103/><G103/><T3/><D3/><U46/><E75/><V71/><F71/><W91/><G91/><T1/><D1/><U116/><E116/><V4/><F4/><W104/><G104/><T25/><D65/><U114/><E15/><V97/><F97/><W38/><G38/><T61/><D13/><U98/><E98/><V88/><F78/><W35/><G35/><T95/><D95/><U81/><E81/><V51/><F88/><W34/><G2/><T5/><D70/><U119/><E119/><V101/><F85/><AGARI ba="0,0" hai="10,12,17,46,49,54,83,85,89,100,102,112,114,115" machi="85" ten="40,8000,1" yaku="25,2,52,2" doraHai="99" who="1" fromWho="2" sc="229,0,281,80,115,-80,375,0" owari="229,-17.0,361,16.0,35,-46.0,375,47.0" /></mjloggm>