<mjloggm ver="2.3"><GO type="169" lobby="0"/><UN n0="%55%52%41%4E" n1="%E3%83%88%E3%83%88%E3%83%AA%E5%85%88%E7%94%9F%31%39%E6%AD%B3" n2="%E3%83%AC%E3%83%87%E3%82%B9%E3%83%9E" n3="%74%6F%6D%75%74%6F%6D%69" dan="16,17,16,16" rate="2069.58,2215.67,2157.21,2089.43" sx="M,F,M,M"/><TAIKYOKU oya="0"/><INIT seed="0,0,0,0,4,7" ten="250,250,250,250" oya="0" hai0="80,2,60,135,22,10,40,29,95,46,116,62,134" hai1="5,111,88,3,101,85,66,124,120,91,17,81,99" hai2="39,68,129,70,71,8,131,105,107,96,61,74,4" hai3="33,35,44,42,18,55,118,86,45,12,73,89,20"/><T97/><D116/><U103/><E120/><V23/><F74/><W13/><G73/><T79/><D29/><U34/><E34/><V31/><F39/><W49/><G13/><T121/><D121/><U114/><E111/><V104/><F96/><W28/><G28/><T58/><D22/><U15/><E124/><V51/><F51/><W110/><G110/><T64/><D60/><U56/><E114/><V11/><F61/><W0/><G0/><T37/><D2/><U54/><E66/><V30/><F23/><W87/><G86/><T9/><D134/><U53/><E3/><V126/><F126/><W47/><G45/><T133/><D133/><U92/><E5/><V57/><F57/><W48/><G118/><T36/><D36/><U21/><REACH who="1" step="1"/><E54/><REACH who="1" ten="250,240,250,250" step="2"/><V108/><F108/><W16/><G18/><T132/><D132/><U102/><E102/><V67/><F67/><W69/><G69/><T106/><D135/><U72/><E72/><V119/><F119/><W93/><AGARI ba="0,1" hai="12,16,20,33,35,42,44,47,48,49,55,87,89,93" machi="93" ten="20,2700,0" yaku="0,1,7,1,54,1" doraHai="7" who="3" fromWho="3" sc="250,-13,240,-7,250,-7,250,37" /><INIT seed="1,0,0,3,0,52" ten="237,233,243,287" oya="1" hai0="57,50,106,101,49,115,91,45,2,110,58,89,30" hai1="73,39,41,79,22,105,10,96,92,38,132,34,71" hai2="93,13,63,104,67,12,68,77,122,90,114,102,7" hai3="62,84,95,53,100,119,109,88,86,113,131,65,99"/><U107/><E34/><V81/><F122/><W55/><G113/><T121/><D2/><U54/><E71/><V51/><F114/><W116/><G109/><T125/><D115/><U1/><E132/><V61/><F61/><W75/><G75/><T111/><D30/><U130/><E130/><V69/><F69/><W83/><G131/><T76/><D76/><U60/><E22/><V112/><F112/><W46/><G46/><T78/><D78/><U72/><E54/><V108/><F108/><N who="0" m="41514" /><D125/><U0/><E60/><V28/><F28/><W82/><G119/><T5/><D5/><N who="1" m="1319" /><E1/><V117/><F117/><W33/><G33/><T134/><D134/><U43/><E43/><V56/><F7/><W124/><G124/><T8/><D8/><U129/><E129/><V26/><F26/><W127/><G127/><T11/><D11/><U19/><E19/><V31/><F31/><W42/><G42/><N who="0" m="24759" /><D50/><U37/><E41/><V85/><F51/><W94/><G94/><T35/><D35/><U133/><E133/><V97/><REACH who="2" step="1"/><F68/><REACH who="2" ten="237,233,233,287" step="2"/><W44/><G116/><T17/><D17/><U32/><E38/><V24/><F24/><W16/><G44/><T21/><D121/><U123/><E123/><V120/><F120/><W87/><G16/><T23/><D23/><U20/><E20/><V25/><F25/><W48/><G48/><T18/><D18/><U27/><E39/><V126/><F126/><W118/><G118/><T6/><D21/><U70/><E37/><V64/><F64/><W36/><G36/><T128/><D128/><U103/><E32/><V4/><F4/><RYUUKYOKU ba="0,1" sc="237,-10,233,-10,233,30,287,-10" hai2="12,13,56,63,67,77,81,85,90,93,97,102,104" /><INIT seed="2,1,1,0,2,52" ten="227,223,263,277" oya="2" hai0="118,45,21,5,59,101,71,82,26,1,112,38,11" hai1="47,25,2,106,98,116,9,66,63,15,57,133,70" hai2="44,67,46,111,130,99,127,39,88,32,49,117,80" hai3="22,89,64,123,110,134,108,28,54,34,23,36,132"/><V104/><F117/><W68/><G123/><T69/><D112/><U10/><E116/><V85/><F32/><W56/><G36/><T20/><D118/><U94/><E106/><V42/><F130/><W62/><G89/><T102/><D82/><U90/><E133/><N who="3" m="51306" /><G34/><T30/><D71/><U125/><E125/><V126/><F111/><N who="3" m="42539" /><G28/><T113/><D69/><U114/><E114/><V61/><F99/><W3/><G3/><T14/><D113/><U43/><E2/><V31/><F31/><W93/><G93/><T109/><D109/><U51/><E25/><V78/><F104/><W19/><G19/><T75/><D75/><U72/><E72/><V65/><F78/><W122/><G122/><T58/><D38/><U124/><E124/><N who="2" m="47659" /><F61/><AGARI ba="1,1" hai="22,23,54,56,61,62,64,68" m="42539,51306" machi="61" ten="30,3900,0" yaku="20,1,14,1,52,1" doraHai="52" who="3" fromWho="2" sc="227,0,223,0,263,-42,277,52" /><INIT seed="3,0,0,3,4,90" ten="227,223,221,329" oya="3" hai0="130,51,52,117,116,74,39,38,37,59,76,23,73" hai1="10,28,62,114,123,81,110,99,122,47,58,25,6" hai2="103,78,87,93,124,79,49,134,127,106,102,85,107" hai3="42,54,44,29,88,91,45,67,120,0,21,40,31"/><W16/><G0/><T96/><D130/><U69/><E69/><V119/><F49/><N who="3" m="28967" /><G67/><T111/><D111/><U83/><E114/><V32/><F32/><W4/><G4/><T22/><D96/><U109/><E47/><V48/><F48/><N who="3" m="26663" /><G42/><T95/><D74/><U43/><E43/><V125/><F119/><W14/><G120/><T46/><D73/><U71/><E71/><V1/><F1/><W64/><G64/><T20/><D76/><N who="2" m="29226" /><F134/><W94/><G91/><T18/><D18/><U70/><E70/><V34/><F34/><W55/><G55/><T15/><D15/><N who="1" m="5591" /><E123/><V61/><F61/><W24/><G24/><T12/><D12/><U129/><E129/><V9/><F9/><W105/><G105/><N who="2" m="39945" /><F93/><W115/><G115/><T104/><D104/><U89/><E58/><V100/><AGARI ba="0,0" hai="85,87,100,102,103,124,125,127" m="39945,29226" machi="100" ten="40,8000,1" yaku="28,2,18,1,34,2" doraHai="90" who="2" fromWho="2" sc="227,-20,223,-20,221,80,329,-40" /><INIT seed="4,0,0,5,1,98" ten="207,203,301,289" oya="0" hai0="44,59,132,71,16,51,118,122,80,32,45,101,21" hai1="88,97,19,42,54,110,130,84,33,129,87,43,63" hai2="70,46,4,5,81,24,60,0,52,127,7,48,18" hai3="121,91,66,134,3,29,72,111,117,17,133,8,131"/><T119/><D122/><U34/><E110/><V28/><F127/><W99/><G117/><T26/><D32/><N who="1" m="12395" /><E19/><V79/><F0/><W35/><G72/><T103/><D71/><U78/><E54/><V1/><F1/><W37/><G37/><T107/><D107/><U74/><E63/><V95/><F95/><W50/><G111/><T106/><D106/><U53/><E53/><V113/><F113/><W126/><G126/><T67/><D132/><N who="3" m="50793" /><G131/><N who="1" m="50186" /><E74/><V55/><F18/><W92/><G66/><T135/><D135/><U36/><E36/><V64/><F55/><W58/><G58/><T102/><D118/><U25/><E25/><V96/><F96/><W10/><G50/><T73/><D119/><U9/><E9/><V57/><F24/><N who="3" m="18855" /><G121/><T93/><D93/><N who="1" m="56487" /><E78/><V40/><F28/><W15/><G3/><T62/><REACH who="0" step="1"/><D51/><REACH who="0" ten="197,203,301,289" step="2"/><U86/><AGARI ba="0,1" hai="42,43,84,86,87" m="56487,50186,12395" machi="86" ten="40,2700,0" yaku="19,1,54,1" doraHai="98" who="1" fromWho="1" sc="197,-13,203,37,301,-7,289,-7" /><INIT seed="5,0,0,1,4,25" ten="184,240,294,282" oya="1" hai0="50,58,16,57,34,21,55,45,98,108,33,127,15" hai1="60,39,117,12,54,126,119,4,120,106,23,66,92" hai2="85,46,112,110,49,94,19,131,13,111,47,40,81" hai3="129,20,30,79,52,64,56,132,26,91,80,87,73"/><U109/><E120/><V84/><F131/><W75/><G129/><T5/><D108/><U8/><E106/><V27/><F112/><W0/><G0/><T29/><D127/><U67/><E39/><V35/><F94/><W1/><G1/><T99/><D5/><U51/><E126/><V24/><F47/><W86/><G64/><T103/><D98/><U133/><E109/><V96/><F96/><W63/><G132/><T69/><D69/><U128/><E128/><V62/><F62/><W48/><G63/><T78/><D78/><U113/><E133/><V65/><F65/><W77/><G79/><T116/><D116/><U18/><E113/><V32/><F27/><W68/><G68/><T43/><D29/><U44/><E67/><V17/><F17/><W36/><G36/><T76/><D76/><U6/><E92/><AGARI ba="0,0" hai="20,26,30,48,52,56,73,75,77,80,86,87,91,92" machi="92" ten="30,3900,0" yaku="7,1,52,1,54,1" doraHai="25" who="3" fromWho="1" sc="184,0,240,-39,294,0,282,39" /><INIT seed="6,0,0,5,1,116" ten="184,201,294,321" oya="2" hai0="103,126,19,70,80,5,78,30,86,56,85,77,114" hai1="41,104,75,94,135,82,44,111,128,79,13,69,47" hai2="120,0,32,14,121,113,62,49,66,26,54,133,60" hai3="127,125,99,39,124,6,59,12,16,112,10,89,110"/><V52/><F0/><W101/><G110/><T134/><D70/><U11/><E111/><V72/><F72/><W90/><G39/><T97/><D114/><U45/><E104/><V43/><F14/><W109/><G109/><T38/><D38/><U102/><E69/><N who="2" m="42199" /><F26/><W76/><G76/><T93/><D126/><U100/><E128/><V3/><F32/><W20/><G59/><T68/><D68/><U88/><E135/><V8/><F8/><W115/><G101/><T117/><D117/><U105/><E41/><V65/><F3/><N who="3" m="351" /><G99/><T132/><D5/><U15/><E15/><V1/><F1/><W87/><G87/><N who="0" m="33291" /><D30/><U25/><E25/><V31/><F31/><W24/><G24/><T73/><D19/><U107/><E107/><V28/><F28/><W4/><G4/><T67/><D67/><U22/><E105/><V58/><F113/><AGARI ba="0,0" hai="12,16,20,89,90,112,113,115,124,125,127" m="351" machi="113" ten="40,8000,1" yaku="15,1,11,1,18,1,54,1" doraHai="116" who="3" fromWho="2" sc="184,0,201,0,294,-80,321,80" /><INIT seed="7,0,0,5,3,117" ten="184,201,214,401" oya="3" hai0="73,43,6,45,16,133,46,15,129,47,9,105,132" hai1="114,60,64,59,109,54,77,58,23,111,108,31,134" hai2="30,128,135,33,5,102,116,65,41,118,72,3,22" hai3="48,18,36,37,83,29,87,121,115,10,67,96,62"/><W40/><G121/><T11/><D73/><U52/><E77/><V42/><F22/><W100/><G115/><T119/><D105/><U93/><E114/><V74/><F42/><W34/><G29/><T103/><D119/><N who="2" m="45610" /><F135/><N who="0" m="51786" /><D103/><U81/><E81/><V24/><F128/><W38/><G34/><T76/><D76/><U90/><E134/><V80/><F80/><W94/><G48/><N who="0" m="26687" /><D129/><U122/><E122/><V57/><F102/><W82/><G40/><T92/><D92/><U91/><E64/><V25/><F41/><W0/><G87/><T69/><D69/><U98/><E90/><V71/><F57/><W120/><G120/><T56/><D56/><U19/><E31/><V26/><F30/><W88/><G100/><T28/><D28/><U95/><E95/><V4/><F33/><W79/><G79/><T68/><D68/><U49/><E111/><V84/><F71/><W99/><G99/><T35/><D35/><U63/><E49/><V44/><F74/><W123/><G123/><T2/><AGARI ba="0,0" hai="2,6,9,11,15,16,46,47" m="26687,51786" machi="2" ten="30,2000,0" yaku="20,1,54,1" doraHai="117" who="0" fromWho="0" sc="184,20,201,-5,214,-5,401,-10" owari="204,-20.0,196,-30.0,209,1.0,391,49.0" /></mjloggm>