<mjloggm ver="2.3"><GO type="169" lobby="0"/><UN n0="%72%79%6F%E2%80%A6%31%35" n1="%E3%82%A6%E3%83%AB%E3%83%88%E3%83%A9%E7%AB%8B%E7%9B%B4" n2="%5A%5A%5A%5A%5A" n3="%61%6C%75%63%61%72%64" dan="18,17,16,17" rate="2185.81,2212.19,2139.36,2088.20" sx="M,M,M,M"/><TAIKYOKU oya="0"/><INIT seed="0,0,0,2,3,38" ten="250,250,250,250" oya="0" hai0="12,18,116,27,37,24,69,120,95,108,73,64,66" hai1="10,30,48,98,121,16,47,124,60,128,119,59,92" hai2="72,46,49,58,13,36,115,117,68,81,61,123,54" hai3="89,102,11,93,57,71,101,51,80,50,134,106,25"/><T44/><D116/><U43/><E121/><V87/><F72/><W63/><G71/><T103/><D73/><U17/><E119/><V53/><F117/><W32/><G106/><T84/><D120/><U67/><E124/><V14/><F115/><W0/><G134/><T107/><D107/><U99/><E128/><V52/><F123/><W45/><G80/><T3/><D3/><U74/><E74/><V111/><F111/><W42/><G51/><T6/><D6/><U5/><E30/><V75/><F75/><W96/><G32/><T55/><D108/><U4/><E99/><V65/><F36/><W122/><G122/><T100/><D69/><U76/><E76/><N who="2" m="46503" /><F68/><W90/><G25/><T94/><D103/><U2/><REACH who="1" step="1"/><E5/><REACH who="1" ten="250,240,250,250" step="2"/><V83/><F83/><W127/><G127/><T35/><D84/><U97/><E97/><V133/><F133/><W33/><G96/><T78/><D78/><U104/><E104/><V114/><F114/><W9/><G102/><AGARI ba="0,1" hai="2,4,10,16,17,43,47,48,59,60,67,92,98,102" machi="102" ten="30,7700,0" yaku="1,1,7,1,52,1,54,1,53,0" doraHai="38" doraHaiUra="135" who="1" fromWho="3" sc="250,0,240,87,250,0,250,-77" /><INIT seed="1,0,0,5,1,3" ten="250,327,250,173" oya="1" hai0="54,62,64,133,33,44,28,57,25,46,107,108,10" hai1="26,18,99,83,24,127,105,124,37,66,94,67,91" hai2="75,59,68,17,89,115,42,50,77,43,109,60,87" hai3="129,85,23,9,41,80,84,104,102,40,82,134,61"/><U11/><E37/><V20/><F115/><W56/><G129/><T86/><D108/><U19/><E105/><V34/><F109/><W58/><G134/><T119/><D119/><U103/><E103/><V117/><F117/><W88/><G104/><T112/><D112/><U55/><E83/><V35/><F68/><W48/><G102/><T126/><D133/><U16/><E55/><V31/><F77/><W98/><G98/><T92/><D107/><U118/><E118/><V131/><F131/><W22/><G9/><T38/><D38/><U49/><E49/><V123/><F123/><W106/><G106/><T53/><D126/><N who="1" m="48171" /><E11/><V51/><F75/><W110/><G110/><T90/><D53/><U73/><E73/><V74/><F74/><W7/><G48/><T39/><D39/><U2/><E2/><V72/><F72/><W4/><G61/><T113/><D113/><U79/><E79/><V1/><F1/><W96/><G96/><T111/><D111/><U14/><E14/><V47/><F51/><W116/><G116/><T63/><REACH who="0" step="1"/><D10/><REACH who="0" ten="240,327,250,173" step="2"/><U8/><E8/><V81/><F42/><W5/><REACH who="3" step="1"/><G5/><REACH who="3" ten="240,327,250,163" step="2"/><T125/><D125/><U114/><E114/><V45/><F43/><W52/><G52/><T30/><D30/><U15/><E67/><V130/><F31/><W13/><G13/><T120/><D120/><U0/><E0/><V122/><F122/><W100/><G100/><T101/><D101/><U121/><E121/><V70/><F130/><W78/><G78/><T97/><D97/><U65/><E15/><V76/><F76/><W95/><G95/><RYUUKYOKU ba="0,2" sc="240,10,327,10,250,-30,163,10" hai0="25,28,33,44,46,54,57,62,63,64,86,90,92" hai1="16,18,19,24,26,65,66,91,94,99" hai3="4,7,22,23,40,41,56,58,80,82,84,85,88" /><INIT seed="1,1,2,0,1,75" ten="250,337,220,173" oya="1" hai0="6,0,129,101,128,7,76,68,85,107,17,125,70" hai1="114,133,81,22,92,25,109,27,24,66,117,51,12" hai2="23,57,113,38,112,53,16,94,80,93,64,59,45" hai3="97,135,34,98,123,29,71,58,79,118,105,67,106"/><U103/><E117/><V28/><F28/><W18/><G123/><T32/><D32/><U116/><E116/><V37/><F64/><W77/><G118/><T9/><D7/><U55/><E114/><N who="2" m="44139" /><F80/><W115/><G115/><T36/><D36/><N who="2" m="13930" /><F45/><W42/><G42/><T110/><D17/><U108/><E66/><V84/><F84/><W52/><G18/><T21/><D21/><U31/><E133/><V56/><F53/><W69/><G29/><T54/><D54/><U44/><E81/><V11/><F11/><W83/><G67/><T78/><D110/><N who="1" m="42603" /><E12/><AGARI ba="1,2" hai="12,16,23,56,57,59,93,94" m="13930,44139" machi="12" ten="40,2600,0" yaku="11,1,54,1" doraHai="75" who="2" fromWho="1" sc="250,0,337,-29,220,49,173,0" /><INIT seed="2,0,0,0,5,111" ten="250,308,269,173" oya="2" hai0="19,75,18,134,58,102,108,65,35,28,26,5,99" hai1="39,79,3,76,113,31,105,72,87,110,6,93,44" hai2="77,14,125,126,63,73,81,83,36,121,71,82,2" hai3="25,51,53,69,43,15,100,11,117,132,131,114,23"/><V129/><F2/><W112/><G117/><T4/><D108/><U95/><E110/><V52/><F36/><W97/><G69/><T80/><D134/><U68/><E31/><V66/><F121/><W48/><G43/><T20/><D75/><U109/><E68/><V9/><F129/><W29/><G131/><T24/><D80/><U86/><E109/><V127/><REACH who="2" step="1"/><F52/><REACH who="2" ten="250,308,259,173" step="2"/><W40/><G53/><T62/><D19/><AGARI ba="0,1" hai="9,14,19,63,66,71,73,77,81,82,83,125,126,127" machi="19" ten="40,12000,1" yaku="1,1,2,1,18,1,53,1" doraHai="111" doraHaiUra="59" who="2" fromWho="0" sc="250,-120,308,0,259,130,173,0" /><INIT seed="2,1,0,5,1,26" ten="130,308,389,173" oya="2" hai0="114,28,57,118,60,119,111,108,115,14,48,94,36" hai1="15,135,13,12,109,10,9,32,40,52,98,131,92" hai2="123,85,70,54,132,6,35,27,78,33,34,110,91" hai3="37,122,133,67,68,127,84,21,117,87,120,0,81"/><V113/><F123/><W58/><G0/><T62/><D94/><U43/><E32/><V69/><F113/><N who="0" m="43018" /><D14/><U1/><E1/><V45/><F132/><W22/><G117/><N who="0" m="44555" /><D28/><U31/><E109/><N who="0" m="42057" /><D36/><U129/><E135/><V80/><F110/><W41/><G133/><T124/><D124/><U11/><E31/><V112/><F112/><W79/><G127/><T90/><D90/><U104/><E92/><V76/><F6/><W23/><G84/><T17/><D17/><U128/><E98/><V42/><F54/><AGARI ba="1,0" hai="48,54,57,60,62" m="42057,44555,43018" machi="54" ten="40,8000,1" yaku="12,1,14,1,34,2" doraHai="26" who="0" fromWho="2" sc="130,83,308,0,389,-83,173,0" /><INIT seed="3,0,0,0,2,23" ten="213,308,306,173" oya="3" hai0="100,0,82,84,99,29,55,98,19,27,135,134,88" hai1="91,28,76,128,21,96,24,63,107,18,67,8,80" hai2="105,64,60,16,92,57,32,54,130,51,109,26,14" hai3="133,103,33,66,121,97,20,30,37,38,10,52,56"/><W129/><G33/><T3/><D19/><U22/><E128/><V44/><F130/><W132/><G121/><T124/><D55/><U78/><E8/><V111/><F105/><W125/><G129/><T122/><D122/><U25/><E107/><V1/><F1/><N who="0" m="586" /><D100/><U123/><E123/><V46/><F92/><N who="3" m="58791" /><G10/><T61/><D61/><U50/><E50/><V110/><F32/><W85/><G85/><T104/><D104/><U79/><E96/><V13/><F46/><W73/><G73/><T36/><D36/><N who="3" m="13929" /><G125/><T53/><D53/><U59/><REACH who="1" step="1"/><E91/><REACH who="1" ten="213,298,306,173" step="2"/><V41/><F41/><W93/><G133/><N who="0" m="50699" /><D124/><U127/><E127/><V119/><F119/><W9/><G132/><T113/><D113/><U71/><E71/><V58/><F44/><W90/><G9/><T75/><D75/><AGARI ba="0,1" hai="18,21,22,24,25,28,59,63,67,75,76,78,79,80" machi="75" ten="30,7700,0" yaku="1,1,7,1,52,2,53,0" doraHai="23" doraHaiUra="48" who="1" fromWho="0" sc="213,-77,298,87,306,0,173,0" /><INIT seed="4,0,0,5,2,83" ten="136,385,306,173" oya="0" hai0="10,74,75,19,69,28,48,3,94,133,93,123,65" hai1="13,90,88,116,99,127,16,103,11,87,4,49,109" hai2="52,108,104,2,67,1,22,66,64,124,129,59,63" hai3="105,78,91,86,9,61,35,32,57,43,71,53,36"/><T106/><D106/><U0/><E109/><V131/><F108/><W42/><G105/><T92/><D123/><U30/><E116/><V25/><F104/><W96/><G78/><T44/><D28/><U76/><E127/><V14/><F14/><W37/><G96/><T12/><D133/><U119/><E119/><V55/><F55/><W7/><G71/><T132/><D132/><U85/><E76/><V118/><F124/><W46/><G42/><T34/><D34/><U77/><E77/><V115/><F115/><W107/><G37/><T54/><REACH who="0" step="1"/><D3/><REACH who="0" ten="126,385,306,173" step="2"/><U40/><E30/><N who="2" m="17719" /><F118/><W89/><G107/><T51/><D51/><U20/><E49/><V31/><F31/><W29/><G29/><T97/><D97/><U23/><E0/><V70/><F70/><W79/><G35/><T47/><D47/><U33/><E33/><V18/><F2/><W68/><G32/><T6/><D6/><U122/><E4/><V41/><F1/><W27/><G68/><T50/><D50/><U135/><E135/><V102/><F18/><W84/><G7/><T98/><D98/><U112/><E99/><V39/><F39/><W121/><G121/><T58/><D58/><U73/><E122/><V134/><F59/><W101/><G57/><T120/><D120/><U21/><E16/><V8/><F134/><W60/><G46/><T17/><D17/><U80/><E103/><V81/><F102/><W82/><G101/><T26/><D26/><U38/><E38/><V110/><F110/><W111/><G27/><T95/><N who="0" m="23552" /><DORA hai="114" /><T113/><D113/><U130/><E112/><RYUUKYOKU ba="0,1" sc="126,30,385,-10,306,-10,173,-10" hai0="10,12,19,44,48,54,65,69,74,75" /><INIT seed="4,1,1,2,2,21" ten="156,375,296,163" oya="0" hai0="4,27,39,93,63,31,115,82,102,35,71,67,133" hai1="132,40,1,97,32,128,61,18,59,112,9,38,120" hai2="94,54,111,85,90,8,104,44,110,52,7,123,41" hai3="103,79,51,86,29,118,89,14,92,95,26,46,24"/><T68/><D39/><U129/><E32/><V77/><F123/><W33/><G118/><T11/><D115/><U74/><E74/><V17/><F17/><W22/><G79/><T99/><D133/><U49/><E40/><V58/><F104/><W113/><G113/><T34/><D82/><U130/><E38/><V60/><F54/><W108/><G108/><T57/><REACH who="0" step="1"/><D35/><REACH who="0" ten="146,375,296,163" step="2"/><U109/><E112/><V30/><F111/><W69/><G69/><T23/><D23/><U107/><E109/><V127/><F110/><W5/><G33/><T134/><D134/><U62/><E132/><V87/><F127/><W73/><G73/><T20/><D20/><U64/><E120/><V122/><F122/><W105/><G22/><T126/><D126/><U66/><E129/><V131/><F131/><W72/><G72/><T101/><D101/><U124/><E130/><V45/><F8/><N who="3" m="4367" /><G29/><T10/><D10/><U117/><E9/><V76/><F30/><W36/><G36/><T53/><D53/><U96/><E128/><V65/><F52/><N who="3" m="29815" /><G105/><T56/><D56/><U83/><E59/><V106/><F58/><W0/><G0/><AGARI ba="1,2" hai="0,4,11,27,31,34,57,63,67,68,71,93,99,102" machi="0" ten="30,5800,0" yaku="1,1,7,1,52,1,53,0" doraHai="21" doraHaiUra="114" who="0" fromWho="3" sc="146,81,375,0,296,0,163,-61" /><INIT seed="4,2,0,3,4,19" ten="227,375,296,102" oya="0" hai0="70,49,32,9,72,20,94,16,46,103,57,60,100" hai1="54,104,77,113,119,96,24,87,64,84,99,67,79" hai2="56,17,33,59,8,92,76,58,127,95,40,117,71" hai3="2,121,83,68,27,81,88,125,114,48,110,129,4"/><T111/><D72/><U34/><E24/><V112/><F127/><W66/><G125/><T53/><D70/><U52/><E104/><V105/><F112/><W132/><G114/><T98/><D32/><U130/><E113/><V74/><F105/><W107/><G107/><T55/><D111/><U93/><E93/><V134/><F71/><W13/><G2/><T108/><D108/><U50/><E50/><V38/><F33/><W102/><G68/><T128/><D128/><U106/><E106/><V80/><F134/><W118/><G129/><T86/><D86/><U0/><E34/><V14/><REACH who="2" step="1"/><F117/><REACH who="2" ten="227,375,286,102" step="2"/><W10/><G118/><T69/><D69/><U29/><E119/><V123/><F123/><W51/><G132/><T41/><D9/><U101/><E130/><V75/><F75/><W97/><G110/><T45/><D45/><AGARI ba="2,1" hai="8,14,17,38,40,45,56,58,59,74,76,80,92,95" machi="45" ten="40,1300,0" yaku="1,1,53,0" doraHai="19" doraHaiUra="131" who="2" fromWho="0" sc="227,-19,375,0,286,29,102,0" /><INIT seed="5,0,0,2,5,92" ten="208,375,315,102" oya="1" hai0="10,13,55,116,122,51,108,85,125,63,4,111,70" hai1="61,43,132,73,29,53,19,71,93,12,126,48,6" hai2="18,1,7,128,59,106,81,121,65,102,76,36,17" hai3="46,101,82,131,117,98,79,77,62,16,84,38,87"/><U58/><E73/><V45/><F121/><W72/><G131/><T66/><D116/><U120/><E120/><V24/><F128/><W56/><G117/><T64/><D122/><U9/><E126/><V130/><F130/><W11/><G38/><T113/><D113/><U32/><E132/><V86/><F1/><W44/><G72/><T20/><D125/><U25/><E43/><V31/><F7/><W41/><G41/><T103/><D66/><U133/><E133/><V99/><F45/><W42/><G42/><T35/><D35/><U34/><E71/><V69/><F36/><W26/><G84/><T52/><D55/><U114/><E114/><V95/><F95/><N who="3" m="58591" /><G79/><T127/><D127/><U49/><E34/><N who="2" m="20839" /><F59/><W112/><G112/><T3/><D85/><U97/><REACH who="1" step="1"/><E6/><REACH who="1" ten="208,365,315,102" step="2"/><V91/><F76/><W110/><G110/><T90/><D111/><U94/><E94/><V68/><F68/><W33/><G33/><T107/><D108/><U83/><E83/><V115/><F115/><W60/><G82/><T104/><D70/><U23/><E23/><V80/><F80/><W27/><G77/><T14/><D20/><U119/><E119/><V5/><F5/><W37/><G11/><T74/><D74/><U100/><AGARI ba="0,1" hai="9,12,19,25,29,32,48,49,53,58,61,93,97,100" machi="100" ten="20,12000,1" yaku="1,1,0,1,7,1,52,1,53,1" doraHai="92" doraHaiUra="28" who="1" fromWho="1" sc="208,-40,365,130,315,-40,102,-40" /><INIT seed="5,1,0,3,2,19" ten="168,495,275,62" oya="1" hai0="11,134,16,49,131,116,118,111,34,72,1,112,24" hai1="127,102,52,77,25,64,115,30,107,83,29,95,110" hai2="132,88,121,0,5,86,114,14,129,59,9,81,75" hai3="78,101,20,68,47,93,62,28,79,84,60,43,63"/><U17/><E107/><V104/><F121/><W91/><G68/><T26/><D72/><U45/><E64/><V123/><F123/><W90/><G101/><T94/><D94/><U39/><E39/><V119/><F119/><N who="0" m="45610" /><D49/><U54/><E127/><V96/><F129/><W87/><G47/><T13/><D131/><U122/><E115/><V120/><F120/><W76/><G43/><T61/><D61/><U117/><E117/><V82/><F132/><W89/><G93/><T100/><D100/><U41/><E110/><V3/><F114/><W12/><G12/><T37/><D37/><U108/><E108/><V50/><F75/><W35/><G35/><T65/><D65/><U98/><E122/><V109/><F109/><W18/><G18/><T40/><D40/><U44/><E41/><V74/><F104/><W51/><G51/><T69/><D69/><U6/><E54/><V38/><F38/><W135/><G135/><T66/><D66/><U97/><E97/><V32/><F32/><W31/><G20/><T10/><D111/><U70/><E45/><V27/><F96/><W22/><G22/><T56/><D56/><U99/><E99/><V80/><F74/><W105/><G105/><T128/><D128/><U33/><E70/><V103/><F103/><W85/><AGARI ba="1,0" hai="28,31,60,62,63,76,78,79,84,85,87,89,90,91" machi="85" ten="40,32000,5" yakuman="40" doraHai="19" who="3" fromWho="3" sc="168,-81,495,-161,275,-81,62,323" /><INIT seed="6,0,0,3,5,59" ten="87,334,194,385" oya="2" hai0="14,62,119,126,60,106,100,113,2,112,128,64,35" hai1="73,70,0,9,92,28,54,104,18,76,134,93,131" hai2="81,102,24,16,7,79,67,57,17,121,69,130,51" hai3="23,80,6,11,42,75,10,31,3,97,68,103,124"/><V123/><F130/><W115/><G68/><T41/><D128/><U95/><E104/><V36/><F102/><W129/><G42/><T127/><D2/><U21/><E131/><V71/><F36/><W94/><G124/><N who="0" m="47659" /><D35/><U63/><E134/><V65/><F7/><W49/><G115/><N who="0" m="44107" /><D119/><U132/><E132/><V53/><F123/><W38/><G38/><T13/><D41/><U86/><E73/><V52/><F121/><W34/><G49/><T33/><D33/><U47/><E28/><V58/><F24/><W118/><G75/><T30/><D30/><U32/><E32/><V87/><F71/><W98/><G31/><T114/><N who="0" m="44115" /><T77/><DORA hai="125" /><D77/><U5/><E76/><V40/><F40/><W74/><G34/><T135/><D135/><U39/><E70/><V91/><F79/><W105/><G3/><T8/><D64/><N who="2" m="24650" /><F69/><W101/><G118/><T108/><D108/><U12/><E39/><V83/><F83/><W133/><G80/><T66/><D66/><U122/><E122/><V43/><F43/><W50/><G133/><T37/><D37/><U44/><E0/><V116/><F116/><W61/><G129/><T72/><D72/><U1/><E1/><V20/><F20/><W78/><G23/><T26/><D26/><U89/><E21/><V22/><F22/><W96/><G74/><T99/><D14/><U111/><E111/><V90/><F90/><W85/><G78/><T110/><D110/><U56/><E5/><AGARI ba="0,0" hai="5,8,13,60,62,99,100,106" m="44115,47659" machi="5" ten="40,8000,1" yaku="18,1,15,1,52,2" doraHai="59,125" who="0" fromWho="1" sc="87,80,334,-80,194,0,385,0" /><INIT seed="7,0,0,2,3,121" ten="167,254,194,385" oya="3" hai0="29,79,54,129,57,109,14,56,107,115,49,134,127" hai1="69,53,30,95,2,28,27,87,112,50,65,43,119" hai2="38,51,91,90,20,68,67,23,126,78,35,135,22" hai3="82,70,24,77,17,100,114,75,4,124,10,5,131"/><W74/><G70/><T0/><D107/><U106/><E53/><V61/><F135/><W88/><G114/><T25/><D0/><U83/><E50/><V85/><F126/><W41/><G131/><T60/><D129/><U102/><E87/><V39/><F35/><W8/><G100/><T13/><D127/><U46/><E95/><V84/><F51/><W9/><G75/><T97/><D134/><U123/><E27/><V33/><F33/><W58/><G41/><T26/><D115/><U42/><E46/><V31/><F31/><W108/><G58/><T72/><D109/><U45/><E102/><V64/><F78/><W94/><G108/><T55/><D26/><U19/><E30/><V86/><REACH who="2" step="1"/><F67/><REACH who="2" ten="167,254,184,385" step="2"/><W66/><G66/><T3/><D3/><U122/><E28/><V73/><F73/><W104/><G74/><T18/><D18/><U133/><E65/><V99/><F99/><W89/><G17/><T1/><D1/><U111/><E19/><V113/><F113/><W7/><G124/><T32/><REACH who="0" step="1"/><D97/><REACH who="0" ten="157,254,184,385" step="2"/><U101/><E2/><V118/><F118/><W128/><G128/><T16/><D16/><U63/><E119/><V71/><F71/><W92/><G7/><T21/><D21/><U130/><E69/><V125/><F125/><W96/><G5/><T47/><D47/><U117/><E45/><V76/><F76/><W105/><G4/><T15/><D15/><U6/><E133/><V11/><F11/><W116/><G10/><T110/><D110/><U48/><E111/><V36/><AGARI ba="0,2" hai="20,22,23,36,38,39,61,64,68,84,85,86,90,91" machi="36" ten="40,8000,1" yaku="1,1,0,1,29,2,53,1" doraHai="121" doraHaiUra="59" who="2" fromWho="2" sc="157,-20,254,-20,184,100,385,-40" owari="137,-36.0,234,-17.0,284,8.0,345,45.0" /></mjloggm>