<mjloggm ver="2.3"><GO type="41" lobby="0"/><UN n0="%E3%83%B4%E3%82%A7%E3%82%A4%E3%83%AB" n1="%E5%B0%B1%E6%B4%BB%E7%94%9F%40%E5%B7%9D%E6%9D%91%E8%BB%8D%E5%9B%A3" n2="%E5%A4%A9%E3%80%85%E5%92%8C" n3="%E3%82%A4%E3%82%B5%E3%83%83%E3%83%81%EF%BC%A0" dan="15,14,13,13" rate="1968.95,1955.78,1873.29,1893.84" sx="M,M,M,M"/><TAIKYOKU oya="0"/><INIT seed="0,0,0,5,1,92" ten="250,250,250,250" oya="0" hai0="83,89,45,49,58,70,103,30,17,36,52,44,84" hai1="122,88,96,11,1,107,38,57,59,112,20,81,5" hai2="118,74,19,53,116,97,40,99,4,27,108,65,82" hai3="10,94,71,16,119,35,86,78,41,28,113,3,18"/><T121/><D121/><U54/><E38/><V133/><F40/><W56/><G119/><N who="2" m="45609" /><F65/><W50/><G71/><T68/><D30/><U42/><E122/><V37/><F37/><W124/><G124/><T9/><D103/><U31/><E112/><V47/><F19/><W87/><G113/><T66/><D44/><U6/><E42/><V101/><F4/><W63/><G28/><T61/><REACH who="0" step="1"/><D36/><REACH who="0" ten="240,250,250,250" step="2"/><U104/><E104/><V23/><F101/><W110/><G35/><T32/><D32/><U123/><E107/><V111/><F47/><W29/><G29/><T132/><D132/><U24/><E123/><V131/><F133/><W105/><G105/><T2/><D2/><U125/><E125/><V60/><F131/><W102/><G3/><T134/><D134/><U72/><E1/><V130/><F130/><W75/><G102/><T129/><D129/><U48/><E31/><V43/><F43/><W91/><G41/><T95/><D95/><U93/><E93/><V90/><F27/><W8/><G94/><T39/><D39/><U26/><E24/><V115/><F23/><W15/><G75/><T14/><AGARI ba="0,1" hai="9,14,17,45,49,52,58,61,66,68,70,83,84,89" machi="14" ten="30,12000,1" yaku="1,1,0,1,25,2,54,1,53,0" doraHai="92" doraHaiUra="126" who="0" fromWho="0" sc="240,130,250,-40,250,-40,250,-40" /><INIT seed="0,1,0,3,0,96" ten="370,210,210,210" oya="0" hai0="125,105,47,16,98,10,73,84,0,28,123,117,1" hai1="20,64,26,114,14,63,55,19,79,2,43,100,22" hai2="108,60,87,3,35,4,133,93,92,68,103,54,27" hai3="48,6,91,39,69,121,97,23,85,76,131,95,57"/><T65/><D73/><U11/><E114/><V99/><F133/><W110/><G69/><T44/><D117/><U40/><E2/><V128/><F108/><W94/><G110/><T115/><D115/><U132/><E132/><V75/><F75/><W36/><G121/><T66/><D123/><U37/><E37/><V120/><F120/><W38/><G131/><T52/><D0/><U32/><E79/><V61/><F4/><W127/><G127/><T88/><D125/><U124/><E124/><V21/><F3/><W118/><G118/><T70/><D70/><U134/><E32/><V116/><F35/><W126/><G126/><T89/><D28/><U29/><E134/><V24/><F68/><W62/><G48/><N who="0" m="28679" /><D1/><U46/><E22/><V82/><F116/><W31/><G6/><T49/><D105/><U109/><E109/><V5/><F5/><W77/><G31/><T101/><D89/><U58/><E100/><V34/><F34/><W41/><G41/><T7/><D7/><U33/><E33/><V30/><F128/><W122/><G122/><T17/><D98/><U86/><E86/><V45/><F27/><W135/><G23/><T90/><D101/><U53/><E53/><V12/><F12/><W9/><G9/><T80/><D90/><U71/><E46/><V51/><F93/><W107/><G107/><T130/><D130/><U81/><E81/><V113/><F113/><W42/><G135/><T50/><D50/><AGARI ba="1,0" hai="11,14,19,20,26,29,40,43,50,55,58,63,64,71" machi="50" ten="30,1000,0" yaku="7,1" doraHai="96" who="1" fromWho="0" sc="370,-13,210,13,210,0,210,0" /><INIT seed="1,0,0,1,0,51" ten="357,223,210,210" oya="1" hai0="9,110,48,66,130,133,55,119,11,42,113,30,83" hai1="120,59,0,88,79,2,101,89,85,132,87,127,31" hai2="106,34,37,17,43,102,122,135,65,18,115,128,47" hai3="84,72,70,50,109,26,46,69,14,80,38,77,57"/><U78/><E120/><V96/><F122/><W10/><G109/><T52/><D113/><U100/><E59/><V12/><F115/><W8/><G38/><T41/><D119/><U16/><E31/><V71/><F135/><W13/><G26/><T27/><D110/><U62/><E62/><V103/><F128/><W15/><G72/><T81/><D133/><U49/><E49/><V44/><F44/><W25/><G25/><T118/><D118/><U6/><E132/><V29/><F103/><N who="1" m="39497" /><E6/><V32/><F32/><W114/><G57/><N who="0" m="32903" /><D130/><U28/><E28/><V124/><F124/><W33/><G33/><T95/><D66/><U63/><E63/><N who="2" m="40383" /><F12/><W61/><G114/><T125/><D125/><U107/><E107/><V86/><F86/><N who="1" m="32777" /><E127/><V94/><F94/><W54/><REACH who="3" step="1"/><G61/><REACH who="3" ten="357,223,210,200" step="2"/><T22/><D27/><AGARI ba="0,1" hai="17,18,27,29,34,37,43,47,96,102,106" m="40383" machi="27" ten="30,1000,0" yaku="25,1" doraHai="51" who="2" fromWho="0" sc="357,-10,223,0,210,20,200,0" /><INIT seed="2,0,0,3,4,25" ten="347,223,230,200" oya="2" hai0="97,95,126,101,2,13,50,26,6,75,24,15,84" hai1="57,83,63,37,16,45,28,74,102,54,93,76,60" hai2="41,72,4,12,10,62,112,124,103,66,109,61,55" hai3="65,78,1,116,34,59,40,36,38,17,39,9,42"/><V98/><F72/><W0/><G34/><T87/><D75/><U27/><E37/><V127/><F112/><W77/><G116/><T35/><D126/><N who="2" m="48170" /><F41/><W133/><G133/><T69/><D69/><U46/><E63/><V130/><F130/><W104/><G104/><T30/><D2/><U70/><E70/><V64/><F109/><W135/><G135/><T47/><D24/><U14/><E93/><N who="2" m="58831" /><F55/><W19/><G59/><T20/><D35/><U119/><E102/><V73/><F73/><W58/><G58/><T125/><D125/><U91/><E91/><V128/><F128/><W5/><G65/><AGARI ba="0,0" hai="4,10,12,61,62,64,65,66" m="58831,48170" machi="65" ten="30,1500,0" yaku="18,1" doraHai="25" who="2" fromWho="3" sc="347,0,223,0,230,15,200,-15" /><INIT seed="2,1,0,5,4,74" ten="347,223,245,185" oya="2" hai0="63,97,106,45,29,78,11,120,102,54,132,85,90" hai1="27,96,111,9,121,30,66,4,122,50,46,41,114" hai2="23,20,69,93,127,104,10,36,57,116,55,91,110" hai3="51,16,128,100,107,48,68,124,119,49,47,80,60"/><V94/><F116/><W59/><G119/><T7/><D120/><N who="1" m="46187" /><E114/><V35/><F36/><W43/><G128/><T19/><D132/><U40/><E111/><V131/><F35/><W12/><G124/><T87/><D29/><U126/><E126/><V72/><F69/><W83/><G68/><T81/><D63/><U99/><E66/><V130/><F104/><W37/><G107/><T22/><D54/><U14/><E41/><V73/><F127/><W2/><G2/><T34/><D45/><U109/><E109/><V1/><F110/><W123/><G123/><T32/><D7/><U125/><E125/><V65/><F65/><W71/><G71/><T117/><D117/><U115/><E115/><V26/><F23/><AGARI ba="1,0" hai="4,9,14,23,27,30,40,46,50,96,99" m="46187" machi="23" ten="30,1000,0" yaku="13,1" doraHai="74" who="1" fromWho="2" sc="347,0,223,13,245,-13,185,0" /><INIT seed="3,0,0,4,4,13" ten="347,236,232,185" oya="3" hai0="55,86,134,126,77,85,2,61,48,100,63,24,53" hai1="35,93,15,70,23,6,30,37,95,92,50,121,39" hai2="115,44,106,128,58,119,62,75,47,114,54,98,29" hai3="105,112,82,9,51,41,118,11,28,80,122,117,3"/><W18/><G122/><T14/><D2/><U120/><E70/><V42/><F75/><W25/><G112/><T56/><D126/><U40/><E35/><V94/><F29/><W76/><G105/><T88/><D134/><U60/><E60/><V52/><F106/><W124/><G124/><T66/><D100/><U45/><E30/><V27/><F27/><W103/><G103/><T111/><D111/><U46/><E39/><V96/><F119/><W67/><G67/><T5/><D77/><U36/><E36/><V1/><F1/><W99/><G99/><T57/><D24/><U7/><E7/><V19/><F128/><W43/><G11/><N who="0" m="4463" /><D88/><U87/><E87/><V10/><F98/><W104/><G104/><T33/><D33/><U78/><E78/><V97/><F115/><W31/><G31/><T17/><D17/><U8/><REACH who="1" step="1"/><E23/><REACH who="1" ten="347,226,232,185" step="2"/><V81/><F114/><W113/><G76/><T84/><D48/><U21/><E21/><V0/><F0/><W22/><G117/><T102/><D86/><U65/><E65/><N who="2" m="39127" /><F81/><W38/><G118/><T4/><D4/><U131/><E131/><V68/><F68/><W132/><G38/><T83/><D66/><U109/><E109/><V127/><F127/><W20/><G113/><T108/><D108/><U123/><E123/><V12/><F97/><W72/><G80/><T129/><D129/><U90/><E90/><N who="2" m="55383" /><F42/><AGARI ba="0,1" hai="6,8,15,37,40,42,45,46,50,92,93,95,120,121" machi="42" ten="40,2600,0" yaku="1,1,53,1" doraHai="13" doraHaiUra="71" who="1" fromWho="2" sc="347,0,226,36,232,-26,185,0" /><INIT seed="4,0,0,2,0,51" ten="347,262,206,185" oya="0" hai0="32,98,86,126,21,41,0,63,110,118,17,130,8" hai1="80,60,45,95,7,3,39,124,42,119,1,34,40" hai2="44,12,73,70,31,55,2,6,90,46,79,125,108" hai3="93,27,105,20,43,132,122,115,62,84,22,96,67"/><T127/><D118/><U59/><E119/><V18/><F108/><W54/><G115/><T97/><D130/><U47/><E124/><N who="0" m="47657" /><D32/><U9/><E34/><V128/><F70/><W103/><G122/><T61/><D110/><U107/><E107/><V49/><F125/><W30/><G132/><T106/><D41/><U82/><E95/><V33/><F128/><W50/><G43/><T58/><D63/><U133/><E133/><V101/><F101/><W116/><G116/><T89/><D106/><U113/><E113/><V131/><F131/><W15/><G15/><N who="0" m="9407" /><D0/><U120/><E120/><V83/><F90/><W23/><G105/><T123/><D8/><U71/><E71/><V38/><F2/><W88/><G103/><T77/><D77/><U64/><REACH who="1" step="1"/><E3/><REACH who="1" ten="347,252,206,185" step="2"/><V68/><F68/><W66/><G96/><T4/><D123/><U29/><E29/><V35/><F31/><W57/><REACH who="3" step="1"/><G62/><REACH who="3" ten="347,252,206,175" step="2"/><T112/><D112/><U87/><E87/><V117/><F117/><W56/><G56/><T36/><D98/><U100/><E100/><V104/><F104/><W69/><G69/><T134/><D134/><U78/><E78/><V13/><F79/><W91/><G91/><T24/><D97/><U16/><E16/><V52/><F18/><W14/><G14/><T85/><D89/><U135/><E135/><V75/><F13/><W26/><G26/><T19/><D86/><U76/><E76/><V129/><F12/><W111/><G111/><T37/><D85/><U25/><E25/><V81/><F129/><W53/><G53/><N who="0" m="33999" /><D4/><U11/><E11/><V114/><F55/><RYUUKYOKU ba="0,2" sc="347,10,252,10,206,-30,175,10" hai0="19,24,36,37" hai1="1,7,9,39,40,42,45,47,59,60,64,80,82" hai3="20,22,23,27,30,50,54,57,66,67,84,88,93" /><INIT seed="4,1,2,1,1,112" ten="357,262,176,185" oya="0" hai0="133,107,35,91,10,5,40,75,114,116,57,18,82" hai1="62,92,11,31,78,33,122,53,30,134,110,81,71" hai2="8,13,2,39,84,115,37,73,44,108,16,103,132" hai3="32,59,93,127,22,0,34,1,64,26,96,56,63"/><T45/><D116/><U77/><E110/><V47/><F108/><W46/><G127/><T72/><D114/><U98/><E122/><V124/><F115/><W70/><G46/><T106/><D18/><U49/><E134/><V52/><F124/><W123/><G123/><T111/><D57/><U109/><E109/><V85/><F73/><N who="0" m="28234" /><D111/><U51/><E33/><V94/><F132/><W50/><G34/><T61/><D133/><U80/><E71/><V54/><F2/><W43/><G32/><T101/><D91/><U21/><E11/><V15/><F8/><W74/><G74/><T19/><D82/><U7/><E7/><V25/><F25/><W60/><G0/><N who="0" m="295" /><D19/><U28/><E21/><V126/><F126/><W117/><G1/><T20/><D20/><U89/><E62/><V87/><F16/><W55/><G117/><T100/><D61/><U90/><E53/><N who="2" m="20587" /><F94/><W102/><G63/><T83/><D83/><N who="1" m="31819" /><E89/><V129/><F103/><W120/><G120/><T118/><D118/><U121/><E121/><V131/><F44/><N who="3" m="25887" /><G70/><T95/><D95/><U58/><E58/><V69/><F47/><W105/><G105/><T6/><D6/><U135/><E135/><V41/><F69/><W86/><G86/><N who="2" m="22017" /><V97/><DORA hai="17" /><F97/><W4/><G4/><T38/><D35/><U36/><E36/><N who="2" m="13899" /><F41/><W9/><G9/><T113/><D113/><U48/><AGARI ba="1,2" hai="28,30,31,48,49,51,77,78,90,92,98" m="31819" machi="48" ten="40,1500,0" yaku="8,1" doraHai="112,17" who="1" fromWho="1" sc="357,-8,262,38,176,-5,185,-5" /><INIT seed="5,0,0,0,5,3" ten="349,300,171,180" oya="1" hai0="20,120,31,65,111,52,10,122,135,66,16,6,101" hai1="85,7,126,37,14,86,102,59,22,124,72,98,63" hai2="95,134,39,49,73,70,1,79,58,47,50,75,4" hai3="116,57,125,27,119,74,68,48,81,76,35,38,71"/><U41/><E72/><V128/><F134/><W55/><G38/><T132/><D111/><U130/><E37/><V12/><F128/><W26/><G125/><N who="1" m="48234" /><E41/><V127/><F70/><N who="3" m="26667" /><G35/><T129/><D101/><U112/><E112/><V114/><F127/><W9/><G9/><T15/><D129/><U17/><E130/><V69/><F69/><W44/><G57/><T25/><D66/><N who="1" m="39295" /><E7/><V30/><F114/><W46/><G46/><T88/><D65/><U21/><E21/><V131/><F39/><W90/><G90/><T103/><D103/><U83/><E83/><V104/><F131/><W117/><AGARI ba="0,0" hai="26,27,44,48,55,74,76,81,116,117,119" m="26667" machi="117" ten="40,1500,0" yaku="12,1" doraHai="3" who="3" fromWho="3" sc="349,-4,300,-7,171,-4,180,15" /><INIT seed="6,0,0,5,1,39" ten="345,293,167,195" oya="2" hai0="37,55,57,97,51,135,60,27,91,107,49,56,71" hai1="83,69,122,104,70,25,75,103,53,68,47,108,4" hai2="44,61,88,1,121,115,15,33,30,125,32,89,19" hai3="124,50,129,109,85,74,52,48,6,126,23,127,111"/><V90/><F121/><W130/><G74/><T134/><D37/><U20/><E108/><N who="3" m="41546" /><G6/><T17/><D71/><U98/><E122/><V21/><F125/><W54/><G23/><N who="0" m="13807" /><D107/><U86/><E75/><V99/><F61/><W0/><G85/><T45/><D134/><U16/><E4/><V2/><F44/><N who="3" m="27655" /><G0/><T120/><D120/><U105/><E105/><V110/><F110/><W106/><G106/><T123/><D123/><U95/><E104/><V82/><F115/><W62/><G62/><T63/><D135/><U11/><E11/><V102/><F82/><W118/><G118/><T119/><D119/><U58/><E47/><AGARI ba="0,0" hai="47,50,54,124,126,127,129,130" m="27655,41546" machi="47" ten="40,8000,1" yaku="18,1,34,2,54,1" doraHai="39" who="3" fromWho="1" sc="345,0,293,-80,167,0,195,80" /><INIT seed="7,0,0,0,3,23" ten="345,213,167,275" oya="3" hai0="105,11,77,98,128,131,43,123,10,102,5,47,26" hai1="134,101,21,58,125,56,118,108,59,31,14,7,78" hai2="85,104,86,119,40,48,1,4,92,55,63,91,0" hai3="76,44,107,87,28,30,94,50,36,13,33,49,52"/><W109/><G107/><T25/><D123/><U124/><E108/><V96/><F119/><W34/><G36/><T15/><D77/><U114/><E118/><V20/><F104/><W99/><G109/><T80/><D80/><U19/><E114/><V74/><F74/><W71/><G71/><T113/><D113/><U132/><E78/><V17/><F1/><W65/><G65/><T88/><D88/><U120/><E101/><V111/><F0/><W116/><G116/><T106/><D106/><U115/><E115/><V39/><F4/><W41/><G33/><T38/><REACH who="0" step="1"/><D10/><REACH who="0" ten="335,213,167,275" step="2"/><U32/><E120/><V46/><F111/><W53/><G34/><T57/><D57/><U129/><E56/><V84/><F63/><W121/><G121/><T67/><D67/><U69/><E58/><V73/><F73/><W51/><G41/><T3/><D3/><U79/><E59/><V27/><REACH who="2" step="1"/><F39/><REACH who="2" ten="335,213,157,275" step="2"/><W6/><G6/><T24/><AGARI ba="0,2" hai="5,11,15,24,25,26,38,43,47,98,102,105,128,131" machi="24" ten="30,12000,2" yaku="1,1,0,1,52,3,53,1" doraHai="23" doraHaiUra="97" who="0" fromWho="0" sc="335,140,213,-30,157,-30,275,-60" owari="475,57.0,183,-22.0,127,-37.0,215,2.0" /></mjloggm>