<mjloggm ver="2.3"><GO type="97" lobby="0"/><UN n0="%E3%81%86%E3%81%BE%E3%81%8A%E3%83%91%E3%83%91" n1="%E7%A4%BE%E4%BC%9A%E4%BF%9D%E9%99%BA%E5%BA%81%E8%81%B7%E5%93%A1" n2="%E6%88%91%E9%82%A3%E8%A6%87%E9%9F%BF" n3="%E3%83%88%E3%83%88%E3%83%AA%E5%85%88%E7%94%9F%31%39%E6%AD%B3" dan="14,13,13,13" rate="1881.69,1887.24,1822.18,2029.59" sx="M,M,F,F"/><TAIKYOKU oya="0"/><INIT seed="0,0,0,4,1,107" ten="250,250,250,250" oya="0" hai0="57,42,119,11,125,32,52,91,40,25,23,22,131" hai1="133,51,130,81,20,48,74,29,24,87,26,49,62" hai2="76,110,103,114,96,61,59,134,18,98,27,56,113" hai3="127,30,105,94,0,58,8,12,111,122,83,115,106"/><T19/><D119/><U117/><E117/><V43/><F110/><W75/><G115/><T63/><D131/><U54/><E130/><V135/><F43/><W41/><G0/><T80/><D125/><U88/><E133/><N who="2" m="50699" /><F76/><W4/><G127/><T50/><D32/><U73/><REACH who="1" step="1"/><E24/><REACH who="1" ten="250,240,250,250" step="2"/><V71/><F27/><W92/><G122/><T128/><D128/><U116/><E116/><V60/><F113/><W47/><G111/><T31/><D25/><U36/><E36/><V70/><F114/><W99/><G30/><T7/><D31/><U112/><E112/><V93/><F18/><W67/><G105/><T82/><D19/><U28/><E28/><V13/><F13/><W118/><G106/><T15/><D7/><U97/><E97/><V1/><F96/><W21/><G99/><T17/><D17/><U124/><E124/><V14/><F14/><W66/><G118/><T33/><D15/><U86/><E86/><V77/><F1/><W64/><G21/><T46/><D22/><U37/><E37/><V9/><F9/><W55/><G12/><T68/><D23/><U3/><E3/><V95/><F98/><W101/><G8/><T34/><D11/><U38/><E38/><V85/><F103/><W69/><G101/><T45/><D34/><U100/><E100/><V53/><F85/><W90/><G4/><T10/><D33/><U121/><E121/><V129/><F129/><W65/><G69/><N who="2" m="26121" /><F77/><N who="3" m="44479" /><G90/><T16/><D91/><U72/><E72/><V2/><F2/><W35/><N who="3" m="16384" /><DORA hai="132" /><W39/><G35/><T104/><D104/><U79/><E79/><RYUUKYOKU ba="0,1" sc="250,-30,240,10,250,10,250,10" hai1="20,26,29,48,49,51,54,62,73,74,81,87,88" hai2="53,56,59,60,61,93,95" hai3="39,41,47,55,58,92,94" /><INIT seed="1,1,1,3,1,64" ten="220,250,260,260" oya="1" hai0="50,18,114,115,74,70,57,76,51,19,101,7,102" hai1="120,69,21,92,130,63,43,35,71,91,111,65,37" hai2="107,66,24,41,103,16,33,32,125,81,15,44,122" hai3="38,40,58,13,36,6,97,131,113,28,109,8,53"/><U124/><E120/><V68/><F122/><W59/><G113/><T55/><D7/><U23/><E35/><V78/><F125/><W127/><G127/><T87/><D74/><U17/><E124/><V100/><F107/><W45/><G109/><T47/><D76/><U2/><E111/><V83/><F33/><W121/><G121/><T79/><D79/><U117/><E2/><V134/><F134/><W49/><G131/><T135/><D135/><U61/><E117/><V11/><F81/><W85/><G28/><T12/><D87/><U46/><E130/><V84/><F32/><W5/><G5/><T105/><D70/><U34/><E34/><V133/><F133/><W89/><G97/><T52/><D105/><U67/><E17/><V39/><REACH who="2" step="1"/><F24/><REACH who="2" ten="220,250,250,260" step="2"/><W82/><REACH who="3" step="1"/><G59/><REACH who="3" ten="220,250,250,250" step="2"/><N who="0" m="33175" /><D115/><U60/><REACH who="1" step="1"/><E60/><AGARI ba="1,3" hai="11,15,16,39,41,44,60,66,68,78,83,84,100,103" machi="60" ten="40,5200,0" yaku="1,1,52,1,54,1,53,0" doraHai="64" doraHaiUra="116" who="2" fromWho="1" sc="220,0,250,-55,250,85,250,0" /><AGARI ba="1,0" hai="6,8,13,36,38,40,45,49,53,58,60,82,85,89" machi="60" ten="30,2000,0" yaku="1,1,7,1,53,0" doraHai="64" doraHaiUra="116" who="3" fromWho="1" sc="220,0,195,-20,335,0,250,20" /><INIT seed="2,0,0,2,5,58" ten="220,175,335,270" oya="2" hai0="3,60,17,54,59,78,118,32,81,119,6,27,116" hai1="63,19,12,34,61,90,110,80,41,52,101,114,121" hai2="68,36,10,108,117,55,35,5,96,99,69,11,26" hai3="130,103,65,100,72,125,71,86,43,66,132,39,0"/><V53/><F117/><W115/><G72/><T111/><D111/><U97/><E34/><V79/><F36/><W135/><G0/><T24/><D3/><U120/><E114/><V1/><F79/><W70/><G86/><T15/><D6/><U98/><E110/><V131/><F108/><W77/><G77/><T123/><D123/><N who="1" m="47179" /><E41/><V42/><F42/><W94/><G43/><T84/><REACH who="0" step="1"/><D32/><REACH who="0" ten="210,175,335,270" step="2"/><U18/><E80/><V93/><F5/><W51/><G115/><T2/><D2/><U104/><E12/><V91/><F1/><W88/><G135/><T31/><D31/><U133/><E133/><V8/><F35/><W47/><G132/><T14/><D14/><U128/><E128/><V102/><F131/><W106/><G130/><T67/><D67/><U134/><E134/><V50/><F26/><W74/><G66/><T129/><D129/><U45/><E18/><V109/><F109/><W28/><G65/><T38/><D38/><U49/><E19/><V105/><F55/><W7/><G39/><T46/><D46/><U4/><E4/><V22/><F53/><W95/><G28/><T122/><D122/><U82/><E98/><V40/><F96/><W29/><G7/><T33/><D33/><U20/><E20/><AGARI ba="0,1" hai="15,17,20,24,27,54,59,60,78,81,84,116,118,119" machi="20" ten="40,5200,0" yaku="1,1,12,1,52,1,53,0" doraHai="58" doraHaiUra="37" who="0" fromWho="1" sc="210,62,175,-52,335,0,270,0" /><INIT seed="3,0,0,5,1,109" ten="272,123,335,270" oya="3" hai0="96,57,41,112,49,25,15,69,107,87,129,90,53" hai1="33,7,11,89,3,34,64,85,75,97,99,131,6" hai2="19,104,9,135,18,51,70,80,78,24,38,10,126" hai3="116,4,60,73,93,117,39,91,106,125,14,17,8"/><W50/><G39/><T12/><D129/><U63/><E131/><V81/><F38/><W127/><G73/><T84/><D69/><U83/><E7/><V44/><F70/><W48/><G106/><T101/><D41/><U27/><E99/><V122/><F104/><W62/><G4/><T45/><D87/><U66/><E66/><V16/><F126/><N who="3" m="48139" /><G50/><T58/><D25/><U68/><E89/><V120/><F135/><W71/><G48/><T100/><D100/><U95/><E85/><N who="2" m="48279" /><F24/><W56/><G71/><T105/><D105/><U31/><E95/><V111/><F81/><W59/><G59/><T5/><D58/><U29/><E97/><V132/><F132/><W21/><G21/><T61/><D5/><U40/><E40/><N who="2" m="24967" /><F111/><W35/><G35/><T98/><D98/><U30/><E30/><V52/><F52/><N who="3" m="33799" /><G62/><T2/><D61/><U36/><E31/><V26/><F26/><W43/><G43/><T102/><D57/><U124/><E124/><V82/><F82/><W121/><G121/><AGARI ba="0,0" hai="9,10,16,18,19,120,121,122" m="24967,48279" machi="121" ten="30,2000,0" yaku="13,1,54,1" doraHai="109" who="2" fromWho="3" sc="272,0,123,0,335,20,270,-20" owari="272,7.0,123,-38.0,355,46.0,250,-15.0" /></mjloggm>