<mjloggm ver="2.3"><GO type="41" lobby="0"/><UN n0="%6D%6B%79%73%31%32%30%31" n1="%E5%B0%B1%E6%B4%BB%E7%94%9F%40%E5%B7%9D%E6%9D%91%E8%BB%8D%E5%9B%A3" n2="%E4%B8%89%E9%83%8E%44%58" n3="%E3%81%82%E3%81%B2%E3%82%8B%E3%81%95%E3%82%93" dan="15,15,15,15" rate="1947.07,1948.16,2001.27,2000.38" sx="M,M,M,M"/><TAIKYOKU oya="0"/><INIT seed="0,0,0,2,4,77" ten="250,250,250,250" oya="0" hai0="53,30,4,10,3,92,67,40,132,128,94,9,38" hai1="110,62,66,60,36,99,35,102,100,71,12,51,124" hai2="44,135,32,104,56,26,72,22,97,125,116,34,111" hai3="1,123,117,81,7,2,107,126,87,15,85,18,93"/><T42/><D67/><U54/><E36/><V73/><F116/><W49/><G107/><T0/><D30/><U17/><E124/><V47/><F125/><W31/><G117/><T28/><D28/><U24/><E110/><V101/><F111/><W121/><G126/><T58/><D38/><U8/><E60/><V46/><F135/><W16/><G31/><T41/><D132/><U75/><E75/><V83/><F83/><W61/><G61/><T55/><D128/><U43/><E43/><V27/><F56/><W82/><G93/><T76/><D76/><U5/><E99/><V65/><F65/><W52/><G7/><T59/><D41/><U14/><E24/><V78/><F78/><W39/><G39/><T33/><REACH who="0" step="1"/><D4/><REACH who="0" ten="240,250,250,250" step="2"/><U70/><E70/><V57/><F34/><AGARI ba="0,1" hai="0,3,9,10,33,34,40,42,53,55,58,59,92,94" machi="34" ten="25,18000,2" yaku="1,1,2,1,22,2,53,2" doraHai="77" doraHaiUra="29" who="0" fromWho="2" sc="240,190,250,0,250,-180,250,0" /><INIT seed="0,1,0,2,4,70" ten="430,250,70,250" oya="0" hai0="53,6,121,88,112,16,107,40,46,30,116,59,125" hai1="110,4,94,21,133,99,127,109,12,100,97,3,37" hai2="95,18,119,17,134,5,67,126,34,120,49,51,44" hai3="93,101,9,7,50,25,29,57,124,14,68,92,98"/><T27/><D116/><U123/><E123/><V52/><F120/><W74/><G68/><T135/><D121/><U35/><E35/><V42/><F34/><W39/><G74/><T86/><D107/><U58/><E3/><V108/><F67/><W96/><G124/><T60/><D112/><U117/><E117/><V131/><F119/><W104/><G39/><T31/><D6/><U20/><E37/><V114/><F114/><W79/><G79/><T83/><D125/><U13/><E127/><V111/><F126/><W1/><G1/><T113/><D113/><U129/><E129/><V33/><F33/><W41/><G104/><T118/><D118/><U10/><E133/><V103/><F5/><W2/><G2/><T47/><D135/><U54/><E97/><N who="2" m="59839" /><F134/><W90/><G41/><T15/><D27/><U132/><E132/><V87/><F87/><W38/><G38/><T8/><D46/><U0/><E0/><V122/><F122/><W102/><G90/><T82/><D83/><U78/><E78/><V105/><F105/><W75/><G75/><T76/><D76/><U128/><E128/><V36/><F131/><W11/><G11/><T63/><D63/><U72/><E72/><V64/><F49/><AGARI ba="1,0" hai="8,15,16,30,31,40,47,49,53,59,60,82,86,88" machi="49" ten="30,11600,0" yaku="7,1,8,1,54,2" doraHai="70" who="0" fromWho="2" sc="430,119,250,0,70,-119,250,0" owari="549,65.0,250,5.0,-49,-55.0,250,-15.0" /></mjloggm>