<mjloggm ver="2.3"><GO type="41" lobby="0"/><UN n0="%63%6C%65%61%72%70%65%72" n1="%E5%B0%B1%E6%B4%BB%E7%94%9F%40%E5%B7%9D%E6%9D%91%E8%BB%8D%E5%9B%A3" n2="%4D%41%4B%45%53" n3="%E3%81%99%E3%81%8C%E9%B9%BF%E7%94%B7" dan="14,15,13,14" rate="1987.16,2099.52,1883.16,1951.10" sx="M,M,M,M"/><TAIKYOKU oya="0"/><INIT seed="0,0,0,3,1,120" ten="250,250,250,250" oya="0" hai0="103,115,91,78,130,56,2,94,22,19,74,73,72" hai1="95,3,134,77,112,0,85,15,32,57,55,65,102" hai2="87,54,82,59,99,71,21,126,12,127,129,1,35" hai3="39,122,108,132,131,27,51,31,11,69,104,124,88"/><T64/><D115/><U79/><E32/><V107/><F71/><W110/><G39/><T114/><D114/><U33/><E33/><V84/><F35/><W106/><G69/><T37/><D37/><U34/><E34/><V26/><F1/><W93/><G122/><T128/><D2/><U38/><E38/><V18/><F129/><N who="0" m="49770" /><D103/><U86/><E65/><V46/><F107/><W9/><G131/><T98/><D78/><U36/><E36/><V41/><F99/><N who="3" m="57767" /><G132/><T121/><D121/><U117/><E15/><V119/><F119/><W111/><G51/><T118/><D118/><U135/><E95/><V68/><F68/><W60/><G60/><N who="0" m="37895" /><D72/><U133/><E102/><V81/><F41/><W29/><G124/><N who="2" m="47657" /><F46/><W100/><G100/><T47/><D47/><U14/><E112/><V43/><F43/><W42/><G42/><T125/><D125/><U4/><E117/><V5/><F5/><W16/><G16/><T66/><D66/><U28/><E3/><V62/><F26/><AGARI ba="0,0" hai="19,22,26,73,74,91,94,98" m="37895,49770" machi="26" ten="30,1500,0" yaku="19,1" doraHai="120" who="0" fromWho="2" sc="250,15,250,0,250,-15,250,0" /><INIT seed="0,1,0,1,0,101" ten="265,250,235,250" oya="0" hai0="115,32,8,36,75,40,63,50,22,2,20,127,88" hai1="35,61,44,42,83,66,102,125,98,68,51,79,4" hai2="86,100,112,92,56,85,110,5,82,34,12,121,97" hai3="113,47,58,116,39,104,74,25,1,89,80,26,17"/><T122/><D115/><U62/><E125/><V107/><F34/><W87/><G1/><T43/><D32/><U13/><E35/><V105/><F112/><W73/><G116/><T96/><D122/><U90/><E90/><V59/><F121/><W99/><G113/><T129/><D129/><U126/><E126/><V37/><F37/><W124/><G58/><T48/><D127/><U9/><E66/><V91/><F110/><W33/><G26/><T70/><D75/><U16/><E68/><V65/><F85/><W106/><G124/><T133/><D133/><U0/><E0/><V54/><F65/><W77/><G99/><T103/><D36/><U28/><E28/><V111/><F59/><W23/><G33/><T130/><D130/><U72/><REACH who="1" step="1"/><E4/><REACH who="1" ten="265,240,235,250" step="2"/><V95/><F111/><W19/><G17/><T118/><D118/><U6/><E6/><V120/><F120/><W46/><G89/><T67/><D2/><U53/><E53/><V78/><F5/><W11/><G39/><T15/><D88/><U71/><E71/><V45/><F45/><W31/><G47/><T41/><D48/><U18/><E18/><V38/><F38/><W49/><G19/><T123/><D50/><U132/><E132/><V21/><F21/><W76/><G76/><T52/><D52/><U81/><E81/><V57/><F12/><W29/><G31/><T14/><D123/><U84/><E84/><V3/><F3/><W55/><REACH who="3" step="1"/><G11/><REACH who="3" ten="265,240,235,240" step="2"/><T128/><D8/><U131/><E131/><V114/><F114/><W94/><G94/><AGARI ba="1,2" hai="9,13,16,42,44,51,61,62,72,79,83,94,98,102" machi="94" ten="30,3900,0" yaku="1,1,7,1,54,1,53,0" doraHai="101" doraHaiUra="69" who="1" fromWho="3" sc="265,0,240,62,235,0,240,-42" /><INIT seed="1,0,0,2,5,53" ten="265,302,235,198" oya="1" hai0="125,60,112,128,94,88,48,100,124,82,97,121,19" hai1="7,103,132,38,101,56,68,99,123,61,75,6,74" hai2="85,73,30,109,130,80,29,63,133,5,32,70,13" hai3="41,127,37,34,86,40,52,106,21,15,25,0,129"/><U115/><E68/><V116/><F116/><W64/><G0/><T90/><D112/><U57/><E38/><V110/><F73/><W54/><G106/><T62/><D128/><U104/><E115/><V22/><F130/><W44/><G129/><T18/><D121/><U31/><E123/><V26/><F70/><W87/><G127/><N who="0" m="48715" /><D48/><U50/><E31/><V91/><F133/><W77/><G41/><T9/><D9/><U111/><E132/><V95/><F30/><W96/><G34/><T107/><D82/><U81/><E103/><V45/><F45/><W8/><G96/><N who="0" m="61831" /><D90/><U11/><E111/><N who="2" m="42507" /><F63/><AGARI ba="0,0" hai="18,19,60,62,63,88,94,97" m="61831,48715" machi="63" ten="30,2000,0" yaku="18,1,54,1" doraHai="53" who="0" fromWho="2" sc="265,20,302,0,235,-20,198,0" /><INIT seed="2,0,0,0,0,130" ten="285,302,215,198" oya="2" hai0="32,26,124,99,102,118,47,62,56,84,111,58,59" hai1="30,39,23,43,122,71,129,104,135,18,41,0,79" hai2="95,61,125,68,42,119,77,70,80,78,27,40,83" hai3="31,11,133,93,34,90,76,131,51,75,15,22,114"/><V63/><F119/><W37/><G131/><T28/><D118/><U128/><E71/><V94/><REACH who="2" step="1"/><F27/><REACH who="2" ten="285,302,205,198" step="2"/><W46/><G114/><T38/><D124/><AGARI ba="0,1" hai="40,42,61,63,68,70,77,78,80,83,94,95,124,125" machi="124" ten="25,18000,2" yaku="1,1,2,1,22,2,53,2" doraHai="130" doraHaiUra="57" who="2" fromWho="0" sc="285,-180,302,0,205,190,198,0" /><INIT seed="2,1,0,5,1,20" ten="105,302,395,198" oya="2" hai0="61,109,67,56,52,29,103,101,40,68,98,42,45" hai1="6,127,25,41,82,48,3,92,119,105,62,7,93" hai2="39,99,96,134,51,16,84,79,89,9,27,47,53" hai3="49,58,63,38,78,32,102,8,19,74,114,0,59"/><V2/><F39/><W90/><G38/><T116/><D109/><U115/><E105/><V106/><F134/><W66/><G32/><T91/><D116/><U122/><E115/><V135/><F135/><W57/><G114/><T133/><D133/><U33/><E119/><V128/><F128/><W1/><G102/><T126/><D126/><U30/><E127/><V88/><F106/><W26/><G78/><T21/><D91/><N who="2" m="34890" /><F2/><W72/><G72/><T130/><D130/><U120/><E82/><N who="2" m="47199" /><F9/><W18/><G74/><T28/><D28/><U34/><E62/><V107/><F107/><W75/><G75/><T12/><D98/><U104/><E104/><V121/><F121/><N who="1" m="46697" /><E33/><V31/><F31/><W77/><G77/><T35/><D35/><U97/><E3/><V69/><F69/><W76/><G76/><T83/><D83/><U129/><E129/><V108/><F108/><W73/><G73/><T124/><D124/><U132/><E132/><V22/><AGARI ba="1,0" hai="16,22,27,47,51,53,96,99" m="47199,34890" machi="22" ten="30,11700,0" yaku="8,1,52,1,54,2" doraHai="20" who="2" fromWho="2" sc="105,-40,302,-40,395,120,198,-40" /><INIT seed="2,2,0,4,0,41" ten="65,262,515,158" oya="2" hai0="0,55,6,102,61,28,68,43,124,92,88,119,82" hai1="125,116,24,83,9,40,130,39,77,128,60,1,59" hai2="135,87,74,108,121,134,103,98,10,72,86,132,80" hai3="85,104,118,57,101,38,30,36,71,32,5,78,16"/><V112/><F10/><W13/><G71/><T73/><D124/><U100/><E125/><V122/><F112/><W64/><G5/><T46/><D102/><U111/><E111/><V8/><F8/><W94/><G104/><T48/><D119/><U127/><E127/><V109/><F103/><W69/><G69/><T63/><D28/><U20/><E100/><V123/><F98/><W18/><G18/><T62/><D6/><U50/><E39/><V33/><F33/><W91/><G118/><T56/><D0/><U42/><E9/><V27/><F27/><W66/><G66/><T47/><D68/><U129/><E116/><V35/><F35/><W34/><G57/><T52/><D43/><N who="1" m="16427" /><E50/><V23/><F23/><W58/><G78/><T4/><D4/><U120/><E1/><V67/><F67/><W79/><G79/><T114/><D114/><U90/><E90/><V14/><F14/><W22/><G101/><T7/><D7/><U17/><E120/><V12/><F12/><W84/><G34/><T97/><D55/><N who="1" m="33919" /><E77/><V75/><F80/><AGARI ba="2,0" hai="17,20,24,80,83,128,129,130" m="33919,16427" machi="80" ten="40,1300,0" yaku="19,1" doraHai="41" who="1" fromWho="2" sc="65,0,262,19,515,-19,158,0" /><INIT seed="3,0,0,5,0,122" ten="65,281,496,158" oya="3" hai0="124,1,115,58,129,77,54,30,31,84,101,40,27" hai1="7,97,125,98,24,106,120,33,134,44,22,59,6" hai2="80,2,48,3,55,53,62,47,92,112,88,69,76" hai3="41,86,32,14,5,8,79,46,38,114,64,34,36"/><W99/><G114/><T68/><D68/><U103/><E120/><V25/><F112/><W128/><G128/><T10/><D115/><U9/><E33/><V43/><F69/><W111/><G38/><T20/><D129/><U70/><E70/><V130/><F130/><W42/><G42/><T95/><D124/><U93/><E134/><V0/><F25/><W82/><G64/><T16/><D40/><U45/><E59/><V4/><F62/><W89/><G111/><T119/><D119/><U50/><E125/><V132/><F132/><W61/><REACH who="3" step="1"/><G61/><REACH who="3" ten="65,281,496,148" step="2"/><T87/><D1/><U26/><E50/><V17/><F17/><W21/><G21/><T74/><D74/><U72/><E72/><V81/><F4/><W56/><G56/><T15/><D77/><U11/><E7/><V49/><F76/><W71/><G71/><T52/><D30/><U73/><E73/><V78/><F78/><W117/><G117/><T108/><D108/><U12/><E22/><V109/><F109/><W39/><G39/><T57/><D58/><U13/><E44/><V127/><F127/><W91/><G91/><T18/><D31/><U37/><E45/><V116/><F116/><W35/><G35/><T133/><D133/><U105/><E37/><V67/><F67/><W66/><G66/><T23/><D23/><U51/><E51/><V121/><F121/><W118/><G118/><T107/><D57/><U123/><E123/><V75/><F48/><W135/><G135/><T28/><D28/><U65/><E65/><V29/><F43/><W113/><G113/><T60/><D60/><RYUUKYOKU ba="0,1" sc="65,-10,281,-10,496,-10,148,30" hai3="5,8,14,32,34,36,41,46,79,82,86,89,99" /><INIT seed="3,1,1,2,0,43" ten="55,271,486,178" oya="3" hai0="19,70,107,24,88,113,81,38,26,31,27,102,115" hai1="124,79,45,83,92,6,74,68,30,67,103,96,12" hai2="111,125,76,77,14,132,120,37,62,42,66,23,133" hai3="17,86,54,94,60,51,61,110,1,8,46,41,57"/><W75/><G75/><T90/><D70/><U134/><E134/><N who="2" m="51819" /><F111/><W100/><G110/><T106/><D19/><U18/><E124/><V130/><F125/><W85/><G61/><T97/><D38/><U5/><E30/><V121/><F130/><W73/><G73/><T0/><D0/><U71/><E71/><N who="2" m="42455" /><F23/><W48/><G48/><T11/><D11/><U50/><E67/><V10/><F42/><W58/><G1/><T29/><D106/><U35/><E35/><V20/><F20/><W2/><G58/><T28/><REACH who="0" step="1"/><D81/><REACH who="0" ten="45,271,486,178" step="2"/><U129/><E68/><V105/><F105/><W119/><G2/><T7/><D7/><U47/><E6/><N who="2" m="3415" /><F37/><W126/><G126/><T89/><AGARI ba="1,2" hai="24,26,27,28,29,31,88,89,90,97,102,107,113,115" machi="89" ten="40,8000,1" yaku="1,1,0,1,29,2,54,1,53,0" doraHai="43" doraHaiUra="52" who="0" fromWho="0" sc="45,103,271,-21,486,-21,178,-41" /><INIT seed="4,0,0,2,0,65" ten="148,250,465,137" oya="0" hai0="98,30,80,19,6,128,67,33,21,75,69,35,93" hai1="134,85,43,60,28,130,94,34,8,32,31,7,4" hai2="25,133,52,116,54,109,74,122,14,78,36,1,26" hai3="129,119,115,110,81,16,24,58,23,89,5,18,108"/><T29/><D128/><U50/><E130/><V99/><F1/><W127/><G119/><T56/><D6/><U44/><E134/><V121/><F116/><W40/><G129/><T83/><D75/><U87/><E34/><V104/><F109/><W105/><G105/><T39/><D39/><U77/><E32/><V12/><F36/><W53/><G40/><T0/><D0/><U132/><E132/><V22/><F133/><W10/><G18/><T102/><D33/><U48/><E48/><V92/><F104/><W27/><G27/><N who="2" m="10249" /><F74/><W38/><G38/><T13/><D35/><U57/><E85/><V76/><F122/><W41/><G41/><T112/><D112/><U11/><E11/><V126/><F121/><W113/><G127/><T91/><D56/><U84/><E84/><V107/><F107/><W118/><G118/><T45/><D45/><U82/><E94/><V114/><F114/><N who="3" m="43531" /><G81/><T42/><D42/><U2/><E7/><V70/><F70/><W131/><G89/><T123/><D123/><U120/><E120/><V3/><F3/><N who="3" m="319" /><G131/><T95/><D80/><U88/><E77/><N who="2" m="29803" /><F126/><W55/><G55/><AGARI ba="0,0" hai="2,4,8,28,31,43,44,50,55,57,60,82,87,88" machi="55" ten="30,2000,0" yaku="7,1,54,1" doraHai="65" who="1" fromWho="3" sc="148,0,250,20,465,0,137,-20" /><INIT seed="5,0,0,2,2,77" ten="148,270,465,117" oya="1" hai0="56,15,48,42,133,99,105,30,26,79,24,58,122" hai1="46,87,57,124,100,18,115,55,75,25,85,62,60" hai2="127,69,104,92,93,108,7,6,22,11,83,102,28" hai3="47,96,3,9,33,84,80,16,97,123,116,37,32"/><U14/><E75/><V12/><F69/><W13/><G123/><T94/><D133/><U86/><E115/><V131/><F104/><W91/><G116/><T39/><D122/><U132/><E124/><V101/><F127/><W82/><G3/><T21/><D39/><U90/><E132/><V23/><F108/><W51/><G37/><T2/><D2/><U20/><E100/><N who="2" m="38507" /><F131/><W121/><G121/><T66/><D105/><U36/><E62/><V81/><F6/><W50/><G33/><T31/><D15/><U118/><E118/><V120/><F120/><W135/><G135/><T61/><D79/><U68/><E68/><V40/><F40/><N who="3" m="24935" /><G32/><T111/><D111/><U89/><E36/><V8/><F8/><W119/><G51/><T35/><D42/><U0/><E0/><V134/><F134/><W53/><G53/><T71/><REACH who="0" step="1"/><D48/><REACH who="0" ten="138,270,465,117" step="2"/><U126/><E126/><V19/><F28/><W109/><G109/><T78/><D78/><U4/><E14/><N who="2" m="5503" /><F23/><W70/><G119/><T106/><D106/><U29/><E20/><V128/><F128/><W54/><G70/><T130/><D130/><U74/><E74/><V34/><F34/><W49/><G49/><T103/><AGARI ba="0,1" hai="21,24,26,30,31,35,56,58,61,66,71,94,99,103" machi="103" ten="20,5200,0" yaku="1,1,0,1,7,1,53,1" doraHai="77" doraHaiUra="88" who="0" fromWho="0" sc="138,62,270,-26,465,-13,117,-13" /><INIT seed="6,0,0,3,3,101" ten="200,244,452,104" oya="2" hai0="44,50,72,97,127,43,130,91,56,18,123,86,77" hai1="111,66,52,22,55,25,31,121,99,37,63,62,134" hai2="26,59,46,90,19,29,81,70,84,132,17,48,87" hai3="126,120,122,113,54,45,110,32,33,118,128,78,83"/><V105/><F70/><W12/><G45/><T65/><D123/><U24/><E37/><V75/><F75/><W0/><G54/><T64/><D127/><U96/><E111/><V8/><F105/><W103/><G103/><T38/><D130/><U112/><E121/><V71/><F71/><W39/><G83/><T74/><D77/><U102/><E134/><V9/><F132/><W4/><G78/><T61/><D64/><U89/><E112/><V6/><F59/><W98/><G98/><T11/><D97/><U28/><E89/><V60/><F60/><W133/><G12/><T7/><D18/><U104/><E96/><V92/><F29/><W82/><G82/><T107/><D107/><U41/><E41/><N who="2" m="24655" /><F26/><W2/><G4/><T58/><D58/><U73/><E73/><V40/><F40/><W79/><G79/><T124/><D124/><U51/><E51/><V35/><F35/><W57/><G57/><T114/><D114/><U69/><E62/><V15/><F9/><W36/><G126/><T34/><D38/><U30/><E30/><V109/><F109/><W21/><G21/><AGARI ba="0,0" hai="21,22,24,25,28,31,52,55,63,66,69,99,102,104" machi="21" ten="30,7700,0" yaku="7,1,9,1,52,1,54,1" doraHai="101" who="1" fromWho="3" sc="200,0,244,77,452,0,104,-77" /><INIT seed="7,0,0,3,2,73" ten="200,321,452,27" oya="3" hai0="92,102,123,75,132,116,121,115,99,12,33,32,131" hai1="41,15,108,77,117,55,96,0,124,51,76,3,45" hai2="86,53,11,56,52,46,34,114,4,83,38,67,30" hai3="1,36,128,29,23,87,57,122,31,130,74,26,118"/><W64/><G74/><T125/><D116/><U119/><E108/><V61/><F114/><W106/><G1/><N who="1" m="586" /><E124/><V2/><F34/><W54/><G118/><N who="1" m="45066" /><E96/><V109/><F30/><N who="3" m="17759" /><G36/><T13/><D125/><U63/><E15/><N who="2" m="5607" /><F38/><W129/><G122/><T7/><D75/><U100/><E100/><V37/><F37/><W95/><G106/><T18/><D7/><U5/><E5/><V60/><F2/><W88/><G64/><T49/><D131/><U24/><E24/><V50/><F109/><W8/><G8/><T80/><D132/><U68/><E68/><V71/><F71/><W16/><G16/><T70/><D70/><U9/><E9/><V101/><F101/><W81/><G81/><T78/><D102/><U35/><E35/><V94/><F94/><W111/><G111/><T66/><D92/><U62/><E41/><N who="2" m="24911" /><F61/><AGARI ba="0,0" hai="29,31,54,57,61,87,88,95,128,129,130" m="17759" machi="61" ten="30,2900,0" yaku="19,1,54,1" doraHai="73" who="3" fromWho="2" sc="200,0,321,0,452,-29,27,29" /><AGARI ba="0,0" hai="45,51,55,61,62,63,76,77" m="45066,586" machi="61" ten="30,3900,0" yaku="12,1,52,2" doraHai="73" who="1" fromWho="2" sc="200,0,321,39,423,-39,56,0" /><INIT seed="7,1,0,4,4,93" ten="200,360,384,56" oya="3" hai0="98,86,90,91,67,28,115,112,62,8,113,7,89" hai1="107,95,60,130,41,44,10,72,17,125,85,69,35" hai2="94,24,134,14,46,37,73,119,13,26,3,110,88" hai3="81,68,12,22,58,65,97,54,63,126,92,105,53"/><W59/><G126/><T33/><D33/><U32/><E72/><V27/><F3/><W5/><G105/><T51/><D28/><U129/><E107/><V70/><F70/><W75/><G75/><T132/><D132/><U122/><E122/><V47/><F73/><W56/><G81/><T4/><D51/><U99/><E125/><V34/><F34/><W18/><REACH who="3" step="1"/><G5/><REACH who="3" ten="200,360,384,46" step="2"/><T40/><D4/><U117/><E117/><V23/><F119/><W71/><G71/><T16/><D7/><U80/><E69/><V121/><F121/><W36/><G36/><T21/><D112/><U104/><E104/><V6/><F37/><W31/><G31/><T48/><D113/><U118/><E118/><V116/><F116/><W78/><G78/><T114/><D115/><U19/><E80/><V25/><F134/><W42/><G42/><T77/><D77/><U79/><E41/><V102/><F110/><W38/><G38/><T50/><D114/><U43/><E79/><V96/><F6/><W109/><G109/><T120/><D40/><U66/><E43/><V11/><F11/><W103/><AGARI ba="1,1" hai="12,18,22,53,54,56,58,59,63,65,68,92,97,103" machi="103" ten="30,6000,0" yaku="1,1,0,1,52,1,53,0" doraHai="93" doraHaiUra="131" who="3" fromWho="3" sc="200,-21,360,-21,384,-21,46,73" /><INIT seed="7,2,0,5,1,83" ten="179,339,363,119" oya="3" hai0="46,17,126,41,114,95,32,71,55,57,7,64,51" hai1="1,35,86,65,118,134,113,52,37,76,105,125,28" hai2="63,116,101,75,85,93,14,19,27,60,69,62,54" hai3="31,16,94,38,2,47,124,40,123,9,13,0,59"/><W110/><G123/><T33/><D126/><U97/><E37/><V99/><F75/><W100/><G124/><T49/><D114/><U11/><E125/><V5/><F116/><W26/><G110/><T122/><D122/><U61/><E118/><V30/><F69/><W45/><G45/><T128/><D128/><U103/><E113/><V72/><F72/><W130/><G130/><T22/><D7/><N who="1" m="1519" /><E134/><V24/><F5/><W73/><G73/><T6/><D6/><U117/><E117/><V56/><F85/><W68/><G68/><T53/><D53/><U90/><E52/><V74/><F74/><W104/><G104/><T98/><D64/><U81/><E90/><V131/><F131/><W43/><G43/><T18/><D18/><U42/><E42/><V106/><F106/><W115/><G115/><T39/><D39/><U88/><E76/><V79/><F79/><W15/><G59/><T91/><D71/><N who="1" m="42415" /><E81/><V109/><F109/><W132/><G132/><T20/><D20/><U119/><E88/><V96/><F96/><W58/><G58/><T44/><D44/><U107/><E107/><V78/><F78/><W48/><G38/><T25/><AGARI ba="2,0" hai="17,22,25,32,33,41,46,49,51,55,57,91,95,98" machi="25" ten="20,1500,0" yaku="0,1,7,1" doraHai="83" who="0" fromWho="0" sc="179,21,339,-6,363,-6,119,-9" owari="200,-20.0,333,13.0,357,46.0,110,-39.0" /></mjloggm>