<mjloggm ver="2.3"><GO type="169" lobby="0"/><UN n0="%6D%6F%74%69%37%32%2E%2E" n1="%E6%93%8D" n2="%E5%B0%B1%E6%B4%BB%E7%94%9F%40%E5%B7%9D%E6%9D%91%E8%BB%8D%E5%9B%A3" n3="%6B%69%79%6F%64%61%69" dan="16,16,16,17" rate="2022.90,2098.06,2179.05,2229.75" sx="M,M,M,M"/><TAIKYOKU oya="0"/><INIT seed="0,0,0,4,1,35" ten="250,250,250,250" oya="0" hai0="82,0,117,10,118,18,105,49,75,14,115,34,108" hai1="81,91,80,12,11,110,3,71,38,56,103,40,74" hai2="69,32,66,97,113,102,92,86,55,53,42,25,20" hai3="107,121,1,76,111,23,50,133,132,89,47,44,95"/><T83/><D115/><U36/><E71/><V98/><F113/><W72/><G107/><T43/><D105/><U106/><E106/><V4/><F32/><W116/><G116/><T13/><D34/><U60/><E103/><V77/><F42/><W45/><G111/><T57/><D108/><U58/><E110/><V19/><F4/><W123/><G50/><T93/><D93/><U27/><E27/><V29/><F97/><W33/><G33/><T39/><D39/><U24/><E24/><V46/><F46/><W59/><G59/><T6/><D14/><U100/><E100/><V96/><F96/><W135/><G23/><T54/><D43/><U119/><E119/><V73/><F73/><W122/><G1/><T63/><D83/><U70/><E70/><V31/><F66/><W85/><G76/><T8/><REACH who="0" step="1"/><D63/><REACH who="0" ten="240,250,250,250" step="2"/><U129/><E60/><V131/><F92/><W79/><G79/><AGARI ba="0,1" hai="0,6,8,10,13,18,49,54,57,75,79,82,117,118" machi="79" ten="40,7700,0" yaku="1,1,2,1,52,1,53,0" doraHai="35" doraHaiUra="67" who="0" fromWho="3" sc="240,87,250,0,250,0,250,-77" /><INIT seed="0,1,0,5,2,10" ten="327,250,250,173" oya="0" hai0="44,52,129,115,103,132,0,1,36,130,27,134,41" hai1="110,94,77,25,74,120,69,50,43,59,64,80,123" hai2="67,26,111,54,79,60,87,100,66,65,98,38,93" hai3="116,19,55,35,72,49,122,31,124,6,3,128,109"/><T61/><D115/><U105/><E105/><V34/><F38/><W81/><G116/><T16/><D103/><U84/><E69/><V95/><F111/><W48/><G109/><T90/><D90/><U68/><E110/><V97/><F34/><W21/><G124/><T126/><D126/><U85/><E68/><V76/><F26/><W114/><G114/><T2/><D61/><U107/><E107/><V17/><F87/><W7/><G128/><N who="0" m="49259" /><D52/><U13/><E25/><V5/><F5/><W99/><G35/><T91/><D91/><U53/><E64/><V133/><F133/><N who="0" m="51306" /><D2/><U135/><E135/><V9/><F54/><W42/><G3/><T37/><D37/><U62/><E62/><V57/><F66/><W125/><G55/><T28/><D16/><U70/><E70/><V32/><F67/><W58/><G19/><T104/><D104/><U86/><E43/><V15/><F32/><AGARI ba="1,0" hai="0,1,27,28,32,36,41,44" m="51306,49259" machi="32" ten="30,5800,0" yaku="19,1,20,1,23,1" doraHai="10" who="0" fromWho="2" sc="327,61,250,0,250,-61,173,0" /><INIT seed="0,2,0,3,4,128" ten="388,250,189,173" oya="0" hai0="15,86,34,134,94,72,42,123,4,21,66,98,106" hai1="23,36,113,69,1,55,31,61,115,32,99,30,93" hai2="8,60,68,40,51,103,83,91,63,82,131,56,118" hai3="49,17,74,71,75,108,2,80,87,76,65,90,84"/><T0/><D72/><U52/><E36/><V11/><F131/><W70/><G2/><T88/><D34/><U7/><E32/><V53/><F118/><W117/><G117/><T102/><D123/><U100/><E7/><V135/><F103/><W130/><G130/><T126/><D126/><U62/><E1/><V96/><F68/><W41/><G108/><T39/><D0/><U85/><E85/><V3/><F3/><W16/><G71/><T25/><D66/><U47/><E23/><V6/><F135/><W95/><G65/><T18/><D134/><U54/><E47/><N who="2" m="26087" /><F60/><N who="1" m="23145" /><E69/><V13/><F11/><W58/><G70/><T110/><D110/><U29/><E115/><V22/><F22/><W119/><G119/><T114/><D114/><U73/><E73/><V124/><F124/><W77/><G77/><T50/><D39/><U67/><E113/><V101/><F101/><W20/><G17/><T125/><D125/><U37/><E37/><V19/><F6/><W121/><G121/><T38/><D38/><U92/><E67/><V14/><F14/><N who="3" m="9239" /><G41/><T79/><D79/><U57/><E93/><AGARI ba="2,0" hai="8,13,19,53,56,63,82,83,91,93,96" m="26087" machi="93" ten="30,1000,0" yaku="8,1" doraHai="128" who="2" fromWho="1" sc="388,0,250,-16,189,16,173,0" /><INIT seed="1,0,0,1,0,43" ten="388,234,205,173" oya="1" hai0="128,79,25,33,126,16,36,112,77,119,23,90,61" hai1="19,116,21,26,1,127,88,50,44,52,101,7,58" hai2="49,13,8,118,53,122,96,123,32,46,62,20,42" hai3="45,82,73,100,24,121,4,75,94,56,84,74,9"/><U99/><E116/><V89/><F32/><W98/><G121/><T124/><D119/><U106/><E127/><N who="0" m="48681" /><D112/><U113/><E113/><V115/><F118/><W85/><G56/><T66/><D36/><U29/><E1/><V68/><F115/><W59/><G59/><N who="0" m="37183" /><D128/><U41/><E7/><V12/><F20/><W92/><G92/><T108/><D108/><U3/><E3/><V2/><F2/><W86/><G24/><T132/><D132/><U11/><E11/><V55/><F13/><W35/><G35/><T34/><D90/><U65/><E65/><V120/><F89/><W105/><G105/><T133/><D133/><U110/><E110/><V83/><F83/><W27/><G27/><T125/><D125/><U18/><REACH who="1" step="1"/><E88/><REACH who="1" ten="388,224,205,173" step="2"/><V51/><F96/><W14/><REACH who="3" step="1"/><G45/><REACH who="3" ten="388,224,205,163" step="2"/><T69/><D69/><U72/><E72/><V5/><F68/><W67/><G67/><T129/><D129/><U22/><E22/><V135/><F135/><W107/><G107/><T81/><D34/><U87/><E87/><V97/><F97/><W91/><AGARI ba="0,2" hai="4,9,14,73,74,75,82,84,85,86,91,94,98,100" machi="91" ten="30,4000,0" yaku="1,1,0,1,53,1" doraHai="43" doraHaiUra="6" who="3" fromWho="3" sc="388,-10,224,-20,205,-10,163,60" /><INIT seed="2,0,0,5,5,96" ten="378,204,195,223" oya="2" hai0="122,42,72,115,37,71,4,77,56,105,134,123,108" hai1="114,30,12,64,84,131,36,38,99,104,97,13,81" hai2="98,92,25,112,116,120,17,67,52,106,23,59,2" hai3="28,103,27,18,5,61,21,73,48,51,135,62,14"/><V132/><F116/><W39/><G39/><T129/><RYUUKYOKU type="yao9" ba="0,0" sc="378,0,204,0,195,0,223,0" hai0="4,37,42,56,71,72,77,105,108,115,122,123,129,134" /><INIT seed="2,1,0,4,4,73" ten="378,204,195,223" oya="2" hai0="85,49,53,31,100,50,77,27,112,103,61,102,0" hai1="98,124,18,40,46,14,23,80,68,91,38,17,57" hai2="113,83,110,8,30,78,10,129,42,1,116,99,128" hai3="51,81,115,2,121,5,16,117,107,65,60,92,19"/><V64/><F116/><W52/><G107/><T105/><D0/><U39/><E68/><V106/><F113/><W15/><G121/><T45/><D112/><U47/><E124/><V58/><F42/><W134/><G117/><T43/><D61/><U22/><E57/><V97/><F30/><W118/><G118/><T7/><D7/><U94/><E80/><V24/><F24/><W9/><G134/><T29/><D105/><U74/><E74/><V33/><F33/><W114/><G92/><T111/><D111/><U69/><E69/><V90/><F110/><W119/><G19/><T67/><D67/><U75/><E75/><N who="2" m="43487" /><F1/><W48/><G48/><T109/><D109/><U6/><E6/><V20/><F20/><W76/><G119/><T13/><D13/><U86/><E86/><V59/><F59/><W55/><G55/><T21/><D31/><U104/><E104/><V41/><F41/><W132/><G132/><T44/><D85/><U95/><E95/><N who="2" m="56567" /><F58/><N who="3" m="33055" /><G2/><T70/><D70/><U133/><E133/><V89/><F64/><W26/><G26/><T96/><D96/><U71/><E71/><V62/><F62/><W12/><G60/><T63/><D63/><U88/><E47/><V66/><F66/><W87/><G65/><T84/><D84/><U32/><E32/><V127/><F127/><W72/><G72/><T11/><D11/><N who="2" m="4138" /><F106/><W125/><G125/><T93/><D93/><U28/><E28/><V35/><F35/><W25/><G25/><T3/><D3/><U135/><E135/><V56/><F56/><W34/><G34/><T108/><D108/><RYUUKYOKU ba="1,0" sc="378,10,204,-30,195,10,223,10" hai0="21,27,29,43,44,45,49,50,53,77,100,102,103" hai2="89,99,128,129" hai3="5,9,12,15,16,76,81,87,114,115" /><INIT seed="2,2,0,0,5,58" ten="388,174,205,233" oya="2" hai0="56,4,109,78,30,72,112,70,28,93,10,2,95" hai1="98,19,127,7,124,130,21,117,17,1,15,135,8" hai2="86,24,79,13,22,34,75,18,45,90,53,120,20" hai3="32,102,11,132,106,43,51,68,81,89,119,96,23"/><V62/><F120/><W38/><G32/><T82/><D70/><U44/><E44/><V122/><F122/><W46/><G68/><T118/><D112/><U52/><E117/><V14/><F34/><W54/><G132/><T9/><D109/><U107/><E107/><V57/><F75/><W123/><G123/><T110/><D110/><U71/><E71/><V6/><F79/><W48/><G119/><T115/><D115/><U64/><E64/><V0/><F45/><W12/><G23/><T65/><D10/><U80/><E80/><V125/><F125/><W66/><G66/><T40/><D40/><U25/><E98/><V99/><F20/><W133/><G133/><T27/><D30/><N who="1" m="17711" /><E52/><V63/><F99/><W60/><G81/><T114/><D114/><U84/><E84/><V88/><F90/><W97/><G89/><T121/><D121/><U47/><E47/><V16/><F18/><N who="1" m="6665" /><E135/><V69/><F69/><W126/><G126/><N who="1" m="48170" /><E130/><V33/><F33/><W113/><G96/><T36/><D36/><U3/><AGARI ba="2,0" hai="1,3,7,8,15" m="48170,6665,17711" machi="3" ten="30,4000,0" yaku="18,1,34,2" doraHai="58" who="1" fromWho="1" sc="388,-12,174,46,205,-22,233,-12" /><INIT seed="3,0,0,2,3,76" ten="376,220,183,221" oya="3" hai0="125,53,119,94,19,69,106,133,109,28,39,63,87" hai1="29,112,33,117,121,16,24,97,20,83,32,82,13" hai2="86,84,21,56,126,15,58,17,55,104,30,71,102" hai3="66,110,10,4,41,61,77,51,93,62,7,43,0"/><W2/><G110/><T49/><D106/><U31/><E121/><V73/><F71/><W64/><G77/><T44/><D28/><U47/><E112/><V115/><F73/><W90/><G51/><T54/><D19/><U57/><E117/><V60/><F115/><W59/><G7/><T103/><D103/><U37/><E37/><V100/><F126/><W105/><G2/><T14/><D14/><U38/><E38/><V27/><F58/><W111/><G105/><T116/><D94/><U26/><E47/><V67/><F55/><W25/><G25/><T40/><D87/><U124/><E124/><V98/><REACH who="2" step="1"/><F100/><REACH who="2" ten="376,220,173,221" step="2"/><W6/><G111/><T3/><D125/><U65/><E97/><V122/><F122/><W22/><G59/><T42/><D109/><U135/><E135/><V88/><F88/><W101/><G101/><T72/><D72/><U108/><E108/><V70/><F70/><W120/><G90/><T12/><D133/><U129/><E129/><V114/><F114/><W91/><G120/><T80/><D69/><U96/><E96/><V74/><F74/><W79/><G91/><T50/><D116/><U23/><E23/><AGARI ba="0,1" hai="15,17,21,23,27,30,56,60,67,84,86,98,102,104" machi="23" ten="30,3900,0" yaku="1,1,7,1,53,1" doraHai="76" doraHaiUra="52" who="2" fromWho="1" sc="376,0,220,-39,173,49,221,0" /><INIT seed="4,0,0,5,1,46" ten="376,181,222,221" oya="0" hai0="13,2,9,82,98,44,7,27,122,95,17,65,132" hai1="36,12,135,69,25,124,53,127,78,84,26,100,113" hai2="126,70,79,111,0,72,91,99,19,73,115,41,61" hai3="97,107,106,18,14,58,45,118,62,85,96,121,131"/><T101/><D122/><U43/><E100/><V89/><F0/><W15/><G118/><T42/><D132/><U22/><E69/><V105/><F41/><W8/><G131/><T93/><D65/><U125/><E135/><V76/><F70/><W74/><G74/><N who="2" m="28777" /><F61/><W67/><G121/><T68/><D68/><U33/><E33/><V4/><F19/><W49/><G107/><T117/><D117/><U60/><E43/><V103/><F4/><N who="3" m="3335" /><G85/><T102/><D82/><N who="1" m="47191" /><E36/><V94/><F111/><W119/><G106/><T10/><D27/><U110/><E110/><V57/><F57/><W116/><G116/><T134/><D134/><U23/><E53/><V123/><F123/><W28/><G28/><T40/><D44/><U48/><E60/><V92/><F126/><W35/><G35/><T1/><D1/><U104/><E104/><V83/><F115/><W86/><G86/><T3/><D3/><U5/><E113/><V87/><F83/><W66/><G66/><T39/><D39/><U71/><E71/><V11/><F11/><N who="3" m="6527" /><G119/><T16/><D17/><U130/><E130/><V52/><F52/><AGARI ba="0,0" hai="45,49,52,58,62,67,96,97" m="6527,3335" machi="52" ten="30,3900,0" yaku="8,1,52,1,54,1" doraHai="46" who="3" fromWho="2" sc="376,0,181,0,222,-39,221,39" /><INIT seed="5,0,0,3,1,69" ten="376,181,183,260" oya="1" hai0="92,97,40,43,77,62,5,122,11,105,100,35,120" hai1="98,81,30,80,8,116,20,23,95,74,36,37,14" hai2="130,1,22,125,9,46,54,91,56,64,115,63,48" hai3="101,13,15,4,110,27,121,26,66,76,17,93,47"/><U60/><E116/><V2/><F130/><W32/><G32/><T7/><D35/><U31/><E60/><V131/><F131/><W126/><G110/><T16/><D77/><U90/><E74/><V50/><F125/><W135/><G135/><T29/><D29/><U127/><E127/><V28/><F115/><W41/><G121/><N who="0" m="46699" /><D105/><U94/><E14/><V117/><F117/><W70/><G66/><T65/><D16/><U78/><E8/><V67/><F9/><W10/><G70/><N who="0" m="42295" /><D7/><U75/><E75/><V68/><F91/><W6/><G6/><T85/><D85/><U61/><E61/><V89/><F89/><W79/><G79/><T108/><D108/><U84/><E78/><V88/><F88/><W55/><G55/><T129/><D129/><U86/><E90/><V52/><F67/><W134/><G76/><T109/><D109/><U3/><REACH who="1" step="1"/><E98/><REACH who="1" ten="376,171,183,260" step="2"/><V19/><F28/><W71/><G126/><T99/><D99/><U12/><E12/><AGARI ba="0,1" hai="1,2,12,19,22,46,48,50,52,54,56,63,64,68" machi="12" ten="30,2000,0" yaku="7,1,54,1" doraHai="69" who="2" fromWho="1" sc="376,0,171,-20,183,30,260,0" /><AGARI ba="0,0" hai="5,11,12,40,43,92,97,100" m="42295,46699" machi="12" ten="30,1000,0" yaku="13,1" doraHai="69" who="0" fromWho="1" sc="376,10,151,-10,213,0,260,0" /><INIT seed="6,0,0,3,4,52" ten="386,141,213,260" oya="2" hai0="77,59,51,86,39,113,115,128,49,72,116,62,111" hai1="58,20,126,46,101,42,122,32,98,7,76,16,12" hai2="17,106,67,92,5,96,23,27,25,18,35,11,43" hai3="8,10,124,30,74,97,135,95,70,6,75,90,69"/><V130/><F106/><W114/><G10/><T41/><D111/><U119/><E119/><V40/><F130/><W36/><G36/><T89/><D128/><U78/><E32/><V109/><F67/><W129/><G129/><T100/><D100/><U133/><E133/><V34/><F109/><W120/><G120/><T3/><D3/><U131/><E131/><V24/><F35/><W47/><G30/><T132/><D132/><U84/><E126/><V63/><F63/><W123/><G47/><N who="0" m="23999" /><D77/><U61/><E7/><V93/><F34/><W53/><G114/><N who="0" m="43531" /><D72/><U134/><E134/><V87/><F87/><W56/><G124/><T82/><D116/><U71/><E71/><V99/><F5/><W21/><G21/><T112/><D112/><U83/><E122/><V81/><F11/><W79/><G75/><T19/><D19/><N who="2" m="7178" /><F81/><W118/><G118/><T105/><D105/><U0/><E0/><V1/><F23/><W110/><G110/><T45/><D45/><U55/><E46/><V60/><F60/><W121/><G135/><T22/><D22/><U9/><E42/><N who="2" m="15915" /><F1/><W108/><G108/><T117/><D117/><U65/><E9/><V103/><F103/><W44/><G44/><T73/><D73/><U91/><REACH who="1" step="1"/><E65/><AGARI ba="0,0" hai="49,51,59,62,65,82,86,89" m="43531,23999" machi="65" ten="30,2000,0" yaku="15,1,52,1" doraHai="52" who="0" fromWho="1" sc="386,20,141,-20,213,0,260,0" /><INIT seed="7,0,0,5,2,66" ten="406,121,213,260" oya="3" hai0="39,42,32,60,58,12,6,55,77,59,21,4,27" hai1="98,89,65,14,67,106,126,75,71,128,73,41,7" hai2="111,43,125,46,57,108,118,20,102,84,83,54,129" hai3="45,40,122,113,78,68,56,110,11,94,10,117,64"/><W124/><G117/><T30/><D77/><U5/><E41/><V63/><F118/><W85/><G122/><T9/><D32/><U99/><E14/><V19/><F129/><W81/><G113/><T8/><D39/><U100/><E128/><V53/><F125/><W127/><G56/><T132/><D42/><U92/><E126/><N who="3" m="48170" /><G110/><T18/><D132/><U3/><E67/><V96/><F54/><W37/><G94/><T25/><D25/><U49/><E49/><V72/><F72/><W76/><G76/><T31/><D58/><U33/><E33/><V116/><F116/><W95/><G95/><T91/><D91/><U16/><E75/><V51/><F84/><W22/><G22/><T133/><D133/><U79/><E79/><V104/><F83/><W15/><G15/><AGARI ba="0,0" hai="4,6,8,9,12,15,18,21,27,30,31,55,59,60" machi="15" ten="30,3900,0" yaku="7,1,9,1,8,1" doraHai="66" who="0" fromWho="3" sc="406,39,121,0,213,0,260,-39" /><AGARI ba="0,0" hai="15,19,20,43,46,51,53,57,63,96,102,104,108,111" machi="15" ten="30,1000,0" yaku="7,1" doraHai="66" who="2" fromWho="3" sc="445,0,121,0,213,10,221,-10" owari="445,55.0,121,-38.0,223,2.0,211,-19.0" /></mjloggm>