<mjloggm ver="2.3"><GO type="169" lobby="0"/><UN n0="%E3%82%A6%E3%83%AB%E3%83%88%E3%83%A9%E7%AB%8B%E7%9B%B4" n1="%E3%81%A9%E3%81%84%EF%BC%8D%E3%82%93" n2="%E5%BA%83%E8%83%BD%E6%98%8C%E4%B8%89" n3="%E3%81%BD%E3%81%BF%E3%82%85" dan="17,16,17,16" rate="2183.86,2093.34,2234.63,2062.41" sx="M,M,M,F"/><TAIKYOKU oya="0"/><INIT seed="0,0,0,2,1,83" ten="250,250,250,250" oya="0" hai0="2,48,99,14,18,135,8,29,112,7,12,126,87" hai1="1,77,38,51,20,3,86,27,9,94,110,65,116" hai2="132,71,13,92,68,57,129,120,21,62,55,123,81" hai3="32,15,17,88,104,84,45,75,124,93,78,121,41"/><T97/><D112/><U43/><E38/><V16/><F129/><W26/><G104/><T49/><D126/><U23/><E116/><V60/><F132/><W125/><G121/><T36/><D36/><U44/><E110/><V50/><F81/><W76/><G32/><T70/><D70/><U122/><E122/><V89/><F71/><W111/><G26/><T22/><D29/><U100/><E65/><V63/><REACH who="2" step="1"/><F68/><REACH who="2" ten="250,250,240,250" step="2"/><W61/><G111/><T28/><D135/><U80/><E9/><V39/><F39/><W6/><G75/><T59/><D28/><U114/><E114/><V0/><F0/><W56/><G124/><T10/><D2/><U134/><E134/><V47/><F47/><W42/><G125/><T113/><D113/><U108/><E108/><V105/><F105/><W72/><G72/><T24/><D59/><U35/><E35/><V52/><F52/><N who="3" m="33927" /><G45/><T5/><D48/><U130/><E23/><V118/><F118/><W4/><G42/><T66/><D49/><U67/><E67/><V54/><F54/><W127/><G41/><T117/><D66/><U95/><E130/><V31/><F31/><W25/><G127/><T107/><D107/><U46/><E46/><V90/><F90/><W53/><G53/><T101/><D101/><U119/><E119/><V128/><F128/><W74/><G74/><T102/><D102/><U115/><E95/><V30/><F30/><W37/><G37/><T34/><D34/><U33/><E33/><V40/><F40/><W58/><G58/><T19/><D117/><U69/><E69/><V82/><F82/><RYUUKYOKU ba="0,1" sc="250,-10,250,-10,240,30,250,-10" hai2="13,16,21,50,55,57,60,62,63,89,92,120,123" /><INIT seed="1,1,1,1,3,72" ten="240,240,270,240" oya="1" hai0="5,8,56,118,110,104,77,0,108,102,135,32,47" hai1="53,87,115,100,69,43,1,51,99,120,2,73,76" hai2="121,39,112,40,131,126,58,78,22,26,25,4,116" hai3="93,122,9,132,70,91,46,84,130,11,124,105,48"/><U82/><E69/><V113/><F121/><W106/><G70/><T67/><D32/><U36/><E120/><V64/><F116/><W21/><G122/><T62/><D118/><U123/><E115/><V94/><F126/><W18/><G124/><T109/><D135/><U7/><E123/><V57/><F131/><W13/><G130/><T89/><D102/><U74/><E74/><V59/><F4/><W90/><G132/><T38/><D104/><U79/><E7/><V134/><F134/><W20/><G106/><T96/><D96/><U45/><E73/><V88/><F64/><W52/><G105/><T65/><D89/><U60/><E60/><V29/><F26/><W75/><G75/><T15/><D77/><U63/><E79/><V49/><F78/><W50/><G11/><T125/><D125/><U81/><E82/><V31/><F39/><W28/><G28/><T83/><D83/><U103/><E63/><V42/><F31/><W17/><G17/><T35/><D35/><U117/><E117/><V68/><F68/><W14/><G14/><T16/><D67/><U133/><E133/><V97/><REACH who="2" step="1"/><F49/><REACH who="2" ten="240,240,260,240" step="2"/><W66/><G66/><T98/><D108/><U19/><E19/><V85/><F85/><N who="3" m="52431" /><G50/><T101/><D110/><U127/><E127/><V30/><F30/><W107/><G107/><T24/><D109/><U37/><E37/><V129/><F129/><W92/><AGARI ba="1,2" hai="9,13,18,20,21,46,48,52,84,91,92" m="52431" machi="92" ten="30,2000,0" yaku="8,1,54,1" doraHai="72" who="3" fromWho="3" sc="240,-6,240,-11,260,-6,240,43" /><INIT seed="2,0,0,2,4,18" ten="234,229,254,283" oya="2" hai0="102,69,25,75,115,113,52,34,85,48,54,66,56" hai1="83,62,74,133,13,79,51,89,23,35,45,50,118" hai2="124,39,92,123,121,117,2,27,122,106,16,4,38" hai3="41,63,6,101,120,22,82,111,42,31,40,86,125"/><V105/><F117/><W7/><G120/><T37/><D75/><U47/><E35/><V116/><F116/><W61/><G111/><T126/><D37/><N who="2" m="13834" /><F92/><W30/><G101/><T99/><D126/><U87/><E118/><V97/><F16/><W58/><G125/><T91/><D66/><U32/><E32/><V128/><F27/><N who="3" m="16759" /><G31/><T95/><D69/><U17/><E62/><N who="3" m="23562" /><G58/><T46/><D34/><U3/><E3/><V5/><F124/><W9/><G9/><T60/><REACH who="0" step="1"/><D25/><REACH who="0" ten="224,229,254,283" step="2"/><U132/><E133/><V20/><F122/><W29/><G29/><T103/><D103/><U78/><E132/><V12/><F121/><W110/><G110/><T59/><D59/><U93/><E74/><V57/><F123/><W135/><G135/><T98/><D98/><U84/><E79/><AGARI ba="0,1" hai="6,7,40,41,42,79,82,86" m="23562,16759" machi="79" ten="30,2000,0" yaku="8,1,52,1" doraHai="18" who="3" fromWho="1" sc="224,0,229,-20,254,0,283,30" /><INIT seed="3,0,0,1,0,52" ten="224,209,254,313" oya="3" hai0="97,37,20,61,114,13,124,110,26,73,22,72,8" hai1="51,35,107,96,117,3,108,27,121,69,21,122,59" hai2="112,29,15,46,95,23,91,102,56,134,71,14,57" hai3="88,92,80,132,109,128,75,126,9,34,127,2,111"/><W7/><G34/><T65/><D37/><U82/><E35/><V54/><F71/><W0/><G132/><T118/><D118/><U45/><E69/><V74/><F74/><W12/><G128/><T48/><D110/><N who="3" m="41993" /><G80/><T77/><D124/><N who="3" m="47657" /><G75/><T119/><D77/><U125/><E3/><V30/><F102/><W36/><G36/><T133/><D119/><U131/><E117/><V115/><F134/><W41/><G41/><T58/><D114/><U66/><E131/><V47/><F112/><W76/><G76/><T53/><D133/><U116/><E125/><V16/><F115/><W43/><G43/><T113/><D113/><U5/><E116/><V18/><F54/><W123/><G123/><T39/><D39/><U105/><E108/><V99/><F29/><W135/><G135/><T106/><D73/><U25/><E121/><V103/><F30/><W38/><G38/><T55/><D72/><U32/><E122/><V104/><F103/><W31/><G31/><T85/><D55/><U129/><E32/><V83/><F83/><W28/><G28/><T10/><D53/><U60/><E129/><V81/><F81/><W94/><G94/><T49/><D49/><U130/><E82/><V86/><F104/><W11/><G11/><T63/><D48/><U6/><E130/><V64/><F64/><W42/><G42/><T93/><D10/><U17/><E107/><V78/><F78/><W68/><G68/><T70/><D8/><U84/><E105/><V1/><F95/><W67/><G67/><T40/><D65/><U24/><E66/><V44/><F23/><RYUUKYOKU ba="0,0" sc="224,-10,209,-10,254,-10,313,30" hai3="0,2,7,9,12,88,92" /><INIT seed="3,1,0,2,0,68" ten="214,199,244,343" oya="3" hai0="92,21,25,115,73,48,19,89,51,28,50,63,114" hai1="0,70,86,44,85,116,35,79,74,122,110,88,99" hai2="78,124,87,131,57,30,43,8,41,76,75,112,65" hai3="129,55,4,12,133,39,121,97,60,105,91,127,71"/><W10/><G121/><T106/><D106/><U13/><E70/><V111/><F75/><W62/><G133/><T128/><D73/><U123/><E35/><V82/><F112/><W83/><G129/><T46/><D128/><U37/><E0/><V6/><F131/><W134/><G134/><T20/><D63/><U31/><E13/><N who="2" m="5271" /><F111/><W130/><G130/><T45/><D114/><U69/><E31/><V90/><F30/><W94/><G127/><T72/><D72/><U120/><E69/><V81/><F124/><W53/><G105/><T108/><D108/><U29/><E29/><V61/><F82/><W1/><G1/><T100/><D100/><U32/><E32/><V18/><F18/><W117/><G39/><T14/><REACH who="0" step="1"/><D115/><REACH who="0" ten="204,199,244,343" step="2"/><U101/><E110/><V58/><F58/><W93/><G71/><T26/><D26/><U56/><E120/><V52/><F65/><W80/><G117/><T64/><D64/><U16/><E56/><V119/><F119/><W95/><G62/><T27/><D27/><U67/><E116/><V3/><F3/><W125/><G125/><T22/><D22/><U98/><E67/><V40/><AGARI ba="1,1" hai="40,41,43,52,57,61,76,78,81,87,90" m="5271" machi="40" ten="30,2000,0" yaku="8,1,54,1" doraHai="68" who="2" fromWho="2" sc="204,-6,199,-6,244,33,343,-11" /><INIT seed="4,0,0,2,5,134" ten="198,193,277,332" oya="0" hai0="9,121,38,83,135,88,1,44,116,45,98,3,33" hai1="77,53,120,31,11,30,25,56,78,58,89,80,26" hai2="20,7,108,114,70,67,60,32,127,117,17,119,8" hai3="48,81,6,16,37,126,92,5,27,123,14,10,129"/><T71/><D71/><U109/><E120/><V42/><F32/><W4/><G37/><T64/><D121/><U87/><E109/><V2/><F108/><W35/><G123/><T19/><D33/><U18/><E56/><V97/><F114/><W43/><G81/><T69/><D116/><N who="2" m="44618" /><F97/><W51/><G129/><T133/><D64/><U112/><E112/><V50/><F127/><W94/><G126/><T12/><D69/><U73/><E73/><V47/><F20/><W107/><G107/><T76/><D3/><U99/><E11/><V74/><F17/><W24/><G35/><T34/><D1/><U91/><E30/><V106/><F106/><W29/><G29/><T132/><D34/><U36/><E36/><V103/><F103/><W101/><G43/><T111/><D38/><U66/><E66/><V41/><F74/><W104/><G104/><T22/><D9/><U95/><E26/><N who="3" m="9770" /><G94/><N who="0" m="56647" /><D111/><U122/><E122/><V15/><F2/><W13/><G13/><T52/><D52/><AGARI ba="0,0" hai="7,8,15,41,42,47,50,52,60,67,70" m="44618" machi="52" ten="30,2000,0" yaku="12,1,54,1" doraHai="134" who="2" fromWho="0" sc="198,-20,193,0,277,20,332,0" /><INIT seed="5,0,0,2,4,34" ten="178,193,297,332" oya="1" hai0="121,31,55,114,0,40,84,64,36,29,80,106,127" hai1="115,42,124,103,102,12,100,7,89,93,46,37,15" hai2="28,112,68,56,98,50,88,70,35,132,22,97,57" hai3="13,133,38,9,96,53,110,26,107,125,14,1,135"/><U58/><E124/><V30/><F35/><W33/><G38/><T95/><D106/><U123/><E123/><V74/><F74/><W63/><G63/><T8/><D127/><U79/><E79/><V78/><F78/><W45/><G45/><T66/><D40/><U41/><E41/><V101/><F132/><N who="3" m="50763" /><G53/><T94/><D36/><U126/><E126/><V91/><F22/><W92/><G107/><T69/><D0/><U128/><E128/><V32/><F32/><W71/><G71/><T10/><D114/><U16/><E115/><V21/><F21/><W61/><G61/><T73/><D73/><U4/><E58/><V118/><F112/><W90/><G110/><T85/><D69/><U25/><E15/><V117/><F50/><W18/><G125/><T54/><REACH who="0" step="1"/><D80/><REACH who="0" ten="168,193,297,332" step="2"/><U5/><E25/><V52/><F70/><W109/><G109/><T2/><D2/><U75/><E75/><V49/><F68/><W59/><G1/><T72/><D72/><U62/><E62/><V3/><F3/><W86/><G26/><T120/><AGARI ba="0,1" hai="8,10,29,31,54,55,64,66,84,85,94,95,120,121" machi="120" ten="25,6400,0" yaku="1,1,0,1,22,2,53,0" doraHai="34" doraHaiUra="111" who="0" fromWho="0" sc="168,74,193,-32,297,-16,332,-16" /><INIT seed="6,0,0,1,4,98" ten="242,161,281,316" oya="2" hai0="52,32,108,73,103,87,8,116,130,69,64,36,44" hai1="50,54,48,131,95,77,120,46,80,76,105,88,57" hai2="125,19,91,127,42,74,126,82,47,14,121,20,67" hai3="45,61,92,9,38,78,129,53,107,62,93,106,41"/><V112/><F121/><W100/><G129/><T99/><D73/><U81/><E105/><V132/><F112/><W135/><G135/><T66/><D32/><U133/><E131/><V11/><F132/><W65/><G78/><T84/><D108/><U34/><E34/><V26/><F67/><W37/><G37/><T60/><D66/><U4/><E120/><V27/><F91/><W10/><G53/><T101/><D130/><U111/><E133/><V31/><F27/><W12/><G10/><T104/><D101/><U24/><E111/><V79/><F47/><W117/><G62/><T39/><D116/><U21/><E4/><V114/><F114/><W29/><G107/><T72/><D72/><U128/><E128/><V96/><F96/><W3/><G29/><T110/><D110/><U124/><E124/><V7/><REACH who="2" step="1"/><F42/><REACH who="2" ten="242,161,271,316" step="2"/><W51/><G117/><T56/><D44/><U113/><E113/><V33/><F33/><W15/><G65/><T5/><D64/><U17/><E77/><V35/><F35/><W43/><G43/><T109/><D109/><U25/><E25/><V134/><F134/><W90/><G90/><T59/><D59/><U18/><E76/><V102/><F102/><W0/><G100/><T63/><D99/><N who="1" m="57831" /><E18/><AGARI ba="0,1" hai="7,11,14,18,19,20,26,31,74,79,82,125,126,127" machi="18" ten="40,3900,0" yaku="1,1,18,1,53,0" doraHai="98" doraHaiUra="28" who="2" fromWho="1" sc="242,0,161,-39,271,49,316,0" /><INIT seed="6,1,0,2,5,23" ten="242,122,320,316" oya="2" hai0="82,130,30,27,16,53,124,120,128,19,44,86,43" hai1="73,87,79,65,71,113,107,131,13,36,42,129,7" hai2="6,48,76,127,58,34,54,110,122,46,45,64,32" hai3="8,77,104,106,35,38,121,47,134,125,119,102,26"/><V112/><F122/><W97/><G121/><T55/><D124/><U29/><E107/><V37/><F127/><W61/><G125/><T31/><D120/><U98/><E73/><V67/><F76/><W28/><G119/><T56/><D44/><U74/><E74/><V40/><F6/><W60/><G106/><T91/><D43/><U41/><E87/><V81/><F81/><W132/><G77/><T0/><D0/><U89/><E79/><V70/><F34/><W11/><G38/><T85/><D85/><U52/><E98/><V39/><F32/><W75/><G75/><T80/><D80/><U93/><E29/><V50/><F112/><W101/><G102/><T24/><D130/><U96/><E13/><V72/><F72/><W115/><G47/><T49/><D55/><U114/><E7/><V90/><F90/><W133/><REACH who="3" step="1"/><G115/><REACH who="3" ten="242,122,320,306" step="2"/><N who="1" m="44042" /><E36/><N who="2" m="13899" /><F110/><W3/><G3/><T117/><D117/><U126/><E126/><V116/><F116/><W99/><G99/><T111/><D128/><N who="1" m="49227" /><E52/><N who="2" m="32023" /><F70/><W62/><AGARI ba="1,1" hai="8,11,26,28,35,60,61,62,97,101,104,132,133,134" machi="62" ten="40,8000,1" yaku="1,1,0,1,20,1,52,1,53,0" doraHai="23" doraHaiUra="83" who="3" fromWho="3" sc="242,-21,122,-21,320,-41,306,93" /><INIT seed="7,0,0,5,4,9" ten="221,101,279,399" oya="3" hai0="36,81,132,34,57,24,68,126,67,42,115,116,2" hai1="44,19,22,29,13,50,30,35,63,92,111,23,51" hai2="0,95,125,75,60,18,48,118,129,86,80,12,104" hai3="90,102,46,130,73,41,77,47,87,11,114,89,10"/><W84/><G73/><T17/><D17/><U61/><E111/><V106/><F0/><W59/><G77/><T55/><D24/><U108/><E108/><V7/><F7/><W110/><G102/><T5/><D81/><U53/><E35/><V76/><F118/><W56/><G110/><T3/><D5/><U33/><E33/><V27/><F27/><W123/><G41/><T124/><D34/><U91/><E30/><V97/><F125/><W31/><G130/><T112/><D2/><U74/><E74/><V28/><F28/><W134/><G31/><T121/><D3/><U72/><E72/><V15/><F129/><W79/><G79/><T40/><D132/><U83/><E83/><V69/><F48/><W96/><G96/><T99/><D99/><U37/><E37/><V49/><F49/><W32/><G32/><T122/><D67/><U85/><E29/><V16/><F75/><W70/><G70/><T14/><D68/><U62/><E23/><V133/><F133/><W43/><G134/><T113/><D116/><U38/><E38/><V52/><F69/><W64/><G64/><T8/><D122/><U20/><E20/><V135/><F135/><W71/><G71/><T26/><D121/><U100/><E100/><N who="2" m="60479" /><F106/><W117/><G123/><T131/><D131/><U66/><REACH who="1" step="1"/><E51/><REACH who="1" ten="221,91,279,399" step="2"/><V98/><F80/><W6/><G117/><T127/><D36/><U105/><E105/><V109/><F104/><W58/><G11/><T103/><D8/><U93/><E93/><V39/><F109/><W54/><G10/><T94/><D126/><U128/><E128/><RYUUKYOKU ba="0,1" sc="221,-10,91,30,279,-10,399,-10" hai1="13,19,22,44,50,53,61,62,63,66,85,91,92" owari="211,-19.0,121,-38.0,269,7.0,399,50.0" /></mjloggm>