<mjloggm ver="2.3"><GO type="169" lobby="0"/><UN n0="%E3%82%A6%E3%83%AB%E3%83%88%E3%83%A9%E7%AB%8B%E7%9B%B4" n1="%6F%6E%65%73%74%61%72" n2="%61%31%33%31%38%34%38" n3="%E3%81%86%E3%81%89%E3%82%93%E5%8E%A8" dan="17,17,16,16" rate="2173.19,2154.31,2124.28,2055.86" sx="M,M,M,M"/><TAIKYOKU oya="0"/><INIT seed="0,0,0,2,1,1" ten="250,250,250,250" oya="0" hai0="82,7,29,81,75,16,33,76,111,6,44,30,14" hai1="74,71,15,91,113,109,117,124,0,135,54,49,88" hai2="41,20,87,116,17,4,5,99,93,52,11,8,72" hai3="12,130,31,100,40,126,66,119,63,59,23,25,84"/><T13/><D111/><U56/><E0/><V85/><F72/><W110/><G119/><T132/><D132/><U27/><E109/><V2/><F41/><W18/><G126/><T96/><D82/><U90/><E117/><V34/><F34/><W77/><G130/><T78/><D78/><U92/><E74/><V125/><F125/><W36/><G110/><T118/><D118/><U86/><E135/><V21/><F116/><W95/><G40/><T39/><D39/><U106/><E113/><V37/><F37/><W61/><G36/><T50/><D96/><U121/><E121/><V67/><F67/><W94/><G63/><T112/><D112/><U114/><E106/><V107/><F107/><W68/><G68/><T69/><D69/><U73/><E73/><V108/><F108/><W128/><G128/><T64/><D64/><U46/><E71/><V89/><F52/><W120/><G120/><T42/><D14/><U57/><E124/><V35/><F35/><W60/><G77/><T24/><D30/><U26/><E15/><V22/><REACH who="2" step="1"/><F17/><REACH who="2" ten="250,250,240,250" step="2"/><W104/><G18/><T127/><REACH who="0" step="1"/><D127/><REACH who="0" ten="240,250,240,250" step="2"/><U133/><E114/><V9/><F9/><AGARI ba="0,2" hai="6,7,9,13,16,24,29,33,42,44,50,75,76,81" machi="9" ten="30,24000,3" yaku="1,1,2,1,7,1,52,2,54,1,53,2" doraHai="1" doraHaiUra="3" who="0" fromWho="2" sc="240,260,250,0,240,-240,250,0" /><INIT seed="0,1,0,3,2,132" ten="500,250,0,250" oya="0" hai0="57,7,130,66,28,21,117,62,87,31,50,95,52" hai1="13,43,113,1,58,93,14,102,20,135,128,74,83" hai2="29,17,61,9,133,79,108,47,92,56,125,106,63" hai3="5,22,112,67,116,64,99,124,131,44,84,10,105"/><T3/><D117/><U42/><E1/><V65/><F106/><W70/><G112/><T59/><D130/><U15/><E128/><V41/><F133/><W107/><G116/><T34/><D34/><U90/><E135/><V119/><F119/><W60/><G131/><T77/><D7/><U16/><E113/><V73/><F108/><W35/><G35/><T49/><D3/><U122/><E122/><V51/><F29/><W40/><G124/><T80/><D21/><U98/><E58/><N who="2" m="37047" /><F73/><W118/><G118/><T120/><D120/><U2/><E2/><V53/><F125/><W97/><G22/><T104/><D104/><U19/><E74/><V123/><F123/><W101/><G64/><T115/><D115/><U39/><E39/><V72/><F72/><W11/><G84/><T94/><D50/><U48/><E48/><V71/><F71/><W127/><G127/><T111/><D111/><U12/><E19/><V114/><F114/><W23/><G23/><T129/><D129/><U78/><E78/><V8/><F79/><W103/><G5/><T33/><D33/><U96/><REACH who="1" step="1"/><E83/><REACH who="1" ten="500,240,0,250" step="2"/><V126/><F126/><W18/><G18/><T81/><D81/><U24/><E24/><V37/><F37/><AGARI ba="1,1" hai="10,11,37,40,44,60,67,70,97,99,101,103,105,107" machi="37" ten="30,2000,0" yaku="7,1,9,1" doraHai="132" who="3" fromWho="2" sc="500,0,240,0,0,-23,250,33" owari="500,60.0,240,-16.0,-23,-52.0,283,8.0" /></mjloggm>