<mjloggm ver="2.3"><GO type="169" lobby="0"/><UN n0="%69%73%63%6F%70%65" n1="%E3%81%8D%E3%81%8D%E3%81%8D%E3%82%8A%E3%82%93%E3%81%A7%E3%81%99%E3%80%82" n2="%E3%82%A6%E3%83%AB%E3%83%88%E3%83%A9%E7%AB%8B%E7%9B%B4" n3="%E3%82%A2%E3%82%B9%E3%82%BF%E3%83%8A" dan="16,16,17,17" rate="2113.71,2060.65,2186.99,2165.17" sx="M,M,M,M"/><TAIKYOKU oya="0"/><INIT seed="0,0,0,3,3,88" ten="250,250,250,250" oya="0" hai0="128,25,37,15,72,96,115,90,100,125,3,12,97" hai1="13,63,108,118,80,1,42,20,126,4,71,44,14" hai2="73,46,10,45,109,94,120,60,8,123,99,5,59" hai3="24,82,29,40,104,91,31,19,52,36,117,54,79"/><T76/><D115/><U7/><E118/><V133/><F73/><W130/><G117/><T75/><D3/><U38/><E108/><V50/><F133/><W49/><G104/><T6/><D37/><U2/><E126/><V85/><F85/><W11/><G130/><T66/><D66/><U95/><E13/><V69/><F69/><W113/><G113/><T62/><D62/><U81/><E7/><V26/><F26/><W127/><G127/><T124/><D128/><U92/><E81/><V53/><F109/><W122/><G122/><T134/><D25/><U21/><E80/><V106/><F106/><W102/><G102/><T131/><D131/><U35/><E35/><V119/><F119/><W61/><G36/><T105/><D6/><U112/><E112/><V78/><F78/><W22/><G40/><T51/><D134/><U110/><E110/><V32/><F32/><W34/><G91/><T57/><D12/><U135/><E135/><V39/><F39/><W114/><G114/><T101/><D15/><U68/><E68/><V18/><F18/><W48/><G11/><N who="2" m="4137" /><F5/><W74/><G61/><T111/><D111/><U98/><E4/><V47/><F120/><W77/><G77/><T58/><D76/><U55/><E14/><V28/><F28/><N who="3" m="10827" /><G34/><T67/><D105/><U65/><E2/><V9/><N who="2" m="4145" /><V23/><DORA hai="103" /><F23/><N who="1" m="8777" /><E1/><V83/><F123/><W64/><G64/><T0/><D0/><U132/><E132/><V27/><F83/><W43/><G43/><T121/><D121/><U87/><E71/><V33/><F33/><W17/><G17/><RYUUKYOKU ba="0,0" sc="250,-10,250,-10,250,-10,250,30" hai3="19,22,24,48,49,52,54,74,79,82" /><INIT seed="1,1,0,0,4,1" ten="240,240,240,280" oya="1" hai0="87,105,66,74,35,23,19,41,31,21,101,89,59" hai1="73,107,80,0,85,81,91,97,37,99,54,109,38" hai2="77,78,64,108,65,13,3,14,56,57,29,130,122" hai3="20,27,128,79,68,15,5,100,36,121,70,6,111"/><U123/><E0/><V94/><F3/><W28/><G121/><T84/><D74/><U44/><E123/><V96/><F122/><W93/><G36/><T33/><D41/><U125/><E38/><V58/><F108/><W24/><G111/><T26/><D87/><U86/><E109/><V102/><F130/><W92/><G128/><T11/><D11/><U88/><E125/><V69/><F29/><W55/><G79/><N who="2" m="30217" /><F69/><W50/><G70/><T104/><D104/><U53/><E73/><V115/><F115/><W25/><G68/><T72/><D72/><U48/><E37/><V16/><F14/><W34/><G34/><T131/><D131/><U49/><E107/><V76/><N who="2" m="30225" /><V126/><DORA hai="135" /><F126/><W82/><G82/><T17/><D31/><U22/><E22/><AGARI ba="1,0" hai="13,16,22,56,57,58,64,65,94,96,102" m="30225" machi="22" ten="40,2600,0" yaku="8,1,54,1" doraHai="1,135" who="2" fromWho="1" sc="240,0,240,-29,240,29,280,0" /><INIT seed="2,0,0,4,5,20" ten="240,211,269,280" oya="2" hai0="101,9,83,31,12,24,1,90,62,59,23,30,87" hai1="75,122,33,66,36,17,13,104,135,100,116,39,4" hai2="2,37,27,113,45,71,44,70,63,47,28,48,7" hai3="26,96,74,42,114,128,110,99,29,21,60,117,81"/><V72/><F113/><W94/><G117/><T15/><D101/><U125/><E4/><V78/><F63/><W50/><G114/><T0/><D15/><U89/><E66/><V53/><F78/><W105/><G105/><T103/><D30/><U73/><E13/><V93/><F72/><W126/><G126/><T61/><D103/><U67/><E67/><V133/><F133/><W69/><G110/><T14/><D14/><U82/><E100/><V127/><F127/><W106/><G106/><T107/><D107/><U76/><E89/><V109/><F109/><W40/><G99/><T16/><D62/><U49/><E82/><V55/><F93/><W134/><G134/><T6/><D6/><U111/><E76/><V34/><F37/><W123/><G123/><T18/><REACH who="0" step="1"/><D31/><REACH who="0" ten="230,211,269,280" step="2"/><U132/><E104/><V85/><F7/><W119/><G29/><T56/><D56/><U84/><E132/><V121/><F121/><W92/><G60/><T77/><D77/><U64/><E122/><V91/><F2/><W112/><G21/><T52/><AGARI ba="0,1" hai="0,1,9,12,16,18,23,24,52,59,61,83,87,90" machi="52" ten="20,12000,2" yaku="1,1,0,1,7,1,52,1,54,2,53,0" doraHai="20" doraHaiUra="3" who="0" fromWho="0" sc="230,130,211,-30,269,-60,280,-30" /><INIT seed="3,0,0,2,4,80" ten="360,181,209,250" oya="3" hai0="128,130,3,104,84,60,38,55,68,30,74,71,78" hai1="127,18,26,13,29,53,17,81,43,87,61,79,89" hai2="90,9,6,122,82,20,129,110,0,112,37,16,92" hai3="50,27,47,45,1,101,86,15,96,77,99,12,134"/><W42/><G1/><T21/><D38/><U62/><E127/><V115/><F110/><W72/><G72/><T120/><D104/><U35/><E43/><V88/><F129/><W31/><G134/><T108/><D3/><U93/><E53/><V7/><F122/><W105/><G99/><T102/><D102/><U52/><E18/><V14/><F37/><W10/><G10/><T114/><D74/><U59/><E62/><V123/><F123/><W5/><G5/><T70/><D120/><U75/><E17/><V98/><REACH who="2" step="1"/><F7/><REACH who="2" ten="360,181,199,250" step="2"/><W117/><G117/><T119/><D108/><U100/><E13/><V126/><F126/><W124/><G124/><T97/><D119/><U131/><E131/><V125/><F125/><W40/><G12/><T25/><D130/><U85/><REACH who="1" step="1"/><E100/><REACH who="1" ten="360,171,199,250" step="2"/><V34/><F34/><W64/><G15/><T58/><D128/><U83/><E83/><V22/><F22/><W133/><G133/><T32/><D32/><U54/><E54/><V39/><F39/><W103/><G103/><T44/><D55/><U67/><E67/><V73/><F73/><AGARI ba="0,2" hai="26,29,35,52,59,61,73,75,79,81,85,87,89,93" machi="73" ten="40,8000,1" yaku="1,1,52,2,54,1,53,1" doraHai="80" doraHaiUra="56" who="1" fromWho="2" sc="360,0,171,100,199,-80,250,0" /><INIT seed="4,0,0,4,2,62" ten="360,271,119,250" oya="0" hai0="27,135,9,133,104,5,33,40,72,44,80,32,54" hai1="39,55,66,83,2,47,23,42,30,45,128,79,101" hai2="61,38,125,8,93,69,49,67,12,70,120,87,34" hai3="84,6,35,65,58,29,97,0,14,37,114,20,22"/><T71/><D104/><U4/><E128/><V118/><F120/><W60/><G37/><N who="0" m="21519" /><D71/><U105/><E101/><V106/><F106/><W124/><G0/><N who="0" m="167" /><D54/><U10/><E105/><V110/><F110/><W122/><G122/><T76/><D27/><U116/><E116/><V132/><F125/><W78/><G35/><AGARI ba="0,0" hai="32,33,35,72,76,80,133,135" m="167,21519" machi="35" ten="30,2900,0" yaku="25,1,23,1" doraHai="62" who="0" fromWho="3" sc="360,29,271,0,119,0,250,-29" /><INIT seed="4,1,0,1,4,17" ten="389,271,119,221" oya="0" hai0="99,2,126,119,125,25,19,62,50,1,51,102,94" hai1="108,35,65,74,72,113,46,8,112,131,12,70,109" hai2="111,14,52,0,95,38,5,13,45,66,115,75,59" hai3="124,132,49,82,58,118,57,96,54,20,41,36,24"/><T15/><D119/><U44/><E35/><V76/><F111/><W53/><G118/><T114/><D25/><U77/><E131/><V127/><F127/><N who="0" m="48650" /><D62/><N who="1" m="40247" /><E46/><V92/><F115/><N who="1" m="44105" /><E44/><V88/><F92/><W9/><G124/><T130/><D130/><U23/><E23/><V42/><F66/><W64/><G132/><T133/><D133/><U90/><E90/><V11/><F76/><W110/><G110/><N who="1" m="42602" /><E77/><V31/><F31/><W79/><G64/><T103/><D114/><U39/><E39/><V134/><F134/><W40/><G36/><T81/><D103/><U27/><E27/><V122/><F122/><W106/><G9/><N who="0" m="6639" /><D51/><U33/><E33/><V32/><F32/><W47/><G47/><T121/><D50/><U37/><E37/><V93/><F93/><W128/><G128/><T71/><D71/><U98/><E98/><V80/><F95/><W34/><G34/><T100/><D100/><U117/><E117/><V67/><F67/><W60/><G96/><T29/><D29/><U78/><E78/><N who="2" m="44127" /><F88/><W68/><G68/><T16/><D121/><U63/><E63/><AGARI ba="1,0" hai="0,5,11,13,14,38,42,45,52,59,63" m="44127" machi="63" ten="30,2000,0" yaku="25,1,54,1" doraHai="17" who="2" fromWho="1" sc="389,0,271,-23,119,23,221,0" /><INIT seed="5,0,0,0,2,59" ten="389,248,142,221" oya="1" hai0="56,116,97,49,48,68,76,65,67,28,25,53,83" hai1="78,9,133,77,82,99,45,47,63,102,101,95,103" hai2="120,70,5,44,19,129,3,2,22,18,88,132,117" hai3="123,128,100,29,86,79,8,20,115,46,14,21,42"/><U17/><E133/><V55/><F120/><W60/><G123/><T90/><D116/><U30/><E30/><V23/><F117/><W122/><G122/><T73/><D68/><U92/><E63/><V119/><F119/><W80/><G115/><T75/><D75/><U1/><E78/><V41/><F132/><W15/><G128/><T52/><D97/><U12/><E1/><V38/><F129/><W54/><G100/><T51/><D90/><U106/><E106/><V110/><F110/><W104/><G104/><T72/><D72/><U124/><E124/><V34/><F34/><W71/><G29/><T35/><D49/><U109/><E109/><V111/><F111/><W127/><G127/><T24/><D24/><U89/><REACH who="1" step="1"/><E95/><REACH who="1" ten="389,238,142,221" step="2"/><V10/><F3/><W36/><G60/><T87/><D73/><AGARI ba="0,1" hai="9,12,17,45,47,73,77,82,89,92,99,101,102,103" machi="73" ten="40,3900,0" yaku="1,1,2,1,53,0" doraHai="59" doraHaiUra="26" who="1" fromWho="0" sc="389,-39,238,49,142,0,221,0" /><INIT seed="5,1,0,0,3,112" ten="350,287,142,221" oya="1" hai0="131,97,20,32,75,43,67,47,4,117,134,132,79" hai1="133,63,88,23,22,99,102,108,15,124,55,101,53" hai2="1,19,106,82,120,18,135,33,7,51,8,74,96" hai3="25,46,58,76,24,41,103,86,104,40,12,26,70"/><U52/><E124/><V80/><F120/><W11/><G70/><T123/><D32/><U60/><E133/><V35/><F135/><W48/><G104/><T89/><D123/><U66/><E108/><V13/><F82/><N who="3" m="47431" /><G103/><N who="1" m="39434" /><E66/><V129/><F96/><W62/><G41/><T127/><D67/><U49/><E49/><V56/><F80/><W111/><G111/><T31/><D127/><U44/><E44/><V27/><F56/><W119/><G119/><T17/><D47/><U5/><E5/><N who="2" m="3215" /><F51/><W37/><G37/><T72/><D117/><U61/><E15/><V68/><F68/><W38/><G38/><T121/><D121/><U110/><E110/><V14/><F74/><W126/><G126/><T100/><D4/><U0/><E0/><V87/><F106/><W116/><G116/><T122/><D122/><U109/><E109/><V90/><F87/><W92/><G92/><AGARI ba="1,0" hai="22,23,52,53,55,60,61,63,88,92,99" m="39434" machi="92" ten="40,7700,0" yaku="8,1,54,2" doraHai="112" who="1" fromWho="3" sc="350,0,287,80,142,0,221,-80" /><INIT seed="5,2,0,4,2,8" ten="350,367,142,141" oya="1" hai0="125,102,42,69,122,91,111,116,115,44,25,45,51" hai1="101,72,94,56,78,67,4,68,58,5,74,11,13" hai2="54,37,10,134,33,28,18,130,100,120,85,61,117" hai3="124,63,35,65,19,27,9,57,105,48,118,2,93"/><U49/><E68/><V29/><F120/><W104/><G124/><T66/><D116/><U7/><E58/><V107/><F117/><W38/><G118/><T15/><D102/><U41/><E74/><V112/><F130/><W16/><G38/><T32/><D122/><U81/><E67/><V14/><F134/><W40/><G2/><T127/><D45/><U30/><E30/><V86/><F37/><W80/><G80/><T88/><D111/><U50/><E56/><N who="2" m="34967" /><F107/><W24/><G104/><T1/><D1/><U84/><E72/><V133/><F33/><W23/><G105/><T87/><D66/><U90/><E101/><V109/><F109/><W34/><G93/><T3/><D3/><U126/><E126/><V103/><F133/><W59/><G59/><T123/><D69/><U129/><E129/><V135/><F135/><W83/><G83/><T82/><D123/><U46/><E50/><V108/><F108/><W131/><G131/><T96/><D125/><U128/><E128/><V53/><F112/><W20/><REACH who="3" step="1"/><G9/><REACH who="3" ten="350,367,142,131" step="2"/><T70/><D70/><U31/><E94/><V121/><F121/><W55/><G55/><T79/><D127/><U97/><E81/><V113/><F113/><W119/><G119/><T73/><D115/><U43/><E43/><V92/><F53/><W26/><G26/><T21/><D42/><U12/><E41/><V71/><F71/><W47/><AGARI ba="2,1" hai="16,19,20,23,24,27,34,35,40,47,48,57,63,65" machi="47" ten="30,7900,0" yaku="1,1,0,1,9,1,54,1,53,0" doraHai="8" doraHaiUra="114" who="3" fromWho="3" sc="350,-22,367,-41,142,-22,131,95" /><INIT seed="6,0,0,2,5,128" ten="328,326,120,226" oya="2" hai0="97,23,91,112,30,90,79,88,133,42,119,7,81" hai1="77,95,65,4,114,66,62,84,108,116,69,6,8" hai2="2,9,35,70,135,40,82,117,20,60,113,96,106" hai3="37,28,93,125,121,94,56,32,89,34,57,67,99"/><V16/><F117/><W17/><G121/><T64/><D119/><U18/><E116/><V44/><F113/><W14/><G37/><T74/><D42/><U120/><E108/><V3/><F35/><W61/><G125/><T53/><D64/><U86/><E114/><V11/><F82/><W104/><G104/><T80/><D7/><U98/><E66/><V68/><F135/><W75/><G75/><T26/><D112/><U48/><E120/><V27/><F60/><W76/><G76/><T129/><D129/><U12/><E86/><V63/><F63/><W87/><G28/><T15/><D15/><U83/><E48/><V102/><F11/><W85/><G57/><T58/><D133/><U33/><E33/><V54/><F54/><W78/><G87/><T103/><D81/><U92/><E92/><V10/><F10/><W38/><G38/><T51/><D91/><AGARI ba="0,0" hai="4,6,8,12,18,62,65,69,77,83,84,91,95,98" machi="91" ten="30,1000,0" yaku="7,1" doraHai="128" who="1" fromWho="0" sc="328,-10,326,10,120,0,226,0" /><INIT seed="7,0,0,3,4,30" ten="318,336,120,226" oya="3" hai0="39,127,13,50,96,25,58,11,125,53,132,74,27" hai1="115,9,135,95,32,19,69,54,8,131,80,37,123" hai2="57,92,90,6,61,42,85,31,10,16,130,89,109" hai3="79,84,2,75,62,45,44,47,66,134,106,3,124"/><W5/><G75/><T117/><D117/><U110/><E110/><V41/><F130/><W33/><G106/><T65/><D39/><U55/><E123/><V107/><F107/><W101/><G101/><T91/><D74/><U60/><E32/><V70/><F70/><W126/><G33/><T97/><D132/><U1/><E135/><V77/><F109/><W112/><G134/><T43/><D43/><U128/><E37/><V23/><F77/><W93/><G112/><T87/><D65/><N who="1" m="41127" /><E115/><V103/><F31/><W51/><G51/><T36/><D36/><U76/><E95/><V12/><F103/><W88/><G5/><T29/><D127/><N who="3" m="48681" /><G79/><T120/><D120/><U22/><E1/><V113/><F113/><W59/><AGARI ba="0,0" hai="2,3,44,45,47,59,62,66,84,88,93" m="48681" machi="59" ten="30,3000,0" yaku="18,1,54,1" doraHai="30" who="3" fromWho="3" sc="318,-10,336,-10,120,-10,226,30" /><INIT seed="7,1,0,0,1,10" ten="308,326,110,256" oya="3" hai0="59,130,107,106,4,70,105,52,84,41,101,79,7" hai1="47,67,109,123,120,83,78,63,17,39,8,24,51" hai2="48,118,40,46,37,117,95,58,122,75,94,80,25" hai3="42,19,82,30,74,11,35,64,125,66,49,102,114"/><W50/><G114/><T77/><D70/><U110/><E39/><V22/><F122/><W36/><G36/><T99/><D41/><U21/><E8/><V0/><F0/><W65/><G102/><T44/><D44/><U69/><E110/><V13/><F118/><W126/><G35/><T55/><D55/><U12/><E24/><V88/><F117/><W129/><G30/><T14/><D130/><U73/><E109/><V81/><F75/><W38/><G38/><T34/><D34/><U60/><E60/><V53/><F94/><W124/><G42/><AGARI ba="1,0" hai="12,17,21,42,47,51,63,67,69,73,78,83,120,123" machi="42" ten="30,2000,0" yaku="7,1,52,1" doraHai="10" who="1" fromWho="3" sc="308,0,326,23,110,0,256,-23" owari="308,11.0,349,45.0,110,-39.0,233,-17.0" /></mjloggm>