<mjloggm ver="2.3"><GO type="169" lobby="0"/><UN n0="%E3%83%95%E3%82%A7%E3%83%AB%E3%83%A1%E3%83%BC%E3%83%AB" n1="%E3%83%A2%E3%83%A8%E3%82%B3" n2="%6E%61%72%72%6F%77%31%39" n3="%E3%82%A6%E3%83%AB%E3%83%88%E3%83%A9%E7%AB%8B%E7%9B%B4" dan="16,16,16,17" rate="2153.64,2105.19,2041.16,2168.72" sx="F,M,F,M"/><TAIKYOKU oya="0"/><INIT seed="0,0,0,4,0,9" ten="250,250,250,250" oya="0" hai0="110,64,50,40,111,31,47,70,118,101,63,39,75" hai1="21,29,76,46,69,117,133,86,98,78,72,4,100" hai2="116,59,126,91,135,129,128,17,132,108,43,10,11" hai3="2,12,42,104,124,112,52,68,51,123,125,49,48"/><T95/><D118/><U80/><E69/><V115/><F43/><W26/><G2/><T60/><D75/><U79/><E117/><V14/><F116/><W34/><G104/><T35/><D60/><U107/><E4/><V119/><F119/><W87/><G68/><T54/><D35/><U55/><E133/><N who="2" m="51275" /><F91/><W134/><G134/><T25/><D25/><U127/><E127/><N who="3" m="48714" /><G87/><T56/><D31/><U96/><E72/><V53/><F126/><W6/><G112/><T16/><D16/><U93/><E29/><V74/><F74/><W92/><G92/><T28/><D28/><U57/><E46/><V109/><F115/><W131/><G131/><N who="2" m="50249" /><F10/><N who="3" m="4183" /><G42/><T94/><D101/><U33/><E33/><V82/><F82/><W62/><G123/><T13/><D13/><U41/><E41/><V102/><F102/><W38/><G38/><T130/><D130/><U73/><E73/><V27/><F27/><W114/><G114/><T89/><D89/><U113/><E113/><V71/><F71/><W37/><G37/><T0/><D0/><U99/><E107/><V84/><F84/><W44/><G26/><T88/><D95/><U22/><E93/><V121/><F121/><W32/><G44/><T20/><D20/><N who="1" m="7787" /><E100/><V105/><F105/><W65/><G32/><T36/><REACH who="0" step="1"/><D39/><REACH who="0" ten="240,250,250,250" step="2"/><U103/><E103/><V97/><F97/><AGARI ba="0,1" hai="36,40,47,50,54,56,63,64,70,88,94,97,110,111" machi="97" ten="40,12000,1" yaku="1,1,2,1,24,2,54,1,53,0" doraHai="9" doraHaiUra="81" who="0" fromWho="2" sc="240,130,250,0,250,-120,250,0" /><INIT seed="0,1,0,1,0,28" ten="370,250,130,250" oya="0" hai0="107,109,40,38,17,30,18,93,47,89,61,50,53" hai1="121,129,133,85,83,35,90,81,15,14,88,27,76" hai2="94,45,103,52,56,21,48,91,11,98,3,92,84" hai3="99,110,19,118,31,106,69,119,130,9,132,51,8"/><T44/><D107/><U62/><E121/><V79/><F3/><W54/><G69/><T112/><D112/><U64/><E129/><V73/><F11/><W134/><G31/><T66/><D109/><U34/><E133/><N who="3" m="51306" /><G130/><T101/><D101/><U71/><E90/><V117/><F117/><N who="3" m="44555" /><G19/><T6/><D6/><U0/><E0/><V131/><F131/><W43/><G43/><T7/><D7/><U59/><E71/><V33/><F33/><W2/><G2/><T111/><D111/><U55/><E64/><V72/><F79/><W95/><G106/><T115/><D115/><U74/><REACH who="1" step="1"/><E27/><REACH who="1" ten="370,240,130,250" step="2"/><V75/><REACH who="2" step="1"/><F21/><REACH who="2" ten="370,240,120,250" step="2"/><W108/><G110/><T58/><REACH who="0" step="1"/><D30/><REACH who="0" ten="360,240,120,250" step="2"/><U36/><E36/><V122/><F122/><W42/><G108/><T120/><D120/><U68/><E68/><V70/><F70/><W22/><G9/><T116/><D116/><U78/><E78/><V126/><F126/><W82/><G8/><T124/><D124/><U100/><E100/><V13/><F13/><AGARI ba="1,3" hai="13,14,15,34,35,55,59,62,74,76,81,83,85,88" machi="13" ten="40,8000,1" yaku="1,1,52,2,54,1,53,0" doraHai="28" doraHaiUra="23" who="1" fromWho="2" sc="360,0,240,113,120,-83,250,0" /><INIT seed="1,0,0,5,1,91" ten="360,353,37,250" oya="1" hai0="106,84,57,50,116,81,14,101,37,18,23,19,4" hai1="59,132,103,6,135,89,2,47,112,48,17,39,51" hai2="22,10,27,29,134,58,21,61,52,44,73,121,36" hai3="126,55,35,68,131,30,41,60,104,38,123,64,122"/><U133/><E112/><V94/><F121/><W88/><G104/><T26/><D37/><U65/><E39/><V56/><F134/><W86/><G30/><T5/><D116/><U130/><E130/><V15/><F73/><W117/><G35/><T115/><D115/><U31/><E31/><V102/><F36/><W53/><G131/><T82/><D101/><U120/><E120/><V66/><F44/><N who="3" m="23607" /><G53/><N who="0" m="31927" /><D106/><U8/><E103/><V72/><F72/><W24/><G24/><T127/><D127/><U99/><E17/><V32/><F32/><W71/><G71/><T49/><D49/><U124/><E124/><V13/><F22/><W113/><G113/><T7/><D84/><U28/><E28/><V95/><F102/><W128/><G128/><T85/><D85/><U92/><REACH who="1" step="1"/><E47/><REACH who="1" ten="360,343,37,250" step="2"/><V129/><F129/><W87/><G126/><T118/><D118/><U75/><E75/><V77/><F77/><W67/><G117/><T125/><D125/><U83/><E83/><V20/><F20/><AGARI ba="0,1" hai="4,5,7,14,18,19,20,23,26,81,82" m="31927" machi="20" ten="30,1000,0" yaku="8,1" doraHai="91" who="0" fromWho="2" sc="360,20,343,0,37,-10,250,0" /><INIT seed="2,0,0,1,1,131" ten="380,343,27,250" oya="2" hai0="124,101,43,30,29,128,82,102,88,0,1,53,130" hai1="6,25,66,120,122,46,79,14,31,123,57,73,126" hai2="78,134,110,5,36,8,74,86,9,45,55,4,63" hai3="90,100,22,67,16,113,114,32,10,50,17,34,115"/><V7/><F74/><W132/><G100/><N who="0" m="38507" /><D124/><U99/><E126/><V108/><F134/><W18/><G67/><T118/><D43/><U24/><E99/><V12/><F36/><W23/><G50/><T62/><D118/><U39/><E79/><V44/><F63/><W70/><G90/><T105/><D105/><U84/><E73/><V33/><F55/><W93/><G93/><T68/><D29/><U65/><E84/><V103/><F33/><N who="3" m="12907" /><G70/><T15/><D30/><U41/><E57/><V54/><F103/><W133/><G10/><N who="2" m="4201" /><F12/><W83/><G83/><T92/><D15/><U11/><REACH who="1" step="1"/><E25/><REACH who="1" ten="380,333,27,250" step="2"/><V135/><F135/><AGARI ba="0,1" hai="16,17,18,22,23,113,114,115,132,133,135" m="12907" machi="135" ten="40,16000,3" yaku="28,2,11,1,20,1,34,2,52,3,54,1" doraHai="131" who="3" fromWho="2" sc="380,0,333,0,27,-160,250,170" owari="380,18.0,333,-7.0,-133,-63.0,420,52.0" /></mjloggm>