<mjloggm ver="2.3"><GO type="97" lobby="0"/><UN n0="%E3%83%95%E3%82%A7%E3%83%8D%E3%83%83%E3%82%AF" n1="%E9%BA%BB%E9%9B%80%E9%98%BF%E5%91%86" n2="%6B%61%6E%61%6D%6F%6E%67" n3="%E5%B0%B1%E6%B4%BB%E7%94%9F%40%E5%B7%9D%E6%9D%91%E8%BB%8D%E5%9B%A3" dan="16,13,14,14" rate="2048.64,1815.10,1820.20,1983.12" sx="M,M,M,M"/><TAIKYOKU oya="0"/><INIT seed="0,0,0,5,3,117" ten="250,250,250,250" oya="0" hai0="15,25,18,74,84,99,9,72,69,75,59,27,31" hai1="47,16,39,36,50,40,42,130,103,70,65,104,46" hai2="128,118,123,124,106,85,23,107,3,35,110,125,71" hai3="100,48,56,6,57,114,34,96,108,38,98,131,60"/><T68/><D27/><U135/><E103/><V33/><RYUUKYOKU type="yao9" ba="0,0" sc="250,0,250,0,250,0,250,0" hai2="3,23,33,35,71,85,106,107,110,118,123,124,125,128" /><INIT seed="0,1,0,2,5,20" ten="250,250,250,250" oya="0" hai0="109,90,33,67,1,23,98,56,26,0,85,78,112" hai1="13,46,125,31,25,54,87,124,110,15,135,61,119" hai2="48,5,59,105,9,83,12,64,92,32,76,50,37" hai3="43,101,93,102,111,88,131,70,127,66,68,73,8"/><T108/><D33/><U103/><E119/><V91/><F37/><W113/><G73/><T65/><D78/><U3/><E3/><V89/><F32/><W63/><G113/><T128/><D112/><U28/><E110/><N who="0" m="42601" /><D98/><U44/><E103/><V30/><F105/><W114/><G114/><T7/><D128/><U121/><E121/><V117/><F30/><N who="1" m="11305" /><E25/><V55/><F64/><N who="0" m="24650" /><D7/><U35/><E35/><V133/><F133/><W96/><G111/><T19/><D56/><N who="1" m="34967" /><E87/><N who="2" m="48615" /><F117/><W17/><G131/><T47/><D47/><N who="1" m="17963" /><E135/><V24/><F24/><W16/><G101/><T100/><D100/><U126/><AGARI ba="1,0" hai="13,15,124,125,126" m="17963,34967,11305" machi="126" ten="40,1500,0" yaku="18,1" doraHai="20" who="1" fromWho="1" sc="250,-8,250,18,250,-5,250,-5" /><INIT seed="1,0,0,3,3,72" ten="242,268,245,245" oya="1" hai0="57,134,87,16,8,82,46,106,32,15,65,132,115" hai1="90,56,70,93,29,54,21,5,37,40,123,58,97" hai2="91,131,34,41,103,23,38,116,71,68,73,39,75" hai3="60,28,107,52,99,127,63,67,43,80,130,10,17"/><U12/><E70/><V98/><F116/><W95/><G107/><T64/><D106/><U102/><E123/><V61/><F34/><W121/><G121/><T14/><D32/><U126/><E126/><V13/><F131/><W62/><G127/><T30/><D30/><U25/><E40/><V77/><F91/><N who="3" m="55807" /><G130/><T104/><D104/><U7/><E37/><V109/><F13/><N who="3" m="7351" /><G67/><T78/><D115/><U26/><E26/><V49/><F23/><W59/><G43/><T119/><D119/><U69/><E69/><V33/><F71/><W108/><G108/><T20/><D46/><U9/><E102/><V47/><F49/><N who="3" m="31119" /><G80/><T45/><D45/><U66/><E66/><N who="2" m="41039" /><F39/><W24/><G24/><T89/><D89/><U129/><E129/><V18/><F109/><W55/><G28/><T118/><D118/><U3/><E3/><V86/><F18/><W117/><G117/><T112/><D112/><U128/><E128/><V79/><F86/><W22/><G22/><T50/><D64/><U120/><E120/><V19/><F19/><W0/><G0/><T51/><D51/><U48/><E5/><V76/><F33/><W27/><G27/><T110/><D110/><U35/><REACH who="1" step="1"/><E35/><REACH who="1" ten="242,258,245,245" step="2"/><V74/><F103/><W53/><AGARI ba="0,1" hai="53,55,60,62,63" m="31119,7351,55807" machi="53" ten="30,2000,0" yaku="8,1,54,1" doraHai="72" who="3" fromWho="3" sc="242,-5,258,-10,245,-5,245,30" /><INIT seed="2,0,0,4,0,108" ten="237,248,240,275" oya="2" hai0="82,12,16,20,81,34,29,62,107,78,131,118,92" hai1="65,128,112,5,27,35,134,99,58,23,53,93,47" hai2="85,132,106,101,80,26,19,17,57,74,3,52,117" hai3="43,130,100,63,30,11,66,71,90,103,115,111,89"/><V86/><F3/><W84/><G111/><T105/><D118/><U54/><E112/><V127/><F117/><W79/><G115/><T88/><D131/><U9/><E35/><V98/><F127/><W21/><G130/><T87/><D81/><U10/><E134/><V6/><F132/><W56/><G43/><T37/><D37/><U50/><E128/><V102/><F6/><W7/><G71/><T120/><D120/><U121/><E5/><V110/><F101/><W133/><G133/><T69/><D34/><U42/><E121/><V25/><F110/><W61/><G61/><T64/><REACH who="0" step="1"/><D29/><REACH who="0" ten="227,248,240,275" step="2"/><N who="1" m="17663" /><E65/><V76/><F19/><W55/><G66/><T123/><D123/><U119/><E119/><V28/><F17/><W13/><G79/><T33/><D33/><U114/><E114/><V0/><F0/><W2/><G2/><T22/><D22/><U49/><E42/><V73/><F73/><AGARI ba="0,1" hai="12,16,20,62,64,69,73,78,82,87,88,92,105,107" machi="73" ten="30,7700,0" yaku="1,1,7,1,54,2,53,0" doraHai="108" doraHaiUra="94" who="0" fromWho="2" sc="227,87,248,0,240,-77,275,0" /><INIT seed="3,0,0,4,1,67" ten="314,248,163,275" oya="3" hai0="14,95,39,135,48,63,15,57,52,38,42,55,2" hai1="20,130,34,17,98,45,127,62,27,8,53,91,104" hai2="49,114,24,131,121,117,77,72,7,69,79,84,99" hai3="30,102,33,1,107,29,19,51,59,133,18,26,66"/><W86/><G1/><T100/><D2/><U23/><E127/><V41/><F117/><W132/><G107/><T58/><D135/><N who="3" m="51785" /><G102/><T123/><D123/><U118/><E130/><V25/><F131/><W75/><G75/><T83/><D83/><U46/><E34/><V47/><F121/><W4/><G86/><T28/><D28/><N who="3" m="10857" /><G66/><T113/><D113/><U120/><E118/><V65/><F114/><W11/><G59/><T119/><D119/><U115/><E120/><V110/><F110/><W5/><G51/><T0/><D0/><U92/><E104/><V70/><F72/><W16/><G33/><T6/><D6/><N who="3" m="2665" /><G11/><T12/><D42/><U125/><E8/><V124/><F124/><W87/><G87/><T68/><D39/><U74/><E74/><V112/><F112/><W50/><G50/><T60/><D38/><U78/><E125/><V129/><F129/><W76/><G76/><T101/><D48/><U81/><E115/><V13/><F99/><W64/><G64/><T122/><D122/><U82/><E23/><AGARI ba="0,0" hai="16,18,19,23,26" m="2665,10857,51785" machi="23" ten="30,11600,0" yaku="20,1,34,2,54,1" doraHai="67" who="3" fromWho="1" sc="314,0,248,-116,163,0,275,116" owari="314,11.0,132,-37.0,163,-24.0,391,50.0" /></mjloggm>