<mjloggm ver="2.3"><GO type="169" lobby="0"/><UN n0="%E8%A1%A8%E8%A3%8F%E8%A3%8F" n1="%E3%82%A6%E3%83%AB%E3%83%88%E3%83%A9%E7%AB%8B%E7%9B%B4" n2="%4E%45%5A%55%37%37" n3="%E3%81%8A%E8%82%89%E3%81%A1%E3%82%83%E3%82%93" dan="17,16,16,17" rate="2176.75,2084.60,2105.86,2144.29" sx="M,M,M,M"/><TAIKYOKU oya="0"/><INIT seed="0,0,0,3,0,56" ten="250,250,250,250" oya="0" hai0="34,25,128,119,61,40,50,79,41,45,69,53,77" hai1="13,58,16,113,98,97,67,44,42,0,122,121,5" hai2="3,132,93,27,47,127,123,46,37,108,104,95,76" hai3="55,100,35,92,94,59,43,66,51,89,14,22,15"/><T135/><D119/><U116/><E116/><V49/><F123/><W19/><G35/><T63/><D135/><U82/><E113/><V101/><F132/><W65/><G43/><N who="0" m="16459" /><D34/><U124/><E124/><V12/><F3/><W131/><G131/><T111/><D69/><U85/><E5/><V110/><F37/><W9/><G100/><T83/><D128/><U114/><E0/><V106/><F127/><W86/><REACH who="3" step="1"/><G94/><REACH who="3" ten="250,250,250,240" step="2"/><T99/><D111/><U74/><E121/><V129/><F129/><W120/><G120/><T103/><D25/><U117/><E122/><V28/><F95/><W109/><G109/><T17/><D17/><AGARI ba="0,1" hai="9,14,15,17,19,22,51,55,59,65,66,86,89,92" machi="17" ten="30,8000,1" yaku="1,1,7,1,25,2,8,1,53,0" doraHai="56" doraHaiUra="64" who="3" fromWho="0" sc="250,-80,250,0,250,0,240,90" /><INIT seed="1,0,0,0,1,17" ten="170,250,250,330" oya="1" hai0="81,113,101,57,108,43,1,122,114,92,38,19,26" hai1="48,20,107,105,33,78,131,124,127,54,21,98,74" hai2="77,56,126,123,76,11,128,111,86,83,61,115,30" hai3="134,23,36,40,125,119,14,31,28,65,84,71,96"/><U47/><E33/><V95/><F123/><W106/><G40/><T91/><D122/><U94/><E131/><V80/><F111/><W66/><G36/><T45/><D108/><U25/><E78/><V49/><F128/><W90/><G134/><T15/><D1/><U7/><E7/><V44/><F126/><N who="1" m="48169" /><E74/><V62/><F115/><W79/><G125/><T97/><D26/><U132/><E132/><V130/><F130/><W100/><G79/><T24/><D24/><U46/><E47/><V72/><F30/><W103/><G103/><T112/><D57/><U99/><E98/><V73/><F11/><W67/><G71/><T59/><D59/><U4/><E4/><V75/><F95/><W87/><G119/><T34/><D34/><U69/><E69/><V39/><F39/><W2/><G2/><T110/><D110/><U3/><E3/><V60/><REACH who="2" step="1"/><F56/><REACH who="2" ten="170,250,240,330" step="2"/><W55/><G31/><T133/><D133/><U52/><E107/><V16/><F16/><W117/><G28/><T8/><D113/><U121/><E105/><V93/><F93/><W35/><G106/><T29/><D29/><N who="1" m="17575" /><E121/><V109/><F109/><W0/><G35/><T129/><D129/><U118/><E118/><V13/><F13/><W104/><G117/><T58/><D58/><U53/><E21/><V22/><F22/><W42/><G0/><T50/><D38/><U88/><AGARI ba="0,1" hai="46,48,52,53,54,88,94,99" m="17575,48169" machi="88" ten="30,11700,0" yaku="18,1,52,1,54,2" doraHai="17" who="1" fromWho="1" sc="170,-39,250,127,240,-39,330,-39" /><INIT seed="1,1,0,3,5,89" ten="131,377,201,291" oya="1" hai0="92,77,6,91,69,106,23,43,120,10,11,108,132" hai1="44,109,33,113,19,114,50,41,26,60,20,128,3" hai2="54,71,40,45,115,104,78,111,12,1,13,34,30" hai3="118,4,81,9,125,124,47,21,90,62,102,29,68"/><U99/><E3/><V61/><F111/><W7/><G118/><T5/><D106/><U107/><E109/><V46/><F1/><W76/><G102/><T135/><D69/><U39/><E128/><V16/><F104/><W57/><G62/><T83/><D120/><U130/><E130/><V22/><F115/><W17/><G57/><T96/><D43/><U121/><E121/><V28/><F78/><W134/><G68/><T63/><D63/><U74/><E74/><V129/><F129/><W55/><G55/><T42/><D42/><U2/><E2/><V131/><F131/><W94/><G47/><T48/><D48/><U127/><E33/><V79/><F79/><W52/><G52/><T95/><D23/><U105/><E105/><V56/><F34/><W84/><G29/><N who="2" m="11369" /><F71/><W100/><G100/><T101/><D108/><U67/><E39/><V64/><F40/><W24/><G134/><N who="0" m="51243" /><D83/><U98/><E107/><V123/><F123/><W87/><REACH who="3" step="1"/><G9/><REACH who="3" ten="131,377,201,281" step="2"/><N who="0" m="3083" /><D77/><U93/><E41/><V72/><F72/><W35/><G35/><T86/><AGARI ba="1,1" hai="5,6,86,91,92,95,96,101" m="3083,51243" machi="86" ten="30,4000,0" yaku="20,1,52,2" doraHai="89" who="0" fromWho="0" sc="131,53,377,-21,201,-11,281,-11" /><INIT seed="2,0,0,2,2,104" ten="184,356,190,270" oya="2" hai0="17,119,132,56,126,84,15,31,66,117,85,59,109" hai1="37,74,76,88,125,6,10,40,52,35,94,129,105" hai2="3,106,38,63,135,49,24,73,72,111,36,79,97" hai3="87,18,81,70,20,131,16,44,30,130,28,103,48"/><V51/><F3/><W90/><G70/><T21/><D132/><U86/><E35/><V9/><F135/><W89/><G103/><T115/><D115/><U116/><E116/><N who="0" m="44617" /><D109/><U27/><E27/><V64/><F24/><W122/><G122/><T13/><D126/><U22/><E22/><V133/><F133/><W118/><G118/><T11/><D31/><U110/><E110/><V83/><F111/><W92/><G130/><T134/><D134/><U47/><E125/><V75/><F9/><W32/><G32/><T107/><D107/><U45/><E105/><V68/><F51/><W91/><G131/><T99/><D99/><U4/><E4/><V53/><F97/><N who="3" m="57487" /><G91/><T1/><D1/><N who="1" m="335" /><E47/><V23/><F23/><W46/><G46/><T95/><D95/><U42/><E40/><V100/><F100/><W123/><G123/><T8/><D8/><U41/><E41/><V120/><F106/><W61/><G61/><N who="0" m="38183" /><D59/><U82/><E129/><V112/><F120/><W33/><G33/><T128/><D128/><U67/><E67/><V57/><REACH who="2" step="1"/><F112/><REACH who="2" ten="184,356,180,270" step="2"/><W101/><G101/><T96/><D96/><U114/><E114/><V77/><F77/><W78/><G78/><T19/><AGARI ba="0,1" hai="11,13,15,17,19,21,84,85" m="38183,44617" machi="19" ten="30,1100,0" yaku="12,1" doraHai="104" who="0" fromWho="0" sc="184,21,356,-3,180,-5,270,-3" /><INIT seed="3,0,0,1,0,66" ten="205,353,175,267" oya="3" hai0="85,21,92,130,88,10,22,62,122,131,123,49,38" hai1="52,135,25,119,27,19,35,126,57,7,4,46,83" hai2="37,17,115,54,94,6,71,133,33,31,64,116,44" hai3="34,107,32,89,128,65,96,12,63,61,42,16,113"/><W58/><G113/><T118/><D118/><U105/><E105/><V112/><F116/><W80/><G128/><N who="0" m="49195" /><D38/><U103/><E35/><V74/><F74/><W2/><G2/><T97/><D49/><U15/><E103/><V45/><F133/><W114/><G114/><T75/><D75/><U48/><E126/><V47/><F37/><W14/><G14/><T41/><D41/><U43/><E83/><V132/><F132/><W86/><G42/><T18/><D62/><N who="1" m="36135" /><E119/><V121/><F121/><N who="0" m="46090" /><D97/><U11/><E135/><V106/><F106/><W134/><G134/><T30/><D30/><U59/><E59/><V67/><F31/><W24/><G63/><T13/><AGARI ba="0,0" hai="10,13,18,21,22,85,88,92" m="46090,49195" machi="13" ten="40,2700,0" yaku="19,1,54,1" doraHai="66" who="0" fromWho="0" sc="205,27,353,-7,175,-7,267,-13" /><INIT seed="4,0,0,3,3,94" ten="232,346,168,254" oya="0" hai0="40,9,14,120,129,104,54,63,36,11,23,131,92" hai1="132,15,8,105,95,3,103,75,2,6,123,70,72" hai2="45,90,66,81,79,13,1,38,68,71,51,106,59" hai3="67,78,93,30,12,5,52,39,44,35,133,127,37"/><T77/><D104/><U116/><E95/><V24/><F1/><W58/><G67/><T33/><D33/><U17/><E17/><V7/><F106/><W111/><G111/><T25/><D120/><U50/><E50/><V121/><F121/><W99/><G127/><T43/><D77/><U113/><E15/><V57/><F38/><W73/><G133/><T102/><D63/><U4/><E123/><V47/><F68/><W76/><G30/><T65/><D65/><U96/><E116/><V46/><F71/><W64/><G35/><T89/><D54/><U34/><E132/><V125/><F125/><W124/><G64/><T62/><D62/><U27/><E70/><V19/><F79/><W82/><G44/><T88/><D102/><U97/><E97/><V0/><F0/><W128/><G78/><T49/><D36/><U98/><E98/><V135/><F135/><W114/><G124/><T87/><D89/><U32/><E113/><V119/><F119/><W20/><G114/><T80/><D92/><U85/><E85/><N who="2" m="50479" /><F24/><W16/><G5/><N who="0" m="3375" /><D11/><N who="1" m="2455" /><E34/><V107/><F7/><W41/><G41/><T101/><D101/><U60/><E60/><N who="2" m="38159" /><F107/><W61/><G128/><N who="0" m="49227" /><D49/><U10/><E10/><N who="2" m="6583" /><F59/><W83/><G83/><T28/><AGARI ba="0,0" hai="23,25,28,40,43,80,87,88" m="49227,3375" machi="28" ten="30,3000,0" yaku="19,1,54,1" doraHai="94" who="0" fromWho="0" sc="232,30,346,-10,168,-10,254,-10" /><INIT seed="4,1,0,1,5,49" ten="262,336,158,244" oya="0" hai0="38,35,53,47,97,128,105,63,133,44,99,78,7" hai1="15,120,50,5,54,20,86,62,74,8,2,87,84" hai2="104,118,48,108,0,131,29,93,96,52,36,12,81" hai3="10,51,116,55,117,69,112,129,115,68,77,132,46"/><T89/><D35/><U33/><E74/><V76/><F108/><W101/><G101/><T83/><D133/><U17/><E120/><V64/><F0/><W75/><G10/><T28/><D128/><U92/><E62/><V114/><F131/><W102/><G102/><T73/><D28/><U123/><E33/><V21/><F36/><W34/><G34/><T130/><D130/><U25/><E123/><V66/><F114/><N who="3" m="43563" /><G77/><T40/><D105/><U24/><REACH who="1" step="1"/><E92/><REACH who="1" ten="262,326,158,244" step="2"/><V103/><F104/><W27/><G75/><T134/><D63/><U32/><E32/><V91/><F118/><N who="3" m="45675" /><G129/><T88/><D73/><U109/><E109/><V22/><F93/><W60/><G132/><T127/><D134/><U31/><E31/><V14/><F29/><W122/><G122/><T18/><D83/><U41/><E41/><V30/><F81/><W57/><G27/><T111/><D111/><U110/><E110/><V98/><F30/><W107/><G107/><T94/><D94/><U124/><E124/><V121/><F121/><W45/><G60/><T135/><D127/><U58/><AGARI ba="1,1" hai="2,5,8,15,17,20,24,25,50,54,58,84,86,87" machi="58" ten="30,7900,0" yaku="1,1,0,1,52,1,53,1" doraHai="49" doraHaiUra="9" who="1" fromWho="1" sc="262,-40,326,92,158,-21,244,-21" /><INIT seed="5,0,0,3,3,133" ten="222,418,137,223" oya="1" hai0="26,104,85,8,115,62,123,106,116,9,66,80,65" hai1="18,135,73,70,100,7,120,81,71,56,97,60,101" hai2="113,119,4,5,39,129,93,131,40,76,28,52,13" hai3="64,32,49,86,79,21,125,126,37,108,69,94,48"/><U111/><E101/><V0/><F119/><W67/><G32/><T109/><D116/><U51/><E120/><V127/><F0/><W53/><G37/><T15/><D109/><U122/><E122/><V36/><F76/><W124/><G108/><T47/><D115/><U91/><E7/><V10/><F113/><W20/><G49/><T130/><D130/><U88/><E135/><V2/><F28/><W25/><G69/><T34/><D66/><N who="3" m="25129" /><G25/><T63/><D63/><U27/><E51/><V11/><F127/><W121/><G121/><T99/><D47/><U87/><E73/><V16/><F5/><W117/><G117/><T114/><D8/><U128/><E128/><N who="2" m="49227" /><F40/><W1/><G1/><T23/><D34/><U132/><E132/><V74/><F74/><W90/><G79/><T43/><D43/><U44/><E111/><V89/><F52/><W83/><G83/><T30/><D114/><U68/><E44/><AGARI ba="0,0" hai="20,21,44,48,53,86,90,94,124,125,126" m="25129" machi="44" ten="30,7700,0" yaku="18,1,52,3" doraHai="133" who="3" fromWho="1" sc="222,0,418,-77,137,0,223,77" /><INIT seed="6,0,0,4,5,117" ten="222,341,137,300" oya="2" hai0="91,131,28,35,17,134,65,25,45,64,121,125,50" hai1="31,79,53,124,15,77,34,128,112,111,98,61,8" hai2="129,18,118,46,103,7,85,75,63,99,51,132,27" hai3="109,69,49,82,107,68,74,123,84,122,48,105,55"/><V2/><F118/><W9/><G74/><T16/><D121/><U94/><E111/><V83/><F75/><W32/><G32/><T19/><D134/><U67/><E112/><V5/><F132/><W86/><G9/><T108/><D108/><U102/><E124/><V126/><F126/><W39/><G109/><T40/><D125/><U114/><E114/><V62/><F2/><W24/><G24/><T78/><D131/><U37/><E37/><V60/><F129/><W100/><G100/><T36/><D78/><U88/><E53/><V52/><F27/><W29/><G29/><T26/><D91/><U110/><E110/><V73/><F18/><W42/><G55/><T14/><D26/><U89/><E31/><V101/><F73/><W59/><G59/><T44/><REACH who="0" step="1"/><D14/><REACH who="0" ten="212,341,137,300" step="2"/><U0/><E0/><V10/><F10/><W135/><G135/><T90/><D90/><U11/><E89/><N who="2" m="51391" /><F99/><W23/><G122/><T127/><D127/><U33/><E11/><V3/><F3/><W66/><G123/><T70/><D70/><N who="1" m="42351" /><E128/><V92/><F92/><W81/><G68/><T116/><D116/><U76/><E8/><V57/><F57/><W115/><G69/><T95/><D95/><U96/><E15/><V22/><F22/><W43/><G23/><T80/><D80/><U20/><E20/><V13/><F13/><W56/><G56/><T106/><D106/><N who="1" m="63831" /><E33/><V97/><F97/><W87/><G115/><T1/><D1/><U130/><E34/><V30/><F30/><W72/><G107/><T6/><D6/><AGARI ba="0,1" hai="5,6,7,46,51,52,60,62,63,101,103" m="51391" machi="6" ten="30,2900,0" yaku="8,1,54,1" doraHai="117" who="2" fromWho="0" sc="212,-29,341,0,137,39,300,0" /><INIT seed="6,1,0,2,4,43" ten="183,341,176,300" oya="2" hai0="99,65,93,24,127,97,90,6,12,11,63,27,41" hai1="109,125,16,10,9,54,123,119,53,48,49,102,128" hai2="69,59,74,94,7,52,122,67,81,108,103,111,4" hai3="29,64,25,120,46,18,45,47,95,134,133,82,36"/><V87/><F122/><W105/><G105/><T104/><D127/><U13/><E119/><V124/><F124/><W88/><G120/><T20/><D41/><U113/><E109/><N who="2" m="42059" /><F67/><W86/><G64/><T106/><D97/><U121/><E113/><V21/><F69/><W71/><G71/><T38/><D38/><U37/><E37/><V30/><F74/><W1/><G1/><T84/><D84/><U80/><E125/><V28/><F94/><W79/><G18/><T60/><D27/><U58/><E128/><V2/><F103/><W3/><G3/><T70/><REACH who="0" step="1"/><D63/><REACH who="0" ten="173,341,176,300" step="2"/><U56/><E121/><V44/><F2/><W34/><REACH who="3" step="1"/><G36/><REACH who="3" ten="173,341,176,290" step="2"/><T33/><D33/><U0/><E123/><V112/><F112/><W51/><G51/><T61/><D61/><U98/><E0/><V135/><F135/><W130/><G130/><T117/><D117/><U73/><E49/><V31/><F28/><AGARI ba="1,2" hai="6,11,12,20,24,28,60,65,70,90,93,99,104,106" machi="28" ten="30,3900,0" yaku="1,1,7,1,53,1" doraHai="43" doraHaiUra="19" who="0" fromWho="2" sc="173,62,341,0,176,-42,290,0" /><INIT seed="7,0,0,0,1,27" ten="235,341,134,290" oya="3" hai0="24,66,92,89,37,14,103,58,42,87,132,79,86" hai1="28,131,109,53,76,30,129,115,57,96,4,12,51" hai2="67,90,81,91,104,117,29,31,65,100,47,134,52" hai3="123,106,72,121,122,34,116,135,1,9,41,2,33"/><W88/><G116/><T35/><D132/><U124/><E109/><V112/><F117/><W54/><G54/><T11/><D103/><U108/><E108/><V15/><F112/><W69/><G88/><T61/><D35/><N who="3" m="13321" /><G135/><T105/><D105/><U84/><E115/><V43/><F134/><W44/><G69/><T113/><D24/><U95/><E84/><V120/><F120/><W85/><G85/><T126/><D113/><U93/><E76/><V6/><F43/><W13/><G13/><T32/><D32/><U21/><E95/><V73/><F73/><W97/><G72/><T125/><D37/><U71/><E71/><V7/><F104/><W59/><G59/><T94/><D42/><U25/><E30/><N who="2" m="11275" /><F100/><N who="3" m="62735" /><G9/><T99/><D79/><U128/><E131/><V23/><F23/><W45/><G45/><T75/><D75/><U39/><E21/><V49/><F15/><W111/><G111/><T26/><D26/><U119/><E129/><V114/><F114/><W102/><G102/><T38/><D38/><AGARI ba="0,0" hai="1,2,38,41,44,121,122,123" m="62735,13321" machi="38" ten="40,2000,0" yaku="23,1" doraHai="27" who="3" fromWho="0" sc="235,-20,341,0,134,0,290,20" /><INIT seed="7,1,0,4,4,76" ten="215,341,134,310" oya="3" hai0="126,85,27,113,68,11,127,96,54,8,94,121,74" hai1="4,5,71,128,50,107,129,64,57,62,63,31,114" hai2="1,112,46,81,119,37,116,106,49,7,24,33,79" hai3="17,42,118,133,19,55,22,98,77,29,83,82,91"/><W66/><G118/><T103/><D74/><U117/><E117/><V120/><F49/><W43/><G66/><T36/><D121/><U78/><E114/><V87/><F112/><W32/><G32/><T101/><D113/><U51/><E78/><V40/><F120/><W73/><G133/><T88/><D68/><U90/><E90/><V125/><F125/><N who="0" m="47626" /><D36/><U58/><E31/><V18/><F106/><W104/><G29/><T69/><D69/><U84/><E84/><V109/><F109/><W105/><G19/><T95/><D54/><U115/><E107/><V12/><F33/><W56/><G104/><N who="0" m="63527" /><D27/><U35/><E35/><V134/><F134/><W135/><G135/><T0/><D0/><U102/><E102/><V75/><F24/><W47/><G47/><T108/><D108/><U100/><E100/><V38/><F38/><W10/><G105/><T92/><D103/><U130/><E115/><V93/><F93/><AGARI ba="1,0" hai="8,11,85,88,92,93,94,95" m="63527,47626" machi="93" ten="30,2000,0" yaku="18,1,54,1" doraHai="76" who="0" fromWho="2" sc="215,23,341,0,134,-23,310,0" owari="238,-16.0,341,44.0,111,-39.0,310,11.0" /></mjloggm>