<mjloggm ver="2.3"><GO type="41" lobby="0"/><UN n0="%E3%82%A2%E3%83%8F%E3%83%94" n1="%E5%90%89%E8%A1%8C%E5%BF%97%E9%A6%99%E5%AD%90" n2="%E5%B0%B1%E6%B4%BB%E7%94%9F%40%E5%B7%9D%E6%9D%91%E8%BB%8D%E5%9B%A3" n3="%E6%AD%A6" dan="14,15,16,13" rate="1968.88,1986.24,2152.99,1873.26" sx="M,M,M,M"/><TAIKYOKU oya="0"/><INIT seed="0,0,0,5,1,77" ten="250,250,250,250" oya="0" hai0="13,64,110,116,84,16,130,66,7,31,23,40,67" hai1="22,17,89,6,82,106,12,54,129,134,42,90,94" hai2="2,100,52,124,131,63,38,122,95,32,27,41,3" hai3="58,71,10,68,91,83,46,29,93,86,30,135,80"/><T0/><D116/><U73/><E106/><V57/><F122/><W65/><G135/><T76/><D130/><U28/><E134/><V19/><F131/><W81/><G71/><T87/><D40/><U47/><E129/><V112/><F112/><W121/><G121/><T119/><D119/><U92/><E54/><V108/><F108/><W14/><G68/><T37/><D37/><U79/><E28/><V101/><F124/><W132/><G132/><T44/><D44/><U88/><REACH who="1" step="1"/><E6/><REACH who="1" ten="250,240,250,250" step="2"/><V78/><F32/><W118/><G118/><T85/><D31/><U50/><AGARI ba="0,1" hai="12,17,22,42,47,50,73,79,82,88,89,90,92,94" machi="50" ten="30,8000,1" yaku="1,1,2,1,0,1,52,1,54,1,53,0" doraHai="77" doraHaiUra="61" who="1" fromWho="1" sc="250,-40,240,90,250,-20,250,-20" /><INIT seed="1,0,0,4,5,93" ten="210,330,230,230" oya="1" hai0="119,11,63,36,122,66,45,111,102,20,105,54,94" hai1="25,0,90,68,71,83,12,39,133,43,62,46,89" hai2="76,21,134,112,27,41,8,7,22,77,126,110,42" hai3="33,31,18,130,5,86,109,19,17,48,67,118,128"/><U28/><E0/><V131/><F112/><W14/><G109/><T99/><D111/><U57/><E133/><V108/><F134/><W56/><G118/><T47/><D119/><U98/><E12/><V82/><F126/><W116/><G116/><T70/><D122/><U51/><E39/><V124/><F124/><W135/><G135/><T53/><D11/><U74/><E74/><V29/><F131/><N who="3" m="50219" /><G86/><T64/><D64/><U35/><E83/><V96/><F22/><W1/><G67/><T79/><D79/><U44/><E44/><V32/><F32/><W40/><G40/><T69/><D69/><U114/><E114/><V72/><F77/><W97/><G97/><T4/><D4/><U26/><E26/><V58/><F58/><W60/><G60/><T49/><D20/><U15/><E15/><V91/><F110/><W117/><G117/><T50/><REACH who="0" step="1"/><D36/><REACH who="0" ten="200,330,230,230" step="2"/><U120/><E120/><V73/><F108/><W52/><G5/><T104/><AGARI ba="0,1" hai="45,47,49,50,53,54,63,66,70,94,99,102,104,105" machi="104" ten="30,8000,1" yaku="1,1,2,1,0,1,9,1,52,1,53,0" doraHai="93" doraHaiUra="38" who="0" fromWho="0" sc="200,90,330,-40,230,-20,230,-20" /><INIT seed="2,0,0,1,5,63" ten="290,290,210,210" oya="2" hai0="71,55,101,36,21,123,117,95,103,110,76,18,47" hai1="116,97,11,49,58,31,75,33,111,90,92,84,45" hai2="115,65,32,19,133,6,112,119,59,16,60,23,7" hai3="125,118,129,96,87,122,57,3,28,42,80,102,74"/><V82/><F32/><W113/><G122/><T39/><D110/><U50/><E116/><V81/><F119/><W89/><G118/><T127/><D123/><U25/><E75/><V13/><F133/><W98/><G3/><T12/><D117/><U114/><E114/><V22/><F115/><W53/><G113/><T91/><D76/><U64/><E111/><V105/><F105/><W27/><G125/><T29/><D127/><U14/><E97/><V30/><F30/><W94/><G129/><T35/><D71/><U68/><E68/><V66/><F112/><W52/><G42/><T41/><D36/><U17/><E45/><V124/><F124/><W100/><G74/><T104/><D104/><U88/><REACH who="1" step="1"/><E90/><REACH who="1" ten="290,280,210,210" step="2"/><V62/><F59/><W8/><G57/><T132/><D101/><U54/><E54/><V9/><F9/><W109/><G109/><T43/><D103/><U20/><E20/><V99/><F99/><W131/><G8/><T67/><D55/><U51/><E51/><V79/><F79/><W126/><G126/><T44/><D47/><U5/><E5/><V77/><F77/><W61/><G131/><T15/><D44/><U128/><E128/><V85/><F85/><W26/><G61/><AGARI ba="0,1" hai="11,14,17,25,31,33,49,50,58,61,64,84,88,92" machi="61" ten="40,8000,1" yaku="1,1,52,1,54,1,53,1" doraHai="63" doraHaiUra="86" who="1" fromWho="3" sc="290,0,280,90,210,0,210,-80" /><INIT seed="3,0,0,2,0,0" ten="290,370,210,130" oya="3" hai0="98,30,10,106,7,102,62,73,59,89,57,4,121" hai1="26,5,97,40,45,63,100,117,47,116,107,112,123" hai2="14,36,53,31,94,133,41,68,74,128,71,113,101" hai3="18,58,32,72,61,24,37,110,111,91,16,43,122"/><W70/><G122/><T8/><D121/><U134/><E112/><V75/><F31/><N who="3" m="19559" /><G70/><T80/><D30/><U39/><E123/><V88/><F113/><W78/><G91/><T1/><D62/><U84/><E84/><V50/><F128/><W95/><G95/><T33/><D33/><U54/><E134/><V19/><F101/><W55/><G43/><T92/><D80/><U65/><E26/><V82/><F133/><W27/><G27/><T99/><REACH who="0" step="1"/><D73/><REACH who="0" ten="280,370,210,130" step="2"/><U131/><E63/><V69/><F82/><N who="3" m="45383" /><G37/><T129/><D129/><U17/><E39/><V87/><F36/><W3/><G3/><AGARI ba="0,1" hai="1,3,4,7,8,10,57,59,89,92,98,99,102,106" machi="3" ten="30,12000,2" yaku="1,1,7,1,9,1,52,2,53,1" doraHai="0" doraHaiUra="96" who="0" fromWho="3" sc="280,130,370,0,210,0,130,-120" /><INIT seed="4,0,0,0,3,108" ten="410,370,210,10" oya="0" hai0="116,12,42,135,86,16,47,21,125,124,26,114,101" hai1="102,70,38,8,133,128,24,96,19,88,34,104,90" hai2="71,60,80,93,106,61,29,30,48,35,126,75,130" hai3="110,51,18,59,13,73,57,0,120,89,53,9,66"/><T111/><D116/><U44/><E70/><V17/><F106/><W41/><G120/><T55/><D111/><U78/><E128/><V62/><F130/><W32/><G32/><T79/><D101/><U81/><E133/><V58/><F126/><N who="0" m="48746" /><D114/><U83/><E83/><V92/><F71/><W1/><G110/><T118/><D118/><U22/><E34/><V109/><F109/><W46/><G73/><T63/><D135/><U14/><E44/><V2/><F2/><W129/><G129/><T87/><D79/><U97/><E97/><V100/><F35/><W33/><G33/><T77/><D77/><U132/><E38/><V28/><F75/><W15/><G89/><T54/><D26/><U105/><E105/><V27/><F100/><W25/><G25/><T7/><D7/><U52/><E52/><N who="0" m="20009" /><D63/><U20/><E132/><V37/><F37/><AGARI ba="0,0" hai="12,16,21,37,42,47,86,87" m="20009,48746" machi="37" ten="30,5800,0" yaku="18,1,54,2" doraHai="108" who="0" fromWho="2" sc="410,58,370,0,210,-58,10,0" /><INIT seed="4,1,0,2,5,9" ten="468,370,152,10" oya="0" hai0="47,103,126,102,108,58,53,55,14,24,34,129,109" hai1="69,42,87,78,29,122,26,16,43,33,105,100,48" hai2="38,19,10,61,56,67,106,1,30,110,90,114,57" hai3="107,115,86,62,83,119,117,101,81,92,85,113,130"/><T3/><D3/><U71/><E122/><V79/><F106/><W135/><G135/><T11/><D126/><U76/><E105/><V93/><F110/><N who="0" m="42602" /><D129/><U80/><E100/><N who="0" m="38441" /><D47/><U72/><E76/><V49/><F79/><W77/><G62/><T65/><D65/><U4/><E4/><V12/><F61/><W25/><G25/><T44/><D44/><U123/><E72/><V75/><F114/><N who="3" m="43531" /><G130/><T22/><D58/><U52/><E123/><V132/><F57/><W124/><G124/><T50/><D50/><U45/><REACH who="1" step="1"/><E16/><REACH who="1" ten="468,360,152,10" step="2"/><V60/><F19/><W127/><G127/><T82/><D82/><U41/><AGARI ba="1,1" hai="26,29,33,41,42,43,45,48,52,69,71,78,80,87" machi="41" ten="30,7900,0" yaku="1,1,2,1,0,1,54,1,53,0" doraHai="9" doraHaiUra="96" who="1" fromWho="1" sc="468,-40,360,92,152,-21,10,-21" owari="428,23.0,452,55.0,131,-27.0,-11,-51.0" /></mjloggm>