<mjloggm ver="2.3"><GO type="169" lobby="0"/><UN n0="%4E%75%74%61%37%39" n1="%E3%82%80%E3%81%A8%E3%81%85%E3%83%BC" n2="%D0%A1%E3%82%AB%E3%83%83%E3%83%97%E5%A4%A7%E9%96%A2" n3="%E5%B0%B1%E6%B4%BB%E7%94%9F%40%E5%B7%9D%E6%9D%91%E8%BB%8D%E5%9B%A3" dan="16,16,16,17" rate="2113.83,2151.47,2052.43,2142.16" sx="M,M,M,M"/><TAIKYOKU oya="0"/><INIT seed="0,0,0,0,1,19" ten="250,250,250,250" oya="0" hai0="48,71,89,80,7,12,26,127,52,1,29,77,59" hai1="61,9,62,118,6,56,99,44,114,55,15,34,33" hai2="100,115,57,90,0,17,36,27,53,41,49,39,98" hai3="125,126,31,102,93,129,21,119,64,16,75,47,8"/><T105/><D105/><U76/><E118/><V130/><F0/><W10/><G75/><T117/><D71/><U133/><E133/><V81/><F115/><W97/><G119/><T58/><D117/><U13/><E114/><V135/><F135/><W121/><G31/><T70/><D70/><U50/><E76/><V66/><F66/><W94/><G64/><T32/><D1/><U4/><E99/><V87/><F130/><W68/><G68/><T74/><D127/><N who="3" m="48649" /><G129/><T79/><D79/><U124/><E124/><V101/><F101/><W60/><G60/><T18/><D7/><U28/><E28/><V46/><F27/><N who="3" m="14759" /><G121/><T92/><D59/><U69/><E69/><V128/><F128/><W23/><G94/><T132/><D132/><U20/><E62/><V107/><F17/><W123/><G123/><T5/><D5/><U91/><E33/><V67/><REACH who="2" step="1"/><F67/><REACH who="2" ten="250,250,240,250" step="2"/><W104/><G104/><T83/><D18/><N who="1" m="10335" /><E6/><V122/><F122/><W72/><G72/><T103/><D74/><U63/><E4/><V3/><F3/><W86/><G10/><T38/><D29/><U37/><E9/><V112/><F112/><W110/><G8/><T95/><D26/><U65/><E65/><V22/><F22/><W11/><G11/><T35/><D32/><U51/><E34/><V14/><F14/><W30/><G110/><T40/><D12/><U84/><E13/><V45/><F45/><W82/><G47/><T96/><D35/><U42/><E37/><AGARI ba="0,1" hai="36,37,39,41,46,49,53,57,81,87,90,98,100,107" machi="37" ten="30,2000,0" yaku="1,1,7,1,53,0" doraHai="19" doraHaiUra="106" who="2" fromWho="1" sc="250,0,250,-20,240,30,250,0" /><INIT seed="1,0,0,2,2,14" ten="250,230,270,250" oya="1" hai0="18,108,69,54,29,60,120,71,116,16,44,26,118" hai1="135,25,130,2,63,102,12,103,48,56,99,11,93" hai2="51,79,1,100,124,105,109,64,132,46,78,127,34" hai3="75,23,32,123,92,110,30,9,59,98,114,131,126"/><U41/><E2/><V21/><F34/><W85/><G85/><T90/><D120/><U122/><E122/><V65/><F1/><W72/><G59/><T87/><D108/><U47/><E130/><V117/><F109/><W58/><G58/><T45/><D69/><U27/><E103/><V97/><F117/><W42/><G42/><T35/><D45/><U53/><REACH who="1" step="1"/><E135/><REACH who="1" ten="250,220,270,250" step="2"/><V94/><F132/><W77/><G123/><T57/><D71/><U62/><E62/><V10/><F127/><W101/><G126/><T133/><D133/><U88/><E88/><V70/><F124/><W112/><G101/><T6/><D116/><U37/><E37/><V43/><F70/><W39/><G39/><T73/><D118/><U28/><E28/><V82/><F78/><W95/><G30/><T31/><D31/><U36/><E36/><V80/><F79/><W33/><G77/><T5/><D73/><U107/><E107/><V40/><F105/><W3/><G75/><T24/><D44/><U13/><E13/><V4/><F46/><W74/><G72/><T121/><D121/><U134/><E134/><V49/><F100/><W113/><G3/><T66/><D26/><U91/><E91/><V22/><F49/><W7/><G74/><T15/><D15/><U67/><E67/><V129/><F65/><W111/><G131/><T125/><D66/><U55/><E55/><V89/><F64/><W119/><G111/><T52/><D125/><U19/><AGARI ba="0,1" hai="11,12,19,25,27,41,47,48,53,56,63,93,99,102" machi="19" ten="20,12000,1" yaku="1,1,0,1,7,1,8,1,52,1,53,0" doraHai="14" doraHaiUra="115" who="1" fromWho="1" sc="250,-40,220,130,270,-40,250,-40" /><INIT seed="1,1,0,2,5,14" ten="210,350,230,210" oya="1" hai0="92,102,100,19,79,18,41,67,33,22,16,69,50" hai1="65,64,40,6,90,46,17,47,113,104,94,71,129" hai2="48,45,95,30,21,84,124,39,52,88,36,12,62" hai3="44,130,121,60,74,53,108,1,68,98,118,76,0"/><U135/><E104/><V110/><F110/><W10/><G53/><T35/><D35/><U112/><E129/><V66/><F124/><W133/><G98/><N who="0" m="59463" /><D33/><U120/><E120/><V61/><F61/><W25/><G60/><T116/><D69/><U20/><E135/><V85/><F85/><W115/><G76/><T134/><D134/><U123/><E123/><V15/><F30/><W5/><G44/><N who="0" m="25871" /><D116/><U83/><E83/><V29/><F29/><W78/><G78/><T89/><D67/><U26/><E6/><V63/><F63/><W80/><G5/><T132/><D132/><U32/><E32/><V51/><F51/><W101/><G80/><T23/><D79/><U9/><E71/><V131/><F131/><W96/><G68/><T8/><D102/><U57/><E112/><V73/><F73/><W99/><G101/><T54/><D8/><U103/><E9/><V7/><F7/><W70/><G10/><T55/><D89/><U37/><E103/><V77/><F77/><W43/><G70/><T82/><D82/><U93/><E93/><V31/><F39/><W86/><G74/><T107/><D107/><U75/><E75/><V56/><F36/><W97/><G133/><T105/><D105/><U81/><E81/><V11/><F11/><W3/><G130/><T91/><D91/><U114/><E47/><V58/><F45/><W4/><G115/><N who="1" m="44042" /><E57/><V13/><F31/><W27/><G121/><T2/><D2/><U49/><E37/><V109/><F109/><W117/><G0/><T119/><D119/><U125/><E125/><V128/><F128/><RYUUKYOKU ba="1,0" sc="210,10,350,10,230,10,210,-30" hai0="16,18,19,22,23,54,55" hai1="17,20,26,40,46,49,64,65,90,94" hai2="12,13,15,21,48,52,56,58,62,66,84,88,95" /><INIT seed="1,2,0,3,1,46" ten="220,360,240,180" oya="1" hai0="38,24,78,41,10,37,87,3,135,106,55,18,5" hai1="74,17,28,58,134,66,71,114,131,11,133,19,67" hai2="100,88,92,33,6,99,68,14,111,62,113,117,109" hai3="97,86,115,53,43,96,85,77,105,73,102,52,132"/><U0/><E74/><V48/><F117/><W7/><G115/><T2/><D135/><N who="1" m="51723" /><E71/><V72/><F72/><W69/><G69/><T81/><D106/><U124/><E114/><V54/><F113/><W16/><G7/><T42/><D2/><U22/><E58/><V126/><F33/><W26/><G43/><T57/><D38/><U34/><E66/><V29/><F29/><W112/><G112/><T107/><D107/><U75/><E67/><V110/><F126/><W101/><G73/><T98/><D98/><N who="3" m="37993" /><G105/><T30/><D18/><N who="1" m="6667" /><E75/><V108/><F108/><W4/><G4/><T128/><D128/><U56/><E56/><N who="2" m="32839" /><F6/><W125/><G125/><T50/><REACH who="0" step="1"/><D37/><REACH who="0" ten="210,360,240,180" step="2"/><U1/><E124/><V60/><F68/><W118/><G132/><T23/><AGARI ba="2,1" hai="3,5,10,23,24,30,41,42,50,55,57,78,81,87" machi="23" ten="20,8000,1" yaku="1,1,2,1,0,1,7,1,52,1,53,0" doraHai="46" doraHaiUra="70" who="0" fromWho="0" sc="210,96,360,-42,240,-22,180,-22" /><INIT seed="2,0,0,4,2,75" ten="306,318,218,158" oya="2" hai0="6,97,98,35,16,106,7,96,88,127,14,21,128" hai1="69,121,1,104,13,4,26,36,81,11,115,72,102" hai2="57,34,89,109,134,9,50,103,94,38,60,114,56" hai3="33,63,74,132,24,105,66,112,117,43,2,49,125"/><V65/><F38/><W86/><G86/><T59/><D128/><U113/><E13/><V78/><F114/><W108/><G49/><T19/><D127/><U53/><E53/><V45/><F34/><W32/><G43/><T118/><D118/><U5/><E5/><N who="0" m="1545" /><D35/><U61/><E26/><V64/><F9/><W70/><G24/><N who="0" m="14375" /><D59/><U39/><E121/><V41/><F134/><W44/><G44/><T22/><D106/><U67/><E115/><V76/><F103/><W58/><G58/><T122/><D122/><U110/><E110/><V101/><F101/><W90/><G90/><AGARI ba="0,0" hai="14,19,22,88,90,96,97,98" m="14375,1545" machi="90" ten="30,3900,0" yaku="8,1,54,2" doraHai="75" who="0" fromWho="3" sc="306,39,318,0,218,0,158,-39" /><INIT seed="3,0,0,0,2,59" ten="345,318,218,119" oya="3" hai0="44,3,116,52,93,29,54,34,46,48,40,126,71" hai1="62,58,68,72,35,65,45,17,43,73,125,115,42" hai2="104,92,107,83,18,16,118,36,117,110,85,50,91" hai3="106,19,28,7,133,26,78,6,11,101,0,70,80"/><W10/><G133/><T30/><D3/><U55/><E35/><V108/><F36/><W67/><G19/><N who="2" m="7209" /><F92/><W127/><G127/><T22/><D116/><N who="2" m="44650" /><F50/><W49/><G49/><T131/><D34/><U105/><E125/><V90/><F83/><W5/><G5/><T89/><D131/><U53/><E105/><N who="2" m="40523" /><F85/><W128/><G128/><T32/><D32/><U25/><E115/><V13/><F13/><W135/><G135/><T23/><D126/><U120/><E73/><V123/><F123/><W21/><G101/><T20/><D71/><U99/><E72/><V41/><F41/><W31/><G106/><T15/><D15/><U64/><E120/><V60/><F60/><W69/><G67/><N who="1" m="25674" /><E68/><V56/><F56/><W1/><REACH who="3" step="1"/><G31/><REACH who="3" ten="345,318,218,109" step="2"/><N who="0" m="11787" /><D44/><U124/><E124/><V81/><F81/><W24/><G24/><T39/><D39/><U88/><E25/><V74/><F74/><AGARI ba="0,1" hai="0,1,6,7,10,11,21,26,28,69,70,74,78,80" machi="74" ten="30,5800,0" yaku="1,1,7,1,9,1,53,0" doraHai="59" doraHaiUra="97" who="3" fromWho="2" sc="345,0,318,0,218,-58,109,68" /><INIT seed="3,1,0,5,1,60" ten="345,318,160,177" oya="3" hai0="46,97,110,119,48,55,120,45,34,61,115,57,95" hai1="16,25,111,33,83,78,84,132,13,22,64,96,127" hai2="39,12,122,44,11,20,19,88,124,0,63,100,128" hai3="35,73,106,108,31,131,23,47,129,92,133,80,101"/><W130/><G35/><T38/><D120/><U65/><E111/><V10/><F122/><W77/><G31/><T40/><D34/><U49/><E132/><V94/><F124/><W58/><G47/><T41/><D115/><U52/><E127/><V30/><F100/><W126/><G58/><T103/><REACH who="0" step="1"/><D110/><REACH who="0" ten="335,318,160,177" step="2"/><U72/><E72/><V98/><F128/><W17/><G108/><T2/><D2/><U51/><E51/><V5/><F63/><W24/><G126/><T118/><AGARI ba="1,1" hai="38,40,41,45,46,48,55,57,61,95,97,103,118,119" machi="118" ten="30,2000,0" yaku="1,1,0,1,53,0" doraHai="60" doraHaiUra="81" who="0" fromWho="0" sc="335,33,318,-6,160,-6,177,-11" /><INIT seed="4,0,0,3,5,37" ten="368,312,154,166" oya="0" hai0="48,13,28,45,87,4,131,135,67,3,32,41,80" hai1="125,52,93,69,56,17,61,22,44,6,83,128,98" hai2="106,129,113,119,115,132,111,21,19,85,30,54,105" hai3="73,74,121,50,12,109,53,36,20,92,117,31,47"/><T120/><D120/><U11/><E128/><V65/><F111/><W26/><G121/><T127/><D127/><U89/><E125/><V107/><F129/><W97/><G109/><T134/><D67/><U29/><E29/><V75/><F75/><W58/><G117/><T101/><D101/><U25/><E69/><V71/><F30/><W40/><REACH who="3" step="1"/><G12/><REACH who="3" ten="368,312,154,156" step="2"/><T110/><D110/><U51/><E83/><V62/><F119/><W130/><G130/><T126/><D131/><U91/><E6/><V55/><F132/><W64/><G64/><T7/><D126/><U84/><E11/><V124/><F124/><W68/><G68/><T60/><D3/><U38/><E38/><V43/><F115/><W72/><G72/><T16/><D135/><U33/><E33/><V123/><F113/><W23/><G23/><N who="0" m="11663" /><D134/><U82/><E44/><V39/><F123/><W27/><G27/><T63/><D32/><U76/><REACH who="1" step="1"/><E51/><REACH who="1" ten="368,302,154,156" step="2"/><V96/><F39/><W42/><G42/><T77/><D28/><U5/><E5/><AGARI ba="0,2" hai="4,5,7,41,45,48,60,63,77,80,87" m="11663" machi="5" ten="30,5800,0" yaku="8,1,52,1,54,1" doraHai="37" who="0" fromWho="1" sc="368,78,302,-58,154,0,156,0" /><INIT seed="4,1,0,3,1,21" ten="446,244,154,156" oya="0" hai0="95,63,131,69,59,82,66,111,108,90,65,129,28" hai1="115,51,134,93,22,61,123,122,117,34,5,9,119" hai2="58,130,75,29,16,116,133,86,50,118,102,113,104" hai3="2,46,84,24,76,120,32,36,68,54,74,39,0"/><T83/><D28/><U109/><E61/><V1/><F75/><W18/><G84/><N who="0" m="52679" /><D66/><U88/><E34/><V56/><F113/><W85/><G85/><T23/><D23/><U124/><E109/><N who="0" m="42057" /><D69/><U87/><E115/><V78/><F133/><W33/><G18/><T14/><D14/><U40/><E134/><V72/><F130/><AGARI ba="1,0" hai="59,63,65,82,83,129,130,131" m="42057,52679" machi="130" ten="30,2900,0" yaku="19,1,10,1" doraHai="21" who="0" fromWho="2" sc="446,32,244,0,154,-32,156,0" /><INIT seed="4,2,0,4,1,115" ten="478,244,122,156" oya="0" hai0="29,78,68,70,27,62,99,102,135,72,8,128,109" hai1="18,6,58,15,118,105,5,121,67,91,2,54,120" hai2="23,81,32,40,3,17,34,122,100,127,31,89,82" hai3="96,85,43,90,125,11,30,131,13,112,49,74,51"/><T88/><D128/><U98/><E118/><V16/><F122/><W52/><G74/><T35/><D135/><U24/><E67/><V19/><F100/><W69/><G69/><T59/><D109/><U57/><E57/><V80/><F3/><W114/><G125/><T95/><D78/><U9/><E6/><V44/><F127/><W12/><G131/><T110/><D72/><U83/><E105/><V119/><F119/><W20/><G96/><T14/><D110/><U0/><E0/><V92/><F23/><W111/><G111/><T36/><D102/><U53/><E53/><V37/><REACH who="2" step="1"/><F31/><REACH who="2" ten="478,244,112,156" step="2"/><W106/><G106/><T117/><D117/><U84/><E120/><V39/><F39/><W71/><G30/><T41/><D36/><U7/><E121/><V124/><F124/><W56/><G20/><T132/><D41/><U33/><E2/><V73/><F73/><W60/><G112/><T63/><D132/><U93/><E33/><V65/><F65/><W45/><G114/><T134/><D134/><U126/><E126/><V79/><F79/><W10/><G71/><T50/><D70/><U48/><REACH who="1" step="1"/><E24/><REACH who="1" ten="478,234,112,156" step="2"/><V75/><F75/><W1/><G1/><T108/><D68/><U129/><E129/><V86/><AGARI ba="2,2" hai="16,17,19,32,34,37,40,44,80,81,82,86,89,92" machi="86" ten="30,7900,0" yaku="1,1,0,1,54,1,53,1" doraHai="115" doraHaiUra="38" who="2" fromWho="2" sc="478,-41,234,-22,112,105,156,-22" /><INIT seed="5,0,0,4,3,111" ten="437,212,217,134" oya="1" hai0="10,23,70,106,105,68,1,91,96,100,85,2,51" hai1="36,75,26,89,4,124,15,48,27,24,126,62,93" hai2="32,107,102,11,134,16,114,86,112,135,78,65,110" hai3="113,30,123,50,101,12,60,109,47,49,94,118,74"/><U0/><E36/><V34/><F110/><W20/><G74/><T61/><D106/><U56/><E75/><V84/><F65/><W82/><G109/><T81/><D23/><U125/><E0/><V69/><F69/><W7/><G123/><T53/><D10/><N who="1" m="4551" /><E48/><V103/><F11/><N who="3" m="4223" /><G118/><T21/><D21/><U39/><E39/><V122/><F122/><W52/><G82/><T72/><D72/><U42/><E42/><V88/><F16/><W55/><G113/><N who="2" m="43625" /><F78/><W63/><G94/><T59/><D68/><U121/><E121/><V87/><F88/><W99/><G99/><T133/><D133/><N who="2" m="50698" /><F107/><W83/><G83/><T76/><D76/><U66/><E27/><V9/><F9/><W45/><G101/><AGARI ba="0,0" hai="32,34,84,86,87,101,102,103" m="50698,43625" machi="101" ten="40,16000,3" yaku="28,2,15,1,11,1,20,1,52,3" doraHai="111" who="2" fromWho="3" sc="437,0,212,0,217,160,134,-160" owari="437,54.0,212,-19.0,377,18.0,-26,-53.0" /></mjloggm>