<mjloggm ver="2.3"><GO type="41" lobby="0"/><UN n0="%50%65%74%65%72%50%61%6E" n1="%6B%69%72%69%6E%6F%72%69" n2="%2E%E5%B1%B1%E4%B8%AD%E9%B9%BF%E4%B9%8B%E5%8A%A9%2E" n3="%E5%B0%B1%E6%B4%BB%E7%94%9F%40%E5%B7%9D%E6%9D%91%E8%BB%8D%E5%9B%A3" dan="13,13,15,17" rate="1900.33,1831.67,2009.63,2154.61" sx="M,M,M,M"/><TAIKYOKU oya="0"/><INIT seed="0,0,0,3,3,76" ten="250,250,250,250" oya="0" hai0="56,104,65,22,0,90,6,23,109,127,29,120,64" hai1="10,89,16,17,42,3,67,60,27,100,110,54,58" hai2="87,122,91,15,82,71,57,123,48,96,43,24,98" hai3="131,118,19,63,70,66,52,121,47,2,73,8,95"/><T59/><D120/><U116/><E116/><V9/><F71/><W18/><G73/><T126/><D104/><U129/><E100/><V32/><F96/><W40/><G131/><T35/><D35/><U92/><E129/><V88/><F32/><W33/><G33/><T103/><D103/><U119/><E119/><V105/><F24/><W79/><G79/><T94/><D109/><U77/><E77/><V117/><F117/><W4/><G118/><T12/><D0/><U106/><E106/><V130/><F130/><W50/><G121/><T55/><D6/><U13/><E3/><V81/><F105/><W46/><REACH who="3" step="1"/><G95/><REACH who="3" ten="250,250,250,240" step="2"/><T26/><D126/><U78/><E78/><V75/><F75/><W132/><G132/><T108/><D108/><U107/><E110/><V114/><F114/><W37/><AGARI ba="0,1" hai="2,4,8,18,19,37,40,46,47,50,52,63,66,70" machi="37" ten="20,8000,1" yaku="1,1,0,1,7,1,54,1,53,1" doraHai="76" doraHaiUra="62" who="3" fromWho="3" sc="250,-40,250,-20,250,-20,240,90" /><INIT seed="1,0,0,4,4,13" ten="210,230,230,330" oya="1" hai0="26,12,88,17,74,104,10,114,93,65,111,27,92" hai1="57,116,108,49,96,23,128,59,127,6,89,118,86" hai2="71,117,123,112,45,125,81,18,98,107,100,21,129" hai3="3,9,56,67,121,99,72,41,8,109,63,0,73"/><U14/><E127/><V91/><F123/><W113/><G121/><T84/><D104/><U102/><E128/><V83/><F117/><W54/><G113/><T132/><D114/><U16/><E118/><V134/><F129/><W64/><G41/><T35/><D74/><U30/><E116/><V110/><F71/><W15/><G109/><T135/><D111/><U76/><E76/><V32/><F134/><N who="0" m="51242" /><D65/><U80/><E108/><V75/><F32/><W120/><G120/><T33/><D93/><N who="1" m="58639" /><E6/><V130/><F130/><W28/><G28/><T4/><D4/><U122/><E122/><V5/><F81/><W90/><G0/><T87/><D87/><U68/><E68/><V69/><F69/><W60/><G3/><T48/><D48/><U11/><E49/><V37/><F112/><W131/><G131/><T34/><AGARI ba="0,0" hai="10,12,17,26,27,33,34,35,84,88,92" m="51242" machi="34" ten="40,5200,0" yaku="20,1,52,1,54,1" doraHai="13" who="0" fromWho="0" sc="210,52,230,-26,230,-13,330,-13" /><INIT seed="2,0,0,5,2,52" ten="262,204,217,317" oya="2" hai0="16,53,65,40,1,79,92,2,36,85,62,74,117" hai1="108,90,81,68,43,19,115,103,17,91,130,59,41" hai2="105,58,116,10,21,23,132,28,5,128,56,9,60" hai3="38,129,27,104,39,124,86,37,61,30,70,84,6"/><V63/><F116/><W135/><G104/><T93/><D74/><U78/><E115/><V122/><F122/><W22/><G129/><T94/><D117/><U13/><E130/><V14/><F128/><W64/><G135/><T118/><D118/><U25/><E68/><V87/><F105/><W127/><REACH who="3" step="1"/><G6/><REACH who="3" ten="262,204,217,307" step="2"/><T126/><D126/><AGARI ba="0,1" hai="22,27,30,37,38,39,61,64,70,84,86,124,126,127" machi="126" ten="50,8000,1" yaku="1,1,2,1,18,1,53,1" doraHai="52" doraHaiUra="18" who="3" fromWho="0" sc="262,-80,204,0,217,0,307,90" /><INIT seed="3,0,0,1,1,89" ten="182,204,217,397" oya="3" hai0="128,134,42,120,113,115,44,90,3,104,69,49,12" hai1="51,47,77,125,105,132,52,64,33,68,46,80,21" hai2="25,29,107,11,56,74,118,70,57,4,30,48,112" hai3="121,76,10,103,94,41,7,92,62,83,86,60,24"/><W66/><G121/><T116/><D120/><U131/><E33/><V95/><F118/><W8/><G41/><T37/><D3/><U99/><E132/><V79/><F70/><W129/><G129/><T93/><D104/><U59/><E131/><V100/><F107/><W15/><G103/><T81/><D116/><U122/><E122/><V101/><F112/><N who="0" m="43082" /><D134/><U124/><E21/><V82/><F30/><W2/><G24/><T16/><D128/><U5/><E5/><V63/><F48/><W18/><REACH who="3" step="1"/><G62/><REACH who="3" ten="182,204,217,387" step="2"/><T50/><D81/><U22/><E105/><V17/><F63/><W119/><G119/><T106/><D106/><U67/><E68/><AGARI ba="0,1" hai="2,7,8,10,15,18,60,66,68,76,83,86,92,94" machi="68" ten="30,12000,1" yaku="1,1,7,1,52,2,53,1" doraHai="89" doraHaiUra="32" who="3" fromWho="1" sc="182,0,204,-120,217,0,387,130" /><INIT seed="3,1,0,3,0,21" ten="182,84,217,517" oya="3" hai0="128,62,89,67,53,41,126,69,108,20,113,58,10" hai1="80,22,104,129,23,75,127,36,47,107,116,94,31" hai2="90,123,82,24,121,78,54,51,33,98,102,115,99" hai3="130,27,81,13,85,52,61,38,46,117,42,64,70"/><W16/><G117/><T111/><D126/><U5/><E127/><V59/><F115/><W91/><G130/><T101/><D128/><U106/><E129/><V112/><F112/><W3/><G3/><T131/><D131/><U8/><E94/><V66/><F66/><W83/><G52/><T18/><D113/><U26/><E116/><V43/><F43/><W122/><G122/><N who="2" m="46601" /><F90/><W49/><G38/><T120/><D120/><U37/><E23/><V34/><F24/><W97/><G97/><N who="2" m="36873" /><F102/><W110/><G110/><N who="0" m="42027" /><D10/><U96/><E96/><V12/><F12/><W17/><G27/><N who="0" m="14743" /><D101/><U39/><E47/><V14/><F14/><W25/><G25/><T68/><D41/><U124/><E124/><V30/><F30/><W56/><G70/><N who="0" m="42359" /><D89/><U86/><E75/><AGARI ba="1,0" hai="33,34,51,54,59,75,78,82" m="36873,46601" machi="75" ten="30,1000,0" yaku="13,1" doraHai="21" who="2" fromWho="1" sc="182,0,84,-13,217,13,517,0" /><INIT seed="4,0,0,1,3,28" ten="182,71,230,517" oya="0" hai0="54,4,61,18,65,92,71,126,80,117,49,37,128" hai1="43,112,53,69,76,6,120,0,121,131,60,12,85" hai2="2,129,135,108,7,84,5,59,45,118,20,68,88" hai3="77,87,31,107,86,66,73,52,48,70,25,109,104"/><T78/><D117/><U30/><E0/><V98/><F135/><W41/><G109/><T36/><D128/><U9/><E131/><V55/><F129/><W39/><G73/><T15/><D126/><U26/><E43/><V99/><F108/><W103/><G77/><T93/><D4/><U75/><E75/><V42/><F68/><W63/><G41/><T115/><D115/><U46/><E112/><V67/><F67/><W27/><G27/><T74/><D93/><U1/><E1/><V101/><F118/><W32/><G39/><T23/><REACH who="0" step="1"/><D92/><REACH who="0" ten="172,71,230,517" step="2"/><U133/><E133/><V81/><F2/><W19/><G104/><T122/><D122/><U124/><E124/><V100/><F7/><W110/><G110/><T16/><D16/><U123/><E123/><V51/><F5/><W24/><G19/><T40/><D40/><U10/><E121/><V91/><F20/><W116/><G116/><T62/><D62/><U34/><E120/><V83/><F42/><W127/><G127/><T119/><D119/><U33/><E60/><V8/><F8/><W90/><G63/><T17/><D17/><U11/><E69/><V94/><F45/><AGARI ba="0,1" hai="15,18,23,36,37,45,49,54,61,65,71,74,78,80" machi="45" ten="30,2900,0" yaku="1,1,7,1,53,0" doraHai="28" doraHaiUra="102" who="0" fromWho="2" sc="172,39,71,0,230,-29,517,0" /><INIT seed="4,1,0,0,2,128" ten="211,71,201,517" oya="0" hai0="64,18,107,53,134,19,58,131,114,101,89,126,81" hai1="123,113,121,86,28,129,30,91,27,52,69,133,6" hai2="124,2,32,25,17,36,56,118,34,109,33,125,21" hai3="100,5,71,14,94,110,60,68,45,95,39,119,63"/><T117/><D117/><U67/><E6/><V4/><F36/><W49/><G110/><T132/><D114/><U20/><E129/><V82/><F109/><W116/><G5/><T66/><D131/><U120/><E113/><V35/><F82/><W83/><G83/><T99/><D126/><N who="2" m="48746" /><F56/><W102/><G14/><T103/><D103/><U104/><E104/><V74/><F74/><W135/><G39/><T106/><D106/><U47/><E30/><V92/><F92/><W80/><G80/><T59/><D59/><U54/><E67/><N who="0" m="25641" /><D89/><U10/><E10/><N who="2" m="2327" /><F118/><W72/><G72/><T11/><D11/><U8/><E8/><V93/><F93/><W51/><G45/><T70/><D70/><U0/><E69/><V78/><F78/><W87/><G87/><T79/><D79/><U42/><E0/><V75/><F75/><W41/><G41/><T13/><D13/><U48/><E86/><V62/><N who="2" m="8192" /><DORA hai="15" /><V38/><F38/><W12/><G71/><T122/><D81/><U40/><E91/><V85/><F85/><W9/><G68/><T77/><D77/><U23/><E40/><V26/><F62/><W29/><G95/><T115/><D115/><U97/><E97/><V111/><F111/><W76/><G94/><T1/><D107/><U57/><E42/><V24/><AGARI ba="1,0" hai="17,21,24,25,26" m="8192,2327,48746" machi="24" ten="60,8000,1" yaku="18,1,34,2,52,1" doraHai="128,15" who="2" fromWho="2" sc="211,-41,71,-21,201,83,517,-21" /><INIT seed="5,0,0,0,2,13" ten="170,50,284,496" oya="1" hai0="79,66,57,94,85,122,53,61,114,39,6,75,30" hai1="58,90,46,26,104,0,50,20,105,97,14,80,72" hai2="82,93,73,69,63,109,21,100,81,95,27,96,15" hai3="132,24,129,52,134,64,126,34,84,25,115,54,67"/><U35/><E0/><V32/><F109/><W133/><G126/><T120/><D39/><U4/><E35/><V47/><F73/><W45/><G129/><T12/><D114/><U103/><E58/><V83/><F32/><W121/><G115/><T43/><D43/><U110/><E110/><V98/><F47/><W28/><G121/><T70/><D30/><U108/><E108/><V102/><F69/><W78/><G25/><T77/><D75/><U135/><E105/><V5/><F5/><W31/><G31/><T37/><D37/><U116/><E116/><V107/><F107/><W59/><G45/><T119/><D119/><U131/><E131/><V22/><F27/><W11/><G11/><T128/><D128/><U62/><E62/><V65/><F65/><N who="3" m="25163" /><G59/><T74/><D74/><U8/><E72/><V49/><F63/><W99/><G99/><T106/><D106/><U86/><E135/><V130/><F130/><W76/><G76/><T111/><D111/><U60/><E60/><V23/><REACH who="2" step="1"/><F49/><REACH who="2" ten="170,50,274,496" step="2"/><W16/><G16/><AGARI ba="0,1" hai="15,16,21,22,23,81,82,83,93,95,96,98,100,102" machi="16" ten="40,12000,2" yaku="1,1,2,1,9,1,8,1,52,1,54,1,53,0" doraHai="13" doraHaiUra="2" who="2" fromWho="3" sc="170,0,50,0,274,130,496,-120" /><INIT seed="6,0,0,1,3,0" ten="170,50,404,376" oya="2" hai0="101,57,32,22,52,128,16,55,133,7,64,1,95" hai1="17,26,102,27,87,107,96,93,89,119,34,58,56" hai2="85,81,37,112,118,46,104,127,47,84,40,88,23" hai3="5,99,41,132,130,28,68,62,69,51,20,4,135"/><V82/><F118/><W15/><G130/><T54/><D32/><U116/><E34/><V14/><F127/><W12/><G99/><T124/><D124/><U9/><E119/><V103/><F112/><W92/><G92/><T98/><D133/><N who="3" m="51273" /><G28/><T129/><D1/><U42/><E116/><V79/><F40/><W122/><G122/><T111/><D111/><U134/><E134/><V33/><F37/><W24/><G24/><T6/><D129/><U65/><E42/><V74/><F33/><W86/><G86/><T29/><D29/><U13/><E56/><V59/><F84/><W63/><G20/><T91/><D128/><U25/><E65/><V8/><F23/><W80/><G80/><T70/><D70/><N who="3" m="27241" /><G51/><T3/><D3/><U100/><E100/><V44/><F103/><W50/><G50/><T76/><D76/><U73/><E73/><V97/><F97/><W39/><G39/><T31/><D31/><U2/><E2/><V21/><F104/><W90/><G90/><T61/><D101/><U11/><E11/><V109/><F21/><W78/><G78/><T43/><REACH who="0" step="1"/><D43/><REACH who="0" ten="160,50,404,376" step="2"/><U48/><E48/><V38/><F38/><W121/><G41/><T49/><D49/><U117/><E117/><V113/><F79/><W30/><G30/><T18/><D18/><U10/><E10/><V126/><F8/><N who="3" m="4103" /><G121/><T108/><D108/><U83/><REACH who="1" step="1"/><E58/><REACH who="1" ten="160,40,404,376" step="2"/><V131/><F59/><W123/><G123/><T53/><N who="0" m="13824" /><DORA hai="106" /><T75/><D75/><U125/><E125/><V115/><F74/><W66/><G66/><T71/><D71/><U120/><E120/><RYUUKYOKU ba="0,2" sc="160,10,40,10,404,-30,376,10" hai0="6,7,16,22,57,61,64,91,95,98" hai1="9,13,17,25,26,27,83,87,89,93,96,102,107" hai3="5,15,62,63" /><INIT seed="7,1,2,1,5,127" ten="170,50,374,386" oya="3" hai0="41,102,106,15,114,125,93,71,22,24,86,110,47" hai1="49,104,56,121,69,75,39,91,81,105,100,50,131" hai2="117,135,27,129,133,2,134,103,97,32,90,48,28" hai3="62,58,96,113,46,57,51,73,83,98,29,25,84"/><W8/><G73/><T10/><D110/><U45/><E121/><V31/><F129/><W14/><G113/><T4/><D71/><U76/><E69/><V112/><F112/><W44/><G25/><T128/><D125/><U65/><E50/><V107/><F117/><W95/><G29/><T43/><D114/><U109/><E109/><V70/><F70/><W119/><G119/><T120/><D120/><U5/><E91/><V26/><F2/><W89/><G96/><T0/><D0/><U74/><E56/><N who="3" m="21610" /><G62/><T132/><D132/><U63/><E5/><V67/><F67/><W116/><G116/><T108/><D108/><U94/><E94/><V9/><F9/><W13/><G8/><T7/><D128/><U17/><E17/><V124/><F124/><W38/><G38/><T78/><D106/><U1/><E1/><V12/><F12/><N who="3" m="4715" /><G51/><T72/><D72/><U60/><E49/><V115/><F115/><W79/><AGARI ba="1,2" hai="44,46,79,83,84,89,95,98" m="4715,21610" machi="79" ten="30,1500,0" yaku="8,1" doraHai="127" who="3" fromWho="3" sc="170,-6,50,-6,374,-6,386,38" owari="164,-24.0,44,-46.0,368,17.0,424,53.0" /></mjloggm>