<mjloggm ver="2.3"><GO type="225" lobby="0"/><UN n0="%53%65%6E%61%72" n1="%E3%81%93%E3%81%86%E3%82%89%E3%82%93%E3%80%82" n2="%E3%83%88%E3%83%88%E3%83%AA%E5%85%88%E7%94%9F%31%39%E6%AD%B3" n3="%E3%81%A4%E3%81%A3%E3%81%8D%EF%BD%9E%32%6E%64" dan="16,16,17,16" rate="2051.89,2126.66,2223.62,2147.68" sx="M,M,F,M"/><TAIKYOKU oya="0"/><INIT seed="0,0,0,3,4,101" ten="250,250,250,250" oya="0" hai0="78,67,40,73,1,47,89,35,13,68,79,29,23" hai1="51,121,45,15,19,71,37,8,3,87,97,14,111" hai2="61,98,41,2,7,52,113,34,72,31,131,39,105" hai3="56,12,65,85,55,115,36,74,82,60,132,92,116"/><T81/><D78/><U119/><E121/><V93/><F113/><W86/><G115/><T16/><D89/><U94/><E119/><V20/><F72/><W64/><G116/><T126/><D126/><U26/><E71/><V108/><F34/><W69/><G74/><T128/><D128/><U117/><E37/><V90/><F131/><W125/><G125/><T63/><D1/><U124/><E124/><V134/><F108/><W50/><G36/><T27/><D47/><U84/><E111/><V76/><F76/><W54/><G132/><T104/><REACH who="0" step="1"/><D40/><REACH who="0" ten="240,250,250,250" step="2"/><U83/><E3/><V96/><F41/><W114/><G114/><T59/><D59/><U62/><E45/><V133/><F2/><W5/><G56/><T33/><D33/><U107/><E117/><V28/><F133/><W9/><G69/><T21/><D21/><U49/><E8/><V80/><F20/><W44/><G9/><T102/><D102/><U32/><E32/><V100/><F134/><W24/><G44/><T48/><D48/><U70/><E49/><V99/><F39/><W109/><G50/><T106/><AGARI ba="0,1" hai="13,16,23,27,29,35,63,67,68,73,79,81,104,106" machi="106" ten="30,12000,1" yaku="1,1,0,1,52,2,54,1,53,0" doraHai="101" doraHaiUra="135" who="0" fromWho="0" sc="240,130,250,-40,250,-40,250,-40" /><INIT seed="0,1,0,0,0,85" ten="370,210,210,210" oya="0" hai0="1,115,21,122,5,104,98,64,84,94,34,109,117" hai1="82,68,93,24,123,37,29,90,0,53,134,16,56" hai2="60,4,47,12,78,14,2,118,19,126,92,87,10" hai3="49,44,30,42,75,113,11,124,59,97,133,50,17"/><T15/><D21/><U127/><E123/><V108/><F108/><W28/><G113/><T89/><D15/><U67/><E134/><V26/><F126/><W130/><G124/><T100/><D64/><U43/><E0/><V39/><F118/><W112/><G112/><T46/><D115/><U74/><E127/><V57/><F26/><W48/><G133/><T121/><D117/><U6/><E6/><V41/><F19/><W95/><G130/><T91/><D109/><U62/><E74/><V88/><REACH who="2" step="1"/><F78/><REACH who="2" ten="370,210,200,210" step="2"/><W101/><G17/><T119/><D119/><U76/><E16/><V110/><F110/><W58/><G30/><T18/><D18/><U81/><E76/><V131/><F131/><W63/><G28/><T25/><D25/><U77/><E77/><V61/><F61/><W96/><G63/><T65/><D121/><U71/><E24/><V129/><F129/><W128/><G128/><T55/><D122/><U135/><E135/><V80/><F80/><W111/><G111/><T132/><D132/><U51/><E29/><V103/><F103/><W13/><G101/><T70/><D100/><U114/><E114/><V38/><F38/><W73/><G11/><T20/><D5/><U106/><E68/><V116/><F116/><W3/><G49/><T66/><D70/><U27/><E27/><V107/><F107/><W83/><G50/><T8/><D104/><U22/><E106/><V35/><F35/><W33/><G48/><T52/><D34/><U125/><E125/><V72/><F72/><W79/><G73/><T9/><D9/><U45/><E22/><RYUUKYOKU ba="1,1" sc="370,-15,210,15,200,15,210,-15" hai1="37,43,45,51,53,56,62,67,71,81,82,90,93" hai2="2,4,10,12,14,39,41,47,57,60,87,88,92" /><INIT seed="1,2,1,4,1,78" ten="355,225,215,195" oya="1" hai0="63,0,20,50,12,47,82,11,115,73,2,84,49" hai1="107,129,67,121,29,38,35,94,106,14,61,64,109" hai2="134,5,69,42,28,51,9,46,16,131,36,103,4" hai3="110,25,88,68,62,92,59,57,40,108,85,133,126"/><U122/><E38/><V77/><F69/><W10/><G133/><T18/><D115/><U127/><E127/><V104/><F134/><W90/><G126/><T125/><D73/><U32/><E67/><V6/><F131/><W3/><G40/><T128/><D128/><U60/><E14/><N who="2" m="7247" /><F104/><N who="1" m="39977" /><E94/><V23/><F36/><W70/><G25/><T7/><D125/><U101/><E60/><V112/><F112/><W100/><G100/><T54/><D63/><U53/><E53/><V66/><F77/><W76/><G76/><T17/><D50/><U105/><E129/><V72/><F72/><W119/><G119/><T15/><D7/><U45/><E45/><V33/><F33/><N who="1" m="12873" /><E29/><V95/><F66/><W135/><G135/><T48/><D48/><U37/><E37/><V75/><F75/><W21/><G70/><T8/><D20/><U1/><E1/><V22/><F28/><W99/><G21/><T83/><D83/><U114/><E114/><V55/><F42/><W116/><G116/><T89/><AGARI ba="2,1" hai="0,2,8,11,12,15,17,18,47,49,54,82,84,89" machi="89" ten="20,12000,2" yaku="0,1,7,1,9,1,25,2,52,1" doraHai="78" who="0" fromWho="0" sc="355,136,225,-62,215,-32,195,-32" /><INIT seed="2,0,0,0,4,111" ten="491,163,183,163" oya="2" hai0="73,28,14,103,33,15,6,117,92,19,32,30,95" hai1="47,108,82,56,120,127,121,34,99,43,49,91,97" hai2="60,118,44,59,41,45,4,102,52,77,5,2,131" hai3="54,81,80,113,71,110,63,55,109,58,124,61,20"/><V78/><F118/><W65/><G124/><T83/><D117/><U79/><E127/><V37/><F131/><W74/><G113/><T23/><D33/><U100/><E34/><V129/><F129/><W25/><G55/><T18/><D6/><U51/><E108/><N who="3" m="41578" /><G74/><T13/><D32/><U42/><E91/><V53/><F102/><W39/><G39/><T85/><D73/><U35/><E35/><V62/><F2/><W46/><G46/><T29/><D103/><U114/><E114/><V126/><F126/><W119/><G119/><T64/><D64/><U84/><E100/><V90/><F90/><W115/><G115/><T87/><D23/><U21/><E21/><V105/><F105/><W72/><G72/><T130/><D130/><U70/><E70/><V89/><F89/><W7/><G7/><T96/><D96/><U133/><E133/><V50/><REACH who="2" step="1"/><F62/><REACH who="2" ten="491,163,173,163" step="2"/><W76/><G76/><AGARI ba="0,1" hai="4,5,37,41,44,45,50,52,53,59,60,76,77,78" machi="76" ten="40,7700,0" yaku="1,1,2,1,54,1,53,0" doraHai="111" doraHaiUra="22" who="2" fromWho="3" sc="491,0,163,0,173,87,163,-77" /><INIT seed="2,1,0,3,0,110" ten="491,163,260,86" oya="2" hai0="75,53,16,49,106,92,66,60,14,46,98,59,62" hai1="111,122,33,128,70,124,68,40,72,105,135,22,130" hai2="48,82,13,116,67,93,80,87,126,79,39,102,32" hai3="132,4,73,12,24,95,36,101,85,113,129,21,18"/><V27/><F116/><W54/><G73/><T89/><D75/><U107/><RYUUKYOKU type="yao9" ba="1,0" sc="491,0,163,0,260,0,86,0" hai1="22,33,40,68,70,72,105,107,111,122,124,128,130,135" /><INIT seed="2,2,0,3,2,39" ten="491,163,260,86" oya="2" hai0="92,131,108,129,26,64,69,98,58,49,88,90,118" hai1="4,40,13,48,80,100,30,42,17,50,117,109,120" hai2="27,41,55,7,10,112,110,85,31,52,132,124,66" hai3="62,16,54,97,46,19,63,77,122,115,76,116,105"/><V51/><F112/><W93/><G116/><T14/><D118/><U11/><E117/><V28/><F132/><W57/><G122/><T123/><D123/><U96/><E120/><V56/><F124/><W2/><G105/><T60/><D108/><U43/><E109/><V106/><F106/><W126/><G126/><T22/><D14/><U32/><E80/><V12/><F110/><W102/><G115/><T3/><D3/><U25/><REACH who="1" step="1"/><E4/><REACH who="1" ten="491,153,260,86" step="2"/><V130/><F130/><N who="0" m="49674" /><D49/><U89/><E89/><V79/><F66/><W75/><G75/><T114/><D114/><U70/><E70/><V81/><F27/><W34/><G2/><T74/><D74/><U78/><E78/><N who="3" m="30314" /><G34/><T53/><D69/><U21/><E21/><V36/><F36/><W87/><G87/><T59/><D98/><U121/><E121/><V71/><F71/><W38/><G38/><T29/><D92/><AGARI ba="2,1" hai="11,13,17,25,30,32,40,42,43,48,50,92,96,100" machi="92" ten="40,8000,1" yaku="1,1,52,3,53,0" doraHai="39" doraHaiUra="133" who="1" fromWho="0" sc="491,-86,153,96,260,0,86,0" /><INIT seed="3,0,0,4,4,28" ten="405,249,260,86" oya="3" hai0="59,69,36,31,17,77,87,123,92,134,120,70,99" hai1="67,95,42,118,57,93,4,135,35,66,133,44,5" hai2="75,110,34,94,103,11,0,73,53,18,47,23,132" hai3="49,51,19,122,6,45,10,12,71,43,97,108,89"/><W46/><G122/><T106/><D106/><U60/><E118/><V15/><F34/><W1/><G71/><T24/><D36/><U68/><E35/><V78/><F78/><W20/><G108/><T58/><D17/><U37/><E68/><V39/><F110/><W54/><G97/><T40/><D40/><U121/><E121/><V7/><F132/><N who="1" m="50761" /><E67/><V107/><F107/><W129/><REACH who="3" step="1"/><G89/><REACH who="3" ten="405,249,260,76" step="2"/><T83/><D134/><U116/><E116/><V104/><F104/><W72/><G72/><T79/><D70/><U117/><E117/><V85/><F75/><W25/><G25/><T61/><D120/><U112/><E112/><V30/><F73/><W124/><G124/><T80/><D123/><U48/><E37/><V102/><F39/><W8/><G8/><T84/><D24/><U81/><E81/><V3/><F11/><W65/><G65/><T21/><D69/><U27/><E27/><V98/><F98/><W2/><G2/><T62/><D99/><U128/><E128/><AGARI ba="0,1" hai="1,6,10,12,19,20,43,45,46,49,51,54,128,129" machi="128" ten="40,2000,0" yaku="1,1,53,0" doraHai="28" doraHaiUra="100" who="3" fromWho="1" sc="405,0,249,-20,260,0,76,30" /><INIT seed="3,1,0,3,0,122" ten="405,229,260,106" oya="3" hai0="53,46,83,109,120,6,56,100,42,68,0,61,103" hai1="59,63,70,60,17,86,37,29,133,125,76,41,75" hai2="3,38,28,113,134,93,49,114,81,31,69,52,123" hai3="4,47,43,19,135,129,118,102,73,25,26,85,66"/><W40/><G118/><T39/><D120/><U65/><E75/><V94/><F123/><W50/><G73/><T96/><D109/><U101/><E101/><V20/><F69/><W57/><G129/><T110/><D110/><U119/><E119/><V36/><F3/><W131/><G131/><T108/><D108/><U9/><E29/><V98/><F134/><W84/><G135/><T1/><D83/><U51/><E133/><V13/><F81/><W115/><G115/><T21/><D21/><U79/><E125/><V62/><F62/><N who="3" m="38223" /><G4/><T89/><D89/><U64/><E37/><V104/><F104/><W91/><G102/><T130/><D130/><U10/><E51/><V45/><F38/><W18/><G40/><T11/><D100/><U22/><E41/><V15/><F36/><W116/><G116/><T106/><D68/><U121/><E121/><V2/><F2/><AGARI ba="1,0" hai="0,1,2,6,11,39,42,46,53,56,61,96,103,106" machi="2" ten="30,1000,0" yaku="7,1" doraHai="122" who="0" fromWho="2" sc="405,13,229,0,260,-13,106,0" owari="418,51.0,229,-17.0,247,5.0,106,-39.0" /></mjloggm>