<mjloggm ver="2.3"><GO type="41" lobby="0"/><UN n0="%E5%B0%B1%E6%B4%BB%E7%94%9F%40%E5%B7%9D%E6%9D%91%E8%BB%8D%E5%9B%A3" n1="%6E%6F%6E%6F%5F%30%30%33" n2="%E9%97%87%E3%81%AE%E3%82%A4%E3%83%8A%E3%82%BA%E3%83%9E" n3="%6E%65%6F%6E%65%79" dan="17,15,13,14" rate="2150.06,1924.49,1931.52,1918.44" sx="M,F,M,M"/><TAIKYOKU oya="0"/><INIT seed="0,0,0,4,5,87" ten="250,250,250,250" oya="0" hai0="27,49,0,86,103,29,81,16,8,55,41,72,51" hai1="130,73,30,74,99,11,100,59,34,85,17,93,32" hai2="115,26,97,76,18,119,123,28,121,40,54,10,43" hai3="19,42,5,14,61,46,84,124,88,53,104,102,83"/><T47/><D72/><U35/><E30/><V80/><F119/><W132/><G132/><T127/><D127/><U1/><E130/><V117/><F115/><W95/><G124/><T3/><D103/><U113/><E113/><V98/><F117/><W114/><G114/><T39/><D39/><U57/><E17/><V106/><F106/><W15/><G5/><T64/><D64/><U131/><E131/><V2/><F123/><W118/><G118/><T65/><D65/><U23/><E23/><V89/><F121/><W68/><G104/><T110/><D110/><U63/><E85/><V126/><F126/><W116/><G116/><T12/><D49/><U50/><E50/><V111/><F111/><W22/><G68/><T71/><D71/><U56/><E1/><V92/><F98/><W24/><G42/><T77/><REACH who="0" step="1"/><D41/><REACH who="0" ten="240,250,250,250" step="2"/><U4/><E73/><V38/><F38/><W125/><G125/><T31/><D31/><U36/><E74/><V79/><F54/><W109/><G109/><T70/><D70/><U133/><E36/><V135/><F43/><W129/><G129/><T67/><D67/><U108/><E108/><V90/><F40/><W112/><G112/><T75/><D75/><U20/><E133/><V37/><F135/><W82/><G61/><T107/><D107/><U66/><E66/><V13/><F37/><W9/><G102/><T60/><D60/><U6/><E63/><V62/><F62/><W33/><G33/><AGARI ba="0,1" hai="0,3,8,12,16,27,29,33,47,51,55,77,81,86" machi="33" ten="30,11600,0" yaku="1,1,7,1,54,1,53,1" doraHai="87" doraHaiUra="7" who="0" fromWho="3" sc="240,126,250,0,250,0,250,-116" /><INIT seed="0,1,0,4,0,98" ten="366,250,250,134" oya="0" hai0="74,87,35,18,14,26,59,128,102,13,135,84,121" hai1="104,64,68,89,99,78,44,49,85,41,0,50,33" hai2="28,113,53,115,56,31,21,72,5,123,88,110,16" hai3="109,51,108,19,55,9,130,46,73,63,24,124,116"/><T80/><D121/><U17/><E33/><V95/><F72/><W71/><G116/><T66/><D128/><U103/><E0/><V52/><F123/><W12/><G73/><T131/><D131/><U122/><E122/><V20/><F110/><W96/><G130/><T25/><D135/><U8/><E78/><V42/><F115/><W43/><G124/><T38/><D38/><U40/><E68/><V77/><F77/><W97/><G24/><T34/><D74/><U6/><E64/><V37/><F113/><W47/><G71/><T82/><D66/><U54/><E17/><V45/><F5/><W1/><G1/><T114/><D114/><U32/><E32/><V65/><F65/><W92/><G63/><T22/><D59/><U101/><E101/><V125/><F21/><W112/><G112/><T107/><D107/><U4/><E8/><V36/><F36/><W117/><G117/><T29/><D102/><U90/><E90/><V57/><F57/><W93/><G109/><T105/><D105/><U10/><E10/><V126/><F53/><W58/><G108/><T119/><D119/><U106/><E106/><V61/><F126/><W132/><G132/><T27/><D35/><U67/><E67/><V76/><F76/><W111/><G111/><T120/><D120/><U2/><E2/><V118/><F118/><W83/><G83/><N who="0" m="31787" /><D27/><U69/><E69/><V79/><F79/><W70/><G70/><T62/><D62/><U7/><REACH who="1" step="1"/><E49/><REACH who="1" ten="366,240,250,134" step="2"/><V100/><F100/><W75/><G51/><T127/><D127/><U60/><E60/><V30/><F125/><RYUUKYOKU ba="1,1" sc="366,15,240,15,250,-15,134,-15" hai0="13,14,18,22,25,26,29,34,84,87" hai1="4,6,7,40,41,44,50,54,85,89,99,103,104" /><INIT seed="0,2,1,4,5,99" ten="381,255,235,119" oya="0" hai0="74,80,130,46,57,122,4,131,112,104,115,39,108" hai1="8,98,9,37,78,16,64,45,92,42,135,84,3" hai2="134,77,34,110,7,19,29,73,126,101,132,66,95" hai3="50,14,76,61,105,24,133,6,22,85,109,31,116"/><T58/><D104/><U30/><E30/><V121/><F121/><W69/><G116/><T20/><D122/><U70/><E135/><V28/><F110/><W21/><G109/><T119/><D4/><U55/><E3/><V23/><F126/><W53/><G133/><T35/><D35/><U18/><E70/><V94/><F134/><W106/><G69/><T36/><D119/><U60/><E64/><V25/><F132/><W0/><G0/><T128/><D108/><U51/><E60/><V81/><F7/><W49/><G49/><T118/><D118/><U100/><E78/><V68/><F68/><W40/><G61/><T32/><D32/><U10/><REACH who="1" step="1"/><E84/><REACH who="1" ten="381,245,235,119" step="2"/><V56/><F66/><W124/><G85/><T71/><D71/><U15/><E15/><V59/><F29/><W107/><G76/><T117/><D117/><U111/><E111/><V1/><F1/><W113/><G124/><T79/><D115/><U27/><E27/><V91/><F28/><W97/><G113/><T33/><D33/><U103/><E103/><V62/><F62/><W90/><G31/><T120/><D120/><U47/><AGARI ba="2,2" hai="8,9,10,16,18,37,42,45,47,51,55,92,98,100" machi="47" ten="30,7900,0" yaku="1,1,0,1,52,1,54,1,53,0" doraHai="99" doraHaiUra="75" who="1" fromWho="1" sc="381,-41,245,105,235,-22,119,-22" /><INIT seed="1,0,0,4,2,39" ten="340,350,213,97" oya="1" hai0="58,28,79,118,124,112,75,126,10,97,40,85,121" hai1="93,26,56,60,59,31,105,47,123,131,88,73,62" hai2="36,57,11,67,38,2,49,81,70,68,130,69,94" hai3="50,34,84,116,120,103,92,52,15,41,72,106,113"/><U135/><E73/><V20/><F130/><W129/><G113/><T45/><D75/><U89/><E105/><V22/><F81/><W61/><G120/><T48/><D112/><U25/><E123/><V99/><F2/><W86/><G34/><T14/><D118/><U82/><E131/><V80/><F80/><W71/><G72/><T76/><D121/><U78/><E47/><V119/><F11/><W63/><G106/><T1/><D1/><U53/><E135/><V101/><F119/><W109/><G71/><T29/><D97/><U87/><E31/><N who="0" m="11849" /><D58/><U127/><E127/><N who="0" m="48681" /><D85/><N who="1" m="52367" /><E78/><V111/><F111/><W132/><G109/><T46/><D46/><U133/><E133/><V19/><F20/><W102/><G132/><T32/><D32/><U117/><E117/><V43/><F67/><AGARI ba="0,0" hai="25,26,53,56,59,60,62,67,82,87,89" m="52367" machi="67" ten="30,2900,0" yaku="8,1,54,1" doraHai="39" who="1" fromWho="2" sc="340,0,350,29,213,-29,97,0" /><INIT seed="1,1,0,3,4,19" ten="340,379,184,97" oya="1" hai0="122,24,58,65,59,3,98,49,61,8,38,116,53" hai1="4,96,83,130,6,17,69,81,82,129,64,75,102" hai2="134,35,40,43,55,74,31,15,39,42,46,21,23" hai3="41,78,107,103,67,97,110,63,93,85,22,104,120"/><U111/><E69/><V128/><F74/><W125/><G120/><T26/><D116/><U79/><E64/><V29/><F134/><W87/><G41/><T37/><D122/><U0/><E17/><V9/><F39/><W117/><G117/><T90/><D38/><U86/><E0/><V12/><F35/><W77/><G125/><T60/><D37/><U62/><E62/><V92/><F128/><N who="1" m="49257" /><E111/><V80/><F80/><N who="1" m="30825" /><E75/><V11/><F92/><AGARI ba="1,0" hai="4,6,79,83,86,92,96,102" m="30825,49257" machi="92" ten="30,1500,0" yaku="19,1" doraHai="19" who="1" fromWho="2" sc="340,0,379,18,184,-18,97,0" /><INIT seed="1,2,0,3,1,3" ten="340,397,166,97" oya="1" hai0="54,91,79,108,25,135,55,92,50,119,48,37,114" hai1="7,94,16,47,28,17,68,70,29,26,44,101,42" hai2="72,35,102,93,82,129,10,120,87,88,122,83,34" hai3="18,11,113,56,80,21,52,74,95,27,90,49,103"/><U130/><E130/><V117/><F117/><W43/><G113/><T110/><D37/><U38/><E101/><V4/><F129/><W40/><G74/><T60/><D79/><U58/><E58/><V73/><F102/><W76/><G76/><T98/><D119/><U85/><E85/><V116/><F116/><W2/><G103/><T78/><D114/><U0/><E94/><V19/><F19/><W118/><G118/><T45/><D135/><U46/><E0/><V109/><F109/><N who="0" m="42090" /><D25/><U13/><E42/><V107/><F107/><W20/><G80/><T99/><D78/><U53/><E38/><V5/><F10/><W104/><G104/><T39/><D39/><U24/><E53/><V61/><F61/><W111/><G111/><T8/><D8/><U125/><E125/><V133/><F133/><W128/><G128/><T62/><D99/><U121/><E121/><V33/><F72/><W131/><G131/><T96/><D96/><U124/><E124/><V86/><F73/><W115/><G115/><T89/><D89/><U67/><E67/><V127/><F127/><W97/><G11/><T105/><D105/><U69/><E13/><V112/><F112/><W100/><G2/><T32/><D32/><U84/><E84/><V106/><F106/><W81/><G100/><T57/><AGARI ba="2,0" hai="45,48,50,54,55,57,60,62,91,92,98" m="42090" machi="57" ten="30,1100,0" yaku="14,1" doraHai="3" who="0" fromWho="0" sc="340,17,397,-7,166,-5,97,-5" /><INIT seed="2,0,0,1,0,59" ten="357,390,161,92" oya="2" hai0="130,30,73,6,132,71,20,93,22,116,68,99,78" hai1="45,91,122,56,63,112,135,121,79,19,114,37,48" hai2="7,133,52,17,106,67,43,21,62,9,129,103,118" hai3="86,54,102,12,51,23,94,85,3,0,98,74,84"/><V65/><F118/><W15/><G74/><T41/><D116/><U109/><E79/><V25/><F133/><W33/><G33/><T82/><D130/><U83/><E19/><V8/><F129/><W90/><G3/><T38/><D132/><U117/><E135/><V127/><F127/><W111/><G0/><T64/><D64/><N who="1" m="39015" /><E91/><V26/><F43/><W32/><G32/><T134/><D134/><U131/><E83/><V46/><F103/><W53/><G111/><T108/><D108/><U39/><E131/><V125/><F125/><W92/><G54/><T105/><D105/><U31/><E31/><V35/><F106/><W4/><G15/><T101/><D6/><U107/><E107/><V124/><F124/><W60/><G4/><T115/><D115/><N who="1" m="44075" /><E109/><V14/><F35/><W70/><G70/><T128/><D128/><U42/><E117/><V40/><F26/><W58/><G60/><T96/><D96/><U18/><E18/><AGARI ba="0,0" hai="12,18,23,51,53,58,84,85,86,90,92,94,98,102" machi="18" ten="40,5200,0" yaku="25,2,8,1" doraHai="59" who="3" fromWho="1" sc="357,0,390,-52,161,0,92,52" /><INIT seed="3,0,0,1,3,108" ten="357,338,161,144" oya="3" hai0="135,66,32,117,44,123,90,67,87,18,121,43,45" hai1="25,36,30,8,83,97,0,70,57,82,76,89,40" hai2="31,128,107,60,20,38,24,71,92,81,68,75,88" hai3="80,23,55,115,27,69,47,37,72,102,99,61,65"/><W4/><G4/><T17/><D32/><U111/><E111/><V56/><F107/><W109/><G109/><T19/><D117/><U122/><E70/><V110/><F128/><W129/><G129/><T6/><D6/><U49/><E122/><V74/><F110/><W84/><G72/><T126/><D126/><U53/><E40/><V1/><F38/><W133/><G133/><T98/><D135/><U5/><E36/><V78/><F1/><W12/><G12/><T10/><D10/><U3/><E3/><V42/><F42/><W112/><G37/><T120/><D98/><U113/><E113/><V119/><F75/><W124/><G124/><T131/><D131/><U63/><E76/><V93/><F93/><W132/><G47/><T95/><D43/><U14/><E0/><V79/><F79/><W118/><G118/><T114/><REACH who="0" step="1"/><D114/><REACH who="0" ten="347,338,161,144" step="2"/><U101/><E5/><V35/><F35/><W9/><G9/><T46/><AGARI ba="0,1" hai="17,18,19,44,45,46,66,67,87,90,95,120,121,123" machi="46" ten="40,12000,2" yaku="1,1,2,1,0,1,29,2,53,1" doraHai="108" doraHaiUra="86" who="0" fromWho="0" sc="347,130,338,-30,161,-30,144,-60" /><INIT seed="4,0,0,5,2,78" ten="477,308,131,84" oya="0" hai0="65,109,106,29,5,21,101,133,47,26,104,35,0" hai1="39,8,14,92,30,46,110,132,28,10,2,12,74" hai2="4,45,73,67,112,134,33,119,98,105,25,61,42" hai3="43,56,60,108,44,88,82,71,48,130,72,7,24"/><T89/><D133/><U18/><E74/><V75/><F119/><W121/><G108/><T27/><D109/><U1/><E39/><V52/><F112/><W3/><G121/><T38/><D0/><U125/><E46/><V70/><F134/><W15/><G130/><T118/><D5/><U20/><E92/><V66/><F4/><W111/><G111/><T87/><D118/><U76/><E76/><V51/><F67/><W120/><G120/><T54/><D65/><U68/><E68/><V32/><F32/><W85/><G3/><T126/><D101/><U36/><E36/><V83/><F83/><W17/><G72/><T23/><D126/><U77/><E77/><V94/><F42/><W59/><G7/><T129/><D129/><U97/><E97/><V64/><F64/><W100/><G71/><T57/><D47/><U53/><E53/><V69/><F69/><W84/><G24/><T127/><D38/><U102/><E102/><V55/><F55/><W128/><G128/><T6/><D6/><U40/><E40/><V81/><F81/><W91/><G60/><T79/><D79/><U96/><E96/><V63/><F63/><W135/><G100/><T58/><D127/><U16/><E110/><V115/><F115/><W62/><G62/><T95/><D35/><U50/><E125/><V93/><F105/><W41/><G41/><T34/><D34/><U13/><E132/><V103/><F94/><N who="3" m="54535" /><G135/><T124/><D124/><U22/><E50/><V31/><AGARI ba="0,0" hai="25,31,33,45,51,52,61,66,70,73,75,93,98,103" machi="31" ten="30,2000,0" yaku="0,1,54,1" doraHai="78" who="2" fromWho="2" sc="477,-10,308,-5,131,20,84,-5" /><INIT seed="5,0,0,0,1,68" ten="467,303,151,79" oya="1" hai0="74,111,51,64,134,87,30,34,16,72,17,41,13" hai1="76,42,90,19,79,56,11,31,95,117,108,12,113" hai2="126,48,96,21,131,49,116,122,10,88,58,25,46" hai3="81,53,73,112,54,38,77,32,80,37,1,94,125"/><U29/><E113/><V102/><F122/><W3/><G112/><T0/><D111/><U91/><E117/><V99/><F116/><W43/><G43/><T97/><D134/><U115/><E115/><V23/><F126/><W86/><G125/><T60/><D0/><U119/><E119/><V57/><F131/><W120/><G120/><T92/><D92/><U128/><E128/><V40/><F10/><W71/><G94/><T100/><D34/><U45/><E56/><V66/><F21/><W83/><G71/><T101/><D30/><U33/><E108/><V103/><F66/><W78/><G32/><T67/><D87/><U130/><E130/><V55/><F58/><W109/><G109/><T36/><D36/><U106/><E106/><V124/><F124/><W6/><G6/><T4/><D4/><U98/><E90/><V84/><F103/><W93/><G93/><T22/><D97/><U82/><E33/><V107/><F107/><W18/><G18/><T26/><D72/><U7/><E7/><V39/><F102/><N who="0" m="39530" /><D60/><U85/><REACH who="1" step="1"/><E79/><REACH who="1" ten="467,293,151,79" step="2"/><V110/><F110/><W127/><G127/><T8/><D74/><U114/><E114/><V20/><F99/><W89/><G73/><T132/><D132/><U9/><E9/><V133/><F133/><W75/><G75/><T65/><D41/><U15/><E15/><V104/><F104/><W52/><G3/><T28/><D51/><AGARI ba="0,1" hai="11,12,19,29,31,42,45,51,76,82,85,91,95,98" machi="51" ten="30,5800,0" yaku="1,1,7,1,8,1,53,0" doraHai="68" doraHaiUra="118" who="1" fromWho="0" sc="467,-58,293,68,151,0,79,0" /><INIT seed="5,1,0,2,1,69" ten="409,361,151,79" oya="1" hai0="113,3,14,36,65,86,62,51,76,88,130,53,30" hai1="77,29,41,56,35,38,129,117,79,114,10,85,75" hai2="134,122,7,55,93,9,125,68,97,92,44,20,131" hai3="106,101,118,103,4,124,33,27,59,128,73,17,121"/><U96/><E117/><V16/><F122/><W63/><G73/><T5/><D3/><U26/><E114/><V112/><F112/><W82/><G121/><T45/><D36/><U116/><E116/><V132/><F131/><W127/><G4/><T66/><D130/><U39/><E75/><V0/><F125/><W50/><G128/><T111/><D111/><U13/><E129/><V100/><F68/><W1/><G1/><T99/><D113/><U11/><E41/><V58/><F44/><W102/><G106/><T6/><D30/><U24/><E24/><V91/><F134/><W37/><G50/><T81/><D14/><U22/><E96/><V43/><F43/><W135/><G82/><T31/><D31/><U89/><E56/><V49/><F132/><W18/><G135/><T46/><D46/><U42/><E42/><V90/><REACH who="2" step="1"/><F93/><REACH who="2" ten="409,361,141,79" step="2"/><W108/><G118/><T80/><D45/><U72/><E38/><V119/><F119/><W23/><G108/><T64/><D81/><U48/><E39/><V70/><F70/><W8/><G37/><T25/><D80/><U83/><E83/><V107/><F107/><W126/><G126/><T133/><D133/><U67/><E72/><V12/><AGARI ba="1,1" hai="0,7,9,12,16,20,49,55,58,90,91,92,97,100" machi="12" ten="20,8000,1" yaku="1,1,0,1,7,1,54,1,53,1" doraHai="69" doraHaiUra="34" who="2" fromWho="2" sc="409,-21,361,-41,141,93,79,-21" /><INIT seed="6,0,0,4,2,19" ten="388,320,234,58" oya="2" hai0="51,104,75,128,32,106,66,15,52,11,45,53,100" hai1="87,82,5,109,99,105,22,71,133,62,12,112,92" hai2="129,41,43,13,25,30,124,122,85,111,14,98,117" hai3="83,130,2,91,65,33,1,44,60,68,76,88,107"/><V37/><F122/><W40/><G130/><T127/><D32/><U47/><E109/><V115/><F117/><W114/><G114/><T103/><D75/><U120/><E112/><V69/><F115/><W29/><G91/><T26/><D127/><U95/><E133/><V7/><F111/><W16/><G16/><T94/><D128/><U4/><E47/><V48/><F69/><W61/><G61/><T89/><D66/><U36/><E36/><V24/><F129/><W38/><G88/><T113/><D113/><U81/><E105/><V42/><F124/><W31/><G31/><T84/><D26/><U78/><E71/><V101/><F37/><W50/><G50/><N who="0" m="28751" /><D106/><U63/><E120/><V21/><F85/><W3/><G107/><T131/><D104/><U39/><E39/><V46/><F25/><W34/><G29/><T90/><D90/><U121/><E121/><V123/><F123/><W17/><REACH who="3" step="1"/><G17/><REACH who="3" ten="388,320,234,48" step="2"/><N who="0" m="8447" /><D131/><U96/><E63/><V23/><F7/><W119/><G119/><T6/><D6/><U126/><E62/><V18/><F13/><W93/><G93/><AGARI ba="0,1" hai="14,18,21,23,24,30,41,42,43,46,48,93,98,101" machi="93" ten="30,11600,0" yaku="7,1,8,1,52,2" doraHai="19" who="2" fromWho="3" sc="388,0,320,0,234,126,48,-116" owari="388,49.0,320,-8.0,360,16.0,-68,-57.0" /></mjloggm>