<mjloggm ver="2.3"><GO type="97" lobby="0"/><UN n0="%E5%B0%B1%E6%B4%BB%E7%94%9F%40%E5%B7%9D%E6%9D%91%E8%BB%8D%E5%9B%A3" n1="%E3%81%8D%E3%81%95%E3%82%93%E3%81%98" n2="%E3%82%AA%E3%82%AF%E3%83%A9%E3%82%B2%E2%96%A1%E6%98%9F%E4%BA%BA" n3="%E3%82%BB%E3%83%89%E3%83%8A" dan="15,14,14,15" rate="2029.76,1933.74,1919.04,2015.20" sx="M,M,M,F"/><TAIKYOKU oya="0"/><INIT seed="0,0,0,2,1,14" ten="250,250,250,250" oya="0" hai0="8,88,132,56,106,28,85,105,83,69,134,101,118" hai1="20,97,116,122,77,74,30,123,3,63,44,60,45" hai2="68,19,43,104,26,4,18,53,71,22,92,130,115" hai3="59,41,103,113,57,5,47,110,42,72,135,91,125"/><T114/><D118/><U25/><E3/><V54/><F115/><W82/><G113/><T29/><D69/><U9/><E116/><V55/><F104/><N who="0" m="40042" /><D114/><U79/><E97/><V21/><F130/><W23/><G5/><T99/><D56/><U128/><E128/><V10/><F43/><W133/><G103/><T64/><D64/><U84/><E84/><V50/><F50/><W33/><G33/><T27/><D8/><U24/><E74/><V119/><F92/><W67/><G67/><T129/><D27/><U52/><E20/><V75/><F75/><W76/><G41/><T70/><D70/><U34/><E30/><V81/><F81/><W94/><G125/><T39/><D39/><U109/><E109/><V6/><F119/><W96/><G57/><T66/><D66/><U12/><E12/><V49/><F49/><W65/><G65/><T117/><D129/><U17/><E17/><V131/><F131/><W62/><G62/><T58/><D58/><U36/><E36/><V124/><F124/><W46/><G59/><T51/><D51/><U89/><E9/><V108/><F108/><W80/><G110/><T120/><D120/><U90/><REACH who="1" step="1"/><E52/><REACH who="1" ten="250,240,250,250" step="2"/><V37/><F37/><W111/><G111/><T0/><D0/><U86/><E86/><V35/><F35/><AGARI ba="0,1" hai="24,25,34,35,44,45,60,63,77,79,89,90,122,123" machi="35" ten="25,3200,0" yaku="1,1,22,2,53,0" doraHai="14" doraHaiUra="61" who="1" fromWho="2" sc="250,0,240,42,250,-32,250,0" /><INIT seed="1,0,0,4,1,130" ten="250,282,218,250" oya="1" hai0="120,35,123,85,87,1,47,98,74,78,86,90,101" hai1="56,43,69,19,71,39,60,2,126,61,102,27,114" hai2="15,52,88,117,4,104,29,64,121,7,70,57,83" hai3="65,97,118,26,16,73,112,119,5,81,54,95,63"/><U82/><E2/><V25/><F104/><W135/><G112/><T125/><D35/><U115/><E102/><V53/><F117/><N who="3" m="44555" /><G5/><T34/><D1/><U0/><E82/><V58/><F121/><N who="0" m="46666" /><D34/><U32/><E32/><V41/><F41/><W12/><G26/><T10/><D10/><U105/><E105/><V103/><F103/><N who="3" m="60863" /><G54/><T18/><D47/><N who="1" m="24063" /><E19/><V42/><F42/><W48/><G48/><T116/><D18/><U89/><E89/><V129/><F129/><W127/><G127/><T124/><D116/><U122/><E27/><V79/><F79/><W68/><G81/><N who="0" m="45271" /><D90/><U20/><E20/><N who="2" m="15527" /><F70/><N who="1" m="26633" /><E126/><N who="0" m="48745" /><D86/><U21/><E21/><V100/><F100/><W133/><G73/><T128/><D128/><U72/><E72/><V94/><F64/><W84/><G84/><T31/><D31/><U28/><E28/><V14/><F83/><W108/><G108/><T93/><AGARI ba="0,0" hai="85,87,93,98,101" m="48745,45271,46666" machi="93" ten="30,7900,0" yaku="13,1,18,1,34,2" doraHai="130" who="0" fromWho="0" sc="250,79,282,-39,218,-20,250,-20" /><INIT seed="2,0,0,2,2,124" ten="329,243,198,230" oya="2" hai0="121,7,131,47,12,123,43,20,84,9,95,39,86" hai1="46,120,87,63,11,25,35,44,119,73,54,28,75" hai2="50,97,24,36,112,17,116,133,77,38,37,67,31" hai3="104,130,53,60,40,21,15,70,90,14,8,3,114"/><V33/><F116/><W68/><G104/><T78/><D131/><U129/><E119/><V55/><F112/><W30/><G3/><T23/><D84/><U27/><E120/><V45/><F133/><W62/><G40/><T115/><D115/><U105/><E105/><V91/><F77/><W64/><G114/><T42/><D42/><U2/><E87/><V100/><F91/><W66/><G53/><T69/><D69/><U99/><E99/><V18/><REACH who="2" step="1"/><F67/><REACH who="2" ten="329,243,188,230" step="2"/><W128/><G90/><T10/><D78/><U92/><E75/><V132/><F132/><W88/><G88/><T51/><D121/><U13/><E73/><V74/><F74/><W94/><G94/><AGARI ba="0,1" hai="17,18,24,31,33,36,37,38,45,50,55,94,97,100" machi="94" ten="40,2000,0" yaku="1,1,53,0" doraHai="124" doraHaiUra="111" who="2" fromWho="3" sc="329,0,243,0,188,30,230,-20" /><INIT seed="2,1,0,2,2,27" ten="329,243,218,210" oya="2" hai0="54,37,78,82,92,72,71,75,32,1,112,21,129" hai1="15,16,87,29,105,100,106,25,101,99,121,20,134" hai2="81,93,39,67,103,74,10,64,52,59,123,26,97" hai3="132,63,17,90,77,102,2,43,88,8,0,49,107"/><V57/><F123/><W95/><G77/><T70/><D32/><U76/><E134/><V35/><F39/><W135/><G107/><T19/><D75/><U9/><E121/><V86/><F74/><W38/><G38/><T33/><D33/><U131/><E131/><V45/><F10/><W3/><G63/><T109/><D1/><U12/><E12/><V116/><F116/><W110/><G110/><T83/><D112/><U47/><E47/><V46/><F35/><W4/><G17/><T44/><D129/><U69/><E69/><V113/><F113/><W122/><G122/><T50/><D109/><U115/><E115/><V68/><F68/><W11/><G43/><T48/><D37/><U7/><E76/><N who="2" m="46375" /><F26/><W5/><G49/><T128/><D128/><U18/><REACH who="1" step="1"/><E87/><REACH who="1" ten="329,233,218,210" step="2"/><V114/><F114/><W6/><G132/><T34/><D71/><U119/><E119/><V51/><F59/><W31/><G135/><T120/><D70/><U53/><E53/><V80/><F80/><W85/><G85/><T111/><D120/><U13/><E13/><V40/><F40/><W125/><G0/><T118/><D111/><U55/><E55/><V126/><F126/><W41/><G125/><T56/><D118/><U96/><AGARI ba="1,1" hai="7,9,15,16,18,20,25,29,96,99,100,101,105,106" machi="96" ten="30,8000,1" yaku="1,1,0,1,9,1,52,1,54,1,53,0" doraHai="27" doraHaiUra="36" who="1" fromWho="1" sc="329,-21,233,93,218,-41,210,-21" /><INIT seed="3,0,0,0,5,37" ten="308,326,177,189" oya="3" hai0="38,123,56,88,41,16,42,51,77,27,57,133,94" hai1="101,104,74,49,126,15,18,24,106,7,116,84,25" hai2="115,112,32,67,2,97,117,105,85,135,23,39,129" hai3="76,44,54,62,128,119,43,30,64,8,92,14,19"/><W55/><G119/><T68/><D123/><U26/><E74/><V10/><F85/><W69/><G128/><T108/><D68/><U82/><E116/><V122/><F23/><W66/><G66/><T70/><D70/><U86/><E126/><V52/><F52/><W78/><G30/><T0/><D0/><U46/><E101/><V17/><F17/><W4/><G92/><T22/><D38/><U45/><E7/><V9/><F9/><W65/><G65/><T90/><D108/><U83/><E104/><V40/><F40/><N who="0" m="15466" /><D133/><U60/><E60/><V63/><F63/><W127/><G127/><T79/><D90/><N who="1" m="51479" /><E49/><V53/><F53/><W11/><G55/><N who="0" m="31871" /><D57/><U125/><E125/><V71/><F67/><W107/><G54/><T102/><D102/><U28/><E28/><V103/><F103/><W33/><G33/><T132/><D132/><U124/><E124/><V59/><F59/><W87/><G107/><T113/><D113/><U47/><E106/><V109/><F97/><AGARI ba="0,0" hai="16,22,27,77,79,88,94,97" m="31871,15466" machi="97" ten="30,12000,2" yaku="8,1,52,3,54,2" doraHai="37" who="0" fromWho="2" sc="308,120,326,0,177,-120,189,0" owari="428,52.0,326,13.0,57,-44.0,189,-21.0" /></mjloggm>