<mjloggm ver="2.3"><GO type="225" lobby="0"/><UN n0="%E3%83%88%E3%83%88%E3%83%AA%E5%85%88%E7%94%9F%31%39%E6%AD%B3" n1="%E7%94%98%E7%B2%95%E3%81%A4%E3%81%B0%E3%82%81" n2="%E3%81%BF%E3%81%A3%E3%81%A4%E3%81%83%EF%BD%9E" n3="%E3%81%8D%E3%82%8A%E3%81%B5%E3%81%A0" dan="18,16,17,16" rate="2263.79,2089.41,2114.80,2056.21" sx="F,F,F,M"/><TAIKYOKU oya="0"/><INIT seed="0,0,0,5,0,117" ten="250,250,250,250" oya="0" hai0="80,73,70,33,9,89,67,0,85,25,120,35,49" hai1="53,11,19,22,104,3,10,118,65,5,64,95,84" hai2="28,102,47,96,98,60,123,36,128,13,18,127,23" hai3="112,59,78,119,109,8,124,129,62,44,93,106,88"/><T17/><D120/><U107/><E118/><V38/><F128/><W66/><G129/><T83/><D70/><U90/><E11/><V55/><F127/><W42/><G124/><T16/><D67/><U132/><E132/><V74/><F74/><W27/><G106/><T45/><D0/><U29/><E29/><V113/><F113/><W110/><G112/><T91/><D9/><U39/><E39/><V34/><F98/><W51/><G78/><T126/><D126/><U87/><E53/><V63/><F38/><W135/><G135/><T122/><D122/><U58/><E58/><V40/><F123/><W31/><G8/><T61/><D61/><U43/><E43/><V131/><F131/><W82/><G82/><T14/><D14/><U20/><E87/><V114/><F55/><W79/><G79/><T4/><D4/><U46/><E46/><V41/><F41/><W77/><G77/><T94/><D73/><U24/><REACH who="1" step="1"/><E22/><REACH who="1" ten="250,240,250,250" step="2"/><N who="2" m="11599" /><F34/><W52/><G119/><T116/><D116/><U111/><E111/><V133/><F133/><W7/><G42/><N who="0" m="24759" /><D35/><U108/><E108/><V30/><F114/><W15/><G110/><T68/><D68/><U81/><E81/><V97/><F30/><W2/><G109/><T50/><D80/><U48/><E48/><N who="2" m="26727" /><F97/><W99/><G31/><N who="0" m="19695" /><D50/><U105/><AGARI ba="0,1" hai="3,5,10,19,20,24,64,65,84,90,95,104,105,107" machi="105" ten="30,2000,0" yaku="1,1,0,1,53,0" doraHai="117" doraHaiUra="69" who="1" fromWho="1" sc="250,-10,240,30,250,-5,250,-5" /><INIT seed="1,0,0,3,0,28" ten="240,270,245,245" oya="1" hai0="105,73,77,67,56,52,88,31,48,89,134,32,37" hai1="100,114,42,36,124,131,109,101,50,16,92,69,71" hai2="95,61,20,49,24,35,118,6,122,102,116,25,123" hai3="94,29,108,84,111,79,30,133,112,130,65,135,68"/><U26/><E114/><V60/><F102/><W41/><G112/><T91/><D37/><U18/><E109/><N who="3" m="42058" /><G41/><T107/><D134/><U74/><E36/><V113/><F95/><W9/><G68/><T23/><D23/><U0/><E74/><V70/><F49/><W13/><G65/><T97/><D67/><U129/><E124/><V53/><F53/><W75/><G75/><T38/><D38/><U46/><E0/><V127/><F113/><W7/><G94/><T21/><D21/><N who="1" m="13607" /><E18/><V22/><F6/><W98/><G98/><T57/><D57/><U58/><E58/><V96/><F96/><W3/><G84/><T87/><D73/><U128/><E92/><V117/><F70/><AGARI ba="0,0" hai="42,46,50,69,70,71,100,101,128,129,131" m="13607" machi="70" ten="40,3900,0" yaku="19,1,54,1" doraHai="28" who="1" fromWho="2" sc="240,0,270,39,245,-39,245,0" /><INIT seed="1,1,0,3,2,46" ten="240,309,206,245" oya="1" hai0="91,122,88,14,98,104,50,70,109,121,7,51,130" hai1="3,39,24,57,69,68,59,115,75,113,132,103,80" hai2="65,19,134,41,110,38,34,11,95,62,123,52,128" hai3="26,17,28,85,93,55,78,102,8,43,21,111,29"/><U5/><E39/><V71/><F123/><N who="0" m="47114" /><D109/><U16/><E103/><V129/><F34/><W74/><G111/><T99/><D130/><N who="2" m="50282" /><F110/><W119/><G74/><T94/><D70/><U10/><E132/><V23/><F134/><W135/><G119/><T35/><D35/><U61/><E69/><V56/><F11/><W36/><G36/><T37/><D37/><U120/><E120/><V96/><F41/><W83/><G43/><T53/><D53/><U82/><E68/><V106/><F38/><W126/><G126/><T124/><D124/><U32/><E59/><V97/><F95/><W31/><G55/><T89/><D104/><U84/><E75/><V127/><F106/><W54/><G54/><T79/><D79/><U45/><E45/><V116/><F116/><W105/><G105/><T67/><D67/><U9/><E32/><V15/><F127/><W4/><G135/><T86/><D99/><U107/><E107/><V64/><F64/><W12/><G93/><N who="0" m="54423" /><D91/><U6/><E113/><V60/><AGARI ba="1,0" hai="15,19,23,52,56,60,62,65,71,96,97" m="50282" machi="60" ten="30,2000,0" yaku="19,1,54,1" doraHai="46" who="2" fromWho="2" sc="240,-6,309,-11,206,23,245,-6" /><INIT seed="2,0,0,1,5,132" ten="234,298,229,239" oya="2" hai0="113,83,119,52,61,34,2,8,45,20,82,22,57" hai1="64,102,60,56,114,85,18,128,100,95,11,70,19" hai2="51,98,106,58,26,35,29,118,133,90,71,62,42" hai3="87,30,21,9,32,115,28,6,38,73,120,14,134"/><V39/><F118/><W99/><G73/><T27/><D113/><U7/><E114/><V112/><F112/><W122/><G38/><T125/><D119/><U63/><E128/><V127/><F133/><W1/><G99/><T76/><D125/><U12/><E85/><V81/><F39/><W59/><G59/><T124/><D124/><U109/><E109/><V105/><F127/><W91/><G134/><T130/><D130/><U88/><E100/><V40/><F81/><W123/><G91/><T129/><D129/><U13/><E102/><N who="2" m="62679" /><F90/><W37/><G87/><T75/><D83/><U78/><E78/><V126/><F106/><W16/><G37/><T31/><REACH who="0" step="1"/><D45/><REACH who="0" ten="224,298,229,239" step="2"/><U86/><E12/><V48/><F126/><W65/><G115/><T55/><D55/><AGARI ba="0,1" hai="7,11,13,18,19,55,56,60,63,64,70,86,88,95" machi="55" ten="30,2000,0" yaku="7,1,54,1" doraHai="132" who="1" fromWho="0" sc="224,-20,298,30,229,0,239,0" /><INIT seed="3,0,0,0,3,23" ten="204,328,229,239" oya="3" hai0="22,56,104,85,32,122,30,118,41,5,17,57,98" hai1="114,45,15,63,132,60,36,115,69,38,47,126,72" hai2="62,31,20,61,2,24,73,10,92,100,37,109,25" hai3="101,111,46,79,93,35,87,117,131,0,50,14,81"/><W18/><G0/><T40/><D122/><U89/><E72/><V102/><F73/><W71/><G117/><T108/><D118/><U83/><E15/><V86/><F37/><W3/><G3/><T26/><D108/><U7/><E7/><V13/><F2/><W135/><G71/><T103/><D5/><U113/><E89/><N who="2" m="53303" /><F109/><W90/><G35/><T64/><D85/><U78/><E83/><V11/><F11/><W49/><G135/><T120/><D120/><U53/><E78/><V99/><F24/><W4/><G4/><T42/><REACH who="0" step="1"/><D64/><REACH who="0" ten="194,328,229,239" step="2"/><U75/><E114/><V124/><F124/><W44/><G111/><T91/><D91/><U58/><E126/><V6/><F99/><N who="3" m="59631" /><G131/><T107/><D107/><U67/><E113/><V110/><F110/><W8/><G90/><T95/><D95/><U88/><E115/><V54/><F102/><W133/><G133/><T1/><D1/><U70/><E88/><V121/><F100/><W106/><G106/><T19/><D19/><U94/><E132/><V82/><F121/><W76/><G76/><T97/><D97/><U9/><E94/><V84/><F84/><W130/><G130/><T68/><D68/><U27/><E70/><V116/><F116/><W119/><G119/><T39/><D39/><U125/><E36/><V29/><F82/><W105/><G105/><T96/><D96/><U43/><E38/><V12/><F31/><W128/><G128/><T48/><D48/><AGARI ba="0,1" hai="8,14,18,44,46,48,49,50,79,81,87" m="59631" machi="48" ten="30,1500,0" yaku="8,1" doraHai="23" who="3" fromWho="0" sc="194,-15,328,0,229,0,239,25" /><INIT seed="3,1,0,3,1,84" ten="179,328,229,264" oya="3" hai0="103,128,8,4,79,126,120,130,81,67,96,62,21" hai1="36,11,89,5,41,95,30,115,12,20,47,122,135" hai2="133,131,97,44,59,111,25,56,19,106,32,51,76" hai3="78,94,64,22,119,49,134,15,66,60,42,17,9"/><W35/><G35/><T45/><D120/><U121/><E115/><V37/><F111/><W0/><G134/><T14/><D126/><U105/><E105/><V116/><F131/><W110/><G119/><T80/><D45/><U61/><E135/><V54/><F133/><W83/><G94/><T3/><D80/><U18/><E30/><V86/><F116/><W101/><G101/><T69/><D21/><U117/><E61/><V28/><F37/><W90/><G78/><T102/><D14/><U88/><E117/><V1/><F1/><W72/><G72/><T108/><D108/><U58/><E58/><V38/><F38/><W13/><G0/><T91/><D91/><U75/><E75/><V26/><F76/><W112/><G60/><T46/><D46/><U50/><E89/><V104/><F86/><N who="3" m="50527" /><G112/><T124/><D124/><U23/><E36/><V125/><F125/><W55/><G42/><T16/><D16/><U71/><E71/><V74/><F74/><W127/><G127/><T2/><D2/><U29/><E29/><V98/><F106/><W85/><G85/><T52/><D52/><U82/><E82/><V99/><F104/><W39/><G39/><T114/><D114/><U10/><E121/><V31/><REACH who="2" step="1"/><F19/><REACH who="2" ten="179,328,219,264" step="2"/><N who="3" m="10623" /><G110/><T57/><D128/><U43/><E122/><V100/><F100/><W93/><G93/><N who="0" m="58639" /><D103/><U70/><E95/><V68/><F68/><W7/><G17/><T107/><D130/><U63/><E70/><V123/><F123/><W34/><G34/><AGARI ba="1,1" hai="25,26,28,31,32,34,44,51,54,56,59,97,98,99" machi="34" ten="40,2600,0" yaku="1,1,9,1,53,0" doraHai="84" doraHaiUra="6" who="2" fromWho="3" sc="179,0,328,0,219,39,264,-29" owari="179,-32.0,328,42.0,258,6.0,235,-16.0" /></mjloggm>