<mjloggm ver="2.3"><GO type="225" lobby="0"/><UN n0="%E3%81%A1%E3%83%BC%E3%81%A6%E3%82%93" n1="%E3%81%BF%E3%81%A3%E3%81%A4%E3%81%83%EF%BD%9E" n2="%65%EF%BC%BE%63%5F%2C%EF%BC%BE%64" n3="%E5%B0%B1%E6%B4%BB%E7%94%9F%40%E5%B7%9D%E6%9D%91%E8%BB%8D%E5%9B%A3" dan="16,16,16,17" rate="2172.36,2151.82,2061.48,2106.13" sx="M,F,M,M"/><TAIKYOKU oya="0"/><INIT seed="0,0,0,2,4,121" ten="250,250,250,250" oya="0" hai0="95,27,89,51,59,94,3,73,122,0,35,14,13" hai1="120,44,40,86,102,126,53,134,62,6,67,30,101" hai2="64,16,119,85,90,79,52,82,32,23,97,68,74" hai3="83,78,66,29,63,106,41,96,26,123,21,131,100"/><T11/><D73/><U5/><E120/><V108/><F32/><W48/><G123/><T54/><D122/><U60/><E134/><V24/><F119/><W110/><G131/><T118/><D118/><U93/><E126/><V107/><F68/><W46/><G110/><T22/><D35/><U124/><E124/><V75/><F64/><W111/><G111/><T130/><D130/><U36/><E30/><V39/><F39/><W113/><G113/><T104/><D104/><U57/><E101/><V12/><F108/><W103/><G103/><T70/><D70/><U7/><E102/><N who="2" m="62927" /><F75/><W128/><G128/><T116/><D116/><U31/><E31/><V28/><F28/><W25/><G25/><T43/><D43/><U112/><E112/><V37/><F37/><W77/><G83/><T49/><D49/><U129/><E129/><V135/><F135/><W91/><G91/><T4/><D0/><U117/><E117/><V87/><F87/><W15/><G15/><T17/><REACH who="0" step="1"/><D95/><REACH who="0" ten="240,250,250,250" step="2"/><U50/><E93/><N who="2" m="54479" /><F24/><W65/><G63/><T71/><D71/><N who="1" m="42471" /><E62/><V72/><F72/><W20/><G48/><T125/><D125/><U76/><E36/><V109/><F109/><W38/><G41/><T2/><D2/><U9/><E40/><V18/><F74/><W61/><G38/><T19/><D19/><U55/><E6/><V105/><F105/><W127/><G61/><T47/><D47/><U81/><E7/><V58/><F18/><W115/><G46/><T42/><D42/><N who="1" m="24855" /><E57/><V132/><F132/><W133/><G127/><T92/><D92/><U99/><E99/><AGARI ba="0,1" hai="3,4,11,13,14,17,22,27,51,54,59,89,94,99" machi="99" ten="30,11600,0" yaku="1,1,6,1,7,1,53,1" doraHai="121" doraHaiUra="84" who="0" fromWho="1" sc="240,126,250,-116,250,0,250,0" /><INIT seed="0,1,0,3,0,106" ten="366,134,250,250" oya="0" hai0="96,79,95,8,45,1,72,108,63,113,26,49,20" hai1="105,83,43,94,100,129,68,102,9,11,31,116,61" hai2="22,80,12,75,82,38,27,111,6,60,77,119,109" hai3="28,118,115,76,13,44,50,40,107,89,134,81,121"/><T65/><D113/><U56/><E116/><V4/><F119/><W23/><G107/><T66/><D108/><N who="2" m="41546" /><F38/><W125/><G115/><T88/><D1/><U70/><E129/><V2/><F2/><W10/><G118/><T120/><D8/><U127/><E127/><V91/><F12/><W17/><G125/><T24/><D120/><U101/><E105/><V114/><F114/><W7/><G121/><T18/><D26/><U14/><E43/><V21/><F60/><W126/><G126/><T51/><D63/><U59/><E31/><N who="2" m="17903" /><F22/><W53/><G89/><T93/><D93/><U34/><E34/><V67/><F67/><W133/><G28/><T71/><D71/><U78/><E94/><V69/><F69/><W47/><G47/><T42/><REACH who="0" step="1"/><D51/><REACH who="0" ten="356,134,250,250" step="2"/><U104/><E104/><V103/><F103/><W19/><G134/><T48/><D48/><U112/><E112/><V41/><F41/><W33/><G133/><T62/><D62/><U86/><E11/><V132/><F132/><W130/><G130/><T29/><D29/><U87/><E68/><V131/><F131/><W99/><G33/><T25/><D25/><U30/><E70/><V39/><F39/><W5/><G23/><T36/><D36/><U16/><E30/><V90/><F80/><AGARI ba="1,1" hai="18,20,24,42,45,49,65,66,72,79,80,88,95,96" machi="80" ten="40,7700,0" yaku="1,1,52,1,54,1,53,0" doraHai="106" doraHaiUra="123" who="0" fromWho="2" sc="356,90,134,0,250,-80,250,0" /><INIT seed="0,2,0,4,3,0" ten="446,134,170,250" oya="0" hai0="66,7,34,33,32,96,28,105,67,77,25,75,111" hai1="62,95,126,46,54,107,91,39,127,89,71,83,102" hai2="99,116,43,76,80,10,8,6,100,26,64,49,5" hai3="38,134,59,92,16,27,72,120,135,20,58,79,12"/><T85/><D75/><U123/><E123/><V45/><F116/><W44/><G120/><T4/><D111/><U17/><E107/><V81/><F64/><W13/><G92/><T24/><D34/><U63/><E102/><V53/><F26/><W82/><G38/><T106/><D96/><U1/><E17/><V128/><F128/><W56/><REACH who="3" step="1"/><G44/><REACH who="3" ten="446,134,170,240" step="2"/><T124/><D124/><U108/><E46/><V61/><F45/><W50/><G50/><T31/><D105/><U94/><E39/><V104/><F49/><W88/><G88/><T84/><D106/><U52/><E126/><V18/><F104/><W29/><G29/><T14/><D14/><AGARI ba="2,1" hai="12,13,14,16,20,27,56,58,59,72,79,82,134,135" machi="14" ten="40,2600,0" yaku="1,1,54,1,53,0" doraHai="0" doraHaiUra="93" who="3" fromWho="0" sc="446,-32,134,0,170,0,240,42" /><INIT seed="1,0,0,0,2,44" ten="414,134,170,282" oya="1" hai0="34,78,102,108,130,42,118,125,2,120,119,73,97" hai1="110,71,103,47,99,89,23,9,6,52,134,57,63" hai2="135,100,96,81,33,43,116,69,82,50,113,30,11" hai3="19,4,127,10,46,66,7,126,17,101,112,133,109"/><U84/><E134/><V61/><F116/><W28/><G112/><T121/><D42/><U85/><E110/><V86/><F135/><W83/><G133/><T64/><D64/><U22/><E71/><V35/><F113/><W131/><G131/><T74/><D34/><U41/><E22/><V13/><F69/><W25/><G109/><T75/><D2/><U65/><E65/><V21/><F61/><W91/><G66/><T124/><D108/><U111/><E23/><V107/><F21/><N who="3" m="15407" /><G101/><T129/><D78/><U54/><E54/><V88/><F30/><W5/><G46/><T32/><D32/><U72/><E72/><V51/><F82/><W8/><G91/><T95/><D119/><U1/><E89/><V90/><F90/><W68/><G83/><T70/><D70/><U59/><E59/><V27/><F27/><W49/><G49/><T93/><D118/><U128/><E128/><N who="0" m="49257" /><D93/><U40/><E111/><V3/><F3/><W16/><G68/><T94/><D94/><U55/><E55/><V15/><F15/><W60/><G60/><T76/><D76/><U58/><E58/><V67/><F67/><W98/><G98/><T45/><D45/><U62/><E62/><V26/><F43/><N who="1" m="16457" /><E47/><V39/><F39/><W80/><G80/><T18/><D18/><U104/><E1/><V122/><F122/><AGARI ba="0,0" hai="73,74,75,95,97,102,120,121,122,124,125" m="49257" machi="122" ten="40,8000,1" yaku="13,1,19,1,34,2" doraHai="44" who="0" fromWho="2" sc="414,80,134,0,170,-80,282,0" /><INIT seed="2,0,0,0,5,47" ten="494,134,90,282" oya="2" hai0="72,41,15,44,84,99,48,108,58,10,78,57,70" hai1="120,135,125,79,1,27,132,22,98,111,11,67,60" hai2="46,54,33,118,52,68,23,83,92,37,56,32,134" hai3="89,66,128,130,28,109,73,19,55,5,74,101,3"/><V17/><F118/><W102/><G66/><T51/><D70/><U88/><E111/><V86/><F68/><W26/><G19/><N who="0" m="8695" /><D72/><U69/><E125/><V95/><F134/><N who="1" m="51241" /><E120/><V50/><F33/><W75/><G55/><T126/><D51/><U42/><E79/><N who="2" m="46463" /><F32/><W65/><G65/><T59/><D108/><U21/><E42/><V12/><F37/><W24/><G26/><T103/><D126/><U82/><E27/><V71/><F71/><W112/><G5/><T129/><D129/><N who="3" m="49769" /><G3/><T110/><D110/><U85/><E98/><V77/><F77/><W121/><G121/><T39/><D39/><U63/><E63/><AGARI ba="0,0" hai="12,17,23,46,50,52,54,56,63,92,95" m="46463" machi="63" ten="30,5800,0" yaku="8,1,52,1,54,1" doraHai="47" who="2" fromWho="1" sc="494,0,134,-58,90,58,282,0" /><INIT seed="2,1,0,4,2,94" ten="494,76,148,282" oya="2" hai0="65,2,85,128,99,104,95,106,51,64,77,123,34" hai1="121,5,82,45,1,60,130,32,12,115,26,43,122" hai2="19,46,112,70,48,96,110,4,133,131,132,66,91" hai3="113,108,116,101,31,6,90,22,100,135,23,13,80"/><V25/><F112/><W89/><G108/><T49/><D123/><N who="1" m="47115" /><E115/><V111/><F4/><W18/><G135/><N who="2" m="51785" /><F131/><W63/><G116/><T61/><D2/><U40/><E130/><V127/><F127/><W62/><G6/><T68/><D34/><U24/><E1/><V72/><F72/><W75/><G75/><T37/><D37/><N who="1" m="21647" /><E43/><N who="2" m="24671" /><F66/><W120/><G120/><T102/><D128/><U35/><E82/><V36/><F70/><W47/><G47/><T67/><D106/><U54/><E35/><V7/><F7/><W73/><G73/><T87/><D104/><U69/><E32/><V118/><F118/><W11/><G80/><T126/><D126/><U107/><E107/><V79/><F79/><W38/><G38/><T27/><D27/><U50/><E12/><V134/><F36/><W84/><G113/><T30/><D68/><U56/><E5/><V129/><F129/><W92/><G90/><T86/><D77/><U55/><E69/><V21/><N who="2" m="51793" /><V78/><DORA hai="39" /><F78/><W103/><G31/><T98/><D30/><U83/><E83/><V41/><F41/><W114/><G114/><T16/><D67/><U17/><E17/><V0/><F0/><W71/><G71/><N who="0" m="42383" /><D65/><N who="1" m="39047" /><E50/><N who="0" m="18953" /><D16/><U9/><E9/><V33/><F33/><W76/><G76/><T53/><D53/><AGARI ba="1,0" hai="24,26,53,54,55" m="39047,21647,47115" machi="53" ten="30,2000,0" yaku="13,1,52,1" doraHai="94,39" who="1" fromWho="0" sc="494,-23,76,23,148,0,282,0" /><INIT seed="3,0,0,5,4,39" ten="471,99,148,282" oya="3" hai0="7,130,21,71,55,22,98,58,79,97,123,129,0" hai1="112,120,91,15,135,82,106,105,14,126,48,131,68" hai2="134,69,50,37,33,3,38,114,34,31,24,62,40" hai3="13,2,49,113,103,73,78,43,46,133,36,5,17"/><W80/><G113/><T101/><D71/><U90/><E120/><V77/><F3/><W45/><G133/><T72/><D123/><U75/><E112/><V109/><F114/><W67/><G67/><T26/><D79/><U60/><E135/><V116/><F134/><W84/><G103/><T110/><D110/><U117/><E117/><V54/><F116/><W81/><G2/><T42/><D42/><U6/><E131/><N who="0" m="50185" /><D72/><U121/><E126/><V125/><F34/><W74/><G81/><T64/><D64/><U132/><E132/><V11/><F54/><W51/><G36/><T1/><D1/><U127/><E127/><V99/><F99/><N who="0" m="37898" /><D26/><U35/><E121/><V44/><F50/><W20/><REACH who="3" step="1"/><G5/><REACH who="3" ten="471,99,148,272" step="2"/><T23/><D101/><U4/><E6/><V52/><F38/><W76/><G76/><T86/><D7/><U95/><E4/><V70/><F37/><W59/><G59/><T111/><D0/><U102/><E68/><V18/><F70/><W19/><G19/><T41/><D58/><U61/><E102/><V104/><F69/><W30/><G30/><T100/><D100/><U128/><E128/><V27/><F31/><W89/><G89/><T94/><D111/><U124/><E91/><V8/><F109/><W63/><G63/><T83/><D83/><U9/><E90/><V115/><F125/><W119/><G119/><T57/><D57/><U92/><E82/><V88/><F88/><W87/><G87/><T108/><D108/><U85/><E124/><V47/><F115/><W107/><G107/><T12/><D86/><U66/><E106/><RYUUKYOKU ba="0,1" sc="471,-10,99,-10,148,-10,272,30" hai3="13,17,20,43,45,46,49,51,73,74,78,80,84" /><INIT seed="3,1,1,0,1,28" ten="461,89,138,302" oya="3" hai0="51,120,30,45,87,107,129,67,88,1,7,76,75" hai1="134,15,57,113,123,110,37,35,77,53,124,72,82" hai2="36,119,99,89,130,12,70,13,32,62,14,49,115" hai3="41,98,104,114,27,65,92,78,95,122,60,43,86"/><W96/><G122/><T29/><D120/><U80/><E123/><V40/><F36/><W38/><G104/><T111/><D111/><U133/><E113/><V81/><F119/><W11/><G114/><T117/><D117/><U93/><E37/><V52/><F115/><W126/><G126/><T26/><D107/><U79/><E124/><V34/><F40/><W19/><G38/><T64/><D129/><U8/><E110/><V66/><F130/><W50/><G78/><T125/><D125/><U71/><E71/><V10/><F10/><W59/><G86/><T6/><D76/><U103/><E103/><V128/><F128/><W23/><G11/><T44/><D75/><U2/><E93/><V121/><F121/><W90/><REACH who="3" step="1"/><G50/><REACH who="3" ten="461,89,138,292" step="2"/><T84/><D51/><N who="1" m="30911" /><E2/><V118/><F49/><W109/><G109/><T0/><D26/><U100/><E100/><AGARI ba="1,2" hai="19,23,27,41,43,59,60,65,90,92,95,96,98,100" machi="100" ten="30,5800,0" yaku="1,1,7,1,8,1,53,0" doraHai="28" doraHaiUra="135" who="3" fromWho="1" sc="461,0,89,-61,138,0,292,81" /><INIT seed="3,2,0,3,3,112" ten="461,28,138,373" oya="3" hai0="54,45,104,63,16,98,102,107,60,118,30,131,36" hai1="5,92,17,127,59,40,100,88,62,19,2,86,48" hai2="91,78,41,3,106,0,116,89,32,51,68,39,13" hai3="23,110,125,93,85,22,37,44,73,18,109,90,96"/><W132/><G73/><T47/><D118/><U53/><E127/><V69/><F32/><W15/><G125/><T95/><D131/><U11/><E100/><V1/><F39/><W27/><G132/><T50/><D30/><U43/><E19/><V52/><F41/><W4/><G37/><T57/><D16/><U64/><E17/><V117/><F78/><W74/><G74/><T61/><REACH who="0" step="1"/><D36/><REACH who="0" ten="451,28,138,373" step="2"/><U79/><REACH who="1" step="1"/><E79/><REACH who="1" ten="451,18,138,373" step="2"/><V121/><F116/><W58/><G109/><T7/><D7/><U120/><E120/><V97/><F117/><W33/><G110/><T26/><D26/><U10/><E10/><V34/><F121/><W103/><G4/><T114/><D114/><U8/><E8/><V77/><F77/><W84/><G33/><T135/><D135/><U133/><E133/><V66/><F34/><W24/><G23/><T101/><D101/><U29/><E29/><V76/><F76/><W128/><G128/><T28/><D28/><U115/><E115/><V38/><F38/><W126/><G126/><T111/><D111/><U113/><E113/><V94/><F1/><W123/><G123/><T81/><D81/><U129/><E129/><V119/><F119/><W82/><G27/><T122/><D122/><U105/><E105/><AGARI ba="2,2" hai="45,47,50,54,57,60,61,63,95,98,102,104,105,107" machi="105" ten="40,5200,0" yaku="1,1,53,2" doraHai="112" doraHaiUra="42" who="0" fromWho="1" sc="451,78,18,-58,138,0,373,0" owari="529,63.0,-40,-54.0,138,-26.0,373,17.0" /></mjloggm>