<mjloggm ver="2.3"><GO type="193" lobby="0"/><UN n0="%E3%81%82%E3%82%8B%E3%81%9F%E3%82%80" n1="%E4%BC%8A%E9%81%94%E6%97%A9%E9%9B%B2" n2="%E5%B0%B1%E6%B4%BB%E7%94%9F%40%E5%B7%9D%E6%9D%91%E8%BB%8D%E5%9B%A3" n3="%6E%69%66%2E" dan="12,11,15,10" rate="1669.52,1605.74,1944.66,1804.91" sx="M,M,M,M"/><TAIKYOKU oya="0"/><INIT seed="0,0,0,2,4,57" ten="250,250,250,250" oya="0" hai0="61,9,73,81,110,101,14,94,53,5,45,22,30" hai1="49,20,54,72,89,52,84,109,3,38,123,7,51" hai2="62,115,130,27,55,127,46,25,13,40,60,79,83" hai3="70,93,107,102,69,67,4,113,28,124,104,122,118"/><T16/><D110/><U120/><E72/><V133/><F133/><W19/><G118/><T75/><D30/><U98/><E38/><V131/><F131/><W90/><G113/><T87/><D101/><U95/><E109/><V18/><F18/><W128/><G19/><T48/><D94/><U103/><E20/><V68/><F68/><W85/><G28/><T96/><D96/><U76/><E7/><V0/><F0/><W63/><G4/><T34/><D34/><U88/><E3/><V129/><F129/><W111/><G111/><T23/><D23/><U56/><E123/><V97/><F97/><W80/><G128/><T135/><D135/><U125/><E125/><V41/><F41/><W82/><G124/><T37/><D37/><U12/><E120/><V17/><F17/><W66/><G122/><T24/><D61/><U112/><E112/><V92/><F92/><W99/><REACH who="3" step="1"/><G107/><REACH who="3" ten="250,250,250,240" step="2"/><T15/><D24/><U10/><E76/><AGARI ba="0,1" hai="5,9,14,15,16,22,45,48,53,73,75,76,81,87" machi="76" ten="30,2900,0" yaku="7,1,54,1" doraHai="57" who="0" fromWho="1" sc="250,39,250,-29,250,0,240,0" /><INIT seed="0,1,0,4,3,118" ten="289,221,250,240" oya="0" hai0="22,84,55,67,27,96,129,65,2,47,83,127,108" hai1="52,85,21,12,115,63,1,94,106,30,34,114,58" hai2="39,23,11,60,126,120,116,50,31,103,89,135,77" hai3="73,109,82,46,29,87,13,104,86,7,123,19,35"/><T69/><D69/><U4/><E106/><V134/><F134/><W91/><G104/><T122/><D122/><U15/><E94/><V54/><F54/><W49/><G109/><T16/><D127/><U71/><E85/><V57/><F57/><W41/><G7/><T133/><D2/><U9/><E71/><V26/><F26/><W42/><G73/><T33/><D133/><U76/><E76/><V36/><F36/><W119/><G119/><T5/><D129/><U43/><E43/><V98/><F98/><W75/><G75/><T112/><D112/><N who="1" m="43051" /><E63/><V0/><F0/><W72/><G72/><T45/><D108/><U105/><E105/><V28/><F28/><W132/><G29/><T6/><D33/><U51/><E34/><V107/><F107/><W44/><G35/><T66/><D96/><U121/><E121/><V25/><F25/><AGARI ba="1,0" hai="1,4,9,12,15,21,25,30,51,52,58" m="43051" machi="25" ten="30,2000,0" yaku="11,1,54,1" doraHai="118" who="1" fromWho="2" sc="289,0,221,23,250,-23,240,0" /><INIT seed="1,0,0,1,0,92" ten="289,244,227,240" oya="1" hai0="2,88,7,35,61,42,76,129,95,45,86,85,34" hai1="49,43,39,72,133,17,123,91,59,89,1,114,84" hai2="101,40,21,105,18,31,57,106,54,28,26,51,131" hai3="93,100,102,66,47,108,55,104,20,60,132,25,77"/><U82/><E123/><V122/><F122/><W58/><G108/><T127/><D129/><U97/><E133/><V5/><F5/><W41/><G132/><T63/><D127/><U130/><E1/><V119/><F119/><W15/><G104/><T69/><D35/><U71/><E130/><V125/><F125/><W124/><G124/><T112/><D112/><U118/><E114/><V74/><F74/><W81/><G15/><T22/><D34/><U94/><E71/><V62/><F62/><W0/><G0/><T46/><D2/><U73/><E118/><V29/><F29/><W32/><G32/><T11/><D7/><U33/><E33/><V64/><F64/><W9/><G9/><T113/><D113/><U67/><E39/><V103/><F103/><W48/><G93/><T117/><D117/><U19/><E43/><V109/><F109/><W116/><G116/><T90/><D11/><U126/><E126/><V23/><F23/><W107/><G107/><T78/><D22/><U13/><E19/><V24/><F24/><W8/><G8/><T134/><D134/><U135/><E135/><V30/><F30/><N who="3" m="17703" /><G41/><T6/><D6/><U128/><E128/><V14/><F14/><W96/><G96/><T68/><D95/><U3/><E3/><V52/><F52/><N who="3" m="29727" /><G66/><T37/><D42/><U75/><E67/><V120/><F120/><W87/><AGARI ba="0,0" hai="55,58,60,77,81,87,100,102" m="29727,17703" machi="87" ten="30,2000,0" yaku="8,1,54,1" doraHai="92" who="3" fromWho="3" sc="289,-5,244,-10,227,-5,240,20" /><INIT seed="2,0,0,1,3,117" ten="284,234,222,260" oya="2" hai0="111,104,75,126,84,91,46,98,62,23,79,25,113" hai1="11,53,12,44,18,3,5,6,119,124,4,59,22" hai2="120,57,67,131,31,63,76,77,9,37,105,27,49" hai3="83,88,56,30,72,99,45,125,47,14,68,101,80"/><V19/><F19/><W10/><G125/><T93/><D113/><U89/><E44/><V71/><F71/><W65/><G68/><T118/><D118/><U2/><E89/><V90/><F90/><W102/><G30/><T130/><D111/><U121/><E119/><V70/><F70/><W135/><G135/><T28/><D130/><U128/><E59/><V1/><F1/><W39/><G39/><T41/><D126/><U60/><E53/><V107/><F107/><W48/><G72/><T108/><D108/><U42/><E60/><V110/><F110/><W78/><G78/><T54/><D54/><U132/><E42/><V87/><F87/><N who="3" m="50279" /><G83/><N who="0" m="45567" /><D62/><U50/><E50/><V127/><F127/><W112/><G112/><T133/><D133/><U82/><E82/><V15/><F15/><W43/><G99/><T29/><D46/><U38/><E38/><V114/><F114/><W16/><G47/><T115/><D115/><U123/><E132/><V61/><F61/><AGARI ba="0,0" hai="10,14,16,43,45,48,56,61,65,101,102" m="50279" machi="61" ten="30,3900,0" yaku="8,1,54,2" doraHai="117" who="3" fromWho="2" sc="284,0,234,0,222,-39,260,39" /><INIT seed="3,0,0,2,5,3" ten="284,234,183,299" oya="3" hai0="40,41,23,86,35,104,49,97,119,1,30,53,62" hai1="54,60,114,78,52,87,14,115,57,2,16,45,11" hai2="39,19,0,83,90,100,112,21,24,131,71,117,128" hai3="28,85,8,106,13,10,95,84,120,98,122,99,80"/><W134/><G134/><T76/><D119/><U38/><E2/><V32/><F32/><W108/><G28/><T123/><D123/><U77/><E38/><V82/><F82/><W102/><G108/><T113/><D113/><U93/><E45/><V50/><F50/><W59/><G59/><T68/><D1/><U26/><E54/><V75/><F75/><W125/><G125/><T92/><D104/><U103/><E115/><V89/><F89/><W126/><G126/><T66/><D35/><U67/><E114/><V58/><F58/><W79/><G85/><T9/><D9/><U48/><E26/><V74/><F74/><W129/><G129/><T6/><D6/><U81/><E103/><V47/><F47/><W88/><G98/><T72/><D72/><U94/><E78/><V110/><F110/><W116/><G116/><T55/><D55/><U37/><E37/><V96/><F96/><W56/><G56/><T130/><D130/><U51/><E48/><V46/><F46/><W25/><G25/><T22/><D22/><U17/><E17/><V33/><F33/><W42/><G42/><T63/><D63/><U132/><E132/><V118/><F118/><W133/><G133/><T5/><D5/><U124/><E124/><V4/><F4/><N who="3" m="3207" /><G10/><T101/><D76/><U64/><E51/><V20/><F20/><W91/><G91/><T18/><D86/><U43/><REACH who="1" step="1"/><E43/><REACH who="1" ten="284,224,183,299" step="2"/><V29/><F29/><W36/><G36/><T105/><D30/><U65/><AGARI ba="0,1" hai="11,14,16,52,57,60,64,65,67,77,81,87,93,94" machi="65" ten="30,12000,2" yaku="1,1,2,1,0,1,8,1,54,2,53,0" doraHai="3" doraHaiUra="135" who="1" fromWho="1" sc="284,-30,224,130,183,-30,299,-60" owari="254,5.0,354,46.0,153,-35.0,239,-16.0" /></mjloggm>