<mjloggm ver="2.3"><GO type="41" lobby="0"/><UN n0="%E3%82%B3%E3%82%B7%E3%82%AC%E3%83%A4" n1="%6B%61%72%6B" n2="%E5%B0%B1%E6%B4%BB%E7%94%9F%40%E5%B7%9D%E6%9D%91%E8%BB%8D%E5%9B%A3" n3="%6B%61%6C%75" dan="14,15,15,14" rate="1813.50,1998.48,1999.55,1932.83" sx="M,F,M,M"/><TAIKYOKU oya="0"/><INIT seed="0,0,0,2,5,117" ten="250,250,250,250" oya="0" hai0="25,123,45,115,18,27,0,99,82,90,43,62,130" hai1="89,106,81,66,131,53,69,49,135,94,132,59,41" hai2="111,79,119,9,52,85,134,20,48,17,120,51,105" hai3="44,83,55,57,129,76,8,68,93,122,13,15,74"/><T67/><D115/><U61/><E106/><V37/><F37/><W21/><G129/><T109/><D0/><U103/><E131/><V6/><F105/><W5/><G68/><T121/><D130/><U28/><E103/><V78/><F119/><W70/><G70/><T124/><D124/><U112/><E112/><V75/><F75/><W54/><G44/><T113/><D113/><U31/><E81/><V33/><F33/><W77/><G77/><T47/><D47/><U2/><E41/><V65/><F65/><W4/><G122/><T1/><D1/><U100/><E100/><V32/><F48/><W86/><G74/><T14/><D109/><U56/><E56/><V35/><F35/><W128/><G128/><T72/><D72/><U118/><E2/><V38/><F38/><W46/><G93/><T108/><D108/><U125/><E125/><V98/><F32/><W97/><G97/><T19/><D27/><U64/><E64/><V84/><F98/><W40/><G57/><T73/><D73/><U107/><E107/><V29/><F111/><W102/><G102/><T95/><D82/><U114/><E118/><V63/><F79/><W116/><G116/><T7/><D7/><U30/><E114/><V58/><F78/><W104/><G104/><T39/><D25/><U11/><E11/><V60/><F29/><W71/><G71/><T3/><D3/><U110/><E110/><V133/><F9/><N who="3" m="4263" /><G21/><T50/><D39/><U101/><E101/><V23/><F20/><W34/><G34/><T16/><D14/><U96/><AGARI ba="0,0" hai="28,30,31,49,53,59,61,66,69,89,94,96,132,135" machi="96" ten="30,1100,0" yaku="0,1" doraHai="117" who="1" fromWho="1" sc="250,-5,250,11,250,-3,250,-3" /><INIT seed="1,0,0,2,1,34" ten="245,261,247,247" oya="1" hai0="19,86,135,66,78,67,40,43,35,103,27,65,84" hai1="15,18,114,60,11,6,7,39,82,100,51,73,16" hai2="71,54,87,49,20,93,120,1,3,122,22,17,25" hai3="72,29,115,117,9,58,70,55,91,127,26,77,30"/><U96/><E114/><V69/><F120/><W98/><G115/><T108/><D108/><U64/><E39/><V14/><F122/><W76/><G70/><T133/><D103/><U13/><E51/><V74/><F74/><W130/><G117/><T56/><D56/><U47/><E47/><V116/><F116/><W112/><G112/><T134/><D35/><U109/><E109/><V79/><F71/><W90/><G26/><T102/><D102/><U104/><E82/><V12/><F12/><W45/><G45/><T31/><D19/><U75/><E75/><V37/><F37/><W10/><G58/><T118/><D118/><U126/><E73/><V41/><F41/><N who="0" m="15946" /><D27/><U57/><REACH who="1" step="1"/><E126/><REACH who="1" ten="245,251,247,247" step="2"/><V124/><F124/><W97/><G72/><T81/><D31/><U85/><E85/><AGARI ba="0,1" hai="65,66,67,78,81,84,85,86,133,134,135" m="15946" machi="85" ten="40,1300,0" yaku="20,1" doraHai="34" who="0" fromWho="1" sc="245,23,251,-13,247,0,247,0" /><INIT seed="2,0,0,5,0,117" ten="268,238,247,247" oya="2" hai0="31,38,22,101,33,131,65,80,104,19,55,13,1" hai1="75,116,122,24,37,59,110,87,74,73,105,103,10" hai2="121,109,9,93,96,27,72,3,47,135,111,132,107" hai3="120,83,42,7,56,39,16,28,95,35,29,71,68"/><V41/><F107/><W118/><G118/><T12/><D1/><U126/><E116/><V90/><F72/><W123/><G7/><T23/><D38/><U133/><E37/><V32/><F3/><W82/><G39/><T112/><D112/><U30/><E110/><N who="2" m="41995" /><F32/><W97/><G56/><T48/><D131/><U57/><E133/><N who="2" m="51275" /><F9/><W6/><G6/><T21/><D33/><U43/><E10/><V11/><F11/><W108/><G35/><T67/><D80/><U76/><E105/><V128/><F27/><W85/><G85/><T5/><D104/><U46/><E24/><V2/><F2/><W66/><G97/><T51/><D5/><U79/><E75/><V70/><F70/><W86/><G86/><T114/><D114/><U4/><E87/><V88/><F128/><W91/><G66/><T25/><D101/><U125/><E103/><N who="2" m="60815" /><F121/><W49/><G108/><T129/><D129/><U100/><E122/><V94/><F94/><W102/><G95/><T78/><D19/><U50/><E74/><V58/><F58/><W134/><G102/><T36/><D36/><AGARI ba="0,0" hai="36,41,47,88,90" m="60815,51275,41995" machi="36" ten="30,11600,0" yaku="14,1,10,1,20,1,54,1" doraHai="117" who="2" fromWho="0" sc="268,-116,238,0,247,116,247,0" /><INIT seed="2,1,0,1,5,0" ten="152,238,363,247" oya="2" hai0="20,76,60,107,85,79,53,109,110,130,4,127,81" hai1="118,71,121,131,100,50,98,45,65,74,38,91,113" hai2="22,72,75,117,106,46,92,103,132,80,14,116,97" hai3="1,86,61,8,67,129,57,78,18,119,89,15,58"/><V30/><F132/><W108/><G129/><T64/><D107/><U126/><E118/><V40/><F106/><W16/><G108/><N who="0" m="41579" /><D130/><U63/><E113/><V55/><F55/><W10/><G119/><T135/><D135/><U128/><E74/><V101/><F101/><W54/><G78/><T112/><D112/><U56/><E126/><V32/><F32/><W62/><G1/><T114/><D114/><U33/><E33/><V77/><F75/><W2/><G2/><T59/><D20/><U19/><E91/><V134/><F134/><W120/><G120/><T24/><D24/><U39/><E121/><V68/><F68/><W5/><G8/><T82/><D127/><U70/><E128/><V93/><F93/><AGARI ba="1,0" hai="5,10,15,16,18,54,57,58,61,62,67,86,89,93" machi="93" ten="30,7700,0" yaku="7,1,8,1,52,1,54,1" doraHai="0" who="3" fromWho="2" sc="152,0,238,0,363,-80,247,80" /><INIT seed="3,0,0,4,1,114" ten="152,238,283,327" oya="3" hai0="5,109,112,120,79,3,89,28,66,76,43,54,10" hai1="92,2,113,34,15,108,125,103,27,21,7,100,25" hai2="47,45,68,135,83,104,55,6,93,32,72,133,53" hai3="50,128,11,56,107,67,75,17,44,96,77,29,126"/><W40/><G126/><T73/><D120/><U98/><E113/><V74/><F104/><W0/><G29/><T42/><D112/><U118/><E125/><V41/><F32/><W116/><G116/><T36/><D109/><U121/><E121/><V81/><F6/><W4/><G128/><T61/><D54/><N who="2" m="20490" /><F93/><W80/><G17/><T14/><D42/><U13/><E108/><V99/><F99/><W78/><G78/><T37/><D37/><U87/><E34/><V115/><F41/><W52/><G67/><T38/><D38/><U110/><E7/><V33/><F68/><W59/><G96/><T35/><D89/><U105/><E92/><V12/><F12/><W64/><G64/><T132/><D132/><N who="2" m="50762" /><F33/><W65/><G65/><T119/><D119/><U46/><E15/><V20/><F20/><W82/><G82/><N who="2" m="31241" /><F115/><W23/><G23/><T39/><D73/><AGARI ba="0,0" hai="45,47,72,73,74" m="31241,50762,20490" machi="73" ten="40,5200,0" yaku="28,2,20,1" doraHai="114" who="2" fromWho="0" sc="152,-52,238,0,283,52,327,0" /><INIT seed="4,0,0,5,3,106" ten="100,238,335,327" oya="0" hai0="127,107,32,20,115,114,47,108,113,30,78,98,49" hai1="15,16,61,72,97,28,70,125,60,29,65,42,8" hai2="62,12,101,71,63,131,2,85,99,66,130,81,94" hai3="117,102,110,75,5,0,111,11,18,126,1,67,19"/><T10/><D108/><N who="3" m="41513" /><G117/><T41/><D127/><U77/><E125/><V104/><F2/><W96/><G126/><T82/><D32/><U43/><E97/><V23/><F63/><W118/><G118/><T76/><D10/><U68/><E68/><V123/><F123/><W134/><G134/><T40/><D107/><U4/><E61/><V119/><F119/><W124/><G124/><T50/><D98/><U89/><E89/><V132/><F132/><W54/><G67/><T21/><D30/><U38/><E4/><V88/><F12/><W14/><G54/><T74/><REACH who="0" step="1"/><D78/><REACH who="0" ten="90,238,335,327" step="2"/><U59/><E77/><V103/><F23/><W6/><G0/><T53/><D53/><U122/><E29/><V112/><F112/><W116/><G116/><T135/><D135/><U120/><E28/><V22/><F22/><W44/><G1/><T55/><D55/><U64/><E8/><V3/><F3/><W90/><G11/><T31/><D31/><U86/><E120/><V36/><F104/><W58/><G5/><T129/><D129/><N who="2" m="49162" /><F103/><W93/><G6/><T26/><D26/><U84/><E122/><V48/><F101/><W33/><G102/><T121/><D121/><U39/><E65/><V83/><F99/><W17/><G96/><T9/><D9/><U24/><E24/><V51/><F66/><W105/><G33/><T69/><D69/><U87/><E70/><V25/><F25/><W56/><G105/><T92/><D92/><U95/><E95/><V13/><F71/><W79/><G93/><T37/><D37/><U80/><E39/><V133/><F36/><RYUUKYOKU ba="0,1" sc="90,30,238,-10,335,-10,327,-10" hai0="20,21,40,41,47,49,50,74,76,82,113,114,115" /><INIT seed="4,1,1,1,5,61" ten="120,228,325,317" oya="0" hai0="36,95,96,110,10,58,107,29,105,73,120,127,116" hai1="79,72,50,82,32,6,92,98,16,65,40,81,97" hai2="63,85,101,68,103,99,52,89,108,64,123,39,57" hai3="1,0,75,70,130,93,5,33,59,125,44,135,53"/><T23/><D120/><U111/><E32/><V24/><F108/><W80/><G70/><T43/><D116/><U119/><E111/><V131/><F123/><W90/><G33/><T102/><D110/><U30/><E119/><V118/><F24/><W134/><G44/><T117/><D117/><U94/><E30/><V106/><F118/><W18/><G18/><T47/><D73/><U133/><E133/><V22/><F103/><W124/><G80/><T129/><D129/><U13/><E6/><V25/><F131/><W26/><G26/><T122/><D122/><U17/><E65/><V41/><F41/><W4/><G75/><T104/><D127/><N who="3" m="48713" /><G130/><T91/><D10/><N who="1" m="6199" /><E17/><V2/><F2/><W35/><G35/><T20/><D29/><U100/><E79/><V78/><F78/><W88/><G90/><T60/><REACH who="0" step="1"/><D102/><REACH who="0" ten="110,228,325,317" step="2"/><N who="1" m="60711" /><E72/><V7/><F7/><W71/><G5/><T45/><D45/><AGARI ba="1,2" hai="40,45,50,81,82,94,98,100" m="60711,6199" machi="45" ten="30,2000,0" yaku="8,1,54,1" doraHai="61" who="1" fromWho="0" sc="110,-23,228,43,325,0,317,0" /><INIT seed="5,0,0,0,3,39" ten="87,271,325,317" oya="1" hai0="15,97,2,25,3,83,50,103,127,133,33,105,64" hai1="0,63,41,34,66,69,58,31,54,42,8,10,61" hai2="85,29,84,96,27,13,19,126,9,98,36,52,111" hai3="89,132,71,100,117,75,53,30,90,1,104,6,21"/><U120/><E120/><V86/><F111/><W22/><G71/><T82/><D133/><U24/><REACH who="1" step="1"/><E8/><REACH who="1" ten="87,261,325,317" step="2"/><V106/><F126/><W18/><G132/><T76/><D127/><U88/><E88/><V60/><F106/><W114/><G104/><T110/><D110/><U48/><E48/><V123/><F123/><W38/><G90/><T118/><D118/><U49/><E49/><V51/><F36/><W131/><G89/><T109/><D109/><U55/><E55/><V87/><F60/><W112/><G53/><T70/><D50/><U37/><E37/><V46/><N who="2" m="22016" /><DORA hai="20" /><V128/><REACH who="2" step="1"/><F128/><REACH who="2" ten="87,261,315,317" step="2"/><W115/><G38/><T79/><D105/><U65/><E65/><V4/><F4/><AGARI ba="0,2" hai="0,4,10,24,31,34,41,42,54,58,61,63,66,69" machi="4" ten="40,18000,2" yaku="1,1,52,3,53,3" doraHai="39,20" doraHaiUra="59,26" who="1" fromWho="2" sc="87,0,261,200,315,-180,317,0" /><INIT seed="5,1,0,1,4,72" ten="87,461,135,317" oya="1" hai0="40,107,84,11,109,121,94,80,71,46,12,50,133" hai1="1,57,67,32,6,24,113,129,18,34,120,45,35" hai2="73,83,111,134,26,3,4,102,77,91,117,39,14" hai3="92,112,132,96,95,78,42,131,36,108,53,31,49"/><U51/><E120/><V106/><F111/><W124/><G108/><T104/><D107/><U22/><E129/><V87/><F117/><W52/><G131/><T13/><D104/><U0/><E113/><V81/><F134/><W61/><G132/><T100/><D133/><U15/><E67/><V69/><F69/><W93/><G36/><T101/><D109/><U5/><E57/><V128/><F128/><W118/><G118/><T75/><D75/><U33/><E51/><V126/><F126/><W63/><G124/><T79/><D121/><U115/><E45/><V85/><F39/><W54/><G31/><T47/><D71/><U74/><E74/><V116/><F3/><N who="1" m="1097" /><E115/><V68/><F68/><W82/><G96/><T55/><D13/><U27/><E35/><V97/><F26/><AGARI ba="1,0" hai="5,6,15,18,22,24,26,27,32,33,34" m="1097" machi="26" ten="40,12000,1" yaku="35,5" doraHai="72" who="1" fromWho="2" sc="87,0,461,123,135,-123,317,0" /><INIT seed="5,2,0,2,1,72" ten="87,584,12,317" oya="1" hai0="2,13,87,91,32,44,129,69,54,127,108,124,68" hai1="46,122,36,7,8,126,128,28,86,119,49,64,93" hai2="114,29,15,34,33,99,58,110,57,5,105,76,135" hai3="73,90,117,78,133,65,39,88,27,9,17,74,89"/><U47/><E122/><V118/><F110/><W112/><G39/><T95/><D2/><U24/><E119/><V56/><F118/><W83/><G117/><T77/><D108/><U59/><E128/><V41/><F135/><W19/><G74/><T11/><D32/><U22/><E126/><N who="0" m="48169" /><D129/><U134/><E134/><V40/><F114/><W103/><G133/><T25/><D25/><U111/><E111/><V30/><F105/><W70/><G103/><T60/><D60/><U80/><E93/><V45/><F99/><W42/><G42/><N who="2" m="16489" /><F45/><W66/><G112/><T14/><D44/><U130/><E130/><V55/><F55/><W53/><G53/><T121/><D54/><N who="1" m="32207" /><E64/><V104/><F104/><W1/><G70/><N who="0" m="27243" /><D121/><U107/><E107/><V96/><F96/><W101/><G101/><T113/><D113/><U0/><E0/><V43/><N who="2" m="16497" /><V97/><DORA hai="106" /><F97/><W82/><G1/><T131/><D131/><U79/><E36/><V37/><F37/><W98/><G98/><N who="0" m="57727" /><D11/><U125/><E125/><V81/><F34/><W115/><G115/><T10/><D10/><U123/><E123/><V23/><F33/><W132/><G132/><T26/><D26/><U4/><E8/><N who="2" m="4495" /><F23/><W3/><G3/><T100/><D100/><U102/><E102/><V75/><F75/><W21/><G66/><T38/><D38/><U6/><AGARI ba="2,0" hai="4,6,7,22,24,28,46,47,79,80,86" m="32207" machi="6" ten="30,3000,0" yaku="8,1,52,1" doraHai="72,106" who="1" fromWho="1" sc="87,-12,584,36,12,-12,317,-12" /><INIT seed="5,3,0,2,5,13" ten="75,620,0,305" oya="1" hai0="6,54,31,45,10,107,46,91,5,20,78,88,24" hai1="93,113,96,11,117,112,89,134,86,106,105,128,116" hai2="60,23,119,75,94,130,58,79,35,47,120,56,22" hai3="33,123,81,98,50,83,77,135,66,108,12,52,97"/><U7/><E7/><V61/><F35/><W18/><G123/><T44/><D107/><N who="1" m="40971" /><E11/><V70/><F119/><N who="1" m="45641" /><E128/><V122/><F130/><W80/><G108/><T27/><D78/><U90/><E134/><V53/><F70/><W9/><G135/><T49/><D27/><U115/><E86/><V111/><F111/><W110/><G110/><T30/><D30/><U99/><E93/><V36/><F75/><W67/><G33/><T34/><D34/><U39/><E39/><V59/><F79/><W71/><G77/><T57/><REACH who="0" step="1"/><D6/><REACH who="0" ten="65,620,0,305" step="2"/><U84/><E84/><V2/><F2/><AGARI ba="3,1" hai="2,5,10,20,24,31,44,45,46,49,54,57,88,91" machi="2" ten="40,8000,1" yaku="1,1,2,1,54,1,53,1" doraHai="13" doraHaiUra="21" who="0" fromWho="2" sc="65,99,620,0,0,-89,305,0" owari="164,-24.0,620,72.0,-89,-59.0,305,11.0" /></mjloggm>