<mjloggm ver="2.3"><GO type="97" lobby="0"/><UN n0="%E7%94%9F%E7%B2%8B%40" n1="%E3%83%88%E3%83%88%E3%83%AA%E5%85%88%E7%94%9F%31%39%E6%AD%B3" n2="%E3%81%9F%E3%81%AD%E3%82%84%E3%82%93%EF%BC%92" n3="%E5%AE%B6%E7%95%9C%E5%90%8C%E7%84%B6" dan="15,14,15,15" rate="2051.68,2042.03,1919.57,1968.97" sx="M,F,M,M"/><TAIKYOKU oya="0"/><INIT seed="0,0,0,3,2,56" ten="250,250,250,250" oya="0" hai0="28,84,87,38,91,114,9,49,134,48,57,93,14" hai1="54,133,103,104,113,101,55,99,106,27,6,11,71" hai2="95,29,81,89,22,73,26,59,94,40,19,109,119" hai3="23,72,31,97,60,80,44,129,79,116,20,2,53"/><T5/><D114/><U75/><E133/><V39/><F109/><W52/><G116/><T1/><D134/><U74/><E113/><V127/><F119/><W67/><G2/><T130/><D130/><U58/><E71/><V118/><F118/><W4/><G4/><T135/><D135/><U41/><E41/><V107/><F107/><W34/><G129/><T96/><D38/><U7/><E27/><V117/><F127/><W13/><G34/><T123/><D123/><U32/><E32/><V66/><F117/><W90/><G44/><T83/><D1/><U0/><E7/><V110/><F110/><W61/><G23/><T8/><D28/><U68/><E68/><V43/><F43/><W76/><G72/><T78/><D8/><U30/><E30/><V33/><F95/><N who="3" m="56567" /><G80/><N who="0" m="47127" /><D57/><U124/><E124/><V111/><F111/><W10/><G31/><T37/><D37/><U126/><E126/><V45/><F73/><W50/><G20/><T24/><D24/><U112/><E112/><V86/><F59/><N who="3" m="33175" /><G53/><T132/><D132/><U42/><E55/><V102/><F66/><W115/><G115/><T51/><D51/><U70/><E70/><V120/><F120/><W12/><G10/><T46/><D46/><U88/><E42/><V65/><F65/><W125/><G125/><T21/><D21/><U128/><E128/><V62/><F33/><W3/><G3/><T92/><D92/><N who="1" m="56711" /><E75/><V85/><F29/><W108/><G108/><T63/><D63/><N who="3" m="24137" /><G67/><T18/><D5/><N who="1" m="1447" /><E74/><V35/><F35/><W82/><G82/><T16/><D18/><U122/><E122/><RYUUKYOKU ba="0,0" sc="250,15,250,-15,250,-15,250,15" hai0="9,14,16,48,49,83,87,91,93,96" hai3="12,13,76,79" /><INIT seed="0,1,0,5,2,61" ten="265,235,235,265" oya="0" hai0="68,37,98,62,12,95,113,92,91,94,44,50,85" hai1="30,125,19,128,78,7,110,104,33,84,22,135,108" hai2="38,120,82,5,114,35,56,58,69,100,116,21,3" hai3="74,57,102,60,51,23,14,45,42,103,18,24,115"/><T76/><D113/><U124/><E104/><V87/><F114/><W132/><G115/><T10/><D37/><U122/><E78/><V133/><F133/><W25/><G74/><T93/><D68/><U79/><E79/><V89/><F120/><W118/><G132/><T43/><D62/><U39/><E39/><V127/><F35/><W112/><G112/><T64/><D64/><U9/><E84/><V70/><F127/><N who="1" m="48713" /><E135/><V40/><F116/><W123/><G123/><T88/><REACH who="0" step="1"/><D76/><REACH who="0" ten="255,235,235,265" step="2"/><U26/><E122/><V101/><F70/><W129/><G118/><T126/><D126/><U4/><E128/><V63/><F69/><W29/><G129/><T48/><D48/><U52/><E110/><V99/><F63/><W2/><G2/><T65/><D65/><U46/><E108/><V6/><F38/><W11/><G24/><T90/><D90/><U0/><E0/><V16/><F3/><W15/><G14/><T13/><D13/><N who="1" m="9583" /><E9/><V8/><F8/><W96/><G96/><T134/><D134/><U77/><E77/><V66/><F66/><AGARI ba="1,1" hai="11,15,18,23,25,29,42,45,51,57,60,66,102,103" machi="66" ten="30,3900,0" yaku="7,1,8,1,52,1" doraHai="61" who="3" fromWho="2" sc="255,0,235,0,235,-42,265,52" /><INIT seed="1,0,0,3,4,48" ten="255,235,193,317" oya="1" hai0="41,85,53,86,45,76,18,132,70,81,123,65,75" hai1="107,126,1,109,54,110,68,60,90,0,57,17,97" hai2="55,96,27,37,40,77,135,104,20,2,84,67,46" hai3="125,16,64,89,51,9,108,131,28,29,59,112,36"/><U116/><E116/><V62/><F135/><W31/><G112/><T119/><D119/><U4/><E126/><V63/><F2/><W117/><G117/><T80/><D132/><U134/><E134/><V130/><F130/><W14/><G36/><T72/><D123/><U91/><E68/><V83/><F104/><W101/><G125/><T26/><D70/><U32/><E32/><V128/><F128/><W74/><G74/><T99/><D65/><U111/><E4/><V10/><F10/><W69/><G69/><T87/><D99/><U15/><E107/><V52/><F96/><W95/><G101/><T133/><D133/><U24/><E24/><V43/><F43/><W98/><G131/><T21/><D53/><U129/><E129/><V33/><F33/><W38/><G38/><T121/><D121/><U114/><E114/><V92/><F92/><W19/><G108/><T78/><REACH who="0" step="1"/><D87/><REACH who="0" ten="245,235,193,317" step="2"/><U93/><REACH who="1" step="1"/><E91/><REACH who="1" ten="245,225,193,317" step="2"/><V34/><F34/><W56/><G89/><T94/><D94/><U102/><E102/><V122/><F122/><W47/><G95/><T73/><D73/><U44/><E44/><V11/><F63/><W23/><G98/><T124/><D124/><U115/><E115/><V35/><F35/><W7/><G47/><T50/><AGARI ba="0,2" hai="18,21,26,41,45,50,72,75,76,78,80,81,85,86" machi="50" ten="20,5200,0" yaku="1,1,0,1,7,1,9,1,53,0" doraHai="48" doraHaiUra="8" who="0" fromWho="0" sc="245,72,225,-26,193,-13,317,-13" /><INIT seed="2,0,0,2,0,72" ten="317,199,180,304" oya="2" hai0="113,67,39,125,2,49,4,130,28,70,107,99,88" hai1="82,60,71,34,101,10,134,100,26,66,86,80,44" hai2="42,5,23,128,41,103,25,63,21,58,123,31,77" hai3="84,90,32,127,118,29,94,121,91,115,81,36,56"/><V38/><F123/><W59/><G121/><T89/><D113/><U131/><E131/><V64/><F128/><W8/><G118/><T57/><D130/><U17/><E134/><V79/><F5/><W50/><G115/><T109/><D39/><U19/><E82/><V83/><F103/><W74/><G36/><T96/><D125/><U85/><E85/><V78/><F38/><W111/><G127/><T14/><D109/><U3/><E44/><V27/><F83/><W13/><G111/><T114/><D2/><U104/><E3/><V9/><F9/><W106/><G106/><T133/><D133/><U61/><E61/><V7/><F7/><W0/><G0/><T16/><D4/><U48/><E48/><V135/><F135/><W102/><G50/><T54/><D114/><U52/><E52/><V53/><F64/><W30/><G102/><T97/><D107/><U73/><E73/><V110/><F110/><W117/><G117/><T95/><D28/><AGARI ba="0,0" hai="21,23,25,27,28,31,41,42,53,58,63,77,78,79" machi="28" ten="40,12000,1" yaku="9,1,8,1,52,3" doraHai="72" who="2" fromWho="0" sc="317,-120,199,0,180,120,304,0" /><INIT seed="2,1,0,1,0,25" ten="197,199,300,304" oya="2" hai0="111,84,129,94,87,12,46,113,96,6,107,75,26" hai1="20,2,134,49,21,10,133,27,30,18,15,115,55" hai2="38,124,65,82,108,29,24,83,0,128,98,73,90" hai3="7,52,97,135,121,47,1,105,62,56,86,67,36"/><V16/><F0/><W42/><G121/><T63/><D113/><U95/><E115/><V40/><F124/><W122/><G122/><T17/><D111/><U11/><E2/><V101/><F128/><W72/><G72/><T9/><D129/><U48/><E48/><V81/><F108/><W103/><G135/><N who="1" m="51722" /><E95/><V60/><F16/><W80/><G7/><T31/><D75/><U50/><E49/><V78/><F90/><W4/><G4/><T125/><D107/><U79/><E79/><V8/><F8/><W99/><G99/><T117/><D125/><U71/><E71/><N who="2" m="42407" /><F40/><W37/><G1/><T35/><D117/><U74/><E74/><V57/><F57/><AGARI ba="1,0" hai="10,11,15,18,20,21,27,30,50,55,57" m="51722" machi="57" ten="30,2000,0" yaku="20,1,52,1" doraHai="25" who="1" fromWho="2" sc="197,0,199,23,300,-23,304,0" /><INIT seed="3,0,0,1,1,46" ten="197,222,277,304" oya="3" hai0="126,23,124,39,37,125,61,51,8,66,110,41,108" hai1="127,134,38,135,19,122,10,99,86,4,2,3,30" hai2="45,29,129,54,21,48,103,33,80,100,117,106,24" hai3="70,16,89,36,87,83,64,40,119,81,123,20,14"/><W47/><G123/><T68/><D8/><U72/><E72/><V116/><F129/><W35/><G119/><T82/><D82/><U104/><E38/><N who="0" m="14345" /><D23/><U12/><E122/><V90/><F33/><W65/><G35/><T78/><D78/><U92/><E104/><V114/><F114/><W57/><G70/><T63/><D63/><U76/><E127/><V84/><REACH who="2" step="1"/><F106/><REACH who="2" ten="197,222,267,304" step="2"/><W73/><REACH who="3" step="1"/><G57/><REACH who="3" ten="197,222,267,294" step="2"/><T75/><D75/><U31/><E134/><V93/><F93/><W118/><G118/><AGARI ba="0,2" hai="21,24,29,45,48,54,80,84,90,100,103,116,117,118" machi="118" ten="40,2600,0" yaku="1,1,52,1,53,0" doraHai="46" doraHaiUra="102" who="2" fromWho="3" sc="197,0,222,0,267,46,294,-26" owari="197,-30.0,222,-18.0,313,41.0,268,7.0" /></mjloggm>