<mjloggm ver="2.3"><GO type="169" lobby="0"/><UN n0="%E3%82%A6%E3%83%AB%E3%83%88%E3%83%A9%E7%AB%8B%E7%9B%B4" n1="%6E%6E%6E%6E%6E%6E" n2="%E3%81%AE%E3%81%A1%E3%82%86%E3%82%93" n3="%E5%A4%A9%E7%A9%BA%73%61%79%61" dan="17,17,16,17" rate="2229.66,2141.06,2141.29,2191.79" sx="M,M,M,M"/><TAIKYOKU oya="0"/><INIT seed="0,0,0,5,2,13" ten="250,250,250,250" oya="0" hai0="28,91,114,133,135,134,88,63,27,95,47,8,31" hai1="19,22,105,65,67,113,60,33,69,92,52,126,132" hai2="53,119,37,104,97,64,39,2,87,100,77,116,81" hai3="36,74,124,73,79,83,15,6,70,102,11,30,96"/><T25/><D114/><U121/><E121/><V7/><F64/><W5/><G36/><T111/><D111/><U42/><E33/><V41/><F53/><W21/><G70/><T84/><D63/><U130/><E105/><V68/><F68/><W17/><G124/><T51/><D8/><U43/><E126/><V18/><F18/><W66/><G66/><N who="1" m="25098" /><E130/><V49/><F49/><W29/><G74/><T20/><D91/><U112/><E132/><V106/><F106/><W48/><G6/><T9/><D9/><U1/><E1/><V24/><F24/><W26/><REACH who="3" step="1"/><G48/><REACH who="3" ten="250,250,250,240" step="2"/><T103/><D103/><U122/><E69/><V44/><F39/><W85/><G85/><T80/><D80/><U86/><E113/><V46/><F87/><W93/><AGARI ba="0,1" hai="5,11,15,17,21,26,29,30,73,79,83,93,96,102" machi="93" ten="20,8000,1" yaku="1,1,0,1,7,1,52,1,53,1" doraHai="13" doraHaiUra="89" who="3" fromWho="3" sc="250,-40,250,-20,250,-20,240,90" /><INIT seed="1,0,0,1,4,51" ten="210,230,230,330" oya="1" hai0="134,90,74,0,131,24,58,101,21,114,127,94,31" hai1="76,122,112,33,53,132,42,100,1,113,44,82,2" hai2="61,27,15,10,81,63,84,18,22,66,91,62,60" hai3="54,37,7,96,14,26,48,67,104,109,39,118,80"/><U17/><E122/><V12/><REACH who="2" step="1"/><F10/><REACH who="2" ten="210,230,220,330" step="2"/><W36/><G118/><T43/><D114/><U103/><E113/><V28/><F28/><W102/><G39/><T121/><D31/><U116/><E112/><V11/><F11/><W78/><G37/><T135/><D121/><U20/><E116/><V35/><F35/><W40/><G36/><T73/><D135/><U56/><E33/><V125/><F125/><W106/><G109/><T50/><D134/><U108/><E132/><V124/><F124/><W128/><G128/><T69/><D131/><U5/><E108/><V123/><F123/><W25/><G104/><T75/><D127/><U87/><E2/><V95/><F95/><W8/><G40/><T34/><D94/><U120/><E1/><V41/><F41/><W65/><G26/><T57/><D24/><U59/><E120/><V99/><F99/><W72/><REACH who="3" step="1"/><G25/><REACH who="3" ten="210,230,220,320" step="2"/><T88/><D43/><U86/><E42/><V117/><F117/><W89/><G89/><T23/><D88/><U9/><E103/><V110/><F110/><W133/><G133/><T4/><D90/><U3/><E100/><V47/><F47/><AGARI ba="0,2" hai="7,8,14,47,48,54,65,67,72,78,80,96,102,106" machi="47" ten="30,7700,0" yaku="1,1,7,1,52,1,53,1" doraHai="51" doraHaiUra="107" who="3" fromWho="2" sc="210,0,230,0,220,-77,320,97" /><INIT seed="2,0,0,0,5,132" ten="210,230,143,417" oya="2" hai0="16,66,74,117,41,127,82,98,49,53,32,101,76" hai1="25,89,86,40,36,107,71,125,45,110,105,44,47" hai2="11,35,77,26,70,118,1,68,2,103,128,87,88" hai3="23,108,95,22,30,99,48,5,133,33,121,109,56"/><V8/><F118/><W24/><G121/><T9/><D32/><U4/><E71/><V102/><F128/><W85/><G133/><T104/><D117/><U91/><E110/><N who="3" m="42602" /><G5/><T90/><D66/><U38/><E25/><V50/><F77/><W84/><G48/><T116/><D41/><U83/><E4/><V100/><F68/><W37/><G56/><T31/><D31/><U29/><E29/><V96/><F70/><W64/><G37/><T79/><D116/><U19/><E19/><V129/><F129/><W122/><G64/><T10/><D79/><U81/><E125/><V13/><F96/><W112/><G112/><T67/><D67/><U94/><E47/><V39/><F39/><W3/><G3/><T42/><D42/><U92/><E40/><V115/><F115/><W7/><G7/><T119/><D119/><U114/><E86/><N who="3" m="33386" /><G122/><T12/><D90/><AGARI ba="0,0" hai="22,23,24,30,33,90,95,99" m="33386,42602" machi="90" ten="30,1000,0" yaku="14,1" doraHai="132" who="3" fromWho="0" sc="210,-10,230,0,143,0,417,10" /><INIT seed="3,0,0,3,5,125" ten="200,230,143,427" oya="3" hai0="112,79,39,58,26,50,76,21,98,107,81,87,40" hai1="43,55,95,88,31,2,102,104,135,4,70,65,37" hai2="123,56,32,116,18,66,23,97,64,48,49,47,16" hai3="42,67,57,92,53,74,54,126,30,84,117,6,38"/><W86/><G74/><T77/><D39/><U85/><E135/><V63/><F32/><W8/><G117/><T128/><D112/><U109/><E109/><V69/><F116/><W122/><G122/><T91/><D107/><U29/><E37/><V61/><F123/><W101/><G30/><T17/><D128/><U28/><E43/><V19/><F97/><W127/><G67/><T96/><REACH who="0" step="1"/><D58/><REACH who="0" ten="190,230,143,427" step="2"/><U73/><E104/><V111/><F111/><W83/><G57/><T5/><D5/><U105/><E105/><V131/><F131/><W78/><G38/><T22/><D22/><U75/><E4/><V99/><F99/><W7/><G6/><T124/><D124/><U62/><E2/><V114/><F114/><W27/><G7/><T14/><D14/><U68/><E68/><V60/><F60/><W106/><G106/><T119/><D119/><U110/><E110/><V89/><F89/><W44/><G127/><T108/><D108/><U20/><E102/><V93/><F23/><W100/><G126/><T59/><D59/><U80/><E20/><V45/><F19/><W94/><G101/><T24/><D24/><U82/><E70/><V12/><F12/><W33/><G27/><T15/><D15/><U132/><E132/><V25/><F56/><W72/><G100/><T51/><D51/><U103/><E103/><V134/><F25/><W121/><G121/><T120/><D120/><U1/><E1/><V13/><F13/><W113/><G113/><T36/><D36/><U71/><E71/><V133/><F69/><W11/><G33/><T41/><D41/><RYUUKYOKU ba="0,1" sc="190,15,230,-15,143,15,427,-15" hai0="17,21,26,40,50,76,77,79,81,87,91,96,98" hai2="16,18,45,47,48,49,61,63,64,66,93,133,134" /><INIT seed="4,1,1,1,1,45" ten="205,215,158,412" oya="0" hai0="31,75,124,115,81,97,104,107,13,6,0,126,91" hai1="92,60,128,8,38,10,2,71,51,7,83,96,86" hai2="46,132,87,125,30,112,33,98,73,41,19,94,20" hai3="135,35,49,14,64,54,50,99,79,127,106,102,78"/><T89/><D0/><U26/><E38/><V69/><F73/><W121/><G35/><T134/><D31/><U66/><E128/><V62/><F112/><W133/><G127/><N who="0" m="48683" /><D6/><U24/><E10/><V95/><F125/><W118/><G118/><T103/><D13/><U17/><E17/><V18/><F132/><N who="3" m="50763" /><G64/><T1/><D1/><U36/><E36/><V63/><F33/><W131/><G131/><T40/><D134/><U29/><E29/><V16/><F69/><W47/><G121/><T123/><D40/><U9/><E51/><N who="2" m="27087" /><F87/><W32/><G32/><T117/><D117/><U88/><REACH who="1" step="1"/><E9/><REACH who="1" ten="205,205,158,412" step="2"/><V11/><F11/><W74/><G50/><T76/><D123/><U15/><E15/><V77/><F30/><W37/><G37/><T122/><D122/><U4/><E4/><V39/><F39/><W22/><G74/><T90/><D115/><U100/><AGARI ba="1,2" hai="2,7,8,24,26,60,66,71,83,86,88,92,96,100" machi="100" ten="20,5200,0" yaku="1,1,0,1,7,1,54,1,53,0" doraHai="45" doraHaiUra="25" who="1" fromWho="1" sc="205,-27,205,75,158,-14,412,-14" /><INIT seed="5,0,0,2,2,6" ten="178,280,144,398" oya="1" hai0="4,49,16,91,89,60,112,38,103,82,19,129,31" hai1="41,87,135,20,32,71,109,107,15,84,34,98,111" hai2="132,96,106,124,24,43,80,17,3,126,7,59,50" hai3="55,95,72,22,130,12,14,21,61,77,68,11,46"/><U64/><E135/><V47/><F132/><W79/><G72/><T108/><D38/><U125/><E125/><V54/><F80/><W93/><G130/><T18/><D108/><N who="1" m="41547" /><E41/><V44/><F44/><W30/><G68/><T27/><D112/><U9/><E20/><V119/><F119/><W33/><G33/><T53/><D129/><U39/><E39/><V70/><F70/><W116/><G116/><T76/><D103/><N who="1" m="62967" /><E87/><V62/><F124/><W56/><G22/><T52/><D60/><N who="1" m="40327" /><E84/><V134/><F126/><W78/><G21/><N who="0" m="15855" /><D53/><U101/><E101/><V102/><F134/><W131/><G55/><T45/><D4/><AGARI ba="0,0" hai="4,9,15,32,34" m="40327,62967,41547" machi="4" ten="30,2900,0" yaku="10,1,52,1" doraHai="6" who="1" fromWho="0" sc="178,-29,280,29,144,0,398,0" /><INIT seed="5,1,0,5,3,1" ten="149,309,144,398" oya="1" hai0="4,28,111,27,90,84,61,11,128,63,23,126,123" hai1="75,108,2,55,19,89,114,7,33,79,135,94,35" hai2="134,81,39,58,31,29,110,102,65,6,93,71,36" hai3="47,106,101,0,74,76,21,50,56,57,22,112,15"/><U115/><E135/><V92/><F71/><W91/><G0/><T69/><D111/><U26/><E108/><V120/><F120/><W62/><G74/><T45/><D123/><U48/><E79/><V14/><F110/><W83/><G112/><N who="1" m="43050" /><E75/><V60/><F134/><W64/><G106/><T49/><D69/><U9/><E19/><V37/><F81/><W51/><G101/><T16/><D126/><U109/><E26/><V130/><F130/><W25/><G76/><T87/><D28/><U68/><E68/><V103/><F103/><W8/><G25/><T99/><D99/><N who="1" m="57807" /><E109/><V20/><F102/><W104/><G104/><T97/><D97/><U52/><E55/><V95/><REACH who="2" step="1"/><F20/><REACH who="2" ten="149,309,134,398" step="2"/><W88/><G22/><T85/><D128/><U100/><E100/><V125/><F125/><W43/><G21/><T10/><D90/><U34/><E34/><V3/><F3/><W96/><G83/><T13/><REACH who="0" step="1"/><D11/><AGARI ba="1,1" hai="6,11,14,29,31,36,37,39,58,60,65,92,93,95" machi="11" ten="50,3200,0" yaku="1,1,52,1,53,0" doraHai="1" doraHaiUra="133" who="2" fromWho="0" sc="149,-35,309,0,134,45,398,0" /><INIT seed="6,0,0,2,1,83" ten="114,309,179,398" oya="2" hai0="44,125,117,102,135,49,93,133,4,15,115,85,77" hai1="38,65,73,76,74,127,81,19,68,17,72,101,26" hai2="42,3,12,24,37,80,9,64,45,8,21,54,89" hai3="131,92,20,110,13,112,121,48,126,40,129,53,11"/><V6/><F64/><W55/><G121/><T82/><D102/><U58/><E38/><V33/><F33/><W99/><G110/><T119/><D93/><U75/><E68/><V25/><F54/><W5/><G126/><T47/><D125/><U34/><E127/><V78/><F89/><N who="3" m="55695" /><G112/><T104/><D104/><U57/><E101/><V79/><F21/><W39/><G39/><T10/><D115/><U31/><E65/><V14/><F14/><W124/><G124/><T132/><REACH who="0" step="1"/><D44/><REACH who="0" ten="104,309,179,398" step="2"/><U16/><AGARI ba="0,1" hai="16,17,19,26,31,34,57,58,72,73,74,75,76,81" machi="16" ten="40,2700,0" yaku="0,1,54,1" doraHai="83" who="1" fromWho="1" sc="104,-7,309,37,179,-13,398,-7" /><INIT seed="7,0,0,4,4,69" ten="97,346,166,391" oya="3" hai0="44,5,93,8,129,19,21,36,32,54,25,119,107" hai1="102,124,90,103,126,47,130,111,115,16,123,6,82" hai2="18,14,70,1,2,22,114,51,100,63,128,55,132" hai3="58,11,95,81,98,41,73,20,106,52,110,79,24"/><W67/><G106/><T39/><D107/><U12/><E123/><V23/><F114/><W74/><G110/><T46/><D119/><U61/><E111/><V13/><F128/><W97/><G41/><T42/><D129/><U105/><E130/><V7/><F132/><W56/><G11/><T80/><D93/><U27/><E115/><V31/><F100/><W84/><G67/><T64/><D64/><U60/><E6/><V77/><F77/><W43/><G43/><T37/><D32/><U116/><E116/><V76/><F76/><W3/><G3/><T88/><D54/><U9/><E27/><V66/><F7/><W71/><G71/><T108/><D108/><U109/><E109/><V26/><F14/><W94/><G94/><T89/><D44/><AGARI ba="0,0" hai="1,2,13,18,22,23,26,31,44,51,55,63,66,70" machi="44" ten="30,1000,0" yaku="7,1" doraHai="69" who="2" fromWho="0" sc="97,-10,346,0,166,10,391,0" owari="87,-41.0,346,15.0,176,-22.0,391,48.0" /></mjloggm>