<mjloggm ver="2.3"><GO type="169" lobby="0"/><UN n0="%73%68%6F%6F%74%33%39" n1="%6D%61%63%6A%72" n2="%E3%82%A6%E3%83%AB%E3%83%88%E3%83%A9%E7%AB%8B%E7%9B%B4" n3="%E6%9D%B1%E9%A2%A8%E3%81%AE%E3%81%B7%E3%83%BC" dan="18,18,18,16" rate="2141.58,2098.90,2192.18,2072.71" sx="M,M,M,M"/><TAIKYOKU oya="0"/><INIT seed="0,0,0,2,1,127" ten="250,250,250,250" oya="0" hai0="66,53,105,15,107,5,82,6,18,106,116,128,50" hai1="25,41,7,49,87,9,115,93,88,89,114,24,60" hai2="51,90,103,132,13,124,52,118,20,126,123,117,22" hai3="110,86,4,56,104,135,99,95,14,102,122,42,74"/><T71/><D116/><N who="2" m="44650" /><F123/><W36/><G110/><T38/><D38/><U108/><E108/><V96/><F132/><W68/><G68/><T134/><D134/><U35/><E60/><V101/><F90/><W57/><G135/><T54/><D71/><U37/><E37/><V100/><F96/><W43/><G74/><T31/><D31/><U121/><E121/><V12/><F13/><W79/><G122/><T2/><D66/><U78/><E78/><V92/><F92/><W73/><G36/><T48/><D2/><U46/><E89/><V94/><F94/><W62/><G56/><T26/><D26/><U72/><E72/><V130/><F12/><W3/><G3/><T45/><D82/><U58/><E58/><N who="2" m="33055" /><F130/><W98/><G73/><T34/><D34/><U85/><E85/><V63/><F63/><W67/><G86/><T21/><REACH who="0" step="1"/><D128/><REACH who="0" ten="240,250,250,250" step="2"/><U59/><E35/><V131/><F131/><W29/><G29/><T80/><D80/><U120/><E120/><V47/><F126/><W109/><G109/><T23/><D23/><U17/><E25/><V55/><F124/><W61/><G67/><T65/><D65/><U81/><E81/><V30/><F30/><W32/><G32/><T28/><D28/><U113/><E24/><V44/><F22/><W125/><G125/><T111/><D111/><U129/><E129/><V69/><F20/><W76/><G14/><T10/><D10/><U33/><E33/><V83/><F83/><W133/><G133/><T84/><D84/><U19/><E59/><AGARI ba="0,1" hai="5,6,15,18,21,45,48,50,53,54,59,105,106,107" machi="59" ten="40,2000,0" yaku="1,1,53,0" doraHai="127" doraHaiUra="91" who="0" fromWho="1" sc="240,30,250,-20,250,0,250,0" /><INIT seed="0,1,0,5,2,44" ten="270,230,250,250" oya="0" hai0="129,87,107,17,91,116,30,72,41,32,98,8,65" hai1="29,112,25,15,5,117,35,92,122,106,71,53,27" hai2="3,95,103,46,133,73,39,26,93,64,94,51,66" hai3="34,28,111,90,83,18,59,37,85,68,135,2,77"/><T113/><D113/><U128/><E106/><V109/><F3/><W108/><G68/><T56/><D72/><U119/><E71/><V31/><F73/><W79/><G135/><T70/><D116/><U1/><E122/><V12/><F109/><N who="3" m="42059" /><G37/><T22/><D70/><U69/><E69/><V76/><F39/><W14/><G2/><T104/><D8/><N who="1" m="2095" /><E53/><V21/><F76/><W50/><G28/><T20/><D32/><U11/><E92/><V6/><F103/><W0/><G0/><T43/><D107/><U49/><E49/><V100/><F100/><W55/><G34/><T101/><D129/><U16/><E128/><V67/><F133/><W131/><G131/><T82/><D30/><N who="1" m="19919" /><E112/><V114/><F114/><W48/><G50/><T61/><REACH who="0" step="1"/><D22/><AGARI ba="1,0" hai="11,15,16,22,27,29,117,119" m="19919,2095" machi="22" ten="30,3900,0" yaku="34,2,54,1" doraHai="44" who="1" fromWho="0" sc="270,-42,230,42,250,0,250,0" /><AGARI ba="1,0" hai="14,18,22,48,55,59,77,79,83,85,90" m="42059" machi="22" ten="30,2000,0" yaku="14,1,52,1" doraHai="44" who="3" fromWho="0" sc="228,-20,272,0,250,0,250,20" /><INIT seed="1,0,0,2,5,62" ten="208,272,250,270" oya="1" hai0="51,53,30,63,17,31,38,8,47,37,68,16,57" hai1="59,111,127,46,78,109,11,82,75,108,48,130,58" hai2="3,33,10,101,88,49,19,50,27,87,122,132,26" hai3="22,100,83,39,23,97,54,71,43,113,128,24,110"/><U85/><E127/><V66/><F122/><W125/><G113/><T20/><D38/><U74/><E130/><V9/><F132/><W107/><G125/><T118/><D118/><U80/><E11/><V133/><F133/><W120/><G120/><T60/><D37/><U42/><REACH who="1" step="1"/><E75/><REACH who="1" ten="208,262,250,270" step="2"/><V0/><F10/><W95/><G128/><T104/><D8/><U126/><E126/><V40/><F9/><W77/><G110/><T106/><D106/><U84/><E84/><V12/><F87/><W79/><G107/><T102/><D104/><U45/><E45/><V117/><F0/><W131/><G131/><T65/><D102/><U89/><AGARI ba="0,1" hai="42,46,48,58,59,74,78,80,82,85,89,108,109,111" machi="89" ten="30,12000,1" yaku="1,1,0,1,14,1,10,1,53,1" doraHai="62" doraHaiUra="72" who="1" fromWho="1" sc="208,-40,262,130,250,-40,270,-40" /><INIT seed="1,1,0,2,5,6" ten="168,392,210,230" oya="1" hai0="134,97,83,99,110,133,1,105,11,5,14,54,2" hai1="29,56,25,39,93,122,53,19,43,40,55,76,50" hai2="74,88,135,127,123,98,103,36,112,44,15,68,116" hai3="57,80,70,71,26,75,129,79,107,58,108,119,132"/><U31/><E122/><V51/><F123/><W111/><G129/><T78/><D110/><N who="3" m="42025" /><G132/><N who="0" m="50795" /><D54/><U128/><E128/><V21/><F127/><W106/><G119/><T35/><D35/><U118/><E118/><V114/><F116/><W0/><G0/><N who="0" m="107" /><D105/><N who="3" m="39945" /><G26/><T84/><AGARI ba="1,0" hai="5,11,14,78,83,84,97,99" m="107,50795" machi="84" ten="30,2000,0" yaku="20,1,52,1" doraHai="6" who="0" fromWho="0" sc="168,23,392,-11,210,-6,230,-6" /><INIT seed="2,0,0,5,1,5" ten="191,381,204,224" oya="2" hai0="108,58,42,55,32,65,106,125,117,88,121,78,10" hai1="127,60,95,130,80,46,20,21,43,120,77,19,27" hai2="57,17,91,118,90,94,0,129,15,48,54,33,51" hai3="34,23,132,52,79,84,30,75,81,82,63,105,119"/><V38/><F38/><W47/><G119/><T133/><D117/><U18/><E127/><V123/><F118/><W6/><G34/><T89/><D121/><U70/><E130/><V56/><F123/><W26/><G132/><T4/><D106/><U72/><E120/><V31/><F0/><W86/><G105/><T107/><D107/><U41/><E95/><V104/><F104/><W114/><G114/><T124/><D32/><U85/><E72/><V99/><F129/><W110/><G110/><T100/><D100/><U74/><E74/><V66/><F31/><W29/><G29/><T103/><D103/><U9/><E9/><N who="2" m="6383" /><F33/><W39/><G39/><T1/><D133/><U109/><E109/><V64/><F91/><W35/><G6/><T44/><D65/><U112/><E112/><V71/><F71/><W7/><G7/><T3/><D78/><U36/><E36/><V49/><F57/><N who="3" m="35239" /><G75/><T22/><D22/><U76/><E76/><V98/><F98/><W134/><G35/><T50/><D1/><U62/><E70/><V113/><F113/><W45/><G134/><T122/><D122/><U97/><E97/><V128/><F128/><W61/><G61/><AGARI ba="0,0" hai="48,49,51,54,56,61,64,66,90,94,99" m="6383" machi="61" ten="30,2900,0" yaku="8,1,52,1" doraHai="5" who="2" fromWho="3" sc="191,0,381,0,204,29,224,-29" /><INIT seed="2,1,0,1,2,65" ten="191,381,233,195" oya="2" hai0="131,100,44,0,99,87,95,20,39,79,93,70,18" hai1="22,73,63,101,23,125,119,29,49,76,105,54,86" hai2="1,8,50,57,78,55,77,106,26,67,107,10,124" hai3="13,59,74,31,97,58,27,80,52,91,34,60,66"/><V118/><F118/><W14/><G74/><T72/><D0/><U115/><E115/><V108/><F124/><W9/><G9/><T84/><D131/><U12/><E119/><V43/><F108/><W130/><G130/><T127/><D127/><U56/><E73/><V61/><F43/><W37/><G37/><T11/><D11/><U30/><E125/><V5/><F26/><W110/><G110/><T38/><D72/><U48/><E101/><V92/><F92/><W94/><REACH who="3" step="1"/><G80/><REACH who="3" ten="191,381,233,185" step="2"/><T75/><D75/><U134/><E134/><V117/><F117/><W6/><G6/><T133/><D39/><U3/><E3/><V85/><F10/><W96/><G96/><T45/><D38/><U24/><E105/><V4/><F5/><W35/><G35/><T90/><D133/><U126/><E126/><V15/><F1/><W89/><G89/><T81/><REACH who="0" step="1"/><D70/><REACH who="0" ten="181,381,233,185" step="2"/><U62/><E22/><V120/><F8/><W129/><G129/><T83/><D83/><U104/><E23/><V16/><F4/><W88/><G88/><T116/><D116/><U102/><E76/><V53/><F77/><W17/><G17/><T98/><D98/><U2/><E2/><V41/><F16/><W47/><G47/><T71/><D71/><U114/><E114/><V36/><F36/><W121/><G121/><T123/><D123/><U82/><E82/><V7/><F120/><W28/><G28/><T128/><D128/><U113/><E29/><V109/><F7/><W21/><G21/><T33/><D33/><U135/><E30/><V19/><F78/><W40/><G40/><RYUUKYOKU ba="1,2" sc="181,15,381,-15,233,-15,185,15" hai0="18,20,44,45,79,81,84,87,90,93,95,99,100" hai3="13,14,27,31,34,52,58,59,60,66,91,94,97" /><INIT seed="3,2,2,1,2,50" ten="196,366,218,200" oya="3" hai0="83,16,3,74,39,72,75,133,114,89,77,9,116" hai1="67,76,97,95,18,4,47,26,87,131,24,14,46" hai2="71,66,120,45,58,17,79,128,19,28,65,81,49" hai3="68,40,102,111,84,108,80,127,86,13,107,23,0"/><W27/><G0/><T91/><D116/><U25/><E131/><V20/><F71/><W5/><G127/><T48/><D39/><U118/><E4/><V35/><F35/><W69/><G40/><T33/><D33/><U55/><E67/><V126/><F128/><W34/><G34/><T104/><D104/><U99/><E118/><V98/><F126/><W42/><G42/><T121/><D121/><U88/><E76/><V135/><F135/><W119/><G119/><T43/><D133/><U130/><E130/><V109/><F109/><N who="3" m="42059" /><G86/><T129/><D114/><U57/><E97/><V32/><F98/><N who="3" m="61911" /><G13/><T94/><D129/><U93/><E93/><V63/><F32/><W100/><G5/><T92/><D3/><U1/><E99/><V54/><F120/><W15/><G15/><T70/><D72/><U96/><E96/><V60/><F28/><N who="3" m="17535" /><G100/><T31/><D74/><U41/><E41/><V112/><F112/><W44/><G44/><T101/><D75/><U82/><E1/><V105/><F105/><W103/><G103/><T52/><D43/><U61/><E82/><V64/><F45/><W2/><G2/><T38/><D83/><U113/><E113/><V22/><F22/><AGARI ba="2,2" hai="14,18,22,24,25,26,46,47,55,57,61,87,88,95" machi="22" ten="40,5200,0" yaku="8,1,52,1,54,1" doraHai="50" who="1" fromWho="2" sc="196,0,366,78,218,-58,200,0" /><INIT seed="4,0,0,0,0,130" ten="196,444,160,200" oya="0" hai0="119,100,46,111,29,116,91,44,125,74,17,45,10" hai1="52,34,27,84,112,13,42,56,90,128,76,120,41" hai2="14,75,122,37,30,64,73,117,95,109,98,50,20" hai3="132,2,8,1,12,131,80,96,107,22,86,6,36"/><T97/><D74/><U26/><E120/><V63/><F37/><W54/><G131/><T121/><D121/><U106/><E128/><V65/><F109/><W81/><G36/><T9/><D111/><U31/><E106/><V110/><F110/><W83/><G86/><T49/><D125/><U66/><E76/><V103/><F122/><W4/><G132/><T69/><D69/><U35/><E66/><V32/><F117/><W67/><G67/><T57/><D29/><U3/><E3/><V61/><F32/><W78/><G78/><T101/><D119/><U53/><E112/><V11/><F50/><W113/><G113/><T89/><D116/><U94/><E53/><V24/><F63/><W105/><G54/><N who="0" m="31951" /><D17/><U25/><E31/><V0/><F65/><W48/><G48/><T115/><D115/><U92/><E34/><V19/><REACH who="2" step="1"/><F0/><REACH who="2" ten="196,444,150,200" step="2"/><W71/><G2/><T104/><D104/><U21/><E35/><V133/><F133/><W129/><G129/><T126/><D126/><U70/><E70/><AGARI ba="0,1" hai="11,14,19,20,24,30,61,64,70,73,75,95,98,103" machi="70" ten="30,3900,0" yaku="1,1,7,1,53,1" doraHai="130" doraHaiUra="7" who="2" fromWho="1" sc="196,0,444,-39,150,49,200,0" /><INIT seed="5,0,0,3,5,21" ten="196,405,199,200" oya="1" hai0="106,114,30,44,59,95,15,37,74,76,72,24,19" hai1="128,12,50,41,53,87,130,83,131,3,13,124,75" hai2="51,121,120,8,55,93,62,94,77,123,4,107,98" hai3="135,97,127,34,116,117,33,73,89,69,35,108,54"/><U110/><E3/><V29/><F77/><W1/><G108/><T102/><D106/><U26/><E110/><V25/><F62/><W115/><G1/><T7/><D7/><U28/><E41/><V78/><F78/><W61/><G73/><T71/><D71/><U103/><E103/><V88/><F94/><N who="3" m="56527" /><G115/><T85/><D114/><U132/><E124/><V119/><F107/><W18/><G127/><T6/><D6/><U23/><E132/><V11/><F119/><N who="3" m="45643" /><G135/><T16/><D76/><N who="1" m="46567" /><E75/><V10/><F4/><W39/><G39/><T92/><D92/><U90/><E90/><V79/><F79/><W48/><G18/><T111/><D111/><U118/><E118/><V58/><REACH who="2" step="1"/><F123/><REACH who="2" ten="196,405,189,200" step="2"/><W2/><G2/><T42/><D74/><U14/><E130/><V91/><F91/><W27/><G61/><T129/><D72/><U56/><E128/><V43/><F43/><W32/><G69/><T104/><D129/><U133/><E131/><V64/><F64/><W84/><G84/><T100/><D104/><U65/><E133/><V36/><F36/><W101/><G101/><T109/><D109/><U45/><E65/><V66/><F66/><W22/><G54/><T81/><D95/><U63/><E63/><V126/><F126/><W96/><G48/><T52/><D100/><U31/><E50/><V67/><F67/><W17/><N who="3" m="8704" /><DORA hai="82" /><W112/><G112/><T20/><D102/><U134/><E53/><V57/><F57/><W40/><G40/><T60/><D85/><U122/><E134/><V125/><F125/><W86/><G86/><T113/><D42/><RYUUKYOKU ba="0,1" sc="196,-15,405,-15,189,15,200,15" hai2="8,10,11,25,29,51,55,58,88,93,98,120,121" hai3="17,22,27,96" /><INIT seed="6,1,1,5,4,14" ten="181,390,204,215" oya="2" hai0="36,97,100,23,132,3,89,119,133,21,18,98,92" hai1="38,11,106,7,134,30,33,25,46,76,122,69,79" hai2="48,64,2,9,108,85,1,109,37,101,77,53,107" hai3="44,78,54,87,111,135,4,26,49,105,95,6,17"/><V43/><F64/><W10/><G111/><N who="2" m="42569" /><F43/><W88/><G135/><N who="0" m="51787" /><D3/><U68/><E134/><V125/><F37/><W113/><G105/><N who="0" m="63631" /><D36/><U27/><E68/><V42/><F42/><W124/><G124/><T29/><D29/><U63/><E38/><V15/><F125/><W94/><G113/><T47/><D47/><U59/><E69/><V72/><F72/><W118/><G118/><T65/><D65/><U12/><E122/><V5/><F101/><W62/><G78/><T34/><D34/><U116/><E116/><V31/><F107/><W81/><G62/><T82/><D119/><U86/><E106/><V96/><F96/><W71/><G71/><T90/><D23/><U22/><E86/><V13/><F31/><W28/><G6/><T58/><D58/><U114/><E114/><V99/><F99/><W80/><G80/><T67/><D67/><U57/><E46/><N who="2" m="27799" /><F2/><W91/><G91/><N who="0" m="55583" /><D82/><AGARI ba="1,1" hai="1,5,9,13,15,77,82,85" m="27799,42569" machi="82" ten="30,1500,0" yaku="10,1" doraHai="14" who="2" fromWho="0" sc="181,-18,390,0,204,28,215,0" /><INIT seed="6,2,0,2,0,30" ten="163,390,232,215" oya="2" hai0="110,10,99,63,75,60,43,24,6,133,17,59,20" hai1="105,47,126,50,2,42,94,130,26,106,14,86,49" hai2="29,85,125,4,115,64,28,12,121,102,9,0,117" hai3="34,119,72,41,78,38,11,19,131,116,62,40,80"/><V132/><F121/><W79/><G131/><T45/><D110/><U101/><E2/><V91/><F117/><W118/><G79/><T108/><D133/><U120/><E126/><V31/><F125/><W73/><G72/><T1/><D108/><U69/><E69/><V51/><F132/><W127/><G127/><T77/><D99/><U18/><E130/><V87/><F115/><W58/><G38/><T100/><D100/><U76/><E120/><V97/><F64/><W54/><REACH who="3" step="1"/><G34/><REACH who="3" ten="163,390,232,205" step="2"/><T89/><D89/><U93/><E76/><V113/><F91/><W36/><G36/><T67/><D77/><U61/><E101/><V90/><F90/><W35/><G35/><T68/><D75/><U109/><E109/><V122/><F122/><W95/><G95/><T114/><D114/><U3/><E94/><V129/><F129/><W123/><G123/><T57/><REACH who="0" step="1"/><D63/><REACH who="0" ten="153,390,232,205" step="2"/><U16/><E61/><V55/><F113/><W111/><G111/><T21/><D21/><U135/><E135/><V8/><F102/><W124/><G124/><T13/><D13/><AGARI ba="2,2" hai="11,13,19,40,41,54,58,62,73,78,80,116,118,119" machi="13" ten="40,1300,0" yaku="1,1,53,0" doraHai="30" doraHaiUra="98" who="3" fromWho="0" sc="153,-19,390,0,232,0,205,39" /><INIT seed="7,0,0,3,1,85" ten="134,390,232,244" oya="3" hai0="26,75,120,129,16,19,30,69,56,79,47,53,15" hai1="119,132,11,130,3,50,14,128,20,38,54,116,113" hai2="65,88,96,82,121,35,106,97,52,76,55,48,115" hai3="4,2,126,33,87,0,57,18,58,70,127,86,71"/><W110/><G33/><T37/><D120/><U112/><E132/><V122/><F65/><W114/><G4/><T7/><D69/><N who="3" m="26121" /><G18/><T93/><D129/><N who="1" m="49771" /><E38/><V83/><F35/><W31/><G31/><T105/><D105/><U74/><E74/><V12/><F12/><W117/><G117/><N who="1" m="45130" /><E20/><V43/><F76/><W23/><G23/><T92/><D7/><N who="1" m="3455" /><E3/><N who="3" m="1066" /><G114/><T42/><D75/><U17/><E17/><V25/><F115/><W13/><G13/><T125/><D125/><N who="3" m="47625" /><G110/><T21/><D79/><U81/><E81/><V133/><F83/><W91/><G87/><T34/><REACH who="0" step="1"/><D19/><REACH who="0" ten="124,390,232,244" step="2"/><U32/><E32/><V131/><F131/><W27/><G27/><T67/><D67/><U22/><E22/><V44/><F25/><W107/><G107/><T78/><D78/><U90/><E113/><V80/><F106/><W46/><G46/><T123/><D123/><U101/><E112/><V60/><F122/><W39/><G39/><T45/><D45/><U77/><E77/><V118/><F121/><W9/><G9/><T36/><D36/><U84/><E84/><V73/><F118/><W95/><AGARI ba="0,1" hai="57,58,86,91,95" m="47625,1066,26121" machi="95" ten="40,3900,0" yaku="18,1,52,1" doraHai="85" who="3" fromWho="3" sc="124,-13,390,-13,232,-13,244,49" /><INIT seed="7,1,0,0,4,79" ten="111,377,219,293" oya="3" hai0="37,42,118,28,38,57,40,102,9,59,78,69,6" hai1="43,49,126,22,93,33,110,116,76,21,112,68,23" hai2="41,100,99,52,29,56,65,2,133,90,123,44,70" hai3="95,131,107,97,81,27,67,5,64,132,45,24,36"/><W74/><G107/><T50/><D102/><U109/><E33/><V86/><F2/><W39/><G132/><T25/><D9/><U117/><E68/><V10/><F29/><W66/><G131/><T119/><D78/><U105/><E105/><V62/><F133/><W8/><G39/><T48/><D25/><U94/><E76/><V91/><F10/><W111/><G111/><N who="1" m="42506" /><E112/><V120/><F99/><W3/><G74/><T12/><D12/><U54/><E43/><V122/><F100/><W108/><G108/><T13/><D13/><U35/><E35/><V51/><F86/><W58/><G58/><T17/><D17/><U89/><E89/><V75/><F75/><W60/><G60/><AGARI ba="1,0" hai="41,44,51,52,56,60,62,65,70,90,91,120,122,123" machi="60" ten="40,2600,0" yaku="13,1,54,1" doraHai="79" who="2" fromWho="3" sc="111,0,377,0,219,29,293,-29" owari="111,-39.0,377,48.0,248,-15.0,264,6.0" /></mjloggm>