<mjloggm ver="2.3"><GO type="97" lobby="0"/><UN n0="%E5%B0%B1%E6%B4%BB%E7%94%9F%40%E5%B7%9D%E6%9D%91%E8%BB%8D%E5%9B%A3" n1="%30%2E%31%36%36%36%37" n2="%6F%68%6E%6F%79%75%6B%69" n3="%E7%B7%8B%E3%81%84%E7%8C%AB%EF%BC%9E%EF%BC%9C%EF%BC%81" dan="14,13,13,15" rate="2018.03,1890.00,1942.41,1959.04" sx="M,M,M,F"/><TAIKYOKU oya="0"/><INIT seed="0,0,0,1,0,16" ten="250,250,250,250" oya="0" hai0="53,71,32,4,89,66,116,25,30,7,29,95,113" hai1="43,26,36,3,24,132,44,62,85,78,27,77,114" hai2="59,91,102,33,69,133,131,8,17,39,2,76,101" hai3="106,41,0,73,135,56,97,96,5,67,70,124,75"/><T92/><D113/><U84/><E132/><V121/><F69/><W54/><G124/><T11/><D116/><U68/><E114/><V61/><F39/><W22/><G135/><T47/><D30/><U1/><E68/><V63/><F33/><W110/><G110/><T90/><D71/><U126/><E126/><V50/><F2/><W60/><G41/><T31/><D66/><U129/><E129/><V81/><F131/><W94/><G106/><T99/><D31/><U46/><E62/><N who="2" m="23563" /><F76/><W40/><G40/><T88/><D11/><U108/><E108/><V20/><F8/><W111/><G111/><T65/><D65/><U52/><E1/><V58/><F121/><W104/><G104/><T107/><D107/><U13/><E3/><V79/><F79/><W10/><G70/><T86/><REACH who="0" step="1"/><D90/><REACH who="0" ten="240,250,250,250" step="2"/><U118/><E118/><V14/><F133/><W117/><G67/><T125/><D125/><U45/><E43/><V51/><F91/><W82/><G117/><T12/><D12/><U93/><E13/><V128/><F128/><W57/><G10/><T35/><D35/><U130/><E130/><V123/><F123/><W103/><G0/><T23/><D23/><U19/><E36/><V87/><F20/><W112/><G22/><T74/><D74/><U15/><E77/><N who="2" m="46511" /><F14/><W49/><G75/><T42/><D42/><U37/><E37/><V9/><F9/><W120/><G73/><T18/><D18/><U100/><E78/><V109/><F17/><W98/><G120/><T38/><D38/><U6/><E19/><V134/><F109/><W34/><G112/><RYUUKYOKU ba="0,1" sc="240,30,250,-10,250,-10,250,-10" hai0="4,7,25,29,32,47,53,86,88,89,92,95,99" /><INIT seed="0,1,1,2,0,18" ten="270,240,240,240" oya="0" hai0="6,57,132,58,65,12,109,4,49,2,87,98,56" hai1="70,66,103,40,44,50,27,129,127,102,120,85,5" hai2="24,0,46,29,67,83,97,71,115,53,126,100,14" hai3="75,20,81,62,96,95,55,113,47,11,76,82,59"/><T133/><D2/><U80/><E120/><V130/><F0/><W84/><G113/><T9/><D65/><U104/><E129/><V118/><F118/><W35/><G35/><T89/><D109/><U38/><E127/><V32/><F126/><W119/><G11/><T30/><D30/><U94/><E27/><V61/><F130/><W45/><G119/><T19/><D98/><U111/><E111/><V23/><F115/><W41/><G41/><T37/><D37/><U92/><E104/><N who="2" m="63503" /><F83/><W21/><G47/><T8/><D49/><U43/><E5/><V72/><F72/><W52/><G45/><T64/><D64/><U13/><E13/><V121/><F121/><W116/><G55/><T93/><REACH who="0" step="1"/><D19/><REACH who="0" ten="260,240,240,240" step="2"/><U28/><E38/><V17/><F46/><W108/><G116/><T60/><D60/><U36/><E28/><V69/><F69/><W112/><G108/><T31/><D31/><U7/><E36/><V91/><F53/><W26/><G112/><T63/><D63/><U54/><E66/><V88/><AGARI ba="1,2" hai="14,17,23,24,29,32,61,67,71,88,91" m="63503" machi="88" ten="30,4000,0" yaku="25,1,52,1,54,1" doraHai="18" who="2" fromWho="2" sc="260,-21,240,-11,240,63,240,-11" /><INIT seed="1,0,0,0,0,36" ten="239,229,303,229" oya="1" hai0="49,39,31,132,134,76,85,65,62,116,121,20,42" hai1="13,57,0,19,71,8,83,18,131,127,35,6,133" hai2="63,68,29,60,24,84,46,33,17,74,125,126,135" hai3="11,26,107,86,108,78,55,95,113,37,109,73,51"/><U25/><E71/><V67/><F74/><W115/><G37/><T77/><D116/><U69/><E69/><V70/><F135/><N who="0" m="51754" /><D39/><U99/><E133/><V100/><F100/><W52/><G107/><T79/><D121/><U47/><E83/><V14/><F84/><W72/><G11/><T90/><D31/><U1/><E57/><V15/><F46/><N who="3" m="27767" /><G26/><T2/><D2/><N who="1" m="1131" /><E47/><V34/><F34/><W114/><G55/><T38/><D38/><U9/><E99/><V41/><F41/><W102/><G102/><T105/><D105/><U22/><E131/><V32/><F32/><W82/><G95/><N who="0" m="54735" /><D20/><N who="1" m="11343" /><E127/><N who="2" m="48651" /><F17/><W59/><G59/><N who="0" m="37087" /><D49/><U106/><E106/><V94/><F94/><W30/><G30/><T128/><D128/><U117/><E117/><V50/><F50/><W43/><G73/><T3/><D3/><N who="1" m="95" /><E35/><V28/><F63/><W56/><G72/><T75/><D75/><U4/><E9/><V96/><F96/><W48/><G56/><T91/><D91/><U12/><E4/><V80/><F80/><W129/><G129/><T53/><D53/><U21/><E21/><N who="2" m="15375" /><F70/><W118/><G118/><T130/><D130/><U45/><E45/><V101/><F101/><W64/><G64/><T119/><D119/><U61/><E61/><V112/><F112/><W120/><G120/><T110/><D42/><U54/><E54/><V123/><F123/><W88/><G78/><T93/><D93/><U23/><E23/><V10/><F10/><W98/><G98/><T122/><D122/><U103/><E103/><V124/><F124/><W40/><G40/><T58/><D58/><RYUUKYOKU ba="0,0" sc="239,0,229,0,303,0,229,0" hai0="76,77,79,110" hai1="12,19,22,25" hai2="14,15,29,33,60,67,68" hai3="43,48,82,86,88,108,109,113,114,115" /><INIT seed="1,1,0,5,0,12" ten="239,229,303,229" oya="1" hai0="20,3,68,53,89,74,7,9,22,13,120,0,135" hai1="23,62,64,56,19,129,31,39,103,55,34,67,11" hai2="71,114,35,69,72,73,47,10,93,46,48,96,16" hai3="37,122,108,83,24,126,85,97,17,118,60,123,130"/><U76/><E129/><V15/><F35/><W80/><G37/><T121/><D74/><U109/><E39/><V59/><F114/><W2/><G2/><N who="0" m="555" /><D68/><U28/><E109/><V82/><F69/><W110/><G130/><T43/><D43/><U26/><E103/><V30/><F71/><W49/><G126/><T45/><D45/><U117/><E117/><V32/><F32/><W88/><G118/><T1/><D53/><U65/><E76/><V90/><F30/><N who="1" m="11305" /><E34/><V111/><F111/><N who="3" m="42539" /><G60/><T92/><D135/><U116/><E116/><V63/><F82/><N who="3" m="49207" /><G49/><T6/><D92/><U102/><E102/><V66/><REACH who="2" step="1"/><F47/><REACH who="2" ten="239,229,293,229" step="2"/><W79/><G83/><T29/><D120/><U78/><E78/><V133/><F133/><W75/><G123/><T124/><D121/><U127/><E127/><V18/><F18/><W113/><G122/><T101/><D124/><U40/><E40/><AGARI ba="1,1" hai="10,15,16,40,46,48,59,63,66,72,73,90,93,96" machi="40" ten="30,8000,1" yaku="1,1,7,1,52,1,54,1,53,1" doraHai="12" doraHaiUra="38" who="2" fromWho="1" sc="239,0,229,-83,293,93,229,0" /><INIT seed="2,0,0,4,4,87" ten="239,146,386,229" oya="2" hai0="95,72,71,27,114,97,103,12,53,134,106,130,24" hai1="86,119,41,55,132,44,109,128,88,65,50,92,118" hai2="49,64,68,94,81,77,42,1,98,129,110,36,43" hai3="11,56,78,101,111,10,74,45,32,67,96,30,99"/><V108/><F1/><W8/><G111/><N who="2" m="42537" /><F129/><W9/><G32/><T63/><D72/><U83/><E109/><V131/><F131/><W117/><G117/><T4/><D130/><U22/><E132/><V91/><F36/><W34/><G34/><T15/><D114/><U40/><E128/><V62/><F49/><W47/><G30/><T105/><D134/><U116/><E65/><V82/><F82/><W135/><G135/><T25/><D4/><U120/><E120/><V0/><F0/><W125/><G125/><T38/><D38/><U122/><E122/><V16/><F16/><W5/><G78/><T6/><D6/><U26/><REACH who="1" step="1"/><E83/><REACH who="1" ten="239,136,386,229" step="2"/><V14/><F14/><W102/><G5/><T100/><D15/><U17/><AGARI ba="0,1" hai="17,22,26,40,41,44,50,55,86,88,92,116,118,119" machi="17" ten="30,12000,2" yaku="1,1,2,1,0,1,52,1,54,1,53,1" doraHai="87" doraHaiUra="48" who="1" fromWho="1" sc="239,-30,136,130,386,-60,229,-30" /><INIT seed="3,0,0,4,4,93" ten="209,266,326,199" oya="3" hai0="108,73,90,71,60,86,110,8,35,64,13,94,123" hai1="19,17,99,0,51,131,129,54,96,74,24,62,65" hai2="77,81,134,32,121,132,47,119,117,69,83,135,27" hai3="102,100,43,63,16,84,44,6,105,34,58,38,107"/><W7/><G34/><T37/><D123/><U133/><E0/><V14/><F121/><W21/><G105/><T23/><D35/><U98/><E74/><V12/><F69/><W2/><G84/><T80/><D37/><U101/><E101/><V97/><F97/><W115/><G115/><T120/><D120/><U3/><E3/><V92/><F92/><W55/><G2/><T20/><D73/><U112/><E112/><V30/><F47/><W106/><G106/><T4/><D80/><N who="2" m="30794" /><F77/><W104/><G104/><T70/><D70/><U130/><E133/><V61/><F61/><W116/><G116/><AGARI ba="0,0" hai="12,14,27,30,32,116,117,119,132,134,135" m="30794" machi="116" ten="40,1300,0" yaku="20,1" doraHai="93" who="2" fromWho="3" sc="209,0,266,0,326,13,199,-13" owari="209,-19.0,266,7.0,339,43.0,186,-31.0" /></mjloggm>