<mjloggm ver="2.3"><GO type="169" lobby="0"/><UN n0="%E3%82%B5%E3%83%9C" n1="%E3%82%A6%E3%83%AB%E3%83%88%E3%83%A9%E7%AB%8B%E7%9B%B4" n2="%E3%81%9F%E3%81%91%E3%81%AB%E3%81%8D" n3="%E3%81%82%E3%81%B2%E3%82%8B%E3%81%95%E3%82%93" dan="16,17,16,16" rate="2099.26,2191.84,2073.98,2054.12" sx="M,M,M,M"/><TAIKYOKU oya="0"/><INIT seed="0,0,0,4,0,34" ten="250,250,250,250" oya="0" hai0="29,9,126,30,94,127,27,129,100,13,98,31,43" hai1="111,15,80,77,40,78,19,5,21,123,44,68,11" hai2="6,37,120,41,32,128,119,76,122,28,55,48,2" hai3="92,124,116,45,58,20,90,99,89,49,69,23,133"/><T87/><D129/><U125/><E123/><V112/><F112/><W36/><G69/><T67/><D67/><U132/><E125/><N who="0" m="47625" /><D43/><U57/><E132/><V0/><F128/><W63/><G124/><T74/><D74/><U86/><E111/><V24/><F119/><W50/><G116/><T107/><D87/><U56/><E77/><V96/><F76/><W33/><G33/><N who="0" m="20671" /><D107/><U121/><E121/><V35/><F41/><W79/><G133/><T118/><D118/><U103/><E103/><V59/><F37/><W101/><G36/><T105/><D105/><U75/><E68/><V91/><F122/><W47/><G79/><T4/><AGARI ba="0,0" hai="4,9,13,30,31,94,98,100" m="20671,47625" machi="4" ten="30,1500,0" yaku="18,1" doraHai="34" who="0" fromWho="0" sc="250,15,250,-5,250,-5,250,-5" /><INIT seed="0,1,0,2,4,110" ten="265,245,245,245" oya="0" hai0="133,72,73,39,81,17,24,122,13,97,30,101,59" hai1="31,0,43,18,74,15,113,53,102,26,100,87,108" hai2="79,12,70,65,57,78,9,8,77,28,82,93,119" hai3="35,46,127,6,67,16,91,90,64,63,27,105,134"/><T41/><D122/><U61/><E74/><V130/><F70/><W56/><G105/><T114/><D114/><U125/><E0/><V135/><F135/><W76/><G127/><T21/><D133/><U51/><E125/><V120/><F120/><W3/><G76/><T49/><D81/><U68/><E108/><V118/><F130/><W14/><G67/><T40/><D39/><U52/><E113/><V42/><F42/><W128/><G128/><T85/><D85/><U44/><E87/><V92/><F28/><W86/><G134/><T84/><D84/><U22/><E68/><V132/><F82/><W11/><G46/><T34/><D59/><U124/><E124/><V4/><F8/><W48/><G48/><T55/><D72/><U33/><REACH who="1" step="1"/><E61/><REACH who="1" ten="265,235,245,245" step="2"/><N who="2" m="38063" /><F132/><W5/><G86/><T29/><D73/><U115/><E115/><V121/><F121/><W117/><G3/><T66/><D97/><U89/><E89/><V99/><F99/><W112/><G91/><T88/><D88/><U71/><E71/><V111/><F111/><W107/><G90/><T32/><D101/><AGARI ba="1,1" hai="15,18,22,26,31,33,43,44,51,52,53,100,101,102" machi="101" ten="40,2600,0" yaku="1,1,54,1,53,0" doraHai="110" doraHaiUra="83" who="1" fromWho="0" sc="265,-29,235,39,245,0,245,0" /><INIT seed="1,0,0,5,1,84" ten="236,274,245,245" oya="1" hai0="8,6,36,108,106,41,15,66,123,33,95,16,89" hai1="2,77,27,72,13,99,48,70,63,87,21,91,98" hai2="118,120,61,42,58,100,59,28,135,7,83,101,124" hai3="128,119,62,113,23,49,93,35,74,25,92,64,78"/><U114/><E2/><V19/><F120/><W105/><G113/><T39/><D106/><U34/><E114/><V46/><F118/><W60/><G105/><T73/><D73/><U79/><E72/><V111/><F111/><W51/><G35/><T53/><D33/><U55/><E34/><V24/><F7/><W26/><G74/><T71/><D108/><U127/><E13/><V52/><F19/><W3/><G78/><N who="1" m="29706" /><E63/><V50/><F124/><W68/><G3/><T75/><D75/><U109/><E70/><V1/><F1/><W44/><G128/><T82/><D82/><N who="1" m="49655" /><E127/><V20/><F135/><W96/><G119/><T18/><D123/><U38/><E38/><V129/><F129/><W97/><G68/><T110/><D110/><U131/><E131/><V17/><F83/><W102/><G64/><T54/><D66/><U30/><E109/><V130/><F130/><W29/><G25/><T116/><D71/><U132/><E132/><V12/><REACH who="2" step="1"/><F59/><AGARI ba="0,0" hai="21,27,30,48,55,59,98,99" m="49655,29706" machi="59" ten="30,2900,0" yaku="8,1,52,1" doraHai="84" who="1" fromWho="2" sc="236,0,274,29,245,-29,245,0" /><INIT seed="1,1,0,4,1,108" ten="236,303,216,245" oya="1" hai0="20,72,42,123,59,66,0,85,1,4,52,11,69" hai1="30,14,96,48,121,27,91,28,133,79,15,111,129" hai2="130,6,10,35,106,25,23,49,71,40,99,39,97" hai3="63,87,47,60,80,41,76,53,75,84,104,82,31"/><U43/><E121/><V24/><F39/><W46/><G104/><T109/><D72/><U9/><E111/><V117/><F117/><W101/><G75/><T2/><D109/><U118/><E118/><V18/><F71/><W50/><G101/><T83/><D123/><U103/><E129/><V64/><F64/><W54/><G31/><T45/><D20/><U119/><E119/><V94/><F106/><W7/><G7/><T70/><D66/><U16/><E79/><V81/><F81/><W56/><G56/><T86/><D86/><U36/><E36/><V98/><F130/><W116/><G116/><T100/><D100/><U73/><E73/><V107/><F107/><W77/><G41/><T78/><D69/><U3/><E3/><V114/><F94/><W93/><G93/><T57/><D70/><U61/><E103/><V128/><F128/><W88/><G88/><T89/><D89/><U29/><E61/><V12/><F35/><W65/><G65/><T55/><D59/><U124/><E124/><V67/><F67/><W68/><G68/><T115/><D115/><U102/><E102/><V8/><F114/><W34/><G34/><T134/><D134/><U26/><E133/><V5/><F40/><W90/><G90/><T22/><D22/><N who="1" m="11551" /><E91/><V105/><F105/><W122/><G122/><T125/><D125/><U131/><E131/><V51/><REACH who="2" step="1"/><F24/><REACH who="2" ten="236,303,206,245" step="2"/><W21/><REACH who="3" step="1"/><G21/><REACH who="3" ten="236,303,206,235" step="2"/><T112/><D112/><U58/><E43/><V33/><F33/><W19/><G19/><T44/><D42/><U37/><E37/><V110/><F110/><W95/><G95/><RYUUKYOKU ba="1,2" sc="236,-15,303,-15,206,15,235,15" hai2="5,6,8,10,12,18,23,25,49,51,97,98,99" hai3="46,47,50,53,54,60,63,76,77,80,82,84,87" /><INIT seed="2,2,2,3,1,25" ten="221,288,221,250" oya="2" hai0="102,72,18,75,134,73,87,49,66,5,8,47,119" hai1="96,83,45,41,24,9,84,59,30,89,91,6,127" hai2="37,1,64,135,22,3,27,52,23,28,132,17,40" hai3="65,53,105,61,109,7,31,15,63,112,0,99,62"/><V110/><F64/><W80/><G0/><N who="2" m="73" /><F40/><W46/><G109/><T100/><D134/><N who="2" m="51242" /><F37/><W90/><G112/><T128/><D128/><U116/><E127/><V97/><F97/><W16/><G65/><T56/><D119/><U86/><E96/><V106/><F106/><W39/><G39/><T60/><D18/><U48/><E116/><V67/><F67/><W12/><G105/><T94/><D87/><U126/><E126/><V68/><F68/><W32/><G99/><T117/><D117/><U101/><E101/><V19/><F110/><W130/><G130/><T120/><D120/><U57/><E86/><V26/><F52/><W113/><G113/><T82/><D82/><U93/><E89/><V104/><F104/><W55/><G90/><T33/><D33/><U77/><E93/><V50/><F50/><W95/><G95/><T21/><D94/><U44/><E44/><V92/><F92/><W125/><G125/><T58/><D58/><U29/><E91/><V35/><F35/><W107/><G107/><T11/><D102/><U98/><E98/><V51/><F51/><W114/><G114/><T122/><D122/><U69/><E69/><V76/><F76/><W43/><G43/><N who="0" m="24831" /><D100/><U13/><E57/><V81/><F81/><W121/><G80/><T36/><D36/><U124/><E59/><V85/><F85/><W79/><G121/><T111/><D111/><U14/><E124/><V118/><F118/><W108/><G108/><T34/><D34/><U103/><E103/><V88/><F88/><W129/><G79/><T42/><D42/><U2/><E41/><RYUUKYOKU ba="2,2" sc="221,-10,288,-10,221,30,250,-10" hai2="17,19,22,23,26,27,28" /><INIT seed="2,3,2,3,5,76" ten="211,278,251,240" oya="2" hai0="104,50,133,75,109,73,19,40,66,111,57,69,14" hai1="29,125,121,81,100,37,3,91,118,34,49,130,108" hai2="7,115,67,103,122,126,77,36,113,82,20,27,79" hai3="0,17,47,93,99,28,63,62,72,2,68,70,59"/><V31/><F122/><W86/><G72/><T39/><D104/><U4/><E37/><V96/><F36/><W112/><G28/><T95/><D133/><U123/><E118/><V53/><F126/><W74/><G74/><T78/><D69/><U107/><E125/><V119/><F119/><W12/><G70/><T97/><D39/><U11/><E108/><N who="0" m="41545" /><D78/><U88/><E130/><V23/><F67/><W51/><G68/><T84/><D84/><N who="1" m="50191" /><E91/><V38/><F38/><W13/><G112/><T114/><D114/><U42/><E100/><V134/><F134/><W8/><G0/><T124/><D124/><U45/><E107/><V64/><F64/><W26/><G2/><T56/><D56/><U1/><E1/><V60/><F77/><W102/><G26/><T83/><D83/><U89/><E89/><V6/><F113/><W105/><G105/><T52/><D40/><U48/><E48/><V80/><F115/><W65/><G63/><T18/><D66/><U16/><E29/><V54/><F79/><W135/><G135/><T87/><D87/><U24/><E34/><V15/><F60/><W128/><G128/><T22/><D19/><U32/><E16/><N who="2" m="10271" /><F103/><AGARI ba="3,2" hai="14,18,22,50,52,57,73,75,95,97,103" m="41545" machi="103" ten="30,2000,0" yaku="14,1,54,1" doraHai="76" who="0" fromWho="2" sc="211,49,278,0,251,-29,240,0" /><INIT seed="3,0,0,5,1,99" ten="260,278,222,240" oya="3" hai0="132,16,81,79,34,120,76,133,55,90,51,64,80" hai1="25,128,75,124,10,48,125,74,32,31,73,62,89" hai2="6,83,20,130,112,131,9,0,85,2,108,17,41" hai3="60,1,84,100,115,107,123,38,56,93,53,104,26"/><W82/><G123/><T8/><D120/><U58/><E128/><N who="2" m="49195" /><F41/><W106/><G38/><T52/><D34/><U47/><E89/><N who="2" m="51391" /><F108/><W126/><G1/><T57/><D64/><U27/><E10/><V61/><F61/><W114/><G126/><T63/><D90/><U14/><E14/><N who="2" m="7375" /><F112/><W29/><G115/><T12/><D132/><U96/><E27/><V71/><F71/><W127/><G127/><N who="1" m="48714" /><E96/><V91/><F6/><W65/><G114/><T11/><D11/><U45/><E48/><V37/><F37/><W5/><G5/><T111/><D111/><U35/><E35/><V3/><F91/><W4/><G4/><T118/><D133/><U110/><E110/><V13/><F13/><W18/><G18/><T40/><D40/><U78/><E78/><N who="0" m="29737" /><D118/><U15/><E15/><V50/><F50/><W7/><G7/><T97/><D97/><U28/><E28/><V30/><F20/><W109/><G109/><T19/><D19/><U98/><E98/><V36/><F36/><W24/><G29/><AGARI ba="0,0" hai="0,2,3,29,30" m="7375,51391,49195" machi="29" ten="40,1300,0" yaku="19,1" doraHai="99" who="2" fromWho="3" sc="260,0,278,0,222,13,240,-13" /><INIT seed="4,0,0,0,3,134" ten="260,278,235,227" oya="0" hai0="55,133,116,102,131,68,96,95,30,11,48,14,1" hai1="32,41,83,56,93,40,34,5,38,121,94,69,79" hai2="15,90,3,17,2,9,97,74,100,4,25,66,24" hai3="62,89,76,88,18,52,44,107,36,47,58,81,28"/><T118/><D68/><U113/><E69/><V108/><F108/><W126/><G107/><T7/><D133/><U129/><E121/><V21/><F74/><W31/><G36/><T63/><D131/><U110/><E110/><V13/><F90/><W99/><G126/><T130/><D130/><U117/><E117/><V75/><F75/><W50/><G44/><T127/><D127/><U135/><E56/><V54/><F66/><W57/><G57/><T123/><D123/><U35/><E135/><V8/><F54/><W92/><G89/><T0/><D30/><U12/><E129/><V10/><F97/><W29/><G18/><T132/><D132/><U87/><E113/><V101/><F100/><W26/><G81/><T46/><REACH who="0" step="1"/><D63/><REACH who="0" ten="250,278,235,227" step="2"/><U86/><E35/><V43/><F2/><AGARI ba="0,1" hai="0,1,2,7,11,14,46,48,55,95,96,102,116,118" machi="2" ten="40,3900,0" yaku="1,1,2,1,53,0" doraHai="134" doraHaiUra="60" who="0" fromWho="2" sc="250,49,278,0,235,-39,227,0" /><INIT seed="4,1,0,3,4,68" ten="299,278,196,227" oya="0" hai0="84,21,106,127,34,10,8,2,103,101,124,70,94" hai1="46,66,3,102,133,71,11,114,16,79,32,15,125" hai2="121,108,7,95,132,92,36,110,44,17,52,4,61" hai3="56,80,50,53,27,49,116,18,107,48,47,100,129"/><T91/><D34/><U29/><E125/><N who="0" m="48201" /><D70/><U43/><E133/><V112/><F121/><W86/><G116/><T45/><D45/><U59/><E114/><V85/><F132/><W33/><G129/><T39/><D39/><U12/><E71/><V119/><F119/><W38/><G33/><T30/><D106/><U118/><E118/><V72/><F72/><W64/><G64/><T128/><D128/><U78/><E3/><V60/><F112/><W130/><G130/><T22/><D30/><U81/><E102/><N who="0" m="38921" /><D10/><U120/><E120/><V99/><F36/><W9/><G38/><T19/><D19/><U115/><E115/><V54/><F17/><W14/><G107/><T63/><D63/><U134/><E134/><V77/><F44/><W76/><G100/><T13/><D13/><U55/><E15/><V96/><F77/><W6/><G56/><T5/><AGARI ba="1,0" hai="2,5,8,21,22,84,91,94" m="38921,48201" machi="5" ten="30,1500,0" yaku="18,1" doraHai="68" who="0" fromWho="0" sc="299,18,278,-6,196,-6,227,-6" /><INIT seed="4,2,0,0,5,89" ten="317,272,190,221" oya="0" hai0="18,101,112,117,83,129,88,109,86,65,73,106,43" hai1="12,4,36,104,120,92,131,99,130,5,20,48,31" hai2="113,0,63,67,75,90,9,8,79,110,59,45,71" hai3="37,21,95,14,16,47,11,125,103,27,62,53,124"/><T128/><D117/><U30/><E36/><V72/><F110/><W126/><G37/><T102/><D43/><U119/><E104/><V39/><F113/><W10/><G10/><T80/><D65/><U74/><E74/><V23/><F79/><W1/><G1/><T17/><D112/><U50/><E120/><V100/><F100/><N who="0" m="38506" /><D17/><U33/><E33/><V3/><F23/><W121/><G121/><T133/><D18/><U96/><E20/><V107/><F107/><W28/><G62/><T40/><D40/><U29/><E12/><V22/><F22/><W34/><G21/><T46/><D46/><U38/><E38/><V81/><F59/><W55/><REACH who="3" step="1"/><G47/><REACH who="3" ten="317,272,190,211" step="2"/><T114/><D114/><U115/><E115/><V134/><F0/><W51/><G51/><T70/><D109/><U105/><E50/><V26/><F3/><W135/><G135/><T116/><D133/><U127/><E48/><V94/><F134/><W2/><G2/><T64/><D116/><U13/><E119/><V52/><F39/><W42/><G42/><T49/><D49/><U68/><E4/><V24/><F45/><W58/><G58/><T25/><D70/><U69/><E5/><V91/><F9/><W60/><G60/><T7/><D129/><U19/><E69/><V118/><F8/><W56/><G56/><T41/><D128/><U111/><E68/><V32/><F118/><W97/><AGARI ba="2,1" hai="11,14,16,27,28,34,53,55,95,97,103,124,125,126" machi="97" ten="40,8000,1" yaku="1,1,0,1,18,1,52,1,54,1,53,0" doraHai="89" doraHaiUra="35" who="3" fromWho="3" sc="317,-42,272,-22,190,-22,211,96" /><INIT seed="5,0,0,1,1,89" ten="275,250,168,307" oya="1" hai0="108,129,134,61,113,72,30,32,80,22,27,95,59" hai1="60,77,6,19,94,35,76,74,100,39,50,69,1" hai2="71,24,87,48,17,109,38,112,8,66,84,11,104" hai3="91,58,93,9,81,16,10,3,20,7,45,78,26"/><U103/><E39/><V51/><F38/><W15/><G45/><T99/><D108/><U73/><E35/><V117/><F109/><W107/><G107/><T126/><D113/><U97/><E50/><V5/><F117/><W75/><G58/><T21/><D129/><U110/><E110/><V82/><F104/><W63/><G63/><T79/><D126/><U49/><E49/><V4/><F4/><W124/><G124/><T125/><D134/><U68/><E19/><V88/><F88/><W90/><G93/><T102/><REACH who="0" step="1"/><D125/><REACH who="0" ten="265,250,168,307" step="2"/><U36/><E36/><V96/><F112/><W54/><REACH who="3" step="1"/><G54/><AGARI ba="0,1" hai="21,22,27,30,32,54,59,61,72,79,80,95,99,102" machi="54" ten="30,7700,0" yaku="1,1,2,1,7,1,52,1,53,0" doraHai="89" doraHaiUra="2" who="0" fromWho="3" sc="265,87,250,0,168,0,307,-77" /><INIT seed="6,0,0,0,0,121" ten="352,250,168,230" oya="2" hai0="130,122,114,73,120,33,35,125,7,113,127,92,17" hai1="93,112,29,14,24,36,97,132,30,102,111,45,67" hai2="101,3,11,66,71,84,26,41,4,15,89,87,106" hai3="72,126,13,28,109,40,8,39,23,81,70,50,76"/><V21/><F41/><W10/><G70/><T46/><D73/><U20/><E132/><V78/><F78/><W115/><G39/><T25/><D46/><U69/><E112/><N who="0" m="43113" /><D92/><U56/><E69/><V1/><F106/><W54/><G115/><T95/><D95/><U44/><E30/><V119/><F101/><W105/><G105/><T57/><D57/><U2/><E2/><V49/><F119/><W51/><G126/><N who="0" m="48139" /><D7/><U128/><E45/><V117/><F117/><W65/><G40/><T85/><D85/><U104/><E44/><V98/><F98/><W42/><G42/><T47/><D47/><U16/><E36/><V100/><F100/><W118/><G118/><T88/><D88/><U12/><E56/><V62/><F49/><W83/><G51/><T58/><D58/><U123/><E67/><V52/><F52/><W53/><G65/><T90/><D90/><U94/><E93/><V9/><F89/><W63/><G54/><T61/><D61/><U31/><E94/><V43/><F43/><W5/><G63/><T80/><D80/><U48/><E48/><V19/><REACH who="2" step="1"/><F3/><REACH who="2" ten="352,250,158,230" step="2"/><W82/><G50/><T134/><D122/><U18/><E123/><V103/><F103/><W131/><G53/><T124/><D124/><U74/><E102/><V37/><F37/><W96/><G96/><T6/><D120/><U68/><E97/><V27/><F27/><N who="3" m="16511" /><G76/><T38/><D38/><U116/><E116/><V77/><F77/><W34/><G72/><T0/><D0/><U22/><E74/><V32/><F32/><W108/><G34/><T64/><D35/><RYUUKYOKU ba="0,1" sc="352,-10,250,-10,158,30,230,-10" hai2="1,4,9,11,15,19,21,26,62,66,71,84,87" /><INIT seed="6,1,1,0,4,113" ten="342,240,188,220" oya="2" hai0="85,131,5,54,34,116,83,13,80,55,101,105,63" hai1="124,96,89,12,60,104,134,115,22,79,31,59,133" hai2="103,97,28,132,111,76,58,90,10,20,123,130,30" hai3="125,114,15,94,126,42,21,39,45,26,78,84,77"/><V48/><F123/><W62/><G15/><T56/><D34/><U118/><E115/><V29/><F132/><N who="1" m="50793" /><E124/><N who="3" m="47722" /><G114/><T61/><D131/><U88/><E79/><V50/><F130/><W72/><G72/><T2/><D116/><U3/><E3/><V7/><F111/><W122/><G122/><T110/><D2/><U17/><E31/><V92/><F76/><W102/><G62/><T65/><D110/><U70/><E70/><V108/><F108/><W109/><G109/><T93/><D105/><U9/><E9/><V44/><F58/><W107/><G107/><T66/><D5/><U32/><E32/><V74/><F74/><W49/><G39/><T36/><D13/><U40/><E40/><V87/><F20/><W75/><G75/><T121/><D121/><U41/><E41/><V99/><F99/><N who="3" m="59767" /><G84/><T16/><D36/><U25/><E12/><V71/><F71/><W47/><G45/><T73/><D73/><U86/><E86/><V81/><REACH who="2" step="1"/><F44/><REACH who="2" ten="342,240,178,220" step="2"/><W68/><G68/><T98/><D56/><U8/><E59/><V106/><F106/><W1/><G78/><T67/><D66/><U135/><E96/><V38/><F38/><W6/><G77/><N who="0" m="46223" /><D67/><U27/><E104/><V129/><F129/><W14/><G47/><T35/><D65/><U95/><E135/><V4/><F4/><W69/><G6/><T51/><D35/><U37/><E37/><V43/><F43/><W120/><G42/><T112/><D112/><U57/><E57/><V91/><F91/><W127/><G69/><T23/><D98/><N who="1" m="57703" /><E89/><V19/><F19/><W53/><G127/><RYUUKYOKU ba="1,2" sc="342,-10,240,-10,178,30,220,-10" hai2="7,10,28,29,30,48,50,81,87,90,92,97,103" /><INIT seed="6,2,2,2,5,107" ten="332,230,208,210" oya="2" hai0="72,111,45,13,120,131,82,79,39,124,0,52,133" hai1="58,129,25,104,50,75,35,42,80,5,40,14,122" hai2="109,84,67,24,17,127,92,49,54,15,60,87,93" hai3="2,116,48,76,70,6,61,20,96,117,18,95,98"/><V36/><F36/><W74/><G98/><T34/><RYUUKYOKU type="yao9" ba="2,2" sc="332,0,230,0,208,0,210,0" hai0="0,13,34,39,45,52,72,79,82,111,120,124,131,133" /><INIT seed="6,3,2,3,5,78" ten="332,230,208,210" oya="2" hai0="60,70,16,105,28,116,37,29,40,94,131,120,75" hai1="87,107,26,17,22,102,35,130,92,8,43,18,69" hai2="125,90,76,93,108,46,56,44,88,101,21,110,0" hai3="5,114,73,98,95,117,34,68,104,67,133,97,11"/><V61/><F125/><W64/><G117/><T36/><D105/><U19/><E35/><V119/><F0/><W65/><G34/><T66/><D120/><U106/><E69/><V118/><F76/><W59/><G68/><T31/><D75/><U124/><E124/><V38/><F101/><W135/><G104/><T45/><D131/><U6/><E130/><V9/><F9/><W74/><G59/><T86/><D116/><N who="2" m="44586" /><F21/><W52/><G52/><T109/><D109/><N who="2" m="42090" /><F38/><W55/><G55/><T82/><D94/><U15/><E106/><V77/><F77/><W25/><G25/><T62/><D62/><U103/><E107/><V91/><F93/><W3/><G114/><T27/><D37/><U57/><E103/><V24/><F24/><W30/><G30/><T10/><D10/><U33/><E33/><V89/><N who="2" m="22528" /><DORA hai="122" /><V85/><F85/><W129/><G129/><T115/><D115/><U80/><E102/><V41/><F41/><W81/><G95/><T84/><D27/><U4/><E43/><V50/><F50/><W14/><G3/><T13/><D13/><U42/><E42/><V128/><F128/><W99/><G73/><T83/><D16/><N who="1" m="6251" /><E92/><V121/><F121/><W132/><REACH who="3" step="1"/><G74/><REACH who="3" ten="332,230,208,200" step="2"/><T7/><D7/><U63/><E26/><V71/><F71/><W111/><G111/><T51/><D36/><U79/><E22/><V32/><F32/><W72/><G72/><T12/><D12/><U112/><E112/><V23/><F23/><W58/><G58/><T20/><D20/><U2/><E2/><V1/><F1/><W54/><G54/><AGARI ba="3,3" hai="4,6,8,15,19,54,57,63,79,80,87" m="6251" machi="54" ten="30,7700,0" yaku="6,1,8,1,52,1,54,1" doraHai="78,122" who="1" fromWho="3" sc="332,0,230,116,208,0,200,-86" /><AGARI ba="3,0" hai="44,46,54,56,61" m="22528,42090,44586" machi="54" ten="50,18000,2" yaku="6,1,10,1,52,3,54,1" doraHai="78,122" who="2" fromWho="3" sc="332,0,346,0,208,180,114,-180" owari="332,-7.0,346,15.0,388,49.0,-66,-57.0" /></mjloggm>