<mjloggm ver="2.3"><GO type="169" lobby="0"/><UN n0="%74%61%72%6F%6F" n1="%E7%A5%9E%E7%AE%97%E9%AC%BC%E8%AC%80%E3%81%AE%E6%A5%B5%E3%81%BF" n2="%E3%83%88%E3%83%88%E3%83%AA%E5%85%88%E7%94%9F%31%39%E6%AD%B3" n3="%72%79%6F%E2%80%A6%31%35" dan="18,16,18,17" rate="2173.85,2052.35,2191.33,2134.06" sx="M,F,F,M"/><TAIKYOKU oya="0"/><INIT seed="0,0,0,1,4,83" ten="250,250,250,250" oya="0" hai0="96,90,119,44,107,0,74,15,129,32,104,48,91" hai1="4,53,31,116,37,135,19,51,27,47,110,132,62" hai2="59,16,99,56,55,97,28,29,120,34,73,24,20" hai3="57,79,103,109,23,80,69,18,2,9,17,22,5"/><T106/><D0/><U43/><E116/><V115/><F120/><W30/><G69/><T11/><D32/><U85/><E4/><V88/><F73/><W6/><G109/><T13/><D119/><U87/><E19/><V64/><F115/><W93/><G30/><T102/><D74/><U123/><E62/><N who="2" m="37983" /><F34/><W68/><G68/><T21/><D21/><N who="1" m="15855" /><E110/><V133/><F99/><W105/><G105/><T122/><D129/><U36/><E123/><V131/><F133/><N who="1" m="51273" /><E36/><V76/><F76/><W84/><G6/><T67/><D67/><U118/><E118/><V111/><F131/><W71/><G71/><T114/><D114/><U10/><E10/><V72/><F72/><W86/><G18/><T26/><D26/><U12/><E12/><V82/><F111/><W66/><G17/><T35/><D35/><U78/><E78/><V121/><F121/><W77/><G103/><T41/><D122/><U40/><E40/><V81/><F29/><W63/><REACH who="3" step="1"/><G79/><REACH who="3" ten="250,250,250,240" step="2"/><T117/><D117/><U46/><AGARI ba="0,1" hai="37,43,46,47,51,53,85,87" m="51273,15855" machi="46" ten="30,4000,0" yaku="20,1,52,2" doraHai="83" who="1" fromWho="1" sc="250,-20,250,50,250,-10,240,-10" /><INIT seed="1,0,0,2,5,80" ten="230,300,240,230" oya="1" hai0="132,49,23,68,106,126,48,18,125,85,25,120,90" hai1="46,31,71,66,105,14,121,24,75,83,30,99,115" hai2="63,67,108,76,10,3,43,45,17,118,122,82,32" hai3="91,79,112,8,110,12,34,130,95,41,88,97,73"/><U38/><E121/><V92/><F118/><W129/><G112/><T60/><D106/><U6/><E115/><V124/><F122/><W35/><G110/><T81/><D120/><U61/><E31/><V51/><F108/><W74/><G41/><T21/><D132/><U39/><E46/><V37/><F124/><N who="0" m="47722" /><D23/><U19/><E6/><V0/><F32/><N who="3" m="12331" /><G91/><T36/><D36/><U100/><E83/><V93/><F51/><N who="0" m="19530" /><D60/><U128/><E75/><V86/><F17/><N who="3" m="8327" /><G79/><T20/><D20/><U28/><E128/><AGARI ba="0,0" hai="73,74,88,95,97,128,129,130" m="8327,12331" machi="128" ten="30,2000,0" yaku="19,1,54,1" doraHai="80" who="3" fromWho="1" sc="230,0,300,-20,240,0,230,20" /><INIT seed="2,0,0,2,1,76" ten="230,280,240,250" oya="2" hai0="89,119,72,79,104,48,132,18,95,125,97,59,124" hai1="122,112,80,134,55,35,27,58,21,60,103,71,28" hai2="42,0,131,82,84,66,44,100,98,102,64,30,54" hai3="85,23,11,53,9,91,96,14,20,93,25,34,40"/><V83/><F0/><W86/><G34/><T87/><D18/><U109/><E112/><V2/><F2/><W4/><G40/><T26/><D26/><U29/><E109/><V67/><F131/><W45/><G20/><T99/><D48/><U126/><E134/><V57/><F30/><W1/><G45/><T128/><D59/><U133/><E133/><V47/><F84/><W56/><G11/><T41/><D41/><U49/><E126/><N who="0" m="48745" /><D132/><U110/><E103/><N who="2" m="39467" /><F98/><N who="0" m="37386" /><D128/><U73/><E110/><V130/><F130/><W65/><G65/><T6/><D6/><U105/><E105/><V63/><F42/><W15/><G15/><T16/><D16/><U32/><E29/><V37/><F37/><W68/><G68/><T114/><D114/><U107/><E107/><V38/><F38/><W111/><G1/><T121/><D104/><U77/><E35/><V115/><F115/><W135/><G135/><T116/><D121/><U33/><E122/><V101/><N who="2" m="39475" /><V92/><DORA hai="127" /><F92/><W7/><G7/><T5/><D5/><U78/><E71/><V90/><F44/><W123/><G123/><T117/><D79/><U22/><E78/><V70/><F70/><W113/><G113/><T118/><D117/><U10/><E33/><V43/><F43/><W3/><G3/><T19/><D19/><U74/><E32/><V13/><F13/><W88/><G111/><T52/><D52/><N who="1" m="33863" /><E22/><V81/><F47/><W129/><G129/><T69/><D69/><U12/><E12/><V24/><F24/><W8/><G23/><T39/><D39/><U120/><E120/><RYUUKYOKU ba="0,0" sc="230,15,280,-15,240,15,250,-15" hai0="72,87,89,95,116,118,119" hai2="54,57,63,64,66,67,81,82,83,90" /><INIT seed="2,1,0,4,3,123" ten="245,265,255,235" oya="2" hai0="33,112,15,76,53,28,134,22,64,77,43,21,119" hai1="93,128,111,126,88,18,55,96,68,1,65,51,83" hai2="98,73,19,132,75,62,131,13,97,58,56,130,39" hai3="127,100,35,4,92,7,61,117,69,102,70,30,27"/><V95/><F39/><W74/><G74/><T120/><D120/><U121/><E121/><V32/><F32/><W125/><G117/><T50/><D112/><U48/><E1/><V25/><F132/><W109/><G109/><T20/><D134/><U81/><E111/><V124/><F124/><N who="3" m="47691" /><G61/><T8/><D43/><U87/><E128/><N who="2" m="49195" /><F25/><W94/><G94/><T59/><D64/><U11/><E81/><V113/><F113/><W84/><G84/><T67/><D33/><U23/><E11/><N who="2" m="6591" /><F98/><N who="3" m="59463" /><G102/><T41/><D119/><U129/><E126/><V78/><F78/><W38/><G38/><T104/><D28/><U106/><E106/><V42/><F42/><W135/><G135/><T99/><D104/><U49/><E129/><V10/><F10/><W29/><G30/><T101/><D99/><U105/><E105/><V57/><F62/><W5/><AGARI ba="1,0" hai="4,5,7,27,29,35,69,70" m="59463,47691" machi="5" ten="30,1100,0" yaku="18,1" doraHai="123" who="3" fromWho="3" sc="245,-4,265,-4,255,-6,235,14" /><INIT seed="3,0,0,5,1,42" ten="241,261,249,249" oya="3" hai0="8,134,97,57,76,50,9,27,89,77,23,71,98" hai1="19,44,15,129,72,3,126,131,22,34,31,13,106" hai2="87,46,93,132,70,75,79,45,91,48,63,120,86" hai3="12,107,36,7,122,92,127,103,35,81,17,80,59"/><W95/><G122/><T0/><D71/><U109/><E106/><V62/><F75/><W110/><G107/><T18/><D134/><U29/><E72/><V125/><F132/><W100/><G35/><T41/><D0/><U84/><E84/><V26/><F120/><W2/><G36/><T1/><D1/><U58/><E58/><V90/><F79/><N who="0" m="30282" /><D89/><U116/><E3/><V94/><F125/><W32/><G32/><T73/><D73/><U78/><E78/><V108/><F108/><W119/><G119/><T117/><D117/><U65/><E65/><V96/><F70/><W104/><G104/><T37/><D37/><U101/><E101/><V130/><F130/><N who="1" m="49673" /><E116/><V123/><F123/><W52/><G2/><T20/><D57/><U121/><E121/><V124/><F124/><W24/><G103/><T111/><D98/><U39/><E109/><V112/><F112/><W60/><G110/><T51/><D97/><U115/><E34/><V33/><F96/><W4/><G100/><T114/><D114/><U54/><E115/><V21/><F33/><W30/><G127/><T43/><D111/><U99/><E39/><V118/><F118/><W64/><G64/><T49/><D23/><U68/><E99/><V113/><F113/><W135/><G59/><T40/><AGARI ba="0,0" hai="8,9,18,20,27,40,41,43,49,50,51" m="30282" machi="40" ten="40,1500,0" yaku="8,1" doraHai="42" who="0" fromWho="0" sc="241,15,261,-4,249,-4,249,-7" /><INIT seed="4,0,0,2,4,125" ten="256,257,245,242" oya="0" hai0="101,51,4,73,28,118,115,39,40,38,106,78,6" hai1="80,112,36,45,85,19,126,84,29,110,30,94,20" hai2="58,92,74,27,116,69,7,130,10,59,98,43,70" hai3="95,53,44,14,129,93,2,16,1,81,8,32,111"/><T50/><D118/><U114/><E110/><V63/><F74/><W31/><G111/><T127/><D115/><N who="1" m="44075" /><E126/><V120/><F120/><W131/><G31/><N who="1" m="11786" /><E94/><N who="3" m="35850" /><G32/><T103/><D78/><U0/><E0/><V60/><F27/><W34/><G34/><T54/><D28/><U77/><E45/><V56/><F43/><W67/><G67/><T35/><D40/><U121/><E36/><V123/><F130/><N who="3" m="49675" /><G81/><T47/><D35/><U15/><E121/><V49/><F116/><W76/><G76/><T46/><D127/><U124/><E124/><V55/><F123/><W33/><G33/><T57/><D103/><U113/><N who="1" m="44083" /><U97/><DORA hai="117" /><E97/><V72/><F98/><W41/><G53/><T82/><D54/><U87/><AGARI ba="0,0" hai="15,19,20,77,80,84,85,87" m="11786,44083" machi="87" ten="50,3200,0" yaku="15,1,11,1" doraHai="125,117" who="1" fromWho="1" sc="256,-16,257,32,245,-8,242,-8" /><INIT seed="5,0,0,1,5,21" ten="240,289,237,234" oya="1" hai0="16,64,25,23,17,92,19,124,116,104,67,132,34" hai1="54,52,134,109,14,48,2,13,83,60,133,49,101" hai2="47,30,66,35,111,32,42,105,130,119,26,113,77" hai3="36,11,57,68,107,56,78,71,24,86,88,62,15"/><U123/><E2/><V112/><F111/><W50/><G36/><T122/><D116/><U40/><E101/><V131/><F119/><W6/><G107/><T9/><D104/><U44/><E83/><V27/><F105/><W102/><G102/><T72/><D72/><U41/><E109/><V121/><F77/><W126/><G78/><T12/><D124/><U120/><E60/><V97/><F97/><W28/><G50/><T79/><D132/><U7/><E7/><V99/><F99/><W38/><G38/><T63/><D34/><U103/><E103/><V87/><F87/><W46/><G46/><AGARI ba="0,0" hai="13,14,40,41,44,46,48,49,52,54,120,123,133,134" machi="46" ten="25,4800,0" yaku="22,2,54,1" doraHai="21" who="1" fromWho="3" sc="240,0,289,48,237,0,234,-48" /><INIT seed="5,1,0,0,3,88" ten="240,337,237,186" oya="1" hai0="95,16,4,102,94,36,89,60,17,106,26,132,19" hai1="83,25,5,35,37,104,46,78,56,75,108,109,42" hai2="96,71,22,107,91,2,43,12,123,121,67,34,27" hai3="50,40,13,11,116,126,32,127,86,45,131,129,113"/><U84/><E104/><V18/><F2/><W70/><G70/><T62/><D36/><U52/><E5/><V133/><F133/><W31/><G113/><T47/><D132/><U54/><E75/><V64/><F43/><W74/><G74/><T65/><D106/><U9/><E9/><V100/><F91/><W29/><G86/><N who="0" m="52535" /><D4/><U124/><E124/><N who="3" m="47658" /><G116/><T99/><D47/><U20/><E35/><V118/><F67/><W135/><G32/><T77/><D77/><U79/><E78/><V38/><F38/><W73/><G73/><T112/><D112/><U98/><E98/><V1/><F1/><W90/><G90/><T117/><D117/><U3/><E3/><V69/><F118/><W72/><G72/><T76/><D76/><U61/><REACH who="1" step="1"/><E54/><REACH who="1" ten="240,327,237,186" step="2"/><V58/><F34/><W85/><G135/><T15/><D26/><U122/><E122/><V6/><F121/><W0/><G0/><T93/><D15/><U24/><E24/><V105/><F105/><W134/><G134/><T30/><D93/><U81/><E81/><V59/><F123/><W48/><G85/><T110/><D95/><U14/><E14/><V68/><F64/><W103/><G13/><T21/><D65/><U44/><E44/><V53/><F53/><W66/><G66/><T57/><D99/><U87/><E87/><V8/><AGARI ba="1,1" hai="6,8,12,18,22,27,58,59,68,69,71,96,100,107" machi="8" ten="40,1500,0" yaku="0,1" doraHai="88" who="2" fromWho="2" sc="240,-5,327,-8,237,28,186,-5" /><INIT seed="6,0,0,5,4,129" ten="235,319,265,181" oya="2" hai0="88,14,110,128,104,75,116,74,19,47,96,53,119" hai1="3,71,89,57,70,8,108,67,54,25,126,84,1" hai2="107,105,134,121,100,82,18,114,112,97,44,99,64" hai3="42,101,0,38,133,5,73,132,102,26,109,69,90"/><V9/><F121/><W2/><G73/><T52/><D110/><U118/><E118/><N who="0" m="45097" /><D128/><U80/><E67/><V60/><F134/><N who="3" m="51819" /><G109/><T93/><D104/><U59/><E25/><V120/><F120/><W106/><G69/><T33/><D33/><U41/><E59/><V31/><F112/><W48/><G38/><T117/><N who="0" m="45105" /><T17/><DORA hai="76" /><D17/><U29/><E29/><V4/><F114/><W113/><G113/><T131/><D131/><U94/><E41/><V11/><F107/><W39/><G39/><T22/><D47/><U36/><E36/><V58/><F105/><W7/><G106/><T125/><D125/><U12/><E126/><V40/><F44/><N who="3" m="25623" /><G26/><T85/><D96/><U61/><E108/><V56/><F99/><W28/><G28/><T124/><D124/><U122/><E122/><V92/><F31/><W49/><G49/><T32/><D32/><U35/><E35/><V43/><F97/><W103/><G90/><T15/><D15/><U63/><E12/><V98/><F98/><W24/><G24/><T83/><D74/><U34/><E34/><V77/><F43/><W6/><AGARI ba="0,0" hai="0,2,5,6,7,101,102,103" m="25623,51819" machi="6" ten="40,8000,1" yaku="20,1,52,3" doraHai="129,76" who="3" fromWho="3" sc="235,-20,319,-20,265,-40,181,80" /><INIT seed="7,0,0,5,3,63" ten="215,299,225,261" oya="3" hai0="18,9,92,41,83,70,15,126,61,72,81,58,112" hai1="106,51,47,121,73,4,10,111,42,115,60,66,129" hai2="6,105,30,13,22,69,95,44,25,133,108,17,125" hai3="64,12,101,116,50,35,46,119,97,128,110,0,71"/><W107/><G0/><T52/><D126/><U16/><E106/><V130/><F108/><W56/><G110/><T86/><D112/><U27/><E73/><V74/><F105/><W53/><G35/><T77/><D41/><U28/><E121/><V99/><F74/><W55/><G128/><T131/><D131/><U82/><E129/><V67/><F130/><W127/><G127/><T8/><D92/><U118/><E115/><V7/><F125/><W134/><G134/><T75/><D70/><U65/><E60/><V1/><F133/><W33/><G33/><T29/><D29/><U88/><E118/><V43/><F1/><W19/><G71/><T76/><REACH who="0" step="1"/><D86/><REACH who="0" ten="205,299,225,261" step="2"/><N who="1" m="50263" /><E28/><V23/><F69/><W34/><G119/><T113/><D113/><U103/><E111/><V84/><F84/><W90/><G116/><T48/><D48/><U114/><E114/><V102/><F67/><W26/><G64/><T123/><D123/><U59/><E66/><V11/><F11/><AGARI ba="0,1" hai="8,9,11,15,18,52,58,61,72,75,76,77,81,83" machi="11" ten="30,7700,0" yaku="1,1,7,1,9,1,54,1,53,0" doraHai="63" doraHaiUra="2" who="0" fromWho="2" sc="205,87,299,0,225,-77,261,0" /><INIT seed="8,0,0,5,2,45" ten="292,299,148,261" oya="0" hai0="124,4,8,66,31,133,49,65,25,59,116,88,6" hai1="56,63,26,34,85,131,105,92,22,125,135,52,118" hai2="48,99,42,68,91,58,12,80,101,28,64,75,2" hai3="29,44,13,41,123,132,119,71,16,93,19,129,37"/><T55/><D116/><U87/><E118/><V103/><F2/><W30/><G119/><T39/><D39/><U51/><E105/><V83/><F68/><W110/><G110/><T36/><D36/><U76/><E34/><V35/><F35/><W120/><G71/><T9/><D133/><U121/><E121/><N who="3" m="46666" /><G132/><T96/><D124/><U43/><E131/><V115/><F115/><W111/><G111/><T62/><D31/><N who="1" m="17879" /><E125/><V1/><F1/><W47/><G19/><T102/><D25/><U20/><E20/><V15/><F28/><W24/><G24/><T97/><D102/><N who="2" m="38922" /><F75/><W122/><G122/><T100/><D100/><U5/><E5/><N who="0" m="2153" /><D97/><U113/><E113/><V130/><F130/><W50/><G93/><N who="0" m="56359" /><D66/><U114/><E114/><V94/><F64/><W40/><G129/><T126/><D126/><U128/><E135/><V23/><F42/><W38/><G38/><T0/><D0/><U69/><E69/><V77/><F77/><W73/><G73/><T84/><D84/><U21/><E85/><V112/><F112/><W46/><G46/><AGARI ba="0,0" hai="8,9,46,49,55,59,62,65" m="56359,2153" machi="46" ten="30,5800,0" yaku="8,1,52,1,54,1" doraHai="45" who="0" fromWho="3" sc="292,58,299,0,148,0,261,-58" owari="350,45.0,299,10.0,148,-35.0,203,-20.0" /></mjloggm>