<mjloggm ver="2.3"><GO type="97" lobby="0"/><UN n0="%E7%89%87%E7%80%AC%E9%82%A3%E5%A5%88" n1="%E3%81%BF%E3%82%8F%E3%81%8F%E3%83%91%E3%83%91" n2="%E5%A4%A7%E5%AE%AE%E5%BF%8D%76" n3="%E5%B0%B1%E6%B4%BB%E7%94%9F%40%E5%B7%9D%E6%9D%91%E8%BB%8D%E5%9B%A3" dan="15,13,14,14" rate="2037.05,1918.52,2132.96,1969.25" sx="M,M,M,M"/><TAIKYOKU oya="0"/><INIT seed="0,0,0,5,0,2" ten="250,250,250,250" oya="0" hai0="117,98,52,97,69,49,20,23,51,122,19,132,83" hai1="29,24,25,48,88,16,57,3,71,38,113,110,60" hai2="102,112,40,67,13,118,46,79,10,80,56,108,99" hai3="6,126,0,91,127,84,45,44,17,31,39,81,62"/><T65/><D117/><U129/><E3/><V135/><F112/><W75/><G31/><T7/><D122/><U120/><E38/><V58/><F108/><W96/><G75/><T12/><D132/><U95/><E120/><V63/><F135/><W131/><G131/><T90/><D69/><U50/><E110/><V86/><F118/><W1/><G39/><T109/><D65/><U55/><E129/><V21/><F21/><W11/><G0/><T121/><D121/><U35/><E71/><V8/><F58/><W103/><G62/><T123/><D123/><U32/><E113/><V33/><F33/><W4/><G4/><T28/><D51/><U37/><E37/><V82/><F82/><W72/><G17/><N who="0" m="10279" /><D28/><U119/><E119/><V76/><F76/><W115/><G115/><T36/><D36/><U130/><E130/><V87/><F87/><W124/><REACH who="3" step="1"/><G72/><REACH who="3" ten="250,250,250,240" step="2"/><T61/><D61/><U22/><E35/><V27/><F63/><W106/><AGARI ba="0,1" hai="1,6,11,44,45,81,84,91,96,103,106,124,126,127" machi="106" ten="30,8000,1" yaku="1,1,2,1,0,1,18,1,52,1,53,0" doraHai="2" doraHaiUra="128" who="3" fromWho="3" sc="250,-40,250,-20,250,-20,240,90" /><INIT seed="1,0,0,2,3,132" ten="210,230,230,330" oya="1" hai0="131,23,57,110,85,54,129,2,89,58,97,19,65" hai1="37,66,74,20,80,115,51,39,121,123,113,24,10" hai2="9,11,48,68,44,122,28,128,56,84,94,73,3" hai3="32,6,114,60,95,21,109,16,70,55,81,102,120"/><U106/><E106/><V4/><F68/><W40/><G32/><T50/><D2/><U35/><E10/><V63/><F122/><W15/><G120/><N who="1" m="46154" /><E80/><V78/><F28/><W72/><G114/><N who="1" m="43530" /><E74/><V7/><F128/><N who="0" m="49226" /><D110/><U62/><E20/><V135/><F135/><W67/><G109/><T13/><D97/><U64/><E24/><V82/><F94/><W100/><G40/><T103/><D103/><U96/><E96/><V92/><F92/><W117/><G117/><T41/><D41/><U105/><E105/><V127/><F73/><W86/><G6/><T18/><D18/><U8/><E8/><V112/><F112/><W134/><G134/><T52/><D65/><N who="1" m="25195" /><E35/><V118/><F11/><W130/><G130/><T22/><D22/><U76/><E76/><V71/><F7/><W17/><G72/><T116/><D116/><U119/><E119/><V99/><F118/><W124/><G95/><N who="0" m="54703" /><D54/><U25/><E25/><V91/><F99/><W111/><G55/><T5/><D5/><U47/><E62/><V45/><F63/><W79/><G111/><T77/><D77/><U98/><E98/><V12/><F3/><W26/><G100/><T33/><D33/><U126/><E126/><V83/><F127/><W30/><G102/><T1/><D1/><U38/><E51/><V0/><F0/><W29/><G124/><T34/><D34/><U61/><E61/><V90/><F78/><W27/><G27/><T133/><D133/><U107/><E107/><V53/><F4/><W43/><G26/><T101/><D101/><U42/><AGARI ba="0,0" hai="37,38,39,42,47" m="25195,43530,46154" machi="42" ten="40,3900,0" yaku="34,2" doraHai="132" who="1" fromWho="1" sc="210,-13,230,39,230,-13,330,-13" /><INIT seed="1,1,0,1,0,96" ten="197,269,217,317" oya="1" hai0="76,98,101,19,4,69,108,62,80,74,52,78,127" hai1="65,50,107,81,64,11,45,71,1,13,124,123,59" hai2="113,41,128,8,36,35,90,28,39,56,100,10,27" hai3="119,40,2,129,42,91,125,111,77,15,51,116,83"/><U104/><E123/><V16/><F128/><W37/><G2/><T102/><D108/><U30/><E1/><V33/><F33/><W70/><G70/><T131/><D4/><U6/><E124/><V86/><F113/><W34/><G34/><T44/><D131/><U79/><E30/><V24/><F100/><W133/><G37/><T85/><D127/><U3/><E71/><V47/><F39/><W26/><G111/><T92/><D69/><U18/><E59/><V46/><F46/><W114/><G114/><T0/><D0/><U118/><E118/><N who="3" m="45098" /><G133/><T58/><D44/><U68/><E65/><V109/><F109/><W115/><G115/><T94/><D19/><U9/><E64/><V60/><F27/><W105/><G105/><T32/><D32/><U54/><REACH who="1" step="1"/><E68/><REACH who="1" ten="197,259,217,317" step="2"/><V57/><F56/><W95/><G125/><T63/><D63/><U121/><E121/><V110/><F110/><W97/><G129/><T82/><REACH who="0" step="1"/><D101/><REACH who="0" ten="187,259,217,317" step="2"/><U84/><AGARI ba="1,2" hai="3,6,9,11,13,18,45,50,54,79,81,84,104,107" machi="84" ten="20,3900,0" yaku="1,1,0,1,7,1,53,0" doraHai="96" doraHaiUra="87" who="1" fromWho="1" sc="187,-14,259,62,217,-14,317,-14" /><INIT seed="1,2,0,4,2,74" ten="173,321,203,303" oya="1" hai0="109,76,56,103,89,14,69,51,111,122,68,116,134" hai1="129,70,112,86,42,90,73,93,24,19,1,18,106" hai2="9,125,17,20,71,33,108,57,3,50,58,114,15" hai3="4,16,91,132,55,92,84,67,130,66,31,49,83"/><U127/><E112/><V13/><F71/><W77/><G130/><T124/><D116/><U121/><E70/><V65/><F3/><W47/><G132/><T119/><D119/><U85/><E1/><V79/><F33/><W28/><G4/><T12/><D134/><U98/><E121/><V26/><F108/><W21/><G66/><T78/><D122/><U32/><E42/><V62/><F125/><W44/><G67/><T97/><D124/><U2/><E2/><V52/><F114/><W94/><G44/><T25/><D25/><U36/><E36/><V30/><F15/><N who="0" m="5674" /><D89/><U60/><E60/><V46/><F46/><W118/><G118/><T120/><D120/><U102/><E127/><V99/><F99/><N who="3" m="57759" /><G94/><N who="0" m="58807" /><D69/><U53/><E129/><V34/><F34/><W8/><G8/><T39/><D39/><U45/><E73/><V110/><F110/><N who="0" m="41994" /><D68/><U82/><E32/><V38/><F38/><W64/><G64/><T135/><D135/><U6/><E6/><V107/><F107/><W123/><G123/><T115/><D115/><U59/><E24/><AGARI ba="2,0" hai="16,21,24,28,31,47,49,55,77,83,84" m="57759" machi="24" ten="30,3900,0" yaku="8,1,52,1,54,1" doraHai="74" who="3" fromWho="1" sc="173,0,321,-45,203,0,303,45" /><INIT seed="2,0,0,5,1,105" ten="173,276,203,348" oya="2" hai0="39,70,100,113,123,95,85,52,133,69,9,42,50" hai1="30,117,66,0,135,24,124,119,127,56,44,38,43" hai2="110,28,77,97,46,73,17,53,94,3,13,72,57" hai3="55,128,1,121,112,90,15,84,27,18,35,116,21"/><V11/><F77/><W130/><G121/><T49/><D123/><U4/><E135/><V8/><F46/><W98/><G1/><T122/><D122/><U5/><E5/><V6/><F28/><N who="3" m="19871" /><G98/><T132/><D133/><U16/><E66/><V108/><F94/><N who="3" m="54599" /><G116/><T29/><D132/><U48/><E0/><V34/><F34/><W67/><G67/><T59/><D113/><U65/><E4/><V7/><F7/><W131/><G55/><T91/><D29/><U101/><E101/><V80/><F80/><W47/><G47/><T40/><D100/><U96/><E96/><V107/><F107/><W61/><G61/><T54/><D9/><U134/><E134/><V45/><F45/><W81/><G81/><T115/><D115/><AGARI ba="0,0" hai="15,18,21,112,115,128,130,131" m="54599,19871" machi="115" ten="40,1300,0" yaku="19,1" doraHai="105" who="3" fromWho="0" sc="173,-13,276,0,203,0,348,13" /><INIT seed="3,0,0,4,5,89" ten="160,276,203,361" oya="3" hai0="0,27,11,13,71,56,57,127,120,48,85,94,54" hai1="84,124,42,109,122,115,34,72,77,99,33,88,8" hai2="126,9,30,111,119,112,38,95,23,134,123,93,3" hai3="65,133,78,28,16,98,66,114,125,101,106,19,40"/><W79/><G114/><T102/><D127/><U73/><E115/><V86/><F112/><W64/><G133/><T44/><D120/><U96/><E42/><V87/><F38/><W25/><G40/><T18/><D71/><U128/><E8/><V67/><F119/><W49/><G49/><T10/><D0/><U118/><E33/><V37/><F37/><W35/><G125/><T26/><D10/><U5/><E5/><V51/><F67/><W20/><REACH who="3" step="1"/><G19/><REACH who="3" ten="160,276,203,351" step="2"/><T41/><D56/><U62/><E122/><V4/><F51/><W131/><G131/><T43/><D43/><U59/><E128/><V22/><F134/><W113/><G113/><T7/><D7/><U76/><E118/><V100/><F126/><W1/><G1/><T91/><REACH who="0" step="1"/><D102/><REACH who="0" ten="150,276,203,351" step="2"/><U116/><E124/><V53/><F100/><W52/><G52/><T83/><D83/><U121/><E116/><V97/><F53/><W17/><G17/><T75/><D75/><U58/><E121/><V81/><F123/><W132/><G132/><T103/><D103/><U80/><E73/><V24/><F81/><W70/><G70/><T45/><D45/><U36/><E77/><V61/><F4/><W32/><G32/><T6/><D6/><U105/><E34/><V60/><F3/><W50/><G50/><AGARI ba="0,2" hai="11,13,18,26,27,41,44,48,50,54,57,85,91,94" machi="50" ten="30,7700,0" yaku="1,1,7,1,8,1,52,1,53,0" doraHai="89" doraHaiUra="92" who="0" fromWho="3" sc="150,97,276,0,203,0,351,-77" /><INIT seed="4,0,0,5,1,135" ten="247,276,203,274" oya="0" hai0="121,71,86,95,90,58,119,2,97,1,27,22,106" hai1="129,112,88,82,75,31,33,45,5,61,15,21,48" hai2="18,108,128,63,4,118,115,111,117,52,132,87,127" hai3="24,114,14,126,109,51,124,13,130,0,72,70,62"/><T123/><D71/><U39/><E129/><V84/><F4/><W37/><G37/><T68/><D68/><U89/><E39/><V50/><F63/><W10/><G109/><N who="2" m="42057" /><F128/><W42/><G72/><T41/><D41/><U6/><E33/><V74/><F74/><W25/><G130/><T83/><D119/><N who="2" m="45578" /><F132/><W49/><G114/><T125/><D106/><U92/><E75/><V80/><F115/><W55/><G0/><T59/><D2/><U28/><E61/><V60/><F60/><W104/><G14/><T16/><D1/><U54/><E112/><V67/><F67/><W12/><G12/><T105/><D105/><U116/><E116/><V98/><F98/><W76/><G76/><T99/><D123/><U91/><E82/><V3/><F3/><W17/><G104/><T44/><D121/><U47/><E92/><V11/><F80/><W103/><G103/><T66/><D66/><U9/><E5/><V96/><F96/><W113/><G113/><T35/><D35/><U38/><E21/><V8/><F127/><N who="3" m="48683" /><G42/><T26/><D125/><U120/><E120/><V30/><F30/><N who="1" m="11305" /><E38/><V36/><F36/><W34/><G34/><T32/><D32/><U102/><E102/><V134/><F134/><W7/><G7/><T64/><D64/><U133/><E133/><V100/><F100/><W29/><G70/><T46/><D27/><N who="3" m="10313" /><G29/><T57/><REACH who="0" step="1"/><D97/><REACH who="0" ten="237,276,203,274" step="2"/><U85/><E85/><V77/><F87/><W93/><G93/><T69/><D69/><U81/><E81/><V56/><F84/><W107/><G107/><T43/><D43/><U20/><E20/><RYUUKYOKU ba="0,1" sc="237,10,276,10,203,-30,274,10" hai0="16,22,26,44,46,57,58,59,83,86,90,95,99" hai1="6,9,15,45,47,48,54,88,89,91" hai3="10,13,17,49,51,55,62" /><INIT seed="4,1,1,1,4,11" ten="247,286,173,284" oya="0" hai0="90,114,108,87,100,44,8,111,91,97,82,131,17" hai1="105,93,64,101,103,18,96,14,110,78,13,25,132" hai2="15,123,40,109,28,51,124,50,71,112,16,75,104" hai3="83,92,49,37,70,30,33,34,95,126,43,77,119"/><T73/><D114/><U36/><E36/><V19/><F112/><W55/><G119/><T4/><D131/><U53/><E110/><N who="0" m="42025" /><D44/><U42/><E132/><V102/><F109/><W85/><G70/><T32/><D32/><U39/><E78/><V120/><F75/><W46/><G126/><T59/><D59/><U0/><E0/><V130/><F71/><W65/><G65/><T69/><D69/><U84/><E64/><V1/><F1/><W3/><G3/><N who="0" m="31" /><D73/><U22/><E39/><V79/><F130/><W127/><G127/><T2/><D2/><U21/><E42/><V117/><F124/><W116/><G116/><T41/><D41/><U76/><E105/><V60/><F117/><W45/><G30/><T52/><D52/><U94/><E53/><V107/><F28/><W35/><AGARI ba="1,1" hai="33,34,35,37,43,45,46,49,55,77,83,85,92,95" machi="35" ten="30,1100,0" yaku="0,1" doraHai="11" who="3" fromWho="3" sc="247,-6,286,-4,173,-4,284,24" owari="241,-16.0,282,8.0,169,-33.0,308,41.0" /></mjloggm>