<mjloggm ver="2.3"><GO type="169" lobby="0"/><UN n0="%E5%9B%BD%E8%A6%8B%E6%AF%94%E5%91%82" n1="%E3%83%86%E3%82%BB%E3%83%A9%E3%83%83%E3%82%AF" n2="%EF%BC%9D%E9%AB%98%E6%A9%8B%E3%83%91%E3%83%B3%E3%83%80%EF%BC%9D" n3="%E5%B0%B1%E6%B4%BB%E7%94%9F%40%E5%B7%9D%E6%9D%91%E8%BB%8D%E5%9B%A3" dan="17,16,16,17" rate="2149.27,2108.43,2150.55,2171.16" sx="M,F,M,M"/><TAIKYOKU oya="0"/><INIT seed="0,0,0,4,2,119" ten="250,250,250,250" oya="0" hai0="74,107,18,54,130,47,32,31,62,5,1,35,22" hai1="113,71,111,99,75,86,78,56,39,109,82,40,8" hai2="33,72,17,96,73,121,10,28,55,83,64,60,103" hai3="66,101,34,27,126,53,77,135,123,14,65,117,116"/><T44/><D74/><U85/><E71/><N who="2" m="42375" /><F83/><W104/><G77/><T98/><D130/><U106/><E113/><V95/><F95/><W6/><G53/><T115/><D115/><U110/><E56/><V76/><F76/><W68/><G66/><T97/><D1/><U45/><REACH who="1" step="1"/><E8/><REACH who="1" ten="250,240,250,250" step="2"/><V112/><F10/><W29/><G116/><T87/><D44/><U49/><E49/><V129/><F112/><W4/><G117/><T57/><D47/><U12/><E12/><V84/><F129/><W127/><G127/><T100/><D57/><U69/><E69/><V120/><F72/><W16/><G126/><T7/><D62/><U105/><E105/><V133/><F73/><W63/><G135/><T20/><D107/><U51/><E51/><V90/><F133/><W38/><G38/><T94/><D54/><U58/><E58/><V0/><F55/><W79/><G123/><T42/><D42/><U61/><E61/><V23/><F120/><W67/><G67/><T52/><D52/><U25/><E25/><V102/><F121/><W93/><G104/><T36/><D36/><U125/><E125/><V81/><F0/><W21/><G79/><T80/><D35/><U128/><E128/><V43/><F43/><W70/><G70/><T131/><D32/><U89/><E89/><V91/><F90/><W15/><G15/><T19/><D131/><U124/><E124/><V13/><F33/><W134/><G134/><T2/><D2/><U118/><E118/><V108/><F91/><W92/><G101/><AGARI ba="0,1" hai="39,40,45,75,78,82,85,86,99,101,106,109,110,111" machi="101" ten="40,2600,0" yaku="1,1,14,1,53,0" doraHai="119" doraHaiUra="9" who="1" fromWho="3" sc="250,0,240,36,250,0,250,-26" /><INIT seed="1,0,0,1,4,57" ten="250,276,250,224" oya="1" hai0="66,59,28,77,64,25,95,45,92,58,39,24,27" hai1="75,106,84,90,130,40,85,8,96,69,76,56,22" hai2="13,42,53,99,133,94,12,122,32,108,79,5,119" hai3="68,23,19,116,104,26,16,107,86,112,38,35,100"/><U9/><E69/><V4/><F108/><W0/><G112/><T14/><D28/><U98/><E40/><V41/><F32/><W126/><G35/><T71/><D77/><U110/><E110/><V10/><F122/><W2/><G38/><T51/><D39/><U109/><E109/><V91/><F119/><W7/><G126/><T43/><D14/><U29/><E130/><V3/><F3/><W11/><G116/><T128/><D128/><U34/><E34/><V123/><F133/><W82/><G68/><T44/><D71/><U48/><E75/><V36/><F36/><W46/><G2/><T105/><D105/><U49/><E106/><V67/><F67/><N who="0" m="25642" /><D44/><U15/><E9/><N who="2" m="4135" /><F79/><W111/><G111/><T117/><D117/><U115/><E115/><V89/><F123/><W125/><G125/><T18/><D18/><U1/><E1/><V31/><F31/><W118/><G118/><T73/><D73/><U93/><E76/><V61/><F91/><W63/><G19/><T97/><D95/><U78/><E78/><V60/><F53/><W113/><G113/><T47/><D47/><U50/><E56/><V101/><F101/><AGARI ba="0,0" hai="24,25,27,43,45,51,58,59,92,97,101" m="25642" machi="101" ten="30,1000,0" yaku="8,1" doraHai="57" who="0" fromWho="2" sc="250,10,276,0,250,-10,224,0" /><INIT seed="2,0,0,2,2,134" ten="260,276,240,224" oya="2" hai0="113,53,26,56,43,4,125,44,33,9,48,30,91" hai1="20,127,58,119,73,47,7,87,23,38,14,131,50" hai2="69,86,96,41,107,59,22,28,34,63,128,102,64" hai3="79,18,122,92,1,19,103,82,35,67,76,108,78"/><V88/><F128/><W40/><G122/><T85/><D113/><U114/><E73/><V80/><F41/><W95/><G108/><T126/><D85/><U52/><E114/><V89/><F22/><W115/><G115/><T116/><D116/><U62/><E119/><V54/><F34/><W101/><G35/><T100/><D100/><U111/><E111/><V118/><F118/><W10/><G40/><T75/><D75/><U106/><E106/><V6/><F6/><W15/><G1/><T45/><D91/><U32/><E32/><V21/><F21/><W36/><G36/><T90/><D90/><U66/><E131/><V39/><F39/><W46/><G82/><T129/><D129/><U42/><E87/><V55/><F28/><W104/><G104/><T61/><REACH who="0" step="1"/><D45/><REACH who="0" ten="250,276,240,224" step="2"/><U98/><E98/><V12/><F89/><W29/><G46/><T0/><AGARI ba="0,1" hai="0,4,9,26,30,33,43,44,48,53,56,61,125,126" machi="0" ten="30,12000,2" yaku="1,1,2,1,0,1,52,2,53,1" doraHai="134" doraHaiUra="31" who="0" fromWho="0" sc="250,130,276,-30,240,-60,224,-30" /><INIT seed="3,0,0,4,2,70" ten="380,246,180,194" oya="3" hai0="24,42,7,93,11,45,104,31,58,114,15,116,14" hai1="95,54,108,59,23,102,68,19,120,127,39,74,134" hai2="33,43,0,47,76,94,16,124,98,64,77,28,2" hai3="73,38,56,78,62,129,12,18,84,46,57,22,80"/><W29/><G129/><T88/><D116/><U49/><E74/><V65/><F124/><W115/><G115/><T21/><D104/><U126/><E120/><V133/><F133/><W63/><G29/><T82/><D58/><U103/><E134/><V66/><F28/><W20/><G73/><T86/><D114/><U89/><E108/><V61/><F33/><W6/><G6/><T17/><D93/><U123/><E68/><V131/><F131/><W90/><G78/><T112/><D112/><U40/><E123/><V51/><F61/><W75/><G75/><T101/><D101/><U50/><E50/><V69/><F69/><W72/><G72/><T125/><D125/><N who="1" m="47627" /><E39/><V36/><F0/><W132/><G132/><T100/><D100/><U55/><E55/><V13/><F36/><W34/><G34/><T10/><D45/><U109/><E40/><AGARI ba="0,0" hai="7,10,11,14,15,17,21,24,31,40,42,82,86,88" machi="40" ten="40,2600,0" yaku="8,1,54,1" doraHai="70" who="0" fromWho="1" sc="380,26,246,-26,180,0,194,0" /><INIT seed="4,0,0,1,1,58" ten="406,220,180,194" oya="0" hai0="17,40,121,24,126,127,80,56,8,35,2,49,54" hai1="85,93,13,68,36,118,27,119,98,104,1,132,21" hai2="5,38,123,59,99,74,12,109,91,112,133,46,114" hai3="48,96,7,23,66,62,6,135,88,102,25,65,83"/><T32/><D121/><U57/><E68/><V37/><F109/><W22/><G135/><T69/><D69/><U52/><E1/><V101/><F123/><W82/><G48/><T15/><D40/><U70/><E70/><V29/><F74/><W0/><G0/><T47/><D47/><U39/><E132/><V94/><F133/><W129/><G129/><T55/><D55/><U16/><E104/><V10/><F29/><W106/><G23/><T117/><D117/><U115/><E115/><N who="2" m="44075" /><F46/><W51/><G51/><T78/><D2/><U105/><E105/><N who="2" m="63679" /><F59/><W43/><G43/><T110/><D110/><U11/><E85/><AGARI ba="0,0" hai="5,10,12,37,38,85,91,94" m="63679,44075" machi="85" ten="30,1000,0" yaku="15,1" doraHai="58" who="2" fromWho="1" sc="406,0,220,-10,180,10,194,0" /><INIT seed="5,0,0,4,0,97" ten="406,210,190,194" oya="1" hai0="64,78,59,27,12,22,37,66,122,94,121,2,126" hai1="109,46,48,44,128,110,33,43,32,89,125,53,55" hai2="7,5,127,20,57,6,17,86,107,24,100,13,16" hai3="69,105,51,88,130,81,8,90,15,65,104,34,83"/><U85/><E128/><V112/><F127/><W80/><G34/><T41/><D2/><U29/><E125/><V79/><F112/><W61/><G130/><T26/><D126/><U45/><E29/><V119/><F119/><W72/><G72/><T135/><D78/><U38/><E33/><V91/><F79/><W42/><G42/><T19/><D135/><U96/><E96/><V31/><F57/><W60/><G51/><T50/><D37/><U36/><E32/><V75/><F75/><W120/><G120/><T73/><D73/><U77/><E77/><V111/><F111/><N who="1" m="42505" /><E89/><V84/><F17/><W30/><G30/><T40/><D94/><U54/><E85/><V3/><F3/><W124/><G124/><T93/><D93/><U103/><E103/><V129/><F129/><W52/><G104/><T131/><D131/><U123/><E123/><V23/><REACH who="2" step="1"/><F91/><REACH who="2" ten="406,210,180,194" step="2"/><W71/><G90/><T134/><D121/><U14/><E14/><V10/><F10/><W115/><G115/><T132/><D12/><U21/><E21/><V9/><F9/><W25/><G88/><T0/><D0/><U49/><E36/><V92/><F92/><W28/><G15/><T18/><D122/><U35/><E35/><V116/><F116/><W39/><G8/><T70/><D22/><U58/><E58/><V114/><F114/><W118/><G39/><T1/><D1/><U67/><E67/><V68/><F68/><W56/><G71/><T74/><D70/><U98/><E98/><AGARI ba="0,1" hai="5,6,7,13,16,20,23,24,31,84,86,98,100,107" machi="98" ten="40,8000,1" yaku="1,1,52,1,54,1,53,1" doraHai="97" doraHaiUra="101" who="2" fromWho="1" sc="406,0,210,-80,180,90,194,0" /><INIT seed="6,0,0,0,2,85" ten="406,130,270,194" oya="2" hai0="57,114,134,105,89,43,99,36,17,95,7,67,129" hai1="59,39,2,108,50,124,103,45,19,35,29,14,13" hai2="72,120,130,15,27,12,53,83,96,106,61,71,88" hai3="113,101,21,46,121,97,44,42,84,90,127,5,125"/><V77/><F120/><W132/><G121/><T110/><D110/><U63/><E2/><V76/><F130/><W86/><G5/><T40/><D36/><U64/><E108/><V69/><F77/><W122/><G122/><T30/><D129/><U126/><E39/><V92/><F106/><W16/><G132/><T4/><D30/><U33/><E103/><V41/><F41/><N who="0" m="15946" /><D105/><U52/><E14/><V28/><F71/><W6/><G6/><T115/><D134/><U24/><REACH who="1" step="1"/><E35/><REACH who="1" ten="406,120,270,194" step="2"/><V1/><F1/><W66/><G113/><T62/><D114/><U31/><E31/><V118/><F12/><N who="3" m="9351" /><G66/><T94/><D115/><U55/><E55/><V74/><F15/><W111/><G111/><T116/><D116/><U26/><E26/><V100/><F118/><W93/><G42/><T119/><D119/><U22/><AGARI ba="0,1" hai="13,19,22,24,29,33,45,50,52,59,63,64,124,126" machi="22" ten="30,4000,0" yaku="1,1,0,1,54,1,53,0" doraHai="85" doraHaiUra="73" who="1" fromWho="1" sc="406,-10,120,50,270,-20,194,-10" /><INIT seed="7,0,0,1,5,92" ten="396,170,250,184" oya="3" hai0="132,14,75,19,85,93,66,59,31,43,108,4,45" hai1="20,70,35,87,81,27,97,128,125,110,37,104,71" hai2="116,111,38,103,123,83,119,24,26,51,58,44,46" hai3="13,50,25,118,107,90,127,67,8,102,11,57,124"/><W18/><G118/><T94/><D75/><U68/><E37/><V131/><F111/><W109/><G109/><T115/><D108/><U79/><E110/><V61/><F38/><W21/><G11/><T12/><D31/><U121/><E121/><V114/><F114/><W117/><G117/><T9/><D132/><U133/><E133/><V33/><F33/><W23/><G23/><N who="0" m="11751" /><D115/><U77/><E125/><V3/><F3/><W98/><G90/><T84/><D66/><U40/><E40/><V74/><F103/><W28/><G50/><N who="0" m="26943" /><D59/><U91/><E128/><V106/><F58/><W39/><G39/><T62/><D62/><U101/><REACH who="1" step="1"/><E35/><REACH who="1" ten="396,160,250,184" step="2"/><V34/><F34/><W5/><G67/><T96/><D94/><U129/><E129/><V100/><F131/><W65/><G65/><T36/><D36/><U56/><E56/><V120/><F123/><W64/><G64/><T48/><D48/><U76/><E76/><V88/><F51/><W80/><G57/><T0/><D0/><U6/><E6/><V15/><F120/><W122/><G122/><T29/><D29/><AGARI ba="0,1" hai="20,27,29,68,70,71,77,79,81,87,91,97,101,104" machi="29" ten="40,2600,0" yaku="1,1,52,1,53,0" doraHai="92" doraHaiUra="10" who="1" fromWho="0" sc="396,-26,160,36,250,0,184,0" owari="370,47.0,196,-20.0,250,5.0,184,-32.0" /></mjloggm>