<mjloggm ver="2.3"><GO type="169" lobby="0"/><UN n0="%E3%83%AC%E3%83%9F%E3%83%AA%E3%82%A2%E3%81%AF%E4%BF%BA%E3%81%AE%E5%AB%81" n1="%E3%82%A6%E3%83%AB%E3%83%88%E3%83%A9%E7%AB%8B%E7%9B%B4" n2="%E3%82%89%E3%81%8F%E3%81%A0%EF%BC%90%EF%BC%91%EF%BC%90%EF%BC%99" n3="%79%61%6D%69" dan="16,17,16,18" rate="2050.25,2181.21,2124.17,2212.18" sx="M,M,M,M"/><TAIKYOKU oya="0"/><INIT seed="0,0,0,4,5,36" ten="250,250,250,250" oya="0" hai0="120,115,42,113,51,33,15,16,19,52,114,22,30" hai1="48,91,79,98,24,89,82,73,32,18,96,108,50" hai2="4,118,0,26,69,125,130,78,100,9,67,58,83" hai3="95,66,129,14,59,57,72,8,121,13,65,45,85"/><T38/><D120/><U46/><E108/><V124/><F118/><W61/><G72/><T80/><D33/><U127/><E127/><N who="2" m="48715" /><F130/><W11/><G121/><T7/><D30/><U131/><E131/><V103/><F69/><W132/><G129/><T119/><D119/><U6/><E6/><V3/><F3/><W75/><G75/><T64/><D64/><U94/><E50/><V102/><F26/><W93/><G45/><T87/><D7/><U88/><E96/><V23/><F23/><W77/><G77/><T71/><D71/><U39/><E39/><V105/><F105/><W60/><REACH who="3" step="1"/><G85/><REACH who="3" ten="250,250,250,240" step="2"/><T34/><D87/><U31/><REACH who="1" step="1"/><E18/><REACH who="1" ten="250,240,250,240" step="2"/><V43/><F4/><W84/><G84/><T117/><D19/><U126/><E126/><V68/><F0/><W110/><G110/><T116/><D116/><U40/><AGARI ba="0,2" hai="24,31,32,40,46,48,73,79,82,88,89,91,94,98" machi="40" ten="20,8000,1" yaku="1,1,0,1,7,1,52,1,54,1,53,0" doraHai="36" doraHaiUra="35" who="1" fromWho="1" sc="250,-40,240,100,250,-20,240,-20" /><INIT seed="1,0,0,3,5,121" ten="210,340,230,220" oya="1" hai0="127,31,52,42,80,67,36,131,25,86,96,65,110" hai1="13,134,85,14,79,133,64,28,119,123,114,0,120" hai2="4,106,135,50,88,99,75,15,21,92,30,11,1" hai3="83,32,82,41,5,97,81,47,66,128,48,49,71"/><U132/><E119/><V56/><F75/><W43/><G128/><T8/><D131/><U76/><E114/><V77/><F135/><W70/><G32/><T12/><D110/><U107/><E107/><V34/><F106/><W58/><G5/><T17/><D127/><U87/><E28/><V37/><F77/><N who="1" m="29769" /><E64/><V112/><F37/><W24/><G24/><T3/><D3/><U27/><E27/><V95/><F112/><W16/><G97/><T55/><D96/><U104/><E104/><V10/><F34/><W54/><G66/><N who="0" m="25099" /><D42/><U69/><E69/><V105/><F105/><W61/><REACH who="3" step="1"/><G16/><REACH who="3" ten="210,340,230,210" step="2"/><T103/><D25/><U26/><E26/><V6/><F30/><W59/><G59/><T108/><D31/><U74/><E0/><V40/><F21/><W39/><G39/><T46/><D36/><U124/><E124/><V2/><F2/><W7/><G7/><T91/><D17/><U53/><E14/><V115/><F115/><W101/><G101/><T33/><D33/><U113/><E13/><V72/><F56/><W100/><G100/><T68/><D68/><U63/><E113/><V129/><F129/><W116/><G116/><T60/><D103/><U94/><E123/><V35/><F35/><W130/><G130/><T118/><D118/><U78/><E120/><V19/><F19/><W20/><G20/><T117/><D117/><U98/><E134/><V73/><F1/><W57/><G57/><T38/><D38/><U9/><E133/><V44/><F95/><W109/><G109/><T29/><D108/><U126/><E132/><V111/><F111/><RYUUKYOKU ba="0,1" sc="210,-15,340,-15,230,15,210,15" hai2="4,6,10,11,15,40,44,50,72,73,88,92,99" hai3="41,43,47,48,49,54,58,61,70,71,81,82,83" /><INIT seed="2,1,1,0,5,44" ten="195,325,245,225" oya="2" hai0="64,49,29,12,67,110,55,116,122,87,85,32,95" hai1="102,41,114,104,63,38,66,75,69,101,106,79,71" hai2="13,15,56,57,2,134,22,126,73,68,36,31,128" hai3="96,16,74,127,1,115,89,81,39,59,119,26,61"/><V52/><F68/><W91/><G39/><T60/><D122/><U65/><E114/><V0/><F36/><W23/><G1/><T92/><D110/><U133/><E133/><V10/><F73/><W19/><G119/><T7/><D116/><U103/><E41/><V27/><F134/><W30/><G115/><T4/><D32/><U105/><E38/><V47/><F128/><W132/><G127/><T51/><D29/><U72/><E79/><V3/><F126/><W70/><G70/><T25/><D25/><U97/><REACH who="1" step="1"/><E97/><REACH who="1" ten="195,315,245,225" step="2"/><V98/><F98/><W17/><G132/><T21/><D21/><U111/><E111/><V107/><F107/><W94/><G74/><T112/><D112/><U77/><E77/><V40/><F10/><W83/><REACH who="3" step="1"/><G91/><REACH who="3" ten="195,315,245,215" step="2"/><T78/><D78/><U35/><E35/><V93/><F0/><W121/><G121/><T113/><D113/><U54/><E54/><AGARI ba="1,3" hai="16,17,19,23,26,30,54,59,61,81,83,89,94,96" machi="54" ten="40,5200,0" yaku="1,1,8,1,54,1,53,0" doraHai="44" doraHaiUra="8" who="3" fromWho="1" sc="195,0,315,-55,245,0,215,85" /><INIT seed="3,0,0,2,2,84" ten="195,260,245,300" oya="3" hai0="92,32,11,76,111,109,19,28,6,66,83,29,70" hai1="113,135,54,127,80,98,79,30,119,31,24,21,40" hai2="132,123,8,81,121,41,114,20,52,39,14,82,86" hai3="126,50,71,130,133,33,99,15,67,120,59,93,53"/><W38/><G33/><T131/><D131/><U17/><E119/><V9/><F114/><W16/><G120/><N who="2" m="46153" /><F132/><W4/><G133/><T27/><D70/><U3/><E135/><V100/><F100/><W7/><G130/><T55/><D66/><U85/><E113/><V56/><F39/><W122/><G122/><T48/><D19/><U36/><E127/><V10/><F41/><W73/><G73/><T0/><D29/><U112/><E112/><V77/><F82/><W1/><G1/><T78/><D92/><U110/><E110/><N who="0" m="41993" /><D83/><U117/><E117/><V129/><F20/><W42/><G126/><T74/><D74/><U60/><E3/><V23/><F23/><W94/><G71/><T69/><D69/><U57/><E36/><V90/><F129/><W65/><G67/><T58/><AGARI ba="0,0" hai="0,6,11,27,28,32,48,55,58,76,78" m="41993" machi="58" ten="30,1100,0" yaku="14,1" doraHai="84" who="0" fromWho="0" sc="195,11,260,-3,245,-3,300,-5" /><INIT seed="4,0,0,2,4,13" ten="206,257,242,295" oya="0" hai0="24,71,8,43,121,64,77,19,3,58,42,98,0" hai1="74,7,75,48,16,130,5,81,129,87,100,20,12" hai2="126,76,116,120,119,29,26,36,92,52,124,101,93" hai3="80,47,60,99,1,54,4,78,96,44,95,73,67"/><T122/><D71/><U21/><E100/><V22/><F36/><W40/><G54/><T17/><D0/><U50/><E21/><V6/><F120/><W32/><G32/><T109/><D3/><U72/><E50/><V25/><F6/><W114/><G114/><T28/><D122/><U33/><E48/><V88/><F76/><W59/><G95/><T111/><D8/><U61/><E61/><V38/><F38/><N who="3" m="21527" /><G47/><T125/><D77/><U2/><E33/><V68/><F68/><W9/><AGARI ba="0,0" hai="1,4,9,59,60,67,73,78,80,96,99" m="21527" machi="9" ten="30,1100,0" yaku="25,1" doraHai="13" who="3" fromWho="3" sc="206,-5,257,-3,242,-3,295,11" /><INIT seed="5,0,0,0,2,8" ten="201,254,239,306" oya="1" hai0="82,75,91,50,2,4,68,69,94,72,32,117,97" hai1="15,19,23,113,100,53,112,92,20,10,115,60,66" hai2="95,26,73,84,37,6,77,41,65,21,71,111,119" hai3="25,89,51,18,81,102,17,42,76,88,83,48,35"/><U64/><E53/><V61/><F111/><W11/><G102/><T118/><D32/><U74/><E74/><V104/><F104/><W127/><G127/><T45/><D2/><U36/><E36/><V85/><F119/><W93/><G76/><T122/><D4/><U134/><E134/><V16/><F6/><W124/><G124/><T128/><D69/><U57/><REACH who="1" step="1"/><E66/><REACH who="1" ten="201,244,239,306" step="2"/><V43/><F37/><W24/><G42/><T130/><D118/><U13/><E13/><V58/><F73/><W96/><G25/><T125/><D117/><U0/><E0/><V106/><F43/><W28/><G24/><T120/><D125/><U22/><E22/><V52/><F41/><W30/><G35/><T34/><D34/><U63/><E63/><V49/><F77/><W47/><G51/><T78/><D75/><U123/><E123/><V129/><F129/><W108/><G48/><T116/><D116/><U3/><E3/><V135/><F135/><W133/><G133/><T80/><D128/><U44/><E44/><V7/><F49/><W87/><G47/><T114/><D130/><U39/><E39/><V59/><F21/><W56/><G108/><T5/><D122/><U38/><E38/><V40/><F61/><W86/><G11/><T46/><D120/><U31/><E31/><V132/><F40/><W105/><G30/><T110/><D110/><U54/><E54/><V109/><F52/><W121/><G28/><T9/><D45/><U99/><AGARI ba="0,1" hai="10,15,19,20,23,57,60,64,92,99,100,112,113,115" machi="99" ten="40,12000,1" yaku="1,1,0,1,15,1,52,1,53,1" doraHai="8" doraHaiUra="55" who="1" fromWho="1" sc="201,-40,244,130,239,-40,306,-40" /><INIT seed="5,1,0,0,2,67" ten="161,374,199,266" oya="1" hai0="71,47,85,59,10,118,108,28,38,49,120,64,125" hai1="81,26,131,57,37,87,92,13,34,44,88,74,100" hai2="122,130,69,77,65,4,134,63,55,135,17,86,84" hai3="97,36,129,22,116,25,109,8,5,66,107,113,80"/><U6/><E131/><V117/><F122/><W115/><G36/><T104/><D108/><U33/><E57/><V123/><F123/><W79/><G66/><T54/><D118/><U70/><E70/><V105/><F105/><W50/><G109/><T121/><D104/><U91/><E100/><V3/><F117/><W11/><G50/><T133/><D28/><U124/><E124/><V114/><F114/><N who="3" m="43531" /><G129/><T60/><D85/><U78/><E91/><V40/><F130/><W12/><G116/><T101/><D101/><U72/><E74/><V112/><F112/><W2/><G97/><T0/><D125/><U51/><E37/><V9/><F40/><W75/><G107/><T56/><D56/><U96/><E26/><V102/><F102/><W132/><G132/><N who="2" m="50729" /><F77/><W127/><G127/><T29/><D29/><U53/><REACH who="1" step="1"/><E72/><REACH who="1" ten="161,364,199,266" step="2"/><V58/><F17/><W95/><G75/><T103/><D103/><U42/><E42/><V41/><F41/><W46/><G46/><T73/><D73/><U16/><E16/><V89/><F89/><W82/><G79/><T111/><D133/><U43/><E43/><V90/><F90/><W68/><G68/><T61/><D111/><U99/><E99/><V62/><AGARI ba="1,1" hai="3,4,9,55,58,62,63,65,69,84,86" m="50729" machi="62" ten="30,2000,0" yaku="20,1,52,1" doraHai="67" who="2" fromWho="2" sc="161,-6,364,-11,199,33,266,-6" /><INIT seed="6,0,0,5,3,76" ten="155,353,232,260" oya="2" hai0="91,86,74,52,113,27,14,110,71,53,89,101,87" hai1="60,119,102,68,65,6,84,7,40,90,120,131,83" hai2="47,73,130,22,123,39,88,95,30,79,18,64,72" hai3="63,115,82,41,28,70,129,66,58,92,20,4,125"/><V33/><F123/><W37/><G4/><T67/><D74/><U54/><E119/><V11/><F130/><W42/><G37/><T44/><D110/><U77/><E131/><V132/><F132/><W59/><G70/><T98/><D113/><U121/><E102/><V117/><F117/><W122/><G122/><N who="1" m="47210" /><E40/><V31/><F33/><W43/><G129/><T108/><D108/><U134/><E134/><V9/><F64/><W15/><G125/><T10/><D27/><U128/><E128/><V23/><F23/><W17/><G115/><T46/><D71/><U13/><E13/><V48/><F39/><W107/><G107/><T81/><D67/><U111/><E111/><V99/><F72/><W36/><G36/><T32/><D32/><U8/><E8/><N who="2" m="3147" /><F79/><W0/><G0/><T127/><D127/><U133/><E133/><V105/><F73/><W34/><G34/><T26/><D26/><U1/><E1/><V114/><F105/><W38/><G38/><T16/><D98/><U35/><E35/><V19/><F114/><W24/><G66/><T118/><D101/><U106/><E106/><V97/><F97/><W94/><G20/><T104/><D104/><U29/><E77/><V62/><F62/><W56/><G63/><T25/><D25/><U96/><E96/><V80/><F22/><W75/><G75/><T50/><D118/><U100/><E100/><V57/><F31/><W45/><G28/><T49/><D87/><U69/><E29/><V78/><F30/><W2/><G2/><T61/><D61/><N who="1" m="39983" /><E69/><V126/><F99/><W109/><G109/><RYUUKYOKU ba="0,0" sc="155,15,353,15,232,-15,260,-15" hai0="10,14,16,44,46,49,50,52,53,81,86,89,91" hai1="6,7,54,60,83,84,90" /><INIT seed="7,1,0,3,5,17" ten="170,368,217,245" oya="3" hai0="106,30,62,29,56,97,54,58,105,11,129,22,88" hai1="84,111,49,31,107,76,122,104,81,124,24,6,85" hai2="70,16,25,135,69,75,34,61,71,114,121,1,131" hai3="87,43,8,36,50,52,93,128,38,119,26,14,116"/><W125/><G125/><T33/><D129/><U47/><E111/><V89/><F75/><W95/><G128/><T108/><D108/><U42/><E122/><V86/><F1/><W20/><G116/><T55/><D33/><U91/><E6/><V134/><F131/><W37/><G43/><T103/><D11/><U35/><E124/><V72/><F72/><W57/><G119/><T101/><D88/><U12/><E12/><V110/><F110/><W21/><G87/><T66/><D66/><U68/><E68/><V79/><F79/><W48/><G48/><T99/><REACH who="0" step="1"/><D22/><REACH who="0" ten="160,368,217,245" step="2"/><U123/><E123/><V60/><F121/><W4/><G20/><T96/><D96/><U132/><E132/><N who="2" m="50731" /><F114/><W46/><G21/><T41/><D41/><U40/><E40/><V59/><F34/><W32/><G95/><AGARI ba="1,1" hai="24,31,35,42,47,49,76,81,84,85,91,95,104,107" machi="95" ten="30,1000,0" yaku="7,1" doraHai="17" who="1" fromWho="3" sc="160,0,368,23,217,0,245,-13" owari="160,-34.0,391,49.0,217,-18.0,232,3.0" /></mjloggm>