<mjloggm ver="2.3"><GO type="169" lobby="0"/><UN n0="%E7%A9%B6%E6%A5%B5%41%49" n1="%E6%9A%B4%E8%B5%B0%E5%A6%84%E6%83%B3" n2="%E5%BB%83%E4%BA%BA%E9%81%94%E9%9B%86%E5%90%88" n3="%E3%83%88%E3%83%88%E3%83%AA%E5%85%88%E7%94%9F%31%39%E6%AD%B3" dan="16,18,16,18" rate="2044.58,2229.07,2113.42,2284.68" sx="M,M,M,F"/><TAIKYOKU oya="0"/><INIT seed="0,0,0,1,1,39" ten="250,250,250,250" oya="0" hai0="118,41,32,79,125,115,104,33,81,75,12,15,128" hai1="1,47,80,3,88,49,96,57,129,42,61,74,14" hai2="82,5,133,127,113,91,45,108,38,51,34,76,11" hai3="48,114,69,31,122,71,54,16,62,73,72,117,70"/><T55/><D118/><U65/><E129/><V105/><F113/><W66/><G114/><T100/><D115/><U134/><E134/><V78/><F133/><W131/><G117/><T116/><D116/><U13/><E74/><V8/><F105/><W106/><G106/><T99/><D128/><U53/><E1/><V84/><F34/><W63/><G131/><T25/><D125/><U90/><E3/><V83/><F127/><W0/><G0/><T67/><D67/><U24/><E24/><V27/><F38/><W35/><G122/><T77/><D77/><U26/><E26/><V94/><F27/><W103/><G103/><T85/><D75/><U64/><E64/><V40/><F108/><W121/><G31/><T9/><D55/><U120/><E120/><V52/><F78/><W22/><G35/><T28/><D15/><N who="1" m="5643" /><E80/><V29/><F29/><W123/><G72/><T2/><D2/><U59/><E96/><V6/><F83/><W132/><G73/><T43/><REACH who="0" step="1"/><D33/><REACH who="0" ten="240,250,250,250" step="2"/><U135/><E135/><V21/><F5/><AGARI ba="0,1" hai="5,9,12,25,28,32,41,43,79,81,85,99,100,104" machi="5" ten="30,12000,1" yaku="1,1,2,1,7,1,52,2,53,0" doraHai="39" doraHaiUra="46" who="0" fromWho="2" sc="240,130,250,0,250,-120,250,0" /><INIT seed="0,1,0,1,2,49" ten="370,250,130,250" oya="0" hai0="120,119,72,86,74,73,123,133,18,42,20,69,15" hai1="50,39,31,11,84,55,51,46,0,101,17,16,121" hai2="27,115,25,67,13,107,2,30,131,53,102,14,76" hai3="33,5,40,125,110,85,127,83,45,135,7,78,91"/><T106/><D119/><U98/><E39/><V108/><F115/><W88/><G33/><T29/><D69/><U95/><E121/><V124/><F2/><W47/><G110/><T129/><D106/><U4/><E31/><V116/><F108/><W118/><G118/><T89/><D133/><U61/><E61/><V60/><F116/><W54/><G135/><T66/><D129/><U38/><E38/><V8/><F27/><W81/><G40/><T35/><D66/><U34/><E34/><V48/><F76/><W64/><G64/><T21/><D35/><U99/><E84/><V92/><F107/><W37/><G37/><T96/><D96/><U44/><REACH who="1" step="1"/><E99/><REACH who="1" ten="370,240,130,250" step="2"/><V113/><F30/><W52/><G78/><T26/><REACH who="0" step="1"/><D42/><AGARI ba="1,1" hai="0,4,11,16,17,42,44,46,50,51,55,95,98,101" machi="42" ten="30,8000,1" yaku="1,1,2,1,7,1,52,1,54,1,53,0" doraHai="49" doraHaiUra="68" who="1" fromWho="0" sc="370,-83,240,93,130,0,250,0" /><INIT seed="1,0,0,4,3,82" ten="287,333,130,250" oya="1" hai0="16,52,46,6,122,117,24,34,9,42,112,79,114" hai1="133,28,87,73,71,8,91,66,51,69,89,86,121" hai2="118,90,19,65,63,7,134,57,40,72,3,103,10" hai3="75,106,21,107,101,113,116,56,39,30,41,92,38"/><U1/><E73/><V131/><F72/><W0/><G113/><T13/><D117/><U61/><E121/><V55/><F118/><W135/><G0/><T68/><D68/><U129/><E129/><V132/><F131/><W83/><G135/><T84/><D122/><U108/><E133/><V50/><F103/><W29/><G75/><T85/><D52/><U31/><E51/><V105/><F105/><W14/><G83/><T44/><D44/><U93/><E71/><V99/><F40/><W33/><G14/><T58/><D58/><U26/><E108/><V22/><F50/><W43/><G56/><T102/><D102/><U95/><E26/><V81/><F65/><W76/><G101/><T130/><D130/><U48/><E48/><V70/><F70/><W128/><G21/><T110/><D110/><U17/><E17/><V35/><F35/><W111/><G128/><T59/><D59/><U36/><E36/><V125/><F125/><W126/><G33/><T25/><D25/><U27/><E27/><V23/><F23/><W15/><G111/><T18/><D18/><U98/><E98/><V97/><F134/><W100/><G39/><T37/><D79/><U4/><AGARI ba="0,0" hai="1,4,8,28,31,61,66,69,86,87,89,91,93,95" machi="4" ten="30,11700,0" yaku="0,1,9,1,52,2" doraHai="82" who="1" fromWho="1" sc="287,-39,333,117,130,-39,250,-39" /><INIT seed="1,1,0,3,0,117" ten="248,450,91,211" oya="1" hai0="60,1,27,77,79,111,94,122,132,30,5,110,118" hai1="44,7,22,72,89,74,133,123,127,82,134,49,107" hai2="75,41,53,10,58,11,93,50,6,113,106,15,108" hai3="116,4,16,42,12,24,48,67,13,103,63,125,35"/><U104/><E7/><V25/><F106/><N who="1" m="40489" /><E22/><V66/><F75/><N who="1" m="28713" /><E44/><V65/><F113/><W61/><G125/><T124/><D118/><U101/><E49/><V95/><F41/><W120/><G120/><T3/><D124/><U90/><E127/><V33/><F33/><W86/><G103/><T36/><D36/><U114/><E114/><V76/><F76/><N who="0" m="29258" /><D132/><N who="1" m="50795" /><E101/><V39/><F39/><W19/><G116/><T68/><D5/><U92/><E123/><V105/><F105/><W18/><G4/><T0/><D122/><U80/><E92/><V81/><F95/><W121/><G121/><T32/><D94/><U45/><E45/><V34/><F93/><W73/><G48/><T62/><D3/><U69/><E69/><V47/><F11/><W84/><G42/><T26/><D1/><U38/><E38/><V55/><F65/><W130/><G73/><T37/><D0/><U28/><E28/><V109/><F66/><W129/><G67/><T71/><D37/><U2/><E2/><V43/><F43/><W21/><G19/><T100/><D100/><U70/><E70/><V112/><F112/><W78/><G21/><N who="0" m="15695" /><D71/><U14/><E14/><V87/><F34/><W57/><G35/><T135/><D68/><U8/><E8/><V96/><F25/><W128/><G24/><T126/><D126/><U56/><E56/><V115/><F115/><W9/><G57/><T97/><D135/><U119/><E119/><V54/><F58/><W59/><G59/><T52/><D27/><U17/><E17/><V131/><F6/><W88/><G18/><T98/><D32/><RYUUKYOKU ba="1,0" sc="248,-10,450,30,91,-10,211,-10" hai1="80,82,89,90" /><INIT seed="1,2,0,5,0,53" ten="238,480,81,201" oya="1" hai0="17,104,48,47,66,57,89,103,68,6,117,92,7" hai1="40,50,56,23,91,32,110,121,74,45,27,59,3" hai2="86,43,33,16,41,107,118,119,83,93,54,14,37" hai3="9,79,127,109,44,101,28,87,100,102,42,4,70"/><U94/><E74/><V63/><F107/><W99/><G109/><T26/><D68/><U114/><E32/><V90/><F33/><W120/><G120/><T25/><D104/><U134/><E3/><V22/><F37/><W128/><G70/><T65/><D103/><U95/><E114/><V88/><F119/><W58/><G128/><T108/><D117/><U115/><E115/><V36/><F36/><W135/><G135/><T39/><D39/><U49/><E121/><V105/><F105/><W113/><G113/><T122/><D122/><U71/><E71/><V20/><F118/><W76/><G127/><T21/><D26/><U73/><E73/><V84/><F22/><W34/><G99/><T80/><D80/><U5/><E5/><N who="0" m="1545" /><D108/><U82/><E134/><V29/><F29/><W10/><G10/><T85/><D57/><AGARI ba="2,0" hai="14,16,20,41,43,54,57,63,83,84,86,88,90,93" machi="57" ten="40,8000,1" yaku="8,1,52,1,54,2" doraHai="53" who="2" fromWho="0" sc="238,-86,480,0,81,86,201,0" /><INIT seed="2,0,0,1,4,10" ten="152,480,167,201" oya="2" hai0="91,4,23,58,5,117,13,49,7,15,133,67,99" hai1="78,22,118,127,42,122,92,108,114,120,111,81,61" hai2="33,34,134,55,16,77,27,82,3,29,59,70,45" hai3="9,32,74,93,37,17,56,1,87,60,8,53,90"/><V26/><F70/><W51/><G32/><T94/><D133/><U0/><E0/><V112/><F3/><W83/><G37/><T132/><D132/><U20/><E42/><V85/><F134/><W50/><G1/><T135/><D135/><U86/><E127/><V69/><F69/><W124/><G124/><T131/><D131/><U57/><E92/><V47/><F112/><W38/><G38/><T96/><D117/><U101/><E101/><V103/><F103/><W128/><G128/><T110/><D110/><N who="1" m="42027" /><E118/><V19/><F34/><W11/><G74/><T121/><D121/><N who="1" m="46699" /><E114/><V104/><F104/><W100/><G100/><T84/><D23/><U14/><E14/><N who="0" m="5129" /><D67/><AGARI ba="0,0" hai="20,22,57,61,67,78,81,86" m="46699,42027" machi="67" ten="30,2000,0" yaku="14,1,13,1" doraHai="10" who="1" fromWho="0" sc="152,-20,480,20,167,0,201,0" /><INIT seed="3,0,0,1,1,97" ten="132,500,167,201" oya="3" hai0="43,30,98,19,8,67,23,117,83,80,128,74,104" hai1="134,102,26,73,29,42,28,11,21,95,129,34,68" hai2="38,133,12,6,85,131,45,15,115,125,121,44,109" hai3="32,110,5,76,46,101,58,9,36,79,94,27,20"/><W55/><G32/><T61/><D117/><U22/><E68/><V17/><F121/><W130/><G130/><T114/><D128/><U63/><E73/><V13/><F131/><W71/><G71/><T70/><D114/><U105/><E105/><V96/><F115/><W10/><G110/><T54/><D43/><U88/><E63/><V106/><F109/><W52/><G36/><T53/><D30/><U65/><E65/><V14/><F133/><W120/><G120/><T47/><D8/><U87/><E42/><V108/><F125/><W93/><G46/><T31/><D31/><U57/><E57/><V92/><F108/><W77/><G55/><T135/><D135/><U126/><E126/><V0/><F0/><W112/><G112/><T62/><D54/><U41/><E41/><V64/><F64/><W82/><G82/><T72/><D83/><N who="1" m="49279" /><E134/><V91/><F6/><W51/><G5/><T103/><D80/><U124/><E124/><V78/><F38/><W90/><G94/><T122/><D122/><U86/><E129/><V2/><F2/><W24/><G24/><T59/><REACH who="0" step="1"/><D47/><REACH who="0" ten="122,500,167,201" step="2"/><U3/><E34/><V48/><F45/><W127/><G127/><T25/><AGARI ba="0,1" hai="19,23,25,53,59,61,62,67,70,72,74,98,103,104" machi="25" ten="20,12000,2" yaku="1,1,2,1,0,1,7,1,52,1,53,2" doraHai="97" doraHaiUra="107" who="0" fromWho="0" sc="122,130,500,-30,167,-30,201,-60" /><INIT seed="4,0,0,4,4,0" ten="252,470,137,141" oya="0" hai0="85,108,58,59,64,100,49,63,99,18,91,4,60" hai1="28,48,53,32,71,113,111,12,45,54,115,44,26" hai2="50,118,73,6,33,10,89,43,66,2,23,117,36" hai3="97,9,79,102,124,103,56,42,74,31,41,120,83"/><T81/><D108/><U67/><E111/><V86/><F73/><W30/><G124/><T15/><D49/><N who="1" m="28839" /><E12/><V78/><F33/><W104/><G120/><T82/><D4/><U77/><E77/><V69/><F78/><W21/><G103/><T93/><D15/><U114/><E67/><V22/><F50/><W25/><G31/><T92/><REACH who="0" step="1"/><D18/><REACH who="0" ten="242,470,137,141" step="2"/><U46/><E46/><V112/><F23/><W88/><G9/><T27/><D27/><U70/><AGARI ba="0,1" hai="26,28,32,45,48,54,70,71,113,114,115" m="28839" machi="70" ten="40,2700,0" yaku="15,1,11,1" doraHai="0" who="1" fromWho="1" sc="242,-13,470,37,137,-7,141,-7" /><INIT seed="5,0,0,4,0,70" ten="229,507,130,134" oya="1" hai0="135,46,105,0,104,127,66,73,123,130,89,27,36" hai1="119,53,58,78,15,71,126,84,86,110,9,2,69" hai2="111,131,64,96,17,57,79,37,47,100,93,74,87" hai3="51,76,25,1,103,41,56,60,67,59,88,22,16"/><U68/><E119/><V38/><F111/><W120/><G120/><T115/><RYUUKYOKU type="yao9" ba="0,0" sc="229,0,507,0,130,0,134,0" hai0="0,27,36,46,66,73,89,104,105,115,123,127,130,135" /><INIT seed="5,1,0,2,4,77" ten="229,507,130,134" oya="1" hai0="57,21,42,73,2,27,14,75,1,127,99,126,102" hai1="53,118,29,13,20,61,45,106,107,104,103,129,3" hai2="43,8,47,131,114,51,38,4,119,70,91,0,74" hai3="80,30,116,28,86,66,68,15,135,40,78,56,101"/><U58/><E118/><V37/><F119/><W33/><G116/><T44/><D14/><U123/><E3/><V60/><F131/><W36/><G68/><T97/><D57/><U88/><E129/><V46/><F114/><W93/><G33/><T17/><D2/><U122/><E103/><V5/><F5/><W128/><G128/><T111/><D1/><U109/><E109/><V32/><F91/><W120/><G135/><T115/><D111/><U59/><E45/><V105/><F105/><W9/><G120/><T125/><D115/><U52/><E29/><V50/><F32/><W81/><G40/><T130/><D130/><U23/><E88/><V133/><F133/><W89/><G36/><N who="0" m="21575" /><D99/><U64/><E64/><V41/><F74/><W84/><G66/><AGARI ba="1,0" hai="0,4,8,37,38,41,43,46,47,50,51,60,66,70" machi="66" ten="40,1300,0" yaku="9,1" doraHai="77" who="2" fromWho="3" sc="229,0,507,0,130,16,134,-16" /><INIT seed="6,0,0,5,5,14" ten="229,507,146,118" oya="2" hai0="45,113,61,62,56,39,134,49,1,47,57,46,68" hai1="99,54,67,21,48,0,52,118,35,32,103,115,12" hai2="4,90,55,69,120,29,105,16,87,96,102,85,78" hai3="17,95,98,63,11,75,133,28,73,112,129,83,19"/><V109/><F69/><W6/><G129/><T36/><D1/><U5/><E0/><V34/><F4/><W86/><G133/><T121/><D121/><U44/><E67/><V64/><F120/><W104/><G104/><T23/><D23/><U106/><E118/><V7/><F7/><W27/><G112/><T3/><D3/><U127/><E127/><V43/><F64/><W135/><G135/><T38/><D134/><U59/><E115/><V51/><F43/><W37/><G37/><T13/><D13/><U132/><E132/><V110/><F78/><N who="3" m="46455" /><G75/><T2/><D2/><U114/><E114/><V131/><F131/><W71/><G73/><T81/><D81/><U76/><E76/><V119/><F119/><W130/><G71/><T93/><D93/><U116/><E116/><V77/><F77/><W128/><G63/><N who="0" m="24075" /><D68/><U65/><E65/><V24/><F90/><N who="3" m="55671" /><G128/><T80/><D80/><U66/><E66/><V91/><F91/><W123/><G123/><T40/><D113/><U94/><E106/><V15/><F110/><W92/><G130/><T31/><D31/><U97/><E97/><V18/><F109/><W42/><G42/><T124/><D124/><U26/><E35/><V125/><F125/><W126/><G126/><T111/><D111/><U74/><E32/><V79/><F79/><W117/><G117/><T41/><D49/><N who="1" m="28711" /><E74/><V8/><REACH who="2" step="1"/><F18/><REACH who="2" ten="229,507,136,118" step="2"/><W100/><G6/><T82/><D82/><U84/><E5/><V70/><F70/><W53/><G17/><T122/><D122/><U101/><E101/><V10/><F10/><W20/><G11/><RYUUKYOKU ba="0,1" sc="229,15,507,-15,136,15,118,-15" hai0="36,38,39,40,41,45,46,47,56,57" hai2="8,15,16,24,29,34,51,55,85,87,96,102,105" /><INIT seed="6,1,1,2,4,40" ten="244,492,151,103" oya="2" hai0="76,78,10,133,53,57,8,68,117,21,0,64,63" hai1="84,35,45,11,14,24,74,59,48,37,79,97,122" hai2="102,12,49,106,1,126,73,66,112,4,36,56,92" hai3="127,7,47,94,75,111,116,27,93,130,15,19,44"/><V13/><F36/><W26/><G111/><T118/><D133/><U52/><E74/><V30/><F73/><W67/><G75/><T58/><D21/><U55/><E37/><V96/><F30/><W91/><G116/><N who="0" m="44651" /><D68/><U86/><E122/><V61/><F126/><W72/><G72/><T3/><D10/><U128/><E128/><V108/><F108/><W17/><G127/><T99/><D99/><U77/><E35/><V34/><F34/><W114/><G130/><T32/><D32/><U51/><E24/><N who="3" m="9258" /><G67/><T25/><D25/><U28/><E97/><V33/><F33/><W121/><G121/><T18/><D18/><N who="3" m="6665" /><G114/><T101/><D101/><U50/><E50/><V54/><F112/><W134/><G134/><T125/><D125/><U41/><E41/><V62/><F106/><W98/><G94/><T123/><D123/><U129/><E129/><V95/><F95/><W6/><G6/><N who="0" m="1095" /><D3/><U23/><E23/><V83/><F1/><W65/><G65/><T104/><D104/><U9/><E28/><V81/><F4/><W132/><G132/><T135/><D135/><U71/><E71/><V80/><REACH who="2" step="1"/><F62/><AGARI ba="1,1" hai="53,57,58,62,63,64,76,78" m="1095,44651" machi="62" ten="30,1000,0" yaku="12,1" doraHai="40" who="0" fromWho="2" sc="244,23,492,0,151,-13,103,0" /><INIT seed="7,0,0,3,4,75" ten="267,492,138,103" oya="3" hai0="85,115,65,84,86,77,105,13,5,26,94,40,59" hai1="113,112,131,43,91,31,62,37,109,44,133,119,4" hai2="52,56,58,106,95,7,21,97,98,78,49,24,2" hai3="28,103,108,39,104,80,130,66,38,87,120,48,82"/><W0/><G120/><T20/><D105/><U129/><E91/><V81/><F106/><W32/><G0/><T41/><D115/><N who="1" m="44107" /><E31/><V121/><F121/><W101/><G130/><N who="1" m="49674" /><E4/><V128/><F128/><W46/><G108/><T23/><D94/><U18/><E18/><V61/><F2/><W90/><G66/><T107/><D107/><U54/><E133/><V67/><F7/><W118/><G118/><T35/><D35/><U19/><E19/><V33/><F33/><W111/><G111/><T14/><D77/><U53/><E109/><V64/><F64/><W42/><G82/><T17/><D5/><U15/><E15/><N who="0" m="5641" /><D23/><U100/><E100/><V11/><F11/><W36/><REACH who="3" step="1"/><G104/><REACH who="3" ten="267,492,138,93" step="2"/><T117/><D117/><U3/><E3/><V70/><F95/><W51/><G51/><T123/><D123/><U45/><E119/><V114/><F114/><W47/><G47/><T102/><D102/><U126/><E126/><V72/><REACH who="2" step="1"/><F70/><REACH who="2" ten="267,492,128,93" step="2"/><W79/><G79/><T135/><D135/><U69/><E45/><V74/><F74/><W27/><AGARI ba="0,2" hai="27,28,32,36,38,39,42,46,48,80,87,90,101,103" machi="27" ten="40,3900,0" yaku="1,1,0,1,53,0" doraHai="75" doraHaiUra="60" who="3" fromWho="3" sc="267,-13,492,-13,128,-13,93,59" /><INIT seed="7,1,0,4,3,23" ten="254,479,115,152" oya="3" hai0="106,110,116,43,78,27,13,97,130,103,118,14,60" hai1="109,87,57,37,58,44,33,66,42,91,67,34,77" hai2="21,25,40,63,51,107,108,105,73,127,98,30,113" hai3="1,119,7,125,68,53,114,89,17,92,15,62,31"/><W47/><G119/><T85/><D110/><U111/><E77/><V100/><F108/><N who="1" m="41545" /><E91/><V69/><F127/><W41/><G114/><T74/><D74/><U83/><E87/><V79/><F107/><W70/><G125/><T115/><D115/><U120/><E83/><V71/><F113/><W29/><G1/><T72/><D72/><U39/><E33/><V124/><F124/><W36/><G7/><T28/><D130/><U126/><E34/><V61/><F71/><W75/><G75/><T80/><D43/><U12/><E12/><V101/><F101/><W82/><G82/><T24/><D60/><U45/><E126/><V8/><F69/><W5/><G5/><T112/><D112/><U49/><E120/><V55/><F40/><W123/><G123/><T0/><D0/><U86/><E86/><V48/><F48/><W46/><G70/><T26/><REACH who="0" step="1"/><D28/><REACH who="0" ten="244,479,115,152" step="2"/><U121/><E121/><V50/><F50/><W64/><G29/><T22/><D22/><U38/><E45/><V9/><F73/><W3/><G46/><T19/><D19/><U54/><E58/><V94/><F79/><W76/><G76/><T56/><D56/><U59/><E59/><V11/><REACH who="2" step="1"/><F105/><REACH who="2" ten="244,479,105,152" step="2"/><W88/><G68/><T95/><D95/><U65/><AGARI ba="1,2" hai="37,38,39,42,44,49,54,57,65,66,67" m="41545" machi="65" ten="30,2000,0" yaku="34,2" doraHai="23" who="1" fromWho="1" sc="244,-6,479,43,105,-6,152,-11" owari="238,4.0,522,62.0,99,-40.0,141,-26.0" /></mjloggm>