<mjloggm ver="2.3"><GO type="97" lobby="0"/><UN n0="%E3%82%A4%E3%82%AB%E5%A8%98" n1="%74%73%75%5F%63%69%74%79" n2="%E5%AE%AE%E6%B0%B8%E7%85%A7%EF%BC%A0%E7%99%BD%E7%B3%B8%E5%8F%B0" n3="%E3%83%88%E3%83%88%E3%83%AA%E5%85%88%E7%94%9F%31%39%E6%AD%B3" dan="14,14,14,15" rate="1905.09,1919.14,1946.70,2021.87" sx="M,M,F,F"/><TAIKYOKU oya="0"/><INIT seed="0,0,0,3,0,98" ten="250,250,250,250" oya="0" hai0="78,119,112,15,108,85,6,127,27,38,29,91,37" hai1="83,43,111,8,26,99,89,60,20,134,130,65,25" hai2="63,94,102,77,44,49,17,24,106,30,41,62,12" hai3="80,56,117,31,107,90,120,125,14,39,133,93,53"/><T19/><D112/><U18/><E134/><V74/><F106/><W21/><G117/><T95/><D119/><U33/><E111/><V73/><F73/><W105/><G39/><T88/><D127/><U75/><E130/><V116/><F116/><W87/><G133/><T72/><D6/><U103/><E43/><V109/><F109/><W55/><G125/><T46/><D108/><U69/><E8/><V54/><F77/><W0/><G0/><T135/><D135/><U9/><E9/><V122/><F74/><W45/><G120/><T100/><D46/><U7/><E7/><V79/><F79/><W34/><G34/><T51/><D51/><U76/><E89/><V118/><F118/><W126/><G126/><T123/><D123/><U64/><E64/><V58/><F122/><W4/><G4/><T128/><D128/><U110/><E110/><V86/><F86/><W10/><G10/><T84/><D72/><U129/><E129/><V13/><F17/><W16/><G31/><T101/><D78/><U2/><E2/><V68/><F68/><W81/><G105/><T131/><D131/><U52/><E52/><V115/><F63/><N who="3" m="36239" /><G107/><T50/><D50/><AGARI ba="0,0" hai="14,16,21,45,50,55,80,81,87,90,93" m="36239" machi="50" ten="30,2000,0" yaku="8,1,54,1" doraHai="98" who="3" fromWho="0" sc="250,-20,250,0,250,0,250,20" /><INIT seed="1,0,0,0,3,24" ten="230,250,250,270" oya="1" hai0="82,8,59,16,97,21,104,23,25,76,84,78,88" hai1="45,42,44,113,58,134,26,35,28,126,70,52,74" hai2="41,86,93,65,115,11,91,114,122,75,85,50,108" hai3="71,55,131,27,68,92,64,47,109,3,31,125,96"/><U66/><E113/><V57/><F75/><W129/><G3/><T107/><D8/><U116/><E116/><V94/><F41/><W69/><G109/><T51/><D107/><U127/><E74/><V124/><F122/><W40/><G125/><N who="1" m="47626" /><E134/><V61/><F124/><W48/><G64/><T5/><D5/><U53/><E70/><V95/><F11/><W4/><G4/><T37/><D37/><N who="1" m="21583" /><E45/><V67/><F108/><W17/><G17/><N who="0" m="12463" /><D104/><U10/><E10/><V13/><F114/><W121/><G40/><T63/><D51/><U102/><E102/><V2/><F50/><W32/><REACH who="3" step="1"/><G121/><REACH who="3" ten="230,250,250,260" step="2"/><T79/><D97/><U106/><E106/><V119/><F115/><W73/><G73/><T111/><D111/><U132/><E132/><V29/><F2/><W43/><G43/><T118/><D118/><U100/><E100/><AGARI ba="0,1" hai="27,31,32,47,48,55,68,69,71,92,96,100,129,131" machi="100" ten="40,2600,0" yaku="1,1,52,1,53,0" doraHai="24" doraHaiUra="101" who="3" fromWho="1" sc="230,0,250,-26,250,0,260,36" /><INIT seed="2,0,0,3,4,11" ten="230,224,250,296" oya="2" hai0="90,50,21,109,134,131,81,45,6,74,8,114,41" hai1="129,58,36,40,30,13,110,34,7,86,96,46,68" hai2="97,64,19,10,113,126,72,26,33,98,5,101,82" hai3="59,135,44,78,91,16,100,73,117,9,3,105,125"/><V54/><F113/><W123/><G117/><T120/><D120/><U51/><E68/><V71/><F54/><W17/><G123/><T84/><D114/><U49/><E129/><V2/><F126/><W77/><G125/><T48/><D109/><U111/><E34/><V89/><F98/><W130/><G130/><T66/><D134/><U23/><E96/><V61/><F89/><W63/><G135/><T119/><D119/><U35/><E35/><V28/><F82/><W133/><G133/><T60/><D74/><U83/><E58/><V132/><F132/><W103/><G105/><T118/><D131/><U39/><E30/><V87/><F87/><W102/><G73/><T1/><D21/><U94/><E49/><V115/><F115/><W88/><G3/><T104/><D104/><U127/><E94/><V67/><F67/><W4/><G4/><T95/><D50/><U47/><E47/><V52/><F52/><N who="3" m="34279" /><G44/><T38/><D38/><U122/><E122/><V37/><F19/><N who="3" m="7243" /><G9/><T116/><D81/><U92/><E127/><V108/><F108/><N who="1" m="41513" /><E92/><V14/><F72/><W42/><G42/><T31/><D31/><U69/><E69/><V99/><F37/><W20/><G20/><T27/><D27/><U32/><E32/><V56/><F71/><W128/><G128/><T79/><D79/><AGARI ba="0,0" hai="77,78,79,88,91,100,102,103" m="7243,34279" machi="79" ten="30,7700,0" yaku="8,1,54,3" doraHai="11" who="3" fromWho="0" sc="230,-77,224,0,250,0,296,77" /><INIT seed="3,0,0,3,0,4" ten="153,224,250,373" oya="3" hai0="50,69,73,94,36,79,78,52,129,47,64,109,134" hai1="116,59,74,54,24,88,28,27,81,77,90,87,70" hai2="55,132,15,76,135,123,124,22,6,111,112,13,63" hai3="44,10,1,0,89,97,42,68,107,103,19,110,101"/><W45/><G68/><T43/><D109/><U125/><E116/><V122/><F76/><W11/><G110/><T58/><D134/><N who="2" m="51242" /><F112/><W106/><G89/><T17/><D129/><U62/><E125/><V130/><F111/><W5/><G19/><T85/><D73/><U126/><E126/><V96/><F96/><W14/><G10/><T93/><D17/><U66/><E28/><V29/><F124/><W119/><G119/><T12/><D12/><U60/><REACH who="1" step="1"/><E90/><REACH who="1" ten="153,214,250,373" step="2"/><V75/><F130/><W91/><G91/><T84/><D79/><U16/><E16/><N who="2" m="10511" /><F75/><W83/><G103/><T40/><D40/><U49/><E49/><V21/><F29/><W127/><G101/><T39/><D39/><U31/><E31/><V56/><F21/><W7/><G127/><T114/><D114/><U25/><E25/><V115/><F115/><W35/><G42/><T105/><D105/><U23/><E23/><V33/><F33/><W108/><G35/><T26/><D26/><U3/><E3/><V71/><F71/><W53/><G0/><T57/><D57/><U32/><E32/><V30/><F30/><W120/><G1/><T48/><D48/><U46/><E46/><V102/><F102/><W113/><G45/><T38/><D38/><U20/><E20/><V80/><F80/><AGARI ba="0,1" hai="24,27,54,59,60,62,66,70,74,77,80,81,87,88" machi="80" ten="30,3900,0" yaku="1,1,7,1,54,1,53,0" doraHai="4" doraHaiUra="18" who="1" fromWho="2" sc="153,0,214,49,250,-39,373,0" owari="153,-35.0,263,6.0,211,-19.0,373,48.0" /></mjloggm>