<mjloggm ver="2.3"><GO type="97" lobby="0"/><UN n0="%6C%69%6C%68%61%6D%61" n1="%E5%B0%B1%E6%B4%BB%E7%94%9F%40%E5%B7%9D%E6%9D%91%E8%BB%8D%E5%9B%A3" n2="%6B%61%7A%75%61%6B%69%32" n3="%E3%81%BB%E3%82%8D%E3%82%8D" dan="14,15,13,14" rate="1955.73,2078.24,1863.94,1909.92" sx="M,M,M,M"/><TAIKYOKU oya="0"/><INIT seed="0,0,0,0,4,114" ten="250,250,250,250" oya="0" hai0="11,89,134,115,41,113,121,32,6,70,83,12,92" hai1="76,44,111,99,21,20,100,119,13,63,15,86,61" hai2="39,103,117,96,129,109,71,48,62,2,74,50,18" hai3="34,112,33,130,8,9,35,72,43,40,69,54,49"/><T5/><D121/><U91/><E111/><V82/><F39/><W19/><G112/><T123/><D123/><U25/><E119/><V38/><F38/><W65/><G130/><T80/><D32/><U95/><E76/><V3/><F109/><W23/><G72/><T55/><D70/><U27/><E44/><V102/><F102/><W98/><G98/><T107/><D107/><U94/><E15/><V4/><F4/><W66/><G8/><T57/><D41/><U124/><E13/><V88/><F129/><W110/><G9/><T127/><D127/><U126/><E126/><V29/><F29/><W14/><G110/><T75/><D134/><U106/><E106/><V52/><F71/><W68/><G68/><T1/><D1/><U60/><REACH who="1" step="1"/><E124/><REACH who="1" ten="250,240,250,250" step="2"/><V28/><F3/><W17/><G14/><T37/><D5/><U104/><E104/><V46/><F2/><W16/><G43/><T125/><D125/><U31/><E31/><V81/><F28/><W79/><G40/><T53/><D115/><U24/><AGARI ba="0,1" hai="20,21,24,25,27,60,61,63,86,91,94,95,99,100" machi="24" ten="30,8000,1" yaku="1,1,0,1,8,1,53,2" doraHai="114" doraHaiUra="90" who="1" fromWho="1" sc="250,-40,240,90,250,-20,250,-20" /><INIT seed="1,0,0,5,1,113" ten="210,330,230,230" oya="1" hai0="14,33,26,75,34,20,62,24,131,27,91,1,108" hai1="0,114,23,94,101,69,68,28,118,95,104,41,47" hai2="31,42,37,135,82,39,19,122,125,67,120,2,84" hai3="13,57,112,73,9,3,105,99,93,30,60,70,127"/><U126/><E0/><V51/><F2/><W111/><G73/><T83/><D75/><U103/><E114/><V10/><F135/><W106/><G111/><T48/><D1/><U63/><E126/><V109/><F109/><W124/><G70/><T100/><D108/><U79/><E79/><V133/><F133/><W76/><G30/><T8/><D100/><U56/><E104/><V17/><F31/><W46/><G46/><T85/><D20/><U43/><E118/><V29/><F29/><W18/><G3/><T86/><D86/><U44/><E28/><V134/><F134/><W36/><G36/><T116/><D131/><U59/><E23/><V77/><F125/><N who="3" m="48203" /><G76/><T55/><D62/><AGARI ba="0,0" hai="41,43,44,47,56,59,62,63,68,69,94,95,101,103" machi="62" ten="25,2400,0" yaku="22,2" doraHai="113" who="1" fromWho="0" sc="210,-24,330,24,230,0,230,0" /><INIT seed="1,1,0,4,5,16" ten="186,354,230,230" oya="1" hai0="4,54,37,84,42,29,72,15,7,27,101,127,85" hai1="123,5,59,70,74,110,129,50,71,46,128,113,104" hai2="26,14,92,40,35,11,75,24,65,28,39,126,131" hai3="34,88,119,132,79,81,49,48,44,106,97,43,55"/><U117/><E74/><V95/><F75/><W108/><G34/><T116/><D72/><U111/><E104/><V22/><F131/><N who="1" m="50249" /><E5/><V83/><F126/><W32/><G32/><T51/><D116/><U33/><E33/><V125/><F65/><W90/><G119/><T86/><D101/><U58/><E113/><V31/><F125/><W98/><G108/><N who="1" m="41514" /><E123/><V66/><F83/><W3/><G3/><T25/><D127/><U9/><E9/><V2/><F66/><W36/><G132/><T77/><D77/><U99/><E99/><V112/><F112/><W21/><G98/><T56/><D4/><U121/><E121/><V12/><F2/><W109/><G106/><T133/><D133/><U62/><E117/><V120/><F120/><W61/><G109/><T82/><D82/><U103/><E103/><V102/><F102/><W73/><G97/><T19/><D7/><U10/><E10/><V45/><REACH who="2" step="1"/><F14/><REACH who="2" ten="186,354,220,230" step="2"/><W8/><G73/><T1/><D1/><U57/><E62/><V80/><F80/><W53/><G61/><T6/><D6/><AGARI ba="1,1" hai="6,11,12,22,24,26,28,31,35,39,40,45,92,95" machi="6" ten="30,7700,0" yaku="1,1,7,1,52,1,53,1" doraHai="16" doraHaiUra="69" who="2" fromWho="0" sc="186,-80,354,0,220,90,230,0" /><INIT seed="2,0,0,5,5,14" ten="106,354,310,230" oya="2" hai0="32,84,6,35,64,71,119,63,22,114,62,77,90" hai1="76,0,126,20,16,31,73,111,44,1,13,116,80" hai2="43,104,83,60,30,9,26,89,40,68,105,50,74" hai3="58,130,128,38,125,27,52,17,21,69,51,28,115"/><V4/><F74/><W49/><G69/><T110/><D114/><U99/><E116/><V88/><F83/><W117/><G117/><T85/><D110/><U108/><E126/><V81/><F81/><W39/><G125/><T124/><D119/><U82/><E82/><V42/><F50/><W121/><G121/><T41/><D124/><U113/><E113/><V98/><F68/><W5/><G115/><T101/><D77/><U102/><E31/><V120/><F120/><W33/><G5/><T100/><D6/><U37/><E37/><V54/><F60/><W55/><G39/><T59/><D41/><U10/><E44/><V91/><F54/><W34/><G38/><T127/><D127/><U107/><REACH who="1" step="1"/><E10/><REACH who="1" ten="106,344,310,230" step="2"/><V122/><F122/><W8/><G8/><T87/><D35/><U96/><E96/><V7/><F98/><W65/><G34/><T92/><D32/><U47/><E47/><V132/><F132/><W106/><G33/><T57/><D71/><U135/><E135/><V23/><REACH who="2" step="1"/><F4/><REACH who="2" ten="106,344,300,230" step="2"/><W112/><G112/><T36/><D36/><U95/><E95/><V46/><F46/><W129/><G106/><T93/><D92/><U118/><E118/><V12/><AGARI ba="0,2" hai="7,9,12,23,26,30,40,42,43,88,89,91,104,105" machi="12" ten="30,6000,0" yaku="1,1,0,1,54,1,53,0" doraHai="14" doraHaiUra="97" who="2" fromWho="2" sc="106,-20,344,-20,300,80,230,-20" /><INIT seed="2,1,0,1,3,97" ten="86,324,380,210" oya="2" hai0="66,127,4,104,18,135,17,117,43,99,61,106,108" hai1="12,126,94,8,73,96,3,34,57,22,77,110,98" hai2="88,79,125,103,10,86,95,32,128,40,46,132,121" hai3="93,33,80,50,114,25,129,0,6,109,36,41,1"/><V16/><F121/><W29/><G109/><T15/><D108/><U76/><E34/><V107/><F32/><W131/><G36/><T130/><D117/><U134/><E110/><V20/><F128/><N who="3" m="49227" /><G80/><T67/><D130/><U35/><E35/><V111/><F111/><W2/><G114/><T78/><D135/><U48/><E134/><V69/><F69/><W63/><G63/><T70/><D78/><U133/><E133/><V26/><F132/><W65/><G65/><T68/><D43/><U55/><E73/><V39/><F125/><W62/><G62/><T9/><D127/><U44/><E126/><V58/><F79/><W19/><G19/><T81/><D81/><U92/><E22/><V122/><F122/><W75/><G75/><T74/><D74/><U115/><E115/><V56/><REACH who="2" step="1"/><F10/><REACH who="2" ten="86,324,370,210" step="2"/><W24/><G33/><T84/><D70/><U59/><E77/><V113/><F113/><W5/><G0/><T72/><D68/><U23/><E76/><V60/><F60/><W116/><G1/><T120/><D61/><U11/><E3/><V45/><F45/><W82/><G2/><T28/><D120/><U31/><E11/><V42/><F42/><W124/><G116/><T83/><D9/><U90/><E8/><V87/><F87/><W52/><G124/><T102/><D72/><U49/><E49/><V105/><F105/><W64/><G41/><T100/><D106/><U51/><E51/><V30/><F30/><W118/><G29/><T89/><D28/><U123/><E123/><V112/><F112/><W91/><G118/><T37/><D37/><RYUUKYOKU ba="1,1" sc="86,-10,324,-10,370,30,210,-10" hai2="16,20,26,39,40,46,56,58,86,88,95,103,107" /><INIT seed="2,2,1,3,5,35" ten="76,314,400,200" oya="2" hai0="54,115,33,63,7,47,135,81,43,60,26,61,74" hai1="128,117,125,17,131,3,66,116,73,21,11,82,72" hai2="36,69,126,23,57,107,68,114,99,122,106,50,108" hai3="112,67,91,18,31,13,42,51,105,49,100,40,92"/><V127/><F122/><W124/><G112/><T123/><D115/><U77/><E72/><V24/><F114/><W10/><G124/><N who="2" m="47657" /><F36/><W80/><G31/><T16/><D123/><U97/><E125/><V102/><F108/><W133/><G133/><T25/><D135/><U132/><E132/><V75/><F75/><W8/><G67/><T52/><D7/><N who="1" m="1535" /><E66/><V15/><F15/><W32/><G32/><T27/><D33/><U87/><E97/><V88/><F107/><W101/><G80/><T111/><D111/><U104/><E104/><V89/><F50/><N who="3" m="18955" /><G10/><T119/><D119/><U19/><E73/><V38/><F38/><W64/><G64/><T118/><D118/><U95/><E95/><V20/><F57/><W65/><G105/><T1/><D74/><U46/><E46/><V103/><F103/><N who="3" m="39499" /><G65/><T44/><D81/><U84/><E116/><V121/><F121/><W76/><G76/><T93/><D93/><U71/><E117/><V5/><F5/><W79/><G79/><T98/><D98/><AGARI ba="2,1" hai="8,13,18,40,42,91,92,98" m="39499,18955" machi="98" ten="30,1000,0" yaku="8,1" doraHai="35" who="3" fromWho="0" sc="76,-16,314,0,400,0,200,26" /><INIT seed="3,0,0,0,1,118" ten="60,314,400,226" oya="3" hai0="98,94,9,50,46,64,77,109,105,56,29,74,78" hai1="22,59,40,0,93,133,21,13,32,128,57,88,5" hai2="73,101,16,83,106,79,36,3,62,72,80,37,10" hai3="61,2,31,47,70,26,55,132,116,44,6,53,120"/><W30/><G120/><T7/><D105/><U71/><E32/><V134/><F62/><W114/><G116/><T4/><D109/><U91/><E71/><V135/><F16/><W112/><G132/><T17/><D74/><U41/><E128/><V19/><F19/><W75/><G75/><T111/><D29/><U58/><E133/><V115/><F115/><W86/><G86/><T104/><D111/><U76/><E0/><V23/><F23/><N who="1" m="8713" /><E76/><N who="0" m="29289" /><D104/><U121/><E121/><V45/><F80/><W90/><G70/><T25/><D17/><U38/><E38/><V96/><F134/><W119/><G2/><T68/><D68/><U43/><E93/><V63/><F63/><W14/><G119/><T60/><D25/><U27/><E27/><V1/><F135/><W54/><G26/><T33/><D9/><AGARI ba="0,0" hai="5,9,13,40,41,43,57,58,59,88,91" m="8713" machi="9" ten="40,2600,0" yaku="8,1,54,1" doraHai="118" who="1" fromWho="0" sc="60,-26,314,26,400,0,226,0" owari="34,-47.0,340,14.0,400,50.0,226,-17.0" /></mjloggm>