<mjloggm ver="2.3"><GO type="97" lobby="0"/><UN n0="%E5%B0%B1%E6%B4%BB%E7%94%9F%40%E5%B7%9D%E6%9D%91%E8%BB%8D%E5%9B%A3" n1="%70%61%78%65%6C%6C" n2="%77%6F%6C%6C%61%77%73" n3="%E3%83%91%E3%83%8B%E3%82%AA" dan="15,15,15,13" rate="2018.70,2046.51,1962.87,1862.71" sx="M,M,M,M"/><TAIKYOKU oya="0"/><INIT seed="0,0,0,1,3,117" ten="250,250,250,250" oya="0" hai0="19,133,24,17,111,69,9,57,40,13,131,130,79" hai1="42,63,106,75,116,55,97,120,89,4,49,87,64" hai2="2,102,65,21,85,125,113,86,114,121,51,48,118" hai3="68,134,88,41,10,96,33,34,45,77,132,50,53"/><T23/><D69/><U37/><E75/><V47/><F2/><W18/><G77/><T100/><D100/><U7/><E116/><V98/><F118/><W58/><G68/><T71/><D71/><U5/><E106/><V22/><F65/><W105/><G10/><T103/><D103/><U115/><E97/><V66/><F66/><W15/><G105/><T92/><D79/><U94/><E115/><V99/><F102/><W26/><G26/><T61/><D40/><U27/><E27/><V119/><F119/><W46/><G46/><T76/><D76/><U81/><E37/><V127/><F47/><W56/><G56/><T128/><D92/><U109/><E109/><V101/><F101/><W1/><G1/><T25/><D111/><U83/><E120/><AGARI ba="0,0" hai="21,22,48,51,85,86,98,99,113,114,120,121,125,127" machi="120" ten="25,6400,0" yaku="22,2,52,2" doraHai="117" who="2" fromWho="1" sc="250,0,250,-64,250,64,250,0" /><INIT seed="1,0,0,0,1,19" ten="250,186,314,250" oya="1" hai0="81,50,75,126,33,121,55,132,128,41,92,98,3" hai1="93,13,17,9,28,82,68,4,79,96,99,2,37" hai2="0,106,35,124,89,71,80,47,91,73,38,133,76" hai3="59,115,62,34,64,48,127,110,10,103,109,46,43"/><U118/><E118/><V88/><F71/><N who="3" m="42391" /><G34/><T56/><D33/><U51/><E37/><V117/><F35/><W1/><G103/><T6/><D121/><U135/><E68/><V134/><F0/><W69/><G1/><T130/><D126/><U18/><E135/><N who="2" m="51723" /><F38/><N who="3" m="21879" /><G10/><T25/><D132/><U20/><E28/><V113/><F47/><W54/><G115/><T57/><D41/><U8/><E51/><V100/><F113/><W101/><G101/><T116/><D116/><U52/><E52/><V111/><F117/><W29/><G29/><T102/><D57/><U36/><E36/><V60/><F124/><W107/><G107/><T77/><D3/><U23/><E93/><V119/><F119/><W65/><G127/><T105/><D6/><U120/><E120/><V49/><F106/><W40/><G40/><T85/><REACH who="0" step="1"/><D25/><REACH who="0" ten="240,186,314,250" step="2"/><U94/><E94/><V84/><F80/><W78/><G59/><T22/><D22/><U108/><E108/><V95/><F111/><W24/><G110/><T67/><D67/><U129/><E129/><V90/><F95/><W97/><G109/><T104/><D104/><U72/><REACH who="1" step="1"/><E9/><REACH who="1" ten="240,176,314,250" step="2"/><V122/><F122/><W26/><G65/><T7/><D7/><U53/><E53/><V74/><F100/><W45/><G54/><T32/><D32/><U11/><E11/><V21/><F21/><W87/><G69/><T66/><D66/><U125/><E125/><V114/><F114/><W5/><G5/><T12/><D12/><AGARI ba="0,2" hai="2,4,8,12,13,17,18,20,23,72,79,82,96,99" machi="12" ten="30,12000,1" yaku="1,1,7,1,9,1,52,2,53,0" doraHai="19" doraHaiUra="42" who="1" fromWho="0" sc="240,-120,176,140,314,0,250,0" /><INIT seed="1,1,0,1,4,61" ten="120,316,314,250" oya="1" hai0="62,113,125,85,32,91,93,121,98,26,112,87,41" hai1="47,95,18,72,126,35,84,107,70,54,90,116,133" hai2="108,50,105,27,39,51,30,104,5,31,86,15,42" hai3="55,8,134,75,115,119,40,94,20,67,106,100,46"/><U24/><E72/><V83/><F39/><W7/><G75/><T132/><D41/><U1/><E107/><V92/><F108/><W37/><G115/><T78/><D32/><U124/><E70/><V21/><F31/><W129/><G119/><T45/><D121/><U3/><E116/><V11/><F92/><W17/><G106/><T96/><D125/><N who="1" m="48235" /><E133/><V122/><F122/><W88/><G134/><T109/><D132/><U71/><E71/><V102/><F51/><W16/><G100/><T14/><D109/><U25/><E18/><V64/><F102/><W81/><G81/><T2/><D2/><N who="1" m="523" /><E35/><V103/><F105/><W29/><G17/><T60/><D26/><U130/><E130/><V127/><F104/><W6/><G16/><T117/><D117/><U19/><E19/><V44/><F127/><W57/><G94/><T4/><D4/><U13/><E13/><V77/><F103/><W82/><G6/><T52/><D14/><U80/><E80/><V99/><F99/><W59/><G82/><T89/><D78/><U49/><AGARI ba="1,0" hai="24,25,47,49,54,84,90,95" m="523,48235" machi="49" ten="40,2100,0" yaku="18,1" doraHai="61" who="1" fromWho="1" sc="120,-8,316,24,314,-8,250,-8" /><INIT seed="1,2,0,4,0,71" ten="112,340,306,242" oya="1" hai0="80,25,5,83,21,29,112,59,85,94,13,111,91" hai1="115,70,24,1,43,3,2,125,107,97,75,34,57" hai2="89,130,60,56,19,67,69,30,128,58,102,50,79" hai3="23,48,44,47,114,95,129,22,126,72,45,61,87"/><U127/><E70/><V32/><F79/><W40/><G72/><T6/><D111/><U14/><E115/><V118/><F118/><W131/><G114/><T117/><D112/><U121/><E121/><V53/><F102/><W124/><G61/><T101/><D117/><U98/><E75/><V16/><F89/><N who="3" m="53695" /><G48/><T86/><D13/><U100/><E14/><V27/><REACH who="2" step="1"/><F58/><REACH who="2" ten="112,340,296,242" step="2"/><W10/><G126/><T12/><D12/><U78/><E57/><V110/><F110/><W20/><G124/><T88/><REACH who="0" step="1"/><D59/><REACH who="0" ten="102,340,296,242" step="2"/><U93/><E125/><V104/><F104/><W84/><G40/><T64/><D64/><U41/><E107/><V9/><F9/><W120/><G10/><T108/><D108/><U123/><E127/><V46/><F46/><W77/><G47/><T103/><D103/><U11/><E100/><V119/><F119/><W76/><G45/><T82/><D82/><U133/><E43/><V132/><F132/><W105/><G44/><T74/><D74/><U52/><E41/><V31/><F31/><W122/><G120/><T0/><D0/><U17/><E2/><V96/><F96/><AGARI ba="2,2" hai="5,6,21,25,29,80,83,85,86,88,91,94,96,101" machi="96" ten="40,8000,1" yaku="1,1,9,1,8,1,54,1,53,0" doraHai="71" doraHaiUra="54" who="0" fromWho="2" sc="102,106,340,0,296,-86,242,0" /><INIT seed="2,0,0,5,3,33" ten="208,340,210,242" oya="2" hai0="27,72,109,60,79,124,121,119,30,128,56,98,82" hai1="17,57,86,74,32,10,61,15,111,126,47,100,45" hai2="85,18,104,134,54,93,53,26,48,0,92,46,50" hai3="80,64,9,12,52,106,21,102,123,77,3,40,4"/><V25/><F104/><W122/><G64/><T91/><D121/><U23/><E74/><V68/><F68/><W67/><G67/><T20/><D119/><U75/><E32/><V112/><F112/><W110/><G40/><T39/><D124/><U132/><E75/><V97/><F134/><W103/><G110/><T113/><D109/><U76/><E111/><V41/><F0/><W127/><G127/><T81/><D113/><U101/><E126/><V95/><F97/><W88/><G77/><T133/><D128/><U8/><E132/><V84/><F41/><W89/><G80/><T58/><D133/><U115/><E86/><N who="2" m="33387" /><F18/><W2/><G106/><T107/><D39/><U43/><E76/><V83/><F83/><W73/><G73/><T65/><D82/><U120/><E120/><V14/><F14/><W55/><G12/><T49/><D49/><N who="2" m="19050" /><F46/><N who="1" m="17417" /><E43/><V5/><F5/><W131/><G4/><T28/><D28/><U87/><E87/><V94/><F94/><W66/><G122/><T19/><D30/><U29/><E115/><V42/><F42/><W59/><G123/><T70/><D107/><U90/><E90/><V105/><F105/><W13/><G89/><T69/><REACH who="0" step="1"/><D70/><REACH who="0" ten="198,340,210,242" step="2"/><U96/><E29/><V125/><F125/><W135/><G135/><T114/><D114/><U1/><E101/><V62/><F62/><W31/><G103/><T37/><D37/><U63/><E100/><V118/><F118/><W7/><G102/><T34/><D34/><U6/><E63/><V51/><F51/><W129/><G129/><T99/><D99/><U16/><E96/><RYUUKYOKU ba="0,1" sc="198,15,340,-15,210,15,242,-15" hai0="19,20,27,56,58,60,65,69,72,79,81,91,98" hai2="25,26,53,54,92,93,95" /><INIT seed="2,1,1,1,4,131" ten="213,325,225,227" oya="2" hai0="103,29,19,87,32,6,107,127,4,117,31,124,94" hai1="120,58,50,70,125,18,96,108,113,44,69,63,106" hai2="21,104,126,123,73,9,82,55,13,37,114,133,5" hai3="79,90,67,59,100,116,93,10,7,53,85,48,135"/><V134/><F123/><W95/><G135/><N who="2" m="51721" /><F114/><W75/><G75/><T91/><D117/><U0/><E0/><V36/><F104/><W17/><G17/><T11/><D19/><U8/><E69/><V25/><F126/><N who="0" m="48170" /><D32/><U101/><E70/><V49/><F82/><N who="3" m="47327" /><G67/><T122/><D122/><U60/><E108/><V51/><F73/><W115/><G116/><T97/><D6/><U22/><E8/><V132/><N who="2" m="51729" /><V12/><DORA hai="64" /><F12/><AGARI ba="1,1" hai="4,11,12,29,31,87,91,94,97,103,107" m="48170" machi="12" ten="30,1000,0" yaku="18,1" doraHai="131,64" who="0" fromWho="2" sc="213,23,325,0,225,-13,227,0" /><INIT seed="3,0,0,4,4,0" ten="236,325,212,227" oya="3" hai0="119,32,34,21,56,102,78,97,20,79,134,39,87" hai1="14,54,8,29,44,30,85,7,22,94,100,23,82" hai2="92,114,35,58,53,69,73,107,49,16,93,2,28" hai3="11,27,59,103,90,4,96,60,91,48,127,110,124"/><W120/><G120/><T101/><D39/><U1/><E1/><V50/><F107/><W43/><G27/><T25/><D119/><U132/><E132/><V109/><F69/><W130/><G130/><T31/><D134/><U19/><E94/><V118/><F118/><W112/><G112/><T115/><D115/><U84/><E100/><V10/><F114/><W71/><G71/><T86/><D56/><U131/><E131/><V37/><F73/><W89/><G110/><T64/><D64/><U83/><E54/><V81/><F37/><W122/><G122/><T47/><D47/><U95/><E44/><V74/><F109/><W68/><G43/><T117/><D117/><U125/><E95/><V99/><F35/><W67/><G48/><T15/><D15/><N who="1" m="5535" /><E125/><V36/><F36/><W13/><REACH who="3" step="1"/><G68/><REACH who="3" ten="236,325,212,217" step="2"/><T3/><D25/><N who="1" m="16567" /><E30/><V5/><F28/><W77/><G77/><T40/><D31/><U26/><E26/><V98/><F50/><W52/><G52/><T42/><D3/><U111/><E111/><V55/><F55/><W9/><G9/><T135/><D135/><U46/><E46/><V65/><F65/><W113/><G113/><T80/><D80/><AGARI ba="0,1" hai="14,19,23,80,82,83,84,85" m="16567,5535" machi="80" ten="30,2000,0" yaku="8,1,52,1" doraHai="0" who="1" fromWho="0" sc="236,-20,325,30,212,0,217,0" owari="216,-18.0,355,45.0,212,-29.0,217,2.0" /></mjloggm>