<mjloggm ver="2.3"><GO type="169" lobby="0"/><UN n0="%77%61%77%61%33%30%33%30" n1="%E5%90%89%E8%A1%8C%E5%BF%97%E9%A6%99%E5%AD%90" n2="%E3%83%99%E3%82%BF%E3%82%AA%E3%83%AA%E3%82%B9%E3%82%AF" n3="%E3%82%A6%E3%83%AB%E3%83%88%E3%83%A9%E7%AB%8B%E7%9B%B4" dan="16,16,16,17" rate="2153.39,2012.03,2104.86,2210.21" sx="M,M,M,M"/><TAIKYOKU oya="0"/><INIT seed="0,0,0,4,2,101" ten="250,250,250,250" oya="0" hai0="125,130,28,2,27,68,79,106,93,11,82,117,78" hai1="81,34,71,70,38,60,129,22,87,112,131,133,86" hai2="74,16,1,42,43,18,110,92,69,119,55,36,83" hai3="72,48,63,47,56,26,37,91,108,88,62,85,39"/><T13/><D2/><U75/><E34/><V134/><F69/><W35/><G72/><T121/><D121/><U67/><E38/><V116/><F1/><W50/><G26/><T3/><D3/><U132/><E112/><V118/><F110/><W41/><G35/><T103/><D117/><U25/><E75/><V53/><F134/><N who="1" m="51817" /><E71/><V127/><F127/><W9/><G9/><T21/><D68/><U51/><E51/><V54/><F92/><W95/><G108/><T30/><D125/><U52/><E52/><V8/><F8/><W7/><G7/><T59/><D130/><N who="1" m="49675" /><E81/><V109/><F109/><W124/><G124/><T29/><D59/><U45/><E45/><N who="2" m="23751" /><F43/><W19/><G50/><T61/><D61/><U84/><E84/><V94/><F94/><W120/><G120/><T102/><D93/><U76/><E76/><AGARI ba="0,0" hai="16,18,53,54,55,74,76,83,116,118,119" m="23751" machi="76" ten="40,2600,0" yaku="12,1,54,1" doraHai="101" who="2" fromWho="1" sc="250,0,250,-26,250,26,250,0" /><INIT seed="1,0,0,0,3,77" ten="250,224,276,250" oya="1" hai0="33,64,128,18,98,102,103,114,81,116,104,79,38" hai1="70,23,84,20,52,117,73,74,100,1,112,101,58" hai2="65,27,63,85,60,89,5,10,68,123,24,118,113" hai3="131,133,56,95,7,50,8,48,78,62,37,124,87"/><U76/><E76/><V82/><BYE who="1" /><F118/><W51/><G37/><T42/><D33/><U55/><E55/><V120/><F113/><W72/><G72/><T106/><D116/><U59/><E59/><V80/><F63/><W88/><G124/><T96/><D114/><U92/><E92/><UN n1="%E5%90%89%E8%A1%8C%E5%BF%97%E9%A6%99%E5%AD%90" /><V125/><F125/><W135/><G78/><T41/><D128/><U111/><E112/><V97/><F97/><W129/><G8/><T119/><D119/><U47/><E70/><V6/><F82/><W3/><G7/><T115/><D38/><U12/><E1/><V36/><F36/><W109/><G109/><T132/><D132/><N who="3" m="50761" /><G3/><T49/><D64/><AGARI ba="0,0" hai="48,50,51,56,62,64,87,88,95,129,131" m="50761" machi="64" ten="30,2000,0" yaku="20,1,54,1" doraHai="77" who="3" fromWho="0" sc="250,-20,224,0,276,0,250,20" /><INIT seed="2,0,0,0,1,21" ten="230,224,276,270" oya="2" hai0="98,101,77,90,44,53,102,81,120,61,85,16,59" hai1="71,60,68,106,89,80,33,30,49,2,123,8,52" hai2="104,32,35,67,56,15,39,25,134,97,107,10,88" hai3="65,83,50,75,121,114,22,66,4,110,132,125,72"/><V42/><F134/><W14/><G121/><T103/><D120/><U84/><E106/><V109/><F109/><W19/><G110/><T0/><D0/><U51/><E123/><V96/><F42/><W62/><G132/><T63/><D44/><U130/><E130/><V128/><F39/><W20/><G125/><T41/><D41/><U87/><E49/><V17/><F128/><W58/><G114/><T115/><D115/><U12/><E2/><V111/><F111/><W99/><G4/><T105/><D63/><U113/><E113/><V100/><F25/><W122/><G122/><T133/><D133/><U31/><E84/><V11/><F11/><W37/><G37/><T40/><D40/><U57/><E60/><V124/><F124/><W9/><G66/><T27/><REACH who="0" step="1"/><D77/><REACH who="0" ten="220,224,276,270" step="2"/><U70/><REACH who="1" step="1"/><E33/><REACH who="1" ten="220,214,276,270" step="2"/><V117/><F35/><W48/><G62/><T34/><D34/><U54/><E54/><V126/><F32/><W26/><G50/><T43/><D43/><U131/><E131/><V55/><F126/><W116/><G48/><T36/><D36/><U38/><E38/><V93/><F67/><W74/><G65/><T129/><D129/><U6/><AGARI ba="0,2" hai="6,8,12,30,31,51,52,57,68,70,71,80,87,89" machi="6" ten="30,4000,0" yaku="1,1,0,1,54,1,53,0" doraHai="21" doraHaiUra="73" who="1" fromWho="1" sc="220,-10,214,60,276,-20,270,-10" /><INIT seed="3,0,0,5,0,16" ten="210,274,256,260" oya="3" hai0="68,101,105,81,50,128,119,123,46,27,22,1,86" hai1="74,38,47,44,117,17,39,33,77,26,29,57,124" hai2="45,25,98,114,37,130,116,72,67,120,127,5,6" hai3="43,82,42,112,36,102,107,126,51,80,125,133,131"/><W75/><G112/><T99/><D1/><U49/><E124/><N who="3" m="47722" /><G75/><T132/><D123/><U88/><E117/><V84/><F72/><W62/><G36/><T48/><D119/><U53/><E77/><V52/><F116/><W109/><G51/><T10/><D68/><U103/><E74/><V104/><F120/><W106/><G102/><T94/><D10/><U92/><E103/><V90/><F104/><N who="3" m="39979" /><G131/><T87/><D128/><U56/><E39/><V21/><F130/><W11/><G11/><T28/><D132/><U13/><E44/><V93/><F114/><W24/><G133/><T60/><D60/><U69/><E38/><V95/><F67/><W18/><G62/><T12/><D105/><U32/><E49/><N who="2" m="28719" /><F37/><W31/><G18/><T14/><D50/><U4/><E47/><V70/><F127/><W2/><G2/><T0/><D0/><U73/><E73/><V110/><F110/><W64/><G64/><T96/><D96/><U115/><E115/><V20/><F70/><W55/><G55/><T118/><D87/><N who="1" m="52255" /><E53/><V91/><F25/><W78/><G109/><T23/><D118/><U83/><E69/><V121/><F121/><W40/><G78/><N who="0" m="46391" /><D48/><U8/><E56/><V100/><F100/><W41/><N who="3" m="10240" /><DORA hai="59" /><W35/><AGARI ba="0,0" hai="24,31,35,80,82" m="10240,39979,47722" machi="35" ten="50,4800,0" yaku="4,1,18,1" doraHai="16,59" who="3" fromWho="3" sc="210,-16,274,-16,256,-16,260,48" /><INIT seed="3,1,0,0,1,121" ten="194,258,240,308" oya="3" hai0="112,49,44,66,70,122,23,78,26,84,19,120,107" hai1="43,55,18,60,126,3,28,92,50,52,4,15,41" hai2="1,108,118,63,12,114,83,62,130,81,85,21,0" hai3="91,97,119,113,86,58,102,54,34,111,131,38,123"/><W129/><G38/><T95/><D107/><U125/><E28/><V76/><F114/><W53/><G34/><T2/><D2/><U96/><E3/><V37/><F37/><W9/><G113/><T30/><D112/><U56/><E4/><V103/><F118/><W45/><G119/><T110/><D110/><U106/><E106/><V11/><F103/><W80/><G123/><T31/><D70/><U64/><E55/><V16/><F130/><N who="3" m="49675" /><G9/><T33/><D66/><U98/><E98/><V27/><F108/><W115/><G115/><T8/><D8/><N who="1" m="6503" /><E126/><V134/><F134/><W32/><G32/><T88/><D78/><U77/><E77/><V116/><F116/><W133/><G133/><T89/><D31/><U71/><E71/><V109/><F109/><W105/><G45/><T87/><D30/><U39/><E39/><V82/><F1/><W90/><G111/><T93/><REACH who="0" step="1"/><D33/><REACH who="0" ten="184,258,240,308" step="2"/><U124/><E124/><V51/><F0/><W61/><G91/><T59/><D59/><N who="1" m="33175" /><E125/><V10/><F10/><W48/><G54/><AGARI ba="1,1" hai="19,23,26,44,49,54,84,87,88,89,93,95,120,122" machi="54" ten="30,7700,0" yaku="1,1,7,1,9,1,54,1,53,0" doraHai="121" doraHaiUra="94" who="0" fromWho="3" sc="184,90,258,0,240,0,308,-80" /><INIT seed="4,0,0,0,2,28" ten="274,258,240,228" oya="0" hai0="4,17,127,64,95,36,83,74,34,21,2,6,43" hai1="122,1,92,131,7,72,51,15,54,63,61,59,45" hai2="52,113,38,80,55,46,33,108,77,50,27,94,31" hai3="126,9,23,42,48,8,12,10,118,109,13,32,29"/><T89/><D127/><U47/><E122/><V85/><F108/><W82/><G48/><T35/><D64/><U119/><E1/><V86/><F113/><W3/><G42/><T128/><D128/><U56/><E72/><V16/><F38/><W112/><G82/><T98/><D4/><U116/><E131/><V22/><F55/><W49/><G49/><T84/><D74/><U39/><E39/><V37/><F37/><W97/><G97/><T69/><D69/><U100/><E116/><V78/><F94/><W134/><G109/><T18/><D18/><U58/><E119/><V107/><F107/><W81/><G81/><T40/><D6/><U110/><E110/><V60/><F60/><N who="1" m="23113" /><E45/><V67/><F67/><W105/><G105/><T124/><D2/><U24/><E24/><V102/><F102/><W87/><G87/><T70/><D70/><U66/><E66/><V125/><F125/><W120/><G118/><T41/><D36/><U132/><E47/><V68/><F68/><W129/><G126/><T104/><D104/><U114/><E59/><V101/><F101/><W106/><G106/><T57/><D57/><U65/><E58/><V115/><F115/><W53/><G129/><T0/><D0/><U26/><E65/><V79/><F86/><W30/><G3/><T111/><D111/><U14/><E114/><V75/><F75/><W19/><G112/><T96/><D96/><U25/><E56/><V91/><F79/><W11/><G120/><T88/><REACH who="0" step="1"/><D124/><REACH who="0" ten="264,258,240,228" step="2"/><U20/><E7/><V130/><F130/><W123/><G19/><T135/><D135/><RYUUKYOKU ba="0,1" sc="264,15,258,-15,240,15,228,-15" hai0="17,21,34,35,40,41,43,83,84,88,89,95,98" hai2="16,22,27,31,33,46,50,52,77,78,80,85,91" /><INIT seed="4,1,1,1,2,4" ten="279,243,255,213" oya="0" hai0="96,12,6,104,32,92,131,38,60,125,74,49,26" hai1="129,120,91,94,103,99,5,16,39,7,20,33,109" hai2="55,40,97,126,58,80,29,88,93,36,73,105,35" hai3="122,62,47,22,41,75,45,66,68,43,72,111,84"/><T25/><D38/><U0/><E120/><V17/><F126/><W114/><G111/><T110/><D74/><U65/><E109/><V115/><F115/><W101/><G114/><T107/><D110/><U19/><E39/><V86/><F35/><W21/><G122/><T79/><D125/><U127/><E127/><V116/><F29/><W124/><G124/><T70/><D79/><U14/><E129/><V48/><F116/><W15/><G101/><T83/><D83/><U64/><E33/><V130/><F130/><W61/><G84/><T42/><D42/><U117/><E117/><V90/><F105/><W89/><G89/><T85/><D85/><U54/><E0/><V50/><F73/><W52/><G15/><T13/><D49/><U2/><E2/><V67/><F36/><W53/><REACH who="3" step="1"/><G66/><REACH who="3" ten="279,243,255,203" step="2"/><T98/><D131/><U82/><E64/><V121/><F121/><W77/><G77/><T59/><D13/><U108/><E65/><V133/><F67/><W102/><G102/><T31/><D12/><N who="1" m="9223" /><E108/><V118/><F118/><W3/><G3/><T51/><D104/><U44/><E103/><V123/><F123/><W63/><G63/><T71/><D107/><U100/><E100/><V56/><F90/><W112/><G112/><T23/><D60/><U1/><E1/><V9/><F88/><W113/><G113/><T135/><D71/><AGARI ba="1,2" hai="21,22,41,43,45,47,52,53,61,62,68,71,72,75" machi="71" ten="25,6400,0" yaku="1,1,22,2,54,1,53,0" doraHai="4" doraHaiUra="11" who="3" fromWho="0" sc="279,-67,243,0,255,0,203,87" /><INIT seed="5,0,0,0,0,42" ten="212,243,255,290" oya="1" hai0="26,71,83,130,21,41,40,119,53,110,81,126,106" hai1="38,77,72,66,50,45,82,3,0,27,30,4,79" hai2="62,43,65,56,57,22,59,99,48,113,2,89,88" hai3="122,15,131,32,70,19,18,20,104,33,108,54,60"/><U100/><E38/><V98/><F2/><W123/><G104/><T7/><D106/><U90/><E4/><V91/><F113/><W34/><G70/><T114/><D119/><U11/><E11/><V94/><F22/><N who="3" m="11615" /><G54/><T49/><D110/><U12/><E12/><V121/><F121/><N who="3" m="46091" /><G60/><T52/><D71/><U74/><E100/><N who="2" m="60503" /><F99/><W47/><G47/><AGARI ba="0,0" hai="43,47,48,56,57,59,62,65,88,89,91" m="60503" machi="47" ten="30,3900,0" yaku="8,1,52,1,54,1" doraHai="42" who="2" fromWho="3" sc="212,0,243,0,255,39,290,-39" /><INIT seed="6,0,0,0,5,48" ten="212,243,294,251" oya="2" hai0="78,106,20,126,95,53,34,72,8,41,32,61,64" hai1="120,18,101,82,93,88,92,23,122,39,66,89,90" hai2="86,114,30,125,62,76,59,117,51,111,79,47,38" hai3="36,35,14,29,94,46,108,110,113,74,2,12,83"/><V102/><F38/><W7/><G94/><N who="1" m="36458" /><E39/><V109/><F102/><W127/><G14/><T99/><D106/><U60/><E66/><N who="2" m="39263" /><F117/><W25/><G12/><T27/><D126/><U105/><E60/><V70/><F70/><W115/><G127/><T107/><D107/><U44/><E44/><V15/><F125/><W6/><G83/><T68/><D41/><U97/><E23/><V98/><F98/><W40/><G74/><T56/><D8/><U132/><E18/><V124/><F124/><W33/><G33/><T31/><D72/><U58/><E58/><V87/><BYE who="1" /><F30/><W11/><REACH who="3" step="1"/><G7/><REACH who="3" ten="212,243,294,241" step="2"/><T130/><D78/><N who="2" m="29738" /><F15/><W63/><G63/><T121/><D121/><U5/><E5/><V71/><F111/><AGARI ba="0,1" hai="2,6,11,25,29,35,36,40,46,108,110,111,113,115" machi="111" ten="40,5200,0" yaku="1,1,23,2,53,0" doraHai="48" doraHaiUra="50" who="3" fromWho="2" sc="212,0,243,0,294,-52,241,62" /><INIT seed="7,0,0,2,4,10" ten="212,243,242,303" oya="3" hai0="82,113,81,39,107,29,105,129,93,100,52,71,72" hai1="26,33,28,87,114,62,43,7,31,90,133,27,6" hai2="59,79,64,77,16,76,42,63,83,60,110,53,2" hai3="30,50,20,75,104,97,18,0,37,48,126,130,15"/><W132/><G0/><UN n1="%E5%90%89%E8%A1%8C%E5%BF%97%E9%A6%99%E5%AD%90" /><T134/><D71/><U21/><E43/><V68/><F110/><W46/><G75/><T119/><D39/><U19/><E62/><V122/><F2/><W3/><G3/><T125/><D29/><N who="1" m="19647" /><E90/><V40/><F122/><W5/><G5/><N who="1" m="1546" /><E87/><V131/><F131/><W128/><G126/><T102/><D119/><U57/><E57/><V38/><F16/><W35/><G132/><T55/><D134/><U116/><E133/><V73/><F42/><W112/><G50/><T106/><D125/><U101/><E101/><N who="0" m="39017" /><D129/><U61/><E61/><V98/><F98/><W13/><G97/><T41/><D113/><U91/><E91/><V51/><F63/><W86/><G112/><T44/><D44/><AGARI ba="0,0" hai="38,40,44,51,53,59,60,64,68,73,76,77,79,83" machi="44" ten="40,2600,0" yaku="24,2" doraHai="10" who="2" fromWho="0" sc="212,-26,243,0,242,26,303,0" owari="186,-31.0,243,-16.0,268,7.0,303,40.0" /></mjloggm>