<mjloggm ver="2.3"><GO type="169" lobby="0"/><UN n0="%E3%82%B8%E3%83%A3%E3%82%B9%E3%82%BF%E3%82%A6%E3%82%A7%E3%82%A4" n1="%E3%82%A6%E3%83%AB%E3%83%88%E3%83%A9%E7%AB%8B%E7%9B%B4" n2="%E3%81%86%E3%82%89%E3%81%97%E3%81%92%E3%82%8B" n3="%E7%A8%B2%E4%BD%9C%E3%83%B4%E3%82%A9%E3%83%AB%E3%82%B1%E3%82%A4%E3%83%8E" dan="16,17,16,17" rate="2115.03,2168.03,2066.53,2225.05" sx="M,M,M,M"/><TAIKYOKU oya="0"/><INIT seed="0,0,0,0,4,97" ten="250,250,250,250" oya="0" hai0="3,92,13,76,93,43,65,6,118,55,105,57,98" hai1="67,40,12,5,66,58,32,19,4,115,112,10,27" hai2="86,31,16,46,68,88,131,121,48,71,30,20,108" hai3="17,82,87,2,90,85,99,28,79,62,45,125,23"/><T1/><D118/><U42/><E42/><V14/><F121/><W80/><G2/><T59/><D105/><U38/><E40/><V39/><F39/><W109/><G109/><T33/><D33/><U127/><E38/><V113/><F113/><N who="1" m="43593" /><E58/><V72/><F72/><W128/><G128/><T103/><D43/><U114/><E114/><V119/><F119/><W122/><G122/><T50/><D76/><U134/><E134/><V130/><F108/><W107/><G125/><T124/><D124/><U52/><E52/><N who="2" m="29719" /><F71/><W132/><G132/><T61/><REACH who="0" step="1"/><D93/><REACH who="0" ten="240,250,250,250" step="2"/><U53/><E127/><V106/><F106/><W100/><G79/><T47/><D47/><U54/><E32/><V41/><F41/><W29/><G45/><T110/><D110/><U73/><E54/><V37/><F37/><W25/><G62/><T60/><D60/><U0/><E53/><V64/><F64/><W94/><G107/><T77/><D77/><U117/><E67/><V7/><F68/><W9/><G9/><AGARI ba="0,1" hai="1,3,6,9,13,50,55,57,59,61,65,92,98,103" machi="9" ten="40,12000,1" yaku="1,1,52,1,53,2" doraHai="97" doraHaiUra="35" who="0" fromWho="3" sc="240,130,250,0,250,0,250,-120" /><INIT seed="0,1,0,5,2,67" ten="370,250,250,130" oya="0" hai0="114,27,103,59,127,108,130,110,14,68,107,40,35" hai1="24,109,83,4,55,0,17,102,129,133,63,10,98" hai2="76,116,85,134,115,36,106,37,119,25,65,113,125" hai3="112,21,1,61,23,94,56,53,42,13,95,117,101"/><T52/><D114/><N who="2" m="43530" /><F25/><W43/><G1/><T78/><D130/><U104/><E109/><N who="0" m="42089" /><D127/><U82/><E133/><V57/><F106/><W7/><G117/><N who="2" m="45129" /><F134/><W5/><G112/><T100/><D78/><U32/><E129/><V20/><F20/><W118/><G118/><T90/><D40/><U2/><E2/><V132/><F132/><W6/><G21/><T122/><D122/><U84/><E17/><V105/><F105/><W92/><REACH who="3" step="1"/><G101/><REACH who="3" ten="370,250,250,120" step="2"/><T18/><D103/><U72/><E102/><V58/><F125/><W45/><G45/><T39/><D100/><U28/><E0/><V49/><F76/><W60/><G60/><N who="0" m="35943" /><D107/><U34/><E104/><V62/><F85/><W22/><G22/><T3/><D3/><U123/><E84/><V88/><F88/><W33/><G33/><T41/><D90/><U64/><E34/><V96/><F96/><W89/><G89/><T71/><D35/><U51/><E32/><V111/><F111/><W26/><G26/><T54/><D27/><U46/><E24/><V121/><F121/><W19/><AGARI ba="1,1" hai="5,6,7,13,19,23,42,43,53,56,61,92,94,95" machi="19" ten="40,5200,0" yaku="1,1,0,1,8,1,53,0" doraHai="67" doraHaiUra="87" who="3" fromWho="3" sc="370,-27,250,-14,250,-14,120,65" /><INIT seed="1,0,0,0,3,38" ten="343,236,236,185" oya="1" hai0="31,114,47,83,46,45,58,123,106,119,7,29,85" hai1="110,70,20,2,126,134,121,74,90,35,80,133,15" hai2="135,24,65,40,18,92,71,21,91,94,62,78,14" hai3="87,49,25,11,57,30,39,50,42,128,41,10,100"/><U26/><E70/><V79/><F135/><N who="1" m="51721" /><E121/><V82/><F94/><W23/><G39/><T66/><D106/><U61/><E2/><V118/><F118/><W12/><G128/><T55/><D114/><U72/><E35/><V73/><F79/><W122/><G122/><T131/><D131/><U101/><E101/><V103/><F103/><W117/><G117/><T19/><D119/><U64/><E15/><V17/><F40/><N who="3" m="15467" /><G100/><T22/><D7/><U67/><E67/><V84/><F14/><W130/><G130/><T69/><D66/><U115/><E115/><V127/><F127/><W28/><G28/><AGARI ba="0,0" hai="17,18,21,24,28,62,65,71,73,78,82,84,91,92" machi="28" ten="30,1000,0" yaku="7,1" doraHai="38" who="2" fromWho="3" sc="343,0,236,0,236,10,185,-10" /><INIT seed="2,0,0,4,0,95" ten="343,236,246,175" oya="2" hai0="53,36,89,111,1,16,104,13,45,61,73,67,5" hai1="112,120,110,108,114,81,76,79,131,39,52,125,117" hai2="135,19,58,126,130,127,48,25,47,42,88,65,86" hai3="10,33,123,54,121,57,46,26,9,35,50,60,30"/><V21/><F130/><W107/><G33/><T109/><D73/><U7/><E39/><V2/><F2/><W93/><G107/><T90/><D104/><U105/><E7/><V22/><F135/><W82/><G82/><T94/><D5/><U17/><E17/><V102/><F102/><W0/><G0/><T31/><D31/><U15/><E15/><V34/><F34/><W43/><REACH who="3" step="1"/><G93/><REACH who="3" ten="343,236,246,165" step="2"/><T80/><D1/><U77/><E105/><V75/><F127/><W97/><G97/><T11/><D80/><U49/><E81/><V122/><F126/><W44/><G44/><T119/><D94/><U23/><E125/><V8/><F122/><AGARI ba="0,1" hai="9,10,26,30,35,43,46,50,54,57,60,121,122,123" machi="122" ten="40,1300,0" yaku="1,1,53,0" doraHai="95" doraHaiUra="99" who="3" fromWho="2" sc="343,0,236,0,246,-13,165,23" /><INIT seed="3,0,0,0,0,125" ten="343,236,233,188" oya="3" hai0="38,46,59,82,16,85,88,9,129,130,102,21,99" hai1="79,66,68,11,86,17,49,22,44,6,121,123,113" hai2="27,1,10,55,97,18,15,75,110,40,73,30,39" hai3="100,83,93,134,54,13,103,135,71,90,89,126,32"/><W57/><G71/><T114/><D114/><U50/><E113/><V94/><F110/><W132/><G126/><T111/><D111/><U3/><E68/><V47/><F55/><W124/><G124/><T60/><D9/><U91/><E66/><V58/><F58/><W8/><G32/><T72/><D72/><U77/><E79/><V115/><F1/><W51/><G83/><T127/><D127/><U80/><E77/><V56/><F56/><W61/><G61/><T53/><D46/><U52/><REACH who="1" step="1"/><E49/><REACH who="1" ten="343,226,233,188" step="2"/><V19/><F115/><W78/><G78/><T87/><D38/><U133/><E133/><V131/><F75/><W69/><G69/><T120/><D120/><U42/><E42/><V63/><F73/><W95/><G95/><T107/><REACH who="0" step="1"/><D87/><REACH who="0" ten="333,226,233,188" step="2"/><U41/><E41/><V23/><F40/><W76/><G134/><T109/><D109/><U36/><E36/><V20/><F39/><W64/><G135/><T0/><D0/><U105/><E105/><V101/><F47/><W37/><G132/><T5/><D5/><U31/><E31/><V106/><F106/><W96/><G37/><T45/><D45/><U65/><E65/><V74/><F74/><W119/><G64/><T98/><D98/><U122/><E122/><V28/><F28/><W84/><G84/><T2/><D2/><U24/><AGARI ba="0,2" hai="3,6,11,17,22,24,44,50,52,80,86,91,121,123" machi="24" ten="20,5200,0" yaku="1,1,0,1,7,1,54,1,53,0" doraHai="125" doraHaiUra="25" who="1" fromWho="1" sc="333,-13,226,72,233,-13,188,-26" /><INIT seed="4,0,0,0,2,23" ten="320,298,220,162" oya="0" hai0="97,130,98,96,11,66,50,8,69,40,77,31,13" hai1="63,93,58,113,26,112,94,49,108,20,15,53,105" hai2="51,38,0,33,55,62,67,124,76,54,82,73,47" hai3="27,116,3,129,52,4,28,111,35,30,68,79,121"/><T64/><D64/><U102/><E108/><V135/><F33/><W106/><G106/><T119/><D119/><U103/><E15/><V45/><F0/><W127/><G68/><T109/><D109/><U39/><E39/><V60/><F124/><W104/><G104/><T12/><D130/><U32/><E32/><V65/><F135/><W131/><G111/><T118/><D118/><U71/><E71/><N who="2" m="42407" /><F82/><W117/><G79/><T10/><D77/><U88/><E49/><N who="2" m="28975" /><F76/><W75/><G75/><T87/><D87/><U114/><E105/><V95/><F95/><W132/><G127/><T46/><REACH who="0" step="1"/><D31/><REACH who="0" ten="310,298,220,162" step="2"/><N who="1" m="17863" /><E94/><V6/><F73/><W85/><G85/><AGARI ba="0,1" hai="53,58,63,85,88,93,102,103,112,113,114" m="17863" machi="85" ten="30,7700,0" yaku="15,1,11,1,52,1,54,1" doraHai="23" who="1" fromWho="3" sc="310,0,298,87,220,0,162,-77" /><INIT seed="5,0,0,3,1,96" ten="310,385,220,85" oya="1" hai0="100,128,45,133,113,69,9,51,32,102,17,35,15" hai1="8,111,98,126,31,122,33,55,34,50,105,120,41" hai2="75,5,103,121,7,52,19,81,108,112,21,22,64" hai3="27,95,67,73,63,47,24,104,92,76,44,125,77"/><U123/><E41/><V130/><F121/><W3/><G104/><T42/><D69/><U6/><E31/><V93/><F108/><W57/><G3/><T30/><D113/><U116/><E116/><V37/><F37/><W54/><G125/><T78/><D128/><U109/><E126/><V1/><F1/><W70/><G70/><T43/><D133/><U74/><E74/><V127/><F127/><W68/><G68/><T124/><D124/><U114/><E114/><V117/><F117/><W53/><G73/><T58/><D43/><U49/><E49/><V99/><F130/><W107/><G107/><T72/><D58/><U4/><E55/><V29/><F64/><W118/><G118/><T28/><D32/><N who="1" m="12395" /><E50/><V84/><F75/><W48/><G67/><T16/><D35/><U38/><E38/><V46/><F29/><N who="0" m="11370" /><D78/><U89/><E89/><V13/><F22/><W134/><G134/><T115/><D115/><U26/><E26/><V110/><F110/><N who="1" m="41993" /><E8/><V135/><F135/><W20/><G20/><N who="0" m="11295" /><D72/><U106/><E106/><V39/><F39/><W79/><REACH who="3" step="1"/><G47/><REACH who="3" ten="310,385,220,75" step="2"/><T119/><D119/><U71/><E71/><V61/><F112/><W36/><G36/><T11/><D11/><U97/><E105/><V66/><F66/><W40/><G40/><T59/><D59/><U129/><E129/><V90/><F46/><W10/><G10/><T86/><D86/><U94/><E123/><V65/><F65/><W0/><G0/><T88/><D9/><U23/><E122/><V82/><F82/><W101/><G101/><N who="0" m="39019" /><D17/><U14/><E120/><V85/><F85/><RYUUKYOKU ba="0,1" sc="310,10,385,-30,220,10,75,10" hai0="42,45,51,88" hai2="5,7,13,19,21,52,61,81,84,90,93,99,103" hai3="24,27,44,48,53,54,57,63,76,77,79,92,95" /><INIT seed="6,1,1,5,3,102" ten="320,355,230,85" oya="2" hai0="105,8,45,2,19,89,11,94,119,23,93,18,126" hai1="17,64,121,111,58,34,123,46,24,7,60,70,83" hai2="3,114,65,77,116,96,113,14,117,87,133,1,80" hai3="28,61,79,115,135,122,52,131,125,74,124,39,84"/><V10/><F65/><W44/><G28/><T130/><D105/><U26/><E111/><V16/><F133/><W51/><G74/><T49/><D130/><U85/><E7/><V41/><F41/><N who="3" m="22591" /><G79/><T57/><D126/><N who="3" m="48745" /><G84/><T6/><D119/><U127/><E127/><V50/><F50/><W29/><G29/><T33/><D33/><U21/><E46/><V109/><F109/><W62/><G122/><N who="1" m="46602" /><E34/><V43/><F43/><W40/><G40/><T4/><D57/><U97/><E97/><V53/><F53/><W30/><G30/><T76/><D76/><N who="1" m="46311" /><E26/><V35/><F96/><W54/><G131/><T47/><D49/><U128/><E128/><V129/><F35/><W56/><G135/><T88/><D23/><U55/><E55/><V100/><F129/><W110/><G110/><T106/><D106/><U0/><E0/><AGARI ba="1,1" hai="0,2,4,6,8,11,18,19,45,47,88,89,93,94" machi="0" ten="25,3200,0" yaku="22,2,54,1" doraHai="102" who="0" fromWho="1" sc="320,45,355,-35,230,0,85,0" /><INIT seed="7,0,0,0,1,62" ten="365,320,230,85" oya="3" hai0="17,133,78,68,38,50,5,118,36,110,80,88,24" hai1="6,14,131,95,127,84,20,65,108,101,83,87,34" hai2="106,39,100,44,74,112,82,123,75,18,41,35,29" hai3="114,12,8,32,125,31,119,30,21,70,103,26,73"/><W28/><G73/><T128/><D110/><U98/><E34/><V86/><F112/><W76/><G76/><T94/><D68/><U134/><E127/><V132/><F18/><W109/><G70/><T1/><D118/><U59/><E131/><V102/><F102/><W67/><G103/><T96/><D133/><U122/><E134/><V124/><F132/><W52/><G67/><T117/><D117/><U42/><E108/><V56/><F56/><W104/><G104/><T49/><D128/><U53/><E42/><V69/><F124/><W58/><G109/><T66/><D66/><U15/><E122/><V135/><F135/><W13/><G125/><T116/><D116/><U7/><E84/><V107/><F107/><W0/><G119/><T63/><D63/><U25/><E7/><V54/><F54/><W64/><G114/><T48/><D1/><U93/><E6/><V60/><F86/><W113/><G113/><T11/><D5/><U2/><E2/><V129/><F82/><W46/><G0/><T16/><D11/><U72/><E72/><V81/><F81/><W121/><G121/><T45/><D24/><U99/><E99/><N who="2" m="61727" /><F129/><W77/><G77/><T91/><D45/><U90/><E93/><V89/><F89/><W9/><G46/><T97/><D78/><U92/><E92/><V4/><F4/><N who="3" m="3079" /><G32/><T3/><D3/><U37/><E37/><N who="0" m="14441" /><D80/><U57/><E65/><N who="2" m="41127" /><F123/><W19/><G64/><T120/><D120/><U111/><E111/><V130/><F130/><W55/><G55/><T79/><D79/><U33/><E53/><V22/><F22/><RYUUKYOKU ba="0,0" sc="365,10,320,-30,230,10,85,10" hai0="16,17,48,49,50,88,91,94,96,97" hai2="29,35,39,41,44,74,75" hai3="9,13,19,21,26,28,30,31,52,58" /><INIT seed="7,1,0,4,3,13" ten="375,290,240,95" oya="3" hai0="45,113,102,91,127,16,116,92,133,132,2,82,81" hai1="128,131,14,112,51,111,19,125,130,42,38,100,78" hai2="80,101,25,10,3,8,97,35,99,109,107,77,11" hai3="43,7,22,98,52,90,53,89,70,28,17,85,59"/><W117/><G117/><T75/><D116/><U39/><E111/><V36/><F109/><W29/><G70/><T58/><D2/><U49/><E112/><V5/><F99/><W60/><G43/><T73/><D102/><U72/><E125/><V47/><F25/><N who="3" m="14543" /><G7/><T93/><D45/><N who="1" m="25783" /><E100/><V123/><F123/><W30/><G53/><T108/><D58/><U135/><E135/><V105/><F35/><W20/><G98/><T54/><D54/><U0/><E0/><V64/><F64/><W21/><G90/><T119/><D127/><U74/><E51/><V46/><F46/><W62/><G60/><T18/><D108/><U104/><E104/><V33/><F33/><W27/><G20/><T40/><D119/><U114/><E114/><V76/><F76/><W9/><G9/><T124/><D124/><U41/><E41/><V44/><F44/><W96/><G96/><T71/><D40/><U115/><E115/><V67/><F67/><W57/><G59/><T37/><D113/><U106/><E106/><V6/><F47/><W83/><AGARI ba="1,0" hai="21,27,28,29,30,52,57,62,83,85,89" m="14543" machi="83" ten="30,6000,0" yaku="8,1,52,1,54,1" doraHai="13" who="3" fromWho="3" sc="375,-21,290,-21,240,-21,95,63" /><INIT seed="7,2,0,5,1,99" ten="354,269,219,158" oya="3" hai0="60,64,34,44,97,109,49,39,47,96,62,85,102" hai1="26,14,135,121,73,89,98,52,1,90,94,35,11" hai2="18,38,56,33,103,83,59,107,45,63,54,130,57" hai3="91,3,30,131,48,116,72,65,82,79,119,19,9"/><W55/><G131/><T95/><D109/><U51/><E73/><V22/><F33/><W108/><G108/><T125/><D125/><U23/><E1/><V24/><F130/><W66/><G30/><T27/><D39/><U129/><E35/><V124/><F124/><W76/><G76/><T75/><D75/><U12/><E12/><V36/><F83/><W53/><G91/><T111/><D111/><U37/><E37/><V110/><F110/><W2/><G2/><T78/><D85/><U8/><E8/><V123/><F123/><W6/><G19/><T28/><D78/><U92/><E135/><V122/><F122/><W0/><G55/><T58/><D49/><U81/><E81/><V20/><F38/><W132/><G0/><T128/><D128/><U13/><E11/><V70/><F70/><W68/><G132/><T105/><D62/><U32/><E32/><V31/><F36/><W21/><G21/><T17/><D17/><N who="1" m="12655" /><E121/><V120/><F120/><W117/><REACH who="3" step="1"/><G68/><REACH who="3" ten="354,269,219,148" step="2"/><T104/><D34/><U41/><E129/><V71/><F71/><W16/><G16/><T133/><D133/><U113/><E52/><V100/><F63/><W4/><G4/><T40/><D28/><U7/><E7/><V112/><F112/><W5/><G5/><T86/><D40/><U10/><E113/><V84/><F107/><W106/><G106/><T127/><D127/><U80/><E10/><V88/><F54/><W42/><G42/><T67/><D105/><U50/><E41/><V126/><F126/><W101/><G101/><T118/><D104/><U93/><E90/><RYUUKYOKU ba="2,1" sc="354,-10,269,-10,219,-10,148,30" hai3="3,6,9,48,53,65,66,72,79,82,116,117,119" /><INIT seed="7,3,1,4,3,25" ten="344,259,209,178" oya="3" hai0="53,13,99,4,78,74,93,104,116,11,5,105,87" hai1="15,22,100,131,102,59,122,124,63,135,84,8,55" hai2="58,91,119,30,115,103,7,31,32,60,108,34,127" hai3="41,29,82,130,28,42,24,92,120,35,126,38,66"/><W85/><G120/><T17/><D116/><U76/><E124/><V1/><F119/><W19/><G126/><T98/><D74/><U49/><E131/><V51/><F127/><W43/><G130/><T21/><D105/><U107/><E107/><V2/><F108/><W97/><G66/><T95/><D104/><U0/><E0/><V86/><F103/><N who="3" m="60839" /><G35/><T110/><D110/><U94/><E135/><V50/><F115/><W89/><G38/><T10/><D53/><N who="1" m="34287" /><E22/><AGARI ba="3,1" hai="19,22,24,28,29,41,42,43,82,85,89" m="60839" machi="22" ten="30,5800,0" yaku="8,1,52,2" doraHai="25" who="3" fromWho="1" sc="344,0,259,-67,209,0,178,77" /><INIT seed="7,4,0,3,2,121" ten="344,192,209,255" oya="3" hai0="94,20,18,130,79,113,132,90,50,99,47,128,5" hai1="97,115,89,39,129,26,38,122,77,116,87,49,84" hai2="118,51,110,88,2,52,64,71,86,28,9,65,114" hai3="109,54,61,107,7,13,25,42,111,40,60,21,56"/><W23/><G107/><T125/><D132/><U59/><E122/><V134/><F118/><W93/><G93/><T29/><D125/><U58/><E39/><V81/><F71/><W3/><G3/><T53/><D113/><U70/><E38/><V15/><F134/><W16/><G61/><T76/><D29/><U14/><E70/><V62/><F2/><W135/><G135/><T37/><D5/><U33/><E33/><V100/><F114/><W98/><G98/><T12/><D37/><U78/><E115/><V22/><F110/><N who="3" m="41995" /><G7/><T8/><D8/><U119/><E129/><AGARI ba="4,0" hai="12,18,20,47,50,53,76,79,90,94,99,128,129,130" machi="129" ten="40,1300,0" yaku="19,1" doraHai="121" who="0" fromWho="1" sc="344,25,192,-25,209,0,255,0" owari="369,46.0,167,-33.0,209,-19.0,255,6.0" /></mjloggm>