<mjloggm ver="2.3"><GO type="97" lobby="0"/><UN n0="%67%6C%69%65%73%65%35%35" n1="%E3%82%B9%E3%83%86%E3%83%B3%E3%83%AC%E3%82%B9%E3%83%A2%E3%83%A2" n2="%E5%B0%B1%E6%B4%BB%E7%94%9F%40%E5%B7%9D%E6%9D%91%E8%BB%8D%E5%9B%A3" n3="%6E%6F%69%72%39%39%39%39" dan="13,14,15,13" rate="1829.07,2013.14,2023.82,1896.72" sx="M,F,M,M"/><TAIKYOKU oya="0"/><INIT seed="0,0,0,2,2,49" ten="250,250,250,250" oya="0" hai0="22,98,55,103,96,110,134,73,97,58,112,40,71" hai1="85,117,128,94,13,111,116,4,52,93,106,74,67" hai2="126,31,50,25,122,21,63,29,26,45,129,34,43" hai3="41,59,120,9,76,70,57,100,130,33,80,5,69"/><T72/><D112/><U78/><E67/><V75/><F122/><W66/><G33/><T61/><D71/><U88/><E106/><V48/><F75/><W95/><G130/><T51/><D110/><U56/><E128/><V114/><F114/><W36/><G120/><T62/><D134/><U60/><E111/><V82/><F129/><W123/><G123/><T32/><D32/><U133/><E133/><V121/><F126/><W99/><G59/><T108/><D108/><U92/><E74/><V10/><F121/><W38/><G57/><T124/><D124/><U7/><E78/><V27/><F27/><W30/><G30/><T54/><D103/><U105/><E105/><V84/><F63/><W6/><G6/><N who="1" m="2090" /><E117/><V104/><F104/><W79/><G79/><T8/><D62/><U19/><E116/><V107/><F10/><AGARI ba="0,0" hai="10,13,19,52,56,60,85,88,92,93,94" m="2090" machi="10" ten="30,7700,0" yaku="8,1,52,1,54,2" doraHai="49" who="1" fromWho="2" sc="250,0,250,77,250,-77,250,0" /><INIT seed="1,0,0,5,5,3" ten="250,327,173,250" oya="1" hai0="14,0,35,72,47,23,49,54,27,109,30,134,132" hai1="123,119,51,21,128,92,8,58,103,111,97,7,65" hai2="116,11,31,55,29,89,113,67,1,88,90,12,26" hai3="124,93,66,100,2,38,25,6,107,83,105,78,85"/><U70/><E123/><V96/><F116/><W17/><G38/><T28/><D72/><U84/><E119/><V43/><F113/><W76/><G66/><T106/><D106/><U125/><E125/><V44/><F1/><W122/><G122/><T56/><D109/><U57/><E128/><V102/><F67/><W62/><G62/><T121/><D121/><U114/><E114/><V48/><F43/><W45/><G45/><T99/><D0/><U36/><E36/><V61/><F61/><W95/><G2/><T69/><D69/><U98/><E111/><V135/><F135/><W46/><G46/><T130/><D130/><U71/><E21/><V19/><REACH who="2" step="1"/><F26/><REACH who="2" ten="250,327,163,250" step="2"/><W79/><G25/><T5/><D132/><U120/><E65/><V104/><AGARI ba="0,1" hai="11,12,19,29,31,44,48,55,88,89,90,96,102,104" machi="104" ten="30,7900,0" yaku="1,1,2,1,0,1,54,1,53,0" doraHai="3" doraHaiUra="112" who="2" fromWho="2" sc="250,-20,327,-39,163,89,250,-20" /><INIT seed="2,0,0,5,0,7" ten="230,288,252,230" oya="2" hai0="101,120,23,93,38,96,100,41,61,102,44,73,87" hai1="127,6,33,84,122,51,9,26,48,103,25,60,83" hai2="18,59,68,129,47,13,2,118,135,27,24,95,39" hai3="62,17,22,86,53,130,37,1,97,104,75,67,91"/><V8/><F118/><W56/><G130/><T31/><D120/><U88/><E127/><V76/><F68/><W10/><G75/><T121/><D73/><U55/><E122/><V131/><F76/><W72/><G72/><T28/><D121/><U52/><E103/><V16/><F135/><W50/><G37/><T29/><D87/><U90/><E60/><V15/><F59/><W125/><G125/><T107/><D107/><U119/><E119/><V42/><F95/><W117/><G117/><T70/><D23/><U128/><E128/><N who="2" m="49227" /><F2/><W49/><G104/><T115/><REACH who="0" step="1"/><D115/><REACH who="0" ten="220,288,252,230" step="2"/><U114/><E114/><V30/><F30/><W45/><G97/><T77/><D77/><U94/><E33/><V132/><F132/><W21/><G49/><T11/><D11/><AGARI ba="0,1" hai="8,11,13,15,16,18,24,27,39,42,47" m="49227" machi="11" ten="30,11600,0" yaku="19,1,52,2,54,1" doraHai="7" who="2" fromWho="0" sc="220,-116,288,0,252,126,230,0" /><INIT seed="2,1,0,3,5,99" ten="104,288,378,230" oya="2" hai0="86,2,129,17,130,7,32,59,101,78,36,30,60" hai1="56,48,50,74,117,104,134,125,64,111,114,90,63" hai2="105,31,5,68,52,128,39,95,85,11,66,82,80" hai3="98,8,126,133,97,118,79,3,108,103,62,45,83"/><V119/><F105/><W109/><G118/><T55/><D36/><U122/><E117/><V44/><F119/><W72/><G126/><T131/><D17/><U20/><E114/><V75/><F128/><W33/><G33/><T42/><D42/><U84/><E125/><V10/><F31/><W123/><G123/><T76/><D86/><U12/><E122/><V71/><F66/><W46/><G133/><T26/><REACH who="0" step="1"/><D101/><REACH who="0" ten="94,288,378,230" step="2"/><U113/><E84/><V107/><F85/><W65/><G97/><T106/><D106/><U13/><E104/><V93/><F39/><W6/><G109/><T91/><D91/><U24/><E111/><V121/><F107/><W21/><G108/><T61/><D61/><U70/><E90/><V23/><F5/><W100/><G100/><T87/><D87/><U124/><E63/><V89/><F89/><W35/><G98/><T25/><D25/><U112/><E24/><V19/><F75/><W37/><G103/><T92/><D92/><U94/><E94/><V102/><F95/><W120/><G37/><T67/><D67/><U29/><E64/><V4/><F93/><W53/><G120/><T0/><D0/><U14/><E74/><V116/><F102/><W38/><G38/><T15/><D15/><U96/><E12/><V1/><F1/><W18/><G65/><T16/><D16/><U132/><E13/><V49/><F121/><W27/><G62/><T69/><D69/><U115/><E14/><V88/><F71/><W28/><G53/><T58/><D58/><U73/><E56/><V40/><F68/><W54/><G54/><RYUUKYOKU ba="1,1" sc="94,15,288,-15,378,-15,230,15" hai0="2,7,26,30,32,55,59,60,76,78,129,130,131" hai3="3,6,8,18,21,27,28,35,45,46,72,79,83" /><INIT seed="3,2,1,1,3,91" ten="109,273,363,245" oya="3" hai0="12,64,96,73,90,52,18,82,65,45,111,41,127" hai1="122,47,50,11,67,133,24,55,21,30,87,81,120" hai2="32,46,20,109,10,9,130,84,3,128,76,56,93" hai3="126,101,57,125,8,36,29,42,119,38,107,23,117"/><W83/><G57/><T63/><D127/><N who="3" m="48649" /><G83/><T17/><D111/><U4/><E133/><V28/><F109/><W78/><G78/><T121/><D121/><U13/><E67/><V6/><F32/><W71/><G71/><T116/><D116/><N who="3" m="44617" /><G8/><T58/><D73/><U99/><E99/><V48/><F10/><W31/><G23/><T59/><D59/><U68/><E68/><V110/><F110/><W61/><G61/><T88/><D90/><AGARI ba="2,1" hai="4,11,13,21,24,30,47,50,55,81,87,90,120,122" machi="90" ten="30,1000,0" yaku="7,1" doraHai="91" who="1" fromWho="0" sc="109,-16,273,26,363,0,245,0" owari="93,-41.0,299,10.0,363,46.0,245,-15.0" /></mjloggm>