<mjloggm ver="2.3"><GO type="225" lobby="0"/><UN n0="%E3%83%8F%E3%83%94%E3%83%8A%E5%90%8D%E6%8E%9B%E4%B8%81" n1="%E3%82%82%E3%82%81%E3%82%93%E3%81%AA%E3%81%A1%E3%82%83%E3%81%84" n2="%E3%83%88%E3%83%88%E3%83%AA%E5%85%88%E7%94%9F%31%39%E6%AD%B3" n3="%6E%65%70%6F%72%69%68" dan="17,17,17,16" rate="2137.42,2145.57,2234.52,2011.39" sx="M,M,F,M"/><TAIKYOKU oya="0"/><INIT seed="0,0,0,1,1,130" ten="250,250,250,250" oya="0" hai0="62,32,10,80,89,17,93,124,113,57,107,12,106" hai1="65,91,77,119,60,105,31,20,123,87,88,29,81" hai2="22,7,125,104,118,82,78,103,72,21,8,37,26" hai3="99,112,58,28,69,121,25,51,129,18,59,23,68"/><T79/><D113/><U133/><E123/><V54/><F125/><W70/><G112/><T100/><D32/><U63/><E119/><V115/><F115/><W95/><G129/><T47/><D47/><U43/><E133/><V111/><F118/><W48/><G121/><T50/><D50/><U131/><E131/><V134/><F111/><W109/><G109/><T2/><D2/><U11/><E105/><V117/><F117/><W52/><G48/><T19/><D19/><U44/><E11/><V53/><F22/><W96/><G59/><T40/><D40/><U94/><E91/><V15/><F134/><W56/><G56/><T98/><D100/><U92/><E92/><V90/><F37/><W13/><REACH who="3" step="1"/><G95/><REACH who="3" ten="250,250,250,240" step="2"/><T122/><D122/><U127/><E127/><V64/><F104/><W27/><G27/><T76/><D124/><U83/><E94/><V49/><F49/><W38/><G38/><T120/><D120/><U42/><E63/><V9/><F26/><W102/><G102/><N who="0" m="60751" /><D106/><U132/><E132/><V4/><F103/><W128/><G128/><T6/><D107/><U33/><E42/><V126/><F126/><W74/><G74/><T116/><D116/><U86/><E33/><AGARI ba="0,1" hai="13,18,23,25,28,33,51,52,58,68,69,70,96,99" machi="33" ten="40,2600,0" yaku="1,1,54,1,53,0" doraHai="130" doraHaiUra="135" who="3" fromWho="1" sc="250,0,250,-26,250,0,240,36" /><INIT seed="1,0,0,1,3,46" ten="250,224,250,276" oya="1" hai0="61,112,29,3,12,51,116,98,19,6,90,2,70" hai1="91,1,27,89,80,134,36,17,109,55,7,41,25" hai2="44,124,21,122,75,93,18,67,52,79,48,125,127" hai3="81,47,135,24,123,59,96,31,5,22,82,83,10"/><U37/><E134/><V64/><F122/><W30/><G135/><T68/><D112/><U103/><E109/><V73/><F93/><W118/><G123/><T129/><D116/><U20/><E103/><V34/><F34/><W50/><G118/><T130/><D29/><U100/><E100/><V105/><F105/><W117/><G117/><T39/><D39/><U114/><E114/><V33/><F33/><W13/><G59/><T92/><D51/><U72/><E27/><N who="2" m="14775" /><F79/><W56/><G56/><T26/><D26/><U115/><E115/><V107/><F107/><W77/><G96/><T97/><D97/><U42/><E42/><V11/><F11/><W126/><G126/><T132/><D132/><U94/><E55/><V40/><F40/><W74/><REACH who="3" step="1"/><G31/><REACH who="3" ten="250,224,250,266" step="2"/><T102/><D98/><U71/><E71/><V133/><F133/><W108/><G108/><T88/><D70/><U121/><E121/><V106/><F106/><W113/><G113/><T28/><D68/><U0/><E37/><V45/><F45/><W8/><G8/><T111/><D28/><U66/><E36/><V128/><F128/><W15/><G15/><T84/><D130/><U43/><E0/><V9/><F9/><W119/><G119/><T32/><D129/><U38/><E38/><V62/><F67/><W86/><G86/><T14/><D2/><U131/><E66/><V49/><F49/><W53/><AGARI ba="0,1" hai="5,10,13,22,24,30,47,50,53,74,77,81,82,83" machi="53" ten="20,8000,1" yaku="1,1,0,1,7,1,52,1,53,1" doraHai="46" doraHaiUra="104" who="3" fromWho="3" sc="250,-20,224,-40,250,-20,266,90" /><INIT seed="2,0,0,2,2,12" ten="230,184,230,356" oya="2" hai0="126,43,120,55,119,64,37,25,17,80,111,5,4" hai1="88,11,13,38,3,84,6,113,53,90,52,56,96" hai2="82,79,89,49,74,107,62,128,33,132,69,31,47" hai3="112,39,106,78,131,101,41,81,103,58,135,57,95"/><V93/><F107/><W117/><G117/><T61/><D120/><U100/><E113/><V14/><F128/><W24/><G106/><T36/><D119/><U28/><E38/><V109/><F132/><W23/><G131/><T67/><D126/><U15/><E28/><V59/><F69/><W40/><G135/><T125/><D125/><U16/><E3/><V2/><F2/><W54/><G112/><T130/><D130/><U42/><E42/><N who="3" m="16490" /><G39/><T97/><D37/><U73/><E73/><V35/><F109/><W123/><G123/><T22/><D111/><U75/><E75/><V85/><F31/><N who="3" m="17823" /><G95/><T27/><D43/><U115/><E115/><V68/><F68/><W48/><G58/><N who="0" m="35039" /><D36/><U108/><E108/><V110/><F110/><W1/><G1/><T121/><D121/><U0/><E0/><V77/><F47/><W34/><G34/><T72/><D72/><U65/><E65/><N who="0" m="25161" /><D80/><N who="1" m="49159" /><E100/><V76/><F35/><W21/><G103/><T87/><D97/><U46/><E46/><V66/><F33/><W70/><G101/><T133/><D133/><U98/><E90/><V10/><F49/><W94/><G70/><T45/><D45/><U114/><E114/><V71/><F71/><W102/><G102/><T127/><D127/><U20/><E53/><V134/><F134/><W60/><G54/><T83/><D83/><U9/><E9/><V26/><F74/><W32/><G81/><T86/><D86/><U105/><E105/><V92/><F82/><W124/><G32/><T8/><D87/><U63/><AGARI ba="0,0" hai="6,11,13,15,16,20,52,56,63,96,98" m="49159" machi="63" ten="30,8000,1" yaku="8,1,52,1,54,3" doraHai="12" who="1" fromWho="1" sc="230,-20,184,80,230,-40,356,-20" /><INIT seed="3,0,0,3,5,51" ten="210,264,190,336" oya="3" hai0="53,47,110,82,118,31,28,74,91,25,56,67,19" hai1="35,43,24,113,1,80,36,128,77,44,122,58,62" hai2="11,88,69,72,22,55,71,102,84,42,16,123,87" hai3="15,121,124,120,92,10,4,34,12,8,49,107,23"/><W73/><G107/><T103/><D118/><U70/><E128/><V13/><F72/><W116/><G34/><T30/><D103/><U127/><E127/><V98/><F123/><W17/><G73/><T33/><D110/><U112/><E122/><V29/><F42/><W90/><G116/><T135/><D135/><U86/><E1/><V59/><F69/><W133/><G133/><T46/><D67/><U40/><E40/><V5/><F71/><W14/><G49/><T9/><D74/><U129/><E129/><V101/><F29/><W78/><G78/><T48/><D33/><U130/><E130/><V26/><F98/><W95/><G95/><T65/><D65/><U18/><E70/><V83/><F84/><W7/><G124/><T105/><D105/><U132/><E132/><V37/><F37/><W57/><G57/><T66/><D66/><U93/><E93/><V50/><AGARI ba="0,0" hai="5,11,13,16,22,26,50,55,59,83,87,88,101,102" machi="50" ten="20,12000,2" yaku="0,1,7,1,8,1,52,1,54,2" doraHai="51" who="2" fromWho="2" sc="210,-30,264,-30,190,120,336,-60" owari="180,-32.0,234,-17.0,310,41.0,276,8.0" /></mjloggm>