<mjloggm ver="2.3"><GO type="169" lobby="0"/><UN n0="%E5%B0%B1%E6%B4%BB%E7%94%9F%40%E5%B7%9D%E6%9D%91%E8%BB%8D%E5%9B%A3" n1="%E6%99%AE%E8%B3%A2" n2="%E9%9B%80%E9%BE%8D%E9%96%80%5F%59%75%74%69" n3="%79%61%6D%69" dan="17,16,18,17" rate="2194.35,2093.31,2228.65,2164.85" sx="M,F,M,M"/><TAIKYOKU oya="0"/><INIT seed="0,0,0,1,3,19" ten="250,250,250,250" oya="0" hai0="38,43,88,71,110,40,102,8,29,15,4,119,64" hai1="37,35,36,77,44,118,53,74,92,58,16,11,87" hai2="84,28,123,130,73,112,32,116,17,131,107,108,72" hai3="3,60,42,82,49,90,62,106,105,14,75,9,97"/><T120/><D119/><U132/><E118/><V12/><F116/><W114/><G3/><T101/><D120/><U103/><E132/><V100/><F123/><W52/><G42/><T22/><D110/><U63/><E35/><V33/><F112/><W121/><G114/><T127/><D127/><U83/><E44/><V1/><F108/><W55/><G121/><T54/><D54/><U23/><E11/><V133/><F1/><W5/><G55/><T115/><D115/><U113/><E113/><V51/><F107/><W126/><G126/><T25/><D38/><U7/><E7/><V89/><F100/><N who="0" m="38506" /><D71/><U91/><REACH who="1" step="1"/><E103/><REACH who="1" ten="250,240,250,250" step="2"/><V85/><F133/><W20/><G106/><T99/><D64/><U18/><E18/><V31/><F17/><W27/><G105/><T98/><D98/><U79/><E79/><V21/><F33/><W57/><G97/><T86/><D99/><U39/><E39/><V61/><F32/><W26/><G5/><T67/><D67/><U34/><E34/><V134/><F134/><W78/><G9/><T125/><D125/><U68/><E68/><V47/><F47/><W129/><G78/><T41/><D41/><U117/><E117/><V56/><F56/><W66/><G57/><T6/><D6/><U24/><AGARI ba="0,1" hai="16,23,24,36,37,53,58,63,74,77,83,87,91,92" machi="24" ten="20,8000,1" yaku="1,1,0,1,7,1,52,1,54,1,53,0" doraHai="19" doraHaiUra="95" who="1" fromWho="1" sc="250,-40,240,90,250,-20,250,-20" /><INIT seed="1,0,0,3,1,127" ten="210,330,230,230" oya="1" hai0="67,87,131,88,104,77,7,49,130,128,90,109,114" hai1="97,14,52,82,110,22,0,129,84,108,63,106,40" hai2="115,125,12,121,69,45,112,94,73,126,2,8,124" hai3="46,113,118,29,134,50,122,19,79,15,24,66,96"/><U16/><E0/><V72/><F69/><W34/><G113/><N who="2" m="43593" /><F121/><W132/><G122/><T80/><D114/><U93/><E40/><V37/><F94/><W65/><G79/><T99/><D109/><N who="1" m="42091" /><E106/><V83/><F2/><W21/><G96/><T100/><D7/><U133/><E133/><N who="3" m="51306" /><G118/><T38/><D38/><U20/><E20/><V26/><F26/><W17/><G17/><T103/><D67/><U30/><E30/><V68/><F68/><W101/><G101/><N who="0" m="62527" /><D49/><U64/><E64/><V86/><F45/><W47/><G47/><T23/><D23/><U27/><E14/><V92/><F92/><W95/><G95/><N who="0" m="54687" /><D90/><N who="1" m="55479" /><E84/><AGARI ba="0,0" hai="77,80,84,100,103,128,130,131" m="54687,62527" machi="84" ten="30,12000,2" yaku="19,1,34,2,52,3,54,1" doraHai="127" who="0" fromWho="1" sc="210,120,330,-120,230,0,230,0" /><INIT seed="2,0,0,5,0,10" ten="330,210,230,230" oya="2" hai0="20,74,26,31,50,71,86,59,115,52,37,75,40" hai1="80,17,4,42,21,130,22,25,56,6,102,28,107" hai2="104,122,68,73,91,120,94,18,100,8,77,70,54" hai3="132,127,87,39,65,49,103,119,89,101,90,60,72"/><V11/><F104/><W82/><G39/><T111/><D115/><U83/><E130/><V117/><F100/><W116/><G127/><T97/><D71/><U110/><E110/><V63/><F117/><W92/><G49/><T24/><D111/><U99/><E42/><V131/><F131/><W67/><G132/><T30/><D97/><U38/><E38/><V27/><F73/><W125/><G125/><T1/><D1/><U126/><E126/><V23/><F77/><W123/><G123/><T96/><D96/><U118/><E118/><V14/><F8/><W64/><G72/><T7/><D7/><U19/><E28/><V133/><F133/><W46/><G46/><T84/><D74/><U108/><E108/><V5/><F70/><W16/><G119/><T113/><D75/><U58/><E4/><V12/><F27/><W128/><G128/><T98/><D98/><U33/><E6/><V44/><F68/><W106/><G106/><T109/><D109/><U135/><E33/><V53/><F53/><W124/><G124/><T78/><D78/><U121/><E121/><V134/><F134/><W51/><G116/><T85/><D113/><U13/><REACH who="1" step="1"/><E135/><REACH who="1" ten="330,200,230,230" step="2"/><V76/><F76/><W79/><G79/><T2/><D37/><U35/><E35/><V114/><F114/><W34/><G34/><T112/><D112/><U66/><E66/><V9/><F122/><W47/><G67/><T3/><D40/><U69/><E69/><V57/><F120/><W88/><G64/><T129/><D129/><U36/><E36/><V55/><F5/><W41/><G65/><RYUUKYOKU ba="0,1" sc="330,15,200,15,230,-15,230,-15" hai0="2,3,20,24,26,30,31,50,52,59,84,85,86" hai1="13,17,19,21,22,25,56,58,80,83,99,102,107" /><INIT seed="3,1,1,1,5,74" ten="345,215,215,215" oya="3" hai0="66,105,20,80,107,40,112,75,11,96,30,1,69" hai1="79,120,60,0,2,22,9,49,46,124,59,24,31" hai2="58,45,72,118,84,6,99,108,115,47,132,28,102" hai3="21,19,83,48,36,127,26,15,106,61,93,92,54"/><W119/><G119/><T82/><D40/><U25/><E120/><V97/><F72/><W78/><G36/><T125/><D125/><U134/><E124/><V71/><F118/><W63/><G127/><T73/><D112/><U109/><E109/><V130/><F115/><W53/><G106/><T55/><D55/><U91/><E134/><V50/><F71/><W52/><G48/><T8/><D96/><U29/><E91/><V68/><F68/><W35/><G35/><T7/><D69/><U65/><E9/><V5/><F28/><W12/><G93/><T81/><D66/><U23/><REACH who="1" step="1"/><E79/><REACH who="1" ten="345,205,215,215" step="2"/><V86/><F108/><W117/><G117/><T122/><D122/><U14/><E14/><V44/><F132/><W17/><G92/><T94/><D94/><U27/><E27/><V77/><F77/><W16/><G15/><T34/><D11/><U111/><E111/><V133/><F133/><W43/><G43/><AGARI ba="1,2" hai="0,2,22,23,24,25,29,31,43,46,49,59,60,65" machi="43" ten="30,3900,0" yaku="1,1,7,1,9,1,53,0" doraHai="74" doraHaiUra="103" who="1" fromWho="3" sc="345,0,205,62,215,0,215,-42" /><INIT seed="4,0,0,1,5,124" ten="345,267,215,173" oya="0" hai0="79,84,68,58,53,42,9,76,71,36,19,56,83" hai1="102,89,119,44,82,45,115,67,93,112,81,63,50" hai2="46,48,100,109,2,59,61,25,92,134,17,26,127" hai3="31,88,96,5,85,90,32,0,98,22,131,41,120"/><T11/><D36/><U80/><E102/><V66/><F109/><W64/><G32/><T13/><D42/><U7/><E7/><V30/><F134/><W114/><G114/><N who="1" m="43562" /><E50/><V18/><F127/><W133/><G133/><T101/><D101/><U130/><E130/><V54/><F2/><W72/><G72/><T33/><D33/><U8/><E8/><V24/><F30/><W121/><G64/><T27/><D27/><U52/><E119/><V47/><F46/><W105/><G41/><T62/><D76/><U104/><E104/><V128/><F128/><W111/><G111/><T91/><D79/><U57/><E67/><V78/><F78/><W20/><G105/><T118/><D118/><U135/><E135/><V95/><F100/><W28/><G85/><AGARI ba="0,0" hai="44,45,52,57,63,80,81,82,85,89,93" m="43562" machi="85" ten="30,3900,0" yaku="15,1,11,1,54,1" doraHai="124" who="1" fromWho="3" sc="345,0,267,39,215,0,173,-39" /><INIT seed="5,0,0,2,2,7" ten="345,306,215,134" oya="1" hai0="127,63,8,88,3,22,64,42,25,125,24,16,4" hai1="101,89,91,5,51,118,29,103,19,44,15,110,107" hai2="56,61,18,52,33,96,108,102,90,111,36,6,68" hai3="98,58,106,109,65,30,40,0,53,70,45,81,97"/><U10/><E118/><V57/><F68/><W23/><G109/><T85/><D42/><U87/><E29/><V93/><F36/><W92/><G0/><T77/><D77/><U126/><E126/><V34/><F6/><W135/><G106/><T76/><D76/><U66/><E66/><V123/><F123/><W60/><G135/><T112/><D112/><U120/><E120/><V121/><F121/><W105/><G105/><T75/><D75/><U114/><E114/><V113/><F113/><W21/><G81/><T39/><D39/><U131/><E131/><V86/><F18/><W43/><G30/><T124/><D25/><U17/><E91/><V48/><F111/><W62/><G43/><T37/><D37/><U95/><E110/><V128/><F128/><W49/><REACH who="3" step="1"/><G98/><REACH who="3" ten="345,306,215,124" step="2"/><T11/><D3/><U54/><E107/><V78/><F108/><W47/><G47/><T119/><D119/><U12/><E5/><V1/><F1/><W13/><G13/><T79/><D4/><U130/><E130/><V28/><F28/><W2/><G2/><T38/><D79/><U41/><E41/><V71/><F78/><W50/><G50/><T100/><D38/><U80/><E95/><V82/><REACH who="2" step="1"/><F71/><REACH who="2" ten="345,306,205,124" step="2"/><W67/><G67/><AGARI ba="0,2" hai="33,34,48,52,56,57,61,67,82,86,90,93,96,102" machi="67" ten="30,7700,0" yaku="1,1,2,1,7,1,54,1,53,0" doraHai="7" doraHaiUra="74" who="2" fromWho="3" sc="345,0,306,0,205,97,124,-77" /><INIT seed="6,0,0,0,4,15" ten="345,306,302,47" oya="2" hai0="100,41,101,55,66,20,75,33,58,82,21,31,53" hai1="39,38,83,135,6,37,68,79,88,64,32,48,19" hai2="70,4,46,29,91,109,105,5,112,129,117,22,80" hai3="116,84,98,92,63,81,52,13,30,26,89,16,47"/><V60/><F117/><W44/><G116/><T57/><D33/><U96/><E6/><V113/><F105/><W85/><G30/><T131/><D131/><U106/><E32/><V65/><F129/><W61/><G26/><T59/><D66/><U134/><E48/><V123/><F123/><W114/><G114/><N who="2" m="44137" /><F109/><W9/><G85/><T17/><D75/><U49/><E49/><V10/><F46/><W74/><G74/><T94/><D82/><U18/><E64/><V0/><F4/><W12/><G12/><N who="0" m="9255" /><D41/><U111/><E68/><V78/><F91/><W127/><G127/><T43/><D43/><U25/><E25/><N who="2" m="16567" /><F80/><W132/><G132/><N who="1" m="50730" /><E111/><V128/><F128/><W62/><REACH who="3" step="1"/><G52/><REACH who="3" ten="345,306,302,37" step="2"/><T67/><D67/><U130/><E130/><V124/><F78/><AGARI ba="0,1" hai="9,13,16,44,47,61,62,63,78,81,84,89,92,98" machi="78" ten="40,8000,1" yaku="1,1,2,1,8,1,52,1,54,1,53,0" doraHai="15" doraHaiUra="69" who="3" fromWho="2" sc="345,0,306,0,302,-80,37,90" /><INIT seed="7,0,0,5,0,66" ten="345,306,222,127" oya="3" hai0="63,80,134,100,26,25,77,31,33,112,85,129,48" hai1="4,69,122,113,95,102,61,56,8,120,44,71,11" hai2="127,78,130,19,104,22,111,53,121,52,29,75,40" hai3="81,39,6,23,108,50,90,131,54,27,10,67,114"/><W15/><G39/><T133/><D129/><U49/><E122/><V1/><F104/><W45/><G131/><T99/><D112/><U89/><E102/><V9/><F111/><W101/><G114/><T34/><D63/><U103/><E103/><V57/><F130/><W41/><G108/><T51/><D26/><U83/><E83/><V42/><F1/><W74/><G101/><T107/><D34/><U32/><E32/><V68/><F68/><W76/><G67/><T132/><AGARI ba="0,0" hai="25,31,33,48,51,77,80,85,99,100,107,132,133,134" machi="132" ten="30,2000,0" yaku="0,1,20,1" doraHai="66" who="0" fromWho="0" sc="345,20,306,-5,222,-5,127,-10" owari="365,46.0,301,10.0,217,-18.0,117,-38.0" /></mjloggm>