<mjloggm ver="2.3"><GO type="169" lobby="0"/><UN n0="%E5%B0%B1%E6%B4%BB%E7%94%9F%40%E5%B7%9D%E6%9D%91%E8%BB%8D%E5%9B%A3" n1="%E7%AB%8B%E8%8F%AF%E5%A5%8F" n2="%6E%6E%6E%6E%6E%6E" n3="%E6%B0%91%E8%8A%B8" dan="16,17,17,16" rate="2112.57,2164.55,2156.33,2111.43" sx="M,F,M,M"/><TAIKYOKU oya="0"/><INIT seed="0,0,0,4,0,23" ten="250,250,250,250" oya="0" hai0="45,116,130,100,114,14,99,81,83,86,57,39,47" hai1="122,88,101,59,12,96,52,102,30,84,80,37,131" hai2="103,74,50,105,124,94,17,97,6,104,110,49,60" hai3="98,132,10,15,123,16,2,55,35,78,9,38,68"/><T129/><D116/><U106/><E122/><V25/><F110/><W75/><G68/><T108/><D114/><U1/><E1/><V93/><F74/><W22/><G123/><T121/><D121/><U69/><E69/><V95/><F105/><W133/><G35/><T18/><D108/><U76/><E131/><N who="0" m="50185" /><D57/><U31/><E37/><V91/><F124/><W115/><G115/><T65/><D65/><U46/><E46/><N who="0" m="17417" /><D86/><U13/><E101/><V64/><F6/><W113/><G38/><T70/><D70/><U118/><E118/><V120/><F120/><W109/><G109/><T42/><D42/><U19/><E76/><V20/><REACH who="2" step="1"/><F91/><REACH who="2" ten="250,250,240,250" step="2"/><W53/><G75/><T29/><D39/><U44/><E44/><V63/><F63/><W58/><G113/><T111/><D111/><U67/><E67/><V24/><F24/><W61/><G61/><T40/><D40/><U125/><E125/><V27/><F27/><W32/><G132/><T48/><D48/><U128/><E128/><V112/><F112/><W21/><G133/><T36/><D36/><U89/><E89/><V41/><F41/><W11/><G53/><T33/><D33/><U77/><E88/><V126/><F126/><W92/><G32/><T5/><D5/><U34/><E34/><V82/><F82/><W79/><G55/><T135/><D135/><U107/><E107/><V117/><F117/><W73/><G73/><T90/><D90/><U119/><E106/><V51/><F51/><W28/><G92/><N who="0" m="58471" /><D83/><U87/><E80/><V134/><F134/><W71/><G79/><T54/><D81/><RYUUKYOKU ba="0,1" sc="250,-10,250,-10,240,30,250,-10" hai2="17,20,25,49,50,60,64,93,94,95,97,103,104" /><INIT seed="1,1,1,4,3,2" ten="240,240,270,240" oya="1" hai0="57,98,83,84,131,46,53,108,73,22,18,36,113" hai1="82,25,39,52,24,105,94,97,67,66,3,35,104" hai2="6,120,133,0,7,102,44,70,40,62,130,29,33" hai3="68,21,119,96,128,23,92,10,69,79,8,47,12"/><U54/><E3/><V95/><F120/><W111/><G111/><T14/><D113/><U43/><E82/><V9/><F6/><W41/><G128/><T20/><D73/><U86/><E86/><V58/><F130/><W28/><G119/><T19/><D108/><U85/><E85/><V17/><F70/><W116/><G116/><T59/><D98/><U32/><E43/><V4/><F4/><W16/><G79/><T81/><D131/><U5/><E94/><V123/><F123/><W114/><G114/><T115/><D115/><U76/><E76/><V77/><F17/><W125/><G125/><T103/><D103/><U87/><E87/><V64/><F133/><W110/><G110/><T34/><D34/><U72/><E39/><V50/><F77/><W61/><G21/><T31/><D31/><U88/><E97/><V129/><F129/><W132/><G132/><T30/><D30/><U27/><E27/><V135/><F135/><W42/><G42/><T118/><D118/><U122/><E122/><V78/><F78/><W91/><G61/><T127/><D127/><U112/><E112/><V99/><F29/><W65/><G65/><T11/><D36/><U75/><E88/><V15/><REACH who="2" step="1"/><F33/><REACH who="2" ten="240,240,260,240" step="2"/><W134/><G134/><T117/><D117/><U49/><E5/><V124/><F124/><W48/><REACH who="3" step="1"/><G10/><REACH who="3" ten="240,240,260,230" step="2"/><T93/><D11/><U107/><E107/><V121/><F121/><W38/><G38/><T89/><D81/><U80/><E80/><V109/><F109/><W55/><G55/><T37/><D83/><U60/><E60/><V106/><F106/><RYUUKYOKU ba="1,3" sc="240,-30,240,10,260,10,230,10" hai1="24,25,32,35,49,52,54,66,67,72,75,104,105" hai2="0,7,9,15,40,44,50,58,62,64,95,99,102" hai3="8,12,16,23,28,41,47,48,68,69,91,92,96" /><INIT seed="1,2,3,0,4,116" ten="210,250,270,240" oya="1" hai0="114,75,62,47,34,14,53,65,129,99,32,110,6" hai1="58,42,102,79,96,86,107,117,85,56,134,125,51" hai2="45,63,50,60,52,133,98,24,54,89,15,94,46" hai3="1,119,113,5,124,123,30,103,108,87,2,70,112"/><U121/><E117/><V40/><F133/><W49/><G70/><T128/><D75/><U27/><E134/><V104/><F104/><W109/><G103/><T26/><D110/><N who="3" m="42601" /><G119/><T33/><D114/><N who="3" m="44137" /><G124/><T131/><D99/><U39/><E125/><V8/><F24/><W106/><G106/><T23/><D6/><U28/><E39/><V25/><F25/><W73/><G73/><T76/><D76/><U68/><E68/><V21/><F21/><W82/><G30/><N who="0" m="17759" /><D14/><U97/><E97/><V19/><F46/><W111/><N who="3" m="42609" /><W118/><DORA hai="100" /><G118/><T0/><D0/><N who="3" m="105" /><G49/><N who="0" m="28863" /><D34/><U69/><E69/><AGARI ba="2,3" hai="32,33,62,65,69,128,129,131" m="28863,17759" machi="69" ten="30,1000,0" yaku="19,1" doraHai="116,100" who="0" fromWho="1" sc="210,46,250,-16,270,0,240,0" /><INIT seed="2,0,0,2,2,80" ten="256,234,270,240" oya="2" hai0="121,94,127,119,132,68,25,106,83,64,19,135,67" hai1="128,89,37,30,50,47,92,96,28,88,120,124,66" hai2="14,40,45,43,112,109,103,116,36,48,39,5,63" hai3="77,21,29,46,98,134,105,87,49,11,41,86,73"/><V61/><F103/><W1/><G134/><T42/><D106/><U20/><E124/><V69/><F5/><W91/><G1/><T51/><D121/><U18/><E128/><V117/><F14/><W74/><G11/><T82/><D127/><U52/><E120/><V111/><F112/><W58/><G77/><T114/><D94/><U118/><E118/><N who="2" m="45675" /><F69/><W122/><G122/><T34/><D114/><U23/><E37/><N who="2" m="14411" /><F40/><W44/><G44/><N who="0" m="26007" /><D68/><U24/><E66/><N who="0" m="25129" /><D119/><U3/><E3/><V93/><F93/><W101/><G58/><T79/><D79/><U53/><E53/><V125/><F125/><W90/><G90/><T81/><D34/><U15/><E89/><V133/><F133/><N who="0" m="51274" /><D25/><U97/><E28/><V57/><F57/><W10/><G91/><T27/><D27/><U78/><E78/><V33/><F33/><W62/><G105/><T102/><D19/><U22/><E22/><V107/><F107/><W60/><G21/><T55/><D55/><U95/><E95/><V65/><F65/><W12/><G101/><AGARI ba="0,0" hai="81,82,83,101,102" m="51274,25129,26007" machi="101" ten="40,1300,0" yaku="20,1" doraHai="80" who="0" fromWho="3" sc="256,13,234,0,270,0,240,-13" /><INIT seed="3,0,0,4,2,35" ten="269,234,270,227" oya="3" hai0="61,102,98,67,126,68,83,99,11,25,5,63,28" hai1="12,74,129,109,71,59,3,56,123,16,94,54,97" hai2="60,105,106,103,29,80,17,0,77,100,43,10,125" hai3="107,8,38,119,66,9,50,111,130,27,114,21,128"/><W4/><G38/><T64/><D126/><U72/><E109/><V101/><F125/><W95/><G107/><T32/><D83/><U42/><E123/><V24/><F43/><W48/><G114/><T132/><D132/><U14/><E71/><V82/><F60/><W115/><G115/><T118/><D118/><U93/><E42/><V120/><F80/><W18/><G119/><T7/><D98/><U70/><E70/><V22/><F120/><W86/><G66/><T85/><D85/><U37/><E37/><V30/><F30/><W75/><G75/><T33/><D32/><U84/><E84/><V127/><F127/><W76/><G111/><T36/><D11/><U49/><E129/><N who="3" m="49770" /><G9/><T73/><D36/><U46/><E46/><V26/><F10/><W113/><G113/><T57/><REACH who="0" step="1"/><D73/><REACH who="0" ten="259,234,270,227" step="2"/><U124/><E124/><V96/><F96/><W90/><G76/><T122/><D122/><U79/><E79/><V89/><F77/><W40/><G40/><T13/><D13/><AGARI ba="0,1" hai="4,8,13,18,21,27,48,50,86,90,95" m="49770" machi="13" ten="30,1500,0" yaku="19,1" doraHai="35" who="3" fromWho="0" sc="259,-15,234,0,270,0,227,25" /><INIT seed="3,1,0,2,2,57" ten="244,234,270,252" oya="3" hai0="27,74,9,31,3,32,103,100,94,84,52,8,60" hai1="72,131,24,133,88,83,115,95,128,53,36,49,20" hai2="93,76,48,80,54,66,125,43,75,107,13,25,71" hai3="106,82,108,35,98,41,22,127,118,42,132,79,109"/><W11/><G35/><T65/><D74/><U135/><E115/><V1/><F107/><W104/><G118/><T77/><D3/><U96/><E36/><V23/><F1/><W129/><G129/><N who="1" m="49738" /><E72/><V34/><F34/><W19/><G11/><T44/><D77/><U102/><E83/><V126/><F43/><N who="3" m="16395" /><G98/><T85/><D9/><U51/><E102/><V10/><F93/><W86/><G132/><N who="1" m="50762" /><E53/><V38/><F38/><W18/><G104/><T121/><D8/><U130/><N who="1" m="49746" /><U119/><DORA hai="111" /><E119/><V67/><F67/><W73/><G106/><T70/><D121/><U105/><E105/><V7/><F66/><W58/><G73/><T21/><D32/><U92/><E92/><V17/><REACH who="2" step="1"/><F71/><REACH who="2" ten="244,234,260,252" step="2"/><W81/><G108/><T90/><D103/><U91/><E91/><V101/><F101/><W50/><G109/><T55/><D100/><U29/><AGARI ba="1,1" hai="20,24,29,49,51,88,95,96" m="50762,49746" machi="29" ten="50,6400,0" yaku="19,1,20,1,54,1" doraHai="57,111" who="1" fromWho="1" sc="244,-17,234,77,260,-17,252,-33" /><INIT seed="4,0,0,1,2,81" ten="227,311,243,219" oya="0" hai0="38,68,88,16,52,72,115,113,39,55,121,108,116" hai1="123,73,131,36,124,61,100,22,19,126,64,9,31" hai2="77,66,10,120,24,102,106,40,127,34,122,48,97" hai3="78,118,26,59,42,11,84,44,93,111,43,71,14"/><T82/><D68/><U90/><E123/><V74/><F127/><N who="1" m="48681" /><E131/><V65/><F10/><W70/><G111/><T4/><D4/><U5/><E73/><V101/><F101/><W130/><G118/><T87/><D116/><U129/><E129/><V109/><F109/><W117/><G117/><T27/><D108/><U18/><E36/><V28/><F48/><W47/><G130/><T83/><D121/><U0/><E100/><V104/><F104/><W35/><G35/><T135/><D135/><U3/><E3/><V79/><F79/><W1/><G1/><T62/><D72/><U23/><E90/><V57/><F57/><W51/><G26/><T45/><D62/><U60/><E31/><V92/><F122/><W21/><G21/><N who="1" m="7690" /><E60/><V110/><F110/><W33/><G33/><T132/><D132/><U46/><E46/><N who="3" m="17450" /><G78/><T128/><D128/><U8/><E8/><V86/><F74/><W69/><G69/><AGARI ba="0,0" hai="0,5,9,18,19,61,64,69" m="7690,48681" machi="69" ten="30,1000,0" yaku="18,1" doraHai="81" who="1" fromWho="3" sc="227,0,311,10,243,0,219,-10" /><INIT seed="5,0,0,0,2,80" ten="227,321,243,209" oya="1" hai0="88,75,132,101,133,61,82,131,52,2,119,86,8" hai1="28,69,1,70,35,104,40,29,76,130,121,47,103" hai2="37,92,118,64,100,87,123,45,9,112,50,135,27" hai3="17,41,102,18,16,89,122,59,15,106,51,6,105"/><U90/><E121/><V49/><F118/><W5/><G122/><T42/><D119/><U134/><E1/><V114/><F135/><N who="0" m="51786" /><D131/><U128/><E134/><V117/><F117/><W21/><G105/><T48/><D75/><U77/><E103/><V85/><F123/><W127/><G127/><T43/><D101/><U95/><E104/><V96/><F64/><W79/><G79/><T109/><D109/><U73/><E73/><V124/><F37/><W25/><G102/><T111/><D111/><U116/><E116/><V3/><F50/><W129/><G106/><T12/><D61/><U71/><E76/><V32/><F32/><W60/><G129/><N who="1" m="49770" /><E77/><V72/><F72/><W24/><G41/><T34/><D2/><U36/><E35/><V107/><F27/><N who="3" m="10315" /><G51/><T99/><D99/><AGARI ba="0,0" hai="28,29,36,40,47,69,70,71,90,95,99" m="49770" machi="99" ten="40,2000,0" yaku="19,1" doraHai="80" who="1" fromWho="0" sc="227,-20,321,20,243,0,209,0" /><INIT seed="5,1,0,0,2,82" ten="207,341,243,209" oya="1" hai0="4,68,93,85,55,56,112,39,110,58,49,22,0" hai1="90,75,36,102,111,40,108,77,65,46,97,51,13" hai2="74,50,53,109,123,127,114,120,80,45,134,129,117" hai3="84,19,54,43,8,5,34,20,17,98,88,24,28"/><U105/><E65/><V57/><F74/><W23/><G43/><T61/><D110/><U92/><E36/><V119/><F80/><W78/><G78/><T104/><D104/><U91/><E91/><V107/><F107/><W95/><G34/><T96/><D112/><U100/><E100/><V79/><F79/><W76/><G54/><T35/><D35/><U126/><E126/><V1/><F1/><W16/><G76/><T81/><D39/><U67/><E67/><V29/><F29/><W3/><REACH who="3" step="1"/><G98/><REACH who="3" ten="207,341,243,199" step="2"/><T64/><D0/><U37/><E77/><V94/><F53/><W12/><AGARI ba="1,1" hai="3,5,8,12,16,17,19,20,23,24,28,84,88,95" machi="12" ten="20,16000,3" yaku="1,1,2,1,0,1,7,1,52,1,54,2,53,1" doraHai="82" doraHaiUra="25" who="3" fromWho="3" sc="207,-41,341,-81,243,-41,199,173" /><INIT seed="6,0,0,0,4,0" ten="166,260,202,372" oya="2" hai0="46,32,113,9,89,74,135,37,77,19,42,38,62" hai1="8,133,78,134,49,3,126,4,23,24,43,96,40" hai2="22,29,71,129,106,69,52,65,110,111,66,108,91" hai3="85,95,125,101,58,79,11,92,76,7,107,119,61"/><V128/><F106/><W2/><G119/><T31/><D135/><N who="1" m="51723" /><E126/><V80/><F80/><W33/><G33/><T13/><D113/><U14/><E78/><V47/><F91/><W88/><G125/><T18/><D38/><U10/><E96/><V21/><F29/><W114/><G107/><T41/><D42/><U124/><E124/><V44/><F111/><W93/><G114/><T68/><D77/><U105/><E105/><V1/><F1/><W99/><G93/><T45/><D74/><U102/><E102/><V17/><F17/><W116/><G116/><T121/><D121/><U48/><E40/><V132/><F132/><W56/><G56/><T82/><D45/><U84/><E84/><V120/><REACH who="2" step="1"/><F52/><AGARI ba="0,0" hai="2,7,11,52,58,61,76,79,85,88,92,95,99,101" machi="52" ten="30,7700,0" yaku="7,1,52,1,54,2" doraHai="0" who="3" fromWho="2" sc="166,0,260,0,202,-77,372,77" /><INIT seed="7,0,0,4,2,120" ten="166,260,125,449" oya="3" hai0="118,9,132,101,76,52,121,4,54,14,50,28,117" hai1="80,135,63,81,13,22,67,7,128,84,5,20,123" hai2="72,35,48,108,45,105,47,46,79,18,94,122,116" hai3="87,68,43,110,85,92,124,107,17,91,111,41,75"/><W37/><G75/><T23/><D121/><U55/><E123/><V127/><F122/><W62/><G107/><T112/><D76/><U106/><E106/><V15/><F105/><W2/><G2/><T19/><D28/><U16/><E128/><V129/><F129/><W95/><G124/><T3/><D101/><U90/><E135/><V12/><F127/><W96/><G17/><T64/><D132/><U51/><E80/><V134/><F134/><W70/><G37/><T97/><D97/><U103/><E103/><V93/><F116/><W104/><G104/><T27/><D64/><U73/><E73/><V114/><F48/><W109/><G85/><T32/><D112/><U29/><E29/><V39/><F39/><W21/><G21/><T88/><D54/><U10/><E20/><V65/><F65/><N who="3" m="41015" /><G70/><T59/><D88/><AGARI ba="0,0" hai="41,43,87,88,91,92,95,96,109,110,111" m="41015" machi="88" ten="30,12000,1" yaku="10,1,52,3,54,1" doraHai="120" who="3" fromWho="0" sc="166,-120,260,0,125,0,449,120" owari="46,-45.0,260,6.0,125,-27.0,569,66.0" /></mjloggm>