<mjloggm ver="2.3"><GO type="169" lobby="0"/><UN n0="%E3%81%98%E3%81%9A%E3%83%BC" n1="%E3%83%8F%E3%82%B4%E2%98%85%E6%B2%B3%E7%AB%A5" n2="%E3%82%82%E3%82%81%E3%82%93%E3%81%AA%E3%81%A1%E3%82%83%E3%81%84" n3="%E3%82%A6%E3%83%AB%E3%83%88%E3%83%A9%E7%AB%8B%E7%9B%B4" dan="16,16,16,16" rate="2123.92,2110.71,2130.81,2106.44" sx="M,M,F,M"/><TAIKYOKU oya="0"/><INIT seed="0,0,0,1,2,1" ten="250,250,250,250" oya="0" hai0="72,39,130,81,122,112,41,109,49,132,52,95,93" hai1="60,46,31,55,106,27,135,14,74,58,63,7,25" hai2="15,36,115,20,84,85,70,131,133,120,22,94,6" hai3="92,128,26,69,99,33,42,108,68,71,96,47,90"/><T28/><D112/><U111/><E74/><V23/><F70/><W61/><G128/><T104/><D122/><U12/><E106/><V21/><F36/><W2/><G108/><T51/><D130/><U29/><E111/><V116/><F131/><W57/><G2/><T126/><D109/><U134/><E46/><V97/><F115/><W98/><G57/><T105/><D39/><U119/><E58/><V118/><F133/><W117/><G61/><T9/><D28/><U76/><E76/><V78/><F120/><W17/><G117/><N who="2" m="45161" /><F78/><W100/><G100/><T11/><D81/><U102/><E119/><V125/><F125/><W56/><G56/><T18/><D18/><U34/><E102/><N who="2" m="60727" /><F22/><W35/><G33/><T91/><D132/><U103/><E103/><V8/><AGARI ba="0,0" hai="6,8,15,20,21,23,84,85" m="60727,45161" machi="8" ten="40,2700,0" yaku="12,1,52,1" doraHai="1" who="2" fromWho="2" sc="250,-13,250,-7,250,27,250,-7" /><INIT seed="1,0,0,2,1,100" ten="237,243,277,243" oya="1" hai0="69,31,43,68,1,4,81,88,58,111,105,12,6" hai1="23,76,57,135,74,5,22,67,96,112,27,118,84" hai2="129,20,25,10,87,40,14,21,59,52,79,48,116" hai3="45,44,86,121,72,15,127,32,3,91,114,123,75"/><U36/><E36/><V78/><F116/><W49/><G3/><T13/><D111/><U104/><E74/><V126/><F126/><W42/><G114/><T41/><D31/><U103/><E118/><V85/><F129/><W90/><G32/><T109/><D109/><U92/><E5/><N who="2" m="3407" /><F40/><W113/><G113/><T38/><D38/><U119/><E119/><V80/><F21/><W77/><G127/><T16/><D58/><U11/><E112/><V71/><F71/><W89/><G15/><T131/><D131/><U94/><E11/><V130/><F130/><W82/><REACH who="3" step="1"/><G45/><REACH who="3" ten="237,243,277,233" step="2"/><T47/><D47/><U19/><E135/><V124/><F124/><W0/><G0/><T101/><D13/><U117/><E117/><V120/><F120/><AGARI ba="0,1" hai="42,44,49,72,75,77,82,86,89,90,91,120,121,123" machi="120" ten="40,5200,0" yaku="1,1,53,2" doraHai="100" doraHaiUra="106" who="3" fromWho="2" sc="237,0,243,0,277,-52,233,62" /><INIT seed="2,0,0,4,4,101" ten="237,243,225,295" oya="2" hai0="1,14,121,7,127,74,53,78,24,99,38,60,88" hai1="23,11,73,22,92,63,82,44,135,50,124,107,81" hai2="5,132,71,67,15,116,12,91,84,37,126,68,72" hai3="125,55,75,28,113,27,47,16,98,77,58,94,49"/><V97/><F116/><W117/><G125/><T95/><D121/><U42/><E107/><V108/><F72/><W20/><G117/><T110/><D127/><U130/><E124/><V111/><F126/><W52/><G113/><T43/><D110/><N who="2" m="42026" /><F132/><W105/><G105/><T104/><D104/><U87/><E130/><V31/><F37/><W129/><G129/><T48/><D14/><N who="2" m="5162" /><F5/><W93/><G28/><T19/><D19/><U36/><E36/><V118/><F97/><W3/><G3/><T112/><D112/><U79/><E135/><V46/><F118/><W103/><G93/><T109/><D95/><U0/><E92/><N who="2" m="54375" /><F67/><W32/><G32/><T102/><D99/><U13/><E0/><V80/><F80/><W54/><REACH who="3" step="1"/><G47/><REACH who="3" ten="237,243,225,285" step="2"/><T64/><D1/><U10/><E10/><V56/><F31/><W119/><G119/><T120/><D109/><U61/><E23/><V86/><F46/><W89/><G89/><T6/><D88/><U57/><E22/><V17/><F17/><W62/><G62/><T59/><D60/><U123/><E63/><V114/><F114/><W21/><G21/><T85/><D7/><U65/><E123/><V9/><F9/><W35/><G35/><T25/><D6/><N who="1" m="3319" /><E81/><AGARI ba="0,1" hai="16,20,27,49,52,54,55,58,75,77,81,94,98,103" machi="81" ten="40,5200,0" yaku="1,1,54,2,53,0" doraHai="101" doraHaiUra="4" who="3" fromWho="1" sc="237,0,243,-52,225,0,285,62" /><INIT seed="3,0,0,0,3,130" ten="237,191,225,347" oya="3" hai0="10,75,120,12,52,63,128,93,114,22,123,32,78" hai1="81,36,89,59,19,107,115,133,14,68,118,9,105" hai2="109,92,2,80,25,106,98,77,3,47,31,35,48" hai3="125,44,110,111,16,17,71,42,23,39,95,87,113"/><W97/><G71/><T24/><D128/><U127/><E68/><V84/><F106/><W6/><G113/><T18/><D114/><U66/><E36/><V1/><F109/><N who="3" m="41483" /><G125/><T135/><D93/><U119/><E115/><V7/><F7/><W41/><G6/><T101/><D101/><U11/><E127/><V38/><F38/><W104/><G42/><T124/><D124/><U73/><E66/><V13/><F13/><W86/><G104/><T26/><D78/><U100/><E105/><V129/><F129/><W76/><G76/><T57/><D75/><U126/><E126/><V65/><F65/><W46/><G46/><T30/><REACH who="0" step="1"/><D135/><REACH who="0" ten="227,191,225,347" step="2"/><U58/><E100/><V72/><F72/><W55/><G95/><T69/><D69/><U54/><E107/><V61/><F92/><W70/><G70/><T45/><D45/><U94/><E73/><V8/><F98/><W4/><G97/><T33/><D33/><U20/><E81/><V108/><F108/><W90/><G87/><T0/><D0/><U49/><E59/><V51/><F47/><W96/><G86/><T117/><D117/><N who="1" m="44555" /><E133/><V5/><F2/><W121/><G44/><T112/><D112/><U15/><E15/><V37/><F1/><W91/><G39/><T132/><D132/><U29/><E29/><AGARI ba="0,1" hai="10,12,18,22,24,26,29,30,32,52,57,63,120,123" machi="29" ten="30,7700,0" yaku="1,1,7,1,54,1,53,1" doraHai="130" doraHaiUra="53" who="0" fromWho="1" sc="227,87,191,-77,225,0,347,0" /><INIT seed="4,0,0,0,0,121" ten="314,114,225,347" oya="0" hai0="17,111,66,56,83,33,4,45,80,43,74,3,22" hai1="16,89,55,63,128,113,46,88,105,78,6,10,81" hai2="76,96,8,117,65,59,115,24,124,25,48,112,116" hai3="129,28,29,20,134,50,36,97,19,52,2,27,42"/><T9/><D33/><U64/><E105/><V57/><F76/><W1/><G36/><T99/><D74/><U77/><E128/><V68/><F124/><W0/><G42/><T86/><D99/><U135/><E135/><V38/><F38/><W26/><G97/><T58/><D111/><U85/><E113/><N who="2" m="43595" /><F8/><W7/><G129/><T47/><D47/><U73/><E89/><V15/><F15/><N who="3" m="9343" /><G52/><T60/><D58/><N who="2" m="22026" /><F96/><W104/><G50/><T108/><D108/><U127/><E127/><V79/><F79/><W35/><G104/><T106/><D106/><U110/><E110/><V98/><F98/><W90/><G90/><T61/><D61/><U39/><E73/><V62/><F25/><W82/><G82/><T23/><D17/><U31/><E31/><V71/><F24/><W107/><G107/><T84/><D83/><U133/><E133/><V34/><F34/><N who="3" m="20759" /><G134/><T118/><D80/><U37/><E37/><V11/><F11/><AGARI ba="0,0" hai="0,1,2,7,11,27,29,35" m="20759,9343" machi="11" ten="30,12000,2" yaku="24,1,35,5" doraHai="121" who="3" fromWho="2" sc="314,0,114,0,225,-120,347,120" /><INIT seed="5,0,0,5,5,51" ten="314,114,105,467" oya="1" hai0="25,124,83,54,125,1,130,12,75,36,107,79,44" hai1="58,90,16,65,20,13,43,96,45,100,118,80,63" hai2="69,56,123,112,41,86,2,24,15,35,85,74,37" hai3="27,21,31,103,73,67,68,77,110,6,119,134,22"/><U7/><E118/><V47/><F123/><W71/><G110/><T76/><D1/><U91/><E7/><V78/><F69/><W70/><G119/><T62/><D107/><U72/><E72/><V99/><F2/><W89/><G77/><T0/><D0/><U42/><E80/><V126/><F126/><N who="0" m="48746" /><D130/><U116/><E116/><V53/><F112/><W40/><G73/><T38/><D79/><U101/><E42/><V11/><F74/><W93/><G67/><T34/><D12/><U121/><E121/><V17/><F78/><W46/><G103/><T50/><D62/><U4/><E4/><V87/><F99/><W82/><G82/><T133/><D133/><U52/><E65/><V127/><F127/><W61/><G61/><T109/><D109/><U60/><E60/><V97/><F97/><W66/><G6/><T29/><AGARI ba="0,0" hai="25,29,34,36,38,44,50,54,75,76,83" m="48746" machi="29" ten="30,2000,0" yaku="18,1,52,1" doraHai="51" who="0" fromWho="0" sc="314,20,114,-10,105,-5,467,-5" /><INIT seed="6,0,0,2,1,123" ten="334,104,100,462" oya="2" hai0="62,71,54,95,64,74,116,126,25,115,56,120,94" hai1="19,61,86,100,132,44,66,129,13,69,78,73,37" hai2="30,51,119,17,127,9,128,10,122,45,38,47,103" hai3="90,68,107,27,105,87,15,104,29,102,26,18,125"/><V8/><F122/><W131/><G27/><T40/><D120/><U130/><E73/><V43/><F119/><W76/><G76/><T93/><D74/><U96/><E132/><V36/><F128/><N who="1" m="49257" /><E78/><V46/><F127/><W65/><G125/><T77/><D126/><U110/><E86/><V14/><F30/><W58/><G58/><T91/><D25/><U70/><E110/><V4/><F103/><W117/><G117/><T48/><D115/><U33/><E33/><V12/><REACH who="2" step="1"/><F8/><REACH who="2" ten="334,104,90,462" step="2"/><W88/><G102/><T135/><D116/><U112/><E112/><V113/><F113/><W80/><G131/><T124/><D124/><U72/><E72/><V20/><F20/><W7/><G29/><T11/><D11/><N who="1" m="6591" /><E44/><AGARI ba="0,1" hai="4,9,10,12,14,17,36,38,43,44,45,46,47,51" machi="44" ten="40,2000,0" yaku="1,1,53,0" doraHai="123" doraHaiUra="16" who="2" fromWho="1" sc="334,0,104,-20,90,30,462,0" /><INIT seed="6,1,0,4,3,93" ten="334,84,120,462" oya="2" hai0="60,116,66,25,22,120,31,63,13,125,70,59,28" hai1="10,64,44,84,58,111,52,75,1,23,45,27,108" hai2="91,17,88,124,3,77,72,19,97,15,79,53,40" hai3="134,100,14,109,49,16,83,35,50,135,74,68,48"/><V71/><F3/><W29/><G68/><T12/><D120/><U51/><E75/><V0/><F0/><W103/><G109/><T117/><D125/><U110/><E84/><V18/><F124/><W73/><G29/><T82/><D82/><U57/><E64/><V129/><F129/><W130/><G35/><T80/><D80/><U119/><E119/><N who="0" m="45641" /><D31/><U87/><E87/><V81/><F71/><W86/><G130/><T132/><D132/><N who="3" m="50729" /><G103/><T101/><D101/><U36/><E36/><V114/><F114/><W131/><G100/><T56/><D56/><U42/><E58/><V32/><F32/><W9/><G131/><T65/><AGARI ba="1,0" hai="12,13,22,25,28,59,60,63,65,66,70" m="45641" machi="65" ten="30,1100,0" yaku="12,1" doraHai="93" who="0" fromWho="0" sc="334,14,84,-4,120,-6,462,-4" /><INIT seed="7,0,0,2,0,9" ten="348,80,114,458" oya="3" hai0="124,80,82,62,119,108,83,38,41,47,39,3,34" hai1="131,100,88,122,129,17,89,123,65,29,74,32,54" hai2="0,55,64,20,43,53,107,10,2,120,50,27,36" hai3="92,134,90,87,72,66,132,51,101,35,99,30,18"/><W81/><G66/><T33/><D108/><U70/><E74/><V14/><F107/><N who="3" m="63935" /><G18/><T76/><D119/><U19/><E100/><V117/><F117/><W102/><G102/><T44/><D124/><U112/><E65/><V98/><F120/><N who="1" m="46121" /><E70/><V56/><F64/><W57/><G30/><T110/><D110/><U85/><E54/><V95/><F36/><W22/><G22/><T97/><D97/><U93/><E29/><N who="2" m="17639" /><F2/><W49/><G35/><T127/><D127/><U45/><E32/><V105/><F0/><W7/><G7/><T68/><D3/><U104/><E45/><N who="2" m="25919" /><F105/><W8/><G8/><T23/><D34/><U69/><E69/><V4/><F56/><W13/><G13/><T77/><D33/><U16/><E104/><V75/><F75/><W63/><G51/><T73/><D68/><U109/><E109/><V40/><F40/><W5/><G49/><T1/><D1/><U60/><E60/><V116/><F116/><W130/><G5/><T37/><D41/><U6/><E6/><V71/><F71/><W24/><G24/><T26/><D73/><U59/><E59/><V67/><F67/><N who="3" m="39407" /><G130/><N who="1" m="49674" /><E89/><AGARI ba="0,0" hai="4,10,14,53,55,89,95,98" m="25919,17639" machi="89" ten="30,2000,0" yaku="8,1,52,1" doraHai="9" who="2" fromWho="1" sc="348,0,80,-20,114,20,458,0" owari="348,15.0,60,-44.0,134,-27.0,458,56.0" /></mjloggm>