<mjloggm ver="2.3"><GO type="41" lobby="0"/><UN n0="%E6%99%82%E3%82%92%E5%88%BB%E3%82%80%E5%94%84" n1="%E5%B0%B1%E6%B4%BB%E7%94%9F%40%E5%B7%9D%E6%9D%91%E8%BB%8D%E5%9B%A3" n2="%E3%82%82%E3%81%86%E3%82%8A%E3%81%83%E2%98%86" n3="%E3%82%8A%E3%82%93%E3%82%8A" dan="16,15,14,14" rate="2077.51,1976.60,1993.52,1897.71" sx="F,M,M,M"/><TAIKYOKU oya="0"/><INIT seed="0,0,0,3,0,42" ten="250,250,250,250" oya="0" hai0="15,25,62,64,86,24,115,32,130,36,125,8,129" hai1="132,91,90,19,98,121,92,53,46,81,135,40,93" hai2="12,1,57,85,134,20,28,5,74,73,14,66,75" hai3="30,29,54,3,95,39,33,124,118,18,61,7,84"/><T59/><D115/><U78/><E121/><V50/><F134/><W103/><G39/><T77/><D36/><U37/><E53/><V101/><F101/><W88/><G118/><T114/><D114/><U122/><E122/><V69/><F69/><W76/><G124/><T16/><D125/><U119/><E119/><V131/><F1/><W67/><G33/><T113/><D113/><U116/><E116/><V48/><F85/><W111/><G111/><T110/><D110/><U44/><E19/><V106/><F106/><W65/><G7/><T55/><D32/><U21/><E21/><V128/><F75/><W45/><G3/><T68/><D77/><U102/><E102/><V104/><F57/><W22/><G76/><T26/><REACH who="0" step="1"/><D86/><REACH who="0" ten="240,250,250,250" step="2"/><U94/><E132/><V109/><F109/><W43/><G84/><T72/><D72/><U34/><E135/><V41/><F74/><W27/><G30/><T123/><D123/><U38/><E34/><V31/><F31/><W99/><G29/><T58/><D58/><U52/><E98/><V35/><F73/><W60/><G103/><T97/><D97/><U112/><E112/><V107/><F28/><W71/><G71/><T82/><D82/><U83/><E78/><V10/><F35/><W133/><G133/><T17/><D17/><U100/><E100/><V11/><F131/><W56/><REACH who="3" step="1"/><G61/><AGARI ba="0,1" hai="8,15,16,24,25,26,55,59,61,62,64,68,129,130" machi="61" ten="40,7700,0" yaku="1,1,54,1,53,1" doraHai="42" doraHaiUra="6" who="0" fromWho="3" sc="240,87,250,0,250,0,250,-77" /><INIT seed="0,1,0,0,1,41" ten="327,250,250,173" oya="0" hai0="20,28,113,11,126,83,128,5,119,99,67,44,57" hai1="121,38,19,3,135,96,34,62,40,94,129,48,109" hai2="58,63,22,132,108,81,100,123,125,75,65,88,50" hai3="23,73,116,91,1,124,85,115,69,39,37,32,55"/><T0/><D119/><U30/><E48/><V114/><F123/><W52/><G73/><T97/><D113/><U51/><E51/><V107/><F114/><W66/><G32/><T112/><D112/><U92/><E62/><V35/><F35/><W31/><G1/><T2/><D2/><U120/><E94/><V33/><F33/><W111/><G116/><T122/><D122/><U21/><E92/><V102/><F108/><W93/><G111/><T42/><D126/><U84/><E40/><V46/><F125/><W82/><G115/><T12/><D128/><U70/><E84/><V18/><F132/><W61/><G124/><T71/><D71/><U16/><E96/><V131/><F107/><W8/><G8/><T47/><D42/><U13/><E38/><V98/><F131/><W90/><G39/><T59/><D83/><U101/><E101/><V104/><F102/><W87/><REACH who="3" step="1"/><G37/><REACH who="3" ten="327,250,250,163" step="2"/><T4/><D0/><U106/><E3/><V86/><F75/><W105/><G105/><T17/><D4/><U127/><E106/><V80/><F104/><W6/><G6/><T14/><D5/><U45/><E34/><V7/><F22/><W130/><G130/><T60/><D11/><U64/><E127/><V54/><F7/><W72/><G72/><T68/><D20/><U9/><E21/><V89/><F18/><W49/><G49/><T43/><D17/><U74/><E19/><V29/><F50/><W53/><G53/><T95/><D28/><U133/><E16/><V110/><F29/><W118/><G118/><T117/><D117/><U103/><E30/><RYUUKYOKU ba="1,1" sc="327,-10,250,-10,250,-10,163,30" hai3="23,31,52,55,61,66,69,82,85,87,90,91,93" /><INIT seed="1,2,1,3,0,41" ten="317,240,240,193" oya="1" hai0="115,91,98,134,75,129,111,46,93,127,79,20,50" hai1="100,45,52,44,81,49,116,72,110,124,83,95,101" hai2="73,30,96,89,31,23,62,131,86,60,128,104,121" hai3="77,57,92,28,5,105,103,47,108,76,78,34,102"/><U25/><E116/><V125/><F121/><W112/><G112/><T90/><D115/><U2/><E2/><V132/><F73/><W13/><G108/><T29/><D111/><U58/><E110/><V123/><F123/><W7/><G105/><T8/><D129/><U1/><E1/><V87/><F132/><W122/><G122/><T119/><D119/><U4/><E124/><V54/><F125/><W59/><G34/><T15/><D127/><U9/><E72/><V107/><F23/><W55/><G28/><T48/><D134/><U65/><E25/><V56/><F96/><W106/><G106/><T39/><D75/><U109/><E109/><V10/><F10/><W69/><G69/><T133/><D79/><U16/><E4/><N who="3" m="1610" /><G13/><T113/><D133/><U26/><E65/><V35/><F35/><W82/><G82/><N who="1" m="31242" /><E100/><N who="3" m="38442" /><G92/><T11/><D113/><U85/><E101/><V126/><F126/><W130/><G130/><T70/><D70/><U135/><E135/><V14/><F107/><W22/><G22/><T21/><D39/><U27/><E27/><V37/><F104/><W114/><G114/><T66/><D29/><U38/><E38/><V32/><F37/><W120/><G120/><T33/><D33/><U88/><E26/><V17/><F32/><W51/><AGARI ba="2,1" hai="47,51,55,57,59,76,77,78" m="38442,1610" machi="51" ten="40,2700,0" yaku="8,1,52,1" doraHai="41" who="3" fromWho="3" sc="317,-9,240,-15,240,-9,193,43" /><INIT seed="2,0,0,2,2,101" ten="308,225,231,236" oya="2" hai0="23,61,38,22,80,47,72,103,86,134,99,68,7" hai1="75,11,2,14,105,131,18,123,48,1,135,63,130" hai2="85,39,27,133,120,52,16,112,25,58,29,77,36" hai3="117,57,93,46,20,34,109,115,111,70,59,37,3"/><V126/><F112/><W17/><G70/><T4/><D72/><U81/><E123/><V114/><F114/><W110/><G34/><T5/><D134/><U104/><E135/><V88/><F133/><W90/><G3/><N who="1" m="1034" /><E48/><V73/><F120/><W83/><G115/><T132/><D132/><U98/><E63/><V31/><F126/><W71/><G71/><T102/><D102/><U78/><E98/><V107/><F107/><W87/><G117/><T116/><D116/><U41/><E41/><V106/><F106/><W43/><REACH who="3" step="1"/><G83/><REACH who="3" ten="308,225,231,226" step="2"/><T91/><D68/><U12/><E12/><AGARI ba="0,1" hai="12,17,20,37,43,46,57,59,87,90,93,109,110,111" machi="12" ten="40,12000,2" yaku="1,1,2,1,14,1,53,3" doraHai="101" doraHaiUra="122" who="3" fromWho="1" sc="308,0,225,-120,231,0,226,130" /><INIT seed="3,0,0,2,5,91" ten="308,105,231,356" oya="3" hai0="63,100,93,71,9,87,133,86,16,11,6,121,130" hai1="90,58,81,62,13,132,92,2,26,28,103,10,82" hai2="45,7,15,36,118,113,40,3,66,85,101,88,122" hai3="77,51,105,119,52,112,68,73,128,18,59,126,99"/><W107/><G68/><T34/><D34/><U134/><E2/><V32/><F118/><W20/><G119/><T94/><D121/><U35/><E103/><V33/><F3/><W135/><G112/><T14/><D130/><U64/><E132/><V4/><F113/><W108/><G128/><T1/><D133/><U37/><E37/><V12/><F122/><W41/><G135/><T21/><D11/><U30/><E30/><V123/><F123/><W48/><G126/><T27/><D1/><U131/><E131/><V53/><F66/><W78/><G108/><T97/><D71/><U44/><E44/><V125/><F125/><W61/><G73/><T76/><D76/><U127/><E127/><V46/><F101/><W106/><G99/><N who="0" m="59503" /><D63/><U55/><E55/><V29/><F29/><W42/><G78/><T24/><D24/><U74/><E74/><V129/><F129/><W31/><G77/><T47/><D47/><U80/><E134/><V115/><F115/><W50/><REACH who="3" step="1"/><G31/><REACH who="3" ten="308,105,231,346" step="2"/><T54/><D54/><U43/><E43/><V8/><F53/><W25/><AGARI ba="0,1" hai="18,20,25,41,42,48,50,51,52,59,61,105,106,107" machi="25" ten="40,12000,1" yaku="1,1,2,1,0,1,54,1,53,0" doraHai="91" doraHaiUra="109" who="3" fromWho="3" sc="308,-40,105,-40,231,-40,346,130" /><INIT seed="3,1,0,1,2,95" ten="268,65,191,476" oya="3" hai0="6,42,73,33,129,109,37,43,118,66,38,16,28" hai1="41,83,27,74,46,67,44,36,89,85,68,55,123" hai2="30,18,126,111,81,31,47,130,78,114,122,116,113" hai3="120,97,20,135,102,134,23,10,99,101,87,79,90"/><W117/><G120/><T94/><D118/><U40/><E123/><V12/><F47/><W84/><G117/><T104/><D73/><U98/><E74/><V17/><F81/><N who="3" m="47167" /><G10/><T14/><D104/><U57/><E27/><V131/><F78/><W39/><G39/><T76/><D76/><U7/><E7/><V29/><F116/><W82/><G20/><T103/><D6/><U22/><E22/><V8/><F122/><W62/><G23/><T72/><D72/><U56/><E68/><V5/><F111/><W50/><G62/><T3/><D66/><U86/><E67/><V58/><F58/><W61/><G50/><T108/><D3/><U107/><E55/><V75/><F75/><W53/><G61/><T124/><D42/><U48/><E107/><V19/><F126/><W54/><G53/><T112/><D112/><AGARI ba="1,0" hai="5,8,12,17,18,19,29,30,31,112,113,114,130,131" machi="112" ten="50,6400,0" yaku="34,3" doraHai="95" who="2" fromWho="0" sc="268,-67,65,0,191,67,476,0" /><INIT seed="4,0,0,0,2,59" ten="201,65,258,476" oya="0" hai0="24,108,38,128,34,114,31,4,51,70,120,45,67" hai1="88,125,25,107,76,18,26,121,66,64,12,20,90" hai2="63,129,85,37,97,11,122,3,49,39,28,16,32" hai3="71,94,80,30,124,113,109,81,116,127,23,29,132"/><T73/><D120/><U0/><E121/><V101/><F122/><W83/><G116/><T84/><D73/><U35/><E0/><V69/><F129/><W118/><G71/><T91/><D128/><U41/><E107/><V86/><F49/><W112/><G118/><T115/><D38/><U105/><E105/><V5/><F39/><W87/><G109/><T13/><D108/><U75/><E125/><N who="3" m="48202" /><G132/><T130/><D130/><U36/><E36/><V50/><F50/><W133/><G133/><T82/><D4/><U33/><E41/><V78/><F78/><W55/><G55/><T72/><D72/><U48/><E48/><V131/><F37/><W119/><G119/><T46/><D13/><U126/><E126/><V47/><F47/><W95/><G23/><T79/><D79/><U60/><E64/><V52/><F28/><W102/><G29/><T111/><D111/><U14/><E75/><V110/><F110/><W21/><G21/><T10/><D10/><U7/><E76/><V53/><F32/><W8/><G8/><T44/><REACH who="0" step="1"/><D51/><REACH who="0" ten="191,65,258,476" step="2"/><U42/><E7/><V61/><F131/><W15/><G15/><T1/><D1/><U77/><E77/><V93/><F3/><W134/><G134/><T17/><D17/><U103/><E18/><V57/><F5/><W9/><G30/><T89/><D89/><U54/><E103/><V104/><F101/><W65/><G9/><T74/><D74/><U6/><E6/><V58/><F11/><W123/><G123/><T19/><D19/><U2/><E90/><V100/><F16/><W98/><G65/><RYUUKYOKU ba="0,1" sc="191,15,65,-15,258,-15,476,15" hai0="24,31,34,44,45,46,67,70,82,84,91,114,115" hai3="80,81,83,87,94,95,98,102,112,113" /><INIT seed="4,1,1,4,3,80" ten="206,50,243,491" oya="0" hai0="112,13,116,86,75,127,2,92,47,1,51,40,26" hai1="107,18,82,78,114,66,97,55,111,8,72,56,24" hai2="44,19,12,125,49,53,85,118,28,133,17,76,128" hai3="46,83,89,93,135,108,48,132,27,29,123,10,45"/><T88/><D116/><U43/><E111/><V20/><F118/><W7/><G108/><T110/><D110/><U71/><E114/><V120/><F120/><W59/><G123/><T104/><D112/><U99/><E43/><V16/><F133/><N who="3" m="51275" /><G83/><T30/><D75/><U109/><E109/><V102/><F128/><W50/><G59/><T91/><D127/><U95/><E107/><V15/><F125/><W87/><G50/><T42/><D104/><U22/><E71/><V25/><F102/><W113/><G48/><T105/><D105/><U62/><E8/><V67/><F67/><W58/><G58/><T11/><D91/><U3/><E97/><V70/><F70/><W94/><G94/><T4/><REACH who="0" step="1"/><D40/><REACH who="0" ten="196,50,243,491" step="2"/><U100/><E3/><V103/><F103/><W61/><G113/><T31/><D31/><U130/><REACH who="1" step="1"/><E130/><REACH who="1" ten="196,40,243,491" step="2"/><V39/><F28/><W6/><G29/><T115/><D115/><U32/><E32/><AGARI ba="1,3" hai="1,2,4,11,13,26,30,32,42,47,51,86,88,92" machi="32" ten="30,11600,0" yaku="1,1,7,1,52,1,54,1,53,0" doraHai="80" doraHaiUra="14" who="0" fromWho="1" sc="196,149,40,-119,243,0,491,0" owari="345,15.0,-79,-58.0,243,-16.0,491,59.0" /></mjloggm>