<mjloggm ver="2.3"><GO type="97" lobby="0"/><UN n0="%E3%83%A1%E3%82%AB%E3%83%95%E3%82%A1%E3%83%83%E3%82%AF%E3%83%B3" n1="%4D%61%73%61%6B%69%79%6F" n2="%E5%B0%B1%E6%B4%BB%E7%94%9F%40%E5%B7%9D%E6%9D%91%E8%BB%8D%E5%9B%A3" n3="%E9%9B%80%E8%8D%98%E3%82%AA%E3%83%BC%E3%83%8A%E3%83%BC" dan="15,14,15,13" rate="2002.66,1891.46,1961.11,1832.42" sx="M,M,M,M"/><TAIKYOKU oya="0"/><INIT seed="0,0,0,3,5,84" ten="250,250,250,250" oya="0" hai0="131,97,114,20,129,46,83,117,23,14,3,127,74" hai1="105,119,110,82,67,0,66,7,87,32,48,71,99" hai2="8,63,107,51,89,56,41,17,112,108,11,96,38" hai3="34,9,33,85,16,70,47,135,86,128,60,103,40"/><T19/><D114/><U100/><E119/><V98/><F38/><W24/><G135/><T55/><D117/><U64/><E110/><V115/><F108/><W45/><G128/><N who="0" m="49227" /><D3/><U120/><E120/><V50/><F107/><W111/><G111/><T22/><D127/><U44/><E7/><V101/><F101/><W68/><G103/><T39/><D97/><U53/><E0/><V125/><F125/><W15/><G70/><T30/><D30/><U42/><E32/><V62/><F17/><W2/><G2/><T102/><D102/><U75/><E75/><V124/><F124/><W123/><G123/><T29/><D29/><U58/><E71/><V13/><F13/><W88/><G34/><T92/><D92/><U54/><REACH who="1" step="1"/><E58/><REACH who="1" ten="250,240,250,250" step="2"/><V37/><F56/><W80/><G68/><T94/><D74/><U52/><E52/><V61/><F41/><W69/><G33/><T81/><D55/><U4/><E4/><V12/><F112/><W26/><G69/><T1/><D1/><U93/><E93/><V76/><F115/><W106/><G106/><T25/><D94/><U104/><E104/><V116/><F116/><W91/><G40/><N who="0" m="22815" /><D25/><N who="3" m="9833" /><G60/><T49/><D49/><U5/><E5/><V57/><F51/><W118/><G118/><T59/><D59/><U132/><E132/><V65/><F50/><W109/><G109/><T113/><D113/><U72/><E72/><V133/><F133/><W90/><G80/><AGARI ba="0,1" hai="14,19,20,22,23,80,81,83" m="22815,49227" machi="80" ten="30,1500,0" yaku="19,1" doraHai="84" who="0" fromWho="3" sc="250,25,240,0,250,0,250,-15" /><INIT seed="0,1,0,3,5,44" ten="275,240,250,235" oya="0" hai0="13,48,133,103,81,17,69,8,47,43,108,135,102" hai1="57,41,109,46,0,131,34,5,95,91,60,26,35" hai2="110,30,127,12,84,86,113,42,37,1,120,23,25" hai3="50,40,82,89,115,39,99,54,92,6,29,56,112"/><T79/><D69/><U134/><E131/><V2/><F113/><W94/><G39/><T11/><D11/><U119/><E134/><N who="0" m="51209" /><D108/><U72/><E109/><V122/><F110/><W62/><G115/><T128/><D128/><U68/><E119/><V73/><F127/><W88/><G112/><T27/><D27/><U16/><E68/><V24/><F73/><AGARI ba="1,0" hai="8,13,17,43,47,48,73,79,81,102,103" m="51209" machi="73" ten="30,2900,0" yaku="20,1,52,1" doraHai="44" who="0" fromWho="2" sc="275,32,240,0,250,-32,235,0" /><INIT seed="0,2,0,0,0,98" ten="307,240,218,235" oya="0" hai0="117,118,70,58,52,97,122,121,59,14,11,30,105" hai1="106,107,38,80,76,1,101,50,28,90,9,71,36" hai2="68,115,110,75,120,60,29,99,73,46,45,43,116" hai3="112,135,51,132,20,35,48,134,81,113,41,69,26"/><T61/><D70/><U123/><E123/><V53/><F115/><N who="3" m="44107" /><G69/><T22/><D121/><U25/><E71/><V55/><F120/><W8/><G35/><T96/><D122/><U126/><E126/><V37/><F116/><W130/><G130/><T95/><D105/><U47/><E90/><V127/><F127/><W7/><G81/><T85/><D118/><U100/><E107/><V125/><F125/><W64/><G64/><T33/><D33/><U102/><E106/><V6/><F110/><W39/><G39/><T86/><D117/><U88/><E1/><V62/><F29/><N who="3" m="17607" /><G41/><T91/><D97/><U31/><E9/><V94/><F6/><W16/><G7/><N who="0" m="3455" /><D58/><U18/><E18/><V23/><F23/><W82/><G82/><T128/><D128/><U104/><E104/><V65/><F62/><W124/><G124/><T49/><D61/><U27/><E38/><V129/><F129/><W103/><G103/><T10/><D10/><U92/><E36/><V40/><F75/><W84/><G84/><T72/><D72/><U57/><E57/><V131/><F73/><W89/><G89/><T24/><AGARI ba="2,0" hai="22,24,30,49,52,59,85,86,91,95,96" m="3455" machi="24" ten="30,3000,0" yaku="8,1,54,1" doraHai="98" who="0" fromWho="0" sc="307,36,240,-12,218,-12,235,-12" /><INIT seed="0,3,0,2,2,54" ten="343,228,206,223" oya="0" hai0="1,107,131,124,43,69,125,89,133,10,82,126,77" hai1="39,15,96,74,71,24,108,21,7,104,42,112,73" hai2="86,78,4,34,53,129,13,19,109,120,5,61,122" hai3="59,49,6,111,18,76,20,64,52,60,57,9,66"/><T45/><D107/><U75/><E112/><V113/><F34/><W16/><G111/><T47/><D69/><U100/><E108/><V36/><F36/><W33/><G33/><T40/><D89/><U93/><E71/><V72/><F72/><W135/><G135/><T91/><D91/><U80/><E42/><N who="0" m="15913" /><D133/><U51/><E39/><V58/><F113/><W12/><G76/><T48/><D48/><U98/><E15/><V14/><F109/><W97/><G97/><T26/><D26/><U38/><E38/><V101/><F14/><W37/><G37/><T132/><D132/><U25/><E7/><V11/><F101/><W31/><G31/><T3/><D131/><U2/><E2/><N who="0" m="521" /><D10/><U84/><E51/><V118/><F129/><W121/><G121/><T63/><D63/><U27/><E21/><V23/><F118/><W56/><REACH who="3" step="1"/><G20/><REACH who="3" ten="343,228,206,213" step="2"/><T117/><D117/><U105/><REACH who="1" step="1"/><E98/><REACH who="1" ten="343,218,206,213" step="2"/><V8/><F120/><W99/><G99/><T92/><D126/><U87/><E87/><V102/><F122/><W55/><G55/><T70/><D125/><U32/><E32/><V94/><F53/><W95/><G95/><T79/><D92/><U44/><E44/><V119/><F23/><W50/><G50/><T29/><D124/><U68/><E68/><V123/><F94/><W88/><G88/><AGARI ba="3,2" hai="24,25,27,73,74,75,80,84,88,93,96,100,104,105" machi="88" ten="50,6400,0" yaku="1,1,54,1,53,1" doraHai="54" doraHaiUra="81" who="1" fromWho="3" sc="343,0,218,93,206,0,213,-73" /><INIT seed="1,0,0,5,1,17" ten="343,311,206,140" oya="1" hai0="36,13,127,28,30,94,35,19,33,23,103,38,69" hai1="3,96,6,56,26,2,134,129,1,88,117,16,121" hai2="111,11,61,45,74,78,48,66,14,7,100,83,80" hai3="97,72,84,68,87,29,79,40,9,65,59,89,86"/><U0/><E121/><V92/><F111/><W131/><G68/><T76/><D69/><U98/><E117/><V108/><F108/><W116/><G131/><T8/><D76/><U50/><E129/><V135/><F135/><W52/><G116/><T47/><D127/><U75/><E75/><V46/><F83/><W15/><G72/><T58/><D58/><U22/><E134/><V102/><F92/><W67/><G29/><T133/><D133/><U37/><E37/><V12/><F12/><W71/><G71/><T24/><D28/><U63/><E50/><V122/><F122/><W49/><G40/><T115/><D115/><U44/><E44/><V81/><F81/><W126/><G126/><T25/><D25/><U53/><N who="1" m="0" /><DORA hai="54" /><U95/><REACH who="1" step="1"/><E6/><REACH who="1" ten="343,301,206,140" step="2"/><V125/><F125/><W20/><G79/><T120/><D120/><U77/><E77/><V91/><F46/><W57/><G57/><T62/><D47/><U70/><E70/><V60/><F60/><W43/><G43/><T113/><D62/><U119/><E119/><V105/><F48/><W112/><G112/><T107/><D113/><U31/><E31/><V114/><F45/><W124/><G124/><T4/><D30/><U32/><E32/><V93/><F114/><W18/><REACH who="3" step="1"/><G9/><REACH who="3" ten="343,301,206,130" step="2"/><T101/><D8/><U51/><E51/><V90/><F11/><W130/><G130/><T5/><D38/><U41/><E41/><V27/><F78/><W21/><G21/><T39/><D23/><U10/><E10/><V110/><F110/><W42/><G42/><T106/><D39/><U99/><AGARI ba="0,2" hai="16,22,26,53,56,63,88,95,96,98,99" m="0" machi="99" ten="60,48000,5" yaku="1,1,5,1,0,1,25,2,52,2,54,2,53,4" doraHai="17,54" doraHaiUra="34,82" who="1" fromWho="1" sc="343,-160,301,500,206,-160,130,-160" owari="183,-2.0,801,90.0,46,-35.0,-30,-53.0" /></mjloggm>