<mjloggm ver="2.3"><GO type="41" lobby="0"/><UN n0="%E7%9F%B3%E4%BA%95%E3%82%AF%E3%83%B3%E3%83%84%E6%98%8C%E5%AD%90" n1="%E5%B0%B1%E6%B4%BB%E7%94%9F%40%E5%B7%9D%E6%9D%91%E8%BB%8D%E5%9B%A3" n2="%73%65%61%72%69%61%6C" n3="%EF%BC%AD%EF%BD%92%EF%BC%B3%E2%88%80%EF%BC%A9" dan="15,17,14,13" rate="2062.50,2100.45,1938.61,1884.29" sx="M,M,F,M"/><TAIKYOKU oya="0"/><INIT seed="0,0,0,4,4,99" ten="250,250,250,250" oya="0" hai0="109,110,73,56,92,114,91,53,95,84,6,98,135" hai1="89,11,20,126,12,66,104,21,51,35,14,7,115" hai2="107,58,83,31,57,102,120,34,133,69,49,62,0" hai3="46,86,82,54,76,65,44,59,118,32,119,70,125"/><T87/><D114/><U75/><E35/><V113/><F0/><W127/><G32/><T77/><D135/><U38/><E38/><V19/><F113/><W22/><G65/><T25/><D73/><U39/><E39/><V72/><F133/><W1/><G70/><T111/><D6/><U43/><E75/><V61/><F120/><W117/><G1/><T17/><D77/><U93/><E104/><V37/><F37/><W105/><G105/><T18/><D95/><U27/><E115/><V45/><F34/><W48/><REACH who="3" step="1"/><G22/><REACH who="3" ten="250,250,250,240" step="2"/><N who="0" m="13519" /><D18/><U52/><E66/><V97/><F19/><W116/><N who="3" m="30208" /><DORA hai="80" /><W128/><G128/><T134/><D134/><U85/><E21/><V81/><F31/><W24/><G24/><T50/><AGARI ba="0,1" hai="50,53,56,84,87,91,92,98,109,110,111" m="13519" machi="50" ten="30,11700,0" yaku="14,1,10,1,52,2" doraHai="99,80" who="0" fromWho="0" sc="250,127,250,-39,250,-39,240,-39" /><INIT seed="0,1,0,3,3,86" ten="377,211,211,201" oya="0" hai0="71,105,73,67,135,37,96,120,113,50,101,78,124" hai1="30,51,12,132,131,1,21,102,40,77,11,16,39" hai2="121,68,81,116,134,56,7,99,98,126,31,66,33" hai3="114,115,89,5,18,45,107,63,17,28,111,62,61"/><T52/><D113/><U19/><E131/><V75/><F68/><W0/><G107/><T35/><D120/><U24/><E132/><V119/><F121/><W53/><G111/><T123/><D37/><U38/><E1/><V43/><F7/><W49/><G28/><T90/><D123/><U9/><E77/><N who="2" m="44223" /><F43/><W29/><G29/><T93/><D135/><U76/><E76/><V14/><F134/><W23/><G0/><T82/><D124/><U41/><E102/><V91/><F14/><W25/><G5/><T88/><D35/><U72/><E72/><V112/><F112/><W79/><G79/><T60/><REACH who="0" step="1"/><D105/><REACH who="0" ten="367,211,211,201" step="2"/><U42/><E39/><V13/><F126/><W103/><G115/><T84/><D84/><U2/><E38/><V54/><F33/><W27/><G114/><T83/><D83/><U97/><E97/><V74/><F99/><W47/><G103/><T100/><D100/><U106/><E106/><V6/><F98/><W87/><G45/><AGARI ba="1,1" hai="45,50,52,60,67,71,73,78,82,88,90,93,96,101" machi="45" ten="30,18000,2" yaku="1,1,7,1,52,2,54,2,53,1" doraHai="86" doraHaiUra="95" who="0" fromWho="3" sc="367,193,211,0,211,0,201,-183" /><INIT seed="0,2,0,0,4,31" ten="560,211,211,18" oya="0" hai0="69,93,95,86,25,96,62,104,117,7,99,64,73" hai1="42,121,80,32,108,21,102,59,78,131,53,126,105" hai2="1,127,85,28,9,124,109,13,130,11,74,52,91" hai3="2,4,34,107,10,120,30,60,70,128,84,106,14"/><T18/><D73/><U3/><E121/><V65/><F74/><W63/><G120/><T27/><D117/><U110/><E3/><V92/><F109/><N who="1" m="42089" /><E131/><V66/><F130/><W135/><G135/><T114/><D114/><U58/><E126/><N who="2" m="48171" /><F28/><W111/><G128/><T132/><D132/><U48/><E42/><V12/><F1/><W133/><G133/><T41/><D7/><U61/><E32/><V88/><F52/><W33/><G111/><T72/><D72/><N who="1" m="43079" /><E21/><V71/><F91/><W35/><G30/><T37/><D104/><U51/><E59/><V118/><F118/><W17/><G84/><T125/><D125/><U76/><E76/><V8/><F71/><W81/><G81/><T94/><D41/><U129/><E129/><V134/><F134/><W57/><G70/><T55/><D37/><U54/><E54/><V44/><F44/><W45/><G45/><T43/><D43/><U103/><E105/><V22/><F22/><W39/><G39/><T23/><D55/><U49/><AGARI ba="2,0" hai="48,49,51,53,58,61,102,103" m="43079,42089" machi="49" ten="30,1100,0" yaku="14,1" doraHai="31" who="1" fromWho="1" sc="560,-7,211,17,211,-5,18,-5" /><INIT seed="1,0,0,4,5,66" ten="553,228,206,13" oya="1" hai0="26,135,13,103,52,85,89,25,50,44,128,17,24" hai1="38,53,104,82,7,30,111,69,77,74,23,95,43" hai2="20,72,123,102,124,0,70,64,27,1,114,130,46" hai3="9,3,73,42,78,119,56,4,134,109,88,86,131"/><U93/><E104/><V63/><F123/><W49/><G119/><T60/><D128/><U118/><E118/><V55/><F72/><W133/><G109/><T121/><D121/><U51/><E111/><V110/><F110/><W112/><G112/><T122/><D122/><U98/><E7/><V37/><F130/><W39/><G131/><T65/><D135/><N who="3" m="51721" /><G56/><N who="0" m="36999" /><D103/><U90/><E38/><V83/><F124/><W100/><G100/><T57/><D44/><U47/><E93/><V80/><F114/><W36/><G49/><T71/><D71/><U2/><E2/><V8/><F102/><W76/><G73/><T107/><D107/><U33/><E33/><V92/><F92/><N who="3" m="54295" /><G42/><T45/><D57/><U5/><E5/><V129/><F129/><W6/><G6/><T54/><D54/><U32/><E32/><V132/><F55/><W75/><G75/><T22/><D26/><U81/><E81/><AGARI ba="0,0" hai="13,17,22,24,25,45,50,52,81,85,89" m="36999" machi="81" ten="30,2000,0" yaku="8,1,54,1" doraHai="66" who="0" fromWho="1" sc="553,20,228,-20,206,0,13,0" /><INIT seed="2,0,0,5,3,85" ten="573,208,206,13" oya="2" hai0="27,35,120,54,94,71,104,130,25,108,73,67,20" hai1="121,128,133,75,26,43,83,122,21,96,23,18,107" hai2="34,5,45,15,30,125,13,119,76,65,132,64,84" hai3="116,0,44,89,38,63,82,19,37,57,55,59,90"/><V93/><F119/><W32/><G32/><T88/><D104/><U42/><E128/><V134/><F34/><W135/><G116/><T102/><D120/><N who="1" m="46187" /><E133/><N who="2" m="51307" /><F30/><W51/><G135/><T56/><D108/><U12/><E107/><V50/><F125/><W80/><G0/><T41/><D130/><U33/><E33/><V9/><F13/><W81/><G19/><T66/><D41/><U111/><E111/><V40/><F93/><W24/><G24/><T78/><D102/><U118/><E118/><V49/><F49/><W103/><G103/><T110/><D35/><U74/><E96/><V14/><F14/><W86/><G57/><T4/><D4/><U53/><E53/><V62/><F62/><W105/><G105/><T79/><D110/><U10/><E23/><V69/><F69/><W126/><G126/><T117/><D117/><U48/><E48/><V36/><F36/><W115/><G115/><T95/><D95/><U47/><E83/><AGARI ba="0,0" hai="5,9,15,40,45,50,64,65,76,83,84" m="51307" machi="83" ten="30,2900,0" yaku="25,1,20,1" doraHai="85" who="2" fromWho="1" sc="573,0,208,-29,206,29,13,0" /><INIT seed="2,1,0,2,5,117" ten="573,179,235,13" oya="2" hai0="103,19,102,11,87,5,130,15,88,67,35,50,39" hai1="20,135,32,91,25,78,131,4,76,47,43,100,48" hai2="9,6,44,70,68,110,2,59,61,121,0,57,17" hai3="98,46,8,28,133,82,31,123,54,12,118,62,89"/><V124/><F124/><W24/><G118/><T22/><D39/><U58/><E32/><V36/><F0/><W99/><G133/><T105/><D35/><U129/><E135/><V21/><F110/><W51/><G62/><T69/><D105/><U108/><E108/><V30/><F30/><W116/><G116/><T134/><D134/><U80/><E100/><N who="0" m="38441" /><D69/><U114/><E4/><V83/><F121/><W109/><G109/><T71/><D71/><U111/><E111/><V3/><F3/><W34/><G31/><T16/><D130/><N who="1" m="49675" /><E58/><V53/><F83/><W86/><REACH who="3" step="1"/><G123/><REACH who="3" ten="573,179,235,3" step="2"/><T13/><D5/><AGARI ba="1,1" hai="5,8,12,24,28,34,46,51,54,82,86,89,98,99" machi="5" ten="30,3900,0" yaku="1,1,2,1,7,1,53,0" doraHai="117" doraHaiUra="128" who="3" fromWho="0" sc="573,-42,179,0,235,0,3,52" /><INIT seed="3,0,0,1,0,107" ten="531,179,235,55" oya="3" hai0="12,133,24,134,88,11,2,3,37,27,105,126,85" hai1="111,135,109,5,55,62,106,23,125,82,30,110,50" hai2="31,86,95,122,44,49,61,67,114,53,15,94,127" hai3="17,60,28,35,87,91,51,132,92,81,101,65,116"/><W43/><G116/><T79/><D105/><U1/><E106/><V74/><F127/><W113/><G113/><T112/><D126/><U8/><E125/><V4/><F74/><W103/><G132/><N who="0" m="50795" /><D112/><U118/><E135/><V73/><F114/><W40/><G35/><T75/><D37/><U123/><E118/><V121/><F73/><W0/><G0/><N who="0" m="43" /><D79/><U124/><E123/><N who="2" m="47115" /><F31/><W39/><G28/><T25/><D75/><U130/><E130/><V56/><F86/><W14/><G39/><T57/><D57/><U102/><E102/><N who="3" m="38922" /><G51/><T104/><D104/><U100/><E100/><V34/><F34/><W38/><G38/><T84/><D88/><U16/><E30/><V22/><F22/><N who="3" m="11575" /><G81/><T48/><D48/><U131/><E131/><V21/><F21/><W117/><G117/><T77/><D77/><U32/><E32/><V66/><F66/><W120/><G120/><T128/><D128/><U6/><E124/><V41/><F67/><W33/><G33/><T70/><D70/><U59/><E82/><V80/><F80/><W36/><G36/><T45/><D45/><U108/><E6/><AGARI ba="0,0" hai="6,11,12,24,25,27,84,85" m="43,50795" machi="6" ten="40,1300,0" yaku="20,1" doraHai="107" who="0" fromWho="1" sc="531,13,179,-13,235,0,55,0" /><INIT seed="4,0,0,1,3,43" ten="544,166,235,55" oya="0" hai0="11,107,8,18,67,61,76,127,97,130,122,27,37" hai1="94,103,25,21,36,56,101,22,16,98,81,91,38" hai2="120,64,129,105,112,126,48,32,75,34,7,30,109" hai3="88,77,10,85,54,72,55,82,33,1,102,73,80"/><T110/><D122/><U133/><E133/><V62/><F75/><W4/><G102/><T89/><D127/><U123/><E123/><V6/><F120/><W40/><G33/><T90/><D130/><U114/><E114/><V3/><F112/><W23/><G73/><T125/><D37/><U96/><E56/><V68/><F129/><W134/><G134/><T44/><D76/><U24/><E81/><V118/><F48/><W119/><G119/><T29/><D110/><U51/><E51/><V45/><F109/><W41/><G23/><T15/><D44/><U60/><E91/><V2/><F45/><W0/><G0/><T52/><D11/><U46/><E60/><V13/><F118/><W100/><G100/><T49/><D125/><U66/><E66/><V116/><F116/><W108/><G108/><T78/><D78/><U128/><E46/><V31/><F126/><W17/><G17/><T124/><D124/><U111/><E111/><V83/><F83/><W115/><G115/><T19/><D19/><U99/><E99/><V26/><F105/><W65/><G65/><T92/><D107/><U47/><E47/><V95/><F95/><W106/><G106/><T69/><D90/><U9/><E9/><N who="2" m="4279" /><F7/><W42/><AGARI ba="0,0" hai="1,4,10,40,41,42,54,55,72,77,80,82,85,88" machi="42" ten="30,2000,0" yaku="0,1,54,1" doraHai="43" who="3" fromWho="3" sc="544,-10,166,-5,235,-5,55,20" /><INIT seed="5,0,0,2,0,85" ten="534,161,230,75" oya="1" hai0="37,79,113,61,131,129,134,111,91,103,31,26,71" hai1="102,0,6,112,133,132,83,57,17,95,10,96,22" hai2="40,100,117,119,20,98,43,107,70,67,59,130,125" hai3="128,58,18,15,33,66,53,4,120,101,72,77,35"/><U54/><E112/><V84/><F130/><N who="0" m="49674" /><D111/><U9/><E83/><V87/><F70/><W51/><G120/><T86/><D134/><U99/><E10/><V94/><F125/><W29/><G128/><T39/><D113/><U1/><E1/><V46/><F20/><W122/><G122/><T13/><D79/><U82/><E82/><V23/><F23/><W76/><G101/><T114/><D114/><U108/><E108/><V36/><F40/><W49/><G4/><T27/><D103/><U32/><E32/><V124/><F124/><W106/><G106/><T93/><D13/><U110/><E110/><V118/><REACH who="2" step="1"/><F107/><REACH who="2" ten="534,161,220,75" step="2"/><W68/><G68/><T56/><D71/><U74/><E132/><V45/><F45/><W75/><G33/><N who="0" m="20727" /><D27/><U44/><E133/><V24/><F24/><W38/><G35/><T69/><D69/><U60/><E44/><V48/><F48/><W50/><G51/><T28/><D28/><U3/><E22/><V88/><F88/><W12/><G49/><T121/><D121/><U105/><E0/><V115/><F115/><W90/><G50/><T5/><D5/><U52/><E74/><V104/><F104/><W34/><G72/><T80/><D39/><U7/><E7/><V55/><F55/><W47/><G75/><T123/><D37/><U109/><E109/><V63/><AGARI ba="0,1" hai="36,43,46,59,63,67,84,87,94,98,100,117,118,119" machi="63" ten="40,5200,0" yaku="1,1,0,1,53,1" doraHai="85" doraHaiUra="41" who="2" fromWho="2" sc="534,-13,161,-26,220,62,75,-13" /><INIT seed="6,0,0,2,4,124" ten="521,135,282,62" oya="2" hai0="65,62,17,64,18,91,87,77,118,125,85,9,20" hai1="3,41,38,36,50,22,16,39,25,42,103,133,40" hai2="88,109,102,68,96,6,44,108,107,126,27,48,0" hai3="57,97,63,15,66,8,4,82,10,105,110,49,75"/><V116/><F116/><W30/><G110/><N who="2" m="42601" /><F68/><W120/><G120/><T32/><D125/><U12/><E133/><V24/><F126/><W47/><G30/><T37/><D32/><U95/><E3/><V52/><F88/><W60/><G105/><T59/><D37/><U98/><REACH who="1" step="1"/><E25/><REACH who="1" ten="521,125,282,62" step="2"/><N who="2" m="9803" /><F0/><W117/><G117/><T114/><D118/><U7/><E7/><AGARI ba="0,1" hai="6,7,44,48,52,96,102,107" m="9803,42601" machi="7" ten="30,2900,0" yaku="10,1,54,1" doraHai="124" who="2" fromWho="1" sc="521,0,125,-29,282,39,62,0" /><INIT seed="6,1,0,2,3,45" ten="521,96,321,62" oya="2" hai0="109,125,73,121,115,59,28,19,100,103,64,87,123" hai1="83,33,86,72,25,13,50,42,18,0,128,62,55" hai2="44,98,17,102,48,76,129,12,96,127,36,135,39" hai3="63,51,61,65,77,15,84,104,11,24,8,85,56"/><V3/><F3/><W110/><G104/><T108/><D73/><U90/><E128/><V29/><F129/><W30/><G110/><T95/><D28/><U57/><E0/><V80/><F29/><W112/><G112/><T74/><D74/><U4/><E72/><V130/><F130/><W6/><G77/><T49/><D115/><U38/><E38/><V105/><F98/><W133/><G133/><T32/><D32/><U75/><E75/><V67/><F127/><W27/><G11/><T81/><D125/><U41/><E4/><V70/><F135/><W9/><G9/><T89/><D19/><U10/><E33/><V107/><F107/><W21/><G27/><T34/><D34/><U2/><E2/><V23/><F67/><W14/><G14/><T97/><D103/><U113/><E25/><V43/><REACH who="2" step="1"/><F70/><REACH who="2" ten="521,96,311,62" step="2"/><W54/><REACH who="3" step="1"/><G63/><REACH who="3" ten="521,96,311,52" step="2"/><T20/><D123/><U58/><E113/><V37/><F37/><W93/><G93/><T126/><D121/><U66/><AGARI ba="1,2" hai="10,13,18,41,42,50,55,57,58,62,66,83,86,90" machi="66" ten="20,5200,0" yaku="0,1,7,1,8,1,52,1" doraHai="45" who="1" fromWho="1" sc="521,-14,96,75,311,-27,52,-14" /><INIT seed="7,0,0,1,1,23" ten="507,171,284,38" oya="3" hai0="73,83,75,55,22,105,51,10,38,118,110,28,78" hai1="14,18,130,92,76,99,68,61,101,44,15,40,89" hai2="41,112,90,16,120,80,85,122,117,100,97,109,30" hai3="69,39,2,0,58,62,4,79,47,135,9,5,129"/><W132/><G79/><T103/><D38/><U96/><E130/><V82/><F109/><W49/><G129/><T77/><D110/><U114/><E114/><V116/><F30/><W113/><G113/><T126/><D126/><U52/><E76/><V95/><F112/><W123/><G123/><N who="2" m="47145" /><F41/><W70/><G39/><T17/><D118/><N who="2" m="45674" /><F16/><W71/><G5/><T72/><D105/><AGARI ba="0,0" hai="80,82,85,90,95,97,100,105" m="45674,47145" machi="105" ten="30,3900,0" yaku="13,1,34,2" doraHai="23" who="2" fromWho="0" sc="507,-39,171,0,284,39,38,0" owari="468,57.0,171,-23.0,323,12.0,38,-46.0" /></mjloggm>