<mjloggm ver="2.3"><GO type="97" lobby="0"/><UN n0="%E3%83%8D%E3%82%AA%E3%83%A9%E3%83%B4%E3%82%A3%E3%83%B3" n1="%E4%BA%94%E9%A3%9B" n2="%E5%B0%B1%E6%B4%BB%E7%94%9F%40%E5%B7%9D%E6%9D%91%E8%BB%8D%E5%9B%A3" n3="%E7%A8%9C%E7%B7%9A%E8%A1%8C" dan="13,14,15,15" rate="1832.44,1969.81,2057.13,1964.07" sx="M,M,M,M"/><TAIKYOKU oya="0"/><INIT seed="0,0,0,3,5,89" ten="250,250,250,250" oya="0" hai0="24,129,62,7,93,122,4,46,116,48,90,22,126" hai1="96,32,103,75,119,121,127,87,21,99,0,70,82" hai2="40,34,100,134,41,64,117,85,128,88,86,33,39" hai3="51,101,97,115,110,132,5,20,102,74,107,81,25"/><T66/><D122/><U112/><E32/><V13/><F117/><W55/><G55/><BYE who="3" /><T54/><D116/><U133/><E0/><V18/><F128/><W26/><G26/><T92/><D126/><U109/><E119/><V106/><F134/><W38/><G38/><T57/><D129/><U113/><E121/><V6/><F64/><W83/><G83/><T50/><D90/><N who="1" m="51575" /><E70/><V124/><F6/><N who="0" m="2090" /><D50/><U14/><E75/><V79/><F86/><W12/><G12/><T67/><D66/><U77/><E77/><V52/><F79/><W78/><G78/><T44/><D46/><U53/><E127/><V111/><F111/><W58/><G58/><T73/><D73/><U65/><E109/><V118/><F124/><W42/><G42/><T98/><D98/><U72/><E72/><V31/><F118/><W120/><G120/><T95/><D95/><N who="1" m="58783" /><E65/><V63/><F39/><W43/><G43/><T36/><D36/><U123/><E123/><V80/><F106/><W30/><G30/><AGARI ba="0,0" hai="22,24,30,44,48,54,57,62,67,92,93" m="2090" machi="30" ten="30,5800,0" yaku="8,1,52,2" doraHai="89" who="0" fromWho="3" sc="250,58,250,0,250,0,250,-58" /><INIT seed="0,1,0,1,0,59" ten="308,250,250,192" oya="0" hai0="6,4,22,75,13,52,51,95,102,24,133,84,71" hai1="8,72,43,14,131,80,16,87,65,100,88,110,7" hai2="46,48,73,5,54,15,122,69,94,96,9,135,114" hai3="61,40,67,30,99,123,38,105,70,42,128,23,132"/><T10/><D75/><U89/><E110/><V37/><F122/><W121/><G121/><T107/><D71/><U129/><E131/><V127/><F114/><W64/><G64/><T90/><D133/><U50/><E129/><V120/><F135/><W116/><G116/><T49/><D49/><U111/><E72/><V53/><F120/><W44/><G44/><T103/><D107/><U66/><E111/><V91/><F127/><W63/><G63/><T113/><D113/><U3/><E100/><V98/><F73/><W35/><G35/><T97/><D6/><U118/><E118/><V115/><F69/><W134/><G134/><T79/><D79/><N who="1" m="46495" /><E3/><V81/><F115/><W29/><G29/><T86/><D103/><U17/><E17/><V33/><F33/><W11/><G11/><T19/><REACH who="0" step="1"/><D102/><REACH who="0" ten="298,250,250,192" step="2"/><U77/><E77/><V25/><F37/><W108/><G108/><T12/><D12/><N who="1" m="5151" /><E50/><V126/><F126/><W1/><G1/><T0/><D0/><U57/><E43/><V39/><F39/><W26/><G26/><T93/><D93/><U55/><E89/><V60/><F25/><W18/><G18/><T36/><D36/><U74/><E88/><V31/><F81/><W62/><G62/><T34/><D34/><U92/><E74/><V41/><F60/><W106/><G106/><T47/><AGARI ba="1,1" hai="4,10,13,19,22,24,47,51,52,84,86,90,95,97" machi="47" ten="20,18000,2" yaku="1,1,0,1,7,1,8,1,54,1,53,1" doraHai="59" doraHaiUra="21" who="0" fromWho="0" sc="298,193,250,-61,250,-61,192,-61" /><INIT seed="0,2,0,5,0,30" ten="491,189,189,131" oya="0" hai0="6,38,16,92,115,4,36,39,111,29,109,17,53" hai1="135,94,80,98,95,89,90,120,76,46,40,7,128" hai2="42,116,91,0,59,127,99,87,9,103,22,132,84" hai3="5,110,65,23,12,18,33,50,8,96,114,77,58"/><T66/><D115/><U134/><E120/><V10/><F116/><W31/><G31/><T133/><D133/><N who="1" m="50699" /><E7/><N who="0" m="2601" /><D66/><U100/><E128/><UN n3="%E7%A8%9C%E7%B7%9A%E8%A1%8C" /><V102/><F0/><W68/><G114/><T125/><D125/><U57/><E57/><V112/><F112/><W106/><G110/><N who="0" m="41995" /><D92/><U119/><E119/><V78/><F42/><W69/><G33/><T26/><D53/><U19/><E19/><V117/><F117/><W37/><G37/><T74/><D74/><N who="1" m="43031" /><E95/><N who="2" m="56831" /><F132/><W71/><G77/><T63/><D63/><U27/><E27/><V97/><F127/><W48/><G65/><T2/><D2/><U61/><E61/><V123/><F123/><W124/><G124/><T113/><D113/><U105/><E105/><V83/><F97/><W28/><G96/><T88/><D88/><U101/><E101/><V67/><F87/><W54/><G106/><T82/><D82/><U107/><E107/><V34/><F103/><W130/><G130/><T93/><D93/><U75/><E75/><V44/><F102/><W21/><G54/><T49/><D49/><AGARI ba="2,0" hai="40,46,49,89,90,94,98,100" m="43031,50699" machi="49" ten="30,1000,0" yaku="20,1" doraHai="30" who="1" fromWho="0" sc="491,-16,189,16,189,0,131,0" /><INIT seed="1,0,0,5,5,7" ten="475,205,189,131" oya="1" hai0="5,132,133,88,79,82,65,80,34,106,92,75,100" hai1="89,81,105,127,16,135,71,108,8,22,93,2,28" hai2="52,24,43,59,32,95,98,112,48,35,114,119,51" hai3="36,21,57,87,41,109,63,128,86,74,129,97,64"/><U121/><E105/><V31/><F119/><W3/><G74/><N who="0" m="43127" /><D34/><U72/><E121/><V6/><F6/><W53/><G109/><T73/><D65/><U13/><E71/><V76/><F76/><W25/><G3/><T17/><D17/><U67/><E67/><V58/><F35/><W90/><G41/><T50/><D50/><U91/><E72/><N who="0" m="27721" /><D5/><N who="1" m="3215" /><E108/><V123/><F123/><W42/><G42/><T55/><D55/><U84/><E127/><V14/><F14/><W69/><G36/><T40/><D40/><U20/><E135/><N who="0" m="51785" /><D106/><U47/><E2/><V85/><F43/><W102/><G69/><T19/><D19/><U110/><E110/><V56/><F51/><W66/><G66/><T117/><D100/><U45/><E28/><V103/><REACH who="2" step="1"/><F85/><REACH who="2" ten="475,205,179,131" step="2"/><W120/><G87/><T9/><D117/><U26/><E22/><V1/><F1/><W37/><G37/><T38/><D38/><U124/><E124/><V77/><F77/><W61/><G86/><AGARI ba="0,1" hai="16,20,26,45,47,81,84,86,89,91,93" m="3215" machi="86" ten="30,5800,0" yaku="8,1,52,1,54,1" doraHai="7" who="1" fromWho="3" sc="475,0,205,68,179,0,131,-58" /><INIT seed="1,1,0,0,5,67" ten="475,273,179,73" oya="1" hai0="54,105,30,39,128,80,34,65,134,71,62,35,114" hai1="17,3,130,43,100,117,48,113,33,112,64,79,72" hai2="127,77,40,32,10,110,59,84,28,21,124,14,122" hai3="102,93,27,55,29,123,133,121,68,38,2,12,23"/><U109/><E117/><V18/><F122/><W53/><G133/><T91/><D114/><U9/><E130/><V16/><F40/><W7/><G38/><T76/><D134/><U36/><E33/><V1/><F59/><W69/><G2/><T94/><D128/><U118/><E118/><V74/><F74/><W47/><G121/><T125/><D125/><N who="2" m="48202" /><F110/><W131/><G131/><T97/><D105/><U132/><E109/><V20/><F77/><W88/><G123/><T95/><D39/><U101/><E132/><V73/><F73/><W106/><G106/><T96/><D30/><U75/><E79/><V99/><F84/><W115/><G102/><T22/><D22/><N who="2" m="8810" /><F99/><W82/><G82/><T42/><D42/><U51/><E75/><V66/><F66/><W15/><G115/><T92/><D54/><U98/><E64/><V120/><F120/><W61/><G47/><T58/><D58/><U90/><E98/><V104/><F104/><W0/><G0/><T108/><D108/><U46/><E72/><V19/><F1/><W78/><G78/><T50/><D50/><U5/><E3/><V41/><F41/><W6/><G55/><T52/><D52/><U31/><E43/><V83/><F83/><W103/><G103/><N who="0" m="60807" /><D95/><U70/><E36/><V45/><F45/><W57/><G68/><T85/><D71/><U24/><E70/><V37/><F37/><W25/><G69/><T89/><D76/><U86/><E46/><V129/><F129/><W13/><G27/><AGARI ba="1,0" hai="10,14,16,18,19,27,28,32" m="8810,48202" machi="27" ten="30,7700,0" yaku="18,1,34,2,54,1" doraHai="67" who="2" fromWho="3" sc="475,0,273,0,179,80,73,-80" owari="475,58.0,273,7.0,259,-14.0,-7,-51.0" /></mjloggm>