<mjloggm ver="2.3"><GO type="97" lobby="0"/><UN n0="%6A%75%6E%70%65%65" n1="%E5%B0%B1%E6%B4%BB%E7%94%9F%40%E5%B7%9D%E6%9D%91%E8%BB%8D%E5%9B%A3" n2="%E8%A7%A3%E8%84%B1" n3="%E3%83%95%E3%83%A9%E3%83%B3%E3%82%B9%E3%81%95%E3%82%93%E5%B0%8F%E9%BA%A6" dan="14,14,15,13" rate="1864.94,1973.75,1964.02,1894.36" sx="M,M,F,M"/><TAIKYOKU oya="0"/><INIT seed="0,0,0,2,1,43" ten="250,250,250,250" oya="0" hai0="112,47,118,94,26,107,131,85,89,76,6,5,66" hai1="68,74,77,97,34,122,105,14,134,81,108,75,29" hai2="51,40,125,80,20,55,73,91,132,133,65,87,56" hai3="49,63,106,50,44,21,71,90,70,99,126,123,3"/><T62/><D118/><U121/><E14/><V38/><F125/><W88/><G3/><T117/><D112/><U22/><E22/><V102/><F102/><W129/><G126/><T41/><D117/><U46/><E75/><V130/><F130/><W79/><G79/><T36/><D131/><U119/><E119/><V4/><F73/><W30/><G129/><T84/><D107/><U92/><E134/><V16/><F4/><W103/><G123/><T0/><D26/><N who="1" m="18743" /><E92/><V120/><F120/><W96/><G63/><T37/><D37/><U1/><E1/><V8/><F65/><W59/><G59/><T95/><D0/><U24/><E24/><V67/><F67/><W83/><G83/><T10/><D10/><U39/><E68/><V15/><REACH who="2" step="1"/><F20/><REACH who="2" ten="250,250,240,250" step="2"/><W54/><G21/><T128/><D128/><U53/><E121/><V27/><F27/><W82/><G30/><T64/><D64/><U93/><E74/><V127/><F127/><W45/><G103/><T28/><D28/><U9/><E122/><V57/><F57/><W100/><G100/><T110/><D6/><U17/><E105/><V32/><F32/><W98/><G106/><T42/><D5/><U135/><E135/><V52/><F52/><N who="3" m="29735" /><G70/><T101/><D66/><U2/><E53/><V69/><F69/><W115/><G71/><T114/><D114/><U13/><E2/><V124/><F124/><W35/><G115/><T11/><D101/><N who="1" m="60591" /><E108/><V116/><F116/><W113/><G113/><T31/><D110/><U19/><E9/><V25/><F25/><W48/><G35/><T7/><D11/><RYUUKYOKU ba="0,1" sc="250,-10,250,-10,240,30,250,-10" hai2="8,15,16,38,40,51,55,56,80,87,91,132,133" /><INIT seed="1,1,1,5,5,75" ten="240,240,270,240" oya="1" hai0="129,120,133,55,23,89,84,86,83,6,2,82,22" hai1="56,70,104,44,93,8,27,46,98,101,31,71,117" hai2="0,63,74,15,66,103,134,67,32,135,29,34,85" hai3="53,17,77,118,64,16,99,114,73,28,41,59,128"/><U105/><E117/><V81/><F0/><W119/><G114/><T125/><D120/><U3/><E56/><V108/><F74/><W92/><G41/><T123/><D123/><U87/><E71/><V18/><F108/><W51/><G64/><N who="2" m="24617" /><F103/><N who="3" m="60903" /><G28/><T109/><D109/><U9/><E70/><V4/><F4/><W42/><G42/><T107/><D133/><N who="2" m="50698" /><F63/><W106/><G106/><T10/><D125/><U124/><E124/><V131/><F29/><W115/><G115/><T96/><D129/><U26/><E26/><V19/><F131/><W65/><G128/><T58/><D96/><U80/><E104/><V102/><F102/><W62/><G62/><T50/><REACH who="0" step="1"/><D107/><REACH who="0" ten="230,240,270,240" step="2"/><U12/><E105/><V113/><F113/><W72/><G118/><T11/><D11/><U39/><E8/><N who="2" m="6503" /><F19/><W5/><G119/><T90/><AGARI ba="1,2" hai="2,6,10,22,23,50,55,58,82,83,84,86,89,90" machi="90" ten="20,5200,0" yaku="1,1,0,1,7,1,9,1,53,0" doraHai="75" doraHaiUra="20" who="0" fromWho="0" sc="230,75,240,-27,270,-14,240,-14" /><INIT seed="2,0,0,5,4,33" ten="305,213,256,226" oya="2" hai0="59,118,85,11,122,91,73,42,10,132,4,40,97" hai1="69,43,46,117,104,52,102,106,39,70,38,134,116" hai2="23,62,119,82,123,100,27,71,111,74,19,20,32" hai3="51,37,8,16,9,53,18,49,81,36,64,135,45"/><V76/><F32/><W25/><G135/><T31/><D122/><U128/><E134/><V114/><F114/><W65/><G81/><T121/><D121/><U44/><E102/><V107/><F123/><W120/><G120/><T99/><D132/><U41/><REACH who="1" step="1"/><E52/><REACH who="1" ten="305,203,256,226" step="2"/><V58/><F100/><W110/><G53/><T72/><D118/><U129/><AGARI ba="0,1" hai="38,39,41,43,44,46,69,70,104,106,116,117,128,129" machi="129" ten="25,8000,1" yaku="1,1,2,1,0,1,22,2,53,0" doraHai="33" doraHaiUra="3" who="1" fromWho="1" sc="305,-20,203,90,256,-40,226,-20" /><INIT seed="3,0,0,5,4,71" ten="285,293,216,206" oya="3" hai0="43,133,125,62,31,52,45,119,75,56,108,25,46" hai1="104,112,40,81,34,64,11,72,128,107,24,5,59" hai2="13,93,118,50,103,4,117,87,38,0,106,126,99" hai3="101,16,73,74,23,76,61,9,84,67,88,105,37"/><W27/><G37/><T110/><D119/><U100/><E112/><V21/><F38/><W131/><G131/><T122/><D122/><U65/><E128/><V120/><F120/><W35/><G35/><T90/><D133/><U124/><E124/><V3/><F126/><W115/><G115/><T91/><D125/><U66/><E40/><V123/><F123/><W28/><G76/><T29/><D75/><U96/><E107/><V6/><F50/><W17/><G101/><T48/><D29/><U70/><E59/><V63/><F63/><W8/><G105/><T42/><D25/><U113/><E113/><V26/><F106/><W60/><G73/><T85/><D31/><N who="1" m="19815" /><E81/><V134/><F134/><W20/><G74/><T53/><D53/><U111/><E111/><N who="0" m="42537" /><D85/><U92/><E92/><V102/><F87/><W89/><G67/><T14/><D14/><N who="1" m="5487" /><E72/><V86/><F86/><W114/><G114/><T109/><N who="0" m="42545" /><T82/><DORA hai="22" /><D82/><U55/><E55/><V132/><F93/><W135/><G28/><T10/><D10/><U2/><E2/><V79/><F0/><W68/><G135/><T130/><D130/><U78/><E78/><V15/><F3/><W51/><G51/><AGARI ba="0,0" hai="42,43,45,46,48,51,52,56,62,90,91" m="42545" machi="51" ten="40,2600,0" yaku="14,1,54,1" doraHai="71,22" who="0" fromWho="3" sc="285,26,293,0,216,0,206,-26" owari="311,41.0,293,9.0,216,-18.0,180,-32.0" /></mjloggm>