<mjloggm ver="2.3"><GO type="225" lobby="0"/><UN n0="%46%4C%41%4D%45" n1="%E7%B6%BE%E5%BC%A5%E4%B8%80%E6%9D%A1" n2="%E3%83%88%E3%83%88%E3%83%AA%E5%85%88%E7%94%9F%31%39%E6%AD%B3" n3="%E3%82%B4%E3%83%BC%E3%83%AB%E3%83%87%E3%83%B3%E3%81%B2%E3%82%88%E3%81%93" dan="16,16,16,17" rate="2168.83,2106.61,2148.71,2227.71" sx="M,M,F,M"/><TAIKYOKU oya="0"/><INIT seed="0,0,0,4,2,14" ten="250,250,250,250" oya="0" hai0="53,125,30,31,102,37,8,127,27,83,113,13,19" hai1="77,70,134,4,21,29,101,36,82,115,67,34,24" hai2="89,94,71,54,63,122,108,28,45,61,76,80,93" hai3="131,5,88,97,99,78,73,57,20,0,62,106,49"/><T96/><D113/><U22/><E36/><V64/><F122/><W121/><G121/><T135/><D37/><U72/><E115/><V2/><F2/><W15/><G131/><T90/><D135/><U42/><E42/><V103/><F108/><W116/><G116/><T126/><D53/><U124/><E134/><V86/><F103/><W95/><G0/><T98/><D98/><U100/><E124/><V79/><F28/><W111/><G111/><T46/><D46/><U25/><E4/><V51/><F63/><W91/><G73/><T7/><D7/><U40/><E34/><V120/><F120/><W56/><G78/><T109/><D109/><U117/><E40/><V59/><F79/><W55/><G106/><T35/><D31/><U38/><E38/><V92/><REACH who="2" step="1"/><F71/><REACH who="2" ten="250,250,240,250" step="2"/><W123/><G123/><T105/><D90/><U47/><E101/><V104/><F104/><W107/><G107/><T75/><D75/><U66/><E100/><V9/><F9/><W48/><G62/><T44/><D44/><U52/><E70/><V12/><F12/><W43/><G15/><T133/><D133/><U3/><E3/><V110/><F110/><W81/><G91/><T112/><D112/><U130/><E130/><V32/><F32/><W60/><G88/><T128/><D128/><U87/><E72/><V58/><F58/><W132/><G57/><T118/><D118/><U6/><E117/><V41/><F41/><W65/><G43/><T69/><D69/><U129/><E129/><V18/><F18/><W119/><G56/><T26/><D26/><U50/><E6/><RYUUKYOKU ba="0,1" sc="250,10,250,10,240,10,250,-30" hai0="8,13,19,27,30,35,83,96,102,105,125,126,127" hai1="21,22,24,25,29,47,50,52,66,67,77,82,87" hai2="45,51,54,59,61,64,76,80,86,89,92,93,94" /><INIT seed="0,1,1,0,5,26" ten="260,260,250,220" oya="0" hai0="34,88,87,126,59,79,5,50,117,52,118,112,97" hai1="71,7,69,80,82,67,8,95,40,22,53,54,66" hai2="13,89,6,58,27,135,3,77,132,72,15,94,56" hai3="20,128,103,16,4,11,24,65,62,107,29,44,115"/><T46/><D112/><U0/><E40/><V81/><F3/><W121/><G115/><T119/><D34/><U70/><E95/><V96/><F15/><N who="3" m="5607" /><G107/><T33/><D33/><U47/><E22/><V83/><F83/><W109/><G109/><T68/><D68/><U19/><E19/><V31/><F13/><W133/><G133/><N who="2" m="51273" /><F6/><W93/><G128/><T43/><D5/><U14/><E0/><V111/><F111/><W78/><G78/><T55/><D126/><U35/><E35/><AGARI ba="1,1" hai="27,31,35,56,58,72,77,81,89,94,96" m="51273" machi="35" ten="30,2000,0" yaku="20,1,52,1" doraHai="26" who="2" fromWho="1" sc="260,0,260,-23,250,33,220,0" /><INIT seed="1,0,0,2,0,78" ten="260,237,283,220" oya="1" hai0="90,14,60,29,11,6,50,112,39,84,61,104,15" hai1="98,81,85,117,82,123,121,31,36,79,56,131,75" hai2="24,21,101,10,33,71,2,94,99,22,132,97,70" hai3="27,32,20,133,128,69,46,107,86,52,3,62,102"/><U59/><E36/><V77/><F132/><W35/><G133/><T58/><D39/><U115/><E115/><V72/><F33/><W93/><G3/><T34/><D112/><U125/><E117/><V114/><F114/><W80/><G107/><T119/><D104/><U68/><E68/><V76/><F2/><W45/><G128/><T116/><D50/><U1/><E1/><V4/><F4/><W88/><G35/><T110/><D110/><U28/><E131/><V12/><F22/><W91/><G102/><T66/><D15/><U111/><E111/><V67/><F67/><W124/><G32/><T113/><D113/><U41/><E41/><V37/><F37/><W43/><G43/><T64/><D29/><U7/><E7/><V74/><F74/><W89/><G124/><T83/><REACH who="0" step="1"/><D34/><REACH who="0" ten="250,237,283,220" step="2"/><U65/><E125/><V134/><F12/><W106/><G106/><T30/><D30/><U96/><E75/><V105/><F72/><W109/><G109/><T18/><D18/><U57/><E31/><V13/><F13/><W95/><G69/><AGARI ba="0,1" hai="6,11,14,58,60,61,64,66,69,83,84,90,116,119" machi="69" ten="30,3900,0" yaku="1,1,7,1,52,1,53,0" doraHai="78" doraHaiUra="23" who="0" fromWho="3" sc="250,49,237,0,283,0,220,-39" /><INIT seed="2,0,0,2,0,85" ten="299,237,283,181" oya="2" hai0="101,65,108,88,76,90,107,124,29,9,13,4,39" hai1="71,82,50,27,74,17,130,123,116,120,67,26,96" hai2="131,21,72,86,42,36,46,77,30,44,135,58,49" hai3="79,133,19,126,11,103,134,51,70,20,89,0,52"/><V84/><F131/><W2/><G70/><T87/><D39/><U68/><E116/><V115/><F115/><W66/><G66/><T78/><D65/><U94/><E130/><V31/><F135/><N who="3" m="51723" /><G103/><T92/><D108/><U91/><E50/><V22/><F72/><W59/><G79/><T122/><D122/><N who="1" m="46635" /><E67/><V95/><F58/><W6/><G126/><T37/><D37/><U45/><E45/><V64/><F64/><W93/><G11/><T23/><D124/><U109/><E109/><V69/><F69/><N who="1" m="26697" /><E17/><V48/><F36/><W119/><G119/><T41/><D41/><U98/><E98/><V61/><F61/><W128/><G128/><T35/><D35/><U60/><E60/><V80/><F42/><W110/><G110/><T105/><D105/><U14/><E14/><V53/><F46/><W129/><G129/><T81/><D107/><U113/><E113/><V99/><F48/><W132/><N who="3" m="51731" /><W43/><DORA hai="8" /><G43/><T83/><D101/><U63/><E63/><V75/><F53/><W55/><G55/><T62/><D62/><U1/><E1/><V56/><F49/><W117/><G117/><T34/><D13/><U12/><E12/><V7/><F44/><W28/><G28/><T32/><D29/><N who="2" m="10762" /><F56/><W33/><G33/><T16/><D34/><U112/><E112/><V102/><F7/><W18/><G6/><T104/><D32/><U97/><E97/><V38/><F38/><W47/><G47/><T3/><D4/><U73/><E73/><V111/><F111/><W100/><G0/><T15/><D3/><U114/><E114/><RYUUKYOKU ba="0,0" sc="299,-15,237,15,283,15,181,-15" hai1="26,27,74,82,91,94,96" hai2="21,22,75,77,80,84,86,95,99,102" /><INIT seed="2,1,0,1,4,89" ten="284,252,298,166" oya="2" hai0="131,61,27,15,95,46,63,88,117,87,71,57,2" hai1="39,96,6,9,121,92,85,42,11,58,126,26,66" hai2="112,125,37,118,54,94,91,21,59,64,130,44,81" hai3="56,77,115,114,101,19,36,62,108,107,24,79,134"/><V82/><F112/><N who="3" m="43051" /><G36/><T116/><D2/><U84/><E39/><V23/><F118/><N who="0" m="45674" /><D131/><U1/><E42/><V123/><F123/><W50/><G108/><T18/><D46/><U29/><E126/><V45/><F125/><W8/><G134/><T52/><D27/><U20/><E121/><V22/><F64/><N who="3" m="38983" /><G50/><N who="0" m="30871" /><D71/><U80/><E11/><AGARI ba="1,0" hai="11,15,18,61,63,87,88,95" m="30871,45674" machi="11" ten="30,7700,0" yaku="12,1,52,1,54,2" doraHai="89" who="0" fromWho="1" sc="284,80,252,-80,298,0,166,0" /><INIT seed="3,0,0,2,2,43" ten="364,172,298,166" oya="3" hai0="30,123,36,23,14,46,26,70,101,49,98,44,102" hai1="69,21,87,109,115,85,62,89,122,2,84,22,29" hai2="65,106,93,104,58,66,53,56,83,32,88,112,105" hai3="77,17,9,0,96,90,25,133,47,125,74,4,71"/><W111/><G71/><T57/><D70/><U38/><E115/><V10/><F112/><W18/><G125/><T34/><D123/><U51/><E38/><V79/><F32/><W63/><G133/><T8/><D34/><U37/><E37/><V80/><F10/><W107/><G63/><T59/><D36/><U16/><E2/><V134/><F134/><W33/><G111/><T130/><D130/><U113/><E113/><V121/><F121/><W76/><G74/><T1/><D1/><U116/><E116/><V42/><F42/><W120/><G120/><T99/><D99/><U50/><E122/><V131/><F131/><W41/><G33/><T64/><D64/><U3/><E3/><V52/><F58/><N who="0" m="22026" /><D98/><U132/><E109/><V129/><F129/><W73/><G73/><T110/><D110/><U20/><E132/><V15/><F15/><N who="3" m="5543" /><G107/><T72/><D72/><U61/><E29/><V48/><F53/><W97/><G0/><T94/><D94/><U24/><E69/><V95/><F95/><N who="3" m="56439" /><G97/><T119/><D119/><U127/><E127/><V124/><F124/><W128/><G128/><T135/><D135/><U13/><E89/><V45/><F93/><W54/><G41/><N who="0" m="24719" /><D46/><U86/><N who="1" m="21504" /><DORA hai="82" /><U117/><E117/><V11/><F88/><W91/><G91/><T19/><AGARI ba="0,0" hai="8,14,19,23,26,30,101,102" m="24719,22026" machi="19" ten="30,2000,0" yaku="8,1,52,1" doraHai="43,82" who="0" fromWho="0" sc="364,20,172,-5,298,-5,166,-10" owari="384,48.0,167,-23.0,293,9.0,156,-34.0" /></mjloggm>