<mjloggm ver="2.3"><GO type="97" lobby="0"/><UN n0="%63%6F%61" n1="%E3%83%88%E3%83%88%E3%83%AA%E5%85%88%E7%94%9F%31%39%E6%AD%B3" n2="%E3%82%AE%E3%83%A3%E3%83%B3%E3%83%96%E3%83%A9%E3%83%BC%E3%83%8A%E3%83%8A" n3="%67%65%6D%73" dan="15,14,14,14" rate="1994.91,2039.24,1912.10,1899.92" sx="M,F,F,F"/><TAIKYOKU oya="0"/><INIT seed="0,0,0,4,0,72" ten="250,250,250,250" oya="0" hai0="100,101,116,105,115,125,18,58,97,98,66,123,6" hai1="126,88,13,46,86,12,133,78,65,2,68,110,26" hai2="85,11,74,4,89,19,1,33,119,87,102,45,40" hai3="117,10,27,25,55,128,112,91,44,49,109,22,47"/><T84/><D123/><U111/><E2/><V53/><F119/><W37/><G117/><T56/><D116/><U121/><E121/><V95/><F33/><W64/><G112/><T135/><D115/><U9/><E133/><V127/><F127/><W17/><G128/><T71/><D135/><U99/><E126/><V62/><F74/><W114/><G114/><T60/><D125/><U61/><E46/><V24/><F102/><W75/><G75/><T83/><D6/><U129/><E129/><V120/><F120/><W43/><G109/><N who="1" m="41482" /><E26/><V124/><F124/><W90/><G64/><T29/><D29/><U106/><E78/><V5/><F85/><W23/><REACH who="3" step="1"/><G10/><REACH who="3" ten="250,250,250,240" step="2"/><T122/><D122/><U94/><E9/><V20/><F5/><W96/><G96/><T92/><REACH who="0" step="1"/><D18/><AGARI ba="0,1" hai="17,18,22,23,25,27,37,43,44,47,49,55,90,91" machi="18" ten="30,3900,0" yaku="1,1,7,1,9,1,53,0" doraHai="72" doraHaiUra="63" who="3" fromWho="0" sc="250,-39,250,0,250,0,240,49" /><INIT seed="1,0,0,1,2,112" ten="211,250,250,289" oya="1" hai0="78,48,8,116,114,7,92,49,101,134,36,135,121" hai1="130,132,42,109,82,67,120,89,69,79,100,104,4" hai2="102,63,108,31,131,70,33,125,93,91,26,119,25" hai3="94,23,90,106,87,133,117,98,44,1,38,84,74"/><U77/><E120/><V50/><F119/><W122/><G1/><T2/><D114/><U75/><E4/><V56/><F108/><W60/><G122/><T62/><D121/><U22/><E42/><V111/><F111/><W51/><G38/><T80/><D36/><U21/><E109/><V96/><F131/><W46/><G74/><T105/><D105/><U43/><E130/><V123/><F125/><W99/><G106/><T81/><D62/><U34/><E34/><V126/><F126/><W61/><G133/><N who="0" m="50699" /><D116/><U103/><E132/><V0/><F0/><W95/><G117/><T19/><D19/><U45/><E79/><V37/><F37/><W129/><G129/><T32/><D32/><U128/><E128/><V53/><F123/><W115/><G115/><T107/><D107/><U14/><E67/><V113/><F25/><W5/><G5/><T24/><D24/><U57/><E69/><V65/><REACH who="2" step="1"/><F113/><REACH who="2" ten="211,250,240,289" step="2"/><W110/><G110/><T83/><D78/><U3/><E77/><V71/><F71/><W39/><G39/><T54/><D54/><U9/><E43/><V16/><F16/><W76/><G76/><T88/><D101/><AGARI ba="0,1" hai="26,31,33,50,53,56,63,65,70,91,93,96,101,102" machi="101" ten="40,2600,0" yaku="1,1,53,1" doraHai="112" doraHaiUra="52" who="2" fromWho="0" sc="211,-26,250,0,240,36,289,0" /><INIT seed="2,0,0,3,0,58" ten="185,250,276,289" oya="2" hai0="103,118,2,42,115,131,20,18,134,95,102,26,71" hai1="88,122,12,94,99,15,21,89,28,87,19,0,69" hai2="38,55,51,33,60,66,81,84,82,32,44,40,64" hai3="39,130,9,113,107,5,56,72,125,132,24,110,80"/><V91/><F81/><W52/><G39/><T6/><D115/><U62/><E0/><V36/><F66/><W105/><G110/><T30/><D131/><U101/><E122/><V61/><F38/><W22/><G130/><T97/><D134/><U57/><E69/><V48/><F48/><W4/><G132/><T75/><D75/><U128/><E128/><V126/><F126/><W37/><G37/><T8/><D118/><U41/><E41/><V124/><F124/><W53/><G125/><T73/><D73/><U133/><E133/><V34/><REACH who="2" step="1"/><F64/><REACH who="2" ten="185,250,266,289" step="2"/><W3/><G113/><T45/><D71/><U109/><E109/><V49/><F49/><W83/><G80/><T119/><D119/><U54/><E28/><V121/><F121/><W17/><G83/><T35/><D42/><U129/><E129/><V127/><F127/><W100/><G72/><T112/><D112/><U114/><E114/><V123/><F123/><W63/><G5/><T78/><D78/><U16/><E87/><V31/><F31/><W13/><G100/><T108/><D108/><U76/><E76/><V1/><F1/><W79/><G79/><T104/><D45/><AGARI ba="0,1" hai="32,33,34,36,40,44,45,51,55,60,61,82,84,91" machi="45" ten="40,12000,1" yaku="1,1,52,2,53,1" doraHai="58" doraHaiUra="85" who="2" fromWho="0" sc="185,-120,250,0,266,130,289,0" /><INIT seed="2,1,0,5,5,68" ten="65,250,396,289" oya="2" hai0="1,85,14,125,55,12,121,97,28,56,69,54,38" hai1="26,40,48,113,53,96,2,81,50,58,135,35,111" hai2="86,94,92,117,77,65,36,21,100,95,7,34,52" hai3="6,66,114,16,89,75,72,22,45,71,106,103,43"/><V110/><F117/><W20/><G6/><T59/><D69/><U115/><E2/><V25/><F34/><W46/><G114/><T19/><D121/><U33/><E111/><V41/><F110/><W83/><G46/><T102/><D1/><U119/><E119/><V76/><F65/><W11/><G22/><T27/><D125/><U108/><E108/><V90/><F7/><W0/><G106/><T82/><D38/><U42/><E81/><V129/><F129/><W131/><G103/><T91/><D28/><U44/><E135/><V31/><F100/><W107/><G107/><T116/><D116/><U98/><E58/><V87/><F87/><W23/><G131/><T84/><D27/><U126/><E44/><V80/><REACH who="2" step="1"/><F52/><REACH who="2" ten="65,250,386,289" step="2"/><W105/><G105/><T57/><D85/><U62/><E53/><V64/><F64/><W101/><G101/><T3/><D3/><U4/><E4/><V70/><F70/><W109/><G71/><T32/><D32/><U18/><E126/><V8/><F8/><W47/><G66/><T104/><REACH who="0" step="1"/><D14/><REACH who="0" ten="55,250,386,289" step="2"/><U123/><E113/><V124/><F124/><W122/><G109/><T15/><D15/><U133/><E115/><V30/><F30/><W51/><G122/><T13/><D13/><U127/><E127/><V29/><F29/><W132/><G0/><T9/><AGARI ba="1,2" hai="9,12,19,54,55,56,57,59,82,84,91,97,102,104" machi="9" ten="30,4000,0" yaku="1,1,0,1,53,1" doraHai="68" doraHaiUra="79" who="0" fromWho="0" sc="55,63,250,-11,386,-21,289,-11" /><INIT seed="3,0,0,0,2,77" ten="118,239,365,278" oya="3" hai0="79,84,82,72,122,11,34,81,119,58,35,110,46" hai1="22,101,93,127,27,100,62,83,5,112,42,45,131" hai2="87,99,28,116,120,13,92,18,75,47,76,104,44" hai3="71,50,105,60,88,90,3,73,9,97,103,52,134"/><W31/><G134/><T1/><D119/><U129/><E112/><V65/><F116/><W113/><G113/><T19/><D122/><U96/><E127/><V67/><F75/><W53/><G73/><T21/><D110/><U8/><E101/><N who="2" m="60647" /><F104/><W32/><G3/><T30/><D30/><U74/><E62/><V95/><F120/><W25/><G9/><T63/><D46/><N who="2" m="17450" /><F95/><W85/><G90/><T14/><D1/><U118/><E118/><V107/><F107/><W98/><G98/><T69/><D69/><U12/><E22/><N who="2" m="11599" /><F28/><W102/><G102/><T10/><D34/><U135/><E27/><V55/><F55/><W109/><G50/><T56/><D35/><U108/><E108/><V38/><F38/><W36/><G36/><T114/><D114/><U123/><E135/><V128/><F128/><W39/><G39/><T80/><D58/><U7/><E123/><V48/><F48/><W66/><G109/><T0/><D0/><U70/><E70/><V51/><F51/><W37/><G37/><T126/><D126/><U111/><E42/><V29/><F29/><W124/><G124/><T43/><D43/><U132/><E45/><V91/><F91/><W94/><AGARI ba="0,0" hai="25,31,32,52,53,60,66,71,85,88,94,97,103,105" machi="94" ten="20,18000,2" yaku="0,1,7,1,25,2,54,2" doraHai="77" who="3" fromWho="3" sc="118,-60,239,-60,365,-60,278,180" owari="58,-44.0,179,-22.0,305,11.0,458,55.0" /></mjloggm>