<mjloggm ver="2.3"><GO type="41" lobby="0"/><UN n0="%E5%B0%B1%E6%B4%BB%E7%94%9F%40%E5%B7%9D%E6%9D%91%E8%BB%8D%E5%9B%A3" n1="%E2%91%A8%62%69%73%68%69" n2="%65%76%67%6F%6D%65%73%31" n3="%E3%80%93%E9%9F%BF%E2%98%86%E5%A5%8F%E3%80%93" dan="14,13,14,13" rate="1970.91,1849.07,1949.85,1845.97" sx="M,M,M,M"/><TAIKYOKU oya="0"/><INIT seed="0,0,0,4,2,72" ten="250,250,250,250" oya="0" hai0="78,13,45,4,47,84,110,44,70,49,124,121,76" hai1="39,54,10,91,89,14,98,8,48,20,109,28,90" hai2="82,69,125,105,36,120,127,60,95,40,37,58,74" hai3="21,92,117,15,52,18,75,46,118,50,111,35,85"/><T22/><D121/><U17/><E39/><V132/><F105/><W30/><G111/><T64/><D124/><N who="2" m="47690" /><F120/><W107/><G107/><T61/><D110/><U103/><E109/><V96/><F132/><W6/><G75/><T56/><D84/><U97/><E28/><V83/><F69/><W31/><G35/><T9/><REACH who="0" step="1"/><D22/><REACH who="0" ten="240,250,250,250" step="2"/><U1/><E20/><V116/><F74/><W104/><G118/><T94/><D94/><U115/><E115/><V128/><F116/><W67/><G104/><T7/><D7/><U51/><E10/><V63/><F95/><W131/><G117/><T57/><D57/><U106/><E8/><V71/><F58/><W81/><G6/><T80/><D80/><U33/><E33/><V25/><F82/><W123/><G92/><T19/><D19/><U133/><E17/><V23/><F83/><W77/><G123/><T12/><D12/><U65/><E14/><V126/><F126/><W68/><G68/><T73/><D73/><U55/><E106/><V102/><F71/><W88/><G77/><T41/><D41/><U119/><E119/><V27/><F23/><W86/><G86/><T99/><D99/><U62/><E98/><V38/><F40/><W100/><G100/><T0/><D0/><U134/><E97/><V112/><F112/><W53/><G131/><T11/><D11/><U101/><E1/><V2/><F128/><W87/><G87/><T16/><D16/><U26/><E101/><V66/><F2/><W29/><G67/><T43/><D43/><AGARI ba="0,1" hai="15,18,21,29,30,31,43,46,50,52,53,81,85,88" machi="43" ten="40,5200,0" yaku="8,1,54,2" doraHai="72" who="3" fromWho="0" sc="240,-52,250,0,250,0,250,62" /><INIT seed="1,0,0,3,3,16" ten="188,250,250,312" oya="1" hai0="40,58,91,101,113,133,121,49,118,61,106,125,44" hai1="60,12,36,112,27,53,120,15,32,89,62,105,131" hai2="114,74,0,67,8,83,34,98,13,79,42,39,5" hai3="38,6,1,17,51,110,55,68,82,46,107,48,64"/><U77/><E120/><V43/><F114/><W81/><G110/><T10/><D113/><U63/><E112/><V87/><F34/><W26/><G107/><T71/><D118/><U21/><E105/><V29/><F29/><W103/><G103/><T37/><D121/><U102/><E102/><V93/><F67/><W97/><G97/><T108/><D125/><U52/><E32/><V24/><F24/><W65/><G1/><T75/><D108/><U88/><E36/><V94/><F94/><W122/><G38/><T92/><D75/><U33/><E33/><V59/><F59/><N who="3" m="33255" /><G68/><T7/><D133/><U22/><E77/><V70/><F70/><W76/><G6/><T111/><D111/><U14/><E131/><V123/><F123/><W135/><G135/><T117/><D117/><U2/><E2/><V119/><F119/><W90/><G90/><N who="1" m="34922" /><E27/><V100/><F74/><W84/><G81/><T31/><D106/><U115/><E115/><V126/><F126/><W99/><G99/><T104/><D104/><U41/><E41/><V20/><F39/><W85/><G85/><T69/><D101/><U66/><E66/><V3/><F3/><W73/><G73/><T45/><D69/><U80/><E80/><V134/><F134/><W35/><G35/><T129/><D71/><U86/><E86/><V9/><F9/><W128/><G128/><T132/><D132/><U130/><E130/><V4/><F4/><W19/><G122/><T28/><D129/><U72/><E72/><V56/><F56/><W96/><G96/><N who="0" m="57375" /><D37/><U95/><E95/><V116/><F116/><RYUUKYOKU ba="0,0" sc="188,-15,250,15,250,15,312,-15" hai1="12,14,15,21,22,52,53,60,62,63" hai2="0,5,8,13,20,42,43,79,83,87,93,98,100" /><INIT seed="1,1,0,1,4,20" ten="173,265,265,297" oya="1" hai0="69,116,110,32,93,85,122,96,3,134,63,106,112" hai1="101,127,14,81,135,53,10,25,52,19,120,129,105" hai2="77,95,46,13,33,114,65,49,8,62,60,59,41" hai3="57,82,74,80,92,18,38,27,70,108,94,107,44"/><U89/><E120/><V34/><F114/><W31/><G70/><T7/><RYUUKYOKU type="yao9" ba="1,0" sc="173,0,265,0,265,0,297,0" hai0="3,7,32,63,69,85,93,96,106,110,112,116,122,134" /><INIT seed="1,2,0,3,1,15" ten="173,265,265,297" oya="1" hai0="29,73,34,8,65,72,92,3,76,25,129,100,93" hai1="102,87,122,82,111,44,28,12,57,9,98,2,67" hai2="116,38,103,64,77,84,107,0,1,11,47,135,49" hai3="24,83,4,127,13,96,31,114,105,119,32,68,55"/><U18/><E122/><V125/><F116/><W123/><G114/><T14/><D129/><U74/><E74/><V33/><F33/><W63/><G123/><T43/><D3/><U89/><E2/><V121/><F121/><W88/><G127/><T78/><D43/><U60/><E111/><V134/><F64/><W39/><G39/><T80/><D65/><U35/><E44/><V37/><F107/><W58/><G119/><T97/><D78/><U91/><E35/><V5/><F103/><W131/><G131/><T108/><D108/><U110/><E110/><V41/><F125/><W45/><G45/><T40/><D40/><U95/><E28/><V113/><F113/><W56/><G68/><T48/><D48/><U6/><REACH who="1" step="1"/><E6/><REACH who="1" ten="173,255,265,297" step="2"/><V54/><F1/><W126/><G126/><T85/><D93/><U21/><E21/><V117/><F117/><W30/><G31/><T69/><D69/><U86/><E86/><V19/><F0/><W59/><G4/><AGARI ba="2,1" hai="4,8,14,25,29,34,72,73,76,80,85,92,97,100" machi="4" ten="30,1000,0" yaku="7,1" doraHai="15" who="0" fromWho="3" sc="173,26,255,0,265,0,297,-16" /><INIT seed="2,0,0,2,2,49" ten="199,255,265,281" oya="2" hai0="91,120,25,51,76,130,112,50,4,131,68,71,126" hai1="73,105,27,134,39,72,41,3,64,47,57,54,5" hai2="62,9,88,74,17,29,99,135,96,15,107,93,35" hai3="95,14,43,45,104,70,60,42,37,58,19,123,129"/><V56/><F135/><W111/><G129/><N who="0" m="49163" /><D4/><U52/><E134/><V86/><F74/><W24/><G111/><T127/><D76/><U44/><E105/><V66/><REACH who="2" step="1"/><F107/><REACH who="2" ten="199,255,255,281" step="2"/><W119/><G104/><T100/><D120/><U122/><E73/><V53/><F53/><W81/><G123/><T32/><D112/><U65/><E72/><V98/><F98/><W114/><G119/><T82/><D100/><U97/><E122/><V124/><F124/><N who="0" m="47658" /><D32/><U30/><E97/><V46/><F46/><W34/><G114/><T22/><D91/><U6/><E47/><V103/><F103/><W94/><G34/><T21/><D82/><U59/><E3/><V16/><F16/><W80/><G43/><T113/><D113/><U10/><E5/><V20/><F20/><N who="0" m="7786" /><D25/><AGARI ba="0,1" hai="9,15,17,25,29,35,56,62,66,86,88,93,96,99" machi="25" ten="40,7700,0" yaku="1,1,54,1,53,1" doraHai="49" doraHaiUra="13" who="2" fromWho="0" sc="199,-77,255,0,255,87,281,0" /><INIT seed="2,1,0,0,4,79" ten="122,255,342,281" oya="2" hai0="78,25,27,15,86,99,2,123,96,103,88,11,68" hai1="81,109,83,100,40,130,117,13,49,22,90,16,59" hai2="51,17,77,101,102,48,113,95,112,21,115,61,50" hai3="18,87,5,52,124,120,92,70,126,35,133,28,53"/><V80/><F61/><W1/><G70/><T85/><D123/><U19/><E117/><V30/><F30/><W24/><G120/><T134/><D68/><U116/><E116/><V55/><F55/><W42/><G42/><T46/><D2/><U6/><E130/><V63/><F63/><W121/><G121/><T45/><D134/><U110/><E100/><V93/><F93/><W129/><G129/><T131/><D131/><U125/><E125/><N who="3" m="48234" /><G133/><T91/><D78/><U74/><E74/><V7/><F7/><W111/><G111/><N who="1" m="42506" /><E6/><V98/><F102/><W20/><G92/><T60/><D60/><U64/><E90/><V34/><F34/><W44/><G44/><T108/><D108/><U84/><E84/><V9/><F9/><N who="3" m="2223" /><G87/><T97/><D103/><U73/><E73/><V75/><REACH who="2" step="1"/><F112/><REACH who="2" ten="122,255,332,281" step="2"/><W122/><G122/><T57/><D57/><U32/><E32/><V54/><F54/><W114/><G114/><T10/><D99/><U105/><E105/><V47/><F47/><W69/><G69/><T128/><D128/><U3/><E59/><V107/><F107/><W71/><G71/><T106/><D106/><U41/><E64/><V33/><F33/><W29/><G29/><T8/><REACH who="0" step="1"/><D8/><REACH who="0" ten="112,255,332,281" step="2"/><U135/><E135/><V0/><F0/><W104/><G104/><T127/><D127/><U66/><E3/><V118/><F118/><W119/><G119/><T94/><D94/><U132/><E132/><V56/><F56/><W23/><G35/><T39/><D39/><U36/><E36/><V37/><F37/><W62/><G62/><T58/><D58/><RYUUKYOKU ba="1,2" sc="112,10,255,-30,332,10,281,10" hai0="10,11,15,25,27,45,46,85,86,88,91,96,97" hai2="17,21,48,50,51,75,77,80,95,98,101,113,115" hai3="18,20,23,24,28,52,53" /><INIT seed="2,2,2,3,2,36" ten="122,225,342,291" oya="2" hai0="78,0,59,43,109,35,126,3,88,29,115,48,125" hai1="54,87,64,81,107,134,79,99,22,124,53,86,18" hai2="17,95,38,66,130,129,40,73,65,34,55,116,72" hai3="20,25,62,37,77,61,13,92,41,132,46,82,33"/><V16/><F116/><W68/><G132/><T23/><D78/><U91/><E134/><V69/><F34/><W135/><G135/><T4/><D35/><U120/><E120/><V93/><F69/><W84/><G68/><T94/><D115/><U70/><E124/><N who="0" m="47721" /><D109/><U100/><E64/><N who="2" m="24683" /><F55/><W123/><G123/><T102/><D102/><U42/><E42/><V121/><F40/><W117/><G117/><T15/><D59/><U105/><E107/><V1/><F1/><W96/><G13/><T19/><D29/><U52/><E70/><V49/><F49/><W14/><G14/><T57/><D4/><U21/><REACH who="1" step="1"/><E18/><REACH who="1" ten="122,215,342,291" step="2"/><N who="2" m="7275" /><F38/><W106/><G106/><T45/><D57/><U113/><E113/><V76/><F121/><W32/><G62/><T67/><D67/><U89/><E89/><V47/><F76/><W50/><G61/><T6/><D6/><U8/><E8/><V2/><F2/><W10/><G10/><T26/><D26/><U122/><E122/><V39/><F39/><W133/><G37/><T44/><D44/><U98/><E98/><AGARI ba="2,3" hai="0,3,15,19,23,43,45,48,88,94,98" m="47721" machi="98" ten="30,3900,0" yaku="18,1,52,1,54,1" doraHai="36" who="0" fromWho="1" sc="122,75,215,-45,342,0,291,0" /><INIT seed="3,0,0,3,1,43" ten="197,170,342,291" oya="3" hai0="32,35,26,67,95,85,100,4,86,129,46,89,102" hai1="79,39,7,3,119,91,14,37,72,54,59,63,128" hai2="125,16,115,0,9,62,88,44,83,123,81,58,41" hai3="71,18,116,110,10,64,53,99,40,93,135,121,87"/><W131/><G121/><T106/><D129/><U51/><E128/><V97/><F115/><W47/><G116/><T112/><D112/><U126/><E119/><V60/><F125/><W13/><G135/><T114/><D114/><U57/><E126/><V17/><F123/><W27/><G131/><T90/><D4/><U103/><E3/><V61/><F0/><W42/><G87/><T122/><D122/><U111/><E111/><V120/><F120/><W92/><G71/><T23/><D67/><U84/><E103/><V117/><F117/><W5/><G64/><T101/><D106/><U70/><E79/><V36/><F58/><W34/><G34/><T127/><D127/><U28/><E72/><V73/><F73/><W45/><G53/><T134/><D134/><U30/><E70/><V133/><F133/><W33/><G33/><T66/><D66/><N who="1" m="39279" /><E37/><V109/><F109/><W75/><G75/><T124/><D124/><U118/><E39/><V8/><F83/><W55/><G55/><T65/><D65/><U76/><E76/><V48/><F36/><W1/><G1/><T77/><D77/><U98/><E98/><V12/><F17/><W6/><G110/><T50/><D35/><U20/><E118/><V49/><F49/><W38/><G38/><T74/><D32/><U68/><E68/><V105/><F105/><W31/><G31/><N who="0" m="17887" /><D74/><U113/><E113/><V22/><F97/><W15/><G27/><T21/><D21/><U78/><E78/><V94/><F94/><N who="3" m="36459" /><G99/><N who="0" m="57839" /><D90/><U104/><E104/><V56/><F56/><W130/><G130/><T2/><D2/><RYUUKYOKU ba="0,0" sc="197,15,170,-15,342,15,291,-15" hai0="46,50,85,86,100,101,102" hai2="8,9,12,16,22,41,44,48,60,61,62,81,88" /><INIT seed="4,1,0,1,0,24" ten="212,155,357,276" oya="0" hai0="64,0,54,96,132,44,114,55,58,23,41,67,46" hai1="97,1,81,83,77,15,95,35,131,124,38,45,27" hai2="26,30,21,19,8,101,117,98,34,40,104,50,3" hai3="113,125,127,86,118,10,43,57,2,73,80,18,109"/><T47/><D0/><U130/><E1/><V108/><F108/><W115/><G109/><T29/><D114/><N who="3" m="43529" /><G73/><T4/><D4/><U22/><E35/><V13/><F117/><W20/><G43/><T90/><D132/><U14/><E124/><N who="3" m="47690" /><G10/><T72/><D72/><U59/><E59/><V82/><F82/><W92/><G92/><N who="0" m="56343" /><D41/><U25/><E25/><V102/><F102/><W89/><G57/><T16/><D29/><U134/><E134/><V122/><F122/><W60/><G60/><N who="0" m="37911" /><D67/><U56/><E131/><V116/><F116/><W5/><G5/><T91/><D91/><U78/><E38/><V123/><F123/><W28/><G2/><T62/><D62/><U88/><E130/><V69/><F69/><W112/><N who="3" m="43537" /><W49/><DORA hai="135" /><G49/><T99/><D99/><U100/><E100/><V71/><F71/><W74/><G74/><T17/><D17/><U111/><E111/><V119/><F119/><W61/><G61/><T75/><D75/><U70/><E56/><V79/><F50/><W106/><G106/><T63/><D63/><U94/><E70/><V66/><F40/><W65/><G65/><T87/><D87/><U51/><E51/><V48/><F48/><W129/><G129/><T6/><D6/><U76/><E97/><V39/><F66/><W33/><G118/><T68/><D68/><U128/><E128/><V42/><F3/><W93/><G33/><T32/><D32/><U11/><E11/><V37/><F8/><W7/><G7/><T53/><D53/><U31/><E95/><V105/><F105/><W107/><G107/><RYUUKYOKU ba="1,0" sc="212,30,155,-10,357,-10,276,-10" hai0="16,23,44,46,47,54,55" /><INIT seed="4,2,0,1,4,30" ten="242,145,347,266" oya="0" hai0="63,41,29,81,107,19,91,102,49,32,122,26,130" hai1="11,120,72,45,28,65,4,15,2,93,87,10,24" hai2="18,61,5,64,89,57,134,135,78,126,118,37,114" hai3="84,92,86,80,71,13,79,119,8,55,6,54,67"/><T53/><D122/><U44/><E120/><V33/><F37/><W73/><G119/><T115/><D130/><U100/><E72/><V60/><F5/><W3/><G71/><T68/><D115/><U99/><E65/><V101/><F114/><W98/><G67/><N who="0" m="41087" /><D41/><U39/><E87/><V70/><F101/><W127/><G127/><T27/><D27/><U48/><E39/><V17/><F78/><W106/><G86/><T42/><D19/><U77/><E77/><V38/><F38/><W111/><G111/><T94/><D42/><U96/><E99/><V85/><F118/><W9/><G106/><T108/><D108/><U124/><E124/><V125/><F33/><W12/><G73/><T21/><D21/><U66/><E66/><V95/><F126/><W47/><G3/><T0/><D0/><U74/><E74/><V23/><F125/><W20/><G20/><T62/><D62/><U133/><E133/><N who="2" m="50699" /><F23/><W129/><G47/><T46/><D81/><U117/><E117/><V110/><F110/><W128/><G129/><T51/><D94/><U83/><E83/><V14/><F14/><W34/><G34/><T75/><D91/><U109/><E109/><V69/><F61/><W97/><G97/><N who="0" m="61903" /><D75/><U90/><E100/><V131/><F131/><W76/><G76/><T31/><D31/><U116/><E116/><V7/><F7/><N who="3" m="3103" /><G128/><T25/><D25/><U121/><E121/><V22/><F22/><W104/><G104/><T88/><D88/><AGARI ba="2,0" hai="6,9,13,54,55,79,80,84,88,92,98" m="3103" machi="88" ten="30,2000,0" yaku="8,1,54,1" doraHai="30" who="3" fromWho="0" sc="242,-26,145,0,347,0,266,26" /><INIT seed="5,0,0,1,1,46" ten="216,145,347,292" oya="1" hai0="97,103,133,8,77,107,64,28,132,31,15,34,9" hai1="82,41,117,53,90,45,112,52,61,32,89,55,101" hai2="134,72,70,126,43,102,62,59,6,63,35,113,44" hai3="92,48,12,38,47,29,20,0,95,14,129,124,120"/><U66/><E117/><V83/><F35/><W127/><G120/><T119/><D119/><U85/><E32/><V123/><F123/><W125/><G0/><T75/><D64/><U73/><E112/><V79/><F126/><W40/><G129/><T105/><D105/><U111/><E111/><V94/><F134/><N who="0" m="51818" /><D34/><U110/><E110/><V100/><F113/><W36/><G29/><N who="0" m="11339" /><D15/><N who="3" m="5673" /><G20/><T1/><D1/><U109/><E109/><V56/><F70/><W13/><N who="3" m="5681" /><W23/><DORA hai="51" /><G23/><T27/><D27/><U68/><E73/><V84/><F6/><W71/><G71/><T104/><D104/><U22/><E22/><V81/><F62/><W135/><G135/><T67/><D67/><U88/><REACH who="1" step="1"/><E101/><REACH who="1" ten="216,135,347,292" step="2"/><V21/><F21/><W80/><G80/><AGARI ba="0,1" hai="8,9,75,77,80,97,103,107" m="11339,51818" machi="80" ten="30,1000,0" yaku="20,1" doraHai="46,51" who="0" fromWho="3" sc="216,20,135,0,347,0,292,-10" /><INIT seed="6,0,0,2,4,23" ten="236,135,347,282" oya="2" hai0="81,73,90,123,25,49,63,10,13,18,36,124,82" hai1="57,60,38,56,89,45,103,8,55,115,91,133,114" hai2="15,69,128,74,1,111,19,32,71,88,4,116,86" hai3="41,107,120,20,110,42,48,102,40,75,0,108,101"/><V27/><F116/><W70/><G0/><T104/><D36/><U109/><E109/><V47/><F74/><W58/><G70/><T132/><D123/><U39/><E103/><N who="3" m="39434" /><G107/><T79/><D124/><U78/><E78/><V9/><F128/><W121/><G75/><T105/><D132/><U66/><E133/><V46/><F111/><N who="3" m="42539" /><G58/><T76/><D90/><U6/><E39/><V26/><F71/><W43/><G48/><T33/><D63/><U126/><E126/><V129/><F69/><W35/><G20/><T83/><D49/><U52/><E66/><V30/><F129/><W62/><G62/><T24/><D33/><U5/><E5/><V72/><F72/><W135/><G135/><T122/><D122/><N who="3" m="47209" /><G35/><T22/><D73/><U93/><E38/><V67/><F67/><W3/><G3/><T16/><D105/><U130/><E45/><V37/><F37/><W113/><N who="3" m="10240" /><DORA hai="125" /><W97/><G97/><T85/><D104/><U119/><E119/><V31/><F88/><N who="1" m="33865" /><E93/><V28/><F86/><W21/><G21/><N who="0" m="13351" /><D79/><U65/><E65/><V127/><F127/><W17/><G17/><AGARI ba="0,0" hai="10,13,17,18,22,25,76,81,82,83,85" m="13351" machi="17" ten="30,7700,0" yaku="8,1,52,2,54,1" doraHai="23,125" who="0" fromWho="3" sc="236,77,135,0,347,0,282,-77" /><INIT seed="7,0,0,5,2,85" ten="313,135,347,205" oya="3" hai0="119,133,93,42,56,89,67,16,120,127,55,5,65" hai1="0,17,74,19,83,36,79,7,122,26,114,112,82" hai2="113,34,35,43,50,2,135,62,87,86,91,126,117" hai3="92,28,116,15,76,11,107,68,109,102,81,44,13"/><W104/><G68/><T52/><D120/><U96/><E122/><V8/><F117/><W18/><G116/><T30/><D119/><U61/><E36/><V21/><F113/><W57/><G28/><T14/><D127/><U94/><E112/><V53/><F126/><W131/><G131/><T124/><D124/><U3/><E114/><V27/><F135/><W20/><G57/><T121/><D121/><U10/><E3/><V98/><F43/><W132/><G132/><T6/><D133/><U115/><E115/><V51/><F62/><W69/><G69/><T84/><D30/><U46/><E26/><V110/><F110/><W129/><G129/><T130/><D42/><U23/><E23/><V40/><F40/><W80/><G80/><T125/><D130/><U78/><E46/><V1/><F1/><W22/><G22/><N who="0" m="11543" /><D55/><U25/><E61/><V39/><F39/><W103/><G44/><T66/><D125/><U54/><E25/><V106/><F106/><W59/><G59/><T12/><D12/><U60/><E54/><V123/><F123/><W75/><G109/><T47/><D47/><U41/><E60/><AGARI ba="0,0" hai="5,6,52,56,60,65,66,67,84,89,93" m="11543" machi="60" ten="30,7700,0" yaku="8,1,52,1,54,2" doraHai="85" who="0" fromWho="1" sc="313,77,135,-77,347,0,205,0" owari="390,48.0,58,-44.0,347,15.0,205,-19.0" /></mjloggm>