<mjloggm ver="2.3"><GO type="225" lobby="0"/><UN n0="%E3%82%B4%E3%83%BC%E3%83%AB%E3%83%87%E3%83%B3%E3%81%B2%E3%82%88%E3%81%93" n1="%E3%81%BF%E3%81%A3%E3%81%A4%E3%81%83%EF%BD%9E" n2="%73%61%72%61%68%31%32%33" n3="%E3%83%88%E3%83%88%E3%83%AA%E5%85%88%E7%94%9F%31%39%E6%AD%B3" dan="16,18,16,17" rate="2145.57,2221.10,2094.15,2139.45" sx="M,F,M,F"/><TAIKYOKU oya="0"/><INIT seed="0,0,0,2,5,4" ten="250,250,250,250" oya="0" hai0="50,25,124,26,19,135,120,55,84,121,53,127,131" hai1="64,76,104,72,60,85,57,111,101,130,47,54,106" hai2="44,99,59,66,51,118,96,122,23,97,129,20,133" hai3="33,58,113,34,5,73,1,63,9,115,65,78,45"/><T119/><D119/><U30/><E111/><V27/><F122/><N who="0" m="47210" /><D84/><U49/><E130/><V89/><F129/><W18/><G18/><T93/><D131/><U36/><E72/><V123/><F133/><W91/><G91/><T105/><D105/><U81/><E101/><V114/><F118/><W38/><G113/><T107/><D107/><U77/><E77/><V2/><F2/><W94/><G94/><T48/><D93/><U37/><E37/><V75/><F75/><W86/><G86/><T14/><D135/><U87/><E87/><V10/><F114/><W80/><G115/><T31/><D50/><U109/><E109/><V69/><F69/><W74/><G74/><T29/><D48/><U67/><E30/><N who="0" m="11273" /><D55/><U24/><E24/><N who="0" m="9321" /><D53/><U12/><E64/><V79/><F123/><W11/><G45/><T103/><D103/><U68/><E106/><V134/><F134/><W132/><G38/><T8/><AGARI ba="0,0" hai="8,14,19,124,127" m="9321,11273,47210" machi="8" ten="40,7800,0" yaku="34,2,52,1" doraHai="4" who="0" fromWho="0" sc="250,78,250,-26,250,-26,250,-26" /><INIT seed="0,1,0,2,2,71" ten="328,224,224,224" oya="0" hai0="22,129,66,124,78,51,21,9,87,19,34,6,47" hai1="37,17,73,70,4,121,100,101,30,105,131,96,0" hai2="41,68,135,80,35,74,67,132,95,31,72,97,113" hai3="10,50,39,84,38,116,54,99,119,29,91,3,115"/><T64/><D34/><U93/><E121/><V107/><F113/><W44/><G115/><T2/><D124/><U120/><E120/><V7/><F7/><W77/><G77/><T62/><D129/><U52/><E131/><V79/><F41/><W49/><G29/><T55/><D62/><U114/><E114/><V86/><F74/><W33/><G33/><T90/><D78/><U12/><E70/><V36/><F36/><W130/><G130/><T125/><D125/><U104/><E73/><V85/><F67/><W108/><G99/><T28/><D28/><U106/><E30/><V61/><F61/><W122/><G122/><T56/><D47/><U111/><E111/><V83/><F68/><W48/><G108/><T11/><D11/><U45/><E4/><V25/><F107/><W118/><G10/><T103/><D103/><U127/><E0/><V13/><F13/><W1/><G1/><T57/><D57/><U20/><E127/><V59/><F59/><W88/><G3/><T112/><D22/><U16/><E17/><V32/><F32/><W75/><G75/><T23/><D23/><U98/><REACH who="1" step="1"/><E37/><REACH who="1" ten="328,214,224,224" step="2"/><V5/><F5/><W123/><G123/><T134/><D112/><U24/><E24/><V109/><F109/><W117/><G117/><T76/><D2/><U65/><E65/><V82/><F72/><W58/><G39/><T8/><D6/><U27/><E27/><V102/><F79/><W69/><G69/><T40/><D76/><U128/><E128/><V14/><F14/><W15/><G116/><T26/><D26/><U94/><E94/><RYUUKYOKU ba="1,1" sc="328,-15,214,15,224,15,224,-15" hai1="12,16,20,45,52,93,96,98,100,101,104,105,106" hai2="25,31,35,80,82,83,85,86,95,97,102,132,135" /><INIT seed="1,2,1,2,3,51" ten="313,229,239,209" oya="1" hai0="96,6,120,45,64,55,79,31,32,14,33,101,131" hai1="72,119,75,0,19,90,132,27,7,40,100,71,97" hai2="113,12,46,9,69,92,5,41,18,83,13,133,111" hai3="94,116,49,93,89,47,34,87,103,130,38,10,104"/><U50/><E119/><V68/><F111/><W30/><G38/><T91/><D79/><U98/><E71/><V43/><F113/><W4/><G116/><T102/><D64/><U17/><E0/><V70/><F133/><W56/><G130/><T66/><D66/><U57/><E132/><V1/><F92/><W125/><G104/><T129/><D120/><U123/><E7/><V59/><F59/><W108/><G108/><T2/><D2/><U28/><E75/><V58/><F58/><W126/><G56/><T134/><D134/><U99/><E72/><V3/><F83/><W109/><G109/><T8/><D91/><U106/><E98/><V74/><F74/><W84/><G30/><T65/><D65/><U121/><E121/><V128/><F128/><N who="0" m="49226" /><D31/><U25/><E123/><V26/><F26/><W16/><G103/><N who="0" m="39435" /><D96/><U122/><E27/><V67/><F67/><W63/><G89/><T35/><D35/><U127/><E122/><V15/><F3/><N who="3" m="287" /><G34/><T135/><D135/><U107/><E107/><V114/><F114/><W61/><G87/><T85/><D85/><U52/><E99/><V22/><REACH who="2" step="1"/><F43/><REACH who="2" ten="313,229,229,209" step="2"/><N who="3" m="24831" /><G93/><T88/><D33/><U36/><E25/><V21/><F21/><W48/><G94/><T95/><D32/><U112/><E112/><V54/><F54/><W11/><G125/><T53/><D45/><N who="1" m="23687" /><E127/><V80/><F80/><W73/><G126/><T124/><D124/><U78/><E28/><V60/><F60/><W86/><G73/><T117/><D117/><U24/><E24/><V44/><F44/><W23/><G63/><T29/><D29/><RYUUKYOKU ba="2,2" sc="313,15,229,-15,229,15,209,-15" hai0="6,8,14,53,55,88,95" hai2="1,5,9,12,13,15,18,22,41,46,68,69,70" /><INIT seed="2,3,2,0,4,72" ten="328,214,244,194" oya="2" hai0="94,27,85,23,65,51,60,69,110,29,96,134,119" hai1="102,12,24,18,37,13,50,73,47,115,39,66,120" hai2="108,67,132,28,42,82,31,76,70,4,109,107,90" hai3="62,7,129,98,118,83,74,44,26,21,53,121,25"/><V79/><F107/><W133/><G118/><T54/><D119/><U0/><E0/><V49/><F132/><W48/><G121/><T11/><D134/><U99/><E115/><V124/><F124/><W61/><G133/><T35/><D110/><N who="2" m="42602" /><F4/><W105/><G129/><T34/><D85/><U86/><E73/><V87/><F67/><W9/><G25/><T97/><D11/><U112/><E66/><V127/><F70/><W6/><G6/><T81/><D81/><U122/><E112/><V3/><F3/><W71/><G71/><T111/><D97/><U5/><E39/><V93/><F127/><W135/><G135/><T114/><D114/><U128/><E37/><V92/><F42/><W101/><G83/><T36/><D36/><U33/><E128/><V10/><F10/><W64/><G74/><T77/><D111/><U40/><E5/><V38/><F49/><W106/><G64/><T116/><D116/><U103/><E122/><V32/><F38/><W89/><G89/><T20/><D35/><U57/><E120/><V30/><F32/><W68/><G106/><T88/><D77/><AGARI ba="3,2" hai="28,30,31,76,77,79,82,87,90,92,93" m="42602" machi="77" ten="30,12000,1" yaku="14,1,10,1,52,3" doraHai="72" who="2" fromWho="0" sc="328,-129,214,0,244,149,194,0" /><INIT seed="2,4,0,4,4,44" ten="199,214,393,194" oya="2" hai0="11,130,129,121,98,97,114,91,80,43,23,110,24" hai1="40,95,10,88,85,27,45,108,87,50,57,120,48" hai2="6,9,113,52,123,115,124,62,18,54,77,53,125" hai3="112,25,37,41,105,79,39,127,55,76,34,96,117"/><V118/><F118/><W94/><G117/><T64/><D121/><U29/><E108/><V61/><F123/><W128/><G105/><T107/><D110/><U84/><E120/><V90/><F90/><W74/><G128/><N who="0" m="49259" /><D114/><N who="2" m="43530" /><F77/><W72/><G127/><N who="2" m="48713" /><F18/><W134/><G134/><T13/><D64/><U73/><E73/><V92/><F92/><W132/><G132/><T3/><D43/><U104/><E10/><V131/><F131/><W56/><G41/><T42/><D42/><U46/><E104/><V35/><F35/><W26/><G112/><T8/><D107/><U17/><E17/><V59/><F59/><W67/><G34/><T93/><D3/><AGARI ba="4,0" hai="3,6,9,52,53,54,61,62" m="48713,43530" machi="3" ten="40,3900,0" yaku="18,1,54,1" doraHai="44" who="2" fromWho="0" sc="199,-51,214,0,393,51,194,0" /><INIT seed="2,5,0,4,5,74" ten="148,214,444,194" oya="2" hai0="27,78,92,125,7,44,134,52,34,114,29,135,97" hai1="13,21,116,107,120,57,100,62,63,72,127,61,66" hai2="46,123,76,47,85,36,45,77,55,53,17,89,9" hai3="20,111,93,1,104,50,16,128,12,94,129,75,2"/><V8/><F123/><W86/><G104/><T22/><D114/><U110/><E72/><V0/><F36/><W35/><G35/><T82/><D125/><U80/><E107/><V65/><F65/><W15/><G75/><T56/><D44/><U132/><E100/><V68/><F68/><W41/><G111/><T109/><D7/><U11/><E116/><V71/><F71/><W112/><G112/><T67/><D34/><U24/><E110/><V51/><F0/><N who="3" m="107" /><G86/><T37/><D37/><U14/><E127/><V115/><F115/><W70/><G70/><T133/><D109/><U91/><E132/><V126/><F126/><W96/><G41/><T90/><D67/><U42/><E42/><V124/><F124/><W48/><G15/><T33/><D33/><U121/><E14/><N who="2" m="7367" /><F9/><W32/><G32/><T31/><D31/><U39/><E39/><V130/><F53/><W6/><G6/><T19/><D29/><N who="1" m="17551" /><E121/><V28/><F28/><W99/><G99/><T131/><D131/><N who="3" m="50249" /><G96/><T95/><D95/><AGARI ba="5,0" hai="12,16,20,48,50,93,94,95" m="50249,107" machi="95" ten="30,2000,0" yaku="19,1,54,1" doraHai="74" who="3" fromWho="0" sc="148,-35,214,0,444,0,194,35" /><INIT seed="3,0,0,4,0,88" ten="113,214,444,229" oya="3" hai0="63,13,29,121,114,80,31,100,111,51,66,8,101" hai1="61,83,20,56,26,104,45,120,112,81,59,102,44" hai2="133,85,127,93,128,110,55,109,11,15,84,64,108" hai3="38,1,78,99,33,92,129,115,17,16,10,123,134"/><W48/><G38/><T34/><D114/><U117/><E120/><V97/><F127/><W116/><G115/><T113/><D121/><U19/><E112/><V75/><F128/><W95/><G116/><T130/><D113/><U91/><E104/><V54/><F133/><W18/><G33/><T40/><D130/><U41/><E102/><N who="2" m="60719" /><F64/><W39/><G39/><T131/><D131/><U28/><E117/><V9/><F75/><W14/><G123/><T27/><D111/><U53/><E59/><V60/><F11/><W43/><G1/><T36/><D36/><U12/><E91/><V37/><F37/><W35/><G35/><T79/><D31/><U70/><E70/><V72/><F72/><W119/><G119/><T96/><D63/><U50/><REACH who="1" step="1"/><E45/><REACH who="1" ten="113,204,444,229" step="2"/><V6/><F60/><W58/><G134/><T90/><D66/><U5/><E5/><V62/><F62/><W86/><G129/><T107/><D107/><U46/><E46/><V52/><AGARI ba="0,1" hai="6,9,15,52,54,55,84,85,108,109,110" m="60719" machi="52" ten="40,5200,0" yaku="14,1,52,1,54,1" doraHai="88" who="2" fromWho="2" sc="113,-13,204,-13,444,62,229,-26" owari="100,-40.0,191,-21.0,506,61.0,203,0.0" /></mjloggm>