<mjloggm ver="2.3"><GO type="97" lobby="0"/><UN n0="%E3%82%BF%E3%82%B1%E3%83%8E%E3%82%B3%E3%83%83%E3%82%B3" n1="%6A%6F%6B%62%31%32%33%34" n2="%E5%B0%B1%E6%B4%BB%E7%94%9F%40%E5%B7%9D%E6%9D%91%E8%BB%8D%E5%9B%A3" n3="%E4%BF%BA%E3%81%AE%E5%AB%81" dan="13,13,15,15" rate="1821.69,1864.17,1998.19,1952.27" sx="M,M,M,M"/><TAIKYOKU oya="0"/><INIT seed="0,0,0,4,2,15" ten="250,250,250,250" oya="0" hai0="43,72,62,102,116,77,2,60,33,46,110,105,66" hai1="128,5,126,22,132,50,113,81,56,57,106,103,16" hai2="90,36,124,31,55,131,83,19,100,96,1,92,48" hai3="13,54,23,59,117,26,76,30,68,44,28,74,47"/><T11/><D116/><U53/><E113/><V67/><F36/><W24/><G68/><T118/><D118/><U35/><E35/><V130/><F1/><W94/><G117/><T109/><D33/><U95/><E106/><V40/><F31/><W93/><G13/><T20/><D105/><U52/><E126/><V58/><F124/><W78/><G74/><T99/><D72/><U64/><E128/><V133/><F133/><W112/><G112/><T91/><D77/><N who="3" m="29801" /><G24/><T45/><D91/><U4/><E132/><V108/><F67/><W73/><G30/><T63/><D66/><U82/><E64/><V87/><F40/><W85/><G73/><T21/><D2/><U80/><E95/><N who="3" m="36362" /><G85/><T14/><D99/><U79/><E103/><V10/><F108/><N who="0" m="41578" /><D102/><U104/><E79/><V88/><F100/><W125/><G125/><T0/><D0/><U27/><E104/><V9/><F9/><W37/><G37/><N who="0" m="21743" /><D46/><U51/><AGARI ba="0,0" hai="4,5,16,22,27,50,51,52,53,56,57,80,81,82" machi="51" ten="30,12000,2" yaku="0,1,9,1,8,1,52,1,54,2" doraHai="15" who="1" fromWho="1" sc="250,-60,250,120,250,-30,250,-30" /><INIT seed="1,0,0,0,1,78" ten="190,370,220,220" oya="1" hai0="67,32,40,116,61,123,1,24,35,101,114,77,133" hai1="12,95,102,62,46,0,68,59,98,72,34,30,94" hai2="79,65,41,118,43,90,13,99,129,71,9,15,84" hai3="124,45,109,8,23,29,110,85,21,117,53,11,36"/><U52/><E72/><V14/><F118/><W106/><G117/><T3/><D116/><U38/><E0/><V96/><F129/><W126/><G106/><T47/><D114/><U82/><E68/><V57/><F71/><W48/><G85/><T6/><D133/><U55/><E38/><V7/><F79/><W70/><G36/><T88/><D123/><U69/><E69/><V107/><F107/><W108/><G70/><T112/><D101/><U44/><E34/><V91/><F9/><N who="3" m="3659" /><G29/><T16/><D77/><U73/><E30/><V113/><F7/><W83/><G83/><T60/><D60/><U10/><E94/><N who="2" m="56407" /><F99/><W97/><G97/><T115/><D6/><U122/><E122/><V128/><F128/><W127/><AGARI ba="0,0" hai="21,23,45,48,53,108,109,110,124,126,127" m="3659" machi="127" ten="40,2700,0" yaku="14,1,18,1" doraHai="78" who="3" fromWho="3" sc="190,-7,370,-13,220,-7,220,27" /><INIT seed="2,0,0,5,3,61" ten="183,357,213,247" oya="2" hai0="29,71,102,73,128,57,105,47,134,17,124,55,25" hai1="33,133,122,0,37,45,77,30,111,8,95,64,18" hai2="13,43,103,3,6,28,52,115,70,4,92,40,46" hai3="97,19,76,51,116,74,88,54,2,27,125,22,49"/><V113/><F70/><W50/><G116/><T121/><D121/><U42/><E111/><V120/><F3/><W84/><G2/><T127/><D73/><U80/><E122/><V48/><F120/><W114/><G74/><T26/><D128/><U38/><E133/><V107/><F107/><W130/><G130/><T21/><D47/><U34/><E30/><V90/><F103/><W63/><G125/><N who="0" m="48203" /><D134/><U135/><E38/><V20/><F113/><W119/><G119/><T39/><D39/><U123/><E135/><V78/><F78/><W96/><G76/><T41/><D41/><N who="2" m="15946" /><F115/><W81/><REACH who="3" step="1"/><G114/><REACH who="3" ten="183,357,213,237" step="2"/><T56/><D71/><U79/><E123/><V117/><F117/><W5/><G5/><T69/><D69/><U98/><E77/><V35/><F6/><W10/><G10/><T100/><D105/><U44/><E0/><V65/><F4/><W66/><G66/><T67/><D67/><U82/><E64/><V129/><F65/><W36/><G36/><T1/><D1/><U104/><E8/><V59/><F129/><W32/><G32/><N who="0" m="20527" /><D56/><AGARI ba="0,1" hai="19,22,27,49,50,51,54,56,63,81,84,88,96,97" machi="56" ten="40,8000,1" yaku="1,1,8,1,54,1,53,1" doraHai="61" doraHaiUra="15" who="3" fromWho="0" sc="183,-80,357,0,213,0,237,90" /><INIT seed="3,0,0,5,0,83" ten="103,357,213,327" oya="3" hai0="32,106,102,135,36,86,52,12,0,33,117,64,61" hai1="77,129,132,76,31,65,25,121,30,49,60,17,109" hai2="59,34,57,45,89,46,81,5,44,8,67,107,99" hai3="91,53,80,22,51,131,116,71,94,48,18,26,70"/><W90/><G116/><T111/><D117/><U10/><E109/><V104/><F34/><W43/><G131/><T39/><D0/><U56/><E121/><V78/><F67/><W4/><G4/><T120/><D111/><U84/><E129/><V50/><F50/><W28/><G43/><T11/><D120/><U41/><E132/><V74/><F104/><W108/><G108/><T3/><D3/><U68/><E68/><V58/><F107/><W133/><G133/><T75/><D135/><U125/><E125/><V96/><F89/><W130/><G130/><T72/><D106/><U87/><E49/><V126/><F126/><W103/><G103/><T13/><D64/><U124/><E41/><V27/><F27/><W62/><G62/><T29/><D102/><U21/><E10/><V63/><F63/><W7/><G7/><T20/><D11/><U113/><E113/><V16/><F5/><W37/><G37/><T118/><D118/><U97/><E124/><V110/><F110/><W35/><G80/><T127/><D127/><U114/><E114/><V15/><AGARI ba="0,0" hai="8,15,16,44,45,46,57,58,59,74,78,81,96,99" machi="15" ten="40,2700,0" yaku="0,1,54,1" doraHai="83" who="2" fromWho="2" sc="103,-7,357,-7,213,27,327,-13" owari="96,-40.0,350,45.0,240,-16.0,314,11.0" /></mjloggm>