<mjloggm ver="2.3"><GO type="169" lobby="0"/><UN n0="%E3%82%84%E3%81%BE%E3%83%BC%E3%82%93" n1="%E5%B0%B1%E6%B4%BB%E7%94%9F%40%E5%B7%9D%E6%9D%91%E8%BB%8D%E5%9B%A3" n2="%6D%6F%65%2E%6E" n3="%E4%BF%BA%54%55%45%45%45%45%45" dan="18,16,16,16" rate="2201.31,2074.45,2047.91,2101.43" sx="M,M,F,F"/><TAIKYOKU oya="0"/><INIT seed="0,0,0,2,1,47" ten="250,250,250,250" oya="0" hai0="127,63,58,113,57,102,68,55,80,99,27,18,100" hai1="94,79,77,34,116,132,5,2,40,52,26,111,129" hai2="75,93,14,35,83,73,107,29,70,91,81,119,108" hai3="90,4,50,117,28,104,36,71,124,74,85,8,122"/><T130/><D113/><U98/><E116/><V95/><F70/><W118/><G36/><T49/><D127/><U10/><E40/><V60/><F35/><W88/><G74/><T25/><D130/><U24/><E132/><V126/><F29/><W21/><G124/><T45/><D68/><U59/><E129/><V84/><F126/><W51/><G104/><T48/><D80/><N who="2" m="30794" /><F60/><W46/><G71/><T109/><D109/><U112/><E111/><V0/><F0/><W39/><G122/><T13/><D58/><U12/><E2/><V7/><F14/><N who="3" m="5383" /><G39/><T33/><D33/><U64/><E64/><V114/><F7/><W89/><G46/><T67/><D49/><N who="3" m="18441" /><G118/><T135/><D135/><U103/><E112/><V128/><F108/><W56/><G56/><T110/><D110/><U86/><E34/><V69/><F69/><W9/><G9/><T3/><D3/><U37/><E37/><V1/><F119/><W19/><G117/><T106/><REACH who="0" step="1"/><D102/><REACH who="0" ten="240,250,250,250" step="2"/><U96/><E59/><V76/><F1/><W97/><G97/><T105/><D105/><U16/><E96/><V115/><F107/><W23/><G28/><T62/><D62/><U72/><E98/><V17/><F114/><W31/><G31/><T53/><D53/><U101/><E52/><V78/><F115/><W66/><G66/><T65/><D65/><U120/><E103/><V123/><F128/><W30/><G30/><T22/><AGARI ba="0,1" hai="13,18,22,25,27,45,48,55,57,63,67,99,100,106" machi="22" ten="20,7800,0" yaku="1,1,0,1,7,1,52,1,53,0" doraHai="47" doraHaiUra="32" who="0" fromWho="0" sc="240,88,250,-26,250,-26,250,-26" /><INIT seed="0,1,0,5,4,79" ten="328,224,224,224" oya="0" hai0="50,114,27,63,28,96,41,20,39,58,78,18,81" hai1="83,99,61,112,64,117,122,35,90,98,49,123,125" hai2="118,13,91,120,10,80,45,71,111,133,56,34,69" hai3="65,87,135,5,46,105,128,97,68,17,113,130,60"/><T8/><D114/><U54/><E117/><V106/><F120/><W107/><G113/><T59/><D39/><U127/><E112/><V6/><F34/><W74/><G74/><T42/><D50/><U12/><E35/><V129/><F106/><W77/><G5/><T36/><D36/><U102/><E12/><V38/><F118/><W52/><G135/><T0/><D96/><U131/><E131/><N who="3" m="50218" /><G17/><T92/><D92/><N who="1" m="58695" /><E61/><V62/><F129/><W53/><G46/><T70/><D70/><U47/><E64/><V4/><F133/><W55/><G97/><T14/><D0/><U82/><E122/><V93/><F111/><W3/><G3/><T19/><D19/><U119/><E119/><V124/><F124/><N who="1" m="47689" /><E123/><V24/><F4/><W29/><G29/><T23/><D8/><U76/><E76/><V115/><F115/><W40/><G40/><T126/><D126/><U73/><E73/><V22/><F45/><W32/><G32/><T101/><D42/><U134/><E134/><V72/><F38/><W25/><G25/><T108/><D41/><U15/><E15/><V85/><F72/><W132/><G132/><T37/><D108/><U31/><E31/><V103/><F62/><W7/><G7/><T48/><D63/><U109/><E109/><V84/><F6/><W44/><G44/><T89/><D37/><U86/><E99/><V95/><F13/><W43/><G43/><T66/><D14/><U100/><E100/><V57/><F103/><W26/><G26/><T88/><D101/><U9/><E9/><V33/><F10/><W16/><G16/><RYUUKYOKU ba="1,0" sc="328,-15,224,15,224,-15,224,15" hai1="47,49,54,82,83,86,90" hai3="52,53,55,60,65,68,77,87,105,107" /><INIT seed="1,2,0,3,2,89" ten="313,239,209,239" oya="1" hai0="95,58,134,35,33,130,10,55,74,79,24,98,42" hai1="28,120,14,0,86,101,52,93,30,128,131,84,83" hai2="50,21,25,11,40,54,133,102,23,104,31,115,49" hai3="113,27,77,7,15,127,63,13,110,82,87,126,65"/><U109/><E0/><V36/><F133/><W117/><G113/><T16/><D134/><U125/><E120/><V124/><F124/><N who="3" m="47659" /><G110/><T100/><D130/><N who="1" m="49707" /><E125/><V12/><F115/><W60/><G117/><T47/><D79/><N who="1" m="46207" /><E109/><V2/><F2/><W81/><G27/><T108/><D74/><U99/><E14/><N who="3" m="5130" /><G7/><T64/><D64/><U48/><E86/><V4/><F23/><W56/><G63/><T18/><D10/><U135/><E135/><V91/><F36/><W94/><G81/><T62/><D108/><U59/><AGARI ba="2,0" hai="28,30,48,52,59,93,99,101" m="46207,49707" machi="59" ten="30,6000,0" yaku="19,1,52,1,54,1" doraHai="89" who="1" fromWho="1" sc="313,-22,239,66,209,-22,239,-22" /><INIT seed="1,3,0,2,2,106" ten="291,305,187,217" oya="1" hai0="80,87,134,95,32,98,28,115,101,97,41,5,47" hai1="68,78,13,119,86,66,1,12,85,29,94,15,59" hai2="52,58,127,125,132,8,27,88,124,112,11,92,55" hai3="6,102,73,117,35,46,65,18,36,22,2,103,99"/><U105/><E105/><V61/><F132/><W114/><G114/><T96/><D115/><U90/><E119/><V40/><F112/><W16/><G35/><T121/><D134/><U45/><E68/><V113/><F113/><W30/><G117/><T48/><D121/><U75/><E1/><V49/><F40/><W25/><G65/><T72/><D72/><U133/><E133/><V91/><F27/><W9/><G73/><T131/><D131/><U7/><E29/><V135/><F135/><W93/><REACH who="3" step="1"/><G103/><REACH who="3" ten="291,305,187,207" step="2"/><T33/><D33/><U126/><E75/><V51/><F51/><W62/><G62/><T69/><D32/><U70/><E70/><V31/><F31/><W19/><G19/><T37/><D69/><U26/><E7/><V63/><F61/><W111/><G111/><T74/><D28/><U21/><E126/><V67/><F67/><W34/><G34/><T79/><D5/><U57/><E66/><V0/><F0/><W14/><G14/><T128/><D128/><U42/><E15/><V23/><F23/><W71/><G71/><T122/><D122/><U17/><E13/><V76/><F124/><W130/><G130/><T108/><D108/><U56/><E12/><V20/><F125/><W44/><G44/><T64/><D64/><U104/><E45/><N who="2" m="27695" /><F20/><W81/><G81/><T118/><D118/><U43/><E104/><V83/><F127/><W100/><G100/><T53/><D74/><U129/><E129/><V82/><F83/><AGARI ba="3,1" hai="17,21,26,42,43,56,57,59,78,83,85,86,90,94" machi="83" ten="40,2000,0" yaku="8,1" doraHai="106" who="1" fromWho="2" sc="291,0,305,39,187,-29,207,0" /><INIT seed="1,4,0,4,5,56" ten="291,344,158,207" oya="1" hai0="64,18,82,133,95,50,21,117,80,122,130,54,116" hai1="111,40,15,7,28,1,51,3,119,0,52,79,72" hai2="41,63,62,14,36,10,31,2,23,68,132,101,37" hai3="26,86,29,35,57,33,45,127,103,113,69,20,78"/><U73/><E119/><V34/><F34/><W128/><G69/><T67/><D130/><U115/><E115/><V22/><F2/><W12/><G113/><T114/><D114/><U25/><E40/><V121/><F121/><W76/><G127/><T135/><D122/><U126/><E126/><V58/><F68/><W84/><G128/><T94/><D50/><U49/><E49/><V129/><F129/><W75/><G103/><T104/><D21/><U60/><E60/><V43/><F101/><W99/><G99/><T61/><D54/><U66/><E66/><V98/><F58/><W91/><G84/><T32/><D18/><U59/><E111/><V42/><F132/><W97/><G97/><T30/><D30/><U88/><E79/><V9/><F98/><W83/><G45/><T100/><D100/><U27/><E27/><N who="2" m="16895" /><F37/><W5/><G57/><T85/><D85/><U134/><E134/><V19/><F36/><W112/><G112/><T4/><D104/><U48/><E48/><V8/><AGARI ba="4,0" hai="8,9,10,14,19,22,41,42,43,62,63" m="16895" machi="8" ten="30,4000,0" yaku="8,1,52,2" doraHai="56" who="2" fromWho="2" sc="291,-14,344,-24,158,52,207,-14" /><INIT seed="2,0,0,2,3,122" ten="277,320,210,193" oya="2" hai0="30,130,94,71,67,38,68,108,60,118,75,44,19" hai1="46,64,54,112,24,22,5,90,57,100,131,89,11" hai2="70,97,135,86,128,12,98,42,95,51,59,2,132" hai3="28,123,80,65,134,17,104,73,121,109,61,66,34"/><V33/><F2/><W9/><G104/><T10/><D75/><U93/><E112/><V78/><F70/><W16/><G134/><N who="2" m="51241" /><F128/><W101/><G101/><T47/><D68/><U55/><E131/><V133/><F133/><W7/><G28/><T129/><D30/><U43/><E100/><V91/><F33/><W113/><G34/><T92/><D38/><U49/><E64/><V36/><F36/><W120/><G113/><T99/><D118/><U127/><E127/><V1/><F1/><W107/><G107/><T45/><D10/><U117/><E117/><V0/><F0/><W26/><G66/><T48/><D19/><U8/><E5/><V105/><F105/><W41/><G17/><T32/><D32/><U124/><E124/><V81/><F12/><W37/><G37/><T85/><D71/><U3/><E3/><V106/><F106/><W58/><G120/><T76/><D67/><U14/><E14/><V35/><F35/><W52/><G65/><T53/><D129/><U111/><E11/><V23/><F23/><W63/><G9/><T79/><D130/><U126/><E8/><V96/><F42/><W20/><G41/><T110/><D60/><U50/><E43/><V116/><F116/><W114/><G63/><T119/><D119/><U115/><E115/><V27/><F27/><N who="3" m="14727" /><G114/><T4/><D4/><U13/><E126/><V40/><F40/><W87/><G121/><T56/><D53/><AGARI ba="0,0" hai="51,53,59,78,81,86,91,95,96,97,98" m="51241" machi="53" ten="30,1500,0" yaku="20,1" doraHai="122" who="2" fromWho="0" sc="277,-15,320,0,210,15,193,0" /><INIT seed="2,1,0,5,3,81" ten="262,320,225,193" oya="2" hai0="32,65,69,120,29,52,46,8,62,21,9,131,132" hai1="80,118,133,44,61,20,72,34,126,4,63,6,49" hai2="43,23,106,42,27,121,84,111,7,123,73,57,75" hai3="114,66,2,116,88,108,36,35,92,59,25,40,97"/><V1/><F106/><W89/><G116/><T100/><D120/><U82/><E34/><V39/><F111/><W134/><G108/><T129/><D32/><U113/><E126/><V48/><F1/><W50/><G2/><T76/><D132/><U130/><E133/><V33/><F7/><N who="1" m="2601" /><E72/><V117/><F117/><W28/><G134/><T17/><D29/><U11/><E11/><V87/><F33/><W45/><G114/><T86/><D100/><U85/><E130/><V74/><F23/><W102/><REACH who="3" step="1"/><G50/><REACH who="3" ten="262,320,225,183" step="2"/><T112/><D112/><U105/><E118/><V78/><F48/><W22/><G22/><T0/><D21/><U90/><E20/><V3/><F3/><W12/><G12/><T93/><D0/><U38/><E38/><V70/><F39/><W122/><G122/><T68/><D129/><U5/><E113/><V125/><F123/><W18/><G18/><T47/><D17/><U71/><E5/><V107/><F121/><W26/><G26/><T79/><D131/><U51/><E51/><V110/><F27/><W54/><G54/><T31/><D52/><U99/><E49/><V58/><F110/><W103/><G103/><T124/><D8/><U60/><E44/><V127/><F125/><W119/><G119/><T10/><D10/><U83/><E71/><V104/><F70/><W55/><G55/><T14/><D9/><U41/><E41/><V24/><F127/><W135/><G135/><T94/><D69/><U19/><E19/><V128/><F24/><W67/><G67/><T95/><D68/><U37/><E37/><V64/><F128/><RYUUKYOKU ba="1,1" sc="262,-15,320,15,225,-15,183,15" hai1="60,61,63,80,82,83,85,90,99,105" hai3="25,28,35,36,40,45,59,66,88,89,92,97,102" /><INIT seed="3,2,1,4,4,128" ten="247,335,210,198" oya="3" hai0="52,106,18,125,100,46,131,69,109,73,9,34,23" hai1="12,59,122,35,37,53,63,21,3,36,101,80,56" hai2="135,28,66,103,107,113,33,47,57,55,77,133,78" hai3="70,89,31,127,91,79,1,105,2,87,30,54,129"/><W65/><G105/><T112/><D34/><U7/><E35/><V111/><F113/><W83/><G129/><T75/><D69/><U94/><E122/><V8/><F111/><W85/><G127/><T22/><D109/><U0/><E0/><V126/><F126/><W16/><G1/><T20/><D125/><U19/><E80/><V24/><F66/><W121/><G2/><T6/><D100/><U119/><E119/><V123/><F123/><W117/><G117/><T96/><D106/><U45/><E45/><V15/><F47/><W64/><G121/><T44/><D75/><U51/><E7/><V14/><F103/><W102/><G102/><T67/><D67/><N who="3" m="25673" /><G70/><T84/><D73/><U110/><E3/><V50/><F107/><W4/><G4/><T97/><D112/><U48/><E110/><V58/><F58/><W120/><G54/><T61/><D6/><U116/><E116/><V71/><F71/><W40/><G40/><T27/><D131/><U104/><E104/><V81/><F77/><W60/><G60/><T41/><D61/><N who="1" m="35983" /><E36/><V49/><F49/><W82/><G120/><T25/><D41/><U92/><E37/><V42/><F42/><W108/><G108/><T88/><D52/><N who="1" m="34279" /><E101/><V118/><F118/><W32/><G32/><T74/><D74/><U115/><E115/><V10/><F10/><W130/><G130/><T11/><D11/><U76/><E76/><V5/><REACH who="2" step="1"/><F15/><REACH who="2" ten="247,335,200,198" step="2"/><W38/><G38/><T68/><D68/><U62/><E62/><V99/><F99/><W26/><G79/><T132/><D96/><U86/><E86/><AGARI ba="2,2" hai="5,8,14,24,28,33,50,55,57,78,81,86,133,135" machi="86" ten="40,8000,1" yaku="1,1,6,1,52,2,53,0" doraHai="128" doraHaiUra="93" who="2" fromWho="1" sc="247,0,335,-86,200,106,198,0" /><INIT seed="4,0,0,4,1,121" ten="247,249,306,198" oya="0" hai0="33,45,80,37,65,38,71,59,22,24,39,21,132" hai1="15,97,17,105,102,127,5,4,57,1,3,47,113" hai2="54,126,95,91,85,52,79,35,67,28,2,61,66" hai3="58,25,50,86,40,36,62,117,34,108,20,55,0"/><T77/><D71/><U46/><E127/><V107/><F2/><W18/><G117/><T63/><D132/><U104/><E113/><V68/><F107/><W75/><G75/><T19/><D33/><U14/><E57/><V120/><F120/><W116/><G116/><T98/><D98/><U125/><E125/><V26/><F126/><W12/><G0/><T69/><D69/><U87/><E87/><V6/><F6/><W30/><G36/><T53/><D22/><U119/><E97/><V8/><F66/><W90/><G40/><T64/><REACH who="0" step="1"/><D45/><REACH who="0" ten="237,249,306,198" step="2"/><U82/><E119/><V27/><F8/><W48/><REACH who="3" step="1"/><G108/><REACH who="3" ten="237,249,306,188" step="2"/><T100/><D100/><U101/><E102/><V93/><F35/><W129/><G129/><T73/><AGARI ba="0,2" hai="19,21,24,37,38,39,53,59,63,64,65,73,77,80" machi="73" ten="30,3000,0" yaku="1,1,0,1,53,0" doraHai="121" doraHaiUra="135" who="0" fromWho="0" sc="237,50,249,-10,306,-10,188,-10" /><INIT seed="4,1,0,4,5,9" ten="287,239,296,178" oya="0" hai0="92,35,135,68,97,78,18,29,124,31,133,125,71" hai1="117,0,111,103,42,127,4,11,67,24,108,91,7" hai2="23,39,70,120,34,80,134,86,114,36,50,60,53" hai3="84,17,38,49,16,58,106,25,28,59,6,74,132"/><T8/><D78/><U112/><E117/><V82/><F34/><W116/><G74/><T102/><D8/><U54/><E103/><V94/><F120/><W75/><G75/><T47/><D47/><U77/><E77/><V115/><F134/><N who="0" m="51210" /><D18/><U122/><E122/><V62/><F94/><W104/><G38/><T10/><D10/><U57/><E67/><V44/><F23/><W72/><G72/><T81/><D81/><U99/><E7/><V14/><F14/><W20/><G6/><T85/><D85/><U129/><E42/><V121/><F121/><W100/><G84/><T33/><D33/><U32/><E32/><V98/><F98/><W13/><G17/><T63/><D63/><N who="2" m="24106" /><F70/><N who="0" m="26666" /><D35/><U76/><E99/><V56/><F80/><W46/><G132/><T88/><D102/><U90/><E76/><N who="2" m="46407" /><F44/><W89/><G100/><T21/><D21/><U66/><E11/><V19/><F19/><W2/><G16/><T37/><D37/><U22/><E22/><V109/><F109/><W87/><G20/><T69/><N who="0" m="26674" /><T79/><DORA hai="12" /><D79/><U30/><E4/><V3/><F36/><W73/><G46/><T64/><D64/><U131/><E66/><V95/><F39/><W101/><G101/><T48/><D48/><N who="1" m="30919" /><E108/><V1/><F95/><W83/><G83/><T96/><D96/><U52/><E111/><V5/><F5/><W45/><G45/><T105/><D105/><U130/><E130/><V93/><F93/><W27/><G106/><T110/><D110/><U43/><E129/><V118/><F118/><W123/><G104/><T51/><D51/><RYUUKYOKU ba="1,0" sc="287,15,239,-15,296,15,178,-15" hai0="29,31,88,92,97,124,125" hai2="1,3,50,53,56,114,115" /><INIT seed="4,2,0,4,0,57" ten="302,224,311,163" oya="0" hai0="43,56,85,100,96,4,36,91,75,60,22,30,92" hai1="35,8,94,79,65,11,77,24,123,26,76,54,134" hai2="71,89,15,46,41,16,49,132,113,83,2,50,95" hai3="72,7,52,53,93,10,19,88,86,110,80,0,99"/><T63/><D75/><U61/><E123/><V55/><F2/><W87/><G110/><T51/><D36/><U129/><E129/><V128/><F71/><W21/><G72/><T70/><D70/><U126/><E134/><V115/><F132/><W82/><G86/><T14/><D30/><U34/><E126/><V74/><F128/><W45/><G45/><N who="0" m="26047" /><D56/><N who="1" m="37031" /><E35/><V18/><F74/><W104/><G104/><T118/><D118/><U105/><E105/><V40/><F83/><W37/><G37/><T131/><D131/><U78/><N who="1" m="19968" /><DORA hai="90" /><U29/><E34/><V97/><F40/><W68/><G68/><T47/><D47/><U13/><E29/><V20/><F115/><W102/><REACH who="3" step="1"/><G80/><REACH who="3" ten="302,224,311,153" step="2"/><T62/><D85/><U64/><E64/><V135/><F113/><W81/><G81/><T101/><D22/><U5/><E54/><V127/><F135/><W98/><G98/><T48/><D96/><U6/><E94/><V32/><F127/><W17/><G17/><T38/><D92/><U117/><E117/><V42/><F18/><W12/><AGARI ba="2,1" hai="0,7,10,12,19,21,52,53,82,87,88,93,99,102" machi="12" ten="20,12000,2" yaku="1,1,0,1,7,1,52,1,54,2,53,0" doraHai="57,90" doraHaiUra="133,116" who="3" fromWho="3" sc="302,-62,224,-32,311,-32,153,136" /><INIT seed="5,0,0,1,3,64" ten="240,192,279,289" oya="1" hai0="25,118,13,130,10,97,112,51,100,8,84,119,67" hai1="124,90,46,31,42,78,94,77,40,104,91,96,81" hai2="22,27,16,126,52,85,62,129,39,125,44,20,34" hai3="48,101,76,98,58,19,49,106,108,12,72,117,55"/><U132/><E124/><N who="2" m="47723" /><F129/><W60/><G108/><T105/><D130/><U131/><E131/><V45/><F34/><W56/><G117/><T5/><D112/><U11/><E132/><V63/><F39/><W80/><REACH who="3" step="1"/><G58/><REACH who="3" ten="240,192,279,279" step="2"/><T109/><D109/><U88/><E104/><V87/><F44/><W57/><G57/><T86/><D118/><U92/><E31/><V50/><F62/><W114/><G114/><T103/><D119/><U30/><E30/><N who="2" m="17767" /><F63/><W110/><G110/><T54/><D105/><U68/><E68/><V73/><F73/><W128/><G128/><T113/><D113/><U23/><E23/><AGARI ba="0,1" hai="12,19,23,48,49,55,56,60,72,76,80,98,101,106" machi="23" ten="30,2000,0" yaku="1,1,7,1,53,0" doraHai="64" doraHaiUra="116" who="3" fromWho="1" sc="240,0,192,-20,279,0,279,30" /><INIT seed="6,0,0,4,0,21" ten="240,172,279,309" oya="2" hai0="90,22,101,78,109,60,129,82,71,47,31,80,89" hai1="34,119,38,94,116,13,6,98,19,32,92,29,63" hai2="123,50,41,97,128,74,113,35,17,54,2,124,56" hai3="52,30,14,42,88,114,26,112,69,59,72,68,49"/><V115/><F123/><W84/><G72/><T57/><D109/><U58/><E38/><V4/><F124/><W91/><G14/><T39/><D71/><N who="3" m="27209" /><G84/><T118/><D129/><U107/><E107/><V93/><F128/><W28/><G28/><T99/><D47/><U3/><E3/><V67/><F74/><W73/><G73/><T81/><D39/><U15/><E6/><V40/><F67/><W11/><G11/><T126/><D126/><U61/><E58/><V45/><F35/><N who="3" m="20951" /><G42/><T130/><D78/><U44/><E29/><V51/><F40/><W110/><G110/><T75/><D75/><U36/><E98/><V77/><F77/><W62/><G62/><T24/><D118/><U7/><E7/><V53/><F41/><W83/><G83/><T111/><D111/><U65/><E36/><V10/><REACH who="2" step="1"/><F17/><REACH who="2" ten="240,172,269,309" step="2"/><W55/><G55/><T95/><D130/><U122/><E122/><V104/><F104/><W79/><G79/><T46/><D46/><U127/><E127/><V1/><F1/><W48/><G52/><AGARI ba="0,1" hai="22,24,31,52,57,60,80,81,82,89,90,95,99,101" machi="52" ten="40,5200,0" yaku="8,1,52,1,54,1" doraHai="21" who="0" fromWho="3" sc="240,62,172,0,269,0,309,-52" /><INIT seed="7,0,0,3,5,60" ten="302,172,269,257" oya="3" hai0="44,90,97,2,95,129,77,9,59,20,48,15,104" hai1="7,61,120,100,40,42,75,27,76,22,82,86,24" hai2="0,70,10,17,112,66,37,72,8,11,50,131,43" hai3="105,108,130,68,132,41,109,127,26,115,23,99,83"/><W88/><G115/><T122/><D122/><U6/><E120/><V107/><F37/><W65/><G41/><T67/><D104/><U123/><E123/><V3/><F107/><W133/><G127/><T84/><D2/><U102/><E75/><V89/><F72/><W91/><G130/><T39/><D39/><U19/><E27/><V114/><F131/><W69/><G105/><T52/><D20/><U80/><E42/><V13/><F89/><N who="3" m="34379" /><G83/><N who="0" m="47215" /><D129/><U113/><E80/><V62/><F43/><W38/><G99/><T35/><D35/><U51/><E113/><N who="2" m="43627" /><F50/><W28/><G38/><T101/><D90/><U125/><E125/><V64/><F64/><W47/><G47/><T33/><D67/><U49/><E61/><V74/><F74/><W135/><G65/><T126/><D126/><U87/><E87/><V30/><F30/><W25/><G25/><T106/><D106/><U4/><REACH who="1" step="1"/><E40/><REACH who="1" ten="302,162,269,257" step="2"/><V116/><F116/><W128/><G128/><T111/><D111/><AGARI ba="0,1" hai="23,26,28,68,69,108,109,111,132,133,135" m="34379" machi="111" ten="40,7700,0" yaku="10,1,20,1,54,1" doraHai="60" who="3" fromWho="0" sc="302,-77,162,0,269,0,257,87" owari="225,-17.0,162,-34.0,269,7.0,344,44.0" /></mjloggm>