<mjloggm ver="2.3"><GO type="41" lobby="0"/><UN n0="%E5%B0%B1%E6%B4%BB%E7%94%9F%40%E5%B7%9D%E6%9D%91%E8%BB%8D%E5%9B%A3" n1="%E3%81%8A%E3%82%8A%E3%81%8A%E3%82%93" n2="%69%6E%64%65%61%63%61" n3="%E3%81%97%E3%81%BE%E3%81%97%E3%81%BE%E7%8A%AC%E2%98%86" dan="15,14,13,17" rate="2059.91,1997.44,1922.38,2066.31" sx="M,M,M,M"/><TAIKYOKU oya="0"/><INIT seed="0,0,0,4,3,12" ten="250,250,250,250" oya="0" hai0="132,43,56,10,8,113,59,121,117,86,126,119,111" hai1="34,94,7,123,68,67,53,23,92,122,3,77,69" hai2="28,54,74,116,106,37,38,27,110,30,22,133,99" hai3="101,78,11,73,36,125,108,124,24,35,114,109,64"/><T0/><D121/><U62/><E34/><V32/><F110/><N who="3" m="42603" /><G114/><T42/><D111/><U95/><E77/><V16/><F133/><W66/><G36/><T72/><D132/><U76/><E76/><V15/><F74/><W60/><G101/><T100/><D72/><U130/><E69/><V52/><F30/><N who="3" m="19911" /><G11/><T1/><D100/><U13/><E3/><V18/><F116/><W134/><G134/><T55/><D55/><U87/><E130/><V84/><F84/><W88/><G88/><T4/><D86/><U118/><E118/><V63/><F63/><W41/><G41/><T96/><D113/><U90/><E53/><V47/><F47/><W65/><G60/><T135/><D135/><U50/><E50/><V89/><F38/><W82/><AGARI ba="0,0" hai="64,65,66,73,78,82,124,125" m="19911,42603" machi="82" ten="40,1500,0" yaku="14,1" doraHai="12" who="3" fromWho="3" sc="250,-7,250,-4,250,-4,250,15" /><INIT seed="1,0,0,4,1,64" ten="243,246,246,265" oya="1" hai0="15,128,10,24,96,90,28,38,47,46,100,126,37" hai1="130,50,71,72,98,83,43,35,4,135,55,67,58" hai2="81,124,131,102,13,44,59,122,78,75,62,57,115" hai3="133,27,51,32,116,104,94,93,17,41,14,8,0"/><U49/><E35/><V119/><F122/><W101/><G133/><T45/><D126/><U26/><E26/><V53/><F119/><W25/><G116/><T105/><D128/><U134/><E4/><V19/><F124/><W97/><G0/><T48/><D90/><U108/><E98/><V80/><F131/><W118/><G118/><T33/><REACH who="0" step="1"/><D48/><REACH who="0" ten="233,246,246,265" step="2"/><U61/><E130/><V9/><F115/><W106/><G51/><T92/><D92/><U63/><E108/><V82/><F78/><W132/><G94/><T120/><D120/><U127/><E83/><V123/><F123/><W91/><G104/><T7/><AGARI ba="0,1" hai="7,10,15,24,28,33,37,38,45,46,47,96,100,105" machi="7" ten="30,4000,0" yaku="1,1,0,1,53,1" doraHai="64" doraHaiUra="95" who="0" fromWho="0" sc="233,50,246,-20,246,-10,265,-10" /><INIT seed="2,0,0,0,5,80" ten="283,226,236,255" oya="2" hai0="59,46,36,110,86,121,123,22,120,107,54,13,39" hai1="41,0,84,95,102,12,9,129,87,118,52,65,125" hai2="40,131,19,35,55,98,5,73,108,26,7,83,18" hai3="72,49,79,128,8,62,66,109,24,112,58,30,34"/><V53/><F131/><W6/><G128/><T20/><D107/><U31/><E0/><V77/><F108/><W82/><G109/><T17/><D110/><U78/><E78/><V43/><F98/><W119/><G112/><T94/><D46/><U97/><E129/><V3/><F3/><W44/><G119/><T47/><D47/><U133/><E118/><V71/><F71/><W2/><G44/><T106/><D106/><U50/><E41/><V61/><F61/><W85/><REACH who="3" step="1"/><G49/><REACH who="3" ten="283,226,236,245" step="2"/><N who="0" m="31183" /><D22/><U132/><E125/><V45/><F45/><W70/><G70/><T130/><D130/><U122/><E122/><V114/><F114/><W88/><G88/><AGARI ba="0,1" hai="13,17,20,36,39,86,88,94,120,121,123" m="31183" machi="88" ten="30,3900,0" yaku="25,1,52,1,54,1" doraHai="80" who="0" fromWho="3" sc="283,49,226,0,236,0,245,-39" /><INIT seed="3,0,0,5,3,46" ten="332,226,236,206" oya="3" hai0="50,41,63,113,26,2,42,118,7,8,75,84,37" hai1="45,96,135,122,32,56,106,47,59,111,98,129,10" hai2="23,38,36,91,74,107,114,22,18,94,28,53,3" hai3="49,71,29,20,33,121,90,34,104,35,43,124,128"/><W68/><G121/><T16/><D75/><U109/><E32/><V14/><F107/><W12/><G104/><T52/><D118/><U93/><E122/><V65/><F3/><W11/><G124/><T133/><D37/><U48/><E135/><V123/><F123/><W67/><G128/><T81/><D133/><U19/><E129/><V110/><F110/><W17/><G67/><T134/><D63/><U97/><E106/><V127/><F127/><W88/><G29/><T30/><D113/><U9/><E93/><V58/><F74/><W100/><G100/><T31/><D31/><U44/><E19/><V66/><F38/><W82/><G20/><T92/><D92/><U57/><REACH who="1" step="1"/><E48/><REACH who="1" ten="332,216,236,206" step="2"/><N who="2" m="31015" /><F36/><W6/><G17/><T4/><D16/><U62/><E62/><V105/><F105/><W1/><G82/><T112/><D7/><U24/><E24/><N who="2" m="16407" /><F114/><W60/><G60/><T5/><D5/><U89/><E89/><V70/><F70/><W64/><G68/><T40/><D112/><U55/><E55/><V79/><F79/><W69/><G69/><T13/><D134/><U132/><E132/><V0/><F0/><W99/><G1/><T61/><D61/><U126/><E126/><V125/><F125/><W119/><G71/><T108/><D108/><AGARI ba="0,1" hai="9,10,44,45,47,56,57,59,96,97,98,108,109,111" machi="108" ten="50,16000,3" yaku="1,1,29,2,28,2,14,1,53,3" doraHai="46" doraHaiUra="54" who="1" fromWho="0" sc="332,-160,216,170,236,0,206,0" /><INIT seed="4,0,0,0,2,26" ten="172,386,236,206" oya="0" hai0="60,45,132,4,30,68,92,48,42,85,23,84,66" hai1="124,31,20,129,0,71,38,12,69,6,61,105,27" hai2="90,50,72,49,91,109,2,47,79,74,97,24,5" hai3="118,128,28,13,107,134,43,82,9,18,57,86,87"/><T62/><D132/><U58/><E38/><V131/><F109/><W67/><G118/><T100/><D4/><U25/><E129/><V130/><F2/><W76/><G128/><N who="2" m="49193" /><F5/><W44/><G107/><T22/><D62/><U54/><E124/><V115/><F115/><W19/><G134/><T78/><D78/><U99/><E0/><V41/><F79/><W73/><G19/><T10/><D10/><U112/><E112/><V35/><F50/><W120/><G120/><T15/><D23/><U117/><E117/><V108/><F108/><W133/><G133/><T53/><D42/><U7/><E7/><V111/><F111/><W8/><G8/><T96/><REACH who="0" step="1"/><D15/><REACH who="0" ten="162,386,236,206" step="2"/><U70/><E12/><V39/><F41/><W135/><G135/><T127/><D127/><U75/><E6/><V52/><F74/><W121/><G121/><T40/><D40/><U11/><E11/><V21/><F72/><W114/><G114/><T77/><D77/><U95/><E75/><V125/><F125/><W46/><G43/><T81/><D81/><U34/><E34/><V126/><F126/><W103/><G73/><T89/><D89/><N who="2" m="33802" /><F35/><W80/><G82/><T88/><D88/><U116/><E116/><V93/><F39/><W98/><G86/><T94/><D94/><U106/><E27/><AGARI ba="0,1" hai="22,27,30,45,48,53,60,66,68,84,85,92,96,100" machi="27" ten="40,7700,0" yaku="1,1,52,1,53,1" doraHai="26" doraHaiUra="59" who="0" fromWho="1" sc="162,87,386,-77,236,0,206,0" /><INIT seed="4,1,0,5,0,22" ten="249,309,236,206" oya="0" hai0="135,98,87,56,40,93,69,128,15,23,47,104,42" hai1="110,28,26,37,24,97,113,51,134,49,9,58,11" hai2="54,36,105,71,18,32,106,45,6,3,63,2,59" hai3="16,50,123,35,124,31,80,4,1,127,77,62,21"/><T115/><D69/><U68/><E68/><V96/><F32/><W0/><G123/><T39/><D115/><U100/><E37/><V122/><F122/><W119/><G119/><T132/><D128/><U48/><E110/><V82/><F71/><W60/><G35/><T64/><D42/><U53/><E134/><N who="0" m="51241" /><D104/><U61/><E113/><V129/><F18/><W30/><G50/><T44/><D87/><U85/><E85/><V38/><F38/><W65/><G4/><T102/><D44/><U74/><E74/><V52/><F45/><W78/><G80/><T57/><D64/><U75/><E75/><V114/><F82/><W111/><G65/><T43/><D43/><U108/><E108/><V91/><F36/><W81/><G81/><T94/><D94/><N who="1" m="58423" /><E28/><V84/><F84/><W116/><G111/><T101/><D101/><U33/><E33/><V86/><F86/><W112/><G116/><T95/><D95/><U5/><E5/><V121/><F6/><W130/><G112/><T25/><D15/><U118/><E118/><V92/><F114/><W103/><G103/><T90/><D102/><U46/><E46/><V89/><F105/><W120/><G120/><T20/><D20/><U99/><E99/><N who="2" m="57743" /><F106/><W13/><G130/><T73/><D73/><U76/><E76/><N who="3" m="29290" /><G1/><N who="2" m="9" /><F129/><W133/><G0/><T66/><D66/><U109/><E109/><V14/><F121/><W117/><G133/><T72/><D72/><U7/><E7/><V17/><F96/><W83/><G117/><T27/><D23/><U19/><E9/><N who="2" m="6351" /><F91/><W131/><G131/><T126/><D39/><RYUUKYOKU ba="1,0" sc="249,-15,309,15,236,15,206,-15" hai1="11,19,24,26,48,49,51,53,58,61" hai2="52,54,59,63" /><INIT seed="5,2,0,2,1,98" ten="234,324,251,191" oya="1" hai0="116,78,19,42,105,46,50,47,109,112,85,12,96" hai1="68,74,91,56,25,94,81,38,84,101,0,103,2" hai2="120,104,14,86,39,29,73,108,95,6,65,87,7" hai3="61,135,67,58,62,23,59,69,99,128,27,41,93"/><U49/><E68/><V40/><F104/><W92/><G135/><T110/><D116/><U97/><E38/><V125/><F108/><W131/><G41/><T122/><D122/><U75/><E2/><V33/><F73/><W121/><G121/><T126/><D112/><U13/><E0/><V72/><F72/><W16/><G69/><T11/><D126/><U88/><E25/><V60/><F125/><W133/><G133/><T35/><D35/><U77/><E75/><V22/><F33/><W5/><G5/><T1/><D1/><U79/><E79/><V100/><F40/><W124/><G124/><T52/><D78/><U3/><E3/><V36/><F36/><W53/><REACH who="3" step="1"/><G93/><REACH who="3" ten="234,324,251,181" step="2"/><T51/><D105/><U107/><E107/><V130/><F120/><W57/><G57/><T134/><D134/><U132/><E132/><V55/><F6/><W76/><G76/><T37/><D37/><U4/><E56/><V32/><F7/><W9/><G9/><T34/><D110/><U20/><E4/><V80/><F39/><W89/><AGARI ba="2,1" hai="16,23,27,53,58,59,61,62,67,89,92,99,128,131" machi="89" ten="30,8000,1" yaku="1,1,0,1,25,2,54,1,53,0" doraHai="98" doraHaiUra="115" who="3" fromWho="3" sc="234,-22,324,-42,251,-22,181,96" /><INIT seed="6,0,0,4,1,85" ten="212,282,229,277" oya="2" hai0="103,135,10,13,75,31,62,81,0,122,7,23,79" hai1="130,36,8,56,88,114,15,29,32,77,92,2,126" hai2="37,127,11,47,60,128,43,41,5,105,9,20,54" hai3="132,4,73,1,46,74,109,72,39,80,117,124,61"/><V104/><F127/><W30/><G109/><T51/><D122/><U66/><E36/><V115/><F43/><N who="3" m="22911" /><G124/><T131/><D135/><U93/><E77/><V45/><F128/><W59/><G30/><T33/><D131/><U58/><E130/><V82/><F115/><W118/><G132/><T27/><D103/><U17/><E2/><V96/><F20/><W28/><G28/><T112/><D112/><U24/><E126/><V102/><F105/><W107/><G107/><T55/><D62/><U65/><E114/><V35/><F35/><W108/><G108/><T125/><D125/><U22/><E93/><V86/><F5/><W68/><G59/><N who="1" m="22570" /><E32/><V134/><F134/><W95/><G95/><T116/><D116/><U106/><E106/><V12/><F12/><W63/><G63/><T42/><D42/><U98/><AGARI ba="0,0" hai="8,15,17,22,24,29,65,66,88,92,98" m="22570" machi="98" ten="30,4000,0" yaku="8,1,52,1,54,1" doraHai="85" who="1" fromWho="1" sc="212,-10,282,40,229,-20,277,-10" /><INIT seed="7,0,0,5,1,27" ten="202,322,209,267" oya="3" hai0="9,13,44,16,45,28,56,21,116,92,109,19,93" hai1="90,113,53,47,5,115,77,81,59,38,89,102,87" hai2="133,124,67,135,74,82,100,11,75,49,32,95,101" hai3="62,108,122,128,29,98,54,48,91,20,63,58,129"/><W12/><G122/><T132/><D109/><U14/><E102/><N who="2" m="39531" /><F32/><W99/><G108/><T105/><D116/><U121/><E121/><V78/><F67/><W123/><G123/><T84/><D105/><U10/><E47/><N who="0" m="17993" /><D132/><N who="2" m="50762" /><F11/><W60/><G12/><N who="0" m="9351" /><D28/><U103/><E103/><V1/><F1/><W61/><G61/><T112/><D112/><N who="1" m="43083" /><E38/><V118/><F118/><W24/><REACH who="3" step="1"/><G91/><REACH who="3" ten="202,322,209,257" step="2"/><N who="0" m="53351" /><D56/><U134/><E134/><V72/><F124/><W96/><AGARI ba="0,1" hai="20,24,29,48,54,58,60,62,63,96,98,99,128,129" machi="96" ten="40,7800,0" yaku="1,1,0,1,52,1,53,0" doraHai="27" doraHaiUra="97" who="3" fromWho="3" sc="202,-26,322,-26,209,-26,257,88" owari="176,-32.0,296,10.0,183,-22.0,345,44.0" /></mjloggm>