<mjloggm ver="2.3"><GO type="169" lobby="0"/><UN n0="%E9%97%87%E3%82%B5%E3%83%88%E3%82%B7" n1="%E3%81%92%E3%82%93%E3%81%9F%E3%82%8D%EF%BD%9E" n2="%E3%82%A6%E3%83%AB%E3%83%88%E3%83%A9%E7%AB%8B%E7%9B%B4" n3="%4B%E3%80%82" dan="16,17,17,16" rate="2104.16,2147.52,2133.55,2111.35" sx="F,M,M,M"/><TAIKYOKU oya="0"/><INIT seed="0,0,0,1,0,37" ten="250,250,250,250" oya="0" hai0="105,127,65,40,80,4,126,2,131,10,1,29,86" hai1="108,109,103,120,43,93,87,102,130,8,0,19,49" hai2="76,117,71,12,92,60,66,27,99,104,3,45,91" hai3="135,38,41,51,134,33,17,26,21,111,115,70,98"/><T30/><D105/><U75/><E75/><V116/><F3/><W35/><G70/><T44/><D131/><U82/><E120/><V123/><F123/><W11/><G115/><T34/><D65/><U47/><E130/><V96/><F76/><W90/><G38/><N who="0" m="21527" /><D34/><U119/><E119/><N who="2" m="45643" /><F12/><W39/><G39/><T23/><D23/><U53/><E93/><V55/><F27/><W68/><G68/><T14/><D14/><N who="1" m="7623" /><E0/><V25/><F25/><W59/><G11/><T112/><D2/><U100/><E53/><V72/><F72/><W79/><G79/><N who="0" m="46367" /><D112/><U5/><E5/><V101/><F55/><W94/><G35/><T85/><D85/><U48/><E48/><V89/><F45/><W121/><G33/><T73/><D73/><U106/><E106/><V97/><F97/><W56/><G121/><T61/><D61/><U15/><E15/><V69/><F69/><W107/><G107/><T57/><D57/><U20/><E20/><V6/><F6/><W28/><G56/><T83/><D83/><U9/><E9/><V24/><F24/><W50/><G59/><T133/><D133/><U62/><E62/><V42/><F42/><W88/><G41/><T54/><D54/><U84/><E82/><V7/><F7/><W124/><G135/><T36/><D36/><U125/><E87/><V114/><F114/><W113/><G113/><T13/><D1/><U74/><E84/><V22/><F22/><W64/><G21/><T129/><D129/><U18/><E74/><V81/><F81/><W32/><G32/><T77/><D77/><U132/><E132/><RYUUKYOKU ba="0,0" sc="250,15,250,-15,250,15,250,-15" hai0="4,10,13,29,30,126,127" hai2="60,66,71,89,91,92,96,99,101,104" /><INIT seed="0,1,0,4,3,11" ten="265,235,265,235" oya="0" hai0="1,127,89,33,17,48,0,12,102,109,91,69,52" hai1="112,5,70,32,103,128,113,134,133,119,79,101,124" hai2="39,7,67,92,2,50,129,10,126,104,81,72,97" hai3="23,20,4,30,21,78,88,90,83,15,105,8,51"/><T110/><D69/><U84/><E32/><V62/><F126/><W77/><G105/><T68/><D68/><U122/><E5/><V31/><F129/><W54/><G30/><T35/><D102/><N who="1" m="38923" /><E70/><V130/><F104/><W55/><G55/><T58/><D35/><U111/><E119/><V87/><F39/><W56/><REACH who="3" step="1"/><G78/><REACH who="3" ten="265,235,265,225" step="2"/><T19/><D127/><U120/><E124/><V43/><F31/><W132/><G132/><N who="1" m="50794" /><E128/><V34/><F130/><W118/><G118/><T29/><D29/><U13/><E111/><N who="0" m="42505" /><D33/><U25/><E122/><V45/><F34/><W96/><G96/><T18/><D12/><U85/><E120/><V16/><F97/><W131/><G131/><T82/><D82/><N who="1" m="47199" /><E13/><V44/><F2/><AGARI ba="1,1" hai="0,1,2,17,18,19,48,52,58,89,91" m="42505" machi="2" ten="40,7700,0" yaku="14,1,10,1,54,1" doraHai="11" who="0" fromWho="2" sc="265,90,235,0,265,-80,225,0" /><INIT seed="0,2,0,5,2,24" ten="355,235,185,225" oya="0" hai0="97,5,40,21,16,43,73,62,32,35,72,76,131" hai1="106,90,96,79,98,126,60,133,117,64,110,31,14" hai2="19,86,9,113,41,11,84,83,102,66,42,135,48" hai3="4,51,28,6,116,134,67,2,93,52,46,129,75"/><T119/><D119/><U47/><E117/><V56/><F113/><W128/><G75/><T44/><D43/><U20/><E110/><V22/><F135/><W123/><G116/><T114/><D114/><U34/><E133/><V87/><F102/><W63/><G134/><T10/><D131/><N who="3" m="50249" /><G2/><T13/><D62/><U58/><E126/><V65/><F83/><W130/><G123/><T109/><D97/><U101/><E79/><V122/><F122/><W85/><G28/><T29/><D76/><U36/><E34/><V77/><F77/><W103/><N who="3" m="50257" /><W0/><DORA hai="33" /><G0/><N who="0" m="295" /><D35/><U50/><E36/><V23/><F56/><N who="3" m="37351" /><G85/><T26/><D109/><U95/><E14/><V88/><F88/><W105/><G105/><T71/><D71/><U115/><E115/><V30/><F86/><W124/><G124/><T12/><D12/><U1/><E1/><V94/><F94/><W70/><G70/><T57/><D57/><U112/><E112/><V99/><F99/><AGARI ba="2,0" hai="4,6,46,51,52,93,99,103" m="37351,50257" machi="99" ten="40,2600,0" yaku="19,1,54,1" doraHai="24,33" who="3" fromWho="2" sc="355,0,235,0,185,-32,225,32" /><INIT seed="1,0,0,5,2,25" ten="355,235,153,257" oya="1" hai0="106,79,58,111,76,7,84,3,90,2,68,125,0" hai1="60,44,91,35,5,98,81,33,110,74,52,101,38" hai2="64,49,53,15,118,11,135,23,121,70,67,119,128" hai3="105,48,92,43,83,59,87,80,112,57,21,36,30"/><U9/><E110/><V96/><F121/><W85/><G36/><T102/><D68/><U103/><E103/><V82/><F128/><W97/><G105/><T47/><D111/><U107/><E91/><V129/><F135/><W94/><G112/><T39/><D125/><U132/><E132/><V100/><F129/><W133/><G133/><T4/><D106/><U41/><E60/><V34/><F34/><W122/><G122/><T55/><D102/><U65/><E65/><V73/><F23/><W10/><G10/><T42/><D79/><N who="1" m="44279" /><E52/><V88/><F73/><W8/><G8/><T14/><D14/><U56/><E56/><V131/><F131/><W37/><G59/><T89/><D76/><U54/><E54/><V18/><F70/><W77/><G97/><T113/><D89/><U124/><E124/><V63/><F63/><W117/><G57/><T31/><D7/><U50/><E50/><V12/><F12/><W29/><G48/><T22/><D4/><U134/><E134/><V16/><F18/><W78/><G117/><T71/><D71/><U26/><E26/><V51/><F51/><W104/><G104/><T109/><D39/><U13/><E13/><V75/><F75/><W127/><G127/><T120/><D120/><U24/><E24/><V99/><F100/><W28/><G21/><T1/><D22/><U93/><E93/><N who="2" m="56359" /><F99/><W45/><AGARI ba="0,0" hai="28,29,30,37,43,45,77,78,80,83,85,87,92,94" machi="45" ten="30,8000,1" yaku="0,1,9,1,52,3" doraHai="25" who="3" fromWho="3" sc="355,-20,235,-40,153,-20,257,80" /><INIT seed="2,0,0,2,2,44" ten="335,195,133,337" oya="2" hai0="35,127,27,91,7,10,72,68,49,47,4,84,74" hai1="33,108,129,14,113,124,120,73,25,100,121,122,89" hai2="20,98,42,76,103,105,83,37,55,130,18,101,93" hai3="99,54,125,128,50,82,67,63,40,111,109,132,119"/><V78/><F130/><W59/><G119/><T95/><D127/><U41/><E113/><V115/><F115/><W106/><G125/><T34/><D68/><U66/><E124/><V28/><F28/><W81/><G128/><T69/><D69/><U24/><E129/><V30/><F30/><W97/><G40/><T126/><D7/><U71/><E73/><V116/><F116/><W6/><G6/><T5/><D5/><U16/><E108/><N who="3" m="41546" /><G132/><T32/><D27/><U79/><E79/><V112/><F112/><W57/><G106/><T118/><D118/><U11/><E33/><V38/><F42/><W75/><G82/><T134/><D134/><U102/><E41/><V80/><F38/><W62/><G63/><T64/><D64/><U19/><E89/><N who="2" m="55599" /><F37/><W85/><G75/><T86/><D86/><U3/><E3/><V114/><F114/><W70/><G70/><T39/><D39/><U0/><E0/><V52/><F105/><W56/><G56/><T1/><D126/><U46/><E46/><V15/><F83/><W22/><G22/><T51/><D47/><U88/><E88/><AGARI ba="0,0" hai="50,54,57,59,62,67,81,85,88,97,99" m="41546" machi="88" ten="30,3900,0" yaku="14,1,52,1,54,1" doraHai="44" who="3" fromWho="1" sc="335,0,195,-39,133,0,337,39" /><INIT seed="3,0,0,5,2,66" ten="335,156,133,376" oya="3" hai0="47,5,97,12,103,69,7,112,44,65,129,81,54" hai1="124,42,13,98,74,15,30,90,84,35,55,110,93" hai2="63,125,100,33,26,86,18,27,107,60,121,57,4" hai3="79,64,20,135,77,82,23,134,113,76,11,131,106"/><W32/><G32/><T101/><D101/><U127/><E74/><V58/><F125/><N who="1" m="48201" /><E110/><V51/><F121/><W67/><G106/><T16/><D129/><U41/><E55/><V22/><F4/><W128/><G113/><T88/><D112/><U108/><E108/><V133/><F133/><N who="3" m="50699" /><G82/><T9/><D69/><U19/><E98/><V132/><F132/><W80/><G11/><T6/><D65/><N who="3" m="25161" /><G80/><T61/><D103/><U122/><E122/><V118/><F100/><W115/><G115/><T78/><D78/><U56/><E56/><V83/><F58/><W31/><G31/><T96/><D96/><U126/><E126/><V68/><F57/><W94/><G94/><N who="0" m="56519" /><D81/><U92/><E92/><V40/><F83/><W17/><G17/><T71/><D16/><U105/><E105/><V46/><F18/><W38/><G38/><T24/><D9/><N who="1" m="6575" /><E15/><V116/><F107/><W0/><G0/><T2/><D2/><U50/><E50/><V3/><F51/><W95/><G95/><T53/><D12/><U49/><E49/><V70/><F3/><W109/><G109/><T99/><D6/><U1/><E1/><V72/><F72/><W119/><G119/><T85/><D5/><U10/><E10/><V87/><F118/><W102/><G102/><T52/><D7/><U91/><E91/><V117/><F116/><W29/><G29/><T8/><D8/><U130/><E130/><AGARI ba="0,0" hai="20,23,76,77,79,128,130,131" m="25161,50699" machi="130" ten="40,12000,1" yaku="28,2,19,1,20,1" doraHai="66" who="3" fromWho="1" sc="335,0,156,-120,133,0,376,120" /><INIT seed="3,1,0,1,2,65" ten="335,36,133,496" oya="3" hai0="134,24,101,10,96,64,92,21,129,39,112,85,16" hai1="98,111,32,93,20,56,22,34,42,114,31,118,124" hai2="63,80,121,108,135,68,17,57,29,69,30,27,3" hai3="0,79,105,84,50,109,86,133,14,107,91,89,77"/><W104/><G0/><T36/><D129/><U9/><E114/><V81/><F3/><W35/><G35/><T97/><D134/><U61/><E111/><V82/><F108/><W116/><G14/><T37/><D112/><U122/><E122/><V70/><F135/><W11/><G11/><T2/><D64/><U132/><E132/><V74/><F74/><W28/><G28/><T38/><D39/><U99/><E124/><V115/><F115/><W100/><G50/><T53/><D53/><U103/><E118/><V26/><F121/><W83/><G133/><T117/><D117/><U48/><E9/><V25/><F17/><W62/><G62/><T127/><D127/><U95/><E34/><V55/><AGARI ba="1,0" hai="25,26,27,29,30,55,57,63,68,69,70,80,81,82" machi="55" ten="40,12000,2" yaku="0,1,29,2,52,3" doraHai="65" who="2" fromWho="2" sc="335,-31,36,-31,133,123,496,-61" /><INIT seed="4,0,0,2,4,27" ten="304,5,256,435" oya="0" hai0="13,53,62,115,110,7,118,20,76,97,78,70,9" hai1="102,109,24,21,71,89,112,14,56,44,45,72,129" hai2="107,84,66,80,32,132,36,91,39,93,33,19,29" hai3="77,95,83,67,1,69,127,57,99,11,120,88,85"/><T26/><D118/><U68/><E109/><V59/><F107/><W81/><G69/><T22/><D110/><U122/><E122/><V103/><F132/><W37/><G37/><T131/><D115/><U5/><E72/><V79/><F103/><W38/><G38/><T101/><D131/><U123/><E123/><V125/><F125/><W35/><G35/><T92/><D22/><U2/><E2/><V43/><F43/><W117/><G117/><T0/><D0/><U128/><E112/><V10/><F39/><W100/><G1/><T47/><D70/><U94/><E102/><V133/><F36/><W50/><G11/><T90/><D101/><U98/><E71/><V40/><F40/><W58/><G67/><T41/><D41/><U113/><E68/><V116/><F116/><W28/><G127/><T74/><D74/><U34/><E34/><V25/><F133/><W15/><G15/><T126/><D126/><U104/><E104/><V3/><F33/><W54/><G120/><T105/><D105/><U82/><E113/><V48/><F3/><W87/><G57/><N who="0" m="35119" /><D47/><N who="1" m="17995" /><E56/><V16/><F10/><W135/><G135/><T121/><D121/><U130/><E82/><V31/><F32/><W124/><G124/><T108/><D108/><U46/><N who="1" m="18003" /><U65/><DORA hai="12" /><E65/><V111/><F111/><W55/><G55/><T61/><D61/><U75/><E75/><V23/><F66/><W30/><AGARI ba="0,0" hai="28,30,50,54,58,77,81,83,85,87,88,95,99,100" machi="30" ten="30,8000,1" yaku="0,1,8,1,52,2,54,1" doraHai="27,12" who="3" fromWho="3" sc="304,-40,5,-20,256,-20,435,80" owari="264,6.0,-15,-52.0,236,-16.0,515,62.0" /></mjloggm>