<mjloggm ver="2.3"><GO type="41" lobby="0"/><UN n0="%E5%9B%9E%E3%81%97%E8%80%85" n1="%E5%B0%B1%E6%B4%BB%E7%94%9F%40%E5%B7%9D%E6%9D%91%E8%BB%8D%E5%9B%A3" n2="%68%69%70%64%63%61%73%68" n3="%6D%72%5F%73%6E%61%6B%65" dan="15,15,14,13" rate="2077.52,2047.21,1965.82,1805.39" sx="M,M,M,M"/><TAIKYOKU oya="0"/><INIT seed="0,0,0,0,3,20" ten="250,250,250,250" oya="0" hai0="66,34,95,19,40,35,125,103,129,79,127,53,94" hai1="110,67,33,11,38,39,63,5,43,37,2,104,23" hai2="54,131,130,108,29,64,126,0,89,48,96,98,56" hai3="133,61,28,21,50,97,128,80,27,59,70,114,113"/><T101/><D79/><U75/><E110/><V14/><F0/><W26/><G133/><T84/><D40/><U10/><E10/><V115/><F115/><W16/><G70/><T42/><D42/><U51/><E51/><V88/><F108/><W71/><G71/><T4/><D66/><U24/><E23/><V118/><F118/><W76/><G128/><N who="2" m="49193" /><F126/><W13/><G97/><N who="2" m="37481" /><F14/><W68/><G68/><T123/><D129/><U18/><E18/><V111/><F111/><W17/><G50/><T31/><D19/><U3/><E3/><V62/><F29/><W49/><G49/><T72/><D31/><N who="1" m="19687" /><E43/><V116/><F116/><W47/><G47/><AGARI ba="0,0" hai="47,48,54,56,62,64,88,89" m="37481,49193" machi="47" ten="30,2000,0" yaku="19,1,54,1" doraHai="20" who="2" fromWho="3" sc="250,0,250,0,250,20,250,-20" /><INIT seed="1,0,0,4,0,44" ten="250,250,270,230" oya="1" hai0="41,23,72,111,115,7,93,32,134,99,14,106,58" hai1="109,27,21,40,118,29,123,34,13,73,127,42,133" hai2="11,18,15,108,56,78,86,69,36,43,28,31,124" hai3="91,88,92,35,77,125,110,20,105,62,96,49,6"/><U90/><E118/><V60/><F69/><W5/><G35/><T48/><D115/><U84/><E123/><V82/><F124/><W12/><G105/><T103/><D32/><U25/><E73/><V135/><F135/><W131/><G125/><T132/><D72/><U46/><E127/><V10/><F108/><W57/><G110/><T117/><D111/><U100/><E109/><V19/><F43/><W24/><G77/><T89/><D117/><U67/><E133/><V0/><F36/><W98/><G49/><T70/><D70/><U130/><E130/><V17/><F0/><W66/><G131/><T112/><D7/><U9/><E100/><V50/><F50/><W4/><G12/><T104/><D106/><U30/><E67/><V85/><F85/><N who="3" m="52239" /><G91/><T45/><D112/><U80/><REACH who="1" step="1"/><E46/><REACH who="1" ten="250,240,270,230" step="2"/><V71/><F71/><W1/><G1/><T53/><D134/><U16/><AGARI ba="0,1" hai="9,13,16,21,25,27,29,30,34,40,42,80,84,90" machi="16" ten="20,12000,1" yaku="1,1,2,1,0,1,7,1,54,1,53,0" doraHai="44" doraHaiUra="55" who="1" fromWho="1" sc="250,-40,240,130,270,-40,230,-40" /><INIT seed="1,1,0,1,1,50" ten="210,370,230,190" oya="1" hai0="119,131,51,121,104,25,105,62,8,79,43,17,116" hai1="84,114,106,2,133,7,126,71,45,120,49,132,31" hai2="30,123,47,89,41,3,95,101,134,56,96,48,59" hai3="70,76,75,6,91,100,98,16,11,68,28,21,107"/><U93/><E71/><V20/><F3/><W18/><G28/><T46/><D121/><U117/><E106/><V125/><F123/><W109/><G109/><T128/><D79/><U94/><E120/><V64/><F125/><W10/><G91/><T63/><D105/><U69/><E69/><V86/><F134/><W40/><G40/><T102/><D102/><U9/><E117/><V26/><REACH who="2" step="1"/><F64/><REACH who="2" ten="210,370,220,190" step="2"/><W34/><G34/><T108/><D116/><U53/><E126/><V113/><F113/><W24/><G18/><T85/><D17/><U58/><E114/><V97/><F97/><W82/><G11/><T52/><D8/><U39/><E31/><V55/><F55/><W5/><G5/><T61/><D119/><U44/><E9/><V33/><F33/><W19/><G19/><T115/><D115/><U57/><E7/><V74/><F74/><W99/><G99/><T60/><D108/><U27/><E2/><AGARI ba="1,1" hai="2,6,10,16,21,24,68,70,75,76,82,98,100,107" machi="2" ten="30,2000,0" yaku="7,1,54,1" doraHai="50" who="3" fromWho="1" sc="210,0,370,-23,220,0,190,33" /><INIT seed="2,0,0,4,5,41" ten="210,347,220,223" oya="2" hai0="96,111,62,11,93,92,120,67,64,66,39,135,115" hai1="9,98,30,75,89,122,77,103,101,68,16,34,83" hai2="81,6,108,105,15,112,10,106,79,23,130,133,134" hai3="45,121,52,117,12,59,40,123,102,47,95,57,21"/><V32/><F32/><W35/><G117/><T25/><D120/><U84/><E68/><V8/><F112/><W31/><G35/><T119/><D115/><U80/><E122/><V125/><F125/><W97/><G121/><T7/><D39/><U72/><E34/><V1/><F130/><W63/><G123/><T27/><D93/><U56/><E30/><V104/><F23/><W24/><G40/><T58/><D135/><N who="2" m="51722" /><F108/><W94/><G94/><T0/><D111/><U49/><E75/><N who="2" m="43263" /><F10/><W126/><G126/><T43/><D43/><U48/><E56/><V13/><AGARI ba="0,0" hai="1,6,8,13,15,104,105,106" m="43263,51722" machi="13" ten="40,2100,0" yaku="20,1" doraHai="41" who="2" fromWho="2" sc="210,-7,347,-7,220,21,223,-7" /><INIT seed="2,1,0,5,5,99" ten="203,340,241,216" oya="2" hai0="23,52,27,97,47,61,1,125,87,66,54,96,94" hai1="123,0,33,14,111,133,57,53,45,116,22,117,118" hai2="21,59,17,65,58,5,69,30,6,38,11,55,2" hai3="132,32,31,48,18,105,100,46,112,115,91,77,16"/><V67/><F38/><W101/><G132/><T109/><D1/><U93/><E0/><V36/><F36/><W119/><G119/><T104/><D109/><U39/><E33/><V114/><F114/><N who="3" m="43563" /><G77/><T78/><D104/><U75/><E111/><V35/><F69/><W49/><G105/><T37/><D97/><U107/><E107/><V80/><F6/><W51/><G91/><T41/><D87/><U121/><E75/><V43/><F43/><W73/><G73/><T25/><D78/><U24/><E14/><V63/><F80/><W40/><G31/><T50/><D125/><U64/><E64/><V84/><F84/><W85/><G85/><T79/><D79/><U34/><E34/><V131/><F131/><W62/><G32/><T81/><D81/><U8/><E8/><V120/><F120/><N who="1" m="46153" /><E93/><V42/><F42/><W28/><G62/><T7/><D7/><U26/><E133/><V15/><REACH who="2" step="1"/><F59/><REACH who="2" ten="203,340,231,216" step="2"/><W70/><G70/><T60/><D37/><U83/><E83/><V86/><F86/><W122/><G122/><T88/><D41/><N who="1" m="22719" /><E118/><V90/><F90/><W10/><G28/><T103/><D88/><U102/><E117/><V108/><F108/><W106/><G106/><T126/><D126/><U135/><E135/><V3/><F3/><W110/><G110/><T127/><D127/><U113/><E113/><V56/><F56/><W72/><G72/><T71/><D71/><U92/><E116/><V12/><F12/><N who="3" m="7191" /><G18/><T20/><D25/><AGARI ba="1,1" hai="2,5,11,15,17,21,25,30,35,55,58,63,65,67" machi="25" ten="40,7700,0" yaku="1,1,24,2,53,0" doraHai="99" doraHaiUra="89" who="2" fromWho="0" sc="203,-80,340,0,231,90,216,0" /><INIT seed="2,2,0,1,2,106" ten="123,340,321,216" oya="2" hai0="83,91,110,35,68,66,37,97,8,5,20,54,0" hai1="36,13,49,14,128,72,70,45,10,46,12,102,41" hai2="88,50,74,34,126,129,15,85,1,16,124,64,52" hai3="133,86,21,2,119,43,9,100,44,42,61,82,79"/><V31/><F74/><W120/><G119/><T51/><D37/><U89/><E70/><V104/><F104/><W107/><G120/><T80/><D35/><U109/><E109/><V131/><F1/><W48/><G133/><T18/><D66/><U33/><E33/><V58/><F64/><W69/><G21/><T84/><D68/><U108/><E108/><V40/><F40/><W56/><G69/><T111/><D97/><U57/><E128/><N who="2" m="49227" /><F31/><W114/><G114/><T25/><REACH who="0" step="1"/><D80/><REACH who="0" ten="113,340,321,216" step="2"/><U22/><E102/><V93/><F34/><W7/><G100/><T98/><D98/><U6/><E36/><V67/><F67/><W60/><G107/><T73/><D73/><U62/><E72/><V78/><F78/><W17/><G82/><T32/><D32/><U63/><E89/><V92/><F92/><W94/><G94/><T96/><D96/><U123/><E123/><V38/><F38/><W28/><G79/><T4/><D4/><U95/><E95/><V39/><F39/><W27/><G7/><T115/><D115/><U19/><E6/><V90/><F90/><W103/><G103/><T113/><D113/><U121/><E121/><V53/><F53/><W125/><G2/><T23/><D23/><AGARI ba="2,1" hai="15,16,23,50,52,58,85,88,93,124,126" m="49227" machi="23" ten="30,12000,1" yaku="25,1,19,1,54,3" doraHai="106" who="2" fromWho="0" sc="113,-126,340,0,321,136,216,0" owari="-13,-51.0,340,14.0,457,55.0,216,-18.0" /></mjloggm>