<mjloggm ver="2.3"><GO type="225" lobby="0"/><UN n0="%E6%9D%8E%E7%A9%8E%E8%97%8D" n1="%4D%61%6D%65%2D%79%61" n2="%E6%9D%89%E6%B5%A6%E7%B6%BE%E4%B9%83%76" n3="%E3%83%88%E3%83%88%E3%83%AA%E5%85%88%E7%94%9F%31%39%E6%AD%B3" dan="16,16,16,17" rate="2135.88,2162.19,2160.63,2241.23" sx="M,M,M,F"/><TAIKYOKU oya="0"/><INIT seed="0,0,0,2,5,5" ten="250,250,250,250" oya="0" hai0="64,76,84,75,81,61,21,28,91,125,94,22,29" hai1="131,4,129,52,33,9,130,30,72,87,120,103,124" hai2="47,123,41,133,53,39,23,11,122,12,65,27,25" hai3="93,15,71,98,34,8,60,1,46,32,109,80,82"/><T102/><D125/><U26/><E120/><V13/><F65/><W95/><G1/><T38/><D38/><U107/><E72/><V19/><F133/><W57/><G71/><T108/><D108/><U42/><E124/><V37/><F37/><W79/><G109/><T20/><REACH who="0" step="1"/><D102/><REACH who="0" ten="240,250,250,250" step="2"/><U14/><E103/><V31/><F123/><W85/><G34/><T121/><D121/><U24/><E129/><V36/><F122/><W18/><G32/><T88/><D88/><U54/><E130/><V135/><F135/><W113/><G113/><T99/><D99/><U43/><E131/><V106/><F36/><W114/><G114/><T74/><D74/><U58/><E33/><V134/><F134/><W10/><G98/><T6/><D6/><U104/><E4/><V56/><F106/><W118/><G118/><T117/><D117/><U132/><E132/><V70/><F70/><AGARI ba="0,1" hai="20,21,22,28,29,61,64,70,75,76,81,84,91,94" machi="70" ten="40,2000,0" yaku="1,1,53,0" doraHai="5" doraHaiUra="97" who="0" fromWho="2" sc="240,30,250,0,250,-20,250,0" /><INIT seed="0,1,0,5,5,120" ten="270,250,230,250" oya="0" hai0="55,39,21,24,19,53,111,78,17,115,9,72,68" hai1="77,80,6,58,65,109,108,14,128,64,133,107,51" hai2="103,88,79,26,102,57,32,121,47,35,62,30,50" hai3="18,99,54,132,129,82,94,2,73,5,91,87,67"/><T69/><D115/><U12/><E107/><V114/><F114/><W61/><G129/><T130/><D39/><U8/><E128/><V34/><F121/><W60/><G132/><T118/><D118/><U38/><E38/><V59/><F79/><W49/><G73/><T110/><D130/><U56/><E133/><V117/><F117/><W52/><G2/><T100/><D100/><U48/><E80/><V126/><F126/><W46/><G5/><T122/><D122/><U40/><E77/><V86/><F102/><W81/><G67/><N who="1" m="25674" /><E14/><V97/><F62/><W104/><G104/><T4/><D19/><U134/><E134/><V84/><F84/><W116/><G116/><T63/><D78/><U76/><E76/><V131/><F131/><W95/><G95/><T71/><D72/><U98/><E98/><V112/><F112/><W93/><G93/><T29/><D17/><U92/><E92/><V16/><F16/><W20/><G54/><T96/><D96/><U36/><E36/><V70/><F70/><W0/><G0/><N who="0" m="135" /><D63/><N who="3" m="24137" /><G99/><T135/><D135/><U125/><E125/><V15/><F97/><W1/><G1/><T3/><D3/><U105/><E105/><V101/><F101/><W42/><G42/><T127/><D127/><U11/><E11/><V10/><F103/><W123/><G123/><T31/><D31/><U37/><E37/><V7/><F35/><W25/><AGARI ba="1,0" hai="18,20,25,46,49,52,81,82,87,91,94" m="24137" machi="25" ten="30,2000,0" yaku="8,1,54,1" doraHai="120" who="3" fromWho="3" sc="270,-11,250,-6,230,-6,250,23" /><INIT seed="1,0,0,5,5,84" ten="259,244,224,273" oya="1" hai0="124,54,131,90,65,12,94,127,128,29,7,112,93" hai1="24,49,22,30,111,3,119,92,31,63,10,81,62" hai2="67,55,80,52,105,36,101,71,57,41,97,43,20" hai3="25,26,104,61,109,100,37,15,70,114,129,106,95"/><U13/><E119/><V78/><F55/><W2/><G2/><T39/><D112/><U134/><E3/><V1/><F1/><W115/><G37/><T120/><D39/><U44/><E134/><V48/><F36/><W73/><G73/><T35/><D120/><U123/><E123/><V118/><F118/><W27/><G109/><T113/><D113/><U0/><E0/><V135/><F135/><W87/><G129/><N who="0" m="49739" /><D65/><U86/><E92/><V11/><F11/><W28/><G28/><T75/><D75/><U133/><E31/><V110/><F110/><W59/><G70/><T88/><D54/><N who="1" m="29991" /><E133/><V121/><F121/><W6/><G106/><T53/><D53/><U64/><E64/><V82/><F82/><W17/><G6/><T47/><D47/><U19/><E111/><V122/><F122/><W72/><G104/><T125/><D94/><U50/><E50/><V77/><F77/><AGARI ba="0,0" hai="10,13,19,22,24,30,62,63,77,81,86" m="29991" machi="77" ten="30,1500,0" yaku="8,1" doraHai="84" who="1" fromWho="2" sc="259,0,244,15,224,-15,273,0" /><INIT seed="1,1,0,3,3,89" ten="259,259,209,273" oya="1" hai0="123,124,40,15,56,57,13,101,36,12,63,26,73" hai1="129,60,48,92,5,82,33,32,24,64,93,133,20" hai2="121,49,0,29,67,62,83,91,65,71,2,78,31" hai3="46,96,120,1,114,4,122,42,50,37,19,22,84"/><U30/><E129/><V80/><F121/><W3/><G114/><T108/><D73/><U113/><E113/><V76/><F49/><W85/><G120/><T23/><D123/><U125/><E133/><V16/><F91/><W35/><G35/><T18/><D108/><U14/><E125/><V61/><REACH who="2" step="1"/><F71/><REACH who="2" ten="259,259,199,273" step="2"/><W53/><G50/><T38/><D124/><U126/><E126/><V135/><F135/><W130/><G122/><T79/><D38/><U75/><E48/><V105/><F105/><W95/><G37/><T86/><D36/><U21/><E33/><V102/><F102/><W116/><G130/><T28/><D101/><U52/><E32/><V17/><AGARI ba="1,1" hai="0,2,16,17,29,31,61,62,65,67,76,78,80,83" machi="17" ten="25,8000,1" yaku="1,1,0,1,22,2,54,1,53,0" doraHai="89" doraHaiUra="6" who="2" fromWho="2" sc="259,-21,259,-41,199,93,273,-21" /><INIT seed="2,0,0,1,2,65" ten="238,218,292,252" oya="2" hai0="47,46,24,122,14,21,76,88,80,23,91,38,103" hai1="87,106,18,121,115,94,124,90,72,7,73,67,95" hai2="32,10,135,123,53,70,36,109,125,50,59,93,105" hai3="104,22,45,86,128,130,2,98,15,44,66,26,89"/><V13/><F123/><W112/><G2/><T43/><D122/><U31/><E121/><V71/><F105/><W85/><G112/><T78/><D103/><U120/><E120/><V37/><F32/><W39/><G15/><T113/><D113/><U28/><E106/><V107/><F107/><W3/><G3/><T60/><D60/><U118/><E115/><V34/><F34/><W63/><G104/><T96/><D96/><U132/><E118/><V48/><F93/><W97/><G97/><T51/><D14/><U25/><E132/><V101/><F101/><W5/><G5/><T55/><D23/><U69/><E7/><V84/><F84/><W57/><G98/><T49/><D38/><N who="2" m="14954" /><F13/><W40/><G45/><T81/><D81/><U52/><E72/><V61/><F10/><W19/><REACH who="3" step="1"/><G85/><REACH who="3" ten="238,218,292,242" step="2"/><N who="0" m="48279" /><D76/><U99/><E87/><V127/><F135/><W30/><G30/><AGARI ba="0,1" hai="21,24,30,43,46,47,49,51,55,88,91" m="48279" machi="30" ten="30,2000,0" yaku="8,1,54,1" doraHai="65" who="0" fromWho="3" sc="238,30,218,0,292,0,242,-20" /><INIT seed="3,0,0,0,3,95" ten="268,218,292,222" oya="3" hai0="92,56,80,57,128,5,48,120,71,135,30,64,88" hai1="11,85,87,31,90,29,50,38,7,1,117,115,35" hai2="17,0,59,69,32,70,44,13,86,41,22,73,101" hai3="49,36,111,84,12,109,130,27,134,121,96,123,82"/><W55/><G36/><T61/><D120/><U100/><E115/><V6/><F73/><W102/><G12/><T116/><D116/><U93/><E38/><V19/><F32/><W9/><G9/><T42/><D135/><U133/><E133/><V66/><F6/><W106/><G27/><T33/><D5/><U114/><E114/><V129/><F0/><W40/><G40/><T2/><D2/><U28/><E117/><V51/><F129/><W62/><G62/><T21/><D33/><U8/><E100/><V74/><F74/><W104/><G134/><T124/><D124/><U105/><E105/><V34/><F34/><W76/><G104/><T10/><D10/><U18/><E50/><V112/><F112/><W103/><G103/><T97/><D128/><U15/><REACH who="1" step="1"/><E35/><REACH who="1" ten="268,208,292,222" step="2"/><V81/><F101/><W54/><G130/><T52/><D42/><U79/><E79/><V89/><F70/><W113/><G113/><T132/><D132/><U125/><E125/><V23/><F69/><W46/><REACH who="3" step="1"/><G54/><REACH who="3" ten="268,208,292,212" step="2"/><T43/><D43/><U63/><E63/><N who="2" m="38271" /><F13/><W68/><G68/><T37/><D37/><U78/><E78/><V131/><F131/><W127/><G127/><T108/><D71/><U39/><E39/><V25/><F25/><W53/><G53/><T94/><D61/><U65/><E65/><V77/><F77/><W99/><G99/><AGARI ba="0,2" hai="1,7,8,11,15,18,28,29,31,85,87,90,93,99" machi="99" ten="40,5200,0" yaku="1,1,52,1,53,1" doraHai="95" doraHaiUra="3" who="1" fromWho="3" sc="268,0,208,72,292,0,212,-52" /><INIT seed="4,0,0,0,1,30" ten="268,280,292,160" oya="0" hai0="23,44,54,73,51,81,93,22,134,100,35,90,98" hai1="83,6,33,86,58,41,94,42,4,120,3,9,25" hai2="28,131,5,60,102,69,116,87,125,37,21,27,18" hai3="26,114,78,66,76,48,65,63,95,92,135,34,133"/><T109/><D134/><N who="3" m="51209" /><G114/><T49/><D35/><U53/><E120/><V130/><F37/><W117/><G48/><T115/><D115/><U84/><E6/><V2/><F125/><W80/><G117/><T57/><D109/><U113/><E113/><V72/><F72/><N who="3" m="43015" /><G78/><T99/><D73/><U68/><E68/><V15/><F102/><W36/><G36/><T118/><D118/><U31/><E94/><N who="3" m="35882" /><G63/><T8/><D8/><U127/><E127/><V129/><F116/><W19/><G19/><T82/><D22/><U0/><E0/><V11/><F87/><W91/><G91/><T50/><D23/><U75/><E75/><V17/><F2/><W13/><G13/><T106/><D50/><U107/><E107/><V112/><F112/><W126/><G126/><T67/><REACH who="0" step="1"/><D67/><AGARI ba="0,0" hai="5,11,15,17,18,21,27,28,60,67,69,129,130,131" machi="67" ten="40,1300,0" yaku="19,1" doraHai="30" who="2" fromWho="0" sc="268,-13,280,0,292,13,160,0" owari="255,-14.0,280,8.0,305,40.0,160,-34.0" /></mjloggm>