<mjloggm ver="2.3"><GO type="169" lobby="0"/><UN n0="%E9%9B%80%CE%B2%CE%BF%D1%83" n1="%61%73%73%65%72%74%69%76" n2="%E3%82%A6%E3%83%AB%E3%83%88%E3%83%A9%E7%AB%8B%E7%9B%B4" n3="%E5%8F%A4%E6%B2%A2%E5%B0%8F%E9%88%B4" dan="16,17,18,16" rate="2078.84,2216.16,2224.78,2058.88" sx="M,M,M,F"/><TAIKYOKU oya="0"/><INIT seed="0,0,0,4,3,123" ten="250,250,250,250" oya="0" hai0="118,84,126,116,65,95,58,33,27,72,62,20,57" hai1="55,41,11,130,35,25,96,17,86,18,13,70,114" hai2="66,127,119,14,10,91,32,124,133,63,68,42,39" hai3="7,100,52,132,49,73,74,1,44,85,98,26,90"/><T4/><D72/><U103/><E70/><V134/><F32/><W19/><G132/><N who="2" m="50793" /><F91/><W56/><G7/><T48/><D33/><U113/><E130/><V92/><F92/><W76/><G1/><T129/><D4/><U104/><E41/><V3/><F3/><W6/><G6/><T101/><D129/><U110/><E55/><V9/><F119/><W108/><G76/><T111/><D126/><N who="2" m="48170" /><F14/><W47/><G74/><T135/><D135/><U43/><E86/><V30/><F30/><W77/><G77/><T75/><D75/><U122/><E43/><V94/><F94/><W107/><G73/><T67/><D84/><U36/><E122/><V16/><F16/><W2/><G2/><T38/><D95/><U117/><E117/><V88/><F88/><W87/><G87/><T105/><D101/><U53/><E53/><V5/><F5/><W22/><G85/><T81/><D116/><U40/><E35/><V83/><F83/><W79/><G79/><T121/><D81/><U34/><E34/><V69/><F68/><W109/><REACH who="3" step="1"/><G90/><REACH who="3" ten="250,250,250,240" step="2"/><T31/><D118/><U45/><E104/><V0/><F0/><W106/><G106/><T50/><D105/><U131/><E103/><V60/><F10/><W82/><G82/><T23/><D121/><U80/><E80/><V71/><F9/><W59/><G59/><T78/><D58/><U120/><E120/><V12/><F71/><W99/><G99/><T89/><D57/><U8/><E96/><V15/><F69/><W46/><AGARI ba="0,1" hai="19,22,26,44,46,47,49,52,56,98,100,107,108,109" machi="46" ten="30,8000,1" yaku="1,1,0,1,52,2,54,1,53,0" doraHai="123" doraHaiUra="24" who="3" fromWho="3" sc="250,-40,250,-20,250,-20,240,90" /><INIT seed="1,0,0,1,4,81" ten="210,230,230,330" oya="1" hai0="51,68,63,87,116,65,95,59,12,6,125,37,123" hai1="126,134,77,42,13,118,48,131,119,91,72,88,76" hai2="82,101,20,120,102,7,30,86,114,26,108,9,54" hai3="66,107,17,22,36,92,11,4,15,60,10,75,122"/><U135/><E13/><V117/><F120/><W0/><G107/><T96/><D116/><N who="1" m="44587" /><E48/><V110/><F114/><W84/><G75/><T99/><D37/><U52/><E52/><V47/><F117/><W21/><G122/><T130/><D123/><U112/><E42/><V133/><F47/><W14/><G36/><T19/><D130/><U28/><E28/><V124/><F54/><W129/><G129/><T128/><D125/><U100/><E131/><V85/><F124/><W18/><G92/><T103/><D128/><U39/><E39/><V79/><F133/><N who="1" m="50697" /><E126/><V33/><F33/><W127/><G127/><T32/><D32/><U69/><E69/><V3/><F9/><W38/><G38/><T49/><D6/><U27/><E27/><V105/><F7/><W5/><G5/><T106/><D68/><U56/><E56/><V93/><F3/><W23/><G23/><T31/><D31/><U98/><E112/><V62/><F62/><W53/><G53/><T50/><D19/><U1/><E1/><V46/><F46/><W97/><G11/><T132/><D12/><U41/><E41/><V71/><F71/><W67/><G67/><T24/><D24/><U83/><E76/><V94/><F20/><W121/><G121/><T8/><D8/><U25/><E25/><V34/><F26/><W111/><G66/><T57/><D132/><U80/><E83/><V40/><F30/><W35/><G35/><T90/><REACH who="0" step="1"/><D59/><REACH who="0" ten="200,230,230,330" step="2"/><U44/><E44/><V78/><F34/><W73/><G10/><T113/><D113/><U64/><E64/><V16/><F16/><RYUUKYOKU ba="0,1" sc="200,15,230,15,230,-15,330,-15" hai0="49,50,51,57,63,65,87,90,95,96,99,103,106" hai1="72,77,80,88,91,98,100" /><INIT seed="1,1,1,1,4,45" ten="215,245,215,315" oya="1" hai0="86,21,36,38,1,119,130,23,15,114,27,102,67" hai1="59,13,5,97,94,98,52,96,31,87,85,30,50" hai2="55,134,51,89,49,69,9,79,105,103,120,127,72" hai3="57,117,92,58,133,60,17,64,47,126,11,54,7"/><U83/><E94/><V19/><F69/><W68/><G133/><T128/><D1/><U39/><E39/><N who="0" m="14889" /><D119/><U3/><E3/><V14/><F134/><W2/><G117/><T113/><D102/><U71/><E71/><V95/><F120/><W125/><G92/><T108/><D67/><U53/><E53/><V28/><F28/><N who="1" m="10793" /><E83/><N who="2" m="45543" /><F55/><W124/><G17/><T34/><D34/><U8/><AGARI ba="1,1" hai="5,8,13,50,52,59,85,87,96,97,98" m="10793" machi="8" ten="30,6000,0" yaku="8,1,52,1,54,1" doraHai="45" who="1" fromWho="1" sc="215,-21,245,73,215,-21,315,-21" /><INIT seed="1,2,0,0,0,59" ten="194,318,194,294" oya="1" hai0="34,120,4,134,124,82,132,29,104,39,89,58,84" hai1="77,63,43,24,128,0,61,74,109,105,66,83,113" hai2="108,2,70,49,8,116,42,27,76,67,3,90,121" hai3="35,98,37,11,9,100,79,88,10,71,56,21,44"/><U1/><E113/><V17/><F116/><W38/><G71/><T97/><D39/><U69/><E105/><V91/><F121/><W92/><G35/><T130/><D120/><U119/><E119/><V87/><F108/><W68/><G68/><T111/><D111/><U20/><E109/><V31/><F76/><W23/><G79/><T54/><D4/><U114/><E114/><V50/><F90/><W41/><G38/><T48/><D130/><U115/><E115/><V62/><F17/><W15/><G15/><T78/><D124/><U117/><E117/><V106/><F106/><W26/><G56/><T28/><D89/><U102/><E102/><V80/><F8/><W99/><REACH who="3" step="1"/><G26/><REACH who="3" ten="194,318,194,284" step="2"/><T126/><D126/><U93/><E128/><V52/><F3/><W75/><G75/><T12/><D12/><U32/><E32/><V65/><F2/><W30/><G30/><T47/><D34/><U7/><E1/><V13/><F13/><W19/><G19/><T33/><D33/><U86/><E0/><V5/><F27/><W60/><G60/><N who="0" m="35927" /><D29/><U16/><E7/><V110/><F31/><W135/><G135/><N who="0" m="51755" /><D28/><U57/><E74/><V72/><F72/><W123/><G123/><T95/><D47/><U40/><REACH who="1" step="1"/><E93/><AGARI ba="2,1" hai="9,10,11,21,23,37,41,44,88,92,93,98,99,100" machi="93" ten="40,2600,0" yaku="1,1,54,1,53,0" doraHai="59" doraHaiUra="107" who="3" fromWho="1" sc="194,0,318,-32,194,0,284,42" /><INIT seed="2,0,0,1,5,74" ten="194,286,194,326" oya="2" hai0="20,77,75,63,121,99,81,122,123,65,33,27,1" hai1="3,102,35,125,7,34,110,89,95,39,120,30,11" hai2="12,68,90,45,64,92,114,108,100,129,0,118,128" hai3="62,36,56,48,28,24,85,107,133,97,59,111,78"/><V109/><F0/><W98/><G36/><T29/><D1/><U54/><E39/><V37/><F118/><W40/><G107/><T130/><D130/><N who="2" m="50282" /><F100/><W104/><G104/><T21/><REACH who="0" step="1"/><D99/><REACH who="0" ten="184,286,194,326" step="2"/><U22/><E3/><V69/><F114/><W8/><G98/><T19/><D19/><U41/><E30/><V101/><F101/><W53/><G97/><T60/><D60/><U94/><E102/><V57/><F12/><W14/><G14/><T51/><D51/><U17/><E17/><V113/><F113/><W44/><G48/><T26/><D26/><U47/><E120/><V46/><F37/><W32/><G24/><T91/><D91/><U79/><E89/><V71/><F90/><W119/><G62/><T126/><D126/><U49/><E125/><V106/><F106/><W25/><G25/><T58/><AGARI ba="0,1" hai="20,21,27,29,33,58,63,65,75,77,81,121,122,123" machi="58" ten="30,4000,0" yaku="1,1,0,1,52,1,53,0" doraHai="74" doraHaiUra="83" who="0" fromWho="0" sc="184,50,286,-10,194,-20,326,-10" /><INIT seed="3,0,0,1,2,37" ten="234,276,174,316" oya="3" hai0="7,54,129,39,27,99,86,132,10,109,108,28,69" hai1="101,1,47,13,57,17,114,52,87,133,34,76,98" hai2="91,106,68,9,15,30,75,135,82,126,41,105,23" hai3="61,95,31,33,83,70,96,14,36,55,85,88,0"/><W64/><G0/><N who="0" m="359" /><D69/><U48/><E114/><V124/><F68/><W32/><G31/><T116/><D116/><U103/><E133/><V107/><F135/><W73/><G36/><T119/><D119/><U121/><E34/><V131/><F131/><W90/><G73/><T89/><D99/><U24/><E1/><V8/><F30/><W122/><G122/><T11/><D11/><U127/><E121/><V92/><F23/><W35/><G55/><T12/><D12/><U113/><E24/><V62/><F62/><W79/><G14/><T40/><D54/><U66/><E113/><V38/><F15/><W93/><REACH who="3" step="1"/><G95/><REACH who="3" ten="234,276,174,306" step="2"/><N who="0" m="54711" /><D132/><U26/><E13/><V84/><F8/><W2/><G2/><T29/><D129/><U60/><E127/><V18/><F9/><W125/><G125/><N who="2" m="48233" /><F18/><W5/><G5/><T80/><D29/><U4/><E4/><V134/><F134/><W25/><G25/><T104/><D27/><U117/><E117/><V3/><F3/><W16/><G16/><T118/><D28/><U97/><E26/><V81/><F75/><W120/><G120/><T74/><D118/><U58/><E17/><V42/><F38/><W49/><G49/><T110/><D104/><U43/><E103/><AGARI ba="0,1" hai="32,33,35,61,64,70,79,83,85,88,90,93,96,103" machi="103" ten="40,3900,0" yaku="1,1,54,1,53,0" doraHai="37" doraHaiUra="112" who="3" fromWho="1" sc="234,0,276,-39,174,0,306,49" /><INIT seed="3,1,0,5,5,18" ten="234,237,174,355" oya="3" hai0="76,124,16,55,49,107,4,31,51,72,119,134,117" hai1="132,135,39,128,82,106,102,41,80,92,61,75,6" hai2="83,108,9,123,45,24,84,47,70,122,97,7,35" hai3="46,10,131,63,34,56,74,0,26,30,98,88,116"/><W126/><G116/><T90/><D107/><U65/><E128/><V62/><F108/><W79/><G131/><T105/><D105/><U71/><E92/><V20/><F35/><W113/><G113/><T109/><D4/><U42/><E42/><V48/><F97/><W87/><G126/><T38/><D38/><U17/><E17/><V69/><F62/><W28/><G28/><T3/><D3/><U103/><E103/><V78/><F69/><W100/><G46/><T19/><D31/><U21/><E21/><V60/><F60/><W91/><G74/><T5/><D5/><U81/><E6/><V29/><F70/><W13/><G0/><T118/><D90/><U133/><E41/><V33/><F33/><W95/><G79/><T54/><D124/><U121/><E39/><V2/><REACH who="2" step="1"/><F47/><REACH who="2" ten="234,237,164,355" step="2"/><W125/><G125/><T86/><D109/><U73/><E121/><V37/><F37/><W15/><G63/><T23/><D119/><U43/><E43/><AGARI ba="1,1" hai="2,7,9,20,24,29,43,45,48,78,83,84,122,123" machi="43" ten="40,2600,0" yaku="1,1,52,1,53,0" doraHai="18" doraHaiUra="8" who="2" fromWho="1" sc="234,0,237,-29,164,39,355,0" /><INIT seed="4,0,0,4,3,42" ten="234,208,203,355" oya="0" hai0="43,89,92,103,44,7,121,82,93,135,13,71,91" hai1="19,108,81,87,75,16,57,95,77,41,62,24,73" hai2="48,59,76,123,61,38,36,107,4,126,116,46,84" hai3="65,39,64,34,6,2,32,128,15,55,51,83,60"/><T115/><D121/><U33/><E108/><V98/><F123/><W113/><G39/><T94/><D71/><U101/><E41/><V22/><F126/><W56/><G2/><T3/><D3/><U114/><E114/><V72/><F72/><W80/><G128/><T1/><D1/><U30/><E75/><V49/><F49/><W90/><G65/><T5/><D135/><U9/><E9/><V67/><F4/><N who="0" m="1610" /><D103/><U20/><E73/><V117/><F22/><W26/><G26/><T10/><D82/><U112/><E112/><V28/><F28/><W31/><G31/><T96/><D96/><N who="1" m="59551" /><E33/><V18/><F18/><W104/><G83/><T23/><D23/><U109/><E109/><V11/><F98/><W8/><G104/><T58/><D58/><U69/><E69/><V125/><F11/><W118/><G118/><N who="2" m="45673" /><F107/><W68/><G113/><T120/><D120/><U119/><E119/><V53/><F125/><W131/><G131/><T12/><D115/><U79/><E79/><V47/><F84/><W133/><G133/><T106/><D106/><U27/><E27/><V14/><F14/><N who="0" m="5738" /><D10/><U134/><E134/><V100/><F100/><W78/><G68/><T29/><D29/><U99/><E99/><V0/><F0/><W54/><G32/><T17/><D17/><U105/><E105/><V63/><F76/><W37/><G34/><T129/><D129/><U124/><E124/><V111/><F111/><W66/><G78/><T50/><AGARI ba="0,0" hai="43,44,50,89,91,92,93,94" m="5738,1610" machi="50" ten="30,3000,0" yaku="8,1,52,1" doraHai="42" who="0" fromWho="0" sc="234,30,208,-10,203,-10,355,-10" /><INIT seed="4,1,0,5,0,91" ten="264,198,193,345" oya="0" hai0="54,84,52,48,126,44,38,119,117,39,111,36,133" hai1="128,6,26,70,67,93,103,134,101,15,69,135,87" hai2="109,78,96,62,76,7,21,32,60,65,80,55,61" hai3="42,116,122,56,29,115,57,129,131,51,88,92,75"/><T5/><D5/><U95/><E128/><V37/><F32/><W113/><G75/><T110/><D84/><U120/><E120/><V40/><F109/><N who="0" m="41482" /><D133/><N who="1" m="50699" /><E67/><V19/><F7/><W12/><G116/><N who="0" m="44619" /><D126/><U127/><E127/><V46/><F55/><AGARI ba="1,0" hai="36,38,39,44,48,52,54,55" m="44619,41482" machi="55" ten="40,12000,1" yaku="10,1,34,2,54,1" doraHai="91" who="0" fromWho="2" sc="264,123,198,0,193,-123,345,0" /><INIT seed="4,2,0,4,2,15" ten="387,198,70,345" oya="0" hai0="60,25,79,73,123,18,32,50,70,90,108,72,17" hai1="21,34,111,88,87,83,22,132,49,42,12,38,80" hai2="44,134,65,23,69,124,125,7,46,39,84,36,62" hai3="86,6,120,28,103,122,2,92,101,61,109,127,81"/><T76/><D123/><U10/><E111/><V29/><F84/><W114/><G109/><T9/><D108/><U33/><E132/><V110/><F7/><W35/><G114/><T58/><D73/><U99/><E38/><N who="2" m="14379" /><F23/><N who="1" m="8713" /><E34/><V78/><F78/><N who="0" m="29738" /><D70/><U26/><E33/><V16/><F29/><W1/><G127/><N who="2" m="48713" /><F110/><W93/><G28/><T37/><D37/><U40/><E26/><V56/><F16/><N who="0" m="6250" /><D32/><U126/><E80/><V52/><F134/><W3/><G81/><T30/><D72/><U4/><E126/><V14/><F14/><W51/><G35/><T20/><D9/><U96/><E49/><AGARI ba="2,0" hai="44,46,49,52,56,62,65,69" m="48713,14379" machi="49" ten="30,7700,0" yaku="18,1,34,2,54,1" doraHai="15" who="2" fromWho="1" sc="387,0,198,-83,70,83,345,0" /><INIT seed="5,0,0,4,3,29" ten="387,115,153,345" oya="1" hai0="96,22,76,124,40,133,97,46,14,72,5,116,104" hai1="43,3,83,135,45,38,109,53,59,56,69,123,57" hai2="80,94,90,66,126,121,19,129,15,101,11,28,58" hai3="48,113,119,77,103,73,50,108,93,117,37,30,67"/><U99/><E3/><V44/><F121/><W65/><G37/><T75/><D116/><U35/><E35/><V92/><F126/><W112/><G108/><T24/><D124/><U17/><E123/><V100/><F129/><W70/><G30/><T64/><D64/><N who="3" m="24649" /><G70/><T78/><D104/><U102/><E83/><V107/><F107/><W131/><G131/><T16/><D75/><U42/><E69/><V34/><F34/><W26/><G26/><T105/><D72/><U86/><E109/><V54/><F28/><W25/><G25/><T62/><D62/><U6/><E6/><V132/><F132/><W79/><G93/><N who="2" m="35945" /><F66/><W130/><G103/><T7/><D105/><U31/><E31/><V125/><F125/><W84/><G73/><T89/><D133/><U82/><E135/><V68/><F68/><W98/><G98/><N who="0" m="37995" /><D89/><N who="1" m="51415" /><E38/><V122/><F122/><W88/><G130/><T32/><D32/><U33/><E33/><V2/><F2/><W47/><G79/><N who="0" m="30251" /><D24/><U106/><E106/><V55/><F90/><W87/><G77/><T120/><D120/><U81/><E81/><V63/><F80/><N who="3" m="49159" /><G87/><T127/><D127/><U13/><E99/><V27/><F27/><W95/><G95/><T4/><D4/><U36/><E102/><V115/><F101/><W8/><G119/><T134/><D134/><U128/><E128/><V1/><F100/><W110/><G110/><T85/><D85/><U20/><E36/><V39/><F39/><W91/><G117/><T0/><D0/><U52/><E45/><V51/><F1/><W23/><G47/><T10/><D10/><RYUUKYOKU ba="0,0" sc="387,10,115,10,153,10,345,-30" hai0="5,7,14,16,22,40,46" hai1="13,17,20,42,43,52,53,56,57,59" hai2="11,15,19,44,51,54,55,58,63,115" /><INIT seed="5,1,0,2,5,80" ten="397,125,163,315" oya="1" hai0="102,107,67,40,97,99,87,113,134,61,13,44,38" hai1="100,72,126,6,63,82,66,119,14,32,49,48,41" hai2="30,29,18,91,62,129,1,46,22,79,112,36,123" hai3="115,28,94,74,70,55,65,2,110,92,84,68,53"/><U20/><E119/><V108/><F123/><W17/><G74/><T131/><D131/><U128/><E32/><V88/><F108/><W54/><G2/><T118/><D118/><U75/><E126/><V83/><F1/><W111/><G28/><T39/><D39/><U85/><E128/><V93/><F129/><W116/><G116/><T19/><D134/><U59/><E100/><V98/><F112/><W133/><G115/><T124/><D124/><U109/><E109/><V106/><F106/><W23/><G133/><T5/><D5/><U77/><E49/><V69/><F91/><W45/><G45/><T60/><D99/><U121/><E121/><V9/><F9/><W0/><G0/><T50/><D38/><U105/><E105/><V120/><F120/><W73/><G73/><T16/><D19/><U21/><E75/><V12/><F69/><W10/><G10/><T31/><D31/><U90/><E41/><V117/><F117/><W125/><G125/><T34/><D34/><U127/><E127/><V52/><F36/><W37/><G37/><T64/><D87/><N who="1" m="48591" /><E48/><N who="2" m="28695" /><F62/><N who="0" m="24170" /><D113/><U86/><E72/><V56/><F56/><W71/><G111/><T135/><D135/><U78/><E78/><V114/><F114/><W51/><G110/><T89/><D89/><U27/><E90/><V95/><F95/><W58/><G51/><T15/><D107/><U33/><E33/><V4/><F4/><W122/><G122/><T103/><D50/><U11/><E21/><V76/><F76/><W42/><G71/><T101/><D44/><U8/><E11/><V26/><F79/><RYUUKYOKU ba="1,0" sc="397,-10,125,30,163,-10,315,-10" hai1="6,8,14,20,27,59,63,66,85,86" /><INIT seed="5,2,0,0,5,35" ten="387,155,153,305" oya="1" hai0="33,10,87,8,115,72,7,61,134,23,2,62,54" hai1="127,51,57,30,91,25,81,125,82,41,135,34,19" hai2="27,118,65,80,106,104,123,6,45,32,120,89,56" hai3="9,84,86,122,67,74,94,55,105,90,121,48,116"/><U1/><E135/><V68/><F118/><W126/><G74/><T20/><D134/><U129/><E129/><V88/><F68/><W22/><G105/><T77/><D33/><U26/><E1/><V117/><F117/><W75/><G75/><T31/><D72/><U101/><E101/><V28/><F45/><W39/><G39/><T114/><D87/><U44/><E57/><V97/><F6/><W53/><G116/><T99/><D77/><U66/><E66/><V124/><F124/><N who="1" m="47689" /><E91/><V113/><F113/><N who="0" m="43018" /><D99/><U63/><E63/><N who="0" m="24073" /><D31/><N who="1" m="19823" /><E19/><V98/><F89/><W110/><G90/><T60/><D10/><U29/><E26/><V85/><F98/><W15/><G9/><T42/><D42/><U100/><E100/><V70/><F106/><W18/><G126/><T107/><D107/><U103/><E103/><V111/><F104/><W47/><G122/><T24/><D24/><U4/><E4/><V0/><F97/><W64/><G121/><T46/><D46/><U95/><E95/><V3/><F120/><W11/><G94/><T37/><D37/><U102/><E102/><V43/><F43/><W73/><G11/><T132/><D132/><U93/><E93/><V36/><F123/><W78/><G47/><T40/><D40/><U69/><E69/><V71/><F36/><W49/><G78/><T14/><D2/><N who="2" m="554" /><F71/><W5/><G5/><T76/><D76/><U59/><E59/><AGARI ba="2,0" hai="7,8,14,20,23,54,59,60" m="24073,43018" machi="59" ten="30,1000,0" yaku="15,1" doraHai="35" who="0" fromWho="1" sc="387,16,155,-16,153,0,305,0" /><INIT seed="6,0,0,0,3,15" ten="403,139,153,305" oya="2" hai0="56,9,99,27,121,116,38,76,7,51,128,74,59" hai1="134,28,2,37,102,68,24,22,98,103,105,75,133" hai2="35,88,52,65,40,44,80,46,6,127,23,58,77" hai3="91,32,8,135,78,119,63,122,55,16,109,1,104"/><V45/><F35/><W43/><G32/><T69/><D38/><U114/><E114/><V5/><F127/><W54/><G104/><T60/><D69/><U81/><E2/><V14/><F65/><W93/><G109/><T89/><D121/><U39/><E102/><V85/><F77/><W111/><G135/><N who="1" m="51722" /><E68/><V50/><F40/><W71/><G119/><T49/><D27/><U92/><E105/><V57/><F57/><W112/><G111/><T107/><D49/><U70/><E70/><V36/><F36/><N who="1" m="13897" /><E81/><V82/><F82/><W48/><G112/><T110/><D76/><U100/><E100/><V13/><F13/><W72/><G71/><T20/><D74/><AGARI ba="0,0" hai="22,24,28,74,75,92,98,103" m="13897,51722" machi="74" ten="30,1000,0" yaku="20,1" doraHai="15" who="1" fromWho="0" sc="403,-10,139,10,153,0,305,0" /><INIT seed="7,0,0,2,3,115" ten="393,149,153,305" oya="3" hai0="91,89,5,88,125,30,66,65,87,92,86,122,57" hai1="64,2,116,110,48,58,82,23,8,47,132,93,49" hai2="119,85,135,7,62,19,17,51,63,109,96,42,130" hai3="15,121,37,61,101,114,28,97,118,73,53,40,69"/><W22/><G121/><T55/><D122/><U13/><E110/><V78/><F109/><W44/><G114/><T68/><D68/><U112/><E112/><V77/><F119/><W29/><G73/><T71/><D71/><U83/><E116/><V70/><F70/><W20/><G118/><T36/><D36/><U100/><E132/><V90/><F135/><W72/><G72/><T16/><D5/><N who="1" m="3215" /><E2/><V95/><F7/><W113/><G113/><T10/><D30/><U1/><E1/><V4/><F4/><W99/><G99/><T6/><D6/><U43/><E23/><V74/><F74/><W12/><G22/><T105/><D105/><U11/><E11/><V75/><F75/><W128/><G128/><T3/><D3/><U24/><E24/><V33/><F33/><W129/><G129/><T52/><D125/><U41/><E64/><N who="0" m="24681" /><D57/><U94/><E100/><V31/><F31/><W14/><G20/><T103/><D103/><U133/><E133/><V35/><F35/><W131/><G131/><T126/><D126/><U34/><E34/><V117/><F117/><W81/><G81/><N who="1" m="30730" /><E41/><V50/><F130/><W102/><G102/><T9/><D9/><U98/><E98/><V18/><F96/><W21/><G21/><T27/><D27/><U124/><E124/><V106/><F106/><N who="3" m="63791" /><G69/><T104/><D104/><U46/><E46/><V38/><F38/><W59/><G28/><T76/><D76/><N who="2" m="29290" /><F42/><W32/><G29/><T84/><D92/><U134/><E134/><V56/><F56/><W108/><G32/><T60/><D60/><AGARI ba="0,0" hai="17,18,19,50,51,60,62,63,85,90,95" m="29290" machi="60" ten="30,1000,0" yaku="8,1" doraHai="115" who="2" fromWho="0" sc="393,-10,149,0,153,10,305,0" owari="383,48.0,149,-35.0,163,-24.0,305,11.0" /></mjloggm>