<mjloggm ver="2.3"><GO type="97" lobby="0"/><UN n0="%33%46%52%45%45%5A%45" n1="%6B%6F%2D%73%68%69%72%6F" n2="%E3%83%8F%E3%83%83%E3%82%B9%E3%83%AB%E3%82%BF%E3%82%A4%E3%83%A0" n3="%E5%B0%B1%E6%B4%BB%E7%94%9F%40%E5%B7%9D%E6%9D%91%E8%BB%8D%E5%9B%A3" dan="14,15,13,14" rate="1933.05,1945.99,1848.92,1996.96" sx="M,M,M,M"/><TAIKYOKU oya="0"/><INIT seed="0,0,0,3,1,65" ten="250,250,250,250" oya="0" hai0="56,60,110,29,114,49,116,115,122,37,58,19,123" hai1="9,130,74,39,34,103,10,48,126,21,47,69,105" hai2="82,133,85,55,111,27,40,2,35,26,108,75,44" hai3="13,20,68,101,46,104,81,8,86,129,0,98,67"/><T131/><D29/><U102/><E130/><V127/><F55/><W51/><G129/><T76/><D131/><U31/><E126/><V50/><F127/><W97/><G0/><T124/><D37/><U22/><E74/><V80/><F2/><W95/><G20/><T113/><D76/><U119/><E119/><V132/><F82/><W71/><G67/><T6/><D6/><U12/><E39/><V53/><F53/><W57/><G57/><T17/><D49/><U121/><E121/><V54/><F54/><N who="3" m="30071" /><G98/><T135/><D124/><U100/><E105/><V109/><F75/><W28/><G28/><T117/><D60/><U5/><E69/><V107/><F107/><W23/><G23/><N who="1" m="8714" /><E34/><V112/><F112/><W66/><G66/><T63/><D63/><U36/><E36/><V18/><F18/><N who="0" m="6666" /><D56/><U83/><E31/><V16/><F16/><W38/><G38/><T84/><D58/><U99/><E83/><V73/><F73/><W64/><G64/><T72/><D72/><U24/><E99/><V43/><F35/><W3/><G3/><T41/><D41/><N who="1" m="24687" /><E10/><V88/><REACH who="2" step="1"/><F43/><REACH who="2" ten="250,250,240,250" step="2"/><W4/><G104/><T1/><D1/><U32/><E32/><V93/><F93/><W25/><G25/><AGARI ba="0,1" hai="5,9,12,24,25,100,102,103" m="24687,8714" machi="25" ten="30,1000,0" yaku="8,1" doraHai="65" who="1" fromWho="3" sc="250,0,250,20,240,0,250,-10" /><AGARI ba="0,0" hai="25,26,27,40,44,50,80,85,88,108,109,111,132,133" machi="25" ten="50,6400,0" yaku="1,1,14,1,54,1,53,0" doraHai="65" doraHaiUra="30" who="2" fromWho="3" sc="250,0,270,0,240,64,240,-64" /><INIT seed="1,0,0,5,1,13" ten="250,270,304,176" oya="1" hai0="53,112,93,98,46,52,88,51,44,5,45,80,31" hai1="60,19,124,39,12,133,110,92,59,4,34,89,22" hai2="118,11,106,43,114,76,2,126,78,102,99,71,72" hai3="35,64,26,20,27,61,135,79,86,94,3,0,109"/><U116/><E116/><V32/><F71/><W123/><G123/><T9/><D112/><U30/><E39/><V97/><F118/><W56/><G109/><T128/><D128/><U75/><E75/><V50/><F32/><W132/><G35/><T84/><D31/><U18/><E110/><V57/><F114/><W49/><G49/><T119/><D119/><U130/><E130/><V66/><F72/><W42/><G42/><T70/><D70/><U90/><E133/><V103/><F126/><W122/><G122/><T121/><D121/><U16/><E124/><V134/><F134/><N who="3" m="51243" /><G26/><T95/><D53/><N who="1" m="33903" /><E34/><V1/><F1/><W117/><G117/><T14/><REACH who="0" step="1"/><D93/><REACH who="0" ten="240,270,304,176" step="2"/><U33/><E33/><V55/><F43/><W113/><G113/><T104/><D104/><U85/><E30/><V28/><F28/><N who="3" m="17511" /><G94/><T25/><D25/><N who="1" m="14535" /><E89/><AGARI ba="0,1" hai="5,9,14,44,45,46,51,52,80,84,88,89,95,98" machi="89" ten="30,8000,1" yaku="1,1,7,1,8,1,54,2,53,0" doraHai="13" doraHaiUra="115" who="0" fromWho="1" sc="240,90,270,-80,304,0,176,0" /><INIT seed="2,0,0,2,4,68" ten="330,190,304,176" oya="2" hai0="94,128,26,107,125,57,84,121,0,40,29,120,42" hai1="96,79,62,75,3,92,20,9,21,36,105,66,73" hai2="97,41,47,91,132,124,1,38,100,114,32,102,23" hai3="129,35,17,18,61,110,11,109,10,93,14,71,16"/><V13/><F114/><W133/><G35/><T49/><D107/><U7/><E105/><V116/><F116/><W122/><G71/><T24/><D0/><U130/><E130/><V54/><F1/><W69/><G69/><T25/><D128/><U74/><E79/><V63/><F32/><W4/><G129/><T37/><D29/><U58/><REACH who="1" step="1"/><E36/><REACH who="1" ten="330,180,304,176" step="2"/><V45/><F132/><W89/><G133/><T39/><D121/><U80/><E80/><V34/><F124/><W98/><G122/><T115/><D125/><U65/><E65/><V72/><F72/><W85/><G61/><T67/><D120/><U135/><E135/><V56/><F34/><W31/><G31/><T43/><D115/><U6/><E6/><V131/><F131/><W134/><G134/><T15/><D39/><U99/><E99/><V52/><F45/><W60/><G60/><T119/><D37/><U108/><E108/><N who="3" m="41578" /><G98/><T86/><D119/><U22/><E22/><V112/><F112/><W12/><AGARI ba="0,1" hai="4,10,11,12,14,16,17,18,85,89,93" m="41578" machi="12" ten="30,2000,0" yaku="14,1,54,1" doraHai="68" who="3" fromWho="3" sc="330,-5,180,-5,304,-10,176,30" /><INIT seed="3,0,0,4,1,62" ten="325,175,294,206" oya="3" hai0="41,83,80,11,108,50,18,107,94,70,79,111,5" hai1="54,56,13,60,72,96,75,17,64,133,28,89,44" hai2="121,4,131,106,53,24,47,16,9,102,58,37,85" hai3="73,100,3,2,104,49,12,55,130,45,105,101,61"/><W21/><G73/><T59/><D107/><U97/><E133/><V90/><F121/><W92/><G130/><T95/><D70/><U122/><E122/><V8/><F131/><W23/><G3/><T1/><D18/><U82/><E28/><V33/><F106/><W27/><G2/><T65/><D83/><U119/><E119/><V99/><F37/><W48/><G61/><N who="0" m="38079" /><D50/><U68/><E72/><V57/><F47/><W118/><G118/><T30/><D30/><U74/><E74/><V26/><F33/><W38/><G38/><T32/><D32/><U69/><E69/><V63/><F57/><W103/><G92/><T117/><D41/><U10/><E75/><V15/><F102/><W22/><G12/><T112/><D117/><U87/><E68/><V20/><F99/><W110/><G110/><N who="0" m="42027" /><D112/><U115/><E115/><V98/><F9/><W67/><G27/><T124/><D124/><U0/><E0/><V81/><REACH who="2" step="1"/><F98/><REACH who="2" ten="325,175,284,206" step="2"/><W39/><G104/><T46/><D46/><U116/><E116/><V31/><F31/><W78/><G105/><T135/><D135/><U86/><E86/><AGARI ba="0,1" hai="1,5,11,79,80,86,94,95" m="42027,38079" machi="86" ten="30,2000,0" yaku="14,1,52,1" doraHai="62" who="0" fromWho="1" sc="325,30,175,-20,284,0,206,0" owari="355,45.0,155,-34.0,284,8.0,206,-19.0" /></mjloggm>