<mjloggm ver="2.3"><GO type="41" lobby="0"/><UN n0="%E5%B0%B1%E6%B4%BB%E7%94%9F%40%E5%B7%9D%E6%9D%91%E8%BB%8D%E5%9B%A3" n1="%73%69%67%65%31%31%31%39" n2="%6B%75%2D%66%75%6B%75" n3="%E5%8D%97%E6%B5%A6%E6%95%B8%E7%B5%B5" dan="15,14,13,14" rate="1921.67,1964.34,1806.81,1952.66" sx="M,M,M,F"/><TAIKYOKU oya="0"/><INIT seed="0,0,0,4,1,7" ten="250,250,250,250" oya="0" hai0="96,123,56,31,49,23,121,127,64,110,51,113,77" hai1="40,35,92,124,128,15,119,118,66,83,98,102,84" hai2="116,60,29,132,50,21,5,57,11,95,26,103,32" hai3="105,6,71,24,19,18,78,135,89,37,126,134,75"/><T9/><D113/><U30/><E128/><V68/><F116/><W12/><G71/><T65/><D77/><U88/><E124/><V111/><F111/><W86/><G37/><T34/><D34/><U62/><E40/><V1/><F132/><N who="3" m="50731" /><G126/><T63/><D110/><U22/><E35/><V61/><F68/><W10/><G105/><T47/><D127/><U93/><E93/><V0/><F0/><W129/><G129/><T85/><D64/><U74/><E74/><V114/><F114/><W46/><G46/><T39/><D39/><U120/><E120/><V112/><F112/><W106/><G106/><T42/><D85/><U101/><E101/><V4/><F5/><W67/><G67/><T100/><D49/><U108/><E108/><V91/><F103/><W38/><G38/><T53/><D42/><U76/><E76/><V16/><F50/><W99/><G99/><T36/><D36/><U55/><E55/><V52/><F32/><W13/><G24/><T73/><D73/><U115/><E115/><V133/><F133/><W90/><G6/><T28/><D28/><U81/><E81/><V82/><F82/><N who="3" m="47447" /><G75/><T33/><D33/><U20/><E20/><AGARI ba="0,0" hai="10,12,13,18,19,20,89,90" m="47447,50731" machi="20" ten="30,2000,0" yaku="20,1,52,1" doraHai="7" who="3" fromWho="1" sc="250,0,250,-20,250,0,250,20" /><INIT seed="1,0,0,3,1,84" ten="250,230,250,270" oya="1" hai0="127,96,118,44,28,120,65,0,79,9,53,129,111" hai1="75,38,50,21,29,5,37,41,98,101,48,17,131" hai2="110,77,119,59,115,132,128,86,85,69,49,45,89" hai3="105,56,1,58,121,8,78,62,66,87,125,2,82"/><U123/><E75/><V100/><F119/><W71/><G121/><T94/><D111/><U22/><E123/><V74/><F110/><W55/><G105/><T124/><D118/><U126/><E38/><V7/><F69/><W52/><G125/><T18/><D120/><U108/><E37/><V109/><F109/><W133/><G133/><T34/><D129/><U99/><E108/><V54/><F132/><W23/><G23/><T63/><D79/><U64/><E131/><V91/><F128/><W46/><G46/><T60/><D34/><U113/><E113/><V3/><F115/><W19/><G19/><T42/><D28/><U106/><E126/><V68/><F68/><W12/><G12/><T67/><D18/><U114/><E114/><V102/><F74/><W70/><G66/><T6/><D53/><U14/><E64/><V81/><F3/><W122/><G122/><T39/><D65/><U24/><E5/><V73/><F7/><W47/><G47/><T57/><REACH who="0" step="1"/><D60/><REACH who="0" ten="240,230,250,270" step="2"/><U104/><E41/><V130/><F130/><W135/><G135/><T13/><D13/><U40/><E40/><V11/><F11/><W72/><G1/><T134/><D134/><U30/><E29/><V97/><F45/><W92/><G2/><T31/><D31/><U4/><E4/><V35/><F35/><W103/><G62/><T117/><D117/><U80/><E80/><V90/><REACH who="2" step="1"/><F102/><AGARI ba="0,1" hai="0,6,9,39,42,44,57,63,67,94,96,102,124,127" machi="102" ten="40,2600,0" yaku="1,1,53,1" doraHai="84" doraHaiUra="43" who="0" fromWho="2" sc="240,36,230,0,250,-26,270,0" /><AGARI ba="0,0" hai="14,17,21,22,24,30,48,50,98,99,101,102,104,106" machi="102" ten="40,2000,0" yaku="9,1" doraHai="84" who="1" fromWho="2" sc="276,0,230,20,224,-20,270,0" /><INIT seed="1,1,0,4,1,111" ten="276,250,204,270" oya="1" hai0="102,127,105,110,104,65,76,38,62,1,120,23,2" hai1="46,61,114,3,99,34,45,98,44,77,41,128,74" hai2="79,28,54,72,101,43,51,10,90,52,81,123,122" hai3="11,118,25,68,106,78,39,116,115,17,4,126,113"/><U13/><E3/><V134/><F134/><W87/><G68/><T66/><D23/><U71/><E34/><V93/><F123/><W30/><G39/><T56/><D66/><U84/><E114/><N who="3" m="43530" /><G87/><T50/><D50/><U57/><E74/><V29/><F122/><W49/><G49/><T97/><D105/><U32/><E32/><V22/><F101/><W63/><G78/><T112/><D112/><U109/><E71/><V75/><F72/><W35/><G63/><T6/><D120/><U70/><E70/><V86/><F10/><W9/><G106/><T26/><D110/><U117/><E117/><N who="3" m="45162" /><G126/><T73/><D127/><U47/><E128/><V96/><F75/><W59/><G59/><T89/><D89/><U40/><N who="1" m="11776" /><DORA hai="107" /><U135/><E135/><V14/><F51/><W19/><G11/><T130/><D130/><U21/><E109/><V60/><F43/><N who="1" m="16457" /><E84/><V67/><F67/><W103/><G103/><T91/><D91/><U16/><E77/><V15/><F60/><W36/><G36/><T55/><D55/><AGARI ba="1,0" hai="13,16,21,55,57,61,98,99" m="16457,11776" machi="55" ten="40,3900,0" yaku="8,1,54,1" doraHai="111,107" who="1" fromWho="0" sc="276,-42,250,42,204,0,270,0" /><INIT seed="1,2,0,2,5,118" ten="234,292,204,270" oya="1" hai0="73,50,100,6,37,36,79,129,92,95,56,87,91" hai1="109,89,43,105,40,10,124,98,72,24,125,22,115" hai2="97,106,101,80,45,31,27,86,25,15,59,81,108" hai3="99,82,57,7,96,63,32,17,55,102,127,0,19"/><U123/><E72/><V65/><F108/><W110/><G32/><T28/><D129/><U126/><E115/><V94/><F45/><W29/><G29/><T132/><D132/><U112/><E112/><V78/><F80/><W66/><G110/><T77/><D6/><U68/><E68/><V14/><F106/><W122/><G122/><T131/><D28/><N who="1" m="17431" /><E109/><V8/><F27/><W107/><G127/><N who="1" m="32514" /><U67/><DORA hai="54" /><E67/><V114/><F8/><W88/><G66/><T18/><D131/><U21/><E21/><N who="2" m="15791" /><F114/><W119/><G119/><T134/><D134/><U74/><E74/><V113/><F113/><W51/><G51/><T111/><D111/><U52/><E10/><V1/><F1/><W128/><G128/><T84/><D18/><U46/><E123/><V62/><AGARI ba="2,0" hai="14,15,59,62,65,78,81,86,94,97,101" m="15791" machi="62" ten="30,4000,0" yaku="25,1,8,1,52,1" doraHai="118,54" who="2" fromWho="2" sc="234,-12,292,-22,204,46,270,-12" /><INIT seed="2,0,0,4,5,62" ten="222,270,250,258" oya="2" hai0="90,23,102,41,123,12,37,56,24,89,109,105,113" hai1="76,8,54,18,74,82,51,67,87,94,84,126,93" hai2="96,57,2,127,118,44,53,133,66,42,85,21,75" hai3="106,1,45,0,110,59,36,35,117,32,55,86,15"/><V61/><F75/><W103/><G117/><T116/><D109/><U30/><E126/><V132/><F118/><W100/><G110/><T80/><D123/><U47/><E74/><V38/><F127/><W119/><G119/><T114/><D37/><U70/><E87/><V95/><F2/><W27/><G86/><T6/><D41/><U3/><E3/><V120/><F120/><W122/><G122/><T92/><D116/><U14/><REACH who="1" step="1"/><E30/><REACH who="1" ten="222,260,250,258" step="2"/><V26/><F85/><W50/><G0/><T104/><D56/><U20/><E20/><V48/><F133/><W17/><G59/><T43/><D43/><U97/><E97/><V52/><F132/><W72/><G72/><T4/><D23/><U124/><E124/><V88/><REACH who="2" step="1"/><F38/><REACH who="2" ten="222,260,240,258" step="2"/><W60/><G1/><T129/><D80/><U34/><E34/><V128/><F128/><W125/><G32/><T134/><D129/><U69/><E69/><V83/><F83/><W81/><G35/><T99/><D134/><U112/><E112/><V7/><F7/><W121/><G81/><T91/><D113/><U131/><E131/><V135/><F135/><W13/><G36/><T33/><D114/><U79/><E79/><V101/><F101/><W77/><G77/><T19/><D4/><U49/><E49/><V71/><F71/><W46/><G50/><T98/><D6/><U28/><E28/><AGARI ba="0,2" hai="21,26,28,42,44,48,52,53,57,61,66,88,95,96" machi="28" ten="30,18000,2" yaku="1,1,7,1,8,1,52,1,54,2,53,0" doraHai="62" doraHaiUra="73" who="2" fromWho="1" sc="222,0,260,-180,240,200,258,0" /><INIT seed="2,1,0,2,4,127" ten="222,80,440,258" oya="2" hai0="93,134,108,11,65,85,97,125,119,98,117,36,29" hai1="12,113,57,128,133,20,70,62,76,18,109,39,89" hai2="90,55,60,69,80,72,92,9,21,19,58,105,4" hai3="96,52,49,66,131,107,0,51,15,116,73,100,106"/><V30/><F105/><W63/><G0/><T25/><D36/><U50/><E113/><V45/><F69/><W67/><G116/><T64/><D108/><U37/><E109/><V71/><F71/><W102/><G73/><T118/><D125/><U94/><E70/><V135/><F135/><W26/><G26/><T46/><D134/><U27/><E133/><V77/><F30/><W40/><G40/><T68/><D11/><U104/><E104/><V6/><F9/><W91/><G15/><T22/><D46/><U61/><E39/><V28/><F28/><W5/><G5/><T17/><D29/><N who="1" m="17639" /><E37/><V59/><F58/><W23/><G23/><T103/><D68/><U82/><E50/><V53/><F45/><W101/><G101/><T114/><D114/><U34/><E34/><V120/><F120/><W88/><G96/><T124/><D124/><U87/><E128/><V38/><F38/><W3/><G3/><T13/><D25/><U129/><E129/><V41/><F41/><W132/><G132/><T8/><D22/><N who="1" m="11591" /><E57/><V86/><F55/><W44/><G44/><T126/><D126/><U81/><E81/><V54/><F54/><W31/><G31/><T14/><D14/><AGARI ba="1,0" hai="4,6,14,19,21,53,59,60,72,77,80,86,90,92" machi="14" ten="30,1500,0" yaku="7,1" doraHai="127" who="2" fromWho="0" sc="222,-18,80,0,440,18,258,0" /><INIT seed="2,2,0,2,0,27" ten="204,80,458,258" oya="2" hai0="83,118,81,12,36,93,37,96,114,101,104,87,41" hai1="38,45,73,49,5,39,132,129,111,1,7,92,2" hai2="8,9,89,65,105,79,44,20,109,32,68,113,98" hai3="58,35,80,59,57,88,31,67,84,91,3,60,30"/><V120/><F113/><W112/><G35/><T94/><D41/><U76/><E111/><V46/><F120/><W51/><G3/><T13/><D37/><U53/><E132/><V127/><F109/><W43/><G112/><T70/><D36/><U11/><E129/><V15/><F32/><W42/><G91/><T17/><D70/><U21/><E5/><V4/><F127/><W115/><G115/><T119/><D17/><U66/><E1/><V108/><F108/><W130/><G130/><T82/><D12/><U64/><E38/><V24/><F79/><W78/><G78/><T63/><D13/><U86/><E39/><V75/><F75/><W10/><G10/><T23/><D63/><U85/><E73/><V100/><F8/><W125/><G125/><T97/><D23/><U48/><E48/><V99/><F68/><W135/><G135/><T19/><D19/><U71/><E71/><V123/><F65/><W103/><G103/><T124/><D124/><U47/><E47/><V77/><F77/><W14/><G14/><T33/><D33/><U55/><E55/><V34/><F34/><W121/><G121/><T116/><D114/><U18/><E86/><V126/><F123/><W26/><G26/><T62/><D62/><U106/><E106/><V74/><F74/><W69/><REACH who="3" step="1"/><G43/><REACH who="3" ten="204,80,458,248" step="2"/><T90/><REACH who="0" step="1"/><D104/><REACH who="0" ten="194,80,458,248" step="2"/><U107/><E107/><V128/><F126/><W52/><G52/><T102/><AGARI ba="2,2" hai="81,82,83,87,90,93,94,96,97,101,102,116,118,119" machi="102" ten="30,16000,3" yaku="1,1,2,1,0,1,9,1,12,1,34,3,53,0" doraHai="27" doraHaiUra="117" who="0" fromWho="0" sc="194,186,80,-42,458,-82,248,-42" /><INIT seed="3,0,0,2,3,128" ten="380,38,376,206" oya="3" hai0="113,129,34,116,95,97,101,80,32,108,87,9,21" hai1="119,33,93,46,48,88,111,66,2,25,62,64,44" hai2="75,86,10,69,30,3,55,104,132,83,50,8,28" hai3="42,89,100,52,120,124,59,20,121,61,6,7,1"/><W27/><G124/><T118/><D32/><U40/><E2/><V58/><F69/><W122/><G100/><T76/><D34/><U135/><E119/><V11/><F104/><W45/><G1/><T54/><D9/><U110/><E33/><V125/><F3/><W5/><G89/><T81/><D54/><U85/><E135/><V102/><F132/><W63/><G63/><T130/><D21/><U68/><E66/><V103/><F75/><W126/><G126/><T109/><D113/><U77/><E25/><V51/><F125/><W0/><G0/><T98/><D98/><U38/><REACH who="1" step="1"/><E77/><REACH who="1" ten="380,28,376,206" step="2"/><V117/><F117/><N who="0" m="45162" /><D80/><U24/><E24/><V82/><F83/><W91/><G120/><T56/><D56/><U112/><E112/><V107/><F82/><W65/><G65/><T133/><D133/><U26/><E26/><V53/><F58/><W123/><G123/><T18/><D18/><U17/><E17/><V94/><F30/><W29/><REACH who="3" step="1"/><G91/><REACH who="3" ten="380,28,376,196" step="2"/><T23/><D23/><U127/><E127/><V105/><F103/><W12/><G12/><T90/><D90/><U15/><E15/><V67/><F67/><W47/><G47/><T114/><D114/><U70/><E70/><V84/><F102/><W19/><G19/><T41/><D130/><U71/><E71/><V16/><F16/><W22/><G22/><T78/><D129/><U115/><E115/><V96/><F28/><W72/><G72/><T99/><D78/><U106/><E106/><V39/><F107/><W60/><G60/><T31/><D76/><U37/><E37/><AGARI ba="0,2" hai="5,6,7,20,27,29,37,42,45,52,59,61,121,122" machi="37" ten="40,3900,0" yaku="1,1,54,1,53,0" doraHai="128" doraHaiUra="79" who="3" fromWho="1" sc="380,0,28,-39,376,0,196,59" owari="380,47.0,-11,-51.0,376,18.0,255,-14.0" /></mjloggm>