<mjloggm ver="2.3"><GO type="97" lobby="0"/><UN n0="%E3%82%80%E3%81%8B%E3%81%8D%E3%82%93" n1="%E3%83%AC%E3%82%A4%E3%82%A8%E3%82%B9" n2="%E5%B0%B1%E6%B4%BB%E7%94%9F%40%E5%B7%9D%E6%9D%91%E8%BB%8D%E5%9B%A3" n3="%54%40%4B%79%6F%79%61" dan="13,15,15,14" rate="1951.64,1963.02,2028.96,1961.35" sx="M,M,M,M"/><TAIKYOKU oya="0"/><INIT seed="0,0,0,4,1,99" ten="250,250,250,250" oya="0" hai0="36,29,105,67,116,71,84,44,16,118,63,73,126" hai1="72,11,110,26,48,12,122,61,34,85,7,39,83" hai2="65,104,31,47,55,109,68,120,49,13,111,62,19" hai3="133,56,70,101,17,40,38,103,131,10,23,89,127"/><T119/><D29/><U100/><E39/><V5/><F104/><W98/><G70/><T43/><D73/><U91/><E122/><V45/><F120/><W14/><G38/><T20/><D84/><U69/><E110/><N who="2" m="41995" /><F31/><W9/><G133/><T102/><D126/><U24/><E72/><V30/><F30/><W74/><G74/><T27/><REACH who="0" step="1"/><D119/><REACH who="0" ten="240,250,250,250" step="2"/><U87/><E85/><V15/><F5/><W50/><G127/><T115/><D115/><U96/><E87/><V81/><F81/><W57/><G131/><T114/><D114/><U75/><E83/><V112/><F112/><W108/><G108/><T0/><D0/><U58/><E75/><V93/><F19/><W128/><G128/><T78/><D78/><U95/><E34/><V80/><F80/><W25/><G10/><T21/><D21/><U3/><E3/><V32/><F32/><W6/><G89/><T82/><D82/><U113/><E91/><V22/><F22/><W124/><G124/><T28/><D28/><U8/><E11/><V76/><F76/><W1/><G1/><T125/><D125/><U90/><E90/><V121/><F121/><W42/><G9/><T35/><D35/><U33/><E33/><V106/><F15/><W79/><G14/><T46/><D46/><U134/><E113/><V77/><F13/><W59/><G79/><T4/><D4/><U37/><E7/><V41/><F77/><W129/><G6/><T18/><D18/><U52/><E8/><V117/><F117/><W53/><G129/><T97/><AGARI ba="0,1" hai="16,20,27,36,43,44,63,67,71,97,102,105,116,118" machi="97" ten="30,11700,0" yaku="1,1,0,1,52,1,54,1,53,0" doraHai="99" doraHaiUra="132" who="0" fromWho="0" sc="240,127,250,-39,250,-39,250,-39" /><INIT seed="0,1,0,0,3,72" ten="367,211,211,211" oya="0" hai0="1,2,53,115,74,77,37,11,118,56,35,105,3" hai1="113,123,121,100,132,28,36,18,0,80,44,104,15" hai2="82,20,81,16,122,135,10,70,71,114,32,117,89" hai3="13,48,99,38,103,63,41,58,93,14,110,61,45"/><T101/><D118/><U84/><E0/><V54/><F122/><W39/><G110/><T112/><D35/><U108/><E108/><V92/><F32/><W68/><G68/><T116/><D116/><U59/><E28/><V43/><F117/><W42/><G63/><T133/><D56/><U87/><E132/><V78/><F114/><W126/><G126/><T111/><D53/><U50/><E59/><V33/><F33/><W60/><G60/><T49/><D49/><U6/><E6/><V40/><F135/><W57/><G57/><T120/><D133/><U55/><E36/><V26/><F71/><W29/><G48/><T109/><D37/><U69/><E69/><V30/><F70/><W47/><REACH who="3" step="1"/><G29/><REACH who="3" ten="367,211,211,201" step="2"/><T17/><D120/><U31/><E123/><V21/><F54/><AGARI ba="1,1" hai="13,14,38,39,41,42,45,47,54,58,61,93,99,103" machi="54" ten="30,7700,0" yaku="1,1,2,1,7,1,9,1,53,0" doraHai="72" doraHaiUra="86" who="3" fromWho="2" sc="367,0,211,0,211,-80,201,90" /><INIT seed="1,0,0,5,1,29" ten="367,211,131,291" oya="1" hai0="130,59,21,122,68,67,87,55,20,31,73,99,36" hai1="82,61,108,40,84,125,39,120,57,105,69,52,118" hai2="89,76,109,56,100,60,64,62,32,110,117,42,127" hai3="86,91,28,11,81,49,19,9,95,126,5,103,45"/><U66/><E120/><V46/><F117/><W135/><G135/><T0/><D0/><U74/><E74/><V107/><F76/><W98/><G126/><T4/><D73/><U23/><E118/><V10/><F127/><W102/><G28/><T78/><D36/><U94/><E105/><V7/><F89/><W90/><G11/><T14/><D122/><U44/><E23/><V70/><F100/><W53/><G5/><T13/><D68/><U128/><E125/><V133/><F107/><W119/><G119/><T134/><D67/><U65/><E128/><V106/><F106/><W47/><G47/><T132/><D99/><U18/><E18/><V114/><F114/><W24/><G24/><T16/><D87/><U111/><E94/><V2/><F133/><N who="0" m="51306" /><D78/><N who="1" m="46167" /><E69/><V43/><F32/><W48/><G48/><N who="0" m="31207" /><D31/><U58/><E58/><V101/><F101/><W6/><REACH who="3" step="1"/><G19/><REACH who="3" ten="367,211,131,281" step="2"/><N who="0" m="10351" /><D4/><U116/><E116/><V22/><F22/><W112/><G112/><T38/><D38/><U96/><E96/><V15/><F2/><AGARI ba="0,1" hai="2,6,9,45,49,53,81,86,90,91,95,98,102,103" machi="2" ten="30,7700,0" yaku="1,1,7,1,53,2" doraHai="29" doraHaiUra="97" who="3" fromWho="2" sc="367,0,211,0,131,-77,281,87" /><INIT seed="2,0,0,0,3,113" ten="367,211,54,368" oya="2" hai0="62,91,71,99,80,82,84,25,75,26,118,94,36" hai1="77,21,23,27,9,50,81,59,60,102,5,122,35" hai2="22,108,128,58,6,32,79,19,29,68,96,30,135" hai3="101,54,11,87,28,95,15,66,17,110,85,31,49"/><V88/><F68/><W38/><G38/><T89/><D36/><U33/><E102/><V134/><F32/><W83/><G66/><T126/><D71/><U0/><E50/><V109/><F79/><W39/><G39/><T73/><D62/><U4/><E4/><V125/><F6/><W104/><G104/><T16/><D126/><U93/><E93/><N who="2" m="56359" /><F125/><W1/><G1/><T103/><D118/><U70/><E70/><V92/><F92/><W57/><G110/><N who="2" m="42601" /><F58/><W18/><G18/><T42/><D42/><U123/><E35/><V74/><F74/><W112/><G112/><T129/><D129/><U119/><E33/><V8/><F8/><W55/><G101/><T61/><D61/><U132/><E60/><V56/><F56/><N who="3" m="32847" /><G95/><T131/><D131/><U67/><E59/><V72/><F72/><W43/><G87/><N who="0" m="50407" /><D75/><U64/><E9/><V3/><F3/><W127/><G127/><T51/><D73/><U44/><E0/><V90/><F90/><W52/><G85/><T106/><D106/><U69/><E69/><V78/><F78/><W10/><G10/><T48/><D26/><U116/><E5/><V98/><F98/><W124/><G124/><T40/><D40/><U105/><E105/><V53/><F53/><W2/><G43/><T100/><D100/><U34/><E34/><V76/><F76/><W114/><G55/><T120/><D120/><U133/><E123/><V107/><F107/><W86/><G2/><T117/><D103/><U63/><E122/><V47/><F47/><W14/><G52/><T97/><D97/><U111/><E44/><RYUUKYOKU ba="0,0" sc="367,0,211,0,54,0,368,0" /><INIT seed="3,1,0,4,5,73" ten="367,211,54,368" oya="3" hai0="16,63,85,102,129,0,87,116,28,134,11,88,36" hai1="56,48,17,94,110,123,34,1,114,90,130,58,22" hai2="91,125,33,132,64,15,41,62,42,59,19,83,100" hai3="18,39,96,112,3,6,107,52,74,25,76,14,55"/><W86/><G39/><T24/><D116/><U105/><E114/><V38/><F33/><W31/><G112/><T84/><D36/><U32/><E105/><V127/><F132/><W118/><G74/><T133/><D102/><U103/><E103/><V20/><F100/><W122/><G107/><T71/><D63/><U120/><E1/><V29/><F29/><W50/><G118/><T115/><D71/><U72/><E72/><V104/><F104/><W2/><G96/><T81/><D115/><U61/><E110/><V5/><F5/><W121/><G55/><T126/><D129/><U51/><E32/><V30/><F30/><W109/><G109/><T131/><D131/><U47/><E34/><V124/><F38/><W128/><G3/><T119/><D119/><U9/><E9/><V35/><F35/><W27/><G128/><T7/><D16/><U78/><E17/><V65/><F65/><W13/><G122/><T23/><REACH who="0" step="1"/><D126/><REACH who="0" ten="357,211,54,368" step="2"/><U69/><E130/><V101/><F101/><W97/><G18/><T66/><D66/><U44/><E69/><V79/><REACH who="2" step="1"/><F91/><REACH who="2" ten="357,211,44,368" step="2"/><W75/><G31/><T135/><AGARI ba="1,2" hai="0,7,11,23,24,28,81,84,85,87,88,133,134,135" machi="135" ten="30,7900,0" yaku="1,1,0,1,20,1,54,1,53,0" doraHai="73" doraHaiUra="113" who="0" fromWho="0" sc="357,102,211,-21,44,-21,368,-40" owari="459,56.0,190,-21.0,23,-48.0,328,13.0" /></mjloggm>