<mjloggm ver="2.3"><GO type="169" lobby="0"/><UN n0="%67%6F%75%73%69" n1="%E3%82%88%E3%81%A4%E3%81%B0%E3%81%A8%EF%BC%81" n2="%E3%81%93%E3%81%82%E3%81%8B%E3%82%8A" n3="%E3%82%A6%E3%83%AB%E3%83%88%E3%83%A9%E7%AB%8B%E7%9B%B4" dan="17,17,16,17" rate="2210.42,2150.25,2106.14,2213.47" sx="M,F,M,M"/><TAIKYOKU oya="0"/><INIT seed="0,0,0,0,0,110" ten="250,250,250,250" oya="0" hai0="39,40,5,14,58,71,75,101,93,37,54,72,24" hai1="52,132,130,77,32,92,36,15,117,83,19,123,43" hai2="64,0,8,108,56,91,94,6,89,87,53,48,96" hai3="102,121,135,79,74,51,124,57,45,63,29,128,113"/><T69/><D24/><U76/><E32/><V55/><F108/><W35/><G102/><T7/><D101/><U114/><E117/><V81/><REACH who="2" step="1"/><F48/><REACH who="2" ten="250,250,240,250" step="2"/><W13/><G51/><T78/><D39/><U23/><E36/><V80/><F80/><W106/><G121/><T90/><D37/><U41/><E83/><V84/><F84/><W33/><G74/><T67/><D72/><U3/><E123/><V112/><F112/><W47/><G113/><T30/><D75/><U125/><E114/><V88/><F88/><W99/><G79/><T119/><D78/><U11/><E77/><V17/><F17/><W103/><G103/><T122/><D90/><U22/><E19/><V12/><F12/><W38/><G13/><T62/><D14/><U25/><E15/><V2/><F2/><W34/><G38/><T49/><D122/><U10/><E3/><V60/><AGARI ba="0,1" hai="0,6,8,53,55,56,60,64,81,87,89,91,94,96" machi="60" ten="30,2000,0" yaku="1,1,0,1,53,0" doraHai="110" doraHaiUra="107" who="2" fromWho="2" sc="250,-10,250,-5,240,30,250,-5" /><INIT seed="1,0,0,2,5,78" ten="240,245,270,245" oya="1" hai0="127,108,25,124,68,70,104,97,123,26,88,89,115" hai1="40,11,49,118,74,134,34,73,92,23,52,48,107" hai2="114,79,83,77,1,20,109,19,30,10,22,64,9" hai3="116,0,102,85,57,110,38,76,36,6,117,132,5"/><U113/><E118/><N who="3" m="45674" /><G0/><T33/><D115/><U63/><E113/><V21/><F114/><W31/><G102/><N who="0" m="62543" /><D108/><U112/><E107/><V105/><F105/><W93/><G132/><T45/><D45/><U13/><E34/><V42/><F109/><W71/><G71/><N who="0" m="27179" /><D123/><U84/><E134/><V7/><F64/><W81/><G110/><T100/><D100/><U60/><E73/><V129/><F129/><W80/><G31/><N who="0" m="19695" /><D26/><U55/><E74/><V66/><F66/><W75/><G93/><T24/><D24/><U18/><E11/><V50/><F79/><N who="3" m="44159" /><G57/><T3/><D3/><U87/><E112/><V120/><F120/><W28/><G28/><T95/><D95/><U94/><E94/><V128/><F10/><W126/><G126/><AGARI ba="0,0" hai="88,89,124,126,127" m="19695,27179,62543" machi="126" ten="30,2000,0" yaku="18,1,54,1" doraHai="78" who="0" fromWho="3" sc="240,20,245,0,270,0,245,-20" /><INIT seed="2,0,0,1,2,125" ten="260,245,270,225" oya="2" hai0="57,91,116,37,34,4,20,124,33,43,103,38,129" hai1="2,61,106,90,76,51,133,44,122,47,13,134,71" hai2="69,21,79,64,126,115,58,45,131,135,130,66,6" hai3="112,42,25,48,19,128,74,96,14,97,107,46,89"/><V5/><F115/><W92/><G74/><T60/><D124/><U50/><E2/><V63/><F126/><W29/><G112/><T67/><D116/><U15/><E106/><V109/><F135/><N who="1" m="51721" /><E76/><V1/><F109/><W119/><G119/><T53/><D4/><N who="2" m="1642" /><F1/><W82/><G82/><T83/><D103/><U32/><E32/><V62/><F79/><W31/><G107/><T12/><D83/><U10/><E90/><V24/><F45/><N who="1" m="17481" /><E15/><V56/><F21/><W30/><G128/><N who="2" m="49193" /><F24/><W8/><G96/><T18/><D129/><U105/><E105/><V94/><F94/><W101/><G89/><T81/><D91/><U27/><E27/><AGARI ba="0,0" hai="8,14,19,25,27,29,30,31,42,46,48,92,97,101" machi="27" ten="40,1300,0" yaku="8,1" doraHai="125" who="3" fromWho="1" sc="260,0,245,-13,270,0,225,13" /><INIT seed="3,0,0,0,4,125" ten="260,232,270,238" oya="3" hai0="10,88,38,107,101,116,57,22,122,90,45,44,21" hai1="43,35,61,0,14,71,4,121,86,118,72,93,95" hai2="12,54,36,26,19,100,31,77,126,74,75,58,33" hai3="52,85,114,69,66,47,119,132,37,59,53,78,79"/><W17/><G119/><T120/><D116/><U60/><E72/><V109/><F36/><W113/><G132/><T63/><D10/><U135/><E35/><V129/><F126/><W28/><G28/><T91/><D101/><U106/><E106/><V112/><F112/><W27/><G79/><T62/><D107/><U48/><E0/><V2/><F2/><W110/><G27/><T8/><D8/><N who="1" m="4359" /><E71/><V46/><F109/><W64/><G17/><T56/><D91/><N who="1" m="53495" /><E121/><V23/><F100/><W81/><G110/><T16/><D38/><U76/><E76/><V55/><F77/><W99/><G99/><T3/><D3/><U124/><E135/><V6/><F6/><W34/><G34/><T102/><D102/><U11/><E11/><V97/><F97/><W13/><G69/><T105/><D105/><U51/><E124/><V15/><F75/><W70/><G70/><T104/><D104/><U49/><E43/><V20/><F74/><W68/><G68/><T103/><D103/><U131/><E118/><V80/><F33/><W111/><G111/><T117/><D117/><U84/><E131/><V40/><F129/><W73/><G73/><T42/><D42/><U7/><E7/><V50/><F80/><W65/><G13/><T18/><AGARI ba="0,0" hai="16,18,21,22,44,45,56,57,62,63,88,90,120,122" machi="18" ten="25,8000,1" yaku="0,1,22,2,54,2" doraHai="125" who="0" fromWho="0" sc="260,80,232,-20,270,-20,238,-40" /><INIT seed="4,0,0,3,5,91" ten="340,212,250,198" oya="0" hai0="79,58,99,119,27,95,114,43,65,113,25,11,75" hai1="3,13,56,131,85,125,16,60,45,49,53,120,29" hai2="15,26,82,105,22,116,132,77,42,76,106,62,127" hai3="12,110,54,98,7,8,124,104,30,117,33,80,129"/><T24/><D119/><U126/><E120/><V47/><F116/><W2/><G117/><T109/><D109/><U96/><E3/><V51/><F127/><W18/><G110/><T44/><D79/><U81/><E29/><V1/><F1/><W19/><G80/><T63/><D75/><U100/><E131/><V64/><F132/><W71/><G54/><T59/><D11/><U23/><E85/><V134/><F15/><W121/><G71/><T67/><D59/><U89/><E89/><V90/><F90/><W52/><G52/><T20/><D67/><U135/><E81/><V17/><F76/><W28/><G104/><T46/><D20/><U115/><E115/><N who="0" m="44041" /><D43/><U102/><E135/><V92/><F92/><W130/><G98/><T73/><D73/><U41/><REACH who="1" step="1"/><E102/><AGARI ba="0,0" hai="24,25,27,44,46,58,63,65,95,99,102" m="44041" machi="102" ten="30,2900,0" yaku="15,1,52,1" doraHai="91" who="0" fromWho="1" sc="340,29,212,-29,250,0,198,0" /><INIT seed="4,1,0,1,4,65" ten="369,183,250,198" oya="0" hai0="110,73,5,88,1,71,63,90,129,7,112,102,33" hai1="46,28,131,55,123,20,3,101,74,36,69,130,8" hai2="62,93,60,43,124,57,80,24,19,111,105,103,132" hai3="42,127,34,85,120,77,134,58,14,49,2,113,4"/><T94/><D33/><U100/><E74/><V6/><F111/><W86/><G2/><T117/><D73/><U87/><E123/><V56/><F124/><W61/><G34/><T27/><D117/><U114/><E69/><V115/><F115/><W98/><G113/><T82/><D112/><U78/><E114/><V89/><F132/><W97/><G134/><T31/><D129/><U109/><E109/><V118/><F118/><W104/><G104/><T67/><D110/><U17/><E28/><V107/><F43/><W40/><G127/><T23/><D82/><U26/><E36/><V84/><F6/><W70/><G70/><T81/><D1/><U38/><E38/><V72/><F72/><W54/><G85/><T50/><D50/><N who="1" m="29143" /><E8/><V91/><F103/><W44/><G42/><T30/><D30/><U64/><E64/><V12/><F24/><W125/><G125/><T96/><D81/><N who="1" m="47543" /><E3/><V83/><F107/><W15/><G120/><T22/><D22/><U79/><E79/><V21/><F105/><W18/><G77/><T10/><D10/><U16/><E17/><V35/><F35/><W126/><G126/><T119/><D119/><U25/><E26/><V37/><F37/><W52/><G4/><T133/><D133/><U41/><E41/><V11/><F11/><N who="3" m="6495" /><G40/><T32/><D32/><U48/><E48/><V9/><F9/><W122/><G122/><T128/><D128/><AGARI ba="1,0" hai="16,20,25,100,101,128,130,131" m="47543,29143" machi="128" ten="30,2000,0" yaku="19,1,54,1" doraHai="65" who="1" fromWho="0" sc="369,-23,183,23,250,0,198,0" /><INIT seed="5,0,0,5,2,22" ten="346,206,250,198" oya="1" hai0="129,47,83,76,10,81,52,53,65,98,37,5,32" hai1="59,71,56,110,87,78,82,89,7,1,97,15,118" hai2="102,73,41,104,39,127,108,36,96,0,13,72,122" hai3="20,66,101,24,106,92,90,9,109,58,86,6,105"/><U75/><E118/><V14/><F122/><W60/><G109/><T21/><D32/><U112/><E71/><V16/><F108/><W43/><G43/><T28/><D65/><U38/><E110/><V128/><F127/><W31/><REACH who="3" step="1"/><G101/><REACH who="3" ten="346,206,250,188" step="2"/><T63/><D129/><U135/><E112/><V100/><F100/><W123/><G123/><T55/><D63/><U79/><E135/><V30/><F128/><W67/><G67/><T117/><D117/><U91/><E38/><V61/><F39/><W134/><G134/><T50/><D37/><U40/><E40/><V3/><F41/><W4/><G4/><T85/><D53/><U49/><E49/><V17/><F102/><W46/><G46/><T29/><D55/><U124/><E124/><V26/><F36/><W23/><G23/><T95/><D21/><U64/><E64/><V70/><F61/><W103/><G103/><T130/><D130/><U126/><E126/><V11/><F104/><W62/><G62/><T120/><D120/><U8/><E75/><V35/><F72/><W113/><G113/><T27/><D52/><U119/><E119/><V12/><F73/><W34/><G34/><T51/><D50/><U88/><E1/><AGARI ba="0,1" hai="1,6,9,20,24,31,58,60,66,86,90,92,105,106" machi="1" ten="30,7700,0" yaku="1,1,7,1,52,1,53,1" doraHai="22" doraHaiUra="80" who="3" fromWho="1" sc="346,0,206,-77,250,0,188,87" /><INIT seed="6,0,0,2,0,118" ten="346,129,250,275" oya="2" hai0="46,84,124,58,74,43,127,76,82,115,128,32,56" hai1="26,63,79,37,3,91,55,70,95,132,14,72,40" hai2="90,101,64,59,68,66,97,131,133,129,77,112,17" hai3="106,67,35,88,21,13,83,100,69,29,39,31,44"/><V105/><F112/><W36/><G21/><T73/><D32/><U7/><E132/><V117/><F133/><W123/><G13/><T103/><D103/><U51/><E14/><V80/><F90/><W25/><G29/><T62/><D128/><N who="2" m="49226" /><F68/><W99/><G44/><T24/><D24/><U122/><E26/><V12/><F59/><N who="0" m="22570" /><D62/><U57/><E72/><N who="2" m="43047" /><F117/><W42/><G42/><T126/><D115/><U135/><E79/><V114/><F114/><W54/><G54/><T53/><D53/><U60/><E135/><V109/><F109/><W47/><G47/><T85/><D74/><U6/><E60/><V120/><F120/><W33/><G33/><T11/><D11/><AGARI ba="0,0" hai="11,12,17,64,66,97,101,105" m="43047,49226" machi="11" ten="30,1500,0" yaku="19,1" doraHai="118" who="2" fromWho="0" sc="346,-15,129,0,250,15,275,0" /><INIT seed="6,1,0,1,0,11" ten="331,129,265,275" oya="2" hai0="38,13,99,74,125,39,135,14,85,116,4,68,77" hai1="57,61,53,91,128,34,132,49,112,51,10,47,121" hai2="129,110,36,37,56,40,63,80,103,28,75,50,106" hai3="48,15,2,66,62,93,23,130,32,12,73,16,83"/><V86/><F129/><W108/><G32/><T26/><D68/><U70/><E34/><V60/><F110/><W104/><G104/><T58/><D74/><U122/><E91/><V134/><F75/><W18/><G2/><T105/><D4/><U44/><E10/><V52/><F134/><W100/><G108/><T9/><D9/><U117/><E117/><V120/><F120/><N who="1" m="46185" /><E132/><V42/><F28/><W19/><G130/><T27/><D58/><U35/><E35/><V97/><F40/><W118/><G118/><T114/><D125/><U22/><E22/><V41/><F41/><W29/><G73/><T30/><D39/><U59/><E128/><V0/><F0/><W55/><G83/><T96/><D105/><U94/><E94/><V111/><F111/><W46/><G29/><T43/><D43/><N who="1" m="24735" /><E112/><V131/><F131/><W79/><G79/><T115/><D38/><U126/><E126/><V123/><F123/><W107/><G107/><T72/><D77/><U133/><E133/><V3/><F3/><W31/><G31/><T21/><D21/><U25/><E25/><V65/><F42/><W92/><G23/><T98/><D30/><U101/><E101/><V89/><REACH who="2" step="1"/><F63/><REACH who="2" ten="331,129,255,275" step="2"/><W17/><N who="3" m="4096" /><DORA hai="81" /><W67/><G62/><T24/><D135/><U127/><E127/><V45/><AGARI ba="1,1" hai="36,37,45,50,52,56,60,65,80,86,89,97,103,106" machi="45" ten="20,12000,1" yaku="1,1,0,1,7,1,52,1,54,1,53,0" doraHai="11,81" doraHaiUra="109,5" who="2" fromWho="2" sc="331,-41,129,-41,255,133,275,-41" /><INIT seed="6,2,0,3,3,41" ten="290,88,388,234" oya="2" hai0="73,15,95,76,7,37,106,91,46,99,35,49,19" hai1="69,110,70,86,62,133,114,6,54,25,113,94,90" hai2="123,58,10,108,8,34,53,27,44,29,71,21,63" hai3="83,75,50,66,116,84,22,24,1,109,122,79,115"/><V31/><F123/><W92/><G122/><T107/><D35/><U56/><E110/><V33/><F108/><W17/><G116/><T98/><D37/><U51/><E133/><V9/><F71/><W130/><G109/><T125/><D125/><U30/><E6/><V61/><F61/><W11/><G130/><T88/><D7/><U81/><E113/><V112/><F112/><W121/><G121/><T43/><D76/><U82/><E114/><V40/><REACH who="2" step="1"/><F29/><REACH who="2" ten="290,88,378,234" step="2"/><W80/><G115/><T18/><D73/><U55/><E69/><V28/><F28/><W128/><G75/><T32/><D32/><U64/><E30/><V124/><F124/><W5/><G128/><T60/><D60/><U74/><E74/><V102/><F102/><W105/><G66/><T36/><D36/><AGARI ba="2,1" hai="8,9,10,21,27,31,33,34,36,40,44,53,58,63" machi="36" ten="40,3900,0" yaku="1,1,52,1,53,0" doraHai="41" doraHaiUra="65" who="2" fromWho="0" sc="290,-45,88,0,378,55,234,0" /><INIT seed="6,3,0,1,0,3" ten="245,88,433,234" oya="2" hai0="113,47,10,77,84,83,69,135,124,59,11,132,5" hai1="97,91,66,112,93,118,53,55,127,126,30,104,73" hai2="16,121,63,130,110,40,101,115,26,12,39,76,20" hai3="105,4,116,85,18,41,28,72,75,7,79,80,8"/><V54/><F121/><W81/><G105/><T82/><D69/><U37/><E37/><V17/><F115/><W13/><G116/><T94/><D113/><U133/><E118/><V70/><F130/><W19/><G28/><T102/><D124/><U22/><E112/><V65/><F110/><W74/><G41/><T25/><D25/><U92/><E133/><V38/><F40/><W48/><G48/><T29/><D29/><U103/><E73/><V1/><F1/><W117/><G117/><T50/><D11/><U111/><E111/><V58/><F76/><W131/><G131/><T21/><D21/><U67/><E104/><V122/><F101/><W134/><G134/><T96/><D83/><U60/><E67/><V32/><F32/><W99/><G99/><T33/><D33/><U51/><E51/><V123/><F122/><W108/><G108/><T129/><D59/><U49/><E49/><V128/><F128/><W120/><G120/><T43/><D129/><U52/><E93/><V56/><F70/><W68/><G68/><T35/><D35/><U95/><E95/><V57/><F57/><W89/><REACH who="3" step="1"/><G19/><REACH who="3" ten="245,88,433,224" step="2"/><T45/><REACH who="0" step="1"/><D45/><REACH who="0" ten="235,88,433,224" step="2"/><U9/><E126/><V109/><F123/><W46/><G46/><T14/><AGARI ba="3,2" hai="5,10,14,43,47,50,77,82,84,94,96,102,132,135" machi="14" ten="30,12000,2" yaku="1,1,2,1,0,1,25,2,52,1,53,1" doraHai="3" doraHaiUra="44" who="0" fromWho="0" sc="235,149,88,-33,433,-63,224,-33" /><INIT seed="7,0,0,5,4,74" ten="384,55,370,191" oya="3" hai0="133,20,95,64,70,115,23,44,2,45,54,103,84" hai1="11,105,37,100,48,55,12,6,116,129,62,31,38" hai2="134,29,19,28,4,72,9,132,22,25,63,130,0" hai3="36,81,87,98,127,8,114,75,119,113,58,42,1"/><W126/><G58/><T39/><D2/><U56/><E116/><V91/><F72/><W51/><G51/><T79/><D70/><U125/><E129/><V65/><F91/><W118/><G42/><T93/><D64/><U94/><E125/><N who="3" m="47626" /><G36/><T107/><D107/><U90/><E105/><V106/><F106/><W67/><G67/><T61/><D39/><U112/><E112/><N who="3" m="43114" /><G8/><T53/><D133/><N who="2" m="51306" /><F130/><W89/><G1/><T33/><D33/><U110/><E110/><V57/><AGARI ba="0,0" hai="0,4,9,19,22,25,28,29,57,63,65" m="51306" machi="57" ten="30,1100,0" yaku="20,1" doraHai="74" who="2" fromWho="2" sc="384,-3,55,-3,370,11,191,-5" owari="381,48.0,52,-45.0,381,18.0,186,-21.0" /></mjloggm>