<mjloggm ver="2.3"><GO type="225" lobby="0"/><UN n0="%E3%81%BE%E3%82%8A%E3%82%82%E2%98%86%E5%A4%AA%E9%83%8E" n1="%E3%83%88%E3%83%88%E3%83%AA%E5%85%88%E7%94%9F%31%39%E6%AD%B3" n2="%E5%85%88%E2%99%80%E7%94%9F" n3="%E3%83%A1%E3%82%AD%E3%83%AD%E3%82%B9" dan="16,16,16,17" rate="2141.06,2115.62,2119.05,2182.85" sx="M,F,F,M"/><TAIKYOKU oya="0"/><INIT seed="0,0,0,1,2,29" ten="250,250,250,250" oya="0" hai0="34,113,116,114,112,15,111,50,22,76,87,96,94" hai1="42,12,27,56,25,1,67,128,64,4,108,117,71" hai2="92,36,129,104,53,88,8,79,84,39,110,93,28" hai3="70,78,43,69,115,37,90,60,38,20,19,9,41"/><T11/><D116/><U7/><E117/><V31/><F104/><W100/><G115/><T6/><D22/><U75/><E75/><V95/><F110/><W98/><G78/><T133/><D133/><U48/><E1/><V14/><F129/><W2/><G90/><T3/><D111/><U5/><E108/><V46/><F79/><W89/><G89/><T121/><D121/><U83/><E71/><V26/><F39/><W109/><G109/><T134/><D134/><U61/><E128/><V82/><F26/><N who="1" m="9737" /><E83/><V85/><F85/><W120/><G120/><T40/><D3/><U54/><E12/><V118/><F118/><W16/><G38/><T57/><D34/><U125/><E125/><V99/><F99/><W33/><G33/><T127/><D127/><U17/><E17/><N who="3" m="6730" /><G20/><T97/><D94/><U101/><E101/><V0/><F0/><W58/><G37/><T131/><D131/><U32/><E32/><V23/><F23/><W10/><G70/><T51/><D51/><U72/><E72/><V106/><F106/><W102/><G69/><T132/><D132/><U86/><E86/><V130/><F130/><W62/><G102/><T47/><REACH who="0" step="1"/><D57/><REACH who="0" ten="240,250,250,250" step="2"/><U122/><E122/><V103/><F36/><W52/><G2/><T21/><D21/><U30/><E30/><V44/><F103/><W107/><G60/><T65/><D65/><U80/><E64/><V124/><F124/><W74/><G10/><T63/><D63/><U24/><N who="1" m="9745" /><U13/><DORA hai="119" /><E67/><V59/><F31/><W66/><G9/><T18/><D18/><U68/><E68/><RYUUKYOKU ba="0,1" sc="240,30,250,-10,250,-10,250,-10" hai0="6,11,15,40,47,50,76,87,96,97,112,113,114" /><INIT seed="0,1,1,3,0,35" ten="270,240,240,240" oya="0" hai0="23,33,109,117,2,131,114,55,66,36,99,14,28" hai1="47,6,107,83,8,43,103,85,22,108,82,110,129" hai2="64,130,1,69,95,78,5,91,50,27,39,76,54" hai3="59,104,58,81,21,80,88,25,73,20,79,41,46"/><T98/><D36/><U72/><E129/><V16/><F39/><W63/><G104/><T45/><D114/><U32/><E32/><V89/><F130/><W119/><G119/><T101/><D117/><U56/><E22/><N who="2" m="13767" /><F1/><W92/><G81/><T11/><D109/><N who="1" m="42091" /><E56/><N who="2" m="32855" /><F69/><W29/><G20/><T42/><D2/><N who="1" m="87" /><E72/><V51/><F5/><W113/><G113/><T127/><D33/><U132/><E132/><V10/><F10/><W0/><G0/><T106/><D131/><U134/><E134/><V105/><F105/><W65/><G59/><T120/><D106/><U18/><E18/><V68/><F68/><W75/><G73/><T40/><D11/><U87/><E103/><V60/><F51/><W61/><G63/><T70/><D101/><U52/><E107/><V96/><F60/><W115/><G115/><T4/><D70/><U118/><E52/><V93/><F64/><W48/><REACH who="3" step="1"/><G92/><REACH who="3" ten="270,240,240,230" step="2"/><T67/><D23/><U133/><E118/><V77/><F95/><W31/><G31/><T38/><D28/><U44/><E133/><V135/><F135/><W94/><G94/><T24/><D67/><U125/><E83/><V111/><F111/><W126/><G126/><T62/><D66/><U124/><E82/><V86/><F86/><N who="1" m="32777" /><E47/><V90/><AGARI ba="1,2" hai="76,77,78,89,90,91,93,96" m="32855,13767" machi="90" ten="30,2000,0" yaku="8,1,54,1" doraHai="35" who="2" fromWho="2" sc="270,-11,240,-6,240,43,230,-6" /><INIT seed="1,0,0,0,5,37" ten="259,234,283,224" oya="1" hai0="23,113,106,114,108,50,99,93,135,43,45,86,63" hai1="97,49,48,42,70,133,31,29,77,73,40,115,15" hai2="122,101,81,61,94,110,62,33,87,76,3,52,32" hai3="100,6,104,82,21,85,65,0,57,107,8,103,78"/><U90/><E115/><V89/><F122/><W112/><G112/><T71/><D108/><U58/><E70/><V20/><F3/><W2/><G2/><T38/><D135/><U5/><E133/><V111/><F101/><W134/><G134/><T17/><D106/><U54/><E73/><V47/><F20/><W96/><G21/><T28/><D28/><N who="1" m="10827" /><E77/><V53/><F62/><W55/><G65/><T34/><D34/><N who="2" m="13418" /><F47/><W19/><G19/><T124/><D124/><U35/><E35/><V102/><F61/><W27/><G27/><T44/><D86/><U105/><E105/><V26/><F26/><W131/><G131/><T51/><D63/><N who="1" m="36311" /><E97/><N who="2" m="59703" /><F76/><W79/><G78/><T18/><D71/><U109/><E90/><V83/><F83/><W4/><G104/><T30/><D113/><U120/><E120/><V66/><F66/><W60/><G103/><T14/><D114/><U69/><E69/><V123/><F123/><W91/><G79/><T56/><D30/><U117/><E117/><V92/><F81/><W118/><G118/><T80/><D80/><U16/><E5/><V84/><F84/><W10/><G6/><T116/><D116/><U121/><E121/><V59/><F111/><W64/><G64/><T130/><D130/><U127/><E109/><V36/><F110/><W98/><G98/><T22/><D56/><U1/><E1/><V125/><F59/><W72/><G72/><T25/><D45/><N who="1" m="25639" /><E127/><V11/><F125/><W12/><G0/><T88/><AGARI ba="0,0" hai="14,17,18,22,23,25,38,43,44,50,51,88,93,99" machi="88" ten="20,5200,0" yaku="0,1,7,1,52,1,54,1" doraHai="37" who="0" fromWho="0" sc="259,52,234,-26,283,-13,224,-13" /><INIT seed="2,0,0,3,1,87" ten="311,208,270,211" oya="2" hai0="97,116,12,52,66,93,65,20,34,0,115,70,109" hai1="114,110,67,21,85,57,15,35,89,113,14,17,121" hai2="54,102,41,64,86,88,18,105,100,132,94,3,10" hai3="37,78,77,4,130,75,13,56,123,44,32,71,38"/><V63/><F132/><W76/><G71/><T7/><D34/><U99/><E35/><V96/><F41/><W133/><G123/><T118/><D0/><U26/><E121/><V117/><F117/><N who="0" m="45162" /><D115/><U61/><E110/><V31/><F31/><W103/><G133/><T125/><D70/><U127/><E127/><V92/><F54/><W51/><G32/><T36/><D36/><U126/><E126/><V134/><F134/><W33/><G33/><T72/><D72/><U16/><E99/><V124/><F124/><W68/><G68/><T30/><D109/><U108/><E108/><V120/><F120/><W59/><G130/><T60/><D125/><U8/><E26/><V53/><F53/><W79/><G103/><N who="0" m="60847" /><D7/><U131/><REACH who="1" step="1"/><E131/><REACH who="1" ten="311,198,270,211" step="2"/><V95/><F96/><W6/><G75/><T23/><D30/><U122/><E122/><V119/><F119/><W69/><G38/><T40/><D40/><U58/><E58/><N who="2" m="36983" /><F105/><W22/><G69/><T84/><D84/><U135/><E135/><V91/><F86/><W62/><G37/><T107/><D107/><U42/><E42/><V28/><F102/><W106/><G106/><T73/><D73/><U104/><E104/><V2/><F100/><W83/><G56/><N who="0" m="34823" /><D12/><U80/><AGARI ba="0,1" hai="8,14,15,16,17,21,57,61,67,80,85,89,113,114" machi="80" ten="20,8000,1" yaku="1,1,0,1,7,1,52,1,54,1,53,0" doraHai="87" doraHaiUra="43" who="1" fromWho="1" sc="311,-20,198,90,270,-40,211,-20" /><INIT seed="3,0,0,2,5,123" ten="291,288,230,191" oya="3" hai0="20,47,86,1,97,42,83,121,12,133,69,62,54" hai1="2,25,75,110,11,95,84,60,65,122,34,103,26" hai2="21,64,35,125,59,85,50,135,52,23,66,57,48" hai3="120,72,6,4,13,131,15,113,44,38,30,22,18"/><W106/><G120/><T94/><D1/><U51/><E122/><V115/><F115/><W16/><G106/><T43/><D121/><U80/><E110/><V67/><F35/><W7/><G113/><T49/><D133/><U96/><E34/><V32/><F32/><W129/><G72/><T8/><D20/><N who="2" m="7754" /><F135/><W40/><REACH who="3" step="1"/><G30/><REACH who="3" ten="291,288,230,181" step="2"/><T33/><D33/><U10/><E75/><V24/><F125/><W41/><G41/><T126/><D126/><U45/><E26/><V100/><F24/><W91/><G91/><T116/><D43/><N who="1" m="25023" /><E25/><V99/><F100/><W5/><N who="3" m="1024" /><DORA hai="81" /><W118/><G118/><T74/><D42/><U119/><E119/><V58/><F99/><W14/><G14/><T9/><D74/><U0/><E0/><V53/><F85/><W134/><G134/><T109/><D12/><U68/><E2/><V29/><F29/><W73/><G73/><T3/><D116/><U92/><E96/><V27/><F27/><W78/><G78/><T82/><D3/><U76/><E103/><V108/><F108/><W128/><G128/><T93/><D97/><U130/><E130/><V124/><F124/><W63/><G63/><AGARI ba="0,1" hai="48,50,52,53,57,58,59,63,64,66,67" m="7754" machi="63" ten="30,2000,0" yaku="8,1,54,1" doraHai="123,81" who="2" fromWho="3" sc="291,0,288,0,230,30,181,-20" /><INIT seed="4,0,0,5,3,68" ten="291,288,260,161" oya="0" hai0="14,64,80,85,87,114,76,94,78,130,32,99,101" hai1="92,48,129,82,42,23,62,44,70,74,45,61,102" hai2="18,133,118,19,126,134,89,50,97,119,49,125,131" hai3="46,26,124,33,108,11,53,58,22,41,111,10,21"/><T79/><D32/><U24/><E129/><V30/><F97/><W47/><G33/><T84/><D130/><U60/><E74/><V83/><F131/><W65/><G65/><T5/><D114/><U93/><E70/><V69/><F83/><W20/><G124/><N who="2" m="47721" /><F89/><W16/><G108/><T7/><D64/><U37/><E82/><V55/><F30/><W107/><G107/><T104/><D104/><U117/><E117/><N who="2" m="44555" /><F69/><W86/><G111/><T34/><D34/><U132/><E132/><N who="2" m="50795" /><F50/><N who="3" m="31031" /><G86/><N who="0" m="33387" /><D14/><U27/><E102/><V72/><F72/><W2/><G2/><T12/><D12/><U52/><REACH who="1" step="1"/><E27/><REACH who="1" ten="291,278,260,161" step="2"/><V96/><F96/><W71/><G71/><T36/><D36/><U54/><E54/><V103/><F103/><W56/><G56/><AGARI ba="0,1" hai="18,19,49,55,56" m="50795,44555,47721" machi="56" ten="40,5200,0" yaku="18,1,12,1,20,1" doraHai="68" who="2" fromWho="3" sc="291,0,278,0,260,62,161,-52" owari="291,9.0,278,-12.0,322,42.0,109,-39.0" /></mjloggm>