<mjloggm ver="2.3"><GO type="225" lobby="0"/><UN n0="%E3%82%A4%E3%82%B5%E3%82%AD" n1="%6B%61%6D%6F%73%75%6B%65" n2="%E3%83%88%E3%83%88%E3%83%AA%E5%85%88%E7%94%9F%31%39%E6%AD%B3" n3="%E3%82%AB%E3%83%A9%E3%82%B9%E3%81%AE%E5%AD%90" dan="18,16,16,16" rate="2162.07,2186.14,2081.60,2123.48" sx="M,M,F,M"/><TAIKYOKU oya="0"/><INIT seed="0,0,0,2,4,122" ten="250,250,250,250" oya="0" hai0="123,24,91,127,53,18,57,63,36,85,12,112,86" hai1="125,96,134,107,48,131,27,74,80,87,133,105,46" hai2="47,56,64,100,40,37,67,29,95,101,8,34,110" hai3="69,3,103,14,130,81,135,45,89,92,128,59,108"/><T6/><D36/><U113/><E74/><V68/><F68/><W20/><G69/><T50/><D112/><U90/><E113/><V88/><F110/><W9/><G3/><T117/><D117/><U93/><E27/><V32/><F8/><W66/><G135/><N who="1" m="51722" /><E125/><V72/><F72/><W43/><G20/><T94/><D123/><U55/><E131/><N who="3" m="50218" /><G103/><AGARI ba="0,0" hai="46,48,55,80,87,90,93,96,103,105,107" m="51722" machi="103" ten="30,1000,0" yaku="20,1" doraHai="122" who="1" fromWho="3" sc="250,0,250,10,250,0,250,-10" /><INIT seed="1,0,0,1,1,65" ten="250,260,250,240" oya="1" hai0="34,107,37,119,105,48,100,12,8,47,21,101,91" hai1="90,99,94,27,115,84,7,38,68,81,121,104,44" hai2="108,42,130,9,75,24,40,46,45,131,2,51,74" hai3="0,25,5,49,3,86,95,35,92,56,50,63,29"/><U43/><E115/><V114/><F108/><W132/><G132/><T13/><D34/><U87/><E121/><V117/><F117/><W116/><G116/><T126/><D37/><U118/><E118/><V123/><F123/><W11/><G3/><T113/><D113/><U18/><E7/><N who="2" m="1271" /><F24/><W33/><G33/><T60/><D126/><U122/><E122/><V112/><F74/><W14/><G0/><T129/><D129/><N who="2" m="49162" /><F75/><W111/><G111/><T53/><D107/><U59/><E104/><V61/><F61/><W82/><G95/><T76/><D105/><U70/><E59/><V135/><F135/><W36/><G92/><T69/><D76/><U89/><REACH who="1" step="1"/><E99/><REACH who="1" ten="250,250,250,240" step="2"/><V97/><F97/><W32/><G35/><T1/><D119/><U83/><E83/><V96/><F96/><W71/><G71/><T67/><D1/><U77/><E77/><V19/><F112/><W28/><G82/><T106/><D106/><U88/><E88/><V54/><F114/><W16/><G56/><T58/><D91/><U85/><E85/><V26/><F46/><W4/><G86/><T103/><D69/><U20/><AGARI ba="0,1" hai="18,20,27,38,43,44,68,70,81,84,87,89,90,94" machi="20" ten="30,11700,0" yaku="1,1,0,1,52,2,53,0" doraHai="65" doraHaiUra="125" who="1" fromWho="1" sc="250,-39,250,127,250,-39,240,-39" /><INIT seed="1,1,0,0,0,52" ten="211,377,211,201" oya="1" hai0="70,27,114,119,4,107,127,54,92,95,100,0,8" hai1="30,20,47,33,24,76,40,56,16,112,111,43,98" hai2="113,118,121,11,89,82,69,26,66,94,106,9,28" hai3="22,73,110,21,124,125,93,80,64,45,65,129,90"/><U37/><E112/><V131/><F118/><W23/><G110/><T77/><D114/><U117/><E117/><V91/><F113/><W60/><G129/><T59/><D70/><U88/><E43/><V10/><F121/><W50/><G80/><T85/><D119/><U25/><E76/><V31/><F106/><W83/><G83/><T41/><D127/><N who="3" m="48713" /><G73/><T7/><D41/><U18/><E111/><V78/><F131/><W61/><G45/><T134/><D134/><U74/><E74/><V53/><F66/><N who="3" m="25707" /><G50/><T3/><D77/><U115/><E115/><V58/><F69/><W15/><G15/><T128/><D128/><U99/><E18/><V130/><F130/><W104/><G104/><T109/><D109/><U32/><E32/><V102/><F102/><W35/><G35/><T2/><D7/><U105/><E105/><V39/><F39/><W133/><G133/><T86/><D27/><U116/><E116/><V75/><F94/><W132/><G132/><T62/><D107/><U63/><REACH who="1" step="1"/><E88/><REACH who="1" ten="211,367,211,201" step="2"/><V101/><F101/><W5/><G5/><T126/><D126/><U55/><AGARI ba="1,1" hai="16,20,24,25,30,33,37,40,47,55,56,63,98,99" machi="55" ten="20,18000,2" yaku="1,1,2,1,0,1,7,1,52,1,54,1,53,0" doraHai="52" doraHaiUra="103" who="1" fromWho="1" sc="211,-61,367,193,211,-61,201,-61" /><INIT seed="1,2,0,2,0,102" ten="150,560,150,140" oya="1" hai0="135,36,38,116,121,40,59,56,91,114,132,17,22" hai1="80,99,2,11,4,30,33,107,120,122,96,85,129" hai2="16,103,95,78,54,104,5,119,98,109,1,9,43" hai3="74,71,39,49,8,57,130,113,90,55,52,0,51"/><U67/><E129/><V3/><F119/><W53/><G113/><T86/><D114/><U48/><E99/><V112/><F112/><W83/><G130/><T126/><D116/><U37/><E37/><N who="0" m="14441" /><D40/><U47/><E67/><V72/><F109/><W41/><G71/><T81/><D126/><U93/><E30/><V62/><F43/><W110/><G110/><T100/><D100/><U25/><E25/><V68/><F72/><W50/><G57/><T42/><D42/><U10/><E10/><V84/><F3/><W63/><G63/><T77/><D91/><U69/><E69/><V127/><F127/><W32/><G32/><T58/><D58/><U60/><E60/><V65/><F54/><W19/><G41/><T64/><D64/><U45/><E33/><V134/><F134/><N who="0" m="51242" /><D121/><U21/><E122/><V34/><F34/><W7/><G39/><T73/><D73/><U94/><E47/><V128/><F128/><W12/><G74/><T106/><D106/><U15/><E45/><V108/><F108/><W111/><G111/><T125/><D125/><U92/><E48/><V123/><F123/><W23/><REACH who="3" step="1"/><G51/><REACH who="3" ten="150,560,150,130" step="2"/><T101/><D59/><U76/><E120/><V70/><F70/><W46/><G46/><T14/><D56/><U27/><E2/><V28/><F68/><W29/><G29/><T6/><D6/><U31/><REACH who="1" step="1"/><E96/><REACH who="1" ten="150,550,150,130" step="2"/><V118/><F28/><W18/><G18/><T115/><D115/><U82/><E82/><N who="2" m="47191" /><F118/><W66/><G66/><T26/><D26/><U124/><E124/><V87/><F1/><W105/><G105/><AGARI ba="2,2" hai="4,11,15,21,27,31,76,80,85,92,93,94,105,107" machi="105" ten="40,7700,0" yaku="1,1,52,2,53,0" doraHai="102" doraHaiUra="13" who="1" fromWho="3" sc="150,0,550,103,150,0,130,-83" /><INIT seed="1,3,0,4,1,9" ten="150,653,150,47" oya="1" hai0="41,16,2,113,12,52,107,100,114,102,0,115,31" hai1="128,11,44,22,88,58,78,68,90,30,59,47,133" hai2="23,82,120,62,72,1,51,86,61,49,43,20,87" hai3="55,130,14,111,91,25,42,32,15,84,10,132,134"/><U37/><E68/><V8/><F120/><W129/><G42/><T69/><D69/><U66/><E37/><V93/><F72/><W89/><G10/><T95/><D107/><U116/><E116/><V117/><F117/><W124/><G111/><T97/><D102/><U109/><E109/><V67/><F1/><W106/><G106/><T103/><D103/><U127/><E133/><N who="3" m="51306" /><G55/><T26/><D41/><U75/><E75/><V74/><F74/><W19/><G91/><T65/><D65/><U105/><E105/><V53/><F8/><W101/><G101/><T73/><D73/><U99/><E78/><N who="2" m="46423" /><F67/><W110/><G110/><T13/><D52/><U3/><E66/><V123/><F123/><W39/><G39/><T6/><D6/><U76/><E76/><V48/><F43/><W85/><G85/><T18/><D0/><U92/><E3/><V135/><F135/><W34/><G124/><T70/><D2/><U104/><E127/><V7/><F7/><W118/><G118/><T4/><D70/><U56/><E11/><V96/><F87/><W38/><G38/><T29/><D4/><U121/><E104/><V40/><F40/><W71/><G71/><T54/><D54/><U24/><E90/><N who="2" m="55351" /><F53/><W33/><G19/><T57/><D57/><U77/><E77/><V64/><F64/><W131/><G25/><T63/><D26/><U21/><E121/><V80/><F80/><AGARI ba="3,0" hai="14,15,32,33,34,80,84,89,129,130,131" m="51306" machi="80" ten="40,8000,1" yaku="19,1,20,1,52,2" doraHai="9" who="3" fromWho="2" sc="150,0,653,0,150,-89,47,89" /><INIT seed="2,0,0,0,2,122" ten="150,653,61,136" oya="2" hai0="42,55,131,49,72,65,120,87,102,67,17,92,100" hai1="91,82,28,26,127,35,106,64,130,38,119,25,57" hai2="124,3,59,56,43,50,6,33,58,110,73,23,9" hai3="108,37,97,47,90,4,74,32,88,121,7,46,85"/><V44/><F73/><W63/><G121/><T21/><D72/><U10/><E106/><V5/><F33/><W19/><G74/><T95/><D42/><U105/><E38/><V62/><F124/><W99/><G32/><T36/><D36/><U112/><E105/><V107/><F107/><W78/><G78/><T52/><D131/><U129/><E119/><V79/><F79/><W71/><G71/><T70/><D55/><U68/><E68/><V93/><F110/><W34/><G34/><T75/><D75/><U113/><E26/><V109/><F109/><W11/><G108/><T86/><D70/><U116/><E10/><V13/><F93/><N who="3" m="56487" /><G37/><T41/><D41/><U66/><E127/><V94/><F6/><N who="3" m="2091" /><G99/><N who="0" m="59495" /><D86/><N who="1" m="50647" /><E116/><V14/><F94/><N who="3" m="54607" /><G63/><T24/><D120/><U128/><E57/><V96/><F96/><W22/><G11/><T115/><D115/><AGARI ba="0,0" hai="25,28,35,64,66,112,113,115,128,129,130" m="50647" machi="115" ten="40,1300,0" yaku="19,1" doraHai="122" who="1" fromWho="0" sc="150,-13,653,13,61,0,136,0" /><INIT seed="3,0,0,4,1,24" ten="137,666,61,136" oya="3" hai0="47,35,15,72,1,60,102,11,40,44,83,130,122" hai1="65,6,34,66,46,63,128,100,14,109,115,75,22" hai2="68,95,13,41,101,87,69,90,106,32,121,52,105" hai3="132,38,124,67,18,79,99,107,9,26,5,20,50"/><W64/><G38/><T80/><D35/><U135/><E75/><V25/><F121/><W3/><G132/><T88/><D1/><U94/><E115/><V108/><F108/><W61/><G124/><T51/><D72/><U2/><E2/><V96/><F41/><W56/><G79/><T111/><D130/><U119/><E34/><V37/><F37/><W89/><G50/><T110/><D60/><U57/><E109/><V54/><F105/><W92/><REACH who="3" step="1"/><G107/><REACH who="3" ten="137,666,61,126" step="2"/><T43/><D51/><U70/><E135/><V8/><F68/><W33/><G33/><T103/><D111/><U29/><E70/><V81/><F69/><W123/><G123/><T7/><D122/><U133/><E133/><V97/><F32/><W129/><G129/><T28/><D110/><U120/><E120/><V48/><F48/><W59/><G59/><T73/><D44/><U74/><E128/><V131/><F131/><W116/><G116/><T86/><D47/><U49/><E119/><V19/><REACH who="2" step="1"/><F25/><REACH who="2" ten="137,666,51,126" step="2"/><W21/><G21/><T16/><D43/><U58/><E58/><V45/><F45/><W78/><G78/><AGARI ba="0,2" hai="8,13,19,52,54,78,81,87,90,95,96,97,101,106" machi="78" ten="30,3900,0" yaku="1,1,7,1,54,1,53,0" doraHai="24" doraHaiUra="104" who="2" fromWho="3" sc="137,0,666,0,51,59,126,-39" owari="137,-6.0,666,76.0,110,-29.0,87,-41.0" /></mjloggm>