<mjloggm ver="2.3"><GO type="169" lobby="0"/><UN n0="%E9%9D%92%E3%83%99%E3%82%AC" n1="%E3%82%A6%E3%83%AB%E3%83%88%E3%83%A9%E7%AB%8B%E7%9B%B4" n2="%6F%6E%65%73%74%61%72" n3="%53%69%6D%6F%6F%6E" dan="16,16,16,17" rate="2032.94,2109.70,2134.08,2141.49" sx="F,M,M,M"/><TAIKYOKU oya="0"/><INIT seed="0,0,0,4,2,46" ten="250,250,250,250" oya="0" hai0="72,78,96,101,133,121,52,0,23,33,109,51,9" hai1="111,40,32,60,127,112,92,97,63,122,50,66,116" hai2="16,105,87,69,39,94,57,102,107,77,14,84,73" hai3="103,25,79,100,76,99,41,118,83,42,13,126,28"/><T47/><D33/><U2/><E122/><V48/><F69/><W67/><G118/><T110/><D121/><U61/><E2/><V108/><F39/><W114/><G114/><T5/><D133/><U95/><E32/><V54/><F108/><N who="0" m="41578" /><D23/><U82/><E116/><V130/><F130/><W74/><G126/><T31/><D31/><U30/><E127/><V120/><F120/><W34/><G79/><T119/><D119/><U88/><E112/><V37/><F37/><W93/><G67/><T27/><D27/><U71/><E30/><V56/><F73/><W58/><G58/><T104/><D78/><U85/><E111/><V20/><F57/><W123/><G123/><T91/><D91/><U15/><E15/><V35/><F35/><W64/><G64/><T24/><D24/><U11/><E11/><V3/><F3/><W86/><G103/><T18/><D18/><U59/><E71/><V7/><F7/><W38/><G38/><T113/><D113/><U90/><E82/><N who="2" m="47183" /><F102/><W44/><G13/><T29/><D29/><U45/><AGARI ba="0,0" hai="40,45,50,59,60,61,63,66,85,88,90,92,95,97" machi="45" ten="30,7900,0" yaku="0,1,8,1,52,1,54,1" doraHai="46" who="1" fromWho="1" sc="250,-39,250,79,250,-20,250,-20" /><INIT seed="1,0,0,2,0,38" ten="211,329,230,230" oya="1" hai0="57,45,7,81,31,3,91,51,110,95,28,65,32" hai1="121,105,130,122,63,29,132,80,42,127,126,55,119" hai2="24,35,79,58,76,98,111,72,12,36,48,116,67" hai3="73,118,21,5,34,113,9,52,123,124,8,102,78"/><U75/><E105/><V87/><F36/><W19/><G34/><T74/><D110/><U23/><E80/><V125/><F116/><W1/><G123/><T39/><D32/><U44/><E75/><V13/><F111/><W61/><G113/><T56/><D39/><N who="1" m="21599" /><E23/><V82/><F125/><N who="1" m="47625" /><E29/><V2/><F2/><W107/><G124/><T59/><D3/><U27/><E27/><V90/><F79/><W94/><G9/><T69/><D7/><U112/><E119/><V96/><F12/><W70/><G107/><T40/><D74/><U60/><E112/><V6/><F13/><W128/><G118/><T114/><D81/><U84/><E84/><V83/><F6/><W120/><G78/><T133/><D114/><U129/><E132/><V77/><F77/><W100/><G94/><T46/><D133/><U33/><E33/><V117/><F117/><W97/><G97/><T54/><D91/><U135/><E135/><V109/><F109/><W10/><G10/><T30/><D95/><U131/><E55/><N who="2" m="32103" /><F98/><W26/><G73/><T68/><REACH who="0" step="1"/><D65/><REACH who="0" ten="201,329,230,230" step="2"/><U22/><E22/><V66/><F96/><W106/><G106/><T4/><D4/><U53/><E53/><V134/><F134/><W49/><G52/><T25/><D25/><U17/><E17/><V88/><F90/><W71/><G19/><T104/><D104/><U14/><E14/><V47/><F35/><W41/><G26/><T99/><D99/><U18/><E18/><V15/><F24/><W37/><G21/><T64/><D64/><N who="2" m="24618" /><F15/><W62/><G1/><T16/><D16/><U43/><E130/><RYUUKYOKU ba="0,1" sc="201,15,329,-15,230,15,230,-15" hai0="28,30,31,40,45,46,51,54,56,57,59,68,69" hai2="47,72,76,82,83,87,88" /><INIT seed="2,1,1,5,0,3" ten="216,314,245,215" oya="2" hai0="36,131,28,133,35,6,60,5,74,91,63,82,8" hai1="95,42,57,62,129,46,15,105,102,20,128,116,1" hai2="110,67,72,114,76,56,44,108,11,25,134,40,88" hai3="117,34,123,68,118,103,130,10,112,77,55,83,127"/><V43/><F114/><W124/><G68/><T31/><D36/><U23/><E105/><V65/><F134/><W120/><G34/><T52/><D133/><U59/><E1/><V47/><F76/><W101/><G10/><T30/><D35/><U38/><E116/><N who="3" m="44650" /><G55/><T41/><D41/><N who="2" m="15946" /><F72/><N who="3" m="43431" /><G130/><N who="1" m="50282" /><E57/><V90/><F11/><W48/><G48/><T4/><D131/><U7/><E15/><V113/><F25/><W75/><G75/><T119/><D119/><U71/><E71/><V78/><F78/><W18/><G18/><T24/><D74/><U115/><E115/><V49/><F113/><W14/><G14/><N who="0" m="5383" /><D24/><U93/><E7/><N who="0" m="2569" /><D52/><N who="1" m="34151" /><E102/><N who="3" m="38922" /><G112/><T121/><D121/><AGARI ba="1,1" hai="120,121,123,124,127" m="38922,43431,44650" machi="121" ten="40,2600,0" yaku="34,2" doraHai="3" who="3" fromWho="0" sc="216,-29,314,0,245,0,215,39" /><INIT seed="3,0,0,2,2,35" ten="187,314,245,254" oya="3" hai0="103,93,105,50,32,135,76,96,23,18,29,123,41" hai1="15,83,22,48,68,110,77,20,51,133,5,127,131" hai2="128,71,75,42,28,64,30,115,59,65,21,111,46" hai3="27,94,9,89,132,11,60,108,8,114,124,102,38"/><W1/><G114/><T130/><D123/><U6/><E68/><V56/><F115/><W74/><G74/><T120/><D120/><U80/><E110/><V37/><F111/><W106/><G108/><T109/><D109/><U19/><E127/><V16/><F75/><W66/><G38/><T31/><D130/><U33/><E33/><V69/><F128/><W107/><G124/><T125/><D125/><U61/><E133/><V44/><F37/><W84/><G132/><T72/><D135/><U3/><E61/><V104/><F21/><W24/><G1/><T34/><D32/><U39/><E39/><V67/><F104/><W91/><G102/><T87/><D34/><U2/><E15/><V79/><F79/><W10/><N who="3" m="2048" /><DORA hai="117" /><W119/><G119/><T78/><D78/><U4/><E4/><V70/><F16/><W7/><G7/><T17/><D17/><U92/><E19/><V52/><F42/><W129/><G129/><T13/><D41/><U54/><E131/><V113/><F113/><W43/><G43/><T14/><D50/><U47/><E77/><V95/><F95/><N who="3" m="54695" /><G107/><T97/><D14/><U81/><E81/><V116/><F116/><W53/><G106/><T134/><D134/><U121/><E92/><V122/><F122/><W82/><G82/><N who="0" m="45319" /><D97/><U99/><E121/><V12/><F12/><W57/><G66/><T85/><D85/><AGARI ba="0,0" hai="24,27,53,57,60,85,91,94" m="54695,2048" machi="85" ten="40,2000,0" yaku="8,1" doraHai="35,117" who="3" fromWho="0" sc="187,-20,314,0,245,0,254,20" /><INIT seed="3,1,0,4,3,57" ten="167,314,245,274" oya="3" hai0="74,85,29,106,6,84,79,128,16,28,109,113,98" hai1="94,2,71,51,133,33,26,31,59,18,78,12,5" hai2="14,15,66,13,76,39,38,34,4,95,49,89,88" hai3="91,65,92,100,10,73,45,87,62,114,67,11,47"/><W69/><G114/><T83/><D6/><U43/><E71/><V40/><F34/><W35/><G73/><T86/><D109/><U61/><E133/><V102/><F4/><W46/><G35/><T70/><D70/><U110/><E110/><V81/><F66/><W111/><G111/><T25/><D113/><U132/><E132/><V99/><F49/><W54/><G67/><T63/><D128/><U103/><E78/><V7/><F7/><W52/><REACH who="3" step="1"/><G100/><REACH who="3" ten="167,314,245,264" step="2"/><T17/><D74/><U41/><E103/><V121/><F102/><W24/><G24/><T135/><D135/><U119/><E33/><V130/><F130/><W48/><G48/><T124/><D25/><U108/><E51/><V129/><F129/><W9/><AGARI ba="1,1" hai="9,10,11,45,46,47,52,54,62,65,69,87,91,92" machi="9" ten="30,11700,0" yaku="1,1,0,1,52,1,54,1,53,0" doraHai="57" doraHaiUra="125" who="3" fromWho="3" sc="167,-40,314,-40,245,-40,264,130" /><INIT seed="3,2,0,5,3,11" ten="127,274,205,394" oya="3" hai0="14,85,94,63,4,75,96,103,98,0,121,50,53" hai1="74,42,47,41,57,95,56,106,91,64,112,60,9" hai2="66,58,86,62,102,27,48,113,116,119,67,78,99" hai3="24,83,8,25,97,109,61,49,115,129,34,118,71"/><W73/><G115/><T3/><D75/><U134/><E106/><V30/><F113/><W31/><G118/><T35/><D35/><U104/><E104/><V124/><F124/><W17/><G129/><T90/><D121/><U128/><E74/><V133/><F133/><W81/><G109/><T131/><D131/><U10/><E112/><V52/><F86/><W76/><G97/><T93/><D63/><N who="1" m="37991" /><E134/><V72/><F78/><W77/><G49/><T125/><D125/><U127/><E127/><V40/><F40/><N who="1" m="15465" /><E47/><V33/><F72/><W70/><G61/><T87/><D3/><U130/><E130/><V37/><F67/><W16/><G73/><T6/><D0/><U23/><E23/><V88/><F37/><W82/><G34/><T110/><D110/><U26/><E26/><V105/><REACH who="2" step="1"/><F88/><REACH who="2" ten="127,274,195,394" step="2"/><W69/><G76/><T19/><D87/><N who="1" m="52735" /><E128/><V5/><F5/><W51/><G77/><T45/><REACH who="0" step="1"/><D85/><REACH who="0" ten="117,274,195,394" step="2"/><U123/><E123/><V38/><F38/><W120/><G120/><T65/><D65/><AGARI ba="2,2" hai="9,10,57,60,65" m="52735,15465,37991" machi="65" ten="30,1000,0" yaku="8,1" doraHai="11" who="1" fromWho="0" sc="117,-16,274,36,195,0,394,0" /><INIT seed="4,0,0,0,1,37" ten="101,310,195,394" oya="0" hai0="34,127,55,78,36,85,132,125,46,119,47,15,60" hai1="21,44,64,92,126,84,120,68,48,50,105,49,6" hai2="99,108,61,76,9,98,96,41,73,70,122,19,18" hai3="72,52,83,109,11,58,26,88,57,89,38,31,43"/><T59/><D34/><U13/><E105/><V107/><F122/><W67/><G109/><T20/><D119/><U80/><E120/><V93/><F108/><W91/><G72/><T5/><D132/><U28/><E126/><N who="0" m="48137" /><D36/><U82/><E64/><V16/><F107/><W106/><G106/><T54/><D55/><U42/><E68/><V86/><F73/><W14/><G43/><T29/><D29/><U102/><E82/><V56/><F70/><W100/><G38/><T77/><D20/><U114/><E114/><V117/><F117/><W1/><G1/><T33/><D33/><U74/><E74/><V0/><F41/><W134/><G134/><T90/><D5/><U101/><E28/><V133/><F133/><W94/><G67/><T23/><D23/><U51/><E92/><V24/><F24/><W3/><G26/><T116/><D15/><U22/><E22/><V113/><F113/><W130/><G31/><T128/><D128/><U81/><E81/><N who="2" m="47399" /><F0/><W17/><G130/><T123/><D123/><U7/><E7/><V71/><F71/><W65/><G3/><T30/><D30/><U129/><E129/><V124/><F124/><W8/><G8/><T39/><D39/><U103/><E21/><V12/><F93/><W2/><G2/><T115/><D115/><U79/><E50/><V62/><F56/><W66/><G58/><T95/><D116/><U40/><E40/><V25/><F25/><W45/><G83/><T104/><D104/><U111/><E111/><V131/><F131/><W118/><G118/><T27/><D27/><U75/><E75/><RYUUKYOKU ba="0,0" sc="101,10,310,10,195,10,394,-30" hai0="46,47,54,59,60,77,78,85,90,95" hai1="6,13,42,44,48,49,51,79,80,84,101,102,103" hai2="9,12,16,18,19,61,62,96,98,99" /><INIT seed="4,1,0,4,1,47" ten="111,320,205,364" oya="0" hai0="62,90,87,118,133,94,121,46,132,42,21,23,70" hai1="55,69,5,98,134,39,35,38,50,120,31,105,76" hai2="9,122,27,67,63,52,33,43,113,40,95,108,125" hai3="15,102,26,100,88,51,83,29,131,4,65,124,54"/><T13/><D121/><U17/><E120/><V7/><F122/><W73/><G124/><T101/><D118/><U114/><E5/><V32/><F108/><W48/><G131/><T123/><D123/><U111/><E111/><V84/><F125/><W86/><G73/><T12/><D101/><N who="3" m="39017" /><G54/><T80/><D70/><U20/><E31/><V10/><F113/><W81/><G65/><T64/><D80/><U112/><E35/><V97/><F84/><W45/><G45/><T116/><D116/><U6/><E6/><V99/><F67/><W103/><G103/><T68/><D13/><N who="1" m="9263" /><E105/><V28/><F33/><W104/><G104/><T58/><D68/><U1/><E1/><V24/><F24/><W16/><G83/><T82/><D82/><U93/><E76/><V11/><F7/><W79/><G79/><T66/><D66/><U91/><E134/><N who="0" m="51817" /><D12/><U75/><E75/><V53/><F99/><W106/><G106/><T115/><D115/><N who="1" m="44075" /><E69/><V3/><F3/><W34/><G34/><T107/><D107/><U96/><E96/><V74/><F74/><W25/><G4/><T89/><D89/><U37/><E37/><AGARI ba="1,0" hai="21,23,37,42,46,58,62,64,87,90,94" m="51817" machi="37" ten="30,1500,0" yaku="20,1" doraHai="47" who="0" fromWho="1" sc="111,18,320,-18,205,0,364,0" /><INIT seed="4,2,0,1,1,89" ten="129,302,205,364" oya="0" hai0="7,116,19,117,114,132,35,60,103,88,127,91,3" hai1="10,47,41,111,85,6,74,115,62,15,30,133,34" hai2="22,43,37,63,53,123,17,78,106,66,31,11,67" hai3="105,20,45,33,109,54,112,9,27,99,77,59,97"/><T83/><D35/><U21/><E74/><V76/><F106/><W119/><G33/><T64/><D103/><U0/><E111/><V125/><F123/><W28/><G109/><T82/><D114/><U98/><E133/><V122/><F122/><W108/><G119/><T101/><D101/><U24/><E98/><V95/><F31/><W49/><G112/><T2/><D132/><U23/><E115/><V120/><F120/><W86/><G105/><T126/><D19/><U92/><E62/><V69/><F125/><W32/><G108/><T102/><D102/><U58/><E58/><V1/><F67/><W100/><G100/><T135/><D135/><U12/><E85/><V40/><F53/><W87/><G9/><T96/><D60/><U48/><E92/><V121/><F121/><W57/><G32/><T134/><D134/><U128/><E128/><V36/><F95/><W56/><G87/><T51/><D51/><U71/><E71/><V129/><F36/><W107/><G107/><T18/><D18/><N who="1" m="10463" /><E12/><N who="2" m="9511" /><F37/><W4/><G4/><T38/><D38/><U14/><E14/><V131/><F1/><W55/><G55/><T80/><D80/><AGARI ba="2,0" hai="20,27,28,45,49,54,56,57,59,77,80,86,97,99" machi="80" ten="40,1300,0" yaku="8,1" doraHai="89" who="3" fromWho="0" sc="129,-19,302,0,205,0,364,19" /><INIT seed="5,0,0,0,3,106" ten="110,302,205,383" oya="1" hai0="70,11,69,51,55,124,28,41,50,58,74,16,33" hai1="37,61,52,27,20,62,82,7,65,81,122,86,0" hai2="4,12,108,30,121,34,49,120,73,47,90,102,18" hai3="103,135,98,36,89,44,95,63,114,31,76,113,3"/><U130/><E122/><V32/><F73/><W72/><G3/><T5/><D124/><U112/><E37/><V45/><F108/><W78/><G31/><T26/><D74/><U77/><E112/><N who="3" m="43114" /><G135/><T53/><D41/><U123/><E123/><V40/><F102/><W109/><G109/><T6/><D6/><U117/><E117/><V94/><F4/><W107/><G63/><T85/><D85/><U39/><E39/><V128/><F32/><W66/><G66/><T38/><D38/><U10/><E130/><V110/><F110/><W79/><G44/><T119/><D119/><U134/><E134/><V54/><F128/><W1/><G1/><T59/><REACH who="0" step="1"/><D5/><REACH who="0" ten="100,302,205,383" step="2"/><U83/><E7/><V84/><F40/><W60/><G36/><T29/><D29/><U88/><E0/><V17/><F121/><W71/><G72/><T125/><D125/><U118/><E118/><V8/><F120/><W19/><G19/><T23/><D23/><U13/><E10/><V101/><F18/><W68/><G60/><T105/><D105/><U24/><E62/><V129/><F129/><W111/><G111/><T80/><D80/><N who="1" m="30827" /><E77/><V22/><F30/><W93/><G107/><T97/><D97/><AGARI ba="0,1" hai="68,71,76,78,79,89,93,95,97,98,103" m="43114" machi="97" ten="30,1000,0" yaku="15,1" doraHai="106" who="3" fromWho="0" sc="100,-10,302,0,205,0,383,20" /><INIT seed="6,0,0,5,1,4" ten="90,302,205,403" oya="2" hai0="7,130,108,73,9,2,59,29,6,34,27,95,88" hai1="15,57,3,86,81,45,33,24,129,100,52,40,102" hai2="54,83,84,85,35,122,103,135,113,118,70,26,92" hai3="56,60,17,43,10,133,18,55,131,114,134,32,128"/><V0/><F118/><W22/><G32/><T25/><D73/><U64/><E3/><V13/><F122/><W119/><G119/><T106/><D106/><U112/><E112/><V30/><F0/><W12/><G43/><T121/><D121/><U76/><E129/><N who="3" m="49738" /><G114/><T75/><D75/><U38/><E64/><V90/><F135/><W39/><G39/><T44/><D130/><U78/><E78/><V117/><F113/><W53/><G53/><T79/><D108/><U94/><E94/><V110/><F117/><W124/><G124/><T91/><D79/><U116/><E116/><V93/><F70/><W105/><G105/><T62/><D44/><U51/><REACH who="1" step="1"/><E15/><AGARI ba="0,0" hai="10,12,15,17,18,22,55,56,60,133,134" m="49738" machi="15" ten="30,2000,0" yaku="19,1,52,1" doraHai="4" who="3" fromWho="1" sc="90,0,302,-20,205,0,403,20" /><INIT seed="7,0,0,0,4,31" ten="90,282,205,423" oya="3" hai0="121,2,113,61,118,29,109,47,127,59,1,103,107" hai1="11,27,55,73,110,117,125,67,134,8,78,93,54" hai2="62,57,86,45,22,70,122,63,131,41,124,66,39" hai3="19,94,129,42,56,111,10,82,101,102,13,46,3"/><W88/><G129/><T17/><D103/><U69/><E78/><V58/><F86/><W133/><G133/><T6/><D107/><U116/><E93/><V87/><F87/><W128/><G3/><T92/><D92/><U16/><E67/><N who="2" m="39415" /><F22/><W120/><G120/><T36/><D47/><U112/><E27/><V89/><F89/><W53/><G82/><T77/><D36/><U35/><E16/><V51/><F131/><W104/><G111/><T50/><D61/><U99/><E8/><V114/><F114/><W123/><G123/><T28/><D50/><U65/><E11/><V90/><F90/><W34/><G34/><T97/><D59/><U37/><E35/><V7/><F7/><W76/><G76/><T108/><D97/><U38/><E73/><V32/><F32/><W106/><G106/><T49/><D77/><U79/><E112/><V48/><F124/><W15/><G15/><T81/><D49/><N who="2" m="19018" /><F122/><W100/><G104/><T33/><D81/><U40/><E125/><V23/><F23/><W98/><G128/><T71/><D127/><U64/><E99/><V24/><F24/><W84/><G98/><T83/><D71/><AGARI ba="0,0" hai="39,41,45,57,62,66,70,71" m="19018,39415" machi="71" ten="30,8000,1" yaku="35,5" doraHai="31" who="2" fromWho="0" sc="90,-80,282,0,205,80,423,0" owari="10,-49.0,282,-12.0,285,9.0,423,52.0" /></mjloggm>