<mjloggm ver="2.3"><GO type="169" lobby="0"/><UN n0="%E9%81%8A%E8%B5%B0" n1="%E3%82%A6%E3%83%AB%E3%83%88%E3%83%A9%E7%AB%8B%E7%9B%B4" n2="%E3%81%84%E3%81%A1%E3%81%94%E3%83%9D%E3%83%83%E3%82%AD%E3%83%BC" n3="%73%5F%6F%6B" dan="17,16,17,16" rate="2202.36,2110.70,2213.89,2078.56" sx="F,M,F,M"/><TAIKYOKU oya="0"/><INIT seed="0,0,0,0,0,130" ten="250,250,250,250" oya="0" hai0="50,124,36,32,107,94,3,64,83,12,39,57,44" hai1="62,80,87,16,10,86,17,78,67,52,71,8,69" hai2="127,82,126,15,45,81,99,112,106,105,47,25,31" hai3="103,73,113,27,77,54,53,98,131,118,117,26,43"/><T21/><D107/><N who="2" m="40970" /><F15/><W6/><G113/><T110/><D32/><U55/><E71/><V70/><F70/><W24/><G131/><T122/><D3/><U135/><E86/><V11/><F11/><W40/><G6/><T101/><D122/><U128/><E128/><V20/><F112/><W116/><G77/><T68/><D68/><U9/><REACH who="1" step="1"/><E135/><REACH who="1" ten="250,240,250,250" step="2"/><V49/><F99/><W48/><G73/><T2/><D124/><N who="2" m="47658" /><F47/><W119/><G118/><T85/><D44/><U5/><E5/><V95/><F95/><W74/><G74/><T1/><D94/><U114/><E114/><V125/><F125/><W30/><G98/><T76/><D85/><U129/><E129/><V123/><F123/><W132/><G132/><T19/><D83/><U13/><E13/><V111/><F111/><W7/><G7/><T28/><D110/><U93/><E93/><V84/><F84/><W120/><G120/><T46/><D12/><U133/><E133/><V35/><F82/><W65/><G119/><T29/><D46/><U91/><E91/><V63/><F81/><W22/><G117/><T79/><D1/><U34/><E34/><V72/><F72/><W89/><G116/><T14/><D2/><U109/><E109/><V134/><F134/><W37/><G89/><T97/><D14/><U104/><E104/><V115/><F115/><W90/><G90/><T108/><D97/><U23/><E23/><V42/><F35/><W59/><G22/><T38/><D108/><U66/><E66/><V33/><F33/><W56/><G65/><T51/><D64/><U121/><E121/><RYUUKYOKU ba="0,1" sc="250,-15,240,15,250,15,250,-15" hai1="8,9,10,16,17,52,55,62,67,69,78,80,87" hai2="20,25,31,42,45,49,63" /><INIT seed="1,1,1,5,0,135" ten="235,255,265,235" oya="1" hai0="132,110,36,124,7,0,126,29,70,2,9,8,80" hai1="125,33,27,49,86,134,131,109,72,32,12,11,127" hai2="99,42,93,6,51,38,44,31,123,102,83,84,92" hai3="73,74,101,40,91,121,56,62,94,113,5,14,41"/><U130/><E72/><V68/><F123/><W75/><G121/><T3/><D70/><U65/><E134/><V116/><F116/><W97/><G113/><T53/><D132/><U52/><E65/><V85/><F68/><W59/><G56/><T35/><D53/><U90/><E109/><V25/><F38/><W55/><G5/><N who="0" m="1063" /><D110/><U111/><E111/><V133/><F133/><W1/><G1/><N who="0" m="239" /><D80/><N who="1" m="49479" /><E27/><V81/><F6/><W63/><G14/><T119/><D119/><U118/><E118/><V89/><REACH who="2" step="1"/><F84/><REACH who="2" ten="235,255,255,235" step="2"/><W57/><REACH who="3" step="1"/><G101/><REACH who="3" ten="235,255,255,225" step="2"/><T37/><D2/><U76/><E131/><V26/><F26/><W45/><G45/><T50/><D3/><U103/><E130/><V78/><F78/><W24/><G24/><T88/><D36/><U47/><E103/><V18/><F18/><W106/><G106/><T22/><D37/><U96/><E76/><V13/><F13/><W15/><G15/><T67/><D29/><U82/><E12/><V48/><F48/><W79/><G79/><T100/><D50/><U21/><E11/><V77/><F77/><W107/><G107/><T98/><D100/><U71/><E71/><V128/><F128/><W61/><G61/><T17/><D17/><U19/><E19/><V58/><F58/><W16/><G16/><T117/><D117/><U112/><E49/><V87/><F87/><W69/><G69/><T30/><D30/><U43/><E47/><V108/><F108/><W64/><AGARI ba="1,3" hai="40,41,55,57,59,62,63,64,73,74,75,91,94,97" machi="64" ten="30,2000,0" yaku="1,1,0,1,53,0" doraHai="135" doraHaiUra="120" who="3" fromWho="3" sc="235,-6,255,-11,255,-6,225,53" /><INIT seed="2,0,0,3,3,110" ten="229,244,249,278" oya="2" hai0="56,54,20,90,113,29,131,77,3,17,92,118,63" hai1="123,2,82,89,125,132,60,22,21,40,127,38,26" hai2="66,95,120,109,105,33,107,15,1,101,52,46,126" hai3="108,37,51,45,35,133,34,24,129,68,69,106,119"/><V83/><F120/><W100/><G108/><T114/><D118/><U14/><E2/><V96/><F1/><W12/><G119/><T31/><D3/><U57/><E123/><V36/><F109/><W67/><G129/><T23/><D77/><U117/><E117/><V112/><F33/><W0/><G12/><T5/><D5/><U124/><E132/><V70/><F126/><W116/><G133/><T99/><D131/><U97/><E14/><V62/><F112/><N who="0" m="43114" /><D23/><U19/><E22/><V32/><F32/><W121/><G0/><T55/><D54/><U85/><E97/><V27/><F27/><AGARI ba="0,0" hai="17,20,27,29,31,55,56,63,90,92,99" m="43114" machi="27" ten="30,7700,0" yaku="25,1,52,3" doraHai="110" who="0" fromWho="2" sc="229,77,244,0,249,-77,278,0" /><INIT seed="3,0,0,5,5,74" ten="306,244,172,278" oya="3" hai0="36,103,62,22,33,19,115,117,84,65,114,40,75" hai1="72,69,109,41,42,55,21,20,30,12,17,63,60" hai2="102,128,3,13,70,120,106,131,125,1,68,80,133" hai3="44,88,57,27,111,34,35,89,96,87,7,8,50"/><W129/><G129/><N who="2" m="49737" /><F13/><W51/><G111/><T16/><D75/><U10/><E109/><V11/><F120/><W134/><G134/><T14/><D33/><U97/><E72/><V132/><F11/><W78/><G35/><T49/><D36/><U46/><E69/><N who="2" m="26731" /><F80/><N who="3" m="47511" /><G34/><T126/><D117/><U2/><E2/><N who="2" m="523" /><F125/><W77/><G77/><T107/><D126/><U121/><E121/><V101/><F106/><W122/><G122/><T24/><D84/><U108/><E10/><V92/><F92/><N who="3" m="56327" /><G27/><T93/><D93/><U47/><E108/><V86/><F86/><W28/><G28/><T124/><D124/><U104/><E104/><V119/><F119/><W73/><G73/><T94/><D107/><U37/><E30/><V91/><F91/><W48/><G89/><T85/><D85/><U31/><E31/><V61/><F61/><W113/><G113/><T99/><D62/><U83/><E83/><V6/><F6/><W38/><G57/><T90/><D90/><U66/><E63/><V23/><F23/><W18/><G18/><T118/><D118/><U52/><E21/><V98/><F98/><W53/><G7/><T76/><D76/><U130/><E97/><V59/><F59/><W67/><G8/><N who="0" m="6215" /><D115/><U79/><E79/><V81/><F81/><W32/><G32/><T25/><D114/><U123/><E130/><V127/><F127/><W54/><G67/><T64/><D25/><U15/><E123/><V29/><F29/><W5/><G5/><T56/><D56/><N who="1" m="37127" /><E12/><V71/><N who="2" m="26739" /><V4/><DORA hai="58" /><F4/><W110/><G110/><T9/><D9/><RYUUKYOKU ba="0,0" sc="306,0,244,0,172,0,278,0" hai0="19,22,24,40,49,64,65,94,99,103" hai1="15,17,20,37,41,42,46,47,52,55" hai2="101,102,132,133" hai3="38,44,48,50,51,53,54" /><INIT seed="3,1,0,4,3,81" ten="306,244,172,278" oya="3" hai0="5,110,114,134,118,62,64,119,29,12,59,71,98" hai1="53,58,108,10,69,82,117,73,39,103,126,109,3" hai2="9,96,55,19,66,65,84,89,37,90,40,45,135" hai3="113,78,76,124,46,68,105,4,57,132,100,99,50"/><W111/><G113/><T17/><D114/><U80/><E69/><V44/><F135/><W34/><G68/><T25/><D134/><U77/><E117/><V7/><F96/><W116/><G132/><T54/><D5/><N who="1" m="1343" /><E103/><V27/><F27/><W43/><G116/><T56/><D110/><N who="1" m="42603" /><E80/><V79/><F79/><W33/><G111/><T35/><D98/><U15/><E15/><V36/><F90/><W47/><G124/><T85/><D85/><U104/><E104/><V61/><F61/><W6/><G57/><T101/><D101/><U91/><E91/><V83/><F36/><W121/><G121/><T14/><D14/><U22/><E22/><V0/><REACH who="2" step="1"/><F19/><REACH who="2" ten="306,244,162,278" step="2"/><W95/><G78/><T16/><D17/><U26/><E26/><V23/><F23/><W102/><G76/><T20/><D71/><U72/><E39/><V51/><AGARI ba="1,1" hai="0,7,9,37,40,44,45,51,55,65,66,83,84,89" machi="51" ten="30,4000,0" yaku="1,1,0,1,52,1,53,0" doraHai="81" doraHaiUra="88" who="2" fromWho="2" sc="306,-11,244,-11,162,53,278,-21" /><INIT seed="4,0,0,5,2,28" ten="295,233,215,257" oya="0" hai0="39,24,8,123,40,105,70,112,57,128,103,49,67" hai1="83,72,31,82,122,62,33,110,2,111,93,116,92" hai2="36,54,121,132,34,55,99,7,18,17,58,68,20" hai3="22,25,37,59,104,96,107,74,64,10,81,94,13"/><T41/><D123/><U91/><E2/><V130/><F121/><W29/><G37/><T126/><D39/><U30/><E122/><V85/><F68/><W42/><G42/><T15/><D128/><U11/><E11/><V69/><F69/><W45/><G45/><T109/><D109/><U118/><E91/><V48/><F36/><W87/><G74/><T100/><D70/><U14/><E14/><V76/><F130/><W79/><G13/><T125/><D24/><U131/><E131/><V102/><F132/><W16/><G10/><T117/><D117/><U61/><E72/><V47/><F7/><W9/><G9/><T56/><D112/><U32/><AGARI ba="0,0" hai="30,31,32,33,61,62,82,83,92,93,110,111,116,118" machi="32" ten="25,8000,1" yaku="0,1,22,2,52,2" doraHai="28" who="1" fromWho="1" sc="295,-40,233,80,215,-20,257,-20" /><INIT seed="5,0,0,0,4,75" ten="255,313,195,237" oya="1" hai0="15,130,103,121,13,96,6,87,39,70,113,35,65" hai1="51,105,10,120,3,17,128,26,114,71,19,86,21" hai2="59,119,55,30,110,79,14,12,88,28,47,112,38" hai3="127,2,111,56,102,99,16,131,98,41,25,11,134"/><U78/><E105/><V18/><F110/><W24/><G111/><T97/><D113/><U95/><E71/><V1/><F1/><W5/><G127/><T67/><D39/><U43/><E120/><V109/><F109/><W40/><G131/><T46/><D130/><U44/><E114/><V72/><F119/><W84/><G134/><T126/><D35/><U77/><E128/><V101/><F101/><W83/><G56/><T62/><D121/><U124/><E124/><V27/><F112/><W100/><G99/><T106/><D126/><U58/><E58/><V66/><F66/><W115/><G115/><T29/><D65/><U7/><REACH who="1" step="1"/><E19/><REACH who="1" ten="255,303,195,237" step="2"/><V36/><F18/><W132/><G16/><T117/><D70/><U52/><E52/><V82/><F55/><W94/><G132/><T60/><D67/><U50/><E50/><V89/><F59/><W8/><G100/><T81/><D103/><U4/><E4/><V23/><F47/><W31/><G11/><T93/><D46/><U133/><E133/><V37/><REACH who="2" step="1"/><F30/><REACH who="2" ten="255,303,185,237" step="2"/><W80/><G31/><T64/><D29/><U53/><E53/><V61/><F61/><W57/><G57/><T129/><D64/><U108/><E108/><V123/><F123/><W34/><G102/><N who="0" m="60687" /><D129/><U104/><E104/><V45/><F45/><W90/><G5/><T33/><D106/><U92/><E92/><V76/><F76/><W0/><G94/><T74/><D6/><U118/><E118/><V69/><F69/><W20/><G90/><AGARI ba="0,2" hai="3,7,10,17,21,26,43,44,51,77,78,86,90,95" machi="90" ten="40,7700,0" yaku="1,1,52,2,53,0" doraHai="75" doraHaiUra="54" who="1" fromWho="3" sc="255,0,303,97,185,0,237,-77" /><AGARI ba="0,0" hai="12,14,23,27,28,36,37,38,72,79,82,88,89,90" machi="90" ten="40,5200,0" yaku="1,1,52,1,54,1,53,0" doraHai="75" doraHaiUra="54" who="2" fromWho="3" sc="255,0,400,0,185,52,160,-52" /><INIT seed="5,1,0,1,1,104" ten="255,400,237,108" oya="1" hai0="16,120,57,53,49,34,116,2,43,51,117,107,70" hai1="76,64,27,84,69,92,98,97,60,95,130,99,79" hai2="110,67,0,12,129,56,55,37,100,6,91,61,52" hai3="72,132,45,113,29,17,122,125,13,22,128,93,102"/><U5/><E130/><V103/><F110/><W32/><G122/><T66/><D107/><U18/><E5/><V9/><F37/><W7/><G128/><T28/><D2/><U83/><E76/><V47/><F129/><W75/><G113/><T119/><D34/><U65/><E65/><V90/><F0/><W26/><G125/><T58/><D28/><U123/><E123/><V68/><F47/><W78/><G78/><T38/><D120/><U39/><E39/><V124/><F124/><W30/><G132/><T59/><D16/><U126/><E126/><V44/><F44/><W87/><G30/><T111/><D111/><U36/><E36/><V41/><F41/><W20/><G20/><T96/><D96/><U31/><REACH who="1" step="1"/><E18/><REACH who="1" ten="255,390,237,108" step="2"/><V85/><F68/><W112/><G112/><T109/><D109/><U24/><E24/><V118/><F67/><W121/><G121/><T133/><D133/><U48/><E48/><V86/><F6/><W4/><G4/><T134/><D51/><U114/><E114/><V73/><F61/><W35/><G35/><AGARI ba="1,1" hai="27,31,35,60,64,69,79,83,84,92,95,97,98,99" machi="35" ten="40,2000,0" yaku="1,1,53,0" doraHai="104" doraHaiUra="106" who="1" fromWho="3" sc="255,0,390,33,237,0,108,-23" /><INIT seed="5,2,0,3,4,112" ten="255,423,237,85" oya="1" hai0="3,71,58,133,48,104,132,26,17,16,12,5,119" hai1="81,24,54,99,59,109,111,1,22,94,47,13,122" hai2="113,63,101,6,97,130,7,31,0,88,34,92,53" hai3="30,4,46,117,64,90,85,86,73,37,76,74,89"/><U23/><E1/><V121/><F121/><W25/><G117/><T126/><D71/><U120/><E47/><V32/><F130/><W21/><G64/><T29/><D104/><U44/><E44/><V106/><F113/><W127/><G127/><T40/><D40/><U41/><E41/><V35/><F31/><W28/><G4/><T36/><D36/><U123/><E81/><V100/><F100/><W55/><G76/><T27/><D126/><U108/><E13/><V96/><REACH who="2" step="1"/><F0/><REACH who="2" ten="255,423,227,85" step="2"/><W103/><G37/><T82/><D3/><U56/><E122/><V57/><AGARI ba="2,1" hai="6,7,32,34,35,53,57,63,88,92,96,97,101,106" machi="57" ten="40,8000,1" yaku="1,1,2,1,0,1,54,1,53,0" doraHai="112" doraHaiUra="83" who="2" fromWho="2" sc="255,-22,423,-42,227,96,85,-22" /><INIT seed="6,0,0,3,5,72" ten="233,381,323,63" oya="2" hai0="134,58,76,49,27,93,77,23,30,33,135,57,69" hai1="21,22,94,113,87,59,14,86,83,68,51,107,66" hai2="120,97,17,95,132,78,128,29,39,43,70,82,40" hai3="108,60,6,85,26,123,81,89,11,126,38,10,118"/><V7/><F120/><W98/><G108/><T1/><D69/><U15/><E107/><V34/><F70/><W119/><G123/><T8/><D33/><U50/><E68/><V111/><F132/><N who="0" m="50730" /><D93/><U71/><E71/><V37/><F128/><W131/><G126/><T28/><D28/><U25/><E113/><V103/><F111/><W56/><G131/><T5/><D49/><N who="1" m="18443" /><E94/><V16/><F7/><W3/><G38/><T75/><D75/><U54/><E66/><V88/><F103/><W55/><G10/><T19/><D19/><N who="1" m="12511" /><E21/><V52/><F52/><W129/><G129/><T117/><D117/><U99/><E99/><V24/><F39/><W73/><G73/><T48/><D48/><N who="1" m="31175" /><E87/><V124/><F124/><W102/><REACH who="3" step="1"/><G26/><REACH who="3" ten="233,381,323,53" step="2"/><T36/><D36/><U18/><E15/><V130/><F130/><W41/><G41/><T35/><D35/><U13/><E14/><V105/><F40/><W114/><G114/><T53/><D53/><U31/><E13/><V62/><F62/><W2/><G2/><T92/><D58/><U101/><E18/><V45/><F105/><AGARI ba="0,1" hai="3,6,11,55,56,60,81,85,89,98,102,105,118,119" machi="105" ten="30,3900,0" yaku="1,1,7,1,53,1" doraHai="72" doraHaiUra="0" who="3" fromWho="2" sc="233,0,381,0,323,-39,53,49" /><INIT seed="7,0,0,5,5,50" ten="233,381,284,102" oya="3" hai0="56,74,61,97,120,2,128,109,6,7,82,112,132" hai1="28,25,12,130,37,53,14,54,24,5,60,51,68" hai2="96,33,10,15,133,102,20,52,87,99,73,71,39" hai3="103,84,8,119,46,58,27,83,106,126,124,78,22"/><W43/><G119/><T104/><D120/><U113/><E37/><V117/><F73/><W85/><G106/><T131/><D109/><U17/><E68/><V123/><F33/><W115/><G103/><T18/><D132/><U11/><E113/><V79/><F71/><W55/><G115/><T21/><D112/><U100/><E100/><V90/><F39/><W75/><G8/><T121/><D121/><U35/><E28/><V129/><F123/><W67/><G67/><T135/><D135/><U19/><E5/><V42/><F42/><W65/><G65/><T125/><D125/><N who="3" m="48233" /><G46/><T3/><D104/><U107/><E107/><V48/><F133/><W13/><G13/><T26/><D97/><U92/><E14/><V64/><F64/><W66/><G66/><T40/><D40/><U80/><E11/><V101/><F117/><W88/><G43/><T49/><D6/><U118/><E118/><V111/><F111/><W1/><G1/><T76/><D7/><U89/><E12/><V57/><F102/><W47/><G47/><T108/><D108/><U41/><E41/><V110/><F110/><W114/><G114/><T62/><D3/><U86/><E25/><V0/><F101/><W32/><G32/><T31/><D2/><U122/><E24/><V69/><F0/><W4/><G4/><T134/><D134/><U44/><E35/><V70/><F70/><W72/><G85/><T116/><D116/><U81/><E86/><V45/><F69/><W38/><G38/><T105/><D105/><U93/><E44/><N who="2" m="27655" /><F10/><W59/><G55/><N who="1" m="21002" /><E122/><V16/><F87/><RYUUKYOKU ba="0,0" sc="233,0,381,0,284,0,102,0" owari="233,-17.0,381,49.0,284,8.0,102,-40.0" /></mjloggm>