<mjloggm ver="2.3"><GO type="97" lobby="0"/><UN n0="%46%52%50" n1="%E3%81%97%E3%81%BF%E3%81%A3%E3%81%9F%E3%82%8C%2B%CF%86" n2="%68%61%6E%69%74%61%6B%61" n3="%E3%83%88%E3%83%88%E3%83%AA%E5%85%88%E7%94%9F%31%39%E6%AD%B3" dan="13,14,14,14" rate="1842.27,1986.76,1999.60,2009.90" sx="M,M,M,F"/><TAIKYOKU oya="0"/><INIT seed="0,0,0,0,0,10" ten="250,250,250,250" oya="0" hai0="21,11,83,101,125,69,120,73,38,131,126,13,44" hai1="35,3,129,72,87,46,76,132,12,74,66,61,17" hai2="95,7,1,57,108,6,9,22,50,52,107,43,60" hai3="59,99,112,123,94,92,118,65,20,90,89,77,47"/><T30/><D69/><U105/><E105/><V63/><F107/><W97/><G112/><T27/><D120/><U135/><E3/><V28/><F108/><W51/><G118/><T82/><D101/><U109/><E109/><V8/><F95/><W106/><G106/><T31/><D31/><U70/><E35/><V130/><F130/><W34/><G34/><T98/><D98/><U53/><E129/><V33/><F33/><W96/><G123/><T25/><D131/><U133/><E87/><V42/><F28/><W80/><G96/><T18/><D27/><U93/><E93/><V104/><F22/><W39/><G39/><T15/><D73/><U0/><E0/><V86/><F86/><W58/><G65/><T88/><D38/><U103/><E103/><V19/><F19/><W2/><G2/><T114/><D44/><U124/><E76/><V121/><F104/><W134/><G20/><T49/><D49/><N who="1" m="28855" /><E124/><N who="0" m="47721" /><D114/><U127/><E127/><V4/><F121/><W54/><REACH who="3" step="1"/><G134/><REACH who="3" ten="250,250,250,240" step="2"/><T119/><D119/><U23/><AGARI ba="0,1" hai="12,17,23,61,66,70,72,74,132,133,135" m="28855" machi="23" ten="30,2000,0" yaku="20,1,52,1" doraHai="10" who="1" fromWho="1" sc="250,-10,250,30,250,-5,240,-5" /><INIT seed="1,0,0,1,3,23" ten="240,280,245,235" oya="1" hai0="85,77,119,37,41,57,107,89,68,43,87,105,39" hai1="7,29,100,120,9,45,95,26,121,34,81,63,126" hai2="109,8,114,11,16,125,94,19,122,91,132,30,78" hai3="62,98,69,59,10,116,123,104,40,90,4,101,44"/><U131/><E131/><V24/><F122/><W65/><G123/><T64/><D68/><U134/><E126/><V35/><F78/><W130/><G90/><T17/><D119/><U112/><E112/><V28/><F94/><W99/><G99/><T103/><D107/><U33/><E134/><V20/><F91/><W25/><G130/><T3/><D3/><U66/><E34/><V5/><F132/><W36/><G116/><T48/><D105/><U2/><E45/><V38/><F38/><W22/><G69/><T83/><D103/><U111/><E111/><V54/><F54/><W96/><G101/><T53/><D39/><U32/><E32/><V55/><F55/><W82/><G82/><T46/><D43/><U51/><E51/><V56/><F56/><W129/><G104/><T49/><D64/><U133/><E133/><V75/><F75/><W115/><G115/><T31/><D31/><U15/><E81/><V110/><F114/><W135/><G129/><T72/><D72/><U0/><E95/><V58/><F58/><W127/><G127/><T86/><D37/><U79/><E79/><V21/><F125/><W84/><G84/><N who="0" m="48239" /><D17/><N who="2" m="6730" /><F30/><W67/><G67/><T73/><D73/><U80/><E100/><V106/><F106/><W6/><G135/><T13/><D13/><U128/><E128/><V71/><F71/><W50/><G36/><T52/><D41/><U97/><E97/><V118/><F118/><W124/><G124/><T60/><D60/><U117/><E117/><V27/><F109/><W92/><G40/><T93/><AGARI ba="0,0" hai="46,48,49,52,53,57,85,86,87,89,93" m="48239" machi="93" ten="30,2000,0" yaku="8,1,54,1" doraHai="23" who="0" fromWho="0" sc="240,20,280,-10,245,-5,235,-5" /><INIT seed="2,0,0,4,5,85" ten="260,270,240,230" oya="2" hai0="108,135,38,128,69,118,50,98,57,59,8,37,91" hai1="54,56,90,112,96,65,60,71,0,110,113,43,1" hai2="53,10,44,51,125,126,18,25,14,122,34,39,115" hai3="22,6,20,5,7,29,93,73,130,97,106,79,127"/><V76/><F115/><W102/><G130/><T15/><D69/><U28/><E110/><V13/><F122/><W99/><G127/><T32/><D32/><U129/><E129/><V88/><F76/><W134/><G134/><T41/><D128/><U74/><E74/><V40/><F14/><W66/><G29/><T52/><D108/><U61/><E28/><V105/><F105/><W92/><G106/><T89/><D41/><U35/><E35/><V94/><F34/><W124/><G124/><N who="2" m="47721" /><F25/><W19/><G66/><T63/><D135/><U109/><E109/><V80/><F80/><W58/><G58/><T45/><D118/><U49/><E0/><V123/><F123/><W131/><G131/><T55/><D98/><U47/><E1/><V46/><F94/><W86/><G73/><T12/><D45/><N who="1" m="27951" /><E90/><AGARI ba="0,0" hai="10,13,18,39,40,44,46,51,53,88,90" m="47721" machi="90" ten="30,11600,0" yaku="18,1,52,2,54,1" doraHai="85" who="2" fromWho="1" sc="260,0,270,-116,240,116,230,0" /><INIT seed="2,1,0,2,3,48" ten="260,154,356,230" oya="2" hai0="6,91,99,108,66,54,74,106,16,84,62,50,2" hai1="45,132,128,49,85,97,20,35,40,26,64,129,12" hai2="42,112,107,23,118,126,68,22,56,43,134,31,75" hai3="9,58,61,29,104,90,67,81,79,37,71,101,10"/><V121/><F56/><W46/><G90/><T103/><D74/><U8/><E132/><V88/><F112/><W65/><G29/><T25/><D108/><U0/><E64/><V87/><F118/><W41/><G101/><T63/><D6/><U95/><E85/><V114/><F114/><W120/><G104/><T127/><D2/><U57/><E35/><V82/><F121/><W77/><G120/><T133/><D127/><U93/><E0/><V135/><F126/><W38/><G38/><T125/><D133/><N who="2" m="50698" /><F68/><W119/><G79/><T17/><D125/><U7/><E57/><V32/><F107/><W131/><G131/><T69/><D63/><U59/><E59/><V15/><F15/><W18/><G119/><T110/><D25/><U21/><E21/><V33/><F75/><W13/><G9/><T55/><D50/><U27/><E27/><N who="2" m="18559" /><F33/><W113/><G113/><T4/><D110/><U11/><E11/><V52/><F52/><W53/><REACH who="3" step="1"/><G71/><REACH who="3" ten="260,154,356,220" step="2"/><T44/><D4/><U28/><REACH who="1" step="1"/><E97/><REACH who="1" ten="260,144,356,220" step="2"/><V115/><F115/><W122/><G122/><T117/><D117/><U100/><E100/><V3/><F3/><W109/><G109/><T96/><D96/><U5/><E5/><V124/><F124/><W30/><G30/><T80/><REACH who="0" step="1"/><D44/><REACH who="0" ten="250,144,356,220" step="2"/><U86/><E86/><AGARI ba="1,3" hai="10,13,18,37,41,46,53,58,61,65,67,77,81,86" machi="86" ten="30,7700,0" yaku="1,1,7,1,52,1,53,1" doraHai="48" doraHaiUra="73" who="3" fromWho="1" sc="250,0,144,-80,356,0,220,110" /><INIT seed="3,0,0,3,0,98" ten="250,64,356,330" oya="3" hai0="127,55,118,121,78,63,7,80,110,6,1,4,26" hai1="130,54,66,35,68,86,2,13,90,37,8,24,74" hai2="71,45,18,107,89,52,102,123,34,72,3,14,106" hai3="104,42,126,116,61,48,132,122,60,88,15,73,20"/><W119/><G122/><T77/><D121/><U93/><E37/><V85/><F72/><W87/><G73/><T59/><D118/><U41/><E130/><V12/><F123/><W10/><G104/><T131/><D110/><U100/><E74/><V112/><F112/><W76/><G116/><T124/><D131/><U33/><E41/><V39/><F3/><W79/><G119/><T25/><D1/><U51/><E2/><V46/><F71/><W11/><G132/><T50/><D63/><N who="3" m="24137" /><G126/><T128/><D128/><U81/><E68/><V129/><F129/><W22/><G10/><T69/><D69/><U135/><E66/><V125/><F34/><W40/><G22/><T64/><D64/><U31/><E135/><V95/><F125/><W21/><G21/><T96/><D127/><U53/><E35/><V44/><F39/><W94/><G20/><T36/><D36/><U83/><E51/><V113/><F113/><W111/><G111/><T9/><D124/><U17/><E17/><V105/><F52/><N who="1" m="20073" /><E100/><V57/><F57/><W0/><G0/><T114/><D114/><U97/><E97/><V67/><F67/><W58/><G58/><T23/><D9/><U38/><E38/><V82/><REACH who="2" step="1"/><F18/><REACH who="2" ten="250,64,346,330" step="2"/><N who="3" m="8575" /><G40/><T91/><D26/><U92/><E92/><V133/><F133/><W120/><G120/><T32/><D32/><U47/><E47/><AGARI ba="0,1" hai="42,47,48,76,79,87,88,94" m="8575,24137" machi="47" ten="30,2900,0" yaku="8,1,54,1" doraHai="98" who="3" fromWho="1" sc="250,0,64,-29,346,0,330,39" owari="250,-15.0,35,-46.0,346,15.0,369,46.0" /></mjloggm>