<mjloggm ver="2.3"><GO type="97" lobby="0"/><UN n0="%E5%B0%B1%E6%B4%BB%E7%94%9F%40%E5%B7%9D%E6%9D%91%E8%BB%8D%E5%9B%A3" n1="%E3%81%97%E3%82%85%E3%82%93%E3%81%A6%E3%81%83%E3%83%BC%E3%81%AC" n2="%E3%82%86%E3%82%8A%E3%81%82%E3%81%B4%E3%83%BC%E3%81%99%21%21" n3="%E3%83%AD%E3%83%9C%E3%82%B3%E3%83%97" dan="14,14,14,15" rate="1959.99,1977.22,1930.23,2041.12" sx="M,M,F,M"/><TAIKYOKU oya="0"/><INIT seed="0,0,0,5,4,114" ten="250,250,250,250" oya="0" hai0="84,20,90,48,18,89,43,37,72,59,39,128,9" hai1="16,124,98,49,56,78,122,71,125,44,63,66,105" hai2="99,40,93,45,36,31,6,35,12,55,76,106,70" hai3="85,42,22,130,74,83,123,47,86,53,131,61,14"/><T129/><D72/><U118/><E122/><V108/><F108/><W11/><G123/><T24/><D9/><U104/><E78/><V102/><F70/><W30/><G61/><T73/><D73/><U58/><E98/><V2/><F2/><W134/><G53/><N who="0" m="32167" /><D43/><N who="1" m="24735" /><E16/><V81/><F35/><W79/><G30/><T60/><D60/><N who="1" m="40391" /><E58/><V50/><F31/><W17/><G134/><T135/><D135/><U92/><E92/><V25/><F25/><W77/><G11/><T21/><D21/><U97/><E97/><V120/><F120/><W91/><G79/><T33/><D33/><U52/><E105/><V13/><F6/><W23/><G23/><T41/><D41/><U109/><E104/><V101/><F101/><W57/><G57/><T115/><D115/><U46/><E109/><V87/><F106/><W0/><G0/><T94/><D90/><U121/><E121/><V34/><F34/><W100/><G100/><T28/><D28/><U27/><E27/><V132/><F132/><W3/><G3/><T111/><D111/><U68/><E68/><V29/><F29/><W26/><G26/><T19/><D19/><U80/><E80/><V103/><F103/><W133/><G133/><T67/><D67/><N who="1" m="39399" /><E118/><V107/><F107/><W1/><G1/><T62/><D62/><U126/><E46/><AGARI ba="0,0" hai="12,13,36,40,45,46,50,55,76,81,87,93,99,102" machi="46" ten="30,1000,0" yaku="7,1" doraHai="114" who="2" fromWho="1" sc="250,0,250,-10,250,10,250,0" /><INIT seed="1,0,0,3,5,6" ten="250,240,260,250" oya="1" hai0="127,33,17,62,11,34,121,77,8,104,38,30,81" hai1="71,36,24,87,57,37,115,93,97,66,52,100,65" hai2="47,123,126,96,112,0,74,117,107,49,39,21,78" hai3="15,84,68,85,59,82,89,79,129,27,43,91,45"/><U20/><E115/><V101/><F117/><W99/><G68/><T26/><D104/><U102/><E37/><V131/><F123/><W111/><G111/><T50/><D38/><U63/><E36/><V40/><F131/><W133/><G129/><T31/><D121/><U12/><E87/><V61/><F126/><W118/><G118/><T53/><D62/><U69/><E12/><V92/><F112/><W125/><G125/><T1/><D127/><U44/><E44/><V7/><F61/><W60/><G133/><T114/><D114/><U109/><E109/><V110/><F21/><W23/><G99/><T13/><D31/><U88/><E69/><V18/><F18/><N who="3" m="12791" /><G85/><T48/><D34/><U35/><E35/><V46/><F110/><W124/><G124/><T120/><D120/><U2/><E2/><V64/><F64/><N who="1" m="24681" /><E71/><V132/><F132/><W9/><G45/><T28/><D28/><AGARI ba="0,0" hai="20,24,28,52,57,63,88,93,97,100,102" m="24681" machi="28" ten="30,5800,0" yaku="8,1,54,2" doraHai="6" who="1" fromWho="0" sc="250,-58,240,58,260,0,250,0" /><INIT seed="1,1,0,2,0,102" ten="192,298,260,250" oya="1" hai0="1,13,3,104,7,118,47,9,108,97,54,60,14" hai1="22,88,83,86,101,24,30,20,62,68,33,127,109" hai2="121,103,45,52,81,10,41,91,125,133,129,119,2" hai3="82,126,38,65,115,4,124,123,111,63,51,42,0"/><U94/><E127/><N who="3" m="48682" /><G115/><T37/><D118/><U95/><E109/><V100/><F119/><W27/><G111/><T96/><D108/><U28/><E28/><V77/><F121/><W25/><G38/><T106/><D37/><U74/><E95/><V120/><F120/><W36/><G36/><T26/><D26/><U16/><E74/><V34/><F34/><W39/><G39/><T32/><D32/><U132/><E132/><V19/><F125/><W67/><G82/><T113/><D113/><U56/><E68/><V66/><F66/><N who="3" m="25099" /><G63/><T29/><D29/><U107/><E83/><V135/><F81/><W130/><G130/><T70/><D70/><U117/><E117/><V31/><F129/><W76/><G76/><T44/><D60/><U21/><E56/><V110/><F77/><W49/><G123/><T105/><D54/><U17/><REACH who="1" step="1"/><E62/><REACH who="1" ten="192,288,260,250" step="2"/><V112/><F112/><W58/><G58/><T55/><D47/><U79/><E79/><V89/><F110/><W114/><G114/><T15/><REACH who="0" step="1"/><D1/><REACH who="0" ten="182,288,260,250" step="2"/><U72/><E72/><V64/><F2/><W75/><G0/><T40/><D40/><U69/><E69/><V128/><F41/><W57/><G42/><T11/><D11/><U116/><E116/><V98/><F10/><W122/><G122/><T5/><D5/><U23/><N who="1" m="5632" /><DORA hai="134" /><U48/><E48/><AGARI ba="1,2" hai="3,7,9,13,14,15,44,48,55,96,97,104,105,106" machi="48" ten="50,8000,1" yaku="1,1,52,3,53,1" doraHai="102,134" doraHaiUra="43,61" who="0" fromWho="1" sc="182,103,288,-83,260,0,250,0" /><INIT seed="2,0,0,2,3,102" ten="285,205,260,250" oya="2" hai0="19,7,73,112,76,117,34,49,69,94,46,15,0" hai1="132,42,50,92,80,127,25,4,23,16,27,105,57" hai2="43,100,128,134,110,107,121,48,133,2,111,118,37" hai3="24,21,81,70,47,13,59,124,104,6,56,54,20"/><V90/><F2/><W3/><G70/><T98/><D112/><U66/><E127/><V68/><F68/><W88/><G3/><T60/><D34/><U89/><E132/><N who="2" m="50795" /><F118/><W35/><G124/><T62/><D117/><U86/><E4/><V45/><F121/><W108/><G35/><T63/><D69/><U26/><E105/><V83/><F128/><W18/><G108/><N who="2" m="41513" /><F83/><W39/><G104/><T12/><D0/><U114/><E114/><V135/><F90/><W103/><G103/><T53/><D73/><U79/><E42/><V44/><F135/><W52/><G81/><T84/><D76/><U71/><E71/><V55/><F100/><W97/><G88/><N who="0" m="55623" /><D84/><N who="1" m="48159" /><E66/><V113/><F113/><W129/><G129/><T65/><D65/><U77/><E77/><V8/><F8/><W40/><G97/><T10/><D15/><U72/><E72/><V38/><F107/><W96/><G96/><T30/><D30/><U122/><E122/><V123/><F123/><W1/><G1/><T64/><D64/><U5/><E5/><AGARI ba="0,0" hai="5,7,10,12,19,46,49,53,60,62,63" m="55623" machi="5" ten="30,2000,0" yaku="8,1,54,1" doraHai="102" who="0" fromWho="1" sc="285,20,205,-20,260,0,250,0" /><INIT seed="3,0,0,3,5,9" ten="305,185,260,250" oya="3" hai0="60,128,27,121,126,18,95,6,8,113,61,101,107" hai1="92,116,53,55,45,114,54,69,93,44,88,109,4" hai2="131,86,100,23,46,134,66,103,50,24,89,76,119" hai3="102,40,51,90,2,37,30,106,38,115,57,75,56"/><W41/><G115/><T10/><D121/><U81/><E114/><V3/><F3/><W78/><G2/><T62/><D107/><U120/><E120/><V123/><F119/><W36/><G30/><T12/><D113/><U14/><E69/><V132/><F123/><W20/><G90/><T105/><D105/><U124/><E116/><V63/><F76/><W58/><G51/><T11/><D126/><U42/><E124/><V33/><F33/><W87/><G75/><T26/><D128/><U133/><E109/><V118/><F118/><W112/><G112/><T68/><D68/><U65/><E65/><V84/><F84/><W82/><G20/><N who="0" m="11335" /><D6/><U108/><E133/><V16/><F131/><W0/><G0/><T99/><AGARI ba="0,0" hai="8,10,11,26,27,60,61,62,95,99,101" m="11335" machi="99" ten="40,2700,0" yaku="8,1,52,1" doraHai="9" who="0" fromWho="0" sc="305,27,185,-7,260,-7,250,-13" owari="332,43.0,178,-32.0,253,5.0,237,-16.0" /></mjloggm>