<mjloggm ver="2.3"><GO type="97" lobby="0"/><UN n0="%E7%B3%B8%E8%89%B2%E6%9C%9B" n1="%E7%92%83%E7%91%A0" n2="%41%6D%65%74%68%75%73" n3="%E5%B0%B1%E6%B4%BB%E7%94%9F%40%E5%B7%9D%E6%9D%91%E8%BB%8D%E5%9B%A3" dan="15,13,15,14" rate="2029.48,1856.12,2008.90,1936.68" sx="F,F,M,M"/><TAIKYOKU oya="0"/><INIT seed="0,0,0,2,1,58" ten="250,250,250,250" oya="0" hai0="16,11,126,60,37,35,130,117,112,86,40,80,4" hai1="10,57,31,77,128,66,133,68,33,55,21,120,76" hai2="84,43,100,99,135,134,63,27,26,122,106,64,113" hai3="85,18,24,47,45,104,14,1,36,0,67,50,82"/><T17/><D117/><U92/><E120/><V51/><F122/><W105/><G67/><T71/><D112/><U48/><E33/><V54/><F43/><W74/><G74/><T69/><D35/><U81/><E128/><V95/><F113/><W12/><G36/><T121/><D121/><U70/><E10/><V13/><F13/><W90/><G24/><T123/><D126/><U5/><E5/><V101/><F101/><W65/><G65/><T6/><D130/><U109/><E109/><V116/><F116/><W8/><G14/><T129/><D129/><U125/><E125/><V15/><F15/><W131/><G131/><T114/><D69/><U61/><E133/><N who="2" m="50699" /><F84/><W103/><G47/><T73/><D71/><U111/><E111/><V59/><F106/><W87/><G87/><T78/><D73/><U91/><E70/><AGARI ba="0,0" hai="26,27,51,54,59,63,64,70,95,99,100" m="50699" machi="70" ten="30,2000,0" yaku="20,1,52,1" doraHai="58" who="2" fromWho="1" sc="250,0,250,-20,250,20,250,0" /><INIT seed="1,0,0,1,2,7" ten="250,230,270,250" oya="1" hai0="116,46,126,35,114,54,105,92,83,107,3,102,93" hai1="74,34,52,96,27,22,104,45,124,76,119,103,79" hai2="66,4,62,51,94,127,32,98,9,129,23,38,64" hai3="78,41,21,130,59,101,84,63,112,86,125,56,111"/><U75/><E119/><V88/><F32/><W65/><G112/><T13/><D116/><U53/><E34/><V60/><F38/><W117/><G117/><T123/><D114/><U39/><E124/><V17/><F127/><W20/><G125/><T67/><D3/><U37/><E75/><V132/><F132/><W70/><G130/><T30/><D126/><U8/><E39/><V128/><F51/><W26/><G111/><T81/><D123/><U118/><E118/><V50/><F50/><W58/><G41/><T14/><D54/><U87/><E74/><V49/><F49/><W91/><G101/><T135/><D35/><U72/><E72/><V36/><F36/><W40/><G40/><T44/><D30/><U108/><E108/><V48/><F48/><W100/><G100/><T43/><D67/><N who="2" m="25642" /><F128/><W19/><G78/><T69/><D43/><U15/><E37/><V120/><F120/><W25/><REACH who="3" step="1"/><G91/><REACH who="3" ten="250,230,270,240" step="2"/><T90/><D102/><U5/><E103/><V122/><F129/><W1/><G1/><T57/><D90/><U133/><E133/><V12/><F122/><W82/><G82/><T68/><D135/><U77/><E79/><V113/><F113/><W61/><G61/><T110/><D110/><U2/><E77/><V16/><F62/><W73/><G73/><T121/><D121/><U106/><E2/><V97/><F60/><W10/><G10/><T55/><D55/><U85/><E53/><V109/><F109/><W115/><G115/><T42/><D42/><U131/><E76/><V80/><F80/><W134/><G134/><T31/><D57/><RYUUKYOKU ba="0,1" sc="250,15,230,-15,270,-15,240,15" hai0="13,14,31,44,46,68,69,81,83,92,93,105,107" hai3="19,20,21,25,26,56,58,59,63,65,70,84,86" /><INIT seed="2,1,1,2,5,109" ten="265,215,255,255" oya="2" hai0="41,64,91,73,15,51,30,97,92,70,48,56,36" hai1="14,17,22,24,115,113,44,80,83,134,10,86,45" hai2="25,114,72,50,101,19,47,96,34,61,135,37,121" hai3="94,110,105,58,62,57,125,124,128,132,78,87,79"/><V106/><F37/><W12/><G110/><T102/><D73/><U53/><E134/><V18/><F121/><W76/><G105/><T129/><D129/><U81/><E86/><V95/><F72/><W9/><G128/><T2/><D2/><U35/><E35/><V16/><F135/><W127/><G132/><T13/><D36/><U133/><E133/><V63/><F106/><W68/><G68/><T5/><D70/><U131/><E131/><V90/><F114/><W27/><G27/><T118/><D118/><U123/><E123/><V99/><F34/><W111/><G111/><T66/><D30/><U108/><E108/><V4/><F4/><W49/><G49/><T77/><D77/><U98/><E98/><V8/><F8/><W104/><G104/><T46/><D102/><U85/><E85/><V1/><F1/><W69/><G69/><T126/><D126/><U75/><E75/><V7/><F7/><N who="3" m="3135" /><G62/><N who="2" m="23561" /><F101/><W130/><G130/><T32/><D32/><U116/><E116/><V26/><F99/><W89/><AGARI ba="1,1" hai="57,58,76,78,79,87,89,94,124,125,127" m="3135" machi="89" ten="40,1500,0" yaku="18,1" doraHai="109" who="3" fromWho="3" sc="265,-5,215,-5,255,-8,255,28" /><INIT seed="3,0,0,5,2,78" ten="260,210,247,283" oya="3" hai0="57,123,64,29,4,40,65,52,84,121,43,47,32" hai1="108,10,128,132,100,51,83,102,42,55,11,16,21" hai2="26,15,62,93,131,7,124,97,48,101,20,82,69" hai3="18,85,25,89,134,114,23,76,80,117,92,36,24"/><W58/><G117/><T1/><D29/><U67/><E108/><V37/><F37/><W27/><G114/><T39/><D32/><U119/><E119/><V81/><F131/><W38/><G134/><T125/><D1/><U2/><E128/><V44/><F124/><W86/><REACH who="3" step="1"/><G58/><REACH who="3" ten="260,210,247,273" step="2"/><T75/><D57/><U66/><E132/><V9/><F69/><W3/><G3/><T88/><D123/><U22/><E2/><V34/><F34/><W41/><G41/><T79/><D121/><U118/><E118/><V130/><F130/><W135/><G135/><T45/><D43/><U90/><E42/><N who="2" m="24599" /><F62/><W77/><G77/><T116/><D40/><U107/><E107/><V91/><F101/><W104/><G104/><T95/><D79/><U54/><E102/><V73/><F73/><W8/><G8/><T5/><D75/><U113/><E100/><V105/><F105/><W111/><G111/><T12/><D116/><U63/><E113/><V46/><F46/><W99/><G99/><T133/><D45/><N who="1" m="28015" /><E10/><V120/><F120/><W68/><G68/><T70/><D70/><U129/><E129/><V110/><F110/><W49/><G49/><T94/><D133/><U127/><E11/><V109/><F109/><W30/><G30/><AGARI ba="0,1" hai="7,9,15,20,26,30,81,82,91,93,97" m="24599" machi="30" ten="30,3900,0" yaku="8,1,52,2" doraHai="78" who="2" fromWho="3" sc="260,0,210,0,247,49,273,-39" /><INIT seed="4,0,0,0,5,61" ten="260,210,296,234" oya="0" hai0="128,77,36,23,33,119,85,48,54,106,25,80,130" hai1="90,89,4,68,30,95,57,108,126,118,86,14,100" hai2="21,51,91,16,81,116,50,76,64,101,37,27,44" hai3="117,94,2,135,53,20,1,121,55,46,102,38,104"/><T15/><D119/><U43/><E68/><V58/><F116/><W39/><G117/><T41/><D106/><U125/><E118/><V66/><F37/><W96/><G121/><T22/><D36/><U107/><E30/><V84/><F101/><W111/><G135/><T83/><D41/><U9/><E43/><N who="2" m="24863" /><F76/><W109/><G104/><T82/><D33/><U103/><E108/><V120/><F120/><W8/><G39/><T63/><D63/><U72/><E72/><V88/><F91/><W13/><G20/><T129/><D15/><U29/><E29/><V65/><F51/><W73/><G73/><T10/><D10/><U87/><E107/><V34/><F34/><W70/><G70/><T113/><D113/><U26/><E26/><V110/><F110/><W24/><G24/><T19/><REACH who="0" step="1"/><D23/><REACH who="0" ten="250,210,296,234" step="2"/><U131/><E131/><V5/><F5/><W32/><G32/><T93/><D93/><U18/><E126/><V133/><F133/><W97/><G38/><T49/><D49/><U112/><E125/><V105/><F105/><W6/><G13/><T40/><D40/><U92/><E112/><V47/><F47/><AGARI ba="0,1" hai="19,22,25,47,48,54,77,80,82,83,85,128,129,130" machi="47" ten="40,3900,0" yaku="1,1,19,1,53,0" doraHai="61" doraHaiUra="3" who="0" fromWho="2" sc="250,49,210,0,296,-39,234,0" /><INIT seed="4,1,0,1,5,94" ten="299,210,257,234" oya="0" hai0="53,82,34,127,38,5,48,55,72,85,97,37,86" hai1="67,66,1,91,68,107,33,70,4,16,101,8,99" hai2="13,35,52,116,114,47,131,129,81,6,14,18,29" hai3="54,115,44,59,24,118,69,77,83,106,12,62,27"/><T122/><D122/><U64/><E33/><V41/><F114/><W87/><G118/><T31/><D127/><U93/><REACH who="1" step="1"/><E16/><REACH who="1" ten="299,200,257,234" step="2"/><V20/><F116/><W11/><G115/><T25/><D34/><U110/><E110/><V135/><F135/><W63/><G106/><T78/><D31/><U74/><E74/><V119/><F119/><W51/><G69/><T125/><D125/><U58/><E58/><V102/><F35/><W96/><G63/><T105/><D25/><U80/><E80/><V111/><F81/><W103/><G11/><T43/><D72/><U9/><E9/><V133/><F133/><W39/><G12/><T22/><D22/><U84/><AGARI ba="1,1" hai="1,4,8,64,66,67,68,70,84,91,93,99,101,107" machi="84" ten="30,4000,0" yaku="1,1,0,1,52,1,53,0" doraHai="94" doraHaiUra="128" who="1" fromWho="1" sc="299,-21,200,53,257,-11,234,-11" /><INIT seed="5,0,0,5,5,52" ten="278,253,246,223" oya="1" hai0="35,93,19,12,97,59,94,9,47,26,34,13,37" hai1="87,29,95,129,135,76,7,2,44,103,67,0,22" hai2="63,23,99,125,80,71,1,66,84,28,131,126,96" hai3="133,124,82,11,25,32,55,46,3,83,64,86,128"/><U68/><E0/><V127/><F1/><W5/><G128/><T111/><D111/><U15/><E2/><V109/><F109/><W16/><G133/><T14/><D94/><U81/><E135/><V62/><F131/><W74/><G124/><T92/><D92/><U112/><E129/><V61/><F61/><W24/><G64/><T121/><D121/><U30/><E112/><V122/><F122/><W102/><G102/><T21/><D37/><U10/><E44/><V107/><F63/><W85/><G74/><T90/><D47/><U54/><E54/><V49/><F49/><W50/><G32/><T119/><D119/><U40/><E40/><V58/><F71/><W100/><G100/><T91/><D91/><U48/><E48/><V88/><F107/><W18/><G25/><AGARI ba="0,0" hai="23,25,28,58,62,66,80,84,88,96,99,125,126,127" machi="25" ten="40,5200,0" yaku="18,1,52,1,54,1" doraHai="52" who="2" fromWho="3" sc="278,0,253,0,246,52,223,-52" /><INIT seed="6,0,0,1,1,3" ten="278,253,298,171" oya="2" hai0="70,29,90,135,94,98,99,71,19,0,18,103,83" hai1="22,89,96,128,68,93,92,112,64,1,122,40,25" hai2="100,7,55,86,105,87,109,46,69,97,27,117,113" hai3="116,118,36,5,78,8,114,124,81,6,52,4,129"/><V85/><F117/><W43/><G124/><T58/><D0/><U80/><E112/><V59/><F69/><W10/><G129/><T26/><D135/><U34/><E1/><V120/><F120/><W79/><G114/><T37/><D37/><U66/><E128/><V56/><F113/><W88/><G118/><T44/><D70/><U57/><E34/><V9/><F27/><W125/><G116/><T48/><D71/><U35/><E35/><V28/><F28/><W20/><G125/><T60/><D29/><N who="1" m="17591" /><E68/><V111/><F46/><W82/><G36/><T108/><D108/><N who="2" m="41546" /><F55/><W65/><G43/><N who="0" m="24607" /><D26/><U32/><E32/><V21/><F21/><W107/><G107/><T106/><D106/><U13/><E40/><V132/><F132/><W115/><G65/><N who="1" m="25194" /><E57/><V45/><F45/><W76/><G115/><T12/><D58/><U131/><E131/><V91/><F91/><W33/><G33/><T2/><D90/><U11/><E122/><V110/><F110/><W42/><G42/><T126/><D2/><AGARI ba="0,0" hai="2,7,9,56,59,85,86,87,97,100,105" m="41546" machi="2" ten="30,2900,0" yaku="10,1,52,1" doraHai="3" who="2" fromWho="0" sc="278,-29,253,0,298,29,171,0" owari="249,-15.0,253,5.0,327,43.0,171,-33.0" /></mjloggm>