<mjloggm ver="2.3"><GO type="41" lobby="0"/><UN n0="%50%4C%32" n1="%E6%98%9F%E3%81%AE%E7%8C%AB" n2="%E5%B0%B1%E6%B4%BB%E7%94%9F%40%E5%B7%9D%E6%9D%91%E8%BB%8D%E5%9B%A3" n3="%54%69%6C%65%72" dan="14,13,14,14" rate="2003.64,1895.96,1929.23,1817.61" sx="F,M,M,M"/><TAIKYOKU oya="0"/><INIT seed="0,0,0,5,4,70" ten="250,250,250,250" oya="0" hai0="47,92,33,119,110,56,117,122,58,94,87,97,52" hai1="57,34,123,115,43,80,46,130,103,114,116,20,90" hai2="133,4,68,62,51,126,135,60,66,61,18,48,36" hai3="93,79,7,127,101,41,63,73,95,128,32,64,89"/><T77/><D122/><U29/><E123/><V86/><F4/><W125/><G32/><T72/><D33/><U113/><E116/><V30/><F30/><W82/><G41/><T19/><D72/><U105/><E20/><V65/><F18/><W22/><G7/><T13/><D110/><U131/><E57/><N who="2" m="37007" /><F86/><W85/><G22/><T3/><D3/><U54/><E54/><V121/><F121/><W96/><G63/><T12/><D47/><U10/><E90/><V124/><F61/><W53/><G53/><T111/><D111/><U28/><E80/><V24/><F24/><W59/><G59/><T78/><D87/><U69/><E10/><V132/><F36/><W84/><G64/><T98/><REACH who="0" step="1"/><D19/><REACH who="0" ten="240,250,250,250" step="2"/><U27/><E29/><V9/><F9/><W55/><G73/><T74/><D74/><U6/><E6/><V112/><F112/><W17/><G17/><T104/><D104/><U45/><E45/><V108/><F108/><W15/><G85/><T75/><D75/><U5/><E5/><V134/><F134/><W8/><G84/><T14/><D14/><U0/><E0/><V99/><F99/><W31/><G15/><T21/><D21/><U38/><E69/><V106/><F106/><W39/><G31/><T11/><D11/><U42/><E42/><V49/><AGARI ba="0,1" hai="48,49,51,62,66,68,124,126,132,133,135" m="37007" machi="49" ten="40,5200,0" yaku="20,1,34,2" doraHai="70" who="2" fromWho="2" sc="240,-26,250,-13,250,62,250,-13" /><INIT seed="1,0,0,0,2,89" ten="214,237,312,237" oya="1" hai0="18,32,114,68,104,130,122,134,131,127,29,17,57" hai1="128,87,101,94,97,41,110,75,86,91,8,5,52" hai2="24,84,116,115,112,40,37,3,31,46,14,59,80" hai3="11,54,6,74,45,109,23,123,71,72,63,30,119"/><U28/><E128/><N who="0" m="49193" /><D57/><U76/><E110/><V9/><F116/><W102/><G119/><T88/><D68/><U47/><E28/><V103/><F3/><W85/><G109/><T117/><D114/><U108/><E108/><V16/><F103/><W90/><G123/><T129/><D104/><U106/><E87/><V105/><F105/><W70/><G102/><T34/><D117/><U49/><E41/><V7/><F59/><W95/><G71/><T27/><N who="0" m="49201" /><T120/><DORA hai="82" /><D88/><U38/><E38/><V77/><REACH who="2" step="1"/><F7/><REACH who="2" ten="214,237,302,237" step="2"/><W20/><G70/><T79/><D122/><U83/><E5/><V4/><F4/><W93/><G6/><T56/><D120/><U124/><REACH who="1" step="1"/><E8/><REACH who="1" ten="214,227,302,237" step="2"/><V65/><F65/><W15/><G11/><T26/><D134/><U44/><E44/><V2/><F2/><W67/><G45/><T13/><D127/><AGARI ba="0,2" hai="47,49,52,75,76,83,86,91,94,97,101,106,124,127" machi="127" ten="40,18000,2" yaku="1,1,24,2,52,2,54,1,53,1" doraHai="89,82" doraHaiUra="12,42" who="1" fromWho="0" sc="214,-180,227,200,302,0,237,0" /><INIT seed="1,1,0,5,5,40" ten="34,427,302,237" oya="1" hai0="81,132,72,92,115,116,6,101,100,16,129,37,130" hai1="88,75,65,128,95,52,112,89,51,55,46,32,86" hai2="36,14,7,0,80,120,64,99,97,27,23,76,47" hai3="56,126,13,9,83,98,33,25,22,70,21,113,24"/><U15/><E112/><V29/><F120/><W85/><G70/><T34/><D37/><U39/><E32/><V84/><F64/><W124/><G113/><T108/><D34/><U133/><E75/><V2/><F2/><W3/><G33/><T119/><D6/><U93/><E128/><N who="0" m="49257" /><D16/><U11/><E39/><V96/><F0/><W17/><G98/><N who="0" m="59463" /><D115/><U135/><E65/><V127/><F127/><N who="3" m="48683" /><G56/><T110/><D132/><N who="1" m="50763" /><E55/><V45/><F36/><W67/><G67/><T134/><D134/><U91/><E86/><V30/><F30/><W82/><G3/><T63/><D63/><U117/><E117/><N who="0" m="45129" /><D101/><U20/><E20/><V26/><F26/><W19/><G9/><AGARI ba="1,0" hai="7,9,14,23,27,29,45,47,76,80,84,96,97,99" machi="9" ten="40,5200,0" yaku="8,1,52,2" doraHai="40" who="2" fromWho="3" sc="34,0,427,0,302,55,237,-55" /><INIT seed="2,0,0,0,3,1" ten="34,427,357,182" oya="2" hai0="117,65,13,109,90,95,133,36,53,120,47,83,45" hai1="46,129,81,25,78,37,107,70,26,84,57,101,111" hai2="134,40,114,122,32,59,127,91,68,44,62,28,15" hai3="30,61,38,56,23,64,67,131,115,18,14,6,24"/><V63/><F122/><W106/><G38/><T17/><D120/><U119/><E119/><V69/><F114/><W128/><G115/><T87/><D117/><U21/><E70/><V48/><F134/><W11/><G106/><T52/><D133/><U93/><E111/><V72/><F72/><W5/><G67/><T116/><D116/><U54/><E129/><AGARI ba="0,0" hai="5,6,11,14,18,23,24,30,56,61,64,128,129,131" machi="129" ten="40,5200,0" yaku="19,1,52,2" doraHai="1" who="3" fromWho="1" sc="34,0,427,-52,357,0,182,52" /><INIT seed="3,0,0,5,5,27" ten="34,375,357,234" oya="3" hai0="88,124,45,67,69,100,43,114,71,44,90,120,115" hai1="76,49,116,47,97,40,121,135,111,13,12,32,91" hai2="93,58,46,94,118,129,39,23,8,21,25,51,122" hai3="60,101,104,80,85,102,57,110,41,29,66,65,35"/><W52/><G110/><T75/><D120/><U106/><E121/><V77/><F118/><W19/><G41/><T11/><D100/><U38/><E111/><V127/><F39/><W74/><G74/><T123/><D123/><U22/><E116/><V18/><F122/><W125/><G125/><T113/><D11/><U17/><E135/><V59/><F127/><W86/><G66/><T28/><D124/><U112/><E112/><N who="0" m="28673" /><T5/><DORA hai="128" /><D5/><U34/><E76/><V50/><F129/><W24/><G19/><T134/><D75/><U107/><E13/><N who="2" m="7463" /><F77/><W105/><G102/><T56/><D56/><N who="2" m="21546" /><F50/><W96/><G105/><T33/><D67/><U95/><E107/><V20/><F25/><W68/><G80/><T54/><D54/><AGARI ba="0,0" hai="20,21,23,46,51,54,93,94" m="21546,7463" machi="54" ten="30,1000,0" yaku="8,1" doraHai="27,128" who="2" fromWho="0" sc="34,-10,375,0,357,10,234,0" /><INIT seed="4,0,0,0,5,93" ten="24,375,367,234" oya="0" hai0="19,58,71,60,106,74,57,22,46,115,83,98,113" hai1="20,9,126,55,6,29,50,27,92,0,10,64,117" hai2="109,95,76,134,99,45,43,39,101,8,133,123,1" hai3="107,86,105,128,28,104,69,94,78,89,131,26,17"/><T23/><D74/><U75/><E117/><V18/><F123/><W2/><G69/><T24/><D83/><U48/><E75/><V97/><F109/><W84/><G2/><T114/><D46/><U96/><E126/><V66/><F66/><W77/><G17/><T33/><D33/><U118/><E118/><V85/><F101/><W87/><G28/><T13/><D71/><U38/><E38/><V56/><F56/><W121/><G26/><T42/><D42/><U36/><E36/><V37/><F37/><W61/><G61/><T111/><D111/><U30/><E10/><V51/><F39/><W35/><G35/><T34/><D34/><U102/><E30/><V125/><F125/><W70/><G70/><T40/><D40/><U72/><E72/><V103/><F103/><W68/><G68/><T62/><D106/><U135/><E135/><N who="2" m="51723" /><F95/><W65/><G65/><T129/><D129/><N who="3" m="49737" /><G121/><T132/><D132/><U127/><E127/><V7/><F18/><W124/><G124/><T52/><D98/><N who="2" m="37386" /><F85/><W32/><G32/><T47/><D47/><U59/><E64/><V119/><F119/><W81/><G81/><T91/><D91/><U130/><E130/><V82/><F82/><W31/><G31/><N who="0" m="17815" /><D58/><U54/><E54/><V41/><F76/><AGARI ba="0,0" hai="76,77,78,84,86,87,89,94,104,105,107" m="49737" machi="76" ten="40,5200,0" yaku="19,1,34,2" doraHai="93" who="3" fromWho="2" sc="24,0,375,0,367,-52,234,52" /><INIT seed="5,0,0,4,2,39" ten="24,375,315,286" oya="1" hai0="123,38,85,110,5,18,47,46,17,57,112,48,87" hai1="86,2,3,42,56,83,121,8,98,102,119,94,55" hai2="70,125,134,104,117,19,27,35,111,20,131,53,62" hai3="51,128,90,34,50,12,105,130,88,133,4,120,31"/><U52/><E119/><V93/><F111/><W43/><G120/><T92/><D110/><U6/><E121/><V30/><F104/><W99/><G34/><T13/><D112/><U36/><E3/><V126/><F117/><W100/><G31/><T54/><D123/><U37/><E55/><V79/><F79/><W21/><G133/><T9/><D38/><U96/><E42/><V72/><F72/><W115/><G115/><T25/><D25/><U64/><E64/><V73/><F73/><W75/><G75/><T74/><D74/><U116/><E116/><V132/><F93/><W23/><G23/><T49/><D57/><U68/><E68/><V118/><F118/><W103/><G103/><T76/><D85/><U63/><E98/><V113/><F113/><W91/><G43/><T44/><D44/><U114/><E114/><V107/><F107/><W109/><G109/><T59/><D59/><U135/><E135/><N who="2" m="51755" /><F131/><N who="3" m="50219" /><G21/><T66/><D66/><U77/><AGARI ba="0,0" hai="2,6,8,36,37,52,56,63,77,83,86,94,96,102" machi="77" ten="20,3900,0" yaku="0,1,7,1,54,1" doraHai="39" who="1" fromWho="1" sc="24,-13,375,39,315,-13,286,-13" /><INIT seed="5,1,0,1,1,86" ten="11,414,302,273" oya="1" hai0="53,84,76,102,110,99,68,75,117,116,83,11,23" hai1="77,18,56,87,90,127,93,119,20,28,63,35,1" hai2="123,36,21,60,47,118,121,73,109,14,69,131,124" hai3="108,15,58,101,2,31,54,104,34,79,106,50,113"/><U100/><E119/><V92/><F73/><W91/><G108/><T40/><D68/><U17/><E1/><V114/><F118/><W67/><G2/><T62/><D110/><U6/><E35/><V70/><F109/><W30/><G79/><T81/><D11/><U88/><E6/><V33/><F33/><W43/><G113/><T122/><D122/><U37/><E37/><V38/><F114/><W9/><G31/><T27/><D40/><U19/><E127/><V61/><F131/><W125/><G125/><T3/><D3/><U66/><E77/><V49/><F124/><W71/><G101/><T29/><D53/><U65/><E65/><V45/><F92/><W57/><G71/><N who="2" m="27145" /><F14/><W12/><G34/><T74/><D62/><N who="2" m="24170" /><F21/><W51/><G30/><T120/><D120/><N who="2" m="46154" /><F49/><W55/><G9/><T26/><D26/><N who="1" m="16455" /><E87/><V112/><F112/><W132/><G67/><T129/><D129/><U95/><E95/><V94/><F94/><W41/><G41/><T103/><D103/><U82/><E100/><V48/><F48/><W134/><REACH who="3" step="1"/><G43/><REACH who="3" ten="11,414,302,263" step="2"/><T39/><D39/><AGARI ba="1,1" hai="36,38,39,45,47" m="46154,24170,27145" machi="39" ten="40,8000,1" yaku="28,2,34,2" doraHai="86" who="2" fromWho="0" sc="11,-83,414,0,302,93,263,0" owari="-72,-57.0,414,51.0,395,20.0,263,-14.0" /></mjloggm>