<mjloggm ver="2.3"><GO type="41" lobby="0"/><UN n0="%E3%83%AB%E3%83%8D%E3%82%B9%E3%82%BF" n1="%6D%61%74%69%6F%73%61%6E" n2="%E5%B0%B1%E6%B4%BB%E7%94%9F%40%E5%B7%9D%E6%9D%91%E8%BB%8D%E5%9B%A3" n3="%E3%81%AD%E3%81%8B%E3%81%BE%50" dan="15,15,16,14" rate="2024.40,2014.33,2052.69,1939.05" sx="M,M,M,F"/><TAIKYOKU oya="0"/><INIT seed="0,0,0,1,5,131" ten="250,250,250,250" oya="0" hai0="58,127,0,15,43,13,24,53,25,128,119,121,73" hai1="110,78,98,96,80,55,46,66,117,71,130,69,16" hai2="134,4,14,1,103,82,48,20,106,123,54,122,51" hai3="31,22,95,129,67,126,2,87,91,37,133,68,23"/><T88/><D73/><U108/><E117/><V42/><F1/><W30/><G129/><T132/><D0/><U17/><E130/><V116/><F116/><W45/><G2/><T56/><D128/><U34/><E34/><V49/><F42/><W33/><G126/><T84/><D119/><U120/><E120/><V89/><F54/><W18/><G33/><T105/><D105/><U118/><E118/><V92/><F106/><W70/><G23/><T5/><D127/><U99/><E66/><V41/><F41/><W57/><G68/><N who="1" m="26186" /><E55/><V7/><F103/><W62/><G70/><T9/><D121/><U44/><E80/><V83/><F123/><W77/><G77/><T74/><D74/><U11/><E11/><V32/><F32/><W35/><G35/><T114/><D114/><U115/><E78/><V111/><F111/><N who="1" m="42537" /><E115/><V19/><F134/><W81/><G81/><T113/><D113/><U36/><E36/><V112/><F112/><W97/><G133/><T38/><D132/><U39/><E39/><V75/><F122/><W107/><G37/><T26/><D15/><U47/><AGARI ba="0,0" hai="16,17,44,46,47,96,98,99" m="42537,26186" machi="47" ten="40,8000,1" yaku="28,2,14,1,54,1" doraHai="131" who="1" fromWho="1" sc="250,-40,250,80,250,-20,250,-20" /><INIT seed="1,0,0,2,5,80" ten="210,330,230,230" oya="1" hai0="44,84,77,128,74,37,83,127,97,19,112,116,102" hai1="36,30,43,12,124,54,111,22,13,66,110,122,24" hai2="73,40,106,56,88,69,59,50,92,10,20,117,48" hai3="87,34,41,42,33,6,101,11,109,121,15,52,57"/><U125/><E122/><V82/><F106/><W62/><G121/><T17/><D116/><U99/><E66/><V9/><F69/><W4/><G109/><N who="1" m="41482" /><E54/><N who="2" m="31815" /><F73/><W75/><G75/><T18/><D112/><U49/><E36/><V120/><F120/><W126/><G101/><T5/><D127/><N who="1" m="48715" /><E99/><N who="2" m="57735" /><F117/><W134/><G126/><T63/><D128/><U26/><E26/><V89/><F20/><W16/><G134/><T67/><D37/><U98/><E98/><V135/><F135/><W0/><G33/><T76/><D44/><AGARI ba="0,0" hai="12,13,22,24,30,43,44,49" m="48715,41482" machi="44" ten="30,5800,0" yaku="14,1,10,1,18,1" doraHai="80" who="1" fromWho="0" sc="210,-58,330,58,230,0,230,0" /><INIT seed="1,1,0,4,0,73" ten="152,388,230,230" oya="1" hai0="124,58,23,109,0,74,37,29,135,57,77,14,72" hai1="34,7,95,48,102,120,132,31,41,28,39,122,53" hai2="21,78,96,56,22,70,111,13,55,123,97,125,94" hai3="129,98,107,51,16,49,100,30,4,61,92,104,24"/><U69/><E69/><V75/><F70/><W12/><G129/><T81/><D0/><U17/><E132/><V63/><F123/><W3/><G104/><T130/><D37/><U93/><E41/><V83/><F125/><W20/><G107/><T118/><D118/><U115/><E39/><V32/><F32/><W25/><G25/><T27/><D124/><U54/><E7/><V2/><F2/><W47/><G47/><T5/><D135/><U15/><E115/><V87/><F111/><W119/><G119/><T11/><D109/><U59/><E34/><V19/><F75/><W108/><G108/><T113/><D113/><U44/><E120/><V8/><REACH who="2" step="1"/><F97/><REACH who="2" ten="152,388,220,230" step="2"/><W126/><G126/><T62/><D130/><U18/><E122/><V99/><F99/><W89/><G100/><AGARI ba="1,1" hai="8,13,19,21,22,55,56,63,78,83,87,94,96,100" machi="100" ten="30,7700,0" yaku="1,1,7,1,8,1,52,1,53,0" doraHai="73" doraHaiUra="128" who="2" fromWho="3" sc="152,0,388,0,220,90,230,-80" /><INIT seed="2,0,0,3,5,67" ten="152,388,310,150" oya="2" hai0="87,83,115,113,81,124,77,88,97,105,12,17,48" hai1="39,98,85,104,76,102,31,66,18,21,129,99,58" hai2="32,22,61,45,33,118,65,78,123,114,80,6,134" hai3="94,128,121,82,23,49,7,110,135,79,29,15,46"/><V109/><F123/><W119/><G121/><T63/><D124/><U130/><E39/><V1/><F114/><W69/><G128/><T56/><D48/><U43/><E31/><V131/><F118/><W116/><G135/><T27/><D105/><U120/><E43/><V44/><F131/><N who="1" m="50185" /><E120/><V89/><F134/><W125/><G110/><T72/><D97/><U9/><E9/><V25/><F109/><W95/><G125/><T59/><D27/><U36/><E36/><V37/><F89/><W127/><G127/><T51/><D59/><U35/><E35/><V68/><F6/><W47/><G47/><T2/><D2/><U26/><E98/><V100/><F100/><W91/><G116/><T101/><D101/><U3/><E3/><V24/><F1/><W8/><G91/><T57/><D57/><U30/><E30/><V126/><F126/><W73/><G119/><T13/><D13/><U112/><E112/><V111/><F111/><W122/><G122/><T0/><D0/><U75/><E75/><V133/><F133/><W54/><REACH who="3" step="1"/><G69/><REACH who="3" ten="152,388,310,140" step="2"/><T34/><D115/><U16/><E102/><V90/><F90/><W74/><G74/><T64/><D113/><U40/><E76/><V103/><F103/><W117/><G117/><T10/><D34/><U14/><E104/><V11/><F44/><W96/><G96/><T28/><D28/><U53/><E99/><V60/><F45/><W70/><G70/><T19/><D19/><U5/><E5/><V41/><F68/><W132/><G132/><T71/><D71/><U107/><E107/><V52/><F78/><RYUUKYOKU ba="0,1" sc="152,15,388,-15,310,-15,140,15" hai0="10,12,17,51,56,63,64,72,77,81,83,87,88" hai3="7,8,15,23,29,46,49,54,73,79,82,94,95" /><INIT seed="3,1,1,0,1,25" ten="167,373,295,155" oya="3" hai0="18,134,109,51,21,81,64,125,120,107,59,28,27" hai1="122,22,36,73,124,99,70,23,112,5,61,54,86" hai2="77,42,16,49,45,19,12,130,6,38,0,24,72" hai3="118,34,89,35,117,123,87,15,13,103,37,78,121"/><W26/><G37/><T10/><D120/><U60/><E73/><V69/><F130/><W113/><G78/><T132/><D107/><U129/><E122/><V67/><F69/><W46/><G103/><T94/><D125/><U52/><E36/><V75/><F67/><W50/><G113/><T2/><D109/><U48/><E112/><V9/><F77/><W4/><G121/><T47/><D94/><U17/><E70/><V104/><F104/><W88/><G123/><T63/><D81/><U3/><E129/><V111/><F111/><W106/><G106/><T133/><D2/><U84/><E3/><V40/><F19/><W39/><G39/><T68/><D10/><U30/><E5/><V114/><F114/><W126/><G126/><T11/><D11/><U32/><E32/><V97/><F97/><W115/><G115/><T93/><D93/><U44/><E99/><V43/><F24/><W100/><G100/><T57/><REACH who="0" step="1"/><D18/><REACH who="0" ten="157,373,295,155" step="2"/><U80/><E80/><V92/><F92/><W41/><G4/><T71/><D71/><U31/><E17/><V90/><F6/><W56/><G117/><T58/><D58/><U101/><E124/><V1/><F1/><W53/><G118/><T116/><D116/><U102/><E44/><V20/><F0/><W7/><G7/><T55/><AGARI ba="1,2" hai="21,27,28,47,51,55,57,59,63,64,68,132,133,134" machi="55" ten="30,7900,0" yaku="1,1,0,1,20,1,52,1,53,0" doraHai="25" doraHaiUra="29" who="0" fromWho="0" sc="157,102,373,-21,295,-21,155,-40" /><INIT seed="4,0,0,0,1,79" ten="259,352,274,115" oya="0" hai0="34,48,4,35,25,36,100,120,42,97,111,64,84" hai1="41,69,82,44,37,14,26,103,38,60,31,108,134" hai2="30,126,67,46,61,88,29,85,74,93,68,8,72" hai3="52,124,43,11,76,9,7,17,101,22,0,113,3"/><T19/><D36/><U2/><E2/><V116/><F116/><W130/><G124/><T56/><D120/><U59/><E108/><V89/><F126/><W90/><G130/><T127/><D111/><U40/><E134/><V15/><F46/><W70/><G70/><T125/><D127/><U129/><E69/><V132/><F132/><W55/><G101/><T98/><D125/><U95/><E82/><V65/><F65/><W71/><G71/><T104/><D4/><U80/><E80/><V66/><F66/><W77/><G113/><T115/><D115/><U24/><E14/><V94/><F74/><W27/><G43/><T133/><D133/><U16/><E129/><V92/><F72/><W112/><G90/><T96/><D84/><U5/><E5/><V51/><F51/><W121/><G121/><T122/><D122/><U50/><E41/><V1/><F1/><W110/><G110/><T33/><D64/><U13/><E38/><V39/><F39/><W73/><G112/><T47/><REACH who="0" step="1"/><D56/><REACH who="0" ten="249,352,274,115" step="2"/><U117/><E117/><V21/><F67/><W62/><G73/><T107/><D107/><U106/><E106/><V20/><F68/><W91/><G7/><T49/><D49/><U75/><E75/><V12/><F61/><W102/><G62/><T78/><D78/><U105/><E105/><V131/><F131/><W6/><G6/><T54/><D54/><U87/><E37/><V135/><F135/><W63/><G63/><T57/><D57/><U58/><E60/><V18/><F85/><W23/><G77/><T109/><D109/><U10/><E87/><RYUUKYOKU ba="0,1" sc="249,30,352,-10,274,-10,115,-10" hai0="19,25,33,34,35,42,47,48,96,97,98,100,104" /><INIT seed="4,1,1,2,0,45" ten="279,342,264,105" oya="0" hai0="52,116,123,41,105,132,53,10,130,39,24,68,37" hai1="104,40,31,121,65,98,56,8,101,67,90,79,46" hai2="93,92,6,62,32,38,71,21,129,2,33,85,113" hai3="91,99,97,12,22,63,73,76,82,54,126,17,118"/><T58/><D105/><U60/><E121/><V127/><F38/><W14/><G118/><T115/><D116/><U77/><E65/><V134/><F127/><W117/><G126/><T47/><D123/><U102/><E102/><V27/><F129/><W15/><G117/><T49/><D130/><U16/><E31/><V9/><F134/><W35/><G35/><T66/><D132/><U70/><E90/><V78/><F113/><W30/><G30/><T128/><D128/><U95/><E70/><V125/><F125/><W83/><G99/><T131/><D131/><U42/><E104/><V133/><F133/><W135/><G135/><T59/><D24/><U74/><E74/><V13/><F2/><W36/><G36/><N who="0" m="13899" /><D10/><U110/><E42/><V107/><F107/><W111/><G111/><T50/><D115/><U86/><E86/><V20/><F20/><W120/><G120/><T55/><D68/><U64/><E64/><V7/><F7/><W4/><G4/><T0/><D0/><U84/><E84/><V75/><F75/><W3/><G3/><T48/><D66/><U80/><E80/><V25/><F25/><W112/><G112/><T57/><AGARI ba="1,1" hai="41,47,48,49,50,52,53,55,57,58,59" m="13899" machi="57" ten="40,24000,3" yaku="35,5,52,3,54,1" doraHai="45" who="0" fromWho="0" sc="279,253,342,-81,264,-81,105,-81" /><INIT seed="4,2,0,5,5,36" ten="532,261,183,24" oya="0" hai0="111,104,56,116,115,13,60,74,68,86,69,31,97" hai1="109,113,78,33,25,135,91,48,95,53,17,64,88" hai2="50,133,81,43,14,0,84,90,110,108,16,131,15" hai3="3,128,126,32,55,123,82,100,106,9,119,122,129"/><T96/><D74/><U80/><E109/><V132/><F0/><W103/><G32/><T18/><D116/><U1/><E1/><V30/><F30/><W34/><G34/><T24/><D115/><U117/><E117/><V114/><F114/><W19/><G119/><T70/><D111/><U2/><E2/><V52/><F15/><W39/><G39/><T76/><D104/><U101/><E135/><N who="2" m="51787" /><F131/><N who="3" m="50251" /><G126/><T26/><D86/><N who="1" m="48407" /><E33/><V75/><F75/><W35/><G35/><T8/><D76/><U7/><E64/><V6/><F6/><N who="3" m="1247" /><G19/><T98/><D31/><U107/><E107/><V125/><F125/><W29/><G29/><T127/><D127/><U134/><E7/><V44/><F43/><W99/><G103/><T65/><AGARI ba="2,0" hai="8,13,18,24,26,56,60,65,68,69,70,96,97,98" machi="65" ten="40,2100,0" yaku="0,1" doraHai="36" who="0" fromWho="0" sc="532,27,261,-9,183,-9,24,-9" /><INIT seed="4,3,0,3,1,36" ten="559,252,174,15" oya="0" hai0="134,86,115,32,88,12,93,47,2,108,48,24,45" hai1="100,114,95,76,35,122,30,21,81,31,44,127,124" hai2="98,34,53,96,130,26,64,7,28,116,107,58,109" hai3="10,83,87,117,82,59,49,56,75,29,61,74,126"/><T78/><D2/><U54/><E122/><V40/><F109/><W3/><G117/><T91/><D108/><U5/><E5/><V119/><F130/><W65/><G29/><T135/><D115/><U14/><E35/><V123/><F123/><W90/><G126/><N who="1" m="48170" /><E114/><V20/><F64/><W42/><G82/><T62/><D62/><U89/><E100/><V70/><F70/><W17/><G56/><T68/><D68/><U46/><E14/><V0/><F40/><W18/><G18/><T37/><D37/><U27/><E54/><V15/><F107/><W99/><G99/><T50/><D78/><U13/><E13/><V4/><F4/><W73/><G3/><T39/><D12/><U106/><E106/><V104/><F104/><W97/><G97/><T118/><D39/><U110/><E30/><V63/><F116/><W105/><G105/><T69/><D118/><U52/><E52/><V9/><F119/><W113/><G113/><T133/><D24/><U72/><E110/><V84/><F84/><AGARI ba="3,0" hai="21,27,31,44,46,72,76,81,84,89,95" m="48170" machi="84" ten="30,1000,0" yaku="18,1" doraHai="36" who="1" fromWho="2" sc="559,0,252,19,174,-19,15,0" /><INIT seed="5,0,0,2,5,56" ten="559,271,155,15" oya="1" hai0="23,122,16,100,83,58,64,115,49,38,117,130,3" hai1="134,89,69,82,40,29,12,54,22,74,47,33,66" hai2="27,24,91,28,61,103,127,72,131,30,65,0,109" hai3="132,37,34,9,120,52,39,53,41,135,124,26,36"/><U2/><E2/><V88/><F0/><W112/><G120/><T97/><D38/><U32/><E134/><N who="3" m="51242" /><G9/><T20/><D3/><U17/><E54/><N who="3" m="21098" /><G34/><T6/><D117/><U4/><E4/><V118/><F118/><W84/><G26/><T35/><D6/><U133/><E29/><V113/><F109/><W116/><G116/><T114/><D23/><U78/><E89/><V106/><F72/><W57/><G124/><T10/><D122/><U73/><E73/><V14/><F127/><W107/><G107/><T80/><D10/><U42/><E42/><V86/><F14/><W121/><G121/><T111/><D35/><U1/><E1/><V87/><F131/><W90/><G112/><T18/><D130/><U93/><E93/><V105/><F113/><N who="0" m="43018" /><D111/><U98/><E98/><V81/><F103/><W45/><G57/><T44/><D58/><U7/><E7/><V102/><F102/><W67/><G67/><T123/><D64/><U125/><E125/><V46/><F46/><W11/><G11/><T126/><D18/><U5/><E5/><V110/><F110/><W50/><G50/><T70/><D126/><U92/><E92/><AGARI ba="0,0" hai="36,37,39,41,45,84,90,92" m="21098,51242" machi="92" ten="30,2000,0" yaku="20,1,54,1" doraHai="56" who="3" fromWho="1" sc="559,0,271,-20,155,0,15,20" /><INIT seed="6,0,0,3,3,42" ten="559,251,155,35" oya="2" hai0="5,106,65,125,124,66,62,132,129,53,134,94,43" hai1="54,55,113,103,14,114,27,120,35,87,0,80,17" hai2="19,101,8,75,63,135,22,73,9,86,108,92,28" hai3="122,68,1,117,105,41,29,10,48,30,116,74,4"/><V131/><F108/><W36/><G122/><T57/><D106/><U95/><E0/><V6/><F131/><W46/><G68/><T96/><D5/><U39/><E39/><V133/><F28/><W110/><G110/><T90/><D43/><U50/><E120/><V121/><F121/><W24/><G30/><T79/><D79/><U56/><E35/><V67/><F75/><W11/><G105/><T91/><D91/><U78/><E27/><V127/><F73/><W18/><G48/><T115/><D115/><U47/><E95/><V40/><F40/><W72/><G18/><T111/><D111/><U98/><E98/><N who="2" m="59591" /><F86/><W33/><REACH who="3" step="1"/><G11/><REACH who="3" ten="559,251,155,25" step="2"/><T118/><D129/><U82/><E113/><V25/><F6/><W51/><G51/><T60/><D118/><AGARI ba="0,1" hai="1,4,10,24,29,33,36,41,46,72,74,116,117,118" machi="118" ten="40,8000,1" yaku="1,1,23,2,52,1,53,0" doraHai="42" doraHaiUra="81" who="3" fromWho="0" sc="559,-80,251,0,155,0,25,90" /><INIT seed="7,0,0,2,4,78" ten="479,251,155,115" oya="3" hai0="116,61,100,71,5,135,2,30,95,54,21,36,16" hai1="22,63,13,9,52,18,94,72,123,87,113,101,24" hai2="55,119,121,124,79,74,57,126,73,134,76,118,62" hai3="68,127,102,29,77,129,8,110,69,60,91,103,3"/><W66/><G127/><N who="2" m="48681" /><F134/><W15/><G3/><T114/><D36/><U34/><E72/><N who="2" m="27755" /><F121/><W115/><G129/><T59/><D116/><AGARI ba="0,0" hai="55,57,62,76,79,116,118,119" m="27755,48681" machi="116" ten="40,1300,0" yaku="18,1" doraHai="78" who="2" fromWho="0" sc="479,-13,251,0,155,13,115,0" owari="466,56.0,251,5.0,168,-23.0,115,-38.0" /></mjloggm>