<mjloggm ver="2.3"><GO type="97" lobby="0"/><UN n0="%E3%81%AF%E3%82%93%E3%81%BA%E3%82%93%E7%B4%8D%E8%B1%86" n1="%E3%83%88%E3%83%A0%E3%83%BC" n2="%E8%81%96%E7%87%90" n3="%E5%B0%B1%E6%B4%BB%E7%94%9F%40%E5%B7%9D%E6%9D%91%E8%BB%8D%E5%9B%A3" dan="14,14,15,15" rate="1937.51,1950.76,2041.39,1956.18" sx="M,F,F,M"/><TAIKYOKU oya="0"/><INIT seed="0,0,0,1,2,92" ten="250,250,250,250" oya="0" hai0="21,104,29,66,118,125,127,11,55,50,102,123,86" hai1="69,95,17,65,49,31,82,115,100,64,71,53,72" hai2="45,98,130,87,58,105,8,30,93,108,47,46,68" hai3="18,78,103,120,129,9,23,48,35,6,15,38,0"/><T79/><D123/><U89/><E115/><V111/><F105/><W97/><G38/><T61/><D118/><U126/><E126/><N who="0" m="48137" /><D11/><U1/><E1/><V85/><F68/><W39/><G120/><T75/><D75/><U132/><E132/><V3/><F130/><W63/><G39/><T25/><D102/><U34/><E100/><V62/><F30/><W117/><G117/><T94/><D104/><U81/><E17/><V7/><F58/><W109/><G109/><N who="2" m="42057" /><F62/><W77/><G35/><T59/><D94/><U134/><E134/><V70/><F70/><W14/><G129/><T128/><D86/><U24/><E82/><V107/><F107/><W60/><G0/><T41/><D41/><U10/><E10/><V44/><N who="2" m="11264" /><DORA hai="54" /><V74/><F74/><W42/><G42/><T133/><D79/><N who="3" m="30217" /><G48/><T110/><D133/><U122/><E72/><V5/><F5/><W112/><G112/><T43/><D43/><U52/><E81/><V91/><AGARI ba="0,0" hai="3,7,8,85,87,91,93,98" m="11264,42057" machi="91" ten="50,3200,0" yaku="14,1,52,1" doraHai="92,54" who="2" fromWho="2" sc="250,-16,250,-8,250,32,250,-8" /><INIT seed="1,0,0,5,1,111" ten="234,242,282,242" oya="1" hai0="19,90,134,8,87,88,132,28,71,5,117,45,130" hai1="66,9,96,72,73,98,68,101,74,127,97,24,20" hai2="30,95,56,22,52,125,36,119,123,112,55,49,62" hai3="63,10,61,103,59,82,83,133,44,6,26,27,0"/><U38/><E38/><V29/><F119/><W102/><G133/><N who="0" m="51307" /><D117/><U78/><E127/><V69/><F123/><W122/><G122/><T40/><D71/><U4/><E78/><V14/><F125/><W70/><G44/><T37/><D28/><U76/><E76/><V86/><F36/><W35/><G70/><T46/><D46/><U80/><E80/><V89/><F112/><W75/><G63/><T17/><D130/><U53/><E53/><V104/><F104/><W115/><G115/><T13/><D90/><U67/><E68/><V60/><F69/><W110/><G110/><T64/><D64/><U39/><E39/><V15/><F15/><W120/><G120/><T108/><D108/><U31/><REACH who="1" step="1"/><E101/><REACH who="1" ten="234,232,282,242" step="2"/><V92/><F92/><AGARI ba="0,1" hai="5,8,13,17,19,37,40,45,87,88,92" m="51307" machi="92" ten="30,2000,0" yaku="20,1,54,1" doraHai="111" who="0" fromWho="2" sc="234,30,232,0,282,-20,242,0" /><INIT seed="2,0,0,0,1,6" ten="264,232,262,242" oya="2" hai0="123,41,25,109,111,131,32,14,24,91,3,31,39" hai1="33,22,121,133,126,77,48,119,21,8,102,108,122" hai2="83,81,72,20,101,2,92,129,29,47,50,120,65" hai3="68,125,44,110,104,70,76,16,100,56,106,17,130"/><V71/><F120/><W38/><G76/><T134/><D123/><N who="1" m="47115" /><E102/><V84/><F2/><W85/><G110/><N who="0" m="41995" /><D134/><U69/><E108/><V90/><F129/><W46/><G125/><T54/><D131/><U117/><E69/><V4/><F4/><W66/><G130/><T115/><D3/><U59/><E77/><V80/><F71/><W9/><G85/><T35/><D14/><U116/><E48/><V73/><F65/><W75/><G75/><T57/><D91/><U94/><E94/><V79/><F73/><W23/><G38/><T87/><D87/><U18/><E59/><V10/><F101/><W19/><G23/><N who="1" m="8714" /><E33/><N who="0" m="12873" /><D31/><U63/><E63/><V42/><F10/><W43/><G43/><T61/><D115/><U12/><E133/><V135/><F135/><W27/><G100/><T124/><D124/><AGARI ba="0,0" hai="8,12,18,116,117,119,124,126" m="8714,47115" machi="124" ten="40,8000,1" yaku="13,1,34,2,52,1" doraHai="6" who="1" fromWho="0" sc="264,-80,232,80,262,0,242,0" /><INIT seed="3,0,0,3,4,130" ten="184,312,262,242" oya="3" hai0="107,59,96,81,133,15,49,101,7,66,91,39,116" hai1="110,10,85,16,82,76,95,113,41,30,78,60,112" hai2="8,83,114,68,9,129,72,109,104,73,93,127,98" hai3="122,58,75,132,120,43,21,22,89,121,35,32,47"/><W99/><G75/><T135/><D39/><U37/><E110/><V28/><F68/><W12/><G58/><T88/><D116/><U97/><E30/><V54/><F28/><W34/><G132/><N who="0" m="50763" /><D81/><U65/><E78/><V6/><F109/><W124/><G124/><T119/><D119/><U62/><E62/><V115/><F127/><W31/><G31/><T46/><D66/><U102/><E41/><V3/><F129/><W4/><G4/><T55/><D46/><U52/><E37/><V20/><F104/><W26/><G12/><T48/><D48/><U64/><E64/><V92/><F93/><W100/><G26/><T53/><D53/><U0/><E52/><V23/><F54/><W51/><REACH who="3" step="1"/><G89/><REACH who="3" ten="184,312,262,232" step="2"/><T18/><D7/><U131/><E131/><V125/><F73/><W57/><G57/><T13/><D13/><U17/><E0/><V79/><F125/><W50/><G50/><T128/><D128/><U69/><REACH who="1" step="1"/><E10/><AGARI ba="0,1" hai="10,15,18,49,55,59,88,91,96,101,107" m="50763" machi="10" ten="30,8000,1" yaku="20,1,52,3,54,1" doraHai="130" who="0" fromWho="1" sc="184,90,312,-80,262,0,232,0" /><INIT seed="4,0,0,2,5,41" ten="274,232,262,232" oya="0" hai0="77,107,53,28,22,32,91,4,97,83,76,129,37" hai1="45,133,8,113,120,90,98,10,73,86,101,14,132" hai2="134,26,33,19,43,20,111,84,117,99,61,126,18" hai3="135,27,115,13,47,62,56,21,15,88,79,5,68"/><T55/><D37/><U49/><E120/><V30/><F117/><W42/><G68/><T70/><D70/><U81/><E113/><V105/><F111/><W130/><G115/><T122/><D122/><U67/><E67/><V58/><F126/><W11/><G79/><T121/><D121/><U94/><E73/><V40/><F134/><W104/><G104/><T65/><D65/><U69/><E69/><V31/><F84/><W66/><G135/><T50/><D129/><U9/><REACH who="1" step="1"/><E14/><REACH who="1" ten="274,222,262,232" step="2"/><V128/><F128/><W38/><G130/><T64/><D64/><U119/><E119/><V106/><F106/><W123/><G123/><T131/><D107/><U85/><E85/><V127/><F105/><W3/><REACH who="3" step="1"/><G88/><REACH who="3" ten="274,222,262,222" step="2"/><T7/><D131/><U12/><E12/><V48/><F99/><W118/><G118/><T23/><D97/><U25/><E25/><V74/><F26/><W102/><G102/><T110/><D91/><U124/><E124/><V103/><F127/><W108/><G108/><T78/><D110/><U16/><E16/><AGARI ba="0,2" hai="3,5,11,13,15,16,21,27,38,42,47,56,62,66" machi="16" ten="30,8000,1" yaku="1,1,7,1,52,1,54,1,53,1" doraHai="41" doraHaiUra="6" who="3" fromWho="1" sc="274,0,222,-80,262,0,222,100" owari="274,7.0,142,-36.0,262,-14.0,322,43.0" /></mjloggm>