<mjloggm ver="2.3"><GO type="225" lobby="0"/><UN n0="%E3%83%88%E3%83%88%E3%83%AA%E5%85%88%E7%94%9F%31%39%E6%AD%B3" n1="%E6%84%9B%E5%AE%95%E3%83%8D%E3%82%AD%E3%80%82" n2="%E5%A4%95%E5%8F%A2%E9%9C%A7%E9%A6%99" n3="%E5%AE%AE%E5%AD%90" dan="18,16,16,16" rate="2183.95,2040.04,2138.57,2101.32" sx="F,M,F,F"/><TAIKYOKU oya="0"/><INIT seed="0,0,0,3,5,105" ten="250,250,250,250" oya="0" hai0="115,129,92,9,89,135,132,1,109,33,23,26,63" hai1="97,111,123,103,112,134,4,50,42,78,35,14,98" hai2="106,83,32,37,104,40,126,116,62,69,81,30,5" hai3="6,127,36,11,47,18,133,48,22,39,74,20,53"/><T2/><D115/><U128/><E35/><V29/><F126/><W55/><G127/><T121/><D121/><U102/><E123/><V10/><F116/><W7/><G133/><N who="0" m="51275" /><D33/><U57/><E111/><V28/><F32/><W34/><G34/><T90/><D129/><U58/><E128/><V71/><F40/><W130/><G130/><T21/><D109/><U114/><E78/><V60/><F37/><W3/><G6/><N who="0" m="1231" /><D2/><U125/><E125/><V82/><F10/><W70/><G70/><N who="2" m="26633" /><F5/><W124/><G124/><T86/><D26/><U107/><E4/><V12/><F12/><W51/><G74/><T117/><D117/><U31/><E14/><V77/><F77/><W45/><REACH who="3" step="1"/><G22/><REACH who="3" ten="250,250,250,240" step="2"/><T56/><D90/><U122/><E134/><V93/><F93/><W43/><G43/><T38/><D38/><U17/><E42/><V65/><F65/><AGARI ba="0,1" hai="21,23,56,63,65,86,89,92" m="1231,51275" machi="65" ten="30,1500,0" yaku="20,1" doraHai="105" who="0" fromWho="2" sc="250,25,250,0,250,-15,240,0" /><INIT seed="0,1,0,0,2,34" ten="275,250,235,240" oya="0" hai0="10,86,2,132,16,103,54,91,9,92,47,79,74" hai1="69,53,68,101,44,93,40,107,0,32,122,52,97" hai2="55,24,51,70,6,78,81,56,17,63,96,21,5" hai3="102,67,38,65,105,126,50,42,110,33,29,130,66"/><T31/><D132/><U99/><E122/><V59/><F70/><W123/><G123/><T135/><D135/><U87/><E32/><V118/><F118/><W80/><G38/><T100/><D31/><U11/><E87/><V18/><F18/><W104/><G80/><T61/><D74/><U39/><E68/><V57/><F96/><W25/><G102/><N who="0" m="38955" /><D2/><U64/><E64/><V129/><F129/><W120/><G120/><T114/><D114/><U3/><E69/><V8/><F63/><W7/><G7/><T95/><D79/><U48/><E11/><V71/><F71/><W94/><G94/><N who="0" m="54647" /><D10/><U23/><E23/><V20/><F21/><W111/><G126/><T84/><D84/><U12/><E12/><V112/><F112/><W133/><G130/><T22/><D9/><U13/><E13/><V119/><F119/><W90/><G90/><T41/><D41/><U115/><E115/><V89/><F89/><W30/><G30/><T60/><D47/><U108/><E108/><N who="3" m="41514" /><G133/><T98/><D54/><U85/><E53/><V28/><F28/><W36/><G36/><T76/><D76/><U45/><E85/><N who="2" m="48311" /><F8/><W46/><AGARI ba="1,0" hai="25,29,33,42,46,50,65,66,67,104,105" m="41514" machi="46" ten="40,1500,0" yaku="14,1" doraHai="34" who="3" fromWho="3" sc="275,-8,250,-5,235,-5,240,18" /><INIT seed="1,0,0,4,4,48" ten="267,245,230,258" oya="1" hai0="71,88,18,36,74,84,54,73,55,105,127,59,100" hai1="104,72,87,129,90,46,14,39,98,25,30,58,126" hai2="133,57,28,118,41,82,27,37,50,135,7,53,13" hai3="4,93,6,38,102,29,47,3,91,19,99,2,51"/><U49/><E72/><V89/><F118/><W117/><G38/><T92/><D71/><U40/><E129/><V75/><F41/><W5/><G117/><T122/><D36/><U120/><E120/><V17/><F7/><W32/><G19/><T86/><D122/><U134/><E134/><N who="2" m="51211" /><F37/><W12/><G12/><T76/><D127/><U79/><E126/><V131/><F131/><W95/><G29/><T67/><D67/><U125/><E125/><V20/><F89/><W96/><REACH who="3" step="1"/><G32/><REACH who="3" ten="267,245,230,248" step="2"/><T69/><D18/><U119/><E14/><V77/><F28/><W23/><G23/><T112/><D112/><U45/><E119/><V121/><F121/><W78/><G78/><T81/><D69/><U94/><E79/><V70/><F70/><W85/><G85/><T110/><D110/><U65/><E87/><V123/><F123/><W83/><G83/><T34/><D34/><U62/><E30/><V116/><F116/><W24/><G24/><AGARI ba="0,1" hai="13,17,20,24,27,50,53,57,75,77,82" m="51211" machi="24" ten="30,2000,0" yaku="20,1,52,1" doraHai="48" who="2" fromWho="3" sc="267,0,245,0,230,30,248,-20" /><INIT seed="2,0,0,2,2,115" ten="267,245,260,228" oya="2" hai0="100,114,73,34,55,118,96,30,57,42,106,72,28" hai1="80,130,5,101,109,68,13,135,22,6,23,94,43" hai2="46,35,121,81,0,125,104,78,127,89,71,77,82" hai3="27,66,37,12,88,3,40,108,111,74,10,52,84"/><V123/><F71/><W93/><G74/><T50/><D114/><U14/><E68/><V119/><F0/><W47/><G66/><T76/><D118/><U70/><E70/><V83/><F35/><W17/><G3/><T95/><D42/><U8/><E130/><V124/><F46/><W113/><G113/><T97/><D34/><U36/><E36/><V49/><F49/><W65/><G65/><T91/><REACH who="0" step="1"/><D76/><REACH who="0" ten="257,245,260,228" step="2"/><N who="2" m="29290" /><F119/><W99/><G27/><T39/><D39/><U7/><E43/><V48/><F123/><W63/><REACH who="3" step="1"/><G99/><REACH who="3" ten="257,245,260,218" step="2"/><T64/><D64/><U15/><E135/><V110/><F127/><W75/><G75/><AGARI ba="0,2" hai="28,30,50,55,57,72,73,75,91,95,96,97,100,106" machi="75" ten="40,1300,0" yaku="1,1,53,0" doraHai="115" doraHaiUra="116" who="0" fromWho="3" sc="257,33,245,0,260,0,218,-13" /><INIT seed="3,0,0,2,5,119" ten="290,245,260,205" oya="3" hai0="64,104,24,46,29,82,69,132,9,11,91,70,114" hai1="57,1,131,8,3,26,15,90,84,17,78,18,83" hai2="96,43,63,56,81,58,68,13,101,89,73,74,79" hai3="94,59,130,27,20,31,2,127,28,102,21,45,4"/><W40/><G127/><T32/><D104/><U7/><E131/><V34/><F74/><W92/><G130/><T30/><D132/><U98/><E1/><V85/><F34/><W103/><G59/><T42/><D114/><U111/><E111/><V44/><F13/><W23/><G2/><T72/><D30/><U5/><E3/><V123/><F123/><W51/><G4/><T115/><D115/><U113/><E113/><V35/><F35/><W0/><G0/><T54/><D54/><U37/><E37/><V16/><F16/><W60/><G60/><T117/><D117/><U124/><E124/><V118/><F118/><W122/><G122/><T129/><D129/><U77/><E77/><V100/><F68/><W14/><G14/><T48/><D91/><U134/><E134/><V55/><F58/><W110/><G110/><T126/><D126/><U125/><E125/><V47/><F96/><N who="3" m="59655" /><G27/><T66/><D70/><U65/><E26/><V86/><F73/><W108/><G108/><T76/><REACH who="0" step="1"/><D69/><REACH who="0" ten="280,245,260,205" step="2"/><U61/><E90/><V97/><F89/><W75/><G75/><T120/><D120/><U50/><E65/><AGARI ba="0,1" hai="9,11,24,29,32,42,46,48,64,65,66,72,76,82" machi="65" ten="40,1300,0" yaku="1,1,53,0" doraHai="119" doraHaiUra="99" who="0" fromWho="1" sc="280,23,245,-13,260,0,205,0" owari="303,40.0,232,-17.0,260,6.0,205,-29.0" /></mjloggm>