<mjloggm ver="2.3"><GO type="169" lobby="0"/><UN n0="%E5%B0%B1%E6%B4%BB%E7%94%9F%40%E5%B7%9D%E6%9D%91%E8%BB%8D%E5%9B%A3" n1="%E6%99%82%E9%9B%A8%E6%A1%9C%28%E7%9C%9F%29" n2="%6B%69%79%6F%64%61%69" n3="%E3%83%AD%E3%83%83%E3%83%86%E9%9B%80%E7%90%83" dan="16,16,17,16" rate="2165.10,2093.08,2209.02,2148.50" sx="M,M,M,M"/><TAIKYOKU oya="0"/><INIT seed="0,0,0,0,0,127" ten="250,250,250,250" oya="0" hai0="79,56,49,59,120,73,87,20,11,121,125,45,37" hai1="71,134,70,104,34,81,95,131,99,48,42,38,28" hai2="15,1,43,76,62,53,130,116,60,80,72,103,6" hai3="47,85,115,123,96,97,82,51,57,55,86,119,13"/><T126/><D73/><U84/><E38/><V22/><F1/><W4/><G119/><T108/><D20/><U128/><E104/><V9/><F116/><W78/><G115/><T112/><D11/><U118/><E118/><V106/><F43/><W8/><G123/><N who="0" m="47179" /><D87/><U61/><E42/><V2/><F130/><W21/><G21/><T129/><D79/><U102/><E48/><V17/><REACH who="2" step="1"/><F53/><REACH who="2" ten="250,250,240,250" step="2"/><N who="3" m="29951" /><G86/><T36/><D129/><U132/><E128/><V32/><F32/><W74/><G74/><T19/><D112/><U117/><E131/><V77/><F77/><W12/><G12/><T25/><D25/><N who="1" m="18703" /><E117/><V39/><F39/><N who="0" m="14922" /><D108/><U30/><E30/><V101/><F101/><W133/><G13/><T107/><D19/><U5/><E5/><V92/><F92/><W113/><G4/><T35/><D107/><U67/><E67/><V54/><F54/><W83/><G55/><N who="0" m="30127" /><D35/><U110/><E110/><V93/><F93/><W135/><G78/><T63/><D63/><U7/><E7/><V23/><F23/><W52/><G85/><T50/><D50/><U98/><E61/><V27/><F27/><W68/><G113/><T65/><D65/><U111/><E111/><V100/><F100/><W114/><G114/><T41/><D41/><U89/><E99/><AGARI ba="0,1" hai="2,6,9,15,17,22,60,62,72,76,80,99,103,106" machi="99" ten="40,2600,0" yaku="1,1,53,1" doraHai="127" doraHaiUra="10" who="2" fromWho="1" sc="250,0,250,-26,240,36,250,0" /><INIT seed="1,0,0,2,5,73" ten="250,224,276,250" oya="1" hai0="74,45,33,116,40,125,126,79,21,31,61,93,132" hai1="110,29,100,96,59,10,35,89,95,50,127,133,60" hai2="98,128,131,54,130,77,41,105,134,19,16,66,122" hai3="34,62,103,18,47,46,80,124,9,119,68,15,13"/><U76/><E133/><V83/><F122/><W20/><G34/><T8/><D33/><U65/><E127/><V86/><F134/><W106/><G124/><T23/><D132/><U14/><E35/><V44/><F66/><W64/><G119/><T36/><D116/><U81/><E29/><V56/><F98/><W67/><G67/><T49/><D61/><U57/><E50/><N who="2" m="30807" /><F105/><W108/><G108/><T117/><D117/><U32/><E32/><V55/><F55/><W88/><G103/><T63/><D63/><U2/><E2/><V11/><F11/><W87/><REACH who="3" step="1"/><G106/><REACH who="3" ten="250,224,276,240" step="2"/><T129/><D125/><U24/><E110/><V113/><F113/><W43/><G43/><T121/><D40/><U28/><E100/><V26/><F26/><W135/><G135/><T7/><D126/><U38/><E24/><V53/><F53/><W58/><G58/><T99/><D121/><U22/><E59/><V94/><F94/><W75/><G75/><T78/><D93/><U104/><E104/><V101/><F101/><W12/><G12/><T4/><D74/><U69/><E69/><V82/><F82/><W6/><AGARI ba="0,1" hai="6,9,13,15,18,20,46,47,62,64,68,80,87,88" machi="6" ten="20,8000,1" yaku="1,1,0,1,7,1,54,1,53,1" doraHai="73" doraHaiUra="3" who="3" fromWho="3" sc="250,-20,224,-40,276,-20,240,90" /><INIT seed="2,0,0,1,5,101" ten="230,184,256,330" oya="2" hai0="63,5,106,77,87,11,46,90,81,82,54,17,95" hai1="6,112,103,111,28,10,88,126,39,4,108,12,49" hai2="125,69,99,130,3,44,100,113,37,107,56,31,30" hai3="19,134,79,13,109,27,84,76,8,64,26,129,60"/><V78/><F113/><W128/><G109/><N who="1" m="42058" /><E112/><V47/><F69/><N who="3" m="42119" /><G134/><T34/><D34/><U29/><E39/><V93/><F3/><W74/><G74/><T127/><D127/><U70/><E70/><V43/><F125/><W20/><G84/><T115/><D106/><U16/><E103/><V97/><F130/><N who="3" m="50283" /><G27/><T133/><D133/><U25/><E49/><V89/><F78/><W122/><G122/><T51/><D115/><U119/><E126/><V2/><F2/><W58/><G58/><T41/><D17/><AGARI ba="0,0" hai="8,13,17,19,20,26,76,79" m="50283,42119" machi="17" ten="30,1000,0" yaku="19,1" doraHai="101" who="3" fromWho="0" sc="230,-10,184,0,256,0,330,10" /><INIT seed="3,0,0,1,0,13" ten="220,184,256,340" oya="3" hai0="73,46,120,50,11,57,124,126,134,24,128,22,98" hai1="130,78,118,36,70,83,110,60,96,116,99,55,69" hai2="94,17,32,34,10,62,14,77,45,31,76,6,89" hai3="5,3,87,29,115,112,129,66,104,7,81,84,111"/><W114/><G66/><T106/><D73/><U122/><E122/><V95/><F34/><W59/><G59/><T101/><D120/><U82/><E36/><V135/><F135/><W35/><G104/><T107/><D134/><U105/><E130/><V86/><F32/><W18/><G87/><T37/><D128/><U64/><E110/><V108/><F31/><W65/><G65/><T74/><D74/><U58/><E69/><V109/><F62/><W119/><G129/><T125/><D11/><U97/><E105/><V72/><F72/><W47/><G47/><T44/><D107/><U8/><E8/><V131/><F131/><W103/><G103/><T4/><D4/><U20/><E20/><V16/><F94/><W49/><G49/><T30/><D37/><U132/><E132/><V41/><F77/><W113/><G119/><N who="1" m="45610" /><E78/><V42/><F76/><N who="3" m="46119" /><G111/><N who="2" m="42569" /><F42/><W80/><G80/><T117/><D117/><U2/><E2/><V1/><F1/><W25/><G3/><T71/><D71/><U19/><E19/><V33/><F33/><W102/><G115/><T79/><D79/><U92/><E92/><V52/><F52/><AGARI ba="0,0" hai="22,24,30,44,46,50,52,57,98,101,106,124,125,126" machi="52" ten="40,2600,0" yaku="18,1,54,1" doraHai="13" who="0" fromWho="2" sc="220,26,184,0,256,-26,340,0" /><INIT seed="4,0,0,5,3,44" ten="246,184,230,340" oya="0" hai0="119,34,133,121,43,1,78,114,125,21,8,40,110" hai1="103,56,18,61,16,49,2,79,48,69,124,73,128" hai2="127,57,135,42,102,32,70,64,25,9,45,84,85" hai3="36,63,22,76,3,0,94,88,62,93,4,96,10"/><T17/><D78/><U72/><E2/><V86/><F70/><W134/><G134/><T130/><D43/><U80/><E69/><V59/><F135/><W30/><G36/><T37/><D40/><U7/><E7/><V35/><F102/><W39/><G39/><T71/><D21/><U15/><E73/><V20/><F9/><W52/><G0/><T51/><D17/><U24/><E128/><V53/><F64/><W58/><G76/><T108/><D8/><U31/><E103/><V120/><F127/><W12/><G94/><T13/><D13/><U29/><E124/><V129/><F120/><W98/><G3/><T111/><D51/><U11/><E18/><V28/><F129/><W104/><G104/><T60/><D60/><U27/><E27/><V82/><F59/><W115/><G115/><T112/><D110/><U107/><E107/><V116/><F116/><W14/><G14/><T131/><D111/><U66/><E29/><V54/><F54/><W46/><G46/><T106/><D130/><U92/><E92/><V87/><F45/><W81/><G81/><T99/><D99/><U74/><E72/><AGARI ba="0,0" hai="1,34,37,71,72,106,108,112,114,119,121,125,131,133" machi="72" ten="0,48000,5" yakuman="47" doraHai="44" who="0" fromWho="1" sc="246,480,184,-480,230,0,340,0" owari="726,83.0,-296,-80.0,230,-17.0,340,14.0" /></mjloggm>