<mjloggm ver="2.3"><GO type="97" lobby="0"/><UN n0="%E6%98%A5%E5%A5%88" n1="%E5%9F%8E%E5%8F%A3" n2="%E5%B0%8F%E6%89%8B%E8%BF%94%E6%92%B2%E6%BB%85%E4%BC%9A%E9%95%B7" n3="%E5%B0%B1%E6%B4%BB%E7%94%9F%40%E5%B7%9D%E6%9D%91%E8%BB%8D%E5%9B%A3" dan="14,14,14,15" rate="1877.30,1926.16,1879.75,2053.67" sx="F,M,M,M"/><TAIKYOKU oya="0"/><INIT seed="0,0,0,4,0,34" ten="250,250,250,250" oya="0" hai0="53,71,66,21,43,50,83,58,60,106,4,73,14" hai1="81,35,100,115,63,67,90,40,57,96,89,0,68" hai2="130,105,51,70,8,122,38,126,123,42,19,36,28" hai3="75,2,133,22,98,120,5,82,128,134,101,18,15"/><T74/><D106/><U45/><E35/><V23/><F105/><W48/><G128/><T47/><D83/><U124/><E124/><V56/><F70/><W116/><G116/><T41/><D41/><U1/><E115/><V79/><F126/><W72/><G120/><T3/><D3/><U86/><E89/><V99/><F28/><W113/><G113/><T20/><D4/><U125/><E68/><V46/><F8/><N who="3" m="2103" /><G48/><T49/><D14/><U7/><E7/><V24/><F130/><W65/><G65/><T78/><D78/><U97/><E125/><V52/><F99/><W32/><G82/><T13/><D13/><U6/><E6/><V119/><F119/><W87/><G87/><T77/><REACH who="0" step="1"/><D77/><REACH who="0" ten="240,250,250,250" step="2"/><U27/><E27/><V93/><F79/><W127/><G127/><T91/><D91/><U94/><REACH who="1" step="1"/><E97/><REACH who="1" ten="240,240,250,250" step="2"/><V131/><F131/><W103/><G98/><T25/><D25/><U129/><E129/><V54/><F123/><W118/><G118/><T95/><D95/><U44/><E44/><V107/><F93/><W17/><G103/><T112/><D112/><U111/><E111/><V104/><F122/><W102/><G101/><T84/><D84/><U132/><E132/><N who="3" m="50794" /><G102/><T39/><D39/><AGARI ba="0,2" hai="0,1,39,40,45,57,63,67,81,86,90,94,96,100" machi="39" ten="30,7700,0" yaku="1,1,7,1,52,2,53,0" doraHai="34" doraHaiUra="30" who="1" fromWho="0" sc="240,-77,240,97,250,0,250,0" /><INIT seed="1,0,0,5,5,43" ten="163,337,250,250" oya="1" hai0="132,127,83,67,45,12,61,32,18,51,49,13,29" hai1="95,57,3,133,0,53,107,56,131,25,93,102,84" hai2="120,79,90,44,41,9,130,22,108,38,104,37,65" hai3="47,73,88,69,135,134,125,87,16,55,14,124,71"/><U19/><E133/><N who="3" m="50698" /><G73/><T85/><D127/><N who="3" m="48713" /><G55/><T128/><D132/><U20/><E107/><V33/><F130/><W113/><G47/><T28/><D128/><U17/><E131/><V111/><F104/><W1/><G1/><T66/><D32/><U10/><E95/><V5/><F33/><W97/><G97/><T112/><D112/><U7/><E3/><V42/><F120/><W116/><G116/><T96/><D96/><U68/><E102/><V92/><F79/><W58/><G58/><T106/><D106/><U23/><E68/><V118/><F22/><N who="3" m="11543" /><G113/><T129/><D129/><U78/><E53/><V2/><F65/><W76/><G76/><T86/><D83/><AGARI ba="0,0" hai="69,71,83,87,88" m="11543,48713,50698" machi="83" ten="30,7700,0" yaku="20,1,18,1,54,2" doraHai="43" who="3" fromWho="0" sc="163,-77,337,0,250,0,250,77" /><INIT seed="2,0,0,2,1,30" ten="86,337,250,327" oya="2" hai0="100,123,63,77,132,48,81,87,43,90,21,82,0" hai1="12,5,94,64,53,60,119,54,56,107,109,58,95" hai2="92,121,105,112,36,74,51,130,73,66,9,106,3" hai3="38,13,40,70,128,8,52,114,88,72,93,83,126"/><V122/><F51/><W89/><G70/><T86/><D123/><N who="2" m="47114" /><F66/><W68/><G68/><T34/><D34/><U108/><E119/><V42/><F92/><W67/><G67/><T44/><D0/><U57/><E107/><N who="2" m="40971" /><F112/><W111/><G114/><T96/><D132/><U129/><E129/><V116/><F116/><W97/><G111/><N who="1" m="42570" /><E64/><V98/><F98/><W99/><G126/><T69/><D69/><U27/><E27/><V127/><F127/><W80/><G128/><T14/><D63/><N who="1" m="36239" /><E57/><V6/><F130/><W39/><G40/><T18/><D96/><U33/><E33/><V65/><F65/><W19/><G38/><T29/><D29/><U134/><E134/><V59/><F59/><W85/><G39/><T104/><D104/><U45/><E95/><V7/><F7/><W120/><G120/><T15/><REACH who="0" step="1"/><D100/><REACH who="0" ten="76,337,250,327" step="2"/><U91/><E91/><V76/><F76/><W10/><G99/><T32/><D32/><U25/><E60/><V11/><F11/><W47/><G8/><T17/><D17/><U22/><E5/><V55/><F55/><W50/><G72/><T2/><D2/><U133/><E133/><V23/><F23/><W16/><G19/><T37/><D37/><U49/><E22/><V131/><F131/><W20/><G10/><T41/><D41/><U4/><E54/><V61/><F61/><W125/><G125/><T28/><D28/><U124/><E4/><V62/><F62/><W71/><G71/><T101/><D101/><U115/><E124/><V46/><AGARI ba="0,1" hai="3,6,9,36,42,46,73,74" m="40971,47114" machi="46" ten="40,2100,0" yaku="23,1" doraHai="30" who="2" fromWho="2" sc="76,-7,337,-7,250,31,327,-7" /><INIT seed="2,1,0,0,1,92" ten="69,330,281,320" oya="2" hai0="130,73,53,1,38,3,72,70,4,99,41,129,90" hai1="135,32,25,105,7,43,81,5,6,39,23,60,71" hai2="110,37,84,74,34,80,26,55,104,20,131,126,28" hai3="66,35,119,125,78,29,14,24,120,97,91,17,98"/><V2/><F74/><W0/><G120/><T77/><D70/><U95/><E105/><V94/><F104/><W57/><G0/><T45/><D53/><U87/><E32/><V10/><F37/><W122/><G119/><T64/><D64/><U30/><E135/><V134/><F134/><W113/><G122/><T44/><D44/><U89/><E71/><V16/><F131/><N who="0" m="50186" /><D90/><N who="1" m="51567" /><E39/><V12/><F126/><W79/><G125/><T102/><D77/><U31/><E43/><V115/><F110/><W62/><G113/><T15/><D15/><U121/><E121/><V67/><F67/><W86/><G78/><T103/><D103/><U127/><E127/><V69/><F69/><W116/><G79/><T117/><D117/><U112/><E112/><V47/><F94/><W88/><G91/><T36/><D36/><U65/><E65/><V42/><F115/><W132/><G132/><T100/><D100/><U118/><E118/><V9/><F42/><W18/><G116/><T51/><D51/><U93/><E60/><V85/><F2/><N who="0" m="522" /><D4/><U114/><E114/><V19/><F19/><W83/><G18/><T123/><D123/><U49/><E49/><N who="2" m="29119" /><F85/><W109/><G109/><T133/><D133/><U96/><E93/><AGARI ba="1,0" hai="38,41,45,72,73,93,99,102" m="522,50186" machi="93" ten="30,2000,0" yaku="19,1,52,1" doraHai="92" who="0" fromWho="1" sc="69,23,330,-23,281,0,320,0" /><INIT seed="3,0,0,2,2,18" ten="92,307,281,320" oya="3" hai0="49,60,122,92,110,128,126,99,117,6,71,112,132" hai1="25,50,89,46,37,2,7,84,53,19,32,28,91" hai2="39,124,70,47,74,67,90,22,109,102,48,26,96" hai3="119,114,8,45,130,108,55,41,43,27,103,5,116"/><W73/><G73/><T75/><D6/><U77/><E37/><V129/><F109/><W106/><G114/><T125/><D60/><U93/><E19/><V101/><F124/><W4/><G108/><T86/><D49/><U94/><E77/><V31/><F39/><W58/><G130/><T16/><D16/><U40/><E40/><V35/><F74/><W24/><G103/><T133/><D86/><U123/><E123/><V66/><F129/><W62/><G106/><T127/><D127/><U85/><E7/><V20/><F90/><W134/><G134/><T30/><D30/><U61/><E61/><N who="2" m="40271" /><F67/><W83/><G5/><T135/><D126/><U111/><E111/><V98/><F98/><W38/><G43/><T51/><D51/><U59/><E46/><V105/><F102/><W11/><G11/><T120/><D120/><U72/><E72/><V82/><F82/><W17/><G83/><T95/><D95/><U36/><E36/><V14/><F14/><W54/><G54/><AGARI ba="0,0" hai="20,22,26,31,35,47,48,54,96,101,105" m="40271" machi="54" ten="30,3900,0" yaku="25,1,52,2" doraHai="18" who="2" fromWho="3" sc="92,0,307,0,281,39,320,-39" owari="92,-41.0,307,11.0,320,42.0,281,-12.0" /></mjloggm>