<mjloggm ver="2.3"><GO type="97" lobby="0"/><UN n0="%E5%BA%83%E5%B3%B6%E3%82%AB%E3%83%BC%E3%83%97%E3%82%A8%E3%83%BC%E3%82%B9" n1="%E3%83%AA%E3%83%B3%E3%82%AC%E3%83%B3%E3%82%BF%E3%83%AB%E3%83%91%E3%82%BA" n2="%E9%83%A1%E5%B1%B1%E7%83%88%E7%81%AB" n3="%E5%B0%B1%E6%B4%BB%E7%94%9F%40%E5%B7%9D%E6%9D%91%E8%BB%8D%E5%9B%A3" dan="13,15,15,14" rate="2042.38,2071.40,1969.75,1977.93" sx="M,M,M,M"/><TAIKYOKU oya="0"/><INIT seed="0,0,0,0,4,103" ten="250,250,250,250" oya="0" hai0="60,119,105,91,120,32,129,133,62,110,1,66,95" hai1="8,96,61,5,113,14,16,12,99,0,77,83,108" hai2="18,82,29,132,30,128,100,68,19,98,75,15,122" hai3="36,41,58,93,125,79,25,10,37,28,39,89,50"/><T13/><D119/><U52/><E113/><V55/><F68/><W123/><G125/><T70/><D1/><U7/><E108/><V64/><F122/><W127/><G127/><T57/><D120/><U46/><E0/><V118/><F132/><W9/><G123/><T49/><D32/><U111/><E111/><V102/><F128/><W106/><G106/><T2/><D110/><U107/><E107/><V38/><F38/><W101/><G101/><T53/><D2/><U92/><E14/><V3/><F3/><W26/><G79/><T94/><D129/><U72/><E99/><V24/><F64/><W27/><G28/><T47/><D133/><U134/><E134/><V74/><F29/><W126/><G126/><T22/><D105/><U48/><REACH who="1" step="1"/><E61/><REACH who="1" ten="250,240,250,250" step="2"/><V65/><F15/><W114/><G114/><T20/><D13/><U44/><E44/><V80/><F118/><W85/><G10/><T76/><D76/><U117/><E117/><V23/><F98/><W112/><G9/><T56/><D62/><U73/><E73/><V34/><F75/><W81/><G112/><T109/><D109/><U17/><E17/><V4/><F19/><W6/><G6/><T115/><D115/><U67/><E67/><V131/><F65/><W84/><G27/><T78/><D78/><U35/><E35/><V63/><F4/><W43/><G26/><T130/><D130/><U135/><E135/><V87/><F74/><W33/><G25/><T31/><D47/><U124/><E124/><V71/><F131/><W116/><G33/><T42/><D66/><U45/><E45/><RYUUKYOKU ba="0,1" sc="250,-10,240,30,250,-10,250,-10" hai1="5,7,8,12,16,46,48,52,72,77,83,92,96" /><INIT seed="1,1,1,0,5,16" ten="240,270,240,240" oya="1" hai0="9,101,1,26,28,97,60,55,88,50,96,41,109" hai1="47,115,15,100,49,126,73,43,5,51,11,131,17" hai2="65,132,44,85,71,74,14,102,116,36,95,3,35" hai3="86,33,42,66,87,18,21,59,61,113,6,108,81"/><U13/><E73/><V19/><F3/><W68/><G33/><T53/><D109/><U27/><E115/><V114/><F116/><W4/><G113/><T94/><D60/><U127/><E131/><V25/><F114/><W20/><G108/><T133/><D133/><U56/><E100/><V7/><F74/><W134/><G134/><T2/><D41/><U99/><E99/><V77/><F7/><N who="3" m="2603" /><G68/><T39/><D39/><U31/><E51/><V34/><F132/><W105/><G105/><T106/><D9/><U52/><E43/><V83/><F65/><W93/><G42/><T80/><D80/><U90/><E90/><V84/><F71/><W8/><G93/><T78/><D78/><U22/><REACH who="1" step="1"/><E47/><REACH who="1" ten="240,260,240,240" step="2"/><V54/><F102/><W37/><G87/><T118/><D118/><U64/><E64/><V76/><F36/><W46/><G46/><T89/><D89/><U110/><E110/><V45/><F84/><W122/><G122/><T125/><D55/><U63/><E63/><V79/><F54/><W92/><G86/><T120/><D120/><U24/><E24/><V119/><F119/><W121/><G121/><T23/><D125/><U48/><E48/><V124/><F25/><W98/><G98/><T29/><D29/><U32/><AGARI ba="1,2" hai="5,11,13,15,17,22,27,31,32,49,52,56,126,127" machi="32" ten="30,11700,0" yaku="1,1,0,1,52,1,54,1,53,0" doraHai="16" doraHaiUra="75" who="1" fromWho="1" sc="240,-40,260,140,240,-40,240,-40" /><INIT seed="1,2,0,4,2,89" ten="200,400,200,200" oya="1" hai0="119,64,36,13,112,44,128,75,74,52,78,67,24" hai1="108,49,120,104,129,80,73,94,28,71,25,124,99" hai2="46,31,132,90,125,87,65,63,40,29,118,82,88" hai3="57,122,51,113,123,38,85,101,97,15,16,127,5"/><U91/><E120/><V7/><F118/><W77/><G38/><T48/><D119/><U110/><E129/><V21/><F132/><W23/><G113/><T10/><D112/><U56/><E71/><V17/><F7/><W134/><G134/><T27/><D128/><U107/><E124/><V130/><F125/><W69/><G69/><T18/><D36/><U111/><E56/><N who="2" m="37095" /><F130/><W26/><G127/><T100/><D74/><U9/><E49/><N who="2" m="26823" /><F90/><W116/><G116/><T53/><D100/><U8/><E73/><V106/><F106/><N who="1" m="40489" /><E80/><V96/><F96/><W4/><G123/><T81/><D53/><U33/><AGARI ba="2,0" hai="8,9,25,28,33,91,94,99,108,110,111" m="40489" machi="33" ten="40,7800,0" yaku="14,1,10,1,52,1" doraHai="89" who="1" fromWho="1" sc="200,-28,400,84,200,-28,200,-28" /><INIT seed="1,3,0,3,0,122" ten="172,484,172,172" oya="1" hai0="81,98,118,37,99,55,68,83,113,7,26,20,31" hai1="109,23,120,51,94,66,11,85,30,50,29,53,0" hai2="28,121,103,102,16,76,1,59,134,70,21,58,40" hai3="88,132,49,35,4,97,41,63,2,17,69,112,133"/><U54/><E120/><V107/><F121/><W75/><G35/><T8/><D68/><U9/><E66/><V78/><F1/><W111/><G75/><T130/><D37/><U65/><E65/><V129/><F70/><W125/><G112/><T64/><D113/><U15/><E0/><V19/><F107/><W123/><G123/><T48/><D64/><U5/><E109/><V131/><F40/><W105/><G111/><T72/><D118/><U57/><E11/><V89/><F134/><N who="3" m="51819" /><G125/><T25/><D25/><U110/><E110/><V108/><F108/><W80/><G105/><T95/><D130/><N who="2" m="49674" /><F28/><W39/><G39/><T6/><D98/><U126/><E126/><V34/><F89/><W101/><G101/><N who="2" m="38409" /><F34/><W10/><G17/><N who="2" m="6729" /><F21/><W104/><G104/><T22/><D22/><U46/><E23/><V60/><F60/><W96/><G63/><T124/><D124/><U106/><E106/><V77/><AGARI ba="3,0" hai="58,59,76,77,78" m="6729,38409,49674" machi="77" ten="40,8000,1" yaku="28,2,19,1,54,1" doraHai="122" who="2" fromWho="2" sc="172,-23,484,-43,172,89,172,-23" /><INIT seed="2,0,0,3,2,113" ten="149,441,261,149" oya="2" hai0="94,17,102,87,75,105,135,53,5,48,79,77,31" hai1="54,99,65,80,43,121,21,74,20,62,26,35,2" hai2="7,14,4,63,73,84,118,49,27,108,119,126,67" hai3="131,40,39,16,90,32,101,132,9,122,0,42,109"/><V61/><F73/><W125/><G122/><T64/><D135/><U13/><E2/><V18/><F126/><W25/><G132/><T112/><D112/><U129/><E121/><V83/><F27/><W41/><G125/><T51/><D31/><U127/><E127/><V97/><F49/><W100/><G131/><T123/><D123/><U107/><E129/><V56/><F63/><W33/><G109/><T8/><D17/><U115/><E43/><V57/><F97/><W19/><G39/><T86/><D64/><U11/><E54/><V82/><F57/><W15/><G90/><T117/><D117/><U6/><E115/><V95/><F95/><W60/><G60/><T24/><D24/><U69/><E35/><V81/><F84/><N who="0" m="32298" /><D105/><U37/><E37/><V124/><F108/><W71/><G71/><T66/><D66/><U34/><E34/><V72/><F72/><W36/><G36/><T89/><D102/><N who="3" m="39529" /><G0/><T104/><D104/><U58/><E69/><V133/><F133/><W12/><G33/><T110/><D110/><U96/><E107/><V98/><F98/><W106/><G106/><T103/><D103/><U30/><REACH who="1" step="1"/><E21/><REACH who="1" ten="149,431,261,149" step="2"/><V44/><F124/><W130/><G130/><T88/><D53/><U38/><E38/><V55/><F55/><W78/><G32/><T76/><D51/><U45/><E45/><V93/><F44/><W10/><G78/><AGARI ba="0,1" hai="6,11,13,20,26,30,58,62,65,74,78,80,96,99" machi="78" ten="40,1300,0" yaku="1,1,53,0" doraHai="113" doraHaiUra="116" who="1" fromWho="3" sc="149,0,431,23,261,0,149,-13" /><INIT seed="3,0,0,2,4,19" ten="149,454,261,136" oya="3" hai0="89,123,65,126,23,94,34,25,109,32,63,71,119" hai1="88,68,108,58,52,42,27,78,116,18,12,85,8" hai2="20,98,92,26,16,125,79,13,91,30,3,38,132" hai3="14,47,1,69,61,72,29,62,104,39,122,75,101"/><W55/><G122/><T87/><D119/><U107/><E68/><V86/><F38/><W6/><G1/><T36/><D123/><U50/><E107/><V73/><F3/><W54/><G29/><T113/><D36/><U7/><E116/><V102/><F132/><W5/><G69/><T41/><D41/><U49/><E108/><V124/><F73/><W76/><G39/><T81/><D109/><U134/><E134/><V90/><F79/><W97/><G47/><T40/><D40/><U70/><E70/><V115/><F115/><W28/><G28/><T51/><D113/><U129/><E129/><V127/><REACH who="2" step="1"/><F86/><REACH who="2" ten="149,454,251,136" step="2"/><W82/><G75/><T95/><D126/><U60/><E78/><V93/><F93/><W131/><G131/><T74/><D94/><N who="1" m="54543" /><E42/><V59/><F59/><W53/><REACH who="3" step="1"/><G14/><REACH who="3" ten="149,454,251,126" step="2"/><T80/><D74/><U10/><E27/><V57/><F57/><W66/><G66/><T4/><D65/><U21/><E58/><V103/><F103/><W130/><G130/><T77/><D71/><U133/><E12/><V128/><F128/><W24/><G24/><T33/><D25/><U45/><E133/><V56/><F56/><W96/><G96/><T83/><D63/><AGARI ba="0,2" hai="5,6,53,54,55,61,62,63,72,76,82,97,101,104" machi="63" ten="40,2000,0" yaku="1,1,53,0" doraHai="19" doraHaiUra="17" who="3" fromWho="0" sc="149,-20,454,0,251,0,126,40" /><INIT seed="3,1,0,1,5,99" ten="129,454,251,166" oya="3" hai0="109,47,34,121,135,12,54,60,27,51,84,123,4" hai1="129,3,93,1,58,105,40,122,91,116,89,77,76" hai2="67,101,66,39,74,2,95,108,130,81,16,48,92" hai3="82,57,26,70,86,53,0,98,71,20,15,124,87"/><W50/><G0/><T97/><D109/><U45/><E105/><V49/><F39/><W25/><G124/><T127/><D127/><U125/><E125/><V61/><F2/><W37/><G37/><T80/><D135/><U73/><E122/><V96/><F108/><W114/><G114/><T24/><D60/><U13/><E116/><V64/><F130/><W32/><G32/><T46/><D121/><U22/><E129/><V72/><F81/><W52/><G71/><T35/><D123/><U38/><E58/><V126/><F126/><W115/><G70/><T107/><D34/><U36/><E36/><V17/><F61/><N who="3" m="36007" /><G98/><T103/><D35/><U94/><E1/><V90/><F74/><W63/><G63/><T43/><D4/><U120/><E3/><V62/><F62/><W55/><G55/><T21/><D12/><U28/><E120/><V30/><F30/><W10/><G115/><T6/><D6/><U79/><E73/><V88/><F72/><W113/><G113/><T104/><D104/><U8/><E8/><V110/><F110/><W83/><G20/><T133/><D133/><U69/><E69/><V11/><F11/><W131/><G131/><T117/><D117/><U33/><E33/><V9/><F9/><W44/><G15/><T106/><D106/><U18/><E28/><V65/><F65/><W41/><G10/><T29/><D27/><N who="3" m="10249" /><G41/><T14/><D14/><U112/><E112/><V5/><F5/><W119/><G119/><T128/><D128/><U19/><E19/><N who="2" m="7243" /><F92/><W59/><G44/><N who="0" m="28007" /><D43/><U132/><E132/><V134/><F134/><RYUUKYOKU ba="1,0" sc="129,0,454,0,251,0,166,0" hai0="21,24,29,46,47,80,84,97,103,107" hai1="13,18,22,38,40,45,76,77,79,89,91,93,94" hai2="48,49,64,66,67,88,90,95,96,101" hai3="50,53,59,82,83,86,87" /><INIT seed="3,2,0,5,0,8" ten="129,454,251,166" oya="3" hai0="48,119,15,112,4,127,88,55,67,27,82,87,126" hai1="109,39,118,30,100,89,11,124,105,25,102,81,120" hai2="135,1,10,113,92,61,28,51,132,33,5,58,32" hai3="98,91,17,94,114,107,106,68,19,115,16,0,84"/><W122/><G0/><T21/><D119/><U41/><E118/><V6/><F113/><W12/><G122/><T73/><D73/><U116/><E116/><V34/><F51/><W62/><G114/><T86/><D112/><U85/><E120/><V99/><F6/><W131/><G131/><T121/><D121/><U47/><E124/><N who="0" m="47657" /><D67/><U13/><E105/><V72/><F72/><W23/><G115/><T38/><D38/><U71/><E71/><V45/><F45/><W108/><G108/><T104/><D104/><U111/><E109/><V9/><F9/><W50/><G107/><T97/><D97/><U53/><E53/><V57/><F28/><W59/><G68/><T31/><D86/><U78/><E78/><V64/><REACH who="2" step="1"/><F58/><REACH who="2" ten="129,454,241,166" step="2"/><W117/><G117/><T7/><D15/><U103/><E111/><V77/><F77/><W133/><G12/><T40/><D40/><U134/><E134/><V3/><F3/><W20/><G133/><T37/><D37/><U96/><E96/><V52/><F52/><N who="3" m="34151" /><G98/><T101/><D101/><AGARI ba="2,1" hai="1,5,10,32,33,34,57,61,64,92,99,101,132,135" machi="101" ten="40,1300,0" yaku="1,1,53,0" doraHai="8" doraHaiUra="123" who="2" fromWho="0" sc="129,-19,454,0,241,29,166,0" owari="110,-39.0,454,55.0,270,7.0,166,-23.0" /></mjloggm>