<mjloggm ver="2.3"><GO type="169" lobby="0"/><UN n0="%E3%83%8F%E3%82%B4%E2%98%85%E6%B2%B3%E7%AB%A5" n1="%E3%82%A6%E3%83%AB%E3%83%88%E3%83%A9%E7%AB%8B%E7%9B%B4" n2="%E5%8F%8A%E5%B7%9D%E5%86%B0%E9%BA%97" n3="%56%69%56%49" dan="16,16,16,17" rate="2104.41,2106.87,2014.82,2187.29" sx="M,M,M,M"/><TAIKYOKU oya="0"/><INIT seed="0,0,0,5,1,53" ten="250,250,250,250" oya="0" hai0="133,73,104,3,124,109,66,30,54,71,132,24,119" hai1="17,88,68,76,85,19,7,65,18,40,33,42,129" hai2="70,113,126,51,134,55,58,60,92,130,83,63,131" hai3="13,79,123,110,39,31,11,90,96,125,29,122,1"/><T44/><D119/><U12/><E33/><V35/><F35/><W97/><G39/><T72/><D3/><U23/><E129/><N who="2" m="49163" /><F113/><W102/><G1/><T9/><D9/><N who="1" m="4159" /><E68/><V84/><F92/><N who="3" m="56343" /><G79/><T37/><D104/><U69/><E69/><V95/><F95/><N who="3" m="58687" /><G110/><T67/><D109/><U106/><E106/><V49/><F126/><W38/><G38/><T36/><D124/><U20/><E65/><N who="2" m="41279" /><F134/><W114/><G114/><T75/><D71/><U78/><E78/><AGARI ba="0,0" hai="49,51,55,58,60,78,83,84" m="41279,49163" machi="78" ten="30,2000,0" yaku="19,1,52,1" doraHai="53" who="2" fromWho="1" sc="250,0,250,-20,250,20,250,0" /><INIT seed="1,0,0,5,5,37" ten="250,230,270,250" oya="1" hai0="27,54,58,18,66,93,71,121,101,76,30,124,64" hai1="103,16,47,74,134,50,62,78,108,86,84,68,31" hai2="73,34,95,130,87,110,106,23,28,105,97,109,57" hai3="48,70,123,89,107,1,82,39,118,22,91,117,12"/><U69/><E134/><V5/><F34/><W65/><G39/><T55/><D71/><U116/><E116/><V126/><F5/><W14/><G1/><T41/><D76/><U36/><E36/><V2/><F2/><W25/><G107/><T21/><D124/><U19/><E74/><V53/><F73/><W120/><G65/><T59/><D121/><U52/><E69/><V75/><F75/><W17/><G70/><T60/><D41/><N who="1" m="24943" /><E68/><V81/><F28/><W11/><G14/><T119/><D119/><N who="3" m="45577" /><G82/><T115/><D115/><U113/><E113/><V94/><F23/><W6/><G48/><T63/><D18/><N who="1" m="6699" /><E108/><V38/><F38/><W51/><G51/><T29/><REACH who="0" step="1"/><D30/><REACH who="0" ten="240,230,270,250" step="2"/><U7/><E31/><V61/><F109/><W24/><G123/><T128/><D128/><U13/><E78/><V102/><F110/><W49/><G120/><T77/><D77/><U3/><E3/><V20/><F130/><W111/><G111/><T40/><D40/><U8/><E103/><V132/><F126/><W15/><G91/><T33/><D33/><U125/><E125/><V133/><F132/><W100/><G89/><T96/><AGARI ba="0,1" hai="21,27,29,54,55,58,59,60,63,64,66,93,96,101" machi="96" ten="30,12000,2" yaku="1,1,0,1,9,1,25,2,8,1,53,0" doraHai="37" doraHaiUra="114" who="0" fromWho="0" sc="240,130,230,-60,270,-30,250,-30" /><INIT seed="2,0,0,0,1,107" ten="370,170,240,220" oya="2" hai0="59,108,44,28,43,135,87,61,89,128,120,56,129" hai1="81,5,58,126,80,35,86,38,6,20,45,68,11" hai2="117,2,46,82,14,79,32,18,76,27,69,132,93" hai3="72,125,9,110,133,106,121,55,63,12,73,13,85"/><V49/><F117/><W84/><G106/><T29/><D120/><U64/><E35/><V26/><F2/><W105/><G105/><T67/><D108/><U41/><E126/><V112/><F112/><W113/><G121/><T95/><D135/><U39/><E39/><V70/><F132/><W119/><G119/><T96/><D87/><U114/><E114/><V109/><F93/><W54/><G113/><T101/><D89/><U91/><E68/><V111/><F79/><W75/><G133/><T134/><D134/><U16/><E11/><V7/><F7/><W127/><G110/><N who="2" m="41993" /><F32/><W30/><G30/><T131/><REACH who="0" step="1"/><D59/><REACH who="0" ten="360,170,240,220" step="2"/><U23/><E58/><V71/><F46/><W94/><G85/><T48/><AGARI ba="0,1" hai="28,29,43,44,48,56,61,67,95,96,101,128,129,131" machi="48" ten="30,7900,0" yaku="1,1,2,1,0,1,19,1,53,0" doraHai="107" doraHaiUra="118" who="0" fromWho="0" sc="360,89,170,-20,240,-39,220,-20" /><INIT seed="3,0,0,4,5,58" ten="449,150,201,200" oya="3" hai0="107,108,74,27,69,36,56,106,125,3,33,28,25" hai1="120,66,51,133,19,86,119,0,123,26,95,50,42" hai2="40,6,62,113,96,23,104,55,17,91,13,111,77" hai3="97,43,70,44,34,63,59,47,37,39,78,22,18"/><W31/><G70/><T1/><D56/><U116/><E0/><N who="0" m="73" /><D108/><U8/><E133/><V118/><F113/><W60/><G31/><N who="0" m="19711" /><D125/><U48/><E42/><V130/><F130/><W127/><G34/><N who="0" m="20751" /><D36/><U4/><E66/><V64/><F111/><W14/><G127/><T100/><D100/><U24/><E86/><V103/><F118/><W94/><G78/><T93/><D93/><U82/><E95/><V79/><F40/><W67/><G44/><T75/><D69/><U101/><E82/><V45/><F91/><W21/><G39/><T85/><D85/><U72/><E101/><V81/><F81/><W121/><G121/><T5/><D5/><U135/><E72/><AGARI ba="0,0" hai="72,74,75,106,107" m="20751,19711,73" machi="72" ten="30,2000,0" yaku="33,2" doraHai="58" who="0" fromWho="1" sc="449,20,150,-20,201,0,200,0" /><INIT seed="4,0,0,1,4,130" ten="469,130,201,200" oya="0" hai0="63,109,25,105,19,131,37,97,45,132,66,48,44" hai1="67,9,0,82,79,30,123,35,20,119,64,112,59" hai2="115,34,125,70,108,87,127,42,39,36,107,51,74" hai3="60,56,33,116,135,92,88,3,54,17,86,103,96"/><T118/><D118/><U11/><E35/><V53/><F87/><W91/><G33/><T1/><D1/><U72/><E123/><V99/><F99/><W38/><G38/><T49/><D131/><U77/><E119/><V84/><F84/><W22/><G116/><T4/><D4/><U13/><E112/><V133/><F53/><W110/><G3/><T120/><D37/><U61/><E77/><V106/><F51/><W2/><G2/><T121/><D97/><U114/><E114/><V85/><F85/><W28/><G28/><T46/><D105/><U50/><E0/><V100/><F100/><W21/><G110/><T101/><D101/><U71/><E50/><N who="0" m="19561" /><D19/><U80/><E80/><V18/><F34/><W124/><G124/><T89/><D25/><U113/><E113/><V47/><F18/><W98/><G135/><T57/><D89/><U31/><E20/><V58/><F115/><W10/><G98/><T90/><D90/><N who="3" m="34345" /><G86/><T8/><D109/><U24/><E24/><V29/><F108/><W27/><G27/><T40/><D120/><U93/><E93/><V41/><F39/><W104/><G104/><T134/><D121/><U75/><E75/><V14/><F74/><W95/><G95/><T6/><D40/><U69/><E11/><V81/><F36/><W129/><G129/><T26/><D26/><U32/><E32/><V68/><F107/><W5/><G5/><T16/><D6/><N who="1" m="3255" /><E30/><V52/><F106/><W76/><G76/><T94/><D94/><U7/><E7/><V102/><F125/><W65/><G65/><N who="1" m="25162" /><E31/><V122/><F127/><RYUUKYOKU ba="0,0" sc="469,10,130,10,201,-30,200,10" hai0="8,16,44,45,46,57,63,66,132,134" hai1="59,61,69,71,72,79,82" hai3="10,17,21,22,54,56,60,92,96,103" /><INIT seed="4,1,0,5,4,131" ten="479,140,171,210" oya="0" hai0="69,127,121,75,15,120,66,87,83,11,106,116,17" hai1="36,90,46,109,52,86,94,25,97,12,61,110,65" hai2="14,102,126,16,103,7,33,35,124,37,81,39,38" hai3="4,122,91,40,64,125,105,119,50,49,29,43,13"/><T100/><D75/><U79/><E36/><V22/><F81/><W76/><G105/><T18/><D116/><U21/><E12/><V9/><F103/><W71/><G76/><T133/><D127/><N who="2" m="48682" /><F102/><W88/><G125/><T123/><D100/><U107/><E107/><V26/><AGARI ba="1,0" hai="7,9,14,16,22,26,33,35,37,38,39" m="48682" machi="26" ten="40,2700,0" yaku="18,1,54,1" doraHai="131" who="2" fromWho="2" sc="479,-14,140,-8,171,30,210,-8" /><INIT seed="5,0,0,2,5,33" ten="465,132,201,202" oya="1" hai0="81,55,92,127,30,36,86,122,4,26,21,46,57" hai1="70,87,56,135,89,24,11,51,22,14,116,23,130" hai2="83,60,0,84,93,131,39,13,12,66,98,97,109" hai3="65,114,15,69,96,110,117,113,6,20,31,104,74"/><U82/><E116/><V106/><F109/><W44/><G74/><T29/><D127/><U134/><E70/><V100/><F131/><W61/><G117/><T49/><D122/><U76/><E130/><V75/><F0/><W68/><G110/><T3/><D92/><U129/><E129/><V103/><F39/><W128/><G128/><T112/><D112/><N who="3" m="43113" /><G44/><T125/><D125/><U94/><E51/><V108/><F75/><W111/><G111/><T50/><D36/><U62/><E14/><V2/><F2/><W124/><G69/><T40/><D3/><U25/><E11/><V72/><F72/><W123/><G6/><T45/><D4/><U9/><E9/><V77/><REACH who="2" step="1"/><F108/><REACH who="2" ten="465,132,191,202" step="2"/><W54/><G124/><T101/><D46/><U38/><E38/><V126/><F126/><W59/><G123/><T35/><D45/><U34/><E134/><V37/><F37/><W90/><G104/><T19/><D40/><U64/><E135/><V85/><F85/><W18/><G96/><T91/><D86/><N who="1" m="52535" /><E34/><V27/><F27/><AGARI ba="0,1" hai="22,23,24,25,27,56,62,64,76,82,87" m="52535" machi="27" ten="30,1500,0" yaku="8,1" doraHai="33" who="1" fromWho="2" sc="465,0,132,25,191,-15,202,0" /><INIT seed="5,1,0,4,3,8" ten="465,157,176,202" oya="1" hai0="50,83,70,12,91,39,47,77,72,108,119,27,73" hai1="120,69,129,87,106,10,44,20,6,111,7,113,95" hai2="17,116,90,117,105,59,85,104,35,53,68,107,96" hai3="67,126,5,115,46,11,118,34,134,80,24,22,74"/><U62/><E120/><V84/><F68/><W49/><G34/><T133/><D108/><U2/><E106/><V99/><F35/><W36/><G36/><T37/><D70/><U56/><E69/><V132/><F17/><W33/><G33/><T18/><D119/><N who="2" m="45642" /><F53/><W51/><G67/><T100/><D133/><U26/><E111/><V101/><F59/><W66/><G66/><T114/><D114/><U123/><E113/><V81/><F132/><W3/><G115/><T88/><D73/><U103/><E123/><V78/><F101/><W124/><G134/><T0/><D0/><U82/><E44/><V65/><F65/><W92/><G92/><AGARI ba="1,0" hai="78,81,84,85,90,92,96,99,104,105,107" m="45642" machi="92" ten="40,2600,0" yaku="34,2" doraHai="8" who="2" fromWho="3" sc="465,0,157,0,176,29,202,-29" /><INIT seed="6,0,0,1,2,57" ten="465,157,205,173" oya="2" hai0="124,44,89,125,109,74,127,87,86,112,53,42,51" hai1="123,96,117,31,95,108,36,17,21,1,3,19,54" hai2="107,104,33,28,97,69,133,91,7,72,106,101,116" hai3="90,58,35,0,49,2,46,103,81,100,26,59,62"/><V67/><F116/><W102/><G59/><T61/><D109/><U11/><E36/><V14/><F133/><W122/><G122/><T34/><D74/><U43/><E43/><V73/><F91/><W4/><G4/><T77/><D112/><U135/><E108/><V25/><F7/><W111/><G111/><T50/><D34/><U83/><E117/><V80/><F14/><W131/><G131/><T126/><D126/><U93/><E31/><V41/><F41/><W23/><G35/><T130/><D130/><U70/><E70/><V22/><F22/><W47/><G49/><T39/><D77/><U38/><E21/><V52/><F52/><N who="3" m="34119" /><G0/><T115/><D115/><U118/><E54/><V128/><F128/><W66/><G2/><T6/><D6/><U99/><E11/><V30/><F30/><N who="3" m="17759" /><G66/><T10/><D39/><U129/><E38/><V110/><F110/><W82/><G90/><T60/><D89/><U88/><E88/><V40/><F40/><W113/><G113/><T92/><D42/><U119/><E129/><V114/><F114/><W37/><G37/><T12/><D124/><U98/><E123/><V15/><F73/><W120/><G120/><T132/><D125/><U68/><E1/><V20/><F72/><W56/><G56/><T27/><D127/><U48/><E3/><V45/><F106/><W32/><G32/><T29/><D51/><U64/><E48/><V55/><F107/><W9/><G9/><T71/><D50/><U24/><E118/><V85/><F104/><W5/><G5/><T65/><D10/><U79/><E119/><RYUUKYOKU ba="0,0" sc="465,-10,157,-10,205,-10,173,30" hai3="46,47,81,82,100,102,103" /><INIT seed="7,1,0,5,4,60" ten="455,147,195,203" oya="3" hai0="71,126,20,95,19,25,100,99,21,127,96,28,34" hai1="8,88,65,135,57,91,132,64,11,90,86,0,52" hai2="68,131,3,101,109,123,51,72,29,89,105,85,87" hai3="103,33,23,41,118,125,74,42,73,106,36,39,113"/><W133/><G23/><T35/><D71/><U7/><E86/><V2/><F68/><W114/><G42/><T92/><D21/><U66/><E11/><V53/><F109/><W16/><G16/><T50/><D50/><U49/><AGARI ba="1,0" hai="0,7,8,49,52,57,64,65,66,88,90,91,132,135" machi="49" ten="40,12000,2" yaku="0,1,52,3,54,2" doraHai="60" who="1" fromWho="1" sc="455,-31,147,123,195,-31,203,-61" owari="424,53.0,270,7.0,164,-24.0,142,-36.0" /></mjloggm>