<mjloggm ver="2.3"><GO type="169" lobby="0"/><UN n0="%E5%B0%B1%E6%B4%BB%E7%94%9F%40%E5%B7%9D%E6%9D%91%E8%BB%8D%E5%9B%A3" n1="%79%6F%6A%6F" n2="%E9%BA%BB%E5%B8%83%E5%A0%85%E4%B8%80" n3="%63%6F%61" dan="17,16,19,17" rate="2181.76,2143.83,2294.60,2185.39" sx="M,F,M,M"/><TAIKYOKU oya="0"/><INIT seed="0,0,0,3,2,61" ten="250,250,250,250" oya="0" hai0="128,91,7,64,24,16,46,101,131,0,33,58,13" hai1="48,111,67,9,135,90,68,123,42,36,97,78,70" hai2="23,6,125,20,110,77,2,99,21,96,3,5,129" hai3="106,109,69,32,108,95,85,73,44,27,52,121,102"/><T60/><D101/><U54/><E123/><V117/><F77/><W132/><G73/><T50/><D0/><N who="2" m="42" /><F99/><W115/><G115/><T12/><D7/><N who="2" m="2570" /><F96/><W19/><G121/><T37/><D37/><U122/><E111/><V63/><F63/><W4/><G4/><T94/><D33/><U41/><E135/><V84/><F84/><W75/><G32/><T92/><D24/><U98/><E78/><V116/><F110/><W79/><G79/><T55/><D13/><U104/><E104/><V114/><F114/><W89/><G75/><T118/><D118/><N who="2" m="45674" /><F125/><W100/><G100/><T25/><D25/><U83/><E98/><V71/><F71/><W11/><G69/><T22/><REACH who="0" step="1"/><D91/><REACH who="0" ten="240,250,250,250" step="2"/><U53/><E90/><V49/><F129/><AGARI ba="0,1" hai="12,16,22,46,50,55,58,60,64,92,94,128,129,131" machi="129" ten="40,12000,1" yaku="1,1,2,1,19,1,52,1,54,1,53,0" doraHai="61" doraHaiUra="105" who="0" fromWho="2" sc="240,130,250,0,250,-120,250,0" /><INIT seed="0,1,0,3,2,79" ten="370,250,130,250" oya="0" hai0="129,93,103,107,63,13,64,59,27,60,3,123,110" hai1="26,51,28,111,18,41,130,73,96,100,75,9,132" hai2="17,95,109,117,121,30,106,16,12,39,62,94,34" hai3="108,50,116,126,80,66,78,48,57,42,102,120,122"/><T114/><D3/><U65/><E111/><V97/><F121/><N who="3" m="46699" /><G116/><T45/><D107/><U77/><E132/><V19/><F109/><W104/><G108/><T101/><D110/><U54/><E41/><V21/><F39/><W20/><G126/><T67/><D123/><U32/><E130/><V99/><F117/><W76/><G76/><T128/><D114/><U135/><E135/><V118/><F118/><W7/><G7/><T15/><D27/><U105/><E77/><V125/><F106/><W31/><G42/><T29/><D45/><U84/><E84/><V87/><F125/><W38/><G38/><T68/><D29/><U35/><E35/><V46/><F34/><W91/><G91/><T81/><D93/><U119/><E119/><V86/><F46/><W127/><G127/><T82/><REACH who="0" step="1"/><D59/><REACH who="0" ten="360,250,130,250" step="2"/><U98/><E28/><V33/><F30/><W115/><G115/><T72/><D72/><U6/><E73/><V36/><F94/><W58/><G58/><T134/><D134/><U92/><E75/><V89/><F95/><W49/><G57/><T11/><D11/><U131/><E9/><V40/><F12/><W56/><G56/><T53/><D53/><U25/><E54/><V37/><F40/><W24/><G104/><T8/><D8/><U55/><E55/><V113/><F113/><W14/><G14/><T52/><D52/><U1/><E1/><V71/><F62/><W10/><G10/><T74/><D74/><U83/><E105/><V2/><F2/><W47/><G47/><T44/><D44/><U69/><E92/><N who="2" m="56463" /><F36/><W90/><G31/><RYUUKYOKU ba="1,1" sc="360,30,250,-10,130,-10,250,-10" hai0="13,15,60,63,64,67,68,81,82,101,103,128,129" /><INIT seed="0,2,1,4,5,24" ten="390,240,120,240" oya="0" hai0="1,98,80,100,48,18,7,114,134,47,71,51,81" hai1="107,29,22,135,108,32,4,53,21,49,126,39,91" hai2="41,15,95,11,131,35,117,103,63,61,106,82,122" hai3="110,12,13,132,79,74,46,123,67,119,52,87,129"/><T76/><D71/><U68/><E39/><V99/><F122/><W45/><G119/><T8/><D114/><U127/><E68/><V38/><F117/><W66/><G123/><T0/><D134/><U111/><E135/><V37/><F35/><W44/><G132/><T118/><D118/><U65/><E65/><N who="3" m="24586" /><G74/><T69/><D69/><U31/><E4/><V50/><F131/><W78/><G129/><T112/><D112/><U3/><E3/><V90/><F38/><W97/><G110/><N who="1" m="42026" /><E107/><V6/><F37/><W86/><G97/><T104/><D0/><U58/><E91/><V109/><F109/><W124/><G124/><N who="1" m="47658" /><E32/><V70/><F70/><W72/><G72/><T55/><D76/><N who="3" m="29225" /><G52/><T20/><REACH who="0" step="1"/><D48/><REACH who="0" ten="380,240,120,240" step="2"/><U43/><E43/><V56/><F41/><W130/><G130/><T14/><AGARI ba="2,2" hai="1,7,8,14,18,20,47,51,55,80,81,98,100,104" machi="14" ten="20,12000,1" yaku="1,1,2,1,0,1,7,1,53,1" doraHai="24" doraHaiUra="9" who="0" fromWho="0" sc="380,146,240,-42,120,-42,240,-42" /><INIT seed="0,3,0,1,1,128" ten="526,198,78,198" oya="0" hai0="101,14,20,117,33,11,122,83,7,56,87,107,91" hai1="69,15,97,10,108,102,64,80,123,37,54,16,34" hai2="17,98,66,26,93,65,4,6,3,51,73,95,125" hai3="119,67,60,129,5,36,105,82,72,79,30,84,127"/><T121/><D33/><U90/><E123/><V63/><F73/><W78/><G119/><T135/><D117/><U12/><E37/><V44/><F125/><W100/><G127/><T115/><D115/><U92/><E34/><V75/><F75/><W114/><G114/><T120/><D20/><U118/><E118/><V48/><F3/><W0/><G129/><T88/><D56/><U2/><E2/><V22/><F51/><W104/><G36/><T70/><D70/><U40/><E108/><V9/><F9/><W45/><G45/><T112/><D112/><U110/><E110/><V86/><F86/><W52/><G100/><T50/><D50/><U76/><E40/><V19/><F19/><W130/><G130/><T132/><REACH who="0" step="1"/><D88/><REACH who="0" ten="516,198,78,198" step="2"/><U81/><E90/><V77/><F48/><W24/><G60/><T39/><D39/><U113/><E69/><V59/><F22/><W38/><G38/><T21/><D21/><U1/><E113/><V43/><F59/><W96/><G30/><T28/><D28/><U29/><E29/><V134/><F63/><W103/><G67/><T124/><D124/><U116/><E64/><V85/><F66/><W31/><G31/><T99/><AGARI ba="3,1" hai="7,11,14,83,87,91,99,101,107,120,121,122,132,135" machi="99" ten="40,12000,1" yaku="1,1,0,1,52,2,53,0" doraHai="128" doraHaiUra="42" who="0" fromWho="0" sc="516,139,198,-43,78,-43,198,-43" /><INIT seed="0,4,0,0,2,78" ten="655,155,35,155" oya="0" hai0="82,113,75,22,2,132,124,11,96,88,3,80,27" hai1="86,17,67,33,59,77,63,79,73,38,25,115,47" hai2="41,84,109,65,102,0,107,106,125,31,105,91,52" hai3="68,104,51,55,12,122,83,36,28,127,90,49,69"/><T120/><D120/><U45/><E73/><V108/><F0/><W81/><G36/><T112/><D124/><U9/><E115/><V20/><F41/><W97/><G127/><T110/><D132/><U95/><E33/><V19/><F125/><W119/><G119/><T30/><D110/><N who="2" m="42602" /><F65/><W1/><G1/><T37/><D37/><U126/><E126/><V116/><F31/><W29/><G122/><T53/><D75/><U6/><E6/><V93/><F116/><W70/><G12/><T117/><D117/><U134/><E134/><V62/><F102/><W46/><G49/><T24/><D53/><U131/><E131/><V64/><F52/><W50/><G50/><T8/><D96/><U94/><E38/><V130/><F130/><W92/><REACH who="3" step="1"/><G104/><REACH who="3" ten="655,155,35,145" step="2"/><T10/><D3/><U101/><E25/><N who="2" m="14495" /><F107/><W133/><G133/><T39/><D2/><U129/><E129/><V118/><F118/><W7/><G7/><T135/><D135/><U44/><E47/><V34/><F34/><W42/><G42/><T18/><D39/><U48/><E45/><V114/><F114/><W61/><G61/><T89/><D112/><U15/><E44/><V71/><AGARI ba="4,1" hai="62,64,71,84,91,93,105,106" m="14495,42602" machi="71" ten="30,1100,0" yaku="14,1" doraHai="78" who="2" fromWho="2" sc="655,-9,155,-7,35,33,145,-7" /><INIT seed="1,0,0,2,2,52" ten="646,148,68,138" oya="1" hai0="126,28,14,26,84,95,60,21,120,66,4,19,100" hai1="79,39,41,118,57,16,97,20,24,62,11,17,48" hai2="102,32,91,3,76,44,5,64,99,114,89,33,9" hai3="128,107,77,38,35,115,46,15,87,70,61,59,82"/><U49/><E118/><V22/><F114/><W36/><G115/><T104/><D126/><U133/><E133/><V125/><F125/><W117/><G107/><T30/><D104/><U127/><E127/><V68/><F76/><W90/><G35/><T112/><D112/><U105/><E79/><V74/><F74/><W58/><G117/><T101/><D120/><U69/><E69/><V7/><F7/><W29/><G29/><T88/><D4/><U0/><E39/><V55/><F22/><W121/><G121/><T31/><REACH who="0" step="1"/><D26/><REACH who="0" ten="636,148,68,138" step="2"/><U92/><E105/><V45/><F5/><W122/><G122/><T13/><D13/><N who="1" m="7231" /><E0/><V78/><F3/><W2/><G2/><T113/><D113/><U124/><E124/><V40/><F33/><W85/><G15/><T51/><D51/><U43/><E49/><V134/><F32/><W25/><G25/><T71/><AGARI ba="0,1" hai="14,19,21,28,30,31,60,66,71,84,88,95,100,101" machi="71" ten="30,7900,0" yaku="1,1,0,1,54,1,53,1" doraHai="52" doraHaiUra="10" who="0" fromWho="0" sc="636,89,148,-39,68,-20,138,-20" /><INIT seed="2,0,0,0,1,120" ten="725,109,48,118" oya="2" hai0="11,67,43,27,92,68,131,112,59,105,119,37,90" hai1="113,50,2,96,40,38,22,10,36,8,122,35,134" hai2="65,46,74,53,81,100,118,83,87,3,98,64,23" hai3="61,108,69,4,125,101,111,73,70,80,129,107,116"/><V135/><F118/><W57/><G116/><T103/><D68/><U45/><E113/><V24/><F3/><W25/><G129/><T78/><D78/><U88/><E35/><V84/><F135/><W44/><G125/><T62/><D131/><U91/><E134/><V33/><F33/><W12/><G25/><T60/><D112/><U117/><E117/><V71/><F74/><W58/><G44/><T130/><D62/><U21/><E96/><V48/><F71/><W99/><G58/><T34/><D11/><U132/><E132/><V16/><F84/><W133/><G133/><T19/><D19/><U94/><E94/><V0/><F0/><W82/><G70/><T97/><D119/><U127/><E2/><V14/><F24/><W13/><G69/><T63/><D60/><U85/><E85/><V56/><F56/><W114/><G114/><T79/><D79/><U42/><E45/><V109/><F109/><N who="3" m="42059" /><G4/><T123/><D43/><U18/><E127/><V39/><F39/><W51/><G51/><T86/><D37/><U32/><E50/><V93/><REACH who="2" step="1"/><F81/><REACH who="2" ten="725,109,38,118" step="2"/><N who="3" m="31339" /><G73/><T7/><D59/><U9/><E38/><V17/><F17/><W77/><G77/><AGARI ba="0,1" hai="14,16,23,46,48,53,64,65,77,83,87,93,98,100" machi="77" ten="30,11600,0" yaku="1,1,7,1,8,1,54,1,53,0" doraHai="120" doraHaiUra="6" who="2" fromWho="3" sc="725,0,109,0,38,126,118,-116" /><INIT seed="2,1,0,5,4,112" ten="725,109,164,2" oya="2" hai0="122,2,15,103,31,88,32,39,108,130,65,75,113" hai1="22,8,41,54,57,124,4,6,50,114,118,83,55" hai2="24,126,84,95,43,74,35,90,16,72,80,79,81" hai3="94,71,14,38,111,102,42,19,27,100,48,125,110"/><V7/><F7/><W64/><G38/><T106/><RYUUKYOKU type="yao9" ba="1,0" sc="725,0,109,0,164,0,2,0" hai0="2,15,31,32,39,65,75,88,103,106,108,113,122,130" /><INIT seed="2,2,0,5,1,51" ten="725,109,164,2" oya="2" hai0="126,56,122,45,37,23,87,120,99,1,68,110,75" hai1="54,77,20,44,104,82,86,73,66,78,38,72,108" hai2="43,29,26,79,129,15,83,11,42,112,31,127,65" hai3="63,8,131,48,61,10,135,12,74,16,55,96,41"/><V6/><F112/><W119/><G74/><T64/><D75/><U35/><E35/><V58/><F129/><W36/><G119/><T128/><D128/><U105/><E66/><V123/><F127/><W19/><G131/><T30/><D1/><U27/><E108/><V97/><F97/><W92/><G135/><T113/><D99/><U59/><E38/><V80/><F123/><W95/><G36/><T69/><D87/><U71/><E71/><V3/><F3/><W93/><G41/><T70/><D23/><U62/><E44/><V115/><F115/><W17/><G96/><T49/><D30/><U0/><E0/><V117/><F117/><W46/><G10/><T116/><D110/><U134/><E134/><V5/><F5/><AGARI ba="2,0" hai="5,8,12,16,17,19,46,48,55,61,63,92,93,95" machi="5" ten="40,5200,0" yaku="8,1,52,1,54,1" doraHai="51" who="3" fromWho="2" sc="725,0,109,0,164,-58,2,58" /><INIT seed="3,0,0,2,3,126" ten="725,109,106,60" oya="3" hai0="11,70,1,38,63,45,50,28,8,19,104,66,98" hai1="103,15,117,27,131,58,120,24,7,57,92,10,110" hai2="17,118,129,122,53,39,116,22,135,34,55,43,101" hai3="108,133,40,125,13,127,62,100,33,6,60,74,85"/><W9/><G74/><T112/><D38/><U121/><E110/><V76/><F76/><W35/><G108/><T114/><D28/><U25/><E117/><V41/><F101/><W86/><G100/><N who="0" m="62487" /><D19/><U51/><E131/><V105/><F129/><W109/><G109/><T75/><D1/><U107/><E107/><V119/><F105/><W4/><G40/><N who="0" m="24871" /><D75/><U5/><E5/><V47/><F135/><W49/><G49/><T20/><D20/><U96/><REACH who="1" step="1"/><E51/><REACH who="1" ten="725,99,106,60" step="2"/><V0/><F118/><W64/><G133/><T48/><D48/><U29/><E29/><V106/><F106/><W26/><G6/><T99/><D99/><U111/><E111/><V59/><F119/><W80/><G127/><T52/><D112/><U72/><E72/><V73/><F73/><W44/><G125/><T14/><D63/><U2/><E2/><V81/><F0/><W89/><G60/><T21/><D70/><U84/><E84/><V32/><F116/><W130/><G130/><T23/><D114/><U31/><E31/><V95/><F39/><W94/><G44/><T93/><D14/><U134/><E134/><V78/><F47/><W87/><G87/><T30/><D30/><U36/><E36/><V46/><F46/><W115/><G115/><T124/><D124/><U128/><E128/><V90/><F34/><W132/><G132/><T16/><D16/><U54/><E54/><V123/><F32/><W3/><G3/><T88/><D52/><U79/><E79/><V68/><F43/><W12/><G12/><T37/><D37/><U65/><E65/><V91/><F41/><RYUUKYOKU ba="0,1" sc="725,-10,99,30,106,-10,60,-10" hai1="7,10,15,24,25,27,57,58,92,96,103,120,121" /><INIT seed="4,1,1,3,3,64" ten="715,129,96,50" oya="0" hai0="42,3,17,114,132,48,70,24,127,60,12,100,73" hai1="134,14,124,7,126,85,44,8,4,102,107,20,119" hai2="83,36,106,67,135,129,79,57,108,88,92,105,125" hai3="18,25,23,86,31,113,65,49,5,123,72,62,35"/><T58/><D3/><U128/><E119/><V122/><F36/><W115/><G72/><T41/><D73/><U103/><E128/><V120/><F57/><W101/><G123/><N who="2" m="47145" /><F67/><W53/><G5/><T45/><D24/><U121/><E121/><V95/><F108/><W52/><G101/><T34/><D34/><U2/><E107/><V133/><F129/><W29/><G86/><T116/><D100/><U90/><E44/><V66/><F66/><W81/><G81/><T47/><D17/><N who="1" m="10295" /><E7/><V69/><F69/><N who="3" m="42167" /><G35/><T84/><D12/><U76/><E76/><V112/><F95/><W19/><G19/><T16/><D84/><U99/><E99/><N who="2" m="57735" /><F112/><N who="3" m="43083" /><G53/><T68/><D16/><U1/><E1/><V11/><F11/><W28/><G28/><T13/><D13/><U6/><E4/><V50/><F105/><W111/><G111/><T130/><D130/><U40/><E6/><V0/><F106/><W131/><G131/><T55/><D114/><U82/><E2/><V32/><F0/><W56/><AGARI ba="1,1" hai="18,23,25,29,31,49,52,56" m="43083,42167" machi="56" ten="30,4000,0" yaku="15,1,52,1,54,1" doraHai="64" who="3" fromWho="3" sc="715,-21,129,-11,96,-11,50,53" /><INIT seed="5,0,0,2,5,114" ten="694,118,85,103" oya="1" hai0="10,124,39,20,71,118,75,126,6,125,117,4,19" hai1="56,96,8,93,132,25,134,106,85,53,43,121,29" hai2="129,111,90,100,128,11,99,89,55,28,0,24,46" hai3="54,44,31,40,35,49,57,123,67,45,52,30,108"/><U63/><E121/><V48/><F111/><W135/><G108/><T81/><D71/><U60/><E43/><V42/><F42/><W47/><G123/><T131/><D39/><U61/><E106/><V73/><F73/><W87/><G135/><N who="1" m="51754" /><E8/><V62/><F62/><N who="3" m="38351" /><G35/><T59/><D131/><N who="2" m="50250" /><F11/><W95/><G40/><T36/><D36/><U65/><E85/><V104/><F0/><W58/><G54/><T92/><D10/><U13/><E13/><V82/><F82/><W9/><G9/><T102/><D6/><U122/><E122/><V38/><F38/><W34/><G34/><AGARI ba="0,0" hai="24,28,34,46,48,55,89,90,99,100,104" m="50250" machi="34" ten="30,1000,0" yaku="19,1" doraHai="114" who="2" fromWho="3" sc="694,0,118,0,85,10,103,-10" /><INIT seed="6,0,0,4,4,64" ten="694,118,95,93" oya="2" hai0="109,78,95,58,44,82,35,54,68,87,65,116,91" hai1="71,12,26,22,105,34,28,53,125,94,4,38,3" hai2="52,75,45,70,59,97,72,131,14,15,76,55,104" hai3="124,57,114,19,119,127,84,9,60,111,83,39,13"/><V123/><F123/><W106/><G39/><T10/><D109/><U66/><E38/><V69/><F76/><W112/><G106/><T36/><D35/><U73/><E73/><V2/><F2/><W129/><G119/><T21/><D116/><U122/><E94/><V80/><F80/><W102/><G102/><T48/><D21/><U100/><E53/><V93/><F104/><W108/><G129/><T47/><D10/><N who="1" m="4167" /><E22/><V86/><F86/><W23/><G23/><T79/><D47/><U17/><E17/><V61/><F131/><W1/><G1/><T8/><D8/><U115/><E122/><V20/><F75/><W56/><G108/><T130/><D130/><U118/><E118/><V25/><F72/><W121/><G111/><T30/><D30/><U81/><E81/><V0/><F0/><W132/><G121/><T24/><D24/><U67/><E67/><V6/><F6/><W7/><G7/><T135/><D135/><U46/><E46/><V32/><F32/><W37/><G37/><T63/><D82/><U99/><E3/><V103/><F14/><W49/><G132/><T101/><D101/><U41/><E41/><AGARI ba="0,0" hai="36,41,44,48,54,58,63,65,68,78,79,87,91,95" machi="41" ten="40,5200,0" yaku="24,2,52,1" doraHai="64" who="0" fromWho="1" sc="694,52,118,-52,95,0,93,0" /><INIT seed="7,0,0,4,3,64" ten="746,66,95,93" oya="3" hai0="6,131,99,9,63,30,28,123,48,108,22,86,85" hai1="69,50,71,122,55,62,83,81,16,101,133,114,52" hai2="65,104,31,91,8,7,57,72,129,13,95,80,47" hai3="18,94,21,76,103,97,84,106,5,115,12,89,24"/><W107/><G115/><T134/><D108/><U68/><E122/><V102/><F129/><W100/><G76/><T61/><D123/><U56/><E114/><V112/><F112/><W37/><G37/><T39/><D39/><U77/><E133/><V110/><F110/><W82/><G103/><T40/><D134/><U42/><E42/><V29/><F104/><W60/><G60/><T130/><D99/><U25/><E101/><V1/><F1/><W27/><G27/><T4/><D22/><U32/><E77/><V96/><F47/><W90/><G90/><T33/><D9/><U93/><E93/><N who="2" m="58639" /><F80/><W19/><G5/><T111/><D111/><U66/><E55/><V26/><F26/><W127/><G127/><T119/><D119/><U44/><REACH who="1" step="1"/><E16/><REACH who="1" ten="746,56,95,93" step="2"/><V135/><F135/><W49/><G49/><T98/><D33/><U126/><E126/><V120/><F95/><W51/><G51/><T87/><D48/><U53/><E53/><V109/><F109/><W70/><G70/><T46/><D40/><U54/><E54/><V105/><F120/><W88/><REACH who="3" step="1"/><G100/><REACH who="3" ten="746,56,95,83" step="2"/><T79/><D4/><U3/><E3/><V45/><F7/><W124/><G124/><T14/><D6/><U92/><E92/><V20/><F105/><W121/><G121/><T74/><D63/><U78/><E78/><V58/><F91/><W0/><G0/><T67/><D61/><U34/><E34/><V132/><F132/><W116/><G116/><T73/><D79/><U35/><E35/><V125/><F125/><W38/><G38/><T36/><D36/><U23/><E23/><AGARI ba="0,2" hai="12,18,19,21,23,24,82,84,88,89,94,97,106,107" machi="23" ten="30,11600,0" yaku="1,1,6,1,7,1,54,1,53,0" doraHai="64" doraHaiUra="2" who="3" fromWho="1" sc="746,0,56,-116,95,0,83,136" owari="746,84.0,-60,-56.0,95,-30.0,219,2.0" /></mjloggm>