<mjloggm ver="2.3"><GO type="169" lobby="0"/><UN n0="%74%6F%6D%75%74%6F%6D%69" n1="%61%62%61%6E%74%65%73" n2="%79%6F%6A%6F" n3="%E3%83%88%E3%83%88%E3%83%AA%E5%85%88%E7%94%9F%31%39%E6%AD%B3" dan="16,17,17,18" rate="2074.60,2154.30,2203.08,2173.16" sx="M,M,F,F"/><TAIKYOKU oya="0"/><INIT seed="0,0,0,5,2,69" ten="250,250,250,250" oya="0" hai0="134,109,27,60,54,91,127,37,47,111,39,59,106" hai1="94,65,55,103,125,86,77,104,29,119,10,122,2" hai2="44,0,120,45,99,105,116,96,31,135,23,30,92" hai3="90,89,58,34,41,38,67,72,87,75,115,76,79"/><T123/><D106/><U11/><E65/><V68/><F120/><W17/><G115/><T81/><D123/><U48/><E104/><V57/><F68/><W131/><G34/><T112/><D112/><U33/><E2/><V71/><F71/><W78/><G131/><T52/><D127/><U107/><E107/><V61/><F0/><W36/><G41/><T8/><D134/><U14/><E10/><V4/><F4/><W118/><G118/><T42/><D27/><U50/><E50/><V130/><F130/><W128/><G128/><T126/><D126/><U16/><E119/><V101/><F135/><W74/><G17/><T13/><D91/><U43/><E43/><V20/><F116/><W73/><N who="3" m="18432" /><DORA hai="18" /><W53/><G67/><T26/><D26/><U88/><E33/><V62/><F105/><W121/><G121/><T70/><D81/><N who="1" m="47407" /><E29/><N who="2" m="10763" /><F99/><W102/><G102/><T124/><D70/><U7/><E103/><V24/><F24/><W5/><G5/><N who="0" m="3215" /><D54/><U80/><E125/><V95/><F95/><W49/><REACH who="3" step="1"/><G90/><REACH who="3" ten="250,250,250,240" step="2"/><T83/><D124/><U64/><E64/><N who="2" m="38959" /><F62/><W82/><AGARI ba="0,1" hai="36,38,49,53,58,76,78,79,82,87,89" m="18432" machi="82" ten="60,8000,1" yaku="1,1,0,1,52,2,53,0" doraHai="69,18" doraHaiUra="129,12" who="3" fromWho="3" sc="250,-40,250,-20,250,-20,240,90" /><INIT seed="1,0,0,5,5,45" ten="210,230,230,330" oya="1" hai0="75,92,80,64,31,11,107,129,27,70,47,20,122" hai1="103,77,69,6,35,108,114,76,0,56,118,123,96" hai2="21,32,12,57,105,18,111,102,89,104,9,50,41" hai3="131,13,36,3,68,51,110,87,14,39,106,2,43"/><U54/><E69/><V59/><F32/><W29/><G68/><T52/><D107/><U86/><E35/><V55/><F111/><W60/><G106/><T49/><D122/><U1/><E123/><V130/><F130/><W135/><G110/><T23/><D129/><U128/><E108/><V25/><F41/><W44/><G131/><T74/><D70/><U134/><E128/><V91/><F59/><W83/><G29/><T125/><D64/><U81/><E114/><V67/><F67/><W88/><G135/><T48/><D125/><U78/><E118/><V71/><F71/><W94/><G60/><T109/><D109/><U40/><E40/><V119/><F119/><W4/><G14/><T28/><D11/><U37/><E37/><V115/><F115/><W100/><G13/><T85/><D92/><U5/><E134/><V79/><F79/><N who="1" m="30281" /><E1/><V120/><F120/><W95/><G95/><T132/><D132/><U99/><E0/><V61/><F104/><W26/><G26/><N who="0" m="16455" /><D74/><U46/><E46/><N who="2" m="28119" /><F102/><W33/><G33/><T112/><D75/><U63/><E103/><V82/><F82/><W127/><G3/><T90/><D112/><U72/><E72/><V65/><F105/><W7/><G2/><T24/><D27/><U97/><AGARI ba="0,0" hai="5,6,54,56,63,78,81,86,96,97,99" m="30281" machi="97" ten="30,1500,0" yaku="8,1" doraHai="45" who="1" fromWho="1" sc="210,-5,230,15,230,-5,330,-5" /><INIT seed="1,1,0,2,3,38" ten="205,245,225,325" oya="1" hai0="9,123,35,41,27,1,69,135,10,19,85,128,21" hai1="17,88,29,100,96,47,87,40,113,63,101,72,67" hai2="46,5,23,22,73,43,34,8,92,77,93,89,37" hai3="121,0,95,18,45,54,107,130,15,44,59,84,126"/><U83/><E113/><V134/><F34/><W115/><G121/><T42/><D69/><U81/><E29/><V16/><F134/><W60/><G107/><T82/><D135/><U58/><E17/><V114/><F114/><W32/><G0/><T79/><D1/><U119/><E119/><V117/><F117/><W76/><G32/><T127/><D128/><U3/><E3/><N who="2" m="63" /><F22/><W57/><G115/><T112/><D127/><U55/><E67/><V103/><F89/><N who="3" m="53671" /><G76/><T108/><D108/><U33/><E33/><V132/><F103/><N who="1" m="39497" /><E72/><V71/><F71/><W106/><G106/><T86/><D112/><U116/><E116/><V125/><F125/><W98/><G98/><T80/><D35/><U70/><E96/><V102/><F102/><W97/><G97/><T31/><D123/><U12/><E12/><N who="2" m="9607" /><F132/><W20/><G130/><T4/><D4/><U51/><E70/><V48/><F48/><N who="3" m="31175" /><G126/><T90/><D9/><U53/><E53/><AGARI ba="1,0" hai="15,18,20,44,45,53,57,60" m="31175,53671" machi="53" ten="30,2000,0" yaku="25,1,8,1" doraHai="38" who="3" fromWho="1" sc="205,0,245,-23,225,0,325,23" /><INIT seed="2,0,0,2,0,114" ten="205,222,225,348" oya="2" hai0="9,107,98,84,17,123,55,117,45,23,41,105,106" hai1="78,0,3,12,31,135,38,14,47,1,88,5,102" hai2="43,44,89,115,28,27,124,81,57,72,34,74,15" hai3="127,25,59,97,56,128,42,125,120,116,19,77,32"/><V24/><F115/><W46/><G120/><T30/><D123/><U110/><E78/><V86/><F124/><N who="3" m="47691" /><G116/><T103/><D55/><U119/><E102/><V6/><F27/><W87/><G128/><T51/><D30/><U52/><E119/><V8/><REACH who="2" step="1"/><F57/><REACH who="2" ten="205,222,215,348" step="2"/><W130/><G59/><T79/><D117/><U82/><E135/><V101/><F101/><W50/><G56/><T16/><D79/><U99/><E110/><V85/><F85/><W92/><G87/><T133/><D84/><U26/><E26/><V75/><F75/><W90/><G77/><T10/><D133/><U37/><E99/><V108/><F108/><W20/><G130/><T111/><D111/><U29/><E88/><V100/><F100/><N who="3" m="60455" /><G32/><T113/><D113/><U13/><E82/><V64/><F64/><W35/><G35/><T21/><D103/><U53/><E5/><V121/><F121/><W93/><G93/><T118/><D98/><U7/><E7/><V69/><F69/><W39/><G90/><T104/><N who="0" m="27136" /><DORA hai="60" /><T112/><D112/><U131/><E131/><V95/><F95/><W33/><G33/><T80/><D80/><U76/><E76/><V67/><F67/><W61/><G61/><T66/><D66/><U129/><E129/><V71/><F71/><W49/><AGARI ba="0,1" hai="19,20,25,39,42,46,49,50" m="60455,47691" machi="49" ten="30,1100,0" yaku="18,1" doraHai="114,60" who="3" fromWho="3" sc="205,-3,222,-3,215,-5,348,21" /><INIT seed="3,0,0,5,5,3" ten="202,219,210,369" oya="3" hai0="134,107,49,0,30,21,102,119,88,115,52,126,59" hai1="34,67,74,68,109,14,46,123,83,116,57,122,62" hai2="118,72,11,44,97,101,20,28,110,26,75,77,89" hai3="69,51,79,15,8,112,61,81,16,94,50,9,1"/><W99/><G112/><T87/><D119/><U127/><E34/><V121/><F118/><W70/><G70/><T32/><D32/><U129/><E116/><V36/><F110/><W76/><G76/><T105/><D134/><U63/><E74/><V29/><F121/><N who="1" m="46089" /><E83/><V19/><F89/><W133/><G133/><T33/><D33/><U73/><E73/><V24/><F36/><W53/><G1/><T13/><D126/><U31/><E14/><V117/><F44/><W71/><G8/><T38/><D38/><U114/><E31/><V103/><F117/><W82/><G82/><T42/><D42/><U135/><E135/><V37/><F37/><W124/><G124/><T120/><D120/><U6/><E6/><V130/><F11/><W25/><G25/><T45/><D0/><U55/><E127/><V104/><F101/><W58/><G71/><T84/><D102/><U125/><E125/><V66/><F66/><W95/><G69/><T65/><D84/><U96/><E96/><V131/><F19/><W17/><G17/><T78/><D78/><U23/><E23/><N who="2" m="15391" /><F77/><W98/><G98/><T18/><D30/><U113/><E46/><V4/><F4/><W12/><G12/><T10/><D10/><U43/><E43/><V39/><F39/><W90/><REACH who="3" step="1"/><G95/><REACH who="3" ten="202,219,210,359" step="2"/><N who="0" m="54687" /><D115/><U92/><E114/><V48/><F29/><W100/><G100/><T41/><D107/><U56/><E113/><V40/><F26/><W80/><G80/><T108/><D105/><U132/><E132/><V27/><F27/><W7/><G7/><T35/><D13/><U47/><E92/><RYUUKYOKU ba="0,1" sc="202,-10,219,-10,210,-10,359,30" hai3="9,15,16,50,51,53,58,61,79,81,90,94,99" /><INIT seed="3,1,1,0,0,103" ten="192,209,200,389" oya="3" hai0="26,92,3,64,78,1,22,19,126,84,75,90,48" hai1="69,135,65,115,54,129,25,6,121,28,33,5,87" hai2="16,72,66,110,57,17,47,23,70,105,38,107,108" hai3="88,10,101,89,74,13,8,46,31,77,133,119,120"/><W18/><G119/><T29/><D126/><U21/><E115/><V58/><F72/><W95/><G120/><T55/><D64/><U59/><E121/><V0/><F0/><W94/><G133/><T122/><D122/><U118/><E118/><V24/><F38/><W40/><G31/><T109/><D109/><N who="2" m="42090" /><F47/><W132/><G132/><T81/><REACH who="0" step="1"/><D29/><REACH who="0" ten="182,209,200,389" step="2"/><U36/><E28/><V71/><F66/><W73/><G73/><T7/><D7/><U14/><E5/><V98/><F17/><W53/><G74/><T82/><D82/><U93/><E6/><V44/><F70/><W127/><G18/><T117/><D117/><U123/><E65/><V86/><F71/><W131/><G127/><T49/><D49/><U134/><E69/><V76/><F44/><AGARI ba="1,2" hai="1,3,19,22,26,44,48,55,75,78,81,84,90,92" machi="44" ten="30,7700,0" yaku="1,1,7,1,53,2" doraHai="103" doraHaiUra="34" who="0" fromWho="2" sc="182,100,209,0,200,-80,389,0" /><INIT seed="4,0,0,0,4,65" ten="282,209,120,389" oya="0" hai0="25,77,59,123,96,91,124,58,43,46,5,104,113" hai1="31,10,61,57,50,127,83,26,112,86,41,42,19" hai2="116,95,99,85,51,17,6,133,129,18,13,87,72" hai3="32,103,121,106,30,2,68,107,35,130,34,11,111"/><T76/><D123/><U29/><E127/><V122/><F72/><W44/><G111/><T114/><D124/><U119/><E119/><V38/><F38/><W4/><G121/><T27/><D5/><U92/><E92/><V120/><F116/><W88/><G130/><T23/><D27/><U54/><E112/><N who="0" m="43113" /><D91/><U71/><E31/><V117/><F117/><W97/><G107/><T3/><D3/><U126/><E126/><V60/><F129/><W64/><G44/><T108/><D108/><U105/><E105/><V9/><F133/><W33/><G88/><T1/><D1/><U47/><E19/><N who="2" m="7179" /><F122/><W101/><G101/><N who="0" m="62503" /><D23/><U28/><E10/><V109/><F109/><W39/><G39/><N who="0" m="21887" /><D25/><U128/><E128/><V63/><F120/><W135/><G135/><T94/><D94/><U84/><E42/><V20/><F20/><W115/><G115/><T37/><D37/><U81/><E26/><V21/><F21/><W134/><G134/><T49/><D58/><U16/><E57/><V82/><F87/><W118/><G118/><T102/><D102/><U53/><E86/><V12/><F12/><W69/><G33/><T78/><D59/><U8/><E84/><V52/><F95/><W15/><G15/><T0/><D0/><U66/><E41/><V89/><F99/><W100/><G100/><T67/><D67/><U75/><E54/><V22/><F22/><W56/><G30/><T79/><D79/><N who="1" m="44287" /><E29/><V90/><F90/><W70/><G56/><AGARI ba="0,0" hai="6,9,13,51,52,56,60,63,82,85,89" m="7179" machi="56" ten="30,2000,0" yaku="8,1,54,1" doraHai="65" who="2" fromWho="3" sc="282,0,209,0,120,20,389,-20" /><INIT seed="5,0,0,5,0,28" ten="282,209,140,369" oya="1" hai0="54,135,42,53,80,32,91,89,121,33,114,73,23" hai1="88,16,68,110,66,75,69,52,122,19,107,26,36" hai2="76,92,29,99,24,50,22,51,18,25,4,84,2" hai3="125,9,47,123,95,130,14,37,96,27,116,78,79"/><U86/><E122/><V12/><F76/><W70/><G123/><T115/><D121/><U120/><E120/><V74/><F74/><W103/><G70/><T5/><D42/><U71/><E75/><V105/><F105/><W39/><G130/><T11/><D23/><U55/><E36/><V48/><F84/><W108/><G108/><T49/><D135/><U6/><E107/><V8/><REACH who="2" step="1"/><F29/><REACH who="2" ten="282,209,130,369" step="2"/><W97/><G79/><T21/><D73/><U35/><E110/><V118/><F118/><W117/><G78/><T82/><D21/><U58/><E86/><V64/><F64/><W112/><G116/><T81/><D11/><U77/><E77/><V0/><F0/><W44/><G9/><T119/><D119/><U87/><E66/><V59/><F59/><W111/><G111/><T85/><D85/><U13/><E58/><V104/><F104/><W41/><G117/><T62/><D62/><U72/><E72/><V98/><F98/><W101/><G96/><T43/><D49/><U93/><E71/><V128/><F128/><W30/><G97/><T131/><D131/><U63/><E69/><V56/><F56/><W10/><G39/><T129/><D129/><U46/><E68/><V90/><AGARI ba="0,1" hai="2,4,8,12,18,22,24,25,48,50,51,90,92,99" machi="90" ten="30,2000,0" yaku="1,1,0,1,53,0" doraHai="28" doraHaiUra="134" who="2" fromWho="2" sc="282,-5,209,-10,130,30,369,-5" /><INIT seed="6,0,0,5,1,84" ten="277,199,160,364" oya="2" hai0="37,91,129,5,131,35,127,53,99,90,121,68,21" hai1="33,76,82,42,26,71,89,44,126,104,15,124,1" hai2="29,13,23,102,64,11,57,85,118,119,6,79,109" hai3="100,72,61,63,112,10,32,40,16,101,20,39,14"/><V45/><F102/><N who="3" m="39531" /><G39/><T34/><D121/><U122/><E1/><V18/><F109/><W9/><G72/><T41/><D68/><U62/><E104/><V24/><F45/><W133/><G32/><T80/><D5/><U125/><E15/><V0/><F64/><W22/><G40/><T93/><D127/><U7/><E7/><V25/><F57/><W30/><G133/><T130/><D21/><U98/><E122/><V75/><F75/><W83/><G112/><T67/><D67/><N who="1" m="41463" /><E98/><V54/><F54/><W77/><G83/><T116/><D116/><U59/><E59/><V31/><F79/><W43/><G43/><T58/><D41/><U135/><E135/><V108/><F108/><W65/><G77/><T38/><D38/><N who="1" m="21591" /><E89/><V113/><F85/><W115/><G115/><T110/><D37/><U103/><E103/><V52/><F52/><W55/><G65/><T120/><D120/><U2/><E2/><V95/><F95/><W49/><G63/><N who="0" m="36303" /><D110/><U97/><E97/><V81/><F81/><W12/><G61/><T107/><D107/><U86/><E26/><N who="2" m="10347" /><F113/><W117/><G55/><T96/><D80/><U48/><E33/><V46/><F46/><W73/><G73/><T4/><D4/><U66/><E66/><V69/><F69/><W132/><G132/><T123/><D123/><U50/><AGARI ba="0,0" hai="48,50,76,82,86,124,125,126" m="21591,41463" machi="50" ten="40,1500,0" yaku="18,1" doraHai="84" who="1" fromWho="1" sc="277,-4,199,15,160,-7,364,-4" /><INIT seed="7,0,0,5,4,79" ten="273,214,153,360" oya="3" hai0="135,32,83,13,45,36,42,133,105,110,48,24,119" hai1="34,131,55,97,84,54,58,9,8,60,92,0,61" hai2="5,67,89,39,81,114,106,120,108,134,22,126,6" hai3="12,73,31,102,10,93,63,14,27,70,44,49,33"/><W85/><G73/><T116/><D105/><U86/><E34/><V96/><F108/><W125/><G125/><T90/><D13/><U2/><E131/><V15/><F39/><W17/><G70/><T38/><D110/><U103/><E2/><V56/><F126/><W66/><G66/><T25/><D48/><U94/><E0/><V80/><F120/><W71/><G63/><T46/><D90/><N who="1" m="53335" /><E84/><V64/><F134/><W130/><G71/><T69/><D69/><U100/><E100/><V51/><F114/><W23/><G130/><T43/><REACH who="0" step="1"/><D32/><REACH who="0" ten="263,214,153,360" step="2"/><U28/><E28/><V57/><F106/><W3/><G3/><T7/><D7/><N who="2" m="2570" /><F89/><N who="3" m="53423" /><G33/><T47/><D47/><U21/><E21/><V50/><F96/><W72/><G102/><T52/><D52/><U11/><E60/><N who="2" m="37895" /><F67/><AGARI ba="0,1" hai="8,9,11,54,55,58,61,67,94,97,103" m="53335" machi="67" ten="30,1000,0" yaku="8,1" doraHai="79" who="1" fromWho="2" sc="263,0,214,20,153,-10,360,0" owari="263,6.0,234,-17.0,143,-36.0,360,47.0" /></mjloggm>