<mjloggm ver="2.3"><GO type="169" lobby="0"/><UN n0="%E5%8C%97%E3%81%AE%E5%AF%BE%E5%AD%90%E8%90%BD%E3%81%A8%E3%81%97" n1="%72%61%74%74%61%74%74%61" n2="%E3%82%A6%E3%83%AB%E3%83%88%E3%83%A9%E7%AB%8B%E7%9B%B4" n3="%E5%8F%8A%E5%B7%9D%E5%86%B0%E9%BA%97" dan="16,17,17,16" rate="2032.27,2156.00,2153.21,2065.10" sx="M,M,M,M"/><TAIKYOKU oya="0"/><INIT seed="0,0,0,3,4,86" ten="250,250,250,250" oya="0" hai0="41,20,87,113,71,67,25,40,54,70,29,14,92" hai1="119,28,9,115,23,50,5,44,83,134,131,66,88" hai2="57,39,51,133,80,60,32,110,42,96,124,78,135" hai3="89,90,99,33,12,58,61,47,106,74,4,49,98"/><T16/><D113/><U26/><E119/><V108/><F32/><W59/><G74/><T31/><D31/><U27/><E27/><V128/><F39/><W129/><G33/><T13/><D71/><U10/><E115/><V21/><F21/><W95/><G129/><T120/><D120/><U75/><E75/><V94/><F128/><W46/><G106/><T100/><D14/><U30/><E131/><V93/><F93/><N who="3" m="56623" /><G61/><T65/><D54/><N who="1" m="30023" /><E66/><N who="0" m="25097" /><D70/><U81/><E134/><N who="2" m="51211" /><F124/><W37/><G37/><T3/><D3/><U122/><E122/><V126/><F126/><W114/><G114/><T63/><D63/><U77/><E77/><V132/><F132/><W52/><G46/><T43/><D100/><U118/><E118/><V111/><F51/><W2/><G2/><T35/><D35/><U104/><E104/><V11/><F42/><W117/><G117/><T1/><D1/><U79/><E79/><V97/><F60/><W68/><G68/><T48/><D48/><U62/><E62/><V6/><F57/><W127/><G127/><T8/><D43/><U53/><E53/><V121/><F121/><W130/><G130/><T102/><D102/><U0/><E28/><V36/><F36/><W69/><G69/><T116/><D116/><U82/><E9/><AGARI ba="0,0" hai="4,9,12,47,49,52,58,59,90,95,99" m="56623" machi="9" ten="30,7700,0" yaku="8,1,52,2,54,1" doraHai="86" who="3" fromWho="1" sc="250,0,250,-77,250,0,250,77" /><INIT seed="1,0,0,3,5,78" ten="250,173,250,327" oya="1" hai0="47,24,31,37,119,125,54,101,89,87,109,3,40" hai1="10,17,19,123,83,118,34,46,114,9,25,106,45" hai2="91,65,97,58,38,108,98,92,44,29,61,30,67" hai3="80,128,68,112,90,88,4,41,57,79,48,8,11"/><U7/><E114/><V33/><F108/><W50/><G68/><T105/><D125/><U127/><E118/><V70/><F33/><W21/><G112/><T27/><D109/><U121/><E106/><V95/><F70/><W62/><G128/><T49/><D119/><U51/><E127/><V133/><F133/><W130/><G130/><T120/><D3/><U93/><E93/><V56/><F44/><N who="3" m="25615" /><G50/><T0/><D0/><U69/><E69/><V28/><F38/><W85/><G21/><T43/><D120/><U73/><E51/><V102/><REACH who="2" step="1"/><F58/><REACH who="2" ten="250,173,240,327" step="2"/><W35/><G35/><T20/><D37/><U113/><E34/><V64/><AGARI ba="0,1" hai="28,29,30,56,61,64,65,67,91,92,95,97,98,102" machi="64" ten="30,7900,0" yaku="1,1,2,1,0,1,8,1,53,0" doraHai="78" doraHaiUra="16" who="2" fromWho="2" sc="250,-20,173,-39,240,89,327,-20" /><INIT seed="2,0,0,4,1,107" ten="230,134,329,307" oya="2" hai0="41,77,118,23,22,126,62,25,6,78,79,54,86" hai1="39,43,59,101,131,120,135,80,45,33,92,133,94" hai2="103,69,3,14,130,63,12,109,5,19,35,99,124" hai3="127,47,28,1,21,113,8,18,50,76,122,30,61"/><V75/><F35/><W110/><G110/><T51/><D126/><U102/><E33/><V119/><F119/><W26/><G122/><T72/><D118/><U125/><E120/><V66/><F124/><W42/><G127/><T55/><D6/><U15/><E125/><V53/><F109/><W31/><G113/><T17/><D72/><U70/><E70/><V98/><F75/><W105/><G105/><T24/><D86/><U84/><E59/><V89/><F130/><W44/><G76/><T38/><D38/><U36/><E15/><V56/><F19/><W93/><G1/><T128/><D128/><U58/><E58/><V20/><F20/><W46/><G61/><T81/><D81/><U95/><E39/><V2/><F89/><W48/><G8/><T104/><D104/><U91/><REACH who="1" step="1"/><E131/><REACH who="1" ten="230,124,329,307" step="2"/><V7/><F12/><W97/><REACH who="3" step="1"/><G42/><REACH who="3" ten="230,124,329,297" step="2"/><T90/><D41/><U68/><E68/><V13/><F3/><W67/><G67/><T123/><D123/><U71/><E71/><V57/><F69/><W100/><AGARI ba="0,2" hai="18,21,26,28,30,31,44,46,47,48,50,93,97,100" machi="100" ten="30,4000,0" yaku="1,1,0,1,8,1,53,0" doraHai="107" doraHaiUra="64" who="3" fromWho="3" sc="230,-10,124,-10,329,-20,297,60" /><INIT seed="3,0,0,2,1,39" ten="220,114,309,357" oya="3" hai0="119,135,66,9,14,50,131,30,11,107,29,94,117" hai1="109,133,99,41,22,35,15,40,78,64,59,49,110" hai2="44,37,129,128,33,82,51,111,121,68,127,54,84" hai3="53,87,122,36,47,21,19,31,52,43,101,96,17"/><W89/><G122/><T60/><D135/><U77/><E35/><V57/><F33/><W38/><G38/><T90/><D131/><N who="2" m="50250" /><F68/><W62/><G62/><T2/><D107/><U104/><E133/><V63/><F121/><W114/><G114/><T72/><D72/><U12/><E104/><V100/><F100/><W45/><G45/><T13/><D50/><U23/><E99/><V103/><F103/><W26/><G96/><N who="0" m="57431" /><D2/><U113/><E113/><V86/><F127/><W65/><G65/><T8/><D117/><U74/><E74/><V80/><F37/><W120/><G101/><T134/><D134/><U95/><E95/><V73/><F111/><N who="1" m="42505" /><E49/><V70/><F70/><W79/><G79/><N who="1" m="30218" /><E59/><V106/><F106/><W56/><G120/><T88/><D88/><U42/><E64/><V67/><F73/><W125/><G125/><T0/><D0/><U130/><E130/><V93/><F93/><W69/><G69/><T48/><D48/><U28/><E28/><N who="0" m="10857" /><D119/><U55/><E55/><V98/><F98/><W58/><G53/><T5/><D5/><U112/><E112/><V20/><F80/><W32/><G32/><T76/><D76/><U6/><E6/><V34/><F34/><W124/><G124/><T105/><D105/><U81/><E81/><V97/><F97/><W123/><G123/><T75/><D75/><U46/><E46/><V102/><F102/><W25/><G47/><T91/><D91/><U92/><E92/><V16/><F82/><W4/><G89/><T24/><D66/><U116/><E116/><V10/><F67/><W118/><G118/><RYUUKYOKU ba="0,0" sc="220,-10,114,30,309,-10,357,-10" hai1="12,15,22,23,40,41,42" /><INIT seed="4,1,0,4,1,99" ten="210,144,299,347" oya="0" hai0="89,28,22,70,124,33,110,9,94,76,57,81,79" hai1="133,84,60,42,77,108,128,39,49,113,23,135,13" hai2="52,7,25,83,12,115,18,36,20,123,19,92,82" hai3="31,43,41,44,34,118,105,93,119,116,3,40,17"/><T26/><D70/><U130/><E108/><V125/><F36/><W67/><G105/><T64/><D124/><U65/><E23/><V5/><F123/><W117/><G119/><T95/><D110/><U122/><E84/><V66/><F66/><W96/><G67/><T131/><D131/><N who="1" m="50219" /><E13/><V37/><F37/><W45/><G3/><T72/><D9/><U68/><E77/><V48/><F115/><W80/><G80/><N who="2" m="30761" /><F92/><N who="0" m="35370" /><D33/><U14/><E14/><V100/><F100/><W90/><G17/><T106/><D106/><U1/><E1/><V29/><F125/><W114/><G114/><T109/><D72/><U61/><E122/><V8/><F19/><W59/><G59/><AGARI ba="1,0" hai="5,7,8,12,18,20,25,29,48,52,59" m="30761" machi="59" ten="30,2000,0" yaku="8,1,54,1" doraHai="99" who="2" fromWho="3" sc="210,0,144,0,299,23,347,-23" /><INIT seed="5,0,0,1,4,34" ten="210,144,322,324" oya="1" hai0="62,54,36,110,122,47,2,38,107,69,26,68,114" hai1="101,57,133,118,79,21,135,129,120,23,52,9,125" hai2="48,85,132,96,31,112,72,30,42,56,41,74,117" hai3="45,108,84,20,64,6,95,92,7,104,43,70,130"/><U60/><E118/><V119/><F85/><W78/><G104/><T113/><D107/><U32/><E32/><V100/><F56/><W15/><G108/><T94/><D2/><U51/><E120/><V11/><F11/><W5/><G70/><N who="0" m="27243" /><D94/><N who="3" m="35881" /><G64/><T59/><D26/><U86/><E125/><V88/><F48/><N who="3" m="26687" /><G130/><T61/><D110/><U127/><E127/><V109/><F109/><W80/><G20/><N who="1" m="7754" /><E101/><V4/><F100/><W58/><G58/><N who="0" m="35031" /><D122/><U97/><E129/><V111/><F111/><W115/><G115/><N who="0" m="44043" /><D47/><U116/><E9/><AGARI ba="0,0" hai="5,6,7,9,15,78,80,84" m="26687,35881" machi="9" ten="30,2000,0" yaku="25,1,8,1" doraHai="34" who="3" fromWho="1" sc="210,0,144,-20,322,0,324,20" /><INIT seed="6,0,0,1,5,53" ten="210,124,322,344" oya="2" hai0="2,42,50,62,101,39,61,93,75,99,52,86,125" hai1="0,95,40,21,18,24,102,98,82,69,41,25,79" hai2="122,77,17,23,73,8,94,134,89,96,78,1,111" hai3="130,126,104,68,46,113,84,63,20,100,131,9,135"/><V71/><F122/><W29/><G135/><T51/><D125/><U67/><E0/><V116/><F116/><W97/><G126/><T118/><D75/><U35/><E69/><V103/><F134/><W16/><G113/><T109/><D109/><U129/><E129/><V49/><F111/><W65/><G46/><T85/><D2/><U38/><E38/><V110/><F110/><W106/><G84/><N who="0" m="32363" /><D39/><U10/><E67/><V44/><F71/><W123/><G123/><T76/><D76/><U14/><E35/><V60/><F60/><W4/><G29/><T15/><D15/><U112/><E112/><V57/><F44/><W3/><REACH who="3" step="1"/><G104/><REACH who="3" ten="210,124,322,334" step="2"/><T88/><D118/><U92/><E92/><V54/><F73/><W91/><G91/><T133/><D133/><U59/><E79/><V12/><F89/><W70/><G70/><T117/><D117/><U119/><E119/><V22/><F78/><W48/><G48/><T83/><D51/><U108/><E108/><V37/><F77/><W115/><G115/><T58/><D42/><N who="1" m="16491" /><E82/><V13/><F37/><W32/><G32/><T31/><D31/><N who="1" m="17807" /><E25/><AGARI ba="0,1" hai="3,4,9,16,20,25,63,65,68,97,100,106,130,131" machi="25" ten="40,5200,0" yaku="1,1,54,1,53,1" doraHai="53" doraHaiUra="7" who="3" fromWho="1" sc="210,0,124,-52,322,0,334,62" /><INIT seed="7,0,0,3,1,17" ten="210,72,322,396" oya="3" hai0="8,23,124,135,21,52,91,34,83,18,3,82,56" hai1="65,55,29,43,59,108,61,84,22,97,72,85,118" hai2="93,74,100,117,51,133,66,26,110,19,80,40,57" hai3="73,86,1,45,116,64,11,7,112,128,44,131,14"/><W68/><G112/><T48/><D135/><U121/><E72/><V27/><F110/><W16/><G73/><T78/><D124/><U102/><E108/><V54/><F133/><W76/><G116/><T28/><D34/><U88/><E121/><V119/><F66/><W62/><G76/><T35/><D35/><U132/><E132/><V42/><F117/><W2/><G86/><N who="0" m="48471" /><D3/><N who="3" m="1033" /><G7/><T130/><D130/><AGARI ba="0,0" hai="11,14,16,44,45,62,64,68,128,130,131" m="1033" machi="130" ten="30,2900,0" yaku="19,1,54,1" doraHai="17" who="3" fromWho="0" sc="210,-29,72,0,322,0,396,29" owari="181,-22.0,72,-43.0,322,12.0,425,53.0" /></mjloggm>