<mjloggm ver="2.3"><GO type="97" lobby="0"/><UN n0="%6B%61%6D%65%6E%61%6E%6E" n1="%E3%82%AB%E3%83%AA%E3%83%96%E6%88%B8%E7%94%B0" n2="%E5%B0%B1%E6%B4%BB%E7%94%9F%40%E5%B7%9D%E6%9D%91%E8%BB%8D%E5%9B%A3" n3="%E6%84%9F%E8%AC%9D%E3%81%AE%E3%83%99%E3%82%BF%E3%82%AA%E3%83%AA" dan="14,13,15,15" rate="1918.31,2051.76,1991.43,1992.51" sx="M,M,M,M"/><TAIKYOKU oya="0"/><INIT seed="0,0,0,4,2,46" ten="250,250,250,250" oya="0" hai0="82,130,0,101,52,89,35,60,11,58,135,65,97" hai1="44,3,119,54,86,104,114,133,75,25,66,72,94" hai2="128,22,43,56,70,81,59,78,18,111,37,83,42" hai3="17,1,63,15,122,69,14,105,120,109,2,10,31"/><T23/><D35/><U110/><E66/><V67/><F70/><W30/><G105/><T47/><D135/><U103/><E3/><N who="3" m="1034" /><G69/><T24/><D130/><U124/><E25/><N who="2" m="14551" /><F37/><W96/><G96/><T129/><D129/><U50/><E119/><V93/><F128/><W118/><G63/><T73/><D0/><U107/><E133/><V33/><F33/><W121/><G118/><T34/><D11/><U20/><E110/><V74/><F74/><W28/><G109/><T48/><D34/><U21/><E124/><V32/><F32/><W68/><G68/><T117/><D117/><U80/><E114/><V51/><F111/><W4/><G17/><T134/><D134/><U79/><E107/><V90/><F78/><W71/><G71/><T76/><D89/><N who="1" m="53559" /><E72/><V113/><F67/><W5/><G10/><T95/><D23/><U36/><E36/><V127/><F127/><W132/><G132/><T57/><REACH who="0" step="1"/><D24/><REACH who="0" ten="240,250,250,250" step="2"/><U19/><E19/><V131/><F131/><W38/><G38/><T77/><D77/><U53/><E21/><V123/><F123/><W12/><AGARI ba="0,1" hai="4,5,12,14,15,28,30,31,120,121,122" m="1034" machi="12" ten="50,12000,2" yaku="29,2,28,2,13,1,34,2" doraHai="46" who="3" fromWho="3" sc="240,-60,250,-30,250,-30,250,130" /><INIT seed="1,0,0,3,2,55" ten="180,220,220,380" oya="1" hai0="93,65,130,122,60,41,92,77,91,101,125,120,63" hai1="97,30,86,29,4,1,103,85,2,34,119,40,74" hai2="16,133,25,26,64,51,132,75,3,114,71,123,19" hai3="53,128,59,72,44,24,129,66,73,107,5,6,49"/><U21/><E119/><V124/><F75/><N who="3" m="28747" /><G24/><N who="2" m="9321" /><F123/><W106/><G66/><T57/><D77/><U134/><E74/><V96/><F3/><W20/><G20/><T69/><D41/><U94/><E134/><N who="2" m="51819" /><F114/><W33/><G33/><T14/><D125/><U48/><E34/><V58/><F124/><W39/><G39/><T110/><D110/><U98/><E4/><N who="3" m="1642" /><G44/><T7/><D130/><AGARI ba="0,0" hai="49,53,59,106,107,128,129,130" m="1642,28747" machi="130" ten="30,2000,0" yaku="19,1,52,1" doraHai="55" who="3" fromWho="0" sc="180,-20,220,0,220,0,380,20" /><INIT seed="2,0,0,0,1,1" ten="160,220,220,400" oya="2" hai0="66,31,54,74,100,126,59,9,19,82,52,57,131" hai1="128,102,122,32,27,80,81,18,33,36,90,63,112" hai2="118,93,35,50,39,0,104,23,48,25,64,121,30" hai3="6,76,58,22,97,89,12,108,86,119,56,70,98"/><V99/><F118/><W37/><G70/><T87/><D74/><U132/><E112/><V78/><F121/><W38/><G119/><T115/><D115/><U28/><E36/><V106/><F39/><W44/><G108/><T40/><D31/><U24/><E132/><V116/><F116/><W107/><G76/><T47/><D126/><U101/><E128/><V117/><F0/><W15/><G44/><T92/><D131/><U134/><E134/><V124/><F117/><W73/><G73/><T79/><D66/><U10/><E122/><V125/><F78/><W69/><G69/><T68/><D68/><U123/><E123/><V85/><F85/><W53/><G22/><T4/><D19/><U45/><E45/><V130/><F64/><W103/><G97/><T5/><D9/><U129/><E129/><V7/><F7/><N who="0" m="2634" /><D40/><U20/><E10/><V113/><F35/><W46/><G6/><T29/><D29/><U67/><E33/><V55/><F113/><W26/><G38/><T42/><D42/><U75/><E75/><V91/><F130/><W60/><G37/><T11/><D11/><U133/><E133/><V43/><F106/><W111/><G107/><T120/><D120/><U94/><E101/><V61/><F104/><W95/><G103/><T41/><D41/><U83/><E102/><V127/><F43/><W16/><G16/><T8/><D8/><U109/><E109/><V2/><F2/><W105/><G111/><T17/><D17/><U34/><E34/><V110/><F110/><W72/><G105/><T3/><D3/><U114/><E114/><RYUUKYOKU ba="0,0" sc="160,-10,220,-10,220,30,400,-10" hai2="23,25,30,48,50,55,61,91,93,99,124,125,127" /><INIT seed="2,1,0,2,3,78" ten="150,210,250,390" oya="2" hai0="87,110,20,42,36,29,102,21,124,113,104,49,22" hai1="134,105,47,44,38,17,4,96,93,31,34,123,11" hai2="92,131,63,40,14,43,74,85,8,91,90,117,64" hai3="9,75,62,100,114,39,108,15,80,55,2,118,33"/><V76/><F117/><W132/><G55/><T121/><D113/><U135/><E105/><V79/><F131/><W30/><G62/><T129/><D121/><U106/><E106/><V51/><F91/><W130/><G80/><T26/><D36/><U99/><E34/><V0/><F0/><W98/><G100/><T56/><D129/><U86/><E31/><V1/><F1/><W116/><G98/><T16/><D110/><U68/><E68/><V125/><F125/><W111/><G15/><T3/><D3/><U61/><E61/><V70/><F51/><W128/><G39/><T25/><D124/><U119/><E119/><N who="3" m="45610" /><G75/><T37/><D37/><U65/><E65/><V5/><REACH who="2" step="1"/><F76/><REACH who="2" ten="150,210,240,390" step="2"/><W81/><G128/><T67/><D102/><U97/><E38/><V126/><F126/><W101/><G101/><T95/><D104/><U120/><E120/><V35/><F35/><W127/><G33/><T89/><D42/><U45/><E123/><V13/><F13/><W41/><G127/><T58/><D67/><U72/><E134/><V71/><F71/><W115/><G132/><T7/><D49/><U54/><E135/><V122/><F122/><W57/><G130/><T50/><D50/><U94/><E93/><V27/><F27/><W24/><G24/><T73/><D25/><U77/><E94/><V103/><F103/><W53/><G2/><T59/><D26/><U23/><E77/><V12/><F12/><W52/><G114/><T28/><D29/><U84/><E4/><V83/><AGARI ba="1,1" hai="5,8,14,40,43,63,64,70,74,79,83,85,90,92" machi="83" ten="30,11700,0" yaku="1,1,0,1,52,1,53,1" doraHai="78" doraHaiUra="10" who="2" fromWho="2" sc="150,-40,210,-40,240,130,390,-40" /><INIT seed="2,2,0,2,2,21" ten="110,170,370,350" oya="2" hai0="48,119,67,7,94,130,9,24,8,76,80,105,74" hai1="0,4,115,132,86,51,79,118,101,90,61,85,135" hai2="81,6,126,91,62,65,127,56,107,52,69,99,120" hai3="129,93,25,16,66,57,40,38,116,54,87,37,26"/><V22/><F120/><W77/><G116/><T64/><D105/><U97/><E118/><V41/><F41/><W125/><G129/><T128/><D119/><U108/><E0/><V60/><F6/><W70/><G125/><N who="2" m="47625" /><F107/><W34/><G34/><T78/><D48/><U23/><E4/><V43/><F43/><W83/><G93/><T103/><D78/><U27/><E115/><V58/><F22/><W124/><G16/><T122/><D122/><U30/><E108/><V39/><F39/><W110/><G37/><T111/><D111/><U109/><E109/><V100/><F100/><W96/><G96/><T20/><D8/><U10/><E10/><V46/><F46/><N who="3" m="23831" /><G110/><T95/><D103/><U32/><E32/><V3/><F3/><W121/><G121/><T49/><D49/><U92/><E51/><V59/><F99/><W17/><G17/><T112/><D112/><U89/><E79/><V123/><F123/><W11/><G11/><T98/><D98/><U104/><REACH who="1" step="1"/><E61/><REACH who="1" ten="110,160,370,350" step="2"/><V31/><F62/><N who="3" m="40279" /><G124/><T82/><D9/><U134/><E134/><V50/><F60/><W1/><G1/><T117/><D117/><U13/><E13/><V44/><F69/><W42/><G77/><T5/><D76/><U19/><E19/><V12/><F12/><W53/><G26/><T45/><D24/><U28/><E28/><V29/><F65/><W33/><G25/><T73/><D20/><U2/><E2/><V47/><F47/><AGARI ba="2,1" hai="5,7,45,47,64,67,73,74,80,82,94,95,128,130" machi="47" ten="25,1600,0" yaku="22,2" doraHai="21" who="0" fromWho="2" sc="110,32,160,0,370,-22,350,0" /><INIT seed="3,0,0,5,4,115" ten="142,160,348,350" oya="3" hai0="78,127,123,79,44,129,64,13,38,2,101,135,107" hai1="40,25,84,3,19,7,15,95,75,109,12,91,55" hai2="74,52,59,63,1,126,22,36,124,118,10,81,94" hai3="121,119,114,62,14,82,33,83,72,92,30,93,39"/><W97/><G119/><T58/><D123/><U48/><E75/><V17/><F118/><W49/><G121/><T103/><D2/><U68/><E68/><V18/><F36/><W99/><G114/><T31/><D127/><N who="2" m="48682" /><F94/><W8/><G39/><T61/><D135/><U71/><E71/><V6/><F22/><W98/><G72/><T54/><D129/><U122/><E122/><V110/><F110/><W106/><G106/><T53/><D31/><U21/><E109/><V0/><F0/><W24/><G49/><T116/><D116/><U66/><E66/><V41/><F41/><W50/><G50/><T65/><D13/><N who="1" m="5195" /><E3/><V57/><F57/><W76/><G62/><T42/><D65/><U88/><E40/><V4/><F4/><W86/><G83/><T45/><D64/><U56/><E91/><V111/><F111/><W85/><G85/><T28/><D107/><U87/><E7/><V77/><AGARI ba="0,0" hai="1,6,10,17,18,52,59,63,74,77,81" m="48682" machi="77" ten="30,2000,0" yaku="18,1,54,1" doraHai="115" who="2" fromWho="2" sc="142,-5,160,-5,348,20,350,-10" owari="137,-36.0,155,-24.0,368,46.0,340,14.0" /></mjloggm>