<mjloggm ver="2.3"><GO type="169" lobby="0"/><UN n0="%E3%81%8D%E3%81%8D%E3%81%8D%E3%82%8A%E3%82%93%E3%81%A7%E3%81%99%E3%80%82" n1="%E2%98%86%EF%BC%B2%EF%BC%8E%EF%BC%A4%EF%BC%8E%E2%98%85" n2="%41%6D%69%63%68%61%6E" n3="%E3%82%A6%E3%83%AB%E3%83%88%E3%83%A9%E7%AB%8B%E7%9B%B4" dan="16,16,16,17" rate="2126.57,2077.84,2101.37,2124.32" sx="M,M,F,M"/><TAIKYOKU oya="0"/><INIT seed="0,0,0,0,1,111" ten="250,250,250,250" oya="0" hai0="129,105,22,5,59,108,91,88,41,76,56,3,23" hai1="0,112,64,75,15,4,36,34,8,130,32,77,117" hai2="10,70,67,127,96,13,29,100,86,116,134,68,30" hai3="98,39,42,133,81,83,63,21,57,16,101,99,37"/><T93/><D105/><U122/><E117/><V26/><F116/><W72/><G133/><T28/><D76/><U60/><E122/><V44/><F134/><W71/><G71/><T43/><D129/><U53/><E130/><V135/><F135/><W40/><G39/><T106/><D106/><U27/><E53/><V82/><F44/><W66/><G37/><T131/><D131/><U54/><E54/><V73/><F73/><W87/><G72/><T55/><D3/><U94/><E94/><V115/><F29/><W62/><G62/><N who="0" m="36127" /><D5/><U80/><E15/><V107/><F70/><W74/><G74/><T18/><D28/><N who="1" m="19487" /><E36/><V104/><F104/><W61/><G61/><T20/><D108/><U125/><E125/><V118/><F127/><W45/><G45/><T85/><D59/><U65/><E34/><N who="2" m="20823" /><F118/><W114/><G83/><N who="0" m="49215" /><D18/><U7/><E7/><N who="2" m="3295" /><F86/><AGARI ba="0,0" hai="20,22,23,41,43,86,91,93" m="49215,36127" machi="86" ten="30,2900,0" yaku="8,1,54,1" doraHai="111" who="0" fromWho="2" sc="250,29,250,0,250,-29,250,0" /><INIT seed="0,1,0,0,5,66" ten="279,250,221,250" oya="0" hai0="50,35,85,0,5,132,21,53,6,81,110,9,58" hai1="70,116,17,51,79,34,103,13,117,109,52,102,4" hai2="84,49,118,14,12,80,42,26,43,19,57,3,11" hai3="60,130,29,54,55,32,48,8,115,98,31,75,73"/><T87/><D35/><U68/><E34/><V126/><F126/><W47/><G115/><T71/><D71/><U127/><E4/><V111/><F111/><W131/><G98/><T108/><D132/><U125/><E79/><V1/><F118/><N who="1" m="45673" /><E109/><N who="0" m="42089" /><D6/><U97/><E17/><V62/><F3/><W90/><G90/><N who="0" m="51503" /><D21/><U83/><E83/><V106/><F1/><W101/><G101/><N who="1" m="38410" /><E97/><V128/><F106/><W124/><G124/><N who="1" m="47690" /><E13/><V44/><F14/><W129/><G32/><T133/><D133/><U93/><E93/><V86/><F12/><W67/><G31/><T61/><D87/><U38/><E38/><V92/><F86/><W46/><G29/><T65/><D65/><U120/><E120/><V22/><F84/><W45/><G8/><T40/><D40/><U33/><E33/><V30/><F11/><W122/><G122/><T39/><D39/><U28/><E28/><V95/><F30/><W88/><G88/><T16/><D16/><U123/><E123/><V134/><F80/><W27/><G27/><T23/><D23/><U104/><E104/><V112/><F26/><W119/><G119/><T77/><D77/><U99/><E99/><V18/><F22/><W107/><G107/><T100/><D100/><U36/><E36/><V91/><F19/><W10/><G10/><T135/><D135/><U78/><E78/><V24/><F18/><W121/><G121/><T74/><D74/><N who="3" m="28169" /><G67/><T105/><D105/><U20/><E20/><V76/><F24/><W94/><G94/><T37/><D37/><U63/><E63/><AGARI ba="1,0" hai="0,5,9,50,53,58,61,63" m="51503,42089" machi="63" ten="30,2900,0" yaku="14,1,10,1" doraHai="66" who="0" fromWho="1" sc="279,32,250,-32,221,0,250,0" /><INIT seed="0,2,0,5,2,24" ten="311,218,221,250" oya="0" hai0="55,112,8,135,38,121,40,26,45,107,82,20,54" hai1="0,111,103,13,6,32,91,75,69,42,130,127,47" hai2="125,51,94,110,53,66,115,134,129,9,114,108,10" hai3="1,22,105,90,71,57,3,74,19,60,50,67,52"/><T118/><D112/><N who="2" m="43050" /><F66/><W77/><G105/><T99/><D118/><U113/><E113/><V83/><F83/><W63/><G77/><T98/><D121/><U92/><E69/><V116/><F116/><W124/><G74/><T61/><D8/><N who="2" m="3178" /><F125/><W11/><G124/><T7/><D7/><U5/><E111/><N who="2" m="42539" /><F134/><W48/><G90/><T30/><D135/><U43/><E127/><V18/><F18/><W85/><G85/><T21/><D82/><U96/><E75/><V133/><F133/><W16/><G11/><T27/><D107/><U81/><E81/><V68/><F68/><W102/><G19/><T87/><D87/><U28/><E5/><V89/><F129/><W25/><REACH who="3" step="1"/><G102/><REACH who="3" ten="311,218,221,240" step="2"/><T97/><REACH who="0" step="1"/><D61/><REACH who="0" ten="301,218,221,240" step="2"/><U70/><E6/><V17/><F17/><AGARI ba="2,2" hai="17,20,21,26,27,30,38,40,45,54,55,97,98,99" machi="17" ten="40,7700,0" yaku="1,1,2,1,52,1,53,0" doraHai="24" doraHaiUra="100" who="0" fromWho="2" sc="301,103,218,0,221,-83,240,0" /><INIT seed="0,3,0,0,3,53" ten="404,218,138,240" oya="0" hai0="87,25,99,88,50,118,29,55,132,26,106,52,23" hai1="0,9,57,61,60,15,67,19,81,56,36,47,82" hai2="31,51,78,37,93,102,90,40,110,8,89,77,127" hai3="27,44,109,96,12,3,114,108,98,54,4,16,80"/><T133/><D118/><U124/><E0/><V129/><F37/><W17/><G114/><T97/><D26/><U73/><E124/><V66/><F127/><W39/><G3/><T1/><D1/><U119/><E119/><V120/><F120/><W92/><G80/><N who="0" m="49255" /><D106/><U100/><E100/><V46/><F110/><N who="3" m="42603" /><G27/><T71/><D71/><U5/><E73/><V86/><F129/><W72/><G72/><T128/><D128/><U83/><E36/><V38/><F31/><W30/><G30/><T85/><D85/><U14/><E47/><V103/><F38/><W42/><G54/><N who="0" m="20523" /><D50/><U22/><E82/><V65/><F78/><W20/><G44/><T117/><D117/><U24/><E24/><V10/><F77/><W115/><G39/><T91/><D91/><U35/><E35/><V48/><F90/><W134/><G115/><T112/><D112/><U13/><E13/><V105/><F51/><W41/><G12/><T75/><D75/><U70/><E70/><V11/><F105/><W68/><G68/><T116/><D116/><U45/><E45/><V79/><F79/><W64/><G96/><T130/><D130/><U32/><E32/><V113/><F113/><W122/><G98/><T76/><D76/><U7/><E7/><V6/><F6/><W2/><G4/><T63/><D63/><U69/><E69/><V111/><F111/><W84/><G2/><T131/><D131/><U95/><E95/><V123/><F123/><W126/><G92/><T34/><D34/><U125/><E125/><V104/><F104/><W135/><G126/><T121/><D121/><RYUUKYOKU ba="3,0" sc="404,10,218,10,138,10,240,-30" hai0="23,25,29,97,99,132,133" hai1="5,9,14,15,19,22,56,57,60,61,67,81,83" hai2="8,10,11,40,46,48,65,66,86,89,93,102,103" /><INIT seed="0,4,0,4,4,25" ten="414,228,148,210" oya="0" hai0="56,31,8,107,42,0,105,10,38,110,83,49,46" hai1="30,77,44,98,36,81,86,112,109,78,16,95,133" hai2="4,52,134,131,37,101,11,70,33,132,62,116,55" hai3="63,34,2,41,87,50,57,94,119,82,14,35,7"/><T1/><D1/><U111/><E133/><N who="2" m="51307" /><F37/><W85/><G2/><T24/><D10/><U23/><E112/><V72/><F72/><W79/><G119/><T19/><D83/><U40/><E77/><V125/><F125/><W28/><G28/><T123/><D123/><U67/><E67/><N who="2" m="41335" /><F131/><W93/><G35/><T48/><D38/><U60/><E60/><V97/><F33/><W45/><G34/><T127/><D49/><U106/><E30/><V124/><F124/><W84/><G87/><T108/><D127/><U47/><E47/><V118/><F118/><W76/><G85/><T75/><D75/><U5/><E5/><V51/><F51/><W122/><G76/><T103/><D56/><U9/><E9/><V61/><F61/><W54/><G122/><T120/><D120/><U69/><E106/><N who="2" m="63791" /><F116/><W26/><G26/><T135/><D135/><U53/><E53/><V117/><F117/><W22/><G22/><T73/><D73/><U68/><E68/><V113/><F113/><W21/><G21/><T39/><D39/><U71/><E71/><V65/><F65/><W27/><G27/><T121/><D121/><U96/><E69/><V59/><F59/><W100/><G100/><T32/><D103/><N who="1" m="60831" /><E98/><V66/><F66/><W126/><G126/><T92/><D32/><U91/><E91/><V6/><F6/><W128/><G128/><T89/><D89/><U104/><E104/><V64/><F64/><W74/><G74/><T3/><D107/><U80/><E80/><V130/><F130/><W43/><G43/><T99/><D105/><U90/><E90/><RYUUKYOKU ba="4,0" sc="414,-30,228,10,148,10,210,10" hai1="16,23,36,40,44,78,81,86,109,111" hai2="4,11,52,55" hai3="7,14,41,45,50,54,57,63,79,82,84,93,94" /><INIT seed="1,5,0,2,1,18" ten="384,238,158,220" oya="1" hai0="80,52,76,135,31,58,66,30,110,13,27,98,61" hai1="40,93,42,83,65,125,67,38,78,115,7,8,21" hai2="121,101,64,44,49,92,23,96,126,47,56,39,71" hai3="107,29,68,127,10,113,50,63,97,106,104,94,34"/><U2/><E115/><V134/><F121/><W0/><G113/><T77/><D110/><U123/><E123/><V90/><F126/><W105/><G127/><T28/><D135/><U43/><E125/><V74/><F74/><W16/><G50/><T69/><D27/><U24/><E93/><N who="2" m="58511" /><F71/><W45/><G45/><T5/><D98/><U19/><REACH who="1" step="1"/><E38/><REACH who="1" ten="384,228,158,220" step="2"/><V72/><F39/><W119/><G94/><T37/><D37/><U26/><E26/><V46/><F134/><W22/><G106/><T91/><D80/><U117/><E117/><V120/><F120/><W33/><G105/><T6/><D69/><U70/><E70/><V87/><F72/><AGARI ba="5,1" hai="2,7,8,19,21,24,40,42,43,65,67,72,78,83" machi="72" ten="40,3900,0" yaku="1,1,52,1,53,0" doraHai="18" doraHaiUra="100" who="1" fromWho="2" sc="384,0,228,64,158,-54,220,0" /><INIT seed="1,6,0,5,2,133" ten="384,292,104,220" oya="1" hai0="17,73,80,18,25,19,26,32,121,125,59,61,132" hai1="6,48,37,41,85,56,21,54,103,134,84,79,24" hai2="2,119,115,27,63,23,50,36,4,108,100,107,39" hai3="45,20,31,1,8,57,130,74,78,113,15,118,53"/><U97/><E134/><V106/><F119/><W128/><G113/><T89/><D132/><U30/><E6/><V77/><F115/><W110/><G118/><T65/><D121/><U92/><REACH who="1" step="1"/><E79/><REACH who="1" ten="384,282,104,220" step="2"/><V114/><F77/><W109/><G78/><T34/><D73/><U90/><E90/><V49/><F114/><W43/><G74/><T3/><D89/><U117/><E117/><V122/><F4/><W13/><G128/><T82/><D3/><U98/><E98/><V131/><F2/><W55/><G1/><T124/><D34/><U33/><E33/><V123/><F131/><W105/><G130/><T102/><D32/><U35/><E35/><V129/><F129/><W126/><G110/><T72/><D72/><U9/><E9/><V28/><F108/><W127/><G109/><T120/><D120/><U86/><E86/><V64/><F123/><W38/><G8/><T76/><D76/><U62/><E62/><V0/><F0/><W71/><G20/><T81/><D102/><U95/><E95/><V83/><F122/><W46/><G105/><T69/><D82/><U135/><E135/><V60/><F83/><W66/><G13/><T68/><D81/><U75/><E75/><V16/><F63/><N who="3" m="40415" /><G15/><T7/><D80/><U40/><E40/><V14/><F100/><W91/><G91/><T11/><D11/><U58/><E58/><N who="2" m="36887" /><F106/><W112/><G112/><T96/><D7/><U67/><E67/><V52/><F107/><W99/><G57/><T88/><D88/><U70/><E70/><N who="0" m="27241" /><D96/><U104/><E104/><V93/><F93/><W51/><G43/><RYUUKYOKU ba="6,1" sc="384,15,282,15,104,-15,220,-15" hai0="17,18,19,25,26,59,61,65,124,125" hai1="21,24,30,37,41,48,54,56,84,85,92,97,103" /><INIT seed="1,7,1,0,0,56" ten="399,297,89,205" oya="1" hai0="10,97,84,111,13,35,41,44,20,76,116,8,80" hai1="92,36,24,125,64,37,38,47,117,81,109,43,9" hai2="103,14,31,123,67,124,57,114,96,79,73,131,25" hai3="75,112,4,39,70,15,27,102,52,45,120,5,62"/><U33/><E117/><V101/><F123/><W48/><G75/><T107/><D35/><U46/><E125/><V55/><F124/><W95/><G112/><T61/><D116/><U54/><E109/><V129/><F114/><W128/><G120/><T69/><D107/><U42/><E81/><N who="2" m="45295" /><F14/><W19/><G39/><T93/><D111/><U40/><E64/><V6/><F96/><N who="3" m="59679" /><G70/><T28/><D28/><U115/><E115/><V106/><F67/><W132/><G132/><T110/><D20/><U21/><E33/><N who="2" m="20719" /><F6/><N who="3" m="2667" /><G128/><N who="2" m="49225" /><F106/><W18/><G27/><T68/><D110/><U86/><E9/><V59/><F59/><N who="3" m="35175" /><G15/><T51/><D13/><U16/><REACH who="1" step="1"/><E54/><AGARI ba="7,1" hai="18,19,45,48,54" m="35175,2667,59679" machi="54" ten="30,3900,0" yaku="8,1,52,1,54,1" doraHai="56" who="3" fromWho="1" sc="399,0,297,-60,89,0,205,70" /><INIT seed="2,0,0,5,1,51" ten="399,237,89,275" oya="2" hai0="95,59,66,80,106,82,2,32,114,121,33,125,70" hai1="94,20,42,79,107,88,38,72,4,81,83,34,62" hai2="103,61,58,119,11,132,26,120,10,99,131,47,29" hai3="5,48,44,127,23,31,36,93,91,1,65,124,111"/><V14/><F120/><W53/><G36/><T12/><D59/><U0/><E34/><V39/><F119/><W98/><G65/><T75/><D95/><U52/><E107/><V35/><F132/><W55/><G1/><T109/><D12/><U64/><E81/><V90/><F131/><W77/><G5/><T118/><D66/><U89/><E20/><V16/><F90/><W97/><G77/><T87/><D87/><U13/><E13/><V57/><F47/><W135/><G98/><T117/><D82/><U123/><E123/><V100/><F39/><W69/><G69/><T21/><D80/><U41/><E64/><V78/><F78/><W116/><G116/><T54/><D21/><U122/><E122/><V128/><F128/><W68/><G68/><T105/><D105/><U25/><E25/><V18/><F58/><W9/><G9/><T115/><D118/><U74/><E74/><V8/><F18/><W108/><G55/><T134/><D33/><U46/><E41/><V7/><F7/><W45/><G45/><T40/><D54/><U126/><E126/><N who="3" m="48170" /><G135/><T133/><D40/><U76/><E76/><V112/><F112/><W60/><G60/><T63/><D63/><U84/><E89/><V56/><F56/><W104/><G104/><T22/><D134/><U24/><E24/><AGARI ba="0,0" hai="23,24,31,44,48,53,91,93,97,108,111" m="48170" machi="24" ten="30,2000,0" yaku="18,1,52,1" doraHai="51" who="3" fromWho="1" sc="399,0,237,-20,89,0,275,20" /><INIT seed="3,0,0,1,5,38" ten="399,217,89,295" oya="3" hai0="82,76,116,63,14,29,101,79,8,21,89,6,86" hai1="111,71,131,98,99,22,35,95,112,20,127,13,57" hai2="135,60,93,91,109,128,103,117,81,80,73,23,124" hai3="97,46,115,122,62,7,4,43,26,134,105,84,121"/><W119/><G119/><T17/><D116/><U53/><E71/><V45/><F117/><W77/><G115/><T72/><D29/><U90/><E111/><V3/><F3/><W18/><G134/><T130/><D130/><U33/><E112/><V27/><F128/><W70/><G122/><T55/><D101/><U51/><E131/><V58/><F109/><W100/><G121/><T2/><D72/><U28/><E127/><V34/><F34/><W132/><G132/><T11/><D11/><U37/><E37/><V42/><F135/><W123/><G123/><T102/><D102/><U10/><E99/><N who="2" m="57791" /><F73/><W129/><G129/><T9/><D9/><U104/><E104/><V39/><F124/><W54/><G84/><T25/><D2/><U94/><E94/><V24/><F103/><W47/><G77/><T30/><D6/><U126/><E126/><V67/><F24/><W19/><G26/><T31/><D31/><U106/><E106/><V61/><F61/><W96/><G96/><T110/><D110/><U66/><E66/><V108/><F108/><W56/><G70/><T107/><D107/><U88/><E90/><V48/><F39/><W78/><G78/><T113/><D113/><U92/><E92/><V12/><F12/><W59/><G62/><T50/><D63/><U120/><E120/><V118/><F118/><W125/><G125/><T87/><D86/><U0/><E0/><V74/><F74/><W68/><G68/><T65/><D65/><U52/><E53/><V85/><F85/><W32/><G105/><T15/><D15/><U75/><E75/><RYUUKYOKU ba="0,0" sc="399,15,217,-15,89,15,295,-15" hai0="8,14,17,21,25,30,50,55,76,79,82,87,89" hai2="23,27,42,45,48,58,60,67,80,81" /><INIT seed="4,1,0,5,3,66" ten="414,202,104,280" oya="0" hai0="109,72,101,110,5,14,123,29,111,28,44,71,3" hai1="89,37,60,11,77,33,125,65,99,56,61,68,26" hai2="75,87,94,34,2,135,95,88,57,54,129,114,108" hai3="121,122,15,19,70,39,9,42,53,27,43,133,103"/><T30/><D72/><U4/><E37/><V13/><F108/><W105/><G133/><T74/><D74/><U64/><E77/><V62/><F135/><W16/><G39/><T96/><D71/><U32/><E125/><V106/><F75/><W17/><G70/><T0/><D44/><U82/><E26/><V51/><F2/><W98/><G53/><T69/><D69/><U79/><E79/><V112/><F34/><W47/><G47/><T81/><D81/><U78/><E78/><V97/><F106/><W48/><G48/><T130/><D123/><N who="3" m="47113" /><G27/><T86/><D86/><U20/><E20/><V58/><F129/><W40/><AGARI ba="1,0" hai="9,15,16,17,19,40,42,43,98,103,105" m="47113" machi="40" ten="30,2000,0" yaku="13,1,54,1" doraHai="66" who="3" fromWho="3" sc="414,-11,202,-6,104,-6,280,23" /><INIT seed="5,0,0,1,2,32" ten="403,196,98,303" oya="1" hai0="58,80,42,114,71,100,8,106,60,48,76,91,24" hai1="84,94,131,133,12,105,66,85,87,46,30,75,14" hai2="63,89,22,102,113,65,70,107,95,51,120,130,38" hai3="112,54,55,111,25,11,28,96,121,2,99,7,125"/><U17/><E105/><V4/><F38/><W73/><G111/><T129/><D71/><U36/><E133/><V77/><F120/><W135/><G73/><T126/><D114/><U122/><E122/><V128/><F113/><W44/><G121/><T21/><D91/><U0/><E0/><V104/><F77/><W41/><G112/><T3/><D100/><U56/><E75/><V49/><F102/><W37/><G125/><T62/><D106/><U132/><E30/><V78/><F78/><W47/><G135/><T81/><D81/><U86/><E132/><V79/><F79/><W72/><G72/><T1/><D8/><U68/><E68/><V93/><F93/><W39/><G39/><T61/><D129/><N who="2" m="49770" /><F4/><W98/><REACH who="3" step="1"/><G47/><REACH who="3" ten="403,196,98,293" step="2"/><T117/><D126/><U118/><E131/><V53/><F107/><W40/><G40/><T50/><D42/><U9/><E46/><V33/><F104/><W13/><G13/><T90/><D3/><U127/><E12/><V101/><F33/><AGARI ba="0,1" hai="2,7,11,25,28,33,37,41,44,54,55,96,98,99" machi="33" ten="40,2600,0" yaku="1,1,52,1,53,0" doraHai="32" doraHaiUra="67" who="3" fromWho="2" sc="403,0,196,0,98,-26,293,36" /><INIT seed="6,0,0,1,0,44" ten="403,196,72,329" oya="2" hai0="121,111,124,45,50,7,49,51,56,29,128,24,9" hai1="95,108,23,3,85,48,80,76,34,39,55,120,18" hai2="4,133,14,73,66,112,81,28,64,93,1,54,62" hai3="21,58,110,116,47,69,132,101,123,60,16,113,104"/><V92/><F1/><W87/><G69/><T11/><D111/><U115/><E108/><V35/><F133/><W127/><G132/><T19/><D121/><U26/><E39/><V8/><F112/><W125/><G110/><T15/><D128/><U106/><E106/><V71/><F66/><W43/><G116/><T41/><D56/><U5/><E115/><V99/><F73/><W59/><G123/><T2/><D124/><N who="3" m="47689" /><G87/><T129/><D129/><U117/><E117/><V90/><F81/><W78/><G78/><T22/><AGARI ba="0,0" hai="2,7,9,11,15,19,22,24,29,41,45,49,50,51" machi="22" ten="20,8000,1" yaku="0,1,7,1,52,3" doraHai="44" who="0" fromWho="0" sc="403,80,196,-20,72,-40,329,-20" /><INIT seed="7,0,0,4,2,43" ten="483,176,32,309" oya="3" hai0="105,19,38,83,3,31,58,84,114,29,73,89,126" hai1="103,12,59,99,135,21,132,37,36,17,27,67,122" hai2="102,74,5,51,35,2,15,52,69,46,81,125,94" hai3="117,42,20,40,62,53,119,63,95,70,45,78,87"/><W26/><G70/><T85/><D38/><U131/><E122/><V7/><F69/><W90/><G78/><T4/><D73/><U116/><E131/><V77/><F35/><W129/><G129/><T16/><D105/><N who="1" m="63743" /><E116/><V13/><F2/><W30/><G42/><T79/><D114/><U56/><E27/><V80/><F125/><W112/><G112/><T14/><D19/><U57/><E67/><V22/><F81/><W110/><G110/><T113/><D58/><U92/><E92/><V101/><F94/><W108/><G108/><T68/><D3/><U134/><AGARI ba="0,0" hai="12,17,21,36,37,56,57,59,132,134,135" m="63743" machi="134" ten="40,1500,0" yaku="20,1" doraHai="43" who="1" fromWho="1" sc="483,-4,176,15,32,-4,309,-7" owari="479,58.0,191,-21.0,28,-47.0,302,10.0" /></mjloggm>