<mjloggm ver="2.3"><GO type="97" lobby="0"/><UN n0="%E3%82%A2%E3%82%BE%E3%83%AC%E3%82%B9%E8%AB%B8%E5%B3%B6" n1="%E3%83%88%E3%83%88%E3%83%AA%E5%85%88%E7%94%9F%31%39%E6%AD%B3" n2="%6A%61%6E%67%61" n3="%73%74%65%69%6E" dan="13,13,14,14" rate="1881.45,1998.36,1931.00,1963.06" sx="M,F,M,M"/><TAIKYOKU oya="0"/><INIT seed="0,0,0,0,4,96" ten="250,250,250,250" oya="0" hai0="110,92,56,27,49,104,83,52,46,13,12,63,73" hai1="22,74,66,116,100,79,131,44,62,34,24,11,121" hai2="61,84,117,26,109,3,70,90,76,108,133,115,64" hai3="37,30,57,50,130,1,128,88,19,54,85,29,6"/><T15/><D104/><U71/><E116/><V98/><F3/><W129/><G37/><T55/><D110/><N who="2" m="42602" /><F115/><W86/><G85/><T21/><D73/><U38/><E121/><V51/><F76/><W101/><G101/><T126/><D126/><U81/><E131/><V68/><F98/><W65/><G65/><T118/><D118/><U32/><E100/><V123/><F123/><W8/><REACH who="3" step="1"/><G19/><REACH who="3" ten="250,250,250,240" step="2"/><T75/><D75/><U17/><E38/><V14/><F117/><W20/><G20/><T97/><D83/><AGARI ba="0,1" hai="1,6,8,29,30,50,54,57,83,86,88,128,129,130" machi="83" ten="40,5200,0" yaku="1,1,19,1,54,1,53,0" doraHai="96" doraHaiUra="112" who="3" fromWho="0" sc="250,-52,250,0,250,0,240,62" /><INIT seed="1,0,0,2,0,99" ten="198,250,250,302" oya="1" hai0="115,91,16,120,19,84,71,74,70,17,38,35,128" hai1="36,87,54,57,59,69,129,32,125,56,83,117,58" hai2="93,5,3,108,110,50,30,79,85,40,62,132,81" hai3="89,39,41,21,60,106,53,95,52,124,2,118,111"/><U72/><E117/><V47/><F132/><W15/><G106/><T43/><D120/><U4/><E32/><V82/><F30/><W113/><G2/><T86/><D74/><U90/><E69/><V131/><F131/><W104/><G113/><T122/><D35/><U75/><E36/><V49/><F93/><W46/><G104/><T127/><D128/><U76/><E129/><V55/><F62/><W68/><G111/><T78/><D127/><U94/><E4/><V119/><F119/><W7/><G118/><T98/><D122/><U9/><E9/><V77/><F5/><W116/><G116/><T26/><D115/><U64/><E64/><V101/><F3/><W133/><G133/><T112/><D112/><U34/><E34/><V109/><F101/><W135/><G135/><T126/><D126/><U13/><E13/><V24/><F24/><W123/><G123/><T61/><D26/><U12/><E12/><V8/><F8/><W102/><G15/><T63/><D78/><U51/><REACH who="1" step="1"/><E125/><REACH who="1" ten="198,240,250,302" step="2"/><V37/><REACH who="2" step="1"/><F55/><REACH who="2" ten="198,240,240,302" step="2"/><W6/><G52/><T10/><D10/><U33/><E33/><V1/><F1/><W27/><G53/><T114/><D114/><U100/><E100/><V130/><F130/><W103/><G6/><T45/><D71/><U31/><E31/><V20/><F20/><W28/><G7/><T121/><D70/><U97/><AGARI ba="0,2" hai="51,54,56,57,58,59,72,75,76,83,87,90,94,97" machi="97" ten="30,6000,0" yaku="1,1,0,1,53,1" doraHai="99" doraHaiUra="80" who="1" fromWho="1" sc="198,-20,240,80,240,-20,302,-20" /><INIT seed="1,1,0,0,4,3" ten="178,320,220,282" oya="1" hai0="78,30,60,107,51,111,63,41,9,101,23,103,4" hai1="14,19,92,53,20,35,25,95,11,84,94,72,86" hai2="124,52,24,67,36,76,55,64,1,59,132,45,116" hai3="68,28,61,56,83,79,13,112,87,99,44,71,22"/><U6/><E72/><V113/><F1/><W43/><G112/><T46/><D111/><U15/><E35/><V127/><F76/><W54/><G99/><T105/><D105/><U89/><E84/><V108/><F24/><W39/><REACH who="3" step="1"/><G13/><REACH who="3" ten="178,320,220,272" step="2"/><T74/><D107/><U2/><E2/><V93/><F113/><W118/><G118/><T100/><D78/><U123/><E123/><V38/><F116/><W88/><G88/><T69/><D74/><U117/><E117/><V10/><F108/><W91/><G91/><T77/><D77/><U75/><E75/><V110/><F110/><W7/><G7/><T49/><D69/><U26/><REACH who="1" step="1"/><E53/><REACH who="1" ten="178,310,220,272" step="2"/><V47/><F93/><AGARI ba="1,2" hai="6,11,14,15,19,20,25,26,86,89,92,93,94,95" machi="93" ten="40,12000,1" yaku="1,1,2,1,8,1,52,1,53,0" doraHai="3" doraHaiUra="134" who="1" fromWho="2" sc="178,0,310,143,220,-123,272,0" /><INIT seed="1,2,0,1,5,46" ten="178,453,97,272" oya="1" hai0="72,113,73,99,82,95,128,116,20,101,56,1,114" hai1="61,35,43,71,33,100,108,102,88,94,79,47,9" hai2="63,50,24,67,59,26,22,132,83,2,51,42,96" hai3="115,48,81,36,55,93,120,119,29,7,104,6,77"/><U118/><E118/><V15/><F132/><W130/><G36/><T92/><D1/><U19/><E108/><V3/><F3/><W89/><G104/><T17/><D116/><U34/><E79/><V97/><F2/><W111/><G115/><T125/><D56/><U131/><E131/><V109/><F42/><W23/><G120/><T13/><D128/><U129/><E129/><V85/><F15/><W68/><G68/><T107/><D125/><U53/><E19/><V121/><F109/><W122/><G122/><T64/><D64/><U14/><E53/><V103/><F26/><N who="3" m="16607" /><G111/><T11/><D11/><U0/><E61/><V87/><F87/><N who="3" m="48559" /><G130/><T45/><D45/><U90/><E71/><V126/><F126/><W105/><G105/><T110/><D110/><U134/><E134/><V65/><F65/><W21/><G21/><T44/><D44/><U124/><E0/><V4/><F4/><W123/><G123/><T10/><D10/><U106/><E106/><V133/><F133/><W76/><G76/><T38/><D38/><U66/><E66/><V60/><F121/><W18/><G18/><T8/><D8/><U86/><E124/><V27/><F27/><W16/><G16/><T28/><D28/><U37/><E14/><V49/><F59/><N who="3" m="33255" /><G119/><T112/><REACH who="0" step="1"/><D82/><REACH who="0" ten="168,453,97,272" step="2"/><N who="1" m="49239" /><E9/><V12/><F67/><W98/><AGARI ba="2,1" hai="6,7,89,93,98" m="33255,48559,16607" machi="98" ten="30,2000,0" yaku="8,1,52,1" doraHai="46" who="3" fromWho="3" sc="168,-7,453,-12,97,-7,272,36" /><INIT seed="2,0,0,1,5,93" ten="161,441,90,308" oya="2" hai0="82,115,69,104,129,91,107,65,49,119,40,1,100" hai1="22,108,0,30,32,135,130,98,134,118,83,103,66" hai2="34,42,9,26,117,41,52,106,28,19,79,90,33" hai3="44,4,60,35,48,109,55,121,13,77,2,37,123"/><V116/><F106/><W29/><G2/><T51/><D115/><U46/><E118/><V126/><F79/><W101/><G109/><T10/><D1/><U84/><E0/><V57/><F126/><W120/><G37/><T47/><D129/><U67/><E32/><V53/><F34/><W112/><G112/><T86/><D119/><U94/><E108/><V133/><F133/><N who="1" m="50697" /><E130/><V8/><F33/><W5/><G77/><T64/><D10/><N who="2" m="4202" /><F28/><W71/><G13/><T62/><D65/><U36/><E30/><V50/><F117/><W12/><G12/><T21/><D21/><U6/><E22/><N who="2" m="13663" /><F116/><W72/><G72/><T78/><D78/><N who="1" m="46199" /><E6/><V128/><F128/><W61/><G29/><T17/><D17/><U56/><E56/><N who="2" m="32791" /><F90/><W73/><G35/><T80/><D80/><U43/><AGARI ba="0,0" hai="36,43,46,66,67,94,98,103" m="46199,50697" machi="43" ten="30,2000,0" yaku="20,1,52,1" doraHai="93" who="1" fromWho="1" sc="161,-5,441,20,90,-10,308,-5" /><INIT seed="3,0,0,5,5,73" ten="156,461,80,303" oya="3" hai0="12,72,61,44,112,27,107,133,93,99,5,125,43" hai1="66,52,32,59,84,119,74,87,76,37,24,33,113" hai2="25,82,131,17,80,18,54,97,56,36,109,51,121" hai3="53,123,8,34,96,129,78,15,122,10,19,132,47"/><W64/><G34/><T68/><D112/><U40/><E113/><V55/><F109/><W134/><G129/><T3/><D72/><U11/><E74/><V86/><F131/><W85/><G64/><T49/><D107/><U9/><E66/><V31/><F36/><W70/><G70/><T135/><D125/><U94/><E119/><V118/><F82/><N who="3" m="47319" /><G96/><T90/><D27/><U98/><E40/><V14/><F97/><W120/><G47/><T0/><D68/><U13/><E37/><V28/><F121/><W81/><G53/><T60/><D12/><U35/><E24/><V57/><F118/><W116/><G81/><T16/><D16/><U92/><E33/><V42/><F42/><W2/><G116/><T83/><D83/><N who="1" m="47207" /><E32/><V128/><F128/><W88/><G88/><T77/><D77/><U67/><E35/><V71/><F71/><W58/><G58/><T91/><D91/><N who="1" m="53375" /><E67/><V20/><F56/><W108/><G108/><T124/><D124/><U95/><E13/><V65/><F55/><W89/><G89/><T106/><D106/><U104/><E104/><V23/><F65/><W101/><G101/><T115/><D115/><U63/><E95/><V29/><F86/><W105/><G105/><T6/><D6/><U1/><E1/><N who="0" m="585" /><D5/><U4/><E4/><V39/><F39/><W38/><G38/><T26/><D26/><U48/><E63/><V117/><F117/><W21/><G2/><T79/><D79/><U130/><E130/><V75/><F75/><W30/><G30/><T22/><D22/><U100/><AGARI ba="0,0" hai="9,11,48,52,59,94,98,100" m="53375,47207" machi="100" ten="30,4000,0" yaku="8,1,52,1,54,1" doraHai="73" who="1" fromWho="1" sc="156,-10,461,40,80,-10,303,-20" owari="146,-25.0,501,60.0,70,-43.0,283,8.0" /></mjloggm>