<mjloggm ver="2.3"><GO type="41" lobby="0"/><UN n0="%E3%83%8D%E3%82%AA%E3%83%9C%E3%82%B9" n1="%E7%A2%A7%E3%81%8D%E7%AB%9C%E9%A8%8E%E5%A3%AB" n2="%E5%B0%B1%E6%B4%BB%E7%94%9F%40%E5%B7%9D%E6%9D%91%E8%BB%8D%E5%9B%A3" n3="%E7%88%BD%E6%B8%93" dan="13,13,17,15" rate="1842.59,1913.61,2140.01,1908.67" sx="M,F,M,M"/><TAIKYOKU oya="0"/><INIT seed="0,0,0,3,4,134" ten="250,250,250,250" oya="0" hai0="11,122,64,48,120,36,100,78,124,7,65,104,4" hai1="92,128,54,101,97,89,95,71,51,59,98,32,29" hai2="99,39,88,22,30,132,93,62,121,35,75,44,15" hai3="112,119,118,133,117,129,19,84,37,115,102,45,52"/><T24/><D36/><U90/><E71/><V58/><F121/><W91/><G102/><T82/><D124/><U12/><E128/><V66/><F132/><W123/><G133/><T21/><D104/><U86/><E29/><V130/><F130/><W111/><G129/><T8/><D100/><U76/><E32/><V49/><F39/><W43/><G123/><T42/><D122/><U85/><E76/><V77/><F35/><W33/><G33/><T94/><D94/><U114/><E114/><V113/><F113/><W126/><G111/><T108/><D108/><U109/><E109/><V10/><F77/><W26/><G126/><T116/><D116/><U105/><E105/><V83/><F83/><W69/><G69/><T56/><D11/><U131/><E131/><V63/><F75/><W87/><G87/><T80/><D80/><U79/><E79/><V125/><F125/><W70/><G70/><T72/><D7/><U107/><E107/><V20/><F30/><W3/><G3/><T127/><D127/><U135/><E101/><V73/><F63/><W46/><G19/><T81/><D81/><U17/><E135/><V16/><F73/><W31/><G31/><T28/><D120/><U68/><E68/><V41/><AGARI ba="0,0" hai="10,15,16,20,22,41,44,49,58,62,66,88,93,99" machi="41" ten="20,8000,1" yaku="0,1,7,1,8,1,54,2" doraHai="134" who="2" fromWho="2" sc="250,-40,250,-20,250,80,250,-20" /><INIT seed="1,0,0,2,2,38" ten="210,230,330,230" oya="1" hai0="71,87,70,65,26,51,126,13,17,30,105,115,44" hai1="111,95,77,1,114,12,4,102,10,63,35,82,132" hai2="47,69,90,109,99,76,33,21,92,32,130,54,120" hai3="31,112,74,64,119,118,78,53,45,24,37,124,110"/><U6/><E114/><V56/><F69/><W72/><G112/><T81/><D105/><U133/><E35/><V128/><F120/><W55/><G64/><T8/><D126/><U89/><E102/><V113/><F113/><W28/><G124/><T23/><D65/><U88/><E63/><V121/><F121/><W50/><G37/><T125/><D125/><U34/><E34/><V127/><F109/><W66/><G66/><T46/><D46/><U0/><E111/><V11/><F127/><W100/><G100/><T2/><D2/><U27/><E27/><V122/><F122/><W103/><G103/><T3/><D3/><U22/><E22/><V83/><F11/><W5/><G110/><T40/><D115/><U15/><E77/><AGARI ba="0,0" hai="8,13,17,23,26,30,40,44,51,70,71,77,81,87" machi="77" ten="30,2000,0" yaku="7,1,52,1" doraHai="38" who="0" fromWho="1" sc="210,20,230,-20,330,0,230,0" /><INIT seed="2,0,0,0,1,4" ten="230,210,330,230" oya="2" hai0="110,108,55,68,27,62,50,126,66,92,116,64,131" hai1="99,71,13,125,105,83,113,81,82,16,20,118,52" hai2="37,129,14,107,47,86,94,36,84,54,34,80,73" hai3="59,23,106,57,114,134,15,88,97,7,130,76,6"/><V119/><F107/><W69/><G69/><T123/><D92/><U115/><E118/><V31/><F119/><W101/><G134/><T91/><D91/><U89/><E71/><V60/><F129/><W39/><G39/><T48/><D27/><U70/><E70/><V22/><F34/><W109/><G130/><T56/><D123/><U121/><E121/><V111/><F111/><N who="0" m="42538" /><D116/><U67/><E67/><N who="0" m="25641" /><D126/><U3/><E3/><V63/><F73/><W32/><G32/><T17/><D17/><U30/><E125/><V117/><F117/><W98/><G76/><T21/><D21/><U90/><E30/><V58/><F60/><W35/><G35/><T102/><D102/><U122/><E122/><V10/><F47/><W11/><G109/><T75/><D75/><U19/><E90/><V124/><F124/><W25/><G6/><T127/><D127/><U61/><E105/><V79/><F94/><W104/><G104/><T72/><D72/><U2/><E2/><V128/><F128/><W43/><G97/><T96/><D96/><U78/><E78/><V53/><F86/><W95/><G106/><T100/><D100/><U41/><E113/><V5/><F37/><W49/><G114/><T29/><D29/><U133/><E115/><V65/><F36/><W1/><G101/><T51/><D131/><U24/><E133/><V135/><F135/><W103/><G103/><T93/><D93/><N who="1" m="56751" /><E19/><V42/><F42/><W12/><G1/><T26/><D26/><AGARI ba="0,0" hai="5,10,14,22,26,31,53,54,58,63,65,79,80,84" machi="26" ten="40,3900,0" yaku="8,1,52,1" doraHai="4" who="2" fromWho="0" sc="230,-39,210,0,330,39,230,0" /><INIT seed="2,1,0,1,3,78" ten="191,210,369,230" oya="2" hai0="43,102,13,114,106,29,56,86,82,53,34,52,108" hai1="113,19,129,95,81,130,57,76,118,30,109,41,80" hai2="75,44,93,117,23,91,4,92,74,110,134,28,36" hai3="103,1,60,45,15,97,126,90,47,5,71,69,111"/><V54/><F117/><W100/><G1/><T132/><D114/><U87/><E118/><V105/><F105/><W18/><G5/><T35/><D132/><U61/><E113/><V123/><F123/><W16/><G18/><T65/><D108/><U6/><E109/><V40/><F134/><W17/><G17/><T66/><D43/><U89/><E41/><V104/><F104/><W0/><G0/><T27/><D102/><U62/><E30/><V133/><F110/><W128/><G111/><T59/><D35/><U31/><E31/><V125/><F133/><W3/><G3/><T2/><D2/><U7/><E19/><V79/><F125/><W50/><G126/><T112/><D13/><U88/><E76/><V25/><F4/><W67/><G71/><T8/><D8/><U99/><E130/><V70/><F70/><W127/><G127/><T135/><D106/><U107/><E129/><V46/><F93/><W96/><G47/><T64/><D135/><U51/><E51/><V21/><F21/><W10/><G128/><T77/><REACH who="0" step="1"/><D112/><REACH who="0" ten="181,210,369,230" step="2"/><U9/><E107/><V42/><F40/><W20/><G10/><T58/><AGARI ba="1,1" hai="27,29,34,52,53,56,58,59,64,65,66,77,82,86" machi="58" ten="30,12000,2" yaku="1,1,2,1,0,1,52,1,54,1,53,1" doraHai="78" doraHaiUra="24" who="0" fromWho="0" sc="181,133,210,-31,369,-61,230,-31" /><INIT seed="3,0,0,0,4,56" ten="314,179,308,199" oya="3" hai0="120,17,69,93,41,19,107,51,122,98,39,72,40" hai1="110,100,44,101,94,20,132,80,134,77,127,3,73" hai2="50,124,90,75,58,25,92,31,116,99,32,106,48" hai3="60,5,61,113,102,15,7,66,18,33,49,9,128"/><W46/><G113/><T2/><D2/><U0/><E110/><V83/><F116/><W103/><G33/><T28/><D72/><U105/><E127/><V14/><F124/><W133/><G66/><T87/><D69/><U24/><E101/><N who="3" m="38410" /><G133/><T38/><D107/><U64/><E44/><V79/><F106/><W96/><G96/><T86/><D28/><U62/><E105/><V76/><F76/><W65/><G65/><T97/><D51/><U108/><E108/><V63/><REACH who="2" step="1"/><F14/><REACH who="2" ten="314,179,298,199" step="2"/><W55/><G128/><T67/><D93/><U42/><E132/><V85/><F85/><W22/><G5/><T112/><D67/><AGARI ba="0,1" hai="25,31,32,48,50,58,63,67,75,79,83,90,92,99" machi="67" ten="30,3900,0" yaku="1,1,7,1,52,1,53,0" doraHai="56" doraHaiUra="12" who="2" fromWho="0" sc="314,-39,179,0,298,49,199,0" /><INIT seed="4,0,0,1,0,121" ten="275,179,347,199" oya="0" hai0="28,32,29,19,82,5,91,108,37,12,107,72,76" hai1="53,85,40,118,11,110,135,78,96,115,131,100,23" hai2="43,44,128,74,127,97,77,22,25,41,70,129,52" hai3="6,92,56,18,42,39,123,55,1,66,133,8,51"/><T81/><D37/><U93/><E118/><V59/><F70/><W4/><G123/><T34/><D107/><U68/><E68/><V16/><F127/><W0/><G133/><T46/><D5/><U73/><E135/><V102/><F77/><W62/><G6/><T103/><D103/><U122/><E122/><V117/><F74/><W15/><G92/><T134/><D134/><U7/><E131/><N who="2" m="50251" /><F117/><W45/><REACH who="3" step="1"/><G4/><REACH who="3" ten="275,179,347,189" step="2"/><T126/><D126/><U125/><E125/><V38/><F102/><W130/><G130/><T33/><D82/><U49/><E115/><V10/><F97/><W124/><G124/><T30/><D91/><U113/><E113/><V104/><F104/><W48/><G48/><T87/><D72/><U69/><E73/><V112/><F112/><W95/><G95/><T60/><D60/><U17/><E78/><V36/><F38/><W89/><G89/><T109/><REACH who="0" step="1"/><D46/><AGARI ba="0,1" hai="0,1,8,15,18,39,42,45,46,51,55,56,62,66" machi="46" ten="30,3900,0" yaku="1,1,7,1,53,1" doraHai="121" doraHaiUra="61" who="3" fromWho="0" sc="275,-39,179,0,347,0,189,49" /><INIT seed="5,0,0,2,1,53" ten="236,179,347,238" oya="1" hai0="52,27,18,74,94,56,131,10,21,65,15,24,33" hai1="80,47,23,8,103,97,55,86,127,112,93,64,46" hai2="89,36,83,12,105,107,48,59,58,40,128,73,77" hai3="71,35,134,117,91,39,87,76,41,133,2,38,68"/><U4/><E64/><V113/><F36/><W20/><G35/><T123/><D74/><U99/><E99/><V63/><F113/><W98/><G2/><T125/><D125/><U114/><E127/><V90/><F128/><W95/><G117/><T9/><D131/><U26/><E112/><V122/><F122/><W102/><G76/><T78/><D78/><U5/><E114/><V115/><F115/><W106/><G20/><T104/><D104/><U6/><E8/><V62/><F107/><W54/><G41/><T32/><D65/><U25/><E25/><V28/><F105/><W85/><G85/><T129/><D129/><U135/><E135/><N who="3" m="51722" /><G54/><T69/><D69/><AGARI ba="0,0" hai="38,39,68,69,71,87,91,95,98,102,106" m="51722" machi="69" ten="30,1000,0" yaku="20,1" doraHai="53" who="3" fromWho="0" sc="236,-10,179,0,347,0,238,10" /><INIT seed="6,0,0,0,1,125" ten="226,179,347,248" oya="2" hai0="100,41,73,60,74,45,98,15,129,33,133,18,47" hai1="131,86,70,81,89,43,121,66,82,95,59,92,128" hai2="21,53,94,19,52,13,23,84,11,56,51,93,110" hai3="120,61,90,106,132,77,5,65,101,122,20,32,50"/><V25/><F110/><W88/><G32/><T49/><D133/><U83/><E70/><V34/><F34/><W135/><G77/><T134/><D134/><N who="3" m="51241" /><G5/><T80/><D33/><U2/><E2/><V102/><F102/><W31/><G50/><T17/><D60/><U63/><E121/><N who="3" m="46698" /><G106/><T108/><D108/><U97/><REACH who="1" step="1"/><E43/><REACH who="1" ten="226,169,347,248" step="2"/><V96/><F96/><W76/><G76/><T62/><D98/><U123/><E123/><V7/><F84/><W103/><G103/><AGARI ba="0,1" hai="59,63,66,81,82,83,86,89,92,95,97,103,128,131" machi="103" ten="40,5200,0" yaku="1,1,52,2,53,0" doraHai="125" doraHaiUra="68" who="1" fromWho="3" sc="226,0,169,62,347,0,248,-52" /><INIT seed="7,0,0,3,3,13" ten="226,231,347,196" oya="3" hai0="24,49,21,0,22,86,68,19,97,69,12,1,113" hai1="17,116,39,45,124,52,71,102,63,50,23,106,4" hai2="128,123,7,20,119,46,126,16,100,31,132,95,51" hai3="94,75,87,112,77,135,58,42,110,103,118,74,3"/><W34/><G118/><T98/><D113/><U61/><E116/><V122/><F119/><W48/><G112/><T36/><D36/><U25/><E124/><V115/><F126/><W85/><G3/><T111/><D111/><U9/><E102/><V64/><F128/><W80/><G34/><T120/><D86/><U104/><E39/><V79/><F132/><W67/><G110/><T35/><D35/><U88/><E63/><V54/><F7/><W2/><G2/><T32/><D32/><U41/><E41/><V55/><F64/><W91/><G135/><T99/><D120/><N who="2" m="46122" /><F31/><W96/><G67/><T131/><D131/><U109/><E109/><V38/><F38/><W40/><G75/><T59/><D0/><U28/><E4/><V26/><F79/><W101/><G101/><T27/><D12/><U10/><E10/><V33/><F33/><W18/><G18/><T62/><D49/><U11/><E11/><V107/><F107/><N who="3" m="63975" /><G87/><T47/><D47/><U92/><E61/><V84/><F115/><W5/><G5/><T66/><REACH who="0" step="1"/><D1/><REACH who="0" ten="216,231,347,196" step="2"/><U90/><E71/><V70/><F84/><W78/><G78/><T105/><D105/><U72/><E72/><V89/><F70/><W14/><G14/><T108/><D108/><U130/><E130/><V53/><F46/><W60/><G60/><T73/><D73/><U6/><E104/><V57/><F51/><W129/><G129/><T117/><D117/><U56/><E106/><V15/><F57/><W30/><G30/><AGARI ba="0,1" hai="19,21,22,24,27,30,59,62,66,68,69,97,98,99" machi="30" ten="40,8000,1" yaku="1,1,52,1,53,2" doraHai="13" doraHaiUra="65" who="0" fromWho="3" sc="216,90,231,0,347,0,196,-80" owari="306,11.0,231,-17.0,347,44.0,116,-38.0" /></mjloggm>