<mjloggm ver="2.3"><GO type="169" lobby="0"/><UN n0="%EF%BC%91%EF%BC%92%EF%BC%94%EF%BC%98%EF%BC%91%EF%BC%96%EF%BC%93%EF%BC%92" n1="%E3%81%84%E3%81%A1%E3%81%8B%E3%82%8F%E2%99%AA" n2="%E3%82%BF%E3%82%B1%E3%82%BF%E3%82%B1%E3%82%BF%E3%82%B1" n3="%E5%B0%B1%E6%B4%BB%E7%94%9F%40%E5%B7%9D%E6%9D%91%E8%BB%8D%E5%9B%A3" dan="17,16,17,16" rate="2170.20,2084.66,2166.04,2104.04" sx="M,F,M,M"/><TAIKYOKU oya="0"/><INIT seed="0,0,0,2,2,103" ten="250,250,250,250" oya="0" hai0="38,96,117,73,51,5,45,0,66,64,14,8,95" hai1="36,130,118,24,97,132,90,101,98,54,80,133,85" hai2="6,69,40,25,75,93,27,17,53,100,34,59,120" hai3="124,128,60,110,12,123,1,68,134,113,115,39,37"/><T107/><D73/><U50/><E36/><V22/><F69/><W67/><RYUUKYOKU type="yao9" ba="0,0" sc="250,0,250,0,250,0,250,0" hai3="1,12,37,39,60,67,68,110,113,115,123,124,128,134" /><INIT seed="0,1,0,4,4,39" ten="250,250,250,250" oya="0" hai0="94,126,111,106,134,123,9,51,129,1,35,45,43" hai1="57,96,80,113,72,4,100,12,102,81,23,121,116" hai2="82,64,60,40,107,34,59,101,2,130,65,27,103" hai3="132,53,7,22,66,122,83,71,16,42,24,74,120"/><T33/><D123/><N who="3" m="47145" /><G132/><T75/><D106/><U50/><E113/><V127/><F2/><W37/><G7/><T95/><D134/><U119/><E116/><V49/><F127/><W87/><G74/><T30/><D75/><U85/><E119/><V115/><F130/><W97/><G97/><T79/><D79/><U125/><E102/><V131/><F131/><W38/><G53/><T28/><D126/><U114/><E114/><V14/><F103/><W17/><G17/><T110/><D129/><U109/><E125/><V3/><F101/><W54/><G54/><T68/><D68/><U32/><E32/><N who="0" m="12361" /><D9/><U133/><E121/><V46/><F34/><W78/><G42/><T61/><D61/><AGARI ba="1,0" hai="16,22,24,37,38,61,66,71,78,83,87" m="47145" machi="61" ten="30,2000,0" yaku="13,1,54,1" doraHai="39" who="3" fromWho="0" sc="250,-23,250,0,250,0,250,23" /><INIT seed="1,0,0,1,3,34" ten="227,250,250,273" oya="1" hai0="79,101,38,42,31,130,112,110,68,37,93,19,15" hai1="50,115,1,22,80,81,134,30,55,28,16,62,67" hai2="61,74,105,90,66,4,72,17,6,87,65,56,24" hai3="96,127,119,113,36,0,59,46,107,32,41,12,35"/><U69/><E115/><V111/><F105/><W116/><G113/><T47/><D112/><U133/><E1/><V63/><F111/><W44/><G127/><T102/><D68/><U14/><E81/><V89/><F24/><W39/><G12/><T114/><D114/><U129/><E80/><V8/><F17/><W27/><G59/><T3/><D110/><U94/><E94/><V40/><F40/><N who="3" m="22535" /><G0/><T85/><D31/><U20/><E129/><V88/><F87/><W84/><G84/><T91/><D130/><U11/><E22/><V54/><F54/><W78/><G78/><T76/><D38/><U10/><E11/><V83/><F83/><W95/><G95/><T25/><D25/><U121/><E121/><V106/><F106/><W9/><G9/><T100/><REACH who="0" step="1"/><D3/><REACH who="0" ten="217,250,250,273" step="2"/><U118/><E118/><N who="3" m="45098" /><G27/><T5/><D5/><U58/><REACH who="1" step="1"/><E20/><AGARI ba="0,1" hai="15,19,20,37,42,47,76,79,85,91,93,100,101,102" machi="20" ten="40,1300,0" yaku="1,1,53,0" doraHai="34" doraHaiUra="48" who="0" fromWho="1" sc="217,23,250,-13,250,0,273,0" /><INIT seed="2,0,0,0,5,58" ten="240,237,250,273" oya="2" hai0="117,98,88,107,41,0,39,97,21,62,84,115,113" hai1="25,51,129,79,111,102,124,36,81,78,77,132,35" hai2="114,22,86,42,47,104,96,126,74,85,106,50,53" hai3="4,135,73,6,125,67,9,82,7,110,54,128,8"/><V75/><F114/><W119/><G119/><T70/><D0/><U127/><E36/><V10/><F126/><N who="1" m="48169" /><E102/><V31/><F10/><W43/><G125/><T105/><D117/><U60/><E51/><V95/><F75/><W2/><G128/><T134/><D134/><U93/><E93/><V56/><F74/><W120/><G120/><T32/><D32/><U49/><E49/><V12/><F106/><W65/><G135/><T133/><D133/><U123/><E132/><V44/><F104/><W11/><G43/><T118/><D118/><U89/><E123/><V16/><F31/><W87/><G73/><T33/><D33/><U90/><E111/><V46/><REACH who="2" step="1"/><F42/><REACH who="2" ten="240,237,240,273" step="2"/><W19/><G2/><T63/><D107/><U28/><E129/><V30/><F30/><W14/><G110/><T24/><D105/><U121/><E121/><V38/><F38/><W131/><G131/><T57/><D39/><U91/><E81/><V15/><F15/><W76/><G8/><T101/><D115/><U92/><E92/><V20/><F20/><W61/><G9/><T17/><D113/><U18/><E18/><V23/><F23/><W100/><G100/><AGARI ba="0,1" hai="12,16,22,44,46,47,50,53,56,85,86,95,96,100" machi="100" ten="40,7700,0" yaku="1,1,8,1,54,1,53,0" doraHai="58" doraHaiUra="26" who="2" fromWho="3" sc="240,0,237,0,240,87,273,-77" /><INIT seed="2,1,0,5,0,133" ten="240,237,327,196" oya="2" hai0="15,118,38,130,82,122,95,27,72,119,62,0,128" hai1="103,8,67,101,96,49,111,83,63,30,46,56,6" hai2="77,17,100,57,53,97,20,134,131,126,90,135,61" hai3="91,43,42,79,51,71,123,93,115,24,75,88,18"/><V65/><F131/><N who="0" m="50218" /><D38/><U40/><E111/><V19/><F77/><W14/><G71/><T47/><D0/><U36/><E30/><V66/><F90/><W84/><G123/><T113/><D113/><U105/><E101/><V106/><F126/><W89/><G115/><T64/><D122/><U26/><E26/><V80/><F80/><W92/><G24/><T4/><D47/><U116/><E83/><V129/><F129/><W52/><G75/><T127/><D27/><U69/><E116/><N who="0" m="44585" /><D95/><N who="3" m="36425" /><G79/><N who="0" m="44391" /><D127/><U85/><E36/><V94/><F94/><W2/><G2/><T73/><D73/><U33/><E33/><V107/><F107/><W9/><G84/><T25/><D25/><U11/><E85/><V32/><F32/><W16/><G18/><T87/><D87/><U125/><E125/><V23/><F19/><W102/><G102/><T121/><D121/><U13/><REACH who="1" step="1"/><E69/><REACH who="1" ten="240,227,327,196" step="2"/><V44/><F135/><W21/><G9/><AGARI ba="1,1" hai="6,8,9,11,13,40,46,49,56,63,67,96,103,105" machi="9" ten="40,5200,0" yaku="1,1,2,1,53,1" doraHai="133" doraHaiUra="39" who="1" fromWho="3" sc="240,0,227,65,327,0,196,-55" /><INIT seed="3,0,0,0,5,13" ten="240,292,327,141" oya="3" hai0="59,8,107,92,45,85,133,43,18,47,105,88,132" hai1="7,48,134,114,118,80,1,9,63,46,120,25,65" hai2="74,58,109,131,14,0,56,86,83,21,60,98,36" hai3="24,10,42,78,55,68,113,30,127,75,6,110,99"/><W100/><G68/><T119/><D119/><U62/><E118/><V15/><F36/><W84/><G113/><T135/><D59/><U108/><E120/><V115/><F0/><W103/><G127/><T29/><D29/><U44/><E114/><V121/><F74/><W70/><G70/><T67/><D67/><U11/><E134/><V73/><F73/><W125/><G125/><T32/><D32/><U50/><E108/><V37/><F37/><W129/><G129/><T16/><D8/><U34/><E80/><V79/><F109/><W28/><G75/><T31/><D31/><U102/><E102/><V4/><F131/><W116/><G116/><T106/><D45/><U95/><E95/><V41/><F41/><W101/><G110/><T76/><D76/><U104/><E104/><V81/><F81/><W51/><G55/><T38/><AGARI ba="0,0" hai="16,18,38,43,47,85,88,92,105,106,107,132,133,135" machi="38" ten="40,12000,2" yaku="0,1,20,1,52,2,54,2" doraHai="13" who="0" fromWho="0" sc="240,120,292,-30,327,-30,141,-60" /><INIT seed="4,0,0,1,2,35" ten="360,262,297,81" oya="0" hai0="9,53,89,70,42,20,18,74,112,129,114,33,58" hai1="4,40,86,115,12,56,23,5,97,32,118,17,39" hai2="90,61,52,82,63,0,134,31,121,111,50,106,133" hai3="126,7,93,66,62,108,107,91,55,92,119,69,84"/><T47/><D70/><U16/><E118/><V99/><F111/><W101/><G119/><T75/><D33/><U10/><E32/><V80/><F121/><W13/><G126/><T71/><D71/><U116/><E115/><N who="0" m="44073" /><D89/><U34/><E34/><V37/><F37/><W15/><G108/><T131/><D9/><U57/><E116/><V51/><F31/><W19/><G107/><T45/><D53/><U96/><E86/><V103/><F50/><W78/><G78/><T81/><D58/><N who="1" m="22635" /><E39/><V27/><F27/><W36/><G36/><N who="0" m="21703" /><D47/><U117/><E40/><V130/><F51/><W8/><G55/><T125/><D125/><U113/><E117/><V65/><F52/><W28/><G28/><T6/><D6/><N who="1" m="2667" /><E113/><V124/><F124/><W43/><G43/><T94/><D94/><U44/><E44/><V14/><F106/><W29/><G29/><T54/><D54/><U109/><E109/><V77/><F63/><W2/><REACH who="3" step="1"/><G19/><REACH who="3" ten="360,262,297,71" step="2"/><T104/><D104/><U135/><E135/><V60/><F133/><W120/><G120/><T11/><D18/><U127/><E127/><V38/><F134/><W41/><G41/><T98/><D131/><U128/><E128/><V100/><F130/><W105/><G105/><T132/><D129/><U64/><E64/><V25/><F65/><W122/><G122/><T26/><D132/><U87/><E17/><V73/><F77/><W79/><G79/><T95/><D75/><U67/><E67/><V88/><F73/><W46/><G46/><T24/><D74/><U1/><E16/><V48/><F38/><W123/><G123/><RYUUKYOKU ba="0,1" sc="360,-10,262,-10,297,-10,71,30" hai3="2,7,8,13,15,62,66,69,84,91,92,93,101" /><INIT seed="5,1,1,3,4,99" ten="350,252,287,101" oya="1" hai0="32,15,69,112,31,91,63,21,90,111,133,78,96" hai1="53,6,116,83,66,11,33,94,35,84,70,68,60" hai2="132,123,10,72,62,93,29,42,101,40,75,8,92" hai3="108,127,54,36,22,58,50,67,45,120,89,129,16"/><U43/><E43/><V47/><F123/><W57/><G120/><T81/><D32/><U46/><E70/><V126/><F126/><W124/><G108/><T7/><D111/><U49/><E94/><V134/><F29/><W109/><G109/><T9/><D112/><U114/><E114/><V135/><F62/><W37/><G129/><T98/><D69/><U117/><E117/><V13/><F40/><W30/><G30/><T130/><D130/><U80/><E116/><V61/><F61/><W52/><G89/><N who="0" m="33803" /><D63/><U74/><E74/><N who="2" m="28203" /><F101/><W25/><G67/><T26/><D133/><U34/><REACH who="1" step="1"/><E84/><AGARI ba="1,1" hai="7,9,15,21,26,31,78,81,84,96,98" m="33803" machi="84" ten="30,1000,0" yaku="8,1" doraHai="99" who="0" fromWho="1" sc="350,23,252,-13,287,0,101,0" /><INIT seed="6,0,0,0,0,67" ten="373,239,287,101" oya="2" hai0="53,24,10,17,55,124,18,88,99,116,74,134,92" hai1="130,28,66,19,36,81,87,118,22,72,35,5,3" hai2="98,34,82,51,101,95,31,113,91,73,105,40,115" hai3="83,25,63,70,75,61,128,42,122,50,121,90,9"/><V106/><F31/><W89/><G128/><T14/><D74/><U68/><E72/><V59/><F34/><W33/><G9/><T0/><D0/><U12/><E36/><V129/><F59/><W48/><G42/><T38/><D38/><U79/><E130/><V52/><F40/><W46/><G46/><T56/><D134/><U135/><E118/><V119/><F129/><W30/><G75/><T26/><D124/><U32/><E135/><V4/><F4/><W49/><G83/><T80/><D116/><U114/><E114/><N who="2" m="43531" /><F119/><W60/><REACH who="3" step="1"/><G70/><REACH who="3" ten="373,239,287,91" step="2"/><T125/><D80/><N who="1" m="47519" /><E68/><V97/><F73/><W127/><G127/><T16/><D125/><U15/><E81/><V123/><F82/><W8/><G8/><T117/><D117/><U13/><E3/><V133/><F133/><W126/><G126/><T100/><D10/><U120/><E5/><V94/><F123/><AGARI ba="0,1" hai="25,30,33,48,49,50,60,61,63,89,90,121,122,123" machi="123" ten="50,1600,0" yaku="1,1,53,0" doraHai="67" doraHaiUra="54" who="3" fromWho="2" sc="373,0,239,0,287,-16,91,26" /><INIT seed="7,0,0,3,5,22" ten="373,239,271,117" oya="3" hai0="47,74,115,9,35,91,105,96,13,125,77,82,43" hai1="2,73,111,36,132,98,57,63,69,56,5,21,112" hai2="114,23,79,34,116,134,7,127,19,0,92,44,52" hai3="103,46,38,42,126,84,12,128,76,110,130,109,95"/><W124/><G12/><T60/><D115/><U41/><E73/><V67/><F34/><W11/><G11/><T26/><D125/><N who="3" m="48233" /><G103/><T33/><D33/><U61/><E21/><V78/><F7/><W59/><G95/><T99/><D91/><U64/><E98/><V20/><F0/><W102/><G102/><T80/><D105/><U54/><E5/><V66/><F92/><W39/><G84/><T58/><D80/><U55/><E2/><V104/><F19/><W86/><G86/><T3/><D3/><U32/><E112/><V15/><F15/><W70/><G76/><T53/><D99/><U27/><E27/><V45/><F114/><W1/><G1/><T131/><D96/><U68/><E32/><V6/><F6/><W94/><G94/><T108/><D26/><U31/><E111/><N who="3" m="42506" /><G70/><N who="1" m="27242" /><E132/><V100/><F100/><W81/><G81/><T72/><D108/><U49/><E31/><V107/><F127/><W122/><G122/><T50/><D74/><U89/><E89/><V90/><F90/><W40/><G59/><T10/><D43/><N who="3" m="16425" /><G46/><T51/><D35/><U101/><E101/><V88/><F88/><W48/><G48/><T121/><D51/><U14/><E49/><V29/><F29/><W113/><G113/><T85/><D121/><U75/><E14/><V65/><F107/><W93/><G93/><T24/><D24/><U97/><E75/><V135/><F104/><W25/><G25/><T123/><D72/><U8/><E97/><V87/><F78/><W83/><G83/><T106/><D106/><U118/><E8/><N who="0" m="3177" /><D13/><U17/><E17/><RYUUKYOKU ba="0,0" sc="373,-10,239,-10,271,-10,117,30" hai3="38,39,128,130" /><INIT seed="7,1,0,2,4,52" ten="363,229,261,147" oya="3" hai0="65,84,73,132,104,122,20,113,76,131,135,43,107" hai1="99,21,134,94,10,119,8,37,112,95,111,89,115" hai2="58,49,124,11,54,5,68,120,92,80,42,70,1" hai3="19,105,97,17,126,83,69,78,64,60,102,4,127"/><W121/><G121/><T51/><D122/><U38/><E119/><V30/><F120/><W47/><G4/><T86/><D113/><N who="1" m="43595" /><E134/><V116/><F116/><W77/><G47/><T2/><D86/><N who="1" m="52535" /><E21/><V24/><F124/><N who="3" m="47659" /><G78/><T56/><D51/><U103/><E111/><V130/><F130/><W91/><G91/><T71/><D65/><U117/><E117/><V41/><F92/><W25/><G25/><T61/><D61/><U7/><E10/><V109/><F109/><W26/><G26/><T32/><D2/><AGARI ba="1,0" hai="2,7,8,37,38,95,99,103" m="52535,43595" machi="2" ten="30,1000,0" yaku="15,1" doraHai="52" who="1" fromWho="0" sc="363,-13,229,13,261,0,147,0" owari="350,45.0,242,-16.0,261,6.0,147,-35.0" /></mjloggm>