<mjloggm ver="2.3"><GO type="41" lobby="0"/><UN n0="%74%65%7A%6B" n1="%E5%B0%B1%E6%B4%BB%E7%94%9F%40%E5%B7%9D%E6%9D%91%E8%BB%8D%E5%9B%A3" n2="%E3%82%B8%E3%83%A5%E3%83%81" n3="%E7%84%A1%E7%9F%A5%E3%81%A8%E3%81%AE%E9%81%AD%E9%81%87" dan="13,17,13,13" rate="1860.91,2155.22,1935.35,1823.98" sx="M,M,M,M"/><TAIKYOKU oya="0"/><INIT seed="0,0,0,1,4,50" ten="250,250,250,250" oya="0" hai0="23,91,73,49,112,4,32,36,126,123,111,119,57" hai1="92,102,99,1,34,35,66,94,47,84,134,19,132" hai2="89,60,5,30,67,135,63,95,11,130,55,20,58" hai3="100,87,37,125,10,12,21,77,9,8,76,117,74"/><T88/><D119/><U39/><E1/><V133/><F130/><W22/><G37/><T93/><D123/><U29/><E66/><V40/><F40/><W44/><G117/><T103/><D112/><U85/><E19/><V120/><F120/><W96/><G125/><T72/><D126/><U53/><E29/><V110/><F30/><W83/><G22/><T16/><D32/><U69/><E69/><V31/><F20/><W75/><G21/><T68/><D111/><U104/><E39/><V90/><F31/><W3/><G3/><T48/><D36/><U45/><E104/><V52/><F110/><W116/><G116/><T43/><D68/><U101/><E99/><V109/><F109/><W0/><G0/><T108/><D108/><U14/><E14/><N who="2" m="5487" /><F63/><W98/><G98/><T81/><D4/><U26/><E26/><V51/><F51/><W62/><G87/><T86/><D103/><U82/><E82/><V129/><F129/><W114/><G114/><T7/><D7/><U115/><E115/><V97/><F89/><W25/><G25/><T27/><D48/><U18/><E18/><V41/><F41/><W28/><G28/><T118/><D118/><U59/><E59/><V61/><F60/><W6/><G62/><T124/><D124/><U42/><E42/><V107/><F107/><W79/><G79/><T121/><D121/><U65/><E65/><V113/><F113/><W46/><G77/><T13/><D27/><U71/><E71/><V122/><F122/><W54/><G76/><T15/><D43/><U131/><E131/><V127/><F127/><RYUUKYOKU ba="0,0" sc="250,-15,250,15,250,15,250,-15" hai1="34,35,45,47,53,84,85,92,94,101,102,132,134" hai2="52,55,58,61,67,90,95,97,133,135" /><INIT seed="1,1,0,5,3,45" ten="235,265,265,235" oya="1" hai0="125,97,128,5,63,48,18,20,88,59,100,62,110" hai1="108,9,42,83,29,119,17,77,99,105,117,122,109" hai2="79,50,38,96,44,41,135,19,91,124,71,52,80" hai3="2,12,84,13,49,74,28,120,40,36,6,78,86"/><U132/><E29/><V15/><F71/><W90/><G120/><T107/><D110/><N who="1" m="42603" /><E42/><V104/><F135/><W116/><G116/><N who="1" m="44618" /><E9/><V66/><F66/><W67/><G36/><T72/><D128/><U121/><E17/><V37/><F124/><W51/><G74/><T87/><D72/><N who="1" m="43431" /><E132/><V24/><F24/><W30/><G2/><T69/><D125/><U64/><E64/><V60/><F104/><W130/><G67/><T39/><D39/><U57/><E57/><V93/><F60/><W33/><G33/><T4/><D69/><U75/><E75/><V22/><REACH who="2" step="1"/><F41/><REACH who="2" ten="235,265,255,235" step="2"/><W95/><G40/><T7/><D63/><U43/><E43/><V46/><F46/><W82/><G6/><T94/><D7/><U11/><E11/><V113/><F113/><W55/><G55/><T23/><D62/><U101/><AGARI ba="1,1" hai="99,101,105,121,122" m="43431,44618,42603" machi="101" ten="40,12000,1" yaku="14,1,10,1,23,1,34,2" doraHai="45" who="1" fromWho="1" sc="235,-41,265,133,255,-41,235,-41" /><INIT seed="1,2,0,1,1,66" ten="194,398,214,194" oya="1" hai0="30,129,105,69,121,125,131,28,109,23,72,62,118" hai1="98,80,107,38,79,63,65,101,60,73,134,26,13" hai2="120,43,35,22,95,128,114,48,15,37,1,54,124" hai3="112,91,113,17,135,104,16,39,116,56,115,77,102"/><U59/><E134/><V108/><F120/><W83/><G39/><T25/><D118/><U126/><E38/><V40/><F35/><W6/><G6/><T19/><D109/><U86/><E126/><V97/><F1/><W93/><G135/><T41/><D125/><U100/><E100/><V18/><F124/><W119/><G56/><T0/><D41/><U61/><E26/><V57/><F108/><W7/><G7/><T2/><D72/><U103/><E103/><V75/><F75/><N who="3" m="43455" /><G17/><T14/><D105/><U32/><E32/><V132/><F128/><N who="0" m="49226" /><D62/><U34/><E34/><V21/><F132/><W27/><G16/><N who="0" m="12519" /><D69/><U50/><E50/><V64/><F114/><W99/><G27/><T8/><D121/><U24/><E24/><V29/><F37/><W78/><G78/><T106/><D106/><U92/><E13/><V9/><F64/><W117/><G91/><AGARI ba="2,0" hai="59,60,61,63,65,73,79,80,86,91,92,98,101,107" machi="91" ten="40,3900,0" yaku="24,2" doraHai="66" who="1" fromWho="3" sc="194,0,398,45,214,0,194,-45" /><INIT seed="1,3,0,0,0,38" ten="194,443,214,149" oya="1" hai0="60,34,94,88,135,51,20,18,85,69,74,107,7" hai1="118,75,127,63,55,56,66,4,65,122,105,28,64" hai2="14,25,54,62,113,97,50,91,46,100,80,6,134" hai3="27,9,16,71,99,72,121,49,36,19,43,90,42"/><U130/><E75/><V1/><F1/><W131/><G121/><T119/><D119/><U53/><E105/><V32/><F113/><W102/><G36/><T40/><D34/><U30/><E122/><V10/><F134/><W123/><G123/><T8/><D135/><U133/><E118/><V3/><F3/><W77/><G71/><T129/><D129/><U110/><E127/><V48/><F62/><W61/><G61/><T68/><D74/><U22/><E130/><V93/><F48/><W87/><G131/><T57/><D107/><U116/><E116/><V101/><F80/><W76/><G72/><T59/><D59/><U111/><E133/><V44/><F44/><W92/><G49/><T17/><D17/><N who="3" m="6729" /><G9/><T21/><D21/><U70/><E4/><V126/><F126/><W39/><G39/><T82/><D69/><U15/><E15/><V98/><REACH who="2" step="1"/><F97/><REACH who="2" ten="194,443,204,149" step="2"/><W52/><G27/><T132/><D60/><U106/><E63/><V120/><F120/><W109/><G109/><T103/><D68/><U108/><E70/><V86/><F86/><W84/><G84/><T81/><D85/><U112/><E112/><V37/><F37/><W0/><G0/><T5/><D132/><U115/><E115/><V29/><AGARI ba="3,1" hai="6,10,14,25,29,32,46,50,54,91,93,98,100,101" machi="29" ten="30,2000,0" yaku="1,1,0,1,53,0" doraHai="38" doraHaiUra="104" who="2" fromWho="2" sc="194,-8,443,-13,204,39,149,-8" /><INIT seed="2,0,0,0,3,134" ten="186,430,243,141" oya="2" hai0="107,128,4,91,79,95,127,89,80,15,125,30,65" hai1="64,66,86,19,71,37,14,24,135,59,58,2,20" hai2="102,63,119,41,56,97,46,123,120,77,84,67,118" hai3="69,116,9,8,87,83,101,62,28,105,38,72,68"/><V112/><F112/><W48/><G116/><T26/><D65/><U21/><E2/><V81/><F119/><W34/><G38/><T73/><D107/><U104/><E37/><V17/><F118/><W85/><G72/><T7/><D128/><U51/><E104/><V44/><F17/><W94/><G105/><T12/><D12/><U103/><E71/><V124/><F124/><N who="0" m="47690" /><D15/><U39/><E39/><V110/><F110/><W75/><G75/><T82/><D82/><U22/><E135/><V6/><F6/><N who="0" m="2090" /><D95/><U50/><E66/><V53/><F67/><W108/><G108/><T133/><D133/><U54/><E14/><V52/><F53/><W92/><G69/><T98/><D98/><U132/><E54/><V16/><F16/><W117/><G9/><T18/><D18/><U100/><E19/><V130/><F130/><W129/><G8/><T106/><D106/><U1/><E64/><V23/><F23/><AGARI ba="0,0" hai="23,26,30,73,79,80,89,91" m="2090,47690" machi="23" ten="30,7700,0" yaku="18,1,52,3" doraHai="134" who="0" fromWho="2" sc="186,77,430,0,243,-77,141,0" /><INIT seed="3,0,0,5,3,80" ten="263,430,166,141" oya="3" hai0="54,69,47,103,61,62,5,133,57,11,34,75,105" hai1="112,81,102,95,66,30,51,90,52,115,71,60,83" hai2="132,135,85,40,3,104,128,39,120,116,108,84,122" hai3="10,76,24,21,4,48,100,91,109,125,28,126,22"/><W6/><G76/><T124/><D34/><U49/><E49/><V25/><F3/><N who="3" m="287" /><G100/><T99/><D124/><N who="3" m="47721" /><G6/><T17/><D133/><N who="2" m="51274" /><F104/><W113/><G113/><T59/><D75/><U50/><E50/><V130/><F116/><W64/><G64/><T56/><D17/><U88/><E30/><V77/><F77/><W45/><G109/><T74/><D74/><U32/><E32/><V121/><F108/><W44/><G44/><T2/><REACH who="0" step="1"/><D47/><REACH who="0" ten="253,430,166,141" step="2"/><U27/><E112/><V26/><F40/><N who="3" m="24615" /><G91/><T73/><D73/><U107/><E90/><V38/><F26/><W111/><G111/><T36/><D36/><N who="2" m="13866" /><F25/><W42/><G42/><T29/><D29/><U20/><E115/><V97/><F97/><W86/><G21/><T70/><D70/><U89/><E20/><V96/><F96/><W8/><G8/><T16/><D16/><U58/><E27/><V14/><F14/><W0/><G0/><T110/><D110/><U72/><E72/><V131/><AGARI ba="0,1" hai="84,85,120,121,122,128,130,131" m="13866,51274" machi="131" ten="50,12000,2" yaku="28,2,13,1,19,1,20,1,52,2" doraHai="80" who="2" fromWho="2" sc="253,-30,430,-30,166,130,141,-60" /><INIT seed="4,0,0,2,3,71" ten="223,400,296,81" oya="0" hai0="129,125,94,10,73,76,126,122,53,117,97,25,102" hai1="69,61,48,110,28,47,54,17,68,12,36,26,4" hai2="109,55,111,86,22,85,93,112,82,51,52,0,11" hai3="50,96,124,46,119,43,34,118,35,120,23,101,21"/><T13/><D122/><U116/><E110/><V77/><F112/><W88/><G124/><N who="0" m="47723" /><D117/><U6/><E116/><V7/><F22/><W134/><G120/><T14/><D129/><U67/><E36/><V20/><F20/><W108/><G108/><T57/><D25/><U41/><E69/><V60/><F60/><W30/><G134/><T24/><D24/><U127/><E127/><V104/><F104/><W135/><G135/><T40/><D40/><U18/><E41/><V31/><F31/><W87/><G34/><T15/><D76/><U70/><E70/><V27/><F27/><W84/><G35/><T106/><D73/><U9/><E18/><V91/><REACH who="2" step="1"/><F55/><REACH who="2" ten="223,400,286,81" step="2"/><W107/><G30/><T42/><D106/><U80/><E28/><V103/><F103/><W38/><G119/><T29/><D29/><U90/><E26/><V128/><F128/><W89/><G118/><T74/><D74/><U66/><E67/><V75/><F75/><W8/><G8/><T63/><D42/><U99/><E99/><V95/><F95/><W45/><G38/><T65/><D10/><U81/><E81/><V16/><F16/><W78/><G78/><T56/><D53/><U58/><E68/><AGARI ba="0,1" hai="13,14,15,56,57,63,65,68,94,97,102" m="47723" machi="68" ten="30,1500,0" yaku="18,1" doraHai="71" who="0" fromWho="1" sc="223,25,400,-15,286,0,81,0" /><INIT seed="4,1,0,1,4,115" ten="248,385,286,81" oya="0" hai0="18,35,127,122,100,22,46,97,69,24,94,31,30" hai1="121,107,70,82,77,113,75,11,124,92,79,131,12" hai2="62,96,128,14,104,81,38,13,133,17,1,16,87" hai3="67,123,39,109,59,25,51,15,57,19,76,117,42"/><T86/><D122/><U49/><E70/><V93/><F1/><W41/><G109/><T102/><D127/><U48/><E107/><V44/><F104/><W91/><G39/><T27/><D69/><U132/><E121/><V47/><F133/><W130/><G123/><T40/><D86/><U120/><E113/><V116/><F38/><W110/><G110/><T56/><D56/><U36/><E36/><V26/><F128/><W50/><G130/><T20/><D102/><U37/><E37/><V32/><F32/><W112/><G112/><T74/><D74/><U103/><E132/><V134/><F134/><W63/><G76/><T28/><REACH who="0" step="1"/><D35/><REACH who="0" ten="238,385,286,81" step="2"/><U68/><E68/><V78/><F62/><W135/><G135/><T111/><D111/><U118/><E124/><V85/><F87/><W114/><G114/><T73/><D73/><U101/><E120/><V90/><F26/><W65/><G59/><T53/><D53/><U108/><E103/><V33/><F33/><W4/><G25/><T80/><D80/><U125/><E108/><V3/><F3/><W71/><G71/><T95/><D95/><U99/><E125/><V23/><REACH who="2" step="1"/><F116/><REACH who="2" ten="238,385,276,81" step="2"/><W10/><G63/><T9/><D9/><AGARI ba="1,2" hai="9,13,14,16,17,23,44,47,78,81,85,90,93,96" machi="9" ten="30,12000,2" yaku="1,1,2,1,7,1,8,1,54,1,53,1" doraHai="115" doraHaiUra="5" who="2" fromWho="0" sc="238,-123,385,0,276,143,81,0" /><INIT seed="5,0,0,2,3,32" ten="115,385,419,81" oya="1" hai0="80,120,97,75,130,42,72,35,88,121,49,58,122" hai1="104,99,92,23,100,119,70,51,63,17,134,115,21" hai2="124,56,36,18,109,116,45,16,117,24,43,114,105" hai3="106,54,37,61,53,55,26,91,127,2,40,103,86"/><U87/><E119/><V112/><F105/><W48/><G37/><T69/><D69/><U82/><E115/><N who="2" m="44075" /><F109/><W107/><G127/><T60/><D35/><U73/><E134/><V123/><F123/><W47/><G103/><T95/><D130/><U133/><E133/><V9/><F124/><W10/><G107/><T19/><D19/><N who="2" m="7210" /><F9/><W118/><G106/><T79/><D75/><U68/><E73/><V29/><F56/><W50/><G26/><T64/><D42/><U96/><E51/><AGARI ba="0,0" hai="49,51,58,60,64,72,79,80,88,95,97,120,121,122" machi="51" ten="40,2600,0" yaku="13,1,54,1" doraHai="32" who="0" fromWho="1" sc="115,26,385,-26,419,0,81,0" /><INIT seed="6,0,0,3,2,90" ten="141,359,419,81" oya="2" hai0="17,123,18,107,39,47,99,3,91,119,115,122,105" hai1="103,70,129,41,81,67,19,86,112,44,60,120,33" hai2="9,31,29,128,46,1,8,53,22,133,110,82,23" hai3="96,30,15,102,25,118,35,89,10,59,73,62,69"/><V7/><F110/><W132/><G118/><T24/><D115/><U16/><E112/><V61/><F133/><W76/><G132/><T12/><D119/><U27/><E120/><V2/><F82/><W45/><G45/><T28/><D3/><U108/><E129/><V134/><F134/><W38/><G38/><T11/><D18/><U75/><E108/><V52/><F128/><W36/><G36/><T21/><D107/><U72/><E103/><V55/><F46/><W26/><G26/><T114/><D114/><U63/><E63/><V100/><F100/><W51/><G51/><T56/><D56/><U113/><E113/><V80/><F80/><W58/><G58/><T71/><D71/><U124/><E124/><V116/><F116/><W32/><G32/><T6/><D6/><U135/><E135/><V64/><F9/><W42/><G42/><T13/><D13/><U97/><E97/><V57/><REACH who="2" step="1"/><F1/><REACH who="2" ten="141,359,409,81" step="2"/><W78/><G73/><T127/><D127/><U74/><E44/><V126/><F126/><W37/><G102/><T34/><D11/><U109/><E109/><V111/><F111/><W98/><G10/><T121/><D47/><U87/><E41/><V106/><F106/><W48/><G37/><T84/><D39/><U49/><E81/><V14/><F14/><W95/><G15/><T68/><D105/><U4/><E74/><V131/><F131/><W83/><G83/><T88/><D122/><U94/><E72/><V92/><F92/><W125/><G95/><N who="0" m="56807" /><D123/><U130/><E75/><V43/><F43/><W93/><G125/><T50/><D121/><RYUUKYOKU ba="0,1" sc="141,-10,359,-10,409,30,81,-10" hai2="2,7,8,22,23,29,31,52,53,55,57,61,64" /><INIT seed="6,1,1,0,0,42" ten="131,349,439,71" oya="2" hai0="111,116,119,53,109,93,114,32,100,11,95,94,90" hai1="28,48,126,92,99,132,121,70,6,0,1,9,77" hai2="62,84,117,105,64,16,87,123,45,98,129,34,40" hai3="86,80,12,103,104,89,59,10,110,79,23,55,27"/><V73/><F123/><W31/><G110/><T14/><D32/><U107/><E70/><V125/><F117/><N who="0" m="45130" /><D100/><U74/><E107/><V4/><F73/><W68/><G68/><T69/><D69/><U112/><E121/><V66/><F34/><W43/><G43/><T60/><D90/><U50/><E112/><V54/><F129/><W44/><G103/><T21/><D21/><U37/><E37/><V13/><F4/><W8/><G104/><T76/><D76/><U47/><E126/><V135/><F105/><W58/><G12/><T130/><D130/><U128/><E128/><V30/><F30/><W3/><G3/><T61/><D114/><U36/><E132/><V78/><F98/><W65/><G65/><N who="2" m="25193" /><F125/><W26/><G59/><N who="0" m="34927" /><D61/><U17/><E1/><V5/><F5/><AGARI ba="1,1" hai="5,11,14,93,94,95,109,111" m="34927,45130" machi="5" ten="30,1000,0" yaku="12,1" doraHai="42" who="0" fromWho="2" sc="131,23,349,0,439,-13,71,0" /><INIT seed="7,0,0,5,4,30" ten="154,349,426,71" oya="3" hai0="72,21,29,96,48,77,103,75,106,42,61,122,45" hai1="63,47,31,51,11,7,98,117,125,90,85,134,59" hai2="118,66,87,58,133,86,89,43,99,18,20,82,33" hai3="32,95,17,121,101,100,108,91,109,28,107,114,64"/><W111/><G121/><T22/><D122/><U62/><E125/><V126/><F118/><W39/><G39/><T12/><D77/><U19/><E134/><V36/><F126/><W124/><G124/><T60/><D22/><U10/><E117/><V4/><F133/><W8/><G114/><T74/><REACH who="0" step="1"/><D12/><REACH who="0" ten="144,349,426,71" step="2"/><U135/><E135/><V127/><F127/><W6/><G107/><T94/><D94/><U120/><E120/><V0/><F0/><N who="3" m="71" /><G64/><T78/><D78/><U68/><E68/><V110/><F110/><N who="3" m="28163" /><W112/><DORA hai="104" /><G112/><T116/><D116/><U16/><E31/><V50/><F20/><W97/><G17/><T55/><D55/><U3/><E98/><V34/><F18/><W81/><G81/><T80/><D80/><U128/><E128/><V102/><F99/><W2/><G2/><T65/><D65/><U27/><E27/><AGARI ba="0,1" hai="27,28,32,91,95,97,100,101" m="28163,71" machi="27" ten="40,3900,0" yaku="10,1,52,1" doraHai="30,104" who="3" fromWho="1" sc="144,0,349,-39,426,0,71,49" /><AGARI ba="0,0" hai="21,27,29,42,45,48,60,61,72,74,75,96,103,106" machi="27" ten="40,8000,1" yaku="1,1,52,3,53,1" doraHai="30,104" doraHaiUra="5,38" who="0" fromWho="1" sc="144,80,310,-80,426,0,120,0" /><INIT seed="7,1,0,3,2,16" ten="224,230,426,120" oya="3" hai0="43,47,113,84,130,128,28,71,72,63,44,37,9" hai1="109,118,95,35,83,52,114,17,116,78,12,65,104" hai2="110,34,100,36,86,126,92,33,29,46,7,0,67" hai3="8,15,22,26,25,24,99,69,20,94,133,101,56"/><W135/><G69/><T80/><D113/><U124/><E104/><V97/><F110/><W120/><G120/><T14/><D28/><U11/><E35/><V58/><F126/><W73/><G73/><T38/><D72/><N who="1" m="43463" /><E65/><V13/><F0/><W102/><G102/><T31/><D31/><U70/><E70/><V53/><F67/><W55/><G135/><T88/><D63/><U41/><E41/><V66/><F66/><W85/><G85/><T82/><D71/><U76/><E76/><V87/><F34/><W21/><G133/><T32/><D32/><U60/><E109/><V111/><F111/><W3/><G3/><T89/><D14/><U68/><E95/><V134/><F134/><W62/><G26/><T57/><D9/><U61/><E68/><V45/><F36/><W79/><G79/><T64/><D57/><U19/><E114/><V48/><F33/><W122/><G122/><T81/><D64/><U132/><E132/><V108/><F29/><W59/><G59/><T121/><D121/><U2/><E2/><V23/><F108/><W5/><AGARI ba="1,0" hai="5,8,15,20,21,22,24,25,55,56,62,94,99,101" machi="5" ten="30,12000,1" yaku="0,1,8,1,52,3" doraHai="16" who="3" fromWho="3" sc="224,-41,230,-41,426,-41,120,123" /><INIT seed="7,2,0,4,5,113" ten="183,189,385,243" oya="3" hai0="16,29,52,118,21,100,116,50,34,117,8,108,126" hai1="53,73,40,19,109,3,125,81,102,131,22,104,80" hai2="48,72,46,121,90,88,6,25,97,20,24,132,14" hai3="129,12,45,39,103,122,82,123,127,11,77,128,65"/><W84/><G103/><T13/><D108/><U89/><E3/><V51/><F72/><W107/><G107/><T28/><D126/><U135/><E109/><V69/><F69/><W96/><G96/><T38/><D38/><U85/><E131/><N who="3" m="50250" /><G127/><T101/><D34/><U64/><E64/><V114/><F114/><W5/><G65/><T74/><D74/><U94/><E40/><AGARI ba="2,0" hai="5,11,12,39,40,45,77,82,84,122,123" m="50250" machi="40" ten="30,1500,0" yaku="19,1" doraHai="113" who="3" fromWho="1" sc="183,0,189,-21,385,0,243,21" /><INIT seed="7,3,0,2,1,53" ten="183,168,385,264" oya="3" hai0="88,78,41,62,104,86,82,56,96,33,36,128,110" hai1="7,105,35,18,75,13,107,17,60,45,11,15,32" hai2="102,3,26,76,2,93,12,48,84,121,8,72,27" hai3="118,122,40,0,21,46,44,73,68,133,103,80,74"/><W85/><G122/><T63/><D110/><U28/><E75/><V25/><F72/><W87/><G118/><T77/><D128/><U111/><E111/><V14/><F121/><W69/><G21/><T112/><D33/><U98/><E45/><V120/><F120/><W10/><G103/><T9/><D112/><U131/><E131/><V54/><F14/><W116/><G80/><T99/><D9/><U42/><E42/><V23/><F23/><W49/><G49/><T20/><D36/><U58/><E7/><V127/><F127/><W81/><G81/><T124/><D41/><U66/><E28/><V115/><F115/><W30/><G30/><T135/><D135/><U22/><REACH who="1" step="1"/><E98/><REACH who="1" ten="183,158,385,264" step="2"/><N who="0" m="37417" /><D124/><U38/><E38/><V39/><F39/><W51/><G133/><T125/><D125/><U123/><E123/><V55/><F2/><W106/><G40/><T126/><D126/><U65/><E65/><V24/><F3/><W101/><G44/><T1/><D1/><U91/><E91/><V79/><F102/><W71/><G46/><T43/><D43/><U108/><E108/><V16/><N who="2" m="6656" /><DORA hai="92" /><V134/><F134/><W114/><G0/><T89/><D89/><U31/><E31/><V34/><F34/><AGARI ba="3,1" hai="11,13,15,17,18,22,32,34,35,58,60,66,105,107" machi="34" ten="40,5200,0" yaku="1,1,52,1,53,1" doraHai="53,92" doraHaiUra="61,119" who="1" fromWho="2" sc="183,0,158,71,385,-61,264,0" owari="183,-32.0,229,-17.0,324,43.0,264,6.0" /></mjloggm>