<mjloggm ver="2.3"><GO type="97" lobby="0"/><UN n0="%E3%81%A8%E3%81%97%52" n1="%E5%B0%B1%E6%B4%BB%E7%94%9F%40%E5%B7%9D%E6%9D%91%E8%BB%8D%E5%9B%A3" n2="%E3%82%BF%E3%83%BC%E3%83%AB%E3%83%BB%E3%82%BF%E3%83%90%E3%83%83%E3%82%B3" n3="%75%2D%61%71%75%61" dan="15,15,14,13" rate="2050.70,1935.09,1885.98,1835.93" sx="M,M,M,M"/><TAIKYOKU oya="0"/><INIT seed="0,0,0,0,2,110" ten="250,250,250,250" oya="0" hai0="53,28,68,112,67,57,104,33,52,80,132,124,78" hai1="27,41,128,31,95,20,24,109,22,77,133,26,16" hai2="81,18,123,131,65,9,106,86,2,96,61,3,42" hai3="47,55,6,38,121,39,108,74,15,66,97,94,32"/><T0/><D112/><U118/><E109/><V122/><F42/><W83/><G108/><T17/><D132/><U127/><E118/><V75/><F131/><W126/><G32/><T1/><D124/><U8/><E133/><V23/><F75/><W45/><G126/><T58/><D104/><U105/><E105/><V30/><F96/><W114/><G114/><T5/><D17/><U93/><E127/><V21/><F106/><W63/><G38/><T111/><D68/><U71/><E71/><V119/><F119/><W129/><G129/><T87/><D67/><U4/><E128/><V54/><F54/><W103/><G55/><T102/><D102/><U115/><E115/><V134/><F134/><W34/><G34/><T13/><D13/><N who="1" m="5255" /><E41/><V91/><F30/><W113/><G113/><T99/><D99/><U50/><E77/><V56/><F21/><W120/><G39/><T76/><D76/><U73/><E73/><V60/><F60/><W19/><G6/><T29/><D111/><U64/><E64/><V10/><F3/><W98/><G98/><T72/><D72/><U70/><E70/><V89/><F2/><W107/><G107/><T40/><D40/><U7/><E7/><V116/><F116/><W44/><G83/><T59/><D1/><U117/><E117/><V14/><F123/><N who="3" m="47179" /><G74/><T69/><D69/><U82/><E82/><N who="2" m="49367" /><F122/><W12/><G19/><T35/><D35/><N who="1" m="20967" /><E50/><V125/><F125/><W11/><G11/><N who="0" m="2471" /><D33/><U90/><E90/><V135/><F135/><W46/><N who="3" m="11776" /><DORA hai="84" /><W37/><G37/><T49/><D49/><U79/><E79/><RYUUKYOKU ba="0,0" sc="250,0,250,0,250,0,250,0" hai0="28,29,52,53,57,58,59,78,80,87" hai1="16,20,22,26,27,93,95" hai2="9,10,14,18,23,56,61,65,81,91" hai3="12,15,63,66,94,97,103" /><INIT seed="0,1,0,3,0,56" ten="250,250,250,250" oya="0" hai0="12,28,76,34,70,98,13,118,115,39,84,91,90" hai1="79,104,105,78,51,113,0,132,9,122,32,135,63" hai2="42,38,30,68,31,14,123,52,117,22,43,74,97" hai3="67,58,116,73,94,71,2,93,133,16,85,57,83"/><T60/><D118/><U36/><E36/><V24/><F74/><W114/><G116/><T101/><D115/><U46/><E32/><V50/><F68/><W27/><G114/><T95/><D39/><U29/><E29/><V121/><F117/><W81/><G2/><T120/><D76/><N who="1" m="29227" /><E113/><V40/><F38/><W77/><G71/><T11/><D120/><U54/><E122/><V129/><F129/><W23/><G133/><N who="1" m="51274" /><E0/><V8/><F97/><W66/><G73/><T41/><D41/><N who="1" m="25039" /><E9/><V110/><F31/><W100/><G83/><T108/><D108/><U61/><E54/><V64/><F110/><W47/><G47/><T37/><D37/><U125/><E125/><V128/><F128/><W69/><G69/><T6/><D34/><U127/><E127/><V102/><F123/><W109/><G109/><T80/><D28/><U33/><E33/><V45/><F121/><W106/><G106/><AGARI ba="1,0" hai="61,63,104,105,106" m="25039,51274,29227" machi="106" ten="30,3900,0" yaku="20,1,52,2" doraHai="56" who="1" fromWho="3" sc="250,0,250,42,250,0,250,-42" /><INIT seed="1,0,0,4,5,79" ten="250,292,250,208" oya="1" hai0="72,80,33,78,124,14,12,81,41,113,35,9,10" hai1="95,76,46,36,55,16,93,4,77,69,130,75,105" hai2="1,25,85,57,99,28,26,82,42,103,29,70,21" hai3="129,22,115,83,127,123,71,118,94,107,132,58,119"/><U92/><E105/><V109/><F70/><W31/><G115/><T108/><D113/><U84/><E69/><V5/><F42/><W44/><G123/><T135/><D108/><U89/><E4/><V97/><F109/><W114/><G114/><T122/><D122/><U121/><E121/><V8/><F57/><W126/><G71/><T112/><D112/><U120/><E120/><V100/><F99/><W87/><G107/><T37/><D124/><N who="3" m="47657" /><G94/><N who="1" m="36458" /><E75/><V49/><F49/><W88/><G129/><T3/><D135/><U73/><E73/><V59/><F59/><W32/><G132/><T17/><D3/><U20/><E36/><V117/><F97/><W50/><G32/><T106/><D106/><U60/><E130/><V47/><F47/><W65/><G58/><T125/><D125/><U0/><E0/><V2/><F2/><W34/><G34/><T91/><D37/><U53/><E60/><V24/><F117/><N who="3" m="44555" /><G65/><T98/><D41/><U6/><E6/><V63/><F63/><W15/><G15/><T40/><D40/><U133/><E133/><V86/><F1/><W90/><G22/><T104/><D104/><U19/><E46/><V134/><F21/><W66/><G31/><T43/><D43/><U62/><E62/><V39/><F29/><W51/><G66/><T61/><D61/><U30/><E30/><V101/><F28/><W48/><G44/><T64/><D64/><U67/><E67/><V27/><F134/><W111/><G111/><T74/><D35/><U96/><E20/><V116/><N who="2" m="6144" /><DORA hai="110" /><V38/><F116/><W52/><G52/><RYUUKYOKU ba="0,0" sc="250,-10,292,-10,250,-10,208,30" hai3="48,50,51,83,87,88,90" /><INIT seed="2,1,0,2,4,105" ten="240,282,240,238" oya="2" hai0="26,85,135,106,41,47,97,52,108,15,27,117,93" hai1="104,38,66,6,0,112,2,9,50,72,17,129,74" hai2="90,39,22,65,80,25,70,76,121,10,55,118,32" hai3="77,43,60,59,124,51,37,111,81,84,98,120,12"/><V18/><F121/><W131/><G120/><T33/><D108/><U95/><E112/><V122/><F118/><W92/><G37/><T49/><D117/><U133/><E104/><V48/><F39/><W4/><G111/><T53/><D135/><U19/><E38/><V82/><F65/><W123/><G123/><T89/><D15/><U132/><E2/><V54/><F70/><W113/><G113/><T71/><D71/><U73/><E129/><V24/><F122/><W3/><G3/><T34/><D34/><U99/><E50/><V115/><F10/><N who="3" m="4167" /><G131/><T75/><D75/><U134/><E66/><V1/><F1/><W107/><G107/><T83/><D106/><U56/><E56/><V61/><F115/><W86/><G124/><T87/><D87/><U28/><E28/><V116/><F116/><W63/><G86/><T110/><D110/><U130/><E130/><V62/><F32/><W125/><G125/><T11/><D11/><U21/><E21/><V68/><F68/><W64/><G64/><T16/><D33/><U23/><E23/><V78/><F22/><W29/><G29/><T67/><D67/><U13/><E0/><V7/><F48/><W45/><G59/><T96/><D96/><U42/><E42/><V100/><F18/><W46/><G46/><T103/><REACH who="0" step="1"/><D16/><REACH who="0" ten="230,282,240,238" step="2"/><U30/><E30/><V127/><F127/><W114/><G114/><T69/><D69/><U88/><AGARI ba="1,1" hai="6,9,13,17,19,72,73,74,88,95,99,132,133,134" machi="88" ten="40,12000,2" yaku="0,1,20,1,52,3,54,1" doraHai="105" who="1" fromWho="1" sc="230,-31,282,133,240,-61,238,-31" /><INIT seed="3,0,0,3,0,117" ten="199,415,179,207" oya="3" hai0="39,33,91,98,37,76,69,20,58,131,50,123,48" hai1="47,24,10,34,107,0,111,35,129,5,55,7,115" hai2="104,15,72,124,67,134,40,60,41,45,135,110,52" hai3="28,30,49,87,25,90,96,86,6,89,99,83,9"/><W64/><G64/><T56/><D33/><U54/><E107/><V118/><F104/><W23/><G30/><T125/><D76/><U29/><E115/><V122/><F72/><W18/><G49/><N who="0" m="19051" /><D20/><U101/><E101/><V92/><F118/><W75/><G75/><T85/><D98/><U11/><E129/><V32/><F32/><W68/><G68/><T130/><D69/><U51/><E111/><V133/><F110/><W119/><G28/><T82/><D125/><U112/><E112/><V65/><F124/><W78/><G78/><T121/><D82/><U113/><E113/><V88/><F122/><N who="0" m="46602" /><D91/><U109/><E109/><V21/><F45/><W44/><G44/><T108/><D85/><U93/><E93/><V42/><F21/><W12/><G119/><T63/><D108/><U1/><E35/><V81/><F15/><W77/><G77/><T94/><D94/><AGARI ba="0,0" hai="6,9,12,18,23,25,83,86,87,89,90,94,96,99" machi="94" ten="30,2900,0" yaku="7,1,8,1" doraHai="117" who="3" fromWho="0" sc="199,-29,415,0,179,0,207,29" /><INIT seed="3,1,0,1,2,50" ten="170,415,179,236" oya="3" hai0="127,11,54,53,126,91,110,87,113,49,120,119,58" hai1="69,32,25,46,114,34,134,35,72,61,102,116,16" hai2="23,56,59,86,62,67,112,55,5,90,108,48,39" hai3="98,4,26,95,41,42,96,75,3,30,38,100,9"/><W28/><G75/><T60/><D120/><U99/><E114/><V77/><F112/><W94/><G38/><T10/><D113/><U123/><E123/><V33/><F33/><W66/><G66/><N who="0" m="39191" /><D119/><U105/><E134/><V13/><F39/><W131/><G131/><T130/><D130/><U124/><E124/><N who="0" m="47657" /><D110/><U101/><E101/><V128/><F128/><W44/><G44/><N who="0" m="27815" /><D54/><U27/><E116/><V85/><F108/><W71/><G30/><T51/><D51/><U37/><E72/><V106/><F106/><W57/><G28/><T43/><D43/><N who="1" m="22895" /><E25/><V80/><F86/><W117/><G117/><T70/><D70/><U45/><E16/><N who="2" m="10639" /><F5/><W132/><G71/><T7/><D7/><U8/><E8/><V81/><F81/><AGARI ba="1,0" hai="10,11,81,87,91" m="27815,47657,39191" machi="81" ten="30,2000,0" yaku="18,1,52,1" doraHai="50" who="0" fromWho="2" sc="170,23,415,0,179,-23,236,0" owari="193,-21.0,415,51.0,156,-34.0,236,4.0" /></mjloggm>