<mjloggm ver="2.3"><GO type="97" lobby="0"/><UN n0="%E3%83%88%E3%83%88%E3%83%AA%E5%85%88%E7%94%9F%31%39%E6%AD%B3" n1="%52%61%73%6D%75%73" n2="%E3%81%AE%E3%81%A1%E3%82%86%E5%A4%96%E3%81%AB%E5%87%BA%E3%81%99%E3%81%9E" n3="%43%68%61%74%65%6C%65%74" dan="15,14,15,13" rate="2089.16,1886.07,2032.78,1857.67" sx="F,M,M,M"/><TAIKYOKU oya="0"/><INIT seed="0,0,0,2,5,101" ten="250,250,250,250" oya="0" hai0="123,25,15,81,127,96,79,78,27,3,37,49,73" hai1="90,89,92,46,97,113,23,56,68,4,111,133,8" hai2="26,119,57,115,128,39,38,72,63,34,82,1,64" hai3="53,104,62,100,28,134,129,33,91,52,42,86,84"/><T85/><BYE who="3" /><D123/><U120/><E68/><V124/><F115/><W31/><G31/><T126/><D3/><U70/><E70/><V116/><F1/><W45/><G45/><T59/><D37/><U47/><E120/><V110/><F110/><W40/><G40/><T30/><D15/><U43/><E111/><V60/><F128/><W55/><G55/><N who="0" m="32239" /><D96/><UN n3="%43%68%61%74%65%6C%65%74" /><U118/><E118/><N who="2" m="45099" /><F124/><N who="0" m="47658" /><D25/><U18/><E133/><V20/><F34/><W71/><G129/><T121/><D121/><U17/><E113/><V132/><F132/><W69/><G42/><T65/><D65/><U83/><E56/><V99/><F99/><N who="3" m="61471" /><G71/><T76/><D73/><U51/><E47/><V6/><F6/><W36/><G36/><T112/><D112/><U135/><E135/><V14/><F14/><W66/><G134/><T12/><D12/><N who="1" m="5127" /><E23/><AGARI ba="0,0" hai="23,27,30,76,78,79,81,85" m="47658,32239" machi="23" ten="30,1500,0" yaku="18,1" doraHai="101" who="0" fromWho="1" sc="250,15,250,-15,250,0,250,0" /><INIT seed="0,1,0,0,5,13" ten="265,235,250,250" oya="0" hai0="7,12,49,25,58,27,31,65,11,60,82,135,100" hai1="67,120,24,107,105,104,59,22,129,19,89,43,30" hai2="32,2,86,75,61,91,113,114,54,3,92,70,21" hai3="115,15,101,93,51,124,50,128,80,106,110,122,48"/><T17/><D135/><U103/><E120/><V88/><F75/><W18/><G122/><T47/><D100/><U1/><E1/><V111/><F32/><W109/><G115/><T26/><D82/><U85/><E129/><V99/><F111/><N who="3" m="42507" /><G128/><T0/><D0/><U84/><E43/><V64/><F113/><W121/><G121/><T112/><D112/><U53/><E67/><V33/><F33/><W23/><G124/><T10/><D10/><U127/><E127/><V78/><F78/><W133/><G133/><T108/><D108/><U116/><E116/><V40/><F40/><W69/><G69/><T44/><D44/><U131/><E131/><V4/><F114/><W45/><G106/><T130/><D130/><U118/><E118/><V98/><F54/><N who="3" m="29967" /><G93/><T41/><REACH who="0" step="1"/><D31/><REACH who="0" ten="255,235,250,250" step="2"/><U35/><E103/><V79/><F2/><W16/><G101/><T68/><D68/><U8/><E8/><V37/><F3/><W63/><G80/><T123/><D123/><U73/><E73/><V126/><F126/><W134/><G134/><T87/><D87/><U29/><E29/><V96/><F86/><W66/><G66/><T34/><D34/><U57/><E30/><V81/><F64/><W28/><G28/><T6/><AGARI ba="1,1" hai="6,7,11,12,17,25,26,27,41,47,49,58,60,65" machi="6" ten="30,12000,1" yaku="1,1,0,1,8,1,52,1,53,1" doraHai="13" doraHaiUra="39" who="0" fromWho="0" sc="255,133,235,-41,250,-41,250,-41" /><INIT seed="0,2,0,4,5,48" ten="388,194,209,209" oya="0" hai0="3,67,45,65,14,23,107,28,5,134,119,18,101" hai1="94,60,44,69,127,43,135,85,102,37,112,4,98" hai2="70,21,104,79,29,87,40,46,39,100,86,20,13" hai3="71,93,129,111,131,30,73,99,26,54,75,42,92"/><T76/><D119/><U27/><E135/><V117/><F70/><W81/><G71/><T32/><D134/><U89/><E127/><V41/><F117/><W6/><G6/><T52/><D76/><U59/><E69/><V12/><F100/><W34/><G111/><T35/><D101/><U113/><E4/><V82/><F104/><W22/><G42/><T0/><D107/><U7/><E7/><V115/><F115/><W74/><G81/><T133/><D133/><U109/><E27/><V25/><F41/><W124/><G124/><T68/><D0/><U91/><E109/><V125/><F125/><W103/><G93/><T116/><D116/><U77/><E77/><V97/><F97/><W31/><G31/><T2/><D2/><U11/><E11/><V66/><F66/><W33/><G34/><T10/><D32/><U55/><REACH who="1" step="1"/><E91/><REACH who="1" ten="388,184,209,209" step="2"/><V80/><REACH who="2" step="1"/><F21/><REACH who="2" ten="388,184,199,209" step="2"/><W8/><G22/><N who="0" m="11607" /><D68/><U16/><E16/><V90/><AGARI ba="2,2" hai="12,13,20,25,29,39,40,46,79,80,82,86,87,90" machi="90" ten="20,2700,0" yaku="1,1,0,1,7,1,53,0" doraHai="48" doraHaiUra="114" who="2" fromWho="2" sc="388,-15,184,-9,199,53,209,-9" /><INIT seed="1,0,0,1,3,44" ten="373,175,252,200" oya="1" hai0="23,14,63,115,98,102,42,80,104,7,41,2,68" hai1="135,1,50,43,13,103,53,25,37,52,97,27,112" hai2="120,82,56,34,125,28,96,18,49,128,47,77,86" hai3="131,11,17,105,67,40,89,45,30,101,61,107,111"/><U4/><E1/><V70/><F70/><W126/><G111/><T91/><D115/><U57/><E112/><V29/><F120/><W73/><G73/><T121/><D121/><U15/><E37/><V5/><F128/><W87/><G131/><T75/><D2/><U74/><E74/><V48/><F125/><W106/><G126/><T51/><D68/><U72/><E72/><V78/><F34/><W24/><G17/><T19/><D63/><U84/><E135/><V22/><F5/><W12/><G11/><T94/><D7/><U21/><E84/><V95/><F77/><W100/><G12/><T6/><D6/><U116/><E116/><V127/><F56/><W36/><G89/><T32/><D32/><U110/><E110/><V83/><F83/><W46/><G87/><N who="0" m="52607" /><D51/><N who="2" m="19530" /><F47/><W54/><G54/><T62/><D62/><U134/><E43/><V60/><F60/><W118/><G46/><T122/><D122/><U69/><E69/><V3/><F3/><W92/><G92/><T81/><D81/><U66/><E66/><V64/><F64/><W55/><G55/><T85/><D75/><U132/><E53/><V93/><F127/><W58/><REACH who="3" step="1"/><G118/><REACH who="3" ten="373,175,252,190" step="2"/><T133/><D42/><U88/><E134/><V33/><F95/><W130/><G130/><T65/><D41/><U35/><E132/><V117/><F117/><W0/><G0/><T99/><D133/><U59/><E88/><N who="2" m="55335" /><F33/><AGARI ba="0,1" hai="24,30,33,36,40,45,58,61,67,100,101,105,106,107" machi="33" ten="40,1300,0" yaku="1,1,53,0" doraHai="44" doraHaiUra="124" who="3" fromWho="2" sc="373,0,175,0,252,-13,190,23" /><INIT seed="2,0,0,2,3,89" ten="373,175,239,213" oya="2" hai0="43,46,100,7,68,115,1,60,62,111,63,125,101" hai1="58,76,24,22,4,79,73,90,20,121,28,104,16" hai2="21,80,124,23,49,97,13,98,117,122,55,72,82" hai3="99,130,27,85,8,64,17,116,47,19,107,56,74"/><V9/><F124/><W5/><G74/><T118/><D115/><U109/><E104/><V51/><F117/><W132/><G116/><T129/><D118/><U135/><E73/><V105/><F105/><W87/><G132/><T15/><D1/><U53/><E135/><V11/><F72/><W106/><G130/><T108/><D129/><U12/><E109/><N who="0" m="42057" /><D125/><U96/><E4/><V119/><F119/><W131/><G131/><T35/><D35/><U40/><E40/><V14/><REACH who="2" step="1"/><F55/><REACH who="2" ten="373,175,229,213" step="2"/><W103/><G107/><T29/><D68/><U94/><REACH who="1" step="1"/><E121/><AGARI ba="0,1" hai="9,11,13,14,21,23,49,51,80,82,97,98,121,122" machi="121" ten="25,9600,0" yaku="1,1,2,1,22,2,53,0" doraHai="89" doraHaiUra="114" who="2" fromWho="1" sc="373,0,175,-96,229,106,213,0" /><INIT seed="2,1,0,0,0,125" ten="373,79,335,213" oya="2" hai0="131,13,1,31,44,63,51,54,24,80,75,109,50" hai1="83,7,59,45,114,123,19,0,25,11,42,39,52" hai2="111,134,124,118,110,58,68,33,64,113,103,8,115" hai3="17,47,34,16,30,104,66,112,57,55,74,119,43"/><V20/><F33/><W46/><G104/><T92/><D1/><U56/><E114/><N who="2" m="43531" /><F103/><W135/><G74/><T32/><D109/><N who="2" m="41482" /><F8/><W36/><G135/><T87/><D131/><U77/><E123/><V23/><F124/><W128/><G112/><T37/><D75/><U130/><E130/><V6/><F6/><W38/><G128/><T79/><D92/><U10/><E10/><V22/><F134/><W62/><G119/><T89/><D37/><U126/><E126/><V28/><F68/><W94/><G94/><T127/><D127/><U61/><E59/><V76/><F76/><W15/><G34/><T82/><D79/><U101/><E101/><V3/><F3/><W122/><G122/><T26/><D26/><U100/><E100/><V88/><F88/><W91/><G91/><T102/><D102/><U90/><E90/><V98/><F98/><W69/><G30/><T71/><D13/><U96/><E96/><V5/><F5/><W21/><G17/><T40/><D80/><U9/><E9/><V48/><F118/><W129/><G129/><T65/><REACH who="0" step="1"/><D51/><REACH who="0" ten="363,79,335,213" step="2"/><U86/><E25/><N who="2" m="16423" /><F48/><N who="3" m="30951" /><G38/><T97/><D97/><U67/><E19/><V107/><F107/><W4/><G46/><T117/><D117/><U120/><E120/><V133/><F133/><W108/><G108/><T35/><D35/><U84/><REACH who="1" step="1"/><E67/><REACH who="1" ten="363,69,335,213" step="2"/><V106/><F106/><W49/><G49/><T85/><D85/><AGARI ba="1,2" hai="0,7,11,39,42,45,52,56,61,77,83,84,85,86" machi="85" ten="30,7700,0" yaku="1,1,2,1,7,1,54,1,53,0" doraHai="125" doraHaiUra="99" who="1" fromWho="0" sc="363,-80,69,100,335,0,213,0" /><INIT seed="3,0,0,4,2,73" ten="283,169,335,213" oya="3" hai0="40,72,74,46,61,66,37,94,130,26,95,21,39" hai1="5,60,134,122,41,49,29,115,43,128,77,62,127" hai2="78,132,54,18,117,79,44,121,88,1,102,51,111" hai3="2,87,59,20,90,85,42,27,81,58,106,86,6"/><W110/><G110/><T114/><D39/><U17/><E115/><V53/><F117/><W57/><G106/><T33/><D33/><U120/><E5/><V50/><F1/><W22/><G42/><T12/><D114/><U129/><E29/><V113/><F113/><W35/><G35/><T118/><D118/><U25/><E25/><V119/><F119/><W92/><G6/><T98/><D130/><N who="1" m="50283" /><E17/><V135/><F121/><N who="1" m="46697" /><E49/><V97/><F88/><W52/><G2/><T7/><D94/><U65/><E65/><V112/><F111/><W13/><G13/><T16/><D12/><U99/><E99/><V64/><F18/><N who="3" m="12695" /><G22/><T105/><D105/><U124/><E77/><V14/><F112/><W82/><G52/><T0/><D7/><U89/><E89/><V8/><F64/><W69/><G69/><T36/><D36/><U28/><E28/><V84/><F14/><W96/><AGARI ba="0,0" hai="57,58,59,81,82,85,86,87,90,92,96" m="12695" machi="96" ten="30,1500,0" yaku="8,1" doraHai="73" who="3" fromWho="3" sc="283,-5,169,-5,335,-5,213,15" /><INIT seed="3,1,0,4,5,131" ten="278,164,330,228" oya="3" hai0="20,91,47,127,72,104,33,43,8,99,128,105,51" hai1="75,61,41,96,83,18,73,45,68,109,118,49,48" hai2="130,42,1,107,27,116,86,58,88,97,53,81,12" hai3="134,82,3,13,15,59,65,0,110,52,2,121,66"/><W122/><G82/><T23/><D33/><U34/><E109/><V98/><F1/><W124/><G110/><T28/><D128/><U54/><E118/><V102/><F130/><W77/><G77/><T22/><D72/><U56/><E34/><V78/><F116/><W115/><G115/><T11/><D28/><U17/><E96/><V62/><F42/><W30/><G30/><T70/><D70/><U57/><E83/><V6/><F27/><W26/><G26/><T100/><D127/><U95/><E95/><N who="2" m="58687" /><F98/><W120/><G124/><T85/><D105/><U112/><E112/><V129/><F107/><W19/><G134/><T39/><D39/><U36/><E75/><V79/><F129/><W117/><G117/><T113/><D113/><U92/><E92/><V74/><F74/><W44/><G44/><T123/><D123/><U69/><E73/><V67/><F53/><W31/><G31/><T84/><D84/><U38/><E17/><V25/><F25/><W21/><REACH who="3" step="1"/><G15/><REACH who="3" ten="278,164,330,218" step="2"/><T63/><D47/><U101/><E18/><V5/><F12/><W4/><G4/><AGARI ba="1,1" hai="4,5,6,58,62,67,78,79,81,86,88" m="58687" machi="4" ten="30,2000,0" yaku="8,1,54,1" doraHai="131" who="2" fromWho="3" sc="278,0,164,0,330,33,218,-23" owari="278,8.0,164,-34.0,363,46.0,195,-20.0" /></mjloggm>