<mjloggm ver="2.3"><GO type="97" lobby="0"/><UN n0="%61%71%75%61%72%69%75%73" n1="%E5%A4%A9%E7%A5%9E%E4%B9%83%E9%9B%80" n2="%E5%B0%B1%E6%B4%BB%E7%94%9F%40%E5%B7%9D%E6%9D%91%E8%BB%8D%E5%9B%A3" n3="%E3%81%8B%E3%82%8B%E3%81%A6%E3%81%A3%E3%81%A8%E2%99%AA" dan="13,14,15,13" rate="2022.74,1936.36,1999.31,1813.24" sx="M,M,M,M"/><TAIKYOKU oya="0"/><INIT seed="0,0,0,1,0,34" ten="250,250,250,250" oya="0" hai0="26,48,13,63,41,87,122,28,55,39,37,98,23" hai1="126,35,53,38,68,74,8,99,115,129,90,9,101" hai2="102,104,65,82,97,17,86,84,127,44,43,56,59" hai3="131,46,132,80,45,114,49,88,58,81,66,40,85"/><T27/><D122/><U2/><E68/><V31/><F127/><W12/><G114/><T69/><D41/><U133/><E74/><V21/><F31/><W42/><G131/><T92/><D87/><U100/><E38/><V1/><F1/><W95/><G132/><T11/><D26/><U18/><E35/><V94/><F104/><W33/><G33/><T124/><D69/><U96/><E53/><V24/><F65/><W30/><G30/><T109/><D63/><U62/><E62/><V32/><F32/><W111/><G111/><T10/><D10/><U15/><E115/><V135/><F86/><W89/><G12/><T76/><D76/><U77/><E77/><V73/><F73/><W54/><G66/><T128/><D128/><U106/><E129/><V4/><F4/><W107/><G107/><T75/><D75/><U113/><E126/><V5/><F5/><W71/><G71/><T112/><D124/><U67/><E133/><V123/><F135/><W103/><G103/><N who="0" m="60871" /><D112/><U0/><E113/><V116/><F123/><W105/><G105/><T6/><D109/><U93/><E67/><V64/><F64/><W7/><G7/><T25/><D25/><U52/><E101/><V72/><F72/><W125/><G125/><T51/><D51/><U70/><E70/><V57/><F116/><W130/><G130/><T19/><D6/><U61/><REACH who="1" step="1"/><E9/><REACH who="1" ten="250,240,250,250" step="2"/><V110/><F110/><W121/><G121/><T29/><D39/><U134/><E134/><V14/><F43/><N who="3" m="16427" /><G89/><T117/><D37/><U36/><E36/><V120/><F120/><W47/><AGARI ba="0,1" hai="45,46,47,49,54,58,80,81,85,88,95" m="16427" machi="47" ten="30,4000,0" yaku="5,1,8,1,54,1" doraHai="34" who="3" fromWho="3" sc="250,-20,240,-10,250,-10,250,50" /><INIT seed="1,0,0,4,3,22" ten="230,230,240,300" oya="1" hai0="14,127,4,48,95,110,116,117,132,49,105,133,107" hai1="57,114,93,43,76,3,83,129,15,94,70,77,69" hai2="88,38,41,36,121,16,126,55,7,64,28,98,101" hai3="108,20,135,59,52,42,90,104,74,50,58,30,34"/><U53/><E114/><V75/><F75/><W96/><G108/><T19/><D4/><U2/><E129/><V128/><F121/><W125/><G34/><T21/><D127/><U91/><E43/><V99/><F128/><W39/><G74/><T86/><D110/><U80/><E15/><V66/><F126/><W84/><G125/><T9/><D107/><U92/><E91/><V11/><F28/><W109/><G109/><T79/><D105/><U51/><E70/><V60/><F55/><W37/><G135/><N who="0" m="51787" /><D9/><U89/><E89/><V26/><F41/><W23/><G42/><T27/><D14/><U87/><REACH who="1" step="1"/><E69/><REACH who="1" ten="230,220,240,300" step="2"/><V18/><F38/><W12/><G39/><T78/><D117/><U32/><E32/><V102/><F36/><W35/><G37/><T123/><D116/><U61/><E61/><V6/><F88/><W103/><G35/><T5/><D123/><U1/><E1/><V68/><F68/><W40/><G40/><T45/><D78/><U112/><E112/><V62/><F11/><W56/><G12/><T24/><D79/><U10/><E10/><V131/><F131/><W8/><G8/><T71/><D71/><U13/><E13/><V100/><F100/><W65/><G20/><T82/><D21/><U47/><E47/><V29/><F29/><W119/><G119/><T118/><D45/><U0/><E0/><V113/><F113/><W73/><G23/><T44/><D118/><U33/><E33/><V97/><F97/><W124/><G30/><T120/><D44/><U31/><E31/><V130/><F130/><W106/><G124/><RYUUKYOKU ba="0,1" sc="230,-15,220,15,240,15,300,-15" hai1="2,3,51,53,57,76,77,80,83,87,92,93,94" hai2="6,7,16,18,26,60,62,64,66,98,99,101,102" /><INIT seed="1,1,1,1,4,13" ten="215,235,255,285" oya="1" hai0="28,85,94,77,37,103,71,132,43,80,24,30,120" hai1="25,70,4,112,119,101,7,64,6,11,56,18,93" hai2="21,23,100,107,135,73,14,117,128,89,16,3,127" hai3="15,99,65,115,57,102,74,41,87,19,72,38,61"/><U110/><E119/><V106/><F3/><W10/><G115/><T12/><D71/><U48/><E112/><V109/><F117/><W5/><G87/><T84/><D37/><U36/><E36/><V92/><F73/><W134/><G134/><T66/><D43/><U47/><E110/><V35/><F35/><W114/><G114/><T32/><D66/><U81/><E81/><V104/><F135/><W123/><G123/><T130/><D132/><U60/><E70/><V54/><F109/><W97/><G97/><T59/><D59/><U129/><E129/><V95/><F128/><W58/><G58/><T50/><D50/><U26/><E93/><V27/><F127/><W55/><G65/><T22/><D130/><U111/><E101/><V67/><F67/><W82/><G82/><T98/><D120/><U126/><E126/><V79/><F79/><W108/><G108/><T131/><D131/><U90/><E90/><V8/><F54/><W78/><G78/><T69/><D69/><U53/><REACH who="1" step="1"/><E111/><REACH who="1" ten="215,225,255,285" step="2"/><V83/><F83/><W68/><G68/><T91/><D80/><U121/><E121/><V116/><F116/><W29/><G38/><T40/><D103/><U76/><E76/><V34/><F100/><W1/><G102/><T45/><D77/><U118/><E118/><V125/><F125/><W39/><G39/><N who="0" m="21663" /><D98/><U86/><E86/><N who="2" m="52279" /><F95/><W122/><G74/><T52/><D84/><U2/><E2/><V42/><F107/><W133/><G72/><T46/><D85/><U113/><E113/><V88/><F106/><W0/><G133/><T96/><D96/><RYUUKYOKU ba="1,2" sc="215,-10,225,30,255,-10,285,-10" hai1="4,6,7,11,18,25,26,47,48,53,56,60,64" /><INIT seed="1,2,2,0,4,84" ten="205,255,245,275" oya="1" hai0="4,82,62,88,95,134,44,121,2,85,126,119,90" hai1="49,103,0,76,8,128,98,51,15,135,46,19,36" hai2="94,58,78,16,124,18,89,113,71,12,38,65,75" hai3="105,14,116,131,60,68,132,120,37,129,83,74,100"/><U43/><E135/><V48/><F38/><W35/><RYUUKYOKU type="yao9" ba="2,2" sc="205,0,255,0,245,0,275,0" hai3="14,35,37,60,68,74,83,100,105,116,120,129,131,132" /><INIT seed="1,3,2,0,5,121" ten="205,255,245,275" oya="1" hai0="35,26,30,60,111,62,66,41,74,45,70,90,69" hai1="37,15,127,0,78,85,89,124,120,134,21,20,18" hai2="3,52,34,25,117,24,109,10,119,116,71,112,81" hai3="91,110,14,123,105,72,131,9,4,2,40,83,126"/><U57/><E120/><V98/><F71/><W48/><G123/><T108/><D74/><U113/><E37/><V56/><F112/><W125/><G105/><T43/><D90/><U135/><E0/><V87/><F109/><N who="0" m="42058" /><D45/><U67/><E78/><V95/><F3/><W106/><G110/><T22/><D22/><U68/><E68/><N who="0" m="26217" /><D66/><U130/><E113/><V92/><F10/><W58/><G106/><T64/><D64/><U38/><E38/><V51/><F34/><W88/><G131/><T50/><D50/><U28/><E57/><V44/><F44/><N who="3" m="25607" /><G58/><T32/><D32/><U103/><E67/><V82/><F95/><W59/><G59/><T122/><D122/><U39/><E39/><V29/><F29/><W100/><G100/><T73/><D73/><U77/><E103/><V61/><F51/><W75/><G75/><T93/><D93/><N who="1" m="54447" /><E77/><V11/><F82/><W7/><G72/><T19/><D19/><N who="1" m="10367" /><E28/><V99/><F92/><W16/><G16/><T23/><D35/><U102/><E102/><V65/><F65/><W115/><G115/><T86/><D86/><U6/><E6/><V132/><F99/><W5/><G4/><T97/><D97/><U133/><E130/><V129/><F98/><W80/><G5/><T84/><D84/><U118/><E118/><V128/><F129/><W53/><G2/><T114/><D114/><U54/><E54/><V49/><F128/><W31/><G53/><T76/><D76/><U12/><AGARI ba="3,2" hai="12,18,21,124,127,133,134,135" m="10367,54447" machi="12" ten="40,2100,0" yaku="20,1" doraHai="121" who="1" fromWho="1" sc="205,-10,255,50,245,-10,275,-10" /><INIT seed="1,4,0,0,2,64" ten="195,305,235,265" oya="1" hai0="102,49,127,29,122,121,133,8,123,84,88,37,83" hai1="92,106,0,33,110,6,19,101,62,15,39,56,112" hai2="51,30,95,72,82,7,55,97,45,16,23,118,20" hai3="25,119,114,74,26,52,24,46,93,32,79,86,80"/><U69/><E39/><V70/><F118/><W76/><G114/><T131/><D37/><U35/><E112/><V41/><F7/><W99/><G119/><T38/><D38/><U107/><E92/><V27/><F70/><W2/><G2/><T87/><D29/><U75/><E75/><V109/><F109/><W89/><G32/><T48/><D102/><U59/><E6/><V90/><F72/><W61/><G74/><T18/><D131/><U10/><E0/><V44/><F82/><W28/><G28/><T135/><D87/><U71/><E59/><V3/><F3/><W1/><G1/><T13/><REACH who="0" step="1"/><D127/><REACH who="0" ten="185,305,235,265" step="2"/><U42/><E101/><V134/><F134/><AGARI ba="4,1" hai="8,13,18,48,49,83,84,88,121,122,123,133,134,135" machi="134" ten="50,8000,1" yaku="1,1,2,1,13,1,20,1,54,1,53,0" doraHai="64" doraHaiUra="21" who="0" fromWho="2" sc="185,102,305,0,235,-92,265,0" /><INIT seed="2,0,0,5,5,95" ten="287,305,143,265" oya="2" hai0="103,76,3,56,67,124,49,105,122,81,20,47,10" hai1="75,54,70,133,96,19,4,34,15,94,42,8,127" hai2="120,87,83,110,113,119,2,71,36,97,13,126,22" hai3="24,5,72,100,14,77,102,12,104,85,131,23,63"/><V114/><F2/><W16/><G72/><T43/><D124/><U68/><E127/><V55/><F126/><W59/><G131/><T132/><D132/><U74/><E34/><V98/><F71/><W90/><G77/><T92/><D105/><U69/><E133/><V86/><F36/><W111/><G111/><T82/><D3/><U112/><E112/><V11/><F119/><W7/><G104/><T117/><D122/><U121/><E121/><V25/><F120/><W65/><G102/><T89/><D103/><U108/><E108/><V64/><F110/><W9/><G100/><T128/><D128/><U134/><E134/><V26/><F113/><W46/><G46/><T106/><D106/><U38/><E54/><V58/><F64/><W61/><G61/><N who="0" m="38311" /><D76/><U84/><E84/><N who="2" m="32299" /><F83/><N who="3" m="49471" /><G12/><T51/><D51/><U129/><E129/><V33/><F33/><W57/><G57/><T109/><D109/><U66/><E66/><V52/><F114/><W29/><AGARI ba="0,0" hai="5,7,9,14,16,23,24,29,59,63,65" m="49471" machi="29" ten="30,2000,0" yaku="8,1,54,1" doraHai="95" who="3" fromWho="3" sc="287,-5,305,-5,143,-10,265,20" /><INIT seed="3,0,0,1,3,124" ten="282,300,133,285" oya="3" hai0="30,70,116,115,23,74,48,128,17,3,119,120,67" hai1="133,15,93,34,55,38,96,24,88,117,18,22,35" hai2="78,132,5,81,37,108,69,71,101,82,39,134,44" hai3="91,75,89,16,53,83,72,1,99,49,109,25,33"/><W84/><G1/><T129/><D74/><U10/><E117/><V87/><F5/><W4/><G4/><T107/><D3/><U104/><E38/><N who="2" m="14347" /><F101/><W121/><G121/><T8/><D107/><U80/><E133/><N who="2" m="51307" /><F44/><N who="3" m="27815" /><G33/><T29/><D48/><U11/><E11/><V61/><F108/><W77/><G72/><T6/><D67/><U112/><E112/><V97/><F97/><W47/><G75/><T127/><D70/><N who="2" m="26634" /><F61/><W68/><G68/><T118/><D115/><U86/><E104/><V63/><F63/><W100/><G109/><T54/><D119/><U64/><E35/><V126/><F126/><W42/><G100/><T90/><D127/><U131/><E34/><V95/><F78/><W50/><G99/><T122/><D6/><U98/><E98/><V111/><F111/><W92/><G92/><T43/><D8/><U41/><E93/><V110/><F110/><W36/><G36/><T27/><D90/><U123/><E96/><V76/><F76/><W56/><G56/><T19/><D27/><U12/><E24/><V45/><F45/><W114/><G114/><T62/><D62/><U13/><E10/><V125/><F125/><W103/><G103/><T106/><D106/><U113/><E113/><V32/><F32/><W59/><G59/><T52/><D23/><AGARI ba="0,0" hai="16,23,25,42,47,50,77,83,84,89,91" m="27815" machi="23" ten="30,2900,0" yaku="8,1,54,1" doraHai="124" who="3" fromWho="0" sc="282,-29,300,0,133,0,285,29" owari="253,-15.0,300,10.0,133,-37.0,314,42.0" /></mjloggm>