<mjloggm ver="2.3"><GO type="169" lobby="0"/><UN n0="%E3%82%A6%E3%83%AB%E3%83%88%E3%83%A9%E7%AB%8B%E7%9B%B4" n1="%E5%AE%AE%E9%96%93%E5%A4%95%E8%8F%9C" n2="%E3%83%A1%E3%83%AB%E3%82%AF" n3="%E3%83%8A%E3%82%AC%E3%83%A4%E3%83%9E" dan="17,16,16,16" rate="2150.40,2118.84,2071.78,2069.37" sx="M,F,M,M"/><TAIKYOKU oya="0"/><INIT seed="0,0,0,4,5,50" ten="250,250,250,250" oya="0" hai0="120,86,111,32,132,94,21,98,114,1,75,77,8" hai1="19,16,11,60,116,37,106,85,101,95,42,27,4" hai2="55,129,41,29,113,71,30,24,36,49,9,121,118" hai3="119,2,38,80,45,70,18,112,69,64,23,61,43"/><T124/><D120/><U5/><E116/><V108/><F121/><W92/><G119/><T33/><D114/><U102/><E106/><V74/><F71/><W83/><G2/><T91/><D124/><U76/><E42/><V104/><F104/><W103/><G70/><T63/><D132/><U35/><E37/><V25/><F74/><W65/><G65/><T47/><D111/><U6/><E35/><V48/><F108/><W97/><REACH who="3" step="1"/><G112/><REACH who="3" ten="250,250,250,240" step="2"/><T133/><D1/><U105/><E105/><V100/><F118/><W66/><G66/><T68/><D68/><U0/><E0/><V135/><F113/><W44/><G44/><T84/><D47/><U59/><E59/><V78/><F135/><W53/><G53/><T40/><D40/><U39/><E60/><V46/><F129/><W90/><G90/><T99/><D63/><U96/><E101/><V127/><F127/><W125/><G125/><T12/><D91/><U34/><E102/><V13/><F100/><W54/><G54/><T130/><D133/><U122/><E76/><V89/><F78/><W57/><G57/><T79/><D77/><U51/><E122/><V14/><F89/><W81/><G81/><T123/><D79/><U72/><E72/><V110/><F110/><W58/><G58/><T56/><D75/><U82/><E82/><V67/><F67/><W87/><G87/><T109/><D86/><U52/><E85/><V22/><F55/><W31/><G31/><T28/><D84/><U20/><E52/><V126/><F126/><W134/><G134/><T93/><D28/><U88/><E88/><RYUUKYOKU ba="0,1" sc="250,-10,250,-10,250,-10,240,30" hai3="18,23,38,43,45,61,64,69,80,83,92,97,103" /><INIT seed="1,1,1,0,0,123" ten="240,240,240,270" oya="1" hai0="16,8,128,18,89,33,13,74,101,130,70,96,61" hai1="41,49,109,124,56,100,28,47,108,45,42,46,6" hai2="5,103,2,3,90,125,88,94,30,134,64,81,63" hai3="72,11,82,0,111,14,57,65,107,113,36,87,86"/><U110/><E124/><V135/><F125/><W67/><G0/><T93/><D74/><U37/><E6/><V35/><F103/><W92/><G107/><T24/><D89/><U19/><E28/><V78/><F30/><W80/><G36/><T62/><D33/><U58/><E100/><V120/><F35/><W115/><G72/><T114/><D114/><U39/><E19/><V9/><F120/><W75/><G75/><T32/><D32/><U50/><E49/><V117/><F117/><W12/><G92/><T52/><D70/><U118/><E118/><V77/><F3/><W60/><G11/><T85/><D85/><U106/><E106/><V104/><F104/><W29/><G29/><T38/><D38/><U84/><E84/><N who="2" m="48183" /><F94/><W126/><G126/><T31/><D31/><U59/><E58/><N who="2" m="36983" /><F77/><W97/><G97/><T21/><REACH who="0" step="1"/><D52/><AGARI ba="1,1" hai="37,39,41,42,45,46,47,50,52,56,59,108,109,110" machi="52" ten="40,24000,3" yaku="9,1,14,1,10,1,34,3,52,3,54,1" doraHai="123" who="1" fromWho="0" sc="240,-243,240,253,240,0,270,0" owari="-3,-50.0,493,59.0,240,-16.0,270,7.0" /></mjloggm>