<mjloggm ver="2.3"><GO type="169" lobby="0"/><UN n0="%E5%B0%B1%E6%B4%BB%E7%94%9F%40%E5%B7%9D%E6%9D%91%E8%BB%8D%E5%9B%A3" n1="%7A%65%72%6F%52%58" n2="%E9%96%8B%E9%81%8B%E5%BE%A1%E5%AE%88" n3="%E4%B8%A6%E3%81%BF%E3%81%AE%E7%AB%9C" dan="16,18,17,16" rate="2091.15,2198.20,2183.17,2065.19" sx="M,M,M,M"/><TAIKYOKU oya="0"/><INIT seed="0,0,0,0,1,55" ten="250,250,250,250" oya="0" hai0="12,78,14,10,47,133,71,64,72,107,28,120,24" hai1="117,13,54,115,104,6,25,51,114,132,36,26,88" hai2="40,23,134,41,91,53,43,105,7,50,61,77,63" hai3="29,38,32,1,123,81,75,4,70,60,111,22,15"/><T80/><D120/><U92/><E36/><V76/><F105/><W113/><G111/><T97/><D133/><U68/><E68/><V84/><F7/><W122/><G113/><N who="1" m="43018" /><E104/><V73/><F73/><W79/><G22/><T101/><D47/><U45/><E132/><V46/><F23/><W65/><G15/><T19/><D14/><U131/><E131/><V83/><REACH who="2" step="1"/><F134/><REACH who="2" ten="250,250,240,250" step="2"/><W69/><G4/><T74/><D74/><U3/><E117/><V57/><F57/><W0/><G70/><T94/><D107/><U11/><E3/><V116/><F116/><W49/><G1/><T59/><D71/><U67/><E67/><V58/><F58/><W34/><G0/><T135/><D135/><U96/><AGARI ba="0,1" hai="6,11,13,25,26,45,51,54,88,92,96" m="43018" machi="96" ten="30,2000,0" yaku="11,1,54,1" doraHai="55" who="1" fromWho="1" sc="250,-10,250,30,240,-5,250,-5" /><INIT seed="1,0,0,4,3,90" ten="240,280,235,245" oya="1" hai0="16,130,118,6,101,7,19,95,61,92,84,51,55" hai1="122,42,13,99,102,62,135,81,97,4,11,26,38" hai2="66,89,87,85,82,98,56,120,114,100,18,39,108" hai3="126,79,24,14,65,112,57,110,21,91,2,20,75"/><U54/><E122/><V115/><F120/><W17/><G110/><T27/><D118/><U109/><E109/><V111/><F39/><W32/><G112/><N who="2" m="43049" /><F18/><N who="0" m="6698" /><D130/><U77/><E135/><V41/><F41/><W33/><G2/><T47/><D27/><U40/><E38/><V63/><F87/><W123/><G123/><T43/><D84/><N who="1" m="48175" /><E26/><V134/><F134/><W106/><G106/><AGARI ba="0,0" hai="56,63,66,82,85,89,98,100,106,108,111" m="43049" machi="106" ten="30,1000,0" yaku="11,1" doraHai="90" who="2" fromWho="3" sc="240,0,280,0,235,10,245,-10" /><INIT seed="2,0,0,3,5,84" ten="240,280,245,235" oya="2" hai0="12,128,65,34,13,39,66,3,62,67,109,14,94" hai1="130,59,18,38,79,114,48,50,30,19,106,74,78" hai2="101,127,121,134,51,41,49,107,6,37,132,89,91" hai3="4,16,80,97,33,131,85,103,124,111,29,15,10"/><V53/><F121/><W23/><G111/><T119/><D3/><U81/><E38/><V133/><F6/><W117/><G131/><T68/><D128/><U76/><E106/><V135/><F135/><W11/><G124/><T55/><D119/><U118/><E114/><V126/><F37/><W52/><G117/><T112/><D112/><U93/><E130/><V105/><F41/><W1/><G11/><T123/><D39/><U42/><E74/><V32/><F32/><W35/><G29/><T5/><D34/><U25/><E81/><V120/><F120/><W27/><G1/><T61/><D123/><U44/><E118/><V21/><F21/><W113/><G113/><T20/><D109/><U86/><E59/><N who="2" m="33199" /><F51/><W102/><G102/><T36/><D36/><U88/><REACH who="1" step="1"/><E50/><REACH who="1" ten="240,270,245,235" step="2"/><V47/><F47/><W110/><G110/><T22/><D68/><U57/><E57/><V98/><F107/><W64/><G64/><T70/><D70/><U28/><E28/><V83/><F83/><W92/><REACH who="3" step="1"/><G52/><REACH who="3" ten="240,270,245,225" step="2"/><T73/><D55/><U104/><E104/><V45/><F45/><W122/><G122/><T26/><D65/><U24/><E24/><V0/><F0/><W40/><G40/><T108/><D26/><U56/><E56/><V71/><F71/><W72/><G72/><T90/><D73/><U31/><E31/><V63/><F63/><W46/><G46/><T43/><D67/><U87/><E87/><V125/><AGARI ba="0,2" hai="89,91,98,101,105,125,126,127,132,133,134" m="33199" machi="125" ten="40,12000,1" yaku="18,1,20,1,52,2" doraHai="84" who="2" fromWho="2" sc="240,-40,270,-40,245,140,225,-40" /><INIT seed="2,1,0,2,3,49" ten="200,230,385,185" oya="2" hai0="112,74,1,79,44,46,23,101,106,125,114,51,65" hai1="63,0,66,61,134,20,59,116,70,24,47,82,19" hai2="34,118,33,56,30,124,133,131,36,123,35,12,54" hai3="80,25,10,26,81,53,57,41,72,40,128,83,103"/><V105/><F123/><W8/><G72/><T91/><D1/><U122/><E116/><V16/><F118/><W50/><G103/><T69/><D125/><U126/><E0/><V108/><F36/><W15/><G128/><T109/><D109/><U102/><E126/><V96/><F124/><W89/><G89/><T58/><D69/><U27/><E134/><V62/><F131/><W42/><REACH who="3" step="1"/><G8/><REACH who="3" ten="200,230,385,175" step="2"/><T21/><D101/><U120/><E102/><V60/><F133/><W88/><G88/><T129/><D91/><U22/><E120/><V45/><F108/><W104/><G104/><T77/><D106/><U11/><E11/><V32/><F105/><W31/><G31/><T4/><D74/><U135/><E122/><V55/><F96/><W18/><AGARI ba="1,1" hai="10,15,18,25,26,40,41,42,50,53,57,80,81,83" machi="18" ten="30,7900,0" yaku="1,1,0,1,8,1,52,1,53,0" doraHai="49" doraHaiUra="121" who="3" fromWho="3" sc="200,-21,230,-21,385,-40,175,92" /><INIT seed="3,0,0,4,3,128" ten="179,209,345,267" oya="3" hai0="38,60,49,109,124,80,110,66,130,118,23,116,126" hai1="51,22,84,119,41,33,129,57,115,17,94,121,71" hai2="106,37,77,61,36,101,55,102,43,63,46,27,127" hai3="58,73,89,25,87,70,96,1,103,120,20,132,83"/><W15/><G70/><N who="0" m="42311" /><D23/><U4/><E121/><V30/><F127/><N who="0" m="48682" /><D80/><U29/><E71/><V8/><F37/><W104/><G1/><T62/><D130/><U113/><E119/><N who="0" m="45609" /><D38/><U133/><E129/><V99/><F101/><W114/><G73/><T91/><D91/><U5/><E33/><V14/><F77/><W90/><G15/><T78/><D78/><U9/><E94/><V19/><F27/><W54/><G120/><T117/><N who="0" m="45617" /><T50/><DORA hai="13" /><D62/><U88/><E88/><V11/><F11/><W123/><G123/><T81/><D81/><U26/><E9/><V135/><F30/><W64/><G90/><T125/><D125/><U75/><E84/><V122/><F122/><W79/><G89/><T31/><D31/><U7/><E29/><V108/><F63/><N who="3" m="38007" /><G20/><T65/><D65/><U53/><E75/><V45/><F14/><W24/><G25/><T32/><D32/><U18/><E18/><V131/><F8/><W98/><G24/><T35/><D35/><U42/><E113/><V56/><F131/><W34/><G34/><T69/><D69/><U3/><E115/><V86/><F86/><W112/><G112/><T2/><D2/><U10/><E3/><V92/><F102/><W47/><G114/><T16/><D16/><U68/><E68/><V93/><F93/><W67/><G67/><T0/><D0/><U21/><E21/><V72/><F92/><W48/><G96/><T44/><D44/><U76/><E76/><V74/><F99/><W134/><G98/><T52/><D52/><U6/><N who="1" m="1024" /><DORA hai="39" /><U12/><E10/><RYUUKYOKU ba="0,0" sc="179,15,209,-15,345,-15,267,15" hai0="49,50,109,110" hai3="47,48,54,79,83,87,103,104,132,134" /><INIT seed="3,1,0,1,4,58" ten="194,194,330,282" oya="3" hai0="73,29,96,129,122,86,60,121,105,67,80,15,28" hai1="44,64,16,52,117,22,98,17,21,78,26,68,72" hai2="82,40,25,115,24,133,27,131,71,132,106,65,111" hai3="92,4,62,50,104,30,32,48,87,116,34,93,75"/><W99/><G116/><T108/><D73/><U36/><E117/><V74/><F115/><W39/><G75/><T12/><D129/><U90/><E72/><V45/><F106/><W53/><G39/><T13/><D108/><U114/><E78/><N who="2" m="44375" /><F111/><W120/><G120/><T89/><D121/><U7/><E7/><V125/><F131/><W101/><G32/><T0/><D0/><U55/><E114/><V49/><F125/><W23/><G34/><T85/><D122/><U59/><E68/><V88/><F88/><N who="3" m="53279" /><G104/><T6/><D6/><U63/><E36/><V37/><F65/><W134/><G4/><T76/><D96/><U3/><E3/><V38/><F71/><W130/><G134/><AGARI ba="1,0" hai="24,25,27,37,38,40,45,49,132,133,134" m="44375" machi="134" ten="30,1000,0" yaku="20,1" doraHai="58" who="2" fromWho="3" sc="194,0,194,0,330,13,282,-13" /><INIT seed="4,0,0,4,4,63" ten="194,194,343,269" oya="0" hai0="61,54,134,49,133,109,78,11,17,33,104,35,16" hai1="64,8,85,59,56,89,47,31,6,37,68,25,19" hai2="128,26,107,120,70,76,40,119,5,52,112,18,41" hai3="121,74,12,114,58,106,92,124,99,73,77,96,105"/><T3/><D104/><N who="3" m="40041" /><G58/><T129/><D78/><U23/><E37/><V84/><F70/><W102/><G12/><N who="0" m="7199" /><D61/><U21/><E47/><V69/><F69/><W2/><G2/><T32/><D109/><U98/><E98/><V115/><F5/><W22/><G22/><T88/><D129/><U45/><E45/><V117/><F107/><N who="3" m="63943" /><G114/><T118/><D118/><U135/><E135/><N who="0" m="51721" /><D3/><U28/><E68/><V13/><F115/><W66/><G66/><T42/><D42/><U20/><E64/><V95/><F41/><W100/><G124/><T36/><D36/><U80/><E28/><V67/><F40/><W38/><G38/><T60/><D60/><U27/><REACH who="1" step="1"/><E21/><REACH who="1" ten="194,184,343,269" step="2"/><V122/><F112/><W127/><G127/><T4/><D35/><U34/><E34/><V82/><F67/><W9/><G9/><T50/><D33/><U48/><E48/><V24/><F119/><W83/><G121/><T113/><D32/><U30/><E30/><V53/><F117/><W10/><G10/><T15/><D50/><U123/><E123/><V55/><F122/><W110/><G110/><T71/><D71/><U0/><AGARI ba="0,1" hai="0,6,8,19,20,23,25,27,31,56,59,80,85,89" machi="0" ten="20,2700,0" yaku="1,1,0,1,7,1,53,0" doraHai="63" doraHaiUra="131" who="1" fromWho="1" sc="194,-13,184,37,343,-7,269,-7" /><INIT seed="5,0,0,5,2,89" ten="181,221,336,262" oya="1" hai0="123,135,51,118,21,33,130,115,105,74,112,110,98" hai1="48,78,15,13,54,70,109,97,24,81,117,8,69" hai2="2,31,121,36,58,19,46,16,103,43,34,88,95" hai3="3,49,20,119,10,72,32,108,125,1,38,60,99"/><U4/><E117/><V129/><F121/><W18/><G108/><T93/><D21/><U94/><E109/><V83/><F2/><W84/><G38/><T41/><D51/><U35/><E15/><V82/><F103/><W114/><G72/><T106/><D41/><U11/><E11/><V132/><F132/><W44/><G114/><T71/><D98/><U63/><E63/><V62/><F129/><W116/><G32/><T45/><D45/><U102/><E24/><V27/><F83/><W9/><G125/><T87/><D87/><U40/><E40/><V50/><F82/><W79/><G60/><T104/><D104/><U133/><E35/><V101/><F101/><W100/><G84/><T6/><D6/><U107/><E107/><V65/><F36/><W66/><G66/><T124/><D93/><U47/><REACH who="1" step="1"/><E133/><REACH who="1" ten="181,211,336,262" step="2"/><V61/><F62/><W91/><G10/><T42/><D42/><U90/><E90/><V26/><F26/><W134/><G91/><T39/><D106/><U37/><E37/><V76/><F76/><W5/><G79/><T67/><D67/><U68/><E68/><V17/><F17/><W53/><G134/><T30/><D30/><U52/><E52/><V55/><F43/><W92/><G1/><AGARI ba="0,1" hai="1,33,39,71,74,105,110,112,115,118,123,124,130,135" machi="1" ten="0,32000,5" yakuman="47" doraHai="89" who="0" fromWho="3" sc="181,330,211,0,336,0,262,-320" owari="511,61.0,211,-19.0,336,14.0,-58,-56.0" /></mjloggm>