<mjloggm ver="2.3"><GO type="97" lobby="0"/><UN n0="%E3%82%8A%E3%81%9D%E3%81%86%E3%81%A2%E3%82%83%E3%82%93%E3%81%97%E2%99%AA" n1="%E5%B0%B1%E6%B4%BB%E7%94%9F%40%E5%B7%9D%E6%9D%91%E8%BB%8D%E5%9B%A3" n2="%68%69%67%65%33%30" n3="%70%6F%67%69%72%6F" dan="15,15,13,14" rate="2021.21,2085.70,1843.14,1895.21" sx="M,M,M,M"/><TAIKYOKU oya="0"/><INIT seed="0,0,0,5,3,70" ten="250,250,250,250" oya="0" hai0="35,7,106,72,112,132,77,38,86,49,46,89,73" hai1="74,97,109,8,76,9,67,50,82,123,87,18,29" hai2="104,27,4,125,117,135,53,84,20,119,95,65,23" hai3="37,41,51,48,98,81,80,115,32,90,107,101,34"/><T69/><D112/><U113/><E123/><V0/><F104/><W130/><G115/><T63/><D132/><U14/><E113/><V96/><F65/><W131/><G80/><T54/><D35/><U24/><E109/><V10/><F84/><N who="3" m="50447" /><G51/><T11/><D106/><U56/><E97/><V68/><F68/><W30/><G48/><T47/><D77/><U42/><E74/><V134/><F53/><W15/><G15/><T61/><D69/><U31/><E9/><V79/><F79/><W100/><G30/><T78/><D78/><U26/><E67/><V19/><F125/><W124/><G100/><T110/><D110/><U16/><E18/><V40/><F40/><W3/><G3/><T83/><D72/><U114/><E114/><V25/><F96/><W58/><G58/><T120/><D73/><U44/><REACH who="1" step="1"/><E56/><REACH who="1" ten="250,240,250,250" step="2"/><V127/><F127/><W102/><G124/><T129/><D120/><U128/><E128/><N who="3" m="49194" /><G102/><T1/><REACH who="0" step="1"/><D129/><REACH who="0" ten="240,240,250,250" step="2"/><U103/><E103/><V111/><F135/><W21/><G34/><T66/><D66/><U71/><E71/><V94/><F134/><W22/><G32/><T93/><D93/><U118/><E118/><N who="2" m="45067" /><F111/><W116/><G116/><T55/><D55/><U45/><E45/><AGARI ba="0,2" hai="21,22,37,41,45,98,101,107" m="49194,50447" machi="45" ten="30,2000,0" yaku="19,1,52,1" doraHai="70" who="3" fromWho="1" sc="240,0,240,-20,250,0,250,40" /><INIT seed="1,0,0,4,1,107" ten="240,220,250,290" oya="1" hai0="110,89,27,44,86,73,39,134,30,61,1,114,25" hai1="35,127,118,84,100,15,106,131,14,70,129,60,2" hai2="4,50,56,119,109,122,41,69,135,126,37,88,102" hai3="55,125,38,133,116,104,6,64,45,58,113,48,72"/><U93/><E2/><V65/><F4/><W46/><G113/><T87/><D114/><U124/><E118/><V62/><F119/><W81/><G104/><T98/><D134/><U80/><E35/><V120/><F102/><W130/><G116/><T77/><D110/><U76/><E106/><V12/><F135/><W57/><G6/><T8/><D61/><U5/><E70/><V83/><F109/><W99/><G133/><T91/><D98/><N who="1" m="59471" /><E60/><V13/><F37/><W82/><G99/><T18/><D39/><U90/><E5/><V40/><F126/><N who="1" m="48169" /><E15/><V43/><F69/><W115/><G115/><T79/><D44/><U123/><E14/><V29/><F29/><W103/><G103/><T92/><D73/><N who="1" m="43023" /><E123/><V19/><F12/><W34/><G34/><T52/><D18/><U63/><E63/><V22/><F50/><W10/><G125/><T74/><D74/><U17/><E17/><V94/><F83/><AGARI ba="0,0" hai="83,84,90,129,131" m="43023,48169,59471" machi="83" ten="30,11600,0" yaku="18,1,34,2,52,1" doraHai="107" who="1" fromWho="2" sc="240,0,220,116,250,-116,290,0" /><INIT seed="1,1,0,5,3,69" ten="240,336,134,290" oya="1" hai0="123,5,54,115,51,125,23,50,77,6,84,21,78" hai1="94,116,63,12,98,49,85,14,119,28,34,120,128" hai2="114,64,73,29,13,47,112,62,10,35,20,26,131" hai3="96,58,15,103,74,16,40,91,43,76,19,8,118"/><U48/><E120/><V82/><F73/><W55/><G118/><T42/><D123/><U53/><E128/><V68/><F35/><W111/><G111/><T83/><D125/><U41/><E34/><V24/><F24/><W46/><G74/><T38/><D115/><N who="2" m="44074" /><F82/><W11/><G76/><T95/><D95/><U1/><E1/><V107/><F107/><W109/><G109/><T81/><D42/><U110/><E110/><V36/><F131/><W108/><G108/><T132/><D84/><U57/><E28/><V67/><F67/><W39/><G91/><T106/><D54/><U117/><E85/><V113/><F47/><W92/><G43/><T4/><D106/><U44/><REACH who="1" step="1"/><E49/><REACH who="1" ten="240,326,134,290" step="2"/><V70/><F113/><W56/><G19/><T65/><D132/><U37/><E37/><V127/><F127/><W101/><G11/><T100/><D38/><U89/><AGARI ba="1,1" hai="12,14,41,44,48,53,57,63,89,94,98,116,117,119" machi="89" ten="30,3000,0" yaku="1,1,0,1,53,0" doraHai="69" doraHaiUra="104" who="1" fromWho="1" sc="240,-11,326,43,134,-11,290,-11" /><INIT seed="1,2,0,2,2,24" ten="229,369,123,279" oya="1" hai0="54,72,45,131,132,97,99,93,32,30,75,48,56" hai1="15,108,69,4,60,82,63,14,135,28,133,110,58" hai2="88,31,53,84,129,85,20,34,90,127,64,100,116" hai3="71,1,6,40,94,66,0,3,130,98,13,78,8"/><U27/><E82/><V12/><F116/><W5/><G130/><T7/><D132/><N who="1" m="50763" /><E69/><V111/><F100/><W95/><G71/><T92/><D131/><U51/><E51/><V62/><F34/><W76/><G66/><T59/><D7/><N who="3" m="2569" /><G40/><T77/><D77/><N who="3" m="29801" /><G13/><N who="1" m="4618" /><E4/><V17/><F129/><W120/><G8/><T126/><D126/><U38/><E38/><V49/><F111/><N who="1" m="42537" /><E58/><N who="2" m="36951" /><F127/><W107/><G98/><T115/><D115/><U89/><E89/><N who="2" m="34411" /><F84/><W43/><G43/><T67/><D75/><U39/><E39/><V101/><F101/><W18/><G107/><T65/><D72/><U61/><E61/><V2/><F2/><W104/><G104/><T33/><D48/><U37/><E37/><V68/><F68/><W117/><G117/><T55/><REACH who="0" step="1"/><D45/><REACH who="0" ten="219,369,123,279" step="2"/><U105/><E105/><V79/><F79/><W23/><G23/><AGARI ba="2,1" hai="23,27,28,60,63" m="42537,4618,50763" machi="23" ten="30,11600,0" yaku="20,1,14,1,10,1,52,1" doraHai="24" who="1" fromWho="3" sc="219,0,369,132,123,0,279,-122" /><INIT seed="1,3,0,2,0,98" ten="219,501,123,157" oya="1" hai0="99,95,114,124,30,53,42,112,27,75,56,63,29" hai1="40,94,74,41,110,109,28,86,127,77,118,73,33" hai2="129,67,58,46,105,100,84,38,54,83,1,76,65" hai3="14,134,24,108,19,85,10,97,126,78,32,36,125"/><U128/><E118/><V50/><F1/><W6/><G36/><T96/><D124/><U5/><E5/><V43/><F129/><W101/><G78/><T113/><D75/><U12/><E127/><N who="3" m="48650" /><G85/><T45/><D27/><U70/><E128/><V119/><F119/><W52/><G108/><N who="1" m="41578" /><E70/><V9/><F9/><W123/><G123/><T16/><D16/><U115/><E115/><V117/><F117/><W131/><G131/><T4/><D4/><U103/><E12/><V2/><F2/><W121/><G121/><T22/><D22/><U72/><E28/><V47/><F47/><W89/><G89/><T122/><D122/><U62/><E62/><V49/><F38/><W135/><G32/><T51/><REACH who="0" step="1"/><D99/><REACH who="0" ten="209,501,123,157" step="2"/><N who="1" m="59895" /><E33/><V82/><F105/><N who="3" m="63663" /><G24/><T81/><D81/><AGARI ba="3,1" hai="40,41,72,73,74,77,81,86" m="59895,41578" machi="81" ten="40,7700,0" yaku="14,1,10,1,52,1" doraHai="98" who="1" fromWho="0" sc="209,-86,501,96,123,0,157,0" /><INIT seed="1,4,0,2,5,87" ten="123,597,123,157" oya="1" hai0="62,31,73,128,82,49,60,21,23,74,103,86,16" hai1="89,45,108,70,115,22,100,61,36,56,11,90,85" hai2="19,32,135,67,66,52,105,91,63,76,27,79,14" hai3="126,72,26,114,121,99,0,41,101,119,113,55,64"/><U133/><E115/><V123/><F105/><W53/><G121/><T43/><D128/><U13/><E70/><V1/><F123/><W42/><G119/><T97/><D74/><U77/><E133/><V122/><F1/><W124/><G72/><T7/><D7/><U81/><E108/><V92/><F122/><W134/><G0/><T132/><D73/><U25/><E100/><V118/><F118/><W120/><G120/><T30/><D132/><U104/><E45/><V107/><F107/><W83/><G26/><N who="0" m="14631" /><D43/><N who="3" m="16393" /><G83/><T131/><D49/><U10/><E36/><V59/><F27/><W12/><G12/><T48/><D48/><U17/><E104/><V129/><F32/><W15/><G15/><T117/><D131/><U6/><E11/><N who="2" m="6623" /><F129/><W58/><G101/><T110/><D110/><U127/><E127/><N who="3" m="48682" /><G99/><T106/><D106/><U112/><E112/><N who="3" m="43114" /><G134/><T57/><D117/><U78/><E78/><N who="2" m="29739" /><F135/><W35/><G35/><T93/><D23/><U40/><E40/><V20/><F20/><W95/><G95/><T8/><D8/><U50/><E50/><V38/><F38/><W5/><G5/><T37/><D37/><U116/><E116/><V33/><F33/><W29/><G29/><N who="0" m="10763" /><D57/><U88/><E77/><AGARI ba="4,0" hai="60,62,77,82,86,93,97,103" m="10763,14631" machi="77" ten="30,2000,0" yaku="8,1,54,1" doraHai="87" who="0" fromWho="1" sc="123,32,597,-32,123,0,157,0" /><INIT seed="2,0,0,5,3,116" ten="155,565,123,157" oya="2" hai0="83,77,12,8,56,117,118,114,38,120,59,94,11" hai1="21,126,89,52,129,58,35,55,63,42,0,25,92" hai2="82,109,123,43,33,47,85,107,102,106,20,54,3" hai3="9,79,97,115,19,74,111,24,57,135,103,65,45"/><V67/><F33/><W76/><G115/><T128/><D114/><U98/><E35/><V119/><F3/><W37/><G135/><T27/><D128/><U134/><E134/><V16/><F119/><N who="0" m="45578" /><D38/><U133/><E133/><V14/><F67/><W1/><G111/><T108/><D108/><U34/><E34/><V5/><F5/><W78/><G74/><N who="0" m="43447" /><D120/><U99/><E0/><V104/><F109/><W75/><G75/><T84/><D27/><U4/><E4/><V15/><F54/><W60/><G24/><T32/><D32/><U50/><E42/><V10/><F102/><W81/><G81/><T28/><D28/><N who="1" m="17455" /><E126/><V41/><F47/><W130/><G130/><T132/><D132/><U31/><E31/><V127/><F127/><W7/><G19/><N who="0" m="8583" /><D11/><U29/><E29/><V13/><F10/><W90/><G90/><AGARI ba="0,0" hai="56,59,84,90,94" m="8583,43447,45578" machi="90" ten="30,1000,0" yaku="12,1" doraHai="116" who="0" fromWho="3" sc="155,10,565,0,123,0,157,-10" /><INIT seed="3,0,0,3,4,21" ten="165,565,123,147" oya="3" hai0="18,97,17,114,118,7,105,26,104,56,23,87,65" hai1="38,3,88,36,5,66,77,110,54,48,129,92,44" hai2="111,68,121,32,61,58,127,42,30,130,122,128,71" hai3="55,113,0,39,34,62,4,133,25,103,86,12,78"/><W99/><G39/><T33/><D118/><U53/><E110/><V132/><F42/><W41/><G113/><T1/><D33/><U93/><E129/><N who="2" m="49771" /><F32/><W89/><G41/><T134/><D134/><U46/><E77/><V51/><F30/><W60/><G133/><T8/><D114/><U75/><E75/><V91/><F91/><W31/><G78/><T125/><D125/><U80/><E66/><N who="2" m="39223" /><F132/><W120/><G120/><N who="2" m="46185" /><F111/><W117/><G117/><T70/><D70/><U83/><E5/><V15/><F15/><W2/><G2/><T57/><D87/><U22/><E3/><V64/><F64/><W126/><G126/><T81/><D81/><U14/><E14/><V109/><F109/><W84/><G12/><N who="0" m="5151" /><D65/><U13/><E13/><V119/><F119/><W6/><G0/><T107/><D1/><U72/><E72/><V43/><F127/><W106/><G84/><T116/><D116/><U40/><E22/><V95/><F95/><W28/><G28/><N who="0" m="17503" /><D107/><U69/><E69/><V63/><F63/><W135/><G135/><T74/><D74/><U27/><E93/><V24/><F24/><W112/><G112/><T98/><D105/><U49/><E27/><V101/><F101/><W85/><G85/><T47/><D104/><U59/><E38/><V100/><F100/><W19/><G62/><T90/><D90/><U67/><E67/><V29/><F29/><W9/><G86/><AGARI ba="0,0" hai="36,40,44,46,48,49,53,54,59,80,83,86,88,92" machi="86" ten="30,2000,0" yaku="7,1,54,1" doraHai="21" who="1" fromWho="3" sc="165,0,565,20,123,0,147,-20" owari="165,-3.0,585,68.0,123,-38.0,127,-27.0" /></mjloggm>