<mjloggm ver="2.3"><GO type="97" lobby="0"/><UN n0="%EF%BC%A1%EF%BC%AB%EF%BC%B2%33%2E%37" n1="%41%55%2D%CE%B1%36%30%37" n2="%E5%B0%B1%E6%B4%BB%E7%94%9F%40%E5%B7%9D%E6%9D%91%E8%BB%8D%E5%9B%A3" n3="%68%69%67%68%6C%6F%77" dan="14,14,15,14" rate="1933.81,1939.16,2077.73,1935.33" sx="M,M,M,M"/><TAIKYOKU oya="0"/><INIT seed="0,0,0,0,4,73" ten="250,250,250,250" oya="0" hai0="92,127,135,88,130,8,128,102,125,80,24,79,26" hai1="66,97,17,96,122,72,12,86,61,51,70,18,110" hai2="38,30,47,29,58,82,45,43,56,95,89,54,40" hai3="111,15,21,115,34,99,87,132,62,39,103,19,109"/><T116/><D116/><U108/><E72/><V120/><F120/><W63/><G115/><T107/><D8/><U41/><E122/><V22/><F82/><W117/><G117/><T55/><D55/><U28/><E28/><V25/><F30/><W71/><G39/><T81/><D26/><U37/><E37/><V90/><F90/><W42/><G42/><T74/><D24/><U48/><E86/><V46/><F56/><W9/><G34/><T114/><D81/><U27/><E27/><V49/><REACH who="2" step="1"/><F38/><REACH who="2" ten="250,250,240,250" step="2"/><W0/><G71/><T83/><D83/><U85/><E70/><V52/><F52/><W129/><G111/><T119/><D119/><U104/><E110/><V5/><F5/><W16/><G109/><T91/><D91/><U60/><E108/><V75/><F75/><W2/><G129/><N who="0" m="49771" /><D114/><U98/><E41/><V112/><F112/><W14/><G132/><T67/><D67/><U59/><E59/><V113/><F113/><W6/><G87/><AGARI ba="0,1" hai="22,25,29,40,43,45,46,47,49,54,58,87,89,95" machi="87" ten="40,5200,0" yaku="1,1,8,1,53,1" doraHai="73" doraHaiUra="44" who="2" fromWho="3" sc="250,0,250,0,240,62,250,-52" /><INIT seed="1,0,0,0,4,70" ten="250,250,302,198" oya="1" hai0="130,105,39,116,111,29,79,52,99,34,62,17,74" hai1="135,87,110,68,22,36,30,15,127,119,19,134,113" hai2="61,131,100,122,123,13,92,7,90,8,2,98,86" hai3="50,37,42,128,14,1,82,10,97,107,117,43,73"/><U72/><E68/><V96/><F131/><W104/><G50/><T69/><D116/><U58/><E119/><V91/><F2/><W84/><G43/><T31/><D17/><U129/><E129/><V56/><F96/><W26/><G26/><N who="0" m="18743" /><D31/><U89/><E72/><V132/><F132/><N who="1" m="50729" /><E113/><V48/><F48/><W33/><G14/><T83/><D130/><U115/><E115/><V23/><F23/><W93/><G33/><T66/><D52/><U6/><E6/><V11/><F11/><W5/><G84/><T51/><D51/><U121/><E121/><V41/><F41/><W125/><G125/><T67/><D67/><U59/><E127/><V16/><F7/><W76/><G128/><T54/><D54/><U64/><E64/><V38/><F38/><W4/><G4/><T45/><D111/><U126/><E126/><V80/><F91/><N who="3" m="55487" /><G117/><T53/><D53/><AGARI ba="0,0" hai="8,13,16,53,56,61,80,86,90,92,98,100,122,123" machi="53" ten="30,2000,0" yaku="7,1,54,1" doraHai="70" who="2" fromWho="0" sc="250,-20,250,0,302,20,198,0" /><INIT seed="2,0,0,0,1,58" ten="230,250,322,198" oya="2" hai0="135,66,113,11,124,85,96,46,106,2,63,105,10" hai1="79,86,39,95,9,15,125,123,76,68,78,30,5" hai2="17,91,19,75,119,88,51,115,65,28,49,93,90" hai3="44,84,8,121,1,52,110,100,53,38,114,59,111"/><V23/><F75/><W45/><G121/><T81/><D113/><U24/><E123/><V83/><F115/><W107/><G84/><T127/><D46/><N who="3" m="18025" /><G38/><T26/><D26/><U31/><E39/><V12/><F119/><W132/><G114/><T32/><D32/><U104/><E104/><V27/><F83/><W74/><G74/><T87/><D87/><U120/><E120/><V73/><F73/><W29/><G29/><T64/><D64/><U47/><E47/><V55/><F65/><W6/><G100/><T57/><D135/><U18/><E68/><V134/><F134/><W99/><G132/><T67/><D67/><U89/><E125/><N who="0" m="48201" /><D2/><U98/><E86/><V43/><F43/><W13/><G99/><T35/><D35/><U69/><E69/><V25/><F93/><W109/><G107/><N who="0" m="40971" /><D96/><U70/><E70/><V36/><F36/><W4/><G53/><T14/><D14/><U129/><E129/><V20/><REACH who="2" step="1"/><F55/><REACH who="2" ten="230,250,312,198" step="2"/><W101/><G101/><T117/><D117/><U126/><E126/><V102/><F102/><W40/><G40/><T80/><D80/><U71/><E71/><V130/><F130/><W7/><G1/><T133/><D133/><U82/><E82/><V92/><F92/><W0/><G0/><T34/><D34/><AGARI ba="0,1" hai="12,17,19,20,23,25,27,28,34,49,51,88,90,91" machi="34" ten="40,3900,0" yaku="1,1,54,1,53,0" doraHai="58" doraHaiUra="97" who="2" fromWho="0" sc="230,-39,250,0,312,49,198,0" /><INIT seed="2,1,0,1,4,38" ten="191,250,361,198" oya="2" hai0="67,30,6,62,85,94,126,45,53,26,134,33,121" hai1="101,75,17,90,19,119,11,14,83,35,133,115,32" hai2="124,10,120,65,98,125,89,118,13,55,16,54,18" hai3="58,12,47,106,73,116,127,81,36,129,27,92,74"/><V122/><F118/><W100/><G116/><T57/><D121/><N who="2" m="46698" /><F65/><W63/><G12/><T104/><D6/><U99/><E119/><V80/><F98/><N who="3" m="59463" /><G106/><T87/><D134/><U88/><E133/><V79/><F89/><W132/><G81/><T91/><D126/><N who="2" m="48746" /><F18/><W56/><G56/><T72/><D72/><AGARI ba="1,0" hai="10,13,16,54,55,72,79,80" m="48746,46698" machi="72" ten="30,2900,0" yaku="18,1,54,1" doraHai="38" who="2" fromWho="0" sc="191,-32,250,0,361,32,198,0" /><INIT seed="2,2,0,2,0,80" ten="159,250,393,198" oya="2" hai0="107,35,97,110,81,109,15,135,25,49,34,85,0" hai1="53,18,13,40,74,19,106,30,87,46,6,126,2" hai2="69,79,16,118,123,72,73,54,117,104,101,44,23" hai3="22,67,27,121,20,55,14,130,71,39,122,86,57"/><V11/><F123/><W52/><G39/><T127/><D0/><U76/><E74/><V113/><F69/><W10/><G71/><T45/><D135/><U66/><E66/><V100/><F113/><W99/><G122/><T62/><D62/><U64/><E64/><V93/><F104/><W3/><G3/><T119/><D119/><U5/><E2/><V115/><F115/><W63/><G121/><T7/><D127/><U42/><E106/><V47/><F11/><W17/><G130/><T111/><D15/><U33/><E126/><V21/><F93/><W89/><G99/><T60/><D60/><U82/><E53/><V9/><F9/><W114/><G22/><T59/><D59/><U12/><E33/><V84/><F84/><W56/><G56/><T105/><D7/><U43/><E46/><V78/><F54/><W124/><G124/><T28/><D97/><U75/><E75/><V65/><F65/><W128/><G128/><T29/><D29/><U116/><E30/><V50/><F50/><W95/><REACH who="3" step="1"/><G114/><REACH who="3" ten="159,250,393,188" step="2"/><T88/><REACH who="0" step="1"/><D35/><REACH who="0" ten="149,250,393,188" step="2"/><U132/><E116/><V108/><F118/><W98/><G98/><T31/><D31/><AGARI ba="2,2" hai="10,14,17,20,27,31,52,55,57,63,67,86,89,95" machi="31" ten="30,8000,1" yaku="1,1,7,1,8,1,52,1,54,1,53,0" doraHai="80" doraHaiUra="120" who="3" fromWho="0" sc="149,-86,250,0,393,0,188,106" /><INIT seed="3,0,0,2,3,18" ten="63,250,393,294" oya="3" hai0="27,111,100,33,16,130,11,80,71,87,24,76,22" hai1="107,105,92,74,122,8,35,40,3,98,114,88,43" hai2="47,19,133,64,63,10,108,32,44,132,20,54,13" hai3="109,120,4,1,93,45,2,128,70,65,75,95,60"/><W46/><G120/><T26/><D71/><U73/><E122/><V115/><F32/><W126/><G75/><T99/><D111/><U28/><E114/><V91/><F115/><W121/><G121/><T59/><D130/><U96/><E74/><V68/><F108/><W67/><G109/><T62/><D11/><U34/><E73/><V41/><F91/><W89/><G4/><T42/><D42/><U134/><E134/><N who="2" m="51819" /><F54/><W6/><G6/><T94/><REACH who="0" step="1"/><D33/><REACH who="0" ten="53,250,393,294" step="2"/><U82/><E34/><V102/><F102/><W30/><G70/><T117/><D117/><U127/><E35/><V104/><F104/><W38/><G128/><T83/><D83/><U116/><E82/><V118/><F118/><W61/><G126/><T36/><D36/><U12/><E116/><V129/><F129/><W14/><G38/><T86/><D86/><U123/><E123/><V23/><F47/><W106/><G106/><T125/><D125/><U7/><E107/><V135/><F135/><W25/><G89/><T78/><D78/><U9/><E127/><V124/><F124/><W112/><G112/><T79/><D79/><U84/><E105/><V52/><F52/><AGARI ba="0,1" hai="16,22,24,26,27,52,59,62,76,80,87,94,99,100" machi="52" ten="30,12000,2" yaku="1,1,7,1,8,1,52,1,54,2,53,0" doraHai="18" doraHaiUra="69" who="0" fromWho="2" sc="53,130,250,0,393,-120,294,0" /><INIT seed="4,0,0,5,3,14" ten="183,250,273,294" oya="0" hai0="121,59,53,111,102,47,50,16,131,112,60,91,41" hai1="2,96,100,1,48,69,86,34,22,114,129,94,123" hai2="42,89,103,49,3,45,99,26,101,4,71,37,118" hai3="24,135,29,12,128,36,77,65,0,130,75,82,21"/><T108/><D121/><U25/><E123/><V93/><F71/><W66/><G0/><T46/><D112/><U119/><E119/><V90/><F118/><W15/><G36/><T97/><D102/><U92/><E34/><V76/><F76/><W40/><G40/><T19/><D131/><N who="3" m="50217" /><G135/><T6/><D6/><U132/><E132/><V68/><F68/><W124/><G124/><T113/><D47/><U107/><E129/><V57/><F103/><W85/><G85/><T13/><D113/><U20/><E114/><V109/><F109/><N who="0" m="42058" /><D13/><AGARI ba="0,0" hai="12,13,15,21,24,29,65,66,75,77,82" m="50217" machi="13" ten="30,1000,0" yaku="19,1" doraHai="14" who="3" fromWho="0" sc="183,-10,250,0,273,0,294,10" owari="173,-33.0,250,-15.0,273,7.0,304,41.0" /></mjloggm>