<mjloggm ver="2.3"><GO type="169" lobby="0"/><UN n0="%EF%BC%88%EF%BC%BE%E2%88%80%EF%BC%BE%EF%BC%89" n1="%74%61%63%6F%73" n2="%E3%82%A6%E3%83%AB%E3%83%88%E3%83%A9%E7%AB%8B%E7%9B%B4" n3="%E3%81%8F%E3%82%8D%E3%81%AF%E3%81%A1" dan="16,17,18,16" rate="2017.59,2149.50,2219.47,2127.54" sx="M,M,M,M"/><TAIKYOKU oya="0"/><INIT seed="0,0,0,5,5,64" ten="250,250,250,250" oya="0" hai0="74,67,40,7,91,8,106,58,117,77,72,6,96" hai1="103,120,5,11,122,60,10,50,26,114,32,111,93" hai2="108,88,131,119,135,53,92,56,133,0,42,89,1" hai3="39,21,76,73,107,81,85,109,115,59,28,130,110"/><T16/><D117/><U45/><E111/><N who="3" m="42506" /><G115/><T14/><D40/><U86/><E114/><V13/><F108/><W37/><G130/><T116/><D116/><U97/><E60/><V27/><F131/><W36/><G107/><T47/><D47/><U62/><E62/><V34/><F119/><W90/><G59/><T128/><D128/><U69/><E69/><V17/><F42/><W38/><G38/><T105/><D105/><U79/><E26/><V4/><F27/><N who="3" m="16495" /><G90/><T54/><D67/><U75/><E32/><V19/><F34/><W29/><G29/><T31/><D31/><U66/><E79/><V9/><F89/><W55/><G55/><T102/><D91/><U98/><E66/><V84/><F0/><W101/><G101/><T99/><D99/><U15/><E97/><V121/><F121/><W100/><G100/><T49/><REACH who="0" step="1"/><D77/><REACH who="0" ten="240,250,250,250" step="2"/><U48/><E45/><V51/><REACH who="2" step="1"/><F19/><REACH who="2" ten="240,250,240,250" step="2"/><W61/><G36/><T23/><D23/><AGARI ba="0,2" hai="1,4,9,13,17,23,51,53,56,84,88,92,133,135" machi="23" ten="40,8000,1" yaku="1,1,2,1,25,2,54,1,53,0" doraHai="64" doraHaiUra="57" who="2" fromWho="0" sc="240,-80,250,0,240,100,250,0" /><INIT seed="1,0,0,1,3,67" ten="160,250,340,250" oya="1" hai0="3,127,125,56,126,103,32,65,98,13,40,95,88" hai1="72,23,61,84,47,86,76,53,73,30,116,117,68" hai2="29,41,70,1,122,71,18,90,22,44,79,106,60" hai3="80,16,36,34,62,132,33,8,45,87,49,37,108"/><U58/><E47/><V43/><F106/><W124/><G108/><T123/><D3/><U104/><E104/><V81/><F1/><W114/><G114/><T96/><D32/><U130/><E130/><V52/><F29/><W131/><G131/><T105/><D123/><U7/><E7/><V129/><F129/><W19/><G124/><T38/><D13/><U27/><E84/><V14/><F90/><W113/><G113/><T91/><D56/><U9/><E9/><V50/><F122/><W51/><G132/><T101/><REACH who="0" step="1"/><D65/><REACH who="0" ten="150,250,340,250" step="2"/><U118/><E58/><V135/><F135/><W92/><G33/><T111/><D111/><U102/><E117/><V110/><F110/><W75/><G34/><T69/><D69/><U99/><E68/><V66/><REACH who="2" step="1"/><F71/><REACH who="2" ten="150,250,330,250" step="2"/><W0/><G0/><T25/><D25/><U85/><E116/><V12/><F12/><W54/><G8/><T115/><D115/><U20/><E27/><V31/><F31/><W57/><G19/><T46/><AGARI ba="0,2" hai="38,40,46,88,91,95,96,98,101,103,105,125,126,127" machi="46" ten="40,8000,1" yaku="1,1,0,1,18,1,54,1,53,1" doraHai="67" doraHaiUra="100" who="0" fromWho="0" sc="150,100,250,-40,330,-20,250,-20" /><INIT seed="2,0,0,3,1,18" ten="250,210,310,230" oya="2" hai0="11,84,98,126,43,119,44,32,96,90,16,94,108" hai1="53,6,66,31,62,93,92,123,75,40,100,37,52" hai2="95,19,117,79,51,24,86,50,128,99,8,131,133" hai3="67,72,56,57,125,41,70,102,5,12,59,61,104"/><V121/><F121/><W65/><G72/><T26/><D108/><U103/><E75/><V80/><F117/><W110/><G110/><T55/><D126/><U112/><E112/><V88/><F133/><W35/><G125/><T73/><D73/><U45/><E123/><V130/><REACH who="2" step="1"/><F8/><REACH who="2" ten="250,210,300,230" step="2"/><W13/><G65/><T105/><D119/><U58/><E66/><V132/><F132/><W77/><G67/><T46/><D11/><U33/><E100/><V30/><F30/><W127/><G102/><T97/><D105/><U76/><E31/><V27/><F27/><W28/><G28/><T120/><D120/><U15/><E103/><V38/><F38/><W82/><G104/><T4/><D4/><U109/><E6/><V47/><F47/><W10/><G10/><T78/><D46/><U135/><E45/><V124/><F124/><W111/><G5/><T81/><D32/><U69/><E37/><V49/><F49/><W64/><G127/><T116/><D116/><U1/><E135/><V89/><F89/><W20/><G35/><T106/><D106/><U134/><E33/><V22/><AGARI ba="0,1" hai="19,22,24,50,51,79,80,86,88,95,99,128,130,131" machi="22" ten="40,12000,1" yaku="1,1,0,1,19,1,52,1,54,1,53,0" doraHai="18" doraHaiUra="113" who="2" fromWho="2" sc="250,-40,210,-40,300,130,230,-40" /><INIT seed="2,1,0,2,5,42" ten="210,170,430,190" oya="2" hai0="71,45,119,131,1,37,78,128,120,38,35,17,46" hai1="99,84,58,90,8,25,79,86,110,23,125,130,59" hai2="114,77,80,75,126,121,93,48,66,3,47,123,94" hai3="100,112,32,107,115,13,30,19,116,96,111,27,31"/><V73/><F114/><N who="3" m="43563" /><G111/><T105/><D71/><U81/><E110/><V109/><F109/><W91/><G116/><T88/><D105/><U44/><E125/><V0/><F126/><W92/><G30/><T33/><D78/><U87/><E130/><N who="0" m="49705" /><D1/><U85/><E8/><V52/><F75/><W83/><G83/><T97/><D119/><U60/><E60/><V16/><F66/><W9/><G91/><T29/><D17/><U51/><E99/><V2/><REACH who="2" step="1"/><F16/><REACH who="2" ten="210,170,420,190" step="2"/><W21/><G9/><T134/><D29/><N who="1" m="17599" /><E79/><V12/><F12/><W4/><G4/><T56/><D120/><AGARI ba="1,1" hai="0,2,3,47,48,52,73,77,80,93,94,120,121,123" machi="120" ten="50,12000,1" yaku="1,1,52,1,54,1,53,1" doraHai="42" doraHaiUra="76" who="2" fromWho="0" sc="210,-123,170,0,420,133,190,0" /><INIT seed="2,2,0,3,1,102" ten="87,170,553,190" oya="2" hai0="112,60,78,132,81,46,85,7,71,133,2,129,28" hai1="10,59,0,124,117,64,32,115,94,23,19,83,89" hai2="38,134,13,130,96,12,36,122,123,74,97,1,70" hai3="6,100,93,9,90,108,65,76,16,14,63,44,118"/><V35/><F35/><W42/><G108/><T105/><D112/><U66/><E32/><V22/><F22/><W56/><G118/><T25/><D129/><U119/><E115/><V116/><F74/><W114/><G114/><T37/><D37/><U131/><E131/><V77/><F77/><W80/><G100/><T30/><D46/><U87/><E124/><V91/><F91/><W11/><G93/><T99/><D7/><U84/><E0/><V58/><F58/><W53/><G90/><T68/><D2/><U54/><E10/><V135/><F1/><W61/><G9/><T125/><D125/><U111/><E111/><V69/><F130/><W43/><G6/><T62/><D30/><U75/><E75/><V8/><F8/><W120/><G120/><T40/><D40/><U127/><E127/><V48/><F48/><W110/><G110/><T55/><D55/><U29/><E29/><V4/><F4/><W34/><G34/><T101/><D62/><N who="1" m="36215" /><E117/><AGARI ba="2,0" hai="12,13,36,38,69,70,96,97,116,117,122,123,134,135" machi="117" ten="25,2400,0" yaku="22,2" doraHai="102" who="2" fromWho="1" sc="87,0,170,-30,553,30,190,0" /><INIT seed="2,3,0,2,4,94" ten="87,140,583,190" oya="2" hai0="129,49,118,113,107,41,103,99,47,73,117,57,116" hai1="95,70,38,132,96,84,37,21,106,67,43,102,20" hai2="25,24,27,26,40,14,87,52,65,128,9,7,133" hai3="54,83,51,46,126,44,90,0,134,66,63,61,89"/><V69/><F128/><W86/><G0/><T111/><D73/><U127/><E43/><V58/><F133/><W109/><G134/><T80/><D129/><U98/><E132/><V91/><F40/><W124/><G109/><T82/><D111/><U18/><E20/><V92/><F69/><W10/><G10/><T130/><D130/><U62/><E84/><V23/><F65/><W121/><G121/><T48/><D113/><U8/><E8/><V30/><REACH who="2" step="1"/><F26/><REACH who="2" ten="87,140,573,190" step="2"/><W135/><G135/><T55/><AGARI ba="3,1" hai="41,47,48,49,55,57,80,82,99,103,107,116,117,118" machi="55" ten="40,5200,0" yaku="0,1,12,1,52,1" doraHai="94" who="0" fromWho="0" sc="87,71,140,-16,573,-29,190,-16" /><INIT seed="3,0,0,4,2,1" ten="158,124,544,174" oya="3" hai0="109,80,92,99,17,66,124,8,98,100,37,42,57" hai1="60,83,85,58,10,24,127,84,40,93,39,110,123" hai2="29,3,97,16,107,115,14,21,91,32,36,9,111" hai3="15,28,4,81,95,113,61,53,22,75,18,62,6"/><W51/><G113/><T19/><D109/><U112/><E123/><V5/><F36/><W120/><G120/><T70/><D70/><U134/><E112/><V90/><F111/><W118/><G118/><T33/><D33/><U30/><E110/><V0/><F0/><W133/><G133/><T69/><D69/><U125/><E134/><V116/><F116/><W11/><G95/><T89/><D124/><N who="1" m="47691" /><E93/><V106/><F115/><W129/><G129/><T35/><D35/><U65/><E10/><V132/><F132/><W45/><G75/><T54/><D66/><U41/><E39/><V67/><F67/><W13/><G81/><T48/><D80/><U108/><E108/><V71/><F71/><W117/><G117/><T7/><D42/><N who="1" m="16491" /><E83/><V47/><F47/><W44/><G44/><T101/><D37/><U31/><E31/><V43/><F43/><W38/><G38/><T20/><D20/><AGARI ba="0,0" hai="20,24,30,58,60,65,84,85" m="16491,47691" machi="20" ten="30,1000,0" yaku="18,1" doraHai="1" who="1" fromWho="0" sc="158,-10,124,10,544,0,174,0" /><INIT seed="4,0,0,0,5,25" ten="148,134,544,174" oya="0" hai0="120,123,64,17,24,31,96,19,66,29,54,47,57" hai1="103,60,59,97,7,126,128,1,113,28,4,12,68" hai2="129,79,112,69,44,133,18,58,134,101,74,63,27" hai3="65,39,131,119,90,62,53,41,48,111,33,75,5"/><T81/><D47/><U107/><E1/><V46/><F69/><N who="3" m="42167" /><G75/><T115/><D115/><U85/><E113/><V99/><F129/><W102/><G102/><T121/><D81/><U0/><E0/><V43/><F112/><W36/><G5/><T118/><D96/><U108/><E108/><V105/><F79/><W132/><G33/><T6/><D6/><U127/><E128/><V93/><F105/><W35/><G35/><T13/><D118/><U49/><E68/><V116/><F74/><W98/><G131/><T22/><D64/><U130/><E130/><V78/><F78/><W20/><G111/><T45/><D45/><U87/><E49/><V109/><F109/><W42/><G119/><T2/><D66/><U82/><E85/><V50/><F44/><N who="3" m="27783" /><G132/><T104/><D104/><U14/><E4/><V114/><F116/><W37/><G20/><T86/><D86/><U125/><E7/><V30/><F114/><W124/><G124/><T21/><REACH who="0" step="1"/><D2/><REACH who="0" ten="138,134,544,174" step="2"/><U51/><E126/><V3/><F3/><W8/><G98/><T95/><D95/><U135/><E125/><V106/><F106/><W23/><G36/><T16/><D16/><U117/><E127/><V100/><F18/><W92/><G37/><T10/><D10/><U72/><E117/><V110/><F110/><W67/><G39/><T91/><D91/><N who="1" m="51703" /><E72/><V34/><F101/><W40/><G8/><T84/><D84/><U56/><E97/><V76/><F76/><W15/><G67/><T71/><D71/><U122/><E103/><V73/><F73/><W11/><G92/><T55/><D55/><AGARI ba="0,1" hai="27,30,34,43,46,50,55,58,63,93,99,100,133,134" machi="55" ten="40,2600,0" yaku="6,1,52,1" doraHai="25" who="2" fromWho="0" sc="138,-26,134,0,544,36,174,0" /><INIT seed="5,0,0,5,0,55" ten="112,134,580,174" oya="1" hai0="51,26,133,67,7,62,50,118,48,54,75,23,44" hai1="58,93,22,11,114,61,27,123,81,41,121,2,5" hai2="40,3,65,16,85,108,120,88,68,113,30,1,47" hai3="119,92,57,64,79,4,112,34,135,103,18,77,15"/><U78/><E41/><V91/><F120/><W104/><G34/><T70/><D75/><U116/><E116/><V126/><F108/><W42/><G104/><T110/><D133/><U43/><E43/><V74/><F74/><W86/><G135/><T20/><D118/><U131/><E131/><V87/><F30/><W33/><G33/><T127/><D110/><U24/><E93/><V124/><F16/><W71/><G71/><T53/><D127/><U106/><E106/><V37/><F113/><W28/><G112/><T82/><D82/><U12/><E2/><V134/><F134/><W31/><G42/><T107/><D107/><U98/><E98/><V35/><F35/><W21/><G4/><T38/><D7/><U76/><E76/><N who="3" m="29258" /><G119/><T69/><D69/><U89/><E89/><V32/><F32/><W102/><G86/><N who="2" m="32777" /><F65/><W36/><G36/><T100/><D100/><N who="3" m="38441" /><G92/><T56/><D70/><U46/><E121/><V109/><F68/><W125/><G125/><N who="2" m="48233" /><F109/><W115/><G115/><T59/><D26/><U49/><E114/><V94/><F94/><W60/><AGARI ba="0,0" hai="15,18,21,28,31,57,60,64" m="38441,29258" machi="60" ten="30,2000,0" yaku="8,1,52,1" doraHai="55" who="3" fromWho="3" sc="112,-5,134,-10,580,-5,174,20" /><INIT seed="6,0,0,1,2,126" ten="107,124,575,194" oya="2" hai0="113,25,97,108,36,35,37,123,72,85,26,49,29" hai1="91,45,100,1,2,59,16,58,124,98,102,73,125" hai2="103,107,61,80,8,34,57,120,134,41,104,86,90" hai3="7,112,5,0,132,128,131,10,42,87,133,95,105"/><V11/><F34/><W43/><G105/><T15/><D72/><U17/><E73/><V54/><F120/><W135/><G112/><T65/><D123/><U47/><E91/><V127/><F127/><W89/><G5/><T117/><D108/><U63/><E98/><V71/><F134/><W20/><G20/><T106/><D117/><U39/><E63/><V78/><F104/><W32/><G32/><T69/><D113/><U21/><E21/><V28/><F28/><W19/><G19/><T83/><D49/><U66/><E66/><V118/><F118/><W79/><G79/><T48/><D48/><U119/><E119/><V60/><F41/><AGARI ba="0,0" hai="0,7,10,41,42,43,87,89,95,128,131,132,133,135" machi="41" ten="50,6400,0" yaku="20,1,52,2" doraHai="126" who="3" fromWho="2" sc="107,0,124,0,575,-64,194,64" /><INIT seed="7,0,0,5,0,74" ten="107,124,511,258" oya="3" hai0="119,131,29,134,125,84,19,100,86,44,104,117,101" hai1="81,106,28,15,5,133,18,122,114,56,35,80,90" hai2="123,62,96,87,55,120,46,23,37,97,3,68,25" hai3="38,20,103,31,83,48,69,71,113,9,45,72,10"/><W24/><G38/><T7/><D7/><U1/><E106/><V58/><F3/><W89/><G113/><T129/><D19/><U109/><E122/><N who="2" m="46635" /><F87/><N who="0" m="33322" /><D29/><U91/><E56/><V108/><F68/><W130/><G45/><T2/><D44/><U21/><E15/><V40/><F108/><W128/><G24/><T39/><D2/><U124/><E18/><AGARI ba="0,0" hai="18,23,25,37,40,46,55,58,62,96,97" m="46635" machi="18" ten="30,1000,0" yaku="13,1" doraHai="74" who="2" fromWho="1" sc="107,0,124,-10,511,10,258,0" owari="107,-39.0,114,-29.0,521,62.0,258,6.0" /></mjloggm>