<mjloggm ver="2.3"><GO type="193" lobby="0"/><UN n0="%E5%86%B7%E5%87%8D%E8%82%89" n1="%73%6D%6F%6B%65%68" n2="%E3%83%88%E3%83%88%E3%83%AA%E5%85%88%E7%94%9F%31%39%E6%AD%B3" n3="%44%69%64%6F%64%6F" dan="9,11,9,12" rate="1494.28,1721.51,1823.97,1731.17" sx="M,M,F,F"/><TAIKYOKU oya="0"/><INIT seed="0,0,0,0,0,76" ten="250,250,250,250" oya="0" hai0="88,114,52,96,54,19,49,111,72,128,66,134,71" hai1="51,107,64,73,130,16,18,123,60,46,110,102,108" hai2="20,22,11,118,23,91,81,82,1,121,98,95,8" hai3="57,61,45,122,112,133,12,103,27,84,75,126,42"/><T0/><D114/><U100/><E123/><V132/><F121/><W97/><G122/><T59/><D0/><U77/><E130/><V120/><F120/><W35/><G75/><T131/><D72/><U67/><E107/><V89/><F132/><W56/><G112/><T26/><D134/><U38/><E38/><V117/><F91/><W80/><G133/><T78/><D54/><U14/><E77/><V113/><F113/><W31/><G126/><T4/><D4/><U85/><E85/><V106/><F106/><W34/><G34/><T47/><D78/><U3/><E3/><V116/><REACH who="2" step="1"/><F1/><REACH who="2" ten="250,250,240,250" step="2"/><W70/><G70/><T39/><D111/><U2/><E2/><V115/><F115/><W37/><G61/><T7/><D7/><U40/><E102/><V28/><F28/><W21/><G35/><T50/><D71/><U119/><E100/><V6/><F6/><W127/><G127/><T36/><D66/><U55/><E67/><V15/><F15/><W10/><G103/><T44/><D26/><U92/><E14/><V99/><F99/><W30/><G30/><T93/><D19/><U24/><E16/><V129/><F129/><N who="0" m="49738" /><D50/><U9/><E51/><V65/><F65/><W101/><G101/><T135/><D135/><U87/><E18/><V17/><F17/><N who="3" m="8343" /><G97/><T69/><D69/><U104/><E64/><V32/><F32/><W33/><G33/><T74/><D74/><U58/><E73/><V43/><F43/><W53/><G53/><T109/><D109/><U5/><E55/><V94/><F94/><W25/><G25/><T68/><D68/><RYUUKYOKU ba="0,1" sc="250,10,250,-30,240,10,250,10" hai0="36,39,44,47,49,52,59,88,93,96" hai2="8,11,20,22,23,81,82,89,95,98,116,117,118" hai3="21,27,31,37,42,45,56,57,80,84" /><INIT seed="0,1,1,0,4,125" ten="260,220,250,260" oya="0" hai0="72,113,96,0,47,103,74,56,21,87,24,10,38" hai1="39,128,97,40,99,32,62,3,105,12,132,22,104" hai2="91,23,11,5,17,111,18,79,30,89,43,36,52" hai3="73,61,55,20,26,127,44,94,51,37,13,129,80"/><T92/><D113/><U66/><E32/><V119/><F111/><W45/><G127/><T29/><D38/><U49/><E3/><V16/><F119/><W106/><G106/><T65/><D47/><U6/><E39/><V54/><F79/><W124/><G124/><T67/><D67/><U27/><E40/><V102/><F102/><W123/><G123/><T64/><D64/><U100/><E49/><V42/><F30/><W34/><G34/><T77/><D0/><U118/><E118/><V14/><F23/><W130/><G37/><T110/><D110/><U15/><E132/><V60/><F60/><W81/><G73/><T9/><D74/><U69/><E6/><V86/><F91/><W85/><G44/><T58/><D72/><U108/><E128/><N who="3" m="49258" /><G13/><T57/><D57/><U109/><E109/><V78/><F78/><W112/><G112/><T122/><D56/><U71/><E71/><V98/><F98/><W121/><G121/><T93/><D93/><U19/><E108/><V115/><F115/><W116/><G116/><T25/><D25/><U53/><E53/><N who="2" m="20587" /><F36/><W70/><G70/><T50/><D122/><U33/><E33/><V88/><F89/><N who="3" m="53551" /><G61/><N who="0" m="38071" /><D50/><U28/><E105/><V126/><F126/><W117/><G117/><T35/><D35/><U114/><E114/><V84/><F84/><W75/><G75/><T59/><D59/><U82/><E99/><V120/><F120/><W7/><G7/><T8/><D8/><N who="1" m="6535" /><E104/><V41/><F5/><W107/><G107/><T4/><D4/><U48/><E48/><V133/><F133/><W31/><AGARI ba="1,1" hai="20,26,31,45,51,55,80,81" m="53551,49258" machi="31" ten="30,8000,1" yaku="5,1,19,1,52,3" doraHai="125" who="3" fromWho="3" sc="260,-41,220,-21,250,-21,260,93" /><INIT seed="1,0,0,0,4,82" ten="219,199,229,353" oya="1" hai0="24,57,34,43,120,60,98,130,112,108,121,1,77" hai1="124,9,80,19,56,135,61,134,78,97,4,67,44" hai2="46,110,23,74,58,11,32,119,122,91,126,69,21" hai3="64,10,71,123,131,30,7,63,42,104,16,52,31"/><U95/><E44/><V116/><F122/><W128/><G123/><N who="0" m="47179" /><D112/><U87/><E124/><V103/><F69/><W83/><G104/><T12/><D1/><U107/><E107/><V17/><F32/><W133/><G42/><T25/><D34/><U37/><E37/><V51/><F74/><W94/><G133/><T35/><D35/><U47/><E47/><V13/><F126/><W73/><G94/><T96/><D130/><N who="3" m="49705" /><G73/><T76/><D108/><U40/><E19/><V36/><F110/><W0/><G83/><T81/><D43/><U66/><E40/><V8/><F36/><W72/><G72/><N who="0" m="43143" /><D12/><U65/><E135/><V85/><F103/><W88/><G88/><T33/><D33/><U6/><E134/><V127/><F127/><W39/><G39/><T102/><D77/><U5/><REACH who="1" step="1"/><E9/><REACH who="1" ten="219,189,229,353" step="2"/><V132/><F8/><W129/><G129/><T29/><D29/><U48/><E48/><V90/><F132/><W50/><G16/><T106/><D98/><U26/><E26/><V28/><F28/><W100/><G100/><AGARI ba="0,1" hai="4,5,6,56,61,65,66,67,78,80,87,95,97,100" machi="100" ten="40,12000,1" yaku="1,1,8,1,52,1,53,1" doraHai="82" doraHaiUra="89" who="1" fromWho="3" sc="219,0,189,130,229,0,353,-120" /><INIT seed="1,1,0,4,4,12" ten="219,319,229,233" oya="1" hai0="86,61,20,63,72,82,32,135,58,1,127,6,25" hai1="108,87,89,49,62,73,23,85,117,41,48,40,88" hai2="131,14,116,124,54,37,123,96,43,119,98,31,16" hai3="129,76,104,105,70,13,110,94,99,60,28,18,65"/><U35/><E117/><V102/><F123/><W34/><G76/><T26/><D72/><U112/><E73/><V21/><F131/><W67/><G67/><T121/><D121/><U79/><E35/><V134/><F134/><W8/><G129/><T27/><D135/><U59/><E112/><V113/><F113/><W132/><G132/><T22/><D32/><U47/><E108/><V30/><F124/><W103/><G110/><T57/><D127/><U100/><E100/><V52/><F43/><W38/><G105/><T24/><D1/><U74/><E74/><V90/><F37/><W69/><G69/><T9/><N who="0" m="6656" /><DORA hai="64" /><T5/><D9/><U51/><E79/><V44/><F119/><W29/><G34/><T107/><D107/><U101/><E101/><V33/><F33/><W133/><G133/><T122/><D122/><U130/><E23/><N who="0" m="8745" /><D86/><N who="1" m="32779" /><E130/><V118/><F118/><W92/><REACH who="3" step="1"/><G38/><REACH who="3" ten="219,319,229,223" step="2"/><T77/><D77/><U19/><E47/><V68/><F68/><W120/><G120/><T50/><D50/><U106/><E106/><V95/><F116/><W11/><G11/><T71/><D71/><U4/><E51/><V46/><F44/><W0/><G0/><T10/><D10/><U114/><E49/><V17/><F46/><W7/><G7/><N who="0" m="2571" /><D82/><U128/><E48/><V75/><F75/><W56/><G56/><AGARI ba="1,1" hai="56,57,58,61,63" m="2571,8745,6656" machi="56" ten="50,6400,0" yaku="28,2,8,1" doraHai="12,64" who="0" fromWho="3" sc="219,77,319,0,229,0,223,-67" /><INIT seed="2,0,0,3,5,60" ten="296,319,229,156" oya="2" hai0="122,90,132,76,66,52,129,130,96,120,21,118,72" hai1="43,4,38,56,0,99,119,114,77,126,42,27,47" hai2="63,78,121,14,57,13,31,3,45,32,39,100,58" hai3="128,85,64,28,53,25,8,106,87,124,1,11,68"/><V88/><F121/><W102/><G1/><T35/><D35/><U133/><E119/><V55/><F3/><W94/><G124/><T123/><D118/><U10/><E126/><V26/><F78/><W127/><G127/><T59/><D132/><U110/><E133/><V89/><F100/><W70/><G128/><N who="0" m="49259" /><D21/><U44/><E114/><V80/><F80/><W84/><G68/><T36/><D36/><U79/><E110/><V18/><F14/><W91/><G53/><T16/><D16/><U111/><E111/><V98/><F98/><W125/><G125/><T92/><D72/><U93/><E56/><V20/><REACH who="2" step="1"/><F58/><REACH who="2" ten="296,319,219,156" step="2"/><W46/><G102/><T5/><D5/><U71/><E71/><V86/><F86/><W97/><G106/><T95/><D76/><U15/><E15/><V117/><F117/><W113/><G113/><T50/><D95/><U103/><E27/><V29/><F29/><W109/><G109/><T112/><D112/><U69/><E69/><V22/><F22/><W51/><G70/><T41/><D41/><AGARI ba="0,1" hai="13,18,20,26,31,32,39,41,45,55,57,63,88,89" machi="41" ten="40,3900,0" yaku="1,1,54,1,53,0" doraHai="60" doraHaiUra="81" who="2" fromWho="0" sc="296,-39,319,0,219,49,156,0" /><INIT seed="2,1,0,4,3,134" ten="257,319,268,156" oya="2" hai0="119,9,83,105,0,37,115,10,33,93,98,76,110" hai1="45,30,32,84,111,85,19,58,13,71,44,39,11" hai2="60,55,16,40,2,61,70,102,27,121,132,5,66" hai3="117,15,69,18,43,14,107,38,72,31,67,108,68"/><V52/><F121/><W81/><G117/><T47/><D115/><U109/><E71/><V34/><F132/><W64/><G108/><N who="1" m="41546" /><E58/><V86/><F40/><W78/><G107/><T125/><D110/><U74/><E74/><V87/><F2/><W114/><G114/><T123/><D123/><U35/><E30/><V106/><F5/><W4/><G4/><T128/><D119/><U41/><E45/><V57/><F55/><W88/><G31/><T17/><D0/><U79/><E79/><V48/><F60/><W20/><G14/><T97/><D105/><U63/><E63/><V49/><F49/><W50/><G38/><T62/><D128/><U133/><E133/><V130/><F130/><W42/><G50/><T92/><D125/><U28/><E28/><N who="2" m="19743" /><F16/><W91/><G69/><T99/><D37/><U90/><E85/><V113/><F113/><W65/><REACH who="3" step="1"/><G68/><REACH who="3" ten="257,319,268,146" step="2"/><T46/><D33/><U8/><E8/><V118/><F118/><W77/><G77/><T89/><D76/><U95/><AGARI ba="1,1" hai="11,13,19,32,35,39,41,44,84,90,95" m="41546" machi="95" ten="30,1100,0" yaku="14,1" doraHai="134" who="1" fromWho="1" sc="257,-4,319,24,268,-6,146,-4" /><INIT seed="3,0,0,3,4,125" ten="253,343,262,142" oya="3" hai0="59,6,63,118,53,13,112,110,91,23,10,28,38" hai1="48,1,62,86,31,79,123,135,60,89,34,113,14" hai2="74,105,107,76,41,120,101,24,17,52,64,61,97" hai3="43,45,129,20,84,102,44,22,94,51,119,35,15"/><W42/><G35/><T121/><D121/><U111/><E111/><V83/><F120/><W65/><G119/><T126/><D118/><U88/><E1/><V124/><F124/><W106/><G106/><T116/><D116/><U82/><E113/><V30/><F41/><W77/><G129/><T66/><D126/><U58/><E135/><V29/><F107/><W100/><G65/><T11/><D38/><U93/><E89/><V3/><F3/><W4/><G43/><T95/><D112/><U73/><E31/><V85/><F17/><N who="3" m="10303" /><G4/><T133/><D133/><U96/><E34/><V104/><F104/><W57/><G45/><T55/><D110/><U19/><E73/><V117/><F117/><W134/><G134/><T70/><D70/><U98/><E98/><V80/><F24/><W32/><G32/><T16/><D28/><U68/><E68/><V33/><F33/><W99/><G102/><T2/><REACH who="0" step="1"/><D11/><REACH who="0" ten="243,343,262,142" step="2"/><N who="1" m="6623" /><E123/><V69/><REACH who="2" step="1"/><F52/><AGARI ba="0,1" hai="48,52,58,60,62,79,82,86,88,93,96" m="6623" machi="52" ten="30,3900,0" yaku="8,1,54,2" doraHai="125" who="1" fromWho="2" sc="243,0,343,49,262,-39,142,0" owari="243,4.0,392,50.0,223,-18.0,142,-36.0" /></mjloggm>