<mjloggm ver="2.3"><GO type="97" lobby="0"/><UN n0="%E5%B0%B1%E6%B4%BB%E7%94%9F%40%E5%B7%9D%E6%9D%91%E8%BB%8D%E5%9B%A3" n1="%E5%85%A8%E5%B1%80%E5%8F%82%E5%8A%A0%E5%9E%8B%E9%9B%80%E5%A3%AB" n2="%6D%61%65%2D%6B%65%6E%6E" n3="%E5%AE%B6%E8%B3%83" dan="15,15,13,15" rate="2025.70,2112.71,1848.04,2056.17" sx="M,M,M,M"/><TAIKYOKU oya="0"/><INIT seed="0,0,0,3,4,41" ten="250,250,250,250" oya="0" hai0="64,51,133,131,83,87,56,97,90,129,50,58,18" hai1="134,26,9,112,53,104,72,25,107,44,113,132,36" hai2="60,105,63,15,43,27,127,78,17,91,37,29,101" hai3="45,33,48,115,2,116,21,120,111,92,108,5,66"/><T71/><D133/><N who="1" m="51307" /><E72/><V86/><F127/><W10/><G33/><T117/><D117/><U79/><E79/><V3/><F78/><W93/><G115/><N who="1" m="44106" /><E9/><V7/><F101/><W24/><G116/><T23/><D71/><U39/><E53/><V125/><F105/><N who="1" m="40521" /><E44/><V55/><F125/><W100/><G66/><T69/><D69/><U70/><E70/><V109/><F55/><W11/><G10/><T49/><D64/><U81/><E81/><V19/><F109/><N who="3" m="42059" /><G100/><T1/><D1/><U65/><E65/><V135/><F135/><W30/><G120/><T0/><D0/><U32/><E32/><V20/><F43/><AGARI ba="0,0" hai="2,5,11,21,24,30,43,45,48,92,93" m="42059" machi="43" ten="30,2000,0" yaku="14,1,52,1" doraHai="41" who="3" fromWho="2" sc="250,0,250,0,250,-20,250,20" /><INIT seed="1,0,0,5,1,52" ten="250,250,230,270" oya="1" hai0="96,27,72,56,109,79,41,48,89,11,15,112,43" hai1="105,67,31,26,83,114,86,13,71,46,37,0,113" hai2="91,23,1,93,36,118,4,9,129,85,115,106,40" hai3="116,18,81,100,102,16,110,80,76,17,38,8,44"/><U95/><E105/><V42/><F118/><W122/><G122/><T134/><D112/><U97/><E0/><V90/><F115/><W57/><G110/><T78/><D134/><U65/><E13/><V92/><F106/><W32/><G32/><T68/><D68/><U66/><E71/><V103/><F103/><W33/><G33/><T108/><D27/><U124/><E124/><V132/><F132/><W117/><G8/><T94/><D72/><U28/><E114/><V135/><F135/><W20/><G20/><T58/><D108/><U60/><E60/><V22/><F129/><W98/><G98/><T120/><D120/><U73/><E73/><V84/><F36/><W59/><G76/><N who="0" m="29227" /><D109/><U5/><E5/><V82/><F82/><N who="3" m="31851" /><G44/><N who="0" m="25615" /><D43/><AGARI ba="0,0" hai="1,4,9,22,23,40,42,43,84,85,90,91,92,93" machi="43" ten="40,1300,0" yaku="9,1" doraHai="52" who="2" fromWho="0" sc="250,-13,250,0,230,13,270,0" /><INIT seed="2,0,0,1,0,65" ten="237,250,243,270" oya="2" hai0="62,38,27,54,22,5,83,101,120,2,113,13,23" hai1="41,48,100,59,80,57,103,73,129,122,58,99,131" hai2="1,51,26,95,52,66,112,109,82,19,12,61,35" hai3="118,34,79,87,69,128,63,8,43,89,86,130,30"/><V94/><F112/><W74/><G118/><T42/><D120/><U132/><E122/><V93/><F1/><W135/><G135/><T7/><D113/><U106/><E132/><V72/><F109/><W96/><G43/><T60/><D2/><U55/><E103/><V18/><F72/><W47/><G47/><T81/><D101/><U20/><E41/><V24/><F82/><W50/><G50/><T67/><D38/><U31/><E31/><V127/><F127/><W14/><G74/><T11/><D42/><U49/><E20/><V64/><F35/><W29/><G96/><T125/><D125/><U39/><E39/><V25/><F18/><W102/><G86/><T77/><D7/><U78/><REACH who="1" step="1"/><E49/><REACH who="1" ten="237,240,243,270" step="2"/><V40/><F40/><W33/><G102/><T53/><D23/><U124/><E124/><V28/><F61/><W71/><G63/><T116/><D116/><U46/><AGARI ba="0,1" hai="46,48,55,57,58,59,73,78,80,99,100,106,129,131" machi="46" ten="30,4000,0" yaku="1,1,0,1,53,1" doraHai="65" doraHaiUra="45" who="1" fromWho="1" sc="237,-10,240,50,243,-20,270,-10" /><INIT seed="3,0,0,2,3,42" ten="227,290,223,260" oya="3" hai0="0,82,14,96,79,93,119,73,63,95,66,20,48" hai1="70,121,27,85,87,56,75,130,103,97,100,39,65" hai2="76,109,10,53,21,22,104,78,25,51,131,61,90" hai3="108,117,15,17,59,23,2,113,67,3,9,6,28"/><W118/><G67/><T35/><D0/><N who="3" m="41" /><G59/><T88/><D35/><U12/><E75/><V83/><F131/><W68/><G68/><T80/><D119/><N who="3" m="45577" /><G113/><T89/><D48/><U69/><E39/><V37/><F37/><W72/><G72/><T129/><D129/><U1/><E1/><V120/><F120/><W55/><G55/><T107/><D107/><U106/><E121/><V94/><F104/><W91/><G91/><T60/><D80/><U125/><E130/><V46/><F109/><W16/><G108/><T77/><D77/><N who="2" m="29802" /><F83/><W124/><G124/><T26/><D14/><U122/><E125/><V52/><F10/><W36/><G36/><T110/><D66/><U133/><E122/><V50/><F61/><W128/><G128/><T123/><D123/><U101/><E106/><V98/><F25/><AGARI ba="0,0" hai="6,9,15,16,17,23,25,28" m="45577,41" machi="25" ten="30,5800,0" yaku="34,2,54,1" doraHai="42" who="3" fromWho="2" sc="227,0,290,0,223,-58,260,58" owari="227,-17.0,290,9.0,165,-33.0,318,41.0" /></mjloggm>