<mjloggm ver="2.3"><GO type="169" lobby="0"/><UN n0="%E3%82%B7%E3%83%B3%E3%83%87%E3%83%AB%E3%83%A9" n1="%72%79%6F%E2%80%A6%31%35" n2="%E5%B0%B1%E6%B4%BB%E7%94%9F%40%E5%B7%9D%E6%9D%91%E8%BB%8D%E5%9B%A3" n3="%E4%B8%89%E8%89%B2%E5%90%8C%E5%88%BB%E2%98%86" dan="16,17,16,16" rate="2110.82,2165.32,2141.37,2098.91" sx="F,M,M,M"/><TAIKYOKU oya="0"/><INIT seed="0,0,0,5,3,87" ten="250,250,250,250" oya="0" hai0="96,48,65,5,16,131,35,43,107,57,134,52,46" hai1="30,12,108,122,18,55,7,36,1,130,20,9,50" hai2="51,115,100,111,62,102,44,2,71,3,84,26,119" hai3="110,45,54,89,10,93,90,95,94,38,129,8,125"/><T112/><D112/><U29/><E108/><V85/><F115/><W97/><G110/><T103/><D35/><U133/><E122/><V33/><F111/><W17/><G129/><T78/><D131/><U59/><E130/><V64/><F119/><W126/><G95/><T118/><D118/><U123/><E123/><V88/><F84/><N who="3" m="52391" /><G17/><T34/><D34/><U41/><E133/><V80/><F33/><W83/><G83/><T135/><D5/><U4/><E4/><V74/><F74/><W13/><G13/><T14/><D65/><U6/><E6/><V25/><F25/><W101/><G101/><T19/><D78/><U114/><E114/><V27/><F27/><W69/><G69/><T106/><D106/><U24/><E36/><V40/><REACH who="2" step="1"/><F26/><REACH who="2" ten="250,250,240,250" step="2"/><W66/><G126/><T86/><D86/><U128/><E128/><V121/><F121/><W98/><G125/><T42/><D19/><U73/><E73/><V116/><F116/><W32/><G32/><T15/><D15/><U124/><E124/><V31/><F31/><W21/><G98/><T72/><D72/><U79/><E30/><V77/><F77/><W117/><G117/><T92/><D107/><U37/><E79/><V109/><F109/><W132/><G132/><N who="0" m="50731" /><D46/><N who="1" m="23855" /><E29/><V61/><F61/><W76/><G76/><T82/><D82/><U22/><E24/><V58/><F58/><W63/><G97/><T70/><D70/><U113/><E113/><V23/><F23/><AGARI ba="0,1" hai="14,16,23,42,43,48,52,57,92,96,103" m="50731" machi="23" ten="30,5800,0" yaku="20,1,54,2" doraHai="87" who="0" fromWho="2" sc="250,68,250,0,240,-58,250,0" /><INIT seed="0,1,0,3,4,99" ten="318,250,182,250" oya="0" hai0="7,66,135,2,106,48,40,24,82,57,74,34,51" hai1="59,19,5,97,121,132,53,72,125,35,68,32,113" hai2="120,86,100,0,71,114,91,10,37,67,31,61,28" hai3="11,128,1,13,95,92,39,4,41,54,103,64,111"/><T6/><D135/><U127/><E121/><V49/><F120/><W126/><G111/><T45/><D106/><U105/><E72/><V8/><F114/><W129/><G126/><N who="1" m="48138" /><E68/><V16/><F37/><W119/><G119/><T124/><D124/><U134/><E5/><V58/><F71/><W63/><G54/><T42/><D66/><U36/><E36/><V15/><F100/><W9/><G41/><T25/><D2/><U93/><E105/><V70/><F0/><W109/><G39/><T112/><D112/><U3/><E19/><V79/><F79/><W108/><G95/><T47/><D57/><U44/><E44/><V118/><F118/><W107/><G92/><T104/><D104/><U77/><E77/><V90/><F90/><W62/><G11/><T14/><D14/><U80/><E80/><N who="2" m="49607" /><F70/><N who="3" m="42263" /><G13/><T101/><D82/><U20/><E3/><V123/><F123/><W50/><G63/><T133/><D74/><U110/><E113/><V65/><F65/><W94/><G94/><T26/><D34/><N who="1" m="12843" /><E110/><N who="3" m="42602" /><G50/><T55/><D42/><U46/><E46/><V22/><F49/><W60/><G60/><T27/><N who="0" m="6144" /><DORA hai="84" /><T87/><D133/><U83/><E83/><V52/><F67/><W38/><G38/><T131/><D47/><U102/><E134/><V88/><F10/><W69/><G69/><T98/><D40/><U18/><E132/><V116/><F116/><W33/><G33/><T75/><D45/><U85/><E85/><V76/><F76/><W130/><G107/><T73/><D73/><U122/><E122/><V43/><F8/><W96/><G96/><RYUUKYOKU ba="1,0" sc="318,-10,250,-10,182,-10,250,30" hai3="1,4,9,103,128,129,130" /><INIT seed="1,2,0,4,3,29" ten="308,240,172,280" oya="1" hai0="111,38,70,103,21,128,48,22,24,97,53,6,26" hai1="135,15,65,3,60,74,90,94,12,57,39,123,9" hai2="101,112,95,120,40,5,125,80,132,68,56,88,124" hai3="71,31,45,129,92,98,10,54,64,110,122,49,61"/><U50/><E39/><V62/><F120/><W119/><G122/><T58/><D111/><U127/><E123/><V82/><F68/><W36/><G110/><T27/><D128/><U99/><E74/><V107/><F5/><W130/><G119/><T2/><D70/><U72/><E72/><V79/><F40/><W51/><G49/><T133/><D38/><U14/><E135/><V0/><F0/><W117/><G117/><T16/><D133/><U106/><E127/><N who="2" m="48715" /><F132/><W67/><G67/><T43/><D43/><U42/><E106/><V109/><F109/><W105/><G105/><T85/><D85/><U46/><REACH who="1" step="1"/><E3/><REACH who="1" ten="308,230,172,280" step="2"/><V47/><F112/><W83/><G36/><T55/><D2/><U73/><E73/><V100/><F107/><W33/><G130/><T8/><D27/><U76/><E76/><V20/><F20/><W84/><G129/><T23/><D24/><U41/><E41/><V118/><F118/><W44/><G71/><T11/><D23/><U34/><E34/><V96/><F47/><W35/><G45/><N who="0" m="27791" /><D21/><U19/><AGARI ba="2,1" hai="9,12,14,15,19,42,46,50,57,60,65,90,94,99" machi="19" ten="20,7800,0" yaku="1,1,0,1,7,1,8,1,53,0" doraHai="29" doraHaiUra="25" who="1" fromWho="1" sc="308,-28,230,94,172,-28,280,-28" /><INIT seed="1,3,0,2,4,114" ten="280,324,144,252" oya="1" hai0="112,121,5,24,96,70,30,97,31,71,73,47,78" hai1="127,8,74,6,94,46,62,67,52,92,134,34,63" hai2="115,44,68,2,87,69,18,9,48,41,126,100,25" hai3="110,72,1,131,21,89,0,32,116,26,113,57,42"/><U20/><E34/><V130/><F115/><W90/><G113/><T107/><D112/><U106/><E106/><V64/><F130/><W128/><G32/><T66/><D5/><U91/><E74/><V120/><F120/><W84/><G72/><T101/><D47/><U111/><E134/><V85/><F126/><W135/><G135/><T56/><D121/><U37/><E127/><V65/><F100/><W82/><G42/><T109/><D109/><U125/><E125/><V102/><F102/><W36/><G36/><T22/><D31/><U39/><E111/><V75/><F75/><W38/><G38/><T81/><D97/><U12/><E94/><V119/><F119/><W129/><G110/><T51/><D51/><U83/><E83/><V28/><F69/><W54/><G90/><T11/><D11/><U105/><E105/><V19/><F2/><W98/><G98/><T29/><D29/><U59/><E20/><N who="2" m="15399" /><F68/><W124/><G124/><T104/><D104/><U60/><E60/><V55/><F41/><W61/><REACH who="3" step="1"/><G116/><REACH who="3" ten="280,324,144,242" step="2"/><T108/><D108/><U15/><E39/><V93/><F87/><W14/><G14/><T123/><D123/><U10/><E37/><V4/><F85/><W17/><AGARI ba="3,1" hai="0,1,17,21,26,54,57,61,82,84,89,128,129,131" machi="17" ten="30,7900,0" yaku="1,1,0,1,19,1,53,1" doraHai="114" doraHaiUra="58" who="3" fromWho="3" sc="280,-23,324,-42,144,-23,242,98" /><INIT seed="2,0,0,0,3,68" ten="257,282,121,340" oya="2" hai0="73,26,74,107,66,117,108,49,52,40,91,94,127" hai1="81,28,16,48,116,128,4,37,85,119,14,135,113" hai2="78,105,129,88,125,15,1,95,9,30,83,101,34" hai3="43,106,23,86,114,38,84,65,6,55,33,115,0"/><V13/><F129/><W44/><G33/><T77/><D108/><U60/><E113/><N who="3" m="43018" /><G106/><T19/><D127/><U75/><E75/><V47/><F125/><W133/><G133/><T54/><D117/><U64/><E135/><V89/><F1/><W12/><G65/><T90/><D107/><U99/><E128/><V134/><F134/><W97/><G97/><T80/><D66/><U118/><E28/><V96/><F47/><N who="3" m="24055" /><G0/><T27/><D74/><U32/><E48/><V132/><F132/><W62/><G62/><T122/><D122/><U112/><E32/><V123/><F123/><W10/><G23/><T131/><D131/><U124/><E124/><V120/><F120/><W42/><G55/><T31/><D40/><U71/><E112/><V92/><F30/><W57/><G57/><T103/><D19/><U70/><E70/><V121/><F34/><W100/><G100/><T21/><D54/><U59/><E99/><N who="2" m="61631" /><F9/><W35/><G35/><T3/><D3/><U93/><E71/><V98/><F15/><W45/><G45/><T41/><D41/><U17/><E37/><AGARI ba="0,0" hai="6,10,12,37,42,44,84,86" m="24055,43018" machi="37" ten="30,3900,0" yaku="11,1,52,2" doraHai="68" who="3" fromWho="1" sc="257,0,282,-39,121,0,340,39" /><INIT seed="3,0,0,3,0,12" ten="257,243,121,379" oya="3" hai0="66,29,119,9,43,56,52,26,93,45,61,79,48" hai1="102,30,83,72,67,90,63,108,55,27,132,7,104" hai2="92,125,35,34,118,53,11,28,73,6,99,74,84" hai3="38,98,69,54,17,82,88,97,44,65,21,70,10"/><W89/><G10/><T96/><D119/><U100/><E108/><V33/><F118/><W71/><G65/><T3/><D79/><U128/><E128/><V76/><F125/><W107/><G82/><T109/><D109/><U131/><E131/><V87/><F28/><W111/><G111/><T62/><D62/><U123/><E123/><V4/><F53/><W113/><G113/><T75/><D75/><U32/><E132/><V19/><F74/><W8/><G8/><T126/><D126/><U25/><E25/><V1/><F4/><W49/><G38/><T51/><D9/><U135/><E135/><V23/><F76/><W14/><REACH who="3" step="1"/><G98/><REACH who="3" ten="257,243,121,369" step="2"/><T24/><D96/><U130/><E130/><V2/><F2/><W57/><G57/><T122/><D3/><U114/><E83/><V101/><REACH who="2" step="1"/><F73/><REACH who="2" ten="257,243,111,369" step="2"/><W124/><G124/><T77/><D66/><U106/><E67/><V22/><F22/><W5/><G5/><T80/><D122/><U110/><E7/><V40/><F40/><W39/><G39/><T59/><D43/><U129/><E129/><V41/><F41/><W85/><G85/><T18/><D52/><U15/><E72/><V94/><F94/><W20/><G20/><T120/><D93/><U133/><E55/><V68/><F68/><W116/><G116/><T91/><D120/><U127/><E133/><V134/><F134/><W78/><G78/><T86/><D77/><U42/><E127/><V117/><F117/><W105/><G105/><T36/><D36/><U103/><E106/><V115/><F115/><W13/><G13/><AGARI ba="0,2" hai="1,6,11,13,19,23,33,34,35,84,87,92,99,101" machi="13" ten="40,5200,0" yaku="1,1,52,1,53,1" doraHai="12" doraHaiUra="95" who="2" fromWho="3" sc="257,0,243,0,111,72,369,-52" /><INIT seed="4,0,0,3,4,123" ten="257,243,183,317" oya="0" hai0="109,79,30,72,103,12,35,127,10,0,63,134,44" hai1="18,78,105,88,9,98,108,68,97,74,125,27,104" hai2="124,8,20,92,66,29,120,83,133,23,69,49,7" hai3="94,47,24,16,13,95,96,2,48,132,90,106,99"/><T65/><D127/><U93/><E68/><V14/><F120/><W87/><G106/><N who="1" m="41066" /><E27/><V54/><F133/><W77/><G2/><T34/><D103/><U82/><E18/><V101/><F124/><W114/><G114/><T75/><D134/><U122/><E9/><V112/><F112/><W38/><G38/><T25/><D44/><U56/><E56/><V1/><F83/><N who="3" m="47599" /><G24/><T102/><D102/><N who="1" m="60719" /><E125/><V85/><F29/><W32/><G32/><T43/><D43/><U81/><E122/><V46/><F1/><W126/><G132/><T110/><D35/><U21/><E21/><V100/><F100/><N who="3" m="60439" /><G126/><T19/><D0/><U45/><E45/><V3/><F3/><W117/><G117/><T119/><D119/><U64/><E64/><V39/><F39/><W36/><G36/><T57/><REACH who="0" step="1"/><D79/><REACH who="0" ten="247,243,183,317" step="2"/><U53/><E78/><V80/><F101/><W26/><G47/><T67/><D67/><U60/><E53/><V130/><F66/><W17/><G26/><T129/><D129/><U59/><E74/><AGARI ba="0,1" hai="10,12,19,25,30,34,57,63,65,72,74,75,109,110" machi="74" ten="40,7700,0" yaku="1,1,52,2,53,0" doraHai="123" doraHaiUra="131" who="0" fromWho="1" sc="247,87,243,-77,183,0,317,0" /><INIT seed="4,1,0,4,1,43" ten="334,166,183,317" oya="0" hai0="100,134,17,102,82,21,129,28,8,104,35,0,53" hai1="107,98,52,83,63,45,58,96,34,3,86,15,118" hai2="65,88,23,11,123,29,68,1,91,110,62,109,93" hai3="7,27,14,33,67,120,56,74,60,12,37,39,94"/><T59/><D134/><U5/><E3/><V126/><F123/><W87/><G74/><T30/><D129/><U97/><E34/><V101/><F126/><W76/><G120/><T32/><D32/><U6/><E118/><V25/><F101/><W51/><G51/><T92/><D104/><U44/><E107/><V38/><F38/><W85/><G87/><T13/><D82/><U113/><E113/><V73/><F73/><W135/><G135/><T119/><D119/><U128/><E128/><V84/><F1/><W81/><G94/><T18/><D0/><U57/><E57/><V16/><REACH who="2" step="1"/><F91/><REACH who="2" ten="334,166,173,317" step="2"/><W49/><G39/><T125/><D125/><U42/><E42/><V61/><F61/><W54/><G37/><T95/><D102/><U131/><E131/><V20/><F20/><W122/><G122/><T48/><D35/><U132/><E132/><V78/><F78/><W40/><G40/><T69/><D100/><U121/><E121/><V90/><F90/><W127/><G127/><T50/><D21/><U47/><E15/><AGARI ba="1,1" hai="11,15,16,23,25,29,62,65,68,84,88,93,109,110" machi="15" ten="40,8000,1" yaku="1,1,54,2,53,1" doraHai="43" doraHaiUra="24" who="2" fromWho="1" sc="334,0,166,-83,173,93,317,0" /><INIT seed="5,0,0,3,2,133" ten="334,83,266,317" oya="1" hai0="96,51,78,98,33,14,29,40,134,61,12,105,87" hai1="69,5,0,70,58,125,4,127,124,64,111,73,130" hai2="8,3,60,30,15,108,94,7,16,74,72,81,49" hai3="99,67,59,17,37,97,106,63,121,36,89,71,53"/><U86/><E73/><V47/><F108/><W48/><G121/><T90/><D134/><U18/><E111/><V131/><F131/><W114/><G114/><T80/><D33/><U101/><E130/><V43/><F30/><W120/><G120/><T45/><D29/><U41/><E101/><V10/><F81/><W28/><G28/><T65/><D105/><U104/><E104/><V116/><F116/><W126/><G126/><T82/><D98/><U100/><E100/><V39/><F39/><W122/><G122/><T24/><D24/><U20/><E41/><V88/><F60/><W27/><G99/><AGARI ba="0,0" hai="3,7,8,10,15,16,43,47,49,72,74,88,94,99" machi="99" ten="30,3900,0" yaku="7,1,54,2" doraHai="133" who="2" fromWho="3" sc="334,0,83,0,266,39,317,-39" /><INIT seed="6,0,0,2,4,8" ten="334,83,305,278" oya="2" hai0="109,87,129,64,131,101,31,114,44,3,78,12,105" hai1="95,135,27,69,93,110,71,58,29,30,38,53,119" hai2="112,26,56,21,73,18,23,54,107,84,60,116,72" hai3="77,28,82,16,76,33,45,102,39,132,74,100,15"/><V130/><F107/><W80/><G132/><T125/><D109/><U79/><E135/><V47/><F116/><W42/><G28/><T103/><D114/><U115/><E110/><V35/><F35/><W14/><G33/><T22/><D125/><U57/><E119/><V66/><F112/><W89/><G89/><T49/><D3/><U2/><E2/><V24/><F130/><N who="0" m="49674" /><D64/><U46/><E115/><V20/><F20/><W133/><G133/><T111/><D111/><U62/><E79/><V106/><F106/><W108/><G108/><T91/><D78/><U98/><E38/><V104/><F104/><W97/><G97/><T121/><D121/><U68/><E46/><V86/><F73/><W120/><G120/><T50/><D105/><U96/><E27/><V4/><F4/><W19/><G19/><N who="0" m="10599" /><D31/><U92/><REACH who="1" step="1"/><E57/><REACH who="1" ten="334,73,305,278" step="2"/><V36/><F36/><W51/><G39/><T61/><D61/><U1/><E1/><V128/><F128/><W52/><G42/><N who="0" m="24727" /><D50/><U90/><E90/><V117/><F117/><W67/><G14/><T13/><D13/><U75/><E75/><V37/><F72/><W81/><G74/><T88/><D91/><U127/><E127/><V9/><F37/><W126/><G126/><T85/><D85/><U0/><E0/><V63/><F84/><W59/><G77/><T32/><D32/><U25/><E25/><V113/><F86/><W83/><G76/><T7/><D87/><U94/><N who="1" m="23552" /><DORA hai="5" /><U10/><E10/><V124/><F124/><W122/><G122/><T48/><D88/><U43/><E43/><V6/><F9/><RYUUKYOKU ba="0,1" sc="334,-10,73,30,305,-10,278,-10" hai1="29,30,53,58,62,68,69,71,96,98" /><INIT seed="7,1,1,2,4,73" ten="324,103,295,268" oya="3" hai0="125,134,86,22,28,107,42,54,75,117,10,94,96" hai1="115,40,82,81,78,127,67,0,52,110,87,66,79" hai2="91,121,56,6,48,3,35,53,70,99,24,72,85" hai3="38,21,13,88,23,97,69,34,19,120,20,111,14"/><W9/><G69/><T45/><D75/><U68/><E0/><V116/><F72/><W59/><G38/><T90/><D117/><U126/><E110/><V58/><F70/><W32/><G120/><T37/><D125/><N who="1" m="47627" /><E115/><V39/><F39/><W30/><G111/><T4/><D134/><U131/><E40/><V80/><F116/><W132/><G132/><T43/><D54/><U65/><E131/><V118/><F118/><W123/><G123/><T84/><D43/><U36/><E36/><V102/><F121/><W51/><G51/><N who="0" m="27063" /><D107/><U33/><E33/><N who="3" m="12906" /><G88/><T7/><D37/><U95/><E95/><N who="2" m="58751" /><F3/><W105/><G59/><T74/><D74/><N who="1" m="43223" /><E68/><V1/><F1/><W27/><G97/><T8/><D8/><U26/><E26/><V47/><F35/><N who="3" m="20959" /><G105/><T93/><D10/><U103/><E103/><V119/><F119/><W16/><AGARI ba="1,1" hai="9,13,14,16,19,20,21,23" m="20959,12906" machi="16" ten="30,18000,2" yaku="35,5,54,1" doraHai="73" who="3" fromWho="3" sc="324,-61,103,-61,295,-61,268,193" owari="263,6.0,42,-46.0,234,-17.0,461,57.0" /></mjloggm>