<mjloggm ver="2.3"><GO type="169" lobby="0"/><UN n0="%E6%9D%BE%E5%B1%8B%E3%81%8A%E3%81%98%E3%81%95%E3%82%93" n1="%E3%82%A4%E3%83%8B%E3%82%A8%E3%82%B9%E3%82%BF" n2="%E5%B0%B1%E6%B4%BB%E7%94%9F%40%E5%B7%9D%E6%9D%91%E8%BB%8D%E5%9B%A3" n3="%73%68%61%6F" dan="18,17,16,17" rate="2236.45,2149.95,2147.75,2189.88" sx="M,M,M,M"/><TAIKYOKU oya="0"/><INIT seed="0,0,0,4,5,91" ten="250,250,250,250" oya="0" hai0="103,33,93,64,106,119,15,84,125,115,126,133,104" hai1="127,1,18,124,130,61,72,100,23,9,94,77,52" hai2="116,74,14,49,120,36,5,102,108,56,79,12,8" hai3="22,75,53,128,107,111,92,51,29,37,41,0,69"/><T44/><D33/><U32/><E32/><V105/><F36/><W67/><G107/><N who="0" m="41003" /><D64/><U35/><E35/><V80/><F120/><W43/><G0/><T68/><D68/><U24/><E130/><V112/><F116/><W66/><G128/><T10/><D44/><U96/><E77/><V50/><F112/><W30/><G37/><T81/><D15/><U109/><E72/><V121/><F121/><W25/><G75/><T76/><D10/><U57/><REACH who="1" step="1"/><E109/><REACH who="1" ten="250,240,250,250" step="2"/><V19/><F108/><W82/><G111/><T87/><D119/><U90/><E90/><V62/><F102/><W16/><G69/><T47/><D115/><U3/><E3/><V59/><F105/><W110/><G110/><T85/><D133/><U4/><AGARI ba="0,1" hai="1,4,9,18,23,24,52,57,61,94,96,100,124,127" machi="4" ten="30,8000,1" yaku="1,1,0,1,52,1,54,1,53,1" doraHai="91" doraHaiUra="21" who="1" fromWho="1" sc="250,-40,240,90,250,-20,250,-20" /><INIT seed="1,0,0,3,0,89" ten="210,330,230,230" oya="1" hai0="3,75,0,126,127,77,51,118,26,129,45,108,110" hai1="95,119,22,112,33,102,31,1,55,59,11,96,40" hai2="83,84,30,132,79,46,5,98,74,39,117,105,115" hai3="20,70,109,56,36,113,116,32,60,54,94,6,101"/><U49/><E112/><V88/><F117/><W21/><G32/><T114/><D118/><U120/><E119/><V42/><F115/><W91/><G116/><T90/><D114/><U37/><E33/><V47/><F132/><W122/><G113/><T68/><D68/><U72/><E72/><V63/><F30/><W12/><G70/><T97/><D77/><U7/><E120/><V130/><F130/><W58/><G36/><T10/><D75/><U111/><E111/><N who="0" m="42537" /><D129/><U38/><REACH who="1" step="1"/><E40/><REACH who="1" ten="210,320,230,230" step="2"/><V100/><F42/><W87/><G109/><T2/><D127/><U44/><E44/><V64/><F39/><W69/><G122/><T125/><D45/><U92/><E92/><N who="2" m="54279" /><F5/><W61/><G69/><AGARI ba="0,1" hai="46,47,63,64,69,74,79,83,98,100,105" m="54279" machi="69" ten="30,3900,0" yaku="24,1,52,1,54,1" doraHai="89" who="2" fromWho="3" sc="210,0,320,0,230,49,230,-39" /><INIT seed="2,0,0,0,5,44" ten="210,320,279,191" oya="2" hai0="41,77,12,68,99,3,84,15,63,2,23,128,40" hai1="112,117,7,10,29,92,113,107,55,72,83,98,89" hai2="103,39,90,20,87,114,133,64,27,66,76,4,54" hai3="31,97,32,37,19,34,60,127,57,104,121,129,21"/><V36/><F114/><W67/><G121/><T43/><D128/><U80/><E29/><V86/><F133/><W73/><G129/><T126/><D126/><U88/><E117/><V56/><F4/><W45/><G127/><T91/><D77/><N who="1" m="44071" /><E55/><V52/><F103/><W74/><G73/><T82/><D15/><U33/><E33/><V0/><F0/><W116/><G74/><T25/><D12/><U26/><E26/><V46/><F76/><W9/><G116/><T124/><D124/><U51/><E51/><N who="2" m="30751" /><F39/><W17/><G31/><T65/><REACH who="0" step="1"/><D99/><REACH who="0" ten="200,320,279,191" step="2"/><U81/><E98/><V69/><F69/><W101/><G97/><T100/><D100/><U109/><E112/><V122/><F122/><W75/><G101/><T59/><D59/><U125/><E113/><V71/><F71/><W110/><G57/><T35/><D35/><U18/><E125/><V48/><F36/><W24/><G37/><T49/><D49/><U22/><E7/><V108/><F108/><W11/><G110/><T102/><D102/><U38/><E109/><V85/><F90/><W93/><G34/><T95/><D95/><U30/><E92/><V106/><F106/><W131/><G32/><T120/><D120/><U96/><E107/><V135/><F135/><W118/><G104/><T47/><D47/><U111/><E38/><V61/><F61/><W94/><G93/><T1/><D1/><U130/><E111/><V50/><F50/><W58/><G131/><T42/><N who="0" m="10752" /><DORA hai="119" /><T115/><D115/><U13/><E130/><V70/><F70/><W105/><G105/><T6/><D6/><RYUUKYOKU ba="0,1" sc="200,15,320,-15,279,15,191,-15" hai0="2,3,23,25,63,65,68,82,84,91" hai2="20,27,46,48,54,64,66,85,86,87" /><INIT seed="2,1,1,3,1,6" ten="215,305,294,176" oya="2" hai0="13,95,104,4,16,35,81,123,23,49,113,8,33" hai1="10,1,18,68,130,82,91,5,73,47,108,54,2" hai2="98,59,63,89,116,115,135,22,55,106,26,7,87" hai3="56,20,60,112,118,74,46,11,129,124,131,31,88"/><V48/><F116/><W43/><G118/><T32/><D104/><U76/><E68/><V93/><F115/><W24/><G74/><T57/><D113/><U126/><E108/><V128/><F128/><N who="3" m="49227" /><G112/><T29/><D123/><U53/><E130/><V21/><F135/><W40/><G124/><T114/><D114/><U99/><E126/><V3/><F3/><W84/><G46/><T134/><D134/><U71/><E71/><V41/><F7/><W52/><G11/><T44/><D57/><U132/><E132/><V45/><F106/><W61/><G61/><T97/><D81/><AGARI ba="1,1" hai="20,24,31,40,43,52,56,60,81,84,88" m="49227" machi="81" ten="30,3900,0" yaku="19,1,54,2" doraHai="6" who="3" fromWho="0" sc="215,-42,305,0,294,0,176,52" /><INIT seed="3,0,0,2,5,86" ten="173,305,294,228" oya="3" hai0="64,83,49,79,21,102,51,77,34,37,134,85,15" hai1="3,124,127,94,56,97,115,12,84,93,76,95,54" hai2="122,73,55,10,61,74,90,20,22,57,9,132,131" hai3="4,80,106,72,105,26,126,44,133,65,46,116,43"/><W128/><G116/><T67/><D34/><U35/><E3/><V68/><F68/><W71/><G133/><T24/><D37/><U100/><E35/><V121/><F132/><W1/><G128/><T45/><D102/><U75/><E12/><V30/><F131/><W23/><G46/><T110/><D110/><U82/><E115/><V112/><F112/><W78/><G126/><N who="1" m="48170" /><E54/><V13/><F10/><N who="3" m="2319" /><G23/><N who="2" m="8745" /><F30/><W117/><G26/><T60/><D15/><U40/><E56/><V5/><F90/><W129/><G117/><T53/><D134/><U19/><E19/><V58/><F58/><W130/><G129/><T87/><D21/><U81/><E40/><V50/><F61/><N who="3" m="40367" /><G130/><T18/><D18/><U41/><E41/><V0/><F0/><W31/><G31/><T111/><D24/><U125/><E125/><V108/><F108/><W39/><AGARI ba="0,0" hai="39,43,44,72,78,80,105,106" m="40367,2319" machi="39" ten="30,6000,0" yaku="25,1,33,2" doraHai="86" who="3" fromWho="3" sc="173,-20,305,-20,294,-20,228,60" /><INIT seed="3,1,0,3,3,44" ten="153,285,274,288" oya="3" hai0="68,62,1,18,121,81,94,50,113,124,22,116,108" hai1="122,115,85,57,93,112,10,3,47,34,125,31,78" hai2="71,53,69,111,24,132,73,102,91,11,23,127,92" hai3="114,90,100,26,16,106,104,77,79,42,27,105,134"/><W54/><G114/><T84/><D1/><U96/><E122/><V70/><F73/><W99/><G134/><T38/><D38/><U83/><E125/><V56/><F127/><W86/><G42/><T58/><D116/><U133/><E133/><V120/><F120/><W119/><G119/><T101/><D124/><U17/><E57/><V72/><F72/><W4/><G4/><T123/><D108/><U51/><E31/><V15/><F132/><W95/><G27/><T97/><D68/><U33/><E33/><V131/><F102/><W8/><G54/><T46/><D113/><U110/><E34/><V63/><F111/><W48/><G48/><T14/><D58/><U2/><E2/><V80/><F80/><W30/><G30/><T117/><D62/><U75/><E75/><V76/><F76/><W118/><G118/><T0/><D0/><U19/><E19/><V43/><F43/><W67/><G67/><T65/><D65/><U98/><E98/><V103/><F103/><W41/><G41/><T74/><D74/><U36/><E36/><V7/><F131/><W25/><G25/><T32/><D32/><U49/><E110/><V29/><REACH who="2" step="1"/><F71/><REACH who="2" ten="153,285,264,288" step="2"/><W28/><G79/><N who="0" m="46143" /><D117/><U60/><E112/><V35/><F35/><W9/><G77/><T40/><D121/><U37/><E115/><V107/><F107/><W88/><G105/><T13/><D123/><U109/><E109/><V87/><AGARI ba="1,1" hai="7,11,15,23,24,29,53,56,63,69,70,87,91,92" machi="87" ten="20,5200,0" yaku="1,1,0,1,7,1,53,1" doraHai="44" doraHaiUra="82" who="2" fromWho="2" sc="153,-14,285,-14,264,65,288,-27" /><INIT seed="4,0,0,2,5,37" ten="139,271,329,261" oya="0" hai0="24,119,6,38,62,49,79,85,129,18,132,43,84" hai1="134,66,72,102,124,55,28,26,58,64,23,109,93" hai2="92,74,108,52,8,135,3,111,36,78,53,73,120" hai3="34,11,31,133,67,105,123,87,17,30,94,101,2"/><T77/><D38/><U127/><E72/><V1/><F120/><W118/><G118/><T82/><D119/><U125/><E109/><V4/><F135/><W60/><G123/><T122/><D122/><U13/><E134/><V42/><F3/><W59/><G105/><T83/><D132/><U0/><E0/><V54/><F92/><W116/><G116/><T27/><D6/><U68/><E68/><V80/><F74/><W86/><G133/><T96/><D129/><U14/><E102/><V7/><F7/><W57/><G34/><T22/><D96/><U130/><E93/><V47/><AGARI ba="0,0" hai="1,4,8,36,42,47,52,53,54,73,78,80,108,111" machi="47" ten="30,8000,1" yaku="0,1,25,2,52,1,54,1" doraHai="37" who="2" fromWho="2" sc="139,-40,271,-20,329,80,261,-20" /><INIT seed="5,0,0,2,3,95" ten="99,251,409,241" oya="1" hai0="124,119,18,102,53,1,94,70,20,85,12,16,19" hai1="104,23,44,93,5,120,25,36,106,24,98,2,109" hai2="61,38,67,11,46,47,21,64,133,129,131,108,59" hai3="132,84,0,114,77,60,96,118,27,31,80,29,115"/><U7/><E120/><V69/><F108/><W45/><G0/><T26/><D119/><U89/><E109/><V65/><F11/><W99/><G118/><T91/><D124/><U68/><E68/><V112/><F21/><W97/><G132/><T123/><D70/><U48/><E36/><V101/><F101/><W33/><G31/><T71/><D71/><U134/><E134/><V30/><F30/><W100/><G60/><T15/><D1/><U66/><E66/><N who="2" m="25707" /><F133/><W39/><REACH who="3" step="1"/><G100/><REACH who="3" ten="99,251,409,231" step="2"/><T14/><D123/><U107/><E2/><V116/><F61/><W57/><G57/><T90/><D102/><U128/><E128/><V9/><F59/><W79/><G79/><T10/><D10/><U122/><E122/><V6/><F9/><W40/><AGARI ba="0,1" hai="27,29,33,39,40,45,77,80,84,96,97,99,114,115" machi="40" ten="30,8000,1" yaku="1,1,0,1,52,3,53,0" doraHai="95" doraHaiUra="49" who="3" fromWho="3" sc="99,-20,251,-40,409,-20,231,90" /><INIT seed="6,0,0,1,2,119" ten="79,211,389,321" oya="2" hai0="46,21,17,59,10,105,110,115,103,131,83,24,7" hai1="62,58,53,19,14,51,67,63,72,12,117,61,47" hai2="86,28,22,123,37,99,122,104,101,0,69,112,38" hai3="75,1,71,68,6,11,60,66,15,109,108,78,4"/><V88/><F69/><W43/><G6/><T16/><D110/><U96/><E72/><V133/><F0/><W100/><G15/><T80/><D115/><U121/><E117/><V40/><F133/><W29/><G71/><T45/><D131/><U48/><E121/><V74/><F74/><W116/><G116/><T50/><D103/><U3/><E3/><V84/><F84/><W42/><G42/><T52/><D105/><U132/><E132/><V32/><F32/><W5/><G5/><T54/><D17/><U95/><E12/><V25/><F112/><W56/><G56/><T73/><D73/><U93/><E51/><V98/><F98/><W8/><G8/><T35/><D35/><U135/><E135/><V92/><REACH who="2" step="1"/><F40/><REACH who="2" ten="79,211,379,321" step="2"/><W90/><G43/><T34/><D34/><U89/><E96/><V41/><F41/><W49/><G75/><T30/><D30/><U118/><E118/><V129/><F129/><W85/><G29/><T125/><D125/><U36/><E36/><AGARI ba="0,1" hai="22,25,28,36,37,38,86,88,92,99,101,104,122,123" machi="36" ten="40,12000,1" yaku="1,1,52,2,54,1,53,0" doraHai="119" doraHaiUra="64" who="2" fromWho="1" sc="79,0,211,-120,379,130,321,0" /><INIT seed="6,1,0,0,3,69" ten="79,91,509,321" oya="2" hai0="5,121,80,92,22,112,18,31,57,103,97,50,23" hai1="52,25,120,106,82,94,0,107,8,13,118,53,119" hai2="11,78,36,90,60,100,45,34,91,14,26,126,87" hai3="56,125,51,28,89,68,117,105,109,135,64,101,12"/><V131/><F126/><W54/><G109/><T49/><D121/><U99/><E0/><V93/><F131/><W46/><G125/><T110/><D110/><U44/><E120/><V133/><F133/><W39/><G135/><T17/><D31/><U71/><E71/><V116/><F116/><W21/><G117/><T123/><D5/><U95/><E25/><V124/><F124/><W102/><G105/><T3/><D3/><U96/><E44/><V108/><F108/><W43/><G89/><T129/><D129/><U67/><E67/><V66/><F78/><W9/><G21/><N who="0" m="7691" /><D112/><U33/><E82/><V24/><F100/><W76/><G76/><T27/><D27/><U20/><E20/><V134/><F91/><W130/><G28/><T15/><D123/><U32/><REACH who="1" step="1"/><E8/><REACH who="1" ten="79,81,509,321" step="2"/><V48/><F26/><W85/><G130/><T83/><D83/><U59/><E59/><V19/><F24/><W86/><G64/><T104/><D80/><U114/><E114/><V113/><F45/><W79/><G68/><T37/><D57/><U98/><E98/><V81/><F66/><W30/><G56/><T72/><D72/><U74/><E74/><V47/><F11/><W40/><G9/><T2/><D2/><U122/><E122/><V16/><F47/><W115/><G46/><T42/><D104/><U132/><E132/><V77/><F134/><W73/><G115/><T128/><D128/><U4/><E4/><V38/><F81/><W62/><G73/><T84/><D84/><U7/><E7/><V6/><F87/><W111/><G86/><T35/><D97/><RYUUKYOKU ba="1,1" sc="79,-10,81,30,509,-10,321,-10" hai1="13,32,33,52,53,94,95,96,99,106,107,118,119" /><INIT seed="7,2,1,0,0,113" ten="69,111,499,311" oya="3" hai0="42,85,19,87,29,84,49,69,93,20,2,134,133" hai1="75,94,119,106,82,129,56,30,123,44,54,58,112" hai2="71,132,76,36,83,12,37,73,107,43,34,128,45" hai3="14,53,135,110,51,109,25,68,130,32,70,16,99"/><W64/><G130/><T26/><D69/><U38/><E106/><V91/><F128/><W67/><G99/><T77/><D2/><U18/><E30/><V116/><F116/><W127/><G127/><T72/><D93/><U52/><E123/><V74/><F74/><W55/><G135/><T78/><D29/><U105/><E105/><V126/><F71/><N who="3" m="27179" /><G25/><T13/><D26/><U48/><E112/><V4/><F107/><W3/><G3/><T98/><D98/><U0/><E0/><V27/><F37/><W97/><G97/><T15/><D15/><U22/><E119/><V31/><F132/><W81/><G81/><T8/><D8/><U108/><E129/><V114/><F126/><W101/><G101/><T39/><D39/><U23/><E94/><V6/><F114/><W60/><G32/><T95/><D95/><U40/><E108/><N who="3" m="41578" /><G60/><T88/><D77/><U102/><E102/><V120/><F120/><W21/><G55/><T9/><D9/><U100/><E100/><V90/><F12/><W46/><AGARI ba="2,1" hai="14,16,21,46,51,53,64,67" m="41578,27179" machi="46" ten="30,3000,0" yaku="10,1,54,1" doraHai="113" who="3" fromWho="3" sc="69,-12,111,-12,499,-12,311,46" /><INIT seed="7,3,0,5,0,37" ten="57,99,487,357" oya="3" hai0="67,48,106,98,0,39,84,23,75,33,111,1,4" hai1="121,102,134,103,42,27,60,100,8,66,77,18,7" hai2="117,129,45,43,22,118,55,114,97,64,104,32,92" hai3="59,81,36,87,96,122,14,132,6,30,79,94,31"/><W34/><G122/><T5/><D39/><U74/><E121/><V62/><F32/><W113/><G36/><T54/><D75/><U13/><E134/><V88/><F114/><W56/><G132/><T17/><D33/><U50/><E74/><V47/><F129/><W86/><G113/><T15/><D67/><U82/><E82/><V135/><F135/><W125/><G125/><T40/><D111/><U120/><E77/><V25/><F104/><W63/><G87/><T24/><D84/><U128/><E128/><V91/><F91/><W70/><G70/><T26/><D106/><U11/><E120/><V116/><F43/><W99/><G34/><T52/><D98/><N who="3" m="37417" /><G94/><T89/><D89/><U65/><E60/><V127/><F127/><W29/><G63/><T9/><D26/><U28/><E28/><V21/><F21/><W76/><G76/><T46/><REACH who="0" step="1"/><D5/><REACH who="0" ten="47,99,487,357" step="2"/><U105/><E105/><V10/><F117/><W72/><G72/><T90/><D90/><U73/><E73/><V41/><F116/><W2/><G2/><AGARI ba="3,1" hai="0,1,2,4,9,15,17,23,24,40,46,48,52,54" machi="2" ten="40,12000,2" yaku="1,1,52,1,54,1,53,3" doraHai="37" doraHaiUra="35" who="0" fromWho="3" sc="47,139,99,0,487,0,357,-129" owari="186,-21.0,99,-40.0,487,58.0,228,3.0" /></mjloggm>