<mjloggm ver="2.3"><GO type="169" lobby="0"/><UN n0="%73%68%6F%6F%74%33%39" n1="%E3%81%BF%E3%81%A9%E3%82%8A%E8%8C%B6" n2="%E9%96%8B%E9%81%8B%E5%BE%A1%E5%AE%88" n3="%E3%82%A6%E3%83%AB%E3%83%88%E3%83%A9%E7%AB%8B%E7%9B%B4" dan="18,16,17,17" rate="2189.83,2038.00,2111.53,2154.32" sx="M,M,M,M"/><TAIKYOKU oya="0"/><INIT seed="0,0,0,1,5,80" ten="250,250,250,250" oya="0" hai0="113,61,84,16,22,97,60,51,105,10,98,46,106" hai1="119,66,54,129,107,37,13,88,50,63,78,21,43" hai2="75,1,125,135,111,90,124,103,93,56,8,35,76" hai3="86,94,44,77,126,115,49,120,7,104,71,0,72"/><T64/><D113/><U123/><E119/><V133/><F35/><W134/><G71/><T20/><D106/><U110/><E107/><V57/><F1/><W23/><G104/><T128/><D128/><U14/><E123/><V118/><F8/><W100/><G0/><T132/><D132/><N who="2" m="50762" /><F103/><W9/><G72/><T91/><D10/><U69/><E129/><V101/><F101/><W33/><G33/><T117/><D22/><U85/><E78/><V130/><F130/><W55/><G126/><N who="2" m="48745" /><F111/><W4/><G134/><T127/><D117/><U74/><E74/><V112/><F118/><W121/><G115/><T89/><D89/><U25/><E110/><V67/><F67/><W2/><G2/><T83/><D127/><U82/><E25/><V40/><F40/><W18/><G9/><T114/><D114/><U39/><E21/><V109/><F109/><W42/><G42/><T36/><D105/><U116/><E116/><V73/><F112/><W59/><G121/><T70/><D36/><U47/><REACH who="1" step="1"/><E37/><REACH who="1" ten="250,240,250,250" step="2"/><V58/><F76/><W62/><G120/><T6/><D20/><U96/><E96/><AGARI ba="0,1" hai="56,57,58,73,75,90,93,96" m="48745,50762" machi="96" ten="40,2600,0" yaku="20,1,18,1" doraHai="80" who="2" fromWho="1" sc="250,0,240,-26,250,36,250,0" /><INIT seed="1,0,0,3,0,135" ten="250,214,286,250" oya="1" hai0="39,27,129,72,33,9,45,56,24,79,1,102,86" hai1="26,119,12,13,20,98,62,93,71,124,47,77,44" hai2="57,108,19,113,16,112,87,10,30,92,131,122,127" hai3="128,107,43,50,53,18,91,64,49,17,74,100,69"/><U32/><E32/><V34/><F122/><W68/><G74/><T114/><D114/><N who="2" m="44138" /><F108/><W14/><G107/><T80/><D129/><U81/><E119/><V115/><F131/><W31/><G100/><T46/><D102/><U133/><E133/><V106/><F106/><W70/><G31/><T63/><D86/><U73/><E124/><V5/><F115/><W51/><G128/><T94/><D94/><U59/><E71/><V54/><F87/><W126/><G126/><T28/><D39/><U125/><E125/><V2/><F92/><W40/><G64/><T29/><D9/><U11/><E13/><V21/><F34/><W15/><G53/><T89/><D89/><U99/><E99/><V96/><F96/><W101/><G91/><T25/><D1/><U61/><E61/><N who="2" m="36023" /><F127/><W38/><G101/><T75/><D75/><U35/><E35/><V82/><F82/><W132/><G132/><T66/><D24/><AGARI ba="0,0" hai="2,5,10,16,19,21,24,30" m="36023,44138" machi="24" ten="30,2000,0" yaku="11,1,54,1" doraHai="135" who="2" fromWho="0" sc="250,-20,214,0,286,20,250,0" /><INIT seed="2,0,0,2,1,135" ten="230,214,306,250" oya="2" hai0="78,38,57,91,112,118,25,122,88,26,49,60,1" hai1="100,58,83,93,86,55,131,121,89,129,85,67,79" hai2="70,20,103,9,65,6,51,104,22,43,45,97,47" hai3="116,15,35,111,84,134,64,72,123,107,76,30,102"/><V95/><F70/><W27/><G84/><T36/><D1/><U40/><E67/><V28/><F65/><W81/><G15/><T33/><D122/><U87/><E40/><V80/><F28/><W94/><G94/><T113/><D78/><U31/><E31/><V50/><F104/><W48/><G48/><T52/><D118/><U114/><E58/><V16/><F80/><W105/><G123/><T108/><D108/><U37/><E55/><V119/><F119/><W133/><G116/><T110/><D110/><U75/><E37/><V8/><F6/><W44/><G44/><T92/><D91/><U17/><E17/><V29/><F29/><W7/><G111/><T34/><D38/><U69/><E69/><V24/><F22/><W53/><G53/><AGARI ba="0,0" hai="8,9,16,20,24,43,45,47,50,51,53,95,97,103" machi="53" ten="30,5800,0" yaku="7,1,8,1,54,1" doraHai="135" who="2" fromWho="3" sc="230,0,214,0,306,58,250,-58" /><INIT seed="2,1,0,2,2,15" ten="230,214,364,192" oya="2" hai0="98,9,108,2,101,125,102,115,18,134,5,59,35" hai1="43,14,25,100,17,52,124,38,133,109,28,74,8" hai2="118,11,27,113,56,58,127,49,39,3,29,85,73" hai3="106,75,7,24,130,86,34,129,80,60,70,37,126"/><V131/><F73/><W1/><G86/><T103/><D115/><U94/><E74/><V92/><F39/><W79/><G126/><T31/><D125/><U47/><E124/><V72/><F72/><W23/><G106/><T122/><D122/><U97/><E133/><V95/><F127/><W19/><G37/><T120/><D120/><U30/><E109/><V93/><F113/><W135/><G135/><T105/><D108/><U123/><E123/><V57/><F118/><W96/><G96/><T114/><D114/><U20/><REACH who="1" step="1"/><E52/><REACH who="1" ten="230,204,364,192" step="2"/><V40/><F131/><N who="3" m="50187" /><G34/><T6/><D134/><U48/><E48/><V53/><F40/><W88/><G60/><T45/><D35/><U55/><E55/><V63/><F63/><W16/><G70/><T65/><D65/><U33/><E33/><V4/><REACH who="2" step="1"/><F85/><REACH who="2" ten="230,204,354,192" step="2"/><N who="3" m="50215" /><G75/><T99/><D99/><U104/><E104/><V83/><F83/><W107/><G107/><T78/><D98/><U89/><E89/><V41/><F41/><W112/><G112/><T77/><D105/><U90/><E90/><V71/><F71/><W62/><G62/><T26/><D103/><U51/><E51/><V46/><F46/><W117/><G117/><T13/><D45/><U0/><E0/><V76/><F76/><W116/><G79/><T87/><D78/><U119/><E119/><V64/><F64/><W91/><G91/><T82/><D2/><U22/><E22/><AGARI ba="1,2" hai="3,4,11,22,27,29,49,53,56,57,58,92,93,95" machi="22" ten="40,3900,0" yaku="1,1,53,1" doraHai="15" doraHaiUra="21" who="2" fromWho="1" sc="230,0,204,-42,354,62,192,0" /><INIT seed="2,2,0,3,4,129" ten="230,162,416,192" oya="2" hai0="32,89,29,33,65,67,13,11,27,52,108,20,23" hai1="26,104,12,135,39,107,28,72,85,43,30,25,60" hai2="93,105,71,37,46,16,126,130,14,77,22,94,125" hai3="120,79,3,7,66,9,38,83,98,53,112,91,84"/><V5/><F105/><W102/><G120/><T97/><D33/><U127/><E72/><V74/><F71/><W110/><G110/><T35/><D35/><U95/><E127/><N who="2" m="48651" /><F130/><W62/><G112/><T68/><D108/><U49/><E39/><V31/><F31/><W103/><G38/><T10/><D68/><U58/><E12/><V45/><F5/><W59/><G66/><T18/><D32/><U82/><E95/><N who="2" m="36363" /><F37/><W123/><G123/><T61/><D89/><U90/><E90/><V109/><F109/><W21/><G91/><T119/><D97/><U80/><E85/><V99/><F99/><W55/><G98/><T133/><D119/><U15/><E15/><V57/><F57/><W24/><G55/><T118/><D118/><U0/><E58/><V34/><F34/><W124/><G124/><T69/><D67/><U51/><E0/><V114/><F114/><W113/><G113/><T106/><D52/><U56/><E56/><V122/><F122/><W36/><G36/><T101/><D106/><U100/><E43/><V8/><F8/><N who="0" m="3114" /><D101/><U48/><E100/><V96/><F96/><W42/><G42/><T111/><D111/><U70/><E70/><V54/><F54/><W88/><REACH who="3" step="1"/><G79/><REACH who="3" ten="230,162,416,182" step="2"/><T132/><D65/><U41/><E41/><V47/><F77/><W92/><G92/><T6/><D6/><U115/><E115/><V63/><F63/><W117/><G117/><T81/><D81/><U4/><E80/><V116/><F116/><W128/><G128/><T131/><D131/><U87/><E82/><V40/><F40/><W19/><AGARI ba="2,1" hai="3,7,9,19,21,24,53,59,62,83,84,88,102,103" machi="19" ten="20,12000,2" yaku="1,1,5,1,0,1,7,1,54,1,53,1" doraHai="129" doraHaiUra="86" who="3" fromWho="3" sc="230,-32,162,-32,416,-62,182,136" /><INIT seed="3,0,0,2,0,24" ten="198,130,354,318" oya="3" hai0="53,38,93,68,54,14,99,67,60,130,110,33,7" hai1="66,103,100,89,35,25,97,102,117,59,45,109,46" hai2="108,4,43,107,96,91,69,98,128,111,36,41,48" hai3="62,47,39,95,71,82,135,63,120,20,78,61,42"/><W9/><G120/><T121/><D121/><U58/><E117/><V131/><F69/><W119/><G119/><T118/><D118/><U74/><E74/><V90/><F4/><W92/><G135/><T31/><D38/><U50/><E109/><N who="2" m="42059" /><F48/><W27/><G71/><T104/><D110/><U112/><E112/><V105/><F36/><W125/><G9/><T81/><D130/><N who="2" m="49706" /><F43/><W55/><G55/><T94/><D81/><U30/><E66/><V64/><F64/><W10/><G10/><T132/><D132/><U122/><E122/><V5/><F5/><W127/><G127/><T51/><D14/><U37/><E37/><V16/><F16/><W106/><G125/><T116/><D7/><U1/><E1/><V76/><F76/><W83/><G106/><N who="2" m="40457" /><F41/><W101/><G101/><N who="0" m="62527" /><D116/><U129/><E129/><V34/><F34/><W49/><G39/><T23/><D23/><U44/><E50/><V79/><F79/><W84/><REACH who="3" step="1"/><G82/><REACH who="3" ten="198,130,354,308" step="2"/><T6/><D54/><U15/><E15/><V115/><F115/><W40/><G40/><T88/><D53/><U2/><E2/><V29/><F29/><AGARI ba="0,1" hai="20,27,29,42,47,49,61,62,63,78,83,84,92,95" machi="29" ten="40,12000,1" yaku="1,1,8,1,52,1,53,1" doraHai="24" doraHaiUra="73" who="3" fromWho="2" sc="198,0,130,0,354,-120,308,130" /><INIT seed="3,1,0,5,0,131" ten="198,130,234,438" oya="3" hai0="121,2,56,27,83,114,122,130,53,108,31,3,19" hai1="103,127,95,55,93,49,101,33,91,7,120,96,54" hai2="72,80,92,60,9,76,133,134,69,39,12,57,63" hai3="67,98,97,29,11,117,51,123,20,118,113,43,10"/><W90/><G123/><T104/><D104/><U81/><E120/><V111/><F39/><W82/><G113/><T28/><D83/><U61/><E127/><V73/><F111/><W1/><G1/><T129/><D56/><U87/><E33/><V107/><F107/><W125/><G125/><T8/><D53/><U65/><E7/><V34/><F34/><W41/><G67/><T116/><D116/><U6/><E6/><V50/><F92/><W77/><G98/><T78/><D78/><U110/><E110/><V18/><F50/><W13/><G11/><T22/><D108/><U70/><E93/><V115/><F115/><W126/><G126/><T23/><D114/><U32/><E32/><V68/><F72/><W24/><G51/><T106/><D106/><U48/><E48/><V14/><F14/><W102/><G90/><T119/><D119/><U46/><REACH who="1" step="1"/><E55/><REACH who="1" ten="198,120,234,438" step="2"/><N who="2" m="33855" /><F63/><W84/><G117/><T85/><D122/><U26/><E26/><V36/><F36/><W94/><G118/><T124/><D121/><U132/><E132/><AGARI ba="1,1" hai="9,12,18,68,69,73,76,80,132,133,134" m="33855" machi="132" ten="30,7700,0" yaku="20,1,52,3" doraHai="131" who="2" fromWho="1" sc="198,0,120,-80,234,90,438,0" /><INIT seed="4,0,0,0,2,4" ten="198,40,324,438" oya="0" hai0="104,38,88,26,72,120,40,19,121,96,111,9,61" hai1="11,90,24,81,101,62,92,73,31,14,117,125,133" hai2="102,53,106,28,13,128,12,34,94,124,134,39,93" hai3="46,84,98,57,36,3,110,67,0,51,7,108,69"/><T10/><D72/><U129/><E117/><V1/><F1/><W135/><G3/><T100/><D111/><U32/><E133/><V20/><F34/><W59/><G84/><T18/><D38/><U47/><E129/><V105/><F39/><W35/><G98/><T122/><D40/><U27/><E125/><V127/><F134/><W65/><G35/><T116/><D116/><U45/><E101/><V130/><F53/><W23/><G23/><T115/><D115/><U58/><E27/><N who="2" m="16487" /><F94/><W107/><G107/><N who="2" m="40969" /><F93/><W82/><G82/><T114/><D114/><U76/><E92/><V60/><F60/><W132/><G7/><T79/><D79/><U123/><E90/><V113/><F102/><W95/><G95/><T25/><D88/><U68/><E68/><V97/><F97/><W52/><G0/><T17/><REACH who="0" step="1"/><D61/><REACH who="0" ten="188,40,324,438" step="2"/><U109/><E123/><V6/><F113/><W74/><G74/><T119/><D119/><U87/><E109/><V66/><F130/><W8/><G36/><T33/><D33/><U43/><E73/><V29/><F128/><W78/><G78/><T21/><D21/><U30/><E43/><V48/><F127/><W54/><G110/><T44/><D44/><U42/><E42/><V91/><F91/><W63/><G108/><T64/><D64/><U70/><E32/><V85/><F66/><W49/><G132/><T77/><D77/><U83/><E76/><V41/><F41/><W5/><G135/><T80/><D80/><U22/><E81/><V118/><F124/><W75/><G75/><T56/><D56/><U55/><E83/><RYUUKYOKU ba="0,1" sc="188,30,40,-10,324,-10,438,-10" hai0="9,10,17,18,19,25,26,96,100,104,120,121,122" /><INIT seed="4,1,1,3,4,53" ten="218,30,314,428" oya="0" hai0="111,46,103,56,4,122,81,12,100,91,124,70,47" hai1="82,74,52,73,10,33,113,129,127,121,90,17,92" hai2="119,89,116,36,79,14,2,128,23,60,41,104,58" hai3="94,48,83,28,109,106,22,72,62,132,32,107,43"/><T65/><D70/><U35/><E121/><V38/><F2/><W31/><G32/><T88/><D122/><U37/><E37/><V110/><F110/><W85/><G72/><T20/><D124/><U34/><E129/><V18/><F79/><W30/><G109/><T86/><D111/><U40/><E127/><V0/><F0/><W120/><G120/><T29/><D91/><U19/><E40/><V45/><F128/><W95/><G22/><T112/><D112/><U11/><E113/><V59/><F104/><W21/><G21/><T66/><D66/><U67/><E67/><V68/><F38/><W71/><G71/><T25/><D4/><U78/><E74/><V26/><F89/><W98/><G62/><N who="0" m="38087" /><D12/><U134/><E134/><V15/><F68/><W97/><G106/><T126/><D126/><U77/><E77/><V50/><F36/><W118/><G107/><T108/><D108/><U114/><E114/><V133/><F133/><W6/><G6/><T123/><D123/><U76/><E76/><V51/><F119/><W5/><G5/><T75/><D75/><U117/><E117/><V49/><F116/><W105/><G105/><T7/><D7/><U96/><E10/><V64/><F50/><W42/><G48/><T115/><D115/><U44/><E11/><V24/><F15/><W3/><G3/><T80/><D80/><U101/><E101/><AGARI ba="1,1" hai="20,25,29,46,47,81,86,88,100,101,103" m="38087" machi="101" ten="30,5800,0" yaku="8,1,52,1,54,1" doraHai="53" who="0" fromWho="1" sc="218,71,30,-61,314,0,428,0" owari="289,-11.0,-31,-53.0,314,11.0,428,53.0" /></mjloggm>