<mjloggm ver="2.3"><GO type="97" lobby="0"/><UN n0="%E4%B8%89%E8%89%B2%E4%B8%89%E7%AF%80%E9%AB%98" n1="%E5%B9%B3%E6%9C%AC%E4%BF%9D%E5%BF%97" n2="%E5%B0%B1%E6%B4%BB%E7%94%9F%40%E5%B7%9D%E6%9D%91%E8%BB%8D%E5%9B%A3" n3="%6D%6F%62%69%75%73%31%E2%88%9E" dan="13,14,14,15" rate="1906.87,1848.99,1986.80,1986.37" sx="M,M,M,M"/><TAIKYOKU oya="0"/><INIT seed="0,0,0,5,5,33" ten="250,250,250,250" oya="0" hai0="80,84,102,7,131,81,48,64,112,122,126,96,62" hai1="66,11,115,125,1,114,130,28,25,135,75,132,55" hai2="120,70,77,16,2,10,42,5,87,41,119,116,20" hai3="6,24,56,21,53,127,103,45,69,14,97,124,51"/><T106/><D112/><N who="1" m="43051" /><E66/><V49/><F120/><W108/><G69/><T83/><D122/><U72/><E55/><V65/><F65/><W19/><G108/><T104/><D126/><N who="3" m="48169" /><G6/><T26/><D131/><U88/><E125/><V4/><F70/><W89/><G89/><T58/><D7/><N who="1" m="1519" /><E130/><V57/><F5/><W67/><G67/><T32/><D106/><U36/><E36/><V93/><F57/><W30/><G97/><T123/><D123/><U18/><E18/><V35/><F35/><N who="3" m="20935" /><G103/><T9/><D9/><U86/><E25/><V90/><F77/><W117/><G117/><N who="2" m="45129" /><F49/><W3/><G45/><T61/><D48/><U39/><E28/><V76/><F76/><W47/><G47/><T91/><D32/><U74/><E39/><V54/><F54/><W60/><G60/><T37/><D37/><U43/><E43/><V38/><F38/><W121/><G121/><T34/><D34/><U128/><E128/><V15/><AGARI ba="0,0" hai="2,4,10,15,16,20,41,42,87,90,93" m="45129" machi="15" ten="30,4000,0" yaku="12,1,52,1,54,1" doraHai="33" who="2" fromWho="2" sc="250,-20,250,-10,250,40,250,-10" /><INIT seed="1,0,0,0,3,101" ten="230,240,290,240" oya="1" hai0="69,27,93,135,90,73,15,102,71,23,13,14,49" hai1="4,31,74,34,12,38,28,53,129,17,103,87,126" hai2="67,24,10,86,117,127,20,79,58,51,70,125,35" hai3="110,29,76,68,61,128,43,122,81,78,72,94,39"/><U11/><E74/><V114/><F117/><W104/><G122/><T82/><D135/><U57/><E38/><V62/><F35/><W30/><G110/><T89/><D102/><U105/><E129/><V41/><F114/><W56/><G68/><T84/><D49/><U112/><E126/><N who="2" m="48139" /><F10/><W83/><G128/><T107/><D107/><U50/><E112/><V59/><F41/><W45/><G104/><T9/><D9/><U8/><E34/><V96/><F96/><W85/><G94/><T98/><REACH who="0" step="1"/><D73/><REACH who="0" ten="220,240,290,240" step="2"/><U1/><E105/><V47/><F51/><W130/><G130/><T77/><D77/><U21/><E103/><V134/><F47/><W46/><G45/><T60/><D60/><U44/><E44/><V16/><F134/><W19/><G76/><T131/><D131/><U55/><E55/><V48/><F48/><W2/><G72/><T25/><D25/><U120/><E120/><V97/><F79/><W80/><G78/><T42/><D42/><U63/><E63/><V115/><F62/><W7/><G61/><T88/><D88/><U113/><E113/><V121/><F115/><W133/><G56/><T108/><D108/><U36/><E36/><V119/><F59/><W95/><G133/><T37/><D37/><U54/><E54/><V32/><F58/><W111/><G111/><T52/><D52/><U40/><E40/><V33/><F121/><W75/><G75/><T22/><D22/><U26/><REACH who="1" step="1"/><E87/><REACH who="1" ten="220,230,290,240" step="2"/><V109/><F86/><W18/><G85/><T132/><D132/><U123/><E123/><V124/><F124/><W3/><G39/><RYUUKYOKU ba="0,2" sc="220,15,230,15,290,-15,240,-15" hai0="13,14,15,23,27,69,71,82,84,89,90,93,98" hai1="1,4,8,11,12,17,21,26,28,31,50,53,57" /><INIT seed="1,1,2,5,5,58" ten="235,245,275,225" oya="1" hai0="46,35,96,83,124,120,88,80,128,107,12,133,129" hai1="84,110,64,21,41,130,55,87,132,99,1,123,76" hai2="59,75,11,52,116,45,113,43,40,7,92,97,18" hai3="93,103,73,50,60,38,82,131,57,134,22,86,114"/><U108/><E123/><V9/><F75/><W74/><G114/><T98/><D120/><U19/><E132/><V67/><F116/><W27/><G38/><T17/><D133/><U100/><E1/><V30/><F113/><W37/><G37/><T77/><D35/><U91/><E64/><V65/><F30/><N who="3" m="17783" /><G134/><T109/><D124/><U69/><E41/><N who="2" m="15947" /><F45/><W26/><G131/><N who="0" m="50251" /><D109/><N who="1" m="42091" /><E130/><V63/><F18/><W2/><G2/><T121/><D121/><U85/><E69/><V48/><F7/><W44/><G26/><T3/><D3/><U126/><E126/><V31/><F31/><W122/><G122/><T61/><D46/><U42/><E42/><V104/><F104/><W54/><G73/><T112/><D112/><U24/><E55/><V4/><F4/><W10/><G74/><T16/><D61/><U125/><E125/><V14/><F14/><W29/><G29/><T117/><D117/><U15/><E15/><V6/><F6/><W70/><G70/><T8/><D17/><U20/><E20/><V101/><F48/><W95/><G103/><N who="0" m="62951" /><D77/><U33/><E33/><V89/><F101/><W53/><G10/><AGARI ba="1,2" hai="9,10,11,52,59,63,65,67,89,92,97" m="15947" machi="10" ten="30,3900,0" yaku="8,1,52,1,54,1" doraHai="58" who="2" fromWho="3" sc="235,0,245,0,275,62,225,-42" /><INIT seed="2,0,0,2,5,81" ten="235,245,337,183" oya="2" hai0="10,25,32,49,70,31,109,8,22,113,116,55,60" hai1="38,1,2,74,36,114,12,67,13,51,123,103,80" hai2="71,57,9,72,18,120,135,30,91,111,105,0,115" hai3="86,108,77,112,87,129,88,29,53,130,99,119,56"/><V58/><F71/><W89/><G119/><T4/><D113/><U92/><E67/><V102/><F72/><W104/><G29/><T76/><D116/><U21/><E114/><V24/><F120/><W16/><G112/><T122/><D122/><U101/><E123/><V132/><F111/><W35/><G35/><T84/><D109/><U39/><E74/><V85/><F115/><W34/><G34/><T37/><D37/><U50/><E80/><N who="2" m="49575" /><F102/><W20/><G108/><T59/><D32/><U11/><E92/><V118/><F105/><W117/><G117/><T93/><D70/><U19/><E101/><V28/><F28/><W61/><G104/><T68/><D68/><U82/><E103/><V33/><F118/><W62/><G77/><T83/><D93/><U17/><E82/><V66/><F66/><W90/><G99/><T65/><D4/><U127/><E127/><V133/><F0/><W3/><G3/><N who="1" m="1034" /><E21/><V95/><F95/><W27/><REACH who="3" step="1"/><G61/><REACH who="3" ten="235,245,337,173" step="2"/><T23/><D31/><U128/><E128/><AGARI ba="0,1" hai="16,20,27,53,56,62,86,87,88,89,90,128,129,130" machi="128" ten="40,16000,3" yaku="1,1,2,1,19,1,52,2,54,2,53,3" doraHai="81" doraHaiUra="125" who="3" fromWho="1" sc="235,0,245,-160,337,0,173,170" /><INIT seed="3,0,0,0,0,98" ten="235,85,337,343" oya="3" hai0="83,120,45,133,111,34,113,49,64,21,12,48,58" hai1="59,127,4,101,52,33,39,122,13,72,57,62,103" hai2="70,128,77,135,123,61,44,92,29,116,79,84,2" hai3="104,24,47,87,17,65,97,124,110,93,36,66,51"/><W119/><G119/><T18/><D34/><U88/><E122/><V8/><F116/><W118/><G118/><T25/><D120/><U31/><E127/><V99/><F123/><W106/><G36/><T132/><D111/><U82/><E39/><V81/><F128/><W42/><G124/><T68/><D113/><U11/><E72/><V6/><F135/><W5/><G110/><T95/><D68/><U16/><E31/><V30/><F77/><W35/><G5/><T22/><D133/><U85/><E33/><V80/><F80/><W1/><G1/><T108/><D108/><U9/><REACH who="1" step="1"/><E59/><REACH who="1" ten="235,75,337,343" step="2"/><V115/><F115/><W20/><G35/><T96/><D132/><U38/><E38/><V91/><F44/><W55/><G104/><T117/><D45/><U74/><E74/><V27/><F27/><W41/><G106/><T86/><D58/><U37/><E37/><V105/><F105/><W134/><G134/><T130/><D25/><U0/><AGARI ba="0,1" hai="0,4,9,11,13,16,52,57,62,82,85,88,101,103" machi="0" ten="20,16000,3" yaku="1,1,0,1,7,1,52,2,54,3,53,0" doraHai="98" doraHaiUra="125" who="1" fromWho="1" sc="235,-40,75,170,337,-40,343,-80" /><INIT seed="4,0,0,1,1,42" ten="195,245,297,263" oya="0" hai0="66,130,10,16,82,61,105,12,39,77,56,23,129" hai1="59,119,102,120,87,76,100,112,132,97,15,37,58" hai2="79,86,4,8,75,54,60,106,123,127,118,49,3" hai3="64,17,114,35,107,6,33,108,57,50,115,116,14"/><T131/><D105/><U9/><E37/><V29/><F123/><W28/><G107/><T25/><D39/><U80/><E132/><V24/><F106/><W135/><G116/><T125/><D125/><U78/><E120/><V104/><F104/><W94/><G108/><T93/><D93/><N who="1" m="58415" /><E119/><V32/><F118/><W62/><G135/><T92/><D92/><U20/><E102/><V111/><F127/><W122/><G6/><T69/><D69/><U44/><E112/><N who="3" m="43050" /><G28/><T45/><D45/><U63/><E20/><V41/><F111/><W72/><G72/><T110/><D110/><U74/><E74/><V48/><F75/><W13/><G13/><T67/><D67/><U52/><E76/><V18/><F18/><W71/><G94/><T73/><REACH who="0" step="1"/><D131/><REACH who="0" ten="185,245,297,263" step="2"/><U55/><E44/><V38/><F38/><W113/><G113/><T2/><D2/><U7/><E59/><V19/><F41/><W101/><G122/><T83/><D83/><U0/><E0/><V96/><F96/><W11/><G101/><T117/><D117/><U22/><E22/><V134/><F134/><W103/><G103/><T133/><D133/><U40/><E40/><V99/><F99/><W43/><G71/><T81/><D81/><U47/><E47/><AGARI ba="0,1" hai="11,14,17,33,35,43,47,50,57,62,64" m="43050" machi="47" ten="30,2000,0" yaku="15,1,52,1" doraHai="42" who="3" fromWho="1" sc="185,0,245,-20,297,0,263,30" /><INIT seed="5,0,0,1,3,56" ten="185,225,297,293" oya="1" hai0="102,36,76,43,59,67,129,23,42,6,83,106,93" hai1="73,79,96,109,133,74,70,123,110,39,66,57,125" hai2="98,81,82,108,130,1,105,19,38,104,135,21,13" hai3="114,29,132,86,89,45,115,33,40,121,128,127,12"/><U117/><E117/><V31/><F108/><N who="1" m="41577" /><E123/><V116/><F38/><N who="3" m="21655" /><G121/><T51/><D106/><U0/><E0/><V35/><F116/><W55/><G127/><T120/><D36/><U25/><E125/><V103/><F105/><W84/><G128/><T10/><D129/><U44/><E133/><V113/><F130/><W50/><G132/><T131/><D131/><U62/><E79/><V37/><F37/><W94/><G12/><N who="0" m="5207" /><D120/><U88/><E25/><N who="2" m="18927" /><F135/><W100/><G100/><T134/><D134/><U107/><E70/><V5/><F113/><N who="3" m="43019" /><G29/><T3/><D3/><U20/><E20/><V78/><F78/><W8/><G8/><AGARI ba="0,0" hai="1,5,8,13,19,21,81,82,98,103,104" m="18927" machi="8" ten="30,1000,0" yaku="24,1" doraHai="56" who="2" fromWho="3" sc="185,0,225,0,297,10,293,-10" owari="185,-31.0,225,-17.0,307,40.0,283,8.0" /></mjloggm>