<mjloggm ver="2.3"><GO type="41" lobby="0"/><UN n0="%E5%B0%B1%E6%B4%BB%E7%94%9F%40%E5%B7%9D%E6%9D%91%E8%BB%8D%E5%9B%A3" n1="%E9%97%98%E5%A3%AB%E2%98%86%E3%81%8D%E3%82%80%E3%82%8A%E3%82%87%E3%83%BC" n2="%69%6E%74%65%72" n3="%E3%81%8B%E3%81%84%E3%81%A4%E3%81%B6%E3%82%8A" dan="16,15,13,14" rate="2163.90,2011.42,1816.49,1932.26" sx="M,M,M,M"/><TAIKYOKU oya="0"/><INIT seed="0,0,0,0,5,108" ten="250,250,250,250" oya="0" hai0="130,27,41,129,29,45,123,134,78,96,16,109,23" hai1="117,49,4,60,95,94,21,131,26,111,76,11,105" hai2="83,31,103,107,73,97,82,74,24,114,50,47,85" hai3="63,61,125,127,51,6,32,89,132,67,124,15,35"/><T80/><D123/><U1/><E105/><V116/><F116/><W5/><G132/><T13/><D134/><U58/><E117/><V42/><F114/><W9/><G51/><T18/><D96/><U20/><E111/><V84/><F84/><W12/><G89/><T70/><D109/><U72/><E131/><V55/><F42/><W69/><REACH who="3" step="1"/><G61/><REACH who="3" ten="250,250,250,240" step="2"/><T3/><D129/><U46/><E49/><V110/><F110/><W62/><G62/><T91/><D130/><U52/><E46/><V115/><F115/><W92/><G92/><T100/><D100/><U68/><E60/><V33/><F83/><W25/><G25/><T87/><D70/><U2/><E26/><V79/><AGARI ba="0,1" hai="24,31,33,47,50,55,73,74,79,82,85,97,103,107" machi="79" ten="20,1500,0" yaku="0,1,7,1" doraHai="108" who="2" fromWho="2" sc="250,-7,250,-4,250,25,240,-4" /><INIT seed="1,0,0,2,0,73" ten="243,246,275,236" oya="1" hai0="2,121,32,43,36,119,25,103,64,54,89,12,120" hai1="135,3,58,26,19,114,30,79,134,98,69,130,78" hai2="18,81,97,59,102,56,45,92,87,65,17,42,104" hai3="126,70,6,112,4,49,22,38,93,44,77,71,37"/><U72/><E69/><V52/><F104/><W110/><G112/><T21/><D2/><U118/><E114/><V35/><F35/><W24/><G110/><T131/><D119/><U80/><E118/><V51/><F65/><W27/><G126/><T128/><D32/><U5/><E130/><N who="0" m="49705" /><D103/><U127/><E127/><V7/><F7/><W63/><G93/><T33/><D33/><N who="1" m="20695" /><E19/><N who="2" m="7179" /><F42/><W67/><G70/><T108/><D12/><U68/><E68/><V62/><F62/><W53/><G27/><T41/><D64/><U88/><E72/><V60/><F60/><W94/><G94/><T95/><D108/><U100/><E58/><V15/><F15/><W66/><G66/><T109/><D54/><U1/><E5/><V123/><F123/><N who="0" m="47178" /><D36/><U113/><E113/><V107/><F107/><W74/><G38/><T76/><D76/><AGARI ba="0,0" hai="45,51,52,56,59,76,81,87,92,97,102" m="7179" machi="76" ten="30,3900,0" yaku="8,1,52,1,54,1" doraHai="73" who="2" fromWho="0" sc="243,-39,246,0,275,39,236,0" /><INIT seed="2,0,0,3,3,119" ten="204,246,314,236" oya="2" hai0="83,73,29,118,74,85,47,106,5,81,124,28,122" hai1="9,16,53,125,97,35,34,105,19,10,32,25,11" hai2="84,90,79,41,78,45,58,100,132,117,92,3,96" hai3="66,130,127,113,12,40,131,111,65,17,14,50,20"/><V107/><F3/><W69/><G69/><T101/><D5/><U31/><E53/><V55/><F117/><W67/><G127/><T27/><D118/><U71/><E71/><V0/><F0/><W109/><G14/><T26/><D124/><U49/><E49/><V38/><REACH who="2" step="1"/><F132/><REACH who="2" ten="204,246,304,236" step="2"/><W64/><G113/><T93/><D73/><U72/><E125/><V15/><F15/><W76/><G76/><T68/><D74/><U114/><E72/><V51/><AGARI ba="0,1" hai="38,41,45,51,55,58,78,79,84,90,92,96,100,107" machi="51" ten="20,3900,0" yaku="1,1,0,1,7,1,53,0" doraHai="119" doraHaiUra="33" who="2" fromWho="2" sc="204,-13,246,-13,304,49,236,-13" /><INIT seed="2,1,0,2,3,7" ten="191,233,353,223" oya="2" hai0="104,59,15,67,63,102,117,3,124,71,31,18,73" hai1="17,28,23,123,80,84,37,115,45,90,74,94,48" hai2="12,46,30,42,93,131,98,32,114,64,75,82,35" hai3="14,100,107,81,133,6,101,77,24,56,1,25,0"/><V88/><F114/><W134/><G56/><T87/><D3/><N who="3" m="1097" /><G107/><T113/><D73/><U95/><E115/><V65/><F131/><W43/><G43/><T20/><D113/><U40/><E123/><V122/><F122/><W38/><G38/><T135/><D117/><U9/><E74/><V27/><F35/><W83/><G6/><T13/><D135/><N who="3" m="51721" /><G14/><T41/><D124/><U129/><E129/><V52/><F12/><W128/><G128/><T79/><D41/><U96/><E28/><V19/><F19/><W109/><G109/><T70/><D31/><U105/><E105/><V106/><F106/><W103/><G77/><T69/><D104/><U26/><E37/><V34/><F34/><W111/><G111/><T92/><D79/><N who="1" m="46111" /><E95/><V53/><F65/><W58/><G58/><T39/><D39/><U127/><E127/><V116/><F64/><W120/><G120/><T126/><D126/><U55/><E40/><V44/><F116/><W78/><G78/><T11/><D102/><U89/><E89/><V68/><F68/><W118/><G118/><T91/><REACH who="0" step="1"/><D71/><REACH who="0" ten="181,233,353,223" step="2"/><U49/><E48/><V62/><F75/><W47/><G47/><T8/><D8/><AGARI ba="1,1" hai="8,9,17,23,26,45,49,55,90,94,96" m="46111" machi="8" ten="30,3900,0" yaku="8,1,52,2" doraHai="7" who="1" fromWho="0" sc="181,-42,233,52,353,0,223,0" /><INIT seed="3,0,0,0,2,63" ten="139,285,353,223" oya="3" hai0="90,84,79,88,129,37,35,15,18,25,54,32,134" hai1="14,45,131,118,108,9,120,46,23,12,103,105,28" hai2="125,19,92,76,6,104,47,135,132,83,39,102,7" hai3="98,48,97,64,80,107,60,89,94,85,10,113,123"/><W34/><G34/><T51/><D37/><U30/><E105/><V58/><F104/><W69/><G123/><T115/><D115/><U74/><E74/><V3/><F125/><W16/><G113/><T53/><D129/><U70/><E70/><V50/><F39/><W0/><G48/><T67/><D134/><N who="2" m="51242" /><F19/><W124/><G124/><T112/><D112/><U52/><E120/><V5/><F58/><W21/><G107/><T38/><D38/><U1/><E1/><V133/><F133/><W40/><G40/><T114/><D114/><U26/><E103/><V72/><F102/><W96/><G0/><T117/><D117/><U55/><E108/><V57/><F57/><N who="3" m="36879" /><G10/><T29/><D67/><U77/><E77/><V127/><F127/><W65/><G65/><T78/><D35/><U122/><E122/><V11/><F92/><W20/><G69/><T59/><D90/><U43/><E43/><AGARI ba="0,0" hai="3,5,6,7,11,43,47,50,72,76,83" m="51242" machi="43" ten="30,1000,0" yaku="20,1" doraHai="63" who="2" fromWho="1" sc="139,0,285,-10,353,10,223,0" /><INIT seed="4,0,0,4,4,109" ten="139,275,363,223" oya="0" hai0="55,97,98,23,83,15,117,4,124,22,81,21,101" hai1="122,87,2,112,69,38,17,5,78,25,37,49,123" hai2="9,74,1,13,129,47,24,105,67,102,43,75,31" hai3="76,70,58,0,20,80,29,127,64,12,95,77,116"/><T50/><D117/><U28/><E69/><V62/><F1/><W35/><G0/><T6/><D124/><U51/><E2/><V18/><F129/><W79/><G127/><T42/><D42/><U7/><E17/><V128/><F128/><W89/><G70/><T16/><D4/><U33/><E78/><V3/><F3/><W36/><G36/><T57/><D6/><U115/><E87/><V48/><F102/><W126/><G35/><T63/><D63/><U99/><E99/><V120/><F105/><W32/><G32/><T135/><D135/><U92/><E92/><V131/><F120/><W14/><G126/><T113/><D113/><N who="1" m="43595" /><E7/><V56/><F131/><W61/><G116/><T86/><D83/><U84/><E84/><V66/><F66/><W107/><G107/><T134/><D134/><U65/><E65/><V54/><F67/><W68/><G68/><T52/><D55/><U114/><E5/><V133/><F133/><W73/><G73/><T94/><REACH who="0" step="1"/><D98/><REACH who="0" ten="129,275,363,223" step="2"/><U40/><E114/><V108/><REACH who="2" step="1"/><F108/><REACH who="2" ten="129,275,353,223" step="2"/><W103/><G80/><T26/><D26/><U72/><E40/><V130/><F130/><W96/><G103/><T59/><D59/><U118/><E118/><V91/><F91/><AGARI ba="0,2" hai="15,16,21,22,23,50,52,57,81,86,91,94,97,101" machi="91" ten="30,12000,1" yaku="1,1,7,1,8,1,54,2,53,0" doraHai="109" doraHaiUra="100" who="0" fromWho="2" sc="129,140,275,0,353,-120,223,0" /><INIT seed="4,1,0,4,4,88" ten="269,275,233,223" oya="0" hai0="11,76,50,108,130,132,122,9,26,18,49,112,3" hai1="67,95,127,84,58,126,116,42,113,118,19,32,82" hai2="120,53,92,87,39,135,134,90,36,124,77,71,46" hai3="40,106,24,65,119,62,128,78,34,68,69,91,75"/><T131/><D122/><U110/><E32/><V83/><F120/><W17/><G119/><T28/><D76/><U86/><E110/><V37/><F71/><W25/><G106/><T94/><D112/><U97/><E42/><V6/><F6/><W1/><G1/><T81/><D81/><U100/><E113/><V73/><F124/><N who="1" m="47657" /><E19/><V123/><F123/><W23/><G69/><T21/><D132/><U64/><E84/><V2/><F2/><W38/><G128/><N who="0" m="49195" /><D108/><U101/><E101/><V121/><F121/><W47/><G34/><N who="0" m="20759" /><D94/><U99/><E99/><V10/><F10/><N who="0" m="3594" /><D3/><U105/><E105/><V4/><F4/><W7/><G91/><T52/><D52/><U48/><E48/><V59/><REACH who="2" step="1"/><F46/><REACH who="2" ten="269,275,223,223" step="2"/><W22/><G47/><T29/><D29/><U33/><E116/><V43/><F43/><W15/><G40/><T44/><D44/><U20/><E118/><V57/><F57/><W55/><G38/><T0/><D0/><U13/><E58/><V117/><F117/><W16/><G68/><T14/><AGARI ba="1,1" hai="14,18,21,49,50" m="3594,20759,49195" machi="14" ten="30,1500,0" yaku="19,1" doraHai="88" who="0" fromWho="0" sc="269,28,275,-6,223,-6,223,-6" /><INIT seed="4,2,0,0,0,70" ten="297,269,217,217" oya="0" hai0="12,16,59,4,132,37,38,72,47,89,80,85,98" hai1="117,28,31,102,46,51,123,42,71,118,14,75,11" hai2="19,25,112,40,114,108,104,105,36,66,62,135,110" hai3="86,87,129,124,55,65,74,0,113,17,73,101,67"/><T109/><D4/><U111/><E111/><N who="2" m="42539" /><F19/><W99/><G0/><T56/><D109/><U69/><E75/><V45/><F25/><W54/><G113/><N who="2" m="43625" /><F135/><W78/><G78/><T57/><D132/><U18/><E123/><V48/><F48/><W96/><G17/><T63/><D72/><U119/><REACH who="1" step="1"/><E102/><REACH who="1" ten="297,259,217,217" step="2"/><V94/><F94/><W130/><REACH who="3" step="1"/><G101/><REACH who="3" ten="297,259,217,207" step="2"/><T93/><D63/><U35/><E35/><V24/><F24/><W34/><G34/><T10/><D80/><U83/><E83/><V77/><F77/><W43/><G43/><T81/><D81/><U84/><E84/><V21/><F21/><W29/><G29/><AGARI ba="2,2" hai="11,14,18,28,29,31,42,46,51,69,71,117,118,119" machi="29" ten="40,1300,0" yaku="1,1,53,0" doraHai="70" doraHaiUra="76" who="1" fromWho="3" sc="297,0,259,39,217,0,207,-19" /><INIT seed="5,0,0,1,2,1" ten="297,298,217,188" oya="1" hai0="24,47,32,83,122,75,19,133,125,71,49,131,58" hai1="30,28,23,82,26,110,18,86,70,107,29,91,78" hai2="69,113,38,132,20,48,85,64,9,77,46,81,98" hai3="13,99,105,121,33,41,39,56,34,61,7,51,94"/><U128/><E70/><V112/><F38/><W89/><G121/><T119/><D71/><U101/><E128/><V104/><F132/><W95/><G39/><T5/><D122/><U65/><E65/><V59/><F20/><W0/><G0/><T100/><D119/><U50/><E110/><V10/><F69/><W111/><G111/><T42/><D100/><U90/><E107/><V8/><F104/><W92/><G105/><T43/><D131/><U118/><E118/><V16/><F98/><W11/><G34/><T2/><D125/><U57/><REACH who="1" step="1"/><E101/><REACH who="1" ten="297,288,217,188" step="2"/><V54/><F64/><N who="3" m="38951" /><G33/><T21/><D133/><U108/><E108/><V3/><F3/><W68/><G68/><T15/><D32/><U76/><E76/><V67/><F67/><W135/><G135/><T53/><D2/><U74/><E74/><V72/><F72/><W87/><G87/><T36/><D75/><U114/><E114/><N who="2" m="44139" /><F59/><W120/><G120/><T88/><D58/><U116/><E116/><V96/><F96/><W127/><G127/><T134/><D134/><U73/><E73/><V17/><AGARI ba="0,1" hai="8,9,10,16,17,46,48,54,77,81,85" m="44139" machi="17" ten="40,5200,0" yaku="15,1,11,1,54,1" doraHai="1" who="2" fromWho="2" sc="297,-13,288,-26,217,62,188,-13" /><INIT seed="6,0,0,0,2,18" ten="284,262,279,175" oya="2" hai0="28,55,8,29,117,38,109,103,111,98,108,81,123" hai1="102,63,89,96,42,23,14,121,56,62,0,64,90" hai2="76,27,99,9,86,110,128,57,41,101,25,46,119" hai3="133,32,95,87,67,78,53,126,122,49,115,58,83"/><V37/><F119/><W94/><G32/><T43/><D123/><U5/><E0/><V17/><F110/><W47/><G122/><T104/><D117/><U45/><E121/><V16/><F128/><W65/><G126/><T4/><D38/><U114/><E114/><V72/><F72/><W107/><G107/><T112/><D112/><U77/><E77/><V2/><F57/><W85/><G115/><T24/><D43/><U50/><E63/><V34/><F34/><W73/><G133/><T127/><D127/><U135/><E135/><V71/><F71/><W22/><G73/><T105/><D105/><U84/><E84/><V19/><F2/><W120/><G120/><T130/><D130/><U79/><E79/><V125/><F9/><W33/><G33/><T15/><D81/><U52/><E42/><V113/><F113/><W91/><G94/><T92/><D104/><U100/><E5/><V131/><F131/><W61/><REACH who="3" step="1"/><G22/><REACH who="3" ten="284,262,279,165" step="2"/><T54/><D108/><U12/><E23/><V68/><F125/><W30/><G30/><T10/><D109/><U3/><E3/><V11/><F11/><W88/><G88/><N who="1" m="33898" /><E96/><V80/><REACH who="2" step="1"/><F68/><REACH who="2" ten="284,262,269,165" step="2"/><W35/><G35/><T21/><D111/><U7/><E56/><V134/><F134/><W118/><G118/><T70/><D70/><U40/><E64/><AGARI ba="0,2" hai="47,49,53,58,61,64,65,67,78,83,85,87,91,95" machi="64" ten="30,3900,0" yaku="1,1,7,1,8,1,53,0" doraHai="18" doraHaiUra="93" who="3" fromWho="1" sc="284,0,262,-39,269,0,165,59" /><INIT seed="7,0,0,1,3,79" ten="284,223,269,224" oya="3" hai0="23,54,101,75,117,28,107,0,17,118,84,50,25" hai1="92,49,73,87,2,10,18,69,115,68,70,76,106" hai2="9,108,104,93,135,130,7,39,15,111,43,35,83" hai3="91,14,95,1,97,133,123,26,20,114,46,44,6"/><W53/><G123/><T31/><D0/><U116/><E106/><V8/><F104/><W34/><G114/><T32/><D75/><U94/><E73/><V88/><F35/><W29/><G133/><T81/><D101/><U82/><E115/><V66/><F66/><W64/><G64/><T132/><D107/><U80/><E116/><V41/><F135/><W48/><G1/><T61/><D61/><U124/><E80/><V112/><F112/><W100/><G34/><T103/><D103/><U126/><E49/><V128/><F9/><N who="3" m="4407" /><G100/><T134/><D134/><U16/><E2/><V11/><F11/><W71/><G71/><T38/><D38/><U105/><E105/><V45/><F41/><W96/><G96/><T78/><D31/><U21/><E10/><V52/><F52/><W77/><G77/><T19/><D132/><U129/><E129/><N who="2" m="49771" /><F93/><N who="1" m="35945" /><E21/><V60/><F60/><W86/><G97/><T65/><D65/><U47/><E47/><AGARI ba="0,0" hai="20,26,29,44,46,47,48,53,86,91,95" m="4407" machi="47" ten="30,1500,0" yaku="8,1" doraHai="79" who="3" fromWho="1" sc="284,0,223,-15,269,0,224,15" /><INIT seed="7,1,0,1,0,44" ten="284,208,269,239" oya="3" hai0="120,86,52,27,32,98,23,3,81,97,10,96,8" hai1="50,70,134,0,14,5,58,4,13,90,69,95,30" hai2="121,83,34,93,124,79,61,64,94,113,29,129,53" hai3="42,16,56,38,55,89,28,128,117,17,37,100,78"/><W106/><G117/><T76/><D120/><U123/><E123/><V127/><F121/><W88/><G78/><T40/><D32/><U57/><E0/><V115/><F53/><W49/><G28/><N who="0" m="17535" /><D3/><U22/><E134/><V9/><F9/><N who="0" m="3690" /><D40/><U62/><E69/><N who="2" m="42127" /><F129/><W105/><G128/><T1/><D1/><U46/><E70/><V132/><F132/><W68/><G68/><T119/><D119/><U107/><E107/><V24/><F83/><W33/><G33/><T54/><AGARI ba="1,0" hai="52,54,76,81,86,96,97,98" m="3690,17535" machi="54" ten="30,2000,0" yaku="8,1,54,1" doraHai="44" who="0" fromWho="0" sc="284,23,208,-6,269,-6,239,-11" owari="307,41.0,202,-30.0,263,6.0,228,-17.0" /></mjloggm>