<mjloggm ver="2.3"><GO type="97" lobby="0"/><UN n0="%E3%82%A4%E3%82%AB%E5%A8%98" n1="%E3%83%88%E3%83%88%E3%83%AA%E5%85%88%E7%94%9F%31%39%E6%AD%B3" n2="%E8%84%B3%E5%A4%A9%E7%BD%B0%E7%AC%A6" n3="%E3%81%8B%E3%81%BC%E3%81%A1%E3%82%83%E3%81%BC" dan="13,13,14,13" rate="1856.77,1978.33,1929.58,1855.25" sx="F,F,M,M"/><TAIKYOKU oya="0"/><INIT seed="0,0,0,4,1,21" ten="250,250,250,250" oya="0" hai0="88,135,120,23,74,84,94,63,113,43,4,58,108" hai1="60,128,40,114,115,89,98,117,75,123,20,25,112" hai2="131,111,50,45,81,10,83,124,73,7,119,13,8" hai3="1,35,49,82,96,100,90,99,28,56,24,78,42"/><T31/><D120/><U16/><E123/><V130/><F119/><W53/><G1/><T29/><D74/><U95/><E117/><V104/><F104/><W46/><G90/><T97/><D113/><U37/><E75/><V91/><F111/><W109/><G109/><T77/><D108/><U36/><E128/><N who="2" m="49195" /><F73/><W3/><G3/><T67/><D135/><U79/><E79/><V72/><F72/><W66/><G66/><T2/><D43/><U14/><E40/><N who="2" m="24871" /><F124/><W62/><REACH who="3" step="1"/><G100/><REACH who="3" ten="250,250,250,240" step="2"/><T132/><D132/><U54/><E14/><N who="2" m="5407" /><F91/><W59/><G59/><AGARI ba="0,1" hai="16,20,25,36,37,54,59,60,89,95,98,112,114,115" machi="59" ten="40,8000,1" yaku="25,2,11,1,52,1,54,1" doraHai="21" who="1" fromWho="3" sc="250,0,250,90,250,0,240,-80" /><INIT seed="1,0,0,5,3,74" ten="250,340,250,160" oya="1" hai0="83,43,76,90,94,129,58,81,78,24,15,52,88" hai1="54,64,72,0,11,70,63,93,57,5,51,66,91" hai2="48,12,110,109,34,39,116,87,59,73,68,23,25" hai3="96,132,79,108,32,9,8,27,84,53,1,135,97"/><U92/><E72/><V80/><F73/><W117/><G117/><T56/><D43/><U41/><E91/><N who="0" m="34857" /><D129/><U85/><E85/><V100/><F68/><W36/><G108/><N who="2" m="41577" /><F39/><W50/><G36/><T28/><D94/><U10/><E10/><N who="3" m="4202" /><G1/><T71/><D71/><U121/><E121/><V31/><F100/><W134/><G32/><T30/><D15/><U112/><E112/><V40/><F116/><W22/><G84/><T86/><D24/><U67/><E41/><V19/><F40/><W55/><G79/><N who="0" m="30251" /><D86/><U118/><E118/><V62/><F48/><W75/><G75/><T61/><D58/><U123/><E123/><V35/><F87/><W14/><G14/><T115/><D115/><U111/><E111/><V101/><F80/><AGARI ba="0,0" hai="28,30,52,56,61,80,81,83" m="30251,34857" machi="80" ten="30,12000,2" yaku="8,1,52,3,54,2" doraHai="74" who="0" fromWho="2" sc="250,120,340,0,250,-120,160,0" /><INIT seed="2,0,0,0,5,91" ten="370,340,130,160" oya="2" hai0="18,75,10,72,68,7,67,112,126,20,62,98,134" hai1="102,14,101,87,50,35,31,43,54,106,63,0,70" hai2="76,48,4,28,111,61,105,32,78,21,96,82,127" hai3="22,84,124,5,125,113,44,25,41,45,36,53,74"/><V103/><F127/><N who="3" m="48715" /><G74/><T15/><D134/><U19/><E0/><V119/><F119/><W16/><G113/><T40/><D126/><U9/><E106/><V99/><F32/><W59/><G45/><T128/><D128/><U118/><E118/><V47/><F111/><W13/><G84/><T81/><D40/><U38/><E38/><V27/><F4/><W57/><G53/><T23/><D112/><U95/><E43/><V58/><F82/><W123/><G123/><T108/><D108/><U97/><E87/><V34/><F34/><W55/><G55/><T30/><D81/><U73/><E73/><V2/><F2/><W86/><G86/><T104/><D104/><U117/><E117/><V17/><F28/><N who="3" m="17463" /><G5/><T122/><D122/><U109/><E109/><V1/><F1/><W77/><G77/><T93/><D30/><U71/><E31/><V42/><REACH who="2" step="1"/><F99/><REACH who="2" ten="370,340,120,160" step="2"/><W49/><G36/><T79/><D98/><U100/><E35/><V52/><AGARI ba="0,1" hai="17,21,27,42,47,48,52,58,61,76,78,96,103,105" machi="52" ten="20,12000,1" yaku="1,1,2,1,0,1,7,1,54,1,53,0" doraHai="91" doraHaiUra="133" who="2" fromWho="2" sc="370,-40,340,-40,120,130,160,-40" /><INIT seed="2,1,0,4,2,39" ten="330,300,250,120" oya="2" hai0="38,129,119,100,0,31,70,86,45,133,34,48,53" hai1="126,26,10,13,60,130,6,58,12,47,62,21,81" hai2="36,103,77,85,15,110,7,87,37,73,78,111,52" hai3="43,14,41,121,132,113,84,91,67,118,74,16,134"/><V83/><F103/><W19/><G121/><T131/><D70/><U20/><E130/><N who="0" m="49673" /><D0/><U82/><E126/><V105/><F105/><W107/><G118/><T4/><D4/><U57/><E47/><V18/><F7/><W24/><G113/><T76/><D133/><N who="3" m="51305" /><G107/><T17/><D119/><U1/><E1/><V97/><F97/><W51/><G74/><T50/><D100/><U109/><E109/><N who="2" m="41483" /><F52/><W96/><G96/><T23/><D38/><N who="2" m="14954" /><F78/><W61/><G51/><N who="0" m="28911" /><D31/><U104/><E104/><V79/><F79/><W22/><G24/><N who="0" m="14447" /><D34/><U101/><E101/><V125/><F125/><W63/><G19/><T32/><D32/><U40/><E6/><V93/><F93/><N who="3" m="54503" /><G63/><T71/><D71/><AGARI ba="1,0" hai="14,16,22,41,43,61,67,71" m="54503,51305" machi="71" ten="30,7700,0" yaku="20,1,52,2,54,1" doraHai="39" who="3" fromWho="0" sc="330,-80,300,0,250,0,120,80" /><INIT seed="3,0,0,3,3,43" ten="250,300,250,200" oya="3" hai0="12,15,88,67,80,50,132,32,75,3,91,25,92" hai1="101,13,63,9,37,6,33,61,71,96,30,117,20" hai2="111,45,52,56,127,59,90,81,70,23,73,55,5" hai3="102,77,79,113,66,93,4,135,49,17,2,72,51"/><W86/><G72/><T118/><D3/><U104/><E37/><V76/><F70/><W68/><G113/><T106/><D106/><U108/><E108/><V18/><F111/><W128/><G128/><T10/><D132/><U38/><E38/><V40/><F127/><W42/><G135/><T83/><D118/><U35/><E117/><V95/><F5/><W105/><G105/><T121/><D121/><U41/><E41/><V123/><F123/><W100/><G2/><T130/><D130/><U89/><E63/><V87/><F59/><W58/><G4/><T34/><D67/><N who="1" m="41455" /><E33/><V8/><F8/><W48/><G68/><T39/><D39/><U11/><E89/><V120/><F56/><W124/><G124/><T109/><D109/><U82/><E82/><V84/><F73/><W114/><G114/><T65/><D65/><U21/><E11/><V24/><REACH who="2" step="1"/><F120/><REACH who="2" ten="250,300,240,200" step="2"/><W125/><G125/><T0/><D75/><U133/><E133/><V110/><F110/><W131/><G131/><T78/><D10/><U115/><E115/><V134/><F134/><W28/><G28/><T69/><D69/><U31/><E31/><V57/><F57/><W94/><G17/><T107/><D0/><U46/><E30/><V7/><F7/><W62/><G42/><T44/><D32/><U126/><E35/><V116/><F116/><W103/><REACH who="3" step="1"/><G86/><REACH who="3" ten="250,300,240,190" step="2"/><T47/><D34/><U16/><E126/><V54/><F54/><W53/><G53/><T22/><D12/><U36/><E16/><V1/><F1/><W60/><G60/><T85/><D15/><U14/><E14/><RYUUKYOKU ba="0,2" sc="250,-30,300,10,240,10,190,10" hai1="6,9,13,20,21,36,46,96,101,104" hai2="18,23,24,40,45,52,55,76,81,84,87,90,95" hai3="48,49,51,58,62,66,77,79,93,94,100,102,103" /><INIT seed="3,1,2,4,5,11" ten="220,310,250,200" oya="3" hai0="116,7,118,134,31,122,74,79,58,111,35,85,67" hai1="21,113,10,128,125,66,72,99,84,105,83,86,32" hai2="42,19,124,77,44,94,38,12,62,110,61,28,88" hai3="70,68,91,114,29,129,27,9,34,37,115,96,56"/><W0/><G129/><T41/><D74/><U76/><E32/><V3/><F3/><W80/><G37/><T87/><D122/><U132/><E66/><V92/><F124/><W101/><G56/><T65/><D35/><U117/><E21/><V25/><F77/><W5/><G91/><T64/><D31/><U40/><E10/><V71/><F71/><N who="3" m="27179" /><G80/><T8/><D134/><U121/><E40/><V133/><F110/><W43/><G43/><T4/><D111/><U107/><E128/><V73/><F133/><W46/><G46/><T75/><D41/><U98/><E132/><V102/><F102/><W97/><G97/><N who="1" m="36874" /><E113/><V18/><F73/><W135/><G135/><T59/><D59/><U26/><BYE who="0" /><E26/><V106/><F106/><AGARI ba="1,2" hai="0,5,9,27,29,34,96,101,106,114,115" m="27179" machi="106" ten="30,1500,0" yaku="23,1" doraHai="11" who="3" fromWho="2" sc="220,0,310,0,250,-18,200,38" /><INIT seed="3,2,0,2,2,11" ten="220,310,232,238" oya="3" hai0="52,98,101,4,71,32,36,79,28,129,74,125,8" hai1="47,44,27,66,107,16,7,21,67,42,92,24,117" hai2="9,49,113,119,62,19,15,60,14,56,109,53,72" hai3="30,121,133,64,3,91,134,112,34,63,77,99,13"/><W80/><G121/><T111/><D111/><U87/><E107/><V54/><F72/><W128/><G112/><T2/><D2/><U94/><E117/><V75/><F75/><N who="3" m="43071" /><G3/><T123/><D123/><U97/><E7/><V82/><F109/><W70/><G128/><T48/><D48/><N who="1" m="26647" /><E47/><V130/><F82/><W126/><G126/><T122/><D122/><U10/><E10/><V104/><F104/><W12/><G30/><T33/><D33/><U124/><E124/><V17/><F113/><W110/><G34/><T127/><D127/><U118/><E118/><V102/><F102/><W46/><G46/><T29/><D29/><U95/><E27/><V58/><F130/><W83/><G110/><T22/><D22/><U90/><E94/><V57/><F119/><W1/><G1/><T89/><D89/><AGARI ba="2,0" hai="16,21,24,66,67,87,89,90,92,95,97" m="26647" machi="89" ten="30,2000,0" yaku="8,1,54,1" doraHai="11" who="1" fromWho="0" sc="220,-26,310,26,232,0,238,0" owari="194,-31.0,336,44.0,232,-17.0,238,4.0" /></mjloggm>