<mjloggm ver="2.3"><GO type="97" lobby="0"/><UN n0="%73%61%6B%69%36%33%34%32" n1="%E5%B0%B1%E6%B4%BB%E7%94%9F%40%E5%B7%9D%E6%9D%91%E8%BB%8D%E5%9B%A3" n2="%E3%81%AF%E3%81%AA%E3%81%BE%E3%82%8B%E3%81%8D" n3="%E3%81%97%E3%82%85%E3%81%B0%E3%82%8B%E3%81%A4" dan="15,14,14,13" rate="1979.17,1987.55,1947.57,1863.21" sx="M,M,M,M"/><TAIKYOKU oya="0"/><INIT seed="0,0,0,2,5,58" ten="250,250,250,250" oya="0" hai0="66,111,82,98,89,1,14,52,23,3,50,126,113" hai1="77,121,12,21,55,132,46,127,7,122,17,34,26" hai2="61,118,43,99,131,69,13,10,57,125,8,71,129" hai3="56,76,49,36,22,80,86,48,119,60,114,97,102"/><T28/><D113/><U124/><E77/><V106/><F43/><W81/><G114/><T45/><D126/><N who="1" m="48171" /><E46/><V65/><F118/><W90/><G36/><T123/><D123/><N who="1" m="47115" /><E55/><V40/><F40/><W88/><G119/><T73/><D111/><U79/><E79/><V67/><F125/><W30/><G30/><T47/><D66/><U35/><E132/><V24/><F24/><W54/><G22/><T85/><D73/><U33/><E7/><V128/><F67/><W25/><G25/><AGARI ba="0,0" hai="12,17,21,25,26,33,34,35" m="47115,48171" machi="25" ten="40,5200,0" yaku="18,1,34,2" doraHai="58" who="1" fromWho="3" sc="250,0,250,52,250,0,250,-52" /><INIT seed="1,0,0,3,2,22" ten="250,302,250,198" oya="1" hai0="66,111,20,112,32,118,54,101,41,39,5,109,90" hai1="91,99,35,63,84,53,59,31,86,123,130,13,62" hai2="85,83,51,72,3,113,9,108,73,0,15,68,40" hai3="17,34,6,102,76,129,96,114,79,19,8,103,107"/><U69/><E123/><V134/><F68/><W80/><G34/><T2/><D20/><U57/><E130/><V37/><F37/><W97/><G114/><T50/><D101/><U58/><E69/><V106/><F106/><W131/><G131/><T64/><D90/><U56/><E13/><V16/><F113/><W132/><G132/><T104/><D5/><U95/><REACH who="1" step="1"/><E62/><REACH who="1" ten="250,292,250,198" step="2"/><V47/><F3/><W128/><G128/><T71/><D112/><U126/><E126/><V38/><F0/><W29/><G129/><T117/><D2/><U21/><E21/><V94/><F134/><W48/><G107/><T119/><D71/><U74/><E74/><V45/><F108/><W125/><G125/><T14/><D104/><U25/><AGARI ba="0,1" hai="25,31,35,53,56,57,58,59,63,84,86,91,95,99" machi="25" ten="30,6000,0" yaku="1,1,0,1,52,1,53,0" doraHai="22" doraHaiUra="61" who="1" fromWho="1" sc="250,-20,292,70,250,-20,198,-20" /><INIT seed="1,1,0,0,5,125" ten="230,362,230,178" oya="1" hai0="23,113,97,63,28,60,24,72,80,43,42,56,108" hai1="57,111,64,25,31,99,78,133,93,86,71,123,83" hai2="58,87,112,126,53,117,66,30,116,62,69,29,11" hai3="40,90,34,88,1,109,92,44,37,2,122,21,59"/><U4/><E123/><V98/><F126/><W19/><G34/><T26/><D108/><U54/><E111/><V129/><F112/><W132/><G109/><T114/><D113/><U22/><E133/><V45/><F11/><W131/><G132/><T74/><D114/><U39/><E39/><V134/><F134/><W110/><G110/><T48/><D74/><U27/><E4/><V81/><F98/><W13/><G122/><T18/><D72/><U51/><E27/><V121/><F45/><W6/><G90/><T79/><D79/><U84/><E71/><V120/><F129/><W9/><G59/><T15/><D80/><U47/><E84/><V32/><F32/><W0/><REACH who="3" step="1"/><G131/><REACH who="3" ten="230,362,230,168" step="2"/><T75/><D56/><U35/><E35/><V73/><F121/><W5/><G5/><T65/><D63/><U68/><E68/><V130/><F120/><W41/><G41/><T12/><D60/><U3/><E57/><V50/><F130/><W10/><G10/><T89/><D43/><U33/><E33/><V107/><F58/><W105/><G105/><T95/><D65/><U100/><E64/><V127/><F66/><W115/><G115/><T70/><D70/><U77/><E77/><V20/><F69/><W101/><G101/><T61/><D61/><U85/><E78/><V128/><F62/><W94/><G94/><T36/><D42/><U91/><E91/><V76/><F107/><W38/><G38/><T14/><D36/><U67/><E67/><V103/><F128/><W17/><G17/><T106/><D106/><U52/><E100/><V119/><F103/><RYUUKYOKU ba="1,1" sc="230,-10,362,-10,230,-10,168,30" hai3="0,1,2,6,9,13,19,21,37,40,44,88,92" /><INIT seed="2,2,1,4,1,124" ten="220,352,220,198" oya="2" hai0="13,17,43,80,51,102,68,24,64,7,38,135,33" hai1="73,127,70,82,76,40,95,52,110,50,109,57,32" hai2="48,106,34,112,22,12,49,23,20,97,25,74,0" hai3="129,132,19,39,78,108,21,11,84,88,44,2,59"/><V5/><F112/><W134/><G108/><N who="1" m="41578" /><E127/><V111/><F74/><W131/><G78/><T62/><D51/><U125/><E125/><V100/><F0/><W128/><G59/><T31/><D135/><U58/><E32/><V77/><F77/><W90/><G90/><T65/><D64/><U105/><E105/><V4/><F111/><W117/><G117/><T79/><D7/><U10/><E70/><V14/><F5/><N who="3" m="1463" /><G44/><T35/><D102/><U133/><E133/><V87/><F87/><W6/><G6/><T55/><D55/><U104/><E104/><V126/><F126/><W36/><G19/><T85/><D43/><U26/><E40/><V107/><F106/><W86/><G86/><T67/><D35/><U37/><E37/><N who="3" m="14410" /><G21/><T29/><D38/><U72/><E10/><V81/><F81/><AGARI ba="2,1" hai="81,84,88,128,129,131,132,134" m="14410,1463" machi="81" ten="40,8000,1" yaku="19,1,52,3,54,1" doraHai="124" who="3" fromWho="2" sc="220,0,352,0,220,-86,198,96" /><INIT seed="3,0,0,2,3,73" ten="220,352,134,294" oya="3" hai0="4,27,8,113,92,97,24,86,126,22,134,47,64" hai1="33,2,115,107,56,68,94,29,26,32,125,16,121" hai2="89,38,88,106,70,43,69,49,61,52,72,67,83" hai3="60,111,50,123,0,114,12,42,117,79,127,130,98"/><W103/><G12/><N who="0" m="5127" /><D134/><U124/><E68/><V34/><F106/><W95/><G42/><T116/><D126/><N who="1" m="48747" /><E107/><V55/><F34/><W74/><G74/><T25/><D116/><U76/><E115/><V40/><F72/><W35/><G60/><T82/><D113/><U1/><E121/><V53/><F83/><W58/><G50/><T102/><D64/><U7/><E33/><V13/><F13/><W3/><G123/><T11/><D11/><U5/><E76/><V129/><F129/><W23/><G130/><T39/><D47/><U80/><E80/><V75/><F75/><W135/><G135/><T6/><D39/><U101/><E56/><N who="2" m="37287" /><F88/><W84/><G35/><T62/><D62/><U15/><E94/><V65/><F89/><W21/><G114/><T104/><D6/><N who="1" m="2059" /><E101/><V85/><F85/><W71/><G103/><T20/><D104/><U36/><E36/><V91/><F91/><AGARI ba="0,0" hai="20,22,24,25,27,82,86,91,92,97,102" m="5127" machi="91" ten="30,1000,0" yaku="8,1" doraHai="73" who="0" fromWho="2" sc="220,10,352,0,134,-10,294,0" owari="230,-17.0,352,46.0,124,-38.0,294,9.0" /></mjloggm>