<mjloggm ver="2.3"><GO type="169" lobby="0"/><UN n0="%E6%97%85%E3%81%AB%E5%87%BA%E3%81%9F%E3%83%AA%E3%83%BC%E6%A3%92" n1="%E5%B0%B1%E6%B4%BB%E7%94%9F%40%E5%B7%9D%E6%9D%91%E8%BB%8D%E5%9B%A3" n2="%E4%BF%BA%E3%81%AE%E3%83%84%E3%83%A2%E3%82%92%E8%A6%8B%E3%82%8D" n3="%72%61%74%65%72%61%74%65" dan="16,16,16,16" rate="2095.73,2060.78,2055.18,2105.19" sx="M,M,M,M"/><TAIKYOKU oya="0"/><INIT seed="0,0,0,0,3,87" ten="250,250,250,250" oya="0" hai0="41,18,101,114,27,80,10,82,70,56,105,125,50" hai1="68,115,75,110,89,78,43,112,81,36,53,124,123" hai2="118,104,99,55,45,73,102,71,98,38,22,86,133" hai3="120,108,51,65,4,74,5,14,61,35,8,17,20"/><T121/><D70/><U34/><E34/><V97/><F73/><W85/><G74/><T59/><D114/><N who="1" m="43563" /><E68/><V113/><F71/><W6/><G108/><T129/><D121/><U95/><E123/><V37/><F113/><W13/><G120/><T128/><D125/><U88/><E124/><V67/><F67/><W19/><G35/><T93/><D105/><U135/><E135/><V2/><F2/><W122/><G122/><T127/><D127/><U29/><E110/><V33/><F33/><W7/><N who="3" m="1024" /><DORA hai="16" /><W28/><G28/><T15/><D27/><U0/><E0/><V132/><F118/><W23/><G85/><T62/><D41/><U77/><E77/><V94/><F86/><W111/><G111/><T44/><D101/><U100/><E53/><V109/><F109/><W25/><G51/><T39/><D93/><U90/><E29/><V30/><F132/><W54/><G54/><N who="0" m="30023" /><D39/><U26/><E26/><V116/><F133/><W83/><G25/><T96/><D96/><N who="1" m="59423" /><E43/><V31/><F116/><W103/><G103/><T92/><D92/><U131/><E36/><V58/><F38/><W9/><REACH who="3" step="1"/><G83/><REACH who="3" ten="250,250,250,240" step="2"/><T119/><D119/><U57/><E57/><AGARI ba="0,1" hai="8,9,13,14,17,19,20,23,57,61,65" m="1024" machi="57" ten="50,12000,2" yaku="1,1,2,1,9,1,8,1,52,2,53,0" doraHai="87,16" doraHaiUra="40,42" who="3" fromWho="1" sc="250,0,250,-120,250,0,240,130" /><INIT seed="1,0,0,3,5,52" ten="250,130,250,370" oya="1" hai0="7,9,111,0,98,128,46,44,3,101,84,120,39" hai1="64,86,125,90,63,4,99,53,91,73,69,67,61" hai2="20,135,122,35,1,34,56,115,29,42,32,45,74" hai3="23,79,134,112,102,25,132,131,31,94,104,2,11"/><U108/><E125/><V76/><F122/><W66/><G104/><T116/><D116/><U124/><E73/><V10/><F115/><W50/><G112/><T62/><D120/><U118/><E124/><V55/><F135/><N who="3" m="51755" /><G131/><T60/><D128/><U77/><E118/><V27/><F76/><W26/><G66/><T82/><D3/><U103/><E108/><V97/><F74/><W57/><G79/><T95/><D111/><U93/><E53/><V117/><F117/><W83/><G83/><T71/><D39/><U105/><E4/><V12/><F97/><N who="3" m="59703" /><G26/><T5/><D5/><U18/><E18/><V80/><F80/><W22/><G22/><T17/><D17/><U119/><E119/><V19/><F1/><W40/><G57/><T96/><D71/><U100/><E77/><V127/><F127/><W58/><G58/><T16/><D82/><U87/><E103/><V75/><F75/><W123/><G123/><T110/><D101/><U21/><E21/><V113/><F113/><W130/><G130/><T109/><D109/><U28/><E28/><V65/><F65/><W129/><G129/><T81/><D81/><U41/><E90/><V15/><F15/><W49/><G40/><T48/><D110/><U88/><E41/><V54/><F56/><W85/><G85/><T24/><D84/><U47/><E47/><V121/><REACH who="2" step="1"/><F121/><REACH who="2" ten="250,130,240,370" step="2"/><W51/><G2/><T59/><D0/><U37/><E105/><V43/><F43/><W126/><G126/><T6/><D59/><N who="1" m="36927" /><E99/><V36/><AGARI ba="0,1" hai="10,12,19,20,27,29,32,34,35,36,42,45,54,55" machi="36" ten="30,2000,0" yaku="1,1,0,1,53,0" doraHai="52" doraHaiUra="33" who="2" fromWho="2" sc="250,-5,130,-10,240,30,370,-5" /><INIT seed="2,0,0,5,0,89" ten="245,120,270,365" oya="2" hai0="67,50,125,20,49,126,14,19,88,120,27,87,30" hai1="94,42,21,127,77,91,119,97,95,115,124,131,84" hai2="64,105,53,43,57,44,16,72,39,37,81,23,73" hai3="98,3,92,36,70,54,102,135,62,121,90,68,86"/><V41/><F105/><W6/><G121/><T93/><D67/><U15/><E42/><V4/><F64/><W22/><G36/><T1/><D1/><U55/><E119/><V46/><F4/><W52/><G135/><T45/><D120/><U104/><E115/><V75/><F81/><W63/><G63/><T99/><D99/><U40/><E40/><V82/><F82/><W5/><G5/><T61/><D61/><U33/><E33/><V51/><REACH who="2" step="1"/><F73/><REACH who="2" ten="245,120,260,365" step="2"/><W83/><G6/><T103/><D126/><N who="1" m="48171" /><E104/><V32/><F32/><W11/><G3/><T109/><D125/><U66/><E131/><V59/><F59/><W110/><G70/><T34/><D45/><U106/><E106/><V130/><F130/><W28/><G68/><T116/><D116/><U12/><E66/><V17/><F17/><W56/><G83/><T35/><D35/><U18/><E77/><V65/><F65/><W2/><G2/><T85/><D34/><U79/><E79/><V69/><F69/><W100/><G56/><T8/><D109/><U7/><E7/><V117/><F117/><W26/><G28/><T10/><D30/><U25/><E55/><V123/><F123/><W113/><G110/><T78/><D19/><U122/><E122/><V38/><F38/><W13/><G113/><T114/><D114/><U101/><AGARI ba="0,1" hai="12,15,18,21,25,84,91,94,95,97,101" m="48171" machi="101" ten="30,4000,0" yaku="18,1,52,2" doraHai="89" who="1" fromWho="1" sc="245,-10,120,50,260,-20,365,-10" /><INIT seed="3,0,0,1,2,123" ten="235,170,240,355" oya="3" hai0="33,63,92,66,75,131,133,77,78,101,102,80,107" hai1="27,62,19,42,60,37,105,36,44,97,0,128,120" hai2="98,50,53,17,69,117,8,70,29,93,24,79,108" hai3="129,111,7,54,104,106,30,87,1,68,119,88,11"/><W85/><G119/><T52/><D133/><U81/><E120/><V13/><F117/><W76/><G129/><T9/><D131/><U72/><E128/><V34/><F79/><W55/><G68/><T100/><D107/><U46/><E0/><V47/><F108/><W94/><G111/><T121/><D121/><U56/><E72/><V35/><REACH who="2" step="1"/><F34/><REACH who="2" ten="235,170,230,355" step="2"/><W38/><G76/><T118/><D33/><U115/><E115/><V64/><F64/><W12/><G38/><T116/><D78/><U99/><E37/><V58/><F58/><W124/><G124/><T122/><D66/><U10/><E46/><V112/><F112/><W110/><G110/><T48/><D122/><U15/><E105/><V26/><F26/><W22/><G104/><T16/><D118/><U125/><E125/><V23/><F23/><W126/><G106/><T73/><D116/><U84/><E27/><V5/><F5/><W28/><G126/><T95/><D75/><U20/><E20/><V25/><F25/><N who="3" m="16439" /><G1/><T31/><D31/><U67/><REACH who="1" step="1"/><E60/><REACH who="1" ten="235,160,230,355" step="2"/><V43/><F43/><W96/><G30/><T21/><D63/><U132/><E132/><V130/><F130/><W103/><G103/><AGARI ba="0,2" hai="8,13,17,24,29,35,47,50,53,69,70,93,98,103" machi="103" ten="30,3900,0" yaku="1,1,7,1,53,1" doraHai="123" doraHaiUra="45" who="2" fromWho="3" sc="235,0,160,0,230,59,355,-39" /><INIT seed="4,0,0,5,4,24" ten="235,160,289,316" oya="0" hai0="126,25,68,119,60,21,99,13,92,89,11,91,35" hai1="1,17,65,58,28,135,133,49,55,111,30,56,97" hai2="117,87,62,39,5,16,40,19,61,32,46,43,48" hai3="134,70,73,95,84,66,81,76,106,110,127,2,98"/><T38/><D119/><U90/><E1/><V59/><F117/><W131/><G110/><T86/><D126/><U18/><E111/><V15/><F32/><W14/><G2/><T116/><D116/><U33/><E33/><V51/><F39/><W29/><G127/><T88/><D38/><U74/><E74/><V67/><F5/><W53/><G131/><T23/><D35/><U79/><E79/><V10/><F87/><W42/><G42/><T57/><D68/><U77/><E77/><V115/><F115/><W102/><G134/><N who="1" m="51210" /><E65/><V107/><F107/><W27/><G14/><T104/><D104/><U114/><E58/><V129/><F129/><W54/><G66/><N who="0" m="39183" /><D86/><U31/><E114/><V125/><F125/><W94/><G94/><AGARI ba="0,0" hai="17,18,28,30,31,49,55,56,90,94,97" m="51210" machi="94" ten="30,7700,0" yaku="20,1,52,3" doraHai="24" who="1" fromWho="3" sc="235,0,160,77,289,0,316,-77" /><INIT seed="5,0,0,2,4,56" ten="235,237,289,239" oya="1" hai0="132,95,119,3,1,72,89,99,66,62,47,135,35" hai1="24,7,49,86,65,113,58,32,18,48,82,6,74" hai2="73,26,33,41,23,17,5,125,98,100,11,36,2" hai3="0,107,68,13,55,117,69,112,123,38,14,102,30"/><U60/><E74/><V133/><F133/><N who="0" m="51274" /><D119/><U129/><E129/><V78/><F125/><W103/><G55/><T15/><D35/><U91/><E113/><V27/><F78/><W21/><G21/><T71/><D72/><U128/><E128/><V50/><F73/><W115/><G30/><T29/><D29/><U124/><E124/><V111/><F111/><W109/><G109/><T25/><D25/><U134/><E134/><V87/><F87/><W108/><G108/><T31/><D31/><U37/><E37/><V28/><F36/><W77/><G77/><T80/><D80/><U92/><E32/><V90/><F90/><W130/><G130/><T106/><D106/><U10/><E82/><V70/><F70/><W61/><G0/><T63/><D63/><U34/><E34/><V116/><F116/><W121/><G61/><T110/><D110/><U39/><E39/><V52/><F41/><W44/><G38/><T64/><D64/><U81/><E81/><V40/><F40/><W67/><G67/><T54/><D15/><N who="1" m="7543" /><E24/><V101/><REACH who="2" step="1"/><F98/><REACH who="2" ten="235,237,279,239" step="2"/><W122/><G122/><T19/><D71/><U83/><E83/><V20/><F20/><W118/><G44/><AGARI ba="0,1" hai="2,5,11,17,23,26,27,28,33,44,50,52,100,101" machi="44" ten="30,3900,0" yaku="1,1,7,1,54,1,53,0" doraHai="56" doraHaiUra="53" who="2" fromWho="3" sc="235,0,237,0,279,49,239,-39" /><INIT seed="6,0,0,5,3,78" ten="235,237,328,200" oya="2" hai0="36,17,4,9,51,14,39,52,104,67,108,107,113" hai1="8,64,121,99,98,35,94,82,48,43,54,128,37" hai2="16,31,59,2,42,103,124,115,88,1,46,127,70" hai3="22,95,91,87,96,40,29,21,26,132,53,25,33"/><V62/><F70/><W23/><G132/><T80/><D108/><U90/><E35/><V93/><F31/><W120/><G120/><T114/><D67/><U13/><E121/><V100/><F115/><N who="0" m="44042" /><D4/><U6/><E128/><V20/><F100/><W131/><G131/><T105/><D80/><U63/><E37/><V10/><F103/><W32/><G40/><T130/><D130/><U75/><E43/><V45/><F10/><W19/><G53/><T72/><D72/><U97/><E82/><V55/><F2/><W110/><G110/><T69/><D69/><U5/><E5/><V49/><F1/><W111/><G111/><T125/><D125/><U24/><E24/><V106/><F46/><AGARI ba="0,0" hai="9,14,17,36,39,46,51,52,104,105,107" m="44042" machi="46" ten="40,2600,0" yaku="15,1,54,1" doraHai="78" who="0" fromWho="2" sc="235,26,237,0,328,-26,200,0" /><INIT seed="7,0,0,3,3,14" ten="261,237,302,200" oya="3" hai0="95,56,122,58,133,62,106,135,45,10,53,90,131" hai1="88,57,41,61,102,39,129,9,73,25,1,28,69" hai2="79,115,2,78,72,51,82,31,16,77,50,20,119" hai3="76,47,60,81,11,127,74,75,121,12,123,59,100"/><W108/><G123/><T52/><D106/><U13/><E73/><V92/><F2/><W103/><G121/><T117/><D122/><U67/><E1/><V126/><F119/><W66/><G127/><T27/><D117/><U114/><E114/><V38/><F38/><W70/><G75/><T84/><D131/><U97/><E41/><V29/><F126/><W46/><G108/><T15/><D27/><U48/><E39/><V44/><F115/><W5/><REACH who="3" step="1"/><G59/><REACH who="3" ten="261,237,302,190" step="2"/><T7/><D45/><AGARI ba="0,1" hai="5,11,12,45,46,47,60,66,70,74,76,81,100,103" machi="45" ten="40,3900,0" yaku="1,1,2,1,53,0" doraHai="14" doraHaiUra="109" who="3" fromWho="0" sc="261,-39,237,0,302,0,190,49" /><INIT seed="7,1,0,4,2,121" ten="222,237,302,239" oya="3" hai0="29,53,8,91,105,87,112,46,51,67,134,15,9" hai1="78,68,96,20,24,69,42,83,32,63,25,71,100" hai2="6,12,124,125,114,34,72,21,84,26,49,130,115" hai3="106,101,123,50,88,65,54,70,119,129,133,45,55"/><W82/><G123/><T23/><D112/><N who="2" m="43050" /><F72/><W2/><G119/><T14/><D134/><U79/><E42/><V37/><F37/><W16/><G2/><T127/><D127/><U43/><E43/><V39/><F39/><W85/><G133/><T95/><D105/><U116/><E116/><V41/><F130/><W76/><G129/><T128/><D128/><U92/><E32/><V109/><F109/><W35/><G35/><T80/><D67/><U58/><E83/><V97/><F97/><W77/><G55/><T90/><D29/><N who="1" m="17543" /><E25/><V5/><F84/><W111/><G111/><T11/><REACH who="0" step="1"/><D23/><REACH who="0" ten="212,237,302,239" step="2"/><U48/><E71/><V52/><F21/><W10/><G70/><T44/><D44/><U103/><E69/><V36/><F124/><W17/><G65/><T120/><D120/><U94/><E68/><V64/><F64/><W33/><G33/><T1/><D1/><U104/><E104/><V126/><F126/><W107/><G107/><T98/><AGARI ba="1,1" hai="8,9,11,14,15,46,51,53,80,87,90,91,95,98" machi="98" ten="30,12000,2" yaku="1,1,0,1,8,1,53,3" doraHai="121" doraHaiUra="4" who="0" fromWho="0" sc="212,133,237,-31,302,-31,239,-61" owari="345,44.0,206,-19.0,271,7.0,178,-32.0" /></mjloggm>