<mjloggm ver="2.3"><GO type="97" lobby="0"/><UN n0="%E3%83%87%E3%82%B9%E3%83%86%E3%83%8B%E3%83%BC%E3%83%84%E3%83%A2" n1="%6F%72%61%6D%69%64%6F" n2="%E3%83%88%E3%83%88%E3%83%AA%E5%85%88%E7%94%9F%31%39%E6%AD%B3" n3="%E3%83%8B%E3%82%B3%E5%8E%A8%EF%BC%A0%E5%B7%9D%E6%9D%91%E8%BB%8D%E5%9B%A3" dan="13,13,14,14" rate="1941.08,1883.70,2040.60,2032.43" sx="M,M,F,F"/><TAIKYOKU oya="0"/><INIT seed="0,0,0,0,2,71" ten="250,250,250,250" oya="0" hai0="17,119,102,120,110,65,78,63,35,126,19,125,50" hai1="23,4,31,135,123,33,101,104,90,30,111,42,72" hai2="93,28,69,56,133,122,94,32,132,39,40,129,85" hai3="68,20,45,9,121,107,73,46,43,80,134,8,99"/><T82/><D119/><U13/><E72/><V38/><F122/><W61/><G134/><N who="2" m="51817" /><F69/><W25/><G46/><T114/><D120/><U118/><E135/><V34/><F40/><W124/><G124/><N who="0" m="47723" /><D114/><U84/><E123/><V51/><F129/><W60/><G121/><T37/><D35/><N who="2" m="13354" /><F28/><W127/><G127/><T88/><D102/><U79/><E118/><V112/><F112/><W98/><G107/><T58/><D110/><U54/><E111/><V2/><F2/><W49/><G73/><N who="0" m="43343" /><D50/><U86/><E33/><V16/><F16/><N who="0" m="6218" /><D88/><U77/><E42/><V128/><F128/><W115/><G115/><T108/><D108/><U26/><E31/><V81/><F94/><W106/><G106/><T47/><D47/><U22/><E101/><V89/><F93/><W131/><G80/><T100/><D100/><U11/><E104/><V116/><F116/><W57/><G131/><T1/><D1/><U44/><E23/><V53/><AGARI ba="0,0" hai="38,39,51,53,56,81,85,89" m="13354,51817" machi="53" ten="40,5200,0" yaku="20,1,52,2" doraHai="71" who="2" fromWho="2" sc="250,-26,250,-13,250,52,250,-13" /><INIT seed="1,0,0,1,5,29" ten="224,237,302,237" oya="1" hai0="119,102,93,132,105,81,80,67,74,91,128,9,92" hai1="134,12,59,114,72,13,42,84,11,82,106,51,68" hai2="6,103,95,110,19,15,94,16,10,76,1,2,78" hai3="133,86,63,38,62,88,96,41,69,8,71,116,22"/><U127/><E114/><V64/><F110/><W44/><G8/><T135/><D9/><U14/><E68/><V130/><F130/><W7/><G7/><T27/><D27/><U66/><E72/><V57/><F2/><W26/><G96/><N who="0" m="61639" /><D67/><U39/><E39/><V25/><F1/><W35/><G35/><T98/><D119/><U122/><E106/><V129/><F129/><W50/><G133/><N who="0" m="51275" /><D128/><U65/><E134/><V124/><F124/><W118/><G69/><T121/><D121/><U54/><E127/><V47/><F103/><W123/><G123/><T49/><D49/><U60/><E122/><V43/><F57/><W23/><G23/><T120/><D120/><U58/><E66/><V99/><F64/><W55/><G71/><T17/><D17/><N who="1" m="8351" /><E42/><V77/><F25/><W36/><G36/><T33/><D93/><U100/><E100/><N who="2" m="60535" /><F95/><W0/><G0/><T107/><D107/><U73/><E73/><V125/><F125/><W131/><G131/><T97/><D74/><U4/><E4/><V89/><F43/><W34/><G22/><T87/><D98/><U85/><E85/><V24/><F24/><W20/><G20/><T70/><D80/><U115/><E115/><V45/><F6/><W40/><G40/><T30/><D70/><U46/><E46/><N who="2" m="17419" /><F19/><W18/><G18/><T21/><D30/><U48/><E48/><V108/><F16/><W90/><G41/><T126/><D21/><U28/><E28/><V75/><F75/><W3/><G38/><T113/><D126/><U31/><E31/><V56/><F10/><W101/><G3/><RYUUKYOKU ba="0,0" sc="224,-10,237,30,302,-10,237,-10" hai1="13,14,51,54,58,59,60,65,82,84" /><INIT seed="1,1,0,3,5,111" ten="214,267,292,227" oya="1" hai0="135,26,85,60,28,49,107,62,90,21,98,36,40" hai1="123,77,89,29,125,53,95,82,3,117,52,87,11" hai2="68,79,104,103,88,70,80,6,25,30,122,34,57" hai3="121,4,42,27,31,14,7,112,99,66,69,93,10"/><U106/><E123/><V15/><F122/><W48/><G121/><T0/><D0/><U108/><E117/><V120/><F120/><W126/><G126/><T16/><D36/><U94/><E125/><V116/><F116/><W65/><G4/><T110/><D110/><U47/><E108/><V115/><F57/><W130/><G130/><T131/><D131/><U76/><E106/><V45/><F88/><W101/><G112/><T100/><D135/><U55/><E47/><V134/><F134/><W109/><G109/><T24/><D49/><U84/><E29/><V5/><F5/><W72/><G72/><T18/><D40/><U113/><E113/><V20/><F115/><W58/><G69/><T19/><REACH who="0" step="1"/><D26/><REACH who="0" ten="204,267,292,227" step="2"/><U8/><E3/><V102/><F25/><W17/><G42/><T41/><D41/><U2/><E2/><V96/><F45/><W35/><G48/><T92/><AGARI ba="1,1" hai="16,18,19,21,24,28,60,62,85,90,92,98,100,107" machi="92" ten="30,4000,0" yaku="1,1,0,1,54,1,53,0" doraHai="111" doraHaiUra="64" who="0" fromWho="0" sc="204,53,267,-21,292,-11,227,-11" /><INIT seed="2,0,0,3,1,7" ten="257,246,281,216" oya="2" hai0="14,25,125,9,58,72,63,126,57,62,93,50,95" hai1="111,64,67,26,80,20,49,31,124,10,60,52,100" hai2="73,117,61,34,79,68,127,70,71,82,92,109,21" hai3="77,65,103,51,8,97,108,132,24,81,96,15,113"/><V19/><F117/><W5/><G113/><T11/><D72/><U1/><E124/><N who="0" m="47721" /><D50/><U98/><E111/><V110/><F34/><W99/><G108/><N who="2" m="41577" /><F92/><N who="0" m="35402" /><D14/><U128/><E128/><V78/><F78/><W90/><G132/><T56/><D25/><U48/><E80/><V59/><F127/><W74/><G90/><T94/><N who="0" m="35410" /><T88/><DORA hai="102" /><D88/><U114/><E114/><V130/><F130/><W45/><G65/><T35/><D35/><U91/><E91/><V36/><F36/><W75/><G24/><T83/><D83/><U116/><E116/><V69/><N who="2" m="17408" /><DORA hai="27" /><V38/><F38/><W101/><REACH who="3" step="1"/><G74/><REACH who="3" ten="257,246,281,206" step="2"/><T133/><D133/><U105/><E67/><N who="2" m="39359" /><F73/><W89/><G89/><T131/><D131/><U22/><E22/><V2/><F79/><W37/><G37/><T39/><D39/><U23/><E23/><V66/><F66/><W112/><G112/><T53/><D53/><AGARI ba="0,1" hai="5,8,15,45,51,53,75,77,81,96,97,99,101,103" machi="53" ten="40,5200,0" yaku="1,1,52,1,53,1" doraHai="7,102,27" doraHaiUra="84,85,42" who="3" fromWho="0" sc="257,-52,246,0,281,0,206,62" /><INIT seed="3,0,0,1,2,34" ten="205,246,281,268" oya="3" hai0="30,6,46,61,91,4,72,86,83,124,37,118,21" hai1="27,51,20,134,28,47,11,16,24,109,96,133,126" hai2="25,120,33,3,80,89,1,122,13,7,104,114,52" hai3="78,128,115,64,105,71,97,26,93,82,94,44,54"/><W73/><G115/><T12/><D118/><U53/><E109/><V15/><F114/><W19/><G128/><T76/><D124/><U39/><E126/><V10/><F104/><W107/><G94/><T18/><D30/><U8/><E96/><V68/><F68/><W99/><G99/><T69/><D37/><U59/><E39/><V85/><F33/><W58/><G44/><T108/><D108/><U32/><REACH who="1" step="1"/><E47/><REACH who="1" ten="205,236,281,268" step="2"/><V87/><F122/><W123/><G123/><T117/><D46/><U90/><E90/><V9/><F120/><W92/><G71/><T42/><D42/><U56/><E56/><V74/><F89/><W45/><G45/><T127/><D127/><U0/><E0/><V48/><F3/><W49/><G64/><T5/><D117/><U41/><E41/><V121/><F1/><W40/><G40/><T70/><REACH who="0" step="1"/><D61/><REACH who="0" ten="195,236,281,268" step="2"/><U57/><E57/><V66/><F121/><W62/><G62/><T106/><D106/><U79/><E79/><V119/><F119/><W131/><G107/><T50/><D50/><U116/><E116/><V103/><F48/><W29/><G105/><T84/><D84/><U100/><E100/><V31/><F103/><W35/><G97/><T22/><D22/><U14/><E14/><V67/><F87/><W88/><G131/><T125/><D125/><U43/><E43/><V132/><F85/><W98/><G93/><AGARI ba="0,2" hai="4,5,6,12,18,21,69,70,72,76,83,86,91,93" machi="93" ten="40,1300,0" yaku="1,1,53,0" doraHai="34" doraHaiUra="113" who="0" fromWho="3" sc="195,33,236,0,281,0,268,-13" /><INIT seed="4,0,0,2,3,119" ten="228,236,281,255" oya="0" hai0="34,44,16,90,118,42,43,75,54,117,32,57,82" hai1="5,25,68,133,83,88,105,103,74,79,8,97,15" hai2="40,6,91,23,39,58,33,85,115,26,70,12,52" hai3="107,101,131,51,130,72,67,125,78,48,24,49,29"/><T10/><D43/><U61/><E133/><V69/><F33/><W123/><G123/><T35/><D75/><U84/><E25/><V89/><F115/><W2/><G2/><T77/><D77/><U73/><E73/><V37/><F91/><W56/><G125/><T63/><D82/><U66/><REACH who="1" step="1"/><E74/><REACH who="1" ten="228,226,281,255" step="2"/><V86/><F26/><W9/><G72/><T7/><D90/><AGARI ba="0,1" hai="5,8,15,61,66,68,79,83,84,88,90,97,103,105" machi="90" ten="40,8000,1" yaku="1,1,2,1,54,1,53,2" doraHai="119" doraHaiUra="87" who="1" fromWho="0" sc="228,-80,226,90,281,0,255,0" owari="148,-35.0,316,41.0,281,8.0,255,-14.0" /></mjloggm>