<mjloggm ver="2.3"><GO type="41" lobby="0"/><UN n0="%E9%8A%80%E4%BA%8C%E9%83%8E" n1="%E5%B0%B1%E6%B4%BB%E7%94%9F%40%E5%B7%9D%E6%9D%91%E8%BB%8D%E5%9B%A3" n2="%E3%81%84%E3%82%8F%E3%81%99%E3%81%91" n3="%50%5A%50%4E" dan="15,16,13,16" rate="1969.68,2178.01,1835.34,2105.98" sx="M,M,M,M"/><TAIKYOKU oya="0"/><INIT seed="0,0,0,0,5,110" ten="250,250,250,250" oya="0" hai0="75,130,33,94,106,9,102,82,70,43,100,47,46" hai1="56,16,87,105,28,60,4,59,111,50,58,0,8" hai2="13,27,116,121,92,6,134,40,81,42,132,125,66" hai3="49,135,84,128,86,1,95,30,90,32,23,78,73"/><T68/><D130/><U48/><E111/><V126/><F116/><W83/><G135/><N who="2" m="51753" /><F121/><W63/><G1/><T71/><D94/><U97/><E28/><V76/><F66/><W31/><G128/><T80/><D9/><U115/><E60/><V10/><F92/><W131/><G32/><T17/><D17/><U107/><E87/><N who="2" m="48551" /><F27/><W55/><G63/><T133/><D133/><U101/><E107/><V114/><F114/><W96/><G131/><T74/><D33/><U37/><E37/><V67/><F67/><W45/><G23/><T35/><D35/><U65/><E65/><V93/><F93/><W11/><G11/><T7/><D7/><U69/><E69/><V41/><AGARI ba="0,0" hai="6,10,13,40,41,42,125,126" m="48551,51753" machi="41" ten="40,1500,0" yaku="20,1" doraHai="110" who="2" fromWho="2" sc="250,-7,250,-4,250,15,250,-4" /><INIT seed="1,0,0,2,1,100" ten="243,246,265,246" oya="1" hai0="47,80,35,28,15,85,128,27,64,53,76,83,5" hai1="123,63,75,67,110,11,41,55,79,82,113,133,134" hai2="118,36,122,16,59,112,126,13,132,26,115,42,116" hai3="102,94,129,18,108,89,32,38,92,81,88,4,19"/><U74/><E123/><V95/><F122/><W8/><G38/><T111/><D111/><U45/><E113/><N who="2" m="43595" /><F132/><N who="1" m="50793" /><E110/><V40/><F126/><W86/><G32/><T9/><D128/><U130/><E130/><V56/><F26/><W34/><G34/><T65/><D83/><U93/><E11/><N who="2" m="6207" /><F95/><W84/><G129/><T22/><D35/><U135/><E93/><V50/><F36/><W66/><G66/><T51/><AGARI ba="0,0" hai="5,9,15,22,27,28,47,51,53,64,65,76,80,85" machi="51" ten="30,2000,0" yaku="0,1,8,1" doraHai="100" who="0" fromWho="0" sc="243,20,246,-10,265,-5,246,-5" /><INIT seed="2,0,0,5,0,96" ten="263,236,260,241" oya="2" hai0="91,97,18,98,119,108,57,99,133,17,29,32,38" hai1="3,123,16,23,59,4,124,41,77,7,115,122,100" hai2="102,129,93,135,2,44,19,14,72,48,71,132,27" hai3="61,80,113,42,75,90,33,8,68,5,78,26,49"/><V21/><F72/><W9/><G113/><T70/><D108/><U74/><E115/><V50/><F71/><W15/><G90/><T12/><D70/><U89/><E41/><V117/><F2/><W125/><G125/><T116/><D38/><U79/><E124/><V104/><F117/><W55/><G42/><T106/><D133/><N who="2" m="51274" /><F104/><W11/><G33/><T81/><D57/><U110/><E110/><V127/><F127/><W101/><G101/><N who="0" m="62767" /><D32/><U73/><E89/><V118/><F118/><N who="0" m="45098" /><D29/><U85/><E100/><V66/><F66/><W130/><G130/><T82/><D18/><U109/><E109/><V112/><F112/><W65/><REACH who="3" step="1"/><G26/><REACH who="3" ten="263,236,260,231" step="2"/><T92/><D99/><U52/><E122/><V30/><F129/><W20/><G20/><AGARI ba="0,1" hai="12,17,20,81,82,91,92,98" m="45098,62767" machi="20" ten="30,2000,0" yaku="12,1,52,1" doraHai="96" who="0" fromWho="3" sc="263,30,236,0,260,0,231,-20" /><INIT seed="3,0,0,4,3,25" ten="293,236,260,211" oya="3" hai0="117,63,100,13,121,43,101,76,22,5,6,26,23" hai1="64,74,122,59,8,12,115,9,116,66,103,48,17" hai2="96,33,11,127,69,88,29,72,32,55,132,14,52" hai3="24,71,79,4,50,87,37,135,16,36,133,110,34"/><W98/><G71/><T131/><D121/><U38/><E38/><V0/><F72/><W27/><G4/><T39/><D117/><U61/><E74/><V86/><F0/><W120/><G120/><T47/><D131/><U7/><E115/><V60/><F132/><N who="3" m="50763" /><G98/><T78/><D63/><U54/><E122/><V97/><F127/><W62/><G62/><T84/><D22/><U129/><E129/><V45/><F33/><W113/><G113/><T18/><D5/><U46/><E116/><V44/><F32/><W92/><G110/><T56/><D56/><U105/><E105/><V89/><F29/><N who="3" m="19751" /><G50/><N who="0" m="27007" /><D78/><U65/><REACH who="1" step="1"/><E103/><REACH who="1" ten="293,226,260,211" step="2"/><V90/><F86/><W130/><G130/><T94/><D39/><U42/><E42/><V111/><F111/><W20/><G92/><T114/><D101/><U112/><E112/><V70/><F97/><W57/><G57/><T109/><D100/><U30/><E30/><V119/><F96/><W125/><G125/><T21/><D94/><U102/><E102/><V123/><F119/><W53/><G53/><N who="2" m="20553" /><F123/><W85/><G85/><T108/><D114/><U128/><E128/><V81/><F70/><W40/><G40/><T3/><D109/><U67/><E67/><N who="2" m="41191" /><F44/><W19/><G19/><N who="0" m="12607" /><D84/><U99/><E99/><V2/><F45/><W83/><AGARI ba="0,1" hai="16,20,27,36,37,79,83,87" m="19751,50763" machi="83" ten="30,6000,0" yaku="20,1,52,1,54,1" doraHai="25" who="3" fromWho="3" sc="293,-20,226,-20,260,-20,211,70" /><INIT seed="3,1,0,1,3,54" ten="273,206,240,281" oya="3" hai0="126,48,82,128,66,64,11,24,8,0,27,17,59" hai1="15,2,116,122,105,1,62,39,55,61,93,19,79" hai2="80,70,78,44,109,56,89,30,123,101,135,121,130" hai3="77,74,117,134,3,127,51,38,22,110,104,50,60"/><W107/><G60/><T90/><D128/><U92/><E105/><V119/><F70/><W100/><G22/><T6/><D126/><U13/><E39/><V25/><F119/><W118/><G100/><T23/><D11/><U21/><E122/><N who="2" m="46603" /><F130/><W106/><G77/><T41/><D41/><U46/><E116/><N who="3" m="44650" /><G38/><T7/><D7/><U63/><E79/><V111/><F101/><W113/><G127/><T84/><D66/><U20/><E2/><V5/><F5/><W14/><G14/><T133/><D133/><U129/><E1/><V76/><F44/><W124/><G3/><T96/><D96/><U102/><E102/><V112/><F135/><W72/><G134/><T29/><D64/><U67/><E67/><V94/><F56/><W47/><G47/><T99/><D99/><U71/><E71/><V132/><F132/><W42/><G42/><T35/><REACH who="0" step="1"/><D48/><REACH who="0" ten="263,206,240,281" step="2"/><N who="3" m="18473" /><G124/><T10/><D10/><U120/><E120/><V114/><F114/><W131/><G113/><T45/><D45/><U83/><E46/><V86/><F112/><W49/><G131/><T43/><D43/><U16/><E129/><V4/><F4/><W33/><G49/><T34/><D34/><U98/><E98/><N who="2" m="57679" /><F76/><W87/><G33/><AGARI ba="1,1" hai="25,30,33,78,80,86,109,111" m="57679,46603" machi="33" ten="30,1000,0" yaku="13,1" doraHai="54" who="2" fromWho="3" sc="263,0,206,0,240,23,281,-13" /><INIT seed="4,0,0,2,5,28" ten="263,206,263,268" oya="0" hai0="36,65,132,44,71,10,110,96,26,62,63,84,74" hai1="94,60,58,47,77,32,131,95,90,78,9,4,134" hai2="80,23,21,51,85,14,106,117,111,55,52,20,24" hai3="69,112,33,56,91,19,7,11,92,50,54,66,29"/><T125/><D74/><U100/><E131/><V8/><F117/><W130/><G130/><T114/><D114/><U41/><E134/><V72/><F106/><W40/><G112/><T75/><D75/><U67/><E100/><V107/><F107/><W27/><G19/><T120/><D120/><U6/><E95/><V109/><F72/><W34/><G40/><T128/><D132/><U113/><E32/><V123/><F123/><W13/><G66/><T116/><D116/><U87/><E6/><V64/><F64/><W68/><REACH who="3" step="1"/><G34/><REACH who="3" ten="263,206,263,258" step="2"/><T115/><D128/><U16/><E113/><V22/><F109/><W119/><G119/><T70/><D115/><U124/><E124/><V59/><F55/><W99/><AGARI ba="0,1" hai="7,11,13,27,29,33,50,54,56,68,69,91,92,99" machi="99" ten="20,5200,0" yaku="1,1,0,1,7,1,52,1,53,0" doraHai="28" doraHaiUra="15" who="3" fromWho="3" sc="263,-26,206,-13,263,-13,258,62" /><INIT seed="5,0,0,1,4,53" ten="237,193,250,320" oya="1" hai0="97,21,15,47,85,133,63,80,43,0,115,114,111" hai1="124,131,18,90,59,89,29,35,23,66,135,92,2" hai2="27,12,94,70,74,82,126,44,86,81,9,58,69" hai3="91,10,75,110,83,98,100,28,72,48,84,31,101"/><U103/><E2/><V60/><F74/><W52/><G110/><T32/><D111/><U51/><E131/><V104/><F104/><W128/><G128/><T26/><D133/><U118/><E118/><V19/><F126/><W24/><G10/><T79/><D0/><U45/><E124/><V78/><F94/><W7/><G28/><T106/><D32/><U64/><E35/><V49/><F27/><W105/><G100/><T41/><D63/><N who="1" m="38015" /><E29/><V132/><F132/><W102/><G7/><T20/><D106/><U46/><E66/><V30/><F30/><W87/><G87/><T33/><D97/><N who="1" m="59815" /><E135/><V123/><F123/><W113/><G102/><T57/><D33/><U130/><E130/><V22/><F9/><W119/><G119/><T17/><D57/><U42/><E46/><V62/><F62/><W116/><G116/><T16/><REACH who="0" step="1"/><D47/><REACH who="0" ten="227,193,250,320" step="2"/><U73/><E73/><V8/><F69/><W37/><G72/><T77/><D77/><U56/><E56/><V1/><F70/><W39/><G75/><T71/><D71/><U34/><E34/><V107/><F78/><W109/><G105/><T25/><D25/><AGARI ba="0,1" hai="18,23,25,42,45,51,89,90" m="59815,38015" machi="25" ten="30,2900,0" yaku="8,1,52,1" doraHai="53" who="1" fromWho="0" sc="227,-29,193,39,250,0,320,0" /><INIT seed="5,1,0,2,5,13" ten="198,232,250,320" oya="1" hai0="91,68,10,115,44,81,14,88,104,34,50,92,90" hai1="57,5,39,96,119,80,78,110,126,113,23,133,4" hai2="101,53,129,85,29,59,25,27,22,11,20,40,21" hai3="74,132,32,75,47,37,94,35,134,49,28,72,114"/><U12/><E119/><V45/><F101/><W102/><G28/><T73/><D68/><U83/><E39/><V112/><F112/><W87/><G37/><T106/><D34/><U33/><E33/><V124/><F124/><W52/><G114/><T71/><D71/><U7/><E113/><V99/><F99/><N who="3" m="59767" /><G87/><T63/><D115/><U116/><E110/><V26/><F129/><W135/><AGARI ba="1,0" hai="32,35,47,49,52,72,74,75,132,134,135" m="59767" machi="135" ten="40,2700,0" yaku="20,1,54,1" doraHai="13" who="3" fromWho="3" sc="198,-8,232,-14,250,-8,320,30" /><INIT seed="6,0,0,1,0,122" ten="190,218,242,350" oya="2" hai0="94,16,30,3,98,51,118,125,11,49,128,67,10" hai1="133,25,119,44,5,22,104,8,121,39,29,103,7" hai2="66,79,89,110,9,90,12,59,35,26,68,135,106" hai3="54,55,96,31,100,50,76,117,18,129,69,116,131"/><V24/><F68/><W4/><G76/><T38/><D38/><U13/><E119/><V72/><F106/><W70/><G31/><T108/><D67/><U19/><E121/><V87/><F135/><W124/><G18/><T20/><D30/><U99/><E133/><V91/><F110/><W0/><G4/><T123/><D123/><U56/><E56/><V80/><F72/><W73/><G0/><T109/><D118/><N who="3" m="45673" /><G73/><T23/><D128/><N who="3" m="49225" /><G124/><T82/><D82/><U14/><E39/><V47/><F35/><W130/><G130/><T27/><D125/><U95/><E44/><V40/><F40/><W21/><G21/><T112/><D112/><U28/><E104/><V114/><F47/><N who="3" m="27999" /><G55/><T77/><D77/><U83/><E28/><V15/><F9/><W58/><G58/><T53/><D3/><U43/><E43/><V75/><F75/><W85/><G85/><T45/><D49/><U102/><E13/><V36/><F15/><W115/><G115/><T86/><D86/><U37/><E37/><V120/><F36/><W92/><AGARI ba="0,0" hai="69,70,92,96,100" m="27999,49225,45673" machi="92" ten="30,1100,0" yaku="19,1" doraHai="122" who="3" fromWho="3" sc="190,-3,218,-3,242,-5,350,11" /><INIT seed="7,0,0,2,1,24" ten="187,215,237,361" oya="3" hai0="2,77,39,48,22,76,71,67,102,54,26,29,52" hai1="82,125,112,90,133,6,57,0,1,9,78,111,103" hai2="65,14,44,96,110,51,20,17,126,131,50,45,121" hai3="64,89,37,68,38,28,49,60,46,55,61,134,8"/><W95/><G28/><T120/><D120/><U3/><E111/><V23/><F110/><W18/><G18/><T10/><D102/><U83/><E103/><V73/><F121/><W113/><G113/><T43/><D2/><U93/><E112/><V13/><F73/><W97/><G134/><T42/><D10/><U107/><E107/><V34/><F34/><W127/><G127/><T117/><D117/><U16/><E125/><V81/><F131/><W84/><G8/><T129/><D129/><U119/><E119/><V47/><F65/><W114/><G114/><T75/><D75/><U132/><E16/><V32/><F32/><W87/><G87/><T99/><D99/><N who="1" m="57783" /><E57/><V72/><F72/><W40/><G38/><T12/><D12/><N who="1" m="5175" /><E78/><V128/><F128/><W122/><G122/><T80/><D54/><U135/><AGARI ba="0,0" hai="0,1,3,82,83,132,133,135" m="5175,57783" machi="135" ten="40,1500,0" yaku="20,1" doraHai="24" who="1" fromWho="1" sc="187,-4,215,15,237,-4,361,-7" owari="183,-32.0,230,-17.0,233,3.0,354,46.0" /></mjloggm>