<mjloggm ver="2.3"><GO type="97" lobby="0"/><UN n0="%E5%B0%B1%E6%B4%BB%E7%94%9F%40%E5%B7%9D%E6%9D%91%E8%BB%8D%E5%9B%A3" n1="%6D%61%6B%61%2D%70%75" n2="%32%42%45%39%34%37%35%37" n3="%E3%81%82%E3%81%A4%E3%81%BF" dan="14,14,13,13" rate="2007.75,1947.73,1874.98,1851.68" sx="M,M,M,M"/><TAIKYOKU oya="0"/><INIT seed="0,0,0,0,4,37" ten="250,250,250,250" oya="0" hai0="11,14,125,67,9,33,78,128,70,56,23,113,73" hai1="109,28,34,52,36,134,80,48,90,60,124,21,71" hai2="91,135,112,79,29,31,54,53,39,132,107,35,65" hai3="20,49,64,115,10,42,44,99,72,87,101,38,117"/><T2/><D33/><U13/><E36/><V129/><F107/><W69/><G117/><T104/><D70/><U57/><E109/><V32/><F112/><W12/><G115/><T26/><D104/><U116/><E116/><V88/><F39/><W121/><G121/><T30/><D113/><U127/><E134/><V1/><F65/><W85/><G72/><T45/><D125/><N who="1" m="48203" /><E34/><V111/><F79/><W119/><G119/><T114/><D128/><U43/><E80/><V22/><F22/><W66/><G20/><T15/><D114/><U96/><E71/><V50/><F50/><W61/><G66/><T4/><D11/><U25/><E13/><V106/><F106/><W24/><G24/><T55/><D78/><U58/><E96/><V46/><F46/><W75/><G75/><T133/><D133/><U7/><E7/><V68/><F68/><W19/><REACH who="3" step="1"/><G38/><REACH who="3" ten="250,250,250,240" step="2"/><T8/><D73/><U93/><E21/><V102/><F129/><W84/><G84/><T59/><D67/><U118/><E25/><V97/><F97/><W86/><G86/><T18/><D2/><U77/><E118/><V76/><F1/><W0/><G0/><T100/><D100/><U3/><E3/><V40/><F102/><W47/><G47/><T130/><D130/><U98/><E77/><V16/><F76/><W82/><G82/><T95/><D95/><AGARI ba="0,1" hai="10,12,19,42,44,49,61,64,69,85,87,95,99,101" machi="95" ten="30,3900,0" yaku="1,1,7,1,52,1,53,0" doraHai="37" doraHaiUra="120" who="3" fromWho="0" sc="250,-39,250,0,250,0,240,49" /><INIT seed="1,0,0,5,0,65" ten="211,250,250,289" oya="1" hai0="29,63,77,68,130,2,102,43,81,120,52,27,33" hai1="111,23,73,134,60,9,129,50,86,115,79,97,51" hai2="108,110,135,48,67,117,76,64,71,32,72,4,66" hai3="62,58,119,19,10,8,124,107,14,84,6,78,49"/><U109/><E115/><V95/><F32/><W61/><G107/><T118/><D120/><U34/><E34/><V75/><F117/><W128/><G119/><T96/><D118/><U82/><E134/><V113/><F4/><W12/><G124/><T131/><D43/><U57/><E129/><V132/><F113/><W74/><G74/><N who="2" m="28201" /><F76/><W37/><G37/><T47/><D2/><U122/><E122/><V99/><F48/><W80/><G128/><N who="0" m="49195" /><D81/><U105/><E9/><V40/><F40/><W22/><G22/><T39/><D77/><U88/><E23/><V112/><F112/><W24/><G24/><T116/><D116/><U53/><E105/><V11/><F11/><W70/><G70/><T41/><D52/><AGARI ba="0,0" hai="6,8,10,12,14,19,49,52,58,61,62,78,80,84" machi="52" ten="40,2600,0" yaku="8,1,54,1" doraHai="65" who="3" fromWho="0" sc="211,-26,250,0,250,0,289,26" /><INIT seed="2,0,0,1,2,37" ten="185,250,250,315" oya="2" hai0="46,64,31,106,20,85,131,130,23,5,38,49,25" hai1="78,22,21,135,61,33,132,9,62,126,88,48,92" hai2="104,45,121,15,117,30,74,129,1,19,51,59,0" hai3="111,98,12,52,115,110,120,124,94,66,96,134,55"/><V133/><F104/><W76/><G120/><T41/><D106/><U63/><E33/><V101/><F101/><W89/><G115/><T39/><D64/><U14/><E126/><V107/><F107/><W99/><G124/><T6/><D23/><U112/><E112/><V26/><F121/><W16/><G134/><N who="1" m="51242" /><E78/><V4/><F133/><W82/><G66/><T43/><D85/><N who="1" m="52239" /><E48/><V87/><F74/><W108/><G76/><T17/><D31/><U73/><E73/><V100/><F117/><W125/><G82/><T95/><D95/><U13/><E13/><V113/><F113/><W65/><G65/><T58/><D39/><U75/><E75/><V28/><F15/><W11/><G125/><T119/><D119/><U70/><E70/><V10/><F30/><W127/><G127/><T116/><D116/><U91/><E91/><V8/><F28/><W50/><G55/><T67/><D67/><U57/><E57/><AGARI ba="0,0" hai="11,12,16,50,52,57,89,94,96,98,99,108,110,111" machi="57" ten="40,5200,0" yaku="14,1,54,2" doraHai="37" who="3" fromWho="1" sc="185,0,250,-52,250,0,315,52" /><INIT seed="3,0,0,0,1,116" ten="185,198,250,367" oya="3" hai0="50,18,95,31,70,107,135,125,30,99,12,128,52" hai1="83,114,66,98,132,6,15,17,22,57,108,123,124" hai2="113,69,92,19,82,1,91,34,9,42,61,105,76" hai3="127,13,100,87,58,62,122,68,74,121,106,84,23"/><W55/><G74/><T40/><D107/><U85/><E114/><V77/><F34/><W51/><G68/><T37/><D70/><U36/><E36/><V3/><F3/><W78/><G127/><T48/><D37/><U90/><E123/><V81/><F105/><W10/><G23/><N who="0" m="11719" /><D125/><U8/><E124/><V97/><F113/><W7/><G106/><T60/><D128/><U94/><E108/><V63/><F42/><W111/><G111/><T29/><D135/><U27/><E132/><V104/><F104/><W2/><G100/><N who="0" m="60543" /><D40/><U24/><E66/><V109/><F109/><W133/><G133/><T25/><D25/><N who="1" m="14543" /><E57/><AGARI ba="0,0" hai="29,30,31,48,50,52,57,60" m="60543,11719" machi="57" ten="30,2000,0" yaku="8,1,54,1" doraHai="116" who="0" fromWho="1" sc="185,20,198,-20,250,0,367,0" owari="205,-19.0,178,-32.0,250,5.0,367,46.0" /></mjloggm>