<mjloggm ver="2.3"><GO type="169" lobby="0"/><UN n0="%E3%82%A6%E3%83%AB%E3%83%88%E3%83%A9%E7%AB%8B%E7%9B%B4" n1="%E3%83%90%E3%83%90%E3%82%A2%E3%81%AE%E6%97%A5%E5%82%98" n2="%6C%6F%4A%61%73%6B%69%6E" n3="%74%6F%69%74%6F%69%34" dan="17,16,17,16" rate="2171.94,2126.65,2149.89,2055.30" sx="M,F,M,M"/><TAIKYOKU oya="0"/><INIT seed="0,0,0,4,3,82" ten="250,250,250,250" oya="0" hai0="117,31,105,87,110,90,133,80,114,72,17,57,55" hai1="69,53,25,124,127,2,70,43,22,5,59,118,115" hai2="79,95,64,30,131,34,21,100,58,94,16,99,103" hai3="109,45,62,123,35,52,3,29,50,47,0,44,6"/><T83/><D117/><U91/><E43/><V42/><F42/><W32/><G62/><T49/><D114/><U84/><E118/><V106/><F131/><W1/><G6/><T26/><D133/><U11/><E115/><V93/><F30/><W18/><G123/><T85/><D105/><U12/><E2/><V121/><F34/><W56/><G29/><T10/><D72/><U129/><E129/><V63/><F79/><W7/><G7/><T48/><D48/><N who="1" m="31143" /><E25/><V108/><F108/><W86/><G109/><T37/><D37/><U33/><E22/><V104/><F121/><W67/><G67/><T125/><D110/><U98/><E98/><V38/><F38/><W97/><G97/><T128/><D128/><U75/><E33/><V60/><F60/><W122/><G122/><T74/><D74/><U46/><E46/><V96/><REACH who="2" step="1"/><F95/><REACH who="2" ten="250,250,240,250" step="2"/><W130/><G130/><T111/><D111/><U4/><E75/><V54/><F54/><W27/><G35/><T40/><D40/><U134/><E134/><V89/><F89/><W9/><G32/><T20/><D125/><U135/><E124/><V92/><F92/><W8/><G52/><T76/><D10/><N who="1" m="4167" /><E135/><V51/><F51/><W24/><G50/><T119/><D119/><U120/><E127/><V41/><F41/><W73/><G9/><T68/><D68/><U15/><E120/><V113/><F113/><W61/><G8/><T112/><D112/><U14/><E69/><V23/><F23/><W78/><G61/><T88/><D31/><U36/><E70/><V102/><F102/><W101/><G101/><RYUUKYOKU ba="0,1" sc="250,15,250,-15,240,15,250,-15" hai0="17,20,26,49,55,57,76,80,83,85,87,88,90" hai2="16,21,58,63,64,93,94,96,99,100,103,104,106" /><INIT seed="0,1,1,1,5,132" ten="265,235,255,235" oya="0" hai0="107,122,85,21,50,105,24,127,80,35,27,129,14" hai1="15,112,123,65,38,111,9,75,86,81,126,49,43" hai2="92,64,89,32,131,12,7,20,1,55,97,84,102" hai3="96,8,44,29,88,94,113,62,33,100,93,17,72"/><T3/><D122/><U2/><E111/><V51/><F32/><W48/><G113/><T37/><D37/><U18/><E38/><V115/><F1/><W4/><G72/><T19/><D3/><U40/><E75/><V109/><F109/><W68/><G17/><T69/><D69/><U117/><E123/><V128/><F115/><W119/><G119/><T31/><D129/><N who="2" m="49738" /><F64/><W60/><G29/><T74/><D74/><U114/><E2/><V90/><F7/><W54/><G33/><T6/><D127/><U87/><E117/><V108/><F108/><W98/><REACH who="3" step="1"/><G68/><REACH who="3" ten="265,235,255,225" step="2"/><T95/><D35/><U91/><E18/><N who="2" m="10311" /><F84/><W121/><G121/><T125/><D31/><U103/><E87/><V52/><F55/><W79/><G79/><T11/><D27/><U57/><E86/><V47/><AGARI ba="1,2" hai="47,51,52,89,90,92,97,102" m="10311,49738" machi="47" ten="30,2000,0" yaku="19,1,54,1" doraHai="132" who="2" fromWho="2" sc="265,-11,235,-6,255,43,225,-6" /><INIT seed="1,0,0,3,3,13" ten="254,229,298,219" oya="1" hai0="85,60,25,73,38,127,135,17,12,66,4,55,98" hai1="82,126,72,11,86,131,1,111,20,89,67,39,102" hai2="51,57,23,110,28,124,115,81,48,128,56,130,30" hai3="99,74,0,59,34,108,96,112,7,44,113,94,63"/><U93/><E39/><V106/><F106/><W107/><G74/><T122/><D73/><U8/><E126/><V132/><F110/><W35/><G108/><T79/><D38/><U22/><E131/><N who="2" m="50219" /><F124/><W97/><G107/><T87/><D135/><U103/><E111/><V46/><F132/><W29/><G44/><T119/><D119/><U64/><E72/><V49/><F46/><W129/><G129/><T101/><D127/><U91/><E102/><V50/><F50/><W3/><G94/><N who="0" m="58583" /><D66/><U92/><E103/><V61/><F81/><W118/><G118/><T5/><D25/><U69/><E1/><V123/><F123/><W31/><G7/><N who="0" m="2635" /><D79/><U134/><E134/><V77/><F77/><W43/><G43/><T109/><D109/><U24/><E82/><V54/><F115/><W117/><G117/><T133/><D122/><U14/><E14/><V62/><F23/><W6/><G6/><T26/><D26/><U90/><E20/><V95/><F95/><N who="1" m="36425" /><E86/><V70/><F70/><W105/><G105/><T75/><D75/><U84/><E84/><V52/><AGARI ba="0,0" hai="28,30,48,49,51,52,54,56,57,61,62" m="50219" machi="52" ten="30,2000,0" yaku="19,1,54,1" doraHai="13" who="2" fromWho="2" sc="254,-5,229,-10,298,20,219,-5" /><INIT seed="2,0,0,2,1,83" ten="249,219,318,214" oya="2" hai0="114,36,125,93,80,64,132,12,42,99,128,23,56" hai1="62,9,71,102,131,103,101,57,100,50,127,115,108" hai2="13,24,73,61,41,87,133,113,112,124,129,126,89" hai3="120,7,134,96,38,86,49,18,5,69,130,19,116"/><V2/><F2/><W10/><G38/><T97/><D114/><N who="2" m="44138" /><F73/><W67/><G116/><T63/><D125/><N who="2" m="48234" /><F41/><W119/><G119/><T106/><D128/><U54/><E71/><V46/><F46/><W33/><G33/><T74/><D132/><U111/><E131/><V8/><F129/><W82/><G120/><T14/><D36/><U21/><E127/><V43/><F43/><W79/><G96/><T98/><D42/><U32/><E32/><V37/><F37/><W81/><G69/><T66/><D66/><U59/><E115/><V110/><F110/><W44/><G67/><T92/><D106/><U105/><E105/><V123/><F123/><W27/><G134/><T47/><D47/><U31/><E9/><V60/><F24/><W4/><G27/><T85/><D74/><U84/><E108/><V68/><F68/><W77/><G10/><T70/><D70/><U30/><E111/><V29/><F29/><W55/><REACH who="3" step="1"/><G130/><REACH who="3" ten="249,219,318,204" step="2"/><T121/><D121/><U35/><E35/><V90/><F133/><W72/><AGARI ba="0,1" hai="4,5,7,18,19,44,49,55,72,77,79,81,82,86" machi="72" ten="30,7900,0" yaku="1,1,2,1,0,1,52,1,53,0" doraHai="83" doraHaiUra="28" who="3" fromWho="3" sc="249,-20,219,-20,318,-39,204,89" /><INIT seed="3,0,0,1,4,98" ten="229,199,279,293" oya="3" hai0="67,8,77,81,64,134,97,27,24,104,62,70,106" hai1="2,5,20,135,14,39,46,54,118,45,13,55,131" hai2="32,90,42,116,119,57,15,53,35,11,56,1,30" hai3="63,122,47,52,101,69,82,49,38,92,23,36,73"/><W120/><G23/><T6/><D134/><U125/><E2/><V65/><F1/><W83/><G92/><T113/><D67/><U50/><E135/><V66/><F42/><W94/><G73/><T100/><D106/><U7/><E125/><V91/><F30/><W41/><G101/><T71/><D71/><U26/><E131/><V133/><F133/><W48/><G94/><T59/><D70/><U61/><E39/><N who="3" m="14890" /><G83/><T17/><D17/><U129/><E129/><V25/><F25/><W84/><G84/><T0/><REACH who="0" step="1"/><D113/><REACH who="0" ten="219,199,279,293" step="2"/><U115/><E115/><V127/><F127/><W16/><G16/><T68/><D68/><U18/><E5/><V109/><F66/><N who="3" m="41183" /><G82/><T111/><D111/><U123/><E7/><V28/><F65/><W79/><G79/><T19/><D19/><U108/><E18/><V107/><F109/><W128/><G128/><T112/><D112/><U12/><E108/><V37/><F107/><W85/><G85/><AGARI ba="0,1" hai="0,6,8,24,27,59,62,64,77,81,85,97,100,104" machi="85" ten="30,7700,0" yaku="1,1,7,1,52,1,53,1" doraHai="98" doraHaiUra="33" who="0" fromWho="3" sc="219,87,199,0,279,0,293,-77" /><INIT seed="4,0,0,1,5,71" ten="306,199,279,216" oya="0" hai0="108,46,83,87,122,109,82,106,62,79,41,96,73" hai1="91,11,5,130,102,14,17,24,19,131,37,70,89" hai2="16,85,116,36,98,74,27,133,113,117,12,119,48" hai3="29,6,72,44,13,58,105,114,61,127,32,111,86"/><T40/><D122/><U123/><E70/><V97/><F74/><W68/><G72/><T77/><D62/><U50/><E123/><V2/><F2/><W135/><G86/><T52/><D52/><U0/><E102/><V38/><F113/><W10/><G58/><T7/><D7/><U43/><E50/><V100/><F48/><W129/><G44/><T120/><D120/><U31/><E89/><V35/><F85/><W75/><G61/><T18/><D18/><U34/><E91/><V1/><F133/><W33/><G29/><T8/><D8/><N who="1" m="2087" /><E37/><N who="2" m="14443" /><F1/><W121/><G13/><T110/><D46/><U47/><E47/><V95/><F98/><W88/><G88/><T54/><D54/><U80/><E80/><V3/><F3/><W93/><G105/><T128/><D41/><U26/><E43/><V63/><F63/><W42/><G42/><T125/><D40/><U78/><E78/><V30/><F16/><N who="1" m="6217" /><E24/><V134/><F134/><W9/><G135/><T55/><D96/><U64/><E64/><V25/><F25/><W126/><G121/><T76/><D76/><U57/><E57/><V124/><F124/><W94/><G127/><T104/><D125/><U56/><E56/><V132/><F132/><W101/><G126/><T81/><D81/><U92/><E92/><V28/><F28/><W84/><G94/><T103/><D55/><U53/><E53/><V51/><F51/><W21/><G93/><T45/><D45/><U65/><E65/><V67/><F67/><W22/><G68/><T60/><D83/><U66/><E66/><V15/><AGARI ba="0,0" hai="12,15,27,30,35,95,97,100,116,117,119" m="14443" machi="15" ten="40,8000,1" yaku="5,1,12,1,52,3" doraHai="71" who="2" fromWho="2" sc="306,-40,199,-20,279,80,216,-20" /><INIT seed="5,0,0,3,0,131" ten="266,179,359,196" oya="1" hai0="41,100,20,51,110,0,83,134,43,78,125,129,36" hai1="26,98,17,44,29,55,132,112,79,15,8,56,126" hai2="121,66,7,58,47,30,111,107,21,46,118,4,48" hai3="80,77,31,120,52,19,63,42,127,34,13,27,69"/><U115/><E126/><V102/><F111/><W124/><G120/><T123/><D0/><U87/><E44/><V135/><F118/><W45/><G69/><T72/><D110/><U71/><E71/><V128/><F135/><W99/><G99/><T50/><D134/><U68/><E68/><V33/><F33/><W117/><G117/><T70/><D70/><U103/><E132/><V67/><F107/><W95/><G95/><T75/><D100/><U92/><E87/><V25/><F128/><W2/><G2/><T106/><D106/><U91/><E79/><V32/><F32/><W24/><G24/><T133/><D133/><U94/><E94/><V104/><F102/><W37/><G63/><T18/><D36/><U53/><E103/><V54/><F104/><W23/><REACH who="3" step="1"/><G52/><REACH who="3" ten="266,179,359,186" step="2"/><T88/><D123/><U130/><E130/><V114/><F121/><W49/><G49/><T64/><D51/><U1/><E1/><V93/><F93/><W9/><G9/><T85/><D50/><U3/><E3/><V116/><F116/><W122/><G122/><T76/><D129/><U73/><E55/><V16/><F48/><W81/><G81/><T61/><D61/><N who="1" m="35983" /><E26/><V28/><F54/><W65/><G65/><T14/><D64/><U86/><E98/><V57/><F66/><W89/><G89/><T5/><D88/><U10/><E10/><V101/><F67/><W84/><AGARI ba="0,1" hai="13,19,23,27,31,34,37,42,45,77,80,84,124,127" machi="84" ten="30,2000,0" yaku="1,1,0,1,53,0" doraHai="131" doraHaiUra="108" who="3" fromWho="3" sc="266,-5,179,-10,359,-5,186,30" /><INIT seed="6,0,0,4,5,30" ten="261,169,354,216" oya="2" hai0="92,105,110,135,16,78,55,63,122,32,49,106,77" hai1="58,57,15,21,102,101,42,50,72,133,93,64,56" hai2="83,14,95,52,103,8,90,124,80,129,31,43,41" hai3="115,134,70,18,54,34,61,1,25,79,88,116,119"/><V125/><F103/><W26/><G79/><T100/><D122/><U53/><E133/><V22/><F129/><W67/><G134/><T81/><D63/><U98/><E72/><V131/><F131/><W27/><G1/><T45/><D135/><U23/><E42/><V48/><F43/><W10/><G54/><T107/><D110/><U75/><E75/><V130/><F41/><W46/><G46/><T85/><D77/><U28/><E102/><V17/><F130/><W3/><G88/><T37/><D37/><U127/><E127/><N who="2" m="48715" /><F31/><W74/><G74/><T71/><D71/><U97/><E97/><N who="2" m="57591" /><F8/><W9/><G9/><T35/><D100/><U7/><E28/><V11/><F11/><W112/><G3/><T5/><D92/><U132/><E132/><V0/><F0/><W59/><G70/><T36/><D36/><U128/><E128/><V4/><F4/><W117/><G10/><T113/><D5/><U24/><E7/><V62/><F62/><W108/><G18/><T82/><D16/><N who="1" m="12391" /><E64/><V29/><F29/><N who="3" m="19759" /><G108/><T111/><D111/><U96/><E96/><V114/><F17/><AGARI ba="0,0" hai="15,17,21,50,53,56,57,58,93,98,101" m="12391" machi="17" ten="30,2000,0" yaku="8,1,54,1" doraHai="30" who="1" fromWho="2" sc="261,0,169,20,354,-20,216,0" /><INIT seed="7,0,0,0,2,74" ten="261,189,334,216" oya="3" hai0="39,132,13,16,118,107,80,48,88,117,18,90,29" hai1="15,14,119,44,98,104,97,58,30,112,26,50,99" hai2="32,108,123,3,61,55,17,37,28,78,56,8,64" hai3="106,24,25,35,84,34,45,111,131,63,60,2,134"/><W36/><G106/><T120/><D107/><U125/><E112/><V7/><F108/><W121/><G121/><T46/><D39/><U93/><E125/><V96/><F37/><W133/><G36/><T103/><D103/><U89/><E119/><V127/><F127/><W42/><G2/><T76/><D120/><U114/><E114/><V31/><F32/><W19/><G111/><T91/><D132/><U43/><E58/><V0/><F0/><W49/><G84/><N who="0" m="48135" /><D117/><U101/><REACH who="1" step="1"/><E98/><REACH who="1" ten="261,179,334,216" step="2"/><V135/><F96/><W54/><G131/><T81/><D118/><U62/><E62/><V85/><F56/><N who="3" m="34839" /><G63/><T110/><D110/><U65/><E65/><V67/><F61/><W41/><G133/><T129/><D129/><U38/><E38/><V124/><F67/><W77/><G134/><T70/><D70/><U53/><E53/><V82/><F64/><W23/><G42/><T66/><D66/><U100/><E100/><V10/><F55/><W4/><G35/><AGARI ba="0,1" hai="14,15,26,30,35,43,44,50,89,93,97,99,101,104" machi="35" ten="30,2000,0" yaku="1,1,7,1,53,0" doraHai="74" doraHaiUra="59" who="1" fromWho="3" sc="261,0,179,30,334,0,216,-20" owari="261,6.0,209,-19.0,334,43.0,196,-30.0" /></mjloggm>