<mjloggm ver="2.3"><GO type="169" lobby="0"/><UN n0="%E3%82%A2%E3%83%83%E3%83%97%E3%83%AB%E3%82%B0%E3%83%9F" n1="%EF%BC%A0%E3%81%BF%E3%82%84" n2="%E5%B0%B1%E6%B4%BB%E7%94%9F%40%E5%B7%9D%E6%9D%91%E8%BB%8D%E5%9B%A3" n3="%E3%82%89%E3%81%84%E3%81%A1%E3%82%87%E3%81%86" dan="17,16,17,17" rate="2117.65,2127.83,2108.09,2149.38" sx="M,F,M,M"/><TAIKYOKU oya="0"/><INIT seed="0,0,0,2,5,0" ten="250,250,250,250" oya="0" hai0="100,129,104,41,69,24,132,78,17,122,43,116,49" hai1="113,19,67,42,81,15,134,83,51,50,87,21,94" hai2="14,93,112,73,103,82,123,133,71,119,46,26,57" hai3="29,98,70,130,61,52,4,37,128,102,90,80,31"/><T16/><D116/><U66/><E134/><V118/><F71/><W125/><G37/><T54/><D122/><U109/><E109/><V85/><F46/><W58/><G70/><T115/><D115/><U89/><E113/><V48/><F26/><W44/><G44/><T120/><D69/><U95/><E42/><V76/><F48/><N who="1" m="18473" /><E95/><V36/><F57/><W30/><G125/><T64/><D64/><AGARI ba="0,0" hai="15,19,21,64,66,67,81,83,87,89,94" m="18473" machi="64" ten="30,1000,0" yaku="8,1" doraHai="0" who="1" fromWho="0" sc="250,-10,250,10,250,0,250,0" /><INIT seed="1,0,0,5,1,88" ten="240,260,250,250" oya="1" hai0="7,39,62,71,17,94,83,13,11,27,1,73,105" hai1="129,25,44,104,110,72,36,4,19,15,55,84,58" hai2="67,103,47,64,51,102,131,114,65,14,113,61,56" hai3="42,85,37,30,5,117,21,54,115,79,12,40,26"/><U120/><E72/><V6/><F6/><W97/><G115/><N who="2" m="44041" /><F14/><W34/><G117/><T33/><D105/><U63/><E120/><V48/><F131/><W66/><G37/><T3/><D39/><U9/><E129/><V96/><F96/><W29/><G66/><N who="2" m="25705" /><F51/><W123/><G123/><T69/><D62/><U95/><E104/><V41/><AGARI ba="0,0" hai="41,47,48,56,61,67,102,103" m="25705,44041" machi="41" ten="30,1100,0" yaku="11,1" doraHai="88" who="2" fromWho="2" sc="240,-3,260,-5,250,11,250,-3" /><INIT seed="2,0,0,3,1,98" ten="237,255,261,247" oya="2" hai0="93,92,118,45,28,54,99,80,72,117,22,108,67" hai1="76,129,125,120,36,31,106,4,53,16,12,11,23" hai2="51,46,102,83,30,111,6,122,90,58,84,123,116" hai3="68,33,73,18,52,50,74,57,85,34,121,104,20"/><V44/><F116/><N who="0" m="44650" /><D67/><U35/><E129/><V47/><F6/><W132/><G121/><T10/><D10/><U79/><E120/><V21/><F111/><W131/><G131/><T91/><D108/><U75/><E125/><V115/><F115/><W42/><G132/><T105/><D105/><U88/><E36/><V27/><F122/><W15/><G68/><T29/><D22/><U32/><E106/><V127/><F127/><W97/><G42/><T94/><D99/><U24/><E35/><V65/><F123/><W0/><G0/><T109/><D109/><U82/><E53/><V37/><F37/><W126/><G126/><T25/><D25/><U86/><REACH who="1" step="1"/><E75/><REACH who="1" ten="237,245,261,247" step="2"/><V124/><F124/><W70/><G74/><T55/><D54/><U114/><E114/><V5/><F65/><W41/><G73/><T100/><D72/><U81/><E81/><V130/><F130/><W17/><G34/><T49/><D80/><U38/><E38/><V40/><F58/><W8/><G33/><T64/><D64/><U26/><AGARI ba="0,1" hai="4,11,12,16,23,24,26,31,32,76,79,82,86,88" machi="26" ten="20,8000,1" yaku="1,1,0,1,7,1,54,2,53,0" doraHai="98" doraHaiUra="43" who="1" fromWho="1" sc="237,-20,245,90,261,-40,247,-20" /><INIT seed="3,0,0,0,3,116" ten="217,335,221,227" oya="3" hai0="77,108,63,59,48,65,98,54,58,89,36,30,67" hai1="101,117,69,96,21,52,46,33,8,71,100,82,84" hai2="1,90,88,7,118,94,38,6,132,47,66,102,111" hai3="129,56,68,45,12,53,85,28,83,106,87,133,3"/><W42/><G68/><T4/><D36/><U76/><E33/><V13/><F118/><W19/><G3/><T17/><D108/><U11/><E117/><V32/><F32/><W115/><G115/><T40/><D30/><U26/><E71/><V75/><F1/><W78/><G106/><T99/><D77/><U60/><E69/><V93/><F75/><W39/><G129/><T120/><D4/><U29/><E101/><V2/><F2/><W124/><G28/><T15/><D40/><U104/><REACH who="1" step="1"/><E60/><REACH who="1" ten="217,325,221,227" step="2"/><V49/><F102/><W105/><G133/><T14/><D63/><U61/><E61/><V110/><F132/><W135/><G135/><T126/><D67/><U73/><E73/><V74/><F66/><W51/><G124/><T43/><D65/><U107/><E107/><V35/><F74/><W103/><G103/><T97/><D126/><U27/><E27/><V34/><F35/><W23/><G105/><T80/><D15/><U62/><E62/><V50/><F34/><W25/><G25/><T91/><D14/><U64/><E64/><V95/><F13/><W31/><G31/><T18/><D18/><U72/><E72/><AGARI ba="0,1" hai="12,19,23,39,42,45,51,53,56,72,78,83,85,87" machi="72" ten="30,1500,0" yaku="7,1" doraHai="116" who="3" fromWho="1" sc="217,0,325,-15,221,0,227,25" /><INIT seed="3,1,0,2,1,107" ten="217,310,221,252" oya="3" hai0="70,53,2,108,60,109,57,29,10,17,131,58,48" hai1="6,128,42,84,91,1,23,103,115,21,5,100,56" hai2="118,87,75,101,105,114,73,117,88,16,96,123,99" hai3="20,36,39,63,133,121,59,71,83,46,104,55,7"/><W69/><G104/><T0/><D70/><N who="3" m="26633" /><G7/><N who="1" m="2570" /><E128/><V67/><F67/><N who="3" m="39423" /><G20/><N who="1" m="7754" /><E115/><V12/><F12/><W8/><G83/><T41/><D29/><U110/><E110/><N who="0" m="42601" /><D131/><U44/><E1/><N who="0" m="617" /><D41/><U81/><E56/><V113/><F16/><W50/><G8/><T82/><D82/><U80/><E80/><N who="2" m="49255" /><F99/><W4/><G4/><T112/><D112/><N who="2" m="43114" /><F123/><W24/><G24/><T85/><D58/><U9/><E9/><V92/><F105/><W72/><G72/><AGARI ba="1,0" hai="72,73,75,92,96,101,117,118" m="43114,49255" machi="72" ten="30,12000,2" yaku="34,2,52,3,54,1" doraHai="107" who="2" fromWho="3" sc="217,0,310,0,221,123,252,-123" /><INIT seed="4,0,0,3,1,122" ten="217,310,344,129" oya="0" hai0="74,10,106,79,95,37,17,135,93,32,90,31,6" hai1="114,115,94,126,128,80,57,68,134,124,60,87,7" hai2="123,109,24,44,12,117,70,86,132,58,39,28,23" hai3="54,76,46,40,98,78,96,84,21,16,11,13,108"/><T22/><D106/><U118/><E118/><V56/><F70/><W127/><G127/><N who="1" m="48682" /><E128/><V71/><F71/><W125/><G125/><T41/><D135/><U50/><E134/><V82/><F123/><W73/><G73/><T102/><D102/><U14/><E94/><V111/><F56/><W65/><G65/><T75/><D31/><U120/><E50/><V64/><F117/><W104/><G108/><T20/><D32/><U27/><E27/><V43/><F12/><W133/><G133/><T34/><D34/><U99/><E99/><V88/><REACH who="2" step="1"/><F132/><REACH who="2" ten="217,310,334,129" step="2"/><W49/><G11/><T5/><D10/><N who="1" m="4447" /><E68/><V63/><AGARI ba="0,1" hai="23,24,28,39,43,44,58,63,64,82,86,88,109,111" machi="63" ten="30,12000,2" yaku="1,1,0,1,52,2,54,1,53,1" doraHai="122" doraHaiUra="77" who="2" fromWho="2" sc="217,-60,310,-30,334,130,129,-30" /><INIT seed="5,0,0,0,2,15" ten="157,280,464,99" oya="1" hai0="97,50,131,37,17,129,12,65,20,53,69,119,6" hai1="45,10,61,106,67,85,64,109,18,13,127,41,28" hai2="47,114,102,83,34,75,110,117,55,133,113,112,121" hai3="8,84,7,4,72,24,51,23,63,70,92,132,122"/><U62/><E127/><V108/><F34/><W27/><G122/><T126/><D37/><U100/><E109/><N who="2" m="42091" /><F102/><W56/><G132/><T36/><D36/><U59/><E28/><V22/><F22/><W32/><G72/><T80/><D119/><U123/><E123/><V77/><F121/><W44/><G70/><T60/><D126/><U115/><E115/><V87/><F133/><W31/><G8/><T43/><D43/><U88/><E100/><V135/><F135/><W19/><G92/><T81/><D97/><U111/><E106/><V128/><F128/><N who="0" m="49226" /><D6/><U66/><E62/><V33/><F33/><W105/><G84/><T48/><D48/><N who="1" m="26671" /><E111/><V2/><F2/><W0/><G105/><T68/><D69/><U14/><E14/><V38/><F117/><W74/><G74/><T101/><D101/><U116/><E116/><V25/><F25/><W95/><G0/><T96/><D96/><U89/><E89/><V11/><F75/><W93/><G4/><T54/><D54/><U103/><E103/><V5/><F55/><W118/><G7/><T16/><D17/><U42/><E42/><N who="2" m="22999" /><F5/><W21/><G118/><T86/><D86/><U26/><E26/><V82/><F82/><AGARI ba="0,0" hai="10,13,18,59,61,64,66,67,82,85,88" m="26671" machi="82" ten="30,5800,0" yaku="8,1,52,1,54,1" doraHai="15" who="1" fromWho="2" sc="157,0,280,58,464,-58,99,0" /><INIT seed="5,1,0,0,0,11" ten="157,338,406,99" oya="1" hai0="54,52,4,116,111,121,103,97,29,27,68,13,86" hai1="24,117,33,71,109,69,26,23,90,106,78,18,134" hai2="96,67,44,101,46,37,16,50,83,1,113,72,110" hai3="45,42,79,3,51,60,77,39,17,94,30,36,14"/><U20/><E117/><V126/><F1/><W135/><G3/><T70/><D111/><U61/><E134/><V22/><F110/><W98/><G135/><T43/><D116/><U59/><E109/><V66/><F37/><W108/><G108/><T88/><D43/><U99/><E33/><V92/><F126/><W123/><G123/><T74/><D74/><U0/><E78/><V105/><F105/><W131/><G131/><T40/><D40/><U58/><E0/><V2/><F2/><W35/><G39/><T85/><D68/><U55/><E59/><V64/><F113/><W114/><G114/><T53/><D70/><U115/><E115/><V75/><F83/><W48/><G60/><T84/><D121/><U12/><E26/><V21/><F21/><W9/><G30/><T19/><D4/><U10/><E23/><V132/><F132/><W102/><REACH who="3" step="1"/><G35/><REACH who="3" ten="157,338,406,89" step="2"/><T34/><D34/><U122/><E122/><V41/><REACH who="2" step="1"/><F46/><REACH who="2" ten="157,338,396,89" step="2"/><W57/><G57/><T80/><D29/><U31/><E69/><V119/><F119/><W32/><G32/><T38/><D38/><U7/><E71/><V127/><F127/><W76/><AGARI ba="1,2" hai="9,14,17,36,42,45,48,51,76,77,79,94,98,102" machi="76" ten="30,4000,0" yaku="1,1,0,1,52,1,53,0" doraHai="11" doraHaiUra="118" who="3" fromWho="3" sc="157,-11,338,-21,396,-11,89,63" /><INIT seed="6,0,0,2,0,113" ten="146,317,385,152" oya="2" hai0="112,119,71,88,101,94,82,107,7,39,74,99,4" hai1="64,76,102,115,120,14,109,130,5,121,29,51,77" hai2="83,70,36,25,90,19,59,54,103,86,8,128,85" hai3="23,118,15,135,40,91,20,43,56,6,18,61,37"/><V92/><F70/><W38/><G118/><T106/><D71/><U55/><E109/><V110/><F110/><W13/><G135/><T1/><D39/><U131/><E64/><V98/><F36/><W93/><G38/><T117/><D112/><U22/><E102/><V104/><F128/><N who="1" m="49193" /><E115/><V34/><F34/><W122/><G122/><N who="1" m="47210" /><E29/><V57/><F54/><N who="3" m="33943" /><G37/><T17/><D17/><N who="1" m="10551" /><E5/><N who="0" m="2121" /><D1/><U87/><E87/><V69/><F69/><W68/><G68/><T10/><D107/><U126/><E126/><V0/><F86/><N who="3" m="52471" /><G23/><T63/><D10/><AGARI ba="0,0" hai="6,10,13,15,18,20,40,43" m="52471,33943" machi="10" ten="30,1000,0" yaku="8,1" doraHai="113" who="3" fromWho="0" sc="146,-10,317,0,385,0,152,10" /><INIT seed="7,0,0,0,0,113" ten="136,317,385,162" oya="3" hai0="134,0,87,50,98,2,17,109,63,76,34,89,10" hai1="19,124,108,71,35,29,78,30,68,114,44,49,16" hai2="103,133,26,12,9,3,25,5,51,72,126,125,55" hai3="135,92,61,42,67,15,20,7,97,64,130,70,53"/><W102/><G130/><T48/><D34/><U37/><E108/><V59/><F72/><W23/><G135/><T65/><D109/><U24/><E114/><V99/><F12/><W128/><G128/><T33/><D33/><U85/><E124/><N who="2" m="47723" /><F133/><W18/><G42/><T58/><D134/><U100/><E37/><V27/><F26/><W122/><G122/><T88/><D76/><U131/><E100/><V62/><F51/><N who="0" m="19498" /><D0/><U1/><E1/><V79/><F79/><W4/><G67/><T106/><D106/><AGARI ba="0,0" hai="3,5,9,25,27,55,59,62,99,103,106" m="47723" machi="106" ten="30,1000,0" yaku="18,1" doraHai="113" who="2" fromWho="0" sc="136,-10,317,0,385,10,162,0" owari="126,-37.0,317,12.0,395,49.0,162,-24.0" /></mjloggm>