<mjloggm ver="2.3"><GO type="169" lobby="0"/><UN n0="%E6%96%87%E5%9B%9B%E9%83%8E" n1="%E3%83%9A%E3%83%81%E3%83%A7%E3%83%BC%E3%83%AA%E3%83%B3" n2="%E5%B0%B1%E6%B4%BB%E7%94%9F%40%E5%B7%9D%E6%9D%91%E8%BB%8D%E5%9B%A3" n3="%E7%A9%B6%E6%A5%B5%41%49" dan="16,16,16,16" rate="2060.40,2077.86,2181.08,2082.26" sx="M,M,M,M"/><TAIKYOKU oya="0"/><INIT seed="0,0,0,3,5,131" ten="250,250,250,250" oya="0" hai0="104,52,40,68,70,54,93,62,33,74,86,87,17" hai1="18,7,126,103,73,100,24,83,46,1,38,71,99" hai2="102,14,132,123,115,44,91,53,19,64,56,28,120" hai3="49,30,105,10,119,15,76,25,94,107,42,9,130"/><T124/><D104/><U58/><E71/><V78/><F102/><W51/><G119/><T129/><D74/><U135/><E126/><V59/><F28/><W92/><G130/><T47/><D33/><U26/><E7/><V32/><F32/><W77/><G107/><T67/><D129/><U89/><E1/><V6/><F6/><W127/><G105/><T21/><D70/><U69/><E69/><V109/><F78/><N who="3" m="30315" /><G127/><T118/><D118/><U65/><E65/><V134/><F109/><W97/><G10/><T116/><D116/><U108/><E58/><V20/><F115/><W35/><G35/><T79/><D124/><U55/><E55/><V36/><F64/><W114/><G114/><T23/><D23/><U41/><E73/><V12/><F91/><W75/><G75/><T16/><D17/><U112/><E112/><V48/><F14/><W63/><G63/><T95/><D93/><U98/><E18/><V61/><F36/><W72/><G72/><T88/><D86/><U3/><E3/><V11/><F11/><W90/><G25/><T111/><D79/><U2/><E2/><V31/><F31/><W106/><G30/><T5/><D5/><U101/><E24/><V27/><F27/><W113/><G106/><T133/><D111/><U57/><E26/><V96/><F96/><W13/><G113/><T84/><D87/><U117/><E117/><V39/><F39/><W50/><G94/><T82/><D95/><U60/><E38/><V45/><F123/><W110/><G110/><T85/><D82/><U29/><E83/><V0/><F120/><RYUUKYOKU ba="0,0" sc="250,0,250,0,250,0,250,0" /><INIT seed="1,1,0,1,3,51" ten="250,250,250,250" oya="1" hai0="48,82,18,71,36,106,23,135,37,96,92,62,119" hai1="127,69,72,9,131,93,103,107,98,86,15,54,102" hai2="57,66,12,105,33,55,2,53,83,56,89,11,122" hai3="41,85,125,118,64,58,68,43,44,8,35,90,25"/><U13/><E69/><V32/><F105/><W30/><G68/><T73/><D119/><U59/><E72/><V7/><F122/><W46/><G118/><T27/><D106/><U77/><E127/><V67/><F2/><W99/><G125/><T70/><D135/><U126/><E126/><V50/><F33/><W76/><G76/><T108/><D108/><U84/><E131/><V22/><F22/><W94/><G8/><T21/><D48/><U1/><E1/><V110/><F32/><W81/><G64/><T34/><D34/><U29/><E29/><V78/><F89/><W49/><G58/><T40/><D62/><U129/><E129/><V91/><F91/><W134/><G134/><T80/><D71/><U6/><E15/><V75/><REACH who="2" step="1"/><F110/><REACH who="2" ten="250,250,240,250" step="2"/><W117/><G117/><T16/><D23/><U65/><E77/><V60/><AGARI ba="1,1" hai="7,11,12,50,53,55,56,57,60,66,67,75,78,83" machi="60" ten="20,12000,2" yaku="1,1,2,1,0,1,7,1,52,2,53,0" doraHai="51" doraHaiUra="87" who="2" fromWho="2" sc="250,-31,250,-61,240,133,250,-31" /><INIT seed="2,0,0,5,2,55" ten="219,189,373,219" oya="2" hai0="120,8,53,20,41,61,95,38,76,125,87,28,135" hai1="67,121,69,124,71,93,21,70,50,16,128,75,29" hai2="132,103,114,39,109,18,58,11,80,19,106,126,59" hai3="43,102,131,44,77,13,81,107,108,17,40,130,113"/><V91/><F39/><W89/><G108/><T78/><D120/><U110/><E75/><V98/><F114/><W15/><G113/><T97/><D135/><U4/><E110/><V48/><F109/><W119/><G119/><T14/><D125/><U105/><E105/><V118/><F118/><W12/><G17/><T33/><D33/><U83/><E124/><V36/><F36/><W60/><G89/><T30/><D41/><U63/><E4/><V2/><F126/><W117/><G117/><T111/><D38/><U104/><E104/><V37/><F37/><W46/><G43/><T64/><D53/><U47/><E29/><N who="0" m="11369" /><D20/><U86/><E93/><V51/><F132/><W25/><G25/><T23/><D23/><U22/><E22/><V79/><F91/><W65/><G102/><N who="0" m="60735" /><D87/><U123/><E128/><N who="3" m="49194" /><G107/><T96/><D96/><U112/><E112/><V6/><F19/><W66/><G40/><T57/><D111/><U24/><E123/><V84/><F18/><AGARI ba="0,0" hai="8,14,18,57,61,64,76,78" m="60735,11369" machi="18" ten="30,2000,0" yaku="8,1,52,1" doraHai="55" who="0" fromWho="2" sc="219,20,189,0,373,-20,219,0" /><INIT seed="3,0,0,0,0,128" ten="239,189,353,219" oya="3" hai0="20,97,7,38,78,24,129,33,107,76,53,47,84" hai1="103,121,124,89,44,3,22,106,62,109,51,18,93" hai2="74,39,9,65,108,81,104,64,13,6,61,42,119" hai3="11,25,87,135,26,35,46,63,30,90,69,126,15"/><W99/><G126/><T114/><D33/><U133/><E3/><V134/><F119/><W86/><G26/><T27/><D7/><U80/><E121/><V32/><F32/><W110/><G110/><T60/><D129/><U19/><E124/><V112/><F104/><W77/><G135/><T8/><D8/><U116/><E116/><V132/><F108/><W66/><G46/><T118/><D118/><U92/><E109/><V48/><F39/><W67/><G67/><T100/><D114/><U23/><E106/><V4/><F4/><W85/><G77/><T36/><D27/><U54/><E103/><V115/><F115/><W127/><G127/><T40/><D38/><U91/><E133/><N who="2" m="51307" /><F112/><W88/><REACH who="3" step="1"/><G99/><REACH who="3" ten="239,189,353,209" step="2"/><T68/><D78/><U12/><E44/><N who="2" m="25623" /><F61/><W131/><G131/><T29/><D60/><U17/><E62/><V0/><F0/><W95/><G95/><T10/><D107/><U79/><E93/><V59/><F59/><W105/><G105/><T125/><D125/><U120/><E92/><V98/><F98/><W57/><G57/><T94/><D94/><U96/><E120/><V122/><F122/><W75/><G75/><T41/><D97/><U31/><E96/><V130/><F130/><W43/><G43/><T111/><D41/><U50/><E12/><V73/><F73/><W5/><AGARI ba="0,1" hai="5,11,15,25,30,35,63,66,69,85,86,87,88,90" machi="5" ten="30,11700,0" yaku="1,1,0,1,54,1,53,1" doraHai="128" doraHaiUra="56" who="3" fromWho="3" sc="239,-39,189,-39,353,-39,209,127" /><INIT seed="3,1,0,0,5,117" ten="200,150,314,336" oya="3" hai0="73,106,93,24,11,5,54,25,57,71,129,28,48" hai1="15,104,56,40,91,21,83,121,17,68,102,72,74" hai2="76,8,70,62,64,29,31,60,88,67,134,65,128" hai3="46,79,132,123,107,33,32,108,59,78,3,96,1"/><W43/><G59/><T120/><D106/><U41/><E68/><V20/><F128/><W0/><G132/><T69/><D73/><U23/><E121/><V37/><F37/><W116/><G116/><T58/><D120/><U84/><E104/><V12/><F134/><W92/><G107/><T113/><D129/><U19/><E102/><V51/><F76/><W81/><G123/><T7/><D113/><U14/><E74/><V38/><F38/><W30/><G108/><T49/><D93/><U22/><E72/><V66/><F20/><W13/><G13/><T39/><D39/><U133/><E133/><V94/><F51/><W101/><G30/><T4/><D11/><U125/><E125/><V9/><F9/><W127/><G127/><T35/><REACH who="0" step="1"/><D25/><REACH who="0" ten="190,150,314,336" step="2"/><U2/><E2/><V87/><REACH who="2" step="1"/><F60/><REACH who="2" ten="190,150,304,336" step="2"/><W122/><G122/><T55/><AGARI ba="1,2" hai="4,5,7,24,28,35,48,49,54,55,57,58,69,71" machi="55" ten="30,7900,0" yaku="1,1,2,1,0,1,9,1,53,0" doraHai="117" doraHaiUra="61" who="0" fromWho="0" sc="190,102,150,-21,304,-21,336,-40" /><INIT seed="4,0,0,4,2,134" ten="292,129,283,296" oya="0" hai0="91,75,74,8,118,51,78,128,83,117,9,48,66" hai1="49,132,26,65,20,21,81,22,87,60,56,120,37" hai2="46,33,38,28,69,10,77,116,127,130,80,110,5" hai3="15,86,36,135,71,54,52,133,53,41,102,42,7"/><T88/><D66/><U98/><E37/><V29/><F110/><W115/><G71/><T32/><D32/><U119/><E120/><V76/><F76/><W112/><G102/><T3/><D128/><U114/><E119/><V27/><F29/><W107/><G107/><T40/><D40/><N who="3" m="15465" /><G36/><T25/><D25/><U94/><E132/><N who="3" m="50762" /><G86/><T17/><D78/><U82/><E114/><N who="3" m="43562" /><G15/><T126/><D3/><U129/><E129/><V67/><F38/><W2/><G7/><T43/><D43/><U34/><E34/><V96/><F96/><W31/><G31/><T79/><D79/><U70/><E26/><V14/><F46/><W85/><G85/><T99/><D99/><U106/><E106/><V11/><F11/><W73/><G73/><T45/><D45/><U1/><E1/><AGARI ba="0,0" hai="1,2,52,53,54" m="43562,50762,15465" machi="1" ten="40,8000,1" yaku="28,2,20,1,15,1,54,1" doraHai="134" who="3" fromWho="1" sc="292,0,129,-80,283,0,296,80" /><INIT seed="5,0,0,3,2,112" ten="292,49,283,376" oya="1" hai0="91,22,130,121,73,113,13,120,27,87,133,79,60" hai1="72,48,18,101,67,47,54,56,44,109,35,24,30" hai2="76,50,123,49,33,115,14,62,69,86,75,104,119" hai3="2,129,37,107,128,17,32,34,102,12,15,84,46"/><U103/><E109/><V57/><F75/><W39/><G2/><T80/><D113/><U58/><E72/><V83/><F115/><W89/><G102/><T92/><D130/><N who="3" m="50281" /><G107/><T131/><D131/><U16/><E56/><V29/><F119/><W25/><G15/><T94/><D133/><U53/><E67/><V108/><F108/><W36/><G46/><T88/><D13/><U6/><E6/><V93/><F104/><W82/><G25/><T117/><D60/><U1/><E1/><V23/><F69/><W11/><AGARI ba="0,0" hai="11,12,17,32,34,36,37,39,82,84,89" m="50281" machi="11" ten="40,1500,0" yaku="19,1" doraHai="112" who="3" fromWho="3" sc="292,-4,49,-7,283,-4,376,15" /><INIT seed="6,0,0,5,2,20" ten="288,42,279,391" oya="2" hai0="71,121,100,37,125,122,48,7,118,88,120,111,44" hai1="57,63,102,119,97,131,115,3,1,34,9,95,5" hai2="54,42,21,94,40,13,28,23,110,103,135,76,62" hai3="79,38,27,113,65,52,82,109,47,17,30,43,53"/><V14/><F110/><W67/><G109/><T126/><D111/><U89/><E115/><V83/><F135/><W73/><G113/><T106/><D71/><U104/><E119/><V93/><F62/><W92/><G17/><T127/><D37/><U19/><E131/><V61/><F61/><W81/><G81/><T66/><D66/><U12/><E34/><V107/><F107/><W0/><G0/><T72/><D72/><U18/><E3/><V15/><F54/><W130/><G130/><T64/><D64/><U86/><REACH who="1" step="1"/><E1/><REACH who="1" ten="288,32,279,391" step="2"/><V58/><F40/><W77/><G43/><T59/><D118/><U33/><E33/><V56/><F42/><W6/><G38/><T101/><D122/><U90/><E90/><V16/><F103/><W32/><G79/><T55/><D88/><U31/><E31/><V36/><F36/><W96/><G30/><T114/><D114/><U85/><E85/><N who="2" m="48359" /><F28/><W91/><G32/><T70/><D101/><U133/><E133/><V2/><F2/><W129/><G129/><T134/><D134/><U45/><E45/><V117/><F117/><W26/><G47/><T80/><D44/><U35/><E35/><V41/><F41/><W108/><G108/><T74/><D121/><U87/><E87/><V46/><F46/><W29/><G29/><T123/><D120/><U11/><E11/><V49/><F23/><W132/><G132/><T99/><D123/><U10/><E10/><V39/><F39/><W128/><G128/><T78/><D100/><U24/><E24/><N who="2" m="14375" /><F56/><W51/><G73/><T8/><D59/><U68/><E68/><RYUUKYOKU ba="0,1" sc="288,-15,32,15,279,15,391,-15" hai1="5,9,12,18,19,57,63,86,89,95,97,102,104" hai2="13,14,15,49,58,93,94" /><INIT seed="6,1,1,0,2,47" ten="273,47,294,376" oya="2" hai0="94,71,95,10,55,0,23,75,41,53,82,124,1" hai1="65,20,135,126,108,4,91,78,64,62,101,104,114" hai2="107,46,45,129,96,16,8,84,87,59,93,11,26" hai3="51,39,74,77,7,130,18,13,3,50,57,105,113"/><V111/><F107/><W27/><G39/><T33/><D33/><U31/><E114/><V120/><F120/><W131/><G105/><T127/><D71/><U19/><E126/><N who="0" m="48169" /><D41/><U22/><E135/><V118/><F111/><W115/><G27/><T42/><D42/><U80/><E108/><V121/><F118/><W44/><G44/><N who="2" m="17001" /><F129/><N who="3" m="49163" /><G7/><N who="0" m="1383" /><D1/><U14/><E4/><V81/><F59/><W52/><G3/><T123/><D123/><U56/><E101/><N who="2" m="60559" /><F121/><W37/><G37/><T69/><D69/><U25/><E104/><V67/><F67/><W21/><G51/><T100/><D23/><U134/><E134/><V76/><F87/><W58/><G58/><T106/><D106/><U48/><E91/><V6/><F6/><W63/><G63/><T70/><D70/><U72/><REACH who="1" step="1"/><E65/><REACH who="1" ten="273,37,294,376" step="2"/><V89/><F89/><W98/><G98/><T103/><D100/><U92/><E92/><N who="0" m="35369" /><D103/><U35/><E35/><V43/><F76/><AGARI ba="1,2" hai="53,55,75,76,82" m="35369,1383,48169" machi="76" ten="30,1000,0" yaku="18,1" doraHai="47" who="0" fromWho="2" sc="273,33,37,0,294,-13,376,0" /><INIT seed="7,0,0,2,4,9" ten="306,37,281,376" oya="3" hai0="27,39,32,54,115,3,88,74,63,113,97,0,93" hai1="126,8,60,77,124,29,90,100,122,47,135,95,37" hai2="110,69,2,50,78,121,20,132,91,116,114,112,17" hai3="58,118,36,134,85,89,109,101,53,96,26,67,133"/><W86/><G118/><T66/><D39/><U10/><E122/><V43/><F69/><W19/><G36/><T80/><D54/><U127/><E135/><N who="3" m="51722" /><G67/><T130/><D130/><U73/><E100/><V51/><F110/><W33/><G109/><T104/><D104/><U24/><E77/><V35/><F35/><W128/><G128/><T45/><D45/><U16/><E73/><V15/><F2/><W106/><G89/><T1/><D80/><U61/><E47/><V105/><F116/><W13/><G26/><T22/><D32/><U23/><E37/><V111/><F132/><W59/><G33/><T49/><D49/><U65/><E65/><V28/><F105/><W92/><G106/><T25/><D74/><U83/><E83/><V64/><F111/><W117/><G117/><T82/><D82/><U125/><N who="1" m="31744" /><DORA hai="71" /><U55/><E55/><V18/><F121/><W46/><G46/><T70/><REACH who="0" step="1"/><D22/><REACH who="0" ten="296,37,281,376" step="2"/><U102/><E102/><V129/><F129/><W41/><G41/><T72/><D72/><U57/><E57/><N who="3" m="21514" /><G53/><T44/><D44/><U131/><E131/><V30/><F64/><W123/><G123/><T120/><D120/><U40/><E40/><V7/><F78/><W48/><G48/><T38/><D38/><U76/><E76/><V4/><F43/><W79/><G79/><T68/><D68/><U6/><E60/><V42/><F42/><W21/><AGARI ba="0,1" hai="13,19,21,85,86,92,96,101" m="21514,51722" machi="21" ten="30,3000,0" yaku="20,1,52,1" doraHai="9,71" who="3" fromWho="3" sc="296,-10,37,-10,281,-10,376,40" owari="286,9.0,27,-47.0,271,-13.0,416,51.0" /></mjloggm>