<mjloggm ver="2.3"><GO type="97" lobby="0"/><UN n0="%53%74%65%70%68%65%6E" n1="%66%72%65%65%30" n2="%E5%B0%B1%E6%B4%BB%E7%94%9F%40%E5%B7%9D%E6%9D%91%E8%BB%8D%E5%9B%A3" n3="%E3%82%86%E3%82%8A%E3%81%82%E3%81%B4%E3%83%BC%E3%81%99%21%21" dan="13,14,15,14" rate="1821.99,1882.46,1987.70,1941.11" sx="M,M,M,F"/><TAIKYOKU oya="0"/><INIT seed="0,0,0,0,0,103" ten="250,250,250,250" oya="0" hai0="6,29,124,23,118,112,129,16,13,42,105,73,67" hai1="100,88,116,111,80,65,50,38,127,114,79,39,21" hai2="77,53,36,3,134,34,84,70,40,85,106,96,7" hai3="133,93,94,19,97,74,11,69,24,117,83,122,89"/><T115/><D73/><U1/><E116/><V126/><F134/><W107/><G117/><T63/><D118/><U108/><E1/><V54/><F126/><W56/><G69/><T132/><D124/><U32/><E32/><V58/><F70/><W18/><G133/><T113/><D132/><U91/><E127/><V17/><F34/><W60/><G94/><T75/><D75/><N who="1" m="43135" /><E65/><V0/><F36/><W8/><G122/><T71/><D129/><U26/><E50/><V121/><F40/><W28/><G8/><T130/><D130/><U14/><E14/><V99/><F121/><W15/><G19/><T49/><D29/><N who="1" m="17615" /><E100/><V41/><F41/><W128/><G128/><T119/><D119/><U66/><E66/><V43/><F43/><W51/><G51/><T30/><D30/><U120/><E114/><V61/><F7/><W62/><G56/><T90/><D90/><N who="1" m="34347" /><E120/><V64/><F64/><W131/><G131/><T2/><D2/><U47/><E47/><V82/><F54/><W9/><G9/><T95/><D6/><U123/><E123/><V57/><F57/><W45/><G45/><T33/><D33/><U135/><E135/><V12/><F85/><W10/><G10/><T48/><D42/><U104/><E104/><V20/><REACH who="2" step="1"/><F96/><REACH who="2" ten="250,250,240,250" step="2"/><W98/><G98/><T78/><D112/><U125/><E125/><V31/><F31/><W110/><G97/><T5/><D115/><U25/><E38/><V55/><F55/><W76/><G28/><T52/><D113/><U81/><E39/><V72/><F72/><W102/><G74/><T92/><D5/><RYUUKYOKU ba="0,1" sc="250,-10,250,-10,240,30,250,-10" hai2="0,3,12,17,20,53,58,61,77,82,84,99,106" /><INIT seed="1,1,1,5,3,18" ten="240,240,270,240" oya="1" hai0="70,14,38,31,92,22,82,119,60,21,26,29,1" hai1="90,99,88,48,98,106,28,35,23,41,110,3,85" hai2="8,95,5,71,128,33,135,47,76,43,93,65,78" hai3="2,9,13,134,131,87,46,19,56,24,72,114,80"/><U89/><E35/><V37/><F33/><W74/><G114/><T16/><D38/><U94/><E3/><V127/><F127/><W6/><G131/><T111/><D70/><U40/><E110/><V75/><F135/><W59/><G134/><T68/><D111/><U100/><E98/><V96/><F128/><W67/><G46/><T129/><D129/><U102/><E102/><V11/><F11/><W53/><G67/><T79/><D119/><U51/><E51/><V125/><F125/><W57/><G24/><T97/><D1/><U49/><E49/><V20/><F95/><W101/><G101/><T116/><D116/><U84/><E84/><V126/><F75/><W52/><G72/><T81/><D31/><U112/><E112/><V109/><F109/><W58/><G74/><T105/><D105/><U44/><REACH who="1" step="1"/><E41/><REACH who="1" ten="240,230,270,240" step="2"/><V123/><F126/><W118/><G118/><T120/><D120/><U54/><E54/><V64/><F123/><W62/><G62/><T0/><D0/><U121/><E121/><V34/><F34/><W61/><G61/><T115/><D115/><U55/><E55/><V113/><F113/><W133/><G133/><T69/><D69/><U86/><E86/><V117/><F71/><W36/><G36/><T130/><D130/><U73/><E73/><V132/><F132/><W25/><G2/><T124/><D124/><U45/><E45/><V103/><F117/><W17/><G87/><T91/><REACH who="0" step="1"/><D79/><REACH who="0" ten="230,230,270,240" step="2"/><U63/><E63/><V4/><F78/><W30/><G30/><T104/><D104/><U83/><E83/><V12/><F76/><RYUUKYOKU ba="1,3" sc="230,15,230,15,270,-15,240,-15" hai0="14,16,21,22,26,29,60,68,81,82,91,92,97" hai1="23,28,40,44,48,85,88,89,90,94,99,100,106" /><INIT seed="1,2,3,2,3,125" ten="245,245,255,225" oya="1" hai0="60,119,116,76,86,42,103,117,20,24,62,94,26" hai1="33,25,127,87,35,104,3,120,1,21,129,31,28" hai2="57,5,114,10,0,132,81,93,56,44,54,11,69" hai3="16,99,112,18,109,58,72,113,88,105,13,118,85"/><U22/><E104/><V83/><F69/><W84/><G72/><T70/><D42/><U75/><E75/><V82/><F114/><W128/><G18/><T50/><D50/><U135/><E87/><V45/><F132/><W17/><G17/><T80/><D26/><N who="1" m="18583" /><E135/><V14/><F93/><W92/><G105/><T100/><D94/><U63/><E63/><V46/><REACH who="2" step="1"/><F54/><REACH who="2" ten="245,245,245,225" step="2"/><W77/><G113/><T89/><D70/><U102/><E127/><V134/><F134/><W91/><G112/><T108/><D108/><U71/><E71/><V59/><F59/><W51/><G109/><T38/><D119/><U101/><E101/><N who="0" m="38985" /><D117/><U90/><E102/><V126/><F126/><W37/><G118/><T19/><D116/><U8/><E120/><V68/><F68/><W131/><G92/><T43/><D43/><U110/><E110/><V12/><F12/><W74/><G13/><T53/><D53/><U34/><E1/><V96/><F96/><W23/><G99/><T130/><D38/><U67/><E3/><V55/><F55/><W32/><G37/><T123/><D123/><U52/><E52/><V78/><F78/><W107/><G77/><T79/><D130/><U97/><E129/><V48/><F48/><W95/><G51/><T36/><D36/><U49/><E49/><V30/><F30/><W39/><G39/><T2/><D2/><U115/><E31/><V124/><F124/><W66/><G128/><T9/><D79/><U15/><E115/><V4/><AGARI ba="2,4" hai="0,4,5,10,11,14,44,45,46,56,57,81,82,83" machi="4" ten="40,2700,0" yaku="1,1,0,1,53,0" doraHai="125" doraHaiUra="47" who="2" fromWho="2" sc="245,-9,245,-15,245,73,225,-9" /><INIT seed="2,0,0,0,4,82" ten="236,230,318,216" oya="2" hai0="18,49,55,57,50,84,73,34,68,83,81,54,69" hai1="116,46,118,15,0,45,9,130,135,121,113,90,22" hai2="124,134,103,71,6,60,5,92,56,58,120,8,88" hai3="11,27,4,94,31,17,52,16,125,63,107,78,111"/><V30/><F120/><W95/><G107/><T39/><D34/><U14/><E46/><V41/><F134/><W104/><G104/><T12/><D39/><U110/><E45/><V74/><F74/><W126/><G78/><T23/><D73/><U96/><E96/><V112/><F112/><W93/><G111/><T33/><D81/><U29/><E90/><V128/><F128/><W53/><G63/><T20/><D20/><U99/><E99/><V2/><F6/><W117/><G117/><N who="1" m="45162" /><E113/><V40/><F103/><W32/><G11/><T24/><D24/><N who="1" m="16535" /><E110/><V102/><F30/><W98/><G4/><T97/><D33/><U37/><E37/><V42/><F102/><W59/><G98/><T38/><D97/><U75/><E75/><V105/><F105/><W72/><G72/><T114/><D114/><U47/><E47/><V127/><F71/><W67/><G67/><T13/><D13/><U76/><E76/><V35/><F35/><W119/><G119/><T115/><D38/><U66/><E66/><V7/><F60/><N who="3" m="35943" /><G53/><T64/><D64/><U79/><E79/><V129/><F129/><W21/><G32/><T48/><D48/><U77/><E77/><V89/><F89/><W3/><G3/><T85/><D115/><U44/><E130/><V86/><F58/><W133/><G133/><T101/><D101/><U106/><E106/><V43/><F56/><W123/><G123/><T65/><D65/><U25/><E135/><V91/><F91/><W61/><G61/><T70/><D83/><U28/><E0/><V26/><N who="2" m="10752" /><DORA hai="80" /><V109/><F2/><RYUUKYOKU ba="0,0" sc="236,15,230,-15,318,-15,216,15" hai0="12,18,23,49,50,54,55,57,68,69,70,84,85" hai3="16,17,21,27,31,93,94,95,125,126" /><INIT seed="3,1,0,1,3,86" ten="251,215,303,231" oya="3" hai0="85,56,57,120,101,97,124,1,98,26,47,119,31" hai1="79,55,92,130,88,82,7,58,116,42,38,25,90" hai2="112,70,77,84,6,89,118,46,24,117,13,107,12" hai3="52,45,35,127,2,49,68,44,129,72,66,39,106"/><W40/><G106/><T51/><D119/><U104/><E104/><V110/><F107/><W4/><G72/><T93/><D120/><U87/><E130/><V37/><F70/><W61/><G35/><T63/><D1/><U67/><E116/><V64/><F112/><W100/><G100/><T128/><D128/><U10/><E38/><V125/><F64/><W132/><G2/><T18/><D18/><U96/><E42/><V65/><F65/><W99/><G4/><T113/><D124/><U74/><E25/><V122/><F77/><W121/><G99/><T15/><D15/><N who="1" m="5599" /><E74/><V14/><F125/><W8/><G8/><T102/><D85/><U69/><E69/><V95/><F6/><W131/><G127/><T115/><D115/><U41/><E41/><V32/><F122/><W80/><G80/><T3/><D63/><N who="1" m="36319" /><E67/><V71/><F71/><W27/><G27/><T5/><D5/><U109/><E109/><V48/><F37/><W11/><G11/><T133/><D133/><U83/><E83/><V76/><F110/><W123/><G123/><T126/><D126/><U17/><E17/><V62/><F24/><W21/><G121/><T94/><D3/><U29/><E29/><V19/><F32/><W60/><G60/><T34/><REACH who="0" step="1"/><D113/><REACH who="0" ten="241,215,303,231" step="2"/><U50/><E50/><V114/><F114/><W53/><G132/><T73/><D73/><U54/><E54/><AGARI ba="1,1" hai="26,31,34,47,51,54,56,57,93,94,97,98,101,102" machi="54" ten="30,3900,0" yaku="1,1,7,1,9,1,53,0" doraHai="86" doraHaiUra="78" who="0" fromWho="1" sc="241,52,215,-42,303,0,231,0" owari="293,9.0,173,-33.0,303,41.0,231,-17.0" /></mjloggm>