<mjloggm ver="2.3"><GO type="41" lobby="0"/><UN n0="%E5%B0%B1%E6%B4%BB%E7%94%9F%40%E5%B7%9D%E6%9D%91%E8%BB%8D%E5%9B%A3" n1="%E3%82%B7%E3%82%A7%E3%83%95" n2="%74%6F%6D%75%74%6F%6D%69" n3="%E9%88%B4%E4%BE%8D" dan="16,15,14,15" rate="2044.99,1995.80,1942.00,1975.54" sx="M,M,M,M"/><TAIKYOKU oya="0"/><INIT seed="0,0,0,5,0,47" ten="250,250,250,250" oya="0" hai0="128,68,50,17,23,41,106,64,129,123,104,11,58" hai1="90,83,131,14,116,67,78,100,49,96,60,43,127" hai2="46,13,87,10,40,95,124,65,55,62,108,102,98" hai3="125,119,20,92,3,117,135,37,70,1,63,105,5"/><T114/><D123/><U99/><E116/><V121/><F108/><W74/><G92/><T31/><D114/><U51/><E43/><V111/><F111/><W132/><G20/><T35/><D68/><U24/><E24/><V86/><F124/><W0/><G5/><T89/><D35/><U73/><E127/><V103/><F55/><W71/><G125/><T29/><D11/><U8/><E131/><N who="0" m="50249" /><D89/><U133/><E90/><V122/><F103/><W54/><G74/><T118/><D64/><U80/><E80/><V12/><F12/><W7/><G7/><T88/><D118/><N who="3" m="45065" /><G37/><T2/><D2/><U18/><E133/><N who="3" m="51274" /><G105/><N who="0" m="40555" /><D88/><U126/><E126/><V59/><F122/><W9/><G9/><T28/><D58/><AGARI ba="0,0" hai="0,1,3,54,58,63,70,71" m="51274,45065" machi="58" ten="40,1300,0" yaku="20,1" doraHai="47" who="3" fromWho="0" sc="250,-13,250,0,250,0,250,13" /><INIT seed="1,0,0,4,5,123" ten="237,250,250,263" oya="1" hai0="40,118,54,36,5,45,2,120,76,98,91,19,41" hai1="49,12,87,14,47,63,109,89,113,135,6,17,18" hai2="44,99,90,121,67,110,65,111,86,24,134,75,124" hai3="8,125,72,84,48,1,42,116,43,104,25,29,16"/><U117/><E117/><V100/><F121/><W58/><G72/><T9/><D118/><U57/><E113/><V92/><F75/><W127/><G104/><T80/><D120/><U105/><E105/><V66/><F134/><W28/><G116/><T74/><D41/><U130/><E130/><V20/><F124/><W108/><G84/><T59/><D19/><U15/><E135/><V83/><REACH who="2" step="1"/><F44/><REACH who="2" ten="237,250,240,263" step="2"/><W122/><G122/><T50/><D98/><U70/><E6/><V30/><AGARI ba="0,1" hai="20,24,30,65,66,67,83,86,90,92,99,100,110,111" machi="30" ten="30,8000,1" yaku="1,1,2,1,0,1,52,2,53,0" doraHai="123" doraHaiUra="46" who="2" fromWho="2" sc="237,-20,250,-40,240,90,263,-20" /><INIT seed="2,0,0,1,1,128" ten="217,210,330,243" oya="2" hai0="50,131,117,34,6,94,15,4,69,92,56,107,120" hai1="33,88,75,54,85,7,130,89,78,77,5,110,13" hai2="1,26,100,71,119,17,8,121,123,72,106,86,45" hai3="96,16,9,93,76,57,101,122,114,63,30,60,29"/><V55/><F119/><W65/><G122/><T124/><D107/><U67/><E33/><V134/><F71/><W118/><G118/><T99/><D69/><U32/><E32/><V125/><F72/><W104/><G114/><T35/><D120/><U87/><E67/><V31/><F121/><W0/><G76/><T113/><D131/><U129/><E13/><V39/><F123/><W12/><G0/><T24/><D113/><U112/><E54/><V44/><F125/><W62/><G104/><T22/><D34/><U47/><E47/><V48/><F100/><W115/><G115/><T61/><D35/><U81/><E112/><V116/><F106/><W82/><G82/><T80/><D15/><U46/><E46/><V25/><F116/><W59/><G63/><T40/><D80/><U135/><E81/><V37/><F86/><W84/><G84/><T132/><D94/><U108/><E75/><V83/><F83/><W43/><G43/><T10/><D124/><U28/><E28/><V3/><F37/><W18/><G18/><N who="0" m="12375" /><D10/><U41/><E41/><V52/><F39/><W36/><G36/><T90/><D117/><U127/><E127/><V20/><F8/><W21/><G9/><T38/><D38/><U11/><E11/><V95/><F95/><W58/><G58/><T66/><D132/><AGARI ba="0,0" hai="5,7,77,78,85,87,88,89,108,110,129,130,132,135" machi="132" ten="25,8000,1" yaku="22,2,52,2,54,1" doraHai="128" who="1" fromWho="0" sc="217,-80,210,80,330,0,243,0" /><INIT seed="3,0,0,0,4,114" ten="137,290,330,243" oya="3" hai0="28,91,21,38,36,9,125,95,78,74,14,101,134" hai1="19,93,62,100,90,0,64,115,131,44,2,12,86" hai2="37,48,98,135,10,111,53,87,59,126,57,51,6" hai3="18,81,122,119,116,72,106,46,61,66,45,94,110"/><W27/><G106/><T56/><D125/><U63/><E115/><V3/><F111/><W32/><G122/><T34/><D134/><U104/><E131/><V120/><F37/><W23/><G110/><T16/><D34/><U130/><E130/><V124/><F135/><W73/><G32/><T70/><D70/><U30/><E30/><V79/><F98/><W107/><G107/><T55/><D101/><U5/><E5/><V80/><F120/><W41/><G94/><T84/><D28/><U67/><E44/><V58/><REACH who="2" step="1"/><F48/><REACH who="2" ten="137,290,320,243" step="2"/><W92/><G119/><T83/><REACH who="0" step="1"/><D9/><REACH who="0" ten="127,290,320,243" step="2"/><U65/><E100/><V42/><F42/><W105/><G41/><T118/><D118/><U29/><E29/><V52/><F52/><W25/><G116/><T113/><D113/><U112/><E112/><V76/><F76/><W129/><G129/><T17/><D17/><U60/><E104/><V97/><F97/><W133/><G105/><T109/><D109/><U127/><E127/><AGARI ba="0,2" hai="3,6,10,51,53,57,58,59,79,80,87,124,126,127" machi="127" ten="40,2600,0" yaku="1,1,18,1,53,0" doraHai="114" doraHaiUra="68" who="2" fromWho="1" sc="127,0,290,-26,320,46,243,0" /><INIT seed="4,0,0,3,3,128" ten="127,264,366,243" oya="0" hai0="20,58,55,1,133,71,111,123,80,38,89,63,67" hai1="107,23,59,36,33,102,119,45,100,11,51,101,61" hai2="35,21,56,79,53,103,13,90,8,115,50,43,14" hai3="109,105,81,127,34,3,4,30,26,106,42,96,82"/><T129/><D1/><U41/><E33/><V22/><F35/><W99/><G109/><T6/><D129/><U29/><E119/><V97/><F115/><W116/><G116/><T19/><D123/><U130/><E107/><V66/><F79/><W17/><G42/><T121/><D121/><U95/><E130/><V135/><F135/><W104/><G127/><T77/><D111/><U5/><E36/><V72/><F72/><W57/><G57/><T47/><D6/><U15/><E95/><V40/><F90/><W44/><G44/><T54/><D89/><U113/><E113/><V28/><F66/><W32/><G32/><T131/><D133/><U83/><E83/><V98/><F14/><W16/><G4/><T114/><D114/><U74/><E74/><V125/><F125/><W86/><G3/><T52/><D131/><U48/><E48/><V60/><F60/><W75/><G75/><T27/><D38/><U126/><E126/><V7/><F97/><W87/><G81/><T110/><D110/><U134/><E134/><V94/><F21/><W112/><G112/><T10/><D10/><U62/><E59/><V70/><F70/><W18/><REACH who="3" step="1"/><G86/><REACH who="3" ten="127,264,366,233" step="2"/><N who="0" m="48399" /><D71/><U12/><E5/><V108/><F108/><W84/><G84/><T0/><D0/><U31/><E41/><V39/><F39/><W85/><G85/><T88/><D47/><U91/><E45/><V132/><F132/><W117/><G117/><T49/><D49/><U46/><E51/><V25/><AGARI ba="0,1" hai="7,8,13,22,25,28,40,43,50,53,56,94,98,103" machi="25" ten="30,2000,0" yaku="0,1,8,1" doraHai="128" who="2" fromWho="2" sc="127,-10,264,-5,366,30,233,-5" /><INIT seed="5,0,0,1,2,115" ten="117,259,396,228" oya="1" hai0="109,15,133,54,70,65,103,82,100,30,101,130,69" hai1="86,94,46,61,105,77,45,36,48,132,1,16,9" hai2="113,2,85,87,134,13,43,135,84,32,3,92,72" hai3="107,79,83,112,28,102,57,131,18,12,14,23,5"/><U39/><E105/><V38/><F72/><W75/><G112/><T24/><D109/><U129/><E129/><V67/><F32/><W106/><G131/><T76/><D130/><U119/><E1/><V88/><F113/><W110/><G110/><T7/><D133/><N who="2" m="50698" /><F67/><W60/><G102/><T44/><D65/><U117/><E132/><V58/><F58/><W127/><G127/><T11/><D54/><U37/><E61/><V91/><F43/><W64/><G28/><T120/><D120/><U4/><E4/><V17/><F38/><W55/><G5/><T25/><D25/><U128/><E128/><V122/><F122/><W49/><REACH who="3" step="1"/><G12/><REACH who="3" ten="117,259,396,218" step="2"/><T62/><D62/><U93/><E36/><V111/><F111/><W126/><G126/><T71/><D44/><AGARI ba="0,1" hai="14,18,23,44,49,55,57,60,64,75,79,83,106,107" machi="44" ten="30,2000,0" yaku="1,1,7,1,53,0" doraHai="115" doraHaiUra="29" who="3" fromWho="0" sc="117,-20,259,0,396,0,218,30" /><INIT seed="6,0,0,1,3,123" ten="97,259,396,248" oya="2" hai0="84,108,114,118,2,30,115,38,62,20,98,128,99" hai1="55,40,9,58,4,18,27,119,12,113,131,25,107" hai2="122,34,13,47,19,57,126,104,56,48,50,7,129" hai3="53,41,54,75,127,61,81,15,51,74,26,77,1"/><V6/><F104/><W124/><G1/><T96/><D38/><U8/><E107/><V94/><F34/><W43/><G26/><T45/><D2/><U82/><E119/><V89/><F122/><W42/><G61/><T44/><D118/><U31/><E113/><N who="0" m="43017" /><D62/><U29/><E131/><V65/><F126/><N who="3" m="48171" /><G15/><T39/><D128/><U52/><E40/><N who="3" m="15466" /><G74/><T70/><D70/><U16/><E82/><V88/><F129/><W35/><G35/><T111/><D84/><U76/><E76/><V46/><F65/><W102/><G102/><T79/><D79/><U33/><E58/><V85/><F89/><W11/><G11/><T64/><D64/><U80/><E80/><V116/><F116/><W0/><G0/><T21/><D39/><U66/><E66/><V135/><F135/><W5/><G5/><T3/><D3/><N who="1" m="31" /><E55/><N who="2" m="31847" /><F57/><W121/><G121/><T130/><D130/><U125/><E52/><N who="2" m="29783" /><F47/><AGARI ba="0,0" hai="43,47,51,53,54,75,77,81" m="15466,48171" machi="47" ten="30,1000,0" yaku="18,1" doraHai="123" who="3" fromWho="2" sc="97,0,259,0,396,-10,248,10" /><INIT seed="7,0,0,1,2,41" ten="97,259,386,258" oya="3" hai0="133,92,122,13,5,72,86,116,70,58,109,65,121" hai1="53,98,66,103,124,127,2,50,38,39,110,55,46" hai2="81,23,89,107,96,15,24,112,19,132,82,71,76" hai3="129,80,42,88,100,68,104,37,44,84,123,33,75"/><W111/><G123/><T59/><D72/><U36/><E2/><V60/><F112/><W117/><G117/><T106/><D106/><U11/><E11/><V25/><F132/><W95/><G33/><T108/><D92/><U101/><E101/><V32/><F32/><W79/><G68/><T118/><D86/><U30/><E30/><V7/><F107/><W130/><G111/><T26/><D26/><U77/><E77/><V51/><F71/><W45/><G44/><T87/><D87/><U78/><E78/><V135/><F135/><W99/><AGARI ba="0,0" hai="37,42,45,75,79,80,84,88,95,99,100,104,129,130" machi="99" ten="30,12000,1" yaku="0,1,24,2,52,1,54,1" doraHai="41" who="3" fromWho="3" sc="97,-40,259,-40,386,-40,258,120" owari="57,-44.0,219,-18.0,346,15.0,378,47.0" /></mjloggm>