<mjloggm ver="2.3"><GO type="41" lobby="0"/><UN n0="%E6%BB%85" n1="%4B%61%6D%69%6B%61%7A%65" n2="%E5%B0%B1%E6%B4%BB%E7%94%9F%40%E5%B7%9D%E6%9D%91%E8%BB%8D%E5%9B%A3" n3="%E5%86%B7%E3%82%81%E3%81%9F%EF%BC%A0%E3%81%8A%E9%A2%A8%E5%91%82" dan="14,14,14,13" rate="1865.94,2007.54,1971.09,1842.58" sx="M,M,M,M"/><TAIKYOKU oya="0"/><INIT seed="0,0,0,3,5,48" ten="250,250,250,250" oya="0" hai0="91,74,131,99,57,96,18,17,24,1,75,117,114" hai1="133,14,107,67,73,45,71,30,129,81,130,12,51" hai2="93,94,97,77,106,116,40,132,2,3,125,82,50" hai3="38,33,135,27,47,31,113,110,104,62,69,41,103"/><T13/><D117/><U21/><E107/><V120/><F120/><W15/><G15/><T87/><D1/><U59/><E133/><V111/><F132/><W0/><G135/><T78/><D114/><U68/><E81/><V32/><F32/><W22/><G22/><N who="0" m="13391" /><D74/><U26/><E73/><V35/><F35/><W86/><G86/><T7/><D7/><U56/><E71/><V105/><F116/><W64/><G113/><T28/><D28/><U4/><E68/><V109/><F125/><W42/><G42/><T118/><D118/><U100/><E100/><V115/><F115/><W124/><G124/><T98/><D131/><N who="1" m="50187" /><E67/><V126/><F126/><W85/><G85/><T128/><D78/><U122/><E122/><V92/><F3/><W25/><G25/><T39/><D39/><U95/><E95/><V46/><F2/><W112/><G0/><T5/><D5/><U119/><E119/><V34/><F34/><W79/><G79/><T58/><D75/><U63/><E4/><V53/><F40/><W72/><G112/><T55/><D55/><N who="1" m="34303" /><E56/><V9/><F97/><N who="3" m="61551" /><G110/><N who="2" m="41993" /><F106/><W102/><G102/><T52/><D128/><U10/><E10/><V121/><F9/><W83/><G83/><N who="0" m="49663" /><D58/><U11/><E11/><V65/><F121/><W70/><G72/><T37/><D37/><U60/><E60/><V20/><F105/><W66/><G70/><T44/><D99/><U19/><E30/><V61/><F61/><W108/><G108/><T16/><D44/><U76/><E76/><V23/><F65/><AGARI ba="0,0" hai="27,31,33,38,41,47,62,64,65,66,69" m="61551" machi="65" ten="30,1000,0" yaku="25,1" doraHai="48" who="3" fromWho="2" sc="250,0,250,0,250,-10,250,10" /><INIT seed="1,0,0,1,3,6" ten="250,250,240,260" oya="1" hai0="51,0,37,79,111,9,98,16,40,123,119,117,91" hai1="18,104,92,82,101,118,94,85,97,23,29,63,49" hai2="120,95,52,13,36,108,68,76,14,15,48,60,80" hai3="30,5,127,27,42,41,135,57,61,89,10,19,45"/><U12/><E118/><V50/><F120/><W26/><G127/><T132/><D123/><U59/><E49/><V106/><F36/><W112/><G135/><T81/><D132/><U3/><E3/><V86/><F106/><W110/><G112/><T7/><D111/><U31/><E104/><V102/><F108/><W34/><G110/><T74/><D51/><U100/><E101/><V128/><F128/><W53/><G45/><N who="0" m="23695" /><D16/><U109/><E94/><AGARI ba="0,0" hai="0,7,9,74,79,81,91,94,98,117,119" m="23695" machi="94" ten="30,2000,0" yaku="25,1,52,1" doraHai="6" who="0" fromWho="1" sc="250,20,250,-20,240,0,260,0" /><INIT seed="2,0,0,4,5,54" ten="270,230,240,260" oya="2" hai0="17,48,101,26,66,118,129,78,96,38,8,24,88" hai1="132,20,133,4,99,90,97,95,7,58,27,51,31" hai2="64,117,119,41,72,65,84,42,21,67,0,32,112" hai3="115,36,53,14,107,22,83,87,59,39,23,9,86"/><V5/><F72/><W110/><G107/><T34/><D38/><U123/><E123/><V71/><F71/><W50/><G115/><T55/><D66/><U45/><E99/><V13/><F32/><W91/><G110/><T12/><D78/><U63/><E132/><V29/><F112/><W126/><G126/><T73/><D73/><U82/><E133/><V11/><F84/><W68/><G68/><T57/><D129/><U56/><E82/><V69/><F69/><W47/><G36/><T75/><D75/><U128/><E128/><V103/><F103/><W19/><G39/><T122/><D122/><U37/><E37/><V102/><F102/><W43/><G43/><T106/><D34/><U2/><E2/><V60/><F60/><W44/><G87/><T10/><D118/><U30/><E30/><V33/><F119/><W93/><G83/><T104/><D106/><U127/><E127/><V109/><F117/><W131/><G131/><T111/><D10/><U81/><E81/><V16/><REACH who="2" step="1"/><F109/><REACH who="2" ten="270,230,230,260" step="2"/><W3/><G3/><T105/><D111/><U74/><E74/><V114/><F114/><W80/><G80/><T40/><D101/><U35/><E35/><V116/><F116/><W6/><G22/><T25/><REACH who="0" step="1"/><D40/><REACH who="0" ten="260,230,230,260" step="2"/><N who="1" m="24999" /><E63/><V121/><F121/><W18/><G6/><AGARI ba="0,2" hai="4,6,7,20,27,31,56,58,90,95,97" m="24999" machi="6" ten="30,3900,0" yaku="8,1,52,2" doraHai="54" who="1" fromWho="3" sc="260,0,230,59,230,0,260,-39" /><INIT seed="3,0,0,4,3,53" ten="260,289,230,221" oya="3" hai0="8,10,37,18,27,55,4,119,46,25,42,28,108" hai1="116,3,20,68,133,97,106,13,110,76,73,96,0" hai2="115,61,124,120,98,74,84,90,9,15,130,22,54" hai3="82,118,95,34,134,12,14,51,92,78,126,32,1"/><W112/><G118/><T109/><D119/><U72/><E116/><V36/><F74/><W102/><G1/><T45/><D45/><U81/><E68/><V7/><F36/><W44/><G112/><T63/><D10/><U66/><E66/><V21/><F115/><W59/><G126/><T30/><D18/><U23/><E133/><V19/><F120/><W86/><G134/><T17/><D17/><U35/><E35/><V52/><F124/><W125/><G125/><T24/><D55/><U105/><E13/><V26/><F130/><W56/><G34/><T83/><D63/><U40/><E110/><N who="0" m="42601" /><D83/><U121/><E40/><V107/><F22/><W80/><G32/><T67/><D67/><U48/><E81/><V5/><F5/><W87/><G14/><AGARI ba="0,0" hai="4,8,14,24,25,27,28,30,37,42,46" m="42601" machi="14" ten="30,1000,0" yaku="14,1" doraHai="53" who="0" fromWho="3" sc="260,10,289,0,230,0,221,-10" /><INIT seed="4,0,0,3,1,57" ten="270,289,230,211" oya="0" hai0="6,90,28,114,116,13,82,2,101,58,46,41,131" hai1="20,45,5,64,128,109,35,100,73,81,31,127,26" hai2="61,1,88,91,86,133,12,36,129,118,42,132,51" hai3="54,130,50,52,30,78,87,95,25,34,44,97,7"/><T83/><D116/><U49/><E109/><V16/><F1/><W66/><G130/><T69/><D69/><U56/><E127/><V67/><F36/><W33/><G7/><T92/><D2/><U85/><E73/><V107/><F107/><W40/><G34/><T60/><D131/><U37/><E5/><V17/><F118/><W62/><G87/><T75/><D75/><U70/><E70/><N who="2" m="42351" /><F129/><W125/><G78/><T3/><D3/><U77/><E37/><V59/><F17/><W84/><G84/><T99/><D28/><U29/><E100/><V10/><F91/><W112/><G112/><T22/><D114/><U134/><E134/><N who="2" m="51819" /><F59/><W105/><G105/><T74/><D74/><U121/><E121/><V122/><F122/><W38/><G38/><T23/><D101/><U65/><E35/><V18/><F51/><W108/><G125/><T8/><D41/><N who="1" m="24751" /><E31/><V48/><F48/><W106/><G106/><T24/><D46/><U117/><E117/><V39/><F39/><W11/><G11/><T9/><D9/><U4/><E4/><N who="2" m="3143" /><F42/><W119/><G108/><T47/><D47/><U102/><E102/><V19/><F19/><W135/><G119/><T68/><D68/><U111/><E111/><V43/><F43/><W110/><G110/><T103/><D103/><U104/><E128/><V113/><F113/><W115/><G115/><T21/><D24/><U76/><E104/><V63/><F63/><W89/><G135/><T96/><D96/><U79/><E56/><AGARI ba="0,0" hai="25,30,33,40,44,50,52,54,56,62,66,89,95,97" machi="56" ten="30,3900,0" yaku="7,1,52,1,54,1" doraHai="57" who="3" fromWho="1" sc="270,0,289,-39,230,0,211,39" /><INIT seed="5,0,0,2,1,131" ten="270,250,230,250" oya="1" hai0="132,72,77,35,133,28,111,110,74,21,85,25,62" hai1="87,128,83,79,51,24,103,97,99,17,31,124,26" hai2="76,71,134,61,84,56,58,114,112,55,46,123,69" hai3="22,68,20,45,80,101,88,64,118,23,100,102,119"/><U63/><E124/><V15/><F123/><W81/><G68/><N who="2" m="26185" /><F76/><W10/><G64/><T108/><D62/><U0/><E0/><V37/><F84/><W82/><G45/><T30/><D30/><U106/><E99/><V73/><F73/><W94/><G10/><T2/><D2/><U126/><E128/><V18/><F18/><W34/><G34/><T8/><D8/><U117/><E117/><V39/><F15/><W41/><G41/><T75/><D35/><U66/><E51/><N who="2" m="29175" /><F134/><N who="0" m="51818" /><D85/><AGARI ba="0,0" hai="20,22,23,80,81,82,85,88,94,100,101,102,118,119" machi="85" ten="50,6400,0" yaku="29,2,54,1" doraHai="131" who="3" fromWho="0" sc="270,-64,250,0,230,0,250,64" /><INIT seed="6,0,0,3,1,62" ten="206,250,230,314" oya="2" hai0="117,55,58,100,33,52,48,5,127,105,122,92,120" hai1="104,135,123,101,79,94,59,7,68,91,107,73,132" hai2="27,102,8,103,74,45,115,47,93,86,31,96,87" hai3="85,75,61,42,22,78,134,112,57,0,53,19,109"/><V98/><F74/><W84/><G0/><T54/><D33/><U24/><E68/><V110/><F115/><W14/><G109/><T97/><D117/><U11/><E24/><V2/><F110/><W88/><G134/><N who="1" m="51242" /><E123/><V37/><F2/><W12/><G75/><T126/><D5/><U4/><E59/><V89/><F8/><W114/><G42/><T3/><D3/><U49/><E49/><V28/><F37/><W30/><G30/><N who="2" m="11305" /><F27/><W116/><G116/><T129/><D129/><U108/><E108/><V131/><F131/><W133/><G133/><T80/><D80/><N who="1" m="45167" /><E101/><N who="2" m="38411" /><F87/><W25/><G84/><T18/><D105/><N who="1" m="40523" /><E11/><V71/><F71/><W40/><G78/><T56/><D18/><U77/><E77/><V95/><F95/><N who="3" m="54671" /><G40/><T41/><D41/><U99/><AGARI ba="0,0" hai="4,7,91,94,99" m="40523,45167,51242" machi="99" ten="30,1100,0" yaku="20,1" doraHai="62" who="1" fromWho="1" sc="206,-3,250,11,230,-5,314,-3" /><INIT seed="7,0,0,2,0,48" ten="203,261,225,311" oya="3" hai0="98,28,15,118,41,50,114,87,88,46,2,108,26" hai1="43,8,135,66,29,122,10,91,67,18,69,74,40" hai2="35,30,90,101,95,119,127,116,24,106,131,31,65" hai3="103,105,92,55,0,60,96,86,16,27,1,17,120"/><W117/><G117/><T36/><D108/><U80/><E122/><V63/><F31/><W78/><G120/><T33/><D118/><U3/><E3/><V130/><F127/><W72/><G72/><T58/><D2/><U124/><E135/><V112/><F112/><W99/><G17/><T68/><D68/><U94/><E29/><V12/><F12/><W85/><G86/><T82/><D114/><U9/><E69/><N who="2" m="42175" /><F101/><W129/><G129/><N who="2" m="49161" /><F106/><W56/><G85/><AGARI ba="0,0" hai="24,30,35,85,90,95,116,119" m="49161,42175" machi="85" ten="30,1000,0" yaku="19,1" doraHai="48" who="2" fromWho="3" sc="203,0,261,0,225,10,311,-10" owari="203,-30.0,261,6.0,235,-16.0,301,40.0" /></mjloggm>