<mjloggm ver="2.3"><GO type="97" lobby="0"/><UN n0="%E3%82%8C%E3%81%A3%E3%81%A9%E6%84%9B" n1="%E5%B9%B8%E5%AD%90%E3%81%8C%E4%B8%80%E7%95%AA" n2="%33%31%6A%69%6E" n3="%E5%B0%B1%E6%B4%BB%E7%94%9F%40%E5%B7%9D%E6%9D%91%E8%BB%8D%E5%9B%A3" dan="16,14,15,15" rate="2090.31,1967.25,2037.41,1995.46" sx="M,M,F,M"/><TAIKYOKU oya="0"/><INIT seed="0,0,0,0,4,92" ten="250,250,250,250" oya="0" hai0="76,56,93,6,133,41,58,69,28,87,73,18,83" hai1="88,55,115,89,104,50,99,5,23,91,105,52,128" hai2="134,67,107,132,60,38,17,131,0,57,118,21,119" hai3="77,29,111,39,103,20,125,37,82,75,62,13,85"/><T120/><D69/><U80/><E128/><V40/><F0/><W68/><G125/><T4/><D28/><U78/><E115/><V1/><F1/><W108/><G103/><T49/><D18/><U100/><E104/><V7/><F7/><W24/><G75/><T94/><D94/><U109/><E109/><N who="3" m="42058" /><G13/><T42/><D133/><N who="2" m="51306" /><F107/><W47/><G47/><T121/><D121/><U122/><E122/><V53/><F131/><W27/><G27/><T102/><D120/><U63/><E5/><N who="0" m="2153" /><D73/><U114/><E114/><V25/><F38/><W15/><G15/><T46/><D41/><U79/><E63/><N who="2" m="36271" /><F40/><W127/><G127/><T71/><D71/><AGARI ba="0,0" hai="17,21,25,60,67,71,118,119" m="36271,51306" machi="71" ten="30,1000,0" yaku="20,1" doraHai="92" who="2" fromWho="0" sc="250,-10,250,0,250,10,250,0" /><INIT seed="1,0,0,2,4,42" ten="240,250,260,250" oya="1" hai0="77,116,97,68,35,58,48,126,19,30,37,64,75" hai1="105,76,70,45,130,14,82,125,85,41,52,128,91" hai2="47,50,3,114,118,23,89,28,120,113,40,115,15" hai3="98,61,96,18,102,117,51,39,34,22,108,0,74"/><U16/><E105/><V69/><F118/><W33/><G39/><T60/><D37/><U13/><E70/><V56/><F3/><W134/><G0/><T29/><D35/><U4/><E125/><V99/><F120/><W81/><G108/><T86/><D75/><U57/><E4/><V11/><F69/><W100/><G134/><T6/><D6/><U135/><E135/><V10/><F56/><W65/><G117/><T124/><D116/><U43/><E76/><V123/><F123/><W80/><G51/><T107/><D19/><U54/><E13/><V5/><F11/><W67/><G18/><T49/><D30/><U7/><E7/><V129/><F129/><N who="1" m="49769" /><E57/><V24/><F89/><W17/><G17/><T32/><D29/><U122/><E122/><V53/><REACH who="2" step="1"/><F99/><REACH who="2" ten="240,250,250,250" step="2"/><W87/><G96/><T9/><D68/><U104/><E104/><V21/><F21/><W133/><G98/><T83/><D32/><U1/><E1/><V119/><F119/><W62/><G22/><T101/><REACH who="0" step="1"/><D9/><REACH who="0" ten="230,250,250,250" step="2"/><N who="1" m="6223" /><E43/><AGARI ba="0,2" hai="5,10,15,23,24,28,40,43,47,50,53,113,114,115" machi="43" ten="40,12000,2" yaku="1,1,11,1,52,1,53,3" doraHai="42" doraHaiUra="110" who="2" fromWho="1" sc="230,0,250,-120,250,140,250,0" /><INIT seed="2,0,0,5,2,52" ten="230,130,390,250" oya="2" hai0="110,93,0,87,82,17,117,44,127,9,120,58,59" hai1="75,88,109,77,107,130,132,91,84,48,70,38,92" hai2="73,11,18,123,113,25,24,39,121,86,14,67,105" hai3="69,104,49,42,102,64,85,4,115,76,100,19,65"/><V36/><F73/><W2/><G2/><T61/><D61/><U3/><E107/><V81/><F105/><W135/><G104/><T129/><D120/><U45/><E38/><V53/><F113/><W7/><G115/><T23/><D110/><U83/><E109/><V79/><F67/><N who="3" m="25675" /><G69/><T106/><D106/><U40/><E130/><V35/><F121/><W101/><G135/><T5/><D127/><U46/><E132/><V41/><F123/><W54/><G42/><T13/><D117/><U15/><E70/><V34/><F41/><W95/><G19/><T112/><D112/><U57/><E3/><V47/><F24/><W62/><G62/><T80/><D129/><U68/><E68/><V94/><F94/><W29/><G29/><T122/><D122/><U37/><E57/><V27/><F27/><W90/><G76/><T21/><D21/><U89/><REACH who="1" step="1"/><E15/><REACH who="1" ten="230,120,390,250" step="2"/><V124/><F39/><W78/><G78/><T1/><D1/><U20/><E20/><N who="2" m="13463" /><F36/><W63/><G63/><T43/><D59/><AGARI ba="0,1" hai="4,7,49,54,59,85,90,95,100,101,102" m="25675" machi="59" ten="30,2000,0" yaku="8,1,52,1" doraHai="52" who="3" fromWho="0" sc="230,-20,120,0,390,0,250,30" /><INIT seed="3,0,0,4,3,106" ten="210,120,390,280" oya="3" hai0="66,108,71,94,32,87,128,33,83,84,117,79,103" hai1="88,129,118,31,99,47,8,1,113,77,62,51,73" hai2="48,80,50,91,95,130,65,42,19,82,133,78,11" hai3="107,89,68,44,69,20,121,134,92,85,35,49,45"/><W4/><G107/><T120/><D120/><U105/><E113/><V115/><F115/><W74/><G35/><T63/><D117/><U5/><E129/><V10/><F130/><W60/><G121/><T96/><D108/><U40/><E118/><V52/><F65/><W116/><G116/><T58/><D128/><U53/><E105/><V29/><F133/><W81/><G134/><T131/><D131/><U101/><E31/><V64/><F64/><W22/><G4/><T67/><D87/><U36/><E101/><V102/><F29/><W43/><G45/><T61/><AGARI ba="0,0" hai="32,33,58,61,63,66,67,71,79,83,84,94,96,103" machi="61" ten="30,1100,0" yaku="0,1" doraHai="106" who="0" fromWho="0" sc="210,11,120,-3,390,-3,280,-5" owari="221,-18.0,117,-38.0,387,48.0,275,8.0" /></mjloggm>