<mjloggm ver="2.3"><GO type="169" lobby="0"/><UN n0="%4C%69%6C%69%6D" n1="%E3%82%AB%E3%83%96%E3%83%88" n2="%E5%B0%B1%E6%B4%BB%E7%94%9F%40%E5%B7%9D%E6%9D%91%E8%BB%8D%E5%9B%A3" n3="%E8%8A%B1%E9%B3%A5%E7%8E%B2%E6%84%9B%E3%81%A1%E3%82%83%E3%82%93" dan="17,17,16,16" rate="2186.62,2210.95,2124.39,2043.56" sx="F,M,M,F"/><TAIKYOKU oya="0"/><INIT seed="0,0,0,2,5,105" ten="250,250,250,250" oya="0" hai0="69,50,74,22,125,104,118,52,36,100,90,131,53" hai1="83,114,87,19,124,126,41,79,63,103,45,121,127" hai2="88,113,97,20,2,48,25,10,7,85,37,54,28" hai3="29,47,58,111,12,35,60,123,107,66,94,42,67"/><T75/><D118/><U77/><E121/><V76/><F113/><W57/><G107/><T13/><D36/><U89/><E114/><V108/><F37/><W81/><G123/><T92/><D69/><U16/><E103/><V30/><F108/><W43/><G111/><T65/><D65/><U14/><E63/><V34/><F76/><N who="1" m="29257" /><E14/><V80/><F97/><W112/><G81/><T4/><D104/><U134/><E134/><V55/><F55/><W5/><G112/><T51/><D100/><U72/><E72/><V133/><F133/><W59/><G94/><T132/><D132/><U73/><E73/><V26/><F54/><W135/><G135/><T32/><D32/><U56/><E56/><V15/><F48/><AGARI ba="0,0" hai="16,19,41,45,48,83,87,89,124,126,127" m="29257" machi="48" ten="30,2000,0" yaku="18,1,54,1" doraHai="105" who="1" fromWho="2" sc="250,0,250,20,250,-20,250,0" /><INIT seed="1,0,0,2,3,16" ten="250,270,230,250" oya="1" hai0="79,20,131,72,91,60,119,65,90,114,67,57,28" hai1="52,5,99,74,11,115,105,89,85,93,35,12,29" hai2="0,17,3,120,109,116,51,125,38,77,30,70,134" hai3="56,84,64,106,130,101,39,46,41,15,63,59,23"/><U19/><E115/><V26/><F38/><W54/><G130/><T44/><D119/><U107/><E74/><V49/><F70/><W33/><G33/><T113/><D131/><U42/><E42/><V6/><F77/><W126/><G126/><T69/><D113/><U18/><E35/><V22/><F51/><W50/><G106/><T9/><D114/><U100/><E29/><V45/><F116/><W34/><G34/><T4/><D44/><U1/><E107/><V48/><F48/><W8/><G101/><T80/><D67/><U25/><E25/><V61/><F61/><W124/><G84/><T82/><D82/><U135/><E135/><V94/><F94/><W53/><G124/><T81/><D81/><U73/><E73/><V118/><F118/><W104/><G104/><T37/><D69/><U86/><E86/><V121/><F49/><W128/><G128/><T112/><D37/><U78/><E78/><V21/><F45/><W133/><G133/><T27/><REACH who="0" step="1"/><D112/><REACH who="0" ten="240,270,230,250" step="2"/><U97/><E52/><V76/><F125/><W123/><G64/><T10/><D10/><U87/><E19/><V2/><F76/><W31/><G31/><T13/><AGARI ba="0,1" hai="4,9,13,20,27,28,57,60,65,72,79,80,90,91" machi="13" ten="20,5200,0" yaku="1,1,0,1,7,1,52,1,53,0" doraHai="16" doraHaiUra="96" who="0" fromWho="0" sc="240,62,270,-26,230,-13,250,-13" /><INIT seed="2,0,0,2,4,66" ten="302,244,217,237" oya="2" hai0="11,99,23,98,91,128,67,100,132,22,108,8,93" hai1="47,81,117,31,70,7,5,78,50,106,75,127,0" hai2="4,129,60,27,41,130,79,101,54,30,87,34,3" hai3="53,45,95,107,103,84,96,1,90,48,116,88,52"/><V134/><F41/><W15/><G116/><T18/><D108/><U71/><E117/><V86/><F79/><W94/><G1/><T40/><D128/><N who="2" m="49258" /><F101/><W57/><G15/><T89/><D40/><U21/><E106/><V63/><F134/><W97/><REACH who="3" step="1"/><G53/><REACH who="3" ten="302,244,217,227" step="2"/><T42/><D132/><U64/><E0/><V49/><F3/><W119/><G119/><T55/><D55/><U19/><E127/><V25/><F25/><W118/><G118/><T133/><D133/><U122/><E122/><V43/><F43/><W6/><G6/><T37/><D42/><U59/><E7/><V121/><F4/><W74/><G74/><T33/><D37/><U105/><E5/><V17/><F121/><W77/><G77/><T68/><D8/><U113/><E75/><V123/><F123/><W124/><G124/><T85/><D11/><U26/><E78/><V58/><F17/><W9/><G9/><T39/><D39/><U131/><E19/><V126/><F126/><W109/><G109/><T14/><D14/><U73/><E131/><V125/><F125/><W24/><G24/><T76/><D18/><U83/><E73/><V102/><F102/><W104/><G104/><T20/><D76/><U112/><E105/><V56/><F60/><W72/><G72/><T2/><D2/><U111/><E111/><V92/><F63/><W10/><G10/><T36/><D36/><U46/><E26/><V12/><F12/><W110/><G110/><T28/><D100/><U13/><E13/><V38/><F38/><W44/><AGARI ba="0,1" hai="44,45,48,52,57,84,88,90,94,95,96,97,103,107" machi="44" ten="30,7900,0" yaku="1,1,0,1,54,2,53,0" doraHai="66" doraHaiUra="32" who="3" fromWho="3" sc="302,-20,244,-20,217,-39,227,89" /><INIT seed="3,0,0,1,2,27" ten="282,224,178,316" oya="3" hai0="28,15,70,85,89,57,32,94,118,83,96,108,125" hai1="35,47,115,104,107,88,24,123,30,39,62,111,14" hai2="126,6,12,21,69,33,117,91,131,79,116,90,129" hai3="4,49,42,26,58,19,82,98,50,17,43,92,105"/><W101/><G49/><T78/><D70/><U76/><E115/><V109/><F69/><W56/><G105/><T31/><D32/><U46/><E123/><V10/><F79/><W71/><G71/><T63/><D118/><N who="2" m="45674" /><F91/><W11/><G82/><T64/><D108/><U81/><E111/><V67/><F67/><W61/><G58/><T97/><D125/><U112/><E112/><V120/><F90/><W29/><G11/><T130/><D130/><N who="2" m="49674" /><F109/><W51/><G4/><T68/><D68/><U37/><E88/><V2/><F33/><W133/><G50/><T119/><D119/><U1/><E62/><V20/><F126/><W124/><G124/><T40/><D40/><U53/><E37/><V84/><F84/><W34/><G43/><T86/><D15/><U113/><E39/><V13/><F120/><W134/><G51/><T74/><D74/><U75/><E53/><V99/><F99/><AGARI ba="0,0" hai="28,31,57,63,64,78,83,85,86,89,94,96,97,99" machi="99" ten="40,5200,0" yaku="8,1,52,2" doraHai="27" who="0" fromWho="2" sc="282,52,224,0,178,-52,316,0" /><INIT seed="4,0,0,2,5,38" ten="334,224,126,316" oya="0" hai0="46,57,68,5,97,1,85,103,59,52,113,127,83" hai1="25,41,26,125,115,63,65,70,94,75,22,80,87" hai2="43,132,93,84,81,13,99,55,37,2,107,119,30" hai3="73,19,0,95,117,134,49,27,32,61,74,88,109"/><T40/><D113/><U82/><E125/><V123/><F2/><W33/><G109/><T21/><D68/><U131/><E131/><V17/><F107/><W104/><G0/><T31/><D127/><U50/><E115/><V56/><F123/><W135/><G104/><T58/><D1/><U24/><E22/><V100/><F132/><N who="3" m="50731" /><G61/><T106/><D5/><U10/><E10/><V28/><F119/><W77/><G117/><T47/><D47/><U120/><E120/><V79/><F37/><W16/><G77/><T64/><D64/><U111/><E111/><V42/><F30/><N who="3" m="19551" /><G33/><T76/><D31/><U3/><E75/><N who="3" m="28682" /><G49/><T71/><D21/><U60/><E60/><N who="2" m="35871" /><F28/><W35/><G35/><T8/><D8/><AGARI ba="0,0" hai="8,13,17,42,43,79,81,84,93,99,100" m="35871" machi="8" ten="30,3900,0" yaku="8,1,52,2" doraHai="38" who="2" fromWho="0" sc="334,-39,224,0,126,39,316,0" /><INIT seed="5,0,0,0,3,18" ten="295,224,165,316" oya="1" hai0="65,2,51,12,111,82,106,100,42,36,132,9,115" hai1="81,89,30,96,39,47,126,3,40,57,121,11,4" hai2="67,63,78,37,24,75,21,1,109,25,104,93,113" hai3="85,46,135,34,107,98,49,60,45,69,10,99,90"/><U31/><E121/><V52/><F104/><W15/><G135/><T62/><D111/><U16/><E126/><V92/><F1/><W33/><G45/><T41/><D132/><U79/><E57/><V86/><F109/><W59/><G69/><T64/><D2/><U125/><E125/><V38/><F75/><W28/><G28/><T120/><D120/><U91/><E91/><V97/><F113/><W23/><G34/><T7/><D115/><U48/><E48/><V124/><F25/><W101/><G33/><T112/><D51/><U58/><E58/><N who="2" m="35271" /><F124/><W8/><G99/><T14/><D112/><U54/><E54/><V73/><F73/><W95/><G46/><T71/><D65/><U53/><E53/><V17/><F67/><W87/><G49/><T29/><D106/><U61/><E61/><V116/><F116/><W5/><G59/><T83/><D100/><U103/><E89/><N who="2" m="55439" /><F93/><W129/><G107/><T105/><D105/><U19/><E31/><V66/><F66/><W44/><G60/><T70/><D70/><U32/><E30/><V130/><F130/><W77/><G129/><T88/><D29/><U133/><E32/><V108/><F108/><W50/><G101/><T119/><D119/><U13/><E133/><V35/><F35/><W122/><G122/><T76/><D36/><U0/><E0/><V68/><F68/><W80/><G50/><T118/><D118/><U128/><E128/><V72/><F72/><W26/><G44/><T22/><D71/><U84/><E3/><V27/><F27/><W123/><G26/><T74/><D64/><RYUUKYOKU ba="0,0" sc="295,-15,224,15,165,15,316,-15" hai1="4,11,13,16,19,39,40,47,79,81,84,96,103" hai2="17,21,24,37,38,78,86" /><INIT seed="5,1,0,4,4,5" ten="280,239,180,301" oya="1" hai0="4,135,115,9,69,98,90,116,60,119,26,120,51" hai1="114,61,106,25,132,33,100,38,8,70,94,24,30" hai2="78,113,54,128,21,117,134,103,48,56,52,46,84" hai3="31,27,37,47,96,7,20,36,45,40,2,88,39"/><U123/><E123/><V10/><F117/><W93/><REACH who="3" step="1"/><G45/><REACH who="3" ten="280,239,180,291" step="2"/><T12/><D119/><U22/><E114/><V55/><F113/><W101/><G101/><T34/><D115/><U14/><E132/><V81/><F134/><W109/><G109/><T110/><D110/><U62/><E100/><V97/><F128/><W126/><G126/><T105/><D116/><U80/><E106/><V125/><F125/><W83/><G83/><T92/><D105/><U107/><E107/><V76/><F76/><W71/><G71/><T64/><D135/><U66/><E80/><V104/><F21/><W1/><G1/><T111/><D111/><U75/><E70/><V65/><F65/><W3/><G3/><T17/><D120/><U89/><E66/><V0/><REACH who="2" step="1"/><F46/><REACH who="2" ten="280,239,170,291" step="2"/><W28/><G28/><T122/><D122/><U6/><E30/><V77/><F77/><W42/><G42/><T19/><D64/><U57/><E33/><V74/><F74/><W112/><G112/><T86/><D34/><U108/><E75/><V68/><F68/><W79/><G79/><T124/><D69/><U29/><E108/><V23/><F23/><W129/><G129/><T130/><D130/><U87/><E29/><V50/><F50/><W99/><G99/><T35/><D51/><U91/><E22/><V82/><F82/><W121/><G121/><T41/><D124/><U11/><E61/><V127/><F127/><W58/><G58/><T44/><D60/><U43/><E62/><V102/><F102/><W118/><G118/><T85/><D98/><U131/><E57/><V13/><F13/><RYUUKYOKU ba="1,2" sc="280,-15,239,-15,170,15,291,15" hai2="0,10,48,52,54,55,56,78,81,84,97,103,104" hai3="2,7,20,27,31,36,37,39,40,47,88,93,96" /><INIT seed="6,2,2,1,4,34" ten="265,224,185,306" oya="2" hai0="29,87,42,35,41,83,22,108,53,39,125,124,27" hai1="82,36,134,18,106,130,5,112,55,4,20,21,102" hai2="74,90,79,94,51,48,33,135,43,92,19,101,88" hai3="28,131,73,10,67,38,6,58,111,86,62,107,71"/><V56/><F33/><W126/><G111/><T127/><D108/><U14/><E36/><V61/><F135/><W15/><G73/><T78/><D39/><U64/><E64/><N who="2" m="38951" /><F74/><W105/><G107/><T121/><D121/><U46/><E134/><V25/><F79/><W26/><G105/><T95/><D35/><U104/><E104/><V31/><F31/><W103/><G38/><T54/><D95/><N who="2" m="36394" /><F101/><W65/><G103/><T123/><D123/><U66/><E66/><V85/><F43/><AGARI ba="2,2" hai="22,27,29,41,42,43,53,54,78,83,87,124,125,127" machi="43" ten="40,1300,0" yaku="18,1" doraHai="34" who="0" fromWho="2" sc="265,39,224,0,185,-19,306,0" /><INIT seed="7,0,0,0,0,27" ten="304,224,166,306" oya="3" hai0="69,22,111,60,17,87,81,93,2,123,74,90,89" hai1="79,88,29,110,100,7,34,39,28,126,95,6,43" hai2="30,99,44,33,66,41,112,45,109,94,131,72,118" hai3="78,3,25,101,77,96,12,62,83,125,105,1,46"/><W129/><G129/><T9/><D123/><U120/><E110/><V121/><F72/><W104/><G104/><T116/><D116/><U23/><E120/><V91/><F109/><W8/><G78/><T32/><D32/><U47/><E34/><V38/><F121/><W20/><G46/><T71/><D74/><U85/><E126/><V114/><F118/><W52/><G125/><T135/><D135/><U24/><E79/><V54/><F131/><W49/><G62/><T108/><D71/><U18/><E100/><V56/><F66/><W11/><G11/><T65/><D9/><U55/><E55/><V113/><F45/><W10/><G10/><T58/><D2/><U15/><E15/><V59/><BYE who="1" /><REACH who="2" step="1"/><F54/><REACH who="2" ten="304,224,156,306" step="2"/><W75/><G52/><T67/><D108/><U106/><E106/><V98/><F98/><W16/><G49/><T21/><D111/><U117/><E117/><V68/><F68/><W80/><G80/><T76/><D69/><U127/><E127/><V64/><F64/><W82/><G82/><T107/><D67/><U53/><E53/><V84/><F84/><W86/><G75/><T102/><D65/><UN n1="%E3%82%AB%E3%83%96%E3%83%88" /><U4/><AGARI ba="0,1" hai="4,6,7,18,23,24,28,29,39,43,47,85,88,95" machi="4" ten="30,7900,0" yaku="0,1,52,2,54,1" doraHai="27" who="1" fromWho="1" sc="304,-20,224,89,156,-20,306,-39" owari="284,8.0,313,41.0,136,-36.0,267,-13.0" /></mjloggm>