<mjloggm ver="2.3"><GO type="39" lobby="0"/><UN n0="%E5%B7%9D%E6%9D%91%E5%B0%8F%E9%9A%8A%E4%B8%89%E7%AD%89%E5%85%B5" n1="%E8%92%BC%E8%A1%A3%E9%88%B4" n2="%E5%B7%9D%E6%9D%91%E6%99%83%E8%A3%95%EF%BC%88%E4%B8%A1%E6%96%B9%EF%BC%89" n3="%E5%B0%B1%E6%B4%BB%E7%94%9F%40%E5%B7%9D%E6%9D%91%E8%BB%8D%E5%9B%A3" dan="13,14,16,15" rate="1933.45,1966.67,2115.76,2007.25" sx="M,F,M,M"/><TAIKYOKU oya="0"/><INIT seed="0,0,0,1,3,69" ten="250,250,250,250" oya="0" hai0="115,95,123,104,31,13,120,99,74,29,90,9,128" hai1="28,25,37,22,27,101,32,35,40,6,26,67,20" hai2="121,88,11,106,122,111,105,24,116,134,113,97,49" hai3="10,124,53,41,92,114,135,66,84,131,79,33,48"/><T60/><D115/><U18/><E67/><V8/><F113/><W2/><G114/><T118/><D118/><U127/><E101/><V96/><F111/><W70/><G33/><N who="1" m="12874" /><E37/><V7/><F24/><N who="1" m="9321" /><E40/><V100/><F7/><W51/><G41/><T36/><D74/><U4/><E127/><V68/><F49/><W1/><G51/><T43/><D104/><U87/><E87/><V14/><F88/><W78/><G66/><T130/><D60/><U81/><E81/><V71/><F100/><W34/><G70/><T12/><D36/><U63/><E63/><V107/><F14/><AGARI ba="0,0" hai="4,6,14,18,20,22,27,28" m="9321,12874" machi="14" ten="30,8000,1" yaku="35,5" doraHai="69" who="1" fromWho="2" sc="250,0,250,80,250,-80,250,0" /><INIT seed="1,0,0,2,1,68" ten="250,330,170,250" oya="1" hai0="51,37,53,111,72,18,74,24,114,8,46,97,110" hai1="83,118,109,41,115,122,58,29,32,50,42,47,69" hai2="132,93,121,95,20,6,28,91,3,98,15,48,52" hai3="60,0,77,78,59,117,103,10,5,9,106,27,39"/><U13/><E115/><V33/><F132/><W12/><G117/><T105/><D114/><U49/><E122/><V81/><F121/><W62/><G39/><T11/><D37/><U17/><E118/><V133/><F133/><W71/><G71/><T66/><D66/><U108/><E83/><V26/><F3/><W116/><G116/><T130/><D130/><U85/><E85/><V45/><F33/><W87/><G27/><T134/><D134/><U57/><E69/><V63/><F63/><W112/><G60/><T34/><D34/><U19/><E29/><V67/><F67/><W102/><G112/><T7/><D24/><U30/><E30/><V127/><F127/><W35/><G35/><T131/><D18/><N who="1" m="6667" /><E32/><V107/><F107/><W43/><G43/><N who="1" m="16394" /><E13/><V92/><REACH who="2" step="1"/><F81/><REACH who="2" ten="250,330,160,250" step="2"/><N who="3" m="47535" /><G0/><T25/><D7/><U126/><E126/><V123/><F123/><W128/><G106/><T104/><D105/><U73/><E73/><V23/><F23/><W86/><G128/><T22/><D131/><U56/><E47/><V55/><F55/><W75/><G75/><T40/><D74/><U125/><E125/><V54/><F54/><W113/><G62/><T1/><D53/><U70/><E70/><V99/><F99/><W120/><G59/><T119/><D72/><U76/><E76/><V84/><F84/><W100/><G120/><T44/><D119/><U79/><E79/><V4/><F4/><W2/><G86/><T88/><D1/><U14/><E14/><V89/><F89/><W82/><G113/><T80/><D104/><U90/><E90/><V31/><F31/><RYUUKYOKU ba="0,1" sc="250,-15,330,15,160,15,250,-15" hai1="49,50,56,57,58,108,109" hai2="6,15,20,26,28,45,48,52,91,92,93,95,98" /><INIT seed="1,1,1,4,1,46" ten="235,345,175,235" oya="1" hai0="94,61,27,128,54,126,83,131,104,47,17,85,117" hai1="40,18,99,1,37,93,13,43,132,81,108,129,122" hai2="0,52,78,107,82,49,71,12,84,119,11,79,66" hai3="102,34,29,88,118,19,7,8,32,23,67,24,116"/><U39/><E39/><V98/><F119/><N who="3" m="45611" /><G102/><T6/><D104/><U42/><E122/><V130/><F0/><N who="3" m="103" /><G67/><T112/><D6/><U75/><E37/><V110/><F110/><W64/><G64/><T60/><D112/><U115/><E115/><V133/><F133/><W63/><G63/><T68/><D126/><U35/><E108/><V120/><F120/><W89/><G34/><T96/><D117/><U109/><E1/><V125/><F125/><W57/><G57/><T76/><D68/><U103/><E35/><V53/><F130/><N who="0" m="49706" /><D47/><U4/><E4/><N who="2" m="3175" /><F107/><W74/><G74/><T86/><D86/><U36/><E36/><V121/><F71/><W14/><AGARI ba="1,1" hai="14,19,23,24,29,32,88,89" m="103,45611" machi="14" ten="30,2000,0" yaku="24,1,12,1" doraHai="46" who="3" fromWho="3" sc="235,-6,345,-11,175,-6,235,33" /><INIT seed="2,0,0,3,5,24" ten="229,334,169,268" oya="2" hai0="16,73,53,133,57,84,40,115,111,46,14,58,70" hai1="91,71,64,5,30,106,93,49,135,35,48,98,0" hai2="131,43,15,82,113,13,112,22,94,121,23,33,85" hai3="96,8,109,114,34,117,86,78,67,130,7,107,69"/><V89/><F131/><W41/><G117/><T134/><D73/><U68/><E106/><V75/><F121/><W2/><G114/><T20/><D115/><U45/><E135/><N who="0" m="51721" /><D70/><U3/><E3/><V90/><F33/><W122/><G41/><T47/><D111/><U51/><E45/><N who="0" m="16905" /><D40/><U12/><E0/><V104/><F104/><W100/><G109/><T83/><D53/><U19/><E5/><V21/><F43/><W1/><G34/><T81/><D81/><U4/><E4/><V88/><BYE who="1" /><F75/><UN n1="%E8%92%BC%E8%A1%A3%E9%88%B4" /><W120/><G2/><T27/><D14/><N who="2" m="5130" /><F113/><W36/><G130/><T42/><D42/><U126/><E68/><V132/><F112/><W18/><G18/><T63/><D63/><U44/><E71/><V56/><F132/><W76/><G36/><T102/><D102/><U119/><E119/><V79/><F56/><W125/><G86/><T128/><D128/><U11/><E44/><V59/><F59/><W77/><REACH who="3" step="1"/><G125/><REACH who="3" ten="229,334,169,258" step="2"/><T54/><D54/><U31/><E35/><V62/><F62/><AGARI ba="0,1" hai="1,7,8,62,67,69,76,77,78,96,100,107,120,122" machi="62" ten="40,5200,0" yaku="1,1,2,1,53,1" doraHai="24" doraHaiUra="61" who="3" fromWho="2" sc="229,0,334,0,169,-52,258,62" /><INIT seed="3,0,0,0,3,113" ten="229,334,117,320" oya="3" hai0="14,109,53,75,80,60,56,93,107,131,36,124,5" hai1="77,90,115,102,21,32,85,0,37,129,44,71,120" hai2="78,9,86,89,57,63,33,95,79,97,15,69,20" hai3="66,118,76,8,4,123,42,49,121,6,54,67,13"/><W43/><G118/><T3/><D107/><U46/><E115/><V112/><F33/><W59/><G76/><T72/><D109/><U34/><E120/><V28/><F69/><W48/><G121/><T23/><D131/><U22/><E71/><V52/><F112/><W92/><G123/><T30/><D124/><U40/><E0/><V94/><F28/><W81/><G81/><T68/><D68/><U125/><E77/><V130/><F130/><W114/><G114/><T126/><D126/><U110/><E125/><V12/><F12/><W45/><G6/><T119/><D93/><U132/><E129/><V108/><F108/><W64/><G92/><T2/><D119/><U35/><E110/><V104/><F104/><W1/><G1/><T39/><D72/><U70/><E70/><V19/><F9/><W134/><G134/><T105/><D105/><U103/><E132/><V38/><F38/><W58/><G43/><T26/><D14/><U133/><E46/><AGARI ba="0,0" hai="4,8,13,42,45,46,48,49,54,58,59,64,66,67" machi="46" ten="40,2000,0" yaku="8,1" doraHai="113" who="3" fromWho="1" sc="229,0,334,-20,117,0,320,20" owari="229,-17.0,314,11.0,117,-38.0,340,44.0" /></mjloggm>