<mjloggm ver="2.3"><GO type="169" lobby="0"/><UN n0="%E3%81%91%E3%82%93%31%39%37%30" n1="%E3%83%A8%E3%82%B3%E3%83%A8%E3%82%B3" n2="%E3%82%A6%E3%83%AB%E3%83%88%E3%83%A9%E7%AB%8B%E7%9B%B4" n3="%73%68%69%6E%6B%61%77%61" dan="16,16,17,16" rate="2085.26,2131.43,2134.01,2063.28" sx="M,M,M,M"/><TAIKYOKU oya="0"/><INIT seed="0,0,0,1,2,90" ten="250,250,250,250" oya="0" hai0="40,53,69,74,21,110,94,61,77,23,0,49,41" hai1="75,130,37,50,129,114,7,106,120,43,1,99,132" hai2="16,119,97,115,82,15,48,134,102,126,107,64,89" hai3="14,67,55,45,47,84,13,12,111,62,125,66,122"/><T78/><D0/><U17/><E120/><V73/><F115/><W86/><G111/><T128/><D128/><N who="1" m="49259" /><E114/><V46/><F126/><W63/><G125/><T116/><D116/><U81/><E50/><V135/><F64/><N who="3" m="24619" /><G122/><T117/><D117/><U83/><E132/><V2/><F2/><W33/><G33/><T59/><D110/><U34/><E34/><V98/><F119/><W56/><G62/><T96/><D74/><U101/><E75/><V20/><F73/><W6/><G6/><T31/><D61/><U70/><E70/><V5/><F5/><W72/><G72/><T121/><D69/><U88/><E17/><V36/><F36/><W133/><G133/><T4/><D4/><U42/><E37/><V108/><F108/><W109/><G109/><T19/><D31/><U65/><E65/><V35/><F35/><W8/><G8/><T54/><D54/><U124/><E124/><V79/><F79/><N who="0" m="30218" /><D121/><U29/><E29/><V10/><F20/><N who="0" m="7754" /><D19/><U28/><E28/><V85/><REACH who="2" step="1"/><F97/><REACH who="2" ten="250,250,240,250" step="2"/><W22/><G22/><T87/><D87/><AGARI ba="0,1" hai="12,13,14,45,47,55,56,63,84,86,87" m="24619" machi="87" ten="30,1000,0" yaku="8,1" doraHai="90" who="3" fromWho="0" sc="250,-10,250,0,240,0,250,20" /><INIT seed="1,0,0,0,3,37" ten="240,250,240,270" oya="1" hai0="52,62,134,111,116,6,22,16,97,90,35,132,41" hai1="108,71,106,32,131,98,24,40,14,118,45,51,69" hai2="19,125,127,92,31,133,68,9,74,7,130,70,49" hai3="123,63,66,126,78,94,4,56,84,18,102,26,64"/><U65/><E118/><V29/><F74/><W104/><G123/><T55/><D35/><U50/><E131/><V122/><F122/><W77/><G126/><N who="2" m="48137" /><F19/><W91/><G4/><T72/><D72/><U79/><E108/><V107/><F107/><W30/><G64/><T20/><D116/><U28/><E79/><V47/><F92/><W12/><G104/><T76/><D76/><U5/><E50/><V86/><F86/><W124/><G102/><T10/><D22/><U80/><E80/><V82/><F82/><W57/><G57/><N who="0" m="35111" /><D55/><U39/><E51/><V85/><F85/><W67/><G67/><T100/><D111/><U112/><E112/><V128/><F29/><W43/><G43/><T58/><D41/><U21/><E65/><V121/><F31/><W103/><G103/><T114/><D58/><U2/><E14/><N who="2" m="5439" /><F121/><W36/><G36/><T105/><D90/><U83/><E21/><V13/><F13/><W135/><G124/><T48/><D48/><U60/><E83/><V95/><F49/><W119/><G119/><T120/><D120/><U110/><E110/><V54/><F54/><W46/><G46/><T11/><D114/><U129/><E129/><N who="2" m="49771" /><F47/><W96/><G30/><T34/><D34/><U75/><E75/><V0/><F0/><W113/><G113/><T27/><D6/><U33/><E33/><V99/><F133/><AGARI ba="0,0" hai="10,11,16,20,27,97,100,105,132,133,134" m="35111" machi="133" ten="30,3900,0" yaku="20,1,54,2" doraHai="37" who="0" fromWho="2" sc="240,39,250,0,240,-39,270,0" /><INIT seed="2,0,0,1,5,9" ten="279,250,201,270" oya="2" hai0="126,85,56,88,93,19,132,25,35,120,87,124,122" hai1="29,22,21,39,42,125,61,57,8,129,74,50,71" hai2="59,52,117,63,108,64,111,51,101,113,4,76,131" hai3="95,54,112,44,98,36,6,107,119,33,65,78,102"/><V49/><F117/><W91/><G119/><T133/><D56/><U134/><E74/><V7/><F113/><W97/><G112/><T24/><D35/><U2/><E134/><N who="0" m="51817" /><D19/><U32/><E129/><V121/><F121/><N who="0" m="46698" /><D25/><U96/><E125/><N who="0" m="48233" /><D24/><U110/><E32/><V77/><F131/><W66/><G33/><T41/><D41/><U43/><E42/><V1/><F101/><W13/><G6/><T90/><D90/><U48/><E43/><V92/><F49/><W68/><G68/><T106/><D106/><U47/><E48/><V128/><F128/><W11/><G107/><T100/><D100/><U10/><E50/><V18/><F18/><W17/><G102/><T67/><D67/><U70/><E71/><V62/><F62/><W116/><G66/><T40/><D40/><U118/><E61/><V127/><F127/><W80/><G65/><T130/><D130/><U115/><E70/><V82/><F7/><W3/><G116/><T109/><D109/><N who="2" m="42058" /><F4/><W103/><G103/><T26/><D26/><U89/><E110/><V99/><F64/><W45/><G17/><T94/><D87/><U81/><E118/><V28/><F28/><W83/><G45/><T58/><D58/><U27/><E57/><V16/><F16/><W5/><G44/><T23/><D23/><U20/><E47/><V104/><F104/><W31/><G31/><T37/><D37/><U105/><E39/><V14/><F63/><W79/><G36/><T114/><D114/><U72/><E115/><V0/><F59/><W53/><G5/><T75/><D75/><U15/><E21/><RYUUKYOKU ba="0,0" sc="279,30,250,-10,201,-10,270,-10" hai0="85,88,93,94" /><INIT seed="3,1,0,3,4,37" ten="309,240,191,260" oya="3" hai0="124,10,74,31,47,62,44,14,55,114,6,116,115" hai1="101,54,20,71,5,102,95,21,61,110,12,57,87" hai2="117,23,18,68,25,40,79,92,17,73,100,133,82" hai3="28,51,19,108,103,59,86,130,67,80,4,104,121"/><W131/><G121/><T99/><D116/><U84/><E110/><V96/><F68/><W83/><G4/><T2/><D124/><U7/><E71/><V109/><F109/><W64/><G28/><T22/><D74/><U89/><E84/><V90/><F117/><W1/><G1/><T69/><D99/><U13/><E5/><V118/><F118/><W81/><G108/><T43/><D55/><U91/><E89/><V8/><F133/><W9/><G86/><T105/><D105/><U132/><E132/><V45/><F8/><W72/><G72/><T98/><D98/><U56/><E57/><V75/><F75/><W76/><G76/><T135/><D47/><U94/><E95/><V120/><F120/><W11/><G103/><N who="1" m="39434" /><E7/><V113/><F113/><N who="0" m="43018" /><D135/><U123/><E123/><V97/><F100/><W30/><G104/><T93/><D93/><U58/><E58/><V50/><REACH who="2" step="1"/><F96/><REACH who="2" ten="309,240,181,260" step="2"/><W77/><G9/><T26/><D69/><U106/><E106/><V66/><F66/><W46/><G64/><T39/><D2/><U49/><E61/><AGARI ba="1,1" hai="6,10,14,22,26,31,39,43,44,61,62" m="43018" machi="61" ten="30,2000,0" yaku="11,1,52,1" doraHai="37" who="0" fromWho="1" sc="309,33,240,-23,181,0,260,0" /><INIT seed="4,0,0,2,3,57" ten="342,217,181,260" oya="0" hai0="45,25,37,112,100,134,51,126,44,130,64,38,121" hai1="39,55,129,132,79,42,20,28,3,85,1,43,83" hai2="109,14,75,84,96,73,4,76,107,30,123,68,95" hai3="124,127,128,67,70,117,106,53,13,34,16,72,31"/><T22/><D121/><U65/><E129/><V17/><F123/><W94/><G72/><T47/><D112/><U6/><E132/><V105/><F4/><W29/><G106/><T122/><D122/><U92/><E65/><V108/><F30/><W82/><G117/><T119/><D119/><U89/><E55/><V0/><F0/><W114/><G82/><T71/><D100/><U93/><E93/><V125/><F68/><W46/><G114/><T80/><D80/><U111/><E111/><V40/><F40/><W7/><G7/><T135/><D22/><U104/><E104/><N who="2" m="40011" /><F14/><W118/><G118/><T27/><D27/><U49/><E39/><N who="0" m="14857" /><D25/><U15/><E28/><V19/><F19/><W8/><G128/><T99/><D99/><U115/><E115/><V56/><F17/><W77/><G31/><T81/><D81/><U78/><E79/><V36/><F84/><W52/><G77/><T116/><D116/><U120/><E120/><V110/><F76/><W5/><G5/><T131/><D51/><U26/><E26/><V101/><F36/><W41/><G29/><T74/><D74/><N who="1" m="43479" /><E6/><V86/><F75/><W33/><G33/><T63/><D126/><N who="3" m="48169" /><G34/><T23/><D23/><U59/><E1/><V48/><F73/><W11/><G11/><T69/><D69/><U60/><E3/><V98/><F125/><W113/><G113/><T102/><D102/><U54/><E49/><V12/><F101/><W2/><G2/><T62/><D130/><U21/><E15/><V50/><F12/><W97/><G13/><T9/><D131/><U58/><E59/><RYUUKYOKU ba="0,0" sc="342,-10,217,30,181,-10,260,-10" hai1="20,21,42,43,54,58,60,85,89,92" /><INIT seed="5,1,0,5,2,58" ten="332,247,171,250" oya="1" hai0="25,72,56,80,5,92,82,61,60,46,62,127,17" hai1="86,33,74,65,113,63,32,34,43,0,50,91,83" hai2="2,88,98,22,57,70,100,112,69,10,24,101,78" hai3="59,14,109,29,105,118,93,77,120,39,128,9,4"/><U45/><E113/><V90/><F78/><W132/><G105/><T110/><D110/><U130/><E130/><V95/><F112/><W84/><G39/><T27/><D127/><U20/><E0/><V126/><F126/><W37/><G37/><T36/><D72/><U104/><E104/><V89/><F101/><W75/><G109/><T28/><D5/><U67/><E74/><V47/><F47/><W108/><G108/><T122/><D122/><U1/><E1/><V107/><F107/><W76/><G75/><T116/><D116/><U81/><E83/><N who="0" m="31785" /><D36/><U131/><E131/><V16/><REACH who="2" step="1"/><F57/><REACH who="2" ten="332,247,161,250" step="2"/><W52/><G128/><T21/><D46/><U125/><E125/><V64/><F64/><W121/><G120/><T87/><D56/><U30/><E67/><V99/><F99/><W123/><G121/><T18/><D27/><U3/><E65/><V97/><F97/><W94/><G123/><T124/><D124/><U134/><E91/><AGARI ba="1,1" hai="17,18,21,25,28,60,61,62,87,91,92" m="31785" machi="91" ten="30,7700,0" yaku="8,1,52,3" doraHai="58" who="0" fromWho="1" sc="332,90,247,-80,161,0,250,0" /><INIT seed="6,0,0,0,3,123" ten="422,167,161,250" oya="2" hai0="119,57,2,77,79,11,108,32,56,14,128,132,55" hai1="96,19,33,10,82,106,95,118,8,93,104,66,113" hai2="89,34,65,88,109,30,130,38,53,91,101,100,35" hai3="80,84,97,114,46,42,6,24,62,98,63,21,47"/><V68/><F38/><W58/><G6/><T99/><D32/><N who="2" m="12330" /><F30/><N who="3" m="17679" /><G114/><T70/><D70/><U49/><E33/><V75/><F75/><W60/><G58/><T25/><D25/><U121/><E121/><V54/><F68/><W9/><G9/><T117/><D11/><U78/><E113/><V83/><F65/><W64/><G64/><T1/><D99/><N who="3" m="37897" /><G42/><T131/><D14/><U29/><E118/><V4/><F4/><W12/><G12/><T102/><D102/><N who="2" m="39530" /><F83/><W27/><G27/><T17/><D17/><U61/><E8/><V90/><N who="2" m="22528" /><DORA hai="3" /><V127/><F127/><W120/><G120/><T72/><D72/><U94/><E29/><V85/><F85/><W74/><G74/><T44/><D2/><U52/><E10/><V71/><F71/><W87/><G80/><T59/><D1/><U125/><E125/><V16/><F16/><W115/><G115/><T103/><D103/><U51/><E19/><V110/><F130/><W50/><G84/><T37/><D37/><U86/><E96/><V0/><F0/><W48/><G87/><T22/><D128/><U73/><E73/><V5/><F5/><W39/><G39/><T45/><D131/><U31/><E31/><V81/><F81/><W7/><G7/><T111/><D117/><U76/><E78/><V135/><F135/><W107/><G62/><T20/><D132/><U18/><E18/><V92/><F92/><W124/><G124/><T23/><D119/><U116/><E116/><V43/><F43/><N who="3" m="24671" /><G60/><T67/><D67/><U36/><E36/><V15/><F15/><W112/><G112/><RYUUKYOKU ba="0,0" sc="422,-10,167,-10,161,30,250,-10" hai2="53,54,109,110" /><INIT seed="6,1,0,1,4,105" ten="412,157,191,240" oya="2" hai0="37,75,113,0,32,116,36,82,117,12,101,95,109" hai1="26,102,18,62,35,43,126,57,124,107,96,54,103" hai2="87,46,15,31,114,40,72,134,29,129,112,5,135" hai3="1,52,4,127,61,7,70,73,14,108,60,84,33"/><V66/><F66/><W21/><G33/><T58/><D0/><U92/><E43/><V94/><F129/><W89/><G108/><T10/><D109/><U11/><E35/><V74/><F87/><W55/><G1/><T133/><D32/><U39/><E39/><N who="2" m="21791" /><F94/><N who="3" m="54567" /><G73/><N who="2" m="28265" /><F15/><W91/><G70/><T23/><D95/><U30/><E30/><N who="2" m="11275" /><F5/><W131/><G131/><T9/><D12/><U63/><E11/><V42/><F42/><W45/><G7/><T121/><D121/><U34/><E34/><V118/><F118/><W122/><G122/><T79/><D116/><U98/><E62/><V28/><F28/><W25/><G14/><T67/><D67/><U83/><E83/><V125/><F125/><W78/><G127/><T65/><D82/><U41/><E41/><V106/><F106/><W110/><G4/><T132/><D65/><U68/><E68/><V49/><F49/><N who="3" m="28719" /><G110/><T3/><D117/><U47/><E47/><V44/><F44/><W56/><G78/><T99/><D99/><U115/><E107/><V24/><F24/><W48/><G91/><T130/><D101/><U13/><E13/><V86/><F86/><W6/><G6/><T123/><D10/><U104/><E104/><V128/><F128/><W64/><G64/><T100/><D130/><U85/><E126/><V50/><F50/><W22/><G22/><T90/><D23/><U119/><E124/><V88/><F88/><W93/><G93/><T8/><D90/><N who="1" m="53327" /><E119/><V19/><F19/><AGARI ba="1,0" hai="19,21,25,48,55,56,60,61" m="28719,54567" machi="19" ten="30,2000,0" yaku="8,1,54,1" doraHai="105" who="3" fromWho="2" sc="412,0,157,0,191,-23,240,23" /><INIT seed="7,0,0,0,1,102" ten="412,157,168,263" oya="3" hai0="126,70,132,73,50,62,25,129,97,94,47,44,91" hai1="127,128,105,2,69,108,60,79,59,110,19,93,130" hai2="86,89,37,65,74,67,81,49,31,113,80,16,112" hai3="68,117,27,98,118,40,11,9,18,107,54,12,109"/><W78/><G68/><T21/><D73/><U0/><E79/><N who="2" m="44151" /><F37/><W111/><G40/><T63/><D126/><U29/><E127/><V101/><F31/><W121/><G54/><T87/><D132/><U88/><E105/><V104/><F104/><W75/><G78/><T134/><D129/><N who="1" m="49771" /><E69/><V96/><F96/><W115/><G75/><T13/><D13/><U119/><E29/><V17/><F101/><W76/><G98/><T10/><D10/><U28/><E19/><N who="2" m="7243" /><F49/><W48/><G107/><T103/><D70/><U61/><E28/><V36/><F36/><W20/><G48/><T4/><D4/><U106/><E106/><V55/><F55/><W35/><G76/><T77/><D77/><U45/><E45/><N who="0" m="17481" /><D134/><U116/><E0/><V32/><F32/><W43/><G35/><T52/><D25/><U95/><E2/><V120/><F120/><W84/><G43/><T34/><D21/><U135/><E135/><V53/><F53/><W57/><G27/><T124/><D124/><U42/><E42/><V83/><F83/><W41/><G41/><T64/><D64/><N who="1" m="38943" /><E61/><V24/><F24/><W99/><G121/><T100/><D34/><U46/><E46/><V90/><F90/><W66/><G109/><N who="1" m="42090" /><E95/><V58/><F58/><W56/><G111/><T82/><D100/><U131/><N who="1" m="49779" /><U72/><DORA hai="3" /><E72/><V1/><F1/><W51/><G57/><AGARI ba="0,0" hai="50,52,57,62,63,82,87,91,94,97,103" m="17481" machi="57" ten="30,2000,0" yaku="8,1,54,1" doraHai="102,3" who="0" fromWho="3" sc="412,20,157,0,168,0,263,-20" owari="432,53.0,157,-34.0,168,-23.0,243,4.0" /></mjloggm>