<mjloggm ver="2.3"><GO type="169" lobby="0"/><UN n0="%E3%82%A6%E3%83%AB%E3%83%88%E3%83%A9%E7%AB%8B%E7%9B%B4" n1="%E3%81%B5%E3%81%8A%E3%82%93%E3%83%BB%E3%82%B6%E3%83%BB%E5%A4%96%E9%81%93" n2="%E9%BA%BB%E7%94%9F%E9%9B%80%E5%AD%90" n3="%E3%83%AD%E3%83%83%E3%83%86%E9%9B%80%E7%90%83" dan="18,16,17,17" rate="2173.92,2116.47,2158.66,2157.67" sx="M,F,F,M"/><TAIKYOKU oya="0"/><INIT seed="0,0,0,4,5,114" ten="250,250,250,250" oya="0" hai0="130,75,5,4,39,8,18,92,7,85,47,134,98" hai1="49,69,129,67,115,116,113,14,125,72,56,103,37" hai2="100,111,108,35,70,34,68,29,43,101,44,76,22" hai3="123,82,40,84,128,55,77,99,127,24,59,109,1"/><T74/><D130/><U133/><E14/><V106/><F76/><W19/><G109/><N who="2" m="42057" /><F22/><W119/><G128/><T57/><D134/><U9/><E9/><V30/><F44/><W11/><G119/><T48/><D85/><U26/><E26/><V89/><F89/><W81/><G127/><T126/><D126/><U53/><E103/><N who="2" m="39499" /><F43/><W122/><G40/><T96/><D39/><U12/><E12/><V6/><F6/><W63/><G82/><T66/><D75/><U105/><E72/><V28/><F106/><W51/><G99/><T45/><D74/><U110/><E105/><V36/><F36/><W90/><G90/><N who="0" m="55319" /><D98/><U3/><E110/><V120/><F120/><W13/><G24/><T83/><D83/><U33/><E115/><V80/><F80/><W131/><G131/><T132/><D132/><U88/><E133/><V16/><F16/><W94/><G94/><T31/><D31/><N who="2" m="7938" /><V20/><DORA hai="25" /><F20/><W73/><G73/><T121/><D121/><U102/><E113/><V23/><F23/><W32/><G123/><T58/><D18/><U15/><E125/><V62/><F62/><W0/><G63/><N who="0" m="38255" /><D8/><U42/><E37/><V64/><F64/><W78/><G122/><T65/><D65/><U93/><E129/><V112/><F112/><W124/><G124/><T50/><D47/><U41/><E67/><V104/><F104/><W2/><G78/><T60/><D45/><U91/><E102/><V135/><F135/><W46/><G46/><T79/><D79/><U118/><E91/><V86/><F86/><W95/><G95/><T21/><D21/><RYUUKYOKU ba="0,0" sc="250,10,250,-30,250,10,250,10" hai0="4,5,7,48,50,58,60" hai2="34,35,68,70" hai3="0,1,2,11,13,19,32,51,55,59,77,81,84" /><INIT seed="0,1,0,2,1,98" ten="260,220,260,260" oya="0" hai0="23,36,9,42,10,1,58,96,105,93,39,28,15" hai1="106,61,111,45,60,77,47,44,17,4,30,12,31" hai2="80,85,81,122,74,120,131,3,94,127,109,76,87" hai3="19,113,38,63,66,128,135,88,64,112,118,117,91"/><T71/><D71/><U8/><E106/><V48/><F3/><W79/><G38/><T6/><D105/><U123/><E123/><N who="2" m="47147" /><F48/><W27/><G79/><T43/><D58/><U119/><E119/><V50/><F50/><W86/><G128/><T26/><D39/><U24/><E111/><V54/><F54/><W14/><G135/><T0/><D36/><U115/><E115/><V18/><F18/><W13/><G27/><T46/><D46/><U114/><E114/><V101/><F109/><W5/><G86/><N who="2" m="32777" /><F80/><W33/><G19/><T103/><D1/><U52/><E77/><V65/><F65/><W25/><G25/><T107/><REACH who="0" step="1"/><D93/><REACH who="0" ten="250,220,260,260" step="2"/><U130/><E130/><V133/><F131/><W29/><G113/><T108/><D108/><U84/><E45/><V99/><F127/><W95/><G112/><T68/><D68/><U116/><E47/><V89/><F133/><W132/><G132/><T7/><AGARI ba="1,1" hai="0,6,7,9,10,15,23,26,28,42,43,96,103,107" machi="7" ten="20,7800,0" yaku="1,1,0,1,7,1,52,1,53,0" doraHai="98" doraHaiUra="49" who="0" fromWho="0" sc="250,91,220,-27,260,-27,260,-27" /><INIT seed="0,2,0,3,4,85" ten="341,193,233,233" oya="0" hai0="110,54,58,88,27,103,84,53,0,13,83,46,124" hai1="39,4,86,109,125,120,102,91,132,131,98,130,72" hai2="112,119,116,90,60,15,32,33,70,22,111,75,38" hai3="57,47,20,68,51,78,30,56,105,8,24,82,96"/><T126/><D0/><U36/><E4/><V114/><F38/><W115/><G115/><T19/><D110/><U61/><E61/><V17/><F75/><W10/><G68/><T117/><D117/><N who="2" m="45130" /><F111/><W87/><G96/><T29/><D103/><U45/><E45/><V42/><F42/><N who="3" m="25079" /><G105/><T97/><D97/><U25/><E25/><V12/><F70/><W108/><G108/><T50/><D58/><AGARI ba="2,0" hai="8,10,20,24,30,56,57,58,78,82,87" m="25079" machi="58" ten="30,1000,0" yaku="8,1" doraHai="85" who="3" fromWho="0" sc="341,-16,193,0,233,0,233,16" /><INIT seed="1,0,0,3,4,130" ten="325,193,233,249" oya="1" hai0="17,87,54,117,63,120,0,43,18,90,45,27,20" hai1="129,73,126,135,16,40,14,53,103,93,98,70,122" hai2="51,107,111,68,102,3,44,127,84,96,42,52,57" hai3="36,31,29,79,11,22,113,38,2,124,121,85,94"/><U1/><E1/><V61/><F3/><W77/><G113/><T106/><D106/><U19/><E70/><V119/><F111/><W89/><G121/><T59/><D0/><U97/><E73/><V76/><F127/><W123/><G123/><T132/><D117/><U37/><E122/><V62/><F68/><W83/><G124/><T48/><D120/><U69/><E69/><V13/><F119/><W104/><G104/><T99/><D132/><U8/><E126/><V23/><F76/><W134/><G134/><T5/><D5/><U64/><E64/><V60/><F84/><W30/><G79/><T116/><D116/><U4/><E129/><V125/><F125/><W81/><G81/><T128/><D128/><U33/><E33/><V112/><F112/><W58/><G22/><T55/><D99/><U6/><E135/><V66/><F23/><W26/><G26/><T91/><D17/><U108/><E108/><V78/><F78/><W65/><G11/><T15/><D27/><U88/><E53/><V82/><F82/><W21/><G21/><T39/><D87/><U105/><REACH who="1" step="1"/><E4/><REACH who="1" ten="325,183,233,249" step="2"/><V50/><F66/><W35/><G35/><T92/><D55/><U49/><E49/><V133/><F133/><W24/><G2/><T72/><D72/><U115/><E115/><V75/><F75/><N who="3" m="43455" /><G38/><T80/><D39/><U114/><E114/><V110/><F110/><W34/><G36/><T10/><D48/><U100/><E100/><V74/><F74/><W86/><G65/><T41/><D54/><U95/><E95/><V32/><F32/><W131/><G131/><RYUUKYOKU ba="0,1" sc="325,-15,183,15,233,15,249,-15" hai1="6,8,14,16,19,37,40,88,93,97,98,103,105" hai2="13,42,44,50,51,52,57,60,61,62,96,102,107" /><INIT seed="1,1,1,4,5,96" ten="310,198,248,234" oya="1" hai0="35,10,20,53,120,132,78,98,60,47,37,121,129" hai1="70,93,106,87,34,28,6,49,32,125,72,105,66" hai2="83,127,71,124,73,3,33,90,22,0,92,2,89" hai3="26,41,117,91,56,23,15,82,108,101,55,12,116"/><U102/><E72/><V17/><F33/><W128/><G108/><T42/><D35/><U13/><E125/><N who="2" m="48203" /><F71/><W54/><G128/><T130/><D78/><U7/><E49/><V40/><F40/><W21/><G41/><T14/><D20/><U39/><E39/><V126/><F126/><W27/><G91/><N who="2" m="34825" /><F92/><W59/><REACH who="3" step="1"/><G82/><REACH who="3" ten="310,198,248,224" step="2"/><T95/><D129/><U76/><E34/><V62/><F83/><W75/><G75/><T115/><D130/><U107/><E32/><V44/><F73/><W79/><G79/><T63/><D42/><U29/><E76/><V68/><F44/><W74/><G74/><T19/><D47/><U81/><E81/><V18/><F22/><W131/><G131/><T135/><D120/><U104/><E70/><V30/><F30/><W50/><G50/><T16/><D121/><U86/><E28/><V52/><F68/><W77/><G77/><T134/><D37/><U97/><E29/><V1/><N who="2" m="0" /><DORA hai="112" /><V103/><F103/><AGARI ba="1,2" hai="12,15,21,23,26,27,54,55,56,59,101,103,116,117" machi="103" ten="25,12000,2" yaku="1,1,22,2,52,4,53,0" doraHai="96,112" doraHaiUra="88,43" who="3" fromWho="2" sc="310,0,198,0,248,-123,224,143" /><INIT seed="2,0,0,4,0,106" ten="310,198,125,367" oya="2" hai0="63,65,53,1,30,120,128,12,44,29,110,94,132" hai1="47,112,40,26,125,59,100,103,83,49,54,57,86" hai2="23,17,97,78,126,67,28,18,89,93,62,33,98" hai3="9,134,13,36,46,68,107,102,133,129,52,119,55"/><V31/><F126/><W50/><G119/><T74/><D1/><U88/><E112/><V21/><F78/><W130/><G68/><T41/><D120/><U118/><E118/><V108/><F33/><W25/><G36/><T37/><D74/><U6/><E125/><V111/><F98/><N who="3" m="61911" /><G25/><T123/><D110/><N who="2" m="42026" /><F23/><W127/><G55/><T66/><D128/><N who="3" m="49257" /><G127/><T22/><D132/><U81/><E81/><V64/><F64/><W8/><G8/><T35/><D53/><U3/><E57/><N who="2" m="37327" /><F18/><AGARI ba="0,0" hai="9,13,18,46,50,52,133,134" m="49257,61911" machi="18" ten="30,2000,0" yaku="19,1,54,1" doraHai="106" who="3" fromWho="2" sc="310,0,198,0,125,-20,367,20" /><INIT seed="3,0,0,3,5,122" ten="310,198,105,387" oya="3" hai0="114,25,91,57,93,92,96,50,80,27,78,104,111" hai1="42,108,70,69,8,65,64,13,82,34,14,28,16" hai2="115,47,9,74,83,17,84,19,100,32,33,73,128" hai3="48,94,60,68,61,46,66,18,76,99,113,125,41"/><W102/><G113/><T106/><D114/><U87/><E42/><V117/><F115/><W71/><G125/><T39/><D39/><U26/><E108/><V15/><F117/><W49/><G76/><T67/><D111/><U81/><E81/><V135/><F135/><W1/><G1/><T101/><D106/><U0/><E0/><V112/><F112/><W123/><G123/><T23/><D93/><U119/><E119/><V40/><F100/><W20/><G49/><T54/><D67/><U12/><E69/><V127/><F128/><W35/><G35/><T124/><D23/><U3/><E3/><V90/><F127/><W62/><REACH who="3" step="1"/><G68/><REACH who="3" ten="310,198,105,377" step="2"/><T31/><D124/><U10/><E70/><V118/><F32/><W88/><G88/><T116/><D116/><U134/><E34/><V37/><F33/><W58/><G58/><T95/><D91/><U22/><E134/><V43/><F118/><W21/><G21/><T131/><D78/><U97/><E22/><V2/><F2/><W7/><G7/><T30/><D57/><U79/><E79/><V121/><F121/><W107/><G107/><T132/><D104/><U75/><E8/><V6/><REACH who="2" step="1"/><F40/><REACH who="2" ten="310,198,95,377" step="2"/><W105/><G105/><T51/><D132/><U45/><E10/><V11/><F11/><W103/><G103/><T56/><D101/><U38/><E75/><AGARI ba="0,2" hai="6,9,15,17,19,37,43,47,73,74,75,83,84,90" machi="75" ten="40,1300,0" yaku="1,1,53,0" doraHai="122" doraHaiUra="120" who="2" fromWho="1" sc="310,0,198,-13,95,33,377,0" /><INIT seed="4,0,0,3,5,1" ten="310,185,128,377" oya="0" hai0="89,11,78,64,92,60,14,86,108,9,46,104,48" hai1="94,71,41,19,2,77,37,4,75,84,82,16,116" hai2="13,112,39,110,3,122,0,38,129,68,106,8,10" hai3="100,85,40,133,101,51,47,66,120,53,88,135,59"/><T119/><D104/><U70/><E116/><V67/><F13/><W107/><G66/><T62/><D119/><U45/><E84/><V30/><F30/><W103/><G107/><T20/><D108/><U26/><E94/><V97/><F67/><W130/><G130/><T125/><D125/><U35/><E35/><V128/><F97/><W127/><G127/><T117/><D117/><U7/><E7/><V5/><F110/><W49/><REACH who="3" step="1"/><G120/><REACH who="3" ten="310,185,128,367" step="2"/><T123/><D123/><U57/><E70/><V99/><F122/><W102/><N who="3" m="25600" /><DORA hai="93" /><W114/><G114/><T24/><D78/><U22/><E71/><V54/><F68/><W58/><G58/><T105/><D105/><U52/><E57/><V29/><F112/><W131/><G131/><T126/><D126/><U79/><E79/><V50/><F106/><W6/><G6/><T63/><D64/><U109/><E4/><V95/><F5/><W98/><G98/><T61/><N who="0" m="15360" /><DORA hai="72" /><T96/><D96/><U118/><E109/><V121/><F121/><W55/><G55/><T87/><D87/><N who="1" m="48591" /><E118/><V69/><F99/><W113/><G113/><T18/><D24/><U91/><E26/><V44/><F69/><W36/><G36/><T23/><D9/><U134/><E37/><V83/><F129/><W34/><G34/><T32/><D32/><U25/><E75/><V43/><F128/><W65/><G65/><T111/><D111/><U27/><E52/><AGARI ba="0,1" hai="11,14,18,20,23,46,48,52,86,89,92" m="15360" machi="52" ten="50,4800,0" yaku="8,1,54,1" doraHai="1,93,72" who="0" fromWho="1" sc="310,58,185,-48,128,0,367,0" /><INIT seed="4,1,0,2,3,7" ten="368,137,128,367" oya="0" hai0="80,19,21,34,83,24,96,123,37,102,11,35,134" hai1="50,17,6,4,75,59,79,5,115,120,119,88,68" hai2="8,41,64,12,60,32,28,72,43,127,14,128,10" hai3="121,16,0,63,2,105,110,25,81,47,44,48,9"/><T93/><D123/><U20/><E68/><V51/><F72/><W13/><G110/><T94/><D37/><U46/><E120/><V62/><F128/><W117/><G117/><T66/><D134/><U113/><E119/><V73/><F73/><W26/><G105/><T92/><D66/><U52/><E75/><V111/><F111/><W95/><G121/><T33/><D11/><N who="2" m="4138" /><F32/><W101/><G81/><T54/><D54/><U108/><E79/><V114/><F127/><W49/><G63/><N who="2" m="24105" /><F64/><W86/><G0/><T65/><D65/><U106/><E106/><V74/><F74/><W87/><G2/><T89/><D89/><U112/><E108/><V100/><F28/><W76/><G49/><T99/><D102/><U67/><E88/><V61/><F114/><W98/><G47/><T27/><D34/><U122/><E122/><V18/><N who="2" m="24113" /><V31/><DORA hai="118" /><F31/><W3/><G3/><T69/><D35/><U90/><E90/><V36/><F36/><W42/><G76/><T23/><D33/><U77/><E77/><V58/><F100/><W15/><G15/><N who="2" m="5673" /><F18/><W116/><G116/><T29/><D69/><U97/><E97/><AGARI ba="1,0" hai="19,21,23,24,27,29,80,83,92,93,94,96,97,99" machi="97" ten="40,2000,0" yaku="8,1" doraHai="7,118" who="0" fromWho="1" sc="368,23,137,-23,128,0,367,0" /><INIT seed="4,2,0,3,0,12" ten="391,114,128,367" oya="0" hai0="89,73,22,68,13,34,86,50,96,114,56,20,31" hai1="5,110,90,67,111,38,74,17,28,105,63,113,11" hai2="54,128,121,123,88,131,52,72,125,6,87,64,55" hai3="99,36,91,104,119,97,82,32,53,19,100,26,21"/><T76/><D68/><U115/><E38/><V9/><F72/><W40/><G119/><T0/><D0/><U29/><E74/><V35/><F35/><W60/><G32/><T65/><D34/><U48/><E105/><V51/><F64/><W8/><G8/><T103/><D114/><N who="1" m="43531" /><E48/><V132/><F132/><W18/><G36/><T101/><D101/><U109/><E90/><V93/><F125/><W79/><G40/><T39/><D39/><U129/><E129/><N who="2" m="49739" /><F51/><W122/><G122/><T80/><D31/><U49/><E49/><V77/><F77/><W66/><G53/><T130/><D130/><U84/><E84/><V45/><F45/><W107/><G91/><T75/><D75/><U24/><E24/><V59/><F59/><W46/><G46/><T58/><D58/><N who="1" m="37367" /><E17/><V15/><AGARI ba="2,0" hai="6,9,15,52,54,55,87,88,93,121,123" m="49739" machi="15" ten="30,4000,0" yaku="19,1,54,2" doraHai="12" who="2" fromWho="2" sc="391,-22,114,-12,128,46,367,-12" /><INIT seed="5,0,0,3,5,6" ten="369,102,174,355" oya="1" hai0="98,128,130,108,105,63,61,65,102,0,104,25,54" hai1="18,56,95,109,3,14,23,70,67,134,112,39,101" hai2="13,33,123,84,30,114,107,22,79,110,12,41,11" hai3="117,99,131,16,83,32,53,111,48,50,72,55,96"/><U77/><E39/><V82/><F123/><W66/><G111/><T45/><D0/><U80/><E70/><V29/><F110/><W4/><G32/><T46/><D108/><U26/><E3/><V120/><F33/><W2/><G131/><N who="0" m="50219" /><D105/><U43/><E109/><V132/><F120/><W64/><G117/><T17/><D54/><U51/><E112/><V38/><F107/><W9/><G72/><T97/><D97/><N who="1" m="59583" /><E134/><V60/><F132/><W135/><G83/><T133/><D133/><U94/><E94/><V19/><F114/><W78/><G78/><T42/><D42/><U75/><E75/><V90/><F60/><N who="0" m="23114" /><D65/><U5/><E67/><V21/><F21/><AGARI ba="0,0" hai="17,21,25,45,46,98,102,104" m="23114,50219" machi="21" ten="30,1000,0" yaku="19,1" doraHai="6" who="0" fromWho="2" sc="369,10,102,0,174,-10,355,0" /><INIT seed="6,0,0,5,4,8" ten="379,102,164,355" oya="2" hai0="17,91,22,77,55,6,134,37,123,131,46,122,116" hai1="105,78,67,44,68,21,40,128,4,14,53,96,10" hai2="65,109,28,33,1,130,74,58,82,110,99,9,103" hai3="94,52,30,126,25,120,86,88,15,54,62,76,51"/><V85/><F74/><W11/><G126/><T49/><D131/><U23/><E128/><V89/><F130/><W117/><G117/><T39/><D39/><U64/><E78/><V61/><F28/><W92/><G120/><T3/><D134/><U24/><E53/><V18/><F33/><W56/><G76/><T31/><D31/><U80/><E80/><V111/><F1/><W41/><G41/><T19/><D77/><U34/><E34/><V119/><F119/><W133/><G133/><T98/><D37/><U2/><E2/><V95/><F9/><W127/><G127/><T72/><D72/><U118/><E118/><V108/><N who="2" m="27648" /><DORA hai="106" /><V63/><F63/><W20/><G94/><T69/><D6/><U66/><E68/><V38/><F38/><W87/><G87/><T115/><D69/><U73/><E73/><V71/><F18/><N who="3" m="8575" /><G51/><T112/><D17/><U125/><E125/><V57/><AGARI ba="0,0" hai="57,58,61,65,71,82,85,89,95,99,103" m="27648" machi="57" ten="60,6000,0" yaku="0,1,10,1" doraHai="8,106" who="2" fromWho="2" sc="379,-20,102,-20,164,60,355,-20" /><INIT seed="6,1,0,4,5,8" ten="359,82,224,335" oya="2" hai0="41,107,114,50,71,16,129,18,43,73,103,45,81" hai1="20,40,9,97,115,95,34,78,52,102,112,63,36" hai2="125,70,100,118,47,62,57,109,6,4,14,59,49" hai3="27,68,88,35,101,72,10,31,1,0,26,122,130"/><V132/><F118/><W123/><G72/><T61/><D129/><U24/><E78/><V111/><F70/><W120/><G101/><T76/><D114/><U11/><E34/><V127/><F100/><W90/><G68/><T133/><D133/><U105/><E105/><V80/><F80/><W126/><G130/><T87/><D73/><U124/><E124/><N who="2" m="47691" /><F132/><W13/><G126/><T86/><D107/><U17/><E36/><V96/><F96/><W106/><G106/><T75/><D75/><U135/><E40/><N who="2" m="24807" /><F4/><N who="3" m="3271" /><G90/><T104/><D104/><U113/><REACH who="1" step="1"/><E135/><REACH who="1" ten="359,72,224,335" step="2"/><V84/><F111/><W54/><G35/><T37/><D76/><U30/><E30/><V82/><F109/><W58/><G31/><T39/><D39/><U53/><E53/><V91/><F62/><W67/><G54/><T94/><D61/><U131/><E131/><V21/><F6/><W19/><G122/><T28/><D37/><U110/><E110/><V99/><F99/><W74/><G123/><T38/><D38/><U42/><E42/><V65/><F65/><W29/><G67/><T121/><D43/><U32/><E32/><V64/><F64/><W12/><G120/><T60/><D41/><U117/><E117/><V69/><F69/><W83/><G29/><T25/><D71/><U5/><E5/><V79/><F79/><W44/><G0/><T3/><D3/><U92/><E92/><V2/><F2/><W51/><G1/><T93/><D60/><U77/><E77/><V48/><F48/><W134/><G51/><T116/><D50/><U98/><E98/><V85/><F85/><RYUUKYOKU ba="1,1" sc="359,-15,72,15,224,15,335,-15" hai1="9,11,17,20,24,52,63,95,97,102,112,113,115" hai2="14,21,57,59,82,84,91" /><INIT seed="6,2,1,3,1,45" ten="344,87,239,320" oya="2" hai0="40,43,112,98,96,131,88,69,6,80,60,115,129" hai1="104,99,90,31,106,17,28,111,107,41,49,13,65" hai2="35,52,116,67,127,102,23,110,83,55,81,36,21" hai3="18,92,128,42,22,32,118,119,54,24,38,8,2"/><V101/><F116/><W1/><G42/><T120/><D6/><U117/><E117/><N who="3" m="44554" /><G54/><N who="2" m="20521" /><F35/><W95/><G95/><N who="0" m="56423" /><D120/><U77/><E77/><V56/><F127/><W103/><G92/><T16/><D16/><U66/><E111/><V130/><F130/><N who="0" m="49674" /><D98/><U75/><E75/><V124/><F36/><W105/><G103/><N who="2" m="39433" /><F124/><W26/><G105/><T135/><D80/><N who="2" m="30794" /><F110/><W79/><G79/><T121/><D121/><U122/><E122/><V85/><F85/><W133/><G38/><T46/><D40/><U73/><E73/><V3/><F3/><W25/><G128/><T61/><D135/><U125/><E125/><V19/><F19/><W84/><G84/><T72/><D72/><U15/><E107/><V47/><F47/><W114/><G32/><T50/><D61/><AGARI ba="2,1" hai="21,23,56,61,67" m="30794,39433,20521" machi="61" ten="30,2900,0" yaku="8,1,54,1" doraHai="45" who="2" fromWho="0" sc="344,-35,87,0,239,45,320,0" /><INIT seed="6,3,0,2,4,47" ten="309,87,284,320" oya="2" hai0="66,30,41,53,120,109,7,15,29,6,75,36,77" hai1="98,103,64,0,108,126,61,134,34,33,117,80,20" hai2="97,27,95,131,86,70,91,125,78,116,31,9,44" hai3="72,22,67,113,39,73,49,40,119,65,135,83,11"/><V107/><F116/><W37/><G119/><T100/><D120/><U8/><E117/><V94/><F70/><W74/><G135/><T132/><D109/><U68/><E108/><V122/><F107/><W127/><G127/><T71/><D132/><U111/><E111/><V25/><F122/><W23/><G83/><T87/><D100/><U32/><E134/><V5/><F125/><W104/><G104/><T21/><D75/><U1/><E20/><V121/><F121/><W88/><G88/><T110/><D41/><U115/><E115/><V123/><F123/><W45/><G113/><T105/><D66/><U55/><E80/><V99/><F131/><W58/><G11/><T81/><D36/><U16/><E126/><V130/><F130/><W14/><G23/><T46/><D71/><U19/><E55/><V57/><F44/><W2/><G2/><T102/><D102/><U118/><E118/><V17/><F31/><N who="0" m="11786" /><D105/><U59/><E68/><V89/><F57/><W90/><G90/><T60/><D110/><U42/><E42/><V114/><F114/><W28/><G28/><T56/><D46/><U106/><REACH who="1" step="1"/><E0/><REACH who="1" ten="309,77,284,320" step="2"/><V3/><F78/><W93/><G40/><T92/><D21/><U52/><E52/><V51/><F86/><W82/><G73/><T112/><D112/><U24/><E24/><V63/><F25/><W124/><G72/><T62/><D15/><U133/><E133/><V76/><F76/><W50/><G74/><T10/><D77/><U35/><N who="1" m="8704" /><DORA hai="96" /><U129/><E129/><V84/><F84/><W4/><G124/><T85/><D87/><RYUUKYOKU ba="3,1" sc="309,-10,77,30,284,-10,320,-10" hai1="1,8,16,19,59,61,64,98,103,106" /><INIT seed="7,4,1,4,5,114" ten="299,107,274,310" oya="3" hai0="1,81,83,79,32,101,63,102,106,36,29,31,75" hai1="90,59,131,80,111,128,126,33,28,127,61,14,115" hai2="85,17,130,12,34,86,120,20,116,112,25,121,62" hai3="88,82,107,99,44,35,6,23,135,104,46,100,84"/><W108/><G35/><T53/><D36/><U87/><E28/><N who="2" m="19727" /><F62/><W50/><G135/><T105/><D1/><U60/><E33/><V19/><F112/><W134/><G134/><T73/><D32/><U22/><E115/><V38/><F38/><W118/><G118/><T37/><D37/><U26/><E111/><V92/><F92/><W117/><G117/><T124/><D124/><U7/><E7/><V103/><F103/><W45/><G107/><T2/><D2/><U123/><E123/><N who="2" m="47179" /><F116/><W76/><G6/><T91/><D63/><U132/><E14/><N who="2" m="9271" /><F130/><W43/><G108/><T10/><D10/><AGARI ba="4,1" hai="10,12,19,85,86" m="9271,47179,19727" machi="10" ten="30,1000,0" yaku="13,1" doraHai="114" who="2" fromWho="0" sc="299,-22,107,0,274,32,310,0" owari="277,-12.0,107,-39.0,306,11.0,310,40.0" /></mjloggm>