<mjloggm ver="2.3"><GO type="97" lobby="0"/><UN n0="%E8%8D%BB%E7%94%9F%E4%BA%BA" n1="%E3%83%88%E3%83%88%E3%83%AA%E5%85%88%E7%94%9F%31%39%E6%AD%B3" n2="%E3%83%8F%E3%83%81%E3%83%96%E3%83%B3%E3%83%96%E3%83%B3" n3="%63%6F%61" dan="14,14,13,15" rate="1957.75,2045.21,1849.78,2009.81" sx="M,F,M,M"/><TAIKYOKU oya="0"/><INIT seed="0,0,0,1,4,64" ten="250,250,250,250" oya="0" hai0="113,132,22,50,100,8,120,12,5,114,97,134,119" hai1="32,122,62,68,59,123,43,126,75,46,13,128,86" hai2="1,19,118,23,90,48,26,11,71,6,83,135,67" hai3="41,89,4,99,57,81,47,49,96,102,7,3,115"/><T124/><D120/><U37/><E75/><V103/><F135/><N who="0" m="51754" /><D119/><U84/><E32/><V79/><F118/><W91/><G115/><T14/><D124/><U29/><E29/><V31/><F103/><W106/><G3/><T108/><D50/><U125/><E13/><V33/><F48/><W78/><G57/><T53/><D53/><U101/><E101/><V44/><F44/><W39/><G39/><T131/><D131/><U94/><E86/><V25/><F90/><W40/><G40/><T56/><D56/><U98/><E84/><V88/><F88/><W110/><G110/><T109/><D22/><U2/><E2/><V9/><F9/><W55/><G55/><T76/><D76/><U133/><E133/><V0/><F0/><W34/><G34/><T61/><D61/><U127/><E128/><V129/><F129/><W27/><G27/><T116/><D14/><U74/><E74/><V73/><REACH who="2" step="1"/><F67/><REACH who="2" ten="250,250,240,250" step="2"/><W42/><G42/><T54/><D116/><U70/><E98/><V66/><F66/><W117/><G117/><T130/><D130/><U58/><E94/><V72/><F72/><N who="3" m="43207" /><G99/><T52/><D97/><U111/><E123/><V92/><F92/><W87/><G91/><T60/><D100/><U104/><E122/><V15/><F15/><W24/><G24/><T38/><D38/><U36/><E36/><V45/><F45/><W20/><G89/><T16/><D108/><U85/><E111/><V93/><F93/><W107/><G107/><T65/><D109/><U80/><E37/><V28/><F28/><W82/><G82/><T63/><D65/><RYUUKYOKU ba="0,1" sc="250,-10,250,-10,240,30,250,-10" hai2="1,6,11,19,23,25,26,31,33,71,73,79,83" /><INIT seed="1,1,1,2,0,40" ten="240,240,270,240" oya="1" hai0="31,49,41,93,43,6,89,110,111,26,27,80,35" hai1="124,70,67,116,59,84,57,4,102,107,87,132,81" hai2="134,125,12,99,34,79,133,121,60,101,9,104,23" hai3="96,62,64,24,54,1,100,85,86,3,52,45,15"/><U115/><E115/><V48/><F121/><W68/><G15/><T13/><D80/><U117/><E132/><V32/><F125/><W18/><G18/><T122/><D27/><U82/><E124/><V65/><F23/><W103/><G24/><T129/><D129/><U90/><E4/><V77/><F48/><W44/><G96/><N who="0" m="57391" /><D49/><U10/><E10/><V91/><F91/><W76/><G76/><T128/><D128/><U106/><E70/><V120/><F120/><W92/><G92/><T30/><D30/><U51/><E67/><V109/><F109/><N who="0" m="41482" /><D122/><U58/><E51/><V42/><F42/><W130/><G130/><T94/><D94/><U28/><E28/><V114/><F114/><W123/><G123/><T127/><D127/><U72/><E72/><V5/><F79/><W61/><G64/><T16/><D6/><U95/><E95/><V112/><F77/><W105/><REACH who="3" step="1"/><G68/><REACH who="3" ten="240,240,270,230" step="2"/><T56/><D56/><U50/><E59/><V38/><F112/><W118/><G118/><T46/><D13/><U55/><E58/><N who="2" m="37015" /><F38/><W97/><G97/><T33/><D16/><U108/><E108/><V39/><F39/><W14/><G14/><T36/><D41/><U98/><E107/><AGARI ba="1,2" hai="1,3,44,45,52,54,61,62,85,86,100,103,105,107" machi="107" ten="25,12000,2" yaku="1,1,22,2,52,2,54,1,53,0" doraHai="40" doraHaiUra="47" who="3" fromWho="1" sc="240,0,240,-123,270,0,230,143" /><INIT seed="2,0,0,3,3,122" ten="240,117,270,373" oya="2" hai0="62,27,23,22,6,81,99,13,91,94,48,96,46" hai1="111,70,87,84,106,1,67,25,17,28,85,98,135" hai2="44,41,24,113,21,76,59,11,100,130,15,3,108" hai3="102,0,107,72,109,79,29,88,30,50,35,110,90"/><V83/><F113/><W124/><G0/><T86/><D62/><U58/><E1/><V93/><F130/><W134/><G134/><T20/><D99/><U43/><E135/><V117/><F117/><W14/><G124/><T68/><D68/><U123/><E123/><V19/><F3/><W118/><G118/><T18/><D6/><U7/><E7/><V10/><F59/><W61/><G61/><T39/><D39/><U80/><E17/><V121/><F121/><W69/><G69/><T42/><REACH who="0" step="1"/><D27/><REACH who="0" ten="230,117,270,373" step="2"/><U40/><E70/><V49/><F100/><AGARI ba="0,1" hai="13,18,20,22,23,42,46,48,81,86,91,94,96,100" machi="100" ten="30,7700,0" yaku="1,1,2,1,7,1,8,1,53,0" doraHai="122" doraHaiUra="4" who="0" fromWho="2" sc="230,87,117,0,270,-77,373,0" /><INIT seed="3,0,0,5,1,88" ten="317,117,193,373" oya="3" hai0="97,25,5,53,130,63,22,52,0,67,19,102,78" hai1="62,72,87,12,112,77,68,41,16,7,90,126,134" hai2="15,49,114,111,26,42,106,84,61,119,125,2,104" hai3="113,24,74,8,51,121,17,35,79,34,124,50,30"/><W69/><G69/><T43/><D43/><U85/><E112/><V101/><F119/><W129/><G113/><T81/><D130/><U45/><E134/><V58/><F114/><W103/><G121/><T108/><D108/><U132/><E132/><V31/><F2/><W11/><G129/><T60/><D60/><U107/><E107/><V92/><F111/><W135/><G135/><T3/><D3/><U118/><E118/><V94/><F125/><W91/><G35/><T93/><D5/><U131/><E126/><V10/><F104/><W39/><G39/><T33/><D33/><U13/><E131/><V80/><F106/><W116/><G103/><T99/><D99/><U59/><E68/><V122/><F122/><W56/><G116/><T37/><D37/><U83/><E12/><V75/><F75/><W29/><G29/><T57/><REACH who="0" step="1"/><D0/><REACH who="0" ten="307,117,193,373" step="2"/><U27/><E7/><V105/><F61/><W55/><G124/><T20/><D20/><U23/><E13/><V95/><F15/><W4/><G4/><T127/><D127/><U76/><E72/><AGARI ba="0,1" hai="19,22,25,52,53,57,63,67,72,78,81,93,97,102" machi="72" ten="30,8000,1" yaku="1,1,7,1,52,1,54,1,53,1" doraHai="88" doraHaiUra="54" who="0" fromWho="1" sc="307,90,117,-80,193,0,373,0" owari="397,50.0,37,-46.0,193,-21.0,373,17.0" /></mjloggm>