<mjloggm ver="2.3"><GO type="41" lobby="0"/><UN n0="%E5%B0%B1%E6%B4%BB%E7%94%9F%40%E5%B7%9D%E6%9D%91%E8%BB%8D%E5%9B%A3" n1="%E9%AE%AB%E5%B3%B6%E5%AE%8F%E6%98%8C%CE%B1" n2="%E6%9D%B1%E6%B5%B7%E4%B8%AD%E9%80%80" n3="%4A%61%6B%69%64%64" dan="16,14,14,14" rate="2158.77,1850.21,1975.11,1941.79" sx="M,M,M,M"/><TAIKYOKU oya="0"/><INIT seed="0,0,0,2,2,92" ten="250,250,250,250" oya="0" hai0="42,63,119,29,65,83,72,48,105,37,1,126,130" hai1="2,104,22,9,86,66,46,58,69,76,56,12,19" hai2="51,134,100,122,95,16,4,96,93,45,90,11,108" hai3="43,31,132,35,117,41,89,110,10,101,125,116,55"/><T74/><D119/><U131/><E104/><V85/><F122/><W121/><G101/><T128/><D1/><U71/><E131/><N who="0" m="50217" /><D105/><U133/><E133/><V84/><F134/><W98/><G35/><T91/><D126/><U75/><E75/><V36/><F36/><W123/><G31/><T18/><D29/><U78/><E46/><V81/><F108/><W79/><G110/><T80/><D37/><U5/><E66/><V23/><F4/><W112/><G10/><T3/><D3/><U129/><E129/><V28/><F28/><W57/><G57/><N who="0" m="37103" /><D18/><U6/><E5/><V17/><F11/><W0/><G0/><T120/><D120/><U106/><E106/><V33/><F33/><W61/><G132/><T39/><D39/><U62/><E58/><V88/><F23/><W21/><G21/><T111/><D111/><U30/><E30/><V87/><F87/><W97/><G61/><T99/><D80/><U103/><E103/><V32/><F32/><W26/><G26/><T27/><D27/><U115/><E115/><V113/><F113/><W73/><G112/><T52/><D42/><AGARI ba="0,0" hai="16,17,42,45,51,81,84,85,88,90,93,95,96,100" machi="42" ten="30,8000,1" yaku="7,1,8,1,52,1,54,2" doraHai="92" who="2" fromWho="0" sc="250,-80,250,0,250,80,250,0" /><INIT seed="1,0,0,1,1,79" ten="170,250,330,250" oya="1" hai0="133,6,109,27,97,81,94,20,125,71,46,0,103" hai1="95,105,116,132,122,120,35,106,42,23,24,1,26" hai2="111,11,96,127,72,36,100,88,17,98,38,47,4" hai3="113,73,39,29,9,49,25,3,93,65,85,55,61"/><U52/><E116/><V134/><F127/><W57/><G73/><T32/><D125/><U69/><E69/><V131/><F134/><W54/><G113/><T112/><D133/><U8/><E132/><V129/><F111/><W63/><G3/><T21/><D109/><U48/><E42/><V118/><F118/><W126/><G9/><T51/><D112/><U89/><E1/><V58/><F17/><W62/><G39/><T114/><D71/><U56/><E8/><V99/><F58/><W19/><G19/><T115/><D0/><U18/><E35/><V82/><F100/><W22/><G126/><T75/><D6/><U119/><E119/><V90/><F38/><W7/><G7/><T77/><D32/><U102/><E26/><V43/><F131/><W86/><G93/><T2/><D2/><U50/><E48/><V45/><F129/><W40/><G40/><T104/><D104/><U101/><E102/><V135/><F135/><W53/><G65/><T110/><D110/><U37/><E37/><V44/><F11/><W91/><G91/><T64/><D64/><U33/><E33/><V60/><F4/><W31/><G31/><T124/><D124/><U67/><E67/><V30/><F60/><W76/><G86/><T87/><D75/><U16/><E18/><V13/><F30/><W70/><G70/><T59/><D59/><U92/><E106/><V130/><F130/><W28/><G28/><N who="0" m="17511" /><D21/><U128/><E128/><V74/><F13/><W14/><G14/><T83/><D83/><AGARI ba="0,0" hai="22,25,29,49,53,54,55,57,61,62,63,76,83,85" machi="83" ten="40,2600,0" yaku="8,1,52,1" doraHai="79" who="3" fromWho="0" sc="170,-26,250,0,330,0,250,26" /><INIT seed="2,0,0,4,2,59" ten="144,250,330,276" oya="2" hai0="112,57,66,104,101,45,89,72,81,96,110,53,65" hai1="28,84,69,51,63,55,75,129,115,76,13,126,102" hai2="134,132,49,121,70,98,4,113,64,39,0,99,52" hai3="117,18,32,130,90,47,79,34,127,7,125,71,48"/><V83/><F121/><W12/><G71/><T24/><D110/><U44/><E115/><V29/><F113/><W42/><G117/><T11/><D112/><U97/><E129/><V68/><F39/><W20/><G130/><T46/><D66/><U111/><E111/><V2/><F29/><W43/><G79/><T116/><D116/><U73/><E126/><V106/><F83/><W6/><G43/><T133/><D65/><U78/><E28/><V31/><F31/><W103/><G103/><T37/><D37/><U135/><E135/><N who="2" m="51755" /><F70/><W107/><G107/><T118/><D118/><U93/><E13/><V62/><F106/><W35/><REACH who="3" step="1"/><G90/><REACH who="3" ten="144,250,330,266" step="2"/><T30/><D133/><U91/><E76/><V61/><F2/><W9/><G9/><T58/><D89/><U14/><E78/><V26/><F0/><W22/><G22/><T100/><D11/><U10/><E75/><V41/><F41/><W16/><G16/><T1/><D100/><U38/><E73/><V95/><F4/><AGARI ba="0,1" hai="4,6,7,12,18,20,32,34,35,42,47,48,125,127" machi="4" ten="50,1600,0" yaku="1,1,53,0" doraHai="59" doraHaiUra="85" who="3" fromWho="2" sc="144,0,250,0,330,-16,266,26" /><INIT seed="3,0,0,5,5,91" ten="144,250,314,292" oya="3" hai0="112,72,34,124,93,76,41,27,37,19,89,47,117" hai1="24,30,31,105,48,99,46,97,79,88,68,118,53" hai2="18,57,64,0,67,29,4,14,106,20,114,120,87" hai3="49,71,102,101,55,7,44,40,122,50,52,111,69"/><W8/><G122/><T133/><D117/><U92/><E68/><V2/><F114/><W51/><G101/><T132/><D112/><U43/><E118/><V81/><F106/><W109/><G102/><T15/><D124/><U121/><E121/><V5/><F120/><W32/><G32/><T108/><D108/><N who="3" m="41545" /><G8/><T10/><D76/><U103/><E79/><V45/><F29/><W56/><G7/><T86/><D72/><U130/><E130/><V116/><F116/><W33/><G33/><T61/><D61/><U66/><E66/><V17/><F45/><AGARI ba="0,0" hai="40,44,45,49,50,51,52,55,56,69,71" m="41545" machi="45" ten="30,12000,1" yaku="14,1,10,1,34,2,54,1" doraHai="91" who="3" fromWho="2" sc="144,0,250,0,314,-120,292,120" /><INIT seed="3,1,0,2,5,115" ten="144,250,194,412" oya="3" hai0="131,97,114,42,99,95,100,133,81,77,52,41,53" hai1="123,65,82,34,20,59,106,128,83,66,14,96,132" hai2="73,58,113,135,84,46,25,130,69,102,78,0,88" hai3="13,43,8,60,16,18,35,70,30,110,63,67,33"/><W87/><G110/><T64/><D114/><U45/><E34/><V71/><F113/><W17/><G43/><T111/><D111/><U105/><E123/><V75/><F135/><W91/><G63/><T103/><D133/><U7/><E132/><V19/><F130/><W24/><REACH who="3" step="1"/><G35/><REACH who="3" ten="144,250,194,402" step="2"/><T119/><D119/><U134/><E134/><V55/><F75/><W89/><G89/><T112/><D131/><U117/><E117/><V36/><F73/><W49/><G49/><T126/><D112/><U86/><E128/><V120/><F120/><W79/><G79/><T61/><D77/><U107/><E66/><V2/><F78/><W23/><G23/><T1/><D42/><U68/><E68/><V40/><F71/><W56/><G56/><T39/><D41/><U22/><E45/><V31/><F69/><W62/><G62/><T57/><D61/><U109/><E109/><V9/><F102/><W27/><G27/><T118/><D57/><U101/><E59/><V28/><F9/><W93/><AGARI ba="1,1" hai="8,13,16,17,18,24,30,33,60,67,70,87,91,93" machi="93" ten="20,7800,0" yaku="1,1,0,1,7,1,54,1,53,0" doraHai="115" doraHaiUra="51" who="3" fromWho="3" sc="144,-27,250,-27,194,-27,402,91" /><INIT seed="3,2,0,0,4,35" ten="117,223,167,493" oya="3" hai0="123,120,37,95,53,29,75,84,77,107,56,65,40" hai1="38,19,31,26,80,112,46,14,47,135,82,17,113" hai2="110,1,18,116,129,133,132,51,2,54,70,39,128" hai3="68,90,13,91,87,9,97,60,73,30,6,92,62"/><W106/><G73/><T94/><D107/><U34/><E135/><N who="2" m="51787" /><F116/><W76/><G76/><T41/><D75/><U52/><E17/><V42/><F70/><W8/><G68/><T122/><D65/><U64/><E64/><V11/><F110/><W4/><G30/><T74/><D74/><U114/><E38/><V125/><F42/><W24/><G24/><T126/><D126/><U20/><REACH who="1" step="1"/><E52/><REACH who="1" ten="117,213,167,493" step="2"/><V96/><F39/><W15/><REACH who="3" step="1"/><G106/><REACH who="3" ten="117,213,167,483" step="2"/><T134/><D134/><U121/><E121/><V45/><F125/><W117/><G117/><T111/><D123/><U109/><E109/><V78/><F78/><W33/><G33/><T27/><D111/><U104/><E104/><V12/><F96/><W66/><G66/><T28/><D77/><U100/><E100/><V88/><F88/><W43/><G43/><T130/><D120/><U108/><E108/><V101/><F101/><W48/><G48/><T16/><D122/><U105/><E105/><V0/><AGARI ba="2,2" hai="0,1,2,11,12,18,45,51,54,128,129" m="51787" machi="0" ten="40,8000,1" yaku="20,1,52,3" doraHai="35" who="2" fromWho="2" sc="117,-22,213,-22,167,106,483,-42" /><INIT seed="4,0,0,1,3,105" ten="95,191,273,441" oya="0" hai0="46,23,26,76,4,79,66,34,104,29,33,48,22" hai1="12,30,20,57,40,25,42,19,119,118,45,101,32" hai2="43,123,53,90,92,58,134,35,89,0,47,28,122" hai3="98,83,27,124,17,126,100,36,82,84,41,3,95"/><T65/><D104/><U39/><E101/><V127/><F134/><W15/><G3/><T109/><D109/><U108/><E108/><V93/><F0/><W70/><G70/><T135/><D135/><U75/><E75/><V106/><F106/><W88/><G36/><T5/><D29/><U77/><E77/><N who="0" m="29769" /><D26/><U11/><E57/><V10/><F127/><N who="3" m="48683" /><G41/><T16/><D48/><U114/><E114/><V37/><F10/><N who="3" m="6391" /><G27/><T18/><D46/><U99/><E99/><V61/><F28/><W113/><G113/><T117/><D117/><U68/><E68/><V8/><F8/><W107/><AGARI ba="0,0" hai="82,83,84,88,95,98,100,107" m="6391,48683" machi="107" ten="30,2000,0" yaku="18,1,54,1" doraHai="105" who="3" fromWho="3" sc="95,-10,191,-5,273,-5,441,20" /><INIT seed="5,0,0,2,1,93" ten="85,186,268,461" oya="1" hai0="17,132,45,104,0,9,37,65,27,66,92,83,48" hai1="24,112,108,31,36,26,30,58,125,110,32,5,51" hai2="56,96,6,76,1,133,101,75,20,70,111,122,71" hai3="123,46,44,14,55,53,29,59,64,134,72,28,107"/><U69/><E36/><V105/><F122/><W118/><G107/><T22/><D104/><U94/><E69/><V78/><F111/><W84/><G72/><T38/><D38/><U86/><E112/><V129/><F129/><W79/><G64/><T57/><D37/><U81/><E125/><V35/><F20/><W82/><G134/><T114/><D114/><U21/><E5/><V115/><F115/><W10/><G123/><T99/><D132/><U124/><E124/><V62/><F133/><W13/><G13/><T15/><D0/><U43/><E94/><V3/><F78/><W33/><G33/><T98/><D83/><U23/><E32/><V135/><F135/><W102/><G102/><T60/><D92/><U87/><E81/><N who="2" m="45215" /><F56/><W68/><G68/><N who="2" m="26153" /><F62/><W95/><G118/><T2/><D2/><N who="2" m="522" /><F6/><W109/><G109/><T100/><D100/><U113/><E113/><V121/><F121/><W88/><G55/><T52/><REACH who="0" step="1"/><D66/><REACH who="0" ten="75,186,268,461" step="2"/><U85/><REACH who="1" step="1"/><E58/><REACH who="1" ten="75,176,268,461" step="2"/><V40/><F35/><W18/><G59/><T103/><D103/><U63/><E63/><V12/><F40/><W117/><G117/><T19/><AGARI ba="0,2" hai="9,15,17,19,22,27,45,48,52,57,60,65,98,99" machi="19" ten="20,16000,3" yaku="1,1,0,1,7,1,8,1,52,2,54,1,53,1" doraHai="93" doraHaiUra="16" who="0" fromWho="0" sc="75,180,176,-80,268,-40,461,-40" /><INIT seed="6,0,0,1,2,13" ten="255,96,228,421" oya="2" hai0="29,11,63,57,23,86,69,39,30,77,119,124,80" hai1="22,76,51,120,2,134,117,96,3,53,25,55,123" hai2="34,6,62,102,67,105,54,12,128,26,59,40,81" hai3="133,95,43,122,15,91,125,21,127,114,99,74,66"/><V103/><F128/><W27/><G74/><T33/><D33/><U110/><E117/><V106/><F40/><W45/><G122/><T64/><D39/><U72/><E110/><V129/><F129/><W100/><G66/><T101/><D119/><U50/><E134/><V70/><F103/><W5/><G133/><T47/><D124/><U135/><E135/><V116/><F116/><W97/><G114/><T41/><D69/><U18/><E96/><V35/><F81/><W85/><G15/><T16/><D11/><U130/><E130/><V131/><F131/><W10/><G10/><T65/><D65/><U83/><E120/><V1/><F1/><W46/><G5/><T9/><D9/><U113/><E113/><V19/><F6/><W87/><G99/><T90/><D101/><U32/><E123/><V24/><F24/><W56/><G87/><T115/><D77/><U121/><E121/><V104/><F26/><W61/><G43/><T93/><D80/><U60/><E60/><V68/><F102/><W48/><G48/><N who="0" m="26735" /><D115/><U118/><E118/><V82/><F82/><W111/><G111/><T58/><D58/><U38/><E38/><V112/><F112/><W31/><G56/><T8/><D8/><U98/><E98/><V88/><F88/><W36/><G36/><T0/><D0/><U79/><E32/><N who="2" m="12331" /><F67/><W14/><G14/><AGARI ba="0,0" hai="14,16,23,29,30,57,63,64,86,90,93" m="26735" machi="14" ten="30,3900,0" yaku="8,1,52,1,54,1" doraHai="13" who="0" fromWho="3" sc="255,39,96,0,228,0,421,-39" /><INIT seed="7,0,0,5,3,18" ten="294,96,228,382" oya="3" hai0="128,87,65,73,30,16,49,93,94,135,99,78,45" hai1="82,98,131,66,97,92,27,132,36,51,26,10,56" hai2="48,134,42,50,47,37,70,68,102,108,60,113,81" hai3="96,57,111,11,120,77,75,105,17,15,80,124,61"/><W83/><G124/><T67/><D73/><U14/><E131/><V86/><F108/><W43/><G120/><T115/><D30/><U5/><E132/><V33/><F33/><W129/><G129/><T29/><D29/><U114/><E36/><V88/><F134/><W40/><G83/><N who="0" m="47607" /><D135/><U52/><E114/><V112/><F102/><W69/><G69/><T4/><D4/><U103/><E82/><V38/><F38/><W39/><G39/><T19/><D128/><U122/><E122/><V110/><F110/><W63/><G105/><T32/><D32/><U116/><E116/><V64/><REACH who="2" step="1"/><F70/><REACH who="2" ten="294,96,218,382" step="2"/><W9/><G111/><T20/><D115/><AGARI ba="0,1" hai="37,42,47,48,50,60,64,68,81,86,88,112,113,115" machi="115" ten="40,8000,1" yaku="1,1,2,1,15,1,54,1,53,0" doraHai="18" doraHaiUra="53" who="2" fromWho="0" sc="294,-80,96,0,218,90,382,0" owari="214,-19.0,96,-40.0,308,11.0,382,48.0" /></mjloggm>