<mjloggm ver="2.3"><GO type="97" lobby="0"/><UN n0="%E7%8E%84%E5%92%B2%E3%81%84%E3%81%A1%E3%81%94" n1="%E5%B0%B1%E6%B4%BB%E7%94%9F%40%E5%B7%9D%E6%9D%91%E8%BB%8D%E5%9B%A3" n2="%68%61%7A%65%6E%6F%6B%6F" n3="%51%40%2E%40" dan="14,14,14,14" rate="1959.28,1965.02,1829.45,1924.67" sx="F,M,M,M"/><TAIKYOKU oya="0"/><INIT seed="0,0,0,4,0,23" ten="250,250,250,250" oya="0" hai0="89,53,67,1,63,46,10,125,98,44,94,115,116" hai1="95,60,41,101,11,16,118,80,64,56,40,77,74" hai2="132,28,81,122,7,58,78,25,17,5,36,93,102" hai3="33,13,62,83,70,127,117,55,6,27,105,54,43"/><T134/><D115/><U114/><E118/><V108/><F122/><W111/><G117/><T90/><D116/><U71/><E114/><V51/><F36/><W22/><G111/><T30/><D125/><U84/><E71/><V50/><F108/><W128/><G105/><T31/><D134/><U72/><E72/><V119/><F132/><W91/><G127/><T39/><D89/><U104/><E104/><V121/><F17/><W61/><G70/><T112/><D112/><U107/><E107/><V8/><F121/><W24/><G33/><T4/><D53/><N who="3" m="19977" /><G43/><T73/><D73/><U75/><E75/><V76/><F58/><W79/><G79/><T38/><D46/><U37/><E37/><V129/><F129/><W92/><G128/><T68/><REACH who="0" step="1"/><D39/><REACH who="0" ten="240,250,250,250" step="2"/><U12/><E74/><V9/><F119/><W131/><G131/><T19/><D19/><U14/><E41/><AGARI ba="0,1" hai="1,4,10,30,31,38,41,44,63,67,68,90,94,98" machi="41" ten="40,2000,0" yaku="1,1,53,0" doraHai="23" doraHaiUra="135" who="0" fromWho="1" sc="240,30,250,-20,250,0,250,0" /><INIT seed="0,1,0,4,1,60" ten="270,230,250,250" oya="0" hai0="134,87,65,41,74,50,3,37,47,39,9,109,36" hai1="116,105,64,88,70,84,125,54,68,104,71,53,32" hai2="131,108,59,7,28,99,46,26,22,0,35,49,118" hai3="111,122,72,100,61,43,124,51,52,113,23,8,77"/><T130/><D74/><U2/><E32/><V67/><F108/><W12/><G113/><T79/><D109/><U128/><E2/><V75/><F131/><W58/><G111/><T44/><D130/><U5/><E116/><V119/><F75/><W133/><G124/><T110/><D110/><U14/><E128/><V73/><F73/><W34/><G34/><T132/><D65/><U90/><E125/><V112/><F112/><W120/><G133/><N who="0" m="51307" /><D87/><U80/><E90/><V78/><F78/><W123/><G72/><T24/><D79/><U92/><E92/><V20/><F99/><W129/><G129/><T29/><D3/><U48/><E64/><V114/><F114/><W31/><G77/><T82/><D9/><U45/><REACH who="1" step="1"/><E53/><REACH who="1" ten="270,220,250,250" step="2"/><V86/><F119/><W94/><G94/><T13/><D82/><U19/><E19/><V97/><F118/><W127/><G127/><T42/><D13/><U98/><E98/><V135/><F135/><W91/><G91/><T25/><D25/><U76/><E76/><V106/><F0/><W96/><G96/><T11/><D11/><AGARI ba="1,1" hai="5,11,14,45,48,54,68,70,71,80,84,88,104,105" machi="11" ten="40,8000,1" yaku="1,1,54,1,53,3" doraHai="60" doraHaiUra="66" who="1" fromWho="0" sc="270,-83,220,93,250,0,250,0" /><INIT seed="1,0,0,4,2,131" ten="187,313,250,250" oya="1" hai0="35,25,46,66,105,55,98,5,107,121,32,26,86" hai1="125,2,33,69,43,56,114,52,64,102,108,48,45" hai2="112,130,104,91,79,117,74,123,63,87,81,38,3" hai3="39,65,53,16,20,23,31,128,84,118,103,0,62"/><U94/><E33/><V109/><RYUUKYOKU type="yao9" ba="0,0" sc="187,0,313,0,250,0,250,0" hai2="3,38,63,74,79,81,87,91,104,109,112,117,123,130" /><INIT seed="1,1,0,2,2,113" ten="187,313,250,250" oya="1" hai0="14,46,16,13,38,6,125,28,83,132,87,81,133" hai1="48,29,127,58,60,10,57,41,32,118,51,65,12" hai2="107,104,86,20,131,94,55,114,40,44,117,64,123" hai3="93,102,18,108,115,76,1,43,129,90,5,112,36"/><U116/><E127/><V67/><F123/><W135/><G108/><T124/><D38/><U74/><E74/><V68/><F131/><W21/><G102/><T98/><D46/><U71/><E29/><V47/><F114/><W0/><G129/><T30/><D98/><U39/><E32/><V106/><F117/><N who="1" m="45161" /><E12/><V99/><F86/><W103/><G103/><T66/><D87/><U110/><E10/><V122/><F122/><W100/><G135/><N who="0" m="51787" /><D66/><U25/><E25/><V89/><F55/><W120/><G100/><T88/><D88/><U126/><E126/><N who="0" m="48745" /><D83/><U61/><E110/><V37/><F68/><W11/><G120/><T35/><D81/><U19/><E19/><V22/><F47/><W52/><G1/><T70/><D70/><U130/><E130/><V49/><F37/><W2/><G2/><T75/><D75/><U84/><E84/><V56/><F67/><W96/><G76/><T119/><D119/><U23/><E23/><V78/><F78/><W73/><G73/><T95/><D95/><U134/><E134/><V3/><F3/><W53/><G36/><T97/><D97/><U50/><E61/><V7/><F7/><W105/><G105/><T15/><D6/><U34/><E34/><V69/><F107/><W101/><G43/><T128/><D128/><U45/><AGARI ba="1,0" hai="39,41,45,48,50,51,57,58,60,65,71" m="45161" machi="45" ten="40,12000,1" yaku="34,2,52,3" doraHai="113" who="1" fromWho="1" sc="187,-41,313,123,250,-41,250,-41" /><INIT seed="1,2,0,5,4,13" ten="146,436,209,209" oya="1" hai0="55,7,53,46,67,45,115,50,18,94,51,66,22" hai1="110,44,77,98,70,128,30,56,91,76,39,6,132" hai2="26,126,61,108,97,68,60,123,79,90,101,49,31" hai3="99,43,4,116,135,119,117,85,82,125,38,21,122"/><U54/><E70/><V40/><F123/><W78/><G43/><T34/><D34/><U41/><E128/><V3/><F108/><W33/><G33/><T28/><D115/><U121/><E121/><V62/><F126/><W113/><G38/><T69/><D28/><U57/><E110/><V114/><F3/><W63/><G122/><T111/><D111/><U47/><E132/><V8/><F90/><W71/><G71/><T20/><D69/><U80/><E30/><V100/><F79/><W131/><G63/><T87/><D7/><U129/><E129/><V109/><F109/><W133/><G131/><T17/><D94/><U81/><E6/><V83/><F83/><W130/><G130/><T124/><D87/><U15/><E15/><V19/><F114/><W48/><G48/><T65/><D65/><U12/><E12/><N who="2" m="7559" /><F97/><W32/><G32/><T134/><D134/><N who="3" m="51209" /><G21/><T37/><D37/><U64/><E64/><V93/><F93/><W86/><G4/><T74/><D74/><U52/><E39/><V27/><F68/><W58/><G58/><T102/><REACH who="0" step="1"/><D124/><REACH who="0" ten="136,436,209,209" step="2"/><U75/><E75/><V95/><F95/><W10/><G125/><T72/><D72/><U25/><E98/><V120/><F120/><W23/><G113/><T29/><D29/><U1/><E1/><V59/><F59/><W88/><G99/><T107/><D107/><U0/><E0/><V96/><F31/><W89/><G78/><T103/><AGARI ba="2,1" hai="17,18,20,22,45,46,50,51,53,55,66,67,102,103" machi="103" ten="25,12000,2" yaku="1,1,0,1,22,2,8,1,52,2,53,0" doraHai="13" doraHaiUra="112" who="0" fromWho="0" sc="136,136,436,-62,209,-32,209,-32" /><INIT seed="2,0,0,1,2,104" ten="272,374,177,177" oya="2" hai0="98,30,70,72,24,12,105,37,133,52,123,7,15" hai1="73,106,28,112,115,82,14,8,119,64,74,63,111" hai2="2,75,92,45,135,117,51,13,134,116,87,42,46" hai3="121,25,17,93,103,76,95,81,6,43,102,60,58"/><V99/><F2/><W4/><G121/><T88/><D123/><U97/><E119/><V122/><F122/><W127/><G127/><T3/><D37/><U19/><E111/><V61/><F87/><N who="3" m="48551" /><G43/><T66/><D72/><U107/><E28/><V53/><F13/><W36/><G36/><T90/><D52/><U34/><E34/><V118/><F75/><W109/><G109/><T31/><D133/><N who="2" m="50698" /><F92/><N who="3" m="35403" /><G17/><T57/><D57/><U54/><E74/><V128/><F99/><W69/><G69/><T16/><D3/><U0/><E0/><V47/><F128/><W77/><G77/><T41/><D41/><U113/><E73/><V38/><F61/><W27/><G27/><T126/><D126/><U23/><E97/><V32/><F32/><W59/><G25/><T9/><D66/><U83/><E107/><V10/><F10/><W55/><G59/><AGARI ba="0,0" hai="38,42,45,46,47,51,53,59,116,117,118" m="50698" machi="59" ten="40,7700,0" yaku="20,1,34,2" doraHai="104" who="2" fromWho="3" sc="272,0,374,0,177,77,177,-77" /><INIT seed="2,1,0,2,4,99" ten="272,374,254,100" oya="2" hai0="125,62,97,133,37,94,112,32,59,126,103,66,95" hai1="30,91,123,28,47,82,41,40,36,50,105,70,38" hai2="71,45,8,132,109,122,13,3,127,131,17,56,92" hai3="120,26,23,22,44,58,124,100,52,81,15,35,1"/><V135/><F71/><W106/><G120/><T130/><D112/><U67/><E105/><V25/><F122/><W113/><G1/><T27/><D37/><U2/><E2/><V60/><F127/><N who="0" m="48650" /><D133/><N who="2" m="51274" /><F131/><W78/><G124/><T98/><D130/><U128/><E123/><V115/><F115/><W6/><G113/><T110/><D110/><U129/><E70/><V96/><F45/><W19/><G44/><T93/><D97/><U107/><E107/><V33/><F3/><W74/><G35/><T84/><D84/><U90/><E67/><V5/><F109/><W16/><G6/><T42/><D42/><U80/><E47/><V4/><F33/><W29/><G106/><T49/><D49/><AGARI ba="1,0" hai="28,30,36,38,40,41,49,50,80,82,90,91,128,129" machi="49" ten="25,1600,0" yaku="22,2" doraHai="99" who="1" fromWho="0" sc="272,-19,374,19,254,0,100,0" /><INIT seed="3,0,0,3,5,110" ten="253,393,254,100" oya="3" hai0="109,120,24,23,56,12,112,5,88,47,63,129,85" hai1="118,45,89,19,116,81,65,61,18,17,33,8,74" hai2="35,29,84,53,46,98,125,100,92,7,21,0,44" hai3="105,103,6,126,115,78,72,66,27,104,15,13,91"/><W106/><G126/><T69/><D120/><U22/><E33/><V127/><F35/><W111/><G66/><T75/><D129/><U68/><E45/><V70/><F70/><W121/><G27/><T1/><D109/><U40/><E40/><V132/><F132/><W97/><G111/><T51/><D75/><U59/><E68/><V64/><F64/><W123/><G6/><T3/><D69/><U76/><E89/><V50/><F44/><W71/><G71/><T90/><D112/><U119/><E8/><V122/><F122/><N who="3" m="46603" /><G15/><AGARI ba="0,0" hai="15,17,18,19,22,59,61,65,74,76,81,116,118,119" machi="15" ten="40,1300,0" yaku="12,1" doraHai="110" who="1" fromWho="3" sc="253,0,393,13,254,0,100,-13" owari="253,-15.0,406,51.0,254,5.0,87,-41.0" /></mjloggm>