<mjloggm ver="2.3"><GO type="97" lobby="0"/><UN n0="%E7%B4%94%E6%83%85%E6%B7%AB%E4%B9%B1%E5%A6%96%E5%A5%B3" n1="%68%69%65%6C%6F%77" n2="%6E%65%6B%75%74%61%69" n3="%E5%B0%B1%E6%B4%BB%E7%94%9F%40%E5%B7%9D%E6%9D%91%E8%BB%8D%E5%9B%A3" dan="14,14,15,15" rate="1985.80,2094.51,1996.51,2016.26" sx="F,M,M,M"/><TAIKYOKU oya="0"/><INIT seed="0,0,0,1,5,12" ten="250,250,250,250" oya="0" hai0="65,77,112,114,68,88,25,67,81,117,29,102,105" hai1="73,30,41,118,56,45,116,120,69,132,4,53,115" hai2="103,76,72,109,79,59,31,52,87,27,3,1,128" hai3="135,83,74,21,104,134,39,46,17,34,60,32,125"/><T80/><D117/><U61/><E73/><V101/><F72/><W71/><G104/><T82/><D77/><U129/><E4/><V10/><F128/><W130/><G130/><T113/><D68/><U96/><E129/><V131/><F109/><W58/><G71/><T33/><REACH who="0" step="1"/><D88/><REACH who="0" ten="240,250,250,250" step="2"/><U23/><E69/><V123/><F79/><W19/><G74/><T108/><D108/><U5/><E118/><V8/><F76/><W64/><G83/><T42/><D42/><U36/><E116/><V84/><F131/><W2/><G125/><T7/><D7/><U122/><E5/><V91/><F91/><W44/><G39/><T28/><D28/><U110/><E110/><V22/><F31/><W18/><G2/><T106/><D106/><U24/><E115/><V38/><F38/><W51/><G21/><T37/><D37/><U40/><E41/><V26/><F22/><W63/><G34/><T99/><AGARI ba="0,1" hai="25,29,33,65,67,80,81,82,99,102,105,112,113,114" machi="99" ten="40,3900,0" yaku="1,1,0,1,53,0" doraHai="12" doraHaiUra="55" who="0" fromWho="0" sc="240,49,250,-13,250,-13,250,-13" /><INIT seed="0,1,0,0,3,39" ten="289,237,237,237" oya="0" hai0="6,87,117,38,132,24,63,4,107,70,72,114,36" hai1="31,135,103,102,79,8,40,44,64,52,33,60,5" hai2="78,49,133,77,115,94,66,57,84,22,30,56,25" hai3="12,126,28,85,59,75,118,67,129,18,104,54,111"/><T100/><D117/><U2/><E135/><V53/><F115/><W47/><G75/><T99/><D72/><U7/><E7/><V16/><F133/><W15/><G104/><T88/><D132/><U112/><E79/><V37/><F37/><W51/><G111/><T73/><D73/><U20/><E33/><V97/><F84/><W101/><G126/><T46/><D24/><U19/><E31/><V26/><F66/><W90/><G129/><T92/><D114/><U93/><E93/><V74/><F74/><W123/><G123/><T83/><D107/><U58/><E64/><V62/><F56/><W98/><G28/><T50/><D70/><U110/><E110/><V80/><F80/><W86/><G15/><T82/><D63/><U29/><E29/><V61/><F77/><W42/><G90/><T69/><D69/><U119/><E119/><V127/><F78/><W27/><G67/><T68/><D68/><U124/><E124/><V89/><REACH who="2" step="1"/><F127/><REACH who="2" ten="289,237,227,237" step="2"/><W128/><G128/><T14/><D82/><U10/><E112/><V0/><F0/><W105/><G118/><T71/><D71/><U81/><E81/><V120/><F120/><W76/><G76/><T45/><D36/><U32/><E32/><AGARI ba="1,1" hai="16,22,25,26,30,32,49,53,57,61,62,89,94,97" machi="32" ten="30,7700,0" yaku="1,1,7,1,54,1,53,1" doraHai="39" doraHaiUra="55" who="2" fromWho="1" sc="289,0,237,-80,227,90,237,0" /><INIT seed="1,0,0,2,5,118" ten="289,157,317,237" oya="1" hai0="76,110,122,34,108,66,38,36,56,71,70,41,26" hai1="35,11,85,53,93,43,92,89,97,98,21,119,27" hai2="32,74,105,130,96,79,132,5,67,57,47,114,7" hai3="94,106,8,133,107,120,6,63,14,134,44,42,65"/><U102/><E119/><V61/><F132/><N who="3" m="50795" /><G94/><T49/><D76/><U69/><E35/><V59/><F130/><W48/><G120/><T78/><D78/><U19/><E69/><AGARI ba="0,0" hai="6,8,14,42,44,48,63,65,69,106,107" m="50795" machi="69" ten="30,1000,0" yaku="20,1" doraHai="118" who="3" fromWho="1" sc="289,0,157,-10,317,0,237,10" /><INIT seed="2,0,0,0,0,121" ten="289,147,317,247" oya="2" hai0="15,41,101,29,85,68,63,128,119,125,84,127,16" hai1="11,23,100,71,13,79,50,4,7,92,88,75,70" hai2="54,102,110,77,116,107,2,131,57,5,59,10,61" hai3="20,124,99,55,56,37,48,60,25,14,122,44,69"/><V46/><F116/><W9/><G124/><N who="0" m="47691" /><D119/><U87/><E4/><V104/><F131/><W45/><G122/><T89/><D29/><U74/><E100/><V12/><F46/><W114/><G114/><T80/><D128/><U132/><E132/><V47/><F47/><W118/><G118/><T97/><D41/><U43/><E43/><V49/><F102/><W90/><G37/><T33/><D84/><U53/><E23/><V130/><F2/><W135/><G69/><T115/><D115/><U96/><E75/><V30/><F30/><W78/><G78/><T108/><D108/><U134/><E134/><V83/><F110/><W123/><G123/><T27/><D27/><U66/><E66/><V81/><F130/><W8/><G135/><T112/><D112/><U98/><E74/><V40/><F40/><W31/><G48/><T113/><D113/><U65/><E65/><V91/><F77/><W120/><G9/><N who="0" m="6255" /><D33/><U22/><E22/><V21/><F21/><W1/><G1/><T35/><D35/><U106/><E98/><V86/><F83/><W34/><G34/><T95/><D68/><U93/><E106/><V42/><F42/><W73/><G73/><T94/><D63/><U105/><E105/><V133/><F133/><W26/><G26/><T64/><D64/><AGARI ba="0,0" hai="5,10,12,49,54,57,59,61,64,81,86,91,104,107" machi="64" ten="30,1500,0" yaku="7,1" doraHai="121" who="2" fromWho="0" sc="289,-15,147,0,317,15,247,0" /><INIT seed="2,1,0,3,3,101" ten="274,147,332,247" oya="2" hai0="43,34,26,100,97,53,3,48,117,52,51,108,54" hai1="5,81,41,37,118,9,70,50,110,14,71,19,102" hai2="60,83,113,114,119,115,78,76,27,74,22,89,21" hai3="91,131,128,6,20,31,112,8,104,13,92,116,106"/><V80/><F119/><W17/><G116/><T132/><D3/><U122/><E118/><V123/><F123/><W23/><G31/><T109/><D117/><U75/><E122/><V135/><F135/><W4/><G112/><T82/><D132/><U10/><E110/><N who="0" m="42601" /><D82/><U86/><E102/><V39/><F39/><W57/><G57/><T12/><D43/><U66/><E66/><V90/><F60/><W99/><G20/><T36/><D36/><U44/><E50/><V35/><F21/><W98/><G98/><T15/><D34/><U107/><E107/><N who="3" m="41002" /><G23/><T69/><D69/><U38/><E38/><V79/><F35/><W133/><G133/><T56/><D26/><U0/><REACH who="1" step="1"/><E86/><REACH who="1" ten="274,137,332,247" step="2"/><V30/><F114/><W16/><G6/><T55/><D51/><U33/><E33/><V126/><F113/><W45/><G45/><T24/><D24/><U125/><E125/><V134/><F126/><W58/><G58/><T85/><D85/><U7/><E7/><V105/><F27/><W32/><G32/><T61/><D48/><U28/><E28/><V87/><F30/><W40/><G40/><T1/><D1/><U59/><E59/><V46/><F134/><W94/><G4/><T95/><AGARI ba="1,1" hai="12,15,52,53,54,55,56,61,95,97,100" m="42601" machi="95" ten="30,2000,0" yaku="14,1,54,1" doraHai="101" who="0" fromWho="0" sc="274,33,137,-6,332,-11,247,-6" /><INIT seed="3,0,0,0,5,91" ten="307,131,321,241" oya="3" hai0="100,112,39,68,46,37,120,10,93,81,20,108,1" hai1="109,49,102,55,42,73,134,126,87,19,72,80,15" hai2="74,2,52,23,16,54,88,45,12,40,29,25,84" hai3="36,121,66,63,90,104,95,3,26,128,50,78,56"/><W34/><G104/><T110/><D120/><U86/><E109/><N who="0" m="42089" /><D68/><U30/><E126/><V127/><F74/><W77/><G36/><T113/><D81/><U107/><E134/><V62/><F2/><W115/><G3/><T57/><D57/><U76/><E30/><V75/><F75/><W132/><G115/><N who="0" m="44107" /><D46/><U51/><E73/><V44/><F127/><W117/><G132/><T59/><D59/><U119/><E119/><V130/><F130/><W24/><G117/><T38/><D20/><U27/><E27/><N who="3" m="10282" /><G34/><T4/><D93/><U9/><E72/><V118/><F118/><W35/><G35/><T28/><D100/><U123/><E123/><V67/><F67/><W97/><G128/><T85/><D85/><U18/><E87/><V17/><F29/><AGARI ba="0,0" hai="1,4,10,28,29,37,38,39" m="44107,42089" machi="29" ten="40,2600,0" yaku="14,1,11,1" doraHai="91" who="0" fromWho="2" sc="307,26,131,0,321,-26,241,0" owari="333,43.0,131,-37.0,295,10.0,241,-16.0" /></mjloggm>