<mjloggm ver="2.3"><GO type="169" lobby="0"/><UN n0="%E3%82%A6%E3%83%AB%E3%83%88%E3%83%A9%E7%AB%8B%E7%9B%B4" n1="%55%4E%4B%4F%63%68%61%6E" n2="%E2%91%A3%E3%82%BB%E3%83%B3%E3%83%81" n3="%E4%B8%80%E9%96%83%E3%81%95%E3%82%93" dan="17,16,18,17" rate="2143.16,2126.09,2175.10,2124.79" sx="M,M,M,M"/><TAIKYOKU oya="0"/><INIT seed="0,0,0,5,4,131" ten="250,250,250,250" oya="0" hai0="90,113,2,70,26,123,27,56,106,32,122,39,24" hai1="66,88,133,53,71,57,31,108,135,83,65,97,6" hai2="132,40,60,12,102,25,69,129,50,105,80,94,61" hai3="20,128,111,42,23,74,121,3,17,21,13,134,101"/><T28/><D70/><U117/><E117/><V5/><F105/><W7/><G74/><T41/><D106/><U109/><E31/><V82/><F25/><W118/><G42/><T126/><D113/><U54/><E6/><V87/><F82/><W59/><G101/><T103/><D103/><U85/><E97/><V44/><F129/><W130/><G59/><T100/><D100/><U43/><E43/><V8/><F132/><N who="1" m="50761" /><E54/><V114/><F69/><W107/><G134/><T68/><D68/><U18/><E18/><V76/><F114/><W14/><G17/><T16/><D2/><U77/><E77/><V62/><F62/><W22/><G3/><T46/><D16/><U110/><E71/><V115/><F115/><W52/><G7/><T30/><D30/><U98/><E98/><AGARI ba="0,0" hai="5,8,12,40,44,50,60,61,76,80,87,94,98,102" machi="98" ten="40,5200,0" yaku="25,2,8,1" doraHai="131" who="2" fromWho="1" sc="250,0,250,-52,250,52,250,0" /><INIT seed="1,0,0,0,2,28" ten="250,198,302,250" oya="1" hai0="66,123,75,50,89,93,39,98,62,0,122,40,65" hai1="18,54,10,51,132,108,26,110,3,106,19,97,37" hai2="117,6,125,76,87,60,73,79,22,131,111,42,114" hai3="64,127,29,82,17,130,119,9,69,23,81,38,67"/><U33/><E37/><V25/><F73/><W118/><G38/><T74/><D0/><U116/><E116/><N who="3" m="44586" /><G127/><T27/><D39/><U49/><E132/><V85/><F117/><W57/><G130/><T15/><D15/><U101/><E3/><V45/><F6/><W78/><G69/><T86/><D27/><U92/><E106/><V128/><F60/><W43/><G43/><T61/><D40/><U53/><E51/><N who="2" m="27063" /><F111/><N who="1" m="42537" /><E10/><V52/><F114/><W72/><G82/><T71/><D50/><U100/><E100/><V134/><F134/><W13/><G57/><T20/><D20/><U68/><E68/><V63/><F125/><W84/><G72/><T107/><D75/><U32/><E53/><V35/><F79/><W70/><G70/><T8/><D74/><U58/><E19/><V56/><F76/><W102/><G102/><N who="0" m="62935" /><D8/><U47/><E47/><V21/><F131/><W7/><G29/><T135/><D135/><U36/><E36/><V2/><F128/><W124/><G124/><T77/><D77/><U41/><E41/><V1/><F56/><W133/><G133/><T14/><D71/><U30/><E18/><V112/><F112/><W24/><AGARI ba="0,0" hai="7,9,13,17,23,24,64,67,78,81,84" m="44586" machi="24" ten="30,1100,0" yaku="12,1" doraHai="28" who="3" fromWho="3" sc="250,-3,198,-5,302,-3,250,11" /><INIT seed="2,0,0,5,3,82" ten="247,193,299,261" oya="2" hai0="46,114,47,103,131,32,61,57,34,17,43,76,117" hai1="30,35,24,126,92,100,16,9,88,39,14,10,51" hai2="97,29,69,2,77,11,53,133,70,104,127,63,90" hai3="36,115,119,66,1,49,109,128,26,67,37,125,22"/><V50/><F77/><W129/><G1/><T79/><D117/><U87/><E39/><V54/><F29/><W112/><G119/><T6/><D114/><N who="3" m="43561" /><G22/><T83/><D131/><N who="3" m="50249" /><G26/><T102/><D6/><U108/><E108/><V130/><F130/><W58/><G109/><T0/><D0/><U113/><E113/><V123/><F11/><W60/><G125/><T45/><D43/><U121/><E126/><V78/><F2/><W41/><G67/><T20/><D34/><U44/><E121/><V132/><F123/><W27/><G27/><T59/><D32/><U111/><E111/><V86/><F127/><W71/><G71/><T72/><D79/><U105/><E100/><V96/><F78/><W19/><G19/><T135/><D135/><U25/><E105/><V52/><F104/><W55/><G41/><T12/><REACH who="0" step="1"/><D59/><REACH who="0" ten="237,193,299,261" step="2"/><U28/><E35/><V99/><F70/><W3/><G3/><T85/><D85/><U84/><E84/><V122/><F122/><W4/><G4/><T94/><D94/><U80/><E92/><N who="2" m="54359" /><F133/><W18/><G58/><T89/><D89/><U106/><E106/><V74/><F132/><W124/><G124/><T48/><D48/><U5/><E28/><V110/><F110/><W118/><G118/><T107/><D107/><U8/><E30/><V134/><F134/><W93/><G93/><T116/><D116/><U40/><E5/><V38/><F69/><W65/><G49/><T31/><D31/><U42/><E42/><V23/><F50/><W81/><G37/><T56/><D56/><U68/><E68/><V64/><F38/><RYUUKYOKU ba="0,1" sc="237,15,193,15,299,-15,261,-15" hai0="12,17,20,45,46,47,57,61,72,76,83,102,103" hai1="8,9,10,14,16,24,25,40,44,51,80,87,88" /><INIT seed="3,1,1,5,3,128" ten="252,208,284,246" oya="3" hai0="126,99,55,53,76,18,97,86,21,50,101,85,26" hai1="103,40,0,120,51,121,38,132,46,63,5,44,127" hai2="116,133,34,135,125,98,134,112,19,122,16,1,129" hai3="27,108,49,47,107,130,124,64,20,73,110,81,66"/><W6/><G107/><T54/><D126/><U10/><E127/><V92/><F125/><W15/><G124/><T58/><D97/><U78/><E103/><V89/><F112/><W84/><G73/><T23/><D76/><U67/><E132/><V68/><F129/><W52/><G130/><T94/><D54/><U70/><REACH who="1" step="1"/><E78/><REACH who="1" ten="252,198,284,246" step="2"/><V80/><F122/><W42/><G108/><T91/><D101/><U100/><E100/><V25/><F116/><W39/><G110/><T105/><D105/><U41/><AGARI ba="1,2" hai="0,5,10,38,40,41,44,46,51,63,67,70,120,121" machi="41" ten="20,2700,0" yaku="1,1,0,1,7,1,53,0" doraHai="128" doraHaiUra="96" who="1" fromWho="1" sc="252,-8,198,50,284,-8,246,-14" /><INIT seed="4,0,0,4,3,17" ten="244,248,276,232" oya="0" hai0="83,22,79,105,24,124,23,58,21,127,68,55,71" hai1="16,122,111,9,78,81,96,104,6,31,84,121,51" hai2="53,62,128,26,33,43,50,91,5,120,25,94,125" hai3="41,18,100,73,85,98,48,115,66,49,80,130,110"/><T113/><D105/><U132/><E111/><V1/><F120/><W106/><G110/><T70/><D24/><U8/><E132/><V108/><F108/><W54/><G115/><T86/><REACH who="0" step="1"/><D113/><REACH who="0" ten="234,248,276,232" step="2"/><U102/><E121/><V47/><F26/><W19/><G106/><T114/><D114/><U20/><E122/><V15/><F25/><W60/><G130/><T72/><D72/><U92/><E104/><V42/><F128/><W59/><G73/><T93/><D93/><U29/><E29/><V116/><F94/><N who="3" m="58455" /><G41/><T109/><D109/><U103/><E31/><V95/><F43/><W112/><G112/><T7/><D7/><U118/><E6/><V2/><F42/><W44/><G49/><AGARI ba="0,1" hai="21,22,23,49,55,58,68,70,71,79,83,86,124,127" machi="49" ten="50,12000,1" yaku="1,1,52,3,53,0" doraHai="17" doraHaiUra="0" who="0" fromWho="3" sc="234,130,248,0,276,0,232,-120" /><INIT seed="4,1,0,1,2,112" ten="364,248,276,112" oya="0" hai0="128,65,74,120,88,105,110,131,101,72,81,85,60" hai1="2,28,3,10,89,27,118,14,61,48,32,4,38" hai2="69,31,16,20,87,80,13,121,116,42,7,113,29" hai3="5,54,75,86,9,132,15,83,36,100,96,108,102"/><T62/><D62/><U51/><E38/><V47/><F69/><W56/><G108/><T79/><D120/><U52/><E118/><V58/><F121/><W11/><G132/><T126/><D110/><U107/><E107/><V39/><F113/><W106/><G75/><T133/><D133/><U46/><E61/><V0/><F116/><W98/><G36/><T82/><D126/><U115/><E115/><V35/><F35/><W92/><G5/><T21/><D21/><U73/><E73/><V122/><F122/><W53/><G15/><T19/><D19/><U34/><E34/><V119/><F119/><W33/><G33/><T134/><D134/><U97/><REACH who="1" step="1"/><E51/><REACH who="1" ten="364,238,276,112" step="2"/><V50/><F39/><W22/><G106/><T64/><D74/><U93/><AGARI ba="1,1" hai="2,3,4,10,14,27,28,32,46,48,52,89,93,97" machi="93" ten="30,7900,0" yaku="1,1,2,1,0,1,54,1,53,0" doraHai="112" doraHaiUra="130" who="1" fromWho="1" sc="364,-40,238,92,276,-21,112,-21" /><INIT seed="5,0,0,2,5,123" ten="324,330,255,91" oya="1" hai0="4,1,48,135,106,75,93,115,110,14,23,91,108" hai1="45,78,73,6,57,134,46,131,90,37,113,19,71" hai2="105,103,43,8,88,0,40,84,70,104,36,129,116" hai3="64,51,44,128,132,26,58,9,85,24,86,124,69"/><U38/><E71/><V114/><F70/><W12/><G124/><T122/><D106/><U17/><E113/><V65/><F65/><W133/><G69/><T11/><D75/><U50/><E131/><V77/><F116/><W3/><G3/><T72/><D72/><U118/><E118/><V52/><F77/><W127/><G127/><T76/><D76/><U31/><E134/><V99/><F129/><W22/><G128/><T68/><D68/><U117/><E6/><V121/><F121/><W28/><G132/><T39/><D39/><U35/><E57/><V41/><F114/><W107/><G107/><T111/><D135/><U101/><E101/><V126/><F105/><W96/><G133/><T2/><D115/><U81/><E45/><V29/><F29/><W112/><G112/><T94/><D122/><U54/><E117/><V32/><F32/><W102/><G26/><T61/><D61/><U49/><E49/><V130/><F130/><W47/><G47/><T74/><D74/><U33/><E33/><V109/><F126/><W80/><G80/><T62/><D62/><U83/><E38/><V20/><F103/><W87/><G64/><T97/><D48/><U82/><E37/><V7/><F36/><W95/><G58/><T100/><REACH who="0" step="1"/><D23/><REACH who="0" ten="314,330,255,91" step="2"/><U119/><E119/><V13/><F20/><W27/><G22/><T98/><AGARI ba="0,1" hai="1,2,4,11,14,91,93,94,97,98,100,108,110,111" machi="98" ten="40,16000,3" yaku="1,1,2,1,0,1,52,3,53,3" doraHai="123" doraHaiUra="120" who="0" fromWho="0" sc="314,170,330,-80,255,-40,91,-40" /><INIT seed="6,0,0,0,2,31" ten="484,250,215,51" oya="2" hai0="103,107,84,98,37,121,88,56,29,131,101,62,47" hai1="80,92,52,38,125,85,130,27,10,104,19,91,4" hai2="72,67,6,2,82,86,36,42,120,59,39,66,14" hai3="93,1,50,119,33,71,75,21,106,74,132,134,55"/><V95/><F2/><W24/><G106/><T35/><D103/><U34/><E104/><V46/><F120/><W28/><G119/><T32/><D29/><U57/><E38/><V20/><F39/><W90/><G71/><T97/><D97/><U83/><E125/><V113/><F113/><W65/><G65/><T15/><D131/><U126/><E126/><V48/><F72/><W123/><G1/><T25/><D25/><U61/><E130/><V54/><F95/><W129/><G123/><T73/><D73/><U114/><E114/><V89/><F36/><W49/><G129/><T111/><D111/><U112/><E112/><V60/><REACH who="2" step="1"/><F20/><REACH who="2" ten="484,250,205,51" step="2"/><W76/><G75/><T44/><D37/><U116/><E92/><V41/><F41/><W94/><G94/><T77/><D121/><U127/><E127/><V40/><F40/><W23/><G23/><T69/><D107/><U118/><E118/><V63/><F63/><W13/><G21/><T45/><D62/><U22/><E116/><V58/><F58/><W30/><G74/><T53/><D56/><U16/><E57/><V124/><F124/><W17/><G93/><T78/><D69/><U96/><E22/><V12/><F12/><W9/><G13/><T68/><D15/><U70/><E61/><V79/><F79/><W0/><G76/><T122/><D78/><U5/><E70/><V18/><F18/><W133/><G17/><T109/><D77/><U3/><E16/><V102/><F102/><W26/><G0/><T117/><D117/><U43/><E3/><V115/><F115/><W64/><G26/><RYUUKYOKU ba="0,1" sc="484,-10,250,-10,205,30,51,-10" hai2="6,14,42,46,48,54,59,60,66,67,82,86,89" /><INIT seed="6,1,1,4,1,49" ten="474,240,235,41" oya="2" hai0="18,43,2,37,123,26,8,104,28,70,91,36,107" hai1="92,89,13,56,81,73,80,16,63,129,24,115,38" hai2="90,42,88,101,135,79,113,87,20,19,23,46,98" hai3="4,61,25,119,5,62,131,59,78,67,55,75,103"/><V39/><F113/><W7/><G131/><T122/><D18/><U21/><E115/><V97/><F135/><W118/><G103/><T120/><D91/><U126/><E126/><V94/><F79/><W44/><G44/><N who="0" m="23655" /><D70/><U58/><E38/><V9/><F9/><W111/><G111/><T99/><D99/><U86/><E129/><V77/><F77/><W17/><G75/><T47/><D47/><U54/><E73/><V45/><F45/><W127/><G78/><T128/><D37/><U110/><E110/><V109/><F109/><W69/><REACH who="3" step="1"/><G127/><REACH who="3" ten="474,240,235,31" step="2"/><T95/><D128/><U72/><E72/><V106/><F46/><W108/><G108/><T65/><D123/><U132/><E132/><V112/><F101/><W48/><G48/><T134/><D134/><U125/><E125/><V53/><F39/><W40/><G40/><T50/><D50/><N who="1" m="30807" /><E24/><V6/><F42/><W27/><G27/><T76/><D26/><U133/><E133/><V96/><F112/><W100/><G100/><T15/><D120/><U10/><E10/><V84/><F90/><W35/><G35/><T14/><D8/><U124/><E124/><V31/><F88/><W29/><G29/><T68/><D28/><U51/><E51/><V64/><F31/><W22/><AGARI ba="1,2" hai="4,5,7,17,22,25,55,59,61,62,67,69,118,119" machi="22" ten="30,7900,0" yaku="1,1,0,1,52,1,53,1" doraHai="49" doraHaiUra="60" who="3" fromWho="3" sc="474,-21,240,-21,235,-40,31,102" /><INIT seed="7,0,0,3,4,66" ten="453,219,195,133" oya="3" hai0="73,92,101,39,53,107,89,122,76,97,106,51,13" hai1="9,84,133,79,124,52,103,20,16,2,114,50,74" hai2="111,14,78,68,131,88,134,0,42,59,4,83,61" hai3="31,135,116,37,82,62,108,25,40,75,70,26,77"/><W87/><G116/><T43/><D43/><U117/><E74/><V34/><F34/><W120/><G120/><T115/><D39/><U63/><E114/><V100/><F0/><W7/><G135/><T23/><D107/><U109/><E109/><V132/><F68/><W113/><G113/><T105/><D105/><U56/><E133/><N who="2" m="51307" /><F100/><W130/><G130/><T48/><D53/><U93/><E124/><V118/><F42/><W94/><G108/><T127/><D127/><U60/><E117/><V58/><F111/><W44/><G7/><T33/><D33/><U27/><E2/><V54/><F118/><W24/><G31/><T57/><D57/><U91/><E79/><V110/><F110/><W85/><REACH who="3" step="1"/><G94/><REACH who="3" ten="453,219,195,123" step="2"/><T95/><D95/><N who="1" m="54759" /><E9/><N who="2" m="4391" /><F131/><W15/><G15/><T5/><D92/><U98/><AGARI ba="0,1" hai="16,20,27,50,52,56,60,63,93,98,103" m="54759" machi="98" ten="30,4000,0" yaku="8,1,54,2" doraHai="66" who="1" fromWho="1" sc="453,-10,219,50,195,-10,123,-20" owari="443,54.0,269,7.0,185,-21.0,103,-40.0" /></mjloggm>