<mjloggm ver="2.3"><GO type="225" lobby="0"/><UN n0="%E3%83%88%E3%83%88%E3%83%AA%E5%85%88%E7%94%9F%31%39%E6%AD%B3" n1="%E3%83%B4%E3%83%A0%EF%BC%99%E3%81%A6" n2="%E3%82%B7%E3%83%AB%E3%83%90%E3%83%BC%2F%E9%8A%80" n3="%E7%B7%8B%E3%81%84%E7%8C%AB%EF%BC%9E%EF%BC%9C%EF%BC%81" dan="16,16,16,16" rate="2141.93,2054.60,2107.90,2031.53" sx="F,M,M,F"/><TAIKYOKU oya="0"/><INIT seed="0,0,0,3,3,17" ten="250,250,250,250" oya="0" hai0="1,29,21,131,118,6,71,45,111,110,50,10,74" hai1="88,83,41,30,42,63,57,94,98,114,84,51,56" hai2="107,11,5,35,67,72,61,38,73,70,52,123,133" hai3="105,101,99,49,100,40,37,32,31,108,9,82,68"/><T80/><D118/><U134/><E134/><V65/><F123/><W81/><G108/><N who="0" m="41515" /><D71/><U96/><E114/><V33/><F65/><W66/><G37/><T126/><D131/><U15/><E30/><V97/><F133/><W122/><G101/><T124/><D74/><U55/><E15/><V53/><F38/><W43/><G9/><T89/><D80/><N who="3" m="30825" /><G49/><T0/><D89/><U54/><REACH who="1" step="1"/><E98/><REACH who="1" ten="250,240,250,250" step="2"/><V7/><F97/><W8/><G122/><T20/><D29/><U120/><E120/><V27/><F27/><N who="3" m="18559" /><G8/><T19/><D0/><U76/><AGARI ba="0,1" hai="41,42,51,54,55,56,57,63,76,83,84,88,94,96" machi="76" ten="20,8000,1" yaku="1,1,0,1,7,1,8,1,54,1,53,0" doraHai="17" doraHaiUra="13" who="1" fromWho="1" sc="250,-40,240,90,250,-20,250,-20" /><INIT seed="1,0,0,1,5,135" ten="210,330,230,230" oya="1" hai0="8,32,110,43,102,40,109,107,49,38,99,105,119" hai1="103,93,130,45,62,27,78,117,34,86,12,118,21" hai2="11,66,25,4,101,90,31,0,15,51,59,88,1" hai3="30,6,98,65,125,115,19,5,133,100,108,75,79"/><U134/><E134/><V116/><F116/><W36/><G133/><T124/><D119/><U64/><E118/><V82/><F101/><W16/><G115/><T72/><D72/><U73/><E117/><V77/><F0/><W52/><G36/><T69/><D32/><U113/><E73/><V84/><F1/><W56/><G65/><T57/><D69/><U54/><E34/><V131/><F131/><W37/><G37/><T28/><D28/><U126/><E113/><V67/><F67/><W94/><G30/><T96/><D8/><U23/><E12/><V22/><REACH who="2" step="1"/><F51/><REACH who="2" ten="210,330,220,230" step="2"/><N who="3" m="30751" /><G108/><T20/><D38/><U13/><E64/><V29/><F29/><W68/><G68/><T74/><D49/><U3/><E3/><V26/><F26/><W127/><G75/><T35/><D74/><U58/><E27/><V33/><F33/><W41/><G79/><T87/><D35/><U120/><E78/><V89/><F89/><W92/><G41/><T104/><D43/><U14/><E130/><V7/><F7/><N who="3" m="2571" /><G94/><T44/><D104/><U71/><E93/><V2/><F2/><W95/><G95/><T132/><D132/><U97/><E71/><V46/><F46/><W42/><G42/><T18/><D57/><U60/><E58/><V63/><AGARI ba="0,1" hai="4,11,15,22,25,31,59,63,66,77,82,84,88,90" machi="63" ten="30,7900,0" yaku="1,1,0,1,8,1,54,1,53,0" doraHai="135" doraHaiUra="111" who="2" fromWho="2" sc="210,-20,330,-39,220,89,230,-20" /><INIT seed="2,0,0,4,4,132" ten="190,291,309,210" oya="2" hai0="12,6,49,8,103,55,28,59,53,77,90,41,71" hai1="63,4,91,72,17,119,18,78,27,65,86,13,131" hai2="58,37,97,111,109,94,127,73,104,2,84,46,83" hai3="106,40,19,112,95,7,10,50,15,116,56,118,110"/><V45/><F2/><W88/><G106/><T130/><D71/><U85/><E119/><V9/><F9/><W16/><G110/><N who="2" m="41993" /><F37/><W48/><G112/><T22/><D130/><U128/><E72/><V79/><F58/><W123/><G123/><T124/><D124/><U120/><E120/><V98/><F45/><N who="3" m="25639" /><G118/><T70/><D70/><U54/><E54/><V122/><F46/><W51/><G116/><T101/><D77/><U129/><E27/><V21/><F21/><W60/><G50/><T81/><D41/><U115/><E115/><V93/><F122/><W52/><G51/><T68/><D68/><N who="1" m="42047" /><E4/><V69/><F69/><W80/><G80/><T26/><REACH who="0" step="1"/><D55/><REACH who="0" ten="180,291,309,210" step="2"/><U39/><E128/><V135/><F127/><W57/><G57/><T89/><D89/><U43/><E129/><V47/><F79/><W87/><AGARI ba="0,1" hai="7,10,15,16,19,52,56,60,87,88,95" m="25639" machi="87" ten="30,7900,0" yaku="8,1,54,3" doraHai="132" who="3" fromWho="3" sc="180,-20,291,-20,309,-39,210,89" /><INIT seed="3,0,0,3,0,40" ten="160,271,270,299" oya="3" hai0="77,79,112,90,0,119,87,75,99,71,125,23,121" hai1="53,107,72,28,59,82,37,117,101,63,7,17,111" hai2="31,86,35,131,122,134,120,70,92,16,19,130,78" hai3="27,25,24,14,68,62,57,29,20,11,80,48,94"/><W26/><G68/><T33/><D33/><U83/><E37/><V39/><F39/><W93/><G80/><N who="0" m="49511" /><D0/><U46/><E117/><V133/><F70/><W22/><G48/><T66/><D71/><U115/><E115/><V88/><F78/><N who="0" m="29706" /><D66/><U73/><E73/><V97/><F97/><W42/><G42/><T44/><D119/><U32/><E72/><V74/><F31/><W104/><G104/><T4/><D75/><U54/><E7/><V1/><F1/><W64/><G22/><T114/><D4/><AGARI ba="0,0" hai="4,11,14,20,24,25,26,27,29,57,62,64,93,94" machi="4" ten="40,2000,0" yaku="8,1" doraHai="40" who="3" fromWho="0" sc="160,-20,271,0,270,0,299,20" owari="140,-36.0,271,7.0,270,-13.0,319,42.0" /></mjloggm>