<mjloggm ver="2.3"><GO type="41" lobby="0"/><UN n0="%E4%B9%9D%E8%93%AE%E3%82%AA%E3%83%A4%E3%82%B8" n1="%EF%BC%95%E7%A7%92%E5%89%8D%E5%9C%B0%E5%9B%A3%E9%A7%84" n2="%E8%BB%8D%E5%B8%AB%E6%9C%AB%E5%8E%9F" n3="%E5%B0%B1%E6%B4%BB%E7%94%9F%40%E5%B7%9D%E6%9D%91%E8%BB%8D%E5%9B%A3" dan="14,15,13,15" rate="2006.18,1979.71,1861.64,2046.36" sx="M,M,F,M"/><TAIKYOKU oya="0"/><INIT seed="0,0,0,2,4,109" ten="250,250,250,250" oya="0" hai0="68,50,79,45,110,47,123,74,132,134,62,135,55" hai1="90,38,31,65,67,40,73,24,37,71,58,57,94" hai2="88,81,122,2,23,82,39,119,22,103,86,56,102" hai3="77,10,63,20,25,101,111,72,98,30,121,29,59"/><T126/><D74/><U120/><E73/><V8/><F39/><W51/><G111/><T49/><D110/><U97/><E120/><V53/><F122/><W4/><G121/><T69/><D79/><U89/><E71/><N who="0" m="27209" /><D123/><U124/><E124/><V80/><F119/><W114/><G30/><T61/><D126/><U27/><E40/><AGARI ba="0,0" hai="40,45,47,49,50,55,61,62,132,134,135" m="27209" machi="40" ten="40,7700,0" yaku="20,1,34,2" doraHai="109" who="0" fromWho="1" sc="250,77,250,-77,250,0,250,0" /><INIT seed="0,1,0,3,0,106" ten="327,173,250,250" oya="0" hai0="38,20,111,70,76,55,23,87,132,72,104,107,41" hai1="32,5,79,100,114,119,49,53,128,21,8,109,69" hai2="98,7,96,48,94,64,89,135,127,95,45,29,19" hai3="108,47,77,17,71,90,67,26,9,75,14,61,22"/><T62/><D132/><U131/><E32/><V35/><F135/><W30/><G108/><T18/><D20/><U91/><E109/><V115/><F115/><W93/><G47/><T25/><D111/><U110/><E110/><V130/><F127/><W11/><G77/><T112/><D112/><U16/><E114/><V73/><F73/><W68/><G68/><T65/><D87/><U134/><E69/><V86/><F130/><W80/><G80/><T43/><D55/><U85/><E134/><V42/><F35/><W124/><G124/><T58/><D58/><U0/><E79/><V15/><F29/><W34/><REACH who="3" step="1"/><G75/><REACH who="3" ten="327,173,250,240" step="2"/><T57/><D70/><U125/><E125/><V82/><F64/><W102/><G102/><T39/><D38/><U44/><E100/><V36/><F36/><W2/><G2/><T88/><D39/><U63/><E119/><V118/><F118/><W120/><G120/><T129/><D129/><U6/><E128/><V122/><F122/><W123/><G123/><T4/><D107/><U103/><E131/><V60/><F7/><W74/><G74/><T31/><D104/><U116/><E103/><V40/><F45/><W117/><G117/><T133/><D133/><U1/><E116/><V10/><F48/><W37/><G37/><T113/><D113/><U52/><E5/><V121/><F121/><W3/><G3/><T54/><D4/><U97/><E0/><V24/><F82/><W51/><G51/><T81/><D88/><U12/><E91/><V92/><F89/><W84/><AGARI ba="1,1" hai="9,11,14,17,22,26,30,34,61,67,71,84,90,93" machi="84" ten="20,5200,0" yaku="1,1,0,1,7,1,53,1" doraHai="106" doraHaiUra="59" who="3" fromWho="3" sc="327,-27,173,-14,250,-14,240,65" /><INIT seed="1,0,0,1,3,84" ten="300,159,236,305" oya="1" hai0="127,11,122,54,6,130,73,40,110,45,2,113,99" hai1="49,8,58,104,129,107,46,5,41,31,115,16,57" hai2="74,12,75,95,23,76,68,108,37,87,17,119,114" hai3="42,66,48,86,126,30,100,19,7,67,118,83,79"/><U52/><E115/><V101/><F37/><W106/><G30/><T85/><D113/><U25/><E129/><V27/><F68/><W55/><G118/><T18/><D130/><U61/><E57/><V32/><F119/><W26/><G126/><T20/><D127/><U44/><E46/><V69/><F69/><W56/><G7/><T133/><D110/><U51/><E51/><V29/><F114/><W82/><G82/><T121/><D73/><U90/><E90/><V94/><F108/><W70/><G70/><T50/><D133/><U64/><E64/><V96/><REACH who="2" step="1"/><F94/><REACH who="2" ten="300,159,226,305" step="2"/><W36/><G36/><T10/><D121/><U34/><REACH who="1" step="1"/><E16/><REACH who="1" ten="300,149,226,305" step="2"/><V135/><F135/><W78/><G19/><T91/><D122/><U28/><E28/><V89/><F89/><W80/><G100/><T60/><D91/><U81/><E81/><AGARI ba="0,2" hai="12,17,23,27,29,32,74,75,76,81,87,95,96,101" machi="81" ten="40,1300,0" yaku="1,1,53,0" doraHai="84" doraHaiUra="38" who="2" fromWho="1" sc="300,0,149,-13,226,33,305,0" /><INIT seed="2,0,0,4,5,115" ten="300,136,259,305" oya="2" hai0="65,15,10,32,70,129,47,128,89,49,126,94,25" hai1="80,5,30,85,43,92,107,109,102,131,16,121,90" hai2="91,1,135,111,12,44,41,63,113,125,23,20,66" hai3="27,22,134,82,52,123,69,29,19,110,124,6,24"/><V127/><F1/><W86/><G69/><T132/><D32/><U18/><E109/><V79/><F113/><W34/><G110/><T84/><D70/><U8/><E131/><N who="0" m="50249" /><D65/><U133/><E133/><V103/><F111/><W99/><G134/><T17/><D132/><U36/><E121/><V13/><F135/><W98/><G123/><T7/><D25/><U112/><E112/><V93/><F103/><W11/><G124/><N who="2" m="47689" /><F79/><W64/><G64/><T97/><D126/><U81/><E30/><V2/><F2/><W58/><G11/><T71/><D71/><U0/><E107/><V60/><F12/><W100/><G6/><T101/><D7/><U114/><E114/><V57/><F63/><W104/><G104/><N who="0" m="63535" /><D49/><U105/><E105/><V26/><F13/><W106/><G106/><T61/><D47/><U33/><E33/><V76/><F76/><W67/><G67/><T4/><D4/><U46/><E102/><V38/><F26/><W118/><G100/><T39/><D61/><U95/><REACH who="1" step="1"/><E92/><REACH who="1" ten="300,126,259,305" step="2"/><V119/><F119/><W14/><G118/><T78/><D78/><U51/><E51/><V62/><F62/><N who="3" m="36167" /><G34/><T96/><D96/><AGARI ba="0,1" hai="20,23,38,41,44,57,60,66,91,93,96" m="47689" machi="96" ten="30,1500,0" yaku="18,1" doraHai="115" who="2" fromWho="0" sc="300,-15,126,0,259,25,305,0" /><INIT seed="2,1,0,2,0,57" ten="285,126,284,305" oya="2" hai0="111,47,11,122,89,18,131,64,87,119,90,0,105" hai1="52,36,28,59,40,120,53,26,10,34,70,116,58" hai2="73,125,14,13,19,61,79,83,78,97,69,63,9" hai3="113,130,132,109,71,50,107,25,48,106,32,95,102"/><V15/><F79/><W135/><G71/><T76/><D122/><U84/><E120/><V62/><F125/><W121/><G121/><T134/><D134/><N who="3" m="51241" /><G109/><T55/><D131/><U66/><E116/><V24/><F24/><W91/><G130/><T96/><D111/><U38/><E66/><V124/><F124/><W29/><G113/><T41/><D119/><U37/><E70/><V33/><F33/><W129/><G129/><T72/><D105/><N who="3" m="39945" /><G102/><T93/><D55/><U92/><E10/><V86/><F97/><AGARI ba="1,0" hai="25,29,32,48,50,91,95,97" m="39945,51241" machi="97" ten="30,1000,0" yaku="20,1" doraHai="57" who="3" fromWho="2" sc="285,0,126,0,284,-13,305,13" /><INIT seed="3,0,0,1,3,49" ten="285,126,271,318" oya="3" hai0="2,112,119,9,115,0,129,122,120,104,24,65,26" hai1="30,86,94,93,132,48,124,38,80,22,63,28,77" hai2="71,74,37,35,10,46,113,43,117,45,121,91,73" hai3="87,47,40,81,116,32,100,131,67,134,118,31,75"/><W126/><G75/><T51/><D65/><U54/><E38/><V127/><F117/><W53/><G126/><T66/><D66/><U98/><E124/><V27/><F113/><N who="0" m="43594" /><D104/><U88/><E132/><V114/><F114/><W52/><G131/><T58/><D119/><U36/><E36/><V16/><F127/><W82/><G134/><T72/><D72/><U4/><E4/><V107/><F107/><W102/><G67/><T34/><D129/><U41/><E22/><V83/><F71/><W85/><G32/><T7/><D58/><U57/><E94/><V42/><F35/><W12/><G31/><N who="0" m="19815" /><D51/><U33/><E33/><V135/><F135/><W62/><G62/><T6/><D26/><U105/><E105/><V103/><F103/><N who="3" m="39467" /><G118/><T25/><D25/><U61/><E61/><V19/><F121/><N who="0" m="46698" /><D6/><U128/><E128/><V79/><F27/><W99/><G99/><T8/><D8/><U60/><E60/><V15/><F74/><W109/><G40/><T76/><D76/><U130/><E130/><V56/><F56/><W64/><G64/><T96/><D96/><U108/><REACH who="1" step="1"/><E108/><REACH who="1" ten="285,116,271,318" step="2"/><V78/><F37/><W123/><G109/><T97/><D97/><U68/><E68/><V23/><F23/><W1/><G116/><T13/><AGARI ba="0,1" hai="0,2,7,9,13" m="46698,19815,43594" machi="13" ten="30,4000,0" yaku="11,1,34,2" doraHai="49" who="0" fromWho="0" sc="285,50,116,-10,271,-10,318,-20" /><INIT seed="4,0,0,2,4,5" ten="335,106,261,298" oya="0" hai0="131,85,19,52,133,81,80,45,22,130,32,126,14" hai1="84,70,15,18,96,116,57,123,89,102,109,76,49" hai2="0,9,3,90,107,61,71,127,111,37,110,94,77" hai3="97,124,67,11,40,59,50,114,108,82,135,58,21"/><T1/><D1/><U60/><E109/><V117/><F107/><W51/><G108/><T100/><D32/><U103/><E116/><V31/><F37/><W106/><G124/><T87/><D126/><U78/><E123/><V91/><F127/><W4/><G135/><T69/><D69/><U104/><E70/><V33/><F111/><W73/><G114/><T34/><D34/><U36/><E36/><V99/><F77/><W72/><G67/><T118/><D100/><U83/><E102/><V63/><F110/><W26/><G106/><T92/><D118/><U62/><E49/><V113/><F113/><W66/><G97/><T35/><D35/><U38/><E38/><V119/><F91/><W95/><G95/><T93/><D133/><U47/><E47/><V41/><F41/><W17/><G66/><T122/><D122/><U27/><E27/><V55/><F3/><W112/><G112/><T42/><D42/><U29/><E29/><V24/><F71/><W43/><G51/><N who="0" m="28783" /><D131/><U132/><E132/><V125/><F117/><W115/><G115/><T120/><D120/><U74/><E57/><V121/><F119/><W12/><G58/><T48/><D48/><U54/><E54/><V25/><F121/><W28/><G72/><T53/><D53/><U56/><E56/><V2/><F55/><N who="3" m="32247" /><G73/><T79/><D130/><U129/><E129/><V20/><F125/><W39/><G39/><T128/><D128/><U16/><E74/><V75/><F75/><W86/><G28/><T134/><D134/><U30/><E30/><N who="2" m="17671" /><F2/><W6/><G6/><T64/><D64/><RYUUKYOKU ba="0,0" sc="335,10,106,-30,261,10,298,10" hai0="14,19,22,79,80,81,85,87,92,93" hai2="0,9,25,31,33,61,63,90,94,99" hai3="4,11,12,17,21,26,40,43,82,86" /><INIT seed="4,1,0,3,5,104" ten="345,76,271,308" oya="0" hai0="42,111,123,110,97,14,82,92,45,46,132,51,52" hai1="53,43,23,128,109,21,32,100,38,74,8,65,9" hai2="56,73,116,131,58,98,80,63,118,89,95,29,19" hai3="6,91,72,102,15,22,1,54,101,41,59,2,10"/><T99/><D123/><U112/><E65/><V103/><F131/><W28/><G72/><T13/><D132/><U48/><E100/><V66/><F29/><W0/><G41/><T86/><D97/><U7/><E32/><V39/><F39/><W84/><G28/><T31/><D31/><U60/><E60/><V90/><F58/><W134/><G134/><T71/><D71/><U57/><E9/><V18/><F103/><W75/><G75/><T135/><D135/><U24/><E128/><V20/><F19/><W36/><G36/><T130/><D130/><U3/><E109/><N who="0" m="41481" /><D92/><U76/><E24/><V105/><F105/><W34/><G34/><T67/><D99/><U93/><E93/><V129/><F129/><W127/><G127/><T25/><D25/><U107/><E107/><V11/><F11/><W121/><G121/><T117/><D67/><U124/><E124/><V96/><F73/><W87/><G87/><T12/><D117/><N who="2" m="45162" /><F80/><W77/><G77/><N who="0" m="46415" /><D45/><U113/><E21/><V47/><F47/><W40/><G102/><T83/><D83/><U122/><E23/><V17/><F20/><W126/><G101/><T115/><D115/><U133/><E122/><V64/><F64/><W62/><G126/><T108/><N who="0" m="41489" /><T35/><DORA hai="30" /><D35/><U61/><E133/><V4/><F4/><W16/><G40/><AGARI ba="1,0" hai="12,13,14,40,42,46,51,52" m="46415,41489" machi="40" ten="50,4800,0" yaku="10,1,54,1" doraHai="104,30" who="0" fromWho="3" sc="345,51,76,0,271,0,308,-51" /><INIT seed="4,2,0,3,4,61" ten="396,76,271,257" oya="0" hai0="22,131,82,29,91,9,1,35,94,60,45,27,109" hai1="95,87,16,24,89,71,111,83,128,15,77,92,114" hai2="98,117,48,21,26,5,51,36,25,121,84,125,19" hai3="37,124,57,50,104,30,132,17,123,4,0,56,10"/><T13/><D82/><U55/><E111/><V134/><F121/><W20/><G37/><T2/><D45/><U129/><E114/><V99/><F134/><W53/><G104/><T110/><D60/><U49/><E24/><V32/><F36/><W70/><G70/><T31/><D94/><U73/><E71/><V79/><F125/><W8/><G123/><T52/><D52/><U107/><E92/><V86/><F117/><W28/><G124/><T116/><D91/><U115/><E107/><V100/><F5/><W96/><G132/><T58/><D58/><U85/><E115/><V11/><F48/><W81/><G10/><T69/><D69/><U44/><REACH who="1" step="1"/><E85/><REACH who="1" ten="396,66,271,257" step="2"/><V101/><F86/><W7/><G30/><N who="0" m="19935" /><D116/><U68/><E68/><V127/><F84/><W47/><G28/><N who="0" m="10827" /><D131/><U66/><E66/><V63/><F127/><W23/><G96/><T118/><D118/><U33/><E33/><V40/><F99/><W64/><G81/><T54/><D54/><U88/><E88/><V67/><F98/><W133/><G64/><T3/><D22/><AGARI ba="2,1" hai="15,16,22,44,49,55,73,77,83,87,89,95,128,129" machi="22" ten="40,5200,0" yaku="1,1,54,1,53,1" doraHai="61" doraHaiUra="106" who="1" fromWho="0" sc="396,-58,66,68,271,0,257,0" /><INIT seed="5,0,0,3,0,76" ten="338,134,271,257" oya="1" hai0="2,7,67,54,32,22,39,1,110,112,11,101,82" hai1="133,130,3,43,70,122,123,53,66,64,42,91,90" hai2="71,125,103,114,33,62,72,94,80,113,135,13,118" hai3="132,14,128,78,93,28,83,55,51,69,21,134,99"/><U60/><E3/><V75/><F33/><W117/><G69/><T15/><D110/><U87/><E91/><V0/><F118/><W108/><G108/><T23/><D39/><U88/><E90/><V124/><F0/><W100/><G117/><T26/><D112/><N who="2" m="43114" /><F135/><N who="3" m="51755" /><G128/><T8/><D101/><U48/><E133/><V131/><F131/><W127/><G127/><N who="2" m="48713" /><F13/><W102/><G102/><T77/><D67/><U85/><E130/><V61/><F80/><W104/><G104/><T47/><D32/><U45/><E66/><N who="2" m="41423" /><F62/><W44/><G14/><T5/><D15/><U111/><E111/><V40/><F40/><W129/><G129/><T50/><D26/><U86/><E43/><V30/><F30/><W31/><G21/><T106/><REACH who="0" step="1"/><D106/><REACH who="0" ten="328,134,271,257" step="2"/><U58/><REACH who="1" step="1"/><E88/><REACH who="1" ten="328,124,271,257" step="2"/><V63/><F103/><W59/><G100/><T12/><D12/><U20/><E20/><V119/><F119/><W116/><G116/><T35/><D35/><U4/><E4/><V109/><F109/><W38/><G38/><AGARI ba="0,2" hai="38,42,45,48,53,58,60,64,70,85,86,87,122,123" machi="38" ten="40,7700,0" yaku="1,1,24,2,53,0" doraHai="76" doraHaiUra="27" who="1" fromWho="3" sc="328,0,124,97,271,0,257,-77" /><INIT seed="5,1,0,0,5,111" ten="328,221,271,180" oya="1" hai0="91,102,49,7,47,16,89,36,92,109,129,48,103" hai1="73,125,87,5,2,22,53,107,43,80,21,83,133" hai2="110,38,71,81,50,112,26,86,30,17,127,99,66" hai3="96,29,3,116,78,18,94,62,79,23,46,9,135"/><U24/><E133/><V56/><F110/><W108/><G108/><T132/><D109/><U65/><E125/><V13/><F127/><W15/><G135/><T10/><D132/><U121/><E121/><V52/><F38/><W100/><G116/><T58/><D129/><U117/><E117/><V63/><F99/><W114/><G114/><T122/><D36/><U44/><E53/><V39/><F112/><W98/><G98/><T20/><D122/><U57/><E57/><V115/><F115/><W27/><G3/><T119/><D119/><U31/><E65/><V51/><F39/><W76/><G46/><T104/><D104/><U70/><E70/><V55/><F71/><W106/><G106/><T84/><D49/><U59/><E59/><V34/><F50/><W67/><REACH who="3" step="1"/><G78/><REACH who="3" ten="328,221,271,170" step="2"/><T105/><D105/><U11/><E107/><V25/><F25/><W85/><G85/><T60/><D89/><U130/><E130/><V123/><F123/><W6/><G6/><T37/><D37/><U35/><E44/><V45/><F86/><W131/><G131/><T97/><D84/><U64/><E43/><V4/><F4/><W14/><G14/><N who="0" m="9239" /><D47/><U82/><E87/><V113/><F45/><W69/><AGARI ba="1,1" hai="9,15,18,23,27,29,62,67,69,76,79,94,96,100" machi="69" ten="20,2700,0" yaku="1,1,0,1,7,1,53,0" doraHai="111" doraHaiUra="124" who="3" fromWho="3" sc="328,-8,221,-14,271,-8,170,40" /><INIT seed="6,0,0,2,5,46" ten="320,207,263,210" oya="2" hai0="31,109,27,120,128,10,124,17,67,13,47,116,94" hai1="76,108,14,5,62,34,37,121,25,107,38,135,85" hai2="83,101,131,99,87,134,97,49,66,21,6,114,98" hai3="103,126,3,54,56,55,0,81,45,93,96,127,65"/><V129/><F66/><W22/><G22/><T2/><D67/><U88/><E108/><V79/><F134/><W29/><G29/><T130/><D94/><U39/><E135/><V18/><F6/><W4/><G4/><N who="0" m="1303" /><D47/><U64/><E121/><V75/><F114/><W32/><G32/><N who="0" m="20607" /><D120/><U95/><E107/><V33/><F33/><W23/><G23/><N who="0" m="11695" /><D109/><U92/><E76/><V102/><F49/><N who="3" m="28975" /><G81/><T86/><D86/><U112/><E112/><V133/><F133/><W68/><G68/><T69/><D69/><U89/><E34/><V91/><F18/><W43/><G43/><T9/><D124/><N who="3" m="47657" /><G65/><T20/><D116/><U125/><E125/><V12/><F21/><W41/><G41/><T11/><D20/><U36/><E64/><V90/><F12/><W7/><G7/><T115/><D115/><U73/><E5/><V111/><F111/><W77/><G77/><T19/><D19/><U122/><E14/><V52/><F52/><W16/><G16/><T118/><D118/><U84/><E122/><V24/><F24/><W26/><G26/><T8/><AGARI ba="0,0" hai="8,9,11,128,130" m="11695,20607,1303" machi="8" ten="30,4000,0" yaku="24,1,34,2" doraHai="46" who="0" fromWho="0" sc="320,40,207,-10,263,-20,210,-10" /><INIT seed="7,0,0,2,4,118" ten="360,197,243,200" oya="3" hai0="82,46,0,91,15,68,95,112,116,2,71,3,30" hai1="131,103,113,85,120,126,130,124,50,114,90,42,122" hai2="20,65,60,9,25,18,33,44,36,87,39,8,117" hai3="64,49,6,66,134,55,109,81,61,92,41,23,93"/><W127/><G109/><T80/><D116/><U94/><E103/><V76/><F117/><W111/><G111/><T5/><D30/><U57/><E57/><V78/><F33/><W97/><G127/><N who="1" m="48682" /><E50/><V21/><F39/><W48/><G134/><T26/><D46/><U62/><E62/><V1/><F1/><W72/><G6/><T24/><D95/><N who="3" m="36425" /><G72/><T70/><D91/><U34/><E42/><V37/><F36/><W102/><G81/><T79/><D112/><N who="1" m="43115" /><E34/><V52/><F21/><W11/><G11/><T59/><D59/><U107/><E107/><V101/><F101/><W27/><G41/><T104/><D104/><U45/><E45/><V53/><F37/><W19/><G97/><T4/><D15/><U51/><E51/><N who="3" m="19530" /><G102/><T115/><D115/><U77/><E77/><N who="2" m="29803" /><F87/><W7/><G7/><N who="0" m="2635" /><D79/><U40/><E40/><V29/><F44/><W99/><G99/><T17/><D17/><U123/><AGARI ba="0,0" hai="85,90,94,120,122,123,130,131" m="43115,48682" machi="123" ten="40,12000,2" yaku="18,1,15,1,34,2,52,3" doraHai="118" who="1" fromWho="1" sc="360,-30,197,120,243,-30,200,-60" owari="330,43.0,317,12.0,213,-19.0,140,-36.0" /></mjloggm>