<mjloggm ver="2.3"><GO type="169" lobby="0"/><UN n0="%E3%82%B9%E3%82%B1%E3%83%BC%E3%82%BF%E3%83%BC" n1="%E3%83%88%E3%83%88%E3%83%AA%E5%85%88%E7%94%9F%31%39%E6%AD%B3" n2="%4D%6F%67%65%72%61" n3="%53%48%49%53%55%4B%45" dan="17,18,16,16" rate="2118.39,2280.10,2080.83,2145.69" sx="M,F,F,M"/><TAIKYOKU oya="0"/><INIT seed="0,0,0,3,3,64" ten="250,250,250,250" oya="0" hai0="71,121,49,33,72,34,125,106,113,74,43,20,70" hai1="58,92,51,128,100,18,8,111,82,83,5,129,22" hai2="91,44,115,45,48,42,94,61,107,105,36,73,122" hai3="53,127,135,80,15,62,86,40,88,60,28,31,16"/><T38/><D49/><U1/><E111/><V89/><F115/><W37/><G127/><T84/><D84/><U118/><E118/><V23/><F122/><W69/><G135/><T21/><D121/><U29/><E29/><V55/><F73/><N who="0" m="28266" /><D113/><U130/><E100/><V0/><F0/><W6/><G6/><T116/><D116/><U12/><E92/><V97/><F91/><W26/><G53/><AGARI ba="0,0" hai="1,5,8,12,18,22,51,53,58,82,83,128,129,130" machi="53" ten="40,1300,0" yaku="19,1" doraHai="64" who="1" fromWho="3" sc="250,0,250,13,250,0,250,-13" /><INIT seed="1,0,0,2,2,134" ten="250,263,250,237" oya="1" hai0="114,0,62,130,61,102,90,84,55,129,121,21,4" hai1="9,99,43,54,120,35,45,29,103,113,37,127,135" hai2="133,58,126,13,44,132,15,42,100,69,1,18,50" hai3="83,128,93,115,26,117,40,95,74,51,36,39,81"/><U3/><E113/><V14/><F1/><W31/><G115/><T96/><D121/><U17/><E120/><V52/><F69/><W30/><G128/><N who="0" m="49259" /><D21/><U46/><E135/><N who="2" m="51787" /><F100/><W72/><G51/><T78/><D78/><U75/><E75/><V77/><F77/><W48/><G48/><T86/><D86/><U70/><E70/><V98/><F98/><W22/><G40/><T23/><D23/><U67/><E67/><V7/><F7/><W41/><G41/><T105/><D55/><U6/><E54/><V82/><F82/><W32/><G22/><T24/><D24/><U85/><E85/><V123/><F123/><W19/><G19/><T112/><D112/><U34/><E17/><V73/><F73/><W47/><G47/><T92/><D114/><U38/><E46/><V49/><F18/><W79/><G79/><T88/><D90/><U110/><E45/><V104/><F104/><W111/><G26/><T97/><D97/><U131/><E131/><V33/><F33/><N who="1" m="12297" /><E43/><V53/><F53/><W65/><G32/><T66/><D66/><U87/><E87/><V56/><F56/><W25/><G65/><T57/><D57/><U28/><E99/><V118/><F118/><W91/><G91/><T59/><D59/><U76/><E103/><V11/><F11/><AGARI ba="0,0" hai="0,4,11,61,62,84,88,92,96,102,105" m="49259" machi="11" ten="30,2000,0" yaku="19,1,54,1" doraHai="134" who="0" fromWho="2" sc="250,20,263,0,250,-20,237,0" /><INIT seed="2,0,0,5,1,24" ten="270,263,230,237" oya="2" hai0="95,130,60,61,124,51,32,118,83,133,79,80,54" hai1="52,77,90,98,2,28,35,62,105,88,102,30,94" hai2="53,71,27,58,73,67,22,34,108,41,104,89,21" hai3="131,3,112,93,0,87,76,7,123,6,134,37,117"/><V101/><F73/><W25/><G117/><T114/><D114/><U45/><E2/><V11/><F11/><W122/><G37/><T59/><D118/><U113/><E113/><V57/><F41/><W121/><G112/><T48/><D124/><U64/><E35/><V43/><F43/><W33/><G76/><T44/><D32/><U63/><E77/><V17/><F108/><W29/><G87/><T70/><D130/><U10/><E10/><V42/><F42/><W15/><G93/><T100/><D70/><U8/><E8/><V82/><F57/><W23/><G131/><T50/><D133/><U135/><E135/><V78/><F89/><N who="1" m="34409" /><E105/><V66/><F78/><W26/><G134/><T109/><D109/><U75/><E75/><V69/><F82/><W20/><G33/><T84/><D83/><U40/><E40/><V19/><F34/><W81/><G81/><T128/><D128/><U12/><E12/><V120/><F69/><W86/><G86/><T56/><D44/><U125/><E125/><V47/><F71/><W46/><G46/><T127/><D127/><U126/><E126/><V103/><F47/><W13/><G122/><T65/><D95/><U107/><E107/><V74/><F74/><W106/><G106/><T92/><D92/><U116/><E116/><V68/><F68/><W99/><G99/><T38/><D38/><U1/><E1/><V132/><F104/><W115/><G115/><T96/><D96/><U18/><E45/><V31/><F132/><W129/><G129/><T97/><D97/><U9/><E98/><V49/><F120/><RYUUKYOKU ba="0,0" sc="270,15,263,-15,230,-15,237,15" hai0="48,50,51,54,56,59,60,61,65,79,80,84,100" hai3="0,3,6,7,13,15,20,23,25,26,29,121,123" /><INIT seed="3,1,0,0,1,125" ten="285,248,215,252" oya="3" hai0="133,46,2,124,110,39,31,89,93,97,129,113,115" hai1="87,51,88,123,14,94,49,64,101,71,59,42,112" hai2="8,17,108,13,79,23,55,7,91,33,38,114,77" hai3="26,98,12,18,47,69,106,5,105,50,60,54,130"/><W28/><G5/><T62/><D2/><U132/><E112/><N who="0" m="43081" /><D31/><U25/><E123/><V122/><F108/><W0/><G0/><T111/><D62/><N who="1" m="37983" /><E71/><V86/><F38/><W35/><G98/><T27/><D27/><U120/><E42/><V65/><F33/><W96/><G96/><T78/><D46/><U4/><E132/><V52/><F65/><W90/><G90/><T74/><D39/><U102/><E120/><V67/><F67/><W107/><G60/><T73/><D124/><U70/><E70/><V109/><F109/><N who="0" m="41482" /><D133/><U44/><E25/><V48/><F122/><W11/><REACH who="3" step="1"/><G69/><REACH who="3" ten="285,248,215,242" step="2"/><T10/><D97/><U24/><E4/><V76/><F114/><W83/><G83/><T21/><D89/><U37/><E88/><V126/><F126/><W16/><G16/><T131/><D78/><U66/><E102/><V20/><F7/><W118/><G118/><T30/><D93/><U56/><E94/><V84/><F91/><W1/><G1/><T80/><D80/><U119/><E101/><V81/><F79/><W82/><G82/><T15/><D30/><U57/><E119/><V45/><F77/><W99/><G99/><T104/><D104/><U95/><E95/><V22/><F84/><W29/><G29/><T92/><D92/><U85/><E87/><V63/><F63/><W19/><G19/><N who="0" m="10495" /><D10/><U127/><E127/><V58/><F8/><W103/><G103/><T53/><D74/><U40/><E85/><V41/><F86/><W121/><G121/><T34/><D73/><U36/><E66/><V128/><F81/><W32/><G32/><RYUUKYOKU ba="1,1" sc="285,-10,248,-10,215,-10,242,30" hai3="11,12,18,26,28,35,47,50,54,105,106,107,130" /><INIT seed="3,2,1,2,4,111" ten="275,238,205,272" oya="3" hai0="88,109,84,20,21,106,71,96,83,50,92,65,35" hai1="19,53,99,32,101,12,115,102,66,116,23,56,105" hai2="81,25,41,44,69,76,127,10,37,43,67,74,63" hai3="27,124,82,13,100,38,117,51,108,24,98,118,39"/><W110/><G124/><T11/><D109/><N who="3" m="42089" /><G82/><T45/><D35/><U132/><E32/><V54/><F127/><W18/><G51/><T91/><D106/><U30/><E30/><V95/><F95/><N who="3" m="58463" /><G24/><T64/><D11/><U112/><E66/><N who="0" m="25705" /><D71/><U36/><E36/><N who="3" m="13866" /><G27/><T126/><D126/><U114/><E102/><V75/><F25/><W68/><G68/><T17/><D17/><U77/><E77/><V47/><F75/><W0/><G0/><T120/><D120/><U122/><E122/><V33/><F33/><W121/><G121/><T42/><AGARI ba="2,1" hai="20,21,42,45,50,83,84,88,91,92,96" m="25705" machi="42" ten="30,2000,0" yaku="8,1,54,1" doraHai="111" who="0" fromWho="0" sc="275,36,238,-7,205,-7,272,-12" /><INIT seed="4,0,0,5,4,23" ten="311,231,198,260" oya="0" hai0="4,53,55,102,71,87,73,95,56,97,11,15,33" hai1="64,115,69,57,42,76,8,12,3,90,34,111,105" hai2="80,131,5,121,103,83,35,112,62,119,123,1,126" hai3="19,68,104,48,50,84,107,124,109,99,21,58,117"/><T0/><D71/><U82/><E111/><V92/><F112/><W89/><G109/><T6/><D73/><U27/><E115/><V30/><F119/><W51/><G117/><T54/><D33/><U13/><E69/><V81/><F126/><W75/><G75/><T40/><D40/><U44/><E105/><V98/><F131/><W91/><G68/><T74/><D74/><U132/><E132/><V49/><F49/><W96/><G124/><T10/><REACH who="0" step="1"/><D87/><REACH who="0" ten="301,231,198,260" step="2"/><U86/><E34/><V65/><F35/><W28/><G84/><T113/><D113/><U134/><E42/><V29/><F121/><W133/><G133/><T41/><D41/><U39/><E86/><V130/><F123/><W128/><G128/><T88/><D88/><U61/><E90/><V101/><F130/><W120/><G91/><T100/><D100/><U93/><E134/><V114/><F103/><W94/><G120/><T36/><D36/><U37/><E39/><V110/><F114/><W22/><G89/><T79/><D79/><U70/><E37/><V116/><F116/><W78/><G78/><T135/><D135/><U47/><E70/><V16/><F110/><W106/><G96/><T118/><D118/><U67/><E76/><V66/><F98/><W25/><G99/><T43/><D43/><U59/><E82/><V85/><F83/><W60/><G94/><T129/><D129/><U63/><E93/><V31/><F92/><W122/><G122/><T20/><D20/><U9/><E3/><V32/><F81/><W108/><G108/><T17/><D17/><U2/><E2/><RYUUKYOKU ba="0,1" sc="301,15,231,15,198,-15,260,-15" hai0="0,4,6,10,11,15,53,54,55,56,95,97,102" hai1="8,9,12,13,27,44,47,57,59,61,63,64,67" /><INIT seed="4,1,1,4,3,85" ten="316,246,183,245" oya="0" hai0="121,21,113,9,72,15,57,73,95,107,103,22,19" hai1="40,52,43,31,59,8,122,88,10,97,135,27,129" hai2="110,114,16,54,56,67,77,61,33,13,134,65,30" hai3="93,17,68,46,69,126,105,20,23,18,76,81,64"/><T78/><D121/><U63/><E122/><V24/><F110/><W92/><G105/><T125/><D107/><U98/><E129/><V62/><F134/><W4/><G4/><T117/><D117/><U124/><E98/><V45/><F114/><W79/><G46/><T83/><D73/><U119/><E119/><V90/><F77/><W7/><G7/><T66/><D125/><U44/><E135/><V133/><F133/><W26/><G64/><T91/><D103/><U102/><E124/><V39/><F61/><W101/><G101/><T0/><D0/><U42/><E44/><V84/><F45/><W38/><G126/><T71/><D71/><U48/><E63/><V55/><F54/><W116/><G116/><T96/><D113/><U132/><E132/><V118/><F39/><W41/><G38/><T128/><D128/><U70/><E70/><V75/><F75/><W50/><G50/><T115/><D115/><U86/><E97/><V1/><F1/><W112/><G112/><T80/><D80/><U32/><REACH who="1" step="1"/><E102/><REACH who="1" ten="316,236,183,245" step="2"/><V120/><F118/><W89/><G69/><T127/><D127/><U53/><E53/><V60/><F62/><W47/><G68/><T6/><D57/><U131/><E131/><V74/><F120/><W36/><G47/><T12/><D66/><U99/><E99/><V111/><F111/><W109/><G109/><T106/><D106/><U58/><E58/><V49/><F60/><W94/><G36/><T3/><D96/><U2/><E2/><V34/><F56/><W108/><G108/><T130/><D130/><U5/><E5/><RYUUKYOKU ba="1,2" sc="316,-10,236,30,183,-10,245,-10" hai1="8,10,27,31,32,40,42,43,48,52,59,86,88" /><INIT seed="5,2,2,2,0,61" ten="306,266,173,235" oya="1" hai0="11,2,107,67,19,56,126,46,71,112,29,133,6" hai1="89,50,48,33,27,82,39,108,0,70,66,105,92" hai2="22,96,15,127,69,14,81,85,88,36,54,8,34" hai3="125,97,129,45,40,135,24,10,17,76,120,41,12"/><U59/><E39/><V111/><F111/><W98/><G120/><T35/><D71/><U18/><E0/><V73/><F34/><W1/><G1/><T132/><D107/><U51/><E105/><V119/><F119/><W102/><G125/><T31/><D112/><U32/><E108/><V123/><F123/><W49/><G129/><T9/><D35/><U106/><E106/><V109/><F109/><W30/><G135/><N who="0" m="51787" /><D46/><U60/><E82/><V86/><F73/><W25/><G76/><T122/><D126/><U80/><E80/><V47/><F69/><W131/><G131/><T121/><D56/><U114/><E114/><V53/><F127/><W72/><G72/><T87/><D67/><U104/><E104/><V100/><F85/><W3/><G3/><T91/><D91/><U101/><E101/><V115/><F115/><W55/><G25/><T7/><D19/><U93/><E70/><V118/><F118/><W43/><REACH who="3" step="1"/><G102/><REACH who="3" ten="306,266,173,225" step="2"/><T84/><D121/><U94/><E27/><V110/><F110/><W117/><G117/><T65/><D122/><U20/><E89/><V57/><F100/><W44/><G44/><T75/><D75/><U128/><E128/><V23/><F47/><W130/><G130/><T99/><D2/><U5/><E5/><V58/><F88/><W42/><N who="3" m="10240" /><DORA hai="37" /><W113/><G113/><T4/><D7/><U52/><E32/><AGARI ba="2,3" hai="10,12,17,24,30,32,45,49,55,97,98" m="10240" machi="32" ten="50,8000,1" yaku="1,1,52,4,53,0" doraHai="61,37" doraHaiUra="78,103" who="3" fromWho="1" sc="306,0,266,-86,173,0,225,116" /><INIT seed="6,0,0,2,2,24" ten="306,180,173,341" oya="2" hai0="83,51,53,132,64,9,74,115,127,36,89,92,19" hai1="134,121,103,38,17,18,37,43,65,93,84,106,39" hai2="34,29,4,30,72,47,87,25,80,81,49,105,71" hai3="102,123,67,41,78,50,91,56,57,0,76,22,20"/><V124/><F71/><W58/><G123/><T12/><D36/><U129/><E121/><V31/><F105/><W118/><G118/><T119/><D115/><U128/><E134/><V125/><F4/><W23/><G0/><T113/><D113/><U60/><E43/><V28/><F72/><W15/><G102/><T133/><D64/><U131/><E106/><V45/><F45/><N who="3" m="25903" /><G67/><T96/><D127/><N who="2" m="48714" /><F87/><W98/><G15/><T90/><D119/><U46/><E46/><V116/><F116/><W69/><G69/><T61/><D61/><U8/><E8/><V44/><F44/><W70/><G70/><T77/><D89/><N who="1" m="53415" /><E103/><V99/><F99/><W7/><G7/><T2/><D2/><U11/><E11/><V73/><F73/><W48/><G48/><T68/><D68/><AGARI ba="0,0" hai="17,18,37,38,39,60,65,68,128,129,131" m="53415" machi="68" ten="40,1300,0" yaku="19,1" doraHai="24" who="1" fromWho="0" sc="306,-13,180,13,173,0,341,0" /><INIT seed="7,0,0,3,0,12" ten="293,193,173,341" oya="3" hai0="20,89,93,108,61,56,38,3,109,106,135,85,45" hai1="58,5,83,92,4,9,91,22,25,44,87,99,26" hai2="42,105,66,13,130,118,7,113,16,69,96,0,82" hai3="125,121,67,75,32,33,31,63,49,97,23,46,81"/><W34/><G121/><T72/><D106/><U27/><E44/><V131/><F118/><W126/><G97/><T129/><D72/><U133/><E133/><V60/><F113/><W134/><G134/><T107/><D107/><U43/><E43/><V17/><F0/><W50/><G81/><T73/><D73/><U110/><E110/><V128/><F42/><W18/><G75/><T103/><D103/><U65/><E65/><V51/><F51/><W57/><G31/><T64/><D3/><U78/><E58/><V36/><F36/><W84/><G84/><T6/><D6/><N who="1" m="2667" /><E9/><N who="2" m="4287" /><F82/><W37/><G37/><T1/><D1/><U117/><E117/><V101/><AGARI ba="0,0" hai="16,17,60,66,69,96,101,105,128,130,131" m="4287" machi="101" ten="40,8000,1" yaku="19,1,52,2,54,1" doraHai="12" who="2" fromWho="2" sc="293,-20,193,-20,173,80,341,-40" owari="273,7.0,173,-33.0,253,-15.0,301,41.0" /></mjloggm>