<mjloggm ver="2.3"><GO type="41" lobby="0"/><UN n0="%E3%81%86%E3%81%89%E3%82%93%E5%8E%A8" n1="%54%2E%54%2E%38" n2="%73%61%2D%6D%6F%6E" n3="%E5%B0%B1%E6%B4%BB%E7%94%9F%40%E5%B7%9D%E6%9D%91%E8%BB%8D%E5%9B%A3" dan="15,15,14,15" rate="1995.75,1982.33,1922.26,2001.70" sx="M,M,M,M"/><TAIKYOKU oya="0"/><INIT seed="0,0,0,1,3,112" ten="250,250,250,250" oya="0" hai0="3,53,105,128,1,98,120,62,70,32,50,93,99" hai1="85,133,97,84,131,68,36,17,130,75,108,33,135" hai2="27,80,118,49,39,101,81,123,23,11,15,13,111" hai3="66,124,59,22,61,100,30,79,7,117,114,129,2"/><T104/><BYE who="3" /><D120/><UN n3="%E5%B0%B1%E6%B4%BB%E7%94%9F%40%E5%B7%9D%E6%9D%91%E8%BB%8D%E5%9B%A3" /><U21/><E75/><V51/><F39/><W107/><G107/><BYE who="3" /><T4/><D32/><UN n3="%E5%B0%B1%E6%B4%BB%E7%94%9F%40%E5%B7%9D%E6%9D%91%E8%BB%8D%E5%9B%A3" /><U25/><E33/><V57/><F123/><W58/><G58/><BYE who="3" /><T37/><D37/><U12/><E68/><V103/><F111/><W34/><G34/><T44/><D128/><N who="1" m="49195" /><E36/><UN n3="%E5%B0%B1%E6%B4%BB%E7%94%9F%40%E5%B7%9D%E6%9D%91%E8%BB%8D%E5%9B%A3" /><V26/><F23/><W55/><G55/><BYE who="3" /><UN n3="%E5%B0%B1%E6%B4%BB%E7%94%9F%40%E5%B7%9D%E6%9D%91%E8%BB%8D%E5%9B%A3" /><T126/><D126/><U60/><E108/><V113/><F57/><W64/><G64/><BYE who="3" /><T38/><D38/><U95/><E60/><V132/><F11/><W122/><G122/><T24/><D24/><U5/><E25/><V86/><F86/><W65/><G65/><T54/><D98/><U77/><E5/><V92/><F92/><W115/><G115/><T134/><D134/><N who="1" m="51211" /><E77/><V73/><F73/><W121/><G121/><T63/><D70/><U47/><E47/><V82/><F132/><W31/><G31/><T110/><D110/><U0/><E0/><V10/><F113/><W41/><G41/><T102/><D4/><U96/><E96/><V19/><F10/><W76/><G76/><T89/><D105/><U20/><E20/><V109/><F109/><W72/><G72/><T16/><D3/><U116/><E116/><V88/><F26/><W18/><G18/><T71/><D1/><U9/><E9/><V56/><F19/><W78/><G78/><T46/><D16/><U52/><E52/><V40/><F27/><W69/><G69/><T28/><D28/><U90/><AGARI ba="0,0" hai="12,17,21,84,85,90,95,97" m="51211,49195" machi="90" ten="30,2000,0" yaku="19,1,20,1" doraHai="112" who="1" fromWho="1" sc="250,-10,250,20,250,-5,250,-5" /><INIT seed="1,0,0,5,3,87" ten="240,270,245,245" oya="1" hai0="41,21,50,11,46,1,15,106,6,100,81,5,25" hai1="43,111,67,69,117,125,98,104,65,18,119,133,42" hai2="120,97,33,14,59,75,34,45,20,79,84,105,9" hai3="78,57,88,122,73,76,58,128,102,2,38,89,55"/><U112/><E112/><V71/><F120/><W36/><G36/><T68/><D68/><U126/><E133/><V86/><F71/><W63/><G63/><T118/><D118/><N who="1" m="45067" /><E18/><V113/><F75/><W3/><G3/><T99/><D81/><U80/><E80/><V110/><F45/><W85/><G85/><T52/><D41/><N who="1" m="15371" /><E69/><V23/><F59/><W39/><G39/><T16/><REACH who="0" step="1"/><D5/><REACH who="0" ten="230,270,245,245" step="2"/><U4/><E4/><V56/><F113/><W47/><G47/><T115/><D115/><U72/><E72/><V0/><F110/><W10/><G10/><T132/><D132/><U26/><E111/><V40/><F9/><W83/><G83/><T30/><D30/><U103/><E26/><AGARI ba="0,1" hai="1,6,11,15,16,21,25,26,46,50,52,99,100,106" machi="26" ten="40,8000,1" yaku="1,1,54,2,53,1" doraHai="87" doraHaiUra="101" who="0" fromWho="1" sc="230,90,270,-80,245,0,245,0" /><INIT seed="2,0,0,5,2,114" ten="320,190,245,245" oya="2" hai0="65,0,121,7,119,102,123,95,26,50,55,105,42" hai1="100,129,32,67,117,68,110,77,13,58,94,80,62" hai2="25,40,51,101,14,134,63,31,30,70,115,19,124" hai3="104,1,112,6,60,111,18,59,92,4,23,91,43"/><V127/><F115/><W93/><G93/><T48/><D105/><U9/><E129/><V10/><F134/><W37/><G37/><T8/><D65/><U79/><E110/><V41/><F101/><W83/><G83/><T89/><D102/><U131/><E32/><N who="2" m="20559" /><F51/><W126/><G126/><N who="2" m="48169" /><F31/><W96/><G96/><T81/><D81/><U116/><E131/><V38/><F38/><W87/><G87/><T75/><D75/><U74/><E79/><V120/><F120/><W130/><G130/><T46/><D26/><U107/><E107/><V45/><F45/><W24/><G24/><T11/><D11/><U47/><E47/><V53/><F53/><W99/><G99/><T29/><D29/><U27/><E27/><V103/><F103/><W76/><G76/><T15/><D0/><U109/><E109/><V88/><F88/><W28/><G28/><T36/><D36/><U98/><REACH who="1" step="1"/><E68/><REACH who="1" ten="320,180,245,245" step="2"/><V49/><F49/><W78/><G78/><T128/><D48/><U39/><E39/><V56/><F70/><W73/><G73/><T135/><D128/><U86/><E86/><V64/><AGARI ba="0,1" hai="10,14,19,40,41,56,63,64" m="48169,20559" machi="64" ten="30,1500,0" yaku="18,1" doraHai="114" who="2" fromWho="2" sc="320,-5,180,-5,245,25,245,-5" /><INIT seed="2,1,0,1,3,0" ten="315,175,270,240" oya="2" hai0="110,113,5,31,53,79,69,21,65,52,87,30,61" hai1="1,42,39,81,76,64,107,55,100,56,19,7,117" hai2="98,4,95,103,119,126,51,23,109,63,125,37,16" hai3="84,82,135,90,28,59,3,77,12,29,101,97,36"/><V2/><F119/><W47/><G47/><T10/><D113/><U40/><E117/><V91/><F37/><W93/><G93/><T15/><D110/><U122/><E64/><V27/><F109/><W58/><G58/><T35/><D35/><U88/><E122/><V73/><F73/><W34/><G34/><T120/><D120/><U128/><E39/><V105/><F63/><W123/><G123/><T17/><D31/><U116/><E128/><V74/><F51/><W32/><G32/><T104/><D104/><U48/><E116/><V38/><F74/><W49/><G49/><T41/><D41/><U83/><E100/><V62/><F62/><W132/><G132/><T72/><D72/><U94/><E107/><V112/><F38/><W60/><G60/><T114/><D114/><U22/><E81/><V45/><F45/><W80/><G80/><T131/><D131/><U24/><E83/><V67/><F67/><W89/><G89/><T121/><D121/><U68/><E76/><V9/><REACH who="2" step="1"/><F112/><REACH who="2" ten="315,175,260,240" step="2"/><W26/><G26/><T13/><D65/><U133/><E133/><V54/><F54/><W8/><G8/><T78/><D61/><U129/><E129/><V75/><F75/><W33/><G33/><T111/><D111/><U124/><E124/><V115/><F115/><W106/><G106/><T118/><D118/><U99/><E68/><V11/><F11/><W71/><G71/><T43/><D69/><U14/><REACH who="1" step="1"/><E24/><REACH who="1" ten="315,165,260,240" step="2"/><V57/><F57/><W92/><G92/><T18/><D53/><U86/><E86/><AGARI ba="1,2" hai="2,4,9,16,23,27,86,91,95,98,103,105,125,126" machi="86" ten="40,7700,0" yaku="1,1,52,1,54,1,53,0" doraHai="0" doraHaiUra="108" who="2" fromWho="1" sc="315,0,165,-80,260,100,240,0" /><INIT seed="2,2,0,3,4,63" ten="315,85,360,240" oya="2" hai0="96,1,72,69,0,13,92,76,10,119,133,30,71" hai1="56,87,17,31,35,79,2,34,106,73,39,3,16" hai2="46,82,123,52,127,125,118,65,111,131,45,37,80" hai3="97,105,15,25,26,19,6,24,113,60,59,64,114"/><V14/><F123/><W88/><G88/><T5/><D133/><U11/><E39/><V104/><F104/><W126/><G126/><T130/><D119/><U120/><E106/><V128/><F118/><W103/><G103/><T90/><D30/><U54/><E73/><V20/><F65/><W43/><G43/><T27/><D27/><U112/><E120/><V135/><F111/><W115/><G115/><T100/><D130/><N who="2" m="49706" /><F37/><W116/><G116/><T110/><D110/><U98/><E112/><V129/><F129/><W75/><G75/><T93/><D76/><U55/><E98/><V57/><F14/><W107/><G107/><T109/><D72/><U99/><E99/><V28/><F20/><W36/><G36/><T32/><D32/><U49/><E54/><V117/><F28/><W61/><G61/><T108/><D108/><U121/><E121/><V77/><F117/><W22/><G22/><T95/><D109/><U81/><E34/><V41/><F41/><W89/><G89/><T66/><D66/><U124/><E124/><N who="2" m="47691" /><F135/><W84/><G84/><N who="0" m="52295" /><D1/><U8/><E2/><V58/><F58/><W78/><G78/><T68/><D0/><U86/><E3/><V91/><F91/><W23/><G23/><T83/><D83/><N who="2" m="31786" /><F77/><W47/><G47/><T101/><D101/><U85/><E31/><V51/><AGARI ba="2,0" hai="45,46,51,52,57" m="31786,47691,49706" machi="51" ten="40,7800,0" yaku="19,1,18,1,54,1" doraHai="63" who="2" fromWho="2" sc="315,-28,85,-28,360,84,240,-28" /><INIT seed="2,3,0,1,5,18" ten="287,57,444,212" oya="2" hai0="65,38,122,105,60,15,128,77,46,44,107,39,83" hai1="71,63,120,85,6,12,117,127,20,134,34,78,84" hai2="121,7,87,131,92,94,101,48,11,42,126,16,14" hai3="66,93,76,41,103,112,75,116,104,113,110,114,29"/><V97/><F121/><W31/><G31/><T8/><D122/><U99/><E34/><V74/><F74/><W51/><G51/><T124/><D124/><U17/><E127/><V45/><F126/><W86/><G86/><T24/><D128/><U27/><E120/><V135/><F135/><W90/><G90/><T130/><D130/><U58/><E134/><V102/><F131/><W43/><G43/><T23/><D105/><U82/><E117/><V22/><F87/><W61/><G61/><T55/><D107/><U119/><E119/><V108/><F108/><W64/><G64/><T53/><D46/><U59/><E71/><V98/><F22/><W129/><G129/><T54/><D44/><U80/><E99/><V109/><F109/><W88/><G88/><T13/><D39/><U68/><E68/><V47/><F47/><W79/><G79/><T125/><D38/><U3/><E3/><V30/><F30/><W5/><G5/><AGARI ba="3,0" hai="5,7,11,14,16,42,45,48,92,94,97,98,101,102" machi="5" ten="40,7700,0" yaku="9,1,8,1,54,1" doraHai="18" who="2" fromWho="3" sc="287,0,57,0,444,86,212,-86" /><INIT seed="2,4,0,1,0,27" ten="287,57,530,126" oya="2" hai0="41,40,33,55,133,100,126,76,1,115,16,44,65" hai1="8,51,11,62,59,79,0,118,31,132,13,37,112" hai2="17,39,49,95,28,127,26,89,35,2,19,63,90" hai3="131,134,91,7,128,34,5,66,22,29,32,119,82"/><V46/><F39/><W78/><G78/><T70/><D33/><U50/><E37/><V122/><F2/><W86/><G86/><T81/><D1/><U69/><E69/><V72/><F72/><W80/><G80/><T56/><D115/><U75/><E118/><V60/><F60/><W104/><G104/><T129/><D126/><U23/><E112/><V61/><F61/><W109/><G109/><T42/><D65/><U9/><E0/><V38/><F38/><W111/><G111/><T101/><D70/><U52/><E132/><V64/><F127/><W107/><G107/><T18/><D129/><U24/><REACH who="1" step="1"/><E13/><REACH who="1" ten="287,47,530,126" step="2"/><V120/><F120/><W94/><G94/><T83/><D133/><U10/><N who="1" m="2048" /><DORA hai="121" /><U102/><E102/><V92/><F95/><W47/><G47/><T57/><D101/><U87/><E87/><V108/><F92/><W105/><G105/><T71/><D44/><U25/><E25/><V36/><F36/><W97/><G97/><T116/><D100/><U6/><E6/><V67/><F46/><W77/><G77/><T20/><D116/><U12/><E12/><V68/><F68/><W99/><G99/><T3/><D76/><U30/><E30/><V117/><F28/><W93/><G93/><T114/><D71/><U73/><E73/><V74/><F26/><W125/><G125/><T54/><D114/><U124/><E124/><V110/><F74/><W98/><G98/><T85/><D3/><U88/><E88/><V135/><F90/><W113/><G113/><T4/><D4/><U53/><E53/><V123/><F89/><RYUUKYOKU ba="4,1" sc="287,-10,47,30,530,-10,126,-10" hai1="23,24,31,50,51,52,59,62,75,79" /><INIT seed="3,5,1,3,0,66" ten="277,77,520,116" oya="3" hai0="97,117,69,132,44,112,54,119,108,17,113,75,53" hai1="133,37,68,70,105,35,28,103,100,88,131,23,5" hai2="12,121,80,55,98,92,102,26,104,82,127,18,107" hai3="83,126,96,9,51,110,13,39,93,78,1,81,124"/><W86/><G86/><T63/><D75/><U129/><E37/><V101/><F127/><W67/><G67/><N who="0" m="41215" /><D97/><U21/><E133/><V29/><F55/><N who="0" m="21002" /><D17/><U87/><E5/><V60/><F60/><W45/><G45/><T74/><D74/><U22/><E28/><V20/><F121/><W57/><G57/><T31/><D31/><U50/><E35/><V89/><F102/><N who="1" m="38953" /><E50/><V6/><F6/><W77/><G77/><T58/><D108/><U2/><E2/><V42/><F42/><W123/><G123/><T71/><D132/><U79/><E79/><V27/><F27/><W130/><G130/><N who="1" m="49674" /><E105/><V106/><F101/><W56/><G56/><T14/><D14/><U24/><E24/><V40/><F40/><W85/><G85/><T84/><D84/><U99/><E99/><V118/><F118/><N who="0" m="45066" /><D44/><U38/><E38/><V33/><AGARI ba="5,1" hai="12,18,20,26,29,33,80,82,89,92,98,104,106,107" machi="33" ten="30,1100,0" yaku="0,1" doraHai="66" who="2" fromWho="2" sc="277,-8,77,-8,520,36,116,-10" /><INIT seed="4,0,0,4,4,112" ten="269,69,556,106" oya="0" hai0="109,73,43,1,118,25,20,86,40,31,131,101,84" hai1="61,26,71,79,17,12,80,102,121,22,110,105,120" hai2="100,91,36,5,65,66,15,133,49,104,75,2,6" hai3="113,30,4,74,38,81,60,56,116,89,69,98,99"/><T72/><D118/><U24/><E110/><V83/><F36/><W35/><G35/><T9/><D131/><U28/><E26/><V76/><F2/><W16/><G16/><T132/><D101/><U52/><E102/><V44/><F133/><W108/><G108/><T128/><D109/><U97/><E97/><V32/><F32/><W67/><G67/><T13/><D128/><U95/><E105/><V29/><F29/><W33/><G33/><T55/><D132/><U45/><E95/><V39/><F39/><W85/><G85/><T107/><D107/><U62/><E71/><V47/><F47/><W63/><G63/><T3/><D73/><U0/><E0/><V11/><F5/><W94/><G94/><T106/><D72/><U19/><E19/><V77/><F91/><W57/><G57/><T23/><D106/><U10/><E62/><V122/><F77/><W53/><G53/><T8/><D55/><U130/><E130/><V34/><F34/><W88/><G88/><T70/><D70/><U114/><E114/><V82/><F82/><W14/><G14/><T41/><D1/><U111/><E111/><V54/><F122/><W51/><G51/><T7/><REACH who="0" step="1"/><D20/><REACH who="0" ten="259,69,556,106" step="2"/><U127/><E121/><V59/><F54/><W93/><G93/><T126/><D126/><U78/><E120/><V42/><F104/><W48/><G48/><T124/><D124/><U64/><E127/><V58/><F100/><W117/><G117/><T96/><D96/><U115/><E115/><V123/><F123/><W103/><G103/><T119/><D119/><U92/><E22/><RYUUKYOKU ba="0,1" sc="259,15,69,-15,556,15,106,-15" hai0="3,7,8,9,13,23,25,31,40,41,43,84,86" hai2="6,11,15,42,44,49,58,59,65,66,75,76,83" /><INIT seed="4,1,1,0,2,2" ten="274,54,571,91" oya="0" hai0="103,130,111,6,79,39,5,121,4,108,125,3,0" hai1="31,101,62,54,56,107,53,88,21,117,46,132,115" hai2="81,38,74,47,8,17,104,110,69,112,96,129,57" hai3="26,98,105,85,97,75,94,41,89,34,68,36,25"/><T60/><D121/><U48/><E117/><V95/><F110/><N who="0" m="42026" /><D39/><U80/><E115/><V100/><F69/><W120/><G120/><T87/><D125/><U49/><E132/><V20/><F8/><W109/><G109/><T99/><D130/><U1/><E1/><V51/><F112/><W72/><G72/><T18/><D18/><U33/><E33/><V37/><F57/><W71/><G71/><T61/><D61/><U102/><E107/><V106/><F106/><W12/><G12/><T7/><D60/><U114/><E114/><V67/><F67/><W50/><G50/><T131/><D131/><U58/><E62/><V45/><F45/><W32/><G32/><T76/><D7/><U116/><E46/><V78/><F104/><W64/><G64/><T113/><D113/><U44/><E44/><V16/><F17/><W59/><G59/><T93/><D79/><U73/><E116/><V127/><F127/><W15/><G15/><T52/><D52/><U66/><E66/><V11/><F129/><W19/><G19/><T35/><D35/><U124/><E124/><V77/><F78/><W90/><G90/><N who="0" m="53471" /><D76/><U55/><E54/><V119/><F119/><W9/><G9/><T118/><D118/><U84/><E73/><V27/><F11/><W22/><G22/><T86/><D86/><U70/><E70/><V42/><AGARI ba="1,1" hai="16,20,27,37,38,42,47,51,74,77,81,95,96,100" machi="42" ten="20,2700,0" yaku="0,1,7,1,54,1" doraHai="2" who="2" fromWho="2" sc="274,-14,54,-8,571,40,91,-8" /><INIT seed="5,0,0,2,5,102" ten="260,46,611,83" oya="1" hai0="135,43,49,7,93,134,57,27,21,124,2,129,36" hai1="15,66,56,122,71,55,133,13,45,94,131,127,63" hai2="17,20,12,25,82,84,103,77,75,85,39,40,23" hai3="37,123,128,30,34,116,96,64,69,60,88,5,31"/><U97/><E122/><V113/><F103/><W98/><G98/><T68/><D36/><U95/><E133/><N who="0" m="50697" /><D68/><U79/><E131/><V44/><F113/><W115/><G115/><T119/><D129/><U6/><E127/><V0/><F0/><W38/><G38/><T121/><D124/><U22/><E79/><V26/><F26/><W125/><G125/><T105/><D105/><U29/><E6/><V41/><F41/><W65/><G65/><T14/><D2/><U108/><E94/><V126/><F126/><W111/><G111/><T47/><D57/><U130/><E108/><V32/><F32/><W54/><G54/><T4/><D93/><U33/><E33/><V1/><F1/><W91/><G91/><T107/><D107/><U78/><E78/><V99/><F99/><W117/><G117/><T59/><D59/><U100/><E130/><V48/><F39/><W109/><G109/><T51/><D51/><N who="1" m="29167" /><E71/><V52/><F40/><W53/><G53/><T42/><D7/><U11/><E11/><V46/><F46/><W83/><G83/><T70/><D70/><U110/><E110/><V62/><F62/><W118/><G118/><T18/><D121/><U74/><E74/><V10/><F10/><W16/><G16/><AGARI ba="0,0" hai="12,16,17,20,23,25,44,48,52,75,77,82,84,85" machi="16" ten="30,3900,0" yaku="7,1,54,2" doraHai="102" who="2" fromWho="3" sc="260,0,46,0,611,39,83,-39" /><INIT seed="6,0,0,2,3,95" ten="260,46,650,44" oya="2" hai0="106,87,50,119,39,0,28,117,11,60,34,29,111" hai1="133,105,16,8,17,14,1,90,35,115,38,4,131" hai2="44,45,5,99,75,97,71,92,54,21,18,112,96" hai3="70,37,6,36,100,124,116,42,107,67,51,58,103"/><V63/><F75/><W128/><G128/><T27/><D39/><U33/><E105/><V101/><F112/><W88/><G88/><T132/><D106/><U13/><E90/><V57/><F5/><W15/><G15/><N who="1" m="5642" /><E38/><V91/><F71/><W73/><G73/><T7/><D29/><U2/><E115/><V118/><F118/><W53/><G53/><T30/><D30/><U135/><E131/><V19/><F19/><N who="1" m="7241" /><E1/><V69/><F69/><W134/><G134/><AGARI ba="0,0" hai="2,4,8,33,35,133,134,135" m="7241,5642" machi="134" ten="30,7700,0" yaku="20,1,34,2,54,1" doraHai="95" who="1" fromWho="3" sc="260,0,46,77,650,0,44,-77" owari="260,6.0,123,-28.0,650,75.0,-33,-53.0" /></mjloggm>