<mjloggm ver="2.3"><GO type="169" lobby="0"/><UN n0="%E3%81%99%E3%81%BE%E3%81%9F" n1="%E3%81%8A%E7%9F%A5%E3%82%89%E3%81%9B" n2="%E4%BB%AE%E9%B3%B3%E5%87%B0%E6%B0%91" n3="%E3%83%88%E3%83%88%E3%83%AA%E5%85%88%E7%94%9F%31%39%E6%AD%B3" dan="16,17,17,18" rate="2126.05,2125.88,2154.54,2153.92" sx="M,M,M,F"/><TAIKYOKU oya="0"/><INIT seed="0,0,0,4,1,46" ten="250,250,250,250" oya="0" hai0="47,117,122,13,91,38,130,132,112,52,121,106,29" hai1="19,49,103,1,48,50,128,27,21,90,23,87,96" hai2="41,102,134,74,110,70,98,10,22,35,20,69,43" hai3="88,135,120,81,92,89,84,42,133,77,127,59,111"/><T11/><D117/><U104/><E128/><V7/><F74/><W72/><G42/><T71/><D112/><U64/><E1/><V61/><F35/><W114/><G114/><T31/><D130/><U3/><E3/><V131/><F110/><W54/><G111/><T86/><D106/><U78/><E64/><V57/><F131/><W80/><G127/><T75/><D75/><U4/><E4/><V126/><F126/><W60/><REACH who="3" step="1"/><G120/><REACH who="3" ten="250,250,250,240" step="2"/><T9/><D121/><U107/><E107/><V67/><F41/><W56/><G56/><T119/><D122/><U17/><E78/><V8/><F43/><W93/><G93/><T40/><D119/><U65/><E65/><V37/><F37/><W68/><G68/><T83/><D71/><U5/><E5/><V30/><F69/><W85/><AGARI ba="0,1" hai="54,59,60,72,77,80,81,84,85,88,89,92,133,135" machi="85" ten="30,4000,0" yaku="1,1,0,1,54,1,53,0" doraHai="46" doraHaiUra="25" who="3" fromWho="3" sc="250,-20,250,-10,250,-10,240,50" /><INIT seed="1,0,0,5,2,2" ten="230,240,240,290" oya="1" hai0="71,94,100,31,0,40,41,66,21,9,119,85,98" hai1="133,90,17,38,132,48,121,14,36,129,46,73,86" hai2="25,15,75,104,118,128,33,45,26,91,56,32,83" hai3="10,62,52,127,124,115,18,130,59,70,113,106,4"/><U134/><E73/><V43/><F104/><W87/><G106/><T125/><D119/><U53/><E129/><V61/><F118/><W19/><G130/><T29/><D125/><N who="3" m="48201" /><G70/><T69/><D85/><U102/><E102/><V22/><F128/><W20/><G87/><T57/><D57/><U65/><E65/><V54/><F15/><N who="3" m="9343" /><G18/><T116/><D116/><U58/><E121/><V105/><F105/><W126/><N who="3" m="48209" /><W88/><DORA hai="16" /><G88/><T11/><D69/><U30/><E30/><V3/><F26/><W47/><G47/><T97/><D31/><U12/><E46/><V93/><F3/><AGARI ba="0,0" hai="3,4,10,52,59,62,113,115" m="9343,48209" machi="3" ten="40,8000,1" yaku="18,1,52,2,54,1" doraHai="2,16" who="3" fromWho="2" sc="230,0,240,0,240,-80,290,80" /><INIT seed="2,0,0,2,1,131" ten="230,240,160,370" oya="2" hai0="25,56,133,112,47,63,104,62,129,8,45,12,96" hai1="76,132,40,123,13,66,1,15,60,55,97,101,59" hai2="44,108,119,19,28,115,109,75,17,29,124,0,61" hai3="11,122,10,24,42,94,127,113,64,69,135,9,130"/><V125/><F75/><W80/><G122/><T100/><D112/><U51/><E123/><V41/><F61/><N who="3" m="40079" /><G94/><T72/><D72/><U78/><E1/><V53/><F53/><W36/><G24/><T6/><D129/><U121/><E40/><V21/><F115/><W114/><G130/><T134/><D25/><U93/><E132/><N who="0" m="50793" /><D63/><U105/><E105/><V57/><F57/><W70/><G70/><T86/><D86/><U95/><E95/><V48/><F0/><W18/><G127/><N who="2" m="48713" /><F119/><W73/><G135/><T26/><D26/><U103/><E103/><V23/><F21/><W91/><G73/><T43/><D43/><U87/><E121/><V39/><F39/><W54/><G36/><T99/><D96/><U110/><E87/><V82/><F82/><W116/><G42/><T102/><D100/><U38/><E38/><V106/><F106/><W90/><G114/><T71/><D71/><U14/><E60/><V34/><F34/><W120/><G113/><T117/><D117/><U5/><E97/><V22/><F22/><W30/><G116/><T65/><AGARI ba="0,0" hai="6,8,12,45,47,56,62,65,99,102,104" m="50793" machi="65" ten="30,7900,0" yaku="20,1,52,3" doraHai="131" who="0" fromWho="0" sc="230,79,240,-20,160,-39,370,-20" /><INIT seed="3,0,0,5,1,0" ten="309,220,121,350" oya="3" hai0="40,28,63,130,80,8,13,108,12,85,78,55,90" hai1="128,51,46,69,87,125,110,43,126,133,29,83,3" hai2="65,60,96,81,22,112,117,77,95,104,4,92,23" hai3="39,99,33,109,106,44,70,32,102,15,37,48,68"/><W79/><G109/><T118/><D108/><U107/><E107/><V84/><F117/><W123/><G123/><T116/><D118/><U82/><E110/><V31/><F112/><W35/><G79/><T101/><D116/><U11/><E69/><V98/><F104/><W111/><G111/><T27/><D130/><U113/><E113/><V71/><F4/><W93/><G106/><T120/><D120/><U91/><E29/><V17/><F31/><W30/><G30/><T88/><D40/><U2/><E128/><V5/><F17/><W73/><G73/><T42/><D42/><U10/><E133/><V7/><F23/><W58/><G58/><T54/><D101/><U49/><E49/><V105/><F105/><W94/><G94/><T100/><D100/><U25/><E25/><V20/><F20/><W129/><G129/><T64/><D54/><U115/><E115/><V56/><F22/><W1/><G1/><N who="1" m="10" /><E83/><V89/><F71/><W24/><G24/><T132/><D55/><U75/><E75/><V67/><F65/><W62/><G15/><N who="0" m="5707" /><D8/><U14/><E14/><V45/><F45/><W53/><REACH who="3" step="1"/><G70/><REACH who="3" ten="309,220,121,340" step="2"/><T127/><D27/><U36/><E10/><V34/><REACH who="2" step="1"/><F34/><REACH who="2" ten="309,220,111,340" step="2"/><W114/><G114/><T76/><D28/><U61/><E11/><V21/><F21/><W72/><G72/><T122/><D122/><U74/><E74/><V119/><F119/><W6/><G6/><T121/><D121/><U26/><E26/><V9/><F9/><W19/><G19/><T131/><D131/><U47/><E47/><V41/><F41/><W18/><G18/><RYUUKYOKU ba="0,2" sc="309,-15,220,-15,111,15,340,15" hai2="5,7,56,60,67,77,81,84,89,92,95,96,98" hai3="32,33,35,37,39,44,48,53,62,68,93,99,102" /><INIT seed="3,1,2,3,1,6" ten="294,205,126,355" oya="3" hai0="27,17,26,135,9,11,129,119,38,64,33,117,115" hai1="25,0,56,44,58,105,94,76,55,2,49,69,61" hai2="107,62,78,79,4,126,108,121,66,5,29,109,111" hai3="133,50,101,87,10,54,3,127,130,95,103,74,82"/><W124/><G74/><T113/><D38/><U90/><E105/><V102/><F121/><W57/><G130/><T65/><D65/><U132/><E132/><V122/><F122/><W42/><G133/><T134/><D64/><U41/><E76/><N who="2" m="29227" /><F126/><N who="3" m="48171" /><G42/><T37/><D37/><U39/><E25/><V53/><F53/><W116/><G116/><N who="0" m="44619" /><D129/><U112/><E112/><N who="0" m="43081" /><D26/><U28/><E28/><V75/><F75/><W118/><G118/><T96/><D96/><N who="1" m="57431" /><E58/><N who="2" m="37207" /><F29/><W32/><G32/><T59/><D59/><U83/><E56/><V67/><F67/><W72/><G72/><T30/><D17/><U36/><E69/><V14/><F14/><W31/><G31/><T8/><AGARI ba="1,2" hai="8,9,11,27,30,33,134,135" m="43081,44619" machi="8" ten="40,12000,2" yaku="11,1,34,2,52,3" doraHai="6" who="0" fromWho="0" sc="294,143,205,-31,126,-31,355,-61" /><INIT seed="4,0,0,0,0,40" ten="437,174,95,294" oya="0" hai0="33,100,45,21,79,1,107,54,58,66,34,6,29" hai1="88,122,22,38,35,126,123,5,75,63,84,44,111" hai2="28,76,69,118,110,125,92,81,108,94,112,93,23" hai3="134,19,95,43,114,42,117,20,4,119,96,36,41"/><T10/><D79/><U26/><E75/><V130/><F69/><W115/><G4/><T116/><D116/><U124/><E35/><V13/><F28/><W101/><G134/><T50/><D107/><U87/><E5/><V30/><F30/><W129/><G129/><T31/><D100/><U127/><E111/><V60/><F60/><W80/><G80/><T17/><D33/><U132/><E132/><V37/><F37/><W91/><G101/><T51/><D34/><U65/><E84/><V56/><F56/><W47/><G42/><T3/><D3/><U128/><E128/><V68/><F68/><W102/><G41/><T131/><D131/><U133/><E133/><V82/><F23/><W32/><G102/><T121/><D121/><U85/><E44/><V53/><F53/><W49/><G36/><T74/><D74/><U90/><E38/><V72/><F13/><W105/><G105/><T59/><D59/><N who="1" m="37119" /><E85/><V97/><F130/><W46/><G46/><T25/><REACH who="0" step="1"/><D66/><REACH who="0" ten="427,174,95,294" step="2"/><U0/><E0/><V71/><F118/><W48/><G32/><T57/><D57/><U39/><E122/><V104/><F71/><W15/><G117/><T78/><D78/><U12/><E123/><V103/><F112/><N who="3" m="43051" /><G119/><T106/><D106/><U14/><E124/><V52/><F125/><W27/><G47/><T62/><D62/><U99/><E126/><V73/><F110/><W9/><G49/><T61/><D61/><U83/><E127/><V86/><F108/><W55/><G48/><T98/><D98/><U77/><E39/><V135/><F135/><W24/><G96/><RYUUKYOKU ba="0,1" sc="427,30,174,-10,95,-10,294,-10" hai0="1,6,10,17,21,25,29,31,45,50,51,54,58" /><INIT seed="4,1,1,1,2,55" ten="457,164,85,284" oya="0" hai0="126,105,11,89,3,81,122,99,71,127,23,96,107" hai1="26,45,37,47,90,49,6,123,18,85,15,66,58" hai2="79,69,131,91,135,76,34,125,80,0,42,43,48" hai3="17,70,94,77,134,119,36,60,92,61,24,19,39"/><T109/><D71/><U12/><E123/><V97/><F69/><W78/><G119/><T100/><D122/><U40/><E6/><V41/><F34/><W1/><G70/><T116/><D116/><U9/><E26/><V124/><F0/><W104/><G24/><T113/><D23/><U35/><E35/><V88/><F131/><W84/><G84/><N who="0" m="50319" /><D113/><U27/><E27/><V38/><F38/><W73/><G104/><T101/><D3/><U93/><E12/><V14/><F135/><W8/><G1/><T117/><D11/><U63/><REACH who="1" step="1"/><E47/><REACH who="1" ten="457,154,85,284" step="2"/><V30/><F30/><W33/><G33/><T32/><D32/><U68/><E68/><V95/><F14/><W20/><G17/><T132/><D117/><U52/><E52/><V102/><F48/><AGARI ba="1,2" hai="9,15,18,37,40,45,48,49,58,63,66,85,90,93" machi="48" ten="40,2600,0" yaku="1,1,52,1,53,0" doraHai="55" doraHaiUra="121" who="1" fromWho="2" sc="457,0,154,49,85,-29,284,0" /><INIT seed="5,0,0,1,5,118" ten="457,203,56,284" oya="1" hai0="109,24,69,106,112,68,33,115,63,105,72,55,57" hai1="35,37,133,100,16,53,117,99,21,125,38,40,76" hai2="77,30,126,23,1,14,81,121,20,25,92,116,32" hai3="135,22,28,120,107,122,60,119,51,6,66,111,95"/><U46/><E117/><V124/><F92/><W134/><G119/><T94/><D109/><U29/><E76/><V93/><F93/><W36/><G111/><T7/><D72/><U17/><E133/><N who="3" m="50698" /><G36/><T67/><D7/><U96/><E125/><N who="2" m="48235" /><F116/><W102/><G107/><T114/><D94/><U34/><E38/><V48/><F48/><W47/><G6/><T45/><D45/><U56/><E29/><V10/><F81/><W50/><G50/><N who="0" m="30967" /><D69/><U42/><E42/><V31/><F77/><W128/><G128/><T52/><D52/><U9/><E9/><V58/><F58/><N who="3" m="37143" /><G22/><N who="2" m="8233" /><F30/><AGARI ba="0,0" hai="24,30,33,63,67,68,105,106,112,114,115" m="30967" machi="30" ten="30,1000,0" yaku="15,1" doraHai="118" who="0" fromWho="2" sc="457,10,203,0,56,-10,284,0" /><INIT seed="6,0,0,2,0,55" ten="467,203,46,284" oya="2" hai0="124,76,86,73,102,127,74,12,67,50,24,57,131" hai1="126,68,26,32,99,69,40,11,48,107,116,85,56" hai2="58,28,111,109,61,29,101,95,37,17,20,39,105" hai3="5,0,93,8,115,21,7,82,91,130,81,49,103"/><V54/><F105/><W1/><G130/><T31/><D131/><U112/><E116/><V113/><F113/><W75/><G75/><T45/><D102/><U52/><E112/><V118/><F118/><W15/><G115/><T10/><D86/><U129/><E129/><V97/><F29/><W63/><G103/><T83/><D74/><U43/><E126/><N who="0" m="48169" /><D67/><U80/><E99/><V30/><F30/><W38/><G38/><T62/><D62/><U46/><E43/><V6/><F6/><W121/><G121/><T79/><D79/><U92/><E92/><V78/><F78/><W60/><G49/><T117/><D117/><U94/><E94/><V36/><REACH who="2" step="1"/><F28/><REACH who="2" ten="467,203,36,284" step="2"/><W132/><G5/><T65/><D31/><U3/><E107/><V114/><F114/><W4/><G4/><T71/><D76/><U110/><E68/><V77/><F77/><W89/><G7/><T47/><D71/><U70/><E70/><V84/><F84/><W19/><G1/><T100/><D73/><U108/><E69/><V14/><AGARI ba="0,1" hai="14,17,20,36,37,39,54,58,61,95,97,101,109,111" machi="14" ten="40,12000,1" yaku="1,1,0,1,52,1,53,1" doraHai="55" doraHaiUra="16" who="2" fromWho="2" sc="467,-40,203,-40,36,130,284,-40" /><INIT seed="6,1,0,4,4,130" ten="427,163,166,244" oya="2" hai0="125,119,50,108,118,24,132,135,0,69,101,85,41" hai1="13,127,71,113,34,35,49,39,53,99,96,61,67" hai2="23,7,27,25,89,8,65,112,18,88,62,47,1" hai3="121,123,90,104,87,26,93,21,86,51,114,68,4"/><V59/><F112/><W33/><G68/><T20/><D108/><U120/><E39/><V56/><F47/><W124/><G104/><T44/><D0/><U133/><E113/><V110/><F110/><W28/><G114/><T10/><D10/><U84/><E127/><V134/><F134/><N who="0" m="51242" /><D125/><U11/><E133/><V46/><F59/><W6/><G124/><T36/><D101/><U45/><E120/><V128/><F128/><W70/><G70/><T76/><D69/><U94/><E84/><V15/><F46/><W55/><G87/><T116/><D85/><U109/><E96/><V58/><F56/><W64/><G86/><T97/><D97/><U92/><E92/><V126/><F126/><W131/><G93/><T30/><D76/><U77/><E77/><V60/><REACH who="2" step="1"/><F62/><REACH who="2" ten="427,163,156,244" step="2"/><W40/><G121/><T2/><D116/><U122/><E109/><V29/><F29/><W37/><G28/><T54/><D119/><U3/><E122/><V81/><F81/><W43/><G123/><T111/><D118/><U107/><E61/><V80/><F80/><W102/><G131/><T105/><D111/><U31/><E31/><V103/><F103/><W91/><G102/><T17/><D30/><U32/><E32/><V16/><F16/><W117/><G33/><T42/><D17/><U9/><E34/><V66/><F66/><W115/><G64/><T75/><D44/><U82/><E35/><V78/><F78/><W57/><G117/><T22/><D36/><U48/><E67/><V72/><F72/><W14/><G115/><T74/><D75/><U12/><E71/><RYUUKYOKU ba="1,1" sc="427,-10,163,-10,156,30,244,-10" hai2="1,7,8,15,18,23,25,27,58,60,65,88,89" /><INIT seed="6,2,1,5,2,127" ten="417,153,186,234" oya="2" hai0="80,38,35,123,15,98,1,7,47,18,2,5,48" hai1="24,8,78,97,32,44,66,111,19,61,28,118,116" hai2="67,102,69,76,40,84,12,20,81,114,129,39,0" hai3="95,31,59,108,101,14,73,87,83,36,51,109,89"/><V42/><F0/><W82/><G36/><T131/><D123/><U130/><E111/><V25/><F114/><W112/><G112/><T54/><D38/><U30/><E30/><V85/><F39/><W63/><G31/><T52/><D35/><U70/><E78/><V91/><F102/><W133/><G133/><T21/><D54/><U4/><E19/><V57/><F69/><W64/><G83/><T125/><D125/><U121/><E44/><V105/><F105/><W23/><G23/><T29/><D98/><U3/><E121/><V124/><F12/><W90/><G101/><T93/><D93/><U126/><E126/><V11/><F11/><W65/><G14/><T120/><D80/><U92/><REACH who="1" step="1"/><E130/><REACH who="1" ten="417,143,186,234" step="2"/><V16/><F129/><W132/><G109/><T50/><D131/><U135/><E135/><V58/><F124/><W71/><G132/><T122/><D120/><U72/><E72/><V60/><REACH who="2" step="1"/><F57/><REACH who="2" ten="417,143,176,234" step="2"/><W94/><G59/><T26/><D122/><U41/><E41/><V17/><F17/><W104/><G108/><T113/><D18/><U56/><E56/><V99/><F99/><W9/><G71/><T88/><D113/><U37/><E37/><V13/><F13/><W22/><G9/><T128/><D15/><U49/><E49/><V62/><F62/><W86/><G51/><T74/><D48/><U96/><E96/><V106/><F106/><W110/><G104/><T34/><D128/><U107/><E107/><V27/><F27/><W117/><G110/><T46/><D26/><U77/><E77/><V45/><F45/><W55/><G63/><RYUUKYOKU ba="2,3" sc="417,-15,143,15,176,15,234,-15" hai1="3,4,8,24,28,32,61,66,70,92,97,116,118" hai2="16,20,25,40,42,58,60,67,76,81,84,85,91" /><INIT seed="6,3,3,2,0,35" ten="402,158,191,219" oya="2" hai0="118,68,4,122,7,65,44,10,79,99,75,86,72" hai1="105,33,9,16,132,111,24,107,101,23,129,89,43" hai2="81,1,32,91,11,80,38,62,29,3,15,47,110" hai3="120,12,70,83,28,13,134,90,85,77,0,95,108"/><V131/><F32/><W125/><G108/><T113/><D122/><U58/><E111/><V135/><F110/><W97/><G120/><T40/><D113/><U96/><E129/><V76/><F29/><W130/><G70/><T114/><D114/><U6/><E132/><V31/><F31/><W36/><G36/><T27/><D27/><U34/><E105/><V121/><F121/><W82/><G0/><T51/><D118/><U2/><E43/><N who="2" m="23031" /><F62/><W71/><G71/><T88/><D68/><U73/><E73/><N who="2" m="43023" /><F91/><W26/><G125/><T53/><D65/><U8/><E89/><V117/><F81/><W69/><G69/><T106/><D53/><U87/><E87/><V92/><F92/><W123/><G130/><T49/><D49/><U64/><REACH who="1" step="1"/><E9/><REACH who="1" ten="402,148,191,219" step="2"/><V21/><F117/><W127/><G134/><T54/><D88/><U55/><E55/><V17/><F135/><W109/><G109/><T124/><D86/><U126/><E126/><V42/><F42/><W57/><G127/><T18/><D54/><U119/><E119/><V14/><F131/><W133/><G133/><T20/><D124/><U94/><E94/><V63/><F11/><W67/><G123/><T102/><D10/><U30/><E30/><V116/><F116/><W56/><G83/><T50/><D40/><U128/><E128/><V104/><F104/><W98/><G98/><T112/><D99/><U46/><E46/><V100/><F100/><W48/><G97/><T66/><D102/><U74/><E74/><V84/><F84/><W52/><G95/><T41/><D72/><U25/><E25/><RYUUKYOKU ba="3,4" sc="402,-10,148,30,191,-10,219,-10" hai1="2,6,8,16,23,24,33,34,58,64,96,101,107" /><INIT seed="7,4,4,3,3,4" ten="392,178,181,209" oya="3" hai0="8,56,82,80,72,95,90,35,87,3,40,18,59" hai1="97,10,23,107,36,111,116,73,50,11,70,61,115" hai2="133,92,71,16,13,67,43,98,14,81,5,33,47" hai3="79,21,31,134,34,118,32,125,117,28,108,19,12"/><W24/><G79/><T113/><D35/><N who="3" m="13353" /><G134/><T78/><D113/><U110/><E36/><V127/><F33/><N who="3" m="20615" /><G125/><T63/><D40/><U102/><E73/><V96/><F133/><W1/><G108/><T99/><D63/><U69/><E115/><V20/><F127/><W30/><G1/><T42/><D42/><U29/><E116/><AGARI ba="4,4" hai="12,19,21,30,31,116,117,118" m="20615,13353" machi="116" ten="30,2900,0" yaku="34,2" doraHai="4" who="3" fromWho="1" sc="392,0,178,-41,181,0,209,81" /><INIT seed="7,5,0,4,0,66" ten="392,137,181,290" oya="3" hai0="17,24,122,10,21,68,60,70,90,69,30,49,36" hai1="103,9,75,12,110,112,50,1,40,33,123,2,81" hai2="109,52,14,39,124,91,48,86,108,28,32,83,134" hai3="8,84,71,4,111,18,3,31,117,59,6,131,76"/><W16/><G117/><T29/><D122/><U20/><E33/><V89/><F39/><W38/><G38/><T13/><D36/><U45/><E123/><V95/><F124/><W106/><G106/><T26/><D49/><U125/><E125/><V93/><F134/><W100/><G100/><T25/><D90/><U77/><E110/><V61/><F32/><W94/><G71/><T116/><D116/><U130/><E130/><V27/><F61/><W42/><G42/><T56/><REACH who="0" step="1"/><D30/><REACH who="0" ten="382,137,181,290" step="2"/><U0/><E112/><V115/><F115/><W105/><G131/><T80/><D80/><U67/><E67/><AGARI ba="5,1" hai="10,13,17,21,24,25,26,29,56,60,67,68,69,70" machi="67" ten="40,8000,1" yaku="1,1,52,3,53,1" doraHai="66" doraHaiUra="58" who="0" fromWho="1" sc="382,105,137,-95,181,0,290,0" owari="487,59.0,42,-46.0,181,-22.0,290,9.0" /></mjloggm>