<mjloggm ver="2.3"><GO type="169" lobby="0"/><UN n0="%62%65%6B%65%6E%36%39" n1="%41%53%41%50%49%4E" n2="%E3%82%A6%E3%83%AB%E3%83%88%E3%83%A9%E7%AB%8B%E7%9B%B4" n3="%54%2E%54%2E%38" dan="16,20,17,16" rate="2065.08,2244.13,2153.50,2148.83" sx="M,M,M,M"/><TAIKYOKU oya="0"/><INIT seed="0,0,0,0,0,130" ten="250,250,250,250" oya="0" hai0="135,13,129,124,3,84,34,37,46,93,64,97,57" hai1="78,51,31,117,49,21,77,38,11,52,133,113,123" hai2="120,12,50,69,29,66,74,80,28,126,70,103,56" hai3="26,111,16,96,131,122,7,58,15,87,101,112,20"/><T90/><D3/><U47/><E117/><V94/><F120/><W73/><G112/><T116/><D116/><U17/><E38/><V60/><F126/><W45/><G73/><T109/><D129/><U88/><E123/><V54/><F70/><W95/><G122/><T75/><D75/><U102/><E102/><V67/><F67/><W68/><G68/><T83/><D124/><U4/><E31/><V27/><F12/><W99/><G131/><T107/><D34/><U79/><E133/><V92/><F29/><W132/><G132/><T39/><D107/><U18/><E113/><V6/><F6/><W41/><G58/><T85/><D85/><U19/><E51/><V44/><F103/><W35/><G87/><T30/><D30/><U115/><E115/><V82/><F69/><W5/><G99/><T1/><D1/><U9/><E21/><N who="2" m="15471" /><F74/><W100/><G100/><T119/><D119/><U81/><E4/><V127/><F127/><W76/><G35/><T14/><D135/><U23/><E23/><V72/><F72/><W65/><G65/><T110/><D37/><U48/><E48/><V40/><F40/><W32/><G32/><T114/><D114/><U2/><E2/><V53/><F53/><W61/><G5/><T134/><D134/><U106/><E106/><V63/><F63/><W8/><G61/><N who="0" m="37935" /><D39/><U24/><E24/><V108/><F108/><N who="0" m="41578" /><D46/><U33/><E33/><V22/><F44/><W125/><G111/><T91/><AGARI ba="0,0" hai="13,14,83,84,90,91,93,97" m="41578,37935" machi="91" ten="30,3000,0" yaku="14,1,10,1" doraHai="130" who="0" fromWho="0" sc="250,30,250,-10,250,-10,250,-10" /><INIT seed="0,1,0,5,4,126" ten="280,240,240,240" oya="0" hai0="77,64,125,34,29,84,115,1,51,58,127,52,50" hai1="33,44,98,107,122,130,112,0,70,14,104,11,96" hai2="119,100,32,15,7,47,10,21,73,131,27,23,57" hai3="102,5,60,88,91,114,54,59,31,2,56,67,61"/><T89/><D115/><U113/><E122/><V93/><F73/><W116/><G116/><T117/><D117/><U24/><E70/><V86/><F119/><W124/><G114/><T46/><D1/><U63/><E0/><V111/><F111/><W4/><G124/><N who="0" m="47691" /><D77/><U6/><E63/><V83/><F32/><W110/><G110/><T94/><D64/><U9/><E44/><V28/><F47/><W120/><G120/><T87/><D87/><U134/><E14/><V121/><F121/><W35/><G102/><T106/><D106/><U40/><E24/><V82/><F23/><W37/><G37/><T39/><D39/><U12/><E12/><V53/><F131/><W16/><G2/><T22/><D34/><U68/><E33/><V55/><F55/><W135/><G35/><T74/><D74/><U45/><E68/><V95/><F100/><W108/><G108/><T75/><D75/><U25/><E107/><V3/><F3/><W36/><G36/><T76/><D76/><U132/><E104/><V97/><F97/><W79/><G79/><T66/><D66/><U65/><E65/><V105/><F105/><W129/><G67/><T42/><D22/><U101/><E98/><V103/><F86/><W26/><G59/><T99/><D99/><U48/><E96/><N who="2" m="59791" /><F95/><W92/><G92/><T17/><D29/><U118/><E101/><V19/><F28/><W8/><G31/><T43/><D43/><U123/><E112/><V49/><AGARI ba="1,0" hai="7,10,15,19,21,27,49,53,57,82,83" m="59791" machi="49" ten="30,1100,0" yaku="8,1" doraHai="126" who="2" fromWho="2" sc="280,-6,240,-4,240,14,240,-4" /><INIT seed="1,0,0,5,5,7" ten="274,236,254,236" oya="1" hai0="73,40,134,28,27,5,92,57,113,13,78,51,0" hai1="56,80,100,87,47,133,102,74,53,99,107,85,36" hai2="45,88,114,41,63,93,117,62,95,39,33,123,89" hai3="112,128,30,96,4,65,1,35,32,76,126,131,105"/><U77/><E133/><V10/><F33/><W67/><G112/><T25/><D113/><U115/><E115/><V26/><F114/><W21/><G76/><T24/><D0/><U50/><E36/><V44/><F26/><N who="3" m="16719" /><G96/><T11/><D134/><U58/><E102/><V19/><F123/><W23/><G105/><T69/><D69/><U110/><E110/><V90/><F117/><W18/><G67/><T72/><D92/><N who="2" m="35402" /><F39/><W116/><G65/><T86/><D28/><U12/><E47/><N who="2" m="17995" /><F41/><W46/><G126/><T64/><D40/><U54/><REACH who="1" step="1"/><E12/><AGARI ba="0,0" hai="10,12,19,62,63,88,89,90" m="17995,35402" machi="12" ten="30,3900,0" yaku="8,1,52,1,54,1" doraHai="7" who="2" fromWho="1" sc="274,0,236,-39,254,39,236,0" /><INIT seed="2,0,0,5,2,18" ten="274,197,293,236" oya="2" hai0="102,68,133,97,132,37,32,53,21,9,7,75,43" hai1="72,35,4,45,121,118,58,40,98,15,67,95,112" hai2="134,113,100,65,117,74,122,66,57,27,126,64,14" hai3="34,46,89,87,28,83,115,78,116,8,1,61,47"/><V5/><F74/><W104/><G116/><T38/><D32/><U114/><E118/><V119/><F122/><W125/><G104/><T39/><D75/><U107/><E35/><V84/><F113/><W103/><G103/><T33/><D33/><U19/><E72/><V62/><F126/><W30/><G125/><T73/><D73/><U135/><E107/><V31/><F134/><W41/><G61/><T63/><D43/><U42/><E135/><V54/><F100/><W6/><G115/><T123/><D123/><U110/><E121/><V77/><F14/><W23/><G34/><T25/><D53/><U12/><E42/><V17/><F31/><W90/><G47/><T128/><D63/><U93/><E93/><V49/><F5/><W26/><REACH who="3" step="1"/><G30/><REACH who="3" ten="274,197,293,226" step="2"/><T13/><D132/><U71/><E112/><V48/><F117/><W106/><G106/><T70/><D133/><U10/><E45/><V131/><F62/><W99/><G99/><T96/><D96/><U52/><E98/><V88/><F119/><W3/><G3/><T111/><D97/><U56/><E114/><V92/><F65/><W80/><G80/><T85/><D102/><U22/><E67/><V44/><F66/><W86/><G86/><T94/><D85/><U50/><E95/><V2/><F92/><W120/><G120/><T76/><D94/><U127/><E127/><V105/><F105/><W79/><G79/><T124/><D76/><U24/><E71/><V29/><F64/><W0/><G0/><T16/><D124/><U11/><E58/><N who="2" m="33095" /><F77/><W60/><G60/><T20/><D68/><RYUUKYOKU ba="0,1" sc="274,-10,197,-10,293,-10,226,30" hai3="1,6,8,23,26,28,41,46,78,83,87,89,90" /><INIT seed="3,1,1,3,0,110" ten="264,187,283,256" oya="3" hai0="82,111,86,78,67,10,76,128,96,121,11,80,61" hai1="102,3,98,4,107,22,108,24,54,20,29,97,118" hai2="44,43,131,65,119,21,120,129,23,92,0,19,93" hai3="33,134,37,40,125,87,45,5,38,57,46,51,35"/><W32/><G134/><T16/><D121/><U100/><E108/><V27/><F0/><W68/><G125/><T17/><D111/><U130/><E130/><N who="2" m="49675" /><F119/><W122/><G122/><T75/><D128/><U25/><E118/><V79/><F65/><W95/><G68/><T2/><D96/><U53/><E4/><V89/><F79/><W81/><G95/><T126/><D126/><U72/><E3/><V84/><F23/><W9/><G57/><T106/><D106/><U58/><E72/><V39/><F120/><W55/><G55/><T123/><D123/><U49/><E49/><V7/><F7/><W99/><G46/><T127/><D127/><U112/><E112/><V115/><F93/><W48/><G99/><T85/><D75/><U105/><REACH who="1" step="1"/><E58/><REACH who="1" ten="264,177,283,256" step="2"/><V103/><F103/><W116/><G51/><T132/><D2/><U56/><E56/><V13/><F115/><W42/><G116/><T64/><D132/><U94/><E94/><V117/><F117/><W12/><REACH who="3" step="1"/><G40/><REACH who="3" ten="264,177,283,246" step="2"/><T124/><D124/><U66/><E66/><V59/><F59/><W77/><AGARI ba="1,3" hai="5,9,12,32,33,35,37,38,42,45,48,77,81,87" machi="77" ten="30,12000,1" yaku="1,1,2,1,0,1,25,2,53,0" doraHai="110" doraHaiUra="135" who="3" fromWho="3" sc="264,-41,177,-41,283,-41,246,153" /><INIT seed="3,2,0,5,5,41" ten="223,136,242,399" oya="3" hai0="83,93,94,28,2,96,107,88,85,7,61,81,102" hai1="92,123,60,74,112,10,128,120,113,80,44,47,48" hai2="13,67,104,23,115,97,134,63,35,68,14,51,19" hai3="31,114,53,116,135,117,17,12,0,42,4,75,77"/><W32/><G114/><N who="1" m="44138" /><E92/><V37/><F37/><W25/><G53/><T33/><D28/><U26/><E80/><V109/><F109/><W18/><G42/><T73/><D33/><U45/><E10/><V82/><F134/><W99/><G99/><N who="0" m="61919" /><D7/><U55/><E26/><V111/><F111/><W57/><G57/><T126/><D2/><U59/><E74/><V125/><F35/><W70/><G70/><T87/><D61/><U29/><E29/><V79/><F19/><W22/><G135/><T27/><D27/><U40/><E128/><V43/><F13/><W124/><G77/><N who="0" m="44207" /><D126/><U90/><E90/><V101/><F125/><W100/><G75/><T3/><D3/><U30/><E30/><V89/><F14/><W78/><G78/><N who="0" m="46327" /><D93/><U132/><E132/><V5/><F115/><W52/><G124/><T46/><D46/><AGARI ba="2,0" hai="40,44,45,46,47,48,55,59,60,120,123" m="44138" machi="46" ten="30,12000,2" yaku="34,2,52,4" doraHai="41" who="1" fromWho="0" sc="223,-126,136,126,242,0,399,0" /><INIT seed="4,0,0,3,2,42" ten="97,262,242,399" oya="0" hai0="67,131,125,116,73,92,69,60,65,13,31,43,15" hai1="8,95,114,118,84,72,52,100,81,74,115,37,54" hai2="40,97,66,5,96,82,32,93,0,119,1,17,10" hai3="75,41,11,61,21,63,122,94,89,6,76,112,19"/><T34/><D116/><U135/><E118/><V39/><F119/><W14/><G41/><T106/><D106/><U78/><E37/><V25/><F66/><W107/><G107/><T7/><D73/><U126/><E135/><V80/><F1/><W48/><G122/><T87/><D125/><U111/><E111/><V132/><F132/><W49/><G112/><N who="1" m="43050" /><E126/><V77/><F82/><W127/><G127/><T83/><D131/><U26/><E8/><V90/><F97/><N who="3" m="57551" /><G76/><T9/><D65/><U109/><E109/><V58/><F58/><W47/><G75/><N who="1" m="28714" /><E26/><V56/><F25/><N who="3" m="14527" /><G47/><T120/><D120/><U121/><E121/><V70/><F10/><W35/><G35/><T108/><D108/><U55/><E95/><V88/><F93/><W85/><G85/><T104/><D104/><U12/><E12/><V53/><F32/><W64/><G64/><T62/><D92/><U20/><E20/><V27/><F27/><W59/><G59/><T123/><D123/><U2/><E2/><V44/><F56/><W46/><G46/><T103/><D103/><AGARI ba="0,0" hai="52,54,55,78,81,84,100,103" m="28714,43050" machi="103" ten="40,5200,0" yaku="15,1,11,1,54,1" doraHai="42" who="1" fromWho="0" sc="97,-52,262,52,242,0,399,0" /><INIT seed="5,0,0,2,1,30" ten="45,314,242,399" oya="1" hai0="56,91,70,107,130,105,110,75,118,8,29,69,53" hai1="16,65,93,97,77,60,117,114,71,40,37,10,115" hai2="128,73,63,87,20,45,80,6,68,28,88,102,121" hai3="133,96,55,62,21,52,79,108,135,26,67,86,49"/><U41/><E117/><V7/><F121/><W17/><G96/><T83/><D118/><U48/><E37/><V38/><F128/><W22/><G108/><T24/><D130/><U19/><E77/><V12/><F73/><W90/><G79/><T9/><D110/><U58/><E10/><V125/><F125/><W50/><G22/><T103/><D91/><U74/><E74/><V100/><F68/><W124/><G124/><T111/><D111/><U39/><E39/><V46/><F63/><W72/><G72/><T106/><D9/><U61/><E41/><V81/><F81/><W54/><G133/><T31/><D31/><U134/><E134/><V25/><F38/><W78/><G78/><T23/><D8/><U13/><E48/><V109/><F12/><W36/><G36/><T43/><D43/><U2/><E40/><V104/><F104/><W85/><G135/><T57/><D57/><U0/><E0/><V1/><F1/><W11/><G11/><T59/><D59/><U94/><E13/><V92/><F109/><W99/><G49/><T113/><D113/><N who="1" m="43019" /><E2/><V95/><F46/><W51/><G50/><T122/><D122/><U116/><E116/><V44/><F45/><W27/><G51/><T112/><D112/><U131/><E131/><V84/><F44/><W89/><G67/><T66/><D66/><N who="1" m="41423" /><E97/><V14/><F7/><W35/><G99/><T123/><D123/><U18/><AGARI ba="0,0" hai="16,18,19,58,60,65,93,94" m="41423,43019" machi="18" ten="30,3000,0" yaku="15,1,54,1" doraHai="30" who="1" fromWho="1" sc="45,-10,314,30,242,-10,399,-10" /><INIT seed="5,1,0,2,1,45" ten="35,344,232,389" oya="1" hai0="117,75,66,31,116,109,100,32,72,101,113,42,81" hai1="25,73,99,55,94,110,60,84,79,98,16,19,78" hai2="80,59,23,91,64,39,1,48,10,37,126,51,70" hai3="120,22,28,47,8,86,114,112,135,87,102,29,103"/><U62/><E73/><N who="0" m="28233" /><D31/><N who="3" m="11849" /><G120/><T11/><D11/><U128/><E128/><V15/><F1/><W36/><G8/><T38/><D32/><U77/><E110/><V133/><F70/><W61/><G61/><N who="1" m="23658" /><E84/><N who="3" m="32298" /><G22/><T107/><D66/><U58/><E25/><V27/><F39/><W2/><G2/><T124/><D42/><U83/><E83/><V74/><F74/><W26/><G26/><T17/><D17/><N who="1" m="6731" /><E94/><V41/><F37/><W13/><G13/><T76/><D38/><U130/><E130/><V71/><F15/><W49/><G36/><T105/><D81/><U123/><E123/><V53/><F80/><W44/><G44/><T97/><D109/><U111/><E111/><V4/><F27/><W67/><G67/><T12/><D12/><U85/><E85/><V69/><F64/><W24/><G24/><T68/><D68/><U35/><E35/><V57/><F69/><W121/><G121/><T9/><D9/><U129/><E129/><V82/><F10/><W63/><G103/><N who="0" m="39499" /><D76/><U30/><E30/><V33/><F71/><W43/><G102/><T127/><D113/><U93/><E93/><V20/><F33/><W46/><G114/><T106/><D97/><U132/><E99/><V131/><F82/><W89/><G112/><T115/><D115/><U118/><E98/><V95/><F131/><W5/><G5/><T7/><D7/><U88/><E77/><V122/><F4/><W0/><G0/><T125/><AGARI ba="1,0" hai="105,106,107,116,117,124,125,127" m="39499,28233" machi="125" ten="50,8000,1" yaku="28,2,18,1,34,2" doraHai="45" who="0" fromWho="0" sc="35,83,344,-41,232,-21,389,-21" /><INIT seed="6,0,0,4,3,63" ten="118,303,211,368" oya="2" hai0="103,43,125,62,33,109,23,32,117,76,13,57,85" hai1="108,115,20,5,86,80,65,99,39,19,34,64,90" hai2="55,22,69,93,112,84,66,97,74,9,104,31,21" hai3="38,72,18,52,12,7,30,126,6,98,51,111,102"/><V2/><F74/><W14/><G72/><T27/><D109/><U54/><E108/><V78/><F112/><W118/><G38/><T124/><D117/><U45/><E34/><V35/><F55/><W107/><G118/><T94/><D125/><U100/><E115/><V106/><F106/><W91/><G30/><T8/><D124/><U133/><E133/><V53/><F53/><W42/><G42/><T101/><D43/><U82/><E5/><V41/><F41/><W132/><G126/><T110/><D103/><U50/><E82/><V48/><F48/><W67/><G67/><N who="1" m="25674" /><E39/><V29/><F66/><W28/><G28/><T10/><D101/><U24/><E100/><V58/><F2/><W81/><G132/><T11/><D33/><U60/><E99/><V3/><F97/><W134/><G134/><T87/><D32/><U17/><E60/><V25/><F3/><W113/><G111/><T92/><D110/><U96/><E96/><V116/><F104/><W0/><G113/><T120/><D120/><U15/><E17/><V61/><F61/><W114/><G114/><T16/><D62/><U73/><E73/><V70/><F69/><W130/><G0/><T77/><D77/><U46/><E24/><V128/><F25/><W89/><G102/><T68/><D68/><U127/><E127/><V83/><F70/><W129/><G98/><T26/><D26/><U135/><E135/><V88/><F116/><W119/><G119/><T44/><D27/><U71/><E71/><V59/><F35/><W40/><G107/><T56/><D76/><U37/><E37/><RYUUKYOKU ba="0,0" sc="118,-10,303,30,211,-10,368,-10" hai1="15,19,20,45,46,50,54,80,86,90" /><INIT seed="7,1,0,3,1,130" ten="108,333,201,358" oya="3" hai0="26,91,106,66,4,98,44,14,63,67,126,17,47" hai1="76,38,49,104,56,45,103,23,123,41,80,95,51" hai2="65,62,54,81,29,96,92,42,31,19,132,88,114" hai3="108,133,59,35,94,120,27,58,101,83,36,71,85"/><W82/><G71/><T90/><D126/><U10/><E123/><V64/><F42/><W87/><G36/><T48/><D106/><U7/><E104/><V34/><F34/><W21/><G35/><T86/><D4/><U43/><E43/><V74/><F81/><N who="3" m="30731" /><G133/><T93/><D26/><U46/><E46/><V134/><F19/><N who="3" m="12735" /><G120/><T102/><D102/><U5/><E5/><V109/><F74/><W52/><G108/><T97/><D44/><U16/><E56/><N who="3" m="21546" /><G52/><T112/><D112/><U121/><E121/><V99/><F99/><AGARI ba="1,0" hai="85,87,94,99,101" m="21546,12735,30731" machi="99" ten="30,1500,0" yaku="8,1" doraHai="130" who="3" fromWho="2" sc="108,0,333,0,201,-18,358,18" owari="108,-39.0,333,13.0,183,-22.0,376,48.0" /></mjloggm>