<mjloggm ver="2.3"><GO type="97" lobby="0"/><UN n0="%E5%B0%B1%E6%B4%BB%E7%94%9F%40%E5%B7%9D%E6%9D%91%E8%BB%8D%E5%9B%A3" n1="%E3%83%8F%E3%83%A2%E5%B8%AB%E5%8C%A0" n2="%E3%82%89%E3%82%8A%E3%81%8F%E3%81%BE" n3="%6D%61%72%6F%72%6F%6E" dan="16,13,14,14" rate="2081.70,1877.77,1919.29,1931.59" sx="M,M,M,M"/><TAIKYOKU oya="0"/><INIT seed="0,0,0,0,2,34" ten="250,250,250,250" oya="0" hai0="16,43,67,6,7,9,87,113,73,57,63,122,31" hai1="109,84,0,129,42,3,125,128,47,20,124,10,38" hai2="70,64,86,14,91,119,110,71,58,52,50,98,4" hai3="24,101,51,135,30,94,32,15,45,77,22,130,115"/><T99/><D73/><U114/><E109/><V53/><F110/><W36/><G115/><T55/><D122/><U89/><E114/><V117/><F98/><W116/><G116/><N who="2" m="44617" /><F64/><W75/><G135/><T88/><D113/><U60/><E60/><N who="2" m="35911" /><F4/><N who="0" m="1578" /><D43/><U12/><E20/><V68/><F14/><W62/><G130/><N who="1" m="50282" /><E10/><V105/><F105/><W26/><G15/><N who="0" m="7279" /><D31/><U19/><E12/><V28/><F28/><W134/><G134/><T66/><D99/><U78/><E78/><V100/><F100/><W49/><G77/><T56/><D57/><U8/><E8/><V21/><F21/><W17/><G36/><T69/><D69/><U85/><E19/><V61/><F61/><W133/><G62/><T35/><D35/><U80/><E85/><V5/><F5/><W18/><G133/><T103/><D103/><U92/><E80/><AGARI ba="0,0" hai="55,56,63,66,67,80,87,88" m="7279,1578" machi="80" ten="30,5800,0" yaku="8,1,54,2" doraHai="34" who="0" fromWho="1" sc="250,58,250,-58,250,0,250,0" /><INIT seed="0,1,0,3,4,133" ten="308,192,250,250" oya="0" hai0="54,0,87,21,72,71,58,94,107,7,60,29,126" hai1="117,11,4,121,9,30,115,37,16,116,103,5,131" hai2="65,14,39,15,56,43,42,50,12,90,32,19,40" hai3="120,66,113,119,127,102,135,95,122,81,51,63,57"/><T13/><D107/><U59/><E37/><V26/><F39/><W8/><G113/><T18/><D72/><U128/><E103/><V10/><F32/><W77/><G119/><N who="1" m="45642" /><E59/><V70/><F70/><W99/><G135/><T112/><D112/><U36/><E115/><V123/><F123/><N who="3" m="47147" /><G8/><N who="1" m="3146" /><E36/><V79/><F79/><W55/><G127/><T80/><D0/><U130/><E30/><V97/><F26/><W84/><G51/><T124/><D7/><N who="1" m="2635" /><E16/><V6/><F19/><W75/><G66/><T111/><D111/><U53/><E53/><N who="2" m="31799" /><F65/><W49/><G49/><T28/><D71/><U110/><E121/><V125/><F125/><N who="0" m="48234" /><D94/><AGARI ba="1,0" hai="6,10,12,14,15,40,42,43,90,94,97" m="31799" machi="94" ten="30,1000,0" yaku="8,1" doraHai="133" who="2" fromWho="0" sc="308,-13,192,0,250,13,250,0" /><INIT seed="1,0,0,4,5,8" ten="295,192,263,250" oya="1" hai0="38,6,116,14,121,12,55,69,112,53,78,56,23" hai1="131,34,30,45,48,132,68,70,13,113,43,80,98" hai2="27,87,115,2,85,82,10,25,66,49,75,76,135" hai3="16,123,105,77,91,103,107,67,126,71,97,29,120"/><U33/><E113/><V63/><F135/><W104/><G126/><T60/><D69/><U42/><E132/><V52/><F115/><W108/><G77/><T57/><D38/><U4/><E131/><V21/><F27/><W1/><G1/><T59/><D112/><U92/><E80/><V51/><F51/><W134/><G134/><T133/><D116/><U84/><E84/><V37/><F37/><W35/><G108/><T83/><D133/><U50/><E30/><V90/><F90/><W3/><G3/><T81/><D121/><U65/><E33/><V125/><F125/><W95/><G91/><T54/><D60/><U72/><E34/><V28/><F10/><W114/><G114/><T94/><D94/><U18/><E4/><V24/><F24/><W89/><G89/><T36/><D36/><U109/><E72/><V119/><F2/><W39/><G39/><T79/><D6/><U102/><E109/><V128/><F128/><W58/><G71/><T20/><D81/><U106/><E106/><V26/><F26/><W7/><G7/><T0/><D0/><U15/><E65/><V100/><F100/><W122/><G29/><T32/><D32/><U110/><E110/><V96/><F119/><W88/><G35/><T41/><D41/><U124/><E124/><V47/><REACH who="2" step="1"/><F96/><REACH who="2" ten="295,192,253,250" step="2"/><W117/><G117/><T101/><D101/><U99/><E99/><V64/><F64/><W5/><G103/><T11/><D11/><N who="1" m="6463" /><E15/><N who="0" m="5673" /><D83/><U40/><E50/><V61/><F61/><N who="3" m="38327" /><G5/><T130/><D130/><U9/><E9/><V93/><F93/><W86/><G97/><RYUUKYOKU ba="0,1" sc="295,0,192,0,253,0,250,0" hai0="20,23,53,54,55,56,57,59,78,79" hai1="40,42,43,45,48,68,70,92,98,102" hai2="21,25,28,47,49,52,63,66,75,76,82,85,87" hai3="16,86,88,95,104,105,107,120,122,123" /><INIT seed="1,1,1,5,5,91" ten="295,192,253,250" oya="1" hai0="118,55,34,13,96,19,105,18,127,80,131,106,2" hai1="31,33,14,109,115,0,79,45,3,117,28,58,88" hai2="26,112,92,7,40,83,133,77,65,104,48,1,63" hai3="89,30,24,46,47,78,38,119,107,16,9,62,98"/><U57/><E115/><V56/><F104/><W64/><G78/><T130/><D2/><U84/><E117/><V132/><F26/><W101/><G119/><T99/><D34/><U60/><E109/><V82/><F7/><W32/><G89/><T44/><D127/><U68/><E79/><V72/><F1/><W75/><G75/><T35/><D35/><U103/><E103/><V81/><F112/><W73/><G73/><T53/><D80/><U100/><E100/><V50/><F92/><W37/><G47/><T123/><D118/><U74/><E74/><V43/><F77/><W97/><G46/><T126/><D126/><U11/><E45/><V25/><F25/><W17/><G98/><N who="0" m="37419" /><D44/><U5/><E58/><V23/><F23/><W120/><G120/><T128/><D19/><N who="3" m="7241" /><G9/><N who="0" m="6447" /><D123/><U41/><E68/><AGARI ba="1,1" hai="24,30,32,37,38,62,64,68,97,101,107" m="7241" machi="68" ten="30,2000,0" yaku="25,1,54,1" doraHai="91" who="3" fromWho="1" sc="295,0,192,-23,253,0,250,33" /><INIT seed="2,0,0,1,4,80" ten="295,169,253,283" oya="2" hai0="66,99,40,109,83,98,53,64,78,31,24,11,67" hai1="15,74,44,112,30,123,6,50,4,20,87,68,111" hai2="77,21,8,42,86,116,35,94,51,100,60,39,114" hai3="120,102,12,48,10,81,56,57,73,59,54,34,133"/><V33/><F116/><W127/><G120/><T61/><D109/><U95/><E111/><V101/><F39/><W134/><G34/><T96/><D40/><U26/><E112/><V19/><F114/><W130/><G102/><T106/><D11/><U46/><E123/><V41/><F8/><W9/><G9/><T7/><D7/><U88/><E74/><V117/><F117/><W70/><G70/><T108/><D108/><U71/><E46/><N who="2" m="26063" /><F33/><W76/><G127/><T3/><D3/><U63/><E63/><V27/><F35/><W105/><G130/><T37/><D37/><U58/><E58/><V79/><F42/><W118/><G105/><T72/><D106/><U14/><E15/><V18/><F18/><W93/><G93/><T113/><D113/><U131/><E131/><V125/><F60/><W85/><G73/><T91/><D53/><U104/><E104/><V28/><F28/><W65/><G65/><T75/><D75/><U52/><REACH who="1" step="1"/><E14/><REACH who="1" ten="295,159,253,283" step="2"/><V29/><F125/><W119/><G119/><T126/><D126/><U1/><E1/><V132/><F132/><N who="3" m="50795" /><G118/><T0/><D0/><U135/><E135/><V32/><F32/><W38/><G38/><T55/><D61/><U36/><E36/><V128/><F128/><W17/><AGARI ba="0,1" hai="10,12,17,48,54,56,57,59,76,81,85" m="50795" machi="17" ten="30,2000,0" yaku="20,1,52,1" doraHai="80" who="3" fromWho="3" sc="295,-5,159,-5,253,-10,283,30" /><INIT seed="3,0,0,0,5,110" ten="290,154,243,313" oya="3" hai0="126,50,109,88,135,34,10,133,41,85,97,106,13" hai1="2,92,67,33,128,37,1,61,119,62,75,124,87" hai2="58,121,6,99,78,90,23,122,14,40,91,96,63" hai3="45,48,89,65,114,39,83,100,55,7,51,94,86"/><W22/><G39/><T118/><D34/><U38/><E75/><V111/><F111/><W0/><G0/><T84/><D109/><U132/><E124/><V101/><F40/><W4/><G114/><T59/><D118/><U103/><E128/><V11/><F78/><W18/><G65/><T104/><D126/><U49/><E119/><V21/><F99/><N who="3" m="59511" /><G51/><T120/><D120/><U25/><E132/><N who="0" m="50761" /><D97/><U60/><E49/><V19/><F23/><W131/><G131/><T47/><D59/><U8/><E8/><V95/><F122/><W69/><G69/><T70/><D70/><U112/><E67/><V77/><F77/><W46/><G46/><T64/><D84/><U98/><E87/><V93/><F93/><W102/><G102/><T116/><D64/><U68/><E68/><V123/><F123/><W20/><G20/><T32/><D32/><U42/><E42/><V5/><F5/><W54/><G54/><T74/><D74/><U108/><E108/><V29/><F29/><W9/><G9/><T71/><D71/><U134/><E134/><V27/><REACH who="2" step="1"/><F121/><REACH who="2" ten="290,154,233,313" step="2"/><W129/><G129/><T73/><D116/><U3/><E112/><V105/><F105/><W125/><G125/><T31/><D31/><U43/><E43/><V56/><F56/><W81/><G81/><N who="0" m="49199" /><D73/><U113/><E113/><V66/><AGARI ba="0,1" hai="6,11,14,19,21,27,58,63,66,90,91,95,96,101" machi="66" ten="20,8000,1" yaku="1,1,0,1,7,1,8,1,53,1" doraHai="110" doraHaiUra="52" who="2" fromWho="2" sc="290,-20,154,-20,233,90,313,-40" owari="270,-13.0,134,-37.0,323,43.0,273,7.0" /></mjloggm>