<mjloggm ver="2.3"><GO type="41" lobby="0"/><UN n0="%E5%B0%B1%E6%B4%BB%E7%94%9F%40%E5%B7%9D%E6%9D%91%E8%BB%8D%E5%9B%A3" n1="%70%6F%74%6F%73%3A" n2="%E9%9B%9B%E9%B3%A5%E3%82%8A%E3%82%80" n3="%67%6F%6F%63%68%61%6E%32" dan="15,15,13,14" rate="1976.78,1985.40,1834.65,2069.25" sx="M,M,M,M"/><TAIKYOKU oya="0"/><INIT seed="0,0,0,0,5,2" ten="250,250,250,250" oya="0" hai0="120,54,135,44,122,87,27,5,72,108,123,14,39" hai1="48,121,85,130,129,69,95,23,86,41,97,57,61" hai2="119,91,58,125,88,124,9,15,114,109,62,51,84" hai3="82,115,36,116,25,77,12,63,102,131,42,45,7"/><T53/><D72/><U40/><E69/><V28/><F114/><W111/><G116/><T65/><D65/><U132/><E121/><V89/><F119/><W30/><G115/><T34/><D135/><U80/><E132/><V37/><F37/><W127/><G102/><T22/><D34/><U26/><E86/><V6/><F28/><W67/><G111/><T113/><D113/><U32/><E32/><V31/><F31/><W60/><G127/><N who="2" m="48713" /><F109/><W20/><G67/><T13/><D108/><U56/><E56/><V92/><F51/><W64/><G64/><AGARI ba="0,0" hai="6,9,15,58,62,64,84,88,89,91,92" m="48713" machi="64" ten="30,3900,0" yaku="18,1,52,1,54,1" doraHai="2" who="2" fromWho="3" sc="250,0,250,0,250,39,250,-39" /><INIT seed="1,0,0,0,4,132" ten="250,250,289,211" oya="1" hai0="80,116,117,99,70,126,78,81,39,121,43,77,102" hai1="73,45,74,22,4,109,35,69,104,53,40,123,55" hai2="15,87,90,83,114,14,11,20,86,130,32,38,46" hai3="3,7,61,51,92,94,89,24,71,95,118,135,8"/><U56/><E123/><V110/><F32/><W115/><G118/><N who="0" m="45675" /><D70/><U131/><E35/><V54/><F110/><W36/><G115/><T26/><D26/><U13/><E104/><V44/><F114/><W62/><G36/><T67/><D67/><U52/><E69/><V60/><F130/><W120/><G120/><T66/><D66/><U103/><E131/><V72/><F72/><W21/><G71/><T76/><D43/><U96/><E109/><V64/><F38/><W47/><G135/><T100/><D39/><U88/><E103/><N who="0" m="39465" /><D121/><U133/><E133/><V68/><F20/><W0/><G89/><T29/><D29/><U25/><E74/><V58/><F15/><W31/><REACH who="3" step="1"/><G0/><REACH who="3" ten="250,250,289,201" step="2"/><T134/><D134/><U93/><E73/><V41/><F68/><W63/><G63/><T127/><D99/><U84/><E96/><V112/><F112/><W106/><G106/><T37/><D37/><U119/><E119/><V125/><F125/><AGARI ba="0,1" hai="76,77,78,80,81,125,126,127" m="39465,45675" machi="125" ten="40,16000,3" yaku="28,2,18,1,34,2,52,3" doraHai="132" who="0" fromWho="2" sc="250,170,250,0,289,-160,201,0" /><INIT seed="2,0,0,5,0,59" ten="420,250,129,201" oya="2" hai0="10,127,89,61,11,16,73,21,111,115,46,104,102" hai1="129,42,64,118,17,60,83,86,110,71,91,84,99" hai2="20,45,39,62,5,74,116,48,68,122,112,63,47" hai3="65,19,119,56,132,101,0,7,34,92,57,35,130"/><V32/><F74/><W120/><G119/><T25/><D73/><U1/><E118/><V51/><F32/><W33/><G120/><T133/><D115/><U95/><E129/><V2/><F122/><W106/><G106/><T90/><D133/><U14/><E110/><V81/><F116/><W8/><G132/><T75/><D75/><U50/><E1/><V128/><F2/><W78/><G78/><T66/><D111/><U23/><E42/><V88/><F5/><W30/><G56/><T55/><D127/><U58/><E50/><N who="2" m="18987" /><F112/><W134/><G19/><T4/><D55/><U41/><E41/><V18/><F128/><W3/><G3/><T26/><D46/><N who="2" m="17418" /><F39/><W36/><G36/><T15/><D26/><U12/><E71/><V85/><F68/><W121/><G121/><T22/><D22/><U98/><E12/><AGARI ba="0,0" hai="12,18,20,62,63,81,85,88" m="17418,18987" machi="12" ten="30,11600,0" yaku="8,1,52,2,54,1" doraHai="59" who="2" fromWho="1" sc="420,0,250,-116,129,116,201,0" /><INIT seed="2,1,0,1,1,93" ten="420,134,245,201" oya="2" hai0="30,41,78,104,66,26,4,34,102,43,18,56,54" hai1="122,62,131,95,79,128,45,16,120,40,86,74,124" hai2="8,27,21,23,123,106,31,115,70,103,119,87,58" hai3="55,71,64,110,133,17,5,10,81,99,46,129,85"/><V15/><F123/><N who="1" m="47145" /><E62/><V22/><F119/><W117/><G117/><T72/><D66/><U42/><E74/><V67/><F115/><W36/><G110/><T116/><D116/><U52/><E124/><V112/><F112/><W33/><G33/><T57/><D4/><U80/><E95/><V97/><F87/><W39/><G133/><T109/><D109/><U60/><E16/><V94/><F106/><W51/><G129/><N who="1" m="49738" /><E60/><N who="2" m="38295" /><F70/><W121/><G121/><T9/><D56/><U101/><E101/><V125/><F125/><W11/><G64/><T32/><D32/><U113/><E113/><V111/><F111/><W89/><G71/><T83/><D18/><AGARI ba="1,0" hai="8,15,18,21,22,23,27,31,94,97,103" m="38295" machi="18" ten="30,5800,0" yaku="25,1,8,1,52,1" doraHai="93" who="2" fromWho="0" sc="420,-61,134,0,245,61,201,0" /><INIT seed="2,2,0,0,1,85" ten="359,134,306,201" oya="2" hai0="99,35,92,20,108,6,7,8,11,61,31,96,88" hai1="43,74,56,60,81,64,47,72,62,123,129,90,91" hai2="115,5,95,102,45,78,66,58,17,94,55,135,77" hai3="40,71,30,12,84,70,4,122,103,126,82,33,9"/><V1/><F115/><W83/><G122/><T2/><D35/><U120/><E129/><V34/><F34/><W52/><G103/><T110/><D96/><U23/><E62/><V104/><F135/><W26/><G126/><T109/><D61/><U119/><E119/><V112/><F112/><W127/><G127/><T100/><D20/><U105/><E105/><V41/><F104/><W118/><G118/><T51/><D51/><U101/><E101/><V29/><F29/><W46/><G82/><T50/><D50/><U89/><E23/><V24/><F1/><W65/><G65/><T0/><D31/><U39/><E81/><V44/><F5/><W67/><G67/><T42/><D42/><U10/><E10/><V36/><F66/><W131/><G131/><T106/><D106/><U87/><E87/><V37/><F102/><AGARI ba="2,0" hai="0,2,6,7,8,11,88,92,99,100,102,108,109,110" machi="102" ten="40,8000,1" yaku="9,1,14,1,52,1,54,1" doraHai="85" who="0" fromWho="2" sc="359,86,134,0,306,-86,201,0" /><INIT seed="3,0,0,1,4,52" ten="445,134,220,201" oya="3" hai0="39,59,48,116,124,100,11,91,67,41,42,104,90" hai1="58,125,115,2,126,31,134,121,75,105,78,102,35" hai2="14,122,54,24,4,25,109,1,79,73,96,108,131" hai3="60,61,99,70,46,15,74,103,27,119,83,10,16"/><W89/><G119/><T118/><D39/><U107/><E115/><V12/><F1/><W112/><G112/><T120/><D120/><U65/><E102/><V33/><F122/><W64/><G74/><T77/><D77/><U106/><E121/><V21/><F131/><W45/><G60/><T71/><D71/><U30/><E2/><V40/><F40/><W62/><G62/><T50/><D124/><N who="1" m="47723" /><E65/><V56/><F73/><W57/><G70/><T55/><D11/><U86/><E86/><V5/><F79/><W88/><G27/><N who="2" m="10313" /><F96/><W68/><G68/><T43/><D67/><U13/><E13/><N who="2" m="5227" /><F33/><W85/><REACH who="3" step="1"/><G89/><REACH who="3" ten="445,134,220,191" step="2"/><T94/><D91/><U135/><E75/><V98/><F109/><W127/><G127/><T72/><D72/><U8/><E78/><V17/><F108/><W44/><G44/><T34/><D116/><U114/><E114/><V47/><F47/><W93/><AGARI ba="0,1" hai="10,15,16,45,46,57,61,64,83,85,88,93,99,103" machi="93" ten="20,18000,2" yaku="1,1,0,1,7,1,8,1,52,1,54,2,53,0" doraHai="52" doraHaiUra="29" who="3" fromWho="3" sc="445,-60,134,-60,220,-60,191,190" /><INIT seed="3,1,0,0,3,55" ten="385,74,160,381" oya="3" hai0="106,41,48,37,66,115,85,126,3,2,43,104,134" hai1="7,97,0,57,96,113,79,132,58,60,119,99,98" hai2="14,74,31,50,83,5,88,9,38,71,103,35,128" hai3="51,80,33,87,54,72,19,26,120,70,46,117,53"/><W59/><G117/><T108/><D37/><U111/><E113/><V84/><F71/><W62/><G70/><T89/><D115/><U21/><E119/><V23/><F128/><W101/><G72/><T118/><D118/><U81/><E132/><V42/><F74/><W114/><G120/><T100/><D126/><U69/><E111/><V17/><F38/><W44/><G114/><T112/><D112/><U1/><N who="1" m="24576" /><DORA hai="28" /><U61/><E69/><V15/><F103/><W29/><G19/><T129/><D100/><U20/><E7/><V27/><F50/><W124/><G124/><T77/><D77/><U127/><E127/><V110/><F42/><W8/><G8/><T47/><D108/><U67/><E1/><V4/><REACH who="2" step="1"/><F4/><REACH who="2" ten="385,74,150,381" step="2"/><W116/><G116/><T125/><D129/><U12/><E0/><V90/><F90/><W39/><G39/><T86/><D125/><U92/><E92/><V6/><F6/><W105/><G101/><T135/><D43/><U16/><E79/><V22/><F22/><W11/><G105/><T94/><D104/><U123/><E123/><V91/><F91/><W131/><G131/><T82/><D106/><U133/><E133/><V10/><F10/><W121/><G121/><T36/><D134/><U24/><E81/><V107/><F107/><W13/><G11/><T18/><D135/><U32/><E32/><V68/><F68/><W65/><G13/><T109/><D36/><U52/><E20/><V102/><F102/><W40/><G44/><T49/><D109/><AGARI ba="1,1" hai="5,9,14,15,17,23,27,31,35,83,84,88,109,110" machi="109" ten="40,5200,0" yaku="1,1,52,1,54,1,53,0" doraHai="55,28" doraHaiUra="73,34" who="2" fromWho="0" sc="385,-55,74,0,150,65,381,0" /><INIT seed="4,0,0,5,3,80" ten="330,74,215,381" oya="0" hai0="29,112,60,25,59,52,23,51,106,40,28,124,8" hai1="13,117,68,16,33,71,88,43,7,87,134,131,110" hai2="18,78,6,65,34,125,91,70,62,36,56,3,118" hai3="72,126,76,46,119,54,92,120,103,39,0,11,61"/><T85/><D106/><U73/><E110/><V102/><F118/><W99/><G120/><T5/><D112/><U121/><E73/><V37/><F125/><W89/><G119/><T20/><D124/><U64/><E121/><V100/><F34/><W133/><G133/><T26/><D40/><U79/><E33/><V10/><F78/><W32/><G32/><T95/><D95/><U17/><E134/><V113/><F113/><W82/><G126/><T116/><D116/><U132/><E79/><V53/><F18/><W122/><G39/><T93/><D93/><U84/><E43/><V14/><F3/><W12/><G0/><T90/><D90/><U108/><E108/><V105/><F105/><W97/><G122/><T19/><D85/><U111/><E111/><V21/><F21/><W101/><G97/><T83/><D83/><U4/><E64/><V66/><F66/><W107/><G107/><T2/><D60/><U24/><E132/><V63/><REACH who="2" step="1"/><F91/><REACH who="2" ten="330,74,205,381" step="2"/><W77/><G77/><T9/><D9/><U129/><E117/><V15/><F15/><W38/><G38/><AGARI ba="0,1" hai="6,10,14,36,37,38,53,56,62,63,65,70,100,102" machi="38" ten="40,2600,0" yaku="1,1,53,1" doraHai="80" doraHaiUra="48" who="2" fromWho="3" sc="330,0,74,0,205,36,381,-26" /><INIT seed="5,0,0,2,3,23" ten="330,74,241,355" oya="1" hai0="110,91,11,72,29,119,95,126,62,16,9,14,118" hai1="132,33,109,77,19,125,63,133,54,59,10,22,90" hai2="51,98,71,56,60,102,32,69,99,116,89,97,83" hai3="103,68,117,25,34,27,31,38,131,114,13,79,42"/><U124/><E77/><V53/><F116/><W0/><G79/><T30/><D72/><U21/><E33/><V67/><F32/><W82/><G82/><T87/><D110/><U61/><E109/><V40/><F71/><W70/><G42/><T85/><D126/><N who="1" m="48747" /><E10/><V3/><F3/><W48/><G38/><T57/><D11/><U134/><E90/><V15/><F15/><W8/><G0/><T105/><D105/><U41/><E41/><V93/><F83/><W75/><G75/><T49/><D49/><N who="1" m="31183" /><E21/><V39/><F102/><W6/><G117/><T129/><D129/><U5/><E5/><V43/><REACH who="2" step="1"/><F43/><REACH who="2" ten="330,74,231,355" step="2"/><W128/><G114/><T88/><D119/><U100/><E100/><V80/><F80/><W58/><G103/><T92/><D118/><U4/><E4/><V84/><F84/><W86/><G86/><T47/><REACH who="0" step="1"/><D47/><AGARI ba="0,1" hai="39,40,47,51,53,56,60,67,69,89,93,97,98,99" machi="47" ten="40,8000,1" yaku="1,1,24,2,53,1" doraHai="23" doraHaiUra="44" who="2" fromWho="0" sc="330,-80,74,0,231,90,355,0" /><INIT seed="6,0,0,5,4,83" ten="250,74,321,355" oya="2" hai0="134,74,37,5,114,17,132,60,119,54,25,124,99" hai1="39,82,111,109,95,50,108,130,10,24,126,62,52" hai2="9,40,58,115,100,33,12,121,30,85,75,2,67" hai3="36,49,19,15,112,0,125,14,92,117,23,79,113"/><V70/><F121/><W51/><G36/><T53/><D74/><U86/><E39/><V128/><F75/><W56/><G117/><T46/><D5/><U6/><E130/><V120/><F120/><W107/><G107/><T7/><D7/><U90/><E126/><V64/><F2/><W77/><G0/><T42/><D119/><U123/><E123/><V89/><F70/><W116/><G116/><T61/><D124/><U91/><E24/><V69/><F69/><W47/><G56/><T29/><D17/><U13/><E62/><N who="0" m="24169" /><D99/><U80/><REACH who="1" step="1"/><E91/><REACH who="1" ten="250,64,321,355" step="2"/><V45/><F128/><W102/><G125/><T88/><D88/><U55/><E55/><N who="0" m="21001" /><D25/><U68/><E68/><V57/><F100/><W135/><G112/><T8/><D29/><U98/><E98/><V81/><F115/><W65/><G113/><T97/><D97/><U103/><E103/><V71/><F71/><W104/><G135/><N who="0" m="51755" /><D114/><U105/><E105/><V31/><F31/><W96/><G104/><T48/><D8/><U44/><AGARI ba="0,1" hai="6,10,13,44,50,52,80,82,86,90,95,108,109,111" machi="44" ten="30,7900,0" yaku="1,1,0,1,52,1,54,1,53,0" doraHai="83" doraHaiUra="110" who="1" fromWho="1" sc="250,-20,64,89,321,-39,355,-20" /><INIT seed="7,0,0,5,4,13" ten="230,153,282,335" oya="3" hai0="81,90,48,20,88,73,7,119,54,74,77,26,86" hai1="28,82,6,113,57,133,30,37,33,108,120,122,25" hai2="21,105,115,71,55,49,56,22,47,91,126,50,40" hai3="130,117,46,134,51,10,87,124,17,83,29,107,44"/><W111/><G117/><T125/><D119/><U78/><E37/><V65/><F105/><W99/><G107/><T27/><D125/><U43/><E43/><V112/><F91/><W79/><G29/><T3/><D3/><U34/><E57/><V72/><F72/><W63/><G124/><T36/><D36/><U85/><E108/><V64/><F21/><W68/><G44/><T95/><D7/><U109/><E109/><V96/><F22/><W116/><G99/><T106/><D106/><U42/><E42/><V110/><F96/><W98/><G98/><T8/><D8/><U129/><E129/><V114/><F110/><W127/><G111/><T38/><D38/><U89/><E6/><V80/><F80/><W84/><G116/><T9/><D9/><U97/><E133/><V19/><F19/><W39/><G134/><T62/><D62/><U59/><E59/><V16/><F16/><W92/><G39/><T5/><D5/><U121/><E97/><V93/><F93/><W118/><G118/><T52/><D54/><U60/><E60/><N who="2" m="40327" /><F65/><W0/><G0/><T31/><D27/><U41/><E41/><V76/><F76/><W101/><G10/><T100/><D100/><U123/><N who="1" m="30720" /><DORA hai="135" /><U12/><E12/><V94/><F94/><W103/><G17/><T131/><D131/><U15/><E15/><V53/><F53/><W14/><G14/><T58/><REACH who="0" step="1"/><D90/><REACH who="0" ten="220,153,282,335" step="2"/><U1/><E1/><V70/><F70/><W11/><G103/><T69/><D69/><U18/><E89/><V104/><F104/><W32/><G101/><T2/><D2/><RYUUKYOKU ba="0,1" sc="220,15,153,-15,282,15,335,-15" hai0="20,26,31,48,52,58,73,74,77,81,86,88,95" hai2="40,47,49,50,55,56,112,114,115,126" owari="235,-16.0,138,-36.0,297,10.0,330,42.0" /></mjloggm>