<mjloggm ver="2.3"><GO type="41" lobby="0"/><UN n0="%E5%B0%B1%E6%B4%BB%E7%94%9F%40%E5%B7%9D%E6%9D%91%E8%BB%8D%E5%9B%A3" n1="%E3%81%BF%E3%82%86%E3%81%BF%E3%82%86" n2="%6A%75%6E%6B" n3="%33%39%38%38" dan="15,14,15,13" rate="1968.59,1871.20,1937.32,1811.33" sx="M,M,M,M"/><TAIKYOKU oya="0"/><INIT seed="0,0,0,3,4,75" ten="250,250,250,250" oya="0" hai0="57,85,90,83,17,53,2,111,52,30,87,130,51" hai1="47,28,43,4,54,12,94,35,67,115,19,14,124" hai2="129,6,77,101,45,91,82,61,76,102,132,88,114" hai3="126,26,105,70,25,128,86,98,37,84,66,103,110"/><T39/><D2/><U50/><E124/><V69/><F114/><W92/><G126/><T78/><D39/><U134/><E134/><V64/><F129/><W108/><G128/><T116/><D130/><U46/><E115/><V55/><F132/><W123/><G123/><T18/><D116/><U63/><E35/><V121/><F121/><W109/><G37/><T135/><D135/><U89/><E28/><V93/><F6/><W65/><G70/><T99/><D111/><U113/><E113/><V42/><F55/><W71/><G86/><T97/><D30/><U125/><E125/><V7/><F7/><W68/><G68/><T118/><D118/><U29/><E29/><V100/><F82/><W80/><G105/><T24/><D53/><U74/><E74/><V5/><F5/><W60/><REACH who="3" step="1"/><G66/><REACH who="3" ten="250,250,250,240" step="2"/><T32/><D32/><U48/><E67/><V33/><F33/><W81/><G81/><N who="0" m="49455" /><D24/><U119/><E119/><V133/><F133/><W22/><G22/><T38/><D38/><U27/><E27/><V40/><F40/><W120/><G120/><T10/><D10/><U0/><E43/><V20/><F20/><W127/><G127/><T131/><D131/><U36/><E36/><V23/><F23/><W104/><G104/><T21/><D21/><U122/><E122/><V96/><REACH who="2" step="1"/><F91/><AGARI ba="0,1" hai="25,26,60,65,71,80,84,91,92,98,103,108,109,110" machi="91" ten="40,2600,0" yaku="1,1,14,1,53,0" doraHai="75" doraHaiUra="107" who="3" fromWho="2" sc="250,0,250,0,250,-26,240,36" /><INIT seed="1,0,0,3,0,51" ten="250,250,224,276" oya="1" hai0="45,29,77,125,84,109,111,121,115,66,114,13,96" hai1="134,89,16,70,64,10,9,98,33,81,5,48,15" hai2="18,73,58,74,112,75,131,95,99,68,104,128,31" hai3="53,25,27,127,97,91,123,21,116,46,108,11,65"/><U113/><E33/><V63/><F31/><W20/><G123/><T93/><D66/><U55/><E113/><N who="0" m="43017" /><D29/><U78/><E134/><V24/><F112/><W82/><G116/><T22/><D22/><U103/><E70/><V119/><F68/><W0/><G65/><T57/><D45/><N who="1" m="28047" /><E64/><V8/><F119/><W38/><G0/><T41/><D41/><U28/><E28/><V37/><F37/><W135/><G135/><T35/><D57/><U30/><E30/><V14/><F24/><W124/><G11/><T110/><D35/><U62/><E62/><V43/><F43/><W120/><G120/><T76/><D13/><N who="1" m="5295" /><E78/><N who="0" m="30313" /><D121/><U87/><E98/><V12/><F104/><W40/><G97/><T56/><D56/><U26/><E103/><V19/><F58/><W42/><G42/><T130/><D130/><N who="2" m="49706" /><F63/><W50/><G27/><AGARI ba="0,0" hai="10,15,16,26,27,81,87,89" m="5295,28047" machi="27" ten="30,11600,0" yaku="25,1,8,1,52,1,54,1" doraHai="51" who="1" fromWho="3" sc="250,0,250,116,224,0,276,-116" /><INIT seed="1,1,0,2,1,66" ten="250,366,224,160" oya="1" hai0="77,63,7,67,51,85,39,34,79,108,23,16,90" hai1="15,107,25,89,93,8,53,2,52,115,68,17,134" hai2="19,133,55,60,38,43,106,111,26,94,114,124,96" hai3="24,40,33,83,59,32,117,62,118,58,6,81,10"/><U86/><E107/><V46/><F106/><W49/><G24/><T61/><D34/><U102/><E115/><V74/><F74/><W0/><G40/><T71/><D39/><U104/><E134/><V35/><F114/><W41/><G41/><T18/><D108/><U21/><E2/><V54/><F111/><W87/><G83/><T131/><D131/><U28/><REACH who="1" step="1"/><E68/><REACH who="1" ten="250,356,224,160" step="2"/><V112/><F133/><W29/><G118/><T105/><D105/><U99/><AGARI ba="1,1" hai="8,15,17,21,25,28,52,53,86,89,93,99,102,104" machi="99" ten="30,11700,0" yaku="1,1,2,1,0,1,54,1,53,0" doraHai="66" doraHaiUra="73" who="1" fromWho="1" sc="250,-40,356,130,224,-40,160,-40" /><INIT seed="1,2,0,5,1,92" ten="210,486,184,120" oya="1" hai0="134,55,39,67,102,100,117,9,38,110,52,90,31" hai1="103,56,75,86,69,40,2,10,115,93,89,119,48" hai2="121,5,99,46,82,85,1,81,20,51,60,30,98" hai3="79,53,108,47,101,14,131,94,70,35,34,27,120"/><U116/><E69/><V13/><F1/><W61/><G120/><T128/><D117/><U44/><E75/><V33/><F33/><W45/><G79/><T88/><D128/><U95/><E115/><V122/><F121/><W8/><G131/><T7/><D31/><U63/><E2/><V36/><F36/><W72/><G72/><T114/><D67/><U58/><E10/><N who="2" m="4303" /><F60/><W74/><G74/><T37/><D114/><U28/><E28/><V73/><F73/><W6/><G27/><T16/><D134/><U22/><E116/><V91/><F82/><W109/><G53/><T3/><D110/><N who="3" m="42601" /><G61/><T15/><D102/><U71/><E119/><V19/><F30/><W41/><G70/><T135/><D135/><U11/><E71/><V127/><F127/><W107/><G107/><T76/><D76/><U62/><E62/><V21/><F122/><W43/><G101/><T0/><D100/><U83/><E63/><V124/><F124/><W17/><G94/><T125/><D125/><U132/><E95/><V84/><F84/><W26/><G26/><T112/><D112/><U64/><E64/><V104/><F104/><W42/><G6/><T4/><D4/><U118/><E132/><V80/><F80/><W96/><G35/><T50/><D55/><U123/><E123/><V12/><F20/><W25/><G34/><T54/><D54/><AGARI ba="2,0" hai="12,19,21,46,51,54,81,85,91,98,99" m="4303" machi="54" ten="30,3900,0" yaku="8,1,52,2" doraHai="92" who="2" fromWho="0" sc="210,-45,486,0,184,45,120,0" /><INIT seed="2,0,0,0,3,135" ten="165,486,229,120" oya="2" hai0="19,71,64,17,107,84,118,3,27,41,70,100,106" hai1="111,13,80,126,93,63,120,31,123,115,53,16,7" hai2="77,119,81,87,127,34,21,101,79,49,1,26,5" hai3="125,14,92,96,23,129,76,74,132,103,83,88,116"/><V110/><F119/><W47/><G116/><T75/><D75/><U65/><E115/><V38/><F38/><W95/><G132/><T36/><D118/><U30/><E7/><V62/><F34/><W112/><G112/><T48/><D3/><U33/><E111/><V51/><F110/><W66/><G66/><T122/><D122/><U113/><E113/><V121/><F121/><W68/><G68/><T55/><D36/><U56/><E126/><V105/><F127/><W102/><G125/><T40/><D84/><U10/><E80/><V18/><F62/><W130/><G47/><T91/><D91/><U22/><E33/><V32/><F32/><W20/><G14/><T37/><D37/><U124/><E124/><V72/><F72/><W15/><G15/><T89/><D89/><U133/><E133/><V94/><F105/><W78/><G76/><T117/><D117/><U43/><E43/><V90/><F101/><N who="3" m="60551" /><G23/><T69/><D64/><U9/><E120/><V29/><F29/><N who="1" m="10761" /><E123/><V45/><F45/><W97/><G20/><T24/><D100/><AGARI ba="0,0" hai="74,78,83,88,95,97,100,102,103,129,130" m="60551" machi="100" ten="30,3900,0" yaku="34,2,54,1" doraHai="135" who="3" fromWho="0" sc="165,-39,486,0,229,0,120,39" /><INIT seed="3,0,0,4,5,13" ten="126,486,229,159" oya="3" hai0="31,104,100,71,77,32,115,18,91,106,72,113,36" hai1="54,48,73,92,19,60,14,47,95,105,61,25,97" hai2="90,43,81,58,44,98,123,126,23,22,34,6,50" hai3="12,24,9,102,130,64,109,37,68,135,7,121,119"/><W74/><G119/><T76/><D71/><U45/><E73/><V88/><F34/><W79/><G121/><T133/><D36/><U46/><E105/><V127/><F123/><W51/><G51/><T8/><D31/><U69/><E25/><V0/><F0/><W110/><G37/><T29/><D29/><U131/><E131/><V116/><F116/><W4/><G130/><T128/><D32/><U83/><E83/><V66/><F6/><W103/><G79/><T134/><D128/><U53/><E69/><V41/><F41/><W89/><G74/><T26/><D26/><U129/><E129/><V111/><F111/><N who="3" m="42507" /><G89/><T65/><D65/><U38/><E38/><V84/><F66/><W59/><G68/><T82/><D8/><N who="1" m="6599" /><E92/><N who="2" m="56583" /><F58/><W87/><G87/><T108/><D108/><U10/><E10/><V118/><F118/><W67/><G24/><T3/><D3/><U75/><E75/><V132/><F132/><W15/><G135/><T120/><D120/><U122/><E122/><V40/><F43/><W20/><G59/><T112/><D72/><U35/><E35/><V55/><F40/><W86/><G86/><T11/><D91/><N who="1" m="55551" /><E48/><V101/><F101/><N who="3" m="38411" /><G4/><T33/><D100/><U5/><E5/><V124/><AGARI ba="0,0" hai="22,23,44,50,55,81,84,90,124,126,127" m="56583" machi="124" ten="30,2000,0" yaku="18,1,54,1" doraHai="13" who="2" fromWho="2" sc="126,-5,486,-5,229,20,159,-10" /><INIT seed="4,0,0,0,5,106" ten="121,481,249,149" oya="0" hai0="103,46,19,65,83,15,95,62,58,86,118,82,35" hai1="45,119,102,90,114,53,1,16,134,31,75,63,30" hai2="94,64,4,50,38,6,92,28,52,11,84,115,17" hai3="9,109,108,96,99,42,59,126,29,5,78,25,34"/><T32/><D118/><U18/><E1/><V23/><F38/><W14/><G126/><T98/><D35/><U43/><E75/><V124/><F124/><W111/><G59/><T100/><D32/><U128/><E119/><V81/><F115/><W33/><G33/><T116/><D116/><U20/><E134/><V132/><F132/><W135/><G135/><T69/><D69/><U47/><E102/><V113/><F113/><W66/><G66/><T55/><D100/><U7/><E7/><V71/><F28/><W101/><G42/><T131/><D131/><U61/><E43/><V72/><F6/><W87/><G101/><T49/><REACH who="0" step="1"/><D86/><REACH who="0" ten="111,481,249,149" step="2"/><U36/><E128/><V51/><F71/><W41/><G87/><T107/><D107/><U91/><E114/><V110/><F110/><W79/><G111/><T80/><D80/><U39/><E31/><V3/><F94/><W60/><G109/><T26/><D26/><U48/><E30/><V74/><F92/><W104/><G108/><T97/><D97/><U8/><E36/><V130/><F130/><W24/><G104/><T12/><D12/><U57/><E39/><V127/><F127/><W125/><G125/><T13/><D13/><U117/><E117/><V40/><F84/><W88/><G25/><T21/><AGARI ba="0,1" hai="15,19,21,46,49,55,58,62,65,82,83,95,98,103" machi="21" ten="20,12000,1" yaku="1,1,0,1,7,1,8,1,53,1" doraHai="106" doraHaiUra="56" who="0" fromWho="0" sc="111,130,481,-40,249,-40,149,-40" /><INIT seed="4,1,0,5,0,92" ten="241,441,209,109" oya="0" hai0="94,15,49,86,61,39,28,88,85,117,129,126,41" hai1="10,82,132,8,55,24,7,73,77,72,3,34,2" hai2="42,79,30,63,45,6,60,112,115,67,43,71,14" hai3="40,80,128,96,122,90,131,110,65,9,69,37,38"/><T53/><D117/><U116/><E116/><V48/><F30/><W111/><G9/><BYE who="0" /><T58/><D58/><U35/><E132/><UN n0="%E5%B0%B1%E6%B4%BB%E7%94%9F%40%E5%B7%9D%E6%9D%91%E8%BB%8D%E5%9B%A3" /><V98/><F79/><W102/><G90/><T36/><D126/><U130/><E130/><V101/><F6/><W84/><G84/><T68/><D129/><N who="3" m="49737" /><G80/><T76/><D41/><U87/><E55/><N who="2" m="30095" /><F14/><W89/><G89/><T26/><D15/><U62/><E62/><V127/><F127/><W32/><G32/><T0/><D0/><U12/><E12/><V20/><F20/><W118/><G118/><T44/><D76/><U106/><E106/><V25/><F25/><W29/><G29/><T16/><D85/><U75/><E24/><V81/><F81/><W114/><G40/><T91/><D91/><U46/><E46/><V107/><F63/><N who="3" m="40127" /><G122/><T19/><D39/><N who="3" m="14857" /><G114/><AGARI ba="1,0" hai="42,43,60,67,71,98,101,107,112,114,115" m="30095" machi="114" ten="30,2000,0" yaku="15,1,52,1" doraHai="92" who="2" fromWho="3" sc="241,0,441,0,209,23,109,-23" /><INIT seed="5,0,0,5,3,82" ten="241,441,232,86" oya="1" hai0="65,37,118,89,59,131,110,111,20,8,93,42,75" hai1="85,71,104,121,38,67,120,69,126,135,72,61,17" hai2="115,74,114,129,19,15,68,105,81,123,57,39,5" hai3="9,100,53,103,22,88,96,62,94,14,2,43,108"/><U92/><E104/><V73/><F5/><W112/><G108/><T52/><D75/><U58/><E72/><V29/><F29/><W125/><G112/><N who="2" m="43049" /><F68/><W128/><G125/><T87/><D118/><U49/><E38/><V95/><F39/><W32/><G128/><T24/><D131/><U106/><E106/><V80/><F129/><W107/><G32/><T40/><D65/><U84/><E135/><V36/><F36/><W45/><G22/><T4/><D37/><U34/><E34/><V50/><F105/><W117/><G117/><T31/><D111/><U23/><E126/><V47/><F57/><W16/><G2/><T6/><D110/><U28/><E28/><V18/><F123/><W46/><G43/><T98/><D87/><U86/><E92/><V56/><F56/><N who="3" m="35087" /><G107/><T7/><REACH who="0" step="1"/><D8/><REACH who="0" ten="231,441,232,86" step="2"/><U3/><E121/><V30/><F74/><W25/><G25/><T35/><D35/><U133/><E120/><V66/><F73/><W101/><AGARI ba="0,1" hai="9,14,16,45,46,88,94,96,100,101,103" m="35087" machi="101" ten="30,4000,0" yaku="8,1,54,2" doraHai="82" who="3" fromWho="3" sc="231,-10,441,-20,232,-10,86,50" /><INIT seed="6,0,0,3,5,119" ten="221,421,222,136" oya="2" hai0="77,44,89,23,99,117,121,27,131,36,70,16,55" hai1="0,91,124,9,112,105,80,116,60,6,95,104,72" hai2="65,118,40,84,18,59,87,29,79,37,94,21,24" hai3="66,102,111,123,7,75,1,53,54,86,129,56,125"/><V68/><F118/><W43/><G75/><T106/><D117/><U92/><E116/><V28/><F68/><W48/><G111/><T5/><D131/><U128/><E112/><V41/><F37/><W8/><G129/><T63/><D70/><U74/><E60/><N who="2" m="38047" /><F79/><W130/><G130/><T64/><D5/><U115/><E115/><V133/><F133/><W34/><G34/><T69/><D121/><U14/><E128/><V83/><F83/><W20/><G125/><T19/><D77/><U81/><E0/><V114/><F114/><W93/><G43/><N who="2" m="16457" /><F87/><W13/><G102/><T78/><D78/><U98/><E72/><V31/><F84/><W57/><G66/><T110/><D110/><U127/><E74/><V45/><F45/><W132/><G132/><T3/><D3/><U134/><E134/><V58/><F58/><W62/><G123/><T26/><D89/><U100/><E105/><V82/><F82/><N who="1" m="31849" /><E91/><V108/><F108/><W101/><G86/><T38/><D55/><U4/><E4/><V33/><F33/><W122/><G122/><T46/><D38/><U97/><E97/><V73/><F73/><W47/><G47/><T22/><REACH who="0" step="1"/><D36/><REACH who="0" ten="211,421,222,136" step="2"/><U61/><E127/><V42/><F42/><W30/><G1/><T49/><D49/><U15/><E124/><V85/><F85/><W11/><G101/><AGARI ba="0,1" hai="16,19,22,23,26,27,44,46,63,64,69,99,101,106" machi="101" ten="40,5200,0" yaku="1,1,9,1,54,1,53,0" doraHai="119" doraHaiUra="51" who="0" fromWho="3" sc="211,62,421,0,222,0,136,-52" /><INIT seed="7,0,0,2,5,92" ten="273,421,222,84" oya="3" hai0="1,112,68,91,109,72,63,134,13,116,121,89,104" hai1="46,16,135,61,18,5,35,23,27,83,4,117,78" hai2="56,122,123,88,17,34,73,8,30,48,11,76,93" hai3="97,3,44,120,133,99,26,94,19,12,38,49,22"/><W14/><G133/><T110/><D91/><U74/><E35/><V32/><F76/><W40/><G120/><N who="2" m="46121" /><F73/><W60/><G3/><T132/><D89/><U55/><E135/><V77/><F77/><W107/><G38/><T85/><D13/><U79/><E79/><V84/><F30/><W20/><G60/><T0/><D63/><U102/><E102/><V130/><F130/><W105/><G94/><T119/><D85/><U42/><E117/><V10/><F17/><W65/><G65/><T43/><D43/><U9/><E61/><V29/><F29/><W41/><G26/><T52/><D52/><AGARI ba="0,0" hai="8,10,11,32,34,48,52,56,84,88,93" m="46121" machi="52" ten="30,3900,0" yaku="13,1,54,2" doraHai="92" who="2" fromWho="0" sc="273,-39,421,0,222,39,84,0" owari="234,-17.0,421,53.0,261,6.0,84,-42.0" /></mjloggm>