<mjloggm ver="2.3"><GO type="97" lobby="0"/><UN n0="%E3%81%A4%E3%81%AD%E3%81%8A" n1="%6D%31%38%33%34" n2="%E5%B0%B1%E6%B4%BB%E7%94%9F%40%E5%B7%9D%E6%9D%91%E8%BB%8D%E5%9B%A3" n3="%6C%69%6C%6C%61%6D%6D%6D" dan="14,14,15,15" rate="1934.36,1927.61,2037.55,2014.19" sx="M,M,M,M"/><TAIKYOKU oya="0"/><INIT seed="0,0,0,1,3,82" ten="250,250,250,250" oya="0" hai0="37,26,102,54,40,98,103,41,51,17,52,124,21" hai1="123,38,107,117,83,18,57,130,30,4,111,128,122" hai2="88,69,75,49,34,0,113,106,133,91,131,16,97" hai3="9,43,90,11,2,6,125,22,39,129,99,105,70"/><T55/><D124/><U27/><E38/><V112/><F34/><W66/><G125/><T53/><D37/><U35/><E107/><V29/><F0/><W25/><G129/><N who="1" m="49770" /><E57/><V126/><F69/><W10/><G43/><T78/><D78/><U95/><E95/><V114/><F75/><W13/><G39/><T36/><D36/><U118/><E83/><V23/><F29/><W48/><G48/><T96/><N who="0" m="13824" /><DORA hai="15" /><T47/><REACH who="0" step="1"/><D41/><REACH who="0" ten="240,250,250,250" step="2"/><U7/><E111/><V100/><F126/><W60/><G2/><T45/><D45/><U5/><E18/><V28/><F131/><W108/><G108/><T127/><D127/><U109/><E109/><V19/><F19/><W72/><G6/><T84/><D84/><U3/><E3/><V120/><F16/><W73/><G73/><T59/><D59/><U110/><E110/><V89/><F112/><W101/><G72/><T94/><D94/><U74/><E74/><V56/><F113/><W64/><G70/><T46/><D46/><U68/><E68/><V115/><F56/><W67/><G105/><T92/><D92/><U65/><E65/><V87/><F114/><W58/><G66/><T14/><D14/><U80/><E80/><V50/><F115/><W42/><G13/><T12/><D12/><U62/><E62/><V85/><F106/><N who="3" m="63807" /><G67/><T76/><D76/><U1/><E1/><V86/><F86/><W24/><G42/><T20/><D20/><U93/><E93/><V31/><F23/><W116/><G22/><T132/><D132/><U81/><E81/><V61/><F133/><W71/><G71/><RYUUKYOKU ba="0,1" sc="240,15,250,15,250,-15,250,-15" hai0="17,21,26,40,47,51,96,98,102,103" hai1="4,5,7,27,30,35,117,118,122,123" /><INIT seed="0,1,1,3,3,91" ten="255,265,235,235" oya="0" hai0="36,133,96,0,126,103,129,104,68,69,2,74,95" hai1="84,114,54,120,34,117,63,45,72,94,10,106,47" hai2="23,18,64,73,62,119,32,110,83,20,42,16,65" hai3="101,37,7,87,107,78,6,33,31,19,24,90,116"/><T124/><D95/><U99/><E72/><V13/><F32/><W58/><G116/><T135/><D74/><U127/><E34/><V108/><F119/><W11/><G37/><T53/><D53/><U71/><E120/><V61/><F42/><W52/><G78/><T57/><D57/><U17/><E117/><V113/><F73/><W5/><G101/><T67/><D36/><U28/><E114/><V46/><F46/><W8/><G107/><T122/><D122/><U82/><E127/><N who="0" m="48681" /><D67/><N who="2" m="25674" /><F83/><W109/><G109/><N who="2" m="42089" /><F113/><W79/><G79/><T75/><D75/><U92/><E71/><N who="0" m="27209" /><D129/><U105/><E54/><V123/><F123/><W89/><G19/><N who="2" m="7209" /><F13/><W118/><G118/><T85/><D85/><U132/><E17/><V80/><F80/><W81/><REACH who="3" step="1"/><G89/><REACH who="3" ten="255,265,235,225" step="2"/><T4/><D4/><U35/><E82/><V59/><F59/><W86/><G86/><T60/><D60/><AGARI ba="1,2" hai="20,23,60,61,62" m="7209,42089,25674" machi="60" ten="30,7700,0" yaku="28,2,14,1,54,1" doraHai="91" who="2" fromWho="0" sc="255,-80,265,0,235,100,225,0" /><AGARI ba="1,0" hai="5,6,7,8,11,24,31,33,52,58,60,81,87,90" machi="60" ten="40,2600,0" yaku="1,1,54,1,53,0" doraHai="91" doraHaiUra="14" who="3" fromWho="0" sc="175,-26,265,0,335,0,225,26" /><INIT seed="1,0,0,5,5,33" ten="149,265,335,251" oya="1" hai0="60,80,84,87,42,9,49,18,26,119,50,133,23" hai1="90,88,27,112,53,73,35,105,93,124,85,66,106" hai2="113,79,46,40,14,109,8,59,4,57,22,69,129" hai3="99,44,108,52,64,55,101,21,107,47,132,10,15"/><U128/><E112/><V0/><F69/><W31/><G108/><T62/><D119/><U83/><E73/><V39/><F113/><W116/><G116/><T103/><D103/><U104/><E66/><V123/><F123/><W86/><G132/><T6/><D133/><U102/><E128/><V24/><F109/><W91/><G64/><T56/><D42/><U110/><E110/><V76/><F129/><W67/><G67/><T25/><D25/><U122/><E122/><V118/><F118/><W81/><G31/><T96/><D96/><U134/><E134/><V94/><F94/><N who="3" m="58615" /><G21/><T70/><D70/><U68/><E68/><V100/><F100/><W5/><G107/><T51/><D60/><U97/><E124/><V77/><REACH who="2" step="1"/><F14/><REACH who="2" ten="149,265,325,251" step="2"/><W7/><G15/><N who="0" m="5559" /><D80/><U127/><E127/><V20/><F20/><W61/><G81/><T131/><D131/><U63/><E35/><V28/><AGARI ba="0,1" hai="0,4,8,22,24,28,39,40,46,57,59,76,77,79" machi="28" ten="30,4000,0" yaku="1,1,0,1,52,1,53,0" doraHai="33" doraHaiUra="48" who="2" fromWho="2" sc="149,-10,265,-20,325,50,251,-10" /><INIT seed="2,0,0,2,3,86" ten="139,245,375,241" oya="2" hai0="121,118,124,8,87,13,96,122,73,83,126,69,4" hai1="65,105,36,38,99,117,89,30,100,49,9,90,132" hai2="123,27,20,6,2,31,72,61,116,14,95,71,55" hai3="18,78,17,84,47,46,101,119,113,67,85,42,44"/><V29/><F116/><W12/><G119/><T16/><D69/><U52/><E117/><V115/><F115/><W66/><G113/><T33/><D118/><U130/><E65/><N who="3" m="24586" /><G101/><T68/><D68/><U82/><E30/><V34/><F123/><W59/><G42/><T102/><D33/><U11/><E132/><V35/><F72/><W91/><G59/><T10/><D73/><U110/><E110/><V21/><F71/><W135/><G135/><T88/><D121/><U131/><E82/><V28/><F61/><W104/><G104/><T98/><D122/><U75/><E75/><V7/><F55/><W94/><G12/><T128/><D128/><N who="1" m="49195" /><E11/><N who="2" m="2519" /><F95/><W40/><G40/><T62/><D62/><U70/><E9/><N who="2" m="4415" /><F20/><W103/><G103/><T134/><D134/><U43/><E70/><V37/><F37/><N who="1" m="14441" /><E43/><V74/><F74/><W48/><G48/><T76/><D76/><U77/><E77/><V53/><F53/><W109/><G109/><T5/><D5/><U112/><E112/><V54/><F54/><W57/><G57/><AGARI ba="0,0" hai="49,52,57,89,90,99,100,105" m="14441,49195" machi="57" ten="30,7700,0" yaku="19,1,52,2,54,1" doraHai="86" who="1" fromWho="3" sc="139,0,245,77,375,0,241,-77" /><INIT seed="3,0,0,4,1,47" ten="139,322,375,164" oya="3" hai0="70,60,97,87,111,93,113,49,55,68,109,4,1" hai1="46,106,57,79,83,92,120,128,30,71,48,74,59" hai2="112,36,114,110,24,18,2,39,76,28,38,7,116" hai3="66,26,17,32,14,56,102,86,40,69,95,90,0"/><W122/><G0/><T25/><D113/><U33/><E71/><V96/><F116/><W27/><G122/><T103/><D25/><U65/><E106/><V101/><F110/><W100/><G69/><T44/><D87/><U73/><E73/><V89/><F89/><W135/><G135/><T124/><D124/><U41/><E120/><V50/><F50/><W58/><G40/><T23/><D23/><U108/><E108/><V77/><F18/><W35/><G35/><T42/><D70/><U29/><E128/><V84/><F84/><W45/><G45/><T125/><D125/><U82/><E33/><N who="2" m="20615" /><F76/><W11/><G32/><T99/><D99/><U75/><E92/><V61/><F61/><N who="3" m="38183" /><G58/><T107/><D93/><U129/><E129/><V88/><F88/><W22/><G27/><T8/><REACH who="0" step="1"/><D55/><REACH who="0" ten="129,322,375,164" step="2"/><U54/><E54/><V117/><F114/><W105/><G105/><T16/><D16/><AGARI ba="0,1" hai="11,14,16,17,22,26,86,90,95,100,102" m="38183" machi="16" ten="30,2900,0" yaku="8,1,54,1" doraHai="47" who="3" fromWho="0" sc="129,-29,322,0,375,0,164,39" /><INIT seed="3,1,0,1,4,124" ten="100,322,375,203" oya="3" hai0="92,91,47,81,27,114,102,15,51,69,70,1,23" hai1="10,43,36,54,93,35,76,103,72,9,16,96,26" hai2="90,11,68,104,121,109,62,75,78,79,53,99,8" hai3="129,14,25,39,42,118,111,29,24,3,74,0,49"/><W20/><G39/><T133/><D133/><U28/><E54/><V57/><F109/><W98/><G74/><T38/><D114/><U5/><E5/><V32/><F121/><W132/><G118/><T119/><D119/><U37/><E9/><N who="2" m="3659" /><F68/><W48/><G132/><T22/><D38/><U30/><E30/><V65/><F32/><W18/><G111/><T84/><D1/><U34/><E34/><V6/><F75/><W59/><G42/><T55/><D70/><U83/><E43/><V120/><F104/><W46/><G46/><T87/><D69/><U19/><E19/><V56/><F6/><W71/><G71/><T21/><D15/><U2/><REACH who="1" step="1"/><E2/><REACH who="1" ten="100,312,375,203" step="2"/><V89/><F120/><W86/><G29/><T60/><D60/><U61/><E61/><N who="2" m="35983" /><F99/><W66/><G86/><T113/><D113/><U128/><E128/><V31/><F31/><W135/><G48/><T126/><D126/><U107/><E107/><V4/><F4/><W94/><G24/><T33/><D33/><U112/><E112/><V122/><F122/><W100/><G135/><T123/><D123/><U116/><E116/><V40/><F40/><W63/><G25/><T58/><D47/><U82/><E82/><V80/><F80/><W106/><G106/><T101/><REACH who="0" step="1"/><D27/><REACH who="0" ten="90,312,375,203" step="2"/><U64/><E64/><V115/><F115/><W108/><G0/><T50/><D50/><U110/><E110/><V117/><F117/><W125/><G3/><T12/><D12/><AGARI ba="1,2" hai="10,12,16,26,28,35,36,37,72,76,83,93,96,103" machi="12" ten="40,2600,0" yaku="1,1,54,1,53,0" doraHai="124" doraHaiUra="45" who="1" fromWho="0" sc="90,-29,312,49,375,0,203,0" owari="61,-44.0,361,16.0,375,48.0,203,-20.0" /></mjloggm>