<mjloggm ver="2.3"><GO type="169" lobby="0"/><UN n0="%4E%45%5A%55%37%37" n1="%E3%82%A6%E3%83%AB%E3%83%88%E3%83%A9%E7%AB%8B%E7%9B%B4" n2="%6E%65%6F%40%75%6E%69" n3="%4C%69%6C%69%6D" dan="16,16,18,16" rate="2099.60,2086.27,2245.34,2170.97" sx="M,M,M,F"/><TAIKYOKU oya="0"/><INIT seed="0,0,0,5,5,28" ten="250,250,250,250" oya="0" hai0="43,120,92,127,23,113,36,34,66,11,46,1,68" hai1="108,103,72,132,96,129,112,116,134,39,126,53,30" hai2="105,74,0,65,48,14,40,73,117,131,75,98,29" hai3="25,128,83,123,10,133,67,64,91,121,17,89,106"/><T107/><D113/><U71/><E53/><V111/><F14/><W110/><G106/><T33/><D120/><U84/><E30/><V82/><F29/><W69/><G133/><T37/><D127/><U95/><E84/><V49/><F0/><W15/><G128/><T35/><D23/><U118/><E95/><V7/><F7/><W100/><G100/><T58/><D58/><U6/><E96/><V47/><F131/><W80/><G110/><T16/><D16/><U63/><E63/><V102/><F111/><W87/><G25/><T22/><D22/><U135/><E103/><V94/><F117/><W70/><G70/><T115/><D115/><U76/><E76/><V38/><F82/><W9/><G69/><T27/><D92/><U61/><E61/><V44/><F65/><W81/><G81/><T79/><D79/><U59/><E59/><V86/><F47/><W20/><G20/><T124/><D124/><U56/><E56/><V32/><F32/><W57/><G57/><T2/><D27/><U99/><E6/><V77/><F77/><W26/><G26/><T42/><D107/><U78/><E78/><V93/><F105/><W122/><G10/><T52/><D11/><U31/><E132/><V41/><F41/><W97/><G97/><T8/><D8/><U130/><E99/><V5/><F5/><W55/><G55/><T90/><D52/><U104/><E134/><V19/><F19/><W50/><G50/><T4/><D4/><U24/><E130/><V51/><F94/><W85/><AGARI ba="0,0" hai="9,15,17,64,67,80,83,85,87,89,91,121,122,123" machi="85" ten="40,5200,0" yaku="0,1,9,1,13,1" doraHai="28" who="3" fromWho="3" sc="250,-26,250,-13,250,-13,250,52" /><INIT seed="1,0,0,5,3,35" ten="224,237,237,302" oya="1" hai0="20,61,40,66,62,103,122,101,16,53,63,54,105" hai1="80,25,108,84,128,123,107,93,117,127,76,79,130" hai2="34,125,95,102,27,81,118,56,65,134,113,82,6" hai3="116,0,51,39,21,5,38,29,124,8,33,72,120"/><U9/><E123/><V1/><F118/><W24/><G72/><T49/><D66/><U126/><E117/><V131/><F113/><W75/><G116/><T31/><D31/><U2/><E25/><V90/><F102/><N who="0" m="38922" /><D105/><U17/><E107/><V19/><F131/><N who="1" m="50217" /><E93/><V98/><F125/><N who="1" m="47625" /><E108/><V36/><F134/><W57/><G75/><T13/><D122/><U73/><E17/><V112/><F36/><W11/><G120/><T97/><D97/><U94/><E9/><V85/><F112/><W12/><G124/><T14/><D14/><U87/><E2/><V104/><F104/><W133/><G12/><T96/><D96/><U15/><E15/><V83/><F19/><W46/><G11/><T32/><D32/><U77/><E94/><V91/><F1/><W69/><G33/><T44/><AGARI ba="0,0" hai="13,16,20,40,44,49,53,54,61,62,63" m="38922" machi="44" ten="30,2000,0" yaku="8,1,54,1" doraHai="35" who="0" fromWho="0" sc="224,20,237,-10,237,-5,302,-5" /><INIT seed="2,0,0,0,4,41" ten="244,227,232,297" oya="2" hai0="106,5,1,125,112,119,124,88,113,120,105,94,34" hai1="26,61,67,39,107,12,89,56,75,81,76,38,134" hai2="19,114,87,32,59,82,79,20,68,123,8,100,73" hai3="51,45,91,115,46,15,131,4,35,95,54,29,44"/><V24/><F123/><W27/><G115/><T22/><D34/><U130/><E107/><V99/><F114/><N who="0" m="44138" /><D120/><U31/><E130/><V7/><F68/><W83/><G83/><T101/><D1/><U25/><E134/><V13/><F32/><W9/><REACH who="3" step="1"/><G131/><REACH who="3" ten="244,227,232,287" step="2"/><T6/><D119/><U36/><E81/><V49/><F73/><W90/><G90/><T96/><D101/><U63/><E89/><V71/><F71/><W11/><G11/><T53/><D124/><U86/><E76/><V16/><F100/><W132/><G132/><T33/><D125/><U122/><E75/><V14/><F99/><AGARI ba="0,1" hai="4,9,15,27,29,35,44,45,46,51,54,91,95,99" machi="99" ten="30,8000,1" yaku="1,1,7,1,52,3,53,0" doraHai="41" doraHaiUra="66" who="3" fromWho="2" sc="244,0,227,0,232,-80,287,90" /><INIT seed="3,0,0,3,4,37" ten="244,227,152,377" oya="3" hai0="102,36,38,6,13,82,104,93,115,112,33,62,58" hai1="67,61,1,95,86,31,81,84,133,74,46,120,17" hai2="100,54,105,72,116,32,125,83,124,126,42,103,129" hai3="30,79,63,22,66,2,43,29,65,88,77,9,47"/><W110/><G110/><T92/><D33/><U27/><E120/><V134/><F32/><W41/><G2/><T85/><D104/><U123/><E123/><V90/><F54/><W55/><G9/><T26/><D26/><U76/><E133/><V45/><F116/><W8/><G8/><T23/><D6/><U21/><E1/><V71/><F71/><W64/><G88/><N who="0" m="51255" /><D13/><U57/><E95/><V69/><F69/><W4/><G4/><T108/><D23/><U130/><E130/><V87/><F129/><W14/><G14/><T131/><D131/><U60/><E60/><V78/><F134/><W49/><G63/><T7/><D7/><U70/><E57/><V127/><N who="2" m="31744" /><DORA hai="28" /><V111/><F111/><W0/><G0/><T91/><D102/><U53/><REACH who="1" step="1"/><E31/><REACH who="1" ten="244,217,152,377" step="2"/><V135/><F135/><W89/><G30/><T52/><D108/><U10/><E10/><V117/><F105/><W16/><G29/><T34/><D34/><U75/><E75/><V119/><F117/><W107/><G107/><T18/><D93/><U11/><E11/><V15/><F119/><W48/><G47/><T80/><D80/><U24/><E24/><V3/><F3/><W132/><G132/><T94/><D94/><U40/><E40/><V51/><F15/><W56/><G43/><T122/><D122/><U97/><E97/><V98/><F98/><W106/><G41/><T25/><D25/><U68/><E68/><V20/><F20/><W99/><G22/><T5/><D5/><U121/><E121/><V59/><F59/><N who="3" m="33263" /><G106/><T114/><D18/><U50/><AGARI ba="0,1" hai="17,21,27,46,50,53,61,67,70,74,76,81,84,86" machi="50" ten="30,7900,0" yaku="1,1,5,1,0,1,53,1" doraHai="37,28" doraHaiUra="35,12" who="1" fromWho="1" sc="244,-20,217,89,152,-20,377,-39" /><INIT seed="4,0,0,0,3,116" ten="224,306,132,338" oya="0" hai0="93,58,52,22,132,101,106,42,46,4,80,47,100" hai1="15,72,56,38,85,128,124,135,14,2,115,53,64" hai2="59,81,125,26,99,41,110,103,61,74,40,102,92" hai3="6,104,77,96,67,21,130,7,3,70,111,75,83"/><T8/><D106/><U118/><E72/><V10/><F110/><W78/><G111/><T108/><D132/><U68/><E118/><V28/><F125/><W27/><G130/><T62/><D108/><U71/><E71/><V88/><F10/><W51/><G78/><T19/><D80/><U9/><E124/><V50/><F74/><W73/><G73/><T11/><D93/><U48/><E128/><V87/><F50/><W44/><G3/><T57/><D57/><U23/><E85/><V98/><F98/><W12/><G12/><T60/><D60/><N who="1" m="39943" /><E23/><N who="2" m="15455" /><F103/><N who="0" m="39498" /><D4/><N who="1" m="1175" /><E135/><V69/><F69/><W33/><G33/><T94/><D94/><U36/><E36/><V49/><F49/><W37/><G37/><T17/><D19/><U1/><E1/><V113/><F113/><W76/><G96/><T45/><D42/><U25/><E115/><V109/><F109/><W120/><G104/><T20/><D20/><U65/><E25/><AGARI ba="0,0" hai="8,11,17,22,25,45,46,47,52,58,62" m="39498" machi="25" ten="30,2900,0" yaku="8,1,54,1" doraHai="116" who="0" fromWho="1" sc="224,29,306,-29,132,0,338,0" /><INIT seed="4,1,0,0,0,28" ten="253,277,132,338" oya="0" hai0="70,117,33,7,83,56,34,68,4,11,82,9,107" hai1="52,128,8,105,53,72,58,93,123,22,36,110,125" hai2="40,86,133,130,73,97,25,81,135,43,100,122,126" hai3="27,85,74,59,109,50,98,112,79,108,30,49,42"/><T35/><D107/><U118/><E72/><V131/><F122/><W90/><G112/><T102/><D56/><U89/><E105/><N who="2" m="63631" /><F25/><W76/><G76/><T6/><D102/><U113/><E36/><V132/><F43/><W104/><G74/><T96/><D96/><U120/><E110/><V12/><F12/><W55/><G79/><T19/><D117/><U31/><E118/><V21/><F21/><W14/><G14/><T16/><D82/><U46/><E113/><V127/><F40/><W91/><G49/><T84/><D84/><U88/><E8/><N who="0" m="3145" /><D83/><U10/><E46/><V38/><F38/><W92/><G42/><T64/><D64/><U26/><E10/><V32/><F32/><W45/><G59/><T62/><D62/><U54/><E58/><V134/><F134/><W47/><G45/><T116/><D116/><U78/><E53/><V129/><F73/><W80/><G104/><T2/><D2/><U94/><E52/><V66/><F66/><W41/><G41/><T61/><D61/><U29/><E54/><V101/><F101/><W121/><G121/><T51/><D51/><U1/><E1/><V63/><F63/><W17/><G109/><T5/><D5/><U24/><E123/><V60/><F60/><W57/><G108/><T65/><D65/><U124/><E120/><V115/><F115/><W0/><G0/><T18/><AGARI ba="1,0" hai="4,6,7,16,18,19,33,34,35,68,70" m="3145" machi="18" ten="40,24000,3" yaku="29,2,28,2,52,3,54,1" doraHai="28" who="0" fromWho="0" sc="253,243,277,-81,132,-81,338,-81" /><INIT seed="4,2,0,3,1,14" ten="496,196,51,257" oya="0" hai0="105,15,94,85,66,38,64,81,43,110,75,119,35" hai1="104,39,32,69,8,48,4,70,88,123,34,6,10" hai2="12,113,132,120,65,50,18,106,78,60,40,89,130" hai3="90,36,63,82,74,97,45,53,3,0,72,86,25"/><T107/><D119/><U67/><E104/><V24/><F120/><W84/><G97/><T19/><D35/><U101/><E101/><V31/><F113/><W103/><G103/><T51/><D38/><U47/><E39/><V57/><F106/><W109/><G109/><T7/><D7/><U68/><E67/><V49/><F132/><W95/><G63/><T54/><D105/><U115/><E123/><V131/><F78/><W26/><G26/><T1/><D1/><U27/><E27/><V58/><F89/><W122/><G122/><T77/><D107/><U56/><E56/><V118/><F118/><W92/><G92/><T99/><D43/><U76/><E76/><V127/><F127/><W91/><G25/><T28/><D28/><U93/><E115/><V9/><F40/><W41/><G53/><T96/><D75/><U33/><E6/><V21/><REACH who="2" step="1"/><F58/><REACH who="2" ten="496,196,41,257" step="2"/><W102/><G102/><T129/><D110/><U16/><E69/><V114/><F114/><W135/><G135/><T134/><D134/><U79/><E79/><V80/><F80/><W61/><G82/><T22/><D77/><U30/><E68/><V37/><F37/><W121/><G36/><T126/><D126/><U29/><E70/><V46/><F46/><W112/><G45/><T17/><D81/><U11/><E88/><V87/><F87/><W117/><G91/><T100/><D85/><U124/><E124/><V133/><F133/><W83/><G86/><T59/><D100/><U5/><E47/><V2/><F2/><W125/><G0/><T116/><D116/><U71/><E71/><RYUUKYOKU ba="2,1" sc="496,-10,196,-10,41,30,257,-10" hai2="9,12,18,21,24,31,49,50,57,60,65,130,131" /><INIT seed="5,3,1,1,5,95" ten="486,186,71,247" oya="1" hai0="100,25,103,130,10,77,18,4,115,111,15,17,92" hai1="127,3,88,118,121,8,1,23,54,116,32,63,78" hai2="37,89,33,82,20,27,87,38,45,21,84,62,117" hai3="79,14,60,29,119,75,51,72,73,107,91,12,49"/><U28/><E121/><V122/><F122/><W53/><G119/><T41/><D111/><U124/><E78/><V96/><F117/><N who="1" m="45161" /><E54/><V57/><F33/><W31/><G107/><T114/><D77/><U131/><E63/><V2/><F2/><N who="1" m="521" /><E32/><V11/><F11/><W123/><G123/><T69/><D69/><U86/><E8/><V48/><F87/><W90/><G75/><T133/><D10/><U99/><E86/><V104/><F20/><W24/><G60/><T134/><D4/><U58/><E58/><V112/><F112/><W43/><G53/><T98/><D114/><U132/><E28/><V70/><F70/><W22/><G79/><T35/><D115/><U0/><E0/><V59/><F59/><W125/><G22/><T30/><D15/><U52/><E52/><V81/><F81/><W6/><G73/><T105/><D41/><U55/><E55/><V50/><F50/><W13/><G43/><T101/><D18/><U128/><E23/><V83/><F83/><W102/><G72/><T80/><D17/><U68/><E68/><V7/><F7/><W34/><G6/><T39/><D80/><U61/><E61/><V42/><F57/><W47/><G34/><T44/><D35/><U56/><E56/><V65/><F62/><W109/><G49/><T16/><D16/><U46/><E46/><V93/><F65/><W40/><G51/><T94/><D30/><U26/><E26/><V64/><F64/><W110/><G24/><T108/><D25/><U126/><E132/><V5/><F27/><W113/><G47/><T74/><D133/><RYUUKYOKU ba="3,1" sc="486,-10,186,30,71,-10,247,-10" hai1="88,99,124,126,127,128,131" /><INIT seed="5,4,1,1,4,62" ten="476,216,61,237" oya="1" hai0="134,129,42,135,2,24,30,19,33,52,113,108,0" hai1="34,44,88,61,73,72,4,99,109,21,41,121,117" hai2="112,29,64,76,46,119,93,12,67,104,10,89,65" hai3="103,115,110,100,50,57,35,40,130,116,90,79,8"/><U97/><E34/><V84/><F104/><W74/><G35/><T114/><D108/><U106/><E117/><V124/><F119/><W7/><G116/><T23/><D42/><U56/><E121/><V53/><F124/><W45/><G110/><T125/><D52/><U28/><E109/><V101/><F112/><N who="0" m="43114" /><D125/><U48/><E4/><V36/><F36/><W133/><G115/><T105/><D105/><U81/><E73/><V77/><F29/><W118/><G133/><N who="0" m="50699" /><D129/><U128/><E72/><V17/><F101/><W91/><G103/><T9/><D9/><U83/><E128/><V18/><F18/><W38/><G100/><T71/><D71/><U127/><E106/><V26/><F26/><AGARI ba="4,1" hai="0,2,19,23,24,26,30,33" m="50699,43114" machi="26" ten="30,7700,0" yaku="15,1,20,1,34,2" doraHai="62" who="0" fromWho="2" sc="476,99,216,0,61,-89,237,0" owari="575,67.0,216,-18.0,-28,-53.0,237,4.0" /></mjloggm>