<mjloggm ver="2.3"><GO type="97" lobby="0"/><UN n0="%E5%B0%B1%E6%B4%BB%E7%94%9F%40%E5%B7%9D%E6%9D%91%E8%BB%8D%E5%9B%A3" n1="%50%4F%4E%E3%81%A1%E3%82%83%E3%82%93" n2="%4A%4C%6D%61%6A%6F" n3="%E9%9B%80%E8%A5%BF" dan="15,14,13,13" rate="2015.31,1942.09,1893.65,1902.54" sx="M,M,F,M"/><TAIKYOKU oya="0"/><INIT seed="0,0,0,3,0,74" ten="250,250,250,250" oya="0" hai0="14,82,67,103,40,54,134,33,99,59,45,77,0" hai1="17,131,63,127,78,113,135,15,105,66,116,51,128" hai2="126,132,1,69,75,30,28,20,48,104,43,106,85" hai3="130,50,119,25,11,22,79,124,133,122,58,81,117"/><T110/><D0/><U36/><E116/><V71/><F75/><W23/><G23/><T72/><D33/><U44/><E113/><V112/><F20/><W109/><G122/><T7/><D134/><U98/><E135/><V84/><F48/><W29/><G133/><T65/><D110/><U94/><E36/><V26/><F132/><W3/><G109/><T118/><D118/><U64/><E105/><V18/><F43/><W8/><G124/><T62/><D14/><U39/><E39/><V89/><F89/><W115/><G8/><T32/><D7/><U129/><E127/><V27/><F126/><W9/><G9/><T10/><D10/><U34/><E34/><V21/><F21/><W70/><G70/><T97/><D97/><U38/><E38/><V80/><F80/><W47/><G58/><T49/><REACH who="0" step="1"/><D32/><REACH who="0" ten="240,250,250,250" step="2"/><U83/><E15/><V5/><F5/><W55/><G115/><T6/><D6/><U93/><E17/><V57/><F112/><W125/><G125/><T108/><D108/><U4/><E4/><V123/><F18/><W120/><G3/><T107/><AGARI ba="0,1" hai="40,45,49,54,59,62,65,67,72,77,82,99,103,107" machi="107" ten="20,7800,0" yaku="1,1,0,1,7,1,52,1,53,0" doraHai="74" doraHaiUra="13" who="0" fromWho="0" sc="240,88,250,-26,250,-26,250,-26" /><INIT seed="0,1,0,3,2,116" ten="328,224,224,224" oya="0" hai0="74,110,33,50,27,64,118,62,57,13,35,109,134" hai1="16,15,117,69,124,121,132,133,2,49,11,39,34" hai2="115,41,86,31,7,102,65,8,95,56,125,14,12" hai3="88,98,42,72,97,0,55,3,135,96,112,52,19"/><T129/><D118/><U85/><E69/><V128/><F128/><W61/><G72/><T46/><D74/><U30/><E117/><V44/><F125/><W43/><G112/><T111/><D129/><U106/><E39/><V54/><F65/><W59/><G0/><T103/><D134/><N who="1" m="51819" /><E106/><V20/><F115/><W4/><G135/><T126/><D126/><U23/><E85/><V99/><F31/><W120/><G120/><T84/><D103/><U75/><E75/><V73/><F73/><W76/><G76/><T18/><D84/><U91/><E91/><V28/><F86/><W101/><G4/><T94/><D94/><U24/><E49/><V107/><F107/><W71/><G3/><T38/><D27/><U113/><E124/><V78/><F28/><W70/><G101/><T87/><D87/><U108/><E113/><V68/><F68/><W36/><G71/><T131/><D38/><U130/><E130/><V29/><F29/><W26/><G70/><T10/><REACH who="0" step="1"/><D131/><REACH who="0" ten="318,224,224,224" step="2"/><U6/><E108/><V93/><F78/><W122/><G36/><T92/><D92/><U90/><E90/><V58/><F95/><N who="3" m="56423" /><G98/><T5/><D5/><U21/><E121/><V9/><F93/><W83/><G122/><T60/><D60/><U37/><E37/><V127/><F99/><W77/><G97/><T48/><D48/><U82/><E82/><V22/><F102/><W80/><G80/><T123/><D123/><U105/><E105/><V17/><F127/><W66/><G83/><T32/><D32/><AGARI ba="1,1" hai="2,6,11,15,16,21,23,24,30,32,34" m="51819" machi="32" ten="30,7700,0" yaku="20,1,34,2,54,1" doraHai="116" who="1" fromWho="0" sc="318,-80,224,90,224,0,224,0" /><INIT seed="1,0,0,3,2,32" ten="238,314,224,224" oya="1" hai0="18,21,78,20,72,80,77,93,64,81,92,3,50" hai1="0,17,23,130,54,114,30,67,88,76,118,34,122" hai2="16,27,62,9,13,116,107,5,90,86,135,35,104" hai3="1,112,22,2,132,84,66,26,6,24,11,79,95"/><U74/><E122/><V98/><F116/><W121/><G66/><T117/><D117/><U25/><E118/><V55/><F135/><W36/><G121/><T53/><D3/><U19/><E114/><V101/><F104/><W58/><G36/><T126/><D64/><U56/><E67/><V44/><F35/><W59/><G132/><T8/><D8/><U49/><E130/><V68/><F27/><W12/><G112/><T37/><D37/><U133/><E133/><V52/><F68/><W97/><G26/><T29/><D29/><U105/><E105/><V28/><F28/><W94/><G59/><T102/><D102/><U14/><E76/><V63/><F5/><W31/><G58/><T128/><D128/><U123/><E74/><V106/><F55/><W120/><G120/><T91/><D91/><U100/><E100/><V45/><F45/><W124/><G124/><T109/><D109/><U83/><E123/><V51/><REACH who="2" step="1"/><F107/><REACH who="2" ten="238,314,214,224" step="2"/><W96/><G96/><T103/><D126/><U125/><E125/><V129/><F129/><W47/><G47/><T65/><D65/><U134/><E134/><V71/><F71/><W57/><G57/><T75/><D18/><U15/><E19/><V73/><F73/><W33/><G33/><T85/><D53/><U110/><E110/><V119/><F119/><W108/><G108/><T87/><D103/><U99/><E34/><V70/><F70/><W40/><G97/><T115/><D115/><U41/><E17/><V42/><F42/><W38/><G40/><T39/><D39/><U113/><E41/><V131/><F131/><RYUUKYOKU ba="0,1" sc="238,15,314,-15,214,15,224,-15" hai0="20,21,50,72,75,77,78,80,81,85,87,92,93" hai2="9,13,16,44,51,52,62,63,86,90,98,101,106" /><INIT seed="2,1,1,4,4,60" ten="253,299,229,209" oya="2" hai0="54,86,109,64,98,69,108,57,31,1,46,32,100" hai1="107,16,96,83,4,135,10,127,50,70,88,3,8" hai2="5,63,131,19,24,124,99,123,66,47,134,110,62" hai3="115,111,44,82,92,20,0,114,15,12,7,13,133"/><V37/><F123/><W18/><G82/><T35/><D1/><U84/><E135/><V85/><F5/><W72/><G72/><T6/><D6/><U48/><E70/><V59/><F134/><W102/><G44/><T29/><D46/><U74/><E127/><V49/><F124/><W17/><G92/><N who="0" m="58439" /><D86/><U97/><E74/><V122/><F122/><W22/><G102/><T120/><D69/><U55/><E107/><V104/><F131/><W116/><G133/><T93/><D93/><U76/><E76/><V103/><F110/><N who="0" m="42602" /><D64/><U90/><E48/><V21/><F85/><W75/><G75/><T112/><D112/><N who="3" m="43049" /><G111/><T121/><D29/><U101/><E90/><V53/><REACH who="2" step="1"/><F62/><REACH who="2" ten="253,299,219,209" step="2"/><W132/><G132/><T113/><D113/><U128/><E128/><V45/><F45/><W34/><G116/><T2/><D2/><U61/><E61/><V51/><F51/><W71/><G71/><T39/><D39/><AGARI ba="1,2" hai="19,21,24,37,39,47,49,53,59,63,66,99,103,104" machi="39" ten="40,3900,0" yaku="1,1,52,1,53,0" doraHai="60" doraHaiUra="28" who="2" fromWho="0" sc="253,-42,299,0,219,62,209,0" /><INIT seed="2,2,0,5,0,53" ten="211,299,281,209" oya="2" hai0="122,52,134,27,69,81,64,18,49,8,47,83,70" hai1="107,98,50,0,32,22,101,39,40,114,55,119,65" hai2="72,10,42,131,117,128,19,113,126,43,61,133,71" hai3="24,99,112,48,130,41,5,7,120,85,84,38,88"/><V115/><F72/><W34/><G38/><T75/><D122/><U20/><E119/><V17/><F10/><W103/><G120/><T31/><D134/><U111/><E114/><N who="2" m="43531" /><F117/><W62/><G112/><T121/><D121/><U26/><E0/><V79/><F79/><W110/><G85/><T12/><D75/><U87/><E111/><V30/><F30/><W106/><G110/><T74/><D74/><U91/><E65/><V36/><F133/><W116/><G116/><T124/><D124/><U92/><E40/><N who="2" m="15403" /><F126/><W57/><G48/><T35/><REACH who="0" step="1"/><D64/><REACH who="0" ten="201,299,281,209" step="2"/><U68/><E39/><V108/><F36/><W59/><G130/><N who="2" m="49705" /><F108/><W95/><G41/><T14/><D14/><U44/><E68/><AGARI ba="2,1" hai="8,12,18,27,31,35,47,49,52,68,69,70,81,83" machi="68" ten="40,5200,0" yaku="1,1,54,1,53,1" doraHai="53" doraHaiUra="4" who="0" fromWho="1" sc="201,68,299,-58,281,0,209,0" /><INIT seed="3,0,0,5,1,45" ten="269,241,281,209" oya="3" hai0="95,16,118,6,37,117,71,66,55,86,8,33,127" hai1="62,76,35,2,111,4,52,102,123,108,64,43,133" hai2="9,50,90,36,38,72,27,30,28,46,81,47,94" hai3="128,114,88,101,56,42,21,60,113,82,110,112,126"/><W68/><G68/><T93/><D37/><U104/><E123/><V97/><F9/><W20/><G101/><T49/><D33/><U34/><E76/><V83/><F30/><W29/><G128/><T32/><D32/><N who="1" m="12331" /><E43/><V40/><F72/><W58/><G126/><T121/><D127/><U109/><E64/><V105/><F105/><W22/><G110/><T96/><D121/><U134/><E102/><V48/><F27/><W61/><G42/><T1/><D71/><U12/><E104/><V74/><F28/><W24/><G60/><T25/><D66/><U17/><E62/><V89/><F81/><W125/><G125/><T54/><D54/><U119/><E52/><V107/><F107/><W53/><REACH who="3" step="1"/><G58/><REACH who="3" ten="269,241,281,199" step="2"/><T0/><D117/><U31/><E119/><V80/><F74/><W26/><G26/><T39/><D118/><U84/><E84/><AGARI ba="0,1" hai="20,21,22,24,29,53,56,61,82,84,88,112,113,114" machi="84" ten="40,3900,0" yaku="1,1,54,1,53,0" doraHai="45" doraHaiUra="67" who="3" fromWho="1" sc="269,0,241,-39,281,0,199,49" /><INIT seed="3,1,0,3,4,36" ten="269,202,281,248" oya="3" hai0="19,121,135,54,49,71,27,53,109,118,48,70,116" hai1="24,18,31,50,87,9,44,62,22,21,30,16,117" hai2="23,0,131,133,78,83,84,104,12,128,7,88,15" hai3="51,130,98,68,55,2,76,11,92,99,101,60,3"/><W26/><G76/><T17/><D27/><U79/><E117/><N who="0" m="45161" /><D121/><U97/><E62/><V122/><F104/><W47/><G130/><N who="2" m="49705" /><F133/><W90/><G11/><T61/><D135/><U134/><E134/><V39/><F39/><W4/><G4/><T112/><D61/><U8/><E97/><V115/><F115/><W1/><G26/><T81/><D81/><N who="1" m="47551" /><E31/><V29/><F122/><W100/><REACH who="3" step="1"/><G99/><REACH who="3" ten="269,202,281,238" step="2"/><T86/><D112/><U123/><E123/><V127/><F78/><W75/><G75/><T5/><D5/><U28/><E28/><V56/><F7/><W125/><G125/><T102/><D19/><N who="1" m="7211" /><E22/><V94/><F127/><W65/><AGARI ba="1,1" hai="1,2,3,47,51,55,60,65,68,90,92,98,100,101" machi="65" ten="40,12000,1" yaku="1,1,0,1,53,3" doraHai="36" doraHaiUra="34" who="3" fromWho="3" sc="269,-41,202,-41,281,-41,238,133" owari="228,-17.0,161,-34.0,240,4.0,371,47.0" /></mjloggm>