<mjloggm ver="2.3"><GO type="225" lobby="0"/><UN n0="%4D%72%2E%6E%69%6B%75%39" n1="%E3%83%89%E3%83%BC%E3%83%A0%E3%81%AE%E8%81%B7%E4%BA%BA" n2="%28%EF%BC%BE%CF%89%EF%BC%BE%29%E3%81%8A%E3%81%89%E3%82%93" n3="%E3%83%88%E3%83%88%E3%83%AA%E5%85%88%E7%94%9F%31%39%E6%AD%B3" dan="17,18,16,16" rate="2154.70,2174.26,2095.29,2188.51" sx="M,M,F,F"/><TAIKYOKU oya="0"/><INIT seed="0,0,0,1,5,113" ten="250,250,250,250" oya="0" hai0="43,64,4,38,59,125,33,127,131,22,35,105,31" hai1="111,37,92,19,130,66,46,30,85,40,6,82,63" hai2="110,88,26,10,108,72,23,62,120,18,71,67,55" hai3="134,116,103,12,73,99,83,61,81,11,69,15,122"/><T70/><D105/><U129/><E30/><V98/><F120/><W36/><G36/><T94/><D70/><U58/><E6/><V112/><F112/><W65/><G122/><T115/><D115/><U47/><E111/><V68/><F72/><W96/><G134/><T91/><D4/><U21/><E92/><N who="2" m="56583" /><F10/><W56/><G116/><T49/><D38/><U17/><E46/><V3/><F3/><W117/><G117/><T54/><D131/><N who="1" m="50187" /><E21/><V41/><F41/><W44/><G44/><N who="0" m="25759" /><D64/><U124/><E124/><N who="0" m="47689" /><D22/><U45/><E45/><V9/><F9/><W97/><G11/><T74/><D31/><U32/><E32/><V123/><F123/><W34/><G34/><T50/><D74/><U95/><E95/><V102/><F102/><W90/><G73/><T80/><D80/><N who="3" m="30793" /><G103/><T5/><D5/><U57/><E58/><N who="2" m="35167" /><F67/><W16/><G69/><AGARI ba="0,0" hai="18,23,26,68,69,71,108,110" m="35167,56583" machi="69" ten="30,2000,0" yaku="25,1,54,1" doraHai="113" who="2" fromWho="3" sc="250,0,250,0,250,20,250,-20" /><INIT seed="1,0,0,1,3,3" ten="250,250,270,230" oya="1" hai0="114,76,7,38,37,62,133,8,110,73,32,67,111" hai1="104,86,16,51,6,19,52,97,99,34,135,68,131" hai2="45,66,47,56,5,88,61,27,28,85,9,41,101" hai3="132,74,30,70,60,102,117,90,40,129,39,54,130"/><U108/><E34/><V33/><F101/><W84/><G74/><T36/><D114/><U25/><E68/><V109/><F109/><N who="0" m="41482" /><D32/><U53/><E108/><V35/><F35/><W31/><G117/><T13/><D133/><U92/><E104/><V20/><F20/><W94/><G132/><T87/><D73/><U103/><E135/><V115/><F115/><W100/><G40/><T122/><D122/><U29/><E131/><N who="3" m="50186" /><G39/><T80/><D37/><U2/><E99/><V77/><F77/><W116/><G116/><T48/><D48/><U79/><E6/><V14/><REACH who="2" step="1"/><F41/><REACH who="2" ten="250,250,260,230" step="2"/><W23/><G100/><T46/><D46/><U123/><E123/><V89/><F89/><W124/><G102/><T107/><D107/><U11/><E79/><V21/><F21/><W63/><G23/><T18/><D18/><U119/><E19/><V44/><F44/><W126/><G31/><T105/><D105/><U106/><E106/><V120/><F120/><W118/><G30/><T121/><D121/><U93/><E16/><V58/><F58/><AGARI ba="0,1" hai="7,8,13,36,38,58,62,67,76,80,87" m="41482" machi="58" ten="30,2000,0" yaku="14,1,52,1" doraHai="3" who="0" fromWho="2" sc="250,30,250,0,260,-20,230,0" /><INIT seed="2,0,0,4,2,42" ten="280,250,240,230" oya="2" hai0="111,52,117,98,97,31,71,60,23,38,63,5,77" hai1="47,32,120,103,27,118,90,79,81,62,80,33,125" hai2="110,4,18,130,78,96,48,3,101,134,36,67,2" hai3="87,131,135,64,115,114,113,105,9,24,1,123,94"/><V95/><F36/><W126/><G123/><T82/><D38/><U29/><E118/><V70/><F130/><W26/><G105/><T37/><D37/><U0/><E33/><V69/><F134/><W6/><G131/><T30/><D111/><U129/><E129/><V92/><F110/><W15/><G135/><T20/><D5/><U17/><E0/><V8/><F2/><W128/><G128/><T45/><D117/><U75/><E125/><V59/><F78/><W99/><G126/><T73/><D30/><U13/><E103/><V57/><F92/><W83/><G64/><T86/><D73/><U34/><E34/><V54/><F67/><W50/><G50/><N who="0" m="28751" /><D71/><U72/><E120/><V12/><REACH who="2" step="1"/><F59/><REACH who="2" ten="280,250,230,230" step="2"/><W119/><G119/><T61/><D31/><U91/><E79/><V56/><F56/><W16/><G83/><T55/><D55/><U65/><E80/><V19/><F19/><W43/><G87/><T74/><D74/><U102/><E81/><V28/><F28/><W89/><REACH who="3" step="1"/><G43/><REACH who="3" ten="280,250,230,220" step="2"/><T66/><D66/><U121/><E72/><V132/><F132/><W51/><G51/><T14/><D86/><U44/><E75/><V112/><F112/><W25/><G25/><T133/><D133/><U106/><E121/><V7/><F7/><W68/><G68/><T104/><D104/><U116/><E116/><V85/><F85/><W41/><G41/><T108/><D108/><U88/><E65/><V46/><F46/><W53/><G53/><T11/><D82/><U127/><E127/><V10/><AGARI ba="0,2" hai="3,4,8,10,12,18,48,54,57,69,70,95,96,101" machi="10" ten="20,3900,0" yaku="1,1,0,1,7,1,53,0" doraHai="42" doraHaiUra="40" who="2" fromWho="2" sc="280,-13,250,-13,230,59,220,-13" /><INIT seed="2,1,0,3,2,6" ten="267,237,289,207" oya="2" hai0="119,80,38,94,126,93,87,55,15,63,124,17,100" hai1="19,78,76,52,118,51,79,127,135,40,105,61,32" hai2="21,82,59,12,113,129,134,72,69,5,47,39,85" hai3="3,54,56,16,20,102,117,23,41,89,28,44,46"/><V27/><F113/><W9/><G117/><T64/><D38/><U1/><E118/><V42/><F69/><W22/><G3/><T106/><D55/><U86/><E1/><V11/><F72/><W24/><G102/><T104/><D100/><U133/><E105/><N who="0" m="40553" /><D87/><U4/><E4/><V68/><F68/><W60/><G89/><T13/><D80/><U70/><E32/><V73/><F73/><W128/><G128/><T49/><D49/><U121/><E127/><N who="0" m="48681" /><D119/><U130/><E121/><V2/><F129/><W50/><G44/><T65/><D65/><N who="1" m="41263" /><E19/><V88/><F134/><N who="1" m="51209" /><E130/><V101/><F101/><W123/><G123/><T74/><D74/><U131/><E131/><V0/><F59/><W75/><G75/><T77/><D77/><U96/><E96/><V112/><F112/><W120/><REACH who="3" step="1"/><G120/><REACH who="3" ten="267,237,289,197" step="2"/><T35/><D35/><U71/><E40/><V45/><F45/><W7/><G7/><T103/><D103/><U53/><E86/><V125/><F125/><W57/><G57/><N who="0" m="36975" /><D17/><AGARI ba="1,1" hai="0,2,5,11,12,17,21,27,39,42,47,82,85,88" machi="17" ten="30,5800,0" yaku="7,1,52,1,54,1" doraHai="6" who="2" fromWho="0" sc="267,-61,237,0,289,71,197,0" /><INIT seed="2,2,0,0,4,77" ten="206,237,360,197" oya="2" hai0="52,100,66,121,92,80,28,73,58,128,26,2,83" hai1="75,89,87,41,51,111,29,0,78,105,132,133,81" hai2="18,118,48,114,7,17,60,79,20,44,68,61,34" hai3="1,98,76,135,9,65,122,134,63,109,40,55,57"/><V103/><F34/><W101/><G122/><T84/><D2/><U129/><E0/><V117/><F114/><W126/><G109/><T43/><D121/><U69/><E69/><V47/><F68/><W107/><G126/><T119/><D73/><U36/><E36/><V23/><F79/><W72/><G40/><T30/><D43/><U32/><E111/><V85/><F7/><W15/><G1/><T123/><D123/><U97/><E129/><V124/><F124/><W13/><G65/><T4/><D4/><U12/><E12/><V22/><F103/><W91/><G91/><N who="0" m="53351" /><D66/><U46/><E29/><N who="0" m="11369" /><D128/><U59/><E32/><V14/><F14/><W39/><G39/><T37/><D37/><U131/><E131/><V62/><F85/><W130/><G130/><T113/><D113/><U33/><E33/><V11/><F11/><W108/><G108/><T116/><D100/><N who="1" m="62607" /><E59/><V3/><F3/><W112/><G112/><T8/><D8/><U19/><E19/><N who="2" m="7179" /><F48/><W70/><G70/><T38/><D26/><U24/><E24/><V31/><F31/><W53/><G9/><T106/><D106/><U120/><E120/><V64/><F64/><N who="3" m="39023" /><G15/><T127/><D127/><U96/><E96/><V102/><F102/><W16/><G13/><T95/><D38/><U104/><E104/><V93/><F93/><AGARI ba="2,0" hai="41,46,51,75,78,81,87,89,93,132,133" m="62607" machi="93" ten="30,2000,0" yaku="24,1,52,1" doraHai="77" who="1" fromWho="2" sc="206,0,237,26,360,-26,197,0" /><INIT seed="3,0,0,4,3,20" ten="206,263,334,197" oya="3" hai0="84,10,50,94,5,30,87,59,129,38,115,135,23" hai1="65,49,22,0,76,104,3,107,48,1,9,109,53" hai2="47,36,35,6,64,14,19,86,55,43,81,69,33" hai3="15,127,52,113,25,12,121,103,40,21,37,130,117"/><W111/><G113/><T98/><D38/><U2/><E109/><V26/><F6/><W78/><G117/><T67/><D115/><U68/><E76/><V132/><F132/><W119/><G119/><T123/><D123/><U39/><E39/><V131/><F131/><W29/><G121/><T118/><D118/><U99/><E3/><V74/><F74/><W92/><G130/><T60/><D135/><U106/><E9/><V89/><F26/><N who="3" m="16591" /><G37/><T120/><D120/><U62/><E22/><V66/><F55/><W105/><G105/><T34/><D34/><U122/><E122/><V73/><F73/><W101/><G111/><T45/><D23/><U96/><REACH who="1" step="1"/><E49/><REACH who="1" ten="206,253,334,197" step="2"/><V18/><F36/><W4/><G25/><T27/><D129/><U126/><E126/><V79/><F79/><W93/><G127/><T31/><D27/><U90/><E90/><V133/><F89/><W41/><G78/><T17/><D10/><U124/><E124/><V116/><F116/><W58/><G103/><T11/><D11/><U97/><E97/><V13/><F35/><W61/><G4/><T110/><D5/><U56/><AGARI ba="0,1" hai="0,1,2,48,53,56,62,65,68,96,99,104,106,107" machi="56" ten="40,8000,1" yaku="1,1,0,1,53,3" doraHai="20" doraHaiUra="100" who="1" fromWho="1" sc="206,-20,253,90,334,-20,197,-40" owari="186,-21.0,343,44.0,314,11.0,157,-34.0" /></mjloggm>