<mjloggm ver="2.3"><GO type="41" lobby="0"/><UN n0="%E3%83%91%E3%83%B3%E3%83%80%EF%BD%9E%E6%9C%AD%E5%B9%8C%EF%BD%9E" n1="%E5%99%82%E3%81%AE%E3%81%8D%E3%81%BF%E3%81%A9%E3%82%8A" n2="%73%61%6B%69%74%79%61%6E" n3="%E5%B0%B1%E6%B4%BB%E7%94%9F%40%E5%B7%9D%E6%9D%91%E8%BB%8D%E5%9B%A3" dan="14,15,13,15" rate="1835.81,2121.49,1891.84,1949.64" sx="M,F,M,M"/><TAIKYOKU oya="0"/><INIT seed="0,0,0,4,3,66" ten="250,250,250,250" oya="0" hai0="51,24,123,49,13,133,83,113,0,94,118,101,109" hai1="111,128,27,5,99,12,112,36,23,130,107,15,131" hai2="119,8,22,73,39,57,11,48,85,61,65,74,37" hai3="30,21,4,86,125,117,114,38,98,92,135,71,129"/><T91/><D0/><U54/><E36/><V18/><F119/><W89/><G38/><T104/><D118/><U14/><E54/><V102/><F102/><W45/><G117/><T115/><D123/><U97/><E111/><V106/><F106/><W76/><G125/><T17/><D24/><U19/><E112/><V81/><F74/><W33/><G129/><T77/><D133/><U108/><E108/><V68/><F73/><W124/><G33/><T6/><D6/><U59/><E59/><V79/><F39/><W96/><G4/><T69/><D69/><U88/><E107/><V40/><F37/><W122/><G71/><T50/><D109/><U84/><REACH who="1" step="1"/><E5/><REACH who="1" ten="250,240,250,250" step="2"/><V56/><F56/><W55/><G55/><T110/><D110/><U70/><E70/><V53/><F40/><W29/><G114/><T105/><D115/><U58/><E58/><V10/><REACH who="2" step="1"/><F8/><REACH who="2" ten="250,240,240,250" step="2"/><W93/><G45/><T67/><D113/><U52/><E52/><V25/><AGARI ba="0,2" hai="10,11,18,22,25,48,53,57,61,65,68,79,81,85" machi="25" ten="20,8000,1" yaku="1,1,2,1,0,1,7,1,52,1,53,0" doraHai="66" doraHaiUra="134" who="2" fromWho="2" sc="250,-40,240,-20,240,100,250,-20" /><INIT seed="1,0,0,4,5,25" ten="210,220,340,230" oya="1" hai0="26,112,20,71,106,102,24,22,132,0,33,104,101" hai1="55,94,41,99,115,116,128,135,119,48,11,96,10" hai2="83,105,108,40,80,27,59,127,81,23,34,93,7" hai3="113,29,134,123,60,49,103,68,124,12,62,50,3"/><U118/><E115/><V17/><F105/><W46/><G3/><T9/><D112/><U28/><E135/><V4/><F108/><W91/><G103/><T129/><D132/><U100/><E41/><V77/><F127/><W16/><G68/><T63/><D71/><U74/><E74/><V86/><F34/><W121/><G124/><T95/><D33/><U70/><E70/><V53/><F40/><W8/><G113/><T64/><D0/><U76/><E76/><V66/><F66/><W44/><G29/><T5/><D64/><U97/><E128/><V51/><F93/><W107/><G107/><T13/><D95/><U38/><E38/><V125/><F125/><W37/><G37/><T42/><D63/><U84/><E28/><V58/><F59/><W47/><G134/><T72/><D42/><U30/><E30/><V43/><F43/><W14/><G14/><T79/><D129/><U36/><E36/><V130/><F130/><W52/><G47/><T90/><D106/><U78/><E100/><V126/><F126/><W87/><G121/><T111/><D104/><U18/><E18/><V69/><F69/><W2/><G2/><T114/><D114/><U133/><E133/><V15/><F15/><W35/><G35/><T109/><D13/><U31/><E31/><V32/><F32/><W56/><G123/><T57/><D111/><U122/><E122/><V82/><AGARI ba="0,0" hai="4,7,17,23,27,51,53,58,77,80,81,82,83,86" machi="82" ten="30,2000,0" yaku="0,1,8,1" doraHai="25" who="2" fromWho="2" sc="210,-5,220,-10,340,20,230,-5" /><INIT seed="2,0,0,1,2,130" ten="205,210,360,225" oya="2" hai0="67,119,134,103,2,127,44,24,122,53,110,118,124" hai1="108,129,8,69,101,90,102,126,38,113,57,50,51" hai2="62,49,7,17,14,120,107,128,11,73,16,97,32" hai3="115,112,21,30,94,22,121,83,12,47,132,89,131"/><V10/><F128/><W96/><G131/><T15/><D2/><U54/><E113/><N who="3" m="43594" /><G121/><T68/><D122/><U35/><E69/><V41/><F120/><W6/><G30/><T80/><D103/><U125/><E38/><V91/><F32/><W63/><G63/><T0/><D0/><U18/><E35/><V76/><F76/><W117/><G117/><T4/><D24/><U88/><E129/><V99/><F73/><W111/><G111/><T116/><D80/><U13/><E108/><V29/><F29/><W48/><G83/><T64/><D110/><U98/><E51/><V37/><F37/><W59/><G59/><T52/><D68/><U27/><E27/><V56/><F107/><W33/><G33/><T65/><D134/><U87/><E87/><V100/><F100/><W23/><G6/><T81/><D81/><U20/><E102/><V45/><F91/><W42/><G12/><T104/><D104/><U39/><E8/><V25/><F25/><W71/><G71/><T70/><D70/><U9/><E9/><V106/><F106/><W46/><G46/><T66/><N who="0" m="16384" /><DORA hai="60" /><T123/><D123/><U55/><E39/><V5/><F99/><W31/><G31/><T26/><D26/><U3/><E3/><V77/><F97/><W58/><G58/><T1/><D1/><U133/><E98/><V43/><F56/><W36/><G36/><T86/><D86/><U79/><E101/><V78/><F78/><W19/><G19/><T74/><D74/><U105/><E79/><V135/><F77/><W114/><N who="3" m="43602" /><W95/><DORA hai="84" /><G132/><RYUUKYOKU ba="0,0" sc="205,-10,210,-10,360,-10,225,30" hai3="21,22,23,42,47,48,89,94,95,96" /><INIT seed="3,1,0,4,3,104" ten="195,200,350,255" oya="3" hai0="122,61,74,6,71,114,69,0,48,27,135,112,130" hai1="119,52,107,132,68,66,5,93,86,91,113,29,8" hai2="95,30,36,82,49,38,43,67,53,19,24,60,92" hai3="7,41,83,64,115,126,134,129,96,58,87,37,118"/><W25/><G115/><T15/><D122/><U62/><E113/><V125/><F125/><W94/><G118/><T123/><D123/><U21/><E132/><V70/><F19/><W106/><G106/><T10/><D27/><U50/><E107/><V1/><F1/><W85/><G7/><T47/><D135/><U73/><E119/><V39/><F82/><W40/><G37/><T80/><D130/><U63/><E63/><V2/><F2/><W128/><G25/><T32/><D32/><U116/><E73/><V100/><F100/><W124/><G134/><T33/><D33/><U78/><E78/><V44/><REACH who="2" step="1"/><F43/><REACH who="2" ten="195,200,340,255" step="2"/><W109/><G41/><T127/><D0/><U55/><E116/><V35/><AGARI ba="1,1" hai="24,30,35,36,38,39,44,49,53,60,67,70,92,95" machi="35" ten="30,7900,0" yaku="1,1,2,1,0,1,53,1" doraHai="104" doraHaiUra="42" who="2" fromWho="2" sc="195,-21,200,-21,340,92,255,-40" /><INIT seed="4,0,0,3,3,42" ten="174,179,432,215" oya="0" hai0="87,44,92,53,54,74,83,30,60,76,6,114,27" hai1="31,102,62,88,93,10,101,108,1,94,112,97,47" hai2="133,95,96,69,127,8,16,117,116,56,125,28,113" hai3="45,130,34,61,43,52,99,38,79,82,109,37,91"/><T77/><D6/><U84/><E108/><V12/><F69/><W132/><G34/><T40/><D114/><U23/><E112/><V20/><F113/><W49/><G109/><T72/><D92/><U13/><E1/><V58/><F133/><W111/><G111/><T123/><D123/><U124/><E124/><N who="2" m="47691" /><F28/><W39/><G132/><T48/><D77/><U131/><E62/><V2/><F2/><W134/><G134/><T89/><D74/><U0/><E0/><V22/><F22/><W119/><G119/><N who="2" m="45641" /><F8/><W35/><G35/><T105/><D105/><U75/><E75/><V11/><F11/><W126/><G126/><T3/><D3/><U9/><E131/><V68/><F68/><W120/><G120/><T98/><D72/><U5/><E9/><V7/><F7/><W107/><G130/><T86/><D76/><U59/><E59/><V32/><F32/><W106/><G61/><T80/><D30/><U85/><E23/><V50/><F50/><W71/><G71/><T18/><D48/><U63/><E31/><V78/><F78/><W33/><G33/><T115/><D115/><U73/><E63/><V55/><F55/><W81/><G43/><T90/><D54/><U104/><E73/><V14/><F14/><W122/><G122/><T67/><D53/><U19/><E5/><V64/><F64/><W66/><G66/><T29/><D67/><U15/><E15/><V118/><N who="2" m="45649" /><V103/><AGARI ba="0,0" hai="12,16,20,56,58,95,96,103" m="45649,47691" machi="103" ten="50,8000,1" yaku="4,1,18,1,12,1,54,1" doraHai="42" who="2" fromWho="2" sc="174,-40,179,-20,432,80,215,-20" /><INIT seed="5,0,0,3,0,89" ten="134,159,512,195" oya="1" hai0="8,34,23,6,54,74,7,33,19,105,31,85,40" hai1="50,27,59,51,3,12,36,118,28,119,86,96,52" hai2="24,124,62,21,53,78,120,129,128,71,103,9,5" hai3="55,42,17,37,57,100,63,22,110,127,133,132,81"/><U108/><E3/><V0/><F120/><W64/><G110/><T125/><D105/><U76/><E36/><V48/><F78/><W38/><G127/><T58/><D74/><U29/><E108/><V102/><F124/><W104/><G42/><T95/><D40/><U91/><E12/><V101/><F62/><W68/><G100/><T107/><D107/><U67/><E67/><V32/><F32/><W77/><G104/><T65/><D65/><U20/><E29/><V47/><REACH who="2" step="1"/><F71/><REACH who="2" ten="134,159,502,195" step="2"/><W35/><G68/><T87/><D125/><U46/><E76/><V93/><F93/><W26/><G64/><T11/><D95/><U69/><E69/><V117/><F117/><W18/><G35/><T126/><D126/><U43/><E96/><V1/><F1/><W73/><G132/><T92/><D92/><AGARI ba="0,1" hai="20,27,28,43,46,50,51,52,59,86,91,92,118,119" machi="92" ten="30,5800,0" yaku="7,1,52,1,54,1" doraHai="89" who="1" fromWho="0" sc="134,-58,159,68,502,0,195,0" /><INIT seed="5,1,0,4,3,24" ten="76,227,502,195" oya="1" hai0="60,126,32,4,31,101,128,28,69,125,76,83,57" hai1="46,8,84,121,88,39,120,63,82,86,7,55,49" hai2="35,17,20,113,5,10,91,123,51,59,54,114,78" hai3="2,23,112,43,70,6,21,45,40,116,12,117,80"/><U58/><E39/><V81/><F123/><W47/><G2/><T37/><D37/><U131/><E131/><V64/><F64/><W30/><G70/><T106/><D32/><U42/><REACH who="1" step="1"/><E86/><REACH who="1" ten="76,217,502,195" step="2"/><V67/><F113/><W25/><G112/><T87/><D128/><U22/><E22/><V66/><F114/><W118/><G23/><T34/><D34/><U133/><E133/><V16/><F35/><W110/><G110/><T72/><D87/><U62/><E62/><V103/><F20/><W111/><G111/><T98/><D69/><U27/><E27/><V26/><F26/><W1/><G21/><T79/><D79/><U135/><E135/><V38/><F78/><W127/><G25/><T50/><D50/><U115/><E115/><V19/><F51/><W33/><G117/><T71/><D71/><U29/><E29/><V94/><F10/><W108/><G30/><T0/><D0/><AGARI ba="1,1" hai="0,7,8,42,46,49,55,58,63,82,84,88,120,121" machi="0" ten="30,5800,0" yaku="1,1,7,1,54,1,53,0" doraHai="24" doraHaiUra="105" who="1" fromWho="0" sc="76,-61,217,71,502,0,195,0" /><INIT seed="5,2,0,0,0,49" ten="15,288,502,195" oya="1" hai0="20,15,79,129,76,27,21,24,77,71,115,80,125" hai1="51,113,101,55,122,88,4,25,96,107,82,47,67" hai2="124,12,86,8,87,1,63,59,114,5,117,7,98" hai3="56,133,64,65,108,92,54,69,116,130,132,118,66"/><U37/><E113/><V103/><F114/><W68/><G92/><T11/><D71/><N who="3" m="27209" /><G108/><T50/><D115/><U62/><E122/><V41/><F117/><N who="3" m="45163" /><G130/><T19/><D129/><U46/><E37/><V6/><F124/><W89/><G89/><T126/><D80/><U91/><E4/><V81/><F41/><W127/><G127/><N who="0" m="48651" /><D50/><U85/><E47/><V119/><F119/><W57/><G57/><T23/><AGARI ba="2,0" hai="11,15,19,20,21,23,24,27,76,77,79" m="48651" machi="23" ten="40,1500,0" yaku="18,1" doraHai="49" who="0" fromWho="0" sc="15,21,288,-9,502,-6,195,-6" /><INIT seed="6,0,0,2,0,53" ten="36,279,496,189" oya="2" hai0="45,101,78,126,55,96,84,54,17,62,14,21,120" hai1="10,38,9,109,128,8,100,105,80,118,81,11,7" hai2="89,92,113,27,50,19,31,25,98,33,52,70,93" hai3="12,91,122,44,29,51,23,125,85,127,94,131,47"/><V132/><F113/><W99/><G122/><T32/><D32/><U15/><E38/><V129/><F129/><W110/><G110/><T133/><D120/><U35/><E105/><V37/><F132/><W114/><G114/><T115/><D133/><U67/><E100/><V104/><F104/><W0/><G0/><T39/><D115/><U16/><E35/><V64/><F37/><W57/><G131/><T63/><D126/><N who="3" m="48137" /><G29/><T77/><D39/><U117/><E109/><V28/><F19/><N who="3" m="10727" /><G99/><T102/><D45/><U106/><E106/><V26/><F31/><W1/><G1/><T66/><D84/><U59/><E128/><V3/><F3/><W68/><G68/><T103/><D96/><U6/><E118/><V116/><F116/><W107/><G107/><T79/><REACH who="0" step="1"/><D63/><REACH who="0" ten="26,279,496,189" step="2"/><N who="1" m="38399" /><E117/><V90/><F33/><W83/><G83/><AGARI ba="0,1" hai="6,7,8,9,10,11,15,16,80,81,83" m="38399" machi="83" ten="30,3900,0" yaku="8,1,52,1,54,1" doraHai="53" who="1" fromWho="3" sc="26,0,279,49,496,0,189,-39" /><INIT seed="7,0,0,4,4,16" ten="26,328,496,150" oya="3" hai0="98,39,42,47,73,121,86,43,62,9,5,54,61" hai1="76,50,95,51,131,18,77,41,35,93,83,122,8" hai2="3,115,71,53,97,12,118,46,92,88,127,134,108" hai3="125,66,68,74,49,64,111,75,126,89,6,56,32"/><W124/><G32/><T10/><D121/><U90/><E35/><V24/><F46/><W20/><G111/><T60/><D73/><U34/><E122/><V26/><F53/><N who="3" m="31791" /><G6/><T112/><D98/><U7/><E34/><V132/><F88/><W38/><G38/><T110/><D86/><U0/><E131/><V17/><F92/><W100/><G100/><T102/><D102/><U135/><E135/><V57/><F57/><W36/><G36/><T15/><D15/><U84/><E93/><V48/><F12/><W55/><G55/><T87/><D87/><U128/><E128/><V27/><F17/><W80/><G68/><T69/><D10/><U106/><E76/><V109/><F115/><W105/><G105/><T99/><D99/><U120/><E106/><V133/><F97/><W58/><G58/><T1/><D9/><U25/><E120/><V94/><F94/><W101/><G101/><T28/><D28/><U30/><E41/><V96/><F96/><W119/><G119/><T130/><D5/><U103/><E103/><V2/><F118/><W107/><G107/><T4/><D4/><U31/><E30/><V72/><F72/><N who="3" m="27691" /><G20/><T29/><D29/><U67/><E67/><V78/><F71/><W52/><G52/><T45/><D1/><U70/><E70/><V63/><F48/><W117/><G117/><T85/><D85/><AGARI ba="0,0" hai="64,66,80,85,89,124,125,126" m="27691,31791" machi="85" ten="40,2000,0" yaku="18,1" doraHai="16" who="3" fromWho="0" sc="26,-20,328,0,496,0,150,20" /><INIT seed="7,1,0,2,5,17" ten="6,328,496,170" oya="3" hai0="135,75,34,25,129,28,37,10,118,108,82,77,41" hai1="128,11,94,104,51,111,86,107,18,81,66,112,90" hai2="56,16,113,100,103,55,91,92,126,70,123,21,127" hai3="31,71,2,29,58,5,76,99,115,14,105,78,64"/><W46/><G71/><T7/><D118/><U109/><E111/><V53/><F70/><W15/><G2/><T122/><D108/><U60/><E109/><V125/><F113/><W43/><G115/><T89/><D89/><U1/><E112/><V62/><F123/><W4/><G105/><T79/><D79/><N who="3" m="30249" /><G99/><T63/><D122/><U22/><E104/><V97/><F55/><W47/><G58/><T19/><D19/><U83/><E107/><V116/><F116/><W120/><G64/><T50/><D50/><U3/><E51/><V44/><F44/><N who="3" m="16939" /><G43/><T117/><D63/><U133/><E128/><V121/><F121/><W35/><G35/><T68/><D117/><U40/><E40/><V102/><F103/><W124/><G124/><T59/><D59/><U13/><E60/><V98/><F98/><W72/><G72/><T130/><D135/><U132/><E66/><V61/><F61/><W32/><G32/><T39/><D68/><U96/><E96/><V30/><F30/><N who="3" m="11275" /><G120/><T101/><D101/><U134/><E3/><V73/><F73/><W48/><G48/><T114/><D114/><U23/><E1/><V49/><F49/><W67/><G67/><T54/><D54/><U38/><E38/><N who="0" m="14345" /><D41/><U69/><E69/><V87/><F87/><W88/><G88/><T33/><D33/><U6/><E18/><V24/><AGARI ba="1,0" hai="16,21,24,53,56,62,91,92,97,100,102,125,126,127" machi="24" ten="30,12000,2" yaku="0,1,25,2,18,1,52,1,54,1" doraHai="17" who="2" fromWho="2" sc="6,-31,328,-31,496,123,170,-61" owari="-25,-53.0,297,10.0,619,72.0,109,-29.0" /></mjloggm>