<mjloggm ver="2.3"><GO type="169" lobby="0"/><UN n0="%E3%82%A6%E3%83%AB%E3%83%88%E3%83%A9%E7%AB%8B%E7%9B%B4" n1="%E5%A5%88%E8%90%BD%E3%81%AE%E7%8E%8B" n2="%E3%81%A9%E3%81%85%E3%83%BC%E3%81%96%E3%82%93" n3="%E4%B8%89%E9%83%8E%44%58" dan="17,17,16,16" rate="2177.60,2141.96,2037.87,2079.17" sx="M,M,M,M"/><TAIKYOKU oya="0"/><INIT seed="0,0,0,1,0,19" ten="250,250,250,250" oya="0" hai0="18,74,118,78,128,103,60,54,4,39,59,102,85" hai1="81,117,91,58,116,133,5,40,115,119,120,88,114" hai2="37,105,11,25,123,73,45,69,100,86,30,84,95" hai3="127,104,107,129,46,20,24,98,90,10,27,125,13"/><T53/><D118/><U36/><E120/><V99/><F123/><W0/><G129/><T12/><D39/><U26/><E133/><V96/><F73/><W15/><G46/><T51/><D74/><U48/><E5/><V34/><F69/><W66/><G66/><T2/><D2/><U79/><E36/><V38/><F11/><W76/><G76/><T80/><D4/><U55/><E40/><V31/><F31/><N who="3" m="17799" /><G90/><T47/><REACH who="0" step="1"/><D128/><REACH who="0" ten="240,250,250,250" step="2"/><U3/><E3/><V94/><F37/><W28/><G0/><T57/><D57/><U77/><E119/><V16/><F38/><W124/><G10/><AGARI ba="0,1" hai="10,12,18,47,51,53,54,59,60,78,80,85,102,103" machi="10" ten="30,11600,0" yaku="1,1,7,1,8,1,53,1" doraHai="19" doraHaiUra="82" who="0" fromWho="3" sc="240,126,250,0,250,0,250,-116" /><INIT seed="0,1,0,5,5,110" ten="366,250,250,134" oya="0" hai0="57,98,72,107,120,62,29,51,49,17,75,34,134" hai1="56,106,99,18,10,22,100,36,135,19,33,85,13" hai2="3,61,93,116,30,109,16,77,28,39,32,37,113" hai3="90,103,92,123,86,24,128,42,64,69,27,48,38"/><T81/><D120/><U2/><E33/><V132/><F109/><W133/><G123/><T112/><D29/><U12/><E36/><V9/><F132/><W50/><G128/><T80/><D34/><U20/><E135/><V14/><F77/><W87/><G133/><T46/><D98/><U60/><E85/><V111/><F111/><W25/><G69/><T52/><D107/><U71/><E71/><V74/><F74/><W102/><G64/><T119/><D119/><U4/><E56/><V31/><F116/><W11/><G38/><T54/><D62/><AGARI ba="1,0" hai="2,4,10,12,13,18,19,20,22,60,62,99,100,106" machi="62" ten="40,1300,0" yaku="9,1" doraHai="110" who="1" fromWho="0" sc="366,-16,250,16,250,0,134,0" /><INIT seed="1,0,0,2,0,110" ten="350,266,250,134" oya="1" hai0="27,42,20,74,11,83,119,40,123,60,124,127,65" hai1="116,129,21,34,94,36,50,81,122,32,90,88,0" hai2="135,91,26,75,8,55,13,126,1,132,58,95,120" hai3="59,39,41,33,72,114,12,15,96,43,80,63,3"/><U97/><E36/><V99/><F120/><W22/><G33/><T87/><D11/><U113/><E122/><V48/><F75/><W109/><G3/><T101/><D101/><U103/><E116/><V57/><F126/><N who="0" m="48170" /><D74/><U112/><E0/><V84/><F26/><W93/><G109/><T56/><D123/><U45/><E129/><V111/><F1/><W24/><G114/><T31/><D119/><U82/><E21/><V107/><F107/><W118/><G43/><T7/><D7/><U4/><E4/><V53/><F111/><W10/><G118/><T29/><D29/><U85/><E34/><V52/><F84/><W6/><G39/><T51/><D51/><U105/><E32/><V89/><F89/><AGARI ba="0,0" hai="20,27,31,40,42,56,60,65,83,87,89" m="48170" machi="89" ten="30,1000,0" yaku="18,1" doraHai="110" who="0" fromWho="2" sc="350,10,266,0,250,-10,134,0" /><INIT seed="2,0,0,0,1,121" ten="360,266,240,134" oya="2" hai0="67,0,26,82,27,85,91,51,46,96,119,50,43" hai1="42,55,53,32,77,134,111,103,104,66,17,109,93" hai2="37,110,73,63,87,81,84,44,35,72,58,5,78" hai3="30,116,127,101,19,6,117,57,102,52,99,113,45"/><V54/><F35/><W12/><G113/><T124/><D0/><U39/><E32/><V49/><F37/><W56/><G102/><T59/><D124/><U65/><E104/><V14/><F87/><W23/><G127/><T33/><D33/><U22/><E77/><V70/><F70/><W10/><G30/><T107/><D119/><U2/><E2/><V95/><F95/><W86/><G86/><T115/><D115/><U68/><E134/><V126/><F126/><W132/><G132/><T105/><D105/><U92/><E42/><N who="2" m="24727" /><F110/><N who="1" m="41993" /><E39/><V97/><F97/><W1/><G45/><T130/><D130/><U76/><E76/><V118/><F118/><W25/><G57/><T41/><D96/><N who="1" m="59783" /><E93/><V36/><F36/><W40/><G40/><T20/><D107/><U79/><E79/><V61/><F61/><W135/><G135/><T83/><D43/><U24/><E68/><V106/><F106/><W88/><G1/><T129/><D41/><U120/><E120/><V47/><F73/><W94/><REACH who="3" step="1"/><G101/><REACH who="3" ten="360,266,240,124" step="2"/><T80/><D46/><U18/><E18/><V7/><F47/><W48/><AGARI ba="0,1" hai="6,10,12,19,23,25,48,52,56,88,94,99,116,117" machi="48" ten="20,12000,2" yaku="1,1,2,1,0,1,7,1,54,2,53,0" doraHai="121" doraHaiUra="38" who="3" fromWho="3" sc="360,-30,266,-30,240,-60,124,130" /><INIT seed="3,0,0,3,5,103" ten="330,236,180,254" oya="3" hai0="46,27,95,38,57,35,48,73,71,16,107,15,128" hai1="74,55,89,104,86,64,56,90,79,81,63,19,85" hai2="82,6,70,132,110,5,34,75,127,80,1,121,12" hai3="24,105,18,67,61,118,100,21,51,42,109,11,88"/><W66/><G118/><T120/><D71/><U50/><E74/><V47/><F110/><W33/><G67/><T52/><D73/><U8/><E104/><V97/><F132/><W98/><G109/><T83/><D107/><U43/><E43/><V69/><F127/><W65/><G11/><T40/><D128/><U23/><E8/><V68/><F121/><W112/><G112/><T36/><D83/><U31/><E31/><V87/><F75/><W28/><G61/><T3/><D3/><U76/><E76/><V78/><F34/><W37/><G37/><T91/><D27/><U54/><E86/><V32/><F32/><W123/><G123/><T117/><D35/><U133/><E133/><V134/><F134/><W0/><G0/><T13/><D13/><U106/><E106/><V113/><F1/><W62/><G62/><T129/><D129/><U4/><E4/><V135/><F135/><W124/><G124/><T25/><D25/><N who="1" m="14591" /><E64/><V102/><F113/><W126/><G126/><T116/><D36/><U49/><E63/><V115/><F115/><W114/><G114/><T17/><D17/><U39/><E39/><V60/><F70/><W26/><REACH who="3" step="1"/><G88/><REACH who="3" ten="330,236,180,244" step="2"/><T108/><D108/><U94/><E90/><V14/><F69/><W7/><G7/><T84/><D120/><U22/><E89/><V131/><F68/><W10/><G10/><AGARI ba="0,1" hai="10,15,16,38,40,46,48,52,57,84,91,95,116,117" machi="10" ten="30,3900,0" yaku="7,1,54,2" doraHai="103" who="0" fromWho="3" sc="330,49,236,0,180,0,244,-39" /><INIT seed="4,0,0,3,2,62" ten="379,236,180,205" oya="0" hai0="91,114,93,25,10,2,97,66,115,30,50,23,1" hai1="82,33,27,36,100,72,0,5,90,65,8,32,92" hai2="124,104,129,132,106,20,69,51,17,71,63,40,53" hai3="58,70,39,13,96,73,55,127,52,117,19,112,116"/><T109/><D109/><U125/><E125/><V47/><F124/><W103/><G73/><T45/><D10/><U4/><E4/><V21/><F129/><W108/><G127/><T37/><D37/><U123/><E123/><V67/><F132/><W99/><G70/><T14/><D14/><U121/><E121/><V101/><F71/><W76/><G39/><T86/><D97/><U16/><E36/><V49/><F101/><W38/><G108/><T134/><D134/><U35/><E100/><V6/><F6/><W68/><G38/><T118/><D118/><U84/><E65/><V12/><REACH who="2" step="1"/><F21/><REACH who="2" ten="379,236,170,205" step="2"/><W126/><G68/><T18/><D23/><U94/><E35/><V80/><F80/><W78/><G126/><T31/><D114/><U122/><E122/><V102/><F102/><W111/><G112/><T113/><D115/><U3/><E33/><V43/><F43/><W11/><G111/><T56/><D113/><U22/><E32/><V41/><F41/><W64/><G117/><T87/><D1/><U119/><E119/><V88/><F88/><W95/><G116/><T105/><D2/><U9/><E3/><V61/><F61/><N who="3" m="37943" /><G96/><T110/><D110/><U48/><E9/><V34/><F34/><W44/><G44/><AGARI ba="0,1" hai="12,17,20,40,44,47,49,51,53,63,67,69,104,106" machi="44" ten="30,3900,0" yaku="1,1,7,1,52,1,53,0" doraHai="62" doraHaiUra="81" who="2" fromWho="3" sc="379,0,236,0,170,49,205,-39" /><INIT seed="5,0,0,4,3,73" ten="379,236,219,166" oya="1" hai0="75,112,79,81,102,128,69,37,49,63,114,78,109" hai1="119,54,45,116,94,92,38,133,40,111,127,76,3" hai2="101,46,39,7,22,53,124,35,19,97,66,24,61" hai3="120,87,104,21,125,55,99,131,65,36,30,20,135"/><U16/><E3/><V117/><F117/><W43/><G120/><T57/><D37/><U88/><E94/><V121/><F121/><W48/><G131/><T8/><D109/><U85/><E111/><V41/><F124/><W83/><G135/><T132/><D132/><U115/><E133/><V11/><F35/><W71/><G125/><T6/><D102/><U93/><E127/><V67/><F61/><W9/><G30/><T84/><D49/><U15/><E115/><N who="0" m="44073" /><D69/><U108/><E108/><V4/><F53/><W130/><G9/><T86/><D79/><U103/><E54/><V62/><F62/><W91/><G130/><T77/><D77/><U32/><E32/><V42/><F42/><W23/><G71/><T52/><D128/><U90/><E76/><V82/><F82/><W50/><G65/><T113/><D113/><U60/><E103/><V51/><F4/><W96/><G36/><T10/><D10/><U2/><E60/><V134/><F39/><W98/><G104/><T33/><D33/><U13/><E2/><AGARI ba="0,0" hai="2,6,8,52,57,63,75,78,81,84,86" m="44073" machi="2" ten="30,3900,0" yaku="15,1,52,1,54,1" doraHai="73" who="0" fromWho="1" sc="379,39,236,-39,219,0,166,0" /><INIT seed="6,0,0,5,4,133" ten="418,197,219,166" oya="2" hai0="85,100,18,80,99,131,113,102,8,77,55,13,57" hai1="65,30,90,71,25,86,20,75,124,23,73,51,134" hai2="59,35,19,27,106,5,32,47,37,0,121,89,62" hai3="10,45,41,101,69,94,82,60,3,104,98,97,61"/><V72/><F121/><W14/><G3/><T58/><D131/><U115/><E134/><V135/><F135/><W83/><G69/><T95/><D113/><U64/><E115/><V39/><F106/><W40/><G40/><T76/><D76/><U48/><E71/><V31/><F72/><W132/><G132/><T111/><D111/><U12/><E75/><V130/><F35/><W53/><G83/><T6/><D102/><U93/><E73/><V17/><F130/><W92/><G82/><T120/><D120/><U109/><E109/><V96/><F37/><W68/><G104/><T56/><D18/><N who="1" m="10311" /><E124/><V78/><F39/><W87/><G68/><T4/><D4/><U7/><E7/><V9/><F47/><W125/><G87/><T29/><D29/><U103/><E103/><V66/><F78/><W34/><G53/><AGARI ba="0,0" hai="6,8,13,53,55,56,57,58,77,80,85,95,99,100" machi="53" ten="40,1300,0" yaku="8,1" doraHai="133" who="0" fromWho="3" sc="418,13,197,0,219,0,166,-13" /><INIT seed="7,0,0,5,5,96" ten="431,197,219,153" oya="3" hai0="129,105,18,132,76,62,74,75,93,65,10,14,103" hai1="13,89,119,90,73,99,91,19,25,131,68,45,84" hai2="3,22,44,69,117,111,72,53,51,128,109,104,43" hai3="38,71,20,125,115,32,54,8,70,33,82,66,97"/><W23/><G125/><T16/><D105/><U100/><E73/><V7/><F117/><W60/><G38/><T2/><D2/><U78/><E68/><V46/><F104/><W4/><G115/><T39/><D39/><U37/><E119/><V6/><F72/><W15/><G71/><T126/><D76/><U124/><E124/><V110/><F69/><W98/><G33/><T61/><D61/><U77/><E131/><V107/><F107/><W11/><G32/><T40/><D40/><U135/><E135/><V58/><F3/><W81/><G98/><T26/><D62/><U9/><E37/><V29/><F128/><W48/><G97/><T41/><D65/><U36/><E36/><V34/><F34/><W120/><G120/><T113/><D41/><U86/><E45/><V0/><F0/><W59/><G11/><T112/><D132/><U21/><E78/><V35/><F35/><W5/><G5/><T49/><D49/><U123/><E77/><V12/><F111/><W88/><REACH who="3" step="1"/><G81/><REACH who="3" ten="431,197,219,143" step="2"/><T122/><D10/><U31/><E123/><V101/><F110/><W114/><G114/><T121/><D122/><U130/><E130/><V80/><F109/><W83/><G83/><T85/><D121/><U87/><E99/><V95/><F6/><W63/><G63/><T133/><D129/><U64/><E64/><V134/><F7/><W52/><G52/><T94/><D113/><U79/><E9/><V50/><F53/><W102/><G102/><T47/><D103/><U92/><E100/><V106/><F101/><W17/><G17/><T28/><D18/><RYUUKYOKU ba="0,1" sc="431,-10,197,-10,219,-10,143,30" hai3="4,8,15,20,23,48,54,59,60,66,70,82,88" /><INIT seed="7,1,1,1,1,53" ten="421,187,209,173" oya="3" hai0="17,57,63,123,118,68,96,64,120,69,40,109,104" hai1="61,91,119,6,129,10,131,93,3,79,134,86,92" hai2="50,8,4,48,36,58,0,88,14,117,5,59,66" hai3="75,105,82,27,135,9,11,110,125,133,78,85,21"/><W34/><G105/><T18/><D18/><U84/><E134/><N who="3" m="51210" /><G34/><T130/><D69/><U15/><E119/><V70/><F117/><W43/><G43/><T25/><D118/><U81/><E61/><V103/><F36/><W124/><G110/><T37/><D109/><U44/><E44/><V89/><F103/><W116/><G75/><T19/><D19/><U122/><E122/><V29/><F29/><N who="3" m="17647" /><G116/><T94/><D104/><U62/><E62/><V33/><F33/><W83/><G83/><T30/><D40/><U1/><E93/><V101/><F101/><W65/><G65/><T55/><D37/><U12/><E3/><V73/><F73/><W77/><G77/><T60/><D123/><U42/><E42/><V32/><F32/><W47/><G47/><T76/><D76/><U24/><E24/><V52/><F0/><W99/><G99/><T106/><D106/><U56/><E1/><V54/><F4/><W111/><G111/><T113/><D96/><U95/><E15/><V90/><F70/><W108/><G108/><T35/><D68/><U7/><E7/><V41/><F41/><W115/><G115/><T114/><D113/><U22/><E6/><V2/><F2/><W80/><G80/><T132/><D35/><U13/><E13/><V97/><F97/><W72/><G72/><T128/><D114/><U127/><E12/><V23/><F66/><W20/><G20/><AGARI ba="1,1" hai="5,8,14,20,23,48,50,52,54,58,59,88,89,90" machi="20" ten="40,12000,2" yaku="9,1,8,1,52,2,54,2" doraHai="53" who="2" fromWho="3" sc="421,0,187,0,209,133,173,-123" owari="421,52.0,187,-21.0,342,14.0,50,-45.0" /></mjloggm>