<mjloggm ver="2.3"><GO type="97" lobby="0"/><UN n0="%E5%B0%B1%E6%B4%BB%E7%94%9F%40%E5%B7%9D%E6%9D%91%E8%BB%8D%E5%9B%A3" n1="%E3%81%A4%E3%82%A7%E3%81%A8" n2="%6E%69%74%6D%61%6E" n3="%67%61%68%6F%6D%61%69%6E" dan="15,13,14,13" rate="2020.36,1861.26,1952.12,1839.16" sx="M,M,M,M"/><TAIKYOKU oya="0"/><INIT seed="0,0,0,5,5,60" ten="250,250,250,250" oya="0" hai0="94,100,7,57,29,131,25,113,130,104,24,98,72" hai1="64,5,89,126,112,81,26,80,132,123,33,107,39" hai2="32,59,52,61,35,13,43,70,58,11,18,77,42" hai3="41,16,63,3,117,73,36,47,17,2,91,116,102"/><T87/><D72/><U75/><E39/><V106/><F106/><W62/><G73/><T50/><D113/><U88/><E107/><V110/><F70/><W84/><G102/><T119/><D7/><U34/><E123/><V129/><F110/><W125/><G125/><T105/><D119/><U56/><E112/><V118/><F129/><N who="0" m="49162" /><D87/><U54/><E126/><V27/><F77/><W124/><G124/><T40/><D25/><U101/><E101/><V12/><F118/><W46/><G117/><T6/><D6/><U127/><E127/><V74/><F74/><W134/><G134/><T97/><D97/><U92/><E132/><V65/><F13/><W38/><G116/><T79/><D79/><U21/><E5/><V0/><F0/><W78/><G78/><T19/><D19/><U128/><E75/><V103/><F103/><W85/><G41/><T121/><D121/><U45/><E128/><V135/><F135/><W99/><REACH who="3" step="1"/><G99/><REACH who="3" ten="250,250,250,240" step="2"/><T133/><D133/><U90/><E34/><V120/><F120/><W69/><G69/><T20/><D40/><U48/><E33/><V37/><F35/><W1/><G1/><T109/><D109/><U71/><E71/><V44/><F42/><W55/><G55/><AGARI ba="0,1" hai="20,24,29,50,55,57,94,98,100,104,105" m="49162" machi="55" ten="30,1500,0" yaku="19,1" doraHai="60" who="0" fromWho="3" sc="250,25,250,0,250,0,240,-15" /><INIT seed="0,1,0,5,1,2" ten="275,250,250,225" oya="0" hai0="133,132,69,49,108,102,32,93,54,22,34,131,135" hai1="73,90,61,27,13,71,134,74,5,10,30,42,84" hai2="120,117,91,125,58,47,81,105,48,70,106,9,11" hai3="17,119,55,85,96,68,45,123,43,6,4,15,78"/><T60/><D131/><U0/><E134/><V87/><F120/><W95/><G119/><T118/><D118/><U97/><E42/><V7/><F117/><W104/><G68/><T39/><D39/><U100/><E0/><V114/><F70/><W101/><G123/><T29/><D108/><U3/><E3/><V128/><F114/><W121/><G121/><T75/><D75/><U23/><E61/><V124/><F128/><W56/><G104/><T79/><D79/><U98/><E98/><V59/><F11/><W63/><G85/><T37/><D37/><U8/><E8/><V67/><F67/><W130/><G78/><T1/><D1/><U110/><E71/><V99/><F99/><W25/><G25/><N who="0" m="16567" /><D102/><U66/><E66/><V41/><F106/><W127/><G127/><N who="2" m="48713" /><F105/><W107/><G107/><T80/><D93/><U38/><E38/><V50/><F50/><W20/><REACH who="3" step="1"/><G130/><REACH who="3" ten="275,250,250,215" step="2"/><T52/><D80/><U92/><E110/><V94/><F81/><AGARI ba="1,1" hai="5,10,13,23,27,30,73,74,81,84,90,92,97,100" machi="81" ten="30,2000,0" yaku="7,1,52,1" doraHai="2" who="1" fromWho="2" sc="275,0,250,33,250,-23,215,0" /><INIT seed="1,0,0,1,2,49" ten="275,283,227,215" oya="1" hai0="7,133,88,79,126,127,120,87,113,46,43,5,34" hai1="75,8,56,11,125,100,37,36,39,61,40,106,121" hai2="24,111,83,58,31,135,25,130,74,116,97,93,44" hai3="26,35,110,55,53,107,50,118,117,129,32,103,73"/><U76/><E121/><V112/><F116/><N who="3" m="44651" /><G110/><T45/><D120/><U124/><E106/><V9/><F111/><W6/><G50/><T23/><D34/><N who="3" m="12841" /><G26/><T52/><D113/><U123/><E100/><V70/><F70/><W64/><G73/><T86/><D79/><U71/><E71/><V108/><F108/><W114/><G114/><T19/><D133/><U51/><E123/><V104/><F135/><W41/><G41/><T81/><D86/><U4/><E76/><V29/><F112/><W94/><G129/><T48/><D45/><N who="1" m="26023" /><E75/><V59/><F104/><W98/><G64/><T27/><REACH who="0" step="1"/><D43/><REACH who="0" ten="265,283,227,215" step="2"/><U63/><E4/><AGARI ba="0,1" hai="4,5,7,19,23,27,46,48,52,81,87,88,126,127" machi="4" ten="40,8000,1" yaku="1,1,2,1,52,1,54,2,53,0" doraHai="49" doraHaiUra="69" who="0" fromWho="1" sc="265,90,283,-80,227,0,215,0" /><INIT seed="2,0,0,4,5,28" ten="355,203,227,215" oya="2" hai0="18,83,85,120,32,25,20,26,11,97,19,81,4" hai1="1,99,34,104,101,125,6,0,61,42,43,45,127" hai2="24,30,122,5,95,38,135,13,96,89,68,132,123" hai3="119,40,46,10,21,23,116,114,111,74,76,91,35"/><V27/><F68/><W49/><G111/><T51/><D120/><U129/><E129/><V82/><F38/><W112/><G10/><T2/><D97/><U86/><E86/><V52/><F27/><W115/><G91/><T105/><D105/><U9/><E61/><V55/><F82/><W48/><G76/><T103/><D103/><U93/><E93/><V92/><F92/><W22/><G74/><T126/><D126/><U102/><E102/><V33/><F13/><W69/><G69/><T57/><D85/><U106/><E106/><V77/><F5/><W62/><G62/><T84/><D84/><U124/><E6/><V94/><F94/><W54/><REACH who="3" step="1"/><G35/><REACH who="3" ten="355,203,227,205" step="2"/><T65/><D11/><U118/><E118/><V29/><F77/><W37/><G37/><T128/><D32/><U63/><E63/><V53/><REACH who="2" step="1"/><F30/><REACH who="2" ten="355,203,217,205" step="2"/><W110/><G110/><T47/><D83/><U107/><E107/><V79/><F79/><W130/><G130/><T60/><D81/><U108/><E108/><V134/><AGARI ba="0,2" hai="24,29,33,52,53,55,89,95,96,122,123,132,134,135" machi="134" ten="40,12000,1" yaku="1,1,0,1,20,1,52,1,54,1,53,0" doraHai="28" doraHaiUra="75" who="2" fromWho="2" sc="355,-40,203,-40,217,140,205,-40" /><INIT seed="2,1,0,0,1,63" ten="315,163,357,165" oya="2" hai0="53,34,6,113,15,17,69,36,54,8,125,112,73" hai1="133,64,82,33,0,57,61,67,119,94,91,70,52" hai2="41,18,83,114,105,19,111,62,79,21,135,131,109" hai3="93,126,24,71,120,87,78,96,29,108,50,39,49"/><V14/><F105/><W116/><G120/><T88/><D73/><U38/><E38/><V65/><F114/><W102/><G116/><T47/><D34/><U60/><E0/><V117/><F117/><W89/><G108/><N who="2" m="41545" /><F41/><W132/><G39/><T7/><D125/><U44/><E119/><V72/><F135/><W92/><G126/><T59/><D69/><U115/><E115/><V1/><F1/><W2/><G2/><T22/><D7/><U129/><E33/><V27/><F131/><W20/><G132/><T75/><D75/><U4/><E4/><V130/><F130/><W45/><G71/><T128/><D128/><U77/><E133/><V98/><F98/><W74/><G74/><T28/><D28/><U25/><E25/><V85/><F72/><W46/><G78/><T43/><D88/><U110/><E110/><V12/><F18/><W40/><REACH who="3" step="1"/><G40/><REACH who="3" ten="315,163,357,155" step="2"/><T124/><D124/><U118/><E129/><V68/><AGARI ba="1,1" hai="12,14,19,21,27,62,65,68,79,83,85" m="41545" machi="68" ten="30,6000,0" yaku="14,1,10,1,52,1" doraHai="63" who="2" fromWho="2" sc="315,-21,163,-21,357,73,155,-21" /><INIT seed="2,2,0,3,3,106" ten="294,142,430,134" oya="2" hai0="77,135,104,34,90,39,52,48,84,103,47,28,113" hai1="25,36,105,125,126,60,111,7,9,64,98,81,11" hai2="41,27,73,133,42,50,16,75,72,49,6,132,22" hai3="45,120,44,78,131,17,83,1,129,61,121,2,86"/><V74/><N who="2" m="18944" /><DORA hai="89" /><V82/><F6/><W97/><G61/><T5/><D113/><U119/><E119/><V63/><F82/><W13/><G97/><T23/><D135/><N who="2" m="51786" /><F63/><W10/><G121/><T114/><D34/><U58/><E111/><V62/><F62/><W57/><G120/><T68/><D68/><U33/><E36/><V107/><F107/><W102/><G57/><T30/><D77/><U122/><E122/><V110/><F110/><W70/><G102/><T43/><D5/><U117/><E117/><V0/><F0/><W32/><G32/><T26/><D114/><U12/><E81/><V134/><N who="2" m="51794" /><V92/><DORA hai="19" /><F92/><W4/><G70/><T37/><D104/><U51/><E51/><AGARI ba="2,0" hai="16,22,27,41,42,49,50,51" m="51794,18944" machi="51" ten="70,18000,2" yaku="20,1,52,5,54,1" doraHai="106,89,19" who="2" fromWho="1" sc="294,0,142,-186,430,186,134,0" owari="294,9.0,-44,-54.0,616,72.0,134,-27.0" /></mjloggm>