<mjloggm ver="2.3"><GO type="97" lobby="0"/><UN n0="%E3%83%AD%E3%83%A0%E5%B0%82%EF%BC%A0%E5%B7%9D%E6%9D%91%E8%BB%8D%E5%9B%A3" n1="%E7%8A%AC%E5%B4%8E%E5%88%9D%E9%9F%B3" n2="%E8%A3%85%E7%94%B2%E9%A8%8E%E5%85%B5%E3%83%9C%E3%83%88%E3%83%A0" n3="%E5%B0%B1%E6%B4%BB%E7%94%9F%40%E5%B7%9D%E6%9D%91%E8%BB%8D%E5%9B%A3" dan="15,13,13,15" rate="1971.39,1912.76,1847.17,2037.65" sx="M,M,M,M"/><TAIKYOKU oya="0"/><INIT seed="0,0,0,3,2,16" ten="250,250,250,250" oya="0" hai0="135,42,0,5,69,47,96,106,89,51,50,133,73" hai1="28,57,13,31,92,48,2,71,21,85,46,55,43" hai2="34,22,44,114,25,63,86,98,88,12,94,102,68" hai3="111,29,32,23,128,118,122,60,95,82,3,33,120"/><T121/><D121/><N who="3" m="46697" /><G111/><T18/><D69/><U127/><E2/><V123/><F114/><W59/><G3/><T77/><D18/><U87/><E71/><V38/><F123/><W56/><G118/><T74/><D51/><U129/><E129/><V62/><F68/><W61/><G128/><T4/><D4/><U134/><E134/><N who="0" m="51209" /><D77/><U131/><E131/><V65/><F65/><N who="3" m="39047" /><G82/><T93/><D106/><U64/><E64/><V117/><F117/><W105/><G105/><T109/><D109/><U7/><E127/><V27/><F34/><W26/><G95/><T107/><D107/><U15/><E92/><N who="2" m="58695" /><F38/><W79/><G79/><T90/><D90/><U125/><E125/><V54/><F44/><W81/><G81/><T80/><D80/><U76/><E76/><V11/><F54/><AGARI ba="0,0" hai="23,26,29,32,33,54,59,61" m="39047,46697" machi="54" ten="30,2000,0" yaku="13,1,52,1" doraHai="16" who="3" fromWho="2" sc="250,0,250,0,250,-20,250,20" /><INIT seed="1,0,0,3,0,92" ten="250,250,230,270" oya="1" hai0="24,101,45,65,84,3,128,51,93,66,46,91,95" hai1="31,133,130,8,47,10,62,82,40,87,127,30,17" hai2="96,57,32,68,131,48,43,132,117,67,106,73,99" hai3="42,61,58,7,83,135,79,104,27,74,59,119,124"/><U23/><E127/><V16/><F117/><W60/><G104/><T13/><D3/><U75/><E75/><V34/><F73/><W6/><G119/><T121/><D121/><U18/><E133/><V86/><F68/><W37/><G124/><T114/><D114/><U129/><E62/><N who="2" m="38351" /><F106/><W1/><G135/><T69/><D128/><N who="1" m="49259" /><E87/><V22/><F132/><W50/><G37/><T125/><D125/><U70/><E82/><V112/><F131/><W80/><G27/><T105/><D105/><U109/><E47/><N who="2" m="25727" /><F112/><W26/><G26/><T29/><D13/><N who="1" m="7335" /><E40/><V107/><F107/><W108/><G108/><T72/><D72/><U52/><E52/><V55/><F34/><W110/><G110/><T88/><D101/><U103/><E103/><V41/><F32/><W102/><G102/><T19/><D46/><U76/><E76/><V56/><F41/><W63/><G1/><T126/><D126/><U38/><E70/><V118/><F86/><W4/><G80/><T85/><D69/><U89/><E89/><V15/><F118/><W98/><G98/><T49/><D49/><AGARI ba="0,0" hai="15,16,22,49,55,56,96,99" m="25727,38351" machi="49" ten="30,7700,0" yaku="8,1,52,2,54,1" doraHai="92" who="2" fromWho="0" sc="250,-77,250,0,230,77,270,0" /><INIT seed="2,0,0,0,4,102" ten="173,250,307,270" oya="2" hai0="0,128,6,96,60,44,105,83,87,70,104,126,86" hai1="114,59,103,80,95,118,45,14,54,74,79,76,43" hai2="117,116,93,39,35,51,46,11,131,120,130,61,56" hai3="58,92,122,50,1,90,48,47,113,77,75,37,132"/><V123/><F93/><W125/><G1/><T73/><D126/><U67/><E79/><V101/><F101/><W29/><G122/><N who="2" m="46633" /><F11/><W41/><G113/><T109/><D128/><N who="2" m="49194" /><F35/><W82/><G82/><T71/><D109/><U27/><E118/><V97/><F97/><W31/><G125/><T36/><D73/><U34/><E114/><V12/><F12/><W24/><G132/><T91/><D87/><U28/><E103/><V72/><F72/><W40/><G77/><T133/><D133/><U94/><E14/><V55/><F39/><W127/><G75/><T9/><D96/><U22/><E34/><V20/><F20/><W129/><G127/><T10/><D10/><U64/><E94/><V134/><F134/><W135/><G135/><T62/><D62/><U78/><E95/><V8/><F8/><W110/><G110/><T53/><D71/><U66/><E78/><V81/><F81/><W26/><G129/><T17/><D17/><U30/><E30/><V33/><F33/><W108/><G108/><T69/><D69/><U38/><E67/><AGARI ba="0,0" hai="46,51,55,56,61,67,116,117" m="49194,46633" machi="67" ten="30,5800,0" yaku="19,1,34,2" doraHai="102" who="2" fromWho="1" sc="173,0,250,-58,307,58,270,0" /><INIT seed="2,1,0,4,5,25" ten="173,192,365,270" oya="2" hai0="77,7,68,93,106,17,78,135,2,34,12,85,44" hai1="130,119,101,52,90,105,9,81,103,134,111,28,109" hai2="83,121,41,60,92,50,95,133,114,42,37,64,104" hai3="10,38,27,8,79,82,91,57,26,132,29,124,94"/><V67/><F121/><W87/><G38/><T19/><D135/><U45/><E119/><V40/><F104/><W71/><G71/><T97/><D68/><U43/><E130/><V102/><F37/><W14/><G124/><T33/><D106/><U13/><E134/><V61/><F133/><W63/><G132/><T4/><D44/><U110/><E43/><V30/><F30/><W39/><G39/><T122/><D122/><U96/><E90/><V70/><F83/><W72/><G26/><T112/><D112/><U125/><E81/><V131/><F131/><W98/><G72/><T89/><D2/><U58/><E45/><N who="2" m="25895" /><F70/><W18/><G8/><T36/><D36/><U118/><E118/><V32/><F32/><W0/><G0/><T15/><D89/><U80/><E80/><V1/><F1/><W100/><G27/><T120/><D120/><U126/><E103/><V46/><F114/><W117/><G117/><T55/><D85/><U48/><REACH who="1" step="1"/><E28/><REACH who="1" ten="173,182,365,270" step="2"/><V47/><F102/><W129/><G29/><T127/><D127/><U69/><E69/><N who="2" m="42119" /><F95/><W88/><G129/><T53/><REACH who="0" step="1"/><D93/><REACH who="0" ten="163,182,365,270" step="2"/><U113/><E113/><V66/><F92/><W128/><G128/><T59/><D59/><U49/><E49/><V84/><F42/><W115/><G115/><T11/><D11/><U108/><N who="1" m="28160" /><DORA hai="86" /><U107/><E107/><V35/><F41/><W62/><G57/><T99/><AGARI ba="1,2" hai="4,7,12,15,17,19,33,34,53,55,77,78,97,99" machi="99" ten="25,12000,2" yaku="1,1,0,1,22,2,53,2" doraHai="25,86" doraHaiUra="73,6" who="0" fromWho="0" sc="163,143,182,-31,365,-61,270,-31" /><INIT seed="3,0,0,2,3,15" ten="306,151,304,239" oya="3" hai0="20,98,37,99,28,125,89,26,41,102,40,54,119" hai1="79,62,64,114,101,135,66,97,47,12,83,3,51" hai2="86,45,109,10,80,33,88,123,81,75,60,7,93" hai3="69,70,59,19,36,25,111,74,18,108,133,58,84"/><W116/><G74/><T68/><D119/><U61/><E3/><V32/><F109/><N who="3" m="42059" /><G116/><T96/><D125/><U127/><E114/><V53/><F123/><W57/><G133/><T39/><D68/><N who="3" m="26217" /><G36/><T77/><D77/><U72/><E135/><V43/><F53/><W71/><G71/><T50/><D39/><U56/><E127/><V92/><F60/><W115/><G115/><T107/><D37/><U112/><E112/><V8/><F75/><W24/><G84/><T65/><D65/><U0/><E0/><V27/><F33/><W117/><G117/><T13/><D13/><U122/><E122/><V85/><F32/><W14/><G14/><T22/><D22/><U38/><E38/><V126/><F27/><AGARI ba="0,0" hai="18,19,24,25,27,57,58,59" m="26217,42059" machi="27" ten="40,18000,2" yaku="28,2,14,1,10,1,52,2" doraHai="15" who="3" fromWho="2" sc="306,0,151,0,304,-180,239,180" owari="306,11.0,151,-25.0,124,-38.0,419,52.0" /></mjloggm>