<mjloggm ver="2.3"><GO type="169" lobby="0"/><UN n0="%74%6E%66%73%68%32%30%34" n1="%E3%82%A6%E3%83%AB%E3%83%88%E3%83%A9%E7%AB%8B%E7%9B%B4" n2="%53%48%49%53%55%4B%45" n3="%E4%BF%BA%E9%81%94%E7%82%8E%E4%B8%8A%E6%97%8F" dan="17,17,16,16" rate="2176.63,2173.54,2070.54,2145.02" sx="M,M,M,M"/><TAIKYOKU oya="0"/><INIT seed="0,0,0,3,1,10" ten="250,250,250,250" oya="0" hai0="105,102,12,77,51,113,40,114,118,78,3,28,85" hai1="29,75,1,126,46,11,37,42,21,84,106,127,92" hai2="61,123,88,19,134,66,97,93,52,115,111,99,50" hai3="119,128,79,59,44,109,54,22,15,108,35,131,41"/><T63/><D3/><U86/><E106/><V98/><F115/><W0/><G35/><T18/><D118/><U14/><E75/><V32/><F123/><W34/><G0/><T25/><D63/><U65/><E65/><V39/><F39/><N who="3" m="21567" /><G34/><T82/><D78/><U125/><E92/><V110/><F134/><W36/><G79/><T90/><D77/><U89/><E89/><V47/><F32/><W38/><G22/><T58/><D28/><U16/><E1/><V43/><F43/><W68/><G15/><T6/><D25/><AGARI ba="0,0" hai="11,14,16,21,25,29,37,42,46,84,86,125,126,127" machi="25" ten="40,5200,0" yaku="18,1,52,1,54,1" doraHai="10" who="1" fromWho="0" sc="250,-52,250,52,250,0,250,0" /><INIT seed="1,0,0,2,1,26" ten="198,302,250,250" oya="1" hai0="56,46,33,4,130,57,17,126,93,90,99,103,79" hai1="133,37,104,87,119,28,54,68,131,94,1,114,116" hai2="84,45,135,111,15,98,38,82,25,91,16,134,34" hai3="66,30,58,7,22,23,29,21,51,122,132,120,42"/><U27/><E87/><V63/><F111/><W102/><G132/><N who="2" m="50729" /><F63/><N who="3" m="38263" /><G122/><T19/><D33/><U9/><E94/><V10/><F98/><W43/><G120/><T123/><D123/><U77/><E54/><V62/><F62/><W121/><G121/><T60/><D130/><U95/><E95/><V86/><F86/><W41/><G102/><T44/><D79/><U96/><E77/><V35/><F25/><W78/><G78/><T65/><D4/><N who="1" m="1167" /><E68/><V49/><F38/><W92/><G7/><T47/><D126/><U128/><E37/><V31/><F31/><N who="3" m="11787" /><G92/><T39/><D39/><U125/><E125/><V74/><F74/><W50/><AGARI ba="0,0" hai="21,22,23,41,42,43,50,51" m="11787,38263" machi="50" ten="40,8000,1" yaku="8,1,52,3" doraHai="26" who="3" fromWho="3" sc="198,-20,302,-40,250,-20,250,80" /><INIT seed="2,0,0,4,1,66" ten="178,262,230,330" oya="2" hai0="56,26,95,123,53,67,69,109,8,73,100,20,37" hai1="99,88,12,107,49,104,50,118,51,47,116,126,38" hai2="63,81,4,134,101,108,13,33,121,120,85,87,9" hai3="61,2,32,46,1,78,111,57,131,82,84,86,75"/><V117/><F117/><W70/><G111/><T98/><D123/><U30/><E30/><V127/><F33/><W65/><G32/><T71/><D109/><U18/><E126/><V114/><F108/><W62/><G131/><T21/><D73/><U91/><E38/><V130/><F114/><W54/><REACH who="3" step="1"/><G46/><REACH who="3" ten="178,262,230,320" step="2"/><T55/><D37/><U35/><E35/><V79/><F130/><W36/><G36/><T89/><D8/><U122/><E47/><V24/><F127/><W76/><G76/><T103/><D20/><U58/><E118/><V129/><F129/><W83/><G83/><T11/><D11/><U15/><E116/><V27/><F134/><W60/><G60/><T34/><D34/><U64/><E122/><V16/><F121/><W110/><G110/><T28/><D103/><U41/><E51/><V3/><F120/><W90/><G90/><T44/><D44/><U59/><E50/><V106/><F63/><W113/><G113/><T43/><D89/><U80/><E49/><V10/><REACH who="2" step="1"/><F85/><AGARI ba="0,1" hai="1,2,54,57,61,62,65,70,75,78,82,84,85,86" machi="85" ten="40,5200,0" yaku="1,1,52,1,53,1" doraHai="66" doraHaiUra="48" who="3" fromWho="2" sc="178,0,262,0,230,-52,320,62" /><INIT seed="3,0,0,1,0,114" ten="178,262,178,382" oya="3" hai0="48,88,112,18,49,0,129,44,92,16,101,85,57" hai1="21,77,99,53,33,109,19,69,80,22,28,78,108" hai2="90,102,3,58,34,47,98,65,74,30,87,83,36" hai3="15,45,46,60,100,110,52,5,119,17,73,37,135"/><W67/><G135/><T105/><D0/><U63/><E99/><V82/><F3/><W104/><G73/><T27/><D112/><U115/><E115/><V38/><F34/><W9/><G37/><T131/><D105/><U72/><E78/><V71/><F30/><W122/><G122/><T25/><D101/><U86/><E86/><V10/><F71/><W134/><G134/><T89/><D57/><N who="1" m="35247" /><E19/><N who="0" m="7209" /><D89/><U26/><E69/><V13/><F83/><W113/><G113/><T14/><D14/><U130/><E130/><N who="0" m="49673" /><D49/><U64/><E64/><V62/><F74/><W66/><G104/><T97/><D97/><U54/><E54/><AGARI ba="0,0" hai="25,27,44,48,54,85,88,92" m="49673,7209" machi="54" ten="30,3900,0" yaku="19,1,54,2" doraHai="114" who="0" fromWho="1" sc="178,39,262,-39,178,0,382,0" /><INIT seed="4,0,0,2,2,13" ten="217,223,178,382" oya="0" hai0="27,99,29,54,60,43,116,52,41,115,9,107,114" hai1="20,81,23,8,26,28,102,91,37,74,69,24,98" hai2="111,92,3,64,59,105,75,67,82,65,61,31,85" hai3="15,12,70,95,135,108,66,117,109,87,120,113,49"/><T122/><D116/><U30/><E69/><V32/><F111/><W47/><G117/><T68/><D122/><U103/><E37/><V90/><F3/><W1/><G1/><T131/><D131/><U77/><E8/><V121/><F121/><W33/><G33/><N who="0" m="20671" /><D9/><U73/><E73/><V22/><F32/><W84/><G120/><T128/><D128/><U80/><E80/><V6/><F6/><W97/><G70/><T39/><D39/><U53/><E53/><N who="0" m="20585" /><D43/><U38/><E38/><V124/><F105/><W58/><G66/><N who="0" m="41031" /><D41/><U42/><E42/><V0/><F0/><W18/><G108/><T129/><D129/><U104/><E91/><V17/><F124/><W96/><G109/><T57/><D57/><U123/><E123/><V44/><F44/><W76/><G58/><T78/><D78/><U83/><E83/><V50/><F50/><W46/><G76/><T93/><D93/><U7/><E7/><V112/><F112/><W86/><G113/><T134/><D134/><U119/><E119/><V101/><F31/><W40/><G135/><T63/><D63/><U94/><E104/><V71/><F71/><W100/><G40/><T10/><D10/><U11/><E11/><V125/><F125/><W62/><G62/><T34/><D34/><U126/><E126/><V35/><F35/><W132/><G132/><T130/><D130/><U133/><E133/><V89/><F89/><W110/><G49/><T2/><D2/><U21/><E21/><V16/><F22/><N who="3" m="11591" /><G110/><T36/><D36/><U88/><AGARI ba="0,0" hai="20,23,24,26,28,30,74,77,81,88,94,98,102,103" machi="88" ten="20,5200,0" yaku="0,1,7,1,9,1,54,1" doraHai="13" who="1" fromWho="1" sc="217,-26,223,52,178,-13,382,-13" /><INIT seed="5,0,0,2,2,107" ten="191,275,165,369" oya="1" hai0="101,85,10,48,63,26,38,135,19,2,61,109,58" hai1="102,11,129,79,57,22,95,51,21,12,82,88,74" hai2="4,112,31,90,20,27,98,13,25,123,43,40,67" hai3="55,18,17,83,64,32,87,41,8,16,39,28,104"/><U33/><E33/><V121/><F112/><W100/><G64/><T62/><D109/><U72/><E102/><V108/><F108/><W124/><G124/><T120/><D38/><U23/><E129/><V0/><F0/><W15/><G39/><T132/><D120/><U1/><E1/><V117/><F117/><W122/><G41/><T119/><D119/><U14/><E74/><V125/><F125/><W69/><G69/><T44/><D101/><U115/><E115/><V91/><F67/><W59/><G122/><T37/><D37/><U94/><E94/><V66/><F66/><W133/><G133/><N who="0" m="51275" /><D85/><U128/><E128/><V89/><F98/><W130/><G130/><T3/><D58/><U7/><E51/><V92/><F92/><W99/><G28/><T50/><D50/><U113/><E57/><V49/><F49/><W36/><G32/><T81/><D81/><U77/><E77/><V106/><F106/><W76/><G36/><T47/><D47/><U105/><E105/><V56/><F56/><W6/><G6/><T45/><D45/><U54/><E54/><V5/><F91/><W60/><AGARI ba="0,0" hai="8,15,16,17,18,55,59,60,76,83,87,99,100,104" machi="60" ten="20,2700,0" yaku="0,1,7,1,54,1" doraHai="107" who="3" fromWho="3" sc="191,-7,275,-13,165,-7,369,27" /><INIT seed="6,0,0,4,3,64" ten="184,262,158,396" oya="2" hai0="81,28,132,35,97,32,105,65,5,55,109,99,42" hai1="117,79,3,91,92,48,30,75,57,16,110,25,11" hai2="103,69,7,89,94,133,83,71,36,0,73,1,66" hai3="31,60,127,80,8,51,46,130,106,74,68,41,116"/><V43/><F133/><W15/><G116/><T54/><D109/><U38/><E38/><V124/><F124/><W115/><G127/><T50/><D132/><U107/><E107/><V96/><F66/><W86/><G106/><T125/><D125/><U24/><E79/><N who="2" m="44527" /><F89/><W70/><G74/><T119/><D119/><U21/><E75/><V111/><F111/><W100/><G100/><T52/><D65/><U113/><E110/><V39/><F39/><W67/><G31/><T128/><D5/><U56/><E48/><V131/><F131/><W34/><G130/><T118/><D128/><U13/><E117/><V120/><F120/><W121/><G34/><T22/><D118/><U19/><E57/><V63/><F63/><W88/><G115/><T9/><D105/><U4/><E56/><V17/><F17/><W87/><G87/><T134/><D134/><U18/><E92/><V47/><F1/><W37/><G121/><T58/><D58/><U2/><E91/><V53/><F53/><W23/><G23/><T14/><D55/><U62/><E62/><V122/><F122/><W95/><G37/><T114/><D54/><U108/><E108/><V76/><F76/><W93/><G70/><T40/><D52/><U123/><E123/><V135/><F135/><W61/><G60/><T49/><D50/><U26/><E113/><V6/><F6/><AGARI ba="0,0" hai="6,8,15,41,46,51,61,67,68,80,86,88,93,95" machi="6" ten="30,3900,0" yaku="7,1,52,1,54,1" doraHai="64" who="3" fromWho="2" sc="184,0,262,0,158,-39,396,39" /><INIT seed="7,0,0,5,4,98" ten="184,262,119,435" oya="3" hai0="131,45,112,128,43,68,12,120,29,129,10,115,110" hai1="102,24,105,130,11,61,31,96,26,1,9,113,117" hai2="89,73,94,100,83,95,54,27,80,125,82,119,84" hai3="121,127,107,13,90,57,87,88,74,30,135,20,58"/><W134/><G88/><T103/><D68/><U76/><E113/><N who="0" m="43593" /><D110/><U53/><E130/><V42/><F54/><W106/><G74/><T99/><D120/><U85/><E1/><V126/><F42/><W62/><G121/><T18/><D29/><U7/><E7/><V70/><F70/><W86/><G87/><T111/><D111/><U91/><E76/><N who="2" m="44047" /><F27/><W48/><G58/><T63/><D63/><U79/><E79/><V2/><F2/><W3/><G48/><N who="0" m="26687" /><D131/><U92/><E117/><V116/><F95/><AGARI ba="0,0" hai="10,12,18,95,99,103,128,129" m="26687,43593" machi="95" ten="30,3900,0" yaku="15,1,11,1,52,1" doraHai="98" who="0" fromWho="2" sc="184,39,262,0,119,-39,435,0" owari="223,-18.0,262,6.0,80,-42.0,435,54.0" /></mjloggm>