<mjloggm ver="2.3"><GO type="169" lobby="0"/><UN n0="%E3%81%87%E3%82%8B%E3%81%87%E3%82%8B" n1="%E3%82%BF%E3%82%B1%E3%82%AA%E3%81%97%E3%82%83%E3%82%93" n2="%E5%B0%B1%E6%B4%BB%E7%94%9F%40%E5%B7%9D%E6%9D%91%E8%BB%8D%E5%9B%A3" n3="%4B%69%72%63%68%65" dan="16,19,17,17" rate="2112.13,2246.46,2212.15,2111.42" sx="M,M,M,M"/><TAIKYOKU oya="0"/><INIT seed="0,0,0,0,1,0" ten="250,250,250,250" oya="0" hai0="77,82,66,11,16,122,83,44,89,105,27,43,81" hai1="56,39,76,111,46,112,35,125,14,20,96,86,37" hai2="29,90,48,25,69,60,132,133,67,135,94,49,130" hai3="95,41,13,115,18,103,53,57,22,124,78,80,4"/><T38/><D122/><U40/><E35/><V120/><F120/><W61/><G115/><T118/><D105/><U24/><E125/><V127/><F130/><W117/><G117/><T8/><D118/><U65/><E111/><V104/><F104/><W98/><G124/><T108/><D108/><U114/><E39/><V79/><F79/><W12/><G41/><T129/><D129/><U54/><E65/><V101/><F101/><W72/><G4/><T126/><D126/><U97/><E14/><AGARI ba="0,0" hai="12,13,14,18,22,53,57,61,72,78,80,95,98,103" machi="14" ten="30,1000,0" yaku="7,1" doraHai="0" who="3" fromWho="1" sc="250,0,250,-10,250,0,250,10" /><INIT seed="1,0,0,5,5,58" ten="250,240,250,260" oya="1" hai0="27,94,38,88,42,116,46,79,55,105,29,26,8" hai1="25,14,125,62,51,32,19,82,1,60,97,6,106" hai2="61,89,41,84,130,96,44,24,21,45,115,63,4" hai3="13,5,11,109,119,81,104,23,30,35,64,127,2"/><U128/><E125/><V36/><F130/><W72/><G104/><T93/><D105/><U71/><E128/><V124/><F124/><W110/><G64/><T135/><D116/><U90/><E71/><V34/><F34/><W10/><G127/><T117/><D135/><U17/><E106/><V91/><F4/><W118/><G72/><T75/><D117/><N who="3" m="44553" /><G81/><T3/><D75/><U37/><E37/><V100/><F115/><W0/><G35/><T108/><D79/><U103/><E103/><V121/><F121/><W123/><G123/><T20/><D108/><N who="3" m="41577" /><G10/><T134/><D134/><U73/><E73/><V40/><F100/><W126/><G126/><T95/><D55/><U56/><E32/><V15/><F96/><W59/><G59/><T77/><D77/><U78/><E97/><V68/><F68/><W99/><G99/><T70/><D70/><U43/><E78/><V22/><F84/><W53/><G53/><T85/><D8/><N who="1" m="4375" /><E56/><V92/><F92/><W107/><G107/><T132/><D132/><U98/><E98/><V65/><F65/><W129/><G129/><T28/><REACH who="0" step="1"/><D3/><REACH who="0" ten="240,240,250,260" step="2"/><U31/><E1/><V111/><F111/><W7/><G7/><T74/><D74/><U122/><E122/><V66/><F66/><W133/><G133/><T54/><D54/><U83/><E43/><V114/><F114/><W86/><G86/><T50/><D50/><U12/><E51/><V69/><F69/><W52/><G52/><T102/><D102/><U87/><E87/><V16/><F40/><W18/><G0/><T112/><D112/><U120/><E120/><RYUUKYOKU ba="0,1" sc="240,15,240,-15,250,-15,260,15" hai0="20,26,27,28,29,38,42,46,85,88,93,94,95" hai3="2,5,11,13,18,23,30" /><INIT seed="2,1,1,1,4,44" ten="255,225,235,275" oya="2" hai0="67,46,20,114,55,135,75,115,33,65,17,51,129" hai1="14,54,28,100,4,127,125,18,38,71,47,109,24" hai2="43,108,58,99,1,50,12,36,123,122,105,101,15" hai3="130,6,132,29,42,53,126,45,133,97,77,5,91"/><V116/><F1/><W73/><G130/><T85/><D33/><U13/><E100/><V39/><F116/><W70/><G70/><T120/><D75/><U68/><E4/><V88/><F108/><W121/><G121/><T107/><D107/><U96/><E96/><V23/><F15/><W63/><G29/><T72/><D72/><U9/><E14/><V7/><F39/><W134/><G126/><N who="1" m="48138" /><E109/><V83/><F36/><W62/><G73/><T60/><D120/><U31/><E31/><V90/><F90/><W117/><G77/><T103/><D103/><U102/><E102/><V27/><F12/><W56/><G62/><T111/><D129/><U86/><E86/><V92/><F83/><W113/><G113/><T11/><D11/><U3/><E3/><V37/><F37/><N who="3" m="21711" /><G117/><T93/><D111/><U8/><E8/><V64/><F7/><W30/><G30/><T32/><D32/><N who="1" m="20487" /><E54/><V84/><F122/><W34/><G34/><T82/><D114/><U98/><E98/><V66/><F123/><W119/><G119/><T57/><D115/><U76/><E76/><V79/><F79/><W0/><G0/><T74/><D74/><U104/><E104/><V61/><F43/><AGARI ba="1,1" hai="9,13,18,38,43,47,68,71" m="20487,48138" machi="43" ten="30,1000,0" yaku="18,1" doraHai="44" who="1" fromWho="2" sc="255,0,225,23,235,-13,275,0" /><INIT seed="3,0,0,2,0,52" ten="255,248,222,275" oya="3" hai0="32,71,129,128,37,27,59,90,7,6,93,30,135" hai1="102,20,89,48,79,78,45,125,35,104,110,116,133" hai2="21,51,76,5,122,124,80,83,91,53,58,119,47" hai3="54,120,65,130,111,74,88,86,134,98,28,97,56"/><W64/><G74/><T9/><D71/><U42/><E35/><V105/><F119/><W94/><G120/><T29/><D37/><U2/><E2/><V67/><F105/><W14/><G134/><T10/><D135/><U55/><E133/><V26/><F124/><W44/><G28/><T75/><D75/><U22/><E125/><V18/><F122/><W107/><G130/><T31/><D32/><U99/><E110/><V100/><F100/><W0/><G0/><T117/><D117/><U103/><E103/><V62/><F5/><W57/><G111/><T81/><D81/><U15/><E89/><V49/><F76/><W95/><G107/><T101/><D101/><U36/><E20/><V24/><F24/><W70/><G70/><T123/><D27/><U126/><E116/><V77/><F77/><W8/><G44/><T109/><D123/><U85/><E85/><V87/><F51/><N who="3" m="30815" /><G94/><AGARI ba="0,0" hai="18,21,26,47,49,53,58,62,67,80,83,87,91,94" machi="94" ten="30,3900,0" yaku="7,1,8,1,52,1" doraHai="52" who="2" fromWho="3" sc="255,0,248,0,222,39,275,-39" /><INIT seed="4,0,0,3,1,30" ten="255,248,261,236" oya="0" hai0="62,80,72,99,112,48,50,52,97,39,42,61,101" hai1="98,130,21,16,33,77,74,53,7,25,93,28,127" hai2="123,22,34,121,44,69,40,83,5,43,133,114,88" hai3="8,120,37,122,13,85,108,105,134,102,81,76,47"/><T129/><D112/><U65/><E7/><V110/><F110/><W124/><G108/><T36/><D129/><U70/><E130/><V66/><F114/><W119/><G119/><T4/><D4/><U15/><E127/><V20/><F5/><W115/><G115/><T59/><D72/><U68/><E65/><V94/><F133/><W6/><G124/><T82/><D42/><U10/><E10/><V86/><F34/><W11/><G11/><T54/><D59/><U56/><E77/><V27/><F40/><W12/><G12/><T103/><AGARI ba="0,0" hai="36,39,48,50,52,54,61,62,80,82,97,99,101,103" machi="103" ten="25,9600,0" yaku="0,1,22,2,54,1" doraHai="30" who="0" fromWho="0" sc="255,96,248,-32,261,-32,236,-32" /><INIT seed="4,1,0,4,3,88" ten="351,216,229,204" oya="0" hai0="108,66,47,54,91,48,37,84,73,77,29,56,96" hai1="30,55,65,28,104,72,50,113,95,135,12,58,15" hai2="7,14,76,45,103,87,92,70,109,82,51,107,59" hai3="60,134,8,131,63,61,110,127,23,24,25,6,16"/><T26/><D108/><U123/><E104/><V85/><F70/><W9/><G110/><T5/><D73/><U119/><E72/><V43/><F109/><W52/><G131/><T33/><D5/><U41/><E119/><V36/><F107/><W53/><G127/><T38/><D77/><U57/><E123/><V75/><F36/><W90/><G134/><T0/><D0/><U126/><E135/><V79/><F59/><W100/><G100/><T99/><D38/><U116/><E116/><V3/><F3/><W67/><G67/><T22/><D33/><U86/><E41/><V2/><F2/><W20/><G90/><T19/><D29/><N who="1" m="11371" /><E113/><V17/><F7/><W21/><G6/><T118/><D118/><U125/><E125/><V69/><F69/><W68/><G68/><T94/><D37/><U18/><E126/><V121/><F121/><W35/><G35/><T80/><D80/><U106/><E106/><V71/><F71/><W4/><G4/><T97/><D66/><U78/><E78/><N who="2" m="46295" /><F75/><W81/><G81/><N who="0" m="49551" /><D56/><U13/><E57/><V105/><F105/><W32/><G32/><T128/><D128/><U10/><E65/><V93/><F103/><AGARI ba="1,0" hai="19,22,26,47,48,54,94,96,97,99,103" m="49551" machi="103" ten="30,2900,0" yaku="8,1,52,1" doraHai="88" who="0" fromWho="2" sc="351,32,216,0,229,-32,204,0" /><INIT seed="4,2,0,0,4,14" ten="383,216,197,204" oya="0" hai0="56,52,95,94,9,64,58,37,84,4,10,45,130" hai1="132,8,27,78,100,49,43,79,3,65,66,36,135" hai2="16,25,116,41,129,96,42,118,101,38,70,125,35" hai3="88,72,92,24,86,26,112,39,1,29,104,89,31"/><T63/><D130/><U103/><E36/><V91/><F70/><W97/><G1/><T6/><D37/><U74/><E27/><V68/><F68/><W121/><G39/><T60/><D45/><U83/><E43/><V80/><F35/><W81/><G121/><T61/><D61/><U48/><E8/><V53/><F53/><W77/><G112/><T87/><REACH who="0" step="1"/><D52/><REACH who="0" ten="373,216,197,204" step="2"/><U21/><E48/><V46/><F42/><W107/><G31/><T22/><D22/><U126/><E21/><N who="2" m="13479" /><F129/><W73/><G29/><T106/><D106/><N who="3" m="40489" /><G24/><T76/><D76/><U99/><E78/><V75/><F125/><W7/><G26/><T134/><D134/><U98/><E49/><V82/><F46/><W18/><G7/><T40/><D40/><U119/><E126/><V133/><F41/><W44/><G44/><T85/><D85/><U123/><E132/><V127/><F127/><W20/><G20/><T62/><D62/><U67/><E135/><V59/><F38/><W33/><G33/><T54/><D54/><U124/><E124/><V32/><F32/><W105/><G105/><T17/><D17/><U0/><E79/><N who="2" m="44159" /><F133/><W122/><G18/><T34/><D34/><U57/><E57/><V55/><F55/><W113/><G72/><T111/><D111/><U108/><E74/><V15/><F59/><W131/><G131/><T90/><D90/><U114/><E108/><V51/><F51/><W110/><G110/><T2/><D2/><U69/><E3/><V23/><F23/><W19/><G73/><T47/><D47/><U117/><E0/><V13/><F91/><RYUUKYOKU ba="2,1" sc="373,30,216,-10,197,-10,204,-10" hai0="4,6,9,10,56,58,60,63,64,84,87,94,95" /><INIT seed="4,3,1,2,3,85" ten="403,206,187,194" oya="0" hai0="116,54,8,70,18,24,20,72,42,27,29,128,122" hai1="78,32,48,63,82,31,17,83,94,0,80,115,118" hai2="100,11,26,103,75,79,77,40,21,117,28,134,44" hai3="45,15,114,88,56,7,105,4,126,109,2,133,1"/><T124/><D72/><U97/><E0/><V90/><F134/><W73/><G73/><T107/><D70/><U131/><E118/><V74/><F117/><W5/><G105/><T35/><D107/><U108/><E108/><V60/><F75/><W23/><G109/><T112/><D54/><U86/><E131/><V50/><F74/><W10/><G133/><T12/><D42/><U55/><E115/><V106/><F106/><W38/><G114/><T113/><D116/><U14/><E63/><V33/><F33/><W132/><G132/><T119/><D119/><U67/><E67/><V121/><F121/><W93/><G126/><T36/><D36/><U51/><E31/><V59/><F11/><W25/><G1/><T43/><D43/><U13/><E32/><V110/><F110/><W104/><G104/><T98/><D98/><U101/><E13/><V127/><F90/><W76/><G76/><N who="2" m="29257" /><F127/><W87/><G2/><T52/><D124/><U125/><E125/><V123/><F123/><W22/><G22/><T49/><D122/><U111/><E111/><V65/><AGARI ba="3,1" hai="21,26,28,40,44,50,59,60,65,100,103" m="29257" machi="65" ten="30,1100,0" yaku="8,1" doraHai="85" who="2" fromWho="2" sc="403,-8,206,-6,187,30,194,-6" /><INIT seed="5,0,0,1,0,125" ten="395,200,217,188" oya="1" hai0="5,4,103,46,41,109,62,0,71,25,58,75,38" hai1="57,66,72,97,50,91,114,67,70,93,13,100,30" hai2="101,36,40,122,82,96,90,111,115,14,123,131,116" hai3="1,133,108,78,52,24,43,126,92,59,2,16,54"/><U32/><E72/><V135/><F36/><W18/><G108/><T37/><D75/><U132/><E114/><V73/><F40/><W29/><G126/><T56/><D103/><U33/><E132/><V8/><F8/><W121/><G133/><T61/><D25/><U20/><E70/><V110/><F14/><W80/><G121/><T10/><D109/><U106/><E66/><V11/><F11/><W83/><G43/><T120/><D120/><N who="2" m="46122" /><F135/><W87/><G92/><T15/><D15/><U23/><E23/><V31/><F31/><W65/><G83/><T94/><D94/><U17/><E30/><V79/><F116/><W9/><G65/><T119/><D119/><U81/><E81/><V117/><F117/><W53/><G59/><T3/><D10/><U98/><REACH who="1" step="1"/><E50/><REACH who="1" ten="395,190,217,188" step="2"/><V35/><F35/><W89/><G78/><T51/><D51/><U12/><E12/><V68/><F68/><W104/><G104/><T127/><D71/><U128/><E128/><V134/><F131/><W34/><REACH who="3" step="1"/><G2/><REACH who="3" ten="395,190,217,178" step="2"/><T76/><D0/><U19/><E19/><V77/><F134/><W42/><G42/><T95/><D3/><U44/><E44/><V7/><F82/><W88/><G88/><T47/><D41/><U113/><E113/><V28/><F115/><W69/><G69/><T60/><D46/><U22/><E22/><V102/><F90/><W63/><G63/><AGARI ba="0,2" hai="13,17,20,32,33,57,63,67,91,93,97,98,100,106" machi="63" ten="40,3900,0" yaku="1,1,53,1" doraHai="125" doraHaiUra="85" who="1" fromWho="3" sc="395,0,190,59,217,0,178,-39" /><INIT seed="5,1,0,3,0,85" ten="395,249,217,139" oya="1" hai0="13,65,130,7,47,21,42,1,46,97,127,37,36" hai1="20,135,5,33,112,134,122,38,118,125,56,34,104" hai2="113,92,74,101,66,12,72,75,82,32,114,103,61" hai3="132,49,22,53,131,11,44,94,109,102,70,24,51"/><U40/><E104/><V120/><F32/><W95/><G70/><T63/><D1/><U19/><E38/><V30/><F30/><W98/><G109/><T39/><D97/><U108/><E40/><V115/><F120/><W129/><G132/><N who="1" m="50730" /><E56/><N who="2" m="37159" /><F82/><W15/><G129/><T106/><D106/><U80/><E80/><V119/><F119/><W16/><G131/><T78/><D130/><U111/><E122/><V18/><F92/><W59/><G95/><T91/><D42/><U27/><E118/><V29/><F29/><W117/><G117/><T58/><D39/><U86/><E86/><V89/><F89/><W23/><REACH who="3" step="1"/><G24/><REACH who="3" ten="395,249,217,129" step="2"/><T48/><D127/><U105/><E125/><V88/><F103/><W124/><G124/><T77/><D37/><U128/><E128/><V110/><F101/><W64/><G64/><T54/><D36/><U35/><E105/><V17/><F110/><W83/><G83/><T43/><D65/><U99/><E108/><V68/><F68/><W121/><G121/><T26/><D26/><U123/><E123/><V116/><F116/><W76/><G76/><T100/><D77/><U52/><E111/><V96/><F96/><W79/><G79/><T3/><D78/><U31/><E99/><V41/><F113/><W60/><G60/><T2/><D100/><U14/><E112/><V81/><F81/><W50/><G50/><T6/><D63/><U84/><E84/><V67/><F115/><W126/><G126/><T69/><D69/><U55/><E31/><V71/><F114/><W90/><G90/><T73/><D91/><U133/><E133/><RYUUKYOKU ba="1,1" sc="395,-15,249,15,217,-15,129,15" hai1="5,14,19,20,27,33,34,35,52,55" hai3="11,15,16,22,23,44,49,51,53,59,94,98,102" /><INIT seed="5,2,1,5,2,92" ten="380,264,202,144" oya="1" hai0="25,40,42,75,108,9,83,123,46,6,58,127,109" hai1="68,65,32,7,36,48,114,107,95,43,30,4,44" hai2="74,24,91,21,10,1,50,119,79,55,62,110,28" hai3="84,8,31,105,38,61,70,2,81,101,122,100,56"/><U121/><E121/><V134/><F110/><W16/><G122/><T85/><D123/><U34/><E107/><V98/><F119/><W51/><G38/><T69/><D69/><U94/><E114/><V33/><F134/><W72/><G72/><T45/><D75/><U12/><E95/><V131/><F131/><W88/><G31/><T124/><D25/><U90/><E36/><V76/><F74/><W63/><G2/><T111/><D58/><U104/><E104/><V93/><F33/><W125/><G125/><N who="0" m="48203" /><D42/><U23/><E65/><V77/><F62/><N who="3" m="23563" /><G70/><T102/><D102/><U89/><E89/><V0/><REACH who="2" step="1"/><F10/><REACH who="2" ten="380,264,192,144" step="2"/><W14/><G105/><T126/><D126/><U15/><E32/><V53/><F53/><AGARI ba="2,2" hai="8,14,16,51,53,56,81,84,88,100,101" m="23563" machi="53" ten="30,3900,0" yaku="8,1,54,2" doraHai="92" who="3" fromWho="2" sc="380,0,264,0,192,-45,144,65" /><INIT seed="6,0,0,0,0,82" ten="380,264,147,209" oya="2" hai0="85,87,72,134,120,43,105,59,107,53,102,50,97" hai1="1,36,131,75,111,119,34,48,127,17,80,94,20" hai2="21,18,79,47,96,66,86,14,15,19,23,16,29" hai3="33,44,13,55,8,63,35,61,10,54,41,122,64"/><V78/><F66/><W9/><G122/><T37/><D72/><U7/><E34/><V81/><F96/><W83/><G13/><T114/><D114/><U2/><E36/><V39/><F29/><W117/><G117/><T68/><D68/><U74/><E111/><V106/><F106/><W88/><G35/><T90/><D134/><U130/><E7/><V103/><F103/><W45/><G33/><T123/><D43/><U113/><E113/><V93/><F93/><W115/><G115/><T108/><D37/><U77/><E94/><V40/><F19/><W118/><G118/><T22/><D108/><U84/><E48/><V98/><F98/><W24/><G24/><T4/><D4/><U31/><E31/><V135/><F135/><W0/><G0/><T56/><D107/><U46/><E46/><N who="3" m="18026" /><G41/><T116/><D116/><U58/><E58/><V89/><AGARI ba="0,0" hai="14,15,16,18,21,23,39,40,47,78,79,81,86,89" machi="89" ten="20,12000,1" yaku="0,1,7,1,9,1,52,1,54,1" doraHai="82" who="2" fromWho="2" sc="380,-40,264,-40,147,120,209,-40" /><INIT seed="6,1,0,5,0,28" ten="340,224,267,169" oya="2" hai0="80,123,13,0,111,34,46,116,85,86,1,49,121" hai1="68,64,33,20,105,112,31,126,32,119,125,135,99" hai2="120,130,24,12,127,5,95,91,50,97,37,56,67" hai3="108,42,51,36,16,9,60,19,38,2,115,44,22"/><V114/><F37/><W10/><G108/><T87/><D111/><U84/><E119/><V89/><F120/><W43/><G115/><T128/><D34/><U106/><E112/><V88/><F114/><W107/><G107/><N who="1" m="40970" /><E99/><V62/><F130/><W102/><G102/><T48/><D128/><U66/><E84/><V41/><F127/><N who="1" m="48649" /><E135/><V63/><F63/><W8/><G2/><T14/><D116/><U93/><E93/><V18/><F5/><W61/><G19/><T72/><D87/><U6/><E6/><V101/><F24/><W35/><G35/><N who="1" m="13386" /><E68/><V73/><F73/><W134/><G134/><T40/><D72/><U55/><E55/><V117/><F117/><W53/><G38/><T45/><D80/><U100/><E100/><V25/><F101/><W57/><REACH who="3" step="1"/><G42/><AGARI ba="1,0" hai="0,1,13,14,40,42,45,46,48,49,85,86,121,123" machi="42" ten="25,1600,0" yaku="22,2" doraHai="28" who="0" fromWho="3" sc="340,19,224,0,267,0,169,-19" /><INIT seed="7,0,0,3,0,58" ten="359,224,267,150" oya="3" hai0="62,48,65,69,72,64,90,28,36,27,38,66,54" hai1="19,71,108,49,120,10,117,129,133,53,2,21,104" hai2="61,112,16,127,83,18,14,11,55,80,106,17,79" hai3="1,119,102,46,39,4,115,130,111,96,123,73,5"/><W116/><G123/><T101/><D72/><U41/><E104/><V122/><F106/><N who="3" m="63815" /><G111/><T86/><D101/><U74/><E74/><V95/><F122/><W43/><G5/><T60/><D38/><U114/><E108/><V9/><F127/><W12/><G12/><T44/><D36/><U85/><E41/><V97/><F112/><W91/><G91/><T135/><D135/><U35/><E114/><V124/><F124/><W134/><G115/><T113/><D113/><U59/><E133/><V7/><F11/><N who="3" m="2447" /><G134/><T125/><D125/><U23/><E10/><V3/><F3/><W118/><G73/><T75/><D75/><U67/><E2/><V110/><F110/><W26/><G26/><T105/><D105/><U29/><E23/><V22/><F22/><W6/><G6/><T132/><D132/><U89/><E21/><V84/><F80/><W37/><G37/><T82/><REACH who="0" step="1"/><D69/><REACH who="0" ten="349,224,267,150" step="2"/><U20/><E71/><V45/><F9/><W63/><G63/><T77/><D77/><U13/><E120/><V131/><F61/><W76/><G76/><T109/><D109/><U47/><E13/><V68/><F14/><W33/><G33/><AGARI ba="0,1" hai="27,28,33,44,48,54,60,62,64,65,66,82,86,90" machi="33" ten="40,5200,0" yaku="1,1,52,2,53,0" doraHai="58" doraHaiUra="98" who="0" fromWho="3" sc="349,62,224,0,267,0,150,-52" owari="411,51.0,224,-18.0,267,7.0,98,-40.0" /></mjloggm>