<mjloggm ver="2.3"><GO type="97" lobby="0"/><UN n0="%E3%83%88%E3%83%88%E3%83%AA%E5%85%88%E7%94%9F%31%39%E6%AD%B3" n1="%E5%8D%98%E9%A8%8E%E3%81%AF%E6%90%8D%E6%B0%97" n2="%E3%81%BF%E3%82%84%E3%81%BE%E3%82%82%E3%82%8A" n3="%50%53%52%EF%BC%A0%E5%B7%9D%E6%9D%91%E8%BB%8D%E5%9B%A3" dan="15,15,14,15" rate="2063.22,1985.61,1829.26,1970.12" sx="F,M,M,M"/><TAIKYOKU oya="0"/><INIT seed="0,0,0,3,5,15" ten="250,250,250,250" oya="0" hai0="1,121,131,105,67,8,0,87,23,16,94,90,117" hai1="27,36,57,95,118,132,96,55,114,92,97,50,74" hai2="7,43,133,78,41,112,11,100,85,134,31,5,101" hai3="108,115,81,42,129,12,128,53,76,70,9,72,59"/><T66/><D117/><U6/><E118/><V107/><F112/><W56/><G70/><T63/><D121/><U64/><E114/><V103/><F31/><W51/><G115/><T79/><D105/><U61/><E36/><V10/><F107/><W4/><G108/><T40/><D131/><N who="3" m="50249" /><G42/><N who="2" m="15881" /><F78/><W37/><G37/><T45/><D79/><U13/><E74/><V110/><F85/><W93/><G93/><N who="1" m="35914" /><E132/><N who="2" m="50795" /><F110/><W32/><G32/><T30/><D8/><AGARI ba="0,0" hai="5,7,8,10,11,100,101,103" m="50795,15881" machi="8" ten="40,5200,0" yaku="28,2,20,1" doraHai="15" who="2" fromWho="0" sc="250,-52,250,0,250,52,250,0" /><INIT seed="1,0,0,4,0,12" ten="198,250,302,250" oya="1" hai0="109,116,59,54,134,131,38,94,8,24,52,126,103" hai1="61,65,115,76,50,37,29,132,107,34,3,114,28" hai2="117,97,84,89,31,123,82,20,124,105,15,106,4" hai3="36,122,6,10,87,77,27,55,13,67,110,64,133"/><U33/><E37/><V129/><F123/><W48/><G122/><T0/><D116/><U112/><E132/><V5/><F117/><W35/><G36/><T26/><D38/><U39/><E39/><V80/><F124/><W60/><G133/><T135/><D126/><U23/><E3/><V120/><F120/><W70/><G110/><T14/><D0/><U130/><E130/><V118/><F129/><W125/><G125/><T43/><D131/><U9/><E107/><V93/><F118/><W128/><G128/><T46/><D109/><U51/><E9/><V74/><F82/><W79/><G67/><T81/><D134/><U90/><E76/><V44/><F44/><W72/><G72/><T68/><D68/><U96/><E23/><V63/><F63/><W47/><G35/><T21/><D135/><U40/><E33/><V99/><F99/><W66/><G66/><T2/><D2/><U16/><E34/><V53/><F53/><N who="0" m="20586" /><D59/><N who="1" m="37055" /><E40/><V18/><F31/><N who="1" m="11849" /><E16/><V98/><F98/><W1/><G1/><T45/><D21/><U58/><E58/><V95/><F95/><W101/><G27/><N who="0" m="10283" /><D81/><U100/><E50/><V17/><F17/><W42/><G70/><T113/><D113/><U92/><E51/><V119/><F119/><W86/><G47/><T88/><D43/><U121/><E121/><V57/><F57/><W91/><G42/><T75/><D75/><U11/><E11/><V32/><F32/><W56/><G10/><T127/><D127/><U69/><E69/><V71/><F71/><W41/><G41/><T78/><D8/><U30/><E30/><RYUUKYOKU ba="0,0" sc="198,-10,250,30,302,-10,250,-10" hai1="90,92,96,100,112,114,115" /><INIT seed="1,1,0,4,5,46" ten="188,280,292,240" oya="1" hai0="19,102,86,58,113,62,82,18,126,57,124,50,106" hai1="52,116,26,60,117,91,94,67,73,42,132,38,36" hai2="44,2,123,119,104,32,103,118,92,79,27,9,115" hai3="56,66,10,101,133,100,68,63,20,64,74,0,22"/><U88/><E73/><V85/><F104/><W39/><G74/><T97/><D113/><U13/><E132/><V111/><F115/><W125/><G39/><T72/><D72/><U37/><E42/><V134/><F134/><W110/><G133/><T107/><D107/><U61/><E13/><V47/><F123/><W127/><G110/><T34/><D34/><U59/><E26/><V43/><F44/><W84/><G66/><T33/><D33/><U75/><E75/><V14/><F2/><W53/><G84/><T89/><D58/><U1/><E1/><V15/><F111/><W41/><G41/><T76/><D76/><U51/><E91/><V135/><F15/><W5/><G100/><T30/><D30/><U45/><REACH who="1" step="1"/><E61/><REACH who="1" ten="188,270,292,240" step="2"/><V98/><F135/><W128/><G0/><T87/><D87/><AGARI ba="1,1" hai="36,37,38,45,51,52,59,60,67,87,88,94,116,117" machi="87" ten="40,12000,1" yaku="1,1,2,1,52,1,54,2,53,0" doraHai="46" doraHaiUra="105" who="1" fromWho="0" sc="188,-123,270,133,292,0,240,0" /><INIT seed="1,2,0,3,0,129" ten="65,403,292,240" oya="1" hai0="58,66,69,53,68,134,47,126,11,101,97,110,82" hai1="54,44,2,65,52,72,123,67,106,102,87,43,94" hai2="26,109,75,62,10,14,56,107,80,59,120,125,111" hai3="31,127,108,128,50,114,18,55,35,122,117,49,24"/><U17/><E123/><V1/><F107/><W20/><G114/><T19/><D82/><U103/><E72/><V77/><F120/><W124/><G122/><T48/><D97/><U40/><E2/><V89/><F1/><W76/><G128/><T99/><D99/><U105/><E17/><V130/><F130/><W0/><G0/><T30/><D30/><U96/><E96/><V36/><F36/><W112/><G112/><T61/><D19/><U12/><E12/><V78/><F78/><W113/><G113/><T28/><D11/><U88/><E44/><V9/><F26/><W119/><G76/><T81/><D81/><U22/><E22/><V5/><F10/><W135/><G108/><T64/><D28/><U91/><REACH who="1" step="1"/><E87/><REACH who="1" ten="65,393,292,240" step="2"/><V84/><F111/><W42/><G18/><T86/><D86/><U71/><E71/><V132/><F109/><W95/><G20/><T83/><D101/><U104/><E104/><V13/><F84/><W46/><G46/><T15/><D15/><U8/><E8/><V7/><F14/><W74/><G74/><T16/><D16/><U116/><E116/><V70/><F13/><W23/><G23/><T38/><D110/><U4/><E4/><V34/><F9/><W118/><G118/><T93/><D93/><AGARI ba="2,1" hai="40,43,52,54,65,67,88,91,93,94,102,103,105,106" machi="93" ten="25,18000,2" yaku="1,1,22,2,54,2,53,2" doraHai="129" doraHaiUra="85" who="1" fromWho="0" sc="65,-186,393,196,292,0,240,0" owari="-121,-62.0,589,69.0,292,9.0,240,-16.0" /></mjloggm>