<mjloggm ver="2.3"><GO type="169" lobby="0"/><UN n0="%E4%B8%AD%E5%B1%B1%E9%87%8E%E8%8D%89" n1="%6E%61%6B%61%6A%75%75%6E" n2="%E5%B0%B1%E6%B4%BB%E7%94%9F%40%E5%B7%9D%E6%9D%91%E8%BB%8D%E5%9B%A3" n3="%E3%81%BF%E3%81%A3%E3%81%A4%E3%81%83%EF%BD%9E" dan="18,17,16,18" rate="2218.96,2192.72,2100.99,2189.36" sx="M,M,M,F"/><TAIKYOKU oya="0"/><INIT seed="0,0,0,5,1,62" ten="250,250,250,250" oya="0" hai0="84,54,28,115,122,119,31,34,123,63,117,82,131" hai1="12,132,107,8,30,49,20,46,76,52,29,85,71" hai2="25,40,114,133,127,74,69,98,7,75,121,45,61" hai3="79,21,78,13,36,47,70,91,111,0,65,116,48"/><T35/><D115/><U120/><E107/><V55/><F114/><W33/><G36/><T58/><D131/><U57/><E71/><V60/><F121/><W26/><G0/><T50/><D35/><U80/><E132/><V43/><F7/><W44/><G33/><T10/><D122/><U95/><E120/><V73/><F133/><W135/><G13/><T77/><D123/><U89/><E20/><V9/><F9/><W128/><G116/><T125/><D125/><U130/><E46/><V108/><F108/><W93/><G47/><T110/><D110/><U27/><E27/><V19/><F127/><W64/><G70/><T67/><D10/><U68/><E68/><V106/><F19/><N who="3" m="12607" /><G128/><T37/><D37/><U22/><E22/><V6/><F6/><W59/><G59/><T88/><D77/><N who="3" m="29193" /><G111/><T56/><REACH who="0" step="1"/><D34/><REACH who="0" ten="240,250,250,250" step="2"/><U15/><E130/><V23/><F73/><W97/><G135/><T39/><D39/><U96/><REACH who="1" step="1"/><E15/><REACH who="1" ten="240,240,250,250" step="2"/><V83/><F25/><W1/><G1/><T103/><D103/><U118/><E118/><AGARI ba="0,2" hai="28,31,50,54,56,58,63,67,82,84,88,117,118,119" machi="118" ten="40,7700,0" yaku="1,1,52,1,54,1,53,0" doraHai="62" doraHaiUra="72" who="0" fromWho="1" sc="240,97,240,-77,250,0,250,0" /><INIT seed="0,1,0,1,4,104" ten="337,163,250,250" oya="0" hai0="81,67,25,73,8,1,78,35,49,65,109,94,16" hai1="88,3,26,61,13,53,120,52,44,87,99,107,98" hai2="17,74,89,91,86,50,123,127,112,69,43,122,37" hai3="76,82,30,106,101,59,57,41,29,95,121,103,22"/><T131/><D131/><U34/><E3/><V46/><F69/><W90/><G121/><T102/><D35/><U6/><E120/><V7/><F112/><W0/><G0/><T45/><D1/><U133/><E133/><V116/><F116/><W135/><G135/><T83/><D81/><U97/><E107/><V129/><F129/><W10/><G41/><T21/><D8/><N who="1" m="4247" /><E34/><V24/><F127/><W115/><G10/><T77/><D77/><U32/><E32/><V114/><F7/><W19/><G106/><T4/><D4/><U20/><E44/><V110/><F74/><W96/><G115/><T28/><D109/><U55/><E61/><V72/><F72/><W68/><G68/><T5/><D28/><N who="3" m="10857" /><G59/><T128/><D5/><U36/><E36/><V9/><F114/><W27/><G57/><T119/><D119/><U134/><E134/><V60/><F37/><W105/><G105/><T84/><D128/><U66/><E66/><V56/><F110/><W31/><N who="3" m="10865" /><W63/><DORA hai="12" /><G63/><T11/><D11/><U100/><E100/><V33/><F33/><W124/><G124/><T75/><D75/><U42/><E42/><V113/><F113/><W40/><G40/><T54/><D73/><U62/><E62/><V80/><F9/><W132/><G132/><T85/><D102/><U14/><E26/><V125/><F125/><W39/><G39/><T111/><D111/><U18/><E55/><N who="2" m="33823" /><F123/><W79/><G76/><T23/><D23/><U108/><E108/><V38/><F38/><W70/><G70/><T64/><D64/><U2/><E2/><RYUUKYOKU ba="1,0" sc="337,10,163,10,250,-30,250,10" hai0="16,21,25,45,49,54,65,67,78,83,84,85,94" hai1="14,18,20,52,53,87,88,97,98,99" hai3="19,22,27,79,82,90,95,96,101,103" /><INIT seed="0,2,0,0,5,76" ten="347,173,220,260" oya="0" hai0="80,65,116,50,19,32,43,51,60,22,34,17,92" hai1="133,81,67,61,39,55,122,1,108,106,77,115,95" hai2="48,13,83,28,8,62,57,66,11,117,110,119,7" hai3="64,47,68,69,31,44,103,10,130,93,5,14,36"/><T18/><D116/><U131/><E1/><V91/><F110/><W20/><G130/><T75/><D22/><U45/><E106/><V72/><F28/><W9/><G36/><T49/><D43/><U111/><E122/><V41/><F11/><N who="3" m="4463" /><G68/><T125/><D92/><U121/><E121/><V94/><F72/><W105/><G69/><T42/><D42/><U74/><E131/><V135/><F135/><W26/><G64/><T134/><D134/><U129/><E129/><V97/><F41/><W87/><G105/><T70/><D125/><U30/><E39/><V127/><F127/><W46/><G87/><T33/><D75/><U16/><E133/><V59/><F48/><W85/><G85/><T21/><D21/><U78/><E115/><V25/><F25/><W40/><G40/><T54/><D54/><U73/><E73/><V82/><REACH who="2" step="1"/><F57/><REACH who="2" ten="347,173,210,260" step="2"/><W24/><G26/><T35/><D35/><U98/><E74/><V132/><F132/><W29/><G31/><T0/><D0/><U124/><E124/><V63/><F63/><W88/><G10/><T101/><D101/><U96/><E111/><V120/><F120/><W100/><G9/><T107/><D49/><U12/><E108/><V109/><F109/><W37/><G37/><T123/><D50/><U53/><E30/><V102/><F102/><W27/><G24/><T86/><D51/><U89/><E61/><V56/><F56/><W58/><G58/><T114/><D123/><U38/><E38/><V79/><F79/><W113/><G113/><T126/><D114/><U15/><E77/><V52/><F52/><RYUUKYOKU ba="2,1" sc="347,-15,173,-15,210,15,260,15" hai2="7,8,13,59,62,66,82,83,91,94,97,117,119" hai3="20,27,29,44,46,47,88,93,100,103" /><INIT seed="1,3,1,3,3,43" ten="332,158,225,275" oya="1" hai0="37,39,89,15,21,42,114,55,46,81,112,3,32" hai1="93,121,5,98,131,75,24,122,99,120,117,115,13" hai2="86,67,68,56,125,28,78,1,12,33,66,132,34" hai3="90,109,74,69,57,47,100,35,19,101,70,22,133"/><U77/><E117/><V113/><F1/><W49/><G35/><T92/><D3/><U6/><E115/><V116/><F68/><W45/><G74/><T79/><D32/><U118/><E118/><V61/><F116/><W29/><G70/><T88/><D39/><U14/><E131/><V108/><F67/><W84/><G69/><T104/><D104/><U10/><E24/><V38/><F38/><W26/><G109/><T48/><D89/><U119/><E119/><V106/><F106/><W126/><G133/><T25/><D15/><U58/><E58/><V124/><F28/><W110/><G126/><T64/><D64/><U2/><E6/><V107/><F107/><W59/><G29/><T94/><D94/><U4/><E4/><V65/><F65/><W62/><G49/><T40/><D37/><U85/><E75/><V36/><F36/><W129/><G59/><T123/><D123/><U105/><E105/><V134/><F12/><W44/><G129/><T0/><D0/><U8/><E8/><V102/><F102/><W52/><G110/><T20/><D20/><U27/><E27/><V51/><F51/><W130/><G130/><T76/><D112/><U30/><E30/><V50/><F50/><W71/><G71/><T17/><D114/><U95/><E77/><N who="0" m="29769" /><D81/><AGARI ba="3,1" hai="19,22,26,44,45,47,52,57,62,81,84,90,100,101" machi="81" ten="40,8000,1" yaku="8,1,52,3,54,1" doraHai="43" who="3" fromWho="0" sc="332,-89,158,0,225,0,275,99" /><INIT seed="2,0,0,1,5,112" ten="243,158,225,374" oya="2" hai0="27,62,84,25,105,37,14,99,126,135,66,42,19" hai1="69,93,119,104,31,57,74,130,75,96,34,45,50" hai2="22,43,30,35,46,7,109,86,71,106,21,29,94" hai3="73,124,72,58,115,10,6,111,132,70,39,82,16"/><V8/><F106/><W103/><G70/><T17/><D135/><U0/><E0/><V77/><F71/><W3/><G39/><T52/><D126/><U127/><E69/><V81/><F109/><W123/><G111/><T97/><D37/><U47/><E127/><V2/><F94/><W128/><G123/><T49/><D42/><U76/><E104/><V92/><F92/><W18/><G124/><T54/><D54/><U23/><E34/><V65/><F65/><W26/><G132/><T120/><D84/><U83/><E74/><V131/><F131/><W40/><G40/><T91/><D105/><U85/><E75/><V79/><F79/><W129/><G115/><T113/><D19/><N who="3" m="7209" /><G103/><T118/><D120/><U41/><E130/><N who="3" m="50282" /><G82/><T100/><D100/><U114/><E114/><V51/><REACH who="2" step="1"/><F35/><REACH who="2" ten="243,158,215,374" step="2"/><W5/><G73/><T78/><D78/><U107/><E107/><V61/><F61/><W134/><G72/><T80/><D113/><U121/><E93/><V32/><F32/><W60/><G134/><T4/><D66/><U133/><E133/><V68/><F68/><W11/><G60/><T12/><D62/><U9/><E121/><V13/><F13/><N who="3" m="5335" /><G26/><T67/><D27/><U87/><E83/><V1/><F1/><W101/><G101/><T90/><D25/><U117/><E76/><V89/><F89/><W44/><G3/><T24/><D80/><U64/><E96/><V59/><F59/><W38/><G58/><T56/><D97/><U116/><E57/><V28/><AGARI ba="0,1" hai="2,7,8,21,22,28,29,30,43,46,51,77,81,86" machi="28" ten="30,3000,0" yaku="1,1,0,1,53,0" doraHai="112" doraHaiUra="48" who="2" fromWho="2" sc="243,-10,158,-10,215,40,374,-10" /><INIT seed="2,1,0,0,1,47" ten="233,148,255,364" oya="2" hai0="97,74,113,72,70,60,102,43,35,14,73,122,119" hai1="77,89,81,19,25,39,64,2,98,80,127,91,132" hai2="123,26,115,58,8,135,95,88,124,22,31,56,46" hai3="118,9,3,105,41,68,62,20,99,55,29,12,24"/><V116/><F123/><W110/><G118/><T120/><D35/><U36/><E2/><V48/><F116/><W53/><G110/><T28/><D119/><U134/><E64/><V40/><F115/><W108/><G108/><T16/><D28/><U51/><E127/><V100/><F124/><W6/><G41/><T18/><D18/><U103/><E25/><V128/><F128/><W11/><G105/><T111/><D113/><U52/><E19/><V4/><F100/><W69/><G99/><T13/><D13/><U21/><E21/><V84/><REACH who="2" step="1"/><F135/><REACH who="2" ten="233,148,245,364" step="2"/><W30/><G30/><T92/><D111/><U5/><E134/><V37/><F37/><W86/><G86/><T106/><D120/><U78/><E132/><V54/><F54/><W129/><G55/><T23/><D122/><U82/><E36/><V94/><F94/><W87/><G129/><T10/><D43/><U34/><E39/><V49/><F49/><W125/><G125/><T0/><D92/><N who="1" m="58823" /><E34/><V65/><F65/><W33/><G33/><T126/><D126/><U50/><E5/><V63/><F63/><W130/><G62/><T38/><D38/><U93/><E51/><V131/><F131/><W57/><G130/><T42/><D42/><U15/><E93/><V17/><F17/><W76/><G53/><T59/><D10/><U101/><E101/><V61/><F61/><W85/><G11/><T75/><N who="0" m="18432" /><DORA hai="121" /><T114/><D114/><U1/><E52/><V112/><F112/><W117/><G9/><T45/><D70/><U90/><E50/><V104/><F104/><W133/><G117/><RYUUKYOKU ba="1,1" sc="233,-10,148,-10,245,30,364,-10" hai2="4,8,22,26,31,40,46,48,56,58,84,88,95" /><INIT seed="2,2,1,5,1,130" ten="223,138,275,354" oya="2" hai0="77,55,53,16,5,94,27,68,46,32,126,63,35" hai1="114,17,4,124,60,49,79,30,97,23,13,72,38" hai2="105,120,56,54,65,71,119,135,89,9,123,66,67" hai3="92,85,109,24,8,39,87,93,44,103,10,127,76"/><V70/><F119/><W101/><G39/><T95/><D126/><U98/><E38/><V81/><F105/><W90/><G127/><T14/><D5/><U61/><E124/><V15/><F81/><N who="3" m="47271" /><G109/><T131/><D131/><U0/><E114/><V104/><F104/><W73/><G73/><T125/><D125/><U42/><E72/><V47/><F89/><N who="3" m="53311" /><G24/><T84/><D35/><U75/><E75/><V122/><F47/><W69/><G69/><N who="2" m="26121" /><F15/><W106/><G106/><T133/><D32/><U6/><E79/><V11/><F11/><N who="3" m="4139" /><G44/><T1/><D27/><U108/><E0/><V34/><F9/><W115/><G115/><T31/><D1/><U48/><E13/><V128/><F34/><W113/><G113/><T117/><D117/><U118/><E118/><V25/><F25/><W40/><G40/><T20/><D31/><U22/><E42/><V88/><F88/><W80/><G80/><N who="0" m="47119" /><D68/><U18/><REACH who="1" step="1"/><E30/><REACH who="1" ten="223,128,275,354" step="2"/><V86/><F128/><W3/><G3/><T2/><D2/><U100/><E100/><V111/><F111/><AGARI ba="2,2" hai="4,6,17,18,22,23,48,49,60,61,97,98,108,111" machi="111" ten="25,3200,0" yaku="1,1,22,2,53,0" doraHai="130" doraHaiUra="83" who="1" fromWho="2" sc="223,0,128,58,275,-38,354,0" /><INIT seed="3,0,0,4,1,133" ten="223,186,237,354" oya="3" hai0="91,96,43,38,50,106,9,25,17,81,59,41,113" hai1="11,92,89,15,134,49,95,122,120,6,31,3,132" hai2="56,48,117,78,28,99,23,62,83,21,80,76,112" hai3="86,22,0,66,115,101,26,114,135,109,20,128,125"/><W97/><G0/><T102/><D113/><N who="3" m="43017" /><G22/><N who="2" m="8201" /><F112/><W90/><G66/><T54/><D38/><U2/><E31/><V36/><F36/><W73/><G20/><T29/><D9/><U69/><E69/><V8/><F28/><W126/><G26/><T84/><REACH who="0" step="1"/><D17/><REACH who="0" ten="213,186,237,354" step="2"/><U46/><E132/><V123/><F123/><W12/><G135/><T87/><D87/><U34/><E134/><V74/><F74/><W30/><G73/><T7/><D7/><U67/><E120/><V127/><F117/><W130/><G30/><T53/><D53/><U33/><E122/><V18/><F18/><W40/><G40/><T107/><D107/><U100/><E6/><V5/><F8/><W116/><G116/><T14/><D14/><U79/><E15/><V42/><F5/><W52/><G12/><T88/><D88/><U63/><E89/><V68/><F78/><W71/><G52/><T1/><D1/><U57/><E11/><V104/><F76/><W58/><G109/><T39/><D39/><U27/><E3/><V77/><F77/><W45/><G90/><T60/><D60/><U24/><E2/><V119/><F62/><W13/><G86/><T131/><D131/><U124/><E63/><V103/><F119/><W35/><G13/><T37/><D37/><U85/><E85/><V16/><F16/><W55/><G128/><T44/><D44/><U47/><E79/><V70/><F42/><W61/><G45/><T32/><AGARI ba="0,1" hai="25,29,32,41,43,50,54,59,81,84,91,96,102,106" machi="32" ten="20,2700,0" yaku="1,1,0,1,7,1,53,0" doraHai="133" doraHaiUra="10" who="0" fromWho="0" sc="213,37,186,-7,237,-7,354,-13" /><INIT seed="4,0,0,0,3,22" ten="250,179,230,341" oya="0" hai0="37,92,71,13,57,64,113,96,129,27,103,44,128" hai1="15,68,133,47,28,132,104,6,65,109,9,75,59" hai2="14,85,105,77,121,35,80,46,66,134,30,112,110" hai3="82,38,40,100,67,48,7,74,88,79,31,106,122"/><T33/><D113/><U69/><E109/><V73/><F105/><W123/><G38/><T50/><D37/><U118/><E118/><V56/><F110/><W34/><G67/><T26/><D33/><U126/><E104/><V98/><F121/><N who="3" m="46091" /><G7/><T55/><D71/><U53/><E75/><V124/><F98/><N who="3" m="61719" /><G40/><N who="0" m="24839" /><D64/><U8/><E126/><V114/><F46/><W51/><G88/><N who="0" m="55303" /><D13/><U84/><E69/><V115/><F73/><W49/><G31/><T135/><D103/><U54/><E68/><V29/><F35/><AGARI ba="0,0" hai="34,35,48,49,51,74,79,82" m="61719,46091" machi="35" ten="30,1000,0" yaku="13,1" doraHai="22" who="3" fromWho="2" sc="250,0,179,0,230,-10,341,10" /><INIT seed="5,0,0,1,3,21" ten="250,179,220,351" oya="1" hai0="96,92,70,39,8,82,42,11,63,89,5,52,17" hai1="87,95,98,132,51,119,60,81,101,99,134,128,116" hai2="32,94,26,91,45,75,44,48,120,13,115,83,62" hai3="85,74,130,0,16,14,29,65,79,125,58,25,49"/><U38/><E38/><V30/><F120/><W124/><G0/><T86/><D39/><U90/><E60/><V3/><F3/><W123/><G74/><T100/><D42/><U56/><E56/><V97/><F115/><W102/><G123/><T121/><D121/><U10/><E51/><V55/><F62/><N who="3" m="38103" /><G102/><T66/><D5/><U71/><E71/><V135/><F135/><N who="1" m="51753" /><E10/><V43/><F13/><W67/><G130/><T105/><D17/><U127/><E128/><V12/><F12/><W117/><G67/><T103/><D52/><U41/><E41/><V131/><F131/><W64/><G64/><T46/><D46/><U19/><E19/><V24/><F24/><W18/><G49/><T93/><D105/><N who="1" m="63671" /><E127/><N who="3" m="48714" /><G117/><T126/><D126/><U40/><E40/><V80/><REACH who="2" step="1"/><F75/><REACH who="2" ten="250,179,210,351" step="2"/><W35/><G14/><T72/><D72/><U2/><E2/><V88/><F88/><AGARI ba="0,1" hai="81,87,88,90,95,99,116,119" m="63671,51753" machi="88" ten="30,11600,0" yaku="20,1,34,2,54,1" doraHai="21" who="1" fromWho="2" sc="250,0,179,126,210,-116,351,0" /><INIT seed="5,1,0,3,1,20" ten="250,305,94,351" oya="1" hai0="48,26,11,85,52,129,30,131,17,12,62,55,92" hai1="109,47,91,97,94,110,63,112,33,102,58,8,132" hai2="45,42,114,76,104,34,108,117,71,88,95,37,82" hai3="2,113,103,90,3,107,68,61,70,54,79,57,0"/><U93/><E112/><V128/><F104/><W29/><G79/><T84/><D62/><U7/><E47/><V75/><F117/><W116/><G113/><T111/><D55/><U66/><E33/><V81/><F108/><W119/><G90/><T6/><D6/><U53/><E66/><V80/><F114/><W106/><G29/><T134/><D111/><U65/><E65/><V99/><F71/><N who="3" m="27179" /><G103/><T51/><D51/><U4/><E132/><V16/><F128/><N who="0" m="49226" /><D92/><U60/><E60/><V101/><F34/><W89/><G89/><T127/><D134/><U44/><E44/><V77/><F101/><W133/><G133/><T18/><D18/><U98/><REACH who="1" step="1"/><E7/><REACH who="1" ten="250,295,94,351" step="2"/><V118/><F118/><AGARI ba="1,1" hai="0,2,3,54,57,61,106,107,116,118,119" m="27179" machi="118" ten="40,1300,0" yaku="12,1" doraHai="20" who="3" fromWho="2" sc="250,0,295,0,94,-16,351,26" /><INIT seed="6,0,0,2,4,58" ten="250,295,78,377" oya="2" hai0="35,12,68,114,115,34,62,97,91,94,18,51,14" hai1="82,133,56,95,100,0,132,32,37,11,117,111,59" hai2="116,76,49,38,73,54,21,125,74,64,129,63,45" hai3="39,6,78,44,24,83,120,1,122,106,123,80,5"/><V71/><F116/><W127/><G83/><T17/><D51/><U33/><E37/><V134/><F134/><N who="1" m="51817" /><E82/><V112/><F129/><W69/><G6/><T20/><D62/><U31/><E111/><V126/><F112/><N who="0" m="43050" /><D68/><U36/><E36/><V3/><F3/><W16/><G16/><T128/><D128/><U66/><E117/><V28/><F38/><W135/><G24/><T88/><D91/><U124/><E124/><V2/><F2/><W84/><G127/><N who="2" m="48649" /><F76/><W53/><G53/><T10/><AGARI ba="0,0" hai="10,12,14,17,18,20,34,35,88,94,97" m="43050" machi="10" ten="30,2000,0" yaku="15,1,54,1" doraHai="58" who="0" fromWho="0" sc="250,20,295,-5,78,-10,377,-5" /><INIT seed="7,0,0,5,0,69" ten="270,290,68,372" oya="3" hai0="121,1,17,50,81,95,125,6,110,122,36,57,84" hai1="97,77,8,14,107,40,25,72,47,67,126,62,94" hai2="85,53,96,92,113,70,119,49,5,58,9,86,93" hai3="26,127,4,88,100,11,18,63,114,64,135,3,45"/><W0/><G114/><T99/><D110/><U65/><E107/><V52/><F113/><W112/><G112/><T82/><D125/><U73/><E126/><V120/><F70/><W111/><G127/><T129/><D129/><U28/><E77/><V13/><F120/><W124/><G124/><T128/><D128/><U98/><E73/><V42/><F119/><W118/><G118/><T78/><D1/><U66/><E72/><V68/><F68/><W106/><G135/><T12/><D6/><U83/><E83/><V24/><F42/><W71/><G45/><T105/><D105/><U131/><E131/><V80/><F24/><W16/><G3/><T116/><D116/><U55/><E62/><V76/><F96/><N who="3" m="61703" /><G88/><T87/><D36/><U30/><E55/><V134/><F134/><W102/><G102/><T60/><D50/><U75/><E75/><V108/><F108/><W31/><G111/><T37/><D37/><U104/><E104/><V2/><F2/><W117/><G117/><T130/><D130/><U74/><E74/><V103/><F103/><W101/><G101/><N who="0" m="60671" /><D12/><U44/><E97/><V39/><F39/><W20/><G20/><T133/><D133/><U51/><E44/><V29/><F29/><N who="1" m="11369" /><E25/><V90/><F86/><W22/><G22/><T115/><D115/><U27/><E27/><V21/><F21/><W34/><AGARI ba="0,0" hai="0,4,11,16,18,26,31,34,63,64,71" m="61703" machi="34" ten="30,3000,0" yaku="25,1,54,1" doraHai="69" who="3" fromWho="3" sc="270,-10,290,-10,68,-10,372,30" owari="260,-14.0,280,8.0,58,-44.0,402,50.0" /></mjloggm>