<mjloggm ver="2.3"><GO type="169" lobby="0"/><UN n0="%E3%82%A8%E3%82%B9%E3%83%86%E3%83%BC" n1="%E3%82%A2%E3%82%A4%E3%83%9E%E3%83%BC%E3%83%AB%32%31" n2="%41%79%6F%75%46" n3="%E3%82%A6%E3%83%AB%E3%83%88%E3%83%A9%E7%AB%8B%E7%9B%B4" dan="17,16,18,17" rate="2160.94,2144.05,2198.21,2162.93" sx="F,M,M,M"/><TAIKYOKU oya="0"/><INIT seed="0,0,0,5,0,115" ten="250,250,250,250" oya="0" hai0="42,63,22,110,54,50,31,104,96,133,20,97,45" hai1="60,69,67,51,5,124,112,56,19,46,48,79,71" hai2="102,3,94,101,57,55,26,100,53,16,52,117,21" hai3="64,8,47,123,12,9,91,10,105,18,70,37,36"/><T95/><D133/><U11/><E112/><V72/><F72/><W80/><G105/><T13/><D110/><U33/><E33/><V41/><F3/><W66/><G123/><T59/><D104/><U76/><E124/><V121/><F121/><W135/><G135/><T43/><D97/><U120/><E120/><V75/><F75/><W85/><G70/><T27/><D13/><U25/><E48/><V116/><F41/><W86/><G37/><T81/><D81/><U99/><E99/><V2/><F2/><W92/><G47/><T107/><D107/><U6/><E69/><V87/><F57/><W132/><G36/><T62/><D20/><N who="1" m="13471" /><E71/><V98/><REACH who="2" step="1"/><F87/><REACH who="2" ten="250,250,240,250" step="2"/><W103/><G132/><T68/><D68/><U58/><E56/><V73/><F73/><W23/><REACH who="3" step="1"/><G103/><AGARI ba="0,1" hai="16,21,26,52,53,55,94,98,100,101,102,103,116,117" machi="103" ten="40,8000,1" yaku="1,1,52,2,54,2,53,0" doraHai="115" doraHaiUra="128" who="2" fromWho="3" sc="250,0,250,0,240,90,250,-80" /><INIT seed="1,0,0,2,5,23" ten="250,250,330,170" oya="1" hai0="53,17,55,79,93,94,10,47,63,46,74,3,6" hai1="117,128,113,130,56,99,77,76,101,131,36,122,135" hai2="68,115,51,69,118,78,38,97,57,84,129,11,29" hai3="132,83,19,104,35,24,4,110,32,25,59,112,54"/><U62/><E113/><V18/><F38/><W87/><G104/><T111/><D111/><U1/><E117/><V21/><F118/><W120/><G120/><T100/><D74/><U125/><E122/><V39/><F39/><W86/><G112/><T14/><D79/><U126/><E1/><V107/><F29/><W44/><G110/><T41/><BYE who="3" /><D47/><U96/><E36/><V88/><F115/><UN n3="%E3%82%A6%E3%83%AB%E3%83%88%E3%83%A9%E7%AB%8B%E7%9B%B4" /><W43/><G132/><T116/><D116/><U103/><E56/><V13/><F78/><N who="1" m="30313" /><E62/><V66/><F129/><W31/><G4/><T30/><D30/><U119/><E119/><V67/><F107/><W91/><G31/><T61/><D61/><U73/><E73/><V50/><F97/><N who="1" m="37449" /><E135/><V114/><F114/><W124/><G35/><T64/><D64/><N who="2" m="24618" /><F69/><W65/><G32/><T108/><D108/><U49/><E49/><V72/><F72/><W70/><G65/><T92/><D63/><U8/><E8/><V34/><F34/><W20/><G70/><T2/><D2/><U33/><E33/><V58/><F68/><W121/><G121/><T37/><D3/><U71/><E71/><V81/><F11/><W82/><G44/><T106/><D37/><U16/><E16/><V40/><F51/><N who="3" m="31199" /><G43/><T0/><D17/><U28/><E28/><V45/><AGARI ba="0,0" hai="13,18,21,40,45,50,57,58,81,84,88" m="24618" machi="45" ten="30,2000,0" yaku="8,1,54,1" doraHai="23" who="2" fromWho="2" sc="250,-5,250,-10,330,20,170,-5" /><INIT seed="2,0,0,0,5,88" ten="245,240,350,165" oya="2" hai0="39,110,63,35,128,85,14,69,96,36,16,130,57" hai1="8,117,23,59,112,133,41,82,11,91,67,74,12" hai2="64,65,58,76,6,116,120,92,30,13,86,9,104" hai3="53,56,54,55,119,97,51,102,84,60,73,50,93"/><V2/><F104/><W17/><G73/><T3/><D3/><U52/><E112/><V61/><F116/><W121/><G121/><T68/><D35/><U49/><E117/><V31/><F120/><W7/><G119/><T1/><D1/><U43/><E133/><V101/><F2/><W80/><G7/><T40/><D110/><U79/><E67/><V0/><F0/><W108/><G108/><T127/><D127/><U70/><E70/><N who="0" m="27241" /><D85/><U4/><E23/><V99/><REACH who="2" step="1"/><F65/><REACH who="2" ten="245,240,340,165" step="2"/><W106/><G106/><T125/><D125/><U24/><E11/><V33/><F33/><W118/><G118/><T25/><D130/><U114/><E114/><V100/><F100/><W129/><G129/><T27/><D128/><U89/><E24/><V38/><F38/><W48/><REACH who="3" step="1"/><G17/><REACH who="3" ten="245,240,340,155" step="2"/><T26/><D16/><U111/><E111/><V131/><F131/><W126/><G126/><T34/><D34/><U10/><E4/><V107/><F107/><W45/><G45/><T72/><D36/><U47/><E47/><V90/><F90/><AGARI ba="0,2" hai="48,50,51,53,54,55,56,60,80,84,90,93,97,102" machi="90" ten="40,5200,0" yaku="1,1,8,1,52,1,53,0" doraHai="88" doraHaiUra="123" who="3" fromWho="2" sc="245,0,240,0,340,-52,155,72" /><INIT seed="3,0,0,2,3,21" ten="245,240,288,227" oya="3" hai0="92,9,45,123,50,11,38,79,120,0,62,128,27" hai1="47,89,112,104,78,70,10,96,109,99,23,113,101" hai2="52,12,116,25,61,75,16,22,30,121,77,37,58" hai3="56,94,124,125,122,54,72,107,111,82,40,71,133"/><W90/><G71/><T73/><D128/><U59/><E70/><V68/><F68/><W31/><G107/><T135/><D135/><U42/><E109/><V51/><F37/><W130/><G40/><T28/><D62/><U5/><E78/><V4/><F116/><W91/><G122/><T53/><D38/><U134/><E134/><V24/><F121/><W106/><G106/><T63/><D11/><U95/><E59/><V76/><F75/><W84/><G133/><T132/><D132/><U98/><E98/><V35/><F4/><W67/><G67/><T81/><D63/><U119/><E23/><V26/><F35/><W29/><G130/><T126/><D126/><N who="3" m="48745" /><G111/><T57/><D57/><U32/><E32/><V17/><F30/><W102/><G102/><T2/><D92/><U48/><REACH who="1" step="1"/><E119/><REACH who="1" ten="245,230,288,227" step="2"/><V1/><F1/><AGARI ba="0,1" hai="1,5,10,42,47,48,89,95,96,99,101,104,112,113" machi="1" ten="30,7700,0" yaku="1,1,2,1,7,1,53,1" doraHai="21" doraHaiUra="7" who="1" fromWho="2" sc="245,0,230,87,288,-77,227,0" /><INIT seed="4,0,0,4,2,56" ten="245,317,211,227" oya="0" hai0="74,98,29,77,36,62,12,126,52,65,41,55,133" hai1="23,79,121,125,102,6,112,14,46,9,87,38,117" hai2="72,95,135,124,44,60,32,116,22,103,134,73,80" hai3="5,67,63,27,120,91,127,1,130,107,128,111,108"/><T69/><D74/><U81/><E117/><V104/><F32/><W131/><G107/><T51/><D77/><U64/><E121/><V68/><F95/><W0/><G120/><T99/><D29/><U31/><E125/><V34/><F124/><W10/><G127/><T49/><D126/><U54/><E112/><V24/><F44/><W47/><G0/><T83/><D83/><U20/><E102/><V110/><F110/><W7/><G7/><T122/><D122/><U53/><E64/><N who="2" m="40967" /><F22/><N who="1" m="8233" /><E38/><V84/><F84/><W119/><G119/><T28/><D133/><N who="2" m="50698" /><F80/><W85/><G47/><N who="0" m="23975" /><D28/><U25/><E46/><V4/><F4/><W66/><G27/><T97/><D12/><U94/><E94/><V58/><F116/><W76/><G76/><T109/><D109/><U105/><E105/><V90/><F90/><W26/><G26/><T11/><D11/><U19/><E31/><N who="2" m="19815" /><F58/><N who="3" m="37239" /><G67/><T15/><D15/><N who="1" m="5559" /><E25/><V75/><F75/><W114/><G114/><T16/><D16/><U43/><E43/><V106/><F106/><W93/><AGARI ba="0,0" hai="1,5,10,85,91,93,108,111,128,130,131" m="37239" machi="93" ten="30,2000,0" yaku="19,1,52,1" doraHai="56" who="3" fromWho="3" sc="245,-10,317,-5,211,-5,227,20" /><INIT seed="5,0,0,2,4,40" ten="235,312,206,247" oya="1" hai0="5,107,13,89,124,48,86,79,134,55,75,83,61" hai1="110,35,121,16,32,41,53,80,62,120,31,114,103" hai2="30,57,45,119,78,104,12,4,64,102,132,92,24" hai3="68,44,105,117,77,58,8,91,97,26,43,84,63"/><U17/><E103/><V76/><F104/><W109/><G68/><T70/><D107/><U51/><E114/><V36/><F119/><W131/><G131/><T52/><D124/><U130/><E130/><V21/><F132/><W46/><G105/><T71/><D134/><U72/><E41/><N who="2" m="22695" /><F4/><W135/><G43/><T69/><D61/><U88/><E62/><N who="2" m="37967" /><F12/><W129/><G129/><T42/><D42/><U125/><E125/><V127/><F127/><W56/><G56/><T7/><D13/><U95/><E72/><V33/><F33/><W73/><G73/><T94/><REACH who="0" step="1"/><D55/><REACH who="0" ten="225,312,206,247" step="2"/><U0/><E53/><V128/><F128/><W133/><G133/><T82/><D82/><U15/><E80/><V23/><F21/><W39/><G135/><T106/><D106/><U29/><E15/><V2/><F2/><W81/><G8/><T93/><D93/><U67/><E95/><V112/><F112/><W19/><G39/><T100/><D100/><U126/><E0/><V37/><F37/><W11/><G117/><T115/><D115/><U25/><E126/><V20/><F23/><N who="3" m="13695" /><G11/><T18/><D18/><U111/><E67/><V54/><F54/><N who="3" m="34263" /><G109/><T1/><D1/><U90/><E25/><V101/><F101/><W87/><G97/><AGARI ba="0,1" hai="20,24,30,76,78,92,97,102" m="37967,22695" machi="97" ten="30,2000,0" yaku="25,1,52,1" doraHai="40" who="2" fromWho="3" sc="225,0,312,0,206,30,247,-20" /><INIT seed="6,0,0,1,3,61" ten="225,312,236,227" oya="2" hai0="26,0,45,2,125,134,94,1,5,37,70,66,51" hai1="106,17,55,93,27,118,131,85,15,129,100,99,65" hai2="115,111,40,54,62,68,16,82,95,29,67,78,49" hai3="47,60,21,121,113,112,103,130,117,46,44,73,3"/><V135/><F29/><W10/><G73/><T13/><D37/><U22/><E118/><V52/><F115/><N who="3" m="44107" /><G121/><T59/><D70/><U107/><E65/><V53/><F135/><W75/><G75/><T110/><D110/><U133/><E133/><V31/><F31/><W128/><G117/><T114/><D114/><U56/><E27/><V120/><F120/><W92/><G21/><T90/><D134/><U83/><E131/><N who="3" m="50218" /><G60/><T41/><D125/><U42/><E42/><V7/><F111/><W33/><G33/><T34/><D34/><U69/><E129/><V58/><F7/><N who="3" m="1407" /><G103/><T108/><D26/><U77/><E69/><V124/><F124/><W96/><G96/><T86/><D108/><U105/><E105/><V84/><F16/><W87/><G92/><T23/><D23/><U74/><E74/><V98/><F40/><W39/><G87/><T6/><REACH who="0" step="1"/><D13/><REACH who="0" ten="215,312,236,227" step="2"/><U127/><E127/><V97/><F97/><W18/><G18/><T38/><D38/><AGARI ba="0,1" hai="38,39,44,46,47" m="1407,50218,44107" machi="38" ten="40,5200,0" yaku="15,1,11,1,19,1" doraHai="61" who="3" fromWho="0" sc="215,-52,312,0,236,0,227,62" /><INIT seed="7,0,0,0,3,0" ten="163,312,236,289" oya="3" hai0="98,108,69,25,51,73,97,76,116,134,52,30,88" hai1="15,34,107,4,49,37,70,20,33,96,100,87,130" hai2="63,9,120,78,60,109,35,28,24,61,36,114,32" hai3="119,91,113,94,95,22,84,111,29,11,47,21,5"/><W93/><G119/><T19/><D116/><U106/><E37/><V56/><F36/><W1/><G113/><T103/><D108/><U7/><E70/><V127/><F109/><W65/><G111/><T112/><D69/><U66/><E107/><V85/><F114/><W44/><G65/><T43/><D112/><U46/><E130/><V17/><F35/><W40/><G47/><T99/><D134/><U23/><E66/><V81/><F127/><W58/><G58/><T14/><D43/><U89/><E34/><V54/><F120/><W121/><G121/><T92/><D76/><U39/><E33/><V104/><F104/><W133/><G133/><T59/><D73/><U3/><E3/><V72/><F72/><W126/><G126/><T118/><D118/><U2/><E2/><V75/><F75/><W57/><G57/><T102/><D25/><U45/><E45/><V115/><F115/><W18/><G29/><T125/><D30/><U48/><E39/><V129/><F129/><W64/><G21/><T41/><D41/><U13/><E49/><V38/><F38/><N who="3" m="21527" /><G64/><T55/><D55/><N who="1" m="30103" /><E23/><V101/><F101/><N who="0" m="38410" /><D125/><U77/><E77/><V62/><F62/><W131/><G131/><T122/><D122/><U123/><E123/><V124/><F124/><W105/><G105/><T90/><D90/><U128/><E128/><V79/><F79/><W86/><G91/><T16/><D14/><N who="1" m="5131" /><E20/><V67/><F67/><W12/><G1/><T50/><D50/><U132/><E132/><V8/><F32/><W31/><G31/><T117/><D117/><U26/><E26/><RYUUKYOKU ba="0,0" sc="163,10,312,10,236,-30,289,10" hai0="16,19,51,52,59,88,92,97,98,99" hai1="4,7,87,89,96,100,106" hai3="5,11,12,18,22,84,86,93,94,95" /><INIT seed="7,1,0,3,5,85" ten="173,322,206,299" oya="3" hai0="94,31,41,114,42,86,25,19,132,128,30,124,113" hai1="11,43,115,58,88,21,9,70,78,64,79,83,10" hai2="49,90,54,35,129,119,65,89,23,57,24,102,15" hai3="92,68,38,47,51,91,26,112,22,32,4,20,105"/><W100/><G68/><T101/><D124/><U104/><E70/><V116/><F35/><W69/><G69/><T71/><D71/><U45/><E104/><V111/><F111/><W95/><G38/><T126/><D126/><U77/><E115/><N who="0" m="44041" /><D132/><U8/><E8/><V127/><F127/><W29/><G105/><T133/><D133/><U93/><E21/><V134/><F134/><W98/><G4/><T106/><D106/><U3/><E3/><V1/><F1/><W39/><G39/><T84/><D128/><U13/><E64/><V103/><F129/><W37/><G37/><T96/><D19/><N who="1" m="8623" /><E83/><V125/><F125/><W120/><G120/><T63/><D63/><U80/><E80/><V6/><F65/><W74/><G74/><T62/><D62/><U44/><E58/><V55/><F116/><W130/><G130/><T118/><D118/><U135/><E135/><V66/><F66/><W67/><G67/><T2/><D2/><U34/><E34/><V76/><F119/><W18/><G18/><T131/><D131/><U87/><E44/><V122/><F122/><W36/><G36/><T5/><D5/><U0/><E0/><V121/><F121/><W27/><G27/><T46/><D31/><U99/><E99/><V123/><F123/><W56/><G112/><T7/><D7/><U61/><E61/><V48/><F6/><W33/><G56/><T97/><D97/><U110/><E110/><V12/><F57/><W82/><G32/><N who="0" m="20559" /><D46/><U72/><E72/><V53/><F24/><W109/><G26/><T108/><D108/><U107/><E45/><RYUUKYOKU ba="1,0" sc="173,30,322,-10,206,-10,299,-10" hai0="41,42,84,86,94,96,101" owari="203,-20.0,312,41.0,196,-30.0,289,9.0" /></mjloggm>