<mjloggm ver="2.3"><GO type="169" lobby="0"/><UN n0="%E3%81%9C%E3%82%8D%E3%82%81%E3%81%90" n1="%E3%82%A6%E3%83%AB%E3%83%88%E3%83%A9%E7%AB%8B%E7%9B%B4" n2="%E3%81%82%E3%81%B2%E3%82%8B%E3%81%95%E3%82%93" n3="%E3%81%8A%E7%9F%A5%E3%82%89%E3%81%9B" dan="17,17,16,17" rate="2097.48,2139.30,2080.42,2180.15" sx="F,M,M,M"/><TAIKYOKU oya="0"/><INIT seed="0,0,0,2,1,87" ten="250,250,250,250" oya="0" hai0="36,83,85,101,32,78,90,121,128,52,73,37,59" hai1="117,110,75,98,74,77,21,68,14,97,69,95,5" hai2="26,135,13,2,111,115,54,70,116,58,34,48,123" hai3="22,4,61,86,50,124,46,134,30,82,12,122,91"/><T16/><D121/><U88/><E117/><V119/><F2/><W35/><G122/><T114/><D114/><U63/><E110/><V129/><F123/><W62/><G134/><T99/><D128/><U89/><E77/><V24/><F115/><W57/><G124/><T130/><D130/><U38/><E38/><V41/><F129/><W55/><G35/><T92/><D32/><U104/><E104/><V8/><F70/><W7/><G61/><T80/><REACH who="0" step="1"/><D16/><REACH who="0" ten="240,250,250,250" step="2"/><U15/><E21/><V81/><F34/><W28/><G28/><T45/><D45/><U10/><E15/><V65/><F13/><W93/><G93/><T31/><D31/><U94/><E68/><V1/><F1/><W18/><REACH who="3" step="1"/><G30/><REACH who="3" ten="240,250,250,240" step="2"/><T43/><D43/><AGARI ba="0,2" hai="4,7,12,18,22,43,46,50,55,57,62,82,86,91" machi="43" ten="30,12000,2" yaku="1,1,2,1,7,1,8,1,52,1,53,1" doraHai="87" doraHaiUra="51" who="3" fromWho="0" sc="240,-120,250,0,250,0,240,140" /><INIT seed="1,0,0,2,5,55" ten="120,250,250,380" oya="1" hai0="75,81,56,99,31,59,30,86,33,89,116,5,133" hai1="47,79,62,132,87,80,83,92,63,104,14,22,77" hai2="44,40,39,84,37,54,7,64,28,76,107,121,1" hai3="90,111,8,129,96,18,9,23,2,108,134,25,15"/><U120/><E104/><V27/><F121/><W24/><G96/><T57/><D116/><U19/><E120/><V113/><F107/><W105/><G90/><T65/><D133/><U58/><E132/><V51/><F113/><W20/><G105/><T95/><D75/><U88/><E47/><V85/><F37/><W10/><G134/><T125/><D125/><U69/><E69/><V68/><F76/><N who="1" m="29257" /><E63/><V91/><F68/><W46/><G46/><T21/><D33/><U17/><E17/><V131/><F64/><AGARI ba="0,0" hai="14,19,22,58,62,64,80,83,87,88,92" m="29257" machi="64" ten="30,5800,0" yaku="8,1,52,1,54,1" doraHai="55" who="1" fromWho="2" sc="120,0,250,58,250,-58,380,0" /><INIT seed="1,1,0,3,5,101" ten="120,308,192,380" oya="1" hai0="86,93,132,29,0,126,4,111,35,20,30,57,42" hai1="124,80,79,36,49,43,47,98,14,81,59,117,131" hai2="106,26,94,89,65,60,102,135,108,32,27,31,6" hai3="23,112,11,104,61,103,116,118,62,84,72,10,8"/><U71/><E117/><N who="3" m="45162" /><G72/><T115/><D115/><U85/><E131/><V97/><F108/><W119/><G112/><T15/><D111/><U17/><E124/><V38/><F135/><W90/><N who="3" m="45170" /><W105/><DORA hai="114" /><G23/><T123/><D123/><U83/><E71/><V55/><F38/><W87/><G87/><T76/><D20/><U75/><E75/><V45/><F6/><W134/><G134/><T107/><D132/><U7/><E7/><V130/><F26/><W121/><G121/><T70/><D4/><U9/><E98/><V113/><F130/><W25/><G25/><T12/><D86/><U96/><E96/><V2/><F2/><W66/><G103/><T33/><D0/><U13/><E13/><V50/><F113/><W21/><G21/><T52/><D12/><U40/><E85/><V54/><F89/><W91/><G91/><T44/><D15/><U99/><E99/><V74/><F74/><W125/><G125/><T100/><D126/><U41/><E79/><V109/><F109/><W68/><G62/><T22/><D76/><U133/><E133/><V51/><F94/><AGARI ba="1,0" hai="8,10,11,61,66,68,84,90,94,104,105" m="45170" machi="94" ten="40,12000,2" yaku="12,1,52,6" doraHai="101,114" who="3" fromWho="2" sc="120,0,308,0,192,-123,380,123" /><INIT seed="2,0,0,4,4,75" ten="120,308,69,503" oya="2" hai0="67,17,99,27,59,24,9,89,109,55,101,38,44" hai1="2,56,102,30,6,108,73,113,78,87,74,120,96" hai2="31,115,20,49,127,62,84,19,77,46,54,51,91" hai3="135,10,98,16,95,60,111,122,83,22,103,86,130"/><V132/><F115/><W57/><G122/><T93/><D109/><U80/><E113/><V131/><F131/><W128/><G111/><T112/><D112/><U1/><E108/><V76/><F132/><W125/><G10/><T36/><D67/><U92/><E120/><V15/><F127/><W18/><G125/><T97/><D38/><U28/><E2/><V106/><F106/><W53/><G135/><T3/><D44/><U39/><E39/><V63/><F31/><W61/><G61/><N who="2" m="23049" /><F51/><W70/><G70/><T79/><D36/><U121/><E121/><V25/><F25/><W0/><G0/><T4/><D17/><U124/><E124/><V13/><F13/><W43/><G43/><T71/><D71/><U47/><E30/><V41/><F41/><W21/><G18/><T35/><D35/><U37/><E28/><V32/><F32/><W90/><REACH who="3" step="1"/><G21/><REACH who="3" ten="120,308,69,493" step="2"/><T11/><D11/><U8/><E8/><V14/><F14/><AGARI ba="0,1" hai="14,16,22,53,57,60,83,86,90,95,98,103,128,130" machi="14" ten="40,5200,0" yaku="1,1,2,1,54,1,53,0" doraHai="75" doraHaiUra="33" who="3" fromWho="2" sc="120,0,308,0,69,-52,493,62" /><INIT seed="3,0,0,4,0,50" ten="120,308,17,555" oya="3" hai0="7,83,43,48,125,4,45,61,90,23,41,115,15" hai1="121,131,111,31,76,86,72,3,34,127,44,71,0" hai2="132,56,99,26,33,109,6,89,32,100,104,60,117" hai3="126,19,12,84,94,29,122,37,63,82,88,13,46"/><W55/><G122/><T20/><D125/><U2/><E86/><V134/><F117/><W105/><G105/><T42/><D115/><U40/><E76/><V77/><F109/><W21/><G29/><T91/><D61/><U113/><E44/><V114/><F114/><W93/><G126/><T57/><D57/><U107/><E40/><N who="0" m="15465" /><D83/><U102/><E102/><V70/><F77/><W128/><G128/><T51/><D51/><U130/><E31/><V80/><F6/><N who="0" m="2090" /><D15/><U10/><E10/><V74/><F70/><W98/><G37/><T119/><D119/><U28/><E2/><V95/><F80/><W1/><G1/><T38/><D38/><U106/><E3/><V53/><F74/><W78/><G13/><T62/><D62/><U47/><E47/><V108/><F108/><W9/><G46/><T49/><D49/><U17/><E107/><V123/><F123/><W64/><G64/><T110/><D110/><U11/><E11/><V85/><REACH who="2" step="1"/><F26/><REACH who="2" ten="120,308,7,555" step="2"/><W81/><G78/><T39/><D39/><U103/><E111/><V97/><F97/><W69/><G69/><T8/><D8/><U58/><E71/><V68/><F68/><W92/><G9/><T133/><D133/><AGARI ba="0,1" hai="32,33,53,56,60,85,89,95,99,100,104,132,133,134" machi="133" ten="40,5200,0" yaku="1,1,20,1,52,1,53,0" doraHai="50" doraHaiUra="73" who="2" fromWho="0" sc="120,-52,308,0,7,62,555,0" /><INIT seed="4,0,0,5,0,40" ten="68,308,69,555" oya="0" hai0="84,66,8,46,121,42,73,9,41,129,50,67,27" hai1="30,102,29,130,89,54,126,75,32,15,88,86,3" hai2="47,128,78,65,31,112,5,68,94,69,106,52,16" hai3="17,110,125,33,115,25,131,81,111,57,124,101,105"/><T56/><D73/><U58/><E3/><V119/><F106/><W113/><G81/><T22/><D129/><U48/><E75/><V98/><F112/><N who="3" m="43083" /><G131/><T91/><D121/><U63/><E126/><V104/><F104/><W36/><G36/><T23/><D42/><U103/><E32/><V95/><F128/><W108/><G57/><T18/><D23/><U85/><E30/><V97/><F31/><N who="3" m="19695" /><G17/><T64/><REACH who="0" step="1"/><D56/><REACH who="0" ten="58,308,69,555" step="2"/><U122/><E122/><V35/><F35/><W120/><G120/><T20/><D20/><U37/><E130/><V109/><F69/><W72/><G72/><T79/><D79/><U71/><E71/><V62/><F78/><W107/><G125/><T43/><D43/><U11/><E58/><V6/><F119/><W70/><G124/><T38/><D38/><U74/><E37/><V96/><F109/><W134/><G70/><T14/><D14/><U19/><E15/><V44/><F68/><W135/><G110/><T24/><D24/><U123/><E74/><V82/><F65/><W92/><G108/><T39/><D39/><U80/><E123/><V116/><F116/><W7/><G111/><T4/><D4/><U60/><E19/><V61/><F16/><W21/><G7/><T117/><D117/><U55/><E29/><V127/><F127/><W53/><G21/><T12/><D12/><U45/><E11/><V99/><F5/><W132/><G132/><T2/><D2/><U114/><E114/><V87/><F6/><W83/><G135/><T13/><D13/><U1/><E1/><V77/><N who="2" m="24576" /><DORA hai="133" /><V28/><F28/><RYUUKYOKU ba="0,1" sc="58,30,308,-10,69,-10,555,-10" hai0="8,9,18,22,27,41,46,50,64,66,67,84,91" /><INIT seed="4,1,1,4,3,38" ten="88,298,59,545" oya="0" hai0="51,90,37,28,66,55,126,72,29,35,120,101,52" hai1="89,98,74,1,12,91,103,60,107,58,110,54,42" hai2="22,5,8,80,100,84,48,75,78,77,46,32,135" hai3="68,44,20,127,0,53,56,4,121,33,2,9,102"/><T113/><D120/><U34/><E1/><V95/><F32/><W47/><G33/><T112/><D37/><U105/><E34/><V65/><F135/><W50/><G68/><T97/><D72/><U71/><E105/><V41/><F65/><W18/><G0/><T132/><D132/><U109/><E74/><V24/><F75/><W117/><G117/><T79/><D79/><U57/><E71/><V125/><F125/><W45/><G102/><T116/><D116/><U62/><E12/><N who="2" m="5135" /><F77/><W25/><G121/><T63/><D90/><U96/><E54/><N who="0" m="20521" /><D51/><U49/><E49/><V59/><F59/><W115/><G115/><N who="0" m="44107" /><D126/><U26/><E91/><V15/><F100/><W40/><G127/><T93/><D35/><U27/><E89/><V124/><F124/><W82/><G82/><T19/><D19/><U3/><E103/><V43/><F95/><W133/><G133/><T11/><D11/><U7/><E107/><V6/><F6/><W23/><G23/><T108/><D108/><U36/><E7/><V129/><F22/><W70/><G70/><AGARI ba="1,1" hai="28,29,63,66,70,93,97,101" m="44107,20521" machi="70" ten="30,2900,0" yaku="15,1,54,1" doraHai="38" who="0" fromWho="3" sc="88,42,298,0,59,0,545,-32" /><INIT seed="4,2,0,4,0,4" ten="130,298,59,513" oya="0" hai0="19,80,28,38,13,59,0,62,97,128,45,43,84" hai1="54,61,55,110,60,131,121,36,51,113,118,88,108" hai2="47,87,29,92,124,102,46,98,73,77,39,64,50" hai3="26,94,42,32,93,21,74,135,78,48,125,31,117"/><T132/><D132/><U44/><E88/><V89/><F124/><W68/><G68/><T76/><D128/><U63/><E118/><V104/><F39/><W129/><G117/><T72/><D0/><U14/><E14/><V34/><F64/><W96/><G94/><T49/><D28/><U9/><E9/><V16/><F34/><W17/><G78/><T65/><D97/><U95/><E95/><V119/><F29/><W10/><G74/><T41/><D41/><U71/><E121/><V2/><F2/><W15/><G125/><T112/><D112/><U18/><E18/><V86/><F119/><W22/><G135/><T103/><D103/><U127/><E131/><V100/><F100/><W6/><G129/><T122/><D122/><U56/><E127/><V27/><F87/><W52/><G6/><T7/><D7/><U107/><E107/><V37/><F37/><W134/><G42/><T53/><D72/><U90/><E90/><V5/><F5/><W85/><G85/><T70/><D13/><U33/><E33/><V82/><F50/><W115/><G115/><T101/><D101/><U20/><E20/><AGARI ba="2,0" hai="16,20,27,46,47,73,77,82,86,89,92,98,102,104" machi="20" ten="40,5200,0" yaku="24,2,54,1" doraHai="4" who="2" fromWho="1" sc="130,0,298,-58,59,58,513,0" /><INIT seed="5,0,0,3,5,62" ten="130,240,117,513" oya="1" hai0="5,20,26,39,41,104,123,46,29,60,17,18,33" hai1="30,22,127,3,34,102,74,128,57,53,85,131,4" hai2="25,117,90,48,16,10,67,14,12,82,11,28,109" hai3="72,32,6,114,79,68,49,108,54,110,64,94,100"/><U0/><E74/><V125/><F109/><W24/><G6/><T61/><D123/><U84/><E34/><V1/><F1/><W129/><G94/><T92/><D104/><U80/><E102/><V134/><F117/><W81/><G100/><T50/><D5/><U113/><E84/><V101/><F125/><W58/><G24/><T120/><D120/><U106/><E106/><V52/><F134/><W2/><G2/><T47/><D92/><U111/><E111/><V130/><F130/><N who="1" m="49705" /><E113/><V75/><F101/><W36/><G36/><T65/><D60/><N who="1" m="35887" /><E4/><V40/><F75/><W103/><G32/><T56/><D33/><U8/><E8/><V121/><F121/><W44/><G103/><T21/><D21/><U19/><E30/><V126/><F126/><W96/><G114/><T122/><D122/><U42/><E42/><AGARI ba="0,0" hai="17,18,20,26,29,39,41,42,46,47,50,56,61,65" machi="42" ten="30,2000,0" yaku="7,1,52,1" doraHai="62" who="0" fromWho="1" sc="130,20,240,-20,117,0,513,0" /><INIT seed="6,0,0,0,5,104" ten="150,220,117,513" oya="2" hai0="96,107,106,121,48,93,92,20,78,4,135,59,131" hai1="63,5,37,21,94,114,47,55,128,70,34,64,18" hai2="28,86,43,44,103,112,36,116,26,79,115,113,25" hai3="8,76,72,98,77,73,105,13,35,74,119,11,82"/><V30/><F116/><W12/><G35/><T15/><D121/><U111/><E34/><V62/><F103/><W65/><G65/><T108/><D108/><U42/><E111/><V89/><F62/><W17/><G119/><T68/><D68/><U95/><E114/><V71/><F71/><W123/><G123/><T125/><D125/><U45/><E5/><V97/><F97/><W41/><G41/><T58/><D135/><U39/><E128/><V46/><F46/><W61/><G61/><T120/><D131/><U14/><E55/><V32/><F79/><W124/><G124/><T75/><D93/><U31/><E31/><N who="2" m="11819" /><F32/><W50/><G50/><T129/><D48/><U66/><E66/><V56/><F56/><W1/><G77/><T101/><D78/><U51/><E51/><V0/><F0/><W22/><G1/><T84/><D59/><U9/><E47/><V117/><F117/><W49/><G49/><T54/><D58/><U133/><E39/><V29/><N who="2" m="11827" /><V118/><DORA hai="40" /><F118/><W27/><G98/><T100/><D96/><U102/><E102/><V109/><F109/><W3/><G3/><T99/><D101/><U85/><E45/><V24/><F25/><W88/><G105/><T87/><D106/><U126/><E37/><V33/><F33/><W132/><G27/><T6/><D107/><U57/><E70/><V90/><F90/><W80/><G88/><T53/><D100/><U69/><E57/><V60/><F60/><W23/><G76/><T52/><D99/><U127/><E63/><V7/><F7/><W19/><G74/><RYUUKYOKU ba="0,0" sc="150,-15,220,-15,117,15,513,15" hai2="24,26,36,43,44,86,89,112,113,115" hai3="8,11,12,13,17,19,22,23,72,73,80,82,132" /><INIT seed="6,1,0,5,2,38" ten="135,205,132,528" oya="2" hai0="87,69,2,14,90,23,50,39,72,120,61,11,10" hai1="37,82,93,95,130,15,54,55,51,64,63,107,75" hai2="97,47,13,104,62,31,56,34,53,110,9,24,116" hai3="105,30,43,26,91,103,109,128,66,85,121,40,100"/><V4/><F116/><W19/><G121/><T133/><D39/><U20/><E107/><V49/><F110/><W118/><G105/><T78/><D120/><U106/><E106/><V65/><F104/><W7/><G66/><T92/><D133/><U113/><E37/><V115/><REACH who="2" step="1"/><F97/><REACH who="2" ten="135,205,122,528" step="2"/><W112/><G118/><T89/><D2/><U22/><E130/><V52/><F52/><W8/><G109/><T12/><D72/><U96/><E55/><V83/><F83/><W36/><G128/><T58/><D87/><U17/><E82/><V81/><F81/><W44/><G85/><T129/><D129/><U84/><E75/><V88/><F88/><W33/><G91/><T76/><D90/><U6/><E96/><V21/><F21/><W125/><G103/><T68/><D89/><U86/><E22/><V70/><F70/><W131/><G100/><T123/><D23/><U18/><E20/><V79/><F79/><W45/><G131/><T108/><D108/><U111/><E111/><V132/><F132/><W57/><G33/><T127/><D69/><U80/><E80/><V99/><F99/><W16/><G8/><T124/><D68/><U42/><E54/><V77/><F77/><W46/><G112/><AGARI ba="1,1" hai="4,9,13,24,31,34,47,49,53,56,62,65,112,115" machi="112" ten="40,3900,0" yaku="1,1,53,1" doraHai="38" doraHaiUra="48" who="2" fromWho="3" sc="135,0,205,0,122,52,528,-42" /><INIT seed="6,2,0,4,2,21" ten="135,205,174,486" oya="2" hai0="107,132,33,123,115,117,61,110,0,135,99,56,112" hai1="98,85,88,126,12,50,120,102,69,108,34,77,75" hai2="37,84,55,71,104,96,5,7,133,101,51,1,73" hai3="31,129,47,30,8,111,43,100,26,58,80,16,59"/><V44/><F73/><W79/><G100/><N who="0" m="62879" /><D110/><U14/><E69/><V23/><F71/><W32/><G129/><T6/><D123/><U109/><E34/><V13/><F1/><W28/><G28/><T119/><D33/><U29/><E29/><V15/><F133/><N who="0" m="51274" /><D6/><U93/><E50/><V41/><F84/><W46/><G58/><T87/><D87/><U67/><E67/><V116/><F116/><N who="0" m="44618" /><D0/><U9/><E85/><V38/><F5/><W65/><G8/><T10/><D10/><U106/><E9/><V131/><F7/><W97/><G97/><T121/><D121/><U134/><E98/><V91/><F96/><W27/><G16/><T127/><D127/><U95/><E126/><V3/><F3/><W68/><G68/><T17/><D17/><U122/><E120/><V105/><F105/><W52/><G65/><AGARI ba="2,0" hai="56,61,65,112,115" m="44618,51274,62879" machi="65" ten="30,2000,0" yaku="20,1,12,1" doraHai="21" who="0" fromWho="3" sc="135,26,205,0,174,0,486,-26" /><INIT seed="7,0,0,1,3,123" ten="161,205,174,460" oya="3" hai0="27,89,47,38,21,92,54,111,23,52,60,22,7" hai1="3,1,15,87,16,35,78,59,41,68,76,17,118" hai2="55,124,88,94,74,49,24,129,113,127,91,117,116" hai3="9,134,43,105,53,29,20,103,44,34,32,50,8"/><W11/><G105/><T48/><D38/><U102/><E59/><N who="2" m="33263" /><F74/><W93/><G134/><T12/><D111/><U65/><E17/><V108/><F108/><W70/><G70/><T69/><D69/><U79/><E16/><V39/><F39/><W31/><G32/><T62/><D27/><U110/><E87/><N who="2" m="52511" /><F113/><W71/><G71/><T36/><D36/><U131/><E78/><V56/><F129/><W63/><G34/><T115/><D115/><U120/><E79/><V83/><F24/><N who="3" m="16519" /><G31/><T133/><D133/><U10/><E1/><V2/><F2/><W18/><G18/><T72/><D72/><U4/><E3/><V13/><F13/><W58/><G93/><T45/><D45/><U5/><E35/><V67/><F117/><W61/><G103/><T128/><D128/><U135/><E102/><V114/><F116/><W80/><G80/><T77/><D77/><U119/><E118/><V84/><F114/><W98/><G98/><N who="0" m="57615" /><D54/><U81/><E119/><V100/><F100/><W107/><G107/><T85/><D85/><U132/><E132/><V33/><F33/><W121/><G121/><T73/><D73/><U0/><E135/><V99/><F99/><W42/><G63/><T86/><D86/><U30/><E120/><V46/><F46/><W51/><G51/><T14/><D14/><U90/><E15/><V95/><F83/><W97/><G97/><T66/><D66/><AGARI ba="0,0" hai="8,9,11,42,43,44,50,53,58,61,66" m="16519" machi="66" ten="30,1500,0" yaku="8,1" doraHai="123" who="3" fromWho="0" sc="161,-15,205,0,174,0,460,15" owari="146,-35.0,205,1.0,174,-23.0,475,57.0" /></mjloggm>