<mjloggm ver="2.3"><GO type="97" lobby="0"/><UN n0="%E3%83%88%E3%83%88%E3%83%AA%E5%85%88%E7%94%9F%31%39%E6%AD%B3" n1="%E5%B5%8C%E5%BC%B5%E3%81%AE%E4%B8%8B%E6%9D%91" n2="%EF%BC%88%E6%88%92%E3%82%81%EF%BC%89" n3="%E3%82%AB%E3%83%A1" dan="15,14,13,14" rate="2041.17,1948.87,1821.89,1902.98" sx="F,M,M,M"/><TAIKYOKU oya="0"/><INIT seed="0,0,0,5,3,45" ten="250,250,250,250" oya="0" hai0="95,46,102,118,94,12,73,91,49,83,86,56,53" hai1="39,78,85,19,1,133,108,62,87,52,105,107,131" hai2="21,14,11,129,4,93,72,70,23,80,109,71,98" hai3="64,30,65,77,36,3,90,89,18,74,38,113,99"/><T124/><D118/><U112/><E39/><V34/><F34/><W135/><G3/><T51/><D124/><U29/><E1/><V2/><F129/><W15/><G113/><T122/><D122/><U132/><E131/><V76/><F109/><W0/><G0/><T13/><D73/><U32/><E108/><V100/><REACH who="2" step="1"/><F2/><REACH who="2" ten="250,250,240,250" step="2"/><W125/><G125/><T82/><D102/><U84/><E32/><V22/><AGARI ba="0,1" hai="4,11,14,21,22,23,70,71,72,76,80,93,98,100" machi="22" ten="30,4000,0" yaku="1,1,2,1,0,1,53,0" doraHai="45" doraHaiUra="128" who="2" fromWho="2" sc="250,-20,250,-10,240,50,250,-10" /><INIT seed="1,0,0,4,3,85" ten="230,240,290,240" oya="1" hai0="21,65,10,60,106,13,118,133,117,43,116,39,111" hai1="47,4,57,103,126,88,94,91,59,56,25,124,129" hai2="100,131,33,120,84,74,102,36,19,35,11,2,123" hai3="3,54,7,70,86,76,9,66,49,110,64,112,53"/><U121/><E121/><V18/><F36/><W68/><G112/><T132/><D106/><U42/><E129/><V104/><F74/><W12/><G110/><T28/><D111/><U46/><E4/><V113/><F113/><W89/><G76/><T17/><D43/><U51/><E25/><V5/><F131/><W122/><G122/><T90/><D39/><N who="1" m="21855" /><E103/><V48/><F123/><W24/><G54/><T30/><D90/><U79/><E94/><V75/><F120/><W80/><G3/><T83/><D83/><U134/><E79/><V40/><F75/><W77/><G77/><T87/><D87/><U32/><E32/><V26/><F102/><W81/><G81/><T61/><D61/><U101/><E101/><V20/><F18/><W15/><G15/><N who="0" m="9407" /><D60/><U128/><E128/><V130/><F130/><W14/><G14/><T98/><D98/><U105/><E105/><V45/><REACH who="2" step="1"/><F84/><REACH who="2" ten="230,240,280,240" step="2"/><W127/><G127/><N who="1" m="48682" /><E134/><N who="0" m="51817" /><D65/><U92/><E92/><V78/><F78/><W37/><G37/><T38/><D38/><U108/><E108/><V6/><F6/><AGARI ba="0,1" hai="6,10,13,28,30,116,117,118" m="51817,9407" machi="6" ten="40,5200,0" yaku="20,1,34,2" doraHai="85" who="0" fromWho="2" sc="230,62,240,0,280,-52,240,0" /><INIT seed="2,0,0,4,2,50" ten="292,240,228,240" oya="2" hai0="52,58,96,43,93,89,24,107,134,79,120,10,59" hai1="16,91,48,3,86,56,132,40,128,39,90,63,80" hai2="41,103,97,8,5,123,70,42,31,82,76,98,126" hai3="72,87,18,60,101,109,65,57,88,111,118,105,83"/><V14/><F123/><W74/><G118/><T84/><D120/><U21/><E3/><V75/><F70/><W55/><G18/><T49/><D134/><U34/><E39/><V92/><F126/><W121/><G121/><T53/><D107/><U62/><E34/><V51/><F31/><W68/><G101/><N who="0" m="60559" /><D43/><U29/><E29/><V28/><F28/><W25/><G25/><T114/><D114/><U20/><E20/><V26/><F26/><W122/><G105/><T33/><D33/><U117/><E117/><V30/><F30/><W12/><G12/><T32/><D32/><U85/><E132/><V47/><F42/><W110/><REACH who="3" step="1"/><G122/><REACH who="3" ten="292,240,228,230" step="2"/><T1/><D24/><U135/><E135/><V78/><F98/><W71/><G71/><T95/><D1/><U127/><E127/><V73/><F78/><W45/><G45/><T94/><D10/><U64/><E56/><V44/><F44/><W115/><G115/><T112/><D112/><U37/><E128/><V7/><REACH who="2" step="1"/><F7/><REACH who="2" ten="292,240,218,230" step="2"/><W131/><G131/><T66/><D79/><U108/><E37/><V69/><F69/><W22/><G22/><T77/><D77/><U27/><E21/><V100/><F100/><W19/><G19/><T6/><D6/><U36/><E16/><V116/><F116/><W15/><G15/><T4/><D4/><U46/><E36/><V54/><F54/><W130/><G130/><T133/><D133/><U81/><E46/><V113/><F113/><W0/><G0/><T61/><D53/><U35/><E27/><V23/><F23/><W119/><G119/><T102/><D102/><RYUUKYOKU ba="0,2" sc="292,10,240,-30,218,10,230,10" hai0="49,52,58,59,61,66,84,89,94,95" hai2="5,8,14,41,47,51,73,75,76,82,92,97,103" hai3="55,57,60,65,68,72,74,83,87,88,109,110,111" /><INIT seed="2,1,2,1,3,97" ten="302,210,228,240" oya="2" hai0="110,82,70,19,58,61,38,105,112,65,37,1,126" hai1="45,28,120,3,96,76,78,124,115,95,80,116,31" hai2="8,26,130,56,36,43,18,25,66,119,84,50,15" hai3="93,121,94,10,133,35,127,21,2,117,68,23,46"/><V123/><F119/><W57/><G117/><T89/><D112/><U33/><E116/><V77/><F123/><W108/><G121/><T114/><D114/><U7/><E115/><V41/><F36/><W72/><G68/><T9/><D105/><U75/><E120/><V135/><F135/><W44/><G72/><T0/><D110/><U59/><E124/><V99/><F130/><W134/><G35/><T20/><D126/><U62/><E78/><V107/><F107/><W69/><G69/><T125/><D125/><U52/><E33/><V109/><F109/><W131/><G127/><T64/><D64/><U128/><E128/><V132/><F132/><N who="3" m="50795" /><G131/><T129/><D70/><U54/><E3/><V22/><F99/><W122/><G122/><T39/><D9/><U4/><E4/><N who="2" m="3463" /><F84/><W90/><G108/><T71/><D71/><U13/><E13/><N who="2" m="9551" /><F77/><W60/><G10/><T48/><D129/><U34/><E34/><V101/><F101/><W81/><G81/><T106/><D82/><U30/><E7/><V79/><F79/><W86/><G93/><T12/><D106/><U17/><E17/><V83/><F83/><W49/><G2/><T91/><D0/><U74/><E74/><V98/><F98/><W102/><G102/><T55/><D1/><U87/><E75/><V85/><F85/><W100/><G100/><T14/><D91/><N who="1" m="55423" /><E31/><V40/><F66/><N who="3" m="39183" /><G44/><N who="0" m="28039" /><D89/><U103/><E103/><V63/><F50/><AGARI ba="1,2" hai="28,30,45,50,52,54,59,62,76,80,87" m="55423" machi="50" ten="30,2000,0" yaku="8,1,54,1" doraHai="97" who="1" fromWho="2" sc="302,0,210,43,228,-23,240,0" /><INIT seed="3,0,0,0,1,6" ten="302,253,205,240" oya="3" hai0="28,33,120,122,133,41,53,81,65,31,20,87,117" hai1="64,23,74,44,29,22,103,127,73,27,115,108,125" hai2="45,46,35,75,13,56,19,61,21,92,66,12,42" hai3="106,72,100,25,0,119,24,15,93,26,34,55,67"/><W32/><G72/><T128/><D117/><U80/><E115/><V48/><F75/><W18/><G119/><T50/><D33/><U69/><E108/><V76/><F35/><W132/><G106/><T7/><D128/><U131/><E131/><V59/><F76/><W102/><G0/><T68/><D41/><U3/><E3/><V47/><F92/><W91/><G32/><T90/><D133/><U123/><E123/><V124/><F124/><N who="1" m="47689" /><E103/><V84/><F84/><W130/><G34/><T95/><D7/><U10/><E10/><V114/><F114/><W37/><G37/><T70/><D31/><U101/><E101/><V11/><REACH who="2" step="1"/><F56/><REACH who="2" ten="302,253,195,240" step="2"/><W129/><G132/><T126/><D95/><U118/><E74/><V83/><F83/><W36/><G129/><T5/><D81/><U9/><E80/><V30/><F30/><W121/><G130/><T39/><D28/><U4/><E29/><V63/><F63/><W134/><G134/><T60/><D60/><U71/><E73/><V85/><F85/><W111/><G111/><T79/><D87/><U116/><E69/><V57/><F57/><W58/><G121/><T51/><D79/><U17/><E71/><V52/><F52/><W88/><G36/><T49/><D70/><U14/><E118/><V40/><F40/><W94/><G67/><T2/><D65/><U112/><E64/><V109/><F109/><W97/><G93/><T89/><D126/><U43/><E116/><V135/><F135/><W113/><G102/><T110/><D122/><U107/><E112/><V38/><F38/><W16/><G113/><RYUUKYOKU ba="0,1" sc="302,-10,253,-10,195,30,240,-10" hai2="11,12,13,19,21,42,45,46,47,48,59,61,66" /><INIT seed="4,1,1,4,0,38" ten="292,243,225,230" oya="0" hai0="102,94,19,78,17,2,36,126,100,54,66,72,4" hai1="40,5,81,48,68,67,35,45,57,115,89,83,51" hai2="99,43,122,37,49,113,124,127,90,82,87,12,42" hai3="23,79,88,73,121,97,64,47,14,34,109,3,130"/><T69/><D36/><U30/><E115/><V44/><F122/><W85/><G3/><T128/><D54/><U101/><E101/><N who="0" m="39017" /><D94/><U132/><E132/><V114/><F37/><W108/><G34/><T107/><D107/><U50/><E5/><V1/><F1/><W33/><G33/><T55/><D55/><U86/><E68/><V26/><F26/><W27/><G121/><T41/><D41/><U46/><E35/><V6/><F99/><W117/><G117/><T20/><D19/><U31/><E46/><V25/><F25/><W110/><G64/><T0/><D78/><U112/><E112/><N who="2" m="43115" /><F42/><W91/><G47/><T53/><D72/><U135/><E83/><V15/><F15/><W71/><G71/><T133/><D133/><U76/><E135/><V63/><F63/><W61/><G61/><N who="0" m="40143" /><D53/><N who="1" m="31935" /><E67/><V60/><F60/><W104/><G14/><T11/><D0/><U10/><E50/><V111/><F111/><W28/><G73/><T70/><D70/><U58/><E76/><V22/><F22/><W9/><G9/><AGARI ba="1,1" hai="6,9,12,43,44,49,82,87,90,124,127" m="43115" machi="9" ten="30,2000,0" yaku="15,1,52,1" doraHai="38" who="2" fromWho="3" sc="292,0,243,0,225,33,230,-23" /><INIT seed="5,0,0,3,5,90" ten="292,243,258,207" oya="1" hai0="83,8,112,111,12,20,56,51,103,114,1,9,38" hai1="86,16,6,33,73,45,99,36,13,41,71,122,52" hai2="57,32,75,135,18,25,7,24,77,21,30,131,125" hai3="59,107,23,115,84,102,119,98,74,104,43,3,108"/><U26/><E73/><V133/><F125/><W39/><G108/><T130/><D111/><U134/><E71/><V129/><F77/><W87/><G74/><T0/><D38/><U27/><E122/><V64/><F75/><W76/><G3/><T95/><D130/><N who="2" m="49674" /><F64/><W124/><G124/><T60/><D51/><U46/><E134/><N who="2" m="51211" /><F57/><W53/><G115/><N who="0" m="44075" /><D20/><U96/><E6/><AGARI ba="0,0" hai="6,7,18,21,24,25,30,32" m="51211,49674" machi="6" ten="30,7700,0" yaku="19,1,20,1,34,2" doraHai="90" who="2" fromWho="1" sc="292,0,243,-77,258,77,207,0" owari="292,9.0,166,-33.0,335,43.0,207,-19.0" /></mjloggm>