<mjloggm ver="2.3"><GO type="169" lobby="0"/><UN n0="%E7%A5%9E%E7%AE%97%E9%AC%BC%E8%AC%80%E3%81%AE%E6%A5%B5%E3%81%BF" n1="%E3%82%A6%E3%83%AB%E3%83%88%E3%83%A9%E7%AB%8B%E7%9B%B4" n2="%72%79%6F%E2%80%A6%31%35" n3="%E3%81%A1%E3%82%83%E3%81%9D%E2%98%86" dan="16,17,17,17" rate="2048.83,2115.54,2158.98,2124.05" sx="F,M,M,M"/><TAIKYOKU oya="0"/><INIT seed="0,0,0,0,5,66" ten="250,250,250,250" oya="0" hai0="20,125,77,13,28,44,37,73,83,89,53,97,128" hai1="85,21,34,122,93,16,8,12,100,76,84,41,15" hai2="31,52,11,40,5,51,68,94,47,135,24,58,115" hai3="63,62,67,6,112,102,48,71,116,0,18,103,95"/><T91/><D128/><U26/><E122/><V124/><F115/><W33/><G116/><T9/><D125/><U45/><E34/><V23/><F124/><W10/><G112/><T92/><D20/><U39/><E76/><V1/><F135/><W132/><G132/><T27/><D27/><U90/><E100/><V69/><REACH who="2" step="1"/><F94/><REACH who="2" ten="250,250,240,250" step="2"/><W88/><G95/><T126/><D126/><U75/><E75/><V54/><F54/><W65/><G65/><T110/><D53/><U121/><E121/><V74/><F74/><W101/><G67/><T22/><D110/><U79/><E79/><V30/><F30/><W119/><G119/><T108/><D108/><U99/><REACH who="1" step="1"/><E15/><REACH who="1" ten="250,240,240,250" step="2"/><V120/><F120/><W14/><G14/><T107/><D77/><U29/><AGARI ba="0,2" hai="8,12,16,21,26,29,39,41,45,84,85,90,93,99" machi="29" ten="20,8000,1" yaku="1,1,2,1,0,1,7,1,54,1,53,0" doraHai="66" doraHaiUra="113" who="1" fromWho="1" sc="250,-40,240,100,240,-20,250,-20" /><INIT seed="1,0,0,5,0,67" ten="210,340,220,230" oya="1" hai0="40,108,107,61,37,36,125,79,70,39,122,96,31" hai1="3,33,93,2,57,38,12,45,97,23,117,4,83" hai2="98,110,84,51,126,102,111,106,76,91,94,81,10" hai3="49,109,99,112,34,41,115,65,78,129,29,132,133"/><U87/><E33/><V11/><F51/><W100/><G109/><N who="2" m="41481" /><F11/><W75/><G129/><T24/><D108/><U47/><E117/><V121/><F10/><W28/><G65/><N who="0" m="41263" /><D79/><U114/><E114/><V0/><F0/><W8/><G8/><T43/><D125/><U18/><E4/><V77/><F121/><W118/><G49/><T69/><D69/><U89/><E57/><V60/><F60/><W68/><G118/><T130/><D130/><U14/><E14/><V63/><F63/><W64/><G41/><T124/><D124/><U66/><E66/><V120/><F120/><W46/><G46/><N who="0" m="23815" /><D43/><U95/><E38/><V48/><F48/><W54/><G68/><T86/><D86/><U113/><E113/><V131/><F131/><W92/><G64/><T16/><D16/><U56/><E56/><V105/><F126/><W80/><G115/><T15/><D15/><U90/><REACH who="1" step="1"/><E95/><REACH who="1" ten="210,330,220,230" step="2"/><V6/><F6/><W82/><G112/><T101/><D122/><U103/><E103/><V32/><F32/><AGARI ba="0,1" hai="24,31,32,37,39,96,101,107" m="23815,41263" machi="32" ten="30,7700,0" yaku="25,1,33,2,52,1" doraHai="67" who="0" fromWho="2" sc="210,87,330,0,220,-77,230,0" /><INIT seed="2,0,0,0,2,68" ten="297,330,143,230" oya="2" hai0="65,118,109,106,35,111,126,23,15,135,86,17,134" hai1="102,2,20,121,62,24,1,48,132,30,44,31,51" hai2="128,28,52,70,61,54,4,91,85,108,89,58,76" hai3="41,10,94,115,64,38,37,34,3,12,98,40,83"/><V100/><F70/><W88/><G34/><T32/><D106/><U27/><E132/><N who="0" m="50729" /><D65/><U130/><E130/><V69/><F128/><W116/><G116/><T129/><D86/><U114/><E114/><V6/><F69/><W101/><G115/><T127/><D129/><U25/><E25/><V57/><F108/><N who="0" m="41546" /><D118/><U7/><E7/><N who="2" m="2603" /><F100/><W60/><G3/><T50/><D50/><U97/><E1/><V92/><F28/><W73/><G41/><T95/><D95/><U119/><E2/><V18/><F18/><W56/><G40/><T112/><D112/><U39/><E31/><V125/><F125/><AGARI ba="0,0" hai="15,17,23,32,35,125,126,127" m="41546,50729" machi="125" ten="40,8000,1" yaku="18,1,20,1,14,1,34,2" doraHai="68" who="0" fromWho="2" sc="297,80,330,0,143,-80,230,0" /><INIT seed="3,0,0,2,2,54" ten="377,330,63,230" oya="3" hai0="9,61,119,110,80,91,31,122,128,15,120,26,21" hai1="25,4,99,105,112,1,113,47,90,46,125,35,131" hai2="37,2,102,32,23,59,106,107,22,129,10,57,13" hai3="96,50,75,67,34,60,104,3,7,62,73,121,40"/><W79/><G121/><T71/><D110/><U126/><E131/><V103/><F37/><W114/><G114/><T70/><D119/><U108/><E108/><V94/><F32/><W134/><G134/><T8/><D128/><U74/><E74/><V98/><F2/><W29/><G50/><T64/><D8/><U17/><E4/><V83/><F129/><W45/><G79/><T117/><D70/><U51/><E1/><V135/><F135/><W101/><G45/><T30/><D30/><N who="1" m="19919" /><E17/><V133/><F133/><W0/><G60/><T68/><D71/><U33/><E33/><V53/><F83/><W5/><G40/><T127/><D117/><U93/><E105/><V19/><F94/><W55/><G55/><T77/><D91/><U85/><E85/><V100/><F59/><W58/><G7/><T49/><D49/><U87/><E87/><V69/><F69/><W78/><G5/><T86/><D127/><N who="1" m="48651" /><E47/><V63/><REACH who="2" step="1"/><F103/><REACH who="2" ten="377,330,53,230" step="2"/><W43/><G0/><T132/><D132/><U130/><E130/><V39/><F39/><W6/><G3/><T111/><D111/><U92/><E92/><V72/><F72/><W123/><G75/><T27/><D122/><U56/><E56/><V118/><F118/><W28/><G123/><T81/><D80/><U38/><E38/><V41/><F41/><AGARI ba="0,1" hai="41,46,51,90,93,99,112,113" m="48651,19919" machi="41" ten="30,1000,0" yaku="18,1" doraHai="54" who="1" fromWho="2" sc="377,0,330,20,53,-10,230,0" /><INIT seed="4,0,0,2,5,105" ten="377,350,43,230" oya="0" hai0="34,33,128,126,111,110,98,124,44,134,35,113,51" hai1="115,42,59,2,14,18,120,64,125,62,56,117,76" hai2="118,92,48,17,10,90,13,58,55,100,50,95,63" hai3="57,52,119,114,72,129,39,73,77,31,80,67,103"/><T41/><D113/><U15/><E2/><V93/><F118/><W79/><G119/><T106/><D134/><U30/><E117/><V133/><F133/><W84/><G114/><T7/><D7/><U75/><E120/><V81/><REACH who="2" step="1"/><F100/><REACH who="2" ten="377,350,33,230" step="2"/><W6/><G103/><N who="0" m="62839" /><D128/><U132/><E115/><V71/><F71/><W45/><G129/><T16/><D16/><U83/><E18/><V104/><F104/><W46/><G6/><T101/><D101/><U4/><E4/><V5/><F5/><W12/><G31/><T43/><D43/><U37/><E30/><V123/><F123/><W1/><G1/><T54/><D41/><U66/><E132/><V109/><F109/><AGARI ba="0,1" hai="33,34,35,44,51,54,109,110,111,124,126" m="62839" machi="109" ten="40,2000,0" yaku="10,1" doraHai="105" who="0" fromWho="2" sc="377,30,350,0,33,-20,230,0" /><INIT seed="4,1,0,3,4,85" ten="407,350,13,230" oya="0" hai0="133,97,39,30,15,45,40,135,98,51,22,81,109" hai1="102,43,92,28,104,12,121,4,70,82,76,72,111" hai2="128,84,68,55,127,107,34,100,48,6,13,11,44" hai3="101,60,66,79,37,126,7,69,47,10,24,91,134"/><T88/><D109/><U87/><E70/><V83/><F34/><W115/><G115/><T38/><D97/><N who="1" m="61519" /><E43/><V130/><F127/><W106/><G134/><N who="0" m="51211" /><D15/><U9/><E28/><V41/><F68/><W54/><G79/><T116/><D116/><U27/><E27/><V75/><F75/><W35/><G126/><T50/><D51/><U113/><E121/><V86/><F86/><W80/><G24/><N who="0" m="16663" /><D81/><U74/><E111/><V59/><F100/><W108/><G101/><T1/><D1/><U93/><E12/><V99/><F99/><W94/><G108/><T114/><D114/><U52/><E9/><V105/><F130/><W63/><G10/><T131/><D131/><U96/><E4/><V122/><F122/><W56/><G7/><T65/><D65/><U57/><E52/><V64/><F64/><W33/><G80/><T123/><D123/><U90/><E113/><V8/><F8/><W71/><G66/><T62/><D62/><U125/><E125/><V49/><REACH who="2" step="1"/><F128/><REACH who="2" ten="407,350,3,230" step="2"/><W36/><G69/><T118/><D118/><U89/><E57/><V2/><F2/><W73/><G73/><AGARI ba="1,1" hai="72,73,74,76,82,87,89,90,92,93,96" m="61519" machi="73" ten="30,16000,3" yaku="24,1,35,5,52,2" doraHai="85" who="1" fromWho="3" sc="407,0,350,173,3,0,230,-163" /><INIT seed="5,0,0,2,0,105" ten="407,523,3,67" oya="1" hai0="118,135,51,107,26,129,6,96,53,54,57,72,30" hai1="122,17,75,98,133,99,71,80,43,40,1,97,134" hai2="81,48,119,108,79,66,33,121,46,73,132,38,4" hai3="124,20,126,91,5,84,42,77,63,101,89,87,39"/><U18/><E1/><V76/><F33/><W123/><G123/><T13/><D118/><U29/><E71/><V60/><F108/><W10/><G101/><T56/><D135/><N who="1" m="51723" /><E29/><V37/><F119/><W125/><G20/><T104/><D129/><U28/><E28/><V115/><F132/><W67/><G42/><N who="1" m="15914" /><E122/><V0/><F121/><W65/><G39/><T16/><D6/><U95/><E95/><V117/><F117/><W131/><G131/><T70/><D70/><U64/><E64/><V21/><F79/><AGARI ba="0,0" hai="17,18,75,79,80,97,98,99" m="15914,51723" machi="79" ten="40,3900,0" yaku="20,1,52,1" doraHai="105" who="1" fromWho="2" sc="407,0,523,39,3,-39,67,0" owari="407,21.0,562,66.0,-36,-54.0,67,-33.0" /></mjloggm>