<mjloggm ver="2.3"><GO type="97" lobby="0"/><UN n0="%6B%6F%2D%73%68%69%72%6F" n1="%E3%82%B8%E3%82%A7%E3%83%AA%E3%82%B3%E3%81%AE%E5%A3%81" n2="%E5%B0%B1%E6%B4%BB%E7%94%9F%40%E5%B7%9D%E6%9D%91%E8%BB%8D%E5%9B%A3" n3="%31%33%36%30" dan="13,13,15,15" rate="1932.10,1866.39,2054.40,2031.15" sx="M,M,M,M"/><TAIKYOKU oya="0"/><INIT seed="0,0,0,1,4,14" ten="250,250,250,250" oya="0" hai0="97,62,131,112,135,47,6,37,92,54,104,44,23" hai1="35,18,71,40,60,134,63,120,89,32,118,88,9" hai2="80,107,26,122,68,132,13,103,30,10,45,43,123" hai3="81,119,79,58,57,70,83,22,46,7,25,128,84"/><T17/><D112/><U5/><E118/><V91/><F68/><W76/><G70/><T49/><D135/><U121/><E40/><V129/><F129/><W98/><G128/><T66/><D131/><U56/><E71/><V82/><F132/><W86/><G119/><T94/><D104/><U67/><E134/><V29/><F107/><W111/><G111/><T124/><D124/><U75/><E75/><V87/><F103/><W24/><G7/><T33/><D33/><U114/><E114/><V108/><F108/><W109/><G109/><T101/><D6/><U21/><E63/><V55/><F80/><W110/><G110/><T113/><D113/><U133/><E133/><V20/><F30/><W31/><G98/><T116/><D116/><U90/><E35/><V99/><F99/><W77/><G77/><T69/><D94/><U38/><E32/><V27/><F27/><W2/><G46/><T42/><REACH who="0" step="1"/><D23/><REACH who="0" ten="240,250,250,250" step="2"/><U117/><E117/><V52/><F123/><W73/><G2/><T93/><D93/><U106/><E106/><V59/><F122/><W1/><G1/><T48/><D48/><U15/><REACH who="1" step="1"/><E38/><REACH who="1" ten="240,240,250,250" step="2"/><V64/><F20/><N who="3" m="15751" /><G73/><T41/><D41/><U78/><E78/><V53/><F43/><W127/><G127/><T74/><D74/><U3/><AGARI ba="0,2" hai="3,5,9,15,18,21,56,60,67,88,89,90,120,121" machi="3" ten="30,7900,0" yaku="1,1,0,1,52,1,54,1,53,0" doraHai="14" doraHaiUra="105" who="1" fromWho="1" sc="240,-39,240,99,250,-20,250,-20" /><INIT seed="1,0,0,2,0,69" ten="201,339,230,230" oya="1" hai0="19,38,16,131,115,73,130,113,124,1,135,79,132" hai1="81,66,85,47,33,45,40,31,89,93,64,91,103" hai2="92,58,99,32,67,28,60,0,35,82,88,2,125" hai3="119,121,95,3,116,118,105,18,74,53,106,12,75"/><U86/><E103/><V102/><F125/><W117/><G121/><T7/><D79/><U15/><E33/><V114/><F114/><N who="0" m="43530" /><D73/><N who="3" m="27657" /><G3/><T98/><D98/><U120/><E120/><V65/><F65/><W26/><G26/><T23/><D38/><U134/><E31/><V37/><F37/><W59/><N who="3" m="29696" /><DORA hai="39" /><W9/><G95/><T4/><D124/><U10/><E134/><N who="0" m="51241" /><D1/><U48/><REACH who="1" step="1"/><E47/><REACH who="1" ten="201,329,230,230" step="2"/><V71/><F35/><W52/><G53/><T76/><D76/><U101/><E101/><V80/><F28/><W20/><G20/><T50/><D50/><AGARI ba="0,1" hai="9,12,18,50,52,59,105,106" m="29696,27657" machi="50" ten="60,3900,0" yaku="12,1,54,1" doraHai="69,39" who="3" fromWho="0" sc="201,-39,329,0,230,0,230,49" /><INIT seed="2,0,0,1,2,8" ten="162,329,230,279" oya="2" hai0="24,33,46,96,6,98,104,83,12,114,35,63,109" hai1="66,15,97,43,134,112,60,36,122,90,127,67,58" hai2="54,73,38,113,94,107,41,64,1,124,72,100,39" hai3="84,74,25,103,26,118,51,123,110,62,44,16,37"/><V48/><F1/><W21/><G74/><T105/><D114/><U106/><E112/><V75/><F113/><W42/><G123/><T23/><D109/><U61/><E122/><V91/><F124/><W128/><G118/><T131/><D131/><U108/><E127/><V76/><F64/><W80/><G128/><T77/><D63/><U130/><E108/><V120/><F120/><W59/><G110/><T81/><D46/><U32/><E32/><V115/><F115/><W88/><G37/><T65/><D65/><U132/><E130/><V49/><F76/><W52/><G103/><T47/><D47/><U14/><E43/><V86/><F41/><W79/><G79/><T10/><D77/><U125/><E36/><V29/><F29/><W87/><G84/><T17/><D35/><U102/><E90/><V45/><REACH who="2" step="1"/><F48/><REACH who="2" ten="162,329,220,279" step="2"/><W70/><G70/><T30/><D105/><U93/><E106/><V129/><F129/><W68/><G68/><T2/><REACH who="0" step="1"/><D104/><REACH who="0" ten="152,329,220,279" step="2"/><U57/><E125/><V3/><F3/><W27/><AGARI ba="0,2" hai="16,21,25,26,27,42,44,51,52,59,62,80,87,88" machi="27" ten="20,12000,2" yaku="0,1,7,1,8,1,54,3" doraHai="8" who="3" fromWho="3" sc="152,-30,329,-30,220,-60,279,140" /><INIT seed="3,0,0,1,5,40" ten="122,299,160,419" oya="3" hai0="76,125,30,49,77,65,15,26,126,82,51,109,44" hai1="133,96,31,119,89,92,25,6,135,55,122,131,104" hai2="48,127,54,37,103,17,9,106,94,52,105,88,33" hai3="57,27,64,87,129,13,39,43,74,3,47,1,4"/><W71/><G74/><T59/><D15/><U35/><E122/><V108/><F37/><W101/><G129/><T53/><D109/><U50/><E131/><V72/><F33/><W102/><G87/><T68/><D77/><U111/><E104/><V70/><F72/><W11/><G27/><T61/><D82/><U134/><E111/><V23/><F70/><W115/><G115/><T97/><D76/><U116/><REACH who="1" step="1"/><E6/><REACH who="1" ten="122,289,160,419" step="2"/><V10/><F108/><W99/><G3/><T0/><D97/><U20/><E20/><V66/><F106/><W73/><G1/><T83/><D0/><U2/><E2/><V84/><F105/><W81/><G4/><T123/><D123/><U42/><E42/><V67/><F23/><W130/><G43/><N who="0" m="24735" /><D83/><U79/><E79/><V16/><F127/><N who="0" m="48650" /><D26/><U93/><E93/><V19/><F103/><W29/><G102/><T78/><D78/><U121/><E121/><V38/><F38/><W63/><G81/><T114/><D30/><U117/><E117/><V75/><F75/><W14/><G39/><T21/><D21/><U91/><E91/><V69/><F9/><W110/><G11/><T58/><D114/><U100/><E100/><V120/><F10/><W45/><G101/><T28/><D28/><U86/><E86/><V12/><F120/><W56/><G73/><T113/><D113/><U62/><E62/><V80/><F84/><W95/><G63/><T18/><D18/><U118/><E118/><V7/><F94/><W85/><G110/><T132/><D132/><U22/><E22/><V34/><F19/><W60/><G60/><RYUUKYOKU ba="0,1" sc="122,15,289,15,160,-15,419,-15" hai0="51,53,58,59,61,65,68" hai1="25,31,35,50,55,89,92,96,116,119,133,134,135" owari="137,-36.0,304,10.0,145,-25.0,414,51.0" /></mjloggm>