<mjloggm ver="2.3"><GO type="41" lobby="0"/><UN n0="%6B%6F%79%61%6E%6F%69" n1="%4D%49%4E%4B" n2="%40%72%61%6E%70%61%72%74" n3="%E5%B0%B1%E6%B4%BB%E7%94%9F%40%E5%B7%9D%E6%9D%91%E8%BB%8D%E5%9B%A3" dan="14,13,13,14" rate="1896.85,1946.26,1876.08,1961.03" sx="M,M,M,M"/><TAIKYOKU oya="0"/><INIT seed="0,0,0,5,0,15" ten="250,250,250,250" oya="0" hai0="72,44,101,65,132,88,123,129,131,117,48,90,56" hai1="55,115,110,46,81,53,83,39,87,107,34,127,8" hai2="27,59,19,7,134,114,79,109,74,51,118,96,60" hai3="4,54,98,67,71,130,30,22,13,105,62,68,17"/><T66/><D123/><U111/><E107/><V49/><F114/><W29/><G130/><N who="0" m="49675" /><D117/><U9/><E34/><V86/><F118/><W33/><G33/><T80/><D132/><U35/><E35/><V23/><F109/><W32/><G32/><T116/><D116/><U41/><E115/><V122/><F122/><W95/><G105/><T102/><D72/><U42/><E127/><V3/><F134/><W73/><G73/><T21/><D80/><U97/><E97/><V92/><F74/><W0/><G71/><T125/><D125/><U75/><E75/><V82/><F3/><W119/><G119/><T45/><D21/><U16/><E87/><V100/><REACH who="2" step="1"/><F7/><REACH who="2" ten="250,250,240,250" step="2"/><W61/><G4/><T135/><D135/><U89/><E111/><V14/><F14/><W99/><G0/><T76/><D76/><U120/><E120/><V126/><F126/><W5/><G5/><T25/><D25/><U103/><E110/><V58/><F58/><W52/><G98/><T124/><D124/><U10/><E46/><N who="0" m="18025" /><D48/><U94/><E39/><V104/><F104/><W31/><REACH who="3" step="1"/><G61/><REACH who="3" ten="250,250,240,240" step="2"/><N who="0" m="38055" /><D66/><AGARI ba="0,2" hai="19,23,27,49,51,59,60,66,79,82,86,92,96,100" machi="66" ten="30,7700,0" yaku="1,1,7,1,8,1,52,1,53,0" doraHai="15" doraHaiUra="50" who="2" fromWho="0" sc="250,-77,250,0,240,97,240,0" /><INIT seed="1,0,0,5,1,53" ten="173,250,337,240" oya="1" hai0="3,97,135,111,127,85,45,32,50,52,16,61,82" hai1="69,99,2,36,83,102,23,107,113,134,133,62,34" hai2="35,27,66,79,112,43,15,20,47,131,8,17,49" hai3="104,31,122,93,78,87,68,58,48,33,132,21,64"/><U119/><E119/><V44/><F35/><W6/><G104/><T22/><D111/><U74/><E113/><V98/><F112/><W13/><G122/><T130/><D127/><U70/><E2/><V96/><F131/><W106/><G106/><T120/><D130/><U38/><E23/><V95/><F66/><W1/><G1/><T60/><D120/><U51/><E51/><V14/><F79/><W126/><G68/><T65/><D135/><N who="1" m="51723" /><E34/><V4/><F47/><W86/><G33/><T115/><D115/><U59/><E83/><V121/><F121/><W25/><G126/><T39/><D32/><U9/><E9/><V110/><F110/><W123/><G123/><T72/><D3/><U101/><E102/><V73/><F73/><W10/><G132/><T75/><D97/><U94/><E74/><V42/><F42/><W0/><G0/><T18/><D39/><N who="1" m="14891" /><E107/><V124/><F124/><W84/><G78/><T26/><D18/><U116/><E116/><V19/><F95/><W108/><G108/><T5/><D5/><U56/><E62/><V28/><F28/><W129/><G129/><T91/><REACH who="0" step="1"/><D61/><REACH who="0" ten="163,250,337,240" step="2"/><U57/><AGARI ba="0,1" hai="56,57,59,69,70,94,99,101" m="14891,51723" machi="57" ten="40,12000,1" yaku="20,1,52,3" doraHai="53" who="1" fromWho="1" sc="163,-40,250,130,337,-40,240,-40" /><INIT seed="1,1,0,3,4,5" ten="123,380,297,200" oya="1" hai0="65,31,119,130,129,38,126,98,89,4,41,117,17" hai1="37,39,29,59,33,63,40,71,64,3,124,135,92" hai2="114,108,10,55,97,95,9,90,131,49,113,43,60" hai3="132,61,19,48,77,62,21,123,79,70,36,102,72"/><U91/><E124/><V73/><F73/><W78/><G36/><T25/><D126/><U15/><E3/><V83/><F131/><N who="0" m="50186" /><D65/><U0/><E0/><V35/><F35/><W133/><G123/><T8/><D41/><U68/><E135/><N who="3" m="51786" /><G72/><T34/><D38/><U118/><E118/><N who="0" m="45065" /><D89/><U11/><E39/><V88/><F108/><W51/><G102/><T81/><D98/><U115/><E115/><N who="2" m="44043" /><F60/><N who="3" m="23147" /><G70/><T53/><D53/><U46/><E29/><V122/><F43/><W54/><G54/><T86/><D86/><U56/><E33/><V26/><F26/><AGARI ba="1,0" hai="19,21,26,48,51,77,78,79" m="23147,51786" machi="26" ten="30,1000,0" yaku="20,1" doraHai="5" who="3" fromWho="2" sc="123,0,380,0,297,-13,200,13" /><INIT seed="2,0,0,1,3,80" ten="123,380,284,213" oya="2" hai0="69,86,105,44,133,71,5,99,128,51,28,50,74" hai1="129,67,63,110,13,54,111,14,96,60,0,37,115" hai2="95,59,16,20,15,33,62,102,103,38,46,42,82" hai3="122,10,45,97,107,4,58,31,65,93,32,89,34"/><V70/><F33/><W11/><G122/><T88/><D133/><U48/><E37/><V73/><F70/><W29/><G107/><T8/><D128/><U77/><E0/><V112/><F112/><W1/><G11/><T68/><D74/><U66/><E129/><V79/><REACH who="2" step="1"/><F95/><REACH who="2" ten="123,380,274,213" step="2"/><W76/><G34/><T17/><D28/><U18/><E115/><V52/><AGARI ba="0,1" hai="15,16,20,38,42,46,52,59,62,73,79,82,102,103" machi="52" ten="20,18000,2" yaku="1,1,2,1,0,1,7,1,54,2,53,0" doraHai="80" doraHaiUra="87" who="2" fromWho="2" sc="123,-60,380,-60,274,190,213,-60" /><INIT seed="2,1,0,5,2,1" ten="63,320,464,153" oya="2" hai0="64,88,75,42,110,102,47,16,3,29,32,57,46" hai1="99,71,44,114,113,58,67,103,10,77,135,15,109" hai2="74,122,38,84,4,93,19,72,27,33,112,129,11" hai3="49,133,132,23,98,45,50,41,43,76,130,37,52"/><V40/><F122/><W21/><G76/><T7/><D110/><U124/><E109/><V91/><F112/><W35/><G35/><T25/><D75/><U22/><E71/><V2/><F129/><W95/><G130/><T9/><D102/><U69/><E69/><V82/><F38/><W134/><G37/><T86/><D42/><U105/><E44/><V63/><F40/><W101/><REACH who="3" step="1"/><G41/><REACH who="3" ten="63,320,464,143" step="2"/><T30/><D30/><U118/><E77/><V115/><F33/><W117/><G117/><T125/><D125/><U123/><E118/><V5/><F115/><W0/><G0/><T83/><D64/><U87/><E124/><V111/><F2/><W116/><G116/><T26/><REACH who="0" step="1"/><D57/><AGARI ba="1,1" hai="21,23,43,45,49,50,52,57,95,98,101,132,133,134" machi="57" ten="40,8000,1" yaku="1,1,20,1,54,1,53,2" doraHai="1" doraHaiUra="17" who="3" fromWho="0" sc="63,-83,320,0,464,0,143,93" owari="-20,-52.0,320,12.0,464,56.0,236,-16.0" /></mjloggm>