<mjloggm ver="2.3"><GO type="169" lobby="0"/><UN n0="%E3%81%95%E3%82%8A%E3%83%BC%E3%81%99%E3%81%93%E3%81%A3%E3%81%A8" n1="%E3%83%8A%E3%83%A9" n2="%E8%B1%86%E7%89%B9%EF%BC%A0%E6%B2%B3%E6%9D%91%E8%BB%8D%E5%9B%A3" n3="%E5%B0%B1%E6%B4%BB%E7%94%9F%40%E5%B7%9D%E6%9D%91%E8%BB%8D%E5%9B%A3" dan="16,16,18,16" rate="2126.27,2128.59,2206.15,2110.20" sx="F,M,M,M"/><TAIKYOKU oya="0"/><INIT seed="0,0,0,3,5,72" ten="250,250,250,250" oya="0" hai0="128,6,124,43,106,24,103,131,54,70,101,119,121" hai1="129,89,15,45,118,31,20,88,84,41,56,87,32" hai2="81,132,112,40,86,5,100,0,62,93,117,122,36" hai3="35,8,97,2,96,47,59,19,114,34,48,135,21"/><T99/><D121/><U39/><E118/><V63/><F122/><W102/><G114/><T61/><D119/><U111/><E111/><V29/><F117/><W91/><G135/><T50/><D124/><U14/><E129/><N who="0" m="49737" /><D6/><U1/><E1/><V69/><F112/><W71/><G71/><T83/><D101/><U26/><E56/><V133/><F29/><W51/><G8/><T79/><D24/><U115/><E115/><V116/><F116/><W38/><G2/><T110/><D43/><U68/><E68/><V3/><F3/><W10/><G10/><T44/><D110/><U76/><E15/><V49/><F0/><W4/><G4/><T78/><D83/><U42/><E41/><V65/><F5/><W80/><G102/><T17/><D17/><U52/><E14/><V73/><F40/><W53/><G34/><T95/><D106/><U16/><E32/><V74/><F100/><W130/><G35/><T134/><D134/><U25/><E25/><V58/><F132/><W12/><G130/><T55/><D55/><U113/><E52/><N who="2" m="32015" /><F133/><W13/><G13/><T120/><D120/><U37/><E113/><V23/><F81/><W18/><G18/><T64/><AGARI ba="0,0" hai="44,50,54,61,64,70,78,79,95,99,103" m="49737" machi="64" ten="30,6000,0" yaku="19,1,52,2" doraHai="72" who="0" fromWho="0" sc="250,60,250,-20,250,-20,250,-20" /><INIT seed="0,1,0,1,5,17" ten="310,230,230,230" oya="0" hai0="76,124,68,95,52,33,77,119,90,11,107,86,97" hai1="104,59,50,37,120,92,85,72,130,61,18,34,125" hai2="99,24,100,0,74,53,89,123,41,116,64,56,126" hai3="133,10,13,70,30,65,98,7,36,84,75,117,121"/><T113/><D68/><U91/><E120/><V4/><F123/><W49/><G75/><T22/><D113/><U42/><E125/><V79/><F126/><W88/><G36/><T8/><D33/><U63/><E104/><V127/><F127/><W54/><G117/><T12/><D124/><U2/><E72/><V5/><F64/><W93/><G133/><T81/><D119/><U106/><E106/><V67/><F67/><W82/><G121/><T135/><D135/><U128/><E2/><V6/><F89/><W19/><G30/><T110/><D110/><U101/><E101/><V115/><F41/><W83/><G7/><T35/><D35/><U26/><E37/><V16/><F0/><W108/><G108/><T51/><D107/><U132/><E132/><V71/><F71/><W73/><G73/><T109/><D76/><U9/><E34/><V38/><F38/><W31/><G31/><T44/><D109/><U20/><E9/><V78/><F74/><W55/><G55/><T131/><D131/><N who="1" m="50219" /><E42/><V29/><F29/><W80/><G65/><T69/><D69/><U3/><E3/><V1/><F1/><W21/><G70/><T47/><D47/><U134/><E134/><V105/><F115/><W58/><REACH who="3" step="1"/><G10/><REACH who="3" ten="310,230,230,220" step="2"/><T15/><D15/><U60/><E50/><N who="2" m="30775" /><F116/><W27/><G27/><T66/><D66/><AGARI ba="1,1" hai="18,20,26,59,60,61,63,66,85,91,92" m="50219" machi="66" ten="30,2000,0" yaku="19,1,52,1" doraHai="17" who="1" fromWho="0" sc="310,-23,230,33,230,0,220,0" /><INIT seed="1,0,0,1,5,5" ten="287,263,230,220" oya="1" hai0="29,134,1,61,126,103,6,86,20,123,26,92,67" hai1="35,65,100,2,90,132,7,82,102,62,94,91,31" hai2="56,17,55,47,101,39,32,113,34,88,87,70,135" hai3="48,79,112,85,133,33,99,11,111,96,22,75,18"/><U115/><E115/><V109/><F70/><W116/><G33/><T23/><D134/><U43/><E132/><V53/><F135/><W9/><G133/><T58/><D126/><U16/><E43/><V74/><F74/><W120/><G75/><T57/><D123/><U28/><E35/><V110/><F101/><W66/><G120/><T60/><D20/><U130/><E130/><V93/><F113/><W68/><G112/><T73/><D73/><U13/><E7/><V104/><F104/><W128/><G128/><T12/><D1/><U83/><E2/><V38/><F17/><W98/><G111/><N who="2" m="42505" /><F55/><W30/><G30/><N who="1" m="11306" /><E62/><N who="2" m="36111" /><F38/><W72/><G72/><T64/><D86/><N who="1" m="50527" /><E82/><V4/><F4/><W76/><G116/><T42/><D42/><AGARI ba="0,0" hai="32,34,39,42,47,87,88,93" m="36111,42505" machi="42" ten="30,2000,0" yaku="14,1,54,1" doraHai="5" who="2" fromWho="0" sc="287,-20,263,0,230,20,220,0" /><INIT seed="2,0,0,5,5,49" ten="267,263,250,220" oya="2" hai0="118,69,40,43,15,109,54,44,52,1,14,45,33" hai1="127,38,8,11,22,27,135,99,123,0,34,66,129" hai2="104,130,28,111,4,73,35,9,119,124,20,59,55" hai3="24,102,115,71,90,78,110,82,95,132,25,120,108"/><V63/><F119/><W51/><G71/><T16/><D1/><U77/><E127/><V96/><F124/><W91/><G25/><T3/><D3/><U10/><E38/><V112/><F112/><W114/><G24/><T67/><D33/><U61/><E129/><V5/><F130/><W57/><G57/><T32/><D32/><U97/><E135/><V64/><F73/><N who="3" m="43343" /><G51/><T89/><D89/><N who="3" m="33801" /><G120/><T106/><D106/><U100/><E34/><V2/><F4/><W93/><G132/><T30/><D30/><U31/><E123/><V94/><F104/><W84/><G84/><T60/><D14/><U83/><E0/><V53/><F35/><W88/><G102/><T125/><D125/><U101/><E101/><N who="2" m="60567" /><F111/><N who="3" m="42539" /><G88/><T87/><D87/><N who="1" m="48623" /><E100/><V48/><F48/><W29/><G29/><T92/><D109/><U76/><E76/><V134/><F134/><W116/><G116/><T126/><D126/><U42/><E42/><V113/><F113/><AGARI ba="0,0" hai="93,95,113,114,115" m="42539,33801,43343" machi="113" ten="30,7700,0" yaku="11,1,14,1,34,2" doraHai="49" who="3" fromWho="2" sc="267,0,263,0,250,-77,220,77" /><INIT seed="3,0,0,2,2,49" ten="267,263,173,297" oya="3" hai0="30,103,15,83,129,95,113,53,36,59,18,42,50" hai1="68,28,7,106,39,125,52,44,111,75,65,116,4" hai2="130,57,64,88,128,13,78,126,14,84,20,131,71" hai3="11,107,2,72,90,120,67,69,97,0,115,23,55"/><W16/><G72/><T5/><D129/><U54/><E106/><V40/><F71/><W82/><G120/><T123/><D123/><U27/><E75/><V70/><F70/><W46/><G115/><T112/><D30/><U6/><E111/><V134/><F78/><W127/><G127/><T32/><D32/><U47/><E125/><V66/><F126/><W104/><G67/><T73/><D5/><U26/><E116/><V17/><F40/><W56/><G69/><T86/><D73/><U1/><E1/><V41/><F41/><W9/><G104/><T117/><D117/><U135/><E135/><V93/><F134/><W29/><G29/><T62/><D36/><U34/><E39/><V12/><REACH who="2" step="1"/><F57/><REACH who="2" ten="267,263,163,297" step="2"/><W33/><G56/><T80/><D42/><U114/><E68/><V99/><F99/><W81/><G97/><T48/><D113/><U77/><E77/><V132/><F132/><W98/><G98/><T133/><D133/><U43/><E43/><V94/><F94/><W118/><G107/><T110/><D112/><U61/><E114/><V79/><F79/><W25/><G82/><T31/><D80/><U85/><E85/><V102/><F102/><W87/><G118/><T37/><D103/><U3/><E3/><V119/><F119/><W121/><G121/><T60/><D37/><U45/><E45/><V63/><F63/><W10/><G2/><T108/><D60/><U19/><E47/><V38/><F38/><W91/><G0/><T22/><D95/><U92/><E92/><V122/><F122/><W101/><G81/><T105/><D105/><RYUUKYOKU ba="0,1" sc="267,-10,263,-10,163,30,297,-10" hai2="12,13,14,17,20,64,66,84,88,93,128,130,131" /><INIT seed="4,1,1,3,2,113" ten="257,253,193,287" oya="0" hai0="22,55,124,123,11,38,84,120,49,114,90,30,60" hai1="67,25,79,109,57,100,91,10,82,65,74,13,9" hai2="66,44,81,89,107,63,32,29,24,96,85,27,97" hai3="15,23,58,104,77,83,17,132,105,112,102,5,14"/><T129/><D114/><U36/><E109/><V68/><F27/><W92/><G112/><T39/><D129/><U51/><E36/><V118/><F96/><W12/><G132/><T80/><D124/><U2/><E100/><N who="2" m="62863" /><F44/><W6/><G104/><T127/><D127/><U98/><E25/><V122/><F122/><W78/><G105/><T45/><D60/><U61/><E51/><V0/><F0/><W128/><G128/><T54/><D39/><U131/><E131/><V47/><F47/><W69/><G69/><T7/><D38/><U21/><E21/><V116/><AGARI ba="1,1" hai="24,29,32,63,66,68,81,85,89,116,118" m="62863" machi="116" ten="30,4000,0" yaku="25,1,52,2" doraHai="113" who="2" fromWho="2" sc="257,-21,253,-11,193,53,287,-11" /><INIT seed="5,0,0,2,3,4" ten="236,242,246,276" oya="1" hai0="24,53,131,43,45,61,31,114,17,66,50,125,116" hai1="6,51,41,74,35,71,107,123,10,119,39,60,91" hai2="88,89,15,84,19,82,67,78,120,97,77,93,90" hai3="9,133,86,40,110,34,46,12,106,37,58,73,42"/><U75/><E119/><V109/><F109/><W72/><G110/><T7/><D116/><U2/><E51/><V124/><F124/><W113/><G34/><T27/><D125/><U23/><E23/><V14/><F120/><W38/><G106/><T117/><D117/><U65/><E91/><V122/><F122/><W70/><G70/><T32/><D114/><U56/><E56/><V81/><F67/><W128/><G113/><T25/><D131/><U92/><E92/><V55/><F55/><W48/><G133/><T80/><D80/><U57/><E57/><V13/><REACH who="2" step="1"/><F19/><REACH who="2" ten="236,242,236,276" step="2"/><W47/><G128/><T62/><D17/><U132/><E123/><V30/><F30/><W101/><G58/><T85/><D66/><U111/><E111/><V11/><F11/><W26/><G40/><T96/><D43/><U59/><E59/><V3/><F3/><W135/><G46/><T16/><D45/><N who="1" m="23743" /><E132/><V69/><F69/><W94/><G135/><T22/><D31/><U99/><E35/><V95/><F95/><W52/><G38/><T134/><D32/><U98/><E98/><V103/><F103/><AGARI ba="0,1" hai="2,6,10,60,65,71,74,75,99,103,107" m="23743" machi="103" ten="30,5800,0" yaku="33,2,52,1" doraHai="4" who="1" fromWho="2" sc="236,0,242,68,236,-58,276,0" /><INIT seed="5,1,0,3,2,99" ten="236,310,178,276" oya="1" hai0="56,103,86,91,27,97,80,16,59,65,41,95,7" hai1="121,47,15,129,72,113,3,39,100,24,89,19,117" hai2="104,70,38,123,133,125,118,108,82,71,32,51,49" hai3="127,88,93,18,35,14,126,31,67,115,75,4,63"/><U69/><E117/><V79/><RYUUKYOKU type="yao9" ba="1,0" sc="236,0,310,0,178,0,276,0" hai2="32,38,49,51,70,71,79,82,104,108,118,123,125,133" /><INIT seed="5,2,0,2,0,25" ten="236,310,178,276" oya="1" hai0="13,65,15,63,42,66,27,19,16,121,130,33,36" hai1="45,78,132,47,70,43,73,18,17,72,60,126,69" hai2="118,89,30,59,8,88,55,54,123,7,98,32,87" hai3="52,5,1,75,9,115,119,86,26,57,74,90,95"/><U93/><E126/><V22/><F32/><W116/><G115/><T12/><D130/><U117/><E117/><N who="3" m="45130" /><G26/><T85/><D121/><U40/><E93/><N who="2" m="56623" /><F118/><W129/><G129/><T81/><D42/><N who="1" m="15915" /><E60/><AGARI ba="2,0" hai="1,5,9,52,57,60,74,75,86,90,95" m="45130" machi="60" ten="30,2000,0" yaku="12,1,54,1" doraHai="25" who="3" fromWho="1" sc="236,0,310,-26,178,0,276,26" /><INIT seed="6,0,0,2,5,132" ten="236,284,178,302" oya="2" hai0="44,64,122,55,3,25,119,8,127,7,16,104,63" hai1="111,56,114,131,99,134,80,85,15,75,14,51,81" hai2="82,117,69,79,102,35,68,20,123,121,124,31,105" hai3="112,83,49,71,48,61,125,36,38,59,73,28,72"/><V2/><F20/><W76/><G72/><T109/><D109/><U47/><E111/><V86/><F2/><W87/><G73/><T89/><D122/><U23/><E23/><V118/><F86/><W74/><G71/><N who="2" m="27209" /><F82/><W84/><G59/><T22/><D104/><U6/><E75/><V39/><F79/><W90/><G61/><T45/><D119/><N who="2" m="45578" /><F39/><W34/><G74/><T37/><D37/><U115/><E85/><V12/><F12/><W46/><G28/><T5/><D5/><U97/><E6/><V24/><F124/><W53/><G34/><T1/><D1/><U129/><E81/><V70/><N who="2" m="27217" /><V33/><DORA hai="110" /><F33/><W95/><G125/><T65/><D127/><U108/><E80/><V13/><F13/><W50/><G38/><T41/><D89/><U27/><E14/><V17/><F17/><W113/><G36/><T92/><D92/><U40/><E15/><V103/><F103/><W96/><G87/><T135/><D8/><U66/><E97/><AGARI ba="0,0" hai="24,31,35,97,102,105,121,123" m="45578,27217" machi="97" ten="50,2400,0" yaku="23,1" doraHai="132,110" who="2" fromWho="1" sc="236,0,284,-24,178,24,302,0" /><INIT seed="6,1,0,0,3,4" ten="236,260,202,302" oya="2" hai0="5,27,116,69,121,18,80,7,78,100,12,22,41" hai1="118,97,109,8,93,67,14,45,24,98,10,111,43" hai2="64,71,65,6,58,84,106,9,127,50,30,48,115" hai3="63,53,131,124,86,56,112,88,94,60,129,42,46"/><V49/><F106/><W34/><G34/><T17/><D121/><U105/><E118/><V57/><F115/><W40/><G124/><T73/><D116/><U122/><E67/><V32/><F127/><W20/><G112/><T107/><D69/><U76/><E122/><V54/><F71/><W39/><G42/><T102/><D41/><U87/><E105/><V104/><F104/><W0/><G0/><T82/><D82/><U128/><E128/><N who="3" m="49226" /><G20/><T90/><D90/><U117/><E117/><V72/><F72/><W126/><G126/><T11/><REACH who="0" step="1"/><D102/><REACH who="0" ten="226,260,202,302" step="2"/><U134/><E43/><V25/><F84/><W26/><G26/><T110/><D110/><U130/><E87/><V51/><REACH who="2" step="1"/><F57/><REACH who="2" ten="226,260,192,302" step="2"/><W1/><G86/><T44/><D44/><U61/><E45/><V135/><F135/><W23/><G56/><T31/><D31/><U19/><E134/><V28/><F28/><W38/><G46/><T123/><D123/><U47/><E47/><V95/><F95/><W55/><G94/><T133/><D133/><U66/><E93/><V91/><F91/><W62/><G88/><T119/><D119/><U83/><E109/><V85/><F85/><W89/><G89/><T35/><D35/><U101/><E111/><V125/><F125/><W16/><G40/><T81/><D81/><U114/><E83/><V2/><AGARI ba="1,2" hai="2,6,9,25,30,32,48,49,50,51,54,58,64,65" machi="2" ten="30,11700,0" yaku="1,1,0,1,52,1,53,1" doraHai="4" doraHaiUra="29" who="2" fromWho="2" sc="226,-40,260,-40,192,140,302,-40" /><INIT seed="6,2,0,2,3,65" ten="186,220,332,262" oya="2" hai0="31,94,19,24,20,64,71,28,112,133,32,33,15" hai1="70,114,74,4,62,29,3,8,52,38,127,119,134" hai2="21,22,67,78,11,101,36,14,66,96,91,44,98" hai3="37,75,55,9,115,104,40,6,58,50,107,83,23"/><V72/><F72/><W110/><G110/><T80/><D112/><U121/><RYUUKYOKU type="yao9" ba="2,0" sc="186,0,220,0,332,0,262,0" hai1="3,4,8,29,38,52,62,70,74,114,119,121,127,134" /><INIT seed="6,3,0,0,2,115" ten="186,220,332,262" oya="2" hai0="86,71,69,59,34,75,99,80,130,100,102,135,23" hai1="27,52,36,129,47,42,110,112,46,41,49,133,120" hai2="116,55,82,58,6,97,94,78,17,11,105,96,31" hai3="15,77,106,10,74,29,0,26,54,2,25,89,33"/><V39/><F116/><W109/><G109/><T67/><D34/><U60/><E110/><V8/><F39/><W62/><G106/><T22/><D75/><U56/><E27/><V43/><F43/><W24/><G74/><T45/><D135/><U35/><E35/><V107/><F31/><W95/><G77/><T48/><D130/><U127/><E129/><V20/><F105/><W73/><G73/><T132/><D132/><U14/><E133/><V104/><F107/><W134/><G134/><T19/><D69/><U125/><E112/><V98/><F104/><W126/><G126/><N who="1" m="48138" /><E14/><N who="2" m="9271" /><F94/><W5/><G0/><T70/><D70/><U72/><E72/><V108/><F6/><W88/><G89/><T85/><D71/><U44/><E44/><V128/><F108/><W84/><G2/><T4/><D4/><U83/><E83/><V21/><F21/><W113/><G113/><T9/><D9/><N who="2" m="3658" /><F128/><W79/><G79/><T13/><D23/><U91/><E91/><V81/><F78/><W76/><G76/><T66/><D80/><U119/><E120/><V16/><F16/><W57/><AGARI ba="3,0" hai="5,10,15,24,25,26,29,33,54,57,62,84,88,95" machi="57" ten="30,2000,0" yaku="0,1,54,1" doraHai="115" who="3" fromWho="3" sc="186,-8,220,-8,332,-13,262,29" /><INIT seed="7,0,0,2,5,78" ten="178,212,319,291" oya="3" hai0="126,83,11,105,128,95,84,1,76,56,101,80,57" hai1="16,36,120,9,52,54,77,40,125,61,113,62,75" hai2="127,6,79,66,7,41,115,96,14,0,129,114,35" hai3="107,112,58,108,34,26,12,133,98,27,102,74,118"/><W124/><G118/><T64/><D128/><U28/><E120/><V104/><F35/><W90/><G112/><N who="2" m="43049" /><F0/><W51/><G133/><T24/><D126/><U103/><E103/><N who="2" m="62567" /><F129/><W49/><G74/><T19/><D105/><U17/><E75/><V88/><F79/><W97/><G49/><T81/><D1/><U29/><E36/><V123/><F123/><W132/><G34/><T135/><D135/><U130/><E130/><V46/><F66/><W89/><G108/><T32/><D32/><U25/><E77/><V45/><F88/><W110/><G110/><T92/><D101/><U69/><E113/><V94/><F94/><N who="0" m="35882" /><D64/><U44/><E69/><V93/><F93/><W30/><G102/><T111/><D111/><U72/><E72/><V33/><F33/><W85/><G98/><T68/><D68/><U91/><E125/><V67/><F67/><W73/><G97/><T43/><D43/><U121/><E40/><V82/><F41/><W31/><G107/><T134/><D134/><U55/><E121/><V87/><F127/><W39/><G73/><T60/><D24/><N who="3" m="9257" /><G39/><T109/><D109/><U21/><E91/><N who="2" m="51703" /><F7/><W117/><G124/><T3/><D3/><U18/><E44/><V42/><F42/><W38/><G38/><T65/><D57/><U10/><E29/><V119/><F119/><W131/><G117/><T116/><D116/><U47/><E47/><V59/><F59/><W53/><G131/><T71/><D71/><U122/><E122/><V100/><F100/><W37/><G37/><T70/><D70/><U99/><E99/><V2/><F45/><RYUUKYOKU ba="0,0" sc="178,15,212,15,319,-15,291,-15" hai0="11,19,56,60,65,76,80,81,83,84" hai1="9,10,16,17,18,21,25,28,52,54,55,61,62" owari="193,-31.0,227,-17.0,304,40.0,276,8.0" /></mjloggm>