<mjloggm ver="2.3"><GO type="97" lobby="0"/><UN n0="%4E%6F%4E%61%6D%65%5A" n1="%E3%83%AD%E3%83%9C%E3%82%B3%E3%83%97" n2="%74%6F%53%68%69%72%6F" n3="%E5%B0%B1%E6%B4%BB%E7%94%9F%40%E5%B7%9D%E6%9D%91%E8%BB%8D%E5%9B%A3" dan="14,14,15,15" rate="1949.16,1924.85,2005.69,1958.84" sx="F,M,M,M"/><TAIKYOKU oya="0"/><INIT seed="0,0,0,4,4,20" ten="250,250,250,250" oya="0" hai0="125,47,15,58,34,43,29,25,106,44,59,2,49" hai1="80,16,62,76,54,52,9,129,112,77,78,24,109" hai2="135,17,119,53,113,103,115,23,40,75,57,73,33" hai3="67,35,105,30,71,70,68,74,100,134,31,69,121"/><T94/><D106/><U88/><E129/><V65/><F33/><W72/><G121/><T79/><D2/><U89/><E109/><V7/><F135/><W10/><G134/><T21/><D125/><U86/><E112/><V130/><F130/><W0/><G31/><T46/><D79/><N who="1" m="30283" /><E62/><V28/><F119/><W114/><G114/><T127/><D127/><U110/><E110/><V84/><F7/><N who="3" m="1383" /><G67/><T39/><D94/><U111/><E111/><V13/><F65/><W32/><N who="3" m="17920" /><DORA hai="36" /><W98/><G32/><T1/><D1/><U87/><E9/><V61/><F75/><W18/><G18/><T97/><D97/><U42/><E42/><V19/><F73/><W120/><G120/><T91/><D91/><N who="1" m="34891" /><E87/><V131/><F84/><W5/><G5/><T90/><D90/><U38/><E38/><V107/><F131/><W132/><G132/><T124/><D124/><U108/><E108/><V99/><F115/><W123/><G123/><T118/><D118/><U51/><E51/><V92/><F113/><W50/><G50/><T85/><D85/><U96/><E96/><V93/><F28/><W11/><G11/><T128/><D128/><U83/><E83/><V6/><F6/><W82/><G82/><T122/><D122/><U81/><E81/><V12/><REACH who="2" step="1"/><F40/><REACH who="2" ten="250,250,240,250" step="2"/><W48/><G72/><T14/><D34/><U27/><E16/><V95/><F95/><W45/><G74/><T26/><D43/><U56/><E54/><V116/><F116/><W4/><G4/><T117/><D117/><U104/><E104/><V102/><F102/><W126/><G126/><RYUUKYOKU ba="0,1" sc="250,-15,250,15,240,15,250,-15" hai1="24,27,52,56,78,80,86" hai2="12,13,17,19,23,53,57,61,92,93,99,103,107" /><INIT seed="1,1,1,5,1,3" ten="235,265,255,235" oya="1" hai0="49,17,113,127,48,64,121,46,94,11,29,104,76" hai1="68,6,53,38,61,132,39,55,8,103,43,124,71" hai2="16,10,63,36,26,57,73,105,110,114,75,101,90" hai3="117,0,25,7,98,107,111,4,60,58,77,93,135"/><U28/><E103/><V89/><F36/><W108/><G107/><T83/><D104/><U130/><E28/><V42/><F42/><W22/><G0/><T59/><D113/><U128/><E8/><V74/><F114/><W66/><G77/><T102/><D127/><U134/><E6/><N who="3" m="2090" /><G117/><T92/><D29/><U32/><E32/><V30/><F110/><N who="3" m="42027" /><G135/><T13/><D76/><U109/><E109/><V86/><F105/><W47/><G47/><T41/><D46/><U115/><E115/><V23/><F101/><N who="3" m="60623" /><G22/><T69/><D102/><U65/><E124/><V100/><F100/><W106/><G106/><T54/><D11/><U5/><E134/><V72/><F10/><W122/><G25/><T99/><D13/><U44/><E132/><V37/><F75/><W97/><G97/><T45/><D99/><U24/><E24/><V118/><F118/><W62/><G62/><T123/><D45/><U21/><E21/><V125/><F73/><W80/><G80/><T91/><D83/><U119/><E119/><V12/><F74/><W81/><G81/><T95/><D95/><U27/><E27/><V67/><F72/><W1/><G1/><T96/><D92/><U15/><E61/><V131/><F125/><W52/><G122/><T9/><D121/><U19/><E5/><V70/><F63/><W51/><G51/><T88/><D123/><U126/><E126/><V34/><F26/><W82/><G82/><T56/><D48/><U79/><E79/><V14/><F23/><W129/><G66/><T35/><D64/><U112/><E65/><V2/><F67/><RYUUKYOKU ba="1,1" sc="235,-10,265,-10,255,-10,235,30" hai3="52,58,60,129" /><INIT seed="2,2,1,4,4,19" ten="225,255,245,265" oya="2" hai0="59,2,105,135,40,54,41,3,87,73,118,96,94" hai1="39,64,82,80,108,127,109,49,8,84,91,12,103" hai2="13,53,51,0,15,47,77,38,34,29,131,60,89" hai3="106,100,107,90,119,9,123,122,129,70,104,35,46"/><V95/><F131/><W1/><G90/><T61/><D73/><U28/><E39/><V24/><F0/><W76/><G129/><T16/><D135/><U115/><E115/><V92/><F77/><W66/><G119/><T81/><D105/><N who="3" m="40553" /><G46/><T128/><D3/><U7/><E127/><V30/><F30/><W48/><G48/><T71/><D2/><U83/><E64/><V75/><F75/><W20/><G20/><T21/><D71/><U85/><E103/><V120/><F120/><W63/><G76/><N who="0" m="46503" /><D128/><U130/><E130/><V68/><F38/><W126/><G126/><T33/><D33/><U133/><E133/><V112/><F112/><W4/><G35/><T6/><D6/><U37/><E37/><V56/><F92/><W111/><G111/><N who="1" m="42570" /><E84/><V36/><F36/><W74/><G74/><T65/><D65/><U125/><E125/><V26/><F26/><W124/><G124/><T69/><D69/><U10/><E28/><V114/><F68/><W17/><G17/><T14/><D118/><U45/><E10/><V31/><F31/><W86/><G86/><T99/><D99/><AGARI ba="2,1" hai="1,4,9,63,66,70,99,100,107,122,123" m="40553" machi="99" ten="30,1000,0" yaku="23,1" doraHai="19" who="3" fromWho="0" sc="225,-16,255,0,245,0,265,26" /><INIT seed="3,0,0,5,5,33" ten="209,255,245,291" oya="3" hai0="122,36,55,130,133,100,95,7,3,64,117,114,63" hai1="31,93,116,53,76,41,73,125,131,67,34,51,57" hai2="106,40,90,97,17,62,15,0,56,54,19,134,109" hai3="135,128,74,70,27,108,39,119,22,60,42,86,104"/><W132/><G119/><T26/><D117/><U120/><E120/><V25/><F109/><W24/><G74/><T30/><D122/><U111/><E116/><V82/><F134/><N who="3" m="51243" /><G128/><T29/><D133/><U115/><E111/><V45/><F25/><W92/><G108/><T101/><D130/><U8/><E115/><V48/><F0/><W110/><G104/><T61/><D36/><U14/><E67/><V99/><F19/><W68/><G110/><T89/><D114/><U121/><E41/><V13/><F13/><W6/><G6/><T58/><D30/><U123/><E131/><V83/><F106/><W118/><G118/><T77/><D77/><U72/><E125/><V12/><F12/><W81/><G92/><T65/><D65/><U46/><E93/><V129/><F129/><W127/><G127/><T103/><D64/><U78/><E73/><V52/><F40/><W35/><G35/><N who="0" m="20919" /><D63/><U113/><E72/><V79/><F83/><W37/><G60/><T75/><D75/><U105/><E105/><V16/><F79/><N who="3" m="46399" /><G24/><T107/><D107/><U49/><E78/><V9/><F17/><N who="3" m="12751" /><G42/><T4/><D3/><U124/><E124/><V69/><F69/><AGARI ba="0,0" hai="37,39,68,69,70" m="12751,46399,51243" machi="69" ten="30,1500,0" yaku="20,1" doraHai="33" who="3" fromWho="2" sc="209,0,255,0,245,-15,291,15" owari="209,-29.0,255,6.0,230,-17.0,306,40.0" /></mjloggm>