<mjloggm ver="2.3"><GO type="97" lobby="0"/><UN n0="%E3%83%90%E3%83%AB%E3%82%B6%E3%83%83%E3%82%AF" n1="%4D%53%2D%30%36%52" n2="%E5%B0%8F%E6%B2%B3%E5%9D%82%E6%AD%8C%E6%BE%84" n3="%E5%B0%B1%E6%B4%BB%E7%94%9F%40%E5%B7%9D%E6%9D%91%E8%BB%8D%E5%9B%A3" dan="14,14,14,14" rate="1866.06,1935.20,1900.09,1925.89" sx="M,F,M,M"/><TAIKYOKU oya="0"/><INIT seed="0,0,0,3,0,91" ten="250,250,250,250" oya="0" hai0="53,32,33,90,115,114,122,5,67,109,15,31,134" hai1="106,26,127,61,65,68,92,39,6,107,60,110,120" hai2="35,44,14,97,58,27,17,87,57,105,125,119,88" hai3="86,46,85,99,69,80,12,37,72,55,121,56,54"/><T101/><D122/><U19/><E39/><V78/><F119/><W133/><G121/><T93/><D67/><U103/><E120/><V116/><F116/><W45/><G69/><T77/><D101/><U95/><E127/><V9/><F125/><W129/><G133/><T21/><D134/><U104/><E110/><V71/><F71/><W30/><G129/><T10/><D77/><U117/><E117/><V24/><F35/><W130/><G130/><T82/><D82/><U66/><E6/><V98/><F105/><W7/><G72/><T43/><D43/><U96/><E26/><N who="2" m="9771" /><F44/><N who="3" m="17003" /><G37/><T111/><D53/><N who="3" m="19977" /><G30/><T16/><D31/><U62/><E19/><V100/><F78/><W18/><G56/><N who="2" m="21609" /><F100/><W59/><G59/><T49/><D49/><U126/><E126/><V40/><F40/><W28/><G28/><T89/><D90/><U73/><E68/><V1/><F1/><W11/><G99/><N who="0" m="57775" /><D32/><U51/><E51/><V84/><F84/><N who="3" m="32363" /><G80/><AGARI ba="0,0" hai="9,14,17,80,87,88,97,98" m="21609,9771" machi="80" ten="30,2000,0" yaku="8,1,54,1" doraHai="91" who="2" fromWho="3" sc="250,0,250,0,250,20,250,-20" /><INIT seed="1,0,0,0,0,110" ten="250,250,270,230" oya="1" hai0="105,65,82,121,50,87,64,30,47,59,126,67,5" hai1="43,79,101,74,128,84,17,55,86,49,131,133,85" hai2="95,29,81,21,23,135,90,103,46,24,117,119,98" hai3="3,100,58,54,6,92,115,53,61,40,42,106,13"/><U94/><E133/><V15/><F135/><W72/><G106/><T62/><D105/><U1/><E1/><V11/><F46/><W89/><G72/><T116/><D116/><U31/><E43/><N who="3" m="16426" /><G3/><T48/><D121/><U39/><E39/><V45/><F45/><W96/><G115/><T99/><D99/><U26/><E17/><V10/><F117/><W9/><G54/><T124/><D30/><U16/><E16/><N who="2" m="10399" /><F119/><W88/><AGARI ba="0,0" hai="6,9,13,53,58,61,88,89,92,96,100" m="16426" machi="88" ten="30,2000,0" yaku="8,1,54,1" doraHai="110" who="3" fromWho="3" sc="250,-5,250,-10,270,-5,230,20" /><INIT seed="2,0,0,2,2,135" ten="245,240,265,250" oya="2" hai0="132,133,116,63,67,33,7,14,125,57,51,17,15" hai1="83,49,5,80,71,86,76,43,89,119,2,75,45" hai2="117,8,81,66,54,27,91,44,130,131,127,84,88" hai3="90,42,52,123,111,19,11,64,60,101,22,87,114"/><V128/><F117/><W24/><G123/><T21/><D33/><U107/><E71/><V120/><F120/><W126/><G42/><T3/><D3/><U1/><E119/><V56/><F66/><W82/><G114/><T95/><D116/><U106/><REACH who="1" step="1"/><E5/><REACH who="1" ten="245,230,265,250" step="2"/><V118/><F118/><W74/><G111/><T122/><D122/><U48/><E48/><N who="2" m="28935" /><F56/><N who="3" m="36871" /><G74/><T32/><D51/><U65/><E65/><V40/><F40/><W98/><G126/><T37/><D125/><U113/><E113/><V100/><F100/><W112/><G112/><T25/><D132/><U104/><AGARI ba="0,1" hai="1,2,43,45,49,75,76,80,83,86,89,104,106,107" machi="104" ten="30,2000,0" yaku="1,1,0,1,53,0" doraHai="135" doraHaiUra="115" who="1" fromWho="1" sc="245,-5,230,30,265,-10,250,-5" /><INIT seed="3,0,0,0,0,40" ten="240,260,255,245" oya="3" hai0="77,59,63,39,37,111,107,8,133,74,122,116,95" hai1="19,123,73,51,43,71,14,47,7,130,98,92,129" hai2="61,80,49,106,62,87,103,64,114,72,76,15,46" hai3="65,35,135,58,121,20,110,82,4,50,24,5,31"/><W112/><G121/><T56/><D107/><U28/><E123/><V90/><F114/><W11/><G112/><T81/><D116/><U48/><E73/><V119/><F119/><W109/><G135/><T78/><D133/><U54/><E71/><V3/><F3/><W57/><G65/><T60/><D122/><U42/><E28/><V33/><F33/><W134/><G134/><T108/><D8/><U94/><E7/><V69/><F62/><W85/><G35/><T117/><D117/><U12/><E12/><V26/><F26/><W104/><G104/><T120/><D120/><U124/><E124/><V86/><F72/><W25/><G25/><T30/><D30/><U127/><E127/><V53/><F106/><W105/><G105/><T13/><D13/><U118/><E118/><V89/><F15/><N who="3" m="5607" /><G50/><T2/><D2/><U23/><E42/><V44/><F103/><W70/><G70/><T38/><D95/><U17/><E17/><V93/><REACH who="2" step="1"/><F76/><REACH who="2" ten="240,260,245,245" step="2"/><N who="3" m="46279" /><G5/><T100/><D100/><U6/><E6/><V102/><F102/><W101/><G101/><T22/><D78/><U126/><E126/><V55/><F55/><W67/><G67/><T0/><D0/><U132/><E132/><V27/><F27/><W79/><G79/><T45/><D74/><U99/><E99/><V41/><F41/><W91/><G91/><T21/><D77/><U10/><E98/><V18/><F18/><W113/><G113/><T84/><D108/><AGARI ba="0,1" hai="20,24,31,57,58,108,109,110" m="46279,5607" machi="108" ten="30,2900,0" yaku="14,1,10,1" doraHai="40" who="3" fromWho="0" sc="240,-29,260,0,245,0,245,39" /><INIT seed="3,1,0,5,5,95" ten="211,260,245,284" oya="3" hai0="90,0,56,36,13,17,91,57,67,26,47,42,61" hai1="24,96,4,18,123,105,11,114,81,35,98,40,63" hai2="2,68,76,6,14,121,82,102,34,122,71,100,59" hai3="37,94,126,62,9,27,87,117,46,131,88,41,53"/><W113/><G117/><T73/><D73/><U112/><E123/><N who="2" m="47115" /><F34/><W45/><G113/><T77/><D77/><U99/><E105/><V128/><F2/><W74/><G74/><T132/><D0/><U54/><E40/><V28/><F28/><W135/><G135/><T110/><D132/><U8/><E81/><V50/><F128/><W65/><G131/><T44/><D110/><U89/><E89/><V33/><F33/><W52/><G126/><T103/><D103/><N who="2" m="39466" /><F6/><W23/><G9/><T20/><D44/><N who="3" m="17001" /><G37/><T15/><D57/><U19/><E35/><V21/><F50/><W83/><G41/><T66/><D67/><U93/><E93/><V80/><F59/><N who="3" m="37087" /><G83/><N who="2" m="31785" /><F76/><W29/><AGARI ba="1,0" hai="23,27,29,52,53,87,88,94" m="37087,17001" machi="29" ten="30,6000,0" yaku="8,1,54,2" doraHai="95" who="3" fromWho="3" sc="211,-21,260,-21,245,-21,284,63" owari="190,-31.0,239,4.0,224,-18.0,347,45.0" /></mjloggm>