<mjloggm ver="2.3"><GO type="225" lobby="0"/><UN n0="%E3%83%88%E3%83%88%E3%83%AA%E5%85%88%E7%94%9F%31%39%E6%AD%B3" n1="%56%65%6E%75%73%53%61%79" n2="%73%61%72%61%68%31%32%33" n3="%E7%82%8E%E3%81%AE%E3%82%B7%E3%83%A5%E3%83%AC%E3%83%B3" dan="17,18,16,17" rate="2140.12,2262.94,2081.50,2169.09" sx="F,M,M,M"/><TAIKYOKU oya="0"/><INIT seed="0,0,0,5,0,95" ten="250,250,250,250" oya="0" hai0="103,65,37,76,135,35,56,19,124,43,97,13,58" hai1="52,4,98,15,60,109,78,94,16,106,34,1,36" hai2="101,129,55,79,86,12,8,39,24,67,25,11,21" hai3="85,116,74,93,49,38,51,114,132,54,69,30,10"/><T80/><D35/><U117/><E36/><V102/><F39/><W81/><G38/><T84/><D135/><U92/><E117/><V61/><F129/><W96/><G74/><T90/><D124/><U125/><E34/><V72/><F72/><W87/><G69/><T40/><D76/><U7/><E1/><V2/><F2/><W73/><G73/><T115/><D115/><U100/><E106/><V5/><F55/><W104/><G104/><T99/><D37/><U134/><E125/><V105/><F105/><W118/><G30/><T111/><D111/><U41/><E109/><V68/><F25/><W33/><G33/><T59/><D65/><U44/><E78/><V107/><F107/><W70/><G70/><T27/><D27/><U108/><E134/><V50/><F50/><W119/><G132/><T14/><D14/><U9/><E108/><V17/><F79/><W3/><G114/><T75/><D75/><U88/><E41/><N who="0" m="15945" /><D103/><U57/><E44/><V89/><REACH who="2" step="1"/><F11/><AGARI ba="0,0" hai="11,13,19,56,58,59,80,84,90,97,99" m="15945" machi="11" ten="30,5800,0" yaku="8,1,52,2" doraHai="95" who="0" fromWho="2" sc="250,58,250,0,250,-58,250,0" /><INIT seed="0,1,0,0,0,40" ten="308,250,192,250" oya="0" hai0="79,24,85,10,110,113,128,37,125,65,101,97,39" hai1="5,124,71,95,56,48,114,104,120,83,129,107,73" hai2="21,23,47,130,96,26,59,111,41,29,118,127,18" hai3="88,6,84,50,31,70,14,19,36,44,77,90,61"/><T4/><D113/><U72/><E71/><V15/><F111/><W106/><G36/><T1/><D110/><U9/><E120/><V89/><F127/><W91/><G106/><T38/><D125/><U45/><E124/><V42/><F130/><W51/><G31/><T94/><D128/><U2/><E129/><V121/><F121/><W132/><G132/><T135/><D135/><U134/><E134/><V68/><F68/><W64/><G6/><T22/><D65/><U17/><E114/><V87/><F118/><W69/><G69/><T112/><D112/><U58/><E95/><V27/><F96/><W66/><G66/><T86/><REACH who="0" step="1"/><D79/><REACH who="0" ten="298,250,192,250" step="2"/><U108/><E108/><V133/><F133/><W76/><G76/><T62/><D62/><U126/><E126/><V82/><F59/><W98/><G77/><T11/><D11/><U55/><E58/><V25/><REACH who="2" step="1"/><F41/><REACH who="2" ten="298,250,182,250" step="2"/><W30/><G70/><T63/><D63/><U122/><E56/><V52/><F52/><W123/><G61/><T12/><D12/><U7/><E122/><V99/><F99/><W81/><G98/><T80/><D80/><U115/><E83/><V116/><F116/><W0/><G123/><T3/><D3/><U103/><E115/><V131/><F131/><W100/><G0/><T35/><D35/><U117/><E117/><V8/><F8/><W16/><G81/><T92/><D92/><U105/><E2/><V32/><F32/><W13/><G13/><T74/><D74/><U49/><E73/><V67/><F67/><W34/><G64/><T60/><D60/><U109/><E72/><RYUUKYOKU ba="1,2" sc="298,15,250,-15,182,15,250,-15" hai0="1,4,10,22,24,37,38,39,85,86,94,97,101" hai2="15,18,21,23,25,26,27,29,42,47,82,87,89" /><INIT seed="0,2,2,3,1,113" ten="313,235,197,235" oya="0" hai0="124,41,93,2,56,65,37,96,32,26,69,16,42" hai1="53,39,102,117,78,55,95,0,25,33,70,84,48" hai2="111,30,7,130,28,114,19,135,18,90,38,40,13" hai3="119,88,44,63,123,76,51,67,50,57,58,134,80"/><T129/><D2/><U24/><E39/><V21/><F114/><W122/><G119/><T22/><D69/><U131/><E70/><V112/><F112/><W72/><G134/><T79/><D129/><U116/><E0/><V77/><F77/><W29/><G29/><T27/><D124/><U9/><E131/><V100/><F130/><W47/><G57/><T35/><D79/><U74/><E74/><V10/><F100/><W103/><G103/><T60/><D37/><U120/><E120/><N who="3" m="46122" /><G88/><N who="0" m="55335" /><D35/><U61/><E33/><V12/><F38/><W34/><G34/><T8/><D32/><U52/><E102/><V54/><F90/><W105/><G105/><T121/><D121/><U43/><E95/><V81/><F81/><W133/><G133/><T66/><D66/><U115/><E115/><V92/><F92/><W91/><G91/><T128/><D128/><U89/><E89/><V62/><F135/><W73/><G73/><T85/><D85/><U46/><E116/><V1/><F111/><W49/><AGARI ba="2,2" hai="44,47,49,50,51,58,63,67,72,76,80" m="46122" machi="49" ten="30,1100,0" yaku="13,1" doraHai="113" who="3" fromWho="3" sc="313,-7,235,-5,197,-5,235,37" /><INIT seed="1,0,0,4,3,15" ten="306,230,192,272" oya="1" hai0="73,76,120,117,67,123,99,111,33,74,81,53,45" hai1="34,43,17,3,77,21,13,128,50,65,2,115,102" hai2="94,37,134,6,16,92,91,84,47,23,56,71,20" hai3="70,125,54,97,62,63,133,24,52,60,22,66,80"/><U116/><E116/><V135/><F71/><W127/><G133/><N who="2" m="50697" /><F6/><W86/><G97/><T110/><D117/><U105/><E115/><V19/><F56/><W89/><G66/><T58/><D33/><U18/><E34/><V83/><F37/><W101/><G101/><T42/><D99/><U7/><E65/><V87/><F47/><W118/><G70/><T0/><D73/><U85/><E128/><V48/><F48/><W28/><REACH who="3" step="1"/><G118/><REACH who="3" ten="306,230,192,262" step="2"/><T44/><D67/><U126/><E102/><V10/><F10/><W41/><G41/><T29/><D42/><U79/><E43/><V90/><F83/><W129/><G129/><T109/><D81/><U12/><E7/><V119/><F119/><W11/><G11/><T57/><D109/><U38/><E3/><V35/><F35/><W14/><G14/><T46/><D0/><U100/><E2/><V95/><F95/><W36/><G36/><T27/><D111/><U107/><E38/><V113/><F113/><W103/><G103/><T88/><D110/><U39/><E100/><V4/><F4/><W31/><G31/><T30/><D29/><U69/><E39/><V59/><F59/><W25/><G25/><T96/><D27/><U122/><E69/><V1/><F1/><W132/><G132/><T68/><D30/><U93/><E93/><V112/><F112/><W104/><G104/><T64/><D68/><U40/><E40/><V82/><F82/><W61/><G61/><N who="0" m="36015" /><D64/><U55/><E107/><V9/><F9/><W114/><G114/><T124/><D58/><U78/><E105/><V8/><F8/><RYUUKYOKU ba="0,1" sc="306,-15,230,-15,192,15,262,15" hai2="16,19,20,23,84,87,90,91,92,94" hai3="22,24,28,52,54,60,62,63,80,86,89,125,127" /><INIT seed="2,1,1,3,3,88" ten="291,215,207,277" oya="2" hai0="128,83,70,67,27,134,81,107,118,101,34,97,46" hai1="77,54,1,22,20,26,110,12,71,58,45,115,75" hai2="122,92,66,48,8,126,90,94,31,60,21,9,30" hai3="106,3,127,2,124,102,120,36,43,64,84,96,114"/><V80/><F122/><W52/><G120/><T112/><D112/><U53/><E1/><V56/><F126/><N who="3" m="48171" /><G114/><T69/><D46/><U14/><E71/><V35/><F35/><W0/><G64/><T47/><D47/><U15/><E110/><V18/><F48/><W104/><G43/><T133/><D128/><U7/><E115/><V76/><F90/><W44/><G36/><T62/><D70/><U98/><E75/><V99/><F99/><W108/><G84/><T37/><D37/><U5/><E77/><V131/><F131/><W42/><G42/><T111/><D118/><U51/><E98/><V55/><F66/><W4/><G108/><T78/><D111/><U87/><E87/><N who="2" m="48519" /><F9/><N who="3" m="2183" /><G106/><T11/><D11/><U38/><E38/><V24/><F8/><W25/><G25/><T89/><D89/><U116/><E116/><V105/><F105/><W121/><G121/><T28/><D81/><U91/><E91/><V23/><F31/><W73/><G73/><AGARI ba="1,1" hai="27,28,34,62,67,69,73,78,83,97,101,107,133,134" machi="73" ten="40,8000,1" yaku="25,2,23,2" doraHai="88" who="0" fromWho="3" sc="291,93,215,0,207,0,277,-83" /><INIT seed="3,0,0,2,1,98" ten="384,215,207,194" oya="3" hai0="75,122,0,50,16,110,101,7,1,24,43,62,78" hai1="10,51,67,66,3,135,114,97,90,4,57,125,93" hai2="94,53,79,19,61,74,96,6,131,126,37,65,60" hai3="99,46,29,48,71,87,59,35,83,88,104,134,14"/><W108/><G71/><T8/><D122/><U21/><E114/><V133/><F37/><W124/><G124/><T91/><D110/><U42/><E135/><V73/><F133/><W22/><G134/><T30/><D101/><U63/><E125/><V55/><F126/><W36/><G36/><T113/><D113/><U12/><E3/><V17/><F6/><W132/><G132/><T2/><D75/><U27/><E51/><V40/><F40/><N who="3" m="24647" /><G35/><T116/><D78/><U44/><E44/><V128/><F79/><N who="3" m="46591" /><G104/><T117/><D2/><U121/><E42/><V34/><F34/><W41/><G108/><T20/><D0/><U69/><E121/><V54/><F73/><W129/><G129/><N who="2" m="49737" /><F74/><W58/><G41/><T111/><D111/><U123/><E123/><V115/><F115/><W52/><G52/><T109/><D109/><U107/><E107/><V105/><F105/><W9/><G22/><T49/><D49/><U84/><E69/><N who="2" m="42151" /><F61/><W81/><G29/><T92/><D62/><U86/><E67/><V106/><F106/><W47/><G47/><T5/><D20/><U85/><E21/><V100/><AGARI ba="0,0" hai="17,19,53,54,55,94,96,100" m="42151,49737" machi="100" ten="30,2000,0" yaku="19,1,52,1" doraHai="98" who="2" fromWho="2" sc="384,-5,215,-5,207,20,194,-10" owari="379,48.0,210,-19.0,227,3.0,184,-32.0" /></mjloggm>