<mjloggm ver="2.3"><GO type="169" lobby="0"/><UN n0="%E3%81%AF%E3%81%A3%E3%81%A8%E3%82%8A%E3%81%B8%E3%81%84%E3%81%98" n1="%E5%B0%B1%E6%B4%BB%E7%94%9F%40%E5%B7%9D%E6%9D%91%E8%BB%8D%E5%9B%A3" n2="%E3%81%BE%E3%83%BC%E3%81%95%EF%BC%A0%EF%BC%92%EF%BC%91" n3="%E3%81%91%E3%82%93%31%39%37%30" dan="17,16,17,16" rate="2179.85,2029.28,2158.44,2119.26" sx="M,M,M,M"/><TAIKYOKU oya="0"/><INIT seed="0,0,0,2,0,100" ten="250,250,250,250" oya="0" hai0="18,113,45,78,46,125,64,38,90,13,88,120,101" hai1="82,89,87,54,19,127,92,91,83,107,17,7,31" hai2="96,128,1,32,117,124,49,111,29,52,63,11,41" hai3="95,14,50,116,0,4,26,5,73,12,8,98,69"/><T121/><D113/><U53/><E127/><V123/><F123/><W114/><G69/><T102/><D78/><U36/><E36/><V126/><F111/><W68/><G68/><T133/><D64/><U84/><E31/><V135/><F135/><W106/><G73/><T27/><D27/><U51/><E7/><N who="2" m="1519" /><F128/><W22/><G116/><T47/><D38/><U48/><REACH who="1" step="1"/><E92/><REACH who="1" ten="250,240,250,250" step="2"/><V43/><F117/><W122/><G95/><T115/><D125/><U16/><E16/><V65/><F29/><W6/><G5/><T3/><D3/><U109/><E109/><V33/><F126/><W75/><G6/><T97/><D115/><U86/><E86/><V70/><F124/><W15/><G114/><T44/><D133/><U103/><E103/><V119/><F119/><W21/><G122/><T28/><D102/><U56/><E56/><V74/><F74/><W34/><G75/><T79/><D28/><U23/><E23/><V110/><F110/><W77/><G21/><T57/><D57/><U10/><E10/><V39/><F39/><W94/><G22/><T134/><D134/><U62/><E62/><V25/><F63/><W72/><G72/><T81/><D120/><U40/><E40/><V108/><F43/><W99/><G0/><T112/><D121/><U80/><E80/><V61/><F41/><W93/><G4/><T58/><D58/><U67/><E67/><V130/><F108/><W35/><G94/><N who="0" m="58551" /><D112/><U59/><E59/><V20/><F65/><W118/><G93/><T132/><D132/><U55/><E55/><V66/><F52/><W85/><G118/><RYUUKYOKU ba="0,1" sc="250,-10,240,30,250,-10,250,-10" hai1="17,19,48,51,53,54,82,83,84,87,89,91,107" /><INIT seed="1,1,1,2,1,35" ten="240,270,240,240" oya="1" hai0="121,38,93,122,33,12,88,129,7,45,64,119,77" hai1="87,16,123,49,127,61,86,50,5,6,104,58,76" hai2="34,18,47,55,130,116,80,62,97,9,84,100,99" hai3="66,115,118,24,71,54,17,102,51,46,70,31,103"/><U40/><E104/><V82/><F116/><W83/><G115/><T43/><D33/><U27/><E123/><N who="0" m="47113" /><D119/><U36/><E36/><V63/><F34/><W95/><G118/><T23/><D77/><U124/><E40/><V107/><F130/><W57/><G17/><N who="0" m="10663" /><D64/><U25/><E76/><V39/><F82/><W68/><G83/><T79/><D79/><U89/><E61/><V126/><F126/><W110/><G110/><T134/><D134/><U108/><E108/><V30/><F30/><W28/><G28/><T15/><D15/><U90/><E58/><V60/><F39/><W13/><G13/><T105/><D7/><U21/><E21/><V131/><F131/><W42/><G95/><T48/><D129/><U67/><REACH who="1" step="1"/><E67/><REACH who="1" ten="240,260,240,240" step="2"/><V96/><F107/><W4/><G66/><T91/><D105/><U73/><E73/><V52/><F47/><W2/><G57/><T14/><D38/><U85/><E85/><V78/><F63/><W1/><G42/><T98/><D14/><U59/><E59/><V19/><F62/><W3/><REACH who="3" step="1"/><G4/><REACH who="3" ten="240,260,240,230" step="2"/><T101/><AGARI ba="1,3" hai="43,45,48,88,91,93,98,101" m="10663,47113" machi="101" ten="30,2000,0" yaku="13,1,54,1" doraHai="35" who="0" fromWho="0" sc="240,53,260,-11,240,-6,230,-6" /><INIT seed="2,0,0,1,0,49" ten="293,249,234,224" oya="2" hai0="29,20,130,57,71,42,60,13,111,116,79,35,15" hai1="62,61,117,39,31,125,115,19,133,114,64,101,44" hai2="132,46,14,73,0,104,1,85,121,87,58,10,67" hai3="120,34,110,56,74,38,4,11,22,128,6,66,5"/><V17/><F121/><W27/><G38/><T100/><D71/><U95/><E117/><V126/><F73/><W127/><G74/><T25/><D116/><U122/><E122/><V12/><F104/><W91/><G120/><T96/><D111/><U105/><E105/><V52/><F132/><W43/><G34/><T59/><D130/><U40/><E133/><V102/><F102/><W18/><G110/><T80/><D42/><U23/><E125/><V84/><F126/><W26/><G128/><T123/><D123/><U103/><E61/><V21/><F46/><W92/><G43/><T50/><D50/><U97/><E103/><V124/><F67/><W75/><G11/><T81/><D57/><U88/><E101/><V89/><F124/><W41/><G41/><T83/><D35/><U45/><E31/><V131/><F131/><W47/><G47/><T109/><D109/><U94/><E94/><N who="2" m="54567" /><F0/><W108/><G75/><T68/><D68/><U65/><E65/><V30/><F1/><W72/><G72/><T118/><D118/><U86/><E45/><V76/><F76/><W98/><G108/><T24/><D24/><U33/><E33/><V129/><F30/><W2/><G2/><T93/><REACH who="0" step="1"/><D79/><REACH who="0" ten="283,249,234,224" step="2"/><U135/><E135/><V63/><F129/><W54/><G127/><T37/><D37/><U70/><E114/><V107/><F107/><W55/><G27/><T134/><D134/><U53/><E115/><V9/><F9/><W28/><G28/><T113/><D113/><U8/><E8/><V3/><F3/><W69/><G69/><T16/><D16/><AGARI ba="0,1" hai="10,12,14,16,17,21,52,58,63,85,87" m="54567" machi="16" ten="30,12000,1" yaku="6,1,8,1,52,1,54,2" doraHai="49" who="2" fromWho="0" sc="283,-120,249,0,234,130,224,0" /><INIT seed="2,1,0,4,2,15" ten="163,249,364,224" oya="2" hai0="13,44,101,131,16,89,65,22,112,97,49,99,66" hai1="46,40,21,37,23,18,47,87,73,122,54,74,116" hai2="17,59,12,20,25,92,28,33,27,60,70,72,68" hai3="114,108,34,4,5,61,82,96,55,53,19,124,41"/><V43/><F72/><W105/><G34/><T126/><D112/><U42/><E116/><V0/><F43/><W32/><G32/><T35/><D35/><U86/><E54/><V109/><F109/><W10/><G41/><T125/><D131/><U36/><REACH who="1" step="1"/><E18/><REACH who="1" ten="163,239,364,224" step="2"/><V62/><F0/><W106/><G55/><N who="0" m="30119" /><D89/><U64/><E64/><N who="0" m="24681" /><D101/><U52/><E52/><V103/><F103/><W69/><G53/><T2/><D2/><U102/><E102/><V50/><F68/><W133/><G69/><T100/><D100/><U58/><E58/><V128/><F70/><W119/><G119/><T91/><D91/><U3/><E3/><V120/><F59/><W7/><G106/><T107/><D107/><U6/><E6/><V129/><F129/><W83/><G7/><T48/><D48/><U71/><E71/><V85/><F50/><W63/><G5/><T79/><D79/><U78/><E78/><V76/><F76/><W135/><G4/><T51/><D51/><U88/><E88/><N who="2" m="53263" /><F128/><W8/><G105/><T117/><D117/><U39/><E39/><V98/><F62/><W123/><G63/><T104/><D104/><U80/><E80/><V9/><F60/><W67/><G61/><T84/><D84/><U93/><E93/><V132/><F98/><W29/><G96/><T115/><D115/><U1/><E1/><V38/><F38/><W77/><G114/><T45/><D45/><U94/><E94/><V130/><F130/><W111/><G77/><T11/><D11/><U127/><E127/><AGARI ba="1,1" hai="13,16,22,97,99,125,126,127" m="24681,30119" machi="127" ten="30,3900,0" yaku="18,1,52,1,54,1" doraHai="15" who="0" fromWho="1" sc="163,52,239,-42,364,0,224,0" /><INIT seed="3,0,0,0,5,135" ten="215,197,364,224" oya="3" hai0="116,0,3,61,39,84,122,63,10,90,49,129,32" hai1="8,66,108,119,124,15,110,50,21,105,79,123,45" hai2="5,38,67,47,43,35,25,7,55,130,14,101,83" hai3="29,91,36,115,92,41,19,94,68,9,16,27,100"/><W113/><G68/><T97/><D39/><U86/><E105/><V99/><F130/><W76/><G76/><T53/><D122/><U121/><E66/><V96/><F67/><W34/><G36/><T127/><D32/><U37/><E37/><V98/><F83/><W18/><G41/><T2/><D116/><U118/><E86/><V126/><F55/><W81/><G9/><T33/><D33/><U88/><E79/><V95/><F7/><W114/><REACH who="3" step="1"/><G100/><REACH who="3" ten="215,197,364,214" step="2"/><T40/><D40/><U73/><E73/><V89/><F101/><W103/><G103/><T24/><D10/><U75/><E75/><V133/><F43/><W6/><G6/><T128/><D128/><U30/><E88/><V106/><F5/><W78/><G78/><T125/><D129/><U13/><E8/><V134/><F89/><W57/><G57/><N who="0" m="32943" /><D97/><U22/><E45/><V77/><F47/><W64/><G64/><T102/><D102/><U60/><E121/><V74/><F38/><W28/><G28/><T107/><D107/><U62/><E123/><V26/><F106/><W42/><G42/><T51/><D0/><U54/><E30/><V56/><F98/><W17/><N who="3" m="4096" /><DORA hai="1" /><W23/><G23/><T44/><D2/><U48/><REACH who="1" step="1"/><E54/><REACH who="1" ten="215,187,364,214" step="2"/><V31/><F31/><W82/><G82/><T117/><D90/><U85/><E85/><AGARI ba="0,2" hai="27,29,34,81,85,91,92,94,113,114,115" m="4096" machi="85" ten="60,12000,1" yaku="1,1,54,1,53,3" doraHai="135,1" doraHaiUra="65,109" who="3" fromWho="1" sc="215,0,187,-120,364,0,214,140" /><INIT seed="3,1,0,2,0,51" ten="215,67,364,354" oya="3" hai0="63,23,68,126,14,113,112,82,25,130,90,71,81" hai1="35,9,3,8,56,115,44,11,19,48,128,57,26" hai2="1,53,121,36,95,34,97,61,94,18,13,120,10" hai3="109,38,108,55,131,85,17,93,47,105,15,16,92"/><W6/><G105/><T79/><D130/><U46/><E115/><N who="0" m="44105" /><D126/><U45/><E128/><V54/><F36/><W59/><G131/><T135/><D135/><U91/><E3/><V49/><F34/><W32/><G32/><T29/><D63/><U103/><E103/><V7/><F61/><N who="3" m="36095" /><G6/><T107/><D107/><U69/><E69/><N who="0" m="26697" /><D90/><U72/><E72/><V24/><F24/><W37/><G17/><N who="0" m="10679" /><D79/><U99/><E48/><V118/><F49/><W110/><G85/><T65/><D65/><U22/><REACH who="1" step="1"/><E35/><AGARI ba="1,0" hai="25,29,35,81,82" m="10679,26697,44105" machi="35" ten="30,1000,0" yaku="11,1" doraHai="51" who="0" fromWho="1" sc="215,13,67,-13,364,0,354,0" /><INIT seed="4,0,0,4,3,5" ten="228,54,364,354" oya="0" hai0="23,83,131,7,110,4,91,105,42,107,46,41,56" hai1="89,126,134,124,99,72,11,16,97,106,1,21,90" hai2="129,69,109,2,116,68,117,75,85,94,40,66,128" hai3="36,49,10,45,39,9,79,100,119,130,71,64,76"/><T74/><D131/><N who="2" m="50250" /><F75/><W60/><G130/><T113/><D113/><U59/><E72/><V34/><F34/><W29/><G119/><N who="2" m="45641" /><F2/><W25/><G100/><T61/><D110/><U122/><E122/><V86/><F109/><W22/><G39/><T123/><D123/><U51/><E134/><V95/><F40/><W84/><G36/><T67/><D42/><U132/><E132/><V118/><F66/><W28/><G28/><T52/><D67/><U78/><E78/><V93/><F118/><W58/><G71/><AGARI ba="0,0" hai="68,69,71,85,86,93,94,95" m="45641,50250" machi="71" ten="40,8000,1" yaku="28,2,19,1,12,1" doraHai="5" who="2" fromWho="3" sc="228,0,54,0,364,80,354,-80" /><INIT seed="5,0,0,3,1,93" ten="228,54,444,274" oya="1" hai0="77,80,99,40,19,27,20,10,44,11,108,51,74" hai1="112,46,32,103,42,87,121,71,81,55,67,5,107" hai2="15,131,25,105,130,102,110,134,0,47,43,129,104" hai3="39,88,21,94,24,125,52,12,14,120,1,116,17"/><U132/><E121/><V54/><F110/><W30/><G120/><T84/><D108/><U29/><E112/><V34/><F134/><W49/><G39/><T115/><D115/><U119/><E132/><V4/><F54/><W36/><G36/><T35/><D35/><U82/><E119/><V26/><F15/><W56/><G1/><T37/><D37/><U76/><E5/><V68/><F68/><W8/><G125/><T92/><REACH who="0" step="1"/><D74/><REACH who="0" ten="218,54,444,274" step="2"/><U95/><E107/><V58/><F34/><W53/><G116/><T57/><D57/><U90/><E55/><V124/><F58/><W101/><G53/><T64/><D64/><U63/><E103/><AGARI ba="0,1" hai="10,11,19,20,27,40,44,51,77,80,84,92,99,103" machi="103" ten="30,8000,1" yaku="1,1,7,1,8,1,52,1,53,1" doraHai="93" doraHaiUra="38" who="0" fromWho="1" sc="218,90,54,-80,444,0,274,0" owari="308,11.0,-26,-53.0,444,55.0,274,-13.0" /></mjloggm>