<mjloggm ver="2.3"><GO type="169" lobby="0"/><UN n0="%E4%B8%80%E9%96%83%E3%81%95%E3%82%93" n1="%E3%82%A6%E3%83%AB%E3%83%88%E3%83%A9%E7%AB%8B%E7%9B%B4" n2="%E3%81%AE%E3%81%A9%E3%81%94%E3%81%97%E3%80%88%E7%94%9F%E3%80%89" n3="%E3%83%A1%E3%82%AB%E3%82%BC%E3%83%83%E3%83%88%E3%83%B3" dan="16,18,16,18" rate="2068.61,2171.51,2075.97,2172.88" sx="M,M,M,M"/><TAIKYOKU oya="0"/><INIT seed="0,0,0,3,3,1" ten="250,250,250,250" oya="0" hai0="3,7,130,6,96,106,93,78,15,35,61,39,114" hai1="72,121,125,132,45,71,59,55,88,70,54,29,122" hai2="19,33,86,38,11,111,120,92,123,94,41,57,65" hai3="2,129,82,17,84,107,62,20,30,126,135,119,104"/><T79/><D3/><U87/><E72/><V108/><F33/><W31/><G119/><T32/><D114/><U124/><E29/><V47/><F65/><W37/><G37/><T101/><D39/><U118/><E118/><V49/><F57/><W127/><G2/><T69/><D130/><U68/><E45/><V90/><F92/><W64/><G129/><T63/><D106/><N who="3" m="40489" /><G135/><T128/><D128/><U22/><E22/><V102/><F102/><W98/><G98/><T4/><D15/><U81/><E132/><V73/><F73/><W58/><G84/><T115/><D115/><U89/><E89/><V117/><F38/><W83/><G83/><T50/><D50/><U133/><E133/><V56/><F56/><W112/><G82/><T85/><D69/><U5/><E5/><V46/><F46/><W44/><G44/><T23/><D23/><U26/><E26/><V21/><F11/><W105/><G105/><T34/><REACH who="0" step="1"/><D85/><REACH who="0" ten="240,250,250,250" step="2"/><U134/><E134/><V60/><F117/><W74/><G112/><T43/><D43/><U76/><E71/><V103/><F60/><AGARI ba="0,1" hai="4,6,7,32,34,35,60,61,63,78,79,93,96,101" machi="60" ten="50,12000,1" yaku="1,1,52,3,53,0" doraHai="1" doraHaiUra="53" who="0" fromWho="2" sc="240,130,250,0,250,-120,250,0" /><INIT seed="0,1,0,1,3,29" ten="370,250,130,250" oya="0" hai0="0,106,3,42,111,33,100,129,10,52,9,91,14" hai1="61,80,35,51,97,113,78,89,110,105,23,21,127" hai2="60,39,90,49,28,46,108,87,115,71,25,55,116" hai3="69,70,77,76,128,32,59,92,64,135,84,15,34"/><T41/><D106/><U50/><E110/><V74/><F116/><W36/><G36/><T120/><D100/><U1/><E127/><V88/><F74/><W53/><G135/><T103/><D120/><U72/><E1/><V131/><F108/><W121/><G121/><T134/><D103/><U4/><E4/><V98/><F115/><W83/><G128/><T54/><D111/><U18/><E23/><V13/><F131/><W112/><G112/><T125/><D129/><U31/><E105/><V37/><F13/><W65/><G92/><T17/><D125/><U20/><E20/><V117/><F117/><W124/><G124/><T22/><D134/><U5/><E5/><V73/><F73/><W75/><G15/><T63/><D33/><U44/><E61/><V101/><F60/><W19/><G19/><T6/><D91/><U81/><E44/><V27/><F27/><W102/><G102/><T107/><D107/><U30/><E30/><V57/><F71/><W93/><G93/><T114/><D114/><U45/><E45/><V68/><F68/><W82/><G70/><T118/><D118/><U56/><E56/><V26/><F26/><W133/><G133/><T119/><D119/><U11/><E11/><V43/><F98/><W99/><G99/><T7/><REACH who="0" step="1"/><D63/><REACH who="0" ten="360,250,130,250" step="2"/><U40/><E89/><V126/><F101/><W95/><G76/><T130/><D130/><U79/><E78/><V109/><F126/><W12/><G77/><T58/><D58/><U16/><E79/><V94/><F109/><W104/><G59/><T47/><D47/><U132/><E113/><RYUUKYOKU ba="1,1" sc="360,30,250,-10,130,-10,250,-10" hai0="0,3,6,7,9,10,14,17,22,41,42,52,54" /><INIT seed="0,2,1,2,3,62" ten="390,240,120,240" oya="0" hai0="107,73,56,28,96,111,27,38,90,125,20,110,16" hai1="10,63,91,41,100,3,48,8,70,51,117,92,55" hai2="106,30,57,88,119,97,115,31,65,85,6,121,68" hai3="26,129,123,12,134,132,25,94,2,53,34,43,128"/><T114/><D114/><U89/><E117/><V102/><F68/><W71/><G2/><T78/><D38/><U17/><E3/><V13/><F115/><W59/><G43/><T131/><D131/><N who="3" m="50249" /><G71/><T47/><D125/><U79/><E79/><V60/><F121/><W22/><G123/><T18/><D47/><U50/><E41/><V21/><F119/><W95/><G12/><T74/><D56/><N who="1" m="35231" /><E70/><V45/><F45/><W104/><G104/><T76/><D74/><U49/><E49/><V40/><F40/><W39/><G39/><T105/><D105/><U36/><E36/><V1/><F1/><W98/><G34/><T113/><D113/><U9/><E17/><N who="0" m="6761" /><D73/><U4/><E4/><V46/><F21/><W108/><G108/><N who="0" m="41515" /><D90/><U118/><E118/><V61/><F61/><W42/><G59/><T35/><D35/><U87/><E91/><V99/><F99/><W82/><G98/><T66/><D66/><U80/><E100/><AGARI ba="2,1" hai="20,27,28,76,78,96,100,107" m="41515,6761" machi="100" ten="30,5800,0" yaku="14,1,10,1,54,1" doraHai="62" who="0" fromWho="1" sc="390,74,240,-64,120,0,240,0" /><INIT seed="0,3,0,1,5,27" ten="464,176,120,240" oya="0" hai0="126,102,13,3,135,80,55,96,17,22,71,54,101" hai1="32,21,47,72,30,89,65,103,91,76,1,105,88" hai2="26,79,14,129,61,116,110,134,94,75,84,39,52" hai3="108,125,115,58,106,69,49,28,81,111,37,48,40"/><T59/><D71/><U57/><E1/><V7/><F39/><W9/><G106/><T38/><D3/><U60/><E72/><V63/><F75/><W114/><G69/><T133/><D38/><U6/><E76/><V104/><F104/><W119/><G119/><T44/><D126/><U112/><E112/><V68/><F116/><W127/><G81/><T29/><D80/><U121/><E6/><V99/><F110/><N who="3" m="42027" /><G28/><T83/><D83/><U23/><E121/><V78/><F68/><W5/><G5/><T123/><D123/><U74/><E74/><V11/><F84/><W25/><G25/><T82/><D82/><U113/><E113/><N who="3" m="43018" /><G9/><T34/><D44/><U41/><E32/><V64/><F26/><W100/><G100/><T24/><D101/><U67/><E30/><V92/><F7/><W85/><G85/><T130/><D130/><U15/><E15/><V124/><F11/><W120/><G120/><T93/><REACH who="0" step="1"/><D55/><REACH who="0" ten="454,176,120,240" step="2"/><U95/><E103/><V90/><F52/><N who="3" m="32015" /><G37/><T33/><D33/><U107/><E91/><V31/><F90/><W0/><G0/><T66/><D66/><U117/><E67/><V132/><F64/><W2/><G2/><T12/><D12/><U97/><E89/><V53/><F14/><W87/><G87/><T36/><D36/><N who="1" m="21927" /><E117/><V128/><F99/><W35/><G35/><T4/><D4/><U18/><E97/><V118/><F118/><W51/><G40/><T86/><D86/><U19/><E65/><V98/><F98/><W8/><G127/><T62/><AGARI ba="3,1" hai="13,17,22,24,29,34,54,59,62,93,96,102,133,135" machi="62" ten="30,6000,0" yaku="1,1,0,1,52,1,53,0" doraHai="27" doraHaiUra="43" who="0" fromWho="0" sc="454,79,176,-23,120,-23,240,-23" /><INIT seed="0,4,0,3,0,6" ten="533,153,97,217" oya="0" hai0="122,85,33,61,71,94,109,80,129,99,34,31,62" hai1="74,32,7,52,131,47,27,104,14,83,75,89,110" hai2="19,132,124,105,50,30,112,41,45,24,21,79,39" hai3="135,113,82,36,107,28,3,48,101,98,130,123,1"/><T115/><D115/><U11/><E104/><V18/><F105/><W100/><G36/><T86/><D122/><U16/><E110/><V4/><F112/><W69/><G113/><T114/><D114/><U56/><E131/><V22/><F124/><W134/><G69/><T133/><D129/><U73/><E47/><V54/><F132/><N who="3" m="50731" /><G130/><T116/><D116/><U57/><E57/><V106/><F106/><W87/><G101/><T2/><D2/><U111/><E111/><V0/><F79/><N who="3" m="46559" /><G123/><T17/><D109/><U46/><E46/><V23/><F4/><W72/><G72/><T81/><D71/><U12/><E89/><V95/><F0/><W55/><G28/><T40/><D133/><U121/><E121/><V43/><F95/><W64/><G64/><T76/><D31/><U66/><E66/><V13/><F39/><W103/><G103/><T5/><D94/><U53/><E83/><V102/><F102/><W88/><G88/><T108/><D81/><U44/><E44/><AGARI ba="4,0" hai="1,3,44,48,55,98,100,107" m="46559,50731" machi="44" ten="30,1000,0" yaku="20,1" doraHai="6" who="3" fromWho="1" sc="533,0,153,-22,97,0,217,22" /><INIT seed="1,0,0,4,0,77" ten="533,131,97,239" oya="1" hai0="133,3,132,1,78,2,93,126,56,63,74,66,125" hai1="76,105,127,36,61,30,101,108,115,129,99,131,0" hai2="59,69,23,18,91,51,84,14,107,45,95,80,121" hai3="82,83,19,22,52,31,54,71,29,44,33,73,50"/><U114/><E0/><V113/><F69/><W15/><G71/><T81/><REACH who="0" step="1"/><D93/><REACH who="0" ten="523,131,97,239" step="2"/><U92/><E92/><V12/><F107/><W21/><G33/><T122/><D122/><U9/><E105/><V118/><F121/><W42/><G73/><T7/><D7/><U20/><E115/><V49/><F113/><W116/><G116/><T89/><D89/><U6/><E6/><V48/><F118/><W124/><G124/><AGARI ba="0,1" hai="1,2,3,56,63,66,74,78,81,124,125,126,132,133" machi="124" ten="50,8000,1" yaku="21,2,18,1,52,1,53,0" doraHai="77" doraHaiUra="8" who="0" fromWho="3" sc="523,90,131,0,97,0,239,-80" /><INIT seed="2,0,0,2,4,107" ten="613,131,97,159" oya="2" hai0="134,94,47,109,62,115,0,119,53,112,4,28,24" hai1="6,92,128,116,100,39,126,5,37,81,101,36,122" hai2="90,120,27,11,16,91,38,79,76,22,56,42,14" hai3="132,3,127,58,99,40,35,135,77,61,95,21,102"/><V29/><F120/><W67/><G35/><T10/><D134/><N who="3" m="51241" /><G3/><T12/><D119/><U130/><E116/><V13/><F38/><W25/><G127/><T96/><D0/><U33/><E33/><V63/><F42/><W75/><G40/><T57/><D47/><U50/><E50/><V73/><F13/><W43/><G43/><T44/><D44/><U34/><E34/><V117/><F117/><W15/><G15/><T124/><D124/><U66/><E126/><V46/><F46/><W84/><G84/><T111/><D111/><U78/><E66/><V17/><F17/><N who="3" m="12463" /><G77/><N who="2" m="29769" /><F73/><AGARI ba="0,0" hai="58,61,67,73,75,95,99,102" m="12463,51241" machi="73" ten="30,3900,0" yaku="20,1,52,2" doraHai="107" who="3" fromWho="2" sc="613,0,131,0,97,-39,159,39" /><INIT seed="3,0,0,0,5,52" ten="613,131,58,198" oya="3" hai0="86,111,5,68,42,39,129,74,132,66,118,121,6" hai1="76,91,112,12,100,73,82,32,131,62,125,64,72" hai2="60,47,84,11,102,55,8,53,61,34,17,56,67" hai3="128,120,122,50,101,90,31,117,123,87,115,58,1"/><W15/><G1/><T93/><D74/><U44/><E32/><V54/><F34/><W33/><G117/><T21/><D39/><U4/><E112/><V110/><F110/><W14/><G115/><T3/><D42/><U28/><E28/><V104/><F104/><W35/><G128/><T106/><D66/><U13/><E73/><V24/><F102/><W113/><G113/><T85/><D85/><U36/><E100/><V63/><F84/><W27/><G35/><T108/><D93/><U41/><E125/><V99/><F99/><W70/><G70/><T89/><D21/><U18/><E91/><V98/><F98/><W94/><REACH who="3" step="1"/><G101/><REACH who="3" ten="613,131,58,188" step="2"/><T105/><D68/><U37/><E131/><V20/><F47/><W49/><G49/><T109/><D118/><U134/><E37/><V48/><F48/><W75/><G75/><T95/><D129/><U77/><E72/><V43/><F43/><W114/><G114/><T135/><D3/><U97/><E44/><V79/><F79/><W23/><G23/><T0/><D0/><U78/><E41/><V80/><F80/><W130/><G130/><T119/><D119/><U124/><E36/><V26/><F26/><W29/><G29/><T51/><D51/><U2/><E82/><V126/><F126/><W69/><G69/><T30/><D30/><U19/><E124/><V92/><F92/><W133/><G133/><T59/><D132/><U107/><E134/><V16/><F8/><W57/><G57/><T38/><D59/><U7/><E77/><V103/><F103/><W83/><G83/><T46/><D135/><RYUUKYOKU ba="0,1" sc="613,-15,131,-15,58,15,188,15" hai2="11,16,17,20,24,53,54,55,56,60,61,63,67" hai3="14,15,27,31,33,50,58,87,90,94,120,122,123" /><INIT seed="3,1,1,3,5,129" ten="598,116,73,203" oya="3" hai0="15,37,61,107,56,17,4,57,132,118,82,42,112" hai1="89,43,62,66,77,98,41,127,96,100,108,24,87" hai2="97,16,90,117,102,39,25,26,130,60,109,58,99" hai3="116,103,121,126,51,14,48,134,44,31,28,34,85"/><W114/><G121/><T80/><D107/><U135/><E108/><V69/><F39/><W6/><G116/><T119/><D4/><U111/><E111/><V45/><F69/><W73/><G73/><T2/><D2/><U68/><E77/><V128/><F45/><W131/><G114/><T84/><D37/><U22/><E127/><V105/><F117/><W79/><G126/><T65/><D42/><U95/><E135/><V125/><F109/><W63/><G103/><T27/><D132/><U8/><E8/><V67/><F125/><W1/><G1/><T20/><D112/><U94/><REACH who="1" step="1"/><E98/><REACH who="1" ten="598,106,73,203" step="2"/><V47/><F128/><W49/><G134/><T53/><D118/><U52/><E52/><V5/><F130/><W64/><G131/><T11/><D119/><U40/><E40/><V115/><F115/><W88/><G79/><T10/><D10/><U35/><E35/><V3/><F97/><W120/><G34/><T70/><D11/><U9/><E9/><V81/><F3/><W86/><G6/><T78/><D20/><U101/><E101/><V123/><F5/><W75/><G120/><T12/><D78/><U106/><E106/><V91/><F123/><W33/><G33/><T74/><D53/><U104/><E104/><V113/><F113/><W38/><G75/><T46/><D74/><U71/><E71/><V133/><F133/><W0/><G0/><T32/><D70/><U124/><E124/><V92/><F105/><W72/><G72/><T23/><D32/><U54/><E54/><V76/><F99/><W83/><G64/><T7/><D65/><RYUUKYOKU ba="1,2" sc="598,-10,106,30,73,-10,203,-10" hai1="22,24,41,43,62,66,68,87,89,94,95,96,100" /><INIT seed="4,2,2,5,3,122" ten="588,136,63,193" oya="0" hai0="21,103,88,48,51,78,23,17,35,44,84,59,125" hai1="5,47,10,4,34,26,55,65,42,45,28,121,6" hai2="126,14,112,123,90,128,117,66,107,80,91,49,60" hai3="12,114,132,72,0,96,29,53,124,40,61,116,68"/><T127/><D35/><U38/><E121/><V134/><F107/><W9/><G0/><T52/><D78/><U39/><E65/><V95/><F123/><W109/><G72/><T85/><D103/><U37/><E10/><V24/><F80/><W100/><G116/><T93/><D85/><U133/><E133/><V13/><F134/><W64/><G132/><T25/><REACH who="0" step="1"/><D23/><REACH who="0" ten="578,136,63,193" step="2"/><U33/><E33/><V79/><F79/><W41/><G100/><T99/><D99/><U15/><E34/><V81/><F117/><W62/><G96/><T54/><AGARI ba="2,3" hai="17,21,25,44,48,51,52,54,59,84,88,93,125,127" machi="54" ten="30,11700,0" yaku="1,1,0,1,54,2,53,0" doraHai="122" doraHaiUra="67" who="0" fromWho="0" sc="578,153,136,-41,63,-41,193,-41" /><INIT seed="4,3,0,5,5,66" ten="731,95,22,152" oya="0" hai0="63,58,123,118,90,101,128,79,75,102,67,41,116" hai1="53,94,31,107,106,113,125,88,59,127,126,92,119" hai2="120,54,104,49,43,57,68,39,95,65,19,14,50" hai3="27,37,40,85,103,89,112,80,28,3,129,86,0"/><T12/><D123/><U47/><E119/><V7/><F104/><W26/><G112/><T6/><D128/><U133/><E133/><V132/><F120/><W48/><G129/><T25/><D41/><U8/><E113/><V45/><F132/><W30/><G37/><T15/><D79/><U16/><E31/><V100/><F7/><W109/><G109/><T55/><D75/><U4/><E47/><V29/><F29/><W1/><G103/><T71/><D25/><U34/><E92/><V64/><F100/><W42/><G48/><T124/><D124/><U35/><E35/><V108/><F95/><W33/><REACH who="3" step="1"/><G85/><REACH who="3" ten="731,95,22,142" step="2"/><T98/><D101/><U60/><E106/><V62/><F108/><W78/><G78/><T114/><D102/><U83/><E107/><V99/><F99/><W96/><G96/><T9/><D98/><U23/><E126/><V73/><F73/><W52/><G52/><T22/><D114/><U130/><E53/><V122/><F122/><W20/><AGARI ba="3,1" hai="0,1,3,20,26,27,28,30,33,40,42,80,86,89" machi="20" ten="30,2000,0" yaku="1,1,0,1,53,0" doraHai="66" doraHaiUra="5" who="3" fromWho="3" sc="731,-13,95,-8,22,-8,142,39" /><INIT seed="5,0,0,1,2,63" ten="718,87,14,181" oya="1" hai0="61,121,2,120,4,66,3,76,90,69,112,36,86" hai1="5,50,108,87,59,96,18,16,125,1,107,104,25" hai2="93,46,7,84,15,68,17,77,21,30,130,33,28" hai3="39,32,44,123,81,85,100,94,37,98,58,80,95"/><U62/><E1/><V10/><F68/><W13/><G32/><T49/><D36/><U6/><E107/><V9/><F130/><W101/><G123/><T56/><D76/><U117/><E104/><V92/><F10/><W67/><G13/><T97/><D97/><U8/><E96/><V131/><F131/><W118/><G118/><T128/><D128/><U40/><E125/><V35/><F46/><W122/><G122/><T78/><D78/><U73/><E73/><V99/><F35/><W129/><G98/><T127/><D127/><U111/><E87/><V14/><F33/><W54/><G58/><T11/><D69/><U26/><E117/><V51/><F51/><W24/><G44/><T57/><D2/><U106/><E106/><V110/><F110/><W34/><G34/><T79/><D79/><U91/><E91/><V103/><REACH who="2" step="1"/><F92/><REACH who="2" ten="718,87,4,181" step="2"/><W42/><G94/><T70/><D49/><U88/><E111/><V105/><F105/><W38/><G95/><T126/><D126/><U55/><E108/><V31/><F31/><W45/><G37/><T114/><D120/><U115/><E50/><V60/><F60/><W53/><G39/><T135/><D121/><U109/><E109/><V71/><F71/><W48/><G48/><T47/><D70/><U102/><E62/><V113/><F113/><W89/><G38/><T65/><D112/><U133/><E115/><V75/><F75/><W0/><G45/><T23/><D47/><U27/><E8/><V29/><F29/><W22/><G129/><T134/><D114/><U43/><E59/><V64/><F64/><RYUUKYOKU ba="0,1" sc="718,-10,87,-10,4,30,181,-10" hai2="7,9,14,15,17,21,28,30,77,84,93,99,103" /><INIT seed="6,1,1,5,1,129" ten="708,77,34,171" oya="2" hai0="59,94,41,61,107,35,113,118,132,127,19,40,86" hai1="42,83,26,126,88,49,60,112,50,53,37,110,56" hai2="2,47,93,22,45,84,122,63,66,13,6,98,68" hai3="31,38,46,34,87,18,64,17,81,54,5,74,20"/><V109/><F122/><W78/><G34/><T133/><D113/><U58/><E110/><V114/><F114/><W9/><G64/><T103/><D107/><U67/><E112/><V4/><F109/><W48/><G38/><T23/><D35/><U77/><E77/><V73/><F73/><W90/><G31/><T95/><D127/><U80/><E37/><V106/><F106/><W27/><G18/><T85/><D103/><U130/><E130/><V76/><F2/><W1/><G74/><T99/><D99/><U39/><E39/><V32/><F32/><W89/><AGARI ba="1,1" hai="1,5,9,17,20,27,46,48,54,78,81,87,89,90" machi="89" ten="30,1100,0" yaku="0,1" doraHai="129" who="3" fromWho="3" sc="708,-4,77,-4,34,-6,171,24" /><INIT seed="7,0,0,1,2,113" ten="704,73,28,195" oya="3" hai0="50,78,0,53,115,12,123,110,116,125,37,58,57" hai1="13,131,86,121,27,81,82,99,65,43,84,97,119" hai2="129,22,44,101,38,48,19,94,134,4,49,25,34" hai3="56,7,63,62,89,55,107,87,9,83,111,102,114"/><W122/><G122/><T120/><D12/><U28/><E43/><V39/><F4/><W61/><G111/><T76/><D50/><U124/><E65/><V72/><F72/><W66/><G114/><T68/><D53/><U77/><E13/><V69/><F69/><W36/><G36/><T6/><D58/><U130/><E124/><V10/><F129/><N who="1" m="49161" /><E121/><V1/><F134/><W109/><G109/><T112/><D78/><N who="1" m="46135" /><E119/><V11/><F34/><AGARI ba="0,0" hai="27,28,34,77,82,86,97,99" m="46135,49161" machi="34" ten="30,1000,0" yaku="19,1" doraHai="113" who="1" fromWho="2" sc="704,0,73,10,28,-10,195,0" owari="704,80.0,83,-32.0,18,-48.0,195,0.0" /></mjloggm>