<mjloggm ver="2.3"><GO type="97" lobby="0"/><UN n0="%6B%75%72%6F%74%6F%6D%6F" n1="%E5%B0%B1%E6%B4%BB%E7%94%9F%40%E5%B7%9D%E6%9D%91%E8%BB%8D%E5%9B%A3" n2="%73%65%72%65%6B%75%74%61" n3="%E3%81%9F%E3%81%A1%E3%81%82%E3%81%AA" dan="14,15,14,15" rate="1879.80,2032.32,1894.63,1999.80" sx="M,M,M,F"/><TAIKYOKU oya="0"/><INIT seed="0,0,0,4,3,129" ten="250,250,250,250" oya="0" hai0="88,90,65,122,9,76,44,77,32,132,46,29,35" hai1="11,34,105,82,118,23,130,5,103,3,51,100,109" hai2="60,68,61,45,1,113,99,95,64,120,56,126,38" hai3="94,59,87,30,24,49,70,10,114,73,110,89,39"/><T17/><D122/><U91/><E118/><V131/><F120/><W135/><G70/><T54/><D65/><U119/><E34/><V50/><F1/><W37/><G73/><T111/><D132/><U13/><E119/><V16/><F38/><W121/><G114/><T41/><D111/><U4/><E130/><V75/><F75/><W69/><G69/><T66/><D66/><U117/><E117/><V98/><F113/><W96/><G121/><T14/><D29/><U125/><E125/><V101/><F126/><W67/><G110/><T80/><D77/><U2/><E109/><V62/><F68/><W74/><G74/><T63/><D35/><U6/><E51/><V48/><F48/><W86/><G10/><T19/><D19/><U108/><E108/><V104/><F131/><W12/><G12/><T127/><D127/><U36/><E36/><V21/><F99/><W116/><G87/><N who="0" m="48519" /><D32/><U57/><E57/><V92/><F92/><W85/><G85/><T22/><D22/><U8/><E105/><V52/><F104/><W79/><G116/><T83/><D83/><U47/><E47/><N who="0" m="17961" /><D41/><U18/><E4/><V53/><F53/><N who="3" m="32175" /><G67/><T0/><D0/><U134/><E134/><V123/><F123/><W81/><G135/><T31/><D31/><U106/><E106/><V72/><F72/><W33/><G39/><T28/><D28/><U133/><E133/><V15/><AGARI ba="0,0" hai="15,16,21,45,50,52,56,60,61,62,64,95,98,101" machi="15" ten="20,8000,1" yaku="0,1,7,1,8,1,54,2" doraHai="129" who="2" fromWho="2" sc="250,-40,250,-20,250,80,250,-20" /><INIT seed="1,0,0,3,1,121" ten="210,230,330,230" oya="1" hai0="104,24,69,100,58,18,96,32,21,128,47,113,131" hai1="8,13,88,51,26,114,10,9,92,99,117,22,85" hai2="86,130,53,79,7,76,93,48,54,84,35,124,68" hai3="49,2,101,5,33,60,19,94,56,118,15,132,45"/><U70/><E117/><V41/><F35/><W46/><G33/><T20/><D113/><U36/><E114/><V52/><F68/><W17/><G132/><T120/><D69/><U28/><E36/><V4/><F124/><W108/><G2/><T63/><D120/><U75/><E75/><V112/><F112/><W135/><G135/><T57/><D32/><U116/><E70/><V103/><F130/><W87/><G118/><T109/><D109/><U39/><E39/><V78/><F103/><W30/><G30/><T40/><D21/><U3/><E3/><V125/><F125/><W129/><G129/><T82/><D82/><N who="1" m="49207" /><E51/><V77/><F77/><W107/><G107/><T44/><D58/><U105/><E105/><V122/><F122/><W102/><G108/><T72/><D72/><U38/><E38/><V6/><F93/><W16/><G94/><T55/><D47/><AGARI ba="0,0" hai="4,6,7,41,47,48,52,53,54,76,78,79,84,86" machi="47" ten="50,8000,1" yaku="29,2,8,1,54,1" doraHai="121" who="2" fromWho="0" sc="210,-80,230,0,330,80,230,0" /><INIT seed="2,0,0,4,2,79" ten="130,230,410,230" oya="2" hai0="16,69,21,4,124,85,31,45,33,44,32,42,47" hai1="58,115,111,78,34,96,126,99,134,2,89,27,63" hai2="48,30,37,86,54,109,98,131,91,38,39,93,28" hai3="122,55,1,50,12,135,6,87,49,119,97,26,59"/><V3/><F3/><W132/><G1/><T8/><D124/><U71/><E2/><V22/><F131/><W83/><G119/><T20/><D69/><U11/><E115/><V7/><F7/><W127/><G122/><T107/><D107/><U10/><E126/><V113/><F113/><W82/><G127/><T62/><D42/><U75/><E111/><V14/><F109/><W106/><G26/><T19/><D62/><U121/><E121/><V56/><F98/><W13/><G49/><T41/><D41/><U130/><E130/><V24/><F24/><W118/><G118/><T128/><D128/><U52/><E134/><N who="3" m="51242" /><G87/><T110/><D110/><U40/><E71/><V57/><F57/><W101/><G13/><T108/><D108/><U133/><E133/><V29/><F29/><W18/><G6/><T73/><D73/><U35/><E40/><V0/><F0/><W72/><G72/><T116/><D116/><U112/><E112/><V36/><N who="2" m="9728" /><DORA hai="15" /><V51/><REACH who="2" step="1"/><F48/><REACH who="2" ten="130,230,400,230" step="2"/><W70/><G70/><T105/><D31/><U76/><E27/><V125/><F125/><W88/><G59/><T95/><D4/><U53/><E58/><V103/><F103/><W114/><G50/><T66/><D33/><U23/><E35/><V46/><F46/><W123/><G123/><T90/><D32/><U5/><E34/><V60/><F60/><W100/><G100/><T64/><D105/><U61/><E5/><V102/><F102/><W81/><G106/><T120/><D120/><U68/><E63/><V65/><F65/><N who="0" m="25194" /><D8/><U117/><E10/><V80/><F80/><RYUUKYOKU ba="0,1" sc="130,15,230,-15,400,15,230,-15" hai0="16,19,20,21,44,45,47,85,90,95" hai2="14,22,28,30,51,54,56,86,91,93" /><INIT seed="2,1,1,5,4,75" ten="145,215,415,215" oya="2" hai0="24,56,108,131,44,135,12,87,91,127,113,33,124" hai1="4,100,14,97,120,18,76,8,102,129,50,93,99" hai2="130,126,58,73,7,20,107,95,79,117,103,77,133" hai3="43,64,39,112,115,32,119,84,54,30,68,105,46"/><V3/><F117/><W59/><G119/><T31/><D44/><U10/><E120/><V15/><F73/><W74/><G74/><T88/><D56/><U69/><E129/><V45/><F107/><W29/><G105/><T80/><D12/><N who="1" m="5127" /><E69/><V90/><F103/><N who="1" m="39465" /><E76/><V132/><F126/><N who="0" m="48170" /><D113/><N who="3" m="43593" /><G84/><N who="0" m="50183" /><D108/><U16/><E93/><V96/><F130/><W85/><G85/><T111/><D111/><U61/><E61/><V0/><F45/><W21/><G32/><T98/><D98/><N who="1" m="37387" /><E50/><V86/><F96/><W48/><G21/><T55/><D33/><U70/><E70/><V23/><F23/><W19/><G19/><AGARI ba="1,1" hai="10,14,16,18,19" m="37387,39465,5127" machi="19" ten="30,2000,0" yaku="8,1,54,1" doraHai="75" who="1" fromWho="3" sc="145,0,215,33,415,0,215,-23" /><INIT seed="3,0,0,0,3,102" ten="145,248,415,192" oya="3" hai0="73,58,23,38,32,44,133,12,119,7,110,116,77" hai1="25,72,40,20,26,1,82,37,85,91,88,84,53" hai2="47,57,6,34,75,59,8,3,98,15,90,113,134" hai3="28,41,18,86,112,81,79,94,117,80,69,131,24"/><W65/><G112/><T76/><D133/><U70/><E70/><V48/><F75/><W93/><G117/><T103/><D110/><U127/><E1/><V39/><F34/><W115/><G115/><T61/><D32/><U101/><E127/><V46/><F39/><W10/><G41/><T124/><D124/><U17/><E72/><V5/><F113/><W105/><G105/><T135/><D135/><U67/><E67/><V11/><F134/><W111/><G65/><T19/><D119/><U43/><E101/><V21/><F21/><W27/><G69/><T78/><D116/><U132/><E132/><V123/><F123/><W31/><G131/><T4/><D73/><U107/><E107/><V122/><F47/><W60/><G60/><T45/><D38/><U56/><E26/><V95/><F122/><W130/><G130/><T87/><D103/><U97/><E97/><V126/><F126/><W29/><G81/><T63/><D87/><U71/><E71/><V42/><AGARI ba="0,0" hai="3,5,6,8,11,15,42,46,48,57,59,90,95,98" machi="42" ten="20,1500,0" yaku="0,1,7,1" doraHai="102" who="2" fromWho="2" sc="145,-4,248,-4,415,15,192,-7" owari="141,-36.0,244,4.0,430,53.0,185,-21.0" /></mjloggm>