<mjloggm ver="2.3"><GO type="169" lobby="0"/><UN n0="%E3%82%A6%E3%83%AB%E3%83%88%E3%83%A9%E7%AB%8B%E7%9B%B4" n1="%EF%BC%9D%E9%AB%98%E6%A9%8B%E3%83%91%E3%83%B3%E3%83%80%EF%BC%9D" n2="%E5%85%83%E7%8F%8D" n3="%E3%83%99%E3%82%BF%E3%82%AA%E3%83%AA%E3%82%BA%E3%83%A0" dan="17,16,16,16" rate="2128.61,2126.29,2069.57,2094.09" sx="M,M,M,M"/><TAIKYOKU oya="0"/><INIT seed="0,0,0,3,2,12" ten="250,250,250,250" oya="0" hai0="45,79,30,29,71,36,89,33,3,24,34,132,53" hai1="72,126,104,44,10,60,7,32,50,49,115,124,129" hai2="121,43,5,67,100,85,76,118,122,111,88,112,119" hai3="62,108,123,101,56,46,125,92,77,65,20,26,94"/><T15/><D3/><U105/><E72/><V2/><F67/><W83/><G108/><T40/><D132/><U54/><E32/><V51/><F76/><W113/><G113/><T95/><D71/><U66/><E129/><V70/><F70/><W18/><G125/><N who="1" m="48234" /><E50/><V8/><F100/><W87/><G123/><T23/><D79/><U110/><E110/><V55/><F43/><W35/><G101/><T27/><D53/><U52/><E54/><V64/><F64/><W131/><G131/><T61/><D61/><U102/><E102/><V58/><F111/><W109/><G109/><T90/><REACH who="0" step="1"/><D95/><REACH who="0" ten="240,250,250,250" step="2"/><U68/><E115/><V22/><F112/><W93/><G35/><T78/><D78/><U81/><E81/><V0/><F0/><AGARI ba="0,1" hai="0,7,10,44,49,52,60,66,68,104,105" m="48234" machi="0" ten="30,2000,0" yaku="18,1,54,1" doraHai="12" who="1" fromWho="2" sc="240,0,250,30,250,-20,250,0" /><INIT seed="1,0,0,5,2,28" ten="240,280,230,250" oya="1" hai0="107,76,16,46,45,118,114,27,18,7,44,21,51" hai1="40,32,5,123,56,126,104,86,92,106,36,58,33" hai2="35,48,135,100,55,0,103,128,6,72,119,133,125" hai3="4,22,131,19,37,80,20,84,130,122,71,83,82"/><U49/><E123/><V14/><F119/><W47/><G122/><T88/><D107/><U79/><E36/><V62/><F0/><W29/><G71/><T77/><D114/><U3/><E126/><V105/><F72/><W43/><G4/><T127/><D7/><U2/><E40/><V66/><F125/><W97/><G97/><T89/><D118/><U73/><E73/><V25/><F128/><N who="3" m="49195" /><G29/><T38/><D38/><U34/><E5/><V87/><F87/><W74/><G74/><T95/><D127/><U57/><E49/><V42/><F42/><W68/><G68/><T113/><D113/><U93/><E79/><N who="0" m="30281" /><D18/><U11/><E11/><V24/><F6/><W1/><G1/><N who="1" m="10" /><E86/><V8/><F8/><W94/><G19/><T53/><D89/><AGARI ba="0,0" hai="20,22,37,43,47,80,82,83,84,89,94" m="49195" machi="89" ten="30,1000,0" yaku="19,1" doraHai="28" who="3" fromWho="0" sc="240,-10,280,0,230,0,250,10" /><INIT seed="2,0,0,5,1,84" ten="230,280,230,260" oya="2" hai0="122,49,86,46,50,93,29,65,62,33,35,131,89" hai1="116,1,60,96,128,12,52,26,57,68,72,83,79" hai2="133,20,112,105,27,85,36,103,9,135,124,134,53" hai3="90,108,15,81,10,115,42,13,106,37,6,56,132"/><V87/><F112/><W129/><G106/><T113/><D122/><U92/><E1/><V107/><F36/><W95/><G115/><T120/><D120/><U118/><E128/><V98/><F107/><W11/><G129/><T117/><D131/><U30/><E68/><V40/><F40/><W38/><G108/><T16/><D113/><U69/><E69/><V104/><F104/><W76/><G132/><T54/><D117/><U102/><REACH who="1" step="1"/><E12/><REACH who="1" ten="230,270,230,260" step="2"/><V44/><F124/><W63/><G15/><T19/><D35/><AGARI ba="0,1" hai="26,30,35,52,57,60,72,79,83,92,96,102,116,118" machi="35" ten="30,8000,1" yaku="1,1,2,1,7,1,54,1,53,1" doraHai="84" doraHaiUra="58" who="1" fromWho="0" sc="230,-80,270,90,230,0,260,0" /><INIT seed="3,0,0,5,2,56" ten="150,360,230,260" oya="3" hai0="84,105,128,65,70,112,46,101,48,100,50,1,135" hai1="111,129,75,35,43,18,125,71,72,20,120,117,2" hai2="116,94,24,64,88,73,107,42,49,14,92,106,104" hai3="27,76,11,86,114,58,54,122,123,8,41,10,95"/><W130/><G114/><T134/><D1/><U34/><E43/><V102/><F116/><W126/><G126/><T83/><D84/><U131/><E18/><V80/><F64/><W78/><G130/><T39/><D83/><U51/><E51/><V40/><F24/><W22/><G41/><T98/><D39/><U90/><E90/><V28/><F28/><W9/><G122/><T36/><D36/><U17/><E17/><V25/><F25/><W118/><G123/><T121/><D121/><U61/><E20/><V103/><F14/><W33/><G33/><T87/><D87/><U32/><BYE who="0" /><E120/><UN n0="%E3%82%A6%E3%83%AB%E3%83%88%E3%83%A9%E7%AB%8B%E7%9B%B4" /><V115/><F115/><W79/><G118/><T4/><D4/><U91/><E91/><V21/><F21/><W31/><N who="3" m="2048" /><DORA hai="96" /><W19/><G95/><N who="2" m="36393" /><F49/><N who="0" m="19050" /><D46/><U60/><E71/><V119/><F42/><W133/><G133/><N who="0" m="50699" /><D112/><U67/><E2/><V26/><F26/><W132/><G132/><T127/><D127/><U45/><E125/><V113/><F40/><W63/><REACH who="3" step="1"/><G19/><REACH who="3" ten="150,360,230,250" step="2"/><T89/><D128/><U124/><E117/><V5/><F119/><W3/><G3/><T23/><D23/><U82/><E124/><V53/><F113/><W15/><G15/><T38/><D38/><U37/><E37/><V29/><F29/><W0/><G0/><T30/><D30/><U59/><E129/><V55/><F5/><W85/><AGARI ba="0,1" hai="22,27,31,54,58,63,76,78,79,85,86" m="2048" machi="85" ten="50,12000,1" yaku="1,1,0,1,8,1,52,1,53,1" doraHai="56,96" doraHaiUra="47,16" who="3" fromWho="3" sc="150,-40,360,-40,230,-40,250,130" /><INIT seed="3,1,0,5,0,78" ten="110,320,190,380" oya="3" hai0="100,52,70,64,99,5,133,109,6,53,67,26,106" hai1="84,1,104,42,92,14,102,27,110,113,11,65,88" hai2="115,82,131,76,55,54,89,75,103,40,49,56,135" hai3="83,13,39,7,72,60,129,38,93,85,25,98,61"/><W121/><G121/><T81/><D109/><U43/><E110/><V21/><F115/><W58/><G72/><T71/><D133/><U17/><E113/><V30/><F135/><W51/><G129/><T108/><D108/><U132/><E1/><V9/><F131/><W59/><G39/><T45/><D26/><U124/><E124/><V96/><F89/><N who="3" m="51391" /><G38/><T23/><D23/><N who="1" m="13807" /><E104/><V116/><F9/><N who="3" m="4287" /><G25/><T10/><D81/><N who="1" m="49167" /><E65/><V2/><F2/><W68/><G68/><T48/><D53/><U79/><E79/><V97/><F116/><W18/><G18/><T126/><D126/><U31/><E31/><V8/><F8/><W127/><G127/><T50/><D50/><U35/><E35/><V128/><F128/><W33/><G33/><T34/><D34/><U20/><E20/><V117/><F117/><W63/><G51/><T57/><D64/><U105/><E105/><V32/><F32/><W86/><G86/><T44/><D71/><U47/><E132/><V111/><F111/><W29/><G29/><T73/><D73/><U120/><E120/><V91/><F75/><W46/><G63/><T36/><D36/><U114/><E114/><V16/><F30/><W94/><G60/><T87/><D70/><U37/><E37/><V95/><F76/><W134/><G61/><T0/><D67/><U41/><E47/><V19/><F49/><W77/><G77/><T3/><REACH who="0" step="1"/><D87/><REACH who="0" ten="100,320,190,380" step="2"/><U12/><E11/><AGARI ba="1,1" hai="0,3,5,6,10,11,44,45,48,52,57,99,100,106" machi="11" ten="40,8000,1" yaku="1,1,2,1,9,1,54,1,53,0" doraHai="78" doraHaiUra="74" who="0" fromWho="1" sc="100,93,320,-83,190,0,380,0" /><INIT seed="4,0,0,3,2,38" ten="193,237,190,380" oya="0" hai0="30,106,62,76,48,113,8,81,29,99,112,34,5" hai1="64,37,103,98,80,32,50,79,101,130,42,120,86" hai2="131,17,26,124,24,111,25,91,49,22,27,118,74" hai3="6,39,126,71,104,4,109,51,75,63,114,60,58"/><T73/><D62/><U68/><E37/><V33/><F111/><W78/><G39/><T125/><D125/><U52/><E120/><V13/><F74/><W93/><G104/><T1/><D48/><U117/><E117/><V96/><F124/><W11/><G126/><T90/><D90/><U54/><E32/><V41/><F118/><W102/><G71/><T53/><D53/><N who="1" m="20587" /><E68/><V2/><F2/><W36/><G36/><T7/><D7/><U70/><E70/><V121/><F121/><W65/><G60/><T100/><REACH who="0" step="1"/><D30/><REACH who="0" ten="183,237,190,380" step="2"/><U95/><E130/><V123/><F131/><W105/><G51/><T44/><D44/><N who="1" m="25879" /><E64/><V128/><F128/><W115/><G65/><T119/><D119/><U66/><E66/><V107/><F123/><W55/><G6/><T40/><D40/><U108/><E108/><V84/><F41/><W0/><G109/><T97/><D97/><U57/><E57/><V61/><F49/><W116/><G116/><T94/><D94/><U92/><E92/><V28/><F61/><W72/><G93/><T88/><D88/><AGARI ba="0,1" hai="79,80,86,88,95,98,101,103" m="25879,20587" machi="88" ten="30,7700,0" yaku="8,1,52,1,54,2" doraHai="38" who="1" fromWho="0" sc="183,-77,237,87,190,0,380,0" /><INIT seed="5,0,0,5,1,125" ten="106,324,190,380" oya="1" hai0="115,75,3,47,116,12,117,6,32,5,15,4,82" hai1="128,10,83,103,127,134,52,84,24,42,95,40,131" hai2="1,104,9,110,0,38,98,41,66,60,58,23,61" hai3="22,45,88,46,35,118,67,90,34,77,76,27,8"/><U107/><E107/><V56/><F110/><W53/><G67/><T59/><D59/><U109/><E127/><V114/><F114/><W100/><G100/><T71/><D47/><N who="3" m="17929" /><G35/><T50/><D50/><U44/><E109/><V69/><F69/><W70/><G34/><T64/><D82/><U20/><E10/><V129/><F9/><W99/><G70/><T89/><D89/><N who="3" m="34409" /><G99/><T92/><D92/><U26/><E134/><V101/><F41/><W108/><G108/><T11/><D64/><U80/><E95/><V124/><F38/><W28/><G118/><N who="0" m="45675" /><D75/><U119/><E119/><V120/><F124/><W63/><G8/><N who="0" m="2079" /><D71/><U121/><E103/><V94/><F104/><W30/><G28/><T19/><D115/><U112/><E112/><V111/><F111/><W78/><G63/><T87/><D87/><U130/><E121/><V86/><F120/><W36/><G36/><T21/><D32/><U55/><E44/><V49/><F86/><W106/><G106/><T16/><AGARI ba="0,0" hai="5,6,11,12,15,16,19,21" m="2079,45675" machi="16" ten="30,4000,0" yaku="34,2,54,1" doraHai="125" who="0" fromWho="0" sc="106,40,324,-20,190,-10,380,-10" /><INIT seed="6,0,0,3,2,7" ten="146,304,180,370" oya="2" hai0="93,74,54,52,87,46,111,14,39,17,85,115,24" hai1="96,34,92,77,37,98,18,64,75,25,84,60,44" hai2="10,9,45,40,29,57,55,27,71,21,117,38,65" hai3="43,79,78,69,50,107,104,15,121,36,133,113,120"/><V22/><F117/><W125/><G69/><T30/><D74/><U110/><E75/><V1/><F1/><W82/><G36/><T59/><D111/><U62/><E110/><V126/><F126/><W13/><G50/><N who="0" m="28759" /><D39/><U6/><E6/><V97/><F97/><W114/><G82/><T105/><D105/><U11/><E34/><V91/><F91/><W12/><G43/><T127/><D127/><U4/><E44/><V103/><F103/><W42/><G42/><T5/><D5/><U89/><E37/><V130/><F22/><W88/><G125/><T16/><D115/><N who="3" m="44041" /><G88/><N who="0" m="53391" /><D87/><U134/><E84/><V31/><F31/><W108/><G108/><T132/><D132/><U102/><E89/><V35/><F35/><W49/><G133/><T131/><D131/><U123/><E123/><N who="3" m="47178" /><G49/><N who="0" m="31183" /><D14/><U76/><E134/><V99/><F99/><W48/><G48/><T19/><D30/><U23/><E96/><V135/><F135/><W128/><G128/><T86/><D86/><U51/><E51/><N who="2" m="30975" /><F130/><W100/><G100/><T72/><D72/><U58/><E62/><AGARI ba="0,0" hai="9,10,21,27,29,38,40,45,62,65,71" m="30975" machi="62" ten="30,5800,0" yaku="24,1,52,2" doraHai="7" who="2" fromWho="1" sc="146,0,304,-58,180,58,370,0" /><INIT seed="6,1,0,5,0,31" ten="146,246,238,370" oya="2" hai0="89,127,47,28,107,123,35,64,116,57,124,122,0" hai1="115,117,59,118,24,26,29,4,13,99,45,16,51" hai2="67,7,73,74,113,112,76,135,33,111,9,8,85" hai3="53,55,58,30,10,39,52,129,43,114,108,23,119"/><V49/><F135/><W3/><G108/><T32/><D107/><U128/><E115/><N who="2" m="44107" /><F111/><W133/><G114/><T125/><D28/><U82/><E128/><V109/><F109/><W98/><G119/><T90/><D47/><U15/><E4/><V34/><F67/><W134/><G129/><T14/><D14/><U25/><E29/><V92/><F49/><W130/><G130/><T100/><D100/><U81/><E13/><N who="2" m="5279" /><F9/><W88/><G3/><T17/><D17/><U75/><E75/><N who="2" m="28683" /><F92/><N who="3" m="56583" /><G10/><T37/><D37/><U84/><E118/><V93/><F93/><W19/><G30/><T44/><D44/><U103/><E59/><V60/><F60/><N who="3" m="35911" /><G39/><T36/><D36/><U132/><E132/><N who="3" m="50794" /><G43/><T50/><D0/><U54/><E117/><V102/><F102/><W61/><G61/><N who="0" m="37935" /><D50/><U65/><E65/><V95/><F95/><W56/><G56/><T20/><D116/><U40/><E40/><V110/><F110/><W62/><G62/><T12/><D123/><U2/><E2/><V6/><F6/><W104/><G104/><T41/><D122/><U46/><E45/><V126/><F126/><N who="0" m="32258" /><T105/><DORA hai="38" /><D105/><U63/><E63/><V11/><F11/><W87/><G55/><T22/><D41/><U42/><E42/><V18/><F18/><W68/><G53/><T72/><D72/><U69/><E54/><V120/><F120/><W21/><G19/><N who="0" m="10343" /><D22/><U27/><E46/><V121/><F121/><W80/><G68/><T71/><D71/><U96/><E103/><V94/><F94/><W83/><G23/><T91/><AGARI ba="1,0" hai="32,35,89,90,91" m="10343,32258,37935" machi="91" ten="50,6400,0" yaku="18,1,52,2" doraHai="31,38" who="0" fromWho="0" sc="146,67,246,-17,238,-33,370,-17" /><INIT seed="7,0,0,3,2,50" ten="213,229,205,353" oya="3" hai0="102,10,52,45,4,88,74,127,67,133,92,31,64" hai1="1,98,21,66,32,24,18,94,71,79,68,104,54" hai2="53,34,110,27,99,89,16,135,46,58,65,128,49" hai3="123,15,20,3,80,78,111,77,95,96,37,22,6"/><W112/><G20/><T76/><D74/><U93/><E1/><V108/><F135/><W82/><G82/><T134/><D76/><U13/><E79/><V116/><F116/><W69/><G22/><T33/><D102/><U12/><E104/><V97/><F128/><W83/><G15/><N who="0" m="5575" /><D52/><U43/><E43/><V39/><F110/><W0/><G83/><T121/><D45/><U59/><E66/><V41/><F108/><W106/><G95/><T11/><D11/><U44/><E44/><V115/><F115/><W57/><G57/><T125/><D121/><U19/><E93/><V2/><F2/><W23/><G96/><N who="0" m="57351" /><D67/><U51/><E32/><V122/><F122/><W30/><G80/><T81/><D64/><U62/><E62/><V85/><F65/><W86/><G86/><T36/><D81/><U72/><E72/><V118/><F118/><W8/><G37/><T84/><D84/><U117/><E117/><V130/><F130/><W100/><G69/><T114/><D36/><U17/><E68/><V42/><F42/><W109/><G3/><T28/><D114/><U7/><E7/><V26/><F26/><W35/><G112/><T63/><D63/><U9/><E71/><V47/><F47/><W131/><G123/><T119/><D119/><U107/><E107/><V113/><F113/><W14/><G131/><T56/><D56/><U55/><E55/><V120/><F120/><W101/><G109/><T124/><D33/><U91/><E9/><V60/><F39/><W70/><G111/><T5/><D5/><U75/><E75/><V29/><F16/><AGARI ba="0,0" hai="12,13,16,17,18,19,21,24,51,54,59,91,94,98" machi="16" ten="40,8000,1" yaku="6,1,8,1,52,1,54,1" doraHai="50" who="1" fromWho="2" sc="213,0,229,80,205,-80,353,0" owari="213,-19.0,309,11.0,125,-37.0,353,45.0" /></mjloggm>