<mjloggm ver="2.3"><GO type="225" lobby="0"/><UN n0="%E3%83%88%E3%83%88%E3%83%AA%E5%85%88%E7%94%9F%31%39%E6%AD%B3" n1="%E3%82%A8%E3%83%AB%E3%82%AF" n2="%E3%82%AB%E3%83%AA%E3%83%95%E3%82%A9%E3%83%AB%E3%83%8B%E3%82%A2%E9%A2%A8" n3="%E3%82%8A%E3%82%87%E3%81%86%E3%81%BE%35%37%32%34" dan="17,16,17,16" rate="2258.67,2094.72,2131.69,2172.05" sx="F,M,M,M"/><TAIKYOKU oya="0"/><INIT seed="0,0,0,3,2,2" ten="250,250,250,250" oya="0" hai0="44,103,66,119,17,15,128,86,26,77,1,80,33" hai1="41,130,29,125,126,124,72,28,82,75,7,14,11" hai2="10,129,46,79,16,30,114,121,96,36,24,123,70" hai3="95,94,99,55,134,48,97,25,20,116,91,84,127"/><T93/><D119/><U73/><E130/><V69/><F114/><W118/><G127/><T87/><D1/><U59/><E41/><V61/><F79/><W38/><G38/><T65/><D128/><U0/><E82/><V60/><F129/><W52/><G134/><T89/><D33/><U18/><REACH who="1" step="1"/><E59/><REACH who="1" ten="250,240,250,250" step="2"/><V35/><F70/><W133/><G133/><T135/><D135/><U122/><E122/><V37/><F69/><W106/><G106/><T6/><D44/><U39/><E39/><V56/><F37/><W101/><G99/><T131/><D131/><U47/><E47/><V92/><F46/><W105/><G105/><T58/><D58/><U64/><E64/><V19/><F36/><W57/><REACH who="3" step="1"/><G55/><REACH who="3" ten="250,240,250,240" step="2"/><T76/><D65/><U34/><E34/><V22/><F35/><W63/><G63/><T32/><D66/><U104/><E104/><V90/><F61/><W49/><G49/><T107/><D107/><U67/><E67/><V4/><F123/><W117/><G117/><T113/><D32/><U111/><E111/><V9/><F121/><W42/><G42/><T53/><D53/><U110/><E110/><V8/><F60/><W78/><G78/><T112/><D77/><U81/><E81/><V74/><F96/><W50/><G50/><T27/><D76/><U31/><E31/><AGARI ba="0,2" hai="20,25,31,48,52,57,84,91,94,95,97,101,116,118" machi="31" ten="30,3900,0" yaku="1,1,7,1,54,1,53,0" doraHai="2" doraHaiUra="3" who="3" fromWho="1" sc="250,0,240,-39,250,0,240,59" /><INIT seed="1,0,0,1,5,7" ten="250,201,250,299" oya="1" hai0="66,10,39,102,2,92,73,86,115,61,62,116,104" hai1="49,18,23,42,80,34,63,89,135,85,68,112,48" hai2="71,29,94,124,119,82,1,129,57,54,3,22,117" hai3="96,56,67,40,46,126,20,95,64,122,24,75,121"/><U72/><E135/><V50/><F71/><W101/><G75/><T45/><D115/><U111/><E112/><V108/><F124/><W21/><G21/><T41/><D116/><U53/><E111/><V83/><F1/><W134/><G126/><T5/><D86/><U13/><E34/><V114/><F3/><W84/><G84/><T30/><D92/><U78/><E42/><V12/><F114/><W11/><G11/><T130/><D130/><U44/><E68/><V26/><F129/><W38/><G134/><T103/><D30/><U17/><E17/><V59/><F108/><W77/><G77/><T69/><D62/><U90/><E63/><V91/><F119/><W110/><G110/><T47/><D47/><U8/><E72/><V105/><F105/><W4/><G4/><T0/><D0/><U79/><E79/><V87/><F117/><W37/><G37/><T98/><D103/><U70/><E70/><V118/><F118/><W106/><G106/><T31/><D31/><U27/><REACH who="1" step="1"/><E49/><REACH who="1" ten="250,191,250,299" step="2"/><V109/><F109/><W133/><G133/><T76/><D76/><U33/><E33/><V6/><F50/><W43/><G40/><T65/><D66/><U123/><E123/><V120/><F120/><W99/><G67/><T55/><D55/><U107/><E107/><V113/><F54/><W25/><G122/><T51/><D51/><U9/><E9/><N who="2" m="4151" /><F113/><W125/><G121/><T14/><D73/><U19/><AGARI ba="0,1" hai="8,13,18,19,23,27,44,48,53,78,80,85,89,90" machi="19" ten="20,12000,1" yaku="1,1,0,1,7,1,8,1,52,1,53,0" doraHai="7" doraHaiUra="28" who="1" fromWho="1" sc="250,-40,191,130,250,-40,299,-40" /><INIT seed="1,1,0,4,2,10" ten="210,321,210,259" oya="1" hai0="30,52,14,108,6,128,12,129,105,134,95,7,104" hai1="43,119,65,100,120,76,35,82,36,94,78,132,85" hai2="83,110,115,0,37,114,72,84,31,19,44,55,8" hai3="63,23,97,112,81,28,109,21,42,25,90,98,107"/><U16/><E119/><V39/><F72/><W3/><G112/><N who="2" m="43049" /><F110/><W73/><G109/><T17/><D108/><U64/><E120/><V106/><F106/><N who="0" m="41066" /><D134/><U103/><E35/><V58/><F31/><W130/><G3/><T45/><D30/><U5/><E5/><N who="0" m="1545" /><D95/><U2/><E2/><V54/><F0/><W79/><G42/><T126/><D17/><U46/><E132/><V113/><F113/><W1/><G1/><T133/><D133/><U116/><E116/><V131/><F131/><N who="0" m="50250" /><D126/><U99/><E103/><V57/><F44/><W11/><G130/><T60/><D60/><U32/><E32/><V75/><F75/><W49/><G11/><T77/><D77/><U135/><E76/><N who="2" m="46183" /><F19/><W111/><G111/><T50/><AGARI ba="1,0" hai="12,14,45,50,52" m="50250,1545,41066" machi="50" ten="40,8000,1" yaku="19,1,52,2,54,1" doraHai="10" who="0" fromWho="0" sc="210,83,321,-41,210,-21,259,-21" /><INIT seed="2,0,0,2,2,56" ten="293,280,189,238" oya="2" hai0="113,61,126,20,7,128,117,21,70,72,46,49,13" hai1="51,43,83,16,108,48,120,74,94,76,124,11,135" hai2="115,93,118,28,114,41,131,26,33,8,60,9,89" hai3="121,53,39,25,82,1,107,6,84,77,103,91,95"/><V2/><F118/><W34/><G121/><T85/><D72/><U45/><E120/><V29/><F41/><W4/><G39/><T18/><D113/><U96/><E108/><V109/><F109/><W37/><G37/><T15/><D117/><U125/><E135/><V78/><F78/><W130/><G130/><T98/><D128/><U110/><E110/><V119/><F131/><W69/><G69/><T44/><D126/><N who="1" m="48747" /><E51/><V0/><F119/><W58/><G1/><N who="2" m="617" /><F93/><W47/><G47/><T99/><D46/><U38/><E38/><V100/><F100/><W30/><G103/><T57/><D70/><U127/><E127/><V22/><F89/><W122/><G107/><T79/><D85/><U80/><E80/><V71/><F60/><W10/><G10/><N who="2" m="4201" /><F71/><W31/><G31/><N who="2" m="11849" /><F33/><W87/><G122/><T36/><D79/><U104/><E104/><V116/><F116/><W67/><G67/><N who="0" m="39343" /><D36/><U102/><E94/><V106/><F106/><W81/><G95/><T97/><D49/><AGARI ba="0,0" hai="4,6,25,30,34,49,53,58,77,81,82,84,87,91" machi="49" ten="30,1000,0" yaku="7,1" doraHai="56" who="3" fromWho="0" sc="293,-10,280,0,189,0,238,10" /><INIT seed="3,0,0,2,3,129" ten="283,280,189,248" oya="3" hai0="25,114,38,87,100,121,70,125,92,2,23,30,20" hai1="32,22,65,115,53,132,43,111,67,24,12,91,105" hai2="93,18,71,94,19,101,11,80,84,120,49,75,28" hai3="82,64,40,104,54,81,134,127,51,57,21,130,102"/><W13/><G130/><T135/><D135/><U27/><E115/><V85/><F120/><W76/><G127/><T45/><D121/><U37/><E105/><V59/><F71/><W109/><G134/><T74/><D74/><U124/><E132/><V29/><F75/><W35/><G35/><T118/><D118/><U46/><E124/><V107/><F107/><W34/><G34/><T95/><D125/><U99/><E111/><V119/><F119/><W62/><G109/><T98/><D2/><U108/><E108/><V0/><F0/><W33/><G33/><T131/><D70/><U58/><E12/><N who="2" m="7455" /><F19/><W97/><G40/><T116/><D116/><U10/><E10/><V44/><F59/><W63/><G63/><T126/><D126/><U103/><E32/><V41/><F85/><W110/><G110/><T1/><D1/><U60/><E103/><V36/><F36/><W106/><G106/><T26/><D114/><U3/><E3/><V7/><F7/><W31/><G76/><T72/><D72/><U90/><E27/><V79/><F101/><W73/><G73/><T8/><D38/><U112/><E112/><V69/><F69/><W113/><G113/><T66/><D131/><U123/><E123/><V77/><F79/><W14/><G14/><T133/><D133/><U4/><E4/><V56/><F56/><W5/><G5/><T42/><D8/><U61/><E99/><V68/><F68/><N who="3" m="42007" /><G13/><T15/><D15/><U122/><E122/><V86/><F86/><W39/><G39/><T55/><D87/><U88/><E61/><V96/><F96/><RYUUKYOKU ba="0,0" sc="283,-30,280,10,189,10,248,10" hai1="22,24,37,43,46,53,58,60,65,67,88,90,91" hai2="28,29,41,44,49,77,80,84,93,94" hai3="21,31,51,54,57,81,82,97,102,104" /><INIT seed="3,1,0,0,2,58" ten="253,290,199,258" oya="3" hai0="114,0,110,59,34,43,75,94,51,92,41,56,124" hai1="20,119,55,40,28,112,99,63,123,134,131,128,19" hai2="102,78,60,106,129,71,130,53,37,103,54,95,16" hai3="52,30,64,82,86,44,135,18,96,32,127,10,24"/><W107/><G127/><T122/><D122/><U5/><E123/><V26/><F37/><W46/><G135/><T39/><D0/><U27/><E134/><V84/><F106/><W21/><G64/><T61/><D75/><U9/><E112/><V120/><F120/><W62/><G10/><T116/><D34/><U6/><E119/><V14/><F26/><W85/><G85/><T66/><D39/><U35/><E40/><V11/><F78/><W83/><G83/><T12/><D116/><U74/><E74/><V109/><F109/><W77/><G107/><T108/><D124/><U80/><E80/><V98/><F84/><W31/><G96/><T101/><D114/><U121/><E99/><V87/><F87/><W100/><G100/><T113/><D113/><U69/><E121/><V8/><F103/><W90/><G90/><T29/><D29/><N who="3" m="10761" /><G32/><T1/><D1/><N who="1" m="175" /><E6/><V133/><F8/><W36/><G36/><T111/><D101/><U68/><E68/><V132/><F133/><W76/><G76/><T65/><D94/><U79/><E79/><V88/><F102/><W4/><G4/><T38/><D92/><U50/><E69/><V3/><F3/><W73/><G73/><T105/><D105/><U91/><E91/><V104/><F104/><W97/><G97/><T89/><D89/><U25/><E35/><V13/><F132/><W17/><G17/><T33/><D33/><U70/><E19/><V48/><F14/><W67/><G67/><N who="0" m="39335" /><D12/><U81/><E81/><V93/><F95/><W49/><G49/><T125/><D125/><U23/><E50/><RYUUKYOKU ba="1,0" sc="253,-10,290,-10,199,-10,258,30" hai3="18,21,24,44,46,52,62,77,82,86" /><INIT seed="3,2,0,3,0,100" ten="243,280,189,288" oya="3" hai0="62,109,72,123,70,61,120,113,1,115,101,104,42" hai1="97,3,25,133,84,39,17,5,102,54,4,107,56" hai2="9,66,94,98,64,48,47,135,18,83,121,88,14" hai3="118,131,80,27,114,24,29,67,8,69,50,2,93"/><W55/><G118/><T96/><D61/><U95/><E39/><V77/><F121/><N who="0" m="46666" /><D42/><U75/><E75/><V65/><F135/><W35/><G114/><N who="0" m="43531" /><D72/><U81/><E107/><V40/><REACH who="2" step="1"/><F66/><REACH who="2" ten="243,280,179,288" step="2"/><W68/><G67/><N who="0" m="41335" /><D1/><U111/><E133/><V91/><F91/><W124/><G69/><T92/><D109/><U49/><E3/><V127/><F127/><W132/><G68/><T128/><D128/><U36/><E111/><V33/><F33/><W63/><G35/><T20/><D20/><N who="1" m="13455" /><E36/><V110/><F110/><W11/><G2/><T16/><D16/><U79/><AGARI ba="2,1" hai="4,5,49,54,56,79,81,84,95,97,102" m="13455" machi="79" ten="30,1100,0" yaku="8,1" doraHai="100" who="1" fromWho="1" sc="243,-5,280,27,179,-5,288,-7" owari="238,-16.0,307,41.0,174,-33.0,281,8.0" /></mjloggm>