<mjloggm ver="2.3"><GO type="97" lobby="0"/><UN n0="%74%6F%70%70%6F%5E" n1="%73%61%72%61%7A%6F" n2="%E3%83%88%E3%83%88%E3%83%AA%E5%85%88%E7%94%9F%31%39%E6%AD%B3" n3="%6B%61%74%73%75%33%34" dan="13,14,13,14" rate="1919.99,1904.74,1994.18,1987.93" sx="M,M,F,M"/><TAIKYOKU oya="0"/><INIT seed="0,0,0,5,1,11" ten="250,250,250,250" oya="0" hai0="81,118,64,106,72,36,37,107,15,18,23,22,8" hai1="69,45,88,126,54,129,17,21,62,125,28,116,122" hai2="38,92,90,127,43,83,78,117,94,44,58,12,98" hai3="80,30,95,31,112,74,71,51,20,87,24,93,123"/><T16/><D118/><U49/><E122/><V14/><F117/><W59/><G71/><T73/><D8/><U27/><E116/><V9/><F127/><N who="1" m="48649" /><E129/><V128/><F128/><W114/><G74/><T79/><D72/><U56/><E69/><V101/><F58/><W133/><G133/><T40/><D64/><U105/><E105/><V104/><F9/><W108/><G108/><T41/><D41/><U61/><E45/><V50/><F38/><W113/><G123/><T4/><D4/><U110/><E110/><V7/><F7/><W109/><G109/><T5/><D5/><U70/><E70/><V97/><REACH who="2" step="1"/><F104/><REACH who="2" ten="250,250,240,250" step="2"/><W76/><REACH who="3" step="1"/><G31/><REACH who="3" ten="250,250,240,240" step="2"/><T84/><D106/><U111/><E28/><V102/><F102/><W120/><G120/><T53/><D107/><U1/><E111/><V32/><F32/><W6/><G6/><T89/><D37/><U3/><E3/><V25/><F25/><W47/><G47/><T2/><D36/><U86/><E1/><V26/><F26/><W103/><G103/><T34/><D2/><U91/><E91/><V75/><AGARI ba="0,2" hai="12,14,43,44,50,75,78,83,90,92,94,97,98,101" machi="75" ten="20,8000,1" yaku="1,1,0,1,7,1,52,2,53,0" doraHai="11" doraHaiUra="67" who="2" fromWho="2" sc="250,-40,250,-20,240,100,240,-20" /><INIT seed="1,0,0,1,5,10" ten="210,230,340,220" oya="1" hai0="124,74,107,26,16,1,69,130,88,105,67,133,83" hai1="115,73,77,68,41,42,120,134,15,47,127,117,21" hai2="126,44,12,100,36,13,0,8,19,27,46,104,65" hai3="91,112,82,32,70,71,94,9,85,118,75,81,96"/><U99/><E68/><V109/><F109/><W89/><G32/><T97/><D1/><U108/><E120/><V106/><F0/><W53/><G112/><T87/><D124/><U40/><E115/><V29/><F126/><W37/><G37/><T11/><D133/><U122/><E122/><V111/><F111/><W101/><G118/><T102/><D130/><U49/><E117/><V52/><F65/><W116/><G116/><T48/><D107/><U95/><E127/><V114/><F114/><W28/><G28/><T103/><D103/><U80/><E108/><V119/><F119/><W76/><G53/><T45/><D74/><U132/><E132/><V66/><F66/><W84/><REACH who="3" step="1"/><G9/><REACH who="3" ten="210,230,340,210" step="2"/><T72/><D11/><U98/><E134/><V4/><F36/><W25/><G25/><T51/><D26/><U58/><E58/><V61/><F46/><W35/><G35/><T64/><D45/><U125/><E125/><V43/><F44/><W57/><G57/><T78/><D69/><U3/><E3/><V6/><F27/><W20/><G20/><T34/><D34/><U92/><E21/><V18/><F29/><W93/><AGARI ba="0,1" hai="70,71,75,76,81,82,84,85,89,91,93,94,96,101" machi="93" ten="20,2700,0" yaku="1,1,0,1,7,1,53,0" doraHai="10" doraHaiUra="110" who="3" fromWho="3" sc="210,-7,230,-13,340,-7,210,37" /><INIT seed="2,0,0,4,2,94" ten="203,217,333,247" oya="2" hai0="64,46,16,78,76,113,129,123,0,69,40,58,53" hai1="74,107,89,3,124,5,20,92,101,57,48,15,33" hai2="31,81,87,12,99,49,37,45,61,38,95,23,4" hai3="22,133,47,79,86,34,65,35,27,70,120,39,116"/><V60/><F38/><W118/><G70/><T96/><D123/><U109/><E74/><V112/><F37/><W117/><G65/><T77/><D113/><U131/><E33/><V14/><F112/><W63/><G63/><N who="2" m="24137" /><F4/><W19/><G120/><T75/><D75/><U88/><E107/><V108/><F108/><W9/><G133/><T8/><D69/><U134/><E3/><V71/><F71/><W13/><G79/><T21/><D64/><U36/><E36/><V1/><F1/><W30/><G86/><T72/><D72/><U119/><E119/><V125/><F125/><W67/><G67/><T127/><D127/><U32/><E32/><N who="3" m="12330" /><G47/><T62/><D129/><U10/><E124/><V25/><F87/><W6/><G39/><T105/><D8/><U135/><E131/><V110/><F81/><W98/><G98/><T73/><D0/><U42/><E109/><V97/><F110/><W80/><G80/><T83/><D96/><N who="2" m="36938" /><F95/><W56/><G56/><T66/><D105/><U28/><E135/><V121/><F121/><W41/><G41/><AGARI ba="0,0" hai="12,14,23,25,31,41,45,49" m="36938,24137" machi="41" ten="30,11600,0" yaku="8,1,52,3" doraHai="94" who="2" fromWho="3" sc="203,0,217,0,333,116,247,-116" /><INIT seed="2,1,0,5,3,85" ten="203,217,449,131" oya="2" hai0="54,37,128,51,47,21,119,96,9,33,23,118,80" hai1="31,42,78,104,94,77,106,102,63,32,86,14,116" hai2="115,72,109,52,122,53,81,68,123,67,29,70,12" hai3="100,90,60,131,16,103,66,130,135,88,1,38,74"/><V27/><F115/><W49/><G38/><T120/><D120/><U121/><E42/><V34/><F109/><W84/><G1/><T25/><D128/><N who="3" m="49193" /><G74/><T7/><D33/><U2/><E2/><V134/><F134/><W18/><G135/><T45/><D80/><U56/><E14/><V124/><F124/><W36/><G36/><T99/><D37/><U17/><E17/><N who="3" m="6762" /><G49/><T3/><D45/><U24/><E116/><N who="0" m="44585" /><D23/><U62/><E121/><V5/><F72/><W41/><G41/><T6/><D7/><U44/><E44/><V107/><F5/><W98/><G84/><T64/><D64/><U111/><E111/><V89/><F67/><W105/><G103/><T40/><D40/><U13/><E13/><V71/><F12/><W28/><G28/><AGARI ba="1,0" hai="3,6,9,21,25,28,47,51,54,96,99" m="44585" machi="28" ten="30,1000,0" yaku="12,1" doraHai="85" who="0" fromWho="3" sc="203,13,217,0,449,0,131,-13" /><INIT seed="3,0,0,3,5,30" ten="216,217,449,118" oya="3" hai0="28,18,26,92,39,44,94,52,54,114,128,109,133" hai1="49,45,87,127,90,130,59,129,85,74,46,36,123" hai2="125,9,66,132,29,108,3,111,0,11,17,14,71" hai3="35,32,107,50,118,7,24,53,83,82,103,112,121"/><W106/><G121/><T19/><D109/><U119/><E74/><V115/><F115/><W56/><G118/><T22/><D128/><N who="1" m="49259" /><E123/><V61/><F132/><W13/><G112/><T86/><D133/><U64/><E119/><V34/><F125/><W5/><G24/><T8/><D114/><U65/><E127/><V42/><F42/><W57/><G13/><N who="0" m="7463" /><D86/><N who="1" m="32779" /><E90/><V88/><F88/><W55/><G50/><T126/><D126/><U91/><E91/><V104/><F104/><W81/><REACH who="3" step="1"/><G83/><REACH who="3" ten="216,217,449,108" step="2"/><T77/><D39/><U41/><E59/><N who="2" m="37183" /><F14/><W31/><G31/><T120/><D28/><U69/><E69/><V62/><F29/><W101/><AGARI ba="0,1" hai="5,7,32,35,53,55,56,57,81,82,101,103,106,107" machi="101" ten="25,18000,2" yaku="1,1,0,1,22,2,52,2,53,0" doraHai="30" doraHaiUra="6" who="3" fromWho="3" sc="216,-60,217,-60,449,-60,108,190" /><INIT seed="3,1,0,2,0,134" ten="156,157,389,298" oya="3" hai0="88,11,63,96,12,47,73,15,79,66,68,99,59" hai1="40,118,21,58,60,75,46,127,3,65,30,33,87" hai2="5,90,39,41,126,0,77,32,55,22,49,131,103" hai3="133,128,112,76,115,62,108,13,123,25,129,57,48"/><W109/><G13/><T117/><D117/><U107/><E75/><V98/><F32/><W94/><G25/><T26/><D73/><U61/><E107/><V114/><F114/><N who="3" m="43563" /><G94/><T116/><D116/><U122/><E33/><V85/><F77/><W18/><G76/><T4/><D79/><U101/><E3/><V38/><F22/><W91/><G91/><T50/><D26/><N who="1" m="16719" /><E101/><V67/><F5/><W29/><G18/><T9/><D88/><U97/><E97/><V54/><F0/><W31/><G123/><T20/><D68/><U78/><E122/><V34/><F34/><W16/><G16/><N who="0" m="10247" /><D11/><U72/><E72/><V2/><F2/><W1/><G1/><T8/><D8/><U43/><E118/><V56/><F103/><W130/><G133/><T95/><D95/><U7/><E7/><V24/><F98/><W51/><G62/><T84/><D84/><U71/><E71/><V100/><F24/><W83/><G83/><T121/><D121/><U42/><E127/><V119/><F126/><W53/><G51/><T44/><D50/><N who="1" m="26951" /><E61/><V80/><F49/><W27/><G27/><T106/><D106/><U113/><E113/><V82/><F82/><AGARI ba="1,0" hai="42,43,58,60,65,78,82,87" m="26951,16719" machi="82" ten="30,1000,0" yaku="8,1" doraHai="134" who="1" fromWho="2" sc="156,0,157,13,389,-13,298,0" owari="156,-34.0,170,-23.0,376,47.0,298,10.0" /></mjloggm>