<mjloggm ver="2.3"><GO type="97" lobby="0"/><UN n0="%E7%89%A9%E5%B9%B2%E3%81%97%E7%AB%BF" n1="%E5%B0%B1%E6%B4%BB%E7%94%9F%40%E5%B7%9D%E6%9D%91%E8%BB%8D%E5%9B%A3" n2="%E3%82%8A%E3%81%9D%E3%81%86%E3%81%A2%E3%82%83%E3%82%93%E3%81%97%E2%99%AA" n3="%E3%82%A2%E3%83%AA%E3%83%9E%E3%83%AD" dan="13,15,15,14" rate="1810.46,2094.56,2019.90,1907.21" sx="M,M,M,M"/><TAIKYOKU oya="0"/><INIT seed="0,0,0,5,3,14" ten="250,250,250,250" oya="0" hai0="74,21,116,18,66,107,32,86,53,97,71,43,117" hai1="31,91,130,41,126,75,65,120,61,16,132,2,122" hai2="105,17,121,96,88,35,110,69,6,114,0,73,78" hai3="92,115,125,46,70,98,84,49,129,135,37,28,93"/><T72/><D32/><U99/><E2/><V38/><RYUUKYOKU type="yao9" ba="0,0" sc="250,0,250,0,250,0,250,0" hai2="0,6,17,35,38,69,73,78,88,96,105,110,114,121" /><INIT seed="0,1,0,2,5,90" ten="250,250,250,250" oya="0" hai0="48,131,122,50,115,77,100,10,55,67,32,65,105" hai1="7,17,81,91,57,113,19,112,89,31,132,40,39" hai2="88,114,20,30,127,102,54,16,12,86,49,73,33" hai3="28,72,47,123,5,126,1,61,66,63,25,85,108"/><T109/><D122/><U42/><E132/><V68/><F73/><W117/><G72/><T22/><D115/><N who="1" m="44107" /><E31/><V35/><F114/><W58/><G126/><T56/><D32/><U13/><E57/><V26/><F127/><W6/><G1/><T98/><D131/><U14/><E7/><V51/><F68/><W21/><G117/><T99/><D109/><U11/><E81/><V129/><F129/><W64/><G108/><T52/><D77/><U118/><E118/><V75/><F102/><W94/><G47/><T121/><D121/><U92/><E39/><V95/><F75/><W128/><G128/><T15/><D22/><N who="1" m="11567" /><E89/><V23/><F49/><W119/><G119/><T37/><D37/><U124/><E124/><V70/><F70/><W2/><G2/><T59/><D98/><AGARI ba="1,0" hai="11,14,19,40,42,91,92,98" m="11567,44107" machi="98" ten="30,2000,0" yaku="11,1,52,1" doraHai="90" who="1" fromWho="0" sc="250,-23,250,23,250,0,250,0" /><INIT seed="1,0,0,0,5,97" ten="227,273,250,250" oya="1" hai0="79,22,126,86,8,65,15,59,58,35,110,71,12" hai1="123,1,54,75,130,63,78,84,27,21,117,91,25" hai2="39,66,29,90,14,114,7,0,88,31,118,89,99" hai3="9,2,43,113,104,129,3,70,133,36,74,56,96"/><U76/><E1/><V121/><F118/><W102/><G56/><T6/><D35/><U72/><E123/><V41/><F121/><W44/><G133/><T38/><D38/><U20/><E117/><V13/><F114/><W134/><G134/><T17/><D126/><U111/><E75/><V61/><F0/><W107/><G107/><T69/><D110/><U92/><E72/><V101/><F41/><W50/><G50/><T48/><D59/><N who="1" m="35319" /><E130/><V116/><F39/><W132/><G132/><T40/><D65/><U98/><E84/><V85/><F85/><W106/><G106/><T23/><D71/><U120/><E120/><V73/><F73/><W24/><G129/><T55/><D69/><U131/><E131/><V49/><F116/><W33/><G9/><T87/><D79/><N who="1" m="30251" /><E111/><V125/><F125/><W62/><G74/><T115/><D115/><U53/><E53/><V26/><F49/><W11/><G11/><T100/><D40/><U82/><E82/><V34/><F31/><N who="3" m="19687" /><G113/><T119/><D119/><U4/><E4/><V42/><F7/><W135/><G135/><T64/><D64/><AGARI ba="0,0" hai="2,3,36,43,44,62,64,70,96,102,104" m="19687" machi="64" ten="30,7700,0" yaku="25,1,33,2,52,1" doraHai="97" who="3" fromWho="0" sc="227,-77,273,0,250,0,250,77" /><INIT seed="2,0,0,2,3,62" ten="150,273,250,327" oya="2" hai0="9,125,56,6,96,58,39,30,21,117,85,84,61" hai1="77,40,135,53,18,0,126,95,101,8,22,69,99" hai2="57,111,16,130,35,2,64,48,88,106,5,120,105" hai3="33,46,122,60,54,31,94,26,86,71,34,19,128"/><V20/><F120/><W82/><G122/><T116/><D39/><U36/><E69/><V102/><F35/><W72/><G72/><T89/><D125/><U50/><E126/><V92/><F130/><W24/><G94/><T43/><D43/><U42/><E135/><V37/><F37/><W108/><G108/><T115/><D115/><U119/><E36/><V32/><F32/><W67/><G128/><T78/><D96/><U123/><E123/><V133/><F133/><W87/><G86/><T49/><D49/><U79/><E8/><V109/><F5/><W93/><G93/><T66/><D78/><N who="1" m="29707" /><E0/><V15/><F2/><W23/><G33/><T52/><D30/><U70/><E70/><V44/><F102/><W113/><G54/><T107/><D107/><U110/><E110/><N who="2" m="41995" /><F57/><W75/><G46/><T41/><D41/><U63/><E119/><N who="0" m="45641" /><D89/><U131/><E131/><V121/><F64/><W14/><G75/><T74/><D74/><U59/><E63/><V90/><F121/><W80/><G87/><T27/><D27/><AGARI ba="0,0" hai="18,22,27,40,42,50,53,59,95,99,101" m="29707" machi="27" ten="30,1000,0" yaku="8,1" doraHai="62" who="1" fromWho="0" sc="150,-10,273,10,250,0,327,0" /><INIT seed="3,0,0,1,2,45" ten="140,283,250,327" oya="3" hai0="12,50,62,97,18,113,92,127,16,0,67,86,125" hai1="42,22,95,71,124,53,5,28,98,36,80,48,129" hai2="52,74,15,123,77,135,27,104,34,35,132,32,41" hai3="57,133,112,17,82,29,64,68,44,43,94,130,114"/><W118/><G118/><T121/><D121/><U10/><E71/><V128/><F104/><W55/><G29/><T60/><D0/><U25/><E129/><V9/><F41/><W106/><G106/><T13/><D113/><U102/><E124/><V1/><F77/><W96/><G130/><T26/><D26/><U59/><E80/><V58/><F74/><W117/><G82/><T4/><D4/><U119/><E119/><V87/><F87/><W93/><G117/><T99/><D86/><U73/><E73/><V88/><F128/><W90/><G17/><T2/><D2/><U101/><E42/><V37/><F37/><W120/><G120/><T107/><D107/><U110/><E36/><V11/><F123/><W83/><G83/><T40/><D40/><U3/><REACH who="1" step="1"/><E110/><REACH who="1" ten="140,273,250,327" step="2"/><V23/><F132/><W85/><G133/><T24/><D24/><U8/><E8/><V6/><F135/><W78/><G43/><T63/><D63/><U115/><E115/><V116/><F116/><W111/><G68/><T72/><D72/><U84/><E84/><V103/><F103/><AGARI ba="0,1" hai="3,5,10,22,25,28,48,53,59,95,98,101,102,103" machi="103" ten="30,7700,0" yaku="1,1,7,1,52,1,53,1" doraHai="45" doraHaiUra="21" who="1" fromWho="2" sc="140,0,273,87,250,-77,327,0" owari="140,-36.0,360,46.0,173,-23.0,327,13.0" /></mjloggm>