<mjloggm ver="2.3"><GO type="193" lobby="0"/><UN n0="%EF%BC%A3%EF%BC%B6%E3%83%BB%E5%A4%A9%E6%B1%9F%E8%A1%A3" n1="%E7%89%8C%E9%9F%B3%33%39" n2="%E3%83%88%E3%83%88%E3%83%AA%E5%85%88%E7%94%9F%31%39%E6%AD%B3" n3="%E3%82%A2%E3%82%A4%E3%83%8E" dan="13,12,2,12" rate="1742.75,1708.50,1534.49,1816.17" sx="M,M,F,F"/><TAIKYOKU oya="0"/><INIT seed="0,0,0,3,1,14" ten="250,250,250,250" oya="0" hai0="99,0,53,55,75,18,98,111,9,80,73,110,115" hai1="84,45,112,118,101,31,46,76,19,22,93,81,68" hai2="74,7,21,12,90,34,124,6,65,135,128,71,113" hai3="47,126,17,38,91,13,28,106,117,107,44,5,97"/><T100/><D0/><U105/><E68/><V54/><F113/><W116/><G28/><T89/><D115/><U130/><E112/><V77/><F34/><W62/><G5/><T33/><D33/><U1/><E1/><V23/><F54/><N who="0" m="20490" /><D80/><U119/><E105/><V104/><F104/><W92/><G62/><T56/><D89/><U36/><E130/><V70/><F90/><W120/><G120/><T94/><D56/><U102/><E31/><V30/><F77/><W48/><G126/><T57/><D57/><U88/><E36/><V133/><F74/><N who="0" m="28170" /><D94/><U15/><E119/><V67/><F30/><W60/><G60/><T3/><D100/><N who="1" m="38507" /><E118/><V86/><F12/><W78/><G78/><T10/><D3/><U8/><E8/><N who="0" m="3177" /><D18/><U32/><E32/><V4/><F4/><W63/><G117/><T39/><D39/><U103/><N who="1" m="38515" /><U16/><DORA hai="25" /><E19/><V131/><REACH who="2" step="1"/><F86/><AGARI ba="0,0" hai="15,16,22,45,46,76,81,84,86,88,93" m="38515" machi="86" ten="30,7700,0" yaku="8,1,52,1,54,2" doraHai="14,25" who="1" fromWho="2" sc="250,0,250,77,250,-77,250,0" /><INIT seed="1,0,0,1,1,66" ten="250,327,173,250" oya="1" hai0="89,69,97,90,135,123,5,23,47,12,26,13,108" hai1="127,118,107,99,42,106,54,109,113,132,101,31,81" hai2="85,114,29,59,40,131,3,51,100,77,0,32,55" hai3="36,62,98,78,121,75,80,83,34,57,122,91,74"/><U21/><E113/><V82/><F131/><W52/><G34/><T9/><D123/><U120/><E120/><V128/><F128/><W112/><G36/><T37/><D135/><U10/><E118/><V103/><F114/><W94/><REACH who="3" step="1"/><G112/><REACH who="3" ten="250,327,173,240" step="2"/><T1/><D108/><U84/><E109/><V25/><REACH who="2" step="1"/><F40/><REACH who="2" ten="250,327,163,240" step="2"/><W87/><G87/><T88/><D97/><U60/><E42/><V33/><F33/><W125/><G125/><T14/><D69/><U64/><E127/><V4/><F4/><W71/><G71/><T124/><D124/><U111/><E111/><V41/><F41/><W67/><G67/><T58/><D58/><U73/><E84/><V96/><F96/><W35/><G35/><T115/><D115/><U134/><E64/><V65/><F65/><W48/><G48/><T30/><REACH who="0" step="1"/><D37/><REACH who="0" ten="240,327,163,240" step="2"/><U53/><E99/><V63/><F63/><W133/><G133/><T129/><D129/><U50/><E60/><V15/><F15/><W105/><G105/><T16/><D16/><U61/><E61/><V70/><F70/><W116/><G116/><T102/><D102/><AGARI ba="0,3" hai="0,3,25,29,32,51,55,59,77,82,85,100,102,103" machi="102" ten="40,2600,0" yaku="1,1,53,1" doraHai="66" doraHaiUra="49" who="2" fromWho="0" sc="240,-26,327,0,163,56,240,0" /><INIT seed="2,0,0,0,4,87" ten="214,327,219,240" oya="2" hai0="38,117,89,104,111,100,99,114,101,122,47,132,98" hai1="51,112,31,59,13,70,21,109,119,7,134,15,78" hai2="64,53,90,130,57,92,8,124,86,60,115,108,116" hai3="19,24,43,0,4,27,52,16,41,82,55,26,9"/><V74/><F115/><W28/><G28/><T120/><D38/><U69/><E112/><V39/><F116/><W68/><G68/><T91/><D47/><U73/><E119/><V79/><F39/><W129/><G129/><T49/><D49/><U96/><E134/><V23/><F130/><W61/><G82/><T63/><D63/><U127/><E127/><V20/><F124/><W32/><G32/><T34/><D34/><U77/><E109/><V131/><F131/><W22/><G19/><T80/><D114/><U3/><E3/><V118/><F118/><W85/><G85/><N who="0" m="50343" /><D117/><U14/><E7/><V83/><F108/><W50/><G61/><T97/><D111/><U81/><E77/><V125/><F125/><W58/><REACH who="3" step="1"/><G55/><REACH who="3" ten="214,327,219,230" step="2"/><T46/><D46/><U42/><E42/><AGARI ba="0,1" hai="0,4,9,16,22,24,26,27,41,42,43,50,52,58" machi="42" ten="40,8000,1" yaku="1,1,2,1,54,2,53,1" doraHai="87" doraHaiUra="1" who="3" fromWho="1" sc="214,0,327,-80,219,0,230,90" /><INIT seed="3,0,0,1,2,115" ten="214,247,219,320" oya="3" hai0="54,80,42,87,91,114,98,118,73,9,84,32,14" hai1="100,64,6,125,85,13,76,40,57,25,58,78,59" hai2="129,121,24,106,56,72,97,96,79,69,110,5,28" hai3="105,132,15,53,51,12,133,49,29,126,128,119,77"/><W10/><G119/><T71/><D32/><U116/><E116/><V23/><F69/><W22/><G126/><T4/><D71/><U60/><E125/><V131/><F110/><W122/><G122/><T135/><D73/><U127/><E127/><V86/><F72/><W134/><G128/><T93/><D114/><U82/><E100/><V112/><F112/><W21/><G105/><T26/><D135/><U124/><E124/><V36/><F36/><W66/><G66/><T63/><D42/><U39/><E76/><V3/><F121/><W8/><G77/><T130/><D130/><N who="2" m="49674" /><F106/><W7/><G29/><T1/><D118/><U45/><E25/><V46/><F46/><N who="3" m="27831" /><G51/><T81/><D1/><U70/><E70/><V47/><F47/><W94/><G94/><T75/><D75/><U113/><E113/><V41/><F41/><W19/><AGARI ba="0,0" hai="7,8,10,12,15,19,21,22,132,133,134" m="27831" machi="19" ten="30,1500,0" yaku="20,1" doraHai="115" who="3" fromWho="3" sc="214,-5,247,-5,219,-5,320,15" owari="209,-29.0,242,4.0,214,-19.0,335,44.0" /></mjloggm>