<mjloggm ver="2.3"><GO type="97" lobby="0"/><UN n0="%E5%B0%B1%E6%B4%BB%E7%94%9F%40%E5%B7%9D%E6%9D%91%E8%BB%8D%E5%9B%A3" n1="%67%65%6D%73" n2="%32%42%45%39%34%37%35%37" n3="%6C%6D%33%31%34" dan="15,14,13,14" rate="2006.71,1993.46,1862.53,1868.15" sx="M,F,M,M"/><TAIKYOKU oya="0"/><INIT seed="0,0,0,3,5,124" ten="250,250,250,250" oya="0" hai0="39,29,11,62,0,111,87,35,45,25,33,105,12" hai1="46,66,4,72,41,63,75,18,131,135,60,101,47" hai2="116,126,98,106,107,117,31,5,61,15,125,37,128" hai3="119,88,74,120,10,82,102,79,113,24,92,50,3"/><T55/><D0/><U84/><E135/><V43/><F31/><W133/><G119/><N who="2" m="45641" /><F61/><W56/><G113/><T16/><D105/><N who="2" m="39946" /><F98/><W8/><G133/><T23/><D111/><U49/><E4/><V65/><F65/><W54/><G102/><T71/><D87/><U83/><E101/><V129/><F43/><W69/><G3/><T51/><REACH who="0" step="1"/><D39/><REACH who="0" ten="240,250,250,250" step="2"/><U7/><E7/><V73/><F37/><W130/><G120/><T36/><D36/><U114/><E114/><V57/><F73/><W27/><G74/><T58/><D58/><U22/><E75/><V89/><F57/><W44/><G56/><T118/><D118/><U90/><E72/><V108/><F108/><W13/><G69/><T86/><D86/><U52/><E84/><V109/><F109/><W99/><G79/><T67/><AGARI ba="0,1" hai="11,12,16,23,25,29,33,35,45,51,55,62,67,71" machi="67" ten="30,6000,0" yaku="1,1,0,1,54,1,53,0" doraHai="124" doraHaiUra="123" who="0" fromWho="0" sc="240,70,250,-20,250,-20,250,-20" /><INIT seed="0,1,0,4,2,10" ten="310,230,230,230" oya="0" hai0="117,104,60,135,81,7,101,23,56,121,4,103,131" hai1="129,94,88,83,29,76,108,28,37,73,1,3,102" hai2="115,112,66,90,116,67,5,49,42,91,105,107,89" hai3="75,2,71,54,97,70,62,95,30,63,79,123,84"/><T58/><D121/><U110/><E37/><V133/><F5/><N who="0" m="2122" /><D104/><N who="2" m="40010" /><F49/><W18/><G2/><T59/><D117/><U127/><E127/><V124/><F42/><W100/><G75/><T41/><D131/><U48/><E129/><V126/><F116/><W22/><G123/><T40/><D135/><U38/><E48/><V50/><F50/><W6/><G6/><T82/><D60/><U17/><E38/><V53/><F53/><W21/><G71/><T77/><D23/><U32/><E102/><N who="0" m="38921" /><D77/><U96/><E17/><V78/><F78/><W31/><G70/><T74/><D74/><U44/><E44/><V68/><F68/><W47/><G22/><T125/><D125/><N who="2" m="48234" /><F133/><W87/><G63/><T9/><D9/><U99/><E99/><V86/><F86/><W36/><G36/><T55/><D55/><U98/><E98/><V119/><F119/><W52/><G54/><T12/><D12/><U46/><E46/><V57/><F57/><N who="3" m="35111" /><G47/><T61/><D61/><U132/><E132/><V80/><F80/><AGARI ba="1,0" hai="40,41,56,58,59,80,81,82" m="38921,2122" machi="80" ten="30,5800,0" yaku="28,2,8,1" doraHai="10" who="0" fromWho="2" sc="310,61,230,0,230,-61,230,0" /><INIT seed="0,2,0,5,5,42" ten="371,230,169,230" oya="0" hai0="91,67,99,3,25,44,76,102,128,10,115,70,65" hai1="100,57,7,9,64,63,101,5,79,117,93,74,11" hai2="30,51,82,47,50,19,105,95,120,27,98,56,39" hai3="125,112,8,116,60,103,34,127,37,62,32,58,43"/><T118/><D115/><U4/><E117/><V41/><F105/><W31/><G112/><T126/><D118/><U106/><E106/><V16/><F120/><W23/><G116/><T135/><D126/><U0/><E93/><V29/><F82/><W40/><G103/><T110/><D76/><U17/><E17/><V35/><F30/><W49/><G8/><T78/><D78/><U22/><E22/><V69/><F69/><W20/><G49/><T89/><D128/><U36/><E36/><V33/><F33/><W12/><G12/><T123/><D123/><U97/><E97/><V131/><F131/><W134/><G58/><T53/><D25/><U107/><E107/><V130/><F130/><W48/><G48/><T15/><D3/><U81/><REACH who="1" step="1"/><E7/><REACH who="1" ten="371,220,169,230" step="2"/><V113/><F113/><W72/><G31/><T13/><D99/><U66/><E66/><V71/><F39/><W88/><G37/><T46/><D67/><U52/><E52/><V73/><F16/><W94/><G94/><T109/><D65/><U83/><E83/><V108/><F19/><W133/><REACH who="3" step="1"/><G72/><REACH who="3" ten="371,220,169,220" step="2"/><T90/><D109/><U24/><E24/><V28/><F73/><W92/><G92/><T86/><D110/><U1/><AGARI ba="2,2" hai="0,1,4,5,9,11,57,63,64,74,79,81,100,101" machi="1" ten="20,8000,1" yaku="1,1,0,1,7,1,9,1,53,1" doraHai="42" doraHaiUra="104" who="1" fromWho="1" sc="371,-42,220,106,169,-22,220,-22" /><INIT seed="1,0,0,3,4,103" ten="329,326,147,198" oya="1" hai0="102,68,108,134,111,27,117,127,34,125,123,46,133" hai1="36,69,135,77,115,1,26,11,94,14,45,2,98" hai2="43,38,16,87,99,20,71,23,8,86,64,88,91" hai3="78,74,106,53,61,22,100,13,35,109,5,80,19"/><U79/><E115/><V30/><F38/><W51/><G35/><T112/><D68/><U83/><E69/><V82/><F43/><W24/><G61/><T54/><D112/><U113/><E113/><V48/><F48/><W90/><G109/><N who="0" m="42059" /><D117/><U95/><E135/><N who="0" m="51721" /><D102/><U37/><E95/><V62/><F99/><W31/><G90/><T72/><D72/><U110/><E110/><V56/><F71/><W32/><G5/><T49/><D123/><U85/><E26/><V59/><F59/><W3/><G3/><T33/><D27/><U10/><E79/><V15/><REACH who="2" step="1"/><F30/><REACH who="2" ten="329,326,137,198" step="2"/><W18/><G18/><T57/><D34/><U124/><E37/><V93/><AGARI ba="0,1" hai="8,15,16,20,23,56,62,64,82,86,87,88,91,93" machi="93" ten="20,12000,2" yaku="1,1,2,1,0,1,7,1,8,1,54,2,53,0" doraHai="103" doraHaiUra="97" who="2" fromWho="2" sc="329,-30,326,-60,137,130,198,-30" /><INIT seed="2,0,0,2,1,46" ten="299,266,267,168" oya="2" hai0="78,63,9,107,69,94,19,110,116,111,18,70,39" hai1="120,86,11,41,58,79,82,0,90,59,134,32,117" hai2="67,5,38,31,21,66,88,131,36,44,28,2,3" hai3="48,103,95,75,99,24,118,12,4,105,23,7,16"/><V45/><F131/><W1/><G1/><T106/><D39/><U96/><E117/><V71/><F21/><W124/><G118/><T35/><D35/><U29/><E134/><V80/><F80/><W91/><G75/><T15/><D116/><U92/><E120/><V101/><F101/><W97/><G124/><T119/><D119/><U26/><E0/><V65/><F65/><W76/><G76/><T84/><D19/><U72/><E41/><V113/><F5/><W135/><G135/><T55/><D55/><U34/><E34/><V14/><F14/><W98/><G99/><T133/><D133/><U89/><E11/><V87/><F87/><W125/><G125/><T13/><D13/><U20/><E32/><V27/><F27/><W122/><G122/><T81/><D94/><AGARI ba="0,0" hai="20,26,29,58,59,72,79,82,86,89,90,92,94,96" machi="94" ten="30,1000,0" yaku="7,1" doraHai="46" who="1" fromWho="0" sc="299,-10,266,10,267,0,168,0" /><INIT seed="3,0,0,5,3,80" ten="289,276,267,168" oya="3" hai0="84,0,40,107,89,128,62,88,118,126,14,24,3" hai1="56,28,83,7,23,43,31,32,15,73,93,64,78" hai2="121,34,10,111,9,101,63,75,96,35,114,30,37" hai3="94,45,13,68,54,65,109,91,44,1,113,85,110"/><W98/><G1/><T71/><D107/><U50/><E32/><V69/><F75/><W47/><G113/><T57/><D118/><U134/><E134/><V25/><F114/><W108/><G68/><T119/><D71/><U97/><E43/><V36/><F9/><W104/><G65/><T21/><D119/><U41/><E64/><N who="2" m="41119" /><F121/><W123/><G123/><T39/><D126/><U100/><E56/><V99/><F99/><W129/><G129/><T46/><D128/><U77/><E77/><V90/><F90/><W124/><G124/><T70/><D70/><U51/><E51/><V59/><F59/><W92/><G13/><T82/><D89/><U4/><E4/><V115/><F115/><W17/><G17/><T86/><D86/><N who="1" m="48503" /><E23/><V22/><F22/><W67/><G67/><T6/><D14/><U29/><E73/><V12/><F35/><W130/><G130/><T42/><D42/><U116/><E116/><V120/><F120/><W11/><G11/><T48/><D39/><N who="2" m="14922" /><F12/><W16/><G16/><T60/><D6/><U61/><E61/><V8/><F8/><W133/><G104/><T122/><D122/><U112/><E112/><V117/><F10/><W52/><G133/><T72/><D72/><U53/><E53/><V2/><F117/><W76/><G76/><T131/><D131/><U20/><E20/><V38/><N who="2" m="14930" /><V19/><DORA hai="81" /><F19/><W55/><G55/><N who="0" m="33855" /><D62/><U26/><E26/><V87/><F2/><W103/><AGARI ba="0,0" hai="44,45,47,52,54,85,91,92,94,98,103,108,109,110" machi="103" ten="40,18000,2" yaku="0,1,14,1,10,1,52,2,54,1" doraHai="80,81" who="3" fromWho="3" sc="289,-60,276,-60,267,-60,168,180" owari="229,3.0,216,-18.0,207,-29.0,348,44.0" /></mjloggm>