<mjloggm ver="2.3"><GO type="225" lobby="0"/><UN n0="%E3%82%AB%E3%83%9C%E3%83%81%E3%83%A3%E3%82%BF%E3%83%8D" n1="%E5%B0%B1%E6%B4%BB%E7%94%9F%40%E5%B7%9D%E6%9D%91%E8%BB%8D%E5%9B%A3" n2="%E6%B4%BE%E9%81%A3%E3%81%AE%E3%82%B8%E3%83%A3%E3%83%83%E3%82%AF" n3="%6C%6F%4A%61%73%6B%69%6E" dan="16,16,16,17" rate="2194.41,2116.20,2176.77,2195.14" sx="M,M,M,F"/><TAIKYOKU oya="0"/><INIT seed="0,0,0,3,1,28" ten="250,250,250,250" oya="0" hai0="91,20,38,49,113,110,1,131,124,103,98,84,62" hai1="22,135,76,21,6,130,83,54,97,63,29,78,40" hai2="12,133,2,35,86,52,101,73,82,51,94,66,116" hai3="24,45,72,118,43,80,114,95,9,77,71,30,65"/><T93/><D113/><U14/><E130/><V5/><F2/><W41/><G118/><T46/><D131/><U26/><E135/><V69/><F133/><W92/><G114/><T107/><D124/><U96/><E40/><V85/><F73/><W4/><G41/><T42/><D110/><U37/><E37/><V27/><F116/><W0/><G65/><T125/><D125/><U25/><E14/><V50/><F50/><W23/><REACH who="3" step="1"/><G71/><REACH who="3" ten="250,250,250,240" step="2"/><T15/><D42/><U3/><E3/><V109/><F66/><W111/><G111/><T112/><D1/><U32/><E6/><V100/><F69/><W75/><G75/><T115/><D115/><U67/><E54/><V57/><F109/><W31/><G31/><T7/><D112/><U132/><E132/><V48/><F5/><W36/><AGARI ba="0,1" hai="0,4,9,23,24,30,36,43,45,72,77,80,92,95" machi="36" ten="20,8000,1" yaku="1,1,0,1,7,1,25,2,53,0" doraHai="28" doraHaiUra="61" who="3" fromWho="3" sc="250,-40,250,-20,250,-20,240,90" /><INIT seed="1,0,0,5,0,118" ten="210,230,230,330" oya="1" hai0="131,106,8,59,95,85,24,72,101,121,46,25,108" hai1="35,3,69,103,84,66,54,49,133,107,5,52,4" hai2="58,16,64,68,89,82,20,135,86,34,6,23,50" hai3="30,109,60,33,125,93,91,102,126,47,67,45,75"/><U117/><E117/><V17/><F34/><W22/><G75/><T7/><D108/><U124/><E35/><V14/><F135/><W79/><G33/><T128/><D72/><U88/><E133/><V120/><F68/><W94/><G79/><T32/><D106/><U42/><E124/><N who="3" m="47722" /><G102/><T56/><D46/><N who="3" m="17417" /><G91/><T87/><D101/><U37/><E37/><V57/><F120/><W92/><G109/><T11/><D32/><U19/><E42/><V43/><F6/><W51/><G51/><T76/><D7/><U12/><E49/><V83/><F43/><W61/><G67/><T90/><D90/><U104/><E66/><V15/><F64/><W36/><G36/><T9/><D95/><U44/><E44/><V115/><F115/><W81/><G81/><T29/><D9/><U2/><E103/><V31/><F50/><W18/><G30/><T80/><D80/><U10/><E104/><V114/><F114/><W70/><G70/><T127/><D127/><U74/><E107/><V39/><F39/><W62/><G94/><T99/><D29/><U111/><E74/><V97/><F31/><W113/><G113/><T27/><D27/><AGARI ba="0,0" hai="18,22,27,60,61,62,92,93" m="17417,47722" machi="27" ten="30,1000,0" yaku="18,1" doraHai="118" who="3" fromWho="0" sc="210,-10,230,0,230,0,330,10" /><INIT seed="2,0,0,1,1,84" ten="200,230,230,340" oya="2" hai0="94,75,29,112,58,19,76,70,23,25,122,71,74" hai1="130,123,135,93,111,22,28,43,13,91,73,109,132" hai2="134,105,131,65,31,77,51,18,59,116,120,80,67" hai3="82,26,16,106,117,98,85,6,45,127,115,96,40"/><V114/><F116/><W0/><G117/><T97/><D122/><U15/><E73/><V86/><F120/><W3/><G127/><T38/><D38/><U8/><E123/><V113/><F105/><W133/><G133/><N who="1" m="51274" /><E130/><V90/><F134/><W34/><G96/><T119/><D119/><U63/><E43/><V81/><F31/><W118/><G118/><T37/><D112/><U92/><E63/><V68/><F131/><W33/><G3/><T35/><D37/><U54/><E54/><V52/><F18/><W27/><G27/><T50/><D71/><U57/><E57/><V4/><F4/><W64/><G64/><T125/><D70/><U44/><E44/><V78/><F78/><W7/><G115/><T60/><D125/><U36/><E36/><V12/><F67/><W24/><G26/><T72/><D50/><U5/><E92/><V110/><F110/><N who="1" m="41993" /><E28/><V124/><F124/><W126/><G45/><T62/><D76/><U128/><E128/><V61/><F12/><W47/><G40/><T49/><D49/><U56/><E56/><V30/><F30/><W11/><G47/><T95/><D58/><U104/><E22/><V88/><F90/><N who="3" m="51511" /><G126/><T41/><D41/><U10/><E104/><V100/><F100/><N who="3" m="62743" /><G6/><T107/><D107/><U46/><E46/><V53/><F53/><W102/><G102/><N who="0" m="60727" /><D95/><U39/><E39/><V108/><F108/><W20/><G7/><T14/><D62/><U42/><E42/><V83/><F83/><W1/><G1/><T99/><D60/><U9/><E5/><V32/><F32/><N who="3" m="12395" /><G0/><T17/><D17/><RYUUKYOKU ba="0,0" sc="200,0,230,0,230,0,340,0" hai0="14,19,23,25,29,35,72,74,75,99" hai1="8,9,10,13,15,91,93" hai2="51,52,59,61,65,68,77,80,81,86,88,113,114" hai3="11,16,20,24" /><INIT seed="2,1,0,1,0,62" ten="200,230,230,340" oya="2" hai0="75,79,122,80,129,67,92,36,57,35,28,82,15" hai1="41,81,55,29,63,31,3,83,22,94,54,134,99" hai2="70,21,26,0,119,113,14,98,48,132,18,120,40" hai3="108,131,110,125,24,95,114,9,34,10,133,61,130"/><V2/><F119/><W53/><G125/><T30/><D122/><U127/><E3/><V123/><F70/><W20/><G133/><T56/><D129/><N who="3" m="49161" /><G34/><T65/><D36/><U126/><E134/><V86/><F113/><W47/><G114/><T4/><D35/><U101/><E41/><V116/><F116/><W19/><G95/><T72/><D92/><U6/><E6/><V105/><F132/><W74/><G74/><T27/><D15/><U96/><E96/><V44/><F86/><W97/><G97/><T88/><D4/><U100/><E100/><V64/><F64/><W32/><G32/><T58/><D27/><N who="1" m="16631" /><E31/><N who="0" m="11817" /><D79/><U91/><E63/><V42/><F42/><W73/><G73/><N who="0" m="28235" /><D88/><U46/><E46/><V85/><F85/><W17/><G61/><T117/><D117/><U104/><E81/><AGARI ba="1,0" hai="56,57,58,65,67,80,81,82" m="28235,11817" machi="81" ten="40,8000,1" yaku="28,2,52,2" doraHai="62" who="0" fromWho="1" sc="200,83,230,-83,230,0,340,0" /><INIT seed="3,0,0,4,3,125" ten="283,147,230,340" oya="3" hai0="49,63,6,35,17,117,115,122,38,45,108,89,46" hai1="105,103,20,26,66,101,32,86,84,19,81,98,83" hai2="87,106,70,82,78,61,55,114,52,31,37,29,59" hai3="3,127,88,40,24,60,120,95,96,30,12,23,18"/><W76/><G120/><T33/><D122/><U85/><E32/><V134/><F114/><W104/><G3/><T41/><D117/><U132/><E132/><V79/><F37/><W94/><G127/><T110/><D115/><U128/><E66/><V47/><F106/><W15/><G104/><T68/><D6/><U53/><E103/><V8/><F134/><W129/><G76/><T1/><D1/><U119/><E119/><V0/><F70/><W97/><G129/><T131/><D17/><U57/><E83/><V77/><F0/><W13/><G40/><T4/><D4/><U73/><E73/><V7/><F7/><W9/><G60/><T74/><D74/><U65/><E65/><V54/><F8/><W71/><G71/><T48/><D38/><U91/><E85/><V25/><F25/><W111/><G111/><N who="0" m="42539" /><D131/><U93/><E128/><V67/><REACH who="2" step="1"/><F47/><REACH who="2" ten="283,147,220,340" step="2"/><W133/><G133/><T99/><D68/><U113/><E113/><V22/><F22/><W42/><G42/><N who="0" m="24631" /><D35/><U27/><E27/><V118/><F118/><W2/><G2/><T16/><D33/><U130/><E130/><V80/><F80/><W92/><G95/><T124/><D124/><U121/><E121/><V90/><AGARI ba="0,1" hai="29,31,52,54,55,59,61,67,77,78,79,82,87,90" machi="90" ten="30,7900,0" yaku="1,1,0,1,8,1,54,1,53,0" doraHai="125" doraHaiUra="34" who="2" fromWho="2" sc="283,-20,147,-20,220,89,340,-39" owari="263,-14.0,127,-37.0,309,41.0,301,10.0" /></mjloggm>