<mjloggm ver="2.3"><GO type="97" lobby="0"/><UN n0="%6E%61%69%74%6F%6B%65%6E" n1="%E3%81%AC%E3%82%8B%E3%82%8A%E3%82%93%E3%81%93" n2="%E5%A4%A7%E6%A9%8B%E8%99%9A%E6%B3%89" n3="%E5%B0%B1%E6%B4%BB%E7%94%9F%40%E5%B7%9D%E6%9D%91%E8%BB%8D%E5%9B%A3" dan="13,16,14,15" rate="1863.08,2107.39,1928.63,2028.94" sx="M,F,M,M"/><TAIKYOKU oya="0"/><INIT seed="0,0,0,2,0,9" ten="250,250,250,250" oya="0" hai0="8,122,133,120,95,131,37,132,92,62,34,116,7" hai1="96,84,126,45,47,46,117,65,109,111,67,40,36" hai2="55,31,85,105,125,3,33,135,102,81,94,114,103" hai3="74,72,56,124,24,42,97,112,82,17,49,77,51"/><T99/><D37/><U80/><E117/><V101/><F3/><W28/><G74/><T110/><D34/><U130/><E130/><V30/><F114/><W89/><G112/><T48/><D116/><U2/><E2/><V121/><F121/><W43/><G124/><T64/><D131/><U14/><E126/><V12/><F125/><W61/><G17/><T108/><D48/><U127/><E127/><V21/><F33/><W90/><G49/><T58/><D95/><U44/><E96/><V11/><F105/><W29/><G29/><N who="2" m="10761" /><F21/><W0/><G0/><T115/><D115/><U63/><E14/><V107/><F107/><W123/><G123/><T69/><D69/><U88/><REACH who="1" step="1"/><E67/><REACH who="1" ten="250,240,250,250" step="2"/><V6/><F135/><N who="0" m="51786" /><D122/><U113/><E113/><V100/><N who="2" m="25600" /><DORA hai="59" /><V50/><F94/><W118/><G118/><T38/><D120/><U10/><E10/><V119/><F119/><W16/><G24/><T1/><D38/><U134/><E134/><V32/><F32/><W73/><G73/><T68/><D68/><AGARI ba="0,1" hai="36,40,44,45,46,47,63,65,68,80,84,88,109,111" machi="68" ten="40,5200,0" yaku="1,1,52,1,54,1,53,0" doraHai="9,59" doraHaiUra="23,128" who="1" fromWho="0" sc="250,-52,240,62,250,0,250,0" /><INIT seed="1,0,0,3,4,7" ten="198,302,250,250" oya="1" hai0="75,118,21,2,69,12,66,88,101,23,41,100,121" hai1="105,25,98,125,79,19,8,122,36,38,128,130,1" hai2="82,20,51,4,120,92,43,95,26,73,28,103,32" hai3="55,104,94,68,77,110,117,108,135,124,115,27,62"/><U56/><E122/><V93/><F120/><W114/><G104/><T6/><D75/><U113/><E113/><N who="3" m="43018" /><G77/><T78/><D121/><U45/><E125/><V34/><F73/><W91/><G27/><T81/><D118/><U107/><E79/><V63/><F103/><W17/><G17/><T64/><D2/><U50/><E56/><V59/><F82/><W97/><G117/><T24/><D69/><U49/><E1/><V13/><F51/><N who="1" m="19465" /><E98/><V106/><F43/><W132/><G124/><T76/><D41/><N who="1" m="22695" /><E38/><V65/><REACH who="2" step="1"/><F106/><REACH who="2" ten="198,302,240,250" step="2"/><W31/><G94/><T85/><D78/><U9/><E105/><V37/><F37/><W57/><G91/><T52/><D76/><U86/><E107/><V67/><F67/><N who="0" m="25642" /><D100/><U102/><E102/><V111/><F111/><W14/><G110/><T127/><D101/><U99/><E99/><V129/><F129/><N who="1" m="49769" /><E86/><V96/><F96/><W116/><G97/><T42/><D42/><U60/><E60/><V48/><F48/><W58/><G108/><T123/><D123/><U46/><E46/><V133/><F133/><W84/><G84/><T47/><D127/><U70/><E70/><V109/><F109/><W22/><G62/><T33/><D33/><U71/><E71/><V89/><F89/><W10/><G68/><T5/><D47/><U40/><E40/><V80/><F80/><W18/><G116/><T126/><D126/><U44/><E44/><V90/><F90/><W87/><G87/><T131/><D131/><U83/><E83/><V74/><F74/><W0/><G132/><T61/><D81/><U35/><E35/><RYUUKYOKU ba="0,1" sc="198,-15,302,15,240,15,250,-15" hai1="8,9,19,25" hai2="4,13,20,26,28,32,34,59,63,65,92,93,95" /><INIT seed="1,1,1,5,3,73" ten="183,317,255,235" oya="1" hai0="120,88,117,75,22,130,31,121,112,128,108,119,72" hai1="92,135,47,116,97,104,0,56,43,44,41,40,114" hai2="7,71,70,64,54,6,133,96,53,63,101,12,122" hai3="49,39,94,82,21,131,106,90,24,35,33,57,25"/><U84/><E114/><V129/><F122/><N who="0" m="47210" /><D31/><U19/><E116/><N who="0" m="44617" /><D22/><U26/><E0/><V115/><F115/><W103/><G131/><N who="0" m="50219" /><D112/><U10/><E135/><V105/><F133/><W38/><G38/><T109/><D88/><N who="1" m="55431" /><E104/><V3/><F129/><W76/><G39/><T91/><D91/><U93/><E93/><V110/><F3/><W126/><G126/><T83/><D83/><U125/><E125/><V127/><F110/><AGARI ba="1,1" hai="72,75,108,109,110" m="50219,44617,47210" machi="110" ten="40,16000,3" yaku="28,2,14,1,13,1,19,1,31,2,34,2" doraHai="73" who="0" fromWho="2" sc="183,173,317,0,255,-163,235,0" /><INIT seed="2,0,0,0,3,93" ten="356,317,92,235" oya="2" hai0="0,23,47,33,36,117,15,99,64,50,122,13,60" hai1="96,89,48,131,32,100,4,18,103,53,92,125,80" hai2="26,9,11,69,126,57,135,109,27,38,73,70,5" hai3="111,94,56,90,28,106,67,25,42,87,41,118,74"/><V91/><F73/><W10/><G118/><T62/><D33/><U22/><E125/><V88/><F38/><W121/><G121/><T17/><D0/><U104/><E131/><V81/><F126/><W14/><G74/><T31/><D36/><U66/><E32/><V71/><F135/><W113/><G113/><T108/><D31/><U24/><E66/><V37/><F37/><W132/><G111/><T119/><D122/><U61/><E4/><V95/><F81/><W7/><G106/><T58/><D108/><U129/><E129/><V102/><F109/><W8/><G8/><T29/><D29/><U130/><E130/><V54/><F102/><W65/><G132/><T101/><D62/><U63/><E80/><V46/><F46/><W79/><G79/><T133/><D15/><U43/><E43/><N who="3" m="16394" /><G56/><T107/><REACH who="0" step="1"/><D133/><REACH who="0" ten="346,317,92,235" step="2"/><U77/><E77/><V20/><F27/><W68/><G68/><T85/><D85/><U128/><E128/><V78/><F78/><W76/><G76/><T35/><D35/><U6/><E6/><V124/><F124/><W112/><G112/><T98/><D98/><U44/><E63/><V115/><F115/><W49/><G49/><T55/><AGARI ba="0,1" hai="13,17,23,47,50,55,58,60,64,99,101,107,117,119" machi="55" ten="30,7900,0" yaku="1,1,0,1,52,1,53,1" doraHai="93" doraHaiUra="16" who="0" fromWho="0" sc="346,89,317,-20,92,-39,235,-20" /><INIT seed="3,0,0,1,1,66" ten="435,297,53,215" oya="3" hai0="73,8,127,85,11,71,89,91,21,69,5,27,16" hai1="128,101,99,1,63,131,0,57,30,93,42,47,33" hai2="83,20,44,3,87,70,112,34,39,24,110,115,80" hai3="98,10,50,43,124,41,62,105,118,48,25,107,94"/><W121/><G118/><T111/><D73/><U116/><E116/><V90/><F90/><W53/><G121/><T13/><D127/><U96/><E96/><V19/><F87/><W109/><G124/><T52/><D111/><U18/><E18/><V35/><F19/><W37/><G109/><T64/><D64/><N who="1" m="39023" /><E33/><V9/><F20/><W102/><G37/><T38/><D38/><N who="1" m="21975" /><E30/><V75/><F24/><W88/><G62/><T40/><D40/><U132/><E132/><V79/><F83/><W6/><G25/><T123/><D89/><U125/><E125/><V122/><F115/><W95/><G107/><T76/><D76/><U103/><E103/><V92/><F92/><W32/><G50/><T100/><D100/><U104/><E93/><V77/><F77/><W46/><G32/><T117/><D11/><U29/><E29/><V54/><F54/><W108/><G108/><T58/><D123/><U119/><E119/><V120/><F120/><W2/><REACH who="3" step="1"/><G105/><REACH who="3" ten="435,297,53,205" step="2"/><T49/><D117/><U45/><E45/><V97/><F122/><W61/><G61/><T82/><AGARI ba="0,1" hai="5,8,13,16,21,27,49,52,58,69,71,82,85,91" machi="82" ten="20,12000,2" yaku="0,1,7,1,52,2,54,2" doraHai="66" who="0" fromWho="0" sc="435,130,297,-30,53,-30,205,-60" owari="565,66.0,267,7.0,23,-48.0,145,-25.0" /></mjloggm>