<mjloggm ver="2.3"><GO type="169" lobby="0"/><UN n0="%E5%B0%B1%E6%B4%BB%E7%94%9F%40%E5%B7%9D%E6%9D%91%E8%BB%8D%E5%9B%A3" n1="%72%30%33%31%30" n2="%E3%80%90%E7%BD%AA%E6%AD%8C%E3%80%91" n3="%E3%81%A0%E3%81%A3%E3%81%A6%E3%81%84%E3%81%86" dan="16,16,18,17" rate="2079.06,2166.72,2274.66,2120.10" sx="M,M,F,F"/><TAIKYOKU oya="0"/><INIT seed="0,0,0,3,2,63" ten="250,250,250,250" oya="0" hai0="74,133,129,95,37,67,118,20,82,105,135,16,14" hai1="57,18,65,64,59,36,119,40,121,72,104,28,19" hai2="35,103,43,62,110,73,94,66,22,78,75,54,92" hai3="30,106,46,125,102,100,38,77,55,4,123,50,8"/><T58/><D105/><U124/><E104/><V90/><F35/><W12/><G125/><T49/><D118/><U114/><E72/><V6/><F6/><W39/><G123/><T69/><D37/><U112/><E121/><V27/><F43/><W33/><G77/><T91/><D129/><U15/><E28/><V134/><F78/><W56/><G106/><T21/><D74/><U93/><E124/><V113/><F113/><N who="1" m="43625" /><E119/><V132/><F54/><W84/><G84/><N who="0" m="52711" /><D82/><U11/><E93/><V34/><F34/><W3/><G3/><T7/><D7/><U68/><E68/><V48/><F48/><W98/><G30/><T79/><D79/><U23/><E40/><V111/><F103/><W109/><G100/><T41/><D41/><U122/><E36/><V70/><F75/><W44/><G33/><T53/><D21/><U116/><E116/><V99/><F92/><N who="3" m="58695" /><G39/><T9/><D9/><U88/><E88/><V52/><F73/><W128/><G38/><T24/><D24/><N who="1" m="14455" /><E122/><V96/><F96/><W83/><G83/><T42/><D42/><U107/><E107/><V86/><F99/><W108/><G128/><T1/><D1/><U29/><E29/><N who="2" m="17655" /><F52/><W61/><G46/><T60/><AGARI ba="0,0" hai="14,16,20,49,53,58,60,67,69,133,135" m="52711" machi="60" ten="30,6000,0" yaku="25,1,52,1,54,1" doraHai="63" who="0" fromWho="0" sc="250,60,250,-20,250,-20,250,-20" /><INIT seed="0,1,0,1,4,55" ten="310,230,230,230" oya="0" hai0="2,47,59,16,29,81,120,1,9,119,30,130,57" hai1="103,58,6,64,73,51,61,63,96,53,5,14,131" hai2="0,101,110,102,91,79,38,125,50,56,112,107,7" hai3="97,36,100,134,132,104,118,13,26,123,66,39,8"/><T90/><D119/><U69/><E73/><V11/><F38/><W68/><G118/><T40/><D120/><U75/><E75/><V78/><F112/><W98/><G123/><T12/><D130/><U117/><E131/><V135/><F135/><N who="3" m="51755" /><G26/><T128/><D128/><U124/><E124/><V31/><F125/><W89/><G89/><T65/><D2/><U87/><E87/><V67/><F31/><N who="0" m="11786" /><D65/><U42/><E117/><V22/><F22/><W122/><G98/><T46/><D1/><U33/><E33/><V83/><F107/><W27/><G27/><T115/><D115/><U74/><E74/><V10/><F91/><W15/><G122/><T35/><D35/><U41/><E14/><N who="3" m="5130" /><G8/><T3/><D3/><U44/><REACH who="1" step="1"/><E41/><REACH who="1" ten="310,220,230,230" step="2"/><V85/><F0/><W76/><G76/><T19/><D40/><U49/><E49/><V52/><F79/><W43/><G43/><T77/><D77/><U93/><AGARI ba="1,1" hai="5,6,42,44,51,53,58,61,63,64,69,93,96,103" machi="93" ten="20,8000,1" yaku="1,1,0,1,7,1,52,1,53,1" doraHai="55" doraHaiUra="94" who="1" fromWho="1" sc="310,-41,220,93,230,-21,230,-21" /><INIT seed="1,0,0,2,3,49" ten="269,313,209,209" oya="1" hai0="16,70,116,22,5,113,109,91,14,52,54,58,106" hai1="23,56,12,63,85,8,134,95,83,65,0,53,123" hai2="124,3,66,129,6,62,67,59,105,60,119,69,115" hai3="111,19,37,64,9,45,1,102,103,44,15,86,50"/><U26/><E123/><V13/><F119/><W92/><G111/><T10/><D70/><U88/><E134/><V33/><F33/><W48/><G1/><T93/><D113/><U112/><E0/><V35/><F35/><W11/><G37/><T43/><D116/><U77/><E112/><V25/><F115/><W61/><G86/><N who="0" m="52471" /><D106/><U90/><E95/><V126/><F105/><W76/><G76/><T55/><D109/><U75/><E75/><V89/><F3/><W7/><G92/><T97/><D43/><U118/><E118/><V87/><F25/><W98/><G98/><T47/><D47/><U133/><E133/><V40/><F40/><W127/><G127/><T100/><D100/><U131/><E131/><V132/><F132/><W78/><G78/><T18/><D5/><N who="1" m="3087" /><E65/><V2/><F2/><W84/><G84/><T73/><D73/><U128/><E128/><V29/><F29/><AGARI ba="0,0" hai="23,26,29,53,56,63,77,83,85,88,90" m="3087" machi="29" ten="30,5800,0" yaku="8,1,52,1,54,1" doraHai="49" who="1" fromWho="2" sc="269,0,313,58,209,-58,209,0" /><INIT seed="1,1,0,4,1,94" ten="269,371,151,209" oya="1" hai0="25,91,121,117,48,50,9,42,3,6,43,112,15" hai1="7,119,0,134,32,68,23,33,2,49,71,61,103" hai2="130,135,35,84,26,109,19,108,55,20,104,31,79" hai3="22,100,59,8,74,97,63,56,127,82,106,99,89"/><U5/><E119/><V58/><F104/><W133/><G133/><T128/><D117/><U88/><E103/><V24/><F135/><W46/><G127/><T78/><D112/><U66/><E134/><V124/><F124/><W37/><G22/><T11/><D121/><U75/><E75/><V57/><F130/><W64/><G8/><T39/><D128/><U16/><E71/><V92/><F79/><W116/><G116/><T87/><D78/><U21/><E21/><V47/><F47/><W131/><G131/><T38/><D25/><U111/><E111/><N who="2" m="42571" /><F55/><W125/><G125/><T93/><D39/><U51/><E33/><V54/><F54/><W52/><G74/><T45/><D43/><U36/><E36/><V14/><F26/><W80/><G46/><T85/><D85/><U70/><E32/><V101/><F101/><W102/><G89/><AGARI ba="1,0" hai="14,19,20,24,31,35,57,58,84,89,92" m="42571" machi="89" ten="30,1000,0" yaku="14,1" doraHai="94" who="2" fromWho="3" sc="269,0,371,0,151,13,209,-13" /><INIT seed="2,0,0,3,4,26" ten="269,371,164,196" oya="2" hai0="40,22,19,49,84,80,69,76,83,124,25,101,34" hai1="11,0,18,4,87,121,105,73,42,6,65,123,12" hai2="36,60,95,17,70,55,86,59,48,91,120,88,85" hai3="93,71,23,9,114,92,81,68,37,13,82,116,103"/><V14/><F120/><N who="1" m="46153" /><E105/><V45/><F36/><W64/><G116/><T122/><D122/><U27/><E73/><V20/><F70/><W125/><G37/><T29/><D124/><U2/><E42/><V57/><F60/><W15/><G125/><T104/><D69/><U38/><E38/><V58/><F45/><W35/><G23/><T97/><D80/><AGARI ba="0,0" hai="14,17,20,48,55,57,58,59,80,85,86,88,91,95" machi="80" ten="30,12000,1" yaku="7,1,25,2,8,1,54,1" doraHai="26" who="2" fromWho="0" sc="269,-120,371,0,164,120,196,0" /><INIT seed="2,1,0,1,2,79" ten="149,371,284,196" oya="2" hai0="0,111,17,133,132,64,52,42,38,7,109,115,30" hai1="102,15,70,101,63,58,32,75,53,122,40,127,25" hai2="124,33,120,135,50,95,51,34,5,27,114,20,91" hai3="28,18,92,56,44,46,128,74,47,78,116,119,96"/><V48/><F120/><W31/><G128/><T131/><D30/><U23/><E75/><V60/><F114/><W90/><G18/><T72/><D72/><U26/><E127/><V3/><F124/><W88/><G56/><T81/><D7/><U106/><E70/><V103/><F103/><W49/><G49/><T80/><D0/><U1/><E1/><V77/><F77/><W93/><G78/><T65/><D115/><U22/><E40/><V76/><F76/><W73/><G47/><N who="0" m="24023" /><D17/><N who="1" m="10559" /><E32/><V87/><F135/><N who="0" m="51786" /><D52/><N who="1" m="34247" /><E106/><V10/><REACH who="2" step="1"/><F60/><REACH who="2" ten="149,371,274,196" step="2"/><W83/><G116/><T54/><D131/><U14/><E122/><V108/><F108/><N who="0" m="41546" /><D54/><U130/><E53/><V100/><F100/><W66/><G119/><T45/><D45/><U67/><E130/><V29/><AGARI ba="1,1" hai="3,5,10,20,27,29,33,34,48,50,51,87,91,95" machi="29" ten="30,3000,0" yaku="1,1,0,1,53,0" doraHai="79" doraHaiUra="104" who="2" fromWho="2" sc="149,-11,371,-11,274,43,196,-11" /><INIT seed="2,2,0,0,1,134" ten="138,360,317,185" oya="2" hai0="87,40,107,69,43,1,52,108,122,93,83,89,34" hai1="99,53,55,86,4,74,44,77,88,15,2,65,80" hai2="111,72,81,22,131,125,37,36,48,3,23,101,123" hai3="28,118,113,119,100,63,106,132,73,58,50,133,39"/><V130/><F123/><W79/><G39/><T128/><D107/><U104/><E65/><V120/><F120/><W97/><G28/><T129/><D69/><U41/><E15/><V60/><F101/><W112/><G50/><T75/><D34/><U20/><E20/><V110/><F3/><W64/><G79/><T54/><D1/><U98/><E4/><V102/><F102/><W117/><REACH who="3" step="1"/><G73/><REACH who="3" ten="138,360,317,175" step="2"/><T59/><D122/><U56/><E74/><V61/><F48/><W29/><G29/><T78/><D108/><N who="2" m="41514" /><F37/><W14/><G14/><T67/><D67/><U12/><E77/><N who="2" m="44199" /><F36/><W24/><G24/><T16/><D16/><U25/><E25/><V51/><F51/><W19/><G19/><T9/><D9/><U95/><E12/><V35/><F35/><W70/><G70/><T46/><D46/><U5/><E44/><V18/><F23/><W57/><G57/><T85/><D75/><U109/><E56/><V47/><F47/><W31/><G31/><T66/><D66/><U26/><E109/><V76/><F76/><W33/><G33/><T84/><D59/><U32/><E32/><V10/><F10/><W124/><G124/><T27/><D27/><U91/><E26/><N who="2" m="14679" /><F125/><W96/><G96/><N who="0" m="57391" /><D83/><U116/><E80/><V49/><F49/><W6/><G6/><T135/><D78/><U115/><E5/><V62/><AGARI ba="2,1" hai="60,61,62,130,131" m="14679,44199,41514" machi="62" ten="40,3900,0" yaku="14,1,10,1" doraHai="134" who="2" fromWho="2" sc="138,-15,360,-15,317,55,175,-15" /><INIT seed="2,3,0,5,2,63" ten="123,345,372,160" oya="2" hai0="40,65,49,127,70,27,12,16,121,134,133,8,114" hai1="53,116,118,0,74,14,95,101,119,42,46,24,44" hai2="87,19,41,72,104,83,57,58,30,122,110,9,36" hai3="10,31,66,98,67,11,100,85,99,71,86,73,17"/><V13/><F122/><W35/><G73/><T50/><D121/><U113/><E74/><V5/><F104/><W111/><G111/><T79/><D114/><U82/><E0/><V109/><F30/><W126/><G71/><T92/><D127/><U21/><E113/><V61/><F72/><W78/><G126/><T39/><D79/><U93/><E101/><V7/><F41/><W15/><G35/><T107/><D107/><U91/><E14/><V28/><F28/><W60/><G60/><N who="0" m="40231" /><D92/><U120/><E120/><V55/><F36/><W68/><G68/><T124/><D124/><U45/><E42/><V18/><F18/><W51/><G31/><T54/><D27/><U64/><E64/><N who="3" m="24618" /><G100/><T1/><D1/><U84/><E119/><V23/><F58/><W129/><G129/><T132/><D54/><U90/><E53/><V38/><F38/><W135/><G135/><T76/><D76/><U48/><E116/><V32/><F32/><W102/><G102/><T29/><D29/><N who="1" m="17551" /><E118/><V3/><F3/><W34/><G34/><T97/><D97/><N who="3" m="36873" /><G78/><T88/><D88/><U25/><E91/><V56/><F56/><W20/><G51/><T6/><D6/><U26/><E48/><V77/><F7/><N who="3" m="3583" /><G10/><T131/><D131/><U105/><E105/><V94/><F9/><W96/><G96/><T81/><D81/><U69/><E69/><V2/><F2/><W80/><G80/><T128/><D128/><U59/><E59/><V130/><F130/><W89/><G89/><T4/><D4/><U37/><E37/><V108/><F5/><W62/><G62/><RYUUKYOKU ba="3,0" sc="123,0,345,0,372,0,160,0" hai0="8,12,16,39,40,49,50,132,133,134" hai1="25,26,44,45,46,82,84,90,93,95" hai2="13,19,23,55,57,61,77,83,87,94,108,109,110" hai3="17,20,85,86" /><INIT seed="2,4,0,3,3,6" ten="123,345,372,160" oya="2" hai0="106,108,3,90,107,46,77,2,73,127,13,15,0" hai1="85,98,124,125,131,41,92,45,120,51,82,61,105" hai2="103,118,122,133,56,126,36,47,50,78,63,79,102" hai3="39,24,94,58,87,55,64,76,97,75,129,69,33"/><V112/><F122/><W35/><G75/><T12/><D127/><N who="1" m="48715" /><E131/><V83/><F126/><W86/><G39/><T49/><D108/><U135/><E135/><V65/><F112/><W66/><G129/><T16/><D90/><U99/><E105/><V1/><F133/><W25/><G69/><T48/><D46/><U22/><E92/><V68/><F118/><W113/><G113/><T104/><D16/><U34/><E34/><V80/><F1/><W57/><G94/><T29/><D29/><U17/><E61/><V123/><F123/><W14/><G14/><T88/><D88/><N who="1" m="51255" /><E120/><V74/><F36/><W38/><G38/><T134/><D134/><U18/><E18/><V71/><F103/><W23/><G97/><T95/><D95/><U42/><E42/><V10/><F102/><W62/><G62/><T130/><D130/><U8/><E22/><V116/><F116/><W114/><G23/><T19/><D19/><U117/><E117/><V7/><F79/><W32/><G114/><T21/><D21/><U84/><E84/><V72/><F83/><AGARI ba="4,0" hai="0,2,3,12,13,15,48,49,73,77,83,104,106,107" machi="83" ten="60,3900,0" yaku="29,2" doraHai="6" who="0" fromWho="2" sc="123,51,345,0,372,-51,160,0" /><INIT seed="3,0,0,3,5,12" ten="174,345,321,160" oya="3" hai0="16,6,18,95,58,82,20,106,14,132,11,87,66" hai1="102,67,33,37,24,77,0,117,112,38,89,110,26" hai2="27,25,62,36,31,74,34,30,121,63,8,93,42" hai3="84,90,128,125,126,127,15,123,48,71,103,13,28"/><W134/><G71/><T57/><D106/><U46/><E112/><V65/><F121/><W3/><G3/><T75/><D132/><U41/><E110/><V64/><F74/><W114/><G123/><T94/><D75/><U124/><E102/><V85/><F8/><W56/><G114/><T49/><D6/><U78/><E0/><V101/><F36/><W51/><G134/><T79/><D49/><N who="3" m="19017" /><G128/><T55/><D55/><U116/><E37/><V50/><F101/><W29/><G103/><T86/><D86/><U7/><E124/><V23/><F93/><N who="0" m="35338" /><D66/><U68/><E7/><V97/><F97/><W105/><G56/><T81/><D81/><U35/><E35/><V98/><F98/><W19/><G105/><T122/><D122/><U92/><E33/><V9/><F85/><W44/><G44/><T120/><D120/><U76/><E67/><V72/><F72/><W100/><G100/><T43/><D43/><U135/><E68/><V53/><F42/><W113/><G113/><T52/><D52/><U118/><E135/><V91/><F91/><W111/><G111/><T17/><D17/><U133/><E133/><V107/><F107/><W115/><G115/><T131/><D131/><U1/><E1/><V47/><F65/><W45/><G45/><T61/><D61/><U10/><E118/><V109/><F109/><W59/><G59/><T69/><D69/><U88/><E117/><V108/><F108/><W32/><G32/><T119/><D119/><U39/><E39/><V4/><F64/><W40/><G127/><T130/><D130/><U104/><E116/><RYUUKYOKU ba="0,0" sc="174,15,345,-15,321,15,160,-15" hai0="11,14,16,18,20,57,58,79,82,87" hai2="4,9,23,25,27,30,31,34,47,50,53,62,63" /><INIT seed="4,1,0,3,3,130" ten="189,330,336,145" oya="0" hai0="135,51,23,57,68,44,87,49,65,40,124,43,38" hai1="35,133,86,70,46,102,88,62,11,5,19,76,93" hai2="12,98,28,89,125,122,41,26,108,30,16,79,107" hai3="24,20,99,6,25,17,39,71,34,126,105,72,81"/><T18/><D124/><U97/><E35/><V104/><F122/><W123/><G126/><T3/><D3/><U114/><E114/><V113/><F108/><W52/><G123/><T127/><D127/><U78/><E19/><V67/><F125/><W29/><G39/><T106/><D106/><U58/><E70/><V96/><F113/><W129/><G71/><T14/><D40/><U116/><E46/><V10/><F67/><W80/><G129/><T31/><D31/><U15/><E133/><V109/><F109/><W59/><G6/><T75/><D75/><U42/><E42/><V111/><F111/><W132/><G132/><T73/><D73/><U36/><E36/><V54/><F41/><W45/><G45/><T0/><D0/><U112/><E116/><V4/><F79/><W66/><G66/><T84/><D135/><U119/><E119/><V103/><F54/><W85/><G72/><T77/><D77/><U94/><E112/><V110/><F110/><W92/><G85/><T60/><REACH who="0" step="1"/><D49/><REACH who="0" ten="179,330,336,145" step="2"/><U8/><E8/><V90/><F30/><W121/><G105/><T53/><AGARI ba="1,1" hai="14,18,23,38,43,44,51,53,57,60,65,68,84,87" machi="53" ten="30,12000,1" yaku="1,1,2,1,0,1,24,2,53,0" doraHai="130" doraHaiUra="27" who="0" fromWho="0" sc="179,133,330,-41,336,-41,145,-41" /><INIT seed="4,2,0,4,1,19" ten="312,289,295,104" oya="0" hai0="41,11,80,97,77,119,110,37,62,34,114,67,21" hai1="68,6,7,25,64,111,8,79,42,51,31,16,89" hai2="59,128,54,9,101,103,14,78,0,58,104,43,46" hai3="61,75,60,127,109,28,107,3,45,24,26,90,82"/><T112/><D34/><U70/><E111/><V13/><F0/><W121/><G109/><T18/><D110/><U44/><E79/><V129/><F78/><W65/><G3/><T12/><D119/><U116/><E116/><V36/><F14/><W71/><G127/><T93/><D41/><U102/><E102/><N who="2" m="38923" /><F54/><W132/><G107/><T32/><D32/><U98/><E64/><V81/><F81/><W86/><G121/><T73/><D37/><U83/><E70/><V76/><F76/><W66/><G75/><T4/><D93/><N who="1" m="56623" /><E68/><V39/><F39/><W55/><G55/><T92/><D92/><U27/><E83/><V130/><F104/><W100/><G100/><T96/><D112/><U53/><E53/><V84/><F84/><W20/><G45/><T52/><D114/><U124/><E124/><V85/><F85/><W69/><REACH who="3" step="1"/><G26/><REACH who="3" ten="312,289,295,94" step="2"/><T33/><D52/><U23/><E27/><V118/><F118/><W131/><G131/><T30/><D67/><U40/><E40/><V15/><F15/><AGARI ba="2,1" hai="6,7,8,15,16,23,25,31,42,44,51" m="56623" machi="15" ten="30,3900,0" yaku="8,1,52,1,54,1" doraHai="19" who="1" fromWho="2" sc="312,0,289,55,295,-45,94,0" /><INIT seed="5,0,0,4,1,127" ten="312,344,250,94" oya="1" hai0="33,79,73,14,135,26,57,68,122,95,72,43,85" hai1="38,128,5,2,91,99,45,120,121,74,12,84,56" hai2="7,132,9,23,86,30,131,13,108,35,103,111,15" hai3="37,62,22,80,124,101,48,90,0,105,21,18,97"/><U98/><E74/><V64/><F64/><W116/><G37/><T60/><D135/><U92/><E2/><V107/><F86/><W61/><G124/><T123/><D68/><U94/><E38/><V10/><F103/><W17/><G0/><T46/><D14/><U67/><E45/><V58/><F58/><W102/><G116/><T130/><D130/><U89/><E128/><V59/><F59/><W133/><G133/><T8/><D8/><U51/><E84/><V82/><F82/><W28/><G28/><T53/><D26/><U125/><E125/><V47/><F47/><W113/><G113/><T42/><D33/><U19/><E5/><V1/><F107/><W55/><G90/><T11/><D11/><U77/><E77/><V20/><F132/><W93/><G80/><N who="0" m="47263" /><D43/><U69/><E69/><V65/><F65/><W76/><G76/><T119/><D95/><U3/><E67/><V41/><F41/><W36/><G102/><T16/><D16/><U87/><E87/><V109/><F131/><W104/><G104/><T32/><D32/><U117/><E94/><V96/><F96/><W27/><G105/><T34/><D34/><U24/><E99/><V66/><F66/><W118/><G21/><N who="2" m="8265" /><F10/><W78/><G36/><N who="0" m="21831" /><D119/><U63/><E117/><V50/><F50/><W106/><G118/><T40/><D40/><U70/><E98/><V126/><F126/><W71/><G106/><T115/><D115/><U129/><E129/><V114/><F114/><W4/><G97/><T31/><D31/><U44/><E92/><V88/><F88/><W49/><G71/><RYUUKYOKU ba="0,0" sc="312,15,344,-15,250,15,94,-15" hai0="53,57,60,72,73,122,123" hai2="1,7,9,13,15,30,35,108,109,111" /><INIT seed="6,1,0,0,4,35" ten="327,329,265,79" oya="2" hai0="9,60,77,74,121,71,127,12,76,89,118,81,44" hai1="43,120,134,37,85,107,91,41,19,31,83,1,128" hai2="113,16,88,92,131,70,8,13,22,72,39,0,6" hai3="97,119,84,66,130,27,102,21,10,96,125,98,101"/><V48/><F39/><W99/><G119/><T65/><D121/><U123/><E107/><V111/><F72/><W15/><G130/><T3/><D118/><U100/><E100/><V4/><F70/><W73/><G73/><T79/><D127/><U64/><E128/><V23/><F131/><W106/><G125/><T47/><D3/><U80/><E1/><V51/><F113/><W75/><G75/><T117/><D117/><U78/><E31/><V57/><F111/><W2/><G66/><T132/><D132/><U33/><E33/><V42/><F42/><W20/><G2/><T17/><D89/><U26/><E64/><V55/><F6/><W116/><G116/><T68/><D68/><U56/><E134/><V104/><F104/><W14/><N who="3" m="24576" /><DORA hai="105" /><W114/><G114/><T40/><D47/><U124/><E37/><AGARI ba="1,0" hai="9,12,17,37,40,44,60,65,71,74,76,77,79,81" machi="37" ten="30,2000,0" yaku="7,1,52,1" doraHai="35,105" who="0" fromWho="1" sc="327,23,329,-23,265,0,79,0" /><INIT seed="7,0,0,3,0,26" ten="350,306,265,79" oya="3" hai0="84,91,63,58,107,109,114,132,130,49,61,123,57" hai1="30,14,65,117,37,89,28,56,133,110,22,10,54" hai2="108,135,96,46,121,66,100,24,23,60,127,95,67" hai3="12,53,41,126,42,128,34,88,44,51,69,48,45"/><W116/><G34/><T15/><D109/><U6/><E110/><V120/><F108/><W85/><G69/><T38/><D38/><U87/><E37/><V104/><F135/><W98/><G128/><T39/><D39/><U33/><E33/><V111/><F111/><W2/><G126/><T35/><D35/><U74/><E74/><V105/><F46/><W129/><G2/><T5/><D107/><U43/><E43/><V97/><F66/><W106/><G129/><T3/><D3/><U7/><E133/><V131/><F131/><W20/><G116/><T13/><D123/><U81/><E65/><V27/><F27/><W18/><G106/><T112/><D49/><N who="1" m="30799" /><E117/><V125/><F97/><W17/><G17/><T71/><D71/><U0/><E0/><V32/><F105/><W113/><G113/><N who="0" m="43627" /><D130/><U86/><E22/><V55/><F55/><W76/><G53/><N who="0" m="33967" /><D5/><N who="1" m="1547" /><E87/><V78/><F78/><W70/><G70/><T93/><D132/><U119/><E119/><V77/><F77/><W11/><G76/><T94/><D94/><U19/><AGARI ba="0,0" hai="10,14,19,28,30,81,86,89" m="1547,30799" machi="19" ten="30,4000,0" yaku="8,1,52,2" doraHai="26" who="1" fromWho="1" sc="350,-10,306,40,265,-10,79,-20" owari="340,14.0,346,44.0,255,-14.0,59,-44.0" /></mjloggm>