<mjloggm ver="2.3"><GO type="169" lobby="0"/><UN n0="%6C%69%6C%6C%61%6D%6D%6D" n1="%E3%83%87%E3%83%87%E3%82%AD%E3%83%B3%E3%83%88" n2="%E5%B0%B1%E6%B4%BB%E7%94%9F%40%E5%B7%9D%E6%9D%91%E8%BB%8D%E5%9B%A3" n3="%E6%9E%9D%E8%B1%86%E3%82%AB%E3%83%AC%E3%83%BC%E7%94%98%E5%8F%A3" dan="16,16,16,16" rate="2092.65,2115.26,2121.17,2112.00" sx="M,M,M,F"/><TAIKYOKU oya="0"/><INIT seed="0,0,0,4,2,134" ten="250,250,250,250" oya="0" hai0="9,61,44,39,94,124,43,22,99,24,89,47,118" hai1="125,122,40,132,95,75,57,64,6,104,87,66,105" hai2="76,52,100,111,35,32,69,37,108,51,74,17,54" hai3="41,131,1,114,93,13,113,128,8,28,115,72,120"/><T135/><D135/><U58/><E122/><V2/><F37/><W80/><G120/><T107/><D118/><U103/><E75/><V11/><F69/><W38/><G93/><T15/><D124/><U110/><E110/><N who="2" m="42027" /><F100/><W49/><G49/><T112/><D112/><U36/><E6/><N who="2" m="1495" /><F54/><W50/><G50/><T3/><D3/><U98/><E132/><V73/><F17/><W130/><G28/><T133/><D133/><U21/><E36/><V84/><F84/><W126/><G1/><T29/><D107/><U62/><E40/><V48/><F48/><W53/><G53/><T82/><D61/><N who="1" m="37935" /><E105/><V97/><F97/><W101/><G101/><T78/><D43/><U117/><E87/><V16/><F16/><N who="3" m="8231" /><G80/><T25/><D25/><U5/><E103/><V106/><F106/><W71/><G71/><T26/><D26/><U65/><E104/><V67/><F67/><W91/><G91/><T55/><D55/><U127/><E66/><V68/><F68/><W85/><G85/><N who="0" m="48343" /><D39/><U88/><E5/><AGARI ba="0,0" hai="5,9,15,22,24,29,44,47,89,94,99" m="48343" machi="5" ten="30,1500,0" yaku="8,1" doraHai="134" who="0" fromWho="1" sc="250,15,250,-15,250,0,250,0" /><INIT seed="0,1,0,2,1,68" ten="265,235,250,250" oya="0" hai0="37,131,102,18,107,59,73,7,100,121,92,50,0" hai1="20,17,96,94,98,81,114,126,39,118,61,108,113" hai2="80,28,36,105,22,10,67,74,8,32,34,25,104" hai3="48,53,38,40,93,117,3,29,2,87,65,123,14"/><T130/><D121/><U120/><E108/><V134/><F134/><W63/><G117/><T64/><D73/><U30/><E118/><V31/><F67/><W41/><G123/><T124/><D107/><U21/><E120/><V58/><F58/><W45/><G41/><T44/><D124/><U46/><E126/><V91/><F74/><W76/><G29/><T23/><D7/><U79/><E61/><V101/><F101/><W75/><G75/><T13/><D0/><U128/><E128/><N who="0" m="49193" /><D37/><U135/><E135/><V6/><F36/><W42/><G42/><N who="0" m="24855" /><D92/><U103/><E39/><V69/><F69/><W24/><G24/><T27/><D27/><U12/><E46/><V70/><F70/><N who="3" m="42303" /><G14/><T11/><D11/><U112/><E30/><V84/><F10/><W88/><G76/><T56/><D64/><U111/><E111/><V129/><F129/><W26/><G26/><T49/><D59/><AGARI ba="1,0" hai="2,3,38,40,45,48,53,59,87,88,93" m="42303" machi="59" ten="30,3900,0" yaku="24,1,52,1,54,1" doraHai="68" who="3" fromWho="0" sc="265,-42,235,0,250,0,250,42" /><INIT seed="1,0,0,5,5,24" ten="223,235,250,292" oya="1" hai0="71,73,101,117,66,106,49,50,109,135,53,22,68" hai1="100,52,107,124,115,92,114,47,54,119,45,80,51" hai2="82,17,48,41,67,127,15,65,30,20,56,46,133" hai3="112,103,8,90,40,129,33,81,116,55,0,87,83"/><U126/><E107/><V2/><F127/><N who="1" m="48681" /><E80/><V23/><F133/><W35/><G112/><N who="1" m="43050" /><E100/><V12/><F2/><W19/><G40/><T76/><D117/><U21/><E21/><V42/><F42/><W120/><G120/><T70/><D135/><U72/><E72/><V125/><F125/><W128/><G116/><T13/><D109/><U79/><E92/><V121/><F121/><W86/><G55/><N who="1" m="21034" /><E79/><V61/><F67/><W122/><G122/><T32/><D66/><U102/><E102/><V16/><F82/><W57/><G103/><T38/><D32/><U89/><E89/><V10/><F10/><W14/><G0/><T113/><D106/><U75/><E75/><V64/><F64/><W9/><G9/><T131/><D101/><U77/><E77/><V108/><F108/><W4/><G4/><T94/><D94/><U27/><E27/><V58/><F58/><W43/><G57/><T96/><D113/><U123/><E119/><V29/><AGARI ba="0,0" hai="12,15,16,17,20,23,29,30,41,46,48,56,61,65" machi="29" ten="30,12000,2" yaku="0,1,9,1,8,1,52,2,54,1" doraHai="24" who="2" fromWho="2" sc="223,-30,235,-60,250,120,292,-30" /><INIT seed="2,0,0,2,4,132" ten="193,175,370,262" oya="2" hai0="100,119,41,72,130,42,6,57,4,28,125,73,10" hai1="124,26,56,43,83,18,133,121,34,60,33,61,78" hai2="62,27,97,13,69,2,44,25,7,19,129,16,39" hai3="49,24,106,114,80,122,82,22,55,115,3,35,128"/><V89/><F129/><W14/><G128/><T90/><D130/><U135/><E121/><V37/><F2/><W127/><G3/><T112/><D112/><U126/><E43/><V68/><F7/><W107/><G122/><T110/><D110/><U131/><E131/><V117/><F117/><W94/><G94/><T105/><D119/><U103/><E103/><V108/><F108/><W104/><G14/><T11/><D28/><U134/><E18/><V15/><F62/><N who="1" m="24169" /><E56/><V86/><F97/><W64/><G35/><N who="1" m="13322" /><E26/><V45/><F86/><AGARI ba="0,0" hai="78,83,86,124,126,133,134,135" m="13322,24169" machi="86" ten="40,5200,0" yaku="20,1,52,2" doraHai="132" who="1" fromWho="2" sc="193,0,175,52,370,-52,262,0" /><INIT seed="3,0,0,4,3,95" ten="193,227,318,262" oya="3" hai0="57,127,103,104,93,86,124,132,114,26,65,43,31" hai1="40,122,74,76,58,78,16,113,75,2,100,81,55" hai2="90,12,125,7,47,68,79,36,63,49,34,66,62" hai3="22,52,33,108,88,32,8,39,121,24,118,73,44"/><W91/><G121/><T99/><D132/><U28/><E122/><V123/><F123/><W128/><G118/><T130/><D130/><U84/><E113/><V82/><F34/><W37/><G128/><T59/><D114/><U13/><E2/><V83/><F36/><W111/><G73/><T77/><D43/><U3/><E3/><V101/><F125/><N who="0" m="48202" /><D65/><U67/><E40/><V98/><F63/><W106/><G8/><T48/><D48/><U11/><E28/><V10/><F90/><N who="3" m="34347" /><G106/><T38/><D38/><N who="3" m="14345" /><G44/><T115/><D115/><U56/><E78/><V61/><F61/><W18/><G52/><T30/><D104/><U46/><E46/><V0/><F0/><W17/><G18/><T119/><D119/><U21/><E11/><V6/><F6/><W96/><G96/><T94/><D94/><U5/><E5/><V107/><REACH who="2" step="1"/><F79/><REACH who="2" ten="193,227,308,262" step="2"/><W134/><G134/><T9/><D77/><U71/><E76/><V72/><F72/><W51/><G51/><T27/><D86/><U87/><E75/><V85/><F85/><W110/><AGARI ba="0,1" hai="17,22,24,32,33,108,110,111" m="14345,34347" machi="110" ten="40,7800,0" yaku="14,1,10,1,54,1" doraHai="95" who="3" fromWho="3" sc="193,-26,227,-26,308,-26,262,88" /><INIT seed="3,1,0,4,0,33" ten="167,201,282,350" oya="3" hai0="22,14,87,133,27,48,99,23,5,94,49,84,15" hai1="101,37,113,79,66,120,135,61,125,102,30,7,124" hai2="56,46,80,90,127,34,58,53,12,55,129,31,59" hai3="50,108,93,130,109,72,16,85,62,123,128,8,100"/><W25/><G123/><T117/><D133/><U118/><E120/><V115/><F115/><W24/><G72/><T95/><D117/><U63/><E113/><V0/><F0/><W96/><G62/><T54/><D5/><U60/><E66/><V35/><F127/><N who="1" m="48713" /><E135/><V18/><F129/><N who="3" m="49771" /><G50/><T39/><D39/><U70/><E70/><V107/><F107/><W126/><G126/><T9/><D9/><U103/><E37/><V92/><F80/><W88/><G8/><T73/><D73/><U106/><E118/><V86/><F31/><W75/><G75/><T110/><D110/><N who="3" m="42601" /><G16/><T82/><D54/><U47/><E63/><V43/><F55/><W77/><G77/><T119/><D119/><U57/><E79/><V2/><F53/><W19/><G19/><T36/><D36/><U131/><E61/><V28/><F28/><W122/><G122/><T52/><D52/><N who="1" m="33831" /><E30/><V38/><F2/><W121/><G121/><T26/><REACH who="0" step="1"/><D82/><AGARI ba="1,0" hai="24,25,82,85,88,93,96,100" m="42601,49771" machi="82" ten="30,11600,0" yaku="19,1,14,1,10,1,54,1" doraHai="33" who="3" fromWho="0" sc="167,-119,201,0,282,0,350,119" /><INIT seed="3,2,0,3,2,132" ten="48,201,282,469" oya="3" hai0="15,58,110,63,124,116,28,71,133,64,95,99,33" hai1="115,113,75,74,54,82,29,32,79,60,121,17,107" hai2="26,37,83,56,76,44,47,48,101,2,62,127,91" hai3="90,102,36,112,96,53,45,16,104,31,61,70,106"/><W86/><G112/><T21/><D116/><U23/><E121/><V120/><F2/><W52/><G31/><T119/><D119/><U114/><E107/><V10/><F120/><W72/><G72/><T30/><D133/><U6/><E75/><V128/><F101/><W39/><G106/><T130/><D110/><U57/><E6/><V77/><F128/><W93/><G70/><T88/><D130/><U3/><E3/><V50/><F37/><W34/><G34/><T4/><D33/><U18/><REACH who="1" step="1"/><E23/><REACH who="1" ten="48,191,282,469" step="2"/><V111/><F111/><W13/><G61/><T87/><D4/><U123/><E123/><V109/><F10/><W85/><G85/><T24/><D87/><U135/><E135/><V46/><F109/><W78/><G78/><T97/><D63/><U129/><E129/><V73/><F77/><W84/><G84/><T49/><D97/><U105/><E105/><V27/><F76/><W11/><G53/><T134/><D99/><U55/><E55/><V65/><F73/><W5/><G5/><T81/><D134/><U42/><E42/><V9/><F9/><W12/><G52/><T94/><D21/><U68/><E68/><V122/><F122/><W89/><G86/><T69/><D71/><U19/><E19/><V67/><F67/><W25/><G104/><T59/><D64/><U117/><E117/><V40/><F65/><W66/><G66/><T7/><D69/><U103/><E103/><V20/><F40/><W35/><G35/><T131/><D131/><U0/><E0/><V126/><F62/><W8/><G8/><T92/><D7/><RYUUKYOKU ba="2,1" sc="48,-10,191,30,282,-10,469,-10" hai1="17,18,29,32,54,57,60,74,79,82,113,114,115" /><INIT seed="4,3,1,3,3,2" ten="38,221,272,459" oya="0" hai0="98,34,87,83,122,27,106,59,79,76,132,113,10" hai1="82,77,86,15,96,112,84,135,114,21,50,115,20" hai2="125,33,80,128,92,5,66,97,35,29,93,90,38" hai3="14,12,19,60,85,39,129,126,131,134,0,41,101"/><T89/><D122/><U64/><E135/><V18/><F38/><W47/><G134/><T11/><D132/><U45/><E64/><V65/><F125/><W75/><G75/><T107/><D113/><U16/><E96/><V78/><F128/><N who="3" m="49227" /><G126/><T120/><D120/><U44/><E44/><V133/><F133/><W25/><G0/><T110/><D110/><U17/><E84/><V123/><F18/><N who="1" m="7273" /><E15/><V9/><F93/><W57/><G101/><T104/><D59/><U69/><E69/><V49/><F49/><W63/><G85/><T58/><D58/><U40/><AGARI ba="3,1" hai="20,21,40,45,50,77,82,86,112,114,115" m="7273" machi="40" ten="40,5200,0" yaku="15,1,11,1,54,1" doraHai="2" who="1" fromWho="1" sc="38,-29,221,71,272,-16,459,-16" /><INIT seed="5,0,0,1,4,113" ten="9,292,256,443" oya="1" hai0="3,26,129,57,94,86,92,31,127,90,2,125,123" hai1="47,130,1,34,121,12,64,36,72,25,122,112,100" hai2="8,126,66,89,5,93,33,84,46,59,118,56,102" hai3="20,58,81,91,108,117,6,115,87,109,63,104,79"/><U18/><E112/><V28/><F126/><W13/><G115/><T105/><D105/><U134/><E72/><V48/><F118/><W9/><G104/><T49/><D123/><U10/><E130/><V37/><F37/><W103/><G103/><T53/><D129/><U128/><E128/><V23/><F33/><W42/><G117/><T45/><D127/><U114/><E114/><V44/><F102/><W74/><G42/><T71/><D71/><U50/><E36/><V38/><F38/><W73/><G20/><T30/><D125/><U11/><E134/><V88/><F89/><W52/><G74/><T54/><D30/><U116/><E116/><V27/><F66/><W60/><G63/><T15/><D15/><U75/><E64/><V106/><F106/><W83/><AGARI ba="0,0" hai="6,9,13,52,58,60,73,79,81,83,87,91,108,109" machi="83" ten="20,2700,0" yaku="0,1,7,1,54,1" doraHai="113" who="3" fromWho="3" sc="9,-7,292,-13,256,-7,443,27" /><INIT seed="6,0,0,2,1,122" ten="2,279,249,470" oya="2" hai0="120,9,41,71,1,130,51,56,124,45,11,53,61" hai1="77,88,18,58,85,75,60,87,35,44,96,67,113" hai2="99,54,3,90,17,8,20,38,83,95,36,59,84" hai3="92,12,4,78,57,103,98,94,32,50,64,106,101"/><V115/><F115/><W37/><G37/><T30/><D30/><U72/><E113/><V110/><F3/><W104/><G32/><T68/><D1/><U126/><E126/><V102/><F8/><W131/><G131/><T31/><D31/><U55/><E35/><V40/><F40/><W134/><G134/><T107/><D107/><U52/><E72/><V66/><F66/><W135/><G135/><T6/><D6/><U65/><E75/><V82/><F110/><W19/><G78/><T13/><D13/><U26/><E77/><V119/><F119/><W129/><G129/><T108/><D11/><U132/><E132/><V70/><F70/><N who="0" m="26666" /><D9/><U123/><E123/><V91/><F91/><W27/><G27/><T112/><D112/><U15/><E26/><V42/><F42/><W24/><G24/><T22/><D22/><N who="1" m="11615" /><E44/><V97/><F97/><W118/><G118/><T79/><D79/><U93/><E65/><V46/><F46/><W49/><G101/><T48/><D120/><U89/><E96/><V133/><F133/><W25/><G25/><T29/><D29/><U34/><E34/><V109/><F109/><W23/><G4/><T62/><D130/><U2/><E2/><V73/><F73/><W7/><G7/><T100/><D100/><U127/><E127/><V63/><REACH who="2" step="1"/><F82/><AGARI ba="0,0" hai="52,55,58,60,67,82,85,87,88,89,93" m="11615" machi="82" ten="30,3900,0" yaku="8,1,54,2" doraHai="122" who="1" fromWho="2" sc="2,0,279,39,249,-39,470,0" /><INIT seed="7,0,0,2,2,48" ten="2,318,210,470" oya="3" hai0="50,33,91,21,96,94,124,32,27,20,122,39,34" hai1="47,26,108,85,30,15,112,113,29,40,11,17,65" hai2="121,58,35,24,87,88,10,86,116,134,71,9,93" hai3="106,99,73,89,25,56,53,62,41,51,59,135,77"/><W68/><G135/><T128/><D39/><U103/><E108/><V52/><F71/><W131/><G131/><T109/><D109/><U14/><E65/><V3/><F116/><W126/><G126/><T110/><D110/><U67/><E67/><V37/><F37/><W102/><G68/><T95/><D124/><U43/><E103/><V36/><F36/><W101/><G101/><T117/><D128/><U7/><E85/><V4/><F121/><W118/><G118/><T90/><D117/><U13/><E47/><V6/><F134/><W8/><G8/><T120/><D50/><U97/><E97/><V80/><F24/><W98/><G25/><T60/><D60/><U76/><E76/><V129/><F129/><W44/><G59/><T46/><D46/><U45/><E45/><V111/><F35/><W79/><G73/><T125/><D125/><U1/><E43/><V114/><F114/><W23/><G23/><T57/><D57/><U49/><E49/><N who="2" m="30991" /><F111/><W115/><G115/><T83/><D83/><U28/><E40/><V55/><F3/><W75/><G75/><T105/><D105/><U74/><E74/><V22/><F22/><AGARI ba="0,0" hai="1,7,11,13,14,15,17,22,26,28,29,30,112,113" machi="22" ten="50,6400,0" yaku="34,3" doraHai="48" who="1" fromWho="2" sc="2,0,318,64,210,-64,470,0" owari="2,-50.0,382,18.0,146,-25.0,470,57.0" /></mjloggm>