<mjloggm ver="2.3"><GO type="41" lobby="0"/><UN n0="%73%6F%79%62%65%61%6E" n1="%E3%81%8A%E3%81%98%E3%81%8A" n2="%EF%BC%BC%28%EF%BC%BE%E3%83%AE%E3%82%9C%29%EF%BC%9E" n3="%E5%B0%B1%E6%B4%BB%E7%94%9F%40%E5%B7%9D%E6%9D%91%E8%BB%8D%E5%9B%A3" dan="15,17,16,16" rate="1985.89,2103.89,2079.35,2161.06" sx="M,M,M,M"/><TAIKYOKU oya="0"/><INIT seed="0,0,0,2,2,131" ten="250,250,250,250" oya="0" hai0="55,109,126,18,135,78,42,58,7,51,9,56,13" hai1="24,128,95,2,123,88,10,33,75,91,21,100,119" hai2="134,85,31,49,8,54,87,93,64,19,89,0,105" hai3="16,4,94,83,50,11,102,110,73,38,34,28,99"/><T69/><D126/><U124/><E33/><V17/><F105/><W117/><G38/><T122/><D122/><U120/><E119/><V125/><F125/><W25/><G117/><T67/><D69/><U112/><E124/><V39/><F39/><W43/><G110/><T96/><D109/><U41/><E75/><V84/><F31/><W65/><G65/><T52/><D78/><U23/><E128/><V3/><F64/><W71/><G71/><T92/><D42/><U66/><E66/><V74/><F74/><W107/><G107/><T70/><D70/><U20/><E112/><V72/><F72/><W129/><G129/><T57/><D67/><U97/><E41/><V108/><F108/><W27/><G73/><T59/><D7/><U133/><E24/><V121/><F0/><W12/><G83/><T36/><D36/><U53/><E53/><V48/><F3/><W46/><REACH who="3" step="1"/><G27/><REACH who="3" ten="250,250,250,240" step="2"/><T1/><D1/><U47/><E2/><V26/><F26/><W114/><G114/><T103/><D135/><U63/><E133/><V77/><F134/><W29/><G29/><T132/><D132/><U82/><E82/><V104/><F104/><W130/><G130/><T90/><D103/><U101/><E100/><V6/><F121/><W5/><AGARI ba="0,1" hai="4,5,11,12,16,25,28,34,43,46,50,94,99,102" machi="5" ten="30,4000,0" yaku="1,1,0,1,54,1,53,0" doraHai="131" doraHaiUra="80" who="3" fromWho="3" sc="250,-20,250,-10,250,-10,240,50" /><INIT seed="1,0,0,5,2,78" ten="230,240,240,290" oya="1" hai0="51,134,98,133,29,35,41,56,118,74,102,85,43" hai1="81,104,101,21,6,110,116,48,12,130,61,15,7" hai2="68,31,28,14,111,112,57,4,113,42,87,5,64" hai3="17,115,13,126,131,32,62,11,69,91,46,16,40"/><U23/><E116/><V18/><F68/><W67/><G115/><T33/><D118/><U107/><E130/><V117/><F117/><W1/><G32/><T44/><D74/><U123/><E123/><V135/><F42/><W119/><G119/><T108/><D108/><U106/><E101/><V65/><F111/><W76/><G126/><T10/><D10/><U97/><E97/><V37/><F37/><W55/><G131/><T71/><D71/><U53/><E61/><V77/><F135/><N who="0" m="51722" /><D43/><U86/><E110/><V95/><F113/><W52/><G1/><T20/><D56/><N who="1" m="32807" /><E104/><V92/><F112/><W63/><G63/><T3/><D3/><U89/><E106/><V39/><F39/><W122/><G122/><T103/><D85/><U70/><E107/><V49/><F87/><W60/><G60/><T80/><D80/><U34/><E34/><N who="0" m="12809" /><D98/><U121/><E70/><V2/><F57/><W90/><G76/><T109/><D109/><U47/><E47/><V132/><F77/><W75/><G75/><T73/><D73/><U129/><E129/><V120/><F120/><W45/><G45/><T58/><D58/><U59/><E59/><V36/><F132/><W88/><REACH who="3" step="1"/><G17/><REACH who="3" ten="230,240,240,280" step="2"/><T0/><D0/><U96/><E121/><V125/><F2/><W50/><AGARI ba="0,1" hai="11,13,16,40,46,50,52,55,62,67,69,88,90,91" machi="50" ten="30,12000,2" yaku="1,1,2,1,0,1,54,3,53,0" doraHai="78" doraHaiUra="26" who="3" fromWho="3" sc="230,-30,240,-60,240,-30,280,130" /><INIT seed="2,0,0,5,0,38" ten="200,180,210,410" oya="2" hai0="12,81,74,135,75,57,112,58,48,126,44,115,123" hai1="46,60,36,16,10,120,53,82,93,132,101,111,25" hai2="34,55,8,63,1,98,6,40,50,11,79,103,68" hai3="21,49,116,99,70,64,129,133,102,131,83,17,84"/><V94/><F34/><W85/><G116/><T5/><D123/><U92/><E111/><V108/><F108/><W22/><G133/><T104/><D135/><U86/><E132/><V110/><F110/><W88/><G70/><T127/><D104/><U91/><E120/><V100/><F79/><W65/><G84/><T76/><D75/><U90/><E101/><V67/><F103/><W52/><G99/><T109/><D109/><U80/><E36/><V125/><F125/><N who="0" m="47626" /><D12/><N who="1" m="7191" /><E25/><V95/><F8/><W18/><G102/><T121/><D5/><U4/><E4/><V32/><F32/><W97/><G97/><T124/><N who="0" m="47634" /><T73/><DORA hai="105" /><D73/><U14/><E14/><V118/><F118/><W114/><G114/><N who="0" m="43563" /><D121/><U59/><E46/><V0/><F0/><W28/><G28/><T62/><D62/><U66/><E66/><N who="3" m="25706" /><G18/><T23/><D23/><U61/><E60/><V122/><F122/><W3/><G3/><T37/><D37/><U107/><E107/><V30/><F30/><W96/><G96/><AGARI ba="0,0" hai="53,59,61,80,82,86,90,91,92,93,96" m="7191" machi="96" ten="30,2000,0" yaku="8,1,54,1" doraHai="38,105" who="1" fromWho="3" sc="200,0,180,20,210,0,410,-20" /><INIT seed="3,0,0,0,2,74" ten="200,200,210,390" oya="3" hai0="48,68,39,62,59,52,78,28,81,23,18,42,70" hai1="38,129,105,35,2,17,16,50,126,53,14,33,56" hai2="89,11,66,8,76,65,121,24,117,37,84,12,41" hai3="99,9,91,30,10,45,108,49,79,40,75,115,95"/><W124/><G115/><T57/><D28/><U32/><E2/><V5/><F117/><W102/><G124/><T118/><D39/><U111/><E111/><V31/><F121/><W55/><G108/><T73/><D42/><U120/><E120/><V0/><F41/><W88/><G30/><T87/><D73/><U1/><E1/><V26/><F37/><W77/><G75/><T27/><REACH who="0" step="1"/><D118/><REACH who="0" ten="190,200,210,390" step="2"/><U4/><E38/><V19/><F31/><W110/><G110/><T119/><D119/><U44/><E32/><V113/><F113/><W20/><G40/><T51/><D51/><U15/><E33/><V34/><F34/><W71/><G71/><T127/><D127/><U47/><E35/><V43/><F43/><W46/><G46/><T132/><D132/><U63/><E126/><V22/><F26/><W21/><G45/><T92/><D92/><U3/><E105/><V90/><F24/><W25/><G49/><T13/><D13/><U123/><E14/><V6/><F0/><W98/><G25/><T96/><D96/><U130/><E3/><V116/><F12/><W94/><G102/><T103/><D103/><U122/><E47/><V85/><F116/><W64/><G55/><AGARI ba="0,1" hai="18,23,27,48,52,55,57,59,62,68,70,78,81,87" machi="55" ten="30,7700,0" yaku="1,1,7,1,52,1,54,1,53,0" doraHai="74" doraHaiUra="104" who="0" fromWho="3" sc="190,87,200,0,210,0,390,-77" /><INIT seed="4,0,0,3,1,14" ten="277,200,210,313" oya="0" hai0="106,31,130,53,100,7,20,134,39,3,6,91,109" hai1="101,125,89,67,108,66,41,120,37,121,22,13,79" hai2="112,12,72,69,78,128,115,103,95,26,73,127,27" hai3="0,92,35,93,55,84,60,82,45,74,2,23,119"/><T29/><D39/><U113/><E108/><V40/><F69/><W33/><G74/><T85/><D109/><U21/><E125/><V117/><F40/><W49/><G119/><T110/><D110/><U124/><E124/><V61/><F127/><W1/><G60/><T4/><D134/><U90/><E113/><N who="2" m="43595" /><F128/><W51/><G51/><T25/><D130/><U114/><E114/><V131/><F131/><W62/><G62/><T10/><D100/><U50/><E37/><V87/><F117/><W71/><G71/><T48/><D31/><U135/><E135/><V122/><F122/><W133/><G133/><T111/><D106/><U36/><E101/><V46/><F46/><W64/><G64/><T28/><D28/><U32/><E36/><V43/><F43/><W65/><G65/><T104/><D104/><U107/><E41/><V52/><F12/><W83/><G83/><T17/><D29/><U16/><E107/><V57/><F78/><W99/><G23/><T34/><D34/><U42/><E32/><V105/><F105/><W97/><G35/><T30/><D30/><U86/><E120/><V96/><F87/><W81/><G84/><T58/><REACH who="0" step="1"/><D111/><REACH who="0" ten="267,200,210,313" step="2"/><U47/><E121/><V77/><F77/><W8/><G33/><T88/><D88/><N who="1" m="33899" /><E21/><V56/><F56/><W70/><G70/><T102/><D102/><U5/><E5/><V98/><F98/><W116/><G116/><T24/><D24/><AGARI ba="0,1" hai="24,26,27,52,57,61,72,73,95,96,103" m="43595" machi="24" ten="30,2000,0" yaku="15,1,54,1" doraHai="14" who="2" fromWho="0" sc="267,-20,200,0,210,30,313,0" /><INIT seed="5,0,0,3,5,103" ten="247,200,240,313" oya="1" hai0="39,109,102,20,93,33,105,106,94,100,126,128,55" hai1="114,24,83,127,120,107,132,49,21,66,63,50,52" hai2="70,113,25,15,118,125,0,10,28,75,111,23,61" hai3="80,90,121,67,95,81,11,72,3,17,87,53,45"/><U101/><E120/><V76/><F111/><W48/><G121/><T97/><D33/><U134/><E114/><V6/><F118/><W4/><G72/><T29/><D39/><U91/><E127/><V129/><F125/><W86/><G67/><T2/><D2/><U26/><E49/><V18/><F129/><W1/><G17/><T13/><D126/><U79/><E91/><V130/><F130/><W110/><G110/><T99/><D128/><U131/><E131/><V35/><F113/><W68/><G68/><T119/><D109/><U108/><E108/><V71/><F61/><W30/><G30/><T60/><D119/><U74/><E101/><V123/><REACH who="2" step="1"/><F123/><REACH who="2" ten="247,200,230,313" step="2"/><W62/><G62/><T46/><D60/><U12/><E63/><V64/><F64/><W54/><G3/><T69/><D69/><U27/><E66/><V57/><F57/><W77/><G95/><T92/><D93/><U40/><E107/><V51/><F51/><W133/><G133/><N who="1" m="51306" /><E40/><AGARI ba="0,1" hai="1,4,11,40,45,48,53,54,77,80,81,86,87,90" machi="40" ten="30,1000,0" yaku="7,1" doraHai="103" who="3" fromWho="1" sc="247,0,200,-10,230,0,313,20" /><INIT seed="6,0,0,0,1,19" ten="247,190,230,333" oya="2" hai0="37,72,116,60,40,53,106,66,47,127,132,118,14" hai1="61,90,119,70,105,2,65,88,46,7,23,5,36" hai2="115,87,54,41,126,71,17,59,130,86,112,16,21" hai3="10,94,76,81,79,3,11,15,28,31,124,26,51"/><V39/><F71/><W20/><G124/><T110/><D110/><U128/><E119/><N who="0" m="45609" /><D106/><U108/><E108/><V22/><F126/><W74/><G76/><T95/><D72/><U82/><E105/><V0/><F0/><W58/><G3/><T111/><D111/><U133/><E128/><V12/><F130/><W64/><G94/><T84/><D127/><U104/><E104/><V56/><F41/><W100/><G100/><T120/><D120/><U49/><E36/><V48/><F39/><W122/><G122/><T44/><D14/><U113/><E113/><N who="2" m="43595" /><F59/><W62/><G28/><T114/><D114/><U123/><E123/><V97/><F97/><W85/><G74/><T121/><D121/><U55/><E133/><V129/><F129/><W13/><G51/><N who="0" m="28903" /><D95/><U69/><E69/><V93/><F93/><W83/><G83/><T35/><D35/><U45/><E45/><V101/><F101/><W125/><G125/><T30/><D30/><U25/><E2/><V38/><F38/><W32/><G32/><T89/><D132/><U68/><E68/><V57/><F57/><W4/><G4/><T117/><N who="0" m="45617" /><T34/><DORA hai="29" /><D34/><U75/><E75/><V63/><F48/><W43/><G43/><T98/><D98/><U6/><REACH who="1" step="1"/><E82/><REACH who="1" ten="247,180,230,333" step="2"/><V109/><F109/><W91/><G81/><N who="0" m="49295" /><D37/><U135/><E135/><V80/><F80/><W67/><G58/><T73/><D73/><U33/><E33/><V18/><F18/><AGARI ba="0,1" hai="5,6,7,18,23,25,46,49,55,61,65,70,88,90" machi="18" ten="40,5200,0" yaku="1,1,52,1,54,1,53,0" doraHai="19,29" doraHaiUra="134,27" who="1" fromWho="2" sc="247,0,180,62,230,-52,333,0" /><INIT seed="7,0,0,3,4,102" ten="247,242,178,333" oya="3" hai0="121,7,134,69,21,80,133,62,27,122,39,85,43" hai1="78,109,129,83,24,75,106,6,50,36,1,52,59" hai2="13,125,20,10,108,86,0,120,63,48,94,104,79" hai3="67,14,77,119,91,124,45,19,35,101,53,12,68"/><W92/><G119/><T90/><D7/><U131/><E109/><V42/><F108/><W111/><G35/><T81/><D43/><U95/><E36/><V71/><F125/><W38/><G111/><T29/><D39/><U74/><E74/><V8/><F120/><W87/><G124/><T66/><REACH who="0" step="1"/><D81/><REACH who="0" ten="237,242,178,333" step="2"/><U100/><E6/><V76/><F0/><W5/><G38/><T17/><D17/><U103/><E1/><V117/><F117/><W113/><G19/><T114/><D114/><U51/><E83/><V82/><F76/><W16/><G5/><T128/><D128/><U132/><E78/><V116/><F116/><W44/><G16/><T26/><D26/><U15/><E24/><V123/><F123/><AGARI ba="0,1" hai="21,27,29,62,66,69,80,85,90,121,122,123,133,134" machi="123" ten="40,2600,0" yaku="1,1,53,1" doraHai="102" doraHaiUra="56" who="0" fromWho="2" sc="237,36,242,0,178,-26,333,0" owari="273,7.0,242,-16.0,152,-35.0,333,44.0" /></mjloggm>