<mjloggm ver="2.3"><GO type="225" lobby="0"/><UN n0="%E5%B0%B1%E6%B4%BB%E7%94%9F%40%E5%B7%9D%E6%9D%91%E8%BB%8D%E5%9B%A3" n1="%E3%82%B1%E3%83%B3%E3%83%A4%E2%98%85" n2="%73%69%67%65%6E%6F%72%69" n3="%73%61%72%61%6B" dan="16,18,17,16" rate="2084.78,2149.07,2200.68,2139.55" sx="M,M,M,M"/><TAIKYOKU oya="0"/><INIT seed="0,0,0,2,1,95" ten="250,250,250,250" oya="0" hai0="15,34,33,1,39,35,61,114,123,16,2,0,50" hai1="66,106,4,3,59,67,109,100,46,60,128,10,38" hai2="21,24,134,121,78,58,91,117,104,52,56,32,19" hai3="71,108,76,119,12,75,96,92,62,81,120,9,28"/><T22/><D39/><U88/><E109/><V65/><F121/><W112/><G119/><T87/><D123/><U23/><E128/><V89/><F117/><W126/><G112/><T74/><D74/><U122/><E122/><V98/><F134/><W6/><G108/><T133/><D133/><U43/><E23/><V107/><F32/><W68/><G126/><T45/><D114/><U73/><E73/><V77/><F104/><W8/><G120/><T97/><D61/><U130/><E130/><V115/><F115/><W53/><G28/><T116/><D116/><U85/><E100/><V44/><F107/><W94/><G94/><T64/><D64/><U113/><E106/><V11/><F11/><W79/><G79/><N who="2" m="30217" /><F65/><W48/><G9/><T54/><D87/><U111/><E113/><V86/><F98/><W40/><G62/><T41/><REACH who="0" step="1"/><D97/><REACH who="0" ten="240,250,250,250" step="2"/><U55/><E111/><V131/><F131/><W14/><G68/><T47/><D47/><U49/><E38/><V103/><F86/><N who="3" m="48423" /><G71/><T27/><D27/><U29/><E29/><V99/><F44/><W84/><G84/><T82/><D82/><AGARI ba="0,1" hai="3,4,10,43,46,49,55,59,60,66,67,82,85,88" machi="82" ten="30,2000,0" yaku="7,1,54,1" doraHai="95" who="1" fromWho="0" sc="240,-20,250,30,250,0,250,0" /><INIT seed="1,0,0,0,4,43" ten="220,280,250,250" oya="1" hai0="128,60,132,84,55,106,119,22,68,57,16,24,14" hai1="78,48,40,117,61,3,121,80,11,82,49,58,52" hai2="70,126,89,62,122,71,83,10,25,2,90,56,103" hai3="64,116,85,51,27,110,53,109,35,97,66,74,65"/><U32/><E121/><V87/><F122/><W135/><G116/><T79/><D119/><U123/><E123/><V105/><F126/><W67/><G135/><T104/><D128/><U1/><E117/><V115/><F115/><W7/><G74/><T9/><D132/><U107/><E32/><V129/><F129/><W100/><G7/><T130/><D130/><U91/><E107/><V45/><F90/><W127/><G127/><T131/><D131/><U125/><E125/><V88/><F89/><W18/><G85/><T17/><REACH who="0" step="1"/><D68/><REACH who="0" ten="210,280,250,250" step="2"/><U47/><E1/><V30/><F71/><W92/><N who="3" m="16384" /><DORA hai="113" /><W46/><REACH who="3" step="1"/><G18/><REACH who="3" ten="210,280,250,240" step="2"/><T21/><D21/><U108/><E3/><V44/><F70/><W75/><G75/><T5/><D5/><U13/><E11/><V15/><F2/><W20/><G20/><T95/><D95/><U118/><E118/><V38/><F10/><W99/><G99/><T134/><D134/><U112/><E112/><V23/><F23/><W94/><G94/><T111/><D111/><U31/><E108/><V77/><F105/><W102/><G102/><T0/><D0/><U28/><E82/><AGARI ba="0,2" hai="9,14,16,17,22,24,55,57,60,79,82,84,104,106" machi="82" ten="40,2600,0" yaku="1,1,54,1,53,0" doraHai="43,113" doraHaiUra="96,69" who="0" fromWho="1" sc="210,46,280,-26,250,0,240,0" /><INIT seed="2,0,0,2,1,44" ten="256,254,250,240" oya="2" hai0="115,119,125,76,41,34,9,46,61,66,58,22,16" hai1="71,120,0,94,92,129,51,75,65,4,83,10,95" hai2="5,15,13,35,33,124,98,55,107,63,81,20,64" hai3="36,30,11,133,3,130,49,48,53,23,32,45,8"/><V67/><F124/><W2/><G32/><T90/><D34/><U14/><E129/><V97/><F107/><W123/><G123/><T24/><D115/><U29/><E120/><V52/><F81/><W56/><G36/><T132/><D125/><U86/><E75/><V127/><F127/><W26/><G133/><T17/><D132/><U100/><E0/><V88/><F63/><W72/><G130/><T80/><D119/><U114/><E114/><V78/><F78/><W31/><G72/><T118/><D90/><U121/><E121/><V60/><F60/><W101/><G101/><T122/><D122/><U50/><E29/><V105/><F105/><W27/><G2/><T89/><D89/><N who="1" m="51423" /><E71/><V57/><F57/><W62/><G62/><T87/><D118/><U18/><E65/><V68/><F88/><W74/><G3/><T73/><D9/><N who="3" m="3657" /><G74/><T134/><D134/><U28/><E28/><N who="3" m="10794" /><G23/><T93/><D17/><U91/><E100/><V70/><REACH who="2" step="1"/><F20/><REACH who="2" ten="256,254,240,240" step="2"/><W126/><G126/><T47/><D73/><U1/><E1/><V19/><F19/><W25/><G25/><T116/><D116/><U128/><E128/><V40/><F40/><AGARI ba="0,1" hai="26,27,40,45,48,49,53,56" m="10794,3657" machi="40" ten="30,3900,0" yaku="8,1,52,2" doraHai="44" who="3" fromWho="2" sc="256,0,254,0,240,-39,240,49" /><INIT seed="3,0,0,5,1,60" ten="256,254,201,289" oya="3" hai0="109,116,85,31,65,102,22,10,25,44,134,92,91" hai1="23,34,46,119,7,86,13,2,84,105,53,30,32" hai2="69,99,104,51,75,98,57,14,113,63,3,76,125" hai3="122,54,135,59,121,78,8,77,126,58,27,1,82"/><W87/><G135/><T5/><D109/><U79/><E105/><V52/><F3/><W49/><G126/><T133/><D116/><U90/><E119/><V48/><F113/><W41/><G41/><T9/><D102/><U110/><E2/><V112/><F112/><W15/><G1/><T38/><D65/><U0/><E0/><V132/><F125/><W28/><G59/><T72/><D72/><U71/><E71/><V95/><F132/><N who="0" m="50794" /><D5/><U111/><E79/><V20/><F104/><W42/><G42/><AGARI ba="0,0" hai="9,10,22,25,31,38,42,44,85,91,92" m="50794" machi="42" ten="30,1000,0" yaku="20,1" doraHai="60" who="0" fromWho="3" sc="256,10,254,0,201,0,289,-10" /><INIT seed="4,0,0,1,5,26" ten="266,254,201,279" oya="0" hai0="2,35,82,108,74,113,25,13,14,44,47,57,39" hai1="21,20,80,28,41,106,66,124,7,40,114,0,6" hai2="32,72,81,104,15,53,105,84,55,4,133,1,86" hai3="110,69,130,128,76,83,102,3,30,18,78,123,24"/><T60/><D2/><U100/><E106/><V61/><F1/><W64/><G3/><T51/><D39/><U79/><E100/><V92/><F133/><W129/><G110/><T12/><D108/><U67/><E0/><V22/><F32/><W118/><G118/><T131/><D131/><U38/><E38/><V117/><F117/><W16/><G123/><T107/><D107/><U99/><E99/><V132/><F132/><W10/><G102/><T36/><D36/><U33/><E33/><V8/><F72/><W37/><G37/><T62/><D113/><U42/><E124/><V45/><F104/><W23/><G10/><T93/><D93/><U49/><E49/><N who="2" m="28847" /><F105/><W94/><G94/><T98/><D98/><U17/><E114/><V52/><F61/><N who="3" m="40079" /><G78/><T125/><D125/><U34/><E34/><V63/><F63/><W71/><G71/><T95/><D95/><U101/><E101/><V48/><F48/><W58/><G58/><T77/><D60/><U103/><E103/><V127/><F127/><W43/><G43/><T126/><D126/><U65/><E79/><N who="2" m="46143" /><F22/><W97/><G97/><T135/><D135/><U73/><E73/><AGARI ba="0,0" hai="16,18,23,24,30,73,76,83,128,129,130" m="40079" machi="73" ten="30,3900,0" yaku="19,1,52,1,54,1" doraHai="26" who="3" fromWho="1" sc="266,0,254,-39,201,0,279,39" owari="266,7.0,215,-18.0,201,-30.0,318,41.0" /></mjloggm>