<mjloggm ver="2.3"><GO type="169" lobby="0"/><UN n0="%E3%81%8B%E3%81%98%E3%81%9D" n1="%4B%69%72%63%68%65" n2="%E3%83%A1%E3%82%AD%E3%83%AD%E3%82%B9" n3="%E3%82%A6%E3%83%AB%E3%83%88%E3%83%A9%E7%AB%8B%E7%9B%B4" dan="16,16,17,17" rate="2110.25,2091.92,2193.14,2150.48" sx="M,M,M,M"/><TAIKYOKU oya="0"/><INIT seed="0,0,0,0,3,129" ten="250,250,250,250" oya="0" hai0="121,106,132,108,6,48,84,134,120,86,62,76,91" hai1="117,87,43,131,103,116,31,54,33,111,90,13,89" hai2="22,100,57,77,55,118,19,1,104,135,113,36,29" hai3="115,38,9,30,10,24,49,98,34,70,97,21,52"/><T92/><D6/><U82/><E131/><V58/><F36/><W74/><G38/><T40/><D106/><U23/><E33/><V12/><F1/><W128/><G128/><T93/><D62/><U25/><E43/><V122/><F122/><W5/><G115/><T102/><D40/><U101/><E111/><V73/><F113/><W20/><G74/><T42/><D108/><U15/><E116/><V107/><F118/><W123/><G70/><T26/><D26/><U95/><E117/><V110/><F110/><W27/><G123/><T81/><D42/><U51/><E103/><V45/><F45/><N who="3" m="27695" /><G34/><T7/><D7/><U44/><REACH who="1" step="1"/><E101/><REACH who="1" ten="250,240,250,250" step="2"/><V37/><F100/><W83/><G5/><T2/><D120/><U88/><E88/><V4/><F37/><W94/><G83/><T79/><D121/><U65/><E65/><V50/><F77/><W67/><G67/><T66/><D66/><U133/><E133/><N who="0" m="51305" /><D2/><U16/><E16/><V99/><F19/><N who="3" m="12319" /><G98/><AGARI ba="0,1" hai="13,15,23,25,31,44,51,54,82,87,89,90,95,98" machi="98" ten="30,7700,0" yaku="1,1,7,1,8,1,53,1" doraHai="129" doraHaiUra="41" who="1" fromWho="3" sc="250,0,240,87,250,0,250,-77" /><INIT seed="1,0,0,5,5,95" ten="250,327,250,173" oya="1" hai0="85,79,118,19,52,70,126,25,20,75,107,80,94" hai1="15,81,42,114,64,38,46,51,105,48,121,57,86" hai2="62,24,100,96,125,16,128,93,61,43,110,99,0" hai3="119,65,124,76,97,133,69,29,30,31,9,112,28"/><U18/><E121/><V78/><F0/><W82/><G112/><T66/><D118/><U22/><E105/><V36/><F110/><W130/><G119/><T35/><D126/><U88/><E114/><V1/><F125/><W6/><G124/><T13/><D107/><U56/><E64/><V63/><F128/><W103/><G130/><T11/><D35/><U74/><E74/><V98/><F1/><W73/><G133/><T14/><D14/><U120/><E120/><V10/><F78/><W21/><G21/><T44/><D66/><U102/><E102/><V71/><F71/><W68/><N who="3" m="7168" /><DORA hai="129" /><W104/><REACH who="3" step="1"/><G65/><REACH who="3" ten="250,327,250,163" step="2"/><T134/><D20/><U39/><REACH who="1" step="1"/><E51/><REACH who="1" ten="250,317,250,163" step="2"/><V59/><F36/><AGARI ba="0,2" hai="15,18,22,36,38,39,42,46,48,56,57,81,86,88" machi="36" ten="40,7700,0" yaku="1,1,2,1,54,1,53,0" doraHai="95,129" doraHaiUra="90,3" who="1" fromWho="2" sc="250,0,317,97,250,-77,163,0" /><INIT seed="1,1,0,3,5,125" ten="250,414,173,163" oya="1" hai0="123,34,131,53,46,100,109,11,81,54,102,124,86" hai1="133,97,134,96,106,30,35,116,48,130,13,76,16" hai2="26,45,112,92,49,38,98,56,8,121,42,32,20" hai3="80,132,105,128,119,115,24,41,25,44,108,103,14"/><U85/><E116/><V104/><F104/><W83/><G119/><T66/><D34/><U82/><E48/><V7/><F32/><W58/><G115/><T12/><D124/><U88/><E35/><V50/><F121/><W79/><G108/><T117/><D117/><U5/><E5/><V0/><F56/><W87/><G132/><N who="1" m="50794" /><E30/><V39/><F112/><W27/><G105/><T91/><D109/><U118/><E118/><V65/><F65/><W59/><G103/><T61/><D123/><U43/><E43/><V120/><F120/><W33/><G33/><T73/><D73/><U74/><E106/><V28/><REACH who="2" step="1"/><F38/><REACH who="2" ten="250,414,163,163" step="2"/><W52/><G59/><N who="0" m="35063" /><D66/><U75/><E75/><V10/><F10/><W101/><G58/><T111/><D111/><U93/><E130/><V47/><F47/><W19/><G128/><T70/><D131/><U6/><E6/><V15/><F15/><W55/><G44/><T29/><D70/><U135/><E135/><V17/><F17/><W22/><G14/><T4/><D29/><U84/><E74/><V77/><F77/><W114/><G79/><T67/><D67/><U23/><AGARI ba="1,1" hai="13,16,23,76,82,84,85,88,93,96,97" m="50794" machi="23" ten="30,6000,0" yaku="20,1,54,2" doraHai="125" who="1" fromWho="1" sc="250,-21,414,73,163,-21,163,-21" /><INIT seed="1,2,0,4,1,55" ten="229,487,142,142" oya="1" hai0="133,113,98,46,93,7,69,104,61,44,28,102,62" hai1="85,12,78,84,26,2,134,97,77,35,47,16,33" hai2="20,18,125,107,49,63,15,14,66,120,83,103,109" hai3="59,108,52,100,3,19,122,90,110,42,38,70,129"/><U0/><E97/><V121/><F109/><N who="3" m="42091" /><G122/><T89/><D62/><U126/><E126/><V34/><F125/><W119/><G70/><T43/><D133/><U73/><E134/><V94/><F107/><W112/><G112/><T39/><D44/><U71/><E71/><V45/><F34/><W24/><G3/><T74/><D7/><U115/><E115/><V50/><F50/><N who="3" m="31127" /><G129/><T53/><D74/><U67/><E67/><V92/><F83/><W6/><G6/><T64/><D113/><U22/><E0/><V29/><F14/><W57/><G119/><T23/><D23/><U132/><E2/><V25/><F103/><W1/><G1/><T116/><D116/><U123/><E123/><V76/><F76/><W88/><G100/><T87/><D28/><U135/><E135/><V31/><F121/><W124/><G124/><T27/><D27/><U131/><E26/><V91/><F120/><W54/><G42/><T99/><D102/><U80/><E131/><V56/><F31/><W21/><G38/><T8/><D104/><U130/><E130/><V81/><F29/><W65/><G65/><T75/><D43/><U82/><E132/><V36/><F36/><W4/><G4/><T17/><D39/><U72/><E47/><V51/><F45/><W5/><G5/><T86/><D46/><U127/><E127/><V106/><F106/><W13/><G24/><T60/><D64/><U114/><E114/><V10/><F25/><W118/><G118/><T30/><D69/><U41/><E41/><V58/><F66/><W68/><G68/><T11/><D30/><RYUUKYOKU ba="2,0" sc="229,-15,487,15,142,-15,142,15" hai1="12,16,22,33,35,72,73,77,78,80,82,84,85" hai3="13,19,21,54,57,88,90" /><INIT seed="1,3,0,2,0,133" ten="214,502,127,157" oya="1" hai0="5,128,86,87,35,48,58,30,34,67,49,26,73" hai1="11,18,64,45,14,123,113,6,62,107,91,44,1" hai2="82,15,13,54,37,56,85,72,41,60,97,10,104" hai3="39,111,2,71,74,27,33,110,43,40,118,52,63"/><U55/><E107/><V134/><F72/><W132/><G2/><T135/><D73/><U129/><E123/><V95/><F104/><W4/><G4/><T116/><D116/><U61/><E113/><V100/><F134/><W76/><G118/><T19/><D135/><U126/><E129/><V69/><F69/><W31/><G132/><T114/><D114/><U9/><E126/><V121/><F121/><W17/><G17/><T75/><D75/><U70/><E91/><V83/><F83/><N who="3" m="45463" /><G52/><T51/><D128/><U46/><REACH who="1" step="1"/><E62/><REACH who="1" ten="214,492,127,157" step="2"/><V120/><F120/><W130/><G130/><T96/><D96/><U25/><E25/><V50/><F60/><W22/><G63/><T102/><D26/><U109/><E109/><V92/><F92/><W3/><G27/><T20/><D102/><U112/><E112/><V68/><F100/><W108/><G111/><T124/><D124/><U16/><E16/><V99/><F95/><W23/><G110/><T36/><D19/><U93/><E93/><V24/><F24/><W90/><G90/><T81/><D30/><U89/><E89/><V21/><F99/><W77/><G31/><T105/><D105/><U78/><E78/><V47/><F97/><W57/><G77/><T42/><D5/><U115/><E115/><V122/><F122/><W53/><G108/><T38/><D81/><U65/><E65/><V125/><F82/><W98/><G98/><T29/><D67/><U28/><E28/><V12/><F125/><W79/><G79/><T32/><D29/><U0/><E0/><V59/><F10/><W94/><G94/><RYUUKYOKU ba="3,1" sc="214,-10,492,30,127,-10,157,-10" hai1="1,6,9,11,14,18,44,45,46,55,61,64,70" /><INIT seed="1,4,1,2,4,80" ten="204,522,117,147" oya="1" hai0="42,48,15,85,135,93,20,11,4,38,92,24,49" hai1="79,109,43,27,70,100,84,19,116,76,94,120,106" hai2="29,66,95,115,98,126,67,40,3,90,65,73,25" hai3="33,5,14,103,71,77,26,122,41,72,88,69,54"/><U18/><E70/><V53/><F73/><W12/><G122/><T99/><D135/><U17/><E120/><V105/><F3/><W78/><G72/><T82/><D38/><U133/><E116/><V111/><F111/><W132/><G132/><T7/><D7/><U68/><E68/><V32/><F126/><W60/><G103/><T96/><D96/><U22/><E133/><V61/><F40/><W117/><G117/><T102/><D93/><U28/><E106/><V35/><F115/><W86/><G33/><T55/><D55/><U46/><E109/><V44/><F105/><W118/><G118/><T9/><D9/><U134/><E134/><V104/><F104/><W50/><G69/><T130/><D42/><U34/><E34/><V10/><F10/><N who="3" m="4175" /><G26/><T74/><D74/><U123/><E123/><V114/><F114/><W75/><G14/><T39/><D39/><U2/><E2/><V113/><F113/><W8/><G8/><T21/><D21/><U56/><E56/><V52/><F32/><W129/><G75/><T101/><D101/><U81/><E100/><V108/><F108/><W119/><G129/><T6/><D6/><U91/><REACH who="1" step="1"/><E94/><REACH who="1" ten="204,512,117,147" step="2"/><V97/><F44/><N who="3" m="25871" /><G71/><T30/><D130/><U110/><E110/><V87/><REACH who="2" step="1"/><F53/><REACH who="2" ten="204,512,107,147" step="2"/><W127/><G119/><T47/><D92/><U89/><E89/><V37/><F37/><AGARI ba="4,3" hai="17,18,19,22,27,28,37,43,46,76,79,81,84,91" machi="37" ten="40,3900,0" yaku="1,1,52,1,53,0" doraHai="80" doraHaiUra="112" who="1" fromWho="2" sc="204,0,512,81,107,-51,147,0" /><INIT seed="1,5,0,5,1,44" ten="204,593,56,147" oya="1" hai0="12,33,110,1,131,88,112,96,121,42,86,97,11" hai1="60,106,92,17,53,132,78,82,126,79,68,3,29" hai2="32,77,18,7,50,73,100,4,94,67,55,43,74" hai3="95,24,103,124,70,127,47,64,20,125,35,61,66"/><U104/><E3/><V10/><F32/><W129/><G35/><T122/><D33/><U6/><E6/><V99/><F43/><W128/><G66/><T36/><D112/><U107/><E29/><V16/><F67/><W51/><G95/><N who="0" m="54679" /><D1/><U27/><E132/><V52/><F55/><N who="3" m="30207" /><G103/><T19/><D110/><U56/><E68/><V39/><F39/><W76/><G76/><T22/><D131/><N who="3" m="50249" /><G20/><T111/><D111/><U37/><E37/><V134/><F134/><W23/><G23/><T87/><D87/><U85/><E92/><V0/><F4/><W98/><G98/><T65/><D65/><U5/><E79/><V57/><REACH who="2" step="1"/><F77/><REACH who="2" ten="204,593,46,147" step="2"/><W93/><G93/><T49/><D36/><U102/><E78/><V75/><AGARI ba="5,1" hai="0,7,10,16,18,50,52,57,73,74,75,94,99,100" machi="75" ten="30,16000,3" yaku="1,1,2,1,0,1,52,1,54,2,53,2" doraHai="44" doraHaiUra="13" who="2" fromWho="2" sc="204,-45,593,-85,46,185,147,-45" /><INIT seed="2,0,0,1,0,45" ten="159,508,231,102" oya="2" hai0="135,40,114,59,81,92,129,22,1,23,66,60,79" hai1="65,78,36,2,31,46,34,125,126,6,77,133,75" hai2="8,83,68,15,100,123,54,96,17,103,86,47,128" hai3="90,87,26,134,130,124,20,84,82,93,5,111,35"/><V10/><F68/><W32/><G111/><T119/><D1/><U25/><E65/><V89/><F123/><W71/><G71/><T50/><D119/><U120/><E120/><V4/><F128/><W27/><G130/><T91/><D114/><U104/><E104/><V121/><F121/><W12/><G124/><N who="1" m="47722" /><E78/><V58/><F47/><W24/><G134/><T72/><D129/><U94/><E94/><V73/><F73/><W11/><REACH who="3" step="1"/><G20/><REACH who="3" ten="159,508,231,92" step="2"/><T30/><D135/><U53/><E133/><V99/><F103/><W108/><G108/><T109/><D109/><U57/><E34/><V63/><F100/><W38/><G38/><T48/><D22/><U95/><E36/><V67/><F67/><W107/><G107/><T74/><D74/><U97/><E75/><V39/><F39/><W80/><G80/><T62/><D81/><U122/><E122/><V61/><F61/><W98/><G98/><T127/><D72/><U18/><E97/><V76/><F76/><AGARI ba="0,1" hai="5,11,12,24,26,27,32,35,76,82,84,87,90,93" machi="76" ten="40,1300,0" yaku="1,1,53,0" doraHai="45" doraHaiUra="42" who="3" fromWho="2" sc="159,0,508,0,231,-13,92,23" /><INIT seed="3,0,0,4,3,63" ten="159,508,218,115" oya="3" hai0="85,62,26,71,57,4,45,77,93,51,88,23,127" hai1="117,67,101,19,15,55,53,40,35,46,29,48,112" hai2="82,64,119,30,32,133,83,99,116,21,47,44,39" hai3="7,104,107,115,13,60,16,79,65,131,59,121,132"/><W110/><G121/><T9/><D71/><U17/><E112/><V86/><F32/><W42/><G115/><T84/><D127/><U18/><E117/><V106/><F133/><W80/><G132/><T113/><D113/><U129/><E101/><V3/><F3/><W20/><G131/><T109/><D109/><U91/><E35/><V2/><F2/><W12/><G110/><T8/><D4/><U103/><E103/><V81/><F86/><W50/><G42/><T58/><D84/><U97/><E29/><V124/><F124/><W22/><G50/><T78/><D77/><U105/><E105/><V56/><F106/><W0/><G0/><T6/><D78/><U123/><E123/><V74/><F74/><W31/><G31/><N who="0" m="17887" /><D6/><U43/><E43/><BYE who="1" /><UN n1="%4B%69%72%63%68%65" /><V11/><F99/><W28/><G28/><T61/><D61/><U118/><E118/><V49/><F39/><W54/><G54/><N who="0" m="30063" /><D57/><U38/><E38/><V41/><F47/><W125/><G125/><T114/><D114/><U90/><E129/><V111/><F111/><W94/><G94/><T102/><D102/><U5/><E97/><V96/><F96/><W75/><REACH who="3" step="1"/><G7/><REACH who="3" ten="159,508,218,105" step="2"/><T52/><AGARI ba="0,1" hai="8,9,52,58,62,85,88,93" m="30063,17887" machi="52" ten="30,4000,0" yaku="8,1,54,2" doraHai="63" who="0" fromWho="0" sc="159,50,508,-10,218,-10,105,-20" /><INIT seed="4,0,0,5,2,102" ten="209,498,208,85" oya="0" hai0="131,37,53,122,83,40,65,104,111,58,125,16,108" hai1="132,54,63,123,29,92,51,109,99,55,79,27,85" hai2="130,52,135,33,124,74,81,116,3,25,36,95,129" hai3="14,114,96,119,7,78,24,71,30,115,70,80,1"/><T41/><D122/><U82/><E123/><V39/><F3/><W15/><G119/><T46/><D40/><U21/><E109/><N who="0" m="42057" /><D131/><N who="2" m="50186" /><F135/><W100/><G15/><T26/><D125/><U64/><E132/><V38/><F124/><W0/><G14/><T32/><D65/><U94/><E51/><V69/><F116/><W97/><G97/><T50/><D83/><U86/><E85/><V43/><F69/><W8/><G0/><T127/><D127/><U9/><E9/><V117/><F117/><W107/><G71/><T28/><D16/><U48/><E48/><V62/><F95/><W61/><G61/><T66/><D66/><U18/><E18/><V35/><F43/><W6/><G6/><T106/><AGARI ba="0,0" hai="26,28,32,37,41,46,50,53,58,104,106" m="42057" machi="106" ten="30,6000,0" yaku="10,1,52,2" doraHai="102" who="0" fromWho="0" sc="209,60,498,-20,208,-20,85,-20" /><INIT seed="4,1,0,0,4,119" ten="269,478,188,65" oya="0" hai0="70,39,135,37,40,30,129,57,41,19,61,78,15" hai1="48,134,31,27,16,17,71,22,123,79,25,43,115" hai2="88,131,121,44,133,14,113,9,35,99,63,38,23" hai3="10,0,108,114,103,98,130,3,77,85,29,76,2"/><T128/><D78/><U74/><E71/><V67/><F35/><W58/><G108/><T80/><D30/><U11/><E134/><V96/><F113/><W13/><G114/><T33/><D33/><U107/><E107/><V118/><F118/><W59/><G130/><N who="0" m="50283" /><D80/><U64/><E64/><V28/><F131/><W97/><G29/><T1/><D1/><U62/><E62/><V36/><F133/><W32/><G32/><T105/><D70/><U24/><E115/><V42/><F36/><N who="0" m="13898" /><D105/><U4/><E79/><V126/><F126/><W122/><G3/><T104/><D104/><U90/><E74/><V111/><F111/><W8/><G85/><T102/><D102/><U52/><E43/><V82/><F28/><W34/><G34/><T46/><D46/><U83/><E83/><V124/><F42/><W132/><G132/><T87/><D87/><U81/><E81/><V94/><F44/><W56/><G56/><T50/><D50/><U84/><E84/><V125/><F82/><W49/><G49/><T73/><D73/><U53/><E48/><V109/><F38/><W120/><REACH who="3" step="1"/><G103/><REACH who="3" ten="269,478,188,55" step="2"/><T6/><D135/><U51/><E51/><V18/><F109/><W93/><G93/><T68/><D68/><U106/><E106/><V95/><F94/><W47/><G47/><T60/><D57/><U89/><E31/><V100/><F100/><W55/><G55/><T69/><D41/><U117/><E117/><V112/><F95/><W110/><G110/><T12/><D40/><U116/><E116/><V66/><F112/><W7/><G7/><T45/><D45/><RYUUKYOKU ba="1,1" sc="269,-10,478,-10,188,-10,55,30" hai3="0,2,8,10,13,58,59,76,77,97,98,120,122" /><INIT seed="5,2,1,5,4,66" ten="259,468,178,85" oya="1" hai0="126,129,123,71,87,16,42,34,114,26,20,52,31" hai1="85,72,110,88,113,112,98,25,5,10,104,28,45" hai2="82,130,39,63,4,1,15,106,0,33,55,21,58" hai3="70,11,62,13,37,18,69,96,79,119,103,120,101"/><U81/><E72/><V27/><F106/><W12/><G120/><T57/><D123/><U59/><E110/><V68/><F39/><W124/><G37/><T91/><D114/><N who="1" m="44139" /><E45/><V73/><F33/><W116/><G124/><T14/><D42/><U41/><E41/><V92/><F130/><W6/><G79/><T118/><D126/><U35/><E59/><V97/><F68/><N who="3" m="26219" /><G62/><T23/><D71/><U132/><E132/><V84/><F73/><W100/><G96/><T94/><D129/><U117/><E117/><N who="3" m="45130" /><G18/><T115/><D115/><U109/><E109/><V78/><F15/><AGARI ba="2,1" hai="6,11,12,13,15,100,101,103" m="45130,26219" machi="15" ten="40,8000,1" yaku="12,1,52,3" doraHai="66" who="3" fromWho="2" sc="259,0,468,0,178,-86,85,96" /><INIT seed="6,0,0,4,2,57" ten="259,468,92,181" oya="2" hai0="95,76,130,29,105,131,102,39,44,88,96,72,43" hai1="46,32,1,13,106,85,12,74,121,111,31,115,129" hai2="84,69,89,134,100,11,110,70,51,14,3,132,82" hai3="78,6,41,24,122,20,19,40,62,99,56,125,127"/><V91/><F3/><W28/><G122/><T133/><D29/><U81/><E1/><V42/><F100/><W50/><G6/><T94/><D133/><N who="2" m="51306" /><F110/><W97/><G78/><T2/><D2/><U109/><E106/><V48/><F89/><W63/><G28/><T22/><D22/><U60/><E121/><V8/><F8/><W30/><G30/><T126/><D126/><N who="3" m="48137" /><G50/><N who="2" m="18985" /><F42/><N who="3" m="16491" /><G56/><T79/><D72/><U18/><E74/><V86/><F86/><W108/><G108/><T25/><D25/><U27/><E27/><V38/><F38/><W4/><G4/><AGARI ba="0,0" hai="4,11,14,69,70,82,84,91" m="18985,51306" machi="4" ten="30,1500,0" yaku="20,1" doraHai="57" who="2" fromWho="3" sc="259,0,468,0,92,15,181,-15" /><INIT seed="6,1,0,5,5,31" ten="259,468,107,166" oya="2" hai0="28,61,10,108,92,89,16,106,72,39,130,100,20" hai1="103,119,122,0,46,109,50,41,75,129,134,85,57" hai2="90,32,125,4,96,67,70,35,120,56,59,93,60" hai3="7,40,45,123,34,97,58,102,79,121,43,127,44"/><V88/><F120/><W30/><G127/><T14/><D39/><U105/><E75/><V9/><F125/><W98/><G7/><T2/><D108/><U74/><E74/><V77/><F77/><W84/><G58/><T49/><D72/><U33/><E0/><V54/><F90/><W68/><G68/><T6/><D130/><U99/><E109/><V94/><F93/><W116/><G116/><T62/><D100/><U42/><E119/><V91/><F91/><W115/><G84/><T117/><D106/><U82/><E129/><V118/><F118/><W22/><G22/><T113/><D113/><U55/><E134/><V15/><F70/><W27/><G79/><T19/><D19/><U36/><E42/><V48/><AGARI ba="1,0" hai="4,9,15,32,35,48,54,56,59,60,67,88,94,96" machi="48" ten="20,12000,1" yaku="0,1,7,1,52,2,54,1" doraHai="31" who="2" fromWho="2" sc="259,-41,468,-41,107,123,166,-41" /><INIT seed="6,2,0,1,1,82" ten="218,427,230,125" oya="2" hai0="129,124,1,94,45,53,103,51,11,65,73,90,63" hai1="59,70,77,84,26,33,117,95,111,12,21,115,87" hai2="43,54,102,23,123,112,134,25,80,10,104,7,81" hai3="47,29,9,30,92,75,83,121,27,5,8,6,61"/><V109/><F123/><W74/><G121/><T128/><D73/><U131/><E70/><V67/><F112/><W32/><G92/><T35/><D35/><U41/><E117/><V56/><F67/><W76/><G61/><T38/><D103/><U126/><E111/><V85/><F43/><W125/><G125/><T91/><D38/><U0/><E0/><V106/><F80/><W3/><G30/><T40/><D40/><U36/><E115/><V72/><F102/><W58/><G58/><T114/><D114/><U108/><E108/><V50/><F72/><W39/><G47/><T105/><D105/><U88/><E126/><V127/><F134/><W37/><G75/><T71/><D124/><U2/><E2/><AGARI ba="2,0" hai="2,3,5,6,8,9,27,29,32,37,39,74,76,83" machi="2" ten="30,8000,1" yaku="7,1,9,1,33,3" doraHai="82" who="3" fromWho="1" sc="218,0,427,-86,230,0,125,86" /><INIT seed="7,0,0,2,4,27" ten="218,341,230,211" oya="3" hai0="93,103,40,36,5,11,76,3,52,13,85,31,89" hai1="127,71,53,102,67,117,15,128,74,37,79,49,97" hai2="92,41,26,35,105,131,2,6,132,38,43,80,115" hai3="118,51,58,62,1,95,55,77,10,22,50,98,73"/><W59/><G118/><T57/><D103/><U126/><E37/><V81/><F43/><W30/><G73/><T44/><D76/><U129/><E117/><V109/><F109/><W14/><G77/><T33/><D33/><U17/><E71/><V86/><F105/><W0/><G0/><T135/><D135/><U101/><E67/><V7/><F35/><W116/><G1/><T104/><D104/><N who="1" m="63535" /><E102/><V60/><F131/><N who="1" m="50249" /><E79/><V65/><F26/><N who="3" m="16727" /><G116/><T75/><D75/><U42/><E42/><V18/><F41/><W12/><G59/><T9/><D3/><U121/><E121/><V19/><F2/><W91/><G14/><T64/><D64/><U108/><E74/><V124/><F65/><W54/><G54/><T61/><D11/><N who="1" m="6399" /><E108/><V119/><F38/><W110/><G110/><T83/><REACH who="0" step="1"/><D31/><REACH who="0" ten="208,341,230,211" step="2"/><U34/><E34/><V69/><F132/><W63/><G63/><T29/><D29/><U112/><E112/><V122/><F115/><W20/><G20/><T24/><D24/><U84/><E127/><V78/><F124/><W4/><AGARI ba="0,1" hai="4,10,12,50,51,55,58,62,91,95,98" m="16727" machi="4" ten="30,3000,0" yaku="8,1,52,1" doraHai="27" who="3" fromWho="3" sc="208,-10,341,-10,230,-10,211,40" /><INIT seed="7,1,0,5,4,107" ten="198,331,220,251" oya="3" hai0="122,55,25,18,79,77,66,46,94,35,7,109,67" hai1="65,51,135,132,102,82,74,71,37,47,6,29,117" hai2="24,93,42,58,59,21,125,36,20,89,83,31,99" hai3="131,4,45,14,110,123,38,69,50,72,70,119,128"/><W87/><G38/><T84/><D122/><U11/><E37/><V48/><F36/><W63/><G72/><T78/><D109/><U127/><E117/><V9/><F125/><W85/><G119/><T108/><D108/><U26/><E102/><V106/><F106/><W57/><G123/><T49/><D7/><U81/><E127/><V12/><F21/><W15/><G57/><T3/><D3/><N who="1" m="479" /><E65/><V98/><F98/><W116/><G63/><T17/><D35/><N who="1" m="20919" /><E71/><V111/><F111/><W80/><G50/><T104/><D104/><U60/><E60/><V39/><F39/><W113/><G4/><T91/><REACH who="0" step="1"/><D25/><REACH who="0" ten="188,331,220,251" step="2"/><U8/><E132/><V41/><F83/><W101/><G80/><T121/><D121/><U120/><E135/><V30/><F30/><W96/><G110/><T105/><D105/><U68/><E120/><V76/><F76/><W10/><G116/><T5/><D5/><U40/><E82/><V129/><F129/><W32/><G131/><T16/><AGARI ba="1,1" hai="16,17,18,46,49,55,66,67,77,78,79,84,91,94" machi="16" ten="30,8000,1" yaku="1,1,0,1,8,1,54,1,53,1" doraHai="107" doraHaiUra="88" who="0" fromWho="0" sc="188,93,331,-21,220,-21,251,-41" owari="281,8.0,310,41.0,199,-30.0,210,-19.0" /></mjloggm>