<mjloggm ver="2.3"><GO type="169" lobby="0"/><UN n0="%4A%57%49%4C%4C" n1="%E3%82%A4%E3%82%B5%E3%82%AD" n2="%E3%82%A6%E3%83%AB%E3%83%88%E3%83%A9%E7%AB%8B%E7%9B%B4" n3="%E5%81%A5%E5%85%A8%E7%90%86%E7%B3%BB%E7%94%B7%E5%85%90" dan="16,17,17,16" rate="2130.27,2205.63,2180.53,2053.67" sx="M,M,M,M"/><TAIKYOKU oya="0"/><INIT seed="0,0,0,1,2,15" ten="250,250,250,250" oya="0" hai0="135,98,10,122,20,110,76,133,86,124,129,6,63" hai1="17,126,31,48,51,117,97,80,28,132,108,65,44" hai2="50,81,41,55,130,84,53,104,35,60,26,85,92" hai3="112,13,125,114,111,71,9,14,116,38,77,107,109"/><T23/><D98/><U123/><E117/><V87/><F104/><W90/><G116/><T19/><D63/><U43/><E123/><V49/><F130/><W57/><G71/><T69/><D69/><U30/><E108/><N who="3" m="41546" /><G125/><T121/><D110/><U58/><E132/><N who="0" m="50761" /><D76/><U62/><E126/><V8/><F81/><W127/><G127/><T102/><D102/><U95/><E80/><V21/><F35/><W40/><G107/><T93/><D124/><U2/><E2/><V119/><F119/><W47/><G77/><T89/><D129/><U100/><REACH who="1" step="1"/><E17/><REACH who="1" ten="250,240,250,250" step="2"/><V74/><F74/><W24/><G112/><T91/><D121/><U18/><E18/><V106/><F106/><W75/><G114/><T46/><D19/><U25/><E25/><V131/><F26/><W70/><G24/><T99/><D122/><U73/><E73/><V72/><F72/><W29/><G75/><T94/><D46/><U11/><E11/><V79/><F8/><W120/><G120/><T0/><AGARI ba="0,1" hai="0,6,10,20,23,86,89,91,93,94,99" m="50761" machi="0" ten="30,1500,0" yaku="20,1" doraHai="15" who="0" fromWho="0" sc="250,25,240,-5,250,-5,250,-5" /><INIT seed="0,1,0,0,2,72" ten="275,235,245,245" oya="0" hai0="8,129,77,53,49,106,57,93,42,98,120,41,58" hai1="29,70,130,4,63,6,83,73,95,40,21,30,56" hai2="99,103,78,113,25,38,97,48,35,133,26,104,135" hai3="109,37,75,81,64,119,31,46,10,124,122,12,55"/><T43/><D120/><U92/><E70/><V45/><F113/><W102/><G119/><T16/><D106/><U50/><E130/><V39/><F97/><W69/><G122/><T32/><D32/><U76/><E4/><V132/><F78/><W116/><G116/><T51/><D129/><U65/><E6/><V15/><F15/><W105/><G109/><T60/><D77/><U100/><E100/><V19/><F35/><W9/><G31/><T59/><D60/><U84/><E73/><V52/><REACH who="2" step="1"/><F19/><REACH who="2" ten="275,235,235,245" step="2"/><W17/><G17/><T131/><D131/><U111/><E111/><V127/><F127/><W114/><G12/><N who="0" m="7175" /><D53/><U71/><E76/><V94/><F94/><W107/><G114/><T62/><D62/><U66/><E95/><V82/><F82/><W36/><G124/><T90/><AGARI ba="1,1" hai="41,42,43,49,51,57,58,59,90,93,98" m="7175" machi="90" ten="30,3000,0" yaku="8,1,54,1" doraHai="72" who="0" fromWho="0" sc="275,43,235,-11,235,-11,245,-11" /><INIT seed="0,2,0,0,1,99" ten="318,224,224,234" oya="0" hai0="55,103,72,10,5,34,59,82,41,112,97,17,132" hai1="127,24,39,18,35,9,45,93,37,88,111,12,58" hai2="0,107,30,69,68,77,98,67,14,1,53,4,51" hai3="104,56,91,44,116,66,135,83,46,125,50,15,63"/><T38/><D112/><U29/><E111/><V21/><F77/><W43/><G104/><T121/><D121/><U8/><E127/><V2/><F67/><W109/><G116/><T87/><D132/><U100/><E8/><V95/><F107/><W92/><G109/><T117/><D34/><U71/><E71/><V48/><F48/><W22/><G125/><T113/><D113/><U106/><E58/><V81/><F81/><W79/><G135/><T32/><D32/><U11/><E11/><V96/><F98/><W90/><G92/><T64/><D117/><U36/><E106/><V131/><F131/><W52/><G22/><T119/><D119/><U114/><E114/><V6/><F6/><W16/><G15/><T13/><D72/><U27/><E27/><V31/><F30/><W70/><G16/><T110/><D64/><U33/><E33/><V86/><F86/><W130/><G130/><T65/><D65/><U133/><E133/><V122/><F122/><W60/><REACH who="3" step="1"/><G46/><REACH who="3" ten="318,224,224,224" step="2"/><T76/><D110/><U61/><E45/><V19/><F4/><W3/><G3/><T115/><D5/><U126/><E126/><V134/><F134/><W26/><G26/><T128/><D128/><U47/><E47/><N who="2" m="27903" /><F31/><W73/><AGARI ba="2,1" hai="43,44,50,52,56,60,63,66,70,73,79,83,90,91" machi="73" ten="20,5200,0" yaku="1,1,0,1,7,1,54,1,53,0" doraHai="99" doraHaiUra="108" who="3" fromWho="3" sc="318,-28,224,-15,224,-15,224,68" /><INIT seed="1,0,0,3,3,106" ten="290,209,209,292" oya="1" hai0="118,133,27,103,45,42,68,88,134,132,91,53,6" hai1="95,73,8,86,97,128,129,80,63,85,15,92,32" hai2="1,23,26,60,29,104,0,4,48,123,54,111,17" hai3="43,90,130,46,110,120,7,37,79,49,2,71,119"/><U93/><E32/><V84/><F123/><W102/><G120/><T116/><D68/><U82/><E63/><V33/><F111/><W115/><G115/><T18/><D103/><U126/><E126/><V55/><F104/><W19/><G71/><T38/><D6/><U12/><E8/><V107/><F107/><W3/><G110/><T100/><D100/><U62/><E62/><V51/><F84/><N who="1" m="32361" /><E97/><V125/><F125/><W117/><G102/><T113/><D53/><U109/><E109/><V101/><F101/><W105/><G105/><T11/><D113/><U77/><E80/><V39/><F39/><W5/><G130/><AGARI ba="0,0" hai="12,15,73,77,82,92,93,95,128,129,130" m="32361" machi="130" ten="30,2900,0" yaku="19,1,52,1" doraHai="106" who="1" fromWho="3" sc="290,0,209,29,209,0,292,-29" /><INIT seed="1,1,0,3,0,128" ten="290,238,209,263" oya="1" hai0="39,61,23,85,0,71,60,124,3,78,118,65,111" hai1="97,24,15,54,38,4,43,29,112,13,1,14,76" hai2="34,59,90,103,21,98,94,28,9,132,11,57,115" hai3="135,126,95,6,88,48,27,31,45,47,33,82,17"/><U69/><E69/><V113/><F34/><W92/><G126/><T49/><D118/><U130/><E130/><V100/><F21/><W116/><G116/><T26/><D39/><U41/><E112/><V36/><F28/><W120/><G120/><T104/><D104/><U96/><E76/><V73/><F36/><W129/><G129/><T53/><D61/><U131/><E131/><V105/><F73/><W109/><G109/><T93/><D111/><U70/><E70/><V114/><F103/><W106/><G106/><T72/><D72/><U101/><E54/><V20/><F20/><W86/><G6/><T108/><D124/><U122/><E97/><V46/><F46/><W56/><G135/><T32/><D32/><U107/><E38/><V123/><F123/><W8/><G56/><N who="2" m="21577" /><F132/><W64/><G64/><T40/><D40/><U44/><E44/><V55/><F55/><W12/><REACH who="3" step="1"/><G47/><REACH who="3" ten="290,238,209,253" step="2"/><T134/><D134/><U80/><E122/><V10/><F105/><W50/><G50/><T127/><D127/><U121/><E121/><V42/><F100/><W133/><G133/><T74/><D108/><U19/><E101/><V7/><F7/><W30/><G30/><T110/><D110/><U63/><E29/><V125/><F125/><W84/><G84/><T117/><D117/><U58/><E107/><V25/><F114/><W51/><G51/><T102/><D102/><U37/><E4/><V87/><F113/><W79/><G79/><T66/><D66/><U77/><E77/><V91/><F115/><W35/><G35/><T67/><D78/><U89/><E37/><RYUUKYOKU ba="1,1" sc="290,-10,238,-10,209,-10,253,30" hai3="8,12,17,27,31,33,45,48,82,86,88,92,95" /><INIT seed="2,2,1,5,3,49" ten="280,228,199,283" oya="2" hai0="22,5,30,45,95,91,84,110,81,123,38,39,120" hai1="75,134,4,15,86,108,131,10,82,3,31,67,28" hai2="2,33,79,85,74,19,133,56,35,25,23,92,29" hai3="113,32,107,13,54,6,57,80,115,111,42,60,68"/><V129/><F129/><W26/><G107/><T87/><D5/><U104/><E104/><V96/><F133/><W43/><G68/><T116/><D110/><U126/><E75/><V99/><F2/><W105/><G105/><T77/><D116/><U40/><E108/><V14/><F35/><W94/><G111/><T69/><D69/><U78/><E134/><V112/><F112/><N who="3" m="43083" /><G94/><T106/><D106/><U118/><E118/><V66/><F74/><W130/><G130/><T98/><D98/><U70/><E126/><V36/><F36/><W101/><G101/><T8/><D8/><U76/><E76/><V44/><F44/><W65/><G80/><T100/><D100/><U64/><E3/><V50/><F66/><W11/><G65/><T0/><D0/><U52/><E40/><V47/><F56/><W135/><G135/><T18/><D30/><AGARI ba="2,1" hai="6,11,13,26,30,32,42,43,54,57,60" m="43083" machi="30" ten="30,2000,0" yaku="11,1,52,1" doraHai="49" who="3" fromWho="0" sc="280,-26,228,0,199,0,283,36" /><INIT seed="3,0,0,2,4,130" ten="254,228,199,319" oya="3" hai0="103,17,115,101,107,108,5,38,28,42,40,53,89" hai1="129,31,1,66,14,124,58,102,26,37,34,27,45" hai2="10,59,88,70,79,9,57,44,135,131,116,133,112" hai3="111,83,100,21,96,76,105,3,68,78,69,132,104"/><W92/><G3/><T39/><D5/><U71/><E1/><V134/><F116/><W30/><G30/><T85/><D28/><U16/><E71/><V19/><F131/><W97/><G69/><T35/><D35/><U25/><E129/><V7/><F112/><W121/><G68/><T50/><D115/><U87/><E102/><V20/><F70/><W126/><G21/><T123/><D123/><U80/><E124/><V117/><F117/><W127/><G121/><T81/><D108/><U32/><E37/><V29/><F79/><N who="3" m="30251" /><G111/><T46/><D107/><U48/><E34/><V36/><F29/><W61/><G61/><T13/><D39/><U52/><E58/><N who="2" m="22027" /><F7/><W43/><G43/><T2/><D2/><U110/><E66/><V98/><F44/><W73/><G132/><N who="2" m="33793" /><V86/><DORA hai="74" /><F36/><W51/><G51/><T60/><D60/><U106/><E110/><V91/><F98/><W63/><G63/><T90/><D38/><U18/><E31/><V125/><F125/><N who="3" m="47627" /><G97/><T64/><D64/><U72/><E32/><V82/><F91/><W41/><G41/><T11/><D89/><U118/><E118/><V77/><F88/><W94/><G104/><T113/><D113/><U0/><E106/><V114/><F114/><W12/><G12/><AGARI ba="0,0" hai="9,10,12,19,20,77,82,86" m="33793,22027" machi="12" ten="40,12000,2" yaku="20,1,52,5" doraHai="130,74" who="2" fromWho="3" sc="254,0,228,0,199,120,319,-120" /><INIT seed="4,0,0,1,1,110" ten="254,228,319,199" oya="0" hai0="21,6,98,101,119,91,18,76,106,45,1,48,120" hai1="132,74,86,41,80,125,59,51,73,107,121,36,19" hai2="25,20,90,84,63,17,97,78,22,65,129,27,64" hai3="44,89,87,7,52,37,28,77,42,46,85,54,3"/><T118/><D120/><U126/><E121/><V56/><F129/><W66/><G28/><T47/><D76/><U33/><E33/><V60/><F78/><W123/><G123/><T95/><D47/><U40/><E107/><V103/><F103/><W69/><G77/><T8/><D106/><U109/><E109/><V82/><F97/><W53/><G44/><T130/><D130/><U131/><E132/><V135/><F135/><W10/><REACH who="3" step="1"/><G89/><REACH who="3" ten="254,228,319,189" step="2"/><T58/><D91/><N who="1" m="51655" /><E131/><V67/><F56/><W34/><G34/><T134/><D134/><U108/><E108/><V4/><F4/><W50/><G50/><T31/><D31/><AGARI ba="0,1" hai="17,20,22,25,27,31,60,63,64,65,67,82,84,90" machi="31" ten="40,1300,0" yaku="8,1" doraHai="110" who="2" fromWho="0" sc="254,-13,228,0,319,23,189,0" /><INIT seed="5,0,0,4,2,60" ten="241,228,342,189" oya="1" hai0="94,20,135,18,119,5,101,69,47,62,105,56,7" hai1="14,59,45,99,35,113,98,15,46,103,44,23,97" hai2="4,109,116,133,10,83,126,122,34,95,13,19,127" hai3="114,61,75,78,89,12,112,51,64,70,38,25,31"/><U29/><E35/><V26/><F122/><W77/><G38/><T1/><D119/><U40/><E113/><N who="3" m="43626" /><G75/><T117/><D117/><U106/><E40/><V120/><F120/><W54/><G12/><T32/><D32/><U3/><E3/><V17/><F116/><W132/><G132/><T24/><D69/><U50/><E103/><V124/><F109/><W9/><G9/><T81/><D105/><U108/><E106/><V74/><F95/><W6/><G6/><T55/><D135/><U115/><E115/><V28/><F133/><W110/><G89/><T48/><D81/><U33/><E33/><V22/><F83/><W80/><G80/><T58/><D58/><U87/><E87/><V100/><F100/><W71/><G71/><T43/><D1/><U92/><E92/><V123/><F74/><W121/><G121/><T16/><REACH who="0" step="1"/><D18/><REACH who="0" ten="231,228,342,189" step="2"/><N who="2" m="6666" /><F123/><W85/><G110/><T82/><D82/><U53/><E108/><V128/><F34/><N who="3" m="20847" /><G85/><T2/><D2/><U11/><E11/><V72/><F72/><W37/><G37/><T57/><D57/><AGARI ba="0,1" hai="51,54,57,61,64,70,77,78" m="20847,43626" machi="57" ten="30,2000,0" yaku="15,1,52,1" doraHai="60" who="3" fromWho="0" sc="231,-20,228,0,342,0,189,30" /><INIT seed="6,0,0,1,3,70" ten="211,228,342,219" oya="2" hai0="25,121,30,14,23,34,32,120,107,91,130,83,78" hai1="123,134,129,96,10,111,93,95,126,67,79,108,46" hai2="17,113,71,90,106,92,110,40,64,104,38,82,58" hai3="0,49,119,47,3,19,76,35,16,100,132,81,26"/><V21/><F113/><W54/><G119/><T4/><D107/><U88/><E67/><V12/><F71/><W122/><G122/><T52/><D91/><U73/><E123/><V89/><F90/><W48/><G132/><T85/><D130/><U118/><E118/><V31/><F82/><W94/><G35/><T103/><D103/><U66/><E66/><V33/><F33/><W131/><G131/><T77/><D77/><U1/><E134/><V87/><F31/><W84/><G49/><T65/><D65/><U133/><E133/><V98/><F98/><W117/><G117/><T44/><D32/><U18/><E129/><V43/><F43/><W124/><G124/><T97/><D97/><U24/><E126/><V74/><F74/><W127/><G127/><T86/><D86/><U101/><E46/><N who="2" m="23831" /><F64/><W20/><G100/><T15/><D15/><U63/><E63/><V115/><F115/><W41/><G94/><T6/><D6/><U7/><E24/><V36/><F36/><W56/><REACH who="3" step="1"/><G19/><REACH who="3" ten="211,228,342,209" step="2"/><T72/><D34/><U42/><E18/><V27/><F17/><W55/><G55/><T60/><D120/><U50/><E95/><V59/><F92/><W75/><G75/><T37/><D72/><U105/><E101/><V109/><F106/><W11/><G11/><N who="0" m="4455" /><D121/><U68/><E105/><V8/><F104/><W99/><G99/><T45/><D37/><U13/><E96/><V51/><F8/><W128/><G128/><T28/><D28/><U61/><E10/><V62/><F87/><W2/><G2/><T114/><D114/><U102/><E102/><RYUUKYOKU ba="0,1" sc="211,15,228,-15,342,-15,209,15" hai0="23,25,30,44,45,52,60,78,83,85" hai3="0,3,16,20,26,41,47,48,54,56,76,81,84" /><INIT seed="7,1,1,3,5,56" ten="226,213,327,224" oya="3" hai0="45,60,132,77,98,85,104,41,107,80,117,103,74" hai1="57,2,116,134,122,47,92,8,89,27,61,32,133" hai2="20,68,123,58,3,52,21,53,55,115,23,110,88" hai3="54,79,93,46,70,5,76,86,12,124,6,64,16"/><W44/><G124/><T38/><D117/><U114/><E122/><V75/><F68/><W37/><G37/><T7/><D132/><N who="1" m="50795" /><E114/><V129/><F75/><W18/><G70/><T26/><D26/><U128/><E128/><V11/><F110/><W24/><G64/><T127/><D127/><U62/><E116/><V90/><F3/><W1/><G1/><T113/><D113/><U25/><E47/><N who="3" m="17962" /><G54/><T119/><D119/><U30/><E27/><V63/><F129/><W101/><G24/><T22/><D22/><U66/><E61/><V14/><F115/><W135/><G135/><T94/><D7/><N who="3" m="2569" /><G86/><T40/><D40/><U131/><E131/><V91/><F123/><W97/><G18/><AGARI ba="1,1" hai="11,14,18,20,21,23,52,53,55,58,63,88,90,91" machi="18" ten="40,8000,1" yaku="8,1,52,1,54,2" doraHai="56" who="2" fromWho="3" sc="226,0,213,0,327,93,224,-83" owari="226,3.0,213,-19.0,420,52.0,141,-36.0" /></mjloggm>