<mjloggm ver="2.3"><GO type="41" lobby="0"/><UN n0="%64%6F%67%75%39%37" n1="%57%61%76%65" n2="%E5%B0%B1%E6%B4%BB%E7%94%9F%40%E5%B7%9D%E6%9D%91%E8%BB%8D%E5%9B%A3" n3="%E6%85%A2%E6%80%A7%E3%82%84%E3%81%91%E3%81%A3%E3%81%B1%E3%81%A3%E3%81%A1" dan="13,13,15,13" rate="1820.86,1850.11,2003.47,1852.14" sx="M,M,M,M"/><TAIKYOKU oya="0"/><INIT seed="0,0,0,2,0,70" ten="250,250,250,250" oya="0" hai0="118,61,35,56,57,121,92,101,25,1,81,36,53" hai1="49,100,126,21,3,32,41,58,44,43,108,74,52" hai2="69,130,62,68,18,86,54,76,119,132,80,4,19" hai3="122,96,17,65,82,117,11,66,84,131,103,10,125"/><T14/><D1/><U90/><E32/><V113/><F113/><W79/><G122/><T93/><D121/><U112/><E112/><V34/><F34/><W78/><G78/><T45/><D118/><U85/><E74/><V51/><F119/><W9/><G131/><T87/><D101/><U134/><E3/><V102/><F132/><W133/><G125/><T120/><D120/><U129/><E129/><V33/><F33/><W114/><G133/><T0/><D0/><U15/><E126/><V83/><F130/><W99/><G117/><T128/><D128/><U55/><E134/><V50/><F4/><W135/><G114/><T95/><D35/><U39/><E108/><V5/><F5/><W63/><G135/><T13/><D25/><U30/><E100/><V60/><F102/><W42/><G42/><T46/><D57/><U106/><E106/><V7/><F7/><W20/><G99/><T26/><D26/><U28/><E43/><V59/><F59/><W115/><G115/><T111/><D111/><U104/><E104/><V71/><F54/><W116/><G116/><T47/><REACH who="0" step="1"/><D36/><REACH who="0" ten="240,250,250,250" step="2"/><U77/><E30/><V24/><F24/><W73/><G73/><T64/><D64/><U67/><E67/><V23/><F71/><W124/><G124/><T31/><D31/><U91/><E28/><V37/><F37/><W107/><REACH who="3" step="1"/><G63/><REACH who="3" ten="240,250,250,240" step="2"/><T12/><D12/><AGARI ba="0,2" hai="9,10,11,12,17,20,65,66,79,82,84,96,103,107" machi="12" ten="40,5200,0" yaku="1,1,2,1,53,1" doraHai="70" doraHaiUra="75" who="3" fromWho="0" sc="240,-52,250,0,250,0,240,72" /><INIT seed="1,0,0,2,2,3" ten="188,250,250,312" oya="1" hai0="23,120,110,135,54,13,118,21,6,104,42,15,72" hai1="83,40,43,16,114,56,39,101,11,1,80,62,9" hai2="121,98,76,60,61,27,38,134,17,74,126,22,78" hai3="128,57,29,109,67,46,65,113,20,10,47,86,125"/><U108/><E114/><V33/><F121/><W132/><G113/><T50/><D104/><U66/><E108/><V99/><F126/><W127/><G109/><T71/><D72/><U24/><E39/><V79/><F74/><W102/><G102/><T32/><D71/><U100/><E1/><V7/><F38/><W0/><G132/><T59/><D110/><U90/><E101/><V75/><F75/><W82/><G128/><T4/><D32/><U48/><E100/><V124/><F124/><N who="3" m="47691" /><G57/><T112/><D112/><U81/><E90/><V122/><F122/><W41/><G29/><T31/><D120/><U64/><E64/><N who="3" m="24650" /><G20/><N who="0" m="7755" /><D118/><U85/><E85/><V131/><F131/><W106/><G106/><T130/><D130/><U26/><E48/><V70/><F70/><W52/><G41/><N who="1" m="15946" /><E11/><V111/><F111/><W12/><G0/><T36/><D36/><U51/><E51/><V117/><F117/><W25/><G25/><T129/><D129/><U107/><E107/><V2/><F33/><W55/><G47/><N who="0" m="25975" /><D31/><U91/><E91/><V105/><F134/><W35/><G46/><T116/><D116/><U96/><E96/><N who="2" m="36907" /><F105/><W30/><G30/><T103/><D103/><U92/><E92/><V115/><F115/><W14/><G35/><T94/><D94/><U5/><E26/><V69/><F69/><W8/><G14/><N who="0" m="5131" /><D135/><U133/><E133/><V37/><F37/><W58/><G12/><T119/><D119/><U93/><E93/><V68/><F68/><W97/><G97/><T45/><D45/><U89/><E24/><V49/><F49/><AGARI ba="0,0" hai="4,6,49,54,59" m="5131,25975,7755" machi="49" ten="30,3900,0" yaku="8,1,52,2" doraHai="3" who="0" fromWho="2" sc="188,39,250,0,250,-39,312,0" /><INIT seed="2,0,0,4,3,21" ten="227,250,211,312" oya="2" hai0="104,37,124,45,23,2,13,9,126,117,98,123,26" hai1="106,76,75,24,63,28,1,18,27,71,109,30,70" hai2="17,10,12,91,119,7,125,120,47,54,49,81,85" hai3="90,0,14,132,46,39,72,67,68,80,131,111,128"/><V25/><F120/><W56/><G0/><T8/><D37/><U96/><E18/><V16/><F119/><W95/><G132/><T65/><D98/><U3/><E109/><V31/><REACH who="2" step="1"/><F125/><REACH who="2" ten="227,250,201,312" step="2"/><W129/><G111/><T55/><D117/><U4/><E75/><V11/><F11/><W33/><G131/><T112/><D123/><U97/><E76/><V34/><AGARI ba="0,1" hai="7,10,12,16,17,25,31,34,47,49,54,81,85,91" machi="34" ten="20,18000,2" yaku="1,1,0,1,7,1,52,1,54,1,53,1" doraHai="21" doraHaiUra="22" who="2" fromWho="2" sc="227,-60,250,-60,201,190,312,-60" /><INIT seed="2,1,0,3,3,94" ten="167,190,391,252" oya="2" hai0="73,70,128,60,31,132,135,84,92,95,120,65,16" hai1="7,91,116,29,74,58,106,83,18,61,87,39,20" hai2="62,42,93,67,13,117,134,21,10,86,38,121,14" hai3="88,30,45,44,53,130,100,104,110,90,59,48,23"/><V51/><F121/><W109/><G130/><T122/><D31/><U133/><E116/><V6/><F117/><W47/><G30/><T40/><D73/><U107/><E133/><N who="0" m="51273" /><D40/><U69/><E69/><V98/><F38/><W25/><G104/><T113/><D128/><U35/><E74/><V105/><F134/><W19/><REACH who="3" step="1"/><G100/><REACH who="3" ten="167,190,391,242" step="2"/><T28/><D28/><U102/><E102/><V34/><F105/><W99/><G99/><T101/><D101/><U75/><E106/><V17/><F34/><W89/><AGARI ba="1,1" hai="19,23,25,44,45,47,48,53,59,88,89,90,109,110" machi="89" ten="40,8000,1" yaku="1,1,0,1,54,1,53,1" doraHai="94" doraHaiUra="52" who="3" fromWho="3" sc="167,-21,190,-21,391,-41,242,93" /><INIT seed="3,0,0,5,4,18" ten="146,169,350,335" oya="3" hai0="37,103,66,122,130,53,40,79,110,99,93,105,88" hai1="20,57,16,8,27,83,36,75,63,134,21,13,132" hai2="47,74,23,111,102,98,67,6,123,95,118,101,113" hai3="112,97,85,116,30,127,94,24,34,129,26,78,73"/><W7/><G116/><T71/><D40/><U104/><E104/><V84/><F74/><W121/><G112/><T42/><D42/><U41/><E41/><V135/><F113/><W60/><G121/><T15/><D37/><U10/><E36/><V90/><F118/><W12/><G73/><T117/><D71/><U107/><E107/><V55/><F123/><W2/><G129/><T29/><D122/><U72/><E83/><V120/><F120/><W48/><G127/><T126/><D117/><U65/><E75/><V25/><F111/><W50/><G2/><T5/><D79/><U64/><E72/><V1/><F135/><N who="1" m="51753" /><E65/><V89/><F67/><W54/><G78/><T69/><D110/><U9/><E9/><V106/><F6/><W14/><G85/><T59/><D66/><U45/><E45/><V11/><F11/><W4/><G34/><T91/><D69/><U38/><E38/><V96/><F1/><W115/><G115/><T31/><D126/><U51/><E51/><N who="3" m="19498" /><G30/><AGARI ba="0,0" hai="8,10,13,16,20,21,27,30,57,63,64" m="51753" machi="30" ten="30,7700,0" yaku="20,1,52,2,54,1" doraHai="18" who="1" fromWho="3" sc="146,0,169,77,350,0,335,-77" /><INIT seed="4,0,0,5,0,9" ten="146,246,350,258" oya="0" hai0="119,91,46,87,92,96,114,1,32,78,93,95,83" hai1="69,72,98,25,34,12,126,62,82,7,129,21,117" hai2="50,22,60,44,105,14,6,28,59,24,80,81,48" hai3="13,135,66,75,29,58,90,47,104,45,36,19,121"/><T11/><D32/><U15/><E117/><V97/><F105/><W49/><G104/><T127/><D1/><U118/><E118/><V53/><F97/><W128/><G75/><T123/><D119/><U100/><E7/><V102/><F102/><W17/><G36/><T54/><D123/><U112/><E129/><V56/><F56/><W107/><G135/><T38/><D38/><U0/><E0/><V86/><F50/><W30/><G107/><T111/><D54/><U41/><E41/><V57/><F57/><W42/><G128/><T51/><D51/><U85/><E72/><V67/><F86/><W3/><G3/><T37/><D11/><AGARI ba="0,0" hai="6,11,14,22,24,28,44,48,53,59,60,67,80,81" machi="11" ten="40,2600,0" yaku="8,1,52,1" doraHai="9" who="2" fromWho="0" sc="146,-26,246,0,350,26,258,0" /><INIT seed="5,0,0,5,4,5" ten="120,246,376,258" oya="1" hai0="40,116,62,101,94,108,117,104,97,64,68,10,63" hai1="125,109,80,98,36,124,96,23,71,134,89,100,91" hai2="43,33,30,75,90,45,51,67,13,95,41,1,69" hai3="126,22,9,38,0,127,52,4,49,59,25,122,129"/><U133/><E36/><V19/><F1/><W82/><G122/><T2/><D108/><U81/><E23/><V113/><F75/><W44/><G129/><T46/><D94/><U73/><E71/><V128/><F113/><W14/><G82/><T11/><D63/><U53/><E53/><V88/><F128/><W60/><G38/><T57/><D57/><U93/><E109/><V61/><F33/><W26/><G26/><T87/><D87/><U50/><E50/><V29/><F43/><W8/><G0/><T110/><D110/><U39/><E39/><V105/><F105/><W107/><G107/><T77/><D77/><U72/><E93/><V70/><F70/><W118/><G118/><T28/><D28/><U86/><E86/><V55/><F41/><W74/><G74/><T120/><D120/><U58/><E58/><V7/><F7/><W35/><G35/><T18/><D18/><U123/><E100/><V111/><F90/><W24/><G24/><T135/><D135/><U54/><E54/><V99/><F111/><W119/><G119/><T130/><D130/><U27/><E27/><V12/><F12/><W78/><G78/><T92/><D92/><U20/><E20/><AGARI ba="0,0" hai="13,19,20,29,30,45,51,55,61,67,69,88,95,99" machi="20" ten="30,2000,0" yaku="7,1,54,1" doraHai="5" who="2" fromWho="1" sc="120,0,246,-20,376,20,258,0" /><INIT seed="6,0,0,0,4,112" ten="120,226,396,258" oya="2" hai0="113,70,23,131,12,52,130,125,61,67,129,13,107" hai1="6,48,109,75,83,41,37,88,51,92,114,35,14" hai2="69,10,73,32,118,78,133,74,22,16,31,25,89" hai3="9,50,93,100,82,102,84,19,18,8,57,121,44"/><V85/><F118/><W77/><G121/><T66/><D107/><U30/><E109/><V128/><F69/><W81/><G57/><N who="0" m="34983" /><D23/><U79/><E114/><V97/><F128/><W27/><G82/><T2/><D13/><U86/><E35/><V123/><F133/><W24/><G93/><T124/><D2/><U42/><E30/><V58/><F123/><W135/><G135/><T98/><D12/><U65/><E65/><N who="0" m="24585" /><D98/><U96/><E14/><V87/><F58/><W134/><G134/><T59/><D113/><U108/><E6/><V15/><F97/><W3/><G3/><T71/><D59/><U99/><E99/><V4/><F78/><W38/><G38/><T104/><D104/><U106/><E37/><V110/><F110/><W127/><G127/><AGARI ba="0,0" hai="70,71,124,125,127,129,130,131" m="24585,34983" machi="127" ten="40,8000,1" yaku="18,1,19,1,34,2,54,1" doraHai="112" who="0" fromWho="3" sc="120,80,226,0,396,0,258,-80" /><INIT seed="7,0,0,5,2,117" ten="200,226,396,178" oya="3" hai0="34,70,85,77,129,22,84,16,111,100,119,24,75" hai1="120,66,12,132,1,57,60,9,63,82,135,74,110" hai2="58,45,114,59,0,123,47,50,99,53,67,29,71" hai3="20,56,17,96,42,4,81,95,54,25,89,122,18"/><W79/><G122/><T46/><D119/><U125/><E125/><V69/><F0/><W118/><G42/><T33/><D70/><N who="2" m="26634" /><F99/><W48/><G118/><T128/><D111/><U72/><E110/><V97/><F29/><W55/><G4/><T126/><D126/><U43/><E1/><V3/><F97/><W104/><G104/><T7/><D7/><N who="1" m="3135" /><E43/><V21/><F21/><W92/><G92/><T30/><D100/><U15/><E120/><V78/><F78/><W112/><G112/><T131/><D46/><N who="2" m="17418" /><F3/><W28/><REACH who="3" step="1"/><G54/><REACH who="3" ten="200,226,396,168" step="2"/><T44/><D44/><U38/><E38/><V13/><F114/><W88/><G88/><T39/><D39/><U31/><E66/><V51/><F67/><W26/><G26/><T68/><D68/><U134/><E82/><V80/><F80/><W86/><AGARI ba="0,1" hai="17,18,20,25,28,48,55,56,79,81,86,89,95,96" machi="86" ten="20,12000,1" yaku="1,1,0,1,7,1,8,1,53,1" doraHai="117" doraHaiUra="23" who="3" fromWho="3" sc="200,-40,226,-40,396,-40,168,130" /><INIT seed="7,1,0,5,5,131" ten="160,186,356,298" oya="3" hai0="50,5,40,65,132,80,48,10,2,22,76,26,105" hai1="56,32,82,60,134,119,91,17,46,30,122,4,47" hai2="39,123,1,84,110,96,13,64,98,107,129,38,7" hai3="9,130,57,0,73,125,36,102,58,72,63,71,95"/><W127/><G36/><T31/><D105/><U20/><E122/><V121/><F1/><W29/><G29/><T126/><D126/><N who="3" m="48137" /><G130/><T51/><D65/><U23/><E4/><V117/><F117/><W66/><G0/><T124/><D124/><U14/><E119/><V104/><F129/><W62/><G9/><T116/><D116/><U12/><E32/><V133/><F133/><W42/><G42/><T70/><D70/><U77/><E134/><V108/><F64/><N who="3" m="38991" /><G71/><T28/><D132/><U24/><E14/><V90/><F13/><W135/><G102/><T94/><D94/><U111/><E111/><N who="2" m="42539" /><F7/><W100/><G135/><T55/><D40/><U53/><E91/><V37/><F104/><W3/><G3/><T87/><REACH who="0" step="1"/><D28/><REACH who="0" ten="150,186,356,298" step="2"/><U120/><E120/><N who="2" m="46155" /><F107/><W52/><G66/><T101/><D101/><U115/><E115/><V78/><F78/><W16/><G16/><T86/><D86/><AGARI ba="1,1" hai="12,17,20,23,24,30,46,47,53,56,60,77,82,86" machi="86" ten="30,2000,0" yaku="7,1,8,1" doraHai="131" who="1" fromWho="0" sc="150,-23,186,33,356,0,298,0" owari="127,-37.0,219,-18.0,356,45.0,298,10.0" /></mjloggm>