<mjloggm ver="2.3"><GO type="169" lobby="0"/><UN n0="%E3%82%A6%E3%83%AB%E3%83%88%E3%83%A9%E7%AB%8B%E7%9B%B4" n1="%EF%BC%9D%E9%AB%98%E6%A9%8B%E3%83%91%E3%83%B3%E3%83%80%EF%BC%9D" n2="%6B%69%6E%67%32%33%32%33" n3="%73%61%6E%64%69%72%69%73" dan="17,16,17,16" rate="2201.56,2087.68,2155.43,2076.27" sx="M,M,M,M"/><TAIKYOKU oya="0"/><INIT seed="0,0,0,3,3,24" ten="250,250,250,250" oya="0" hai0="114,120,122,134,80,81,18,32,71,25,102,46,4" hai1="20,131,17,26,27,78,92,72,2,69,74,12,51" hai2="55,104,11,37,96,117,64,3,126,28,90,101,124" hai3="45,15,31,60,57,105,115,121,59,35,19,125,67"/><T133/><D71/><U38/><E38/><V34/><F37/><W98/><G45/><T84/><D114/><U68/><E2/><V111/><F111/><W49/><G115/><T95/><D4/><U14/><E131/><V77/><F90/><W21/><G125/><N who="2" m="48233" /><F55/><W63/><G49/><T112/><D112/><U48/><E92/><V6/><F77/><W62/><G121/><N who="0" m="46699" /><D46/><U61/><E78/><V53/><F53/><W66/><G62/><T129/><D18/><U41/><E17/><V106/><F64/><W119/><G119/><T87/><D25/><U118/><E61/><V5/><F5/><W8/><G35/><T103/><D32/><U91/><E118/><V113/><F113/><W85/><G85/><N who="0" m="32843" /><D129/><U99/><E69/><V86/><F86/><W73/><G73/><T22/><D22/><U40/><E68/><V56/><F56/><W94/><G105/><T33/><D33/><U93/><E20/><V23/><F23/><W88/><G21/><T70/><D70/><U89/><E74/><V130/><F117/><W116/><G116/><T52/><D52/><U132/><E72/><V7/><F7/><W36/><G36/><T54/><D54/><U1/><E41/><V135/><F130/><W127/><REACH who="3" step="1"/><G127/><REACH who="3" ten="250,250,250,240" step="2"/><T42/><D42/><U58/><E40/><V108/><F106/><W75/><G75/><T83/><D95/><U50/><E93/><V47/><F47/><W13/><G13/><T110/><D110/><U44/><E12/><V109/><F34/><W107/><G107/><T43/><D43/><U65/><E14/><V16/><F104/><RYUUKYOKU ba="0,1" sc="250,15,250,-15,250,-15,240,15" hai0="80,81,83,102,103,133,134" hai3="8,15,19,31,57,59,60,63,66,67,88,94,98" /><INIT seed="0,1,1,5,5,64" ten="265,235,235,255" oya="0" hai0="57,113,118,100,33,121,51,31,11,92,78,86,97" hai1="12,17,50,110,88,71,125,76,28,63,94,105,126" hai2="116,0,115,1,75,5,79,123,38,58,2,85,61" hai3="69,22,120,7,132,54,44,36,24,133,112,48,6"/><T8/><D121/><U41/><E105/><V14/><F123/><W91/><G36/><T29/><D118/><U20/><E76/><V68/><F115/><W131/><G112/><T16/><D113/><U96/><E110/><V27/><F38/><W83/><G120/><T52/><D33/><U49/><E28/><N who="0" m="10825" /><D16/><U135/><E135/><N who="3" m="51786" /><G69/><T9/><D9/><U80/><E80/><AGARI ba="1,1" hai="8,11,51,52,57,78,80,86,92,97,100" m="10825" machi="80" ten="30,2900,0" yaku="8,1,54,1" doraHai="64" who="0" fromWho="1" sc="265,42,235,-32,235,0,255,0" /><INIT seed="0,2,0,0,3,37" ten="307,203,235,255" oya="0" hai0="8,93,33,72,29,15,102,54,89,131,108,125,2" hai1="115,65,79,69,100,34,21,57,132,64,40,23,50" hai2="78,82,122,58,14,83,13,101,48,55,60,124,110" hai3="109,106,46,7,96,80,129,84,95,45,107,87,90"/><T6/><D72/><U9/><E34/><V28/><F122/><W113/><G7/><T4/><D125/><U16/><E69/><V68/><F110/><W130/><G45/><T71/><D71/><U0/><E132/><V52/><F124/><W97/><G46/><T42/><D102/><U47/><E115/><V19/><F101/><W27/><G27/><T116/><D116/><U98/><E79/><V17/><F28/><W20/><G20/><T127/><D127/><U104/><E57/><N who="2" m="32903" /><F68/><W3/><G3/><T56/><D108/><U36/><E36/><V26/><F26/><W25/><G25/><T11/><D131/><N who="3" m="50185" /><G113/><T12/><D2/><U74/><E74/><V53/><F53/><W76/><G109/><T41/><D33/><U103/><E103/><V126/><F126/><W51/><G51/><N who="0" m="30815" /><D29/><U91/><E91/><V133/><F133/><W112/><G112/><T114/><D114/><U94/><E104/><AGARI ba="2,0" hai="76,80,84,87,90,95,96,97,104,106,107" m="50185" machi="104" ten="30,3900,0" yaku="19,1,34,2" doraHai="37" who="3" fromWho="1" sc="307,0,203,-45,235,0,255,45" /><INIT seed="1,0,0,4,3,54" ten="307,158,235,300" oya="1" hai0="31,113,108,91,8,100,125,127,51,14,10,12,133" hai1="60,4,29,76,116,119,123,36,32,84,55,66,96" hai2="9,28,70,37,46,134,43,50,16,24,89,52,102" hai3="5,99,129,88,126,111,26,98,87,40,124,11,33"/><U90/><E123/><V95/><F134/><W53/><G40/><T23/><D100/><U3/><E36/><V0/><F70/><W18/><G111/><T48/><D91/><U103/><E76/><V20/><F102/><W47/><G129/><T94/><D94/><U104/><E55/><V67/><F67/><W27/><G47/><T7/><D51/><U92/><E4/><V19/><F0/><W61/><G33/><T74/><D48/><U57/><REACH who="1" step="1"/><E3/><REACH who="1" ten="307,148,235,300" step="2"/><V68/><F68/><W117/><G5/><T77/><D77/><U2/><E2/><V22/><F9/><W135/><G11/><T80/><D10/><U41/><E41/><V59/><REACH who="2" step="1"/><F20/><REACH who="2" ten="307,148,225,300" step="2"/><N who="3" m="13591" /><G135/><T128/><D23/><U109/><E109/><V65/><F65/><W30/><G117/><T86/><D8/><U72/><E72/><V58/><F58/><N who="3" m="35023" /><G126/><T25/><D74/><U82/><E82/><V105/><F105/><W39/><G124/><T112/><D127/><U132/><E132/><V49/><F49/><W81/><G39/><T63/><D125/><U42/><E42/><V15/><F15/><W69/><G69/><T83/><D14/><U44/><E44/><V78/><F78/><W131/><G131/><T21/><D128/><U115/><E115/><V1/><F1/><W34/><G34/><T114/><D133/><U13/><E13/><V130/><F130/><W79/><G79/><N who="0" m="46367" /><D108/><U71/><E71/><V62/><F62/><W120/><G120/><T6/><D83/><U45/><E45/><V17/><F17/><W38/><G38/><T118/><D114/><U110/><E110/><RYUUKYOKU ba="0,2" sc="307,-30,148,10,225,10,300,10" hai1="29,32,57,60,66,84,90,92,96,103,104,116,119" hai2="16,19,22,24,28,37,43,46,50,52,59,89,95" hai3="27,30,81,87,88,98,99" /><INIT seed="1,1,2,1,2,40" ten="277,158,235,310" oya="1" hai0="20,24,44,50,27,111,101,129,35,105,59,71,64" hai1="103,121,70,3,89,18,55,80,67,21,117,114,9" hai2="22,15,73,62,43,69,79,98,84,11,86,1,131" hai3="106,5,12,122,95,49,54,75,118,74,29,60,76"/><U13/><E114/><V127/><F98/><W125/><G106/><T134/><D111/><U66/><E117/><V102/><F102/><W63/><G122/><T83/><D129/><U56/><E121/><V77/><F131/><W81/><G125/><T94/><D134/><U0/><E103/><V10/><F127/><W34/><G75/><T38/><D38/><U28/><E70/><V124/><F124/><W120/><G120/><T32/><D105/><U99/><E3/><V92/><F1/><W42/><G42/><N who="0" m="24855" /><D71/><U108/><E108/><V87/><F43/><W112/><G112/><T110/><D110/><U39/><E39/><V126/><F126/><W58/><G118/><T30/><D27/><N who="1" m="16495" /><E0/><V132/><F132/><W7/><G34/><T68/><D68/><U128/><E128/><V8/><F73/><W14/><G29/><T36/><D36/><U90/><E99/><V47/><F69/><W33/><G33/><T133/><D133/><U88/><E80/><V72/><F72/><W119/><G119/><T17/><D83/><U16/><E18/><N who="2" m="10591" /><F92/><W85/><G95/><T78/><D17/><U116/><E116/><V135/><F135/><W4/><G74/><T123/><D123/><U41/><E41/><V97/><F97/><W53/><REACH who="3" step="1"/><G63/><AGARI ba="1,2" hai="9,13,16,55,56,63,66,67,88,89,90" m="16495" machi="63" ten="30,5800,0" yaku="8,1,54,2" doraHai="40" who="1" fromWho="3" sc="277,0,158,81,235,0,310,-61" /><INIT seed="1,2,0,4,5,68" ten="277,239,235,249" oya="1" hai0="113,63,119,29,59,39,45,124,104,79,115,62,2" hai1="11,36,48,116,127,74,85,69,16,50,28,53,83" hai2="15,42,94,76,88,122,107,57,114,9,65,41,3" hai3="75,102,109,108,34,64,117,134,72,22,52,13,1"/><U96/><E74/><V6/><F122/><W101/><G34/><T8/><D104/><U97/><E69/><V51/><F107/><W87/><G1/><T66/><D29/><U21/><E36/><V129/><F76/><W121/><G64/><N who="0" m="39007" /><D79/><N who="1" m="46335" /><E127/><V27/><F129/><W7/><G121/><T91/><D91/><U38/><E38/><V0/><F114/><N who="0" m="43530" /><D2/><U95/><E116/><V90/><F27/><W105/><G117/><T126/><D8/><U128/><E128/><V32/><F32/><W123/><G123/><T55/><D119/><U82/><E82/><V100/><F0/><W132/><G87/><T60/><D55/><U61/><E11/><V110/><F3/><W92/><G52/><T70/><D63/><U54/><E28/><V71/><F100/><N who="3" m="38507" /><G92/><T103/><D103/><N who="1" m="60831" /><E97/><V120/><F120/><W43/><G43/><AGARI ba="2,0" hai="39,43,45,60,66,70,124,126" m="43530,39007" machi="43" ten="30,3900,0" yaku="34,2,52,1" doraHai="68" who="0" fromWho="3" sc="277,45,239,0,235,0,249,-45" /><INIT seed="2,0,0,4,1,37" ten="322,239,235,204" oya="2" hai0="125,120,127,8,85,23,15,33,118,104,67,65,76" hai1="106,68,48,97,133,116,94,44,87,117,57,70,14" hai2="90,47,12,59,7,64,96,121,18,77,135,62,32" hai3="50,126,27,60,100,83,19,58,42,122,56,103,115"/><V4/><F121/><W88/><G103/><T132/><D33/><U43/><E106/><V113/><F32/><W22/><G122/><T105/><D23/><U71/><E87/><V41/><F113/><W55/><G115/><T46/><D132/><U3/><E3/><V119/><F119/><W73/><G126/><T93/><D118/><U81/><E81/><V24/><F135/><W1/><G1/><T91/><D76/><U26/><E133/><V9/><F77/><W45/><G100/><T128/><D128/><U109/><E109/><V98/><F90/><W61/><G73/><T17/><D120/><U80/><E80/><V6/><REACH who="2" step="1"/><F24/><REACH who="2" ten="322,239,225,204" step="2"/><W78/><G78/><T51/><D91/><U72/><E26/><V35/><F35/><W92/><G83/><T36/><D127/><U114/><E114/><V2/><F2/><W39/><REACH who="3" step="1"/><G58/><REACH who="3" ten="322,239,225,194" step="2"/><T124/><D125/><U28/><E57/><V111/><F111/><W69/><G69/><T99/><D124/><U25/><E116/><V53/><F53/><W79/><G79/><T40/><D67/><U108/><E70/><V129/><F129/><W95/><G95/><T5/><D65/><U20/><E71/><V11/><F11/><W16/><G16/><T31/><D17/><U75/><E68/><V82/><F82/><W112/><G112/><T49/><D93/><U30/><E117/><V21/><F21/><W0/><G0/><T89/><D8/><U130/><E130/><V29/><F29/><W10/><G10/><T102/><D31/><N who="1" m="17831" /><E108/><V110/><F110/><W13/><G13/><T52/><D15/><RYUUKYOKU ba="0,2" sc="322,-15,239,-15,225,15,194,15" hai2="4,6,7,9,12,18,41,47,59,62,64,96,98" hai3="19,22,27,39,42,45,50,55,56,60,61,88,92" /><INIT seed="2,1,2,5,1,114" ten="307,224,240,209" oya="2" hai0="16,133,103,100,18,13,11,46,84,27,48,3,50" hai1="63,51,104,81,132,75,105,73,124,131,47,94,80" hai2="79,54,4,99,68,74,87,30,29,35,33,118,121" hai3="76,43,78,57,72,8,60,109,64,49,112,52,77"/><V0/><F121/><W67/><G72/><N who="1" m="27722" /><E51/><V123/><F68/><W56/><G112/><T17/><D3/><U126/><E63/><V97/><F123/><W119/><G119/><T34/><D34/><U116/><E47/><V42/><F74/><W102/><G109/><T83/><D133/><U31/><E31/><V95/><F42/><W90/><G102/><N who="0" m="38955" /><D27/><U1/><E1/><V120/><F120/><W65/><G43/><N who="0" m="24671" /><D50/><U25/><E116/><V59/><F118/><W66/><G8/><T37/><D37/><U82/><E25/><V28/><F35/><W128/><REACH who="3" step="1"/><G90/><AGARI ba="1,2" hai="11,13,16,17,18,83,84,90" m="24671,38955" machi="90" ten="30,2000,0" yaku="8,1,54,1" doraHai="114" who="0" fromWho="3" sc="307,43,224,0,240,0,209,-23" /><INIT seed="3,0,0,4,0,88" ten="350,224,240,186" oya="3" hai0="23,20,135,132,35,66,82,76,91,77,19,61,59" hai1="115,125,124,38,90,83,64,106,78,111,127,96,63" hai2="75,53,119,34,70,120,26,50,92,85,1,118,48" hai3="3,121,2,114,47,52,10,94,133,45,128,130,22"/><W31/><G10/><T99/><D35/><U60/><E38/><V40/><F75/><W36/><G121/><T71/><D71/><U7/><E111/><V72/><F72/><W13/><G114/><T17/><D135/><U39/><E39/><V28/><F70/><W37/><G133/><T46/><D46/><U131/><E115/><V49/><F1/><W56/><G13/><T117/><D117/><U54/><E7/><V102/><F120/><W55/><G22/><T4/><D4/><U8/><E8/><V43/><F53/><W6/><G6/><T100/><D132/><U33/><E33/><V97/><REACH who="2" step="1"/><F85/><REACH who="2" ten="350,224,230,186" step="2"/><W0/><G0/><T11/><D66/><U89/><E64/><V101/><F101/><W79/><G56/><T65/><D100/><U73/><E73/><V80/><F80/><W25/><G3/><T32/><D82/><U84/><E83/><V68/><F68/><W18/><G2/><T113/><D59/><U5/><E125/><V67/><F67/><W107/><G55/><T122/><D65/><U116/><E54/><V123/><F123/><W108/><G52/><T74/><D74/><U86/><E124/><V57/><F57/><W12/><G47/><T27/><D122/><U44/><E44/><V51/><N who="2" m="12800" /><DORA hai="129" /><V41/><AGARI ba="0,1" hai="26,28,34,40,41,43,92,97,102,118,119" m="12800" machi="41" ten="50,8000,1" yaku="1,1,4,1,0,1,52,1,53,0" doraHai="88,129" doraHaiUra="109,104" who="2" fromWho="2" sc="350,-20,224,-20,230,90,186,-40" /><INIT seed="4,0,0,0,0,36" ten="330,204,320,146" oya="0" hai0="67,15,33,35,18,4,76,28,87,130,29,56,44" hai1="108,70,127,34,126,73,92,133,64,102,3,65,39" hai2="63,45,120,13,74,62,78,20,114,42,99,77,26" hai3="41,22,134,84,90,5,23,54,110,14,57,95,60"/><T2/><D76/><U55/><E55/><V49/><F120/><W10/><G110/><T48/><D87/><U50/><E50/><V118/><F74/><W30/><G134/><T83/><D83/><U61/><E92/><V89/><F118/><W80/><G30/><N who="0" m="11883" /><D48/><U32/><E102/><V112/><F13/><W71/><G71/><T116/><D56/><U82/><E82/><V88/><F63/><W27/><G27/><T104/><D44/><U105/><E61/><V122/><F122/><W119/><G119/><T11/><D67/><U86/><E86/><V123/><F123/><W131/><G131/><T0/><D104/><U9/><E9/><V25/><F62/><W58/><G58/><T52/><D52/><U75/><E65/><V7/><F7/><W12/><G12/><N who="0" m="5223" /><D130/><U1/><E64/><V40/><F99/><W38/><REACH who="3" step="1"/><G80/><REACH who="3" ten="330,204,320,136" step="2"/><T59/><D116/><U81/><E81/><V93/><F26/><W53/><G53/><T46/><D59/><U17/><E70/><V111/><F25/><W91/><G91/><T135/><D135/><U125/><E133/><V66/><F111/><W117/><G117/><T43/><D46/><AGARI ba="0,1" hai="5,10,14,22,23,38,41,46,54,57,60,84,90,95" machi="46" ten="40,2600,0" yaku="1,1,52,1,53,0" doraHai="36" doraHaiUra="129" who="3" fromWho="0" sc="330,-26,204,0,320,0,136,36" /><INIT seed="5,0,0,4,5,79" ten="304,204,320,172" oya="1" hai0="75,50,72,14,121,63,117,67,92,99,134,51,85" hai1="22,125,37,13,62,64,88,70,57,44,110,59,66" hai2="24,42,98,115,7,21,2,1,89,100,9,118,123" hai3="8,68,84,86,104,30,74,120,53,36,122,78,119"/><U107/><E107/><V129/><F123/><N who="3" m="47147" /><G68/><T76/><D134/><U5/><E125/><V97/><F118/><W77/><G36/><T38/><D38/><U17/><E110/><V45/><F129/><W0/><G53/><T46/><D121/><U109/><E109/><V130/><F130/><W126/><G8/><T73/><D117/><U91/><E5/><V28/><F115/><W25/><G25/><T26/><D26/><U111/><E111/><V83/><F1/><W10/><G10/><T48/><D14/><U6/><E6/><V32/><F21/><W135/><G30/><T105/><D105/><U3/><E3/><V69/><F69/><W94/><G0/><T11/><D11/><U43/><REACH who="1" step="1"/><E70/><REACH who="1" ten="304,194,320,172" step="2"/><V15/><F2/><W102/><G119/><T133/><D133/><U58/><E58/><V114/><F114/><W39/><G126/><T18/><D46/><U93/><E93/><V127/><F127/><W108/><G108/><T101/><D92/><U103/><E103/><V87/><F100/><W113/><G113/><T61/><D101/><U4/><E4/><V49/><AGARI ba="0,1" hai="7,9,15,24,28,32,42,45,49,83,87,89,97,98" machi="49" ten="20,2700,0" yaku="0,1,7,1,52,1" doraHai="79" who="2" fromWho="2" sc="304,-7,194,-13,320,37,172,-7" /><INIT seed="6,0,0,4,1,47" ten="297,181,357,165" oya="2" hai0="134,109,92,87,43,39,1,111,13,135,31,94,88" hai1="81,57,26,8,90,4,0,116,56,77,124,7,113" hai2="19,131,84,70,46,102,23,96,63,64,62,112,32" hai3="71,41,25,9,80,114,127,115,2,40,100,105,38"/><V104/><F112/><N who="3" m="43051" /><G71/><T12/><D1/><U37/><E113/><V10/><F131/><W85/><G127/><T119/><D31/><U48/><E116/><V58/><F46/><W65/><G65/><T33/><D33/><U79/><E37/><V21/><F32/><W132/><G132/><N who="0" m="50731" /><D39/><U36/><E36/><V68/><F84/><W55/><G38/><T117/><D43/><U66/><E7/><V86/><F86/><W110/><G110/><N who="0" m="41995" /><D12/><U78/><E124/><V53/><REACH who="2" step="1"/><F70/><REACH who="2" ten="297,181,347,165" step="2"/><W59/><G85/><N who="0" m="52239" /><D13/><AGARI ba="0,1" hai="10,13,19,21,23,53,58,62,63,64,68,96,102,104" machi="13" ten="40,2000,0" yaku="1,1,53,0" doraHai="47" doraHaiUra="91" who="2" fromWho="0" sc="297,-20,181,0,347,30,165,0" /><INIT seed="6,1,0,5,0,64" ten="277,181,377,165" oya="2" hai0="24,69,71,50,88,103,85,129,60,76,90,59,57" hai1="67,19,13,113,101,46,133,25,97,80,130,81,3" hai2="31,78,105,119,41,115,114,62,91,111,109,17,93" hai3="68,95,42,86,70,12,122,11,126,131,82,66,135"/><V99/><F31/><W58/><G42/><T38/><D38/><U5/><E113/><N who="2" m="43019" /><F41/><W22/><G122/><T112/><D112/><U124/><E124/><V53/><F17/><W73/><G73/><T14/><D103/><U1/><E25/><V35/><F35/><W92/><G126/><T94/><D76/><U98/><E133/><V123/><F78/><W77/><G135/><T102/><D102/><U79/><E19/><V106/><F53/><W39/><G39/><T125/><D125/><U36/><E79/><V28/><F28/><W7/><G131/><T117/><D117/><U100/><E101/><V49/><F49/><W108/><G108/><N who="2" m="41545" /><F119/><W104/><G104/><N who="2" m="40041" /><F62/><W55/><G22/><T118/><D118/><U54/><E54/><V30/><F30/><W34/><G34/><T56/><D60/><U4/><E5/><V65/><F65/><W20/><G20/><T6/><D24/><U23/><E4/><V61/><F61/><W18/><G18/><T2/><D50/><U83/><E67/><V32/><F32/><W15/><G15/><T120/><D14/><U72/><E13/><V40/><F40/><W134/><G134/><T52/><D52/><U44/><E36/><V43/><F43/><W116/><G116/><T21/><D21/><U26/><E23/><V128/><F128/><W96/><G66/><T45/><D129/><U27/><E130/><V75/><F75/><W37/><G37/><T87/><D45/><U8/><E72/><V33/><F33/><W63/><G96/><T107/><D6/><N who="1" m="1103" /><E98/><V47/><F47/><N who="1" m="17961" /><E3/><V84/><F99/><RYUUKYOKU ba="1,0" sc="277,-30,181,10,377,10,165,10" hai1="26,27,80,81,83,97,100" hai2="84,91,93,123" hai3="7,11,12,55,58,63,68,70,77,82,86,92,95" /><INIT seed="6,2,0,2,3,130" ten="247,191,387,175" oya="2" hai0="37,120,99,106,113,22,79,67,29,3,89,5,135" hai1="97,96,8,124,54,100,81,75,131,92,65,60,46" hai2="73,102,32,25,87,129,36,50,71,41,119,118,85" hai3="18,0,24,10,128,76,84,9,91,61,30,98,2"/><V132/><F102/><W44/><G76/><T43/><D120/><U127/><E131/><V19/><F73/><W62/><G128/><T14/><D67/><U93/><E8/><V70/><F129/><W121/><G121/><T108/><D108/><U107/><E75/><V4/><F4/><W58/><G98/><T80/><D113/><U47/><E81/><V117/><F50/><W56/><G44/><T133/><D89/><N who="1" m="55311" /><E54/><V86/><F132/><N who="0" m="50762" /><D29/><U20/><E20/><V64/><F64/><N who="3" m="38951" /><G0/><T104/><D3/><U112/><E107/><N who="0" m="41001" /><D99/><U42/><E112/><V40/><F119/><W12/><G2/><T66/><D66/><U51/><E65/><V101/><F117/><W78/><G30/><T39/><D43/><U26/><E42/><V114/><F118/><W95/><G78/><T23/><D23/><U6/><E97/><V116/><F116/><W109/><G109/><T74/><D22/><U38/><E100/><V52/><F114/><W134/><G134/><T1/><D1/><U90/><E90/><V105/><F41/><W45/><G24/><T15/><D5/><U7/><E6/><V57/><F40/><W49/><G10/><T48/><D48/><U72/><E51/><V53/><F101/><W21/><G9/><T103/><D103/><U59/><E7/><V63/><F105/><W77/><G77/><T68/><D68/><U69/><E69/><V83/><F71/><W28/><G28/><T123/><D123/><U13/><E26/><V34/><F70/><W122/><G122/><T111/><D111/><U35/><E124/><V55/><F25/><RYUUKYOKU ba="2,0" sc="247,30,191,-10,387,-10,175,-10" hai0="14,15,37,39,74,79,80" /><INIT seed="7,3,0,2,4,35" ten="277,181,377,165" oya="3" hai0="130,87,127,15,19,105,112,25,88,55,23,113,104" hai1="99,27,42,16,46,92,10,36,52,129,80,103,83" hai2="70,2,13,75,110,124,44,4,43,8,50,131,74" hai3="123,51,1,116,120,14,7,21,59,56,95,28,108"/><W49/><G95/><N who="0" m="54687" /><D25/><U29/><E129/><V97/><F110/><W79/><G79/><T125/><D55/><U39/><E39/><V132/><F70/><W107/><G107/><N who="0" m="41035" /><D130/><U96/><E96/><V111/><F131/><W65/><G1/><T73/><D73/><U102/><E102/><V115/><F111/><W24/><G108/><T9/><D9/><U54/><E10/><V119/><F119/><W82/><G116/><T128/><D128/><U122/><E54/><V31/><F31/><W106/><G106/><T121/><D121/><U67/><E122/><V77/><F74/><W78/><G123/><T86/><D86/><U133/><E52/><V114/><F13/><W100/><G120/><T5/><D5/><U93/><E67/><V71/><F71/><W34/><G34/><T84/><D84/><U45/><E29/><V109/><F109/><W101/><G7/><T68/><D68/><U61/><E16/><V32/><F32/><W118/><G14/><T63/><D63/><U60/><E61/><V53/><F53/><N who="3" m="31791" /><G118/><T91/><D91/><U126/><E60/><V94/><F75/><N who="3" m="43359" /><G65/><T69/><D69/><U40/><E27/><V18/><F18/><W62/><G51/><T89/><D89/><U0/><E0/><V47/><F2/><W11/><G11/><T6/><D6/><U134/><E36/><V58/><F4/><W64/><G101/><T3/><D3/><U81/><E103/><V38/><F8/><W90/><G90/><T17/><D17/><U30/><E30/><V66/><F66/><W37/><G100/><T41/><D41/><RYUUKYOKU ba="3,0" sc="277,15,181,-15,377,-15,165,15" hai0="15,19,23,112,113,125,127" hai3="21,24,28,37,59,62,64" /><INIT seed="7,4,0,3,0,91" ten="292,166,362,180" oya="3" hai0="84,81,29,87,1,20,69,79,93,49,19,56,51" hai1="116,76,13,83,107,52,85,44,17,111,110,115,26" hai2="68,105,119,89,46,60,80,121,40,15,90,102,33" hai3="71,14,9,45,95,42,24,61,55,31,22,63,118"/><W108/><G71/><T78/><D1/><U120/><E107/><V16/><F119/><W38/><G118/><T66/><D29/><U133/><E116/><V128/><F33/><W35/><G108/><T88/><D78/><U7/><E120/><V96/><F128/><W131/><G131/><T48/><D69/><U32/><E133/><V98/><F121/><W12/><G55/><N who="0" m="31871" /><D66/><U125/><E125/><V126/><F126/><W67/><G67/><T113/><D113/><U28/><E7/><V106/><F68/><W54/><G54/><T92/><D92/><U8/><REACH who="1" step="1"/><E115/><REACH who="1" ten="292,156,362,180" step="2"/><V100/><F106/><W73/><G73/><T114/><D114/><U50/><AGARI ba="4,1" hai="8,13,17,26,28,32,44,50,52,76,83,85,110,111" machi="50" ten="30,7900,0" yaku="1,1,2,1,0,1,54,1,53,0" doraHai="91" doraHaiUra="70" who="1" fromWho="1" sc="292,-24,156,101,362,-24,180,-43" owari="268,7.0,257,-14.0,338,43.0,137,-36.0" /></mjloggm>