<mjloggm ver="2.3"><GO type="169" lobby="0"/><UN n0="%E3%81%84%E3%81%84%E7%AC%91%E9%A1%94" n1="%E3%83%A9%E3%83%A0%E3%83%80%E3%81%95%E3%82%93" n2="%E3%83%88%E3%83%88%E3%83%AA%E5%85%88%E7%94%9F%31%39%E6%AD%B3" n3="%72%30%33%31%30" dan="17,16,18,16" rate="2175.23,2184.20,2225.99,2141.97" sx="F,M,F,M"/><TAIKYOKU oya="0"/><INIT seed="0,0,0,3,4,108" ten="250,250,250,250" oya="0" hai0="67,64,59,41,132,92,34,51,38,13,76,111,96" hai1="121,56,9,19,89,78,129,16,93,107,55,104,17" hai2="43,106,133,100,12,118,39,4,95,10,8,52,53" hai3="49,74,47,117,75,18,30,0,62,73,82,32,90"/><T71/><D34/><U84/><E121/><V63/><F133/><W70/><G117/><T116/><D116/><U22/><E129/><V98/><F118/><W40/><G0/><T112/><D132/><U61/><E78/><V77/><F77/><W80/><G18/><T35/><D35/><U3/><REACH who="1" step="1"/><E22/><REACH who="1" ten="250,240,250,250" step="2"/><V128/><F128/><W29/><G32/><T26/><D76/><U60/><E60/><V6/><F63/><W120/><G120/><T42/><D111/><U37/><E37/><V135/><F135/><W86/><G62/><T14/><D38/><U87/><E87/><V23/><F23/><W94/><REACH who="3" step="1"/><G70/><REACH who="3" ten="250,240,250,240" step="2"/><T58/><D71/><U36/><E36/><V72/><F39/><W45/><G45/><T110/><D110/><U21/><E21/><V122/><F122/><W88/><G88/><T115/><D51/><U20/><E20/><V105/><F10/><W31/><AGARI ba="0,2" hai="29,30,31,40,47,49,73,74,75,80,82,86,90,94" machi="31" ten="40,2700,0" yaku="1,1,0,1,53,0" doraHai="108" doraHaiUra="50" who="3" fromWho="3" sc="250,-13,240,-7,250,-7,240,47" /><INIT seed="1,0,0,4,4,23" ten="237,233,243,287" oya="1" hai0="39,106,27,78,67,107,76,46,105,62,91,11,21" hai1="94,111,57,49,30,118,113,80,86,99,131,65,34" hai2="61,104,13,130,15,126,59,90,31,81,2,20,121" hai3="37,116,109,125,4,82,88,14,53,75,22,52,73"/><U12/><E113/><V92/><F121/><W64/><G37/><T32/><D32/><U100/><E118/><V8/><F104/><W6/><G109/><T0/><D91/><U43/><E111/><V48/><F2/><W135/><G64/><T54/><D11/><U63/><E131/><V70/><F70/><W83/><G135/><T93/><D93/><U115/><E115/><V68/><F68/><W36/><G36/><T55/><D0/><U114/><E114/><V66/><F126/><W85/><G125/><T84/><D39/><U40/><E12/><V50/><F130/><W16/><G116/><T95/><D95/><U10/><E10/><V101/><F81/><W18/><G82/><T26/><D21/><U102/><E102/><V60/><F60/><W33/><G33/><T87/><D67/><U128/><E128/><V129/><F129/><W17/><G17/><T89/><D89/><U42/><E49/><V25/><F15/><N who="3" m="9503" /><G75/><T72/><D72/><U3/><E3/><V133/><F133/><W51/><G73/><T120/><D120/><U45/><E45/><V108/><F108/><W28/><G28/><T5/><D5/><N who="3" m="2153" /><G51/><T24/><D62/><U119/><E119/><V132/><F132/><W56/><G56/><T97/><D97/><U123/><E123/><V127/><F127/><W77/><G77/><N who="0" m="29803" /><D46/><U58/><E58/><V38/><F38/><W112/><G112/><T122/><D122/><U79/><E34/><V29/><F59/><W134/><G134/><T41/><D41/><U117/><E117/><V110/><F110/><W103/><G103/><RYUUKYOKU ba="0,0" sc="237,10,233,10,243,-30,287,10" hai0="24,26,27,54,55,84,87,105,106,107" hai1="30,40,42,43,57,63,65,79,80,86,94,99,100" hai3="14,18,52,53,83,85,88" /><INIT seed="1,1,0,4,0,2" ten="247,243,213,297" oya="1" hai0="64,132,59,53,12,31,39,93,103,49,20,116,102" hai1="74,1,110,35,115,89,90,80,10,109,127,45,69" hai2="106,56,42,94,112,77,114,46,120,29,4,98,30" hai3="43,57,60,96,111,24,3,119,25,16,52,55,73"/><U44/><E115/><N who="2" m="44075" /><F120/><W123/><G111/><N who="1" m="42506" /><E35/><V13/><F56/><N who="3" m="34823" /><G3/><T72/><D132/><U75/><E69/><V125/><F77/><W130/><G73/><N who="1" m="27658" /><E127/><V22/><F106/><W65/><G123/><T78/><D116/><U134/><E134/><V87/><F87/><W38/><G130/><T62/><D39/><U131/><E131/><V82/><F82/><W71/><G71/><T26/><D72/><U76/><E76/><V113/><F125/><W14/><G38/><T27/><D78/><U15/><E1/><V0/><F0/><W85/><G43/><T17/><D93/><U41/><E80/><V133/><F133/><W122/><G122/><T83/><D83/><U32/><E32/><V6/><F113/><W28/><G65/><T11/><REACH who="0" step="1"/><D27/><REACH who="0" ten="237,243,213,297" step="2"/><U63/><E63/><V21/><F94/><W68/><G25/><T128/><D128/><U86/><E86/><V61/><F61/><W91/><G85/><T54/><D54/><U117/><E117/><V19/><F98/><W126/><G96/><T92/><D92/><U124/><E124/><V84/><F84/><W7/><G119/><T47/><AGARI ba="1,1" hai="11,12,17,20,26,31,47,49,53,59,62,64,102,103" machi="47" ten="20,5200,0" yaku="1,1,0,1,7,1,8,1,53,0" doraHai="2" doraHaiUra="100" who="0" fromWho="0" sc="237,65,243,-27,213,-14,297,-14" /><INIT seed="2,0,0,3,0,9" ten="302,216,199,283" oya="2" hai0="12,33,53,100,116,67,47,36,68,95,18,98,86" hai1="114,5,82,104,38,133,61,49,128,65,84,134,4" hai2="77,19,115,124,13,50,103,43,55,111,102,107,57" hai3="8,20,85,16,27,70,63,62,109,119,10,123,132"/><V0/><F115/><W59/><G119/><T21/><D116/><U6/><E38/><V24/><F0/><W1/><G123/><T51/><D36/><U41/><E114/><V81/><F124/><W64/><G109/><T83/><D33/><U105/><E128/><V125/><F125/><W73/><G73/><T11/><D68/><U126/><E126/><V71/><F71/><W26/><G85/><T22/><REACH who="0" step="1"/><D67/><REACH who="0" ten="292,216,199,283" step="2"/><U69/><E134/><V40/><F111/><W79/><G132/><T25/><D25/><U37/><E133/><V45/><F24/><W72/><G26/><T87/><D87/><U34/><E37/><V131/><F131/><W117/><G117/><T91/><AGARI ba="0,1" hai="11,12,18,21,22,47,51,53,83,86,91,95,98,100" machi="91" ten="20,12000,2" yaku="1,1,0,1,7,1,25,2,8,1,52,1,53,0" doraHai="9" doraHaiUra="23" who="0" fromWho="0" sc="292,130,216,-30,199,-60,283,-30" /><INIT seed="3,0,0,3,4,27" ten="422,186,139,253" oya="3" hai0="93,24,21,120,100,118,87,18,20,22,48,52,74" hai1="123,122,2,8,35,50,5,13,4,79,97,75,26" hai2="6,28,130,125,124,47,116,37,62,33,34,82,71" hai3="108,73,131,128,16,85,19,14,59,98,23,101,78"/><W119/><G119/><T32/><D74/><U113/><E97/><V84/><F116/><W38/><G38/><T3/><D3/><U60/><E50/><V66/><F130/><N who="3" m="49707" /><G73/><T89/><D120/><N who="1" m="46123" /><E60/><V65/><F6/><W43/><G43/><T31/><D118/><U94/><E94/><V17/><F17/><N who="3" m="10679" /><G108/><T109/><D109/><U90/><E90/><V102/><F102/><W77/><G59/><T111/><D111/><U41/><E41/><V63/><F47/><W56/><G56/><T115/><D115/><U58/><E58/><V95/><F95/><N who="3" m="58591" /><G85/><T55/><D100/><U1/><E75/><V25/><F37/><W64/><G64/><T10/><D10/><N who="1" m="2319" /><E113/><V44/><F44/><W29/><G29/><T30/><D30/><N who="1" m="19927" /><E79/><AGARI ba="0,0" hai="16,19,77,78,79" m="58591,10679,49707" machi="79" ten="30,2900,0" yaku="19,1,54,1" doraHai="27" who="3" fromWho="1" sc="422,0,186,-29,139,0,253,29" /><INIT seed="3,1,0,5,5,38" ten="422,157,139,282" oya="3" hai0="118,116,66,97,15,58,128,28,23,8,110,43,112" hai1="53,19,106,56,123,113,61,24,76,89,1,100,78" hai2="86,125,108,46,90,77,42,13,135,127,31,50,72" hai3="67,70,134,41,62,117,132,32,69,60,121,68,103"/><W84/><G32/><T92/><D110/><U18/><E123/><V102/><F108/><W17/><G103/><T124/><D128/><U55/><E113/><V49/><F135/><N who="3" m="51755" /><G121/><T94/><D124/><N who="2" m="47690" /><F102/><W2/><G2/><T73/><D73/><U130/><E1/><V25/><F13/><W133/><G133/><T75/><D75/><U126/><E126/><V96/><F96/><W65/><G17/><T95/><D97/><U52/><E130/><V35/><F77/><N who="1" m="29801" /><E106/><V120/><F72/><W104/><G104/><T7/><D112/><U99/><E100/><V82/><F120/><W48/><G84/><T6/><D6/><U37/><E37/><AGARI ba="1,0" hai="25,31,35,37,42,46,49,50,82,86,90" m="47690" machi="37" ten="30,2000,0" yaku="18,1,52,1" doraHai="38" who="2" fromWho="1" sc="422,0,157,-23,139,23,282,0" /><INIT seed="4,0,0,5,2,91" ten="422,134,162,282" oya="0" hai0="6,24,54,58,12,93,81,87,14,55,96,42,71" hai1="15,106,108,32,89,110,84,73,60,3,46,22,119" hai2="29,115,90,64,28,35,77,38,1,37,62,8,57" hai3="121,113,21,34,79,59,2,133,65,18,30,102,85"/><T111/><D71/><U114/><E119/><V94/><F115/><W130/><G2/><T132/><D132/><U0/><E32/><V49/><F77/><W82/><G113/><T107/><D107/><U39/><E114/><V23/><F35/><W11/><G11/><T5/><D42/><U74/><E106/><V98/><F1/><W116/><G116/><T72/><D72/><U127/><E0/><V99/><F8/><W112/><G112/><T103/><D24/><U88/><E3/><V43/><F37/><W80/><G130/><T131/><D131/><U67/><E127/><V125/><F38/><W76/><G133/><T41/><D41/><U19/><E74/><V118/><F118/><W105/><G30/><T135/><D135/><U52/><E73/><V120/><F125/><W26/><G34/><T100/><D100/><U134/><E134/><V86/><F120/><W78/><G121/><T16/><D14/><U68/><E39/><V13/><F13/><W117/><G117/><T40/><D40/><U104/><E104/><V33/><F33/><W27/><G27/><T95/><D55/><U66/><E66/><V10/><F10/><W9/><G9/><N who="0" m="6159" /><D111/><U36/><E36/><V51/><F43/><W83/><G105/><T123/><D123/><U129/><E129/><V122/><F122/><W126/><G126/><T4/><D96/><N who="2" m="36906" /><F23/><W92/><G102/><T63/><D103/><U61/><E110/><V47/><F47/><W53/><G65/><T70/><D70/><U31/><E108/><V17/><F17/><W25/><G18/><T97/><D97/><RYUUKYOKU ba="0,0" sc="422,15,134,-15,162,15,282,-15" hai0="4,5,6,54,58,63,81,87,93,95" hai2="28,29,49,51,57,62,64,86,90,94" /><INIT seed="4,1,0,5,4,6" ten="437,119,177,267" oya="0" hai0="38,120,72,47,8,53,10,49,59,114,70,57,98" hai1="107,27,3,126,81,66,113,97,36,46,123,77,7" hai2="86,26,9,5,54,28,19,37,56,91,134,92,102" hai3="51,110,30,34,105,24,93,87,15,71,14,89,106"/><T129/><D120/><U100/><E123/><V40/><F134/><W48/><G110/><T79/><D70/><U2/><E126/><V20/><F102/><W39/><G39/><T84/><D72/><U63/><E113/><V103/><F103/><W43/><G71/><T74/><D74/><U85/><E27/><V112/><F112/><W132/><G132/><T33/><D33/><U12/><E36/><V58/><F37/><W131/><G131/><T127/><D127/><U1/><E46/><V73/><F73/><W111/><G111/><T124/><D124/><U135/><E135/><V121/><F121/><W50/><REACH who="3" step="1"/><G43/><REACH who="3" ten="437,119,177,257" step="2"/><T0/><D129/><U41/><E41/><V122/><F40/><W101/><G101/><T116/><D38/><U69/><REACH who="1" step="1"/><E2/><REACH who="1" ten="437,109,177,257" step="2"/><V18/><F122/><W78/><G78/><T95/><D0/><U55/><E55/><V119/><F54/><W16/><G16/><T82/><D114/><U109/><E109/><V22/><F19/><W118/><G118/><T25/><D116/><U125/><E125/><V42/><F42/><W94/><G94/><T76/><D79/><U130/><E130/><V35/><F119/><W64/><G64/><T62/><D95/><U60/><E60/><V80/><F92/><W115/><G115/><T44/><D62/><U29/><E29/><V11/><F18/><W65/><G65/><T128/><D76/><U13/><E13/><AGARI ba="1,2" hai="13,14,15,24,30,34,48,50,51,87,89,93,105,106" machi="13" ten="40,1300,0" yaku="1,1,53,0" doraHai="6" doraHaiUra="32" who="3" fromWho="1" sc="437,0,109,-16,177,0,257,36" /><INIT seed="5,0,0,5,5,121" ten="437,93,177,293" oya="1" hai0="4,36,103,60,54,118,5,59,105,6,17,93,75" hai1="124,113,56,114,29,90,131,123,77,76,46,44,135" hai2="28,109,82,12,127,122,67,19,98,102,13,58,22" hai3="63,106,119,130,33,49,55,108,112,11,87,47,18"/><U8/><E123/><V110/><F122/><W91/><G33/><T52/><D118/><U2/><E131/><V66/><F127/><W64/><G106/><T95/><D75/><U78/><E124/><V45/><F82/><N who="3" m="49655" /><G112/><N who="1" m="43114" /><E135/><V41/><F28/><W7/><G130/><T23/><D36/><U20/><E56/><V81/><F13/><N who="3" m="7487" /><G7/><T31/><D31/><U89/><E2/><V26/><F12/><W14/><G14/><N who="0" m="9655" /><D105/><U39/><E8/><V70/><F81/><W35/><G35/><T61/><D103/><U94/><E39/><V10/><F10/><W125/><G125/><T117/><D117/><U96/><E90/><V72/><F58/><AGARI ba="0,0" hai="4,5,6,52,54,58,59,60,61,93,95" m="9655" machi="58" ten="30,2000,0" yaku="8,1,54,1" doraHai="121" who="0" fromWho="2" sc="437,20,93,0,177,-20,293,0" /><INIT seed="6,0,0,3,0,106" ten="457,93,157,293" oya="2" hai0="16,46,94,18,54,71,64,39,112,35,68,53,5" hai1="40,41,121,128,79,30,28,97,36,38,49,31,131" hai2="108,127,7,47,17,34,69,11,22,45,96,89,12" hai3="83,91,57,92,110,129,101,95,85,0,56,43,126"/><V2/><F69/><W25/><G0/><T23/><D35/><U75/><E97/><V6/><F127/><W24/><G110/><T78/><D5/><U50/><E79/><V29/><F7/><W120/><G120/><T63/><D71/><U132/><E132/><V119/><F119/><W118/><G129/><N who="1" m="49738" /><E121/><V70/><F70/><W123/><G118/><T48/><D112/><U107/><E107/><V93/><REACH who="2" step="1"/><F108/><REACH who="2" ten="457,93,147,293" step="2"/><W90/><G126/><T124/><D124/><U60/><E60/><V98/><F98/><W21/><G123/><T58/><D63/><U105/><E105/><V1/><F1/><W62/><G62/><T114/><D68/><U13/><E13/><V130/><F130/><W59/><G25/><AGARI ba="0,1" hai="2,6,11,12,17,22,25,29,34,45,47,89,93,96" machi="25" ten="40,12000,1" yaku="1,1,24,2,53,1" doraHai="106" doraHaiUra="26" who="2" fromWho="3" sc="457,0,93,0,147,130,293,-120" /><INIT seed="6,1,0,1,2,93" ten="457,93,277,173" oya="2" hai0="105,19,2,111,5,41,117,6,97,104,48,99,10" hai1="85,125,36,20,65,90,71,55,34,76,106,98,127" hai2="81,11,126,79,58,67,135,7,37,118,3,113,32" hai3="60,134,40,114,46,29,82,14,23,22,116,83,33"/><V124/><F118/><W16/><G116/><T115/><D117/><U119/><E119/><RYUUKYOKU type="kaze4" ba="1,0" sc="457,0,93,0,277,0,173,0" /><INIT seed="6,2,0,2,0,50" ten="457,93,277,173" oya="2" hai0="113,124,58,81,57,43,75,30,34,38,84,79,71" hai1="70,89,32,11,96,122,6,132,110,13,65,60,51" hai2="67,56,55,22,133,93,41,8,62,42,40,2,80" hai3="7,1,135,107,27,127,101,31,12,109,100,73,125"/><V78/><F133/><W131/><G109/><T85/><D71/><U48/><E110/><V120/><F120/><W4/><G131/><T5/><D5/><N who="3" m="2121" /><G1/><T54/><D58/><U66/><E32/><V17/><F8/><W95/><G73/><T126/><D113/><U63/><E132/><V98/><F2/><W46/><G107/><T21/><D34/><U64/><E122/><V83/><F67/><W23/><G135/><T103/><D103/><U114/><E114/><V25/><REACH who="2" step="1"/><F78/><REACH who="2" ten="457,93,267,173" step="2"/><W74/><G127/><T36/><D79/><U77/><E77/><V94/><F94/><W130/><G125/><T10/><D10/><U0/><E0/><V9/><F9/><W26/><G95/><T15/><D126/><U39/><E65/><V47/><F47/><W105/><G46/><T82/><D124/><U61/><E66/><V76/><F76/><W35/><G105/><T3/><D3/><U44/><E64/><V52/><F52/><W14/><G130/><T24/><D54/><U121/><E121/><V72/><F72/><W87/><G74/><T18/><D75/><U108/><E108/><V29/><F29/><W49/><G31/><T59/><D30/><U123/><E123/><V20/><F20/><W28/><G23/><T117/><D21/><U119/><E70/><V90/><AGARI ba="2,1" hai="17,22,25,40,41,42,55,56,62,80,83,90,93,98" machi="90" ten="30,18000,2" yaku="1,1,0,1,25,2,8,1,52,1,53,1" doraHai="50" doraHaiUra="19" who="2" fromWho="2" sc="457,-62,93,-62,267,196,173,-62" /><INIT seed="6,3,0,3,4,96" ten="395,31,463,111" oya="2" hai0="49,42,7,111,77,26,14,32,63,131,123,66,54" hai1="44,2,57,28,43,118,132,92,71,52,98,81,109" hai2="119,107,60,16,94,8,78,65,127,108,83,112,130" hai3="30,68,104,34,128,125,70,59,106,102,1,40,89"/><V73/><F119/><W135/><G1/><T134/><D111/><U105/><E118/><V79/><F107/><W97/><G40/><T11/><D123/><U90/><E109/><V31/><F108/><W115/><G106/><T88/><D134/><U22/><E71/><V58/><F112/><W116/><G116/><T21/><D131/><U122/><E2/><V55/><F130/><W13/><G128/><T15/><D32/><U6/><E132/><V110/><F110/><W64/><G135/><T5/><D77/><U29/><E122/><V86/><F127/><W84/><G115/><T124/><D42/><U99/><E6/><V53/><F31/><W37/><G37/><T75/><D75/><U48/><E81/><V23/><F8/><W0/><G0/><T19/><D124/><U85/><E22/><V91/><F78/><W62/><G125/><T41/><D41/><U76/><E76/><V67/><F55/><W18/><G30/><T10/><D63/><U33/><E33/><V114/><F114/><W72/><G72/><T46/><D66/><U50/><REACH who="1" step="1"/><E98/><REACH who="1" ten="395,21,463,111" step="2"/><N who="2" m="57695" /><F73/><W133/><G133/><T103/><D88/><U117/><E117/><V17/><F79/><W25/><G34/><T27/><D27/><U3/><E3/><V113/><F113/><W35/><G25/><T121/><D121/><U20/><E20/><V74/><F23/><W87/><G35/><T45/><REACH who="0" step="1"/><D103/><AGARI ba="3,1" hai="28,29,43,44,48,50,52,57,85,90,92,99,103,105" machi="103" ten="40,8000,1" yaku="1,1,52,1,54,1,53,1" doraHai="96" doraHaiUra="38" who="1" fromWho="0" sc="395,-89,21,99,463,0,111,0" /><INIT seed="7,0,0,4,0,67" ten="306,120,463,111" oya="3" hai0="99,48,75,31,25,118,127,56,68,95,88,89,132" hai1="53,123,114,66,11,134,39,27,6,91,0,84,83" hai2="74,7,112,17,130,80,108,15,104,76,20,8,82" hai3="49,44,47,107,122,3,5,93,9,106,119,18,65"/><W24/><G119/><T63/><D118/><U113/><E123/><V60/><F108/><W69/><G122/><T2/><D2/><U71/><E39/><V116/><F116/><W13/><G24/><T50/><D75/><U52/><E134/><V62/><F104/><W42/><G93/><T133/><D127/><U22/><E66/><V36/><F36/><W110/><G110/><T33/><D89/><U23/><E71/><V81/><F112/><N who="1" m="43113" /><E23/><V19/><F130/><W77/><G77/><T37/><D37/><U26/><E26/><V58/><F19/><AGARI ba="0,0" hai="0,6,11,19,22,27,52,53,83,84,91" m="43113" machi="19" ten="30,2000,0" yaku="15,1,54,1" doraHai="67" who="1" fromWho="2" sc="306,0,120,20,463,-20,111,0" owari="306,11.0,140,-26.0,443,54.0,111,-39.0" /></mjloggm>