<mjloggm ver="2.3"><GO type="41" lobby="0"/><UN n0="%E5%B0%B1%E6%B4%BB%E7%94%9F%40%E5%B7%9D%E6%9D%91%E8%BB%8D%E5%9B%A3" n1="%59%4F%4B%4F%59%41%4D%41" n2="%E9%96%A2%E5%84%AA%E5%8B%9D" n3="%E3%82%AA%E3%83%8B%E3%82%AA%E3%83%B3%E3%81%99%E3%81%AA%E3%81%84%E3%81%97" dan="15,14,13,14" rate="1969.68,1880.41,2009.39,1963.35" sx="M,M,M,M"/><TAIKYOKU oya="0"/><INIT seed="0,0,0,2,4,63" ten="250,250,250,250" oya="0" hai0="118,120,15,122,76,129,88,14,80,104,48,42,82" hai1="121,43,13,131,9,106,31,60,49,111,38,67,123" hai2="6,36,73,109,93,74,1,54,102,100,2,12,25" hai3="91,107,113,96,105,115,90,70,18,5,108,133,83"/><T35/><D35/><U45/><E106/><V29/><F36/><W132/><G5/><T59/><D118/><U62/><E131/><V24/><F109/><W52/><G70/><T85/><D104/><U77/><E111/><V53/><F12/><W125/><G108/><T3/><D3/><U69/><E77/><V71/><F71/><W55/><G83/><T94/><D129/><U78/><E31/><V75/><F93/><W98/><G125/><T89/><D120/><U79/><E79/><V8/><F1/><W116/><G18/><T134/><D134/><U101/><E101/><V95/><F95/><W4/><G4/><T128/><D128/><U124/><E124/><V44/><F24/><W32/><G32/><T40/><D122/><U26/><E26/><V103/><REACH who="2" step="1"/><F44/><REACH who="2" ten="250,250,240,250" step="2"/><W17/><G17/><T22/><D15/><U97/><E38/><V16/><F16/><W34/><G34/><AGARI ba="0,1" hai="2,6,8,25,29,34,53,54,73,74,75,100,102,103" machi="34" ten="50,1600,0" yaku="1,1,53,0" doraHai="63" doraHaiUra="84" who="2" fromWho="3" sc="250,0,250,0,240,26,250,-16" /><INIT seed="1,0,0,4,5,5" ten="250,250,266,234" oya="1" hai0="56,92,126,10,33,93,68,81,108,23,27,90,4" hai1="53,120,131,100,35,52,96,40,98,122,63,97,110" hai2="135,28,82,84,36,94,114,14,76,26,111,86,77" hai3="39,73,101,69,125,115,78,99,105,67,118,58,123"/><U16/><E35/><V113/><F36/><W127/><G115/><T19/><D68/><U89/><E131/><V51/><F111/><W1/><G123/><T133/><D108/><U95/><E40/><V41/><F135/><W109/><G109/><T49/><D133/><U8/><E110/><V20/><F14/><W121/><G121/><T6/><D33/><U18/><E120/><V45/><REACH who="2" step="1"/><F94/><REACH who="2" ten="250,250,256,234" step="2"/><W80/><G39/><T128/><D128/><U74/><E122/><V17/><F17/><N who="1" m="6761" /><E8/><V13/><F13/><W9/><G118/><T88/><D10/><U65/><E74/><V24/><F24/><W64/><G58/><T87/><D6/><U72/><E72/><V104/><F104/><W112/><G112/><T107/><D4/><U79/><E79/><V66/><F66/><W57/><G57/><T2/><D107/><U71/><E71/><V34/><F34/><W132/><G132/><T22/><D2/><U106/><E106/><V30/><F30/><W37/><G37/><T7/><D7/><U43/><E65/><N who="3" m="25162" /><G69/><T3/><D3/><U55/><E100/><V91/><F91/><W124/><G1/><T119/><D119/><U32/><E32/><V60/><F60/><W62/><G62/><T83/><D23/><U129/><E129/><V38/><F38/><W0/><G0/><T11/><D11/><AGARI ba="0,1" hai="9,11,73,78,80,99,101,105,124,125,127" m="25162" machi="11" ten="40,5200,0" yaku="18,1,52,2" doraHai="5" who="3" fromWho="0" sc="250,-52,250,0,256,0,234,62" /><INIT seed="2,0,0,2,4,125" ten="198,250,256,296" oya="2" hai0="95,39,127,6,87,124,2,82,111,81,33,34,19" hai1="43,28,32,86,13,7,18,129,113,64,77,23,30" hai2="63,91,88,107,130,20,79,54,17,98,126,134,26" hai3="85,10,42,104,29,101,49,55,103,1,45,56,22"/><V68/><F126/><N who="0" m="48170" /><D39/><U132/><E43/><V15/><F134/><W122/><G122/><T16/><D111/><U14/><E64/><V48/><F79/><W25/><G104/><T57/><D57/><U66/><E66/><V9/><F130/><W117/><G117/><T109/><D109/><U60/><E60/><V108/><F108/><W118/><G118/><T0/><D95/><U74/><E74/><V8/><F8/><W80/><G10/><T4/><D87/><U40/><E40/><V84/><F68/><W70/><G1/><N who="0" m="619" /><D81/><U21/><E86/><V90/><F63/><N who="3" m="36255" /><G70/><T44/><D44/><U96/><E96/><V116/><F116/><W114/><G114/><T102/><D82/><U71/><E77/><AGARI ba="0,0" hai="22,25,29,42,45,49,77,80,85,101,103" m="36255" machi="77" ten="30,1000,0" yaku="8,1" doraHai="125" who="3" fromWho="1" sc="198,0,250,-10,256,0,296,10" /><INIT seed="3,0,0,4,2,122" ten="198,240,256,306" oya="3" hai0="127,130,80,3,91,47,112,21,32,94,29,95,68" hai1="39,81,134,33,48,113,13,57,45,110,93,41,22" hai2="25,34,108,44,1,30,31,121,16,72,15,131,120" hai3="50,85,87,132,116,24,101,86,66,38,55,88,58"/><W12/><G116/><T51/><D68/><U19/><E33/><V40/><F72/><W128/><G38/><T100/><D3/><U7/><E113/><V74/><F74/><W106/><G128/><T5/><D32/><U67/><E134/><V92/><F131/><W8/><G132/><T17/><D112/><U123/><E123/><N who="2" m="47179" /><F92/><W53/><G24/><T59/><D29/><U14/><E81/><V9/><F31/><W27/><G27/><T126/><D130/><U119/><E119/><V26/><F26/><W114/><G114/><T37/><D37/><U103/><E39/><N who="2" m="21535" /><F1/><W96/><G66/><T49/><D5/><U11/><E93/><V118/><F118/><W97/><G97/><T90/><D100/><U61/><REACH who="1" step="1"/><E103/><REACH who="1" ten="198,230,256,306" step="2"/><V10/><F10/><W135/><G135/><T62/><D126/><U75/><E75/><V115/><F115/><W107/><G107/><T4/><D127/><U20/><E20/><V65/><F65/><W0/><G0/><T133/><D80/><U73/><E73/><V35/><F35/><W28/><G28/><T54/><D133/><U79/><E79/><V89/><F89/><W46/><G88/><T63/><D91/><U111/><AGARI ba="0,1" hai="7,11,13,14,19,22,41,45,48,57,61,67,110,111" machi="111" ten="30,7900,0" yaku="1,1,0,1,52,2,53,0" doraHai="122" doraHaiUra="104" who="1" fromWho="1" sc="198,-20,230,89,256,-20,306,-39" /><INIT seed="4,0,0,1,2,65" ten="178,319,236,267" oya="0" hai0="3,77,35,84,0,74,108,11,73,17,113,86,67" hai1="48,115,76,125,18,23,39,126,96,59,56,131,24" hai2="2,133,31,129,5,20,109,45,14,111,30,57,98" hai3="53,114,51,25,94,70,80,128,16,41,12,34,127"/><T22/><D113/><U87/><E39/><V42/><F133/><W110/><G114/><T66/><D35/><U132/><E115/><V79/><F129/><W32/><G128/><T81/><D108/><U124/><E131/><V78/><F2/><W75/><G110/><T107/><D107/><U88/><E132/><V46/><F98/><W117/><G117/><T50/><D74/><U28/><E28/><V104/><F104/><W64/><G41/><T135/><D135/><U21/><E21/><V97/><F97/><W33/><G94/><T63/><D50/><U82/><E48/><V27/><F57/><W68/><G64/><T6/><D66/><U47/><E47/><V49/><F31/><W9/><G25/><T44/><D44/><U89/><E89/><V121/><F121/><W1/><G1/><T40/><D40/><U37/><E37/><V4/><F46/><W83/><G127/><T93/><D93/><AGARI ba="0,0" hai="18,23,24,56,59,76,82,87,88,93,96,124,125,126" machi="93" ten="40,2600,0" yaku="18,1,54,1" doraHai="65" who="1" fromWho="0" sc="178,-26,319,26,236,0,267,0" /><INIT seed="5,0,0,3,1,93" ten="152,345,236,267" oya="1" hai0="129,42,66,31,32,13,65,49,34,70,122,71,86" hai1="9,50,56,7,37,27,73,80,14,118,83,11,99" hai2="10,57,29,61,63,41,106,109,74,79,94,39,52" hai3="21,107,53,130,68,58,111,132,23,121,134,105,101"/><U35/><E37/><V87/><F106/><W59/><G68/><T44/><D122/><U67/><E73/><V92/><F109/><W78/><G111/><T64/><D129/><U55/><E118/><V89/><F29/><W4/><G121/><T100/><D100/><U77/><E77/><V40/><F39/><W126/><G130/><T117/><D117/><U12/><E67/><V103/><F74/><W116/><G107/><T30/><D86/><U60/><E60/><V102/><F79/><W135/><G116/><T125/><D125/><U113/><E113/><V128/><F128/><W54/><G4/><T48/><D13/><U26/><E35/><N who="0" m="13353" /><D44/><U0/><E0/><V114/><F114/><W24/><G126/><T1/><D1/><U22/><E99/><N who="2" m="59767" /><F103/><W88/><G78/><T18/><D18/><N who="1" m="8543" /><E27/><V5/><F61/><N who="3" m="36047" /><G24/><T104/><D42/><U90/><E90/><V16/><F5/><W8/><G88/><T3/><D3/><U51/><E51/><N who="0" m="19529" /><D104/><U25/><E25/><V72/><F72/><W15/><G105/><T75/><D75/><U17/><AGARI ba="0,0" hai="7,9,12,17,22,26,50,55,56,80,83" m="8543" machi="17" ten="30,1500,0" yaku="8,1" doraHai="93" who="1" fromWho="1" sc="152,-5,345,15,236,-5,267,-5" /><INIT seed="5,1,0,2,2,117" ten="147,360,231,262" oya="1" hai0="31,51,62,132,80,102,131,28,16,33,81,75,63" hai1="114,61,128,66,74,24,100,77,129,0,53,36,38" hai2="127,101,39,10,76,60,99,41,82,103,104,113,2" hai3="30,23,126,133,18,78,34,65,20,107,5,71,72"/><U46/><E0/><V4/><F127/><W79/><G126/><T87/><D131/><N who="1" m="50251" /><E74/><V22/><F22/><W95/><G107/><T1/><D1/><U49/><E77/><V125/><F125/><W69/><G5/><T14/><D132/><U122/><E100/><V57/><F113/><W25/><G133/><T45/><D102/><U110/><E24/><V52/><F103/><W54/><G34/><T68/><D75/><U50/><E114/><V111/><F111/><W70/><G72/><T89/><D80/><U43/><E110/><V6/><F6/><W3/><G3/><T85/><D85/><U26/><E26/><V115/><F115/><W17/><G95/><T116/><D116/><U11/><E11/><V109/><F109/><W42/><G42/><T86/><D86/><U15/><E15/><V135/><F135/><W84/><G65/><T118/><D118/><U7/><E7/><V90/><F90/><W94/><G54/><T105/><D105/><U12/><E12/><V13/><F2/><W130/><G130/><T83/><D83/><U44/><E122/><V112/><F112/><W47/><G47/><T108/><D108/><U37/><E36/><V92/><F39/><W97/><G30/><T119/><D119/><U93/><E93/><V59/><F104/><W40/><G40/><T67/><D62/><U55/><E43/><V56/><REACH who="2" step="1"/><F41/><REACH who="2" ten="147,360,221,262" step="2"/><W73/><G23/><N who="0" m="11671" /><D33/><U27/><E27/><V91/><F91/><W21/><G25/><T9/><D9/><U123/><E123/><V98/><F98/><W19/><G97/><T106/><D106/><RYUUKYOKU ba="1,1" sc="147,10,360,10,221,10,262,-30" hai0="28,31,45,51,63,67,68,81,87,89" hai1="37,38,44,46,49,50,53,55,61,66" hai2="4,10,13,52,56,57,59,60,76,82,92,99,101" /><INIT seed="5,2,1,1,4,13" ten="157,370,231,232" oya="1" hai0="100,54,32,116,108,17,130,59,132,23,109,26,60" hai1="125,106,89,94,74,40,121,86,76,129,43,5,67" hai2="8,34,44,9,85,24,88,92,22,14,128,49,52" hai3="27,131,71,45,37,7,91,96,82,21,48,47,69"/><U29/><E121/><V31/><F128/><W134/><G7/><T6/><D116/><U133/><E106/><V80/><F34/><W87/><G134/><T46/><D130/><U95/><E133/><V107/><F107/><W110/><G131/><T39/><D132/><U126/><E129/><V41/><F14/><W124/><G110/><T81/><D100/><U53/><E67/><V117/><F117/><W122/><G122/><T118/><D118/><U1/><E29/><V35/><F35/><W65/><G124/><N who="1" m="47722" /><E1/><V99/><REACH who="2" step="1"/><F41/><REACH who="2" ten="157,370,221,232" step="2"/><W28/><G65/><T75/><D32/><U66/><E43/><V62/><F62/><W93/><G37/><T98/><D6/><U104/><E40/><V90/><AGARI ba="2,2" hai="8,9,22,24,31,44,49,52,80,85,88,90,92,99" machi="90" ten="20,12000,2" yaku="1,1,0,1,7,1,8,1,54,2,53,0" doraHai="13" doraHaiUra="135" who="2" fromWho="2" sc="157,-32,370,-62,221,146,232,-32" /><INIT seed="6,0,0,5,1,60" ten="125,308,367,200" oya="2" hai0="113,56,45,63,107,127,22,120,75,42,83,133,108" hai1="68,69,50,12,16,89,103,104,128,23,41,20,34" hai2="131,124,13,49,31,111,19,59,125,21,110,109,100" hai3="37,26,132,0,25,130,17,52,76,71,73,78,65"/><V2/><F2/><W134/><G0/><T99/><D120/><U10/><E34/><V91/><F100/><W28/><G37/><T11/><D108/><U123/><E123/><V93/><F131/><W51/><G130/><T115/><D127/><U61/><E128/><V3/><F3/><W8/><G71/><T122/><D122/><U43/><E104/><V77/><F77/><W72/><G51/><T80/><D133/><U14/><E103/><V1/><F1/><W58/><G58/><T87/><D75/><U97/><E23/><V62/><F31/><W4/><G8/><T67/><D11/><U64/><E68/><V112/><F112/><W24/><G24/><T30/><D107/><U18/><E50/><V121/><F121/><W117/><G28/><T116/><D116/><U96/><E96/><N who="2" m="57407" /><F49/><W88/><G117/><T102/><D102/><U66/><E66/><AGARI ba="0,0" hai="13,19,21,59,62,66,109,110,111,124,125" m="57407" machi="66" ten="30,2900,0" yaku="10,1,52,1" doraHai="60" who="2" fromWho="1" sc="125,0,308,-29,367,29,200,0" /><INIT seed="6,1,0,2,4,126" ten="125,279,396,200" oya="2" hai0="5,55,27,101,22,111,38,130,98,23,20,53,91" hai1="83,57,49,82,4,132,21,112,89,35,114,58,6" hai2="104,99,54,72,102,32,56,133,3,36,92,45,93" hai3="60,2,26,25,131,134,121,87,128,70,107,124,52"/><V40/><F72/><W15/><G2/><T33/><D111/><U69/><E69/><V10/><F32/><W97/><G124/><T9/><D38/><U84/><E35/><V43/><F43/><W90/><G15/><T117/><D117/><U68/><E68/><V11/><F133/><W13/><G13/><T122/><D122/><U74/><E132/><V115/><F115/><W85/><G121/><T123/><D123/><U81/><E21/><V30/><F30/><W80/><G87/><T34/><D91/><U86/><E74/><V47/><F47/><W110/><G110/><T106/><D130/><N who="3" m="49705" /><G134/><T18/><D18/><U94/><E86/><V79/><F79/><W12/><G12/><T77/><D77/><U103/><E103/><V17/><F17/><W31/><G31/><T105/><D105/><U44/><E114/><V96/><F3/><W135/><G135/><T73/><D73/><U28/><E28/><V109/><F109/><W127/><G127/><T76/><D76/><U64/><E112/><V42/><F42/><W71/><G71/><T19/><D34/><U63/><REACH who="1" step="1"/><E58/><REACH who="1" ten="125,269,396,200" step="2"/><V29/><F29/><W1/><G70/><T46/><D33/><U113/><E113/><V37/><F56/><N who="3" m="34823" /><G1/><T66/><D27/><U39/><E39/><V118/><F37/><W125/><G125/><T120/><D120/><U75/><E75/><V7/><F36/><W88/><G107/><T108/><D106/><U78/><E78/><V41/><F104/><W59/><G59/><T50/><D108/><U24/><E24/><V100/><F10/><W14/><G14/><RYUUKYOKU ba="1,1" sc="125,-15,269,15,396,-15,200,15" hai1="4,6,44,49,57,63,64,81,82,83,84,89,94" hai3="25,26,80,85,88,90,97" /><INIT seed="7,2,1,0,1,116" ten="110,284,381,215" oya="3" hai0="4,131,88,122,30,70,83,102,113,43,27,73,57" hai1="12,96,121,117,125,81,97,128,80,77,133,62,2" hai2="126,71,129,29,92,91,98,100,41,89,20,84,31" hai3="35,114,36,65,18,85,13,79,78,48,127,87,93"/><W60/><G36/><T37/><D70/><U72/><E2/><V132/><F71/><W101/><G35/><T8/><D102/><U134/><E62/><V109/><F109/><W25/><G25/><T61/><D131/><U28/><E28/><V52/><F129/><W135/><G48/><T124/><D124/><U54/><E12/><V33/><F33/><W47/><G47/><T17/><D113/><U111/><E54/><V3/><F3/><W22/><G114/><T1/><D17/><U115/><E111/><V10/><F10/><W38/><G38/><T95/><D37/><U103/><E115/><V68/><F68/><W63/><G127/><T69/><D69/><U32/><E32/><V15/><F41/><W104/><G104/><T59/><D43/><U130/><E125/><V42/><F42/><W14/><G14/><T67/><D122/><U39/><E39/><V11/><F132/><N who="1" m="50793" /><E117/><V45/><F126/><W6/><G135/><T23/><D59/><U108/><E108/><V107/><F20/><W0/><G0/><T120/><D120/><U21/><E21/><V53/><F107/><W26/><G13/><T40/><D40/><U112/><E112/><V55/><F45/><W49/><G49/><T75/><REACH who="0" step="1"/><D83/><REACH who="0" ten="100,284,381,215" step="2"/><N who="1" m="45479" /><E121/><V9/><F100/><W106/><G106/><T123/><D123/><U94/><E97/><AGARI ba="2,2" hai="1,4,8,23,27,30,57,61,67,73,75,88,95,97" machi="97" ten="30,3900,0" yaku="1,1,7,1,54,1,53,0" doraHai="116" doraHaiUra="110" who="0" fromWho="1" sc="100,65,284,-45,381,0,215,0" owari="165,-33.0,239,4.0,381,47.0,215,-18.0" /></mjloggm>