<mjloggm ver="2.3"><GO type="97" lobby="0"/><UN n0="%E3%83%AD%E3%83%9C%E3%82%B3%E3%83%97" n1="%E5%BE%8B%E3%81%A1%E3%82%83%E3%82%93%E9%9A%8A%E5%93%A1" n2="%E3%81%8D%E3%82%83%E3%81%97%E3%82%83%E3%83%BC%E3%81%AE%EF%BC%81" n3="%E5%B0%B1%E6%B4%BB%E7%94%9F%40%E5%B7%9D%E6%9D%91%E8%BB%8D%E5%9B%A3" dan="15,15,15,15" rate="1994.82,1978.24,1943.13,2039.10" sx="M,F,M,M"/><TAIKYOKU oya="0"/><INIT seed="0,0,0,0,1,25" ten="250,250,250,250" oya="0" hai0="5,2,69,33,74,90,26,29,21,71,125,86,128" hai1="89,0,30,50,133,94,120,15,41,52,98,24,35" hai2="8,11,27,48,70,62,12,3,104,97,7,124,110" hai3="117,68,115,19,46,37,51,61,91,75,96,85,57"/><T82/><D74/><U65/><E120/><V118/><F124/><W123/><G75/><T107/><D125/><U100/><E0/><V55/><F110/><W121/><G68/><T119/><D119/><U40/><E133/><V64/><F118/><W56/><G37/><T106/><D128/><U23/><E65/><V78/><F78/><W76/><G115/><T28/><D69/><U13/><E35/><V111/><F111/><W122/><G76/><T83/><D71/><U66/><E66/><V60/><F27/><W80/><G96/><T134/><D134/><U22/><E100/><V53/><F62/><W34/><G34/><T16/><D83/><U101/><E101/><V79/><F79/><W95/><G61/><T17/><D17/><N who="1" m="10559" /><E13/><V54/><F97/><W45/><G45/><AGARI ba="0,0" hai="23,24,30,40,41,45,50,52,89,94,98" m="10559" machi="45" ten="30,3900,0" yaku="8,1,52,1,54,1" doraHai="25" who="1" fromWho="3" sc="250,0,250,39,250,0,250,-39" /><INIT seed="1,0,0,3,1,16" ten="250,289,250,211" oya="1" hai0="121,117,88,120,35,135,127,85,56,66,74,3,71" hai1="4,52,86,129,110,50,46,58,99,55,2,101,26" hai2="104,111,82,39,62,95,0,45,79,61,83,132,38" hai3="63,90,31,25,118,11,10,12,109,106,19,30,77"/><U28/><E129/><V87/><F104/><W124/><G106/><T44/><D117/><U23/><E110/><V134/><F111/><W76/><G109/><T105/><D105/><U59/><E86/><V20/><F0/><W40/><G124/><T72/><D35/><U24/><E24/><V54/><F95/><W97/><G40/><T32/><D32/><U33/><E33/><V17/><F83/><W27/><G63/><N who="2" m="24073" /><F54/><W92/><G118/><T1/><D71/><U122/><E122/><N who="0" m="47209" /><D66/><U98/><E55/><V18/><F45/><W14/><G27/><T116/><D56/><U114/><E114/><V57/><F57/><W42/><G42/><T108/><D116/><U131/><E131/><V51/><F51/><W53/><G53/><T47/><D108/><U113/><E113/><V103/><F103/><W96/><G96/><T7/><D127/><U9/><REACH who="1" step="1"/><E99/><REACH who="1" ten="250,279,250,211" step="2"/><V102/><F87/><W64/><G64/><T128/><D128/><U84/><E84/><V48/><F132/><W6/><G30/><T125/><D135/><U91/><E91/><V112/><F134/><W67/><G67/><T93/><D125/><U70/><E70/><V13/><F112/><W65/><G65/><T21/><D74/><U68/><E68/><V73/><F73/><W119/><G119/><T133/><D72/><U29/><E29/><V126/><F126/><W43/><G43/><T5/><D133/><U22/><E22/><AGARI ba="0,1" hai="6,10,11,12,14,19,22,25,31,76,77,90,92,97" machi="22" ten="30,3900,0" yaku="7,1,8,1,52,1" doraHai="16" who="3" fromWho="1" sc="250,0,279,-39,250,0,211,49" /><INIT seed="2,0,0,3,5,52" ten="250,240,250,260" oya="2" hai0="36,22,64,131,57,15,41,105,10,93,97,113,72" hai1="116,32,21,29,95,110,30,109,101,50,16,47,119" hai2="108,56,128,107,54,39,78,123,37,86,114,59,68" hai3="45,66,94,26,49,132,14,135,19,117,31,1,24"/><V51/><F68/><W134/><G1/><T70/><D105/><U83/><E83/><V89/><F107/><W71/><G117/><T79/><D113/><U43/><E32/><V34/><F123/><W111/><G111/><N who="1" m="42506" /><E101/><V103/><F103/><W25/><G94/><T85/><D131/><U40/><E40/><V112/><F34/><W88/><G66/><T2/><D2/><U55/><E95/><V96/><F108/><W12/><G71/><T33/><D33/><U133/><E133/><V63/><F128/><W124/><G124/><T127/><D72/><U62/><E62/><V23/><F96/><W92/><G19/><T53/><D70/><U120/><E120/><V60/><F78/><W125/><G31/><N who="1" m="11786" /><E43/><V48/><F112/><W75/><G75/><T104/><D41/><U121/><E121/><V0/><F114/><W7/><G125/><T87/><D93/><U76/><E76/><V17/><F63/><W38/><G38/><T11/><D79/><U13/><AGARI ba="0,0" hai="13,16,21,47,50,55,116,119" m="11786,42506" machi="13" ten="30,2000,0" yaku="14,1,54,1" doraHai="52" who="1" fromWho="1" sc="250,-5,240,20,250,-10,260,-5" /><INIT seed="3,0,0,3,1,125" ten="245,260,240,255" oya="3" hai0="32,73,10,98,100,75,17,37,97,70,65,129,126" hai1="11,23,12,110,48,127,54,36,94,101,121,92,130" hai2="33,1,7,83,76,42,105,113,67,28,118,9,112" hai3="15,58,77,47,57,111,30,50,88,0,132,52,53"/><W134/><G0/><T107/><D32/><U29/><E36/><V45/><F118/><W6/><G77/><T5/><D126/><U61/><E127/><V116/><F67/><W26/><G111/><T25/><D37/><U96/><E121/><V51/><F105/><W86/><G15/><T74/><D98/><U104/><E110/><V131/><F116/><W124/><G6/><T108/><D108/><U27/><E61/><V13/><F1/><W99/><G99/><T21/><D70/><U115/><E115/><V109/><F109/><W4/><G4/><T128/><REACH who="0" step="1"/><D65/><REACH who="0" ten="235,260,240,255" step="2"/><U68/><E68/><V44/><F112/><W35/><G124/><T46/><D46/><U34/><E34/><V19/><F45/><W66/><G66/><T71/><D71/><U102/><E96/><V84/><F113/><W114/><G114/><T64/><D64/><U81/><E104/><V89/><F33/><W93/><REACH who="3" step="1"/><G47/><REACH who="3" ten="235,260,240,245" step="2"/><T60/><D60/><AGARI ba="0,2" hai="26,30,35,50,52,53,57,58,60,86,88,93,132,134" machi="60" ten="40,12000,1" yaku="1,1,2,1,54,2,53,0" doraHai="125" doraHaiUra="79" who="3" fromWho="0" sc="235,-120,260,0,240,0,245,140" owari="115,-38.0,260,6.0,240,-16.0,385,48.0" /></mjloggm>