<mjloggm ver="2.3"><GO type="41" lobby="0"/><UN n0="%78%78%E3%82%86%E3%81%86%E3%81%95%E3%82%93%78%78" n1="%E8%99%8E%E7%8B%BC%E4%B8%B8" n2="%E5%B0%B1%E6%B4%BB%E7%94%9F%40%E5%B7%9D%E6%9D%91%E8%BB%8D%E5%9B%A3" n3="%E3%82%B0%E3%83%BC%E3%83%81%E3%83%A7%E3%82%AD%E3%83%91%E3%83%BC" dan="14,14,15,15" rate="1874.93,1952.82,2022.74,1909.89" sx="M,M,M,M"/><TAIKYOKU oya="0"/><INIT seed="0,0,0,0,0,15" ten="250,250,250,250" oya="0" hai0="111,29,3,108,98,4,79,119,92,125,116,23,51" hai1="120,30,43,117,105,35,87,84,68,99,20,129,83" hai2="42,2,97,45,6,82,64,18,89,69,78,13,49" hai3="5,37,107,121,132,50,130,102,61,60,62,46,76"/><T131/><D79/><U0/><E35/><V122/><F122/><W39/><G121/><T134/><D51/><U22/><E117/><N who="0" m="45129" /><D98/><U106/><E129/><V25/><F25/><W72/><G130/><T65/><D65/><U104/><E0/><V74/><F2/><W67/><G132/><T94/><D94/><U52/><E68/><V41/><F6/><W31/><G31/><T26/><D92/><U38/><E38/><V19/><F42/><W133/><G133/><T14/><D131/><U10/><E43/><V126/><F13/><W93/><G107/><T59/><D59/><U110/><E10/><V34/><F34/><W21/><G67/><T28/><D134/><U113/><E110/><N who="0" m="42025" /><D3/><U114/><E99/><V24/><F24/><W16/><G102/><T86/><D86/><U48/><E87/><V124/><F89/><W12/><G93/><T81/><D81/><U55/><E120/><V54/><F97/><W75/><G76/><T1/><D1/><U90/><E55/><V44/><F64/><W85/><G85/><T73/><D73/><U95/><E95/><V101/><F69/><W77/><G72/><T56/><D56/><U63/><E63/><V58/><F101/><W128/><G128/><T127/><D29/><U112/><REACH who="1" step="1"/><E30/><REACH who="1" ten="250,240,250,250" step="2"/><V118/><F118/><W33/><G33/><T96/><D96/><U40/><E40/><V88/><F88/><W47/><G75/><T103/><D103/><U66/><E66/><V11/><F41/><W80/><G61/><T109/><N who="0" m="42033" /><T53/><DORA hai="36" /><D53/><U115/><N who="1" m="28672" /><DORA hai="70" /><U7/><E7/><RYUUKYOKU ba="0,1" sc="250,15,240,15,250,-15,250,-15" hai0="4,14,23,26,28,125,127" hai1="20,22,48,52,83,84,90,104,105,106" /><INIT seed="0,1,1,5,1,121" ten="265,255,235,235" oya="0" hai0="36,8,80,15,131,100,103,32,28,16,52,127,7" hai1="23,120,96,31,125,90,13,106,4,126,74,70,79" hai2="101,110,26,18,49,85,94,129,76,55,130,54,5" hai3="84,60,63,33,81,123,78,88,113,43,40,35,122"/><T1/><D36/><U134/><E120/><N who="3" m="46122" /><G113/><T59/><D80/><U47/><E70/><V117/><F5/><W133/><G133/><T93/><D131/><N who="2" m="50186" /><F117/><W39/><G39/><T69/><D69/><U119/><E119/><V48/><F76/><W45/><G78/><T65/><D65/><U109/><E134/><V11/><F110/><W68/><G68/><T86/><D127/><N who="1" m="48651" /><E79/><V105/><F105/><W42/><G45/><T41/><D41/><U108/><E74/><V19/><F26/><W97/><G97/><T107/><D107/><U75/><E75/><V116/><F11/><W83/><G83/><T25/><D86/><U73/><E73/><V20/><F20/><W124/><G124/><T12/><D93/><N who="1" m="56375" /><E106/><V82/><F82/><W58/><G63/><T118/><D118/><U2/><E2/><V92/><F116/><W46/><G46/><T57/><D57/><U37/><E47/><N who="2" m="27935" /><F85/><W14/><G14/><T24/><D24/><N who="1" m="16799" /><E37/><V51/><F51/><W53/><AGARI ba="1,1" hai="33,35,40,42,43,53,58,60,81,84,88" m="46122" machi="53" ten="30,2000,0" yaku="13,1,54,1" doraHai="121" who="3" fromWho="3" sc="265,-11,255,-6,235,-6,235,33" /><INIT seed="1,0,0,4,2,10" ten="254,249,229,268" oya="1" hai0="74,7,129,134,55,52,89,66,25,121,81,43,56" hai1="11,60,57,67,126,4,6,79,18,108,50,53,12" hai2="124,59,72,96,19,93,99,77,30,117,110,27,17" hai3="69,47,70,91,135,35,33,41,87,24,88,125,0"/><U46/><E126/><V84/><F110/><W119/><G125/><T114/><D43/><U95/><E108/><V1/><F1/><W73/><G73/><T15/><D25/><U111/><E111/><V63/><F117/><W101/><G119/><T98/><D114/><U20/><E79/><V107/><F124/><W5/><G135/><T102/><D134/><U64/><E95/><V26/><F26/><W105/><G91/><T113/><D113/><U39/><E39/><V94/><F107/><W92/><G33/><T131/><D121/><U40/><REACH who="1" step="1"/><E4/><REACH who="1" ten="254,239,229,268" step="2"/><V51/><F93/><W31/><G5/><T97/><D74/><U14/><AGARI ba="0,1" hai="6,11,12,14,18,20,40,46,50,53,57,60,64,67" machi="14" ten="20,18000,2" yaku="1,1,2,1,0,1,7,1,8,1,52,2,53,0" doraHai="10" doraHaiUra="120" who="1" fromWho="1" sc="254,-60,239,190,229,-60,268,-60" /><INIT seed="1,1,0,4,3,101" ten="194,429,169,208" oya="1" hai0="56,82,70,18,12,113,83,49,23,62,128,42,30" hai1="33,115,1,104,111,16,55,17,15,77,27,135,35" hai2="24,38,96,93,78,2,132,58,80,122,129,103,3" hai3="53,7,119,41,32,10,60,37,22,6,43,105,47"/><U29/><E77/><V94/><F122/><W126/><G32/><T65/><D128/><U50/><E111/><V31/><F38/><W45/><G126/><T44/><D113/><U76/><E115/><V99/><F129/><W120/><G120/><T25/><REACH who="0" step="1"/><D70/><REACH who="0" ten="184,429,169,208" step="2"/><U121/><E121/><V86/><F132/><W127/><G127/><T66/><D66/><U40/><E135/><V124/><F124/><W118/><G119/><T14/><D14/><U100/><E1/><V131/><F131/><W59/><G118/><T81/><D81/><U116/><E116/><V110/><F110/><W51/><G22/><AGARI ba="1,1" hai="12,18,22,23,25,30,42,44,49,56,62,65,82,83" machi="22" ten="30,3900,0" yaku="1,1,7,1,8,1,53,0" doraHai="101" doraHaiUra="106" who="0" fromWho="3" sc="184,52,429,0,169,0,208,-42" /><INIT seed="2,0,0,0,4,119" ten="236,429,169,166" oya="2" hai0="37,2,11,7,12,0,62,9,72,10,54,17,98" hai1="30,88,121,1,38,14,18,95,46,101,45,44,70" hai2="86,73,61,116,126,117,102,109,122,68,3,123,48" hai3="80,111,81,39,67,50,8,55,99,97,47,133,94"/><V105/><F73/><W118/><G118/><N who="2" m="45673" /><F3/><W130/><G130/><T36/><D72/><U52/><E1/><V83/><F68/><W59/><G39/><T113/><D98/><U19/><E70/><V60/><F48/><W69/><G111/><T128/><D62/><U33/><E101/><V107/><F60/><W53/><G69/><T124/><D54/><U120/><E38/><V89/><F61/><W43/><G133/><T92/><D92/><U58/><E30/><V27/><F27/><W42/><G67/><T21/><D37/><U35/><E35/><V127/><F109/><W24/><G43/><T15/><D36/><U4/><E4/><V108/><F108/><W91/><G99/><T40/><D40/><U103/><E103/><V22/><F22/><W84/><G24/><T90/><D90/><U132/><E132/><V110/><F110/><W57/><G8/><T125/><D128/><U65/><E65/><V56/><F56/><W64/><G64/><T129/><D129/><U16/><E33/><V5/><F5/><W32/><G32/><T79/><D79/><U26/><E26/><V49/><F49/><N who="3" m="30895" /><G97/><T93/><D93/><U131/><E14/><V96/><F107/><W135/><G135/><T104/><D104/><U114/><E131/><V82/><F82/><W41/><G41/><T13/><D0/><U85/><REACH who="1" step="1"/><E114/><REACH who="1" ten="236,419,169,166" step="2"/><V75/><F75/><W23/><G23/><T51/><D113/><U74/><E74/><V87/><F87/><W134/><G134/><T34/><D34/><U106/><E106/><V66/><F66/><W29/><G29/><RYUUKYOKU ba="0,1" sc="236,-30,419,10,169,10,166,10" hai1="16,18,19,44,45,46,52,58,85,88,95,120,121" hai2="83,86,89,96,102,105,122,123,126,127" hai3="42,47,50,55,59,80,81,84,91,94" /><INIT seed="2,1,1,3,1,120" ten="206,429,179,176" oya="2" hai0="42,4,16,80,93,50,101,34,8,90,14,46,6" hai1="132,71,82,76,129,94,130,81,51,0,83,96,17" hai2="61,64,58,118,19,75,20,131,69,9,119,52,18" hai3="40,125,2,79,25,36,22,84,128,121,39,135,109"/><V133/><F75/><W111/><G121/><T13/><D34/><U38/><E38/><V65/><F131/><N who="1" m="50185" /><E132/><V72/><F72/><W35/><G128/><T105/><D105/><U23/><E71/><V92/><F133/><W73/><G135/><T48/><D101/><N who="1" m="60567" /><E0/><V95/><F118/><W91/><G125/><T63/><D63/><U56/><E56/><V27/><F119/><W106/><G106/><T59/><D80/><U26/><E51/><V77/><F77/><AGARI ba="1,1" hai="17,23,26,76,77,81,82,83" m="60567,50185" machi="77" ten="30,1000,0" yaku="19,1" doraHai="120" who="1" fromWho="2" sc="206,0,429,23,179,-13,176,0" /><INIT seed="3,0,0,3,0,46" ten="206,452,166,176" oya="3" hai0="78,110,112,62,69,70,96,118,111,44,109,13,105" hai1="94,99,1,121,73,89,17,75,67,83,33,59,27" hai2="125,93,104,4,90,52,65,134,61,25,34,114,103" hai3="50,56,28,102,38,113,31,8,58,48,15,100,81"/><W126/><G38/><T127/><D78/><U122/><E1/><V64/><F114/><W55/><G113/><T95/><D105/><U0/><E0/><V72/><F72/><W71/><G71/><T116/><D112/><U36/><E36/><V88/><F125/><W21/><G126/><T86/><D86/><U24/><E24/><V22/><F134/><W7/><G81/><T18/><D127/><U135/><E135/><V39/><F34/><W11/><G11/><T133/><D133/><U51/><E75/><V82/><F4/><W9/><G9/><T87/><D87/><U68/><E68/><V2/><F2/><W3/><G3/><T123/><D70/><U26/><E26/><V92/><F104/><W29/><REACH who="3" step="1"/><G21/><REACH who="3" ten="206,452,166,166" step="2"/><N who="0" m="11471" /><D69/><U85/><E83/><V49/><F39/><W41/><G41/><T54/><D123/><U5/><E121/><V10/><F10/><W80/><G80/><T63/><D118/><U14/><E122/><V60/><F82/><W129/><G129/><T131/><D116/><U19/><E73/><V30/><F92/><W107/><G107/><T130/><D130/><U40/><E94/><V32/><F32/><W42/><G42/><T37/><D37/><U77/><E40/><V119/><F119/><W84/><G84/><T74/><D131/><U45/><E85/><N who="2" m="52367" /><F90/><W128/><G128/><T115/><D115/><U132/><E89/><V57/><F103/><W66/><G66/><AGARI ba="0,1" hai="22,25,30,49,52,57,60,61,64,65,66" m="52367" machi="66" ten="30,7700,0" yaku="8,1,52,1,54,2" doraHai="46" who="2" fromWho="3" sc="206,0,452,0,166,87,166,-77" /><INIT seed="4,0,0,5,5,118" ten="206,452,253,89" oya="0" hai0="23,79,4,0,95,93,124,108,132,116,107,40,76" hai1="13,9,84,106,88,63,81,78,135,105,71,54,8" hai2="117,86,64,24,45,32,27,68,104,20,41,58,77" hai3="99,30,22,94,80,87,10,89,101,85,110,5,65"/><T34/><D107/><U55/><E135/><V53/><F104/><W61/><G110/><T125/><D34/><U72/><E9/><V16/><F117/><W47/><G47/><T131/><D40/><U2/><E2/><V96/><F68/><W12/><G87/><T7/><D116/><U51/><E55/><V50/><F64/><W39/><G39/><T133/><D23/><U126/><E126/><N who="0" m="48745" /><D108/><U115/><E115/><V69/><F69/><W49/><G49/><T3/><D79/><U29/><E29/><V60/><F96/><W15/><G15/><T70/><D76/><U82/><E63/><V1/><F1/><N who="0" m="586" /><D70/><U83/><E71/><V43/><F32/><W111/><G111/><T44/><D44/><U102/><E102/><V73/><F73/><W21/><G30/><T112/><D112/><U56/><E82/><N who="2" m="47439" /><F41/><W26/><G26/><AGARI ba="0,0" hai="16,20,24,26,27,43,45,50,53,58,60" m="47439" machi="26" ten="30,2000,0" yaku="8,1,54,1" doraHai="118" who="2" fromWho="3" sc="206,0,452,0,253,20,89,-20" /><INIT seed="5,0,0,3,0,22" ten="206,452,273,69" oya="1" hai0="50,57,2,9,1,97,121,46,53,133,67,62,55" hai1="127,71,12,68,131,130,19,120,114,14,125,47,36" hai2="20,35,49,31,77,6,98,91,13,94,65,85,78" hai3="41,15,59,110,30,86,95,17,5,103,27,44,79"/><U23/><E120/><V18/><F6/><W43/><G110/><T106/><D106/><U123/><E123/><V48/><F35/><W28/><G59/><T82/><D97/><U24/><E114/><V75/><F75/><W4/><G30/><T96/><D96/><U8/><E47/><V64/><F31/><W100/><G43/><T134/><D82/><U54/><E54/><V37/><F37/><W88/><G79/><N who="2" m="30217" /><F98/><W33/><G15/><T61/><D9/><U113/><E36/><V81/><F81/><W80/><G17/><T45/><D1/><U29/><E113/><V102/><F102/><W132/><G132/><T51/><D2/><U101/><E101/><V115/><F115/><W107/><G107/><T116/><D121/><U112/><E112/><V93/><F93/><W83/><G83/><T70/><D116/><U60/><E60/><V135/><F135/><W73/><G73/><T128/><D128/><N who="1" m="49195" /><E68/><V3/><F3/><W69/><G69/><T32/><D32/><N who="1" m="20519" /><E71/><V40/><F40/><AGARI ba="0,0" hai="40,45,46,50,51,53,55,57,61,62,67,70,133,134" machi="40" ten="40,5200,0" yaku="34,3" doraHai="22" who="0" fromWho="2" sc="206,52,452,0,273,-52,69,0" /><INIT seed="6,0,0,4,3,10" ten="258,452,221,69" oya="2" hai0="132,15,117,105,81,83,80,12,28,119,34,134,57" hai1="59,69,39,103,120,87,65,64,24,115,82,20,99" hai2="17,32,98,114,44,71,96,77,23,36,90,130,11" hai3="106,118,72,30,60,79,127,13,109,73,88,0,49"/><V50/><F32/><W9/><G118/><N who="0" m="45067" /><D105/><U70/><E39/><V84/><F71/><W131/><G106/><T58/><D34/><U63/><E115/><V107/><F36/><W42/><G109/><T35/><D35/><U122/><E65/><V16/><F114/><W3/><G127/><T48/><D28/><U47/><E47/><V21/><F130/><W111/><G111/><T113/><D48/><U92/><E122/><V29/><F77/><W61/><G131/><T121/><D113/><U25/><E25/><N who="2" m="14567" /><F107/><W19/><G30/><T1/><D1/><U51/><E51/><V89/><F11/><W53/><G42/><T75/><D75/><U76/><E120/><V6/><F6/><W100/><G100/><T54/><D54/><U101/><E101/><V22/><F29/><AGARI ba="0,0" hai="20,24,29,59,63,64,69,70,76,82,87,92,99,103" machi="29" ten="30,3900,0" yaku="7,1,25,2" doraHai="10" who="1" fromWho="2" sc="258,0,452,39,221,-39,69,0" /><INIT seed="7,0,0,1,2,106" ten="258,491,182,69" oya="3" hai0="39,110,25,41,130,90,34,118,73,31,135,78,20" hai1="114,66,21,88,46,48,43,134,128,86,89,65,18" hai2="81,61,123,122,11,44,103,112,5,101,22,0,77" hai3="107,121,109,76,116,51,133,105,99,35,62,50,28"/><W3/><G3/><T67/><D118/><U113/><E128/><V45/><F112/><N who="1" m="43113" /><E134/><V87/><F22/><W83/><G121/><N who="2" m="46089" /><F61/><W32/><G116/><T68/><D130/><U96/><E96/><V49/><F45/><W26/><G35/><T115/><D115/><U14/><E89/><V71/><F71/><W70/><G109/><T7/><D110/><U63/><E63/><V93/><F93/><AGARI ba="0,0" hai="14,18,21,43,46,48,65,66,86,88,93" m="43113" machi="93" ten="30,2000,0" yaku="15,1,54,1" doraHai="106" who="1" fromWho="2" sc="258,0,491,20,182,-20,69,0" owari="258,6.0,511,61.0,162,-24.0,69,-43.0" /></mjloggm>