<mjloggm ver="2.3"><GO type="97" lobby="0"/><UN n0="%E5%B0%B1%E6%B4%BB%E7%94%9F%40%E5%B7%9D%E6%9D%91%E8%BB%8D%E5%9B%A3" n1="%E3%81%84%E3%81%9F%E3%83%92%E3%83%AD" n2="%E3%81%BE%E3%81%95%E3%81%8A%E3%81%95%E3%82%93" n3="%E3%82%AB%E3%83%81%E3%83%A5%E3%83%BC%E3%82%B7%E3%83%A3" dan="15,15,15,14" rate="2004.58,2045.29,1988.26,1931.71" sx="M,M,M,F"/><TAIKYOKU oya="0"/><INIT seed="0,0,0,5,0,51" ten="250,250,250,250" oya="0" hai0="117,92,107,118,130,19,134,98,112,90,27,69,22" hai1="110,101,40,81,108,71,85,75,28,53,128,131,125" hai2="72,126,4,18,14,36,34,57,70,109,88,6,35" hai3="39,65,50,12,133,114,48,120,60,113,45,111,16"/><T127/><D69/><U74/><E71/><V129/><F70/><W96/><G120/><T99/><D112/><U2/><E40/><V33/><F36/><W116/><G116/><T77/><D130/><N who="1" m="49707" /><E2/><V84/><F72/><N who="1" m="27689" /><E28/><V135/><F129/><W56/><G111/><N who="1" m="42538" /><E53/><V97/><F109/><W52/><G133/><T79/><D134/><U7/><E7/><V105/><F135/><W132/><G132/><T11/><D127/><U124/><E101/><V91/><F126/><W122/><G122/><T83/><D118/><U62/><E62/><V8/><F4/><W86/><G39/><T49/><D117/><U9/><E9/><V41/><F41/><W3/><G3/><T95/><D107/><U30/><E30/><V31/><F31/><W102/><G48/><T42/><D11/><U121/><E121/><V61/><F6/><W0/><G0/><T37/><D37/><U13/><E13/><V76/><F105/><W44/><G44/><N who="0" m="25751" /><D83/><U78/><AGARI ba="0,0" hai="78,81,85,124,125" m="42538,27689,49707" machi="78" ten="40,8000,1" yaku="19,1,14,1,34,2" doraHai="51" who="1" fromWho="1" sc="250,-40,250,80,250,-20,250,-20" /><INIT seed="1,0,0,3,2,132" ten="210,330,230,230" oya="1" hai0="111,42,27,80,128,99,135,78,74,61,26,131,50" hai1="69,101,124,68,121,46,35,79,64,96,93,129,95" hai2="36,10,51,8,85,81,31,48,11,62,76,18,120" hai3="57,1,15,58,38,33,75,125,103,119,60,9,71"/><U41/><E121/><V126/><F36/><W102/><G75/><T39/><D135/><U87/><E35/><V134/><F120/><W25/><G1/><T0/><D0/><U73/><E73/><V82/><F134/><W130/><G38/><T104/><D111/><U23/><E129/><N who="0" m="49737" /><D39/><U55/><E55/><V86/><F126/><W110/><G125/><T45/><D61/><U3/><E124/><V92/><F92/><W30/><G130/><T28/><D28/><U122/><E3/><V49/><F31/><W56/><G110/><T6/><D6/><U19/><E122/><V97/><F97/><W84/><G119/><T13/><D13/><U2/><E2/><V44/><F62/><W113/><G113/><T40/><D40/><U16/><E64/><V37/><F37/><W63/><G71/><T98/><D98/><U7/><E7/><V54/><REACH who="2" step="1"/><F18/><REACH who="2" ten="210,330,220,230" step="2"/><W127/><G127/><T24/><D99/><U59/><E19/><V118/><F118/><W100/><G63/><T114/><D114/><U90/><E95/><V52/><F52/><W29/><G60/><T32/><D32/><U66/><E16/><V94/><F94/><W65/><G30/><T106/><AGARI ba="0,1" hai="24,26,27,42,45,50,74,78,80,104,106" m="49737" machi="106" ten="40,1500,0" yaku="19,1" doraHai="132" who="0" fromWho="0" sc="210,25,330,-7,220,-4,230,-4" /><INIT seed="2,0,0,4,0,30" ten="235,323,216,226" oya="2" hai0="93,6,73,117,96,64,72,16,110,116,75,4,53" hai1="83,47,76,104,69,74,88,98,49,82,42,89,14" hai2="120,25,135,15,121,41,79,18,23,60,95,28,32" hai3="35,91,101,59,7,92,62,130,109,97,131,86,19"/><V56/><F135/><W45/><G7/><T50/><D110/><U105/><E69/><V119/><F119/><N who="0" m="45642" /><D16/><U112/><E112/><V58/><F41/><W52/><G109/><T9/><D64/><U24/><E24/><V84/><F56/><W122/><G122/><T78/><D78/><U108/><E108/><V87/><F87/><W94/><G35/><T46/><D9/><U103/><E105/><V38/><F38/><W126/><G126/><T107/><D107/><U100/><E100/><AGARI ba="0,0" hai="4,6,46,50,53,72,73,75,93,96,100" m="45642" machi="100" ten="40,1300,0" yaku="12,1" doraHai="30" who="0" fromWho="1" sc="235,13,323,-13,216,0,226,0" /><INIT seed="3,0,0,5,0,26" ten="248,310,216,226" oya="3" hai0="72,5,18,123,81,101,91,54,97,86,119,133,82" hai1="130,84,88,12,79,37,38,77,56,7,0,106,116" hai2="36,34,95,42,1,30,113,61,85,80,92,44,19" hai3="15,47,46,124,129,3,128,93,105,102,8,51,90"/><W70/><G3/><T53/><D123/><U50/><E106/><V69/><F113/><W71/><G105/><T11/><D119/><U43/><E0/><V117/><F117/><W58/><G102/><T78/><D18/><U122/><E122/><V68/><F1/><W52/><G124/><T121/><D133/><U98/><E38/><V134/><F134/><W57/><G57/><T16/><D16/><U13/><E37/><V67/><F68/><W40/><G71/><T89/><D89/><U35/><E35/><V65/><F65/><W9/><G70/><T83/><D83/><U126/><E126/><V25/><F19/><W6/><G8/><T60/><D60/><U94/><E130/><V135/><REACH who="2" step="1"/><F135/><REACH who="2" ten="248,310,206,226" step="2"/><W100/><G100/><T76/><D121/><U28/><E116/><V45/><F45/><W49/><REACH who="3" step="1"/><G47/><REACH who="3" ten="248,310,206,216" step="2"/><T66/><D5/><U27/><E7/><V107/><F107/><W2/><G2/><T41/><D11/><U20/><E56/><V29/><F29/><W22/><G22/><T125/><D125/><U111/><E28/><V62/><F62/><W118/><G118/><T131/><D131/><U120/><E20/><V23/><F23/><W104/><G104/><T31/><D31/><U96/><E120/><V114/><F114/><W110/><G110/><T132/><D132/><U127/><E111/><V73/><F73/><W109/><G109/><T99/><D101/><U112/><E127/><V14/><F14/><W59/><G59/><T32/><D32/><U103/><E103/><V55/><F55/><W74/><G74/><T4/><D54/><RYUUKYOKU ba="0,2" sc="248,-15,310,-15,206,15,216,15" hai2="25,30,34,36,42,44,61,67,69,80,85,92,95" hai3="6,9,15,40,46,49,51,52,58,90,93,128,129" /><INIT seed="3,1,2,3,1,108" ten="233,295,221,231" oya="3" hai0="79,132,131,121,70,3,1,55,126,73,53,32,67" hai1="52,11,117,128,6,84,114,124,40,98,82,23,58" hai2="75,22,25,30,99,91,83,44,48,115,47,12,61" hai3="133,130,78,97,85,127,122,66,43,2,37,107,101"/><W19/><G122/><T129/><D121/><U33/><E33/><V65/><F115/><W119/><G119/><T68/><D126/><U21/><E114/><V17/><F75/><W118/><G118/><T104/><D104/><U81/><E117/><V28/><F48/><W14/><G2/><N who="0" m="523" /><D32/><U51/><E124/><V92/><F83/><W35/><G35/><T96/><D96/><U15/><E128/><N who="0" m="49225" /><D132/><U76/><E40/><V54/><F54/><N who="0" m="20490" /><D67/><U64/><E64/><V80/><F80/><AGARI ba="1,2" hai="68,70,73,79,80" m="20490,49225,523" machi="80" ten="40,1300,0" yaku="19,1" doraHai="108" who="0" fromWho="2" sc="233,36,295,0,221,-16,231,0" /><INIT seed="4,0,0,1,2,11" ten="269,295,205,231" oya="0" hai0="113,110,123,101,44,68,13,38,73,66,34,102,3" hai1="56,116,10,119,43,135,33,65,106,134,107,124,36" hai2="41,21,121,122,132,70,82,12,100,62,67,37,84" hai3="51,69,108,93,109,64,16,27,85,52,75,19,0"/><T88/><D3/><U42/><E33/><V130/><F130/><W99/><G75/><T24/><D123/><U22/><E124/><V128/><F128/><W5/><G85/><T90/><D73/><U2/><E22/><V35/><F35/><W111/><G27/><T94/><D13/><U92/><E92/><V1/><F1/><W4/><G64/><T60/><D113/><U74/><E74/><V97/><F132/><N who="1" m="50729" /><E65/><V18/><F41/><N who="1" m="15369" /><E36/><V118/><F37/><W86/><G86/><T120/><D38/><U80/><E80/><V76/><REACH who="2" step="1"/><F118/><REACH who="2" ten="269,295,195,231" step="2"/><W32/><G32/><T25/><D34/><U57/><E119/><V9/><F9/><W127/><G0/><T54/><D120/><U131/><E116/><V112/><F112/><W125/><G127/><T61/><D110/><U30/><E131/><V53/><F53/><W129/><G125/><T45/><D54/><U103/><E2/><V47/><F47/><W95/><G129/><T83/><D66/><U133/><E133/><V26/><F26/><W126/><G126/><T31/><D24/><U77/><E10/><V96/><F96/><W50/><G99/><T104/><D25/><U15/><E30/><V14/><F14/><W23/><G52/><T98/><D45/><U91/><E15/><V6/><F6/><W63/><G109/><T59/><D44/><U20/><E20/><V49/><F49/><W55/><G55/><T87/><D31/><U71/><E71/><V105/><AGARI ba="0,1" hai="12,18,21,62,67,70,76,82,84,97,100,105,121,122" machi="105" ten="20,12000,2" yaku="1,1,0,1,7,1,52,1,53,2" doraHai="11" doraHaiUra="117" who="2" fromWho="2" sc="269,-60,295,-30,195,130,231,-30" owari="209,-19.0,265,7.0,325,42.0,201,-30.0" /></mjloggm>