<mjloggm ver="2.3"><GO type="225" lobby="0"/><UN n0="%E5%9F%BC%E4%BA%AC%E7%B7%9A" n1="%E3%82%B4%E3%83%9F%E3%82%AF%E3%82%BA%E4%B8%83%E6%AE%B5" n2="%E3%81%82%E3%81%B2%E3%82%8B%E3%81%95%E3%82%93" n3="%E3%83%88%E3%83%88%E3%83%AA%E5%85%88%E7%94%9F%31%39%E6%AD%B3" dan="17,16,16,17" rate="2153.54,2044.70,2098.37,2125.90" sx="M,F,M,F"/><TAIKYOKU oya="0"/><INIT seed="0,0,0,5,4,111" ten="250,250,250,250" oya="0" hai0="119,84,18,103,135,100,40,74,46,69,89,56,59" hai1="61,91,32,96,15,127,30,88,104,12,86,101,116" hai2="117,31,73,71,6,11,77,80,19,1,94,92,113" hai3="126,25,63,37,67,34,123,27,39,2,22,62,21"/><T120/><D69/><U66/><E116/><V35/><F71/><W9/><G123/><T83/><D120/><U108/><E108/><V87/><F117/><W75/><G75/><T79/><D119/><U50/><E127/><V124/><F124/><W53/><G126/><T43/><D135/><U114/><E114/><V3/><F3/><W105/><G105/><T58/><D18/><U23/><E50/><V72/><F72/><W97/><G34/><T42/><REACH who="0" step="1"/><D46/><REACH who="0" ten="240,250,250,250" step="2"/><U64/><E64/><V98/><F19/><W106/><G67/><T55/><D55/><U20/><E61/><V115/><F115/><W48/><G62/><T8/><D8/><U65/><E65/><V33/><F11/><W28/><G63/><T109/><D109/><U47/><E47/><V78/><F113/><W90/><G9/><T81/><AGARI ba="0,1" hai="40,42,43,56,58,59,74,79,81,83,84,89,100,103" machi="81" ten="40,3900,0" yaku="1,1,0,1,53,0" doraHai="111" doraHaiUra="13" who="0" fromWho="0" sc="240,49,250,-13,250,-13,250,-13" /><INIT seed="0,1,0,0,5,119" ten="289,237,237,237" oya="0" hai0="10,32,27,51,53,101,100,108,50,128,4,49,99" hai1="72,83,73,12,11,29,23,105,114,70,16,26,120" hai2="126,123,121,24,132,2,28,74,71,79,109,129,65" hai3="106,127,95,37,9,68,118,104,97,64,117,90,54"/><T66/><D128/><U44/><E120/><N who="2" m="46155" /><F109/><W67/><G37/><T39/><D39/><U40/><E114/><V46/><F46/><W25/><G54/><T61/><D100/><U91/><E105/><N who="3" m="40554" /><G9/><T76/><D76/><U110/><E110/><V80/><F126/><W6/><G6/><T94/><D108/><U13/><E70/><V133/><F2/><W18/><G18/><T17/><D32/><U86/><REACH who="1" step="1"/><E13/><REACH who="1" ten="289,227,237,237" step="2"/><V122/><F122/><W59/><G68/><T125/><D125/><U131/><E131/><V78/><F129/><W96/><G127/><T88/><D101/><U115/><E115/><V60/><F79/><W52/><G118/><T47/><D27/><U93/><E93/><V92/><F92/><W62/><G25/><T15/><REACH who="0" step="1"/><D4/><REACH who="0" ten="279,227,237,237" step="2"/><U85/><E85/><V42/><F24/><W102/><G117/><T103/><D103/><U20/><E20/><V81/><F74/><W77/><G77/><T75/><D75/><U34/><E34/><V69/><F78/><W21/><G21/><T0/><D0/><U57/><E57/><AGARI ba="1,2" hai="10,15,17,47,49,50,51,53,57,61,66,88,94,99" machi="57" ten="30,11600,0" yaku="1,1,7,1,8,1,54,1,53,0" doraHai="119" doraHaiUra="22" who="0" fromWho="1" sc="279,139,227,-119,237,0,237,0" /><INIT seed="0,2,0,4,4,82" ten="418,108,237,237" oya="0" hai0="130,34,41,61,49,63,25,135,12,42,96,26,99" hai1="43,133,117,20,47,32,101,84,129,16,124,74,127" hai2="62,79,40,76,54,110,8,89,114,75,80,3,106" hai3="22,67,108,71,113,64,37,109,102,17,21,122,134"/><T24/><D34/><U18/><E117/><V100/><F114/><W112/><G37/><T131/><D12/><N who="1" m="9223" /><E129/><N who="0" m="49161" /><D49/><N who="1" m="26879" /><E133/><V36/><F110/><N who="3" m="42603" /><G134/><T105/><D105/><U103/><E74/><V4/><F75/><W30/><G122/><T115/><D115/><N who="3" m="44105" /><G71/><T59/><D59/><U1/><E32/><V97/><F106/><W11/><G102/><N who="1" m="38922" /><E1/><V69/><F3/><W72/><G72/><T92/><D92/><U10/><E10/><V83/><F8/><W88/><G11/><T70/><D70/><U9/><E18/><V77/><F69/><W29/><G17/><T5/><D5/><U7/><E7/><V51/><F4/><W27/><G22/><T60/><D135/><U48/><E48/><V52/><F51/><W128/><G29/><T19/><D19/><U81/><E9/><V121/><F121/><W86/><G128/><T28/><D28/><U91/><E127/><V31/><F31/><W0/><G0/><T111/><D111/><U98/><E124/><V107/><F107/><W66/><G66/><T85/><D85/><U33/><E33/><V53/><F36/><W93/><AGARI ba="2,0" hai="21,27,30,64,67,86,88,93" m="44105,42603" machi="93" ten="30,4000,0" yaku="14,1,52,1,54,1" doraHai="82" who="3" fromWho="3" sc="418,-22,108,-12,237,-12,237,46" /><INIT seed="1,0,0,0,4,20" ten="396,96,225,283" oya="1" hai0="2,78,118,127,49,41,13,39,134,130,103,48,32" hai1="16,70,82,95,38,43,80,128,89,113,105,121,47" hai2="14,135,132,4,36,96,15,66,102,117,28,93,75" hai3="40,108,109,31,7,34,44,9,83,27,23,114,19"/><U59/><E113/><V79/><F36/><W74/><G114/><T124/><D13/><U60/><E121/><V45/><F117/><W12/><G83/><T29/><D103/><U57/><E128/><V81/><F66/><W86/><G86/><T131/><D78/><U125/><E125/><V11/><F45/><W8/><G74/><T33/><D2/><U94/><E105/><V106/><F15/><N who="3" m="5535" /><G44/><T123/><D123/><U30/><E70/><V10/><F10/><W87/><G87/><T115/><D115/><U24/><E16/><V126/><F126/><W133/><G40/><T69/><D69/><U119/><E119/><V26/><REACH who="2" step="1"/><F106/><REACH who="2" ten="396,96,215,283" step="2"/><W17/><G133/><T101/><D39/><U63/><E59/><V111/><F111/><N who="3" m="42571" /><G34/><AGARI ba="0,1" hai="4,11,14,26,28,34,75,79,81,93,96,102,132,135" machi="34" ten="40,2600,0" yaku="1,1,52,1,53,0" doraHai="20" doraHaiUra="35" who="2" fromWho="3" sc="396,0,96,0,215,36,283,-26" /><INIT seed="2,0,0,3,0,32" ten="396,96,251,257" oya="2" hai0="4,8,90,19,56,10,106,91,40,15,120,125,135" hai1="103,83,45,66,30,87,47,79,23,16,72,39,77" hai2="119,62,133,129,63,29,53,111,84,121,85,115,5" hai3="12,126,86,57,99,113,73,110,28,60,114,89,35"/><V92/><F121/><W107/><G73/><T76/><D106/><U2/><E30/><V102/><F115/><N who="3" m="44043" /><G110/><T82/><D120/><U88/><E103/><V134/><F119/><W33/><G126/><T31/><D31/><U80/><E66/><V93/><F29/><W44/><G28/><T24/><D125/><U14/><E39/><V81/><F129/><W104/><G12/><T68/><D68/><U118/><E118/><V59/><F111/><W9/><G9/><T71/><D71/><U96/><E96/><V18/><F18/><W55/><G44/><T122/><D122/><U94/><REACH who="1" step="1"/><E2/><REACH who="1" ten="396,86,251,257" step="2"/><V127/><F102/><N who="3" m="62559" /><G107/><T38/><D38/><U74/><AGARI ba="0,1" hai="14,16,23,45,47,72,74,77,79,80,83,87,88,94" machi="74" ten="20,12000,2" yaku="1,1,0,1,7,1,9,1,54,2,53,0" doraHai="32" doraHaiUra="69" who="1" fromWho="1" sc="396,-30,86,130,251,-60,257,-30" /><INIT seed="3,0,0,4,0,15" ten="366,216,191,227" oya="3" hai0="110,57,26,117,60,32,115,25,22,55,42,50,16" hai1="85,10,70,125,103,64,17,72,76,51,68,131,106" hai2="87,44,49,120,89,123,21,75,104,38,18,99,108" hai3="127,114,113,45,52,5,134,11,84,119,101,91,71"/><W92/><G119/><T88/><D117/><U93/><E125/><V43/><F75/><W34/><G71/><T116/><D116/><U79/><E131/><V65/><F65/><W109/><G34/><T41/><D110/><U39/><E39/><V128/><F38/><W112/><G127/><T129/><D129/><U90/><E76/><V132/><F128/><W86/><G109/><T62/><D115/><U48/><E17/><V77/><F108/><W0/><G134/><T33/><D33/><U126/><E10/><V29/><F77/><W8/><G101/><T7/><D7/><U95/><E95/><N who="2" m="54719" /><F104/><W19/><G84/><T118/><D118/><U73/><E73/><V80/><F80/><W30/><G30/><T66/><D62/><U28/><E28/><V2/><F29/><W135/><G135/><T107/><D107/><U74/><E74/><V78/><F78/><W24/><G11/><T6/><D6/><U54/><E126/><V83/><F83/><W121/><G121/><N who="2" m="46665" /><F132/><W81/><G81/><T122/><D122/><U1/><E79/><V14/><F99/><W130/><G130/><T36/><D36/><U96/><E72/><V31/><F31/><W40/><G112/><T12/><D32/><U100/><E100/><V37/><F37/><N who="3" m="21647" /><G114/><T59/><D88/><U47/><E64/><V94/><F94/><W111/><G113/><T105/><D105/><U13/><E106/><V58/><F2/><W102/><G111/><T97/><D97/><U53/><E1/><V69/><F69/><W23/><G102/><T56/><D56/><N who="1" m="32807" /><E13/><V9/><F9/><RYUUKYOKU ba="0,0" sc="366,0,216,0,191,0,227,0" hai0="12,16,22,25,26,41,42,50,55,57,59,60,66" hai1="47,51,54,68,70,85,90,93,96,103" hai2="14,18,21,43,44,49,58" hai3="0,5,8,19,23,24,52,86,91,92" /><INIT seed="3,1,0,5,2,112" ten="366,216,191,227" oya="3" hai0="88,56,86,11,25,24,105,115,17,85,100,42,89" hai1="83,20,62,70,12,13,73,84,38,132,114,60,53" hai2="113,63,54,41,101,75,72,95,94,7,102,16,109" hai3="93,43,98,36,10,34,19,46,27,106,31,45,47"/><W127/><G106/><T14/><D115/><U28/><E114/><V3/><F113/><W49/><G127/><T21/><D42/><U128/><E38/><V39/><F75/><W64/><G64/><T48/><D100/><N who="2" m="38506" /><F72/><W35/><G35/><T78/><D105/><U79/><E70/><V135/><F3/><W103/><G36/><T125/><D78/><U104/><E104/><V71/><F71/><W23/><REACH who="3" step="1"/><G10/><REACH who="3" ten="366,216,191,217" step="2"/><T5/><D125/><U69/><E69/><V81/><F39/><W33/><G33/><T126/><D126/><U68/><E68/><V58/><F135/><W117/><G117/><T8/><D8/><U67/><E132/><V29/><F109/><W74/><G74/><T121/><D121/><U91/><E73/><V99/><F41/><W122/><G122/><T57/><D24/><AGARI ba="1,1" hai="19,23,24,27,31,34,43,45,46,47,49,93,98,103" machi="24" ten="30,5800,0" yaku="1,1,7,1,53,1" doraHai="112" doraHaiUra="92" who="3" fromWho="0" sc="366,-61,216,0,191,0,217,71" /><INIT seed="3,2,0,3,4,29" ten="305,216,191,288" oya="3" hai0="119,129,57,31,88,103,130,19,101,23,50,51,62" hai1="89,13,132,114,90,100,60,43,131,96,12,37,91" hai2="77,115,46,61,81,36,17,98,112,67,79,105,20" hai3="2,52,47,74,34,124,16,86,87,93,107,80,97"/><W116/><G116/><T10/><D119/><U122/><E122/><V128/><F79/><W54/><G34/><T85/><D10/><U104/><E114/><V42/><F128/><N who="0" m="49258" /><D31/><U71/><E131/><V75/><F98/><W106/><G124/><T121/><D121/><U94/><E132/><V95/><F95/><W5/><G74/><T65/><D103/><U41/><E104/><V40/><F40/><N who="1" m="15433" /><E71/><V32/><F105/><W113/><G113/><T70/><D70/><U26/><E37/><V126/><F126/><W55/><G47/><T110/><D101/><U25/><E60/><V11/><F11/><W68/><G68/><T48/><D110/><U123/><E123/><V118/><F32/><W64/><G5/><T66/><D66/><U15/><AGARI ba="2,0" hai="12,13,15,25,26,89,90,91,94,96,100" m="15433" machi="15" ten="40,1500,0" yaku="8,1" doraHai="29" who="1" fromWho="1" sc="305,-6,216,21,191,-6,288,-9" /><INIT seed="4,0,0,1,3,67" ten="299,237,185,279" oya="0" hai0="58,35,62,6,125,87,3,74,24,91,83,104,131" hai1="93,73,53,81,80,117,90,97,100,0,27,112,129" hai2="48,44,56,51,8,94,85,118,1,102,2,78,47" hai3="121,57,29,98,55,113,17,124,18,71,41,86,5"/><T68/><D104/><U76/><E117/><V130/><F130/><W120/><G113/><T103/><D103/><U36/><E129/><V70/><F118/><W4/><G124/><T11/><D125/><U20/><E112/><V111/><F111/><W60/><G41/><T128/><D68/><U82/><E0/><V14/><F70/><W59/><G29/><T122/><D122/><N who="3" m="47209" /><G98/><T37/><D37/><U88/><E36/><V39/><F39/><W63/><G86/><T12/><D74/><U116/><E116/><V66/><F1/><W127/><G127/><T38/><D38/><U105/><E53/><V25/><F2/><W110/><G110/><T42/><D42/><U28/><E90/><N who="2" m="53583" /><F78/><W108/><G108/><T30/><REACH who="0" step="1"/><D3/><REACH who="0" ten="289,237,185,279" step="2"/><U92/><REACH who="1" step="1"/><E105/><REACH who="1" ten="289,227,185,279" step="2"/><V69/><F102/><W106/><G106/><T79/><D79/><U19/><E19/><N who="3" m="7178" /><G71/><T22/><D22/><U114/><E114/><V77/><F69/><W135/><G135/><T95/><D95/><U133/><E133/><V64/><F77/><W84/><G4/><T43/><D43/><U96/><AGARI ba="0,2" hai="20,27,28,73,76,80,81,82,88,92,93,96,97,100" machi="96" ten="20,12000,2" yaku="1,1,0,1,7,1,54,1,53,2" doraHai="67" doraHaiUra="89" who="1" fromWho="1" sc="289,-60,227,140,185,-30,279,-30" owari="229,-17.0,367,46.0,155,-34.0,249,5.0" /></mjloggm>