<mjloggm ver="2.3"><GO type="225" lobby="0"/><UN n0="%E3%83%88%E3%83%88%E3%83%AA%E5%85%88%E7%94%9F%31%39%E6%AD%B3" n1="%73%61%72%61%68%31%32%33" n2="%46%4C%41%4D%45" n3="%E9%BB%92%E9%AC%BC" dan="17,16,17,17" rate="2171.37,2107.65,2182.60,2095.21" sx="F,M,M,M"/><TAIKYOKU oya="0"/><INIT seed="0,0,0,2,3,27" ten="250,250,250,250" oya="0" hai0="48,79,11,106,33,94,34,101,113,56,41,119,131" hai1="46,121,92,99,96,116,29,126,39,100,90,130,83" hai2="12,114,50,82,85,72,120,4,38,37,8,22,55" hai3="61,86,47,10,5,25,64,21,44,20,117,110,52"/><T23/><D113/><U87/><E121/><V1/><F120/><W105/><G110/><T30/><D119/><U17/><E116/><V77/><F114/><W78/><G105/><T109/><D106/><U67/><E126/><V135/><F135/><W104/><G104/><T57/><D109/><U74/><E130/><V98/><F98/><W128/><G128/><T127/><D131/><U16/><E74/><V70/><F70/><W43/><G21/><T28/><D127/><U36/><E67/><V15/><F72/><W107/><G107/><T63/><D79/><U76/><E29/><N who="0" m="11369" /><D34/><U75/><E96/><V60/><F60/><W3/><G86/><T53/><D33/><U0/><E0/><V111/><F111/><W118/><G78/><T84/><D23/><U95/><E39/><V89/><F77/><W115/><G115/><T108/><D108/><U97/><E97/><V68/><F68/><W18/><G118/><T51/><D41/><U71/><E71/><V133/><F1/><W122/><G122/><T91/><D101/><U45/><E36/><V6/><F38/><W31/><G43/><T134/><D134/><U32/><E32/><V7/><F37/><W42/><G42/><T59/><D11/><U73/><E73/><V14/><F133/><W58/><G117/><T93/><D93/><U40/><E40/><V35/><F35/><W54/><G31/><T129/><D129/><U132/><E132/><V66/><F22/><W125/><G125/><T88/><D91/><U124/><E124/><V80/><F89/><W112/><G112/><T24/><D24/><RYUUKYOKU ba="0,0" sc="250,10,250,10,250,-30,250,10" hai0="48,51,53,56,57,59,63,84,88,94" hai1="16,17,45,46,75,76,83,87,90,92,95,99,100" hai3="3,5,10,18,20,25,44,47,52,54,58,61,64" /><INIT seed="0,1,0,2,5,33" ten="260,260,220,260" oya="0" hai0="53,129,56,135,15,105,123,67,37,42,115,65,116" hai1="22,0,1,7,120,114,101,130,125,93,48,133,79" hai2="113,46,126,132,14,6,91,34,9,72,12,78,43" hai3="94,73,24,58,40,92,59,26,86,45,41,54,99"/><T19/><D116/><U74/><E120/><V18/><F113/><W77/><G73/><T76/><D105/><U85/><E74/><V39/><F34/><W36/><G77/><T30/><D115/><U108/><E114/><V17/><F126/><W60/><G40/><T32/><D123/><U134/><E7/><V107/><F107/><W110/><G110/><T27/><D129/><U103/><E108/><V100/><F100/><N who="1" m="38473" /><E130/><V63/><F132/><N who="1" m="50793" /><E125/><V57/><F91/><W124/><G124/><T82/><D135/><U109/><E109/><V104/><F104/><W69/><G69/><T8/><D42/><U10/><E10/><V88/><F88/><W119/><G86/><T128/><D37/><U117/><E117/><V112/><F112/><W47/><G94/><T21/><D32/><U95/><E48/><V11/><F72/><W131/><G119/><T81/><D128/><U102/><E22/><V89/><F89/><N who="3" m="55695" /><G131/><T35/><D35/><U68/><E68/><V4/><REACH who="2" step="1"/><F78/><REACH who="2" ten="260,260,210,260" step="2"/><W31/><G36/><T90/><D90/><N who="1" m="53455" /><E79/><V61/><F61/><W106/><G60/><N who="0" m="35855" /><D76/><U80/><E80/><AGARI ba="1,1" hai="8,15,19,21,27,30,65,67,80,81,82" m="35855" machi="80" ten="30,1500,0" yaku="8,1" doraHai="33" who="0" fromWho="1" sc="260,28,260,-18,210,0,260,0" /><INIT seed="0,2,0,4,3,81" ten="288,242,210,260" oya="0" hai0="92,21,124,130,104,51,83,57,85,108,134,48,75" hai1="118,132,54,41,122,116,125,26,20,58,127,84,19" hai2="56,109,111,93,36,77,47,97,119,14,123,39,82" hai3="59,11,113,62,30,10,12,73,49,37,117,100,33"/><T55/><D104/><U3/><E3/><V43/><F123/><W18/><G37/><T126/><D130/><U95/><E122/><V34/><F34/><W67/><G113/><T115/><D115/><U46/><E132/><V102/><F119/><W2/><G73/><T52/><D134/><U94/><E94/><V135/><F135/><W45/><G100/><T61/><D75/><U88/><E58/><V91/><F102/><W60/><G117/><T23/><D92/><U120/><E54/><V76/><F56/><W105/><G30/><T32/><D32/><U110/><E110/><N who="2" m="41995" /><F14/><W35/><G105/><T87/><D108/><U42/><E120/><V16/><F16/><W28/><G28/><T40/><D83/><U106/><E106/><V66/><F66/><W29/><G29/><T6/><D6/><U9/><E9/><V4/><F4/><W79/><G10/><T86/><D40/><N who="1" m="15467" /><E46/><V38/><F77/><W68/><G79/><T98/><D98/><U128/><E128/><V53/><F53/><N who="0" m="20554" /><D57/><U64/><E64/><V31/><F31/><W1/><G35/><T27/><D61/><U71/><E71/><V5/><F5/><W101/><G33/><T96/><D96/><U13/><E26/><V72/><AGARI ba="2,0" hai="36,38,39,43,47,72,76,82,91,93,97" m="41995" machi="72" ten="30,1100,0" yaku="14,1" doraHai="81" who="2" fromWho="2" sc="288,-7,242,-5,210,17,260,-5" /><INIT seed="1,0,0,4,0,50" ten="281,237,227,255" oya="1" hai0="20,47,3,16,70,31,92,129,105,73,131,69,39" hai1="52,72,2,96,40,109,94,123,84,82,135,22,28" hai2="127,61,88,100,99,64,44,68,13,98,63,58,80" hai3="43,106,23,95,25,12,10,9,66,81,46,93,60"/><U79/><E123/><V107/><F127/><W53/><G106/><T15/><D105/><U102/><E2/><V89/><F44/><W5/><G81/><T115/><D115/><U45/><E135/><V41/><F41/><W134/><G10/><T51/><D39/><U21/><E109/><V90/><F13/><W59/><G66/><T112/><D112/><U108/><E108/><V122/><F122/><W56/><G56/><T74/><D3/><U87/><E28/><V78/><F99/><W104/><G104/><T125/><D92/><U27/><E27/><V29/><F29/><W11/><G11/><T35/><D125/><U18/><E18/><V85/><REACH who="2" step="1"/><F78/><REACH who="2" ten="281,237,217,255" step="2"/><W42/><G134/><T4/><D31/><U77/><E77/><V36/><F36/><W119/><G119/><T97/><D97/><U118/><E118/><V67/><AGARI ba="0,1" hai="58,61,63,64,67,68,80,85,88,89,90,98,100,107" machi="67" ten="20,5200,0" yaku="1,1,0,1,7,1,54,1,53,0" doraHai="50" doraHaiUra="6" who="2" fromWho="2" sc="281,-13,237,-26,217,62,255,-13" /><INIT seed="2,0,0,5,5,47" ten="268,211,279,242" oya="2" hai0="79,50,39,56,100,74,44,87,73,83,20,101,129" hai1="64,85,122,134,84,124,37,128,25,89,36,21,131" hai2="70,15,33,24,130,52,30,132,96,66,67,23,81" hai3="65,99,22,16,106,38,76,127,0,60,41,133,35"/><V78/><F70/><W93/><G133/><T116/><D39/><U46/><E64/><V95/><F132/><W45/><G127/><T97/><D129/><U29/><E134/><V5/><F130/><N who="1" m="49705" /><E124/><V125/><F125/><W53/><G35/><T27/><D56/><U11/><E122/><V40/><F40/><W32/><G32/><T88/><D116/><U112/><E112/><V10/><F33/><W72/><G106/><T123/><D123/><U34/><E11/><V14/><F14/><W61/><G0/><T71/><D71/><U68/><E68/><V69/><F69/><W49/><G65/><T92/><D73/><U4/><E4/><V108/><F108/><W104/><G104/><T109/><D109/><U103/><E103/><V51/><F81/><W43/><G76/><T58/><D58/><U115/><E115/><V91/><F78/><W28/><G28/><N who="0" m="17511" /><D74/><U18/><E46/><AGARI ba="0,0" hai="5,10,15,23,24,30,46,51,52,66,67,91,95,96" machi="46" ten="30,11600,0" yaku="7,1,8,1,52,1,54,1" doraHai="47" who="2" fromWho="1" sc="268,0,211,-116,279,116,242,0" /><INIT seed="2,1,0,0,5,25" ten="268,95,395,242" oya="2" hai0="130,124,86,89,29,112,95,56,49,46,132,9,8" hai1="96,69,3,125,80,119,85,113,2,42,26,14,118" hai2="134,38,116,51,55,123,78,61,21,16,47,17,115" hai3="54,94,36,5,70,0,68,99,117,44,37,12,48"/><V82/><F115/><W53/><G0/><T79/><D112/><U97/><E69/><V91/><F116/><W59/><G117/><T63/><D130/><U67/><E113/><V11/><F123/><W15/><G5/><T107/><D107/><U33/><E14/><V101/><F134/><W28/><G28/><T114/><D114/><U7/><E7/><V1/><F101/><W71/><G12/><T10/><D132/><U6/><E6/><V100/><F100/><W110/><G15/><T76/><D29/><U92/><E26/><V64/><F38/><N who="3" m="14955" /><G94/><T88/><D89/><U83/><E92/><V111/><F91/><W106/><G99/><T126/><D126/><U24/><E24/><V58/><F21/><W35/><G35/><T30/><D30/><U13/><E13/><V23/><F23/><W43/><G110/><T57/><D57/><U90/><E90/><V40/><F111/><W93/><G93/><T87/><D87/><U4/><E4/><V127/><F11/><W129/><G129/><T62/><D62/><U108/><E85/><V60/><F1/><W102/><G102/><T109/><D124/><U20/><E108/><V41/><F127/><W32/><G32/><T27/><D27/><U18/><E125/><V128/><F128/><W74/><G74/><T131/><D131/><U81/><E33/><V65/><F78/><W122/><G106/><T103/><D103/><U39/><E118/><V104/><F104/><W77/><G77/><T31/><D109/><U75/><E119/><V34/><F34/><W45/><G122/><T84/><D31/><RYUUKYOKU ba="1,0" sc="268,0,95,0,395,0,242,0" /><INIT seed="3,2,0,0,2,115" ten="268,95,395,242" oya="3" hai0="37,15,74,125,48,6,43,119,99,64,65,0,40" hai1="13,25,85,123,97,1,63,12,83,109,31,3,47" hai2="34,82,78,133,55,103,127,122,66,67,36,98,24" hai3="56,7,101,89,76,79,131,29,60,134,75,41,16"/><W28/><G134/><T121/><D119/><U45/><E123/><V44/><F133/><W46/><G101/><T86/><D74/><U32/><E109/><V49/><F122/><W129/><G7/><T50/><D0/><U52/><E97/><V120/><F120/><W21/><G89/><T105/><D37/><U88/><E45/><V104/><F127/><W80/><G76/><T107/><D125/><U20/><E32/><V9/><F9/><W111/><G111/><T87/><D99/><U54/><E3/><V72/><REACH who="2" step="1"/><F36/><REACH who="2" ten="268,95,385,242" step="2"/><N who="3" m="21799" /><G56/><T96/><D121/><U30/><E1/><V19/><F19/><W58/><G60/><T69/><D6/><U22/><E63/><V126/><F126/><W118/><G58/><T18/><D69/><U14/><REACH who="1" step="1"/><E47/><REACH who="1" ten="268,85,385,242" step="2"/><V35/><F35/><W17/><G131/><T106/><D43/><U95/><E95/><V91/><F91/><W2/><G129/><T124/><D40/><U108/><E108/><V38/><F38/><W130/><G130/><T39/><D39/><U117/><E117/><V10/><F10/><W112/><G118/><T135/><D124/><U61/><E61/><V42/><F42/><W27/><G2/><T84/><D135/><U116/><E116/><V93/><F93/><W8/><G8/><N who="0" m="6503" /><D107/><U132/><E132/><V33/><F33/><W51/><G21/><T92/><D106/><U73/><E73/><V102/><F102/><W110/><G75/><T26/><D105/><U59/><E59/><V5/><F5/><W53/><G110/><T57/><D57/><U62/><E62/><V70/><F70/><RYUUKYOKU ba="2,2" sc="268,-15,85,15,385,15,242,-15" hai1="12,13,14,20,22,25,30,31,52,54,83,85,88" hai2="24,34,44,49,55,66,67,72,78,82,98,103,104" owari="253,5.0,100,-40.0,420,52.0,227,-17.0" /></mjloggm>