<mjloggm ver="2.3"><GO type="41" lobby="0"/><UN n0="%E8%A6%8B%E3%81%A1%E3%82%83%E3%83%BC%E3%81%84%E3%82%84%E3%83%BC%E3%82%93" n1="%E3%83%88%E3%83%88%E3%83%AA%E5%85%88%E7%94%9F%31%39%E6%AD%B3" n2="%E3%82%A2%E3%83%8F%E3%83%94" n3="%E3%81%AA%E3%82%8A%E3%81%9F%E3%81%B6%E3%82%89%E3%81%84%E3%81%82%E3%82%93" dan="14,14,14,14" rate="1884.81,2019.28,1904.74,2044.90" sx="M,F,M,M"/><TAIKYOKU oya="0"/><INIT seed="0,0,0,1,0,95" ten="250,250,250,250" oya="0" hai0="127,84,49,28,118,61,77,132,96,102,13,4,51" hai1="86,72,108,111,75,37,128,15,29,87,119,26,38" hai2="6,56,78,47,8,36,19,52,114,21,43,59,12" hai3="48,81,32,45,64,117,23,30,124,33,98,131,42"/><T125/><D118/><U130/><E15/><V105/><F114/><W39/><G117/><T16/><D132/><U120/><E119/><V113/><F113/><W79/><G124/><N who="0" m="47691" /><D28/><U89/><E29/><V44/><F105/><W83/><G131/><N who="1" m="50218" /><E26/><V27/><REACH who="2" step="1"/><F78/><REACH who="2" ten="250,250,240,250" step="2"/><W122/><G122/><T34/><D77/><U69/><E120/><V110/><F110/><W97/><G79/><T18/><D34/><U99/><E111/><V100/><F100/><W76/><G32/><T55/><D84/><U66/><E108/><V112/><F112/><W7/><G33/><T57/><D4/><U2/><E86/><V82/><F82/><N who="3" m="31243" /><G7/><T1/><D1/><U10/><E87/><V134/><F134/><W46/><G76/><T63/><D18/><U123/><E123/><V135/><F135/><W17/><G30/><T90/><D90/><U101/><E89/><V3/><F3/><W109/><G109/><T35/><D35/><U121/><E121/><V85/><F85/><W40/><G39/><T50/><D16/><U93/><E37/><V74/><F74/><W20/><G17/><T67/><D13/><U54/><E38/><V92/><F92/><W65/><G46/><T53/><D102/><U5/><E75/><V103/><F103/><W71/><G71/><N who="0" m="42479" /><D96/><N who="3" m="36969" /><G40/><T91/><D91/><U24/><E72/><V0/><F0/><W68/><G68/><T22/><D22/><AGARI ba="0,1" hai="20,22,23,42,45,48,64,65" m="36969,31243" machi="22" ten="30,7700,0" yaku="8,1,52,3" doraHai="95" who="3" fromWho="0" sc="250,-77,250,0,240,0,250,87" /><INIT seed="1,0,0,2,2,79" ten="173,250,240,337" oya="1" hai0="46,52,49,92,117,96,99,42,68,6,15,41,66" hai1="69,130,21,128,23,7,85,55,100,61,59,65,48" hai2="135,67,16,94,86,127,14,45,103,122,3,80,2" hai3="54,115,50,71,17,123,75,120,22,78,72,51,20"/><U35/><E35/><V129/><F122/><W57/><G71/><T89/><D117/><U90/><E100/><V126/><F129/><W77/><G115/><T58/><D68/><U34/><E34/><V30/><F30/><W18/><G57/><T83/><D99/><U10/><E130/><V101/><F135/><W105/><G54/><T29/><D29/><U91/><E91/><N who="2" m="51655" /><F67/><W64/><G64/><T5/><D66/><U63/><E63/><V8/><F45/><W11/><G11/><T53/><D15/><U102/><E102/><N who="2" m="38923" /><F94/><W33/><G33/><T44/><D6/><U132/><E132/><V81/><F81/><W28/><G28/><T111/><D5/><U121/><E121/><V88/><F88/><W76/><G76/><T118/><D118/><U124/><E124/><AGARI ba="0,0" hai="2,3,8,14,16,124,126,127" m="38923,51655" machi="124" ten="30,3900,0" yaku="18,1,52,1,54,1" doraHai="79" who="2" fromWho="1" sc="173,0,250,-39,240,39,337,0" /><INIT seed="2,0,0,4,5,95" ten="173,211,279,337" oya="2" hai0="87,25,59,35,69,47,82,129,128,24,131,110,81" hai1="103,70,85,27,104,98,8,14,62,11,116,111,48" hai2="114,43,92,97,84,7,63,54,94,79,113,101,118" hai3="133,74,36,134,50,135,77,44,57,2,105,1,55"/><V18/><F118/><W99/><G74/><T109/><D69/><U60/><E116/><V66/><F7/><W28/><G28/><T71/><D71/><U73/><E73/><V39/><F39/><W75/><G77/><T83/><D47/><U32/><E111/><N who="0" m="42505" /><D35/><U49/><E11/><V80/><F43/><N who="3" m="22631" /><G75/><T4/><D4/><U56/><E85/><V46/><F18/><W90/><G90/><T52/><D87/><U100/><E100/><AGARI ba="0,0" hai="1,2,50,55,57,99,100,105,133,134,135" m="22631" machi="100" ten="30,2000,0" yaku="20,1,52,1" doraHai="95" who="3" fromWho="1" sc="173,0,211,-20,279,0,337,20" /><INIT seed="3,0,0,1,4,81" ten="173,191,279,357" oya="3" hai0="26,41,46,55,96,56,107,109,9,11,25,34,125" hai1="48,31,78,105,113,84,83,32,133,30,43,72,15" hai2="122,59,62,18,44,73,49,17,12,86,111,64,37" hai3="87,50,10,66,129,68,16,97,131,36,102,79,47"/><W2/><G36/><T61/><D109/><U135/><E113/><V110/><F73/><W126/><G126/><T21/><D125/><U22/><E105/><V6/><F37/><W52/><G66/><T99/><D34/><U23/><E32/><V134/><F134/><N who="1" m="51209" /><E72/><V65/><F65/><W75/><G75/><T128/><D128/><N who="3" m="49225" /><G68/><T117/><D117/><U33/><E33/><V13/><F122/><W108/><G108/><N who="2" m="41513" /><F86/><W70/><G70/><T63/><D107/><U82/><E82/><V132/><F132/><W35/><G35/><T4/><D63/><U40/><E15/><N who="2" m="5707" /><F6/><W101/><G97/><N who="0" m="37451" /><D4/><U93/><E93/><V45/><F45/><W130/><G2/><T7/><D7/><U19/><E19/><V3/><F3/><W114/><G114/><T71/><D71/><U115/><E115/><V5/><F5/><W58/><G47/><T119/><D119/><U94/><E94/><V1/><F1/><W14/><G130/><T8/><D21/><N who="1" m="7691" /><E48/><AGARI ba="0,0" hai="8,9,11,25,26,41,46,48,55,56,61" m="37451" machi="48" ten="30,1000,0" yaku="8,1" doraHai="81" who="0" fromWho="1" sc="173,10,191,-10,279,0,357,0" /><INIT seed="4,0,0,2,4,56" ten="183,181,279,357" oya="0" hai0="43,18,86,100,66,35,84,24,8,25,63,37,109" hai1="111,71,48,27,64,99,44,30,92,47,119,74,3" hai2="61,97,83,5,88,132,4,133,28,85,101,98,87" hai3="10,17,49,128,60,16,124,122,96,102,39,42,73"/><T110/><D43/><U76/><E111/><N who="0" m="42505" /><D37/><U75/><E119/><V77/><F28/><W62/><G73/><T129/><D129/><U114/><E3/><V1/><F1/><W67/><G39/><T13/><D100/><U68/><E114/><V70/><F4/><W57/><G128/><T26/><D35/><U14/><E14/><V55/><F5/><W22/><G124/><T94/><D94/><U2/><E2/><V116/><F116/><W79/><G79/><T69/><AGARI ba="0,0" hai="8,13,18,24,25,26,63,66,69,84,86" m="42505" machi="69" ten="30,3000,0" yaku="10,1,52,1" doraHai="56" who="0" fromWho="0" sc="183,30,181,-10,279,-10,357,-10" /><INIT seed="4,1,0,1,4,1" ten="213,171,269,347" oya="0" hai0="71,47,73,128,36,96,54,126,130,105,84,29,21" hai1="31,46,95,92,79,97,49,122,28,7,89,111,60" hai2="35,82,102,69,90,18,66,57,33,8,109,112,3" hai3="44,104,30,100,15,118,58,10,41,42,11,65,17"/><T40/><D73/><U43/><E111/><V59/><F109/><W76/><G118/><T125/><D71/><U94/><E122/><V99/><F57/><W45/><G30/><T134/><D84/><U20/><E79/><V113/><F59/><W93/><G104/><T51/><D96/><U64/><E20/><V132/><F132/><W6/><G76/><T107/><D134/><U70/><E94/><V123/><F123/><W4/><G58/><N who="0" m="33119" /><D21/><U75/><E75/><V61/><F90/><W38/><G65/><T85/><D85/><U117/><E117/><V106/><F82/><W80/><G80/><T114/><D29/><U83/><E83/><V37/><F37/><W50/><REACH who="3" step="1"/><G11/><REACH who="3" ten="213,171,269,337" step="2"/><T110/><D110/><U72/><E72/><V120/><F120/><W124/><G124/><N who="0" m="47723" /><D114/><N who="2" m="44138" /><F18/><W2/><G2/><T101/><D107/><U9/><REACH who="1" step="1"/><E95/><REACH who="1" ten="213,161,269,337" step="2"/><V74/><F74/><W108/><G108/><T13/><D105/><U119/><E119/><V24/><F24/><W22/><G22/><T129/><D101/><U86/><E86/><V19/><F19/><W5/><G5/><AGARI ba="1,2" hai="3,5,8,33,35,61,66,69,99,102,106" m="44138" machi="5" ten="30,3900,0" yaku="15,1,23,1,52,1" doraHai="1" who="2" fromWho="3" sc="213,0,161,0,269,62,337,-42" /><INIT seed="5,0,0,4,5,120" ten="213,161,331,295" oya="1" hai0="12,128,66,85,79,71,10,124,3,131,95,57,19" hai1="31,40,1,30,102,18,50,64,91,62,69,43,4" hai2="123,68,6,2,125,35,113,87,49,37,76,67,89" hai3="111,130,44,112,121,56,122,25,9,98,27,134,133"/><U90/><E102/><V22/><F35/><W107/><G112/><T14/><D71/><U16/><E1/><V36/><F76/><W83/><G130/><T51/><D3/><U127/><E4/><V110/><F123/><W11/><G83/><T119/><D119/><U126/><E50/><V61/><F49/><W53/><G44/><T135/><D135/><N who="3" m="51721" /><G111/><T73/><D124/><N who="1" m="47659" /><E31/><V59/><F110/><W15/><G98/><T70/><D70/><U28/><E28/><V105/><F22/><W0/><G107/><T78/><D73/><U7/><E30/><V54/><F125/><W84/><G84/><T48/><D131/><U45/><E7/><V118/><F105/><W21/><G0/><T17/><D128/><U99/><E99/><V115/><F118/><W24/><G53/><T42/><D51/><N who="1" m="27047" /><E43/><V100/><F100/><W96/><G96/><T97/><D42/><U104/><E104/><V52/><F113/><W26/><G56/><T88/><D97/><U8/><E8/><N who="3" m="3146" /><G15/><T29/><D29/><AGARI ba="0,0" hai="21,24,25,26,27,29,121,122" m="3146,51721" machi="29" ten="30,3900,0" yaku="20,1,34,2" doraHai="120" who="3" fromWho="0" sc="213,-39,161,0,331,0,295,39" /><INIT seed="6,0,0,1,5,38" ten="174,161,331,334" oya="2" hai0="63,99,134,70,15,28,82,129,23,37,8,10,49" hai1="93,39,123,31,96,107,130,126,71,95,117,53,30" hai2="2,19,78,122,127,77,58,32,72,24,84,57,97" hai3="41,92,86,54,110,47,18,108,76,87,124,44,25"/><V20/><F122/><W59/><G124/><T52/><D37/><U26/><E117/><V61/><F72/><W106/><G106/><T85/><D129/><U42/><E71/><V34/><F127/><W112/><G47/><T73/><D73/><U103/><E126/><V65/><F2/><W35/><G112/><T64/><D134/><U6/><E130/><V81/><F97/><W62/><G87/><T29/><D99/><U79/><E123/><V132/><F132/><W11/><G11/><T56/><D8/><U94/><E79/><V67/><F78/><W7/><G7/><T16/><D23/><U69/><E69/><V118/><F118/><W120/><G120/><T90/><AGARI ba="0,0" hai="10,15,16,28,29,49,52,56,63,64,70,82,85,90" machi="90" ten="20,5200,0" yaku="0,1,7,1,54,2" doraHai="38" who="0" fromWho="0" sc="174,52,161,-13,331,-26,334,-13" /><INIT seed="7,0,0,4,0,46" ten="226,148,305,321" oya="3" hai0="59,66,51,107,70,53,12,7,18,117,76,19,21" hai1="90,54,93,104,82,56,35,133,102,23,15,1,129" hai2="111,71,124,11,113,106,109,45,36,125,120,99,50" hai3="44,119,128,96,43,122,79,63,34,5,101,31,42"/><W62/><G119/><T24/><D107/><U25/><E1/><V78/><F36/><W73/><G122/><T38/><D117/><U2/><E2/><V17/><F120/><W103/><G34/><T100/><D38/><U81/><E129/><V28/><F28/><W20/><G5/><T3/><D100/><U13/><E133/><V80/><F71/><W47/><G73/><T27/><D3/><U130/><E130/><V134/><F134/><W94/><G79/><T65/><D7/><U132/><E132/><V85/><F113/><W89/><G128/><T57/><D70/><U14/><E35/><V114/><F114/><W123/><G123/><T60/><D76/><U118/><E102/><N who="3" m="38922" /><G44/><T135/><D135/><U131/><E104/><V4/><F99/><W69/><G69/><T110/><D110/><N who="2" m="41994" /><F106/><W97/><G97/><T9/><D27/><U33/><E33/><V10/><F17/><W29/><G29/><T74/><D74/><U40/><E40/><N who="3" m="15402" /><G47/><T121/><D121/><U84/><E118/><V39/><F39/><W64/><G64/><AGARI ba="0,0" hai="9,12,18,19,21,24,51,53,57,59,60,64,65,66" machi="64" ten="30,3900,0" yaku="7,1,8,1,52,1" doraHai="46" who="0" fromWho="3" sc="226,39,148,0,305,0,321,-39" owari="265,-13.0,148,-35.0,305,40.0,282,8.0" /></mjloggm>