<mjloggm ver="2.3"><GO type="169" lobby="0"/><UN n0="%E9%A2%A8%E6%B4%A5%E9%81%93" n1="%E3%82%A6%E3%83%AB%E3%83%88%E3%83%A9%E7%AB%8B%E7%9B%B4" n2="%E3%81%B5%E3%81%BF%E3%81%9A%E3%81%8D%32%31" n3="%E3%83%94%E3%83%A8%E3%83%AA%67" dan="16,17,16,16" rate="2036.10,2107.60,2048.49,2073.64" sx="M,M,M,M"/><TAIKYOKU oya="0"/><INIT seed="0,0,0,2,2,127" ten="250,250,250,250" oya="0" hai0="95,94,43,66,81,26,69,96,72,101,49,34,114" hai1="25,128,21,0,45,41,51,105,93,65,134,15,24" hai2="73,53,76,89,44,18,61,121,19,46,111,35,60" hai3="37,122,58,97,104,84,110,119,109,31,132,12,33"/><T79/><D79/><U54/><BYE who="0" /><E105/><V3/><F121/><W67/><G122/><T113/><D113/><U23/><E0/><V88/><F3/><UN n0="%E9%A2%A8%E6%B4%A5%E9%81%93" /><W5/><G119/><T100/><D100/><U90/><BYE who="0" /><E134/><UN n0="%E9%A2%A8%E6%B4%A5%E9%81%93" /><V126/><F126/><W75/><G75/><T30/><D30/><BYE who="0" /><U17/><E65/><V118/><F118/><W16/><G37/><T117/><D117/><U55/><E128/><V40/><F111/><W124/><G124/><T135/><D135/><U64/><E64/><UN n0="%E9%A2%A8%E6%B4%A5%E9%81%93" /><V2/><F2/><W102/><G132/><T38/><D38/><U50/><E23/><V123/><F123/><W29/><G5/><T71/><D66/><U52/><REACH who="1" step="1"/><E51/><REACH who="1" ten="250,240,250,250" step="2"/><N who="2" m="27015" /><F35/><W36/><G33/><T9/><D49/><U107/><E107/><V42/><F60/><N who="3" m="38295" /><G36/><T8/><D34/><U103/><E103/><V4/><F61/><W108/><G84/><AGARI ba="0,1" hai="15,17,21,24,25,41,45,50,52,54,55,84,90,93" machi="84" ten="40,5200,0" yaku="1,1,8,1,54,1,53,0" doraHai="127" doraHaiUra="6" who="1" fromWho="3" sc="250,0,240,62,250,0,250,-52" /><INIT seed="1,0,0,1,5,11" ten="250,302,250,198" oya="1" hai0="135,59,32,26,120,53,101,43,63,129,96,18,33" hai1="122,28,31,49,89,126,70,56,44,64,38,83,8" hai2="30,128,111,69,68,87,133,103,110,79,112,77,134" hai3="73,4,15,46,34,40,107,102,109,55,105,95,86"/><U48/><E122/><V100/><F30/><W130/><G34/><T67/><D129/><U12/><E126/><V51/><F51/><W85/><G73/><T2/><D2/><U113/><E70/><N who="2" m="27243" /><F87/><W47/><G130/><T27/><D135/><N who="2" m="51722" /><F128/><W29/><G109/><N who="2" m="41481" /><F112/><W6/><G86/><T106/><D120/><U58/><E113/><V76/><AGARI ba="0,0" hai="76,77,79,100,103" m="41481,51722,27243" machi="76" ten="40,8000,1" yaku="28,2,20,1,14,1" doraHai="11" who="2" fromWho="2" sc="250,-20,302,-40,250,80,198,-20" /><INIT seed="2,0,0,1,4,2" ten="230,262,330,178" oya="2" hai0="85,8,49,73,19,82,125,50,35,23,74,3,6" hai1="44,134,102,70,121,16,94,26,112,90,132,58,56" hai2="15,20,116,61,79,135,75,65,77,66,115,83,68" hai3="9,108,1,33,42,25,87,69,113,10,5,45,123"/><V107/><F116/><W54/><G69/><T36/><D125/><U111/><E70/><V131/><F115/><W71/><G71/><T18/><D36/><U31/><E112/><V11/><F131/><W39/><G113/><T89/><D35/><U34/><E121/><V14/><F135/><N who="1" m="51753" /><E111/><V40/><F107/><W109/><G123/><T30/><D30/><U80/><E44/><V88/><F40/><W60/><G87/><T52/><D49/><U59/><E16/><V72/><F20/><W27/><G10/><T122/><D122/><U78/><E102/><V7/><F66/><W28/><REACH who="3" step="1"/><G27/><REACH who="3" ten="230,262,330,168" step="2"/><T47/><REACH who="0" step="1"/><D19/><REACH who="0" ten="220,262,330,168" step="2"/><U43/><E26/><AGARI ba="0,2" hai="3,6,8,18,23,26,47,50,52,73,74,82,85,89" machi="26" ten="30,8000,1" yaku="1,1,2,1,7,1,52,1,54,1,53,0" doraHai="2" doraHaiUra="57" who="0" fromWho="1" sc="220,100,262,-80,330,0,168,0" /><INIT seed="3,0,0,0,1,100" ten="320,182,330,168" oya="3" hai0="54,87,96,123,7,79,82,34,70,20,112,64,5" hai1="24,30,23,95,43,27,40,94,120,132,22,114,90" hai2="33,18,69,11,32,98,6,56,49,16,88,42,12" hai3="99,101,25,31,63,4,28,119,36,103,102,83,109"/><W113/><G119/><T8/><D123/><U130/><E120/><V104/><F69/><W21/><G113/><T59/><D34/><U77/><E130/><V91/><F33/><W62/><G36/><T37/><D37/><U2/><E114/><V121/><F32/><W10/><G109/><T131/><D112/><U29/><E132/><V41/><F121/><W118/><G118/><T1/><D131/><U97/><E2/><V26/><F104/><W3/><G31/><T124/><D124/><U115/><E115/><V48/><F26/><W71/><G71/><T52/><D70/><U61/><E77/><V15/><F6/><W106/><G83/><T45/><D45/><U65/><REACH who="1" step="1"/><E95/><REACH who="1" ten="320,172,330,168" step="2"/><N who="2" m="56679" /><F91/><W80/><G80/><T17/><D82/><U0/><E0/><V125/><F125/><W68/><REACH who="3" step="1"/><G63/><REACH who="3" ten="320,172,330,158" step="2"/><T58/><D79/><U110/><E110/><V76/><F76/><W129/><G129/><T39/><D1/><U75/><E75/><V108/><F108/><W74/><G74/><T46/><D39/><U72/><E72/><V35/><F49/><W73/><G73/><T85/><D87/><U107/><E107/><V19/><F35/><W117/><G117/><T60/><D85/><U47/><E47/><V86/><F86/><W50/><G50/><T116/><D46/><U81/><E81/><V57/><F48/><W135/><G135/><T93/><D116/><U55/><E55/><V13/><F42/><W111/><G111/><T127/><D60/><U78/><E78/><V84/><F41/><W14/><G14/><N who="2" m="5737" /><F84/><W9/><G9/><T51/><D8/><RYUUKYOKU ba="0,2" sc="320,-30,172,10,330,10,158,10" hai1="22,23,24,27,29,30,40,43,61,65,90,94,97" hai2="11,15,16,18,19,56,57" hai3="3,4,10,21,25,28,62,68,99,101,102,103,106" /><INIT seed="3,1,2,5,2,43" ten="290,182,340,168" oya="3" hai0="95,32,19,132,13,101,129,47,7,16,64,74,0" hai1="121,14,35,105,126,111,3,36,67,82,4,63,118" hai2="39,99,38,9,133,59,117,70,31,79,65,6,78" hai3="83,123,113,51,87,48,89,120,104,56,72,49,90"/><W80/><G113/><T75/><D32/><U66/><E63/><V88/><F117/><W106/><G56/><T45/><D64/><U103/><E14/><V76/><F70/><W42/><G42/><T30/><D30/><U12/><E12/><N who="2" m="5175" /><F38/><W54/><G54/><T52/><D0/><U73/><E67/><V23/><F39/><W112/><G112/><T110/><D110/><U25/><E66/><V28/><F133/><W40/><G40/><T24/><D129/><U107/><E103/><V8/><F8/><W122/><REACH who="3" step="1"/><G90/><REACH who="3" ten="290,182,340,158" step="2"/><T130/><D132/><U115/><E115/><V86/><F59/><W57/><G57/><T61/><D130/><U18/><E118/><V34/><F65/><W27/><G27/><T128/><D24/><U62/><E25/><V5/><F88/><W1/><G1/><T15/><D128/><U77/><E3/><V134/><F134/><W29/><G29/><T60/><D52/><U97/><E121/><V50/><F31/><W81/><G81/><T114/><D114/><U127/><E82/><V53/><F28/><W17/><G17/><T20/><D19/><U21/><E18/><V10/><F53/><W131/><G131/><T46/><D16/><U98/><E35/><V108/><F34/><W125/><G125/><T58/><D58/><U68/><E126/><V100/><F5/><W71/><G71/><T33/><D7/><U96/><E4/><V124/><F124/><W22/><G22/><T11/><D20/><U84/><E21/><V37/><F23/><W93/><G93/><T69/><D95/><U116/><E127/><RYUUKYOKU ba="1,3" sc="290,-10,182,-10,340,-10,158,30" hai3="48,49,51,72,80,83,87,89,104,106,120,122,123" /><INIT seed="3,2,3,4,2,38" ten="280,172,330,188" oya="3" hai0="13,3,74,66,44,80,107,126,43,61,89,55,19" hai1="28,54,85,113,41,63,90,93,70,71,64,15,124" hai2="87,42,121,36,22,18,73,27,135,65,96,104,81" hai3="24,128,94,26,6,130,7,92,120,56,20,114,116"/><W79/><G116/><T127/><D107/><U106/><E113/><V49/><F36/><W40/><G120/><T97/><D3/><U48/><E124/><N who="0" m="47657" /><D55/><U10/><E106/><V21/><F135/><W2/><G114/><T4/><D4/><N who="3" m="1577" /><G2/><T129/><D129/><N who="3" m="49769" /><G79/><N who="0" m="44151" /><D89/><U112/><E112/><V9/><F73/><W17/><G40/><T37/><D97/><U132/><E28/><V109/><F96/><W131/><N who="3" m="49777" /><W72/><DORA hai="110" /><G72/><T101/><D101/><U100/><E100/><V123/><F104/><W39/><G39/><T16/><D13/><U5/><E132/><V1/><F1/><W45/><G45/><T125/><D125/><U98/><E41/><V34/><F42/><W83/><G83/><T32/><D32/><U117/><E117/><V11/><F34/><W30/><G56/><AGARI ba="2,3" hai="16,19,37,43,44,56,61,66" m="44151,47657" machi="56" ten="30,3900,0" yaku="18,1,52,1,54,1" doraHai="38,110" who="0" fromWho="3" sc="280,75,172,0,330,0,188,-45" /><INIT seed="4,0,0,2,5,54" ten="355,172,330,143" oya="0" hai0="15,37,25,115,14,57,0,9,5,13,33,38,88" hai1="81,128,4,8,55,89,50,105,34,46,73,70,117" hai2="52,27,62,60,40,31,101,6,132,116,16,61,41" hai3="30,32,66,125,111,12,131,67,87,65,7,134,77"/><T59/><D115/><U53/><E117/><V22/><F132/><W29/><G111/><T3/><D3/><U42/><E128/><V135/><F135/><W133/><G134/><T120/><D120/><U23/><E34/><V80/><F116/><W11/><G133/><T71/><D71/><U48/><E105/><V69/><F69/><W18/><G131/><T124/><D124/><U72/><E70/><V28/><F6/><W108/><G108/><T49/><D49/><U39/><E23/><N who="2" m="15487" /><F101/><W85/><G125/><T58/><REACH who="0" step="1"/><D88/><REACH who="0" ten="345,172,330,143" step="2"/><U99/><E50/><V84/><F62/><W107/><G107/><T130/><D130/><U82/><E48/><V102/><F60/><W74/><G74/><T98/><D98/><U10/><E99/><V45/><F61/><W94/><G67/><T112/><D112/><U103/><E89/><V1/><F1/><W79/><G66/><T100/><D100/><U2/><E103/><V43/><F102/><W97/><G65/><T104/><D104/><U78/><E82/><V123/><F123/><W127/><G127/><T109/><D109/><U17/><E72/><V110/><F110/><W126/><G126/><T24/><D24/><U64/><E64/><V35/><F80/><N who="3" m="47247" /><G97/><T19/><D19/><U122/><E122/><V51/><F84/><W129/><G129/><T121/><D121/><U47/><E47/><V56/><F45/><W119/><G119/><T96/><D96/><U106/><E106/><V93/><F51/><W44/><G44/><T118/><D118/><U92/><E92/><V63/><F93/><W114/><G114/><RYUUKYOKU ba="0,1" sc="345,15,172,15,330,-15,143,-15" hai0="0,5,9,13,14,15,25,33,37,38,57,58,59" hai1="2,4,8,10,17,39,42,46,53,55,73,78,81" /><INIT seed="4,1,1,2,5,56" ten="360,187,315,128" oya="0" hai0="68,69,73,15,33,85,38,40,12,111,102,119,46" hai1="66,10,125,7,103,34,91,30,48,93,112,1,74" hai2="110,113,55,59,79,97,28,52,22,39,128,89,115" hai3="9,94,3,106,67,101,58,118,124,62,2,31,117"/><T121/><D73/><U6/><E125/><V76/><F110/><W61/><G124/><T57/><D119/><U104/><E112/><N who="2" m="43083" /><F39/><W87/><G106/><T4/><D121/><U25/><E74/><V17/><F28/><W54/><G31/><T64/><D33/><U123/><E123/><V130/><F55/><W29/><G29/><T65/><D111/><U41/><E7/><V26/><F89/><W36/><G36/><T44/><D102/><U72/><E72/><V122/><F97/><W60/><G3/><T23/><D38/><U105/><E103/><V18/><F18/><W133/><G133/><T42/><D85/><U114/><E114/><V70/><F70/><W82/><G2/><T19/><D19/><U81/><E81/><V131/><F122/><W83/><G9/><T75/><D75/><U43/><E66/><V51/><AGARI ba="1,1" hai="17,22,26,51,52,59,76,79,128,130,131" m="43083" machi="51" ten="40,5200,0" yaku="19,1,15,1,54,1" doraHai="56" who="2" fromWho="2" sc="360,-27,187,-14,315,65,128,-14" /><INIT seed="5,0,0,4,1,133" ten="333,173,380,114" oya="1" hai0="68,114,105,7,117,30,21,26,102,0,23,126,110" hai1="13,130,15,54,119,62,33,123,93,20,48,91,34" hai2="52,4,95,55,59,89,32,72,129,61,121,45,78" hai3="106,67,77,111,87,86,37,40,18,84,73,25,80"/><U112/><E123/><V99/><F121/><W50/><G111/><T65/><D117/><U19/><E119/><V43/><F32/><W100/><G37/><T92/><D110/><U9/><E62/><V122/><F122/><W64/><G106/><T109/><D109/><U53/><E130/><V79/><F129/><W14/><G100/><T69/><D114/><U46/><E112/><V47/><F4/><W39/><G39/><T120/><D120/><U10/><E53/><V57/><F72/><W5/><G25/><T22/><D92/><U98/><REACH who="1" step="1"/><E20/><REACH who="1" ten="333,163,380,114" step="2"/><V6/><F55/><W2/><G2/><T116/><D21/><U24/><E24/><V135/><F61/><W74/><G67/><T115/><D23/><U51/><E51/><V29/><F52/><W132/><G64/><T131/><D0/><U85/><E85/><V88/><F135/><W108/><G132/><T70/><D65/><U76/><E76/><V101/><F79/><W41/><G108/><T104/><D131/><U90/><E90/><V63/><F78/><W94/><G87/><T17/><D22/><U1/><E1/><V11/><F63/><W134/><G134/><T58/><D26/><U42/><E42/><V35/><F43/><W60/><G60/><T28/><D115/><U103/><E103/><V3/><F89/><N who="3" m="53559" /><G41/><T75/><D102/><U38/><E38/><V82/><F101/><W97/><G97/><T44/><D116/><U8/><E8/><V127/><F99/><W49/><G40/><T56/><D104/><U124/><E124/><V16/><F3/><W27/><G27/><RYUUKYOKU ba="0,1" sc="333,-10,163,30,380,-10,114,-10" hai1="9,10,13,15,19,33,34,46,48,54,91,93,98" /><INIT seed="5,1,1,0,0,134" ten="323,193,370,104" oya="1" hai0="27,28,97,45,32,121,8,103,59,95,7,33,129" hai1="51,112,44,6,50,47,104,108,0,132,99,53,65" hai2="69,22,125,114,107,38,120,2,20,57,61,117,67" hai3="21,23,52,35,49,122,54,43,86,92,70,82,16"/><U131/><E132/><V42/><F117/><W85/><G122/><T58/><D129/><U76/><E131/><V72/><F120/><W75/><G70/><T91/><D121/><U30/><E108/><V5/><F107/><W66/><G35/><T9/><D33/><U127/><E112/><V89/><F114/><W80/><G66/><T94/><D45/><U135/><E135/><V118/><F118/><W64/><G64/><T13/><REACH who="0" step="1"/><D8/><REACH who="0" ten="313,193,370,104" step="2"/><U123/><E47/><N who="2" m="24023" /><F20/><W74/><G43/><T36/><D36/><U87/><E44/><V73/><F22/><W56/><G23/><T109/><D109/><U68/><E123/><V15/><F69/><W90/><G54/><T18/><D18/><U133/><E53/><V106/><F67/><W48/><G48/><T116/><D116/><U93/><E51/><V1/><F57/><W62/><G49/><T10/><D10/><U71/><E50/><V12/><F61/><W29/><G29/><T55/><D55/><U126/><E133/><V19/><F19/><W110/><G110/><T60/><D60/><U39/><E30/><V81/><F5/><W79/><REACH who="3" step="1"/><G82/><REACH who="3" ten="313,193,370,94" step="2"/><T26/><D26/><AGARI ba="1,3" hai="16,21,26,52,56,62,74,75,79,80,85,86,90,92" machi="26" ten="30,8000,1" yaku="1,1,2,1,7,1,54,2,53,0" doraHai="134" doraHaiUra="100" who="3" fromWho="0" sc="313,-83,193,0,370,0,94,113" /><INIT seed="6,0,0,4,5,85" ten="230,193,370,207" oya="2" hai0="71,11,25,73,79,55,93,97,43,64,49,123,16" hai1="96,110,20,7,4,5,48,72,65,24,129,94,41" hai2="8,58,76,23,95,89,108,63,120,103,47,9,132" hai3="82,104,92,45,124,86,52,70,113,44,91,121,128"/><V119/><F119/><W37/><G121/><T42/><D123/><U106/><E110/><V0/><F120/><W3/><G104/><T125/><D125/><U33/><E72/><V66/><F132/><W50/><G3/><T13/><D25/><U88/><E129/><V30/><F76/><W74/><G124/><T17/><D17/><N who="1" m="12303" /><E33/><V14/><F0/><W130/><G70/><T46/><D71/><U15/><E106/><V19/><F30/><W90/><G113/><T101/><REACH who="0" step="1"/><D64/><REACH who="0" ten="220,193,370,207" step="2"/><U134/><E65/><V114/><F66/><W38/><G130/><T61/><D61/><U83/><E134/><V57/><F63/><W111/><G128/><T118/><D118/><U27/><E27/><V75/><F19/><W112/><G111/><T34/><D34/><U100/><E15/><V10/><F108/><W35/><G35/><T67/><D67/><U40/><E48/><V21/><F14/><W117/><G117/><T131/><D131/><U31/><E31/><V22/><F114/><W26/><G112/><T84/><D84/><AGARI ba="0,1" hai="4,5,7,40,41,83,84,88,94,96,100" m="12303" machi="84" ten="30,3900,0" yaku="8,1,52,1,54,1" doraHai="85" who="1" fromWho="0" sc="220,-39,193,49,370,0,207,0" /><INIT seed="7,0,0,5,0,112" ten="181,242,370,207" oya="3" hai0="43,62,38,127,22,4,68,45,99,5,117,116,63" hai1="72,13,67,105,76,107,51,35,85,132,7,14,40" hai2="135,59,53,103,8,20,12,110,125,78,6,3,50" hai3="134,65,88,16,128,77,57,15,54,52,109,120,79"/><W41/><G120/><T94/><D127/><U123/><E35/><V28/><F125/><W69/><G69/><T39/><D38/><U32/><E32/><V84/><F110/><W71/><G71/><T115/><D115/><U131/><E14/><V95/><F135/><W122/><G122/><T36/><D39/><U92/><E72/><V21/><F3/><W121/><G121/><T82/><D82/><U96/><E67/><V56/><F28/><W70/><G70/><T44/><D45/><N who="1" m="26023" /><E131/><V91/><F103/><W74/><G134/><T17/><D4/><U129/><E129/><V29/><F29/><W30/><G128/><T31/><D5/><U19/><E19/><V37/><F37/><W46/><G30/><T104/><D104/><U58/><E58/><N who="2" m="33079" /><F78/><W87/><G74/><T0/><D0/><U113/><E113/><V24/><F24/><W86/><G65/><T2/><D2/><U42/><BYE who="0" /><E42/><UN n0="%E9%A2%A8%E6%B4%A5%E9%81%93" /><V11/><F11/><N who="3" m="6271" /><G41/><T119/><D31/><U101/><E132/><V133/><F133/><W1/><G1/><T26/><REACH who="0" step="1"/><D68/><REACH who="0" ten="171,242,370,207" step="2"/><U98/><E123/><V124/><F124/><W18/><G109/><T90/><AGARI ba="0,1" hai="17,22,26,36,43,44,62,63,90,94,99,116,117,119" machi="90" ten="30,12000,2" yaku="1,1,2,1,0,1,52,3,53,0" doraHai="112" doraHaiUra="34" who="0" fromWho="0" sc="171,130,242,-30,370,-30,207,-60" owari="301,10.0,212,-19.0,340,44.0,147,-35.0" /></mjloggm>