<mjloggm ver="2.3"><GO type="41" lobby="0"/><UN n0="%E5%B0%B1%E6%B4%BB%E7%94%9F%40%E5%B7%9D%E6%9D%91%E8%BB%8D%E5%9B%A3" n1="%E6%89%8B%E5%BD%B9%E3%82%A2%E3%83%BC%E3%83%86%E3%82%A3%E3%82%B9%E3%83%88" n2="%E3%83%88%E3%83%93%E3%81%A7%E3%81%99%E3%81%AD" n3="%66%75%6B%75%32%38%33%33" dan="15,15,14,14" rate="2004.46,1972.43,1979.14,1961.76" sx="M,M,M,M"/><TAIKYOKU oya="0"/><INIT seed="0,0,0,5,5,104" ten="250,250,250,250" oya="0" hai0="52,110,22,43,77,35,10,98,129,116,70,54,6" hai1="80,130,5,96,120,134,1,20,121,66,74,25,55" hai2="78,3,37,31,23,28,49,107,115,102,24,39,101" hai3="15,122,64,92,79,100,131,106,27,42,103,33,128"/><T60/><D35/><U14/><E1/><V63/><F115/><W21/><G42/><T99/><D116/><U46/><E130/><V16/><F3/><W0/><G122/><T135/><D129/><N who="3" m="49737" /><G0/><T45/><D135/><U4/><E66/><V47/><F63/><W36/><G36/><T118/><D118/><U2/><E2/><V72/><F39/><W95/><G106/><T18/><D77/><U61/><E96/><V11/><F37/><W65/><G15/><T8/><D110/><U133/><E14/><V59/><F59/><W88/><G95/><T71/><D98/><U105/><E105/><V38/><F38/><W91/><G79/><T123/><D99/><U53/><E61/><V112/><F112/><W85/><G91/><T87/><D87/><U117/><E117/><V68/><F107/><W83/><G33/><T75/><D75/><U34/><E34/><V58/><F58/><W62/><G83/><T109/><D109/><U19/><E121/><V119/><F68/><N who="3" m="42007" /><G65/><T89/><D89/><U86/><E74/><V29/><F119/><W113/><G113/><T108/><D108/><U97/><E97/><V9/><F101/><W81/><G81/><T57/><D123/><U82/><E82/><V76/><F102/><W26/><G26/><T114/><D114/><U41/><E41/><N who="2" m="24815" /><F72/><W111/><G111/><T125/><D43/><U50/><E120/><V12/><F12/><W132/><G132/><N who="1" m="50794" /><E55/><V84/><F78/><AGARI ba="0,0" hai="4,5,19,20,25,46,50,53,78,80,86" m="50794" machi="78" ten="30,1000,0" yaku="20,1" doraHai="104" who="1" fromWho="2" sc="250,0,250,10,250,-10,250,0" /><INIT seed="1,0,0,0,2,0" ten="250,260,240,250" oya="1" hai0="107,1,90,43,61,50,84,104,129,132,48,31,101" hai1="114,64,105,109,124,33,121,45,113,30,65,40,81" hai2="51,14,74,36,99,3,23,118,131,88,133,94,96" hai3="56,72,37,110,77,18,73,123,92,32,128,120,116"/><U98/><E121/><V21/><F36/><W2/><G56/><T34/><D129/><U95/><E105/><V76/><F3/><W11/><G92/><T25/><D132/><U59/><E81/><V102/><F118/><W108/><G37/><T57/><D1/><U87/><E87/><V79/><F131/><W85/><G128/><T125/><D125/><U55/><E124/><V15/><F133/><W28/><G116/><T70/><D70/><U26/><E109/><N who="3" m="42090" /><G85/><T4/><D4/><U62/><E113/><V117/><F51/><W38/><G38/><T71/><D43/><U127/><E127/><V130/><F130/><W46/><G46/><T5/><D5/><U16/><E16/><N who="2" m="10391" /><F74/><N who="3" m="28779" /><G77/><T80/><D104/><U44/><E114/><V115/><F115/><W75/><G18/><T10/><D57/><U66/><REACH who="1" step="1"/><E40/><REACH who="1" ten="250,250,240,250" step="2"/><V119/><F119/><W49/><G75/><T122/><D122/><U82/><E82/><V91/><F117/><W97/><G123/><T39/><D84/><U106/><E106/><V35/><F99/><W86/><G97/><T103/><D80/><U7/><E7/><V17/><F35/><W22/><G32/><T9/><D34/><U134/><E134/><V63/><F96/><W19/><G120/><T41/><D41/><U52/><E52/><V13/><F94/><W8/><G86/><T58/><D107/><U20/><E20/><V53/><F23/><W100/><G22/><T111/><D111/><U112/><E112/><V126/><F126/><W60/><G19/><T69/><D10/><U68/><E68/><V42/><F17/><RYUUKYOKU ba="0,1" sc="250,-10,250,30,240,-10,250,-10" hai1="26,30,33,44,45,55,59,62,64,65,66,95,98" /><INIT seed="1,1,1,3,4,54" ten="240,280,230,240" oya="1" hai0="42,62,72,115,65,4,30,106,66,38,51,130,33" hai1="43,128,109,9,135,7,3,83,120,102,104,41,21" hai2="99,48,39,15,16,6,94,57,52,64,105,45,100" hai3="93,90,96,127,86,107,85,61,1,89,49,53,108"/><U80/><E120/><V20/><F6/><W123/><G108/><T46/><D106/><U26/><E135/><V103/><F105/><W58/><G127/><T133/><D72/><U40/><E128/><V19/><F19/><W67/><G123/><T75/><D75/><U98/><REACH who="1" step="1"/><E109/><REACH who="1" ten="240,270,230,240" step="2"/><V126/><F126/><W34/><G1/><T122/><D130/><U29/><AGARI ba="1,2" hai="3,7,9,21,26,29,40,41,43,80,83,98,102,104" machi="29" ten="30,6000,0" yaku="1,1,2,1,0,1,53,0" doraHai="54" doraHaiUra="71" who="1" fromWho="1" sc="240,-21,270,83,230,-21,240,-21" /><INIT seed="1,2,0,4,2,115" ten="219,353,209,219" oya="1" hai0="21,90,94,96,121,11,120,36,87,65,103,104,81" hai1="52,101,70,66,116,100,29,83,24,80,131,123,129" hai2="60,85,3,62,18,54,92,118,125,77,130,74,75" hai3="13,7,5,38,45,79,91,112,15,44,117,63,49"/><U57/><E123/><N who="0" m="47177" /><D36/><U20/><E70/><V35/><F35/><W86/><G112/><T26/><D65/><U61/><E116/><V134/><F3/><W99/><G38/><T59/><D59/><U51/><E66/><V53/><F125/><W46/><G63/><T68/><D68/><U4/><E4/><V133/><F92/><W105/><G105/><T102/><D11/><U95/><E61/><V8/><F85/><W25/><G25/><T111/><D111/><U6/><E6/><V47/><F77/><W43/><G117/><T33/><D33/><U69/><E69/><V113/><F118/><W17/><G15/><T16/><D104/><U88/><E101/><AGARI ba="2,0" hai="16,21,26,81,87,90,94,96,101,102,103" m="47177" machi="101" ten="30,2000,0" yaku="13,1,54,1" doraHai="115" who="0" fromWho="1" sc="219,26,353,-26,209,0,219,0" /><INIT seed="2,0,0,3,2,93" ten="245,327,209,219" oya="2" hai0="44,86,116,56,38,43,28,97,67,105,128,94,74" hai1="72,78,75,4,87,65,127,46,7,8,27,51,60" hai2="120,109,96,20,25,114,111,73,83,125,106,91,32" hai3="100,42,103,14,21,39,82,12,89,115,59,80,131"/><V133/><F120/><W61/><G131/><T123/><D74/><U130/><E27/><V22/><F114/><W135/><G135/><T36/><D116/><U79/><E130/><V1/><F1/><W81/><G115/><T102/><D123/><U104/><E104/><V68/><F68/><W118/><G39/><T6/><D128/><U99/><E99/><V124/><F133/><W69/><G69/><T110/><D110/><N who="2" m="41994" /><F32/><W66/><G42/><T45/><D6/><U134/><E7/><V26/><F73/><W84/><G118/><T77/><D28/><U85/><E134/><V2/><F2/><W49/><G49/><T41/><D77/><U11/><E75/><V55/><F55/><W95/><G21/><N who="2" m="8297" /><F83/><W70/><G70/><T54/><D67/><U92/><E72/><V108/><F108/><W40/><G40/><T16/><D16/><U24/><E4/><V57/><F57/><W9/><G12/><T47/><D56/><U101/><E65/><V37/><F37/><W10/><G9/><T29/><D29/><U129/><E8/><V71/><F71/><W19/><AGARI ba="0,0" hai="10,14,19,59,61,66,80,81,82,84,89,95,100,103" machi="19" ten="30,2000,0" yaku="0,1,8,1" doraHai="93" who="3" fromWho="3" sc="245,-5,327,-5,209,-10,219,20" /><INIT seed="3,0,0,4,0,22" ten="240,322,199,239" oya="3" hai0="93,10,106,62,25,129,86,16,113,50,135,108,126" hai1="36,112,87,20,72,26,104,34,24,71,21,96,81" hai2="30,53,2,12,1,116,13,60,82,0,92,17,61" hai3="76,95,122,55,88,45,28,46,39,68,47,97,9"/><W65/><G122/><T115/><D106/><U57/><E71/><V90/><F116/><W107/><G107/><T54/><D108/><U33/><E72/><V105/><F105/><W75/><G9/><T85/><D129/><U123/><E36/><V117/><F117/><W128/><G128/><T98/><D126/><U67/><E112/><N who="0" m="43081" /><D135/><U15/><E15/><V37/><F37/><W77/><G39/><T48/><D62/><N who="1" m="38351" /><E33/><V6/><F6/><W132/><G132/><T118/><D118/><U110/><E34/><V127/><F127/><W64/><G75/><T114/><D114/><U31/><E110/><V52/><F82/><W8/><G68/><T18/><D18/><N who="1" m="12311" /><E104/><V84/><F30/><W74/><G74/><T69/><D69/><U120/><E96/><V51/><F13/><W73/><G73/><T125/><D10/><U35/><E35/><V99/><F99/><W23/><G8/><T19/><D19/><U66/><E120/><V14/><F14/><W79/><G55/><T80/><D125/><U70/><E70/><V134/><F134/><W101/><G101/><N who="0" m="60623" /><D54/><U109/><E109/><V130/><F130/><W59/><G59/><T89/><D86/><U29/><E123/><V102/><F102/><W40/><REACH who="3" step="1"/><G40/><REACH who="3" ten="240,322,199,229" step="2"/><T100/><D100/><U94/><E66/><V119/><F53/><W4/><G4/><T58/><D58/><U131/><E131/><V56/><REACH who="2" step="1"/><F119/><REACH who="2" ten="240,322,189,229" step="2"/><W38/><G38/><T5/><D5/><U43/><E43/><V7/><F7/><W27/><AGARI ba="0,2" hai="23,27,28,45,46,47,64,65,76,77,79,88,95,97" machi="27" ten="40,12000,1" yaku="1,1,0,1,8,1,52,1,54,1,53,0" doraHai="22" doraHaiUra="124" who="3" fromWho="3" sc="240,-40,322,-40,189,-40,229,140" /><INIT seed="3,1,0,3,1,8" ten="200,282,149,369" oya="3" hai0="96,45,6,112,113,101,38,88,23,26,53,52,25" hai1="68,69,62,15,135,118,65,107,19,10,98,114,72" hai2="131,87,22,95,43,12,5,82,111,55,74,126,42" hai3="33,84,41,4,106,27,66,3,129,1,125,31,79"/><W80/><G129/><T17/><D6/><U46/><E114/><N who="0" m="44137" /><D26/><U123/><E123/><V48/><F131/><W90/><G125/><T29/><D29/><U108/><E108/><V37/><F37/><W134/><G134/><T86/><D38/><U14/><E72/><V93/><F126/><W75/><G106/><N who="0" m="63783" /><D45/><U103/><E135/><V83/><F111/><W51/><G66/><T109/><D109/><U58/><E118/><V81/><F74/><W11/><G51/><T57/><D57/><U121/><E121/><V21/><F87/><W102/><G41/><T130/><D130/><U36/><REACH who="1" step="1"/><E15/><REACH who="1" ten="200,272,149,369" step="2"/><V116/><F116/><W47/><G1/><T128/><D128/><U71/><E71/><V120/><F120/><W76/><G75/><T44/><D44/><U91/><E91/><V89/><F89/><W50/><G102/><T127/><D127/><U18/><E18/><V16/><F5/><W56/><G47/><T73/><D73/><U67/><E67/><V7/><F7/><W94/><REACH who="3" step="1"/><G80/><AGARI ba="1,1" hai="17,23,25,52,53,80,86,88" m="63783,44137" machi="80" ten="30,3900,0" yaku="11,1,54,2" doraHai="8" who="0" fromWho="3" sc="200,52,272,0,149,0,369,-42" /><INIT seed="4,0,0,1,2,39" ten="252,272,149,327" oya="0" hai0="33,74,79,5,62,35,126,6,134,42,128,100,124" hai1="83,131,91,109,112,50,0,96,12,2,90,75,115" hai2="93,117,8,46,118,122,27,43,60,70,133,32,86" hai3="53,98,125,111,103,15,58,127,68,105,23,78,107"/><T11/><D100/><U26/><E109/><V16/><F122/><W119/><G119/><N who="2" m="45577" /><F133/><W66/><G107/><T80/><D134/><U85/><E26/><V7/><F32/><W65/><G111/><T36/><D128/><U82/><E131/><V3/><F70/><W29/><G78/><T132/><D62/><U25/><E25/><V87/><F60/><W116/><G116/><T121/><D121/><U77/><E12/><V73/><F73/><W108/><G68/><T34/><D132/><U101/><E50/><N who="2" m="26975" /><F93/><W49/><G108/><T19/><D19/><U21/><E21/><AGARI ba="0,0" hai="3,7,8,16,21,27,86,87" m="26975,45577" machi="21" ten="30,3900,0" yaku="12,1,52,1,54,1" doraHai="39" who="2" fromWho="1" sc="252,0,272,-39,149,39,327,0" /><INIT seed="5,0,0,5,3,98" ten="252,233,188,327" oya="1" hai0="52,24,10,114,107,26,45,106,61,110,93,8,37" hai1="134,54,64,101,55,131,120,13,0,116,99,32,84" hai2="25,68,7,29,4,76,102,92,47,16,135,127,87" hai3="31,97,121,111,18,22,62,30,69,73,5,88,115"/><U50/><E0/><V104/><F104/><W113/><G111/><T81/><D110/><U33/><E116/><V57/><F68/><W95/><G73/><T67/><D114/><N who="3" m="43529" /><G121/><T17/><D106/><U124/><E120/><V117/><F117/><W130/><G130/><T36/><D107/><U35/><E131/><V53/><F47/><W21/><G5/><T100/><D37/><U2/><E2/><V44/><F44/><W128/><G128/><T48/><D36/><U59/><E134/><V72/><F72/><W19/><G62/><T63/><D81/><U41/><E41/><V85/><F135/><W86/><G69/><T126/><D126/><U94/><E124/><V60/><F127/><W11/><G11/><T14/><D8/><U39/><E39/><V103/><F29/><N who="3" m="10763" /><G86/><N who="2" m="32777" /><F76/><W79/><G79/><T15/><D15/><U49/><E64/><V51/><F92/><W132/><G132/><T34/><D34/><U122/><E122/><V75/><F60/><N who="0" m="23114" /><D67/><U6/><E84/><V78/><F78/><W80/><G80/><T43/><D43/><U105/><E105/><V9/><F75/><W38/><G38/><T46/><D46/><N who="1" m="27959" /><E13/><N who="2" m="7215" /><F25/><W23/><AGARI ba="0,0" hai="18,19,21,22,23,88,95,97" m="10763,43529" machi="23" ten="40,2700,0" yaku="15,1,54,1" doraHai="98" who="3" fromWho="3" sc="252,-7,233,-13,188,-7,327,27" /><INIT seed="6,0,0,5,5,125" ten="245,220,181,354" oya="2" hai0="11,132,61,122,123,93,68,26,3,72,0,118,59" hai1="96,70,17,107,92,46,78,79,42,53,94,131,112" hai2="129,77,1,18,43,29,37,135,27,110,57,16,22" hai3="25,98,75,39,106,100,24,89,85,51,102,32,111"/><V117/><F117/><W55/><G111/><T7/><D0/><U103/><E70/><V8/><F77/><N who="1" m="29193" /><E53/><V127/><F110/><W31/><G75/><T23/><D72/><U91/><E17/><V114/><F127/><W130/><G100/><T13/><D118/><U48/><E112/><V87/><F114/><W115/><G39/><T58/><D68/><U10/><E10/><V56/><F87/><W50/><G25/><T64/><D132/><U126/><E126/><V66/><F135/><W124/><G51/><T63/><D93/><N who="1" m="58767" /><E131/><V44/><F129/><W20/><G130/><T121/><D3/><U109/><E107/><V9/><F9/><W12/><G124/><T60/><REACH who="0" step="1"/><D64/><REACH who="0" ten="235,220,181,354" step="2"/><U133/><E133/><V81/><F66/><W28/><G115/><T88/><D88/><U71/><E71/><V15/><F1/><W83/><G106/><T45/><D45/><U65/><E65/><V76/><F81/><W104/><G83/><T33/><D33/><U6/><E109/><V47/><F76/><W86/><G32/><T116/><D116/><U21/><E91/><V128/><F128/><W62/><G89/><T38/><D38/><U74/><E74/><V108/><F108/><W34/><G34/><T5/><D5/><U14/><E6/><N who="2" m="3479" /><F44/><W73/><G73/><T113/><D113/><U54/><E42/><V134/><F134/><W80/><G80/><T19/><AGARI ba="0,1" hai="7,11,13,19,23,26,58,59,60,61,63,121,122,123" machi="19" ten="40,2700,0" yaku="1,1,0,1,53,0" doraHai="125" doraHaiUra="120" who="0" fromWho="0" sc="235,37,220,-7,181,-13,354,-7" /><INIT seed="7,0,0,0,1,133" ten="272,213,168,347" oya="3" hai0="49,121,38,83,14,20,21,47,90,44,7,40,96" hai1="59,112,23,8,19,9,123,107,119,71,80,128,102" hai2="50,115,91,70,122,67,15,46,105,104,54,113,65" hai3="51,5,79,117,28,74,26,84,131,56,134,81,89"/><W10/><G117/><T118/><D121/><U39/><E71/><V103/><F103/><W85/><G134/><T127/><D118/><U32/><E32/><V77/><F77/><W55/><G131/><T11/><D127/><U114/><E123/><V33/><F33/><W43/><G43/><T3/><D3/><U68/><E68/><V99/><F99/><W36/><G36/><T76/><D96/><N who="1" m="61895" /><E39/><V30/><F30/><W27/><G74/><T86/><D90/><U75/><E128/><V2/><F2/><W109/><G109/><T24/><D24/><N who="1" m="14463" /><E59/><V69/><F122/><W82/><G28/><T97/><D97/><U17/><E17/><V73/><F73/><W124/><G124/><T63/><D63/><U58/><E58/><V125/><F125/><W132/><G132/><T12/><REACH who="0" step="1"/><D14/><AGARI ba="0,0" hai="5,10,14,26,27,51,55,56,79,81,82,84,85,89" machi="14" ten="30,2900,0" yaku="7,1,8,1" doraHai="133" who="3" fromWho="0" sc="272,-29,213,0,168,0,347,29" owari="243,4.0,213,-19.0,168,-33.0,376,48.0" /></mjloggm>