<mjloggm ver="2.3"><GO type="169" lobby="0"/><UN n0="%E3%82%A6%E3%83%AB%E3%83%88%E3%83%A9%E7%AB%8B%E7%9B%B4" n1="%E9%9A%A0%E5%9C%B0%E5%89%8D" n2="%67%75%73%68" n3="%41%52%49%41%4C%4F%56%45" dan="17,16,16,16" rate="2107.45,2097.87,2135.01,2067.36" sx="M,M,M,M"/><TAIKYOKU oya="0"/><INIT seed="0,0,0,4,1,22" ten="250,250,250,250" oya="0" hai0="127,125,13,72,85,14,124,32,120,96,112,119,18" hai1="11,66,68,28,131,84,134,78,101,86,109,43,48" hai2="45,115,67,25,94,69,89,23,91,82,16,41,39" hai3="111,106,35,50,116,130,51,123,19,132,135,98,57"/><T79/><D120/><U113/><E113/><V102/><F115/><W9/><G111/><T110/><D112/><U103/><E109/><V17/><F17/><W62/><G116/><T108/><D119/><U99/><E68/><V38/><F38/><W21/><G35/><T37/><D72/><U133/><E66/><V70/><F102/><N who="3" m="62807" /><G9/><N who="0" m="6447" /><D37/><U20/><E11/><V97/><REACH who="2" step="1"/><F67/><REACH who="2" ten="250,250,240,250" step="2"/><N who="3" m="39375" /><G123/><T31/><D110/><U27/><E103/><V64/><F64/><W4/><G4/><T63/><D108/><U40/><E101/><V73/><F73/><W100/><G100/><T74/><D74/><U80/><E133/><N who="3" m="51274" /><G130/><T129/><D129/><U92/><E131/><V36/><F36/><W95/><G95/><T104/><D125/><U1/><E134/><V6/><F6/><W81/><G81/><T88/><D127/><U49/><E80/><V87/><AGARI ba="0,1" hai="16,23,25,39,41,45,69,70,82,87,89,91,94,97" machi="87" ten="30,7900,0" yaku="1,1,0,1,52,1,54,1,53,0" doraHai="22" doraHaiUra="58" who="2" fromWho="2" sc="250,-39,250,-20,240,89,250,-20" /><INIT seed="1,0,0,1,5,94" ten="211,230,329,230" oya="1" hai0="18,93,131,114,75,127,99,0,4,9,45,135,46" hai1="112,6,128,53,37,20,88,119,95,25,17,32,103" hai2="96,71,105,14,109,117,69,90,7,121,84,12,36" hai3="68,33,129,40,26,28,5,38,50,24,44,30,92"/><U42/><E119/><V21/><F121/><W47/><G129/><T78/><D114/><U74/><E112/><V2/><F36/><W66/><G5/><T122/><D131/><U102/><E128/><V39/><F39/><W89/><G66/><T83/><D127/><U80/><E32/><V63/><F2/><W57/><G68/><T106/><D135/><U134/><E134/><V104/><F104/><W55/><G57/><T70/><D70/><U59/><E42/><V125/><F71/><W56/><G56/><T1/><D122/><U23/><E37/><V118/><F125/><W8/><G8/><T76/><D1/><U27/><E6/><V107/><F107/><W16/><G16/><T85/><D78/><U49/><E80/><V62/><F12/><W19/><G19/><T91/><D18/><N who="1" m="12439" /><E74/><V22/><F69/><W35/><G92/><T108/><D108/><U97/><AGARI ba="0,0" hai="17,23,27,49,53,59,88,95,97,102,103" m="12439" machi="97" ten="30,6000,0" yaku="8,1,52,1,54,1" doraHai="94" who="1" fromWho="1" sc="211,-20,230,60,329,-20,230,-20" /><INIT seed="1,1,0,2,5,32" ten="191,290,309,210" oya="1" hai0="5,43,55,101,54,109,87,11,7,1,57,35,89" hai1="24,45,28,34,120,36,69,123,122,79,61,125,104" hai2="60,68,108,52,19,6,110,64,4,124,16,41,2" hai3="74,56,73,132,46,91,105,111,49,78,131,8,112"/><U50/><E125/><V9/><F124/><W40/><G112/><T13/><D109/><N who="2" m="42090" /><F41/><W53/><G111/><T97/><D35/><U21/><E104/><V37/><F37/><W15/><G132/><T114/><D114/><U100/><E100/><V75/><F75/><W27/><G131/><T85/><D43/><U0/><E36/><V88/><F6/><W99/><G27/><T44/><D44/><U93/><E79/><V102/><F102/><W129/><G78/><T18/><D55/><U22/><E93/><V29/><F29/><W80/><G129/><T71/><D71/><U31/><E31/><V51/><F88/><W25/><G25/><T113/><D113/><U86/><E86/><V47/><AGARI ba="1,0" hai="2,4,9,16,19,47,51,52,60,64,68" m="42090" machi="47" ten="30,7900,0" yaku="14,1,52,1,54,2" doraHai="32" who="2" fromWho="2" sc="191,-21,290,-40,309,82,210,-21" /><INIT seed="2,0,0,4,0,98" ten="170,250,391,189" oya="2" hai0="71,124,28,37,125,87,70,19,57,32,111,107,65" hai1="61,84,118,103,41,95,5,99,15,29,114,33,92" hai2="128,100,113,78,55,86,1,112,130,94,43,127,122" hai3="110,105,97,11,45,67,77,76,131,108,53,26,8"/><V64/><F1/><W132/><G67/><T102/><D37/><U22/><E118/><V106/><F43/><W25/><G131/><N who="2" m="50217" /><F55/><W72/><G132/><T66/><D28/><U44/><E114/><V82/><F64/><W59/><G45/><T75/><D32/><U69/><E5/><V50/><F50/><W14/><G25/><T79/><D75/><U42/><E41/><V93/><F122/><W51/><G26/><T16/><D57/><U88/><E33/><V109/><F127/><W115/><G115/><N who="2" m="44105" /><F109/><N who="3" m="42091" /><G72/><T134/><D111/><U133/><E133/><V24/><F24/><W96/><G8/><T34/><D134/><U40/><E29/><V18/><F18/><W23/><G23/><T35/><D66/><U85/><E44/><V63/><F63/><W120/><G120/><T10/><D65/><U123/><E123/><V38/><F38/><W36/><G36/><T126/><D10/><U89/><E61/><V116/><F116/><W58/><G58/><T62/><D62/><U21/><E69/><V3/><F3/><W31/><G31/><T20/><D71/><U60/><E60/><V0/><F0/><W119/><G119/><T80/><D70/><U9/><E42/><V73/><F73/><W90/><G14/><N who="0" m="9239" /><D19/><N who="1" m="8687" /><E40/><V74/><F74/><W91/><G11/><T39/><D39/><U46/><E46/><V49/><F49/><W121/><G121/><T2/><D2/><U47/><E47/><V83/><F83/><AGARI ba="0,0" hai="21,22,83,84,85,88,89,92,95,99,103" m="8687" machi="83" ten="30,3900,0" yaku="8,1,52,1,54,1" doraHai="98" who="1" fromWho="2" sc="170,0,250,39,391,-39,189,0" /><INIT seed="3,0,0,2,0,75" ten="170,289,352,189" oya="3" hai0="111,31,13,24,35,133,132,14,60,38,62,74,107" hai1="7,11,45,118,117,46,100,79,102,92,88,89,76" hai2="109,113,63,56,90,68,85,99,98,66,57,97,2" hai3="27,3,36,33,48,91,58,112,29,71,130,32,21"/><W110/><G36/><T127/><D107/><U77/><E102/><V61/><F2/><W43/><G71/><T84/><D74/><U104/><E104/><V119/><F113/><W95/><G112/><T93/><D38/><U80/><E80/><V82/><F119/><N who="1" m="45577" /><E100/><V131/><F131/><W78/><G130/><T129/><D129/><U70/><E70/><V20/><F109/><W53/><G3/><T122/><D111/><U18/><E89/><V50/><F50/><W10/><G43/><T106/><D106/><U123/><E123/><V65/><F20/><W83/><G10/><T67/><D127/><U128/><E18/><V39/><F39/><W17/><G17/><T51/><D51/><U23/><E23/><V52/><F68/><W0/><G110/><T126/><D126/><U59/><E59/><V94/><REACH who="2" step="1"/><F66/><REACH who="2" ten="170,289,342,189" step="2"/><W86/><REACH who="3" step="1"/><G0/><REACH who="3" ten="170,289,342,179" step="2"/><T49/><D122/><U15/><E128/><V37/><F37/><W1/><G1/><T115/><D115/><U135/><E135/><V41/><F41/><W124/><G124/><T114/><D114/><U134/><E134/><V9/><F9/><W73/><AGARI ba="0,2" hai="21,27,29,32,33,48,53,58,73,78,83,86,91,95" machi="73" ten="20,7800,0" yaku="1,1,0,1,7,1,52,1,53,0" doraHai="75" doraHaiUra="34" who="3" fromWho="3" sc="170,-26,289,-26,342,-26,179,98" /><INIT seed="3,1,0,0,4,54" ten="144,263,316,277" oya="3" hai0="96,31,83,5,33,73,130,68,128,132,88,69,15" hai1="77,59,37,51,76,56,48,108,25,64,97,43,95" hai2="34,35,26,55,111,100,22,7,20,49,110,47,4" hai3="38,60,98,99,120,6,24,19,135,32,127,74,78"/><W67/><G120/><T107/><D15/><U8/><E37/><V2/><F100/><W27/><G38/><T10/><D10/><U30/><E108/><N who="2" m="41515" /><F20/><W89/><G135/><T50/><D5/><N who="2" m="2122" /><F2/><W109/><G109/><T117/><D50/><N who="1" m="18987" /><E8/><V70/><F70/><N who="0" m="27242" /><D88/><N who="1" m="55527" /><E43/><V58/><F47/><W106/><G6/><T123/><D123/><U122/><E64/><V86/><F86/><W29/><G67/><T57/><D117/><U124/><E124/><V36/><F36/><W112/><G127/><T75/><D132/><U0/><E0/><V79/><F79/><N who="1" m="30281" /><E122/><V11/><F11/><W94/><G78/><T28/><D83/><U105/><E105/><V131/><F131/><N who="0" m="50218" /><D107/><U84/><E84/><V42/><F42/><W41/><G106/><T66/><D96/><U92/><E92/><V80/><F80/><W116/><G94/><T134/><D134/><U103/><E103/><V82/><F82/><W61/><G116/><T40/><D40/><U39/><E39/><V126/><F126/><W87/><G41/><T104/><D104/><U129/><E129/><V52/><F55/><W46/><G87/><T16/><D75/><U72/><E72/><V1/><F1/><W91/><G74/><T45/><D73/><U113/><E113/><V115/><F115/><W23/><G112/><T101/><D101/><U21/><AGARI ba="1,0" hai="21,25,30,56,59" m="30281,55527,18987" machi="21" ten="30,7900,0" yaku="8,1,52,2,54,1" doraHai="54" who="1" fromWho="1" sc="144,-21,263,82,316,-21,277,-40" /><INIT seed="4,0,0,3,5,49" ten="123,345,295,237" oya="0" hai0="128,70,24,33,73,84,131,60,66,42,11,104,98" hai1="126,101,82,8,119,13,64,125,108,130,81,95,94" hai2="51,27,26,17,10,40,102,129,53,123,7,91,114" hai3="36,25,52,121,77,133,93,56,48,100,116,45,44"/><T127/><D73/><U50/><E119/><V132/><F123/><W69/><G69/><T0/><D84/><U20/><E64/><V43/><F114/><W4/><G116/><T80/><D80/><N who="1" m="30827" /><E108/><V54/><F102/><W3/><G133/><T28/><D42/><U9/><E101/><V59/><F132/><W76/><G36/><T88/><D127/><N who="1" m="48651" /><E50/><N who="2" m="31159" /><F91/><W65/><G121/><T105/><D88/><U16/><E130/><V110/><F129/><N who="0" m="49738" /><D98/><U113/><E113/><V63/><F63/><W31/><G100/><T71/><D71/><U6/><E9/><V29/><F7/><AGARI ba="0,0" hai="0,7,11,24,28,33,60,66,70,104,105" m="49738" machi="7" ten="30,2900,0" yaku="19,1,23,1" doraHai="49" who="0" fromWho="2" sc="123,29,345,0,295,-29,237,0" /><INIT seed="4,1,0,4,1,33" ten="152,345,266,237" oya="0" hai0="101,111,109,42,45,104,26,58,114,43,19,36,31" hai1="130,27,85,32,80,53,119,1,4,97,89,115,44" hai2="41,68,135,103,2,24,16,12,86,29,6,55,116" hai3="59,38,52,65,94,75,0,90,117,98,37,17,13"/><T60/><D114/><U40/><E119/><V76/><F68/><W48/><G117/><T61/><D101/><U15/><E1/><V79/><F116/><W122/><G0/><T128/><D104/><U118/><E118/><V23/><F41/><W34/><G34/><T87/><D128/><U131/><E53/><V9/><F135/><W11/><G75/><T133/><D133/><U74/><E74/><V28/><F103/><W25/><G122/><T22/><D43/><U3/><E3/><V126/><F126/><W123/><G123/><T124/><D124/><U110/><E110/><N who="0" m="41993" /><D87/><U50/><E115/><V91/><F55/><W10/><G25/><N who="0" m="14559" /><D58/><U5/><E97/><V69/><F69/><W18/><G65/><T78/><D78/><U95/><E27/><V47/><F47/><W77/><G77/><T62/><D62/><U66/><E32/><AGARI ba="1,0" hai="26,31,32,36,42,45,60,61" m="14559,41993" machi="32" ten="30,1500,0" yaku="10,1" doraHai="33" who="0" fromWho="1" sc="152,18,345,-18,266,0,237,0" /><INIT seed="4,2,0,1,5,39" ten="170,327,266,237" oya="0" hai0="90,126,108,101,37,104,61,19,55,8,102,98,31" hai1="133,22,41,74,88,11,0,114,110,116,23,121,29" hai2="32,99,76,4,14,135,3,77,111,43,105,5,45" hai3="72,81,6,134,60,28,118,125,115,131,75,119,21"/><T2/><D126/><U62/><E116/><V91/><F32/><W129/><G6/><T80/><D108/><U40/><E110/><V128/><F111/><W52/><G125/><T7/><D37/><U79/><E74/><N who="3" m="28202" /><G81/><T17/><D101/><U18/><E121/><V56/><F3/><W50/><G60/><T10/><D10/><U83/><E133/><V122/><F122/><W53/><G115/><T44/><D31/><U59/><E0/><V124/><F135/><W30/><G134/><T107/><D107/><U64/><E11/><V89/><F56/><N who="3" m="32791" /><G53/><T113/><D113/><U15/><E79/><V69/><F69/><W27/><G30/><T103/><D103/><U112/><E112/><V95/><F105/><W94/><G94/><T71/><D44/><U1/><E1/><V25/><F77/><W117/><G117/><T123/><D123/><U78/><E78/><V16/><F76/><W57/><G57/><T67/><REACH who="0" step="1"/><D55/><REACH who="0" ten="160,327,266,237" step="2"/><U54/><E54/><V70/><F124/><W63/><G118/><T87/><AGARI ba="2,1" hai="2,7,8,17,19,61,67,71,80,87,90,98,102,104" machi="87" ten="30,11700,0" yaku="1,1,2,1,0,1,53,1" doraHai="39" doraHaiUra="35" who="0" fromWho="0" sc="160,133,327,-41,266,-41,237,-41" /><INIT seed="4,3,0,2,0,127" ten="293,286,225,196" oya="0" hai0="55,108,126,113,29,134,16,133,89,4,94,54,20" hai1="96,3,114,105,15,129,9,64,63,49,6,21,12" hai2="97,112,99,14,102,23,31,128,104,95,83,46,58" hai3="123,10,115,75,111,39,68,87,100,135,11,18,106"/><T61/><D126/><U47/><E114/><V45/><F112/><W132/><G39/><T69/><D113/><U41/><E21/><V0/><F0/><W43/><G43/><T56/><D69/><U50/><E50/><V1/><F1/><W42/><G42/><T80/><D29/><U27/><E27/><V124/><F124/><W7/><G115/><T107/><D107/><U57/><REACH who="1" step="1"/><E129/><REACH who="1" ten="293,276,225,196" step="2"/><V25/><F128/><W32/><G32/><T116/><D20/><U66/><E66/><V90/><F23/><W72/><G10/><T36/><D36/><U67/><E67/><V81/><F25/><W60/><G11/><T34/><D34/><U85/><E85/><V76/><F31/><W13/><G87/><T98/><D133/><U91/><E91/><V52/><F14/><W22/><G135/><T71/><D89/><U53/><E53/><V65/><F65/><W93/><G132/><T78/><D55/><U62/><E62/><V51/><F83/><W26/><G60/><T122/><D54/><U40/><E40/><V130/><F130/><W38/><G38/><T125/><D61/><U82/><E82/><V86/><AGARI ba="3,1" hai="45,46,51,52,58,76,81,86,90,95,97,99,102,104" machi="86" ten="20,2700,0" yaku="0,1,7,1,54,1" doraHai="127" who="2" fromWho="2" sc="293,-16,276,-10,225,46,196,-10" /><INIT seed="5,0,0,1,4,3" ten="277,266,271,186" oya="1" hai0="73,116,101,38,31,27,14,54,107,17,108,83,76" hai1="12,19,22,71,97,81,122,13,105,86,133,10,35" hai2="117,70,110,37,48,62,15,89,2,94,130,87,72" hai3="52,113,104,25,128,85,28,96,80,66,112,126,61"/><U0/><E122/><V24/><F2/><W77/><G126/><T46/><D108/><U9/><E71/><V21/><F37/><W134/><G134/><T131/><D116/><U82/><E133/><V45/><F110/><W129/><G104/><T75/><D131/><N who="3" m="50249" /><G96/><T127/><D127/><U74/><E35/><V111/><F72/><W41/><G41/><T43/><D54/><U118/><E74/><V20/><F111/><W36/><G36/><T8/><D101/><U1/><E118/><V115/><F117/><W106/><G106/><T79/><D107/><U16/><E22/><V93/><F130/><W124/><G124/><T33/><D79/><U53/><E53/><V44/><F115/><N who="3" m="44107" /><G66/><T90/><D90/><U95/><E105/><V78/><F78/><W18/><G18/><T23/><REACH who="0" step="1"/><D75/><REACH who="0" ten="267,266,271,186" step="2"/><U125/><E125/><V39/><F89/><W92/><G52/><T4/><D4/><U40/><E40/><V5/><F5/><W88/><G77/><T84/><D84/><U123/><E123/><V7/><F7/><W63/><G92/><T99/><D99/><U67/><E67/><V57/><F87/><W119/><G119/><T47/><D47/><U29/><E86/><V68/><F94/><W98/><G98/><T58/><D58/><U34/><E97/><V6/><F93/><W121/><G121/><T100/><D100/><U65/><E65/><V69/><F44/><W51/><G51/><T32/><AGARI ba="0,1" hai="8,14,17,23,27,31,32,33,38,43,46,73,76,83" machi="32" ten="30,2000,0" yaku="1,1,0,1,53,0" doraHai="3" doraHaiUra="120" who="0" fromWho="0" sc="267,30,266,-10,271,-5,186,-5" /><INIT seed="6,0,0,1,4,41" ten="297,256,266,181" oya="2" hai0="63,39,48,100,124,76,54,20,75,15,35,1,69" hai1="110,116,130,22,27,131,32,4,28,89,98,16,126" hai2="93,61,99,103,68,96,34,26,118,52,73,43,105" hai3="120,19,112,23,80,119,11,38,77,122,95,58,29"/><V0/><F118/><W125/><G119/><T50/><D35/><U109/><E116/><V79/><F0/><W108/><G108/><N who="1" m="41578" /><E98/><V53/><F43/><W33/><G125/><T128/><D15/><N who="1" m="9503" /><E89/><N who="2" m="55343" /><F73/><W66/><G11/><T60/><D128/><N who="1" m="49195" /><E4/><V113/><F79/><W40/><G122/><T106/><D100/><U87/><E87/><V129/><F129/><W88/><G120/><T56/><D106/><U46/><E46/><V101/><F101/><W49/><G77/><T57/><D76/><U104/><E104/><V64/><F113/><W21/><G112/><T85/><D85/><U117/><E117/><V71/><F71/><W10/><G88/><T36/><D69/><U44/><E44/><V135/><F99/><W84/><G84/><T115/><D57/><U97/><E97/><V65/><F105/><W94/><G58/><T91/><D56/><U78/><E78/><V18/><F103/><W42/><G95/><T134/><D91/><U6/><E6/><V59/><F68/><W83/><G94/><T81/><D81/><U14/><E14/><V51/><F59/><W90/><G83/><T2/><D75/><U92/><E92/><V30/><F65/><W55/><G90/><T111/><D60/><U62/><E126/><V25/><F64/><W132/><G66/><T107/><D63/><AGARI ba="0,0" hai="27,28,32,62,63" m="49195,9503,41578" machi="63" ten="30,2000,0" yaku="19,1,54,1" doraHai="41" who="1" fromWho="0" sc="297,-20,256,20,266,0,181,0" /><INIT seed="7,0,0,5,1,2" ten="277,276,266,181" oya="3" hai0="94,88,5,61,102,119,31,127,39,36,54,117,91" hai1="14,51,9,1,18,71,68,65,121,44,74,107,90" hai2="33,4,16,42,30,122,87,21,23,69,41,86,3" hai3="131,76,60,130,97,10,49,98,84,0,52,47,53"/><W95/><G98/><T123/><D36/><U120/><E107/><V20/><F69/><W35/><G35/><T55/><D39/><U135/><E74/><V59/><F122/><W26/><G26/><T126/><D31/><U73/><E135/><V77/><F33/><W106/><G106/><T105/><D105/><U6/><E73/><V81/><F30/><W7/><G76/><T133/><D133/><U93/><E65/><V8/><F87/><W32/><G84/><T67/><D102/><U100/><E100/><V96/><F96/><W80/><G80/><T79/><D79/><U83/><E83/><V92/><F92/><W78/><G78/><T46/><D123/><U28/><E28/><V45/><F59/><W15/><G32/><T19/><D19/><U25/><E121/><V37/><REACH who="2" step="1"/><F41/><REACH who="2" ten="277,276,256,181" step="2"/><W66/><G53/><T72/><D55/><U109/><E120/><V40/><F40/><W38/><G38/><T11/><D54/><U134/><E134/><V108/><F108/><W17/><G97/><T113/><D94/><U43/><E109/><V29/><F29/><W124/><G95/><T13/><D117/><U27/><E68/><V103/><F103/><W85/><G85/><T132/><D119/><U34/><E71/><V62/><F62/><W12/><G124/><T70/><D126/><U50/><E34/><V110/><F110/><W63/><G63/><T58/><D61/><U22/><E50/><V48/><F48/><W82/><G82/><T57/><D127/><U118/><E118/><V125/><F125/><W24/><G60/><T111/><D111/><RYUUKYOKU ba="0,1" sc="277,-15,276,15,256,15,181,-15" hai1="1,6,9,14,18,22,25,27,43,44,51,90,93" hai2="3,4,8,16,20,21,23,37,42,45,77,81,86" /><INIT seed="8,1,1,3,3,34" ten="262,291,271,166" oya="0" hai0="43,6,21,123,55,48,5,46,79,65,126,85,40" hai1="26,119,32,33,7,111,53,131,108,19,96,129,36" hai2="47,120,20,86,13,8,59,109,84,134,61,102,93" hai3="52,25,67,94,23,77,81,132,38,11,127,92,112"/><T28/><D126/><U45/><E119/><V100/><F120/><W62/><G127/><T54/><D65/><U106/><E7/><N who="0" m="2569" /><D43/><N who="1" m="22759" /><E19/><V35/><F35/><N who="1" m="13385" /><E53/><V135/><F47/><W95/><G112/><T74/><D74/><U116/><E26/><V4/><F20/><W125/><G125/><T60/><D60/><U107/><E116/><V56/><F56/><W118/><G118/><T18/><D28/><U64/><E64/><N who="2" m="38975" /><F109/><N who="1" m="42057" /><E96/><N who="2" m="59407" /><F102/><W0/><G38/><T71/><D123/><U104/><AGARI ba="1,1" hai="104,106,107,129,131" m="42057,13385,22759" machi="104" ten="40,1500,0" yaku="23,1" doraHai="34" who="1" fromWho="1" sc="262,-8,291,28,271,-5,166,-5" owari="254,-15.0,319,42.0,266,7.0,161,-34.0" /></mjloggm>