<mjloggm ver="2.3"><GO type="41" lobby="0"/><UN n0="%6D%61%6B%6F%74%6F%31%34" n1="%E3%82%AF%E3%83%AD%E3%83%AD%E5%9B%A3%E9%95%B7" n2="%E5%B0%B1%E6%B4%BB%E7%94%9F%40%E5%B7%9D%E6%9D%91%E8%BB%8D%E5%9B%A3" n3="%E3%81%87%E3%82%8B%E3%81%87%E3%82%8B" dan="13,14,15,14" rate="1906.26,1898.85,2029.87,1961.83" sx="M,M,M,F"/><TAIKYOKU oya="0"/><INIT seed="0,0,0,3,1,11" ten="250,250,250,250" oya="0" hai0="19,25,4,74,26,55,93,50,85,20,130,70,18" hai1="32,10,101,28,23,38,103,29,100,63,119,97,95" hai2="5,132,122,88,113,110,102,3,7,56,124,79,33" hai3="121,46,9,108,109,22,37,112,71,111,14,77,73"/><T41/><D74/><U42/><E119/><V135/><F33/><W52/><G112/><T80/><D70/><U114/><E114/><V86/><F122/><W27/><G121/><T0/><D41/><U107/><E32/><V117/><F113/><W15/><G71/><T68/><D68/><U47/><E63/><V16/><F3/><W64/><G64/><T8/><D130/><U89/><E107/><V24/><F79/><W118/><G118/><T134/><D134/><N who="2" m="51242" /><F102/><W131/><G131/><T35/><D93/><U13/><REACH who="1" step="1"/><E23/><REACH who="1" ten="250,240,250,250" step="2"/><N who="2" m="13415" /><F117/><W49/><G9/><T87/><D35/><U82/><E82/><N who="2" m="49239" /><F124/><W115/><G115/><T43/><D80/><U129/><E129/><V127/><F127/><W40/><G73/><T2/><D2/><U1/><E1/><V59/><F110/><W133/><G133/><T53/><D0/><U30/><E30/><V126/><F126/><W65/><G111/><T123/><D123/><U67/><E67/><V72/><F72/><W57/><G65/><T62/><D8/><U90/><E90/><V61/><F59/><W99/><G108/><T98/><D62/><U84/><E84/><V58/><F56/><W106/><G109/><T125/><D125/><U76/><E76/><V69/><F69/><W39/><G77/><T60/><D60/><U128/><E128/><V6/><F58/><W66/><G66/><T81/><D81/><U83/><E83/><V75/><F61/><N who="3" m="36007" /><G106/><T36/><D87/><U44/><E44/><V96/><F75/><W34/><G34/><T12/><D85/><U21/><E21/><V116/><F116/><RYUUKYOKU ba="0,1" sc="250,-15,240,15,250,15,250,-15" hai1="10,13,28,29,38,42,47,89,95,97,100,101,103" hai2="5,6,7,96" /><INIT seed="1,1,1,5,3,46" ten="235,255,265,235" oya="1" hai0="80,25,85,99,130,63,13,58,121,0,69,9,91" hai1="6,30,72,5,4,114,108,68,107,88,66,22,118" hai2="79,50,64,100,59,93,2,119,76,134,112,67,26" hai3="54,21,86,81,60,128,82,70,120,122,8,115,89"/><U20/><E114/><V57/><F119/><W44/><G115/><T126/><D121/><U62/><E118/><V23/><F2/><W56/><G70/><T24/><D0/><U52/><E72/><V39/><F39/><W15/><G21/><T110/><D69/><U31/><E107/><V32/><F32/><W94/><G128/><T109/><D130/><U65/><E108/><V1/><F1/><W34/><G34/><T95/><D126/><U123/><E123/><V131/><F112/><W55/><G44/><T116/><D116/><U96/><E68/><V78/><F131/><W45/><G45/><T87/><D87/><U14/><E14/><V125/><F125/><W51/><G55/><T53/><D110/><U105/><E65/><N who="2" m="25163" /><F134/><W103/><G60/><T104/><D104/><U41/><E41/><V111/><F111/><W84/><G103/><T101/><REACH who="0" step="1"/><D109/><REACH who="0" ten="225,255,265,235" step="2"/><U124/><E105/><V74/><F74/><W113/><G113/><T16/><AGARI ba="1,2" hai="9,13,16,24,25,53,58,63,80,85,91,95,99,101" machi="16" ten="20,12000,2" yaku="1,1,2,1,0,1,7,1,8,1,54,1,53,1" doraHai="46" doraHaiUra="77" who="0" fromWho="0" sc="225,143,255,-61,265,-31,235,-31" /><INIT seed="2,0,0,3,4,83" ten="368,194,234,204" oya="2" hai0="49,118,79,30,68,75,6,34,117,58,121,77,135" hai1="115,87,72,13,36,31,105,93,122,82,132,0,19" hai2="99,15,91,1,107,59,102,85,80,46,28,17,38" hai3="4,65,94,131,16,109,55,7,120,33,67,23,95"/><V57/><F1/><W125/><G33/><T52/><D68/><U130/><E115/><V76/><F28/><W114/><G114/><T128/><D121/><U5/><E0/><V66/><F66/><W84/><G120/><T71/><D71/><U133/><E122/><V40/><REACH who="2" step="1"/><F76/><REACH who="2" ten="368,194,224,204" step="2"/><W108/><G67/><T110/><D30/><U96/><E31/><V88/><F88/><W43/><G65/><T47/><D34/><U35/><E35/><V112/><F112/><W129/><G129/><T103/><D128/><U37/><E130/><V32/><F32/><W126/><G131/><T98/><D79/><U50/><E72/><V56/><F56/><W51/><G126/><T18/><D77/><U41/><E133/><V90/><F90/><W24/><G125/><T45/><D135/><U62/><E132/><V123/><F123/><W25/><G109/><T11/><D75/><U3/><E3/><V73/><F73/><W53/><G108/><T100/><D110/><U116/><E116/><V70/><F70/><W60/><G60/><T127/><D127/><U97/><E62/><V69/><F69/><W29/><G29/><T21/><D118/><U86/><E36/><V124/><F124/><W64/><G64/><T22/><D117/><U10/><E37/><V26/><F26/><W39/><G25/><T113/><D113/><U8/><E13/><V42/><F42/><W106/><G24/><T9/><D58/><U74/><E41/><V44/><F44/><W111/><G43/><T89/><D47/><U81/><E74/><V48/><F48/><W63/><G51/><RYUUKYOKU ba="0,1" sc="368,-10,194,-10,224,30,204,-10" hai2="15,17,38,40,46,57,59,80,85,91,99,102,107" /><INIT seed="2,1,1,1,5,61" ten="358,184,254,194" oya="2" hai0="52,10,85,97,49,91,23,126,56,89,86,108,82" hai1="29,107,1,40,93,70,25,71,66,39,32,12,75" hai2="5,46,77,11,84,64,33,129,27,101,68,35,112" hai3="42,78,63,37,118,109,115,0,117,15,113,28,94"/><V24/><F112/><N who="3" m="43083" /><G0/><T8/><D126/><U55/><E107/><V21/><F129/><W60/><G109/><T4/><D108/><U67/><E1/><V57/><F68/><W125/><G125/><T102/><D4/><U123/><E75/><V127/><F127/><W14/><G78/><T83/><REACH who="0" step="1"/><D23/><REACH who="0" ten="348,184,254,194" step="2"/><U7/><E7/><V130/><F130/><W131/><G131/><T45/><D45/><U48/><E123/><V106/><F35/><W22/><G22/><T62/><D62/><U69/><E39/><V41/><F33/><W13/><G63/><T54/><D54/><U132/><E40/><V87/><F21/><W30/><G60/><T2/><D2/><U72/><E132/><V99/><F5/><W116/><G42/><T44/><D44/><U135/><E135/><V105/><F11/><W128/><G128/><T43/><D43/><U9/><E72/><V88/><F46/><W73/><G73/><T111/><D111/><U121/><E121/><V134/><F41/><W59/><G37/><T122/><D122/><U81/><E69/><V50/><F134/><W65/><G117/><T100/><D100/><U98/><E70/><V90/><F50/><W18/><G116/><T104/><AGARI ba="1,2" hai="8,10,49,52,56,82,83,85,86,89,91,97,102,104" machi="104" ten="20,8000,1" yaku="1,1,0,1,7,1,9,1,54,1,53,0" doraHai="61" doraHaiUra="124" who="0" fromWho="0" sc="348,103,184,-21,254,-41,194,-21" /><INIT seed="3,0,0,4,0,93" ten="451,163,213,173" oya="3" hai0="80,90,37,25,129,13,3,110,82,113,29,72,28" hai1="126,124,39,0,75,20,42,119,63,94,44,109,48" hai2="132,112,40,35,122,12,64,125,121,15,49,56,100" hai3="41,62,107,32,60,105,19,7,71,57,70,88,17"/><W27/><G7/><T73/><D3/><U23/><E109/><V51/><F35/><W47/><G32/><T68/><D68/><U127/><E119/><V78/><F112/><W84/><G71/><T16/><D37/><U2/><E75/><V31/><F31/><W133/><G133/><T115/><D110/><U111/><E111/><V95/><F78/><W116/><G116/><T97/><D129/><U24/><E39/><V5/><F5/><W58/><G70/><T22/><D29/><N who="1" m="17543" /><E63/><N who="2" m="37991" /><F125/><W50/><G107/><T45/><D45/><U4/><E4/><V101/><F132/><W76/><G76/><T91/><D73/><U21/><E94/><V52/><F49/><W123/><G105/><T128/><D128/><U38/><E38/><V130/><F40/><W8/><G8/><N who="0" m="6183" /><D72/><U6/><E6/><V67/><F67/><N who="3" m="39311" /><G27/><T104/><D90/><U69/><E69/><V83/><F130/><W11/><G11/><T120/><D120/><N who="2" m="46186" /><F83/><N who="3" m="49183" /><G123/><T59/><D104/><U46/><E2/><V81/><F81/><W102/><G102/><N who="2" m="39529" /><F95/><W61/><G61/><T43/><D115/><U87/><E0/><V96/><F96/><W114/><G114/><T10/><D113/><U106/><E106/><V98/><F98/><W14/><G14/><T74/><D82/><U89/><E46/><AGARI ba="0,0" hai="12,15,46,51,52" m="39529,46186,37991" machi="46" ten="30,2000,0" yaku="13,1,54,1" doraHai="93" who="2" fromWho="1" sc="451,0,163,-20,213,20,173,0" /><INIT seed="4,0,0,1,3,114" ten="451,143,233,173" oya="0" hai0="88,107,124,39,24,13,81,44,92,32,80,102,125" hai1="76,7,54,73,82,45,21,17,2,115,135,106,52" hai2="74,103,29,89,134,120,57,59,109,28,9,69,38" hai3="18,6,30,93,15,63,79,8,97,53,96,108,75"/><T119/><D107/><U133/><E115/><V4/><F69/><W46/><G108/><T36/><D102/><U42/><E106/><V19/><F38/><W0/><G30/><T72/><D13/><N who="1" m="9391" /><E7/><V41/><F74/><W122/><G122/><T65/><D65/><U60/><E2/><V31/><F109/><W87/><G75/><T85/><D32/><U3/><E60/><V47/><F120/><W95/><G79/><T113/><D113/><U50/><E3/><V98/><F134/><AGARI ba="0,0" hai="42,45,50,52,54,73,76,82,133,134,135" m="9391" machi="134" ten="30,2000,0" yaku="20,1,54,1" doraHai="114" who="1" fromWho="2" sc="451,0,143,20,233,-20,173,0" /><INIT seed="5,0,0,2,0,55" ten="451,163,213,173" oya="1" hai0="15,65,135,49,57,2,81,103,130,28,96,25,109" hai1="26,38,84,41,124,78,85,126,102,7,122,17,131" hai2="51,34,12,93,70,87,18,72,114,32,21,42,47" hai3="61,99,95,59,23,67,127,19,125,128,88,35,53"/><U108/><E122/><V20/><F72/><W31/><G128/><T89/><D2/><U5/><E131/><V76/><F70/><W107/><G107/><T29/><D130/><U121/><E121/><V86/><F114/><W40/><G40/><T133/><D15/><U43/><E108/><V68/><F68/><W97/><G35/><T98/><D109/><U117/><E117/><V110/><F110/><W30/><G99/><T10/><D10/><U92/><E38/><V82/><F34/><W54/><G54/><T101/><D101/><U50/><E26/><V9/><F32/><W45/><G45/><T56/><D56/><U119/><E17/><V105/><F105/><W74/><G74/><T52/><D65/><U115/><E115/><V106/><F106/><W3/><G3/><T91/><D29/><U80/><E119/><V48/><F48/><W36/><G36/><T8/><D8/><U6/><E50/><V94/><F87/><W83/><G83/><T16/><D28/><U112/><E112/><V132/><F132/><N who="0" m="50762" /><D81/><U44/><E44/><V60/><F60/><W104/><G104/><N who="0" m="63591" /><D98/><N who="1" m="59719" /><E85/><V71/><F71/><W69/><G31/><T64/><D64/><U100/><E100/><V1/><F1/><W62/><REACH who="3" step="1"/><G30/><REACH who="3" ten="451,163,213,163" step="2"/><T113/><D113/><U46/><E46/><V14/><F21/><AGARI ba="0,1" hai="16,21,25,49,52,57,89,91" m="63591,50762" machi="21" ten="30,7700,0" yaku="20,1,52,1,54,2" doraHai="55" who="0" fromWho="2" sc="451,87,163,0,213,-77,163,0" /><INIT seed="6,0,0,1,0,17" ten="538,163,136,163" oya="2" hai0="18,91,120,59,94,104,33,55,37,29,9,47,11" hai1="54,20,95,62,86,92,45,26,1,60,119,19,80" hai2="70,12,57,105,113,132,39,63,5,83,41,68,115" hai3="90,58,38,123,46,3,56,76,88,31,27,53,110"/><V40/><F105/><W49/><G3/><T64/><D104/><U87/><E1/><V135/><F5/><W121/><G110/><T126/><D33/><U82/><E119/><V81/><F12/><W125/><G125/><T101/><D29/><U43/><E43/><N who="2" m="16459" /><F39/><W25/><G76/><T0/><D120/><U129/><E129/><V42/><N who="2" m="16467" /><V66/><DORA hai="103" /><F83/><N who="1" m="31785" /><E45/><V114/><F81/><W116/><G38/><T124/><D37/><U67/><E67/><V117/><F117/><W99/><G116/><T93/><D64/><U79/><E79/><V100/><F100/><W4/><G4/><T22/><D47/><U97/><E54/><V72/><F72/><W10/><G10/><T2/><D2/><U78/><E78/><V73/><F73/><W108/><G108/><T65/><D65/><U74/><E74/><V85/><F85/><N who="1" m="32265" /><E92/><V98/><F98/><W122/><G99/><T134/><D93/><U107/><E107/><V8/><F8/><W106/><G106/><T130/><D94/><U50/><E50/><V52/><F70/><W32/><REACH who="3" step="1"/><G27/><REACH who="3" ten="538,163,136,153" step="2"/><T28/><D9/><U35/><E35/><V16/><F16/><W23/><G23/><T127/><D11/><U15/><E26/><V96/><F96/><W84/><G84/><T102/><D18/><U6/><E6/><V112/><N who="2" m="29184" /><DORA hai="48" /><V131/><F131/><W77/><G77/><T69/><D127/><U75/><E75/><V51/><AGARI ba="0,1" hai="51,52,57,63,66,68,132,135" m="29184,16467" machi="51" ten="70,12000,1" yaku="15,1,34,2,52,1,54,1" doraHai="17,103,48" who="2" fromWho="2" sc="538,-40,163,-40,136,130,153,-40" /><INIT seed="6,1,0,5,0,88" ten="498,123,266,113" oya="2" hai0="2,68,59,134,89,43,97,113,61,18,1,51,115" hai1="126,44,31,80,10,35,81,53,132,111,79,57,84" hai2="66,75,70,16,29,32,127,15,50,0,3,108,54" hai3="86,17,42,14,26,116,41,28,123,102,124,63,40"/><V95/><F75/><W114/><G123/><T106/><D134/><U13/><E111/><V36/><F36/><W133/><G116/><T52/><D68/><U73/><E132/><V71/><F32/><W105/><G133/><T85/><D18/><U27/><E126/><V19/><F29/><W93/><G105/><T103/><D43/><U45/><E81/><V129/><F108/><W117/><G117/><T128/><D128/><U65/><E65/><V34/><F34/><W5/><G124/><T107/><D107/><U131/><E131/><V30/><F30/><W101/><G5/><T9/><D51/><U58/><E73/><V4/><F127/><W98/><G114/><N who="0" m="43531" /><D9/><U48/><REACH who="1" step="1"/><E44/><REACH who="1" ten="498,113,266,113" step="2"/><N who="2" m="27975" /><F66/><W6/><G63/><T67/><D67/><U22/><E22/><V24/><F129/><W23/><G6/><AGARI ba="1,1" hai="6,10,13,27,31,35,45,48,53,57,58,79,80,84" machi="6" ten="30,2000,0" yaku="1,1,7,1,53,0" doraHai="88" doraHaiUra="60" who="1" fromWho="3" sc="498,0,113,33,266,0,113,-23" /><INIT seed="7,0,0,1,4,106" ten="498,146,266,90" oya="3" hai0="135,65,112,32,128,90,102,35,6,77,47,50,26" hai1="41,114,130,2,11,118,48,123,121,74,54,21,33" hai2="78,113,62,85,109,52,97,37,28,14,9,124,117" hai3="100,126,43,60,119,120,20,104,8,64,116,79,46"/><W7/><G120/><T4/><D102/><U12/><E33/><V0/><F0/><W75/><G126/><T134/><D65/><U24/><E130/><V94/><F37/><N who="3" m="21871" /><G20/><T93/><D77/><U129/><E74/><V29/><F109/><W108/><G108/><T69/><D69/><U115/><E2/><V67/><F117/><W36/><G36/><T16/><D128/><U51/><E118/><V86/><F113/><N who="1" m="43017" /><E41/><V55/><F124/><W101/><G101/><T96/><D112/><U68/><E68/><V103/><F67/><W82/><G64/><T5/><D16/><N who="1" m="12327" /><E129/><V83/><F86/><W70/><G70/><T132/><D26/><U57/><E51/><V131/><F131/><W87/><G60/><T127/><D127/><U15/><E15/><V19/><F62/><W122/><G87/><T80/><D80/><U63/><E63/><V92/><F92/><W10/><G122/><T133/><D133/><U23/><E23/><V111/><F111/><W84/><G84/><T66/><D66/><U34/><E34/><V125/><F125/><W22/><G22/><T44/><D44/><U17/><AGARI ba="0,0" hai="11,12,17,48,54,57,121,123" m="12327,43017" machi="17" ten="30,2000,0" yaku="15,1,54,1" doraHai="106" who="1" fromWho="1" sc="498,-5,146,20,266,-5,90,-10" owari="493,59.0,166,-23.0,261,6.0,80,-42.0" /></mjloggm>