<mjloggm ver="2.3"><GO type="169" lobby="0"/><UN n0="%E3%83%9C%E3%83%A4%E3%83%83%E3%82%AD%E3%83%BC" n1="%E3%82%A6%E3%83%AB%E3%83%88%E3%83%A9%E7%AB%8B%E7%9B%B4" n2="%E3%81%86%E3%81%A0%E3%81%A3%E3%81%B7" n3="%E3%81%84%E3%81%AC%E3%81%98%E3%82%83%E3%82%89%EF%BC%94" dan="16,17,16,19" rate="2080.15,2218.09,2161.95,2325.01" sx="M,M,M,M"/><TAIKYOKU oya="0"/><INIT seed="0,0,0,1,2,88" ten="250,250,250,250" oya="0" hai0="92,121,61,124,48,23,119,28,7,132,43,62,25" hai1="117,94,46,42,89,111,112,31,82,72,81,130,131" hai2="127,35,126,95,71,97,75,118,40,85,50,64,103" hai3="12,120,113,116,51,90,9,100,107,17,11,21,66"/><T114/><D121/><U67/><E117/><V20/><F35/><W36/><G36/><T70/><D119/><U29/><E67/><V104/><F118/><W49/><G113/><T2/><D114/><U39/><E111/><V83/><F71/><W73/><G73/><T1/><D124/><N who="2" m="47658" /><F64/><W106/><G116/><T16/><D132/><U33/><E112/><V27/><F75/><W115/><G115/><T74/><D74/><U128/><E33/><V24/><F104/><W55/><G66/><T56/><D70/><U99/><REACH who="1" step="1"/><E72/><REACH who="1" ten="250,240,250,250" step="2"/><V123/><F123/><W108/><G108/><T53/><D1/><U91/><E91/><V133/><F133/><W101/><G90/><T134/><D134/><U59/><E59/><V63/><F103/><W18/><G120/><T44/><D2/><U68/><E68/><V57/><F57/><W52/><G21/><T37/><D7/><U76/><E76/><V22/><F20/><W105/><G105/><T109/><D109/><U38/><E38/><V98/><F22/><W15/><AGARI ba="0,1" hai="9,11,12,15,17,18,49,51,52,55,100,101,106,107" machi="15" ten="25,6400,0" yaku="0,1,22,2,54,1" doraHai="88" who="3" fromWho="3" sc="250,-32,240,-16,250,-16,250,74" /><INIT seed="1,0,0,3,4,53" ten="218,224,234,324" oya="1" hai0="23,117,106,59,74,40,35,67,100,135,72,11,29" hai1="19,52,102,15,116,4,122,49,75,55,63,58,81" hai2="18,97,93,121,64,27,24,115,95,125,76,118,89" hai3="120,103,82,28,7,61,78,128,0,77,73,110,114"/><U47/><E122/><V79/><F121/><W46/><G120/><T98/><D135/><U8/><E116/><V91/><F125/><W112/><G110/><T26/><D117/><U51/><E102/><V60/><F118/><W34/><G128/><T132/><D132/><U57/><E75/><V32/><F115/><W30/><G103/><T50/><D11/><U99/><E81/><V85/><F32/><W133/><G133/><T45/><D35/><U94/><E94/><V16/><F27/><W90/><G78/><T69/><D69/><U44/><E99/><V127/><F127/><W131/><G131/><T2/><REACH who="0" step="1"/><D2/><REACH who="0" ten="208,224,234,324" step="2"/><U22/><E63/><AGARI ba="0,1" hai="23,26,29,40,45,50,59,63,67,72,74,98,100,106" machi="63" ten="40,5200,0" yaku="1,1,2,1,52,1,53,0" doraHai="53" doraHaiUra="48" who="0" fromWho="1" sc="208,62,224,-52,234,0,324,0" /><INIT seed="2,0,0,0,2,120" ten="270,172,234,324" oya="2" hai0="91,112,110,84,116,98,94,1,124,59,5,104,132" hai1="79,99,24,20,82,44,33,74,66,87,135,9,89" hai2="83,7,55,108,107,125,37,81,105,27,128,26,78" hai3="58,86,68,29,106,126,111,97,119,42,51,102,134"/><V46/><F125/><W49/><G68/><T127/><D112/><U129/><E33/><V130/><F7/><W100/><G119/><T64/><D116/><U71/><E129/><N who="2" m="49771" /><F81/><W15/><G126/><N who="0" m="48171" /><D132/><U35/><E35/><V90/><F90/><W95/><G134/><T41/><D41/><U77/><E135/><V28/><F108/><W21/><G42/><T31/><D31/><U54/><E66/><V88/><F37/><W121/><G121/><T123/><D123/><U40/><E71/><V133/><F133/><W8/><G111/><T32/><D32/><U36/><E74/><N who="2" m="43479" /><F88/><W75/><G75/><T3/><D110/><U57/><E99/><V38/><F38/><W73/><G73/><T80/><D5/><U61/><REACH who="1" step="1"/><E9/><REACH who="1" ten="270,162,234,324" step="2"/><V23/><F26/><W2/><G8/><T53/><D104/><U67/><E67/><V48/><AGARI ba="0,1" hai="23,27,28,46,48,55,105,107" m="43479,49771" machi="48" ten="30,1500,0" yaku="19,1" doraHai="120" who="2" fromWho="2" sc="270,-5,162,-5,234,25,324,-5" /><INIT seed="2,1,0,1,2,11" ten="265,157,259,319" oya="2" hai0="7,16,61,117,32,24,128,95,124,38,22,26,130" hai1="13,116,89,135,97,73,100,62,30,103,121,112,70" hai2="64,105,102,18,131,0,37,125,107,29,59,108,134" hai3="69,68,63,52,36,132,6,86,35,4,81,65,53"/><V133/><BYE who="1" /><F131/><N who="0" m="50218" /><D38/><UN n1="%E3%82%A6%E3%83%AB%E3%83%88%E3%83%A9%E7%AB%8B%E7%9B%B4" /><U90/><E121/><V51/><F37/><W8/><G69/><T54/><D117/><U21/><E116/><V23/><F125/><W46/><G35/><T42/><D42/><U71/><E73/><V85/><F0/><W12/><G132/><N who="2" m="50793" /><F29/><W115/><G115/><T113/><D113/><U79/><E112/><V118/><F118/><W110/><G110/><T123/><D123/><U82/><E135/><V129/><F129/><W114/><G4/><T58/><D124/><U48/><E30/><V72/><F72/><W104/><G104/><T56/><D7/><U27/><E27/><V78/><F102/><W127/><G114/><T87/><D58/><U93/><E103/><V10/><F10/><W43/><REACH who="3" step="1"/><G127/><REACH who="3" ten="265,157,259,309" step="2"/><T119/><D119/><U17/><E71/><V67/><F108/><W106/><G106/><T40/><D32/><U5/><E5/><V2/><F107/><W111/><G111/><T14/><D40/><U20/><E70/><V45/><F105/><W50/><G50/><T76/><D76/><AGARI ba="1,1" hai="6,8,12,36,43,46,52,53,63,65,68,76,81,86" machi="76" ten="30,7700,0" yaku="1,1,7,1,52,1,54,1,53,0" doraHai="11" doraHaiUra="34" who="3" fromWho="0" sc="265,-80,157,0,259,0,309,90" /><INIT seed="3,0,0,3,2,122" ten="185,157,259,399" oya="3" hai0="5,42,33,1,72,128,98,29,125,69,93,34,63" hai1="52,15,66,94,88,71,126,89,49,35,27,25,112" hai2="81,117,8,21,37,134,104,43,96,82,41,103,30" hai3="109,12,31,50,87,58,108,46,20,116,130,67,118"/><W19/><G130/><T32/><D128/><U4/><E112/><V132/><F117/><W10/><G87/><T57/><D69/><U107/><E107/><V54/><F8/><W115/><G115/><T24/><D72/><U123/><E123/><V80/><F54/><W48/><G31/><T85/><D125/><U92/><E126/><V28/><F37/><W100/><G100/><T14/><D42/><N who="2" m="15882" /><F21/><W90/><G90/><N who="1" m="34922" /><E66/><V74/><F74/><W16/><G67/><T7/><D85/><U18/><E4/><V55/><F55/><N who="3" m="30167" /><G48/><T113/><D113/><U62/><E62/><V106/><F106/><W135/><G58/><T124/><D124/><U77/><E77/><V121/><F121/><W133/><G118/><T23/><D14/><U22/><E35/><V6/><F6/><W17/><G116/><T83/><D83/><U101/><E71/><V0/><F0/><W2/><G2/><T11/><D5/><U76/><E76/><V9/><F9/><W73/><G73/><T127/><D127/><U68/><E68/><V119/><F119/><W84/><G84/><T70/><D70/><U105/><E105/><V65/><F65/><W111/><G19/><T36/><D36/><U86/><E86/><V13/><F13/><AGARI ba="0,0" hai="10,12,13,16,17,20,108,109,111,133,135" m="30167" machi="13" ten="40,18000,2" yaku="14,1,10,1,52,3,54,1" doraHai="122" who="3" fromWho="2" sc="185,0,157,0,259,-180,399,180" /><INIT seed="3,1,0,5,1,78" ten="185,157,79,579" oya="3" hai0="52,66,14,116,60,95,19,100,123,129,85,99,121" hai1="82,98,69,10,42,11,51,134,96,15,67,131,55" hai2="117,80,50,28,77,111,113,126,130,21,12,74,104" hai3="32,41,120,38,56,46,25,57,102,20,72,31,76"/><W17/><G120/><T93/><D116/><U13/><E131/><V8/><F117/><W40/><G40/><T27/><D129/><U5/><E134/><V87/><F130/><W35/><G102/><T91/><D27/><U135/><E135/><V0/><F0/><W1/><G1/><T112/><D112/><U101/><E42/><V89/><F113/><W30/><G30/><T127/><D127/><U118/><E118/><V59/><F126/><W37/><G37/><T110/><D110/><U36/><E36/><V125/><F125/><W133/><G133/><T16/><D19/><U68/><E67/><V115/><F115/><W132/><G132/><T47/><D66/><U81/><E69/><V63/><F111/><W54/><G54/><T71/><D71/><U39/><E68/><V84/><F104/><W53/><G53/><T90/><D100/><U29/><E29/><V22/><F50/><W108/><G35/><T26/><D26/><U124/><E39/><V75/><F75/><W97/><G97/><N who="1" m="37482" /><E101/><V64/><F28/><W18/><G108/><T73/><D73/><U109/><E109/><V128/><F128/><W23/><G32/><T119/><D119/><U114/><E114/><V65/><F65/><W3/><G3/><T106/><D106/><U94/><E94/><N who="2" m="54591" /><F74/><W6/><G31/><T45/><D123/><U103/><E103/><V122/><F122/><W79/><G72/><T49/><D121/><U2/><E124/><V61/><F61/><W88/><G38/><T7/><D60/><U92/><E2/><V44/><F44/><N who="0" m="16970" /><D7/><AGARI ba="1,0" hai="7,8,12,21,22,59,63,64,77,80,84" m="54591" machi="7" ten="30,2000,0" yaku="8,1,52,1" doraHai="78" who="2" fromWho="0" sc="185,-23,157,0,79,23,579,0" /><INIT seed="4,0,0,5,3,102" ten="162,157,102,579" oya="0" hai0="30,100,95,43,66,118,90,135,34,73,84,39,63" hai1="51,105,121,61,134,91,12,87,44,86,26,74,110" hai2="23,57,116,117,64,62,7,68,119,20,55,25,22" hai3="16,49,53,52,124,115,99,111,37,10,108,112,58"/><T83/><D118/><U9/><E74/><V129/><F7/><W2/><G37/><T11/><D135/><U113/><E110/><V33/><F33/><W125/><G99/><T96/><D11/><U85/><E121/><V107/><F129/><W69/><G69/><T24/><D39/><U15/><E134/><V40/><F40/><W60/><G16/><T65/><D43/><U132/><E105/><V122/><F122/><W19/><G19/><T77/><REACH who="0" step="1"/><D63/><REACH who="0" ten="152,157,102,579" step="2"/><U133/><E61/><N who="2" m="36031" /><F107/><AGARI ba="0,1" hai="24,30,34,65,66,73,77,83,84,90,95,96,100,107" machi="107" ten="30,18000,2" yaku="1,1,7,1,24,2,52,1,53,1" doraHai="102" doraHaiUra="79" who="0" fromWho="2" sc="152,190,157,0,102,-180,579,0" owari="342,14.0,157,-24.0,-78,-58.0,579,68.0" /></mjloggm>