<mjloggm ver="2.3"><GO type="41" lobby="0"/><UN n0="%E3%81%8E%E3%82%93%E3%81%84%E3%82%8D" n1="%E5%B0%B1%E6%B4%BB%E7%94%9F%40%E5%B7%9D%E6%9D%91%E8%BB%8D%E5%9B%A3" n2="%E3%83%90%E3%83%83%E3%82%BF%E7%8D%A3%E7%8E%8B%E4%BD%8D%E6%A3%AE%EF%BC%92" n3="%E6%B3%95%E6%94%BF%E5%A4%A7%E5%AD%A6%EF%BC%93%E5%B9%B4" dan="14,16,15,17" rate="1928.57,2063.23,1999.13,2221.85" sx="F,M,M,M"/><TAIKYOKU oya="0"/><INIT seed="0,0,0,0,5,20" ten="250,250,250,250" oya="0" hai0="55,62,131,91,77,44,3,76,73,61,98,74,33" hai1="10,121,110,135,18,8,133,49,81,106,101,86,54" hai2="41,16,123,97,130,128,12,64,7,56,35,1,31" hai3="117,14,6,26,11,53,112,0,24,88,75,37,119"/><T108/><D3/><U118/><E121/><V129/><F123/><W92/><G112/><T36/><D36/><U9/><E118/><V84/><F41/><W69/><G75/><T90/><D44/><U126/><E126/><V65/><F84/><W93/><G37/><T57/><D33/><U87/><E110/><V80/><F80/><W127/><G69/><T115/><D115/><U114/><E114/><V47/><F47/><W83/><G127/><T120/><D120/><U96/><E18/><V116/><F116/><W58/><G0/><T30/><D30/><U50/><E50/><V17/><F1/><W13/><G119/><T40/><D40/><U105/><E105/><V5/><F17/><W85/><G117/><T29/><D29/><U2/><E2/><V99/><F7/><W32/><G14/><T66/><D108/><U78/><REACH who="1" step="1"/><E87/><REACH who="1" ten="250,240,250,250" step="2"/><V34/><F5/><W4/><G4/><T38/><D38/><U82/><E82/><V60/><F64/><W15/><G32/><N who="2" m="12329" /><F31/><W122/><G122/><T51/><D51/><U68/><E68/><V28/><F28/><W113/><G113/><T103/><D66/><U104/><E104/><V19/><F19/><N who="3" m="8639" /><G83/><T43/><D73/><U70/><E70/><V107/><F107/><W102/><G93/><T79/><D74/><U25/><E25/><V39/><F39/><W132/><G24/><T72/><D72/><U134/><E134/><V27/><F27/><W42/><G26/><T67/><D62/><U22/><E22/><AGARI ba="0,1" hai="12,16,22,56,60,65,97,99,128,129,130" m="12329" machi="22" ten="40,2600,0" yaku="19,1,54,1" doraHai="20" who="2" fromWho="1" sc="250,0,240,-26,250,36,250,0" /><INIT seed="1,0,0,3,3,31" ten="250,214,286,250" oya="1" hai0="90,101,87,95,22,6,114,2,92,120,134,125,93" hai1="84,9,29,19,50,0,62,127,103,111,41,44,74" hai2="55,70,124,126,57,17,13,3,68,49,132,45,121" hai3="28,56,73,58,61,65,97,26,33,131,4,46,10"/><U71/><E74/><V25/><F121/><W86/><G73/><T96/><D120/><U100/><E127/><N who="2" m="48683" /><F3/><W20/><G131/><T75/><D75/><U89/><E111/><V110/><F132/><W35/><G46/><T69/><D69/><U66/><E29/><V1/><F1/><W72/><G72/><T37/><D37/><U39/><E39/><V113/><F110/><W129/><G129/><T47/><D125/><U78/><E78/><V32/><F25/><W91/><G58/><T40/><D134/><U98/><E98/><V88/><F32/><W43/><G43/><T108/><D108/><U118/><E118/><V128/><F128/><W133/><G97/><T123/><D123/><U117/><E117/><V67/><F88/><W12/><REACH who="3" step="1"/><G133/><REACH who="3" ten="250,214,286,240" step="2"/><T99/><D99/><U109/><E109/><V130/><F130/><W116/><G116/><T52/><D40/><U34/><E34/><V8/><F113/><W122/><G122/><T81/><D114/><U94/><REACH who="1" step="1"/><E19/><REACH who="1" ten="250,204,286,240" step="2"/><V59/><F17/><W76/><G76/><N who="0" m="46503" /><D96/><U51/><E51/><V16/><F16/><W119/><G119/><T15/><D101/><U54/><E54/><V85/><F55/><W102/><G102/><T38/><D38/><U60/><E60/><V106/><F49/><W82/><AGARI ba="0,2" hai="4,10,12,20,26,28,33,35,56,61,65,82,86,91" machi="82" ten="20,8000,1" yaku="1,1,0,1,7,1,52,2,53,0" doraHai="31" doraHaiUra="48" who="3" fromWho="3" sc="250,-20,204,-40,286,-20,240,100" /><INIT seed="2,0,0,4,4,101" ten="230,164,266,340" oya="2" hai0="17,54,67,60,50,83,56,75,120,88,93,43,11" hai1="28,132,1,7,64,6,23,124,117,72,30,37,125" hai2="95,29,33,9,91,16,96,109,52,122,35,79,27" hai3="38,22,105,12,73,107,69,90,119,87,61,26,106"/><V0/><F122/><W94/><G119/><T82/><D43/><U89/><E72/><V84/><F109/><W127/><G38/><T133/><D133/><U85/><E37/><V55/><F35/><W31/><G73/><T108/><D108/><U20/><E117/><V116/><F116/><W128/><G127/><N who="1" m="48714" /><E132/><V104/><F0/><W86/><G128/><T13/><D75/><U111/><E64/><V10/><F10/><W15/><REACH who="3" step="1"/><G87/><REACH who="3" ten="230,164,266,330" step="2"/><N who="0" m="52383" /><D120/><U78/><E111/><V65/><F65/><AGARI ba="0,1" hai="12,15,22,26,31,61,65,69,86,90,94,105,106,107" machi="65" ten="40,8000,1" yaku="1,1,52,3,53,1" doraHai="101" doraHaiUra="57" who="3" fromWho="2" sc="230,0,164,0,266,-80,330,90" /><INIT seed="3,0,0,0,3,120" ten="230,164,186,420" oya="3" hai0="62,82,8,21,111,92,20,40,19,32,135,14,72" hai1="46,55,123,7,2,114,110,51,84,45,25,96,104" hai2="107,37,83,38,58,95,100,85,106,28,29,86,33" hai3="94,73,112,30,121,24,41,118,115,17,70,23,0"/><W81/><G70/><T36/><D62/><U89/><E114/><V4/><F58/><W59/><G121/><T35/><D92/><U125/><E123/><V52/><F95/><W79/><G0/><T126/><D40/><U26/><E125/><V102/><F4/><W66/><G118/><T99/><D99/><U1/><E46/><V43/><F33/><W3/><G3/><T127/><D36/><U16/><E110/><V63/><F43/><W103/><G41/><T75/><D82/><U101/><E7/><V50/><F50/><W132/><G132/><T56/><D56/><U18/><E2/><V109/><F83/><W65/><G17/><T133/><D14/><U124/><E1/><V108/><F52/><W5/><G5/><T117/><D8/><U53/><E53/><V44/><F63/><N who="3" m="38143" /><G66/><T39/><D39/><U128/><E128/><V42/><F42/><W134/><G134/><T113/><D19/><U6/><E6/><V87/><F87/><W10/><G10/><T49/><D49/><U131/><E131/><V98/><F98/><AGARI ba="0,0" hai="23,24,30,73,79,81,94,98,103,112,115" m="38143" machi="98" ten="30,1500,0" yaku="25,1" doraHai="120" who="3" fromWho="2" sc="230,0,164,0,186,-15,420,15" /><INIT seed="3,1,0,0,4,125" ten="230,164,171,435" oya="3" hai0="8,52,109,75,13,95,42,114,50,10,74,116,69" hai1="55,82,68,118,102,88,63,39,79,62,71,33,59" hai2="135,47,83,129,130,113,58,26,31,133,45,72,110" hai3="86,34,1,61,40,87,122,53,51,57,21,100,7"/><W37/><G34/><T91/><D69/><U73/><E33/><V131/><F113/><W4/><G122/><T108/><D114/><U19/><E39/><V93/><F110/><W38/><G100/><T23/><D42/><U3/><E3/><V77/><F58/><W41/><G21/><T103/><D103/><U27/><E102/><V90/><F47/><N who="3" m="27903" /><G87/><T128/><D116/><U56/><E118/><V64/><F45/><W49/><G86/><T46/><D23/><U85/><E19/><V70/><F64/><N who="3" m="38959" /><G7/><T97/><D8/><U16/><E16/><V48/><F48/><W66/><G4/><T14/><D14/><U5/><E27/><V80/><F80/><W120/><G1/><T104/><D104/><U98/><E5/><V11/><F11/><W18/><G18/><T107/><D107/><U43/><E43/><N who="3" m="16458" /><G120/><T94/><D75/><U30/><E30/><V76/><F76/><W115/><G115/><T20/><D74/><U123/><E123/><V28/><F70/><W106/><G106/><T25/><D13/><U99/><E71/><V0/><F0/><W17/><G17/><T124/><D10/><U54/><REACH who="1" step="1"/><E68/><REACH who="1" ten="230,154,171,435" step="2"/><V22/><REACH who="2" step="1"/><F31/><REACH who="2" ten="230,154,161,435" step="2"/><W134/><G37/><T81/><D109/><U44/><E44/><V36/><F36/><W96/><G38/><T111/><D108/><U2/><E2/><V67/><F67/><W15/><G66/><T89/><D111/><U121/><E121/><V132/><F132/><W60/><G134/><T24/><D24/><U112/><E112/><V127/><F127/><W84/><G15/><T92/><D25/><RYUUKYOKU ba="1,2" sc="230,-15,154,15,161,15,435,-15" hai1="54,55,56,59,62,63,73,79,82,85,88,98,99" hai2="22,26,28,72,77,83,90,93,129,130,131,133,135" /><INIT seed="4,2,2,0,5,116" ten="215,169,176,420" oya="0" hai0="70,110,37,64,7,34,84,59,72,4,134,78,91" hai1="13,117,124,26,18,104,98,115,111,2,93,76,85" hai2="42,41,57,122,73,17,92,87,74,48,75,33,58" hai3="3,94,53,55,54,128,130,31,66,131,108,25,21"/><T106/><D70/><U11/><E111/><V39/><F33/><W49/><G108/><T67/><D110/><U90/><E117/><V100/><F39/><W24/><G3/><T9/><D37/><U89/><E115/><V62/><F100/><W29/><G66/><T69/><D69/><U60/><E124/><V133/><F133/><W68/><G68/><T43/><D43/><U16/><E2/><V118/><F118/><W20/><G94/><T107/><D34/><U97/><E104/><V83/><F92/><W81/><G81/><T45/><D45/><AGARI ba="2,2" hai="20,21,24,25,29,31,45,49,53,54,55,128,130,131" machi="45" ten="40,2600,0" yaku="9,1,19,1" doraHai="116" who="3" fromWho="0" sc="215,-32,169,0,176,0,420,52" /><INIT seed="5,0,0,4,0,92" ten="183,169,176,472" oya="1" hai0="121,51,32,129,116,27,123,49,134,1,59,104,131" hai1="16,106,112,47,46,63,2,6,97,28,13,95,71" hai2="70,98,88,96,93,30,3,79,53,105,85,11,107" hai3="67,115,122,34,25,22,50,17,18,37,76,4,94"/><U54/><E106/><V36/><F36/><W26/><G37/><T62/><D27/><U103/><E112/><V38/><F38/><W65/><G122/><N who="0" m="46603" /><D32/><U83/><E28/><V20/><F70/><W58/><G76/><T0/><D104/><U101/><E2/><V19/><F107/><W124/><G18/><T110/><D0/><U7/><E101/><V73/><F105/><W80/><G94/><T81/><D81/><U39/><E39/><V31/><F73/><W108/><G58/><T14/><D14/><U99/><E99/><N who="2" m="37931" /><F79/><W33/><G50/><N who="0" m="18955" /><D1/><U40/><E83/><V82/><F53/><W91/><G34/><T75/><D75/><U68/><E68/><V48/><F48/><W130/><G33/><T135/><D110/><U100/><E100/><V113/><F113/><W9/><G108/><T61/><D116/><U74/><E74/><V24/><F3/><W72/><G72/><T57/><D57/><N who="1" m="35255" /><E71/><V90/><F11/><W78/><G78/><T69/><D69/><U77/><E77/><V5/><F5/><N who="1" m="1545" /><E40/><V89/><F89/><W111/><G91/><T23/><D23/><AGARI ba="0,0" hai="13,16,23,46,47,95,97,103" m="1545,35255" machi="23" ten="30,5800,0" yaku="8,1,52,1,54,1" doraHai="92" who="1" fromWho="0" sc="183,-58,169,58,176,0,472,0" /><INIT seed="5,1,0,5,4,22" ten="125,227,176,472" oya="1" hai0="8,59,6,100,112,1,14,86,119,53,57,42,50" hai1="21,120,15,98,90,10,103,24,87,105,41,68,101" hai2="52,104,40,44,16,39,94,102,30,130,97,82,125" hai3="23,51,123,107,45,76,126,127,37,108,49,63,129"/><U46/><E120/><V133/><F133/><W80/><G123/><T62/><D119/><U106/><E68/><V4/><F130/><W109/><G107/><T110/><D110/><U93/><E103/><V2/><F125/><N who="3" m="47627" /><G129/><T128/><D128/><U113/><E113/><V79/><F30/><W118/><G118/><T65/><D112/><U54/><E54/><V27/><F4/><W32/><G32/><T60/><D100/><U131/><E131/><V72/><F2/><W78/><G63/><T58/><D1/><U0/><E0/><V77/><F77/><N who="3" m="29803" /><G80/><T25/><D60/><U89/><E89/><V29/><F29/><W43/><G23/><T121/><D121/><U61/><E61/><V47/><F104/><W34/><G34/><T35/><D35/><U19/><E106/><V135/><F135/><W28/><G28/><T116/><D116/><U69/><E69/><V84/><F72/><W111/><AGARI ba="1,0" hai="37,43,45,49,51,108,109,111" m="29803,47627" machi="111" ten="40,1500,0" yaku="18,1" doraHai="22" who="3" fromWho="3" sc="125,-5,227,-8,176,-5,472,18" /><INIT seed="6,0,0,0,4,105" ten="120,219,171,490" oya="2" hai0="78,127,30,62,47,10,124,77,108,25,134,104,90" hai1="61,85,135,130,27,123,34,15,88,23,8,35,112" hai2="118,72,9,66,96,50,22,92,94,60,19,128,55" hai3="99,91,37,58,119,48,24,46,59,5,17,68,111"/><V31/><F72/><W67/><G5/><T63/><D104/><U45/><E123/><V129/><F118/><W79/><G79/><T93/><D10/><U4/><E112/><V121/><F121/><W3/><G3/><T32/><D47/><U51/><E130/><V131/><F9/><W16/><G37/><T97/><D108/><U133/><E61/><V33/><F33/><W114/><G68/><T117/><D117/><U38/><E38/><V81/><F81/><W132/><G67/><T57/><D63/><U80/><E23/><V82/><F82/><W102/><G132/><N who="1" m="50762" /><E27/><V13/><F31/><W110/><G17/><T18/><D134/><U69/><E69/><V1/><F1/><W11/><G59/><T120/><D120/><U100/><E100/><V26/><F13/><W73/><G91/><T36/><D36/><U116/><E116/><V41/><F41/><AGARI ba="0,0" hai="4,8,15,34,35,41,45,51,80,85,88" m="50762" machi="41" ten="30,2000,0" yaku="20,1,54,1" doraHai="105" who="1" fromWho="2" sc="120,0,219,20,171,-20,490,0" /><INIT seed="7,0,0,2,0,78" ten="120,239,151,490" oya="3" hai0="69,54,132,87,39,75,121,59,99,77,32,35,86" hai1="120,10,57,36,112,47,96,91,100,82,1,67,133" hai2="68,85,27,21,89,106,118,98,13,111,31,110,22" hai3="48,95,44,41,12,14,2,79,61,104,64,127,74"/><W123/><G104/><T71/><D39/><U45/><E120/><V103/><F68/><W92/><G2/><T84/><D121/><U62/><E112/><V101/><F101/><W3/><G3/><T63/><D99/><U81/><E133/><V42/><F118/><W109/><G123/><T93/><D93/><N who="1" m="58383" /><E36/><V97/><F97/><W107/><G107/><T115/><D115/><U116/><E1/><V52/><F42/><W88/><G127/><T125/><D125/><U4/><E116/><V65/><F65/><W66/><G109/><T80/><REACH who="0" step="1"/><D132/><REACH who="0" ten="110,239,151,490" step="2"/><U56/><E4/><V0/><F98/><N who="3" m="57607" /><G95/><T122/><D122/><U40/><E10/><V128/><F106/><W9/><G74/><T126/><D126/><U129/><E129/><V76/><F103/><W28/><G9/><T18/><D18/><U17/><E17/><V46/><F128/><W23/><G28/><T19/><D19/><U131/><E131/><V53/><F110/><W5/><G5/><T94/><D94/><U20/><E20/><V119/><F111/><W16/><G79/><T83/><D83/><U33/><E81/><V8/><F76/><W24/><G61/><T124/><D124/><U55/><E62/><V49/><F119/><W6/><G6/><T51/><D51/><U29/><E33/><V58/><F31/><W135/><G135/><T102/><D102/><U30/><E29/><V37/><F27/><W114/><G114/><T11/><D11/><U90/><E30/><V34/><F34/><W130/><G130/><T60/><D60/><U50/><E50/><V26/><F37/><RYUUKYOKU ba="0,1" sc="110,15,239,-15,151,-15,490,15" hai0="32,35,54,59,63,69,71,75,77,80,84,86,87" hai3="12,14,16,23,24,41,44,48,64,66" owari="125,-37.0,224,2.0,136,-26.0,515,61.0" /></mjloggm>