<mjloggm ver="2.3"><GO type="97" lobby="0"/><UN n0="%E5%A4%A9%E6%89%8D%E3%82%A4%E3%83%99%E3%83%AA%E3%82%B3%E8%B1%9A" n1="%6F%75%74%72%61%69%6E" n2="%E5%B0%B1%E6%B4%BB%E7%94%9F%40%E5%B7%9D%E6%9D%91%E8%BB%8D%E5%9B%A3" n3="%E3%82%86%E3%81%B5%E3%81%89%EF%BD%9E%E3%82%8C" dan="15,15,14,16" rate="1965.01,1947.72,1988.73,1989.52" sx="F,M,M,M"/><TAIKYOKU oya="0"/><INIT seed="0,0,0,0,3,105" ten="250,250,250,250" oya="0" hai0="49,40,94,104,20,134,61,127,121,32,31,0,87" hai1="38,25,12,95,69,111,19,53,46,57,39,77,122" hai2="3,123,79,47,56,129,54,66,48,85,17,63,120" hai3="101,78,11,42,28,26,16,124,106,60,2,89,65"/><T8/><D104/><U45/><E122/><V109/><F3/><W51/><G124/><T4/><D127/><U96/><E69/><V112/><F112/><W52/><G78/><T43/><D121/><U50/><E111/><V58/><F109/><W73/><G73/><T108/><D108/><U74/><E39/><V18/><F129/><W7/><G42/><T27/><D134/><U132/><E132/><V102/><F102/><W75/><G75/><T21/><D61/><U13/><E12/><V76/><F120/><W10/><G89/><T133/><D133/><U135/><E25/><V93/><F123/><W68/><G10/><T62/><D62/><U117/><E38/><V34/><F34/><W84/><G84/><T82/><D94/><U128/><E128/><V64/><F64/><W90/><G90/><T115/><D115/><U35/><E35/><V125/><F125/><W30/><G101/><T59/><D59/><U113/><E117/><V41/><F79/><W6/><G7/><T5/><D5/><U107/><E107/><V81/><REACH who="2" step="1"/><F93/><REACH who="2" ten="250,250,240,250" step="2"/><W88/><G106/><T83/><D32/><U80/><E113/><V98/><F98/><W15/><G26/><T1/><D27/><U22/><E135/><V72/><F72/><W67/><G65/><T29/><D1/><U44/><REACH who="1" step="1"/><E45/><REACH who="1" ten="250,240,240,250" step="2"/><V119/><F119/><W55/><G68/><T116/><D116/><U23/><E23/><V91/><F91/><AGARI ba="0,2" hai="13,19,22,44,46,50,53,57,74,77,80,91,95,96" machi="91" ten="30,7700,0" yaku="1,1,7,1,52,1,53,1" doraHai="105" doraHaiUra="86" who="1" fromWho="2" sc="250,0,240,97,240,-77,250,0" /><INIT seed="1,0,0,1,1,38" ten="250,337,163,250" oya="1" hai0="3,88,118,28,1,134,45,85,37,53,79,81,94" hai1="60,21,13,18,34,86,2,101,25,56,114,103,119" hai2="46,71,116,15,12,70,32,27,59,62,110,6,91" hai3="115,113,78,107,5,43,57,73,109,100,108,35,121"/><U39/><E119/><V105/><F116/><W69/><G35/><T84/><D118/><U120/><E120/><V98/><F110/><N who="3" m="42603" /><G5/><T112/><D112/><N who="3" m="43081" /><G121/><T99/><D134/><U49/><E39/><V97/><F46/><W66/><G69/><T95/><D28/><U8/><E114/><V30/><F71/><W132/><G132/><T127/><D127/><U133/><E133/><V92/><F70/><W104/><G57/><T22/><D22/><U42/><E2/><V55/><F6/><W87/><G66/><T68/><D68/><U51/><E34/><V83/><F83/><N who="3" m="45519" /><G43/><T50/><REACH who="0" step="1"/><D37/><REACH who="0" ten="240,337,163,250" step="2"/><U89/><E21/><V111/><F111/><W54/><G54/><T20/><D20/><U96/><E42/><V131/><F131/><W11/><G11/><T123/><D123/><U128/><E128/><V29/><F29/><W102/><G87/><T72/><D72/><U129/><E86/><V31/><F31/><W36/><G36/><T63/><D63/><U82/><E60/><V80/><F80/><W48/><G48/><T122/><D122/><U61/><E82/><V16/><F16/><W93/><G93/><T106/><D106/><AGARI ba="0,1" hai="100,102,104,106,107" m="45519,43081,42603" machi="106" ten="40,5200,0" yaku="14,1,34,2" doraHai="38" who="3" fromWho="0" sc="240,-52,337,0,163,0,250,62" /><INIT seed="2,0,0,2,4,9" ten="188,337,163,312" oya="2" hai0="29,35,3,54,131,52,34,1,90,16,2,76,25" hai1="22,111,41,43,133,74,84,39,69,8,127,125,124" hai2="46,100,7,65,40,99,75,107,117,102,95,112,49" hai3="123,89,77,66,21,26,94,116,106,11,114,103,83"/><V63/><F112/><W44/><G114/><T5/><D131/><U85/><E74/><V4/><F117/><W31/><G123/><T15/><D76/><U71/><E22/><V42/><F75/><W113/><G113/><T130/><D130/><U121/><E121/><V93/><F42/><N who="1" m="15881" /><E39/><V86/><F107/><W115/><G66/><T118/><D118/><U126/><E126/><V48/><F48/><W24/><G44/><T14/><D90/><U80/><E133/><V82/><F95/><W128/><G128/><T87/><D87/><N who="1" m="33355" /><E8/><V38/><F38/><W98/><G11/><N who="0" m="4463" /><D52/><U64/><E64/><V96/><F96/><W20/><G115/><T45/><D54/><U12/><E80/><V0/><F102/><W59/><G59/><T60/><D45/><U134/><E134/><V68/><REACH who="2" step="1"/><F0/><REACH who="2" ten="188,337,153,312" step="2"/><W72/><G116/><T23/><D60/><U88/><E127/><V104/><F104/><W50/><G50/><T28/><D28/><U70/><E125/><V17/><F17/><W58/><G106/><T61/><D61/><U36/><E36/><V78/><AGARI ba="0,1" hai="4,7,40,46,49,63,65,68,78,82,86,93,99,100" machi="78" ten="20,3900,0" yaku="1,1,0,1,7,1,53,0" doraHai="9" doraHaiUra="135" who="2" fromWho="2" sc="188,-13,337,-13,153,49,312,-13" /><INIT seed="2,1,0,4,1,50" ten="175,324,202,299" oya="2" hai0="79,74,129,38,9,18,66,34,77,90,48,71,116" hai1="29,11,46,94,109,135,22,13,104,26,86,93,14" hai2="44,47,57,43,132,15,108,35,16,96,101,107,27" hai3="6,97,99,65,84,8,115,45,122,51,62,37,82"/><V72/><F72/><W124/><G37/><T111/><D38/><U88/><E104/><V49/><F132/><W131/><G131/><T85/><D116/><U123/><E135/><V1/><F1/><W91/><G124/><T121/><D121/><U42/><E123/><V78/><F108/><W24/><G24/><T73/><D129/><U118/><E118/><V133/><F78/><W53/><G115/><T87/><D111/><U33/><E33/><V68/><F68/><W76/><G122/><T119/><D34/><U81/><E109/><V5/><F133/><W60/><G76/><T0/><D119/><U102/><E102/><V19/><F57/><W28/><G28/><T36/><D36/><U75/><E75/><V106/><F106/><W52/><G53/><T120/><D120/><U128/><E128/><V2/><F2/><W130/><G62/><T113/><D113/><U54/><E42/><V95/><F107/><W80/><G80/><T3/><D66/><U40/><E40/><V41/><F35/><W59/><G130/><T117/><D71/><U126/><E126/><V31/><F5/><W83/><G82/><T25/><D117/><U63/><E63/><V55/><F15/><AGARI ba="1,0" hai="6,8,15,45,51,52,59,60,65,83,84,91,97,99" machi="15" ten="30,7700,0" yaku="7,1,8,1,52,1,54,1" doraHai="50" who="3" fromWho="2" sc="175,0,324,0,202,-80,299,80" /><INIT seed="3,0,0,5,0,103" ten="175,324,122,379" oya="3" hai0="54,45,83,23,133,56,32,22,12,78,75,69,20" hai1="0,114,26,129,16,58,122,88,107,130,132,98,124" hai2="1,112,100,134,70,4,105,31,121,63,85,113,53" hai3="38,51,34,15,46,57,52,94,76,3,17,111,2"/><W71/><G34/><T123/><D69/><U59/><E122/><V50/><F121/><W21/><G71/><T73/><D123/><U5/><E114/><V9/><F134/><W65/><G111/><T116/><D116/><U99/><E132/><V72/><F72/><W39/><G76/><T92/><D32/><U67/><E124/><V127/><F127/><W125/><G125/><T41/><D133/><U66/><E5/><V48/><F31/><W87/><G65/><T10/><D92/><N who="1" m="56583" /><E0/><N who="3" m="42" /><G46/><T36/><D73/><U128/><E66/><V115/><F85/><W109/><G109/><T35/><D35/><U29/><E29/><V95/><F95/><W8/><G8/><T131/><D131/><U28/><E67/><V102/><F102/><W47/><G47/><T106/><D106/><U79/><E79/><V90/><F90/><AGARI ba="0,0" hai="15,17,21,38,39,51,52,57,87,90,94" m="42" machi="90" ten="30,2900,0" yaku="25,1,54,1" doraHai="103" who="3" fromWho="2" sc="175,0,324,0,122,-29,379,29" owari="175,-22.0,324,12.0,93,-41.0,408,51.0" /></mjloggm>