<mjloggm ver="2.3"><GO type="41" lobby="0"/><UN n0="%E5%A4%A7%E9%83%BD%E4%BC%9A%E5%B2%A1%E5%B1%B1%E4%BB%A3%E8%A1%A8" n1="%E5%B0%B1%E6%B4%BB%E7%94%9F%40%E5%B7%9D%E6%9D%91%E8%BB%8D%E5%9B%A3" n2="%E3%81%8B%E3%82%82%E3%82%81%E3%81%A1%E3%82%83%E3%82%93" n3="%73%6F%6D%61%67%65%6F" dan="15,14,13,14" rate="2038.74,1954.89,1888.54,1935.47" sx="M,M,M,M"/><TAIKYOKU oya="0"/><INIT seed="0,0,0,3,1,32" ten="250,250,250,250" oya="0" hai0="83,3,113,102,90,115,133,124,135,111,46,57,85" hai1="71,52,73,61,6,95,31,1,26,21,62,56,0" hai2="33,60,58,121,105,125,44,49,18,91,42,109,129" hai3="94,66,43,35,10,89,132,106,45,63,54,110,130"/><T19/><D3/><U68/><E73/><V16/><F121/><W87/><G35/><T2/><D2/><U47/><E47/><V116/><F33/><W11/><G106/><T9/><D46/><U13/><E95/><V117/><F105/><W20/><G130/><T119/><D119/><N who="2" m="45642" /><F129/><W96/><G132/><N who="0" m="50763" /><D124/><U77/><E77/><V107/><F107/><W134/><G134/><T25/><D102/><U7/><E71/><V75/><F125/><W103/><G110/><T55/><D111/><U53/><E7/><V40/><F109/><W82/><G54/><T15/><D25/><U50/><E62/><AGARI ba="0,0" hai="9,15,19,55,57,62,83,85,90,113,115" m="50763" machi="62" ten="30,1500,0" yaku="20,1" doraHai="32" who="0" fromWho="1" sc="250,15,250,-15,250,0,250,0" /><INIT seed="0,1,0,4,1,81" ten="265,235,250,250" oya="0" hai0="41,124,114,127,131,29,84,53,18,13,117,34,25" hai1="28,59,26,51,9,105,99,24,104,101,122,115,120" hai2="62,42,90,121,21,35,77,66,91,118,72,0,63" hai3="68,44,27,50,1,87,92,73,113,133,64,88,11"/><T96/><D117/><U119/><E119/><V20/><F118/><W116/><G116/><RYUUKYOKU type="kaze4" ba="1,0" sc="265,0,235,0,250,0,250,0" /><INIT seed="0,2,0,1,4,17" ten="265,235,250,250" oya="0" hai0="40,96,54,22,52,70,26,63,14,55,9,35,84" hai1="105,42,111,29,33,93,110,128,83,100,90,94,119" hai2="61,97,133,39,76,45,80,44,50,65,74,30,2" hai3="25,71,101,99,86,77,122,126,20,81,124,62,135"/><T91/><D35/><U23/><E119/><V123/><F123/><W46/><G122/><T131/><D131/><U27/><E128/><V16/><F2/><W95/><G46/><T38/><D96/><U67/><E42/><V6/><F6/><W109/><G109/><N who="1" m="41482" /><E67/><V125/><F30/><W28/><G135/><T51/><D38/><U87/><E33/><V48/><F133/><W1/><G1/><T5/><D70/><U13/><E13/><V82/><F125/><W73/><G73/><T4/><D4/><U34/><E34/><V115/><F115/><W107/><G107/><T57/><D40/><U102/><E105/><V127/><F127/><W15/><G15/><T0/><D0/><U75/><E75/><V129/><F129/><W11/><G11/><T104/><D104/><U56/><E56/><V117/><F117/><W106/><REACH who="3" step="1"/><G106/><REACH who="3" ten="265,235,250,240" step="2"/><T89/><D51/><U92/><AGARI ba="2,1" hai="23,27,29,83,87,90,92,93,94,100,102" m="41482" machi="92" ten="30,2000,0" yaku="14,1,52,1" doraHai="17" who="1" fromWho="1" sc="265,-12,235,36,250,-7,240,-7" /><INIT seed="1,0,0,4,4,35" ten="253,271,243,233" oya="1" hai0="23,6,39,43,135,9,1,112,117,104,3,127,80" hai1="94,57,5,116,17,78,46,130,10,95,113,11,88" hai2="19,31,28,124,15,4,2,96,25,64,45,49,55" hai3="119,36,26,73,8,44,79,38,131,125,12,99,24"/><U122/><E122/><V16/><F64/><W110/><G119/><T82/><D104/><U68/><E68/><V102/><F124/><W106/><G125/><T14/><D127/><U83/><E116/><V7/><F31/><W47/><G131/><T100/><D117/><U129/><E113/><V84/><F84/><W34/><G34/><T63/><D112/><U60/><E46/><V74/><F74/><W50/><G110/><T134/><D100/><U101/><E101/><V105/><F2/><N who="0" m="522" /><D63/><U40/><E40/><V128/><F128/><N who="1" m="49257" /><E17/><V67/><F67/><W85/><G85/><T109/><D23/><U123/><E123/><V65/><F65/><W91/><G106/><T111/><D43/><U13/><E11/><V126/><F126/><W120/><G120/><T98/><D98/><U89/><E95/><V41/><F41/><W66/><G66/><T81/><D39/><U58/><E94/><N who="2" m="58647" /><F28/><W27/><G79/><T103/><D103/><U52/><E58/><V121/><F105/><W97/><G73/><AGARI ba="0,0" hai="5,10,13,52,57,60,73,78,83,88,89" m="49257" machi="73" ten="30,5800,0" yaku="19,1,54,2" doraHai="35" who="1" fromWho="3" sc="253,0,271,58,243,0,233,-58" /><INIT seed="1,1,0,1,0,101" ten="253,329,243,175" oya="1" hai0="18,23,14,65,47,24,85,124,26,61,70,3,92" hai1="10,122,62,28,68,113,108,64,48,87,106,135,100" hai2="19,83,99,1,8,31,130,81,58,84,12,107,86" hai3="39,112,46,125,116,37,16,30,129,95,90,73,71"/><U32/><E122/><V35/><F130/><W104/><G71/><T51/><D124/><U11/><E113/><V9/><F1/><W127/><G73/><T103/><D3/><U82/><E135/><V41/><F41/><W117/><G30/><T121/><D121/><U102/><E108/><V4/><F4/><W119/><G112/><T29/><D29/><U13/><E48/><V38/><F38/><W54/><G54/><T5/><D5/><U42/><E42/><V91/><F8/><W50/><G50/><T128/><D128/><U25/><E13/><V43/><F43/><W17/><G129/><T72/><D72/><U67/><E67/><V21/><F35/><W89/><G95/><T20/><D20/><U6/><E6/><V55/><F99/><W120/><G46/><T126/><D126/><N who="3" m="48137" /><G104/><T94/><D103/><U132/><E102/><V44/><F107/><W45/><G45/><T110/><D110/><U0/><E0/><V66/><F66/><W53/><G53/><T123/><D123/><U57/><E57/><V34/><F34/><W118/><N who="3" m="30208" /><DORA hai="79" /><W115/><G115/><T69/><D70/><U2/><E2/><V76/><F44/><W98/><G98/><T33/><D33/><U75/><E75/><V59/><F55/><W27/><G27/><AGARI ba="1,0" hai="9,12,19,21,27,31,58,59,76,81,83,84,86,91" machi="27" ten="40,5200,0" yaku="8,1,52,2" doraHai="101,79" who="2" fromWho="3" sc="253,0,329,0,243,55,175,-55" /><INIT seed="2,0,0,4,1,79" ten="253,329,298,120" oya="2" hai0="114,102,81,63,17,31,77,20,106,128,16,68,120" hai1="90,61,125,100,87,98,117,47,97,8,44,132,11" hai2="10,130,57,38,134,3,66,2,118,33,91,131,29" hai3="54,4,123,135,56,28,27,133,52,59,21,34,101"/><V30/><F38/><W94/><G123/><T22/><D120/><U69/><E117/><V39/><F39/><W50/><G4/><T35/><D114/><U43/><E132/><V45/><F134/><N who="3" m="51211" /><G101/><T40/><D40/><U18/><E125/><V70/><F118/><W129/><G94/><T85/><D128/><N who="2" m="49194" /><F70/><W13/><G13/><T72/><D72/><U23/><E61/><N who="2" m="38191" /><F91/><W127/><G127/><T92/><D106/><U6/><E69/><V76/><F76/><W37/><G37/><T48/><D68/><U15/><E43/><V115/><F45/><N who="1" m="17481" /><E100/><V74/><F74/><W71/><G71/><T110/><D102/><U103/><E103/><V65/><F65/><W116/><G129/><T108/><D77/><U62/><E62/><V12/><F115/><W7/><G7/><T26/><D63/><U49/><E49/><V93/><F93/><W84/><G84/><T64/><D92/><N who="1" m="54367" /><E6/><N who="2" m="3159" /><F33/><W1/><G1/><AGARI ba="0,0" hai="1,2,3,29,30" m="3159,38191,49194" machi="1" ten="30,1500,0" yaku="19,1" doraHai="79" who="2" fromWho="3" sc="253,0,329,0,298,15,120,-15" /><INIT seed="2,1,0,1,5,78" ten="253,329,313,105" oya="2" hai0="57,39,12,77,32,110,80,133,61,1,108,73,19" hai1="95,79,75,17,100,90,7,18,97,15,22,40,59" hai2="35,88,130,9,56,125,47,122,102,76,98,113,50" hai3="29,126,111,26,69,94,93,38,132,62,44,34,92"/><V67/><F122/><W119/><G119/><T63/><D133/><U105/><E7/><V13/><F113/><W60/><G132/><T31/><D1/><U124/><E124/><V49/><F35/><W106/><G106/><T10/><D39/><U54/><E40/><V46/><F125/><W8/><G126/><T114/><D114/><U116/><E116/><V83/><F130/><W55/><G111/><N who="0" m="42539" /><D57/><U134/><E134/><V3/><F3/><W127/><G127/><T14/><D14/><U87/><E18/><V71/><F71/><W42/><G69/><T117/><D117/><U25/><E79/><V101/><F67/><W24/><G55/><T23/><D32/><U4/><E75/><V27/><F27/><AGARI ba="1,0" hai="10,12,19,23,27,31,61,63,73,77,80" m="42539" machi="27" ten="30,2000,0" yaku="14,1,52,1" doraHai="78" who="0" fromWho="2" sc="253,23,329,0,313,-23,105,0" /><INIT seed="3,0,0,1,3,112" ten="276,329,290,105" oya="3" hai0="66,85,52,114,128,80,38,15,99,57,41,74,87" hai1="27,11,111,62,46,18,106,134,132,118,43,31,120" hai2="55,14,56,21,0,17,90,123,97,8,96,48,24" hai3="40,129,44,122,20,53,34,75,58,4,77,9,69"/><W50/><G34/><T25/><D114/><U60/><E106/><V28/><F123/><W37/><G122/><T102/><D128/><U64/><E120/><V119/><F0/><W91/><G91/><T116/><D74/><U125/><E125/><V23/><F119/><W67/><G20/><T49/><D116/><U113/><E113/><V109/><F109/><W92/><G92/><N who="0" m="58727" /><D38/><U88/><E118/><V51/><F51/><W105/><G105/><T72/><D72/><U3/><E111/><V127/><F127/><W103/><G103/><T5/><D41/><U131/><E131/><V104/><F104/><W68/><G129/><T13/><D25/><U78/><E78/><V10/><F96/><W39/><G39/><T73/><D73/><U2/><E88/><V76/><F76/><W100/><G100/><T42/><D42/><U101/><E101/><V6/><F6/><W82/><REACH who="3" step="1"/><G67/><REACH who="3" ten="276,329,290,95" step="2"/><T121/><D121/><U115/><E115/><V98/><F97/><W84/><G84/><T35/><D35/><U83/><E64/><V130/><F130/><W63/><G63/><T29/><D66/><U89/><E62/><V124/><F124/><W47/><G47/><T26/><D87/><U81/><E60/><V71/><F71/><W126/><G126/><T95/><D95/><AGARI ba="0,1" hai="8,10,14,17,21,23,24,28,48,55,56,90,95,98" machi="95" ten="40,1300,0" yaku="8,1" doraHai="112" who="2" fromWho="0" sc="276,-13,329,0,290,23,95,0" /><INIT seed="4,0,0,3,1,110" ten="263,329,313,95" oya="0" hai0="10,65,29,100,85,123,52,94,118,119,90,74,25" hai1="86,0,24,126,23,96,37,129,27,68,105,8,83" hai2="14,98,2,19,36,114,6,66,30,47,45,69,111" hai3="109,13,89,80,122,113,44,4,116,31,53,97,79"/><T135/><D123/><U115/><E68/><V18/><F111/><W21/><G109/><T43/><D135/><U61/><E37/><V120/><F120/><W130/><G122/><T5/><D65/><U49/><E61/><V1/><F30/><W72/><G116/><T104/><D43/><U46/><E126/><V62/><F1/><W77/><G77/><T102/><D74/><U91/><E129/><V133/><F133/><W7/><G130/><T39/><D39/><U28/><E24/><V51/><F2/><W124/><G124/><T92/><D104/><U95/><E105/><V93/><F36/><W22/><G22/><N who="0" m="15543" /><D118/><U78/><E0/><V35/><F35/><W128/><G128/><T50/><D119/><U76/><E8/><V33/><F33/><W101/><G89/><N who="0" m="53295" /><D10/><U40/><REACH who="1" step="1"/><E115/><REACH who="1" ten="263,319,313,95" step="2"/><V75/><F114/><W3/><G113/><T131/><D131/><U32/><E32/><V60/><F60/><W70/><G3/><T103/><D5/><U12/><E12/><V67/><F66/><W42/><G70/><T132/><D132/><U107/><E107/><V11/><F75/><W63/><G63/><T54/><D50/><U57/><E57/><V20/><F20/><W55/><G7/><T87/><AGARI ba="0,1" hai="52,54,87,90,94,100,102,103" m="53295,15543" machi="87" ten="30,3000,0" yaku="8,1,54,1" doraHai="110" who="0" fromWho="0" sc="263,40,319,-10,313,-10,95,-10" /><INIT seed="4,1,0,2,4,111" ten="303,309,303,85" oya="0" hai0="55,17,135,29,108,57,32,124,120,116,75,2,40" hai1="60,131,44,114,7,109,101,67,80,72,98,95,130" hai2="21,66,107,103,104,31,19,20,26,94,112,74,85" hai3="8,76,59,6,132,33,126,113,38,11,42,84,35"/><T79/><D120/><U87/><E109/><V27/><F74/><W110/><G110/><T22/><D108/><U4/><E72/><V63/><F85/><W9/><G6/><T14/><D116/><U88/><E44/><V50/><F50/><W34/><G126/><T73/><D124/><U91/><E114/><V71/><F112/><W12/><G12/><T82/><D135/><U117/><E117/><V99/><AGARI ba="1,0" hai="19,20,21,26,27,31,63,66,71,94,99,103,104,107" machi="99" ten="30,1100,0" yaku="0,1" doraHai="111" who="2" fromWho="2" sc="303,-6,309,-4,303,14,85,-4" /><INIT seed="5,0,0,0,3,98" ten="297,305,317,81" oya="1" hai0="83,63,40,112,57,85,67,64,17,4,61,134,118" hai1="130,127,114,76,89,69,99,88,104,66,108,58,47" hai2="62,24,87,105,126,124,106,77,117,27,133,135,26" hai3="18,79,37,94,119,120,65,32,29,92,14,86,13"/><U113/><E69/><V23/><F117/><W101/><G37/><T5/><D112/><N who="1" m="43115" /><E108/><V115/><F115/><W22/><G120/><T39/><D118/><U93/><E127/><N who="2" m="48683" /><F23/><W0/><G0/><T68/><D134/><N who="2" m="51210" /><F62/><W36/><G36/><T49/><D39/><U96/><E130/><V48/><F48/><W82/><G119/><T51/><D17/><U75/><E47/><V132/><N who="2" m="51218" /><V42/><DORA hai="84" /><F42/><W100/><G65/><N who="0" m="25163" /><D68/><U21/><E21/><V28/><F28/><W81/><G32/><T95/><D63/><N who="1" m="38263" /><E104/><N who="2" m="40043" /><F87/><N who="3" m="48575" /><G29/><T35/><D35/><U72/><E76/><AGARI ba="0,0" hai="24,26,27,76,77" m="40043,51218,48683" machi="76" ten="50,8000,1" yaku="28,2,18,1,20,1" doraHai="98,84" who="2" fromWho="1" sc="297,0,305,-80,317,80,81,0" /><INIT seed="6,0,0,2,0,30" ten="297,225,397,81" oya="2" hai0="92,70,64,18,1,90,94,80,84,117,93,101,122" hai1="134,114,107,42,109,17,91,111,36,83,49,55,86" hai2="88,66,56,129,13,16,27,127,63,97,21,104,89" hai3="59,48,12,24,2,51,62,115,60,40,52,132,75"/><V19/><F127/><W5/><G2/><T9/><D122/><U29/><E107/><V43/><F129/><W50/><G75/><T130/><D130/><U128/><E128/><V39/><F39/><W14/><G132/><T95/><D117/><U96/><E134/><V35/><F43/><W74/><G74/><T118/><D118/><U15/><E114/><V124/><F124/><W3/><G3/><T41/><D41/><U25/><E96/><V72/><F72/><W82/><G115/><T53/><D53/><U37/><E42/><V126/><F126/><W45/><G62/><T106/><D106/><U31/><E31/><V26/><F26/><W121/><G121/><T103/><D70/><U99/><E99/><V34/><F104/><W23/><G82/><T87/><D64/><U69/><E69/><V110/><F110/><W67/><G5/><T85/><D1/><U65/><E65/><V47/><F47/><W7/><G7/><T123/><D123/><U77/><E37/><V6/><F6/><W105/><G105/><T73/><D9/><U32/><E36/><V76/><F76/><W135/><G135/><T28/><D18/><U8/><REACH who="1" step="1"/><E77/><REACH who="1" ten="297,215,397,81" step="2"/><V20/><REACH who="2" step="1"/><F97/><REACH who="2" ten="297,215,387,81" step="2"/><W61/><G14/><T119/><D119/><U78/><E78/><V0/><F0/><W38/><G12/><T57/><D103/><U81/><E81/><V33/><AGARI ba="0,2" hai="13,16,19,20,21,27,33,34,35,56,63,66,88,89" machi="33" ten="30,18000,2" yaku="1,1,0,1,52,3,54,2,53,0" doraHai="30" doraHaiUra="116" who="2" fromWho="2" sc="297,-60,215,-60,387,200,81,-60" /><INIT seed="6,1,0,0,2,51" ten="237,155,587,21" oya="2" hai0="134,8,81,102,18,113,2,132,128,6,43,89,3" hai1="116,92,50,19,21,60,118,34,69,130,97,70,0" hai2="71,42,135,40,120,108,24,39,37,86,117,38,121" hai3="114,57,133,48,65,96,82,105,111,99,122,33,91"/><V83/><F117/><W93/><G122/><T115/><D128/><U59/><E34/><V22/><F71/><W10/><G33/><T1/><D102/><U73/><E0/><N who="0" m="105" /><D43/><U87/><E73/><V78/><F135/><N who="0" m="51754" /><D18/><U131/><E50/><V28/><REACH who="2" step="1"/><F108/><REACH who="2" ten="237,155,577,21" step="2"/><W126/><G111/><T13/><D113/><U14/><E118/><V52/><F52/><N who="3" m="31879" /><G133/><T127/><D115/><U119/><E116/><V30/><F30/><W106/><G114/><T62/><D127/><U123/><E119/><V53/><F53/><W85/><G126/><T17/><D62/><U101/><E70/><V58/><F58/><W104/><G106/><T80/><D89/><U103/><E69/><V29/><F29/><W35/><G105/><T36/><D36/><U110/><E110/><V44/><F44/><W124/><G104/><T31/><D31/><U55/><E130/><V72/><F72/><W90/><G35/><T7/><D7/><U63/><E131/><V11/><F11/><AGARI ba="1,1" hai="3,6,8,11,13,17,80,81" m="51754,105" machi="11" ten="30,1000,0" yaku="20,1" doraHai="51" who="0" fromWho="2" sc="237,23,155,0,577,-13,21,0" /><INIT seed="7,0,0,5,3,69" ten="260,155,564,21" oya="3" hai0="95,71,58,21,104,1,63,91,109,76,23,41,38" hai1="4,97,117,81,57,20,105,74,94,125,39,82,17" hai2="87,100,68,15,78,66,2,7,133,26,111,106,62" hai3="127,33,110,83,47,96,42,124,126,22,31,77,98"/><W86/><G33/><T6/><D104/><U5/><E117/><V16/><F111/><W84/><G110/><T79/><D71/><U8/><E39/><V13/><F133/><W103/><G31/><T45/><D6/><N who="1" m="2667" /><E74/><V107/><F2/><W55/><G55/><T131/><D1/><U30/><E105/><V123/><F123/><W3/><G3/><T134/><D134/><U128/><E125/><V28/><F7/><W72/><G22/><T90/><D90/><N who="1" m="55511" /><E128/><V43/><F43/><W11/><G11/><T54/><D131/><U53/><E30/><V135/><F135/><W108/><G108/><T44/><D41/><U132/><E132/><V19/><F78/><N who="0" m="29738" /><D38/><U60/><E8/><V116/><F87/><W18/><G18/><T12/><D109/><U114/><E114/><V48/><F48/><W27/><G27/><AGARI ba="0,0" hai="17,20,27,53,57,60,81,82" m="55511,2667" machi="27" ten="30,2000,0" yaku="25,1,8,1" doraHai="69" who="1" fromWho="3" sc="260,0,155,20,564,0,21,-20" owari="260,6.0,175,-22.0,564,66.0,1,-50.0" /></mjloggm>