<mjloggm ver="2.3"><GO type="169" lobby="0"/><UN n0="%E3%82%A6%E3%83%AB%E3%83%88%E3%83%A9%E7%AB%8B%E7%9B%B4" n1="%E3%81%8D%E3%81%BE%E3%81%99" n2="%62%75%74%69%74%61%6D%61" n3="%E3%81%BE%E3%82%8B%E3%81%99%E3%81%91" dan="18,17,17,17" rate="2210.93,2161.53,2145.08,2165.68" sx="M,M,M,M"/><TAIKYOKU oya="0"/><INIT seed="0,0,0,2,0,96" ten="250,250,250,250" oya="0" hai0="45,89,44,29,33,48,75,63,112,26,3,70,28" hai1="77,92,61,111,30,55,68,18,134,38,100,35,83" hai2="24,98,78,113,1,53,8,15,95,9,129,21,60" hai3="66,101,126,114,58,52,119,125,102,132,7,12,34"/><T80/><D112/><U69/><E38/><V88/><F113/><W99/><G114/><T130/><D3/><U23/><E111/><V32/><F129/><W5/><G119/><T64/><D130/><U39/><E39/><V135/><F135/><W120/><G132/><T27/><D48/><U73/><E134/><V2/><F32/><W74/><G120/><T51/><D51/><U57/><E30/><V104/><F78/><W56/><G74/><T110/><D110/><U124/><E35/><V105/><F2/><W76/><G76/><T49/><D49/><U107/><E107/><V106/><F1/><W82/><G99/><T117/><D117/><U14/><REACH who="1" step="1"/><E124/><REACH who="1" ten="250,240,250,250" step="2"/><N who="3" m="47722" /><G34/><T91/><D44/><U72/><E72/><V65/><F105/><W42/><G42/><T86/><D45/><U131/><E131/><V17/><F104/><W11/><G82/><T79/><D75/><U59/><E59/><N who="2" m="34927" /><F106/><W93/><G58/><T128/><D128/><U121/><E121/><V37/><F37/><W94/><G66/><T13/><D33/><U115/><E115/><V103/><F65/><W109/><G109/><T10/><D29/><U31/><E31/><N who="2" m="17807" /><F8/><N who="3" m="4111" /><G94/><T81/><D28/><U87/><E87/><V122/><F122/><W84/><G93/><T20/><D20/><U127/><E127/><V67/><F67/><W6/><G84/><T118/><D118/><U22/><E22/><V54/><F54/><W116/><G116/><T0/><D86/><U41/><E41/><V16/><F17/><W19/><G19/><T90/><D64/><U36/><E36/><V133/><F133/><RYUUKYOKU ba="0,1" sc="250,-15,240,15,250,15,250,-15" hai1="14,18,23,55,57,61,68,69,73,77,83,92,100" hai2="9,15,16,88,95,98,103" /><INIT seed="1,1,1,5,1,53" ten="235,255,265,235" oya="1" hai0="9,50,82,96,61,107,118,54,93,59,78,42,127" hai1="32,66,80,112,121,1,134,64,17,6,113,44,18" hai2="3,130,46,132,79,86,90,13,125,119,97,104,76" hai3="123,52,108,89,135,5,0,124,117,63,133,105,77"/><U2/><E121/><V40/><F3/><W16/><G123/><T83/><D107/><U88/><E32/><V116/><F132/><N who="3" m="50763" /><G108/><T131/><D118/><U8/><E2/><V11/><F125/><W102/><G124/><T122/><D127/><U39/><E134/><V26/><F130/><W81/><G117/><T38/><D131/><U129/><E129/><V75/><F26/><W51/><G63/><T114/><D114/><U62/><E66/><V110/><F110/><W73/><G89/><T30/><D38/><U37/><E37/><V22/><F22/><W29/><G29/><T71/><D30/><U126/><E126/><V67/><F67/><W72/><G72/><T70/><D122/><U41/><E113/><V101/><F75/><W92/><G105/><T94/><D94/><U85/><REACH who="1" step="1"/><E112/><REACH who="1" ten="235,245,265,235" step="2"/><V4/><F119/><W65/><G65/><N who="0" m="39103" /><D71/><AGARI ba="1,2" hai="1,6,8,17,18,39,41,44,62,64,71,80,85,88" machi="71" ten="30,11600,0" yaku="1,1,7,1,54,1,53,1" doraHai="53" doraHaiUra="84" who="1" fromWho="0" sc="235,-119,245,139,265,0,235,0" /><INIT seed="1,2,0,2,0,57" ten="116,384,265,235" oya="1" hai0="43,85,0,41,81,93,95,118,130,114,32,82,121" hai1="123,127,96,110,12,6,35,34,88,56,55,126,77" hai2="27,89,72,38,104,11,76,24,98,48,16,62,39" hai3="37,54,131,49,99,84,116,125,63,36,113,18,78"/><U86/><E123/><V15/><F48/><W31/><G113/><T23/><D32/><U124/><E77/><V107/><F39/><W105/><G31/><T30/><D0/><U14/><E96/><V66/><F38/><W33/><G33/><N who="1" m="12298" /><E6/><V2/><F2/><W52/><G131/><T133/><D118/><U128/><E128/><V60/><F104/><W67/><G116/><T87/><D114/><U119/><E110/><V83/><F60/><W111/><G125/><T28/><D130/><U51/><E119/><V74/><F74/><W70/><G111/><T135/><REACH who="0" step="1"/><D23/><REACH who="0" ten="106,384,265,235" step="2"/><U53/><E53/><V59/><REACH who="2" step="1"/><F89/><REACH who="2" ten="106,384,255,235" step="2"/><W129/><G129/><T73/><D73/><U61/><E51/><V75/><F75/><W29/><G49/><T22/><D22/><U117/><E117/><V58/><F58/><W108/><G108/><T44/><D44/><U100/><E100/><AGARI ba="2,2" hai="11,15,16,24,27,59,62,66,72,76,83,98,100,107" machi="100" ten="40,5200,0" yaku="1,1,52,1,54,1,53,0" doraHai="57" doraHaiUra="91" who="2" fromWho="1" sc="106,0,384,-58,255,78,235,0" /><INIT seed="2,0,0,4,1,116" ten="106,326,333,235" oya="2" hai0="133,2,110,54,46,52,127,88,7,50,102,114,76" hai1="109,59,89,26,81,107,42,58,9,118,3,72,113" hai2="22,92,44,93,1,66,135,124,60,79,17,34,35" hai3="129,70,91,103,12,71,38,6,69,78,23,130,82"/><V77/><F1/><W15/><G38/><T36/><D114/><U39/><E109/><V57/><F135/><W100/><G91/><T41/><D133/><U105/><E118/><V85/><F124/><W32/><G32/><T62/><D110/><U16/><E113/><V65/><F65/><W11/><G23/><T64/><D127/><U131/><E131/><N who="3" m="50186" /><G15/><T67/><D76/><U45/><E58/><V37/><F35/><W20/><G20/><T8/><D102/><U21/><E59/><V83/><F34/><W112/><G112/><T86/><D36/><U31/><E89/><V104/><F104/><W33/><G33/><T18/><D18/><U10/><E10/><V27/><F79/><W95/><G95/><T111/><D111/><U87/><E72/><AGARI ba="0,0" hai="6,11,12,69,70,71,72,78,82,100,103" m="50186" machi="72" ten="40,1300,0" yaku="19,1" doraHai="116" who="3" fromWho="1" sc="106,0,326,-13,333,0,235,13" /><INIT seed="3,0,0,3,1,135" ten="106,313,333,248" oya="3" hai0="88,99,66,3,131,22,14,58,120,62,38,21,101" hai1="100,60,68,130,95,84,75,31,34,26,86,28,96" hai2="76,117,17,90,72,91,12,108,46,81,49,73,65" hai3="54,30,10,121,7,40,42,47,125,132,98,13,5"/><W105/><G121/><T15/><D120/><U133/><E75/><V0/><F0/><W104/><G132/><T1/><D131/><U77/><E130/><V119/><F72/><W9/><G30/><T52/><D38/><U111/><E111/><V94/><F65/><W64/><G64/><T70/><D3/><U33/><E77/><V83/><F83/><W115/><G115/><T126/><D1/><U93/><E93/><V43/><F91/><W4/><G125/><T110/><D110/><U85/><E133/><V122/><F122/><W16/><G10/><T25/><D126/><U18/><E18/><V71/><F71/><W74/><G74/><T92/><D101/><U59/><E68/><V35/><F35/><W97/><G105/><T127/><D127/><U41/><E41/><N who="3" m="15978" /><G104/><T114/><D114/><U118/><E31/><V51/><F51/><AGARI ba="0,0" hai="4,5,7,9,13,16,47,51,54,97,98" m="15978" machi="51" ten="30,2900,0" yaku="8,1,54,1" doraHai="135" who="3" fromWho="2" sc="106,0,313,0,333,-29,248,29" /><INIT seed="3,1,0,3,2,106" ten="106,313,304,277" oya="3" hai0="117,118,77,94,113,132,129,69,73,2,97,14,25" hai1="78,23,58,109,111,49,16,89,30,83,104,128,122" hai2="12,42,100,36,116,135,3,81,1,35,62,101,95" hai3="68,40,80,51,87,126,85,91,15,33,130,34,79"/><W10/><G130/><T28/><D2/><U99/><E122/><V48/><F36/><W134/><G134/><T7/><D69/><U13/><E30/><V20/><F35/><W110/><G126/><T11/><D129/><U105/><E128/><V133/><F116/><W17/><G68/><T32/><D113/><U8/><E89/><V39/><F39/><W76/><G110/><N who="1" m="41994" /><E99/><V66/><F81/><W45/><REACH who="3" step="1"/><G79/><REACH who="3" ten="106,313,304,267" step="2"/><T64/><D132/><U9/><E78/><V127/><F127/><W124/><G124/><T71/><D77/><U60/><E83/><AGARI ba="1,1" hai="10,15,17,33,34,40,45,51,76,80,83,85,87,91" machi="83" ten="30,2900,0" yaku="1,1,7,1,53,0" doraHai="106" doraHaiUra="112" who="3" fromWho="1" sc="106,0,313,-32,304,0,267,42" /><INIT seed="3,2,0,5,3,111" ten="106,281,304,309" oya="3" hai0="8,85,39,77,69,80,58,28,33,133,38,18,56" hai1="116,5,0,13,45,52,37,71,4,64,60,87,50" hai2="134,82,59,88,100,49,106,112,72,10,131,125,2" hai3="14,84,97,23,44,16,118,17,92,25,11,41,105"/><W12/><G118/><T73/><D133/><U119/><E37/><V129/><F134/><W113/><G113/><T79/><D69/><U6/><E0/><V124/><F2/><W121/><G121/><T66/><D28/><U20/><E87/><N who="2" m="50295" /><F72/><W109/><G109/><T31/><D31/><U76/><E76/><V34/><F34/><W21/><G105/><T93/><D33/><U1/><E1/><V43/><F10/><W9/><G84/><T7/><D18/><U55/><E55/><N who="2" m="32239" /><F43/><W26/><G44/><T86/><D73/><U57/><E71/><V15/><F15/><W81/><G81/><T67/><D80/><U94/><E94/><V53/><F112/><W54/><G54/><T104/><D93/><U108/><E108/><V27/><F27/><W48/><G48/><T51/><D51/><U126/><E126/><N who="2" m="48747" /><F53/><W128/><G128/><T135/><D135/><U47/><E45/><V91/><F91/><W63/><G63/><T30/><D8/><N who="3" m="3145" /><G41/><T70/><D77/><U42/><E42/><V90/><F90/><AGARI ba="2,0" hai="12,14,16,17,21,23,25,26,90,92,97" m="3145" machi="90" ten="30,2900,0" yaku="8,1,54,1" doraHai="111" who="3" fromWho="2" sc="106,0,281,0,304,-35,309,35" /><INIT seed="3,3,0,4,1,101" ten="106,281,269,344" oya="3" hai0="35,21,129,81,18,3,53,87,42,97,60,84,85" hai1="33,58,134,46,107,104,12,47,69,50,133,22,127" hai2="112,89,2,74,41,66,11,132,126,65,111,15,103" hai3="99,123,57,6,4,105,0,52,73,29,16,109,45"/><W28/><G73/><T36/><D35/><U49/><E69/><V63/><F2/><W80/><G123/><T83/><D3/><U106/><E33/><V75/><F112/><W67/><G0/><T135/><D129/><U130/><E130/><V56/><F111/><W117/><G117/><T14/><D135/><N who="1" m="51723" /><E127/><V9/><F126/><W72/><G109/><T5/><D5/><N who="3" m="2153" /><G105/><T100/><D42/><U1/><E1/><V102/><F132/><W94/><G72/><T54/><D36/><U30/><E58/><V55/><F41/><W51/><G80/><T70/><D70/><U86/><E86/><V93/><F74/><W62/><G16/><T13/><D13/><U40/><E12/><V64/><F75/><W79/><G79/><T121/><D121/><U95/><E95/><V7/><REACH who="2" step="1"/><F9/><REACH who="2" ten="106,281,259,344" step="2"/><W119/><G119/><T43/><D43/><U128/><E128/><V98/><AGARI ba="3,1" hai="7,11,15,55,56,63,64,65,66,89,93,98,102,103" machi="98" ten="30,7900,0" yaku="1,1,2,1,0,1,8,1,53,0" doraHai="101" doraHaiUra="118" who="2" fromWho="2" sc="106,-23,281,-23,259,98,344,-42" /><INIT seed="4,0,0,4,2,35" ten="83,258,357,302" oya="0" hai0="88,134,54,37,3,79,30,67,4,125,9,130,132" hai1="10,119,100,68,93,108,78,121,22,41,73,115,27" hai2="97,48,33,86,46,128,81,101,49,36,109,117,0" hai3="51,16,122,40,52,44,18,90,133,120,25,34,80"/><T5/><D79/><U39/><E119/><V32/><F36/><W99/><G133/><N who="0" m="51307" /><D125/><U82/><E108/><V28/><F109/><W58/><G34/><T65/><D130/><U7/><E68/><V21/><F49/><W62/><G80/><T11/><D30/><U111/><E111/><V110/><F110/><W64/><G64/><T91/><D54/><U104/><E104/><V17/><F28/><W112/><G112/><T92/><D37/><U106/><E106/><V15/><F128/><W63/><G63/><T26/><D26/><U14/><E121/><N who="3" m="46698" /><G25/><T23/><D23/><U57/><E115/><V69/><F69/><W74/><G74/><T127/><D127/><U105/><E39/><V84/><F117/><W19/><G99/><N who="0" m="57735" /><D91/><AGARI ba="0,0" hai="16,18,19,40,44,51,52,58,62,90,91" m="46698" machi="91" ten="30,3900,0" yaku="13,1,54,2" doraHai="35" who="3" fromWho="0" sc="83,-39,258,0,357,0,302,39" /><INIT seed="5,0,0,3,5,131" ten="44,258,357,341" oya="1" hai0="63,112,132,86,53,72,65,123,62,129,17,8,71" hai1="42,3,52,117,10,69,47,100,61,97,31,120,73" hai2="124,1,28,25,76,35,13,121,116,38,94,79,102" hai3="115,78,26,56,126,16,6,12,119,58,106,75,122"/><U92/><E120/><V50/><F38/><W21/><G106/><T96/><D72/><U64/><E117/><V91/><F1/><W54/><G122/><T23/><D112/><U30/><E73/><V109/><F121/><W108/><G115/><T88/><D123/><U114/><E114/><V83/><F116/><W104/><G104/><T130/><D8/><U37/><E3/><V4/><F102/><W34/><G108/><T95/><D86/><U134/><E134/><V14/><F109/><W93/><G119/><T87/><D87/><U80/><E80/><V15/><F124/><W125/><G75/><T33/><D33/><U44/><REACH who="1" step="1"/><E10/><REACH who="1" ten="44,248,357,341" step="2"/><V19/><F83/><W40/><G125/><T45/><D132/><U36/><E36/><V11/><F11/><N who="3" m="4215" /><G126/><T105/><D105/><U51/><AGARI ba="0,1" hai="30,31,37,42,44,47,51,52,61,64,69,92,97,100" machi="51" ten="30,11700,0" yaku="1,1,0,1,54,1,53,1" doraHai="131" doraHaiUra="98" who="1" fromWho="1" sc="44,-39,248,127,357,-39,341,-39" /><INIT seed="5,1,0,4,4,97" ten="5,375,318,302" oya="1" hai0="46,68,128,107,18,131,102,72,105,124,53,19,101" hai1="98,89,62,22,24,80,108,32,65,118,87,76,23" hai2="26,130,61,57,47,95,64,71,8,41,63,113,133" hai3="78,73,4,110,77,40,17,121,122,12,135,21,51"/><U44/><E118/><V34/><F133/><W92/><G135/><T7/><D46/><U79/><E108/><V31/><F130/><N who="0" m="49706" /><D7/><U52/><E32/><V25/><F113/><W86/><G110/><T58/><D68/><U103/><E23/><V66/><F26/><W115/><G73/><T20/><D72/><U13/><E13/><V45/><F8/><W6/><G115/><T33/><D33/><U15/><E15/><V109/><F109/><W74/><G74/><T129/><N who="0" m="49714" /><T39/><DORA hai="100" /><D39/><U28/><E65/><V0/><F0/><W60/><G121/><T16/><D20/><U116/><E116/><V50/><F47/><N who="3" m="26087" /><G122/><T123/><D123/><U48/><E62/><V27/><F27/><W36/><G36/><T29/><D29/><U83/><E83/><V88/><F63/><W43/><G43/><T55/><D124/><U56/><E44/><V114/><F114/><W37/><G37/><T112/><D112/><U132/><E132/><V49/><F49/><W30/><G60/><N who="0" m="35919" /><D55/><U111/><E111/><V5/><F5/><N who="3" m="2155" /><G30/><T125/><D125/><U81/><E81/><V14/><F64/><W67/><G67/><T99/><D99/><U84/><E84/><V35/><F35/><W134/><G134/><T10/><D10/><U69/><E69/><V42/><F42/><W90/><AGARI ba="1,0" hai="12,17,21,77,78,86,90,92" m="2155,26087" machi="90" ten="30,1100,0" yaku="8,1" doraHai="97,100" who="3" fromWho="3" sc="5,-4,375,-6,318,-4,302,14" /><INIT seed="6,0,0,1,3,77" ten="1,369,314,316" oya="2" hai0="96,15,42,64,108,55,107,93,60,104,105,111,44" hai1="59,83,109,38,41,114,54,116,13,89,63,133,130" hai2="119,76,36,45,28,26,7,25,53,126,106,112,71" hai3="16,32,68,46,72,82,5,101,9,86,49,29,10"/><V34/><F119/><W47/><G68/><T75/><D55/><U51/><E116/><V19/><F106/><W84/><G72/><T97/><D15/><U52/><E109/><V61/><F112/><W131/><G131/><T62/><D64/><U48/><E133/><V4/><F126/><W102/><G32/><T33/><D33/><U35/><E35/><V22/><F76/><W65/><G29/><T3/><D3/><U17/><E130/><V50/><REACH who="2" step="1"/><F36/><REACH who="2" ten="1,369,304,316" step="2"/><W99/><G65/><AGARI ba="0,1" hai="4,7,19,22,25,26,28,34,45,50,53,61,65,71" machi="65" ten="40,3900,0" yaku="1,1,2,1,53,0" doraHai="77" doraHaiUra="70" who="2" fromWho="3" sc="1,0,369,0,304,49,316,-39" /><INIT seed="6,1,0,3,3,21" ten="1,369,353,277" oya="2" hai0="14,57,132,3,28,76,2,85,128,119,59,66,123" hai1="51,19,111,40,36,86,120,43,89,122,95,110,133" hai2="17,97,101,39,80,25,35,134,107,124,103,42,88" hai3="69,93,50,71,100,30,37,84,67,58,56,113,112"/><V12/><F134/><W26/><G37/><T41/><D123/><N who="1" m="47147" /><E36/><V16/><F124/><W114/><G50/><T10/><D3/><U75/><E75/><V109/><F109/><N who="1" m="41481" /><E133/><V0/><F0/><W6/><G6/><T1/><D2/><U5/><E5/><V105/><F39/><W60/><G58/><T49/><D1/><U55/><E19/><V78/><F42/><W34/><REACH who="3" step="1"/><G84/><REACH who="3" ten="1,369,353,267" step="2"/><T15/><D132/><U92/><E92/><N who="2" m="56455" /><F107/><W46/><G46/><AGARI ba="1,1" hai="40,43,46,51,55,86,89,95" m="41481,47147" machi="46" ten="30,1000,0" yaku="13,1" doraHai="21" who="1" fromWho="3" sc="1,0,369,23,353,0,267,-13" /><INIT seed="7,0,0,1,2,54" ten="1,392,353,254" oya="3" hai0="105,125,129,35,49,10,107,46,123,9,8,104,33" hai1="76,89,51,6,34,22,65,94,36,112,53,121,40" hai2="87,115,47,25,131,14,20,64,79,61,17,88,37" hai3="58,48,82,92,12,120,0,111,28,91,44,97,4"/><W41/><G120/><T31/><D123/><U62/><E34/><V103/><F115/><W116/><G116/><T66/><D49/><U78/><E6/><V119/><F119/><W95/><G111/><T16/><D46/><N who="1" m="23815" /><E112/><V83/><F131/><W42/><G0/><T43/><D43/><U38/><E38/><V106/><F37/><W30/><G42/><T100/><D129/><U122/><E22/><V84/><F47/><W101/><G82/><T29/><D66/><U19/><E19/><V77/><F106/><W70/><G70/><T102/><D16/><U74/><E74/><V130/><F103/><W133/><G133/><T27/><D27/><U39/><E39/><V23/><F130/><W134/><G134/><T109/><D109/><U18/><E18/><V1/><F1/><W96/><G4/><T24/><D24/><U132/><E132/><V55/><F55/><W75/><G75/><T32/><D125/><U126/><E126/><V67/><F67/><W85/><G12/><T118/><D118/><U59/><E122/><V45/><F45/><W127/><G127/><T5/><D5/><U21/><E21/><V2/><F2/><W3/><G3/><T117/><D117/><U113/><E113/><V71/><REACH who="2" step="1"/><F84/><REACH who="2" ten="1,392,343,254" step="2"/><W26/><G26/><T99/><D99/><N who="1" m="57807" /><E121/><V63/><F63/><W98/><REACH who="3" step="1"/><G58/><REACH who="3" ten="1,392,343,244" step="2"/><T69/><D69/><U90/><E59/><V86/><F86/><W68/><G68/><T72/><D72/><U57/><E57/><V73/><F73/><W80/><G80/><T108/><D108/><U93/><E62/><V13/><F13/><RYUUKYOKU ba="0,2" sc="1,10,392,-30,343,10,244,10" hai0="8,9,10,29,31,32,33,35,100,102,104,105,107" hai2="14,17,20,23,25,61,64,71,77,79,83,87,88" hai3="28,30,41,44,48,85,91,92,95,96,97,98,101" /><INIT seed="7,1,2,2,0,1" ten="11,362,353,254" oya="3" hai0="99,77,112,88,62,80,33,22,90,31,42,118,73" hai1="64,48,61,129,78,106,53,44,2,101,20,56,105" hai2="58,50,97,30,36,13,21,24,16,55,29,71,131" hai3="128,83,0,6,32,119,102,74,130,79,46,57,40"/><W132/><G57/><T18/><D118/><U103/><E129/><N who="3" m="49770" /><G102/><N who="1" m="38922" /><E105/><V37/><F131/><W19/><G19/><T69/><D112/><U94/><E106/><V82/><F71/><W10/><G132/><T89/><D99/><U124/><E124/><V17/><F97/><W54/><G54/><T85/><D42/><N who="1" m="24599" /><E2/><V111/><F111/><W5/><G5/><T47/><D47/><U127/><E127/><V25/><F82/><W45/><G45/><T93/><D31/><U86/><E20/><V76/><F76/><W81/><G81/><T66/><REACH who="0" step="1"/><D33/><REACH who="0" ten="1,362,353,254" step="2"/><U75/><E75/><V27/><REACH who="2" step="1"/><F17/><REACH who="2" ten="1,362,343,254" step="2"/><W51/><G32/><T91/><D91/><N who="1" m="53623" /><E78/><V65/><F65/><AGARI ba="1,4" hai="53,56,61,64,65" m="53623,24599,38922" machi="65" ten="30,1000,0" yaku="8,1" doraHai="1" who="1" fromWho="2" sc="1,0,362,53,343,-13,254,0" owari="1,-50.0,415,52.0,330,13.0,254,-15.0" /></mjloggm>