<mjloggm ver="2.3"><GO type="225" lobby="0"/><UN n0="%E7%B6%BE%E7%80%AC%E5%A5%88%E9%83%BD%E5%B8%8C" n1="%E3%83%9D%E3%82%B3%E3%83%94%E3%83%B3" n2="%76%69%62%72%61%74%65" n3="%E5%B0%B1%E6%B4%BB%E7%94%9F%40%E5%B7%9D%E6%9D%91%E8%BB%8D%E5%9B%A3" dan="16,16,16,17" rate="2172.34,2109.80,2067.36,2207.63" sx="F,M,M,M"/><TAIKYOKU oya="0"/><INIT seed="0,0,0,3,0,127" ten="250,250,250,250" oya="0" hai0="105,91,76,28,24,103,89,8,88,83,20,64,128" hai1="49,10,84,135,104,31,4,36,34,129,117,131,61" hai2="42,30,38,2,65,121,133,75,69,60,132,85,17" hai3="82,124,110,58,134,45,106,66,29,59,73,119,27"/><T62/><D128/><N who="1" m="49227" /><E117/><V37/><F75/><W63/><G106/><T120/><D120/><U107/><E36/><V47/><F2/><W40/><G119/><T70/><D8/><U21/><E34/><V92/><F30/><W122/><G110/><T46/><D46/><U11/><E135/><V113/><F113/><W16/><G134/><T97/><REACH who="0" step="1"/><D91/><REACH who="0" ten="240,250,250,250" step="2"/><U87/><E11/><V71/><F47/><W93/><G45/><T94/><D94/><U9/><E9/><V81/><F92/><W25/><G93/><T100/><D100/><U118/><E118/><V6/><F121/><W98/><G122/><T52/><D52/><U86/><E49/><V115/><F132/><W50/><G50/><T67/><D67/><U3/><E61/><V53/><F60/><W72/><G63/><T101/><D101/><U51/><E51/><V41/><F133/><W12/><G66/><T102/><D102/><U39/><E39/><V112/><F65/><W80/><G40/><T32/><D32/><U22/><E22/><V44/><F42/><W79/><G124/><T13/><D13/><U108/><E108/><V111/><F41/><W116/><G116/><T26/><D26/><AGARI ba="0,1" hai="3,4,10,21,26,31,84,86,87,104,107" m="49227" machi="26" ten="30,7700,0" yaku="19,1,52,3" doraHai="127" who="1" fromWho="0" sc="240,-77,250,87,250,0,250,0" /><INIT seed="1,0,0,5,0,30" ten="163,337,250,250" oya="1" hai0="39,106,31,113,34,127,29,20,74,130,81,93,35" hai1="132,1,47,98,51,25,109,4,48,36,102,88,18" hai2="65,53,134,101,114,46,84,123,86,112,67,62,14" hai3="5,22,42,38,89,6,128,117,122,110,91,77,50"/><U2/><E132/><V21/><F123/><W99/><G38/><T7/><D106/><U85/><E109/><V104/><F134/><W10/><G122/><T52/><D39/><U97/><E36/><V119/><F119/><W17/><G117/><T68/><D68/><U120/><E97/><N who="2" m="61487" /><F46/><N who="3" m="25943" /><G110/><T94/><D113/><N who="2" m="43626" /><F53/><W19/><G128/><T100/><D130/><U11/><E1/><V118/><F118/><W0/><G77/><T95/><D127/><U124/><E47/><V135/><F135/><W45/><G0/><T115/><D115/><U133/><E124/><V56/><F67/><W107/><G107/><T131/><D131/><U64/><E64/><V32/><F32/><W3/><G3/><T70/><D100/><U105/><E120/><V58/><F58/><W16/><G10/><T73/><D70/><U55/><E55/><V61/><F61/><W57/><G45/><T23/><D7/><N who="3" m="2569" /><G57/><T40/><D40/><U37/><E37/><V13/><F13/><N who="3" m="9487" /><G99/><T78/><D52/><U41/><E133/><V54/><F54/><W75/><G75/><T69/><D69/><U33/><E41/><V9/><F21/><W27/><G27/><T121/><D121/><U96/><E96/><V108/><F108/><W28/><G28/><T8/><D8/><U76/><E33/><V79/><F79/><W15/><G15/><T80/><D93/><N who="1" m="54415" /><E76/><AGARI ba="0,0" hai="20,23,29,31,34,35,73,74,76,78,80,81,94,95" machi="76" ten="25,6400,0" yaku="22,2,52,2" doraHai="30" who="0" fromWho="1" sc="163,64,337,-64,250,0,250,0" /><INIT seed="2,0,0,5,0,116" ten="227,273,250,250" oya="2" hai0="80,103,127,128,33,92,107,18,76,72,97,133,100" hai1="39,24,85,121,64,2,126,51,93,44,29,37,28" hai2="78,124,90,98,106,58,94,55,16,71,118,67,13" hai3="87,88,53,113,110,15,120,61,10,4,21,135,129"/><V122/><F118/><W75/><G75/><T12/><D33/><U41/><E126/><V91/><F124/><W89/><G120/><T77/><D127/><U7/><E121/><V123/><F106/><W117/><G117/><T108/><D108/><U82/><E64/><V132/><F132/><W43/><G110/><T11/><D133/><U105/><E105/><V17/><F78/><W36/><G129/><T52/><D77/><U101/><E28/><V30/><F30/><W22/><G135/><T31/><D31/><U114/><E114/><V60/><F90/><W70/><G113/><T8/><D128/><U0/><E7/><V56/><F17/><W19/><G89/><T112/><D112/><U54/><E93/><V81/><F81/><W6/><G43/><T57/><D107/><U26/><E26/><V9/><F56/><N who="3" m="34959" /><G36/><T46/><D46/><U65/><E65/><V109/><F109/><W20/><G70/><T96/><D8/><U25/><E101/><V83/><F83/><AGARI ba="0,0" hai="4,6,10,15,19,20,21,22,83,87,88" m="34959" machi="83" ten="30,2000,0" yaku="8,1,54,1" doraHai="116" who="3" fromWho="2" sc="227,0,273,0,250,-20,250,20" /><INIT seed="3,0,0,0,4,119" ten="227,273,230,270" oya="3" hai0="44,67,131,22,135,73,77,18,100,37,97,55,80" hai1="54,6,82,106,89,10,59,113,3,38,115,79,39" hai2="99,70,24,57,63,117,58,35,88,26,17,92,41" hai3="96,56,114,46,34,109,7,16,12,105,0,83,15"/><W42/><G34/><T104/><D131/><U11/><E106/><V20/><F117/><W21/><G114/><T108/><D108/><U116/><E116/><V90/><F41/><W127/><G127/><T134/><D67/><U78/><E78/><V110/><F110/><W13/><G109/><T52/><D37/><U40/><E89/><V111/><F111/><W93/><G105/><T120/><D120/><U29/><E29/><V1/><F1/><W85/><G56/><T98/><D98/><U84/><E11/><V4/><F4/><W107/><G107/><T43/><D43/><U75/><E84/><V72/><F72/><W101/><G0/><T133/><REACH who="0" step="1"/><D44/><REACH who="0" ten="217,273,230,270" step="2"/><N who="1" m="23575" /><E39/><V53/><F99/><W49/><G7/><T132/><N who="0" m="33792" /><DORA hai="125" /><T68/><D68/><U25/><E115/><V102/><F70/><W50/><G50/><T94/><D94/><U103/><E113/><V51/><F102/><W65/><G65/><T23/><D23/><U128/><E103/><V130/><F92/><W91/><AGARI ba="0,1" hai="12,13,15,16,21,42,46,49,83,85,91,93,96,101" machi="91" ten="20,7800,0" yaku="0,1,7,1,8,1,54,1" doraHai="119,125" who="3" fromWho="3" sc="217,-26,273,-26,230,-26,270,88" owari="191,-31.0,247,5.0,204,-20.0,358,46.0" /></mjloggm>