<mjloggm ver="2.3"><GO type="169" lobby="0"/><UN n0="%E9%81%8A%E8%B5%B0" n1="%E3%83%88%E3%83%88%E3%83%AA%E5%85%88%E7%94%9F%31%39%E6%AD%B3" n2="%E5%AE%8C%E5%85%A8%E7%84%A1%E6%95%B5%E5%B0%91%E5%A5%B3%44%58" n3="%E6%98%9F%E3%81%AE%E3%81%8A%E3%81%98%E3%81%84%E6%A7%98" dan="17,17,17,17" rate="2197.85,2220.55,2224.04,2140.88" sx="M,F,M,F"/><TAIKYOKU oya="0"/><INIT seed="0,0,0,3,2,97" ten="250,250,250,250" oya="0" hai0="60,74,123,41,71,57,11,3,1,82,132,84,68" hai1="134,32,119,125,131,112,88,100,107,43,7,95,106" hai2="79,102,126,22,108,80,89,122,13,8,5,24,116" hai3="38,70,17,48,133,110,124,23,63,111,90,86,121"/><T117/><D123/><U0/><E32/><V26/><F122/><W6/><G38/><T40/><D74/><U78/><E43/><V67/><F108/><W73/><G73/><T99/><D117/><U103/><E7/><V81/><F116/><W10/><G133/><T34/><D132/><U114/><E0/><V129/><F129/><W45/><G124/><T25/><D68/><U109/><E119/><V105/><F126/><W135/><G121/><T83/><D71/><U52/><E134/><V127/><F127/><W14/><G63/><T113/><D113/><N who="1" m="43627" /><E125/><V59/><F89/><W56/><G70/><T46/><D99/><N who="1" m="57831" /><E109/><V115/><F115/><W36/><G36/><T64/><D40/><U9/><E9/><V55/><F67/><W91/><G135/><T98/><D98/><U2/><E2/><V120/><F120/><W75/><G6/><T29/><D11/><U51/><E78/><V72/><F22/><W87/><G10/><T47/><D47/><N who="1" m="27775" /><E131/><V27/><F79/><W69/><G75/><T30/><D30/><U58/><E58/><V16/><F72/><W37/><G56/><T85/><D84/><N who="3" m="32297" /><G69/><T61/><D83/><U15/><E15/><V20/><F5/><W44/><G37/><T62/><D3/><U33/><E33/><V101/><F105/><AGARI ba="0,0" hai="100,103,105,106,107" m="27775,57831,43627" machi="105" ten="30,8000,1" yaku="11,1,52,2,54,2" doraHai="97" who="1" fromWho="2" sc="250,0,250,80,250,-80,250,0" /><INIT seed="1,0,0,0,5,133" ten="250,330,170,250" oya="1" hai0="18,16,104,30,58,66,3,127,63,121,35,67,7" hai1="135,77,19,11,1,39,75,98,13,100,70,61,73" hai2="57,37,40,14,42,131,130,120,112,0,33,80,108" hai3="47,128,76,79,44,78,49,106,96,119,43,29,125"/><U17/><E39/><V68/><F0/><W71/><G71/><T8/><D121/><U31/><E135/><V5/><F68/><W86/><G128/><N who="2" m="49193" /><F120/><W2/><G2/><T122/><D122/><U60/><E1/><V20/><F33/><W24/><G119/><T83/><D104/><U126/><E126/><V54/><F108/><W56/><G56/><T105/><D127/><U123/><E123/><V64/><F64/><W84/><G125/><T114/><D105/><U45/><E45/><V65/><F65/><W12/><G12/><T22/><D114/><U15/><E31/><V4/><F112/><W118/><G118/><T23/><D67/><U48/><E48/><N who="2" m="30919" /><F80/><W109/><G109/><T85/><D35/><U41/><E41/><N who="2" m="15979" /><F37/><W55/><G96/><T69/><D69/><U99/><E70/><V10/><F20/><W62/><G106/><T72/><D72/><U36/><E36/><V32/><F32/><W26/><G62/><T59/><D59/><U124/><E124/><V103/><F103/><W91/><G29/><T111/><D111/><U107/><E107/><V89/><F89/><W25/><REACH who="3" step="1"/><G91/><REACH who="3" ten="250,330,170,240" step="2"/><T34/><D34/><U90/><E90/><V50/><F50/><AGARI ba="0,1" hai="24,25,26,43,44,47,49,50,55,76,78,79,84,86" machi="50" ten="40,5200,0" yaku="1,1,2,1,8,1,53,0" doraHai="133" doraHaiUra="97" who="3" fromWho="2" sc="250,0,330,0,170,-52,240,62" /><INIT seed="2,0,0,4,0,125" ten="250,330,118,302" oya="2" hai0="26,117,74,71,46,24,68,51,36,25,19,134,43" hai1="126,18,128,23,58,78,129,110,59,14,76,60,130" hai2="93,33,94,99,54,102,5,83,73,131,48,85,79" hai3="105,16,53,17,37,113,55,47,15,27,88,52,95"/><V101/><F33/><W115/><G105/><T38/><D74/><U21/><E126/><V123/><F123/><W13/><G37/><T8/><D117/><U132/><E110/><V109/><F5/><W42/><G42/><T65/><D134/><U111/><E111/><V11/><F109/><W75/><G75/><T1/><D19/><N who="3" m="7241" /><G47/><T30/><D30/><U90/><E132/><V62/><F11/><W12/><G27/><T10/><D65/><N who="1" m="39063" /><E23/><V87/><F62/><W56/><G56/><T67/><D10/><U7/><E7/><V81/><F131/><W82/><G82/><T0/><D8/><U80/><E59/><V108/><F108/><W72/><G72/><T50/><D67/><U64/><E64/><V34/><F34/><W77/><G77/><T114/><D114/><N who="3" m="43529" /><G55/><T106/><D106/><U39/><E39/><V91/><F73/><W135/><G135/><T9/><D9/><U133/><E133/><V104/><REACH who="2" step="1"/><F102/><REACH who="2" ten="250,330,108,302" step="2"/><W84/><AGARI ba="0,1" hai="12,13,15,52,53,84,88,95" m="43529,7241" machi="84" ten="40,8000,1" yaku="11,1,54,3" doraHai="125" who="3" fromWho="3" sc="250,-20,330,-20,108,-40,302,90" /><INIT seed="3,0,0,5,2,74" ten="230,310,68,392" oya="3" hai0="131,1,77,113,102,41,70,44,135,55,86,105,57" hai1="72,36,93,62,90,115,33,125,126,0,69,14,32" hai2="117,71,34,130,12,56,11,95,78,17,5,42,19" hai3="122,107,47,89,39,92,119,46,132,134,94,21,45"/><W81/><G107/><T16/><D70/><U75/><E115/><V63/><F71/><W104/><G104/><T52/><D113/><U97/><E0/><V4/><F34/><N who="1" m="13417" /><E36/><V64/><F117/><W88/><G122/><T100/><D135/><N who="3" m="51753" /><G119/><T87/><D1/><U128/><E128/><V28/><F28/><W68/><G68/><T84/><D131/><U103/><E14/><V112/><F130/><W124/><G124/><N who="1" m="47722" /><E90/><N who="3" m="34922" /><G39/><T61/><D105/><U129/><E129/><V80/><F95/><N who="3" m="36395" /><G21/><T66/><D102/><U10/><E10/><V2/><F112/><W123/><G123/><T101/><D100/><U65/><AGARI ba="0,0" hai="62,65,69,72,75,93,97,103" m="47722,13417" machi="65" ten="40,1500,0" yaku="18,1" doraHai="74" who="1" fromWho="1" sc="230,-4,310,15,68,-4,392,-7" /><INIT seed="4,0,0,3,3,127" ten="226,325,64,385" oya="0" hai0="124,0,41,99,29,115,2,79,111,60,62,30,46" hai1="52,97,129,72,112,96,98,37,103,48,86,67,39" hai2="130,128,116,89,65,92,56,132,104,131,64,50,14" hai3="32,82,135,78,118,69,88,51,38,84,4,34,15"/><T33/><D111/><U58/><E72/><V16/><F132/><W8/><G38/><T91/><D124/><U94/><E112/><V27/><F27/><W109/><G69/><T122/><D122/><U43/><E129/><V101/><F116/><W134/><G109/><T40/><D79/><U108/><E108/><V113/><F113/><W75/><G118/><T9/><D115/><U106/><E96/><N who="2" m="61479" /><F50/><W81/><REACH who="3" step="1"/><G51/><REACH who="3" ten="226,325,64,375" step="2"/><T17/><D60/><U22/><E39/><V133/><F133/><AGARI ba="0,1" hai="4,8,15,32,34,75,78,81,82,84,88,133,134,135" machi="133" ten="40,8000,1" yaku="1,1,2,1,20,1,54,1,53,0" doraHai="127" doraHaiUra="25" who="3" fromWho="2" sc="226,0,325,0,64,-80,375,90" owari="226,-17.0,325,13.0,-16,-52.0,465,56.0" /></mjloggm>