<mjloggm ver="2.3"><GO type="169" lobby="0"/><UN n0="%E3%81%8B%E3%82%89%E3%83%BC%E3%81%9C" n1="%E3%83%A0%E3%83%A1%E3%82%A4" n2="%E6%9C%B4%E9%BE%8D%E5%AE%88" n3="%E3%82%A6%E3%83%AB%E3%83%88%E3%83%A9%E7%AB%8B%E7%9B%B4" dan="16,16,16,17" rate="2111.22,2083.36,2069.42,2214.12" sx="F,M,M,M"/><TAIKYOKU oya="0"/><INIT seed="0,0,0,4,5,55" ten="250,250,250,250" oya="0" hai0="77,66,89,11,110,1,94,24,13,133,36,132,27" hai1="87,56,124,93,74,43,31,64,30,117,73,115,81" hai2="54,135,92,58,82,97,17,53,90,35,15,9,131" hai3="29,16,26,25,106,48,105,10,45,23,67,80,8"/><T125/><D36/><U51/><E117/><V49/><F35/><W86/><G67/><T6/><D125/><U113/><E124/><V108/><F108/><W127/><G127/><T0/><D77/><U12/><E93/><V32/><F32/><W112/><G112/><N who="1" m="43082" /><E12/><V21/><F135/><N who="0" m="51786" /><D110/><U4/><E4/><V18/><F131/><W62/><G62/><T57/><D0/><U116/><E43/><V122/><F122/><W50/><G106/><T52/><D66/><U61/><E51/><V69/><F69/><W114/><G105/><T111/><D1/><U70/><E70/><V118/><F118/><W99/><G99/><N who="0" m="57807" /><D111/><U2/><E2/><V40/><F82/><W126/><G126/><T100/><D100/><U65/><E65/><V134/><F134/><W103/><G103/><T28/><D28/><N who="1" m="10795" /><E116/><V20/><F40/><W19/><G114/><T120/><D120/><U39/><E39/><V79/><F79/><AGARI ba="0,0" hai="56,61,64,73,74,79,81,87" m="10795,43082" machi="79" ten="30,2000,0" yaku="11,1,52,1" doraHai="55" who="1" fromWho="2" sc="250,0,250,20,250,-20,250,0" /><INIT seed="1,0,0,1,0,67" ten="250,270,230,250" oya="1" hai0="11,108,59,21,87,76,12,68,81,55,133,65,20" hai1="103,82,83,3,92,69,56,112,14,106,32,52,115" hai2="89,9,63,4,79,33,18,109,39,40,104,107,134" hai3="99,70,19,8,44,30,130,105,113,94,135,15,131"/><U73/><E3/><V42/><F33/><W121/><G105/><T61/><D108/><U31/><E106/><V110/><F79/><W46/><G121/><T58/><D133/><U132/><E132/><V80/><F134/><W93/><G113/><T118/><D118/><U26/><E69/><V29/><F29/><W22/><G70/><T17/><REACH who="0" step="1"/><D68/><REACH who="0" ten="240,270,230,250" step="2"/><U41/><E115/><V48/><F110/><W10/><G135/><T2/><D2/><U97/><E112/><V74/><F109/><W111/><G111/><T124/><D124/><U34/><E34/><V127/><F127/><W117/><G117/><T120/><D120/><U95/><E73/><V49/><F74/><W57/><G131/><T96/><D96/><U84/><E41/><V66/><F42/><W27/><G130/><T64/><D64/><U123/><E123/><V54/><F66/><W72/><G72/><T47/><D47/><U28/><E32/><V85/><F40/><W100/><G57/><T86/><D86/><U24/><E84/><V126/><F85/><W38/><G46/><T78/><D78/><U0/><E0/><V122/><F126/><W98/><G44/><T60/><AGARI ba="0,1" hai="11,12,17,20,21,55,58,59,60,61,65,76,81,87" machi="60" ten="20,12000,2" yaku="1,1,0,1,7,1,8,1,53,2" doraHai="67" doraHaiUra="53" who="0" fromWho="0" sc="240,130,270,-60,230,-30,250,-30" /><INIT seed="2,0,0,2,3,41" ten="370,210,200,220" oya="2" hai0="51,25,5,18,38,17,134,19,55,35,20,44,46" hai1="11,15,108,0,112,50,120,42,117,102,9,106,122" hai2="12,27,62,99,114,3,16,89,70,54,121,29,123" hai3="127,130,80,65,128,61,101,39,31,83,110,49,26"/><V43/><F3/><W8/><G39/><T68/><D68/><U85/><E117/><V64/><F114/><W135/><G110/><T21/><D134/><U63/><E112/><V133/><F133/><W32/><G135/><T111/><D111/><U24/><E108/><V86/><F43/><W125/><G101/><T47/><D38/><U124/><E124/><N who="3" m="47690" /><G8/><T1/><D1/><U113/><E113/><V100/><F54/><W87/><G49/><T59/><REACH who="0" step="1"/><D5/><REACH who="0" ten="360,210,200,220" step="2"/><U60/><E0/><V109/><F109/><W7/><G7/><T129/><D129/><U77/><E120/><V78/><F123/><W107/><G128/><T95/><D95/><U37/><E37/><V104/><F121/><W52/><G130/><T22/><D22/><U75/><E122/><V53/><F70/><W74/><G107/><T30/><AGARI ba="0,1" hai="17,18,19,20,21,25,30,35,44,46,47,51,55,59" machi="30" ten="40,8000,1" yaku="1,1,0,1,52,3,53,0" doraHai="41" doraHaiUra="82" who="0" fromWho="0" sc="360,90,210,-20,200,-40,220,-20" /><INIT seed="3,0,0,4,2,121" ten="450,190,160,200" oya="3" hai0="132,92,118,69,45,114,44,97,60,41,74,127,6" hai1="72,12,103,64,62,101,22,11,46,55,8,78,133" hai2="100,116,119,36,120,43,53,124,49,99,80,77,123" hai3="89,66,73,67,39,3,40,24,84,85,51,108,131"/><W48/><G73/><T0/><D118/><U76/><E133/><V25/><F36/><W111/><G3/><T54/><D74/><U94/><E72/><N who="2" m="43047" /><F43/><W95/><G39/><T70/><D132/><U83/><E22/><V110/><F25/><W96/><G131/><T126/><D114/><U50/><E11/><V20/><F20/><W35/><G96/><T117/><D117/><N who="2" m="45130" /><F49/><W15/><G15/><T9/><D54/><U129/><E129/><V30/><F53/><W56/><G85/><T135/><D135/><U93/><E62/><V105/><F30/><N who="3" m="19911" /><G40/><T113/><D113/><U130/><E64/><N who="3" m="24618" /><G56/><T82/><D60/><U86/><E130/><V4/><F4/><W28/><G28/><T59/><D59/><U115/><E76/><V134/><F134/><W13/><G13/><T122/><D69/><U128/><E115/><V1/><F1/><W18/><G18/><T33/><D70/><U91/><E128/><V7/><F7/><W68/><G68/><T63/><D63/><U37/><E37/><V90/><F124/><W75/><G75/><T27/><D126/><U38/><E38/><V5/><F5/><W16/><G16/><T104/><D127/><U32/><E32/><V112/><F112/><W19/><G19/><T42/><D33/><U47/><E12/><V98/><F98/><W58/><G58/><T71/><D27/><U2/><E2/><V61/><F61/><W29/><G29/><T26/><D26/><U107/><E50/><V65/><F65/><W17/><G17/><T125/><D125/><U23/><E55/><V106/><F99/><RYUUKYOKU ba="0,0" sc="450,-10,190,-10,160,-10,200,30" hai3="48,51,84,89,95,108,111" /><INIT seed="3,1,0,5,5,6" ten="440,180,150,230" oya="3" hai0="56,40,38,77,96,17,128,23,104,59,72,5,27" hai1="126,79,10,127,12,82,14,74,130,28,49,65,89" hai2="94,66,4,83,22,0,2,99,50,25,1,31,80" hai3="123,103,106,88,129,120,29,107,115,44,114,60,9"/><W33/><G44/><T98/><D128/><U100/><E130/><V62/><F4/><W24/><G129/><T92/><D104/><U95/><E100/><V75/><F50/><W7/><G60/><T119/><D119/><U102/><E102/><V133/><F75/><W18/><G88/><T37/><D5/><U116/><E116/><V78/><F78/><W108/><G107/><T34/><D72/><U46/><E65/><V30/><F30/><W131/><G131/><T16/><D34/><U101/><E28/><V21/><F21/><W68/><G68/><T13/><D77/><U63/><E63/><V8/><F8/><W86/><G86/><T43/><D37/><U113/><E101/><V118/><F133/><W135/><G135/><T110/><D98/><N who="1" m="57711" /><E10/><V39/><F39/><W26/><G103/><N who="0" m="60807" /><D38/><U90/><E113/><N who="3" m="43018" /><G106/><T45/><D45/><U91/><E91/><V71/><F118/><W97/><G97/><T64/><D64/><U11/><E90/><V58/><F99/><W125/><G125/><N who="1" m="47626" /><E11/><V112/><F112/><W36/><G36/><T109/><D56/><U69/><E69/><V76/><F94/><W48/><G48/><T73/><D59/><U19/><E49/><V41/><F71/><W35/><G108/><N who="0" m="41579" /><D73/><U111/><E74/><N who="2" m="43031" /><F83/><W61/><G61/><T52/><D52/><U85/><E111/><V117/><F117/><W93/><G93/><T134/><D134/><U87/><E46/><V20/><F41/><W67/><G67/><T51/><D51/><U70/><E70/><V122/><F122/><W42/><G123/><T81/><D81/><RYUUKYOKU ba="1,0" sc="440,15,180,-15,150,15,230,-15" hai0="13,16,17,23,27,40,43" hai2="0,1,2,20,22,25,31,58,62,66" /><INIT seed="4,2,0,3,1,25" ten="455,165,165,215" oya="0" hai0="81,12,102,90,52,22,114,11,68,21,77,55,59" hai1="56,58,43,103,54,1,126,115,84,131,48,123,8" hai2="45,62,91,79,106,76,110,86,49,129,98,133,2" hai3="65,116,39,119,41,75,113,53,109,23,93,71,95"/><T13/><D68/><U32/><E123/><V87/><F110/><W97/><G75/><T0/><D114/><U127/><E131/><V111/><F111/><W92/><G109/><T30/><D0/><U3/><E32/><V46/><F2/><W29/><G113/><T9/><D102/><U24/><E115/><V74/><F129/><W118/><G41/><T50/><D90/><U64/><E43/><V19/><F133/><W132/><G39/><T33/><D33/><U73/><E73/><V6/><F6/><W51/><G132/><T82/><D77/><U63/><E103/><V120/><F120/><W17/><G65/><T96/><D96/><U80/><E24/><V57/><F74/><W10/><G71/><T125/><D125/><N who="1" m="47627" /><E8/><V101/><F19/><W135/><G10/><T35/><D35/><U124/><N who="1" m="47635" /><U78/><AGARI ba="2,0" hai="1,3,48,54,56,58,63,64,78,80,84" m="47635" machi="78" ten="40,2700,0" yaku="4,1,18,1" doraHai="25" who="1" fromWho="1" sc="455,-15,165,33,165,-9,215,-9" /><INIT seed="5,0,0,1,0,118" ten="440,198,156,206" oya="1" hai0="44,80,128,43,111,66,83,77,22,62,46,132,120" hai1="101,14,102,34,60,98,94,69,113,107,18,68,11" hai2="135,84,42,30,65,75,115,131,28,5,114,86,12" hai3="0,53,4,81,17,82,6,108,117,8,52,134,95"/><U21/><E113/><N who="2" m="43019" /><F75/><W20/><G108/><T63/><D111/><U50/><E34/><V104/><F104/><W61/><G134/><T70/><D132/><U13/><E60/><V133/><F42/><W96/><G117/><T1/><D1/><U37/><E37/><V39/><F39/><W116/><G6/><T71/><D22/><U49/><E102/><V24/><F131/><W58/><G53/><T25/><D25/><U79/><E79/><V125/><F125/><W67/><G67/><T73/><D128/><U57/><E107/><V85/><F65/><W109/><G109/><T130/><D130/><U64/><E68/><V126/><F126/><W106/><G106/><T36/><D83/><U35/><E35/><N who="2" m="20871" /><F30/><W91/><G116/><T119/><D119/><U99/><E99/><V127/><F127/><W31/><G31/><T124/><D124/><U9/><E69/><V33/><F33/><W27/><AGARI ba="0,0" hai="0,4,8,17,20,27,52,58,61,81,82,91,95,96" machi="27" ten="20,8000,1" yaku="0,1,7,1,25,2,54,1" doraHai="118" who="3" fromWho="3" sc="440,-20,198,-40,156,-20,206,80" /><INIT seed="6,0,0,1,0,125" ten="420,158,136,286" oya="2" hai0="134,113,65,92,130,122,53,115,64,22,10,129,33" hai1="39,61,81,57,73,87,112,38,70,108,7,5,97" hai2="30,68,107,26,123,90,66,4,100,126,88,96,78" hai3="86,46,76,60,80,124,75,102,54,62,20,28,2"/><V74/><F123/><W114/><G2/><T127/><D33/><U77/><E108/><V85/><F4/><W45/><G124/><T40/><D127/><U101/><E112/><N who="0" m="43081" /><D122/><U63/><E70/><V67/><F126/><W49/><G75/><T111/><D111/><U16/><E73/><V104/><F104/><W35/><G35/><T36/><D134/><U3/><E63/><N who="2" m="40031" /><F67/><N who="0" m="25674" /><D10/><U51/><E51/><V119/><F74/><W18/><G28/><T0/><D0/><U1/><E1/><V116/><F78/><W84/><G114/><T135/><D135/><U14/><E3/><V132/><F132/><W11/><G11/><T110/><D110/><U72/><E72/><V24/><F24/><W133/><G133/><T43/><D92/><N who="1" m="58535" /><E39/><V8/><F8/><W83/><G46/><N who="0" m="23815" /><D43/><U121/><E38/><V58/><F58/><W42/><G42/><T118/><D118/><N who="2" m="45098" /><F85/><W44/><G44/><T32/><D32/><AGARI ba="0,0" hai="26,30,32,88,90,96,100,107" m="45098,40031" machi="32" ten="30,2900,0" yaku="25,1,54,1" doraHai="125" who="2" fromWho="0" sc="420,-29,158,0,136,29,286,0" /><INIT seed="6,1,0,5,5,35" ten="391,158,165,286" oya="2" hai0="64,48,98,6,53,80,45,129,134,96,16,106,95" hai1="81,24,12,47,72,49,99,97,60,19,61,115,11" hai2="116,38,8,123,4,5,20,105,109,120,135,68,102" hai3="118,62,133,92,91,77,76,121,94,23,51,15,34"/><V107/><F116/><W70/><G34/><T9/><D134/><U41/><E115/><V46/><F68/><W26/><G121/><T87/><D129/><U57/><E24/><V101/><F20/><W63/><G94/><T10/><D106/><U58/><E72/><V32/><F32/><W85/><G133/><T0/><D64/><U25/><E25/><V75/><F75/><W71/><G118/><T83/><D95/><U3/><E3/><N who="2" m="31" /><F5/><W88/><G70/><T117/><D80/><U36/><E81/><V28/><F28/><N who="3" m="17503" /><G71/><T90/><D117/><U132/><E132/><V13/><F135/><W130/><G130/><T21/><D10/><U73/><E73/><V44/><F13/><AGARI ba="1,0" hai="0,6,9,13,16,21,45,48,53,83,87,90,96,98" machi="13" ten="30,3900,0" yaku="7,1,52,1,54,1" doraHai="35" who="0" fromWho="2" sc="391,42,158,0,165,-42,286,0" /><INIT seed="7,0,0,3,3,35" ten="433,158,123,286" oya="3" hai0="86,9,49,51,19,53,116,111,85,68,106,14,41" hai1="123,134,50,44,74,0,29,7,16,23,132,59,122" hai2="96,5,133,84,121,60,113,118,15,48,91,115,82" hai3="55,13,117,12,17,93,78,1,6,47,32,77,80"/><W27/><G93/><T31/><D111/><U39/><E74/><V129/><F118/><W62/><G13/><T94/><D106/><U95/><E29/><V105/><F60/><W57/><G47/><N who="0" m="25839" /><D68/><U24/><E95/><V4/><F48/><W119/><G78/><T131/><D131/><U45/><E39/><V97/><F15/><W11/><G80/><T64/><D116/><U109/><E109/><V87/><F4/><W89/><G89/><T26/><D64/><U127/><E127/><V110/><F5/><W33/><G77/><T63/><D63/><U130/><E130/><V100/><F110/><W92/><G92/><T135/><D135/><N who="1" m="51755" /><E59/><V128/><F133/><W36/><G36/><T98/><D26/><U61/><E61/><V40/><F40/><W46/><G46/><N who="1" m="18026" /><E50/><V90/><F121/><W73/><G73/><T101/><D31/><U28/><E28/><V56/><F56/><AGARI ba="0,0" hai="9,14,19,51,53,56,85,86,94,98,101" m="25839" machi="56" ten="30,1000,0" yaku="8,1" doraHai="35" who="0" fromWho="2" sc="433,10,158,0,123,-10,286,0" owari="443,54.0,158,-24.0,113,-39.0,286,9.0" /></mjloggm>