<mjloggm ver="2.3"><GO type="225" lobby="0"/><UN n0="%E7%B7%8B%E3%81%84%E7%8C%AB%EF%BC%9E%EF%BC%9C%EF%BC%81" n1="%E8%B6%85%E4%BA%BA%EF%BC%AD" n2="%53%65%6E%61%72" n3="%E3%83%88%E3%83%88%E3%83%AA%E5%85%88%E7%94%9F%31%39%E6%AD%B3" dan="16,17,16,17" rate="2084.14,2253.11,2080.89,2216.44" sx="F,M,M,F"/><TAIKYOKU oya="0"/><INIT seed="0,0,0,4,5,35" ten="250,250,250,250" oya="0" hai0="54,39,73,81,98,30,103,111,63,104,2,115,0" hai1="113,85,106,17,110,42,75,83,37,82,13,59,66" hai2="112,129,116,3,50,89,38,1,79,123,130,122,109" hai3="20,7,127,31,71,60,100,43,132,92,23,67,65"/><T133/><D115/><U117/><E117/><V9/><F38/><W41/><G132/><T47/><D133/><U97/><E113/><V12/><F112/><W34/><G127/><T53/><D111/><U135/><E110/><V49/><F109/><W32/><G67/><T68/><D30/><U102/><E135/><V124/><F79/><W70/><G70/><T48/><D39/><U134/><E134/><V80/><F80/><W15/><G23/><T61/><D68/><U96/><E96/><V128/><F89/><W5/><G5/><T55/><D55/><U16/><E75/><V93/><F93/><W105/><G92/><T76/><REACH who="0" step="1"/><D63/><REACH who="0" ten="240,250,250,250" step="2"/><U52/><E66/><V40/><F124/><W45/><G31/><T108/><D108/><U91/><E37/><V86/><F116/><W121/><G60/><T62/><D62/><U6/><E42/><V120/><F40/><W72/><G43/><T94/><D94/><U126/><E126/><V44/><F44/><W8/><G45/><T10/><D10/><U87/><E52/><V125/><F125/><W69/><G41/><T19/><D19/><U74/><E59/><AGARI ba="0,1" hai="0,2,47,48,53,54,59,61,73,76,81,98,103,104" machi="59" ten="40,7700,0" yaku="1,1,52,2,53,0" doraHai="35" doraHaiUra="18" who="0" fromWho="1" sc="240,87,250,-77,250,0,250,0" /><INIT seed="0,1,0,1,5,74" ten="327,173,250,250" oya="0" hai0="36,128,12,77,20,65,96,106,24,63,56,68,117" hai1="98,29,15,105,101,25,23,62,9,42,89,47,93" hai2="18,94,120,1,82,26,52,115,31,21,79,71,28" hai3="129,43,38,59,86,135,51,30,111,64,60,14,17"/><T112/><D117/><U7/><E62/><V13/><F120/><W125/><G38/><T19/><D112/><U49/><REACH who="1" step="1"/><E105/><REACH who="1" ten="327,163,250,250" step="2"/><V97/><F115/><W122/><G60/><T116/><D116/><U48/><BYE who="0" /><E48/><V41/><F71/><W32/><G51/><T133/><D133/><U132/><E132/><UN n0="%E7%B7%8B%E3%81%84%E7%8C%AB%EF%BC%9E%EF%BC%9C%EF%BC%81" /><V35/><F41/><W90/><G43/><T131/><D36/><U45/><E45/><V85/><F1/><W118/><G135/><T39/><D39/><U80/><BYE who="0" /><E80/><V134/><F134/><W119/><G118/><T40/><D40/><U66/><E66/><UN n0="%E7%B7%8B%E3%81%84%E7%8C%AB%EF%BC%9E%EF%BC%9C%EF%BC%81" /><V75/><F52/><W67/><G64/><T92/><D65/><U34/><E34/><V5/><F35/><W107/><G107/><T88/><D106/><U44/><E44/><V37/><F37/><W110/><G119/><T100/><D128/><U33/><E33/><V27/><F82/><N who="3" m="49495" /><G129/><T46/><D131/><U69/><E69/><V55/><F55/><W126/><G122/><T84/><D46/><U72/><E72/><V16/><F75/><W130/><G130/><T6/><D68/><U4/><E4/><V50/><F50/><W54/><G67/><T123/><D6/><U10/><E10/><V114/><F114/><W53/><G53/><T11/><D123/><U3/><E3/><V109/><F5/><W58/><G58/><T2/><D56/><U78/><E78/><V104/><F79/><W83/><G83/><N who="0" m="47215" /><D63/><U8/><E8/><V81/><F104/><W121/><G121/><T22/><D2/><U0/><E0/><V61/><F61/><W108/><G59/><RYUUKYOKU ba="1,1" sc="327,-10,163,30,250,-10,250,-10" hai1="7,9,15,23,25,29,42,47,49,89,93,98,101" /><INIT seed="1,2,1,3,2,92" ten="317,193,240,240" oya="1" hai0="16,62,42,113,34,101,32,74,47,78,103,132,57" hai1="31,44,27,52,104,73,131,6,111,93,80,20,21" hai2="71,77,0,46,95,55,19,66,116,112,100,125,91" hai3="51,107,117,22,82,12,23,130,87,127,70,65,50"/><U48/><E104/><V126/><F116/><W39/><G39/><T15/><D113/><U61/><E131/><V120/><F120/><W108/><G107/><T122/><D122/><U76/><E111/><V99/><F112/><W43/><G108/><T88/><D132/><U96/><E6/><V118/><F118/><W26/><G117/><T110/><D110/><U90/><REACH who="1" step="1"/><E61/><REACH who="1" ten="317,183,240,240" step="2"/><V85/><F125/><W5/><G127/><T64/><D62/><U102/><E102/><V25/><F126/><W10/><G130/><T30/><D103/><U58/><E58/><V75/><F100/><W1/><G5/><T79/><D101/><U84/><E84/><V53/><F85/><W56/><G56/><T97/><D57/><U115/><E115/><V109/><F109/><W38/><G87/><T128/><D128/><U13/><E13/><V135/><F135/><W129/><G12/><T2/><D2/><U133/><E133/><V41/><F0/><W69/><G1/><T67/><D67/><U45/><BYE who="0" /><E45/><V83/><F66/><W40/><G65/><T37/><D37/><U63/><E63/><UN n0="%E7%B7%8B%E3%81%84%E7%8C%AB%EF%BC%9E%EF%BC%9C%EF%BC%81" /><V121/><F121/><W35/><G38/><T114/><D64/><U98/><E98/><V7/><F7/><W28/><G129/><T81/><D114/><U134/><E134/><V24/><F99/><W18/><G69/><T86/><D97/><U49/><E49/><N who="2" m="26831" /><F71/><W29/><G70/><T68/><D68/><U8/><E8/><V11/><F11/><W106/><G106/><T36/><D36/><U3/><E3/><V33/><F75/><W94/><G10/><RYUUKYOKU ba="2,2" sc="317,-10,183,30,240,-10,240,-10" hai1="20,21,27,31,44,48,52,73,76,80,90,93,96" /><INIT seed="1,3,2,4,3,132" ten="307,213,230,230" oya="1" hai0="133,100,78,95,49,91,24,43,6,130,28,112,9" hai1="72,114,127,16,73,4,87,46,103,68,3,11,90" hai2="115,17,84,8,48,86,58,70,96,104,32,82,110" hai3="40,74,30,35,106,105,41,107,13,47,122,52,75"/><U33/><E114/><V29/><F70/><W44/><G122/><T79/><D112/><U50/><E68/><V88/><F115/><W26/><G13/><T124/><D133/><U12/><E33/><V135/><F135/><W120/><G120/><T63/><D100/><U62/><E103/><V129/><F110/><W101/><G101/><T118/><D118/><U89/><E62/><V36/><F36/><W66/><G66/><T59/><D130/><U25/><E25/><V85/><F129/><W10/><G10/><T5/><D124/><U23/><E127/><V93/><F104/><W109/><G109/><T128/><D128/><U123/><E123/><V0/><F29/><W54/><G54/><N who="0" m="34295" /><D24/><U97/><E97/><V39/><F39/><N who="3" m="21535" /><G52/><T18/><D28/><U113/><E113/><V121/><F32/><W15/><G15/><N who="0" m="7535" /><D6/><U99/><E99/><V51/><F121/><W65/><G65/><T117/><D5/><U34/><E34/><V69/><F69/><W134/><G134/><T27/><D27/><U81/><E90/><V60/><F0/><W38/><AGARI ba="3,2" hai="26,30,35,38,41,47,74,75,105,106,107" m="21535" machi="38" ten="30,2000,0" yaku="33,2" doraHai="132" who="3" fromWho="3" sc="307,-8,213,-13,230,-8,230,49" /><INIT seed="2,0,0,4,0,116" ten="299,200,222,279" oya="2" hai0="56,67,54,41,134,28,34,128,105,7,5,39,80" hai1="58,100,68,24,63,85,90,30,109,37,112,84,71" hai2="52,114,113,10,15,91,94,73,78,61,131,51,135" hai3="129,120,81,29,26,118,69,14,132,107,93,111,20"/><V133/><F61/><W18/><G107/><T32/><D105/><U89/><E37/><V104/><F104/><W13/><G118/><T122/><D122/><U12/><E100/><V77/><F131/><W106/><G106/><T47/><D128/><U125/><E12/><V44/><F114/><W88/><G120/><T35/><D134/><N who="2" m="51210" /><F73/><W126/><G69/><T59/><D28/><U92/><E112/><V127/><F127/><W79/><G111/><T60/><REACH who="0" step="1"/><D80/><REACH who="0" ten="289,200,222,279" step="2"/><U97/><E125/><V40/><F113/><W65/><G126/><T36/><D36/><U74/><E109/><V119/><F119/><W117/><G81/><T76/><D76/><U50/><E74/><V4/><F40/><W53/><G79/><T108/><D108/><U45/><E71/><V83/><F83/><W115/><G117/><T110/><D110/><U98/><E68/><V99/><AGARI ba="0,1" hai="4,10,15,44,51,52,77,78,91,94,99" m="51210" machi="99" ten="30,3000,0" yaku="20,1,54,1" doraHai="116" who="2" fromWho="2" sc="289,-10,200,-10,222,40,279,-10" /><INIT seed="2,1,0,2,4,73" ten="279,190,262,269" oya="2" hai0="96,23,25,8,121,15,39,127,104,0,60,57,46" hai1="54,93,69,112,40,86,103,28,102,30,95,90,132" hai2="62,48,128,85,67,56,118,123,78,89,52,99,111" hai3="87,27,134,44,43,34,16,88,83,110,129,119,98"/><V77/><F123/><W63/><G119/><T41/><D121/><U38/><E69/><V106/><F118/><W26/><G110/><T53/><D127/><U19/><E112/><V92/><F111/><W135/><G129/><T10/><D0/><U130/><E130/><V124/><F124/><W31/><G63/><T100/><REACH who="0" step="1"/><D15/><REACH who="0" ten="269,190,262,269" step="2"/><U45/><E132/><V66/><F128/><W20/><REACH who="3" step="1"/><G98/><REACH who="3" ten="269,190,262,259" step="2"/><T71/><D71/><U9/><E103/><V5/><F99/><W2/><G2/><T13/><D13/><U29/><E102/><V105/><F105/><W101/><G101/><T108/><D108/><U114/><E114/><V3/><F106/><W74/><G74/><T79/><D79/><N who="2" m="30218" /><F3/><W116/><G116/><T84/><D84/><U37/><E86/><V81/><F5/><W21/><G21/><T75/><D75/><U122/><E122/><V64/><F81/><W117/><G117/><T126/><D126/><U91/><E95/><V65/><N who="2" m="16384" /><DORA hai="32" /><V76/><F76/><W97/><G97/><T120/><D120/><U115/><E93/><V1/><F1/><W50/><AGARI ba="1,2" hai="16,20,26,27,31,34,43,44,50,83,87,88,134,135" machi="50" ten="30,7900,0" yaku="1,1,0,1,54,2,53,0" doraHai="73,32" doraHaiUra="125,49" who="3" fromWho="3" sc="269,-21,190,-21,262,-40,259,102" /><INIT seed="3,0,0,1,1,26" ten="248,169,222,361" oya="3" hai0="32,21,17,22,77,68,30,11,128,45,102,84,38" hai1="85,129,13,55,34,53,63,107,4,19,83,58,112" hai2="114,35,111,23,66,116,135,49,96,41,93,60,119" hai3="90,57,121,105,132,25,48,52,10,130,76,110,101"/><W92/><G130/><T0/><D68/><U62/><E34/><V74/><F114/><W73/><G121/><T5/><D128/><U16/><E107/><V33/><F74/><W97/><G132/><T12/><D102/><U123/><E129/><V104/><F104/><W1/><G110/><T88/><D77/><U44/><E123/><V100/><F135/><W125/><G125/><T8/><D38/><U94/><E112/><V31/><F111/><W29/><G1/><T115/><D45/><U117/><E117/><V87/><F35/><W18/><G18/><T79/><D79/><U82/><E4/><V109/><F33/><W80/><G10/><T133/><D133/><U72/><E72/><V59/><F87/><W61/><G61/><T70/><D70/><U118/><E118/><V50/><F109/><W56/><G56/><T122/><D122/><U43/><E43/><V108/><F108/><W37/><G37/><T7/><D115/><U75/><E75/><V131/><F49/><W71/><G71/><T67/><D67/><U47/><E19/><V89/><F131/><W24/><G76/><T3/><D17/><U15/><E15/><V113/><F113/><W42/><G73/><T14/><D14/><U46/><E63/><V106/><F106/><W95/><G42/><T40/><D40/><U64/><E94/><N who="2" m="58391" /><F41/><W98/><G105/><T6/><D6/><U9/><REACH who="1" step="1"/><E82/><REACH who="1" ten="248,159,222,361" step="2"/><V126/><F116/><W28/><G80/><N who="0" m="49159" /><D3/><U36/><E36/><V120/><F119/><W65/><G92/><T78/><D0/><U20/><E20/><V134/><F23/><RYUUKYOKU ba="0,1" sc="248,-10,159,30,222,-10,361,-10" hai1="9,13,16,44,46,47,53,55,58,62,64,83,85" owari="238,4.0,189,-31.0,212,-19.0,361,46.0" /></mjloggm>