<mjloggm ver="2.3"><GO type="97" lobby="0"/><UN n0="%73%75%6E%61%30%30%30" n1="%E5%87%BA%E5%BC%B5%E6%97%8F" n2="%E5%B0%B1%E6%B4%BB%E7%94%9F%40%E5%B7%9D%E6%9D%91%E8%BB%8D%E5%9B%A3" n3="%E3%83%AD%E3%83%9C%E3%82%B3%E3%83%97" dan="14,14,15,15" rate="1918.04,1875.98,2062.86,1982.92" sx="M,M,M,M"/><TAIKYOKU oya="0"/><INIT seed="0,0,0,4,2,80" ten="250,250,250,250" oya="0" hai0="92,109,10,128,9,124,91,21,32,107,121,24,29" hai1="6,3,7,51,26,33,43,90,134,52,102,122,119" hai2="110,45,41,34,105,55,108,129,16,62,67,31,126" hai3="35,93,25,54,116,111,19,59,113,50,114,47,28"/><T5/><D107/><U44/><E122/><V87/><F105/><W40/><G116/><T63/><D121/><U106/><E119/><V98/><F98/><W65/><G111/><N who="2" m="42537" /><F34/><W86/><G65/><T97/><D109/><U53/><E134/><V120/><F31/><W127/><G127/><T100/><D124/><U22/><E33/><V58/><F126/><W99/><G19/><T73/><D73/><U2/><E106/><V123/><F129/><W117/><G117/><T85/><D128/><U46/><E102/><V118/><F118/><W84/><G114/><T61/><D32/><U20/><E90/><V8/><F87/><W70/><G70/><T68/><D68/><U125/><E125/><V74/><F74/><W69/><G69/><T42/><D42/><U39/><E3/><V103/><F103/><W17/><G17/><T56/><D5/><U83/><E83/><V14/><F67/><W37/><REACH who="3" step="1"/><G113/><REACH who="3" ten="250,250,250,240" step="2"/><T112/><D112/><U104/><E7/><V38/><AGARI ba="0,1" hai="8,14,16,38,41,45,55,58,62,120,123" m="42537" machi="38" ten="30,2000,0" yaku="14,1,54,1" doraHai="80" who="2" fromWho="2" sc="250,-10,250,-5,250,30,240,-5" /><INIT seed="1,0,0,2,1,88" ten="240,245,280,235" oya="1" hai0="101,4,2,127,67,81,38,117,58,121,86,30,131" hai1="16,0,108,123,90,130,71,15,35,20,93,78,3" hai2="12,37,74,96,19,50,61,39,113,21,34,98,135" hai3="52,92,14,56,120,95,40,72,126,18,41,36,134"/><U8/><E123/><V60/><F34/><W65/><G120/><T13/><D38/><U25/><E71/><V103/><F74/><W47/><G72/><T109/><D121/><U76/><E130/><V55/><F113/><W68/><G134/><T31/><D67/><U63/><E3/><V97/><F135/><W116/><G116/><T45/><D45/><U100/><E100/><V128/><F128/><W62/><G41/><T49/><D101/><U85/><E108/><V129/><F129/><W7/><G7/><T133/><D131/><U51/><E51/><V87/><F103/><W48/><G126/><T110/><D133/><U54/><E54/><V77/><F39/><W26/><G26/><T118/><D2/><U46/><E46/><V89/><F77/><W112/><G112/><T17/><D4/><N who="1" m="1031" /><E63/><V43/><F43/><W73/><G73/><T107/><D107/><U125/><E125/><V22/><F22/><AGARI ba="0,0" hai="14,18,22,36,40,47,48,52,56,62,65,68,92,95" machi="22" ten="30,12000,2" yaku="7,1,24,2,52,2,54,1" doraHai="88" who="3" fromWho="2" sc="240,0,245,0,280,-120,235,120" /><INIT seed="2,0,0,2,2,66" ten="240,245,160,355" oya="2" hai0="40,3,42,32,65,109,54,50,13,74,120,10,95" hai1="80,30,21,28,108,18,25,38,114,72,121,35,4" hai2="98,52,6,59,61,89,46,113,83,81,45,24,37" hai3="26,134,14,85,11,41,86,71,68,57,94,96,67"/><V33/><F113/><W36/><G134/><T7/><D74/><U20/><E38/><V8/><F33/><W1/><G1/><T39/><D120/><U132/><E114/><V130/><F130/><W70/><G26/><T48/><D32/><U31/><E72/><V58/><F37/><W73/><G73/><T90/><D109/><U44/><E44/><V103/><F24/><W16/><G36/><T122/><D122/><U60/><E60/><V123/><F123/><W63/><REACH who="3" step="1"/><G41/><REACH who="3" ten="240,245,160,345" step="2"/><T115/><D39/><U99/><E132/><V51/><F89/><AGARI ba="0,1" hai="11,14,16,57,63,67,68,70,71,85,86,89,94,96" machi="89" ten="40,12000,2" yaku="1,1,2,1,52,3,54,1,53,0" doraHai="66" doraHaiUra="97" who="3" fromWho="2" sc="240,0,245,0,160,-120,345,130" /><INIT seed="3,0,0,0,4,64" ten="240,245,40,475" oya="3" hai0="104,74,115,86,70,61,16,56,9,119,52,62,97" hai1="17,18,37,71,103,33,114,122,135,22,75,53,66" hai2="111,36,20,31,46,99,107,96,94,124,102,93,117" hai3="7,45,80,12,91,101,87,48,82,126,10,1,65"/><W30/><G126/><T134/><D74/><U68/><E122/><V128/><F46/><W24/><G65/><T127/><D119/><U112/><E33/><V38/><F20/><N who="3" m="15623" /><G1/><T92/><D127/><U125/><E75/><V110/><F31/><W131/><G131/><T4/><D134/><U67/><E125/><V28/><F28/><W51/><G101/><T79/><D115/><U14/><E135/><V81/><F38/><W19/><G7/><T63/><D104/><U77/><E37/><V13/><F13/><W27/><G27/><T132/><D132/><U118/><E77/><V133/><F36/><W105/><G105/><T106/><D106/><U47/><E103/><V6/><F6/><W55/><G51/><T90/><D16/><U42/><E42/><V57/><F57/><W0/><G0/><T121/><D121/><U43/><E43/><V59/><F59/><W15/><G15/><N who="0" m="5543" /><D70/><N who="1" m="26667" /><E18/><V95/><F124/><W26/><G26/><T83/><AGARI ba="0,0" hai="52,56,61,62,63,79,83,86,90,92,97" m="5543" machi="83" ten="30,2000,0" yaku="8,1,54,1" doraHai="64" who="0" fromWho="0" sc="240,20,245,-5,40,-5,475,-10" owari="260,6.0,240,-16.0,35,-46.0,465,56.0" /></mjloggm>