<mjloggm ver="2.3"><GO type="41" lobby="0"/><UN n0="%E5%B0%B1%E6%B4%BB%E7%94%9F%40%E5%B7%9D%E6%9D%91%E8%BB%8D%E5%9B%A3" n1="%73%69%62%69%79%61" n2="%E8%8F%AF%E5%AD%94%E9%9B%80" n3="%31%32%2D%31%33" dan="15,15,14,13" rate="1957.49,2029.76,1881.98,1904.53" sx="M,M,M,M"/><TAIKYOKU oya="0"/><INIT seed="0,0,0,5,0,44" ten="250,250,250,250" oya="0" hai0="17,82,9,135,21,119,66,37,110,76,16,94,83" hai1="85,53,24,77,54,112,20,106,52,117,62,25,30" hai2="45,1,63,48,131,87,46,102,116,80,88,133,39" hai3="81,115,73,33,18,111,38,3,23,47,68,58,105"/><T100/><D119/><U19/><E117/><V96/><F1/><W78/><G68/><T56/><D37/><U60/><E106/><V41/><F116/><W118/><G33/><T72/><D135/><U69/><E112/><V103/><F131/><W29/><G29/><T108/><D82/><N who="1" m="47311" /><E69/><V8/><F133/><W2/><G118/><T132/><D132/><U12/><E25/><V71/><F8/><AGARI ba="0,0" hai="8,12,19,20,24,30,52,53,54,60,62" m="47311" machi="8" ten="30,2000,0" yaku="8,1,54,1" doraHai="44" who="1" fromWho="2" sc="250,0,250,20,250,-20,250,0" /><INIT seed="1,0,0,5,5,53" ten="250,270,230,250" oya="1" hai0="32,42,81,3,38,74,73,124,46,123,29,34,28" hai1="125,30,69,0,134,19,132,129,20,56,13,84,80" hai2="18,22,67,51,17,27,122,24,58,99,68,93,35" hai3="72,127,98,77,102,16,106,71,12,135,25,90,118"/><U76/><E69/><V104/><F68/><W79/><G127/><T10/><D123/><U70/><E70/><V117/><F104/><W100/><G71/><T111/><D111/><U45/><E0/><V119/><F122/><W82/><G135/><N who="1" m="51754" /><E125/><V66/><F119/><W96/><G25/><N who="0" m="18447" /><D124/><U65/><E129/><V120/><F120/><W63/><G118/><T11/><D11/><U94/><E45/><V103/><F117/><W33/><G33/><T114/><D114/><U128/><E128/><V8/><F8/><W108/><G108/><T1/><D10/><U85/><E30/><V116/><F116/><W5/><G5/><T7/><D7/><U121/><E121/><V26/><F35/><W39/><G39/><T44/><D44/><U87/><E94/><V54/><F18/><W86/><G63/><AGARI ba="0,0" hai="13,19,20,56,63,65,76,80,84,85,87" m="51754" machi="63" ten="30,2900,0" yaku="20,1,52,1" doraHai="53" who="1" fromWho="3" sc="250,0,270,29,230,0,250,-29" /><INIT seed="1,1,0,4,2,124" ten="250,299,230,221" oya="1" hai0="74,81,97,75,55,9,85,22,53,37,50,28,89" hai1="70,38,73,119,36,110,98,54,67,115,71,127,40" hai2="66,105,8,82,114,90,27,108,6,87,42,69,111" hai3="23,116,43,46,10,113,63,104,51,126,60,11,4"/><U132/><E73/><V12/><F105/><W7/><G104/><T59/><D37/><N who="1" m="14443" /><E98/><V1/><F42/><W47/><G113/><T65/><D65/><U33/><E33/><V86/><F114/><W118/><G23/><T77/><D9/><U44/><E115/><V68/><F66/><W29/><G29/><T41/><D41/><U92/><E92/><V25/><F87/><W15/><G126/><T32/><D32/><U95/><E95/><V80/><F80/><W30/><G30/><T96/><D75/><U130/><E127/><V106/><F106/><W20/><G20/><T62/><D74/><U109/><E119/><V76/><F76/><W17/><G17/><T64/><D77/><U14/><E14/><V52/><F52/><N who="0" m="20042" /><D50/><N who="1" m="26887" /><E132/><V2/><F2/><W125/><G125/><T101/><D101/><U26/><E26/><AGARI ba="1,0" hai="22,26,28,59,62,64,81,85,89,96,97" m="20042" machi="26" ten="30,2000,0" yaku="8,1,54,1" doraHai="124" who="0" fromWho="1" sc="250,23,299,-23,230,0,221,0" /><INIT seed="2,0,0,1,2,123" ten="273,276,230,221" oya="2" hai0="101,77,74,34,55,89,133,82,72,35,85,31,110" hai1="61,12,56,50,10,126,134,109,98,59,104,0,69" hai2="58,111,90,36,135,25,45,18,23,131,28,80,41" hai3="21,29,130,33,78,117,7,53,81,97,87,6,99"/><V66/><F131/><W4/><G33/><T2/><D2/><U37/><E37/><V39/><F135/><W17/><G117/><T100/><D133/><U96/><E0/><V95/><F80/><W122/><G122/><T83/><D35/><U65/><E134/><V63/><F39/><W119/><G119/><T75/><D34/><U47/><E126/><V127/><F127/><W102/><G29/><T124/><D31/><U67/><E109/><V62/><F62/><W42/><G130/><T71/><D71/><U60/><E69/><V13/><F111/><W26/><G102/><N who="0" m="39531" /><D55/><U113/><E104/><V73/><F73/><N who="0" m="28266" /><D124/><U103/><E103/><V94/><REACH who="2" step="1"/><F90/><REACH who="2" ten="273,276,220,221" step="2"/><W64/><G42/><T114/><D114/><U93/><E113/><V46/><F46/><W52/><REACH who="3" step="1"/><G64/><REACH who="3" ten="273,276,220,211" step="2"/><T84/><D110/><U43/><E65/><V14/><F14/><W132/><G132/><T129/><D129/><U116/><E67/><V115/><F115/><W70/><G70/><T107/><D107/><U86/><E12/><V38/><F38/><W16/><G16/><T125/><D125/><U49/><E116/><V20/><AGARI ba="0,2" hai="13,18,20,23,25,28,36,41,45,58,63,66,94,95" machi="20" ten="20,12000,1" yaku="1,1,0,1,7,1,53,2" doraHai="123" doraHaiUra="88" who="2" fromWho="2" sc="273,-40,276,-40,220,140,211,-40" /><INIT seed="2,1,0,4,5,132" ten="233,236,360,171" oya="2" hai0="32,130,116,97,75,41,92,33,100,79,57,70,114" hai1="85,135,119,126,73,34,55,7,117,90,71,68,18" hai2="29,93,47,1,83,36,109,72,38,76,20,44,42" hai3="65,25,98,49,121,21,127,16,67,3,89,112,26"/><V69/><F109/><W17/><G3/><T46/><D70/><U105/><E73/><V51/><F1/><W101/><G121/><T106/><D114/><U35/><E105/><V103/><F69/><W80/><G112/><T48/><D116/><U52/><E7/><V4/><F4/><W14/><G49/><T64/><D130/><U45/><E18/><V95/><F103/><W120/><G120/><T86/><D64/><U91/><E85/><V50/><F38/><W60/><G127/><T128/><D57/><U62/><E62/><V9/><F9/><W6/><G6/><T107/><D107/><U94/><E94/><V39/><F39/><W115/><G115/><T28/><D28/><U74/><E74/><V31/><F36/><W113/><G113/><T82/><D128/><U10/><E10/><V43/><F31/><W61/><G89/><AGARI ba="1,0" hai="32,33,41,46,48,75,79,82,86,89,92,97,100,106" machi="89" ten="40,2600,0" yaku="24,2" doraHai="132" who="0" fromWho="3" sc="233,29,236,0,360,0,171,-29" /><INIT seed="3,0,0,1,3,114" ten="262,236,360,142" oya="3" hai0="46,16,48,90,75,128,111,119,43,127,68,13,122" hai1="135,100,27,4,77,118,97,82,63,9,7,59,8" hai2="23,20,131,93,37,85,106,38,57,6,117,62,56" hai3="34,95,42,102,79,74,107,83,113,11,0,29,5"/><W22/><G95/><T116/><D75/><U45/><E45/><V124/><F106/><W67/><G22/><T98/><D68/><U89/><E135/><V66/><F6/><W94/><G94/><T3/><D3/><U99/><E27/><V103/><F131/><W80/><G80/><T39/><D122/><U96/><E100/><V76/><F124/><W15/><G15/><T21/><D127/><U132/><E132/><V104/><F104/><W84/><G84/><T130/><D111/><U70/><E70/><V44/><F44/><W1/><G67/><T41/><D41/><U91/><E77/><V60/><F76/><W125/><G42/><T110/><D110/><U121/><E121/><V50/><F93/><W126/><G113/><T112/><D112/><U86/><E91/><V133/><F103/><W24/><REACH who="3" step="1"/><G0/><REACH who="3" ten="262,236,360,132" step="2"/><T92/><D39/><U73/><E82/><V26/><F85/><W105/><G105/><T18/><REACH who="0" step="1"/><D18/><REACH who="0" ten="252,236,360,132" step="2"/><U36/><E73/><V64/><F133/><W10/><G10/><T31/><D31/><U30/><E8/><V17/><F17/><W33/><G33/><T35/><D35/><U101/><E9/><V51/><F26/><W47/><G47/><T129/><AGARI ba="0,2" hai="13,16,21,43,46,48,90,92,98,116,119,128,129,130" machi="129" ten="30,12000,2" yaku="1,1,0,1,19,1,52,2,54,1,53,0" doraHai="114" doraHaiUra="123" who="0" fromWho="0" sc="252,140,236,-30,360,-30,132,-60" /><INIT seed="4,0,0,3,2,107" ten="392,206,330,72" oya="0" hai0="121,122,85,75,112,2,1,41,100,67,132,129,77" hai1="13,66,11,117,79,113,19,115,135,133,17,57,12" hai2="101,55,22,94,91,5,134,106,0,40,105,110,51" hai3="70,86,10,37,28,98,120,53,83,89,56,103,127"/><T92/><D41/><U30/><E79/><V54/><F40/><W84/><G70/><T87/><D67/><U45/><E45/><V35/><F35/><W71/><G71/><T9/><D9/><N who="1" m="6287" /><E57/><V34/><F34/><W42/><G120/><N who="0" m="46187" /><D2/><U125/><E66/><V18/><F5/><W128/><G28/><T114/><D1/><U109/><E109/><V65/><F0/><W50/><G10/><T24/><D24/><U29/><E117/><V31/><F31/><N who="1" m="11785" /><E125/><V60/><F110/><W73/><G127/><T124/><D124/><U76/><E76/><V99/><F134/><AGARI ba="0,0" hai="11,13,19,113,115,133,134,135" m="11785,6287" machi="134" ten="30,3900,0" yaku="20,1,34,2" doraHai="107" who="1" fromWho="2" sc="392,0,206,39,330,-39,72,0" /><INIT seed="5,0,0,2,2,108" ten="392,245,291,72" oya="1" hai0="33,14,98,125,59,73,94,42,57,34,35,85,83" hai1="118,87,39,27,134,3,28,75,21,20,65,63,112" hai2="19,78,48,107,86,132,62,7,91,123,1,127,111" hai3="101,72,82,23,68,64,18,4,52,104,79,26,44"/><U24/><E75/><V113/><F107/><W60/><G4/><T84/><D73/><U88/><E118/><V128/><F78/><W133/><G133/><T100/><D125/><U76/><E39/><V131/><F111/><W97/><G44/><T30/><D30/><U36/><E36/><V122/><F7/><W46/><G46/><T54/><D42/><U77/><E3/><V0/><F62/><W99/><G99/><T12/><D57/><N who="1" m="37103" /><E134/><V80/><F132/><W66/><REACH who="3" step="1"/><G68/><REACH who="3" ten="392,245,291,62" step="2"/><T121/><D121/><N who="2" m="46090" /><F127/><W25/><G25/><T38/><D38/><U89/><E24/><V103/><F103/><W115/><G115/><T124/><D124/><U105/><E27/><V109/><F109/><W116/><G116/><T90/><D14/><U67/><E76/><V50/><F113/><W6/><G6/><T114/><D12/><U95/><E77/><V71/><F71/><W69/><G69/><T126/><D114/><U56/><E112/><V55/><F19/><W58/><AGARI ba="0,1" hai="18,23,26,52,58,60,64,66,72,79,82,97,101,104" machi="58" ten="30,4000,0" yaku="1,1,0,1,54,1,53,0" doraHai="108" doraHaiUra="32" who="3" fromWho="3" sc="392,-10,245,-20,291,-10,62,50" /><INIT seed="6,0,0,0,4,7" ten="382,225,281,112" oya="2" hai0="27,109,4,120,56,123,49,74,81,57,55,118,32" hai1="23,63,82,117,99,93,2,50,26,126,42,1,98" hai2="3,22,91,5,61,9,79,43,86,38,21,11,85" hai3="36,44,71,59,121,37,70,124,129,131,0,54,25"/><V34/><F34/><W47/><G0/><T111/><D4/><U101/><E117/><V83/><F38/><N who="3" m="14955" /><G25/><T35/><D81/><U6/><E126/><V87/><F43/><W102/><G102/><T125/><D74/><U133/><E133/><V76/><F61/><W94/><G94/><T122/><D125/><U30/><E82/><N who="2" m="47303" /><F3/><W116/><G124/><T114/><D114/><U80/><E80/><N who="2" m="47391" /><F5/><W90/><G90/><T48/><D118/><U17/><E6/><V104/><F104/><W15/><G15/><T92/><D92/><U51/><E63/><V100/><F100/><W13/><G13/><T53/><D32/><U110/><E1/><V31/><F31/><AGARI ba="0,0" hai="27,31,35,48,49,53,55,56,57,109,111,120,122,123" machi="31" ten="40,1300,0" yaku="9,1" doraHai="7" who="0" fromWho="2" sc="382,13,225,0,281,-13,112,0" /><INIT seed="7,0,0,4,4,70" ten="395,225,268,112" oya="3" hai0="79,24,53,91,32,84,132,115,74,21,99,128,33" hai1="0,23,15,125,35,56,1,45,101,7,62,126,28" hai2="3,2,98,102,116,20,10,43,96,39,30,92,8" hai3="29,59,129,68,61,117,6,130,90,131,46,27,64"/><W13/><G117/><T87/><D74/><U44/><E101/><V16/><F116/><W4/><G13/><T104/><D128/><U120/><E120/><V36/><F30/><W14/><G14/><T76/><D132/><U82/><E82/><V108/><F43/><W25/><G25/><T106/><D115/><U124/><E45/><V88/><F108/><W54/><G90/><T72/><D72/><U52/><E35/><V113/><F113/><W121/><G121/><T95/><D33/><U71/><E71/><V12/><F10/><W89/><G89/><T37/><D37/><U109/><E109/><V73/><F73/><W111/><G46/><T55/><D32/><U133/><E133/><V105/><REACH who="2" step="1"/><F8/><REACH who="2" ten="395,225,258,112" step="2"/><W119/><G119/><T19/><D106/><U34/><E34/><V60/><F60/><N who="3" m="39943" /><G111/><T78/><D104/><U75/><E75/><V66/><F66/><W58/><G58/><T65/><D65/><U26/><E44/><V11/><F11/><AGARI ba="0,1" hai="0,1,7,11,15,23,26,28,52,56,62,124,125,126" machi="11" ten="40,2600,0" yaku="18,1,54,1" doraHai="70" who="1" fromWho="2" sc="395,0,225,36,258,-26,112,0" owari="395,50.0,261,6.0,232,-17.0,112,-39.0" /></mjloggm>