<mjloggm ver="2.3"><GO type="169" lobby="0"/><UN n0="%E3%81%BF%E3%81%8D%E3%81%BF%E3%81%8D%E2%99%AA" n1="%E3%82%8F%E3%81%A3%E3%81%93%E3%83%BC%E3%83%BB%EF%BC%A1%E3%83%BB%E3%83%8E" n2="%E9%BB%92%E7%8A%AC%40%E3%81%A6%E3%82%93%E3%81%BB%E3%83%BC" n3="%E3%82%A6%E3%83%AB%E3%83%88%E3%83%A9%E7%AB%8B%E7%9B%B4" dan="17,16,16,17" rate="2132.21,2062.04,2011.85,2159.69" sx="M,M,F,M"/><TAIKYOKU oya="0"/><INIT seed="0,0,0,4,0,31" ten="250,250,250,250" oya="0" hai0="24,89,13,22,59,122,7,55,29,83,92,3,1" hai1="101,37,130,82,124,113,51,46,44,118,114,43,97" hai2="27,50,0,116,111,61,58,28,106,56,104,80,120" hai3="93,112,95,103,60,6,69,71,45,30,54,121,78"/><T84/><D122/><U57/><E118/><V40/><F0/><W5/><G112/><N who="1" m="43114" /><E130/><V63/><F120/><W102/><G121/><T15/><D3/><U123/><E123/><V90/><F116/><W14/><G30/><T107/><D107/><U11/><E124/><V20/><F111/><W70/><G78/><T96/><D1/><U33/><E11/><V133/><F133/><W25/><G25/><T32/><D7/><U16/><E82/><V62/><F106/><W99/><G14/><T68/><D68/><U65/><E16/><V73/><F104/><W12/><G12/><T23/><D23/><U35/><E57/><V19/><F73/><W132/><G132/><T8/><D8/><U72/><E65/><V36/><F36/><W66/><G54/><T26/><D26/><U126/><E72/><V18/><F19/><W135/><G45/><T88/><REACH who="0" step="1"/><D22/><REACH who="0" ten="240,250,250,250" step="2"/><U10/><E10/><V39/><F28/><W42/><G135/><T49/><AGARI ba="0,1" hai="13,15,24,29,32,49,55,59,83,84,88,89,92,96" machi="49" ten="20,18000,2" yaku="1,1,2,1,0,1,7,1,52,1,54,1,53,0" doraHai="31" doraHaiUra="75" who="0" fromWho="0" sc="240,190,250,-60,250,-60,250,-60" /><INIT seed="0,1,0,2,3,134" ten="430,190,190,190" oya="0" hai0="8,64,93,56,125,126,95,28,99,123,44,0,13" hai1="109,60,57,34,127,97,89,71,84,5,120,91,33" hai2="12,66,19,112,90,77,26,130,85,42,58,61,15" hai3="21,74,54,124,63,94,81,36,88,65,39,53,104"/><T29/><D123/><U6/><E120/><V133/><F112/><W43/><G104/><T46/><D0/><U20/><E71/><V118/><F133/><W38/><G21/><T114/><D114/><U37/><E37/><V116/><F77/><W47/><G81/><T24/><D64/><U27/><E109/><V59/><F42/><W48/><G74/><T131/><D131/><U98/><E34/><V111/><F111/><W49/><G124/><N who="0" m="47723" /><D56/><U62/><E33/><V73/><F73/><W51/><G88/><N who="0" m="55719" /><D95/><U18/><E127/><V69/><F59/><N who="3" m="37119" /><G94/><T30/><D24/><U100/><E57/><V122/><F58/><W68/><G68/><T96/><D96/><U3/><E3/><V45/><F122/><W9/><G9/><T31/><D31/><U103/><E97/><V17/><F130/><W80/><G80/><T108/><D108/><U101/><E98/><V110/><F69/><W4/><G4/><AGARI ba="1,0" hai="4,8,13,28,29,30,44,46" m="55719,47723" machi="4" ten="30,12000,1" yaku="18,1,52,3,54,1" doraHai="134" who="0" fromWho="3" sc="430,123,190,0,190,0,190,-123" /><INIT seed="0,2,0,4,2,5" ten="553,190,190,67" oya="0" hai0="114,135,103,132,0,12,16,83,111,18,75,125,44" hai1="31,70,68,84,27,8,51,45,38,67,30,65,60" hai2="119,39,121,22,108,99,93,129,53,59,87,81,105" hai3="115,133,42,20,128,89,113,32,64,13,94,82,123"/><T120/><D114/><U97/><E38/><V61/><F39/><W79/><G32/><T47/><D120/><U34/><E31/><V101/><F121/><W55/><G123/><T69/><D0/><U88/><E97/><V24/><F119/><W50/><G128/><T4/><D125/><U15/><E67/><V74/><F129/><W104/><G104/><T122/><D122/><U48/><E70/><V3/><F3/><W98/><G133/><N who="0" m="51275" /><D69/><U127/><E45/><V26/><F108/><W109/><G109/><T92/><D4/><U33/><E33/><V134/><F134/><W7/><G64/><T35/><D35/><U106/><E106/><V71/><F71/><W91/><G91/><T49/><D49/><U124/><E124/><V96/><F74/><W52/><G42/><T11/><D18/><U102/><E102/><V130/><F130/><W28/><G55/><T85/><D75/><U76/><E76/><V86/><F81/><W6/><G115/><T1/><D1/><U117/><E117/><V21/><F26/><W95/><G95/><T73/><D73/><U118/><E118/><V17/><REACH who="2" step="1"/><F21/><REACH who="2" ten="553,190,180,67" step="2"/><W40/><G20/><T56/><D111/><U63/><E127/><V57/><F57/><W90/><G113/><T112/><D56/><U110/><E110/><V58/><F58/><W131/><G131/><T66/><D112/><U23/><E34/><V72/><F72/><W10/><G82/><T36/><D36/><U37/><E37/><V116/><F116/><W2/><G2/><T41/><D83/><N who="1" m="49183" /><E68/><V80/><F80/><W62/><G79/><RYUUKYOKU ba="2,1" sc="553,-10,190,-10,180,30,67,-10" hai2="17,22,24,53,59,61,86,87,93,96,99,101,105" /><INIT seed="1,3,1,0,3,26" ten="543,180,210,57" oya="1" hai0="52,7,3,101,132,30,88,86,77,2,15,109,79" hai1="61,131,56,20,55,104,127,116,10,5,8,128,72" hai2="73,66,29,93,114,68,63,78,110,134,25,117,126" hai3="6,91,41,58,99,22,51,94,53,28,71,87,106"/><U133/><E116/><V75/><F117/><W16/><G71/><T123/><D109/><U70/><E127/><V83/><F110/><W98/><G106/><T111/><D111/><U14/><E133/><V33/><F134/><W122/><G122/><T81/><D101/><U49/><E72/><V100/><F126/><W23/><G6/><T1/><D123/><U120/><E120/><V4/><F4/><W107/><G107/><T74/><D74/><U108/><E104/><V102/><F114/><W35/><G35/><T47/><D132/><U96/><E96/><V38/><F38/><W32/><G32/><T42/><D79/><U27/><E10/><V124/><F124/><W34/><G34/><T92/><D15/><U115/><E115/><V95/><REACH who="2" step="1"/><F75/><REACH who="2" ten="543,180,200,57" step="2"/><W37/><G37/><T31/><D7/><U97/><E108/><V67/><F67/><W90/><G41/><T130/><D42/><U82/><E5/><V12/><F12/><N who="3" m="9479" /><G90/><T11/><D3/><U103/><E14/><V84/><F84/><W59/><G59/><T80/><D2/><U24/><E56/><V64/><F64/><W118/><G118/><T121/><D1/><U46/><E70/><V89/><F89/><W76/><G76/><T85/><D77/><U17/><E131/><V129/><F129/><W69/><G69/><T9/><D130/><U43/><E128/><V119/><F119/><W54/><G54/><T36/><D52/><U135/><E135/><V105/><F105/><W113/><G113/><T50/><D36/><U39/><E39/><V18/><F18/><W48/><G91/><RYUUKYOKU ba="3,2" sc="543,-10,180,-10,200,30,57,-10" hai2="25,29,33,63,66,68,73,78,83,93,95,100,102" /><INIT seed="2,4,2,4,5,41" ten="533,170,230,47" oya="2" hai0="10,35,82,48,9,125,109,58,95,7,116,76,91" hai1="6,30,127,83,63,52,49,39,74,92,53,90,129" hai2="88,60,64,36,33,38,40,115,118,105,119,14,28" hai3="132,106,87,50,5,78,135,47,59,81,111,68,57"/><V93/><F105/><W51/><G106/><T103/><D109/><U104/><E104/><V66/><F115/><W128/><G68/><T102/><D35/><U44/><E129/><V73/><F73/><W98/><G128/><T101/><D125/><U24/><E127/><V18/><F38/><W54/><G111/><T110/><D116/><U65/><E39/><V71/><F64/><W89/><G5/><T107/><D107/><U32/><E6/><V0/><F0/><W11/><G11/><T43/><D7/><U61/><E53/><V21/><F33/><W42/><G98/><T84/><D110/><U29/><E29/><V67/><F28/><W120/><G120/><T117/><D117/><U46/><E46/><V55/><F67/><W22/><G22/><T133/><D133/><U62/><E83/><V130/><F130/><W80/><REACH who="3" step="1"/><G59/><REACH who="3" ten="533,170,230,37" step="2"/><T25/><D58/><U122/><E122/><V94/><F119/><W45/><G45/><T75/><D10/><U13/><E44/><V3/><F118/><W16/><G16/><T8/><D9/><U34/><E34/><V69/><F71/><W27/><G27/><T77/><D25/><U20/><E32/><V134/><F69/><W15/><G15/><T126/><D8/><U23/><E13/><V113/><F14/><W4/><G4/><T1/><D1/><U99/><E20/><V112/><F21/><W70/><G70/><T114/><D126/><U2/><E2/><V96/><F3/><W85/><AGARI ba="4,3" hai="42,47,50,51,54,57,78,80,81,85,87,89,132,135" machi="85" ten="30,4000,0" yaku="1,1,0,1,52,1,53,0" doraHai="41" doraHaiUra="108" who="3" fromWho="3" sc="533,-14,170,-14,230,-24,37,82" /><INIT seed="3,0,0,2,0,84" ten="519,156,206,119" oya="3" hai0="72,105,106,37,28,94,127,42,25,31,122,49,27" hai1="120,134,97,48,6,41,81,88,69,80,125,50,53" hai2="90,121,32,8,110,126,99,1,103,89,128,26,77" hai3="54,39,79,111,52,102,5,34,38,59,133,113,116"/><W83/><G116/><T86/><D37/><U124/><E120/><V92/><F77/><W22/><G113/><T10/><D72/><U104/><E69/><V107/><F121/><W35/><G133/><T21/><D10/><U76/><E134/><V33/><F128/><W96/><G111/><T55/><D42/><U56/><E6/><V73/><F73/><W17/><G5/><T11/><D11/><U117/><E117/><V101/><F1/><W40/><G40/><T132/><D127/><N who="1" m="48715" /><E104/><V135/><F135/><W19/><G39/><T85/><D122/><U14/><E14/><V2/><F2/><W100/><G38/><T16/><D31/><U98/><E76/><V65/><F8/><W44/><G44/><T108/><D108/><U74/><E74/><V123/><F110/><W130/><G130/><T75/><D75/><U36/><E36/><V20/><F123/><W115/><G115/><T51/><D86/><N who="1" m="50255" /><E80/><V112/><F112/><W114/><G114/><T82/><D105/><U29/><E29/><V61/><F126/><W18/><G83/><T68/><D106/><U47/><AGARI ba="0,0" hai="41,47,48,50,53,56,97,98" m="50255,48715" machi="47" ten="30,4000,0" yaku="18,1,52,1,54,1" doraHai="84" who="1" fromWho="1" sc="519,-10,156,40,206,-10,119,-20" /><INIT seed="4,0,0,5,0,96" ten="509,196,196,99" oya="0" hai0="56,108,131,7,130,53,98,68,92,76,62,27,34" hai1="60,74,109,72,14,99,103,84,135,51,71,59,65" hai2="2,54,69,121,105,44,128,40,13,11,122,106,32" hai3="18,1,10,38,127,107,23,37,88,78,112,119,95"/><T67/><D108/><U29/><E109/><V120/><F69/><W80/><G119/><T16/><D76/><U41/><E135/><V57/><F32/><W9/><G112/><T111/><D7/><U47/><E84/><V64/><F2/><W117/><G127/><T85/><D85/><U20/><E71/><V12/><F64/><W101/><G117/><T123/><D123/><U5/><E5/><V93/><F93/><W124/><G124/><T133/><D133/><U83/><E83/><V114/><F114/><W77/><G1/><T97/><D34/><U82/><E82/><V36/><F128/><N who="0" m="49194" /><D92/><N who="1" m="58855" /><E14/><V39/><F39/><W46/><G38/><T28/><D28/><U75/><E75/><V31/><F31/><W22/><G107/><T30/><D30/><U50/><E50/><V87/><F87/><N who="3" m="50279" /><G37/><T66/><D111/><U25/><AGARI ba="0,0" hai="20,25,29,41,47,51,59,60,65,72,74" m="58855" machi="25" ten="30,2000,0" yaku="25,1,52,1" doraHai="96" who="1" fromWho="1" sc="509,-10,196,20,196,-5,99,-5" /><INIT seed="5,0,0,4,5,52" ten="499,216,191,94" oya="1" hai0="131,84,61,12,79,42,38,71,56,116,127,90,126" hai1="107,14,101,35,23,13,112,45,7,46,91,41,16" hai2="77,49,3,95,85,6,53,96,94,32,55,70,120" hai3="24,0,100,8,47,81,5,27,115,87,50,113,117"/><U98/><E35/><V119/><F70/><W26/><G117/><T92/><D71/><U62/><E112/><V86/><F32/><W33/><G100/><T22/><D116/><U123/><E123/><V132/><F119/><W133/><G133/><T110/><D110/><U73/><E73/><V102/><F120/><W76/><G33/><T11/><D79/><U19/><E7/><V75/><F132/><W44/><REACH who="3" step="1"/><G50/><REACH who="3" ten="499,216,191,84" step="2"/><T54/><D38/><U109/><E109/><V59/><F49/><W30/><G30/><T106/><D106/><U43/><E107/><V125/><F102/><W21/><G21/><T64/><D22/><U36/><E101/><V121/><F121/><W114/><AGARI ba="0,1" hai="0,5,8,24,26,27,44,47,76,81,87,113,114,115" machi="114" ten="40,5200,0" yaku="1,1,0,1,15,1,53,0" doraHai="52" doraHaiUra="17" who="3" fromWho="3" sc="499,-13,216,-26,191,-13,84,62" /><INIT seed="6,0,0,2,1,87" ten="486,190,178,146" oya="2" hai0="71,84,128,65,108,30,90,127,75,95,18,101,72" hai1="133,20,79,33,69,38,56,77,120,2,122,13,80" hai2="97,11,62,17,92,35,115,102,52,12,25,66,29" hai3="104,81,107,116,1,135,94,134,63,93,131,51,91"/><V100/><F115/><W46/><G1/><T61/><D108/><U126/><E69/><V8/><F8/><W64/><G116/><T118/><D127/><U58/><E33/><V74/><F74/><W32/><G32/><T43/><D128/><U23/><E2/><V130/><F130/><W5/><G5/><T36/><D30/><U39/><E126/><V99/><F52/><N who="3" m="29815" /><G131/><T9/><D101/><U117/><E80/><V19/><F17/><W14/><G14/><T86/><D84/><U125/><E125/><V34/><F34/><W68/><G81/><T73/><D118/><U6/><E13/><V57/><REACH who="2" step="1"/><F99/><REACH who="2" ten="486,190,168,146" step="2"/><N who="3" m="57791" /><G94/><T45/><D75/><U129/><E129/><V49/><F49/><W26/><G26/><T83/><D73/><U123/><E117/><V85/><F85/><W42/><G42/><T41/><D72/><U112/><E123/><V48/><F48/><W121/><G121/><T24/><D43/><U40/><E40/><V44/><F44/><W82/><G82/><T60/><D83/><U132/><E6/><V50/><F50/><W3/><G3/><T98/><D41/><U16/><E112/><V10/><F10/><W67/><G67/><T114/><D65/><U47/><E47/><V22/><F22/><W119/><G119/><T78/><D9/><U15/><E120/><V37/><F37/><W4/><G4/><T89/><D36/><U103/><E122/><V54/><F54/><W110/><G110/><T70/><D95/><U28/><E38/><V7/><F7/><W59/><G68/><T21/><D71/><U105/><E39/><RYUUKYOKU ba="0,1" sc="486,-15,190,-15,168,15,146,15" hai2="11,12,19,25,29,35,57,62,66,92,97,100,102" hai3="59,63,64,104,107,134,135" /><INIT seed="6,1,1,5,0,111" ten="471,175,183,161" oya="2" hai0="79,35,103,52,134,11,115,16,69,65,132,68,55" hai1="22,48,98,43,56,90,114,40,128,122,60,51,63" hai2="119,28,38,75,10,120,99,19,121,107,7,82,113" hai3="125,112,130,8,33,32,129,49,44,133,92,101,105"/><V116/><F38/><W45/><G105/><T127/><D35/><N who="3" m="13385" /><G125/><T124/><D79/><U37/><E122/><V24/><F19/><W1/><G133/><T123/><D103/><U14/><E37/><V66/><F66/><W20/><G20/><T31/><D31/><U80/><E128/><N who="3" m="49258" /><G49/><T3/><D3/><U46/><E114/><V70/><F113/><W83/><G83/><T0/><D115/><U76/><E98/><V131/><F70/><N who="0" m="27242" /><D123/><N who="2" m="47178" /><F131/><W118/><G118/><T62/><D62/><U29/><E90/><V23/><F23/><W94/><G112/><T71/><D71/><U4/><E29/><V93/><F93/><N who="3" m="35947" /><G101/><T108/><D124/><U64/><E63/><V61/><F61/><W58/><G58/><T47/><D127/><U91/><E91/><V110/><F110/><W2/><G8/><T13/><D108/><U59/><E59/><V41/><F116/><W18/><G18/><T39/><D16/><N who="1" m="10519" /><E51/><V54/><F119/><W27/><G27/><T12/><D39/><U100/><E100/><V50/><F24/><W42/><G42/><T87/><D132/><U67/><E43/><V104/><F41/><W88/><G88/><T109/><D109/><U9/><E67/><V15/><F28/><W72/><G72/><T117/><D65/><U84/><E9/><V17/><F17/><W81/><G81/><T6/><D11/><U126/><E126/><V25/><F25/><W78/><G78/><T97/><D134/><U26/><E26/><V53/><F50/><W30/><G30/><T86/><D117/><U96/><E96/><V106/><F99/><RYUUKYOKU ba="1,1" sc="471,-30,175,10,183,10,161,10" hai1="4,40,46,48,56,60,64,76,80,84" hai2="7,10,15,53,54,75,82,104,106,107" hai3="1,2,44,45" /><INIT seed="6,2,1,1,1,51" ten="441,185,193,171" oya="2" hai0="59,98,7,122,84,87,0,30,49,109,35,26,57" hai1="120,134,66,68,88,11,41,74,121,27,102,13,124" hai2="119,5,123,32,100,34,39,90,9,110,115,8,60" hai3="132,69,77,12,3,82,130,81,18,107,129,83,89"/><V29/><F39/><W92/><G3/><T2/><D109/><U23/><E134/><V55/><F119/><W105/><G69/><T126/><D122/><N who="1" m="47211" /><E124/><V40/><F123/><W76/><G132/><T99/><D98/><U15/><E102/><V19/><F100/><W112/><G112/><T97/><D99/><U63/><E74/><V48/><F110/><W58/><G58/><T118/><D97/><U67/><E67/><V17/><F115/><W70/><G70/><T108/><D57/><U24/><E41/><V106/><F40/><W85/><G12/><T10/><D84/><U135/><E135/><V104/><F29/><W43/><G18/><T93/><D2/><U75/><E75/><V61/><F48/><W44/><G44/><T28/><D30/><U114/><E114/><V96/><F96/><W50/><G50/><T111/><D49/><U25/><E88/><V73/><F73/><W47/><G47/><T71/><D126/><U4/><E15/><V33/><F33/><W125/><G43/><T45/><D118/><U95/><E95/><V80/><F90/><W14/><G14/><T86/><D108/><U131/><E131/><N who="3" m="50186" /><G125/><T103/><D35/><U42/><E42/><V65/><F65/><W113/><G113/><T64/><D64/><U79/><E79/><AGARI ba="2,1" hai="76,77,79,81,82,83,85,89,92,105,107" m="50186" machi="79" ten="30,3900,0" yaku="19,1,34,2" doraHai="51" who="3" fromWho="1" sc="441,0,185,-45,193,0,171,55" /><INIT seed="7,0,0,3,2,77" ten="441,140,193,226" oya="3" hai0="83,127,46,65,110,95,14,119,47,134,59,124,69" hai1="3,29,8,90,10,37,51,132,39,68,114,32,107" hai2="54,106,19,9,62,103,97,81,73,41,92,79,43" hai3="71,4,12,34,66,120,28,121,87,129,40,133,126"/><W86/><G87/><T7/><D95/><U85/><E114/><V102/><F102/><W117/><G40/><T55/><D110/><U21/><E132/><V80/><F106/><W48/><G48/><T125/><D119/><U11/><E107/><V23/><F9/><W44/><G44/><T22/><D134/><U18/><E68/><V36/><F36/><W33/><G86/><T94/><D94/><U112/><E112/><V78/><F54/><W13/><G66/><T15/><D65/><U100/><E100/><V98/><F62/><W25/><G4/><T116/><D69/><U38/><E3/><V1/><F1/><W130/><G117/><T35/><D35/><U75/><E75/><V24/><F98/><W67/><G67/><T115/><D116/><U16/><E32/><V104/><F104/><W135/><G71/><T122/><D47/><U111/><E111/><V108/><F108/><W20/><G34/><T131/><D46/><U0/><E0/><V88/><F103/><W50/><G33/><T82/><D115/><U93/><REACH who="1" step="1"/><E51/><REACH who="1" ten="441,130,193,226" step="2"/><V118/><F118/><W72/><G50/><T128/><D124/><U31/><E31/><V30/><F30/><W84/><G126/><T70/><D125/><U64/><E64/><V89/><F89/><W2/><G2/><T74/><D127/><U53/><E53/><V52/><F52/><W63/><G135/><T105/><D55/><U123/><E123/><V17/><F73/><W58/><G72/><T45/><D74/><U6/><E6/><V27/><F43/><W99/><G133/><T76/><D70/><RYUUKYOKU ba="0,1" sc="441,-10,130,30,193,-10,226,-10" hai1="8,10,11,16,18,21,29,37,38,39,85,90,93" owari="441,54.0,160,-34.0,183,-22.0,216,2.0" /></mjloggm>