<mjloggm ver="2.3"><GO type="97" lobby="0"/><UN n0="%E3%81%82%E3%82%93%E3%81%A9%E3%81%86%E3%82%8A%E3%82%93%E3%81%94" n1="%E6%84%9B%E5%AE%95%E6%B4%8B%E6%A6%8E%E3%81%AE%E5%BC%9F%E5%AD%90" n2="%6B%2D%74%61%6B%61%74%6F" n3="%E5%B0%B1%E6%B4%BB%E7%94%9F%40%E5%B7%9D%E6%9D%91%E8%BB%8D%E5%9B%A3" dan="14,14,15,15" rate="1940.21,2037.15,1989.70,2065.68" sx="F,M,M,M"/><TAIKYOKU oya="0"/><INIT seed="0,0,0,5,1,135" ten="250,250,250,250" oya="0" hai0="77,99,76,106,101,34,6,18,94,126,51,19,28" hai1="71,110,58,122,41,70,87,100,108,96,62,48,26" hai2="63,88,37,134,14,74,130,93,131,97,78,10,113" hai3="42,15,44,95,61,119,125,121,105,90,11,4,104"/><T98/><D6/><U29/><E122/><V23/><F37/><W67/><G121/><T73/><D126/><U43/><E87/><V65/><F134/><W82/><G119/><T102/><D73/><U91/><E91/><V115/><F23/><W13/><G125/><T49/><D77/><U117/><E117/><V83/><F14/><W72/><G72/><T75/><D75/><U60/><E71/><V38/><F38/><W0/><G82/><T45/><D76/><U9/><E9/><V132/><F10/><W22/><G22/><T81/><D81/><U2/><E2/><V127/><F132/><W53/><G53/><T33/><D51/><U27/><E62/><V92/><F127/><W109/><G109/><N who="1" m="42090" /><E48/><V35/><F35/><W66/><G104/><T47/><D47/><U89/><E89/><N who="2" m="55439" /><F63/><W118/><G105/><T12/><D28/><U111/><E111/><V50/><F65/><W64/><G118/><T114/><D19/><U80/><E80/><V46/><F50/><W112/><G61/><T79/><D79/><U16/><E16/><V20/><F46/><W24/><G44/><T31/><D31/><U86/><E86/><N who="2" m="52375" /><F20/><W8/><G42/><N who="1" m="15882" /><E29/><V21/><F21/><W85/><G0/><T54/><REACH who="0" step="1"/><D114/><AGARI ba="0,0" hai="74,78,83,113,114,115,130,131" m="52375,55439" machi="114" ten="30,3900,0" yaku="34,2,54,1" doraHai="135" who="2" fromWho="0" sc="250,-39,250,0,250,39,250,0" /><INIT seed="1,0,0,1,1,4" ten="211,250,289,250" oya="1" hai0="35,83,0,86,72,111,40,55,103,13,75,117,47" hai1="12,122,39,42,112,116,118,81,38,24,123,127,9" hai2="1,58,88,64,110,3,131,78,133,30,135,73,44" hai3="108,77,71,5,76,109,104,43,113,114,128,56,57"/><U98/><E112/><N who="3" m="43114" /><G71/><T105/><D0/><U54/><E127/><V7/><F110/><N who="3" m="42603" /><G104/><T11/><D117/><U100/><E118/><V65/><F131/><W36/><G128/><T134/><D134/><N who="2" m="51210" /><F44/><N who="3" m="23655" /><G5/><T90/><D111/><U126/><E116/><V130/><F130/><W29/><G29/><T115/><D115/><U25/><E126/><V45/><F30/><W33/><G33/><T132/><D132/><U2/><E2/><N who="2" m="523" /><F7/><W14/><G14/><T27/><D35/><U60/><E123/><V16/><F73/><W97/><G97/><T31/><D31/><U93/><E122/><V74/><F74/><W66/><G66/><T49/><D27/><U20/><E81/><V102/><F102/><W96/><G96/><T52/><D103/><U61/><E42/><V62/><F65/><W17/><G17/><T51/><D105/><U121/><E121/><V37/><F78/><AGARI ba="0,0" hai="56,57,76,77,78" m="23655,42603,43114" machi="78" ten="30,1000,0" yaku="14,1" doraHai="4" who="3" fromWho="2" sc="211,0,250,0,289,-10,250,10" /><INIT seed="2,0,0,0,3,62" ten="211,250,279,260" oya="2" hai0="28,47,77,89,38,6,30,87,99,46,114,63,90" hai1="58,74,106,125,75,12,107,33,53,69,35,135,115" hai2="78,133,102,134,112,41,7,79,122,67,66,64,17" hai3="70,52,121,92,42,10,55,0,96,39,73,44,13"/><V19/><F112/><W104/><G121/><T11/><D114/><U54/><E115/><V25/><F122/><W8/><G73/><T120/><D120/><U94/><E69/><V88/><F102/><W117/><G117/><T118/><D118/><U20/><E54/><V49/><F7/><W21/><G104/><T27/><D77/><N who="2" m="29194" /><F25/><W40/><G70/><T123/><D123/><U103/><E75/><V18/><F41/><W5/><G40/><T91/><D87/><U4/><E74/><V34/><F49/><W111/><G21/><T2/><D99/><U116/><E116/><V9/><F9/><W15/><G111/><T26/><D63/><U80/><E80/><V110/><F34/><W1/><G1/><T59/><D38/><U65/><E35/><V31/><F31/><W132/><G132/><N who="2" m="50793" /><F88/><W101/><G0/><T51/><D51/><U68/><E33/><V29/><F29/><W128/><G128/><T85/><D85/><U23/><E135/><V100/><F100/><W113/><G113/><T126/><D30/><U82/><E107/><V61/><F110/><W56/><G56/><AGARI ba="0,0" hai="17,18,19,56,61,64,66,67" m="50793,29194" machi="56" ten="30,11600,0" yaku="20,1,52,3" doraHai="62" who="2" fromWho="3" sc="211,0,250,0,279,116,260,-116" /><INIT seed="2,1,0,4,4,85" ten="211,250,395,144" oya="2" hai0="20,101,135,69,127,95,126,106,59,28,74,32,30" hai1="7,15,45,100,17,117,27,38,99,111,62,134,40" hai2="118,96,11,113,65,119,115,49,132,50,19,73,51" hai3="110,79,98,24,60,26,10,68,125,54,9,84,31"/><V33/><F73/><W97/><G125/><N who="0" m="47627" /><D69/><U67/><E117/><V23/><F33/><W47/><G110/><T88/><D74/><U82/><E111/><V90/><F11/><W80/><G68/><T46/><D32/><U13/><E134/><V128/><F132/><W35/><G24/><T61/><D135/><U81/><E7/><V114/><F65/><W120/><G120/><T78/><D78/><U123/><E123/><V87/><F96/><W64/><G64/><N who="0" m="38975" /><D46/><U105/><E27/><V92/><REACH who="2" step="1"/><F128/><REACH who="2" ten="211,250,385,144" step="2"/><W89/><G97/><N who="0" m="61743" /><D20/><U18/><E99/><AGARI ba="1,1" hai="28,30,88,95,99" m="61743,38975,47627" machi="99" ten="30,3900,0" yaku="18,1,52,1,54,1" doraHai="85" who="0" fromWho="1" sc="211,52,250,-42,385,0,144,0" /><INIT seed="3,0,0,0,4,128" ten="263,208,385,144" oya="3" hai0="106,99,86,135,114,53,67,41,65,123,75,92,117" hai1="100,127,110,26,82,122,45,55,39,105,54,13,88" hai2="131,56,5,35,27,21,19,61,94,124,1,102,70" hai3="111,74,47,101,52,33,62,108,112,4,126,17,2"/><W14/><G112/><T15/><D41/><U20/><E122/><V98/><F131/><W71/><G74/><T115/><D75/><U96/><E110/><N who="3" m="42026" /><G33/><T78/><D117/><U9/><E127/><V64/><F124/><W28/><G126/><T77/><D15/><U46/><E39/><V121/><F121/><W24/><G101/><N who="0" m="62783" /><D53/><U97/><E46/><V72/><F72/><W22/><G71/><T69/><D69/><U36/><E36/><V59/><F35/><N who="3" m="20871" /><G62/><T18/><D123/><U38/><E38/><V113/><F113/><W87/><G87/><T51/><D86/><U7/><E45/><V11/><AGARI ba="0,0" hai="1,5,11,19,21,27,56,59,61,64,70,94,98,102" machi="11" ten="30,1100,0" yaku="0,1" doraHai="128" who="2" fromWho="2" sc="263,-3,208,-3,385,11,144,-5" owari="260,6.0,205,-19.0,396,49.0,139,-36.0" /></mjloggm>