<mjloggm ver="2.3"><GO type="225" lobby="0"/><UN n0="%65%76%61%63%61%6E%69%61" n1="%6B%65%6E%6B%65%6E%32" n2="%56%65%6E%75%73%53%61%79" n3="%E3%83%88%E3%83%88%E3%83%AA%E5%85%88%E7%94%9F%31%39%E6%AD%B3" dan="16,16,17,18" rate="2157.53,2146.82,2153.57,2261.49" sx="M,M,M,F"/><TAIKYOKU oya="0"/><INIT seed="0,0,0,1,1,59" ten="250,250,250,250" oya="0" hai0="18,135,51,15,95,36,123,75,114,107,60,80,72" hai1="111,65,116,83,52,133,5,120,131,0,115,47,2" hai2="61,130,49,40,85,34,113,9,126,70,16,56,74" hai3="62,30,96,4,77,13,122,101,26,89,121,71,10"/><T118/><D114/><U93/><E120/><N who="3" m="46186" /><G89/><T45/><D123/><U64/><E116/><V105/><F74/><W21/><G77/><T24/><D107/><U102/><E5/><V7/><F34/><W57/><G71/><T69/><D118/><U6/><E6/><V31/><F105/><W44/><G44/><T99/><D36/><U55/><E47/><N who="2" m="25831" /><F70/><W125/><G125/><T128/><D128/><U17/><E0/><V66/><F113/><W88/><G101/><T82/><D75/><U100/><E2/><V11/><F31/><W109/><G109/><T117/><D72/><U19/><E111/><V38/><F38/><W76/><G76/><T27/><D135/><U1/><E133/><V87/><F130/><W127/><G127/><T12/><D117/><U86/><E131/><V73/><F73/><W68/><G68/><T35/><D35/><U92/><E115/><V134/><F134/><W14/><G10/><T28/><D28/><U43/><E43/><V110/><F110/><W33/><G4/><T124/><D124/><U98/><E102/><V42/><F42/><W84/><G96/><T58/><D69/><U23/><E98/><V78/><F78/><W50/><G50/><T41/><D99/><U106/><E106/><V94/><F126/><W32/><G33/><T39/><D39/><U90/><E100/><V29/><F29/><W63/><G32/><T112/><D112/><U54/><E1/><N who="2" m="239" /><F94/><N who="1" m="36457" /><E17/><V103/><F103/><W81/><G57/><T48/><D95/><U104/><E104/><V20/><F11/><W67/><G67/><T119/><D119/><RYUUKYOKU ba="0,0" sc="250,-30,250,10,250,10,250,10" hai1="19,23,52,54,55,64,65,83,86,90" hai2="16,20,56,61,66,85,87" hai3="13,14,21,26,30,62,63,81,84,88" /><INIT seed="1,1,0,4,0,50" ten="220,260,260,260" oya="1" hai0="83,28,78,19,93,79,25,88,118,51,71,30,66" hai1="82,99,41,61,70,87,52,35,80,104,47,81,57" hai2="42,69,120,129,119,58,6,12,0,18,27,72,60" hai3="65,29,8,107,73,67,127,75,84,96,112,34,98"/><U53/><E35/><V77/><F119/><W109/><G112/><T116/><D19/><U128/><E70/><V133/><F120/><W55/><G109/><T97/><D79/><U62/><E128/><V17/><F0/><W85/><G127/><T44/><D66/><U126/><E126/><V1/><F1/><W89/><G8/><T48/><D71/><U39/><E104/><V32/><F69/><W31/><G107/><T111/><D111/><U10/><E99/><V102/><F102/><W46/><G46/><T59/><D59/><N who="1" m="35047" /><E39/><V76/><F72/><W15/><G15/><T115/><D51/><N who="1" m="27119" /><E10/><N who="2" m="4183" /><F32/><W121/><G34/><T7/><D115/><U56/><E56/><V68/><F68/><W105/><G105/><T54/><D7/><U21/><E21/><V125/><F129/><W45/><G45/><T49/><D49/><U23/><E23/><N who="2" m="13807" /><F125/><W74/><G74/><T114/><D114/><U124/><E124/><V16/><F42/><W11/><G11/><T100/><D118/><U103/><E103/><V5/><F58/><W33/><G33/><T14/><D116/><U134/><E134/><V63/><F133/><W43/><G43/><T13/><D100/><U101/><E101/><V123/><F123/><W36/><G121/><T117/><D117/><U20/><E20/><V131/><F131/><W3/><G36/><T91/><D44/><U38/><E38/><V9/><F5/><W37/><G37/><T64/><D97/><U92/><E92/><V86/><F9/><W132/><G132/><T22/><D93/><U113/><E113/><V95/><F95/><RYUUKYOKU ba="1,0" sc="220,-10,260,30,260,-10,260,-10" hai1="53,57,62,80,81,82,87" /><INIT seed="1,2,0,2,5,15" ten="210,290,250,250" oya="1" hai0="60,46,91,130,50,104,99,86,30,13,133,59,93" hai1="71,109,100,107,61,124,47,37,43,83,55,38,134" hai2="29,57,117,101,51,112,73,68,78,75,65,31,129" hai3="84,42,70,76,81,18,4,49,116,2,115,20,114"/><U54/><E107/><V87/><F117/><W77/><G70/><T88/><D130/><U16/><E100/><V9/><F68/><W82/><G116/><T32/><D133/><U128/><E37/><V121/><F121/><W132/><G132/><T24/><D13/><U36/><E36/><V97/><F129/><W62/><G62/><T21/><D32/><U69/><E134/><V0/><F112/><W6/><G2/><T127/><D127/><U74/><E128/><V126/><F87/><N who="3" m="48551" /><G115/><T53/><D104/><U131/><E131/><V110/><F110/><W56/><G114/><T64/><D86/><U120/><E120/><V19/><F126/><W79/><G79/><T45/><D46/><U12/><E124/><V10/><F0/><W90/><G77/><T8/><D8/><U33/><E33/><V96/><F78/><W3/><G3/><T122/><D122/><U102/><E74/><V106/><F106/><W17/><G20/><T135/><D135/><U27/><E83/><V48/><F65/><W5/><G56/><T80/><D80/><U39/><E39/><V72/><F57/><W105/><G105/><T119/><D119/><U94/><E71/><V40/><F75/><W63/><G63/><T118/><D118/><U28/><E61/><V11/><F11/><W67/><G67/><T92/><D92/><U22/><E69/><V108/><F108/><W52/><G42/><T103/><AGARI ba="2,0" hai="21,24,30,45,50,53,59,60,64,88,91,93,99,103" machi="103" ten="20,12000,2" yaku="0,1,7,1,25,2,8,1,54,1" doraHai="15" who="0" fromWho="0" sc="210,126,290,-62,250,-32,250,-32" /><INIT seed="2,0,0,0,2,98" ten="336,228,218,218" oya="2" hai0="92,0,34,79,108,8,103,30,104,115,4,33,24" hai1="50,18,120,16,2,130,39,127,83,12,14,90,54" hai2="15,46,31,106,13,62,125,60,25,95,135,89,85" hai3="119,78,93,41,3,128,28,11,44,74,45,109,100"/><V124/><F106/><W94/><G119/><T102/><D115/><U40/><E2/><V32/><F135/><W123/><G123/><T117/><D117/><U42/><E39/><V133/><F133/><W75/><G109/><T23/><D108/><U81/><E120/><V66/><F46/><W87/><G128/><T43/><D79/><U7/><E7/><V68/><REACH who="2" step="1"/><F62/><REACH who="2" ten="336,228,208,218" step="2"/><W52/><G45/><T22/><D104/><U72/><E130/><V134/><F134/><W112/><G44/><T58/><D43/><U99/><E42/><V35/><F35/><W73/><G41/><T91/><D34/><U121/><E40/><V122/><F122/><W63/><G63/><T61/><D33/><U77/><E121/><V47/><F47/><W97/><G112/><T9/><D61/><U126/><E50/><V76/><F76/><W86/><G78/><T67/><D67/><U96/><E77/><V131/><F131/><W36/><G36/><T110/><D110/><U65/><E65/><V114/><F114/><W105/><G52/><T37/><D37/><U29/><E54/><V5/><F5/><W48/><G48/><T21/><D4/><U20/><E72/><V111/><F111/><W71/><G74/><T69/><D0/><U82/><E126/><AGARI ba="0,1" hai="13,15,25,31,32,60,66,68,85,89,95,124,125,126" machi="126" ten="40,7700,0" yaku="1,1,18,1,53,1" doraHai="98" doraHaiUra="80" who="2" fromWho="1" sc="336,0,228,-77,208,87,218,0" /><INIT seed="2,1,0,2,1,16" ten="336,151,295,218" oya="2" hai0="68,41,98,0,64,104,70,3,24,22,84,109,59" hai1="105,65,62,99,8,120,90,34,36,31,93,28,123" hai2="6,21,125,4,44,135,112,17,96,26,118,63,110" hai3="50,43,37,12,95,102,54,85,30,76,122,47,20"/><V115/><F118/><W69/><G122/><N who="1" m="46634" /><E36/><V83/><F135/><W71/><G102/><T55/><D41/><U67/><E34/><V75/><F125/><W33/><G33/><T40/><D84/><U129/><E129/><V25/><F110/><W91/><G76/><T56/><D64/><N who="1" m="24651" /><E62/><V116/><F63/><W74/><G74/><T133/><D98/><N who="1" m="57655" /><E8/><V13/><F116/><W121/><G121/><T100/><D68/><U45/><E45/><V101/><F44/><W35/><G35/><T92/><D70/><U58/><E58/><V126/><F126/><W10/><G37/><T130/><D56/><U111/><E111/><V53/><F115/><W52/><G69/><T134/><D130/><U42/><E42/><V82/><F112/><W7/><G71/><T81/><D40/><U5/><E5/><N who="2" m="2155" /><F75/><W88/><G91/><T107/><D109/><U108/><E108/><V60/><F60/><W127/><G127/><T1/><D134/><U46/><E46/><V80/><F53/><W51/><G51/><N who="0" m="31231" /><D133/><U57/><E57/><V94/><AGARI ba="1,0" hai="13,17,21,25,26,80,82,83,94,96,101" m="2155" machi="94" ten="30,3000,0" yaku="8,1,52,1" doraHai="16" who="2" fromWho="2" sc="336,-11,151,-11,295,33,218,-11" /><INIT seed="2,2,0,3,0,75" ten="325,140,328,207" oya="2" hai0="127,67,118,29,30,133,24,26,98,71,131,6,106" hai1="19,124,32,52,14,39,95,81,23,58,69,83,113" hai2="4,65,38,51,105,110,7,85,114,11,53,5,79" hai3="109,20,101,130,70,68,132,135,125,60,45,46,61"/><V9/><F38/><W36/><G101/><T63/><D127/><U111/><E69/><N who="3" m="26730" /><G20/><T97/><D131/><U27/><E39/><V88/><F114/><W93/><G93/><T86/><D133/><N who="3" m="51273" /><G125/><T2/><D118/><U49/><E111/><V74/><F65/><W94/><G94/><T18/><D86/><U16/><E113/><V119/><F119/><W15/><G15/><T35/><D18/><U128/><E128/><V90/><F110/><W123/><G130/><T126/><D126/><U31/><E124/><V50/><F74/><W62/><G109/><T13/><D2/><U134/><E134/><V33/><F33/><W34/><G34/><T82/><D106/><U116/><E116/><V84/><F105/><W78/><G78/><T12/><D82/><U108/><E108/><V112/><F112/><W115/><G115/><T92/><D6/><U37/><E37/><V107/><F107/><W25/><G25/><T54/><D98/><U77/><E77/><V57/><F79/><W28/><G28/><T56/><D29/><U44/><E44/><N who="3" m="17002" /><G36/><T129/><D26/><U76/><E76/><V87/><F11/><W96/><G96/><T47/><D129/><U43/><E43/><V17/><F9/><W64/><G123/><T59/><D13/><U120/><E120/><V121/><F121/><W3/><G3/><T117/><D12/><U21/><E95/><V73/><F73/><W102/><G102/><N who="0" m="60711" /><D117/><U1/><E1/><V104/><F104/><W48/><G64/><T55/><D67/><U89/><E89/><N who="2" m="34411" /><F17/><W91/><G91/><T22/><D35/><RYUUKYOKU ba="2,0" sc="325,-30,140,10,328,10,207,10" hai1="14,16,19,21,23,27,31,32,49,52,58,81,83" hai2="4,5,7,50,51,53,57,84,85,87" hai3="48,60,61,62" /><INIT seed="2,3,0,3,4,48" ten="295,150,338,217" oya="2" hai0="53,93,83,90,27,16,43,46,85,104,60,127,36" hai1="57,100,98,91,32,86,28,135,69,64,77,31,95" hai2="113,120,13,44,78,1,25,19,121,131,2,14,76" hai3="132,130,6,74,34,128,42,3,115,129,21,0,51"/><V56/><F44/><N who="3" m="26007" /><G34/><T67/><D104/><U75/><E69/><V116/><F25/><W81/><G132/><T109/><D109/><U133/><E77/><V70/><F70/><W29/><G115/><T59/><D127/><U23/><E32/><V52/><F113/><W40/><G40/><T17/><D27/><U117/><E75/><V66/><F116/><W65/><G6/><T8/><D8/><U4/><E4/><V71/><F71/><W79/><G65/><T134/><D134/><N who="1" m="51211" /><E23/><V124/><F66/><W84/><G29/><T99/><REACH who="0" step="1"/><D67/><REACH who="0" ten="285,150,338,217" step="2"/><U106/><E117/><V22/><F124/><W102/><G129/><T94/><D94/><U73/><E106/><V62/><F131/><W103/><G130/><T10/><D10/><U97/><E64/><V89/><F121/><W41/><G128/><T119/><D119/><U20/><E20/><V18/><F120/><W55/><G21/><T82/><D82/><U49/><E95/><V92/><F2/><W50/><G3/><T110/><D110/><U24/><E24/><N who="2" m="14423" /><F1/><W5/><G0/><T114/><D114/><U9/><E28/><V63/><F14/><W47/><G5/><T125/><D125/><U15/><E31/><V45/><F13/><W107/><G107/><T122/><D122/><U7/><E15/><V35/><F35/><W126/><G126/><T61/><D61/><U96/><E9/><V38/><F63/><W11/><G11/><T123/><D123/><U72/><E7/><V105/><F105/><W112/><G112/><T111/><D111/><U30/><E30/><V54/><F92/><RYUUKYOKU ba="3,1" sc="285,30,150,-10,338,-10,217,-10" hai0="16,17,36,43,46,53,59,60,83,85,90,93,99" /><INIT seed="3,4,1,3,1,131" ten="315,140,328,207" oya="3" hai0="3,56,6,103,11,29,64,20,51,58,130,87,79" hai1="96,61,41,50,28,42,23,12,25,13,73,69,134" hai2="90,119,54,5,47,71,77,125,46,38,17,127,129" hai3="120,107,135,59,108,30,18,66,19,52,10,36,128"/><W53/><G120/><T8/><D130/><U93/><E73/><V57/><F129/><W26/><G128/><T122/><D122/><U109/><E109/><V118/><F71/><W84/><G36/><T126/><D126/><N who="2" m="48138" /><F5/><W97/><G108/><T49/><D103/><U115/><E115/><V33/><F33/><W7/><G66/><T102/><D102/><U45/><E42/><N who="2" m="22871" /><F47/><W67/><G67/><T15/><D3/><U132/><E61/><N who="2" m="36023" /><F77/><W39/><G39/><T123/><D123/><U65/><E65/><V133/><F133/><N who="1" m="51305" /><E69/><V95/><F17/><W75/><G26/><N who="0" m="16583" /><D11/><U88/><AGARI ba="4,1" hai="12,13,23,25,28,41,45,50,88,93,96" m="51305" machi="88" ten="30,8000,1" yaku="20,1,52,3,54,1" doraHai="131" who="1" fromWho="1" sc="315,-24,140,102,328,-24,207,-44" owari="291,9.0,242,-16.0,304,41.0,163,-34.0" /></mjloggm>