<mjloggm ver="2.3"><GO type="169" lobby="0"/><UN n0="%7A%6B%75%72%74" n1="%E3%83%A1%E3%82%AB%E3%82%BC%E3%83%83%E3%83%88%E3%83%B3" n2="%E3%82%A6%E3%83%AB%E3%83%88%E3%83%A9%E7%AB%8B%E7%9B%B4" n3="%6B%69%79%6F%64%61%69" dan="17,17,17,18" rate="2104.85,2095.46,2154.86,2188.67" sx="M,M,M,M"/><TAIKYOKU oya="0"/><INIT seed="0,0,0,3,2,126" ten="250,250,250,250" oya="0" hai0="54,14,107,45,86,121,123,58,108,40,96,20,112" hai1="133,74,19,97,115,68,109,105,21,72,15,28,67" hai2="93,48,99,101,62,65,6,51,16,88,53,78,22" hai3="110,102,0,11,84,128,132,39,77,94,41,63,25"/><T35/><D35/><U2/><E2/><V36/><F36/><W1/><G41/><T130/><D112/><U38/><E38/><V122/><F122/><W103/><G39/><T34/><D34/><U50/><E115/><V9/><F78/><W33/><G33/><T83/><D108/><U75/><E109/><V37/><F37/><W55/><G25/><T27/><D14/><U70/><E133/><V82/><F53/><W79/><G94/><T117/><D117/><U81/><E81/><V7/><F51/><W131/><G110/><T120/><D45/><U56/><E28/><V49/><F48/><W66/><G55/><T85/><D40/><U87/><E87/><V23/><F49/><W114/><G114/><T31/><D83/><U64/><E50/><V29/><F9/><W43/><G43/><T116/><D116/><U4/><E4/><V100/><F29/><W71/><G132/><T98/><D107/><U46/><E46/><V118/><F23/><W80/><G79/><T135/><D135/><U44/><E44/><V59/><F118/><W61/><G61/><T60/><D130/><N who="3" m="49705" /><G0/><T95/><REACH who="0" step="1"/><D98/><REACH who="0" ten="240,250,250,250" step="2"/><U111/><E97/><V17/><F99/><W104/><G104/><T113/><D113/><U69/><E111/><V24/><F24/><W124/><G124/><T73/><D73/><U32/><E105/><V89/><F93/><W10/><G1/><T129/><D129/><U5/><E32/><V127/><F127/><W125/><G125/><T12/><D12/><U3/><E15/><V13/><F13/><W76/><G76/><T91/><AGARI ba="0,1" hai="20,27,31,54,58,60,85,86,91,95,96,120,121,123" machi="91" ten="30,6000,0" yaku="1,1,5,1,0,1,53,0" doraHai="126" doraHaiUra="47" who="0" fromWho="0" sc="240,70,250,-20,250,-20,250,-20" /><INIT seed="0,1,0,4,5,7" ten="310,230,230,230" oya="0" hai0="53,34,127,99,96,85,81,126,101,98,32,17,3" hai1="90,131,40,123,57,0,112,37,119,135,21,13,33" hai2="91,26,9,121,20,12,122,1,15,107,62,22,67" hai3="61,24,48,42,76,95,4,52,23,77,79,114,111"/><T14/><D3/><U28/><E0/><V2/><F107/><W132/><G114/><T84/><D53/><U58/><E33/><V68/><F2/><W29/><G111/><T30/><D101/><U41/><E123/><V102/><F102/><W74/><G132/><T60/><D60/><U88/><E135/><V73/><F73/><W129/><G129/><T130/><D130/><U117/><E131/><V104/><F104/><W39/><G39/><T103/><D103/><U8/><E112/><V27/><F1/><W106/><G106/><T128/><D128/><U108/><E108/><V18/><F91/><W46/><G4/><T134/><D134/><U31/><E119/><V75/><F75/><W93/><REACH who="3" step="1"/><G74/><REACH who="3" ten="310,230,230,220" step="2"/><T133/><D133/><U80/><E117/><V49/><F122/><W115/><G115/><T82/><D127/><U55/><E37/><V66/><F121/><W72/><G72/><T100/><D126/><U70/><E70/><V113/><F113/><W43/><G43/><T51/><D100/><U120/><E40/><V63/><F68/><W56/><AGARI ba="1,1" hai="23,24,29,42,46,48,52,56,61,76,77,79,93,95" machi="56" ten="30,7900,0" yaku="1,1,0,1,8,1,54,1,53,0" doraHai="7" doraHaiUra="109" who="3" fromWho="3" sc="310,-40,230,-21,230,-21,220,92" /><INIT seed="1,0,0,2,5,61" ten="270,209,209,312" oya="1" hai0="127,111,108,66,15,67,110,130,128,39,134,49,91" hai1="112,109,59,11,7,104,10,90,92,6,25,69,124" hai2="116,123,73,54,4,34,26,58,85,100,106,21,57" hai3="44,114,2,87,38,55,46,133,18,31,19,1,78"/><U40/><E69/><V41/><F73/><W3/><G114/><T121/><D39/><U102/><E112/><V115/><F34/><W65/><G31/><T131/><D121/><U20/><E124/><V52/><F41/><W62/><G133/><T98/><D134/><U56/><E40/><V63/><F116/><W0/><G0/><T82/><D127/><U118/><E118/><V79/><F4/><N who="1" m="1577" /><E102/><V29/><F123/><W75/><G75/><T24/><D15/><U28/><E104/><V89/><F79/><W51/><G44/><T47/><D24/><U32/><E32/><V126/><F126/><W94/><G38/><T122/><D122/><U113/><E113/><V80/><F115/><W76/><G76/><T16/><D16/><U125/><E109/><V33/><F33/><W132/><G132/><T84/><D98/><N who="1" m="57623" /><E125/><V101/><REACH who="2" step="1"/><F106/><REACH who="2" ten="270,209,199,312" step="2"/><W27/><G78/><T86/><D86/><U22/><E22/><V96/><F96/><W50/><G87/><T99/><D99/><U60/><E59/><V83/><F83/><W119/><G119/><T42/><AGARI ba="0,1" hai="42,47,49,66,67,82,84,91,108,110,111,128,130,131" machi="42" ten="40,8000,1" yaku="0,1,14,1,19,1,52,2" doraHai="61" who="0" fromWho="0" sc="270,90,209,-40,199,-20,312,-20" /><INIT seed="2,0,0,1,4,48" ten="360,169,179,292" oya="2" hai0="44,84,107,100,73,129,123,110,23,26,49,6,36" hai1="125,88,130,19,33,64,15,103,5,50,55,117,90" hai2="121,74,62,56,38,85,70,114,102,30,81,12,59" hai3="99,124,94,96,32,42,113,69,31,24,1,91,132"/><V111/><F121/><W28/><G69/><T2/><D73/><U9/><E33/><V105/><F114/><W119/><G1/><T22/><D36/><U115/><E117/><V95/><F38/><W17/><G119/><T83/><D123/><U134/><E115/><V54/><F111/><W20/><G124/><T97/><D129/><U133/><E125/><V4/><F70/><W120/><G120/><T51/><D110/><U67/><E103/><V63/><F30/><W87/><G132/><N who="1" m="50794" /><E130/><V75/><F105/><W68/><G68/><T7/><D51/><U40/><E40/><V53/><F95/><W118/><G118/><T0/><D0/><U131/><E5/><V65/><F102/><W104/><G104/><T78/><D2/><U126/><E131/><V35/><F35/><W16/><G42/><T77/><D77/><U8/><E8/><N who="2" m="4103" /><F75/><W127/><G127/><T112/><D22/><U46/><E126/><V21/><F74/><W58/><G113/><T106/><D106/><U98/><E98/><N who="3" m="37418" /><G32/><T45/><D112/><U79/><E79/><N who="2" m="46271" /><F21/><W25/><G28/><T135/><D135/><U89/><AGARI ba="0,0" hai="9,15,19,46,50,55,64,67,88,89,90" m="50794" machi="89" ten="30,4000,0" yaku="20,1,52,1,54,1" doraHai="48" who="1" fromWho="1" sc="360,-10,169,40,179,-20,292,-10" /><INIT seed="3,0,0,1,4,85" ten="350,209,159,282" oya="3" hai0="16,93,45,42,133,14,105,19,77,51,126,1,36" hai1="106,112,80,4,32,55,62,125,20,26,41,18,87" hai2="37,22,31,48,68,135,100,24,60,65,66,75,108" hai3="129,121,30,29,104,40,101,132,39,25,23,74,54"/><W99/><G121/><T81/><D105/><U46/><E106/><V110/><F37/><W35/><G74/><T7/><D126/><U88/><E112/><V5/><F75/><W113/><G113/><T115/><D133/><U124/><E4/><V119/><F119/><W64/><G132/><T6/><D115/><U44/><E32/><V114/><F114/><W38/><G40/><T117/><D117/><U83/><E83/><V21/><F135/><W127/><G127/><N who="1" m="48714" /><E41/><V47/><F5/><W3/><G3/><T90/><D36/><U8/><E8/><V91/><F100/><W128/><G30/><T56/><D56/><AGARI ba="0,0" hai="18,20,26,44,46,55,56,62,80,87,88" m="48714" machi="56" ten="30,3900,0" yaku="18,1,52,1,54,1" doraHai="85" who="1" fromWho="0" sc="350,-39,209,39,159,0,282,0" /><INIT seed="4,0,0,5,1,100" ten="311,248,159,282" oya="0" hai0="24,92,86,94,114,127,119,12,126,15,58,43,0" hai1="63,133,87,49,35,107,81,118,128,48,123,97,44" hai2="41,124,74,129,125,90,104,50,3,130,33,40,42" hai3="69,25,71,1,88,57,75,121,16,26,60,134,8"/><T34/><D0/><U95/><E35/><V2/><F33/><W83/><G69/><T120/><D119/><U30/><E30/><V82/><F50/><W37/><G37/><T77/><D120/><U66/><E118/><V39/><F39/><W62/><G71/><T65/><D114/><U7/><E7/><V38/><F38/><W59/><G75/><T93/><D43/><U115/><E123/><V99/><F74/><W106/><G106/><T9/><D77/><U31/><E31/><V27/><F27/><N who="3" m="10251" /><G1/><N who="2" m="9" /><F82/><W68/><G68/><T18/><D86/><U101/><E115/><V89/><F99/><W54/><G134/><T116/><D116/><U13/><E133/><V70/><F70/><W109/><G109/><T96/><D96/><U52/><E95/><V32/><F32/><W51/><G59/><T72/><D72/><U113/><E113/><V112/><F104/><W64/><G64/><T55/><D65/><U103/><E66/><V45/><F45/><W53/><G53/><T132/><D132/><U14/><E52/><V131/><F112/><W28/><G28/><T117/><D117/><U98/><E107/><V4/><F4/><W105/><G105/><T110/><D110/><U5/><E44/><V11/><F11/><W36/><G36/><T108/><D108/><U102/><E5/><V10/><F10/><W79/><G79/><T67/><D67/><U122/><E122/><V76/><F76/><W29/><G29/><N who="0" m="19751" /><D15/><U17/><E102/><V135/><F135/><W56/><G121/><T73/><D73/><U19/><E101/><V78/><F78/><RYUUKYOKU ba="0,0" sc="311,15,248,-15,159,15,282,-15" hai0="9,12,18,55,58,92,93,94,126,127" hai2="40,41,42,89,90,124,125,129,130,131" /><INIT seed="4,1,0,4,0,14" ten="326,233,174,267" oya="0" hai0="31,38,127,16,101,125,9,122,74,119,67,85,88" hai1="52,96,81,97,79,126,36,132,90,82,5,35,53" hai2="4,49,106,75,130,111,69,45,28,118,61,62,46" hai3="99,103,115,112,80,129,94,12,40,59,8,11,95"/><T73/><D122/><U89/><E35/><V133/><F106/><W86/><G129/><T2/><D119/><U68/><E68/><V87/><F75/><W71/><G71/><T83/><D38/><U20/><E36/><V50/><F28/><W27/><G40/><T124/><D31/><U48/><E5/><V22/><F4/><W63/><G95/><T109/><D109/><U10/><E10/><V70/><F22/><W93/><G93/><T34/><D34/><U42/><E132/><V6/><F87/><W114/><G27/><T60/><D101/><U92/><E126/><V51/><F6/><W55/><REACH who="3" step="1"/><G12/><REACH who="3" ten="326,233,174,257" step="2"/><N who="0" m="7183" /><D2/><U128/><E92/><V18/><F130/><W91/><AGARI ba="1,1" hai="8,11,55,59,63,80,86,91,94,99,103,112,114,115" machi="91" ten="30,4000,0" yaku="1,1,0,1,15,1,53,0" doraHai="14" doraHaiUra="29" who="3" fromWho="3" sc="326,-21,233,-11,174,-11,257,53" /><INIT seed="5,0,0,1,0,57" ten="305,222,163,310" oya="1" hai0="56,35,84,16,76,65,5,40,37,10,69,54,87" hai1="36,107,41,33,89,94,8,30,100,120,112,71,90" hai2="78,2,115,53,131,95,19,21,27,117,52,23,98" hai3="39,67,20,92,75,133,96,55,59,109,91,106,125"/><U72/><E71/><V9/><F117/><W93/><G39/><T45/><D35/><U81/><E120/><V99/><F131/><W124/><G75/><T63/><D76/><N who="1" m="44167" /><E90/><V68/><F68/><W49/><G106/><T121/><D121/><U79/><E79/><V61/><F115/><W118/><G118/><T102/><D102/><U24/><E8/><V113/><F113/><W50/><G67/><T51/><D16/><U3/><E112/><V83/><F98/><W22/><G50/><T82/><D82/><U70/><E70/><V134/><F134/><W62/><G133/><T26/><D26/><U4/><E94/><V73/><F23/><W28/><G28/><T80/><D80/><U104/><E89/><V6/><REACH who="2" step="1"/><F61/><REACH who="2" ten="305,222,153,310" step="2"/><W38/><G62/><T111/><D111/><U74/><E33/><V44/><F44/><W108/><G108/><T7/><D7/><U128/><E4/><V17/><F17/><W132/><G109/><T135/><D135/><U58/><E128/><V130/><F130/><W66/><G132/><T86/><D84/><U46/><E74/><V34/><F34/><W25/><G96/><T123/><D123/><U48/><E104/><V47/><F47/><W129/><G129/><T105/><D105/><U110/><E46/><V29/><F29/><W103/><G20/><T31/><D31/><U101/><E30/><V1/><F1/><AGARI ba="0,1" hai="1,5,10,37,40,45,51,54,56,63,65,69,86,87" machi="1" ten="30,7700,0" yaku="7,1,24,2,52,1" doraHai="57" who="0" fromWho="2" sc="305,87,222,0,153,-77,310,0" /><INIT seed="6,0,0,0,4,31" ten="392,222,76,310" oya="2" hai0="125,4,107,116,19,17,69,37,95,47,70,81,106" hai1="43,40,5,55,20,25,128,114,66,104,97,117,86" hai2="45,44,52,61,94,88,48,108,120,134,11,38,32" hai3="92,73,80,132,84,30,46,10,39,64,109,91,122"/><V42/><F120/><W110/><G122/><T79/><D116/><U121/><E117/><V133/><F108/><W21/><G132/><T85/><D125/><U68/><E121/><V27/><F11/><W53/><G64/><T100/><D4/><U72/><E72/><V36/><F36/><W35/><G35/><T99/><D69/><U22/><E5/><V127/><F127/><W7/><G30/><T130/><D70/><U28/><E128/><V16/><F61/><W131/><G21/><T96/><D130/><U9/><E9/><V126/><F126/><W76/><G131/><T115/><D115/><U23/><E114/><V105/><F105/><W124/><G124/><T54/><D106/><U51/><E86/><V13/><F13/><W1/><G53/><T8/><D8/><U98/><E66/><V112/><F112/><W65/><G65/><T33/><D33/><U63/><E63/><V60/><F60/><W14/><G14/><T2/><D2/><U15/><E68/><V57/><F45/><W113/><G113/><T56/><D47/><N who="1" m="28159" /><E22/><V93/><F93/><W75/><G73/><T26/><D37/><U41/><E104/><V103/><F103/><W58/><G58/><T87/><D100/><U50/><E50/><V0/><F0/><W82/><G92/><T12/><D107/><U62/><E62/><V135/><F32/><W77/><G76/><T49/><D49/><U3/><E3/><V29/><F29/><W119/><G119/><T59/><D79/><U83/><E83/><V67/><F133/><W24/><G24/><T111/><D26/><RYUUKYOKU ba="0,0" sc="392,-15,222,15,76,-15,310,15" hai1="15,20,23,25,28,40,41,43,97,98" hai3="1,7,10,39,46,75,77,80,82,84,91,109,110" /><INIT seed="7,1,0,0,3,71" ten="377,237,61,325" oya="3" hai0="33,36,108,52,112,7,0,114,118,75,5,26,11" hai1="21,132,1,39,87,60,110,58,6,2,27,97,113" hai2="133,115,98,55,120,95,54,124,103,99,86,81,13" hai3="4,49,15,96,29,59,28,25,30,46,38,76,69"/><W41/><G69/><T79/><D108/><U117/><E110/><V131/><F124/><W134/><G134/><T72/><D36/><U84/><E39/><V65/><F133/><W106/><G76/><T51/><D118/><U22/><E117/><V43/><F131/><W31/><G106/><T18/><D7/><U123/><E6/><V53/><F115/><N who="0" m="44074" /><D79/><U44/><E44/><V74/><F120/><W40/><G40/><T50/><D50/><U82/><E97/><V19/><F74/><W135/><G135/><T45/><D18/><U80/><E27/><V116/><F116/><W34/><G96/><T77/><D77/><U32/><E32/><V119/><F119/><W16/><G4/><T102/><D102/><U104/><E104/><V83/><F65/><W78/><G78/><T101/><D101/><U64/><E60/><V94/><F43/><W111/><G111/><T66/><D66/><U61/><E61/><V67/><F67/><W93/><G93/><T85/><D85/><U88/><E64/><V20/><REACH who="2" step="1"/><F86/><REACH who="2" ten="377,237,51,325" step="2"/><W90/><G90/><T9/><D9/><U62/><E88/><V73/><F73/><W100/><G100/><T63/><D63/><U35/><E113/><V125/><F125/><W23/><G59/><T48/><D48/><U57/><E132/><V107/><F107/><W127/><G127/><T92/><D92/><U109/><E123/><V68/><F68/><W89/><G89/><T129/><D129/><U8/><E109/><V24/><F24/><W12/><G49/><T17/><D75/><U47/><E8/><V128/><F128/><RYUUKYOKU ba="1,1" sc="377,-15,237,-15,51,15,325,15" hai2="13,19,20,53,54,55,81,83,94,95,98,99,103" hai3="12,15,16,23,25,28,29,30,31,34,38,41,46" /><INIT seed="7,2,1,1,4,97" ten="362,222,66,340" oya="3" hai0="68,81,76,37,57,35,85,53,40,13,86,118,127" hai1="58,130,119,47,4,122,69,109,113,124,63,128,51" hai2="15,106,66,101,5,45,87,72,29,54,41,55,38" hai3="96,60,10,30,94,59,49,116,104,46,18,120,31"/><W32/><G104/><T24/><D118/><U23/><E69/><V84/><F72/><W56/><G32/><T7/><D127/><U43/><E4/><V78/><F29/><N who="3" m="10763" /><G120/><T108/><D68/><U135/><E122/><V105/><F66/><W91/><G116/><T52/><D35/><U123/><E123/><V33/><F33/><W83/><G83/><T16/><D108/><U134/><E119/><V27/><F27/><W93/><G93/><T61/><D24/><U92/><E109/><V126/><F126/><W107/><G107/><T102/><D102/><U75/><E124/><V50/><F38/><W125/><G125/><T100/><D100/><U3/><E3/><V12/><F105/><W115/><G115/><T2/><D2/><U77/><E113/><V65/><F65/><W129/><G129/><N who="1" m="49770" /><E23/><V21/><F21/><W133/><G133/><T28/><D28/><U36/><E92/><V117/><F117/><W110/><G110/><T17/><D37/><U19/><E19/><N who="0" m="7241" /><D40/><U121/><E36/><V114/><F15/><N who="3" m="7543" /><G60/><T62/><D86/><U89/><E121/><V80/><F87/><W9/><G9/><N who="0" m="4287" /><D62/><U20/><E20/><V34/><F34/><W95/><G94/><T132/><D132/><U67/><E89/><V71/><F71/><W8/><G8/><T11/><D11/><U22/><E22/><V0/><F0/><W64/><G64/><AGARI ba="2,1" hai="52,53,57,61,64,76,81,85" m="4287,7241" machi="64" ten="30,3900,0" yaku="8,1,54,2" doraHai="97" who="0" fromWho="3" sc="362,55,222,0,66,0,340,-45" owari="417,51.0,222,-18.0,66,-43.0,295,10.0" /></mjloggm>