<mjloggm ver="2.3"><GO type="169" lobby="0"/><UN n0="%E2%91%A3%E3%82%BB%E3%83%B3%E3%83%81" n1="%E3%82%A6%E3%83%AB%E3%83%88%E3%83%A9%E7%AB%8B%E7%9B%B4" n2="%33%33%62%6C%61%63%6B" n3="%63%6F%6D%6F%34%36%32%32" dan="18,17,17,16" rate="2223.51,2149.24,2189.63,2043.95" sx="M,M,F,M"/><TAIKYOKU oya="0"/><INIT seed="0,0,0,4,4,17" ten="250,250,250,250" oya="0" hai0="113,124,60,37,38,49,72,66,5,53,47,78,27" hai1="99,81,16,59,55,18,36,79,96,92,134,13,115" hai2="128,116,63,33,21,122,9,95,70,102,24,83,42" hai3="41,129,62,84,40,26,32,2,31,43,88,104,45"/><T105/><D113/><U61/><E36/><V118/><F122/><W94/><G129/><T121/><D121/><U127/><E115/><V39/><F128/><W114/><G114/><T34/><D105/><U12/><E127/><V56/><F70/><W75/><G75/><T82/><D124/><U125/><E134/><V119/><F9/><W86/><G104/><T48/><D5/><U69/><E69/><V110/><F110/><W133/><G133/><T1/><D1/><U22/><E92/><V85/><F33/><W0/><G45/><T44/><D34/><U91/><E91/><N who="2" m="51647" /><F42/><W108/><G108/><T98/><D98/><U109/><E109/><V100/><F95/><W7/><G7/><T67/><D27/><U106/><E106/><V107/><F39/><W87/><REACH who="3" step="1"/><G62/><REACH who="3" ten="250,250,250,240" step="2"/><T135/><D135/><U103/><E125/><V117/><F107/><W35/><G35/><T14/><D60/><U3/><E103/><V25/><F102/><W29/><G29/><T54/><D38/><U120/><E120/><V73/><F73/><W123/><G123/><T77/><D37/><U97/><E3/><AGARI ba="0,1" hai="0,2,3,26,31,32,40,41,43,84,86,87,88,94" machi="3" ten="40,2600,0" yaku="1,1,54,1,53,0" doraHai="17" doraHaiUra="46" who="3" fromWho="1" sc="250,0,250,-26,250,0,240,36" /><INIT seed="1,0,0,0,3,9" ten="250,224,250,276" oya="1" hai0="37,100,75,49,40,76,65,11,38,62,88,3,34" hai1="60,118,28,105,43,18,23,31,63,122,86,22,106" hai2="90,102,113,6,129,69,33,117,124,116,120,84,36" hai3="55,20,25,12,13,24,71,42,10,77,133,8,99"/><U94/><E122/><V114/><F69/><W81/><G71/><T57/><D34/><U56/><E118/><N who="2" m="45675" /><F36/><W132/><G42/><T119/><D119/><U101/><E43/><V127/><F33/><W52/><G99/><T64/><D100/><U80/><E105/><V67/><F67/><W68/><G68/><T92/><D65/><N who="1" m="39047" /><E63/><V78/><F6/><N who="3" m="3159" /><G20/><N who="1" m="7722" /><E106/><V93/><F120/><W29/><G29/><T50/><D38/><U51/><E51/><V103/><F129/><W41/><G41/><T126/><D37/><U125/><E125/><N who="2" m="48203" /><F78/><W128/><G128/><T46/><D126/><U5/><E5/><V115/><AGARI ba="0,0" hai="84,90,93,102,103,113,114,115" m="48203,45675" machi="115" ten="40,8000,1" yaku="11,1,18,1,34,2" doraHai="9" who="2" fromWho="2" sc="250,-20,224,-40,250,80,276,-20" /><INIT seed="2,0,0,2,4,43" ten="230,184,330,256" oya="2" hai0="53,5,18,38,93,114,86,120,109,100,11,30,126" hai1="119,65,110,22,99,102,66,124,2,94,12,83,76" hai2="70,25,108,125,32,73,123,19,54,44,122,57,35" hai3="58,15,72,79,115,42,61,133,113,101,74,67,7"/><V26/><F70/><W41/><G133/><T130/><D120/><U98/><E2/><V39/><F73/><N who="3" m="28267" /><G79/><T36/><D114/><N who="3" m="43529" /><G101/><T89/><D109/><U85/><E124/><V131/><F125/><W37/><G37/><T75/><D126/><U40/><E110/><V91/><F108/><W90/><G90/><T8/><D130/><U104/><E119/><V10/><F91/><W132/><G132/><T49/><D75/><U48/><E104/><V128/><F128/><W68/><G68/><T60/><D30/><U95/><E95/><V14/><F131/><W0/><G0/><T23/><D60/><U13/><E98/><V112/><F112/><W81/><G81/><T46/><D100/><U134/><E134/><V1/><F1/><W29/><G29/><T97/><D97/><U3/><E3/><V45/><F39/><W127/><G127/><T24/><D11/><AGARI ba="0,0" hai="7,11,15,41,42,58,61,67" m="43529,28267" machi="11" ten="30,1000,0" yaku="11,1" doraHai="43" who="3" fromWho="0" sc="230,-10,184,0,330,0,256,10" /><INIT seed="3,0,0,4,0,101" ten="220,184,330,266" oya="3" hai0="120,129,123,126,18,97,54,59,25,110,52,99,71" hai1="118,13,117,88,119,39,35,76,4,24,127,87,122" hai2="125,38,40,112,44,22,8,27,72,1,3,56,29" hai3="111,75,92,45,116,95,115,11,2,128,43,78,70"/><W84/><G116/><T63/><D71/><U98/><E39/><V73/><F112/><W21/><G115/><T131/><D110/><U135/><E122/><N who="0" m="46633" /><D54/><U60/><E127/><V100/><F125/><W96/><G70/><T124/><D99/><U74/><E135/><V50/><F100/><W65/><G65/><T107/><D107/><U89/><E60/><V106/><F106/><W77/><G111/><T12/><D97/><U109/><E109/><V33/><F22/><W86/><G86/><T46/><D25/><U103/><E74/><V134/><F72/><W91/><G75/><T69/><D69/><U58/><E58/><V81/><F56/><W93/><G93/><T61/><D61/><U9/><E24/><V62/><F62/><W48/><G21/><N who="0" m="11463" /><D46/><U104/><E35/><V36/><F36/><W6/><REACH who="3" step="1"/><G128/><AGARI ba="0,0" hai="52,59,63,124,126,128,129,131" m="11463,46633" machi="128" ten="30,2000,0" yaku="19,1,54,1" doraHai="101" who="0" fromWho="3" sc="220,20,184,0,330,0,266,-20" /><INIT seed="4,0,0,2,5,34" ten="240,184,330,246" oya="0" hai0="99,104,121,49,127,9,7,24,73,133,39,48,94" hai1="103,40,81,91,43,10,108,130,93,65,106,5,27" hai2="11,134,120,41,31,0,116,95,19,54,112,129,84" hai3="90,66,83,69,123,77,59,98,62,113,30,45,70"/><T107/><D121/><U111/><E130/><V78/><F120/><W79/><G113/><T126/><D39/><U85/><E65/><V42/><F112/><W51/><G123/><T122/><D73/><U58/><E106/><N who="0" m="40489" /><D24/><U53/><E27/><V61/><F31/><W6/><G30/><T37/><D37/><U132/><E132/><V33/><F134/><W14/><G69/><T32/><D32/><U60/><E111/><V109/><F109/><W46/><G70/><T125/><D133/><U105/><E105/><V3/><F33/><W115/><G115/><T80/><D80/><U28/><E28/><V92/><F92/><N who="3" m="56599" /><G83/><T101/><D122/><U21/><E21/><V119/><F129/><W2/><G2/><AGARI ba="0,0" hai="2,7,9,48,49,94,99,101,125,126,127" m="40489" machi="2" ten="40,3900,0" yaku="18,1,52,1" doraHai="34" who="0" fromWho="3" sc="240,39,184,0,330,0,246,-39" /><INIT seed="4,1,0,4,5,20" ten="279,184,330,207" oya="0" hai0="96,126,6,81,77,39,51,102,4,80,55,23,129" hai1="76,86,29,35,91,57,73,84,63,25,125,40,68" hai2="128,109,53,108,121,1,34,131,22,135,3,124,44" hai3="16,27,36,33,42,89,30,85,59,75,72,49,103"/><T0/><D39/><U97/><E125/><V21/><F44/><W95/><G36/><T60/><D126/><U43/><E73/><V112/><F124/><W71/><G71/><T130/><D60/><U62/><E76/><V24/><F53/><W69/><G69/><T37/><D37/><U12/><E86/><V58/><F58/><W132/><G132/><T48/><D23/><N who="2" m="8714" /><F135/><W2/><G2/><N who="2" m="521" /><F121/><W117/><G16/><T114/><D0/><U110/><E110/><N who="2" m="42603" /><F112/><W122/><G122/><T52/><D114/><U9/><E97/><V10/><F10/><W87/><G87/><T119/><D77/><U134/><E68/><V38/><F38/><W107/><G75/><T88/><D96/><U90/><E134/><V118/><F118/><W98/><G72/><T106/><D102/><U74/><E74/><V100/><F100/><W19/><G19/><T70/><D70/><U56/><E56/><V15/><F15/><W17/><G17/><T41/><D41/><U83/><E91/><V54/><F54/><W92/><G117/><T45/><D119/><U78/><E90/><V133/><F133/><W18/><G18/><T99/><D88/><U105/><E62/><V127/><F127/><W14/><G14/><T47/><D99/><U13/><E13/><V28/><AGARI ba="1,0" hai="24,28,34,128,131" m="42603,521,8714" machi="28" ten="40,5200,0" yaku="34,2,52,1" doraHai="20" who="2" fromWho="2" sc="279,-27,184,-14,330,55,207,-14" /><INIT seed="5,0,0,1,5,13" ten="252,170,385,193" oya="1" hai0="128,18,12,19,103,109,75,73,53,86,25,10,133" hai1="94,32,125,77,2,26,11,24,100,92,112,67,97" hai2="61,118,83,99,57,40,132,63,98,43,41,76,6" hai3="129,121,58,60,1,50,134,78,110,22,56,3,9"/><U28/><E112/><V123/><F118/><W106/><G106/><T55/><D109/><U30/><E125/><V95/><F123/><W23/><G110/><T90/><D128/><U69/><E77/><V14/><F132/><W89/><G121/><T116/><D103/><U64/><E69/><V101/><F98/><W66/><G134/><T113/><D116/><U29/><E29/><V85/><F57/><W130/><G78/><T59/><D133/><U74/><E74/><V127/><F127/><W44/><G56/><T46/><D113/><U36/><E36/><V65/><F65/><W88/><G9/><AGARI ba="0,0" hai="6,9,14,40,41,43,61,63,76,83,85,95,99,101" machi="9" ten="40,1300,0" yaku="8,1" doraHai="13" who="2" fromWho="3" sc="252,0,170,0,385,13,193,-13" /><INIT seed="6,0,0,1,2,125" ten="252,170,398,180" oya="2" hai0="56,71,130,15,121,35,114,122,10,104,115,117,66" hai1="1,42,24,31,40,73,113,14,124,51,108,53,34" hai2="128,62,133,77,112,75,119,28,102,59,93,81,98" hai3="54,25,70,99,43,78,127,74,83,41,105,57,60"/><V84/><F119/><W110/><G110/><T126/><D104/><U33/><E1/><V116/><F116/><W5/><G127/><T80/><D117/><U89/><E73/><V64/><F112/><N who="0" m="43050" /><D126/><U82/><E108/><V134/><F128/><W120/><G120/><T69/><D35/><U29/><E124/><V47/><F47/><W30/><G5/><N who="0" m="3535" /><D130/><U132/><E132/><N who="2" m="50795" /><F28/><W16/><G70/><N who="0" m="26635" /><D80/><U67/><E113/><V94/><F94/><W100/><REACH who="3" step="1"/><G16/><REACH who="3" ten="252,170,398,170" step="2"/><T95/><D122/><U107/><E29/><V96/><F96/><W123/><G123/><T21/><D121/><U88/><E31/><V72/><AGARI ba="0,1" hai="59,62,64,72,75,77,81,84,93,98,102" m="50795" machi="72" ten="30,1500,0" yaku="20,1" doraHai="125" who="2" fromWho="2" sc="252,-5,170,-5,398,25,170,-5" /><INIT seed="6,1,0,1,5,43" ten="247,165,423,165" oya="2" hai0="127,2,81,93,86,18,100,3,30,119,87,62,15" hai1="133,58,78,57,63,113,124,123,55,79,71,61,44" hai2="116,34,97,125,49,77,48,13,32,17,4,37,27" hai3="67,101,128,24,84,45,21,73,39,110,50,131,26"/><V118/><F37/><W98/><G110/><T22/><D127/><U38/><E71/><V94/><F4/><W65/><G39/><T111/><D111/><U122/><E124/><V75/><F75/><W28/><G73/><T134/><D134/><U88/><E133/><V90/><F77/><W95/><G84/><T92/><D119/><U126/><E126/><V105/><F105/><W99/><G99/><T83/><D2/><U135/><E135/><V59/><F48/><W104/><G104/><T51/><D3/><U91/><E113/><V10/><F125/><W69/><G69/><T112/><D30/><U47/><E55/><V0/><F0/><W72/><G26/><T53/><D62/><U129/><E38/><V80/><F80/><W46/><G72/><T106/><D106/><U107/><E107/><V20/><F34/><W14/><G14/><T40/><D40/><U36/><E36/><V29/><F32/><W130/><G50/><T117/><D100/><U60/><REACH who="1" step="1"/><E61/><REACH who="1" ten="247,155,423,165" step="2"/><V76/><F118/><W5/><G5/><T16/><D112/><U42/><E42/><V66/><F116/><W82/><G82/><T114/><D114/><U56/><E56/><V120/><F59/><W7/><G7/><T102/><D117/><U74/><E74/><V68/><F68/><W31/><G31/><T108/><D83/><U89/><E89/><V8/><F90/><W64/><AGARI ba="1,1" hai="21,24,28,45,46,64,65,67,95,98,101,128,130,131" machi="64" ten="40,8000,1" yaku="0,1,19,1,52,2" doraHai="43" who="3" fromWho="3" sc="247,-21,155,-21,423,-41,165,93" /><INIT seed="7,0,0,4,0,42" ten="226,134,382,258" oya="3" hai0="12,119,56,129,112,127,52,72,38,13,8,87,27" hai1="62,50,96,5,18,115,121,30,7,81,14,111,4" hai2="33,80,105,95,94,88,106,103,44,133,51,46,79" hai3="55,2,61,109,17,86,58,43,99,0,135,98,100"/><W29/><G135/><T102/><D72/><U26/><E121/><V134/><F33/><W10/><G109/><T59/><D38/><U128/><E111/><V84/><F95/><W39/><G86/><T92/><D119/><U126/><E128/><V125/><F125/><W15/><G29/><T116/><D116/><U75/><E126/><V69/><F69/><W89/><G89/><N who="0" m="53311" /><D127/><U117/><E115/><V47/><F51/><W90/><G90/><T120/><D120/><U32/><E96/><N who="2" m="61671" /><F106/><W132/><G98/><T114/><D102/><U23/><E117/><V130/><F130/><W57/><G57/><T97/><D97/><U110/><E110/><V3/><F3/><W45/><G132/><N who="2" m="50793" /><F46/><W64/><G64/><T63/><D27/><U36/><E36/><V19/><F19/><W78/><G78/><T73/><D73/><AGARI ba="0,0" hai="44,47,73,79,80,84,88,94" m="50793,61671" machi="73" ten="30,8000,1" yaku="24,1,20,1,52,2,54,1" doraHai="42" who="2" fromWho="0" sc="226,-80,134,0,382,80,258,0" owari="146,-25.0,134,-37.0,462,56.0,258,6.0" /></mjloggm>