<mjloggm ver="2.3"><GO type="169" lobby="0"/><UN n0="%E3%82%A6%E3%83%AB%E3%83%88%E3%83%A9%E7%AB%8B%E7%9B%B4" n1="%E2%98%86%E2%98%85%E5%A4%A9%E6%B1%9F%E8%A1%A3%E2%98%85%E2%98%86" n2="%63%68%61%72%68%69%6D%65" n3="%E3%81%BF%E3%81%99%E3%81%A1%E3%82%87" dan="17,16,16,16" rate="2149.75,2068.97,2049.92,2080.57" sx="M,M,F,M"/><TAIKYOKU oya="0"/><INIT seed="0,0,0,1,5,118" ten="250,250,250,250" oya="0" hai0="23,6,135,34,58,96,41,26,54,112,106,37,53" hai1="5,74,18,2,80,57,45,92,111,3,39,88,28" hai2="117,8,113,42,48,108,9,22,38,69,17,0,95" hai3="84,56,101,128,62,19,66,52,55,77,103,91,13"/><T47/><D112/><U93/><E111/><V82/><F113/><W73/><G128/><T44/><D135/><U4/><E28/><V90/><F108/><W99/><G73/><T72/><D72/><U61/><E3/><V119/><F69/><W76/><G77/><T122/><D6/><U110/><E110/><V43/><F82/><W133/><G76/><T15/><D122/><U130/><E130/><V127/><F127/><W10/><G133/><T35/><D15/><U121/><E121/><V105/><F105/><W97/><G97/><T98/><D47/><U11/><E4/><V67/><F67/><W40/><G40/><N who="2" m="15401" /><F48/><W71/><G71/><T65/><D65/><U30/><E39/><V123/><F38/><W87/><G87/><T85/><D85/><U59/><E45/><V94/><F123/><W51/><G99/><T81/><D81/><U21/><E30/><V7/><F90/><W64/><G64/><T129/><D98/><U63/><E74/><V126/><F9/><W78/><G78/><T20/><D129/><U60/><E80/><V32/><F32/><W102/><REACH who="3" step="1"/><G51/><REACH who="3" ten="250,250,250,240" step="2"/><T134/><D96/><U36/><E36/><V46/><F119/><W107/><G107/><T132/><D106/><U79/><E79/><V16/><F117/><W89/><G89/><T1/><D132/><U100/><E100/><V33/><F95/><AGARI ba="0,1" hai="10,13,19,52,55,56,62,66,84,91,95,101,102,103" machi="95" ten="40,8000,1" yaku="1,1,8,1,54,1,53,1" doraHai="118" doraHaiUra="83" who="3" fromWho="2" sc="250,0,250,0,250,-80,240,90" /><INIT seed="1,0,0,3,4,110" ten="250,250,170,330" oya="1" hai0="84,21,103,85,10,26,16,116,93,71,115,5,38" hai1="122,102,89,135,87,8,36,23,1,56,43,53,60" hai2="118,100,79,96,41,73,74,101,12,97,55,64,130" hai3="50,37,76,58,77,86,82,15,48,91,14,3,98"/><U78/><E122/><V68/><F118/><W75/><G3/><T123/><D116/><U121/><E121/><V47/><F130/><W34/><G37/><T94/><D123/><U113/><E135/><V2/><F55/><W114/><G34/><T67/><D115/><U17/><E102/><V9/><F64/><W119/><G114/><T90/><D38/><U126/><E113/><V25/><F25/><W125/><G125/><T109/><D109/><U92/><E126/><V18/><F68/><W7/><G119/><T81/><D103/><U104/><E104/><V72/><F79/><W106/><G77/><T59/><D71/><U32/><E32/><V117/><F2/><W54/><G98/><T57/><D67/><U27/><E78/><V28/><F28/><W4/><G106/><T134/><D134/><U44/><E1/><V0/><F0/><W129/><G129/><T42/><D42/><U99/><REACH who="1" step="1"/><E8/><REACH who="1" ten="250,240,170,330" step="2"/><V22/><F117/><W31/><G76/><N who="0" m="46119" /><D94/><U95/><E95/><V63/><F9/><W6/><G82/><T65/><D65/><U112/><E112/><V62/><F101/><W111/><G111/><T46/><D93/><U66/><E66/><V108/><F108/><W107/><G107/><T39/><D10/><U131/><E131/><V80/><F100/><W52/><G91/><T40/><D90/><U13/><E13/><V83/><F80/><W69/><G15/><T19/><D26/><U88/><E88/><V24/><F83/><W105/><G105/><T128/><D128/><U35/><E35/><V70/><F24/><W124/><G124/><RYUUKYOKU ba="0,1" sc="250,-10,240,30,170,-10,330,-10" hai1="17,23,27,36,43,44,53,56,60,87,89,92,99" /><INIT seed="1,1,1,0,0,24" ten="240,270,160,320" oya="1" hai0="89,2,95,25,72,134,33,70,124,126,103,34,127" hai1="51,13,81,10,82,48,132,68,1,85,57,98,54" hai2="104,106,78,105,56,116,86,100,49,40,36,38,67" hai3="9,58,15,47,22,97,102,41,4,94,108,96,77"/><U3/><E132/><V19/><F116/><W6/><G108/><T16/><D134/><U93/><E68/><V53/><F100/><W44/><G77/><T60/><D2/><U63/><E1/><V75/><F75/><W128/><G128/><T123/><D72/><U61/><E3/><V120/><F120/><W71/><G71/><T66/><D103/><U73/><E73/><V111/><F111/><W135/><G135/><T37/><D37/><U59/><E98/><V43/><F67/><W83/><G83/><T79/><D79/><U113/><E93/><V29/><F19/><W65/><G97/><T121/><D33/><U131/><E131/><V87/><F78/><W28/><G6/><T109/><D109/><U91/><E82/><V14/><F14/><W7/><G7/><T80/><D80/><U118/><E113/><V84/><REACH who="2" step="1"/><F29/><REACH who="2" ten="240,270,150,320" step="2"/><W114/><G28/><N who="0" m="19727" /><D16/><N who="1" m="8247" /><E118/><V52/><F52/><AGARI ba="1,2" hai="48,51,52,54,57,59,61,63,81,85,91" m="8247" machi="52" ten="30,5800,0" yaku="8,1,54,2" doraHai="24" who="1" fromWho="2" sc="240,0,270,81,150,-61,320,0" /><INIT seed="1,2,0,0,0,77" ten="240,351,89,320" oya="1" hai0="106,94,95,5,113,128,105,25,45,131,63,1,24" hai1="114,78,13,109,8,125,28,0,68,43,56,129,83" hai2="76,123,48,46,91,54,9,87,75,71,88,126,17" hai3="33,58,74,12,61,80,130,133,111,100,69,3,29"/><U11/><E114/><V65/><F123/><W35/><G111/><T51/><D113/><U50/><E68/><V40/><F126/><W107/><G3/><T47/><D63/><U22/><E109/><V104/><F104/><W70/><G130/><N who="0" m="49707" /><D5/><U42/><E129/><V16/><F75/><W18/><G133/><T64/><D64/><U127/><E0/><V101/><F101/><W7/><G7/><T39/><D39/><U112/><E112/><V96/><F76/><W103/><G69/><T66/><D66/><U55/><E127/><V19/><F71/><W98/><G100/><T32/><D1/><U73/><E125/><V72/><F72/><W34/><G70/><T20/><D32/><U23/><E11/><V122/><F65/><W120/><G120/><T85/><D25/><U15/><E15/><N who="2" m="7279" /><F40/><W118/><G29/><N who="0" m="17543" /><D45/><U93/><E28/><V14/><F14/><W38/><G38/><T4/><D4/><U53/><E13/><V41/><F41/><W67/><G118/><T110/><D110/><U90/><E42/><V26/><F26/><W62/><G62/><T57/><D57/><N who="1" m="32951" /><E43/><V99/><F122/><W59/><G59/><T27/><D27/><U82/><E8/><V84/><F19/><W21/><G35/><T124/><D124/><U116/><E116/><V121/><F17/><W52/><G67/><T97/><D51/><N who="1" m="30847" /><E22/><V44/><F121/><W135/><G33/><T36/><D36/><U37/><E37/><V86/><F44/><W102/><G34/><T89/><D47/><U31/><E23/><V115/><F115/><W117/><G21/><RYUUKYOKU ba="2,0" sc="240,15,351,-15,89,15,320,-15" hai0="85,89,94,95,97,105,106" hai2="46,48,54,84,86,87,88,91,96,99" /><INIT seed="2,3,0,5,4,52" ten="255,336,104,305" oya="2" hai0="88,51,11,29,85,95,13,55,14,25,24,9,74" hai1="46,132,133,6,33,94,87,12,5,76,115,108,113" hai2="32,107,69,102,57,67,63,101,125,73,20,84,111" hai3="61,48,134,43,26,10,72,131,64,40,4,21,106"/><V96/><F125/><W93/><G106/><T65/><D65/><U35/><E108/><V78/><F102/><W38/><G134/><N who="1" m="51818" /><E46/><V16/><F111/><W117/><G131/><T17/><D74/><U79/><E94/><V110/><F32/><N who="1" m="12361" /><E87/><V123/><F123/><W7/><G38/><T31/><D29/><U120/><E120/><V60/><F110/><W82/><G117/><T77/><D31/><U121/><E121/><V42/><F42/><W135/><G135/><T8/><D77/><N who="1" m="29771" /><E12/><V103/><F73/><W23/><G82/><T53/><D53/><U81/><E81/><V83/><F96/><W119/><G72/><T68/><D68/><U28/><E28/><V34/><F107/><W59/><G119/><T44/><REACH who="0" step="1"/><D14/><REACH who="0" ten="245,336,104,305" step="2"/><U18/><E18/><V58/><F34/><W41/><G48/><T45/><D45/><U105/><E105/><V90/><F69/><W56/><G56/><T30/><D30/><U15/><E15/><N who="2" m="9247" /><F78/><W0/><G0/><T122/><D122/><U130/><E130/><V3/><F3/><W62/><G41/><T36/><D36/><U22/><E5/><V124/><F124/><W98/><G7/><T104/><D104/><U91/><E6/><V75/><F75/><W109/><G43/><T54/><D54/><AGARI ba="3,1" hai="54,57,58,60,63,67,83,84,90,101,103" m="9247" machi="54" ten="30,11600,0" yaku="8,1,52,2,54,1" doraHai="52" who="2" fromWho="0" sc="245,-125,336,0,104,135,305,0" /><INIT seed="2,4,0,5,3,3" ten="120,336,239,305" oya="2" hai0="7,93,127,95,123,39,33,60,78,22,31,85,25" hai1="109,97,122,112,49,91,103,54,62,23,67,71,130" hai2="55,44,110,117,81,59,36,108,24,51,2,133,135" hai3="121,126,17,116,30,75,29,1,87,10,57,77,83"/><V19/><F117/><W65/><G121/><T35/><D123/><U70/><E122/><V89/><F2/><W43/><G116/><T50/><D39/><U79/><E109/><N who="2" m="42091" /><F36/><W128/><G126/><T105/><D105/><U69/><E79/><V115/><F115/><W12/><G128/><T104/><D104/><U34/><E34/><V8/><F59/><W100/><G1/><T52/><D127/><U15/><E71/><V28/><F19/><W88/><G100/><T27/><D60/><U76/><E70/><V0/><F89/><W26/><G43/><T4/><D33/><U72/><E91/><V118/><F81/><W6/><G26/><T64/><D64/><U45/><E130/><V58/><F44/><W124/><G124/><T42/><D42/><U14/><E112/><V38/><F38/><W131/><G131/><T84/><D35/><U68/><E69/><V47/><F47/><W20/><G57/><N who="0" m="32919" /><D27/><U11/><E68/><V92/><F118/><W66/><G75/><T82/><D85/><U113/><E45/><V18/><F92/><AGARI ba="4,0" hai="4,7,22,25,31,78,82,84,92,93,95" m="32919" machi="92" ten="30,7700,0" yaku="8,1,52,2,54,1" doraHai="3" who="0" fromWho="2" sc="120,89,336,0,239,-89,305,0" /><INIT seed="3,0,0,2,0,27" ten="209,336,150,305" oya="3" hai0="94,87,101,12,134,124,90,37,10,34,43,81,57" hai1="22,88,71,68,7,123,74,1,61,98,115,48,129" hai2="51,85,121,110,35,21,16,60,40,55,69,89,119" hai3="14,113,75,125,31,56,64,42,50,41,19,18,33"/><W95/><G113/><T99/><D124/><U36/><E115/><V82/><F119/><W117/><G117/><T122/><D122/><U100/><E36/><V86/><F121/><W49/><G125/><T52/><D134/><U13/><E123/><V92/><F110/><W26/><G75/><T126/><D126/><U20/><E1/><V6/><F6/><W54/><G64/><T8/><D34/><U58/><E129/><V78/><F35/><W9/><G18/><T114/><D114/><U79/><E48/><V80/><F40/><W46/><REACH who="3" step="1"/><G95/><REACH who="3" ten="209,336,150,295" step="2"/><T47/><REACH who="0" step="1"/><D12/><REACH who="0" ten="199,336,150,295" step="2"/><U91/><E13/><N who="2" m="9359" /><F69/><W77/><G77/><T111/><D111/><U24/><E79/><V38/><F78/><W53/><AGARI ba="0,2" hai="9,14,19,26,31,33,41,42,46,49,50,53,54,56" machi="53" ten="20,7800,0" yaku="1,1,0,1,7,1,52,1,53,0" doraHai="27" doraHaiUra="83" who="3" fromWho="3" sc="199,-26,336,-26,150,-26,295,98" /><INIT seed="3,1,0,1,4,135" ten="173,310,124,393" oya="3" hai0="127,109,7,24,53,56,112,92,32,37,67,22,29" hai1="75,48,91,66,104,88,2,101,120,89,90,23,98" hai2="82,97,39,14,9,16,123,13,51,25,74,117,108" hai3="115,47,40,27,26,95,49,59,69,0,21,68,11"/><W73/><G115/><T10/><D112/><U85/><E120/><V54/><F117/><W114/><G114/><T34/><D37/><U20/><E2/><V107/><F108/><W103/><G73/><T46/><D109/><U8/><E75/><V122/><F39/><W106/><G106/><T28/><D127/><U78/><E78/><V126/><F126/><W30/><G59/><T38/><D29/><U60/><E8/><V77/><F25/><W100/><G100/><T64/><D92/><U128/><E48/><V65/><F65/><W17/><G0/><T43/><D64/><U132/><E132/><V41/><F41/><W58/><G58/><T116/><D67/><U134/><E134/><V110/><F110/><W1/><G1/><T6/><D116/><U57/><REACH who="1" step="1"/><E128/><REACH who="1" ten="173,300,124,393" step="2"/><V55/><F123/><W125/><G11/><T33/><REACH who="0" step="1"/><D10/><REACH who="0" ten="163,300,124,393" step="2"/><U83/><AGARI ba="1,2" hai="20,23,57,60,66,83,85,88,89,90,91,98,101,104" machi="83" ten="30,8000,1" yaku="1,1,2,1,0,1,54,1,53,1" doraHai="135" doraHaiUra="81" who="1" fromWho="1" sc="163,-21,300,103,124,-21,393,-41" /><INIT seed="4,0,0,0,2,97" ten="142,403,103,352" oya="0" hai0="13,35,95,51,120,29,108,27,55,61,68,9,62" hai1="113,81,119,10,71,65,16,14,64,86,77,59,4" hai2="6,15,111,69,88,0,83,85,37,115,54,101,63" hai3="112,133,17,106,105,104,74,60,66,121,24,33,132"/><T84/><D68/><U58/><E119/><V3/><F111/><W122/><G17/><T28/><D120/><N who="3" m="46185" /><G74/><T91/><D28/><U18/><E71/><V42/><F115/><W89/><G89/><T110/><D110/><U56/><REACH who="1" step="1"/><E113/><REACH who="1" ten="142,393,103,352" step="2"/><V47/><F69/><N who="3" m="42183" /><G112/><T44/><REACH who="0" step="1"/><D108/><REACH who="0" ten="132,393,103,352" step="2"/><U135/><E135/><V67/><F3/><W124/><G133/><T57/><D57/><U34/><E34/><V82/><F0/><W48/><G33/><T78/><D78/><U96/><E96/><V70/><F70/><W116/><G132/><T30/><D30/><U53/><E53/><V131/><F54/><W8/><G116/><T39/><D39/><U45/><E45/><V21/><F47/><W87/><G124/><T36/><D36/><U107/><E107/><V117/><F37/><W99/><G106/><T127/><D127/><U19/><AGARI ba="0,2" hai="4,10,14,16,18,19,56,58,59,64,65,77,81,86" machi="19" ten="30,7900,0" yaku="1,1,0,1,8,1,54,1,53,0" doraHai="97" doraHaiUra="125" who="1" fromWho="1" sc="132,-39,393,99,103,-20,352,-20" /><INIT seed="5,0,0,3,0,34" ten="93,492,83,332" oya="1" hai0="53,36,13,128,123,4,96,26,28,21,51,77,57" hai1="15,112,2,79,81,61,7,31,87,67,63,54,6" hai2="20,18,16,1,129,90,105,0,22,116,126,91,101" hai3="114,41,12,39,95,45,98,110,104,97,38,89,11"/><U121/><E121/><V17/><F116/><W119/><G110/><T102/><D128/><U68/><E2/><N who="2" m="1131" /><F101/><W84/><G114/><T24/><D36/><U117/><E112/><V50/><F50/><W23/><G23/><N who="2" m="8745" /><F129/><W109/><G109/><T48/><D123/><U83/><E54/><V92/><F92/><W14/><G119/><T66/><D66/><U3/><E63/><V65/><F65/><W132/><G39/><T72/><D72/><U49/><E61/><V108/><F108/><W62/><G62/><T78/><D51/><U37/><E67/><V29/><F29/><W42/><G45/><T35/><D35/><U127/><E31/><V85/><F85/><W76/><G95/><N who="0" m="58655" /><D26/><U27/><E27/><V32/><F32/><W122/><G42/><T113/><D113/><U130/><E49/><V40/><F40/><W33/><G33/><T44/><D57/><U94/><E117/><V71/><F71/><W5/><G41/><T125/><D78/><U52/><E87/><V82/><F82/><W69/><G84/><T100/><D77/><U80/><E94/><V9/><F9/><W58/><G11/><N who="0" m="4327" /><D100/><U93/><E79/><V133/><F133/><W47/><G76/><T106/><D106/><U134/><E93/><V107/><F126/><W118/><G104/><AGARI ba="0,0" hai="16,17,18,90,91,104,105,107" m="8745,1131" machi="104" ten="40,12000,2" yaku="28,2,52,3,54,1" doraHai="34" who="2" fromWho="3" sc="93,0,492,0,83,120,332,-120" /><INIT seed="6,0,0,0,4,29" ten="93,492,203,212" oya="2" hai0="123,133,26,119,103,109,121,33,22,92,58,15,120" hai1="16,111,70,91,75,65,21,59,73,64,88,3,50" hai2="79,30,130,76,52,87,6,14,80,117,127,105,43" hai3="128,8,74,67,45,4,10,39,110,115,116,37,5"/><V86/><F117/><W55/><G110/><T1/><D109/><U82/><E111/><V13/><F105/><W99/><G116/><T0/><D119/><U89/><E3/><N who="0" m="1097" /><D58/><U53/><E70/><V108/><F43/><W83/><G67/><N who="1" m="25674" /><E75/><V113/><F30/><W90/><G128/><T118/><D92/><U54/><E73/><V129/><F108/><W2/><G74/><T17/><D103/><U20/><E82/><N who="2" m="47431" /><F113/><W122/><G115/><T35/><D118/><U25/><E21/><V104/><F6/><W98/><G122/><T47/><D47/><N who="1" m="27871" /><E91/><V31/><F104/><W48/><G39/><T135/><D26/><U11/><E11/><V102/><F102/><W97/><G37/><T56/><D56/><U60/><AGARI ba="0,0" hai="16,20,25,54,59,60,88,89" m="27871,25674" machi="60" ten="30,4000,0" yaku="8,1,54,2" doraHai="29" who="1" fromWho="1" sc="93,-10,492,40,203,-20,212,-10" /><INIT seed="7,0,0,3,5,13" ten="83,532,183,202" oya="3" hai0="10,56,15,30,63,117,70,134,89,43,48,128,2" hai1="75,46,82,6,47,49,125,40,27,53,52,5,113" hai2="108,107,105,72,37,33,35,71,31,17,95,34,99" hai3="133,119,116,44,67,81,122,3,4,106,18,100,8"/><W80/><G122/><T60/><D117/><U29/><E113/><V131/><F108/><W123/><G123/><T69/><D128/><U68/><E125/><V12/><F72/><W66/><G100/><T16/><D134/><U135/><E135/><V21/><F37/><W88/><G44/><T50/><D2/><U79/><E68/><V115/><F115/><W118/><G18/><T51/><D30/><U36/><E53/><V25/><F71/><W120/><G120/><T121/><D121/><U9/><E9/><V129/><F107/><W85/><G106/><T42/><D70/><U26/><E26/><V61/><F61/><W94/><G133/><T78/><D78/><U55/><E55/><V124/><F105/><W32/><G32/><AGARI ba="0,0" hai="5,6,27,29,32,36,40,46,47,49,52,75,79,82" machi="32" ten="30,2000,0" yaku="7,1,54,1" doraHai="13" who="1" fromWho="3" sc="83,0,532,20,183,0,202,-20" owari="83,-42.0,552,66.0,183,-2.0,182,-22.0" /></mjloggm>