<mjloggm ver="2.3"><GO type="169" lobby="0"/><UN n0="%E3%80%90%E7%BD%AA%E6%AD%8C%E3%80%91" n1="%E3%82%AB%E3%83%9D%E3%83%8D%E5%9B%A3%E3%81%AE%E5%85%84%E8%B2%B4" n2="%E3%82%B7%E3%83%AB%E3%83%93%E3%82%A3" n3="%E3%82%A6%E3%83%AB%E3%83%88%E3%83%A9%E7%AB%8B%E7%9B%B4" dan="17,18,18,17" rate="2208.99,2218.03,2229.08,2183.46" sx="F,M,F,M"/><TAIKYOKU oya="0"/><INIT seed="0,0,0,5,4,63" ten="250,250,250,250" oya="0" hai0="1,128,9,103,90,41,52,30,14,7,62,132,16" hai1="64,116,117,22,121,127,105,58,91,36,59,51,23" hai2="83,89,11,88,26,133,24,0,79,106,97,39,35" hai3="101,99,27,126,70,118,95,82,31,102,42,77,67"/><T69/><D132/><U74/><E121/><V38/><F133/><W29/><G118/><T40/><D128/><U3/><E3/><V119/><F119/><W85/><G126/><T94/><D103/><U109/><E36/><V46/><F39/><W54/><G42/><T49/><D30/><U78/><E105/><V130/><F130/><W21/><G54/><T87/><D69/><U115/><E127/><V44/><F44/><W8/><G8/><T10/><REACH who="0" step="1"/><D62/><REACH who="0" ten="240,250,250,250" step="2"/><N who="1" m="37975" /><E116/><V60/><F60/><W32/><G70/><T13/><D13/><U55/><E117/><V72/><F0/><W108/><G102/><T12/><D12/><U113/><E113/><V37/><F26/><W15/><G15/><T92/><D92/><U120/><E115/><V25/><F25/><W86/><G31/><T17/><D17/><U68/><E68/><V50/><F24/><W110/><G32/><T34/><D34/><U134/><E134/><V73/><F35/><W123/><G123/><T135/><D135/><U80/><E120/><V28/><F28/><W33/><G33/><T20/><D20/><U61/><E22/><V93/><F93/><W48/><G21/><T112/><D112/><U6/><E23/><V122/><F122/><W124/><G27/><T43/><D43/><U5/><E61/><V104/><F104/><W2/><G29/><T19/><D19/><U96/><E5/><V71/><F106/><W114/><G2/><T98/><D98/><U125/><E6/><V65/><F71/><W75/><G124/><T4/><D4/><U56/><E125/><V107/><F107/><RYUUKYOKU ba="0,1" sc="240,30,250,-10,250,-10,250,-10" hai0="1,7,9,10,14,16,40,41,49,52,87,90,94" /><INIT seed="0,1,1,5,1,26" ten="270,240,240,240" oya="0" hai0="45,49,107,76,96,82,14,46,72,34,67,102,109" hai1="70,86,61,132,130,56,116,119,126,4,99,103,62" hai2="74,3,9,124,115,8,54,120,12,105,79,65,31" hai3="53,7,113,41,32,11,66,59,5,30,85,28,50"/><T27/><D109/><U131/><E4/><V95/><F105/><W110/><G113/><T23/><D67/><N who="1" m="41335" /><E86/><V71/><F115/><W52/><G110/><T63/><D63/><U25/><E25/><V69/><F120/><W108/><G108/><T6/><D34/><U29/><E29/><N who="3" m="11370" /><G32/><T73/><D73/><U10/><E10/><V128/><F3/><W16/><G66/><T42/><D46/><U117/><E99/><V78/><F65/><W17/><G41/><T77/><D77/><U2/><E103/><V81/><F71/><W133/><G133/><T106/><D106/><U47/><E2/><V94/><F69/><W0/><G0/><T1/><D14/><U64/><E132/><V57/><F31/><W127/><G127/><T39/><D49/><U19/><E19/><N who="3" m="7242" /><G11/><N who="0" m="2511" /><D27/><U92/><E126/><V121/><F124/><W44/><G85/><T40/><D40/><U20/><E20/><AGARI ba="1,1" hai="20,23,39,42,45,72,76,82,96,102,107" m="2511" machi="20" ten="30,1500,0" yaku="25,1" doraHai="26" who="0" fromWho="1" sc="270,28,240,-18,240,0,240,0" /><INIT seed="0,2,0,3,3,29" ten="298,222,240,240" oya="0" hai0="84,132,78,122,125,115,35,131,0,92,123,67,96" hai1="79,85,76,58,65,59,110,5,82,18,129,106,23" hai2="43,7,32,15,87,36,61,45,12,21,105,11,75" hai3="69,22,127,109,107,50,28,86,134,71,77,126,40"/><T25/><D67/><U104/><E129/><V98/><F75/><W20/><G107/><T14/><D0/><U66/><E5/><V30/><F87/><W26/><G134/><T121/><D115/><U70/><E110/><V112/><F112/><W83/><G109/><T60/><D132/><U116/><E116/><V119/><F119/><W68/><G40/><T17/><D60/><U57/><E76/><V108/><F108/><W39/><G50/><T114/><D114/><U47/><E70/><V34/><F61/><W62/><G62/><T64/><D64/><U93/><E104/><V94/><F105/><W128/><G128/><T72/><D72/><U2/><E2/><V97/><F97/><W16/><REACH who="3" step="1"/><G39/><REACH who="3" ten="298,222,240,230" step="2"/><T48/><D131/><U118/><E106/><V6/><F6/><W8/><G8/><T42/><D48/><U49/><E118/><V52/><F52/><W24/><AGARI ba="2,1" hai="16,20,22,24,26,28,68,69,71,77,83,86,126,127" machi="24" ten="40,5200,0" yaku="1,1,0,1,54,1,53,0" doraHai="29" doraHaiUra="100" who="3" fromWho="3" sc="298,-28,222,-15,240,-15,230,68" /><INIT seed="1,0,0,0,1,41" ten="270,207,225,298" oya="1" hai0="108,67,66,111,68,35,19,2,12,24,97,73,44" hai1="129,98,53,86,80,38,96,126,70,29,48,131,89" hai2="69,134,106,6,57,36,0,74,4,112,121,115,54" hai3="62,124,49,93,39,33,75,95,79,34,101,13,55"/><U5/><E38/><V117/><RYUUKYOKU type="yao9" ba="0,0" sc="270,0,207,0,225,0,298,0" hai2="0,4,6,36,54,57,69,74,106,112,115,117,121,134" /><INIT seed="1,1,0,5,3,58" ten="270,207,225,298" oya="1" hai0="24,99,15,90,64,65,63,69,23,10,134,109,131" hai1="40,91,104,117,127,59,80,82,72,121,118,88,49" hai2="66,39,108,47,54,57,114,42,12,62,105,55,120" hai3="122,126,128,32,48,86,76,29,87,60,100,5,4"/><U51/><E121/><V70/><F105/><W27/><G122/><T53/><D109/><U17/><E104/><V19/><F120/><W2/><G126/><T44/><D134/><U95/><E127/><V119/><F108/><W1/><G128/><T46/><D131/><U123/><E123/><V6/><F119/><W26/><G100/><T43/><D65/><U130/><E130/><V11/><F114/><W41/><G48/><T129/><D129/><U31/><E31/><V25/><F25/><W22/><G41/><T3/><D3/><N who="3" m="1033" /><G76/><T45/><D53/><N who="1" m="32175" /><E72/><V28/><F28/><N who="3" m="19487" /><G60/><T74/><D74/><U132/><E132/><V38/><F38/><W73/><G73/><T36/><D90/><N who="1" m="34347" /><E118/><V103/><F103/><W125/><G125/><T78/><D78/><U52/><E40/><V97/><F97/><W124/><G124/><T68/><D99/><U75/><E75/><V112/><F112/><W61/><G87/><T93/><D93/><U21/><E95/><V30/><F30/><N who="3" m="17751" /><G86/><T85/><D85/><U115/><E115/><V9/><REACH who="2" step="1"/><F70/><REACH who="2" ten="270,207,215,298" step="2"/><W135/><G135/><T79/><D69/><U35/><E117/><V111/><F111/><W7/><G61/><T33/><D63/><U13/><E35/><V107/><F107/><W133/><G133/><T16/><D68/><U84/><E84/><V56/><F56/><AGARI ba="1,1" hai="13,17,21,51,52,56,80,82" m="34347,32175" machi="56" ten="30,5800,0" yaku="8,1,54,2" doraHai="58" who="1" fromWho="2" sc="270,0,207,71,215,-61,298,0" /><INIT seed="1,2,0,3,4,106" ten="270,278,154,298" oya="1" hai0="44,52,126,39,119,59,133,117,18,79,87,125,64" hai1="110,73,97,130,30,5,27,53,13,78,34,95,31" hai2="129,6,123,114,38,101,91,62,109,120,14,71,85" hai3="54,36,96,57,100,76,48,29,63,35,116,88,132"/><U22/><E130/><V65/><F109/><W56/><G116/><N who="0" m="44619" /><D87/><U0/><E110/><V128/><F38/><W108/><G36/><T58/><D79/><U43/><E43/><V103/><F114/><W127/><G108/><T55/><D133/><U12/><E53/><N who="0" m="20553" /><D18/><N who="1" m="10567" /><E13/><V21/><F123/><W115/><G115/><T105/><D105/><U37/><E37/><V84/><F120/><W20/><G35/><T134/><D134/><U77/><E31/><V51/><F51/><W1/><G76/><T10/><D10/><N who="1" m="2343" /><E73/><V9/><F21/><W41/><G132/><T94/><D94/><U32/><E32/><V2/><F2/><W50/><G1/><T33/><D33/><U72/><E72/><V102/><REACH who="2" step="1"/><F85/><REACH who="2" ten="270,278,144,298" step="2"/><W74/><G20/><T40/><D59/><U107/><E107/><V80/><AGARI ba="2,1" hai="6,9,14,62,65,71,80,84,91,101,102,103,128,129" machi="80" ten="30,7900,0" yaku="1,1,2,1,0,1,53,1" doraHai="106" doraHaiUra="66" who="2" fromWho="2" sc="270,-22,278,-41,144,95,298,-22" /><INIT seed="2,0,0,2,0,33" ten="248,237,239,276" oya="2" hai0="47,32,74,113,87,107,21,92,94,9,27,76,115" hai1="25,75,93,57,101,72,85,79,30,122,59,6,77" hai2="133,120,129,31,125,13,24,60,104,43,82,68,4" hai3="127,108,64,111,135,38,97,61,18,83,23,110,99"/><V65/><F120/><W117/><G117/><T3/><D107/><U51/><E122/><V124/><F129/><W7/><G127/><N who="2" m="48713" /><F133/><W123/><G123/><T89/><D32/><U126/><E126/><V19/><F104/><W48/><G38/><T81/><D92/><U34/><E6/><V128/><F128/><W35/><G135/><T46/><D47/><U103/><E93/><V56/><F43/><W84/><G48/><T12/><D46/><U26/><E51/><V37/><F37/><W95/><G95/><T67/><D67/><U114/><E34/><N who="2" m="20839" /><F82/><W66/><G35/><T20/><D20/><U39/><E39/><V11/><F19/><W49/><G49/><T28/><D3/><U52/><E114/><V118/><F118/><W8/><G18/><AGARI ba="0,0" hai="9,12,18,21,27,28,74,76,81,87,89,94,113,115" machi="18" ten="30,1000,0" yaku="7,1" doraHai="33" who="0" fromWho="3" sc="248,10,237,0,239,0,276,-10" /><INIT seed="3,0,0,2,2,70" ten="258,237,239,266" oya="3" hai0="135,80,125,14,2,82,57,73,16,6,32,88,126" hai1="111,79,25,102,93,87,112,107,38,28,119,72,89" hai2="86,19,50,109,96,35,132,27,52,45,78,33,76" hai3="56,122,21,127,54,74,99,71,59,15,92,81,29"/><W130/><G122/><T114/><D32/><U101/><E112/><V60/><F109/><W51/><G71/><T121/><D121/><U90/><E111/><V65/><F132/><W67/><G127/><N who="0" m="48651" /><D6/><U128/><E38/><V41/><F41/><W13/><G130/><T53/><D2/><U44/><E128/><V120/><F120/><W66/><G81/><T8/><D73/><U95/><E44/><V12/><F96/><W62/><G67/><T0/><D0/><U36/><E36/><V113/><F113/><W5/><G5/><T98/><D135/><U84/><E119/><V75/><F75/><W31/><G74/><T94/><D114/><U117/><E117/><V108/><F108/><W20/><G21/><T68/><D68/><U49/><E49/><AGARI ba="0,0" hai="8,14,16,49,53,57,80,82,88,94,98" m="48651" machi="49" ten="30,3900,0" yaku="18,1,54,2" doraHai="70" who="0" fromWho="1" sc="258,39,237,-39,239,0,266,0" /><INIT seed="4,0,0,2,5,41" ten="297,198,239,266" oya="0" hai0="89,74,121,36,66,60,13,117,116,79,102,16,25" hai1="64,118,106,114,19,49,44,23,98,75,24,72,46" hai2="29,110,17,101,30,33,96,120,100,1,67,11,21" hai3="126,104,38,8,90,5,69,31,76,125,6,14,108"/><T115/><D121/><U35/><E118/><V84/><F120/><W123/><G123/><T88/><D102/><U48/><E64/><V63/><F110/><W57/><G69/><T73/><D115/><U129/><E129/><V68/><F100/><W92/><G108/><T119/><D36/><U103/><E35/><V112/><F112/><W107/><G76/><T47/><D25/><U18/><E18/><V99/><F33/><W0/><G38/><T109/><D47/><U86/><E86/><V133/><F84/><W62/><G31/><T87/><D79/><U78/><E78/><V128/><F133/><W82/><G82/><T9/><D89/><U7/><E7/><V56/><F68/><W122/><G122/><T59/><REACH who="0" step="1"/><D109/><REACH who="0" ten="287,198,239,266" step="2"/><U94/><E114/><V85/><F101/><W95/><G90/><T134/><D134/><U65/><E106/><V93/><F128/><W58/><G107/><T15/><D15/><U113/><E113/><V132/><F132/><W26/><G104/><T39/><D39/><U105/><E105/><V2/><F2/><W37/><G26/><T81/><AGARI ba="0,1" hai="9,13,16,59,60,66,73,74,81,87,88,116,117,119" machi="81" ten="30,11700,0" yaku="1,1,0,1,54,2,53,0" doraHai="41" doraHaiUra="20" who="0" fromWho="0" sc="287,127,198,-39,239,-39,266,-39" /><INIT seed="4,1,0,4,2,22" ten="414,159,200,227" oya="0" hai0="120,115,40,121,88,26,63,13,126,91,17,55,109" hai1="57,74,110,92,83,30,84,102,8,3,108,73,89" hai2="96,24,47,12,4,79,54,103,0,60,21,100,101" hai3="134,66,104,95,99,56,52,19,133,65,64,119,20"/><T76/><D115/><U31/><E31/><V15/><F0/><W78/><G78/><T1/><D1/><U67/><E3/><V128/><F128/><W50/><G104/><T116/><D116/><U93/><E8/><V28/><F79/><W131/><G119/><T45/><D76/><U14/><E14/><N who="2" m="5163" /><F4/><W32/><G32/><T123/><D126/><U33/><E67/><V6/><F6/><W51/><G51/><T44/><D109/><U132/><E57/><N who="2" m="34871" /><F47/><W18/><G131/><T35/><D45/><U71/><E71/><V23/><F23/><W111/><G111/><T75/><D75/><U9/><E9/><V10/><F10/><W112/><G112/><T130/><D130/><U118/><E118/><V25/><F96/><W80/><G80/><T125/><D125/><U11/><E11/><V48/><F48/><W87/><G87/><T41/><D13/><U49/><E49/><V77/><F77/><W36/><G36/><T122/><D122/><U86/><E110/><V53/><F53/><W38/><G38/><T2/><D2/><U85/><E108/><V42/><F42/><N who="0" m="16490" /><D35/><U117/><E117/><V107/><F107/><W82/><G82/><T34/><D44/><U113/><E113/><V98/><F98/><W135/><REACH who="3" step="1"/><G20/><REACH who="3" ten="414,159,200,217" step="2"/><N who="0" m="13583" /><D34/><U90/><E33/><V94/><F94/><W105/><G105/><T16/><D123/><U61/><E92/><V106/><F106/><W81/><G81/><T62/><D121/><U97/><E83/><V129/><F129/><W58/><G58/><T7/><D120/><U70/><E93/><V114/><F114/><RYUUKYOKU ba="1,1" sc="414,-15,159,-15,200,15,217,15" hai2="21,24,25,28,100,101,103" hai3="18,19,50,52,56,64,65,66,95,99,133,134,135" /><INIT seed="5,2,1,0,5,49" ten="399,144,215,232" oya="1" hai0="22,104,40,58,121,77,43,110,24,134,29,133,125" hai1="82,135,11,5,20,132,8,86,72,62,9,67,68" hai2="37,46,21,28,63,33,65,2,17,32,128,66,76" hai3="111,23,83,112,31,30,108,88,1,114,15,117,73"/><U101/><E72/><V87/><F2/><W84/><G1/><T93/><D110/><U109/><E109/><V44/><F128/><W98/><G73/><T118/><D104/><U25/><E101/><V45/><F37/><W18/><G117/><T116/><D77/><U57/><E68/><V64/><F28/><N who="3" m="10795" /><G98/><T123/><D125/><U129/><E129/><V126/><F126/><W35/><G35/><T47/><D93/><U13/><E132/><N who="0" m="50793" /><D58/><U78/><REACH who="1" step="1"/><E135/><REACH who="1" ten="399,134,215,232" step="2"/><V27/><F33/><W85/><G111/><T79/><D118/><U74/><E74/><V53/><F32/><W89/><G108/><T0/><D116/><U3/><E3/><V115/><F115/><W48/><G114/><T50/><D0/><U120/><E120/><V39/><F39/><W14/><G112/><T59/><D123/><U105/><E105/><V36/><F36/><W130/><G130/><T97/><D121/><U122/><E122/><V80/><REACH who="2" step="1"/><F63/><REACH who="2" ten="399,134,205,232" step="2"/><W16/><G48/><AGARI ba="2,3" hai="17,21,27,44,45,46,48,53,64,65,66,76,80,87" machi="48" ten="40,8000,1" yaku="1,1,2,1,8,1,52,1,53,0" doraHai="49" doraHaiUra="102" who="2" fromWho="3" sc="399,0,134,0,205,116,232,-86" /><INIT seed="6,0,0,2,5,16" ten="399,134,321,146" oya="2" hai0="103,11,27,106,48,115,3,123,125,1,69,128,120" hai1="28,18,77,104,76,36,53,25,47,93,63,56,51" hai2="109,45,126,124,119,9,129,132,61,60,65,92,34" hai3="8,58,31,52,15,118,135,113,88,83,32,64,54"/><V71/><F119/><W49/><G118/><T111/><D48/><U110/><E104/><V73/><F73/><W20/><G135/><T12/><D111/><U5/><E110/><V75/><F75/><W50/><G113/><T86/><D86/><U57/><E5/><V114/><F109/><W80/><G64/><T122/><D69/><U24/><E36/><V82/><F114/><W84/><G32/><T13/><D115/><U133/><E133/><V4/><F132/><W108/><G108/><T97/><D125/><N who="2" m="48234" /><F129/><W95/><G31/><T85/><D128/><U62/><E93/><V130/><F130/><W0/><G0/><T17/><D27/><U40/><E18/><V42/><F82/><W43/><G43/><T99/><D99/><U37/><E24/><V38/><F34/><W39/><G39/><T55/><D55/><U30/><E37/><V22/><F61/><W131/><G131/><T72/><D72/><U81/><E81/><V102/><F22/><W44/><G20/><T7/><REACH who="0" step="1"/><D85/><REACH who="0" ten="389,134,321,146" step="2"/><U29/><E25/><V89/><F102/><W59/><G44/><T21/><AGARI ba="0,1" hai="1,3,7,11,12,13,17,21,97,103,106,120,122,123" machi="21" ten="30,7900,0" yaku="1,1,2,1,0,1,52,1,53,0" doraHai="16" doraHaiUra="91" who="0" fromWho="0" sc="389,89,134,-20,321,-39,146,-20" /><INIT seed="7,0,0,2,0,29" ten="478,114,282,126" oya="3" hai0="6,130,25,51,72,67,34,116,10,118,23,94,2" hai1="93,62,53,75,35,48,122,90,49,31,110,89,60" hai2="107,43,123,40,52,24,82,32,76,46,33,68,5" hai3="97,59,106,115,71,92,108,0,13,58,21,30,84"/><W20/><G0/><T91/><D72/><U47/><E122/><V50/><F107/><W77/><G71/><T117/><D67/><U129/><E110/><V80/><F68/><W42/><G115/><T56/><D130/><U104/><E104/><V63/><F123/><W88/><G108/><T101/><D101/><U134/><E75/><V126/><F126/><W12/><G42/><T22/><D34/><U135/><E129/><V79/><F5/><W86/><G106/><T113/><D113/><U61/><E49/><V15/><F15/><N who="3" m="5707" /><G77/><T103/><D103/><U27/><REACH who="1" step="1"/><E93/><REACH who="1" ten="478,104,282,126" step="2"/><V45/><F43/><W37/><G37/><T120/><D25/><U39/><E39/><V112/><F112/><W87/><G21/><T96/><REACH who="0" step="1"/><D120/><REACH who="0" ten="468,104,282,126" step="2"/><U74/><E74/><V125/><F24/><AGARI ba="0,2" hai="20,24,30,58,59,84,86,87,88,92,97" m="5707" machi="24" ten="30,2900,0" yaku="8,1,54,1" doraHai="29" who="3" fromWho="2" sc="468,0,104,0,282,-29,126,49" /><INIT seed="7,1,0,5,5,69" ten="468,104,253,175" oya="3" hai0="96,73,34,134,104,100,42,8,11,91,85,20,55" hai1="53,47,45,12,57,21,52,31,117,131,64,13,82" hai2="35,83,28,15,126,110,114,80,122,7,41,4,129" hai3="46,29,14,81,0,38,102,66,115,39,10,112,127"/><W5/><G127/><T121/><D34/><U33/><E131/><V76/><F126/><W63/><G102/><T74/><D121/><U118/><E33/><V124/><F124/><W36/><G29/><T87/><D42/><U3/><E3/><V88/><F129/><W61/><G46/><T68/><D68/><U119/><E64/><V108/><F122/><W113/><G81/><T67/><D67/><U49/><E82/><V130/><F130/><W16/><G66/><T32/><D32/><U135/><E135/><V116/><F116/><W9/><AGARI ba="1,0" hai="0,5,9,10,14,16,36,38,39,61,63,112,113,115" machi="9" ten="40,18000,2" yaku="0,1,15,1,52,3,54,1" doraHai="69" who="3" fromWho="3" sc="468,-61,104,-61,253,-61,175,183" /><INIT seed="7,2,0,3,0,7" ten="407,43,192,358" oya="3" hai0="22,17,29,42,36,1,28,26,91,93,74,57,72" hai1="58,4,62,3,20,5,88,52,95,121,103,65,125" hai2="31,76,92,87,51,112,130,128,27,21,6,89,68" hai3="55,73,43,15,110,63,126,40,39,67,131,101,106"/><W64/><G73/><T78/><D1/><U94/><E121/><V133/><F68/><W46/><G110/><T37/><D29/><U25/><E125/><V60/><F60/><W50/><G106/><T0/><D0/><U105/><E105/><V108/><F108/><W23/><G101/><T19/><D19/><U109/><E109/><V30/><F133/><W100/><G100/><T135/><D135/><U134/><E134/><V54/><F30/><W104/><G104/><T119/><D119/><U86/><E3/><V120/><F112/><W49/><G126/><T61/><D28/><U69/><E69/><V90/><F6/><W97/><G97/><N who="0" m="57535" /><D42/><N who="3" m="15913" /><G131/><T45/><D45/><U115/><E115/><V123/><F89/><W102/><G102/><T33/><D33/><U80/><E65/><N who="3" m="25162" /><G39/><N who="0" m="14923" /><D78/><U48/><E48/><N who="3" m="18538" /><G46/><T75/><D75/><U41/><E41/><V59/><F76/><W98/><G98/><T127/><D127/><U99/><REACH who="1" step="1"/><E94/><REACH who="1" ten="407,33,192,358" step="2"/><N who="2" m="54623" /><F123/><W85/><G85/><T107/><D107/><U116/><E116/><V129/><F120/><W56/><G23/><T35/><D35/><U113/><E113/><V114/><F114/><W83/><G83/><T38/><D38/><U70/><E70/><V124/><F124/><W77/><G77/><T32/><D32/><U24/><E24/><V44/><F92/><W47/><G15/><T66/><D66/><U10/><E10/><V81/><F81/><W34/><G34/><T14/><D14/><U16/><AGARI ba="2,1" hai="4,5,16,20,25,52,58,62,80,86,88,95,99,103" machi="16" ten="20,16000,3" yaku="1,1,0,1,7,1,8,1,54,3,53,1" doraHai="7" doraHaiUra="84" who="1" fromWho="1" sc="407,-42,33,176,192,-42,358,-82" owari="365,46.0,209,-19.0,150,-35.0,276,8.0" /></mjloggm>