<mjloggm ver="2.3"><GO type="97" lobby="0"/><UN n0="%4F%58%5A%21%21" n1="%52%69%6E%67%79%69" n2="%E6%83%85%E5%A0%B1%E5%B1%80" n3="%E5%B0%B1%E6%B4%BB%E7%94%9F%40%E5%B7%9D%E6%9D%91%E8%BB%8D%E5%9B%A3" dan="15,13,13,14" rate="1982.42,1812.00,1877.92,1970.76" sx="M,F,M,M"/><TAIKYOKU oya="0"/><INIT seed="0,0,0,5,4,55" ten="250,250,250,250" oya="0" hai0="0,4,128,39,86,64,59,70,66,134,91,120,126" hai1="65,13,131,77,85,32,73,48,19,36,88,109,47" hai2="133,60,100,69,3,78,118,119,124,89,62,42,72" hai3="87,29,135,25,63,17,83,31,46,67,84,23,101"/><T121/><D59/><U102/><E109/><V71/><F3/><W52/><G135/><T129/><D91/><U98/><E131/><N who="0" m="50249" /><D86/><U45/><E32/><V125/><F100/><W10/><G101/><T127/><D39/><U81/><E36/><V56/><F42/><W38/><G84/><T12/><D12/><U79/><E65/><V112/><F112/><W40/><G10/><T18/><D18/><U113/><E113/><V74/><F89/><W95/><G95/><T76/><D76/><U37/><E37/><V53/><F133/><W123/><G123/><N who="0" m="47179" /><D70/><N who="2" m="26634" /><F62/><W97/><G67/><N who="0" m="25643" /><D134/><U16/><E19/><V58/><F78/><W117/><G87/><T9/><AGARI ba="0,0" hai="0,4,9,126,127" m="25643,47179,50249" machi="9" ten="40,2100,0" yaku="19,1" doraHai="55" who="0" fromWho="0" sc="250,21,250,-7,250,-7,250,-7" /><INIT seed="0,1,0,0,3,132" ten="271,243,243,243" oya="0" hai0="51,88,9,38,34,4,98,35,102,112,111,13,81" hai1="39,65,70,43,103,131,37,69,61,30,53,119,76" hai2="99,1,84,133,49,27,58,33,74,109,104,122,123" hai3="29,10,41,17,23,15,59,64,40,0,105,71,24"/><T108/><D38/><N who="1" m="14347" /><E103/><V100/><F74/><W79/><G105/><T60/><D112/><U54/><E76/><V77/><F133/><W128/><G71/><N who="1" m="27146" /><E30/><V19/><F1/><W117/><G117/><T36/><D36/><U6/><E6/><V26/><F26/><W66/><G128/><T5/><D5/><U114/><E119/><V14/><F109/><N who="0" m="42058" /><D60/><U125/><E131/><V56/><F27/><W21/><G79/><T11/><D11/><U134/><E134/><V82/><F33/><W121/><G121/><T126/><D51/><U93/><E93/><V97/><F97/><W83/><G83/><T90/><D126/><U110/><E110/><V124/><F124/><W116/><G116/><T20/><D20/><U16/><E16/><V95/><F104/><W46/><G21/><T31/><D31/><U55/><E114/><V89/><F123/><W120/><G120/><T8/><D8/><U91/><E91/><N who="0" m="34857" /><D81/><U45/><E125/><V3/><F3/><W87/><G23/><T57/><D57/><N who="1" m="34991" /><E65/><V92/><F122/><W63/><G64/><T32/><D32/><U25/><E25/><V28/><F28/><W7/><G29/><T115/><D115/><U73/><E73/><V18/><F82/><W129/><G24/><T42/><D42/><N who="3" m="16489" /><G129/><T22/><D22/><U80/><E80/><V113/><F113/><W67/><G67/><T62/><D62/><U94/><E94/><AGARI ba="1,0" hai="4,9,13,34,35,94,98,102" m="34857,42058" machi="94" ten="30,5800,0" yaku="14,1,10,1,54,1" doraHai="132" who="0" fromWho="1" sc="271,61,243,-61,243,0,243,0" /><INIT seed="0,2,0,2,5,123" ten="332,182,243,243" oya="0" hai0="49,35,115,31,120,59,66,13,56,1,53,99,89" hai1="133,95,109,34,113,100,11,17,132,40,101,50,102" hai2="72,18,21,116,118,28,57,80,70,87,67,78,48" hai3="37,91,16,103,30,74,46,33,26,54,79,0,77"/><T9/><D120/><U61/><E109/><V7/><F7/><W125/><G0/><T69/><D1/><U6/><E34/><V76/><F28/><W126/><G103/><T108/><D115/><U62/><E113/><V82/><F70/><W135/><G135/><T121/><D121/><U110/><E110/><V43/><F43/><W3/><G3/><T73/><D73/><U42/><E95/><V63/><REACH who="2" step="1"/><F48/><REACH who="2" ten="332,182,233,243" step="2"/><N who="3" m="28951" /><G37/><T128/><D69/><U134/><E17/><V27/><AGARI ba="2,1" hai="18,21,27,57,63,67,72,76,78,80,82,87,116,118" machi="27" ten="30,2000,0" yaku="1,1,0,1,53,0" doraHai="123" doraHaiUra="97" who="2" fromWho="2" sc="332,-12,182,-7,233,36,243,-7" /><INIT seed="1,0,0,0,2,30" ten="320,175,269,236" oya="1" hai0="93,62,110,63,67,29,5,79,103,85,106,45,126" hai1="53,34,94,87,32,77,44,127,109,81,114,70,49" hai2="129,90,69,134,40,124,55,101,7,4,74,96,36" hai3="97,23,91,123,100,78,17,50,99,8,64,58,52"/><U43/><E114/><V88/><F74/><W128/><G123/><T112/><D63/><U10/><E70/><V121/><F121/><W15/><G128/><T107/><D112/><U105/><E105/><V89/><F69/><W47/><G78/><T41/><D5/><U33/><E127/><V27/><F124/><W37/><G91/><T72/><D126/><U95/><E109/><V3/><F134/><W31/><G100/><T61/><D110/><U22/><E22/><V26/><F129/><W116/><G116/><T56/><D62/><U28/><E28/><V11/><F4/><W98/><G37/><T108/><D108/><U120/><E120/><V82/><F55/><W131/><G131/><T83/><D29/><U9/><E53/><V42/><F82/><W86/><G86/><T57/><D57/><U118/><E118/><V71/><F71/><W73/><G73/><T65/><D65/><U80/><E80/><V25/><REACH who="2" step="1"/><F36/><REACH who="2" ten="320,175,259,236" step="2"/><W92/><G64/><T16/><D72/><U18/><REACH who="1" step="1"/><E18/><REACH who="1" ten="320,165,259,236" step="2"/><V39/><F39/><W133/><G17/><T135/><D16/><U75/><E75/><V14/><F14/><W48/><G15/><T104/><D135/><U115/><E115/><V102/><F102/><W84/><G133/><T60/><D67/><U46/><E46/><V130/><F130/><W132/><G47/><T20/><D45/><U119/><E119/><V59/><F59/><W35/><G58/><T0/><D56/><U66/><E66/><V76/><F76/><W111/><G132/><T19/><D79/><U6/><E6/><V38/><F38/><RYUUKYOKU ba="0,2" sc="320,-15,165,15,259,15,236,-15" hai1="9,10,32,33,34,43,44,49,77,81,87,94,95" hai2="3,7,11,25,26,27,40,42,88,89,90,96,101" /><INIT seed="1,1,2,1,0,135" ten="305,180,274,221" oya="1" hai0="32,115,72,102,50,99,54,27,10,80,63,18,76" hai1="12,60,88,128,84,42,110,37,100,23,1,114,22" hai2="127,87,89,55,134,131,49,9,132,16,68,33,116" hai3="81,107,67,8,7,34,120,97,83,82,13,93,91"/><U122/><E122/><V5/><F116/><W14/><G120/><T38/><D115/><U44/><E114/><V109/><F68/><W26/><G107/><T94/><D38/><U74/><E1/><V24/><F109/><W53/><G67/><T52/><D63/><U78/><E128/><V129/><F33/><W61/><G34/><T112/><D112/><U15/><E100/><V69/><F69/><W118/><G118/><T106/><D32/><U85/><E74/><V59/><F5/><W123/><G123/><T45/><D27/><U64/><E110/><V31/><F31/><W2/><G26/><T48/><D10/><U130/><E130/><N who="2" m="49675" /><F127/><W35/><G35/><T3/><D3/><U46/><E46/><V4/><F4/><W108/><G108/><T56/><REACH who="0" step="1"/><D18/><REACH who="0" ten="295,180,274,221" step="2"/><U19/><E78/><V17/><F17/><W40/><G2/><T117/><D117/><U43/><E43/><V75/><F9/><W41/><G14/><T51/><D51/><U119/><E119/><V71/><F49/><W25/><G25/><T121/><D121/><U111/><E111/><V36/><F36/><W29/><G29/><T77/><D77/><U39/><E39/><V73/><F16/><W95/><G41/><T57/><D57/><N who="1" m="36879" /><E88/><V98/><F89/><N who="3" m="55471" /><G40/><T62/><D62/><U96/><E96/><V65/><F98/><N who="3" m="57727" /><G61/><T6/><D6/><U126/><E126/><V70/><F24/><W58/><G58/><T79/><D79/><U133/><E133/><V30/><F132/><W113/><G113/><T11/><D11/><U47/><E47/><V101/><F134/><RYUUKYOKU ba="1,3" sc="295,10,180,10,274,-30,221,10" hai0="45,48,50,52,54,56,72,76,80,94,99,102,106" hai1="12,15,19,22,23,37,42,44,84,85" hai3="7,8,13,53,81,82,83" /><INIT seed="1,2,3,3,4,76" ten="305,190,244,231" oya="1" hai0="116,95,23,44,34,59,113,46,93,96,2,63,19" hai1="122,120,73,94,109,30,97,100,25,54,24,48,104" hai2="126,20,88,22,65,37,7,51,35,75,121,1,3" hai3="108,87,56,61,99,132,41,52,80,69,27,92,105"/><U62/><E109/><V12/><F35/><W0/><G0/><T131/><D34/><U9/><E62/><V86/><F37/><W133/><G105/><T71/><D2/><U49/><E73/><V84/><F75/><W47/><G69/><T16/><D71/><U111/><E111/><V70/><F121/><W90/><G27/><T74/><D74/><U124/><E124/><V26/><F126/><W10/><G10/><T39/><D116/><U45/><E9/><V67/><F86/><W40/><G108/><T110/><D113/><U36/><E36/><V66/><F70/><W130/><G130/><T77/><D77/><U123/><E30/><V21/><F51/><W82/><G82/><T50/><D131/><U89/><REACH who="1" step="1"/><E49/><REACH who="1" ten="305,180,244,231" step="2"/><V83/><F26/><W98/><G133/><T128/><D110/><U135/><E135/><V14/><F7/><W101/><G132/><T81/><D128/><U42/><E42/><V31/><F31/><W13/><G41/><T6/><D39/><U64/><E64/><V127/><F127/><W43/><G40/><T107/><D50/><U11/><E11/><V125/><F125/><W5/><G43/><T129/><D63/><U103/><E103/><V58/><F67/><W78/><G101/><T55/><D129/><U38/><E38/><V17/><F66/><W57/><G61/><T102/><D102/><U72/><E72/><V118/><F65/><W119/><G119/><T106/><D19/><U85/><AGARI ba="2,4" hai="24,25,45,48,54,85,89,94,97,100,104,120,122,123" machi="85" ten="30,3000,0" yaku="1,1,0,1,53,0" doraHai="76" doraHaiUra="8" who="1" fromWho="1" sc="305,-12,180,76,244,-12,231,-12" /><INIT seed="1,3,0,2,4,110" ten="293,256,232,219" oya="1" hai0="35,115,40,15,125,79,69,12,53,131,106,24,103" hai1="71,7,11,9,42,23,51,132,130,120,29,107,97" hai2="122,84,3,72,126,76,83,45,1,94,77,25,87" hai3="62,85,95,109,108,50,32,30,28,78,48,66,101"/><U123/><E71/><V128/><F122/><W46/><G78/><T114/><D53/><U18/><E132/><V14/><F128/><W89/><G101/><T61/><D40/><U59/><E29/><V13/><F126/><W57/><G48/><T104/><D79/><U6/><E130/><V127/><F127/><W41/><REACH who="3" step="1"/><G32/><REACH who="3" ten="293,256,232,209" step="2"/><T119/><D125/><U4/><E123/><V81/><F72/><W121/><G121/><T111/><D119/><U36/><E120/><V116/><F116/><W134/><G134/><T60/><D131/><U21/><E36/><V55/><F77/><W34/><G34/><T99/><D111/><AGARI ba="3,1" hai="28,30,41,46,50,57,62,66,85,89,95,108,109,111" machi="111" ten="40,2600,0" yaku="1,1,14,1,53,0" doraHai="110" doraHaiUra="31" who="3" fromWho="0" sc="293,-35,256,0,232,0,209,45" /><INIT seed="2,0,0,0,2,36" ten="258,256,232,254" oya="2" hai0="5,68,91,70,53,101,9,1,8,40,93,84,78" hai1="27,82,44,109,124,59,114,108,127,102,2,111,128" hai2="96,119,95,29,94,66,20,122,17,104,64,123,31" hai3="113,135,106,77,26,30,15,117,133,25,87,41,71"/><V39/><F119/><W99/><G117/><T100/><D68/><U118/><E2/><V18/><F39/><W85/><G71/><T16/><D70/><U79/><E27/><V107/><F20/><W92/><G113/><T132/><D132/><N who="3" m="50761" /><G106/><T11/><D78/><U69/><E118/><V37/><F37/><W28/><G41/><T120/><D120/><U58/><E69/><V129/><F96/><W4/><G77/><T45/><D53/><U126/><E114/><V33/><REACH who="2" step="1"/><F129/><REACH who="2" ten="258,256,222,254" step="2"/><W38/><G38/><T34/><D34/><AGARI ba="0,1" hai="17,18,29,31,33,34,64,66,94,95,104,107,122,123" machi="34" ten="25,9600,0" yaku="1,1,2,1,22,2,53,0" doraHai="36" doraHaiUra="48" who="2" fromWho="0" sc="258,-96,256,0,222,106,254,0" /><INIT seed="2,1,0,4,1,67" ten="162,256,328,254" oya="2" hai0="86,31,113,121,54,105,108,125,134,87,60,26,28" hai1="8,25,20,55,46,12,111,64,115,0,106,93,58" hai2="13,118,45,110,56,15,48,6,120,57,30,90,4" hai3="11,81,42,62,88,109,74,49,104,2,102,37,122"/><V18/><F120/><W36/><G122/><T73/><D105/><U92/><E111/><V51/><F118/><W84/><G109/><T61/><D73/><U10/><E0/><V69/><F69/><W94/><G62/><T78/><D108/><U112/><E106/><V35/><F110/><W7/><G104/><T39/><D121/><U97/><E64/><V71/><F71/><W19/><G19/><T50/><D39/><U3/><E3/><V114/><F114/><W80/><G80/><T32/><D134/><U96/><E46/><V103/><F103/><W82/><G82/><T133/><D133/><U85/><E85/><V98/><F30/><W76/><G102/><T38/><D38/><U95/><E112/><V135/><F35/><W100/><G100/><T72/><D125/><U66/><E66/><V16/><F135/><W21/><G21/><T5/><D113/><U89/><E115/><V52/><F98/><W63/><G63/><T53/><D72/><U1/><E1/><V24/><F24/><W33/><G33/><T119/><D119/><U70/><E70/><V117/><F117/><W59/><G59/><N who="2" m="22601" /><F90/><W130/><G130/><T27/><D5/><N who="2" m="2154" /><F48/><W34/><G34/><T40/><D32/><U41/><E41/><V22/><F22/><W79/><G79/><T9/><D9/><U65/><E65/><V107/><F107/><W116/><G116/><T129/><D129/><U83/><E83/><V75/><F75/><W91/><G91/><T99/><D50/><N who="1" m="31095" /><E12/><AGARI ba="1,0" hai="12,13,15,16,18,45,51,52" m="2154,22601" machi="12" ten="30,5800,0" yaku="8,1,54,2" doraHai="67" who="2" fromWho="1" sc="162,0,256,-61,328,61,254,0" /><INIT seed="2,2,0,0,2,10" ten="162,195,389,254" oya="2" hai0="124,83,12,7,71,89,59,1,133,55,88,72,5" hai1="53,9,98,77,16,2,128,120,13,30,108,45,118" hai2="40,127,122,132,39,104,125,17,31,75,19,24,14" hai3="8,90,85,78,22,42,41,32,74,66,64,38,115"/><V23/><F104/><W44/><G32/><T113/><D71/><U105/><E118/><V130/><F75/><W93/><G115/><T73/><D133/><U80/><E108/><V86/><F122/><W61/><G42/><T28/><D124/><U68/><E128/><V29/><F132/><W100/><G100/><T36/><D113/><U109/><E109/><V129/><F86/><W46/><G46/><T65/><D36/><U35/><E120/><V48/><F39/><W103/><G103/><T84/><D65/><U47/><E68/><V0/><F0/><W87/><G74/><T33/><D33/><U49/><E2/><V134/><F48/><W70/><G66/><T114/><D114/><U131/><E131/><N who="2" m="50187" /><F40/><W95/><G8/><T99/><D28/><N who="2" m="10826" /><F134/><W126/><G126/><T3/><D7/><U50/><E30/><V18/><F18/><W119/><G119/><T82/><D1/><U67/><E35/><V135/><F135/><W62/><G62/><T81/><D3/><U60/><E98/><V37/><F37/><W63/><G63/><N who="0" m="36351" /><D72/><U79/><E105/><V111/><F111/><W117/><G117/><T91/><D73/><U15/><E80/><N who="0" m="30825" /><D99/><U58/><REACH who="1" step="1"/><E15/><REACH who="1" ten="162,185,389,254" step="2"/><V20/><AGARI ba="2,1" hai="14,17,19,20,23,24,125,127" m="10826,50187" machi="20" ten="40,12000,1" yaku="19,1,34,2,52,1" doraHai="10" who="2" fromWho="2" sc="162,-42,185,-42,389,136,254,-42" /><INIT seed="2,3,0,1,5,39" ten="120,143,525,212" oya="2" hai0="87,118,5,26,8,98,112,46,89,9,117,70,95" hai1="61,10,30,119,134,17,77,1,14,68,130,94,0" hai2="21,13,57,114,33,60,86,65,82,129,23,135,22" hai3="20,123,44,81,72,52,85,69,99,34,132,32,93"/><V29/><F114/><W19/><G72/><T103/><D70/><U110/><E77/><V66/><F135/><W97/><G69/><T126/><D112/><U83/><E83/><V91/><F129/><W43/><G123/><T121/><D121/><U55/><E55/><V47/><F47/><W104/><G104/><T75/><D75/><U18/><E18/><V102/><F102/><W88/><G132/><T53/><D126/><U80/><E80/><V28/><F13/><W74/><G74/><T40/><D53/><U31/><E31/><V16/><F16/><W101/><G99/><T64/><D64/><U71/><E71/><V122/><F122/><W2/><G2/><T27/><D9/><U56/><E56/><V36/><F36/><W100/><G100/><T106/><D118/><U45/><E45/><V107/><F107/><W41/><G34/><T79/><D79/><U6/><E6/><V78/><F78/><W125/><G32/><T42/><D117/><U92/><E92/><V50/><F50/><N who="3" m="28743" /><G125/><T12/><REACH who="0" step="1"/><D42/><REACH who="0" ten="110,143,525,212" step="2"/><U105/><E105/><V7/><F66/><W59/><G59/><T131/><D131/><U90/><E90/><V58/><F57/><W51/><G51/><AGARI ba="3,1" hai="5,8,12,26,27,40,46,51,87,89,95,98,103,106" machi="51" ten="30,3900,0" yaku="1,1,7,1,52,1,53,0" doraHai="39" doraHaiUra="54" who="0" fromWho="3" sc="110,58,143,0,525,0,212,-48" /><INIT seed="3,0,0,4,4,35" ten="168,143,525,164" oya="3" hai0="126,30,115,73,3,45,66,61,0,105,32,27,46" hai1="65,5,95,67,64,52,17,86,135,99,10,103,43" hai2="125,18,69,21,94,108,33,122,83,100,78,29,12" hai3="59,42,96,2,28,15,41,6,89,80,77,116,49"/><W106/><G116/><T20/><D46/><U129/><E129/><V24/><F69/><W7/><G28/><T130/><D130/><U101/><E101/><V9/><F125/><W16/><G2/><N who="0" m="555" /><D20/><U112/><E112/><V51/><F122/><W53/><G7/><T13/><D13/><U55/><E55/><V60/><F60/><W8/><G6/><T134/><D126/><U109/><E109/><V90/><F100/><W50/><G50/><T26/><D26/><U19/><E19/><V57/><F108/><W124/><G124/><T63/><D63/><U104/><E104/><V34/><F57/><W62/><G62/><T121/><D121/><U113/><E135/><V91/><F91/><W37/><G37/><T119/><D119/><U36/><E113/><V82/><F82/><W44/><G59/><T97/><D115/><U102/><E17/><V93/><F93/><N who="3" m="56367" /><G106/><T39/><D134/><U11/><E11/><V88/><F90/><W111/><G111/><T76/><D45/><U47/><E86/><AGARI ba="0,0" hai="8,15,16,41,42,44,49,53,77,80,86" m="56367" machi="86" ten="30,2900,0" yaku="8,1,54,1" doraHai="35" who="3" fromWho="1" sc="168,0,143,-29,525,0,164,29" /><INIT seed="3,1,0,0,0,29" ten="168,114,525,193" oya="3" hai0="23,14,87,2,81,72,5,107,6,57,130,70,118" hai1="112,42,76,105,84,104,35,122,25,20,9,74,116" hai2="37,7,132,63,53,121,99,106,49,28,68,67,48" hai3="91,110,31,46,1,125,94,114,27,36,92,56,120"/><W65/><G120/><T123/><D70/><U10/><E122/><V55/><F132/><W115/><G1/><T83/><D107/><U33/><E116/><V90/><F7/><W13/><G125/><T69/><D2/><U113/><E74/><V89/><F37/><W38/><G110/><T61/><D69/><U45/><E113/><V43/><F43/><W39/><G13/><T18/><D123/><U52/><E112/><V66/><F28/><W60/><G46/><T88/><D118/><U34/><E105/><V47/><F67/><W80/><G80/><T127/><D127/><U133/><E104/><V41/><F106/><W85/><REACH who="3" step="1"/><G92/><REACH who="3" ten="168,114,525,183" step="2"/><T126/><D126/><U124/><E124/><V103/><F121/><W95/><G95/><T119/><D119/><U16/><E133/><V24/><F47/><W26/><G26/><T15/><D130/><U75/><E75/><V82/><F24/><W22/><AGARI ba="1,1" hai="22,27,31,36,38,39,56,60,65,85,91,94,114,115" machi="22" ten="30,6000,0" yaku="1,1,0,1,53,1" doraHai="29" doraHaiUra="59" who="3" fromWho="3" sc="168,-21,114,-21,525,-21,183,73" /><INIT seed="3,2,0,2,3,24" ten="147,93,504,256" oya="3" hai0="59,116,113,39,35,2,40,43,47,45,51,37,36" hai1="134,102,44,72,120,114,33,62,54,69,46,52,129" hai2="6,95,94,77,58,126,135,73,97,112,41,67,130" hai3="110,49,132,48,74,101,8,111,124,66,1,88,38"/><W105/><G38/><N who="0" m="14955" /><D35/><U104/><E72/><V50/><F112/><W91/><G74/><T7/><D7/><U60/><E33/><V106/><F130/><W125/><G66/><T80/><D80/><U86/><E104/><V65/><F135/><W68/><G68/><T127/><D2/><U128/><E102/><V70/><F70/><W53/><G101/><T83/><D83/><U89/><E89/><N who="3" m="34378" /><G105/><T30/><D30/><U61/><E86/><V96/><F106/><W11/><G132/><T103/><D103/><U100/><E100/><V9/><F126/><N who="3" m="48747" /><G49/><N who="0" m="26791" /><D127/><U64/><E134/><V76/><F58/><N who="3" m="33063" /><G1/><T56/><D116/><U5/><E5/><V19/><F6/><W55/><G55/><N who="1" m="21034" /><E120/><V87/><F73/><W90/><G90/><T131/><D131/><N who="1" m="50251" /><E114/><V10/><F67/><W32/><G32/><T108/><D108/><AGARI ba="2,0" hai="8,11,108,110,111" m="33063,48747,34378" machi="108" ten="30,11600,0" yaku="14,1,10,1,18,1,54,1" doraHai="24" who="3" fromWho="0" sc="147,-122,93,0,504,0,256,122" /><INIT seed="3,3,0,4,5,60" ten="25,93,504,378" oya="3" hai0="89,120,8,54,87,35,17,41,133,11,129,108,43" hai1="12,42,121,134,16,55,96,109,122,4,103,80,94" hai2="105,48,86,107,69,110,49,135,1,18,50,98,44" hai3="102,52,99,10,93,9,78,62,118,65,100,6,128"/><W36/><G118/><T51/><D35/><U84/><E109/><V125/><F110/><W132/><G36/><T29/><D133/><U130/><E130/><V81/><F135/><W40/><G132/><T45/><D129/><U77/><E134/><V74/><F74/><W3/><G128/><T58/><D120/><U5/><E42/><V14/><F1/><W53/><G40/><T104/><D108/><U88/><E122/><V126/><F69/><W113/><G113/><T116/><D104/><U72/><E121/><V24/><F24/><W124/><G124/><N who="2" m="47721" /><F98/><W66/><G102/><T73/><D116/><U34/><E55/><V21/><F44/><W106/><G106/><T37/><D73/><U117/><E34/><V127/><F127/><W32/><G32/><T114/><D114/><U33/><E33/><V68/><F68/><W70/><G78/><AGARI ba="3,0" hai="14,18,21,48,49,50,78,81,86,105,107" m="47721" machi="78" ten="30,1000,0" yaku="18,1" doraHai="60" who="2" fromWho="3" sc="25,0,93,0,504,19,378,-19" owari="25,-47.0,93,-31.0,523,62.0,359,16.0" /></mjloggm>