<mjloggm ver="2.3"><GO type="41" lobby="0"/><UN n0="%E3%82%A2%E3%83%BC%E3%83%AD%E3%83%B3%E3%83%94%E3%82%A2%E3%83%BC%E3%82%B9" n1="%E5%B0%B1%E6%B4%BB%E7%94%9F%40%E5%B7%9D%E6%9D%91%E8%BB%8D%E5%9B%A3" n2="%E3%83%9E%E3%82%AD%E3%83%A5%E3%82%A2%E3%83%B3%E5%8F%8B%E3%81%AE%E4%BC%9A" n3="%E3%82%A2%E3%82%AF%E3%82%B9%E3%82%B1" dan="14,15,13,13" rate="1984.30,1992.48,1830.40,1889.78" sx="M,M,M,M"/><TAIKYOKU oya="0"/><INIT seed="0,0,0,1,2,81" ten="250,250,250,250" oya="0" hai0="40,60,104,117,93,78,131,16,135,110,62,128,67" hai1="92,1,56,48,55,107,41,34,108,30,75,52,57" hai2="85,114,15,10,125,14,17,70,13,38,119,25,127" hai3="76,33,65,129,9,74,94,116,36,77,46,91,100"/><T6/><D104/><U101/><E107/><V42/><F70/><W102/><G116/><T31/><D117/><U53/><E108/><V7/><F119/><W23/><G33/><T89/><D110/><U121/><E75/><V63/><F63/><W118/><G118/><T82/><D40/><U54/><E1/><V133/><F114/><W71/><G129/><N who="0" m="49739" /><D31/><U0/><E0/><V73/><F73/><W123/><G123/><T99/><D6/><U27/><E121/><V120/><F120/><W18/><G9/><T79/><D135/><U26/><E26/><V3/><F133/><W39/><G74/><T49/><D49/><U50/><REACH who="1" step="1"/><E41/><REACH who="1" ten="250,240,250,250" step="2"/><V66/><F42/><N who="3" m="22855" /><G77/><T22/><D79/><U61/><E61/><V28/><F3/><W112/><G76/><T69/><D69/><U83/><E83/><V72/><F72/><W24/><G112/><T64/><D62/><U51/><E51/><V86/><F38/><W126/><G39/><T130/><D60/><U45/><E45/><V106/><F106/><W96/><G126/><T90/><D130/><U84/><E84/><N who="2" m="32363" /><F127/><W35/><G102/><T103/><D78/><U122/><E122/><V20/><F125/><W80/><G100/><T132/><D132/><U95/><E95/><V8/><F66/><N who="0" m="25130" /><D82/><U87/><E87/><V43/><F43/><W134/><G80/><T5/><D5/><U21/><E21/><V88/><F15/><AGARI ba="0,1" hai="15,16,22,89,90,93,99,103" m="25130,49739" machi="15" ten="30,2900,0" yaku="19,1,54,1" doraHai="81" who="0" fromWho="2" sc="250,39,240,0,250,-29,250,0" /><INIT seed="0,1,0,1,2,22" ten="289,240,221,250" oya="0" hai0="0,87,99,31,10,33,49,81,8,84,97,117,26" hai1="1,27,3,45,122,42,96,120,75,55,119,64,40" hai2="15,54,30,129,107,85,95,98,128,123,48,88,36" hai3="132,24,131,134,6,135,111,112,93,18,76,80,63"/><T91/><D117/><U74/><E119/><V133/><F123/><W108/><G112/><T13/><D0/><U67/><E55/><V29/><F36/><W43/><G43/><T46/><D87/><U9/><E9/><V59/><F15/><W130/><G6/><T65/><D65/><U68/><E96/><V103/><REACH who="2" step="1"/><F133/><REACH who="2" ten="289,240,211,250" step="2"/><W78/><G18/><T62/><D8/><U20/><E20/><V70/><F70/><W94/><G24/><T114/><D114/><U60/><E27/><V124/><F124/><W25/><G25/><T113/><D113/><U106/><E122/><V77/><F77/><N who="3" m="29803" /><G63/><T17/><REACH who="0" step="1"/><D62/><REACH who="0" ten="279,240,211,250" step="2"/><U71/><E60/><V58/><F58/><W125/><G80/><T41/><AGARI ba="1,2" hai="10,13,17,26,31,33,41,46,49,81,84,91,97,99" machi="41" ten="20,12000,1" yaku="1,1,2,1,0,1,7,1,52,1,53,0" doraHai="22" doraHaiUra="66" who="0" fromWho="0" sc="279,143,240,-41,211,-41,250,-41" /><INIT seed="0,2,0,5,5,12" ten="422,199,170,209" oya="0" hai0="55,45,2,130,79,18,56,108,51,48,66,72,46" hai1="94,23,119,107,106,115,31,15,127,75,78,19,33" hai2="135,113,36,134,73,47,104,95,112,77,102,105,32" hai3="43,87,17,38,6,65,9,101,110,90,14,30,8"/><T5/><D2/><U88/><E119/><V123/><F32/><W103/><G110/><T99/><D5/><U10/><E115/><V61/><F61/><W16/><G65/><T111/><D72/><U76/><E127/><V60/><F60/><W131/><G131/><T121/><D79/><U126/><E126/><V59/><F59/><W37/><G30/><T13/><D121/><U114/><E33/><V82/><F123/><W120/><G120/><T54/><D99/><U128/><E128/><V35/><F35/><W44/><G38/><T40/><D130/><U41/><E41/><V27/><F27/><W69/><G69/><T109/><D66/><U22/><E114/><V98/><F95/><W1/><REACH who="3" step="1"/><G17/><REACH who="3" ten="422,199,170,199" step="2"/><T118/><D118/><U116/><E116/><V25/><F112/><W52/><G52/><T93/><D18/><U91/><E31/><V83/><F113/><W133/><G133/><T0/><D0/><U26/><E75/><V71/><F71/><W53/><G53/><T24/><D24/><U21/><E26/><V125/><F25/><W29/><G29/><T96/><D13/><U28/><E28/><V68/><F68/><W97/><G97/><T84/><D84/><U124/><E124/><V100/><F125/><W58/><G58/><T3/><D3/><U70/><E70/><V39/><F39/><W80/><AGARI ba="2,1" hai="1,6,8,9,14,16,37,43,44,80,87,90,101,103" machi="80" ten="20,8000,1" yaku="1,1,0,1,7,1,52,1,54,1,53,0" doraHai="12" doraHaiUra="117" who="3" fromWho="3" sc="422,-42,199,-22,170,-22,199,96" /><INIT seed="1,0,0,2,2,58" ten="380,177,148,295" oya="1" hai0="19,62,29,67,6,53,90,66,82,105,101,64,73" hai1="119,10,12,21,36,76,45,95,130,30,48,115,57" hai2="50,7,131,1,96,46,60,69,13,63,17,15,24" hai3="112,86,78,72,3,38,127,134,27,52,103,128,79"/><U39/><E115/><V102/><F131/><W84/><G112/><T106/><D6/><U49/><E119/><V97/><F69/><W41/><G128/><T92/><D29/><U118/><E118/><V37/><F37/><W16/><G127/><T18/><D106/><U54/><E130/><V42/><F1/><W55/><G3/><T107/><D107/><U14/><E76/><N who="3" m="29226" /><G72/><T22/><D73/><U110/><E110/><V35/><F35/><W44/><G134/><T135/><D135/><U111/><E111/><V98/><F102/><W100/><G38/><T26/><D105/><U120/><E120/><V114/><F114/><W104/><G104/><T40/><D40/><U43/><E95/><V61/><F7/><W65/><G65/><T9/><D101/><N who="3" m="38985" /><G41/><T85/><D82/><U94/><E94/><V2/><F2/><W93/><G93/><T109/><D109/><U74/><E74/><V125/><F125/><W91/><G44/><T116/><D116/><U8/><E21/><AGARI ba="0,0" hai="13,15,17,21,24,42,46,50,60,61,63,96,97,98" machi="21" ten="40,8000,1" yaku="8,1,52,3" doraHai="58" who="2" fromWho="1" sc="380,0,177,-80,148,80,295,0" /><INIT seed="2,0,0,4,5,135" ten="380,97,228,295" oya="2" hai0="91,90,130,104,70,122,134,116,93,50,100,39,54" hai1="74,4,14,99,21,84,109,1,6,10,22,32,55" hai2="79,40,87,67,128,81,96,113,105,20,126,44,57" hai3="101,59,17,124,80,76,5,42,110,86,68,13,127"/><V69/><F69/><W77/><G68/><T129/><D122/><U89/><E74/><V33/><F33/><W24/><G110/><T8/><D134/><U43/><E109/><V28/><F113/><W16/><G101/><T23/><D70/><U48/><E32/><V36/><F128/><N who="0" m="49258" /><D39/><U107/><E43/><V26/><F105/><W103/><G42/><T61/><D61/><U51/><E51/><V123/><F123/><W111/><G111/><T41/><D41/><U94/><E4/><V88/><F67/><W118/><G118/><T83/><D116/><U46/><E1/><V98/><F57/><W120/><G120/><T106/><D8/><U53/><E53/><V73/><REACH who="2" step="1"/><F126/><REACH who="2" ten="380,97,218,295" step="2"/><N who="3" m="48171" /><G59/><T11/><D106/><U95/><REACH who="1" step="1"/><E107/><REACH who="1" ten="380,87,218,295" step="2"/><V52/><F52/><W102/><G24/><T72/><D104/><U2/><E2/><V75/><F75/><W114/><G114/><T71/><D72/><U60/><E60/><V27/><F27/><W66/><G66/><T38/><D54/><U63/><E63/><V0/><F0/><W7/><G77/><T108/><D108/><U19/><E19/><N who="3" m="7242" /><G7/><T121/><D71/><U115/><E115/><V133/><F133/><W65/><G65/><T82/><D121/><U125/><E125/><V30/><F30/><W132/><G132/><T37/><D37/><U47/><E47/><V25/><F25/><W117/><G117/><T78/><D38/><U131/><E131/><V12/><F12/><W56/><G56/><T64/><D64/><U34/><E34/><V119/><F119/><W45/><G45/><T18/><D50/><RYUUKYOKU ba="0,2" sc="380,-30,87,10,218,10,295,10" hai1="6,10,14,21,22,46,48,55,84,89,94,95,99" hai2="20,26,28,36,40,44,73,79,81,87,88,96,98" hai3="5,13,76,80,86,102,103" /><INIT seed="2,1,2,2,2,8" ten="350,97,228,305" oya="2" hai0="55,18,92,59,112,93,133,24,42,115,85,65,101" hai1="90,20,89,94,98,77,9,91,72,40,23,58,50" hai2="80,1,3,62,30,88,69,4,84,113,73,107,83" hai3="53,125,76,120,134,78,105,95,31,111,70,41,71"/><V13/><F107/><W57/><G120/><T97/><D133/><U6/><E72/><V36/><F36/><W123/><G123/><T47/><D65/><U44/><E77/><V52/><F30/><W37/><G111/><T51/><D85/><U2/><E58/><V17/><F73/><W122/><G122/><T67/><D67/><U81/><E81/><V35/><F35/><W103/><G105/><T64/><D64/><U126/><E126/><V104/><F104/><W102/><G125/><T66/><D66/><U43/><REACH who="1" step="1"/><E40/><REACH who="1" ten="350,87,228,305" step="2"/><V54/><F80/><W25/><G41/><T61/><D115/><U27/><E27/><V82/><F113/><W45/><G71/><T19/><D112/><U135/><E135/><V130/><F82/><W12/><G134/><T131/><D131/><U15/><E15/><V68/><F130/><W110/><G70/><T22/><D93/><U124/><E124/><V75/><F75/><W100/><G12/><T129/><D129/><U79/><E79/><V119/><F68/><W48/><G78/><T60/><D61/><U16/><E16/><AGARI ba="1,3" hai="16,18,19,22,24,42,47,51,55,59,60,92,97,101" machi="16" ten="30,3900,0" yaku="7,1,8,1,54,1" doraHai="8" who="0" fromWho="1" sc="350,72,87,-42,228,0,305,0" /><INIT seed="3,0,0,3,1,124" ten="422,45,228,305" oya="3" hai0="83,112,88,96,3,104,10,73,0,113,32,95,68" hai1="7,85,93,55,71,40,116,48,94,41,134,121,118" hai2="106,120,65,115,98,4,56,16,2,36,14,101,92" hai3="39,61,130,80,11,49,58,54,97,128,26,29,46"/><W64/><G80/><T20/><D32/><U89/><E71/><V111/><F115/><N who="0" m="44106" /><D68/><U131/><E121/><V60/><F36/><W127/><G127/><T23/><D104/><U35/><E35/><V28/><F28/><W34/><G11/><T72/><D83/><U24/><E134/><V51/><F120/><W84/><G84/><T123/><D123/><U25/><E7/><V78/><F78/><W119/><G119/><N who="1" m="45610" /><E94/><V43/><F111/><W31/><G31/><T90/><D90/><U12/><E12/><V109/><F109/><W107/><REACH who="3" step="1"/><G39/><REACH who="3" ten="422,45,228,295" step="2"/><T77/><D10/><U105/><E105/><V132/><F132/><W13/><G13/><T126/><D126/><U45/><E131/><V21/><F2/><N who="0" m="554" /><D77/><U74/><E74/><AGARI ba="0,1" hai="20,23,72,73,74,88,95,96" m="554,44106" machi="74" ten="40,2600,0" yaku="11,1,54,1" doraHai="124" who="0" fromWho="1" sc="422,36,45,-26,228,0,295,0" /><INIT seed="4,0,0,0,5,95" ten="458,19,228,295" oya="0" hai0="71,17,50,80,118,32,22,116,105,53,64,30,44" hai1="93,126,42,70,99,57,12,82,98,73,38,84,33" hai2="135,60,16,92,35,2,26,23,129,119,21,54,76" hai3="14,81,63,55,74,59,4,130,29,100,88,58,66"/><T36/><D105/><U31/><E70/><V131/><F2/><W133/><G133/><T85/><D36/><U62/><E126/><V48/><F76/><W56/><G130/><N who="2" m="49673" /><F119/><W112/><G112/><T46/><D32/><U41/><E73/><V65/><F135/><W132/><G132/><T47/><D30/><U18/><E33/><V8/><F8/><N who="3" m="4359" /><G100/><T114/><D114/><U86/><E31/><V96/><F35/><W51/><G74/><T39/><D39/><U117/><E117/><V87/><F87/><N who="1" m="33321" /><E82/><V111/><F111/><W107/><G107/><T110/><D110/><U13/><E38/><V67/><F60/><W61/><G81/><T128/><D128/><U25/><E93/><V101/><F23/><W113/><G113/><T7/><D7/><U124/><E124/><V6/><F6/><W43/><G29/><T49/><D71/><U115/><E115/><V45/><AGARI ba="0,0" hai="16,21,26,45,48,54,65,67,92,96,101" m="49673" machi="45" ten="30,4000,0" yaku="19,1,52,1,54,1" doraHai="95" who="2" fromWho="2" sc="458,-20,19,-10,228,40,295,-10" /><INIT seed="5,0,0,4,5,94" ten="438,9,268,285" oya="1" hai0="129,83,109,35,102,46,6,50,110,106,92,113,88" hai1="98,117,0,64,118,25,13,8,41,127,17,34,57" hai2="59,18,76,11,128,12,121,114,24,134,67,82,81" hai3="135,29,9,5,78,44,120,111,27,33,122,1,55"/><U112/><E0/><V104/><F104/><W132/><G78/><T58/><D35/><U87/><E127/><V60/><F121/><W116/><G55/><T51/><D6/><U38/><E112/><V96/><F114/><W123/><G44/><T14/><D113/><U68/><E68/><V43/><F43/><W20/><G116/><T91/><D129/><U77/><E38/><V80/><F128/><W93/><G93/><T103/><D14/><U4/><E41/><V66/><F134/><W101/><G101/><N who="0" m="38411" /><D58/><U72/><E72/><V30/><F96/><W108/><REACH who="3" step="1"/><G20/><REACH who="3" ten="438,9,268,275" step="2"/><T131/><D131/><U16/><E118/><V75/><F67/><W99/><G99/><N who="0" m="57735" /><D106/><U74/><E117/><V97/><F97/><W126/><G126/><T2/><D110/><AGARI ba="0,1" hai="1,5,9,27,29,33,108,110,111,120,122,123,132,135" machi="110" ten="50,12000,2" yaku="1,1,23,2,34,3,53,0" doraHai="94" doraHaiUra="125" who="3" fromWho="0" sc="438,-120,9,0,268,0,275,130" /><INIT seed="6,0,0,4,5,25" ten="318,9,268,405" oya="2" hai0="112,88,82,76,111,80,1,59,103,9,54,107,20" hai1="67,118,114,32,30,29,98,5,27,21,69,39,49" hai2="38,22,108,96,123,41,26,87,40,90,37,110,10" hai3="55,101,23,14,127,126,13,133,104,60,64,71,70"/><V31/><F123/><W73/><G73/><T58/><D111/><N who="2" m="42538" /><F10/><W99/><G133/><T47/><D112/><U81/><E49/><V12/><F12/><N who="3" m="4715" /><G23/><T109/><D109/><U42/><E67/><V17/><F96/><W62/><G55/><T2/><D107/><U24/><E24/><V11/><F11/><W83/><G83/><T68/><D68/><N who="3" m="26153" /><G64/><T57/><D103/><U77/><E114/><V84/><F84/><W128/><G128/><T34/><D34/><U0/><E118/><V28/><F38/><W119/><G119/><T15/><D20/><U36/><E98/><V50/><F37/><W113/><G113/><T48/><D2/><U79/><E39/><V122/><F122/><W115/><G115/><T45/><D1/><U56/><E36/><V63/><F63/><W4/><G4/><T97/><D47/><U8/><E69/><V75/><F75/><W33/><G33/><T120/><D120/><U135/><E135/><V102/><F102/><W95/><G104/><T89/><D76/><U117/><E117/><V6/><F6/><W7/><G7/><T78/><D78/><U130/><E5/><V100/><F100/><W53/><G62/><T106/><D106/><U18/><E130/><V131/><F131/><W85/><G85/><T91/><D97/><U125/><E125/><N who="3" m="47626" /><G60/><T66/><D66/><U129/><E56/><V74/><F74/><W46/><G101/><T61/><D61/><U93/><E129/><V124/><F124/><W72/><G99/><T86/><D80/><U134/><E81/><N who="2" m="49519" /><F50/><N who="3" m="28887" /><G72/><T52/><D54/><U132/><E134/><RYUUKYOKU ba="0,0" sc="318,10,9,-30,268,10,405,10" hai0="9,15,45,48,52,57,58,59,82,86,88,89,91" hai2="17,22,26,28,31,40,41" hai3="95" owari="328,13.0,-21,-52.0,278,-12.0,415,51.0" /></mjloggm>