<mjloggm ver="2.3"><GO type="97" lobby="0"/><UN n0="%E3%82%86%EF%BD%9E%E3%81%A1%E3%82%87%E3%82%93%EF%BD%96%EF%BD%96" n1="%72%79%6F%2D%74%72%65%6B" n2="%E3%83%81%E3%83%A3%E3%83%83%E3%82%AF" n3="%E5%B0%B1%E6%B4%BB%E7%94%9F%40%E5%B7%9D%E6%9D%91%E8%BB%8D%E5%9B%A3" dan="13,14,13,15" rate="1816.04,1866.90,1888.61,2051.32" sx="F,M,M,M"/><TAIKYOKU oya="0"/><INIT seed="0,0,0,1,4,127" ten="250,250,250,250" oya="0" hai0="109,72,80,86,31,54,89,66,63,131,62,123,60" hai1="87,111,18,122,53,37,91,75,102,61,49,59,8" hai2="36,29,34,47,96,24,40,19,125,45,2,43,22" hai3="132,10,95,27,46,99,0,128,11,82,129,121,15"/><T115/><D115/><U112/><E37/><V107/><F125/><W68/><G68/><T103/><D123/><U71/><E75/><V64/><F64/><W93/><G121/><T20/><D72/><U114/><E112/><V85/><F85/><W39/><G132/><T76/><D103/><U104/><E111/><V65/><F65/><W16/><G27/><N who="0" m="16871" /><D109/><U7/><E18/><V41/><F2/><W117/><G117/><T42/><D42/><U13/><E114/><V88/><F47/><W51/><G39/><T124/><D124/><U28/><E28/><V48/><F36/><W26/><G26/><T118/><D118/><U106/><E102/><V33/><F33/><W5/><G82/><T98/><D66/><U12/><E12/><V32/><F32/><W108/><G108/><T120/><D120/><U79/><E79/><V1/><F1/><W35/><G35/><T126/><D126/><U134/><E134/><V84/><F96/><W73/><G73/><T30/><D30/><U38/><E38/><V17/><F107/><W130/><G99/><T55/><D131/><U97/><E97/><V77/><F77/><W119/><G119/><T6/><D6/><U113/><E113/><V14/><F17/><W94/><G94/><AGARI ba="0,0" hai="54,55,60,62,63,76,80,86,89,94,98" m="16871" machi="94" ten="30,1500,0" yaku="8,1" doraHai="127" who="0" fromWho="3" sc="250,15,250,0,250,0,250,-15" /><AGARI ba="0,0" hai="14,19,22,24,29,34,40,41,43,45,48,84,88,94" machi="94" ten="30,2000,0" yaku="7,1,54,1" doraHai="127" who="2" fromWho="3" sc="265,0,250,0,250,20,235,-20" /><INIT seed="0,1,0,5,1,47" ten="265,250,270,215" oya="0" hai0="117,6,48,132,29,85,73,4,46,125,72,58,99" hai1="38,12,103,2,60,75,18,77,10,36,27,32,109" hai2="34,26,33,129,95,68,44,9,82,71,40,13,1" hai3="51,22,55,112,31,45,87,74,43,59,11,106,110"/><T98/><D117/><U8/><E103/><V100/><F1/><W79/><G74/><T83/><D132/><U111/><E77/><V70/><F129/><W104/><G112/><T123/><D125/><U124/><E75/><V133/><F133/><W37/><G110/><N who="1" m="41994" /><E124/><V25/><F34/><W67/><G11/><T52/><D123/><U16/><E60/><V78/><F33/><W41/><G41/><N who="0" m="24655" /><D29/><N who="1" m="19519" /><E18/><V57/><F57/><W15/><G67/><T42/><D73/><U39/><E39/><V126/><F126/><W94/><G79/><N who="0" m="46335" /><D42/><U89/><E89/><V119/><F119/><W69/><G69/><T64/><D64/><U19/><E19/><V127/><F127/><W114/><G114/><T91/><D72/><U23/><E8/><V49/><F100/><W80/><G80/><T24/><D24/><U97/><E97/><N who="0" m="36873" /><D91/><U108/><E108/><V84/><REACH who="2" step="1"/><F95/><REACH who="2" ten="265,250,260,215" step="2"/><W88/><G31/><T3/><D3/><U90/><E2/><V107/><F107/><W35/><G35/><T54/><D58/><U93/><E10/><V96/><F96/><W120/><G120/><T113/><D113/><U131/><E131/><V122/><F122/><W105/><G105/><T63/><D63/><U56/><E56/><V61/><F61/><W81/><G81/><T115/><D115/><U53/><E53/><AGARI ba="1,1" hai="4,6,52,53,54" m="36873,46335,24655" machi="53" ten="30,5800,0" yaku="8,1,52,1,54,1" doraHai="47" who="0" fromWho="1" sc="265,71,250,-61,260,0,215,0" /><INIT seed="0,2,0,0,2,35" ten="336,189,260,215" oya="0" hai0="114,58,121,33,80,75,30,111,36,90,108,24,55" hai1="53,71,60,37,98,88,59,22,8,38,85,100,68" hai2="86,102,125,47,50,103,78,117,97,77,101,79,74" hai3="48,31,11,57,9,84,106,124,82,65,120,44,10"/><T127/><D114/><U19/><E8/><V28/><F28/><W99/><G124/><T81/><D121/><U113/><E113/><V118/><F47/><W61/><G120/><T51/><D127/><U49/><E71/><V7/><F125/><W119/><G119/><N who="2" m="45577" /><F50/><W2/><G31/><T94/><D75/><U104/><E68/><V29/><F7/><W41/><G99/><T3/><D3/><U95/><REACH who="1" step="1"/><E60/><REACH who="1" ten="336,179,260,215" step="2"/><V126/><F126/><W134/><G134/><T26/><D36/><U45/><E45/><V135/><F135/><W14/><G106/><T63/><D63/><U93/><E93/><N who="2" m="58543" /><F29/><W17/><REACH who="3" step="1"/><G2/><REACH who="3" ten="336,179,260,205" step="2"/><T43/><D30/><U129/><E129/><V25/><F25/><AGARI ba="2,2" hai="19,22,25,37,38,49,53,59,85,88,95,98,100,104" machi="25" ten="30,7700,0" yaku="1,1,7,1,54,1,53,1" doraHai="35" doraHaiUra="87" who="1" fromWho="2" sc="336,0,179,103,260,-83,205,0" /><INIT seed="1,0,0,1,3,33" ten="336,282,177,205" oya="1" hai0="27,4,29,2,126,132,125,50,97,73,104,58,95" hai1="100,94,36,133,109,47,60,120,79,26,89,69,81" hai2="87,43,116,118,40,41,42,91,102,105,49,111,85" hai3="99,35,98,101,106,68,76,124,0,92,127,8,46"/><U22/><E120/><V44/><F111/><W84/><G68/><T123/><D73/><U82/><E100/><V13/><F13/><W107/><G35/><T53/><D104/><U134/><E109/><V110/><F110/><W88/><G46/><T129/><D123/><U61/><E47/><V55/><N who="2" m="10752" /><DORA hai="38" /><V131/><F131/><W9/><G0/><T45/><D129/><U32/><E32/><V103/><F105/><N who="3" m="63671" /><G9/><T34/><D132/><N who="1" m="50795" /><E69/><V66/><F103/><N who="3" m="62847" /><G8/><T75/><D75/><N who="1" m="43263" /><E82/><V37/><F102/><W135/><G135/><T11/><D95/><U15/><E15/><V117/><F37/><W74/><G107/><T25/><D97/><N who="1" m="57551" /><E36/><V96/><REACH who="2" step="1"/><F66/><REACH who="2" ten="336,282,167,205" step="2"/><W122/><G122/><T63/><REACH who="0" step="1"/><D25/><REACH who="0" ten="326,282,167,205" step="2"/><U1/><E1/><V52/><F52/><AGARI ba="0,2" hai="2,4,11,27,29,34,45,50,52,53,58,63,125,126" machi="52" ten="40,8000,1" yaku="1,1,2,1,52,1,54,1,53,1" doraHai="33,38" doraHaiUra="90,56" who="0" fromWho="2" sc="326,100,282,0,167,-80,205,0" /><INIT seed="2,0,0,1,0,10" ten="426,282,87,205" oya="2" hai0="88,69,127,11,62,66,6,35,98,108,65,80,68" hai1="61,94,14,74,135,9,20,71,52,38,82,77,85" hai2="18,29,51,42,31,130,110,100,97,54,102,72,5" hai3="0,15,23,1,132,133,7,27,3,44,12,28,57"/><V22/><F130/><W123/><G123/><T36/><D108/><U4/><E38/><V121/><F72/><W60/><G44/><T24/><D127/><U111/><E135/><N who="3" m="51786" /><G7/><T79/><D36/><U73/><E111/><V26/><F121/><W83/><G83/><T129/><D129/><U70/><E74/><V95/><F110/><W118/><G118/><T126/><D126/><U16/><E73/><V105/><F42/><W93/><G93/><T124/><D79/><U64/><E94/><V120/><F120/><W119/><G119/><T8/><D124/><U87/><E85/><V55/><F5/><W43/><G43/><T39/><D39/><U128/><E128/><V53/><REACH who="2" step="1"/><F51/><REACH who="2" ten="426,282,77,205" step="2"/><W116/><G116/><T41/><D41/><U76/><E76/><V21/><F21/><W104/><G104/><T56/><D6/><U33/><E33/><V19/><F19/><W91/><G91/><T89/><D89/><U112/><E112/><V49/><F49/><W13/><G0/><T115/><D115/><U67/><E67/><AGARI ba="0,1" hai="1,3,12,13,15,23,27,28,57,60,67" m="51786" machi="67" ten="30,7700,0" yaku="20,1,52,3" doraHai="10" who="3" fromWho="1" sc="426,0,282,-77,77,0,205,87" /><INIT seed="3,0,0,4,1,72" ten="426,205,77,292" oya="3" hai0="70,6,29,115,82,26,80,84,37,119,122,126,74" hai1="44,13,106,45,99,30,0,101,25,90,132,69,43" hai2="14,121,12,86,59,58,98,61,65,68,51,5,109" hai3="60,71,19,81,89,47,49,107,57,46,56,16,1"/><W128/><G1/><T18/><D122/><U27/><E0/><V131/><F98/><W15/><G107/><T113/><D119/><U102/><E69/><V20/><F86/><W93/><G128/><T33/><D6/><U39/><E102/><V40/><F5/><W4/><G71/><T2/><D2/><U124/><E132/><V129/><F12/><W75/><G4/><T117/><D37/><U103/><E103/><V105/><F14/><W67/><G56/><T92/><D70/><U97/><E124/><V34/><F20/><W135/><G135/><T35/><D74/><U11/><E45/><V62/><F34/><W10/><G19/><T94/><D18/><U91/><E99/><V104/><F105/><W23/><G10/><T130/><D126/><U9/><E27/><V76/><F104/><W87/><REACH who="3" step="1"/><G49/><REACH who="3" ten="426,205,77,282" step="2"/><T78/><D130/><U48/><E9/><V21/><F131/><W28/><G28/><T24/><D29/><U111/><E39/><V83/><F129/><W100/><G100/><T95/><D117/><U8/><E11/><V55/><F68/><W77/><AGARI ba="0,1" hai="15,16,23,46,47,57,60,67,75,77,81,87,89,93" machi="77" ten="30,11700,0" yaku="1,1,0,1,52,1,54,1,53,0" doraHai="72" doraHaiUra="110" who="3" fromWho="3" sc="426,-39,205,-39,77,-39,282,127" owari="387,19.0,166,-23.0,38,-46.0,409,50.0" /></mjloggm>