<mjloggm ver="2.3"><GO type="169" lobby="0"/><UN n0="%41%6C%66%68%65%69%6D" n1="%E6%96%B0%E6%BD%9F%E3%83%89%E3%83%A9%E3%82%B4%E3%83%B3" n2="%E3%81%BE%E3%81%95%E3%82%8B%E3%81%95%E3%82%93%E3%80%82%E3%80%82" n3="%E3%82%A6%E3%83%AB%E3%83%88%E3%83%A9%E7%AB%8B%E7%9B%B4" dan="16,16,16,17" rate="2011.69,2109.17,2048.81,2213.86" sx="M,M,M,M"/><TAIKYOKU oya="0"/><INIT seed="0,0,0,3,1,27" ten="250,250,250,250" oya="0" hai0="43,83,34,98,20,66,68,10,122,88,44,48,17" hai1="14,75,121,79,6,39,61,106,107,132,40,115,25" hai2="45,119,22,74,59,60,92,15,129,89,64,67,127" hai3="85,99,19,78,33,126,46,73,134,97,36,21,41"/><T91/><D122/><U7/><E121/><V57/><F127/><W8/><G33/><T111/><D34/><U135/><E115/><V123/><F129/><W32/><G32/><T11/><D111/><U124/><E124/><V42/><F123/><W131/><G126/><T125/><D125/><U69/><E79/><V38/><F74/><W81/><G131/><T84/><D68/><U130/><E75/><V100/><F100/><W114/><G134/><T5/><D66/><N who="1" m="41167" /><E25/><V105/><F105/><W12/><G114/><T35/><D35/><U104/><E14/><V94/><F119/><W63/><G63/><T71/><D71/><U95/><E95/><V87/><F67/><W118/><G118/><T37/><D37/><U4/><E40/><V30/><F59/><W112/><G112/><T62/><D62/><U70/><E39/><V133/><F133/><N who="1" m="51273" /><E70/><V82/><REACH who="2" step="1"/><F15/><REACH who="2" ten="250,250,240,250" step="2"/><W47/><G73/><T116/><D116/><U86/><E130/><V117/><F117/><W77/><G47/><T109/><D109/><U26/><E26/><AGARI ba="0,1" hai="22,26,30,38,42,45,57,60,64,82,87,89,92,94" machi="26" ten="40,2600,0" yaku="1,1,52,1,53,0" doraHai="27" doraHaiUra="102" who="2" fromWho="1" sc="250,0,250,-26,240,36,250,0" /><INIT seed="1,0,0,3,3,71" ten="250,224,276,250" oya="1" hai0="1,84,103,33,119,18,17,37,4,87,127,63,45" hai1="83,49,16,135,94,81,9,126,131,113,134,110,116" hai2="15,122,75,85,128,120,125,53,38,132,129,39,105" hai3="25,89,47,90,61,54,64,68,77,13,41,112,97"/><U59/><E116/><V36/><F75/><W14/><G112/><T133/><D119/><U58/><E113/><V99/><F125/><W42/><G77/><T96/><D33/><U124/><E94/><V12/><F132/><N who="1" m="50729" /><E110/><V46/><F85/><W130/><G130/><N who="2" m="50281" /><F53/><W26/><G54/><T24/><D127/><N who="1" m="48683" /><E131/><V86/><F46/><W21/><G42/><T93/><D45/><U66/><E49/><V43/><F43/><W28/><G25/><T123/><D24/><U74/><E74/><V98/><F86/><W108/><G108/><T5/><D84/><U117/><E117/><V111/><F111/><W100/><G90/><T67/><D133/><U76/><E76/><V57/><F57/><N who="1" m="21513" /><E66/><V22/><F105/><W69/><G89/><T7/><D67/><U65/><E65/><V82/><F82/><W31/><G69/><T29/><D93/><U79/><E79/><V11/><F22/><W72/><G72/><T73/><D73/><U121/><E121/><N who="2" m="46699" /><F11/><W51/><G68/><T44/><D123/><U3/><E3/><V70/><F70/><W10/><G64/><T118/><D1/><U104/><E104/><V0/><F0/><W6/><G51/><T78/><D118/><U48/><E48/><V80/><F80/><W114/><G114/><T2/><D2/><U60/><E60/><V19/><F19/><N who="3" m="12607" /><G61/><T56/><D63/><U106/><E106/><V32/><F32/><W92/><G47/><T8/><D78/><U115/><E115/><V91/><F91/><W40/><G92/><T95/><D44/><U50/><E50/><V88/><F88/><RYUUKYOKU ba="0,0" sc="250,-15,224,15,276,15,250,-15" hai1="9,16,81,83" hai2="12,15,36,38,39,98,99" /><INIT seed="1,1,0,1,1,100" ten="235,239,291,235" oya="1" hai0="79,71,67,95,94,18,47,56,63,46,61,84,66" hai1="41,64,85,123,48,83,57,103,50,122,9,90,1" hai2="58,65,78,111,92,105,6,89,51,59,29,3,82" hai3="36,121,22,15,119,104,97,38,118,69,73,5,87"/><U43/><E103/><V53/><F105/><W35/><G73/><T134/><D134/><U17/><E64/><V128/><F128/><W14/><G35/><T37/><D18/><U113/><E113/><V24/><F111/><W130/><G69/><T86/><D86/><U34/><E34/><V0/><F59/><W8/><G121/><T75/><D75/><U30/><E30/><V11/><F65/><W108/><G108/><T131/><D131/><U40/><E17/><V62/><F0/><W93/><G87/><T112/><D112/><U74/><E74/><V28/><F62/><W106/><G130/><T115/><D115/><U96/><E96/><V70/><F70/><W72/><G72/><T54/><D46/><U124/><E124/><V60/><F28/><W13/><G22/><T126/><D126/><U26/><E26/><V98/><F29/><W102/><G38/><T91/><D79/><U55/><REACH who="1" step="1"/><E50/><REACH who="1" ten="235,229,291,235" step="2"/><V19/><F19/><W99/><G99/><T16/><D16/><U80/><E80/><V25/><F51/><W2/><G36/><T101/><D37/><U114/><E114/><V76/><F82/><W7/><G5/><AGARI ba="1,1" hai="1,5,9,40,41,43,48,55,57,83,85,90,122,123" machi="5" ten="40,2000,0" yaku="1,1,53,0" doraHai="100" doraHaiUra="125" who="1" fromWho="3" sc="235,0,229,33,291,0,235,-23" /><INIT seed="1,2,0,2,0,0" ten="235,262,291,212" oya="1" hai0="127,30,75,111,4,21,59,117,40,19,102,5,38" hai1="89,28,9,43,97,10,101,23,24,49,110,69,90" hai2="45,41,47,107,93,18,34,134,99,98,115,113,76" hai3="96,42,29,128,95,17,83,132,103,79,133,124,57"/><U60/><E110/><V126/><F134/><N who="3" m="51819" /><G29/><T44/><D117/><U91/><E69/><V64/><F126/><W80/><G42/><T78/><D127/><U35/><E35/><V63/><F76/><W94/><G57/><T39/><D39/><U15/><E60/><V11/><F107/><N who="3" m="63975" /><G17/><T82/><D102/><U74/><E74/><V14/><F34/><W88/><G124/><T70/><D111/><U109/><E109/><V87/><F87/><N who="3" m="50303" /><G128/><T22/><D70/><U55/><E43/><V121/><F41/><W72/><AGARI ba="2,0" hai="72,79,80,94,95" m="50303,63975,51819" machi="72" ten="30,7900,0" yaku="20,1,34,2,54,1" doraHai="0" who="3" fromWho="3" sc="235,-22,262,-41,291,-22,212,85" /><INIT seed="2,0,0,4,3,47" ten="213,221,269,297" oya="2" hai0="50,76,100,32,8,62,78,65,28,12,77,134,74" hai1="58,102,106,120,105,95,90,132,130,40,119,79,3" hai2="133,111,107,29,115,87,17,117,43,84,60,30,35" hai3="37,9,131,21,63,44,110,88,113,10,53,16,127"/><V71/><F115/><W7/><G110/><T26/><D134/><U51/><E3/><V104/><F133/><W61/><G127/><T15/><D100/><U2/><E2/><V31/><F117/><W103/><G103/><T94/><D94/><U42/><E132/><V69/><F43/><W36/><G36/><T80/><D50/><U99/><E106/><N who="2" m="40491" /><F17/><W121/><G37/><T73/><D73/><U86/><E119/><V122/><F122/><W54/><G121/><T66/><D12/><U18/><E120/><V24/><F60/><W123/><G123/><T75/><D75/><U89/><E79/><V82/><F82/><W112/><G7/><T125/><D125/><U14/><E90/><V116/><F116/><W68/><G88/><T19/><REACH who="0" step="1"/><D65/><REACH who="0" ten="203,221,269,297" step="2"/><U56/><E105/><V114/><F114/><W4/><G113/><T85/><D85/><U135/><E135/><V67/><F67/><W11/><G112/><T1/><D1/><U22/><E86/><V83/><F83/><W23/><G61/><T101/><D101/><U97/><E102/><V98/><F98/><W38/><G63/><T93/><D93/><U25/><E99/><V64/><F64/><W57/><G38/><T59/><AGARI ba="0,1" hai="8,15,19,26,28,32,59,62,66,74,76,77,78,80" machi="59" ten="20,2700,0" yaku="1,1,0,1,7,1,53,0" doraHai="47" doraHaiUra="46" who="0" fromWho="0" sc="203,37,221,-7,269,-13,297,-7" /><INIT seed="3,0,0,5,0,131" ten="240,214,256,290" oya="3" hai0="94,99,126,87,88,10,124,97,120,82,46,85,121" hai1="44,36,130,134,5,128,77,95,60,45,101,4,17" hai2="100,125,32,127,111,119,14,107,3,59,57,23,55" hai3="118,40,43,53,12,115,38,1,93,11,109,75,0"/><W129/><G115/><T22/><D10/><U26/><E77/><V2/><F111/><W7/><G118/><T123/><D46/><N who="1" m="18027" /><E36/><V25/><F119/><W33/><G33/><T6/><D6/><U41/><E41/><V52/><F32/><W133/><G75/><T20/><D20/><N who="1" m="13583" /><E60/><N who="2" m="35879" /><F14/><W73/><G73/><T67/><D22/><U28/><E28/><N who="2" m="17471" /><F100/><W42/><G38/><T117/><D67/><U72/><E72/><V27/><F27/><W81/><G129/><N who="1" m="49770" /><E134/><V74/><F74/><W122/><G122/><T76/><D117/><U98/><AGARI ba="0,0" hai="4,5,95,98,101" m="49770,13583,18027" machi="98" ten="30,1100,0" yaku="19,1" doraHai="131" who="1" fromWho="1" sc="240,-3,214,11,256,-3,290,-5" /><INIT seed="4,0,0,5,4,110" ten="237,225,253,285" oya="0" hai0="9,103,118,19,88,81,71,65,121,3,69,66,125" hai1="45,6,115,87,108,52,58,116,97,15,4,78,14" hai2="92,26,72,28,59,64,0,22,127,129,62,10,124" hai3="67,84,119,51,24,102,76,93,135,54,130,126,36"/><T48/><D118/><U133/><E108/><V117/><F129/><W7/><G36/><T39/><D121/><U98/><E116/><V109/><F109/><W46/><G119/><T80/><D39/><U16/><E45/><V47/><F117/><W53/><G126/><N who="2" m="48169" /><F72/><W42/><G135/><T27/><D125/><U32/><E32/><V1/><F47/><W43/><G67/><T23/><D69/><U113/><E133/><V105/><F105/><W77/><G7/><T29/><D103/><U61/><E6/><N who="2" m="1351" /><F92/><W56/><G130/><T101/><D3/><AGARI ba="0,0" hai="1,3,22,26,28,59,62,64" m="1351,48169" machi="3" ten="30,1000,0" yaku="18,1" doraHai="110" who="2" fromWho="0" sc="237,-10,225,0,253,10,285,0" /><INIT seed="5,0,0,4,1,41" ten="227,225,263,285" oya="1" hai0="47,48,0,124,37,116,2,133,106,29,1,108,63" hai1="52,32,9,128,38,64,105,93,103,11,85,127,100" hai2="76,79,74,92,96,36,59,45,21,99,65,113,27" hai3="22,111,44,110,61,101,83,69,70,60,91,95,122"/><U55/><E32/><V10/><F113/><W82/><G22/><T134/><D116/><U53/><E127/><V135/><F135/><N who="0" m="51722" /><D108/><U132/><E132/><V72/><F10/><N who="1" m="3593" /><E38/><V90/><F36/><W112/><G101/><N who="1" m="38986" /><E105/><V39/><F39/><W7/><G7/><T78/><D106/><U35/><E35/><V34/><F34/><W58/><G58/><T115/><D37/><U68/><E68/><V17/><F45/><W77/><G77/><N who="2" m="29769" /><F74/><W5/><G5/><T28/><D115/><U104/><E104/><V73/><F73/><W31/><G112/><T56/><D78/><U16/><E128/><V54/><F65/><W120/><G31/><T89/><D89/><N who="1" m="53423" /><E64/><V71/><F71/><W84/><G91/><T126/><D124/><U26/><E55/><V87/><F72/><W14/><G95/><T19/><D126/><U23/><AGARI ba="0,0" hai="16,23,26,52,53" m="53423,38986,3593" machi="23" ten="30,6000,0" yaku="8,1,54,2" doraHai="41" who="1" fromWho="1" sc="227,-20,225,60,263,-20,285,-20" /><INIT seed="5,1,0,4,3,112" ten="207,285,243,265" oya="1" hai0="129,32,51,118,84,93,28,76,109,69,71,54,7" hai1="1,98,123,0,80,64,81,99,44,18,9,61,13" hai2="35,72,62,40,12,89,67,3,60,95,31,23,82" hai3="65,58,90,4,125,5,110,70,37,130,63,86,91"/><U34/><E34/><V124/><F124/><W133/><G37/><T26/><D109/><U20/><E123/><V108/><F108/><W21/><G110/><T121/><D129/><U122/><E122/><V119/><F119/><W15/><G125/><T6/><D121/><U57/><E1/><V105/><F105/><W47/><G133/><T11/><D118/><U102/><E44/><V38/><F38/><W127/><G130/><T107/><D107/><U128/><E99/><V41/><F3/><W134/><G134/><T117/><D117/><U19/><E128/><V85/><F72/><W59/><G47/><T78/><D78/><U73/><E73/><V66/><F82/><W43/><G43/><N who="2" m="16457" /><F35/><W97/><G70/><T29/><D29/><U50/><E50/><V52/><F52/><W68/><G68/><T77/><D77/><U22/><E0/><V92/><F92/><N who="3" m="56479" /><G58/><T17/><D71/><U25/><REACH who="1" step="1"/><E9/><REACH who="1" ten="207,275,243,265" step="2"/><V87/><F87/><W132/><G127/><T36/><D11/><U131/><E131/><V94/><F85/><W24/><G132/><T116/><D116/><U75/><E75/><V8/><F8/><W10/><G86/><T42/><D36/><U120/><E120/><V111/><F111/><W104/><G10/><T96/><D84/><U55/><E55/><V74/><F74/><W115/><G4/><T45/><D54/><U101/><E101/><V100/><F100/><W79/><G5/><T53/><D53/><U27/><E27/><N who="2" m="16895" /><F12/><W48/><G15/><T135/><D135/><U56/><E56/><N who="2" m="37127" /><F89/><W30/><G90/><T33/><D32/><RYUUKYOKU ba="1,1" sc="207,-15,275,15,243,15,265,-15" hai1="13,18,19,20,22,25,57,61,64,80,81,98,102" hai2="62,67,94,95" /><INIT seed="5,2,1,5,0,95" ten="192,290,258,250" oya="1" hai0="86,57,126,109,61,43,75,96,84,38,77,1,132" hai1="123,64,60,73,18,35,20,103,55,9,4,102,42" hai2="14,56,63,30,31,45,37,89,107,50,17,52,111" hai3="94,112,13,28,74,76,134,85,71,26,124,49,127"/><U122/><E73/><V91/><F107/><W131/><G71/><T44/><D109/><U81/><E35/><V33/><F37/><W118/><G74/><T47/><D132/><U78/><E42/><V29/><F111/><W99/><G134/><T36/><D126/><N who="3" m="48169" /><G118/><T117/><D117/><U114/><E55/><N who="2" m="34207" /><F33/><W15/><G131/><T23/><D1/><U72/><E114/><V82/><F82/><N who="3" m="47303" /><G49/><T110/><D110/><U59/><E123/><V10/><AGARI ba="2,1" hai="10,14,17,29,30,31,45,50,52,89,91" m="34207" machi="10" ten="30,2000,0" yaku="8,1,54,1" doraHai="95" who="2" fromWho="2" sc="192,-7,290,-12,258,36,250,-7" /><INIT seed="6,0,0,1,1,81" ten="185,278,294,243" oya="2" hai0="9,89,130,100,59,25,57,47,105,15,7,82,18" hai1="132,17,31,29,122,124,76,101,74,90,116,19,121" hai2="30,133,98,99,13,106,26,39,131,49,123,69,71" hai3="58,37,44,120,56,55,125,61,97,80,54,87,28"/><V62/><F39/><W118/><G118/><T63/><D130/><U51/><E116/><V102/><F131/><W77/><G120/><T115/><D115/><U11/><E101/><V33/><F123/><W22/><G125/><T75/><D47/><U86/><E76/><V12/><F133/><W84/><G97/><T94/><D105/><U96/><E74/><V65/><F71/><W38/><G44/><T64/><D100/><U41/><E96/><V24/><F24/><W112/><G112/><T53/><D75/><U93/><E132/><V23/><F99/><W111/><G111/><T109/><D109/><U40/><E124/><V42/><F23/><W114/><G114/><T73/><D73/><U134/><E134/><V91/><F91/><W127/><G127/><T27/><D82/><U4/><E51/><V20/><F20/><W88/><G22/><T117/><D7/><U108/><E108/><V36/><F49/><W72/><G28/><N who="1" m="10826" /><E17/><V66/><F66/><W45/><G45/><AGARI ba="0,0" hai="12,13,26,30,33,36,42,45,62,65,69,98,102,106" machi="45" ten="40,3900,0" yaku="25,2" doraHai="81" who="2" fromWho="3" sc="185,0,278,0,294,39,243,-39" /><INIT seed="6,1,0,4,4,54" ten="185,278,333,204" oya="2" hai0="127,14,40,3,94,19,90,48,12,38,60,89,0" hai1="63,6,125,135,119,107,50,78,75,91,41,82,85" hai2="52,134,29,114,80,36,10,8,2,76,56,124,13" hai3="92,84,27,9,34,45,104,42,87,74,43,53,51"/><V117/><F117/><W16/><G104/><T4/><D38/><U44/><E135/><V79/><F36/><W129/><G74/><T86/><D127/><U21/><E125/><V103/><F103/><W66/><G129/><T112/><D112/><U37/><E6/><V133/><F124/><W49/><G34/><T64/><D4/><U46/><E21/><V128/><F114/><W120/><G120/><T68/><D12/><U73/><E107/><V71/><F71/><W25/><G66/><T72/><D72/><U7/><E7/><N who="2" m="1143" /><F29/><W18/><G42/><T81/><D48/><U35/><E35/><V106/><F106/><W83/><G92/><T95/><D40/><U24/><E24/><N who="3" m="9290" /><G9/><T62/><D62/><U102/><E102/><V47/><F13/><W26/><G26/><T115/><D115/><U110/><E63/><N who="2" m="36231" /><F10/><W17/><G83/><T97/><REACH who="0" step="1"/><D81/><REACH who="0" ten="175,278,333,204" step="2"/><U31/><E37/><V130/><F80/><W57/><AGARI ba="1,1" hai="16,17,18,43,45,49,51,53,57,84,87" m="9290" machi="57" ten="30,4000,0" yaku="8,1,52,1,54,1" doraHai="54" who="3" fromWho="3" sc="175,-11,278,-11,333,-21,204,53" /><INIT seed="7,0,0,1,0,44" ten="164,267,312,257" oya="3" hai0="12,47,51,125,115,41,64,130,66,110,126,0,71" hai1="111,69,31,78,58,79,100,122,43,46,65,42,75" hai2="67,96,70,86,22,95,59,91,108,105,18,16,20" hai3="93,63,62,97,61,5,120,77,114,94,104,89,133"/><W40/><G104/><T48/><D0/><U54/><E100/><N who="2" m="60447" /><F70/><W3/><G120/><T128/><D12/><U113/><E31/><V134/><F134/><W106/><G106/><T38/><D115/><U6/><E6/><V36/><F36/><W55/><G133/><T123/><D110/><U83/><E79/><V76/><F76/><W32/><G32/><T26/><D26/><U52/><E46/><V57/><F105/><W17/><G40/><T101/><D101/><U117/><E54/><V109/><F67/><N who="0" m="25642" /><D71/><U11/><E11/><V1/><F1/><W56/><G114/><T53/><D123/><U68/><E113/><V92/><F109/><W90/><G77/><T21/><D21/><N who="2" m="8298" /><F108/><W45/><G3/><T82/><D82/><U39/><E111/><V81/><F81/><W37/><G5/><T7/><D7/><U87/><E75/><V60/><F60/><W34/><G34/><T80/><D80/><U72/><E72/><V131/><F131/><N who="0" m="50218" /><D53/><U107/><E69/><V102/><F102/><W124/><G55/><T19/><D19/><AGARI ba="0,0" hai="16,18,19,57,59,86,91,92" m="8298,60447" machi="19" ten="30,2000,0" yaku="8,1,54,1" doraHai="44" who="2" fromWho="0" sc="164,-20,267,0,312,20,257,0" owari="144,-36.0,267,7.0,332,43.0,257,-14.0" /></mjloggm>