<mjloggm ver="2.3"><GO type="169" lobby="0"/><UN n0="%E3%83%88%E3%83%88%E3%83%AA%E5%85%88%E7%94%9F%31%39%E6%AD%B3" n1="%6E%61%72%75%72%75%72%75" n2="%E6%B0%B7%E6%B2%B3%E9%A2%A8" n3="%E9%BB%92%E7%8C%AB%40%E3%81%BA%E3%82%8D%E3%81%BA%E3%82%8D%E2%98%86" dan="18,16,17,18" rate="2241.60,2130.25,2128.47,2240.86" sx="F,M,M,F"/><TAIKYOKU oya="0"/><INIT seed="0,0,0,5,3,0" ten="250,250,250,250" oya="0" hai0="91,57,49,110,21,5,18,98,103,44,102,4,95" hai1="128,11,75,97,37,94,124,71,62,119,19,40,117" hai2="133,129,126,106,31,64,80,2,132,27,93,70,134" hai3="15,55,77,16,96,65,114,69,89,7,72,32,73"/><T1/><D110/><U66/><E117/><V42/><F106/><W113/><G32/><T112/><D112/><U13/><E119/><V52/><F42/><W79/><G7/><N who="0" m="2635" /><D57/><U30/><E75/><V38/><F38/><W78/><G69/><T84/><D98/><U34/><E128/><V25/><F2/><W24/><G65/><T99/><D99/><U122/><E122/><V29/><F129/><W92/><G55/><N who="0" m="30119" /><D1/><U131/><E124/><V111/><F111/><W104/><G104/><T120/><D120/><U20/><E131/><V41/><F126/><W39/><G39/><T86/><D86/><U35/><E40/><V51/><F41/><W115/><REACH who="3" step="1"/><G24/><AGARI ba="0,0" hai="18,21,24,84,91,95,102,103" m="30119,2635" machi="24" ten="30,11600,0" yaku="8,1,52,3" doraHai="0" who="0" fromWho="3" sc="250,116,250,0,250,0,250,-116" /><INIT seed="0,1,0,5,1,46" ten="366,250,250,134" oya="0" hai0="32,8,25,116,72,93,115,17,51,102,88,23,64" hai1="134,65,56,13,34,120,29,41,71,98,75,100,52" hai2="84,16,126,96,132,18,106,54,53,4,19,103,101" hai3="6,45,0,109,58,33,57,92,129,36,40,83,30"/><T60/><D115/><U62/><E75/><V38/><F132/><W11/><G129/><T67/><D116/><U118/><E134/><V59/><F38/><W68/><G68/><T55/><D72/><U123/><E118/><V39/><F39/><W28/><G109/><T24/><D102/><U97/><E97/><V105/><F126/><W90/><G83/><T87/><D60/><U50/><E13/><V91/><F4/><W110/><G110/><T130/><D130/><U80/><E80/><V37/><F37/><W73/><G73/><T1/><D1/><U20/><E20/><V95/><F59/><W12/><G0/><T7/><D7/><U3/><E41/><V49/><F49/><N who="3" m="26791" /><G33/><T74/><D74/><U112/><E112/><V107/><REACH who="2" step="1"/><F101/><REACH who="2" ten="366,250,240,134" step="2"/><W124/><G36/><T47/><REACH who="0" step="1"/><D8/><REACH who="0" ten="356,250,240,134" step="2"/><U122/><E3/><V66/><F66/><W35/><G124/><T94/><D94/><AGARI ba="1,2" hai="16,18,19,53,54,84,91,94,95,96,103,105,106,107" machi="94" ten="50,3200,0" yaku="1,1,54,1,53,0" doraHai="46" doraHaiUra="26" who="2" fromWho="0" sc="356,-35,250,0,240,55,134,0" /><INIT seed="1,0,0,4,3,28" ten="321,250,295,134" oya="1" hai0="37,70,68,0,128,75,41,61,93,63,45,125,129" hai1="42,18,16,87,124,14,9,78,8,39,51,81,80" hai2="96,22,105,32,44,111,90,60,85,40,74,27,57" hai3="65,77,5,55,115,107,13,72,52,88,43,35,131"/><U36/><E124/><V19/><F74/><W98/><G115/><T94/><D75/><U26/><E42/><V20/><F111/><W54/><G131/><N who="0" m="50251" /><D0/><U84/><E51/><V134/><F134/><W108/><G108/><T66/><D125/><U103/><E103/><V76/><F76/><W99/><G43/><T31/><D31/><U1/><E1/><V110/><F110/><W79/><G65/><AGARI ba="0,0" hai="37,41,45,61,63,65,66,68,70,93,94" m="50251" machi="65" ten="30,1000,0" yaku="19,1" doraHai="28" who="0" fromWho="3" sc="321,10,250,0,295,0,134,-10" /><INIT seed="2,0,0,0,2,46" ten="331,250,295,124" oya="2" hai0="45,27,124,33,43,131,90,116,89,100,77,30,12" hai1="68,63,69,59,9,48,122,83,125,65,95,129,64" hai2="52,76,44,22,58,112,87,113,101,86,88,25,28" hai3="103,31,80,41,51,66,14,117,91,60,17,16,3"/><V47/><F112/><W81/><G3/><T79/><D131/><U15/><E122/><V94/><F113/><W96/><G117/><T73/><D116/><U36/><E36/><V18/><F101/><W24/><G41/><T84/><D124/><U49/><E129/><V134/><F134/><W32/><G51/><T61/><D73/><U118/><E118/><V106/><F106/><W105/><G91/><T42/><D100/><U38/><E38/><V0/><F0/><W128/><G128/><T19/><D61/><U114/><E125/><V99/><F28/><W110/><G110/><T74/><D74/><U119/><E119/><V5/><F5/><W67/><G67/><T82/><D89/><U121/><E121/><V104/><F104/><W10/><REACH who="3" step="1"/><G17/><REACH who="3" ten="331,250,295,114" step="2"/><T62/><D43/><U4/><E65/><V132/><F132/><W20/><G20/><T40/><D42/><U97/><E114/><V7/><F7/><W39/><G39/><T70/><D62/><U92/><E83/><N who="2" m="47463" /><F87/><W93/><G93/><T54/><D40/><U78/><E95/><V126/><F126/><W72/><G72/><T26/><D79/><U34/><E78/><V109/><F109/><W133/><G133/><T98/><D77/><U35/><E35/><V57/><F57/><AGARI ba="0,1" hai="10,14,16,24,31,32,57,60,66,80,81,96,103,105" machi="57" ten="30,7700,0" yaku="1,1,7,1,54,1,53,1" doraHai="46" doraHaiUra="102" who="3" fromWho="2" sc="331,0,250,0,295,-77,114,87" /><INIT seed="3,0,0,4,2,13" ten="331,250,218,201" oya="3" hai0="1,57,31,66,82,51,69,56,22,118,94,17,15" hai1="35,30,80,61,98,115,133,97,18,76,41,92,105" hai2="135,10,90,19,130,125,38,113,42,20,124,81,33" hai3="87,26,108,63,45,68,83,32,44,24,109,107,60"/><W79/><G107/><T0/><D118/><U121/><E115/><V9/><F113/><W128/><G128/><T27/><D69/><U16/><E121/><V48/><F38/><W88/><G45/><T64/><D82/><U12/><E133/><V110/><F33/><W126/><G126/><N who="2" m="48745" /><F110/><N who="3" m="42603" /><G44/><T71/><D71/><U123/><E41/><V3/><F3/><W89/><G63/><T78/><D78/><U134/><E123/><V11/><F135/><W102/><G102/><T46/><D94/><U70/><E134/><V75/><F130/><W104/><G104/><T52/><D1/><U54/><E12/><N who="2" m="9319" /><F42/><W122/><G122/><T40/><D0/><U114/><E114/><V43/><F48/><W127/><G127/><T100/><D100/><U67/><E54/><V129/><F43/><W34/><G34/><T8/><D56/><U4/><E4/><V91/><F129/><W36/><G36/><AGARI ba="0,0" hai="8,15,17,22,27,31,36,40,46,51,52,57,64,66" machi="36" ten="30,3900,0" yaku="7,1,52,1,54,1" doraHai="13" who="0" fromWho="3" sc="331,39,250,0,218,0,201,-39" /><INIT seed="4,0,0,2,5,35" ten="370,250,218,162" oya="0" hai0="118,62,42,112,100,43,7,21,14,70,37,113,24" hai1="44,15,20,58,135,53,4,77,6,59,84,123,47" hai2="33,92,91,89,32,3,110,125,36,8,19,90,61" hai3="81,106,122,127,16,2,105,108,11,64,10,60,57"/><T132/><D118/><U78/><E123/><V83/><F110/><W63/><G108/><T107/><D132/><U12/><E135/><V97/><F36/><W133/><G133/><T98/><D37/><U18/><E59/><V128/><F128/><W25/><G127/><T126/><D126/><U116/><E116/><V94/><F125/><W76/><G122/><T104/><D104/><U40/><E40/><V5/><F19/><W39/><G39/><T30/><D70/><U68/><E68/><V29/><F29/><W66/><G11/><N who="0" m="4479" /><D62/><U87/><E84/><V120/><F120/><W96/><G96/><T49/><D49/><U131/><E131/><V73/><F61/><W34/><G34/><T82/><D82/><N who="1" m="47567" /><E78/><V0/><F0/><W75/><G25/><T27/><D27/><U71/><E71/><V9/><F73/><W134/><G134/><T109/><D109/><U13/><E4/><V17/><F83/><W102/><G102/><T124/><D124/><U130/><E130/><V67/><F97/><W22/><G2/><T51/><D51/><N who="1" m="31039" /><E6/><V31/><F3/><W55/><G66/><T72/><D72/><U129/><E129/><V41/><F67/><W119/><G119/><T103/><D103/><U111/><E111/><V54/><F33/><W69/><REACH who="3" step="1"/><G10/><REACH who="3" ten="370,250,218,152" step="2"/><T52/><D98/><U46/><AGARI ba="0,1" hai="12,13,15,18,20,44,46,47" m="31039,47567" machi="46" ten="30,1100,0" yaku="8,1" doraHai="35" who="1" fromWho="1" sc="370,-5,250,21,218,-3,152,-3" /><INIT seed="5,0,0,2,4,87" ten="365,271,215,149" oya="1" hai0="11,99,82,129,69,121,34,36,73,53,10,4,27" hai1="46,25,61,81,26,45,95,65,113,3,17,127,2" hai2="126,20,51,6,135,68,133,120,80,66,54,122,37" hai3="132,43,50,70,92,40,32,107,8,30,22,33,89"/><U16/><E113/><V13/><F37/><W109/><G109/><T71/><D36/><U48/><E127/><V57/><F126/><W78/><G107/><T104/><D129/><U110/><E110/><V21/><F21/><W55/><G70/><T114/><D114/><U123/><E123/><V47/><F68/><W79/><G132/><N who="2" m="50761" /><F80/><W38/><G38/><T105/><D11/><U31/><E81/><V74/><F74/><W93/><G93/><T49/><D121/><U86/><E2/><V76/><F76/><N who="3" m="29227" /><G8/><T42/><D82/><U125/><E3/><V94/><F94/><W101/><G101/><T56/><D73/><U12/><E125/><V115/><F115/><W67/><G67/><T119/><D104/><U100/><E100/><V90/><F6/><W116/><G32/><T15/><D69/><U102/><E102/><V44/><F66/><W128/><G33/><T64/><D64/><U77/><E77/><V35/><F35/><W5/><G5/><T7/><D71/><U97/><E31/><V117/><F120/><W83/><G83/><T23/><D34/><U75/><E75/><V72/><F72/><W58/><G128/><T52/><D4/><U111/><E111/><V1/><F1/><W60/><G60/><T14/><D7/><U103/><E86/><V62/><F122/><W39/><G39/><T18/><D105/><U88/><E103/><V19/><F62/><W9/><G116/><T124/><D119/><U134/><E134/><V63/><F117/><W108/><G108/><T130/><D124/><U84/><E61/><V131/><F63/><RYUUKYOKU ba="0,0" sc="365,0,271,0,215,0,149,0" /><INIT seed="6,1,0,2,5,112" ten="365,271,215,149" oya="2" hai0="62,22,83,27,86,134,115,88,78,55,39,101,109" hai1="80,120,13,124,102,46,128,96,71,103,108,70,3" hai2="119,92,7,68,6,87,53,104,35,63,122,45,19" hai3="77,5,79,74,84,64,129,4,94,37,50,65,132"/><V40/><F104/><W20/><G37/><T69/><D109/><U0/><E108/><V49/><F122/><W111/><G111/><T23/><D39/><U43/><E120/><V28/><F119/><W30/><G74/><T34/><D115/><U60/><E13/><V95/><F35/><W125/><G125/><T14/><D134/><U17/><E17/><V16/><F28/><W75/><G75/><T8/><D101/><U131/><E124/><V114/><F114/><W61/><G132/><T89/><D34/><U10/><E80/><V2/><F68/><W99/><G50/><T29/><D23/><U24/><E24/><V21/><F19/><W9/><G129/><T123/><D123/><U18/><E18/><V52/><F2/><W116/><G116/><T135/><D135/><U54/><E103/><V127/><F127/><W76/><G84/><T36/><D36/><N who="1" m="21863" /><E10/><V1/><F1/><W118/><G118/><T90/><D69/><N who="1" m="26123" /><E54/><N who="2" m="21099" /><F63/><W110/><G110/><T44/><D62/><U107/><E60/><V31/><F31/><W93/><G61/><T98/><D8/><U58/><E58/><V97/><F87/><W91/><G9/><T133/><D133/><U26/><E26/><N who="2" m="14631" /><F92/><W72/><G72/><T42/><D14/><U57/><E57/><V67/><F67/><N who="3" m="25675" /><G93/><N who="0" m="56615" /><D55/><U117/><E117/><V130/><F130/><AGARI ba="1,0" hai="0,3,96,102,107,128,130,131" m="26123,21863" machi="130" ten="30,2000,0" yaku="19,1,23,1" doraHai="112" who="1" fromWho="2" sc="365,0,271,23,215,-23,149,0" /><INIT seed="7,0,0,4,1,72" ten="365,294,192,149" oya="3" hai0="120,100,115,127,88,84,43,94,64,16,37,49,131" hai1="9,121,80,73,104,107,67,6,45,25,20,10,1" hai2="21,40,27,102,116,128,106,134,133,129,76,71,2" hai3="53,68,36,86,19,113,59,58,77,70,87,24,50"/><W42/><G113/><T75/><D120/><U31/><E121/><V15/><F116/><W13/><G24/><T63/><D75/><U41/><E67/><V14/><F2/><W51/><G36/><T5/><D37/><U109/><E10/><V18/><F71/><W46/><G59/><N who="0" m="36991" /><D131/><N who="2" m="50250" /><F40/><W44/><G58/><T135/><D135/><N who="2" m="51722" /><F76/><W123/><G123/><T122/><D5/><U60/><E60/><V57/><F57/><W52/><G42/><T130/><D43/><U48/><E109/><V78/><F78/><W132/><G132/><T4/><D4/><U8/><E8/><V47/><F47/><W108/><G108/><T110/><D110/><U90/><E90/><V99/><AGARI ba="0,0" hai="14,15,18,21,27,99,102,106" m="51722,50250" machi="99" ten="40,2700,0" yaku="19,1,20,1" doraHai="72" who="2" fromWho="2" sc="365,-7,294,-7,192,27,149,-13" owari="358,45.0,287,9.0,219,-18.0,136,-36.0" /></mjloggm>