<mjloggm ver="2.3"><GO type="169" lobby="0"/><UN n0="%E7%B7%92%E6%96%B9%E6%99%BA%E7%B5%B5%E9%87%8C%2B" n1="%E5%B0%B1%E6%B4%BB%E7%94%9F%40%E5%B7%9D%E6%9D%91%E8%BB%8D%E5%9B%A3" n2="%E3%81%9F%E3%81%8C%E3%82%84%E3%81%99" n3="%E7%8B%9B%E6%B1%9F%E7%A9%BA%E6%89%8B%EF%BC%91%E7%B4%9A" dan="16,17,16,16" rate="2147.45,2161.54,2086.55,2069.23" sx="M,M,M,M"/><TAIKYOKU oya="0"/><INIT seed="0,0,0,1,3,14" ten="250,250,250,250" oya="0" hai0="62,114,4,134,25,29,12,47,64,78,82,43,76" hai1="108,59,9,111,121,2,44,125,55,61,115,42,46" hai2="26,106,13,3,28,107,79,17,36,128,52,81,41" hai3="71,98,120,91,56,105,74,70,65,35,73,92,50"/><T38/><D114/><U104/><E104/><V15/><F3/><W5/><G35/><T10/><D134/><U34/><E34/><V129/><F13/><W116/><G116/><T32/><REACH who="0" step="1"/><D82/><REACH who="0" ten="240,250,250,250" step="2"/><U6/><E115/><V30/><F81/><W113/><G113/><T31/><D31/><U18/><E121/><V117/><F30/><W39/><G120/><T99/><D99/><U11/><E111/><V95/><F117/><W72/><G98/><T37/><D37/><U109/><E108/><V89/><F28/><W21/><G39/><T54/><D54/><U0/><E109/><V75/><F36/><W110/><G110/><T22/><D22/><U112/><E112/><V57/><F41/><W102/><G21/><T131/><D131/><U77/><E42/><V27/><F129/><W80/><G80/><T100/><D100/><U127/><E127/><V94/><F128/><W132/><G102/><T90/><D90/><U53/><E125/><V1/><F89/><W119/><G91/><T126/><D126/><U130/><E130/><V85/><F52/><W66/><G132/><T135/><D135/><U69/><E55/><V118/><F118/><W84/><G119/><T97/><D97/><U60/><E53/><V96/><F96/><W7/><G50/><T133/><D133/><U123/><E123/><V19/><F107/><W124/><G105/><T122/><D122/><U63/><E77/><V101/><F106/><W51/><G51/><T83/><D83/><U68/><E61/><V23/><F79/><W87/><G124/><T8/><D8/><U24/><E9/><RYUUKYOKU ba="0,1" sc="240,30,250,-10,250,-10,250,-10" hai0="4,10,12,25,29,32,38,43,47,62,64,76,78" /><INIT seed="0,1,1,2,0,12" ten="270,240,240,240" oya="0" hai0="16,17,26,29,85,94,117,91,25,86,59,3,15" hai1="98,6,35,0,44,5,48,95,105,133,24,106,49" hai2="74,102,115,42,116,20,80,58,62,87,109,83,18" hai3="78,69,123,41,4,96,7,100,27,76,92,101,82"/><T68/><D68/><U64/><E133/><V103/><F74/><W112/><G112/><T40/><D3/><U134/><E134/><V81/><F115/><W8/><G69/><T121/><D121/><U110/><E110/><V99/><F42/><W9/><G123/><T50/><D117/><U114/><E64/><V130/><F130/><W131/><G131/><T1/><D1/><U32/><E0/><V75/><F75/><W63/><G41/><T77/><D15/><U67/><E67/><V125/><F125/><W37/><G37/><T79/><D79/><U124/><E124/><V33/><F33/><W135/><G63/><T88/><D77/><U132/><E132/><V55/><F109/><W107/><G27/><N who="0" m="10251" /><D29/><U30/><E114/><V2/><F2/><W122/><G78/><T14/><D14/><U61/><E61/><V39/><F39/><W128/><G128/><T118/><D118/><U47/><E24/><N who="2" m="14359" /><F116/><W38/><G38/><T51/><D59/><U11/><E30/><V43/><F43/><W111/><G111/><T34/><D34/><U72/><E72/><V90/><F99/><N who="3" m="59495" /><G122/><T10/><D10/><N who="3" m="4201" /><G135/><T31/><D31/><U65/><E11/><V97/><F97/><W57/><G57/><T36/><D36/><U120/><E98/><V21/><F21/><W119/><G119/><T93/><D40/><U22/><E120/><V13/><F13/><W66/><G4/><T54/><D54/><U23/><E65/><V89/><F89/><W45/><G66/><T113/><D113/><U28/><E28/><V70/><F70/><W129/><G129/><RYUUKYOKU ba="1,1" sc="270,10,240,10,240,10,240,-30" hai0="16,17,50,51,85,86,88,91,93,94" hai1="5,6,22,23,32,35,44,47,48,49,95,105,106" hai2="55,58,62,80,81,83,87,90,102,103" /><INIT seed="0,2,1,0,5,111" ten="280,250,250,210" oya="0" hai0="33,7,27,57,20,120,5,116,113,125,59,77,2" hai1="66,50,81,48,37,122,3,9,41,92,107,18,25" hai2="123,17,8,63,76,56,55,128,22,11,6,53,23" hai3="133,102,114,78,71,85,1,93,64,82,28,61,29"/><T51/><D120/><U72/><E107/><V86/><F6/><W4/><G114/><T88/><D116/><U103/><E66/><V75/><F75/><W97/><REACH who="3" step="1"/><G133/><REACH who="3" ten="280,250,250,200" step="2"/><T109/><D113/><U60/><E122/><V119/><F123/><W110/><G110/><T96/><D109/><U38/><E38/><V134/><F134/><W101/><G101/><T19/><D125/><U12/><E37/><V46/><F119/><W127/><G127/><T62/><D2/><U70/><E103/><V68/><F68/><W79/><G79/><T21/><D77/><U98/><E3/><V126/><F126/><W94/><G94/><N who="0" m="56391" /><D33/><U36/><E92/><V108/><F108/><W16/><G16/><N who="0" m="12679" /><D51/><U69/><E50/><N who="2" m="28887" /><F128/><W87/><G87/><T47/><D47/><U132/><E48/><V83/><F22/><W104/><G104/><T117/><D117/><U42/><E36/><V52/><F55/><W24/><G24/><AGARI ba="2,2" hai="8,11,17,23,24,52,56,63,76,83,86" m="28887" machi="24" ten="30,2000,0" yaku="8,1,54,1" doraHai="111" who="2" fromWho="3" sc="280,0,250,0,250,46,200,-26" /><INIT seed="1,0,0,4,1,36" ten="280,250,296,174" oya="1" hai0="30,6,76,114,103,34,124,40,110,97,26,42,69" hai1="61,111,17,94,3,86,4,60,132,125,14,129,25" hai2="68,85,108,33,28,89,71,126,64,56,130,9,119" hai3="53,15,18,19,59,5,49,35,0,1,27,117,12"/><U41/><E129/><V102/><F102/><W21/><G117/><T63/><D114/><U50/><E125/><V83/><F119/><W70/><G70/><T128/><D128/><U67/><E132/><V38/><F130/><W46/><G5/><T58/><D124/><U109/><E25/><V105/><F105/><W16/><G35/><T113/><D113/><U44/><E4/><V45/><F28/><W123/><G123/><T72/><D110/><N who="1" m="41995" /><E3/><V51/><F33/><W65/><G1/><T55/><D6/><U115/><E115/><V116/><F9/><W95/><G0/><T24/><D24/><U52/><E94/><V91/><F71/><W7/><G95/><T75/><D69/><N who="1" m="42215" /><E86/><V39/><F85/><W57/><G65/><T47/><D76/><U79/><E79/><V106/><F108/><W43/><G59/><T88/><D88/><U73/><E73/><V37/><F68/><W54/><G54/><T133/><D133/><U77/><E77/><V80/><F91/><W121/><G121/><T29/><D29/><U13/><E17/><N who="3" m="6762" /><G7/><T78/><D78/><U11/><E11/><V31/><F126/><W112/><G112/><T118/><D118/><U101/><E101/><V122/><F116/><W96/><G96/><T131/><D131/><U104/><E104/><V90/><F106/><W107/><G107/><T22/><D34/><U23/><E23/><V74/><F74/><W82/><G82/><T8/><D8/><U62/><E62/><AGARI ba="0,0" hai="12,15,19,21,27,43,46,49,53,57,62" m="6762" machi="62" ten="30,3900,0" yaku="8,1,52,1,54,1" doraHai="36" who="3" fromWho="1" sc="280,0,250,-39,296,0,174,39" /><INIT seed="2,0,0,2,5,24" ten="280,211,296,213" oya="2" hai0="30,73,20,120,107,26,121,40,69,89,57,99,134" hai1="124,81,13,48,34,46,101,97,131,82,133,18,27" hai2="16,63,116,0,103,90,22,29,17,25,37,58,15" hai3="75,85,109,112,52,41,118,50,78,4,122,61,105"/><V7/><F37/><W19/><G75/><T67/><D73/><U123/><E131/><V95/><F116/><W8/><G105/><T86/><D134/><U92/><E124/><V126/><F126/><W56/><G122/><T33/><D40/><U39/><E123/><V3/><F103/><W91/><G118/><T83/><D57/><U129/><E133/><V106/><F106/><W119/><G119/><T36/><D36/><U35/><E39/><V60/><F60/><W102/><G109/><T31/><D20/><U38/><E38/><V113/><F113/><W76/><G102/><N who="0" m="62943" /><D31/><U21/><E129/><V80/><F80/><W28/><G28/><T54/><D54/><U12/><E35/><V9/><F0/><W62/><G19/><T128/><D128/><U87/><E81/><V72/><F72/><W6/><G112/><T14/><D14/><U104/><E104/><V11/><F11/><W84/><G84/><T100/><D100/><U88/><REACH who="1" step="1"/><E34/><REACH who="1" ten="280,201,296,213" step="2"/><V127/><F127/><W10/><G4/><T64/><D120/><U5/><E5/><V135/><F135/><W47/><G6/><T74/><D121/><U32/><E32/><V130/><F130/><W55/><G78/><T132/><D132/><U42/><AGARI ba="0,1" hai="12,13,18,21,27,42,46,48,82,87,88,92,97,101" machi="42" ten="20,8000,1" yaku="1,1,0,1,7,1,8,1,54,1,53,0" doraHai="24" doraHaiUra="2" who="1" fromWho="1" sc="280,-20,201,90,296,-40,213,-20" /><INIT seed="3,0,0,0,4,19" ten="260,291,256,193" oya="3" hai0="63,124,35,5,97,14,0,109,115,56,112,12,42" hai1="4,101,44,66,79,7,117,47,16,89,134,24,23" hai2="28,118,20,102,80,51,120,52,48,125,111,74,10" hai3="87,21,41,1,77,25,71,6,119,81,38,127,113"/><W108/><G119/><T129/><D42/><U17/><E117/><V69/><F69/><W95/><G113/><N who="0" m="43595" /><D109/><U104/><E134/><V110/><F118/><W43/><G127/><T103/><D35/><U49/><E79/><V91/><F102/><W122/><G122/><T11/><D129/><U92/><E66/><V130/><F51/><W83/><G71/><T75/><D75/><U132/><E132/><V67/><F67/><W30/><G108/><N who="2" m="41513" /><F10/><W31/><G38/><T15/><D124/><U58/><E101/><V88/><F125/><W98/><G31/><T37/><D37/><U53/><E17/><V84/><F74/><W96/><G83/><T68/><D68/><U22/><E22/><V8/><F8/><W18/><G30/><T61/><D56/><U27/><E27/><N who="2" m="16487" /><F130/><W105/><G105/><AGARI ba="0,0" hai="0,5,11,12,14,15,61,63,97,103,105" m="43595" machi="105" ten="30,1000,0" yaku="11,1" doraHai="19" who="0" fromWho="3" sc="260,10,291,0,256,0,193,-10" /><INIT seed="4,0,0,3,2,91" ten="270,291,256,183" oya="0" hai0="13,3,23,135,65,124,86,4,59,67,32,52,128" hai1="88,6,42,30,72,0,56,7,80,77,57,127,90" hai2="9,117,76,99,98,115,109,16,55,19,102,31,133" hai3="36,10,118,81,69,106,64,120,26,82,21,74,114"/><T46/><D32/><U53/><E127/><V28/><F76/><W78/><G118/><T22/><D124/><U47/><E30/><V100/><F109/><W71/><G106/><T38/><D3/><U12/><E12/><V89/><F89/><W37/><G114/><T75/><D75/><U25/><E25/><V92/><F115/><W17/><G120/><T34/><D34/><U44/><E44/><V83/><F83/><W39/><G64/><N who="0" m="24651" /><D38/><N who="1" m="21975" /><E7/><V68/><F68/><W97/><G97/><T8/><D135/><U134/><E57/><V45/><F133/><W14/><REACH who="3" step="1"/><G82/><REACH who="3" ten="270,291,256,173" step="2"/><T93/><D128/><U35/><E134/><V121/><F121/><W11/><G11/><T63/><D46/><U43/><E43/><V101/><F117/><W125/><G125/><T132/><D132/><U41/><E41/><V79/><F45/><W112/><G112/><T126/><D126/><U111/><E111/><V105/><F105/><W54/><G54/><T70/><D70/><U96/><E96/><V48/><F98/><W15/><G15/><T84/><D84/><U129/><E129/><V40/><F40/><W24/><G24/><T49/><D86/><U104/><E104/><V66/><F66/><W27/><G27/><T61/><D13/><U73/><E73/><V5/><F99/><W110/><G110/><T58/><D8/><N who="1" m="2119" /><E35/><V113/><F113/><W94/><G94/><T108/><D93/><U95/><E95/><V33/><F92/><W51/><G51/><AGARI ba="0,1" hai="51,53,56,72,77,80,88,90" m="2119,21975" machi="51" ten="30,2000,0" yaku="25,1,54,1" doraHai="91" who="1" fromWho="3" sc="270,0,291,30,256,0,173,-20" /><INIT seed="5,0,0,2,4,112" ten="270,321,256,153" oya="1" hai0="12,52,38,47,111,69,116,31,85,92,3,82,37" hai1="51,53,39,2,123,125,76,25,29,128,35,44,78" hai2="66,91,13,8,59,124,127,106,73,83,10,97,118" hai3="46,28,56,109,20,14,84,80,135,65,95,40,93"/><U131/><E2/><V48/><F106/><W89/><G109/><T27/><D111/><U4/><E123/><V18/><F73/><W61/><G135/><T70/><D3/><U114/><E114/><V132/><F132/><W6/><G28/><T11/><D92/><U121/><E121/><V49/><F66/><W54/><G65/><T90/><D116/><U88/><E39/><V36/><F36/><W62/><G62/><T7/><D38/><U57/><E4/><V22/><F97/><W126/><G126/><N who="2" m="48169" /><F91/><W105/><G105/><T45/><D45/><U19/><E19/><V42/><F83/><W43/><G20/><T26/><D26/><U113/><E113/><V72/><F72/><W100/><G100/><T64/><D64/><U24/><E24/><V68/><F68/><W122/><G122/><T102/><D102/><U67/><E125/><V110/><F110/><W134/><G134/><T119/><D37/><U63/><REACH who="1" step="1"/><E88/><REACH who="1" ten="270,311,256,153" step="2"/><V120/><F120/><W81/><G81/><T50/><D31/><U30/><E30/><V16/><F18/><W130/><G130/><AGARI ba="0,1" hai="25,29,35,44,51,53,57,63,67,76,78,128,130,131" machi="130" ten="40,3900,0" yaku="1,1,19,1,53,0" doraHai="112" doraHaiUra="87" who="1" fromWho="3" sc="270,0,311,49,256,0,153,-39" /><INIT seed="5,1,0,4,2,9" ten="270,360,256,114" oya="1" hai0="113,6,2,57,48,42,90,55,108,34,127,132,76" hai1="78,105,67,52,112,71,83,99,118,81,93,77,51" hai2="25,98,12,61,84,44,26,20,36,122,33,96,104" hai3="47,91,11,102,15,60,86,54,50,107,43,24,121"/><U128/><E118/><V14/><F33/><W46/><G121/><T72/><D108/><U21/><E105/><V92/><F104/><W106/><G102/><T114/><D34/><U56/><E128/><V68/><F26/><W18/><G24/><T130/><D130/><U32/><E32/><V85/><F96/><W3/><G3/><T29/><D29/><U62/><E112/><V111/><F111/><W41/><G41/><T38/><D90/><U49/><E21/><V1/><F1/><W129/><G129/><T53/><D53/><U131/><E131/><V31/><F122/><W103/><G103/><T75/><D132/><U22/><E22/><V40/><F68/><W37/><REACH who="3" step="1"/><G60/><REACH who="3" ten="270,360,256,104" step="2"/><N who="0" m="35903" /><D42/><U35/><E35/><V133/><F61/><W87/><G87/><T69/><D75/><U19/><E62/><V65/><F84/><W27/><G27/><T4/><D2/><U13/><E51/><V101/><F85/><W95/><AGARI ba="1,1" hai="11,15,18,37,43,46,47,50,54,86,91,95,106,107" machi="95" ten="20,5200,0" yaku="1,1,0,1,7,1,52,1,53,0" doraHai="9" doraHaiUra="74" who="3" fromWho="3" sc="270,-14,360,-27,256,-14,104,65" /><INIT seed="6,0,0,1,1,113" ten="256,333,242,169" oya="2" hai0="25,85,53,51,65,87,35,28,67,64,13,104,57" hai1="126,62,82,117,91,40,122,12,14,109,99,120,21" hai2="92,3,97,17,63,34,77,60,68,79,74,6,42" hai3="119,70,110,121,23,61,106,52,38,96,72,0,115"/><V22/><F34/><W36/><RYUUKYOKU type="yao9" ba="0,0" sc="256,0,333,0,242,0,169,0" hai3="0,23,36,38,52,61,70,72,96,106,110,115,119,121" /><INIT seed="6,1,0,1,2,113" ten="256,333,242,169" oya="2" hai0="85,52,135,11,58,37,132,105,117,44,77,92,128" hai1="116,68,134,62,16,21,65,75,87,32,95,86,31" hai2="3,19,119,118,50,57,45,29,66,90,22,124,60" hai3="108,64,23,111,2,97,91,76,121,98,38,109,106"/><V88/><F3/><W10/><G38/><T102/><D105/><U5/><E75/><V125/><F29/><W120/><G64/><T61/><D128/><U83/><E116/><V8/><F8/><W69/><G69/><T107/><D107/><U35/><E134/><N who="0" m="51241" /><D11/><U67/><E67/><V80/><F90/><W27/><G10/><T6/><D6/><U114/><E5/><V133/><F133/><W28/><G2/><T84/><D117/><U51/><E31/><V15/><F125/><W100/><REACH who="3" step="1"/><G76/><REACH who="3" ten="256,333,242,159" step="2"/><T24/><D77/><U81/><E65/><V123/><F123/><W96/><G96/><T33/><D37/><U41/><E68/><V127/><F127/><W103/><G103/><T78/><D78/><U89/><E35/><V26/><F124/><W55/><G55/><T73/><D102/><U131/><E32/><V34/><F34/><W0/><G0/><T47/><D52/><U63/><E21/><V99/><F119/><W122/><G122/><T12/><D33/><U72/><E41/><N who="2" m="24879" /><F118/><W112/><G112/><T130/><D130/><U94/><E114/><V101/><F101/><W110/><N who="3" m="28160" /><DORA hai="79" /><W42/><G42/><T4/><D84/><U25/><E131/><V126/><F126/><W14/><G14/><T74/><D85/><U9/><E87/><N who="2" m="50279" /><F99/><W30/><G30/><T40/><D74/><U13/><E86/><V70/><F70/><W18/><G18/><T53/><D73/><U59/><E72/><V104/><F15/><W39/><G39/><T56/><D12/><U49/><E13/><V36/><F36/><W43/><G43/><RYUUKYOKU ba="1,1" sc="256,-15,333,-15,242,15,159,15" hai2="19,22,26,57,60,66,104" hai3="23,27,28,91,97,98,100,106,120,121" /><INIT seed="6,2,1,5,5,82" ten="241,318,257,174" oya="2" hai0="117,97,57,35,70,87,105,34,79,89,68,86,77" hai1="100,25,122,73,72,60,32,133,129,3,115,113,44" hai2="98,5,24,104,92,10,29,18,6,111,67,81,71" hai3="125,23,94,54,66,22,76,17,8,27,46,116,15"/><V4/><F104/><W50/><G125/><T42/><D42/><U109/><E109/><V69/><F111/><W85/><G116/><T55/><D117/><U43/><E3/><V56/><F81/><W9/><G66/><T126/><D126/><U96/><E129/><V132/><F132/><W1/><G1/><T31/><D105/><U58/><E133/><V118/><F118/><W80/><REACH who="3" step="1"/><G94/><REACH who="3" ten="241,318,257,164" step="2"/><T112/><D112/><U21/><E115/><V12/><F67/><W33/><G33/><T84/><D35/><U28/><E32/><V26/><F69/><W62/><G62/><N who="0" m="36159" /><D70/><U114/><E113/><V45/><F71/><W83/><G83/><T49/><D68/><U121/><E114/><V0/><F0/><W13/><G13/><T108/><D108/><U119/><E119/><V11/><F12/><W2/><G2/><T14/><D14/><U127/><E127/><V65/><F65/><W91/><G91/><T106/><D106/><U130/><E130/><V107/><F107/><W39/><G39/><T123/><D34/><U102/><E121/><V16/><F92/><W75/><G75/><T63/><D63/><U40/><E122/><V110/><F110/><W37/><G37/><T88/><D123/><U74/><E73/><V95/><F95/><W99/><G99/><T61/><D61/><U90/><E74/><V38/><F98/><W41/><G41/><T48/><D97/><U103/><E72/><V128/><F128/><W124/><G124/><T51/><D31/><AGARI ba="2,2" hai="8,9,15,17,22,23,27,31,46,50,54,76,80,85" machi="31" ten="30,12000,2" yaku="1,1,7,1,8,1,52,1,53,2" doraHai="82" doraHaiUra="19" who="3" fromWho="0" sc="241,-126,318,0,257,0,164,146" /><INIT seed="7,0,0,5,1,134" ten="115,318,257,310" oya="3" hai0="35,71,49,101,108,104,92,50,102,59,47,48,64" hai1="81,79,115,21,60,61,103,100,127,54,26,131,44" hai2="65,55,62,43,15,80,114,112,106,3,129,24,12" hai3="124,87,6,116,73,68,22,32,123,120,17,37,67"/><W86/><G116/><T95/><D104/><U30/><E127/><V93/><F106/><W29/><G73/><T16/><D108/><U40/><E131/><V52/><F3/><W107/><G107/><T105/><D105/><U77/><E115/><N who="2" m="44075" /><F129/><W69/><G37/><T39/><D35/><U125/><E125/><V51/><F80/><W28/><G6/><T75/><D75/><U99/><E40/><V58/><F93/><W36/><G36/><T122/><D122/><U5/><E5/><V82/><F82/><W91/><G124/><T88/><D71/><U133/><E133/><V76/><F76/><N who="1" m="29257" /><E81/><V74/><F24/><W128/><G128/><T14/><D39/><U70/><E70/><N who="2" m="42295" /><F43/><W11/><G69/><T2/><D2/><U57/><E44/><N who="2" m="27751" /><F74/><W9/><G68/><T84/><D47/><U0/><E0/><V126/><F126/><W33/><G120/><T63/><REACH who="0" step="1"/><D95/><REACH who="0" ten="105,318,257,310" step="2"/><N who="1" m="58495" /><E103/><V27/><F27/><W38/><G123/><T10/><AGARI ba="0,1" hai="10,14,16,48,49,50,59,63,64,84,88,92,101,102" machi="10" ten="30,8000,1" yaku="1,1,0,1,8,1,54,2,53,0" doraHai="134" doraHaiUra="110" who="0" fromWho="0" sc="105,90,318,-20,257,-20,310,-40" /><INIT seed="8,0,0,3,1,58" ten="195,298,237,270" oya="0" hai0="112,134,46,27,106,31,74,99,57,59,123,85,127" hai1="93,29,41,17,76,87,53,40,21,131,88,129,90" hai2="14,45,70,104,64,83,43,48,75,3,47,86,10" hai3="30,61,121,38,130,51,50,6,116,23,16,80,39"/><T128/><D74/><U2/><E2/><V133/><F104/><W89/><G30/><T71/><D123/><U105/><E105/><V12/><F75/><W63/><G6/><T66/><D112/><U52/><E29/><V113/><F113/><W92/><G116/><T42/><D128/><N who="1" m="49227" /><E76/><V125/><F133/><W114/><G114/><T119/><D119/><U28/><E28/><V1/><F14/><N who="3" m="9623" /><G38/><N who="0" m="21847" /><D85/><N who="1" m="52367" /><E41/><V94/><F94/><W60/><G39/><T111/><D134/><U79/><E79/><V8/><F8/><W110/><G110/><T124/><D111/><U95/><E40/><V22/><F22/><W107/><G107/><T19/><D19/><U49/><E49/><N who="3" m="18442" /><G130/><T100/><D124/><U65/><E65/><V56/><F125/><W96/><G121/><T69/><D69/><U18/><E18/><N who="2" m="8471" /><F70/><W62/><N who="3" m="15872" /><DORA hai="101" /><W9/><G9/><T15/><D127/><U109/><E109/><V91/><F1/><W117/><G117/><T77/><D71/><U115/><E115/><V7/><F3/><W36/><G36/><T97/><D66/><U11/><E11/><V5/><F64/><W33/><G33/><N who="0" m="20735" /><D15/><AGARI ba="0,0" hai="15,17,21,52,53,87,90,95" m="52367,49227" machi="15" ten="30,3900,0" yaku="19,1,54,2" doraHai="58,101" who="1" fromWho="0" sc="195,-39,298,39,237,0,270,0" owari="156,-34.0,337,43.0,237,-16.0,270,7.0" /></mjloggm>