<mjloggm ver="2.3"><GO type="41" lobby="0"/><UN n0="%E5%B0%B1%E6%B4%BB%E7%94%9F%40%E5%B7%9D%E6%9D%91%E8%BB%8D%E5%9B%A3" n1="%E3%82%B8%E3%83%A3%E3%82%B9%E3%82%BF%E3%82%A6%E3%82%A7%E3%82%A4" n2="%63%68%69%61%6B%69%37" n3="%73%68%6F%6E%61%6E%6A%69" dan="14,15,15,14" rate="1955.46,2030.27,1979.71,1941.23" sx="M,M,M,M"/><TAIKYOKU oya="0"/><INIT seed="0,0,0,5,0,54" ten="250,250,250,250" oya="0" hai0="65,124,28,29,79,58,23,123,83,17,25,51,90" hai1="2,85,95,7,68,10,96,93,43,14,71,77,89" hai2="125,11,106,61,91,5,130,18,75,121,63,98,105" hai3="27,13,101,30,41,114,129,47,102,66,37,73,108"/><T110/><D123/><U3/><E43/><V53/><F121/><W131/><G114/><T87/><D124/><U1/><REACH who="1" step="1"/><E77/><REACH who="1" ten="250,240,250,250" step="2"/><V31/><F106/><W112/><G112/><T62/><D110/><U80/><E80/><V60/><F105/><W56/><G108/><T103/><D103/><AGARI ba="0,1" hai="1,2,3,7,10,14,68,71,85,89,93,95,96,103" machi="103" ten="40,1300,0" yaku="1,1,53,0" doraHai="54" doraHaiUra="16" who="1" fromWho="0" sc="250,-13,240,23,250,0,250,0" /><INIT seed="1,0,0,1,5,1" ten="237,263,250,250" oya="1" hai0="65,135,50,85,80,97,59,93,84,120,91,118,73" hai1="39,119,79,10,45,121,60,82,72,95,13,49,126" hai2="47,70,128,105,43,53,115,132,66,16,114,69,103" hai3="101,31,109,20,3,23,98,112,8,68,75,86,62"/><U131/><E119/><V44/><F103/><W88/><G109/><T77/><D120/><U67/><E121/><V113/><F105/><W89/><G75/><T127/><D118/><U74/><E131/><V94/><F94/><W58/><G68/><N who="2" m="26217" /><F16/><W21/><G112/><T92/><D127/><U9/><E126/><V19/><F19/><W122/><G122/><T14/><D135/><U42/><E39/><N who="2" m="21631" /><F128/><W64/><G31/><T63/><D50/><U15/><E74/><V125/><F125/><W116/><G116/><T104/><D104/><U71/><REACH who="1" step="1"/><E95/><REACH who="1" ten="237,253,250,250" step="2"/><V46/><F132/><W5/><REACH who="3" step="1"/><G86/><REACH who="3" ten="237,253,250,240" step="2"/><T133/><D133/><U33/><E33/><V129/><F129/><W99/><G99/><T27/><D85/><U52/><E52/><V12/><F53/><W30/><G30/><T22/><D73/><U123/><E123/><V54/><F54/><W78/><G78/><T35/><D35/><U38/><E38/><V34/><F115/><W111/><G111/><T87/><D97/><U57/><E57/><V100/><F114/><W26/><G26/><T28/><D92/><AGARI ba="0,2" hai="3,5,8,20,21,23,58,62,64,88,89,92,98,101" machi="92" ten="40,8000,1" yaku="1,1,52,1,54,1,53,1" doraHai="1" doraHaiUra="32" who="3" fromWho="0" sc="237,-80,253,0,250,0,240,100" /><INIT seed="2,0,0,0,3,100" ten="157,253,250,340" oya="2" hai0="21,60,135,53,51,38,58,129,124,99,17,56,4" hai1="40,36,59,131,61,91,0,73,110,34,76,33,16" hai2="106,35,95,122,65,133,48,23,67,125,111,70,101" hai3="63,20,55,132,82,12,28,87,71,113,84,52,134"/><V26/><F122/><W25/><G87/><T93/><D38/><U2/><E110/><V75/><F75/><W86/><G84/><T120/><D120/><U127/><E131/><V10/><F125/><W8/><G113/><T104/><D129/><U79/><E127/><V47/><F133/><N who="3" m="51307" /><G71/><T45/><D135/><U7/><E91/><V14/><F70/><W39/><G39/><T130/><D124/><U30/><E30/><V78/><F35/><W81/><G63/><T103/><D130/><U109/><E109/><V89/><F111/><W98/><G98/><T42/><D4/><U77/><E73/><V92/><F78/><N who="3" m="46391" /><G82/><T43/><D58/><U64/><E36/><V18/><F101/><W1/><G1/><T44/><D44/><U105/><E0/><V83/><F106/><W107/><G107/><T117/><D117/><U6/><E105/><V13/><F83/><W74/><G74/><T41/><REACH who="0" step="1"/><D104/><REACH who="0" ten="147,253,250,340" step="2"/><U118/><E118/><V66/><F89/><W29/><G29/><T80/><D80/><U72/><E79/><V68/><F68/><W57/><G57/><T102/><D102/><U97/><E77/><V32/><F32/><W123/><G123/><T54/><D54/><U50/><E34/><V31/><REACH who="2" step="1"/><F14/><AGARI ba="0,1" hai="14,17,21,41,42,43,45,51,53,56,60,93,99,103" machi="14" ten="30,3900,0" yaku="1,1,7,1,8,1,53,0" doraHai="100" doraHaiUra="27" who="0" fromWho="2" sc="147,49,253,0,250,-39,340,0" /><INIT seed="3,0,0,5,2,135" ten="196,253,211,340" oya="3" hai0="64,66,26,62,37,116,21,8,29,48,49,40,109" hai1="104,55,58,88,39,106,82,122,17,23,130,22,31" hai2="129,11,128,7,121,125,120,10,113,5,105,35,102" hai3="27,20,77,124,83,28,12,25,43,131,92,41,117"/><W52/><G117/><T57/><D116/><U91/><E39/><V54/><F105/><W96/><G131/><N who="2" m="50249" /><F102/><W119/><G119/><T67/><D109/><U95/><E130/><V19/><F54/><W71/><G71/><T59/><D37/><U6/><E6/><N who="2" m="2059" /><F113/><W51/><G12/><T32/><D32/><U114/><E114/><V1/><F35/><W60/><G60/><T74/><D74/><U13/><E122/><N who="2" m="47211" /><F1/><W84/><G27/><T45/><D8/><U2/><E2/><V36/><F36/><W61/><G61/><T46/><REACH who="0" step="1"/><D59/><REACH who="0" ten="186,253,211,340" step="2"/><U18/><E58/><V103/><F103/><N who="3" m="60807" /><G124/><T72/><D72/><U44/><E22/><V126/><F19/><W4/><G4/><T118/><D118/><U34/><E18/><V132/><F132/><W50/><G50/><T15/><D15/><U98/><E13/><V97/><F97/><W65/><G65/><T69/><D69/><U111/><E17/><V56/><F56/><AGARI ba="0,1" hai="20,25,28,41,43,51,52,56,77,83,84" m="60807" machi="56" ten="30,2900,0" yaku="8,1,54,1" doraHai="135" who="3" fromWho="2" sc="186,0,253,0,211,-29,340,39" /><INIT seed="3,1,0,4,5,127" ten="186,253,182,379" oya="3" hai0="109,80,18,4,102,130,19,59,67,49,72,42,84" hai1="44,23,70,32,20,36,95,78,33,8,53,97,118" hai2="48,62,100,39,73,45,105,66,129,30,81,65,37" hai3="117,103,124,41,107,77,51,68,54,11,134,74,135"/><W26/><G117/><T131/><D72/><U125/><E70/><V34/><F129/><N who="0" m="49162" /><D109/><U12/><E118/><V111/><F111/><W28/><G124/><T120/><D120/><U35/><E78/><V99/><F66/><W112/><G112/><T108/><D108/><U29/><E125/><V101/><F101/><W10/><G68/><T106/><D4/><U94/><E29/><V121/><F121/><W88/><G74/><T89/><D67/><U1/><E1/><V116/><F116/><W71/><G71/><T83/><D83/><U128/><E128/><V90/><F90/><W126/><G77/><T5/><D5/><U9/><E36/><V115/><F115/><W43/><G126/><T38/><D38/><U57/><E44/><V16/><F81/><W110/><G110/><T2/><D2/><U46/><E46/><V114/><F73/><W96/><G43/><T82/><D82/><U14/><E57/><V104/><F104/><W69/><G41/><T79/><D79/><U98/><E33/><V22/><F114/><W52/><G69/><T27/><D27/><U31/><E53/><V122/><F122/><W55/><G55/><N who="0" m="32239" /><D42/><U47/><E47/><V60/><F39/><W113/><G54/><T50/><D50/><U123/><E123/><V40/><F37/><W3/><G113/><T24/><D24/><U93/><E12/><V63/><F65/><W7/><G26/><T17/><D17/><U76/><E14/><N who="2" m="9495" /><F30/><W64/><G28/><T61/><D61/><U85/><E31/><V25/><F25/><W58/><G64/><T91/><D91/><RYUUKYOKU ba="1,0" sc="186,15,253,-15,182,15,379,-15" hai0="18,19,80,84,89,102,106" hai2="34,40,45,48,60,62,63,99,100,105" /><INIT seed="4,2,0,5,5,26" ten="201,238,197,364" oya="0" hai0="42,44,48,17,43,39,69,87,4,51,119,108,19" hai1="131,55,34,120,129,47,73,27,28,72,76,125,106" hai2="8,11,123,91,98,9,112,57,100,35,70,21,64" hai3="132,96,128,104,127,61,7,40,115,12,10,14,84"/><T79/><D119/><U16/><E120/><V86/><F123/><W75/><G75/><T121/><D121/><U117/><E117/><V50/><F112/><W23/><G115/><T1/><D69/><U46/><E125/><V30/><F35/><W80/><G127/><T65/><D108/><U107/><E16/><V22/><F70/><W68/><G128/><N who="1" m="49226" /><E76/><V63/><F50/><W81/><G132/><T102/><D102/><U134/><E134/><V66/><F66/><W83/><G40/><T37/><D65/><U97/><E97/><V93/><REACH who="2" step="1"/><F30/><REACH who="2" ten="201,238,187,364" step="2"/><W74/><G68/><T13/><D39/><U45/><E55/><V38/><F38/><W78/><G61/><T29/><D29/><U31/><E28/><V135/><F135/><W116/><G116/><T130/><D130/><U2/><E2/><V71/><F71/><W15/><G74/><AGARI ba="2,1" hai="27,31,34,45,46,47,72,73,74,106,107" m="49226" machi="74" ten="40,2600,0" yaku="19,1,52,1" doraHai="26" who="1" fromWho="3" sc="201,0,238,42,187,0,364,-32" /><INIT seed="5,0,0,0,5,31" ten="201,280,187,332" oya="1" hai0="16,82,83,104,61,53,47,59,133,24,127,120,57" hai1="74,126,81,26,79,25,32,42,20,102,77,135,21" hai2="67,72,34,87,93,94,117,0,131,38,35,46,41" hai3="27,118,54,85,19,98,1,95,33,58,78,113,18"/><U108/><E108/><V43/><F117/><W129/><G118/><T76/><D104/><U90/><E126/><V84/><F72/><W7/><G113/><T124/><D120/><U107/><E135/><V64/><F46/><W4/><G129/><T15/><D133/><U66/><E66/><V103/><F103/><W44/><G44/><T40/><D24/><U30/><E77/><V128/><REACH who="2" step="1"/><F0/><REACH who="2" ten="201,280,177,332" step="2"/><W23/><G1/><T99/><D59/><U5/><E102/><V115/><F115/><W116/><G116/><T45/><D124/><U69/><E74/><V111/><F111/><W10/><G78/><T91/><D127/><U17/><E79/><V3/><F3/><W29/><G85/><N who="0" m="48327" /><D40/><U6/><E90/><V9/><F9/><W60/><G10/><N who="0" m="6263" /><D99/><U92/><E107/><V130/><F130/><W39/><G39/><AGARI ba="0,1" hai="34,35,38,39,41,43,64,67,84,87,93,94,128,131" machi="39" ten="25,8000,1" yaku="1,1,22,2,52,2,53,0" doraHai="31" doraHaiUra="97" who="2" fromWho="3" sc="201,0,280,0,177,90,332,-80" /><INIT seed="6,0,0,1,2,116" ten="201,280,267,252" oya="2" hai0="3,50,34,58,131,43,79,36,47,0,82,6,90" hai1="56,51,126,103,77,42,134,31,83,8,128,41,9" hai2="25,53,48,55,127,68,26,49,120,118,40,17,30" hai3="27,84,2,130,37,93,63,29,91,4,44,60,80"/><V76/><F118/><W73/><G130/><T32/><D131/><U57/><E128/><V122/><F68/><W104/><G104/><T14/><D14/><U87/><E126/><V52/><F127/><W45/><G45/><T107/><D107/><U100/><E134/><V119/><F119/><W85/><G73/><T62/><D90/><U86/><E31/><V66/><F66/><W102/><G4/><T92/><D92/><U124/><E124/><V67/><F67/><W22/><G2/><T75/><D50/><U121/><E121/><V23/><F76/><W101/><G37/><T18/><D3/><U64/><E64/><V96/><F96/><W69/><G44/><T35/><D18/><U108/><E108/><V97/><F40/><W98/><G102/><T112/><D112/><U59/><E86/><V46/><F97/><W81/><G69/><T24/><D24/><U135/><E135/><V115/><F115/><W111/><G111/><T110/><D110/><U132/><E132/><V71/><F71/><W95/><REACH who="3" step="1"/><G81/><REACH who="3" ten="201,280,267,242" step="2"/><T109/><D109/><U54/><E100/><V125/><F125/><W5/><G5/><T70/><D70/><U72/><E103/><V38/><F38/><W74/><G74/><T65/><D6/><U133/><E133/><V13/><F26/><W33/><G33/><T114/><D0/><U117/><E72/><V89/><F89/><AGARI ba="0,1" hai="22,27,29,60,63,80,84,85,89,91,93,95,98,101" machi="89" ten="30,3900,0" yaku="1,1,7,1,8,1,53,0" doraHai="116" doraHaiUra="12" who="3" fromWho="2" sc="201,0,280,0,267,-39,242,49" /><INIT seed="7,0,0,1,0,117" ten="201,280,228,291" oya="3" hai0="2,26,82,115,95,5,62,101,1,98,105,40,64" hai1="73,93,110,58,42,43,92,80,108,74,41,11,90" hai2="4,106,118,112,116,10,78,77,70,49,12,52,57" hai3="34,59,76,39,27,71,89,84,21,16,44,100,86"/><W45/><G71/><T36/><D115/><U72/><E11/><V37/><F106/><W31/><G100/><T69/><D95/><N who="1" m="36427" /><E90/><V15/><F70/><W130/><G130/><T8/><D82/><U51/><E51/><V68/><F68/><W87/><G76/><T3/><REACH who="0" step="1"/><D26/><REACH who="0" ten="191,280,228,291" step="2"/><U85/><E80/><V56/><F112/><W122/><G89/><T63/><D63/><U30/><E110/><V135/><F118/><W79/><G79/><T35/><D35/><U97/><E108/><V17/><F116/><W131/><G131/><T53/><D53/><U111/><E111/><V96/><F135/><W88/><G88/><T124/><D124/><U127/><E127/><V19/><F96/><W7/><G34/><T60/><D60/><U50/><E97/><V132/><F132/><W14/><G27/><T123/><D123/><U83/><E83/><V32/><F32/><W23/><G122/><T102/><D102/><U46/><E85/><V25/><F25/><W13/><G31/><T48/><D48/><U109/><E109/><V0/><F37/><W120/><G120/><T55/><D55/><U38/><E38/><V129/><F129/><W128/><G128/><T29/><D29/><U67/><E30/><V24/><F24/><W103/><G39/><T104/><D104/><U91/><E91/><V94/><F94/><W81/><G81/><T54/><D54/><U18/><E42/><V114/><F114/><W6/><G103/><T66/><D66/><U9/><E41/><V134/><F134/><W65/><G65/><T125/><D125/><U33/><E67/><RYUUKYOKU ba="0,1" sc="191,30,280,-10,228,-10,291,-10" hai0="1,2,3,5,8,36,40,62,64,69,98,101,105" /><INIT seed="8,1,1,4,4,96" ten="221,270,218,281" oya="0" hai0="120,5,28,90,12,72,63,93,38,48,99,113,91" hai1="124,112,0,68,35,69,85,100,89,109,119,64,132" hai2="9,87,116,13,125,134,77,11,108,71,123,130,53" hai3="30,65,3,105,79,127,42,55,49,19,25,78,22"/><T131/><D38/><U6/><E109/><V17/><F71/><W66/><G127/><T59/><D72/><U32/><E124/><V88/><F125/><W20/><G3/><T36/><D36/><U82/><E119/><V97/><F108/><W39/><G105/><T2/><D2/><U135/><E112/><V92/><F123/><W74/><G42/><T7/><D120/><U107/><E6/><N who="0" m="2057" /><D113/><U62/><E0/><V133/><F130/><W111/><G39/><T83/><D131/><U129/><E69/><V106/><F116/><W56/><G111/><T23/><D48/><U50/><E50/><V67/><F67/><W18/><G30/><T37/><D37/><U10/><E10/><V61/><F9/><W26/><G74/><T95/><D83/><U21/><E21/><V86/><F77/><AGARI ba="1,1" hai="18,19,20,22,25,26,49,55,56,65,66,77,78,79" machi="77" ten="40,2600,0" yaku="9,1,8,1" doraHai="96" who="3" fromWho="2" sc="221,0,270,0,218,-29,281,39" owari="221,-18.0,270,7.0,189,-31.0,320,42.0" /></mjloggm>