<mjloggm ver="2.3"><GO type="41" lobby="0"/><UN n0="%6B%69%72%75%70%61%2D" n1="%75%70%74%6F%79%6F%75" n2="%52%6F%75%74%65%38" n3="%E5%B0%B1%E6%B4%BB%E7%94%9F%40%E5%B7%9D%E6%9D%91%E8%BB%8D%E5%9B%A3" dan="15,13,13,15" rate="2039.82,1887.56,1909.37,2037.87" sx="M,M,M,M"/><TAIKYOKU oya="0"/><INIT seed="0,0,0,5,5,123" ten="250,250,250,250" oya="0" hai0="108,76,127,39,124,125,105,16,23,112,57,50,128" hai1="58,52,93,10,90,78,65,5,7,109,63,51,33" hai2="19,80,82,27,119,114,43,89,64,38,31,36,48" hai3="40,20,62,99,60,100,72,107,95,17,96,98,42"/><T117/><D39/><U4/><E33/><V3/><F114/><W22/><G72/><T79/><D117/><U132/><E78/><V11/><F64/><W67/><G22/><T130/><D105/><U118/><E132/><V14/><F3/><W81/><G81/><T46/><D57/><U85/><E118/><V91/><F48/><W126/><G62/><T37/><D37/><U49/><E49/><V8/><F8/><W86/><G86/><T25/><D112/><U45/><REACH who="1" step="1"/><E109/><REACH who="1" ten="250,240,250,250" step="2"/><V69/><F119/><W115/><G115/><T73/><D108/><U0/><AGARI ba="0,1" hai="0,4,5,7,10,45,51,52,58,63,65,85,90,93" machi="0" ten="20,8000,1" yaku="1,1,2,1,0,1,7,1,54,1,53,0" doraHai="123" doraHaiUra="24" who="1" fromWho="1" sc="250,-40,240,90,250,-20,250,-20" /><INIT seed="1,0,0,4,3,90" ten="210,330,230,230" oya="1" hai0="128,91,7,26,104,4,36,12,72,75,27,35,43" hai1="99,65,40,68,121,34,57,135,51,9,130,84,119" hai2="113,70,134,46,38,129,24,64,11,123,39,86,109" hai3="118,89,100,85,74,49,82,30,114,37,115,54,132"/><U20/><E34/><V5/><F123/><W80/><G37/><T45/><D104/><U13/><E121/><V71/><F109/><W93/><G118/><T14/><D128/><U97/><E130/><V1/><F129/><W44/><G132/><T87/><D75/><U73/><E135/><V133/><F113/><W22/><G74/><T3/><D72/><U2/><E68/><V98/><F98/><W16/><G30/><T124/><D3/><U32/><E32/><V33/><F86/><W79/><G100/><T131/><D124/><U69/><E69/><V81/><F81/><W111/><G111/><T21/><D131/><U125/><E73/><V48/><F70/><W105/><G105/><T59/><D35/><U0/><E84/><V96/><F96/><W60/><G60/><T52/><D27/><U6/><E125/><V50/><F50/><W88/><G79/><T47/><D47/><U101/><E97/><V15/><F1/><W127/><G127/><T8/><D14/><U103/><E20/><V120/><F120/><W126/><G126/><T67/><D67/><U42/><E42/><V62/><F133/><W18/><G18/><T55/><D4/><U63/><E119/><V78/><F134/><W108/><G108/><T66/><D66/><U107/><E103/><V102/><F102/><W17/><G17/><T110/><D110/><U23/><E23/><V58/><F71/><W117/><G117/><T56/><D56/><U41/><E41/><N who="2" m="24655" /><F78/><W122/><G122/><T53/><D59/><U31/><E31/><N who="2" m="19687" /><F58/><W92/><G115/><T94/><D21/><RYUUKYOKU ba="0,0" sc="210,10,330,10,230,10,230,-30" hai0="7,8,12,26,36,43,45,52,53,55,87,91,94" hai1="0,2,6,9,13,40,51,57,63,65,99,101,107" hai2="5,11,15,38,39,62,64" /><INIT seed="1,1,0,5,2,78" ten="220,340,240,200" oya="1" hai0="37,104,35,98,28,23,58,61,45,76,135,122,92" hai1="64,52,22,41,100,119,51,46,115,30,25,81,72" hai2="114,80,101,84,54,59,67,90,63,112,132,105,20" hai3="97,65,18,8,27,19,49,70,75,1,34,93,6"/><U88/><E119/><V96/><F132/><W87/><G75/><T57/><D104/><U36/><E115/><V73/><F73/><W48/><G70/><T60/><D35/><U107/><E64/><V83/><F83/><W120/><G120/><T40/><D135/><U94/><E107/><V2/><F2/><W16/><G65/><T7/><D7/><U15/><E15/><V85/><F85/><W66/><G66/><T99/><D122/><U43/><E36/><V71/><REACH who="2" step="1"/><F20/><REACH who="2" ten="220,340,230,200" step="2"/><W53/><G87/><T95/><D23/><U31/><E72/><V44/><F44/><W123/><G123/><T118/><D45/><U125/><E125/><V56/><F56/><W13/><G34/><T128/><D58/><U110/><E110/><V74/><F74/><W131/><G131/><T4/><D57/><U86/><E31/><V108/><F108/><W10/><G27/><T50/><D28/><U55/><E43/><V21/><F21/><W117/><G117/><T17/><D40/><U82/><E82/><V113/><F113/><W11/><G53/><T29/><D29/><U42/><E42/><V124/><F124/><W69/><G69/><T38/><D118/><U102/><E81/><V5/><F5/><W91/><G1/><T24/><D4/><U127/><E127/><V0/><F0/><W26/><G26/><T116/><D24/><U47/><E47/><V33/><F33/><W130/><G130/><T109/><D116/><U79/><E79/><V89/><F89/><W9/><AGARI ba="1,1" hai="6,8,9,10,11,13,16,18,19,48,49,91,93,97" machi="9" ten="40,5200,0" yaku="0,1,8,1,54,1" doraHai="78" who="3" fromWho="3" sc="220,-14,340,-27,230,-14,200,65" /><INIT seed="2,0,0,0,5,21" ten="206,313,216,265" oya="2" hai0="49,45,19,90,66,70,30,117,94,40,26,104,41" hai1="34,121,79,47,23,52,129,95,7,58,123,128,97" hai2="9,72,18,56,13,4,132,119,135,89,14,124,1" hai3="122,120,82,131,68,29,100,133,0,61,115,67,59"/><V37/><F119/><W92/><G0/><T76/><D104/><U6/><E34/><V75/><F37/><W3/><G3/><T73/><D117/><U63/><E79/><V8/><F124/><W110/><G115/><T103/><D103/><U99/><E47/><V62/><F89/><W86/><G131/><N who="1" m="50250" /><E23/><V28/><F28/><W11/><G133/><N who="2" m="51273" /><F1/><W54/><G110/><T107/><D107/><U55/><E55/><AGARI ba="0,0" hai="4,8,9,13,14,18,55,56,62,72,75" m="51273" machi="55" ten="30,1500,0" yaku="20,1" doraHai="21" who="2" fromWho="1" sc="206,0,313,-15,216,15,265,0" /><INIT seed="2,1,0,1,2,47" ten="206,298,231,265" oya="2" hai0="36,112,81,73,115,128,67,107,20,3,121,14,109" hai1="113,72,99,129,65,80,71,131,64,118,41,26,86" hai2="127,59,46,37,74,57,0,120,116,39,51,66,60" hai3="32,88,44,45,96,90,23,49,35,10,104,38,34"/><V21/><F120/><W122/><G122/><T40/><D14/><U89/><E118/><V97/><F116/><W114/><G114/><T95/><D20/><U132/><E132/><V17/><F0/><W4/><G38/><T2/><D67/><U24/><E113/><V106/><F74/><W55/><G44/><T53/><D53/><U25/><E41/><V76/><F76/><W100/><REACH who="3" step="1"/><G23/><REACH who="3" ten="206,298,231,255" step="2"/><T124/><D36/><U133/><E133/><V11/><F21/><W1/><AGARI ba="1,1" hai="1,4,10,32,34,35,45,49,55,88,90,96,100,104" machi="1" ten="30,8000,1" yaku="1,1,2,1,0,1,52,1,54,1,53,0" doraHai="47" doraHaiUra="12" who="3" fromWho="3" sc="206,-21,298,-21,231,-41,255,93" /><INIT seed="3,0,0,0,5,80" ten="185,277,190,348" oya="3" hai0="44,84,48,70,59,76,45,119,7,20,63,47,99" hai1="12,116,85,46,68,88,24,34,67,33,9,37,120" hai2="66,87,1,104,86,113,112,22,10,114,98,60,72" hai3="117,40,129,74,29,25,75,94,31,103,55,134,131"/><W8/><G117/><T90/><D70/><U125/><E120/><V27/><F72/><W102/><G40/><T15/><D119/><U32/><E125/><V96/><F1/><W21/><G134/><T53/><D76/><U39/><E116/><V28/><F10/><W2/><G31/><T106/><D106/><U62/><E46/><V124/><F124/><W133/><G133/><T54/><D99/><U51/><E24/><V3/><F3/><W69/><G69/><T13/><D7/><U52/><E51/><V23/><F22/><W132/><G132/><T111/><D111/><U95/><REACH who="1" step="1"/><E52/><REACH who="1" ten="185,267,190,348" step="2"/><V0/><F112/><W5/><G55/><T82/><D45/><U93/><E93/><V115/><F104/><W108/><G108/><T43/><REACH who="0" step="1"/><D20/><REACH who="0" ten="175,267,190,348" step="2"/><U38/><E38/><AGARI ba="0,2" hai="13,15,38,43,44,47,48,53,54,59,63,82,84,90" machi="38" ten="30,7700,0" yaku="1,1,2,1,7,1,52,1,53,0" doraHai="80" doraHaiUra="73" who="0" fromWho="1" sc="175,97,267,-77,190,0,348,0" /><INIT seed="4,0,0,3,5,99" ten="272,190,190,348" oya="0" hai0="104,130,95,63,126,92,15,20,72,122,108,93,62" hai1="76,16,115,80,111,41,131,52,81,2,28,101,42" hai2="120,105,29,58,118,96,66,132,102,78,26,107,70" hai3="129,32,69,68,7,87,112,77,113,65,22,9,127"/><T8/><D104/><U90/><E2/><V57/><F120/><W82/><G32/><T49/><D126/><U83/><E111/><V3/><F3/><W109/><G109/><T88/><D72/><U133/><E28/><V103/><F132/><W11/><G127/><T64/><D130/><U0/><E0/><V53/><F78/><W36/><G129/><T73/><D73/><U19/><E133/><V85/><F85/><W33/><G33/><T86/><D122/><U123/><E123/><V44/><F44/><W84/><G36/><T135/><D135/><U1/><E1/><V121/><F121/><W30/><G87/><T59/><D108/><U106/><E131/><V38/><F38/><W25/><G11/><T100/><D20/><U116/><E90/><V24/><F24/><W75/><G75/><T43/><D100/><U114/><E76/><V128/><F128/><W110/><G110/><T6/><D62/><U14/><E116/><V48/><F118/><W89/><G65/><T50/><D43/><U40/><E52/><V5/><F5/><W97/><G9/><T35/><D35/><U94/><E106/><V18/><F18/><W21/><G7/><T119/><D119/><U61/><E61/><N who="2" m="40271" /><F48/><AGARI ba="0,0" hai="6,8,15,48,49,50,59,63,64,86,88,92,93,95" machi="48" ten="40,3900,0" yaku="8,1,54,1" doraHai="99" who="0" fromWho="2" sc="272,39,190,0,190,-39,348,0" /><INIT seed="4,1,0,3,5,4" ten="311,190,151,348" oya="0" hai0="98,23,37,5,44,2,102,103,78,1,119,123,0" hai1="96,55,52,92,132,54,12,90,120,113,117,116,53" hai2="86,27,58,110,47,6,80,68,89,22,67,130,33" hai3="104,63,97,107,60,3,36,45,84,109,69,41,21"/><T134/><D119/><U62/><E120/><V133/><F68/><W135/><G3/><T112/><D123/><U48/><E132/><V115/><F115/><W51/><G109/><T122/><D122/><U49/><E113/><V17/><F110/><W94/><G135/><T9/><D112/><U32/><E32/><V50/><F133/><W125/><G125/><T59/><D134/><U13/><E116/><V29/><F130/><W79/><G36/><T31/><D59/><U127/><E127/><V129/><F129/><W19/><G69/><T39/><D103/><U100/><E117/><V114/><F114/><W101/><G104/><T30/><D78/><U40/><E40/><V71/><F71/><W56/><G56/><T88/><D88/><U7/><E100/><V81/><F6/><W126/><G126/><T61/><D61/><U131/><E131/><V28/><F80/><N who="3" m="47135" /><G107/><T76/><D76/><U77/><E77/><V57/><F67/><W85/><G85/><T16/><D31/><N who="2" m="11850" /><F33/><W72/><G72/><T106/><D30/><U93/><E93/><V75/><F75/><W34/><G34/><T121/><D121/><U111/><E111/><V95/><F95/><W43/><G43/><AGARI ba="1,0" hai="17,22,27,43,47,50,57,58,81,86,89" m="11850" machi="43" ten="30,1000,0" yaku="8,1" doraHai="4" who="2" fromWho="3" sc="311,0,190,0,151,13,348,-13" /><INIT seed="5,0,0,2,2,84" ten="311,190,164,335" oya="1" hai0="57,108,34,79,118,31,106,4,39,97,68,89,26" hai1="131,0,127,112,41,21,78,3,43,85,65,11,14" hai2="25,76,23,80,1,16,94,45,13,87,77,109,125" hai3="104,46,129,9,70,12,135,133,8,36,66,19,123"/><U63/><E112/><V62/><F109/><W98/><G123/><T44/><D68/><U93/><E127/><V86/><F1/><W73/><G73/><T27/><D118/><U126/><E126/><V5/><F125/><W72/><G72/><T37/><D108/><U110/><E110/><V15/><F5/><W60/><G129/><T96/><D4/><U2/><E21/><V75/><F62/><W24/><G24/><T22/><D79/><U122/><E122/><V69/><F69/><W107/><G9/><T102/><D57/><U59/><E131/><V48/><F75/><W105/><G98/><T88/><D96/><U61/><E61/><V53/><REACH who="2" step="1"/><F94/><REACH who="2" ten="311,190,154,335" step="2"/><W10/><G133/><T54/><D37/><U103/><E103/><V116/><F116/><W67/><G135/><T32/><D32/><U64/><E64/><V18/><F18/><W132/><G66/><T128/><D128/><U17/><REACH who="1" step="1"/><E93/><REACH who="1" ten="311,180,154,335" step="2"/><V38/><F38/><W58/><G132/><T49/><REACH who="0" step="1"/><D39/><REACH who="0" ten="301,180,154,335" step="2"/><U115/><E115/><V92/><F92/><W100/><G36/><T82/><D82/><AGARI ba="0,3" hai="0,2,3,11,14,17,41,43,59,63,65,78,82,85" machi="82" ten="40,2000,0" yaku="1,1,53,0" doraHai="84" doraHaiUra="51" who="1" fromWho="0" sc="301,-20,180,50,154,0,335,0" /><AGARI ba="0,0" hai="13,15,16,23,25,45,48,53,76,77,80,82,86,87" machi="82" ten="40,8000,1" yaku="1,1,9,1,8,1,54,1,53,1" doraHai="84" doraHaiUra="51" who="2" fromWho="0" sc="281,-80,230,0,154,80,335,0" /><INIT seed="5,1,0,0,4,79" ten="201,230,234,335" oya="1" hai0="129,95,135,31,58,90,5,43,97,88,92,46,30" hai1="26,55,119,3,114,131,28,15,80,108,72,57,14" hai2="77,93,29,66,44,102,118,51,35,122,111,107,2" hai3="113,123,42,76,12,85,41,63,120,109,67,21,105"/><U71/><E71/><V121/><F107/><W37/><G105/><T52/><D129/><U17/><E3/><V33/><F118/><W38/><G109/><T53/><D135/><U22/><E108/><V128/><F111/><W78/><G113/><T104/><D104/><U99/><E119/><V27/><F2/><W89/><G41/><T64/><D64/><U115/><E131/><V82/><F128/><W4/><G42/><T0/><D0/><U126/><E126/><V87/><F35/><W9/><G21/><T24/><D5/><U98/><E15/><V106/><F106/><W96/><G96/><T48/><D24/><U59/><E59/><V127/><F66/><W16/><G78/><T68/><D68/><U45/><E45/><V130/><F127/><W61/><G76/><T7/><D7/><U70/><E80/><V20/><F33/><W8/><G63/><T34/><D34/><U13/><E13/><V116/><F116/><W56/><G120/><T60/><D43/><U25/><E25/><V39/><F39/><W81/><G123/><T86/><AGARI ba="1,0" hai="30,31,46,48,52,53,58,60,86,88,90,92,95,97" machi="86" ten="20,8000,1" yaku="0,1,7,1,8,1,54,2" doraHai="79" who="0" fromWho="0" sc="201,83,230,-41,234,-21,335,-21" /><INIT seed="6,0,0,1,5,89" ten="284,189,213,314" oya="2" hai0="129,78,134,73,13,45,12,15,74,135,110,131,118" hai1="49,86,11,22,1,64,53,81,103,46,10,88,97" hai2="106,63,128,123,104,33,27,77,47,37,102,121,71" hai3="7,38,130,14,124,2,32,59,21,122,6,116,41"/><V117/><F117/><W65/><G122/><T39/><D78/><U9/><E64/><N who="2" m="41375" /><F77/><W48/><G32/><T34/><D34/><U85/><E86/><V55/><F55/><W44/><G2/><T113/><D110/><U28/><E28/><N who="2" m="19615" /><F128/><N who="0" m="49226" /><D113/><U87/><E85/><V56/><F56/><W0/><G0/><T111/><D111/><U31/><E1/><V61/><F61/><N who="3" m="38079" /><G38/><T50/><D39/><U4/><E31/><V54/><F54/><W62/><G124/><T70/><D70/><U8/><E22/><V16/><F16/><N who="3" m="10391" /><G116/><T114/><D114/><U52/><N who="1" m="2560" /><DORA hai="43" /><U107/><REACH who="1" step="1"/><E53/><REACH who="1" ten="284,179,213,314" step="2"/><V95/><F123/><W112/><G130/><T67/><D118/><U26/><E26/><V24/><F24/><W75/><G75/><N who="0" m="28683" /><D67/><U42/><E42/><AGARI ba="0,1" hai="12,13,15,42,45,50,134,135" m="28683,49226" machi="42" ten="40,2600,0" yaku="19,1,52,1" doraHai="89,43" who="0" fromWho="1" sc="284,36,179,-26,213,0,314,0" /><INIT seed="7,0,0,4,5,131" ten="320,153,213,314" oya="3" hai0="87,36,24,75,132,120,109,25,8,50,51,95,128" hai1="104,19,44,63,98,126,69,17,110,72,76,100,119" hai2="47,81,6,79,2,38,5,70,62,61,106,77,71" hai3="41,134,123,116,92,78,83,88,7,20,115,49,133"/><W34/><G115/><T18/><D75/><U67/><E119/><V32/><F106/><W12/><G34/><T124/><D36/><U94/><E110/><V105/><F105/><W84/><G123/><T35/><D132/><N who="3" m="50793" /><G116/><T0/><D109/><U93/><E126/><V82/><F32/><W108/><G108/><T89/><D128/><U16/><E72/><V101/><F2/><W129/><G129/><T80/><D124/><U97/><E76/><V23/><F77/><W86/><G20/><T46/><D50/><U102/><E104/><V53/><F79/><W56/><G56/><T135/><D35/><U3/><E3/><V121/><F23/><W68/><G68/><T96/><D120/><U42/><REACH who="1" step="1"/><E19/><REACH who="1" ten="320,143,213,314" step="2"/><V57/><F121/><W130/><G130/><T74/><D0/><U66/><E66/><V85/><F5/><W103/><G103/><N who="0" m="60831" /><D74/><U73/><E73/><V22/><F101/><W13/><G7/><T10/><D135/><U21/><E21/><V125/><F22/><W114/><G114/><T54/><D18/><U11/><E11/><AGARI ba="0,1" hai="8,10,11,24,25,46,51,54,80,87,89" m="60831" machi="11" ten="30,1000,0" yaku="8,1" doraHai="131" who="0" fromWho="1" sc="320,20,143,-10,213,0,314,0" owari="340,45.0,133,-37.0,213,-19.0,314,11.0" /></mjloggm>