<mjloggm ver="2.3"><GO type="169" lobby="0"/><UN n0="%E3%82%B1%E3%83%B3%E3%83%A4%E2%98%85" n1="%73%69%67%65%6E%6F%72%69" n2="%E5%B0%B1%E6%B4%BB%E7%94%9F%40%E5%B7%9D%E6%9D%91%E8%BB%8D%E5%9B%A3" n3="%E3%81%82%E3%81%B2%E3%82%8B%E3%81%95%E3%82%93" dan="18,17,16,16" rate="2165.08,2177.16,2049.82,2103.16" sx="M,M,M,M"/><TAIKYOKU oya="0"/><INIT seed="0,0,0,5,5,24" ten="250,250,250,250" oya="0" hai0="119,42,78,87,131,65,41,31,19,67,43,74,135" hai1="0,110,39,66,10,51,60,49,17,6,94,118,117" hai2="75,59,111,53,134,56,105,36,18,68,71,107,11" hai3="52,62,132,34,14,16,70,25,100,115,88,96,85"/><T20/><D119/><U76/><E39/><V101/><F75/><W86/><G115/><T123/><D123/><U50/><E110/><V44/><F111/><W4/><G132/><T22/><D74/><U46/><E46/><V99/><F134/><W29/><G4/><T37/><D37/><U63/><E76/><V27/><F107/><W120/><G120/><T21/><D131/><U90/><E17/><V84/><F84/><W95/><G70/><T8/><D135/><U91/><E63/><V57/><F11/><W15/><G15/><N who="0" m="7655" /><D31/><U38/><E38/><V61/><F68/><W9/><REACH who="3" step="1"/><G100/><REACH who="3" ten="250,250,250,240" step="2"/><T1/><D1/><U89/><REACH who="1" step="1"/><E94/><REACH who="1" ten="250,240,250,240" step="2"/><V103/><F71/><AGARI ba="0,2" hai="0,6,10,49,50,51,60,66,71,89,90,91,117,118" machi="71" ten="40,2600,0" yaku="1,1,2,1,53,0" doraHai="24" doraHaiUra="72" who="1" fromWho="2" sc="250,0,240,46,250,-26,240,0" /><INIT seed="1,0,0,2,2,95" ten="250,286,224,240" oya="1" hai0="104,114,23,108,20,18,1,57,55,56,109,24,124" hai1="60,28,130,34,68,76,63,89,49,67,94,13,99" hai2="9,90,62,122,58,129,21,101,27,86,45,135,107" hai3="102,88,73,126,61,12,10,31,4,134,6,69,35"/><U22/><E130/><V2/><F122/><W47/><G73/><T25/><D114/><U96/><E76/><V48/><F129/><W54/><G134/><T19/><D1/><U14/><E34/><V105/><F2/><W17/><G126/><T50/><D124/><U53/><E63/><V37/><F37/><W46/><G102/><T83/><D104/><U79/><E79/><V133/><F9/><W100/><G100/><T39/><D39/><U52/><E99/><V87/><F87/><W30/><G35/><T32/><D32/><U72/><E72/><V64/><F101/><W97/><G69/><T66/><D83/><U16/><E28/><V121/><F121/><W128/><G128/><T51/><D66/><U119/><E119/><V59/><F59/><N who="3" m="35063" /><G31/><T33/><D33/><U112/><E112/><V123/><F123/><W118/><G30/><T11/><D11/><U43/><REACH who="1" step="1"/><E13/><REACH who="1" ten="250,276,224,240" step="2"/><V40/><F133/><W91/><G118/><T41/><D41/><U110/><E110/><V92/><F135/><W0/><G0/><T80/><D108/><U93/><E93/><V120/><F120/><W98/><G98/><T115/><D109/><U113/><E113/><V77/><F77/><W36/><G97/><T111/><D111/><U75/><E75/><V85/><F85/><W106/><G12/><T82/><D115/><U29/><E29/><AGARI ba="0,1" hai="21,27,29,40,45,48,58,62,64,86,90,92,105,107" machi="29" ten="30,1000,0" yaku="7,1" doraHai="95" who="2" fromWho="1" sc="250,0,276,-10,224,20,240,0" /><INIT seed="2,0,0,5,1,106" ten="250,266,244,240" oya="2" hai0="107,126,60,88,77,130,74,4,97,112,41,19,16" hai1="90,48,76,1,63,95,100,36,67,81,56,20,115" hai2="22,34,69,51,89,52,64,8,44,35,113,91,21" hai3="82,94,12,125,85,17,14,50,105,111,54,86,87"/><V3/><F113/><W31/><G105/><T119/><D112/><U127/><E36/><V99/><F69/><W29/><G111/><T40/><D4/><U80/><E1/><V92/><F64/><W83/><G94/><N who="0" m="56519" /><D107/><U18/><E127/><V13/><F3/><W116/><G116/><T118/><D126/><U33/><E33/><V117/><F117/><N who="0" m="44554" /><D60/><U39/><E39/><V49/><F34/><W47/><G125/><T84/><D84/><U46/><E100/><V61/><F61/><W7/><G83/><N who="0" m="45495" /><D130/><U43/><E76/><V121/><F35/><W30/><G7/><T75/><D75/><U53/><E115/><V23/><F121/><W9/><G82/><T32/><D32/><U123/><E123/><V58/><F91/><W135/><G86/><T120/><D120/><U93/><E67/><V132/><F132/><W79/><G135/><T2/><D2/><U134/><E134/><V101/><F89/><W129/><G129/><T38/><D38/><U57/><E90/><V133/><F133/><W45/><G79/><T62/><D62/><N who="1" m="36111" /><E80/><V72/><F72/><W96/><G87/><T55/><D55/><N who="1" m="34239" /><E81/><V5/><F23/><W98/><G85/><T71/><D71/><U10/><E10/><V28/><F28/><W108/><G29/><T26/><D26/><AGARI ba="0,0" hai="18,20,26,43,46,48,93,95" m="34239,36111" machi="26" ten="30,1000,0" yaku="8,1" doraHai="106" who="1" fromWho="0" sc="250,-10,266,10,244,0,240,0" /><INIT seed="3,0,0,4,3,26" ten="240,276,244,240" oya="3" hai0="38,25,123,87,98,95,111,75,78,4,15,82,7" hai1="121,53,21,8,128,3,42,6,83,86,100,41,119" hai2="93,112,97,58,33,40,125,17,81,51,19,109,31" hai3="99,103,131,49,66,34,63,70,45,101,12,91,94"/><W72/><G72/><T120/><D111/><U43/><E121/><V107/><F112/><W37/><G37/><T126/><D38/><U30/><E119/><V57/><F107/><W2/><G2/><T108/><D108/><U74/><E128/><V77/><F109/><W117/><G117/><T69/><D69/><U39/><E100/><V29/><F125/><W110/><G110/><T68/><D68/><U122/><E122/><V124/><F33/><W104/><G131/><T48/><D126/><U134/><E134/><V47/><F81/><W65/><G65/><T20/><D75/><U61/><E74/><V62/><F77/><W44/><G12/><T16/><D123/><U59/><E39/><V113/><F113/><W129/><G129/><T135/><D135/><U54/><E53/><N who="2" m="34127" /><F57/><W92/><G92/><T1/><D1/><U88/><REACH who="1" step="1"/><E21/><REACH who="1" ten="240,266,244,240" step="2"/><V22/><F124/><W118/><G118/><T50/><D120/><U32/><E32/><V115/><F115/><W116/><G116/><T96/><D20/><U114/><E114/><V89/><F22/><W28/><G103/><T73/><D73/><U0/><E0/><V105/><F105/><W35/><G35/><T127/><D127/><U71/><E71/><V102/><F102/><W106/><G106/><T13/><D48/><U9/><E9/><V85/><F97/><N who="3" m="57567" /><G49/><T130/><D50/><U132/><E132/><V79/><F79/><W60/><G63/><T133/><D133/><U76/><E76/><V67/><F67/><W56/><G70/><T36/><D130/><U11/><E11/><V84/><F84/><RYUUKYOKU ba="0,1" sc="240,-30,266,10,244,10,240,10" hai1="3,6,8,30,41,42,43,54,59,61,83,86,88" hai2="17,19,29,31,40,47,51,85,89,93" hai3="28,34,44,45,56,60,66,99,101,104" /><INIT seed="3,1,1,3,5,104" ten="210,276,254,250" oya="3" hai0="130,24,39,108,127,29,40,97,93,6,5,67,119" hai1="96,8,21,38,105,49,23,87,26,73,47,76,81" hai2="15,83,103,120,99,74,131,9,123,54,115,135,95" hai3="44,63,107,101,34,88,128,60,129,71,17,85,42"/><W111/><G34/><T30/><D119/><U14/><E38/><V98/><F115/><W91/><G91/><T31/><D108/><U0/><E0/><V133/><F54/><W126/><G126/><T45/><D127/><U84/><E105/><N who="2" m="63735" /><F15/><W117/><G117/><T78/><D130/><N who="3" m="50281" /><G71/><T59/><D24/><U82/><E96/><V72/><F9/><W48/><G111/><T68/><D68/><U102/><E102/><N who="2" m="60799" /><F131/><W35/><G35/><T18/><D78/><U11/><E26/><V124/><F124/><W116/><G116/><T79/><D79/><N who="1" m="46143" /><E73/><N who="2" m="28267" /><F83/><N who="3" m="49215" /><G17/><T51/><D18/><N who="1" m="8519" /><E11/><V43/><F43/><AGARI ba="1,1" hai="21,23,43,47,49,76,82,87" m="8519,46143" machi="43" ten="30,1000,0" yaku="8,1" doraHai="104" who="1" fromWho="2" sc="210,0,276,23,254,-13,250,0" /><INIT seed="4,0,0,1,5,133" ten="210,299,241,250" oya="0" hai0="106,3,54,84,47,99,118,85,77,30,68,107,117" hai1="104,111,110,73,7,35,37,98,10,28,49,93,123" hai2="11,78,79,96,115,6,56,52,40,44,15,122,89" hai3="94,42,71,92,2,36,45,25,53,13,102,66,90"/><T51/><D3/><U86/><E37/><V20/><F115/><W70/><G2/><T88/><D68/><U18/><E73/><V80/><F122/><W74/><G74/><T100/><D106/><U72/><E72/><V134/><F134/><W83/><G83/><T91/><D77/><U58/><E123/><V113/><F113/><W62/><G102/><T97/><D97/><U0/><E104/><V26/><F44/><W95/><G71/><T109/><D30/><U4/><E86/><N who="2" m="50375" /><F96/><W125/><G25/><T21/><D21/><U17/><E7/><V101/><F40/><W128/><G128/><T65/><D65/><U132/><E132/><V130/><F101/><W16/><G53/><T34/><D34/><U129/><E129/><V57/><F57/><W112/><G112/><T114/><D114/><U87/><E87/><V50/><F130/><W29/><G29/><AGARI ba="0,0" hai="6,11,15,20,26,29,50,52,56,78,79" m="50375" machi="29" ten="30,2000,0" yaku="8,1,54,1" doraHai="133" who="2" fromWho="3" sc="210,0,299,0,241,20,250,-20" /><INIT seed="5,0,0,0,2,99" ten="210,299,261,230" oya="1" hai0="0,63,118,55,96,40,111,34,69,27,46,23,7" hai1="13,77,65,49,52,93,114,72,58,74,91,132,70" hai2="79,86,129,116,30,106,105,28,37,15,95,45,5" hai3="110,24,35,53,33,73,125,41,51,21,104,78,44"/><U18/><E114/><V107/><F116/><W102/><G110/><T3/><D111/><U103/><E132/><V127/><F127/><W120/><G120/><T48/><D118/><U80/><E74/><V85/><F129/><W26/><G125/><T17/><D34/><U12/><E103/><V38/><F79/><W8/><G78/><T54/><D7/><U22/><E13/><V25/><F45/><W64/><G73/><T36/><D96/><U119/><E119/><V4/><F95/><W68/><G26/><T47/><REACH who="0" step="1"/><D54/><REACH who="0" ten="200,299,261,230" step="2"/><U123/><E123/><V19/><F5/><W109/><G109/><T57/><D57/><U128/><E128/><V101/><F4/><W31/><G35/><T108/><D108/><U20/><E70/><V94/><F86/><W115/><G33/><T62/><D62/><U89/><E52/><V131/><F131/><W81/><G53/><T83/><D83/><U75/><E58/><V60/><F60/><W122/><G81/><T43/><D43/><U87/><E80/><V135/><F135/><W82/><G82/><T32/><D32/><U88/><E87/><V121/><F121/><W56/><G122/><T10/><D10/><U16/><E77/><V112/><F85/><W124/><G8/><T126/><D126/><U2/><E75/><V14/><F112/><W59/><G68/><T6/><D6/><U134/><E72/><V29/><F105/><W67/><G124/><T9/><D9/><U71/><E134/><V90/><F107/><W117/><G115/><T42/><D42/><U39/><E71/><V98/><F106/><RYUUKYOKU ba="0,1" sc="200,30,299,-10,261,-10,230,-10" hai0="0,3,17,23,27,36,40,46,47,48,55,63,69" /><INIT seed="6,1,1,5,1,41" ten="230,289,251,220" oya="2" hai0="135,91,61,26,133,119,67,120,9,110,105,59,107" hai1="62,132,34,29,31,60,95,128,94,5,100,79,68" hai2="97,106,43,47,42,130,71,108,35,125,81,55,126" hai3="2,46,134,19,122,6,129,49,28,98,36,3,11"/><V88/><F35/><W84/><G122/><T15/><D120/><U0/><E79/><V65/><F106/><W118/><G118/><T123/><D123/><U56/><E68/><V25/><F108/><W112/><G2/><T102/><D110/><U58/><E5/><V39/><F130/><W99/><G36/><T1/><D1/><U23/><E0/><V51/><F25/><W12/><G134/><N who="0" m="51211" /><D119/><U76/><E34/><V8/><F8/><W74/><G74/><T80/><D26/><U50/><E76/><V103/><F103/><W30/><G129/><T115/><D102/><U66/><E50/><V101/><F101/><W52/><G112/><T64/><D64/><U116/><E132/><V87/><F97/><W53/><G99/><T32/><D32/><U127/><E100/><V131/><F131/><W89/><G98/><T70/><D70/><U109/><E128/><V124/><REACH who="2" step="1"/><F39/><REACH who="2" ten="230,289,241,220" step="2"/><W90/><G11/><T104/><D115/><U85/><E109/><V93/><F93/><W10/><G10/><T33/><D33/><U27/><E116/><V18/><F18/><W14/><G19/><N who="0" m="8687" /><D107/><U75/><E29/><V4/><F4/><W117/><G6/><T114/><D114/><U20/><E31/><V73/><F73/><W63/><G30/><T83/><D83/><U57/><E75/><V45/><F45/><N who="3" m="27695" /><G28/><T37/><D37/><U86/><E27/><V77/><F77/><W24/><G24/><T72/><D72/><U21/><E95/><V16/><F16/><W13/><G117/><T69/><D69/><N who="1" m="42183" /><E94/><V121/><F121/><W111/><G111/><RYUUKYOKU ba="1,2" sc="230,15,289,-15,241,15,220,-15" hai0="59,61,67,80,91,104,105" hai2="42,43,47,51,55,65,71,81,87,88,124,125,126" /><INIT seed="6,2,2,2,3,98" ten="245,274,256,205" oya="2" hai0="89,31,131,77,6,97,99,90,16,129,106,92,25" hai1="60,59,68,52,3,124,84,27,4,76,69,44,66" hai2="96,17,132,82,34,40,8,38,118,45,49,42,81" hai3="108,63,126,20,55,28,70,24,12,15,21,50,57"/><V117/><F34/><W75/><G108/><T47/><D6/><U39/><E124/><V128/><F128/><N who="0" m="49226" /><D77/><U10/><E27/><V133/><F40/><W62/><G75/><T29/><D47/><U122/><E122/><V30/><F30/><N who="0" m="11274" /><D106/><U135/><E135/><N who="2" m="51787" /><F96/><N who="0" m="36938" /><D92/><U116/><E39/><V110/><F110/><W37/><G37/><T105/><D105/><U58/><E44/><V101/><F101/><W33/><G126/><T86/><D86/><U36/><E36/><V112/><F112/><W74/><G33/><T41/><D41/><U130/><E130/><V94/><F94/><W134/><G134/><T14/><D25/><U102/><E84/><V85/><F38/><W107/><G107/><T9/><AGARI ba="2,2" hai="9,14,16,89,90" m="36938,11274,49226" machi="9" ten="30,2000,0" yaku="19,1,54,1" doraHai="98" who="0" fromWho="0" sc="245,46,274,-7,256,-12,205,-7" /><INIT seed="7,0,0,1,0,94" ten="291,267,244,198" oya="3" hai0="101,102,7,103,135,108,90,84,6,50,63,104,97" hai1="9,112,88,36,132,59,72,20,57,117,83,51,35" hai2="29,37,18,53,113,52,39,92,107,65,30,31,87" hai3="33,3,75,58,82,15,67,21,61,109,24,85,78"/><W43/><G3/><T76/><D108/><U106/><E35/><V119/><F107/><W116/><G116/><T41/><D104/><U16/><E36/><V126/><F119/><W118/><G118/><T27/><D135/><U26/><E117/><V13/><F113/><W32/><G109/><T40/><D97/><U14/><E112/><V70/><F126/><W124/><G124/><T74/><D74/><U11/><E106/><V131/><F131/><W2/><G2/><T34/><D76/><U123/><E123/><V12/><F70/><W56/><G75/><T134/><D34/><U125/><E125/><V79/><F65/><W8/><G43/><T127/><D134/><U46/><E132/><V89/><F79/><W4/><REACH who="3" step="1"/><G58/><REACH who="3" ten="291,267,244,188" step="2"/><T105/><D41/><N who="1" m="25039" /><E72/><V114/><F114/><W73/><G73/><T110/><D40/><U28/><E57/><V133/><F133/><W10/><G10/><T99/><D127/><U64/><E11/><N who="2" m="6431" /><F37/><W38/><G38/><T121/><D110/><U25/><E9/><V86/><F39/><W120/><G120/><T47/><D121/><U0/><E0/><V80/><F13/><W45/><G45/><T66/><D47/><U91/><E14/><V48/><F48/><W69/><G69/><T77/><D50/><U1/><E1/><V55/><F80/><W19/><AGARI ba="0,1" hai="4,8,15,19,21,24,32,33,56,61,67,78,82,85" machi="19" ten="20,3900,0" yaku="1,1,0,1,7,1,53,0" doraHai="94" doraHaiUra="71" who="3" fromWho="3" sc="291,-13,267,-13,244,-13,188,49" /><INIT seed="7,1,0,2,0,89" ten="278,254,231,237" oya="3" hai0="126,10,106,104,116,50,41,101,9,111,70,2,47" hai1="105,27,43,118,130,51,128,35,96,87,90,100,83" hai2="85,91,36,58,103,1,119,80,131,77,61,72,44" hai3="34,0,28,98,56,63,25,49,94,66,54,88,82"/><W29/><G29/><T22/><D70/><U13/><E118/><V33/><F131/><N who="1" m="50217" /><E13/><V39/><F119/><W59/><G0/><T52/><D111/><U19/><E19/><V79/><F33/><W4/><G4/><T40/><D116/><U24/><E35/><V16/><F1/><W97/><G82/><T20/><D126/><U37/><E37/><V76/><F103/><W86/><AGARI ba="1,0" hai="25,28,34,49,54,56,59,63,66,86,88,94,97,98" machi="86" ten="20,7800,0" yaku="0,1,7,1,52,1,54,1" doraHai="89" who="3" fromWho="3" sc="278,-27,254,-27,231,-27,237,81" owari="251,5.0,227,-17.0,204,-30.0,318,42.0" /></mjloggm>