<mjloggm ver="2.3"><GO type="169" lobby="0"/><UN n0="%EF%BC%88%EF%BC%BE%D0%94%EF%BC%BE%EF%BC%89" n1="%E3%83%88%E3%83%88%E3%83%AA%E5%85%88%E7%94%9F%31%39%E6%AD%B3" n2="%6C%6F%4A%61%73%6B%69%6E" n3="%46%75%6B%61%74%73%75%72" dan="16,18,17,16" rate="2194.26,2192.64,2145.86,2041.78" sx="M,F,M,M"/><TAIKYOKU oya="0"/><INIT seed="0,0,0,2,0,21" ten="250,250,250,250" oya="0" hai0="12,8,60,125,97,78,119,17,11,43,73,82,84" hai1="15,130,62,24,29,121,85,115,134,54,99,126,127" hai2="113,118,47,117,120,14,64,112,89,123,55,91,92" hai3="135,83,42,101,88,133,30,69,108,58,114,95,20"/><T2/><D119/><N who="2" m="45578" /><F14/><W107/><G108/><T75/><D125/><N who="1" m="47627" /><E121/><N who="2" m="46667" /><F64/><W27/><G114/><N who="2" m="44137" /><F55/><W59/><G69/><T70/><D43/><U72/><E115/><V79/><F47/><W46/><G83/><T22/><D97/><U0/><E99/><N who="2" m="57743" /><F91/><W109/><G46/><T128/><D2/><U50/><E15/><V76/><AGARI ba="0,0" hai="76,79" m="57743,44137,46667,45578" machi="76" ten="40,5200,0" yaku="12,1,34,2" doraHai="21" who="2" fromWho="2" sc="250,-26,250,-13,250,52,250,-13" /><INIT seed="1,0,0,1,3,50" ten="224,237,302,237" oya="1" hai0="81,34,134,78,92,25,117,94,114,56,42,55,121" hai1="17,79,72,46,11,132,103,13,76,82,24,43,118" hai2="69,64,53,102,116,101,71,133,112,59,29,100,35" hai3="12,8,16,67,7,104,123,57,4,119,18,105,45"/><U75/><E118/><V77/><F116/><W106/><G119/><T2/><D114/><U33/><E132/><V49/><F133/><W99/><G123/><T115/><D134/><U40/><E103/><V51/><F112/><W127/><G127/><T36/><D115/><U108/><E108/><V74/><F64/><W66/><G99/><T31/><D2/><U109/><E109/><V37/><F37/><W113/><G113/><T63/><D121/><U70/><E70/><V1/><F1/><W19/><G45/><T54/><D117/><U3/><E3/><V129/><F129/><W87/><G7/><T52/><D42/><U26/><E33/><V83/><REACH who="2" step="1"/><F49/><REACH who="2" ten="224,237,292,237" step="2"/><W10/><G66/><T96/><D36/><U58/><E58/><V89/><F89/><W47/><G67/><T93/><REACH who="0" step="1"/><D96/><REACH who="0" ten="214,237,292,237" step="2"/><U73/><E43/><V21/><F21/><W14/><G10/><T20/><D20/><U86/><REACH who="1" step="1"/><E76/><REACH who="1" ten="214,227,292,237" step="2"/><V95/><F95/><W5/><G106/><T124/><D124/><U0/><E0/><V135/><F135/><W97/><G105/><T131/><D131/><U60/><E60/><V85/><F85/><AGARI ba="0,3" hai="25,31,34,52,54,55,56,63,78,81,85,92,93,94" machi="85" ten="40,8000,1" yaku="1,1,52,3,54,1,53,0" doraHai="50" doraHaiUra="41" who="0" fromWho="2" sc="214,110,227,0,292,-80,237,0" /><INIT seed="2,0,0,2,2,61" ten="324,227,212,237" oya="2" hai0="116,73,92,11,120,14,45,87,111,102,4,101,66" hai1="62,77,97,94,65,79,115,59,1,8,72,131,108" hai2="98,17,85,129,42,43,44,106,22,88,93,6,52" hai3="47,127,104,48,67,46,40,69,110,7,80,5,64"/><V105/><F129/><W37/><G104/><T75/><D120/><U74/><E115/><V15/><F6/><W38/><G127/><T130/><D116/><U10/><E131/><V13/><F106/><W24/><G110/><T89/><D111/><U19/><E108/><V53/><F105/><W16/><G69/><T118/><D118/><U123/><E123/><V71/><F71/><W26/><G80/><T122/><D122/><U114/><E114/><V29/><F29/><W86/><G86/><T96/><D130/><U21/><E72/><V109/><F109/><W9/><G9/><N who="1" m="3690" /><E74/><V23/><F85/><W36/><G47/><T135/><D135/><U32/><E32/><V2/><F2/><W54/><G40/><N who="2" m="15401" /><F44/><W99/><G99/><T27/><D45/><U3/><E3/><V57/><F57/><W41/><G37/><T121/><D121/><U132/><E1/><V33/><F33/><W82/><G38/><T35/><D87/><U76/><E132/><V39/><F39/><W126/><G82/><T125/><D73/><U28/><E28/><V134/><F134/><W55/><G36/><T91/><D75/><U124/><E124/><V20/><F15/><W100/><G126/><T83/><D125/><U112/><E112/><V113/><F113/><W25/><G100/><T133/><D101/><N who="1" m="60599" /><E76/><V70/><F70/><W58/><G41/><T117/><D133/><U56/><E56/><V12/><F12/><AGARI ba="0,0" hai="12,19,21,59,62,65,77,79" m="60599,3690" machi="12" ten="30,2000,0" yaku="8,1,52,1" doraHai="61" who="1" fromWho="2" sc="324,0,227,20,212,-20,237,0" /><INIT seed="3,0,0,3,3,27" ten="324,247,192,237" oya="3" hai0="40,121,15,76,60,26,109,100,54,111,69,126,95" hai1="63,7,36,47,2,110,134,25,98,96,81,79,122" hai2="31,113,53,78,68,115,11,34,84,66,112,65,3" hai3="86,67,12,62,119,46,16,45,44,41,33,55,10"/><W18/><G33/><T94/><D121/><U21/><E122/><V87/><F53/><W97/><G119/><T50/><D126/><U39/><E110/><N who="0" m="41993" /><D76/><U22/><E134/><V128/><F128/><W131/><G131/><T23/><D100/><U52/><E21/><V74/><F74/><W32/><G32/><T35/><D35/><U120/><E120/><V102/><F102/><W123/><G123/><T118/><D15/><U83/><E83/><V129/><F129/><W101/><G55/><T75/><D75/><U72/><E36/><V56/><F68/><W5/><G86/><T135/><D135/><U105/><E105/><V130/><F130/><W82/><G82/><T80/><D80/><U85/><E72/><V103/><F103/><W71/><REACH who="3" step="1"/><G41/><REACH who="3" ten="324,247,192,227" step="2"/><T29/><D118/><U37/><E81/><V49/><F78/><W30/><G30/><T132/><D132/><U64/><E79/><V9/><F84/><W58/><G58/><N who="0" m="34903" /><D69/><U19/><E52/><V93/><F112/><W4/><G4/><T14/><D40/><U43/><E7/><V0/><F115/><W88/><G88/><T125/><D29/><U28/><E28/><V114/><F113/><W104/><AGARI ba="0,1" hai="5,10,12,16,18,44,45,46,62,67,71,97,101,104" machi="104" ten="30,18000,2" yaku="1,1,0,1,54,1,53,3" doraHai="27" doraHaiUra="42" who="3" fromWho="3" sc="324,-60,247,-60,192,-60,227,190" /><INIT seed="3,1,0,5,4,125" ten="264,187,132,417" oya="3" hai0="46,29,131,65,26,70,108,109,55,2,74,66,78" hai1="75,48,72,20,81,42,96,61,14,130,102,45,44" hai2="10,73,33,56,63,12,67,107,101,27,88,99,51" hai3="80,30,41,86,16,119,128,25,21,64,24,3,123"/><W9/><G123/><T13/><D2/><U114/><E114/><V37/><F73/><W94/><G119/><T47/><D74/><U97/><E130/><V95/><F37/><W98/><G64/><N who="0" m="24683" /><D70/><U71/><E61/><V129/><F129/><W31/><G41/><T23/><D78/><U124/><E71/><V43/><F27/><W134/><G128/><T54/><D131/><U35/><E35/><V116/><F33/><W122/><G134/><T60/><D13/><U69/><E69/><V110/><F110/><N who="0" m="42602" /><D55/><U15/><E124/><V1/><F1/><W59/><G122/><T85/><D85/><U100/><E72/><V32/><F32/><W39/><G3/><T40/><D40/><U133/><E133/><V4/><F116/><W105/><G105/><T18/><D29/><U28/><E14/><V120/><F120/><W92/><G39/><T5/><D5/><U22/><E28/><V113/><F113/><W89/><G59/><AGARI ba="1,0" hai="18,23,26,46,47,54,59,60" m="42602,24683" machi="59" ten="30,1000,0" yaku="14,1" doraHai="125" who="0" fromWho="3" sc="264,13,187,0,132,0,417,-13" /><INIT seed="4,0,0,5,2,6" ten="277,187,132,404" oya="0" hai0="24,133,86,119,66,102,0,58,41,103,83,21,10" hai1="35,48,23,44,67,74,84,20,60,56,91,40,108" hai2="61,98,16,50,87,113,112,42,128,89,129,99,36" hai3="26,34,100,71,78,120,22,53,116,14,125,30,111"/><T72/><D119/><U38/><E74/><V3/><F3/><W107/><G71/><T105/><D133/><U64/><E35/><V109/><F36/><W121/><G53/><T118/><D118/><U104/><E104/><V11/><F61/><W46/><G46/><T15/><D0/><U49/><E108/><V12/><F109/><W47/><G47/><T5/><D72/><U101/><E101/><V95/><F50/><W106/><G78/><T96/><D41/><U75/><E75/><V57/><F57/><W39/><G39/><T126/><D126/><U52/><E64/><V55/><F55/><W90/><G90/><T82/><D103/><U88/><E84/><V123/><F42/><W127/><G116/><T70/><D70/><N who="1" m="42343" /><E49/><V29/><F29/><W93/><G111/><T25/><D83/><U2/><E2/><V8/><F8/><W33/><G93/><T63/><REACH who="0" step="1"/><D21/><AGARI ba="0,0" hai="20,21,23,38,40,44,48,52,56,88,91" m="42343" machi="21" ten="30,3900,0" yaku="24,1,54,2" doraHai="6" who="1" fromWho="0" sc="277,-39,187,39,132,0,404,0" /><INIT seed="5,0,0,3,3,5" ten="238,226,132,404" oya="1" hai0="7,60,10,28,108,26,14,98,130,95,74,8,87" hai1="90,113,15,70,88,118,23,76,72,55,135,61,123" hai2="91,69,24,62,27,42,83,81,9,50,11,93,20" hai3="51,13,119,22,46,100,36,133,77,12,63,89,134"/><U105/><E118/><V102/><F69/><W52/><G119/><T66/><D74/><U29/><E123/><V75/><F75/><W48/><G100/><T59/><D108/><U56/><E105/><V33/><F33/><W117/><G117/><T40/><D130/><U41/><E113/><V121/><F121/><W104/><G104/><T37/><D37/><U30/><E135/><N who="3" m="51722" /><G77/><T82/><D40/><U96/><E70/><V25/><F62/><W71/><G89/><N who="1" m="34410" /><E72/><V0/><F0/><W67/><G36/><T1/><D87/><U49/><E76/><V79/><F102/><W112/><G112/><T65/><D82/><N who="2" m="31242" /><F20/><W97/><G97/><T131/><D131/><U120/><E96/><N who="2" m="57407" /><F79/><W86/><G86/><T129/><D129/><U109/><E109/><V132/><F132/><W6/><G6/><T107/><D107/><U99/><E99/><V47/><AGARI ba="0,0" hai="9,11,24,25,27,42,47,50" m="57407,31242" machi="47" ten="30,4000,0" yaku="8,1,52,2" doraHai="5" who="2" fromWho="2" sc="238,-10,226,-20,132,40,404,-10" /><INIT seed="6,0,0,5,5,22" ten="228,206,172,394" oya="2" hai0="43,20,7,116,19,129,86,70,67,63,21,44,112" hai1="82,30,47,117,78,99,37,29,96,73,115,71,46" hai2="120,17,18,128,107,109,91,76,100,53,52,51,65" hai3="90,111,122,15,84,87,49,89,26,93,124,62,0"/><V106/><F120/><W38/><G0/><T83/><D112/><U105/><E117/><V66/><F76/><W127/><G38/><T8/><D129/><U56/><E71/><V69/><F128/><W10/><G26/><T50/><D19/><N who="2" m="7178" /><F69/><W6/><G122/><T41/><D41/><U68/><E68/><V28/><F28/><W97/><G111/><T34/><D34/><U81/><E115/><V33/><F33/><W23/><G23/><T1/><D116/><U25/><E30/><V16/><N who="2" m="7186" /><V95/><DORA hai="103" /><F109/><W55/><G62/><T104/><REACH who="0" step="1"/><D104/><REACH who="0" ten="218,206,172,394" step="2"/><N who="2" m="39978" /><F100/><W72/><G127/><T102/><D102/><U42/><E105/><V27/><F27/><W88/><G124/><T3/><D3/><U11/><E42/><V79/><F79/><AGARI ba="0,1" hai="1,7,8,20,21,43,44,50,63,67,70,79,83,86" machi="79" ten="30,7700,0" yaku="1,1,7,1,53,2" doraHai="22,103" doraHaiUra="58,40" who="0" fromWho="2" sc="218,87,206,0,172,-77,394,0" /><INIT seed="7,0,0,3,0,67" ten="305,206,95,394" oya="3" hai0="11,64,39,90,103,125,51,104,101,14,9,38,27" hai1="112,116,6,111,107,88,86,97,105,54,128,100,5" hai2="119,126,87,62,40,89,1,55,58,63,118,34,133" hai3="120,8,108,57,66,85,106,35,41,59,53,44,12"/><W17/><G35/><T92/><D125/><U46/><E111/><V29/><F126/><W117/><G117/><T122/><D122/><U61/><E107/><V36/><F1/><W78/><G120/><T0/><D39/><U30/><E116/><V45/><F29/><W52/><G106/><T31/><D38/><U18/><E112/><V7/><F34/><W49/><G108/><T77/><D77/><U74/><E74/><V56/><F7/><W69/><G69/><T76/><D76/><U15/><E128/><V91/><F87/><W84/><G59/><T80/><D80/><U94/><E30/><V3/><F3/><W21/><G85/><T79/><D79/><U23/><E105/><V132/><F89/><W99/><G99/><T26/><D26/><U71/><E46/><V113/><F91/><W123/><G123/><T121/><D121/><U16/><E18/><V13/><F13/><N who="3" m="9391" /><G84/><T32/><D104/><U48/><E61/><V72/><F72/><W37/><G78/><T33/><D33/><U22/><E71/><V134/><REACH who="2" step="1"/><F113/><REACH who="2" ten="305,206,85,394" step="2"/><W82/><G82/><T114/><D114/><U109/><E109/><V10/><F10/><W96/><G96/><T130/><D9/><U73/><E73/><V135/><N who="2" m="33792" /><DORA hai="47" /><V127/><F127/><W19/><G19/><T24/><D0/><U83/><E22/><V2/><F2/><W75/><G75/><T93/><D90/><U50/><E6/><V60/><F60/><W25/><G25/><T129/><D24/><U110/><E5/><V65/><AGARI ba="0,1" hai="36,40,45,55,56,58,62,63,65,118,119" m="33792" machi="65" ten="60,12000,2" yaku="1,1,0,1,20,1,34,3,53,0" doraHai="67,47" doraHaiUra="95,98" who="2" fromWho="2" sc="305,-30,206,-30,85,130,394,-60" owari="275,8.0,176,-32.0,215,-18.0,334,42.0" /></mjloggm>