<mjloggm ver="2.3"><GO type="193" lobby="0"/><UN n0="%E3%83%88%E3%83%88%E3%83%AA%E5%85%88%E7%94%9F%31%39%E6%AD%B3" n1="%E8%A5%BF%E6%AD%A6%E5%A4%9A%E6%91%A9%E6%B9%96%E7%B7%9A" n2="%70%6F%68%65%69%6A%69" n3="%73%68%69%72%75%30%34%33" dan="11,13,12,11" rate="1779.55,1824.83,1760.13,1794.30" sx="F,M,M,M"/><TAIKYOKU oya="0"/><INIT seed="0,0,0,5,2,65" ten="250,250,250,250" oya="0" hai0="29,116,43,135,15,92,26,63,41,1,93,0,25" hai1="54,8,118,86,64,83,45,58,52,3,131,70,114" hai2="62,127,115,27,4,75,51,72,77,21,50,33,49" hai3="88,12,90,18,89,132,36,96,129,120,35,22,126"/><T133/><D116/><U39/><E118/><V31/><F115/><W34/><G36/><T121/><D15/><U55/><E3/><V108/><F127/><W32/><G120/><T97/><D63/><N who="1" m="40223" /><E8/><V85/><F108/><W48/><G126/><T122/><D97/><U106/><E106/><V81/><F4/><W107/><G129/><T68/><D29/><U37/><E83/><V87/><F33/><W134/><REACH who="3" step="1"/><G48/><REACH who="3" ten="250,250,250,240" step="2"/><T2/><D2/><U82/><E131/><V6/><F6/><W14/><G14/><T128/><D128/><U11/><E114/><V5/><F5/><W44/><G44/><T76/><D76/><U123/><E45/><V74/><F62/><W71/><G71/><AGARI ba="0,1" hai="0,1,25,26,41,43,68,71,92,93,121,122,133,135" machi="71" ten="25,9600,0" yaku="22,2,52,2" doraHai="65" who="0" fromWho="3" sc="250,106,250,0,250,0,240,-96" /><INIT seed="0,1,0,4,1,86" ten="356,250,250,144" oya="0" hai0="129,88,94,111,87,135,101,69,118,79,73,53,64" hai1="7,10,134,107,131,90,6,121,25,110,20,66,120" hai2="105,71,26,99,13,44,11,81,43,3,98,72,14" hai3="96,115,133,95,122,5,9,31,37,1,92,12,83"/><T60/><D118/><U97/><E107/><V84/><F71/><W51/><G37/><T18/><D129/><U57/><E131/><V117/><F72/><W8/><G115/><T112/><D112/><U61/><E134/><V23/><F117/><W17/><G31/><T65/><D135/><U70/><E110/><V82/><F105/><W63/><G133/><T116/><D116/><U77/><E77/><V127/><F82/><W56/><G122/><T42/><D111/><U19/><E6/><V85/><F3/><W47/><G83/><T21/><D42/><U114/><E114/><V4/><F85/><W24/><G24/><T109/><D109/><U28/><E121/><V32/><F14/><W58/><G92/><T49/><D65/><U0/><E120/><V113/><F32/><W76/><G76/><T124/><D79/><U55/><E28/><V93/><F93/><W38/><G38/><T119/><D119/><U48/><REACH who="1" step="1"/><E97/><REACH who="1" ten="356,240,250,144" step="2"/><N who="2" m="36875" /><F113/><W125/><G125/><T46/><D124/><U74/><E74/><V108/><F127/><W36/><G5/><T34/><D73/><U40/><E40/><V22/><F108/><W75/><G75/><T128/><D128/><U100/><E100/><V2/><F2/><W35/><G1/><T106/><D106/><U67/><E67/><V29/><F43/><W39/><G39/><T132/><D132/><U41/><E41/><V62/><F4/><W50/><G36/><T52/><D101/><U130/><E130/><V54/><F29/><W59/><G96/><T15/><D53/><U33/><E33/><V27/><F54/><RYUUKYOKU ba="1,1" sc="356,15,240,15,250,-15,144,-15" hai0="15,18,21,34,46,49,52,60,64,69,87,88,94" hai1="0,7,10,19,20,25,48,55,57,61,66,70,90" /><INIT seed="0,2,1,3,1,52" ten="371,255,235,129" oya="0" hai0="59,72,117,5,110,63,69,44,109,106,50,84,125" hai1="10,105,11,102,128,27,22,38,49,107,42,81,55" hai2="34,62,29,89,80,132,103,60,111,95,120,4,7" hai3="112,124,2,21,1,119,115,133,61,68,65,83,15"/><T19/><D117/><U17/><E38/><V129/><F111/><N who="0" m="42506" /><D72/><U3/><E42/><V98/><F120/><W122/><G119/><T75/><D75/><U85/><E128/><V126/><F129/><W25/><G122/><T78/><D106/><U67/><E107/><V99/><F132/><W86/><G133/><T39/><D39/><U14/><E3/><V101/><F126/><W0/><G124/><T36/><D36/><U12/><E67/><V9/><F29/><W135/><G135/><T43/><D125/><U94/><E105/><V18/><F34/><W24/><G15/><T37/><D5/><N who="2" m="2122" /><F80/><W40/><G40/><T28/><D28/><U57/><E94/><N who="2" m="58583" /><F103/><W134/><G134/><T121/><D121/><U48/><E102/><V46/><F46/><W30/><REACH who="3" step="1"/><G25/><REACH who="3" ten="371,255,235,119" step="2"/><T104/><D43/><U90/><E14/><AGARI ba="2,2" hai="9,14,18,60,62,89,95,99" m="58583,2122" machi="14" ten="30,1000,0" yaku="8,1" doraHai="52" who="2" fromWho="1" sc="371,0,255,-16,235,36,119,0" /><INIT seed="1,0,0,4,1,62" ten="371,239,271,119" oya="1" hai0="38,7,125,21,116,128,79,41,31,74,118,105,77" hai1="112,95,84,42,25,101,70,1,80,5,56,33,34" hai2="61,133,37,92,27,57,0,11,109,130,30,47,115" hai3="108,19,102,53,46,71,36,107,63,2,82,76,4"/><U100/><E112/><V94/><F133/><W43/><G108/><T28/><D105/><U3/><E70/><V93/><F109/><W135/><G135/><T51/><D38/><U69/><E69/><V20/><F130/><W55/><G102/><T117/><D128/><U121/><E121/><V23/><F115/><W52/><G107/><T68/><D68/><U18/><E1/><V124/><F124/><W119/><G119/><T24/><D125/><U8/><E42/><V127/><F37/><W114/><G114/><T126/><D126/><U29/><E34/><V32/><F47/><W86/><G19/><T103/><D103/><U48/><E95/><V65/><F127/><W49/><G2/><T134/><D134/><U17/><E48/><V99/><REACH who="2" step="1"/><F99/><REACH who="2" ten="371,239,261,119" step="2"/><W78/><G36/><T85/><D118/><U72/><E72/><V132/><F132/><W67/><REACH who="3" step="1"/><G4/><AGARI ba="0,1" hai="0,4,11,20,23,27,30,32,57,61,65,92,93,94" machi="4" ten="40,2600,0" yaku="1,1,52,1,53,0" doraHai="62" doraHaiUra="10" who="2" fromWho="3" sc="371,0,239,0,261,36,119,-26" /><INIT seed="2,0,0,1,5,4" ten="371,239,297,93" oya="2" hai0="97,70,89,16,109,102,112,131,65,6,54,115,69" hai1="0,116,84,76,50,98,48,19,14,101,61,94,31" hai2="20,72,114,103,66,29,36,128,59,74,67,22,25" hai3="26,77,63,41,51,107,60,130,134,7,46,111,118"/><V91/><F36/><W2/><G107/><T34/><D109/><U78/><E0/><V44/><F114/><N who="0" m="43562" /><D131/><U123/><E116/><V96/><F128/><W28/><G111/><T135/><D135/><U43/><E31/><V80/><F44/><W105/><G130/><T132/><D132/><U56/><E123/><V106/><F22/><W90/><G105/><N who="0" m="63695" /><D34/><U100/><E100/><V127/><F127/><W122/><G134/><T32/><D32/><U133/><E133/><V87/><REACH who="2" step="1"/><F59/><REACH who="2" ten="371,239,287,93" step="2"/><W39/><G39/><T10/><D70/><U88/><E43/><V24/><F24/><W18/><G122/><T37/><D37/><U113/><E113/><V3/><F3/><W58/><G118/><T21/><D69/><U79/><E76/><V52/><F52/><W30/><G77/><T47/><D47/><U126/><E78/><V75/><AGARI ba="0,1" hai="20,25,29,66,67,72,74,75,80,87,91,96,103,106" machi="75" ten="30,6000,0" yaku="1,1,0,1,53,1" doraHai="4" doraHaiUra="83" who="2" fromWho="2" sc="371,-20,239,-20,287,70,93,-20" /><INIT seed="2,1,0,3,2,102" ten="351,219,357,73" oya="2" hai0="53,77,37,21,129,0,9,122,58,135,55,13,69" hai1="54,125,11,38,124,85,63,132,109,48,76,70,33" hai2="60,115,1,84,41,80,111,20,7,57,78,100,118" hai3="127,6,81,120,133,23,74,14,24,88,8,119,39"/><V107/><F118/><W64/><G39/><T96/><D122/><U2/><E33/><V130/><F115/><W4/><G120/><T128/><D69/><U35/><E35/><V50/><F130/><N who="0" m="50282" /><D37/><U98/><E2/><V18/><F7/><W62/><G119/><T90/><D135/><U52/><E11/><V51/><F1/><W15/><G133/><T114/><D114/><U72/><E98/><V89/><F41/><W67/><G127/><N who="1" m="48714" /><E72/><V56/><F56/><W73/><G67/><T47/><D0/><U110/><E76/><V34/><F34/><W126/><G126/><T108/><D108/><N who="1" m="41579" /><E85/><V116/><F116/><W19/><G74/><T17/><D77/><U99/><E99/><V134/><F134/><W97/><G73/><T5/><D47/><U40/><E132/><V31/><F31/><W29/><G15/><N who="0" m="9407" /><D58/><U12/><E12/><V26/><F78/><W3/><G3/><T92/><AGARI ba="1,0" hai="5,9,13,53,55,90,92,96" m="9407,50282" machi="92" ten="30,1100,0" yaku="19,1" doraHai="102" who="0" fromWho="0" sc="351,14,219,-4,357,-6,73,-4" /><INIT seed="3,0,0,2,2,34" ten="365,215,351,69" oya="3" hai0="58,57,42,48,86,64,43,113,7,114,55,85,121" hai1="82,72,33,81,16,51,27,53,123,69,36,0,77" hai2="63,104,8,128,11,19,56,94,52,22,12,1,28" hai3="92,62,105,84,120,18,100,90,10,75,60,2,83"/><W110/><G120/><T108/><D121/><U133/><E123/><V65/><F104/><W13/><G2/><T102/><D108/><U118/><E36/><V20/><F128/><W76/><REACH who="3" step="1"/><G110/><REACH who="3" ten="365,215,351,59" step="2"/><T6/><D113/><U73/><E118/><V117/><F1/><W29/><G29/><T38/><D114/><U50/><E0/><V122/><F117/><W106/><G106/><T98/><D38/><U14/><E133/><V80/><F122/><W134/><G134/><T88/><D7/><U15/><E69/><V96/><F28/><W54/><G54/><T115/><D6/><U24/><E33/><V17/><F65/><W119/><G119/><T103/><D115/><U39/><E39/><V32/><F32/><W101/><G101/><T44/><D64/><U126/><E126/><V21/><F80/><W109/><G109/><T9/><D103/><U37/><E37/><V49/><F49/><W130/><G130/><T89/><D102/><U71/><E71/><V45/><F45/><W79/><G79/><T97/><D44/><U125/><E125/><V95/><F96/><AGARI ba="0,1" hai="10,13,18,60,62,75,76,83,84,90,92,96,100,105" machi="96" ten="40,7700,0" yaku="1,1,24,2,53,0" doraHai="34" doraHaiUra="111" who="3" fromWho="2" sc="365,0,215,0,351,-77,59,87" /><INIT seed="3,1,0,4,1,121" ten="365,215,274,146" oya="3" hai0="77,38,36,17,11,127,59,28,112,52,25,6,87" hai1="46,24,84,48,118,49,55,135,1,57,22,93,133" hai2="78,47,3,8,64,50,10,90,95,5,45,56,124" hai3="12,43,114,101,97,108,33,15,66,83,88,37,65"/><W68/><G33/><T94/><D127/><U30/><E1/><V7/><F124/><W115/><G43/><T35/><D112/><U91/><REACH who="1" step="1"/><E118/><REACH who="1" ten="365,205,274,146" step="2"/><V100/><F100/><W129/><G115/><T41/><D38/><U75/><E75/><V29/><F29/><W26/><G37/><T18/><D36/><U98/><E98/><V4/><F3/><W80/><G114/><T32/><D28/><U102/><E102/><V76/><F64/><N who="3" m="24683" /><G68/><T54/><D87/><U109/><E109/><V40/><F40/><AGARI ba="1,1" hai="22,24,30,40,46,48,49,55,57,84,91,93,133,135" machi="40" ten="40,1300,0" yaku="1,1,53,0" doraHai="121" doraHaiUra="73" who="1" fromWho="2" sc="365,0,205,26,274,-16,146,0" owari="365,46.0,231,-17.0,258,6.0,146,-35.0" /></mjloggm>