<mjloggm ver="2.3"><GO type="97" lobby="0"/><UN n0="%E3%83%88%E3%83%88%E3%83%AA%E5%85%88%E7%94%9F%31%39%E6%AD%B3" n1="%74%65%72%72%79%31%33%36" n2="%E5%95%BC%E3%81%8D%E9%9B%80" n3="%52%61%73%6D%75%73" dan="15,15,15,14" rate="2090.55,2004.71,1980.53,1880.48" sx="F,M,M,M"/><TAIKYOKU oya="0"/><INIT seed="0,0,0,0,5,84" ten="250,250,250,250" oya="0" hai0="39,80,59,49,134,73,3,42,85,101,89,132,117" hai1="53,25,105,75,60,130,57,61,106,115,118,79,34" hai2="119,7,29,123,56,111,72,63,71,15,32,91,98" hai3="36,92,112,87,31,102,124,28,5,126,27,30,18"/><T47/><D117/><U23/><E118/><V38/><F123/><W12/><G36/><T33/><D33/><U10/><E130/><V120/><F72/><W93/><G112/><T65/><D3/><U96/><E115/><V109/><F38/><W11/><G102/><T2/><D2/><U46/><E34/><V0/><F71/><W82/><G92/><T8/><D8/><U24/><E10/><N who="2" m="2407" /><F15/><W110/><G93/><T100/><D73/><U37/><E61/><V43/><F43/><W70/><G70/><T67/><D67/><U35/><E35/><V121/><F119/><W21/><REACH who="3" step="1"/><G110/><REACH who="3" ten="250,250,250,240" step="2"/><N who="2" m="41993" /><F98/><W66/><G66/><T51/><D100/><U41/><E96/><V62/><F121/><W68/><G68/><T48/><D101/><U107/><E105/><V58/><F120/><W55/><G55/><T113/><D113/><U83/><E106/><V6/><F63/><W127/><G127/><T128/><D128/><U40/><E107/><V114/><F114/><W74/><G74/><T26/><D65/><U133/><E75/><V45/><F62/><W20/><G20/><T131/><D131/><U16/><E53/><V19/><F32/><W86/><G86/><T129/><D129/><U81/><E60/><V77/><F56/><W94/><G94/><T99/><D59/><U78/><E57/><V122/><F122/><W76/><AGARI ba="0,1" hai="5,11,12,18,21,27,28,30,31,76,82,87,124,126" machi="76" ten="30,4000,0" yaku="1,1,0,1,53,1" doraHai="84" doraHaiUra="9" who="3" fromWho="3" sc="250,-20,250,-10,250,-10,240,50" /><INIT seed="1,0,0,5,2,43" ten="230,240,240,290" oya="1" hai0="66,64,73,95,57,14,110,88,97,59,21,103,13" hai1="118,70,44,108,15,80,131,120,104,40,62,22,19" hai2="107,79,12,0,11,35,114,101,2,47,42,74,99" hai3="25,20,82,76,129,48,90,8,98,32,52,30,135"/><U96/><E118/><V124/><F12/><N who="0" m="4714" /><D73/><U116/><E116/><V28/><F114/><W72/><G135/><T63/><D110/><U7/><E120/><V91/><F91/><W6/><G129/><T51/><D21/><U61/><E131/><V16/><F16/><W109/><G109/><T34/><D34/><U38/><E108/><V24/><F11/><W86/><G98/><T100/><D64/><U49/><E7/><V26/><F26/><W68/><G68/><T41/><D59/><U1/><E1/><V132/><F132/><W122/><G122/><T112/><D112/><U92/><E104/><V87/><F87/><W29/><G32/><T9/><D9/><U37/><E80/><N who="2" m="45175" /><F124/><W18/><G76/><T77/><D77/><U50/><E70/><V102/><F101/><W111/><G72/><T33/><D33/><U105/><E105/><V65/><F65/><W27/><G27/><T134/><D134/><U3/><E3/><V10/><F10/><W5/><G111/><T39/><D39/><AGARI ba="0,0" hai="0,2,24,28,35,39,42,47,99,102,107" m="45175" machi="39" ten="30,3900,0" yaku="33,2,52,1" doraHai="43" who="2" fromWho="0" sc="230,-39,240,0,240,39,290,0" /><INIT seed="2,0,0,5,3,58" ten="191,240,279,290" oya="2" hai0="57,87,83,82,94,110,45,37,28,120,2,95,51" hai1="72,31,23,62,46,108,48,13,74,93,115,40,130" hai2="101,24,121,20,36,119,78,22,0,98,111,33,44" hai3="34,103,132,56,102,69,30,118,124,49,77,8,107"/><V129/><F119/><W76/><G69/><T96/><D120/><U97/><E115/><V50/><F121/><W29/><G132/><T114/><D114/><U15/><E108/><V123/><F0/><W109/><G124/><T65/><D2/><U14/><E130/><V16/><F36/><W63/><G109/><T133/><D110/><U135/><E135/><V73/><F111/><W26/><G30/><T60/><D133/><U19/><E31/><V86/><F73/><W18/><G49/><T21/><D37/><U92/><E74/><V64/><F33/><W42/><G42/><T117/><D117/><U89/><E72/><V47/><F22/><W122/><G122/><T17/><D28/><U71/><REACH who="1" step="1"/><E93/><REACH who="1" ten="191,230,279,290" step="2"/><N who="2" m="58575" /><F123/><W61/><G107/><T35/><D35/><U106/><E106/><V32/><F129/><W80/><G29/><T43/><D87/><U41/><E41/><N who="2" m="24847" /><F32/><W53/><G34/><T27/><REACH who="0" step="1"/><D95/><REACH who="0" ten="181,230,279,290" step="2"/><U12/><E12/><V4/><F86/><W104/><G104/><T55/><D55/><U39/><E39/><V7/><F64/><AGARI ba="0,2" hai="13,14,15,19,23,40,46,48,62,64,71,89,92,97" machi="64" ten="40,8000,1" yaku="1,1,52,1,53,3" doraHai="58" doraHaiUra="11" who="1" fromWho="2" sc="181,0,230,100,279,-80,290,0" /><INIT seed="3,0,0,0,1,118" ten="181,330,199,290" oya="3" hai0="83,17,51,117,93,74,60,1,15,67,92,64,88" hai1="41,111,109,77,72,30,130,133,25,132,32,131,85" hai2="94,27,128,21,31,103,91,125,116,78,57,70,119" hai3="82,18,79,9,113,6,68,37,2,48,105,24,47"/><W14/><G105/><T61/><D117/><U96/><E72/><V122/><F70/><W20/><G68/><T52/><D1/><U86/><E41/><V5/><F78/><W90/><G113/><T121/><D121/><U112/><E112/><V80/><F128/><N who="1" m="49193" /><E96/><V23/><F125/><W46/><G90/><T127/><D127/><U12/><E12/><V89/><F5/><W10/><G37/><T7/><D7/><U63/><E63/><N who="0" m="24137" /><D74/><U13/><E13/><V120/><F80/><W54/><G10/><N who="0" m="6391" /><D83/><N who="1" m="47343" /><E86/><V35/><F57/><W115/><G115/><T45/><D93/><U84/><E84/><AGARI ba="0,0" hai="45,51,52,64,67,84,88,92" m="6391,24137" machi="84" ten="30,3900,0" yaku="8,1,54,2" doraHai="118" who="0" fromWho="1" sc="181,39,330,-39,199,0,290,0" /><INIT seed="4,0,0,2,3,75" ten="220,291,199,290" oya="0" hai0="88,65,111,127,8,64,32,68,121,51,92,82,79" hai1="135,87,70,77,26,30,103,53,105,34,22,3,91" hai2="61,16,49,38,76,42,128,50,52,13,43,55,31" hai3="5,57,122,9,99,117,36,19,80,110,17,114,37"/><T23/><D121/><U6/><E70/><V115/><F115/><W58/><G117/><T98/><D32/><U85/><E77/><V18/><F128/><W40/><G110/><T95/><D68/><U133/><E105/><V29/><F38/><W41/><G114/><T107/><D111/><U71/><E103/><V113/><F113/><W81/><G122/><T86/><D107/><U69/><E71/><V12/><F61/><W89/><G99/><N who="0" m="57735" /><D127/><U74/><E69/><V10/><F10/><W73/><G89/><N who="0" m="55663" /><D8/><N who="1" m="2143" /><E74/><V11/><F11/><W96/><G96/><T46/><D23/><U33/><E53/><AGARI ba="0,0" hai="46,51,53,64,65,79,82,86" m="55663,57735" machi="53" ten="30,5800,0" yaku="8,1,52,1,54,1" doraHai="75" who="0" fromWho="1" sc="220,58,291,-58,199,0,290,0" /><INIT seed="4,1,0,3,0,48" ten="278,233,199,290" oya="0" hai0="56,49,15,99,46,59,86,14,68,31,93,92,50" hai1="37,115,135,80,23,77,43,131,116,127,96,30,76" hai2="97,110,114,22,119,112,67,90,52,124,41,117,98" hai3="34,79,108,118,29,91,36,4,62,109,38,78,51"/><T61/><D68/><U0/><E116/><N who="2" m="44619" /><F41/><W128/><G118/><T65/><D31/><U7/><E127/><V120/><F22/><W17/><G51/><T28/><D28/><U132/><E115/><N who="2" m="44075" /><F67/><W13/><G4/><T26/><D26/><U6/><E131/><V40/><F40/><W84/><G38/><T27/><D27/><U45/><E30/><V60/><F124/><W47/><G128/><T19/><D86/><U70/><E23/><V9/><F9/><W89/><G89/><N who="0" m="55695" /><D93/><U63/><E96/><N who="2" m="36971" /><F90/><W111/><G62/><N who="0" m="38087" /><D19/><U25/><E25/><V32/><F32/><W105/><G29/><T103/><D49/><U42/><E6/><V83/><F83/><W8/><G34/><T130/><D130/><U125/><E125/><V53/><F120/><W21/><G36/><T58/><D103/><U123/><E123/><V107/><F107/><W74/><G105/><T133/><D15/><U35/><E35/><V100/><F100/><W101/><G101/><T12/><D12/><U71/><E71/><V73/><F73/><W121/><G74/><T20/><D14/><U1/><E70/><V2/><F2/><W16/><G121/><T33/><D20/><U126/><E126/><V81/><F81/><N who="3" m="49551" /><G21/><T95/><D33/><U82/><E63/><V87/><F60/><W69/><G17/><T24/><D24/><U55/><E37/><V39/><F39/><W54/><G69/><T106/><D106/><U66/><E80/><V5/><F5/><W88/><G88/><T72/><D61/><U10/><E7/><V94/><F110/><W75/><G75/><RYUUKYOKU ba="1,0" sc="278,-15,233,-15,199,15,290,15" hai2="52,53,87,94" hai3="8,13,16,47,54,78,79,108,109,111" owari="263,6.0,218,-18.0,214,-29.0,305,41.0" /></mjloggm>