<mjloggm ver="2.3"><GO type="97" lobby="0"/><UN n0="%61%6B%61%75%73%61%67%69" n1="%E3%83%88%E3%83%88%E3%83%AA%E5%85%88%E7%94%9F%31%39%E6%AD%B3" n2="%6D%72%6B%6F%6A%69" n3="%2D%6B%6F%6B%6F%2D" dan="14,15,13,14" rate="1955.57,2026.21,1827.72,1976.29" sx="M,F,M,M"/><TAIKYOKU oya="0"/><INIT seed="0,0,0,2,1,41" ten="250,250,250,250" oya="0" hai0="103,46,91,59,120,3,78,118,4,11,135,97,57" hai1="69,20,42,5,62,121,92,7,9,96,19,16,51" hai2="99,17,54,101,61,128,105,106,117,67,81,45,126" hai3="53,113,94,38,26,83,21,48,114,31,33,107,104"/><T43/><D120/><U36/><E121/><V63/><F117/><W110/><G38/><T100/><D118/><U10/><E36/><V102/><F81/><W50/><G110/><T84/><D78/><U98/><E69/><V89/><F89/><W47/><G94/><T12/><D3/><U122/><E122/><V37/><F37/><W133/><G133/><T68/><D68/><U0/><E62/><V32/><F32/><W123/><G123/><T119/><D135/><U8/><E98/><V25/><F128/><W82/><G33/><T85/><D85/><U14/><E19/><V30/><F17/><W56/><G83/><N who="0" m="49567" /><D119/><U76/><E76/><V13/><F13/><W125/><G125/><T49/><D97/><U1/><E51/><V90/><F126/><W23/><G23/><T124/><D124/><U112/><E42/><V52/><F67/><W86/><G104/><T95/><D95/><U29/><E112/><V115/><F99/><W109/><G107/><T108/><D108/><U40/><E40/><V22/><F115/><W80/><G109/><T93/><D93/><U111/><E111/><V127/><F127/><W77/><REACH who="3" step="1"/><G82/><REACH who="3" ten="250,250,250,240" step="2"/><T130/><D130/><U34/><E92/><V27/><F106/><W24/><G24/><T58/><AGARI ba="0,1" hai="4,11,12,43,46,49,57,58,59,100,103" m="49567" machi="58" ten="30,3000,0" yaku="8,1,52,1" doraHai="41" who="0" fromWho="0" sc="250,40,250,-10,250,-10,240,-10" /><INIT seed="0,1,0,2,5,15" ten="290,240,240,230" oya="0" hai0="134,6,2,5,53,117,22,11,88,51,127,69,55" hai1="107,98,99,19,95,106,24,104,130,64,71,63,40" hai2="13,108,84,36,59,47,74,7,125,17,75,57,58" hai3="49,29,34,103,30,118,97,18,94,46,92,1,45"/><T129/><D117/><U54/><E130/><V67/><F67/><W81/><G118/><T41/><D129/><U35/><E40/><V122/><F122/><W44/><G1/><T61/><D6/><U128/><E128/><V100/><F100/><W43/><G81/><T14/><D2/><U96/><E54/><V77/><F7/><W4/><G4/><T121/><D121/><U86/><E86/><V31/><F31/><N who="3" m="11787" /><G34/><T124/><D22/><U111/><E111/><V82/><F108/><W116/><G116/><T33/><D33/><U62/><E62/><V48/><F36/><W132/><G132/><T3/><D3/><U50/><E50/><V91/><F77/><W52/><G92/><T119/><D119/><U20/><REACH who="1" step="1"/><E35/><REACH who="1" ten="290,230,240,230" step="2"/><V16/><F125/><W123/><G123/><T90/><D61/><U9/><E9/><V38/><F38/><W109/><G109/><T89/><D51/><U101/><AGARI ba="1,1" hai="19,20,24,63,64,71,95,96,98,99,101,104,106,107" machi="101" ten="30,12000,2" yaku="1,1,0,1,52,1,53,3" doraHai="15" doraHaiUra="93" who="1" fromWho="1" sc="290,-61,230,133,240,-31,230,-31" /><INIT seed="1,0,0,1,5,39" ten="229,363,209,199" oya="1" hai0="60,40,54,129,85,91,116,79,133,125,61,109,42" hai1="93,81,26,5,124,30,123,96,46,100,98,121,15" hai2="88,117,130,13,27,62,95,94,44,49,134,52,53" hai3="34,119,63,57,21,28,122,32,111,66,2,114,68"/><U12/><E124/><V29/><F117/><W78/><G122/><T113/><D113/><U9/><E81/><V80/><F13/><W118/><G114/><T8/><D116/><N who="3" m="44585" /><G2/><T67/><D125/><U36/><E15/><V69/><F130/><W6/><G6/><T50/><D129/><U24/><E24/><V126/><F126/><W101/><G111/><T82/><D109/><U35/><REACH who="1" step="1"/><E98/><REACH who="1" ten="229,353,209,199" step="2"/><V11/><F80/><W25/><G78/><T99/><D99/><U83/><E83/><V41/><F134/><W112/><G112/><T51/><D133/><U104/><E104/><V10/><F10/><W106/><G106/><T45/><D79/><U131/><E131/><V103/><F95/><W1/><G1/><T7/><D8/><U19/><E19/><V59/><F11/><W110/><G110/><T74/><D74/><U3/><E3/><V108/><F108/><W92/><G101/><T90/><D7/><U64/><E64/><V127/><F127/><W73/><G73/><T86/><D82/><U120/><E120/><V87/><F103/><W38/><G92/><T107/><D107/><U75/><E75/><V58/><F69/><W33/><G68/><T97/><D97/><U132/><E132/><V18/><F18/><W89/><G89/><T76/><D91/><U102/><E102/><V48/><F27/><W84/><G84/><T105/><D86/><U55/><E55/><V77/><F29/><W37/><AGARI ba="0,1" hai="21,25,28,32,33,34,37,38,57,63,66" m="44585" machi="37" ten="40,1500,0" yaku="12,1" doraHai="39" who="3" fromWho="3" sc="229,-4,353,-7,209,-4,199,25" /><INIT seed="2,0,0,0,3,48" ten="225,346,205,224" oya="2" hai0="125,97,26,128,116,33,5,41,67,106,30,8,10" hai1="83,27,90,19,72,132,135,112,49,73,84,11,71" hai2="2,105,20,86,108,100,131,18,43,57,24,120,16" hai3="114,52,4,25,80,21,76,123,59,74,94,85,42"/><V95/><F2/><W39/><G123/><T28/><D128/><U32/><E112/><V22/><F131/><W130/><G130/><T66/><D125/><U117/><E117/><V6/><F6/><W127/><G127/><T12/><D116/><U23/><E71/><V1/><F1/><W107/><G107/><T50/><D30/><N who="1" m="19551" /><E11/><V82/><F43/><W78/><G114/><T37/><D37/><U53/><E19/><V115/><F105/><W93/><G4/><T91/><D10/><U119/><E23/><V46/><F115/><W3/><G3/><T58/><D41/><U65/><E65/><V113/><F113/><W69/><G69/><T63/><D50/><U45/><E119/><V0/><F0/><W89/><G76/><T60/><D106/><U51/><E51/><V47/><F120/><W133/><G42/><T118/><D118/><U122/><E122/><V15/><F108/><W79/><G39/><T62/><REACH who="0" step="1"/><D67/><REACH who="0" ten="215,346,205,224" step="2"/><U102/><E49/><V88/><F57/><W36/><G36/><T31/><D31/><U34/><E45/><V7/><F7/><W134/><G134/><T56/><D56/><U61/><E132/><V35/><F35/><W55/><G133/><T17/><D17/><U109/><E34/><V124/><F124/><W29/><G59/><T92/><AGARI ba="0,1" hai="5,8,12,26,28,33,58,60,62,63,66,91,92,97" machi="92" ten="30,2000,0" yaku="1,1,0,1,53,0" doraHai="48" doraHaiUra="64" who="0" fromWho="0" sc="215,30,346,-5,205,-10,224,-5" /><INIT seed="3,0,0,0,1,63" ten="245,341,195,219" oya="3" hai0="98,65,90,21,116,94,78,6,93,9,36,11,5" hai1="62,72,123,59,22,34,132,69,51,100,121,27,55" hai2="68,102,77,45,10,135,115,97,70,95,129,39,33" hai3="47,49,112,7,74,20,122,105,134,85,13,29,113"/><W87/><G122/><T133/><D36/><U92/><E72/><V46/><F33/><W107/><G74/><T96/><D116/><U126/><E34/><V124/><F115/><W80/><G87/><T79/><D133/><U127/><E132/><V41/><F135/><W2/><G2/><T67/><D21/><U23/><E23/><V28/><F28/><W50/><G50/><T84/><D84/><U64/><E92/><V30/><F30/><W43/><G134/><T37/><D37/><U26/><E100/><V24/><F124/><N who="1" m="47657" /><E26/><V75/><F24/><N who="3" m="16519" /><G105/><T61/><D61/><U19/><AGARI ba="0,0" hai="19,22,27,51,55,59,62,64,69,121,123" m="47657" machi="19" ten="30,2000,0" yaku="18,1,52,1" doraHai="63" who="1" fromWho="1" sc="245,-5,341,20,195,-5,219,-10" owari="240,4.0,361,46.0,190,-31.0,209,-19.0" /></mjloggm>