<mjloggm ver="2.3"><GO type="97" lobby="0"/><UN n0="%E4%BC%9D%E3%82%8F%E3%82%89%E3%81%AA%E3%81%84%E8%A8%80%E8%91%89" n1="%EF%BC%98%EF%BC%99%EF%BC%91%EF%BC%90" n2="%E5%B0%B1%E6%B4%BB%E7%94%9F%40%E5%B7%9D%E6%9D%91%E8%BB%8D%E5%9B%A3" n3="%E3%81%AD%E3%81%93%E3%81%A0%E3%81%BE" dan="14,15,15,15" rate="1943.25,2013.31,2006.17,1953.82" sx="M,M,M,M"/><TAIKYOKU oya="0"/><INIT seed="0,0,0,5,0,39" ten="250,250,250,250" oya="0" hai0="87,3,122,25,94,57,86,124,81,24,1,54,114" hai1="85,4,123,116,65,40,120,95,96,77,110,63,62" hai2="102,84,101,2,23,7,45,12,31,61,13,30,15" hai3="0,68,115,70,43,91,50,108,121,111,34,26,47"/><T36/><D122/><U98/><E116/><V135/><F135/><W53/><G121/><T131/><D114/><U17/><E110/><N who="3" m="42026" /><G0/><T37/><D57/><N who="1" m="37071" /><E4/><V112/><F112/><W38/><G115/><T9/><D9/><U27/><E40/><V83/><F2/><W32/><G91/><T76/><D94/><U66/><E120/><V64/><F7/><W78/><G78/><T105/><D76/><U29/><E29/><N who="2" m="10763" /><F45/><N who="3" m="23799" /><G26/><T97/><D97/><U127/><E123/><V82/><F23/><W109/><N who="3" m="42034" /><W93/><DORA hai="89" /><G93/><T119/><D81/><N who="2" m="30730" /><F84/><W75/><G75/><T80/><D80/><N who="1" m="47247" /><E95/><V134/><F134/><W118/><G118/><T56/><D119/><U55/><E98/><V59/><AGARI ba="0,0" hai="12,13,15,59,61,64,101,102" m="30730,10763" machi="59" ten="30,1100,0" yaku="8,1" doraHai="39,89" who="2" fromWho="2" sc="250,-5,250,-3,250,11,250,-3" /><INIT seed="1,0,0,1,3,95" ten="245,247,261,247" oya="1" hai0="135,18,25,89,107,62,40,123,13,75,130,65,131" hai1="71,119,42,27,126,114,101,36,2,17,118,102,66" hai2="108,56,24,16,111,32,20,54,76,22,79,3,93" hai3="128,113,83,48,59,15,26,124,133,21,74,28,115"/><U87/><E2/><V33/><F3/><W94/><G124/><T112/><D112/><U80/><E114/><V110/><F22/><W47/><G133/><T134/><D75/><U10/><E126/><V12/><F93/><W73/><G128/><N who="0" m="49195" /><D40/><U70/><E42/><V90/><F90/><W116/><G59/><T125/><D125/><U122/><E36/><V86/><F86/><W121/><G121/><T98/><D25/><U91/><E122/><V6/><F6/><W23/><G94/><N who="0" m="56655" /><D107/><U30/><E102/><V64/><F64/><W34/><G116/><T51/><D51/><U99/><E118/><V88/><F88/><W41/><G74/><T55/><D55/><U78/><E66/><V60/><REACH who="2" step="1"/><F12/><REACH who="2" ten="245,247,251,247" step="2"/><W14/><G14/><T1/><D1/><U84/><E119/><V132/><F132/><W43/><G15/><T57/><D123/><U0/><E0/><V67/><F67/><W127/><G127/><T129/><D129/><U53/><E91/><V82/><F82/><W11/><G83/><T49/><D135/><U61/><E87/><V103/><F103/><W38/><G113/><T7/><D134/><U100/><E100/><V39/><F39/><W8/><G38/><T105/><D7/><U58/><E84/><V29/><F29/><W69/><G115/><T44/><D13/><N who="1" m="7351" /><E80/><V120/><F120/><W72/><G28/><T97/><D18/><U63/><E101/><V81/><F81/><W117/><G117/><T106/><D105/><U109/><E30/><V37/><F37/><W19/><G73/><T68/><D106/><U85/><E85/><RYUUKYOKU ba="0,1" sc="245,-10,247,-10,251,30,247,-10" hai2="16,20,24,32,33,54,56,60,76,79,108,110,111" /><INIT seed="2,1,1,3,3,82" ten="235,237,281,237" oya="2" hai0="116,23,58,42,24,16,129,93,62,123,118,30,126" hai1="109,79,119,41,106,67,131,66,104,6,40,87,52" hai2="25,50,96,10,85,73,14,21,107,47,32,26,0" hai3="53,134,84,35,115,132,34,74,60,69,37,120,70"/><V113/><F73/><W31/><G120/><T89/><D123/><U121/><E119/><N who="0" m="45609" /><D126/><U39/><E106/><V20/><F32/><N who="3" m="12331" /><G31/><T122/><D122/><U77/><E104/><V43/><F0/><W57/><G74/><T3/><D129/><U71/><E121/><V94/><F107/><W11/><G37/><T17/><D3/><U76/><E71/><V86/><F21/><W51/><G11/><T54/><D42/><N who="1" m="16491" /><E109/><V13/><F13/><W15/><G15/><T27/><D27/><N who="2" m="10250" /><F20/><W61/><G115/><T5/><D5/><U95/><E131/><V108/><F108/><W78/><G69/><T110/><D110/><U105/><E105/><V114/><F114/><W103/><G103/><T92/><D92/><U80/><E39/><V112/><F112/><W65/><G65/><N who="1" m="24586" /><E6/><N who="2" m="3415" /><F113/><W97/><G70/><T2/><D2/><U4/><E4/><V19/><F19/><W12/><G12/><T8/><D8/><U81/><E52/><V9/><F9/><W90/><G53/><T7/><D7/><U124/><E124/><V45/><F45/><W72/><G72/><T101/><D101/><AGARI ba="1,1" hai="43,47,50,85,86,94,96,101" m="3415,10250" machi="101" ten="30,5800,0" yaku="8,1,52,2" doraHai="82" who="2" fromWho="0" sc="235,-61,237,0,281,71,237,0" /><INIT seed="2,2,0,5,4,103" ten="174,237,352,237" oya="2" hai0="60,95,135,46,14,32,21,17,94,23,72,114,132" hai1="29,123,12,35,4,75,7,98,133,110,129,49,44" hai2="64,76,115,74,39,128,50,33,92,24,28,116,97" hai3="9,19,96,89,16,131,26,84,34,86,107,68,66"/><V125/><F116/><W10/><G131/><T25/><D72/><U82/><E110/><V38/><F115/><W22/><G86/><T67/><D114/><U105/><E129/><V31/><F31/><N who="3" m="19831" /><G10/><T121/><D32/><U126/><E35/><V1/><F1/><W43/><G43/><T119/><D119/><U88/><E29/><V118/><F125/><W30/><G30/><T87/><D121/><U62/><E123/><V13/><F118/><W71/><G71/><T37/><D37/><U57/><E126/><V70/><F13/><W77/><G77/><T85/><D46/><U56/><E57/><V8/><F8/><W65/><G9/><T90/><D87/><N who="1" m="50295" /><E75/><V73/><F128/><W124/><G65/><T27/><D94/><U0/><E0/><V127/><F127/><W59/><G59/><T47/><D47/><U134/><E12/><V18/><F74/><W69/><G22/><T101/><D101/><N who="1" m="62647" /><E56/><V58/><F70/><W2/><G69/><T42/><D42/><N who="1" m="24727" /><E62/><V36/><F73/><W81/><G2/><T48/><D48/><U5/><E5/><V130/><F76/><W100/><G124/><T93/><D93/><U106/><E4/><V117/><F130/><W55/><G55/><T79/><D79/><U109/><E7/><V51/><F117/><W104/><G104/><T52/><D52/><U102/><E109/><V54/><F18/><W111/><G111/><T41/><D41/><U108/><E108/><V45/><F64/><W99/><G99/><T83/><D17/><U11/><E11/><V63/><F45/><W3/><G3/><RYUUKYOKU ba="2,0" sc="174,-30,237,10,352,10,237,10" hai1="102,106,133,134" hai2="24,28,33,36,38,39,50,51,54,58,63,92,97" hai3="16,19,66,68,81,84,89,96,100,107" /><INIT seed="2,3,0,3,4,11" ten="144,247,362,247" oya="2" hai0="73,13,105,98,77,20,89,50,126,30,55,65,124" hai1="7,92,68,86,15,134,23,28,19,106,2,71,44" hai2="36,56,10,3,17,91,93,107,80,27,1,48,118" hai3="14,67,130,66,43,94,122,63,34,110,52,62,72"/><V33/><F107/><W0/><G122/><T119/><D119/><U87/><E106/><V127/><F36/><W31/><G0/><T82/><D65/><U60/><E134/><V5/><F118/><W24/><G72/><T78/><D78/><U108/><E108/><V51/><F127/><W39/><G110/><T112/><D112/><U101/><E28/><V22/><F1/><W113/><G43/><T53/><D53/><U76/><E87/><V75/><F33/><W37/><G113/><T111/><D111/><U42/><E101/><V100/><F100/><W135/><G135/><T121/><D121/><U79/><E92/><V21/><F56/><W38/><G130/><T114/><D114/><U9/><E60/><V123/><F123/><W69/><G94/><T85/><D30/><U40/><E40/><V58/><F58/><W125/><G125/><T64/><D64/><U35/><E35/><V47/><F47/><W97/><G97/><T117/><D117/><U95/><E95/><V46/><F46/><W25/><G25/><T54/><D54/><U57/><E57/><V81/><F75/><W26/><G26/><T128/><D128/><U32/><E32/><V109/><F109/><W88/><G52/><T133/><D133/><U49/><E79/><V83/><F48/><W4/><G88/><T90/><D90/><U70/><E76/><V41/><F51/><W16/><G4/><T84/><D84/><U132/><E86/><V116/><F41/><W120/><G120/><T45/><D105/><U99/><E132/><V12/><F116/><W8/><G69/><RYUUKYOKU ba="3,0" sc="144,-15,247,15,362,-15,247,15" hai1="2,7,9,15,19,23,42,44,49,68,70,71,99" hai3="8,14,16,24,31,34,37,38,39,62,63,66,67" /><INIT seed="3,4,0,1,4,24" ten="129,262,347,262" oya="3" hai0="82,94,128,119,122,3,61,15,41,83,112,55,42" hai1="1,104,32,123,108,7,95,60,59,20,130,29,80" hai2="33,2,69,124,4,23,120,34,101,44,92,117,10" hai3="13,26,93,19,90,45,84,28,73,113,43,129,96"/><W49/><G113/><T51/><D51/><U109/><E104/><V97/><F69/><W5/><G129/><T121/><D55/><U85/><E123/><V111/><F117/><W22/><G73/><T110/><D15/><U12/><E32/><V65/><F120/><W88/><G5/><T72/><D61/><U21/><E1/><V39/><F65/><W98/><REACH who="3" step="1"/><G90/><REACH who="3" ten="129,262,347,252" step="2"/><T70/><D94/><U87/><E7/><V115/><F115/><W35/><AGARI ba="4,1" hai="13,19,22,26,28,35,43,45,49,84,88,93,96,98" machi="35" ten="20,18000,2" yaku="1,1,2,1,0,1,7,1,52,1,54,1,53,1" doraHai="24" doraHaiUra="36" who="3" fromWho="3" sc="129,-64,262,-64,347,-64,252,202" owari="65,-43.0,198,-20.0,283,8.0,454,55.0" /></mjloggm>