<mjloggm ver="2.3"><GO type="97" lobby="0"/><UN n0="%E3%81%B6%E3%82%8B%E3%81%A3%E3%81%A1%E3%82%87%E3%81%AA" n1="%E5%A4%A9%E8%A1%8C%E8%80%85" n2="%E5%B0%B1%E6%B4%BB%E7%94%9F%40%E5%B7%9D%E6%9D%91%E8%BB%8D%E5%9B%A3" n3="%68%61%6C%63%68%69%68%61" dan="13,14,14,15" rate="1869.71,1889.54,1949.25,1957.27" sx="M,M,M,F"/><TAIKYOKU oya="0"/><INIT seed="0,0,0,3,4,94" ten="250,250,250,250" oya="0" hai0="20,23,91,95,99,26,8,81,69,111,129,49,6" hai1="2,130,133,53,44,78,48,55,73,96,79,30,54" hai2="28,68,1,12,134,92,17,102,15,115,22,29,97" hai3="52,128,41,36,25,58,116,63,16,117,71,10,43"/><T109/><D69/><U21/><E2/><V14/><F115/><W101/><G128/><T56/><D129/><U87/><E130/><V60/><F1/><W112/><G112/><T31/><D81/><U61/><E73/><V135/><F68/><W103/><G71/><T106/><D106/><U67/><E133/><N who="2" m="50699" /><F60/><W66/><G117/><T98/><D49/><U86/><E67/><V127/><F127/><W72/><G72/><T76/><D76/><N who="1" m="29227" /><E61/><V124/><F124/><W9/><G116/><T105/><D105/><U59/><E59/><V125/><F125/><W88/><G66/><T85/><D56/><U113/><E113/><V45/><F45/><W114/><G114/><T57/><D57/><U100/><E55/><V70/><F70/><W11/><G36/><T13/><REACH who="0" step="1"/><D23/><REACH who="0" ten="240,250,250,250" step="2"/><U118/><E118/><V110/><F110/><AGARI ba="0,1" hai="6,8,13,20,26,31,85,91,95,98,99,109,110,111" machi="110" ten="40,18000,2" yaku="1,1,2,1,14,1,10,1,52,2,53,0" doraHai="94" doraHaiUra="64" who="0" fromWho="2" sc="240,190,250,0,250,-180,250,0" /><INIT seed="0,1,0,2,3,57" ten="430,250,70,250" oya="0" hai0="29,83,3,47,50,94,132,122,35,16,21,1,9" hai1="75,0,103,60,111,97,11,95,99,101,20,135,2" hai2="134,59,43,53,48,104,66,25,71,26,4,113,46" hai3="34,90,130,19,64,14,78,98,106,133,86,55,102"/><T17/><D122/><U92/><E75/><V49/><F113/><W8/><G34/><T114/><D114/><U42/><E135/><V30/><F104/><W70/><G133/><T96/><D132/><U68/><E111/><V5/><F134/><W80/><G130/><T62/><D83/><U82/><E82/><V112/><F112/><W79/><G70/><T88/><D35/><U38/><E20/><V109/><F109/><W108/><G64/><T85/><D85/><U27/><E27/><V67/><F26/><W120/><G120/><T123/><D29/><U76/><E76/><V117/><F117/><W125/><G125/><T127/><D127/><U105/><E105/><V89/><F89/><W44/><REACH who="3" step="1"/><G108/><REACH who="3" ten="430,250,70,240" step="2"/><T32/><D123/><U84/><E68/><V15/><F15/><W39/><G39/><T40/><D32/><U119/><E119/><V37/><F48/><AGARI ba="1,1" hai="8,14,19,44,48,55,78,79,80,86,90,98,102,106" machi="48" ten="40,5200,0" yaku="1,1,25,2,53,0" doraHai="57" doraHaiUra="52" who="3" fromWho="2" sc="430,0,250,0,70,-55,240,65" /><INIT seed="1,0,0,2,2,61" ten="430,250,15,305" oya="1" hai0="25,63,97,12,30,24,113,23,4,66,135,104,44" hai1="17,8,110,53,120,62,46,90,130,125,124,128,60" hai2="114,3,87,20,7,81,41,75,56,42,99,39,134" hai3="72,116,31,88,33,118,59,5,26,121,100,16,0"/><U50/><E120/><V28/><F134/><W45/><G72/><T2/><D113/><U15/><E90/><V32/><F114/><W54/><G121/><T36/><D2/><U11/><E11/><V108/><F108/><W65/><G100/><T38/><D25/><U68/><E110/><V35/><F56/><W127/><G127/><N who="1" m="48714" /><E68/><V84/><F99/><W1/><G5/><T21/><D135/><U57/><E57/><V98/><F98/><W133/><G133/><T123/><D123/><U103/><E103/><V86/><F20/><N who="3" m="13575" /><G33/><T80/><D44/><U6/><E6/><V18/><F18/><W52/><G31/><T91/><D4/><U115/><E115/><V85/><N who="2" m="22016" /><DORA hai="67" /><V34/><F28/><W73/><G88/><T43/><D91/><U79/><E79/><V14/><F14/><W106/><G106/><T117/><D97/><U112/><E112/><V109/><F109/><W83/><G83/><T9/><D9/><U93/><E93/><V77/><REACH who="2" step="1"/><F39/><REACH who="2" ten="430,250,5,305" step="2"/><W131/><G0/><T101/><D38/><U40/><E40/><V48/><F48/><N who="3" m="28687" /><G1/><T76/><D36/><U22/><E8/><AGARI ba="0,1" hai="3,7,8,32,34,35,41,42,75,77,81" m="22016" machi="8" ten="60,3900,0" yaku="1,1,53,1" doraHai="61,67" doraHaiUra="78,132" who="2" fromWho="1" sc="430,0,250,-39,5,49,305,0" /><INIT seed="2,0,0,4,5,63" ten="430,211,54,305" oya="2" hai0="0,123,28,36,26,72,54,106,75,98,117,105,34" hai1="134,73,111,115,130,78,37,15,55,77,58,89,45" hai2="39,124,17,91,93,108,44,13,71,70,7,92,8" hai3="51,35,109,101,112,62,33,60,14,53,80,67,122"/><V110/><F124/><W97/><G122/><T47/><D123/><U104/><E115/><V107/><F107/><W126/><G62/><T48/><D117/><U94/><E111/><N who="2" m="42539" /><F7/><W64/><G109/><T74/><D98/><U90/><E134/><V59/><F59/><W102/><G112/><T68/><D0/><U56/><E56/><V24/><BYE who="1" /><F24/><UN n1="%E5%A4%A9%E8%A1%8C%E8%80%85" /><W10/><G126/><T87/><D68/><N who="2" m="26154" /><F91/><W120/><G60/><T21/><D105/><U23/><E104/><V30/><F30/><W22/><G33/><T16/><D106/><U95/><E90/><V121/><F121/><W65/><G35/><T31/><D31/><U50/><E89/><V129/><F129/><W43/><G80/><T6/><D6/><U116/><E130/><V66/><F66/><W52/><G22/><T29/><D34/><U96/><E116/><V85/><F85/><W76/><G76/><N who="1" m="29290" /><E73/><V132/><F132/><W5/><G120/><T114/><D114/><U118/><E118/><V57/><F57/><W49/><G43/><AGARI ba="0,0" hai="8,13,17,39,43,44,92,93" m="26154,42539" machi="43" ten="30,2900,0" yaku="14,1,10,1" doraHai="63" who="2" fromWho="3" sc="430,0,211,0,54,29,305,-29" /><INIT seed="2,1,0,4,5,126" ten="430,211,83,276" oya="2" hai0="74,7,117,116,98,99,90,73,19,38,40,84,28" hai1="49,14,72,29,62,108,113,43,77,102,10,30,87" hai2="56,20,60,22,76,50,9,93,63,125,1,65,86" hai3="82,97,35,127,129,120,6,91,33,52,4,17,88"/><V85/><F125/><W118/><G127/><T130/><D7/><U94/><E72/><V51/><F1/><W58/><G118/><T103/><D28/><U13/><E113/><V64/><F9/><W89/><G120/><T21/><D38/><U15/><E108/><V128/><F93/><W106/><G82/><N who="0" m="49431" /><D40/><U26/><E62/><V122/><F122/><W110/><G110/><T32/><D32/><U80/><E26/><V92/><F92/><W123/><G123/><T8/><D8/><U48/><E10/><V68/><F76/><W42/><G42/><T59/><D59/><U47/><E49/><V41/><F41/><W67/><G67/><T18/><D18/><U46/><E46/><V100/><F100/><W114/><G114/><T121/><D121/><U11/><E11/><V71/><REACH who="2" step="1"/><F56/><REACH who="2" ten="430,211,73,276" step="2"/><W81/><G81/><T133/><D103/><U54/><E43/><V24/><F24/><W134/><G106/><T61/><D117/><U53/><E53/><V107/><F107/><W105/><G105/><T31/><D116/><U23/><E102/><V101/><F101/><W79/><G79/><T44/><D98/><U83/><E94/><V25/><F25/><W95/><G95/><T131/><D99/><U109/><E109/><V3/><F3/><W45/><G97/><T34/><D34/><U0/><E0/><V37/><F37/><W124/><G124/><T75/><D31/><N who="1" m="11787" /><E83/><V96/><F96/><W115/><G115/><T5/><D5/><N who="3" m="2153" /><G35/><T66/><D19/><AGARI ba="1,1" hai="13,14,15,19,23,47,48,54,77,80,87" m="11787" machi="19" ten="30,1000,0" yaku="8,1" doraHai="126" who="1" fromWho="0" sc="430,-13,211,23,73,0,276,0" /><INIT seed="3,0,0,0,4,40" ten="417,234,73,276" oya="3" hai0="17,50,77,103,2,130,55,33,38,35,93,21,25" hai1="47,111,88,9,23,101,6,83,123,12,59,34,44" hai2="28,131,15,78,14,71,46,26,116,19,91,98,3" hai3="100,51,82,87,73,10,128,18,45,129,114,5,37"/><W108/><G37/><T54/><D2/><U65/><E123/><V85/><F71/><W66/><G73/><T75/><D38/><U97/><E111/><V0/><F116/><W94/><G114/><T102/><D130/><N who="3" m="50281" /><G108/><T16/><D55/><U49/><E34/><V118/><F131/><W8/><G66/><T43/><D43/><U95/><E23/><V106/><F118/><W109/><G109/><T113/><D113/><U122/><E122/><V60/><F60/><W48/><G100/><T63/><D63/><N who="1" m="38143" /><E49/><V99/><F78/><N who="3" m="46551" /><G94/><T124/><D93/><U53/><E53/><V31/><F91/><W90/><G90/><T62/><D102/><U52/><E52/><V79/><F79/><W4/><G18/><T42/><D17/><U112/><E112/><V104/><F19/><W36/><G36/><T69/><D77/><U86/><AGARI ba="0,0" hai="6,9,12,44,47,83,86,88,95,97,101" m="38143" machi="86" ten="30,7900,0" yaku="8,1,52,2,54,1" doraHai="40" who="1" fromWho="1" sc="417,-20,234,79,73,-20,276,-39" owari="397,50.0,313,11.0,53,-45.0,237,-16.0" /></mjloggm>