<mjloggm ver="2.3"><GO type="169" lobby="0"/><UN n0="%EF%BC%A0%E3%81%BF%E3%82%84" n1="%E3%82%A6%E3%83%AB%E3%83%88%E3%83%A9%E7%AB%8B%E7%9B%B4" n2="%7A%6B%75%72%74" n3="%E3%82%86%E3%81%84%E3%81%A1%E3%82%83%E3%82%93%E3%81%AE%E3%83%91%E3%83%91" dan="17,17,17,17" rate="2169.98,2138.41,2200.33,2191.29" sx="F,M,M,M"/><TAIKYOKU oya="0"/><INIT seed="0,0,0,0,4,2" ten="250,250,250,250" oya="0" hai0="74,58,100,35,83,61,54,133,36,5,17,69,66" hai1="127,62,53,14,115,27,135,13,71,60,88,110,70" hai2="82,6,86,30,49,44,104,131,132,95,98,93,22" hai3="114,68,106,119,72,108,130,65,80,121,96,122,12"/><T56/><D133/><U118/><E118/><V7/><F132/><W73/><G12/><T0/><D35/><U48/><E135/><V29/><F104/><W16/><G119/><T103/><D36/><U101/><E101/><V15/><F131/><W109/><G114/><T19/><D69/><U9/><E27/><N who="2" m="16631" /><F30/><W57/><G57/><T42/><D42/><U111/><E48/><V107/><F107/><W123/><G16/><N who="0" m="6219" /><D74/><N who="3" m="28777" /><G130/><T34/><D34/><U79/><E53/><N who="2" m="29863" /><F15/><W47/><G47/><T21/><D0/><U31/><E31/><V38/><F38/><W90/><G65/><T117/><D117/><U97/><E115/><V11/><F11/><W45/><G45/><T99/><D21/><U85/><E9/><V18/><F18/><W40/><G68/><T64/><D64/><U87/><E71/><V124/><F124/><W32/><G32/><T39/><D39/><U128/><E127/><V129/><F129/><W63/><G40/><T81/><D66/><U116/><E70/><V28/><F28/><W126/><G126/><T77/><D56/><U92/><E128/><V67/><F67/><W24/><G24/><T51/><D51/><U4/><E116/><V43/><F43/><W75/><G63/><T50/><D50/><U134/><E134/><V120/><F120/><W113/><G113/><T46/><D61/><U25/><E62/><V10/><F10/><W37/><G37/><T1/><D54/><U105/><E60/><V94/><F98/><W20/><G20/><T8/><D99/><N who="1" m="57735" /><E25/><V59/><F59/><W102/><G75/><N who="0" m="43199" /><D58/><U89/><E14/><RYUUKYOKU ba="0,0" sc="250,-15,250,-15,250,15,250,15" hai2="6,7,82,86,93,94,95" hai3="80,90,96,102,106,108,109,121,122,123" /><INIT seed="1,1,0,1,5,22" ten="235,235,265,265" oya="1" hai0="99,122,125,104,25,131,91,89,10,67,24,80,62" hai1="7,70,42,34,35,103,48,82,79,113,61,130,45" hai2="0,5,69,88,81,97,29,132,37,3,117,71,127" hai3="90,36,56,58,135,95,114,111,20,115,40,21,64"/><U85/><E130/><V28/><F37/><W60/><G111/><T126/><D131/><U118/><E118/><V133/><F117/><W94/><G135/><N who="2" m="51785" /><F127/><N who="0" m="48650" /><D122/><U1/><E113/><V12/><F12/><W76/><G76/><T59/><D10/><U53/><E1/><N who="2" m="587" /><F5/><W98/><G36/><T33/><D33/><U26/><E7/><V87/><F97/><W49/><G114/><T27/><D80/><U16/><E103/><AGARI ba="1,0" hai="24,25,27,59,62,67,89,91,99,103,104" m="48650" machi="103" ten="30,7700,0" yaku="18,1,52,3" doraHai="22" who="0" fromWho="1" sc="235,80,235,-80,265,0,265,0" /><INIT seed="2,0,0,4,2,100" ten="315,155,265,265" oya="2" hai0="71,13,62,87,126,34,10,108,63,98,89,112,15" hai1="0,52,94,102,122,90,118,133,86,109,27,110,91" hai2="119,19,46,93,67,132,53,49,11,18,127,44,88" hai3="66,32,130,70,101,59,80,81,111,47,120,84,5"/><V36/><F119/><W17/><G120/><T78/><D112/><U41/><E0/><V97/><F127/><W43/><G32/><T60/><D34/><U125/><E41/><V31/><F132/><W38/><G111/><N who="1" m="42506" /><E118/><V65/><F31/><W135/><G130/><T72/><D126/><U6/><E125/><V106/><F106/><W64/><G135/><T82/><D71/><U117/><E117/><V113/><F113/><W8/><G70/><T116/><D116/><U54/><E133/><V77/><F77/><W114/><G114/><T75/><D108/><U23/><E6/><V68/><F68/><W103/><G17/><N who="2" m="6153" /><F36/><W58/><G43/><T26/><D26/><U57/><E122/><V30/><F30/><W40/><G40/><T21/><D21/><U39/><E39/><V24/><F24/><W25/><G25/><T1/><D1/><U74/><E74/><V56/><F11/><W14/><G38/><T3/><D3/><U96/><E90/><V50/><F44/><W131/><G47/><T22/><D22/><U105/><E57/><V35/><F35/><W128/><G5/><N who="0" m="3279" /><D15/><U45/><E45/><V69/><F69/><W92/><G8/><T76/><D76/><U134/><E134/><V99/><F99/><W123/><G14/><T28/><D28/><AGARI ba="0,0" hai="23,27,28,52,54,86,91,94,96,102,105" m="42506" machi="28" ten="30,3900,0" yaku="14,1,52,1,54,1" doraHai="100" who="1" fromWho="0" sc="315,-39,155,39,265,0,265,0" /><INIT seed="3,0,0,5,5,88" ten="276,194,265,265" oya="3" hai0="64,74,102,119,2,75,85,17,52,28,131,110,29" hai1="11,73,23,66,34,98,101,53,35,107,87,38,63" hai2="43,69,36,94,19,10,46,33,16,18,103,86,78" hai3="1,111,106,57,44,84,3,14,76,118,104,125,7"/><W49/><G118/><T97/><D119/><U0/><E73/><V116/><F116/><W121/><G121/><T48/><D2/><U5/><E38/><V27/><F69/><W50/><G125/><T122/><D122/><U134/><E134/><V108/><F108/><W42/><G111/><T123/><D110/><U20/><E53/><V62/><F62/><W68/><G68/><T109/><D123/><U95/><E34/><V132/><F132/><W60/><G50/><T13/><D131/><U96/><E87/><V80/><F10/><N who="3" m="4447" /><G104/><T124/><D124/><U25/><E35/><V115/><F115/><W41/><G106/><T9/><D64/><U128/><E128/><V120/><F120/><W4/><G4/><T114/><D114/><U59/><REACH who="1" step="1"/><E25/><REACH who="1" ten="276,184,265,265" step="2"/><V105/><F33/><W54/><G42/><T71/><D109/><U72/><E72/><V8/><F27/><W127/><G127/><T92/><D75/><U65/><E65/><V91/><F8/><W12/><G12/><T99/><D74/><U83/><E83/><AGARI ba="0,1" hai="1,3,41,44,49,54,57,60,76,83,84" m="4447" machi="83" ten="30,1500,0" yaku="25,1" doraHai="88" who="3" fromWho="1" sc="276,0,184,-15,265,0,265,25" /><INIT seed="3,1,0,2,4,6" ten="276,169,265,290" oya="3" hai0="35,46,111,75,128,64,33,115,114,10,58,120,84" hai1="70,52,102,15,133,82,100,23,7,31,121,90,107" hai2="134,4,106,37,77,5,124,49,62,65,73,20,125" hai3="55,68,56,96,127,97,94,79,3,130,108,67,78"/><W39/><G127/><T87/><D75/><U26/><E70/><V25/><F37/><W28/><G130/><T72/><D72/><U131/><E107/><V99/><F134/><W86/><G39/><T16/><D128/><U24/><E133/><V9/><F49/><W126/><G3/><T132/><D111/><U112/><E112/><N who="0" m="43049" /><D120/><U8/><E131/><V44/><F44/><W76/><G126/><T57/><D46/><U113/><E113/><V103/><F4/><W29/><G67/><T93/><D132/><U89/><E121/><V83/><F20/><W40/><G68/><T105/><D105/><U116/><E116/><V92/><F25/><W135/><G40/><T2/><D2/><U80/><E26/><V61/><F61/><W53/><G108/><T69/><D69/><U54/><E82/><V32/><F32/><N who="0" m="12362" /><D93/><U88/><REACH who="1" step="1"/><E80/><REACH who="1" ten="276,159,265,290" step="2"/><V51/><F106/><W47/><G135/><T118/><D118/><U30/><E30/><V109/><F109/><W91/><G29/><T95/><D95/><U48/><E48/><V36/><F51/><N who="3" m="28927" /><G28/><T42/><D42/><U45/><E45/><V1/><F36/><W98/><G78/><T13/><D58/><U122/><E122/><V63/><F63/><AGARI ba="1,1" hai="55,56,63,76,79,86,91,94,96,97,98" m="28927" machi="63" ten="30,1500,0" yaku="8,1" doraHai="6" who="3" fromWho="2" sc="276,0,159,0,265,-18,290,28" /><AGARI ba="1,0" hai="10,13,16,57,63,64,84,87" m="12362,43049" machi="63" ten="30,3900,0" yaku="11,1,52,1,54,1" doraHai="6" who="0" fromWho="2" sc="276,39,159,0,247,-39,318,0" /><INIT seed="3,2,0,3,3,61" ten="315,159,208,318" oya="3" hai0="121,97,29,33,55,129,2,39,40,123,69,115,99" hai1="15,11,56,104,42,36,84,60,64,19,114,80,103" hai2="58,130,57,90,94,53,21,95,83,10,14,128,109" hai3="47,50,20,48,92,118,0,106,3,30,88,86,135"/><W31/><G118/><T1/><D55/><U74/><E114/><V112/><F112/><W5/><G106/><T125/><D115/><U43/><E36/><V23/><F109/><W35/><G135/><T32/><D39/><U117/><E117/><V132/><F132/><W79/><G35/><T93/><D40/><U65/><E74/><V122/><F122/><W101/><G101/><T71/><D29/><U54/><E103/><V37/><F37/><W9/><G0/><T34/><D129/><N who="2" m="49770" /><F83/><W105/><G105/><T89/><D125/><U119/><E104/><V8/><F8/><W124/><G124/><T68/><REACH who="0" step="1"/><D99/><REACH who="0" ten="305,159,208,318" step="2"/><U45/><E119/><V133/><F133/><W134/><G30/><T38/><D38/><U24/><E43/><V96/><F53/><W73/><G31/><T22/><D22/><N who="1" m="13407" /><E42/><V91/><F23/><W110/><G20/><T100/><D100/><U98/><E45/><V113/><F21/><W13/><G47/><T76/><D76/><N who="1" m="46087" /><E98/><N who="2" m="57687" /><F113/><W6/><G134/><T16/><D16/><AGARI ba="2,1" hai="11,15,16,54,56,60,64,65" m="46087,13407" machi="16" ten="30,7700,0" yaku="8,1,52,2,54,1" doraHai="61" who="1" fromWho="0" sc="305,-83,159,93,208,0,318,0" /><AGARI ba="2,0" hai="10,14,16,57,58,91,95,96" m="57687,49770" machi="16" ten="30,2000,0" yaku="19,1,54,1" doraHai="61" who="2" fromWho="0" sc="222,-20,252,0,208,20,318,0" /><INIT seed="4,0,0,3,5,1" ten="202,252,228,318" oya="0" hai0="81,124,125,129,14,92,107,30,59,73,131,89,39" hai1="24,130,63,88,116,117,64,42,94,90,96,17,72" hai2="26,104,7,37,35,128,113,47,77,126,78,49,119" hai3="51,101,84,9,48,38,22,82,21,120,33,60,6"/><T118/><D39/><U83/><E130/><N who="0" m="49673" /><D30/><U28/><E42/><V0/><F128/><W55/><G33/><T132/><D59/><U71/><E17/><V31/><F37/><W134/><G134/><T114/><D114/><U40/><E40/><V122/><F122/><W106/><G38/><T2/><D2/><U56/><E71/><V53/><F104/><W3/><G60/><T34/><D34/><U12/><E12/><V98/><F113/><W108/><G51/><T36/><D36/><U5/><E5/><V133/><F133/><W4/><G108/><T95/><D132/><U86/><REACH who="1" step="1"/><E72/><REACH who="1" ten="202,242,228,318" step="2"/><V102/><F7/><W20/><G6/><T41/><D14/><U62/><E62/><V93/><F0/><W68/><G68/><T52/><D41/><U16/><E16/><V27/><F27/><W65/><G4/><T61/><D73/><U87/><E87/><V76/><F119/><W99/><G84/><N who="0" m="50319" /><D118/><U57/><E57/><V23/><F26/><W97/><G3/><T69/><D69/><U85/><E85/><V18/><F18/><W70/><G70/><T111/><D111/><U121/><E121/><V44/><F44/><W8/><G120/><T67/><D61/><U91/><E91/><V15/><F15/><W45/><G45/><T123/><D123/><U80/><E80/><V50/><F47/><W100/><G82/><T135/><D135/><U75/><E75/><V58/><F58/><W74/><G74/><T46/><D46/><U109/><E109/><V19/><F19/><W127/><G9/><T29/><D29/><U11/><E11/><RYUUKYOKU ba="0,1" sc="202,-10,242,30,228,-10,318,-10" hai1="24,28,56,63,64,83,86,88,90,94,96,116,117" /><INIT seed="5,1,1,3,3,72" ten="192,272,218,308" oya="1" hai0="51,91,27,39,119,64,44,121,125,30,101,96,13" hai1="109,60,54,22,133,86,128,16,107,110,26,103,85" hai2="94,12,76,129,111,70,97,0,67,28,52,89,8" hai3="120,5,37,88,33,41,14,95,90,18,32,42,20"/><U124/><E124/><V40/><F111/><N who="1" m="42505" /><E133/><V4/><F129/><W68/><G120/><T61/><D119/><U77/><E128/><V126/><F126/><W115/><G115/><T134/><D121/><U122/><E122/><V62/><F40/><W2/><G68/><T69/><D134/><U131/><E131/><V15/><F28/><W79/><G90/><T11/><D125/><U47/><E77/><V43/><F43/><W80/><G5/><T81/><D39/><U57/><E47/><V36/><F36/><W83/><G83/><T38/><D38/><U3/><E3/><V117/><F117/><W127/><G2/><T87/><D44/><U25/><E25/><V48/><REACH who="2" step="1"/><F76/><REACH who="2" ten="192,272,208,308" step="2"/><W23/><G127/><T99/><D51/><U31/><E31/><V106/><F106/><W104/><G104/><T19/><REACH who="0" step="1"/><D101/><REACH who="0" ten="182,272,208,308" step="2"/><U75/><E103/><V6/><F6/><W58/><G37/><T84/><D84/><U98/><E86/><V93/><F93/><W7/><G95/><T130/><D130/><U49/><E85/><V135/><F135/><W59/><G7/><T102/><D102/><N who="1" m="62935" /><E75/><V53/><F53/><W66/><G41/><T112/><D112/><U50/><AGARI ba="1,3" hai="16,22,26,49,50,54,57,60" m="62935,42505" machi="50" ten="30,3000,0" yaku="10,1,54,1" doraHai="72" who="1" fromWho="1" sc="182,-11,272,63,208,-11,308,-11" /><INIT seed="5,2,0,4,4,41" ten="171,335,197,297" oya="1" hai0="29,75,67,82,17,30,85,109,81,19,101,96,59" hai1="89,124,106,73,15,125,53,111,76,31,48,9,46" hai2="68,108,107,80,62,12,83,94,63,122,88,92,126" hai3="129,87,26,120,52,99,60,130,116,27,90,121,105"/><U102/><E31/><N who="0" m="11785" /><D109/><U57/><E111/><V44/><F107/><W35/><G116/><T28/><D75/><U112/><E112/><V23/><F122/><W114/><G35/><T115/><D115/><U39/><E102/><V0/><F0/><W123/><G114/><T118/><D118/><U51/><E106/><V7/><F108/><W1/><G1/><T71/><D71/><U54/><E39/><V86/><F126/><N who="1" m="48745" /><E89/><V11/><F68/><W49/><G60/><N who="2" m="23081" /><F80/><N who="3" m="49511" /><G99/><T135/><D28/><U128/><E128/><N who="3" m="49258" /><G105/><T97/><D135/><U66/><E66/><V5/><F5/><W84/><G84/><T70/><D70/><U93/><E73/><V104/><F104/><W16/><G16/><N who="0" m="6219" /><D101/><U20/><E76/><V110/><F110/><W95/><G95/><N who="2" m="36393" /><F23/><W37/><G37/><T132/><D132/><U77/><E93/><V22/><F22/><W36/><G36/><T64/><D82/><U47/><E77/><V72/><F72/><W42/><G42/><T6/><D6/><N who="1" m="3511" /><E20/><V127/><F127/><W21/><G21/><T32/><D32/><U134/><E134/><V61/><F61/><W50/><G26/><T58/><D67/><U8/><E8/><V10/><F11/><W34/><G27/><T65/><D65/><U3/><E3/><V40/><F40/><W133/><G34/><T100/><D64/><U4/><E4/><V18/><F7/><W131/><N who="3" m="49266" /><W13/><DORA hai="91" /><G133/><T2/><D2/><U14/><E14/><V98/><F98/><N who="0" m="37994" /><D100/><U25/><E25/><V74/><F74/><W117/><G120/><T38/><D38/><RYUUKYOKU ba="2,0" sc="171,10,335,10,197,10,297,-30" hai0="58,59,81,85" hai1="46,47,48,51,53,54,57" hai2="10,12,18,44,83,86,88" /><INIT seed="5,3,0,1,5,134" ten="181,345,207,267" oya="1" hai0="19,56,71,67,105,39,109,125,95,128,38,135,40" hai1="115,78,16,29,61,122,82,85,126,1,133,79,102" hai2="84,98,111,35,2,60,8,44,93,88,87,76,83" hai3="17,106,58,116,73,80,46,112,124,52,64,114,4"/><U6/><E122/><V26/><F111/><W20/><G106/><T7/><D105/><U130/><E29/><V59/><F44/><W65/><G116/><T3/><D3/><U99/><E6/><V24/><F35/><W89/><G46/><T97/><D7/><U127/><E1/><V21/><F2/><W77/><G4/><T104/><D104/><U103/><E133/><V27/><F8/><W101/><G101/><T23/><D109/><U41/><E41/><V30/><REACH who="2" step="1"/><F98/><REACH who="2" ten="181,345,197,267" step="2"/><W51/><G112/><T55/><D135/><U120/><E99/><V107/><F107/><W9/><G114/><T118/><D118/><U90/><E115/><V48/><F48/><W123/><G9/><T62/><D39/><U22/><E120/><V70/><F70/><W45/><G123/><T108/><D38/><U32/><E32/><V15/><F15/><W110/><G110/><T10/><D108/><U113/><E113/><V14/><F14/><W91/><G51/><N who="0" m="30847" /><D10/><U66/><E130/><V47/><F47/><W50/><G45/><T37/><D128/><U119/><E119/><V12/><F12/><W132/><G132/><T94/><D37/><U72/><E22/><V25/><F25/><W57/><G20/><T36/><D97/><U13/><E13/><V63/><F63/><W121/><G50/><T75/><D36/><U33/><E33/><V42/><F42/><W49/><G49/><T28/><D23/><U31/><E61/><V34/><F34/><W131/><G131/><T18/><D62/><U68/><E68/><V43/><F43/><W54/><G121/><RYUUKYOKU ba="3,1" sc="181,-10,345,-10,197,30,267,-10" hai2="21,24,26,27,30,59,60,76,83,84,87,88,93" /><INIT seed="6,4,1,3,3,128" ten="171,335,227,257" oya="2" hai0="7,125,61,131,69,129,113,56,4,39,83,121,5" hai1="118,108,89,88,12,36,97,126,134,60,107,82,17" hai2="45,98,55,100,104,110,119,46,40,72,84,9,66" hai3="15,27,14,70,21,123,63,33,20,86,105,59,120"/><V48/><F119/><W95/><G105/><T117/><D121/><U103/><E36/><V26/><F72/><W3/><G3/><T29/><D117/><U68/><E108/><V47/><F110/><W116/><G70/><T93/><D39/><U51/><E51/><V130/><F130/><N who="0" m="49674" /><D69/><U10/><E82/><V122/><F122/><W115/><G33/><T22/><D113/><U132/><E126/><V23/><F66/><W114/><G116/><T81/><D125/><U44/><E44/><V32/><F32/><W6/><G6/><N who="0" m="1539" /><T31/><DORA hai="54" /><D93/><U43/><E43/><V49/><F9/><W34/><G34/><T50/><D50/><U80/><E80/><N who="0" m="30793" /><D22/><U42/><E42/><V102/><F102/><W79/><G21/><T11/><D11/><U30/><E68/><V111/><F111/><W41/><G41/><T92/><D92/><U71/><E71/><V35/><F35/><W57/><G20/><T112/><D112/><U76/><E118/><V8/><F8/><W90/><G120/><T133/><D133/><U85/><E134/><V135/><F135/><W53/><G123/><T28/><D61/><U64/><E132/><V74/><F46/><W19/><G114/><T91/><D91/><N who="1" m="34891" /><E60/><V65/><F45/><W2/><G63/><T96/><D96/><U18/><E97/><V62/><F40/><W25/><G115/><T52/><D52/><U109/><E103/><V77/><F48/><W13/><G53/><T67/><D67/><U58/><E64/><V78/><F65/><W124/><G124/><T16/><D16/><U106/><E109/><RYUUKYOKU ba="4,1" sc="171,30,335,-10,227,-10,257,-10" hai0="28,29,31,56" /><INIT seed="7,5,1,1,4,133" ten="201,325,217,247" oya="3" hai0="1,39,3,106,37,134,18,120,56,84,30,44,68" hai1="73,6,50,104,24,75,92,78,65,14,101,114,20" hai2="32,105,29,36,27,25,115,49,79,33,51,128,69" hai3="21,41,94,99,102,11,46,5,74,93,127,108,58"/><W96/><G74/><T55/><D120/><U23/><E104/><V13/><F36/><W113/><G113/><T88/><D134/><U131/><E78/><V60/><F115/><W35/><G35/><T111/><D111/><U70/><E23/><V122/><F122/><W52/><G108/><T135/><D135/><U119/><E50/><V83/><F128/><W47/><G127/><T19/><D106/><U9/><E92/><V10/><F105/><W132/><G41/><T66/><D68/><U72/><E101/><V87/><F69/><W97/><G97/><T85/><D30/><U64/><E65/><V0/><F0/><W118/><G118/><T80/><D66/><U17/><E131/><V125/><F60/><N who="3" m="35911" /><G21/><T12/><D84/><U129/><E129/><V59/><F125/><W31/><G31/><T86/><D86/><U45/><E114/><V95/><F95/><W38/><G38/><N who="0" m="14347" /><D19/><U71/><E71/><V40/><F40/><W90/><G132/><T126/><D126/><U15/><E70/><V62/><F32/><W103/><G103/><T48/><D56/><U22/><E73/><V91/><F27/><W16/><G5/><T77/><D77/><U4/><E4/><N who="2" m="3271" /><F79/><W54/><G54/><T89/><D89/><U81/><E72/><V67/><F33/><W130/><G130/><T7/><D7/><U43/><E119/><V124/><F124/><W2/><G2/><T63/><D63/><U112/><E75/><V110/><F110/><W109/><G109/><T121/><D121/><U42/><E112/><V53/><F53/><W8/><G102/><RYUUKYOKU ba="5,1" sc="201,15,325,-15,217,15,247,-15" hai0="1,3,12,18,44,48,55,80,85,88" hai2="25,29,49,51,59,62,67,83,87,91" owari="216,-28.0,320,42.0,232,3.0,232,-17.0" /></mjloggm>