<mjloggm ver="2.3"><GO type="41" lobby="0"/><UN n0="%E3%81%84%E3%83%BC%E3%81%BF" n1="%E5%B0%B1%E6%B4%BB%E7%94%9F%40%E5%B7%9D%E6%9D%91%E8%BB%8D%E5%9B%A3" n2="%74%61%6B%6F%74%61%6B%6F" n3="%61%66%72%61%6E%63%68%65" dan="15,16,14,13" rate="1951.78,2090.86,1922.50,1813.85" sx="M,M,M,M"/><TAIKYOKU oya="0"/><INIT seed="0,0,0,1,3,120" ten="250,250,250,250" oya="0" hai0="2,115,135,16,111,62,32,30,85,130,41,76,14" hai1="92,4,75,133,55,43,66,108,42,20,124,48,123" hai2="31,63,122,105,70,21,29,24,13,110,39,19,44" hai3="15,8,84,88,58,131,107,77,22,103,114,65,69"/><T106/><D106/><U121/><E75/><V96/><F105/><W80/><G114/><T78/><D115/><U89/><E124/><V90/><F122/><W97/><G131/><T3/><D130/><U10/><E133/><V11/><F110/><W81/><G69/><T87/><D135/><U23/><E66/><V27/><F70/><W53/><G22/><T74/><D62/><U40/><E123/><V50/><F39/><W101/><G65/><T0/><D41/><U45/><E108/><V71/><F71/><W79/><G103/><T93/><D111/><U119/><E119/><V102/><F63/><W9/><G9/><T57/><D57/><U12/><REACH who="1" step="1"/><E121/><REACH who="1" ten="250,240,250,250" step="2"/><V68/><F68/><W38/><G38/><T25/><D74/><U125/><E125/><V112/><F112/><W5/><REACH who="3" step="1"/><G81/><REACH who="3" ten="250,240,250,240" step="2"/><T134/><D134/><U35/><E35/><V59/><F31/><W113/><G113/><T99/><D32/><U98/><AGARI ba="0,2" hai="4,10,12,20,23,40,42,43,45,48,55,89,92,98" machi="98" ten="30,4000,0" yaku="1,1,0,1,8,1,53,0" doraHai="120" doraHaiUra="54" who="1" fromWho="1" sc="250,-20,240,60,250,-10,240,-10" /><INIT seed="1,0,0,5,5,53" ten="230,300,240,230" oya="1" hai0="122,61,132,110,18,71,43,2,14,51,92,31,79" hai1="88,125,47,62,45,112,69,27,52,95,63,98,26" hai2="89,0,39,100,80,44,41,83,34,76,49,12,66" hai3="57,21,117,60,5,91,130,15,23,99,9,3,20"/><U87/><E112/><V133/><F34/><W55/><G117/><T22/><D2/><U84/><E69/><V81/><F0/><W86/><G130/><T102/><D110/><U93/><E125/><V124/><F124/><W11/><G99/><T109/><D132/><U54/><E98/><V58/><F133/><W106/><G106/><T119/><D109/><U135/><E135/><V36/><F100/><W121/><G121/><T65/><D122/><U37/><E37/><V48/><F76/><W116/><G116/><T105/><D105/><U64/><E64/><V46/><F12/><W120/><G120/><T33/><D119/><U30/><E30/><V29/><F29/><W40/><G40/><T59/><D79/><U127/><E127/><V42/><F89/><AGARI ba="0,0" hai="26,27,45,47,52,54,62,63,84,87,88,89,93,95" machi="89" ten="25,12000,1" yaku="22,2,8,1,54,2" doraHai="53" who="1" fromWho="2" sc="230,0,300,120,240,-120,230,0" /><INIT seed="1,1,0,1,0,124" ten="230,420,120,230" oya="1" hai0="119,44,127,25,84,104,26,48,91,71,59,15,17" hai1="94,114,130,36,129,61,72,0,87,49,22,101,95" hai2="54,67,107,120,122,128,52,35,19,69,29,115,41" hai3="134,7,12,34,116,89,57,97,75,133,135,58,100"/><U33/><E0/><V65/><F107/><N who="3" m="63887" /><G34/><T98/><D71/><U77/><E33/><V40/><F115/><W37/><G75/><T80/><D127/><U46/><E36/><V32/><F69/><W70/><G70/><T51/><D119/><U42/><E72/><V66/><F19/><W63/><G37/><T81/><D81/><N who="1" m="47535" /><E114/><V90/><F90/><W118/><G89/><T109/><D109/><U56/><E101/><V68/><F68/><W9/><G63/><T45/><D104/><U23/><E95/><V39/><F39/><W76/><G76/><T2/><D2/><U28/><E94/><V121/><F128/><N who="1" m="49257" /><E28/><V112/><F112/><W126/><G126/><T86/><D98/><U108/><E108/><V74/><F74/><W38/><G38/><T83/><D80/><U113/><E113/><V53/><REACH who="2" step="1"/><F29/><REACH who="2" ten="230,420,110,230" step="2"/><W78/><G78/><T125/><D91/><U31/><E31/><V117/><F117/><AGARI ba="1,1" hai="7,9,12,57,58,116,117,118,133,134,135" m="63887" machi="117" ten="40,2600,0" yaku="12,1,20,1" doraHai="124" who="3" fromWho="2" sc="230,0,420,0,110,-29,230,39" /><INIT seed="2,0,0,1,1,112" ten="230,420,81,269" oya="2" hai0="74,2,23,34,60,97,92,36,105,45,62,21,129" hai1="65,27,19,64,43,98,68,82,100,80,113,57,48" hai2="54,85,32,37,35,94,104,132,24,25,118,18,5" hai3="61,135,124,83,7,44,87,39,53,106,30,90,111"/><V14/><F37/><W89/><G111/><T50/><D74/><U42/><E68/><V93/><F104/><W128/><G128/><T119/><D36/><U38/><E38/><V20/><F118/><W59/><G135/><T41/><D34/><U114/><E114/><V115/><F115/><W95/><G124/><T99/><D2/><U121/><E113/><V3/><F132/><W91/><G106/><T101/><D129/><U72/><E121/><V1/><F54/><W66/><G7/><T67/><D119/><U8/><E72/><V4/><F85/><W17/><G30/><T63/><REACH who="0" step="1"/><D67/><REACH who="0" ten="220,420,81,269" step="2"/><U84/><E65/><V9/><F94/><W76/><G66/><T120/><D120/><U13/><E64/><V78/><F93/><W70/><G39/><T122/><D122/><U86/><E82/><V69/><F69/><W126/><G70/><T10/><D10/><U110/><E110/><V107/><F107/><W96/><G95/><T88/><AGARI ba="0,1" hai="21,23,41,45,50,60,62,63,88,92,97,99,101,105" machi="88" ten="30,4000,0" yaku="1,1,0,1,54,1,53,0" doraHai="112" doraHaiUra="127" who="0" fromWho="0" sc="220,50,420,-10,81,-20,269,-10" /><INIT seed="3,0,0,3,1,98" ten="270,410,61,259" oya="3" hai0="24,121,30,42,75,52,127,66,97,132,112,90,93" hai1="89,28,53,128,57,6,96,125,106,113,43,103,64" hai2="105,92,45,59,5,82,15,19,27,32,115,12,122" hai3="68,100,87,20,38,120,26,29,34,11,108,16,0"/><W50/><G120/><T41/><D121/><U83/><E113/><V39/><F122/><W85/><G68/><T51/><D75/><U133/><E125/><V135/><F105/><W72/><G38/><T84/><D127/><U61/><E133/><V31/><F115/><W58/><G72/><T9/><D132/><U63/><E128/><V10/><F135/><W14/><G108/><T77/><D66/><U80/><E43/><V95/><F39/><W48/><G100/><T67/><D67/><U46/><E6/><V40/><F82/><W22/><G22/><N who="0" m="15639" /><D9/><U131/><E131/><V94/><F59/><W88/><G58/><N who="0" m="33055" /><D112/><U134/><E134/><V35/><F40/><W123/><G123/><T13/><D13/><U116/><E116/><V56/><F56/><W119/><G119/><T60/><D60/><U54/><E28/><V47/><REACH who="2" step="1"/><F35/><REACH who="2" ten="270,410,51,259" step="2"/><W17/><G85/><T102/><D42/><U78/><E57/><V1/><F1/><W2/><G2/><T73/><D41/><U44/><E44/><V101/><F101/><W110/><G34/><T21/><D102/><U86/><E103/><V36/><F36/><W114/><G0/><T8/><D84/><U79/><E46/><V49/><F49/><W74/><G110/><T91/><D73/><U37/><E86/><V70/><F70/><W55/><G114/><T130/><D130/><U25/><E83/><V107/><F107/><W99/><G74/><T124/><D124/><U33/><E80/><V118/><F118/><W69/><G69/><T76/><D76/><U81/><E106/><V126/><F126/><RYUUKYOKU ba="0,1" sc="270,-10,410,-10,51,30,259,-10" hai2="5,10,12,15,19,27,31,32,45,47,92,94,95" /><INIT seed="4,1,1,1,1,35" ten="260,400,81,249" oya="0" hai0="42,72,11,37,97,41,39,61,93,112,74,26,119" hai1="130,15,9,80,109,95,14,88,85,106,71,101,2" hai2="18,129,8,47,54,73,34,79,55,59,5,29,28" hai3="63,1,135,105,38,111,90,70,25,118,13,114,19"/><T81/><D119/><U89/><E71/><V36/><F129/><W102/><G111/><T67/><D112/><U75/><E130/><V77/><F34/><W115/><G118/><T108/><D108/><U92/><E109/><V78/><F73/><W117/><G117/><T126/><D126/><U123/><E123/><V64/><F18/><W128/><G128/><T100/><D11/><U0/><E15/><V60/><F36/><W66/><G38/><T4/><D4/><U49/><E49/><V131/><F131/><W50/><G135/><T127/><D127/><U116/><E116/><V16/><F5/><W96/><G1/><T107/><D107/><U45/><E45/><V87/><F87/><W83/><G25/><T69/><D26/><U33/><E33/><V132/><F132/><W84/><REACH who="3" step="1"/><G50/><REACH who="3" ten="260,400,81,239" step="2"/><T3/><D3/><U51/><E2/><V134/><F134/><W17/><G17/><T32/><D37/><U23/><E0/><V122/><F122/><W124/><G124/><T68/><D39/><U98/><E14/><N who="2" m="7239" /><F47/><W6/><G6/><T103/><D32/><U91/><E51/><V76/><N who="2" m="19968" /><DORA hai="21" /><V24/><F24/><W43/><G43/><T121/><D41/><U120/><E120/><V56/><F59/><W82/><G82/><T125/><D81/><U10/><E80/><V62/><F62/><W65/><G65/><T12/><D61/><U57/><E57/><V48/><F48/><W44/><G44/><T53/><D121/><U7/><E7/><V113/><F113/><W133/><G133/><T104/><D72/><U20/><E75/><RYUUKYOKU ba="1,2" sc="260,-15,400,-15,81,15,239,15" hai2="28,29,54,55,56,60,64" hai3="13,19,63,66,70,83,84,90,96,102,105,114,115" /><INIT seed="5,2,2,1,5,85" ten="245,385,96,254" oya="1" hai0="69,135,74,22,58,46,118,126,33,2,94,76,43" hai1="100,63,44,103,39,50,120,14,124,17,41,61,19" hai2="62,114,72,121,115,73,3,96,95,109,21,5,104" hai3="53,132,88,91,90,32,133,106,119,82,37,92,128"/><U45/><E120/><V9/><F104/><W10/><G37/><T23/><D33/><U81/><E124/><V129/><F121/><W110/><G110/><T123/><D69/><U86/><E39/><V47/><F129/><W71/><G71/><T122/><D118/><U38/><E45/><V34/><F34/><W134/><G32/><T55/><D126/><U60/><E38/><V24/><F109/><W52/><G128/><T16/><D2/><U66/><E66/><V79/><F47/><W65/><G65/><T111/><D111/><U102/><REACH who="1" step="1"/><E14/><REACH who="1" ten="245,375,96,254" step="2"/><V20/><F24/><W105/><G119/><T64/><D46/><U131/><E131/><V13/><F3/><W84/><G10/><T48/><D64/><U80/><E80/><V56/><F79/><AGARI ba="2,3" hai="17,19,41,44,50,60,61,63,79,81,86,100,102,103" machi="79" ten="40,3900,0" yaku="1,1,8,1,53,0" doraHai="85" doraHaiUra="127" who="1" fromWho="2" sc="245,0,375,75,96,-45,254,0" /><INIT seed="5,3,0,5,4,44" ten="245,450,51,254" oya="1" hai0="87,101,14,7,32,33,126,25,97,83,121,29,27" hai1="22,53,46,65,59,10,66,49,91,119,64,4,62" hai2="110,73,115,118,15,36,109,69,38,123,78,17,2" hai3="131,89,41,55,0,120,79,63,127,24,99,52,18"/><U68/><E119/><V77/><F17/><W134/><G120/><T125/><D121/><U12/><E68/><V112/><F15/><W88/><G127/><T111/><D111/><U113/><E113/><V92/><F92/><N who="3" m="56711" /><G131/><T9/><D27/><U16/><REACH who="1" step="1"/><E91/><REACH who="1" ten="245,440,51,254" step="2"/><V61/><F78/><W34/><G79/><T57/><D125/><U104/><E104/><V96/><F77/><W70/><G89/><T105/><D126/><U56/><E56/><V94/><F96/><W67/><G70/><T102/><D105/><U108/><E108/><V6/><F94/><W3/><G134/><T133/><D97/><U124/><E124/><V122/><F73/><W72/><G72/><T48/><D133/><U103/><E103/><V86/><F69/><W130/><G130/><T84/><D102/><U107/><E107/><V54/><F86/><W45/><G0/><AGARI ba="3,1" hai="0,4,10,12,16,22,46,49,53,59,62,64,65,66" machi="0" ten="30,12000,1" yaku="1,1,7,1,52,1,54,1,53,1" doraHai="44" doraHaiUra="40" who="1" fromWho="3" sc="245,0,440,139,51,0,254,-129" /><INIT seed="5,4,0,1,2,127" ten="245,579,51,125" oya="1" hai0="96,128,92,132,124,71,11,62,48,17,28,59,70" hai1="6,118,104,82,51,87,131,123,57,8,49,9,69" hai2="31,133,63,98,64,77,84,73,60,27,38,110,3" hai3="114,1,55,111,52,47,15,120,54,78,20,41,119"/><U10/><E69/><V108/><F73/><W46/><G114/><T79/><D124/><U76/><E118/><V106/><F38/><W117/><G119/><T103/><D132/><U113/><E113/><V4/><F133/><W37/><G117/><T102/><D79/><U89/><E104/><V42/><F42/><W39/><G111/><T32/><D102/><U2/><E123/><V99/><F63/><W134/><G78/><T22/><D48/><U23/><E23/><V30/><F30/><W61/><G1/><T81/><D81/><U53/><E131/><V130/><F130/><W97/><G120/><T125/><D128/><U95/><REACH who="1" step="1"/><E49/><REACH who="1" ten="245,569,51,125" step="2"/><V14/><F106/><W43/><G20/><T45/><D125/><U101/><E101/><V16/><F110/><W0/><G134/><T5/><D71/><U44/><E44/><V34/><F108/><W12/><G0/><T109/><D70/><U66/><E66/><V74/><F64/><W85/><G85/><AGARI ba="4,1" hai="2,6,8,9,10,51,53,57,76,82,85,87,89,95" machi="85" ten="30,2900,0" yaku="1,1,7,1,53,0" doraHai="127" doraHaiUra="115" who="1" fromWho="3" sc="245,0,569,51,51,0,125,-41" /><INIT seed="5,5,0,2,2,35" ten="245,620,51,84" oya="1" hai0="128,112,125,68,111,124,4,85,117,134,16,65,108" hai1="0,78,93,119,61,23,135,120,42,52,3,24,6" hai2="20,84,32,38,33,90,102,50,75,121,116,56,12" hai3="87,40,126,2,95,27,51,130,104,54,91,5,29"/><U11/><E119/><V59/><F75/><W34/><G126/><T105/><D105/><U82/><E120/><V131/><F116/><W43/><G130/><T100/><D117/><U127/><E127/><V97/><F131/><W129/><G129/><T10/><D128/><U107/><E107/><V77/><F121/><W55/><G104/><T99/><D85/><U76/><E135/><V67/><F38/><W101/><G101/><T9/><D134/><U96/><E42/><V60/><F77/><W63/><G63/><T79/><D79/><U39/><E39/><V98/><F33/><W14/><G14/><T74/><D74/><U133/><E133/><V15/><F32/><W106/><G106/><T80/><D80/><U19/><E3/><V36/><F36/><W92/><G92/><T58/><D100/><U44/><E82/><V26/><F50/><W47/><REACH who="3" step="1"/><G43/><REACH who="3" ten="245,620,51,74" step="2"/><T7/><D124/><U37/><E61/><V48/><F60/><W122/><G122/><T25/><D125/><U17/><E24/><V88/><F15/><W123/><G123/><T30/><D25/><U64/><E6/><V72/><F12/><W110/><G110/><T46/><D4/><U103/><E0/><V114/><F26/><W113/><G113/><T118/><D7/><U70/><E11/><AGARI ba="5,1" hai="2,5,11,27,29,34,40,47,51,54,55,87,91,95" machi="11" ten="40,2600,0" yaku="1,1,52,1,53,0" doraHai="35" doraHaiUra="8" who="3" fromWho="1" sc="245,0,620,-41,51,0,74,51" /><INIT seed="6,0,0,1,4,93" ten="245,579,51,125" oya="2" hai0="71,59,124,15,80,121,117,56,135,61,131,76,79" hai1="128,105,108,66,96,12,57,81,82,101,22,43,125" hai2="97,102,103,37,122,27,52,62,30,24,31,100,75" hai3="47,29,7,114,123,64,98,14,8,119,94,106,73"/><V3/><F75/><W55/><G119/><T70/><D121/><U72/><E108/><V89/><F37/><W67/><G123/><T69/><D117/><U11/><E125/><V16/><F3/><W118/><G118/><T133/><D124/><U110/><E110/><V2/><F2/><W129/><G129/><T17/><D131/><U58/><E128/><V99/><F122/><W23/><G114/><T48/><D48/><U90/><E43/><V130/><F130/><W78/><G106/><T111/><D111/><U54/><E22/><N who="2" m="13383" /><F27/><W86/><G73/><T134/><D80/><U132/><E66/><V6/><F6/><W113/><G113/><T120/><D120/><U41/><E41/><V88/><F89/><W19/><G47/><T10/><D59/><U85/><E132/><V0/><F0/><W13/><G29/><N who="2" m="10761" /><F88/><N who="3" m="55623" /><G55/><AGARI ba="0,0" hai="10,15,17,55,56,61,69,70,71,76,79,133,134,135" machi="55" ten="50,1600,0" yaku="20,1" doraHai="93" who="0" fromWho="3" sc="245,16,579,0,51,0,125,-16" /><INIT seed="7,0,0,3,3,31" ten="261,579,51,109" oya="3" hai0="104,20,102,52,30,74,3,11,131,2,49,87,126" hai1="70,114,24,85,94,123,93,21,101,47,28,10,15" hai2="86,125,42,73,92,66,132,43,118,95,122,53,44" hai3="111,51,17,103,33,120,72,62,96,68,23,80,81"/><W46/><G120/><T16/><D74/><U27/><E70/><V91/><F122/><W1/><G1/><T54/><D54/><U8/><E123/><V105/><F105/><W135/><G135/><T133/><D133/><U83/><E114/><V56/><F118/><W128/><G128/><T4/><D131/><U127/><E127/><V90/><F73/><W106/><G111/><T130/><D126/><U113/><E113/><V9/><F132/><W45/><G72/><T55/><D55/><U57/><E47/><V7/><F125/><W110/><G110/><T50/><D50/><U77/><E27/><V48/><F66/><W108/><G108/><T61/><D61/><U36/><E36/><V35/><F35/><W41/><G33/><T82/><D30/><U121/><E121/><V25/><F25/><W71/><G71/><T117/><D3/><U84/><E57/><V34/><F34/><W124/><G124/><T129/><D117/><U88/><E15/><V14/><REACH who="2" step="1"/><F44/><REACH who="2" ten="261,579,41,109" step="2"/><W38/><G46/><T112/><D112/><U37/><E37/><V76/><F76/><W58/><G38/><T40/><D129/><U29/><E29/><V69/><F69/><W19/><G68/><T119/><D119/><U26/><E26/><V100/><F100/><W64/><REACH who="3" step="1"/><G17/><REACH who="3" ten="261,579,41,99" step="2"/><T60/><D130/><U89/><E101/><V116/><F116/><W5/><G5/><T97/><D4/><U134/><E134/><V22/><F22/><W32/><G32/><T78/><D102/><U63/><E21/><V99/><AGARI ba="0,2" hai="7,9,14,42,43,48,53,56,86,90,91,92,95,99" machi="99" ten="20,5200,0" yaku="1,1,0,1,7,1,8,1,53,0" doraHai="31" doraHaiUra="12" who="2" fromWho="2" sc="261,-13,579,-13,41,72,99,-26" owari="248,5.0,566,67.0,113,-29.0,73,-43.0" /></mjloggm>