<mjloggm ver="2.3"><GO type="169" lobby="0"/><UN n0="%E8%82%89%E2%98%86%E6%A3%92%E5%A4%AA%E9%83%8E" n1="%E3%82%A6%E3%83%AB%E3%83%88%E3%83%A9%E7%AB%8B%E7%9B%B4" n2="%E3%83%A2%E3%83%A8%E3%82%B3" n3="%E3%83%89%E3%82%A4%E3%83%AB" dan="16,17,16,16" rate="2095.59,2128.61,2106.54,2059.21" sx="M,M,M,M"/><TAIKYOKU oya="0"/><INIT seed="0,0,0,0,1,45" ten="250,250,250,250" oya="0" hai0="71,70,24,41,27,102,34,39,6,88,121,48,59" hai1="73,63,8,31,66,11,3,89,38,83,94,25,19" hai2="4,112,127,80,0,81,77,26,120,33,69,108,52" hai3="129,55,65,128,16,116,68,21,97,104,28,32,17"/><T30/><D121/><U1/><E38/><V87/><F112/><W49/><G116/><T124/><D102/><U103/><E103/><V58/><F69/><W90/><G65/><T47/><D27/><U123/><E123/><V100/><F120/><W29/><G68/><T101/><D101/><U18/><E83/><V74/><F108/><W98/><G32/><T115/><D115/><U61/><E73/><V36/><F36/><W92/><G104/><T76/><D76/><U84/><E63/><V125/><F100/><W54/><G98/><T60/><D6/><U122/><E122/><V78/><F4/><W106/><G106/><T132/><D124/><U46/><E46/><V43/><F43/><W82/><G82/><T10/><D10/><U96/><E96/><V114/><F0/><W111/><G111/><T75/><D75/><U134/><E134/><V35/><F114/><W40/><G40/><T119/><D132/><U117/><E117/><V126/><REACH who="2" step="1"/><F26/><REACH who="2" ten="250,250,240,250" step="2"/><W62/><G129/><T131/><D39/><U56/><E1/><V14/><F14/><W133/><G128/><T135/><D135/><U44/><E3/><V23/><F23/><W93/><G133/><T5/><D5/><U2/><E2/><V15/><F15/><W50/><G21/><T130/><D119/><U95/><E11/><V72/><F72/><W67/><G67/><N who="0" m="39327" /><D130/><U110/><E8/><V109/><F109/><W13/><G13/><T79/><D131/><U107/><E110/><V37/><F37/><W20/><G20/><N who="0" m="15623" /><D71/><U118/><E118/><V99/><F99/><W85/><G97/><RYUUKYOKU ba="0,1" sc="250,-10,250,-10,240,30,250,-10" hai2="33,35,52,58,74,77,78,80,81,87,125,126,127" /><INIT seed="1,1,1,4,5,49" ten="240,240,270,240" oya="1" hai0="106,30,8,109,89,107,85,81,33,93,16,134,39" hai1="118,35,91,84,45,24,15,6,34,57,20,95,62" hai2="94,31,19,112,5,73,52,67,22,2,125,117,63" hai3="114,130,103,18,59,17,101,46,90,43,132,69,80"/><U26/><E118/><V40/><F117/><W97/><G114/><T50/><D39/><U110/><E110/><V64/><F112/><W88/><G69/><T66/><D109/><U51/><E35/><V102/><F73/><W86/><G132/><T128/><D134/><U99/><E34/><V116/><F31/><W68/><G68/><T9/><D128/><U54/><E99/><V0/><F40/><W13/><G59/><T37/><D66/><U4/><E15/><V129/><F125/><W75/><G75/><T23/><D37/><U55/><E26/><V65/><F5/><W119/><G119/><T92/><D9/><U123/><E123/><V72/><F72/><W124/><G124/><T14/><D33/><U77/><E77/><V100/><F100/><W87/><G130/><T25/><D106/><U47/><E47/><V7/><F7/><W79/><G87/><T53/><D107/><U3/><E3/><V113/><F113/><W11/><G18/><AGARI ba="1,1" hai="4,6,18,20,24,45,51,54,55,57,62,84,91,95" machi="18" ten="30,11600,0" yaku="7,1,8,1,52,2" doraHai="49" who="1" fromWho="3" sc="240,0,240,129,270,0,240,-119" /><INIT seed="1,2,0,1,5,82" ten="240,369,270,121" oya="1" hai0="29,21,109,91,46,59,56,62,75,76,112,69,110" hai1="132,96,107,10,50,49,14,92,1,40,43,30,24" hai2="61,15,83,20,87,4,79,121,35,60,19,48,97" hai3="5,47,16,100,103,3,51,39,0,129,73,81,53"/><U104/><E1/><V99/><F121/><W9/><G129/><T85/><D112/><U11/><E132/><V54/><F35/><W55/><G0/><T8/><D46/><U66/><E66/><V122/><F4/><W98/><G39/><T95/><D8/><U127/><E127/><V123/><F123/><W113/><G113/><T32/><D32/><U88/><E107/><V71/><F122/><W44/><G103/><T27/><D75/><U101/><E101/><V38/><F38/><W57/><G55/><T63/><D76/><U111/><E104/><V67/><REACH who="2" step="1"/><F61/><REACH who="2" ten="240,369,260,121" step="2"/><W86/><G73/><T131/><D131/><U102/><E111/><N who="0" m="42505" /><D69/><U117/><E117/><V94/><F94/><W26/><G26/><T58/><AGARI ba="2,1" hai="21,27,29,56,58,59,62,63,85,91,95" m="42505" machi="58" ten="30,2000,0" yaku="14,1,52,1" doraHai="82" who="0" fromWho="0" sc="240,36,369,-12,260,-7,121,-7" /><INIT seed="2,0,0,0,1,99" ten="276,357,253,114" oya="2" hai0="27,113,70,107,128,63,116,130,112,19,21,54,41" hai1="77,38,90,103,13,24,65,69,14,105,2,31,29" hai2="34,49,0,126,12,66,20,124,46,108,35,133,125" hai3="80,95,96,56,114,106,79,91,131,93,23,52,74"/><V134/><F0/><W25/><G114/><T32/><D107/><U101/><E38/><V97/><F66/><W5/><G131/><N who="0" m="50219" /><D41/><U76/><E90/><V50/><F108/><W45/><G5/><T7/><D32/><U88/><E88/><V17/><F97/><W73/><G45/><T28/><D54/><U120/><E24/><V11/><F11/><W61/><G106/><T18/><D7/><U39/><E39/><V117/><F117/><W87/><REACH who="3" step="1"/><G95/><REACH who="3" ten="276,357,253,104" step="2"/><T92/><D92/><U94/><E94/><V8/><F46/><W22/><G22/><T82/><D116/><U47/><E47/><V115/><F20/><W132/><G132/><N who="2" m="50793" /><F115/><W53/><G53/><T83/><D112/><U102/><E105/><V57/><F35/><W127/><G127/><T26/><D113/><U109/><E109/><V110/><F34/><W89/><G89/><T135/><D135/><U36/><E120/><V72/><F110/><W15/><G15/><T42/><D42/><U84/><E14/><V33/><F33/><W30/><AGARI ba="0,1" hai="23,25,30,52,56,61,73,74,79,80,87,91,93,96" machi="30" ten="20,5200,0" yaku="1,1,0,1,7,1,54,1,53,0" doraHai="99" doraHaiUra="111" who="3" fromWho="3" sc="276,-13,357,-13,253,-26,104,62" /><INIT seed="3,0,0,0,2,94" ten="263,344,227,166" oya="3" hai0="56,124,39,26,24,46,101,100,112,117,37,60,63" hai1="120,12,22,19,4,17,11,53,87,109,13,95,90" hai2="104,88,55,15,111,16,64,85,74,132,68,108,83" hai3="54,9,110,58,25,70,47,21,73,98,62,23,93"/><W86/><G73/><T105/><D117/><U38/><E38/><V107/><F132/><W45/><G70/><T41/><D124/><U79/><E120/><V121/><F74/><W28/><G110/><N who="2" m="42025" /><F121/><W80/><G9/><T7/><D112/><U32/><E32/><V3/><F3/><W127/><G127/><T30/><D7/><U36/><E36/><V72/><F72/><W20/><G45/><T14/><D14/><U6/><E109/><V76/><F76/><W27/><G47/><T134/><D134/><U71/><E71/><V61/><F55/><W123/><G123/><T0/><D0/><U114/><E114/><V75/><F75/><W66/><G66/><T48/><D26/><U77/><E53/><V133/><F133/><W131/><G131/><T52/><D63/><U43/><E43/><V81/><F81/><W97/><G25/><T103/><REACH who="0" step="1"/><D105/><REACH who="0" ten="253,344,227,166" step="2"/><U34/><E4/><V115/><F115/><W1/><G1/><T18/><D18/><N who="1" m="10575" /><E34/><AGARI ba="0,1" hai="24,30,34,37,39,41,46,48,52,56,60,100,101,103" machi="34" ten="40,2600,0" yaku="1,1,54,1,53,0" doraHai="94" doraHaiUra="102" who="0" fromWho="1" sc="253,36,344,-26,227,0,166,0" /><INIT seed="4,0,0,4,5,24" ten="289,318,227,166" oya="0" hai0="126,73,22,69,79,108,70,20,113,123,95,60,2" hai1="57,114,54,4,127,64,119,67,49,3,65,0,26" hai2="78,29,19,101,58,94,98,10,77,35,81,121,107" hai3="132,34,41,8,120,43,72,30,84,129,44,68,99"/><T91/><D2/><U112/><E119/><V133/><F121/><W110/><G110/><T38/><D123/><U56/><E4/><V90/><F133/><W18/><G120/><T53/><D38/><U124/><E3/><V12/><F58/><N who="1" m="22633" /><E26/><V97/><REACH who="2" step="1"/><F81/><REACH who="2" ten="289,318,217,166" step="2"/><W21/><G68/><T1/><D70/><U9/><E0/><V89/><F89/><W104/><G132/><T87/><D69/><U13/><E13/><V42/><F42/><W125/><G41/><T103/><D1/><U76/><E76/><V130/><F130/><W131/><G43/><T100/><D79/><U93/><E124/><V11/><F11/><W50/><G8/><T61/><D91/><U92/><E9/><V47/><F47/><W102/><G125/><T17/><D126/><U31/><E127/><V86/><F86/><W48/><G84/><T36/><D87/><U23/><E114/><V6/><F6/><W111/><G72/><T62/><D73/><U115/><E112/><V40/><F40/><W37/><G44/><T5/><D5/><U59/><E115/><V28/><F28/><W15/><G131/><T122/><D113/><U117/><E117/><V128/><F128/><W45/><G129/><T32/><D122/><U55/><E55/><V116/><F116/><W109/><G109/><T105/><D53/><U14/><E31/><V51/><F51/><W135/><G111/><T71/><D108/><U83/><E83/><V25/><AGARI ba="0,1" hai="10,12,19,25,29,35,77,78,90,94,97,98,101,107" machi="25" ten="30,4000,0" yaku="1,1,0,1,52,1,53,0" doraHai="24" doraHaiUra="52" who="2" fromWho="2" sc="289,-20,318,-10,217,50,166,-10" /><INIT seed="5,0,0,3,3,57" ten="269,308,267,156" oya="1" hai0="9,96,70,67,42,62,30,53,51,72,66,24,98" hai1="78,22,29,101,20,109,103,28,21,17,94,84,23" hai2="63,41,39,102,122,115,16,50,107,19,5,99,130" hai3="118,104,47,106,127,91,83,125,90,38,119,128,81"/><U46/><E109/><V14/><F39/><W52/><G47/><T2/><D72/><U74/><E74/><V120/><F130/><W132/><G38/><T134/><D42/><U32/><E32/><V12/><F115/><W82/><G52/><T76/><D134/><U71/><E71/><V86/><F5/><W48/><G48/><T10/><D76/><U133/><E133/><V69/><F86/><W123/><G132/><T55/><D67/><U37/><E37/><V95/><F107/><N who="3" m="41003" /><G123/><T114/><D114/><U49/><E29/><V75/><F75/><W111/><G111/><T65/><D66/><U97/><E28/><V87/><F87/><W58/><G58/><T60/><D9/><U25/><E84/><V92/><F69/><W85/><G128/><T117/><D117/><N who="3" m="44553" /><G85/><T135/><D135/><U77/><E49/><V113/><F50/><W121/><G121/><T68/><D10/><U40/><E46/><V4/><F113/><W15/><G15/><T79/><D2/><U61/><E40/><V131/><F12/><W27/><G27/><T36/><D51/><U73/><E73/><V124/><F14/><W45/><G45/><T64/><D36/><U26/><E61/><V33/><F63/><W56/><G56/><T116/><D116/><U88/><E26/><V6/><F41/><W31/><G31/><T13/><D30/><U0/><E0/><V129/><F129/><W105/><N who="3" m="41011" /><W18/><DORA hai="44" /><G18/><T11/><D24/><U80/><E78/><V112/><F131/><W89/><AGARI ba="0,0" hai="81,82,83,89,90,91,125,127" m="44553,41011" machi="89" ten="60,8000,1" yaku="28,2,12,1,34,2" doraHai="57,44" who="3" fromWho="3" sc="269,-20,308,-40,267,-20,156,80" /><INIT seed="6,0,0,5,4,48" ten="249,268,247,236" oya="2" hai0="12,57,86,124,68,56,2,115,125,14,36,98,29" hai1="23,128,53,113,90,69,77,17,63,111,51,8,40" hai2="25,116,107,71,19,123,60,34,32,9,38,114,13" hai3="65,131,20,58,27,118,45,94,100,52,6,106,132"/><V133/><F107/><W10/><G118/><T79/><D2/><U61/><E69/><V37/><F37/><W54/><G106/><T73/><D36/><U130/><E77/><V93/><F38/><W119/><G119/><T55/><D68/><U85/><E40/><V120/><F116/><W103/><G132/><T75/><D29/><U92/><E8/><V31/><F93/><W126/><G126/><N who="0" m="48747" /><D98/><U43/><E43/><V0/><F60/><N who="3" m="38039" /><G131/><N who="1" m="50218" /><E111/><V76/><F76/><W16/><G45/><T3/><D115/><U59/><E113/><V105/><F105/><W67/><G67/><T97/><D57/><U108/><E108/><V88/><F71/><W24/><G24/><AGARI ba="0,0" hai="17,23,24,51,53,59,61,63,85,90,92" m="50218" machi="24" ten="30,2000,0" yaku="19,1,52,1" doraHai="48" who="1" fromWho="3" sc="249,0,268,20,247,0,236,-20" /><INIT seed="7,0,0,4,2,87" ten="249,288,247,216" oya="3" hai0="60,44,128,63,118,32,66,73,41,83,24,105,25" hai1="52,116,103,7,48,82,126,72,76,53,132,45,121" hai2="101,123,15,67,84,31,56,75,127,0,28,80,92" hai3="109,113,35,122,95,86,23,131,108,124,47,59,11"/><W130/><G122/><T46/><D118/><U18/><E121/><V114/><F0/><W129/><G113/><T120/><D120/><U111/><E111/><N who="3" m="42570" /><G124/><T57/><D128/><U98/><E132/><V21/><F123/><W3/><G35/><T69/><D105/><U12/><E7/><V93/><F75/><W34/><G34/><T50/><D32/><U19/><E126/><V91/><F114/><W5/><G47/><T40/><D73/><U33/><E33/><V20/><F127/><W99/><G86/><T74/><D74/><U43/><E19/><N who="2" m="10367" /><F21/><W29/><G59/><T14/><D14/><U42/><E42/><V54/><F67/><W55/><G55/><T102/><D102/><U13/><E13/><V94/><F101/><N who="3" m="60671" /><G23/><T106/><D83/><U36/><E116/><V133/><F133/><W27/><G27/><T58/><D106/><U100/><E53/><V2/><F2/><W110/><N who="3" m="42578" /><W85/><DORA hai="62" /><G85/><T78/><D78/><U38/><E43/><V22/><F22/><W115/><G115/><T10/><D10/><U104/><E100/><V117/><F117/><W1/><G1/><T97/><D97/><U17/><E17/><V68/><F68/><W30/><AGARI ba="0,0" hai="3,5,11,29,30,129,130,131" m="60671,42578" machi="30" ten="50,4800,0" yaku="19,1,10,1" doraHai="87,62" who="3" fromWho="3" sc="249,-16,288,-16,247,-16,216,48" /><INIT seed="7,1,0,4,3,39" ten="233,272,231,264" oya="3" hai0="16,8,86,47,40,56,67,42,59,72,90,81,79" hai1="44,68,11,119,82,0,54,10,103,17,62,97,110" hai2="84,74,28,19,128,100,129,105,96,120,130,38,21" hai3="58,127,35,131,23,36,24,134,31,14,89,125,63"/><W75/><G134/><T51/><D67/><U98/><E110/><V124/><F74/><W37/><G75/><T77/><D42/><U20/><E0/><V93/><F124/><N who="3" m="47691" /><G131/><T46/><D46/><U108/><E68/><V12/><F120/><W4/><G89/><T60/><D72/><U99/><E103/><V32/><F38/><W64/><G4/><T87/><D60/><U109/><E108/><V71/><F71/><W94/><G94/><T29/><D29/><U7/><E7/><V34/><REACH who="2" step="1"/><F28/><REACH who="2" ten="233,272,221,264" step="2"/><W15/><G35/><T45/><D79/><U53/><E109/><V49/><F49/><W95/><G36/><T92/><REACH who="0" step="1"/><D47/><REACH who="0" ten="223,272,221,264" step="2"/><U112/><E44/><V115/><F115/><W106/><G37/><T50/><D50/><U30/><E30/><V101/><F101/><W88/><G106/><T126/><D126/><U133/><E112/><V91/><AGARI ba="1,2" hai="12,19,21,32,34,84,91,93,96,100,105,128,129,130" machi="91" ten="40,5200,0" yaku="1,1,0,1,19,1,53,0" doraHai="39" doraHaiUra="26" who="2" fromWho="2" sc="223,-14,272,-14,221,75,264,-27" /><INIT seed="8,0,0,4,3,121" ten="209,258,296,237" oya="0" hai0="109,28,27,50,73,78,68,84,12,51,53,112,80" hai1="7,119,76,92,128,135,133,13,34,44,54,32,59" hai2="10,95,110,39,43,46,31,70,16,71,105,24,91" hai3="48,57,120,98,42,132,56,111,17,123,67,115,102"/><T69/><D112/><U45/><E76/><V63/><F110/><W129/><G111/><T87/><D12/><U89/><E128/><V3/><F105/><W90/><G129/><T101/><D101/><U66/><E66/><V52/><F52/><N who="3" m="31751" /><G115/><T41/><D109/><U4/><E119/><V83/><F83/><W100/><G42/><T86/><D41/><U103/><E103/><V65/><F70/><W36/><G36/><T117/><D117/><U62/><E34/><V40/><F40/><W113/><G113/><T74/><D74/><U2/><E32/><V85/><F16/><W124/><G124/><T49/><REACH who="0" step="1"/><D53/><REACH who="0" ten="199,258,296,237" step="2"/><U58/><E13/><V38/><F43/><W1/><G1/><T33/><AGARI ba="0,1" hai="27,28,33,49,50,51,68,69,73,78,80,84,86,87" machi="33" ten="30,6000,0" yaku="1,1,2,1,0,1,53,0" doraHai="121" doraHaiUra="19" who="0" fromWho="0" sc="199,70,258,-20,296,-20,237,-20" /><INIT seed="8,1,0,3,4,59" ten="269,238,276,217" oya="0" hai0="103,107,2,12,17,13,25,95,123,16,117,57,47" hai1="62,30,53,10,97,80,70,98,132,69,3,26,65" hai2="40,24,4,110,84,46,125,77,32,35,129,55,131" hai3="29,66,118,44,38,31,19,112,92,0,6,82,52"/><T22/><D107/><U105/><E70/><V134/><F110/><W37/><G112/><T113/><D2/><U5/><E132/><V23/><F134/><W76/><G118/><T8/><D113/><U99/><E80/><N who="2" m="47119" /><F125/><W18/><G66/><T81/><D123/><U60/><E53/><V73/><F4/><W115/><G115/><T34/><D117/><U126/><E126/><V9/><F9/><N who="3" m="2247" /><G92/><T133/><D133/><U128/><E62/><V20/><F55/><W71/><G71/><T7/><D47/><U63/><E63/><V61/><F61/><W39/><G52/><T72/><D34/><N who="2" m="12842" /><F24/><W114/><G114/><T91/><D72/><U75/><E75/><V90/><F90/><W108/><G108/><T79/><D103/><U130/><REACH who="1" step="1"/><E105/><REACH who="1" ten="269,228,276,217" step="2"/><V11/><F73/><N who="3" m="43279" /><G37/><T111/><D111/><U88/><E88/><V33/><F40/><N who="3" m="22551" /><G39/><T96/><D81/><U93/><E93/><V41/><F41/><W87/><G87/><T122/><D122/><U119/><E119/><V102/><F102/><W135/><G135/><T36/><D36/><U94/><E94/><V21/><F129/><W78/><G78/><T51/><D51/><U1/><E1/><V121/><F131/><W56/><G56/><T104/><D104/><U49/><E49/><V109/><F109/><W124/><G124/><T68/><D57/><U43/><E43/><V67/><F121/><W48/><G48/><T83/><D68/><U54/><E54/><V64/><F64/><W42/><G42/><T27/><D83/><U100/><E100/><V74/><F67/><W28/><AGARI ba="1,1" hai="18,19,28,29,31" m="22551,43279,2247" machi="28" ten="30,2000,0" yaku="5,1,25,1" doraHai="59" who="3" fromWho="3" sc="269,-11,228,-6,276,-6,217,33" /><INIT seed="9,0,0,2,2,0" ten="258,222,270,250" oya="1" hai0="4,60,65,105,127,20,122,46,70,116,110,96,17" hai1="102,71,61,36,88,85,47,39,5,13,69,16,134" hai2="75,49,91,11,99,22,101,67,120,95,62,10,54" hai3="1,6,55,63,48,31,108,118,72,28,57,41,123"/><U18/><E71/><V126/><F126/><W56/><G108/><T43/><D110/><U64/><E102/><V81/><F120/><W23/><G123/><T37/><D116/><U80/><E134/><V112/><F112/><W68/><G72/><T27/><D127/><U2/><E2/><V76/><F22/><W92/><G68/><T130/><D122/><U38/><REACH who="1" step="1"/><E47/><REACH who="1" ten="258,212,270,250" step="2"/><V103/><F103/><W32/><G118/><T121/><D121/><U117/><E117/><V50/><F101/><W30/><G32/><T25/><D105/><U90/><E90/><V89/><F89/><W83/><G1/><T40/><D46/><U74/><E74/><V12/><F91/><W14/><G83/><T135/><D70/><U42/><E42/><V115/><F81/><W29/><G41/><T128/><D43/><U100/><E100/><V51/><F75/><W131/><G92/><T21/><D40/><U3/><E3/><V106/><F95/><W35/><G35/><T77/><D135/><U104/><E104/><V53/><F106/><W111/><G111/><T9/><D128/><U113/><E113/><V82/><F82/><W58/><G131/><T52/><D130/><U133/><E133/><V114/><F114/><W33/><G33/><T66/><D37/><U7/><E7/><V98/><F115/><W79/><G6/><T125/><D125/><U124/><E124/><V132/><F132/><W84/><G58/><T45/><D45/><U97/><E97/><V78/><F99/><W94/><G94/><T119/><D96/><U86/><E86/><V73/><F98/><RYUUKYOKU ba="0,1" sc="258,-10,212,30,270,-10,250,-10" hai1="5,13,16,18,36,38,39,61,64,69,80,85,88" /><INIT seed="9,1,1,5,3,58" ten="248,242,260,240" oya="1" hai0="64,99,17,27,98,76,83,92,54,117,102,123,133" hai1="62,7,47,124,66,107,128,85,130,126,32,132,19" hai2="35,88,131,34,15,109,46,121,13,67,104,23,50" hai3="14,53,96,18,49,68,16,38,105,115,10,110,8"/><U125/><E107/><V118/><F109/><W84/><G110/><T41/><D133/><U108/><E108/><V2/><F118/><W51/><G115/><T134/><D134/><U129/><E132/><V122/><F2/><W57/><G38/><T5/><D117/><U86/><E32/><V4/><F104/><W127/><G68/><T93/><D41/><U101/><E101/><V111/><F111/><W30/><G30/><T29/><D5/><U40/><E19/><V95/><F67/><W9/><G127/><T73/><D17/><N who="3" m="6761" /><G105/><T70/><D54/><U72/><E72/><V120/><F23/><W25/><G96/><T65/><D70/><N who="1" m="42327" /><E7/><V61/><F131/><W44/><G25/><T106/><D123/><U97/><E97/><V81/><F121/><W39/><G39/><AGARI ba="1,1" hai="39,40,47,85,86,124,125,126,128,129,130" m="42327" machi="39" ten="40,7700,0" yaku="18,1,19,1,52,1" doraHai="58" who="1" fromWho="3" sc="248,0,242,90,260,0,240,-80" owari="248,-15.0,332,43.0,260,6.0,160,-34.0" /></mjloggm>