<mjloggm ver="2.3"><GO type="97" lobby="0"/><UN n0="%E3%81%86%E3%81%95%E3%81%8E%E3%82%92%E8%83%8C%E8%B2%A0%E3%81%A3%E3%81%A6" n1="%E3%81%97%E3%81%9A%E3%82%82%E3%82%93" n2="%E5%8F%8C%E6%B5%B7%E7%9C%9F%E7%BE%8E" n3="%E5%B0%B1%E6%B4%BB%E7%94%9F%40%E5%B7%9D%E6%9D%91%E8%BB%8D%E5%9B%A3" dan="13,13,13,14" rate="1875.78,1955.20,1833.52,1933.07" sx="M,F,F,M"/><TAIKYOKU oya="0"/><INIT seed="0,0,0,2,3,76" ten="250,250,250,250" oya="0" hai0="50,57,126,104,79,37,13,16,30,103,35,51,53" hai1="15,90,116,74,66,110,83,48,31,60,49,24,106" hai2="7,91,87,124,61,120,9,107,115,108,11,101,44" hai3="112,2,10,58,118,89,78,29,27,0,65,128,56"/><T12/><D37/><U109/><E116/><V84/><F115/><W17/><G118/><T88/><D126/><U5/><E106/><V59/><F120/><W18/><G112/><T130/><D13/><U129/><E129/><V125/><F108/><N who="1" m="41577" /><E15/><V71/><F71/><W86/><G128/><T64/><D64/><U123/><E5/><V99/><F44/><W92/><G78/><T117/><D117/><U23/><E123/><V33/><F33/><W132/><G132/><T26/><D79/><N who="1" m="44535" /><E90/><V67/><F7/><W6/><G0/><T46/><D130/><U97/><E97/><V63/><F63/><W121/><G121/><T94/><D103/><U119/><E119/><V82/><REACH who="2" step="1"/><F87/><REACH who="2" ten="250,250,240,250" step="2"/><W8/><G58/><AGARI ba="0,1" hai="23,24,31,48,49,58,60,66" m="44535,41577" machi="58" ten="30,2000,0" yaku="14,1,52,1" doraHai="76" who="1" fromWho="3" sc="250,0,250,30,240,0,250,-20" /><INIT seed="1,0,0,5,1,120" ten="250,280,240,230" oya="1" hai0="99,13,125,134,45,71,1,6,60,58,97,68,116" hai1="66,102,129,89,96,61,11,121,103,101,34,135,28" hai2="22,114,76,65,38,81,130,20,3,35,133,32,41" hai3="119,128,7,47,94,2,124,80,14,55,64,63,46"/><U42/><E121/><V132/><F3/><W93/><G2/><T82/><D116/><U49/><E129/><V23/><F130/><W18/><G119/><T30/><D1/><U4/><E135/><N who="2" m="51787" /><F114/><W29/><G128/><T92/><D134/><U105/><E89/><V79/><F65/><W50/><G124/><T31/><D125/><U127/><E127/><V112/><F112/><W95/><G7/><T100/><D71/><N who="1" m="42447" /><E49/><V57/><F57/><N who="3" m="36975" /><G29/><T108/><D68/><U69/><E42/><V25/><F25/><W75/><G75/><T8/><D82/><U44/><E44/><N who="2" m="23607" /><F79/><W26/><G26/><T73/><D45/><U17/><E17/><V98/><F98/><W40/><G80/><T21/><D99/><U74/><E69/><V111/><F111/><W72/><G72/><AGARI ba="0,0" hai="20,22,23,32,35,72,76,81" m="23607,51787" machi="72" ten="30,1000,0" yaku="20,1" doraHai="120" who="2" fromWho="3" sc="250,0,280,0,240,10,230,-10" /><INIT seed="2,0,0,2,1,95" ten="250,280,250,220" oya="2" hai0="130,24,74,52,81,53,90,119,115,8,106,76,36" hai1="71,120,28,42,96,45,29,62,117,27,2,128,37" hai2="111,125,18,60,75,54,83,110,99,89,107,88,1" hai3="20,108,132,64,6,124,135,133,38,123,56,102,112"/><V34/><F1/><W13/><G38/><T87/><D115/><U12/><E2/><V5/><F5/><W26/><G112/><T116/><D36/><U0/><E0/><V63/><F34/><W31/><G123/><T94/><D130/><U49/><E117/><V11/><F125/><W129/><G124/><T134/><D134/><U30/><E128/><V100/><F11/><N who="3" m="4343" /><G108/><N who="2" m="41513" /><F18/><W104/><G129/><T9/><D24/><U131/><E131/><V92/><F54/><W14/><G14/><T61/><D106/><U25/><E120/><V80/><F89/><W59/><G64/><T97/><D74/><U40/><E12/><V39/><F39/><W41/><G41/><T33/><D33/><U109/><E109/><V86/><F75/><W121/><G121/><T126/><D126/><U10/><E10/><N who="0" m="4201" /><D61/><AGARI ba="0,0" hai="60,61,63,80,83,86,88,92,99,100,107" m="41513" machi="61" ten="30,11600,0" yaku="14,1,10,1,52,1,54,1" doraHai="95" who="2" fromWho="0" sc="250,-116,280,0,250,116,220,0" /><INIT seed="2,1,0,1,4,42" ten="134,280,366,220" oya="2" hai0="54,130,13,86,99,127,58,126,57,62,101,9,61" hai1="74,34,1,26,88,44,38,115,33,28,109,64,50" hai2="37,49,24,82,84,97,90,92,104,93,21,52,132" hai3="123,89,35,31,56,81,63,15,68,20,118,60,23"/><V128/><F37/><W121/><G118/><T119/><D119/><U105/><E115/><V30/><F128/><W46/><G68/><T111/><D111/><U59/><E38/><V108/><F132/><W40/><G35/><T76/><D130/><U70/><E70/><V133/><F133/><W106/><G106/><T8/><D76/><U102/><E109/><V107/><F108/><W32/><G32/><T12/><D86/><U117/><E117/><V95/><REACH who="2" step="1"/><F97/><REACH who="2" ten="134,280,356,220" step="2"/><W79/><G121/><T129/><D129/><U100/><E34/><V65/><F65/><W48/><G123/><T43/><D127/><U124/><E64/><V98/><F98/><W2/><G2/><T16/><D126/><U75/><E1/><V113/><F113/><W45/><G31/><T11/><D13/><U17/><E28/><V19/><F19/><W55/><G15/><T110/><D110/><U112/><E17/><V6/><F6/><W10/><G10/><T51/><D99/><U80/><E112/><V14/><F14/><W77/><G23/><T94/><D101/><U66/><E102/><V18/><F18/><W87/><G20/><T5/><D5/><U96/><E124/><V29/><F29/><W41/><G63/><T116/><D116/><U71/><E33/><V72/><F72/><W134/><G134/><T122/><D122/><U0/><E0/><V78/><F78/><W135/><G135/><T131/><D131/><U7/><E7/><V120/><F120/><W36/><AGARI ba="1,1" hai="36,40,41,45,46,48,55,56,60,77,79,81,87,89" machi="36" ten="20,5200,0" yaku="0,1,7,1,52,2" doraHai="42" who="3" fromWho="3" sc="134,-14,280,-14,356,-27,220,65" /><INIT seed="3,0,0,0,5,33" ten="120,266,329,285" oya="3" hai0="96,85,40,82,49,78,57,60,77,97,98,125,123" hai1="75,124,121,70,130,103,128,89,116,50,118,11,110" hai2="88,86,120,27,43,2,32,84,46,14,1,31,73" hai3="72,8,81,6,129,69,76,4,23,114,7,94,13"/><W111/><G69/><T68/><D123/><U20/><E121/><V37/><F73/><W5/><G114/><T126/><D68/><U107/><E110/><V106/><F106/><W22/><G111/><T64/><D40/><U91/><E70/><V100/><F100/><W112/><G112/><T35/><D35/><U132/><E75/><V117/><F117/><N who="1" m="45161" /><E124/><V102/><F102/><W99/><REACH who="3" step="1"/><G129/><REACH who="3" ten="120,266,329,275" step="2"/><T122/><D122/><U95/><E128/><V131/><F131/><W61/><G61/><T66/><D66/><U15/><E130/><V54/><F120/><W48/><G48/><T119/><D119/><U92/><E50/><V42/><F42/><W74/><G74/><T25/><D49/><U39/><E39/><V80/><F54/><W108/><G108/><T21/><D126/><U56/><E107/><V18/><F84/><W47/><G47/><T101/><D125/><U109/><E109/><V127/><F127/><W34/><G34/><T38/><D38/><U24/><E56/><V90/><F90/><AGARI ba="0,1" hai="4,5,6,7,8,13,22,23,72,76,81,90,94,99" machi="90" ten="40,2000,0" yaku="1,1,53,0" doraHai="33" doraHaiUra="135" who="3" fromWho="2" sc="120,0,266,0,329,-20,275,30" /><INIT seed="3,1,0,0,3,66" ten="120,266,309,305" oya="3" hai0="20,104,62,97,89,48,81,127,19,94,45,103,79" hai1="106,83,46,17,59,128,98,61,74,122,44,38,70" hai2="32,27,0,110,130,76,129,91,84,53,92,6,55" hai3="52,82,49,86,117,34,36,43,26,77,3,72,33"/><W93/><G117/><T100/><D127/><U25/><E122/><V12/><F0/><W111/><G3/><T115/><D115/><U90/><E128/><N who="2" m="49259" /><F110/><W15/><G111/><T118/><D118/><U88/><E70/><V102/><F102/><W87/><G36/><T7/><D62/><U10/><E74/><V8/><F76/><W67/><G43/><T71/><D71/><U119/><E119/><V4/><F4/><W21/><G67/><T41/><D7/><U123/><E123/><V58/><F58/><W108/><G108/><T96/><D89/><U112/><E112/><V124/><F124/><W63/><G63/><T95/><D104/><U23/><E10/><V114/><F114/><W2/><G2/><T24/><REACH who="0" step="1"/><D81/><REACH who="0" ten="110,266,309,305" step="2"/><U11/><E83/><V125/><F125/><W135/><G135/><T5/><D5/><U42/><E106/><V47/><F6/><W64/><G64/><T30/><D30/><U75/><E90/><V116/><F91/><N who="3" m="53495" /><G72/><T134/><D134/><U29/><E75/><V99/><F116/><W31/><G34/><T107/><D107/><U121/><E29/><V68/><F32/><W1/><G33/><T57/><D57/><U39/><E59/><V132/><F68/><W40/><G1/><T22/><D22/><U126/><E126/><V35/><F35/><W120/><G120/><T18/><D18/><U9/><E121/><V73/><F73/><W69/><G69/><T60/><D60/><U28/><E61/><V85/><F132/><W78/><G78/><AGARI ba="1,1" hai="19,20,24,41,45,48,78,79,94,95,96,97,100,103" machi="78" ten="40,5200,0" yaku="1,1,9,1,8,1,53,0" doraHai="66" doraHaiUra="101" who="0" fromWho="3" sc="110,65,266,0,309,0,305,-55" owari="175,-32.0,266,7.0,309,40.0,250,-15.0" /></mjloggm>