<mjloggm ver="2.3"><GO type="169" lobby="0"/><UN n0="%47%D0%81%D0%99%49%55%53" n1="%E3%83%88%E3%83%88%E3%83%AA%E5%85%88%E7%94%9F%31%39%E6%AD%B3" n2="%4A%61%6E%2D%4D%61%63%68" n3="%6F%6E%65%73%74%61%72" dan="17,18,16,17" rate="2153.22,2179.55,2116.42,2167.04" sx="M,F,M,M"/><TAIKYOKU oya="0"/><INIT seed="0,0,0,2,0,5" ten="250,250,250,250" oya="0" hai0="44,4,74,131,111,31,39,99,83,78,122,101,79" hai1="33,15,97,53,18,55,70,112,3,21,98,16,76" hai2="25,59,20,66,75,95,108,0,69,89,30,45,28" hai3="42,82,71,107,120,32,2,26,61,47,34,91,29"/><T72/><D31/><U130/><E70/><V27/><F75/><W11/><G120/><T92/><D122/><U119/><E119/><V117/><F69/><W65/><G107/><T62/><D62/><U58/><E33/><V93/><F0/><W67/><G67/><T134/><D134/><U115/><E130/><V14/><F117/><W105/><G105/><T41/><D131/><U54/><E3/><V94/><F45/><W85/><G34/><T48/><D111/><U40/><E40/><V110/><F66/><W64/><G64/><T36/><REACH who="0" step="1"/><D4/><REACH who="0" ten="240,250,250,250" step="2"/><U132/><E132/><V125/><F110/><W103/><G61/><T35/><D35/><U81/><E18/><N who="2" m="10327" /><F108/><W116/><G29/><T127/><D127/><U123/><E123/><V104/><F125/><W1/><G32/><T17/><D17/><U77/><E112/><V19/><F19/><W86/><G116/><T63/><D63/><U106/><E115/><V12/><F30/><W43/><G71/><T126/><D126/><U52/><E21/><V49/><F28/><W22/><G22/><T8/><D8/><U90/><E16/><V124/><F124/><W113/><G11/><T114/><D114/><U133/><E133/><V57/><F25/><W10/><G10/><T118/><D118/><U60/><E60/><V13/><F27/><W6/><G26/><T51/><D51/><U46/><E58/><V128/><F49/><W121/><G113/><T80/><AGARI ba="0,1" hai="36,39,41,44,48,72,74,78,79,80,83,92,99,101" machi="80" ten="30,6000,0" yaku="1,1,0,1,9,1,53,0" doraHai="5" doraHaiUra="109" who="0" fromWho="0" sc="240,70,250,-20,250,-20,250,-20" /><INIT seed="0,1,0,5,2,70" ten="310,230,230,230" oya="0" hai0="104,45,73,0,21,19,13,62,39,1,26,37,87" hai1="82,7,46,132,83,35,134,65,99,84,116,96,77" hai2="60,47,69,85,121,23,41,43,80,42,63,38,100" hai3="54,10,78,126,36,93,131,76,129,51,115,125,119"/><T101/><D73/><U92/><E35/><V5/><F100/><W14/><G119/><T34/><D62/><U40/><E116/><V25/><F5/><N who="3" m="3407" /><G115/><T16/><D45/><U90/><E65/><V64/><F63/><W109/><G109/><T52/><D52/><U67/><E67/><V48/><F121/><W118/><G118/><T117/><D117/><U133/><E7/><V123/><F48/><W57/><G93/><T18/><D34/><U91/><E46/><V110/><F110/><W106/><G106/><T122/><D122/><U79/><E40/><V27/><F27/><W72/><G36/><T32/><D32/><U75/><E91/><V11/><F11/><W102/><G102/><T15/><D87/><AGARI ba="1,0" hai="75,77,79,82,83,84,87,90,92,96,99,132,133,134" machi="87" ten="40,8000,1" yaku="20,1,34,3" doraHai="70" who="1" fromWho="0" sc="310,-83,230,83,230,0,230,0" /><INIT seed="1,0,0,5,4,118" ten="227,313,230,230" oya="1" hai0="128,48,9,25,66,46,26,109,21,114,20,93,71" hai1="42,43,119,87,51,106,61,15,50,95,33,96,73" hai2="31,88,100,0,68,38,3,86,16,81,72,134,63" hai3="10,6,131,30,120,90,4,89,124,64,79,110,97"/><U135/><E119/><V2/><F38/><W7/><G110/><T32/><D114/><U98/><E73/><V55/><F31/><W113/><G113/><T127/><D109/><U27/><E135/><V82/><F100/><W53/><G124/><T17/><D127/><U18/><E106/><V36/><F36/><W125/><G64/><T35/><D128/><U129/><E129/><V60/><F134/><W1/><G131/><T49/><D9/><U103/><E96/><V59/><F68/><W104/><G79/><T29/><D93/><U91/><E61/><V112/><F112/><W115/><G30/><T94/><D49/><N who="1" m="18443" /><E27/><V102/><F102/><W130/><G1/><T80/><D80/><N who="1" m="49639" /><E33/><V39/><F39/><W126/><G97/><T99/><D66/><U77/><E77/><V78/><F60/><W75/><G104/><T92/><D71/><U37/><E37/><V132/><F132/><W12/><G75/><T108/><D94/><U133/><E133/><V14/><F2/><W121/><G130/><T70/><D70/><U8/><AGARI ba="0,0" hai="8,15,18,42,43,95,98,103" m="49639,18443" machi="8" ten="30,1500,0" yaku="8,1" doraHai="118" who="1" fromWho="1" sc="227,-5,313,15,230,-5,230,-5" /><INIT seed="1,1,0,2,3,121" ten="222,328,225,225" oya="1" hai0="11,64,108,67,116,63,77,95,15,8,117,3,85" hai1="9,127,58,48,0,59,99,13,87,14,134,110,38" hai2="129,112,101,133,45,76,22,18,73,50,109,5,16" hai3="91,4,90,120,17,68,80,93,130,19,40,28,33"/><U30/><E38/><V81/><F112/><W31/><G130/><T72/><D72/><U82/><E0/><V23/><F129/><W60/><G120/><T56/><D3/><U125/><E134/><V132/><F5/><W54/><G4/><T41/><D41/><U26/><E99/><V71/><F101/><W44/><G80/><T107/><D107/><U114/><E114/><V111/><F71/><W106/><G106/><T124/><D124/><N who="1" m="47691" /><E110/><N who="2" m="41995" /><F22/><W100/><G33/><T62/><D108/><U131/><E131/><V119/><F119/><W39/><G100/><T94/><D77/><N who="1" m="46543" /><E48/><V123/><F123/><W69/><G39/><T34/><D34/><N who="1" m="20823" /><E14/><N who="2" m="9623" /><F18/><AGARI ba="1,0" hai="9,13,18,58,59" m="20823,46543,47691" machi="18" ten="30,1500,0" yaku="18,1" doraHai="121" who="1" fromWho="2" sc="222,0,328,18,225,-18,225,0" /><INIT seed="1,2,0,4,4,8" ten="222,346,207,225" oya="1" hai0="39,23,109,81,78,4,70,112,37,90,57,129,66" hai1="108,18,98,33,45,125,71,42,40,63,131,92,53" hai2="34,82,21,83,38,48,22,36,114,93,2,54,50" hai3="27,13,103,1,20,84,5,46,35,74,134,104,123"/><U102/><E33/><V126/><F34/><W72/><G123/><T0/><D112/><U94/><E131/><V79/><F2/><W7/><G7/><T69/><D23/><U122/><E122/><V80/><F79/><W59/><G59/><T116/><D90/><U32/><E32/><V14/><F114/><W115/><G46/><T67/><D57/><N who="1" m="35247" /><E71/><N who="0" m="27145" /><D66/><U52/><E125/><V91/><F126/><W68/><G68/><T65/><D67/><U28/><E28/><V11/><F38/><N who="0" m="14346" /><D65/><U97/><E108/><V120/><F36/><W110/><G110/><T41/><D41/><U133/><E133/><V95/><F120/><W75/><G134/><T118/><D109/><U106/><E106/><V96/><F95/><W3/><G104/><T62/><D62/><U135/><E18/><N who="2" m="8543" /><F48/><W60/><G60/><T99/><D99/><U73/><E135/><V31/><F31/><W76/><G115/><T121/><D121/><U89/><E73/><V88/><F91/><W64/><G75/><N who="0" m="43231" /><D129/><U29/><E29/><V58/><AGARI ba="2,0" hai="21,22,50,54,58,80,82,83,88,93,96" m="8543" machi="58" ten="30,4000,0" yaku="8,1,52,1,54,1" doraHai="8" who="2" fromWho="2" sc="222,-12,346,-22,207,46,225,-12" /><INIT seed="2,0,0,2,5,84" ten="210,324,253,213" oya="2" hai0="123,23,120,124,8,7,59,44,129,30,4,61,20" hai1="105,89,11,79,34,80,103,31,52,13,0,108,6" hai2="42,118,134,26,91,69,45,115,67,2,92,46,24" hai3="83,127,22,75,19,10,135,113,37,102,111,56,70"/><V131/><F2/><W65/><G37/><T27/><D129/><U9/><E108/><V43/><F118/><W94/><G111/><T57/><D124/><U77/><E105/><V128/><F67/><W21/><G70/><T16/><D44/><N who="2" m="17002" /><F69/><W36/><G10/><T119/><D119/><U3/><E103/><V33/><F33/><W112/><G21/><T35/><D7/><U121/><E121/><V25/><F115/><W50/><G36/><T62/><D23/><U66/><E66/><V126/><F126/><W74/><G127/><T17/><D59/><U60/><E31/><V28/><F28/><W97/><G83/><T18/><D35/><U63/><E34/><V58/><F58/><W78/><G65/><T39/><D39/><U106/><E106/><V101/><F101/><W82/><G74/><T86/><D86/><U81/><E6/><V5/><F5/><W49/><G56/><T85/><D85/><U38/><E38/><V96/><F134/><W32/><G135/><T14/><REACH who="0" step="1"/><D62/><REACH who="0" ten="200,324,253,213" step="2"/><U72/><E60/><V48/><F48/><W109/><G32/><T73/><D73/><U47/><E63/><V54/><F54/><AGARI ba="0,1" hai="4,8,14,16,17,18,20,27,30,54,57,61,120,123" machi="54" ten="40,2600,0" yaku="1,1,54,1,53,0" doraHai="84" doraHaiUra="133" who="0" fromWho="2" sc="200,36,324,0,253,-26,213,0" /><INIT seed="3,0,0,3,2,107" ten="236,324,227,213" oya="3" hai0="83,16,114,130,122,26,6,48,44,115,125,38,94" hai1="59,60,12,98,112,104,87,118,123,81,5,97,99" hai2="121,70,71,124,45,117,111,23,80,32,0,55,101" hai3="73,105,95,22,9,50,113,56,86,35,64,7,93"/><W96/><G35/><T92/><D122/><U82/><E112/><N who="0" m="43049" /><D38/><U24/><E123/><V33/><F117/><W110/><G105/><T79/><D6/><U135/><E118/><V43/><F121/><W19/><G110/><T53/><D130/><U49/><E135/><V61/><F23/><W14/><G113/><T4/><D4/><U84/><E104/><V88/><F101/><W134/><G134/><T37/><D37/><U77/><E24/><V120/><F0/><W40/><G73/><N who="0" m="43503" /><D125/><U67/><E49/><V11/><F111/><W72/><G72/><T47/><D47/><U62/><E62/><V109/><F124/><W31/><G31/><T76/><D76/><N who="1" m="46119" /><E5/><V42/><F109/><W39/><G39/><T132/><D132/><U25/><E25/><V103/><F120/><W66/><G86/><T27/><D27/><U58/><E58/><N who="2" m="35039" /><F45/><N who="3" m="25895" /><G56/><T63/><D63/><U30/><E30/><V10/><F71/><W89/><G95/><T131/><D131/><U51/><E60/><V54/><F70/><W69/><G69/><T21/><AGARI ba="0,0" hai="16,21,26,44,48,53,92,94" m="43503,43049" machi="21" ten="30,4000,0" yaku="11,1,52,1,54,1" doraHai="107" who="0" fromWho="0" sc="236,40,324,-10,227,-10,213,-20" /><INIT seed="4,0,0,1,0,121" ten="276,314,217,193" oya="0" hai0="88,30,72,123,82,81,62,60,7,86,120,34,48" hai1="12,59,5,54,124,8,127,56,133,106,128,52,63" hai2="50,43,90,15,119,117,104,97,37,111,95,77,107" hai3="74,134,9,45,31,96,57,42,129,23,78,71,65"/><T126/><D126/><N who="1" m="48171" /><E106/><N who="2" m="40491" /><F37/><W39/><G134/><T98/><D7/><U109/><E128/><V122/><F43/><W79/><G129/><T112/><D112/><U118/><E118/><N who="2" m="45067" /><F50/><W47/><G74/><T130/><D130/><U20/><E20/><V93/><F15/><W44/><G96/><T114/><D98/><U21/><E21/><V17/><F17/><W24/><G71/><T84/><D72/><U85/><E85/><N who="2" m="52431" /><F77/><W28/><G28/><T68/><D68/><U75/><E133/><V64/><F64/><W61/><G45/><T36/><D36/><U46/><E46/><V94/><F94/><W32/><G32/><T76/><D48/><U66/><E66/><V11/><F11/><W53/><G47/><T110/><D30/><U92/><E92/><V25/><F25/><W116/><G116/><T91/><D34/><U99/><E56/><V22/><F22/><W100/><G9/><T108/><D114/><U87/><E59/><V135/><F135/><W105/><G65/><T3/><REACH who="0" step="1"/><D76/><REACH who="0" ten="266,314,217,193" step="2"/><U26/><E5/><V101/><F122/><W29/><G29/><T35/><D35/><U125/><E125/><V6/><F6/><W40/><G40/><T10/><D10/><U131/><E8/><V80/><F80/><W0/><G0/><AGARI ba="0,1" hai="0,3,60,62,81,82,84,86,88,91,108,110,120,123" machi="0" ten="25,24000,3" yaku="1,1,22,2,52,2,54,1,53,2" doraHai="121" doraHaiUra="83" who="0" fromWho="3" sc="266,250,314,0,217,0,193,-240" owari="516,62.0,314,11.0,217,-18.0,-47,-55.0" /></mjloggm>