<mjloggm ver="2.3"><GO type="97" lobby="0"/><UN n0="%68%5F%73%75%67%69%6D%75" n1="%61%6E%70%61%6E%32" n2="%61%6F%6E%61%6F" n3="%E5%B0%B1%E6%B4%BB%E7%94%9F%40%E5%B7%9D%E6%9D%91%E8%BB%8D%E5%9B%A3" dan="14,13,13,15" rate="1932.16,1853.12,1836.93,2054.17" sx="M,M,M,M"/><TAIKYOKU oya="0"/><INIT seed="0,0,0,4,3,62" ten="250,250,250,250" oya="0" hai0="35,4,106,32,73,54,94,21,125,44,0,56,93" hai1="81,118,98,102,121,11,89,91,15,52,27,107,53" hai2="110,8,77,41,47,16,71,104,86,63,103,42,129" hai3="79,66,113,30,55,74,58,131,92,43,82,65,10"/><T72/><D106/><U67/><E121/><V6/><F104/><W117/><G113/><T128/><D128/><U57/><E118/><V19/><F129/><W87/><G117/><T36/><D125/><U48/><E27/><V3/><F103/><W28/><G131/><T49/><D35/><U64/><E53/><V120/><F110/><W1/><G43/><T31/><D32/><U124/><E124/><V116/><F120/><W24/><G74/><T2/><D2/><U123/><E123/><V37/><F42/><W70/><G70/><T135/><D135/><U45/><E81/><V69/><F116/><W122/><G122/><T88/><D0/><U17/><REACH who="1" step="1"/><E57/><REACH who="1" ten="250,240,250,250" step="2"/><V78/><F71/><W101/><G24/><T51/><D73/><U83/><E83/><V68/><F68/><W29/><G55/><T13/><D72/><U25/><E25/><V100/><F69/><W112/><G58/><T14/><D31/><U40/><E40/><V34/><F41/><W46/><G112/><T111/><D111/><U60/><E60/><V84/><F63/><W23/><G46/><T99/><D44/><U109/><E109/><V39/><F47/><W96/><G30/><T85/><D56/><U126/><E126/><V20/><F39/><W95/><G29/><T115/><D54/><U61/><E61/><V50/><F37/><W59/><G59/><T119/><D36/><U105/><E105/><V127/><F127/><W97/><G28/><T108/><D119/><U76/><E76/><V7/><F78/><W26/><G79/><T18/><D115/><U9/><E9/><RYUUKYOKU ba="0,1" sc="250,-10,240,30,250,-10,250,-10" hai1="11,15,17,45,48,52,64,67,89,91,98,102,107" /><INIT seed="1,1,1,4,2,40" ten="240,270,240,240" oya="1" hai0="19,7,76,0,84,58,93,112,61,83,6,91,13" hai1="74,115,110,9,29,128,106,77,99,79,44,82,92" hai2="34,36,98,103,102,50,47,133,5,127,125,2,16" hai3="55,4,30,18,56,63,10,33,97,37,118,69,66"/><U113/><E128/><V73/><F36/><W134/><G37/><T104/><D104/><U31/><E44/><V94/><F73/><W52/><G118/><T24/><D112/><N who="1" m="43083" /><E9/><N who="2" m="2231" /><F34/><W32/><G134/><T60/><D0/><U108/><E29/><V46/><F133/><W132/><G132/><T22/><D24/><U114/><N who="1" m="43091" /><U90/><DORA hai="130" /><E31/><V3/><F50/><W38/><G38/><T20/><D20/><U116/><E79/><V109/><F3/><W96/><G18/><T27/><D27/><U12/><E12/><V105/><F109/><N who="1" m="42089" /><E106/><V122/><F122/><W81/><G30/><T123/><D123/><U87/><E116/><V1/><F1/><W49/><G33/><T88/><D91/><U119/><E119/><V75/><F75/><AGARI ba="1,1" hai="74,75,77,82,87,90,92,99" m="42089,43091" machi="75" ten="50,12000,1" yaku="14,1,10,1,34,2" doraHai="40,130" who="1" fromWho="2" sc="240,0,270,133,240,-123,240,0" /><INIT seed="1,2,0,2,0,103" ten="240,403,117,240" oya="1" hai0="33,93,80,54,99,131,71,9,20,4,73,135,121" hai1="125,79,2,37,85,82,39,107,29,115,25,76,57" hai2="36,45,84,1,61,28,52,27,42,22,134,70,64" hai3="17,7,16,48,91,78,32,62,58,106,87,94,49"/><U40/><E115/><V30/><F1/><W122/><G32/><T18/><D33/><U11/><E125/><V90/><F134/><W133/><G122/><T110/><D135/><U95/><E79/><V6/><F6/><W119/><G133/><T102/><D121/><U96/><E57/><V59/><F90/><W8/><G106/><T23/><D71/><U120/><E120/><V81/><F81/><W97/><G119/><T117/><D117/><U130/><E130/><V111/><F84/><W55/><G78/><T108/><D131/><U44/><E39/><V65/><F111/><N who="0" m="42538" /><D54/><U47/><E47/><V132/><F132/><W12/><G87/><T109/><D109/><U92/><E92/><V98/><F98/><W112/><G112/><T46/><D46/><U128/><E128/><V0/><F0/><W129/><G129/><T38/><D38/><U83/><E83/><V75/><F75/><W69/><G69/><T31/><D31/><U43/><E43/><V50/><REACH who="2" step="1"/><F65/><REACH who="2" ten="240,403,107,240" step="2"/><W51/><AGARI ba="2,1" hai="7,8,12,16,17,48,49,51,55,58,62,91,94,97" machi="51" ten="30,4000,0" yaku="0,1,8,1,54,1" doraHai="103" who="3" fromWho="3" sc="240,-12,403,-22,107,-12,240,56" /><INIT seed="2,0,0,0,4,94" ten="228,381,95,296" oya="2" hai0="57,62,39,43,14,70,96,51,72,78,50,89,66" hai1="77,47,116,22,2,84,130,33,5,104,13,79,9" hai2="105,108,18,102,34,15,134,97,11,115,45,28,121" hai3="65,109,26,103,35,73,85,0,31,101,117,21,135"/><V118/><F121/><W19/><G117/><T48/><D78/><U114/><E114/><V60/><F115/><W95/><G73/><T17/><D72/><U100/><E116/><V7/><F118/><W4/><G135/><T54/><D89/><U92/><E130/><V37/><F134/><W25/><G109/><T36/><D96/><U24/><E47/><V120/><F120/><W3/><G65/><T133/><D133/><U86/><E104/><V61/><F108/><W80/><G4/><T8/><REACH who="0" step="1"/><D39/><REACH who="0" ten="218,381,95,296" step="2"/><U126/><E126/><V107/><F107/><W123/><G123/><T81/><D81/><U99/><E33/><V75/><F75/><W63/><G101/><T38/><D38/><U42/><E2/><V59/><F59/><W52/><G103/><T12/><D12/><U93/><E42/><V30/><F34/><W32/><G95/><T29/><D29/><N who="2" m="11370" /><F7/><W16/><G16/><T27/><D27/><U83/><E92/><N who="2" m="58663" /><F37/><W53/><G35/><T55/><D55/><U40/><E40/><V44/><F105/><W110/><G110/><T10/><D10/><U71/><E79/><V82/><F82/><W127/><G127/><T91/><D91/><U88/><E86/><V41/><F41/><W106/><G106/><T98/><D98/><U76/><E71/><V56/><F56/><W122/><G122/><T74/><D74/><U87/><E87/><V20/><F11/><W132/><G132/><T131/><D131/><U68/><E68/><V58/><F58/><N who="3" m="35271" /><G53/><T46/><AGARI ba="0,1" hai="8,14,17,36,43,46,48,50,51,54,57,62,66,70" machi="46" ten="30,8000,1" yaku="1,1,0,1,24,2,53,1" doraHai="94" doraHaiUra="64" who="0" fromWho="0" sc="218,90,381,-20,95,-40,296,-20" /><INIT seed="3,0,0,1,4,110" ten="308,361,55,276" oya="3" hai0="80,97,42,111,69,76,52,25,50,64,2,131,5" hai1="135,7,20,1,48,66,115,106,133,75,11,101,96" hai2="30,28,87,77,120,103,126,82,104,27,31,90,51" hai3="107,79,65,85,86,89,26,91,102,71,88,125,19"/><W109/><G125/><T37/><D131/><U41/><E75/><V119/><F119/><W105/><G109/><T118/><D111/><U93/><E66/><V21/><F126/><W60/><G102/><T36/><D118/><U57/><E115/><V17/><F120/><W13/><G26/><T73/><D42/><U134/><E20/><V124/><F124/><W33/><G33/><T49/><D69/><U35/><E35/><V122/><F122/><W78/><G86/><T47/><D64/><U24/><E24/><V81/><F104/><W16/><G19/><T6/><D2/><U74/><E74/><V38/><F38/><W84/><G84/><T43/><D97/><U123/><E123/><V46/><F103/><W12/><G12/><T23/><D37/><U95/><E57/><V72/><REACH who="2" step="1"/><F31/><REACH who="2" ten="308,361,45,276" step="2"/><W62/><G107/><T100/><D100/><U0/><REACH who="1" step="1"/><E1/><REACH who="1" ten="308,351,45,276" step="2"/><V129/><F129/><W22/><G105/><T108/><D108/><U44/><AGARI ba="0,2" hai="0,7,11,41,44,48,93,95,96,101,106,133,134,135" machi="44" ten="40,8000,1" yaku="1,1,2,1,0,1,20,1,53,0" doraHai="110" doraHaiUra="18" who="1" fromWho="1" sc="308,-20,351,100,45,-20,276,-40" owari="288,9.0,451,54.0,25,-47.0,236,-16.0" /></mjloggm>