<mjloggm ver="2.3"><GO type="97" lobby="0"/><UN n0="%E5%B0%B1%E6%B4%BB%E7%94%9F%40%E5%B7%9D%E6%9D%91%E8%BB%8D%E5%9B%A3" n1="%E9%AF%89%E3%81%AB%E6%81%8B" n2="%E5%85%A8%E3%83%84%E5%85%A8%E9%B3%B4%E3%81%8D%E3%81%AE%E7%A5%9E" n3="%E5%AE%AE%E5%AD%90" dan="16,15,14,15" rate="2091.27,1979.92,1964.32,1983.81" sx="M,M,M,F"/><TAIKYOKU oya="0"/><INIT seed="0,0,0,4,5,46" ten="250,250,250,250" oya="0" hai0="49,13,94,47,120,130,62,78,54,42,84,16,70" hai1="8,61,14,60,76,33,124,85,68,26,52,105,43" hai2="59,44,95,53,88,71,107,37,21,75,3,25,123" hai3="24,2,112,96,116,102,121,118,27,39,65,48,92"/><T114/><D120/><U66/><E105/><V6/><F123/><W51/><G39/><T12/><D114/><U64/><E43/><V56/><F107/><W81/><G121/><T34/><D34/><U104/><E104/><V17/><F71/><W58/><G112/><T11/><D130/><U1/><E1/><V133/><F75/><W35/><G2/><T115/><D115/><U99/><E99/><V80/><F80/><W103/><G81/><N who="0" m="47159" /><D70/><U108/><E76/><V100/><F100/><N who="3" m="38443" /><G35/><T36/><D36/><U126/><E85/><V32/><F32/><W31/><G116/><T122/><D122/><U93/><E93/><V30/><F133/><W4/><G4/><N who="0" m="3175" /><D94/><U0/><E0/><V72/><F72/><W98/><G98/><T41/><D62/><N who="1" m="24171" /><E68/><V111/><F111/><W82/><G82/><T9/><AGARI ba="0,0" hai="9,13,16,41,42,47,49,54" m="3175,47159" machi="9" ten="30,6000,0" yaku="8,1,52,1,54,1" doraHai="46" who="0" fromWho="0" sc="250,60,250,-20,250,-20,250,-20" /><INIT seed="0,1,0,2,2,89" ten="310,230,230,230" oya="0" hai0="45,38,13,80,129,79,14,108,26,92,90,30,68" hai1="98,19,124,88,101,9,128,127,130,78,49,105,87" hai2="1,46,94,74,57,135,6,121,110,70,18,63,95" hai3="27,99,54,3,37,39,32,56,109,114,75,125,35"/><T23/><D68/><U123/><E19/><V82/><F121/><W93/><G114/><T71/><D71/><U106/><E9/><V21/><F70/><W17/><G3/><T60/><D129/><N who="1" m="49771" /><E123/><V84/><F74/><W103/><G75/><T48/><D38/><U120/><E120/><V111/><F46/><W43/><G109/><N who="2" m="41481" /><F6/><W83/><G125/><N who="1" m="48202" /><E78/><N who="2" m="46167" /><F135/><W113/><G113/><T22/><D22/><U66/><E66/><N who="2" m="39279" /><F1/><W117/><G39/><T55/><D108/><U50/><E106/><V29/><F29/><W67/><G37/><T112/><D112/><U51/><E51/><V11/><F11/><W133/><G67/><T61/><D14/><AGARI ba="1,0" hai="14,18,21,94,95" m="39279,46167,41481" machi="14" ten="30,3900,0" yaku="14,1,52,2" doraHai="89" who="2" fromWho="0" sc="310,-42,230,0,230,42,230,0" /><INIT seed="1,0,0,4,0,38" ten="268,230,272,230" oya="1" hai0="129,27,17,102,93,79,74,19,122,108,128,59,82" hai1="42,119,10,114,85,15,34,111,62,124,52,43,25" hai2="121,55,7,31,63,2,80,49,20,135,45,22,64" hai3="53,8,60,32,112,13,56,87,54,68,116,30,3"/><U131/><E119/><V1/><F121/><W67/><G112/><T5/><D108/><U6/><E114/><V104/><F104/><W115/><G115/><T71/><D71/><U41/><E111/><V86/><F135/><W16/><G116/><T28/><D5/><U123/><E123/><V65/><F65/><W97/><G3/><T23/><D59/><N who="1" m="35175" /><E131/><N who="0" m="50249" /><D122/><U125/><E85/><V66/><F66/><W127/><G127/><N who="1" m="48714" /><E25/><V14/><F31/><W126/><G126/><T11/><D11/><U44/><E34/><V107/><F107/><W113/><G113/><T105/><D105/><U133/><E133/><V132/><F132/><W46/><G87/><T118/><D118/><U90/><E90/><V57/><F1/><W0/><G0/><T26/><D26/><U106/><E106/><V103/><F2/><W51/><G97/><AGARI ba="0,0" hai="17,19,23,27,28,74,79,82,93,97,102" m="50249" machi="97" ten="30,1000,0" yaku="19,1" doraHai="38" who="0" fromWho="3" sc="268,10,230,0,272,0,230,-10" /><INIT seed="2,0,0,3,4,74" ten="278,230,272,220" oya="2" hai0="35,130,89,102,67,49,50,27,55,117,70,32,113" hai1="14,125,4,1,42,94,58,3,120,28,41,53,65" hai2="127,101,25,111,115,72,96,8,108,119,36,80,22" hai3="90,91,132,77,19,86,48,105,99,98,106,64,85"/><V66/><F119/><W11/><G132/><T128/><D113/><U44/><E120/><V5/><F36/><W93/><G64/><T68/><D102/><U6/><E65/><V59/><F115/><W76/><G48/><N who="0" m="18539" /><D55/><U24/><E125/><V114/><F127/><W61/><G61/><T29/><D67/><U16/><E3/><V43/><F43/><N who="1" m="16393" /><E44/><V34/><F34/><W84/><G19/><T82/><D35/><U78/><E1/><V135/><F135/><W88/><G11/><T129/><D117/><U12/><E28/><V121/><F114/><W45/><G45/><T9/><D9/><N who="1" m="6159" /><E24/><V112/><F112/><W26/><G26/><T60/><D60/><N who="1" m="35919" /><E14/><N who="2" m="5391" /><F59/><W21/><G21/><T10/><D10/><U23/><E23/><V116/><F66/><W134/><G134/><T126/><D126/><U107/><E107/><N who="3" m="40970" /><G98/><T83/><D70/><U39/><E39/><V133/><F133/><W103/><AGARI ba="0,0" hai="76,77,84,85,86,88,90,91,93,99,103" m="40970" machi="103" ten="40,16000,3" yaku="35,5,52,2,54,1" doraHai="74" who="3" fromWho="3" sc="278,-40,230,-40,272,-80,220,160" /><INIT seed="3,0,0,0,2,23" ten="238,190,192,380" oya="3" hai0="114,104,124,130,52,133,62,102,101,26,53,30,112" hai1="11,48,79,95,18,91,19,49,83,4,96,68,105" hai2="70,93,2,120,65,12,94,67,87,5,89,3,108" hai3="59,97,16,58,29,110,99,98,38,57,115,40,63"/><W44/><G29/><T118/><D118/><U80/><E68/><V22/><F120/><W73/><G73/><T31/><D124/><U10/><E105/><V28/><F108/><W132/><G115/><N who="0" m="44075" /><D133/><U39/><E39/><V42/><F42/><W51/><G97/><N who="0" m="61487" /><D102/><U41/><E4/><V33/><F5/><W45/><G44/><T1/><D1/><U50/><E41/><V116/><F116/><W135/><G110/><T35/><D31/><U60/><E60/><V47/><F2/><W64/><G51/><T121/><D121/><U66/><E66/><V109/><F67/><W82/><G82/><N who="1" m="31274" /><E79/><V77/><F65/><W32/><G63/><T27/><D27/><U61/><E61/><V55/><F70/><W85/><G64/><T46/><D62/><U8/><AGARI ba="0,0" hai="8,10,11,18,19,48,49,50,91,95,96" m="31274" machi="8" ten="40,1500,0" yaku="8,1" doraHai="23" who="1" fromWho="1" sc="238,-4,190,15,192,-4,380,-7" owari="234,3.0,205,-19.0,188,-31.0,373,47.0" /></mjloggm>