<mjloggm ver="2.3"><GO type="193" lobby="0"/><UN n0="%44%69%64%6F%64%6F" n1="%E3%82%A8%E3%82%A2%E3%83%AD%E3%83%A0%E3%82%B9%E3%82%AF" n2="%E3%83%88%E3%83%88%E3%83%AA%E5%85%88%E7%94%9F%31%39%E6%AD%B3" n3="%E3%83%88%E3%83%A2%E3%83%8E%E3%82%A6%E3%83%A9" dan="12,12,8,12" rate="1704.60,1819.45,1875.17,1676.40" sx="F,M,F,M"/><TAIKYOKU oya="0"/><INIT seed="0,0,0,3,5,31" ten="250,250,250,250" oya="0" hai0="63,22,95,55,133,86,99,127,128,112,28,96,85" hai1="77,53,25,66,52,129,56,38,35,75,26,126,76" hai2="16,98,68,116,123,3,23,89,17,82,132,47,19" hai3="104,107,64,117,37,122,119,57,78,46,72,49,69"/><T111/><D112/><U51/><E38/><V105/><F123/><W29/><G122/><T74/><D74/><U81/><E129/><V60/><F3/><W135/><G135/><T1/><D1/><U102/><E102/><V14/><F132/><W13/><G13/><T39/><D39/><U43/><E126/><V59/><F68/><W103/><G29/><T115/><D115/><U120/><E120/><V7/><F116/><W30/><G30/><T113/><D113/><U83/><E35/><V109/><F109/><W94/><G94/><T11/><D111/><U44/><E66/><V36/><F7/><W41/><G78/><T124/><D133/><U108/><E108/><V2/><F2/><W87/><G87/><N who="0" m="33291" /><D128/><U101/><E101/><V121/><F121/><W27/><G27/><N who="1" m="10250" /><E75/><V92/><F105/><W32/><G32/><T70/><D28/><U5/><E5/><V0/><F82/><N who="1" m="31241" /><E43/><V12/><F0/><W118/><G72/><T125/><D22/><U91/><E91/><V24/><F14/><W62/><G103/><T73/><D73/><U8/><E8/><V131/><F131/><W100/><G100/><T50/><D95/><U45/><E45/><V80/><F80/><W61/><G107/><T90/><D90/><U9/><E9/><V84/><F12/><W33/><G104/><T93/><D93/><U20/><E20/><V6/><F6/><W110/><G110/><T40/><D11/><U106/><E106/><V21/><F21/><W4/><G33/><T67/><D40/><U58/><E44/><AGARI ba="0,0" hai="44,50,55,63,67,70,96,99,124,125,127" m="33291" machi="44" ten="30,1500,0" yaku="18,1" doraHai="31" who="0" fromWho="1" sc="250,15,250,-15,250,0,250,0" /><INIT seed="0,1,0,3,5,95" ten="265,235,250,250" oya="0" hai0="78,129,18,68,53,99,111,131,98,64,0,41,73" hai1="62,69,96,43,67,12,127,25,86,100,115,66,59" hai2="50,72,15,7,124,13,8,107,26,125,36,94,19" hai3="109,38,123,14,37,60,116,120,126,133,2,88,132"/><T70/><D0/><U52/><E127/><N who="2" m="48715" /><F107/><W113/><G126/><T110/><D41/><U114/><E43/><V33/><F36/><N who="3" m="13931" /><G2/><T102/><D64/><U24/><E86/><V130/><F72/><W93/><G14/><T55/><D102/><U135/><E12/><N who="2" m="5151" /><F130/><N who="0" m="49674" /><D78/><U89/><E135/><N who="3" m="51786" /><G60/><T80/><D18/><U75/><E75/><V30/><F50/><W32/><G32/><T20/><D20/><U90/><E90/><V84/><F19/><W61/><G61/><T11/><D11/><U4/><E89/><AGARI ba="1,0" hai="13,15,26,30,33,84,89,94" m="5151,48715" machi="89" ten="30,1000,0" yaku="18,1" doraHai="95" who="2" fromWho="1" sc="265,0,235,-13,250,13,250,0" /><INIT seed="1,0,0,4,1,4" ten="265,222,263,250" oya="1" hai0="33,43,63,40,92,84,57,116,127,91,3,112,36" hai1="105,120,6,83,86,29,16,28,0,80,56,97,13" hai2="14,26,11,55,126,103,115,59,124,93,71,76,107" hai3="45,134,67,106,31,111,46,34,131,62,96,65,75"/><U109/><E120/><V70/><F107/><W48/><G131/><T74/><D112/><U39/><E39/><V73/><F115/><W5/><G134/><T35/><D116/><U123/><E123/><V64/><F64/><W53/><G75/><T85/><D74/><U114/><E114/><V82/><F26/><W12/><G111/><T121/><D121/><U101/><E109/><V77/><F77/><W8/><G34/><T130/><D130/><U15/><E0/><V44/><F44/><W25/><G46/><T99/><D127/><N who="2" m="48682" /><F93/><W54/><G106/><T72/><D72/><U22/><E56/><V125/><F103/><W119/><G96/><T49/><D36/><U27/><E80/><V118/><F118/><W95/><G95/><T20/><D3/><U110/><E110/><V135/><F135/><W113/><G113/><T60/><D35/><U81/><E81/><V66/><F66/><W7/><G5/><T89/><D33/><U102/><E102/><V78/><F78/><W41/><G119/><T90/><D20/><U79/><REACH who="1" step="1"/><E6/><REACH who="1" ten="265,212,263,250" step="2"/><N who="2" m="3447" /><F125/><W51/><G31/><AGARI ba="0,1" hai="13,15,16,22,27,28,29,31,79,83,86,97,101,105" machi="31" ten="40,7700,0" yaku="1,1,54,1,53,1" doraHai="4" doraHaiUra="100" who="1" fromWho="3" sc="265,0,212,87,263,0,250,-77" /><INIT seed="1,1,0,1,4,51" ten="265,299,263,173" oya="1" hai0="80,115,9,8,134,90,110,74,128,14,79,99,83" hai1="82,50,73,121,124,36,37,93,101,63,106,88,108" hai2="28,20,5,68,3,127,18,69,13,86,54,89,11" hai3="16,30,1,55,38,66,23,84,47,58,102,44,29"/><U113/><E113/><V122/><F122/><W116/><G1/><T96/><D115/><U92/><E121/><V133/><F133/><W118/><G38/><T10/><D134/><U104/><E63/><V105/><F105/><N who="1" m="40553" /><E50/><V70/><F127/><W71/><G71/><T22/><D110/><U40/><E40/><V62/><F28/><N who="3" m="10859" /><G102/><T0/><D0/><U75/><E37/><V100/><F100/><W67/><G84/><T77/><D128/><U45/><E45/><N who="3" m="17482" /><G116/><T39/><D39/><U35/><E35/><V97/><F97/><W109/><G118/><T126/><D126/><U43/><E43/><V85/><REACH who="2" step="1"/><F89/><REACH who="2" ten="265,299,253,173" step="2"/><W56/><G109/><T98/><D90/><U87/><E108/><V132/><F132/><W25/><G58/><AGARI ba="1,1" hai="3,5,11,13,18,20,54,58,62,68,69,70,85,86" machi="58" ten="40,5200,0" yaku="1,1,52,1,53,1" doraHai="51" doraHaiUra="7" who="2" fromWho="3" sc="265,0,299,0,253,65,173,-55" /><INIT seed="2,0,0,3,3,113" ten="265,299,318,118" oya="2" hai0="65,26,72,112,96,97,21,118,106,57,135,120,80" hai1="95,76,74,98,82,58,15,53,55,71,7,35,78" hai2="107,14,108,123,83,103,100,33,31,68,36,102,45" hai3="2,73,50,132,81,41,59,8,67,134,69,104,116"/><V51/><F123/><W12/><G104/><T60/><D120/><U61/><E71/><V91/><F68/><W4/><G69/><T42/><D112/><U127/><E35/><V25/><F36/><W122/><G122/><T94/><D135/><N who="3" m="51753" /><G2/><T29/><D106/><U18/><E7/><V111/><F107/><W89/><G67/><T20/><D118/><U125/><E78/><V48/><F14/><W56/><G116/><T90/><D42/><U128/><E128/><V28/><F28/><W117/><G117/><T115/><D115/><U37/><E37/><V43/><F51/><W34/><G34/><T114/><D114/><U0/><E0/><V105/><F105/><W10/><G10/><T63/><D63/><U22/><REACH who="1" step="1"/><E55/><REACH who="1" ten="265,289,318,118" step="2"/><V30/><F33/><W79/><G89/><AGARI ba="0,1" hai="15,18,22,53,58,61,74,76,82,89,95,98,125,127" machi="89" ten="40,2600,0" yaku="1,1,2,1,53,0" doraHai="113" doraHaiUra="3" who="1" fromWho="3" sc="265,0,289,36,318,0,118,-26" /><INIT seed="3,0,0,3,1,23" ten="265,325,318,92" oya="3" hai0="16,45,134,128,72,9,109,75,20,80,105,79,107" hai1="87,44,36,71,112,129,93,86,96,34,42,68,135" hai2="88,114,29,43,99,73,7,77,30,85,47,37,33" hai3="133,51,57,81,104,19,127,91,21,13,28,97,103"/><W25/><G133/><T108/><D45/><U116/><E112/><V101/><F114/><W120/><G127/><T50/><D50/><U113/><E135/><V119/><F119/><W0/><G0/><T35/><D35/><U39/><E34/><V94/><F33/><W106/><G120/><T65/><D65/><U125/><E113/><V110/><F110/><N who="0" m="42602" /><D134/><U102/><E116/><V40/><F40/><W8/><G106/><N who="0" m="40459" /><D9/><U100/><E36/><V15/><F77/><W111/><G111/><T58/><D58/><U6/><E6/><V70/><F73/><W27/><G27/><N who="0" m="14727" /><D128/><U74/><E129/><V46/><F70/><W92/><G81/><T22/><D22/><U66/><E71/><V64/><F64/><W38/><G38/><T49/><D49/><U130/><E130/><V61/><F61/><W121/><G121/><T53/><D53/><U132/><E66/><V123/><F123/><W59/><REACH who="3" step="1"/><G51/><REACH who="3" ten="265,325,318,82" step="2"/><T26/><D26/><U4/><E132/><V60/><F37/><W118/><G118/><T55/><D55/><U83/><E39/><V1/><F1/><W98/><AGARI ba="0,1" hai="8,13,19,21,25,28,57,59,91,92,97,98,103,104" machi="98" ten="20,12000,1" yaku="1,1,0,1,7,1,52,1,53,1" doraHai="23" doraHaiUra="89" who="3" fromWho="3" sc="265,-40,325,-40,318,-40,82,130" /><INIT seed="3,1,0,2,4,99" ten="225,285,278,212" oya="3" hai0="82,120,12,129,90,133,46,47,94,80,89,20,76" hai1="31,79,4,39,38,111,36,23,44,130,71,65,116" hai2="105,32,54,61,110,15,8,2,100,1,14,6,121" hai3="9,92,34,5,95,62,131,132,118,85,42,72,17"/><W135/><G118/><T56/><D120/><U109/><E116/><V53/><F32/><W128/><G34/><T126/><D133/><N who="3" m="51273" /><G72/><T33/><D33/><U50/><E79/><V69/><F121/><W87/><G62/><T22/><D129/><N who="3" m="49737" /><G42/><T13/><D126/><U11/><E130/><V75/><F110/><N who="1" m="41993" /><E65/><V49/><F75/><W55/><G55/><T123/><D123/><U68/><E68/><V28/><F53/><W91/><G17/><T40/><D76/><U63/><E63/><V10/><F28/><W26/><G26/><T18/><D18/><U113/><E71/><V27/><F27/><W74/><G74/><T115/><D115/><U29/><E113/><V81/><F61/><W107/><G107/><T83/><D94/><N who="3" m="35881" /><G91/><N who="0" m="34827" /><D56/><U78/><E23/><N who="0" m="8745" /><D40/><N who="1" m="24839" /><E78/><V102/><F69/><W19/><G19/><T51/><D51/><U86/><E86/><V66/><F105/><W122/><G122/><T98/><D98/><U134/><E134/><V60/><F60/><W119/><G119/><T59/><D59/><U43/><E43/><V67/><F54/><W101/><G101/><T106/><D106/><U97/><E97/><V93/><F49/><W45/><G45/><AGARI ba="1,0" hai="12,13,45,46,47,80,82,83" m="8745,34827" machi="45" ten="30,3900,0" yaku="28,2,8,1" doraHai="99" who="0" fromWho="3" sc="225,42,285,0,278,0,212,-42" /><INIT seed="4,0,0,3,0,41" ten="267,285,278,170" oya="0" hai0="61,42,49,19,105,27,26,54,17,29,78,94,15" hai1="16,135,121,103,52,96,124,119,131,2,98,18,112" hai2="109,5,111,44,101,80,107,93,70,92,39,129,64" hai3="6,110,38,25,133,68,117,116,71,108,60,127,74"/><T76/><D105/><U99/><E119/><N who="3" m="45642" /><G74/><T73/><D73/><U130/><E121/><V51/><F39/><W1/><G25/><N who="0" m="9227" /><D29/><U36/><E36/><V63/><F129/><N who="1" m="49161" /><E2/><V86/><F5/><W22/><G22/><N who="0" m="11583" /><D42/><U3/><E3/><V53/><F107/><W56/><G6/><T77/><D61/><U134/><E124/><V57/><F70/><N who="3" m="26667" /><G1/><T10/><D94/><N who="1" m="58775" /><E112/><V88/><REACH who="2" step="1"/><F101/><REACH who="2" ten="267,285,268,170" step="2"/><W120/><G120/><T46/><D19/><U31/><E18/><V123/><F123/><W128/><G127/><T11/><AGARI ba="0,1" hai="10,11,46,49,54,76,77,78" m="11583,9227" machi="11" ten="30,3000,0" yaku="8,1,52,1" doraHai="41" who="0" fromWho="0" sc="267,40,285,-10,268,-10,170,-10" owari="307,40.0,275,8.0,258,-14.0,160,-34.0" /></mjloggm>