<mjloggm ver="2.3"><GO type="169" lobby="0"/><UN n0="%E3%82%A6%E3%83%AB%E3%83%88%E3%83%A9%E7%AB%8B%E7%9B%B4" n1="%6D%6F%6D%6F%2D" n2="%E3%83%86%E3%83%B3%E3%83%91%E3%82%A4%E5%B0%91%E5%B9%B4" n3="%E3%83%98%E3%82%AF%E3%82%B5%E3%83%BC" dan="17,16,16,16" rate="2198.88,2012.45,2083.33,2155.73" sx="M,M,M,M"/><TAIKYOKU oya="0"/><INIT seed="0,0,0,4,5,70" ten="250,250,250,250" oya="0" hai0="22,97,117,75,42,94,52,125,58,128,25,62,131" hai1="18,111,46,44,113,74,65,89,3,21,48,98,123" hai2="104,59,68,121,47,36,122,24,109,0,20,83,15" hai3="124,130,67,37,28,29,33,39,72,105,116,27,81"/><T73/><D117/><U106/><E123/><V95/><F68/><W101/><G116/><T110/><D42/><U66/><E113/><V92/><F104/><W32/><G130/><N who="0" m="49707" /><D125/><U17/><E74/><V120/><F0/><W13/><G124/><T9/><D9/><U2/><E111/><V8/><F109/><W64/><G13/><T38/><D38/><U88/><E21/><V53/><F83/><W79/><G101/><N who="0" m="60599" /><D110/><U7/><E48/><V57/><F36/><W126/><G126/><T63/><D63/><U76/><E98/><V96/><F96/><W114/><G105/><T35/><D35/><U100/><E106/><V93/><F53/><W119/><G119/><T91/><D91/><U118/><E118/><V107/><F107/><W5/><G114/><T34/><D34/><U60/><E100/><V80/><F80/><W41/><G5/><T4/><D4/><U14/><E7/><V78/><F122/><W16/><G39/><T71/><D71/><U115/><E115/><V49/><F121/><W102/><G102/><T12/><D12/><U132/><E14/><V90/><F15/><W77/><G77/><T50/><D50/><U87/><E76/><V108/><F49/><W86/><G72/><T26/><D26/><U82/><E60/><V127/><F24/><N who="3" m="18439" /><G37/><T103/><D103/><U1/><E1/><V61/><F90/><W133/><G41/><T40/><D40/><U19/><E89/><V11/><F127/><W6/><G6/><T55/><D55/><U99/><E88/><V129/><F120/><W85/><G33/><T30/><AGARI ba="0,0" hai="22,25,30,52,58,62,73,75" m="60599,49707" machi="30" ten="30,6000,0" yaku="5,1,19,1,54,1" doraHai="70" who="0" fromWho="0" sc="250,60,250,-20,250,-20,250,-20" /><INIT seed="0,1,0,0,3,102" ten="310,230,230,230" oya="0" hai0="28,99,82,9,37,65,67,43,101,32,108,52,38" hai1="104,97,7,14,122,134,26,103,53,132,24,31,133" hai2="20,117,112,125,48,111,36,100,58,4,74,50,40" hai3="130,51,84,42,115,128,126,73,1,34,94,46,131"/><T5/><D108/><U19/><E122/><V10/><F112/><W21/><G115/><T85/><D28/><U33/><E7/><V109/><F125/><W88/><G34/><T41/><D32/><U17/><E26/><V56/><F20/><W110/><G126/><T61/><D38/><U13/><REACH who="1" step="1"/><E53/><REACH who="1" ten="310,220,230,230" step="2"/><V44/><F4/><W120/><G120/><T90/><D52/><U12/><AGARI ba="1,1" hai="12,13,14,17,19,24,31,33,97,103,104,132,133,134" machi="12" ten="40,16000,3" yaku="1,1,2,1,0,1,20,1,52,1,53,3" doraHai="102" doraHaiUra="8" who="1" fromWho="1" sc="310,-81,220,173,230,-41,230,-41" /><BYE who="0" /><INIT seed="1,0,0,0,0,127" ten="229,393,189,189" oya="1" hai0="56,132,23,101,59,32,65,120,67,116,60,25,95" hai1="133,48,8,81,49,63,121,123,41,124,105,55,126" hai2="99,100,37,44,62,108,22,129,134,16,1,38,58" hai3="26,86,36,96,97,11,131,9,12,20,104,34,61"/><U84/><E105/><UN n0="%E3%82%A6%E3%83%AB%E3%83%88%E3%83%A9%E7%AB%8B%E7%9B%B4" /><V47/><F108/><W112/><G112/><T90/><D32/><U89/><E133/><V91/><F134/><W17/><G34/><T42/><D132/><U51/><E8/><V125/><F125/><N who="1" m="48233" /><E41/><V53/><F1/><W35/><G36/><T7/><D116/><U111/><E111/><V6/><F6/><W109/><G109/><T74/><D120/><N who="1" m="46155" /><E63/><V3/><F3/><W10/><G104/><T13/><D7/><U122/><N who="1" m="46163" /><U93/><DORA hai="0" /><E93/><V118/><F118/><W46/><G61/><T117/><D42/><U14/><E14/><V79/><F38/><W98/><G12/><T50/><D13/><U83/><E83/><V110/><F37/><W135/><G135/><T130/><D117/><U102/><E102/><V103/><F110/><W73/><G10/><T66/><D101/><U28/><E28/><V82/><F103/><W43/><G9/><T30/><D30/><U64/><E64/><V57/><F100/><W107/><G11/><T21/><D66/><U75/><E75/><V45/><F79/><W33/><G73/><T40/><D74/><U29/><E29/><V87/><F99/><W15/><G107/><T80/><D65/><U4/><E4/><V18/><F22/><W52/><G97/><N who="0" m="57591" /><D80/><U76/><E76/><V70/><F70/><W72/><G96/><T119/><D119/><U94/><E81/><V19/><REACH who="2" step="1"/><F58/><AGARI ba="0,0" hai="48,49,51,55,58,84,89,94" m="46163,48233" machi="58" ten="40,2000,0" yaku="18,1" doraHai="127,0" who="1" fromWho="2" sc="229,0,393,20,189,-20,189,0" /><INIT seed="1,1,0,2,3,70" ten="229,413,169,189" oya="1" hai0="20,75,85,15,134,26,64,84,77,98,111,91,46" hai1="21,99,5,92,106,135,8,69,114,58,48,23,33" hai2="19,18,67,95,55,50,6,9,102,104,0,88,123" hai3="36,68,4,57,29,11,100,7,121,25,66,133,115"/><U125/><E114/><V72/><F123/><W2/><G121/><T129/><D75/><U124/><E69/><V53/><F72/><W73/><G115/><T10/><D111/><U90/><E33/><V17/><F67/><W32/><G133/><T97/><D129/><U56/><E106/><V37/><F37/><W96/><G73/><T87/><D134/><U59/><E48/><V113/><F113/><W34/><G57/><T31/><D64/><U22/><REACH who="1" step="1"/><E135/><REACH who="1" ten="229,403,169,189" step="2"/><V89/><F104/><N who="3" m="63495" /><G32/><T132/><D132/><U60/><E60/><V52/><REACH who="2" step="1"/><F50/><REACH who="2" ten="229,403,159,189" step="2"/><W120/><G120/><T24/><D77/><U62/><E62/><V51/><F51/><W28/><G68/><T38/><D38/><U131/><E131/><V126/><F126/><W116/><G36/><T78/><D78/><U110/><E110/><V101/><F101/><W47/><G116/><T39/><D39/><U30/><E30/><V118/><F118/><W108/><G28/><T43/><D31/><U76/><E76/><V41/><F41/><W103/><G108/><T117/><D43/><U49/><E49/><V80/><F80/><W63/><G103/><T40/><D117/><U3/><AGARI ba="1,2" hai="3,5,8,21,22,23,56,58,59,90,92,99,124,125" machi="3" ten="40,3900,0" yaku="1,1,0,1,53,0" doraHai="70" doraHaiUra="107" who="1" fromWho="1" sc="229,-14,403,62,159,-14,189,-14" /><INIT seed="1,2,0,3,4,96" ten="215,465,145,175" oya="1" hai0="132,85,36,65,103,72,84,45,104,113,29,123,80" hai1="10,78,76,32,46,12,135,42,43,27,77,79,19" hai2="69,126,39,94,127,87,100,13,50,61,24,107,130" hai3="53,134,18,64,49,108,20,2,90,105,75,23,58"/><U97/><E135/><V38/><F107/><W68/><G134/><T54/><D45/><U102/><N who="1" m="19456" /><DORA hai="11" /><U121/><E121/><V44/><F24/><W8/><G75/><T59/><D54/><U112/><E112/><V110/><F110/><W86/><G108/><T28/><D59/><U95/><REACH who="1" step="1"/><E46/><REACH who="1" ten="215,455,145,175" step="2"/><V5/><F44/><W83/><G105/><T128/><D104/><U119/><E119/><V4/><F127/><W92/><G68/><T81/><D113/><U67/><E67/><V0/><F126/><W16/><G64/><T98/><D65/><U70/><E70/><V51/><F69/><W122/><G122/><T52/><D123/><U60/><E60/><V6/><F61/><W40/><G58/><T48/><D132/><U33/><E33/><V47/><F47/><W17/><G49/><T111/><D48/><U106/><E106/><V129/><F51/><W26/><G40/><T57/><D57/><U1/><E1/><V116/><F50/><W15/><G2/><T93/><D111/><U73/><E73/><V131/><F0/><W62/><G62/><T109/><D109/><U35/><E35/><V37/><F116/><W63/><G63/><T74/><D72/><U101/><E101/><V9/><F100/><W118/><G118/><T88/><D103/><U117/><E117/><V14/><F9/><W115/><G115/><T56/><D74/><U89/><E89/><AGARI ba="2,1" hai="4,5,6,13,14,37,38,39,87,89,94,129,130,131" machi="89" ten="60,8000,1" yaku="29,2,19,1,52,2" doraHai="96,11" who="2" fromWho="1" sc="215,0,455,-86,145,96,175,0" /><INIT seed="2,0,0,0,2,120" ten="215,369,241,175" oya="2" hai0="20,61,23,14,89,62,40,118,50,7,27,1,113" hai1="121,67,91,125,24,83,59,5,105,57,9,84,10" hai2="90,43,82,28,63,42,11,130,131,77,58,4,32" hai3="48,66,74,44,68,88,56,106,22,60,101,33,116"/><V110/><F32/><W13/><G116/><T38/><D38/><U114/><E114/><V99/><F28/><W132/><G33/><T39/><D39/><U71/><E121/><V37/><F99/><W128/><G74/><T92/><D1/><U98/><E125/><V87/><F90/><W53/><G132/><T80/><D80/><U135/><E135/><V112/><F112/><W117/><G117/><T115/><D118/><U17/><E71/><V15/><F110/><W55/><G128/><N who="2" m="49193" /><F37/><W36/><G36/><T76/><D76/><U72/><E72/><V25/><F25/><W78/><G78/><T111/><D111/><U52/><E105/><V19/><F19/><W126/><G126/><T100/><D100/><U3/><E98/><V73/><F73/><W51/><G106/><T124/><D124/><U65/><E59/><V30/><F30/><W46/><G101/><T129/><D129/><U64/><E24/><V18/><F18/><N who="3" m="10575" /><G68/><T133/><D133/><U49/><E10/><V123/><F123/><W6/><G6/><T70/><D70/><U54/><E17/><V75/><F75/><W26/><G26/><T29/><D115/><U119/><E119/><V93/><F93/><W86/><G86/><N who="0" m="52279" /><D113/><U122/><E122/><V41/><F41/><W8/><G8/><N who="0" m="4383" /><D20/><U85/><E85/><V34/><F34/><W107/><G107/><T81/><D81/><U109/><E109/><V94/><F94/><W102/><G102/><T134/><D134/><U16/><E16/><V95/><F95/><W0/><G88/><T97/><D97/><U21/><E21/><RYUUKYOKU ba="0,0" sc="215,0,369,0,241,0,175,0" hai0="23,27,29,40,50,61,62" hai1="3,5,9,49,52,54,57,64,65,67,83,84,91" hai2="4,11,15,42,43,58,63,77,82,87" hai3="0,44,46,48,51,53,55,56,60,66" /><INIT seed="2,1,0,0,4,71" ten="215,369,241,175" oya="2" hai0="82,13,64,9,34,2,116,124,57,101,128,104,108" hai1="84,75,81,37,18,63,112,97,110,105,125,87,22" hai2="96,61,25,21,38,66,95,52,55,1,120,72,129" hai3="107,119,20,109,6,44,115,69,106,127,11,102,79"/><V134/><F120/><W43/><G119/><T78/><D108/><U32/><E110/><V47/><F129/><W80/><G109/><T132/><D124/><U65/><E125/><V60/><F134/><W8/><G127/><T48/><D128/><U126/><E126/><V50/><F72/><W15/><G115/><T53/><D132/><U29/><E112/><V100/><F1/><W77/><G69/><T27/><D116/><U67/><E75/><V54/><F38/><W70/><G70/><T93/><D104/><U12/><E37/><V28/><REACH who="2" step="1"/><F61/><REACH who="2" ten="215,369,231,175" step="2"/><W30/><G107/><T111/><D2/><U73/><E63/><V5/><F5/><W118/><G118/><T94/><D111/><U10/><E73/><V113/><F113/><W16/><G6/><T31/><D64/><U85/><E65/><V131/><F131/><W122/><G122/><T3/><D3/><U14/><E67/><V41/><F41/><W45/><G43/><T89/><D101/><U103/><E103/><V91/><F91/><W74/><G79/><T58/><D89/><U0/><E0/><V42/><F42/><W135/><G135/><T68/><D78/><U33/><E105/><V83/><F83/><W99/><G74/><T49/><D82/><U35/><E81/><V133/><F133/><W98/><G80/><T62/><D62/><U26/><E97/><V17/><F17/><N who="3" m="8423" /><G98/><T88/><D88/><U130/><E130/><V117/><F117/><W40/><G77/><T59/><D94/><U4/><AGARI ba="1,1" hai="4,10,12,14,18,22,26,29,32,33,35,84,85,87" machi="4" ten="30,1100,0" yaku="0,1" doraHai="71" who="1" fromWho="1" sc="215,-4,369,24,231,-6,175,-4" /><INIT seed="3,0,0,2,3,61" ten="211,393,225,171" oya="3" hai0="67,16,70,132,17,63,46,2,118,112,56,38,121" hai1="53,122,69,127,101,24,66,62,92,68,109,41,114" hai2="93,129,36,131,100,102,130,119,54,14,0,78,9" hai3="90,35,44,42,60,120,59,55,97,80,103,8,84"/><W128/><G128/><T87/><D2/><U98/><E122/><V29/><F119/><W95/><G120/><T27/><D118/><U12/><E114/><V32/><F36/><W91/><G35/><T10/><D121/><U123/><E123/><V72/><F0/><W49/><REACH who="3" step="1"/><G8/><REACH who="3" ten="211,393,225,161" step="2"/><T34/><D34/><U83/><E127/><V13/><F32/><W110/><G110/><T133/><D10/><U19/><E109/><V89/><F9/><W4/><G4/><T76/><D132/><U22/><E22/><V71/><F131/><W94/><G94/><T26/><D133/><U106/><E92/><V111/><F93/><W134/><G134/><T96/><D112/><U31/><E106/><V51/><F111/><W65/><G65/><T48/><D67/><U88/><E66/><V18/><F130/><W107/><G107/><T5/><D5/><U75/><E83/><V20/><F129/><W73/><G73/><T113/><D113/><U47/><E75/><V3/><F72/><W135/><G135/><T23/><D17/><U15/><E19/><V117/><F18/><W50/><G50/><T6/><D16/><U125/><E125/><V99/><F51/><W126/><G126/><T40/><D6/><U45/><E31/><V57/><F29/><W58/><G58/><T39/><D56/><U52/><E69/><V7/><F57/><W79/><AGARI ba="0,1" hai="42,44,49,55,59,60,79,80,84,90,91,95,97,103" machi="79" ten="20,12000,1" yaku="1,1,0,1,7,1,8,1,53,1" doraHai="61" doraHaiUra="74" who="3" fromWho="3" sc="211,-40,393,-40,225,-40,161,130" /><INIT seed="3,1,0,5,1,21" ten="171,353,185,291" oya="3" hai0="133,13,15,91,62,31,51,129,68,59,9,124,50" hai1="119,92,54,66,134,12,24,109,65,30,104,74,78" hai2="41,125,98,16,39,85,10,116,3,113,34,2,97" hai3="132,128,11,87,115,25,77,103,84,29,26,102,121"/><W35/><G121/><T108/><D68/><U120/><E104/><V131/><F113/><W100/><G115/><T42/><D108/><U79/><E120/><V18/><F116/><W49/><G128/><T20/><D129/><U0/><E119/><V4/><F131/><W111/><G111/><T61/><D124/><U106/><E0/><V37/><F125/><W70/><G132/><T76/><D76/><U122/><E106/><V6/><F85/><W69/><G49/><T38/><D38/><U58/><E109/><V27/><F41/><W8/><G77/><T110/><D133/><U127/><E127/><V53/><F53/><W19/><G19/><T81/><D110/><U96/><E74/><V73/><F73/><W67/><G67/><T5/><D42/><U23/><E78/><V36/><F34/><W48/><G48/><T64/><D61/><N who="1" m="36055" /><E134/><V47/><F47/><W114/><G114/><T45/><D45/><U14/><E79/><V56/><F56/><W72/><G72/><T112/><D112/><U55/><E55/><V22/><REACH who="2" step="1"/><F18/><REACH who="2" ten="171,353,175,291" step="2"/><W52/><G52/><T101/><D59/><U107/><E122/><V93/><F93/><W43/><G43/><T46/><D46/><U71/><E107/><V130/><F130/><W135/><G135/><T95/><D62/><U33/><E33/><V40/><F40/><W57/><G57/><T90/><D81/><U44/><E44/><V60/><F60/><W32/><G84/><T83/><D83/><U105/><E105/><V7/><F7/><W99/><G87/><T17/><D5/><U94/><E92/><RYUUKYOKU ba="1,1" sc="171,-10,353,-10,175,30,291,-10" hai2="2,3,4,6,10,16,22,27,36,37,39,97,98" /><INIT seed="4,2,1,2,5,99" ten="161,343,205,281" oya="0" hai0="102,133,57,105,132,50,86,116,46,128,83,1,78" hai1="127,37,84,100,43,104,29,95,9,3,109,71,18" hai2="134,32,111,24,14,119,90,35,129,36,39,16,52" hai3="65,58,19,122,130,73,123,77,103,34,113,106,96"/><T112/><D1/><U64/><E109/><V72/><F111/><W49/><G113/><T88/><D116/><U131/><E29/><V31/><F35/><W17/><G130/><T67/><D128/><U4/><E131/><V28/><F129/><W25/><G34/><T85/><D112/><U26/><E127/><V8/><F31/><W115/><G115/><T114/><D114/><U97/><E43/><V23/><F72/><W63/><G49/><T0/><D0/><U27/><E37/><V21/><F119/><W33/><G33/><T59/><D105/><U126/><E126/><V22/><F134/><N who="0" m="51818" /><D67/><U79/><E18/><V2/><F90/><W66/><G66/><T121/><D102/><U107/><E107/><V53/><REACH who="2" step="1"/><F2/><REACH who="2" ten="161,343,195,281" step="2"/><W70/><G73/><T75/><D121/><U92/><E3/><V20/><N who="2" m="5120" /><DORA hai="47" /><V62/><F62/><W40/><G123/><T13/><D13/><U120/><E26/><V15/><F15/><W55/><G25/><T44/><D75/><U80/><E27/><V110/><F110/><W42/><G122/><T45/><D50/><U76/><E120/><V87/><F87/><W48/><G48/><T124/><D124/><U98/><E79/><V68/><F68/><W108/><G77/><T117/><D117/><U93/><E71/><V60/><F60/><N who="3" m="35935" /><G108/><T101/><D101/><U51/><E51/><V10/><F10/><W94/><G70/><T118/><D118/><U41/><E9/><V125/><F125/><W30/><G103/><T38/><D38/><AGARI ba="2,2" hai="8,14,16,24,28,32,36,38,39,52,53" m="5120" machi="38" ten="50,6400,0" yaku="1,1,54,2,53,0" doraHai="99,47" doraHaiUra="135,89" who="2" fromWho="0" sc="161,-70,343,0,195,90,281,0" /><INIT seed="5,0,0,2,2,128" ten="91,343,285,281" oya="1" hai0="59,18,75,53,64,8,82,69,62,12,98,24,57" hai1="51,124,22,115,70,125,102,20,109,135,85,14,119" hai2="105,123,9,4,103,52,55,34,107,7,61,40,81" hai3="122,58,118,77,88,114,25,30,108,71,13,76,11"/><U60/><E119/><V15/><F123/><W10/><G108/><T44/><D75/><U16/><E109/><V126/><F34/><W130/><G122/><T132/><D98/><U47/><E115/><V92/><F126/><N who="1" m="48745" /><E102/><V80/><F40/><W78/><G130/><T86/><D24/><U95/><E22/><V35/><F35/><W1/><G71/><T48/><REACH who="0" step="1"/><D132/><REACH who="0" ten="81,343,285,281" step="2"/><U33/><E135/><V54/><F103/><W99/><G114/><T90/><AGARI ba="0,1" hai="8,12,18,44,48,53,57,59,62,64,69,82,86,90" machi="90" ten="20,12000,2" yaku="1,1,2,1,0,1,7,1,25,2,53,1" doraHai="128" doraHaiUra="46" who="0" fromWho="0" sc="81,130,343,-60,285,-30,281,-30" /><INIT seed="6,0,0,5,3,48" ten="211,283,255,251" oya="2" hai0="134,103,127,34,30,57,25,128,83,24,85,113,5" hai1="46,31,89,37,21,88,79,28,131,32,102,96,117" hai2="20,107,71,29,44,132,13,91,17,68,133,110,26" hai3="64,10,93,114,66,86,8,35,121,50,22,78,105"/><V119/><F119/><W123/><G35/><T92/><D113/><U98/><E117/><V75/><F107/><W19/><G105/><T120/><D127/><U77/><E131/><V118/><F118/><W111/><G111/><T1/><D128/><U101/><E32/><V87/><F110/><W99/><G114/><T0/><D134/><N who="2" m="51818" /><F75/><W54/><G123/><T81/><D120/><U52/><E37/><V69/><F44/><N who="3" m="27975" /><G121/><T115/><D115/><U16/><E96/><V106/><F106/><W80/><G8/><T70/><D70/><U42/><E42/><V27/><F29/><N who="1" m="11337" /><E79/><V108/><F108/><W58/><G10/><T39/><D39/><U130/><E77/><V135/><N who="2" m="51826" /><V129/><DORA hai="60" /><F129/><W55/><G55/><T126/><D126/><U125/><E125/><V94/><AGARI ba="0,0" hai="13,17,20,26,27,68,69,71,87,91,94" m="51826" machi="94" ten="50,2400,0" yaku="20,1" doraHai="48,60" who="2" fromWho="2" sc="211,-8,283,-8,255,24,251,-8" /><INIT seed="6,1,0,0,2,75" ten="203,275,279,243" oya="2" hai0="95,125,122,103,0,51,109,61,28,23,25,57,133" hai1="54,67,42,110,3,70,22,87,106,43,127,91,14" hai2="112,104,32,48,47,5,41,98,99,35,30,111,13" hai3="105,26,15,65,62,16,123,80,6,64,118,69,85"/><V135/><F112/><W83/><G118/><T108/><D122/><U11/><E106/><V132/><F111/><W119/><G119/><T93/><D125/><U71/><E127/><V49/><F49/><W129/><G123/><T131/><D131/><U58/><E110/><V116/><F116/><W31/><G129/><T113/><D133/><N who="2" m="51274" /><F30/><W130/><G130/><T101/><D113/><U37/><E3/><V100/><F99/><W59/><G6/><T33/><D0/><U1/><E1/><V38/><F38/><W7/><G7/><T29/><D51/><U17/><E70/><V124/><F124/><W78/><G105/><T134/><D134/><U90/><E37/><V121/><F121/><W2/><G2/><T115/><D115/><U18/><E71/><V81/><F81/><W63/><G83/><T94/><D33/><U19/><E67/><V86/><F86/><W24/><REACH who="3" step="1"/><G31/><REACH who="3" ten="203,275,279,233" step="2"/><T76/><D29/><U4/><E19/><V45/><F5/><W36/><G36/><T39/><D39/><U73/><E18/><V66/><F104/><W10/><AGARI ba="1,1" hai="10,15,16,24,26,59,62,63,64,65,69,78,80,85" machi="10" ten="20,8000,1" yaku="1,1,0,1,7,1,52,1,54,1,53,0" doraHai="75" doraHaiUra="40" who="3" fromWho="3" sc="203,-21,275,-21,279,-41,233,93" /><INIT seed="7,0,0,0,0,1" ten="182,254,238,326" oya="3" hai0="42,123,20,51,106,83,11,121,8,104,94,108,134" hai1="100,57,25,85,31,2,72,26,14,102,82,111,61" hai2="35,97,132,53,126,133,90,46,32,66,114,50,98" hai3="129,110,9,47,84,59,103,62,58,95,86,87,76"/><W16/><G129/><T17/><D108/><U99/><E72/><V130/><F114/><W112/><G112/><T118/><D118/><U7/><E2/><V33/><F130/><W54/><G110/><T27/><D134/><N who="2" m="51818" /><F126/><W69/><G47/><T122/><D42/><U41/><E41/><V4/><F4/><W113/><G69/><T40/><D40/><U22/><E111/><V109/><F109/><W64/><G113/><T116/><D116/><U107/><E26/><V89/><F66/><W43/><G43/><T131/><D131/><U23/><E107/><V105/><F98/><N who="3" m="59871" /><G76/><T67/><D67/><N who="1" m="39343" /><E99/><V30/><F30/><W96/><G96/><T21/><D51/><U101/><E7/><V128/><F128/><W6/><G6/><T73/><D94/><U60/><E60/><V91/><F91/><W0/><G0/><T38/><D38/><U18/><E100/><AGARI ba="0,0" hai="32,33,35,46,50,53,89,90,97,100,105" m="51818" machi="100" ten="40,1300,0" yaku="20,1" doraHai="1" who="2" fromWho="1" sc="182,0,254,-13,238,13,326,0" owari="182,-32.0,241,-16.0,251,5.0,326,43.0" /></mjloggm>