<mjloggm ver="2.3"><GO type="169" lobby="0"/><UN n0="%E5%AE%8C%E5%85%A8%E6%84%9F%E8%A6%9A%44" n1="%E3%82%A6%E3%83%AB%E3%83%88%E3%83%A9%E7%AB%8B%E7%9B%B4" n2="%69%73%63%6F%70%65" n3="%E9%81%A5%E3%83%9E%E3%83%BC%E3%82%AC%E3%83%AC%E3%83%83%E3%83%88" dan="16,16,16,16" rate="2099.60,2107.21,2103.81,2085.07" sx="M,M,M,F"/><TAIKYOKU oya="0"/><INIT seed="0,0,0,3,3,23" ten="250,250,250,250" oya="0" hai0="71,45,119,55,60,13,84,3,124,62,29,18,101" hai1="80,129,48,34,10,15,35,117,66,21,8,22,110" hai2="121,63,99,50,100,27,113,14,32,7,4,120,61" hai3="9,5,52,123,135,26,108,130,67,31,2,103,19"/><T85/><D119/><U1/><E66/><V134/><F113/><W96/><G108/><T68/><D3/><U58/><E80/><V97/><F50/><W12/><G135/><T94/><D124/><U92/><E92/><V91/><F91/><W40/><G130/><T76/><D29/><U64/><E48/><V132/><F14/><W72/><G40/><T0/><D0/><U122/><E58/><V47/><F47/><W37/><G37/><T104/><D104/><U83/><E64/><V33/><F100/><W86/><G67/><T133/><D45/><U42/><E83/><V17/><F17/><W36/><G36/><T106/><D106/><U105/><E105/><V118/><F118/><W77/><G123/><T24/><D13/><U73/><E73/><V115/><F115/><W20/><G72/><T57/><D133/><U93/><E42/><V75/><F75/><W11/><G86/><T43/><D43/><U127/><E127/><V69/><F69/><W112/><G112/><T131/><D131/><U90/><E1/><V109/><F109/><W51/><G77/><T56/><D76/><U88/><E88/><V87/><F87/><N who="0" m="33354" /><D101/><U46/><E46/><V114/><F114/><W54/><REACH who="3" step="1"/><G51/><REACH who="3" ten="250,250,250,240" step="2"/><T70/><D62/><U65/><E110/><V38/><F38/><W30/><G30/><T74/><D74/><U81/><E122/><V59/><F134/><W6/><G6/><T79/><D79/><U125/><E129/><V25/><F132/><W16/><G16/><T89/><D60/><U44/><E125/><V53/><F53/><W82/><G82/><RYUUKYOKU ba="0,1" sc="250,-15,250,-15,250,15,240,15" hai2="4,7,25,27,32,33,59,61,63,97,99,120,121" hai3="2,5,9,11,12,19,20,26,31,52,54,96,103" /><INIT seed="1,1,1,5,5,43" ten="235,235,265,255" oya="1" hai0="102,124,135,111,4,131,11,36,126,45,80,2,117" hai1="103,71,127,37,13,44,116,15,108,5,49,51,118" hai2="107,10,18,25,32,95,21,31,91,7,16,72,133" hai3="41,35,8,106,34,75,115,59,112,84,54,53,85"/><U66/><E103/><V60/><F107/><W9/><G59/><T82/><D117/><U99/><E99/><V97/><F133/><W46/><G41/><N who="0" m="22695" /><D135/><U57/><E13/><V12/><F72/><W100/><G100/><T19/><D102/><U98/><E98/><V14/><F60/><W94/><G94/><T78/><D19/><U130/><E15/><V28/><REACH who="2" step="1"/><F32/><REACH who="2" ten="235,235,255,255" step="2"/><W81/><G75/><N who="0" m="43103" /><D126/><U52/><E127/><V74/><F74/><W61/><G61/><T79/><D124/><U64/><E118/><V109/><F109/><W47/><REACH who="3" step="1"/><G81/><REACH who="3" ten="235,235,255,245" step="2"/><T70/><D82/><U50/><E116/><V89/><F89/><W110/><G110/><T77/><D111/><U67/><E108/><V27/><F27/><W122/><G122/><T120/><D120/><U24/><E24/><V83/><F83/><W33/><G33/><T101/><D101/><U23/><E71/><V68/><F68/><W96/><G96/><T90/><D70/><U113/><E66/><V17/><F17/><W3/><G3/><T62/><D90/><U0/><E67/><V76/><F76/><W26/><G26/><T125/><D62/><U69/><E64/><V56/><F56/><W128/><G128/><T119/><D131/><U105/><E69/><V30/><F30/><W123/><G123/><T48/><D119/><U38/><E130/><V65/><F65/><W22/><G22/><AGARI ba="1,3" hai="7,10,12,14,16,18,21,22,25,28,31,91,95,97" machi="22" ten="30,8000,1" yaku="1,1,7,1,8,1,54,1,53,1" doraHai="43" doraHaiUra="92" who="2" fromWho="3" sc="235,0,235,0,255,113,245,-83" /><INIT seed="2,0,0,0,5,43" ten="235,235,368,162" oya="2" hai0="90,45,58,104,57,36,49,88,133,41,63,109,15" hai1="128,13,85,65,98,69,83,73,78,37,60,101,82" hai2="116,12,53,28,18,89,62,23,81,94,31,134,2" hai3="29,46,86,115,1,131,7,67,59,51,123,106,99"/><V4/><F116/><W75/><G123/><T34/><D104/><U42/><E128/><V14/><F134/><W119/><G131/><T79/><D133/><U26/><E13/><V24/><F2/><W52/><G119/><T5/><D34/><U20/><E42/><V76/><F76/><W108/><G108/><T56/><D109/><U32/><E37/><V70/><F81/><W38/><G75/><T0/><D0/><U132/><E132/><V71/><F71/><W72/><G72/><T77/><D63/><U66/><E66/><V10/><F70/><W39/><G115/><T16/><D5/><U48/><E48/><V44/><F14/><W9/><G29/><T33/><D33/><U21/><E83/><V64/><F64/><W11/><G11/><BYE who="3" /><N who="0" m="6271" /><D36/><U105/><REACH who="1" step="1"/><E73/><REACH who="1" ten="235,225,368,162" step="2"/><V95/><F62/><UN n3="%E9%81%A5%E3%83%9E%E3%83%BC%E3%82%AC%E3%83%AC%E3%83%83%E3%83%88" /><W97/><G39/><T74/><D74/><U80/><E80/><V117/><F117/><W25/><G38/><T27/><D27/><U124/><E124/><V135/><F135/><W125/><G125/><T122/><D122/><U17/><E17/><V30/><F89/><AGARI ba="0,1" hai="41,45,49,56,57,58,77,79,88,89,90" m="6271" machi="89" ten="30,7700,0" yaku="8,1,52,1,54,2" doraHai="43" who="0" fromWho="2" sc="235,87,225,0,368,-77,162,0" /><INIT seed="3,0,0,4,2,70" ten="322,225,291,162" oya="3" hai0="2,80,68,20,118,38,100,124,44,104,43,123,1" hai1="59,92,5,89,4,15,109,125,11,111,57,40,8" hai2="41,62,105,28,113,36,117,9,63,83,19,3,46" hai3="22,88,82,110,42,75,132,66,96,50,56,39,129"/><W90/><G132/><T72/><D20/><U58/><E125/><V103/><F117/><W107/><G129/><T71/><D118/><U18/><E40/><V61/><F113/><W37/><G110/><N who="1" m="41994" /><E11/><V12/><F3/><N who="0" m="1034" /><D124/><U74/><E74/><V95/><F83/><W45/><G22/><T10/><D10/><U130/><E130/><V73/><F73/><W52/><G66/><T121/><D100/><U30/><E30/><V47/><F47/><W81/><G37/><T16/><D16/><U78/><E78/><V127/><F127/><W77/><REACH who="3" step="1"/><G82/><REACH who="3" ten="322,225,291,152" step="2"/><T7/><D38/><U48/><E48/><V53/><F28/><W65/><G65/><T24/><D80/><U135/><E135/><V27/><F36/><W26/><G26/><T93/><D24/><U120/><E120/><V87/><F27/><W94/><G94/><T91/><D93/><U23/><E23/><V114/><F114/><W49/><G49/><T85/><D123/><U122/><E122/><V51/><F105/><W33/><G33/><T134/><D104/><U35/><E35/><V106/><F106/><W32/><G32/><T102/><BYE who="3" /><D134/><U64/><E64/><V101/><F41/><W25/><G25/><T31/><D72/><U108/><E108/><V60/><N who="2" m="15360" /><DORA hai="55" /><V29/><F29/><W34/><G34/><T21/><D43/><U13/><E13/><V76/><F95/><W116/><G116/><T133/><D121/><U115/><E115/><V79/><F79/><W0/><G0/><T84/><D133/><U131/><E131/><V97/><F76/><W98/><G98/><AGARI ba="0,1" hai="4,5,8,15,18,57,58,59,89,92,98" m="41994" machi="98" ten="30,8000,1" yaku="6,1,14,1,52,3" doraHai="70,55" who="1" fromWho="3" sc="322,0,225,90,291,0,152,-80" /><INIT seed="4,0,0,3,0,69" ten="322,315,291,72" oya="0" hai0="50,123,27,98,97,3,96,23,39,125,93,5,8" hai1="86,82,84,14,35,13,59,112,74,49,7,91,31" hai2="102,19,92,83,30,1,60,57,54,129,124,128,17" hai3="34,26,61,68,94,120,79,87,77,6,52,28,42"/><T16/><D123/><U95/><E74/><V36/><F1/><W24/><G24/><T126/><D39/><U66/><E112/><UN n3="%E9%81%A5%E3%83%9E%E3%83%BC%E3%82%AC%E3%83%AC%E3%83%83%E3%83%88" /><V80/><F30/><W88/><G120/><T46/><REACH who="0" step="1"/><D93/><REACH who="0" ten="312,315,291,72" step="2"/><U130/><E130/><V58/><F36/><W117/><G117/><T106/><D106/><U76/><E7/><V62/><F129/><W43/><G6/><T131/><D131/><U38/><E38/><V105/><F128/><W78/><REACH who="3" step="1"/><G68/><REACH who="3" ten="312,315,291,62" step="2"/><T115/><D115/><U111/><E111/><V133/><F124/><W22/><G22/><T37/><D37/><U75/><E35/><V9/><F9/><W116/><G116/><T40/><AGARI ba="0,2" hai="3,5,8,16,23,27,40,46,50,96,97,98,125,126" machi="40" ten="30,6000,0" yaku="1,1,0,1,54,1,53,0" doraHai="69" doraHaiUra="107" who="0" fromWho="0" sc="312,80,315,-20,291,-20,62,-20" /><INIT seed="4,1,0,5,5,50" ten="392,295,271,42" oya="0" hai0="75,99,91,38,78,122,6,1,45,31,107,26,54" hai1="102,2,43,65,87,72,49,92,8,68,37,12,52" hai2="33,71,129,100,10,23,0,94,39,67,98,133,79" hai3="22,119,97,57,36,86,15,14,81,120,41,4,84"/><T19/><D122/><U28/><E72/><V66/><F33/><W53/><G120/><T48/><D19/><U20/><E2/><V16/><F39/><W126/><G119/><T116/><D116/><U105/><E105/><V42/><F42/><W59/><G126/><T32/><D38/><U46/><E28/><V56/><F71/><W113/><G113/><T95/><D107/><U7/><E20/><V93/><F133/><W114/><G114/><T9/><D78/><U121/><E121/><V24/><F129/><W63/><G36/><T83/><REACH who="0" step="1"/><D83/><REACH who="0" ten="382,295,271,42" step="2"/><U76/><E76/><V51/><F79/><N who="3" m="46143" /><G4/><T90/><D90/><U77/><E77/><V135/><F135/><W132/><G132/><T3/><D3/><U115/><E115/><V111/><F0/><W134/><G134/><T25/><D25/><U5/><E5/><V101/><F101/><W117/><G117/><T118/><D118/><U40/><E37/><V18/><F18/><W34/><G14/><T124/><D124/><U104/><E104/><V106/><F106/><W11/><G15/><T73/><AGARI ba="1,1" hai="1,6,9,26,31,32,45,48,54,73,75,91,95,99" machi="73" ten="30,6000,0" yaku="1,1,0,1,52,1,53,0" doraHai="50" doraHaiUra="109" who="0" fromWho="0" sc="382,73,295,-21,271,-21,42,-21" /><INIT seed="4,2,0,1,2,24" ten="455,274,250,21" oya="0" hai0="43,45,16,48,99,111,57,61,36,117,130,82,20" hai1="88,72,131,89,15,115,59,2,60,54,79,64,6" hai2="18,22,112,34,40,125,120,27,128,104,0,118,65" hai3="8,74,73,49,10,26,102,12,70,119,95,37,4"/><T103/><D117/><U133/><E2/><V116/><F104/><W47/><G119/><N who="2" m="45609" /><F65/><W28/><G70/><T63/><D130/><U96/><E131/><V105/><F105/><W62/><G62/><T52/><D111/><U124/><E72/><V98/><F98/><W25/><G37/><T122/><D82/><U23/><E79/><V33/><F40/><W100/><G26/><T86/><D86/><U46/><E96/><V30/><F128/><W53/><G100/><T11/><D11/><N who="1" m="4599" /><E124/><V55/><F55/><W126/><G126/><T113/><D113/><U134/><E115/><V44/><F44/><W106/><G106/><T83/><D83/><U68/><E23/><N who="2" m="15743" /><F125/><W67/><G67/><T1/><D1/><U110/><E46/><V107/><F107/><W50/><G95/><T71/><D122/><U9/><E110/><V3/><F112/><W90/><G102/><T80/><D80/><U84/><E84/><V94/><F94/><W58/><G90/><N who="1" m="34922" /><E54/><V129/><F129/><W38/><G38/><T29/><D71/><U135/><E68/><V5/><F120/><W97/><G97/><T76/><D76/><U69/><E69/><V77/><F0/><W81/><G81/><T87/><D87/><U51/><E51/><V91/><F91/><W78/><G78/><T39/><D36/><U32/><E59/><V101/><F101/><W66/><G66/><T92/><D39/><U121/><E64/><V109/><F109/><W123/><G123/><T31/><D63/><U85/><E121/><V17/><F77/><W21/><G10/><T93/><D92/><RYUUKYOKU ba="2,0" sc="455,15,274,-15,250,-15,21,15" hai0="16,20,29,31,43,45,48,52,57,61,93,99,103" hai3="4,8,12,21,25,28,47,49,50,53,58,73,74" /><INIT seed="4,3,0,1,5,21" ten="470,259,235,36" oya="0" hai0="86,0,34,40,58,10,61,111,20,12,101,9,105" hai1="66,39,90,119,30,26,120,134,79,126,121,78,32" hai2="116,41,97,106,125,74,7,62,100,114,94,43,82" hai3="23,33,49,103,115,28,113,129,67,87,15,127,112"/><T92/><D34/><U3/><E119/><V35/><F35/><W19/><G129/><T50/><D111/><U4/><E39/><V59/><F116/><W128/><G128/><T76/><D105/><U99/><E79/><V89/><F114/><W14/><G127/><T104/><D104/><U17/><E90/><V122/><F125/><W60/><G103/><T98/><D0/><U107/><E78/><N who="2" m="44375" /><F7/><W81/><G49/><T68/><D68/><U75/><E75/><V109/><F122/><W83/><G33/><T77/><D20/><U6/><E66/><N who="2" m="39263" /><F109/><W69/><G28/><T13/><D40/><U123/><E99/><V132/><F132/><W45/><G45/><T46/><D50/><U29/><E107/><V44/><F44/><W25/><REACH who="3" step="1"/><G83/><REACH who="3" ten="470,259,235,26" step="2"/><N who="0" m="47463" /><D46/><U55/><E126/><V16/><F100/><W96/><G96/><T18/><D101/><U1/><E30/><V24/><F106/><W27/><G27/><T63/><D98/><U91/><E29/><V72/><F41/><W53/><G53/><T85/><D18/><U102/><E17/><V31/><F43/><W42/><G42/><T11/><D13/><U47/><E102/><V52/><F16/><W8/><G8/><T73/><D12/><U133/><E55/><V37/><F52/><W93/><G93/><T135/><D92/><U70/><E47/><V124/><F124/><W88/><AGARI ba="3,1" hai="14,15,19,23,25,60,67,69,81,87,88,112,113,115" machi="88" ten="30,8000,1" yaku="1,1,0,1,15,1,52,1,54,1,53,0" doraHai="21" doraHaiUra="118" who="3" fromWho="3" sc="470,-43,259,-23,235,-23,26,99" /><INIT seed="5,0,0,2,1,53" ten="427,236,212,125" oya="1" hai0="47,28,132,8,30,35,73,127,42,95,39,87,103" hai1="54,83,29,49,48,60,122,76,134,31,51,124,33" hai2="13,113,32,119,40,78,91,11,52,93,43,74,135" hai3="10,0,62,9,108,81,3,65,67,100,80,131,56"/><U14/><E122/><V5/><F119/><W97/><G108/><T128/><D73/><U129/><E124/><V123/><F123/><W61/><G131/><T15/><D127/><U90/><E129/><V24/><F135/><W23/><G23/><T17/><D132/><U125/><E125/><V94/><F94/><W50/><G50/><T117/><D117/><U69/><E134/><V106/><F106/><W37/><G37/><T58/><D35/><U99/><E14/><V70/><F70/><W25/><G25/><T27/><D128/><U22/><E33/><V59/><F113/><W57/><G97/><T89/><D103/><AGARI ba="0,0" hai="0,3,9,10,56,57,61,62,65,67,80,81,100,103" machi="103" ten="25,6400,0" yaku="22,2,52,2" doraHai="53" who="3" fromWho="0" sc="427,-64,236,0,212,0,125,64" /><INIT seed="6,0,0,0,5,26" ten="363,236,212,189" oya="2" hai0="93,114,82,36,101,96,56,127,9,133,18,49,117" hai1="67,77,17,15,59,60,119,23,42,57,58,87,131" hai2="2,32,35,109,124,128,47,39,105,43,73,21,50" hai3="44,122,3,90,110,68,76,53,129,69,54,7,64"/><V27/><F105/><W37/><G110/><T79/><D36/><U66/><E119/><V19/><F109/><W95/><G122/><T16/><D117/><U98/><E131/><V84/><F73/><W116/><G116/><T25/><D114/><U88/><E42/><V91/><F128/><W11/><G129/><T4/><D133/><U132/><E132/><V51/><F2/><W40/><G76/><T46/><D56/><U121/><E121/><V111/><F111/><W112/><G112/><T108/><D127/><U48/><E48/><V45/><F124/><W20/><G20/><T30/><D108/><U55/><E98/><V12/><F12/><W41/><G41/><T63/><D63/><U22/><E22/><V102/><F102/><W24/><G24/><T28/><D4/><U75/><E77/><V33/><REACH who="2" step="1"/><F47/><REACH who="2" ten="363,236,202,189" step="2"/><W74/><G74/><N who="0" m="43383" /><D46/><U107/><E107/><V94/><AGARI ba="0,1" hai="19,21,27,32,33,35,39,43,45,50,51,84,91,94" machi="94" ten="30,3000,0" yaku="1,1,0,1,53,0" doraHai="26" doraHaiUra="62" who="2" fromWho="2" sc="363,-10,236,-10,202,40,189,-10" /><INIT seed="6,1,0,3,0,62" ten="353,226,242,179" oya="2" hai0="96,63,104,129,92,52,56,135,60,75,89,1,132" hai1="86,69,95,64,108,121,113,47,40,0,111,38,94" hai2="50,88,37,6,116,28,5,36,26,110,42,91,79" hai3="43,84,133,80,44,3,98,130,101,115,71,33,118"/><V29/><F116/><W39/><G118/><T103/><D129/><U10/><E86/><V41/><F79/><W48/><G130/><T17/><D75/><U125/><E95/><V32/><F50/><W18/><G133/><N who="0" m="51275" /><D1/><U119/><E94/><V123/><F110/><N who="1" m="42025" /><E119/><V76/><F76/><W58/><G71/><T107/><D17/><U85/><E85/><V46/><F123/><W4/><G33/><T109/><D109/><U90/><E90/><V8/><F28/><W12/><G3/><T45/><D45/><U2/><E2/><V35/><F35/><W53/><G4/><T27/><D27/><U54/><E54/><V78/><F78/><W117/><G117/><T82/><D63/><N who="1" m="40095" /><E121/><V124/><F5/><W22/><G115/><T72/><D72/><U49/><E49/><V127/><F42/><W15/><G15/><T102/><D82/><U55/><E55/><V87/><F36/><W70/><G70/><T66/><D52/><U93/><E93/><V77/><F77/><W120/><G120/><T83/><D83/><U31/><E31/><V106/><F106/><AGARI ba="1,0" hai="56,60,66,89,92,96,102,103,104,106,107" m="51275" machi="106" ten="30,2000,0" yaku="20,1,52,1" doraHai="62" who="0" fromWho="2" sc="353,23,226,0,242,-23,179,0" /><INIT seed="7,0,0,4,1,57" ten="376,226,219,179" oya="3" hai0="56,132,94,117,115,119,130,27,127,73,4,91,104" hai1="52,20,14,70,38,97,9,42,96,35,108,78,120" hai2="134,55,68,100,67,110,124,98,48,93,129,25,39" hai3="51,33,126,135,106,58,7,81,133,40,107,54,72"/><W69/><G33/><T10/><D104/><U49/><E70/><V125/><F39/><W103/><G69/><T8/><D73/><U88/><E38/><V85/><F110/><W0/><G126/><N who="2" m="48745" /><F129/><W37/><G103/><T80/><D80/><U111/><E78/><V99/><F134/><N who="3" m="51211" /><G7/><T30/><D10/><U24/><E42/><V79/><F25/><W128/><G0/><T123/><D123/><U112/><E112/><V1/><F1/><W19/><G19/><T89/><D115/><U122/><E35/><V5/><F5/><W83/><G128/><T116/><D130/><U3/><E3/><V18/><F18/><W86/><G72/><T2/><D132/><U76/><E120/><V32/><F32/><W28/><G28/><T64/><D127/><U121/><E122/><V59/><F100/><W53/><G53/><T71/><D71/><U34/><E34/><V16/><F16/><W6/><G6/><T75/><D75/><U77/><E121/><V13/><F13/><W95/><G95/><T21/><D94/><N who="1" m="56391" /><E111/><V84/><F93/><W61/><G37/><T114/><D114/><U118/><E108/><V43/><F43/><W65/><G40/><T17/><D17/><N who="1" m="8399" /><E118/><V66/><F68/><N who="3" m="42031" /><G81/><T31/><D30/><U63/><E24/><V109/><F109/><W105/><G105/><T22/><D27/><U36/><E36/><V26/><F26/><W15/><G15/><T23/><D31/><U87/><E20/><V44/><F66/><W47/><G47/><T50/><D64/><U45/><E45/><V12/><F44/><W62/><G51/><RYUUKYOKU ba="0,0" sc="376,15,226,-15,219,-15,179,15" hai0="2,4,8,21,22,23,50,56,89,91,116,117,119" hai3="54,58,62,83,86,106,107" /><INIT seed="7,1,0,4,1,82" ten="391,211,204,194" oya="3" hai0="11,35,95,67,63,68,114,86,61,129,32,76,78" hai1="12,84,100,103,134,42,25,91,115,38,133,46,106" hai2="1,29,54,4,30,87,47,131,119,66,128,49,39" hai3="90,99,62,94,24,70,93,113,56,69,0,15,6"/><W21/><G0/><T31/><D11/><U80/><E106/><V9/><F119/><W85/><G113/><T3/><D3/><U23/><E12/><V132/><F132/><N who="1" m="50793" /><E115/><V109/><F109/><W65/><G15/><T7/><D86/><U123/><E123/><V52/><F39/><W55/><G6/><T101/><D95/><U37/><E37/><V14/><F66/><W33/><G33/><T57/><D31/><AGARI ba="1,0" hai="23,25,31,38,42,46,80,84,91,100,103" m="50793" machi="31" ten="30,2000,0" yaku="20,1,52,1" doraHai="82" who="1" fromWho="0" sc="391,-23,211,23,204,0,194,0" owari="368,48.0,234,3.0,204,-20.0,194,-31.0" /></mjloggm>