<mjloggm ver="2.3"><GO type="97" lobby="0"/><UN n0="%E5%B0%B1%E6%B4%BB%E7%94%9F%40%E5%B7%9D%E6%9D%91%E8%BB%8D%E5%9B%A3" n1="%E7%8C%AB%E5%A5%89%E8%A1%8C%E6%99%82%E5%AE%9A" n2="%6C%61%69%6E%6C%61%69%6E" n3="%44%69%6D%65%62%61%67" dan="14,14,13,14" rate="1984.65,1977.89,1856.94,1902.84" sx="M,M,M,M"/><TAIKYOKU oya="0"/><INIT seed="0,0,0,0,5,94" ten="250,250,250,250" oya="0" hai0="119,95,124,30,39,77,111,99,41,112,92,6,38" hai1="34,31,3,58,22,113,19,56,83,55,108,63,54" hai2="60,79,115,49,67,96,102,9,53,76,66,51,98" hai3="50,122,129,46,127,44,26,27,121,86,8,97,114"/><T32/><D119/><U68/><E108/><V65/><F115/><W17/><G114/><T21/><D112/><U52/><E113/><V74/><F74/><W126/><G129/><T110/><D124/><N who="3" m="47657" /><G8/><T7/><D32/><U118/><E118/><V2/><F102/><W80/><G17/><T91/><D77/><N who="2" m="29770" /><F2/><W16/><G27/><N who="0" m="16751" /><D92/><U37/><E37/><N who="0" m="13833" /><D41/><U133/><E133/><V84/><F84/><W132/><G97/><N who="2" m="37481" /><F9/><W48/><G132/><T104/><D104/><U0/><E83/><V130/><F130/><W101/><G101/><T134/><D134/><U90/><E90/><V64/><F64/><W15/><G121/><T123/><D123/><U71/><E34/><V116/><F116/><W120/><G122/><T62/><D62/><U109/><E31/><V25/><F25/><W78/><G26/><T11/><D11/><U128/><E128/><V47/><F47/><N who="3" m="17963" /><G120/><T28/><D28/><U73/><E73/><V57/><AGARI ba="0,0" hai="49,51,53,57,60,65,66,67" m="37481,29770" machi="57" ten="40,8000,1" yaku="8,1,52,3" doraHai="94" who="2" fromWho="2" sc="250,-40,250,-20,250,80,250,-20" /><INIT seed="1,0,0,4,5,35" ten="210,230,330,230" oya="1" hai0="113,125,120,57,37,66,122,72,131,107,49,13,132" hai1="62,56,48,110,102,19,69,90,111,26,99,2,115" hai2="128,20,123,33,16,61,84,55,22,21,11,80,106" hai3="94,73,0,28,75,38,18,7,133,76,64,135,34"/><U51/><E115/><V23/><F123/><N who="0" m="47146" /><D72/><U129/><E129/><V126/><F33/><W1/><G7/><T101/><D101/><U53/><E69/><V104/><F128/><W60/><G38/><T103/><D103/><U58/><E90/><V114/><F114/><W95/><G18/><T31/><D31/><U52/><E2/><N who="3" m="1130" /><G28/><T39/><D107/><U89/><E89/><V121/><F126/><W119/><G34/><T41/><D13/><U124/><E124/><V116/><F116/><W65/><G119/><T12/><D12/><U29/><E62/><V24/><F121/><W30/><G30/><T17/><D17/><U40/><E40/><V93/><F11/><W46/><G46/><N who="0" m="25807" /><D125/><U77/><E77/><V78/><F93/><N who="3" m="35339" /><G76/><T47/><D131/><U87/><E19/><V112/><F112/><W134/><G60/><N who="0" m="38159" /><D113/><U108/><E87/><V10/><F10/><W14/><G14/><T83/><D83/><U98/><E102/><V79/><F79/><W127/><G127/><T117/><D117/><U85/><REACH who="1" step="1"/><E85/><REACH who="1" ten="210,220,330,230" step="2"/><V130/><F130/><W82/><G82/><T67/><D39/><U4/><E4/><V42/><F42/><W109/><G109/><T3/><D37/><U36/><E36/><V100/><F100/><W27/><G27/><T71/><D3/><U86/><E86/><V43/><F43/><W15/><G15/><T32/><D71/><U105/><E105/><V70/><F70/><W118/><G118/><T50/><D50/><U54/><E54/><V63/><F63/><W25/><G25/><T96/><D67/><AGARI ba="0,1" hai="64,65,67,73,75,133,134,135" m="35339,1130" machi="67" ten="40,12000,2" yaku="28,2,20,1,52,3" doraHai="35" who="3" fromWho="0" sc="210,-120,220,0,330,0,230,130" /><INIT seed="2,0,0,4,0,55" ten="90,220,330,360" oya="2" hai0="93,76,47,40,91,130,6,100,1,106,121,60,129" hai1="89,51,62,26,9,83,25,123,53,114,12,4,43" hai2="8,127,99,71,94,128,21,57,29,22,15,115,46" hai3="73,67,135,110,97,80,132,44,104,120,5,107,84"/><V74/><F115/><W96/><G67/><T103/><D121/><U112/><E123/><V49/><F71/><W82/><G44/><T61/><D76/><U17/><E43/><V13/><F74/><W16/><G16/><T0/><D61/><U70/><E62/><V134/><F134/><N who="3" m="51243" /><G5/><T113/><D60/><U2/><E70/><V41/><F128/><W56/><G56/><T64/><D64/><U27/><E83/><N who="3" m="31786" /><G120/><T65/><D113/><U92/><E112/><V38/><F127/><W31/><G31/><T19/><D65/><U88/><E114/><V20/><F38/><W11/><G11/><T102/><D106/><N who="3" m="40489" /><G73/><T54/><D54/><U58/><REACH who="1" step="1"/><E92/><REACH who="1" ten="90,210,330,360" step="2"/><V34/><F41/><W24/><G110/><T37/><D19/><U95/><E95/><V116/><F94/><W85/><G24/><T72/><D72/><U18/><E18/><V86/><F29/><W28/><G28/><T50/><D50/><U78/><E78/><V48/><F49/><W39/><G39/><T69/><D69/><U133/><E133/><V108/><F48/><W36/><G36/><T10/><REACH who="0" step="1"/><D0/><REACH who="0" ten="80,210,330,360" step="2"/><U109/><E109/><V68/><F108/><W33/><G33/><T66/><D66/><U124/><E124/><V75/><F68/><W87/><AGARI ba="0,2" hai="84,85,87,96,97" m="40489,31786,51243" machi="87" ten="40,8000,1" yaku="28,2,20,1,34,2" doraHai="55" who="3" fromWho="3" sc="80,-20,210,-20,330,-40,360,100" /><INIT seed="3,0,0,5,5,61" ten="60,190,290,460" oya="3" hai0="71,126,88,96,103,134,8,105,32,124,9,93,86" hai1="21,107,77,113,44,0,4,31,3,81,65,78,115" hai2="27,1,91,11,62,73,49,45,121,128,16,112,33" hai3="56,43,14,29,42,12,70,135,36,111,67,10,123"/><W64/><G70/><T117/><D71/><U131/><E107/><V120/><F112/><W109/><G123/><N who="2" m="47177" /><F73/><W5/><G29/><T40/><D32/><U2/><E131/><V133/><F133/><W15/><G135/><T75/><D134/><U25/><E4/><N who="2" m="1423" /><F128/><W92/><G92/><T97/><D40/><N who="3" m="15401" /><G56/><T106/><D9/><U66/><E44/><V52/><F62/><W102/><G102/><T83/><D8/><U53/><E53/><V104/><F91/><W122/><G36/><T69/><D69/><U50/><E50/><V20/><F33/><W57/><G57/><T17/><D17/><U108/><E108/><N who="3" m="41546" /><G122/><T30/><D30/><U35/><E21/><V51/><F51/><W100/><G100/><T125/><D117/><U94/><E94/><V95/><F95/><W26/><G26/><T80/><REACH who="0" step="1"/><D97/><REACH who="0" ten="50,190,290,460" step="2"/><U89/><E89/><V59/><F104/><W47/><G10/><T34/><D34/><U87/><REACH who="1" step="1"/><E78/><AGARI ba="0,1" hai="75,78,80,83,86,88,93,96,103,105,106,124,125,126" machi="78" ten="40,16000,3" yaku="1,1,18,1,34,3,54,1,53,3" doraHai="61" doraHaiUra="132" who="0" fromWho="1" sc="50,170,190,-160,290,0,460,0" owari="220,-18.0,30,-47.0,290,9.0,460,56.0" /></mjloggm>