<mjloggm ver="2.3"><GO type="41" lobby="0"/><UN n0="%E5%B0%B1%E6%B4%BB%E7%94%9F%40%E5%B7%9D%E6%9D%91%E8%BB%8D%E5%9B%A3" n1="%E5%9B%A0%E5%B9%A1%E5%B8%9D" n2="%E5%A7%AB%E6%88%B8%E4%BA%BA" n3="%E3%81%8D%E3%81%AE%E3%81%93%E3%82%81%E3%82%93" dan="16,14,15,14" rate="2027.18,2066.04,1990.35,2010.73" sx="M,F,M,M"/><TAIKYOKU oya="0"/><INIT seed="0,0,0,3,3,19" ten="250,250,250,250" oya="0" hai0="100,46,34,129,81,91,15,3,18,112,119,125,0" hai1="62,42,115,28,37,45,120,71,66,101,58,24,9" hai2="86,118,29,121,134,75,63,70,109,94,117,33,32" hai3="22,23,27,116,6,88,12,89,105,49,53,60,135"/><T68/><D34/><U106/><E115/><V41/><F121/><W113/><G113/><T54/><D112/><U64/><E120/><V57/><F109/><W98/><G116/><T102/><D119/><N who="2" m="45578" /><F134/><W47/><G135/><T85/><D68/><U50/><E9/><V131/><F75/><W107/><G107/><T31/><D129/><U40/><E40/><V48/><F70/><W20/><G105/><T80/><D125/><U108/><E108/><V4/><F131/><W87/><G98/><T7/><D31/><U111/><E111/><V35/><F4/><W61/><G27/><T96/><D81/><U69/><E101/><V30/><F41/><W74/><G74/><T110/><D7/><U83/><E106/><V73/><F73/><W56/><G61/><T124/><D124/><U92/><E92/><V93/><F48/><W133/><G133/><T5/><D5/><U128/><E83/><V103/><F94/><W79/><G79/><T38/><D110/><U43/><E128/><V8/><F8/><N who="3" m="4119" /><G87/><T14/><D14/><U95/><E95/><V132/><F132/><W44/><G44/><T21/><D96/><U13/><E13/><V77/><F103/><W99/><G99/><T26/><D26/><U25/><E25/><V1/><F1/><W11/><G11/><T84/><D84/><U59/><E43/><AGARI ba="0,0" hai="20,22,23,43,47,49,53,56,60,88,89" m="4119" machi="43" ten="30,8000,1" yaku="8,1,52,3,54,1" doraHai="19" who="3" fromWho="1" sc="250,0,250,-80,250,0,250,80" /><INIT seed="1,0,0,5,2,3" ten="250,170,250,330" oya="1" hai0="86,81,60,108,129,118,124,91,28,74,117,66,50" hai1="13,23,77,35,88,131,112,80,122,54,37,89,115" hai2="114,4,69,55,121,102,79,134,106,34,32,25,47" hai3="31,21,39,2,27,111,119,133,53,84,85,123,49"/><U52/><E122/><V65/><F121/><W11/><G123/><T29/><D124/><U22/><E37/><V45/><F134/><W126/><G111/><T128/><D108/><U120/><E120/><V70/><F114/><W132/><G39/><T71/><D74/><U103/><E35/><V63/><F79/><W67/><G126/><T90/><D90/><U58/><E103/><V116/><F116/><W46/><G119/><T42/><D117/><U36/><E36/><V82/><F82/><W18/><G67/><T19/><D118/><U113/><E131/><N who="0" m="50249" /><D19/><U15/><E77/><V96/><F70/><W8/><G8/><T127/><D127/><U92/><E80/><V135/><F135/><N who="3" m="51787" /><G18/><T51/><D42/><U44/><E44/><V105/><F105/><W110/><G110/><T100/><D100/><U16/><E58/><V78/><F78/><W64/><G64/><T7/><D7/><AGARI ba="0,0" hai="2,7,11,21,27,31,46,49,53,84,85" m="51787" machi="7" ten="30,2000,0" yaku="20,1,52,1" doraHai="3" who="3" fromWho="0" sc="250,-20,170,0,250,0,330,20" /><INIT seed="2,0,0,0,5,56" ten="230,170,250,350" oya="2" hai0="38,119,50,20,104,91,92,55,129,24,108,44,87" hai1="68,100,120,34,64,31,40,110,16,103,127,19,70" hai2="97,62,107,124,75,29,63,96,80,18,61,133,85" hai3="77,10,86,67,17,60,8,5,135,105,131,42,88"/><V3/><F3/><W28/><G131/><T30/><D108/><U117/><E117/><V109/><F124/><W57/><G135/><T54/><D129/><U21/><E110/><V99/><F133/><W52/><G105/><T9/><D119/><U82/><E120/><V115/><F115/><W66/><G77/><T22/><D104/><U126/><E34/><V48/><F109/><W36/><G28/><T116/><D116/><U51/><E82/><V15/><F75/><W1/><G36/><T95/><D38/><U33/><E33/><V39/><F39/><W128/><G42/><T102/><D9/><U111/><E111/><V106/><F29/><W4/><G17/><T23/><D55/><U11/><E31/><V37/><F48/><W14/><G128/><T121/><D121/><U123/><E123/><V53/><F53/><W101/><G101/><N who="1" m="38986" /><E11/><V125/><F37/><W113/><G113/><T7/><D7/><U94/><E94/><AGARI ba="0,0" hai="1,4,5,8,10,14,52,57,60,66,67,86,88,94" machi="94" ten="30,7700,0" yaku="7,1,52,1,54,2" doraHai="56" who="3" fromWho="1" sc="230,0,170,-77,250,0,350,77" /><INIT seed="3,0,0,4,1,132" ten="230,93,250,427" oya="3" hai0="37,81,99,7,82,126,48,65,128,22,67,97,46" hai1="74,24,6,129,23,130,125,107,75,112,49,50,8" hai2="100,42,124,39,83,56,122,11,95,60,71,35,16" hai3="116,88,80,84,109,120,15,79,59,27,134,29,43"/><W52/><G134/><T104/><D37/><U21/><E112/><V17/><F35/><W108/><G120/><T87/><D128/><N who="1" m="49259" /><E107/><V51/><F122/><W10/><G116/><T77/><D126/><U127/><E6/><V34/><F34/><W1/><G1/><T0/><D0/><U38/><E8/><V64/><F83/><W96/><G43/><T73/><D7/><U115/><E38/><V58/><F124/><N who="1" m="47689" /><E115/><V19/><F11/><W70/><G70/><T90/><D22/><N who="1" m="8203" /><E24/><V32/><F32/><W121/><G121/><T3/><D3/><U28/><E28/><V25/><F25/><W12/><G29/><T110/><D110/><N who="3" m="42601" /><G27/><T26/><D26/><U131/><N who="1" m="49267" /><U68/><DORA hai="33" /><E68/><V76/><F76/><W55/><G10/><T93/><D104/><U117/><E117/><V66/><F66/><W133/><G133/><T47/><D47/><U2/><E2/><V30/><F30/><W14/><G59/><T78/><D99/><U4/><E4/><V5/><F5/><W45/><G45/><T89/><D89/><U102/><E102/><V86/><F39/><W101/><G79/><T13/><D13/><U36/><E36/><V40/><F71/><W105/><AGARI ba="0,0" hai="12,14,15,52,55,80,84,88,96,101,105" m="42601" machi="105" ten="30,11700,0" yaku="14,1,10,1,54,2" doraHai="132,33" who="3" fromWho="3" sc="230,-39,93,-39,250,-39,427,117" /><INIT seed="3,1,0,5,5,46" ten="191,54,211,544" oya="3" hai0="17,59,83,4,87,110,64,100,2,7,26,23,13" hai1="48,1,131,60,14,9,90,37,35,12,50,122,15" hai2="89,104,84,62,101,30,55,56,65,34,129,78,47" hai3="75,123,21,45,114,44,98,95,31,115,113,135,16"/><W38/><G123/><T128/><D110/><U76/><E122/><V24/><F129/><W94/><G75/><T51/><D128/><U118/><E131/><V32/><F78/><W130/><G130/><T121/><D121/><U103/><E37/><V27/><F104/><W68/><G68/><T8/><D100/><U49/><E35/><V91/><F101/><W25/><G135/><T134/><D134/><U124/><E124/><V96/><F34/><W85/><G38/><T66/><D4/><U120/><E120/><V36/><F36/><W67/><G67/><T81/><D2/><U119/><E76/><V22/><F96/><W73/><G73/><T116/><D83/><U29/><E29/><V19/><F84/><W112/><G112/><T18/><D18/><U69/><E103/><V3/><F3/><W93/><G98/><T71/><D71/><U52/><E90/><V86/><F86/><W80/><REACH who="3" step="1"/><G31/><REACH who="3" ten="191,54,211,534" step="2"/><T5/><D116/><N who="1" m="44587" /><E69/><V42/><F65/><W43/><G43/><T70/><D70/><U33/><E33/><V63/><F42/><W92/><N who="3" m="23552" /><DORA hai="57" /><W108/><G108/><T82/><D66/><U97/><E97/><V6/><F63/><W39/><G39/><T132/><D132/><U74/><E74/><V10/><F47/><W0/><G0/><T126/><D126/><U99/><E99/><V133/><F133/><W40/><G40/><T58/><D64/><U53/><E60/><V107/><F107/><W102/><G102/><T117/><D117/><U77/><E77/><AGARI ba="1,1" hai="16,21,25,44,45,77,80,85,113,114,115" m="23552" machi="77" ten="60,11600,0" yaku="1,1,54,1,53,1" doraHai="46,57" doraHaiUra="72,106" who="3" fromWho="1" sc="191,0,54,-119,211,0,534,129" owari="191,-21.0,-65,-57.0,211,1.0,663,77.0" /></mjloggm>