<mjloggm ver="2.3"><GO type="41" lobby="0"/><UN n0="%E5%B0%B1%E6%B4%BB%E7%94%9F%40%E5%B7%9D%E6%9D%91%E8%BB%8D%E5%9B%A3" n1="%51%42%E5%8F%AF%E6%84%9B%E3%81%84" n2="%30%32%32%36%41" n3="%6B%6F%74%61%6D%69%6B%61" dan="15,15,13,13" rate="2064.71,2029.62,1920.68,1896.66" sx="M,M,M,M"/><TAIKYOKU oya="0"/><INIT seed="0,0,0,3,3,91" ten="250,250,250,250" oya="0" hai0="109,130,120,92,60,50,31,75,62,3,52,88,90" hai1="95,116,127,104,86,16,54,36,108,99,58,51,46" hai2="2,72,74,1,133,26,70,47,13,40,77,41,55" hai3="57,131,117,107,132,23,28,105,17,7,27,106,118"/><T125/><D75/><U128/><E116/><V103/><F133/><W93/><G7/><T30/><D120/><U114/><E108/><V78/><F70/><W32/><G132/><T66/><D109/><U134/><E134/><V11/><F103/><W124/><G124/><T37/><D37/><U94/><E127/><V115/><F115/><W59/><G131/><T10/><D125/><U49/><E128/><V42/><F26/><W20/><G118/><T5/><D130/><U33/><E36/><V79/><F55/><W97/><G117/><T96/><D90/><U126/><E33/><V56/><F56/><W67/><G67/><T19/><D19/><U25/><E126/><V122/><F47/><W85/><G85/><T111/><D111/><U24/><E114/><V35/><F35/><W12/><REACH who="3" step="1"/><G32/><REACH who="3" ten="250,250,250,240" step="2"/><T82/><D82/><U34/><E34/><V64/><F64/><W121/><G121/><T80/><D80/><U48/><E86/><V18/><REACH who="2" step="1"/><F122/><REACH who="2" ten="250,250,240,240" step="2"/><W113/><G113/><T39/><D66/><U76/><E46/><V44/><F44/><W129/><G129/><T15/><D39/><U119/><E119/><V135/><F135/><W100/><AGARI ba="0,2" hai="12,17,20,23,27,28,57,59,93,97,100,105,106,107" machi="100" ten="30,8000,1" yaku="1,1,0,1,52,1,53,2" doraHai="91" doraHaiUra="53" who="3" fromWho="3" sc="250,-40,250,-20,240,-20,240,100" /><INIT seed="1,0,0,4,1,135" ten="210,230,220,340" oya="1" hai0="1,37,125,52,81,67,17,20,87,121,48,95,16" hai1="70,106,128,127,103,80,104,58,98,77,83,59,10" hai2="64,50,55,8,130,97,54,84,7,105,29,72,63" hai3="110,42,129,68,79,45,43,38,94,30,27,34,2"/><U25/><E127/><V65/><F72/><W115/><G115/><T134/><D134/><U123/><E123/><V78/><F29/><W111/><G129/><T13/><D37/><U33/><E70/><V41/><F105/><W19/><G68/><T23/><D1/><U131/><E106/><V39/><F39/><W46/><G19/><T113/><D113/><U89/><E89/><V60/><F97/><W14/><G14/><T66/><D121/><U82/><E10/><V116/><F78/><W122/><G122/><T92/><D125/><U133/><E133/><V118/><F84/><W108/><G94/><T26/><D95/><U88/><E88/><V119/><F8/><W85/><G85/><T15/><D26/><U99/><E99/><V93/><F93/><W56/><G56/><T12/><D12/><U109/><E109/><V75/><F75/><W90/><G90/><N who="0" m="53343" /><D81/><U36/><E36/><V24/><F24/><W71/><G71/><T40/><D40/><U107/><E107/><V47/><F7/><W120/><G120/><T32/><D32/><U35/><E77/><V76/><F76/><W28/><G28/><T3/><D3/><U112/><E112/><V73/><F73/><W49/><G79/><T69/><D69/><U132/><E132/><V96/><F96/><W22/><G2/><T74/><D74/><U21/><E35/><AGARI ba="0,0" hai="22,27,30,34,35,38,42,43,45,46,49,108,110,111" machi="35" ten="40,1300,0" yaku="14,1" doraHai="135" who="3" fromWho="1" sc="210,0,230,-13,220,0,340,13" /><INIT seed="2,0,0,0,1,83" ten="210,217,220,353" oya="2" hai0="135,43,70,69,24,76,36,103,9,6,79,50,10" hai1="126,108,55,104,80,116,30,71,54,111,31,14,101" hai2="61,21,64,46,49,23,52,75,81,35,20,124,27" hai3="28,89,82,53,62,95,128,96,65,84,115,7,133"/><V8/><F124/><W0/><G115/><T97/><D135/><U25/><E71/><V66/><F8/><W67/><G133/><T45/><D69/><U93/><E116/><V41/><F35/><W5/><G28/><T3/><D70/><U73/><E126/><V12/><F12/><W119/><G119/><T32/><D10/><U16/><E104/><V37/><F75/><W118/><G118/><T29/><REACH who="0" step="1"/><D36/><REACH who="0" ten="200,217,220,353" step="2"/><U114/><E114/><V60/><F37/><W78/><G128/><T33/><D33/><U123/><E123/><V112/><F27/><W117/><G117/><T105/><AGARI ba="0,1" hai="3,6,9,24,29,32,43,45,50,76,79,97,103,105" machi="105" ten="20,2700,0" yaku="1,1,0,1,7,1,53,0" doraHai="83" doraHaiUra="90" who="0" fromWho="0" sc="200,37,217,-7,220,-13,353,-7" /><INIT seed="3,0,0,1,4,129" ten="237,210,207,346" oya="3" hai0="22,102,21,44,24,96,90,32,68,105,110,5,70" hai1="55,124,104,11,118,73,46,67,125,82,36,8,34" hai2="126,39,37,117,133,33,98,112,63,130,123,92,131" hai3="48,94,79,59,97,86,65,119,69,111,12,9,6"/><W7/><G119/><T101/><D110/><U26/><E118/><V106/><RYUUKYOKU type="yao9" ba="0,0" sc="237,0,210,0,207,0,346,0" hai2="33,37,39,63,92,98,106,112,117,123,126,130,131,133" /><INIT seed="3,1,0,1,0,72" ten="237,210,207,346" oya="3" hai0="36,52,108,51,82,79,40,69,46,17,14,30,54" hai1="70,59,22,127,89,21,18,118,129,115,37,61,57" hai2="100,71,77,48,106,10,20,24,26,29,65,94,112" hai3="84,44,41,23,93,12,31,5,27,90,35,87,53"/><W86/><G53/><T76/><D69/><U119/><E37/><V130/><F106/><W95/><G95/><T49/><D108/><U8/><E115/><V117/><F117/><N who="1" m="44553" /><E129/><V3/><F3/><W122/><G122/><T67/><D67/><N who="1" m="41327" /><E127/><V16/><F65/><W43/><G43/><T131/><D131/><U132/><E132/><V92/><F71/><W97/><G35/><T99/><D99/><U85/><E8/><V126/><F112/><W96/><G96/><T98/><D98/><U50/><E50/><V4/><F48/><W75/><G75/><T66/><D66/><U133/><E133/><V9/><F100/><W1/><G1/><T45/><D30/><U28/><E28/><V2/><F77/><N who="0" m="29770" /><D82/><N who="1" m="49335" /><E22/><V113/><F130/><W58/><G58/><N who="0" m="33039" /><D36/><U81/><E81/><V19/><F113/><W39/><G97/><T56/><D40/><U135/><E135/><V125/><F94/><W101/><G101/><T123/><D123/><U109/><E109/><V34/><F34/><W15/><G5/><T107/><D107/><U91/><E91/><V124/><F92/><W121/><G121/><T7/><D7/><U78/><E78/><V32/><F125/><W64/><G64/><T73/><D73/><U47/><E47/><V38/><F38/><W60/><G39/><T103/><D103/><U88/><E88/><V13/><AGARI ba="1,0" hai="2,4,9,10,13,16,19,20,24,26,29,32,124,126" machi="13" ten="30,8000,1" yaku="0,1,34,3,54,1" doraHai="72" who="2" fromWho="2" sc="237,-21,210,-21,207,83,346,-41" /><INIT seed="4,0,0,1,5,122" ten="216,189,290,305" oya="0" hai0="34,107,74,38,132,113,49,50,59,79,53,11,76" hai1="15,103,66,120,92,36,69,26,102,58,111,108,0" hai2="28,44,87,127,4,16,14,134,88,33,9,84,125" hai3="32,37,41,8,20,75,131,133,3,60,30,114,105"/><T22/><D38/><U123/><E0/><V2/><F87/><W24/><G75/><T42/><D107/><U55/><E36/><V98/><F98/><W78/><G78/><T67/><D34/><U19/><E66/><V40/><F134/><W135/><G105/><T104/><D104/><U101/><E69/><V64/><F64/><W93/><G114/><T112/><D132/><N who="3" m="50761" /><G131/><T129/><D129/><U100/><E26/><N who="2" m="18583" /><F44/><N who="3" m="23599" /><G60/><T13/><D22/><U45/><E45/><V117/><F40/><W29/><G93/><T119/><D119/><U94/><N who="1" m="26112" /><DORA hai="56" /><U65/><E65/><V21/><F117/><W118/><G118/><T71/><D71/><U31/><E31/><V18/><F18/><N who="3" m="12311" /><G32/><T77/><D74/><U10/><E94/><AGARI ba="0,0" hai="2,4,9,14,16,21,84,88,94,125,127" m="18583" machi="94" ten="30,3900,0" yaku="24,1,54,2" doraHai="122,56" who="2" fromWho="1" sc="216,0,189,-39,290,39,305,0" /><INIT seed="5,0,0,4,3,19" ten="216,150,329,305" oya="1" hai0="9,21,91,89,98,28,42,106,10,110,6,47,55" hai1="126,50,122,3,32,11,24,125,121,23,14,81,64" hai2="82,7,33,34,96,5,48,123,131,43,102,46,83" hai3="72,49,31,76,113,94,38,112,60,65,37,80,61"/><U117/><E81/><V116/><F116/><W63/><G65/><T44/><D110/><U12/><E64/><V59/><F33/><W88/><G49/><N who="0" m="26775" /><D106/><U40/><E117/><V73/><F34/><W97/><REACH who="3" step="1"/><G31/><REACH who="3" ten="216,150,329,295" step="2"/><T52/><D47/><U133/><E50/><V22/><F48/><W16/><G16/><T58/><D58/><U119/><E119/><V118/><F46/><W130/><G130/><T86/><D6/><N who="1" m="1503" /><E40/><V124/><F59/><W27/><G27/><N who="0" m="16495" /><D55/><U84/><E133/><V87/><F7/><W95/><G95/><N who="0" m="56687" /><D52/><U74/><E32/><V36/><F5/><W128/><G128/><T100/><D100/><U75/><E75/><V103/><F43/><W66/><G66/><T17/><D17/><N who="1" m="12399" /><E74/><V107/><F131/><W26/><G26/><T77/><D77/><U4/><E84/><V104/><F118/><W111/><G111/><T129/><D129/><U41/><E41/><V105/><F36/><AGARI ba="0,1" hai="36,37,38,60,61,63,72,76,80,88,94,97,112,113" machi="36" ten="40,2600,0" yaku="1,1,54,1,53,0" doraHai="19" doraHaiUra="127" who="3" fromWho="2" sc="216,0,150,0,329,-26,295,36" /><INIT seed="6,0,0,1,4,31" ten="216,150,303,331" oya="2" hai0="45,25,126,134,27,49,14,43,58,106,61,15,66" hai1="16,127,51,95,47,98,122,5,118,13,19,4,111" hai2="79,108,117,125,93,131,87,38,133,100,44,130,120" hai3="50,57,109,21,70,123,89,7,12,112,23,105,114"/><V56/><F120/><W9/><G105/><T8/><D106/><U55/><E122/><V11/><F117/><W84/><G70/><T52/><D134/><U0/><E118/><V92/><F108/><W121/><G109/><T64/><D126/><U40/><E127/><V10/><F125/><W32/><G123/><T18/><D15/><U135/><E111/><V39/><F133/><W20/><G121/><T119/><D119/><U29/><E135/><V48/><F100/><W63/><G50/><T83/><D83/><U82/><E82/><V94/><F56/><W102/><G102/><T1/><D1/><U115/><E115/><N who="3" m="44074" /><G32/><T53/><D53/><U34/><E0/><V62/><F87/><W6/><G6/><T107/><D107/><U75/><E75/><V71/><F79/><W103/><G103/><T42/><REACH who="0" step="1"/><D43/><REACH who="0" ten="206,150,303,331" step="2"/><U80/><E80/><V85/><F85/><W86/><G89/><T116/><D116/><U78/><E78/><V76/><F76/><W65/><AGARI ba="0,1" hai="7,9,12,20,21,23,57,63,65,84,86" m="44074" machi="65" ten="30,2000,0" yaku="15,1,11,1" doraHai="31" who="3" fromWho="3" sc="206,-5,150,-5,303,-10,331,30" /><INIT seed="7,0,0,3,1,76" ten="201,145,293,361" oya="3" hai0="1,2,4,63,81,49,42,94,125,126,14,131,99" hai1="12,21,93,110,100,3,109,22,135,121,51,28,46" hai2="77,0,75,78,54,82,84,45,101,13,117,31,96" hai3="79,116,83,67,15,24,57,98,59,11,36,113,133"/><W64/><G36/><T23/><D131/><U88/><E121/><V107/><F0/><W32/><G116/><T68/><D42/><U16/><E135/><V122/><F31/><W105/><G113/><T55/><D63/><U20/><E3/><V69/><F69/><W114/><G114/><T26/><D68/><U103/><E110/><V91/><F122/><W61/><G105/><T90/><D81/><U95/><E109/><V10/><F117/><W74/><G98/><T25/><D25/><U34/><E34/><V97/><F97/><W86/><G74/><T38/><D38/><U50/><E95/><V108/><F108/><W72/><G72/><T89/><D89/><U30/><E50/><V17/><REACH who="2" step="1"/><F75/><REACH who="2" ten="201,145,283,361" step="2"/><W118/><G118/><T41/><D2/><U52/><E28/><V53/><F53/><W71/><G71/><T19/><D1/><U106/><E30/><V111/><F111/><W27/><G32/><T8/><D41/><U9/><E106/><V40/><F40/><W35/><G35/><T44/><AGARI ba="0,1" hai="4,8,14,19,23,26,44,49,55,90,94,99,125,126" machi="44" ten="30,1100,0" yaku="0,1" doraHai="76" who="0" fromWho="0" sc="201,21,145,-3,283,-3,361,-5" owari="222,-18.0,142,-36.0,280,8.0,356,46.0" /></mjloggm>