<mjloggm ver="2.3"><GO type="97" lobby="0"/><UN n0="%E5%B0%B1%E6%B4%BB%E7%94%9F%40%E5%B7%9D%E6%9D%91%E8%BB%8D%E5%9B%A3" n1="%E3%81%A8%E3%81%97%E3%81%8B%E3%81%9A" n2="%E6%98%9F%E7%A9%BA%E3%81%AB%E8%AA%93%E3%81%86" n3="%E3%82%AB%E3%83%AF%E3%83%81" dan="14,13,13,13" rate="1976.05,1914.07,1812.58,1855.22" sx="M,M,F,M"/><TAIKYOKU oya="0"/><INIT seed="0,0,0,3,0,74" ten="250,250,250,250" oya="0" hai0="66,60,87,119,115,35,93,82,55,39,47,129,49" hai1="71,21,99,20,17,101,105,89,84,92,3,19,98" hai2="85,56,43,73,126,61,33,41,64,6,51,29,116" hai3="118,135,45,113,70,5,109,16,94,2,0,22,37"/><T46/><D119/><U15/><E71/><V40/><F73/><W27/><G113/><T44/><D115/><U117/><E3/><V57/><F116/><W78/><G118/><T134/><D35/><U75/><E117/><V130/><F126/><W18/><G70/><T30/><D129/><U8/><E75/><V111/><F130/><W110/><G135/><T23/><D134/><U103/><REACH who="1" step="1"/><E19/><REACH who="1" ten="250,240,250,250" step="2"/><V58/><F111/><W104/><G18/><T72/><D72/><U69/><E69/><V122/><F122/><W34/><G34/><T62/><D39/><U100/><E100/><V120/><F33/><W91/><G0/><T31/><D93/><AGARI ba="0,1" hai="8,15,17,20,21,84,89,92,93,98,99,101,103,105" machi="93" ten="30,3900,0" yaku="1,1,7,1,53,1" doraHai="74" doraHaiUra="86" who="1" fromWho="0" sc="250,-39,240,49,250,0,250,0" /><INIT seed="1,0,0,5,0,88" ten="211,289,250,250" oya="1" hai0="49,61,28,22,87,23,92,74,96,69,95,10,29" hai1="119,38,37,123,66,58,68,11,40,17,83,117,32" hai2="105,80,55,3,109,14,106,134,90,129,78,8,9" hai3="20,5,93,103,62,54,30,111,71,4,94,89,36"/><U16/><E123/><V24/><F129/><W107/><G36/><T64/><D74/><U35/><E68/><V27/><F134/><W1/><G111/><T41/><D87/><U101/><E40/><V113/><F113/><W130/><G1/><T81/><D81/><U79/><E101/><V127/><F109/><W77/><G77/><T15/><D23/><U132/><E132/><V112/><F127/><W108/><G107/><T47/><D22/><U115/><E115/><V120/><F112/><W82/><G108/><T131/><D131/><U104/><E104/><V86/><F120/><W102/><G71/><T75/><D75/><U72/><E11/><V39/><F39/><W128/><G82/><T125/><D125/><U45/><E45/><V67/><F67/><W100/><G128/><T116/><D116/><U133/><E133/><V26/><F55/><W34/><G34/><T46/><D46/><U110/><E110/><V42/><F42/><W18/><G30/><T6/><REACH who="0" step="1"/><D95/><REACH who="0" ten="201,289,250,250" step="2"/><N who="3" m="36361" /><G130/><T76/><D76/><U50/><E79/><V56/><F78/><W122/><G122/><T59/><D59/><U114/><E58/><V43/><F56/><N who="3" m="35095" /><G89/><AGARI ba="0,1" hai="6,10,15,28,29,41,47,49,61,64,69,89,92,96" machi="89" ten="30,3900,0" yaku="1,1,7,1,52,1,53,0" doraHai="88" doraHaiUra="124" who="0" fromWho="3" sc="201,49,289,0,250,0,250,-39" /><INIT seed="2,0,0,0,3,31" ten="250,289,250,211" oya="2" hai0="44,5,119,106,126,84,13,63,73,103,76,117,116" hai1="66,92,16,55,134,10,87,110,123,82,104,57,19" hai2="91,37,96,113,15,69,131,72,25,79,115,90,18" hai3="39,77,97,74,70,27,32,22,80,23,128,40,127"/><V105/><F69/><W1/><G70/><T61/><D126/><U51/><E104/><V46/><F25/><W132/><G127/><T107/><D73/><U102/><E123/><V111/><F131/><W0/><G128/><T52/><D5/><U9/><E134/><V4/><F4/><W24/><G132/><T68/><D13/><U89/><E66/><V41/><F111/><W118/><G118/><T28/><D28/><U114/><E114/><V112/><F79/><W109/><G109/><T81/><D103/><U78/><E110/><V108/><F72/><W42/><G97/><T35/><D35/><U86/><REACH who="1" step="1"/><E102/><REACH who="1" ten="250,279,250,211" step="2"/><V30/><F108/><W3/><G3/><T17/><D106/><U98/><E98/><V88/><F112/><W125/><G125/><T6/><D107/><U7/><E7/><V45/><F115/><W85/><G0/><T20/><D6/><U49/><E49/><V29/><F113/><W21/><G1/><T62/><D68/><U47/><E47/><V94/><F46/><W129/><G39/><T64/><D64/><U26/><E26/><V38/><F105/><W54/><G129/><T36/><D36/><U11/><AGARI ba="0,1" hai="9,10,11,16,19,51,55,57,78,82,86,87,89,92" machi="11" ten="30,7900,0" yaku="1,1,0,1,8,1,54,1,53,0" doraHai="31" doraHaiUra="122" who="1" fromWho="1" sc="250,-20,279,89,250,-39,211,-20" /><INIT seed="3,0,0,1,0,88" ten="230,368,211,191" oya="3" hai0="103,36,37,40,39,77,19,98,129,0,102,82,91" hai1="12,68,97,54,84,28,15,56,107,75,11,123,73" hai2="63,52,60,130,131,80,110,24,62,21,13,49,78" hai3="64,35,89,5,58,32,17,125,71,104,92,128,70"/><W30/><G104/><T76/><D129/><N who="2" m="49162" /><F13/><W117/><G117/><T93/><D0/><U79/><E68/><V59/><F110/><W3/><G128/><T2/><D2/><U14/><E28/><N who="2" m="17423" /><F63/><W115/><G115/><T51/><D19/><U72/><E123/><V26/><F26/><W43/><G125/><T113/><D113/><U133/><E133/><V34/><F34/><W48/><G17/><T95/><D82/><U53/><E11/><V105/><F105/><W90/><G3/><T134/><D134/><U108/><E108/><V47/><F47/><W118/><G118/><T6/><D6/><U122/><E122/><V22/><F22/><W57/><G5/><T8/><D8/><U124/><E124/><V55/><F55/><W9/><G9/><T27/><D27/><U119/><E119/><V111/><F111/><W16/><G16/><T29/><D29/><U135/><E135/><V50/><F50/><W83/><G48/><T86/><D103/><U116/><E116/><V46/><F46/><W41/><G30/><T44/><AGARI ba="0,0" hai="36,37,39,40,44,51,76,77,86,91,93,95,98,102" machi="44" ten="40,5200,0" yaku="0,1,52,2" doraHai="88" who="0" fromWho="0" sc="230,52,368,-13,211,-13,191,-26" owari="282,8.0,355,45.0,198,-20.0,165,-33.0" /></mjloggm>