<mjloggm ver="2.3"><GO type="169" lobby="0"/><UN n0="%E3%83%88%E3%83%88%E3%83%AA%E5%85%88%E7%94%9F%31%39%E6%AD%B3" n1="%E3%81%A8%E3%82%82%E3%81%8D%E3%82%85%E3%82%93%E2%99%AA" n2="%E9%A3%9B%E6%B2%AB" n3="%E3%83%87%E3%83%87%E3%82%AD%E3%83%B3%E3%83%88" dan="18,16,16,17" rate="2276.02,2149.19,2123.87,2137.60" sx="F,F,F,M"/><TAIKYOKU oya="0"/><INIT seed="0,0,0,0,2,27" ten="250,250,250,250" oya="0" hai0="126,52,58,88,34,107,96,124,46,87,64,57,32" hai1="25,51,6,65,81,20,105,5,103,29,61,113,4" hai2="67,66,0,116,95,40,26,100,68,102,31,17,53" hai3="98,39,55,86,79,38,129,72,108,78,101,123,127"/><T134/><D134/><U111/><E113/><V33/><F0/><W110/><G55/><T131/><D131/><U74/><E111/><N who="3" m="42538" /><G129/><T69/><D69/><U125/><E125/><N who="0" m="48233" /><D96/><U85/><E74/><V73/><F73/><W128/><G127/><T99/><D99/><U119/><E119/><V80/><F40/><W45/><G45/><T47/><D107/><U97/><E51/><V94/><F80/><N who="3" m="45127" /><G39/><T70/><D70/><U56/><REACH who="1" step="1"/><E4/><REACH who="1" ten="250,240,250,250" step="2"/><V75/><F75/><W30/><G38/><T60/><D47/><U12/><E12/><V71/><F116/><W109/><G109/><T14/><D46/><U77/><AGARI ba="0,1" hai="5,6,20,25,29,56,61,65,77,81,85,97,103,105" machi="77" ten="20,5200,0" yaku="1,1,0,1,7,1,52,1,53,0" doraHai="27" doraHaiUra="13" who="1" fromWho="1" sc="250,-26,240,62,250,-13,250,-13" /><INIT seed="1,0,0,1,2,45" ten="224,302,237,237" oya="1" hai0="78,90,128,46,73,12,56,116,118,91,30,79,21" hai1="11,47,19,50,112,44,41,54,60,14,26,51,86" hai2="43,4,74,71,120,39,28,52,109,58,93,102,68" hai3="32,6,70,121,92,23,82,88,29,117,119,131,127"/><U53/><E112/><V7/><F120/><W104/><G121/><T10/><D128/><U64/><E86/><V36/><F74/><W33/><G131/><T37/><D116/><N who="3" m="44617" /><G104/><T134/><D134/><U135/><E135/><V107/><F107/><W31/><G70/><T18/><D118/><U16/><E26/><V38/><F43/><W65/><G65/><T42/><D30/><N who="3" m="11273" /><G82/><T3/><D3/><U96/><E96/><V27/><F109/><W40/><G40/><T69/><D69/><U98/><E98/><V63/><F102/><W76/><G76/><T15/><D78/><U111/><E111/><V0/><F93/><W81/><G81/><T8/><D79/><U61/><E41/><V105/><F105/><W132/><G127/><T72/><D73/><U114/><E114/><V75/><F75/><W34/><G23/><T133/><D72/><U89/><E89/><V85/><F85/><N who="3" m="52239" /><G6/><T125/><D125/><U97/><E97/><V103/><F103/><W1/><G1/><T115/><D115/><U113/><E113/><V48/><F0/><W57/><G57/><T25/><D56/><N who="1" m="36903" /><E60/><V22/><F71/><W59/><G59/><T94/><D133/><AGARI ba="0,0" hai="32,33,34,132,133" m="52239,11273,44617" machi="133" ten="40,2600,0" yaku="12,1,54,1" doraHai="45" who="3" fromWho="0" sc="224,-26,302,0,237,0,237,26" /><INIT seed="2,0,0,1,3,55" ten="198,302,237,263" oya="2" hai0="94,91,3,4,34,123,93,13,109,129,39,124,2" hai1="58,38,11,122,40,66,18,82,75,96,51,110,64" hai2="135,49,32,69,128,111,81,74,46,105,12,83,132" hai3="35,89,120,119,1,73,125,16,0,50,78,104,15"/><V61/><F128/><W53/><G104/><T5/><D123/><U43/><E122/><V42/><F105/><W6/><G35/><T20/><D34/><U92/><E110/><V9/><F32/><W14/><G119/><T67/><D39/><U76/><E38/><V27/><F111/><W48/><G125/><T80/><D109/><U115/><E115/><V77/><F27/><W63/><G120/><T121/><D121/><U126/><E126/><V28/><F28/><W65/><G73/><T59/><D124/><U57/><E11/><V79/><F69/><W23/><G78/><N who="2" m="29705" /><F61/><W86/><G6/><T72/><D72/><U68/><E18/><N who="2" m="8463" /><F74/><W134/><G134/><AGARI ba="0,0" hai="42,46,49,81,83,132,134,135" m="8463,29705" machi="134" ten="30,1500,0" yaku="20,1" doraHai="55" who="2" fromWho="3" sc="198,0,302,0,237,15,263,-15" /><INIT seed="2,1,0,4,0,99" ten="198,302,252,248" oya="2" hai0="20,74,133,102,119,80,18,12,44,103,52,58,45" hai1="39,40,114,75,24,116,54,129,21,94,135,105,53" hai2="113,134,63,15,9,47,1,120,23,41,17,62,83" hai3="48,95,35,13,5,55,51,107,28,131,76,132,27"/><V7/><F120/><W3/><G107/><T104/><D133/><U32/><E116/><V98/><F134/><W6/><G132/><T61/><D119/><U88/><E105/><V30/><F113/><W126/><G126/><T8/><D104/><U10/><E75/><V69/><F69/><W42/><G131/><T78/><D45/><U46/><E32/><V118/><F118/><W43/><G3/><T36/><D36/><U117/><E117/><V110/><F110/><W49/><G76/><T130/><D130/><U26/><E114/><V127/><F127/><W16/><G55/><T64/><D44/><U91/><E129/><V33/><F98/><W31/><G95/><T111/><D111/><U124/><E124/><V4/><F4/><W93/><G93/><T56/><D8/><U84/><E10/><V79/><F30/><N who="3" m="11307" /><G27/><T65/><D65/><U66/><E66/><V81/><F81/><W121/><G35/><T70/><D70/><U122/><E122/><V115/><F33/><W29/><N who="3" m="11315" /><W22/><DORA hai="57" /><G121/><T112/><D112/><U34/><E34/><V87/><REACH who="2" step="1"/><F115/><REACH who="2" ten="198,302,242,248" step="2"/><W37/><G37/><AGARI ba="1,1" hai="1,7,9,15,17,23,37,41,47,62,63,79,83,87" machi="37" ten="30,12000,1" yaku="1,1,2,1,7,1,52,2,53,0" doraHai="99,57" doraHaiUra="25,96" who="2" fromWho="3" sc="198,0,302,0,242,133,248,-123" /><INIT seed="2,2,0,3,1,17" ten="198,302,375,125" oya="2" hai0="11,36,62,35,64,132,48,61,88,115,82,15,130" hai1="129,28,121,8,32,128,108,133,69,54,87,135,39" hai2="23,38,45,41,3,92,50,29,0,126,34,116,120" hai3="127,40,31,76,105,125,71,58,83,94,103,46,27"/><V25/><F120/><W89/><G71/><T33/><D36/><U9/><E69/><V19/><F126/><N who="3" m="48139" /><G58/><T102/><D115/><U98/><E39/><V119/><F38/><N who="3" m="21783" /><G105/><T124/><D124/><U122/><E54/><V70/><F70/><W77/><G103/><T51/><D130/><N who="1" m="50283" /><E87/><V86/><F3/><W6/><G6/><T65/><D132/><N who="1" m="50763" /><E98/><V101/><F0/><W53/><G53/><T91/><D102/><U95/><E95/><V97/><REACH who="2" step="1"/><F86/><REACH who="2" ten="198,302,365,125" step="2"/><N who="3" m="52535" /><G83/><T4/><D82/><U66/><E121/><V113/><F113/><W107/><G107/><T90/><D35/><AGARI ba="2,1" hai="27,31,35,76,77" m="52535,21783,48139" machi="35" ten="30,1000,0" yaku="18,1" doraHai="17" who="3" fromWho="0" sc="198,-16,302,0,365,0,125,26" /><INIT seed="3,0,0,3,4,67" ten="182,302,365,151" oya="3" hai0="105,74,133,47,104,103,135,25,89,62,20,60,65" hai1="57,5,53,107,71,123,99,35,77,93,82,18,134" hai2="50,100,115,40,92,69,59,73,64,43,46,3,23" hai3="120,45,51,12,58,68,121,75,83,37,38,66,94"/><W124/><G94/><T17/><D74/><U24/><E134/><N who="0" m="51209" /><D103/><U117/><E107/><N who="0" m="41033" /><D65/><U49/><E5/><V41/><F3/><W87/><G75/><T95/><D47/><U72/><E123/><N who="3" m="47178" /><G87/><AGARI ba="0,0" hai="17,20,25,60,62,87,89,95" m="41033,51209" machi="87" ten="30,1000,0" yaku="20,1" doraHai="67" who="0" fromWho="3" sc="182,10,302,0,365,0,151,-10" /><INIT seed="4,0,0,1,1,18" ten="192,302,365,141" oya="0" hai0="115,29,80,68,75,35,16,38,134,44,135,36,10" hai1="66,26,42,51,33,32,71,92,106,54,114,98,97" hai2="119,52,53,63,45,81,123,49,9,125,116,79,128" hai3="6,27,83,2,91,96,87,34,21,70,28,129,48"/><T13/><D68/><U117/><E117/><N who="2" m="45131" /><F123/><W113/><G113/><T82/><D115/><U110/><E110/><V60/><F128/><W69/><G129/><T61/><D61/><N who="2" m="23626" /><F9/><W31/><G31/><T65/><D65/><U22/><E42/><N who="2" m="24759" /><F125/><W19/><G48/><T23/><D35/><U94/><E106/><V20/><F20/><W101/><G6/><T41/><D38/><U40/><E22/><V90/><F90/><W132/><G2/><T126/><D126/><U124/><E26/><V62/><N who="2" m="23634" /><V103/><DORA hai="12" /><F103/><W111/><G111/><T127/><D127/><U118/><E33/><V100/><F100/><W59/><G101/><T122/><D122/><U7/><E7/><V112/><F112/><W102/><G102/><T3/><D75/><AGARI ba="0,0" hai="52,53,75,79,81" m="24759,23634,45131" machi="75" ten="40,2600,0" yaku="12,1,54,1" doraHai="18,12" who="2" fromWho="0" sc="192,-26,302,0,365,26,141,0" /><INIT seed="5,0,0,4,0,36" ten="166,302,391,141" oya="1" hai0="100,98,112,74,130,97,102,107,23,17,38,41,133" hai1="45,15,124,69,86,18,33,10,66,94,96,122,125" hai2="117,113,13,53,54,57,90,128,89,56,110,65,51" hai3="20,46,73,95,78,82,121,0,16,114,132,85,79"/><U31/><E122/><V81/><F110/><W34/><G121/><T5/><D74/><U44/><E86/><V92/><F117/><W84/><G34/><T24/><D112/><U106/><E106/><V11/><F65/><W39/><G114/><T59/><D130/><U123/><E123/><V127/><F127/><N who="1" m="48713" /><E66/><V115/><F81/><W63/><G0/><T25/><D133/><U64/><E64/><V68/><F68/><W119/><G132/><T126/><D126/><U105/><E105/><V4/><F128/><W50/><G119/><T26/><D59/><U99/><E69/><V49/><F90/><W19/><G39/><T129/><D129/><U134/><E134/><V131/><F131/><W32/><G32/><T22/><D5/><U70/><E70/><V108/><F108/><W104/><G104/><T116/><D116/><U62/><E62/><V55/><F55/><W52/><G63/><T72/><D72/><U80/><E80/><V88/><REACH who="2" step="1"/><F89/><REACH who="2" ten="166,302,381,141" step="2"/><W101/><G82/><T58/><D100/><N who="1" m="60439" /><E99/><AGARI ba="0,1" hai="4,11,13,49,51,53,54,56,57,88,92,99,113,115" machi="99" ten="40,5200,0" yaku="1,1,9,1,54,1,53,0" doraHai="36" doraHaiUra="28" who="2" fromWho="1" sc="166,0,302,-52,381,62,141,0" /><INIT seed="6,0,0,3,4,93" ten="166,250,443,141" oya="2" hai0="17,9,27,132,39,99,84,68,26,104,130,30,48" hai1="96,112,13,7,34,37,42,32,12,134,120,91,31" hai2="14,24,10,109,45,90,75,125,101,122,53,21,102" hai3="79,52,36,100,23,118,16,61,8,67,69,70,6"/><V1/><F90/><W114/><G118/><T71/><D39/><U116/><E116/><V115/><F53/><W28/><G36/><T80/><D130/><U105/><E112/><V106/><F21/><W59/><G114/><T82/><D132/><U49/><E37/><V72/><F14/><W123/><G123/><T85/><D48/><U77/><E77/><V25/><F25/><W119/><G119/><T15/><D26/><N who="1" m="18551" /><E34/><V88/><F88/><W127/><G127/><T22/><D84/><U108/><E7/><V11/><F101/><W97/><G79/><T51/><D82/><U50/><E42/><V126/><F1/><W131/><G131/><T133/><D133/><U35/><E35/><V124/><F109/><W60/><G28/><T81/><D81/><U0/><E0/><V2/><F2/><W40/><G40/><T43/><D51/><U33/><E33/><V58/><F115/><W103/><G70/><T87/><D87/><U64/><E50/><V113/><F113/><W57/><G69/><T56/><D56/><U5/><E49/><V86/><F124/><W20/><G100/><N who="0" m="62495" /><D43/><U44/><E134/><V38/><F125/><W95/><G6/><T89/><D68/><U46/><E5/><V29/><F38/><W83/><G83/><T92/><D80/><U98/><E108/><V19/><F126/><W73/><G73/><T41/><D71/><U129/><E129/><V4/><F72/><W66/><G66/><T62/><D41/><U54/><E120/><V18/><F75/><W78/><G78/><T47/><D47/><U94/><E46/><RYUUKYOKU ba="0,0" sc="166,15,250,-15,443,-15,141,15" hai0="9,15,17,22,27,30,62,85,89,92" hai3="8,16,20,23,52,57,59,60,61,67,95,97,103" /><INIT seed="7,1,0,1,3,61" ten="181,235,428,156" oya="3" hai0="7,50,120,116,65,112,58,16,45,64,132,127,72" hai1="41,8,102,21,18,26,1,80,114,29,27,68,135" hai2="90,15,115,74,34,126,130,23,113,35,87,6,93" hai3="3,47,39,128,43,85,129,73,20,103,25,123,44"/><W105/><G123/><T10/><D116/><U97/><E68/><V37/><F37/><W62/><G73/><T89/><D120/><U5/><E114/><V124/><F74/><W110/><G3/><T51/><D112/><N who="2" m="43082" /><F130/><N who="3" m="50283" /><G110/><T108/><D108/><U63/><E63/><V22/><F22/><W60/><G47/><T91/><D72/><U86/><E41/><V32/><F23/><W88/><G103/><T75/><D75/><U94/><E135/><V133/><F133/><W17/><G105/><T100/><D127/><U38/><E38/><V69/><F69/><W4/><G4/><T53/><D100/><U78/><E29/><V30/><F30/><W66/><G66/><N who="0" m="25707" /><D7/><U28/><E28/><V107/><F107/><W134/><G134/><T31/><D31/><U71/><E71/><V104/><F104/><W121/><G121/><T24/><D132/><U131/><E131/><V56/><F6/><W76/><G76/><T54/><D24/><AGARI ba="1,0" hai="1,5,8,18,21,24,26,27,78,80,86,94,97,102" machi="24" ten="30,1000,0" yaku="7,1" doraHai="61" who="1" fromWho="0" sc="181,-13,235,13,428,0,156,0" owari="168,-23.0,248,5.0,428,52.0,156,-34.0" /></mjloggm>