<mjloggm ver="2.3"><GO type="169" lobby="0"/><UN n0="%E3%83%81%E3%83%81%E3%82%AB%E3%82%AB%E6%B9%96" n1="%E5%B0%B1%E6%B4%BB%E7%94%9F%40%E5%B7%9D%E6%9D%91%E8%BB%8D%E5%9B%A3" n2="%E3%83%84%E3%83%AC%E3%82%AA" n3="%E7%A2%BA%E8%AA%8D%E4%BA%8B%E9%A0%85" dan="16,16,16,16" rate="2133.07,2088.70,2091.80,2078.81" sx="M,M,M,M"/><TAIKYOKU oya="0"/><INIT seed="0,0,0,0,0,18" ten="250,250,250,250" oya="0" hai0="42,135,66,85,113,121,10,0,56,111,58,119,114" hai1="14,75,103,33,90,123,125,107,101,98,108,5,83" hai2="2,80,96,31,51,11,71,93,37,128,24,70,126" hai3="124,112,20,36,48,21,60,129,50,8,127,55,38"/><T73/><D73/><U68/><E123/><V65/><F37/><N who="3" m="14443" /><G112/><T92/><D121/><U67/><E33/><V89/><F126/><N who="3" m="48171" /><G8/><T102/><D119/><U3/><E108/><V105/><F128/><W130/><G60/><T35/><D35/><U106/><E125/><V94/><F105/><W115/><G115/><T116/><D116/><U77/><E90/><V134/><F134/><W132/><G132/><T104/><D135/><U131/><E14/><V61/><F80/><W40/><G40/><T78/><D42/><U100/><E131/><N who="3" m="50186" /><G48/><T97/><D113/><U110/><E110/><V6/><F51/><W54/><G54/><T46/><D111/><U74/><E3/><V120/><F94/><W22/><G22/><T69/><D92/><U87/><E5/><V109/><F120/><W34/><G34/><T41/><D114/><U47/><E106/><V81/><F81/><W1/><G1/><T45/><D41/><U19/><E107/><V59/><F109/><W79/><G79/><T29/><D10/><U95/><E83/><V82/><F82/><W49/><G49/><T76/><D0/><U63/><E77/><V15/><F2/><W9/><G9/><T91/><D78/><U133/><E133/><V44/><F44/><AGARI ba="0,0" hai="20,21,44,50,55" m="50186,48171,14443" machi="44" ten="40,8000,1" yaku="18,1,19,1,52,2" doraHai="18" who="3" fromWho="2" sc="250,0,250,0,250,-80,250,80" /><INIT seed="1,0,0,3,5,28" ten="250,250,170,330" oya="1" hai0="24,14,134,63,55,1,50,108,27,40,123,47,21" hai1="102,41,87,56,19,133,106,127,78,65,70,81,118" hai2="124,48,89,115,110,36,93,22,68,76,62,45,72" hai3="33,126,131,34,12,3,83,5,90,73,60,53,30"/><U11/><E118/><V94/><F115/><W17/><G30/><T31/><D1/><U9/><E133/><V79/><F110/><W82/><G5/><T75/><D75/><U71/><E127/><V57/><F124/><W16/><G3/><T125/><D125/><U98/><E41/><V105/><F105/><W117/><G126/><T64/><D108/><U120/><E120/><V4/><F68/><W116/><G131/><T104/><D123/><U54/><E65/><V109/><F109/><W2/><G2/><T135/><D104/><U6/><E19/><N who="3" m="7242" /><G12/><T66/><D14/><U51/><REACH who="1" step="1"/><E11/><REACH who="1" ten="250,240,170,330" step="2"/><V67/><F67/><W7/><G117/><T132/><D40/><U128/><E128/><V101/><F4/><W42/><G7/><T49/><D66/><U20/><E20/><V122/><F22/><W69/><G42/><T23/><D64/><U97/><E97/><V103/><F122/><W114/><G116/><T99/><D99/><U74/><E74/><V38/><F72/><W112/><G73/><T96/><D96/><U61/><E61/><V43/><F62/><W58/><G69/><T32/><D21/><U121/><E121/><V80/><F43/><W18/><G18/><N who="0" m="12407" /><D63/><U119/><E119/><V26/><F36/><W15/><G60/><T8/><D50/><U91/><E91/><V85/><F89/><W10/><G90/><T107/><D8/><U29/><E29/><V130/><F48/><N who="3" m="31015" /><G10/><T37/><D37/><U92/><E92/><V35/><F38/><W84/><G114/><T52/><D107/><U0/><AGARI ba="0,1" hai="0,6,9,51,54,56,70,71,78,81,87,98,102,106" machi="0" ten="20,7800,0" yaku="1,1,0,1,7,1,53,1" doraHai="28" doraHaiUra="44" who="1" fromWho="1" sc="250,-26,240,88,170,-26,330,-26" /><INIT seed="1,1,0,2,4,15" ten="224,328,144,304" oya="1" hai0="68,88,132,72,64,76,92,0,2,94,122,116,104" hai1="5,45,44,127,27,10,117,107,81,61,58,100,90" hai2="13,71,7,86,96,114,22,38,106,24,108,85,78" hai3="65,120,134,6,124,28,97,110,84,126,89,131,25"/><U62/><E117/><V53/><F108/><W41/><G120/><T14/><D116/><U33/><E127/><N who="3" m="48682" /><G110/><T17/><D104/><U93/><E107/><V129/><F129/><W115/><G115/><T133/><D122/><U59/><E100/><V83/><F114/><W20/><G134/><N who="0" m="51819" /><D94/><U40/><E81/><V87/><F38/><W60/><G41/><T19/><D64/><N who="1" m="38967" /><E33/><V55/><F71/><N who="3" m="42407" /><G6/><T3/><D68/><U77/><E77/><V121/><F121/><W103/><G131/><T73/><D76/><U113/><E113/><V91/><F13/><W57/><G57/><T26/><D26/><U4/><E27/><V8/><F8/><W70/><G70/><T9/><D17/><U128/><E128/><V49/><F7/><N who="1" m="2633" /><E40/><V125/><F125/><W102/><G102/><T42/><D42/><U54/><E10/><V34/><F34/><W67/><G67/><T130/><D130/><U82/><E82/><V37/><F37/><W35/><G35/><T16/><D19/><U50/><E50/><V75/><F49/><W43/><G43/><T112/><D112/><U118/><E118/><V69/><F69/><W11/><G11/><T21/><D9/><U63/><E63/><V46/><F106/><N who="3" m="63855" /><G89/><T99/><AGARI ba="1,0" hai="0,2,3,14,16,21,72,73,88,92,99" m="51819" machi="99" ten="40,8000,1" yaku="20,1,52,1,54,2" doraHai="15" who="0" fromWho="0" sc="224,83,328,-41,144,-21,304,-21" /><INIT seed="2,0,0,5,3,94" ten="307,287,123,283" oya="2" hai0="11,120,5,58,91,16,12,14,6,29,76,119,26" hai1="48,1,105,10,70,0,56,81,104,112,71,59,41" hai2="65,97,50,60,131,129,92,18,20,67,36,23,124" hai3="114,102,73,80,4,72,116,57,123,103,64,49,31"/><V133/><F36/><W9/><G116/><T51/><D120/><U96/><E112/><V53/><F124/><W28/><G123/><T99/><D76/><U85/><E41/><V62/><F133/><W128/><G128/><N who="2" m="49225" /><F65/><W135/><G135/><T43/><D119/><U7/><E0/><V47/><F18/><W34/><G73/><T45/><D58/><U109/><E109/><V54/><F54/><W19/><G19/><T30/><D26/><U111/><E111/><V90/><F62/><W66/><G66/><T74/><D74/><U93/><E71/><AGARI ba="0,0" hai="20,23,47,50,53,60,67,71,90,92,97" m="49225" machi="71" ten="30,2900,0" yaku="19,1,52,1" doraHai="94" who="2" fromWho="1" sc="307,0,287,-29,123,29,283,0" /><INIT seed="2,1,0,4,2,24" ten="307,258,152,283" oya="2" hai0="42,105,125,53,77,128,86,17,111,74,133,38,27" hai1="102,79,11,16,92,91,132,70,63,122,39,73,23" hai2="52,123,45,12,69,62,104,108,61,22,19,101,21" hai3="94,57,119,8,127,7,2,67,98,114,103,90,85"/><V34/><F34/><W83/><G127/><T49/><D86/><U28/><E39/><V44/><F123/><W118/><G114/><T35/><D49/><U15/><E122/><V75/><F75/><W110/><G110/><T124/><D53/><U72/><E132/><V81/><F108/><W134/><G134/><T31/><D42/><U1/><E102/><V43/><F104/><W65/><REACH who="3" step="1"/><G57/><REACH who="3" ten="307,258,152,273" step="2"/><T46/><D133/><U95/><E70/><V76/><F69/><W99/><G99/><T82/><D111/><U5/><E73/><V60/><F101/><W88/><G88/><T117/><D124/><U18/><E72/><V84/><F43/><W59/><G59/><T100/><D125/><U20/><E91/><V32/><F52/><W87/><G87/><T120/><D100/><U58/><E79/><V71/><F71/><W130/><G130/><T113/><D77/><U14/><REACH who="1" step="1"/><E28/><REACH who="1" ten="307,248,152,273" step="2"/><V51/><F76/><W106/><G106/><T116/><D105/><U40/><E40/><V97/><F97/><W0/><G0/><T64/><D74/><U6/><E6/><V131/><F131/><W80/><G80/><T4/><D82/><U96/><E96/><V13/><F81/><W89/><G89/><T26/><D128/><U25/><E25/><V93/><F84/><W109/><G109/><T115/><D120/><U66/><AGARI ba="1,2" hai="1,5,11,14,15,16,18,20,23,58,63,66,92,95" machi="66" ten="20,8000,1" yaku="1,1,0,1,7,1,9,1,54,1,53,0" doraHai="24" doraHaiUra="68" who="1" fromWho="1" sc="307,-21,248,103,152,-41,273,-21" /><INIT seed="3,0,0,5,0,132" ten="286,351,111,252" oya="3" hai0="38,45,119,83,47,37,120,64,40,65,9,13,82" hai1="96,104,51,99,67,59,54,50,15,12,62,48,66" hai2="57,32,11,97,116,127,106,3,24,98,105,122,117" hai3="79,70,134,94,110,35,113,56,84,55,39,75,107"/><W86/><G70/><T28/><D119/><U33/><E33/><V41/><F41/><W111/><G107/><T76/><D120/><U2/><E2/><V6/><F122/><W5/><G113/><T135/><D135/><U78/><E78/><V91/><F57/><W92/><G39/><T43/><D28/><U16/><E12/><V95/><F127/><W52/><G35/><T85/><REACH who="0" step="1"/><D83/><REACH who="0" ten="276,351,111,252" step="2"/><U101/><REACH who="1" step="1"/><E96/><REACH who="1" ten="276,341,111,252" step="2"/><V115/><F115/><W100/><G134/><T17/><AGARI ba="0,2" hai="9,13,17,37,38,40,43,45,47,64,65,76,82,85" machi="17" ten="20,8000,1" yaku="1,1,2,1,0,1,7,1,9,1,53,0" doraHai="132" doraHaiUra="20" who="0" fromWho="0" sc="276,100,341,-20,111,-20,252,-40" /><INIT seed="4,0,0,1,4,33" ten="376,321,91,212" oya="0" hai0="135,98,43,46,69,76,11,91,67,109,116,55,28" hai1="51,10,34,68,25,90,65,39,9,120,88,30,63" hai2="119,92,18,47,2,66,17,45,7,19,117,134,72" hai3="38,23,3,85,0,24,14,130,77,115,42,70,94"/><T31/><D116/><U29/><E39/><V118/><F72/><W122/><G70/><T128/><D76/><U105/><E120/><V13/><F134/><W40/><G122/><T49/><D135/><U50/><E105/><V93/><F13/><W59/><G115/><T103/><D128/><U114/><E114/><V110/><F66/><W41/><G38/><T129/><D129/><U15/><E30/><V133/><F133/><W71/><G71/><T101/><D91/><U100/><E100/><V87/><F110/><W123/><G123/><T58/><D109/><U113/><E10/><V83/><F93/><W53/><G14/><T52/><D103/><U8/><E8/><N who="2" m="2167" /><F92/><W86/><G130/><T121/><D121/><U44/><E51/><V35/><F35/><W56/><G56/><T75/><D75/><U64/><E64/><V84/><F84/><W57/><G57/><T89/><D89/><AGARI ba="0,0" hai="17,18,19,45,47,83,87,89,117,118,119" m="2167" machi="89" ten="40,2600,0" yaku="12,1,52,1" doraHai="33" who="2" fromWho="0" sc="376,-26,321,0,91,26,212,0" /><INIT seed="5,0,0,4,4,124" ten="350,321,117,212" oya="1" hai0="24,37,14,36,58,87,46,55,10,26,1,52,27" hai1="21,117,63,42,64,82,128,98,62,30,99,54,111" hai2="8,95,91,22,123,51,76,94,13,92,72,129,45" hai3="73,38,88,65,113,28,97,12,15,90,120,33,18"/><U56/><E117/><V32/><F32/><W106/><G120/><T116/><D1/><U35/><E35/><V110/><F110/><W133/><G38/><T39/><D116/><U23/><E111/><V57/><F123/><W105/><G73/><T16/><D87/><U109/><E109/><V104/><F104/><W11/><G65/><T93/><D93/><U107/><E42/><V132/><F132/><W9/><G133/><T78/><D78/><U5/><E5/><V29/><F91/><W6/><G113/><T0/><D0/><U44/><E107/><V112/><F57/><W83/><G83/><T67/><REACH who="0" step="1"/><D46/><REACH who="0" ten="340,321,117,212" step="2"/><U66/><E99/><V41/><F112/><W102/><G106/><T130/><D130/><U43/><E128/><V74/><F129/><W125/><G125/><T80/><D80/><U59/><E98/><V69/><F76/><W40/><G97/><T3/><D3/><U100/><E100/><V85/><F85/><W86/><G86/><T19/><D19/><U77/><E30/><V122/><F122/><W135/><G102/><T68/><D68/><U114/><E114/><V71/><F69/><W101/><G101/><T96/><D96/><U2/><E2/><V118/><F71/><W34/><G105/><T20/><D20/><U25/><E82/><V7/><F118/><W31/><G18/><T75/><D75/><U81/><E81/><V84/><F84/><W121/><G121/><T131/><D131/><U49/><E77/><V127/><F127/><W115/><G115/><T103/><D103/><U134/><E134/><V50/><F50/><RYUUKYOKU ba="0,1" sc="340,15,321,-15,117,15,212,-15" hai0="10,14,16,24,26,27,36,37,39,52,55,58,67" hai2="7,8,13,22,29,41,45,51,72,74,92,94,95" /><INIT seed="6,1,1,0,4,44" ten="355,306,132,197" oya="2" hai0="78,128,134,42,82,53,40,125,112,87,93,23,18" hai1="76,88,126,52,72,33,67,48,35,20,74,28,71" hai2="101,120,95,114,90,99,2,62,56,29,107,69,9" hai3="98,39,10,38,32,0,65,24,15,109,47,115,91"/><V85/><F114/><W12/><G109/><T133/><D112/><U122/><E71/><V97/><F120/><W55/><G115/><T103/><D125/><U30/><E67/><V132/><F132/><N who="0" m="50794" /><D128/><U79/><E122/><V58/><F29/><W25/><G55/><T51/><D103/><U16/><E126/><V104/><F2/><W17/><G91/><T94/><D94/><U37/><E37/><V86/><F9/><W130/><G17/><T131/><D93/><U21/><E88/><V43/><F43/><W102/><G10/><T110/><D131/><U116/><E116/><V135/><F135/><W83/><G0/><T70/><D70/><U121/><E121/><V119/><F119/><W4/><G4/><T63/><D63/><U13/><E74/><V81/><F69/><W31/><G102/><T3/><D3/><U127/><E72/><V45/><F45/><W89/><G47/><N who="0" m="27903" /><D110/><U108/><E108/><V5/><F5/><W59/><G130/><T61/><D61/><U80/><E127/><V77/><F62/><W124/><G124/><T27/><AGARI ba="1,1" hai="18,23,27,40,42,78,82,87" m="27903,50794" machi="27" ten="30,2000,0" yaku="20,1,52,1" doraHai="44" who="0" fromWho="0" sc="355,33,306,-6,132,-11,197,-6" /><INIT seed="7,0,0,0,5,114" ten="388,300,121,191" oya="3" hai0="125,66,15,34,0,84,1,2,73,38,120,6,61" hai1="123,87,59,75,39,132,70,122,69,55,100,50,31" hai2="23,135,63,130,49,80,11,51,72,98,41,10,56" hai3="118,104,35,101,102,36,86,127,37,40,42,45,16"/><W89/><G35/><T33/><D84/><U44/><E75/><V129/><F135/><W94/><G127/><T78/><D15/><U48/><E31/><V8/><F98/><W3/><G3/><N who="0" m="1099" /><D38/><U134/><E100/><V19/><F72/><W111/><G111/><T99/><D99/><U64/><E87/><V112/><F112/><W52/><G104/><T115/><D120/><U29/><E29/><V14/><F130/><W82/><G37/><T107/><D107/><U128/><E128/><V77/><F129/><W46/><G42/><T121/><D121/><N who="1" m="46091" /><E39/><V117/><F117/><W74/><G118/><T92/><D92/><U21/><E21/><V90/><F77/><W93/><G93/><T105/><D105/><U126/><E126/><V71/><F71/><N who="1" m="27145" /><E64/><V83/><F90/><W85/><G74/><T30/><D30/><U65/><E65/><V119/><F119/><W116/><G116/><T54/><D66/><U5/><E5/><V103/><F103/><W22/><G82/><T79/><D115/><U28/><E28/><V109/><F109/><W32/><G86/><T17/><D33/><U27/><E27/><V60/><F41/><AGARI ba="0,0" hai="41,44,48,50,55,59,132,134" m="27145,46091" machi="41" ten="30,2000,0" yaku="34,2" doraHai="114" who="1" fromWho="2" sc="388,0,300,20,121,-20,191,0" owari="388,49.0,320,12.0,101,-40.0,191,-21.0" /></mjloggm>