<mjloggm ver="2.3"><GO type="97" lobby="0"/><UN n0="%E3%81%8A%E3%81%8B%E3%82%81%E7%B4%8D%E8%B1%86" n1="%E5%B0%B1%E6%B4%BB%E7%94%9F%40%E5%B7%9D%E6%9D%91%E8%BB%8D%E5%9B%A3" n2="%63%68%65%62%63%68%65%62" n3="%6D%61%74%69%6F%73%61%6E" dan="15,14,13,14" rate="1981.96,1965.34,1801.66,1919.75" sx="M,M,M,M"/><TAIKYOKU oya="0"/><INIT seed="0,0,0,4,3,1" ten="250,250,250,250" oya="0" hai0="128,118,68,61,95,102,43,60,42,38,83,121,104" hai1="31,57,17,110,5,9,81,26,86,39,134,8,41" hai2="51,113,10,13,97,53,76,84,50,14,63,108,92" hai3="123,129,120,75,64,85,28,114,6,22,62,79,94"/><T54/><D104/><U46/><E134/><V109/><F113/><W23/><G114/><T99/><D118/><U88/><E110/><N who="2" m="42603" /><F76/><W49/><G28/><T24/><D121/><N who="3" m="46665" /><G129/><T132/><D132/><U131/><E131/><V33/><F84/><W98/><G75/><T87/><D128/><U135/><E135/><V103/><F14/><W44/><G6/><T116/><D116/><U78/><E57/><N who="2" m="35247" /><F33/><W66/><G85/><T27/><D38/><U100/><E100/><V126/><F126/><W71/><G66/><T72/><D72/><U112/><E112/><V93/><F93/><W90/><G79/><N who="0" m="46591" /><D61/><U70/><E70/><V67/><F67/><W29/><G29/><T16/><D68/><U15/><E78/><V48/><F48/><W106/><G106/><T4/><D27/><U45/><E45/><V73/><F73/><W96/><G98/><T82/><D82/><U55/><E55/><AGARI ba="0,0" hai="22,23,44,49,55,62,64,71,90,94,96" m="46665" machi="55" ten="30,1000,0" yaku="13,1" doraHai="1" who="3" fromWho="1" sc="250,0,250,-10,250,0,250,10" /><INIT seed="1,0,0,2,2,38" ten="250,240,250,260" oya="1" hai0="110,24,43,71,66,35,118,58,48,128,70,91,134" hai1="104,5,93,82,112,15,19,21,124,125,73,4,39" hai2="11,103,123,23,96,65,64,32,13,130,122,7,22" hai3="30,47,121,75,117,129,98,119,18,113,78,61,63"/><U72/><E104/><V79/><F32/><W8/><G121/><T46/><D118/><N who="3" m="45065" /><G113/><T95/><D110/><U9/><E112/><V41/><F130/><W120/><G120/><T50/><D128/><U56/><E39/><V1/><F123/><W84/><G75/><T108/><D108/><U85/><E93/><N who="2" m="58767" /><F122/><W126/><G126/><N who="1" m="48746" /><E56/><V83/><F1/><W37/><G98/><T54/><D134/><U31/><E31/><V59/><F23/><W86/><G30/><T2/><D2/><N who="1" m="151" /><E5/><V80/><F22/><W10/><G18/><T0/><D0/><U102/><E102/><V16/><F7/><W97/><G97/><T14/><D14/><U3/><E3/><V76/><F83/><N who="3" m="47223" /><G86/><T17/><D35/><U42/><E42/><V55/><F80/><W100/><G100/><T45/><D17/><U57/><E57/><V81/><F81/><W49/><G37/><T29/><D29/><U25/><E25/><V27/><F27/><W114/><G114/><T33/><D24/><U69/><E69/><V53/><F53/><N who="3" m="29887" /><G129/><T77/><D33/><U133/><E133/><V68/><F68/><W34/><G34/><T92/><D71/><U26/><E26/><V44/><F79/><AGARI ba="0,0" hai="15,19,21,72,73,79,82,85" m="151,48746" machi="79" ten="30,1500,0" yaku="18,1" doraHai="38" who="1" fromWho="2" sc="250,0,240,15,250,-15,260,0" /><INIT seed="1,1,0,0,2,12" ten="250,255,235,260" oya="1" hai0="41,74,130,103,96,30,109,39,125,10,38,17,45" hai1="16,110,60,107,123,48,80,97,52,51,117,11,124" hai2="121,15,22,132,25,70,102,118,131,9,133,46,108" hai3="37,120,81,56,62,75,24,47,79,98,58,78,35"/><U112/><E123/><V44/><F70/><W87/><G120/><T55/><D74/><U66/><E117/><V28/><F102/><W14/><G37/><T84/><D109/><U99/><E112/><V114/><F46/><W42/><G42/><T54/><D125/><U63/><E124/><V115/><F44/><W92/><G47/><T40/><D130/><U90/><E110/><V129/><F121/><W31/><G14/><T23/><D41/><U111/><E111/><V33/><F108/><W134/><G134/><N who="2" m="51817" /><F33/><W19/><G19/><T27/><D39/><U119/><E119/><V127/><F118/><W32/><G35/><T135/><D135/><U53/><E107/><V69/><F69/><W8/><G8/><T100/><D100/><U88/><E66/><V104/><F104/><W36/><G36/><T71/><D71/><U126/><E126/><V2/><F2/><W116/><G116/><T67/><D67/><U43/><E43/><V89/><F89/><N who="1" m="34409" /><E80/><V122/><F122/><W93/><G93/><T1/><D84/><U49/><E63/><V106/><F106/><W94/><G92/><T72/><D72/><U82/><E82/><V128/><F127/><W59/><G75/><T18/><D54/><N who="1" m="21099" /><E60/><V0/><F0/><W68/><G68/><T113/><D55/><U3/><E3/><V20/><F20/><W57/><G78/><T76/><D76/><U5/><E5/><AGARI ba="1,0" hai="5,9,15,22,25,28,114,115,128,129,131" m="51817" machi="5" ten="40,8000,1" yaku="19,1,20,1,34,2" doraHai="12" who="2" fromWho="1" sc="250,0,255,-83,235,83,260,0" /><INIT seed="2,0,0,4,5,69" ten="250,172,318,260" oya="2" hai0="22,10,14,74,109,31,13,110,1,91,105,4,97" hai1="56,64,77,24,33,3,83,123,133,7,96,0,28" hai2="82,49,26,120,48,121,50,100,5,84,16,95,130" hai3="86,9,41,57,106,118,15,88,73,107,55,115,51"/><V102/><F5/><W59/><G73/><T21/><D74/><U113/><E123/><V111/><F130/><W90/><G118/><T38/><D38/><U132/><E113/><V93/><F82/><W37/><G115/><T8/><D105/><U99/><E64/><V66/><F66/><W122/><G122/><N who="2" m="47209" /><F84/><W80/><G59/><T58/><D58/><U94/><E56/><V6/><F6/><W76/><G107/><T11/><D97/><U54/><E54/><V71/><F71/><W34/><G34/><T119/><D91/><U30/><E30/><V101/><F26/><W68/><G68/><T61/><D119/><U129/><E129/><V63/><F16/><W87/><G106/><T67/><D4/><U92/><E92/><N who="2" m="35403" /><F111/><N who="0" m="42506" /><D31/><U20/><E33/><V44/><F44/><W131/><G131/><T2/><D67/><U127/><E127/><V60/><AGARI ba="0,0" hai="48,49,50,60,63,100,101,102" m="35403,47209" machi="60" ten="40,3900,0" yaku="28,2" doraHai="69" who="2" fromWho="2" sc="250,-13,172,-13,318,39,260,-13" /><INIT seed="2,1,0,0,2,123" ten="237,159,357,247" oya="2" hai0="54,61,9,83,97,62,119,85,99,131,29,12,73" hai1="124,133,38,33,103,82,27,89,40,36,120,47,102" hai2="106,30,5,75,8,74,34,60,3,113,22,110,0" hai3="134,98,31,13,84,21,10,43,71,7,96,126,14"/><V130/><F113/><W56/><G71/><T52/><D73/><N who="2" m="27658" /><F22/><W50/><G134/><T35/><D119/><U17/><E120/><V23/><F60/><N who="0" m="23146" /><D29/><U1/><E133/><V117/><F23/><W72/><G72/><T118/><D35/><U125/><E1/><N who="2" m="47" /><F106/><W45/><G126/><T28/><D28/><U15/><E38/><V25/><F130/><W42/><G42/><T70/><D70/><U49/><E36/><V39/><F117/><W114/><G114/><T66/><D66/><U19/><E33/><V18/><F18/><N who="3" m="10447" /><G31/><T59/><D131/><U78/><E27/><V51/><F51/><W90/><G56/><T37/><D37/><U44/><E89/><V135/><F135/><W105/><G105/><T91/><D118/><U111/><E15/><V87/><F87/><W4/><G7/><N who="0" m="3135" /><D59/><U100/><E47/><V88/><F88/><W67/><G67/><T77/><D91/><U79/><E79/><V132/><F132/><W128/><G128/><T101/><D101/><U108/><E17/><V57/><F57/><W81/><AGARI ba="1,0" hai="4,10,14,43,45,50,81,84,90,96,98" m="10447" machi="81" ten="30,1100,0" yaku="8,1" doraHai="123" who="3" fromWho="3" sc="237,-4,159,-4,357,-6,247,14" /><INIT seed="3,0,0,0,1,133" ten="233,155,351,261" oya="3" hai0="30,95,44,109,49,24,94,135,83,91,21,13,20" hai1="53,59,54,108,23,129,14,74,98,120,62,51,104" hai2="102,84,113,68,42,79,89,17,116,64,82,73,97" hai3="4,25,123,43,66,12,69,128,40,57,110,28,0"/><W38/><G123/><T15/><D135/><U36/><E74/><V50/><F116/><W107/><G107/><T132/><D132/><U8/><E36/><V5/><F5/><W45/><G40/><T71/><D71/><U55/><E120/><V85/><F113/><W61/><G12/><T114/><D114/><U125/><E129/><V111/><F111/><W81/><G110/><T88/><D83/><U37/><E37/><V35/><F35/><N who="3" m="20879" /><G81/><T92/><D109/><U29/><E108/><V7/><F7/><W52/><G128/><T101/><D101/><U19/><E104/><N who="2" m="63567" /><F84/><W134/><G134/><T6/><D15/><U70/><E70/><V58/><F68/><W34/><G34/><T100/><D100/><U10/><E98/><V122/><F122/><W93/><G93/><T48/><D48/><U41/><E125/><V63/><F17/><W86/><G86/><T126/><D126/><U11/><REACH who="1" step="1"/><E29/><REACH who="1" ten="233,145,351,261" step="2"/><V9/><F42/><W127/><G127/><T87/><D87/><U26/><E26/><V75/><F75/><W115/><G115/><T76/><D30/><U65/><E65/><V119/><F119/><W32/><G69/><T130/><D24/><U2/><E2/><V18/><F73/><W22/><G66/><T1/><D1/><U118/><E118/><V80/><F64/><W78/><G0/><T56/><D130/><U72/><E72/><V3/><F3/><W47/><G38/><T77/><D13/><U103/><E103/><V60/><F85/><W27/><G27/><T121/><D121/><U117/><E117/><V106/><F106/><RYUUKYOKU ba="0,1" sc="233,-10,145,30,351,-10,261,-10" hai1="8,10,11,14,19,23,41,51,53,54,55,59,62" owari="223,-18.0,175,-32.0,351,45.0,251,5.0" /></mjloggm>