<mjloggm ver="2.3"><GO type="41" lobby="0"/><UN n0="%41%6C%66%68%65%69%6D" n1="%E3%83%88%E3%83%83%E3%83%97%E7%A2%BA%E5%AE%9A" n2="%E5%B0%B1%E6%B4%BB%E7%94%9F%40%E5%B7%9D%E6%9D%91%E8%BB%8D%E5%9B%A3" n3="%CE%BC%6B%61%70%70%75" dan="13,13,17,13" rate="1890.58,1830.74,2159.05,1919.23" sx="M,M,M,M"/><TAIKYOKU oya="0"/><INIT seed="0,0,0,4,4,27" ten="250,250,250,250" oya="0" hai0="70,101,132,26,37,45,50,103,59,63,16,33,54" hai1="87,105,47,28,127,99,90,76,61,121,112,4,64" hai2="115,107,24,7,17,84,116,60,74,10,126,88,40" hai3="86,97,131,110,93,0,25,65,31,18,71,44,135"/><T5/><D132/><U13/><E121/><V128/><F74/><W95/><G0/><T53/><D5/><U113/><E127/><V51/><F107/><W114/><G114/><N who="1" m="44138" /><E47/><V14/><F116/><W52/><G93/><T119/><D119/><U72/><E76/><V134/><F115/><W29/><G65/><T109/><D109/><U69/><E72/><V94/><F128/><W3/><G3/><T34/><D34/><U106/><E99/><V125/><F134/><W57/><G135/><T9/><D70/><U32/><E13/><V77/><F77/><W80/><G71/><T89/><D37/><U56/><E4/><V82/><F24/><W30/><G131/><T62/><D62/><U124/><E124/><N who="2" m="47723" /><F60/><N who="3" m="35879" /><G44/><T130/><D130/><U39/><E39/><V91/><F51/><W38/><G38/><T83/><D33/><U48/><E48/><V118/><F40/><W11/><G110/><T55/><D55/><U85/><E69/><V46/><F46/><W20/><G11/><T58/><D58/><U15/><E15/><V36/><F36/><W43/><G43/><T133/><D133/><U75/><E75/><V1/><F118/><W12/><G12/><N who="0" m="7183" /><D26/><N who="1" m="18455" /><E90/><V123/><F123/><W2/><G2/><T22/><D22/><U96/><E96/><N who="2" m="57415" /><F1/><W49/><G49/><T35/><D35/><U78/><E78/><V73/><F73/><W117/><G117/><T67/><D67/><U100/><E100/><V79/><F79/><W66/><G66/><T120/><D120/><U108/><E108/><V6/><AGARI ba="0,0" hai="6,7,10,14,17,82,84,91" m="57415,47723" machi="6" ten="30,2000,0" yaku="18,1,54,1" doraHai="27" who="2" fromWho="2" sc="250,-10,250,-5,250,20,250,-5" /><INIT seed="1,0,0,3,5,16" ten="240,245,270,245" oya="1" hai0="129,130,49,7,59,82,5,28,109,64,10,100,0" hai1="88,2,32,114,125,94,75,20,19,4,34,86,70" hai2="57,62,58,68,61,121,52,101,14,93,13,91,106" hai3="36,118,95,31,104,108,53,23,39,107,84,42,63"/><U76/><E70/><V98/><F121/><W128/><G118/><T92/><D109/><U83/><E114/><V116/><F68/><W72/><G72/><T51/><D5/><U11/><REACH who="1" step="1"/><E125/><REACH who="1" ten="240,235,270,245" step="2"/><V25/><F116/><W90/><G128/><T89/><D130/><U15/><AGARI ba="0,1" hai="2,4,11,15,19,20,32,34,75,76,83,86,88,94" machi="15" ten="20,18000,2" yaku="1,1,2,1,0,1,7,1,52,1,54,1,53,0" doraHai="16" doraHaiUra="41" who="1" fromWho="1" sc="240,-60,235,190,270,-60,245,-60" /><INIT seed="1,1,0,5,5,11" ten="180,425,210,185" oya="1" hai0="101,14,110,4,81,60,83,26,121,24,28,129,36" hai1="41,35,0,65,79,119,105,33,114,109,126,15,8" hai2="9,118,63,120,61,125,135,1,112,54,74,98,87" hai3="20,71,46,16,43,99,49,51,13,6,85,32,122"/><U86/><E114/><V84/><F74/><W19/><G32/><T89/><D36/><U58/><E119/><V127/><F118/><W22/><G71/><T76/><D110/><U2/><E105/><V10/><F120/><W45/><G122/><T50/><D121/><U12/><E41/><V75/><F75/><W47/><G6/><T42/><D101/><U100/><E100/><V27/><F112/><W38/><G38/><T17/><D129/><U23/><E79/><V30/><F135/><W115/><G115/><T116/><D116/><U67/><E86/><N who="2" m="32811" /><F98/><W39/><G39/><T90/><D4/><U34/><E58/><N who="2" m="35031" /><F63/><W131/><G131/><T102/><D102/><U40/><E40/><V37/><F37/><W3/><G3/><N who="1" m="1066" /><E23/><N who="2" m="15743" /><F1/><W133/><G133/><T29/><D60/><U113/><E113/><V95/><F95/><W97/><G85/><T21/><D42/><U57/><E57/><V44/><F44/><N who="3" m="25759" /><G51/><T128/><D50/><U5/><E5/><V134/><F134/><W56/><G56/><T106/><D106/><U31/><E31/><N who="0" m="11849" /><D128/><U117/><E117/><V94/><F94/><W66/><G66/><N who="1" m="25098" /><E8/><V96/><F96/><W80/><G80/><N who="0" m="30795" /><D76/><U82/><E82/><V108/><F108/><W73/><G73/><T123/><D123/><U18/><E18/><V111/><F111/><W68/><G68/><T104/><D104/><U78/><E78/><V107/><F107/><W52/><G97/><T64/><D64/><U59/><E59/><V72/><F72/><W48/><G99/><T62/><D62/><U55/><E109/><V92/><F92/><RYUUKYOKU ba="1,0" sc="180,10,425,-30,210,10,185,10" hai0="14,17,21,24,26,89,90" hai2="9,10,125,127" hai3="13,16,19,20,22,45,46,47,48,52" /><INIT seed="2,2,0,5,4,108" ten="190,395,220,195" oya="2" hai0="73,38,32,113,12,22,36,50,58,85,126,106,59" hai1="61,33,114,29,112,93,52,56,71,119,135,69,68" hai2="35,101,60,125,90,54,133,83,92,91,77,37,14" hai3="62,66,117,24,75,17,98,95,89,120,55,78,107"/><V104/><F37/><W63/><G120/><T4/><D32/><U96/><E119/><V47/><F35/><W3/><G3/><T45/><D73/><U124/><E124/><V127/><F14/><W74/><G117/><T25/><D106/><U27/><REACH who="1" step="1"/><E135/><REACH who="1" ten="190,385,220,195" step="2"/><V129/><F133/><W57/><G107/><T7/><D126/><U105/><E105/><V34/><F104/><W5/><G5/><T6/><D4/><U15/><E15/><V111/><F127/><W94/><G78/><T39/><D6/><U97/><E97/><V23/><F125/><W82/><G82/><T8/><D12/><U79/><E79/><V99/><F83/><W21/><REACH who="3" step="1"/><G95/><REACH who="3" ten="190,385,220,185" step="2"/><T102/><D7/><U18/><E18/><V48/><F92/><W67/><G67/><T131/><D131/><U80/><E80/><V88/><F77/><W51/><G51/><T20/><D50/><U115/><E115/><V70/><F48/><W128/><G128/><T1/><D113/><U31/><E31/><V121/><F129/><W16/><G16/><T81/><D38/><U2/><E2/><V53/><F121/><W134/><G134/><T109/><D1/><U84/><E84/><V46/><F111/><W26/><G26/><T122/><D25/><U11/><E11/><V116/><F116/><W65/><G65/><T41/><D8/><U40/><E40/><V42/><F42/><W72/><G72/><T13/><D39/><U103/><AGARI ba="2,2" hai="27,29,33,52,56,61,68,69,71,93,96,103,112,114" machi="103" ten="30,12000,2" yaku="1,1,0,1,52,2,54,1,53,1" doraHai="108" doraHaiUra="49" who="1" fromWho="1" sc="190,-32,385,146,220,-62,185,-32" /><INIT seed="3,0,0,1,2,10" ten="158,531,158,153" oya="3" hai0="20,41,26,74,100,82,67,49,112,116,11,102,45" hai1="75,131,72,66,94,42,15,59,78,38,48,39,19" hai2="8,97,108,50,126,111,99,47,84,70,133,122,135" hai3="106,51,64,69,46,125,130,52,31,43,0,90,13"/><W28/><G0/><T44/><D116/><U95/><E131/><V117/><F70/><W29/><G106/><T132/><D132/><N who="2" m="50762" /><F117/><W124/><G130/><T115/><D67/><U93/><E66/><V23/><F122/><W91/><G43/><T109/><D109/><N who="2" m="42058" /><F126/><N who="3" m="48747" /><G69/><T128/><D128/><U101/><E101/><V30/><F84/><W2/><G2/><T68/><D68/><U9/><E78/><V5/><F23/><W63/><G63/><T22/><D11/><U12/><E19/><V76/><F30/><W56/><G64/><T134/><D134/><U57/><E9/><V54/><F76/><W36/><G36/><N who="1" m="13866" /><E48/><V92/><F92/><W60/><G60/><T107/><D20/><U73/><E42/><V123/><F123/><W62/><G62/><T4/><D41/><U89/><E89/><V14/><AGARI ba="0,0" hai="5,8,14,47,50,54,97,99" m="42058,50762" machi="14" ten="30,4000,0" yaku="20,1,14,1,52,1" doraHai="10" who="2" fromWho="2" sc="158,-10,531,-10,158,40,153,-20" /><INIT seed="4,0,0,5,4,11" ten="148,521,198,133" oya="0" hai0="75,110,30,56,89,3,128,39,43,31,64,119,50" hai1="67,62,22,65,2,129,91,27,44,69,57,116,81" hai2="121,107,46,33,60,125,88,131,102,80,61,7,71" hai3="92,115,72,112,98,40,0,32,66,63,120,25,104"/><T134/><D119/><U35/><E116/><V42/><F33/><W36/><G0/><T130/><D134/><U28/><E2/><V122/><F125/><W5/><G72/><T90/><D39/><U14/><E129/><N who="0" m="49769" /><D3/><U95/><E81/><V16/><F131/><W4/><G104/><T20/><D75/><U93/><E44/><V1/><F107/><W37/><G120/><T29/><D110/><U78/><E78/><V86/><F102/><W41/><G41/><T114/><D114/><N who="3" m="43561" /><G32/><T17/><D43/><U21/><E35/><V96/><F96/><W118/><G118/><T74/><D74/><U55/><E69/><V76/><F7/><N who="3" m="2635" /><G25/><N who="0" m="14479" /><D50/><U12/><E22/><V79/><F1/><W133/><G40/><T49/><D49/><U13/><E93/><V109/><F109/><W51/><G51/><T18/><D18/><U126/><E126/><V6/><F6/><W52/><G133/><T132/><D132/><U97/><AGARI ba="0,0" hai="12,13,14,21,27,28,55,57,62,65,67,91,95,97" machi="97" ten="30,8000,1" yaku="0,1,8,1,52,3" doraHai="11" who="1" fromWho="1" sc="148,-40,521,80,198,-20,133,-20" /><INIT seed="5,0,0,3,5,114" ten="108,601,178,113" oya="1" hai0="130,125,36,83,67,29,85,79,58,91,43,116,97" hai1="62,134,38,46,87,47,60,39,96,73,95,89,55" hai2="72,14,10,40,7,28,41,119,49,33,110,23,4" hai3="81,21,64,35,1,27,24,56,63,19,121,132,44"/><U51/><E73/><V53/><F72/><W68/><G1/><T101/><D130/><U54/><E134/><V135/><F135/><W17/><G132/><T9/><D125/><U75/><E75/><V30/><F110/><W111/><G121/><T82/><D29/><N who="2" m="11370" /><F119/><W32/><G111/><T22/><D22/><U42/><E39/><V90/><F33/><W26/><G68/><T131/><D131/><U115/><E115/><V86/><F23/><W113/><G113/><T109/><D109/><U133/><E133/><V103/><F4/><W12/><G35/><T107/><D9/><U20/><E20/><V66/><F66/><W88/><G32/><T5/><D5/><U118/><E118/><V25/><F25/><W102/><G102/><T117/><D43/><U77/><REACH who="1" step="1"/><E55/><REACH who="1" ten="108,591,178,113" step="2"/><V100/><F41/><W94/><G27/><T80/><D36/><U126/><E126/><V57/><F40/><W8/><G26/><T3/><D116/><U6/><E6/><V105/><F105/><W18/><G18/><T123/><D117/><U61/><E61/><V52/><F53/><W93/><G24/><T99/><D107/><U98/><E98/><V104/><F104/><W69/><G21/><T48/><D99/><U71/><E71/><V2/><F2/><W37/><G69/><T59/><D3/><U122/><E122/><V76/><F7/><W108/><G19/><T34/><D123/><U13/><E13/><V15/><F14/><W74/><G74/><T106/><D34/><U124/><E124/><V128/><F15/><W45/><G108/><T127/><D127/><RYUUKYOKU ba="0,1" sc="108,-10,591,30,178,-10,113,-10" hai1="38,42,46,47,51,54,60,62,77,87,89,95,96" /><INIT seed="5,1,1,3,2,89" ten="98,621,168,103" oya="1" hai0="18,31,68,28,86,40,135,50,35,15,130,105,55" hai1="47,109,98,37,90,21,5,27,56,59,48,85,25" hai2="127,52,7,111,43,44,78,72,71,74,29,110,13" hai3="134,51,122,49,30,81,41,129,95,133,64,102,103"/><U61/><E37/><V24/><F71/><W119/><G122/><T36/><D68/><U0/><E109/><V73/><F78/><W92/><G64/><T128/><D135/><N who="3" m="51721" /><G30/><T66/><D105/><U62/><E98/><V22/><F127/><W97/><G129/><N who="0" m="49771" /><D66/><U38/><E38/><V131/><F131/><W57/><G119/><T11/><D35/><U32/><E5/><V39/><F7/><W87/><G57/><N who="1" m="22090" /><E0/><V9/><F52/><W58/><G58/><N who="0" m="33143" /><D86/><U104/><E32/><V94/><F13/><W120/><G120/><T3/><D3/><U93/><E104/><V12/><F12/><W10/><G10/><T96/><D96/><U65/><E65/><V16/><F9/><W33/><G33/><T34/><D34/><U132/><E132/><V1/><F1/><W20/><G20/><T70/><D70/><U91/><E91/><V23/><F110/><W123/><G123/><T117/><D117/><U45/><E21/><V26/><F111/><W54/><G41/><T107/><D107/><U77/><E77/><V106/><F106/><N who="3" m="63823" /><G103/><T112/><D112/><U115/><E115/><V80/><F72/><W69/><G69/><T113/><D113/><U121/><E121/><V53/><F53/><W108/><G108/><T88/><D88/><U6/><E6/><V83/><F74/><W8/><G8/><T101/><D101/><U82/><E27/><V14/><F73/><W75/><G75/><T63/><D63/><U17/><E25/><V46/><F26/><W114/><G114/><T4/><D4/><U67/><E62/><V124/><F24/><RYUUKYOKU ba="1,1" sc="98,30,621,-10,168,-10,103,-10" hai0="11,15,18,28,31,36,40" /><INIT seed="6,2,1,2,5,43" ten="128,611,158,93" oya="2" hai0="63,90,111,49,13,33,92,83,91,81,58,42,110" hai1="109,31,107,124,108,47,21,89,39,66,73,41,115" hai2="38,99,126,11,0,45,16,102,15,23,10,37,50" hai3="67,78,75,3,25,59,95,117,26,112,9,103,135"/><V84/><F126/><W44/><G117/><T64/><D33/><U134/><E115/><V28/><F84/><W94/><G78/><T51/><D111/><U122/><E122/><V61/><F61/><W60/><G75/><T77/><D110/><U36/><E124/><V57/><F57/><W129/><G135/><T93/><D13/><U68/><E134/><V18/><F28/><W71/><G71/><T1/><D1/><U106/><E109/><V65/><F65/><W35/><G129/><T17/><D17/><U40/><E108/><V5/><F18/><W2/><G2/><T30/><D30/><U12/><E89/><N who="0" m="33801" /><D77/><U27/><E73/><V133/><F11/><W72/><G72/><T130/><D130/><U97/><E97/><V127/><F127/><W7/><G112/><T79/><D79/><U29/><E29/><V14/><F0/><W105/><G105/><T48/><D42/><U46/><REACH who="1" step="1"/><E12/><REACH who="1" ten="128,601,158,93" step="2"/><V74/><F74/><W118/><G118/><T120/><D120/><U85/><E85/><V87/><F87/><W114/><G114/><T54/><D83/><U116/><E116/><V100/><F133/><W119/><G3/><T76/><D81/><U80/><E80/><V6/><F6/><W131/><G119/><T86/><D76/><U82/><E82/><V20/><F20/><W52/><G131/><T4/><D86/><U32/><E32/><V8/><F23/><W96/><G35/><T53/><D4/><U132/><E132/><V69/><F5/><W62/><G94/><AGARI ba="2,2" hai="48,49,51,53,54,58,63,64,92,93,94" m="33801" machi="94" ten="30,1000,0" yaku="8,1" doraHai="43" who="0" fromWho="3" sc="128,36,601,0,158,0,93,-16" /><INIT seed="7,0,0,4,5,67" ten="164,601,158,77" oya="3" hai0="80,88,109,111,120,30,105,24,23,33,19,125,102" hai1="133,117,85,69,36,104,34,77,107,6,115,121,37" hai2="41,97,106,65,3,57,43,44,28,100,49,129,96" hai3="58,99,21,20,70,35,46,12,54,50,122,72,68"/><W87/><G72/><T83/><D125/><U91/><E6/><V40/><F3/><W32/><G122/><T131/><D120/><U14/><E77/><V5/><F129/><W15/><G87/><T94/><D131/><U61/><E37/><V89/><F5/><W10/><G99/><T119/><D119/><U113/><E61/><V93/><F28/><W123/><G123/><T1/><D1/><U4/><E4/><V76/><F76/><W95/><G95/><T16/><D19/><U53/><E14/><V63/><AGARI ba="0,0" hai="40,41,43,44,49,57,63,65,89,93,96,97,100,106" machi="63" ten="30,1100,0" yaku="0,1" doraHai="67" who="2" fromWho="2" sc="164,-3,601,-3,158,11,77,-5" owari="161,-24.0,598,70.0,169,-3.0,72,-43.0" /></mjloggm>