<mjloggm ver="2.3"><GO type="169" lobby="0"/><UN n0="%E3%81%95%E3%81%A8%E3%82%8A%E3%81%A8%E3%81%93%E3%81%84%E3%81%97" n1="%E3%82%A6%E3%83%AB%E3%83%88%E3%83%A9%E7%AB%8B%E7%9B%B4" n2="%E6%9D%BE%E5%AE%9F%E7%8E%84%E3%81%98%E3%82%83%E3%81%AA%E3%81%84" n3="%E3%82%AB%E3%83%AA%E3%83%95%E3%82%A9%E3%83%AB%E3%83%8B%E3%82%A2%E9%A2%A8" dan="16,17,17,17" rate="2132.23,2197.58,2218.89,2071.67" sx="F,M,F,M"/><TAIKYOKU oya="0"/><INIT seed="0,0,0,2,0,107" ten="250,250,250,250" oya="0" hai0="132,74,34,51,129,66,133,130,49,67,120,38,93" hai1="7,68,123,100,134,18,57,111,20,29,80,43,6" hai2="3,63,72,89,75,73,114,99,60,56,118,90,17" hai3="47,25,13,126,64,79,94,28,15,62,121,105,27"/><T119/><D34/><U127/><E68/><V45/><F114/><W21/><G105/><T135/><D120/><U36/><E123/><V26/><F3/><W5/><G121/><T96/><D119/><U4/><E100/><V23/><F118/><W103/><G126/><T22/><D38/><U113/><E36/><V91/><F45/><W95/><G79/><T61/><D22/><U86/><E43/><V71/><F71/><W33/><G47/><T31/><D31/><U53/><E127/><V110/><F110/><W39/><G39/><T16/><D74/><U78/><E134/><V2/><F2/><W41/><G41/><T76/><D76/><U40/><E40/><V102/><REACH who="2" step="1"/><F56/><REACH who="2" ten="250,250,240,250" step="2"/><W85/><G33/><T32/><D32/><U98/><E113/><V1/><F1/><W10/><G27/><T108/><D108/><U46/><E111/><V128/><F128/><N who="0" m="49258" /><D66/><U12/><E46/><V52/><F52/><W65/><G64/><T8/><D67/><U88/><E29/><V24/><F24/><W81/><G65/><T104/><D61/><U106/><E53/><V131/><F131/><W116/><G62/><T44/><D44/><U50/><E57/><V115/><F115/><W92/><G116/><T112/><D112/><U83/><E50/><V69/><F69/><W77/><REACH who="3" step="1"/><G15/><REACH who="3" ten="250,250,240,240" step="2"/><N who="0" m="7271" /><D104/><AGARI ba="0,2" hai="17,23,26,60,63,72,73,75,89,90,91,99,102,104" machi="104" ten="50,8000,1" yaku="1,1,52,3,53,1" doraHai="107" doraHaiUra="19" who="2" fromWho="0" sc="250,-80,250,0,240,100,240,0" /><INIT seed="1,0,0,0,0,66" ten="170,250,340,240" oya="1" hai0="24,57,129,31,100,44,30,128,45,19,55,97,13" hai1="124,3,83,28,16,122,11,48,67,0,60,33,32" hai2="22,120,36,74,119,15,76,69,63,107,68,133,84" hai3="7,35,106,10,39,121,127,114,108,53,56,103,43"/><U58/><E122/><V116/><F36/><W89/><G35/><T135/><D135/><U64/><E124/><V96/><F74/><W90/><G121/><T25/><D13/><U88/><E32/><V118/><F120/><W131/><G114/><T99/><D19/><U104/><E104/><V117/><F117/><W77/><G77/><T130/><D57/><N who="1" m="36879" /><E33/><V20/><F133/><W94/><G106/><T72/><D72/><U46/><E3/><V49/><F49/><W105/><G105/><T71/><D55/><N who="1" m="30103" /><E0/><V123/><F123/><W79/><G79/><T47/><D71/><U111/><E111/><V61/><F15/><W37/><G37/><T40/><D40/><U42/><E28/><N who="0" m="10793" /><D100/><U6/><E42/><V21/><F107/><W78/><G43/><T98/><AGARI ba="0,0" hai="24,25,44,45,47,97,98,99,128,129,130" m="10793" machi="98" ten="40,8000,1" yaku="29,2,28,2,19,1" doraHai="66" who="0" fromWho="0" sc="170,80,250,-40,340,-20,240,-20" /><INIT seed="2,0,0,3,2,12" ten="250,210,320,220" oya="2" hai0="35,100,88,91,26,93,39,7,52,4,99,0,56" hai1="101,31,61,72,89,92,116,113,71,86,27,29,1" hai2="125,83,47,20,127,9,96,28,64,103,108,112,32" hai3="3,41,15,132,6,106,30,90,87,25,8,73,36"/><V55/><F112/><W50/><G73/><T115/><D115/><U130/><E113/><V74/><F32/><W80/><G36/><T48/><D39/><U133/><E116/><V2/><F64/><W69/><G106/><T16/><D35/><U70/><E1/><V11/><F2/><W131/><G69/><T128/><D128/><U10/><E130/><V18/><F28/><W76/><G131/><T33/><D33/><U37/><E37/><V66/><F66/><W84/><G132/><T126/><D126/><N who="2" m="48138" /><F108/><W68/><G68/><T54/><D54/><U49/><E71/><V79/><F47/><W17/><G30/><T98/><D0/><U134/><E31/><V21/><F55/><W42/><G25/><T114/><D114/><U129/><E27/><N who="2" m="14743" /><F21/><W97/><G3/><T107/><REACH who="0" step="1"/><D91/><REACH who="0" ten="240,210,320,220" step="2"/><U94/><E89/><V120/><F120/><W81/><G90/><T95/><D95/><AGARI ba="0,1" hai="9,11,74,79,83,95,96,103" m="14743,48138" machi="95" ten="30,2900,0" yaku="18,1,52,1" doraHai="12" who="2" fromWho="0" sc="240,-29,210,0,320,39,220,0" /><INIT seed="2,1,0,0,5,37" ten="211,210,359,220" oya="2" hai0="125,92,8,13,50,45,23,65,77,108,3,81,59" hai1="80,107,106,127,123,20,99,131,51,18,63,122,40" hai2="91,55,26,86,49,31,46,84,32,34,64,9,79" hai3="19,94,119,29,88,21,132,56,39,105,69,14,126"/><V15/><F79/><W133/><G69/><T121/><D121/><N who="1" m="46091" /><E127/><V72/><F72/><W57/><G105/><T111/><D125/><U130/><E63/><V10/><F64/><W17/><G29/><T11/><D3/><U103/><E80/><V27/><F27/><W104/><G104/><T87/><D92/><U120/><E107/><V100/><F100/><W89/><G39/><T7/><D23/><U43/><E120/><V135/><F135/><N who="3" m="51787" /><G126/><T52/><D11/><U41/><E51/><V93/><F86/><N who="3" m="52503" /><G119/><T36/><REACH who="0" step="1"/><D65/><REACH who="0" ten="201,210,359,220" step="2"/><U82/><E82/><V5/><F10/><N who="3" m="6359" /><G89/><T74/><D74/><U90/><E90/><V6/><F6/><W24/><AGARI ba="1,1" hai="19,21,24,56,57" m="6359,52503,51787" machi="24" ten="30,2000,0" yaku="20,1,54,1" doraHai="37" who="3" fromWho="3" sc="201,-6,210,-6,359,-11,220,33" /><INIT seed="3,0,0,5,4,69" ten="195,204,348,253" oya="3" hai0="63,88,106,78,3,52,120,26,21,50,33,53,101" hai1="99,5,38,23,74,129,93,2,83,41,108,87,126" hai2="104,89,60,65,28,122,68,130,19,81,44,10,121" hai3="7,66,67,85,57,105,117,24,70,16,18,49,82"/><W124/><G105/><T27/><D120/><U98/><E108/><V22/><F104/><W91/><G70/><T75/><D3/><U111/><E111/><V131/><F28/><W62/><G117/><T40/><D40/><U95/><E126/><V110/><F10/><W86/><G124/><T20/><D33/><U56/><E129/><N who="2" m="49163" /><F110/><W107/><G107/><T55/><D50/><U9/><E56/><V133/><F133/><W102/><G102/><T90/><D106/><U127/><E23/><N who="0" m="8777" /><D75/><U29/><E29/><V109/><F44/><W103/><G103/><T79/><D101/><U119/><E119/><V135/><F135/><W58/><G24/><N who="0" m="9259" /><D63/><U77/><E127/><V134/><F134/><W25/><G25/><T1/><D1/><U36/><E87/><N who="2" m="50415" /><F109/><W72/><G72/><T92/><D92/><U46/><REACH who="1" step="1"/><E38/><REACH who="1" ten="195,194,348,253" step="2"/><V34/><F34/><W118/><G118/><T32/><D32/><U47/><E47/><V37/><F37/><W73/><G73/><T116/><D116/><U80/><E80/><V13/><AGARI ba="0,1" hai="13,19,22,60,65,68,121,122" m="50415,49163" machi="13" ten="30,1100,0" yaku="19,1" doraHai="69" who="2" fromWho="2" sc="195,-3,194,-3,348,21,253,-5" /><INIT seed="4,0,0,3,5,131" ten="192,191,369,248" oya="0" hai0="69,98,80,84,128,112,95,85,83,44,118,127,25" hai1="32,31,89,56,66,43,39,28,108,102,92,51,125" hai2="113,115,114,33,38,58,55,21,93,24,71,94,14" hai3="16,96,3,4,37,63,88,59,48,12,6,5,70"/><T77/><D69/><U42/><E108/><V50/><F38/><W103/><G37/><T123/><D118/><U68/><E125/><V107/><F107/><W1/><G70/><T86/><D128/><U20/><E32/><V75/><F75/><W117/><G117/><T7/><D123/><U126/><E126/><V133/><F71/><W130/><G130/><T11/><D127/><U15/><E102/><V54/><F133/><W10/><G48/><T87/><D112/><U106/><E106/><V26/><F14/><W76/><G76/><T13/><D25/><N who="2" m="9834" /><F33/><W61/><G61/><T124/><D124/><U46/><E43/><V72/><F21/><W119/><G119/><T132/><D44/><U91/><E91/><V120/><F72/><W35/><G35/><T40/><D40/><U53/><E68/><V104/><F104/><W67/><REACH who="3" step="1"/><G103/><REACH who="3" ten="192,191,369,238" step="2"/><N who="0" m="60895" /><D132/><U64/><E39/><V2/><F114/><W135/><G135/><T105/><D105/><U36/><E31/><V79/><F115/><W62/><G62/><T65/><D65/><U74/><E28/><V99/><F113/><W18/><G18/><T41/><D41/><U73/><E73/><V49/><F49/><W97/><G97/><T82/><AGARI ba="0,1" hai="7,11,13,77,80,82,83,84,85,86,87" m="60895" machi="82" ten="30,1500,0" yaku="8,1" doraHai="131" who="0" fromWho="0" sc="192,25,191,-5,369,-5,238,-5" /><INIT seed="4,1,0,0,2,2" ten="217,186,364,233" oya="0" hai0="27,101,103,83,100,55,68,0,58,8,45,46,60" hai1="131,92,120,129,23,76,75,104,91,115,54,6,97" hai2="31,28,35,50,61,47,107,80,111,66,77,125,7" hai3="15,93,10,81,65,130,135,110,26,14,82,19,105"/><T118/><D118/><U56/><E120/><V48/><F111/><W88/><G105/><T134/><D134/><U62/><E115/><V37/><F37/><W13/><G110/><T12/><D0/><U87/><E23/><V122/><F107/><W44/><G130/><T25/><D68/><U85/><E85/><V21/><F35/><W43/><G65/><T3/><D3/><U89/><E91/><V17/><F7/><W59/><G59/><T109/><D109/><U112/><E112/><V9/><F9/><W73/><G135/><T116/><D116/><U128/><E6/><V96/><F96/><W90/><G90/><T79/><D27/><U108/><E108/><V34/><F34/><W124/><G124/><T123/><D25/><U33/><E33/><V78/><F50/><N who="3" m="26911" /><G73/><T95/><D95/><U114/><E114/><V74/><F78/><W102/><G102/><T40/><D40/><U86/><REACH who="1" step="1"/><E104/><REACH who="1" ten="217,176,364,233" step="2"/><V29/><F122/><W1/><G10/><T30/><D123/><U70/><E70/><V94/><F21/><N who="3" m="13631" /><G1/><T126/><D126/><U42/><E42/><V71/><F125/><W52/><G88/><T121/><D121/><U132/><E132/><V84/><F84/><W16/><G93/><T64/><D30/><U133/><E133/><V49/><F94/><W57/><G16/><N who="0" m="8199" /><D83/><AGARI ba="1,1" hai="54,56,62,75,76,83,86,87,89,92,97,128,129,131" machi="83" ten="40,2600,0" yaku="1,1,19,1,53,0" doraHai="2" doraHaiUra="20" who="1" fromWho="0" sc="217,-29,176,39,364,0,233,0" /><INIT seed="5,0,0,1,4,118" ten="188,215,364,233" oya="1" hai0="60,30,29,66,107,92,55,104,50,102,87,133,132" hai1="134,116,33,135,1,0,2,56,4,98,120,16,25" hai2="101,3,41,15,21,99,114,22,130,106,20,126,103" hai3="76,17,74,31,122,57,13,65,8,43,18,64,80"/><U26/><E116/><V127/><F3/><N who="1" m="1097" /><E98/><V73/><F73/><W86/><G122/><T119/><D119/><U44/><E56/><V61/><F103/><W91/><G31/><T110/><D110/><U5/><E44/><V47/><F61/><W117/><G117/><T69/><D107/><U121/><E26/><V95/><F95/><W131/><G131/><T62/><D62/><U46/><E46/><V32/><F32/><W75/><G74/><T7/><D7/><N who="1" m="2635" /><E2/><V23/><F130/><W113/><G57/><T83/><D104/><U70/><E70/><V45/><F45/><W124/><G75/><T108/><D108/><U36/><E36/><V79/><F99/><W128/><G64/><T6/><D92/><U78/><E78/><V123/><F79/><W42/><G76/><T10/><D102/><U81/><E81/><V94/><F47/><W90/><G65/><T38/><D38/><U54/><E54/><V39/><F94/><W84/><G80/><T67/><D67/><U9/><E9/><V40/><F39/><W11/><G8/><T49/><D49/><U14/><E14/><V105/><F101/><W125/><G11/><T97/><D97/><U52/><E52/><V48/><F48/><W37/><G37/><T53/><D53/><U93/><E93/><V115/><F15/><W19/><G13/><N who="0" m="5335" /><D55/><U72/><E72/><V28/><F106/><W63/><G63/><T35/><D50/><U59/><E59/><V71/><F105/><W112/><G19/><T34/><D87/><U109/><E109/><V96/><F71/><W88/><G91/><RYUUKYOKU ba="0,0" sc="188,-10,215,-10,364,-10,233,30" hai3="17,18,42,43,84,86,88,90,112,113,124,125,128" /><INIT seed="6,1,0,1,0,31" ten="178,205,354,263" oya="2" hai0="68,111,112,93,92,3,1,18,87,19,48,22,114" hai1="60,83,47,13,95,131,33,135,70,76,5,113,32" hai2="29,101,6,85,50,91,27,121,38,23,36,108,109" hai3="62,7,34,9,56,74,80,124,110,88,37,94,115"/><V52/><F121/><W51/><G37/><T127/><D68/><U118/><E118/><V77/><F77/><W58/><G110/><N who="2" m="42601" /><F101/><W41/><G34/><N who="1" m="13418" /><E95/><N who="2" m="54767" /><F6/><W82/><G7/><T40/><D111/><U35/><N who="1" m="13426" /><U98/><DORA hai="30" /><E98/><V103/><F103/><W63/><G94/><T21/><D48/><U97/><E97/><V49/><F49/><W119/><G51/><T12/><D87/><N who="1" m="48615" /><E60/><V64/><F64/><W15/><G63/><T59/><D59/><AGARI ba="1,0" hai="23,27,29,36,38,50,52,59" m="54767,42601" machi="59" ten="30,2900,0" yaku="10,1,54,1" doraHai="31,30" who="2" fromWho="0" sc="178,-32,205,0,354,32,263,0" /><INIT seed="6,2,0,2,4,8" ten="146,205,386,263" oya="2" hai0="28,30,57,29,55,40,35,38,92,6,15,107,1" hai1="13,121,34,4,59,83,94,99,81,117,17,119,109" hai2="11,48,79,42,22,78,131,70,91,67,120,116,53" hai3="49,72,98,12,63,9,77,10,134,46,126,58,41"/><V18/><F116/><W39/><G39/><T16/><D107/><U127/><E109/><V93/><F120/><W114/><G9/><T123/><D123/><U74/><E34/><V122/><F131/><W97/><G126/><T73/><D73/><U61/><E127/><V105/><F105/><W20/><G134/><T128/><D128/><U50/><E121/><V104/><F104/><W80/><G20/><T2/><D35/><U130/><E130/><V76/><F42/><W102/><G102/><T125/><D125/><U3/><E74/><V14/><F70/><W51/><G51/><T65/><D65/><N who="1" m="39103" /><E3/><V85/><F67/><W108/><G114/><T75/><D75/><U115/><E115/><V103/><F103/><W62/><G62/><T135/><D135/><U32/><E4/><V52/><F122/><W118/><G108/><T110/><D110/><U111/><E32/><V25/><F48/><W23/><G23/><T54/><D6/><AGARI ba="2,0" hai="6,11,14,18,22,25,52,53,76,78,79,85,91,93" machi="6" ten="40,7700,0" yaku="8,1,52,1,54,1" doraHai="8" who="2" fromWho="0" sc="146,-83,205,0,386,83,263,0" /><INIT seed="6,3,0,1,1,2" ten="63,205,469,263" oya="2" hai0="18,89,16,77,118,113,97,80,115,13,99,131,3" hai1="10,112,7,106,53,59,8,107,24,20,43,90,86" hai2="125,32,0,48,70,135,79,29,120,71,134,55,102" hai3="65,45,133,68,72,78,94,66,31,61,85,1,83"/><V39/><F39/><W27/><G1/><T12/><D3/><U19/><E43/><V33/><F120/><W5/><G66/><T128/><D80/><U63/><E112/><V52/><F125/><W34/><G45/><T64/><D64/><U130/><E130/><V126/><F126/><W101/><G133/><T41/><D89/><U75/><E75/><V26/><F102/><W114/><G114/><T122/><D41/><U42/><E42/><V9/><F33/><W28/><G28/><T116/><REACH who="0" step="1"/><D122/><REACH who="0" ten="53,205,469,263" step="2"/><U96/><E90/><V69/><F0/><W56/><G83/><T81/><D81/><U22/><E96/><V4/><F135/><W109/><G65/><T119/><D119/><U23/><E86/><V117/><F117/><W25/><G85/><T40/><D40/><U30/><E107/><V127/><F134/><W82/><G82/><T84/><D84/><U98/><E106/><V49/><F127/><W15/><G72/><T91/><D91/><U95/><E98/><V54/><F54/><W36/><G36/><T129/><D129/><U100/><E95/><V46/><F52/><W88/><G88/><T104/><D104/><U37/><E37/><V105/><F105/><W103/><G94/><T111/><D111/><U38/><E38/><V47/><F55/><W50/><G109/><T67/><D67/><U11/><E100/><V60/><F70/><W76/><G103/><T87/><D87/><U6/><E30/><V124/><F124/><W35/><G31/><T121/><D121/><U58/><E58/><V74/><F29/><W108/><G101/><RYUUKYOKU ba="3,1" sc="53,15,205,15,469,-15,263,-15" hai0="12,13,16,18,77,97,99,113,115,116,118,128,131" hai1="6,7,8,10,11,19,20,22,23,24,53,59,63" /><INIT seed="7,4,1,3,3,105" ten="68,220,454,248" oya="3" hai0="60,112,35,6,81,132,51,13,32,9,120,117,8" hai1="65,66,23,86,44,72,98,127,131,7,21,113,93" hai2="116,42,83,119,82,33,22,27,53,100,15,52,19" hai3="123,63,125,24,114,38,134,12,10,133,102,118,121"/><W40/><G118/><T30/><D51/><U99/><E72/><V54/><F42/><W106/><G125/><T18/><D60/><U87/><E113/><V92/><F33/><W43/><G114/><T47/><D47/><U104/><E104/><V16/><F119/><W37/><G63/><T108/><D81/><U55/><E131/><V95/><F116/><W1/><G1/><T115/><D117/><U62/><E127/><V124/><F124/><W94/><G106/><T70/><D70/><U0/><E0/><V75/><F75/><W97/><G24/><T3/><D120/><N who="3" m="46153" /><G43/><T2/><D108/><U61/><E7/><V5/><F5/><N who="3" m="3151" /><G40/><T28/><D132/><AGARI ba="4,1" hai="37,38,94,97,102,132,133,134" m="3151,46153" machi="132" ten="30,1500,0" yaku="20,1" doraHai="105" who="3" fromWho="0" sc="68,-27,220,0,454,0,248,37" /><INIT seed="7,5,0,0,4,57" ten="41,220,454,285" oya="3" hai0="49,58,46,97,127,77,96,87,64,99,84,27,112" hai1="133,1,76,109,110,37,85,135,126,98,130,119,9" hai2="24,31,108,111,86,26,90,22,35,16,80,54,75" hai3="43,122,79,3,102,134,116,7,32,125,50,69,18"/><W132/><G32/><T8/><D8/><U115/><E37/><V92/><F75/><W41/><G69/><T20/><D27/><U21/><E21/><V23/><F54/><W29/><G29/><T19/><D20/><U56/><E9/><V39/><F39/><W123/><G116/><T63/><D19/><U15/><E15/><V128/><F128/><W5/><G79/><T13/><D13/><U14/><E14/><V68/><F68/><W82/><G82/><T121/><D121/><U17/><E17/><V78/><F35/><W51/><G18/><T59/><D127/><U67/><E1/><V103/><F103/><W34/><G102/><T53/><D112/><U94/><E67/><V30/><F30/><W48/><G34/><T83/><D46/><U71/><E115/><V100/><F100/><W105/><G105/><T73/><D73/><U10/><E10/><V0/><F0/><W25/><G3/><T44/><D44/><U47/><E47/><V95/><F95/><W12/><G12/><T61/><D87/><U36/><E85/><V106/><F106/><W62/><G25/><T120/><D120/><N who="3" m="46121" /><G125/><T104/><D104/><U45/><E126/><V38/><F38/><W55/><G5/><T88/><D49/><U60/><E36/><V113/><F113/><W129/><G7/><T28/><D28/><U66/><E45/><V70/><F70/><W89/><G41/><T74/><D74/><U117/><E117/><V42/><F42/><W52/><G43/><T107/><D107/><U33/><E33/><V131/><F131/><W114/><G129/><RYUUKYOKU ba="5,0" sc="41,15,220,-15,454,15,285,-15" hai0="53,58,59,61,63,64,77,83,84,88,96,97,99" hai2="16,22,23,24,26,31,78,80,86,90,92,108,111" owari="56,-44.0,205,-19.0,469,56.0,270,7.0" /></mjloggm>