<mjloggm ver="2.3"><GO type="169" lobby="0"/><UN n0="%E3%82%A6%E3%83%AB%E3%83%88%E3%83%A9%E7%AB%8B%E7%9B%B4" n1="%E3%83%8D%E3%83%BC%E3%83%A0%E3%83%AC%E3%82%B9%EF%BC%97" n2="%E5%A4%A7%E6%AD%A3%E7%BE%A9%E9%87%8E%E7%90%83%E5%A8%98" n3="%E4%BB%AE%E9%B3%B3%E5%87%B0%E6%B0%91" dan="17,18,16,17" rate="2180.89,2165.79,2209.71,2171.25" sx="M,M,F,M"/><TAIKYOKU oya="0"/><INIT seed="0,0,0,2,5,123" ten="250,250,250,250" oya="0" hai0="92,82,31,111,33,4,69,47,19,15,25,61,42" hai1="72,116,75,7,55,85,129,117,81,70,60,11,99" hai2="34,29,93,74,113,62,0,6,37,78,112,108,71" hai3="65,16,98,13,40,95,23,49,66,68,104,121,83"/><T91/><D82/><U87/><E129/><V54/><F93/><W90/><G121/><T35/><D35/><U12/><E99/><V103/><F103/><W10/><G68/><T80/><D80/><U100/><E100/><V110/><F37/><W115/><G115/><T51/><D4/><U57/><E70/><V102/><F102/><W97/><G104/><T1/><D1/><U18/><E87/><V64/><F54/><W127/><G97/><T32/><D32/><U43/><E43/><V53/><F53/><W17/><G127/><T134/><D134/><U86/><E86/><V56/><F56/><W39/><G39/><T21/><D111/><N who="2" m="42538" /><F78/><W38/><G38/><T126/><D126/><U76/><REACH who="1" step="1"/><E7/><REACH who="1" ten="250,240,250,250" step="2"/><V2/><F74/><AGARI ba="0,1" hai="11,12,18,55,57,60,72,74,75,76,81,85,116,117" machi="74" ten="40,5200,0" yaku="1,1,2,1,53,1" doraHai="123" doraHaiUra="50" who="1" fromWho="2" sc="250,0,240,62,250,-52,250,0" /><INIT seed="1,0,0,4,5,132" ten="250,302,198,250" oya="1" hai0="61,49,1,3,2,81,99,33,44,40,134,21,109" hai1="39,57,27,128,97,103,76,69,20,51,85,8,121" hai2="125,112,16,53,101,75,30,62,15,28,24,63,130" hai3="32,111,41,54,80,4,64,94,135,66,77,106,35"/><U42/><E121/><V68/><F75/><W89/><G106/><T18/><D134/><U78/><E69/><V56/><F130/><W72/><G135/><T10/><D33/><U37/><E128/><V48/><F125/><W25/><G111/><T13/><D109/><U58/><E39/><V113/><F101/><W98/><G41/><T108/><D108/><U65/><E37/><V31/><F24/><W126/><G4/><T123/><D123/><U102/><E8/><V6/><F6/><W133/><G133/><T46/><D99/><U52/><E42/><V45/><F68/><W86/><G126/><T129/><D129/><U50/><E85/><V55/><REACH who="2" step="1"/><F63/><REACH who="2" ten="250,302,188,250" step="2"/><W38/><G25/><T36/><D61/><N who="1" m="38071" /><E103/><V120/><F120/><W26/><G72/><T84/><D1/><U29/><E51/><V7/><F7/><W87/><G38/><T9/><D2/><U114/><E114/><V127/><F127/><W93/><G35/><T116/><D3/><U14/><E14/><V23/><AGARI ba="0,1" hai="15,16,23,28,30,31,45,48,53,55,56,62,112,113" machi="23" ten="30,7900,0" yaku="1,1,0,1,54,1,53,1" doraHai="132" doraHaiUra="59" who="2" fromWho="2" sc="250,-20,302,-39,188,89,250,-20" /><INIT seed="2,0,0,1,0,2" ten="230,263,277,230" oya="2" hai0="21,124,11,27,127,125,88,18,32,58,85,56,7" hai1="42,31,73,86,132,25,101,50,123,62,97,20,117" hai2="121,19,53,49,51,72,110,118,16,0,60,92,134" hai3="119,84,80,95,41,26,39,116,76,112,40,46,111"/><V55/><F118/><W108/><G40/><T61/><D32/><U1/><E117/><V47/><F121/><W114/><G26/><T71/><D71/><U93/><E123/><V36/><F72/><W29/><G29/><T89/><D85/><U23/><E73/><V122/><F122/><W128/><G128/><T94/><D94/><U70/><E132/><V65/><F0/><W79/><G79/><T87/><D87/><U45/><E1/><V37/><F134/><W105/><G105/><T34/><D34/><U96/><E86/><V3/><F3/><W66/><G66/><T6/><D58/><U126/><E126/><V10/><F92/><W28/><G28/><T99/><D11/><U52/><E97/><V107/><F107/><W13/><G13/><T91/><D99/><U131/><E131/><V90/><F90/><N who="3" m="53703" /><G119/><T109/><D109/><N who="3" m="42057" /><G116/><T81/><D81/><U44/><E70/><V48/><F110/><W43/><G43/><T30/><D30/><U68/><E68/><N who="2" m="42023" /><F36/><W33/><G33/><T24/><D24/><U103/><E103/><V54/><F37/><W130/><G130/><T17/><D17/><N who="2" m="6730" /><F10/><W115/><G115/><T77/><D77/><U22/><REACH who="1" step="1"/><E62/><REACH who="1" ten="230,253,277,230" step="2"/><V4/><F47/><W100/><G100/><T12/><D12/><U74/><E74/><AGARI ba="0,1" hai="39,41,46,74,76,80,112,114" m="42057,53703" machi="74" ten="30,1000,0" yaku="14,1" doraHai="2" who="3" fromWho="1" sc="230,0,253,-10,277,0,230,20" /><INIT seed="3,0,0,1,5,93" ten="230,243,277,250" oya="3" hai0="78,128,107,45,43,46,73,86,74,117,76,125,5" hai1="56,109,122,63,66,103,113,79,1,16,51,134,123" hai2="15,121,27,133,32,135,0,33,2,21,104,25,130" hai3="89,57,64,108,98,80,81,35,30,3,37,11,90"/><W48/><G37/><T105/><D86/><U94/><E113/><V23/><F104/><W83/><G35/><N who="2" m="13385" /><F15/><W7/><G30/><T92/><D92/><U112/><E112/><V42/><F42/><W116/><G116/><T96/><D43/><U84/><E109/><V38/><F38/><W26/><G26/><N who="2" m="9737" /><F130/><W50/><G108/><T110/><D110/><U85/><E134/><N who="2" m="51211" /><F121/><W9/><G9/><T55/><D128/><U58/><E1/><AGARI ba="0,0" hai="0,1,2,21,23" m="51211,9737,13385" machi="1" ten="40,8000,1" yaku="28,2,20,1,34,2" doraHai="93" who="2" fromWho="1" sc="230,0,243,-80,277,80,250,0" /><INIT seed="4,0,0,0,3,119" ten="230,163,357,250" oya="0" hai0="109,20,130,71,13,124,104,4,95,120,118,69,114" hai1="91,72,82,12,81,55,30,78,125,131,129,80,14" hai2="133,94,135,50,107,65,8,79,19,7,47,126,76" hai3="16,48,24,127,122,67,54,103,98,99,45,40,44"/><T92/><D118/><U101/><E125/><V96/><F107/><W31/><G127/><T15/><D124/><U111/><E111/><V6/><F65/><W23/><G67/><T62/><D104/><U33/><E101/><V66/><F66/><W86/><G122/><T52/><D109/><U70/><E70/><V17/><F126/><W113/><G113/><T35/><D35/><U46/><E30/><V132/><F17/><W123/><G123/><T21/><D120/><U56/><E33/><V11/><F19/><W39/><G103/><T90/><D114/><U63/><E46/><V115/><F115/><W3/><G3/><T105/><D105/><U110/><E110/><V26/><F26/><W37/><G37/><T36/><D36/><U93/><E78/><N who="2" m="29739" /><F7/><W97/><G86/><T102/><D102/><U53/><E72/><V32/><F6/><W34/><REACH who="3" step="1"/><G98/><REACH who="3" ten="230,163,357,240" step="2"/><T42/><D71/><U61/><E131/><V74/><F74/><W22/><G22/><T25/><D69/><U59/><E129/><V84/><F32/><W5/><G5/><T73/><D4/><U100/><REACH who="1" step="1"/><E100/><REACH who="1" ten="230,153,357,240" step="2"/><V64/><F132/><W134/><G134/><T38/><D130/><U117/><E117/><V87/><F135/><W9/><G9/><T2/><D73/><U43/><E43/><N who="2" m="24959" /><F133/><W27/><AGARI ba="0,2" hai="16,23,24,27,31,34,39,40,44,45,48,54,97,99" machi="27" ten="20,5200,0" yaku="1,1,0,1,7,1,54,1,53,0" doraHai="119" doraHaiUra="112" who="3" fromWho="3" sc="230,-26,153,-13,357,-13,240,72" /><INIT seed="5,0,0,0,1,9" ten="204,140,344,312" oya="1" hai0="114,86,33,101,18,74,41,108,15,44,82,6,22" hai1="43,40,72,120,100,23,123,64,97,27,1,47,34" hai2="25,89,110,65,83,129,0,109,84,131,55,58,10" hai3="112,119,113,133,29,95,130,92,106,61,134,128,49"/><U105/><E1/><V26/><F65/><W76/><G29/><T79/><D108/><U36/><E72/><V45/><F45/><W135/><G106/><T53/><D114/><N who="3" m="44137" /><G61/><T121/><D121/><U20/><E40/><V63/><F0/><W17/><G49/><T37/><D33/><U28/><E23/><V81/><F10/><W104/><G104/><T5/><D101/><U73/><E20/><V93/><F81/><W118/><G76/><T59/><REACH who="0" step="1"/><D74/><REACH who="0" ten="194,140,344,312" step="2"/><U4/><E73/><V57/><F109/><W107/><G107/><T77/><D77/><U30/><E30/><V66/><F110/><W35/><G35/><T122/><D122/><U116/><E116/><N who="3" m="44586" /><G17/><T52/><D52/><U24/><E4/><V117/><F117/><W62/><G62/><AGARI ba="0,1" hai="5,6,15,18,22,37,41,44,53,59,62,79,82,86" machi="62" ten="30,3900,0" yaku="1,1,7,1,52,1,53,0" doraHai="9" doraHaiUra="94" who="0" fromWho="3" sc="194,49,140,0,344,0,312,-39" /><INIT seed="6,0,0,0,3,125" ten="243,140,344,273" oya="2" hai0="19,112,5,21,58,43,122,13,68,29,92,93,98" hai1="107,27,54,41,85,14,75,11,72,129,24,76,67" hai2="39,66,118,53,81,86,47,3,52,57,16,88,128" hai3="25,89,12,78,123,130,28,45,9,132,35,49,63"/><V91/><F118/><W135/><G123/><T51/><D68/><U55/><E107/><V18/><F3/><W74/><G74/><T97/><D112/><U108/><E108/><V110/><F128/><W83/><G78/><T106/><D106/><U20/><E67/><V96/><F110/><W99/><G63/><T8/><D29/><U73/><E41/><V42/><F66/><W127/><G127/><T48/><D122/><U134/><E134/><N who="3" m="51242" /><G130/><T32/><D32/><U38/><E38/><V121/><F121/><W119/><G119/><T103/><D58/><U44/><E129/><V70/><F70/><W62/><G62/><T69/><D69/><U6/><E44/><V10/><F10/><W95/><G83/><T50/><D43/><U30/><REACH who="1" step="1"/><E27/><REACH who="1" ten="243,130,344,273" step="2"/><V59/><F53/><W40/><G40/><T31/><D50/><U131/><E131/><V101/><F57/><W84/><G49/><T7/><D51/><U133/><E133/><V82/><F52/><W36/><G45/><T105/><D48/><U77/><E77/><V0/><F59/><W113/><G36/><T60/><D60/><U126/><E126/><V23/><F47/><W111/><G111/><T4/><D105/><U2/><E2/><V26/><F0/><W56/><G56/><T79/><D79/><U115/><E115/><V61/><F42/><W22/><G113/><T34/><D93/><U80/><AGARI ba="0,1" hai="6,11,14,20,24,30,54,55,72,73,75,76,80,85" machi="80" ten="40,2700,0" yaku="1,1,0,1,53,0" doraHai="125" doraHaiUra="114" who="1" fromWho="1" sc="243,-7,130,37,344,-13,273,-7" /><INIT seed="7,0,0,0,3,123" ten="236,167,331,266" oya="3" hai0="22,92,87,34,9,102,134,4,7,5,24,26,75" hai1="90,97,107,50,88,3,64,89,133,62,71,39,2" hai2="116,60,78,61,15,65,114,29,48,41,115,43,30" hai3="128,121,25,132,125,108,52,129,44,58,18,28,117"/><W112/><G121/><T95/><D75/><U47/><E133/><V103/><F116/><W19/><G117/><T49/><D34/><U109/><E109/><V94/><F78/><W124/><G44/><T56/><D134/><U32/><E32/><V93/><F15/><W126/><G132/><T130/><D9/><U59/><E107/><V31/><F48/><N who="3" m="30983" /><G112/><N who="2" m="43049" /><F61/><W86/><G86/><T77/><D26/><U135/><E97/><N who="2" m="59823" /><F94/><W119/><G108/><T45/><D56/><AGARI ba="0,0" hai="29,30,31,41,43,56,60,65" m="59823,43049" machi="56" ten="30,1000,0" yaku="15,1" doraHai="123" who="2" fromWho="0" sc="236,-10,167,0,331,10,266,0" owari="226,-17.0,167,-33.0,341,43.0,266,7.0" /></mjloggm>