<mjloggm ver="2.3"><GO type="41" lobby="0"/><UN n0="%E3%82%A2%E3%83%AA%E3%83%9E%E3%83%AD" n1="%42%49%47%59" n2="%E9%9B%B7%E3%81%A8%E3%82%93%E3%81%BC" n3="%E5%B0%B1%E6%B4%BB%E7%94%9F%40%E5%B7%9D%E6%9D%91%E8%BB%8D%E5%9B%A3" dan="13,15,13,15" rate="1876.18,1960.84,1933.76,1959.98" sx="M,M,M,M"/><TAIKYOKU oya="0"/><INIT seed="0,0,0,4,2,24" ten="250,250,250,250" oya="0" hai0="27,22,55,91,47,57,115,67,53,68,51,121,58" hai1="116,98,83,77,99,72,112,87,117,75,43,103,84" hai2="52,131,88,38,61,92,97,19,64,135,106,104,5" hai3="101,125,102,2,65,85,34,44,50,123,46,54,110"/><T30/><D121/><U86/><E43/><V3/><F135/><W18/><G123/><T17/><D115/><U105/><E112/><V28/><F131/><W9/><G34/><T36/><D68/><U94/><REACH who="1" step="1"/><E72/><REACH who="1" ten="250,240,250,250" step="2"/><V42/><F42/><W59/><G125/><T69/><D69/><U7/><E7/><V114/><F5/><W73/><G110/><T63/><D36/><U35/><E35/><V14/><F38/><W113/><G113/><T119/><D119/><U130/><E130/><V124/><F114/><W89/><G73/><T11/><D11/><U23/><E23/><V16/><F124/><W1/><G1/><T108/><D108/><U70/><E70/><V10/><F3/><W29/><G2/><T6/><D6/><U8/><E8/><V33/><F10/><W79/><G9/><T48/><D91/><AGARI ba="0,1" hai="75,77,83,84,86,87,91,94,98,99,103,105,116,117" machi="91" ten="40,8000,1" yaku="1,1,34,3,53,0" doraHai="24" doraHaiUra="15" who="1" fromWho="0" sc="250,-80,240,90,250,0,250,0" /><INIT seed="1,0,0,3,2,52" ten="170,330,250,250" oya="1" hai0="49,96,118,102,50,18,105,132,56,66,47,70,58" hai1="134,15,30,28,123,81,125,113,9,55,111,88,100" hai2="82,128,45,46,104,23,103,122,4,83,2,108,62" hai3="115,65,71,116,48,67,14,94,44,41,25,85,130"/><U39/><E113/><V29/><F122/><W64/><G115/><T93/><D118/><U61/><E123/><V32/><F108/><W21/><G116/><T84/><D132/><U24/><E39/><V98/><F128/><W0/><G0/><T79/><D70/><U92/><E125/><V131/><F131/><W77/><G130/><T68/><D68/><U42/><E42/><V13/><F23/><W8/><G71/><T19/><D66/><U95/><E134/><V34/><F13/><W117/><G117/><T110/><D110/><U129/><E129/><V90/><F34/><W76/><G94/><T16/><D49/><U12/><E81/><V69/><F4/><N who="3" m="3335" /><G85/><T7/><D7/><U43/><E43/><V107/><F107/><W59/><G59/><N who="0" m="22571" /><D105/><U89/><E100/><V10/><F10/><W74/><G74/><T78/><D84/><U99/><E61/><V112/><F2/><W31/><AGARI ba="0,0" hai="21,25,31,41,44,48,64,65,67,76,77" m="3335" machi="31" ten="30,1100,0" yaku="8,1" doraHai="52" who="3" fromWho="3" sc="170,-3,330,-5,250,-3,250,11" /><INIT seed="2,0,0,3,2,32" ten="167,325,247,261" oya="2" hai0="69,120,90,15,48,109,11,79,76,75,118,101,103" hai1="13,6,73,116,20,67,30,50,115,52,135,88,56" hai2="130,125,22,89,27,33,134,62,82,54,119,128,72" hai3="91,23,21,129,51,123,4,64,126,114,47,1,58"/><V8/><F119/><W35/><G35/><T106/><D118/><U87/><E115/><V44/><F33/><W113/><G123/><T53/><D120/><U132/><E73/><V28/><F134/><N who="1" m="51241" /><E116/><V124/><F8/><N who="3" m="2063" /><G129/><N who="2" m="49769" /><F72/><W96/><G126/><T3/><D3/><U46/><E6/><V59/><F44/><W61/><G91/><T83/><D69/><U31/><E13/><V19/><F28/><N who="1" m="10793" /><E20/><V42/><F42/><N who="3" m="25079" /><G96/><T95/><D76/><U112/><E112/><AGARI ba="0,0" hai="21,23,58,61,64,112,113,114" m="25079,2063" machi="112" ten="30,2000,0" yaku="11,1,52,1" doraHai="32" who="3" fromWho="1" sc="167,0,325,-20,247,0,261,20" /><INIT seed="3,0,0,3,4,106" ten="167,305,247,281" oya="3" hai0="34,77,87,46,54,69,29,109,104,111,19,82,58" hai1="50,12,22,86,45,11,42,74,38,90,9,125,0" hai2="107,26,83,31,57,1,43,30,123,53,81,35,17" hai3="10,65,129,7,113,28,6,39,91,130,68,120,92"/><W62/><G120/><T103/><D69/><U51/><E125/><V116/><F116/><W24/><G113/><T59/><D34/><U4/><E22/><V97/><F123/><W72/><G39/><T52/><D29/><U27/><E27/><V126/><F126/><W15/><G6/><T48/><D104/><U8/><E74/><V108/><F108/><N who="0" m="41546" /><D103/><U127/><E127/><V93/><F107/><W23/><REACH who="3" step="1"/><G72/><REACH who="3" ten="167,305,247,271" step="2"/><T95/><D95/><U133/><E133/><V66/><F93/><W134/><G134/><T88/><D77/><U78/><E78/><V79/><F79/><W61/><G61/><T100/><D100/><U117/><E117/><V71/><F83/><W55/><G55/><N who="0" m="21035" /><D19/><U80/><E38/><V118/><F17/><W102/><G102/><T76/><D76/><U101/><E0/><V16/><F1/><W128/><G128/><T85/><D85/><AGARI ba="0,1" hai="7,10,15,23,24,28,62,65,68,85,91,92,129,130" machi="85" ten="40,2000,0" yaku="1,1,53,0" doraHai="106" doraHaiUra="131" who="3" fromWho="0" sc="167,-20,305,0,247,0,271,30" /><INIT seed="3,1,0,5,5,96" ten="147,305,247,301" oya="3" hai0="36,18,31,95,129,62,17,43,87,50,44,75,48" hai1="74,121,64,84,61,7,39,27,21,54,58,12,1" hai2="71,110,113,33,76,24,133,9,91,97,8,60,59" hai3="70,90,15,89,81,128,77,85,122,103,22,13,98"/><W65/><G122/><T114/><D75/><U107/><E74/><V32/><F113/><W120/><G120/><T20/><D129/><U6/><E1/><V93/><F71/><W108/><G128/><T68/><D114/><U67/><E39/><V115/><F115/><W11/><G108/><T26/><D68/><U51/><E107/><V5/><F110/><W19/><G70/><T131/><D131/><U73/><E73/><V111/><F133/><W124/><G65/><T49/><D62/><U3/><E3/><V132/><F111/><W118/><G118/><T100/><REACH who="0" step="1"/><D87/><REACH who="0" ten="137,305,247,301" step="2"/><U35/><E121/><V40/><F60/><W2/><G124/><T119/><D119/><U106/><E84/><V88/><F132/><W47/><G2/><T69/><D69/><U123/><E123/><V53/><F97/><AGARI ba="1,1" hai="17,18,20,26,31,36,43,44,48,49,50,95,97,100" machi="97" ten="40,2600,0" yaku="1,1,52,1,53,0" doraHai="96" doraHaiUra="112" who="0" fromWho="2" sc="137,39,305,0,247,-29,301,0" /><INIT seed="4,0,0,2,4,129" ten="176,305,218,301" oya="0" hai0="2,33,41,6,81,77,119,92,23,88,71,123,98" hai1="22,95,63,125,59,108,29,40,115,34,128,50,15" hai2="31,30,66,27,70,133,120,82,47,21,9,54,51" hai3="74,39,35,121,134,106,11,45,114,91,20,37,58"/><T10/><D123/><U52/><E108/><V55/><F120/><W28/><G35/><T14/><D119/><U101/><E128/><V25/><F9/><W44/><G106/><T8/><D33/><U5/><E125/><V105/><F105/><W124/><G74/><T99/><D71/><U18/><E34/><V67/><F70/><W107/><G107/><T12/><D41/><U17/><E115/><V7/><F7/><W19/><G114/><T32/><D32/><U43/><E5/><V130/><F130/><W72/><G72/><T110/><D110/><U132/><E132/><V97/><F97/><W56/><G134/><T13/><D98/><N who="1" m="59615" /><E29/><V93/><F133/><W90/><G28/><T61/><D61/><U73/><E73/><V76/><F93/><W126/><G11/><T131/><D131/><U104/><E104/><V94/><F94/><W96/><G96/><T78/><D81/><U87/><E87/><N who="2" m="48583" /><F55/><W16/><G121/><T135/><D135/><U86/><E86/><V62/><F62/><W24/><G20/><AGARI ba="0,0" hai="20,21,25,27,30,31,47,51,54,66,67" m="48583" machi="20" ten="30,1000,0" yaku="8,1" doraHai="129" who="2" fromWho="3" sc="176,0,305,0,218,10,301,-10" /><INIT seed="5,0,0,5,0,129" ten="176,305,228,291" oya="1" hai0="68,17,20,73,78,94,37,128,21,115,92,67,6" hai1="114,97,45,39,11,35,54,125,41,90,27,49,131" hai2="22,100,105,36,47,12,99,101,1,135,104,84,72" hai3="80,31,88,83,86,50,122,112,102,58,59,26,91"/><U123/><E114/><V56/><F1/><W38/><G38/><T19/><D37/><U25/><E123/><V127/><F72/><W108/><G108/><T75/><D115/><U118/><E118/><V15/><F127/><W93/><G122/><T76/><D6/><U96/><E125/><V7/><F15/><W62/><G112/><T32/><D67/><U70/><E70/><V29/><F100/><W60/><G102/><T5/><D5/><U119/><E119/><V57/><F105/><W87/><G93/><T64/><D64/><U71/><E71/><V40/><F135/><W43/><G43/><T9/><D68/><U89/><E131/><V34/><F34/><W51/><G26/><T65/><D65/><U30/><E27/><V116/><F29/><AGARI ba="0,0" hai="29,31,50,51,58,59,60,62,80,83,86,87,88,91" machi="29" ten="25,6400,0" yaku="22,2,8,1,54,1" doraHai="129" who="3" fromWho="2" sc="176,0,305,0,228,-64,291,64" /><INIT seed="6,0,0,5,2,93" ten="176,305,164,355" oya="2" hai0="130,41,125,66,115,83,101,45,9,30,127,65,47" hai1="111,96,18,35,5,50,80,113,68,120,26,73,11" hai2="4,91,10,64,21,51,109,23,49,89,48,74,22" hai3="114,63,54,97,57,134,62,6,72,60,2,1,8"/><V32/><F32/><W123/><G123/><T88/><D30/><U94/><E68/><V70/><F109/><W38/><G38/><T20/><D9/><U12/><E111/><V52/><F74/><W75/><G134/><T118/><D20/><U82/><E113/><V34/><F34/><W108/><G108/><T31/><D31/><U95/><E120/><V100/><F100/><W19/><G2/><T55/><D115/><U86/><E35/><V131/><F131/><W105/><G114/><T39/><D130/><U129/><E129/><V13/><F64/><W79/><G19/><T28/><D28/><U81/><E73/><V14/><F14/><W112/><G112/><T85/><D118/><U3/><E3/><V107/><F107/><W119/><G119/><T0/><D0/><U40/><E26/><V17/><F70/><W133/><G133/><T56/><D45/><N who="1" m="25895" /><E95/><V59/><F4/><W27/><G27/><T121/><D101/><N who="1" m="60567" /><E18/><V61/><AGARI ba="0,0" hai="10,13,17,21,22,23,48,49,51,52,59,61,89,91" machi="61" ten="30,6000,0" yaku="0,1,8,1,54,1" doraHai="93" who="2" fromWho="2" sc="176,-20,305,-20,164,60,355,-20" /><INIT seed="6,1,0,4,3,90" ten="156,285,224,335" oya="2" hai0="59,13,98,84,2,44,35,32,63,51,74,113,10" hai1="71,123,104,125,115,23,64,4,52,135,106,87,76" hai2="49,54,119,17,8,88,109,94,130,46,20,117,7" hai3="75,121,67,99,56,85,124,134,0,83,97,57,107"/><V126/><F130/><W65/><G0/><T55/><D74/><U29/><E115/><V27/><F126/><W14/><G75/><T81/><D2/><U21/><E125/><V62/><F109/><W89/><G134/><T73/><D73/><U80/><E135/><V42/><F62/><W12/><G121/><T133/><D113/><U86/><E86/><V60/><F42/><W91/><G107/><T79/><D98/><N who="3" m="37385" /><G124/><T43/><REACH who="0" step="1"/><D133/><REACH who="0" ten="146,285,224,335" step="2"/><U70/><E123/><V24/><F119/><W101/><G101/><T31/><D31/><U38/><E29/><V72/><F72/><W6/><G12/><T120/><D120/><U3/><E3/><V127/><F117/><W61/><G14/><T100/><D100/><U30/><E30/><V28/><F28/><W114/><G114/><T34/><D34/><U5/><E106/><V41/><F127/><W68/><G68/><T26/><D26/><U108/><E104/><V45/><F24/><W105/><G105/><T118/><D118/><U102/><E71/><V25/><F27/><W9/><G6/><AGARI ba="1,1" hai="6,10,13,32,35,43,44,51,55,59,63,79,81,84" machi="6" ten="30,8000,1" yaku="1,1,7,1,25,2,53,1" doraHai="90" doraHaiUra="50" who="0" fromWho="3" sc="146,93,285,0,224,0,335,-83" /><INIT seed="7,0,0,2,0,69" ten="239,285,224,252" oya="3" hai0="118,65,29,56,13,113,105,4,114,88,126,119,62" hai1="128,135,75,93,102,97,107,110,96,76,83,16,41" hai2="39,99,60,6,37,104,18,123,131,38,21,59,24" hai3="9,43,40,95,82,67,28,19,103,81,101,91,33"/><W12/><G33/><T7/><D105/><U122/><E110/><V124/><F131/><W109/><G28/><T32/><D32/><U5/><E5/><V73/><F124/><W64/><G109/><T115/><D29/><U77/><E41/><N who="3" m="15946" /><G82/><T92/><D126/><U46/><E46/><V58/><F73/><W52/><G81/><T87/><REACH who="0" step="1"/><D13/><REACH who="0" ten="229,285,224,252" step="2"/><U17/><E122/><V89/><F123/><W80/><G80/><T25/><D25/><U117/><E77/><V133/><F133/><W57/><G101/><T27/><D27/><U90/><E117/><AGARI ba="0,1" hai="4,7,56,62,65,87,88,92,113,114,115,117,118,119" machi="117" ten="50,8000,1" yaku="1,1,15,1,11,1,54,1,53,0" doraHai="69" doraHaiUra="45" who="0" fromWho="1" sc="229,90,285,-80,224,0,252,0" owari="319,42.0,205,-29.0,224,-18.0,252,5.0" /></mjloggm>