<mjloggm ver="2.3"><GO type="169" lobby="0"/><UN n0="%E3%82%89%E3%81%84%E3%81%A1%E3%82%87%E3%81%86" n1="%E3%81%A0%E3%81%A3%E3%81%A6%E3%81%84%E3%81%86" n2="%E3%82%A6%E3%83%AB%E3%83%88%E3%83%A9%E7%AB%8B%E7%9B%B4" n3="%73%61%69%72%61%73%75" dan="17,17,17,16" rate="2174.47,2143.53,2168.98,2103.41" sx="M,M,M,M"/><TAIKYOKU oya="0"/><INIT seed="0,0,0,3,0,62" ten="250,250,250,250" oya="0" hai0="82,132,41,72,91,30,130,67,110,11,73,66,95" hai1="74,39,121,12,115,84,69,124,102,75,60,46,51" hai2="34,127,14,78,56,58,79,25,94,15,21,10,106" hai3="134,55,33,49,52,135,117,3,77,7,71,109,17"/><T64/><D130/><U9/><E121/><V86/><F106/><W68/><G33/><T133/><D110/><U70/><E39/><V32/><F127/><W38/><G38/><T87/><D41/><U101/><E124/><V26/><F94/><W16/><G117/><T122/><D122/><U19/><E115/><V48/><F86/><W40/><G77/><N who="0" m="46543" /><D30/><U97/><E84/><V54/><F21/><W92/><G92/><T105/><D11/><U4/><E4/><V43/><F43/><W98/><G98/><N who="0" m="57727" /><D105/><U111/><E75/><V123/><F123/><W103/><G40/><T20/><D20/><U90/><E74/><V61/><F34/><W5/><G109/><T44/><D44/><U35/><E35/><V100/><F100/><W120/><G103/><T59/><D59/><U18/><E70/><V116/><F116/><W107/><G107/><T119/><D119/><U47/><E111/><V118/><F118/><W99/><G120/><T128/><D128/><U45/><E45/><V2/><F32/><W81/><G3/><T24/><D24/><N who="2" m="9322" /><F2/><W31/><G31/><T83/><D83/><U129/><E129/><V28/><F28/><W125/><G81/><T29/><D29/><U8/><E47/><V0/><F0/><W1/><G1/><T93/><D93/><N who="1" m="56503" /><E9/><V27/><F27/><W53/><G125/><T88/><D88/><U104/><E104/><V63/><F10/><W65/><G71/><T57/><D57/><U37/><E37/><V126/><F126/><W112/><G68/><T36/><D36/><U23/><E69/><V96/><F58/><RYUUKYOKU ba="0,0" sc="250,30,250,-10,250,-10,250,-10" hai0="64,66,67,72,73,132,133" /><INIT seed="0,1,0,1,2,81" ten="280,240,240,240" oya="0" hai0="69,80,38,33,65,9,75,98,42,77,108,97,51" hai1="44,126,132,119,21,105,61,88,102,59,64,79,23" hai2="113,62,26,45,58,57,31,29,14,27,22,32,115" hai3="35,133,7,0,114,99,20,55,76,84,109,92,78"/><T60/><D33/><U53/><E119/><V52/><F45/><W24/><G109/><T25/><D108/><U39/><E132/><V56/><REACH who="2" step="1"/><F14/><REACH who="2" ten="280,240,230,240" step="2"/><W134/><G134/><T135/><D135/><U130/><E44/><V13/><F13/><W104/><G133/><T94/><D38/><U30/><E39/><V121/><F121/><W16/><G114/><AGARI ba="1,1" hai="22,26,27,29,31,32,52,56,57,58,62,113,114,115" machi="114" ten="40,2600,0" yaku="1,1,54,1,53,0" doraHai="81" doraHaiUra="4" who="2" fromWho="3" sc="280,0,240,0,230,39,240,-29" /><INIT seed="1,0,0,5,5,135" ten="280,240,269,211" oya="1" hai0="39,3,70,44,111,21,65,87,88,29,49,72,94" hai1="69,36,59,123,60,79,108,89,27,95,57,2,118" hai2="19,116,84,130,90,98,1,83,126,16,41,10,73" hai3="101,68,112,120,0,35,92,37,11,28,117,99,77"/><U127/><E123/><V18/><F116/><W55/><G68/><T4/><D111/><U14/><E2/><V64/><F130/><W47/><G112/><T109/><D109/><U43/><E118/><V20/><F73/><W46/><G120/><T97/><D72/><U61/><E108/><V104/><F64/><W38/><G77/><T63/><D39/><U131/><E79/><V6/><F41/><W78/><G78/><T17/><D29/><U125/><E131/><V76/><F126/><N who="1" m="48137" /><E14/><V45/><F45/><W82/><G82/><T23/><D17/><U54/><E69/><V100/><F76/><W102/><G0/><T134/><D134/><U121/><E121/><V80/><F83/><W93/><G117/><T132/><D132/><U50/><E27/><AGARI ba="0,0" hai="1,6,10,16,18,19,20,27,80,84,90,98,100,104" machi="27" ten="30,2000,0" yaku="7,1,54,1" doraHai="135" who="2" fromWho="1" sc="280,0,240,-20,269,20,211,0" /><INIT seed="2,0,0,1,4,100" ten="280,220,289,211" oya="2" hai0="133,11,79,135,121,10,27,41,14,117,42,96,49" hai1="31,71,122,118,63,99,44,65,3,52,103,124,93" hai2="17,78,68,37,36,21,119,102,66,57,64,35,106" hai3="23,26,115,69,28,104,132,89,125,75,114,62,127"/><V67/><F119/><W32/><G75/><T25/><D117/><U16/><E118/><V46/><F35/><W58/><G69/><T48/><D79/><U101/><E3/><V4/><F4/><W97/><G132/><N who="0" m="50763" /><D96/><U130/><E130/><V50/><F68/><W105/><G32/><T45/><D121/><U88/><E124/><N who="3" m="47690" /><G89/><T131/><D131/><U39/><E31/><V95/><F78/><W19/><G28/><T6/><D11/><U40/><E122/><V108/><F95/><W86/><G86/><T56/><D56/><U72/><E72/><V53/><F108/><W20/><G20/><T34/><D34/><U54/><E103/><V12/><REACH who="2" step="1"/><F57/><REACH who="2" ten="280,220,279,211" step="2"/><W129/><G129/><T126/><D126/><U8/><REACH who="1" step="1"/><E101/><REACH who="1" ten="280,210,279,211" step="2"/><V5/><F5/><W80/><G115/><T123/><D123/><U107/><E107/><V38/><F38/><W1/><G105/><T15/><D6/><U84/><E84/><V90/><F90/><W74/><G104/><T109/><D109/><U59/><E59/><V110/><F110/><W128/><G114/><T9/><D45/><U0/><E0/><V92/><F92/><W82/><G1/><T113/><D113/><U91/><E91/><V112/><F112/><W120/><G128/><T55/><D42/><U43/><E43/><V60/><F60/><W87/><G62/><T94/><D41/><U83/><E83/><V77/><F77/><N who="3" m="44087" /><G58/><N who="0" m="33127" /><D94/><U116/><E116/><V134/><F134/><W85/><G120/><T76/><D76/><U30/><E30/><V70/><F70/><W47/><G47/><T98/><D49/><RYUUKYOKU ba="0,2" sc="280,-15,210,15,279,15,211,-15" hai1="8,16,39,40,44,52,54,63,65,71,88,93,99" hai2="12,17,21,36,37,46,50,53,64,66,67,102,106" /><INIT seed="2,1,2,0,1,50" ten="265,225,294,196" oya="2" hai0="36,124,35,12,49,117,26,52,86,126,75,9,84" hai1="60,113,58,6,54,14,110,59,130,100,0,107,61" hai2="23,30,70,128,132,121,20,67,27,108,38,71,133" hai3="42,119,96,122,129,40,79,111,78,32,55,4,112"/><V56/><F121/><W94/><G111/><T3/><D75/><U37/><E110/><V97/><F108/><W47/><G119/><T13/><D36/><U95/><E37/><V43/><F128/><W7/><G122/><T21/><D35/><U5/><E130/><V77/><F77/><N who="3" m="29195" /><G32/><T135/><D3/><U82/><E113/><V101/><F23/><W31/><G129/><T2/><D2/><U17/><E0/><V88/><F88/><N who="3" m="55367" /><G31/><N who="0" m="17871" /><D135/><N who="2" m="51786" /><F43/><N who="3" m="16427" /><G112/><T80/><D117/><U24/><E82/><V131/><F38/><W91/><G91/><N who="0" m="51591" /><D86/><U34/><E107/><N who="2" m="63919" /><F131/><W114/><G114/><T53/><D49/><AGARI ba="1,2" hai="4,7,47,49,55" m="16427,55367,29195" machi="49" ten="30,3900,0" yaku="8,1,52,1,54,1" doraHai="50" who="3" fromWho="0" sc="265,-42,225,0,294,0,196,62" /><INIT seed="3,0,0,3,1,80" ten="223,225,294,258" oya="3" hai0="24,83,61,69,30,15,36,132,48,125,14,92,88" hai1="82,112,41,108,87,58,114,72,122,32,110,111,109" hai2="76,63,2,37,95,52,133,97,85,131,89,98,99" hai3="27,18,56,70,74,67,100,5,44,21,65,77,4"/><W104/><G70/><T79/><D36/><U91/><E32/><V9/><F37/><W38/><G104/><T123/><D123/><U43/><E122/><V90/><F131/><W19/><G100/><T121/><D121/><U13/><N who="1" m="27648" /><DORA hai="35" /><U68/><E68/><V81/><F133/><W128/><G128/><T40/><D132/><U23/><E72/><V34/><F34/><W86/><G74/><T64/><D125/><U117/><E117/><V3/><F9/><W11/><G44/><T94/><D48/><U12/><E58/><V59/><REACH who="2" step="1"/><F90/><REACH who="2" ten="223,225,284,258" step="2"/><W39/><G39/><T129/><D88/><U120/><E120/><V73/><AGARI ba="0,1" hai="2,3,52,59,63,73,76,81,85,89,95,97,98,99" machi="73" ten="30,12000,2" yaku="1,1,2,1,0,1,52,3,54,1,53,0" doraHai="80,35" doraHaiUra="25,113" who="2" fromWho="2" sc="223,-30,225,-30,284,130,258,-60" /><INIT seed="4,0,0,1,0,120" ten="193,195,414,198" oya="0" hai0="30,134,46,80,100,75,97,91,95,20,63,53,129" hai1="61,135,114,94,83,3,71,21,108,36,72,93,25" hai2="66,103,9,16,122,125,26,31,119,99,106,19,132" hai3="79,90,101,55,102,117,77,1,115,51,54,124,41"/><T74/><D129/><U4/><E36/><V33/><F122/><W40/><G1/><T84/><D134/><U131/><E135/><V14/><F132/><W57/><G117/><T68/><D46/><U69/><E131/><V65/><F125/><W11/><G124/><T85/><D85/><U34/><E34/><V116/><F19/><W78/><G115/><T48/><D48/><U88/><E114/><V50/><F50/><N who="3" m="30935" /><G11/><T96/><D96/><U28/><E108/><V107/><F107/><W32/><G32/><T22/><D30/><U15/><E3/><V121/><F121/><W29/><G29/><T89/><D100/><N who="3" m="38505" /><G90/><T43/><D43/><U113/><E113/><V81/><F81/><W92/><G92/><T8/><D8/><U7/><E94/><V6/><F6/><W38/><G38/><T39/><D39/><U123/><E123/><V67/><AGARI ba="0,0" hai="9,14,16,26,31,33,65,66,67,99,103,106,116,119" machi="67" ten="30,2000,0" yaku="0,1,54,1" doraHai="120" who="2" fromWho="2" sc="193,-10,195,-5,414,20,198,-5" /><INIT seed="5,0,0,0,0,60" ten="183,190,434,193" oya="1" hai0="24,112,61,135,78,30,68,102,40,72,96,42,81" hai1="51,50,66,83,43,70,65,123,84,36,113,101,77" hai2="18,89,62,107,37,95,16,23,8,109,125,111,17" hai3="49,7,103,48,128,52,118,127,1,108,20,63,41"/><U14/><E123/><V32/><F32/><W6/><G108/><T117/><D135/><U75/><E75/><V105/><F37/><W92/><G92/><T88/><D112/><U10/><E70/><V87/><F125/><W129/><G1/><T2/><D2/><U115/><E36/><V59/><F8/><W124/><G103/><T73/><D117/><U130/><E130/><N who="3" m="50282" /><G118/><T98/><D73/><U120/><E120/><V114/><F114/><N who="1" m="43529" /><E101/><V3/><F3/><W110/><G110/><T91/><D42/><U86/><E86/><V34/><F34/><W97/><G97/><T54/><D40/><U55/><E43/><V26/><F111/><W69/><G41/><T27/><D98/><U67/><E55/><V38/><F38/><W76/><G76/><T28/><D54/><U44/><E44/><V57/><F109/><W11/><G52/><T31/><D102/><U100/><E100/><V94/><F59/><W33/><G127/><T79/><D79/><U46/><E46/><V0/><F105/><W4/><G124/><T121/><D121/><U99/><E99/><V45/><F107/><W5/><G33/><T58/><D68/><U19/><AGARI ba="0,0" hai="10,14,19,50,51,65,66,67,77,83,84" m="43529" machi="19" ten="30,11700,0" yaku="15,1,52,3" doraHai="60" who="1" fromWho="1" sc="183,-39,190,117,434,-39,193,-39" /><INIT seed="5,1,0,4,0,124" ten="144,307,395,154" oya="1" hai0="18,25,83,15,28,6,79,59,8,32,60,1,94" hai1="38,64,75,131,112,46,20,12,88,103,117,72,120" hai2="49,19,41,4,115,122,113,110,107,9,89,50,34" hai3="39,69,132,77,95,48,57,31,101,40,125,26,61"/><U54/><E120/><V109/><F34/><W102/><G125/><T14/><D94/><U90/><E117/><V13/><F122/><W44/><G132/><T87/><REACH who="0" step="1"/><D18/><REACH who="0" ten="134,307,395,154" step="2"/><U76/><E112/><N who="2" m="43083" /><F107/><W82/><G95/><T21/><D21/><U37/><E20/><V119/><F119/><W93/><G93/><T108/><D108/><U111/><E111/><V11/><F110/><W67/><G31/><T135/><D135/><U63/><E103/><V68/><F109/><W127/><G127/><T27/><D27/><U97/><E97/><V98/><F98/><W73/><REACH who="3" step="1"/><G26/><REACH who="3" ten="134,307,395,144" step="2"/><T104/><D104/><U84/><E75/><V30/><F30/><W66/><G66/><AGARI ba="1,2" hai="1,6,8,14,15,25,28,32,59,60,66,79,83,87" machi="66" ten="30,2000,0" yaku="1,1,7,1,53,0" doraHai="124" doraHaiUra="106" who="0" fromWho="3" sc="134,43,307,0,395,0,144,-23" /><INIT seed="6,0,0,3,5,77" ten="177,307,395,121" oya="2" hai0="63,76,1,68,67,14,103,58,49,132,25,2,101" hai1="119,93,83,56,37,38,112,47,87,21,107,121,5" hai2="111,94,64,109,10,98,31,59,81,20,73,32,128" hai3="8,114,113,110,69,52,24,19,85,75,27,129,41"/><V86/><F128/><W126/><G75/><T44/><D132/><U115/><E107/><V116/><F116/><W61/><G110/><N who="2" m="41993" /><F10/><W22/><G129/><T7/><D68/><U91/><E119/><V133/><F133/><W18/><G41/><N who="0" m="24719" /><D2/><U29/><E121/><V72/><F32/><W60/><G69/><T82/><D25/><N who="1" m="16559" /><E5/><V34/><F34/><W95/><G126/><T39/><D39/><U3/><E3/><V46/><F46/><W26/><G95/><T62/><D62/><U92/><E56/><V104/><F104/><W36/><G36/><N who="1" m="13930" /><E47/><V90/><F20/><W12/><G61/><T30/><D30/><U43/><E43/><V11/><F11/><W108/><G108/><T118/><D1/><U42/><E42/><V51/><F31/><W50/><G60/><T122/><D122/><U53/><E53/><N who="2" m="32191" /><F64/><W96/><G27/><T99/><D118/><U57/><E57/><V54/><F54/><W33/><G26/><T74/><D7/><U40/><E40/><V17/><F17/><W15/><G24/><T127/><D14/><U79/><E79/><AGARI ba="0,0" hai="72,73,79,81,86,90,94,98" m="32191,41993" machi="79" ten="30,2900,0" yaku="10,1,52,1" doraHai="77" who="2" fromWho="1" sc="177,0,307,-29,395,29,121,0" /><INIT seed="6,1,0,3,2,4" ten="177,278,424,121" oya="2" hai0="88,117,5,59,110,65,93,24,66,19,12,17,81" hai1="22,135,123,41,42,129,7,105,124,109,37,30,16" hai2="28,45,33,83,95,108,62,39,13,127,111,56,99" hai3="114,104,96,97,6,134,86,121,50,133,122,54,21"/><V116/><F116/><W79/><G6/><T25/><D110/><N who="2" m="42026" /><F127/><W100/><G21/><N who="0" m="13359" /><D117/><U118/><E30/><V92/><F83/><N who="3" m="47487" /><G50/><T82/><D5/><U106/><E7/><V36/><F45/><W49/><G114/><T85/><D25/><U10/><E22/><V46/><F46/><W34/><G34/><T60/><D66/><U29/><E29/><V32/><F13/><W63/><G63/><T68/><D68/><U120/><E37/><V23/><F95/><N who="3" m="58399" /><G49/><T43/><D43/><U90/><E42/><V11/><F23/><AGARI ba="1,0" hai="12,19,23,59,60,65,81,82,85,88,93" m="13359" machi="23" ten="30,2000,0" yaku="8,1,54,1" doraHai="4" who="0" fromWho="2" sc="177,23,278,0,424,-23,121,0" /><INIT seed="7,0,0,0,4,7" ten="200,278,401,121" oya="3" hai0="45,127,62,2,19,21,38,109,14,39,77,68,87" hai1="26,1,65,135,74,83,98,117,130,47,24,76,16" hai2="29,70,132,81,85,63,112,75,48,99,66,6,8" hai3="103,50,90,84,118,94,51,134,122,92,105,0,5"/><W121/><G134/><T102/><D109/><U37/><E1/><V67/><F132/><W34/><G118/><T53/><D2/><U128/><E135/><V131/><F131/><N who="1" m="50217" /><E117/><V119/><F112/><W10/><G34/><T80/><D102/><U72/><E72/><V73/><F67/><W124/><G124/><T120/><D53/><U108/><E108/><V27/><F48/><W89/><G105/><T104/><D19/><U59/><E98/><V60/><F60/><W41/><G103/><T3/><D80/><U57/><E16/><V69/><F99/><W9/><G41/><T129/><D45/><U79/><E79/><V96/><F96/><W115/><G115/><T95/><D62/><N who="1" m="38095" /><E59/><V125/><F75/><W78/><G78/><T133/><D95/><U52/><E52/><V49/><F73/><W31/><G31/><T82/><D39/><U44/><E44/><V18/><F29/><W71/><G71/><T17/><D68/><U11/><E11/><V113/><F70/><W20/><G20/><T106/><D120/><U30/><E30/><V35/><F27/><W32/><G32/><T56/><D129/><U114/><E114/><V110/><F125/><W15/><G15/><T4/><D127/><U126/><E126/><V46/><F81/><W54/><G10/><N who="0" m="2335" /><D133/><U13/><E13/><V58/><F35/><W107/><G107/><N who="0" m="41003" /><D56/><U28/><E28/><V42/><F42/><AGARI ba="0,0" hai="24,26,37,42,47,74,76,83" m="38095,50217" machi="42" ten="30,1000,0" yaku="19,1" doraHai="7" who="1" fromWho="2" sc="200,0,278,10,401,-10,121,0" owari="200,-20.0,288,9.0,391,49.0,121,-38.0" /></mjloggm>