<mjloggm ver="2.3"><GO type="169" lobby="0"/><UN n0="%65%69%6B%31" n1="%73%68%6F%6F%74%33%39" n2="%E6%AC%A1%E3%81%AF%E6%B3%95%E5%BB%B7%E3%81%A7%E4%BC%9A%E3%81%8A%E3%81%86" n3="%E5%B0%B1%E6%B4%BB%E7%94%9F%40%E5%B7%9D%E6%9D%91%E8%BB%8D%E5%9B%A3" dan="17,18,16,17" rate="2149.70,2277.73,2019.99,2260.84" sx="M,M,M,M"/><TAIKYOKU oya="0"/><INIT seed="0,0,0,0,3,38" ten="250,250,250,250" oya="0" hai0="85,0,70,48,49,69,93,29,120,103,50,54,30" hai1="135,73,9,13,88,112,132,81,114,14,101,40,60" hai2="113,47,117,55,43,39,8,45,80,86,20,66,22" hai3="28,31,98,19,27,126,91,104,10,23,51,78,84"/><T65/><D120/><U108/><E108/><V11/><F113/><N who="1" m="43625" /><E101/><V15/><F11/><W106/><G126/><T94/><D0/><U16/><E60/><V21/><F66/><W71/><G71/><T17/><D54/><U6/><E73/><V102/><F102/><W2/><G78/><T133/><D133/><N who="1" m="51275" /><E40/><V7/><F117/><W129/><G129/><T42/><D42/><U12/><E6/><V24/><F47/><W35/><G98/><T89/><D65/><U75/><E75/><V72/><F55/><W82/><G51/><T115/><D115/><U96/><E96/><V58/><F58/><W125/><G125/><T118/><D70/><U57/><E57/><V97/><F97/><W100/><G100/><T64/><D69/><U119/><E119/><V4/><F72/><W68/><G68/><T67/><D118/><U121/><E121/><V79/><REACH who="2" step="1"/><F4/><REACH who="2" ten="250,250,240,250" step="2"/><W44/><G44/><T134/><D134/><U46/><E46/><V37/><F37/><W41/><G104/><T1/><D67/><U92/><E92/><V76/><F76/><W77/><G106/><T59/><D94/><U127/><E127/><V18/><AGARI ba="0,1" hai="7,8,15,18,20,21,22,24,39,43,45,79,80,86" machi="18" ten="20,5200,0" yaku="1,1,0,1,7,1,52,1,53,0" doraHai="38" doraHaiUra="111" who="2" fromWho="2" sc="250,-26,250,-13,240,62,250,-13" /><INIT seed="1,0,0,4,2,23" ten="224,237,302,237" oya="1" hai0="88,84,38,2,112,129,73,131,115,63,113,130,10" hai1="122,25,36,51,97,22,78,39,19,117,32,14,80" hai2="102,8,94,79,53,100,18,123,6,5,47,46,89" hai3="40,134,118,59,92,96,31,61,120,82,26,64,119"/><U124/><E122/><V54/><F79/><W67/><G120/><T76/><D38/><U34/><E117/><N who="3" m="44554" /><G134/><T48/><D48/><U60/><E124/><V49/><F18/><W72/><G40/><T81/><D63/><U57/><E51/><N who="2" m="28919" /><F123/><W90/><G72/><T7/><REACH who="0" step="1"/><D115/><REACH who="0" ten="214,237,302,237" step="2"/><U0/><E39/><V106/><F49/><W86/><G61/><T116/><D116/><U55/><E36/><V3/><F47/><W4/><G59/><T111/><D111/><U107/><E0/><V121/><F3/><W20/><G4/><T16/><D16/><U29/><E107/><V13/><F5/><W15/><G15/><T91/><D91/><AGARI ba="0,1" hai="20,26,31,64,67,82,86,90,91,92,96" m="44554" machi="91" ten="30,2000,0" yaku="12,1,52,1" doraHai="23" who="3" fromWho="0" sc="214,-20,237,0,302,0,237,30" /><INIT seed="2,0,0,5,2,20" ten="194,237,302,267" oya="2" hai0="56,86,61,94,38,1,52,87,29,91,53,63,123" hai1="119,18,82,11,6,35,23,120,22,55,114,19,27" hai2="4,41,133,64,83,45,95,33,47,108,66,135,90" hai3="34,14,72,51,126,15,111,36,79,100,85,59,9"/><V124/><F124/><W78/><G36/><T132/><D123/><U110/><E114/><V129/><F129/><W73/><G34/><T131/><D1/><U127/><E119/><V25/><F83/><W37/><G37/><T12/><D38/><U116/><E116/><V31/><F4/><W71/><G71/><T93/><D131/><U80/><E127/><V125/><F108/><W84/><G100/><T112/><D112/><U134/><E110/><V65/><F41/><W75/><G111/><T58/><D132/><N who="2" m="50762" /><F125/><W39/><G39/><T2/><D2/><U62/><E35/><V101/><F101/><W17/><G126/><T54/><D29/><U0/><E120/><V69/><F69/><W30/><G30/><T70/><D70/><U113/><E113/><V96/><AGARI ba="0,0" hai="25,31,33,45,47,64,65,66,90,95,96" m="50762" machi="96" ten="30,3000,0" yaku="20,1,52,1" doraHai="20" who="2" fromWho="2" sc="194,-10,237,-10,302,30,267,-10" /><INIT seed="2,1,0,0,0,19" ten="184,227,332,257" oya="2" hai0="26,65,77,99,35,103,0,31,125,70,57,130,42" hai1="80,5,11,16,119,108,94,33,63,40,127,48,22" hai2="45,67,58,56,92,90,3,13,28,76,102,1,123" hai3="109,36,115,32,131,121,75,101,98,83,132,110,86"/><V78/><F102/><W61/><G32/><T54/><D0/><U6/><E119/><V81/><F1/><W97/><G36/><T79/><D125/><U55/><E33/><V50/><F3/><W93/><G61/><N who="0" m="40239" /><D42/><U134/><E127/><V120/><F78/><N who="3" m="44511" /><G121/><T7/><D7/><U85/><E134/><V91/><F91/><N who="3" m="53495" /><G132/><T104/><D130/><U10/><E94/><V18/><F28/><W116/><G116/><T2/><D2/><U96/><E96/><N who="3" m="36970" /><G101/><T133/><D133/><U87/><E63/><AGARI ba="1,0" hai="26,31,35,54,57,63,77,79,99,103,104" m="40239" machi="63" ten="30,1000,0" yaku="25,1" doraHai="19" who="0" fromWho="1" sc="184,13,227,-13,332,0,257,0" /><INIT seed="3,0,0,3,1,81" ten="197,214,332,257" oya="3" hai0="116,31,82,99,67,54,47,78,42,93,110,8,3" hai1="104,6,10,69,17,30,57,88,2,24,102,90,50" hai2="55,129,34,35,16,79,48,112,39,25,41,36,106" hai3="73,56,44,119,62,84,127,72,135,134,74,51,85"/><W52/><G127/><T49/><D116/><U29/><E69/><V96/><F112/><W89/><G119/><T66/><D110/><U18/><E30/><V28/><F35/><W91/><G91/><T65/><D31/><U109/><E109/><V4/><F4/><W128/><G128/><T120/><D120/><U105/><E18/><V87/><F41/><W113/><G113/><T53/><D8/><U107/><E17/><V5/><F5/><W64/><REACH who="3" step="1"/><G84/><REACH who="3" ten="197,214,332,247" step="2"/><N who="0" m="48215" /><D3/><U59/><E102/><AGARI ba="0,1" hai="42,47,49,53,54,65,66,67,93,99,102" m="48215" machi="102" ten="30,2000,0" yaku="8,1,52,1" doraHai="81" who="0" fromWho="1" sc="197,30,214,-20,332,0,247,0" /><INIT seed="4,0,0,3,3,109" ten="227,194,332,247" oya="0" hai0="66,95,31,24,44,0,92,133,100,124,120,46,13" hai1="77,49,29,76,57,22,113,128,16,94,129,42,121" hai2="135,54,37,68,91,102,35,118,11,75,126,10,33" hai3="106,27,70,3,111,88,131,43,4,84,45,40,97"/><T108/><D0/><U5/><E121/><V112/><F54/><W123/><G70/><T81/><D120/><U20/><E5/><V38/><F91/><W26/><G111/><T93/><D108/><U103/><E29/><V78/><F78/><W36/><G123/><T18/><D124/><U28/><E28/><V62/><F62/><W23/><G43/><T69/><D133/><U34/><E34/><V87/><F87/><W7/><G131/><N who="1" m="50250" /><E22/><V8/><F8/><W56/><G3/><T115/><D100/><U50/><E57/><V74/><F68/><W19/><G27/><T9/><D115/><U51/><E42/><V72/><F72/><W96/><G56/><T48/><D48/><U73/><E73/><V14/><F75/><W39/><G39/><T127/><D127/><U99/><E113/><V21/><F112/><W63/><G63/><T59/><D69/><U82/><E82/><V98/><F74/><W110/><G110/><T71/><D71/><U67/><E67/><V132/><F38/><W64/><G64/><T53/><D81/><U90/><E103/><V89/><F102/><W130/><G130/><T80/><D80/><U85/><E85/><V17/><F37/><W119/><G119/><T107/><D66/><U125/><E125/><V25/><F118/><W52/><G52/><T1/><D1/><U12/><AGARI ba="0,0" hai="12,16,20,49,50,51,76,77,90,94,99" m="50250" machi="12" ten="30,2000,0" yaku="19,1,54,1" doraHai="109" who="1" fromWho="1" sc="227,-10,194,20,332,-5,247,-5" /><INIT seed="5,0,0,4,3,107" ten="217,214,327,242" oya="1" hai0="0,41,70,123,131,64,26,94,9,52,8,117,98" hai1="45,29,86,32,99,89,109,6,25,47,38,60,14" hai2="59,105,79,49,76,3,44,37,80,17,133,35,21" hai3="104,108,1,74,112,113,75,106,85,129,27,56,111"/><U33/><E33/><V69/><F3/><W128/><G1/><T82/><D117/><U5/><E109/><N who="3" m="42058" /><G56/><T19/><D131/><N who="3" m="50249" /><G85/><T39/><D123/><U115/><E115/><N who="3" m="44106" /><G27/><T40/><D26/><U53/><E99/><V28/><F59/><W100/><G100/><T61/><D0/><U125/><E125/><V119/><F69/><W114/><G114/><T118/><D70/><U134/><E134/><V36/><F133/><W120/><G120/><T51/><D98/><U101/><E101/><V96/><F96/><W83/><G83/><T13/><D82/><U72/><E60/><V116/><F80/><W16/><G16/><T102/><D19/><U2/><E2/><V127/><F17/><W18/><G18/><T66/><D61/><U34/><E14/><V73/><F28/><W55/><G55/><T132/><D13/><U58/><E58/><V126/><F119/><W87/><G87/><T110/><D118/><U11/><E29/><V4/><F116/><W12/><G12/><T48/><D102/><U22/><E25/><V92/><F4/><W122/><G122/><T78/><D110/><U93/><E5/><V30/><F30/><W42/><G42/><T7/><D41/><N who="1" m="22711" /><E6/><V77/><F21/><W130/><G130/><T90/><D7/><U24/><E22/><V23/><F23/><W135/><G135/><T57/><D132/><U97/><E24/><V88/><F35/><N who="1" m="13353" /><E86/><V10/><F10/><W71/><G71/><T68/><D8/><U46/><E11/><V121/><F121/><W95/><G95/><T103/><D9/><U65/><E93/><RYUUKYOKU ba="0,0" sc="217,-10,214,-10,327,-10,242,30" hai3="74,75,104,106" /><INIT seed="6,1,0,4,0,80" ten="207,204,317,272" oya="2" hai0="33,21,34,108,118,98,83,37,54,32,56,105,64" hai1="3,70,66,114,130,36,101,124,117,39,115,135,76" hai2="6,51,17,60,24,134,8,127,123,129,13,86,65" hai3="119,15,90,104,11,62,92,93,2,87,46,67,43"/><V28/><F123/><W22/><G104/><T55/><D108/><U110/><RYUUKYOKU type="yao9" ba="1,0" sc="207,0,204,0,317,0,272,0" hai1="3,36,39,66,70,76,101,110,114,115,117,124,130,135" /><INIT seed="6,2,0,1,1,101" ten="207,204,317,272" oya="2" hai0="45,99,128,8,87,9,107,5,40,70,66,0,52" hai1="74,63,11,41,77,28,135,51,98,58,93,24,79" hai2="111,82,129,118,56,42,81,123,106,102,6,65,121" hai3="60,96,29,116,130,105,117,21,78,25,76,35,12"/><V18/><F118/><W22/><G130/><T31/><D128/><U3/><E135/><V10/><F129/><W20/><G60/><N who="0" m="40263" /><D52/><N who="1" m="34247" /><E74/><V124/><F42/><W61/><G61/><T54/><D87/><U47/><E3/><V49/><F124/><W48/><G48/><T53/><D9/><U89/><E11/><V14/><F111/><W119/><REACH who="3" step="1"/><G12/><REACH who="3" ten="207,204,317,262" step="2"/><T100/><D0/><U67/><E67/><V33/><F14/><W73/><G73/><T62/><D62/><U43/><E43/><V94/><F65/><W92/><G92/><T37/><D40/><U108/><E108/><V15/><F94/><W75/><G75/><T34/><D54/><U30/><E24/><V134/><F15/><W26/><G26/><N who="0" m="18807" /><D53/><U131/><E131/><V16/><F49/><W64/><G64/><T46/><D37/><U39/><E39/><V104/><F134/><W68/><G68/><T83/><D83/><U120/><E120/><V110/><F110/><W36/><G36/><T114/><D114/><U97/><E51/><V112/><F112/><W69/><G69/><T38/><D38/><U115/><E115/><V113/><F113/><W23/><N who="3" m="5632" /><DORA hai="17" /><W84/><G84/><T1/><AGARI ba="2,1" hai="1,5,8,45,46,99,100,107" m="18807,40263" machi="1" ten="30,2000,0" yaku="25,1,52,1" doraHai="101,17" who="0" fromWho="0" sc="207,36,204,-7,317,-12,262,-7" /><INIT seed="7,0,0,3,5,103" ten="243,197,305,255" oya="3" hai0="22,100,38,120,49,73,135,79,14,51,118,16,121" hai1="25,42,29,69,108,92,80,36,30,71,39,94,96" hai2="115,55,127,47,1,50,90,93,21,128,134,46,66" hai3="41,53,10,17,82,101,125,68,44,130,72,5,60"/><W0/><G125/><T31/><D118/><U133/><E108/><V77/><F1/><W123/><G123/><T52/><D38/><U62/><E133/><V89/><F134/><W26/><G130/><T74/><D135/><U61/><E80/><V45/><F115/><W34/><G101/><T35/><D100/><U113/><E113/><V105/><F105/><W110/><G110/><T2/><D2/><U117/><E25/><V8/><F77/><N who="3" m="44327" /><G53/><T70/><D70/><U24/><E24/><V83/><F66/><N who="3" m="41031" /><G17/><T124/><D124/><U15/><E15/><V19/><F128/><W112/><G26/><T54/><D79/><U78/><E78/><V95/><F8/><W32/><G112/><T59/><D120/><U48/><E48/><V13/><F83/><W11/><G10/><T27/><D121/><U6/><E42/><V40/><F40/><W63/><G63/><T75/><D75/><U87/><E87/><N who="2" m="52415" /><F127/><W106/><G106/><T4/><D4/><U88/><E88/><V3/><F3/><W7/><G7/><T64/><D64/><U102/><E102/><V12/><F13/><W107/><G107/><T23/><D23/><U58/><E6/><V129/><F129/><W86/><G86/><AGARI ba="0,0" hai="12,19,21,45,46,47,50,55,86,90,95" m="52415" machi="86" ten="30,1000,0" yaku="8,1" doraHai="103" who="2" fromWho="3" sc="243,0,197,0,305,10,255,-10" owari="243,-16.0,197,-30.0,315,41.0,245,5.0" /></mjloggm>