<mjloggm ver="2.3"><GO type="169" lobby="0"/><UN n0="%E9%97%98%E5%A3%AB%E2%98%86%E3%81%8D%E3%82%80%E3%82%8A%E3%82%87%E3%83%BC" n1="%E3%83%88%E3%83%88%E3%83%AA%E5%85%88%E7%94%9F%31%39%E6%AD%B3" n2="%E3%81%8B%E3%81%A3%E3%81%B1%E3%83%BC" n3="%52%69%2D%4D%6F%2D" dan="16,17,16,17" rate="2090.47,2231.25,2086.39,2146.52" sx="M,F,M,M"/><TAIKYOKU oya="0"/><INIT seed="0,0,0,0,4,99" ten="250,250,250,250" oya="0" hai0="134,0,94,89,35,60,62,39,75,114,116,51,2" hai1="50,109,21,73,1,28,90,47,3,61,36,41,104" hai2="24,14,124,37,66,44,111,64,20,76,69,11,58" hai3="107,133,15,22,128,132,48,97,32,81,119,30,19"/><T131/><D114/><U4/><E73/><V130/><F124/><W103/><G119/><T53/><D39/><U52/><E104/><V49/><F130/><W102/><G128/><T91/><D116/><U63/><E109/><V34/><F34/><W5/><G5/><T46/><D131/><U120/><E120/><V79/><F111/><W80/><G48/><T113/><D113/><U126/><E126/><V71/><F71/><W55/><G55/><T23/><D35/><U82/><E82/><V42/><F66/><W129/><G129/><T17/><D75/><U59/><E90/><V43/><F43/><W65/><G65/><T118/><D118/><U85/><E85/><V93/><F93/><W27/><REACH who="3" step="1"/><G103/><REACH who="3" ten="250,250,250,240" step="2"/><T29/><D53/><U33/><E4/><N who="2" m="3431" /><F37/><W98/><G98/><T26/><D51/><U123/><E123/><V13/><F49/><W68/><G68/><T83/><D62/><U117/><E117/><V16/><F69/><W115/><G115/><T105/><D60/><U112/><E112/><V74/><F44/><W9/><G9/><T45/><D45/><U86/><E63/><V6/><F42/><W135/><AGARI ba="0,1" hai="15,19,22,27,30,32,80,81,97,102,107,132,133,135" machi="135" ten="30,8000,1" yaku="1,1,0,1,20,1,52,1,53,1" doraHai="99" doraHaiUra="96" who="3" fromWho="3" sc="250,-40,250,-20,250,-20,240,90" /><INIT seed="1,0,0,1,3,134" ten="210,230,230,330" oya="1" hai0="3,81,128,111,78,7,52,72,73,107,26,101,91" hai1="49,80,18,68,112,54,31,29,71,96,85,75,93" hai2="127,10,28,125,44,122,2,89,123,47,17,86,41" hai3="76,13,11,35,113,121,62,56,34,77,82,70,66"/><U4/><E112/><V94/><F28/><W20/><G113/><T14/><D73/><U19/><E75/><V9/><F44/><W59/><G121/><N who="2" m="46089" /><F2/><W84/><G20/><T25/><D111/><U24/><E4/><V131/><F131/><W64/><G77/><T48/><D3/><U55/><E71/><V109/><F17/><N who="1" m="6153" /><E68/><V106/><F106/><W39/><G39/><T8/><D128/><U117/><E117/><V27/><F27/><W6/><G70/><T92/><D101/><N who="1" m="60559" /><E24/><V15/><F15/><W124/><G35/><T118/><D107/><U130/><E130/><V129/><F129/><W135/><G34/><T104/><D104/><U58/><E54/><V36/><F109/><W95/><G95/><T119/><D119/><U132/><E132/><V120/><N who="2" m="46097" /><V40/><DORA hai="32" /><F40/><W21/><G135/><T116/><D116/><U108/><E108/><V51/><F36/><W33/><G33/><T30/><D118/><U45/><E45/><V83/><F94/><W57/><G21/><T1/><D30/><U5/><E5/><V87/><F87/><W23/><G23/><T133/><D133/><U12/><E12/><V63/><F63/><N who="3" m="37991" /><G59/><T110/><D110/><U98/><E98/><V43/><F43/><W103/><G103/><T126/><D14/><U69/><E69/><V90/><F90/><AGARI ba="0,0" hai="29,31,49,55,58,80,85,90" m="60559,6153" machi="90" ten="30,1500,0" yaku="8,1" doraHai="134,32" who="1" fromWho="2" sc="210,0,230,15,230,-15,330,0" /><INIT seed="1,1,0,3,2,43" ten="210,245,215,330" oya="1" hai0="134,56,40,65,133,117,107,90,62,80,70,81,9" hai1="33,82,23,124,29,11,104,105,76,115,52,60,71" hai2="68,42,26,78,59,20,98,128,101,72,74,51,58" hai3="73,92,64,87,35,121,89,91,88,1,106,93,61"/><U113/><E33/><V83/><F68/><W57/><G1/><T75/><D107/><U130/><E130/><V46/><F128/><W84/><G121/><T31/><D117/><U47/><E124/><V79/><F72/><W44/><G73/><T97/><D31/><U3/><E71/><V69/><F78/><W63/><G106/><T102/><D75/><U55/><E104/><V27/><F27/><W111/><G111/><T15/><D40/><U123/><E105/><V22/><F22/><W41/><G35/><T77/><D56/><U0/><E123/><V21/><F21/><W32/><G61/><T94/><D102/><U7/><E0/><V120/><F69/><W14/><G14/><T38/><D38/><U131/><E131/><V24/><F24/><W49/><G32/><T109/><D109/><U28/><E55/><V103/><F120/><W112/><G112/><T2/><D2/><U95/><E95/><AGARI ba="1,0" hai="41,44,49,57,63,64,84,87,88,89,91,92,93,95" machi="95" ten="40,5200,0" yaku="8,1,52,1,54,1" doraHai="43" who="3" fromWho="1" sc="210,0,245,-55,215,0,330,55" /><INIT seed="2,0,0,0,0,33" ten="210,190,215,385" oya="2" hai0="111,29,32,20,36,72,59,22,85,116,104,113,67" hai1="25,48,131,40,125,13,46,98,38,55,42,100,117" hai2="109,27,107,102,83,41,21,35,86,16,56,1,34" hai3="53,49,39,94,115,80,69,135,61,65,8,31,17"/><V130/><F130/><W63/><G135/><T78/><D85/><U51/><E117/><V30/><F109/><W126/><G126/><T7/><D7/><U82/><E131/><V12/><F41/><W87/><G115/><T89/><D89/><U96/><E125/><V73/><F73/><W119/><G39/><T66/><D78/><U54/><E38/><V105/><F35/><W47/><G119/><T3/><D29/><U121/><E121/><V52/><F102/><W132/><G132/><T14/><D32/><U45/><E25/><V101/><F101/><W44/><G94/><T77/><D14/><U84/><E13/><V70/><F70/><W10/><G31/><T19/><D77/><U108/><E108/><V24/><F1/><W128/><G128/><T95/><D95/><U120/><E120/><V123/><F123/><W124/><G124/><T103/><D19/><U58/><E58/><V75/><F75/><W37/><G61/><T57/><D103/><U60/><E60/><V133/><F133/><W93/><G93/><T68/><D72/><U6/><E6/><V5/><F5/><W28/><G28/><T134/><D111/><U114/><E114/><V0/><F0/><W9/><G17/><T64/><D36/><U4/><E4/><V90/><F12/><W88/><G37/><T97/><D68/><U92/><REACH who="1" step="1"/><E98/><REACH who="1" ten="210,180,215,385" step="2"/><V18/><F18/><W99/><G99/><T62/><D116/><U74/><E74/><V122/><F122/><W11/><N who="3" m="2048" /><DORA hai="79" /><W129/><G129/><T106/><D134/><U50/><E50/><AGARI ba="0,1" hai="16,21,24,27,30,34,50,52,56,83,86,90,105,107" machi="50" ten="30,11600,0" yaku="7,1,52,1,54,2" doraHai="33,79" who="2" fromWho="1" sc="210,0,180,-116,215,126,385,0" /><INIT seed="2,1,0,1,5,98" ten="210,64,341,385" oya="2" hai0="47,25,19,60,32,63,135,95,15,110,40,11,80" hai1="65,2,96,53,108,35,87,5,78,91,34,107,30" hai2="97,27,36,4,74,50,129,126,72,64,9,67,33" hai3="43,7,134,26,29,76,38,104,127,77,118,114,113"/><V75/><F36/><W44/><G118/><T13/><D110/><U20/><E108/><V24/><F129/><W28/><G127/><T79/><D135/><U99/><E78/><V109/><F126/><W12/><G104/><T45/><D45/><U49/><E65/><V124/><F124/><W120/><G120/><T103/><D32/><U14/><E2/><V132/><F132/><W131/><G131/><T37/><D25/><U82/><E99/><V10/><F109/><W123/><G123/><T81/><D81/><U41/><E41/><V101/><F50/><W128/><G128/><T42/><D42/><U68/><E68/><V121/><F121/><W46/><G46/><T89/><D103/><U55/><E55/><V125/><F125/><W116/><G116/><T57/><D57/><U22/><E5/><V102/><F97/><W62/><G62/><T92/><D15/><U17/><E22/><V52/><F74/><W93/><G134/><T16/><D19/><U58/><REACH who="1" step="1"/><E30/><REACH who="1" ten="210,54,341,385" step="2"/><V85/><F4/><W71/><G28/><T39/><D39/><U23/><E23/><V3/><F3/><W51/><G38/><T18/><D18/><U54/><E54/><V59/><F52/><W84/><G71/><T94/><REACH who="0" step="1"/><D89/><REACH who="0" ten="200,54,341,385" step="2"/><U112/><E112/><V122/><F122/><W115/><G115/><T31/><D31/><U133/><E133/><V70/><F70/><W8/><G113/><T66/><D66/><U1/><E1/><V21/><F67/><W73/><G114/><T117/><D117/><U69/><E69/><V48/><F64/><W105/><G29/><RYUUKYOKU ba="1,2" sc="200,15,54,15,341,-15,385,-15" hai0="11,13,16,37,40,47,60,63,79,80,92,94,95" hai1="14,17,20,34,35,49,53,58,82,87,91,96,107" /><INIT seed="3,2,2,3,5,121" ten="215,69,326,370" oya="3" hai0="94,120,22,70,111,20,30,112,2,90,106,12,32" hai1="65,109,50,48,66,83,55,85,116,61,6,105,99" hai2="1,71,124,78,45,33,79,98,16,115,74,97,63" hai3="18,11,102,25,60,100,69,75,101,77,26,126,117"/><W134/><G117/><T27/><D106/><U130/><E116/><V68/><F115/><W81/><G126/><T40/><D70/><U5/><E130/><V47/><F1/><W95/><G134/><T7/><D40/><U15/><E109/><V42/><F33/><W104/><G104/><T118/><D118/><U80/><E105/><V135/><F74/><W52/><G95/><T14/><D120/><U28/><E28/><V62/><F42/><W17/><G69/><T122/><D122/><U107/><E107/><V114/><F114/><W84/><G75/><T96/><D112/><U59/><E99/><V119/><F119/><W58/><G11/><T51/><D111/><U4/><E15/><V39/><F39/><W35/><G35/><T123/><D123/><U43/><E80/><V41/><F41/><W125/><G125/><T88/><D2/><U37/><E37/><V46/><F124/><W82/><G82/><T34/><D34/><U73/><E73/><V57/><F57/><W38/><G38/><T13/><D7/><U49/><REACH who="1" step="1"/><E43/><REACH who="1" ten="215,59,326,370" step="2"/><V44/><F135/><W87/><G87/><T127/><D127/><U8/><E8/><V21/><F98/><W67/><G26/><T24/><D32/><U29/><E29/><V131/><F97/><W56/><G25/><T76/><D27/><U89/><AGARI ba="2,3" hai="4,5,6,48,49,50,55,59,61,65,66,83,85,89" machi="89" ten="30,4000,0" yaku="1,1,0,1,8,1,53,0" doraHai="121" doraHaiUra="92" who="1" fromWho="1" sc="215,-12,59,76,326,-12,370,-22" /><INIT seed="4,0,0,0,0,84" ten="203,135,314,348" oya="0" hai0="74,89,134,38,40,0,12,59,10,133,71,124,49" hai1="93,37,56,107,78,15,55,128,14,126,79,120,43" hai2="19,67,51,24,9,98,96,102,70,110,45,85,101" hai3="109,63,105,46,103,115,21,18,68,80,27,11,99"/><T3/><D74/><U34/><E120/><V31/><F110/><W42/><G109/><T118/><D71/><U76/><E107/><V77/><F67/><W66/><G115/><T57/><D118/><U127/><E34/><V16/><F70/><W123/><G123/><T33/><D33/><U86/><E128/><V30/><F77/><W135/><G135/><N who="0" m="51723" /><D38/><U62/><E43/><N who="2" m="25023" /><F85/><W121/><G121/><T5/><D124/><N who="1" m="47659" /><E37/><V29/><F9/><W92/><G80/><T17/><D5/><U75/><E75/><V114/><F114/><W73/><G73/><T91/><D40/><U61/><E61/><V48/><F48/><W131/><G131/><T132/><D132/><U106/><E106/><V1/><F1/><N who="0" m="586" /><D49/><U36/><E36/><V83/><F83/><W13/><G42/><T2/><N who="0" m="594" /><T116/><DORA hai="32" /><D116/><U119/><E119/><V25/><F102/><W81/><G103/><T60/><D59/><U69/><E69/><V87/><F87/><W113/><G68/><T72/><D72/><U58/><E58/><V23/><F101/><W47/><G113/><T8/><D8/><U112/><E112/><V65/><F65/><AGARI ba="0,0" hai="10,12,17,57,60,65,89,91" m="594,51723" machi="65" ten="40,18000,2" yaku="20,1,52,6" doraHai="84,32" who="0" fromWho="2" sc="203,180,135,0,314,-180,348,0" /><INIT seed="4,1,0,3,5,43" ten="383,135,134,348" oya="0" hai0="6,103,118,24,55,85,76,68,20,11,132,86,27" hai1="52,12,49,35,130,92,46,124,53,100,26,34,121" hai2="19,25,122,99,128,51,69,125,59,111,79,29,133" hai3="90,93,38,58,82,47,126,28,33,44,10,57,135"/><T127/><D118/><U31/><E121/><V67/><F122/><W40/><G126/><T2/><D68/><U15/><E124/><V21/><F111/><W114/><G114/><T62/><D127/><U63/><E35/><V37/><F125/><W112/><G112/><T129/><D103/><U120/><E120/><V17/><F37/><W9/><G135/><T32/><D129/><U39/><E39/><V91/><F133/><W87/><G44/><T41/><D41/><U71/><E130/><V72/><F128/><W88/><G28/><T117/><D117/><U75/><E75/><V98/><F79/><W74/><G33/><T108/><D76/><U45/><E71/><V22/><F72/><W73/><G73/><T110/><D132/><U16/><E63/><N who="2" m="38399" /><F69/><W50/><G74/><T105/><D105/><U107/><E107/><V84/><F51/><W36/><G36/><T66/><D32/><U123/><E123/><V30/><F29/><W48/><G38/><T23/><D55/><U78/><E78/><V14/><F30/><W116/><G116/><T97/><D97/><N who="1" m="59431" /><E31/><V13/><F25/><N who="0" m="9802" /><D62/><U101/><E101/><V81/><AGARI ba="1,0" hai="13,14,17,19,21,22,81,84,91,98,99" m="38399" machi="81" ten="30,1100,0" yaku="8,1" doraHai="43" who="2" fromWho="2" sc="383,-6,135,-4,134,14,348,-4" /><INIT seed="5,0,0,4,0,110" ten="377,131,148,344" oya="1" hai0="27,126,71,104,77,9,2,29,11,76,118,86,44" hai1="134,105,74,90,99,46,73,100,45,93,26,18,65" hai2="12,0,57,117,39,96,106,67,58,3,102,41,123" hai3="131,38,17,111,79,53,95,135,24,94,62,87,82"/><U125/><E134/><V28/><F117/><W63/><G111/><T101/><D71/><U133/><E133/><V121/><F28/><W116/><G135/><T130/><D2/><U89/><E125/><V83/><F57/><W54/><G131/><T91/><D118/><U72/><E65/><V70/><F58/><W78/><G78/><T66/><D66/><U124/><E124/><V51/><F51/><W122/><G38/><T47/><D104/><U114/><E114/><V30/><F30/><W7/><G7/><T23/><D101/><U103/><E103/><V108/><F12/><W132/><G132/><T14/><D11/><U112/><E112/><V115/><F115/><W10/><G122/><N who="2" m="46601" /><F108/><W32/><G32/><T107/><D107/><U22/><REACH who="1" step="1"/><E89/><REACH who="1" ten="377,121,148,344" step="2"/><V52/><F67/><W42/><G116/><T64/><D64/><U19/><E19/><V60/><F70/><W40/><G17/><T88/><D126/><U119/><E119/><V127/><F127/><W75/><G79/><T113/><D113/><U35/><E35/><V49/><F60/><W120/><G63/><T16/><D91/><U20/><E20/><V55/><F0/><W15/><G62/><T69/><D69/><U68/><E68/><V128/><F3/><W6/><G120/><T50/><D130/><U1/><E1/><V13/><F128/><W37/><G6/><T43/><D44/><U129/><E129/><V4/><F102/><W80/><G10/><T36/><D36/><U8/><E8/><V61/><F61/><W84/><G37/><T85/><D88/><U56/><E56/><RYUUKYOKU ba="0,1" sc="377,15,121,15,148,-15,344,-15" hai0="9,14,16,23,27,29,43,47,50,76,77,85,86" hai1="18,22,26,45,46,72,73,74,90,93,99,100,105" /><INIT seed="5,1,1,4,1,53" ten="392,136,133,329" oya="1" hai0="91,44,126,100,0,111,37,24,98,125,27,49,94" hai1="106,135,36,51,17,77,105,7,112,11,3,15,52" hai2="89,55,65,38,117,96,72,121,129,31,78,60,93" hai3="30,54,22,23,88,47,5,128,6,29,87,101,39"/><U95/><E36/><V4/><F117/><W92/><G128/><T43/><D0/><U108/><E112/><V70/><F121/><W12/><G101/><T84/><D111/><U130/><E130/><V13/><F38/><W42/><G54/><T79/><D79/><U19/><E108/><V25/><F129/><W83/><G92/><T118/><D118/><U107/><E135/><V67/><F72/><W122/><G122/><T32/><D37/><U123/><E123/><V62/><F78/><W73/><G73/><T68/><D68/><U82/><E95/><V116/><F55/><W74/><G74/><T115/><D115/><U66/><E66/><V59/><F116/><W63/><G63/><T35/><D27/><U8/><E19/><V132/><F132/><W102/><G102/><T26/><D24/><U124/><E124/><N who="0" m="47721" /><D26/><U134/><E134/><V80/><F80/><AGARI ba="1,1" hai="32,35,43,44,49,80,84,91,94,98,100" m="47721" machi="80" ten="30,1000,0" yaku="18,1" doraHai="53" who="0" fromWho="2" sc="392,23,136,0,133,-13,329,0" /><INIT seed="6,0,0,3,0,127" ten="415,136,120,329" oya="2" hai0="74,96,32,33,123,116,119,39,5,50,52,21,94" hai1="110,67,73,40,57,58,45,60,31,49,124,53,95" hai2="86,79,133,41,12,51,65,113,2,28,83,81,43" hai3="63,27,107,61,17,8,101,131,29,37,9,19,4"/><V84/><F2/><W92/><G107/><T6/><D39/><U0/><E0/><V89/><F133/><W114/><G37/><T72/><D21/><U117/><E73/><N who="0" m="28265" /><D123/><U77/><E117/><N who="0" m="45129" /><D6/><U134/><E77/><V104/><F104/><W115/><G27/><T13/><D13/><U46/><E110/><V68/><F113/><W22/><G22/><T71/><D5/><U47/><E124/><V135/><F135/><W66/><G4/><T88/><D71/><N who="1" m="42471" /><E95/><V16/><F28/><W24/><G92/><T25/><D25/><U10/><E10/><V36/><F36/><W130/><G24/><T120/><D120/><U80/><E80/><V48/><F65/><W102/><G66/><T1/><D1/><U85/><E85/><V42/><F68/><W78/><G78/><T121/><D121/><U90/><E90/><V122/><F122/><W59/><G59/><AGARI ba="0,0" hai="32,33,50,52,59,88,94,96" m="45129,28265" machi="59" ten="30,3900,0" yaku="12,1,54,2" doraHai="127" who="0" fromWho="3" sc="415,39,136,0,120,0,329,-39" /><INIT seed="7,0,0,0,5,82" ten="454,136,120,290" oya="3" hai0="128,7,119,25,9,18,67,65,112,43,54,61,52" hai1="87,106,110,90,37,115,19,26,32,96,24,66,93" hai2="91,121,81,20,116,98,71,39,48,36,33,127,100" hai3="131,117,1,45,113,13,88,108,125,8,51,14,124"/><W4/><G117/><T42/><D119/><U73/><E110/><V21/><F116/><W23/><G113/><T41/><D128/><U38/><E73/><V84/><F71/><W15/><G131/><T132/><D132/><U30/><E115/><V118/><F118/><W111/><G23/><T92/><D7/><U123/><E123/><V44/><F33/><W12/><G1/><T58/><D112/><U70/><E19/><V72/><F72/><W31/><G31/><T133/><D133/><U17/><E17/><V2/><F2/><W49/><G49/><T120/><D92/><U28/><E66/><V64/><F64/><W135/><G135/><T60/><D120/><U129/><E70/><V56/><F127/><N who="3" m="48715" /><G88/><T35/><D35/><U55/><E129/><V53/><F121/><W6/><G6/><T34/><D34/><U57/><E26/><V59/><F39/><W86/><G86/><T105/><D105/><U74/><E30/><V126/><F126/><W134/><G134/><T78/><D78/><U102/><E74/><V62/><F36/><W40/><AGARI ba="0,0" hai="4,8,12,13,14,15,40,45,51,108,111" m="48715" machi="40" ten="40,2100,0" yaku="18,1" doraHai="82" who="3" fromWho="3" sc="454,-7,136,-7,120,-7,290,21" /><INIT seed="7,1,0,3,1,124" ten="447,129,113,311" oya="3" hai0="119,36,21,104,90,77,99,135,127,15,100,3,117" hai1="107,56,83,111,45,109,49,74,1,17,82,121,96" hai2="2,118,120,0,20,60,86,72,81,103,61,115,131" hai3="114,53,85,9,93,125,66,98,34,24,35,84,42"/><W39/><G125/><T63/><D36/><U48/><E121/><V73/><F118/><W133/><G66/><T11/><D3/><N who="2" m="1066" /><F20/><W108/><G108/><T87/><D127/><U13/><E1/><V112/><F103/><W134/><G114/><N who="2" m="43561" /><F131/><W89/><G9/><T132/><D63/><N who="2" m="24138" /><F120/><W28/><G35/><T19/><D77/><U94/><E107/><V51/><F51/><W69/><G69/><T59/><D59/><U30/><E30/><V10/><F10/><W26/><G26/><T88/><D21/><N who="1" m="11439" /><E74/><V129/><F129/><W58/><G42/><T22/><D90/><N who="1" m="55383" /><E111/><V78/><AGARI ba="1,0" hai="72,73,78,81,86" m="24138,43561,1066" machi="78" ten="40,1500,0" yaku="15,1" doraHai="124" who="2" fromWho="2" sc="447,-5,129,-5,113,18,311,-8" owari="442,55.0,124,-38.0,131,-27.0,303,10.0" /></mjloggm>