<mjloggm ver="2.3"><GO type="41" lobby="0"/><UN n0="%E3%83%89%E3%83%A9%E3%82%B4%E3%83%B3%E3%81%A4%E3%81%8B%E3%81%84" n1="%E5%B0%B1%E6%B4%BB%E7%94%9F%40%E5%B7%9D%E6%9D%91%E8%BB%8D%E5%9B%A3" n2="%31%39%31%34%79%61%73%75" n3="%67%6C%61%74%61%6E" dan="15,15,13,14" rate="2000.64,2009.79,1893.91,1920.49" sx="M,M,M,M"/><TAIKYOKU oya="0"/><INIT seed="0,0,0,3,3,121" ten="250,250,250,250" oya="0" hai0="68,23,112,6,79,10,99,13,50,5,94,49,88" hai1="31,127,125,76,123,60,97,0,62,89,2,84,29" hai2="109,24,46,132,14,34,128,59,39,82,113,105,27" hai3="57,119,101,9,25,93,133,103,102,75,126,100,1"/><T42/><D112/><U4/><E76/><V122/><F122/><W69/><G69/><T41/><D68/><U81/><E123/><V80/><F113/><W48/><G119/><T117/><D79/><U65/><E97/><V115/><F105/><W44/><G75/><T36/><D36/><U12/><E62/><V51/><F115/><W104/><G104/><T71/><D71/><U114/><E114/><V116/><F39/><W83/><G83/><T26/><D5/><U91/><E91/><V54/><F34/><W3/><G126/><N who="1" m="48138" /><E12/><V90/><F116/><W135/><G57/><T16/><REACH who="0" step="1"/><D117/><REACH who="0" ten="240,250,250,250" step="2"/><U8/><E2/><V11/><F132/><W47/><G135/><T73/><D73/><U43/><E43/><AGARI ba="0,1" hai="6,10,13,16,23,26,41,42,43,49,50,88,94,99" machi="43" ten="40,12000,1" yaku="1,1,8,1,54,2,53,0" doraHai="121" doraHaiUra="96" who="0" fromWho="1" sc="240,130,250,-120,250,0,250,0" /><INIT seed="0,1,0,1,5,112" ten="370,130,250,250" oya="0" hai0="109,45,33,81,22,131,30,123,67,105,106,14,57" hai1="2,127,86,66,77,63,53,49,116,13,113,82,7" hai2="76,87,16,89,62,133,48,25,75,101,18,23,5" hai3="61,8,37,102,46,6,114,124,79,132,51,31,64"/><T84/><D123/><U21/><E113/><V47/><F75/><W128/><G114/><T134/><D134/><U43/><E127/><V1/><F133/><W118/><G132/><T93/><D93/><U15/><E2/><V94/><F101/><W126/><G37/><T58/><D131/><U85/><E43/><V56/><F5/><W34/><G102/><T78/><D109/><U68/><E116/><V44/><F1/><W120/><G120/><T24/><D45/><U108/><E108/><V29/><F76/><W20/><G34/><T42/><D42/><U70/><E70/><V130/><F47/><W39/><G39/><T103/><D103/><U52/><E53/><N who="2" m="31783" /><F130/><W119/><G79/><T135/><D135/><U11/><E21/><V59/><F44/><W69/><G20/><T17/><REACH who="0" step="1"/><D67/><AGARI ba="1,0" hai="16,18,23,25,29,59,62,67,87,89,94" m="31783" machi="67" ten="30,2000,0" yaku="8,1,54,1" doraHai="112" who="2" fromWho="0" sc="370,-23,130,0,250,23,250,0" /><INIT seed="1,0,0,4,4,66" ten="347,130,273,250" oya="1" hai0="72,36,87,115,39,119,41,73,24,17,31,33,10" hai1="107,78,122,127,80,58,129,52,108,27,102,95,6" hai2="23,47,18,86,111,112,123,21,34,1,43,118,12" hai3="63,64,46,11,4,67,116,20,134,32,45,99,106"/><U105/><E122/><V93/><F1/><W81/><G134/><T130/><D119/><U19/><E6/><V65/><F123/><W117/><G20/><T97/><D115/><U9/><E127/><V83/><F118/><N who="3" m="45675" /><G81/><T74/><D130/><U125/><E129/><V77/><F34/><W76/><G76/><T121/><D97/><U50/><E125/><V79/><F112/><W61/><G32/><T90/><D41/><U57/><E108/><V84/><F111/><W22/><G22/><T91/><D91/><U94/><E58/><V131/><F131/><W113/><G113/><T128/><D128/><U15/><E27/><V68/><F93/><W92/><G106/><T2/><D121/><U28/><E28/><V60/><F47/><W103/><G67/><T26/><D26/><U0/><E0/><V40/><REACH who="2" step="1"/><F21/><REACH who="2" ten="347,130,263,250" step="2"/><W70/><G63/><T37/><D2/><AGARI ba="0,1" hai="2,4,11,45,46,61,64,70,92,99,103" m="45675" machi="2" ten="30,2000,0" yaku="12,1,52,1" doraHai="66" who="3" fromWho="0" sc="347,-20,130,0,263,0,250,30" /><INIT seed="2,0,0,5,1,11" ten="327,130,263,280" oya="2" hai0="41,50,26,107,23,71,81,40,1,8,122,76,31" hai1="129,98,68,37,101,12,91,57,69,96,27,14,56" hai2="72,119,17,53,6,15,115,28,58,103,66,21,25" hai3="126,93,117,111,90,54,125,94,4,70,43,116,30"/><V38/><F38/><W84/><G70/><T112/><D112/><U60/><E60/><V33/><F72/><W49/><G43/><T52/><D71/><N who="1" m="27211" /><E37/><V89/><F115/><W34/><G111/><T2/><D107/><U97/><E27/><V123/><F6/><W51/><G34/><T19/><D122/><U45/><E45/><V59/><F103/><W64/><G30/><T36/><D36/><U85/><E85/><V121/><F59/><N who="1" m="22601" /><E101/><V78/><F78/><W105/><G4/><T47/><D2/><U113/><E113/><V9/><F119/><W22/><G84/><N who="0" m="48167" /><D1/><U39/><E39/><V99/><F33/><W5/><G5/><T18/><D18/><U20/><E20/><V3/><F3/><W62/><G22/><T87/><D87/><U95/><E95/><V67/><F123/><W88/><G62/><T13/><AGARI ba="0,0" hai="8,13,19,23,26,31,40,41,47,50,52" m="48167" machi="13" ten="30,4000,0" yaku="8,1,52,1,54,1" doraHai="11" who="0" fromWho="0" sc="327,40,130,-10,263,-20,280,-10" /><INIT seed="3,0,0,1,0,41" ten="367,120,243,270" oya="3" hai0="119,128,86,103,95,53,75,102,28,15,66,0,60" hai1="12,108,6,74,82,111,115,19,91,78,62,27,56" hai2="106,121,31,65,58,34,120,107,43,135,45,100,84" hai3="77,116,72,35,69,50,49,20,17,26,40,122,85"/><W51/><G72/><T39/><D75/><U7/><E115/><V29/><F135/><W113/><G113/><T96/><D0/><U99/><E108/><V101/><F84/><W87/><G122/><N who="2" m="47209" /><F34/><W81/><G116/><T57/><D39/><U5/><E111/><V79/><F79/><W9/><G69/><T114/><D114/><U131/><E131/><V94/><F94/><W70/><G70/><T129/><D103/><N who="2" m="39498" /><F65/><W117/><G117/><T109/><D109/><U104/><E104/><N who="2" m="39979" /><F58/><W98/><G98/><T16/><D66/><U36/><E36/><AGARI ba="0,0" hai="29,31,36,43,45" m="39979,39498,47209" machi="36" ten="30,2000,0" yaku="13,1,52,1" doraHai="41" who="2" fromWho="1" sc="367,0,120,-20,243,20,270,0" /><INIT seed="4,0,0,4,0,16" ten="367,100,263,270" oya="0" hai0="4,21,1,99,110,134,82,117,107,61,53,7,11" hai1="41,60,17,15,101,76,111,119,71,85,20,77,132" hai2="116,50,133,87,94,90,98,10,108,68,73,38,75" hai3="86,0,69,19,23,80,63,24,128,32,57,35,113"/><T44/><D117/><U6/><E111/><V122/><F38/><W3/><G69/><T127/><D7/><U46/><E132/><V96/><F68/><W92/><G128/><T103/><D134/><U135/><E135/><V79/><F133/><W125/><G125/><T118/><D118/><U26/><E119/><V30/><F116/><W124/><G124/><T14/><D127/><U58/><E71/><V129/><F108/><W43/><G43/><T97/><D97/><U55/><E101/><V48/><F122/><W126/><G126/><T121/><D121/><U104/><E104/><V123/><F129/><W95/><G113/><T91/><D110/><U47/><E47/><V70/><F70/><W18/><G35/><T25/><D1/><U37/><E6/><V93/><F10/><W64/><G32/><T89/><D82/><U67/><E67/><V52/><F30/><W131/><G131/><T65/><D65/><U102/><E102/><V31/><F31/><W40/><G40/><T2/><D2/><U130/><E130/><V74/><F50/><W49/><G49/><T83/><D44/><U120/><E120/><V109/><F123/><W34/><G34/><T114/><D114/><U54/><E54/><V27/><F109/><W112/><G112/><T33/><D33/><U51/><E37/><V106/><F106/><W66/><G66/><T36/><D36/><U115/><E115/><V45/><F79/><N who="1" m="30281" /><E85/><V105/><F105/><W28/><G0/><T9/><D83/><U39/><E39/><V22/><F94/><N who="3" m="35883" /><G3/><T72/><D72/><U59/><E59/><RYUUKYOKU ba="0,0" sc="367,-30,100,10,263,10,270,10" hai1="15,17,20,26,41,46,51,55,58,60" hai2="22,27,45,48,52,73,74,75,87,90,93,96,98" hai3="18,19,23,24,28,57,63,64,80,86" /><INIT seed="5,1,0,4,0,9" ten="337,110,273,280" oya="1" hai0="118,113,34,8,101,130,41,125,93,123,36,28,90" hai1="32,72,73,81,122,12,42,65,64,95,47,100,78" hai2="20,13,92,49,132,71,31,66,131,16,18,21,89" hai3="38,48,129,80,104,3,30,115,70,121,98,52,111"/><U127/><E122/><V126/><F131/><W112/><G121/><T77/><D36/><U37/><E32/><V24/><F126/><W105/><G38/><T75/><D34/><U58/><E127/><V102/><F132/><W43/><G30/><T0/><D0/><U14/><E73/><V79/><F102/><W133/><G111/><T86/><D41/><U4/><E4/><V56/><F79/><W91/><G43/><T76/><D8/><U99/><REACH who="1" step="1"/><E64/><REACH who="1" ten="337,100,273,280" step="2"/><V40/><F66/><W87/><G133/><T94/><D75/><U109/><E109/><V5/><F71/><W11/><G70/><T74/><D125/><U134/><E134/><V117/><F5/><N who="3" m="1471" /><G129/><T33/><D74/><U15/><E15/><V62/><F117/><W119/><G119/><T45/><D33/><U69/><E69/><V19/><F49/><W57/><G98/><T7/><D7/><U88/><E88/><V84/><REACH who="2" step="1"/><F40/><REACH who="2" ten="337,100,263,280" step="2"/><W135/><G135/><T116/><D118/><U22/><E22/><V26/><F26/><W103/><G103/><T44/><D101/><U39/><E39/><V110/><F110/><W67/><G67/><T6/><D116/><U60/><AGARI ba="1,2" hai="12,14,37,42,47,58,60,65,72,78,81,95,99,100" machi="60" ten="30,18000,2" yaku="1,1,0,1,52,2,53,2" doraHai="9" doraHaiUra="10" who="1" fromWho="1" sc="337,-61,100,203,263,-61,280,-61" /><INIT seed="5,2,0,5,4,90" ten="276,303,202,219" oya="1" hai0="81,103,79,76,52,13,124,36,128,87,130,24,29" hai1="14,116,11,113,94,40,102,9,19,1,108,125,30" hai2="35,119,127,70,135,33,45,83,27,48,73,85,41" hai3="98,3,39,12,67,126,16,50,7,54,109,53,6"/><U129/><E116/><V58/><F119/><W5/><G3/><T77/><D36/><U10/><E108/><V97/><F73/><W46/><G109/><T22/><D103/><U75/><E75/><V115/><F70/><W110/><G110/><T2/><D2/><U51/><E125/><V101/><F127/><W63/><G126/><T61/><D124/><U88/><E102/><V106/><F58/><W93/><G39/><T55/><D13/><U92/><E129/><N who="0" m="49769" /><D61/><U95/><E113/><V133/><F115/><W4/><G67/><T104/><D104/><U31/><E88/><AGARI ba="2,0" hai="22,24,29,52,55,76,77,79,81,87,88" m="49769" machi="88" ten="30,3900,0" yaku="19,1,54,2" doraHai="90" who="0" fromWho="1" sc="276,45,303,-45,202,0,219,0" /><INIT seed="6,0,0,3,5,71" ten="321,258,202,219" oya="2" hai0="117,132,2,6,79,81,80,15,106,7,122,60,26" hai1="100,57,65,97,121,66,54,49,5,42,86,16,82" hai2="39,9,114,99,131,89,105,125,73,76,95,68,12" hai3="116,98,92,58,23,1,87,3,126,135,34,107,102"/><V13/><F68/><W0/><G34/><T46/><D80/><U101/><E121/><V115/><F125/><W30/><G116/><T85/><D15/><U90/><E5/><V64/><F64/><N who="1" m="24681" /><E42/><V129/><F9/><W70/><G70/><T45/><D85/><U74/><E74/><V32/><F32/><W19/><G126/><T33/><D81/><U63/><E97/><V28/><F28/><W38/><G30/><T112/><D46/><U29/><E29/><V55/><F39/><W72/><G72/><T41/><D45/><U59/><E16/><V104/><F55/><AGARI ba="0,0" hai="49,54,55,57,59,63,82,86,90,100,101" m="24681" machi="55" ten="30,1000,0" yaku="8,1" doraHai="71" who="1" fromWho="2" sc="321,0,258,10,202,-10,219,0" /><INIT seed="7,0,0,4,3,102" ten="321,268,192,219" oya="3" hai0="123,70,67,97,124,116,48,68,98,46,88,12,94" hai1="103,132,108,118,20,44,55,58,78,35,115,107,117" hai2="80,93,66,26,89,63,10,59,27,62,95,74,85" hai3="75,122,129,114,47,73,92,109,4,134,56,53,121"/><W104/><G47/><T69/><D123/><U14/><E35/><V8/><F74/><W17/><G4/><T130/><D116/><U71/><E71/><V7/><F7/><W72/><G109/><T83/><D67/><U19/><E108/><V49/><F49/><W1/><G1/><T41/><D130/><U29/><E115/><V2/><F2/><W36/><G36/><T87/><D124/><U64/><E132/><V76/><F63/><W125/><G114/><T33/><D33/><U5/><E5/><V96/><REACH who="2" step="1"/><F95/><REACH who="2" ten="321,268,182,219" step="2"/><W65/><G92/><T6/><D6/><U24/><E117/><V131/><F131/><W120/><G129/><T11/><D94/><U13/><E118/><V79/><F79/><W90/><G125/><T22/><D70/><U52/><E78/><V111/><F111/><W45/><G122/><T32/><D69/><U51/><E64/><V113/><F113/><W81/><G65/><T84/><D68/><U135/><E135/><V119/><F119/><W25/><G134/><T128/><D128/><U39/><E39/><V43/><F43/><W34/><G73/><T42/><D41/><U21/><E51/><V60/><F60/><W57/><G72/><T82/><D42/><U3/><E3/><V101/><F101/><W86/><G75/><T100/><D100/><U40/><E103/><V106/><F106/><W91/><G121/><T110/><D48/><U99/><E107/><V50/><F50/><W105/><G104/><T28/><D110/><U133/><E40/><V77/><F77/><W54/><G120/><T15/><D46/><RYUUKYOKU ba="0,1" sc="321,-10,268,-10,182,30,219,-10" hai2="8,10,26,27,59,62,66,76,80,85,89,93,96" owari="321,42.0,258,6.0,212,-19.0,209,-29.0" /></mjloggm>