<mjloggm ver="2.3"><GO type="41" lobby="0"/><UN n0="%6C%61%77%6C%69%67%68%74" n1="%E4%B8%B9%E7%BE%BD" n2="%E3%81%8A%E3%81%95%E3%81%A3%E3%81%A1%E3%82%87" n3="%E5%B0%B1%E6%B4%BB%E7%94%9F%40%E5%B7%9D%E6%9D%91%E8%BB%8D%E5%9B%A3" dan="14,13,14,15" rate="1957.67,1904.87,1978.02,2045.93" sx="M,M,M,M"/><TAIKYOKU oya="0"/><INIT seed="0,0,0,4,0,62" ten="250,250,250,250" oya="0" hai0="124,77,92,10,81,78,3,12,52,73,106,72,117" hai1="28,134,54,86,88,55,45,100,133,27,111,75,126" hai2="43,109,1,101,85,56,7,23,95,120,70,94,37" hai3="68,90,36,102,47,76,96,46,112,116,97,130,69"/><T74/><D106/><U44/><E75/><V17/><F120/><W103/><G116/><T87/><D117/><U63/><E100/><V66/><F109/><W125/><G112/><T0/><D124/><U50/><E111/><V39/><F43/><W16/><G125/><T20/><D20/><U19/><E126/><V83/><F70/><W123/><G123/><T41/><D41/><U33/><E19/><V13/><F1/><W114/><G76/><T80/><D92/><U59/><REACH who="1" step="1"/><E45/><REACH who="1" ten="250,240,250,250" step="2"/><V135/><F135/><W18/><G47/><T127/><D127/><U118/><E118/><V67/><F39/><W60/><G46/><T11/><D74/><U108/><E108/><V4/><F37/><W51/><G36/><T35/><D73/><U110/><E110/><V119/><F119/><W42/><G18/><T14/><D72/><U6/><E6/><N who="2" m="2091" /><F56/><W49/><G16/><T79/><D0/><U105/><E105/><V128/><F101/><W9/><G102/><T131/><D3/><U26/><E26/><V132/><F132/><W58/><G103/><T31/><D31/><U25/><E25/><V29/><F29/><W115/><G115/><T8/><D14/><U5/><E5/><V21/><F21/><W91/><G114/><T82/><D12/><U30/><E30/><V99/><F128/><W61/><G130/><T32/><D131/><U24/><E24/><V93/><F99/><W84/><G97/><T71/><D87/><U22/><E22/><V2/><F2/><W89/><G96/><T129/><D129/><U107/><E107/><V121/><F121/><RYUUKYOKU ba="0,1" sc="250,-15,240,15,250,15,250,-15" hai1="27,28,33,44,50,54,55,59,63,86,88,133,134" hai2="13,17,23,66,67,83,85,93,94,95" /><INIT seed="1,1,1,0,3,10" ten="235,255,265,235" oya="1" hai0="97,58,9,69,52,75,13,130,82,64,47,12,14" hai1="17,6,18,2,8,31,124,15,83,99,81,38,126" hai2="70,129,56,24,29,0,117,35,102,135,51,76,79" hai3="109,87,106,133,66,44,90,100,21,108,128,86,5"/><U125/><E38/><V94/><F70/><W68/><G128/><T114/><D114/><U85/><E31/><V121/><F117/><W59/><G68/><T54/><D69/><U28/><E28/><V65/><F121/><W7/><G133/><T80/><D75/><U36/><E36/><V127/><F0/><W72/><G72/><T30/><D30/><U4/><E99/><V16/><F135/><W123/><G87/><T77/><D130/><U39/><E39/><V118/><F118/><W78/><G78/><T122/><D122/><U23/><E6/><V96/><F127/><W120/><G44/><T111/><D111/><U42/><E42/><V91/><F129/><W63/><G100/><T50/><D64/><U61/><E61/><V53/><F65/><W92/><G106/><T115/><D115/><U131/><E131/><V26/><F102/><W41/><G41/><T119/><D119/><U25/><REACH who="1" step="1"/><E85/><REACH who="1" ten="235,245,265,235" step="2"/><V113/><F113/><W73/><G5/><T45/><D97/><U93/><E93/><V55/><F55/><W110/><G73/><T49/><D9/><AGARI ba="1,2" hai="2,4,8,9,15,17,18,23,25,81,83,124,125,126" machi="9" ten="40,7700,0" yaku="1,1,18,1,52,1,53,0" doraHai="10" doraHaiUra="107" who="1" fromWho="0" sc="235,-80,245,100,265,0,235,0" /><INIT seed="1,2,0,0,1,80" ten="155,345,265,235" oya="1" hai0="37,47,2,121,40,15,128,1,79,77,74,130,7" hai1="105,12,90,101,51,64,93,17,122,85,23,0,67" hai2="56,63,98,114,88,3,96,89,126,92,48,116,94" hai3="133,60,111,86,78,8,81,25,82,20,59,10,109"/><U135/><E122/><V69/><F3/><W132/><G25/><T31/><D121/><U11/><E135/><N who="3" m="51786" /><G20/><T120/><D120/><U13/><E0/><N who="0" m="105" /><D74/><U91/><E105/><V72/><F116/><W76/><G59/><T97/><D97/><U131/><E101/><V71/><F72/><N who="3" m="43143" /><G60/><T5/><D31/><U104/><E104/><V53/><F114/><W34/><G34/><T33/><D33/><U65/><E131/><N who="0" m="50217" /><D7/><N who="1" m="3199" /><E90/><V118/><F118/><W110/><AGARI ba="2,0" hai="8,10,78,82,86,109,110,111" m="43143,51786" machi="110" ten="40,5200,0" yaku="14,1,20,1,52,1" doraHai="80" who="3" fromWho="3" sc="155,-15,345,-28,265,-15,235,58" /><INIT seed="2,0,0,2,1,20" ten="140,317,250,293" oya="2" hai0="71,61,70,42,33,51,45,13,118,50,97,120,123" hai1="19,11,117,105,90,104,54,44,110,9,43,35,132" hai2="38,124,125,112,94,85,57,24,49,52,133,92,102" hai3="58,37,56,134,63,15,55,82,86,113,84,81,96"/><V22/><F38/><W27/><G37/><T89/><D118/><U12/><E117/><V126/><F112/><W74/><G74/><T135/><D135/><U59/><E110/><V68/><F68/><W130/><G134/><T28/><D13/><U98/><E35/><V31/><F133/><W122/><G130/><T30/><D89/><U88/><E11/><V78/><F102/><W46/><G96/><T16/><D16/><U39/><E132/><V48/><F48/><W131/><G131/><T67/><D71/><U65/><E65/><V73/><F73/><W91/><G122/><T76/><D76/><U29/><E29/><V72/><F72/><W23/><G15/><T41/><D97/><U32/><E32/><V99/><F99/><W129/><G129/><T93/><D93/><U60/><REACH who="1" step="1"/><E98/><REACH who="1" ten="140,307,250,293" step="2"/><V3/><F3/><W17/><G113/><T114/><D114/><U109/><E109/><V53/><F53/><W116/><G116/><T2/><D33/><U34/><E34/><V100/><F100/><W87/><G81/><AGARI ba="0,1" hai="22,24,31,49,52,57,78,81,85,92,94,124,125,126" machi="81" ten="40,7700,0" yaku="18,1,52,1,54,1" doraHai="20" who="2" fromWho="3" sc="140,0,307,0,250,87,293,-77" /><INIT seed="2,1,0,2,4,92" ten="140,307,337,216" oya="2" hai0="30,90,23,39,8,41,87,49,78,60,31,25,57" hai1="68,109,108,48,105,72,0,56,123,44,102,65,40" hai2="89,128,111,26,38,64,133,45,27,93,52,58,9" hai3="17,12,113,119,11,115,3,121,77,126,107,24,83"/><V79/><F128/><W104/><G119/><T118/><D118/><U53/><E0/><V75/><F133/><W101/><G121/><T34/><D39/><U134/><E72/><V103/><F103/><W76/><G126/><T95/><D78/><U36/><E105/><V122/><F122/><W124/><G124/><T74/><D74/><U120/><E102/><V55/><F111/><N who="1" m="42569" /><E134/><V19/><F79/><W129/><G77/><T2/><D2/><U5/><E5/><V96/><F75/><W61/><G3/><T43/><D8/><U66/><E66/><V42/><F64/><W28/><G61/><AGARI ba="1,0" hai="36,40,44,48,53,56,61,65,68,120,123" m="42569" machi="61" ten="30,7700,0" yaku="24,1,14,1,34,2" doraHai="92" who="1" fromWho="3" sc="140,0,307,80,337,0,216,-80" /><INIT seed="3,0,0,3,4,1" ten="140,387,337,136" oya="3" hai0="127,60,5,106,91,111,74,13,43,59,120,0,25" hai1="134,82,132,124,41,40,63,102,4,113,23,86,37" hai2="109,31,65,75,17,15,3,28,104,105,94,29,21" hai3="73,96,77,57,16,95,110,116,128,34,58,100,90"/><W18/><G116/><T44/><D120/><U46/><E113/><V126/><F75/><W8/><G34/><T131/><D0/><U7/><E124/><V45/><F3/><W123/><G123/><T54/><D74/><U83/><E83/><V69/><F109/><W76/><G128/><T88/><D111/><U119/><E119/><V71/><F126/><W52/><G110/><T84/><D127/><U61/><E102/><V85/><F45/><W36/><G36/><T80/><D131/><U112/><E112/><V118/><F118/><W81/><G76/><N who="0" m="46087" /><D25/><U24/><E41/><V121/><F121/><W70/><G70/><T103/><D103/><U93/><E93/><V64/><F94/><W87/><G8/><N who="0" m="4239" /><D106/><U19/><E63/><V42/><F42/><W108/><G108/><T78/><D78/><U32/><E61/><V97/><F85/><W11/><G11/><T107/><D107/><U72/><E72/><V27/><F105/><N who="3" m="63623" /><G58/><T135/><D135/><N who="1" m="51755" /><E32/><V2/><F2/><W101/><G101/><T47/><D47/><U39/><E39/><V133/><F133/><W125/><G125/><T89/><D89/><AGARI ba="0,0" hai="4,7,19,23,24,37,40,46,82,86,89" m="51755" machi="89" ten="30,3900,0" yaku="20,1,52,2" doraHai="1" who="1" fromWho="0" sc="140,-39,387,39,337,0,136,0" /><INIT seed="4,0,0,5,3,52" ten="101,426,337,136" oya="0" hai0="21,45,27,4,18,25,89,66,134,61,39,63,8" hai1="53,1,95,69,36,16,114,49,76,117,24,64,55" hai2="9,12,84,116,42,5,90,83,40,14,28,29,43" hai3="135,74,6,104,98,33,31,34,51,101,130,72,94"/><T22/><D134/><U133/><E36/><V3/><REACH who="2" step="1"/><F116/><REACH who="2" ten="101,426,327,136" step="2"/><W122/><G135/><T50/><D39/><U92/><E117/><V32/><F32/><W120/><G33/><T91/><D4/><U86/><E133/><V119/><F119/><W15/><G34/><T35/><D35/><U123/><E123/><V125/><F125/><W75/><G6/><T85/><D8/><U82/><E114/><V56/><F56/><W131/><G122/><T41/><D66/><U78/><E64/><V109/><F109/><W99/><G120/><T113/><D113/><U70/><E69/><V81/><F81/><W44/><G131/><T128/><D128/><U46/><E70/><V37/><F37/><W73/><G130/><T100/><D100/><U127/><E127/><V105/><F105/><W129/><G104/><T108/><D108/><U97/><E1/><V0/><F0/><W87/><G101/><T19/><REACH who="0" step="1"/><D91/><REACH who="0" ten="91,426,327,136" step="2"/><U102/><E78/><V93/><F93/><AGARI ba="0,2" hai="18,19,21,22,25,27,41,45,50,61,63,85,89,93" machi="93" ten="30,18000,2" yaku="1,1,2,1,7,1,9,1,8,1,53,2" doraHai="52" doraHaiUra="58" who="0" fromWho="2" sc="91,200,426,0,327,-180,136,0" /><INIT seed="4,1,0,3,5,34" ten="291,426,147,136" oya="0" hai0="6,54,27,57,5,52,129,46,56,2,58,11,97" hai1="117,39,98,99,19,60,94,35,48,45,79,9,81" hai2="1,66,82,106,111,135,25,63,69,8,76,36,133" hai3="13,103,55,87,29,130,64,14,134,92,132,114,124"/><T107/><D129/><U105/><E117/><V104/><F25/><W70/><G114/><T53/><D5/><U23/><E35/><V84/><F36/><W112/><G112/><T77/><D77/><U75/><E39/><V47/><F47/><W71/><G130/><T80/><D80/><U15/><E105/><V100/><F100/><W65/><G29/><T83/><D83/><U22/><E60/><V116/><F111/><W131/><G131/><T62/><D46/><U120/><E120/><V85/><F85/><W91/><G103/><T73/><D73/><U33/><E33/><V67/><F67/><N who="3" m="25675" /><G55/><T123/><D123/><U128/><E128/><V108/><F108/><W90/><G124/><T125/><D125/><U37/><E37/><V21/><F21/><W101/><G101/><T41/><D41/><U78/><E78/><V18/><F116/><W89/><G92/><T4/><D6/><U102/><E98/><V43/><F43/><AGARI ba="1,0" hai="9,15,19,22,23,43,45,48,75,79,81,94,99,102" machi="43" ten="30,1000,0" yaku="7,1" doraHai="34" who="1" fromWho="2" sc="291,0,426,13,147,-13,136,0" /><INIT seed="5,0,0,0,1,40" ten="291,439,134,136" oya="1" hai0="7,66,24,43,89,51,52,31,12,47,6,100,102" hai1="13,72,71,64,3,85,83,49,33,76,127,27,132" hai2="56,9,2,82,116,30,95,32,98,115,14,37,28" hai3="78,129,10,130,75,104,45,36,112,97,106,46,19"/><U73/><E3/><V107/><F116/><W135/><G36/><T126/><D126/><U35/><E71/><V4/><F107/><N who="3" m="41003" /><G112/><T79/><D79/><U114/><E64/><V11/><F37/><W80/><G135/><T69/><D69/><U34/><E127/><V125/><F125/><W15/><G97/><T42/><D66/><U26/><E114/><V134/><F134/><W8/><G8/><N who="0" m="4119" /><D7/><U54/><E132/><V121/><F115/><W118/><G118/><T124/><D124/><U108/><E108/><V103/><F121/><W119/><G119/><T90/><D24/><U68/><E68/><V111/><F111/><W91/><G91/><N who="0" m="34827" /><D31/><U50/><E13/><V22/><F82/><W123/><G123/><T61/><D61/><U81/><E85/><V20/><F32/><W87/><G75/><T29/><D29/><U133/><E133/><V53/><F30/><W99/><G99/><T93/><D93/><U88/><E88/><V23/><F28/><W74/><G74/><T110/><D110/><U101/><E101/><AGARI ba="0,0" hai="42,43,47,51,52,100,101,102" m="34827,4119" machi="101" ten="30,3900,0" yaku="8,1,52,1,54,1" doraHai="40" who="0" fromWho="1" sc="291,39,439,-39,134,0,136,0" /><INIT seed="6,0,0,2,5,15" ten="330,400,134,136" oya="2" hai0="7,133,57,53,56,76,93,17,94,48,115,116,78" hai1="96,89,92,123,42,34,24,97,120,83,32,11,0" hai2="125,66,127,113,26,62,121,75,36,39,109,87,110" hai3="1,79,106,31,50,18,90,28,130,25,81,12,37"/><V101/><F75/><W65/><G37/><N who="2" m="14409" /><F87/><W86/><G1/><T40/><D115/><U69/><E42/><V107/><F26/><W131/><G106/><T4/><D133/><U126/><E126/><N who="2" m="48139" /><F101/><W67/><G50/><T16/><D53/><U6/><E69/><N who="2" m="42199" /><F107/><W85/><G28/><T88/><D116/><U14/><E24/><V29/><F29/><W112/><G112/><T119/><D119/><U59/><E83/><V43/><F43/><W95/><G130/><T27/><D40/><U38/><E38/><V33/><F33/><W77/><G131/><T9/><D27/><U45/><E0/><V100/><F100/><W111/><G111/><N who="2" m="42505" /><F113/><W104/><G104/><T44/><D88/><U82/><E82/><V68/><F68/><W105/><G105/><T70/><D70/><U13/><E89/><V5/><F5/><W129/><G129/><T49/><D44/><U54/><E92/><V51/><F51/><W134/><G77/><T22/><D22/><U46/><E11/><AGARI ba="0,0" hai="4,7,9,11,16,17,48,49,56,57,76,78,93,94" machi="11" ten="25,12000,2" yaku="22,2,8,1,52,2,54,1" doraHai="15" who="0" fromWho="1" sc="330,120,400,-120,134,0,136,0" /><INIT seed="7,0,0,3,1,41" ten="450,280,134,136" oya="3" hai0="73,64,109,66,100,120,97,95,18,0,76,112,84" hai1="53,23,94,99,125,81,26,62,126,118,113,114,3" hai2="122,128,110,117,83,129,131,102,101,130,59,44,63" hai3="13,74,57,43,135,61,6,75,103,72,33,40,50"/><W34/><G135/><T27/><D109/><U35/><E35/><V80/><N who="2" m="32768" /><DORA hai="10" /><V87/><F110/><W89/><G103/><N who="2" m="39433" /><F117/><W28/><G89/><T14/><D0/><U96/><E3/><V36/><F122/><W104/><G104/><T46/><D120/><U11/><E118/><V24/><F24/><W67/><G43/><T7/><D73/><U98/><E81/><V1/><F1/><W17/><G6/><T77/><D7/><U30/><E94/><V51/><F36/><W15/><G28/><T91/><D112/><N who="1" m="43115" /><E11/><V69/><F69/><W93/><G93/><N who="0" m="58415" /><D46/><U121/><E121/><V9/><F9/><W58/><G15/><T133/><D27/><U32/><E32/><V79/><F87/><W86/><G86/><N who="0" m="52727" /><D133/><U123/><E123/><V29/><F29/><W116/><G116/><T127/><D127/><U31/><E31/><V47/><F51/><W68/><G34/><T124/><D124/><U45/><E62/><V88/><F88/><W132/><G33/><T71/><D71/><U25/><E25/><V54/><F79/><N who="0" m="30282" /><D84/><U48/><AGARI ba="0,0" hai="23,26,30,45,48,53,96,98,99,125,126" m="43115" machi="48" ten="40,2700,0" yaku="15,1,52,1" doraHai="41,10" who="1" fromWho="1" sc="450,-7,280,27,134,-7,136,-13" owari="443,54.0,307,11.0,127,-27.0,123,-38.0" /></mjloggm>