<mjloggm ver="2.3"><GO type="225" lobby="0"/><UN n0="%E3%83%88%E3%83%88%E3%83%AA%E5%85%88%E7%94%9F%31%39%E6%AD%B3" n1="%E3%82%8A%E3%81%9D%E3%81%86%E3%81%A2%E3%82%83%E3%82%93%E3%81%97%E2%99%AA" n2="%E3%83%9E%E3%83%AA%E7%9C%9F%E5%B8%8C%E6%B3%A2" n3="%E3%81%93%E3%81%86%E3%82%89%E3%82%93%E3%80%82" dan="18,16,16,16" rate="2276.74,2088.89,2092.95,2083.88" sx="F,M,F,M"/><TAIKYOKU oya="0"/><INIT seed="0,0,0,2,3,43" ten="250,250,250,250" oya="0" hai0="52,117,5,80,63,123,111,99,46,33,40,77,41" hai1="124,51,97,95,103,71,54,57,129,16,38,92,104" hai2="39,36,91,13,28,0,75,60,102,26,125,6,14" hai3="17,106,96,82,44,116,7,64,126,127,119,118,11"/><T35/><D117/><U93/><E129/><V112/><F112/><W94/><G64/><T10/><D123/><U76/><E71/><V29/><F125/><N who="3" m="47627" /><G82/><T2/><D111/><U131/><E131/><V62/><F75/><W90/><G17/><T78/><D41/><U85/><E38/><V105/><F0/><N who="3" m="487" /><G44/><T1/><D99/><U69/><E69/><V53/><F29/><W23/><G23/><T20/><D20/><U122/><E122/><V42/><F91/><W56/><G56/><N who="0" m="35207" /><D77/><U89/><E124/><V132/><F132/><W32/><G32/><T25/><D25/><U8/><REACH who="1" step="1"/><E76/><REACH who="1" ten="250,240,250,250" step="2"/><V9/><F39/><W59/><G118/><T72/><D1/><U98/><E98/><V30/><F36/><AGARI ba="0,1" hai="2,5,10,33,35,36,40,46,72,78,80" m="35207" machi="36" ten="30,5800,0" yaku="25,1,52,1,54,1" doraHai="43" who="0" fromWho="2" sc="250,68,240,0,250,-58,250,0" /><INIT seed="0,1,0,0,2,76" ten="318,240,192,250" oya="0" hai0="14,34,109,75,11,0,114,118,98,38,25,103,15" hai1="100,23,104,131,60,126,119,81,40,32,116,94,68" hai2="42,16,71,111,56,67,53,105,129,132,43,79,37" hai3="89,92,33,90,102,5,108,95,70,29,18,8,86"/><T93/><D114/><U69/><E32/><V113/><F105/><W46/><G70/><T47/><D118/><U91/><E131/><V7/><F129/><W21/><G108/><T36/><D75/><U22/><E126/><V65/><F7/><W72/><G72/><T134/><D109/><U2/><E2/><V121/><F79/><W62/><G102/><T54/><D0/><U133/><E133/><V64/><F16/><W13/><G62/><T88/><D134/><U84/><E40/><N who="2" m="15403" /><F132/><W85/><G46/><T107/><D47/><U3/><E3/><V1/><F1/><W9/><G5/><T41/><D54/><U58/><E116/><V78/><F78/><W83/><G83/><T59/><D59/><U51/><E51/><N who="2" m="30783" /><F37/><W50/><G50/><T61/><D15/><U28/><E119/><V12/><F12/><W55/><G55/><T48/><D36/><U130/><E130/><V110/><F121/><W112/><G112/><T35/><D25/><AGARI ba="1,0" hai="8,9,13,18,21,25,29,33,85,86,89,90,92,95" machi="25" ten="40,1300,0" yaku="9,1" doraHai="76" who="3" fromWho="0" sc="318,-16,240,0,192,0,250,16" /><INIT seed="1,0,0,1,3,54" ten="302,240,192,266" oya="1" hai0="86,106,82,99,127,87,97,119,91,10,126,39,104" hai1="12,24,77,69,21,65,46,115,33,71,60,28,64" hai2="50,57,17,90,32,75,22,16,27,80,88,36,133" hai3="117,102,105,56,34,132,120,70,29,15,92,7,31"/><U48/><E115/><V103/><F32/><W26/><G70/><T134/><D39/><U19/><E77/><V14/><F133/><W107/><G120/><T2/><D2/><U124/><E124/><N who="0" m="47657" /><D10/><U73/><E73/><V18/><F103/><W96/><G132/><T6/><D6/><U131/><E131/><V121/><F121/><W40/><G40/><T45/><D45/><U1/><E1/><V0/><F0/><W47/><G47/><T129/><D134/><U100/><E100/><V79/><F36/><W128/><G128/><T125/><D125/><U72/><E72/><V108/><F108/><W84/><G84/><T95/><D119/><U23/><E65/><V13/><F14/><W66/><G117/><T83/><D129/><U114/><E114/><V41/><F41/><W37/><G37/><T25/><D25/><U4/><E4/><V35/><F35/><W53/><G29/><T76/><D99/><U20/><REACH who="1" step="1"/><E71/><REACH who="1" ten="302,230,192,266" step="2"/><V52/><REACH who="2" step="1"/><F18/><REACH who="2" ten="302,230,182,266" step="2"/><W109/><G102/><AGARI ba="0,2" hai="76,82,83,86,87,91,95,97,102,104,106" m="47657" machi="102" ten="30,3900,0" yaku="18,1,34,2" doraHai="54" who="0" fromWho="3" sc="302,59,230,0,182,0,266,-39" /><INIT seed="2,0,0,0,0,2" ten="361,230,182,227" oya="2" hai0="23,39,135,80,122,117,12,41,84,42,81,0,24" hai1="104,40,10,27,47,107,90,30,44,60,11,85,101" hai2="34,4,26,86,113,103,33,89,14,130,51,21,53" hai3="32,73,96,77,50,91,68,79,83,125,95,100,7"/><V132/><F113/><W109/><G68/><T58/><D122/><U99/><E107/><V72/><F72/><W106/><G32/><T92/><D0/><U69/><E47/><V67/><F67/><W64/><G64/><T62/><D135/><U124/><E124/><V31/><F132/><W88/><G50/><T70/><D70/><U16/><E60/><V131/><F103/><W37/><G37/><T15/><D92/><U1/><E69/><V13/><F13/><N who="0" m="5194" /><D39/><U46/><E46/><V128/><F14/><W65/><G7/><T8/><D8/><U56/><E56/><N who="2" m="32831" /><F4/><W76/><G65/><N who="0" m="39127" /><D117/><U5/><E10/><V52/><F52/><W82/><G125/><T75/><D75/><U55/><E55/><V36/><F36/><W129/><G129/><N who="2" m="33025" /><V28/><DORA hai="38" /><F28/><W48/><G48/><T71/><D71/><U97/><E16/><V61/><F61/><W63/><G63/><T94/><D24/><U118/><E104/><V108/><F108/><W45/><G109/><T126/><D126/><U123/><E123/><V119/><F119/><W87/><G45/><T59/><D59/><U49/><E118/><V57/><F57/><W111/><G111/><T20/><D41/><U22/><E101/><V3/><F3/><W116/><G116/><T66/><D42/><U121/><E121/><V54/><F54/><W134/><G134/><T133/><D66/><U17/><E30/><V78/><F78/><W115/><G115/><T35/><D133/><U43/><E43/><V114/><F114/><W6/><G6/><T120/><D120/><U105/><E105/><RYUUKYOKU ba="0,0" sc="361,-30,230,10,182,10,227,10" hai1="1,5,11,17,22,27,40,44,49,85,90,97,99" hai2="21,26,31,33,34,86,89" hai3="73,76,77,79,82,83,87,88,91,95,96,100,106" /><INIT seed="2,1,0,5,0,22" ten="331,240,192,237" oya="2" hai0="16,128,19,57,32,90,125,102,118,43,80,49,105" hai1="14,5,89,41,39,40,82,45,4,124,50,61,99" hai2="9,55,106,134,108,58,103,73,112,91,15,77,120" hai3="33,36,74,37,122,66,42,46,65,92,25,107,59"/><V115/><F120/><W85/><G74/><T6/><D32/><U30/><E124/><V84/><F134/><W2/><G2/><T60/><D125/><U0/><E0/><V131/><F131/><W28/><G107/><T56/><D128/><U35/><E61/><V75/><F108/><W71/><G122/><T62/><D118/><U111/><E111/><V38/><F38/><W98/><G71/><T13/><D102/><U119/><E119/><V127/><F127/><W8/><G85/><N who="0" m="50471" /><D105/><U34/><E40/><V94/><F75/><W48/><G8/><N who="0" m="4247" /><D60/><U72/><E14/><V96/><F15/><W116/><G116/><T133/><D133/><U54/><E35/><V31/><F31/><W101/><G37/><T1/><D1/><U104/><E104/><V97/><F97/><W121/><G121/><T129/><D129/><U52/><E39/><V69/><F9/><W88/><G101/><T27/><D27/><U78/><E30/><V83/><F69/><W10/><G10/><T44/><D56/><U76/><E34/><V70/><F70/><W7/><G7/><N who="1" m="2634" /><E72/><V47/><REACH who="2" step="1"/><F47/><REACH who="2" ten="331,240,182,237" step="2"/><W24/><G25/><T21/><D21/><U93/><E82/><V132/><F132/><W100/><G100/><T68/><D68/><U113/><E113/><V117/><F117/><W110/><G110/><T123/><D123/><U79/><AGARI ba="1,1" hai="41,45,50,52,54,76,78,79,89,93,99" m="2634" machi="79" ten="30,2000,0" yaku="8,1,54,1" doraHai="22" who="1" fromWho="1" sc="331,-6,240,33,182,-11,237,-6" /><INIT seed="3,0,0,5,2,107" ten="325,273,171,231" oya="3" hai0="45,65,76,4,58,49,23,88,90,113,84,43,112" hai1="114,93,63,55,74,82,124,59,13,35,70,42,27" hai2="64,11,31,121,95,1,77,72,67,26,47,117,60" hai3="39,17,109,56,96,40,6,9,73,37,8,130,48"/><W129/><G109/><T98/><D4/><U86/><E124/><V127/><F117/><W38/><G96/><T34/><D34/><U54/><E114/><N who="0" m="44137" /><D98/><U131/><E131/><N who="3" m="50186" /><G17/><T118/><D118/><U2/><E2/><V132/><F127/><W126/><G126/><T116/><D116/><U51/><E42/><V21/><F121/><W80/><G8/><T25/><D76/><U79/><E13/><V134/><F1/><N who="3" m="207" /><G56/><T3/><D3/><U18/><E70/><V50/><F11/><W7/><G7/><T135/><D135/><U102/><E18/><V53/><F95/><W100/><G100/><T5/><D84/><U24/><E35/><V16/><F31/><W75/><G80/><T133/><D133/><U20/><E20/><V97/><F97/><W10/><G10/><T108/><D108/><U128/><E128/><V19/><F19/><W120/><G120/><T122/><D5/><U32/><E32/><V87/><F87/><W15/><G15/><T62/><D122/><U92/><E102/><V36/><F36/><W30/><G30/><AGARI ba="0,0" hai="23,25,30,43,45,49,58,62,65,88,90" m="44137" machi="30" ten="30,2000,0" yaku="11,1,54,1" doraHai="107" who="0" fromWho="3" sc="325,20,273,0,171,0,231,-20" owari="345,45.0,273,7.0,171,-33.0,211,-19.0" /></mjloggm>