<mjloggm ver="2.3"><GO type="41" lobby="0"/><UN n0="%E9%89%84%E6%95%99%E3%81%AE%E3%83%84%E3%83%81%E3%83%90" n1="%E8%A5%BF%E5%B8%AB" n2="%E5%B0%B1%E6%B4%BB%E7%94%9F%40%E5%B7%9D%E6%9D%91%E8%BB%8D%E5%9B%A3" n3="%E4%BC%BC%E9%9D%9E%E7%9B%8A%E7%94%B0%E3%81%82" dan="14,15,16,15" rate="1940.23,2050.85,2069.62,2012.72" sx="M,M,M,M"/><TAIKYOKU oya="0"/><INIT seed="0,0,0,4,4,80" ten="250,250,250,250" oya="0" hai0="119,60,11,85,101,76,4,134,26,3,0,37,77" hai1="66,1,105,49,15,50,65,84,121,131,55,109,103" hai2="6,113,115,68,57,22,16,18,19,28,12,78,116" hai3="52,35,51,133,72,112,128,88,17,93,63,13,83"/><T95/><D119/><U110/><E1/><V117/><F68/><W8/><G133/><T107/><D0/><U32/><E32/><V41/><F78/><W2/><G128/><T127/><D37/><U90/><E121/><V25/><F41/><W38/><G38/><T81/><D127/><U87/><E131/><V10/><REACH who="2" step="1"/><F57/><REACH who="2" ten="250,250,240,250" step="2"/><W125/><G125/><T73/><D134/><U106/><E103/><V97/><F97/><W53/><G112/><AGARI ba="0,1" hai="6,10,12,16,18,19,22,25,28,112,113,115,116,117" machi="112" ten="40,8000,1" yaku="1,1,34,3,54,1,53,0" doraHai="80" doraHaiUra="36" who="2" fromWho="3" sc="250,0,250,0,240,90,250,-80" /><INIT seed="1,0,0,0,4,46" ten="250,250,330,170" oya="1" hai0="24,31,107,52,98,99,129,66,65,43,60,97,73" hai1="135,124,7,0,86,123,64,1,87,40,110,72,104" hai2="57,130,80,84,81,94,35,125,12,56,55,5,33" hai3="67,131,4,113,53,61,89,103,3,105,21,44,100"/><U68/><E123/><V17/><F125/><W29/><G113/><T90/><D129/><U11/><E124/><V36/><F36/><W38/><G131/><T109/><D43/><U108/><E72/><V30/><F130/><W119/><G119/><T59/><D109/><N who="1" m="42091" /><E104/><V118/><F118/><W78/><G78/><T88/><D73/><U111/><N who="1" m="42099" /><U58/><DORA hai="133" /><E135/><V26/><F5/><W95/><G105/><T48/><D66/><U18/><E68/><V116/><F35/><W19/><G4/><T63/><D63/><N who="1" m="38007" /><E1/><V2/><F57/><W45/><G3/><T101/><D97/><U127/><E127/><V6/><F6/><W41/><G67/><T122/><D98/><U23/><E40/><V93/><F2/><W92/><G41/><T27/><D27/><AGARI ba="0,0" hai="0,7,11,18,23,27,86,87" m="38007,42099" machi="27" ten="40,3900,0" yaku="14,1,10,1" doraHai="46,133" who="1" fromWho="0" sc="250,-39,250,39,330,0,170,0" /><INIT seed="1,1,0,2,1,123" ten="211,289,330,170" oya="1" hai0="52,38,134,63,120,18,108,94,97,72,35,24,95" hai1="59,1,96,129,19,0,42,62,106,68,100,93,130" hai2="53,36,82,64,114,20,66,87,44,89,109,39,80" hai3="124,74,61,48,17,6,12,103,78,65,79,92,7"/><U40/><E68/><V49/><F114/><W5/><G74/><T118/><D120/><U126/><E126/><V86/><F109/><W121/><G121/><T26/><D118/><U117/><E117/><V107/><F107/><W83/><G124/><T81/><D38/><U33/><E33/><V43/><F20/><W115/><G115/><T30/><D134/><U110/><E19/><V16/><F16/><W47/><G83/><T88/><D108/><U105/><E110/><V116/><F116/><W128/><G128/><N who="1" m="49258" /><E0/><V71/><F71/><W13/><G13/><T22/><D95/><U3/><E3/><V69/><F69/><W60/><G92/><T135/><D135/><U55/><E1/><V113/><F113/><W31/><G103/><T67/><D67/><U119/><E119/><V131/><F131/><W91/><G65/><T98/><D98/><N who="1" m="61591" /><E106/><V112/><F112/><W9/><G31/><T11/><D11/><U73/><E73/><V2/><F2/><W4/><N who="3" m="1536" /><DORA hai="23" /><W133/><G133/><T77/><REACH who="0" step="1"/><D52/><REACH who="0" ten="201,289,330,170" step="2"/><U70/><E70/><V99/><F99/><W127/><G127/><T54/><D54/><U122/><E122/><V51/><F64/><W10/><G10/><T101/><D101/><AGARI ba="1,1" hai="40,42,55,59,62,93,96,101" m="61591,49258" machi="101" ten="30,1500,0" yaku="19,1" doraHai="123,23" who="1" fromWho="0" sc="201,-18,289,28,330,0,170,0" /><INIT seed="1,2,0,2,2,16" ten="183,317,330,170" oya="1" hai0="125,25,66,48,29,33,79,88,1,12,43,102,60" hai1="45,131,76,121,109,120,135,84,26,82,96,0,15" hai2="89,95,123,22,61,69,53,124,133,42,6,132,35" hai3="23,119,55,40,18,104,59,65,56,108,57,103,9"/><U117/><E117/><V64/><F35/><W77/><G77/><T110/><D1/><U105/><E0/><V134/><F123/><W44/><G104/><T86/><D79/><U50/><E135/><V47/><F124/><W31/><G103/><T98/><D125/><U126/><E126/><V75/><F75/><W101/><G101/><T21/><D110/><U34/><E131/><V24/><F6/><W94/><G94/><T73/><D73/><U107/><E109/><V62/><F53/><W39/><G108/><T36/><D36/><U28/><E15/><V111/><F111/><W10/><G119/><T19/><D48/><U81/><E105/><V85/><F64/><W11/><G31/><T93/><D43/><U74/><E96/><V14/><F14/><W78/><G65/><T37/><D37/><U80/><E107/><V5/><F5/><W17/><G78/><T20/><D102/><U106/><E106/><V41/><F69/><W87/><G87/><T114/><D114/><U32/><E32/><V7/><F7/><W99/><G99/><T90/><D90/><U67/><E67/><V113/><F113/><W27/><REACH who="3" step="1"/><G18/><REACH who="3" ten="183,317,330,160" step="2"/><T128/><D128/><U118/><E118/><V116/><F116/><W68/><G68/><T130/><D130/><U127/><E127/><V30/><F132/><W91/><G91/><T4/><D4/><U8/><E80/><V92/><F133/><W38/><G38/><T83/><D83/><U58/><E81/><V3/><F134/><W100/><G100/><T97/><D98/><U51/><E76/><V72/><F85/><RYUUKYOKU ba="2,1" sc="183,-10,317,-10,330,-10,160,30" hai3="9,10,11,17,23,27,39,40,44,55,56,57,59" /><INIT seed="2,3,1,4,0,78" ten="173,307,320,190" oya="2" hai0="81,13,51,47,101,62,113,22,55,21,99,69,119" hai1="65,32,37,44,76,19,15,67,132,2,83,60,27" hai2="7,42,5,82,68,74,24,50,70,90,85,34,134" hai3="9,1,14,114,77,130,91,121,6,3,79,8,92"/><V52/><F42/><W12/><G130/><T11/><D119/><U45/><E132/><V135/><F74/><W124/><G124/><T112/><D69/><U129/><E129/><V72/><F72/><W127/><G127/><T125/><D125/><U97/><E2/><V23/><F34/><W10/><G121/><T4/><D112/><U87/><E97/><V73/><F73/><W89/><G114/><T40/><D113/><U128/><E128/><V46/><F70/><W53/><G53/><T17/><D17/><U93/><E93/><V100/><F100/><W120/><G120/><T80/><D62/><U122/><E122/><V115/><F68/><W58/><G58/><T88/><D40/><U106/><E106/><V126/><F126/><W25/><G25/><T16/><D22/><N who="1" m="13791" /><E32/><V110/><F110/><W94/><REACH who="3" step="1"/><G9/><REACH who="3" ten="173,307,320,180" step="2"/><T105/><REACH who="0" step="1"/><D88/><REACH who="0" ten="163,307,320,180" step="2"/><U107/><E76/><V118/><F115/><W35/><G35/><T59/><D59/><U29/><E60/><V36/><F135/><W71/><G71/><T109/><D109/><U39/><E67/><V18/><F134/><W49/><G49/><T54/><D54/><U131/><E65/><V0/><F36/><W75/><G75/><T41/><D41/><U33/><E39/><V84/><F90/><W38/><G38/><T123/><D123/><U61/><E37/><V102/><F52/><W30/><G30/><T98/><D98/><U66/><E61/><V96/><F96/><W63/><G63/><T26/><AGARI ba="3,3" hai="4,11,13,16,21,26,47,51,55,80,81,99,101,105" machi="26" ten="20,12000,2" yaku="1,1,0,1,7,1,52,2,54,1,53,0" doraHai="78" doraHaiUra="104" who="0" fromWho="0" sc="163,159,307,-33,320,-63,180,-33" /><INIT seed="3,0,0,4,1,81" ten="322,274,257,147" oya="3" hai0="54,41,44,35,95,73,97,50,37,94,57,34,42" hai1="99,129,43,45,4,63,80,53,14,119,8,33,49" hai2="3,85,10,39,133,71,55,84,123,75,78,111,105" hai3="65,90,120,125,98,62,79,102,19,115,5,117,20"/><W17/><G115/><T40/><D73/><U68/><E119/><V38/><F105/><W56/><G120/><T1/><D1/><U60/><E33/><V22/><F71/><W30/><G117/><T6/><D6/><U112/><E112/><V67/><F67/><W31/><G5/><T64/><D34/><U59/><E129/><V58/><F123/><W113/><G113/><T12/><D35/><U25/><E25/><V47/><F111/><W72/><G125/><T24/><D24/><U11/><E68/><V16/><F133/><W118/><G118/><T69/><D12/><U91/><E8/><V127/><F127/><W70/><G90/><T77/><D77/><U66/><E66/><V128/><F128/><W130/><G130/><T74/><D74/><U36/><E36/><V107/><F107/><W13/><G19/><T32/><D32/><U100/><E91/><V134/><F134/><W46/><G46/><T86/><D95/><N who="1" m="58495" /><E80/><V106/><F106/><W135/><G135/><T61/><REACH who="0" step="1"/><D86/><REACH who="0" ten="312,274,257,147" step="2"/><U132/><E132/><V103/><F75/><W21/><G72/><T124/><D124/><U15/><E15/><V51/><F78/><W89/><G79/><T23/><D23/><U114/><E114/><V122/><F122/><W121/><G121/><T7/><D7/><U27/><E27/><V96/><F3/><W18/><G21/><T131/><D131/><U28/><E28/><V76/><F76/><W110/><G31/><T26/><D26/><U116/><E116/><V82/><F22/><W88/><G30/><T83/><D83/><U109/><E109/><RYUUKYOKU ba="0,1" sc="312,15,274,15,257,-15,147,-15" hai0="37,40,41,42,44,50,54,57,61,64,69,94,97" hai1="4,11,14,43,45,49,53,59,60,63" /><INIT seed="4,1,1,4,1,5" ten="327,289,242,132" oya="0" hai0="0,116,108,128,58,72,46,115,23,83,120,110,125" hai1="16,61,114,48,18,100,76,113,130,15,77,105,42" hai2="82,47,80,119,68,37,124,55,14,75,35,67,65" hai3="88,132,31,51,95,34,126,122,40,17,57,3,7"/><T129/><D0/><U86/><E130/><N who="0" m="50281" /><D116/><U4/><E61/><V8/><F35/><W56/><G132/><T90/><D120/><U84/><E105/><V103/><F119/><W1/><G126/><T123/><D123/><U101/><E4/><V19/><F124/><W29/><G122/><T106/><D125/><U63/><E63/><V10/><F68/><W25/><G31/><T59/><D106/><U45/><E84/><V33/><F33/><W43/><G17/><T6/><D115/><N who="1" m="44043" /><E18/><V73/><F103/><N who="1" m="39497" /><E86/><V39/><F19/><W41/><G51/><T50/><D6/><U13/><E13/><V102/><F102/><W99/><REACH who="3" step="1"/><G3/><REACH who="3" ten="327,289,242,122" step="2"/><T44/><D23/><AGARI ba="1,2" hai="15,16,23,42,45,48,76,77" m="39497,44043" machi="23" ten="30,3900,0" yaku="15,1,11,1,54,1" doraHai="5" who="1" fromWho="0" sc="327,-42,289,62,242,0,122,0" /><INIT seed="5,0,0,2,3,73" ten="285,351,242,122" oya="1" hai0="133,102,20,59,94,27,33,31,72,6,78,42,26" hai1="45,1,36,57,81,2,3,124,92,10,14,4,135" hai2="49,97,104,103,11,80,55,108,64,40,105,126,68" hai3="75,86,69,70,47,13,34,25,43,79,52,76,30"/><U113/><E113/><V0/><F108/><W99/><G75/><T28/><D133/><U22/><E135/><V32/><F126/><W90/><G99/><T21/><D33/><U18/><E81/><V8/><F105/><W58/><G70/><T23/><D6/><U131/><E57/><V109/><F109/><W95/><G69/><T123/><D123/><U116/><E92/><V51/><F32/><W122/><G122/><T9/><D9/><N who="1" m="4391" /><E45/><V77/><F0/><W62/><REACH who="3" step="1"/><G13/><REACH who="3" ten="285,351,242,112" step="2"/><T132/><D132/><U35/><E2/><V38/><F68/><W106/><G106/><T121/><D121/><U54/><E1/><V107/><F107/><W66/><G66/><T60/><D42/><U114/><E3/><V93/><F104/><W19/><G19/><T127/><D127/><U119/><E18/><V48/><F97/><W111/><G111/><T87/><D72/><U125/><E124/><V120/><F120/><W128/><G128/><T44/><D26/><U115/><E125/><V88/><F103/><W16/><G16/><T7/><D27/><U82/><E131/><V100/><F100/><W50/><AGARI ba="0,1" hai="25,30,34,43,47,50,52,58,62,76,79,86,90,95" machi="50" ten="20,12000,2" yaku="1,1,0,1,7,1,52,2,54,1,53,0" doraHai="73" doraHaiUra="63" who="3" fromWho="3" sc="285,-30,351,-60,242,-30,112,130" /><INIT seed="6,0,0,2,5,91" ten="255,291,212,242" oya="2" hai0="104,80,74,48,116,42,8,100,120,110,44,26,6" hai1="39,96,93,108,19,15,10,127,97,118,30,88,73" hai2="1,46,85,128,105,75,112,92,13,5,59,72,12" hai3="65,70,124,60,38,54,57,87,71,83,125,3,90"/><V7/><F105/><W33/><G3/><T23/><D110/><U40/><E108/><V53/><F112/><W9/><G33/><T25/><D120/><U24/><E118/><V20/><F128/><W111/><G111/><T130/><D130/><U32/><E73/><V55/><F1/><W2/><G38/><T0/><D116/><U56/><E127/><N who="3" m="48714" /><G65/><T79/><D23/><U41/><E39/><V31/><F46/><W64/><G64/><T17/><D17/><U94/><E56/><V133/><F133/><W37/><G37/><T50/><D50/><U134/><E134/><V61/><F72/><W16/><G2/><T29/><D29/><U14/><E14/><AGARI ba="0,0" hai="9,14,16,54,57,60,70,71,83,87,90" m="48714" machi="14" ten="30,2000,0" yaku="18,1,54,1" doraHai="91" who="3" fromWho="1" sc="255,0,291,-20,212,0,242,20" /><INIT seed="7,0,0,5,1,56" ten="255,271,212,262" oya="3" hai0="82,131,48,100,30,76,129,84,12,19,86,39,17" hai1="28,62,79,34,104,52,112,99,37,89,26,94,51" hai2="122,64,115,107,73,126,117,57,58,80,3,120,88" hai3="90,68,67,96,23,98,40,15,59,55,36,47,105"/><W127/><G127/><T46/><D39/><U132/><E132/><V50/><F3/><W110/><G105/><T38/><D38/><U128/><E112/><V60/><F107/><W134/><G134/><T72/><D100/><U87/><E128/><V31/><F117/><W61/><G110/><T133/><D133/><U5/><E37/><V97/><F126/><W102/><G102/><T35/><D17/><U24/><E5/><V49/><F115/><W8/><G23/><T106/><D106/><U91/><E79/><N who="2" m="44143" /><F31/><W2/><G90/><T66/><D66/><U119/><E119/><V95/><F58/><W103/><G103/><T21/><D30/><U69/><E24/><V114/><F114/><W27/><G27/><T109/><D35/><U42/><E42/><V123/><AGARI ba="0,0" hai="49,50,57,60,64,88,95,97,120,122,123" m="44143" machi="123" ten="30,4000,0" yaku="13,1,52,1,54,1" doraHai="56" who="2" fromWho="2" sc="255,-10,271,-10,212,40,262,-20" /><INIT seed="8,0,0,4,3,9" ten="245,261,252,242" oya="0" hai0="105,3,100,66,92,126,65,24,90,10,20,77,43" hai1="16,109,6,35,84,57,47,62,22,76,70,13,34" hai2="78,102,86,132,108,80,79,45,82,60,25,5,93" hai3="23,114,118,26,4,74,99,14,50,127,54,83,71"/><T130/><D126/><U56/><E109/><V52/><F108/><W112/><G71/><T110/><D130/><U122/><E122/><V39/><F132/><W95/><G127/><T11/><D110/><U96/><E70/><V123/><F123/><W42/><G42/><T46/><D77/><U58/><E62/><V21/><F5/><W69/><G69/><T32/><D32/><U94/><E47/><V107/><F107/><W18/><G118/><T75/><D75/><U64/><E64/><V0/><F0/><W87/><G74/><T55/><D55/><U53/><E6/><V51/><F39/><W119/><G119/><T59/><D3/><U106/><E106/><V103/><F60/><W124/><G124/><T68/><D68/><U38/><E38/><V111/><F93/><W125/><G125/><T15/><D59/><U121/><E121/><V27/><F27/><W135/><G135/><T81/><D81/><N who="1" m="47143" /><E34/><V128/><F128/><W129/><G129/><T131/><D131/><U8/><E35/><V88/><F111/><W101/><G4/><N who="0" m="3527" /><D11/><U72/><E72/><V41/><F41/><W1/><G1/><T2/><D2/><U31/><E31/><V12/><F12/><W120/><G120/><T116/><D116/><U85/><E85/><N who="2" m="50231" /><F79/><N who="3" m="46591" /><G112/><T73/><D73/><U40/><E40/><V37/><F37/><W33/><G114/><T48/><D100/><N who="1" m="60439" /><E53/><V133/><F133/><W134/><G134/><T98/><D105/><U29/><E29/><AGARI ba="0,0" hai="21,25,29,45,51,52,78,80,86,102,103" m="50231" machi="29" ten="30,3900,0" yaku="8,1,54,2" doraHai="9" who="2" fromWho="1" sc="245,0,261,-39,252,39,242,0" /><AGARI ba="0,0" hai="20,24,29,43,46,48,65,66,90,92,98" m="3527" machi="29" ten="30,2900,0" yaku="8,1,52,1" doraHai="9" who="0" fromWho="1" sc="245,29,222,-29,291,0,242,0" /><INIT seed="8,1,0,3,1,47" ten="274,193,291,242" oya="0" hai0="94,54,91,113,19,23,117,38,90,0,72,123,128" hai1="130,88,43,52,118,27,7,48,45,3,121,32,73" hai2="67,133,28,98,119,93,50,24,105,46,76,22,66" hai3="69,63,104,25,75,1,80,110,4,39,59,114,87"/><T64/><D117/><U103/><E121/><V12/><F105/><W14/><G114/><T97/><D123/><U68/><E130/><V11/><F119/><W99/><G1/><T108/><D72/><U125/><E118/><V42/><F76/><W30/><G75/><T33/><D33/><U78/><E125/><V29/><F29/><W131/><G39/><T31/><D0/><U86/><E103/><N who="2" m="60879" /><F133/><W111/><G131/><T8/><D38/><U53/><E68/><V120/><F120/><W57/><G69/><T74/><D74/><U89/><E73/><V112/><F112/><W129/><G129/><T70/><D128/><U17/><E3/><V37/><F37/><W26/><G59/><T44/><D113/><U60/><E7/><AGARI ba="1,0" hai="7,11,12,22,24,28,42,46,50,66,67" m="60879" machi="7" ten="30,2000,0" yaku="8,1,52,1" doraHai="47" who="2" fromWho="1" sc="274,0,193,-23,291,23,242,0" owari="274,7.0,170,-33.0,314,42.0,242,-16.0" /></mjloggm>