<mjloggm ver="2.3"><GO type="233" lobby="0"/><UN n0="%4D%6F%67%65%72%61" n1="%E2%98%86%E9%BB%84%E7%80%AC%E3%82%84%E3%82%88%E3%81%84%E2%98%86" n2="%E3%82%A6%E3%83%AB%E3%83%88%E3%83%A9%E7%AB%8B%E7%9B%B4" n3="%E5%A4%A7%E5%AE%AE%E5%BF%8D%76" dan="16,17,17,16" rate="2074.79,2151.76,2194.87,2151.29" sx="F,F,M,M"/><TAIKYOKU oya="0"/><INIT seed="0,0,0,4,1,123" ten="250,250,250,250" oya="0" hai0="84,93,48,100,2,77,132,61,49,57,50,10,73" hai1="22,6,72,109,121,90,129,29,89,14,59,128,112" hai2="114,127,34,58,11,86,81,91,88,76,43,104,26" hai3="23,74,75,107,80,42,103,95,4,54,101,87,27"/><T111/><D132/><U64/><E121/><V55/><F114/><W0/><G107/><T18/><D73/><U3/><E112/><V15/><F104/><W36/><G103/><T68/><D68/><U51/><E72/><V116/><F127/><W47/><G54/><T69/><D69/><U66/><E3/><V67/><F67/><N who="1" m="25641" /><E29/><V131/><F131/><N who="1" m="50249" /><E109/><V12/><F43/><W98/><G4/><T102/><D111/><U78/><E78/><V28/><F116/><W130/><G0/><T13/><D2/><U119/><E119/><V97/><F97/><W38/><G38/><T122/><D122/><U7/><E22/><V63/><REACH who="2" step="1"/><F15/><REACH who="2" ten="250,250,240,250" step="2"/><W83/><G130/><T35/><D13/><U105/><E14/><V94/><F94/><W113/><G113/><T19/><D93/><U135/><E105/><V56/><F56/><W40/><G40/><T41/><D57/><U53/><E135/><V85/><F85/><W52/><G83/><T124/><D84/><U21/><E59/><V71/><F71/><W8/><G80/><T120/><D41/><U60/><E53/><V24/><F24/><W115/><G115/><T45/><D120/><U25/><E25/><V133/><F133/><W117/><G52/><T106/><D106/><U126/><E126/><V31/><F31/><N who="3" m="17919" /><G87/><T79/><D124/><U82/><E82/><V9/><F9/><W33/><G117/><T118/><D10/><U110/><E110/><V125/><F125/><W44/><G8/><T37/><D118/><U17/><E7/><AGARI ba="0,1" hai="7,11,12,26,28,34,55,58,63,76,81,86,88,91" machi="7" ten="30,7700,0" yaku="1,1,7,1,54,1,53,1" doraHai="123" doraHaiUra="5" who="2" fromWho="1" sc="250,0,250,-77,240,87,250,0" /><INIT seed="1,0,0,2,0,25" ten="250,173,327,250" oya="1" hai0="90,92,47,19,116,104,86,41,99,117,85,59,54" hai1="133,87,53,128,64,77,58,72,62,1,46,30,38" hai2="132,50,127,26,79,15,17,56,89,52,65,121,124" hai3="35,115,23,69,34,48,135,40,73,88,39,7,66"/><U68/><E1/><V100/><F121/><W70/><G115/><T13/><D104/><U126/><E72/><V10/><F132/><W103/><G103/><T134/><D134/><U4/><E133/><V130/><F130/><W102/><G102/><T110/><D110/><U82/><E128/><V106/><F79/><W16/><G135/><T81/><D116/><U61/><E4/><V74/><F74/><W75/><G7/><T131/><D131/><U42/><REACH who="1" step="1"/><E126/><REACH who="1" ten="250,163,327,250" step="2"/><V112/><F127/><W11/><G75/><T71/><D117/><U76/><E76/><V95/><F124/><W51/><G73/><T114/><D114/><U37/><E37/><V36/><F36/><W9/><G39/><T22/><D71/><U14/><E14/><V125/><F15/><W44/><G69/><T8/><D13/><U3/><E3/><V98/><F125/><W123/><G70/><T91/><D8/><U20/><E20/><V31/><F10/><W24/><G9/><T105/><D22/><U120/><E120/><V118/><F112/><W49/><G123/><T108/><D108/><U21/><E21/><V12/><F12/><N who="3" m="7199" /><G34/><T63/><D105/><U6/><E6/><V2/><F2/><W32/><G35/><T129/><D129/><U5/><E5/><V84/><F118/><W43/><G32/><T83/><D19/><U18/><E18/><V113/><F17/><W0/><G0/><T28/><D28/><AGARI ba="0,1" hai="28,30,38,42,46,53,58,61,62,64,68,77,82,87" machi="28" ten="40,12000,1" yaku="1,1,52,2,53,2" doraHai="25" doraHaiUra="27" who="1" fromWho="0" sc="250,-120,163,130,327,0,250,0" /><INIT seed="1,1,0,1,3,66" ten="130,293,327,250" oya="1" hai0="51,74,8,42,60,130,53,72,78,122,48,96,75" hai1="100,91,90,102,84,67,106,30,63,13,23,44,129" hai2="6,97,117,94,49,39,87,34,99,62,115,33,71" hai3="3,25,24,5,69,47,18,93,22,4,119,77,41"/><U68/><E129/><V0/><F39/><W16/><G119/><T112/><D130/><U46/><E106/><V19/><F117/><W127/><G77/><T80/><D122/><U120/><E120/><V52/><F115/><W43/><G127/><T20/><D112/><U86/><E100/><V82/><F6/><W131/><G131/><T133/><D133/><U2/><E102/><V70/><F0/><W14/><G3/><T95/><D42/><U83/><E2/><V15/><F62/><W104/><G104/><T124/><D124/><U92/><REACH who="1" step="1"/><E13/><REACH who="1" ten="130,283,327,250" step="2"/><V125/><F125/><W135/><G14/><T76/><D75/><U1/><E1/><V65/><F15/><W55/><G135/><T109/><D74/><U7/><E7/><V61/><F34/><W38/><G4/><T40/><D72/><U116/><E116/><V103/><F33/><W123/><G5/><T101/><D101/><U121/><E121/><V21/><F103/><W50/><G123/><T58/><D109/><U105/><E105/><V132/><F132/><W113/><G113/><T88/><D8/><U11/><E11/><V110/><F110/><W126/><G126/><T79/><D40/><U54/><E54/><V36/><F52/><W114/><G55/><T111/><D111/><U9/><E9/><V31/><F21/><W57/><G22/><T107/><D107/><U64/><E64/><V98/><F65/><W29/><G114/><T45/><D20/><U59/><E59/><V35/><F35/><W26/><G57/><T81/><D45/><U12/><E12/><V73/><F73/><RYUUKYOKU ba="1,1" sc="130,15,283,15,327,-15,250,-15" hai0="48,51,53,58,60,76,78,79,80,81,88,95,96" hai1="23,30,44,46,63,67,68,83,84,86,90,91,92" /><INIT seed="1,2,1,4,3,114" ten="145,298,312,235" oya="1" hai0="65,44,56,93,67,52,94,1,118,119,35,109,92" hai1="106,81,64,129,48,15,45,38,112,62,12,42,131" hai2="40,50,21,72,10,116,8,37,54,133,46,57,90" hai3="89,47,23,100,74,108,19,33,63,91,27,78,115"/><U95/><E106/><V128/><F72/><W111/><G115/><T43/><D35/><U60/><E112/><V5/><F128/><N who="1" m="49225" /><E81/><V123/><F123/><W17/><G33/><T79/><D1/><U96/><E38/><V88/><F133/><W69/><G100/><T98/><D79/><U66/><E62/><V13/><F116/><W53/><G78/><T32/><D32/><U22/><E22/><V41/><F41/><W130/><G74/><T122/><D122/><U73/><E73/><V134/><F134/><W99/><G130/><T3/><D3/><U110/><E110/><N who="3" m="42026" /><G19/><T135/><D109/><U6/><E6/><V20/><F10/><W28/><G28/><T103/><D135/><U18/><E18/><V7/><F5/><W34/><G34/><T105/><D65/><N who="1" m="25195" /><E60/><V30/><F30/><W84/><G63/><T124/><D67/><U82/><E82/><V77/><F77/><W24/><G17/><T126/><D44/><U70/><E70/><V97/><F21/><W68/><G23/><T9/><D9/><U61/><E61/><V75/><F75/><W16/><G16/><T49/><D43/><U14/><E15/><V11/><F20/><W107/><G68/><T4/><REACH who="0" step="1"/><D4/><REACH who="0" ten="135,298,312,235" step="2"/><U120/><E120/><V58/><F11/><W59/><G69/><T29/><D29/><U83/><E42/><V113/><F113/><W36/><G47/><T25/><D25/><U39/><E45/><V85/><F40/><W31/><G24/><T26/><D26/><U127/><E39/><V104/><F37/><W87/><G36/><T101/><D101/><RYUUKYOKU ba="2,2" sc="135,30,298,-10,312,-10,235,-10" hai0="49,52,56,92,93,94,98,103,105,118,119,124,126" /><INIT seed="2,3,2,5,3,2" ten="165,288,302,225" oya="2" hai0="7,64,0,92,77,1,99,31,133,44,105,102,125" hai1="42,56,48,89,33,23,78,47,5,110,117,69,10" hai2="19,83,80,75,34,134,25,20,35,76,14,79,68" hai3="97,51,26,29,36,55,43,62,38,46,18,122,3"/><V81/><F134/><W93/><G122/><T13/><D133/><U98/><E69/><V82/><F68/><W4/><G18/><T88/><D64/><U94/><E117/><V107/><F79/><W85/><G85/><T28/><D125/><U71/><E71/><V84/><F107/><W58/><G3/><T27/><D77/><U54/><E33/><V100/><F100/><W119/><G119/><T40/><D28/><U59/><E110/><V124/><F124/><W112/><G112/><T103/><D1/><U129/><E129/><V135/><F135/><W73/><G73/><T91/><D0/><U52/><E78/><V86/><REACH who="2" step="1"/><F35/><REACH who="2" ten="165,288,292,225" step="2"/><W60/><G36/><T109/><D109/><U108/><E108/><V30/><AGARI ba="3,3" hai="14,19,20,25,30,34,75,76,80,81,82,83,84,86" machi="30" ten="30,6000,0" yaku="1,1,2,1,0,1,53,0" doraHai="2" doraHaiUra="111" who="2" fromWho="2" sc="165,-23,288,-23,292,99,225,-23" /><INIT seed="2,4,0,4,5,75" ten="142,265,391,202" oya="2" hai0="110,32,45,95,52,39,54,122,48,15,94,20,76" hai1="109,83,19,1,58,120,6,73,124,38,78,132,90" hai2="40,50,84,118,99,72,80,5,87,96,59,97,117" hai3="101,105,10,91,134,93,111,13,0,127,114,24,17"/><V98/><F5/><W21/><G111/><T82/><D110/><U70/><E109/><V51/><F40/><W9/><G101/><T30/><D39/><U107/><E120/><V37/><F37/><W67/><G105/><T125/><D122/><U74/><E132/><V35/><F35/><W23/><G67/><T123/><D123/><U27/><E70/><V108/><F59/><W116/><G116/><T64/><D64/><U129/><E107/><V44/><F44/><W56/><G56/><T22/><D32/><U60/><E38/><V112/><F108/><W29/><G134/><T102/><D125/><U86/><E129/><V62/><F62/><W18/><G91/><T41/><D22/><U2/><E124/><V12/><F112/><W130/><G93/><N who="0" m="35339" /><D102/><U77/><E2/><V46/><F46/><W16/><G127/><T92/><N who="0" m="35347" /><T33/><DORA hai="115" /><D33/><U63/><E1/><V104/><F104/><W119/><G130/><T61/><D61/><U14/><E63/><V4/><F72/><W43/><G43/><T131/><D131/><U26/><E74/><V66/><F66/><W69/><G69/><T81/><D81/><U89/><E73/><V7/><F98/><W36/><G36/><T88/><D88/><U65/><E90/><V85/><F80/><W106/><G106/><T68/><D68/><U133/><E133/><V34/><F34/><N who="3" m="20775" /><G114/><T3/><D3/><U31/><E89/><V55/><F99/><W47/><G0/><T128/><D128/><U135/><E135/><V49/><F97/><W42/><G23/><T11/><D20/><RYUUKYOKU ba="4,0" sc="142,0,265,0,391,0,202,0" /><INIT seed="3,5,0,2,2,13" ten="142,265,391,202" oya="3" hai0="84,125,103,115,100,114,117,119,77,102,16,105,96" hai1="72,91,6,63,0,66,131,31,37,11,54,20,69" hai2="45,89,121,56,127,88,104,8,35,46,83,60,51" hai3="80,52,113,10,111,55,26,19,75,74,132,79,53"/><W58/><G113/><N who="0" m="43019" /><D125/><U109/><E109/><V70/><F35/><W126/><G111/><T14/><D102/><U97/><E37/><V118/><F70/><W28/><G126/><T78/><D100/><U36/><E36/><V87/><F104/><W107/><G107/><T61/><D61/><U120/><E120/><V48/><F118/><N who="0" m="45066" /><D84/><U39/><E72/><V25/><F121/><W122/><G122/><T59/><D59/><U34/><E39/><V3/><F87/><W49/><G132/><T98/><D98/><U38/><E38/><V18/><F56/><W85/><G75/><T22/><AGARI ba="5,0" hai="14,16,22,77,78,96,103,105" m="45066,43019" machi="22" ten="30,4000,0" yaku="11,1,52,1,54,1" doraHai="13" who="0" fromWho="0" sc="142,55,265,-15,391,-15,202,-25" /><INIT seed="4,0,0,3,1,104" ten="197,250,376,177" oya="0" hai0="126,112,23,19,28,119,94,66,0,50,113,55,30" hai1="134,31,96,93,41,120,40,79,35,103,84,105,100" hai2="49,130,34,89,53,16,125,65,97,47,87,64,129" hai3="12,131,5,133,24,2,83,102,44,135,45,124,13"/><T48/><D119/><U127/><E120/><V85/><F34/><W9/><G102/><T76/><D0/><U14/><E134/><N who="3" m="51210" /><G45/><T91/><D66/><U82/><E127/><V63/><F125/><W77/><G124/><T115/><D126/><U118/><E118/><V106/><F16/><W51/><G24/><T114/><N who="0" m="28672" /><DORA hai="111" /><T57/><D76/><U70/><E14/><V6/><F6/><W17/><G131/><N who="2" m="50185" /><F89/><W62/><G62/><T42/><D42/><U90/><E70/><N who="2" m="42271" /><F65/><W54/><G17/><T59/><D59/><U108/><E103/><AGARI ba="0,0" hai="47,49,53,85,87,97,103,106" m="42271,50185" machi="103" ten="30,1000,0" yaku="19,1" doraHai="104,111" who="2" fromWho="1" sc="197,0,250,-10,376,10,177,0" /><INIT seed="5,0,0,4,4,99" ten="197,240,386,177" oya="1" hai0="109,19,45,107,101,71,76,132,106,113,66,48,119" hai1="16,65,98,133,28,57,38,125,61,47,26,120,82" hai2="62,94,105,134,104,67,123,97,27,69,127,64,93" hai3="49,103,51,72,23,108,95,121,89,46,22,80,63"/><U24/><E120/><V31/><F123/><W81/><G108/><T29/><D109/><U96/><E133/><V100/><F127/><W9/><G121/><T83/><D119/><U116/><E116/><V74/><F74/><W55/><G72/><T6/><D132/><U92/><E125/><V86/><F134/><W111/><G111/><T52/><D6/><U35/><E38/><V2/><F2/><W114/><G114/><T59/><D29/><U88/><E47/><V115/><F115/><W4/><G63/><N who="0" m="40415" /><D19/><U118/><E118/><V91/><F67/><W40/><G22/><AGARI ba="0,0" hai="22,27,31,62,64,69,86,91,93,94,97,100,104,105" machi="22" ten="30,2000,0" yaku="7,1,52,1" doraHai="99" who="2" fromWho="3" sc="197,0,240,0,386,20,177,-20" /><INIT seed="6,0,0,3,2,124" ten="197,240,406,157" oya="2" hai0="85,107,100,49,47,76,114,58,88,97,51,48,122" hai1="135,132,92,68,4,134,53,98,66,46,87,115,133" hai2="23,77,101,27,129,1,30,52,110,72,94,26,16" hai3="73,89,19,43,75,130,10,125,55,82,78,61,20"/><V2/><F72/><W6/><G125/><T74/><D122/><U54/><E135/><V32/><F77/><W39/><G75/><T81/><D114/><U59/><E4/><V118/><F118/><W17/><G89/><T41/><REACH who="0" step="1"/><D58/><REACH who="0" ten="187,240,406,157" step="2"/><U123/><E59/><V18/><F110/><W127/><G127/><T25/><D25/><U36/><E133/><V109/><F26/><W45/><G130/><T80/><AGARI ba="0,1" hai="41,47,48,49,51,74,76,80,81,85,88,97,100,107" machi="80" ten="20,8000,1" yaku="1,1,0,1,7,1,54,1,53,1" doraHai="124" doraHaiUra="86" who="0" fromWho="0" sc="187,90,240,-20,406,-40,157,-20" /><INIT seed="7,0,0,4,0,31" ten="277,220,366,137" oya="3" hai0="92,118,124,30,20,59,127,18,135,72,98,70,46" hai1="73,131,71,108,27,107,103,21,61,11,65,82,44" hai2="89,54,2,81,74,53,76,99,121,9,96,111,28" hai3="119,97,43,134,26,60,37,23,79,115,87,102,38"/><W120/><G119/><T51/><D70/><U62/><E108/><V86/><F111/><W0/><G120/><T45/><D118/><U22/><E131/><V90/><F28/><W33/><G0/><T122/><D30/><U126/><E126/><N who="0" m="48169" /><D135/><U49/><E62/><V93/><F121/><W85/><G134/><T32/><D32/><U4/><E27/><V6/><F99/><W58/><G33/><T123/><D72/><U105/><E73/><V36/><F36/><W10/><G115/><T84/><D84/><U129/><E82/><AGARI ba="0,0" hai="2,6,9,53,54,74,76,81,82,86,89,90,93,96" machi="82" ten="30,1000,0" yaku="7,1" doraHai="31" who="2" fromWho="1" sc="277,0,220,-10,366,10,137,0" owari="277,8.0,210,-19.0,376,47.0,137,-36.0" /></mjloggm>