<mjloggm ver="2.3"><GO type="169" lobby="0"/><UN n0="%79%6F%6A%6F" n1="%E3%82%A6%E3%83%AB%E3%83%88%E3%83%A9%E7%AB%8B%E7%9B%B4" n2="%53%69%6D%6F%6F%6E" n3="%E3%82%B7%E3%83%B3%E3%83%87%E3%83%AB%E3%83%A9" dan="16,18,17,17" rate="2151.98,2212.55,2199.55,2125.39" sx="F,M,M,M"/><TAIKYOKU oya="0"/><INIT seed="0,0,0,2,3,102" ten="250,250,250,250" oya="0" hai0="125,36,88,35,41,29,107,53,31,51,11,50,120" hai1="14,80,68,7,12,34,26,83,23,63,135,33,0" hai2="38,25,119,78,85,58,127,57,133,61,48,106,52" hai3="17,70,72,134,118,30,46,76,6,112,55,129,114"/><T3/><D120/><U89/><E83/><N who="2" m="47351" /><F38/><W65/><G118/><T92/><D36/><U87/><E135/><V99/><F106/><W74/><G134/><T37/><D37/><U108/><E108/><V66/><F133/><W45/><G129/><T91/><D107/><U9/><E68/><V39/><F39/><W130/><G130/><T116/><D116/><U82/><E63/><V96/><F127/><W111/><G111/><T113/><D113/><U94/><E94/><V73/><F73/><W128/><G128/><T15/><D3/><U32/><REACH who="1" step="1"/><E82/><REACH who="1" ten="250,240,250,250" step="2"/><V56/><F119/><W101/><G70/><T44/><D92/><U21/><E21/><V27/><F58/><W124/><G114/><T5/><D125/><U4/><E4/><V62/><F61/><W123/><G6/><T132/><D132/><U20/><E20/><V22/><F22/><W98/><G112/><T10/><D35/><U86/><E86/><V42/><F42/><W18/><G74/><T40/><D11/><U28/><AGARI ba="0,1" hai="0,7,9,12,14,23,26,28,32,33,34,80,87,89" machi="28" ten="30,2000,0" yaku="1,1,0,1,53,0" doraHai="102" doraHaiUra="64" who="1" fromWho="1" sc="250,-10,240,30,250,-5,250,-5" /><INIT seed="1,0,0,0,1,20" ten="240,270,245,245" oya="1" hai0="12,94,75,126,51,38,110,124,121,65,58,67,59" hai1="23,43,77,113,56,78,35,123,108,71,127,128,6" hai2="2,17,36,102,29,39,4,103,55,91,135,41,22" hai3="87,40,125,49,60,18,84,45,48,105,80,54,42"/><U57/><E35/><V82/><F135/><W37/><G105/><T46/><D75/><U28/><E123/><V7/><F29/><W112/><G112/><T118/><D94/><U104/><E113/><V47/><F39/><W13/><G125/><N who="0" m="48235" /><D12/><U90/><E127/><V0/><F55/><W74/><G74/><T53/><D118/><U106/><E71/><V21/><F21/><W92/><G37/><T68/><D68/><U26/><E128/><V117/><F117/><W83/><G60/><N who="0" m="38047" /><D121/><U81/><E108/><V11/><F7/><W24/><G92/><T9/><D9/><U14/><E43/><V66/><F66/><W1/><G1/><T30/><D30/><U62/><E104/><V61/><F2/><W32/><G32/><T99/><D99/><U96/><E106/><V88/><F61/><W85/><G42/><N who="0" m="22871" /><D67/><U115/><E115/><V132/><F132/><W70/><G70/><T107/><D107/><U97/><E96/><V116/><F116/><W73/><G73/><T120/><D120/><U72/><E72/><V50/><F36/><W131/><G131/><T8/><D8/><N who="1" m="4375" /><E97/><V89/><F82/><W100/><G100/><T10/><D10/><U64/><E57/><V3/><F3/><W31/><G80/><T133/><D133/><U129/><E129/><V111/><F111/><AGARI ba="0,0" hai="51,53,58,110,111" m="22871,38047,48235" machi="111" ten="30,3900,0" yaku="18,1,34,2" doraHai="20" who="0" fromWho="2" sc="240,39,270,0,245,-39,245,0" /><INIT seed="2,0,0,4,3,77" ten="279,270,206,245" oya="2" hai0="33,84,65,71,129,97,75,96,113,14,111,131,92" hai1="59,76,8,60,24,86,82,43,127,72,101,64,45" hai2="48,74,38,80,89,21,53,51,110,5,17,105,39" hai3="79,66,18,99,36,70,16,134,6,83,103,128,52"/><V40/><F110/><W106/><G134/><T135/><D75/><U0/><E127/><V61/><F105/><W87/><G128/><N who="0" m="49227" /><D113/><U2/><E101/><V109/><F109/><W57/><G36/><T69/><D33/><U130/><E130/><V32/><F32/><W62/><REACH who="3" step="1"/><G6/><REACH who="3" ten="279,270,206,235" step="2"/><T3/><D135/><U88/><E8/><V67/><F5/><W27/><G27/><T1/><D3/><U20/><E24/><V118/><F39/><W42/><G42/><T78/><D1/><U124/><E124/><V30/><F40/><W117/><G117/><T15/><D14/><U132/><E132/><V19/><F38/><W126/><G126/><T7/><D15/><U55/><E43/><V56/><F118/><W107/><G107/><T23/><D7/><U49/><E20/><V63/><F21/><W94/><G94/><AGARI ba="0,1" hai="0,2,45,49,55,59,60,64,72,76,82,86,88,94" machi="94" ten="30,3900,0" yaku="7,1,52,1,54,1" doraHai="77" who="1" fromWho="3" sc="279,0,270,49,206,0,235,-39" /><INIT seed="3,0,0,3,5,97" ten="279,319,206,196" oya="3" hai0="11,16,33,127,42,22,121,71,123,82,14,133,9" hai1="94,126,52,85,135,91,131,92,125,26,40,50,87" hai2="47,113,101,76,79,35,63,3,84,36,10,83,77" hai3="93,6,27,54,128,117,130,109,86,0,112,19,66"/><W62/><G112/><T38/><D71/><U69/><E69/><V99/><F113/><W56/><G117/><T95/><D33/><U65/><E65/><V89/><F35/><W13/><G109/><T12/><D38/><U98/><E131/><N who="3" m="50218" /><G27/><T107/><D107/><U17/><E40/><V49/><F36/><W61/><G6/><T103/><D42/><U8/><E135/><V120/><F63/><W74/><G74/><T30/><D133/><U60/><E60/><V108/><F108/><W114/><G114/><T105/><D105/><U129/><E129/><V72/><F120/><W4/><G4/><T90/><D30/><U111/><E111/><V106/><F10/><N who="3" m="6583" /><G0/><T124/><D82/><U110/><E110/><V102/><F3/><W68/><G93/><T53/><D53/><U20/><E8/><V28/><F28/><W58/><G86/><T57/><D11/><U48/><E87/><V7/><F7/><W37/><G37/><T39/><D39/><U34/><E34/><V15/><F15/><W25/><G25/><T75/><D14/><U23/><E23/><V88/><F101/><W96/><G96/><T134/><D9/><U1/><E1/><V32/><F32/><W43/><G43/><T119/><D12/><U55/><E92/><N who="2" m="54279" /><F89/><W51/><G62/><T81/><D90/><U115/><E115/><V2/><F2/><W59/><AGARI ba="0,0" hai="51,54,56,58,59,61,66,68" m="6583,50218" machi="59" ten="30,1500,0" yaku="19,1" doraHai="97" who="3" fromWho="3" sc="279,-5,319,-5,206,-5,196,15" /><INIT seed="3,1,0,2,1,126" ten="274,314,201,211" oya="3" hai0="16,121,92,22,11,130,58,97,62,123,33,24,127" hai1="94,82,7,45,78,91,47,1,53,42,46,115,88" hai2="103,102,56,76,31,14,79,117,118,51,61,60,109" hai3="122,86,108,30,125,116,4,93,81,13,26,107,71"/><W6/><G116/><T98/><D127/><U25/><E115/><V85/><F109/><W64/><G125/><T90/><D33/><U67/><E67/><V113/><F113/><W131/><G122/><T2/><D130/><U43/><E53/><V70/><F31/><W120/><G120/><T34/><D34/><U48/><E25/><V111/><F111/><W40/><G108/><T83/><D83/><U75/><E91/><V39/><F39/><W99/><G131/><T112/><D112/><U50/><E7/><V54/><F14/><W69/><G107/><T27/><D27/><U80/><E80/><V15/><F15/><W72/><G72/><T124/><D124/><U100/><E100/><V57/><F85/><W19/><G40/><T23/><D23/><U63/><E63/><V104/><F104/><W95/><G69/><T128/><D128/><U52/><E1/><V10/><F70/><W28/><G71/><T35/><D35/><U37/><REACH who="1" step="1"/><E88/><REACH who="1" ten="274,304,201,211" step="2"/><V129/><F129/><W135/><G64/><T119/><D119/><U96/><E96/><V0/><F54/><W114/><G114/><T77/><D98/><U8/><E8/><V59/><F10/><W68/><G99/><T29/><D2/><U132/><E132/><V134/><F134/><W12/><G135/><T133/><D133/><U9/><E9/><V41/><F0/><W32/><G26/><T105/><D123/><U20/><E20/><V106/><F118/><W73/><G32/><T44/><D121/><U3/><E3/><V66/><F117/><W36/><G81/><T89/><D24/><RYUUKYOKU ba="1,1" sc="274,-10,304,30,201,-10,211,-10" hai1="37,42,43,45,46,47,48,50,52,75,78,82,94" /><INIT seed="4,2,1,0,0,69" ten="264,334,191,201" oya="0" hai0="68,40,73,2,29,116,65,30,106,31,32,64,80" hai1="102,114,22,59,61,77,17,19,129,124,37,100,62" hai2="113,85,76,21,82,47,38,78,3,63,117,120,135" hai3="101,70,60,56,35,132,66,81,27,13,115,103,93"/><T12/><D2/><U25/><E37/><V131/><F120/><W99/><G115/><T108/><D106/><U4/><E114/><V112/><F131/><W41/><G132/><T7/><D116/><U36/><E36/><V48/><F135/><W86/><G41/><T125/><D40/><U91/><E124/><V1/><F117/><W89/><G13/><T67/><D125/><U134/><E134/><V16/><F38/><W105/><G103/><T104/><D104/><U90/><E4/><V118/><F118/><W20/><G35/><T45/><D45/><U71/><E77/><V109/><F109/><W84/><G70/><T92/><D108/><U50/><E71/><V28/><F28/><N who="3" m="17511" /><G105/><T49/><D49/><U57/><E50/><V87/><F63/><W53/><G86/><T39/><D39/><U43/><E43/><V133/><F133/><W122/><G122/><T14/><D68/><U121/><E121/><V44/><F48/><W123/><G123/><T55/><D55/><AGARI ba="2,1" hai="53,55,56,60,66,81,84,89,93,99,101" m="17511" machi="55" ten="30,2000,0" yaku="25,1,8,1" doraHai="69" who="3" fromWho="0" sc="264,-26,334,0,191,0,201,36" /><INIT seed="5,0,0,4,4,48" ten="238,334,191,237" oya="1" hai0="34,71,15,47,67,130,0,79,26,97,127,73,95" hai1="106,102,53,27,21,108,69,42,4,46,63,135,5" hai2="6,2,23,9,98,119,35,114,12,29,77,45,92" hai3="86,52,91,89,84,13,37,61,122,113,65,25,39"/><U124/><E124/><V115/><F119/><W16/><G122/><T3/><D127/><U78/><E135/><V134/><F134/><W72/><G113/><N who="2" m="43017" /><F77/><W87/><G72/><T14/><D79/><U107/><E78/><V30/><F45/><W80/><G39/><T64/><D73/><U111/><E69/><V17/><F35/><W121/><G37/><T51/><D130/><U59/><E102/><AGARI ba="0,0" hai="2,6,9,12,17,23,29,30,92,98,102" m="43017" machi="102" ten="30,2000,0" yaku="15,1,11,1" doraHai="48" who="2" fromWho="1" sc="238,0,334,-20,191,20,237,0" /><INIT seed="6,0,0,3,3,90" ten="238,314,211,237" oya="2" hai0="123,99,81,109,98,62,58,43,125,50,17,66,130" hai1="42,105,87,71,61,106,59,115,77,103,20,111,40" hai2="34,126,57,31,67,0,41,3,38,28,88,83,35" hai3="128,11,72,97,63,33,14,27,107,69,21,116,26"/><V132/><F132/><W82/><G116/><T55/><D123/><U5/><E71/><V100/><F100/><N who="3" m="62863" /><G128/><T122/><D109/><U8/><E115/><V25/><F126/><W91/><G27/><T84/><D122/><U53/><E105/><V22/><F41/><W18/><G21/><T70/><D125/><U39/><E39/><V36/><F22/><W80/><G91/><T30/><D130/><U76/><E77/><V78/><F78/><W7/><G7/><T96/><D30/><U46/><E46/><V93/><F83/><W134/><G72/><T32/><D32/><U79/><E79/><V127/><F127/><W89/><G89/><T119/><D119/><U101/><E20/><V16/><F16/><W29/><G134/><T95/><D17/><U117/><E117/><V114/><F114/><W37/><G37/><T54/><D54/><U104/><E111/><V112/><F112/><W51/><G51/><T15/><D15/><N who="1" m="5519" /><E106/><V56/><F88/><W85/><G85/><T92/><REACH who="0" step="1"/><D43/><REACH who="0" ten="228,314,211,237" step="2"/><U2/><E53/><V48/><F25/><W110/><G110/><T86/><D86/><U44/><E87/><V4/><F4/><W12/><G12/><T68/><D68/><U133/><E40/><V23/><F23/><W24/><G24/><T13/><D13/><U10/><E42/><V113/><F113/><W74/><G74/><T49/><D49/><U19/><E19/><V47/><F48/><W60/><G60/><T9/><D9/><U135/><E10/><V131/><F131/><W102/><G69/><T124/><D124/><U129/><E133/><RYUUKYOKU ba="0,1" sc="228,30,314,-10,211,-10,237,-10" hai0="50,55,58,62,66,70,81,84,92,95,96,98,99" /><INIT seed="7,1,1,1,4,117" ten="258,304,201,227" oya="3" hai0="134,12,14,33,51,76,67,66,129,5,30,21,8" hai1="72,89,25,11,84,116,82,6,121,52,69,81,20" hai2="15,58,28,108,37,104,85,2,98,83,103,43,41" hai3="10,99,23,26,86,48,57,7,79,96,27,93,125"/><W77/><G125/><T118/><D118/><U40/><E121/><V22/><F108/><W78/><G86/><T53/><D76/><U75/><E69/><V113/><F2/><W45/><G57/><T106/><D106/><U47/><E52/><V112/><F58/><W70/><G70/><T114/><D134/><U110/><E82/><V107/><F107/><W50/><G27/><N who="0" m="16751" /><D33/><U3/><E110/><V39/><F28/><W44/><G44/><N who="0" m="27879" /><D129/><U97/><E97/><V100/><F100/><W62/><G62/><T87/><D114/><N who="2" m="44138" /><F22/><W24/><G24/><T132/><D132/><U94/><E81/><V128/><F15/><N who="3" m="5599" /><G45/><T56/><D14/><U46/><E46/><V135/><F128/><W32/><G32/><T88/><D56/><U55/><E116/><V127/><F127/><W90/><G99/><T126/><D126/><U38/><E55/><V105/><F104/><W115/><G115/><T71/><D71/><U9/><E9/><V92/><F105/><W68/><G68/><T64/><D64/><U133/><E133/><V111/><F135/><W49/><G78/><T101/><D101/><U61/><E61/><V19/><F111/><W13/><G13/><T119/><D119/><U35/><E35/><V17/><F39/><W123/><G123/><T31/><D31/><AGARI ba="1,1" hai="3,6,11,20,25,31,38,40,47,72,75,84,89,94" machi="31" ten="30,1000,0" yaku="7,1" doraHai="117" who="1" fromWho="0" sc="258,-13,304,23,201,0,227,0" /><AGARI ba="1,0" hai="23,26,31,48,49,50,77,79,90,93,96" m="5599" machi="31" ten="30,1500,0" yaku="8,1" doraHai="117" who="3" fromWho="0" sc="245,-15,327,0,201,0,227,15" /><INIT seed="7,2,0,3,1,87" ten="230,327,201,242" oya="3" hai0="100,102,78,36,77,65,69,131,39,8,25,82,13" hai1="35,16,127,80,121,91,84,76,71,88,110,11,94" hai2="113,38,120,79,21,47,51,72,18,14,52,5,26" hai3="128,109,108,115,19,1,9,31,22,114,41,48,56"/><W24/><G128/><T98/><D131/><U10/><E71/><V12/><F113/><N who="3" m="43019" /><G41/><T40/><D25/><U3/><E35/><V123/><F38/><W73/><G73/><T43/><D69/><U105/><E105/><V90/><F79/><W135/><G135/><T45/><D65/><U118/><E3/><V81/><F72/><W7/><G48/><T58/><D58/><U93/><E127/><V17/><F5/><W85/><G85/><T57/><D57/><U103/><E103/><V104/><F104/><W50/><G50/><T33/><D33/><U95/><E110/><N who="3" m="42602" /><G56/><T97/><D13/><N who="1" m="7231" /><E121/><N who="2" m="46667" /><F18/><AGARI ba="2,0" hai="1,7,9,18,19,22,24,31" m="42602,43019" machi="18" ten="30,11600,0" yaku="15,1,10,1,34,2" doraHai="87" who="3" fromWho="2" sc="230,0,327,0,201,-122,242,122" owari="230,-17.0,327,13.0,79,-42.0,364,46.0" /></mjloggm>