<mjloggm ver="2.3"><GO type="169" lobby="0"/><UN n0="%E3%82%A6%E3%83%AB%E3%83%88%E3%83%A9%E7%AB%8B%E7%9B%B4" n1="%6E%61%63%6F%6D%61%69%69" n2="%72%63%70%62" n3="%E7%AB%8B%E8%8F%AF%E5%A5%8F" dan="17,16,16,17" rate="2181.19,2104.63,2091.49,2157.85" sx="M,F,M,F"/><TAIKYOKU oya="0"/><INIT seed="0,0,0,4,3,18" ten="250,250,250,250" oya="0" hai0="71,6,15,78,57,111,59,36,2,49,107,21,89" hai1="43,81,79,26,120,1,87,45,54,47,12,13,40" hai2="133,130,80,91,132,14,114,108,100,124,27,48,22" hai3="105,117,95,41,31,35,112,34,4,113,129,76,0"/><T52/><D71/><U46/><E1/><V63/><F114/><W68/><G129/><T104/><D36/><U56/><E120/><V9/><F108/><W134/><G134/><N who="2" m="51817" /><F100/><W72/><G117/><T39/><D39/><U70/><E70/><V123/><F123/><W88/><G105/><T69/><D69/><U135/><E135/><V125/><F63/><W60/><G41/><T115/><D115/><U10/><E26/><V90/><F48/><W62/><G72/><T131/><D131/><U86/><E87/><N who="2" m="50535" /><F91/><W37/><G76/><T103/><D107/><U33/><E33/><V83/><F83/><W85/><G37/><T121/><D104/><U94/><E94/><V11/><F130/><W127/><G127/><N who="2" m="48713" /><F14/><W5/><G0/><T97/><D111/><U58/><E13/><V106/><F106/><W3/><G3/><T16/><D121/><U53/><E43/><V24/><F24/><W73/><G73/><T38/><D38/><U119/><E40/><V75/><F75/><W65/><G112/><T122/><D122/><U66/><E86/><V110/><F110/><W64/><G113/><T51/><D89/><U93/><E81/><V92/><F92/><W32/><G31/><AGARI ba="0,0" hai="9,11,22,27,31" m="48713,50535,51817" machi="31" ten="30,3900,0" yaku="20,1,18,1,52,1" doraHai="18" who="2" fromWho="3" sc="250,0,250,0,250,39,250,-39" /><INIT seed="1,0,0,3,0,1" ten="250,250,289,211" oya="1" hai0="64,98,130,85,67,123,25,43,57,5,27,28,9" hai1="134,77,100,22,21,94,4,33,112,133,45,75,15" hai2="7,72,18,17,115,84,110,19,73,3,12,116,103" hai3="68,65,82,30,40,102,24,131,48,49,60,6,47"/><U20/><E33/><V31/><F116/><W99/><G131/><T56/><D130/><U83/><E112/><V126/><F110/><W80/><G48/><T51/><D123/><U132/><E45/><V92/><F3/><W91/><G91/><T46/><D98/><U124/><E124/><V95/><F126/><W90/><G90/><T13/><D85/><U34/><E34/><V129/><F115/><W135/><G135/><T104/><D104/><U29/><E29/><V41/><F31/><W44/><G44/><T74/><D74/><U71/><E71/><V2/><F2/><W37/><G37/><T63/><D28/><U70/><E70/><V113/><F113/><W88/><G88/><T121/><D121/><U118/><E118/><V128/><F41/><W62/><G62/><AGARI ba="0,0" hai="5,9,13,25,27,43,46,51,56,57,62,63,64,67" machi="62" ten="40,5200,0" yaku="9,1,8,1,52,1" doraHai="1" who="0" fromWho="3" sc="250,52,250,0,289,0,211,-52" /><INIT seed="2,0,0,4,4,63" ten="302,250,289,159" oya="2" hai0="73,12,87,60,20,124,27,32,33,93,43,95,38" hai1="1,16,2,102,13,67,130,78,79,112,41,133,120" hai2="83,106,92,97,122,0,129,121,72,26,24,90,23" hai3="70,123,99,74,110,14,98,8,75,131,126,35,86"/><V84/><F0/><W116/><G70/><T9/><D73/><U111/><E112/><V85/><F129/><W82/><G35/><T37/><D124/><U89/><E133/><V114/><F114/><W22/><G126/><T34/><D43/><U119/><E41/><V76/><F26/><W125/><G125/><T4/><D60/><U53/><E53/><V47/><F47/><W68/><G68/><T51/><D51/><U49/><E49/><V52/><F52/><W64/><G131/><T36/><REACH who="0" step="1"/><D87/><REACH who="0" ten="292,250,289,159" step="2"/><U105/><E130/><V48/><F48/><W100/><G74/><T57/><D57/><U54/><E54/><V46/><F85/><W6/><G75/><T107/><D107/><U50/><E50/><V5/><F46/><W77/><G86/><T103/><D103/><U80/><E102/><V115/><F115/><W127/><G100/><T28/><AGARI ba="0,1" hai="4,9,12,20,27,28,32,33,34,36,37,38,93,95" machi="28" ten="40,2700,0" yaku="1,1,0,1,53,0" doraHai="63" doraHaiUra="58" who="0" fromWho="0" sc="292,37,250,-7,289,-13,159,-7" /><INIT seed="3,0,0,3,4,10" ten="329,243,276,152" oya="3" hai0="20,6,93,131,63,68,44,96,67,114,52,70,37" hai1="92,12,8,36,39,126,19,110,91,88,35,15,125" hai2="31,103,48,49,57,112,60,100,71,28,108,29,115" hai3="27,7,80,97,95,134,118,119,77,94,0,9,117"/><W23/><G134/><T33/><D33/><U65/><E35/><V120/><F108/><W62/><G62/><T127/><D127/><N who="1" m="48651" /><E110/><V24/><F71/><W99/><G99/><T59/><D131/><U25/><E25/><V34/><F120/><W109/><G109/><T76/><D114/><U85/><E65/><V86/><F24/><W2/><G2/><T89/><D76/><U41/><E41/><V54/><F34/><W4/><G4/><T17/><D6/><N who="1" m="3095" /><E91/><V135/><F135/><W90/><G94/><T69/><D37/><U113/><E113/><V129/><F129/><W75/><REACH who="3" step="1"/><G118/><REACH who="3" ten="329,243,276,142" step="2"/><T73/><D96/><U122/><E122/><V123/><F123/><W42/><G42/><T74/><D93/><U51/><E51/><N who="2" m="19531" /><F115/><W83/><G83/><T43/><D43/><U105/><E105/><V87/><F112/><W72/><G72/><T22/><D74/><U11/><AGARI ba="0,1" hai="11,15,19,36,39,85,88,92" m="3095,48651" machi="11" ten="30,7900,0" yaku="18,1,52,2,54,1" doraHai="10" who="1" fromWho="1" sc="329,-20,243,89,276,-20,142,-39" /><INIT seed="4,0,0,0,2,134" ten="309,332,256,103" oya="0" hai0="69,93,88,53,60,80,39,45,40,32,112,46,0" hai1="122,67,38,133,55,99,125,22,64,126,12,95,92" hai2="51,84,94,73,49,105,104,16,44,131,86,107,135" hai3="48,110,115,119,18,102,14,11,35,103,4,47,89"/><T56/><D112/><U77/><E122/><V132/><F73/><W33/><G115/><T21/><D32/><U76/><E38/><V90/><F131/><W108/><G119/><T98/><D0/><U27/><E12/><V37/><F86/><W118/><G118/><T101/><D69/><U8/><E8/><V87/><F87/><W58/><G58/><T72/><D46/><U116/><E55/><V78/><F78/><N who="1" m="30313" /><E116/><V66/><F66/><N who="1" m="25129" /><E99/><V113/><F113/><W43/><G33/><T26/><D80/><U23/><E133/><N who="2" m="51275" /><F16/><W13/><G35/><T34/><D34/><U109/><E109/><V25/><F25/><W85/><G110/><T71/><D71/><U65/><E65/><V1/><F1/><W130/><G130/><T3/><D3/><U42/><E42/><AGARI ba="0,0" hai="37,42,44,49,51,84,90,94,104,105,107" m="51275" machi="42" ten="40,1300,0" yaku="20,1" doraHai="134" who="2" fromWho="1" sc="309,0,332,-13,256,13,103,0" /><INIT seed="5,0,0,5,1,118" ten="309,319,269,103" oya="1" hai0="32,104,28,5,18,42,87,84,12,125,10,80,116" hai1="130,99,110,88,20,47,92,34,27,121,91,2,0" hai2="103,107,60,113,123,43,53,55,11,94,86,98,21" hai3="69,79,65,120,76,62,64,78,63,112,25,30,35"/><U46/><E121/><V77/><F43/><W111/><G112/><T106/><D116/><U132/><E34/><V61/><F123/><W114/><G114/><T44/><D125/><U16/><E132/><V57/><F113/><W7/><G120/><T49/><D84/><U37/><E130/><V14/><F21/><W8/><G111/><T58/><D18/><U122/><E122/><V51/><F55/><W81/><G81/><T135/><D135/><U48/><E110/><V102/><F102/><W13/><REACH who="3" step="1"/><G78/><REACH who="3" ten="309,319,269,93" step="2"/><T6/><D80/><U54/><REACH who="1" step="1"/><E91/><REACH who="1" ten="309,309,269,93" step="2"/><V95/><F77/><W66/><G66/><T67/><D67/><U38/><E38/><V26/><F103/><W39/><G39/><T9/><D32/><U129/><E129/><V85/><F107/><W105/><G105/><T3/><D106/><U70/><E70/><AGARI ba="0,2" hai="7,8,13,25,30,35,62,63,64,65,69,70,76,79" machi="70" ten="30,3900,0" yaku="1,1,7,1,9,1,53,0" doraHai="118" doraHaiUra="52" who="3" fromWho="1" sc="309,0,309,-39,269,0,93,59" /><INIT seed="6,0,0,5,1,48" ten="309,270,269,152" oya="2" hai0="89,103,41,24,99,18,129,119,14,42,12,73,120" hai1="110,123,83,85,127,66,126,33,102,88,59,38,130" hai2="72,132,61,95,39,31,45,35,50,57,135,20,1" hai3="86,29,52,91,26,36,125,87,105,2,109,27,58"/><V100/><F39/><W11/><G109/><T55/><D73/><U28/><E110/><V77/><F1/><W43/><G105/><T81/><D120/><U62/><E38/><V114/><F35/><W134/><G134/><N who="2" m="51241" /><F114/><W90/><G125/><N who="1" m="47626" /><E130/><V56/><F77/><W60/><G36/><T124/><D129/><U76/><E102/><V118/><F72/><W80/><G43/><T17/><D24/><N who="1" m="18567" /><E76/><V93/><F118/><W3/><G11/><T75/><D103/><U13/><E13/><V65/><F57/><W37/><G37/><T98/><D75/><U5/><E5/><V117/><F100/><W0/><REACH who="3" step="1"/><G29/><REACH who="3" ten="309,270,269,142" step="2"/><T128/><D124/><U111/><E111/><V54/><F117/><W53/><G53/><T16/><D55/><U82/><E123/><V106/><F106/><W8/><G8/><T23/><D119/><U115/><E115/><V63/><F31/><W67/><G67/><T116/><D116/><U7/><E7/><V122/><F122/><W40/><G40/><T51/><D42/><U22/><E22/><V107/><F107/><W104/><G104/><T94/><D23/><U15/><E66/><N who="2" m="39207" /><F20/><W34/><G34/><T44/><D128/><U121/><E121/><V97/><F65/><W49/><G49/><T96/><D51/><U64/><E64/><V9/><F9/><W84/><G84/><T108/><D108/><U133/><E133/><V32/><F32/><W10/><G10/><T25/><D41/><U19/><E85/><V70/><F97/><W71/><G71/><T112/><D99/><U78/><E62/><V92/><F63/><RYUUKYOKU ba="0,1" sc="309,-15,270,-15,269,15,142,15" hai2="45,50,54,70,92,93,95" hai3="0,2,3,26,27,52,58,60,80,86,87,90,91" /><INIT seed="6,1,1,3,4,90" ten="294,255,284,157" oya="2" hai0="78,51,134,17,60,23,119,118,70,64,28,5,59" hai1="52,40,63,87,62,46,26,86,73,7,47,104,74" hai2="65,58,84,97,79,125,57,12,91,82,15,16,116" hai3="55,44,38,43,113,69,102,9,96,41,81,72,83"/><V50/><F116/><N who="0" m="44586" /><D134/><U132/><E104/><V93/><F125/><W1/><G69/><T2/><D28/><U129/><E7/><V31/><F31/><W110/><G110/><T124/><D78/><U135/><E26/><V42/><F65/><W48/><G113/><T56/><D51/><U68/><E68/><V120/><F120/><W80/><G72/><T6/><D124/><U66/><E66/><V67/><F67/><W39/><G1/><T19/><D19/><U98/><E98/><V126/><F126/><W85/><G9/><N who="0" m="2231" /><D6/><U100/><E40/><V130/><F130/><W0/><G0/><T30/><D30/><U49/><E129/><V36/><F36/><W111/><G111/><T94/><D94/><U122/><E122/><V32/><F32/><W89/><G39/><T117/><D117/><U131/><E131/><V20/><F12/><AGARI ba="1,1" hai="12,17,23,56,59,60,64,70" m="2231,44586" machi="12" ten="30,1000,0" yaku="12,1" doraHai="90" who="0" fromWho="2" sc="294,23,255,0,284,-13,157,0" /><INIT seed="7,0,0,5,1,7" ten="317,255,271,157" oya="3" hai0="71,69,34,5,2,110,36,9,91,38,90,56,55" hai1="129,125,120,1,19,59,77,14,32,101,94,135,6" hai2="83,21,45,75,58,107,17,54,131,40,116,132,93" hai3="66,23,117,50,133,86,96,67,82,31,103,27,62"/><W100/><G117/><T15/><D34/><U80/><E120/><V122/><F107/><W102/><G133/><T108/><D15/><U114/><E32/><V28/><F28/><W113/><G113/><T126/><D55/><U0/><E6/><V47/><F116/><W68/><G66/><T60/><D9/><U92/><E129/><V112/><F112/><W20/><G50/><T16/><D16/><U104/><E104/><V25/><F122/><W99/><REACH who="3" step="1"/><G20/><REACH who="3" ten="317,255,271,147" step="2"/><T70/><D38/><U123/><E114/><V85/><F132/><W119/><G119/><T105/><D36/><U111/><E135/><V73/><F21/><W42/><G42/><T65/><D65/><U97/><E123/><V49/><F49/><W48/><G48/><T79/><D110/><U78/><E59/><V39/><F58/><W127/><G127/><T18/><D56/><U57/><E125/><V4/><F40/><W13/><G13/><T84/><D126/><U76/><E57/><V124/><F124/><W33/><G33/><T44/><D108/><U81/><E111/><V41/><F41/><W3/><G3/><T134/><D2/><U37/><E0/><V53/><F39/><W118/><G118/><T74/><D134/><U46/><E1/><V51/><F51/><W128/><G128/><T63/><D70/><U26/><E37/><V30/><F131/><W22/><G22/><T11/><D71/><U52/><E14/><V64/><F64/><W106/><G106/><T109/><D105/><U35/><E35/><V89/><F53/><W43/><G43/><T88/><D69/><RYUUKYOKU ba="0,1" sc="317,-10,255,-10,271,-10,147,30" hai3="23,27,31,62,67,68,82,86,96,99,100,102,103" /><INIT seed="7,1,1,2,3,95" ten="307,245,261,177" oya="3" hai0="34,9,110,46,111,17,87,81,107,108,37,5,117" hai1="129,27,86,122,73,88,1,18,29,134,113,65,74" hai2="133,128,16,8,6,61,53,91,12,26,45,70,56" hai3="40,38,35,83,131,19,120,77,48,64,112,100,79"/><W92/><G120/><T3/><D117/><U82/><E122/><V89/><F70/><W10/><G38/><T22/><D107/><U99/><E134/><V42/><F133/><W69/><G35/><T96/><D96/><U43/><E1/><V114/><F114/><W115/><G131/><T98/><D98/><U116/><E43/><V20/><F128/><W130/><G130/><T67/><D67/><U7/><E7/><V94/><F94/><W51/><G64/><T126/><D126/><U102/><E113/><N who="3" m="43594" /><G69/><T59/><D34/><U4/><E4/><V55/><F55/><W21/><G10/><T15/><D59/><U13/><E65/><V58/><F58/><W135/><G135/><T127/><D127/><U71/><E116/><V36/><AGARI ba="1,1" hai="6,8,12,16,20,26,36,42,45,53,56,61,89,91" machi="36" ten="20,2700,0" yaku="0,1,7,1,54,1" doraHai="95" who="2" fromWho="2" sc="307,-8,245,-8,261,40,177,-14" owari="299,10.0,237,-16.0,301,40.0,163,-34.0" /></mjloggm>