<mjloggm ver="2.3"><GO type="97" lobby="0"/><UN n0="%74%65%72%72%79%31%33%36" n1="%72%65%3A%E3%81%BF%E3%81%AA%E3%81%84%E3%81%A0%E3%82%93" n2="%E5%B0%B1%E6%B4%BB%E7%94%9F%40%E5%B7%9D%E6%9D%91%E8%BB%8D%E5%9B%A3" n3="%6D%61%72%6F%72%6F%6E" dan="14,16,14,14" rate="1913.42,2055.51,1940.48,1995.05" sx="M,M,M,M"/><TAIKYOKU oya="0"/><INIT seed="0,0,0,0,4,74" ten="250,250,250,250" oya="0" hai0="112,61,10,40,88,86,113,76,118,115,133,116,57" hai1="24,117,108,68,26,122,84,46,32,21,30,3,123" hai2="54,66,51,56,13,77,34,70,62,50,94,4,110" hai3="17,12,48,23,8,126,18,1,109,78,37,36,67"/><T44/><D10/><U87/><E68/><V64/><F34/><W91/><G109/><T47/><D133/><U69/><E69/><V19/><F110/><W65/><G126/><T124/><D124/><U111/><E46/><V45/><F4/><W120/><G120/><N who="1" m="46122" /><E84/><V97/><F77/><W16/><G48/><N who="2" m="18473" /><F45/><W101/><G101/><T128/><D128/><U85/><E87/><V39/><F39/><W53/><G53/><T92/><D47/><U125/><E85/><V73/><F73/><W107/><G107/><T33/><D33/><U96/><E96/><V82/><F82/><W119/><G119/><T42/><D76/><U130/><E117/><V114/><F70/><W104/><G104/><T121/><D121/><U106/><E106/><V35/><F35/><W49/><G1/><T38/><REACH who="0" step="1"/><D42/><REACH who="0" ten="240,250,250,250" step="2"/><U55/><E125/><V135/><F135/><W99/><G78/><T131/><D131/><U11/><E130/><V93/><F114/><W102/><G8/><T129/><D129/><U98/><E11/><N who="2" m="6591" /><F93/><W90/><G37/><T15/><D15/><U9/><E3/><V14/><F14/><W132/><G132/><T63/><D63/><U95/><E9/><V134/><F134/><W27/><G36/><T7/><D7/><U83/><E111/><V25/><F25/><W103/><G27/><T29/><D29/><N who="1" m="17551" /><E108/><V80/><F80/><W22/><G12/><T20/><D20/><U58/><E83/><V52/><F66/><AGARI ba="0,1" hai="38,40,44,57,61,66,86,88,92,112,113,115,116,118" machi="66" ten="40,3900,0" yaku="1,1,54,1,53,0" doraHai="74" doraHaiUra="127" who="0" fromWho="2" sc="240,49,250,0,250,-39,250,0" /><INIT seed="0,1,0,2,2,80" ten="289,250,211,250" oya="0" hai0="93,94,131,72,129,78,6,24,91,52,5,105,81" hai1="97,45,35,3,28,133,68,88,38,90,62,117,9" hai2="36,116,41,113,7,130,107,2,20,110,17,118,114" hai3="67,126,99,84,134,77,37,12,16,40,15,55,70"/><T132/><D132/><U63/><E117/><N who="2" m="45163" /><F107/><W46/><G134/><T125/><D125/><U124/><E124/><V58/><F36/><W47/><G126/><T31/><D105/><U39/><E133/><V69/><F69/><W108/><G108/><T85/><D94/><U48/><E35/><V111/><F41/><W96/><G15/><T76/><D76/><U123/><E28/><V51/><F51/><W60/><G55/><T44/><D44/><U50/><E68/><V4/><F58/><W0/><G0/><T32/><REACH who="0" step="1"/><D52/><REACH who="0" ten="279,250,211,250" step="2"/><U42/><E45/><V29/><F130/><AGARI ba="1,1" hai="5,6,24,31,32,72,78,81,85,91,93,129,130,131" machi="130" ten="40,12000,1" yaku="1,1,2,1,19,1,52,1,53,1" doraHai="80" doraHaiUra="21" who="0" fromWho="2" sc="279,133,250,0,211,-123,250,0" /><INIT seed="0,2,0,2,3,57" ten="412,250,88,250" oya="0" hai0="20,80,113,11,50,127,116,12,64,55,117,31,85" hai1="38,21,4,118,111,103,24,109,40,99,56,49,37" hai2="8,5,15,106,125,70,33,9,27,23,41,102,17" hai3="3,63,83,77,123,67,132,90,16,94,130,100,126"/><T48/><D113/><U19/><E4/><V43/><F125/><W2/><G126/><T25/><D127/><U95/><E118/><V115/><F115/><W54/><G132/><T93/><D93/><U134/><E134/><V71/><F33/><W120/><G100/><T92/><D92/><U53/><REACH who="1" step="1"/><E40/><REACH who="1" ten="412,240,88,250" step="2"/><V52/><F41/><W39/><G130/><T104/><D117/><U51/><E51/><V35/><F43/><W18/><G39/><AGARI ba="2,1" hai="19,21,24,37,38,39,49,53,56,95,99,103,109,111" machi="39" ten="40,8000,1" yaku="1,1,53,3" doraHai="57" doraHaiUra="68" who="1" fromWho="3" sc="412,0,240,96,88,0,250,-86" /><INIT seed="1,0,0,2,2,17" ten="412,336,88,164" oya="1" hai0="123,102,56,82,132,109,94,130,66,129,40,22,42" hai1="68,55,53,88,85,115,69,133,72,113,36,80,97" hai2="47,75,1,23,126,114,37,112,122,67,119,25,41" hai3="2,59,86,20,4,108,49,117,5,91,51,7,84"/><U62/><E36/><V70/><F1/><W54/><G117/><T90/><D109/><U99/><E133/><V27/><F122/><W121/><G121/><T106/><D123/><U52/><E72/><V31/><F119/><W127/><G108/><T0/><D132/><U45/><E45/><V93/><F75/><W120/><G120/><T9/><D106/><U101/><E62/><V73/><F73/><W24/><G127/><T78/><D102/><U83/><E83/><V35/><F126/><W64/><G64/><T28/><D0/><U134/><E134/><V6/><F6/><W15/><G2/><T87/><D9/><U46/><E46/><V26/><F26/><W124/><G124/><T103/><D103/><U76/><E76/><V33/><F33/><W32/><G84/><T89/><D42/><U92/><REACH who="1" step="1"/><E99/><REACH who="1" ten="412,326,88,164" step="2"/><V77/><F77/><W12/><G49/><T128/><D40/><U111/><E111/><V135/><F135/><W58/><G58/><T39/><D39/><U74/><E74/><V131/><F131/><W57/><G57/><T63/><D78/><U30/><E30/><V104/><F104/><W19/><G32/><T79/><D79/><U44/><E44/><V3/><F93/><AGARI ba="0,1" hai="4,5,7,12,15,19,20,24,51,54,59,86,91,93" machi="93" ten="40,2600,0" yaku="8,1,52,1" doraHai="17" who="3" fromWho="2" sc="412,0,326,0,88,-26,164,36" /><INIT seed="2,0,0,0,1,31" ten="412,326,62,200" oya="2" hai0="72,5,113,63,115,30,112,126,38,53,118,105,14" hai1="47,91,131,90,58,73,35,25,43,119,16,125,64" hai2="66,37,23,32,48,97,4,8,106,79,41,121,24" hai3="132,65,0,61,11,107,76,96,104,71,100,77,129"/><V82/><F121/><W52/><G132/><T12/><D72/><U86/><E73/><V54/><F66/><W92/><G129/><T101/><D105/><U3/><E119/><V22/><F37/><W51/><G107/><T56/><D38/><U133/><E3/><V123/><F41/><W20/><G104/><T93/><D118/><U6/><E6/><V84/><F123/><W114/><G114/><T57/><D126/><U67/><E125/><V120/><F120/><W68/><G68/><T109/><D109/><U102/><E102/><V45/><F106/><W87/><G87/><T21/><D101/><U13/><E133/><V18/><F97/><W69/><G69/><T89/><D57/><U124/><E131/><V55/><F23/><W103/><G103/><T75/><D75/><U78/><E78/><V134/><F134/><W80/><G20/><T7/><D14/><U128/><E124/><V46/><F32/><W42/><G42/><T98/><REACH who="0" step="1"/><D12/><REACH who="0" ten="402,326,62,200" step="2"/><U17/><E13/><N who="2" m="5255" /><F46/><W59/><G0/><T110/><D110/><U122/><E122/><V33/><F33/><W26/><G71/><T10/><D10/><U111/><E35/><V60/><F60/><W15/><G15/><T44/><D44/><U127/><E127/><V9/><F9/><W27/><G11/><T19/><D19/><U99/><E111/><V88/><F55/><W85/><G76/><AGARI ba="0,1" hai="18,22,24,45,48,54,76,79,82,84,88" m="5255" machi="76" ten="30,2900,0" yaku="8,1,54,1" doraHai="31" who="2" fromWho="3" sc="402,0,326,0,62,39,200,-29" /><INIT seed="2,1,0,5,5,99" ten="402,326,101,171" oya="2" hai0="111,29,132,90,16,19,33,34,75,41,89,114,86" hai1="73,26,32,127,31,100,66,96,83,80,46,24,84" hai2="129,92,50,61,71,63,58,109,79,117,135,3,40" hai3="37,134,103,65,2,128,7,43,108,49,47,5,45"/><V28/><F117/><W87/><G108/><T70/><D114/><U116/><E116/><V126/><F3/><W51/><G134/><T59/><D70/><U123/><E127/><V131/><F71/><W81/><G128/><N who="2" m="49225" /><F79/><W12/><G65/><T13/><D75/><U56/><E73/><V21/><F126/><W82/><G82/><T106/><D106/><U110/><E110/><V94/><F135/><W23/><G2/><T119/><D119/><U67/><E46/><N who="2" m="25927" /><F109/><W121/><G121/><T20/><D111/><U44/><E44/><V60/><F58/><W98/><G37/><T130/><D132/><U18/><E56/><V4/><F4/><W113/><G113/><T27/><D130/><U64/><E123/><V107/><F107/><W17/><G49/><T78/><D59/><U68/><E68/><V125/><F125/><W35/><G47/><T118/><D118/><U74/><E74/><V6/><F6/><W14/><G35/><T120/><D120/><U124/><E124/><V93/><F21/><W55/><G43/><T53/><D41/><U77/><E32/><V38/><F28/><W101/><G5/><T112/><D112/><U76/><E31/><V115/><F115/><W48/><G48/><T36/><D36/><AGARI ba="1,0" hai="36,38,60,61,63,92,93,94" m="25927,49225" machi="36" ten="40,2000,0" yaku="19,1" doraHai="99" who="2" fromWho="0" sc="402,-23,326,0,101,23,171,0" /><INIT seed="2,2,0,0,2,52" ten="379,326,124,171" oya="2" hai0="63,67,88,130,135,78,126,11,49,121,131,48,104" hai1="50,111,95,83,76,1,19,5,33,28,87,71,103" hai2="7,47,15,46,77,54,128,36,112,99,37,55,123" hai3="114,98,13,53,24,85,23,120,22,0,132,102,44"/><V94/><F112/><W30/><G120/><T68/><D104/><U84/><E71/><V113/><F123/><W107/><G0/><T59/><D121/><U72/><E33/><V79/><F113/><W70/><G70/><T125/><D78/><N who="2" m="29706" /><F128/><N who="0" m="49194" /><D135/><U64/><E1/><V18/><F37/><W101/><G114/><T97/><D11/><U119/><E72/><V62/><F7/><W65/><G132/><T96/><D97/><U57/><E5/><V42/><F36/><W91/><G65/><T56/><D49/><U16/><E111/><V86/><F86/><W8/><G23/><T3/><D3/><U118/><E28/><V61/><F42/><W58/><G44/><N who="2" m="16937" /><F54/><W4/><G98/><T80/><D48/><U124/><E87/><V21/><F55/><W14/><G14/><T117/><D117/><U106/><E106/><V12/><F12/><W51/><REACH who="3" step="1"/><G107/><REACH who="3" ten="379,326,124,161" step="2"/><T34/><D34/><U66/><E118/><V74/><F74/><W75/><G75/><T35/><D35/><U116/><E119/><V89/><AGARI ba="2,1" hai="15,18,21,61,62,89,94,99" m="16937,29706" machi="89" ten="30,1500,0" yaku="8,1" doraHai="52" who="2" fromWho="2" sc="379,-7,326,-7,124,31,161,-7" /><INIT seed="2,3,0,5,2,73" ten="372,319,155,154" oya="2" hai0="103,114,24,94,121,5,93,128,118,91,95,62,25" hai1="111,100,80,134,85,49,123,10,1,120,43,16,71" hai2="23,78,112,53,47,60,108,38,4,75,64,44,0" hai3="33,97,106,131,133,34,21,96,124,31,45,48,67"/><V115/><F47/><W69/><G124/><T113/><D114/><U37/><E71/><N who="2" m="42375" /><F23/><W57/><G133/><T14/><D113/><U6/><E134/><V119/><F119/><W127/><G127/><T15/><D121/><N who="1" m="46667" /><E37/><V55/><F55/><W135/><G135/><T92/><D128/><U84/><E100/><V110/><F53/><W126/><G126/><T125/><D125/><U58/><E58/><V28/><F28/><W18/><G18/><T83/><D118/><U86/><E16/><V27/><F27/><N who="0" m="10314" /><D62/><U59/><E59/><V36/><F4/><W130/><G69/><T81/><D103/><U30/><E30/><V109/><F0/><W17/><G31/><T89/><D89/><U7/><E7/><V41/><F36/><W12/><G33/><T46/><D46/><N who="1" m="25823" /><E111/><V90/><F90/><AGARI ba="3,0" hai="1,6,10,80,84,85,86,90" m="25823,46667" machi="90" ten="30,1000,0" yaku="13,1" doraHai="73" who="1" fromWho="2" sc="372,0,319,19,155,-19,154,0" /><INIT seed="3,0,0,5,2,50" ten="372,338,136,154" oya="3" hai0="105,49,34,109,27,106,86,118,98,23,17,75,85" hai1="63,6,128,55,119,116,127,114,26,112,74,82,28" hai2="96,121,10,54,113,70,38,92,47,107,60,42,2" hai3="36,52,88,33,69,91,76,44,45,35,37,46,8"/><W84/><G69/><T15/><D75/><U110/><E74/><V65/><F113/><W19/><G76/><T125/><D118/><N who="1" m="45099" /><E82/><V100/><F121/><W7/><G19/><T62/><D109/><U87/><E87/><V31/><F31/><W79/><G79/><T120/><D120/><U66/><E6/><V132/><F132/><W102/><G102/><T58/><D125/><U48/><E26/><V14/><F2/><W29/><G29/><T21/><D34/><U68/><E28/><V64/><F107/><W4/><G45/><T20/><D49/><U129/><E110/><V108/><F108/><W115/><G84/><T95/><D106/><U133/><E133/><V81/><F81/><W73/><G73/><T78/><D105/><U67/><E67/><V41/><F65/><W16/><G8/><N who="0" m="6375" /><D27/><U103/><E103/><V51/><REACH who="2" step="1"/><F38/><REACH who="2" ten="372,338,126,154" step="2"/><W135/><G115/><N who="1" m="44074" /><E127/><V126/><F126/><W56/><G135/><T40/><D78/><U89/><E89/><V72/><F72/><W61/><G33/><T83/><D83/><U94/><E94/><V22/><F22/><W39/><G35/><T131/><D21/><U9/><E9/><V80/><F80/><W71/><G91/><T124/><D20/><U101/><E101/><V12/><F12/><W104/><G104/><T93/><D23/><U57/><AGARI ba="0,1" hai="48,55,57,63,66,68,128,129" m="44074,45099" machi="57" ten="40,8000,1" yaku="12,1,34,2,52,1" doraHai="50" who="1" fromWho="1" sc="372,-20,338,90,126,-20,154,-40" owari="352,15.0,428,53.0,106,-39.0,114,-29.0" /></mjloggm>