<mjloggm ver="2.3"><GO type="169" lobby="0"/><UN n0="%E3%83%A1%E3%83%AB%E3%82%AF" n1="%E3%82%A6%E3%83%AB%E3%83%88%E3%83%A9%E7%AB%8B%E7%9B%B4" n2="%E3%81%BF%E3%81%86%E3%82%89" n3="%E6%B0%B7%E6%B2%B3%E9%A2%A8" dan="16,17,17,17" rate="2093.78,2134.04,2130.41,2127.82" sx="M,M,M,M"/><TAIKYOKU oya="0"/><INIT seed="0,0,0,0,3,41" ten="250,250,250,250" oya="0" hai0="110,57,13,133,66,73,56,26,100,38,20,81,16" hai1="84,70,30,29,65,40,107,122,106,121,60,91,43" hai2="58,103,32,15,42,77,75,50,49,83,52,93,126" hai3="102,95,0,82,45,48,115,125,34,109,89,2,53"/><T97/><D38/><U99/><E30/><V14/><F32/><W132/><G115/><T114/><D114/><U127/><E127/><V27/><F27/><W69/><G34/><T135/><D110/><U129/><E29/><V64/><F64/><W8/><G69/><T21/><D81/><U117/><E117/><V124/><F93/><W79/><G109/><T4/><D73/><U36/><E129/><V37/><F103/><W44/><G102/><T35/><D35/><U105/><E99/><V11/><F11/><W12/><G132/><N who="0" m="50763" /><D66/><U18/><E18/><V28/><F28/><W6/><G125/><N who="2" m="48233" /><F37/><W86/><REACH who="3" step="1"/><G45/><AGARI ba="0,0" hai="14,15,42,45,49,50,52,58,75,77,83" m="48233" machi="45" ten="30,3900,0" yaku="18,1,52,1,54,1" doraHai="41" who="2" fromWho="3" sc="250,0,250,0,250,39,250,-39" /><INIT seed="1,0,0,4,1,44" ten="250,250,289,211" oya="1" hai0="25,0,71,47,127,87,41,95,85,104,99,80,13" hai1="88,58,22,130,19,43,74,6,122,50,84,102,93" hai2="103,66,100,57,110,26,21,133,14,89,77,107,30" hai3="118,55,54,27,15,52,37,32,129,33,10,4,9"/><U73/><E122/><V128/><F77/><W7/><G37/><T134/><D0/><U67/><E130/><V106/><F128/><W108/><G129/><T5/><D71/><U94/><E6/><V97/><F133/><W123/><G123/><T42/><D134/><U40/><E74/><V105/><F110/><W70/><G70/><T23/><D127/><U11/><E73/><V68/><F68/><W116/><G108/><T98/><D104/><U112/><E11/><V16/><F89/><W2/><REACH who="3" step="1"/><G27/><REACH who="3" ten="250,250,289,201" step="2"/><T115/><D115/><U51/><E112/><V49/><F26/><W117/><AGARI ba="0,1" hai="2,4,7,9,10,15,32,33,52,54,55,116,117,118" machi="117" ten="40,12000,2" yaku="1,1,2,1,0,1,12,1,54,1,53,1" doraHai="44" doraHaiUra="35" who="3" fromWho="3" sc="250,-30,250,-60,289,-30,201,130" /><INIT seed="2,0,0,2,3,87" ten="220,190,259,331" oya="2" hai0="17,89,96,75,110,7,52,72,48,83,47,132,126" hai1="116,131,59,64,92,80,2,90,106,91,105,125,35" hai2="107,67,21,128,1,129,95,49,93,51,94,22,4" hai3="25,130,43,61,63,88,103,65,0,3,78,44,101"/><V5/><F107/><N who="1" m="40969" /><E35/><V70/><F67/><W85/><G130/><N who="2" m="50281" /><F1/><W71/><G78/><T27/><D110/><U42/><E42/><V112/><F70/><W97/><G63/><T39/><D132/><U111/><E59/><V37/><F37/><W114/><G25/><T79/><D126/><U15/><E15/><V19/><F19/><W38/><G114/><T122/><D122/><U66/><E2/><V31/><F31/><W34/><G34/><T54/><D7/><N who="2" m="2634" /><F112/><W68/><G101/><T99/><D39/><U55/><E55/><V40/><F40/><W45/><G71/><T84/><D72/><U115/><E64/><V10/><F10/><W123/><G123/><T77/><D54/><U100/><E66/><V57/><F57/><W23/><G45/><T74/><D74/><U28/><E28/><V14/><F14/><W9/><G23/><AGARI ba="0,0" hai="21,22,23,49,51,93,94,95" m="2634,50281" machi="23" ten="40,7700,0" yaku="28,2,19,1" doraHai="87" who="2" fromWho="3" sc="220,0,190,0,259,77,331,-77" /><INIT seed="2,1,0,5,5,17" ten="220,190,336,254" oya="2" hai0="15,49,98,13,100,77,80,131,27,33,101,114,116" hai1="22,118,109,83,19,130,91,133,44,79,107,50,23" hai2="115,59,3,8,124,110,78,120,4,85,90,65,81" hai3="119,53,112,51,48,54,104,14,39,66,96,1,102"/><V57/><F120/><W21/><G119/><T99/><D116/><U32/><E32/><V24/><F115/><W76/><G39/><T72/><D114/><U68/><E68/><V71/><F124/><W67/><G1/><T9/><D131/><U73/><E118/><V28/><F110/><W46/><G76/><T60/><D60/><U94/><E109/><V117/><F117/><W7/><G112/><T135/><D135/><U84/><E133/><V20/><F71/><W134/><G134/><T88/><D49/><U89/><E107/><V128/><F128/><W37/><G37/><T16/><D15/><U29/><E130/><V34/><F65/><W122/><G122/><T26/><D33/><U31/><E91/><V6/><F6/><W92/><G104/><T55/><D55/><U95/><E95/><V12/><F78/><W18/><REACH who="3" step="1"/><G7/><REACH who="3" ten="220,190,336,244" step="2"/><T35/><D77/><U129/><E129/><V0/><F0/><W43/><G43/><T106/><D106/><U5/><E5/><V62/><F62/><W126/><G126/><T125/><D125/><U63/><E63/><V10/><F10/><W11/><G11/><T41/><D9/><U121/><E121/><V30/><F3/><W56/><AGARI ba="1,1" hai="14,18,21,46,48,51,53,54,56,66,67,92,96,102" machi="56" ten="20,12000,2" yaku="1,1,0,1,7,1,8,1,52,1,53,2" doraHai="17" doraHaiUra="61" who="3" fromWho="3" sc="220,-31,190,-31,336,-61,244,133" /><INIT seed="3,0,0,1,2,2" ten="189,159,275,377" oya="3" hai0="124,16,60,54,126,34,10,102,46,111,76,40,85" hai1="21,19,12,1,49,131,20,100,55,89,59,15,27" hai2="128,52,106,42,122,24,116,32,134,77,105,66,113" hai3="92,14,119,93,8,18,37,39,28,78,97,83,25"/><W133/><G119/><T48/><D34/><U64/><E131/><V127/><F116/><W29/><G133/><T58/><D102/><U90/><E1/><V43/><F113/><W135/><G135/><T75/><D75/><U35/><E100/><V84/><F122/><W125/><G125/><T53/><D111/><U44/><E35/><V107/><F66/><W71/><G71/><T3/><D124/><U26/><E64/><V82/><F127/><W17/><G17/><T4/><D126/><U117/><E117/><V65/><F134/><W73/><G29/><T86/><D76/><U47/><E59/><V79/><F65/><W96/><G96/><T62/><REACH who="0" step="1"/><D16/><REACH who="0" ten="179,159,275,377" step="2"/><N who="1" m="12583" /><E44/><V115/><F79/><W87/><G73/><T112/><D112/><U0/><E0/><V7/><F77/><W118/><G118/><T30/><D30/><U103/><E103/><V5/><F115/><W114/><G114/><T70/><D70/><U41/><E90/><V74/><F74/><W13/><G78/><T31/><D31/><U61/><E89/><V132/><F132/><W36/><G28/><T130/><D130/><U81/><E27/><V68/><F24/><W22/><G25/><T63/><D63/><U129/><E129/><V56/><F128/><W120/><G120/><T101/><D101/><U123/><E123/><V80/><F68/><W110/><G110/><T51/><D51/><N who="1" m="27119" /><E61/><V6/><F32/><W38/><G38/><T99/><D99/><U121/><E121/><V104/><F84/><W95/><G97/><T50/><D50/><U108/><E49/><N who="2" m="30735" /><F107/><W11/><G87/><RYUUKYOKU ba="0,1" sc="179,15,159,-15,275,15,377,-15" hai0="3,4,10,40,46,48,53,54,58,60,62,85,86" hai2="5,6,7,42,43,80,82,104,105,106" /><INIT seed="4,1,1,5,1,82" ten="194,144,290,362" oya="0" hai0="33,115,73,91,110,10,56,23,81,129,60,45,16" hai1="20,14,21,24,106,42,87,22,77,6,80,70,41" hai2="112,88,132,37,11,122,92,95,98,125,34,97,135" hai3="99,1,19,3,12,127,17,58,118,116,51,46,78"/><T71/><D33/><U103/><E70/><V120/><F34/><W117/><G127/><T0/><D115/><U8/><E106/><V123/><F37/><W7/><G7/><T40/><D129/><U9/><E103/><N who="2" m="60863" /><F11/><W28/><G28/><T53/><D71/><U105/><E105/><V63/><F63/><W101/><G78/><T48/><D110/><U55/><E9/><V111/><F112/><W15/><G58/><T67/><D73/><U29/><REACH who="1" step="1"/><E55/><REACH who="1" ten="194,134,290,362" step="2"/><V39/><F111/><W114/><G114/><T13/><D0/><U64/><E64/><V89/><F123/><W43/><G3/><T94/><D67/><U85/><E85/><V119/><F122/><W38/><G1/><T68/><D68/><U126/><E126/><V107/><F125/><W36/><G117/><T44/><D44/><U86/><E86/><V52/><F120/><W76/><G116/><T69/><D69/><U134/><E134/><V102/><F132/><W50/><G118/><T93/><D10/><U130/><E130/><V26/><F119/><W79/><G46/><T49/><D60/><U113/><E113/><V47/><F135/><W72/><G72/><T128/><D128/><U84/><E84/><AGARI ba="1,2" hai="13,16,23,40,45,48,49,53,56,81,84,91,93,94" machi="84" ten="40,7700,0" yaku="8,1,52,1,54,1" doraHai="82" who="0" fromWho="1" sc="194,100,134,-80,290,0,362,0" /><INIT seed="4,2,0,1,3,46" ten="294,54,290,362" oya="0" hai0="69,125,2,76,121,24,56,11,14,105,86,83,65" hai1="10,16,55,49,44,131,100,23,89,61,28,124,117" hai2="72,31,29,43,39,0,106,87,38,77,8,25,104" hai3="17,50,19,70,112,57,48,111,21,26,12,96,4"/><T85/><D121/><U68/><E117/><V30/><F87/><W54/><G111/><T134/><D105/><U45/><E124/><V80/><F25/><W63/><G112/><T118/><D125/><U84/><E131/><V110/><F38/><W18/><G70/><T120/><D120/><U73/><E73/><V91/><F91/><W129/><G129/><T78/><D118/><U81/><E100/><V126/><F126/><W98/><G4/><T88/><D134/><U27/><E68/><V9/><F9/><W6/><G6/><T40/><D69/><U42/><E61/><V114/><F110/><W109/><G109/><T15/><D40/><U1/><E1/><V3/><F3/><W130/><G130/><T92/><D24/><U58/><E42/><V135/><F135/><W82/><G82/><T41/><D41/><U115/><E115/><V67/><F67/><W53/><G63/><N who="0" m="38119" /><D2/><U34/><E34/><V90/><F114/><W97/><G26/><T79/><D15/><AGARI ba="2,0" hai="10,15,16,23,27,28,44,45,49,55,58,81,84,89" machi="15" ten="40,5200,0" yaku="8,1,52,1,54,1" doraHai="46" who="1" fromWho="0" sc="294,-58,54,58,290,0,362,0" /><INIT seed="5,0,0,3,1,110" ten="236,112,290,362" oya="1" hai0="119,11,125,82,28,74,131,133,20,132,94,73,9" hai1="123,66,17,83,104,102,31,96,118,88,34,69,84" hai2="6,16,19,103,100,57,128,98,126,117,36,127,39" hai3="92,70,105,124,37,80,61,130,5,122,59,13,46"/><U21/><E123/><V4/><F117/><W3/><G105/><T67/><D67/><U32/><E118/><V23/><F57/><W76/><G70/><T63/><D63/><U129/><E129/><V40/><F128/><W24/><G122/><T111/><D131/><U114/><E31/><V65/><F65/><W53/><G124/><N who="2" m="47657" /><F40/><W81/><G3/><T89/><D125/><U113/><E66/><V35/><F35/><W54/><G37/><N who="2" m="14409" /><F103/><W2/><G2/><T121/><D111/><U29/><E69/><V99/><F99/><W95/><G130/><T52/><D119/><U112/><REACH who="1" step="1"/><E29/><REACH who="1" ten="236,102,290,362" step="2"/><V56/><F6/><W134/><G5/><T41/><D121/><U90/><E90/><V72/><F4/><W62/><G134/><T91/><D91/><U7/><E7/><V51/><F100/><W60/><G76/><T78/><D78/><U43/><E43/><V18/><F18/><W109/><G109/><T68/><D89/><U97/><E97/><V1/><F19/><W22/><G54/><T86/><D68/><U85/><E85/><V27/><F16/><W93/><G53/><T33/><D86/><U115/><N who="1" m="28672" /><DORA hai="107" /><U101/><E101/><V38/><F72/><W15/><G24/><AGARI ba="0,1" hai="17,21,24,32,34,83,84,88,96,102,104" m="28672" machi="24" ten="70,18000,2" yaku="1,1,15,1,52,4,54,1,53,0" doraHai="110,107" doraHaiUra="42,26" who="1" fromWho="3" sc="236,0,102,190,290,0,362,-180" /><INIT seed="5,1,0,2,5,71" ten="236,292,290,182" oya="1" hai0="20,15,134,78,37,97,59,133,83,95,60,93,2" hai1="125,69,30,23,72,126,29,132,81,31,111,68,57" hai2="54,42,102,74,107,115,77,119,53,110,117,120,28" hai3="118,94,103,122,129,49,6,35,130,76,34,80,43"/><U5/><E132/><N who="0" m="50793" /><D37/><U104/><E104/><V58/><F110/><W46/><G122/><T3/><D15/><U92/><E5/><V45/><F120/><W98/><G118/><T127/><D20/><U88/><E23/><V39/><F28/><W16/><G6/><T44/><D44/><U25/><E25/><V86/><F74/><W70/><G70/><T40/><D40/><U67/><E111/><V38/><F54/><W7/><G7/><T17/><D17/><U19/><E19/><V21/><F21/><W55/><G55/><N who="0" m="33919" /><D95/><U106/><E106/><V121/><F121/><W96/><G96/><T123/><D127/><N who="1" m="48651" /><E57/><V26/><F26/><W10/><G10/><T11/><D11/><U75/><E67/><V48/><F117/><W24/><G16/><T52/><D52/><U89/><E75/><V99/><F119/><W91/><G103/><N who="0" m="60847" /><D123/><U135/><E135/><V131/><F107/><W105/><G105/><T12/><D12/><U116/><E116/><V50/><F45/><W66/><G66/><T64/><D64/><U124/><E124/><V13/><F13/><W87/><REACH who="3" step="1"/><G24/><REACH who="3" ten="236,292,290,172" step="2"/><T4/><D4/><U33/><E69/><V73/><F102/><W108/><G108/><T114/><D114/><U100/><E68/><V85/><F115/><W9/><G9/><T8/><D8/><U63/><E100/><V56/><F99/><W79/><G79/><T32/><D78/><N who="1" m="44231" /><E63/><V51/><F77/><W14/><G14/><T62/><D62/><U109/><E109/><V84/><F73/><W90/><G90/><T112/><D112/><U1/><E89/><RYUUKYOKU ba="1,1" sc="236,-10,292,-10,290,-10,172,30" hai3="34,35,43,46,49,76,80,87,91,94,98,129,130" /><INIT seed="6,2,1,4,5,112" ten="226,282,280,202" oya="2" hai0="32,65,70,90,58,57,4,40,13,76,69,122,7" hai1="105,135,124,61,20,104,79,25,89,41,12,95,3" hai2="2,48,118,101,37,14,86,96,54,9,116,99,52" hai3="103,1,15,130,120,92,29,5,119,18,113,107,36"/><V68/><F2/><W22/><G119/><T97/><D122/><U26/><E3/><V127/><F37/><W102/><G120/><T125/><D125/><U21/><E79/><V11/><F68/><W16/><G107/><T78/><D40/><U126/><E12/><V75/><F75/><W134/><G36/><T0/><D32/><U45/><E61/><V131/><F127/><N who="1" m="48681" /><E135/><V44/><F131/><W8/><G134/><T28/><D0/><U85/><E21/><V56/><F86/><W72/><G72/><T123/><D123/><U111/><E26/><V6/><F9/><W74/><G74/><T31/><D65/><U100/><E100/><V128/><F128/><W43/><G130/><T67/><D67/><U17/><E111/><V73/><F73/><W59/><G113/><T51/><D13/><U109/><E109/><V42/><F99/><N who="3" m="59751" /><G103/><T33/><D33/><U121/><E121/><V129/><F129/><W98/><G98/><T46/><D97/><U106/><E106/><V49/><F42/><W114/><G114/><T62/><D69/><U34/><E34/><V83/><F83/><W80/><G80/><T24/><D70/><U81/><E81/><V53/><F53/><W132/><G132/><T117/><D117/><U87/><E87/><V133/><F133/><W39/><G1/><T23/><D76/><U50/><AGARI ba="2,1" hai="17,20,25,41,45,50,85,89,95,104,105" m="48681" machi="50" ten="30,1100,0" yaku="18,1" doraHai="112" who="1" fromWho="1" sc="226,-5,282,27,280,-7,202,-5" /><INIT seed="7,0,0,2,4,5" ten="221,309,273,197" oya="3" hai0="82,19,60,33,96,70,48,102,59,39,12,62,87" hai1="65,94,41,49,88,71,97,17,27,80,32,68,3" hai2="44,0,108,89,107,22,21,125,100,128,67,115,50" hai3="130,4,54,73,63,8,55,116,118,132,74,14,30"/><W104/><G104/><T114/><D33/><U127/><E65/><V45/><F108/><W129/><G30/><T135/><D39/><U78/><E3/><V133/><F0/><W42/><G42/><T61/><D70/><U64/><E64/><V117/><F117/><N who="3" m="45163" /><G132/><T24/><D135/><U72/><E49/><V7/><F133/><W43/><G43/><T66/><D24/><U56/><E56/><V9/><F67/><W101/><G101/><T120/><D48/><U53/><E53/><N who="3" m="19978" /><G63/><T119/><D120/><U25/><E41/><V122/><F100/><W46/><G46/><T57/><D114/><U29/><E71/><V52/><F44/><W35/><G35/><T47/><D47/><U58/><E58/><V2/><F107/><W126/><G126/><T83/><D119/><U38/><E68/><V106/><F106/><W112/><G112/><T134/><D134/><U103/><E38/><V113/><F125/><W92/><G92/><N who="0" m="58631" /><D66/><U86/><E127/><V37/><F122/><W16/><G4/><T95/><D95/><U93/><E27/><V85/><F37/><W36/><G36/><T91/><D83/><U98/><E17/><V124/><F124/><W99/><G99/><T77/><D77/><U23/><E98/><V90/><F115/><W79/><G79/><T31/><D31/><U76/><E32/><V123/><F113/><W1/><G1/><T13/><D19/><U109/><E78/><V110/><F123/><W26/><G26/><T28/><D28/><U40/><E40/><V105/><F45/><W131/><AGARI ba="0,0" hai="8,14,16,73,74,129,130,131" m="19978,45163" machi="131" ten="40,7800,0" yaku="19,1,52,1,54,1" doraHai="5" who="3" fromWho="3" sc="221,-26,309,-26,273,-26,197,78" /><INIT seed="7,1,0,2,3,116" ten="195,283,247,275" oya="3" hai0="121,117,109,75,118,49,24,82,33,72,13,48,129" hai1="130,97,102,51,39,80,44,111,59,40,115,22,74" hai2="0,23,106,86,122,127,94,108,42,26,50,71,69" hai3="27,5,41,79,112,120,53,70,36,88,92,66,99"/><W81/><G120/><T11/><D82/><U87/><E74/><V78/><F106/><W103/><G112/><T15/><D109/><U62/><E130/><V52/><F0/><W7/><G103/><T10/><D129/><U125/><E125/><V85/><F108/><W124/><G124/><T19/><D33/><U46/><E22/><V2/><F2/><W114/><G114/><T113/><D113/><U58/><E62/><V38/><F127/><W14/><G70/><T37/><D37/><U110/><E115/><V20/><F42/><W60/><G41/><T68/><D68/><U101/><E101/><V64/><F38/><W100/><G100/><T43/><D43/><N who="1" m="25055" /><E59/><V34/><F34/><W134/><G134/><T1/><D1/><U12/><E58/><V98/><F122/><W17/><G27/><T55/><D55/><U35/><E12/><V57/><F20/><N who="3" m="11319" /><G66/><T18/><D24/><U104/><E35/><V107/><F107/><W95/><G92/><T61/><D61/><U84/><E110/><V16/><F64/><W83/><G36/><T96/><D96/><U135/><E135/><V90/><REACH who="2" step="1"/><F98/><REACH who="2" ten="195,283,237,275" step="2"/><W131/><G131/><T67/><D67/><U30/><E40/><V45/><F45/><W29/><G99/><T91/><D91/><U93/><E44/><V9/><F9/><W105/><G105/><T63/><D63/><U3/><E39/><V128/><F128/><W4/><G60/><T54/><D54/><U21/><E3/><V119/><F119/><W65/><G53/><T77/><D77/><N who="1" m="46095" /><E111/><V123/><F123/><AGARI ba="1,1" hai="10,11,13,15,18,19,48,49,72,75,117,118,121,123" machi="123" ten="25,6400,0" yaku="22,2,52,2" doraHai="116" who="0" fromWho="2" sc="195,77,283,0,237,-67,275,0" /><INIT seed="8,0,0,3,4,23" ten="272,283,170,275" oya="0" hai0="84,76,48,20,37,30,104,67,44,27,102,51,101" hai1="123,49,4,24,19,99,85,70,131,28,77,108,90" hai2="7,58,31,59,135,78,16,122,87,65,105,60,61" hai3="2,38,81,117,47,40,63,88,21,112,39,57,5"/><T45/><D37/><U132/><E70/><V98/><F122/><W41/><G112/><T116/><D116/><U1/><E4/><V53/><F135/><W114/><G114/><T109/><D109/><U0/><E19/><V94/><F105/><W100/><G117/><T25/><D67/><U34/><E123/><V83/><F7/><W96/><G2/><T18/><D104/><U46/><E131/><V107/><F107/><W35/><G35/><T129/><D129/><U103/><E77/><V73/><F73/><W10/><G39/><T106/><D106/><U69/><E69/><V56/><F31/><W91/><G21/><N who="0" m="13495" /><D84/><U97/><E132/><V74/><F74/><W118/><G118/><T133/><D76/><U68/><E68/><V62/><F16/><W92/><G81/><T127/><D127/><U13/><E0/><V93/><REACH who="2" step="1"/><F98/><REACH who="2" ten="272,283,160,275" step="2"/><W29/><G29/><T50/><D133/><U119/><E99/><V110/><F110/><W111/><G111/><T121/><D121/><U6/><E97/><V72/><F72/><W14/><G41/><T55/><D48/><U66/><E49/><V126/><F126/><W54/><AGARI ba="0,1" hai="5,10,14,38,40,47,54,57,63,88,91,92,96,100" machi="54" ten="20,2700,0" yaku="0,1,7,1,54,1" doraHai="23" who="3" fromWho="3" sc="272,-13,283,-7,160,-7,275,37" owari="259,-14.0,276,8.0,153,-35.0,312,41.0" /></mjloggm>