<mjloggm ver="2.3"><GO type="41" lobby="0"/><UN n0="%79%61%37%37%33%33" n1="%EF%BC%94%EF%BC%97%EF%BC%90%EF%BC%99%EF%BC%90%EF%BC%96" n2="%E3%83%8A%E3%82%AB%E3%83%9E%E3%82%B9%E3%83%86%E3%82%A3%E3%83%95" n3="%E5%B0%B1%E6%B4%BB%E7%94%9F%40%E5%B7%9D%E6%9D%91%E8%BB%8D%E5%9B%A3" dan="14,16,15,15" rate="1987.81,2039.27,2048.46,2004.55" sx="M,M,M,M"/><TAIKYOKU oya="0"/><INIT seed="0,0,0,2,2,63" ten="250,250,250,250" oya="0" hai0="126,127,129,87,84,47,12,50,18,59,46,60,16" hai1="52,117,22,9,74,40,51,100,75,44,24,102,83" hai2="43,123,77,133,106,130,23,119,122,72,66,89,5" hai3="49,62,53,19,1,111,58,103,76,113,131,90,132"/><T78/><D129/><U118/><E9/><V114/><F106/><W80/><G1/><T85/><D78/><U99/><E102/><V97/><F114/><W37/><G113/><T88/><D126/><U10/><E10/><V107/><F43/><W32/><G37/><T73/><D73/><U48/><E75/><V2/><F130/><W71/><G32/><T6/><D127/><U121/><E121/><V108/><F108/><W96/><G111/><T82/><D6/><U35/><E35/><V104/><F66/><W30/><G131/><T31/><D31/><U33/><E33/><V14/><F2/><W13/><G30/><T15/><D47/><U65/><E65/><V112/><F112/><W27/><G27/><T7/><D7/><U116/><E83/><V3/><F3/><W91/><G132/><T34/><D34/><U41/><E74/><V4/><F133/><W55/><G80/><T101/><D101/><U0/><E0/><V8/><F119/><W29/><G29/><T95/><D18/><U69/><E69/><V81/><F23/><W11/><G76/><T67/><D95/><U54/><E41/><V98/><F5/><W86/><G86/><N who="0" m="33387" /><D16/><U36/><E36/><V21/><F21/><W135/><G135/><T20/><D20/><U17/><E40/><AGARI ba="0,0" hai="12,15,40,46,50,59,60,67,82,87,88" m="33387" machi="40" ten="30,5800,0" yaku="8,1,52,1,54,1" doraHai="63" who="0" fromWho="1" sc="250,58,250,-58,250,0,250,0" /><INIT seed="0,1,0,0,4,108" ten="308,192,250,250" oya="0" hai0="18,33,125,115,109,11,57,88,19,49,126,91,69" hai1="117,23,119,6,121,81,84,29,135,37,72,12,118" hai2="120,74,4,53,15,65,92,52,25,35,73,102,62" hai3="128,44,21,77,17,97,82,78,93,130,48,129,124"/><T36/><D69/><U133/><E72/><V127/><F127/><W75/><G124/><N who="0" m="47723" /><D33/><U27/><E37/><V116/><F116/><W14/><G78/><T66/><D36/><U86/><E81/><V89/><F102/><W30/><G30/><T112/><D109/><U63/><E63/><V50/><F120/><W95/><REACH who="3" step="1"/><G97/><REACH who="3" ten="308,192,250,240" step="2"/><T34/><D34/><U3/><E121/><V83/><F35/><W70/><G70/><T80/><D66/><U107/><E86/><V113/><F73/><W61/><G61/><T67/><D67/><U31/><E84/><V122/><F62/><W9/><G9/><T8/><D80/><U38/><E31/><V60/><F83/><W101/><G101/><T55/><D8/><N who="1" m="2143" /><E38/><V90/><F74/><W106/><G106/><T94/><D91/><U43/><E107/><V47/><F89/><W26/><G26/><T96/><D11/><U2/><E2/><V103/><F90/><W40/><AGARI ba="1,1" hai="14,17,21,40,44,48,75,77,82,93,95,128,129,130" machi="40" ten="30,4000,0" yaku="1,1,0,1,19,1,53,0" doraHai="108" doraHaiUra="32" who="3" fromWho="3" sc="308,-21,192,-11,250,-11,240,53" /><INIT seed="1,0,0,5,0,86" ten="287,181,239,293" oya="1" hai0="112,91,110,43,22,121,72,51,1,49,93,44,34" hai1="35,84,75,12,32,89,10,65,126,119,11,129,74" hai2="128,61,26,69,30,96,130,88,68,41,117,48,67" hai3="38,14,20,95,103,0,99,120,45,76,98,115,53"/><U134/><E119/><V127/><F117/><W82/><G0/><T81/><D34/><U123/><E123/><V90/><F127/><W97/><G120/><T109/><D121/><U122/><E122/><V50/><F69/><W19/><G115/><T47/><D1/><U40/><E126/><V114/><F96/><W132/><G132/><T113/><D22/><U5/><E134/><V17/><F17/><W54/><G38/><T105/><D105/><U55/><E129/><N who="2" m="49771" /><F114/><W135/><G135/><T39/><D39/><U133/><E133/><V28/><F41/><W15/><G15/><T131/><D131/><U42/><E40/><V64/><F64/><W33/><G33/><T29/><D29/><N who="2" m="11370" /><F26/><W18/><G18/><T7/><D7/><U27/><E65/><V94/><F94/><W71/><G71/><T116/><D116/><U66/><E42/><V2/><F2/><W9/><G9/><T46/><D43/><U92/><E66/><V106/><F106/><W4/><G4/><T63/><D112/><U57/><E27/><V23/><F23/><W70/><G70/><T77/><D113/><U101/><E11/><V107/><F107/><W73/><G53/><T85/><REACH who="0" step="1"/><D63/><REACH who="0" ten="277,181,239,293" step="2"/><N who="1" m="36287" /><E35/><V31/><F31/><W56/><G45/><T87/><D87/><U62/><E32/><V25/><F25/><W24/><G24/><T59/><D59/><U100/><E62/><AGARI ba="0,1" hai="14,19,20,54,56,62,73,76,82,95,97,98,99,103" machi="62" ten="30,1000,0" yaku="7,1" doraHai="86" who="3" fromWho="1" sc="277,0,181,-10,239,0,293,20" /><INIT seed="2,0,0,1,0,91" ten="277,171,239,313" oya="2" hai0="93,34,125,75,84,52,95,109,29,17,10,9,18" hai1="71,116,105,106,53,60,127,50,111,90,51,26,40" hai2="101,20,132,55,89,28,92,58,49,32,16,107,15" hai3="98,61,113,2,124,128,70,25,114,86,96,108,1"/><V120/><F120/><W41/><G41/><T134/><D75/><U69/><E116/><V46/><F132/><W68/><G25/><T73/><D73/><U54/><E26/><V100/><F107/><W117/><G117/><T47/><D34/><U135/><E90/><V21/><F32/><W81/><G108/><T122/><D122/><U115/><E106/><V118/><F118/><W6/><G124/><T103/><D109/><U33/><E33/><V4/><F4/><W0/><G6/><T123/><D123/><U57/><E105/><V8/><F46/><W66/><G70/><T80/><D29/><U85/><E85/><N who="2" m="52271" /><F20/><W42/><G42/><T83/><D125/><U19/><E19/><N who="0" m="7177" /><D134/><U38/><E111/><V35/><F35/><W76/><REACH who="3" step="1"/><G128/><REACH who="3" ten="277,171,239,303" step="2"/><T119/><D119/><U65/><E135/><V12/><F28/><W131/><G131/><T67/><D67/><U39/><E127/><V48/><F12/><W112/><AGARI ba="0,1" hai="0,1,2,61,66,68,76,81,86,96,98,112,113,114" machi="112" ten="40,5200,0" yaku="1,1,0,1,11,1,53,0" doraHai="91" doraHaiUra="36" who="3" fromWho="3" sc="277,-13,171,-13,239,-26,303,62" /><INIT seed="3,0,0,0,5,43" ten="264,158,213,365" oya="3" hai0="10,27,81,76,46,77,133,55,92,113,122,48,64" hai1="86,61,117,13,23,105,98,12,128,110,106,58,134" hai2="28,3,123,47,53,40,18,72,30,73,17,90,107" hai3="63,115,85,125,135,32,80,88,71,2,109,36,121"/><W74/><RYUUKYOKU type="yao9" ba="0,0" sc="264,0,158,0,213,0,365,0" hai3="2,32,36,63,71,74,80,85,88,109,115,121,125,135" /><INIT seed="3,1,0,2,5,46" ten="264,158,213,365" oya="3" hai0="3,90,12,37,134,70,14,75,80,54,7,107,113" hai1="88,31,47,40,116,124,76,84,25,48,68,45,120" hai2="52,110,121,21,111,13,6,106,119,62,60,28,51" hai3="19,38,127,104,99,24,23,50,125,105,53,58,2"/><W123/><G38/><T32/><D107/><U9/><E68/><V29/><F106/><W55/><G2/><T87/><D70/><U27/><E120/><V131/><F121/><W59/><G123/><T30/><D113/><U86/><E116/><V115/><F115/><W82/><G82/><T56/><D37/><U16/><E124/><N who="3" m="47690" /><G99/><T17/><D12/><N who="1" m="7183" /><E31/><V22/><F131/><W64/><G64/><T85/><D134/><U67/><E67/><V33/><F33/><W4/><G4/><T71/><D71/><U0/><E0/><V128/><F128/><W96/><G96/><T36/><D36/><U93/><E47/><N who="2" m="27775" /><F119/><W130/><G130/><T42/><D42/><U10/><E10/><N who="2" m="4311" /><F28/><W41/><G41/><T57/><D30/><U35/><E35/><V66/><F29/><W20/><G20/><N who="2" m="7785" /><F66/><W94/><G104/><T65/><D32/><U117/><E117/><V73/><F73/><W63/><G105/><T126/><D7/><U69/><E69/><V81/><F81/><AGARI ba="1,0" hai="25,27,40,45,48,76,81,84,86,88,93" m="7183" machi="81" ten="30,7700,0" yaku="8,1,52,1,54,2" doraHai="46" who="1" fromWho="2" sc="264,0,158,80,213,-80,365,0" /><INIT seed="4,0,0,0,5,81" ten="264,238,133,365" oya="0" hai0="1,76,21,3,0,118,63,82,56,17,32,28,113" hai1="57,44,114,14,46,26,104,84,90,34,59,18,94" hai2="77,23,109,50,93,7,86,16,5,131,71,61,127" hai3="43,67,134,105,87,107,25,47,103,65,99,54,95"/><T41/><D118/><U88/><E104/><V29/><F109/><W129/><G134/><T36/><D32/><U83/><E114/><V58/><F127/><W79/><G129/><T68/><D68/><U98/><E34/><V119/><F131/><W78/><G54/><T123/><D28/><U100/><E100/><V108/><F108/><W130/><G130/><T35/><D35/><U38/><E38/><V60/><F119/><W24/><G107/><T69/><D69/><U48/><E26/><N who="3" m="10346" /><G105/><T64/><D113/><U22/><E46/><V11/><F29/><W31/><G31/><T15/><D123/><U4/><E4/><V124/><F124/><W20/><G20/><T2/><N who="0" m="512" /><DORA hai="135" /><T115/><D115/><U66/><E66/><N who="3" m="25098" /><G87/><T74/><D41/><AGARI ba="0,0" hai="14,18,22,41,44,48,57,59,83,84,88,90,94,98" machi="41" ten="30,7700,0" yaku="7,1,8,1,52,1,54,1" doraHai="81,135" who="1" fromWho="0" sc="264,-77,238,77,133,0,365,0" /><INIT seed="5,0,0,5,0,13" ten="187,315,133,365" oya="1" hai0="57,21,95,41,80,16,20,53,119,92,23,9,85" hai1="47,18,45,38,100,81,63,118,84,76,12,74,4" hai2="62,104,131,32,17,87,123,94,0,71,96,19,86" hai3="89,110,3,90,54,73,56,93,77,126,51,75,26"/><U1/><E118/><V99/><F123/><W49/><G3/><T78/><D119/><U125/><E125/><V67/><F0/><W133/><G110/><T106/><D106/><U61/><E100/><V112/><F131/><W44/><G126/><T55/><D41/><U116/><E116/><V29/><F112/><W70/><G133/><T24/><D9/><U101/><E101/><N who="2" m="62503" /><F87/><W105/><G105/><T132/><D132/><U37/><E84/><V11/><F11/><W109/><G109/><T130/><D130/><U35/><E1/><V134/><F86/><W120/><G120/><T40/><D40/><U58/><E4/><V88/><F134/><W50/><G70/><T79/><D79/><U72/><E74/><V42/><F42/><W64/><G77/><T7/><D7/><U39/><E35/><V15/><F15/><W83/><G83/><T36/><D55/><U129/><E129/><V60/><F60/><W98/><G75/><T10/><D36/><U52/><REACH who="1" step="1"/><E61/><REACH who="1" ten="187,305,133,365" step="2"/><V30/><F30/><W135/><G73/><T91/><D10/><AGARI ba="0,1" hai="10,12,18,37,38,39,45,47,52,58,63,72,76,81" machi="10" ten="40,12000,1" yaku="1,1,2,1,52,1,54,1,53,1" doraHai="13" doraHaiUra="8" who="1" fromWho="0" sc="187,-120,305,130,133,0,365,0" /><INIT seed="5,1,0,0,5,15" ten="67,435,133,365" oya="1" hai0="55,106,127,110,83,50,78,97,120,65,29,34,7" hai1="35,63,67,108,112,109,13,75,58,24,40,44,126" hai2="10,88,5,8,124,117,133,48,73,82,2,72,42" hai3="66,39,43,26,68,91,116,61,1,130,45,119,81"/><U37/><E75/><V113/><F117/><N who="3" m="45131" /><G1/><T21/><D120/><U36/><E112/><V100/><F100/><W105/><G105/><T103/><D127/><U107/><E126/><V14/><F124/><W11/><G11/><T59/><D110/><U30/><E107/><V99/><F133/><W20/><G130/><T122/><D122/><U3/><E3/><V38/><F38/><W60/><G60/><T18/><D34/><U93/><E37/><V89/><F89/><W123/><G123/><T104/><D29/><U125/><E125/><V98/><F98/><W54/><G54/><T64/><D7/><U84/><E13/><V31/><F31/><N who="3" m="17863" /><G91/><T85/><REACH who="0" step="1"/><D106/><REACH who="0" ten="57,435,133,365" step="2"/><U90/><AGARI ba="1,1" hai="24,30,35,36,40,44,58,63,67,84,90,93,108,109" machi="90" ten="30,1500,0" yaku="0,1" doraHai="15" who="1" fromWho="1" sc="57,-6,435,28,133,-6,365,-6" /><INIT seed="5,2,0,0,4,63" ten="51,463,127,359" oya="1" hai0="0,77,80,34,62,11,97,61,30,46,126,112,92" hai1="135,50,86,49,72,22,31,122,25,91,29,48,7" hai2="24,64,16,35,39,6,90,18,110,40,119,15,88" hai3="12,83,47,28,2,120,37,106,78,74,66,99,32"/><U57/><E122/><V129/><F119/><W3/><G120/><T96/><D112/><U59/><E72/><V134/><F110/><W70/><G12/><T14/><D0/><U133/><E7/><V17/><F129/><W36/><G47/><T117/><D117/><U5/><E5/><V101/><F134/><W93/><G93/><T124/><D34/><U100/><E100/><V73/><F73/><W85/><G85/><T44/><D30/><U94/><REACH who="1" step="1"/><E31/><REACH who="1" ten="51,453,127,359" step="2"/><V67/><F101/><N who="3" m="62783" /><G2/><T118/><D118/><U75/><E75/><V115/><F6/><W65/><G3/><T8/><D14/><U55/><E55/><V51/><F15/><W42/><G42/><T116/><D116/><U1/><E1/><V98/><F115/><W52/><G52/><T109/><D92/><U41/><E41/><V128/><F40/><W102/><G102/><T23/><D80/><U4/><E4/><V82/><F82/><W131/><G131/><T132/><D132/><AGARI ba="2,1" hai="22,25,29,48,49,50,57,59,86,91,94,132,133,135" machi="132" ten="40,3900,0" yaku="1,1,20,1,53,0" doraHai="63" doraHaiUra="68" who="1" fromWho="0" sc="51,-45,453,55,127,0,359,0" /><INIT seed="5,3,0,3,4,103" ten="6,508,127,359" oya="1" hai0="37,52,60,1,130,129,35,82,31,72,6,101,85" hai1="99,125,76,128,26,97,13,95,54,14,19,40,17" hai2="36,122,100,58,131,90,127,27,32,41,62,24,74" hai3="94,134,42,73,12,120,123,118,9,83,108,106,50"/><U68/><E128/><N who="0" m="49257" /><D37/><U104/><E68/><V64/><F131/><W33/><G33/><T65/><D72/><U43/><E26/><V0/><F74/><W98/><G108/><T113/><D101/><U22/><E76/><V53/><F0/><W15/><G118/><T66/><D35/><U34/><E34/><V20/><F122/><W132/><G106/><T121/><D31/><U51/><E104/><V39/><F127/><W30/><G30/><T126/><D121/><U21/><E125/><V48/><F100/><W69/><G69/><T49/><D126/><U87/><E87/><V75/><F75/><W8/><G83/><T44/><D6/><U81/><E81/><V84/><F41/><N who="1" m="15945" /><E95/><V92/><F27/><W4/><G73/><T67/><D1/><U57/><AGARI ba="3,0" hai="13,14,17,19,21,22,51,54,57,97,99" m="15945" machi="57" ten="30,1500,0" yaku="8,1" doraHai="103" who="1" fromWho="1" sc="6,-8,508,24,127,-8,359,-8" owari="-2,-50.0,532,63.0,119,-28.0,351,15.0" /></mjloggm>