<mjloggm ver="2.3"><GO type="97" lobby="0"/><UN n0="%E3%81%A7%E3%82%93%E3%81%A7%E3%82%93%E8%99%AB" n1="%E5%B0%B1%E6%B4%BB%E7%94%9F%40%E5%B7%9D%E6%9D%91%E8%BB%8D%E5%9B%A3" n2="%E3%83%99%E3%83%9B%E3%82%A4%E3%83%9F" n3="%E3%83%87%E3%83%8D%E3%83%9C%E3%83%A9" dan="13,15,14,15" rate="1859.81,2001.95,1908.79,1996.96" sx="F,M,M,M"/><TAIKYOKU oya="0"/><INIT seed="0,0,0,1,3,13" ten="250,250,250,250" oya="0" hai0="77,36,18,57,98,7,91,76,63,117,71,99,46" hai1="81,67,132,130,54,70,2,114,86,44,16,116,109" hai2="87,55,106,6,82,94,79,52,66,123,111,73,10" hai3="24,23,75,5,32,102,105,50,25,127,100,124,45"/><T113/><D113/><U33/><E2/><V47/><F106/><W39/><G75/><T110/><D117/><U41/><E33/><V26/><F123/><W60/><G5/><T37/><D71/><U72/><E116/><V17/><F111/><W42/><G60/><T48/><D110/><U8/><E114/><V69/><F69/><W49/><G32/><T92/><D7/><U121/><E72/><V96/><F66/><W83/><G83/><T15/><D36/><U80/><E121/><V84/><F73/><W74/><G74/><T88/><D37/><U21/><E109/><V93/><F47/><W97/><G100/><T120/><D120/><U27/><E130/><V85/><F6/><W107/><G107/><T115/><D115/><U12/><E132/><V34/><F34/><W29/><REACH who="3" step="1"/><G25/><REACH who="3" ten="250,250,250,240" step="2"/><T56/><D91/><N who="1" m="51655" /><E70/><V134/><F134/><W59/><G59/><N who="0" m="22603" /><D63/><U64/><E81/><V51/><F82/><W90/><G90/><T101/><D101/><U89/><E89/><V30/><F26/><W9/><G9/><N who="0" m="6511" /><D99/><U53/><E67/><V118/><F96/><W61/><G61/><T58/><D58/><U1/><E1/><V4/><F118/><W112/><G112/><T43/><AGARI ba="0,1" hai="43,46,48,76,77,88,92,98" m="6511,22603" machi="43" ten="30,6000,0" yaku="8,1,52,1,54,1" doraHai="13" who="0" fromWho="0" sc="250,70,250,-20,250,-20,240,-20" /><INIT seed="0,1,0,3,0,6" ten="320,230,230,220" oya="0" hai0="65,124,21,48,1,26,64,77,19,56,69,68,107" hai1="23,122,47,98,119,130,36,89,16,2,110,73,104" hai2="12,55,111,85,3,7,113,70,133,95,9,35,8" hai3="34,18,15,103,10,114,66,27,4,62,79,88,71"/><T32/><D107/><U63/><E2/><V44/><F70/><W83/><G114/><T20/><D32/><U33/><E33/><V135/><F111/><W91/><G103/><T41/><D1/><U120/><E119/><V126/><F113/><W61/><G61/><T132/><D132/><N who="2" m="50762" /><F35/><W118/><G118/><T11/><D124/><U25/><E73/><V42/><F126/><W129/><G129/><T78/><D69/><U123/><E130/><V29/><F29/><W80/><G80/><T46/><D68/><U13/><E110/><V24/><F24/><W38/><G38/><T82/><D56/><U58/><E47/><V116/><F116/><W31/><REACH who="3" step="1"/><G18/><REACH who="3" ten="320,230,230,210" step="2"/><T84/><D77/><U75/><E36/><V57/><F95/><W100/><G100/><T37/><D37/><U96/><E75/><AGARI ba="1,1" hai="4,10,15,27,31,34,62,66,71,75,79,83,88,91" machi="75" ten="30,7700,0" yaku="1,1,7,1,52,1,54,1,53,0" doraHai="6" doraHaiUra="52" who="3" fromWho="1" sc="320,0,230,-80,230,0,210,90" /><INIT seed="1,0,0,3,4,18" ten="320,150,230,300" oya="1" hai0="23,17,81,92,43,123,19,88,69,102,35,119,20" hai1="103,68,34,40,27,31,7,44,11,41,93,84,105" hai2="3,8,28,96,94,37,85,131,45,5,30,16,6" hai3="53,98,113,114,125,99,56,133,15,70,117,90,52"/><U95/><E68/><V104/><F131/><W47/><G70/><T22/><D35/><U63/><E105/><V77/><F104/><W51/><G133/><T78/><D69/><U65/><E103/><V61/><F6/><W132/><G132/><T39/><D119/><U130/><E130/><V12/><F61/><W54/><G117/><T134/><D134/><U48/><E40/><V21/><F37/><W64/><G125/><T127/><D127/><U126/><E126/><V55/><F55/><W118/><G118/><T42/><D123/><U106/><E106/><V101/><REACH who="2" step="1"/><F45/><REACH who="2" ten="320,150,220,300" step="2"/><W80/><G53/><T66/><D39/><U73/><E73/><V13/><F13/><W115/><G64/><T129/><D66/><U62/><E62/><V46/><F46/><W49/><G15/><T110/><D129/><U32/><E32/><V60/><F60/><W121/><G121/><T9/><D110/><U135/><E135/><V128/><F128/><W89/><G114/><T72/><D102/><U14/><REACH who="1" step="1"/><E84/><REACH who="1" ten="320,140,220,300" step="2"/><V83/><AGARI ba="0,2" hai="3,5,8,12,16,21,28,30,77,83,85,94,96,101" machi="83" ten="30,8000,1" yaku="1,1,0,1,52,1,54,1,53,1" doraHai="18" doraHaiUra="33" who="2" fromWho="2" sc="320,-20,140,-40,220,100,300,-20" /><INIT seed="2,0,0,0,3,110" ten="300,100,320,280" oya="2" hai0="27,79,23,73,25,76,85,101,51,3,26,12,47" hai1="120,4,38,105,115,6,30,0,52,28,43,29,37" hai2="116,125,124,55,8,18,40,14,10,83,57,77,72" hai3="104,31,80,7,48,92,118,54,59,68,56,9,34"/><V61/><F116/><W39/><G118/><T97/><D73/><U95/><E120/><V45/><REACH who="2" step="1"/><F8/><REACH who="2" ten="300,100,310,280" step="2"/><W19/><G9/><T63/><D3/><U21/><E105/><V78/><F78/><W133/><G104/><T87/><D79/><U2/><E115/><V24/><F24/><W42/><G133/><T70/><D76/><U71/><E71/><V130/><F130/><W94/><G68/><T127/><D26/><U35/><E35/><V114/><F114/><W93/><G34/><T132/><D27/><U135/><E135/><V13/><F13/><W15/><G15/><T112/><D25/><U75/><E75/><V33/><F33/><W36/><G31/><T98/><D132/><U128/><E128/><V46/><F46/><W20/><G20/><T1/><D23/><U117/><E117/><V86/><F86/><W69/><G69/><T122/><D1/><U53/><E38/><AGARI ba="0,1" hai="10,14,18,38,40,45,55,57,61,72,77,83,124,125" machi="38" ten="40,2000,0" yaku="1,1,53,0" doraHai="110" doraHaiUra="111" who="2" fromWho="1" sc="300,0,100,-20,310,30,280,0" /><INIT seed="2,1,0,1,3,70" ten="300,80,340,280" oya="2" hai0="123,130,16,104,74,36,59,102,69,11,100,27,103" hai1="72,9,1,33,52,63,83,53,15,65,96,39,29" hai2="113,79,8,78,89,110,114,12,115,117,35,94,108" hai3="71,73,91,18,121,93,25,95,21,97,0,127,118"/><V92/><F35/><W109/><G121/><T131/><D74/><U26/><E1/><V116/><F8/><W28/><G118/><N who="2" m="45673" /><F12/><W37/><G109/><N who="2" m="42089" /><F94/><W119/><G127/><T30/><D69/><U19/><E96/><AGARI ba="1,0" hai="78,79,89,92,96,113,114,115" m="42089,45673" machi="96" ten="40,12000,1" yaku="14,1,10,1,34,2" doraHai="70" who="2" fromWho="1" sc="300,0,80,-123,340,123,280,0" owari="300,10.0,-43,-54.0,463,56.0,280,-12.0" /></mjloggm>