<mjloggm ver="2.3"><GO type="169" lobby="0"/><UN n0="%E5%A4%A9%E7%A9%BA%73%61%79%61" n1="%E3%82%A6%E3%83%AB%E3%83%88%E3%83%A9%E7%AB%8B%E7%9B%B4" n2="%E8%A5%BF%E6%9D%91%E9%9B%84%E4%B8%80%E9%83%8E" n3="%E3%82%B8%E3%82%A7%E3%83%B3%E3%83%88" dan="16,17,16,16" rate="2129.92,2178.14,2091.86,2034.19" sx="M,M,M,M"/><TAIKYOKU oya="0"/><INIT seed="0,0,0,2,4,50" ten="250,250,250,250" oya="0" hai0="93,110,2,119,3,7,80,9,128,104,25,134,16" hai1="61,66,28,96,42,32,83,70,20,78,41,123,81" hai2="19,91,116,101,92,36,53,43,115,40,5,44,56" hai3="12,126,4,46,48,108,62,21,29,118,100,111,103"/><T57/><D104/><U64/><E123/><V15/><F115/><W86/><G118/><T38/><D119/><U122/><E122/><V67/><F116/><W31/><G126/><T47/><D38/><U75/><E66/><V130/><F130/><W99/><G86/><T51/><D128/><U89/><E20/><V69/><F43/><W84/><G62/><T23/><D134/><U88/><E89/><V59/><F5/><W94/><G84/><T49/><D110/><N who="3" m="42025" /><G103/><T30/><D80/><U34/><E83/><V95/><F101/><W107/><G94/><T74/><D74/><U109/><E109/><V35/><F35/><W1/><G1/><T105/><D105/><U85/><E34/><V13/><F69/><W71/><G71/><T112/><D112/><U39/><E39/><V18/><F67/><W58/><G58/><T97/><D57/><U124/><E124/><V127/><F127/><W6/><G12/><N who="0" m="5183" /><D30/><N who="3" m="11273" /><G21/><T55/><D2/><U8/><E75/><V133/><F133/><W77/><G77/><T65/><D3/><U11/><E78/><V24/><F59/><W117/><G117/><T14/><D65/><U45/><E64/><V37/><F95/><W98/><G107/><T0/><D0/><U10/><E70/><V73/><F36/><W54/><G100/><N who="0" m="60463" /><D51/><N who="1" m="27055" /><E61/><N who="2" m="35983" /><F73/><W113/><G113/><T72/><D72/><U135/><E135/><V82/><F82/><W87/><G6/><T114/><D114/><U106/><E106/><V17/><F92/><W79/><G4/><T120/><D120/><U131/><E81/><AGARI ba="0,0" hai="46,48,54,79,81,87,98,99" m="11273,42025" machi="81" ten="30,2000,0" yaku="14,1,52,1" doraHai="50" who="3" fromWho="1" sc="250,0,250,-20,250,0,250,20" /><INIT seed="1,0,0,4,0,104" ten="250,230,250,270" oya="1" hai0="115,134,73,59,64,130,121,37,6,70,39,35,82" hai1="125,68,14,20,41,85,116,122,2,103,7,99,13" hai2="62,128,52,49,4,21,9,33,83,98,26,92,60" hai3="31,19,32,27,100,113,108,43,84,114,111,126,15"/><U25/><E122/><V36/><F36/><W86/><G100/><T65/><D35/><U71/><E116/><V58/><F33/><W12/><G43/><T54/><D6/><U107/><E125/><V24/><F83/><W40/><G40/><T120/><D115/><N who="3" m="44041" /><G126/><T102/><D102/><U106/><E41/><V131/><F26/><W63/><G63/><N who="0" m="40255" /><D134/><U5/><E2/><V109/><F109/><N who="3" m="42059" /><G12/><T101/><D101/><U0/><E0/><V124/><F124/><W29/><G29/><T91/><D130/><N who="2" m="49706" /><F92/><W133/><G133/><T67/><D39/><U89/><E107/><V80/><F80/><W1/><G1/><T22/><D37/><U135/><E135/><V50/><F98/><W56/><G56/><T81/><D59/><U79/><E79/><V74/><F62/><W95/><G95/><T46/><D121/><U57/><E57/><V28/><F50/><W66/><G66/><T34/><D67/><U105/><E105/><V53/><F53/><W123/><G123/><T94/><D54/><U47/><E47/><V93/><F93/><W61/><G61/><T75/><D64/><U51/><E51/><V18/><F28/><W90/><G90/><T38/><D91/><U112/><E112/><V16/><F49/><W44/><G44/><T72/><D46/><U97/><E71/><V127/><F127/><W110/><G110/><T48/><D94/><N who="1" m="54575" /><E68/><V77/><F24/><W23/><AGARI ba="0,0" hai="15,19,23,27,31,32,84,86" m="42059,44041" machi="23" ten="30,1100,0" yaku="14,1" doraHai="104" who="3" fromWho="3" sc="250,-3,230,-5,250,-3,270,11" /><INIT seed="2,0,0,3,2,117" ten="247,225,247,281" oya="2" hai0="4,93,64,78,59,15,70,41,47,53,55,35,27" hai1="26,7,135,60,22,106,24,97,99,36,120,38,69" hai2="73,80,134,131,128,28,39,133,48,19,66,58,0" hai3="62,8,14,6,110,86,96,61,11,89,112,84,45"/><V116/><F39/><W108/><G112/><T51/><D70/><U98/><E106/><V71/><F116/><W100/><G45/><T90/><D78/><U83/><E135/><N who="2" m="51723" /><F0/><W74/><G74/><T94/><D94/><U42/><E7/><V119/><F119/><W113/><G86/><T31/><D64/><U91/><E42/><V43/><F28/><W5/><G113/><T88/><D90/><U20/><E60/><N who="2" m="40391" /><F19/><W75/><G75/><T126/><D126/><U77/><E69/><V130/><F80/><W76/><G6/><T111/><D31/><U122/><E91/><V13/><F13/><W37/><G89/><T17/><D15/><U123/><E83/><V44/><F73/><W50/><G37/><N who="1" m="14442" /><E77/><V12/><F12/><W102/><G14/><T107/><D17/><U1/><E1/><V33/><F33/><W46/><G76/><T132/><D35/><U16/><E16/><V104/><F104/><W68/><G5/><T114/><D107/><U118/><E118/><V67/><F67/><W121/><G68/><T30/><D4/><U92/><E92/><V95/><F95/><W23/><G102/><T10/><D132/><U25/><AGARI ba="0,0" hai="20,22,24,25,26,97,98,99,120,122,123" m="14442" machi="25" ten="50,16000,3" yaku="29,2,28,2,13,1,52,3" doraHai="117" who="1" fromWho="1" sc="247,-40,225,160,247,-80,281,-40" /><INIT seed="3,0,0,0,3,68" ten="207,385,167,241" oya="3" hai0="124,37,109,56,77,49,43,7,29,36,100,98,15" hai1="18,101,70,118,14,81,126,67,64,90,65,32,119" hai2="92,122,33,47,45,112,26,84,41,82,95,3,125" hai3="75,113,114,103,52,4,80,54,72,89,96,2,13"/><W106/><G2/><T9/><D109/><U69/><E32/><V51/><F112/><W102/><G102/><T40/><D124/><U63/><E126/><V134/><F125/><W71/><G71/><T99/><D29/><U48/><E48/><V97/><F3/><W25/><G89/><T31/><D31/><U22/><E101/><V110/><F122/><W131/><G131/><T62/><D77/><U66/><E70/><V116/><F116/><N who="1" m="44585" /><E90/><V85/><F134/><W94/><G106/><T42/><D49/><U132/><E81/><V55/><F110/><W76/><G75/><T127/><D127/><U1/><E1/><V12/><F26/><W111/><G25/><T74/><D74/><U20/><E132/><V120/><F33/><W61/><G111/><T58/><D99/><U24/><E24/><V10/><F120/><W133/><G133/><T57/><REACH who="0" step="1"/><D62/><REACH who="0" ten="197,385,167,241" step="2"/><U86/><E86/><V17/><F85/><W87/><G87/><T19/><D19/><U27/><E63/><V117/><F117/><W6/><G61/><T104/><AGARI ba="0,1" hai="7,9,15,36,37,40,42,43,56,57,58,98,100,104" machi="104" ten="30,7900,0" yaku="1,1,0,1,52,2,53,0" doraHai="68" doraHaiUra="135" who="0" fromWho="0" sc="197,89,385,-20,167,-20,241,-39" /><INIT seed="4,0,0,3,5,5" ten="286,365,147,202" oya="0" hai0="62,6,85,41,120,25,110,21,132,96,71,103,24" hai1="99,131,35,95,43,44,15,4,2,1,98,57,130" hai2="125,32,63,77,112,87,82,68,19,107,12,7,17" hai3="76,28,75,80,37,128,101,81,83,36,114,11,30"/><T73/><D120/><U113/><E35/><V22/><F112/><W79/><G114/><T39/><D73/><U115/><E15/><V34/><F125/><W134/><G101/><T90/><D132/><U124/><E124/><V58/><F107/><W93/><G93/><T27/><D110/><U72/><E72/><V126/><F126/><W53/><G128/><N who="1" m="49194" /><E57/><V60/><F7/><W111/><G134/><T51/><D39/><U16/><E16/><V42/><F42/><W94/><G94/><T122/><D122/><U10/><E2/><V116/><F116/><W129/><G129/><T84/><D6/><U55/><E55/><V135/><F135/><W133/><G133/><T89/><D21/><U105/><E105/><V56/><F68/><W123/><G123/><T3/><D3/><U49/><E99/><V20/><F56/><W33/><G53/><T64/><D85/><U23/><E23/><V119/><F119/><W38/><G111/><T9/><D84/><U97/><E97/><V47/><F47/><W92/><G33/><T86/><D86/><U14/><E1/><V106/><F106/><W13/><G92/><N who="0" m="58759" /><D9/><U104/><E104/><V102/><F102/><AGARI ba="0,0" hai="4,10,14,43,44,49,95,98,102,113,115" m="49194" machi="102" ten="30,2000,0" yaku="19,1,52,1" doraHai="5" who="1" fromWho="2" sc="286,0,365,20,147,-20,202,0" /><INIT seed="5,0,0,3,2,125" ten="286,385,127,202" oya="1" hai0="135,2,60,84,50,26,111,28,13,106,96,5,77" hai1="100,15,115,116,121,99,90,32,128,80,0,8,129" hai2="110,25,29,85,24,118,82,83,130,74,1,22,105" hai3="59,78,56,122,108,107,131,69,71,98,38,87,67"/><U54/><E32/><V79/><F110/><W103/><G38/><T120/><D111/><U123/><E0/><V30/><F118/><W49/><G108/><T95/><D2/><U88/><E116/><V62/><F1/><W4/><G122/><T17/><D135/><U70/><E70/><V114/><F105/><W46/><G4/><T27/><D5/><U126/><E54/><V113/><F62/><W86/><G87/><T39/><D39/><U48/><E48/><V41/><F41/><W119/><G119/><T117/><D117/><U63/><E63/><V9/><F9/><W7/><G7/><T43/><D120/><U33/><E33/><V12/><F12/><W133/><G133/><T76/><D106/><U81/><E126/><V127/><F127/><W44/><G69/><T31/><D60/><U45/><E45/><V58/><F58/><W18/><G67/><T35/><D50/><U97/><E15/><V36/><F36/><W93/><G71/><T64/><D43/><U42/><E8/><V75/><F130/><W92/><G46/><T57/><D64/><U89/><E42/><V14/><F14/><W109/><G109/><T11/><D57/><U6/><E6/><V104/><F104/><W112/><G107/><T65/><D65/><U61/><E61/><V40/><F40/><W68/><G68/><T101/><D84/><U34/><E123/><V52/><F52/><W21/><G59/><T102/><D102/><U132/><E121/><V94/><F94/><W91/><G56/><T53/><D53/><U3/><E132/><V23/><F85/><RYUUKYOKU ba="0,0" sc="286,15,385,-15,127,15,202,-15" hai0="11,13,17,26,27,28,31,35,76,77,95,96,101" hai2="22,23,24,25,29,30,74,75,79,82,83,113,114" /><INIT seed="6,1,0,4,0,6" ten="301,370,142,187" oya="2" hai0="9,111,28,48,75,125,114,55,53,26,24,81,16" hai1="17,92,132,105,80,72,82,59,118,15,98,116,95" hai2="61,106,52,84,30,27,57,126,73,37,123,112,121" hai3="108,0,113,110,102,70,22,19,117,49,2,44,135"/><V5/><F73/><W50/><G70/><T40/><D111/><U31/><E31/><V96/><F112/><W60/><G117/><T41/><D114/><U3/><E3/><V67/><F37/><W32/><G32/><T20/><D125/><U74/><E59/><V39/><F39/><W78/><G113/><T25/><D75/><U130/><E15/><V71/><F126/><W46/><G135/><T91/><D28/><U51/><E17/><V100/><F84/><W94/><G60/><T4/><D4/><U38/><E51/><V64/><F5/><W129/><G78/><T23/><D9/><U120/><E38/><V124/><F124/><W7/><G129/><T34/><D34/><U104/><E98/><V12/><F12/><W1/><G7/><T56/><D53/><U42/><E42/><N who="0" m="16489" /><D23/><U133/><E130/><V127/><F127/><W11/><G108/><T128/><D128/><U86/><E86/><AGARI ba="1,0" hai="16,20,24,25,26,48,55,56,81,86,91" m="16489" machi="86" ten="30,2000,0" yaku="8,1,54,1" doraHai="6" who="0" fromWho="1" sc="301,23,370,-23,142,0,187,0" /><INIT seed="7,0,0,2,1,67" ten="324,347,142,187" oya="3" hai0="113,71,13,75,40,73,93,19,54,120,81,29,49" hai1="82,51,85,134,123,58,86,20,42,121,3,79,48" hai2="25,57,1,99,55,103,115,35,14,0,102,74,65" hai3="125,96,107,37,78,98,111,53,22,80,92,70,12"/><W114/><G37/><T28/><D120/><U50/><E3/><V10/><F115/><W97/><G107/><T15/><D113/><U112/><E112/><V27/><F74/><W94/><G114/><T109/><D109/><U32/><E32/><V59/><F35/><W47/><G125/><T21/><D71/><U36/><E36/><V69/><F0/><W122/><G70/><T76/><D75/><U38/><E58/><V31/><F1/><W108/><G122/><T34/><D34/><U83/><E134/><V17/><F69/><W64/><G64/><T66/><D66/><U132/><E132/><V105/><F105/><W77/><G12/><T116/><D116/><U100/><E100/><V60/><F31/><W133/><G22/><T2/><D2/><U68/><E68/><V88/><F103/><W23/><G23/><T101/><D40/><U9/><E9/><V30/><F102/><W56/><G47/><T130/><D130/><U41/><E20/><V84/><F99/><W126/><G133/><T43/><D43/><N who="1" m="16395" /><E38/><V44/><F44/><W46/><G46/><T45/><REACH who="0" step="1"/><D15/><REACH who="0" ten="314,347,142,187" step="2"/><U95/><E121/><V16/><F30/><W5/><G111/><T106/><D106/><U26/><E123/><V18/><F18/><W4/><G108/><T90/><D90/><N who="1" m="53719" /><E26/><V91/><F17/><W124/><G124/><T33/><D33/><U39/><E39/><V87/><F84/><N who="3" m="48143" /><G126/><T52/><D52/><U128/><E128/><V118/><F118/><W7/><G78/><T72/><D72/><U104/><E104/><V117/><F117/><W61/><AGARI ba="0,1" hai="4,5,7,53,56,61,92,94,96,97,98" m="48143" machi="61" ten="30,3000,0" yaku="5,1,8,1" doraHai="67" who="3" fromWho="3" sc="314,-10,347,-10,142,-10,187,40" /><INIT seed="7,1,0,5,4,75" ten="304,337,132,227" oya="3" hai0="77,12,130,23,58,14,13,49,10,32,125,20,120" hai1="54,55,98,17,39,69,118,15,36,53,111,89,76" hai2="116,103,52,42,124,24,21,108,27,63,117,102,41" hai3="99,29,70,57,91,119,112,74,106,59,100,35,31"/><W40/><G70/><T127/><D120/><U2/><E2/><V64/><F108/><W6/><G119/><T110/><D110/><U46/><E69/><V105/><F124/><N who="0" m="47690" /><D130/><U30/><E76/><V26/><F116/><W11/><G74/><T19/><D77/><U109/><E30/><V43/><F117/><W25/><G31/><T71/><D71/><U5/><E5/><V94/><F105/><W1/><G112/><T114/><D114/><U37/><E46/><V128/><F128/><W22/><G40/><T51/><D58/><U135/><E135/><V38/><F38/><W28/><G28/><T113/><D113/><U72/><E72/><V86/><F64/><W126/><G126/><T61/><D61/><U92/><REACH who="1" step="1"/><E118/><REACH who="1" ten="304,327,132,227" step="2"/><V65/><F65/><W4/><G6/><T9/><D32/><U34/><E34/><V132/><F132/><W104/><G35/><T93/><D93/><U84/><E84/><V90/><REACH who="2" step="1"/><F21/><AGARI ba="1,1" hai="15,17,21,36,37,39,53,54,55,89,92,98,109,111" machi="21" ten="50,1600,0" yaku="1,1,53,0" doraHai="75" doraHaiUra="33" who="1" fromWho="2" sc="304,0,327,29,132,-19,227,0" owari="304,10.0,356,46.0,113,-39.0,227,-17.0" /></mjloggm>