<mjloggm ver="2.3"><GO type="97" lobby="0"/><UN n0="%E3%82%88%E3%81%93%E3%83%BC%E3%81%98" n1="%E5%B0%B1%E6%B4%BB%E7%94%9F%40%E5%B7%9D%E6%9D%91%E8%BB%8D%E5%9B%A3" n2="%E8%8E%AB%E6%9C%88%40%E7%83%8F%E9%B4%89%E8%BB%8D%E5%9C%98" n3="%6D%69%31%33%36%31" dan="14,15,13,13" rate="1930.82,2027.59,2055.74,1844.81" sx="M,M,F,M"/><TAIKYOKU oya="0"/><INIT seed="0,0,0,0,0,91" ten="250,250,250,250" oya="0" hai0="43,41,35,37,69,134,103,97,21,23,53,86,2" hai1="63,26,92,79,107,42,75,88,49,10,112,83,77" hai2="95,8,122,33,70,116,124,4,65,1,119,7,64" hai3="6,98,25,48,128,0,115,51,61,127,135,38,27"/><T94/><D35/><U29/><E107/><V11/><F70/><W32/><G38/><T5/><D69/><U56/><E79/><V100/><F122/><W67/><G115/><T105/><D134/><U73/><E112/><V50/><F124/><W118/><G127/><T96/><D86/><U110/><E110/><V13/><F33/><W74/><G74/><T125/><D125/><U60/><E10/><V108/><F108/><W24/><G128/><T45/><D43/><U82/><E82/><V36/><F36/><W40/><G118/><N who="2" m="45097" /><F50/><W9/><G135/><T30/><D30/><U76/><E76/><V80/><F80/><W117/><G117/><T52/><D2/><U55/><E42/><V87/><F87/><W81/><G81/><T85/><D5/><U3/><E3/><V102/><F102/><W132/><G132/><T114/><D114/><U133/><E75/><V18/><F7/><W59/><G32/><T57/><D85/><U129/><E129/><V89/><F89/><W68/><G40/><T72/><D72/><U104/><E104/><V120/><F120/><W14/><G0/><T15/><D15/><U71/><E71/><V62/><F62/><W58/><G98/><AGARI ba="0,0" hai="1,4,8,11,13,18,64,65,95,98,100" m="45097" machi="98" ten="30,2000,0" yaku="12,1,52,1" doraHai="91" who="2" fromWho="3" sc="250,0,250,0,250,20,250,-20" /><INIT seed="1,0,0,4,1,134" ten="250,250,270,230" oya="1" hai0="102,79,113,86,72,57,34,130,70,10,123,28,23" hai1="30,97,76,24,92,48,40,29,39,69,33,100,61" hai2="14,3,31,83,115,59,96,25,54,15,18,124,108" hai3="111,6,135,51,121,12,103,11,110,41,9,120,74"/><U128/><E128/><V37/><F37/><W131/><G74/><T116/><D70/><U126/><E30/><V119/><F119/><W55/><G103/><T66/><D113/><U93/><E76/><V127/><F115/><W47/><G135/><T133/><D116/><U32/><E32/><V20/><F3/><W84/><G131/><T7/><D123/><U27/><E24/><V21/><F108/><N who="3" m="41515" /><G84/><T43/><D72/><U52/><E126/><N who="2" m="48171" /><F83/><W105/><G105/><T98/><D43/><U118/><E39/><V36/><F36/><W82/><G82/><T5/><D34/><U87/><E40/><V53/><F96/><W19/><G41/><T109/><D98/><U91/><E118/><V106/><F106/><W77/><G77/><T107/><D102/><U132/><E132/><V46/><F46/><W49/><G49/><T45/><D45/><U75/><E75/><V35/><F59/><W42/><G42/><T64/><D57/><U56/><E69/><V67/><F67/><W60/><G60/><T4/><D66/><U88/><E100/><V99/><F99/><W50/><G50/><T94/><D64/><U114/><E114/><V122/><F122/><W13/><AGARI ba="0,0" hai="6,9,11,12,13,19,47,51,55,120,121" m="41515" machi="13" ten="30,1100,0" yaku="14,1" doraHai="134" who="3" fromWho="3" sc="250,-3,250,-5,270,-3,230,11" /><INIT seed="2,0,0,4,2,64" ten="247,245,267,241" oya="2" hai0="75,73,2,135,62,31,88,84,95,57,38,36,18" hai1="40,71,24,72,44,11,66,99,92,103,25,118,39" hai2="133,34,105,123,26,76,101,30,113,112,93,110,134" hai3="126,63,60,104,114,65,87,120,127,51,16,27,8"/><V128/><F76/><W54/><G104/><T82/><D2/><U14/><E118/><V121/><F105/><W29/><G120/><N who="2" m="46153" /><F101/><W80/><G114/><N who="2" m="44137" /><F93/><W97/><G97/><T131/><D131/><U17/><E72/><V74/><F74/><W96/><G96/><T50/><D135/><N who="2" m="51722" /><F110/><W124/><G65/><T37/><D50/><U81/><E81/><V125/><F125/><W42/><G42/><T117/><D73/><U3/><E3/><V7/><F7/><W28/><G28/><T100/><D100/><U102/><E102/><V21/><F128/><W52/><G54/><T90/><D75/><U58/><E58/><V1/><F1/><W106/><G106/><T116/><D57/><U98/><E99/><V56/><F56/><N who="3" m="32799" /><G87/><T48/><D48/><U69/><E66/><V83/><F83/><W68/><G68/><T35/><D62/><U43/><E43/><V0/><F0/><W91/><G91/><T122/><D122/><U85/><E85/><V129/><F129/><W49/><G49/><T23/><D90/><U94/><E92/><V111/><F111/><W32/><G80/><T67/><D95/><U19/><E94/><V79/><F79/><W61/><G61/><T53/><D67/><U109/><E98/><V13/><F13/><AGARI ba="0,0" hai="8,13,16,27,29,32,60,63,124,126,127" m="32799" machi="13" ten="30,3900,0" yaku="18,1,54,2" doraHai="64" who="3" fromWho="2" sc="247,0,245,0,267,-39,241,39" /><INIT seed="3,0,0,5,4,10" ten="247,245,228,280" oya="3" hai0="110,14,1,6,62,105,124,44,121,20,97,50,82" hai1="104,46,7,127,70,75,91,17,3,9,43,13,5" hai2="45,22,109,67,65,106,19,12,86,99,129,130,93" hai3="38,122,28,37,58,21,2,134,48,56,113,8,125"/><W85/><G122/><T128/><D121/><U84/><E75/><V92/><F109/><W108/><G113/><T111/><D1/><U15/><E104/><V59/><F45/><W4/><G108/><N who="0" m="41515" /><D128/><N who="2" m="49258" /><F86/><W73/><G73/><T31/><D124/><U115/><E70/><V33/><F33/><W23/><G125/><T61/><D82/><U83/><E127/><V88/><F106/><W40/><G134/><T107/><D31/><U74/><E115/><V77/><F93/><W81/><G38/><T55/><D97/><U68/><E68/><V72/><F59/><W11/><G37/><T66/><D6/><U27/><E74/><V36/><F36/><W60/><G11/><T25/><D25/><U112/><E112/><V0/><F0/><W26/><G23/><T63/><D66/><N who="2" m="25098" /><F72/><W133/><G133/><T47/><D47/><U51/><E3/><V64/><N who="2" m="25106" /><V131/><N who="2" m="49266" /><DORA hai="49" /><V30/><DORA hai="118" /><F30/><W120/><G120/><T76/><D76/><AGARI ba="0,0" hai="12,19,22,76,77,88,92,99" m="25106,49266" machi="76" ten="50,6400,0" yaku="19,1,52,1,54,1" doraHai="10,49,118" who="2" fromWho="0" sc="247,-64,245,0,228,64,280,0" /><INIT seed="4,0,0,0,2,74" ten="183,245,292,280" oya="0" hai0="51,105,52,56,45,98,65,0,31,5,128,114,82" hai1="80,77,133,94,84,116,86,110,29,89,81,3,61" hai2="19,135,78,10,53,134,40,124,9,75,23,107,13" hai3="30,90,85,25,88,41,18,91,34,68,106,24,117"/><T83/><D114/><U42/><E3/><V15/><F107/><W126/><G68/><T57/><D128/><U55/><E110/><V109/><F109/><W50/><G117/><T125/><D125/><U7/><E116/><V32/><F124/><W37/><G37/><T101/><D31/><U4/><E133/><N who="2" m="50699" /><F32/><W44/><G106/><T115/><D115/><U123/><E123/><V104/><F104/><W27/><G126/><T36/><D36/><U59/><E29/><V132/><N who="2" m="50707" /><V87/><DORA hai="35" /><F75/><W39/><G39/><T54/><D65/><U49/><E94/><V6/><F40/><W118/><G118/><T26/><D26/><N who="3" m="10345" /><G34/><T69/><D69/><U38/><E38/><V76/><F87/><W111/><G30/><T119/><D119/><U28/><E28/><V12/><F53/><W97/><G97/><T93/><D105/><U66/><REACH who="1" step="1"/><E42/><REACH who="1" ten="183,235,292,280" step="2"/><V100/><F100/><W99/><G111/><T73/><D73/><U11/><E11/><V20/><F20/><N who="3" m="13719" /><G99/><T79/><D54/><U22/><E22/><V108/><F108/><W102/><G102/><T112/><D112/><U64/><E64/><V63/><F63/><W71/><G71/><AGARI ba="0,1" hai="4,7,49,55,59,61,66,71,77,80,81,84,86,89" machi="71" ten="30,3900,0" yaku="1,1,7,1,52,1,53,0" doraHai="74,35" doraHaiUra="92,131" who="1" fromWho="3" sc="183,0,235,49,292,0,280,-39" /><INIT seed="5,0,0,1,5,67" ten="183,284,292,241" oya="1" hai0="60,62,82,124,5,102,17,26,1,81,52,95,32" hai1="97,90,106,20,107,123,16,132,50,23,110,104,87" hai2="61,116,109,111,70,78,19,21,98,112,3,48,28" hai3="11,63,103,93,56,74,85,100,88,80,47,18,33"/><U89/><E123/><V84/><F3/><W30/><G33/><T83/><D124/><U64/><E132/><V42/><F116/><W14/><G30/><T121/><D121/><U39/><E39/><V65/><F112/><W66/><G74/><T130/><D130/><U58/><E110/><V45/><F28/><W51/><G93/><T53/><D32/><U27/><E23/><V115/><F115/><W91/><G91/><T128/><D128/><U99/><E89/><V108/><F98/><W22/><G22/><N who="0" m="13647" /><D5/><U86/><E86/><V131/><F131/><W8/><G8/><T13/><D1/><U35/><E35/><V101/><F101/><W4/><G4/><T44/><D13/><U24/><E24/><V77/><REACH who="2" step="1"/><F84/><REACH who="2" ten="183,284,282,241" step="2"/><W126/><G126/><T133/><D133/><U135/><E135/><V73/><F73/><W72/><G72/><T71/><D102/><U105/><E105/><V129/><F129/><W117/><G117/><T127/><D127/><U57/><E99/><V75/><F75/><W54/><AGARI ba="0,1" hai="11,14,18,47,51,54,56,63,66,80,85,88,100,103" machi="54" ten="20,12000,2" yaku="0,1,7,1,25,2,8,1,54,1" doraHai="67" who="3" fromWho="3" sc="183,-30,284,-60,282,-30,241,130" owari="153,-35.0,224,-18.0,252,5.0,371,48.0" /></mjloggm>