<mjloggm ver="2.3"><GO type="233" lobby="0"/><UN n0="%E5%8F%8A%E5%B7%9D%E5%86%B0%E9%BA%97" n1="%E3%80%93%E9%B3%A9%E9%BA%A6%E7%8E%84%E7%B1%B3%E3%80%93" n2="%E3%82%A6%E3%83%AB%E3%83%88%E3%83%A9%E7%AB%8B%E7%9B%B4" n3="%E3%82%B1%E3%83%AD%E3%83%B3%E3%83%91%E3%82%B9" dan="16,17,17,16" rate="2080.09,2234.38,2163.01,2044.76" sx="M,M,M,M"/><TAIKYOKU oya="0"/><INIT seed="0,0,0,2,5,78" ten="250,250,250,250" oya="0" hai0="130,120,105,7,28,128,24,77,38,116,15,30,19" hai1="82,98,72,40,135,29,50,76,80,16,117,126,114" hai2="115,0,35,67,52,5,66,64,106,100,93,99,62" hai3="81,73,103,83,13,34,95,45,37,113,129,134,119"/><T44/><D105/><U112/><E117/><V10/><F35/><W123/><G119/><T90/><D116/><U88/><E29/><V118/><F118/><W17/><G34/><T60/><D120/><U75/><E135/><V71/><F115/><N who="1" m="44073" /><E126/><V25/><F25/><W79/><G113/><T11/><D90/><U43/><E50/><V59/><REACH who="2" step="1"/><F106/><REACH who="2" ten="250,250,240,250" step="2"/><W91/><G134/><T107/><D107/><U61/><E61/><AGARI ba="0,1" hai="0,5,10,52,59,61,62,64,66,67,71,93,99,100" machi="61" ten="30,7700,0" yaku="1,1,2,1,7,1,54,1,53,0" doraHai="78" doraHaiUra="111" who="2" fromWho="1" sc="250,0,250,-77,240,87,250,0" /><INIT seed="1,0,0,3,5,96" ten="250,173,327,250" oya="1" hai0="26,64,107,71,123,93,126,53,7,18,11,115,88" hai1="6,94,55,38,2,37,92,81,13,100,50,17,57" hai2="60,25,30,31,70,85,34,124,112,109,47,8,56" hai3="103,130,41,0,46,89,3,76,66,120,45,29,80"/><U113/><E113/><V33/><F70/><W51/><G120/><T5/><D115/><U104/><E104/><V16/><F112/><W36/><G130/><T121/><D107/><U48/><E2/><V73/><F73/><W102/><G89/><T62/><D126/><U128/><E6/><V101/><F124/><W63/><G29/><T20/><D53/><U35/><E35/><V68/><F68/><W129/><G129/><T12/><REACH who="0" step="1"/><D7/><REACH who="0" ten="240,173,327,250" step="2"/><U32/><E128/><V61/><F109/><W127/><G127/><T99/><AGARI ba="0,1" hai="5,11,12,18,20,26,62,64,71,88,93,99,121,123" machi="99" ten="30,8000,1" yaku="1,1,2,1,0,1,54,1,53,1" doraHai="96" doraHaiUra="23" who="0" fromWho="0" sc="240,90,173,-40,327,-20,250,-20" /><INIT seed="2,0,0,1,5,23" ten="330,133,307,230" oya="2" hai0="60,8,6,56,22,75,83,45,129,1,20,36,3" hai1="30,63,70,5,29,35,26,13,135,109,91,90,14" hai2="9,87,132,24,124,66,115,50,112,116,28,71,51" hai3="69,2,38,73,82,62,100,110,16,117,53,101,44"/><V19/><F116/><W21/><G117/><T122/><D122/><U37/><E37/><V34/><F124/><W120/><G120/><T67/><D1/><U89/><E109/><V105/><F132/><W126/><G110/><T74/><D129/><U78/><E135/><V58/><F105/><W72/><G2/><T111/><D111/><U93/><E30/><V106/><F106/><W118/><G126/><T128/><D128/><U96/><E78/><V99/><F99/><W57/><G118/><T4/><D4/><U125/><E125/><V64/><F71/><W11/><G11/><T77/><REACH who="0" step="1"/><D74/><REACH who="0" ten="320,133,307,230" step="2"/><U32/><E5/><V0/><F0/><W95/><G73/><T79/><D79/><U76/><E76/><V131/><F131/><W123/><G72/><T39/><D39/><U92/><E32/><V65/><F115/><W113/><G38/><T80/><D80/><U119/><E119/><V49/><F112/><W25/><G82/><T108/><D108/><U52/><E70/><V55/><F87/><W133/><G69/><T86/><D86/><U27/><E35/><V40/><F40/><AGARI ba="0,1" hai="3,6,8,20,22,36,40,45,56,60,67,75,77,83" machi="40" ten="40,5200,0" yaku="1,1,25,2,53,0" doraHai="23" doraHaiUra="130" who="0" fromWho="2" sc="320,62,133,0,307,-52,230,0" /><INIT seed="3,0,0,2,5,87" ten="382,133,255,230" oya="3" hai0="37,74,29,55,63,85,86,114,117,102,31,8,101" hai1="21,106,67,105,17,75,83,128,53,38,33,103,32" hai2="43,42,41,26,25,44,127,49,94,14,111,90,108" hai3="72,69,5,98,76,104,59,110,109,65,112,36,11"/><W92/><G112/><T133/><D74/><U93/><E38/><V132/><F14/><W60/><G104/><T77/><D37/><U123/><E123/><V73/><F73/><W70/><G36/><T62/><D114/><U46/><E67/><V2/><F2/><W84/><G84/><T130/><D130/><U80/><E128/><V88/><F127/><W89/><G76/><T79/><D133/><U51/><E106/><V13/><F13/><W16/><G72/><T35/><D35/><U58/><E105/><V30/><F132/><W96/><G96/><T124/><D124/><U47/><E33/><V107/><F107/><W45/><G45/><T9/><D55/><U54/><E32/><V34/><F26/><W131/><G131/><T0/><D0/><U113/><E113/><V50/><F94/><W95/><G95/><T99/><D99/><N who="1" m="59887" /><E75/><V129/><F129/><W82/><G82/><N who="1" m="31274" /><E54/><N who="2" m="29991" /><F50/><W6/><G16/><T27/><D27/><AGARI ba="0,0" hai="17,21,27,46,47,51,53,58" m="31274,59887" machi="27" ten="30,1000,0" yaku="8,1" doraHai="87" who="1" fromWho="0" sc="382,-10,133,10,255,0,230,0" /><INIT seed="4,0,0,3,5,23" ten="372,143,255,230" oya="0" hai0="59,75,63,132,74,58,45,135,28,88,57,18,55" hai1="56,102,133,121,91,42,40,111,39,97,129,106,2" hai2="112,116,107,48,100,90,17,72,130,86,99,96,46" hai3="69,30,5,95,101,22,66,127,113,49,73,131,31"/><T108/><D108/><U16/><E111/><V103/><F72/><W6/><G73/><T25/><D18/><U77/><E121/><V67/><F67/><W9/><G113/><T84/><D74/><U19/><E2/><V124/><F48/><W61/><G127/><T12/><D12/><U125/><E125/><V76/><F46/><W24/><G131/><T80/><D45/><U38/><E77/><V85/><F17/><W82/><G82/><T81/><D81/><U37/><E129/><V1/><F1/><W60/><G60/><T8/><D8/><U20/><E133/><N who="0" m="51273" /><D75/><U43/><E43/><V117/><F124/><W4/><G31/><T52/><D63/><U15/><E19/><V92/><F130/><W7/><G49/><T54/><D54/><U98/><E42/><V47/><F47/><W110/><G110/><T14/><D14/><U71/><E40/><V53/><F53/><W123/><G123/><T62/><D62/><U32/><E32/><AGARI ba="0,0" hai="25,28,32,52,55,57,58,59,80,84,88" m="51273" machi="32" ten="30,11600,0" yaku="20,1,52,1,54,2" doraHai="23" who="0" fromWho="1" sc="372,116,143,-116,255,0,230,0" /><INIT seed="4,1,0,4,0,117" ten="488,27,255,230" oya="0" hai0="107,115,125,82,129,36,113,14,22,19,43,126,45" hai1="74,13,5,75,114,93,83,15,54,59,52,85,95" hai2="53,33,48,47,80,119,29,101,26,37,72,55,133" hai3="81,106,51,3,91,127,70,87,50,73,46,134,20"/><T109/><D129/><U34/><E34/><V61/><F37/><W76/><G70/><T124/><D107/><U103/><E114/><N who="0" m="43529" /><D82/><U122/><E122/><V96/><F133/><W111/><G3/><T131/><D131/><U128/><E128/><V1/><F1/><W41/><G106/><T35/><D35/><U32/><E32/><V110/><F110/><AGARI ba="1,0" hai="14,19,22,36,43,45,109,110,124,125,126" m="43529" machi="110" ten="40,3900,0" yaku="18,1,15,1" doraHai="117" who="0" fromWho="2" sc="488,42,27,0,255,-42,230,0" /><INIT seed="4,2,0,5,5,1" ten="530,27,213,230" oya="0" hai0="134,89,14,67,84,4,110,93,104,61,63,78,31" hai1="95,83,20,122,25,75,10,114,112,119,27,19,43" hai2="50,60,76,55,56,33,79,87,131,38,109,113,21" hai3="86,9,88,29,96,68,36,51,13,22,111,11,126"/><T28/><D104/><U64/><E119/><V128/><F33/><W18/><G36/><T45/><D134/><U124/><E122/><V97/><F38/><W102/><G68/><T107/><D107/><U15/><E43/><V74/><F74/><W6/><G111/><T70/><D110/><U32/><E64/><V85/><F109/><W24/><G126/><T46/><D78/><U30/><E95/><V101/><F113/><N who="1" m="43625" /><E83/><V77/><F21/><W7/><G11/><N who="0" m="4455" /><D70/><U34/><E75/><V108/><F108/><W49/><G96/><T17/><D17/><N who="1" m="12431" /><E124/><V91/><F91/><W117/><G102/><T5/><D5/><N who="3" m="1545" /><G117/><T37/><D37/><U90/><E90/><V8/><F97/><W80/><AGARI ba="2,0" hai="9,13,18,22,24,29,49,51,80,86,88" m="1545" machi="80" ten="30,8000,1" yaku="8,1,52,3,54,1" doraHai="1" who="3" fromWho="3" sc="530,-42,27,-22,213,-22,230,86" /><INIT seed="5,0,0,4,0,76" ten="488,5,191,316" oya="1" hai0="129,117,37,30,97,93,111,8,17,22,122,90,2" hai1="114,125,48,53,26,119,121,29,101,135,123,109,112" hai2="64,12,116,118,82,7,88,127,57,25,62,40,24" hai3="61,102,85,68,75,81,132,0,84,6,1,80,73"/><U9/><E119/><V131/><F127/><W39/><G39/><T83/><D37/><U63/><E125/><V45/><F131/><W21/><G132/><T67/><D111/><U54/><E101/><V100/><F100/><W52/><G102/><T108/><D108/><U44/><E109/><V65/><F65/><W51/><G21/><T79/><D122/><U107/><E107/><V105/><F105/><W56/><G68/><T124/><D124/><U35/><E135/><V27/><F12/><W110/><G110/><T49/><D129/><U74/><E74/><V18/><F7/><W103/><G103/><T91/><D91/><U46/><E9/><V72/><F18/><W89/><G61/><T31/><D67/><U58/><E46/><V19/><F19/><W126/><G126/><T77/><D8/><U32/><E32/><V4/><F4/><W41/><G41/><T99/><D2/><U55/><E55/><V120/><F120/><W71/><G71/><T95/><D117/><U113/><AGARI ba="0,0" hai="26,29,35,44,48,53,54,58,63,112,113,114,121,123" machi="113" ten="30,3000,0" yaku="0,1,15,1" doraHai="76" who="1" fromWho="1" sc="488,-10,5,30,191,-10,316,-10" /><INIT seed="5,1,0,4,5,86" ten="478,35,181,306" oya="1" hai0="124,106,83,61,81,58,38,6,14,0,55,74,52" hai1="69,50,94,125,99,34,41,110,9,95,32,116,2" hai2="30,121,31,65,80,42,119,90,13,44,76,107,114" hai3="28,117,96,89,27,51,109,45,71,134,56,79,75"/><U78/><E116/><V23/><F107/><W113/><G71/><T93/><D106/><U21/><E69/><V100/><F121/><W53/><G109/><T101/><D38/><U37/><E37/><V17/><F100/><W66/><G117/><T33/><D33/><U85/><E110/><V77/><F65/><W36/><G113/><T127/><D0/><U126/><E21/><V47/><F114/><W104/><G134/><T67/><D74/><U60/><E60/><V7/><F7/><W26/><G26/><T15/><D83/><N who="1" m="47351" /><E94/><V82/><F119/><W97/><G104/><T43/><D81/><U123/><E123/><V115/><F115/><W98/><G75/><T111/><D111/><U105/><E105/><V25/><F82/><W24/><G79/><T62/><D62/><U35/><E50/><V135/><F135/><W3/><G3/><T88/><D101/><N who="1" m="60671" /><E41/><V122/><F122/><W54/><G36/><T59/><D43/><U91/><E91/><V1/><F1/><W18/><G66/><T19/><D67/><U29/><E29/><V5/><F42/><W4/><G28/><T103/><D103/><U46/><E46/><V73/><F47/><W102/><G102/><T10/><D59/><U132/><E132/><V133/><F44/><W16/><G89/><T64/><D127/><N who="1" m="48651" /><E2/><V84/><F133/><W120/><G120/><T40/><D40/><U49/><E49/><V63/><F63/><W12/><G45/><T128/><D124/><U22/><E22/><V39/><F39/><W130/><G51/><T118/><D118/><U112/><E112/><RYUUKYOKU ba="1,0" sc="478,-10,35,30,181,-10,306,-10" hai1="9,32,34,35" /><INIT seed="5,2,0,3,3,23" ten="468,65,171,296" oya="1" hai0="107,17,102,72,122,130,125,78,66,81,11,8,5" hai1="44,31,20,92,48,27,87,99,121,98,75,18,127" hai2="106,43,55,94,21,32,58,57,59,82,16,45,53" hai3="12,111,84,46,95,70,103,50,93,124,49,134,117"/><U9/><E75/><V109/><F32/><W37/><G70/><T79/><D130/><U126/><E121/><V35/><F35/><W120/><G37/><T1/><D125/><N who="1" m="47627" /><E87/><V4/><F106/><W113/><G113/><T96/><D122/><U76/><E76/><V118/><F109/><W90/><G134/><T22/><D79/><U65/><E65/><V123/><F123/><W60/><G60/><T135/><D66/><U68/><E68/><V77/><F4/><W39/><G39/><T13/><D135/><U132/><E132/><V116/><F94/><W100/><G117/><T67/><D67/><U74/><E74/><V71/><F71/><W88/><G111/><T34/><D34/><N who="1" m="20863" /><E9/><V63/><F118/><W7/><G120/><T54/><D11/><U73/><E92/><V91/><F116/><W15/><G124/><T89/><D89/><U108/><E73/><V29/><F91/><W2/><G90/><T6/><D6/><U110/><E110/><V25/><F77/><W101/><G93/><T30/><D30/><U47/><E108/><V105/><F105/><W62/><G95/><T56/><D8/><U42/><E47/><V128/><F45/><W115/><G46/><T14/><D5/><U69/><E69/><V85/><F85/><W26/><G7/><T131/><D131/><U129/><E129/><V83/><F128/><W33/><G84/><T3/><D13/><AGARI ba="2,0" hai="13,18,20,42,44,48,98,99" m="20863,47627" machi="13" ten="30,2900,0" yaku="18,1,52,1" doraHai="23" who="1" fromWho="0" sc="468,-35,65,35,171,0,296,0" /><INIT seed="5,3,0,1,2,127" ten="433,100,171,296" oya="1" hai0="25,24,17,63,111,78,51,7,110,45,104,95,128" hai1="91,116,73,1,21,49,108,27,40,112,77,79,85" hai2="75,58,28,16,4,94,129,119,10,83,66,133,13" hai3="92,36,107,59,134,80,62,44,12,60,33,123,109"/><U55/><E116/><V99/><F119/><W125/><G107/><T74/><D104/><U102/><E1/><V132/><F28/><W26/><G109/><T47/><D74/><U30/><E73/><V22/><F83/><W130/><G123/><T124/><D124/><U57/><E108/><V72/><F129/><W93/><G125/><T67/><D128/><U122/><E122/><V82/><F58/><W115/><G115/><T32/><D78/><U18/><E112/><V37/><F66/><W120/><G120/><T89/><D7/><U64/><E102/><V88/><F37/><W61/><G134/><N who="2" m="51817" /><F82/><W87/><G59/><T131/><D131/><U6/><E6/><V84/><F84/><W68/><G68/><T56/><D45/><N who="1" m="25767" /><E30/><V14/><AGARI ba="3,0" hai="4,10,13,14,16,22,72,75,88,94,99" m="51817" machi="14" ten="30,4000,0" yaku="20,1,54,2" doraHai="127" who="2" fromWho="2" sc="433,-13,100,-23,171,49,296,-13" /><INIT seed="6,0,0,2,5,121" ten="420,77,220,283" oya="2" hai0="82,67,6,13,105,124,104,2,35,31,107,51,64" hai1="34,61,100,63,54,78,11,94,66,58,36,79,28" hai2="69,39,115,123,91,133,0,55,21,128,48,87,17" hai3="15,101,68,37,129,106,80,53,32,57,112,125,50"/><V117/><F39/><W74/><G68/><T4/><D124/><U99/><E36/><V60/><F0/><W84/><G37/><T126/><D2/><U33/><E33/><V7/><F7/><W20/><G32/><T46/><D6/><U14/><E34/><V132/><F115/><W9/><G74/><T90/><D126/><U16/><REACH who="1" step="1"/><E28/><REACH who="1" ten="420,67,220,283" step="2"/><V44/><F117/><W23/><G125/><T81/><D31/><U77/><E77/><V75/><F123/><W27/><G112/><T89/><D35/><U38/><E38/><V111/><F132/><W29/><G129/><T95/><D105/><U22/><E22/><V97/><F133/><W110/><G20/><T30/><D30/><U52/><E52/><V26/><F128/><W12/><G23/><T1/><D107/><U59/><AGARI ba="0,1" hai="11,14,16,54,58,59,61,63,66,78,79,94,99,100" machi="59" ten="20,8000,1" yaku="1,1,0,1,7,1,8,1,54,1,53,0" doraHai="121" doraHaiUra="113" who="1" fromWho="1" sc="420,-20,67,90,220,-40,283,-20" /><INIT seed="7,0,0,1,5,126" ten="400,157,180,263" oya="3" hai0="15,83,134,43,105,1,73,88,46,113,27,87,103" hai1="13,122,59,130,109,42,55,72,48,8,36,61,54" hai2="135,49,28,78,91,3,34,53,33,99,45,121,92" hai3="77,6,111,41,70,110,118,25,132,51,82,108,37"/><W20/><G118/><T35/><D1/><U56/><E122/><V93/><F3/><W98/><G132/><T5/><D134/><U104/><E109/><V71/><F71/><W76/><G70/><T124/><D124/><U19/><E104/><V75/><F135/><W119/><G119/><T79/><D113/><U24/><E72/><V84/><F121/><W66/><G66/><T94/><D35/><U127/><E127/><V68/><F68/><W106/><G37/><T100/><D27/><U18/><E36/><V117/><F117/><W31/><G6/><T12/><D5/><U23/><REACH who="1" step="1"/><E42/><REACH who="1" ten="400,147,180,263" step="2"/><V29/><F75/><W22/><G106/><T2/><D2/><U17/><E17/><V7/><F7/><W32/><G41/><T67/><D67/><U9/><E9/><V116/><F116/><W44/><G110/><T85/><D85/><U62/><E62/><V57/><F28/><W114/><G111/><T80/><D80/><U39/><E39/><V112/><F29/><W14/><G31/><T95/><D95/><U107/><E107/><V26/><F112/><W102/><G108/><T133/><D133/><U74/><E74/><V60/><F33/><W40/><G32/><T63/><D63/><U97/><E97/><V38/><F38/><W50/><G98/><N who="0" m="61687" /><D100/><U101/><E101/><N who="2" m="60647" /><F34/><W96/><G102/><T47/><D43/><U4/><E4/><V21/><F60/><W11/><G40/><T10/><D10/><U65/><E65/><V64/><F64/><W120/><G114/><T16/><D16/><U128/><AGARI ba="0,1" hai="8,13,18,19,23,24,48,54,55,56,59,61,128,130" machi="128" ten="30,7900,0" yaku="1,1,0,1,52,2,53,0" doraHai="126" doraHaiUra="131" who="1" fromWho="1" sc="400,-20,147,89,180,-20,263,-39" owari="380,48.0,236,4.0,160,-34.0,224,-18.0" /></mjloggm>