<mjloggm ver="2.3"><GO type="225" lobby="0"/><UN n0="%6E%65%6B%6F%33%31" n1="%74%61%74%73%75%37%30%32" n2="%E9%95%B7%E5%B7%9E%E3%81%AE%E5%85%8B" n3="%E3%83%88%E3%83%88%E3%83%AA%E5%85%88%E7%94%9F%31%39%E6%AD%B3" dan="16,17,16,18" rate="2102.40,2221.30,2118.98,2290.43" sx="F,M,M,F"/><TAIKYOKU oya="0"/><INIT seed="0,0,0,2,0,104" ten="250,250,250,250" oya="0" hai0="9,65,58,49,103,123,28,44,108,3,129,68,39" hai1="77,114,27,43,117,55,16,24,105,54,1,51,33" hai2="19,80,111,22,21,48,79,93,84,71,59,37,73" hai3="34,112,64,125,101,106,116,42,78,18,20,17,63"/><T12/><D123/><U62/><E117/><V40/><F71/><W31/><G116/><T70/><D39/><U41/><E105/><V57/><F37/><W91/><G112/><T10/><D3/><U25/><E1/><V122/><F122/><W109/><G109/><T4/><D129/><U72/><E33/><V7/><F111/><W11/><G125/><T100/><D108/><U107/><E107/><V98/><F7/><W82/><G91/><T96/><D28/><U75/><E77/><V87/><F22/><W29/><G42/><T90/><D90/><U56/><E114/><V95/><F93/><W130/><G130/><T45/><D9/><U5/><E5/><V94/><F95/><W113/><G113/><T133/><D133/><U119/><E119/><V53/><F40/><W14/><G34/><T134/><D134/><U128/><E128/><V52/><F94/><W67/><G101/><T118/><D118/><U88/><E43/><V2/><F2/><W66/><G63/><T126/><D126/><U60/><E41/><V30/><F30/><W120/><G106/><T83/><D83/><U47/><E60/><V124/><F98/><W81/><G81/><T92/><D103/><U26/><REACH who="1" step="1"/><E88/><REACH who="1" ten="250,240,250,250" step="2"/><V99/><F124/><W35/><G35/><T102/><D102/><U61/><E61/><V50/><F99/><W6/><G120/><T36/><D36/><U131/><E131/><V76/><REACH who="2" step="1"/><F79/><REACH who="2" ten="250,240,240,250" step="2"/><W127/><G127/><T15/><D96/><U132/><E132/><V97/><F97/><W23/><G78/><T0/><D4/><U32/><E32/><RYUUKYOKU ba="0,2" sc="250,-15,240,15,240,15,250,-15" hai1="16,24,25,26,27,47,51,54,55,56,62,72,75" hai2="19,21,48,50,52,53,57,59,73,76,80,84,87" /><INIT seed="1,1,2,3,4,115" ten="235,255,255,235" oya="1" hai0="110,32,123,71,74,91,37,40,21,24,100,135,6" hai1="102,59,94,75,112,38,128,97,72,51,83,133,9" hai2="11,48,84,116,18,36,78,23,88,79,8,86,99" hai3="68,66,103,4,118,130,96,53,105,134,47,127,92"/><U89/><E38/><V120/><F36/><W126/><G130/><T46/><D74/><U95/><E112/><V0/><F120/><W43/><G134/><T54/><D32/><U65/><E128/><V26/><F0/><W17/><G118/><T98/><D123/><U33/><E33/><V56/><F116/><W121/><G121/><T58/><D71/><U14/><E133/><V50/><F99/><W41/><G4/><T132/><D6/><U125/><E83/><N who="2" m="47231" /><F78/><W7/><G7/><T104/><D91/><U90/><E125/><N who="3" m="47626" /><G17/><T93/><D110/><U60/><E102/><V27/><F26/><W19/><G19/><T61/><REACH who="0" step="1"/><D104/><REACH who="0" ten="225,255,255,235" step="2"/><U57/><E75/><V13/><F56/><W117/><G105/><T5/><D5/><N who="1" m="3375" /><E59/><V77/><F77/><W28/><G68/><T62/><D62/><U25/><E72/><V106/><F106/><W82/><G103/><T16/><AGARI ba="1,3" hai="16,21,24,37,40,46,54,58,61,93,98,100,132,135" machi="16" ten="30,7900,0" yaku="1,1,0,1,54,1,53,1" doraHai="115" doraHaiUra="39" who="0" fromWho="0" sc="225,112,255,-40,255,-21,235,-21" /><INIT seed="2,0,0,2,0,60" ten="337,215,234,214" oya="2" hai0="115,102,42,109,44,57,19,88,90,13,18,7,94" hai1="3,53,32,104,87,17,37,96,6,52,79,85,33" hai2="116,100,108,128,64,11,106,16,45,28,10,97,22" hai3="12,36,121,26,70,5,110,113,124,29,62,38,129"/><V40/><F116/><W47/><G121/><T4/><D115/><U61/><E37/><V35/><F128/><W43/><G129/><T84/><D109/><U132/><E132/><V77/><F77/><W63/><G110/><T119/><D119/><U92/><E104/><V59/><F108/><W105/><G105/><T130/><D130/><U34/><E17/><V74/><F74/><W58/><G113/><T67/><D102/><U99/><E79/><V71/><F71/><W68/><G38/><T123/><D90/><U21/><E21/><V114/><F114/><W78/><G124/><T126/><D126/><U55/><E61/><V82/><F82/><W50/><G63/><N who="0" m="38383" /><D123/><U23/><E23/><V117/><F117/><W75/><G36/><T81/><D81/><U101/><REACH who="1" step="1"/><E99/><REACH who="1" ten="337,205,234,214" step="2"/><V8/><F35/><N who="3" m="20919" /><G78/><T1/><D19/><U122/><E122/><V51/><F28/><W2/><G70/><T125/><D125/><U91/><E91/><V103/><F97/><W72/><G68/><T20/><D88/><U24/><E24/><N who="2" m="14407" /><F106/><W80/><G72/><T39/><D39/><U14/><E14/><V133/><F133/><W131/><G12/><T83/><D13/><U56/><E56/><V120/><F120/><W66/><G131/><T135/><D135/><U127/><E127/><V134/><F134/><W98/><G98/><T86/><D20/><U31/><E31/><V9/><N who="2" m="2048" /><DORA hai="111" /><V107/><F107/><W69/><G69/><T48/><D1/><U25/><E25/><V41/><F41/><W112/><G112/><T93/><D42/><U118/><E118/><RYUUKYOKU ba="0,1" sc="337,-15,205,15,234,15,214,-15" hai1="3,6,32,33,34,52,53,55,85,87,92,96,101" hai2="40,45,51,59,64,100,103" /><INIT seed="2,1,1,3,0,100" ten="322,220,249,199" oya="2" hai0="56,83,67,34,51,47,78,116,126,28,81,80,121" hai1="14,117,111,92,54,129,71,104,61,82,35,42,32" hai2="87,36,10,24,1,91,40,18,0,123,108,125,88" hai3="37,59,60,68,79,134,85,17,30,114,58,119,89"/><V15/><F123/><W44/><G119/><T41/><D121/><U103/><E117/><V113/><F113/><W5/><G114/><T132/><D116/><U97/><E111/><V19/><F125/><W12/><G134/><T98/><D126/><U94/><E129/><V62/><F62/><W26/><G79/><T109/><D132/><U38/><E82/><V50/><F36/><W76/><G76/><T95/><D109/><U27/><E27/><V77/><F108/><W6/><G68/><T3/><D3/><U72/><E72/><V13/><F24/><W25/><G44/><T20/><D34/><U74/><E74/><V112/><F112/><W90/><G37/><T33/><D33/><U115/><E115/><V22/><F1/><W11/><G26/><N who="0" m="16455" /><D78/><U65/><E32/><V124/><F0/><W64/><G58/><T43/><D43/><U2/><E35/><V73/><F73/><W133/><G133/><T106/><D106/><U75/><E75/><V16/><F19/><W63/><G63/><N who="0" m="38375" /><D80/><U66/><E2/><V122/><F124/><W57/><G57/><T45/><D45/><N who="1" m="23767" /><E66/><V46/><F122/><W4/><REACH who="3" step="1"/><G85/><REACH who="3" ten="322,220,249,189" step="2"/><T29/><D47/><U23/><E54/><V128/><F128/><W105/><G105/><T52/><D52/><U130/><E130/><V21/><F10/><W84/><G84/><T55/><D55/><U53/><E53/><V120/><F120/><W99/><G99/><T86/><D98/><U127/><E127/><V110/><F110/><W107/><G107/><T9/><D9/><U49/><E49/><V93/><F77/><RYUUKYOKU ba="1,2" sc="322,-30,220,10,249,10,189,10" hai1="14,23,61,65,71,92,94,97,103,104" hai2="13,15,16,18,21,22,40,46,50,87,88,91,93" hai3="4,5,6,11,12,17,25,30,59,60,64,89,90" /><INIT seed="2,2,2,5,4,59" ten="292,230,259,199" oya="2" hai0="4,58,68,16,130,47,27,2,54,49,76,39,121" hai1="37,114,52,79,110,106,61,25,118,104,35,77,116" hai2="99,31,20,83,32,81,115,63,85,6,12,56,117" hai3="10,88,9,73,122,51,24,48,102,80,36,72,125"/><V43/><F115/><W90/><G122/><T33/><D121/><U8/><E114/><V53/><F117/><N who="1" m="45161" /><E8/><N who="3" m="3178" /><G36/><T67/><D76/><N who="1" m="29259" /><E52/><N who="2" m="34183" /><F32/><W129/><G102/><T19/><D130/><U66/><E61/><V113/><F113/><W65/><G129/><T75/><D75/><U127/><E66/><V84/><F6/><W28/><G125/><T55/><D4/><U14/><E14/><V123/><F99/><W1/><G1/><T111/><D2/><U71/><E25/><N who="2" m="16807" /><F123/><W89/><G73/><T69/><D39/><U18/><E18/><V124/><F124/><W30/><G72/><T100/><D100/><U94/><E71/><V64/><F64/><W62/><G80/><N who="2" m="30793" /><F43/><W11/><N who="3" m="3186" /><W74/><DORA hai="97" /><G74/><T23/><D33/><U86/><E37/><V38/><F38/><W17/><G65/><T40/><D67/><U128/><E35/><V93/><F12/><W7/><G7/><T22/><D40/><U135/><E127/><V101/><F53/><W108/><G62/><T21/><D68/><U41/><E41/><V133/><F133/><W78/><G78/><T96/><D69/><U42/><E42/><V103/><F93/><W60/><G60/><T45/><D55/><U92/><E135/><V105/><F105/><N who="1" m="40553" /><E94/><V34/><F34/><W107/><G107/><T120/><D120/><U134/><E134/><V13/><F13/><W57/><G57/><T3/><D3/><U131/><E92/><V91/><F91/><W82/><G82/><T126/><D126/><U15/><E131/><V46/><F46/><W0/><G0/><T109/><D45/><RYUUKYOKU ba="2,2" sc="292,-10,230,-10,259,30,199,-10" hai2="84,85,101,103" /><INIT seed="2,3,2,2,4,80" ten="282,220,289,189" oya="2" hai0="43,65,103,66,94,99,97,133,47,116,32,64,119" hai1="49,37,48,82,18,21,41,134,105,35,125,42,123" hai2="93,130,0,20,96,54,98,113,45,30,110,67,12" hai3="79,62,77,89,122,100,126,107,85,17,4,92,115"/><V104/><F0/><W132/><G122/><T61/><D32/><U135/><E105/><V53/><F113/><W50/><G115/><T10/><D133/><N who="1" m="50699" /><E35/><V2/><F2/><W71/><G132/><T3/><D10/><U63/><E123/><V106/><F130/><W11/><G126/><T23/><D23/><U101/><E125/><V74/><F74/><W76/><G17/><T75/><D3/><U131/><E101/><V84/><F67/><W114/><G114/><T58/><D99/><U111/><E111/><V73/><F73/><W25/><G25/><T9/><D9/><U59/><E82/><V13/><F30/><W1/><G50/><N who="1" m="19562" /><E37/><V118/><F20/><W8/><G8/><T24/><D24/><N who="1" m="14391" /><E131/><V90/><F104/><W14/><G1/><T81/><D81/><U78/><E78/><V127/><F106/><W28/><G28/><T46/><D75/><U60/><E60/><V7/><F127/><W68/><REACH who="3" step="1"/><G62/><REACH who="3" ten="282,220,289,179" step="2"/><T124/><D124/><U40/><E40/><V129/><F110/><W52/><G52/><AGARI ba="3,3" hai="41,42,52,59,63" m="14391,19562,50699" machi="52" ten="30,2000,0" yaku="20,1,54,1" doraHai="80" who="1" fromWho="3" sc="282,0,220,59,289,0,179,-29" /><INIT seed="3,0,0,3,2,42" ten="282,279,289,150" oya="3" hai0="121,97,90,109,59,32,67,135,115,73,31,34,44" hai1="120,81,16,133,13,129,7,48,18,82,134,12,108" hai2="39,60,0,100,30,57,114,128,19,45,6,2,54" hai3="26,78,104,84,124,91,41,9,3,25,111,49,127"/><W52/><G104/><T85/><D121/><U75/><E120/><V89/><F114/><W21/><G78/><T74/><D115/><U116/><E108/><V110/><F110/><W103/><G103/><T72/><D109/><U102/><E102/><V88/><F100/><W20/><G111/><T43/><D135/><N who="1" m="51723" /><E7/><V8/><F128/><W95/><G41/><T62/><D97/><U99/><E99/><V119/><F2/><W132/><G132/><T17/><D17/><N who="1" m="6763" /><E129/><V11/><F119/><W79/><G79/><T4/><D4/><U130/><E130/><V24/><F11/><W131/><G131/><T27/><D32/><U22/><E22/><N who="3" m="8810" /><G9/><T10/><D10/><U117/><E48/><V15/><F0/><W83/><G3/><T47/><REACH who="0" step="1"/><D43/><REACH who="0" ten="272,279,289,150" step="2"/><U70/><E116/><V5/><F6/><W38/><G38/><T77/><D77/><U112/><E117/><V14/><F5/><W56/><G95/><AGARI ba="0,1" hai="27,31,34,44,47,59,62,67,72,73,74,85,90,95" machi="95" ten="40,5200,0" yaku="1,1,52,2,53,0" doraHai="42" doraHaiUra="68" who="0" fromWho="3" sc="272,62,279,0,289,0,150,-52" owari="334,43.0,279,-12.0,289,9.0,98,-40.0" /></mjloggm>