<mjloggm ver="2.3"><GO type="169" lobby="0"/><UN n0="%E3%83%88%E3%83%88%E3%83%AA%E5%85%88%E7%94%9F%31%39%E6%AD%B3" n1="%E3%82%88%E3%81%86%E3%81%B8%E3%83%BC%58" n2="%E3%81%B5%E3%81%8B%E3%81%98" n3="%E3%81%AD%E3%82%8A%E3%82%B4%E3%83%9E" dan="17,16,16,16" rate="2237.82,2086.39,2062.60,2111.29" sx="F,M,M,M"/><TAIKYOKU oya="0"/><INIT seed="0,0,0,2,2,115" ten="250,250,250,250" oya="0" hai0="39,76,58,104,52,92,18,38,55,22,124,46,16" hai1="42,56,67,10,21,17,59,61,108,89,47,82,9" hai2="118,6,64,91,70,105,45,24,122,110,28,77,60" hai3="73,41,5,98,121,26,129,84,3,11,134,101,13"/><T93/><D104/><U50/><E108/><V19/><F122/><W117/><G121/><T88/><D124/><U14/><REACH who="1" step="1"/><E59/><REACH who="1" ten="250,240,250,250" step="2"/><V63/><F110/><W65/><G117/><T125/><D125/><U87/><AGARI ba="0,1" hai="9,10,14,17,21,42,47,50,56,61,67,82,87,89" machi="87" ten="30,7900,0" yaku="1,1,2,1,0,1,8,1,53,0" doraHai="115" doraHaiUra="1" who="1" fromWho="1" sc="250,-39,240,89,250,-20,250,-20" /><INIT seed="1,0,0,4,3,97" ten="211,329,230,230" oya="1" hai0="15,101,58,28,42,127,34,40,109,79,63,33,96" hai1="105,66,37,57,118,45,47,7,1,16,84,93,70" hai2="117,77,116,121,32,90,18,49,132,12,30,21,114" hai3="80,113,110,72,52,76,75,71,54,115,50,74,46"/><U69/><E105/><V24/><F77/><W3/><G3/><T119/><D119/><U25/><E118/><V134/><F90/><W17/><G71/><T120/><D120/><U135/><E7/><V41/><F49/><W10/><G110/><T8/><D109/><U61/><E1/><V64/><F64/><W60/><G113/><T22/><D127/><U39/><E135/><N who="2" m="51755" /><F41/><W23/><G10/><T98/><D98/><U88/><E70/><V35/><F114/><W0/><G0/><T27/><D79/><U128/><E128/><V13/><F121/><W36/><G115/><T107/><D34/><N who="2" m="12842" /><F13/><W131/><G131/><T29/><D29/><U133/><E69/><V130/><F130/><W125/><G125/><T99/><D99/><U112/><E112/><V67/><F67/><W123/><G123/><T51/><D51/><U48/><E47/><V20/><AGARI ba="0,0" hai="12,18,20,21,24,30,116,117" m="12842,51755" machi="20" ten="30,4000,0" yaku="20,1,34,2" doraHai="97" who="2" fromWho="2" sc="211,-10,329,-20,230,40,230,-10" /><INIT seed="2,0,0,3,4,69" ten="201,309,270,220" oya="2" hai0="110,28,49,74,44,35,101,100,83,66,87,109,54" hai1="99,11,38,7,118,2,5,13,79,106,105,45,39" hai2="0,126,76,8,90,77,81,24,20,120,71,96,57" hai3="3,91,107,1,29,15,56,34,14,55,127,104,88"/><V52/><F120/><W23/><G127/><T116/><D74/><U121/><E118/><V93/><F71/><W135/><G135/><T41/><D116/><U68/><E68/><V64/><F64/><W21/><G34/><T102/><D66/><U119/><E119/><V92/><F126/><W59/><G29/><T97/><D97/><U40/><E121/><V18/><F92/><W112/><G55/><T32/><D54/><U67/><E67/><V130/><F130/><W63/><G63/><T129/><D129/><U50/><E105/><V122/><F122/><W33/><G33/><T133/><D133/><U132/><E132/><V27/><F27/><W9/><G9/><T113/><D113/><AGARI ba="0,0" hai="1,3,14,15,21,23,56,59,88,91,104,107,112,113" machi="113" ten="25,3200,0" yaku="22,2,54,1" doraHai="69" who="3" fromWho="0" sc="201,-32,309,0,270,0,220,32" /><INIT seed="3,0,0,0,1,29" ten="169,309,270,252" oya="3" hai0="111,1,85,2,92,79,58,0,118,107,80,57,35" hai1="53,90,115,44,33,98,21,51,41,86,121,17,124" hai2="101,81,74,12,39,14,25,77,106,89,94,68,36" hai3="82,102,125,119,4,48,84,78,128,93,109,45,71"/><W19/><G119/><T22/><D118/><U129/><E121/><V99/><F68/><W75/><G71/><T126/><D107/><U108/><E115/><V23/><F14/><W26/><G128/><T70/><D70/><U105/><E129/><V5/><F12/><W65/><G125/><T91/><D126/><U103/><E124/><V31/><REACH who="2" step="1"/><F5/><REACH who="2" ten="169,309,260,252" step="2"/><W133/><G4/><T97/><D111/><U69/><E69/><V110/><F110/><W54/><G109/><T49/><D22/><U95/><E108/><V117/><F117/><W114/><G114/><T56/><REACH who="0" step="1"/><D35/><REACH who="0" ten="159,309,260,252" step="2"/><U134/><E33/><V100/><F100/><W83/><G102/><T67/><D67/><U27/><E134/><V32/><F32/><W16/><G65/><T7/><D7/><U62/><E103/><V13/><F13/><W73/><G26/><T6/><D6/><U50/><E27/><V9/><F9/><W55/><G133/><T38/><D38/><U72/><E21/><V42/><F42/><W40/><G40/><T122/><D122/><U3/><E41/><V30/><F30/><W64/><G64/><T52/><AGARI ba="0,2" hai="0,1,2,49,52,56,57,58,79,80,85,91,92,97" machi="52" ten="40,5200,0" yaku="1,1,0,1,54,1,53,0" doraHai="29" doraHaiUra="112" who="0" fromWho="0" sc="159,72,309,-13,260,-13,252,-26" /><INIT seed="4,0,0,5,0,16" ten="231,296,247,226" oya="0" hai0="130,5,101,72,85,112,10,8,79,98,102,135,56" hai1="49,28,99,96,83,106,68,73,88,13,48,97,27" hai2="63,38,52,42,118,41,36,93,39,89,78,115,23" hai3="69,81,24,108,82,43,20,74,40,77,128,70,11"/><T44/><D72/><U84/><E68/><V90/><F78/><W62/><G108/><T57/><D112/><U45/><E73/><V14/><F90/><W104/><G104/><T126/><D135/><U120/><E120/><V117/><F115/><W35/><G35/><T29/><D126/><U95/><E106/><V0/><F0/><W37/><G128/><T114/><D114/><U3/><E3/><V9/><F23/><W2/><G81/><T15/><D130/><U4/><E49/><V127/><F127/><W132/><G132/><T105/><D101/><U7/><E13/><V133/><F133/><W116/><G116/><N who="2" m="44649" /><F52/><W131/><G131/><T92/><D29/><U100/><E7/><N who="2" m="3391" /><F63/><W31/><G62/><T64/><D64/><U75/><E4/><V22/><F22/><W55/><G55/><T129/><D129/><U111/><E111/><V134/><F134/><W123/><G123/><T6/><D44/><U71/><E75/><V32/><F32/><W59/><G59/><T113/><D113/><U46/><E71/><V17/><F17/><W122/><G122/><T53/><D53/><N who="1" m="29839" /><E46/><V110/><F110/><W21/><G21/><AGARI ba="0,0" hai="21,27,28,83,84,88,95,96,97,99,100" m="29839" machi="21" ten="30,3900,0" yaku="8,1,52,1,54,1" doraHai="16" who="1" fromWho="3" sc="231,0,296,39,247,0,226,-39" /><INIT seed="5,0,0,2,5,102" ten="231,335,247,187" oya="1" hai0="72,64,114,96,17,24,3,65,45,73,16,98,74" hai1="41,54,70,43,117,67,113,1,23,13,130,22,40" hai2="59,104,118,111,58,26,92,135,50,110,79,127,121" hai3="86,93,15,38,125,20,61,80,19,90,129,4,56"/><U10/><E1/><V52/><F79/><W11/><G125/><T42/><D3/><U8/><E117/><V119/><F92/><W6/><G129/><T100/><D114/><U106/><E70/><V131/><F26/><W48/><G38/><T107/><D98/><U55/><E67/><V57/><F104/><W132/><G132/><T91/><D91/><U51/><E106/><V85/><F85/><W116/><G116/><N who="2" m="44585" /><F135/><W32/><G32/><T83/><D83/><U21/><E51/><V63/><F127/><W33/><G33/><T34/><D34/><U25/><E25/><V84/><F84/><W28/><G48/><T123/><D123/><U29/><E29/><V9/><F9/><N who="1" m="3689" /><E13/><V18/><F18/><W99/><G11/><T0/><D0/><U103/><E103/><V95/><F95/><W47/><G47/><T124/><D124/><U115/><E130/><V68/><F121/><W12/><G12/><T14/><D14/><U46/><E46/><N who="2" m="27735" /><F131/><W66/><REACH who="3" step="1"/><G28/><REACH who="3" ten="231,335,247,177" step="2"/><T112/><D17/><U82/><E115/><V44/><F44/><W78/><AGARI ba="0,1" hai="4,6,15,19,20,56,61,66,78,80,86,90,93,99" machi="78" ten="20,8000,1" yaku="1,1,2,1,0,1,7,1,8,1,53,0" doraHai="102" doraHaiUra="133" who="3" fromWho="3" sc="231,-20,335,-40,247,-20,177,90" /><INIT seed="6,0,0,5,0,13" ten="211,295,227,267" oya="2" hai0="82,120,37,70,90,46,25,11,51,118,99,114,76" hai1="130,101,41,56,97,1,32,48,0,38,23,31,121" hai2="17,2,94,102,40,68,16,111,96,7,22,21,87" hai3="63,5,65,91,92,71,131,19,44,61,29,129,75"/><V100/><F68/><W45/><G75/><T18/><D120/><U36/><E32/><V20/><F111/><W39/><G5/><T88/><D70/><U15/><E0/><V123/><F123/><W14/><G39/><T42/><D114/><U95/><E1/><V66/><F66/><W103/><G29/><T132/><D132/><U109/><E109/><V128/><F128/><N who="3" m="49227" /><G63/><T108/><D108/><U67/><E38/><V53/><F40/><W30/><G103/><T98/><D118/><U122/><E36/><V50/><F100/><W35/><G30/><T78/><D37/><U9/><E130/><V89/><F7/><W3/><G35/><T81/><D98/><U43/><E122/><V27/><F2/><W85/><G3/><T34/><D34/><U12/><E121/><V112/><F112/><W49/><G49/><T74/><D99/><U79/><E48/><V107/><REACH who="2" step="1"/><F27/><REACH who="2" ten="211,295,217,267" step="2"/><W10/><AGARI ba="0,1" hai="10,14,19,44,45,61,65,71,85,91,92" m="49227" machi="10" ten="30,2000,0" yaku="19,1,52,1" doraHai="13" who="3" fromWho="3" sc="211,-5,295,-5,217,-10,267,30" /><INIT seed="7,0,0,4,0,113" ten="206,290,207,297" oya="3" hai0="76,99,54,86,20,29,119,17,25,127,11,44,105" hai1="88,5,85,125,129,95,122,9,61,93,124,12,103" hai2="63,112,98,80,32,60,133,46,18,10,31,66,116" hai3="118,131,6,50,58,135,101,111,102,30,33,130,97"/><W48/><G135/><T89/><D119/><U57/><E122/><V70/><F31/><W23/><G33/><T41/><D127/><N who="1" m="48715" /><E129/><N who="3" m="49162" /><G118/><T62/><D76/><U68/><E68/><V120/><F18/><W79/><G6/><T7/><D105/><U114/><E114/><V52/><F52/><N who="3" m="32007" /><G111/><T42/><D99/><N who="1" m="59903" /><E57/><V115/><F98/><W22/><G79/><T132/><D132/><U87/><E61/><V3/><F63/><W82/><G50/><N who="0" m="28999" /><D62/><U1/><E87/><V15/><F60/><W8/><G8/><T123/><D123/><U73/><E73/><V78/><F10/><W19/><G82/><N who="0" m="49367" /><D7/><U34/><E34/><V84/><F32/><W4/><G4/><T107/><D107/><U83/><E83/><V16/><F80/><W45/><G45/><T65/><D65/><U35/><E35/><V49/><F66/><W94/><G30/><T110/><D110/><U81/><E81/><V13/><F46/><W96/><G19/><T117/><D117/><U92/><E92/><AGARI ba="0,0" hai="22,23,92,94,96,97,101,102" m="32007,49162" machi="92" ten="30,2900,0" yaku="19,1,54,1" doraHai="113" who="3" fromWho="1" sc="206,0,290,-29,207,0,297,29" owari="206,-29.0,261,6.0,207,-19.0,326,42.0" /></mjloggm>