<mjloggm ver="2.3"><GO type="169" lobby="0"/><UN n0="%E3%83%88%E3%83%88%E3%83%AA%E5%85%88%E7%94%9F%31%39%E6%AD%B3" n1="%E3%81%9F%E3%82%8D%E3%81%9F%E3%82%8D%2E" n2="%68%61%79%61%74%6F%E2%98%86" n3="%EF%BC%9D%E9%AB%98%E6%A9%8B%E3%83%91%E3%83%B3%E3%83%80%EF%BC%9D" dan="18,17,17,16" rate="2159.81,2149.89,2148.87,2160.17" sx="F,M,M,M"/><TAIKYOKU oya="0"/><INIT seed="0,0,0,0,1,54" ten="250,250,250,250" oya="0" hai0="133,135,88,43,22,119,102,45,65,59,73,77,17" hai1="116,27,74,58,47,110,121,89,21,90,123,48,127" hai2="31,111,57,55,115,96,122,5,61,2,14,1,107" hai3="134,129,46,51,94,85,128,64,63,44,69,62,32"/><T66/><D119/><U40/><E116/><V60/><F122/><W131/><G32/><T53/><D102/><U9/><E74/><V78/><F115/><W118/><G118/><T125/><D125/><U100/><E110/><V106/><F31/><W72/><G72/><T8/><D8/><U7/><E127/><V99/><F14/><W56/><G134/><N who="0" m="51211" /><D77/><U75/><E75/><V68/><F78/><W10/><G10/><T83/><D73/><U0/><E100/><V126/><F126/><W101/><G101/><T18/><D45/><U13/><E0/><V114/><F114/><W98/><G98/><T15/><D43/><U70/><E70/><V20/><F20/><W25/><G25/><T23/><D18/><U91/><REACH who="1" step="1"/><E58/><REACH who="1" ten="250,240,250,250" step="2"/><V34/><F111/><W117/><G117/><T41/><D41/><U95/><E95/><V97/><F1/><W29/><G94/><T42/><D42/><U16/><AGARI ba="0,1" hai="7,9,13,16,21,27,40,47,48,89,90,91,121,123" machi="16" ten="30,4000,0" yaku="1,1,0,1,54,1,53,0" doraHai="54" doraHaiUra="132" who="1" fromWho="1" sc="250,-20,240,50,250,-10,250,-10" /><INIT seed="1,0,0,5,4,36" ten="230,290,240,240" oya="1" hai0="92,121,80,123,133,54,5,111,14,75,89,117,113" hai1="104,87,105,61,6,79,82,101,39,9,125,13,32" hai2="128,114,45,90,116,53,85,130,4,55,102,64,132" hai3="7,38,124,11,84,83,74,20,77,88,122,2,103"/><U24/><E39/><V127/><F116/><W56/><G122/><N who="0" m="46603" /><D117/><U21/><E125/><V86/><F102/><W126/><G38/><T48/><D113/><U63/><E32/><V135/><F64/><W112/><G112/><T94/><D111/><U35/><E35/><V50/><F4/><W41/><G103/><T19/><D5/><U59/><E101/><V119/><F114/><W28/><G56/><N who="0" m="32839" /><D133/><N who="2" m="51274" /><F119/><W25/><REACH who="3" step="1"/><G41/><REACH who="3" ten="230,290,240,230" step="2"/><T57/><D57/><U67/><REACH who="1" step="1"/><E63/><REACH who="1" ten="230,280,240,230" step="2"/><V76/><F127/><W52/><G52/><T108/><D108/><U99/><E99/><V134/><F55/><W3/><G3/><T51/><D51/><U23/><E23/><V0/><F134/><W58/><G58/><T81/><D75/><U110/><E110/><V46/><F0/><W115/><G115/><T107/><D107/><U68/><E68/><V73/><F50/><W49/><G49/><T27/><D27/><U40/><E40/><V43/><F73/><W37/><G37/><T12/><D12/><U71/><E71/><V15/><F43/><W118/><G118/><T30/><D14/><U120/><E120/><V93/><F15/><W42/><G42/><T10/><D10/><U97/><E97/><V100/><F100/><W47/><G47/><T34/><D34/><U16/><AGARI ba="0,2" hai="6,9,13,16,21,24,59,61,67,79,82,87,104,105" machi="16" ten="20,7800,0" yaku="1,1,0,1,7,1,54,1,53,0" doraHai="36" doraHaiUra="33" who="1" fromWho="1" sc="230,-26,280,98,240,-26,230,-26" /><INIT seed="1,1,0,2,1,45" ten="204,378,214,204" oya="1" hai0="126,62,109,88,20,44,81,13,0,2,117,66,116" hai1="86,25,114,95,42,82,84,51,118,11,30,77,26" hai2="132,89,123,24,55,5,133,15,38,124,14,9,111" hai3="102,63,48,39,12,99,1,8,3,50,47,34,115"/><U36/><E36/><V10/><F123/><W120/><G120/><T37/><D109/><U105/><E105/><V79/><F79/><W46/><G39/><T94/><D126/><U58/><E118/><V31/><F38/><W16/><G34/><T130/><D130/><U68/><E68/><V40/><F40/><W96/><G115/><T76/><D2/><U72/><E114/><V60/><F89/><W70/><G70/><T125/><D0/><U52/><E42/><V18/><F55/><N who="3" m="30103" /><G1/><T41/><D125/><U135/><E135/><N who="2" m="51787" /><F60/><W104/><G3/><T107/><D107/><U80/><E72/><V128/><F124/><W49/><G104/><T22/><D13/><U78/><E30/><V67/><F67/><W17/><G102/><T23/><D62/><U127/><E127/><V35/><F111/><W121/><G63/><T90/><D66/><U93/><REACH who="1" step="1"/><E11/><REACH who="1" ten="204,368,214,204" step="2"/><V53/><F53/><N who="3" m="29887" /><G121/><T71/><D71/><U100/><E100/><V108/><F108/><W75/><G75/><T61/><D116/><U131/><E131/><AGARI ba="1,1" hai="5,9,10,14,15,18,24,31,35,128,131" m="51787" machi="131" ten="30,3900,0" yaku="20,1,34,2" doraHai="45" who="2" fromWho="1" sc="204,0,368,-42,214,52,204,0" /><INIT seed="2,0,0,0,4,90" ten="204,326,266,204" oya="2" hai0="39,60,34,19,33,71,103,25,92,132,130,83,73" hai1="66,10,59,1,44,94,64,30,18,126,99,109,131" hai2="82,122,24,5,91,61,9,17,7,87,45,106,41" hai3="120,38,32,134,53,14,28,26,85,21,104,84,70"/><V23/><F122/><W114/><G120/><T4/><D39/><U68/><E68/><V55/><F106/><W8/><G104/><T3/><D130/><U42/><E30/><V80/><F80/><W52/><G134/><T123/><D123/><U75/><E75/><V15/><F61/><W115/><G70/><T108/><D132/><U16/><E131/><V72/><F72/><W29/><G38/><T6/><D108/><U12/><E1/><V119/><F119/><W89/><G29/><T13/><D71/><U35/><E35/><V40/><F7/><W2/><G2/><T50/><D60/><U49/><E109/><V107/><F107/><W129/><G85/><T78/><D25/><U86/><E126/><V11/><F11/><W43/><G43/><T27/><D50/><AGARI ba="0,0" hai="5,9,15,17,23,24,40,41,45,50,55,82,87,91" machi="50" ten="40,2000,0" yaku="8,1" doraHai="90" who="2" fromWho="0" sc="204,-20,326,0,266,20,204,0" /><INIT seed="2,1,0,5,0,123" ten="184,326,286,204" oya="2" hai0="130,54,95,112,78,91,104,51,97,65,15,74,62" hai1="85,119,103,10,69,22,109,58,124,60,71,128,27" hai2="30,29,39,0,35,56,41,63,57,6,127,17,86" hai3="117,24,89,82,87,11,120,96,16,76,98,72,107"/><V13/><F127/><W126/><G117/><T94/><D112/><U47/><E119/><V23/><F41/><W50/><G120/><T19/><D130/><U49/><E128/><V59/><F39/><W105/><G126/><T38/><D38/><U55/><E103/><V52/><F29/><W2/><G2/><T18/><D104/><U110/><E10/><N who="2" m="2375" /><F86/><W25/><G107/><T81/><D94/><U114/><E114/><V84/><F84/><W132/><G132/><T66/><D62/><U80/><E124/><V116/><F116/><W8/><G50/><T111/><D19/><U26/><E71/><V134/><F134/><W3/><G3/><T21/><D66/><U40/><E69/><V101/><F101/><W75/><G75/><T90/><D65/><U32/><E32/><V92/><F92/><W33/><G33/><T45/><REACH who="0" step="1"/><D90/><REACH who="0" ten="174,326,286,204" step="2"/><U102/><E102/><V70/><F70/><W61/><G105/><T14/><D14/><U131/><E131/><V133/><F133/><W113/><G113/><T93/><D93/><U108/><E22/><V31/><F31/><W34/><G34/><T4/><D4/><U68/><E68/><V122/><F122/><W12/><G8/><T43/><D43/><U9/><E9/><V36/><F36/><W37/><G37/><T48/><D48/><U64/><E40/><V106/><F106/><W129/><G129/><T28/><D28/><U115/><E115/><V100/><F100/><W77/><G61/><T135/><D135/><U73/><E73/><V83/><F63/><W88/><G72/><T7/><D7/><RYUUKYOKU ba="1,1" sc="174,15,326,15,286,-15,204,-15" hai0="15,18,21,45,51,54,74,78,81,91,95,97,111" hai1="26,27,47,49,55,58,60,64,80,85,108,109,110" /><INIT seed="3,2,1,0,5,131" ten="189,341,271,189" oya="3" hai0="13,109,104,120,26,84,19,111,122,35,41,96,92" hai1="127,6,49,71,61,28,11,62,14,3,81,64,97" hai2="12,72,59,69,93,105,2,40,1,45,73,125,77" hai3="82,83,128,119,23,24,68,36,32,89,47,39,88"/><W114/><G119/><T57/><D104/><U48/><E127/><V126/><F69/><W42/><G114/><T4/><D57/><U53/><E28/><V38/><F105/><W15/><G68/><T91/><D41/><U5/><E97/><V80/><F73/><W46/><G128/><T107/><D4/><U9/><E81/><V33/><F33/><W37/><G32/><T34/><D34/><U95/><E95/><V108/><F108/><N who="0" m="41546" /><D26/><U87/><E87/><V63/><F93/><W10/><G10/><N who="0" m="6583" /><D35/><U129/><E129/><V25/><F25/><W56/><G15/><T103/><AGARI ba="2,1" hai="84,91,92,96,103,107,120,122" m="6583,41546" machi="103" ten="30,1100,0" yaku="14,1" doraHai="131" who="0" fromWho="0" sc="189,27,341,-5,271,-5,189,-7" /><INIT seed="4,0,0,1,4,125" ten="216,336,266,182" oya="0" hai0="97,133,109,11,4,112,131,64,23,63,22,79,35" hai1="3,73,10,19,96,116,38,87,49,45,74,69,108" hai2="121,13,59,47,105,53,89,51,132,102,86,15,41" hai3="95,8,40,54,34,113,32,114,56,111,60,0,5"/><T84/><D35/><U52/><E69/><V123/><F132/><W1/><G111/><T78/><D133/><U12/><E108/><V42/><F42/><W65/><G0/><T135/><D135/><U36/><E3/><V66/><F66/><W93/><G40/><T25/><D109/><U39/><E116/><V29/><F29/><W46/><G34/><T62/><D112/><N who="3" m="43113" /><G32/><T20/><D131/><U130/><E130/><V90/><F90/><W61/><G46/><T122/><D122/><U118/><E118/><V71/><F71/><AGARI ba="0,0" hai="1,5,8,54,56,60,61,65,71,93,95" m="43113" machi="71" ten="30,1000,0" yaku="15,1" doraHai="125" who="3" fromWho="2" sc="216,0,336,0,266,-10,182,10" /><INIT seed="5,0,0,1,0,40" ten="216,336,256,192" oya="1" hai0="72,92,68,129,56,49,3,29,124,87,71,123,84" hai1="4,60,0,117,76,95,85,53,97,52,5,116,130" hai2="69,101,121,112,79,47,61,20,30,111,75,28,55" hai3="43,66,19,74,78,93,1,42,114,35,46,108,64"/><U15/><E0/><V33/><F111/><W81/><G108/><T126/><D3/><U21/><E117/><V94/><F33/><W9/><G114/><T39/><D39/><U132/><E116/><V59/><F69/><W98/><G35/><T45/><D72/><U14/><E130/><V17/><F121/><W12/><G1/><T22/><D129/><U48/><E60/><V26/><F112/><W135/><G42/><T65/><D123/><U107/><E107/><V24/><F79/><W104/><G104/><T91/><D87/><U7/><E53/><V13/><F75/><W16/><G19/><T115/><D115/><U118/><E118/><V105/><F105/><W102/><REACH who="3" step="1"/><G135/><REACH who="3" ten="216,336,256,182" step="2"/><T6/><D6/><U80/><E132/><V44/><F28/><W128/><G128/><T11/><D29/><U27/><E27/><N who="2" m="10283" /><F30/><W57/><G57/><T90/><D65/><U100/><E21/><V34/><F34/><W73/><G73/><T113/><D56/><AGARI ba="0,1" hai="4,5,7,14,15,48,52,56,76,80,85,95,97,100" machi="56" ten="40,3900,0" yaku="8,1,54,1" doraHai="40" who="1" fromWho="0" sc="216,-39,336,49,256,0,182,0" /><INIT seed="5,1,0,1,4,123" ten="177,385,256,182" oya="1" hai0="61,120,13,66,9,49,33,107,43,84,15,26,103" hai1="108,80,24,16,44,29,21,67,18,5,48,74,104" hai2="135,58,73,76,71,112,11,57,40,94,101,113,90" hai3="42,31,75,69,88,82,117,125,12,96,85,22,45"/><U92/><E104/><V126/><F71/><W121/><G121/><T122/><D107/><U110/><E67/><V78/><F101/><W79/><G125/><T10/><D103/><U65/><E65/><V4/><F40/><W97/><G69/><T93/><D120/><U0/><E5/><V105/><F105/><W89/><G117/><T38/><D122/><U37/><E37/><V54/><F126/><W114/><G114/><N who="2" m="44137" /><F73/><W39/><G89/><N who="0" m="53415" /><D33/><U28/><E0/><N who="2" m="391" /><F57/><W119/><G119/><T25/><D38/><U128/><E128/><V34/><F34/><W91/><G91/><T87/><D87/><U2/><E2/><V23/><F23/><W30/><G12/><N who="0" m="4683" /><D10/><U50/><E29/><V99/><F135/><W1/><G1/><T53/><D43/><U102/><E102/><V52/><F54/><W118/><G118/><T86/><D86/><U106/><E106/><V3/><F3/><W124/><G124/><T130/><D9/><U55/><E92/><V36/><F36/><W20/><G20/><T127/><D130/><U132/><E132/><V100/><F100/><W81/><REACH who="3" step="1"/><G30/><REACH who="3" ten="177,385,256,172" step="2"/><T35/><D127/><U56/><E28/><V17/><F17/><W7/><G7/><T27/><D35/><U72/><E18/><V111/><F90/><W59/><G59/><N who="0" m="37183" /><D27/><AGARI ba="1,1" hai="22,27,31,39,42,45,75,79,81,82,85,88,96,97" machi="27" ten="40,2600,0" yaku="1,1,54,1,53,0" doraHai="123" doraHaiUra="133" who="3" fromWho="0" sc="177,-29,385,0,256,0,172,39" /><INIT seed="6,0,0,5,4,98" ten="148,385,256,211" oya="2" hai0="126,22,70,21,39,125,130,87,134,31,9,89,92" hai1="10,132,60,72,111,90,57,0,55,78,109,128,53" hai2="105,51,67,101,99,48,73,59,102,4,1,52,117" hai3="23,30,124,76,95,63,50,37,24,82,104,61,108"/><V94/><F73/><W8/><G108/><T106/><D70/><U25/><E128/><V91/><F117/><W123/><G37/><T46/><D106/><U81/><E132/><V35/><F35/><W93/><G104/><T122/><D122/><U88/><E25/><V77/><F77/><W36/><G36/><T28/><D134/><U84/><E90/><V2/><F67/><W15/><G124/><T66/><D130/><U47/><E0/><V85/><F4/><W65/><G50/><T127/><D66/><U42/><E10/><V129/><F129/><W58/><G61/><T49/><D39/><U80/><E55/><V118/><F118/><W86/><REACH who="3" step="1"/><G123/><REACH who="3" ten="148,385,256,201" step="2"/><T114/><D114/><U96/><E109/><V71/><F71/><W64/><G64/><T3/><D31/><U29/><E29/><V16/><F51/><W6/><AGARI ba="0,1" hai="6,8,15,23,24,30,58,63,65,76,82,86,93,95" machi="6" ten="20,5200,0" yaku="1,1,0,1,7,1,8,1,53,0" doraHai="98" doraHaiUra="69" who="3" fromWho="3" sc="148,-13,385,-13,256,-26,201,62" /><INIT seed="7,0,0,2,0,59" ten="135,372,230,263" oya="3" hai0="23,122,89,118,121,0,42,102,117,20,19,92,24" hai1="132,85,67,22,52,12,4,99,25,27,41,96,72" hai2="101,80,125,65,75,115,124,38,128,55,49,129,46" hai3="120,113,81,53,73,86,74,16,110,60,103,77,8"/><W83/><G120/><T106/><D106/><U11/><E72/><V10/><F101/><W111/><G113/><T58/><D102/><U105/><E105/><V33/><F10/><W47/><G103/><T87/><D42/><U135/><E67/><V131/><F33/><W44/><G44/><T40/><D40/><U6/><E6/><V116/><F80/><W26/><G26/><T2/><D20/><U15/><E41/><N who="2" m="22839" /><F75/><W107/><G107/><T93/><D93/><U90/><E15/><V57/><F116/><W84/><G47/><T31/><D31/><U14/><E14/><V5/><F5/><W82/><G82/><T45/><D45/><U3/><E3/><V134/><F115/><W48/><G48/><T56/><D56/><U126/><E27/><V50/><F50/><W32/><G32/><T91/><D91/><U29/><E99/><V78/><F78/><W39/><G74/><T71/><D71/><U108/><E96/><V54/><F54/><W98/><G73/><T123/><D117/><U62/><E90/><V79/><F79/><N who="3" m="46143" /><G39/><T13/><D24/><U95/><E95/><V114/><F114/><W64/><G53/><T36/><D36/><U30/><E52/><V130/><F130/><W34/><G34/><T35/><D35/><U37/><E37/><V51/><F51/><W104/><G104/><T28/><D118/><U21/><E25/><V18/><F128/><W127/><G77/><T68/><D28/><U94/><E30/><V70/><F129/><W43/><G98/><T88/><D122/><U61/><E29/><V1/><F131/><RYUUKYOKU ba="0,0" sc="135,0,372,0,230,0,263,0" owari="135,-36.0,372,47.0,230,-17.0,263,6.0" /></mjloggm>