<mjloggm ver="2.3"><GO type="169" lobby="0"/><UN n0="%E3%81%B1%E3%82%93%E3%81%9E%E3%81%86" n1="%7A%65%72%6F%52%58" n2="%E5%B0%B1%E6%B4%BB%E7%94%9F%40%E5%B7%9D%E6%9D%91%E8%BB%8D%E5%9B%A3" n3="%E3%81%A8%E3%81%86%E3%81%8D%E3%82%82%E3%82%93" dan="16,18,17,16" rate="2053.70,2177.76,2145.85,2054.81" sx="M,M,M,M"/><TAIKYOKU oya="0"/><INIT seed="0,0,0,2,4,68" ten="250,250,250,250" oya="0" hai0="124,78,5,120,106,16,59,131,111,121,57,76,66" hai1="125,82,60,36,17,42,64,40,31,85,54,14,103" hai2="89,20,33,98,84,29,53,72,118,92,91,2,55" hai3="48,107,99,100,26,86,102,43,110,112,24,81,126"/><T83/><D106/><U80/><E125/><V87/><F72/><W129/><G110/><T4/><D124/><U88/><E31/><V132/><F33/><W74/><G126/><T123/><D111/><U117/><E117/><V51/><F2/><W15/><G112/><T0/><D131/><U27/><E27/><N who="2" m="16615" /><F132/><W90/><G129/><T28/><D28/><U127/><E103/><N who="2" m="60871" /><F118/><W115/><G115/><T135/><D135/><U113/><E113/><V71/><F71/><W32/><G32/><T58/><D0/><U105/><E105/><V69/><F69/><W6/><G74/><T109/><D109/><U39/><E127/><V122/><F122/><W49/><G100/><T52/><D66/><U30/><E30/><V22/><F22/><W128/><G128/><T93/><D93/><U47/><E54/><N who="2" m="20491" /><F51/><W67/><G67/><T19/><D83/><U94/><E42/><V38/><F38/><W46/><REACH who="3" step="1"/><G49/><REACH who="3" ten="250,250,250,240" step="2"/><T130/><D130/><U21/><REACH who="1" step="1"/><E39/><REACH who="1" ten="250,240,250,240" step="2"/><V45/><F45/><W1/><G1/><T23/><D121/><U41/><E41/><V12/><F12/><W95/><G95/><T37/><D123/><U134/><E134/><V18/><F91/><W119/><G119/><T114/><D120/><U133/><E133/><V11/><F89/><W108/><G108/><T8/><D37/><U56/><AGARI ba="0,2" hai="14,17,21,36,40,47,56,60,64,80,82,85,88,94" machi="56" ten="20,12000,2" yaku="1,1,0,1,7,1,52,1,54,1,53,1" doraHai="68" doraHaiUra="61" who="1" fromWho="1" sc="250,-60,240,140,250,-30,240,-30" /><INIT seed="1,0,0,2,1,34" ten="190,380,220,210" oya="1" hai0="69,70,29,20,42,47,107,6,115,98,28,1,131" hai1="86,52,19,88,49,116,24,37,26,58,128,66,45" hai2="118,48,114,103,14,11,73,72,129,2,81,54,134" hai3="0,112,50,13,27,5,10,67,106,74,21,83,8"/><U127/><E116/><V35/><F114/><W111/><G106/><T12/><D115/><U63/><E128/><V126/><F118/><W16/><G67/><T95/><D131/><U55/><E127/><V30/><F129/><W3/><G112/><T23/><D107/><U18/><E37/><V77/><F134/><W75/><G83/><T59/><D59/><U89/><E89/><V119/><F119/><W9/><G111/><T33/><D28/><U68/><E26/><V56/><F126/><W60/><G60/><T96/><D96/><U15/><E24/><V87/><F103/><W101/><G101/><T32/><D29/><U117/><E117/><V104/><F104/><W31/><G50/><T135/><D135/><U62/><REACH who="1" step="1"/><E15/><REACH who="1" ten="190,370,220,210" step="2"/><V65/><F14/><W123/><G123/><T80/><D12/><U132/><E132/><V71/><F35/><W102/><G102/><T40/><D33/><U92/><AGARI ba="0,1" hai="18,19,45,49,52,55,58,62,63,66,68,86,88,92" machi="92" ten="20,18000,2" yaku="1,1,0,1,7,1,54,2,53,1" doraHai="34" doraHaiUra="90" who="1" fromWho="1" sc="190,-60,370,190,220,-60,210,-60" /><INIT seed="1,1,0,5,5,78" ten="130,560,160,150" oya="1" hai0="103,57,116,121,82,66,34,127,101,75,4,70,17" hai1="0,120,62,61,129,71,5,91,59,39,109,107,21" hai2="41,53,56,55,90,68,99,25,115,40,10,73,123" hai3="1,29,74,63,26,6,119,92,44,18,105,106,118"/><U88/><E39/><V19/><F68/><W76/><G74/><T102/><D116/><N who="3" m="44585" /><G76/><T16/><D70/><U83/><E120/><V51/><F123/><W9/><G44/><T111/><D121/><U65/><E107/><N who="3" m="40970" /><G92/><T114/><D34/><U20/><E129/><V95/><F115/><W69/><G18/><T80/><D75/><U33/><E33/><V45/><F73/><W93/><G93/><T124/><D114/><U81/><E0/><V96/><F96/><W2/><G2/><T52/><D4/><U67/><E5/><V113/><F113/><W72/><G72/><T131/><D131/><U31/><E109/><V108/><F108/><W48/><G48/><N who="0" m="30855" /><D66/><U3/><E3/><V27/><F27/><W97/><G97/><T132/><D111/><U122/><E122/><V77/><F77/><W13/><G1/><T35/><D35/><U15/><E31/><V47/><F47/><W7/><G7/><T30/><D30/><U89/><REACH who="1" step="1"/><E21/><REACH who="1" ten="130,550,160,150" step="2"/><N who="2" m="13503" /><F10/><W117/><G117/><T32/><D32/><U46/><E46/><V38/><F38/><W11/><G11/><T42/><D132/><U37/><E37/><V54/><F41/><W43/><G43/><T128/><D42/><U50/><E50/><V14/><F14/><W94/><G29/><T12/><D128/><U24/><E24/><V87/><F56/><W36/><G36/><T134/><D134/><U112/><E112/><V64/><F64/><N who="3" m="41119" /><G26/><T22/><D17/><AGARI ba="1,1" hai="15,17,20,59,61,62,65,67,71,81,83,88,89,91" machi="17" ten="40,12000,1" yaku="1,1,52,2,54,1,53,0" doraHai="78" doraHaiUra="130" who="1" fromWho="0" sc="130,-123,550,133,160,0,150,0" /><INIT seed="1,2,0,2,4,0" ten="7,683,160,150" oya="1" hai0="3,70,134,125,50,23,44,118,13,135,17,114,108" hai1="57,11,97,33,90,85,18,75,37,106,55,124,117" hai2="121,4,26,48,15,78,62,19,42,65,112,105,130" hai3="107,35,67,103,40,61,71,87,38,66,80,133,31"/><U51/><E37/><V93/><F105/><W8/><G133/><N who="0" m="50699" /><D70/><U110/><E33/><V46/><F130/><W2/><G67/><T116/><D114/><U100/><E117/><N who="0" m="45161" /><D108/><U73/><E124/><V129/><F129/><W1/><G8/><T39/><D125/><U54/><E110/><V52/><F121/><W45/><G87/><T25/><D39/><U59/><E18/><V119/><F119/><W95/><G80/><T79/><D79/><U41/><E41/><V91/><F112/><W81/><G81/><T69/><D69/><U88/><E11/><N who="2" m="4583" /><F78/><W132/><G95/><T21/><D50/><U68/><E68/><V30/><F30/><W14/><G132/><T102/><D102/><U94/><E90/><V76/><F76/><W131/><G131/><T29/><D44/><U47/><E47/><V127/><F127/><W99/><G14/><T86/><D86/><U6/><E6/><V84/><F65/><W10/><G10/><N who="0" m="6327" /><D3/><U36/><E36/><V16/><F26/><AGARI ba="2,0" hai="1,2,26,31,35,38,40,45,61,66,71,99,103,107" machi="26" ten="40,8000,1" yaku="25,2,33,3" doraHai="0" who="3" fromWho="2" sc="7,0,683,0,160,-86,150,86" /><INIT seed="2,0,0,5,3,0" ten="7,683,74,236" oya="2" hai0="15,12,45,110,7,10,50,69,46,14,72,51,103" hai1="52,31,9,85,61,65,18,32,106,41,95,66,98" hai2="78,102,112,109,39,42,74,118,35,100,123,33,17" hai3="76,90,101,87,38,24,124,47,3,11,68,111,2"/><V104/><F118/><W75/><G47/><T86/><D72/><U94/><E41/><V132/><F17/><W129/><G101/><T36/><D36/><U28/><E106/><V27/><F102/><W48/><G24/><T88/><D69/><U1/><E1/><V22/><F22/><W63/><G63/><T37/><D103/><U8/><E32/><V4/><F112/><W56/><G76/><T44/><D37/><U40/><E40/><V127/><F127/><W77/><G77/><T25/><D110/><U73/><E85/><V19/><F109/><W97/><G87/><T59/><D25/><U70/><E66/><V89/><F19/><W130/><G111/><T125/><D125/><U34/><E34/><V117/><F89/><W67/><G90/><T99/><D99/><U81/><E81/><V57/><F57/><W96/><G97/><T58/><D58/><U49/><E73/><V131/><F27/><W105/><G96/><T135/><D135/><U107/><E107/><V121/><F117/><W116/><G116/><T133/><D133/><U114/><E95/><V29/><F132/><W20/><G105/><T62/><D15/><U30/><E18/><V82/><F121/><W134/><G124/><T6/><D14/><U83/><E83/><V91/><F123/><W16/><G134/><T55/><D6/><U92/><E114/><V115/><F100/><W21/><G75/><T54/><D50/><U79/><E79/><V26/><F115/><W53/><G38/><T43/><D43/><U5/><E5/><V84/><F104/><W80/><G2/><RYUUKYOKU ba="0,0" sc="7,30,683,-10,74,-10,236,-10" hai0="7,10,12,44,45,46,51,54,55,59,62,86,88" /><INIT seed="3,1,0,2,1,66" ten="37,673,64,226" oya="3" hai0="131,82,60,69,64,112,53,104,48,34,125,86,85" hai1="88,21,27,62,105,28,108,78,51,101,116,80,98" hai2="22,6,133,74,100,33,122,106,134,41,15,11,5" hai3="77,68,1,57,0,18,49,32,35,20,65,31,10"/><W25/><G77/><T97/><D131/><U103/><E108/><V36/><F74/><W120/><G120/><T14/><D125/><U43/><E116/><V84/><F122/><W19/><G35/><T96/><D112/><U93/><E62/><V89/><F33/><W26/><G68/><T130/><D130/><U107/><E107/><V8/><F106/><W119/><G119/><T59/><D104/><U3/><E3/><N who="3" m="1098" /><G65/><T121/><D34/><U126/><E126/><V124/><F100/><W75/><G57/><T123/><D121/><U99/><E43/><V132/><F124/><W87/><G87/><T44/><D123/><U71/><E71/><V102/><F102/><W76/><G49/><T70/><D85/><U110/><E110/><V37/><F41/><W24/><G76/><T91/><D70/><U16/><E51/><V2/><REACH who="2" step="1"/><F22/><REACH who="2" ten="37,673,54,226" step="2"/><N who="3" m="13407" /><G75/><T38/><D14/><U92/><E105/><V47/><F47/><W52/><G10/><T114/><D114/><U61/><E103/><V128/><F128/><W83/><G32/><T117/><D117/><U90/><E101/><V4/><F4/><W94/><G20/><T9/><D9/><U40/><E40/><AGARI ba="1,1" hai="38,40,44,48,53,59,60,64,69,82,86,91,96,97" machi="40" ten="40,5200,0" yaku="24,2,52,1" doraHai="66" who="0" fromWho="1" sc="37,65,673,-55,54,0,226,0" /><INIT seed="4,0,0,5,4,103" ten="102,618,54,226" oya="0" hai0="79,82,44,15,133,52,134,16,3,30,56,35,10" hai1="12,116,114,37,77,94,41,58,19,89,84,57,50" hai2="81,62,4,111,63,51,34,54,25,88,36,91,68" hai3="73,28,80,42,69,123,87,126,53,115,96,23,78"/><T43/><D3/><U26/><E116/><V120/><F36/><W97/><G115/><T22/><D35/><U124/><E114/><V46/><F120/><W122/><G69/><T109/><D109/><U104/><E104/><V11/><F111/><W55/><G42/><T86/><D30/><U13/><E37/><V24/><F68/><W76/><G126/><T49/><REACH who="0" step="1"/><D10/><REACH who="0" ten="92,618,54,226" step="2"/><U2/><E2/><V66/><F34/><W83/><G28/><T100/><D100/><U27/><E124/><V85/><F91/><W129/><G23/><T110/><D110/><U90/><E90/><V99/><F99/><W108/><G108/><T60/><AGARI ba="0,1" hai="15,16,22,43,44,49,52,56,60,79,82,86,133,134" machi="60" ten="30,11700,0" yaku="1,1,0,1,54,2,53,0" doraHai="103" doraHaiUra="101" who="0" fromWho="0" sc="92,127,618,-39,54,-39,226,-39" /><INIT seed="4,1,0,0,5,38" ten="219,579,15,187" oya="0" hai0="12,30,116,17,20,119,96,94,80,10,110,85,131" hai1="54,118,27,23,115,105,95,100,91,107,79,43,75" hai2="108,59,84,113,5,102,104,40,6,19,45,71,1" hai3="97,29,90,13,135,49,22,0,125,67,126,93,129"/><T56/><D131/><U15/><E118/><V69/><F113/><W60/><G0/><T133/><D133/><U36/><E100/><V70/><F108/><W24/><G135/><T64/><D110/><U33/><E33/><V98/><F59/><W78/><G129/><T61/><D30/><U82/><E15/><V72/><F84/><W26/><G78/><T51/><D20/><U109/><E109/><V77/><F19/><N who="3" m="10607" /><G49/><T44/><D94/><U62/><E115/><V92/><F1/><W103/><G90/><T65/><D65/><U53/><E43/><V76/><F104/><W46/><G46/><T37/><D96/><U111/><E36/><V58/><F58/><N who="3" m="37271" /><G29/><T48/><D37/><U128/><E128/><V7/><REACH who="2" step="1"/><F72/><REACH who="2" ten="219,579,5,187" step="2"/><W132/><G132/><T32/><D85/><U41/><E111/><V112/><F112/><W81/><G81/><T50/><D80/><U87/><E107/><V120/><F120/><W127/><AGARI ba="1,1" hai="24,26,93,97,103,125,126,127" m="37271,10607" machi="127" ten="30,1100,0" yaku="18,1" doraHai="38" who="3" fromWho="3" sc="219,-6,579,-4,5,-4,187,24" /><INIT seed="5,0,0,0,4,34" ten="213,575,1,211" oya="1" hai0="45,108,100,48,117,84,78,64,87,35,39,119,53" hai1="112,113,103,38,63,58,135,12,8,104,62,107,1" hai2="44,40,46,68,15,114,116,134,37,126,13,91,74" hai3="0,105,23,122,4,3,97,43,92,31,120,36,70"/><U121/><E38/><V16/><F74/><W130/><G70/><T111/><D35/><U24/><E121/><V69/><F116/><W115/><G115/><N who="1" m="44106" /><E1/><N who="3" m="586" /><G4/><T20/><D87/><U17/><E135/><V67/><F114/><W89/><G23/><T77/><D53/><N who="1" m="34127" /><E103/><V127/><F134/><W101/><G31/><T66/><D20/><N who="1" m="13327" /><E63/><V96/><F44/><N who="3" m="23655" /><G105/><T110/><D100/><U55/><E55/><V7/><F7/><AGARI ba="0,0" hai="7,8,12,104,107" m="13327,34127,44106" machi="7" ten="30,1500,0" yaku="15,1" doraHai="34" who="1" fromWho="2" sc="213,0,575,15,1,-15,211,0" owari="213,1.0,590,69.0,-14,-51.0,211,-19.0" /></mjloggm>