<mjloggm ver="2.3"><GO type="97" lobby="0"/><UN n0="%E7%89%87%E7%80%AC%E9%82%A3%E5%A5%88" n1="%E5%B0%B1%E6%B4%BB%E7%94%9F%40%E5%B7%9D%E6%9D%91%E8%BB%8D%E5%9B%A3" n2="%6B%61%75%74%65%6E" n3="%E5%B0%8F%E9%98%AA%E3%81%A1%E3%81%B2%E3%82%8D" dan="15,14,14,14" rate="2077.53,1977.84,1903.62,1892.38" sx="M,M,M,F"/><TAIKYOKU oya="0"/><INIT seed="0,0,0,0,0,102" ten="250,250,250,250" oya="0" hai0="63,112,68,23,106,121,108,90,123,50,82,12,120" hai1="35,1,98,28,10,54,128,46,25,2,13,126,43" hai2="76,51,89,74,134,52,96,22,16,94,60,36,86" hai3="6,45,88,42,71,29,32,109,56,53,125,49,67"/><T38/><D38/><U105/><E126/><V34/><F36/><N who="3" m="21703" /><G6/><T3/><D3/><U107/><E54/><V93/><F134/><W40/><G29/><T20/><D112/><U118/><E118/><V73/><F34/><W103/><G32/><T122/><D122/><U81/><E81/><V69/><F69/><W127/><G103/><T37/><D37/><U11/><E11/><V115/><F60/><N who="3" m="40423" /><G109/><T66/><D108/><U78/><E78/><V97/><F115/><W101/><G101/><T91/><D106/><U5/><E128/><V39/><F39/><W116/><G116/><T130/><D130/><U79/><E79/><V104/><F104/><W18/><G18/><T41/><D82/><U26/><E26/><V85/><F74/><W0/><G0/><T83/><D83/><U33/><E33/><V72/><F72/><W30/><G30/><T129/><D129/><U65/><E65/><V47/><F73/><W44/><G88/><T14/><D90/><U99/><E2/><V48/><F76/><W110/><G110/><T17/><D91/><U80/><E80/><V70/><F70/><W64/><G64/><T57/><D68/><U131/><E131/><V87/><F94/><W124/><G40/><T4/><D4/><U84/><E84/><V135/><F97/><N who="1" m="36873" /><E1/><V75/><F75/><W9/><G9/><N who="0" m="6351" /><D12/><U58/><E58/><AGARI ba="0,0" hai="44,49,53,56,58,124,125,127" m="40423,21703" machi="58" ten="30,3900,0" yaku="18,1,34,2" doraHai="102" who="3" fromWho="1" sc="250,0,250,-39,250,0,250,39" /><INIT seed="1,0,0,5,1,17" ten="250,211,250,289" oya="1" hai0="82,117,109,4,87,38,43,118,30,73,115,107,66" hai1="46,51,49,10,32,68,90,65,133,70,129,52,71" hai2="92,47,102,93,122,26,135,110,18,53,37,19,61" hai3="16,0,95,96,50,13,116,97,2,84,24,79,88"/><U105/><E105/><V3/><F122/><W72/><G116/><T9/><D107/><U108/><E32/><V55/><F110/><W5/><G72/><T45/><D115/><U1/><E108/><V103/><F3/><W41/><G79/><T127/><D109/><U98/><E129/><V134/><F37/><W94/><G0/><T25/><D66/><U34/><E34/><V121/><F121/><W35/><G2/><T27/><D27/><U132/><E65/><V36/><F36/><W120/><G120/><T125/><D73/><U56/><E98/><N who="3" m="37994" /><G35/><T99/><D99/><U40/><REACH who="1" step="1"/><E90/><REACH who="1" ten="250,201,250,289" step="2"/><V112/><F112/><W104/><G104/><T7/><D117/><U119/><E119/><V69/><F134/><W91/><G91/><T81/><D118/><U15/><E15/><V75/><F135/><W86/><G88/><T131/><D131/><U67/><E67/><V12/><F12/><W48/><G13/><T28/><D25/><U114/><E114/><V111/><F26/><W44/><G24/><T23/><D125/><U78/><E78/><V123/><F111/><W101/><G101/><T58/><D127/><U8/><E8/><V89/><F89/><W42/><G5/><AGARI ba="0,1" hai="1,5,10,40,46,49,51,52,56,68,70,71,132,133" machi="5" ten="50,4800,0" yaku="1,1,54,1,53,0" doraHai="17" doraHaiUra="113" who="1" fromWho="3" sc="250,0,201,58,250,0,289,-48" /><INIT seed="1,1,0,4,5,133" ten="250,259,250,241" oya="1" hai0="16,3,99,87,56,4,36,104,45,20,33,95,69" hai1="85,130,53,22,54,105,129,112,135,52,7,17,48" hai2="83,0,76,108,61,35,42,96,32,44,115,15,47" hai3="134,38,93,40,109,68,8,66,77,121,72,113,92"/><U82/><E105/><V106/><F108/><W39/><G40/><T41/><D69/><U31/><E135/><V116/><F116/><W110/><G121/><T2/><D33/><U132/><E31/><V65/><F115/><W14/><G134/><T126/><D104/><U10/><E132/><V88/><F15/><W13/><G113/><T57/><D87/><U59/><E112/><V119/><F119/><W25/><G25/><T102/><D126/><U26/><E7/><V118/><F47/><W89/><G72/><T51/><D4/><U5/><E5/><V63/><F63/><N who="3" m="40031" /><G77/><T67/><D67/><U80/><E10/><V30/><F118/><W46/><G46/><T21/><D21/><U55/><REACH who="1" step="1"/><E82/><REACH who="1" ten="250,249,250,241" step="2"/><V127/><F106/><W70/><G8/><T71/><D71/><U111/><E111/><V12/><F30/><W50/><G70/><T91/><D3/><U43/><E43/><V19/><F0/><W27/><G109/><T90/><D2/><U79/><AGARI ba="1,1" hai="17,22,26,48,52,53,54,55,59,79,80,85,129,130" machi="79" ten="30,6000,0" yaku="1,1,0,1,54,1,53,0" doraHai="133" doraHaiUra="120" who="1" fromWho="1" sc="250,-21,249,73,250,-21,241,-21" /><INIT seed="1,2,0,1,2,41" ten="229,322,229,220" oya="1" hai0="112,120,130,96,116,77,107,30,42,62,11,127,104" hai1="31,55,54,49,129,69,29,115,81,135,101,93,25" hai2="51,36,17,58,50,114,73,60,132,23,53,125,4" hai3="19,121,91,99,6,103,59,47,110,10,95,118,98"/><U7/><E115/><V1/><F73/><W28/><G121/><T61/><D112/><U109/><E69/><V126/><F36/><W102/><G110/><T88/><D116/><U45/><E109/><V106/><F114/><W83/><G118/><T75/><D30/><U8/><E135/><V74/><F74/><W119/><G119/><T122/><D130/><U22/><E129/><V68/><F106/><W12/><G28/><T70/><D127/><N who="2" m="48650" /><F132/><W76/><G47/><T32/><D32/><U94/><E31/><V52/><F4/><W40/><G40/><T16/><D42/><U43/><E81/><V18/><F1/><W35/><G35/><T37/><D37/><U80/><E80/><V34/><F34/><W113/><G59/><T108/><D108/><U48/><E101/><V56/><F23/><W9/><G113/><T89/><D75/><U67/><E67/><AGARI ba="2,0" hai="17,18,50,51,52,53,56,58,60,67,68" m="48650" machi="67" ten="30,2000,0" yaku="18,1,54,1" doraHai="41" who="2" fromWho="1" sc="229,0,322,-26,229,26,220,0" /><INIT seed="2,0,0,5,5,86" ten="229,296,255,220" oya="2" hai0="96,75,21,48,43,117,53,12,33,133,17,70,85" hai1="78,97,84,52,99,135,54,69,1,46,65,128,16" hai2="125,49,127,10,94,124,134,118,92,24,0,113,82" hai3="109,90,31,72,64,87,130,35,7,112,77,105,91"/><V63/><F118/><W22/><G35/><T59/><D75/><U114/><E1/><V38/><F113/><W66/><G105/><T56/><D117/><U80/><E114/><V47/><F38/><W79/><G72/><T71/><D133/><U122/><E135/><V120/><F120/><W81/><G112/><T106/><D33/><U123/><E128/><V26/><F82/><W20/><G109/><T39/><D39/><U25/><E69/><V119/><F63/><W18/><G130/><T67/><D43/><U57/><E65/><N who="3" m="25194" /><G7/><T103/><D67/><U58/><E122/><V23/><F119/><W5/><G5/><T55/><REACH who="0" step="1"/><D85/><REACH who="0" ten="219,296,255,220" step="2"/><U73/><E73/><V4/><F134/><W88/><G31/><T51/><AGARI ba="0,1" hai="12,17,21,48,51,53,55,56,59,70,71,96,103,106" machi="51" ten="20,12000,2" yaku="1,1,2,1,0,1,7,1,9,1,53,1" doraHai="86" doraHaiUra="100" who="0" fromWho="0" sc="219,130,296,-30,255,-60,220,-30" /><INIT seed="3,0,0,5,0,134" ten="349,266,195,190" oya="3" hai0="59,108,116,103,73,90,40,42,20,104,23,55,95" hai1="106,86,61,26,30,98,48,45,36,119,105,33,53" hai2="71,8,17,25,37,83,52,74,80,11,97,118,107" hai3="5,79,127,65,68,99,44,135,69,67,117,110,39"/><W2/><G79/><T94/><D73/><U41/><E119/><V49/><F37/><W100/><G2/><T101/><D108/><U77/><E61/><V7/><F71/><N who="3" m="27211" /><G5/><T91/><D104/><U64/><E64/><N who="3" m="24650" /><G99/><N who="0" m="57823" /><D116/><U58/><E98/><V75/><F118/><W122/><G100/><N who="0" m="38475" /><D20/><U87/><E87/><V22/><F97/><W133/><G117/><T131/><D131/><U120/><E120/><V16/><F107/><W10/><G10/><T19/><D90/><U51/><E36/><V35/><F35/><W132/><G122/><T6/><D95/><U28/><E28/><V81/><F74/><W70/><N who="3" m="27219" /><W85/><DORA hai="88" /><G85/><T43/><D6/><U84/><E84/><V13/><F75/><W57/><G110/><T1/><D1/><U115/><E115/><V38/><F38/><W102/><G102/><T0/><D0/><U54/><E41/><V111/><F111/><W129/><G129/><T62/><D40/><U4/><E4/><V78/><F78/><W76/><G76/><T27/><AGARI ba="0,0" hai="19,23,27,42,43,55,59,62" m="38475,57823" machi="27" ten="30,4000,0" yaku="25,1,8,1,52,1" doraHai="134,88" who="0" fromWho="0" sc="349,40,266,-10,195,-10,190,-20" owari="389,48.0,256,6.0,185,-21.0,170,-33.0" /></mjloggm>