<mjloggm ver="2.3"><GO type="97" lobby="0"/><UN n0="%E4%BA%86%E8%A7%A3%E3%81%A7%E3%81%82%E3%82%8A%E3%81%BE%E3%81%99%EF%BC%81" n1="%E3%83%9F%E3%83%AB%E3%82%AD%E3%83%BC%E3%83%91%E3%82%A4" n2="%E4%B8%96%E7%B4%80%E6%9C%AB%E8%A6%87%E8%80%85" n3="%E5%B0%B1%E6%B4%BB%E7%94%9F%40%E5%B7%9D%E6%9D%91%E8%BB%8D%E5%9B%A3" dan="15,13,14,15" rate="1930.06,1893.29,1966.67,2006.90" sx="M,F,M,M"/><TAIKYOKU oya="0"/><INIT seed="0,0,0,2,4,95" ten="250,250,250,250" oya="0" hai0="8,84,57,41,52,56,2,33,4,39,99,34,123" hai1="115,24,7,27,116,0,63,42,62,87,131,15,124" hai2="109,117,111,88,20,77,83,79,75,31,126,35,55" hai3="121,68,90,118,30,6,94,133,50,82,96,86,69"/><T54/><D123/><U132/><E116/><V16/><F117/><W3/><G118/><T14/><D84/><U89/><E0/><V43/><F126/><W114/><G114/><T103/><D2/><U101/><E124/><V37/><F37/><W130/><G121/><T40/><D56/><U22/><E115/><V70/><F43/><W120/><G120/><T78/><D78/><U44/><E132/><V125/><F70/><W74/><G130/><T105/><D54/><U23/><E131/><V17/><F125/><W73/><G133/><T110/><D110/><N who="2" m="41994" /><F79/><W98/><G73/><T67/><D67/><U19/><E101/><V12/><F35/><W71/><G30/><T25/><D25/><U32/><E32/><V72/><F31/><W102/><G74/><T59/><D59/><U48/><E7/><V85/><F55/><W51/><G6/><T18/><D4/><U97/><E15/><N who="2" m="9247" /><F77/><W1/><G1/><T134/><D134/><U108/><E108/><V11/><AGARI ba="0,0" hai="11,12,17,72,75,83,85,88" m="9247,41994" machi="11" ten="30,4000,0" yaku="14,1,54,2" doraHai="95" who="2" fromWho="2" sc="250,-20,250,-10,250,40,250,-10" /><INIT seed="1,0,0,1,3,23" ten="230,240,290,240" oya="1" hai0="122,25,97,41,76,70,13,28,63,105,52,84,77" hai1="114,16,88,45,18,1,85,67,0,11,132,38,96" hai2="19,112,73,116,111,3,46,100,61,78,10,121,108" hai3="14,53,4,65,32,24,95,26,110,99,113,7,127"/><U17/><E114/><V62/><F121/><W83/><G113/><T57/><D122/><U51/><E38/><V42/><F116/><W124/><G32/><T106/><D41/><U74/><E74/><V89/><F100/><N who="3" m="60543" /><G110/><N who="2" m="42025" /><F89/><W118/><G65/><T94/><D70/><U30/><E67/><V71/><F71/><W79/><G118/><T75/><D75/><U72/><E72/><V20/><F112/><W49/><G14/><T92/><D13/><U12/><E132/><V86/><F86/><N who="3" m="48511" /><G7/><T39/><D39/><U35/><E96/><V91/><F91/><W81/><G4/><T48/><D105/><U115/><E115/><V68/><F68/><W8/><G8/><T54/><D106/><U29/><E35/><V69/><F69/><W93/><G93/><T64/><D94/><N who="1" m="54543" /><E0/><V56/><F3/><W60/><G60/><T98/><D64/><U36/><E36/><V15/><F61/><W9/><G9/><T117/><D117/><U126/><E1/><V22/><F62/><W130/><G81/><T135/><D135/><U131/><E131/><V102/><F56/><N who="3" m="32815" /><G130/><T66/><D66/><U55/><E126/><AGARI ba="0,0" hai="24,26,124,126,127" m="32815,48511,60543" machi="126" ten="30,3900,0" yaku="18,1,52,2" doraHai="23" who="3" fromWho="1" sc="230,0,240,-39,290,0,240,39" /><INIT seed="2,0,0,5,3,128" ten="230,201,290,279" oya="2" hai0="57,37,30,87,63,28,32,80,117,124,3,7,83" hai1="127,92,5,90,110,126,116,107,23,47,122,85,51" hai2="111,130,22,76,46,53,50,6,91,105,49,19,62" hai3="115,132,11,48,88,69,25,35,24,129,135,10,106"/><V66/><F105/><W101/><G69/><T31/><D37/><U40/><E107/><V70/><F130/><W65/><G129/><T123/><D123/><U112/><E112/><V98/><F111/><W38/><G38/><T4/><D32/><U71/><E71/><V45/><F76/><W99/><G115/><T133/><D133/><N who="3" m="51273" /><G65/><T118/><D124/><N who="1" m="47659" /><E122/><V43/><F6/><N who="0" m="2090" /><D3/><U1/><E116/><N who="0" m="44649" /><D87/><U96/><E110/><V13/><F98/><W8/><G35/><T125/><D125/><U9/><E23/><V26/><REACH who="2" step="1"/><F91/><REACH who="2" ten="230,201,280,279" step="2"/><W131/><G131/><T100/><D100/><U17/><E96/><V95/><F95/><W39/><G88/><T2/><D83/><U61/><E92/><V93/><F93/><W15/><G39/><T41/><D80/><U114/><E114/><V108/><F108/><W55/><G15/><AGARI ba="0,1" hai="13,15,19,22,26,43,45,46,49,50,53,62,66,70" machi="15" ten="40,2000,0" yaku="1,1,53,0" doraHai="128" doraHaiUra="86" who="2" fromWho="3" sc="230,0,201,0,280,30,279,-20" /><INIT seed="2,1,0,2,0,98" ten="230,201,310,259" oya="2" hai0="93,121,52,53,95,44,25,75,32,27,79,123,85" hai1="16,61,58,35,0,60,131,117,67,15,18,101,132" hai2="22,49,54,69,42,96,82,105,24,14,64,109,120" hai3="80,62,55,90,45,12,70,33,107,21,130,87,112"/><V111/><F120/><W86/><G33/><T59/><D32/><U134/><E117/><V129/><F129/><W19/><G107/><T106/><D106/><U13/><E35/><V99/><F42/><W56/><G130/><T6/><D6/><U37/><E131/><V94/><F105/><W20/><G112/><T2/><D2/><U26/><E37/><V116/><F116/><W103/><G70/><T122/><D44/><U31/><E0/><V65/><F14/><W88/><G103/><T83/><D75/><U127/><E127/><V133/><F82/><N who="3" m="49239" /><G45/><T74/><D74/><U46/><E46/><V92/><F133/><N who="1" m="51305" /><E15/><V72/><F72/><W102/><G102/><T50/><REACH who="0" step="1"/><D53/><REACH who="0" ten="220,201,310,259" step="2"/><U118/><E118/><V8/><F54/><W66/><G66/><T9/><D9/><AGARI ba="1,1" hai="9,12,19,20,21,55,56,62,80,87,90" m="49239" machi="9" ten="30,2000,0" yaku="8,1,54,1" doraHai="98" who="3" fromWho="0" sc="220,-23,201,0,310,0,259,33" /><INIT seed="3,0,0,0,3,40" ten="197,201,310,292" oya="3" hai0="127,56,129,101,132,41,6,93,134,46,97,85,25" hai1="133,122,90,12,34,32,30,37,7,82,118,64,121" hai2="17,13,114,110,80,50,51,81,55,88,14,116,79" hai3="52,95,54,89,11,124,60,130,5,44,104,21,103"/><W100/><G104/><T33/><D127/><U96/><E64/><V84/><F116/><W135/><G124/><T91/><D129/><U62/><E62/><V9/><F114/><W72/><G72/><T87/><D6/><U77/><E37/><V126/><F110/><W58/><G130/><T71/><D71/><U49/><E118/><V29/><F29/><W65/><G135/><N who="0" m="51755" /><D56/><U39/><E133/><V53/><F126/><W111/><G111/><T123/><D123/><U4/><E39/><V59/><F14/><N who="3" m="5487" /><G21/><T1/><D1/><U99/><E30/><V119/><F119/><W115/><G115/><T113/><D113/><U112/><E112/><V28/><F28/><W98/><G54/><T86/><D33/><U35/><E12/><V102/><F102/><W10/><G10/><T24/><D101/><U107/><E107/><V43/><F43/><W26/><G26/><T57/><D57/><U105/><E105/><V76/><F80/><W18/><G18/><T38/><AGARI ba="0,0" hai="24,25,38,41,46,85,86,87,91,93,97" m="51755" machi="38" ten="30,2000,0" yaku="20,1,52,1" doraHai="40" who="0" fromWho="0" sc="197,20,201,-5,310,-5,292,-10" owari="217,-18.0,196,-30.0,305,40.0,282,8.0" /></mjloggm>