<mjloggm ver="2.3"><GO type="97" lobby="0"/><UN n0="%E5%B0%B1%E6%B4%BB%E7%94%9F%40%E5%B7%9D%E6%9D%91%E8%BB%8D%E5%9B%A3" n1="%E5%B0%8F%E7%94%B0%E5%B3%B6%E3%81%BE%E3%82%86" n2="%59%47%36" n3="%E8%92%BC%E8%99%8E" dan="15,14,14,14" rate="2055.41,1997.10,1956.24,1974.90" sx="M,M,M,M"/><TAIKYOKU oya="0"/><INIT seed="0,0,0,1,5,127" ten="250,250,250,250" oya="0" hai0="78,56,83,106,82,0,34,115,81,52,3,111,50" hai1="58,2,54,122,65,25,47,1,24,35,121,16,17" hai2="90,18,27,19,99,93,41,126,100,62,77,15,31" hai3="116,28,59,128,80,110,73,66,14,48,92,131,113"/><T4/><D115/><U72/><E72/><V7/><F126/><W29/><G113/><T97/><D34/><U96/><E96/><V67/><F77/><W10/><G116/><T69/><D69/><U57/><E47/><V49/><F49/><W33/><G110/><T109/><D106/><U30/><E65/><V104/><F41/><W60/><G33/><T105/><D105/><U20/><E17/><V98/><F7/><W88/><G48/><T134/><D97/><U107/><E107/><V101/><F90/><W32/><G73/><T6/><D134/><U112/><E112/><V133/><F133/><W102/><G102/><T9/><D78/><U46/><E46/><V13/><F13/><W36/><G80/><T38/><D38/><U40/><E40/><V85/><F85/><W44/><G44/><T79/><D79/><U45/><E45/><V87/><F87/><N who="3" m="52255" /><G36/><T22/><D22/><U95/><E95/><V37/><F37/><W39/><G39/><T76/><D76/><U103/><E103/><V84/><F84/><W125/><G125/><T94/><D94/><U70/><E70/><N who="2" m="42359" /><F15/><W42/><G42/><T23/><D23/><U119/><E119/><V21/><F18/><N who="3" m="8535" /><G32/><T114/><D114/><U91/><E91/><V117/><F117/><W55/><G66/><T124/><D124/><U64/><E64/><V11/><F11/><AGARI ba="0,0" hai="0,3,4,6,9,11,50,52,56,81,82,83,109,111" machi="11" ten="40,3900,0" yaku="9,1,54,1" doraHai="127" who="0" fromWho="2" sc="250,39,250,0,250,-39,250,0" /><INIT seed="0,1,0,4,5,77" ten="289,250,211,250" oya="0" hai0="124,22,135,99,85,5,116,111,94,18,112,91,4" hai1="24,66,72,28,86,52,40,15,96,75,125,74,93" hai2="3,35,62,6,127,47,121,54,30,41,73,115,32" hai3="89,37,10,71,83,34,46,31,60,38,128,55,25"/><T100/><D116/><U50/><E125/><V19/><F115/><W132/><G128/><T69/><D69/><U11/><E66/><V16/><F121/><W1/><G132/><T48/><D112/><U61/><E61/><V44/><F127/><W87/><G46/><T92/><D124/><U27/><E40/><V21/><F73/><W95/><G1/><T101/><D135/><U126/><E126/><V70/><F30/><W109/><G109/><T130/><D130/><U0/><E0/><V9/><F19/><W104/><G104/><T108/><D48/><U131/><E86/><V63/><F54/><W113/><G10/><T76/><D76/><U133/><E133/><V39/><F47/><W88/><G113/><T12/><REACH who="0" step="1"/><D101/><REACH who="0" ten="279,250,211,250" step="2"/><U26/><E131/><V2/><F70/><W106/><G106/><T33/><D33/><U98/><E28/><V90/><F35/><W58/><REACH who="3" step="1"/><G71/><REACH who="3" ten="279,250,211,240" step="2"/><T68/><D68/><U42/><E42/><V120/><F120/><W97/><AGARI ba="1,2" hai="25,31,34,37,38,55,58,60,83,87,88,89,95,97" machi="97" ten="20,12000,2" yaku="1,1,2,1,0,1,7,1,52,1,54,1,53,0" doraHai="77" doraHaiUra="114" who="3" fromWho="3" sc="279,-61,250,-31,211,-31,240,143" /><INIT seed="1,0,0,3,5,109" ten="218,219,180,383" oya="1" hai0="5,33,76,10,94,101,34,12,115,110,55,127,16" hai1="31,83,8,105,117,77,11,73,134,84,79,78,52" hai2="46,125,75,72,2,19,66,28,93,36,64,17,85" hai3="74,120,22,57,86,114,133,15,47,129,49,20,39"/><U87/><E117/><V118/><F118/><W107/><G74/><T35/><D110/><U27/><E134/><V89/><F125/><W130/><G107/><T38/><D38/><U6/><E105/><V62/><F72/><W1/><G1/><T50/><D127/><U126/><E126/><V58/><F75/><W135/><G39/><T63/><D115/><U21/><E73/><V56/><F2/><W13/><G114/><T70/><D76/><U81/><E52/><V82/><F28/><W67/><G120/><T131/><D131/><U104/><E104/><V48/><F36/><W26/><G86/><N who="1" m="32810" /><E6/><V69/><F82/><AGARI ba="0,0" hai="8,11,21,27,31,77,78,79,81,82,83" m="32810" machi="82" ten="30,1500,0" yaku="8,1" doraHai="109" who="1" fromWho="2" sc="218,0,219,15,180,-15,383,0" /><INIT seed="1,1,0,1,1,18" ten="218,234,165,383" oya="1" hai0="134,69,89,40,26,101,98,59,19,37,108,45,39" hai1="118,116,52,74,8,125,25,124,100,2,13,91,7" hai2="47,58,132,110,106,22,61,99,30,87,21,105,53" hai3="107,56,112,3,62,6,121,66,113,23,95,63,72"/><U76/><E100/><V20/><F110/><W93/><G107/><T130/><D69/><U34/><E91/><V120/><F132/><W36/><G36/><T57/><D108/><U67/><E67/><V31/><F120/><W94/><G72/><T51/><D134/><U49/><E76/><V65/><F87/><W135/><G135/><T64/><D130/><U35/><E74/><V15/><F15/><W86/><G121/><T126/><D126/><N who="1" m="48747" /><E2/><V117/><F117/><N who="1" m="45161" /><E25/><V44/><F106/><W77/><G77/><T104/><D89/><U68/><E68/><V60/><F99/><W127/><G86/><T33/><D64/><U80/><E80/><V83/><F83/><W88/><G127/><T10/><D98/><U0/><E0/><V85/><F85/><W128/><G88/><T50/><D101/><U111/><E111/><V14/><F14/><W1/><G1/><T115/><D104/><U41/><E41/><V119/><F105/><W12/><G3/><T96/><D96/><U103/><E103/><V97/><F97/><W28/><G66/><T5/><D26/><U38/><E38/><V92/><F92/><W17/><G95/><T48/><D39/><U27/><E27/><V114/><F114/><W73/><G73/><T43/><D115/><U81/><E81/><V131/><F119/><W70/><G70/><T42/><D37/><U54/><E54/><V32/><F131/><W79/><G128/><T4/><D42/><U102/><E102/><V82/><F82/><W29/><G79/><T24/><D43/><U9/><E9/><V84/><F84/><RYUUKYOKU ba="1,0" sc="218,-10,234,30,165,-10,383,-10" hai1="7,8,13,34,35,49,52" /><INIT seed="1,2,0,4,0,37" ten="208,264,155,373" oya="1" hai0="57,84,59,109,79,135,19,41,35,39,15,75,132" hai1="48,78,101,18,64,47,28,1,107,120,128,114,71" hai2="72,113,102,133,126,42,125,38,97,103,52,104,60" hai3="119,4,26,100,0,70,54,121,17,124,63,115,46"/><U3/><E114/><V61/><F133/><N who="0" m="51274" /><D75/><U134/><E134/><V66/><F113/><W87/><G46/><N who="0" m="23871" /><D35/><U88/><E120/><V25/><F72/><W105/><G87/><T122/><D122/><U80/><E128/><V13/><F102/><W95/><G100/><T110/><D84/><U56/><E71/><V86/><F86/><W96/><G95/><T65/><D79/><U108/><E28/><V116/><F13/><W83/><G26/><T69/><D69/><U131/><E131/><V99/><F99/><W111/><G17/><T34/><D34/><U21/><E101/><V40/><F60/><W49/><G63/><N who="0" m="38127" /><D59/><U123/><E107/><V127/><F38/><W16/><G70/><T106/><D106/><U24/><E123/><V112/><F112/><W85/><G105/><T9/><AGARI ba="2,0" hai="9,15,19,109,110" m="38127,23871,51274" machi="9" ten="30,2000,0" yaku="20,1,52,1" doraHai="37" who="0" fromWho="0" sc="208,26,264,-12,155,-7,373,-7" /><INIT seed="2,0,0,2,2,75" ten="234,252,148,366" oya="2" hai0="0,78,49,67,131,36,63,38,42,117,2,132,109" hai1="85,27,53,60,34,110,32,44,100,30,21,14,126" hai2="93,104,47,45,111,95,62,73,94,128,10,120,135" hai3="97,28,106,77,40,24,52,89,125,88,3,123,103"/><V91/><F120/><W33/><G3/><T72/><D117/><U6/><E110/><V134/><F111/><W96/><G40/><T71/><D109/><U61/><E126/><V119/><F119/><W65/><G65/><T39/><D131/><U99/><E85/><V76/><F104/><W105/><G125/><T90/><D132/><N who="2" m="50730" /><F128/><W35/><G35/><T26/><D90/><U4/><E32/><V107/><F107/><W74/><G123/><T18/><D18/><U101/><E101/><V11/><F91/><W50/><G97/><T127/><D127/><U8/><E4/><V98/><F98/><W84/><G106/><T9/><D26/><U54/><E34/><V57/><F57/><W87/><G74/><T115/><D115/><U29/><E29/><V48/><F62/><N who="1" m="24169" /><E44/><N who="2" m="16971" /><F48/><W92/><G89/><T1/><D49/><U51/><E51/><V118/><F118/><W130/><G130/><T129/><D42/><U116/><E116/><V64/><F64/><W58/><G87/><T86/><D86/><U56/><E56/><V20/><F20/><W69/><G69/><T15/><D129/><U108/><E108/><V102/><F102/><W81/><G105/><T114/><D114/><U79/><E100/><V70/><F70/><W133/><G133/><T122/><D122/><U46/><E99/><V41/><F41/><W19/><G103/><T16/><D72/><U55/><E46/><V37/><F37/><W7/><G7/><T68/><D68/><U66/><E66/><V124/><F124/><W82/><G82/><AGARI ba="0,0" hai="10,11,73,76,82,93,94,95" m="16971,50730" machi="82" ten="40,3900,0" yaku="20,1,52,1" doraHai="75" who="2" fromWho="3" sc="234,0,252,0,148,39,366,-39" /><INIT seed="2,1,0,1,0,107" ten="234,252,187,327" oya="2" hai0="2,5,41,46,104,85,4,38,110,121,34,9,39" hai1="94,89,72,26,58,83,67,113,132,35,128,61,125" hai2="14,126,30,118,79,16,99,105,40,47,44,43,65" hai3="56,15,119,76,3,23,52,96,93,32,74,129,31"/><V36/><F126/><W115/><G3/><T122/><D4/><U120/><E113/><V101/><F118/><W116/><G115/><T86/><D110/><U37/><E125/><V55/><F55/><W71/><G71/><T10/><D38/><U42/><E132/><V0/><F0/><W53/><G129/><T135/><D135/><U100/><E128/><V51/><F79/><W78/><G74/><T87/><D34/><U117/><E117/><V106/><F30/><W91/><G32/><T11/><D104/><U88/><E120/><V103/><F106/><W25/><G119/><T59/><D59/><U18/><E42/><V1/><F1/><W102/><G15/><T112/><D112/><U90/><E37/><V130/><F101/><W49/><G116/><T75/><D10/><U114/><E114/><V24/><F24/><W12/><G12/><T48/><D11/><U108/><E108/><V81/><F81/><W133/><G133/><T29/><D29/><U124/><E124/><V28/><F28/><W13/><G13/><T68/><D68/><U73/><E83/><V123/><F130/><W92/><G53/><T50/><D75/><U84/><E35/><V111/><F111/><W69/><G69/><T19/><D19/><U22/><REACH who="1" step="1"/><E84/><AGARI ba="1,0" hai="23,25,31,49,52,56,76,78,84,91,92,93,96,102" machi="84" ten="30,3900,0" yaku="7,1,8,1,54,1" doraHai="107" who="3" fromWho="1" sc="234,0,252,-42,187,0,327,42" /><INIT seed="3,0,0,5,1,106" ten="234,210,187,369" oya="3" hai0="14,120,135,27,134,87,79,100,12,55,47,46,20" hai1="72,68,131,24,132,116,53,40,94,102,105,67,13" hai2="6,114,65,2,35,1,111,127,17,37,42,81,122" hai3="126,56,45,52,103,91,113,48,21,96,107,74,84"/><W95/><G126/><T32/><D120/><U123/><E123/><V22/><F122/><W77/><G113/><T64/><D64/><U3/><E3/><V104/><F114/><W117/><G117/><T58/><D32/><U30/><E40/><V28/><F127/><W70/><G70/><T49/><D100/><U129/><E105/><V73/><F104/><W7/><G7/><T50/><D87/><U124/><E124/><V11/><F65/><W8/><G8/><T90/><D90/><U125/><E125/><V57/><F57/><W33/><G33/><T82/><D82/><U97/><E116/><V61/><F28/><W10/><G10/><T92/><D92/><U34/><E132/><N who="0" m="50729" /><D79/><U99/><E99/><V0/><F61/><W89/><G89/><T69/><D69/><U43/><E43/><V59/><F59/><W41/><G21/><T9/><D9/><U119/><E119/><V109/><F35/><W121/><G121/><T5/><D5/><U108/><E108/><N who="2" m="41547" /><F42/><W85/><G85/><T98/><D98/><U4/><E53/><V23/><F37/><W86/><G86/><T88/><D88/><U62/><E4/><V75/><F23/><W39/><G77/><T112/><D112/><U133/><E133/><V19/><F81/><W110/><G110/><T60/><D60/><U71/><E71/><V76/><F76/><W115/><G115/><T51/><D47/><U80/><E13/><N who="0" m="5225" /><D46/><U101/><E101/><V29/><F29/><AGARI ba="0,0" hai="20,27,29,49,50,51,55,58" m="5225,50729" machi="29" ten="30,1000,0" yaku="20,1" doraHai="106" who="0" fromWho="2" sc="234,10,210,0,187,-10,369,0" owari="244,4.0,210,-19.0,177,-32.0,369,47.0" /></mjloggm>