<mjloggm ver="2.3"><GO type="97" lobby="0"/><UN n0="%E5%B0%B1%E6%B4%BB%E7%94%9F%40%E5%B7%9D%E6%9D%91%E8%BB%8D%E5%9B%A3" n1="%E3%83%95%E3%83%AC%E3%82%A4%E3%83%A6" n2="%E3%82%A6%E3%82%A3%E3%83%83%E3%83%81" n3="%6E%6F%69%67%79" dan="14,13,16,13" rate="1975.39,1806.30,2079.27,1909.15" sx="M,F,F,M"/><TAIKYOKU oya="0"/><INIT seed="0,0,0,5,2,24" ten="250,250,250,250" oya="0" hai0="125,65,15,105,128,5,4,69,23,99,118,89,74" hai1="9,114,51,120,58,119,68,82,100,104,95,93,42" hai2="92,13,57,59,86,132,135,124,22,106,97,79,27" hai3="6,67,3,28,18,53,33,36,43,71,75,37,32"/><T83/><D118/><U80/><E68/><V81/><F124/><W1/><G53/><T19/><D125/><U107/><E119/><V62/><F106/><W60/><G18/><T0/><D128/><U126/><E120/><V21/><F13/><W70/><G70/><T7/><D0/><N who="3" m="73" /><G6/><T35/><D35/><N who="3" m="13385" /><G28/><T46/><D74/><U39/><E126/><V117/><F117/><W44/><G37/><T55/><D105/><U96/><E107/><V8/><F8/><W91/><G91/><T50/><D69/><U111/><E114/><V133/><F62/><W64/><G64/><T110/><D110/><U129/><E111/><V10/><F10/><W48/><G48/><T90/><D65/><U63/><E129/><V73/><F73/><AGARI ba="0,0" hai="36,43,44,60,67,71,73,75" m="13385,73" machi="73" ten="30,2000,0" yaku="33,2" doraHai="24" who="3" fromWho="2" sc="250,0,250,0,250,-20,250,20" /><INIT seed="1,0,0,0,1,33" ten="250,250,230,270" oya="1" hai0="69,61,20,113,78,3,29,89,46,8,135,95,117" hai1="64,6,87,50,68,18,105,43,118,58,45,60,19" hai2="86,59,71,47,2,63,124,25,48,129,92,44,9" hai3="51,10,115,84,26,66,65,104,131,22,54,15,100"/><U28/><E105/><V123/><F71/><W72/><G72/><T130/><D113/><U107/><E118/><V76/><F123/><W5/><G115/><T39/><D117/><U128/><E107/><V97/><F129/><W110/><G110/><T74/><D130/><U24/><E128/><V57/><F124/><W40/><G40/><T122/><D122/><U83/><E68/><V132/><F132/><W7/><G131/><T27/><D135/><U21/><REACH who="1" step="1"/><E6/><REACH who="1" ten="250,240,230,270" step="2"/><V103/><F103/><W109/><G109/><T85/><D74/><U53/><E53/><V134/><F134/><W13/><G104/><T82/><D69/><U35/><E35/><V67/><F67/><W30/><G100/><T16/><D61/><U133/><E133/><V81/><F63/><W32/><G32/><T112/><D112/><U34/><E34/><V93/><F93/><W56/><G84/><T116/><D116/><U23/><E23/><V11/><F92/><W17/><G17/><T127/><D127/><U31/><E31/><V12/><F97/><W99/><G99/><T119/><D119/><U73/><E73/><V1/><F86/><W101/><G101/><T55/><D55/><U98/><E98/><V14/><F81/><W126/><G126/><T4/><D29/><U88/><AGARI ba="0,1" hai="18,19,21,24,28,43,45,50,58,60,64,83,87,88" machi="88" ten="20,12000,1" yaku="1,1,0,1,7,1,8,1,54,1,53,0" doraHai="33" doraHaiUra="121" who="1" fromWho="1" sc="250,-40,240,130,230,-40,270,-40" /><INIT seed="1,1,0,1,0,26" ten="210,370,190,230" oya="1" hai0="41,88,52,81,89,79,2,10,129,117,3,11,87" hai1="57,127,33,91,132,37,65,54,128,95,133,67,66" hai2="93,47,14,27,111,96,109,80,5,34,42,118,106" hai3="124,122,21,55,48,78,0,102,18,23,90,61,68"/><U15/><E37/><V71/><F71/><W49/><G122/><T62/><D117/><U120/><E120/><V29/><F106/><W17/><G0/><T110/><D129/><U125/><E33/><V19/><F5/><W58/><G124/><N who="1" m="47690" /><E15/><V44/><F80/><W98/><G78/><T116/><D116/><U82/><E82/><V50/><F47/><W126/><G126/><T115/><D115/><U12/><E12/><V104/><F104/><W24/><G68/><T35/><D110/><U46/><E46/><V69/><F69/><W114/><G114/><T77/><D35/><U121/><E121/><V28/><F118/><W83/><G102/><T94/><D3/><U75/><E75/><V43/><F43/><W74/><G74/><T56/><D41/><U84/><E128/><V30/><F109/><W9/><G9/><N who="0" m="3083" /><D2/><U130/><E130/><V112/><F111/><W70/><G70/><T40/><D40/><U103/><E103/><V97/><F112/><W22/><G22/><T108/><D108/><U38/><E38/><V105/><F105/><W31/><G31/><T131/><D131/><U92/><E95/><V63/><F93/><N who="3" m="56631" /><G83/><T60/><D60/><AGARI ba="1,0" hai="54,57,60,65,66,67,84,91,92,132,133" m="47690" machi="60" ten="30,1500,0" yaku="18,1" doraHai="26" who="1" fromWho="0" sc="210,-18,370,18,190,0,230,0" /><INIT seed="1,2,0,5,0,10" ten="192,388,190,230" oya="1" hai0="88,32,7,126,5,120,67,55,73,18,23,38,30" hai1="62,17,101,80,61,19,129,116,60,66,128,85,90" hai2="118,124,131,86,58,12,65,72,56,74,71,112,89" hai3="27,76,83,132,20,24,8,108,70,51,15,57,96"/><U44/><E116/><V77/><F118/><W35/><G70/><T98/><D73/><U102/><E44/><V87/><F131/><N who="1" m="50249" /><E66/><V22/><F124/><W133/><G108/><T127/><D38/><U26/><E19/><V29/><F112/><W134/><G96/><T122/><D67/><U4/><E4/><N who="0" m="1609" /><D55/><U13/><E26/><V92/><F65/><W91/><G91/><T114/><D114/><U46/><E46/><V3/><F71/><W48/><G35/><T84/><D32/><U81/><E80/><V95/><F29/><N who="3" m="17543" /><G27/><N who="0" m="14839" /><D30/><U113/><E113/><V2/><F2/><W121/><G57/><T123/><D98/><U21/><AGARI ba="2,0" hai="13,17,21,60,61,62,81,85,90,101,102" m="50249" machi="21" ten="30,3000,0" yaku="19,1,52,1" doraHai="10" who="1" fromWho="1" sc="192,-12,388,36,190,-12,230,-12" /><INIT seed="1,3,0,0,3,50" ten="180,424,178,218" oya="1" hai0="91,67,36,26,94,11,98,70,18,3,117,77,111" hai1="55,126,74,100,0,76,20,34,102,24,52,128,17" hai2="31,9,69,73,113,122,71,129,108,131,83,49,61" hai3="72,1,65,93,79,5,101,78,64,133,125,86,112"/><U97/><E126/><V28/><F122/><W130/><G112/><T19/><D117/><U116/><E116/><V103/><F103/><W96/><G125/><T57/><D36/><U62/><E34/><V38/><F38/><W7/><G130/><N who="2" m="49673" /><F113/><W135/><G1/><T92/><D70/><N who="2" m="26634" /><F108/><W51/><G51/><T107/><D107/><U118/><E128/><V88/><F61/><W124/><G124/><T45/><D111/><U37/><E37/><V33/><F33/><W104/><G79/><T109/><D109/><U53/><E0/><V80/><F9/><W39/><G39/><T14/><D77/><U23/><E118/><V30/><F73/><W121/><G121/><T63/><D45/><U4/><E4/><V87/><F49/><W120/><G120/><T82/><D3/><U105/><E102/><V106/><F106/><W68/><G68/><T41/><D41/><U66/><E23/><V115/><F115/><W32/><G32/><T13/><D26/><U127/><E127/><V47/><F47/><W2/><G2/><T81/><D92/><AGARI ba="3,0" hai="28,30,31,80,83,87,88,92" m="26634,49673" machi="92" ten="40,2600,0" yaku="19,1,54,1" doraHai="50" who="2" fromWho="0" sc="180,-35,424,0,178,35,218,0" /><INIT seed="2,0,0,0,5,115" ten="145,424,213,218" oya="2" hai0="105,119,73,38,104,63,117,107,32,58,85,49,125" hai1="42,12,33,21,61,56,52,88,36,22,4,80,44" hai2="97,46,72,113,24,91,65,67,11,109,19,112,94" hai3="83,114,69,122,98,60,3,126,135,74,62,45,40"/><V121/><F121/><W71/><G122/><T90/><D38/><U55/><E33/><V37/><F72/><W39/><G114/><T10/><D32/><U123/><E123/><V116/><F112/><W81/><G126/><T51/><D73/><U132/><E132/><V79/><F79/><W101/><G135/><T95/><D10/><U0/><E0/><V133/><F113/><W41/><G41/><T131/><D131/><U96/><E55/><V87/><F133/><W28/><G3/><T54/><REACH who="0" step="1"/><D125/><REACH who="0" ten="135,424,213,218" step="2"/><U129/><E129/><V17/><F37/><W15/><G74/><T99/><D99/><U111/><E111/><V75/><F75/><W26/><G15/><T110/><D110/><U78/><E12/><V23/><F109/><W86/><G86/><T25/><D25/><U47/><E4/><V77/><F97/><W7/><G7/><T31/><D31/><U89/><E96/><V1/><F1/><W66/><G69/><T30/><D30/><U2/><E2/><V108/><F108/><W53/><G71/><T82/><D82/><U127/><E127/><V124/><F124/><W68/><G81/><T76/><D76/><U9/><E9/><V48/><F77/><W50/><G83/><T34/><D34/><U130/><E130/><V14/><F14/><W27/><G28/><T70/><D70/><U18/><E80/><V102/><F11/><W5/><G5/><T57/><D57/><U35/><E78/><V84/><F84/><W134/><G134/><T29/><D29/><U100/><E35/><V64/><F24/><W106/><G62/><RYUUKYOKU ba="0,1" sc="135,15,424,-15,213,-15,218,15" hai0="49,51,54,58,63,85,90,95,104,105,107,117,119" hai3="26,27,39,40,45,50,53,60,66,68,98,101,106" /><INIT seed="3,1,1,3,1,106" ten="150,409,198,233" oya="3" hai0="88,114,23,41,39,134,50,46,67,81,122,51,53" hai1="69,109,100,116,111,10,40,5,22,26,85,70,20" hai2="124,105,2,97,132,45,129,108,93,29,57,19,94" hai3="89,86,15,33,47,31,8,120,54,12,52,24,107"/><W95/><G120/><T90/><D122/><U64/><E40/><V18/><F2/><W13/><G107/><T68/><D114/><U113/><E113/><V79/><F108/><N who="1" m="41545" /><E116/><V104/><F104/><W28/><G28/><T99/><D134/><U27/><E100/><V48/><F132/><W75/><G75/><T49/><D90/><U118/><E118/><V6/><F124/><W131/><G131/><T17/><D68/><N who="1" m="26219" /><E85/><V101/><F129/><W55/><REACH who="3" step="1"/><G47/><REACH who="3" ten="150,409,198,223" step="2"/><T84/><D99/><U130/><E130/><V65/><F45/><W103/><G103/><T133/><D133/><U58/><E27/><V127/><F101/><W3/><G3/><T102/><D102/><U38/><E26/><V21/><F105/><W82/><G82/><T0/><D0/><N who="1" m="295" /><E38/><V123/><F123/><W60/><G60/><AGARI ba="1,2" hai="20,22,58,60,64" m="295,26219,41545" machi="60" ten="30,1000,0" yaku="14,1" doraHai="106" who="1" fromWho="3" sc="150,0,409,33,198,0,223,-13" owari="150,-35.0,442,54.0,198,-20.0,210,1.0" /></mjloggm>