<mjloggm ver="2.3"><GO type="169" lobby="0"/><UN n0="%E3%82%A2%E3%83%83%E3%83%97%E3%83%AB%E3%82%B0%E3%83%9F" n1="%E5%BC%B1%E8%99%AB" n2="%E4%BF%BA%E3%81%AE%E5%AB%81" n3="%E3%82%A6%E3%83%AB%E3%83%88%E3%83%A9%E7%AB%8B%E7%9B%B4" dan="17,17,16,17" rate="2138.89,2106.71,2013.98,2206.82" sx="M,M,F,M"/><TAIKYOKU oya="0"/><INIT seed="0,0,0,4,3,83" ten="250,250,250,250" oya="0" hai0="6,13,10,63,65,26,46,27,94,40,100,23,8" hai1="79,90,78,59,81,60,127,48,9,111,85,7,71" hai2="16,4,126,93,51,70,123,53,50,57,121,76,24" hai3="20,38,119,37,134,132,95,92,11,34,89,44,99"/><T3/><D23/><U68/><E111/><V84/><F70/><W122/><G34/><T61/><D100/><U72/><E127/><V33/><F126/><W107/><G107/><T36/><D94/><U25/><E25/><V110/><F110/><W31/><G119/><T77/><D77/><U103/><E103/><V97/><F33/><W129/><G11/><T45/><D45/><U52/><E48/><N who="2" m="30887" /><F123/><W15/><G129/><T69/><REACH who="0" step="1"/><D61/><REACH who="0" ten="240,250,250,250" step="2"/><U109/><E109/><V101/><F121/><W41/><G95/><T115/><D115/><U128/><E78/><V106/><F106/><W43/><G122/><T91/><D91/><U75/><E128/><V120/><F120/><W49/><G89/><T12/><D12/><U32/><E32/><V98/><F98/><W35/><G92/><T125/><D125/><U30/><E79/><V82/><F4/><AGARI ba="0,1" hai="3,4,6,8,10,13,26,27,36,40,46,63,65,69" machi="4" ten="30,2900,0" yaku="1,1,7,1,53,0" doraHai="83" doraHaiUra="117" who="0" fromWho="2" sc="240,39,250,0,250,-29,250,0" /><INIT seed="0,1,0,1,1,109" ten="279,250,221,250" oya="0" hai0="83,117,12,114,102,94,43,16,128,101,82,5,75" hai1="97,86,62,92,122,51,89,56,115,4,121,45,59" hai2="120,87,93,135,21,52,1,54,23,68,57,35,49" hai3="42,126,106,14,119,108,130,60,61,11,76,71,53"/><T7/><D117/><U133/><E133/><V41/><F35/><W113/><G106/><T27/><D128/><U81/><E4/><N who="0" m="1609" /><D114/><U107/><E107/><V55/><F1/><W72/><G14/><T98/><D75/><U67/><E115/><V46/><F68/><W99/><G11/><N who="0" m="6175" /><D102/><U95/><E56/><V123/><F135/><W84/><G72/><T6/><N who="0" m="1617" /><T129/><DORA hai="77" /><D129/><U30/><E30/><V65/><F123/><W134/><G71/><T85/><D85/><U69/><E69/><V47/><F120/><W116/><G84/><T132/><D132/><U91/><REACH who="1" step="1"/><E95/><REACH who="1" ten="279,240,221,250" step="2"/><V15/><F93/><W32/><G113/><T37/><D37/><U13/><E13/><V17/><F47/><W9/><G134/><T36/><D36/><U66/><E66/><V40/><F65/><W112/><G112/><T58/><D43/><AGARI ba="1,1" hai="43,45,51,59,62,67,81,86,89,91,92,97,121,122" machi="43" ten="30,3900,0" yaku="1,1,7,1,52,1,53,0" doraHai="109,77" doraHaiUra="105,64" who="1" fromWho="0" sc="279,-42,240,52,221,0,250,0" /><INIT seed="1,0,0,5,2,77" ten="237,292,221,250" oya="1" hai0="110,13,2,86,12,123,85,76,46,135,109,5,101" hai1="128,7,99,132,71,62,50,112,19,42,4,39,9" hai2="120,104,28,15,130,21,61,78,115,38,25,134,57" hai3="10,111,122,30,88,36,100,35,126,74,108,18,20"/><U129/><E112/><V96/><F120/><W69/><G69/><T6/><D123/><U70/><E39/><V32/><F38/><W93/><G122/><T0/><D101/><U98/><E132/><V49/><F115/><W121/><G121/><T48/><D76/><U37/><E37/><V8/><F134/><W125/><G36/><T103/><D103/><U33/><E33/><V16/><F130/><N who="1" m="50281" /><E19/><V52/><F78/><W83/><G100/><T43/><D135/><U58/><E42/><V87/><F104/><W26/><G10/><T72/><D72/><U95/><E50/><V3/><F96/><N who="1" m="36905" /><E95/><V45/><F87/><N who="3" m="50303" /><G93/><T24/><D43/><U94/><E94/><V89/><F89/><W31/><G74/><T22/><D85/><U107/><E107/><V79/><F79/><W133/><G133/><T56/><D86/><U114/><E114/><V80/><F80/><W102/><G102/><T84/><D84/><U81/><E81/><V90/><F90/><W1/><G35/><T55/><D6/><N who="1" m="2091" /><E9/><V44/><REACH who="2" step="1"/><F61/><REACH who="2" ten="237,292,211,250" step="2"/><W23/><G1/><T97/><D2/><U14/><E62/><V40/><F40/><W51/><G51/><T113/><D0/><U53/><E71/><V60/><F60/><W75/><G75/><T131/><D113/><U106/><E70/><V82/><F82/><W11/><G11/><N who="0" m="4207" /><D131/><U127/><E106/><V63/><F63/><W65/><G65/><T67/><D97/><U105/><E105/><V64/><F64/><W34/><G34/><T54/><D67/><U68/><E68/><V59/><F59/><W29/><G23/><RYUUKYOKU ba="0,1" sc="237,-15,292,-15,211,15,250,15" hai2="3,8,15,16,21,25,28,32,44,45,49,52,57" hai3="18,20,26,29,30,31,108,111,125,126" /><INIT seed="2,1,1,1,4,74" ten="222,277,226,265" oya="2" hai0="109,120,62,98,57,102,96,29,69,111,37,81,75" hai1="123,46,1,106,131,116,66,135,60,86,55,65,133" hai2="118,124,18,17,8,105,134,91,63,53,85,54,31" hai3="129,64,80,126,5,82,125,72,11,28,12,24,99"/><V107/><F118/><W94/><G64/><N who="0" m="41111" /><D120/><U0/><E106/><V59/><F134/><N who="1" m="51209" /><E116/><V34/><F124/><N who="3" m="47723" /><G72/><T26/><D37/><U43/><E123/><V70/><F70/><W103/><G129/><T130/><D57/><N who="1" m="34879" /><E131/><V47/><F107/><W119/><G119/><T114/><D114/><U36/><E86/><V42/><F105/><W38/><G38/><T121/><D121/><U51/><E36/><V113/><F113/><W79/><G79/><N who="0" m="44287" /><D102/><U14/><E14/><N who="2" m="7367" /><F34/><AGARI ba="1,1" hai="5,11,12,24,28,34,80,82,94,99,103" m="47723" machi="34" ten="30,1000,0" yaku="18,1" doraHai="74" who="3" fromWho="2" sc="222,0,277,0,226,-13,265,23" /><INIT seed="3,0,0,0,5,111" ten="222,277,213,288" oya="3" hai0="54,42,24,56,16,129,76,65,29,89,12,103,107" hai1="17,20,131,90,39,4,66,87,84,0,108,73,121" hai2="68,101,80,26,104,57,63,53,2,99,125,124,113" hai3="45,44,130,70,14,93,105,55,128,23,35,15,110"/><W11/><G35/><T27/><D129/><N who="3" m="49769" /><G105/><T100/><D76/><U49/><E131/><V59/><F68/><W79/><G70/><T50/><D107/><U22/><E39/><V109/><F2/><W31/><G110/><T51/><D65/><U127/><E121/><V102/><F102/><N who="0" m="38954" /><D29/><U18/><E73/><V58/><F109/><W52/><G79/><T115/><D89/><U25/><E108/><V62/><F58/><W40/><G93/><T95/><D95/><U117/><E117/><V5/><F80/><W85/><G85/><T78/><D78/><U30/><E84/><V81/><F81/><W67/><G67/><T71/><D71/><U36/><E66/><V32/><F32/><W33/><G33/><T37/><D37/><U122/><E36/><V132/><F132/><W69/><G69/><T43/><D115/><U72/><E72/><V97/><F113/><W60/><G40/><N who="0" m="15403" /><D51/><U86/><E49/><V134/><F134/><W106/><G106/><T41/><N who="0" m="15411" /><T21/><AGARI ba="0,0" hai="12,16,21,24,27,50,54,56" m="15411,38954" machi="21" ten="40,5200,0" yaku="4,1,8,1,54,1" doraHai="111" who="0" fromWho="0" sc="222,52,277,-13,213,-13,288,-26" /><INIT seed="4,0,0,1,5,74" ten="274,264,200,262" oya="0" hai0="20,117,33,49,105,44,25,93,23,60,87,34,106" hai1="30,127,110,122,113,7,90,1,24,13,112,88,0" hai2="124,84,85,69,37,8,107,72,108,96,129,104,11" hai3="50,40,19,86,31,135,28,78,21,102,4,67,125"/><T82/><D117/><U63/><E110/><V118/><F72/><W92/><G67/><T16/><D93/><U53/><E122/><V36/><F69/><W22/><G4/><T79/><D60/><U38/><E38/><V76/><F96/><N who="3" m="59655" /><G125/><T73/><D73/><U111/><E111/><V126/><F108/><W48/><G135/><T119/><D119/><U65/><E53/><V71/><F71/><W114/><G114/><N who="1" m="44138" /><E13/><V56/><F118/><W6/><G6/><T42/><REACH who="0" step="1"/><D20/><REACH who="0" ten="264,264,200,262" step="2"/><N who="1" m="15623" /><E127/><V2/><F129/><W5/><G22/><T130/><D130/><U97/><E97/><V52/><F126/><W18/><G21/><T62/><D62/><U64/><E64/><V99/><F124/><W58/><G86/><T103/><D103/><U55/><E65/><V70/><F85/><W26/><G31/><T134/><D134/><U128/><E128/><V39/><F84/><W29/><G28/><T89/><D89/><U47/><E63/><V133/><F133/><W17/><G29/><T120/><D120/><U27/><E88/><V94/><F107/><AGARI ba="0,1" hai="16,23,25,33,34,42,44,49,79,82,87,105,106,107" machi="107" ten="40,7700,0" yaku="1,1,52,1,54,1,53,0" doraHai="74" doraHaiUra="95" who="0" fromWho="2" sc="264,87,264,0,200,-77,262,0" /><INIT seed="4,1,0,4,0,19" ten="351,264,123,262" oya="0" hai0="6,120,57,39,67,69,7,9,20,24,34,78,11" hai1="42,68,113,51,118,46,21,16,94,71,100,40,91" hai2="129,0,52,27,70,4,3,75,117,126,31,124,105" hai3="33,73,49,74,58,82,101,29,76,50,111,116,106"/><T26/><D69/><U48/><E118/><V59/><F70/><W93/><G74/><T104/><D39/><U25/><E113/><V114/><F75/><W81/><G111/><T135/><D104/><U22/><E100/><V90/><F105/><W119/><G50/><T28/><D78/><U131/><E131/><V112/><F129/><W127/><G29/><N who="0" m="17543" /><D57/><U103/><E103/><V14/><F90/><W62/><G33/><T10/><D67/><U83/><E83/><V15/><F117/><W80/><G49/><T88/><D88/><U77/><E77/><V60/><F0/><W63/><G58/><T41/><D41/><U8/><E8/><N who="0" m="3177" /><D135/><U43/><E22/><N who="2" m="15863" /><F3/><W55/><G63/><T38/><D38/><U130/><E130/><V53/><F53/><W92/><G55/><T45/><D45/><U65/><E65/><V37/><F37/><W44/><G62/><T134/><D134/><U30/><E30/><V128/><F128/><W17/><G44/><T95/><D95/><U13/><E25/><V89/><F89/><W1/><G93/><T2/><D120/><U79/><E79/><V98/><F98/><W5/><G92/><T86/><D86/><U85/><E40/><V96/><F96/><N who="3" m="61735" /><G116/><T107/><D107/><U61/><E61/><V102/><F102/><W32/><G119/><T66/><D66/><U109/><E71/><V125/><F4/><AGARI ba="1,0" hai="2,4,6,7,11,26,28,34" m="3177,17543" machi="4" ten="30,18000,2" yaku="35,5,52,1" doraHai="19" who="0" fromWho="2" sc="351,183,264,0,123,-183,262,0" owari="534,64.0,264,6.0,-60,-56.0,262,-14.0" /></mjloggm>