<mjloggm ver="2.3"><GO type="169" lobby="0"/><UN n0="%E4%B8%8A%E6%9F%BF%E3%82%81%E3%81%90%E3%81%BF" n1="%E3%82%B7%E3%83%B3%E3%83%87%E3%83%AB%E3%83%A9" n2="%E3%82%A6%E3%83%AB%E3%83%88%E3%83%A9%E7%AB%8B%E7%9B%B4" n3="%E5%89%8D%E6%88%AF%33%30%E5%88%86" dan="17,16,17,17" rate="2186.81,2001.56,2119.41,2192.74" sx="F,M,M,M"/><TAIKYOKU oya="0"/><INIT seed="0,0,0,3,5,101" ten="250,250,250,250" oya="0" hai0="114,130,36,83,40,10,100,5,85,99,3,60,106" hai1="110,95,108,79,39,116,111,91,29,61,25,126,69" hai2="82,121,72,132,14,113,35,38,46,89,81,90,21" hai3="131,66,70,28,86,84,8,19,41,50,75,58,47"/><T44/><D130/><U59/><E116/><V125/><F35/><W11/><G75/><T103/><D114/><U71/><E126/><V37/><F121/><W15/><G70/><T134/><D134/><U117/><E117/><V18/><F113/><W122/><G122/><T56/><D103/><U118/><E118/><V94/><F132/><W52/><G131/><T26/><D26/><U13/><E39/><V53/><F125/><W93/><G66/><T24/><D24/><U77/><E13/><V129/><F129/><W20/><G28/><T96/><D96/><N who="1" m="57471" /><E71/><V34/><F34/><W17/><G17/><T7/><D10/><N who="3" m="3625" /><G93/><T123/><D3/><U76/><E69/><V30/><F30/><W45/><G45/><T0/><D0/><U127/><E127/><V105/><F72/><W31/><G31/><T73/><D73/><U23/><E77/><V12/><F46/><W135/><G135/><T87/><D123/><U133/><E133/><V63/><F18/><W1/><G1/><T97/><D97/><U65/><AGARI ba="0,0" hai="23,25,29,59,61,65,76,79,108,110,111" m="57471" machi="65" ten="30,1100,0" yaku="14,1" doraHai="101" who="1" fromWho="1" sc="250,-5,250,11,250,-3,250,-3" /><INIT seed="1,0,0,1,2,81" ten="245,261,247,247" oya="1" hai0="69,91,109,15,94,60,18,96,114,92,37,116,35" hai1="30,41,124,95,39,7,85,120,132,125,45,57,26" hai2="78,68,77,88,56,23,5,66,128,58,4,72,73" hai3="0,108,49,102,135,74,83,10,106,9,97,105,117"/><U52/><E120/><V42/><F23/><W115/><G10/><T61/><D114/><U86/><E132/><V16/><F66/><W62/><G49/><T50/><D116/><U82/><E7/><V25/><F25/><W54/><G115/><T130/><D37/><U11/><E11/><V121/><F42/><W99/><G54/><T17/><D35/><N who="1" m="20951" /><E95/><V119/><F68/><W100/><G62/><T3/><D3/><U111/><E82/><V84/><F119/><W134/><G117/><T40/><D69/><U63/><E111/><V6/><F6/><W113/><G113/><T59/><D18/><U127/><AGARI ba="0,0" hai="39,41,45,52,57,63,85,86,124,125,127" m="20951" machi="127" ten="30,11700,0" yaku="18,1,52,2,54,1" doraHai="81" who="1" fromWho="1" sc="245,-39,261,117,247,-39,247,-39" /><INIT seed="1,1,0,0,5,95" ten="206,378,208,208" oya="1" hai0="1,47,133,60,87,84,50,27,35,6,67,8,12" hai1="71,91,9,109,112,130,4,14,125,5,20,46,48" hai2="131,28,30,31,18,37,36,26,85,102,89,19,94" hai3="69,82,22,51,111,129,104,128,100,53,122,118,127"/><U39/><E112/><V25/><F131/><W63/><G122/><T23/><D133/><U81/><E39/><V33/><F102/><W86/><G118/><T24/><D35/><U107/><E107/><V68/><F68/><W120/><G120/><T15/><D15/><U77/><E71/><V0/><F0/><W64/><G127/><T57/><D1/><U16/><E130/><V52/><F37/><W44/><G111/><T101/><D101/><U32/><E32/><V34/><F36/><W10/><G22/><T13/><D13/><U113/><E113/><V74/><F74/><W108/><G108/><T97/><D97/><U132/><E132/><V49/><REACH who="2" step="1"/><F31/><REACH who="2" ten="206,378,198,208" step="2"/><W65/><G128/><T103/><D103/><U80/><E109/><V54/><F54/><W75/><G75/><T3/><D3/><U45/><E125/><V115/><F115/><W55/><G65/><T106/><D106/><U17/><E4/><V58/><AGARI ba="1,1" hai="18,19,25,26,28,30,33,34,49,52,58,85,89,94" machi="58" ten="20,8000,1" yaku="1,1,0,1,7,1,9,1,54,1,53,0" doraHai="95" doraHaiUra="73" who="2" fromWho="2" sc="206,-21,378,-41,198,93,208,-21" /><INIT seed="2,0,0,0,0,12" ten="185,337,291,187" oya="2" hai0="125,35,79,74,28,14,47,2,39,104,21,50,16" hai1="18,96,99,68,64,106,13,80,59,67,98,107,92" hai2="27,25,78,60,100,40,63,17,84,38,127,81,113" hai3="23,8,32,132,46,43,105,29,10,66,95,73,4"/><V117/><F117/><W97/><G105/><T114/><D39/><U87/><E68/><V3/><F3/><W37/><G32/><T120/><D104/><U72/><E72/><V41/><F113/><W30/><G73/><T49/><D120/><U56/><E92/><V51/><F38/><W48/><G37/><T88/><D74/><U91/><E107/><V11/><F127/><W115/><G132/><T109/><D79/><U26/><E26/><N who="2" m="9739" /><F100/><W83/><G10/><T52/><D109/><U121/><E106/><V65/><F65/><N who="1" m="25161" /><E121/><V131/><F131/><W111/><G23/><AGARI ba="0,0" hai="13,18,23,56,59,80,87,91,96,98,99" m="25161" machi="23" ten="30,2000,0" yaku="8,1,52,1" doraHai="12" who="1" fromWho="3" sc="185,0,337,20,291,0,187,-20" /><INIT seed="3,0,0,0,0,43" ten="185,357,291,167" oya="3" hai0="15,96,74,56,12,110,90,73,66,26,119,68,7" hai1="129,86,91,49,88,100,60,36,25,75,29,117,130" hai2="84,123,99,13,58,28,53,67,121,69,46,116,18" hai3="16,101,94,51,1,83,122,52,70,59,107,109,4"/><W10/><G122/><N who="2" m="46601" /><F28/><W24/><G70/><T127/><D68/><U44/><E117/><V47/><F84/><W17/><G107/><T120/><D120/><U5/><E75/><V39/><F39/><W97/><G109/><T112/><D119/><U62/><E5/><V126/><F126/><W111/><G111/><T71/><D71/><U61/><E100/><V65/><F99/><W20/><REACH who="3" step="1"/><G83/><REACH who="3" ten="185,357,291,157" step="2"/><T35/><D110/><U80/><E80/><V48/><F116/><W0/><G0/><T102/><D127/><U89/><E130/><V34/><F34/><W32/><G32/><T98/><D35/><U37/><E129/><V77/><F77/><W55/><G55/><T19/><D66/><N who="2" m="25098" /><F69/><W3/><G3/><T72/><D112/><U132/><E132/><V108/><F108/><W50/><G50/><T14/><D73/><U42/><E36/><V114/><F114/><W134/><G134/><T40/><D74/><U106/><E37/><V33/><F33/><W87/><G87/><T128/><D72/><U54/><E106/><V30/><F30/><AGARI ba="0,1" hai="1,4,10,16,17,20,24,30,51,52,59,94,97,101" machi="30" ten="30,12000,1" yaku="1,1,7,1,54,2,53,1" doraHai="43" doraHaiUra="2" who="3" fromWho="2" sc="185,0,357,0,291,-120,157,130" /><INIT seed="3,1,0,1,0,107" ten="185,357,171,287" oya="3" hai0="41,91,62,125,85,97,7,94,82,129,9,128,104" hai1="130,101,106,73,28,68,42,77,47,19,74,26,54" hai2="10,0,55,118,29,70,53,46,114,87,113,40,4" hai3="69,83,76,27,39,17,115,95,14,3,98,64,37"/><W52/><G3/><T67/><D41/><U38/><E130/><N who="0" m="50281" /><D104/><U79/><E19/><V51/><F70/><W43/><G115/><T57/><D125/><U102/><E54/><V112/><F118/><W12/><G64/><T109/><D109/><U58/><E58/><V117/><F117/><W133/><G69/><T24/><D24/><U44/><E68/><V92/><F29/><W48/><G43/><T50/><D50/><U31/><E42/><V72/><F87/><N who="3" m="48615" /><G37/><T111/><D111/><U119/><E119/><V16/><F92/><W99/><G39/><T90/><D9/><U93/><E93/><V49/><F49/><W2/><G2/><T18/><D18/><U1/><E1/><V13/><REACH who="2" step="1"/><F72/><REACH who="2" ten="185,357,161,287" step="2"/><N who="1" m="27753" /><E38/><V23/><AGARI ba="1,1" hai="0,4,10,13,16,23,40,46,51,53,55,112,113,114" machi="23" ten="30,4000,0" yaku="1,1,0,1,54,1,53,0" doraHai="107" doraHaiUra="61" who="2" fromWho="2" sc="185,-11,357,-11,161,53,287,-21" /><INIT seed="4,0,0,4,1,12" ten="174,346,214,266" oya="0" hai0="78,129,104,41,66,42,60,117,87,34,93,107,80" hai1="11,96,132,73,1,74,52,121,131,100,54,10,64" hai2="28,97,7,84,95,44,79,91,22,33,65,21,115" hai3="89,4,23,0,99,118,53,76,125,19,103,130,88"/><T30/><D117/><U106/><E121/><V101/><F115/><W13/><G118/><T46/><D129/><U29/><E131/><V27/><F7/><W69/><G130/><T37/><D42/><U40/><E132/><V55/><F79/><W6/><G69/><T14/><D30/><U17/><E64/><V133/><F133/><W116/><G76/><T124/><D34/><U18/><E40/><V119/><F119/><W127/><G116/><T81/><D124/><N who="3" m="47689" /><G53/><T109/><D109/><U48/><E29/><V49/><REACH who="2" step="1"/><F65/><REACH who="2" ten="174,346,204,266" step="2"/><W57/><G4/><T72/><D93/><AGARI ba="0,1" hai="21,22,27,28,33,44,49,55,84,91,93,95,97,101" machi="93" ten="30,3900,0" yaku="1,1,2,1,7,1,53,0" doraHai="12" doraHaiUra="71" who="2" fromWho="0" sc="174,-39,346,0,204,49,266,0" /><INIT seed="5,0,0,4,3,76" ten="135,346,253,266" oya="1" hai0="37,8,88,48,45,79,14,66,65,60,111,105,44" hai1="131,52,120,130,115,103,135,29,100,107,98,46,126" hai2="86,5,15,91,121,57,116,68,104,13,33,28,1" hai3="18,55,0,108,20,38,71,77,124,53,39,4,31"/><U64/><E120/><V3/><F104/><W127/><G71/><T78/><D105/><U110/><E115/><V54/><F68/><W94/><G31/><T102/><D102/><U109/><E29/><V81/><F121/><W99/><G108/><N who="1" m="41578" /><E64/><V93/><F116/><W56/><G55/><T62/><D111/><U19/><E103/><V72/><F72/><W26/><G77/><N who="0" m="29195" /><D37/><U25/><E126/><N who="3" m="48170" /><G4/><N who="0" m="3335" /><D45/><U51/><E135/><V41/><F41/><W118/><G0/><T2/><D2/><U47/><E47/><V133/><F133/><W123/><G118/><T61/><D88/><U82/><E82/><V11/><F1/><W22/><G123/><T32/><D32/><U34/><E34/><V10/><F3/><W122/><G122/><T106/><D106/><U132/><E132/><V24/><F93/><W70/><G70/><T113/><D113/><U96/><E96/><V80/><F91/><W30/><G94/><T95/><D95/><U85/><E85/><V87/><F86/><W21/><G99/><T36/><D36/><N who="3" m="13865" /><G30/><T90/><D90/><U50/><E107/><V7/><F87/><W40/><G40/><AGARI ba="0,0" hai="40,44,48,60,61,62,65,66" m="3335,29195" machi="40" ten="30,1000,0" yaku="8,1" doraHai="76" who="0" fromWho="3" sc="135,10,346,0,253,0,266,-10" /><INIT seed="6,0,0,2,1,84" ten="145,346,253,256" oya="2" hai0="127,49,119,62,120,101,36,102,65,98,64,118,114" hai1="8,46,111,25,72,69,96,2,122,128,132,57,126" hai2="19,50,66,77,121,88,7,15,30,82,55,35,106" hai3="68,18,14,63,99,115,32,70,133,16,91,130,100"/><V23/><F106/><W43/><G32/><T67/><D36/><U112/><RYUUKYOKU type="yao9" ba="0,0" sc="145,0,346,0,253,0,256,0" hai1="2,8,25,46,57,69,72,96,111,112,122,126,128,132" /><INIT seed="6,1,0,5,5,6" ten="145,346,253,256" oya="2" hai0="33,57,13,66,39,48,90,128,1,74,18,76,102" hai1="17,31,41,52,9,62,54,119,118,68,24,15,34" hai2="83,71,88,49,112,3,61,89,59,106,56,135,27" hai3="82,123,67,53,126,37,4,77,108,104,26,35,111"/><V117/><F106/><W32/><G123/><T51/><D39/><U101/><E41/><V116/><F71/><W86/><G104/><T70/><D1/><U87/><E101/><V22/><F3/><W28/><G37/><T127/><D70/><U69/><E69/><V29/><F135/><W103/><G67/><T38/><D38/><U44/><E87/><N who="2" m="50303" /><F112/><W78/><G103/><T2/><D2/><U5/><E68/><V91/><F116/><W98/><G98/><T55/><D33/><U19/><E118/><V73/><F73/><W40/><G40/><T132/><D102/><U42/><E119/><V23/><F23/><W60/><G35/><T110/><D110/><U93/><E34/><V130/><F130/><W122/><G77/><T72/><D76/><U75/><E75/><V131/><F131/><W109/><G122/><T30/><D30/><U95/><E31/><V114/><F114/><W10/><G126/><T58/><D128/><U85/><E95/><V64/><F117/><W84/><G84/><T12/><D132/><U115/><E93/><V80/><F80/><W100/><G100/><T65/><D55/><AGARI ba="1,0" hai="22,27,29,49,55,56,59,61,64,89,91" m="50303" machi="55" ten="30,2900,0" yaku="8,1,54,1" doraHai="6" who="2" fromWho="0" sc="145,-32,346,0,253,32,256,0" /><INIT seed="6,2,0,2,2,49" ten="113,346,285,256" oya="2" hai0="66,99,121,35,62,7,90,83,95,74,42,36,78" hai1="51,73,70,87,4,47,79,116,34,91,71,11,12" hai2="131,118,53,125,27,31,60,135,59,109,38,104,3" hai3="19,107,94,37,105,30,46,77,56,117,98,134,2"/><V88/><F118/><W111/><G117/><T13/><D121/><U128/><E34/><V124/><F104/><W50/><G2/><T96/><D35/><U97/><E128/><V14/><F3/><W0/><G0/><T55/><D36/><U22/><E22/><N who="2" m="15863" /><F38/><W43/><G30/><T16/><D42/><U82/><E116/><V44/><F14/><W75/><G77/><T41/><D41/><N who="1" m="25071" /><E73/><V80/><F44/><W28/><G75/><T115/><D115/><U48/><E48/><V102/><F102/><W89/><G28/><T112/><D112/><U64/><E64/><V9/><F9/><W23/><G111/><T129/><D129/><U61/><E61/><V57/><F57/><W18/><G18/><T15/><D99/><U69/><E97/><V127/><F131/><W52/><REACH who="3" step="1"/><G134/><REACH who="3" ten="113,346,285,246" step="2"/><T122/><D122/><U24/><E4/><V110/><F135/><W8/><G8/><T5/><D13/><AGARI ba="2,1" hai="13,19,23,37,43,46,50,52,56,89,94,98,105,107" machi="13" ten="30,7700,0" yaku="1,1,7,1,52,1,54,1,53,0" doraHai="49" doraHaiUra="106" who="3" fromWho="0" sc="113,-83,346,0,285,0,246,93" /><INIT seed="7,0,0,0,3,100" ten="30,346,285,339" oya="3" hai0="55,49,1,112,88,103,17,67,32,94,126,98,77" hai1="93,135,37,104,8,127,18,125,12,124,134,102,113" hai2="128,62,10,95,99,84,82,31,26,106,107,0,115" hai3="58,52,42,35,75,89,131,122,118,133,81,64,13"/><W34/><G122/><T60/><D126/><U57/><E113/><V28/><F115/><W50/><G118/><T4/><D32/><U92/><E37/><V59/><F128/><W120/><G120/><T105/><D77/><U30/><E30/><V69/><F69/><W78/><G131/><T51/><D17/><U47/><E47/><V16/><F0/><W36/><G133/><N who="1" m="50698" /><E57/><V20/><F10/><W101/><G101/><T90/><D112/><U117/><E117/><V71/><F71/><W73/><G73/><T45/><D1/><U5/><E5/><V130/><F130/><W33/><G64/><T40/><D4/><U21/><E21/><V24/><F24/><W46/><G89/><T29/><D29/><N who="2" m="11338" /><F84/><W14/><AGARI ba="0,0" hai="13,14,33,34,35,36,42,46,50,52,58,75,78,81" machi="14" ten="40,3900,0" yaku="0,1,54,1" doraHai="100" who="3" fromWho="3" sc="30,-13,346,-13,285,-13,339,39" owari="17,-48.0,333,13.0,272,-13.0,378,48.0" /></mjloggm>