<mjloggm ver="2.3"><GO type="169" lobby="0"/><UN n0="%E4%B8%96%E5%A4%A2" n1="%E6%9F%B3%E5%A6%82%E6%98%AF" n2="%E3%83%A4%E3%82%AD%E3%83%B3" n3="%E3%82%A6%E3%83%AB%E3%83%88%E3%83%A9%E7%AB%8B%E7%9B%B4" dan="17,16,18,17" rate="2159.57,2064.38,2208.29,2212.83" sx="F,F,M,M"/><TAIKYOKU oya="0"/><INIT seed="0,0,0,4,5,44" ten="250,250,250,250" oya="0" hai0="97,77,15,59,34,13,71,16,36,92,131,87,40" hai1="121,47,75,73,0,106,91,81,20,43,80,100,14" hai2="5,49,132,107,12,1,101,10,70,67,86,116,63" hai3="2,118,76,82,98,129,4,32,62,50,26,65,46"/><T54/><D71/><U51/><E121/><V19/><F132/><W110/><G118/><T64/><D34/><U108/><E0/><V128/><F128/><W21/><G32/><T42/><D64/><U17/><E108/><V95/><F107/><W119/><G110/><T109/><D36/><U84/><REACH who="1" step="1"/><E81/><REACH who="1" ten="250,240,250,250" step="2"/><V104/><F116/><W66/><G119/><T60/><D109/><U3/><E3/><V23/><F104/><W6/><G2/><T22/><D131/><U53/><E53/><V18/><F1/><W28/><G82/><N who="0" m="47567" /><D15/><U55/><E55/><V127/><F12/><W90/><G129/><T25/><D13/><U7/><E7/><V61/><F5/><W89/><G4/><T105/><D105/><U68/><E68/><V78/><F70/><W126/><G6/><T111/><D111/><U83/><E83/><V117/><F117/><W79/><G66/><T120/><D120/><U103/><E103/><AGARI ba="0,1" hai="16,22,25,40,42,54,59,60,92,97,103" m="47567" machi="103" ten="30,2900,0" yaku="8,1,54,1" doraHai="44" who="0" fromWho="1" sc="250,39,240,-29,250,0,250,0" /><INIT seed="0,1,0,5,0,37" ten="289,211,250,250" oya="0" hai0="97,24,112,117,0,48,80,105,25,8,86,28,43" hai1="12,87,17,70,21,49,39,32,77,89,57,59,106" hai2="131,1,68,135,38,123,82,79,133,53,83,121,66" hai3="114,19,41,124,63,34,102,3,74,14,18,4,128"/><T92/><D105/><U50/><E106/><V96/><F1/><W95/><G74/><T42/><D117/><U84/><E39/><V56/><F96/><W134/><G34/><T111/><D112/><U104/><E104/><V130/><F83/><W113/><G3/><T99/><D111/><U29/><E70/><V61/><F38/><W33/><G33/><T72/><D72/><U75/><E75/><V6/><F6/><W65/><G124/><T107/><D107/><U13/><E32/><V60/><F82/><W44/><G128/><N who="2" m="49193" /><F79/><W120/><G134/><AGARI ba="1,0" hai="53,56,60,61,66,68,121,123,133,134,135" m="49193" machi="134" ten="30,7700,0" yaku="20,1,19,1,34,2" doraHai="37" who="2" fromWho="3" sc="289,0,211,0,250,80,250,-80" /><INIT seed="1,0,0,1,5,26" ten="289,211,330,170" oya="1" hai0="76,89,84,36,28,126,97,35,105,51,32,27,130" hai1="119,52,101,41,87,73,96,75,72,20,18,4,122" hai2="57,133,22,62,1,123,102,95,108,59,37,3,114" hai3="48,25,113,12,11,127,38,10,77,42,46,70,43"/><U81/><E122/><V110/><F123/><W106/><G113/><T31/><D36/><U69/><E119/><V78/><F78/><W83/><G106/><T49/><D130/><U30/><E69/><V21/><F37/><W80/><G70/><T6/><D6/><U91/><E4/><V50/><F133/><W115/><G115/><T9/><D9/><U92/><E41/><V58/><F114/><W61/><G127/><T94/><D126/><U40/><E40/><V65/><F95/><W109/><G109/><N who="2" m="42089" /><F102/><W17/><G61/><T85/><D105/><U104/><E52/><N who="2" m="31895" /><F58/><W55/><G38/><T121/><D121/><U63/><E63/><V15/><F15/><W125/><G125/><T0/><D0/><AGARI ba="0,0" hai="0,1,3,21,22,59,62,65" m="31895,42089" machi="0" ten="30,2000,0" yaku="14,1,54,1" doraHai="26" who="2" fromWho="0" sc="289,-20,211,0,330,20,170,0" /><INIT seed="2,0,0,3,5,111" ten="269,211,350,170" oya="2" hai0="102,42,70,36,26,69,37,43,50,100,97,90,25" hai1="94,91,17,110,126,78,32,114,54,76,23,66,35" hai2="9,18,128,118,77,106,98,20,121,82,64,61,3" hai3="45,133,116,41,83,81,85,124,57,75,55,88,109"/><V74/><F118/><W131/><G109/><T113/><D50/><U21/><E110/><V6/><F121/><W87/><G75/><T24/><D90/><U27/><E126/><V15/><F128/><W22/><G124/><T1/><D1/><U51/><E114/><V123/><F123/><W135/><G131/><T132/><D132/><U4/><E4/><V14/><F106/><W68/><G68/><T48/><D48/><U16/><E66/><V115/><F98/><W65/><G65/><T99/><D25/><N who="1" m="14503" /><E35/><V8/><F115/><AGARI ba="0,0" hai="24,26,36,37,42,43,69,70,97,99,100,102,113,115" machi="115" ten="25,6400,0" yaku="22,2,52,2" doraHai="111" who="0" fromWho="2" sc="269,64,211,0,350,-64,170,0" /><INIT seed="3,0,0,5,2,9" ten="333,211,286,170" oya="3" hai0="33,22,8,132,82,92,122,27,117,104,110,107,130" hai1="114,80,125,7,69,24,3,96,63,21,134,10,89" hai2="77,64,48,126,74,59,34,87,52,51,97,31,95" hai3="102,83,66,16,37,85,90,0,39,129,131,57,109"/><W98/><G0/><T79/><D33/><U128/><E114/><V12/><F74/><W20/><G109/><T135/><D122/><U15/><E125/><V4/><F126/><W81/><G81/><T17/><D117/><U54/><E134/><N who="0" m="51241" /><D130/><N who="3" m="49673" /><G66/><T113/><D110/><U123/><E123/><V112/><F112/><W49/><G57/><T106/><D113/><U101/><E128/><V6/><F64/><W1/><G1/><T120/><D120/><U94/><E3/><V44/><F31/><W35/><G35/><T25/><D8/><U124/><E124/><V50/><F34/><W127/><G49/><T61/><D61/><U133/><E133/><V58/><F58/><W36/><G127/><T103/><D92/><U43/><E69/><V121/><F121/><W28/><G28/><T71/><D71/><U86/><E43/><V32/><F32/><W47/><G47/><T42/><D42/><U91/><E63/><V93/><F44/><W19/><G20/><T62/><D62/><U38/><E38/><N who="3" m="9730" /><W40/><DORA hai="2" /><G40/><T29/><D29/><N who="1" m="17551" /><E54/><V73/><F51/><W100/><G100/><AGARI ba="0,0" hai="7,10,15,80,86,89,91,94,96,100,101" m="17551" machi="100" ten="30,3900,0" yaku="8,1,52,2" doraHai="9,2" who="1" fromWho="3" sc="333,0,211,39,286,0,170,-39" /><INIT seed="4,0,0,5,5,80" ten="333,250,286,131" oya="0" hai0="20,62,48,13,135,49,12,67,58,73,65,14,119" hai1="57,50,34,4,112,129,103,46,110,23,45,47,79" hai2="16,100,131,124,29,126,115,26,8,127,6,51,54" hai3="85,25,40,53,43,96,90,41,77,59,60,91,66"/><T36/><D36/><U64/><E110/><V97/><F115/><W133/><G133/><T71/><D73/><U116/><E116/><V125/><F131/><W95/><G77/><T84/><D119/><U121/><E121/><V98/><F127/><W44/><G25/><T38/><D38/><U55/><E129/><V109/><F109/><W99/><G44/><T10/><D135/><U2/><E34/><V52/><F51/><N who="0" m="19530" /><D71/><U68/><E112/><V111/><F111/><W117/><G117/><T82/><D20/><U86/><E103/><V104/><F98/><W88/><G66/><N who="0" m="39255" /><D10/><U7/><E2/><N who="2" m="87" /><F16/><W93/><G91/><AGARI ba="0,0" hai="12,13,14,65,67,82,84,91" m="39255,19530" machi="91" ten="30,2900,0" yaku="8,1,52,1" doraHai="80" who="0" fromWho="3" sc="333,29,250,0,286,0,131,-29" /><INIT seed="4,1,0,5,5,67" ten="362,250,286,102" oya="0" hai0="22,48,50,71,89,33,90,87,21,13,51,36,80" hai1="27,114,110,81,129,17,14,2,91,119,6,104,107" hai2="117,49,65,42,19,41,96,72,3,131,100,125,7" hai3="132,66,128,46,133,20,60,83,92,94,34,4,61"/><T130/><D33/><U24/><E119/><V0/><F72/><W52/><G34/><T9/><D36/><U74/><E110/><V40/><F125/><W30/><G4/><N who="0" m="3239" /><D71/><U122/><E122/><V99/><F65/><W70/><G83/><T39/><D39/><U135/><E135/><N who="3" m="51786" /><G128/><T54/><D130/><U28/><E129/><V134/><F117/><W62/><G62/><T26/><D90/><U5/><E114/><V25/><F7/><W11/><G11/><T82/><D82/><U32/><E27/><V120/><F120/><W47/><G20/><N who="0" m="7787" /><D26/><U57/><E2/><V58/><F25/><W93/><G30/><T112/><D112/><U126/><E5/><V106/><F19/><W77/><G77/><T37/><D37/><U97/><E6/><V111/><F111/><W12/><G12/><T45/><AGARI ba="1,0" hai="45,48,50,51,54,80,87,89" m="7787,3239" machi="45" ten="30,1500,0" yaku="8,1" doraHai="67" who="0" fromWho="0" sc="362,18,250,-6,286,-6,102,-6" /><INIT seed="4,2,0,4,1,27" ten="380,244,280,96" oya="0" hai0="107,102,131,106,20,91,45,2,37,132,38,103,0" hai1="19,70,128,93,74,43,26,129,66,67,96,62,116" hai2="16,100,105,99,86,55,73,52,82,51,53,76,119" hai3="124,117,69,50,47,15,113,63,121,127,49,85,72"/><T109/><D131/><N who="1" m="50251" /><E116/><V4/><F119/><W101/><G72/><T87/><D132/><U24/><E74/><V122/><F122/><W35/><G15/><T81/><D109/><U114/><E114/><V14/><F4/><W11/><G85/><T34/><D34/><U130/><E43/><V88/><F51/><W94/><G11/><T71/><D71/><U48/><E48/><V125/><F125/><N who="3" m="48203" /><G94/><T31/><D103/><N who="1" m="60815" /><E67/><V56/><F56/><W115/><G101/><T39/><D45/><U8/><N who="1" m="50259" /><U28/><DORA hai="111" /><E28/><V6/><F6/><W133/><G35/><T12/><D12/><AGARI ba="2,0" hai="8,12,19,24,26,62,66,70" m="60815,50259" machi="12" ten="40,1300,0" yaku="19,1" doraHai="27,111" who="1" fromWho="0" sc="380,-19,244,19,280,0,96,0" /><INIT seed="5,0,0,4,1,115" ten="361,263,280,96" oya="1" hai0="42,7,117,114,8,5,134,94,104,84,62,53,11" hai1="65,67,108,38,76,79,116,81,100,13,39,106,129" hai2="36,70,98,46,31,110,103,3,90,49,23,125,105" hai3="0,102,72,2,82,101,34,96,124,92,18,27,61"/><U109/><E116/><V55/><F110/><N who="1" m="42601" /><E129/><V54/><F3/><W68/><G124/><T12/><D117/><U73/><E79/><V4/><F4/><W9/><G101/><T16/><D104/><U57/><E13/><V66/><F36/><N who="1" m="13865" /><E57/><V30/><F125/><W50/><G2/><T99/><D114/><U21/><E21/><V6/><F6/><W44/><G0/><T77/><D134/><U78/><E78/><V97/><F23/><W28/><G72/><T59/><D11/><U24/><E24/><V120/><F120/><W95/><G82/><N who="0" m="47183" /><D42/><U86/><E86/><V135/><F55/><W127/><G127/><T60/><D60/><U122/><E122/><V133/><F66/><W45/><G9/><T20/><D8/><U87/><E87/><V83/><F70/><W126/><G126/><T40/><D40/><U112/><E112/><V123/><F123/><W41/><G18/><T93/><D5/><U17/><E17/><V132/><F83/><W22/><G45/><T91/><D7/><U80/><E80/><V58/><F46/><W26/><G26/><T47/><D47/><U113/><E113/><V71/><F71/><W52/><G22/><T89/><D99/><AGARI ba="0,0" hai="65,67,73,76,81,99,100,106" m="13865,42601" machi="99" ten="30,1500,0" yaku="10,1" doraHai="115" who="1" fromWho="0" sc="361,-15,263,15,280,0,96,0" /><INIT seed="5,1,0,2,3,36" ten="346,278,280,96" oya="1" hai0="62,105,9,118,64,50,49,83,47,71,100,10,20" hai1="135,29,21,134,107,58,56,106,79,130,115,120,31" hai2="28,102,70,72,84,33,116,40,110,19,91,75,44" hai3="95,52,66,74,14,32,51,114,54,129,26,90,37"/><U76/><E21/><V82/><F110/><W98/><G114/><T86/><D118/><U48/><E48/><V8/><F70/><W94/><G129/><T123/><D123/><U108/><E115/><V127/><F116/><W78/><G37/><T119/><D119/><U57/><E130/><V128/><F128/><W113/><G113/><T7/><D100/><U68/><E68/><V125/><F102/><W2/><G2/><T0/><D105/><N who="1" m="39947" /><E120/><V43/><F28/><N who="1" m="10825" /><E108/><V65/><F33/><W11/><G32/><T61/><D61/><U111/><E111/><V88/><F65/><W126/><G66/><T15/><D20/><U77/><AGARI ba="1,0" hai="56,57,58,76,77,79,134,135" m="10825,39947" machi="77" ten="40,3900,0" yaku="28,2" doraHai="36" who="1" fromWho="1" sc="346,-14,278,42,280,-14,96,-14" /><INIT seed="5,2,0,4,0,91" ten="332,320,266,82" oya="1" hai0="80,122,75,74,67,28,90,126,100,104,125,85,45" hai1="35,0,58,133,99,81,119,73,70,72,49,79,21" hai2="117,27,121,44,54,16,30,89,114,9,134,15,23" hai3="29,69,22,31,46,97,14,41,13,71,87,8,56"/><U6/><E119/><V37/><F121/><W135/><G135/><T43/><D67/><U39/><E133/><V12/><F134/><W76/><G56/><T26/><D122/><U48/><E35/><V50/><F117/><W34/><G34/><T86/><D86/><U59/><E70/><V98/><F37/><W62/><G62/><T20/><D100/><U106/><E21/><N who="2" m="15727" /><F114/><W40/><G97/><T94/><D104/><U130/><E39/><V84/><F98/><W64/><G64/><T108/><D108/><U68/><E68/><V116/><F116/><W2/><G2/><T18/><D28/><U115/><E115/><V93/><F15/><W127/><G127/><N who="0" m="48651" /><D80/><U55/><E130/><V66/><F66/><W65/><G65/><T52/><D52/><N who="1" m="32007" /><E0/><V111/><F111/><W124/><G124/><T123/><D123/><U5/><E73/><V96/><F96/><W83/><G71/><T107/><D107/><U61/><E61/><V128/><F128/><W1/><G1/><T112/><D112/><U102/><E106/><V129/><F129/><W3/><G3/><T10/><D10/><AGARI ba="2,0" hai="9,10,12,16,23,44,50,54,84,89,93" m="15727" machi="10" ten="30,3900,0" yaku="8,1,52,1,54,1" doraHai="91" who="2" fromWho="0" sc="332,-45,320,0,266,45,82,0" /><INIT seed="6,0,0,2,0,82" ten="287,320,311,82" oya="2" hai0="34,47,53,134,59,11,81,6,116,108,115,129,65" hai1="92,74,64,23,61,126,120,94,76,132,42,63,31" hai2="21,24,72,75,37,133,28,130,113,51,135,90,105" hai3="16,8,121,77,29,99,30,100,119,35,13,20,110"/><V86/><F37/><W55/><G121/><T45/><D34/><U4/><E120/><V71/><F71/><W36/><G36/><T102/><D108/><U111/><E111/><V106/><F113/><W40/><G40/><T38/><D38/><U10/><E126/><V85/><F130/><W67/><G35/><T33/><D33/><U103/><E132/><N who="2" m="50763" /><F51/><W96/><G110/><T48/><D134/><U27/><E42/><V41/><F41/><W117/><G67/><T104/><D129/><U109/><E109/><V128/><F128/><W25/><G30/><T69/><D115/><U68/><E63/><V84/><F90/><W1/><G1/><T125/><D125/><U18/><E103/><V3/><F3/><W57/><G77/><T89/><D116/><U9/><E76/><V73/><AGARI ba="0,0" hai="21,24,28,72,73,75,84,85,86,105,106" m="50763" machi="73" ten="40,12000,1" yaku="20,1,52,3" doraHai="82" who="2" fromWho="2" sc="287,-40,320,-40,311,120,82,-40" /><INIT seed="6,1,0,2,0,47" ten="247,280,431,42" oya="2" hai0="99,123,117,5,78,105,51,24,18,13,104,33,36" hai1="92,131,110,106,35,84,3,121,46,107,122,59,63" hai2="118,8,12,72,56,23,44,58,79,54,16,102,69" hai3="25,70,111,34,74,48,45,64,100,90,120,2,75"/><V119/><F69/><W83/><G2/><T22/><D36/><U9/><E110/><V103/><F118/><W95/><G111/><T55/><D123/><U49/><E35/><V6/><F119/><W86/><G120/><N who="1" m="46186" /><E131/><V27/><F72/><W61/><G34/><T132/><D117/><U115/><E115/><V108/><F79/><W11/><G25/><T80/><D132/><U126/><E126/><V91/><F91/><W94/><G11/><T114/><D114/><U67/><E84/><V62/><F108/><W10/><G10/><T26/><D5/><N who="1" m="1215" /><E92/><V7/><F7/><W96/><REACH who="3" step="1"/><G95/><REACH who="3" ten="247,280,431,32" step="2"/><T28/><D26/><U37/><E107/><V43/><F27/><W31/><G31/><T93/><D105/><U21/><E106/><V68/><F8/><W17/><G17/><T53/><D104/><U50/><E21/><V77/><F16/><W135/><G135/><T41/><D33/><U85/><E85/><V112/><F23/><W127/><G127/><T29/><D28/><U32/><E32/><V4/><F4/><W101/><G101/><T19/><D29/><U88/><E88/><V113/><F103/><W128/><G128/><T116/><D116/><U60/><E60/><V52/><F102/><W97/><G97/><T14/><D99/><U66/><E63/><V42/><F62/><W89/><G89/><T39/><D93/><U124/><E124/><V71/><F6/><W82/><G82/><T1/><D1/><U38/><E67/><V125/><F125/><W87/><G87/><T81/><D22/><U0/><E66/><V129/><F129/><RYUUKYOKU ba="1,1" sc="247,-10,280,-10,431,-10,32,30" hai3="45,48,61,64,70,74,75,83,86,90,94,96,100" /><INIT seed="7,2,1,1,2,113" ten="237,270,421,62" oya="3" hai0="32,27,110,115,0,39,29,100,77,13,111,122,131" hai1="106,5,21,94,85,11,64,56,132,98,31,74,17" hai2="129,75,7,79,93,50,73,67,20,30,90,3,84" hai3="80,61,28,43,1,126,6,81,42,123,114,54,45"/><W41/><G123/><T86/><D39/><U10/><E74/><V4/><F67/><W112/><G126/><T37/><D37/><U66/><E106/><V128/><F50/><W89/><G28/><T130/><D122/><U38/><E38/><V12/><F3/><W22/><G22/><T51/><D100/><U46/><E46/><V83/><F75/><W92/><G6/><T82/><D0/><U97/><E31/><V35/><F35/><W87/><G1/><T18/><D51/><U26/><E132/><V104/><F104/><W58/><REACH who="3" step="1"/><G45/><REACH who="3" ten="237,270,421,52" step="2"/><T33/><D33/><U134/><E5/><V63/><F30/><W44/><G44/><T14/><D115/><AGARI ba="2,2" hai="41,42,43,54,58,61,80,81,87,89,92,112,114,115" machi="115" ten="40,3900,0" yaku="1,1,15,1,53,0" doraHai="113" doraHaiUra="25" who="3" fromWho="0" sc="237,-45,270,0,421,0,52,65" /><INIT seed="7,3,0,1,4,31" ten="192,270,421,117" oya="3" hai0="49,45,94,77,93,127,130,126,68,115,44,57,37" hai1="114,48,60,41,53,74,58,16,56,83,101,69,71" hai2="14,78,135,81,38,18,91,85,6,25,0,75,123" hai3="22,82,96,40,35,29,95,87,61,50,7,116,52"/><W15/><G116/><T113/><D68/><U34/><E34/><V112/><F38/><W107/><G107/><T110/><D77/><U11/><E114/><N who="0" m="43529" /><D110/><U65/><E101/><V80/><F123/><W99/><G35/><T84/><D84/><U117/><E117/><V10/><F112/><W70/><G70/><T17/><D17/><U1/><E41/><V108/><F135/><W8/><G61/><T119/><D119/><U133/><E133/><V12/><F108/><W125/><G125/><N who="0" m="47627" /><D130/><U28/><E28/><V23/><AGARI ba="3,0" hai="0,6,10,12,14,18,23,25,75,78,80,81,85,91" machi="23" ten="30,1100,0" yaku="0,1" doraHai="31" who="2" fromWho="2" sc="192,-6,270,-6,421,20,117,-8" owari="186,-21.0,264,6.0,441,54.0,109,-39.0" /></mjloggm>