<mjloggm ver="2.3"><GO type="169" lobby="0"/><UN n0="%E2%99%AA%E3%83%A2%E3%83%8E%E3%82%AF%E3%83%AD" n1="%55%52%41%4E" n2="%E3%83%97%E3%83%AD%E3%83%86%E3%82%A4%E3%83%B3%E5%BE%97%E7%9B%9B" n3="%E3%83%88%E3%83%88%E3%83%AA%E5%85%88%E7%94%9F%31%39%E6%AD%B3" dan="17,16,17,17" rate="2117.74,2076.89,2197.37,2212.35" sx="F,M,M,F"/><TAIKYOKU oya="0"/><INIT seed="0,0,0,2,1,91" ten="250,250,250,250" oya="0" hai0="110,66,15,86,65,12,49,127,121,124,60,2,14" hai1="114,21,55,106,120,18,47,10,113,11,82,81,90" hai2="61,88,111,76,37,74,52,17,92,5,22,50,123" hai3="105,98,122,94,125,30,35,36,100,31,46,103,43"/><T63/><D121/><U27/><E106/><V131/><F37/><W28/><G122/><T126/><D2/><U20/><E120/><V7/><F123/><W0/><G0/><T96/><D110/><U102/><E102/><V112/><F112/><N who="1" m="43113" /><E90/><V25/><F111/><W62/><G125/><T119/><D119/><U44/><E21/><V83/><F131/><W84/><G84/><T42/><D86/><U116/><E116/><V118/><F118/><W54/><G103/><T40/><D96/><U87/><E87/><V51/><F61/><N who="0" m="23626" /><D49/><N who="1" m="29095" /><E47/><V79/><F79/><W13/><G35/><T117/><D117/><U23/><E23/><V8/><F8/><AGARI ba="0,0" hai="8,10,11,18,20,27,81,82" m="29095,43113" machi="8" ten="30,1000,0" yaku="11,1" doraHai="91" who="1" fromWho="2" sc="250,0,250,10,250,-10,250,0" /><INIT seed="1,0,0,0,0,95" ten="250,260,240,250" oya="1" hai0="41,126,83,111,57,32,38,115,6,74,76,51,3" hai1="116,48,27,105,113,131,72,46,63,24,92,31,127" hai2="49,84,78,117,71,66,122,13,42,110,82,67,109" hai3="88,26,5,0,45,93,50,73,91,39,18,55,43"/><U125/><E116/><V118/><F122/><W17/><G73/><T124/><D115/><U56/><E105/><V94/><F13/><W11/><G26/><T96/><D32/><U2/><E2/><V61/><F67/><W33/><G33/><T10/><D111/><N who="2" m="42506" /><F94/><W123/><G91/><T108/><D108/><U120/><E120/><V80/><F80/><W97/><REACH who="3" step="1"/><G123/><REACH who="3" ten="250,260,240,240" step="2"/><T119/><D119/><U112/><E72/><V135/><F135/><W16/><G16/><T107/><D74/><U81/><E27/><V70/><F70/><W130/><G130/><T69/><D69/><U64/><E24/><V19/><F19/><W77/><G77/><T4/><D76/><U102/><E113/><V90/><F78/><W30/><G30/><T22/><D4/><U58/><E131/><V21/><F21/><W134/><G134/><T132/><D22/><U34/><E34/><V98/><F118/><W9/><G9/><T101/><D132/><U99/><E31/><V60/><F117/><W12/><G12/><T14/><D14/><U100/><E112/><V75/><F75/><W54/><G54/><N who="0" m="31967" /><D83/><U1/><E81/><V52/><F71/><W62/><G62/><T128/><D128/><U20/><E125/><V133/><F133/><W129/><G129/><T65/><D65/><U25/><E127/><V59/><F66/><W37/><G37/><T8/><D8/><U121/><E1/><V7/><F7/><W85/><G85/><T87/><D87/><U114/><E114/><V103/><F42/><W28/><G28/><T40/><D40/><U29/><E121/><RYUUKYOKU ba="0,1" sc="250,10,260,-30,240,10,240,10" hai0="3,6,10,38,41,96,101,107,124,126" hai2="49,52,59,60,61,82,84,90,98,103" hai3="0,5,11,17,18,39,43,45,50,55,88,93,97" /><INIT seed="2,1,1,1,4,88" ten="260,230,250,250" oya="2" hai0="21,34,97,19,37,105,128,56,35,65,70,91,121" hai1="67,18,59,126,133,38,117,99,124,89,5,9,131" hai2="24,6,90,50,63,22,57,52,76,49,81,30,61" hai3="83,111,98,3,53,46,80,39,116,112,125,82,92"/><V93/><F6/><W16/><G116/><T2/><D121/><U26/><E117/><V122/><F122/><W96/><G3/><T62/><D37/><U106/><E38/><V14/><F14/><W130/><G111/><T43/><D43/><U109/><E109/><V110/><F110/><W27/><G130/><T104/><D2/><U102/><E133/><V78/><F63/><W94/><G125/><N who="1" m="48234" /><E131/><V41/><F41/><W68/><G68/><T54/><D128/><U127/><E127/><V113/><F113/><W72/><G72/><T45/><D45/><U123/><E123/><V29/><F29/><W114/><G39/><T69/><D105/><U135/><E135/><V60/><F60/><W85/><G85/><T33/><D65/><U1/><E89/><V8/><F8/><W73/><G73/><T11/><D11/><U118/><E118/><V77/><F81/><W28/><G16/><T23/><D23/><N who="1" m="13687" /><E59/><V40/><F40/><W64/><G64/><AGARI ba="1,1" hai="1,5,9,64,67,99,102,106" m="13687,48234" machi="64" ten="30,1000,0" yaku="18,1" doraHai="88" who="1" fromWho="3" sc="260,0,230,23,250,0,250,-13" /><INIT seed="3,0,0,1,3,36" ten="260,253,250,237" oya="3" hai0="43,68,26,114,120,119,100,3,118,49,21,106,94" hai1="39,18,102,132,81,97,124,41,58,92,48,6,29" hai2="46,80,50,67,57,103,125,34,65,126,105,75,20" hai3="37,107,117,70,31,86,111,91,82,95,13,35,123"/><W62/><G117/><T66/><D120/><U40/><E39/><V122/><F34/><W96/><G123/><T110/><D106/><U30/><E132/><V16/><F122/><W108/><G37/><T129/><D3/><U76/><E124/><N who="2" m="47723" /><F57/><W112/><G112/><T15/><D110/><N who="3" m="42025" /><G107/><T61/><D129/><U51/><E6/><V54/><F103/><W7/><G7/><T133/><D133/><U38/><E38/><V89/><F105/><W69/><G13/><T79/><D15/><U104/><E104/><V83/><F89/><N who="3" m="51415" /><G62/><T59/><D114/><U85/><E18/><V121/><F121/><W60/><G60/><T63/><D79/><U9/><E9/><V115/><F115/><W14/><G14/><T12/><D12/><U2/><E2/><V101/><F101/><W72/><G72/><T28/><D63/><U116/><E116/><V5/><F5/><W44/><G44/><N who="0" m="25759" /><D68/><U77/><E58/><V71/><F71/><W25/><AGARI ba="0,0" hai="25,31,35,69,70,91,95,96" m="51415,42025" machi="25" ten="30,3000,0" yaku="14,1,10,1" doraHai="36" who="3" fromWho="3" sc="260,-10,253,-10,250,-10,237,30" /><INIT seed="3,1,0,4,5,107" ten="250,243,240,267" oya="3" hai0="117,37,132,52,83,120,39,94,56,89,103,78,57" hai1="33,30,70,126,10,19,63,15,72,66,62,127,61" hai2="20,51,109,86,68,12,65,60,74,40,104,129,21" hai3="82,54,5,76,29,95,130,92,84,112,80,133,23"/><W110/><G112/><T99/><D117/><U8/><E72/><V43/><F104/><W135/><G130/><T73/><D120/><U87/><E87/><V6/><F129/><W79/><G5/><T31/><D132/><N who="3" m="50761" /><G54/><T48/><D31/><U101/><E101/><V111/><F86/><N who="3" m="48391" /><G29/><T64/><REACH who="0" step="1"/><D103/><REACH who="0" ten="240,243,240,267" step="2"/><U113/><E30/><V41/><F111/><W93/><G23/><T9/><D9/><U42/><E8/><V100/><F100/><W121/><G121/><T81/><D81/><U28/><E28/><V102/><F102/><W125/><G125/><T46/><D46/><U26/><E113/><V47/><F109/><AGARI ba="1,1" hai="79,82,84,92,93,95,109,110" m="48391,50761" machi="109" ten="40,7700,0" yaku="20,1,34,2" doraHai="107" who="3" fromWho="2" sc="240,0,243,0,240,-80,267,90" /><INIT seed="3,2,0,3,3,117" ten="240,243,160,357" oya="3" hai0="108,50,17,20,39,21,60,93,115,35,73,24,67" hai1="49,75,13,4,70,9,85,97,61,106,76,98,118" hai2="78,72,0,16,121,44,15,38,74,133,37,110,103" hai3="42,8,7,120,52,81,10,126,64,135,66,112,18"/><W131/><G112/><T107/><D107/><U43/><E75/><V128/><F0/><W1/><G131/><T123/><D39/><U58/><E70/><V90/><F128/><W69/><G69/><T80/><D35/><U122/><E106/><V124/><F103/><W57/><G135/><T114/><D108/><U87/><E118/><V79/><F110/><W33/><G33/><T77/><D123/><U104/><E104/><V132/><F124/><W102/><G120/><T99/><D50/><U36/><E36/><N who="2" m="13931" /><F44/><W63/><G42/><T125/><D21/><U71/><E71/><V46/><F46/><W127/><G102/><T48/><D48/><U56/><E122/><V47/><F47/><W54/><G81/><T101/><REACH who="0" step="1"/><D125/><REACH who="0" ten="230,243,160,357" step="2"/><N who="3" m="47625" /><G10/><T30/><D30/><U129/><E129/><V111/><F121/><W134/><G134/><N who="2" m="51817" /><F111/><W55/><G18/><T31/><D31/><U113/><E4/><V53/><F74/><W40/><G40/><T100/><D100/><U6/><E43/><V86/><F72/><W116/><G116/><T119/><D119/><U130/><E130/><V105/><F105/><W84/><G8/><T89/><D89/><U26/><E9/><N who="2" m="6255" /><F53/><N who="3" m="34223" /><G7/><T32/><D32/><U25/><E6/><V95/><AGARI ba="2,1" hai="78,79,86,90,95" m="6255,51817,13931" machi="95" ten="30,2000,0" yaku="20,1,54,1" doraHai="117" who="2" fromWho="2" sc="230,-7,243,-7,160,36,357,-12" /><INIT seed="4,0,0,4,3,21" ten="223,236,196,345" oya="0" hai0="133,111,59,61,9,7,102,103,52,94,22,82,12" hai1="74,93,114,84,17,50,14,99,51,127,11,35,65" hai2="123,115,76,119,77,83,95,135,62,44,66,57,45" hai3="28,97,26,31,117,8,92,56,10,54,38,2,81"/><T41/><D133/><U69/><E74/><V0/><F0/><W48/><G117/><T43/><D111/><U98/><E127/><V101/><F123/><W121/><G38/><T86/><D22/><U58/><E35/><V131/><F135/><W42/><G121/><T128/><D128/><U63/><E114/><V96/><F131/><W85/><G2/><T106/><D106/><U100/><E69/><V88/><F115/><W55/><G42/><N who="0" m="15883" /><D94/><U107/><REACH who="1" step="1"/><E84/><REACH who="1" ten="223,226,196,345" step="2"/><N who="2" m="50207" /><F119/><W80/><G85/><T109/><D109/><U68/><E68/><V15/><F15/><W18/><G97/><T105/><D105/><U23/><E23/><V91/><F101/><AGARI ba="0,1" hai="11,14,17,50,51,58,63,65,93,98,99,100,101,107" machi="101" ten="30,2000,0" yaku="1,1,7,1,53,0" doraHai="21" doraHaiUra="108" who="1" fromWho="2" sc="223,0,226,30,196,-20,345,0" /><INIT seed="5,0,0,0,0,48" ten="223,256,176,345" oya="1" hai0="63,107,99,44,74,14,87,116,60,54,50,39,8" hai1="34,42,21,108,80,16,38,3,53,91,32,76,9" hai2="111,10,1,104,90,78,61,85,55,128,97,28,71" hai3="33,92,47,131,37,82,46,56,84,120,121,51,30"/><U43/><E108/><V4/><F111/><W29/><G131/><T106/><D74/><U127/><E127/><V130/><F78/><W22/><G33/><T49/><D39/><U23/><E91/><V102/><F28/><W72/><G72/><T118/><D87/><U7/><E23/><V132/><F132/><W114/><G114/><T15/><D99/><U125/><E125/><V20/><F20/><W112/><G112/><T89/><D89/><U94/><E94/><V134/><F134/><W26/><G92/><T69/><D69/><U124/><E124/><V103/><F103/><W122/><G29/><T0/><D0/><U59/><E38/><V86/><F71/><W115/><G115/><T52/><D44/><U45/><E45/><V79/><F79/><W19/><G30/><T2/><D2/><U57/><E57/><N who="2" m="35007" /><F90/><W105/><G105/><T24/><D8/><U129/><E129/><AGARI ba="0,0" hai="1,4,10,85,86,97,102,104,128,129,130" m="35007" machi="129" ten="30,2000,0" yaku="19,1,52,1" doraHai="48" who="2" fromWho="1" sc="223,0,256,-20,176,20,345,0" /><INIT seed="6,0,0,0,0,102" ten="223,236,196,345" oya="2" hai0="43,63,29,14,9,1,94,83,122,7,58,103,6" hai1="51,75,77,90,44,117,2,110,121,88,25,97,50" hai2="60,39,124,99,92,24,57,19,52,128,105,96,20" hai3="71,123,49,3,73,127,93,8,62,120,66,85,12"/><V72/><F39/><W0/><G73/><T135/><D122/><U131/><E2/><V48/><F72/><W65/><G127/><T22/><D135/><U109/><E117/><V23/><F124/><W55/><G65/><N who="0" m="39159" /><D1/><U80/><E131/><V76/><F128/><W70/><G70/><T4/><D43/><U21/><E121/><V33/><F33/><W10/><G10/><T130/><D83/><U35/><E35/><V108/><F108/><W53/><G53/><T59/><D59/><U67/><E67/><V133/><F133/><W129/><G129/><T16/><D130/><U34/><E34/><V104/><F76/><W78/><G3/><T15/><D29/><U36/><E36/><V46/><F23/><W106/><G106/><T11/><D11/><U27/><E110/><V87/><F87/><W107/><G107/><T134/><D134/><U86/><E109/><V111/><F111/><W89/><G78/><T115/><D115/><U38/><E21/><V84/><F84/><W18/><G0/><T82/><D82/><U69/><E69/><V68/><F68/><W42/><G42/><T114/><D114/><U79/><E38/><V5/><F5/><W40/><G40/><T28/><D28/><U112/><E112/><V132/><F132/><W119/><G119/><T32/><D32/><U17/><E75/><V101/><F99/><AGARI ba="0,0" hai="4,6,7,9,14,15,16,22,94,99,103" m="39159" machi="99" ten="30,2000,0" yaku="8,1,54,1" doraHai="102" who="0" fromWho="2" sc="223,20,236,0,196,-20,345,0" /><INIT seed="7,0,0,4,3,5" ten="243,236,176,345" oya="3" hai0="101,124,132,30,13,39,15,100,128,47,49,131,112" hai1="10,34,83,69,27,129,68,42,17,94,25,44,105" hai2="113,107,16,111,127,37,78,77,11,108,52,72,19" hai3="116,24,133,65,3,99,85,110,74,92,48,87,104"/><W61/><G116/><T56/><D124/><U76/><E105/><V20/><F107/><W122/><G122/><T79/><D132/><U23/><E129/><N who="0" m="49737" /><D112/><U97/><E10/><V91/><F37/><W21/><G74/><T50/><D39/><U55/><E55/><V53/><F113/><W123/><G3/><T14/><D79/><N who="2" m="30218" /><F72/><W63/><G104/><T43/><D30/><U35/><E27/><N who="2" m="14727" /><F127/><W86/><G24/><T51/><D56/><U46/><E68/><V4/><F111/><W2/><G2/><T60/><D60/><U134/><E69/><V36/><F36/><W40/><G61/><T88/><D88/><U93/><E134/><V57/><F108/><W71/><G110/><T82/><D82/><U38/><E44/><V18/><F91/><W114/><G71/><T119/><D119/><U58/><E58/><V29/><F29/><W126/><G126/><T1/><D1/><U103/><E94/><V90/><F90/><W115/><G92/><T45/><D43/><U96/><E96/><V106/><F106/><W31/><G99/><T102/><AGARI ba="0,0" hai="13,14,15,45,47,49,50,51,100,101,102" m="49737" machi="102" ten="40,8000,1" yaku="29,2,28,2,19,1" doraHai="5" who="0" fromWho="0" sc="243,80,236,-20,176,-20,345,-40" owari="323,41.0,216,-18.0,156,-34.0,305,11.0" /></mjloggm>