<mjloggm ver="2.3"><GO type="97" lobby="0"/><UN n0="%4B%49%52%49%54%42%4C" n1="%E3%83%88%E3%83%88%E3%83%AA%E5%85%88%E7%94%9F%31%39%E6%AD%B3" n2="%E7%89%B9%E6%9D%B1%E3%82%AD%E3%83%B3%E3%82%B0" n3="%E3%81%89%E5%89%8D%E3%80%93%E3%81%96%E9%AD%9A%E3%81%B7%EF%BD%97" dan="15,15,16,14" rate="1998.38,2055.84,1964.94,2053.68" sx="M,F,M,M"/><TAIKYOKU oya="0"/><INIT seed="0,0,0,0,3,27" ten="250,250,250,250" oya="0" hai0="26,86,89,90,12,79,9,3,120,38,104,31,53" hai1="59,87,7,81,16,29,43,4,22,70,132,39,30" hai2="77,37,58,33,99,60,112,61,126,23,95,110,54" hai3="13,85,36,97,134,8,40,0,47,18,71,100,62"/><T96/><D120/><U106/><E70/><V52/><F33/><W129/><G0/><T130/><D38/><U2/><E106/><V34/><F34/><W115/><G115/><T35/><D130/><U78/><E132/><V123/><F112/><W57/><G134/><T74/><D74/><U11/><E4/><V68/><F123/><W32/><G32/><T122/><D79/><U51/><E39/><V17/><F37/><W24/><G129/><T128/><D128/><U91/><E78/><V21/><F126/><W56/><G24/><T124/><D124/><U28/><E59/><V19/><F77/><W67/><REACH who="3" step="1"/><G85/><REACH who="3" ten="250,250,250,240" step="2"/><T14/><D122/><U103/><E103/><N who="2" m="60927" /><F110/><W125/><G125/><T42/><D86/><U48/><REACH who="1" step="1"/><E43/><REACH who="1" ten="250,240,250,240" step="2"/><V84/><F68/><W80/><G80/><T116/><D42/><U65/><E65/><V64/><F64/><W45/><G45/><T5/><D53/><U88/><E88/><V49/><F49/><W108/><G108/><T41/><D41/><U118/><E118/><V55/><F54/><W113/><G113/><T15/><REACH who="0" step="1"/><D116/><REACH who="0" ten="240,240,250,240" step="2"/><U117/><E117/><V44/><F55/><W20/><G20/><T76/><D76/><U72/><E72/><V127/><F127/><W114/><G114/><T98/><D98/><U6/><E6/><V119/><F119/><W73/><G73/><T93/><D93/><AGARI ba="0,3" hai="8,13,18,36,40,47,56,57,62,67,71,93,97,100" machi="93" ten="30,2000,0" yaku="1,1,7,1,53,0" doraHai="27" doraHaiUra="25" who="3" fromWho="0" sc="240,-20,240,0,250,0,240,50" /><INIT seed="1,0,0,3,1,42" ten="220,240,250,290" oya="1" hai0="36,79,37,68,2,100,61,24,94,29,112,80,78" hai1="67,59,34,105,58,82,125,115,3,55,47,76,1" hai2="88,106,87,38,132,30,20,31,19,135,46,109,73" hai3="85,14,54,26,124,127,128,108,110,103,62,65,107"/><U43/><E115/><V133/><F73/><W4/><G128/><T25/><D2/><U48/><E105/><V117/><F106/><W101/><G107/><T15/><D112/><U23/><E34/><V13/><F117/><W64/><G85/><T5/><D79/><U17/><E125/><N who="3" m="48202" /><G26/><T81/><D25/><U44/><E67/><N who="3" m="25674" /><G4/><T86/><D61/><U93/><E93/><N who="2" m="54431" /><F109/><N who="3" m="42091" /><G14/><T33/><D68/><U57/><E23/><V39/><F30/><W28/><G28/><T113/><D113/><U89/><E17/><V49/><F31/><W56/><AGARI ba="0,0" hai="54,56,62,101,103" m="42091,25674,48202" machi="56" ten="40,2700,0" yaku="18,1,14,1" doraHai="42" who="3" fromWho="3" sc="220,-7,240,-13,250,-7,290,27" /><INIT seed="2,0,0,1,0,2" ten="213,227,243,317" oya="2" hai0="121,9,58,52,64,87,76,6,89,100,113,41,93" hai1="22,27,74,7,82,133,134,42,94,29,129,103,108" hai2="47,95,90,112,45,39,3,66,78,59,86,120,40" hai3="54,81,34,115,67,131,28,37,10,132,135,44,36"/><V18/><F120/><W77/><G131/><T79/><D121/><U13/><E108/><V46/><F112/><W105/><G105/><T114/><D114/><U104/><E104/><V91/><F3/><W57/><G115/><T43/><D113/><U49/><E129/><V80/><F90/><W99/><G99/><T124/><D124/><U63/><E103/><V96/><F66/><W8/><G67/><T116/><D116/><U12/><E94/><V72/><F59/><W88/><G28/><T130/><D130/><U5/><E63/><V51/><F39/><W4/><G10/><T111/><D111/><U73/><E42/><N who="0" m="15881" /><D100/><U118/><E49/><V30/><F30/><W98/><G34/><T107/><D107/><U110/><E110/><V119/><F119/><W122/><G122/><T24/><D24/><U102/><E102/><V19/><F72/><N who="1" m="27753" /><E82/><V62/><F62/><N who="3" m="36151" /><G77/><T75/><D75/><U109/><E109/><V21/><F19/><W32/><G44/><T50/><D64/><U101/><E101/><V17/><F18/><W48/><G48/><T15/><AGARI ba="0,0" hai="6,9,15,50,52,58,76,79,87,89,93" m="15881" machi="15" ten="30,4000,0" yaku="8,1,52,1,54,1" doraHai="2" who="0" fromWho="0" sc="213,40,227,-10,243,-20,317,-10" /><INIT seed="3,0,0,3,4,0" ten="253,217,223,307" oya="3" hai0="109,121,105,115,129,8,68,131,48,35,30,44,113" hai1="29,19,134,126,14,125,67,27,112,31,119,24,47" hai2="5,55,49,90,102,100,51,84,1,63,21,114,9" hai3="16,132,25,26,15,52,83,12,122,106,45,133,117"/><W127/><G122/><T75/><D68/><U99/><E67/><V39/><F39/><W33/><G117/><T37/><D37/><U18/><E47/><V66/><F114/><N who="0" m="43530" /><D105/><U62/><E112/><V94/><F21/><N who="3" m="13479" /><G106/><T74/><D121/><U40/><E40/><V64/><F64/><W116/><G116/><T22/><D35/><N who="1" m="20903" /><E119/><V56/><REACH who="2" step="1"/><F51/><REACH who="2" ten="253,217,213,307" step="2"/><W86/><G127/><N who="1" m="48650" /><E134/><V42/><F42/><W77/><G133/><T34/><D109/><U82/><E62/><V4/><F4/><W107/><G132/><T96/><D131/><U85/><E99/><V17/><F17/><W11/><G33/><T80/><D129/><U87/><E82/><V69/><AGARI ba="0,1" hai="1,5,9,49,55,56,63,66,69,84,90,94,100,102" machi="69" ten="20,8000,1" yaku="1,1,0,1,7,1,52,1,53,1" doraHai="0" doraHaiUra="91" who="2" fromWho="2" sc="253,-20,217,-20,213,90,307,-40" owari="233,-17.0,197,-30.0,303,40.0,267,7.0" /></mjloggm>