<mjloggm ver="2.3"><GO type="169" lobby="0"/><UN n0="%73%68%75%6E%37%32%39" n1="%E3%82%AE%E3%82%AC%E3%83%9E%E3%82%A4%E3%83%B3" n2="%E6%AF%94%E5%98%89%E7%A7%80%E4%BB%81" n3="%E3%82%A6%E3%83%AB%E3%83%88%E3%83%A9%E7%AB%8B%E7%9B%B4" dan="16,16,17,17" rate="2101.52,2108.98,2153.29,2220.33" sx="M,M,M,M"/><TAIKYOKU oya="0"/><INIT seed="0,0,0,2,5,106" ten="250,250,250,250" oya="0" hai0="1,113,28,49,69,26,72,59,133,12,111,95,125" hai1="77,87,102,80,65,134,13,115,128,21,114,38,31" hai2="99,120,50,58,5,62,94,118,124,117,93,108,84" hai3="34,20,3,41,70,129,109,30,55,91,74,36,16"/><T100/><D113/><U14/><E38/><V11/><F124/><W23/><G70/><T90/><D1/><U7/><E134/><V9/><F120/><W40/><G34/><T43/><D69/><U56/><E128/><V0/><F108/><W81/><G109/><T45/><D111/><U64/><E102/><V51/><F11/><W126/><G126/><T66/><D125/><U127/><E127/><V103/><F84/><W27/><G3/><T46/><D133/><U104/><E104/><V88/><F94/><W44/><G129/><T116/><D116/><N who="2" m="44650" /><F103/><W86/><G41/><T52/><D100/><U22/><E7/><V53/><AGARI ba="0,0" hai="0,5,9,50,51,53,58,62,88,93,99" m="44650" machi="53" ten="30,2000,0" yaku="12,1,54,1" doraHai="106" who="2" fromWho="2" sc="250,-10,250,-5,250,20,250,-5" /><INIT seed="1,0,0,1,2,82" ten="240,245,270,245" oya="1" hai0="118,1,99,56,107,32,100,87,102,113,78,25,17" hai1="35,31,128,117,65,133,111,11,22,91,72,125,124" hai2="36,51,62,7,92,27,114,74,112,6,19,85,40" hai3="126,134,28,38,131,64,115,66,110,57,30,49,14"/><U12/><E117/><V61/><F74/><W33/><G38/><T26/><D118/><U55/><E35/><V119/><F36/><W121/><G121/><T77/><D1/><U45/><E72/><V88/><F119/><W5/><G115/><N who="2" m="44073" /><F40/><W71/><G126/><N who="1" m="48746" /><E133/><V13/><F51/><W68/><G110/><T129/><D113/><U42/><E65/><V80/><F27/><W127/><G127/><T130/><D100/><U103/><E103/><V24/><F24/><W63/><G131/><T120/><D120/><U20/><E31/><V21/><F92/><W60/><G33/><T104/><D104/><U79/><E79/><V90/><F90/><W70/><G134/><T73/><D32/><U97/><E55/><V48/><F48/><W9/><G71/><T41/><D73/><U94/><E128/><N who="0" m="49257" /><D41/><U105/><E105/><V76/><F76/><W84/><G30/><T135/><D135/><U95/><E95/><V54/><F54/><W96/><G28/><T98/><D98/><U101/><E101/><V81/><F81/><W23/><G96/><T89/><D26/><U67/><E111/><V123/><F123/><W0/><G68/><T52/><D25/><U46/><E67/><V59/><F59/><W75/><G75/><T132/><D132/><U83/><E83/><V109/><F109/><W39/><G57/><T8/><D8/><U16/><E42/><V93/><F80/><W106/><G106/><T108/><D108/><U43/><E43/><V37/><F37/><W50/><G39/><T44/><D56/><U47/><AGARI ba="0,0" hai="11,12,16,20,22,45,46,47,91,94,97" m="48746" machi="47" ten="30,3000,0" yaku="18,1,54,1" doraHai="82" who="1" fromWho="1" sc="240,-10,245,30,270,-10,245,-10" /><INIT seed="1,1,0,0,3,73" ten="230,275,260,235" oya="1" hai0="50,58,94,84,110,63,116,30,51,133,91,56,28" hai1="65,39,46,57,78,21,47,53,27,80,107,64,54" hai2="61,85,17,104,52,96,102,55,37,113,41,77,40" hai3="45,0,23,111,127,88,59,79,5,67,70,90,29"/><U135/><E107/><V18/><F113/><W128/><G70/><T82/><D116/><U1/><E1/><V125/><F125/><W62/><G127/><T3/><D3/><U126/><E135/><V22/><F37/><W14/><G111/><T117/><D117/><U97/><E97/><V36/><F36/><W19/><G128/><T8/><D133/><U12/><E12/><V129/><F129/><W118/><G118/><T13/><D110/><U95/><E95/><V32/><F32/><W74/><G29/><T109/><D109/><U26/><E126/><V34/><F34/><W105/><G105/><T72/><D72/><U42/><E47/><V35/><F35/><W134/><G134/><T16/><D56/><U43/><E43/><V49/><F61/><W71/><G71/><T131/><D131/><U124/><E124/><V93/><F55/><W115/><G115/><T86/><D30/><U69/><E69/><V99/><F99/><W6/><G45/><T112/><D28/><U98/><E98/><V103/><F103/><W100/><G100/><T38/><D38/><U75/><E53/><V48/><F48/><W66/><G66/><N who="0" m="39287" /><D112/><U83/><E83/><N who="2" m="47343" /><F104/><W10/><REACH who="3" step="1"/><G5/><REACH who="3" ten="230,275,260,225" step="2"/><T132/><D132/><U123/><E65/><V7/><F7/><W24/><G24/><T31/><D31/><U44/><E64/><V25/><F18/><W121/><G121/><T15/><D15/><U11/><E123/><V122/><F122/><W130/><G130/><T20/><D20/><U119/><E21/><V92/><F92/><W76/><G76/><AGARI ba="1,1" hai="8,13,16,50,51,76,82,84,86,91,94" m="39287" machi="76" ten="30,3900,0" yaku="8,1,52,1,54,1" doraHai="73" who="0" fromWho="3" sc="230,52,275,0,260,0,225,-42" /><INIT seed="2,0,0,2,5,89" ten="282,275,260,183" oya="2" hai0="84,127,129,125,49,93,132,18,110,95,106,97,22" hai1="117,114,41,9,40,88,36,67,11,58,57,77,72" hai2="71,12,50,45,81,1,122,64,104,116,79,0,37" hai3="5,15,102,91,43,115,26,69,3,28,105,96,17"/><V68/><F122/><W118/><G118/><T33/><D33/><U13/><E117/><V25/><F116/><W75/><G115/><T29/><D29/><U123/><E11/><V113/><F113/><W20/><G69/><T73/><D73/><U51/><E114/><V112/><F104/><W98/><G75/><T55/><D132/><U53/><E123/><V61/><F112/><W111/><G111/><T14/><D129/><U4/><E36/><V32/><F71/><W10/><G43/><T23/><D110/><U24/><E24/><V101/><F101/><W27/><REACH who="3" step="1"/><G28/><REACH who="3" ten="282,275,260,173" step="2"/><T131/><D131/><U19/><E72/><V82/><F68/><W34/><G34/><T135/><D135/><U126/><E41/><V99/><F32/><W87/><G87/><T16/><D127/><U47/><E40/><V30/><F30/><W76/><G76/><T65/><D84/><U60/><E77/><V130/><F130/><W70/><G70/><T35/><D35/><U48/><E126/><V44/><F79/><W134/><G134/><T8/><D125/><U86/><E86/><V46/><F99/><W128/><G128/><T59/><D97/><U109/><E109/><V56/><F37/><W54/><G54/><T78/><D78/><U21/><E53/><V74/><F74/><W7/><G7/><T90/><D55/><U62/><E4/><V108/><F108/><W120/><G120/><T80/><D65/><U100/><E67/><V63/><F64/><W52/><G52/><T2/><D59/><U119/><E58/><V39/><F56/><W124/><G124/><RYUUKYOKU ba="0,1" sc="282,-10,275,-10,260,-10,173,30" hai3="3,5,10,15,17,20,26,27,91,96,98,102,105" /><INIT seed="3,1,1,2,4,66" ten="272,265,250,203" oya="3" hai0="126,55,7,122,93,94,58,116,103,4,85,14,37" hai1="52,9,34,109,59,107,45,57,132,135,38,53,17" hai2="13,61,51,19,78,8,81,91,73,25,102,96,97" hai3="125,30,18,120,106,36,134,56,105,54,21,5,64"/><W110/><G120/><T29/><D122/><U76/><E34/><V60/><F51/><W121/><G121/><T70/><D70/><U128/><E107/><V15/><F25/><W3/><G125/><T1/><D37/><U83/><E109/><V84/><F15/><W75/><G110/><T24/><D116/><U101/><E101/><V40/><F40/><W32/><G75/><T90/><D1/><U27/><E128/><V113/><F113/><W63/><G134/><N who="1" m="51242" /><E38/><V69/><F69/><W68/><G36/><T48/><D126/><U22/><E9/><V129/><F129/><W12/><G54/><N who="1" m="21098" /><E45/><V89/><F97/><W112/><G56/><T43/><D43/><U100/><E100/><V2/><F2/><W114/><G112/><T41/><D41/><U67/><E67/><V49/><F49/><W131/><G131/><T117/><D14/><U42/><E42/><V130/><F130/><W28/><G114/><T35/><D117/><U111/><E111/><V88/><REACH who="2" step="1"/><F73/><AGARI ba="1,1" hai="17,22,27,57,59,73,76,83" m="21098,51242" machi="73" ten="30,2000,0" yaku="20,1,54,1" doraHai="66" who="1" fromWho="2" sc="272,0,265,33,250,-23,203,0" /><INIT seed="4,0,0,1,2,117" ten="272,298,227,203" oya="0" hai0="75,126,60,114,43,81,113,80,135,25,131,101,59" hai1="84,112,70,40,105,9,124,56,64,61,108,78,41" hai2="107,77,74,26,49,42,33,10,8,51,82,15,104" hai3="46,116,102,122,93,111,27,53,18,96,4,2,3"/><T88/><D101/><U28/><E105/><V7/><F10/><W132/><G116/><T118/><D118/><U24/><E108/><V67/><F67/><W32/><G111/><T38/><D131/><U52/><E124/><V55/><F42/><W97/><G132/><T99/><D135/><U5/><E84/><V83/><F83/><W133/><G133/><T62/><D126/><U127/><E78/><V76/><F76/><W44/><G97/><T90/><D62/><U110/><E112/><N who="0" m="43113" /><D75/><U14/><E127/><V71/><F71/><W72/><G72/><T57/><D57/><U1/><E1/><V22/><F33/><W30/><G18/><T37/><D25/><U36/><E36/><N who="0" m="13929" /><D43/><U109/><E41/><V68/><F68/><W125/><G125/><T121/><D121/><U6/><E40/><V95/><F95/><W128/><G128/><T0/><D0/><U94/><E94/><V21/><F51/><W19/><G2/><T13/><D13/><U73/><E73/><V98/><F98/><W35/><G53/><T79/><D79/><U20/><REACH who="1" step="1"/><E6/><REACH who="1" ten="272,288,227,203" step="2"/><V34/><F107/><W69/><G4/><T31/><D99/><U91/><E91/><N who="0" m="34857" /><D31/><U87/><E87/><V58/><F104/><W48/><G30/><T103/><D103/><U12/><E12/><V129/><F129/><W29/><G3/><T17/><D17/><U130/><E130/><V47/><F74/><W45/><G19/><T54/><AGARI ba="0,1" hai="54,59,60,80,81" m="34857,13929,43113" machi="54" ten="40,3900,0" yaku="15,1,54,1" doraHai="117" who="0" fromWho="0" sc="272,49,288,-13,227,-13,203,-13" /><INIT seed="4,1,0,3,5,26" ten="321,275,214,190" oya="0" hai0="85,79,104,73,28,128,0,67,47,87,84,58,108" hai1="31,43,130,97,127,7,102,134,101,98,35,76,24" hai2="1,120,66,16,18,82,49,100,9,33,117,34,70" hai3="15,72,81,68,126,122,113,105,46,29,118,71,50"/><T44/><D0/><U56/><E127/><V19/><F120/><W25/><G118/><T36/><D104/><U92/><E130/><V41/><F117/><W93/><G105/><T4/><D128/><U23/><E134/><V121/><F121/><W8/><G126/><T86/><D4/><U135/><E135/><V132/><F132/><W61/><G122/><T2/><D2/><U38/><E76/><V119/><F119/><W37/><G37/><T123/><D123/><U39/><E43/><V106/><F82/><W107/><G107/><T32/><D108/><U14/><E56/><V40/><F49/><W69/><G93/><T52/><D67/><U5/><E5/><V10/><F1/><W63/><G113/><T54/><D36/><U55/><E55/><V115/><F115/><W20/><G81/><T90/><D73/><U91/><E91/><V6/><F6/><W111/><G72/><T60/><D79/><U94/><REACH who="1" step="1"/><E23/><REACH who="1" ten="321,265,214,190" step="2"/><V57/><F57/><W109/><G109/><T53/><D53/><U51/><E51/><V131/><F131/><W125/><G125/><T96/><D54/><U95/><E95/><V99/><F41/><W30/><G111/><T11/><D44/><U59/><E59/><V64/><F40/><W112/><G50/><T45/><D45/><U114/><E114/><V83/><F70/><W62/><G46/><T48/><D47/><U133/><E133/><V13/><F83/><W88/><G112/><T110/><D48/><U21/><E21/><V129/><F129/><W116/><G116/><T27/><N who="0" m="21504" /><DORA hai="22" /><T3/><D90/><RYUUKYOKU ba="1,1" sc="321,-10,265,30,214,-10,190,-10" hai1="7,14,24,31,35,38,39,92,94,97,98,101,102" /><INIT seed="5,2,1,0,2,83" ten="311,295,204,180" oya="1" hai0="59,4,53,34,44,58,31,11,21,66,123,7,36" hai1="99,56,25,122,106,115,14,10,98,33,52,97,89" hai2="130,57,5,103,43,26,129,64,102,9,32,24,78" hai3="35,62,86,54,55,72,111,112,30,37,110,90,121"/><U49/><E122/><V128/><F78/><W126/><G121/><T104/><D104/><U101/><E115/><V84/><F43/><W38/><G72/><T93/><D34/><U127/><E127/><V47/><F47/><W22/><G35/><T120/><D66/><U65/><E65/><V134/><F134/><W2/><G2/><T71/><D71/><U79/><E79/><V135/><F135/><W63/><G126/><T131/><D131/><U96/><E89/><V1/><F84/><W107/><G107/><T114/><D114/><U74/><E74/><V92/><F92/><W61/><G112/><T70/><D70/><U39/><E39/><N who="3" m="14858" /><G22/><T87/><D120/><U42/><E42/><V85/><F85/><W105/><G30/><T12/><D4/><U124/><E124/><V116/><F116/><W113/><G105/><T8/><D8/><U19/><REACH who="1" step="1"/><E99/><REACH who="1" ten="311,285,204,180" step="2"/><V94/><F130/><W50/><G113/><T23/><D36/><U91/><E91/><V45/><F129/><W60/><G90/><N who="0" m="53471" /><D123/><U88/><E88/><V17/><F128/><W46/><G86/><T51/><D31/><AGARI ba="2,2" hai="10,14,19,25,31,33,49,52,56,96,97,98,101,106" machi="31" ten="40,3900,0" yaku="1,1,54,1,53,0" doraHai="83" doraHaiUra="40" who="1" fromWho="0" sc="311,-45,285,65,204,0,180,0" /><INIT seed="5,3,0,0,5,12" ten="266,350,204,180" oya="1" hai0="91,124,103,25,119,20,72,56,19,65,90,74,116" hai1="118,37,121,58,47,89,105,84,9,130,16,102,123" hai2="82,42,35,110,100,11,7,45,131,31,26,15,92" hai3="24,17,27,109,115,57,114,117,133,41,8,55,2"/><U40/><E118/><V30/><F110/><W4/><G109/><T107/><D124/><U86/><E130/><V125/><F125/><W81/><G117/><T32/><D119/><U60/><E102/><V85/><F131/><W73/><G133/><T129/><D116/><U62/><E105/><V33/><F100/><W126/><G126/><T98/><D129/><U134/><E86/><V53/><F92/><W5/><G5/><T97/><D32/><U64/><E62/><V79/><F53/><W39/><G41/><T77/><D77/><U28/><E28/><V108/><F108/><W44/><G44/><T80/><D91/><U21/><E9/><V83/><F83/><W52/><G39/><T76/><D90/><U51/><E37/><V111/><F111/><W99/><G99/><T1/><D1/><U14/><REACH who="1" step="1"/><E134/><REACH who="1" ten="266,340,204,180" step="2"/><V96/><F96/><W0/><G8/><T66/><D97/><U38/><E38/><V46/><F31/><W70/><G73/><T13/><D72/><U50/><E50/><N who="2" m="26935" /><F46/><W18/><G0/><T36/><D36/><U120/><E120/><V132/><F132/><W29/><G2/><T78/><D78/><U23/><E23/><AGARI ba="3,1" hai="7,11,15,23,26,30,33,35,79,82,85" m="26935" machi="23" ten="30,1000,0" yaku="25,1" doraHai="12" who="2" fromWho="1" sc="266,0,340,-19,204,29,180,0" /><INIT seed="6,0,0,2,0,56" ten="266,321,233,180" oya="2" hai0="79,41,88,15,131,31,110,3,2,27,106,22,63" hai1="12,98,6,37,52,128,127,17,34,77,134,51,20" hai2="95,26,125,90,80,36,65,0,123,100,23,113,60" hai3="53,29,66,111,118,16,116,11,99,8,109,82,40"/><V50/><F123/><W85/><G29/><T126/><D106/><U74/><E37/><V86/><F36/><W32/><G32/><T25/><D131/><U61/><E34/><V105/><F0/><W44/><G99/><T114/><D110/><U1/><E128/><V42/><F113/><W70/><G40/><T4/><D114/><U112/><E112/><V108/><F108/><W87/><G66/><T64/><D79/><U91/><E127/><V19/><F125/><W47/><G82/><T7/><D41/><U58/><E134/><V130/><F130/><W96/><G96/><T107/><D107/><U71/><E74/><V57/><F105/><W121/><G53/><T49/><D49/><U73/><E73/><V55/><F42/><W72/><G72/><T62/><D126/><U133/><E77/><V68/><REACH who="2" step="1"/><F100/><REACH who="2" ten="266,321,223,180" step="2"/><W81/><G121/><T120/><D2/><U83/><E1/><V78/><F78/><W129/><G129/><T5/><D3/><U122/><E122/><V76/><F76/><W75/><G75/><T101/><D101/><U28/><E133/><V46/><F46/><W14/><G47/><T9/><D120/><U94/><E91/><V102/><F102/><W24/><G44/><T35/><D88/><U93/><E94/><AGARI ba="0,1" hai="19,23,26,50,55,57,60,65,68,80,86,90,94,95" machi="94" ten="40,7700,0" yaku="1,1,52,1,53,1" doraHai="56" doraHaiUra="59" who="2" fromWho="1" sc="266,0,321,-77,223,87,180,0" /><INIT seed="6,1,0,2,5,98" ten="266,244,310,180" oya="2" hai0="30,82,63,53,116,9,46,85,44,65,2,74,69" hai1="71,39,3,120,12,110,35,28,67,1,132,15,61" hai2="16,115,121,56,66,104,99,58,48,130,88,131,109" hai3="45,68,101,127,47,20,84,6,32,25,41,42,37"/><V59/><F121/><W108/><G108/><T29/><D74/><U129/><E39/><V72/><F72/><W80/><G127/><T0/><D116/><U49/><E110/><V7/><F109/><W27/><G68/><T21/><D53/><U40/><E132/><V103/><F115/><W36/><G6/><T113/><D113/><U13/><E129/><N who="2" m="49163" /><F7/><W76/><G32/><T105/><D105/><U23/><E35/><V38/><F38/><W112/><G112/><T54/><D21/><U14/><E120/><V55/><F66/><W57/><G57/><T60/><D60/><U87/><E87/><V75/><F75/><W81/><G81/><T95/><D0/><U22/><N who="1" m="3072" /><DORA hai="106" /><U117/><E117/><V64/><F64/><W123/><G123/><T126/><D126/><U24/><REACH who="1" step="1"/><E23/><REACH who="1" ten="266,234,310,180" step="2"/><V4/><F4/><W122/><G122/><T118/><D118/><U119/><E119/><V62/><F62/><W92/><G20/><T52/><D2/><U70/><E70/><V124/><F124/><W111/><G111/><T133/><D133/><U51/><E51/><V102/><F48/><W134/><G134/><T90/><D9/><U89/><E89/><V8/><F88/><W125/><G125/><T93/><D69/><U31/><E31/><V18/><F18/><W128/><G128/><T107/><D29/><U91/><E91/><V135/><F16/><W96/><AGARI ba="1,1" hai="25,27,36,37,41,42,45,47,76,80,84,92,96,101" machi="96" ten="30,4000,0" yaku="0,1,9,1,52,1" doraHai="98,106" who="3" fromWho="3" sc="266,-11,234,-11,310,-21,180,53" /><INIT seed="7,0,0,3,5,64" ten="255,223,289,233" oya="3" hai0="38,62,89,94,59,17,115,119,133,125,32,10,91" hai1="22,73,135,15,88,67,27,56,101,110,69,116,70" hai2="41,60,118,3,20,71,39,46,130,12,122,61,106" hai3="57,34,45,104,84,126,35,82,63,92,83,134,107"/><W86/><G126/><T43/><D32/><U25/><E110/><V113/><F122/><W79/><G134/><T0/><D119/><U77/><E135/><V48/><F118/><W31/><G92/><T127/><D133/><U66/><E101/><V103/><F113/><W108/><G108/><T47/><D115/><U5/><E116/><V117/><F117/><W112/><G112/><T50/><D38/><U74/><E56/><V51/><F3/><W75/><G75/><T132/><D132/><U80/><E74/><V42/><F130/><W4/><G4/><T6/><D17/><U65/><E27/><V19/><F42/><W23/><G45/><T29/><D29/><U109/><E109/><V128/><F128/><W8/><G8/><T2/><D2/><U72/><E72/><V33/><F33/><W18/><G31/><T123/><D123/><U99/><E15/><V129/><F129/><W52/><G107/><T96/><REACH who="0" step="1"/><D91/><REACH who="0" ten="245,223,289,233" step="2"/><U44/><E5/><V24/><F39/><W1/><G1/><T97/><D97/><U114/><E114/><V111/><F111/><W21/><G35/><T55/><AGARI ba="0,1" hai="0,6,10,43,47,50,55,59,62,89,94,96,125,127" machi="55" ten="30,2000,0" yaku="1,1,0,1,53,0" doraHai="64" doraHaiUra="30" who="0" fromWho="0" sc="245,30,223,-5,289,-5,233,-10" /><INIT seed="8,0,0,1,0,69" ten="275,218,284,223" oya="0" hai0="108,1,126,60,23,134,55,102,88,6,125,81,62" hai1="39,97,38,104,33,24,2,59,27,95,98,83,91" hai2="131,13,99,122,17,130,44,22,66,109,78,4,100" hai3="45,115,118,53,72,114,32,43,79,86,82,110,68"/><T26/><D108/><U3/><E83/><V12/><F109/><W50/><G110/><T52/><D102/><U74/><E74/><V65/><F122/><W106/><G118/><T107/><D107/><U120/><E120/><V56/><F78/><W48/><G32/><T21/><D134/><U47/><E59/><V124/><F124/><N who="0" m="47722" /><D23/><U90/><E47/><V128/><F44/><W71/><G106/><T133/><D133/><U54/><E54/><N who="0" m="20521" /><D6/><U61/><E61/><V94/><F56/><W5/><G5/><T15/><D15/><U121/><E121/><V123/><REACH who="2" step="1"/><F123/><REACH who="2" ten="275,218,274,223" step="2"/><W85/><G71/><T76/><D76/><U112/><E112/><V89/><F89/><W70/><G68/><T58/><D58/><U19/><E91/><V87/><F87/><W73/><G70/><T35/><D1/><U103/><E3/><V75/><F75/><W64/><G73/><T46/><D46/><U8/><E2/><V14/><F14/><W29/><G85/><N who="0" m="50223" /><D35/><U80/><E27/><V105/><F105/><W10/><G45/><T135/><D135/><U127/><E127/><V40/><F40/><W92/><G43/><T31/><AGARI ba="0,1" hai="21,26,31,60,62" m="50223,20521,47722" machi="31" ten="30,6000,0" yaku="18,1,54,2" doraHai="69" who="0" fromWho="0" sc="275,70,218,-20,274,-20,223,-20" owari="345,45.0,198,-30.0,254,5.0,203,-20.0" /></mjloggm>