<mjloggm ver="2.3"><GO type="225" lobby="0"/><UN n0="%41%6B%61%2D%75%72%61" n1="%E5%B0%B1%E6%B4%BB%E7%94%9F%40%E5%B7%9D%E6%9D%91%E8%BB%8D%E5%9B%A3" n2="%E6%A1%9C%E7%AB%9C%E2%80%A0%E3%82%BF%E3%83%9E" n3="%E9%AC%BC%E5%8F%A3%E3%81%BE%E3%81%93%E3%81%A8" dan="17,17,16,16" rate="2143.92,2089.46,2142.66,2224.73" sx="F,M,F,M"/><TAIKYOKU oya="0"/><INIT seed="0,0,0,4,3,105" ten="250,250,250,250" oya="0" hai0="6,43,56,47,58,84,80,24,129,102,40,73,123" hai1="114,120,60,113,45,28,91,12,38,13,7,37,96" hai2="81,54,103,83,48,42,116,66,5,101,67,18,27" hai3="61,115,41,35,72,0,33,44,9,107,64,4,112"/><T98/><D123/><U63/><E120/><V52/><F116/><W50/><G107/><T16/><D129/><U29/><E91/><V36/><F5/><W122/><G122/><T127/><D127/><U55/><E55/><V30/><F18/><W124/><G124/><T100/><D6/><U117/><E96/><V1/><F1/><W2/><G2/><T90/><D73/><U11/><E117/><V106/><F36/><N who="1" m="13929" /><E45/><V92/><F106/><W95/><G95/><N who="0" m="58463" /><D102/><U51/><E51/><V31/><F92/><W89/><G89/><T99/><D99/><U130/><E130/><V97/><F97/><W23/><G23/><N who="0" m="13415" /><D47/><U111/><E111/><V17/><F17/><W21/><G21/><T71/><D71/><U15/><E11/><V82/><F82/><W68/><REACH who="3" step="1"/><G72/><REACH who="3" ten="250,250,250,240" step="2"/><T86/><D86/><U87/><E87/><V74/><F74/><W19/><G19/><T25/><D25/><U133/><E7/><V70/><F27/><W131/><G131/><T125/><D125/><U14/><N who="1" m="3584" /><DORA hai="126" /><U94/><E94/><V26/><F26/><W10/><G10/><T77/><D77/><U93/><E93/><V53/><F101/><W78/><G78/><T76/><D76/><U75/><E75/><V46/><F103/><W59/><G59/><AGARI ba="0,1" hai="40,43,56,58,59,80,84,90" m="13415,58463" machi="59" ten="30,2900,0" yaku="8,1,54,1" doraHai="105,126" who="0" fromWho="3" sc="250,39,250,0,250,0,240,-29" /><INIT seed="0,1,0,3,2,114" ten="289,250,250,211" oya="0" hai0="83,52,120,54,103,22,96,51,66,0,72,30,99" hai1="86,75,119,81,87,7,76,36,12,108,25,78,65" hai2="123,85,132,20,134,61,106,63,126,131,90,56,79" hai3="67,133,3,21,27,69,11,59,49,125,121,28,46"/><T128/><D120/><U94/><E36/><V107/><F123/><W64/><G69/><T50/><D0/><U92/><E108/><V43/><F43/><W10/><G121/><T89/><D128/><U13/><E65/><V35/><F35/><W127/><G133/><N who="2" m="51305" /><F131/><W44/><G44/><T32/><D32/><U29/><E119/><V91/><F20/><W115/><G115/><T48/><D66/><N who="3" m="25129" /><G59/><T111/><D111/><U58/><E58/><V95/><F126/><N who="3" m="48139" /><G3/><T105/><D99/><U23/><E75/><V97/><F56/><W113/><G113/><T40/><D40/><AGARI ba="1,0" hai="10,11,21,27,28,40,46,49" m="48139,25129" machi="40" ten="30,1000,0" yaku="18,1" doraHai="114" who="3" fromWho="0" sc="289,-13,250,0,250,0,211,13" /><INIT seed="1,0,0,3,0,80" ten="276,250,250,224" oya="1" hai0="108,83,82,59,5,113,46,72,132,128,120,52,14" hai1="73,49,21,102,27,33,127,117,8,100,47,115,116" hai2="65,121,66,135,0,64,126,92,13,32,38,96,17" hai3="40,16,11,98,93,70,131,111,3,71,19,123,58"/><U110/><E73/><V37/><F121/><W76/><G123/><T31/><D120/><U15/><E33/><V133/><F0/><W104/><G104/><T114/><D132/><N who="2" m="50762" /><F32/><W45/><G58/><T112/><D31/><U122/><E115/><V86/><F86/><W94/><G94/><T91/><D108/><U69/><E69/><V99/><F126/><W103/><G111/><T129/><D46/><U119/><E122/><V124/><F124/><W30/><G30/><T26/><D26/><U48/><E127/><V12/><F92/><W77/><G70/><T74/><D14/><N who="2" m="5738" /><F17/><W39/><G71/><T79/><D5/><U118/><E110/><V43/><F43/><W7/><REACH who="3" step="1"/><G131/><REACH who="3" ten="276,250,250,214" step="2"/><T54/><D59/><U89/><E116/><V109/><F109/><W53/><G53/><T22/><D52/><U67/><E117/><V2/><F2/><W4/><G4/><T105/><D54/><U97/><E118/><V1/><F1/><W68/><G68/><T28/><D105/><U81/><E119/><V75/><F75/><W107/><G107/><T61/><D72/><U25/><E67/><V101/><F101/><W62/><G62/><T51/><D61/><U90/><E100/><V88/><F88/><N who="1" m="33897" /><E102/><V34/><F34/><W24/><G24/><N who="0" m="16407" /><D129/><U60/><E60/><V87/><F87/><W20/><G20/><T95/><D128/><U130/><E130/><V44/><F44/><W56/><G56/><T50/><D95/><U106/><E106/><V57/><F57/><W85/><G85/><N who="0" m="50623" /><D74/><U10/><E27/><V63/><F63/><W18/><AGARI ba="0,1" hai="3,7,11,16,18,19,39,40,45,76,77,93,98,103" machi="18" ten="30,8000,1" yaku="1,1,5,1,0,1,54,1,53,1" doraHai="80" doraHaiUra="42" who="3" fromWho="3" sc="276,-20,250,-40,250,-20,214,90" /><INIT seed="2,0,0,3,5,18" ten="256,210,230,304" oya="2" hai0="41,58,13,23,73,124,123,4,70,71,31,7,9" hai1="43,21,0,6,115,57,94,76,11,117,109,113,44" hai2="17,50,1,127,36,95,90,20,51,77,46,132,133" hai3="5,119,24,69,92,22,101,48,8,29,122,83,62"/><V72/><F1/><W84/><G122/><T131/><D73/><U35/><E117/><V33/><F33/><W34/><G119/><T45/><D123/><U28/><E109/><V121/><F121/><W53/><G69/><T27/><D124/><U125/><E125/><V38/><F127/><W107/><G62/><T74/><D74/><U15/><E76/><V86/><F77/><W56/><G107/><T118/><D118/><U19/><E57/><V16/><F72/><W68/><G68/><T129/><D4/><U25/><REACH who="1" step="1"/><E94/><REACH who="1" ten="256,200,230,304" step="2"/><V130/><F130/><N who="0" m="49674" /><D58/><U110/><E110/><V32/><F32/><W37/><G34/><T102/><D102/><U14/><E14/><N who="2" m="9239" /><F17/><W116/><G116/><T88/><D88/><U30/><E30/><V134/><F50/><AGARI ba="0,1" hai="7,9,13,23,27,31,41,45,50,70,71" m="49674" machi="50" ten="30,2000,0" yaku="19,1,52,1" doraHai="18" who="0" fromWho="2" sc="256,30,200,0,230,-20,304,0" /><AGARI ba="0,0" hai="0,6,11,15,19,21,25,28,35,43,44,50,113,115" machi="50" ten="30,8000,1" yaku="1,1,7,1,24,2,52,1,53,0" doraHai="18" doraHaiUra="103" who="1" fromWho="2" sc="286,0,200,80,210,-80,304,0" /><INIT seed="3,0,0,3,4,37" ten="286,280,130,304" oya="3" hai0="25,100,21,32,64,1,97,46,78,9,95,80,19" hai1="129,65,127,85,121,28,76,105,35,116,133,34,43" hai2="130,47,42,126,68,49,57,50,45,26,94,135,18" hai3="6,125,75,11,123,54,112,39,5,107,51,99,17"/><W3/><G75/><T23/><D64/><U70/><E105/><V74/><F74/><W69/><G69/><T93/><D32/><U33/><E121/><V119/><F119/><W8/><G39/><T87/><D23/><U13/><E116/><V83/><F83/><W61/><G61/><T63/><D63/><U59/><E70/><V114/><F114/><W36/><G36/><T118/><D118/><U92/><E127/><V134/><F94/><W56/><G17/><T110/><D110/><U62/><E129/><V86/><F86/><W117/><G125/><T7/><D46/><U58/><E133/><N who="2" m="50699" /><F126/><W38/><G38/><T124/><D124/><U41/><E28/><V10/><F10/><W14/><G123/><T108/><D108/><U72/><E59/><V82/><F82/><W115/><G117/><T73/><D73/><U106/><E106/><V40/><F18/><W22/><G22/><T29/><D19/><U60/><E60/><V96/><F26/><W88/><G107/><AGARI ba="0,0" hai="1,7,9,21,25,29,78,80,87,93,95,97,100,107" machi="107" ten="30,1000,0" yaku="7,1" doraHai="37" who="0" fromWho="3" sc="286,10,280,0,130,0,304,-10" /><INIT seed="4,0,0,3,0,123" ten="296,280,130,294" oya="0" hai0="80,110,14,102,98,52,41,49,132,84,16,69,23" hai1="93,73,35,8,54,36,67,106,133,29,39,15,55" hai2="113,62,126,34,83,130,95,99,103,108,90,0,20" hai3="33,26,21,94,24,124,72,74,82,9,131,31,100"/><T122/><D122/><U88/><E106/><V25/><F0/><W18/><G131/><T4/><D69/><U6/><E73/><V76/><F130/><W118/><G118/><T17/><D132/><U38/><E133/><V61/><F126/><W75/><G124/><T28/><D110/><U10/><E67/><V19/><F34/><W96/><REACH who="3" step="1"/><G9/><REACH who="3" ten="296,280,130,284" step="2"/><N who="0" m="4391" /><D41/><U13/><E35/><V1/><F1/><W129/><G129/><T70/><D70/><U46/><E29/><V128/><F128/><W44/><G44/><N who="0" m="27687" /><D28/><U2/><E46/><V78/><F113/><W12/><G12/><T22/><D22/><U86/><REACH who="1" step="1"/><E13/><REACH who="1" ten="296,270,130,284" step="2"/><V107/><F108/><W127/><G127/><T50/><D23/><U58/><E58/><V60/><REACH who="2" step="1"/><F83/><AGARI ba="0,2" hai="18,21,24,26,31,33,72,74,75,82,83,94,96,100" machi="83" ten="40,1300,0" yaku="1,1,53,0" doraHai="123" doraHaiUra="116" who="3" fromWho="2" sc="296,0,270,0,130,-13,284,33" owari="296,10.0,270,-13.0,117,-38.0,317,41.0" /></mjloggm>