<mjloggm ver="2.3"><GO type="169" lobby="0"/><UN n0="%E3%82%AD%E3%83%A5%E3%82%A2%E3%82%A8%E3%83%BC%E3%82%B9" n1="%E6%A3%AE%E5%AE%AE%E8%92%BC%E4%B9%83" n2="%E4%BA%BA%E9%B3%A5%E4%BE%8D%E6%A5%B5" n3="%E3%82%A6%E3%83%AB%E3%83%88%E3%83%A9%E7%AB%8B%E7%9B%B4" dan="17,16,17,17" rate="2212.34,2087.87,2144.81,2181.57" sx="F,M,M,M"/><TAIKYOKU oya="0"/><INIT seed="0,0,0,3,1,131" ten="250,250,250,250" oya="0" hai0="115,51,6,91,102,95,7,90,111,46,104,70,110" hai1="33,86,15,68,38,93,19,135,117,22,18,43,64" hai2="44,76,125,74,56,57,130,134,97,62,49,123,71" hai3="48,98,79,66,45,60,12,122,59,42,94,85,32"/><T10/><D115/><U54/><E33/><V52/><F123/><W5/><G32/><T88/><D70/><U118/><E135/><V40/><F76/><W50/><G122/><T96/><D104/><U14/><E43/><V80/><F80/><W29/><G29/><T24/><D24/><U89/><E38/><V63/><F74/><W77/><G85/><T47/><D47/><U116/><E54/><N who="2" m="34103" /><F97/><W84/><G84/><T72/><D72/><U35/><E35/><V109/><F130/><W82/><G82/><T107/><D107/><U27/><REACH who="1" step="1"/><E18/><REACH who="1" ten="250,240,250,250" step="2"/><V13/><F134/><W37/><G37/><T132/><D132/><U53/><E53/><V103/><F40/><W0/><G50/><T25/><D7/><U39/><E39/><V83/><F49/><W119/><G119/><T99/><D96/><U1/><E1/><V120/><F120/><W106/><G0/><T92/><D99/><U100/><E100/><V75/><F103/><N who="3" m="60887" /><G106/><T34/><D102/><U16/><E16/><V114/><F114/><W67/><G67/><T2/><D34/><U127/><E127/><V3/><F125/><W20/><G5/><T4/><D6/><U31/><E31/><V101/><F101/><W21/><G66/><T17/><D17/><U28/><E28/><V108/><F3/><W30/><G30/><T81/><D2/><U121/><E121/><V73/><F52/><N who="3" m="33895" /><G12/><T41/><D4/><U105/><E105/><V23/><F13/><W129/><G129/><T126/><D126/><U87/><E87/><V55/><F55/><W133/><G133/><T58/><D51/><RYUUKYOKU ba="0,1" sc="250,-15,240,15,250,-15,250,15" hai1="14,15,19,22,27,64,68,86,89,93,116,117,118" hai3="20,21,42,45,48,77,79" /><INIT seed="1,1,1,5,5,120" ten="235,255,235,265" oya="1" hai0="134,84,63,16,51,28,107,26,118,113,112,88,60" hai1="108,6,40,55,130,66,23,82,31,104,101,70,7" hai2="87,58,73,25,1,10,135,92,12,123,19,30,2" hai3="83,71,117,96,81,62,34,90,38,77,72,11,8"/><U91/><E40/><V133/><F123/><W44/><G117/><T127/><D118/><U86/><E130/><V33/><F73/><W116/><G34/><T75/><D75/><U85/><E55/><V111/><F58/><W39/><G116/><T122/><D122/><U79/><E66/><V27/><F87/><W110/><G62/><T18/><D107/><U57/><E70/><V128/><F92/><W68/><G96/><T94/><D127/><U42/><E42/><V119/><F119/><W93/><G93/><T20/><D134/><N who="2" m="51210" /><F128/><W4/><G90/><T32/><D18/><U76/><E57/><V59/><F59/><W9/><G72/><T48/><D113/><U45/><E45/><V49/><F49/><W126/><G44/><T131/><D131/><U129/><E129/><V115/><F115/><W132/><G132/><T100/><D100/><U97/><E86/><V56/><F56/><W29/><G39/><T109/><D112/><U89/><E89/><V99/><F99/><W50/><G38/><T21/><D32/><U69/><E69/><V47/><F47/><W114/><G50/><N who="0" m="18987" /><D109/><U103/><E108/><V125/><F111/><W54/><G110/><T13/><AGARI ba="1,1" hai="13,16,20,21,26,28,60,63,84,88,94" m="18987" machi="13" ten="30,4000,0" yaku="8,1,54,2" doraHai="120" who="0" fromWho="0" sc="235,53,255,-21,235,-11,265,-11" /><INIT seed="2,0,0,2,2,57" ten="288,234,224,254" oya="2" hai0="26,19,74,42,34,102,115,17,100,45,24,123,23" hai1="80,134,86,73,25,88,117,15,124,104,97,114,6" hai2="54,131,130,13,60,33,118,113,78,2,98,30,125" hai3="58,128,112,77,111,91,84,94,70,53,29,65,99"/><V121/><F118/><W106/><G111/><T93/><D74/><U59/><E117/><V48/><F2/><W72/><G128/><N who="2" m="49193" /><F121/><W32/><G112/><T37/><D123/><U21/><E114/><V14/><F113/><W49/><G29/><T133/><D133/><U55/><E134/><V66/><F125/><W11/><G11/><T3/><D3/><U122/><E124/><V81/><F98/><W92/><G32/><T31/><D115/><U61/><E73/><N who="2" m="43215" /><F30/><W64/><G70/><T103/><REACH who="0" step="1"/><D19/><REACH who="0" ten="278,234,224,254" step="2"/><U1/><E1/><V38/><F33/><W52/><G72/><T107/><D107/><U95/><E104/><V89/><F89/><N who="3" m="55759" /><G106/><T120/><D120/><U109/><E122/><V127/><F127/><W5/><G77/><T47/><D47/><U39/><E109/><V132/><F132/><W50/><G5/><T129/><D129/><U105/><E6/><V16/><F16/><W87/><G87/><T85/><D85/><U22/><E105/><V27/><F27/><W126/><G126/><T69/><D69/><U119/><E119/><V90/><F90/><W10/><G10/><T51/><D51/><U76/><E25/><V40/><F38/><W82/><G82/><T75/><D75/><U62/><E39/><V116/><F116/><W36/><G36/><T83/><D83/><U35/><E15/><V7/><F7/><W71/><G71/><T43/><D43/><U18/><E18/><V96/><F40/><W9/><G9/><T4/><D4/><U44/><E44/><AGARI ba="0,1" hai="44,49,50,52,53,58,64,65,84,91,92" m="55759" machi="44" ten="30,2000,0" yaku="8,1,54,1" doraHai="57" who="3" fromWho="1" sc="278,0,234,-20,224,0,254,30" /><INIT seed="3,0,0,0,1,105" ten="278,214,224,284" oya="3" hai0="135,53,65,9,20,103,60,91,115,49,89,69,66" hai1="58,26,24,133,33,43,93,57,35,71,32,39,80" hai2="7,104,23,130,25,123,111,99,132,16,52,18,74" hai3="45,86,50,47,10,63,14,127,88,84,8,30,94"/><W38/><G127/><T40/><D66/><U116/><E71/><V0/><F111/><W92/><G38/><T129/><D103/><U19/><E116/><V22/><F130/><W29/><G63/><T4/><D135/><U55/><E133/><V81/><F132/><W5/><G10/><T68/><D68/><U114/><E114/><V125/><F7/><W97/><G47/><T110/><D110/><U62/><E80/><V82/><F0/><W78/><G78/><T112/><D40/><U83/><E93/><V59/><F125/><W117/><G117/><T76/><D20/><U41/><E83/><V126/><F126/><W61/><G61/><T113/><D76/><U75/><E75/><V77/><F82/><W2/><G2/><N who="0" m="151" /><D129/><U28/><E39/><V17/><F123/><W109/><G109/><T100/><D100/><U95/><E95/><V119/><F119/><W3/><G3/><T134/><D134/><U118/><E118/><V120/><F120/><W12/><G12/><T72/><D72/><U42/><E58/><AGARI ba="0,0" hai="49,53,58,60,65,69,89,91,112,113,115" m="151" machi="58" ten="30,1000,0" yaku="11,1" doraHai="105" who="0" fromWho="1" sc="278,10,214,-10,224,0,284,0" /><INIT seed="4,0,0,1,5,135" ten="288,204,224,284" oya="0" hai0="56,13,23,81,28,88,24,99,121,37,50,122,134" hai1="14,109,47,94,107,67,105,110,128,70,31,32,36" hai2="2,120,4,106,1,49,103,130,76,59,126,27,61" hai3="98,46,11,20,39,86,58,119,79,54,101,64,117"/><T19/><D37/><U34/><E94/><V22/><F120/><W62/><G11/><T26/><D134/><U6/><E6/><V21/><F76/><W5/><G5/><T71/><D71/><U83/><E83/><V16/><F49/><W95/><G79/><T12/><D121/><U38/><E14/><V53/><F130/><W17/><G86/><T9/><D122/><U97/><E128/><V132/><F132/><W118/><G39/><N who="1" m="14890" /><E47/><V125/><F21/><W111/><G111/><N who="1" m="42506" /><E97/><N who="2" m="61807" /><F4/><W45/><REACH who="3" step="1"/><G64/><REACH who="3" ten="288,204,224,274" step="2"/><T35/><D9/><U78/><E78/><V131/><F131/><W63/><G63/><T42/><D99/><U18/><E67/><V112/><F112/><W91/><G91/><T44/><D88/><U89/><E89/><V41/><F41/><W60/><G60/><T30/><D42/><U7/><E7/><V100/><F100/><W15/><AGARI ba="0,1" hai="15,17,20,45,46,54,58,62,95,98,101,117,118,119" machi="15" ten="30,2000,0" yaku="1,1,0,1,53,0" doraHai="135" doraHaiUra="87" who="3" fromWho="3" sc="288,-10,204,-5,224,-5,274,30" /><INIT seed="5,0,0,3,4,134" ten="278,199,219,304" oya="1" hai0="129,4,64,117,14,133,94,10,16,120,81,26,98" hai1="58,42,43,67,79,125,90,100,50,104,122,0,135" hai2="121,77,72,85,114,34,108,116,102,66,17,57,27" hai3="56,37,99,22,128,44,8,68,88,119,69,91,131"/><U60/><E122/><V11/><F72/><W80/><G119/><T7/><D117/><U9/><E135/><V24/><F116/><W29/><G8/><T32/><D133/><U127/><E79/><V123/><F108/><W59/><G44/><T71/><D71/><U15/><E0/><V96/><F34/><W124/><G37/><T54/><D64/><U74/><E74/><V1/><F114/><W109/><G22/><T76/><D129/><U46/><E90/><V83/><F123/><W70/><G29/><T118/><D118/><U55/><E100/><V18/><F121/><W40/><G40/><T28/><D54/><U53/><E104/><V35/><F35/><W47/><G47/><T130/><D130/><N who="3" m="49705" /><G124/><N who="1" m="47690" /><E42/><V112/><F1/><W84/><G109/><T31/><D31/><U20/><E20/><V13/><F112/><W21/><G21/><T87/><D120/><U36/><E36/><V2/><F2/><W12/><G91/><AGARI ba="0,0" hai="4,7,10,14,16,26,28,32,76,81,87,91,94,98" machi="91" ten="30,2000,0" yaku="7,1,54,1" doraHai="134" who="0" fromWho="3" sc="278,20,199,0,219,0,304,-20" /><INIT seed="6,0,0,4,5,112" ten="298,199,219,284" oya="2" hai0="123,64,124,36,4,97,127,129,79,13,17,57,53" hai1="102,6,55,84,10,110,87,11,120,15,27,119,14" hai2="63,26,42,98,100,76,111,101,44,91,77,31,0" hai3="46,71,54,2,8,58,126,104,114,32,62,74,118"/><V37/><F111/><W48/><G32/><T72/><D36/><U25/><E110/><V3/><F91/><W85/><G104/><T121/><D129/><U28/><E120/><V1/><F63/><W30/><G30/><T130/><D130/><U24/><E102/><V16/><F101/><W35/><G35/><T41/><D41/><U38/><E38/><V116/><F116/><W7/><G74/><T95/><D4/><U23/><E55/><V99/><F16/><W88/><G118/><T125/><D64/><U106/><E106/><V56/><F56/><W5/><G5/><T132/><D132/><U80/><E119/><V105/><REACH who="2" step="1"/><F98/><REACH who="2" ten="298,199,209,284" step="2"/><W135/><G58/><T60/><D17/><N who="1" m="8415" /><E87/><V65/><F65/><W83/><G62/><T21/><D60/><U92/><E92/><V49/><F49/><W93/><G48/><T109/><D57/><U22/><E28/><V51/><F51/><W134/><G85/><T33/><D95/><U29/><E29/><V66/><F66/><W122/><G93/><T19/><D109/><U115/><E115/><V107/><F107/><W40/><G114/><T108/><D108/><U20/><E84/><V18/><F18/><W131/><G88/><T59/><D19/><N who="1" m="10367" /><E80/><V81/><F81/><W133/><G83/><T73/><D121/><U52/><E52/><V47/><F47/><W39/><G54/><T69/><D53/><U128/><E128/><V75/><F75/><W68/><G131/><T45/><D73/><U78/><E78/><V43/><F43/><W61/><G122/><T113/><D123/><U94/><E94/><RYUUKYOKU ba="0,1" sc="298,-15,199,15,209,15,284,-15" hai1="6,10,22,23,24,25,27" hai2="0,1,3,26,31,37,42,44,76,77,99,100,105" /><INIT seed="6,1,1,2,5,77" ten="283,214,224,269" oya="2" hai0="24,63,47,76,60,46,67,19,37,96,27,83,73" hai1="71,108,48,57,53,62,14,90,93,44,9,110,50" hai2="42,29,91,131,106,28,15,72,38,4,100,134,49" hai3="70,86,97,128,98,43,111,84,117,121,99,7,16"/><V23/><F38/><W6/><G70/><T107/><D60/><U103/><E103/><V55/><F42/><W32/><G32/><T94/><D107/><U85/><E71/><V11/><F72/><W18/><G111/><T17/><D27/><U122/><E122/><V45/><F131/><W74/><G74/><T82/><D37/><U75/><E75/><V51/><F134/><W130/><G43/><T12/><D24/><U102/><E102/><V123/><F123/><W56/><G56/><T118/><D83/><U30/><E30/><V89/><F100/><W95/><G95/><T13/><D13/><U31/><E31/><N who="2" m="11851" /><F106/><W52/><G52/><T34/><D34/><U66/><REACH who="1" step="1"/><E50/><REACH who="1" ten="283,204,224,269" step="2"/><V81/><F51/><W65/><G121/><T135/><D73/><U59/><E59/><V10/><F23/><W2/><G128/><T87/><D135/><U127/><E127/><V1/><F1/><W113/><G2/><T125/><D125/><U119/><E119/><V69/><F69/><W78/><G117/><T80/><D118/><U25/><E25/><V54/><F11/><W79/><G130/><T116/><D116/><U101/><E101/><V41/><F89/><W133/><G133/><T8/><D46/><U33/><E33/><V68/><F68/><W120/><G120/><T20/><D47/><U21/><E21/><V92/><F91/><W114/><G79/><T26/><D76/><U109/><E109/><V22/><F22/><W64/><G78/><T132/><D132/><U36/><E36/><V3/><F10/><W35/><G35/><T88/><D8/><RYUUKYOKU ba="1,2" sc="283,-10,204,30,224,-10,269,-10" hai1="9,14,44,48,53,57,62,66,85,90,93,108,110" /><INIT seed="7,2,2,3,5,30" ten="273,234,214,259" oya="3" hai0="53,91,123,34,63,74,77,100,66,39,47,89,117" hai1="0,70,2,35,94,104,64,46,121,125,62,92,101" hai2="76,44,112,80,60,96,27,33,118,16,105,3,119" hai3="55,54,31,20,49,132,52,120,22,90,43,4,50"/><W24/><G120/><T78/><D34/><U88/><E121/><V131/><F3/><W68/><G68/><T13/><D74/><U134/><E134/><V38/><F112/><W18/><G132/><T128/><D39/><U21/><E35/><V10/><F131/><W79/><G79/><N who="0" m="30219" /><D128/><U29/><E125/><V67/><F10/><W42/><G90/><T116/><D100/><U7/><E7/><V15/><F15/><N who="3" m="9311" /><G4/><T133/><D133/><U40/><E101/><N who="2" m="62631" /><F16/><W48/><AGARI ba="2,2" hai="22,24,31,42,43,48,49,50,52,54,55" m="9311" machi="48" ten="30,3000,0" yaku="8,1,54,1" doraHai="30" who="3" fromWho="3" sc="273,-12,234,-12,214,-12,259,56" owari="261,6.0,222,-18.0,202,-30.0,315,42.0" /></mjloggm>