<mjloggm ver="2.3"><GO type="97" lobby="0"/><UN n0="%E5%B0%B1%E6%B4%BB%E7%94%9F%40%E5%B7%9D%E6%9D%91%E8%BB%8D%E5%9B%A3" n1="%E9%A6%AC%E9%B9%BF%E3%81%A0%E3%81%AA%E4%BF%BA" n2="%E7%A5%9E%E5%B4%8E%E3%83%BB%EF%BC%A8%E3%83%BB%E3%82%A2%E3%83%AA%E3%82%A2" n3="%53%6F%6E%6F%74%69%74%65" dan="14,14,13,14" rate="1947.30,1941.72,1878.13,1954.61" sx="M,M,M,M"/><TAIKYOKU oya="0"/><INIT seed="0,0,0,4,3,63" ten="250,250,250,250" oya="0" hai0="19,27,94,52,112,46,78,113,97,0,88,31,37" hai1="57,130,80,104,73,95,13,5,36,118,93,64,8" hai2="69,38,62,106,87,105,43,77,92,51,85,119,54" hai3="47,10,60,123,75,40,126,9,14,20,111,116,34"/><T26/><D0/><U42/><E104/><V135/><F119/><W56/><G75/><T131/><D131/><U59/><E130/><V67/><F135/><W132/><G132/><T117/><D117/><U50/><E36/><V23/><F87/><W129/><G129/><T16/><D78/><U107/><E107/><V53/><F53/><W101/><G126/><T103/><D37/><U7/><E118/><V71/><F71/><W100/><G123/><T83/><D112/><U91/><E7/><V1/><F1/><W72/><G34/><T82/><D113/><U120/><E120/><V98/><F23/><W90/><G72/><T108/><D108/><U125/><E125/><V133/><F133/><W39/><G20/><N who="0" m="15815" /><D27/><U21/><E21/><V6/><F6/><W55/><G111/><T11/><D11/><U134/><E73/><V48/><F48/><W2/><G116/><T128/><D128/><U61/><E134/><V84/><F84/><W70/><G2/><T25/><D25/><U122/><E122/><V109/><F109/><W121/><G121/><T12/><D103/><U24/><E24/><V49/><F49/><N who="3" m="30831" /><G90/><T96/><D96/><U74/><E74/><V81/><F38/><W15/><G9/><N who="0" m="6159" /><D19/><U4/><E5/><V41/><F106/><W35/><G35/><T3/><D3/><U65/><E4/><V66/><F105/><W29/><G29/><T17/><D17/><U22/><E8/><V76/><F69/><W114/><G114/><T33/><D33/><U127/><E127/><V110/><F110/><W45/><G10/><T58/><D46/><RYUUKYOKU ba="0,0" sc="250,30,250,-10,250,-10,250,-10" hai0="52,58,82,83,88,94,97" /><INIT seed="0,1,0,4,2,51" ten="280,240,240,240" oya="0" hai0="64,37,11,2,21,12,92,40,118,9,87,39,75" hai1="135,34,78,67,113,32,114,25,1,80,27,101,45" hai2="111,106,65,71,49,100,36,6,19,24,52,121,93" hai3="28,119,110,68,35,55,56,63,129,10,123,134,82"/><T31/><BYE who="1" /><D75/><U48/><E48/><V62/><F121/><W46/><G119/><UN n1="%E9%A6%AC%E9%B9%BF%E3%81%A0%E3%81%AA%E4%BF%BA" /><T20/><D118/><U128/><E67/><V53/><F111/><W14/><G123/><T90/><D64/><U117/><E117/><V97/><F36/><W124/><G124/><T33/><D33/><U112/><E1/><V76/><F76/><W50/><G134/><T60/><D60/><U17/><E135/><V115/><F115/><W74/><G110/><T26/><D40/><U8/><E45/><V22/><F106/><W108/><G108/><T131/><D131/><U83/><E101/><V38/><F38/><W13/><G68/><T122/><D122/><U91/><E91/><V84/><F6/><W120/><G120/><T102/><D102/><U29/><E128/><V54/><F84/><W57/><G129/><T15/><D2/><U89/><E89/><V81/><F81/><N who="1" m="31305" /><E78/><V130/><REACH who="2" step="1"/><F130/><REACH who="2" ten="280,240,230,240" step="2"/><W70/><G82/><T5/><D21/><N who="1" m="13487" /><E8/><V3/><F3/><W42/><G74/><T103/><D103/><U4/><E4/><AGARI ba="1,1" hai="4,5,9,11,12,15,20,26,31,37,39,87,90,92" machi="4" ten="30,2900,0" yaku="7,1,9,1" doraHai="51" who="0" fromWho="1" sc="280,42,240,-32,230,0,240,0" /><INIT seed="0,2,0,1,1,4" ten="322,208,230,240" oya="0" hai0="39,79,91,96,33,50,51,61,69,89,85,127,118" hai1="14,86,93,29,10,12,97,58,2,131,60,17,101" hai2="134,90,41,67,53,59,7,56,108,132,43,72,68" hai3="21,75,11,133,88,57,45,102,70,6,116,122,34"/><T78/><D39/><U114/><E2/><V103/><F72/><W20/><G70/><T77/><D33/><U83/><E131/><V26/><F103/><W135/><G34/><T74/><D74/><U84/><E114/><V112/><F90/><W110/><G110/><T15/><D118/><U47/><E29/><V24/><F112/><W98/><G75/><T99/><D127/><U0/><E0/><V48/><F7/><W18/><G116/><T54/><D69/><U36/><E36/><V87/><F87/><W13/><G122/><T27/><D27/><U80/><E47/><V115/><F115/><W105/><G45/><T31/><D31/><U19/><E83/><V125/><F24/><N who="3" m="14359" /><G57/><N who="0" m="34999" /><D15/><U30/><E30/><V119/><F26/><W113/><G113/><T25/><D25/><U129/><E80/><V28/><F125/><W128/><G128/><T82/><D91/><U92/><E93/><V3/><F28/><W38/><G38/><T63/><D63/><U32/><E32/><V16/><F119/><W5/><G5/><T95/><D82/><U123/><E123/><V71/><F3/><W124/><G124/><T106/><D106/><U40/><E40/><V121/><F121/><W64/><G88/><T109/><D109/><U42/><E42/><N who="2" m="15883" /><F108/><W73/><G73/><T65/><D65/><N who="1" m="39063" /><E129/><V94/><F94/><W111/><G64/><T76/><N who="0" m="19968" /><DORA hai="81" /><T120/><D120/><U52/><E52/><N who="2" m="31751" /><F67/><W9/><G111/><T8/><D96/><U104/><E104/><V35/><F35/><W55/><G105/><T1/><D99/><U49/><E49/><RYUUKYOKU ba="2,0" sc="322,15,208,15,230,-15,240,-15" hai0="1,8,50,51,85,89,95" hai1="10,12,14,17,19,84,86,92,97,101" /><INIT seed="0,3,0,5,1,33" ten="337,223,215,225" oya="0" hai0="22,41,122,55,20,100,127,132,54,47,105,106,29" hai1="58,1,12,36,108,6,3,17,102,86,23,123,117" hai2="128,110,115,79,46,2,67,13,42,107,90,34,25" hai3="11,88,30,18,37,70,124,97,89,87,16,84,39"/><T52/><D122/><U83/><E36/><V45/><F115/><W91/><G70/><T19/><D127/><U57/><E123/><V120/><F110/><W75/><G75/><T49/><D132/><U15/><E102/><V62/><F120/><W68/><G68/><T7/><D7/><U40/><E40/><V92/><F128/><W48/><G37/><T69/><D69/><U82/><E117/><V130/><F107/><W96/><G39/><T78/><D78/><U65/><E108/><V98/><F130/><W63/><G63/><T35/><D35/><U8/><E83/><V121/><F121/><W76/><G48/><T21/><D29/><U134/><E134/><V66/><F79/><W131/><G131/><T61/><D61/><U24/><E15/><V125/><F125/><W129/><G30/><T109/><D109/><U74/><E74/><V31/><F13/><N who="3" m="7231" /><G129/><T9/><REACH who="0" step="1"/><D100/><REACH who="0" ten="327,223,215,225" step="2"/><U73/><E73/><V32/><F34/><W64/><G124/><T4/><D4/><U26/><E65/><V44/><F67/><W72/><G64/><T112/><D112/><U118/><E118/><V71/><REACH who="2" step="1"/><F42/><REACH who="2" ten="327,223,205,225" step="2"/><W99/><G76/><T111/><D111/><U81/><E26/><V14/><F14/><AGARI ba="3,2" hai="9,14,19,20,21,22,41,47,49,52,54,55,105,106" machi="14" ten="40,3900,0" yaku="1,1,54,1,53,0" doraHai="33" doraHaiUra="135" who="0" fromWho="2" sc="327,68,223,0,205,-48,225,0" /><INIT seed="0,4,0,0,5,111" ten="395,223,157,225" oya="0" hai0="51,93,31,73,15,21,32,49,39,89,82,119,55" hai1="115,11,50,116,88,40,60,23,12,13,135,132,33" hai2="63,103,101,19,134,59,10,91,4,34,47,104,36" hai3="72,67,126,52,43,48,131,64,133,37,125,129,110"/><T45/><D119/><U28/><E116/><V30/><F134/><N who="1" m="51241" /><E60/><V70/><F70/><W130/><G133/><T29/><D32/><U122/><E122/><V120/><F120/><W102/><G72/><T112/><D112/><U41/><E33/><V53/><F104/><W92/><G110/><T90/><D39/><U99/><E115/><V69/><F69/><W57/><G102/><T5/><D73/><U79/><E79/><V17/><F36/><W16/><G16/><N who="2" m="6217" /><F34/><W100/><G92/><T81/><D21/><U3/><E3/><V68/><F30/><W22/><G22/><T27/><D27/><N who="1" m="16511" /><E11/><V106/><F106/><W87/><G87/><T105/><D105/><U114/><E114/><V118/><F118/><W128/><G100/><T109/><D109/><U123/><E123/><V46/><F68/><W18/><G18/><T83/><D90/><U95/><E50/><V24/><F24/><W14/><G14/><AGARI ba="4,0" hai="12,13,14,40,41,88,95,99" m="16511,51241" machi="14" ten="30,2000,0" yaku="20,1,54,1" doraHai="111" who="1" fromWho="3" sc="395,0,223,32,157,0,225,-32" /><INIT seed="1,0,0,4,1,23" ten="395,255,157,193" oya="1" hai0="89,28,62,103,81,120,63,8,60,37,83,10,93" hai1="21,82,92,96,67,22,135,113,90,40,3,48,5" hai2="12,47,122,109,57,79,70,17,73,77,41,119,99" hai3="42,104,49,33,85,31,9,131,45,133,13,124,65"/><U87/><E113/><V20/><F122/><W125/><G104/><T25/><D37/><U106/><E106/><V132/><F119/><W111/><G111/><T121/><D103/><U126/><E135/><V35/><F132/><W127/><G131/><T15/><D120/><U34/><E34/><V16/><F109/><W18/><G133/><T32/><D121/><U11/><E67/><V4/><F70/><W117/><G117/><T55/><D55/><U56/><E126/><V24/><F35/><W52/><G65/><T128/><D10/><U68/><E68/><V108/><F108/><W123/><G123/><T95/><D95/><U7/><E5/><V75/><F4/><W26/><G85/><T71/><D71/><U50/><E50/><V102/><F57/><W101/><REACH who="3" step="1"/><G101/><REACH who="3" ten="395,255,157,183" step="2"/><T1/><D128/><U76/><REACH who="1" step="1"/><E56/><REACH who="1" ten="395,245,157,183" step="2"/><V98/><F75/><W129/><G129/><T116/><D116/><U29/><E29/><V2/><F73/><W19/><G19/><T39/><D39/><U118/><E118/><V43/><F47/><AGARI ba="0,2" hai="3,7,11,21,22,40,47,48,76,82,87,90,92,96" machi="47" ten="40,3900,0" yaku="1,1,53,1" doraHai="23" doraHaiUra="36" who="1" fromWho="2" sc="395,0,245,59,157,-39,183,0" /><INIT seed="1,1,0,4,2,16" ten="395,304,118,183" oya="1" hai0="72,37,47,69,56,92,5,50,14,10,27,63,77" hai1="122,110,53,125,67,87,120,107,29,24,124,60,62" hai2="0,36,49,128,70,71,95,23,105,30,84,88,109" hai3="121,48,51,4,55,38,40,1,103,98,32,35,33"/><U61/><E107/><V112/><F105/><W80/><G121/><N who="1" m="46698" /><E87/><V131/><F112/><W113/><G113/><T13/><D69/><U106/><E106/><V41/><F0/><W39/><G80/><T11/><D37/><U119/><E24/><V58/><F109/><W123/><G123/><T18/><D72/><U85/><E29/><V34/><F34/><W59/><G1/><T111/><D111/><U31/><E31/><V108/><F108/><W68/><G68/><T43/><D77/><U57/><E85/><V8/><F36/><W76/><G76/><T78/><D78/><U101/><E101/><V118/><F118/><W100/><G4/><T97/><D27/><U134/><E110/><V99/><F84/><W86/><G86/><T116/><D116/><U102/><E102/><V12/><F71/><W89/><G89/><T129/><D129/><U74/><E74/><V9/><F70/><W90/><G90/><T3/><D3/><U126/><E119/><V130/><F41/><W64/><G103/><T15/><D92/><U96/><E96/><V93/><F93/><W135/><G98/><T19/><D97/><U83/><E83/><V115/><F115/><W79/><G79/><T81/><D81/><U91/><E91/><V45/><F58/><W46/><G100/><T28/><D28/><U42/><E42/><N who="2" m="24759" /><F30/><W133/><REACH who="3" step="1"/><G64/><REACH who="3" ten="395,304,118,173" step="2"/><N who="0" m="39015" /><D5/><U44/><E134/><AGARI ba="1,1" hai="32,33,35,38,39,40,46,48,51,55,59,133,134,135" machi="134" ten="50,6400,0" yaku="1,1,20,1,53,1" doraHai="16" doraHaiUra="54" who="3" fromWho="1" sc="395,0,304,-67,118,0,173,77" /><INIT seed="2,0,0,3,3,73" ten="395,237,118,250" oya="2" hai0="105,65,30,10,19,25,96,133,135,83,128,12,13" hai1="58,99,116,70,20,80,64,41,129,43,89,74,55" hai2="126,77,111,18,92,40,98,49,52,9,90,115,131" hai3="23,79,75,107,62,1,38,8,29,69,11,34,36"/><V7/><F115/><W21/><G21/><N who="0" m="15663" /><D65/><U47/><E116/><V26/><F131/><W113/><G23/><N who="0" m="11751" /><D83/><U59/><E129/><V16/><F126/><W102/><G11/><T14/><D128/><U66/><E99/><V22/><F111/><W106/><G113/><T108/><D108/><U54/><E89/><V27/><F40/><N who="1" m="15433" /><E80/><V67/><F67/><N who="1" m="25641" /><E74/><V91/><F91/><W132/><G62/><T71/><D71/><U57/><E20/><N who="2" m="13575" /><F7/><N who="3" m="1135" /><G69/><T56/><D56/><U31/><E31/><V119/><F9/><W81/><G132/><N who="0" m="50763" /><D10/><U76/><E70/><V2/><F2/><W82/><G82/><T124/><D124/><U110/><E110/><V86/><F119/><W42/><G42/><T134/><D134/><U15/><E15/><V48/><F52/><W46/><G46/><T32/><D32/><U87/><E47/><V114/><F114/><W68/><G68/><T84/><D84/><U109/><E109/><V50/><F86/><W37/><G102/><AGARI ba="0,0" hai="13,14,96,102,105" m="50763,11751,15663" machi="102" ten="30,1000,0" yaku="20,1" doraHai="73" who="0" fromWho="3" sc="395,10,237,0,118,0,250,-10" /><INIT seed="3,0,0,3,3,66" ten="405,237,118,240" oya="3" hai0="107,124,39,70,111,121,25,61,75,44,37,15,14" hai1="57,58,116,28,88,42,97,45,98,47,77,68,49" hai2="123,3,95,19,13,32,74,7,135,65,5,4,22" hai3="110,51,126,34,2,17,6,83,8,133,35,0,106"/><W79/><G106/><T132/><D121/><U94/><E116/><V1/><F74/><W89/><G89/><T73/><D107/><U122/><E122/><V101/><F65/><W62/><G126/><T96/><D124/><U104/><E68/><V92/><F101/><W117/><G117/><T93/><D132/><U119/><E119/><V128/><F135/><W63/><G133/><T52/><D111/><U100/><E77/><V76/><F128/><W33/><G110/><T125/><D125/><U109/><E109/><V54/><F123/><W129/><G129/><T21/><D70/><U60/><E60/><V81/><F54/><W86/><G0/><N who="2" m="73" /><F95/><W59/><REACH who="3" step="1"/><G17/><REACH who="3" ten="405,237,118,230" step="2"/><N who="0" m="12463" /><D39/><U120/><E120/><V90/><F90/><W91/><G91/><N who="0" m="55359" /><D37/><U16/><E28/><V127/><F92/><W71/><G71/><T10/><D75/><U67/><E16/><N who="2" m="10511" /><F127/><W103/><G103/><T102/><D73/><U43/><E67/><V9/><F81/><W82/><G82/><T72/><D72/><U18/><E18/><V134/><F134/><W36/><G36/><AGARI ba="0,1" hai="36,42,43,45,47,49,57,58,88,94,97,98,100,104" machi="36" ten="30,2000,0" yaku="7,1,54,1" doraHai="66" who="1" fromWho="3" sc="405,0,237,30,118,0,230,-20" owari="405,50.0,267,7.0,118,-38.0,210,-19.0" /></mjloggm>