<mjloggm ver="2.3"><GO type="169" lobby="0"/><UN n0="%E3%82%81%E3%83%BC%E3%81%A8" n1="%E3%82%A6%E3%83%AB%E3%83%88%E3%83%A9%E7%AB%8B%E7%9B%B4" n2="%E8%A3%95%E7%BE%8E%E5%AD%90" n3="%63%68%61%72%68%69%6D%65" dan="16,17,16,16" rate="2119.05,2168.73,2177.23,2110.29" sx="M,M,F,F"/><TAIKYOKU oya="0"/><INIT seed="0,0,0,0,1,119" ten="250,250,250,250" oya="0" hai0="16,135,108,15,42,58,90,30,11,86,130,59,67" hai1="10,103,39,34,4,104,48,63,113,64,17,29,47" hai2="93,32,26,62,87,7,8,66,126,118,97,60,46" hai3="57,33,123,5,105,43,115,45,54,125,28,9,99"/><T82/><D135/><U20/><E39/><V131/><F118/><W70/><G115/><T65/><D130/><U3/><E113/><V127/><F131/><W94/><G105/><T85/><D108/><U101/><E104/><V74/><F74/><W132/><G70/><T73/><D73/><U18/><E34/><V49/><F87/><W14/><G125/><N who="2" m="47625" /><F26/><W112/><G112/><T0/><D0/><U129/><E29/><V19/><F19/><W55/><G132/><T81/><D42/><U25/><E18/><V100/><F66/><N who="0" m="25098" /><D30/><U110/><E110/><V116/><F32/><W52/><G33/><T106/><D106/><U107/><E107/><V111/><F116/><W89/><G28/><T91/><AGARI ba="0,0" hai="11,15,16,58,59,81,82,85,86,90,91" m="25098" machi="91" ten="30,3000,0" yaku="8,1,54,1" doraHai="119" who="0" fromWho="0" sc="250,30,250,-10,250,-10,250,-10" /><INIT seed="0,1,0,2,5,83" ten="280,240,240,240" oya="0" hai0="13,82,85,75,96,126,17,87,6,15,59,52,4" hai1="37,58,109,7,51,128,55,84,36,98,32,61,47" hai2="88,62,29,76,0,65,69,43,90,121,5,68,119" hai3="101,53,3,115,127,71,14,2,118,134,79,100,108"/><T70/><D70/><U125/><E32/><V104/><F104/><W60/><G118/><T86/><D126/><U27/><E7/><N who="0" m="2601" /><D75/><U9/><E9/><V18/><F121/><W131/><G115/><T99/><D82/><U39/><E98/><N who="0" m="37417" /><D17/><U26/><E125/><V72/><F29/><W78/><G127/><T24/><D24/><U102/><E102/><V30/><F30/><W33/><G71/><T8/><D8/><U19/><E128/><V120/><F68/><W81/><G101/><T94/><D94/><U117/><E117/><V67/><F119/><W92/><G131/><T107/><D107/><U42/><E109/><V63/><F18/><W93/><G108/><T133/><D133/><U122/><E122/><V41/><F120/><W74/><G134/><T48/><AGARI ba="1,0" hai="13,15,48,52,59,85,86,87" m="37417,2601" machi="48" ten="30,12000,1" yaku="8,1,52,3,54,1" doraHai="83" who="0" fromWho="0" sc="280,123,240,-41,240,-41,240,-41" /><INIT seed="0,2,0,0,3,72" ten="403,199,199,199" oya="0" hai0="32,92,120,57,16,35,91,43,9,24,117,106,99" hai1="84,122,101,89,88,34,108,25,61,27,102,39,86" hai2="30,58,131,87,11,37,53,116,63,52,96,132,124" hai3="119,98,59,78,97,13,93,105,76,109,31,77,12"/><T112/><D117/><U51/><E61/><V113/><F37/><W4/><G119/><T80/><D120/><U28/><E51/><V46/><F116/><W65/><G109/><T6/><D43/><U68/><E68/><V26/><F113/><W60/><G31/><T42/><D42/><U1/><E1/><V127/><F131/><W64/><G64/><T29/><D112/><U7/><E7/><V40/><F11/><W22/><G105/><T133/><D133/><U79/><E28/><V115/><F115/><W69/><G69/><T104/><D35/><U135/><E34/><V83/><F96/><N who="3" m="36971" /><G93/><T48/><D80/><U95/><E95/><V67/><F132/><W111/><G111/><T38/><D38/><U123/><E108/><V15/><F15/><N who="3" m="5707" /><G22/><T130/><D16/><U49/><E39/><N who="2" m="21791" /><F26/><W2/><G2/><T126/><D130/><U50/><E135/><V17/><F17/><W103/><G103/><T90/><D106/><U8/><E8/><V118/><F30/><W75/><G75/><T36/><D36/><U47/><E47/><V94/><F94/><W3/><G3/><N who="0" m="223" /><D104/><U107/><E107/><V14/><F14/><W62/><G62/><T110/><D110/><U82/><E82/><V0/><F0/><W21/><G21/><T70/><D70/><U73/><E73/><V66/><F67/><W121/><G121/><T54/><D91/><U56/><E56/><V85/><F118/><W41/><G41/><T71/><D71/><U81/><E81/><V5/><F83/><W114/><G114/><T20/><D20/><U23/><E23/><RYUUKYOKU ba="2,0" sc="403,10,199,10,199,-30,199,10" hai0="24,29,32,48,54,57,90,92,99,126" hai1="25,27,49,50,79,84,86,88,89,101,102,122,123" hai3="4,59,60,65,76,77,78" /><INIT seed="0,3,0,2,4,111" ten="413,209,169,209" oya="0" hai0="3,19,48,77,36,125,132,35,37,42,41,115,107" hai1="65,68,104,129,57,2,71,59,133,110,12,43,80" hai2="75,14,124,16,91,66,97,119,101,126,55,50,10" hai3="24,25,76,26,121,34,6,0,96,134,30,4,73"/><T123/><D19/><U89/><E2/><V51/><F75/><W11/><G73/><T72/><D77/><U94/><E104/><V84/><F119/><W33/><G96/><T69/><D48/><U113/><E110/><V88/><F66/><W108/><G76/><T135/><D42/><U28/><E80/><N who="2" m="49159" /><F91/><W102/><G102/><T81/><D41/><U17/><E129/><V120/><F120/><W87/><G87/><T20/><D20/><U95/><E133/><V40/><F40/><W74/><G74/><T5/><D5/><U83/><E83/><V112/><F112/><W32/><G134/><T86/><D86/><U39/><E94/><N who="2" m="58551" /><F55/><W109/><G121/><T103/><D103/><U64/><E113/><V128/><F128/><W53/><G53/><T60/><D81/><U29/><E71/><V99/><F99/><W27/><G6/><T62/><D135/><U93/><E68/><V8/><F10/><W46/><G46/><T131/><D62/><U18/><E43/><V52/><F52/><W9/><G9/><T31/><D60/><U106/><E106/><V47/><F47/><W70/><G70/><T54/><D54/><U78/><E78/><V105/><F105/><W67/><G67/><T21/><D21/><AGARI ba="3,0" hai="0,4,11,21,24,25,26,27,30,32,33,34,108,109" machi="21" ten="50,6400,0" yaku="34,3" doraHai="111" who="3" fromWho="0" sc="413,-73,209,0,169,0,209,73" /><INIT seed="1,0,0,2,1,76" ten="340,209,169,282" oya="1" hai0="40,124,41,16,119,73,31,8,39,33,22,55,101" hai1="88,10,53,47,99,69,35,103,63,3,95,60,90" hai2="27,20,21,105,115,17,75,26,127,45,7,114,30" hai3="120,85,25,49,108,59,125,121,0,14,72,129,9"/><U24/><E35/><V112/><F105/><W64/><G72/><T117/><D101/><U81/><E3/><V48/><F75/><W37/><G37/><T2/><D73/><U52/><E69/><V131/><F131/><W92/><G125/><T77/><D77/><U65/><E65/><V98/><F98/><W126/><G126/><T116/><D124/><U122/><E122/><V62/><F127/><W128/><G25/><T66/><D66/><U82/><E10/><V134/><F62/><N who="1" m="23593" /><E24/><V44/><F134/><W109/><G64/><T19/><D39/><U104/><E104/><V78/><F78/><W106/><G0/><T79/><D79/><U6/><E6/><V94/><F94/><W86/><G106/><T12/><D55/><N who="1" m="21067" /><E47/><V71/><F71/><W29/><G29/><T61/><D61/><U113/><E113/><V51/><REACH who="2" step="1"/><F7/><REACH who="2" ten="340,209,159,282" step="2"/><N who="3" m="3391" /><G120/><T58/><D117/><U80/><AGARI ba="0,1" hai="80,81,82,88,90,95,99,103" m="21067,23593" machi="80" ten="30,18000,2" yaku="8,1,52,3,54,2" doraHai="76" who="1" fromWho="1" sc="340,-60,209,190,159,-60,282,-60" /><INIT seed="1,1,0,3,4,69" ten="280,399,99,222" oya="1" hai0="23,100,114,51,2,49,109,78,60,14,54,91,98" hai1="56,19,17,45,21,86,85,8,43,92,64,97,47" hai2="0,110,12,66,26,50,79,73,11,13,35,102,133" hai3="40,128,95,58,38,75,55,7,76,135,112,119,61"/><U65/><E8/><V87/><F110/><W22/><G112/><T41/><D2/><U120/><E120/><V123/><F73/><W111/><G111/><T3/><D3/><U68/><E68/><V67/><F123/><W39/><G135/><T132/><D132/><U33/><E33/><V4/><F133/><W57/><G7/><T130/><D130/><U99/><E56/><V48/><F102/><W103/><G75/><T94/><D78/><U1/><E1/><V36/><F36/><W80/><G128/><T20/><D114/><U90/><E43/><V25/><F35/><W93/><G40/><T72/><D72/><U77/><E77/><V28/><F28/><W127/><G80/><T107/><D109/><U88/><E92/><V104/><F0/><W125/><G76/><T27/><D14/><U117/><REACH who="1" step="1"/><E21/><REACH who="1" ten="280,389,99,222" step="2"/><V30/><F11/><W34/><G34/><T84/><D41/><U83/><E83/><V6/><F104/><W96/><G22/><T42/><D20/><U82/><E82/><V108/><F108/><W44/><G119/><AGARI ba="1,1" hai="17,19,45,47,64,65,85,86,88,90,97,99,117,119" machi="119" ten="25,9600,0" yaku="1,1,22,2,54,1,53,0" doraHai="69" doraHaiUra="46" who="1" fromWho="3" sc="280,0,389,109,99,0,222,-99" /><INIT seed="1,2,0,0,3,14" ten="280,498,99,123" oya="1" hai0="121,112,107,95,92,75,110,9,96,101,117,33,22" hai1="31,0,105,25,88,91,114,34,58,8,50,28,111" hai2="57,100,21,66,27,5,67,63,71,4,46,40,56" hai3="89,19,108,102,38,51,87,12,49,82,122,1,126"/><U73/><E114/><V106/><F106/><W132/><G122/><T65/><D65/><U76/><E105/><V24/><F100/><W113/><G113/><T62/><D62/><U29/><E29/><V32/><F32/><W70/><G38/><T74/><D9/><U72/><E111/><V23/><F71/><W2/><G70/><T119/><D22/><U36/><E36/><V30/><F46/><W123/><G123/><T18/><D18/><U128/><E128/><V124/><F40/><W79/><G108/><T97/><D33/><U120/><E120/><V6/><F124/><W68/><G68/><T69/><D69/><U135/><E135/><V115/><F115/><W35/><G35/><T43/><D43/><U20/><E31/><V37/><F37/><W16/><G102/><T130/><D121/><U103/><E103/><V3/><F3/><W11/><G132/><T134/><D107/><U93/><E34/><V125/><F125/><W77/><G126/><T59/><D59/><U127/><E127/><V85/><F85/><W81/><G89/><N who="0" m="55311" /><D110/><U15/><E0/><V54/><REACH who="2" step="1"/><F57/><REACH who="2" ten="280,498,89,123" step="2"/><W44/><G44/><T104/><D112/><U131/><E58/><V26/><F26/><W7/><G2/><T80/><D134/><U17/><E25/><V42/><F42/><W129/><G1/><T45/><D104/><U86/><E73/><N who="0" m="27657" /><D45/><U39/><E39/><V84/><F84/><N who="3" m="48175" /><G129/><T41/><D41/><U52/><E131/><V60/><F60/><W109/><G109/><T118/><D130/><U53/><E72/><V78/><F78/><W64/><G64/><RYUUKYOKU ba="2,1" sc="280,10,498,-30,89,10,123,10" hai0="80,95,97,101,117,118,119" hai2="4,5,6,21,23,24,27,30,54,56,63,66,67" hai3="7,11,12,16,19,49,51,79,82,87" /><INIT seed="2,3,1,5,5,65" ten="290,468,99,133" oya="2" hai0="76,16,77,57,100,102,69,33,6,45,34,61,92" hai1="78,14,124,29,133,71,116,47,127,70,115,12,40" hai2="11,42,79,26,72,41,1,44,94,113,20,73,97" hai3="130,87,120,122,18,82,103,112,125,95,17,104,35"/><V111/><F113/><W109/><G35/><T90/><D6/><U128/><E116/><V38/><F42/><W55/><G112/><T22/><D45/><U7/><E115/><V110/><F11/><W53/><G125/><T36/><D36/><U80/><E29/><N who="2" m="17607" /><F1/><W13/><G109/><N who="2" m="41481" /><F79/><N who="0" m="30282" /><D69/><N who="1" m="26123" /><E128/><V101/><AGARI ba="3,1" hai="38,41,44,72,73,94,97,101" m="41481,17607" machi="101" ten="30,3000,0" yaku="14,1,10,1" doraHai="65" who="2" fromWho="2" sc="290,-13,468,-13,99,49,133,-13" /><INIT seed="2,4,0,3,0,120" ten="277,455,148,120" oya="2" hai0="63,34,102,89,91,103,125,30,65,1,98,11,28" hai1="19,113,128,126,64,70,49,135,72,77,40,21,33" hai2="79,129,96,20,68,53,74,101,57,12,6,58,115" hai3="124,69,55,88,134,84,105,71,81,97,130,112,8"/><V122/><F68/><W82/><G134/><T39/><D39/><U131/><E33/><V17/><F122/><W117/><G117/><T35/><D63/><U3/><E3/><V104/><F115/><W76/><G130/><T24/><D1/><U106/><E106/><V13/><F129/><W51/><G112/><T18/><D125/><U107/><E107/><V26/><F6/><W99/><G124/><T92/><D65/><U73/><E113/><V15/><REACH who="2" step="1"/><F53/><REACH who="2" ten="277,455,138,120" step="2"/><W108/><G71/><T31/><D35/><U25/><E131/><V10/><F10/><W86/><G69/><T95/><D34/><U43/><E70/><V94/><F94/><W56/><G105/><T110/><D11/><U83/><E128/><V109/><F109/><W78/><G108/><T100/><D110/><U54/><E126/><V66/><F66/><W7/><G76/><T36/><D36/><U16/><E64/><V127/><F127/><W29/><G29/><T80/><D80/><AGARI ba="4,1" hai="12,13,15,17,20,26,57,58,74,79,80,96,101,104" machi="80" ten="40,2000,0" yaku="1,1,53,0" doraHai="120" doraHaiUra="85" who="2" fromWho="0" sc="277,-32,455,0,138,42,120,0" /><INIT seed="2,5,0,3,5,53" ten="245,455,180,120" oya="2" hai0="38,110,7,135,122,49,112,124,65,27,51,20,35" hai1="39,26,33,42,67,16,105,79,32,115,44,54,78" hai2="60,63,113,81,114,21,101,56,119,102,36,45,72" hai3="57,80,25,73,71,2,41,99,88,83,75,94,98"/><V85/><F72/><W104/><G71/><T69/><D20/><U91/><E105/><V43/><F119/><W86/><G2/><T68/><D27/><U47/><E32/><V22/><F63/><W58/><G41/><T55/><D7/><U95/><E67/><V127/><F127/><W31/><G75/><T76/><D35/><U92/><E92/><V125/><F125/><W6/><G6/><T134/><D124/><U70/><E70/><N who="0" m="27241" /><D76/><U89/><E89/><V3/><F3/><W111/><G111/><T133/><D112/><U132/><E132/><V61/><F60/><W64/><G64/><T19/><D19/><U126/><E126/><V0/><F0/><W5/><G5/><T97/><D97/><N who="3" m="36873" /><G73/><T107/><D107/><U103/><E103/><N who="2" m="39435" /><F114/><W121/><G104/><T52/><D65/><U50/><E115/><V96/><F113/><W120/><G121/><T10/><D10/><U108/><E108/><V18/><F96/><N who="3" m="57415" /><G120/><T13/><D13/><U14/><E33/><V29/><F29/><W118/><G118/><T15/><D15/><U17/><E26/><V28/><F28/><W59/><G86/><T4/><D4/><U40/><E14/><V128/><F18/><W11/><G11/><T82/><D122/><U129/><E17/><V131/><F22/><AGARI ba="5,0" hai="22,25,31,57,58,59,80,83" m="57415,36873" machi="22" ten="30,8000,1" yaku="8,1,52,3,54,1" doraHai="53" who="3" fromWho="2" sc="245,0,455,0,180,-95,120,95" /><INIT seed="3,0,0,3,5,15" ten="245,455,85,215" oya="3" hai0="103,29,129,108,111,82,128,126,55,131,116,77,67" hai1="1,66,54,84,130,11,92,44,110,85,91,40,78" hai2="134,41,133,0,61,17,60,23,39,81,28,109,3" hai3="52,70,135,107,26,7,19,63,79,18,5,120,75"/><W64/><G120/><T71/><D29/><U33/><E33/><V31/><F39/><W122/><G122/><T36/><D116/><U101/><E101/><V34/><F41/><W2/><G107/><T74/><D55/><U125/><E125/><V50/><F81/><W62/><G2/><N who="2" m="553" /><F50/><W35/><G79/><T6/><D6/><U12/><E1/><V10/><F61/><W98/><G75/><T86/><D36/><U32/><E66/><V87/><F60/><W89/><G35/><T20/><D20/><U76/><E54/><V114/><F87/><W42/><G26/><T127/><D103/><U88/><E78/><V24/><F114/><W115/><G115/><T8/><D8/><U9/><E44/><V47/><F47/><W121/><G121/><T99/><D99/><U14/><E85/><V45/><F45/><W102/><G42/><T132/><D132/><N who="2" m="50794" /><F109/><N who="0" m="42058" /><D86/><U118/><E84/><V73/><F73/><W97/><G135/><T93/><D93/><U113/><E113/><V46/><F46/><W119/><G119/><T100/><D100/><U80/><E92/><V106/><F106/><N who="3" m="63823" /><G52/><T117/><D117/><U83/><E118/><V25/><F31/><W49/><G49/><T69/><D67/><U95/><E110/><V68/><F68/><AGARI ba="0,0" hai="68,69,71,74,77,82,126,127,128,129,131" m="42058" machi="68" ten="40,5200,0" yaku="19,1,14,1,23,1" doraHai="15" who="0" fromWho="2" sc="245,52,455,0,85,-52,215,0" /><INIT seed="4,0,0,2,4,60" ten="297,455,33,215" oya="0" hai0="20,45,109,17,135,38,105,36,69,104,129,22,15" hai1="130,30,74,98,44,103,96,10,55,67,123,63,71" hai2="70,50,91,78,39,4,79,16,84,124,128,35,43" hai3="95,19,51,61,12,59,21,40,11,37,102,90,66"/><T93/><D135/><U134/><E74/><V73/><F39/><W99/><G37/><T23/><D129/><U107/><E123/><V133/><F35/><W81/><G40/><T48/><D69/><U26/><E134/><V125/><F4/><W86/><G51/><T7/><D7/><U8/><E96/><V131/><F70/><W118/><G118/><T122/><D122/><U75/><E75/><V27/><F43/><W106/><G106/><T72/><D72/><U32/><E130/><N who="2" m="49707" /><F50/><AGARI ba="0,0" hai="8,10,26,30,32,44,50,55,63,67,71,98,103,107" machi="50" ten="40,5200,0" yaku="25,2,52,1" doraHai="60" who="1" fromWho="2" sc="297,0,455,52,33,-52,215,0" owari="297,10.0,507,60.0,-19,-52.0,215,-18.0" /></mjloggm>