<mjloggm ver="2.3"><GO type="169" lobby="0"/><UN n0="%E5%8F%8B%E6%B2%A2" n1="%68%61%79%61%74%6F%E2%98%86" n2="%E3%82%A6%E3%83%AB%E3%83%88%E3%83%A9%E7%AB%8B%E7%9B%B4" n3="%54%44%4E%34%38" dan="16,17,17,16" rate="2069.67,2113.26,2150.83,2113.35" sx="M,M,M,M"/><TAIKYOKU oya="0"/><INIT seed="0,0,0,0,5,41" ten="250,250,250,250" oya="0" hai0="107,5,86,81,1,13,59,46,135,120,83,100,24" hai1="96,9,79,69,125,28,22,52,68,74,134,54,21" hai2="91,49,11,38,114,131,45,55,87,51,89,128,106" hai3="32,15,34,113,94,119,95,130,116,111,23,82,133"/><T97/><D120/><U39/><E39/><V77/><F38/><W61/><G113/><T57/><D1/><U118/><E118/><V62/><F114/><W56/><G130/><N who="2" m="49705" /><F106/><W124/><G124/><T101/><D135/><U20/><E28/><V30/><F30/><W44/><G133/><T80/><D24/><U58/><E134/><V19/><F62/><W75/><G111/><T37/><D100/><U16/><E125/><V6/><F19/><W14/><G75/><T29/><D29/><U122/><E122/><V102/><F102/><W42/><G82/><T73/><D73/><U70/><E96/><V123/><F123/><W35/><G119/><T36/><D36/><U72/><E79/><V47/><F87/><W117/><G116/><T115/><D115/><U108/><E108/><V0/><F77/><W121/><G117/><T50/><D37/><U126/><E126/><V10/><F10/><W90/><G121/><T132/><D132/><U109/><E109/><V2/><F2/><W92/><G90/><T99/><D99/><U105/><E105/><V85/><F85/><W93/><G23/><T8/><REACH who="0" step="1"/><D86/><REACH who="0" ten="240,250,250,250" step="2"/><U84/><E84/><V48/><F48/><W98/><G98/><T26/><D26/><U12/><E72/><V17/><F17/><W78/><G35/><T40/><AGARI ba="0,1" hai="5,8,13,40,46,50,57,59,80,81,83,97,101,107" machi="40" ten="30,6000,0" yaku="1,1,0,1,52,1,53,0" doraHai="41" doraHaiUra="25" who="0" fromWho="0" sc="240,70,250,-20,250,-20,250,-20" /><INIT seed="0,1,0,1,3,20" ten="310,230,230,230" oya="0" hai0="1,52,13,16,106,114,126,93,21,130,73,82,44" hai1="65,103,22,70,37,54,59,84,128,36,90,83,131" hai2="24,17,116,28,100,14,57,31,74,34,56,49,12" hai3="87,101,121,39,96,11,32,41,91,48,51,81,60"/><T95/><D106/><U71/><E103/><V124/><F124/><W115/><G115/><T125/><D114/><U68/><E65/><V8/><F116/><W33/><G121/><T76/><D1/><U77/><E77/><V112/><F112/><W132/><G132/><T25/><D130/><N who="1" m="49707" /><E22/><V66/><F74/><W122/><G122/><T67/><D67/><U104/><E104/><V133/><F133/><W69/><G39/><T129/><D129/><U40/><E40/><V53/><F100/><W86/><G11/><T118/><D118/><U23/><E23/><V113/><F113/><W35/><G41/><T127/><D13/><U30/><E30/><V108/><F108/><W105/><G87/><T97/><D97/><U85/><E85/><V46/><F31/><W43/><G43/><T50/><AGARI ba="1,0" hai="16,21,25,44,50,52,73,76,82,93,95,125,126,127" machi="50" ten="40,12000,1" yaku="0,1,18,1,52,1,54,2" doraHai="20" who="0" fromWho="0" sc="310,123,230,-41,230,-41,230,-41" /><INIT seed="0,2,0,4,1,128" ten="433,189,189,189" oya="0" hai0="26,27,106,50,90,46,39,7,15,122,105,82,130" hai1="20,116,133,8,134,110,4,66,17,98,71,61,117" hai2="24,63,96,5,31,40,52,107,135,53,101,112,78" hai3="30,62,58,28,56,68,32,10,102,91,118,89,35"/><T45/><D122/><U67/><E98/><V109/><F112/><W34/><G118/><T119/><D130/><U36/><E36/><V125/><F125/><W87/><G10/><T131/><D131/><U103/><E103/><V70/><F109/><W80/><G102/><T54/><D7/><U12/><E67/><V111/><F111/><W16/><G68/><T129/><D15/><U64/><E66/><N who="2" m="41311" /><F5/><W120/><G120/><T76/><D90/><U13/><REACH who="1" step="1"/><E110/><REACH who="1" ten="433,179,189,189" step="2"/><V77/><F40/><W92/><G91/><T86/><D39/><U41/><E41/><V127/><F127/><W14/><G80/><T126/><D126/><U83/><E83/><V11/><F53/><W113/><G113/><T79/><D129/><U95/><E95/><V55/><F52/><W29/><REACH who="3" step="1"/><G62/><REACH who="3" ten="433,179,189,179" step="2"/><T0/><D82/><U3/><E3/><V94/><F101/><W49/><G49/><T42/><D0/><U114/><E114/><V59/><F107/><W44/><G44/><T69/><D46/><U43/><E43/><V33/><F59/><W65/><G65/><T97/><D69/><U18/><E18/><V85/><F94/><W38/><G38/><T74/><D42/><U60/><E60/><V75/><F55/><W51/><G51/><T99/><D45/><U48/><E48/><V81/><F81/><W115/><G115/><T124/><D50/><U73/><E73/><V108/><F75/><W57/><G57/><T47/><D54/><U1/><E1/><V93/><F93/><W104/><G104/><T88/><D47/><U22/><E22/><V132/><F108/><RYUUKYOKU ba="2,2" sc="433,-15,179,15,189,-15,179,15" hai1="4,8,12,13,17,20,61,64,71,116,117,133,134" hai3="14,16,28,29,30,32,34,35,56,58,87,89,92" /><INIT seed="1,3,2,1,1,81" ten="418,194,174,194" oya="1" hai0="134,86,96,130,54,23,29,77,127,21,2,83,62" hai1="55,112,89,32,133,108,13,70,64,15,106,104,12" hai2="113,43,52,110,38,92,68,39,18,51,82,9,115" hai3="76,57,87,107,66,101,97,124,69,71,80,94,40"/><U19/><E112/><N who="2" m="43083" /><F43/><W88/><G40/><T60/><D2/><U74/><E32/><V14/><F110/><W16/><G124/><T91/><D127/><U47/><E74/><V46/><F68/><W34/><G34/><T65/><D134/><U41/><E19/><V56/><F92/><W100/><G100/><T27/><D130/><U132/><E55/><N who="2" m="30199" /><F82/><W0/><G0/><T22/><D96/><U102/><E108/><V7/><F7/><W53/><G66/><T93/><D54/><U49/><E89/><V20/><F20/><W61/><REACH who="3" step="1"/><G16/><REACH who="3" ten="418,194,174,184" step="2"/><T109/><D109/><U11/><E11/><V123/><F123/><W48/><G48/><AGARI ba="3,3" hai="9,14,18,38,39,48,52,56" m="30199,43083" machi="48" ten="30,2000,0" yaku="11,1,54,1" doraHai="81" who="2" fromWho="3" sc="418,0,194,0,174,59,184,-29" /><INIT seed="2,0,0,1,4,89" ten="418,194,233,155" oya="2" hai0="12,125,101,86,32,43,134,33,54,115,132,97,113" hai1="82,108,40,19,4,106,99,29,46,107,20,23,111" hai2="2,38,84,5,52,75,95,59,127,70,118,83,112" hai3="73,11,7,114,34,135,105,13,26,10,27,30,74"/><V22/><F118/><W121/><G105/><N who="0" m="63663" /><D54/><U117/><E4/><V8/><F112/><W90/><G114/><N who="0" m="43531" /><D86/><U14/><E117/><V72/><F127/><W109/><G121/><T42/><D12/><U124/><E82/><V49/><F70/><W25/><G109/><N who="1" m="42058" /><E124/><V71/><F71/><W104/><G135/><N who="0" m="51755" /><D125/><U110/><E110/><V37/><F22/><W87/><G104/><T53/><D53/><U48/><E99/><V81/><F81/><W116/><G116/><T129/><D129/><U60/><E60/><V128/><F128/><W126/><G126/><T55/><D55/><U93/><E107/><V61/><F61/><W28/><G11/><T103/><D103/><U64/><E106/><V130/><F130/><W3/><G3/><T51/><D51/><U17/><E64/><V119/><F119/><W15/><G15/><T122/><D122/><U9/><E9/><V21/><F83/><W0/><G0/><T94/><D94/><U96/><E48/><V16/><F84/><W6/><G87/><T36/><D36/><U65/><E65/><V50/><F95/><W76/><G13/><T133/><D133/><U79/><E93/><V78/><F49/><W41/><G41/><AGARI ba="0,0" hai="32,33,41,42,43" m="51755,43531,63663" machi="41" ten="30,1000,0" yaku="20,1" doraHai="89" who="0" fromWho="3" sc="418,10,194,0,233,0,155,-10" /><INIT seed="3,0,0,0,0,5" ten="428,194,233,145" oya="3" hai0="7,55,105,96,52,44,25,85,134,19,14,33,108" hai1="86,73,125,63,62,21,121,1,91,32,27,2,37" hai2="50,112,74,54,76,127,107,117,99,88,120,116,129" hai3="60,43,18,77,133,113,101,26,97,11,59,124,67"/><W10/><G113/><T126/><D108/><U64/><E37/><V42/><F42/><W22/><G133/><T100/><D134/><U23/><E73/><V56/><F112/><W41/><G124/><T3/><D126/><U104/><E104/><V8/><F127/><W119/><G119/><T111/><D111/><U70/><E125/><V24/><F129/><W36/><G77/><T106/><D106/><U9/><E32/><V34/><F120/><W83/><G83/><T98/><D98/><U38/><E38/><V110/><F110/><W45/><REACH who="3" step="1"/><G43/><REACH who="3" ten="428,194,233,135" step="2"/><T49/><D55/><U58/><E121/><V40/><F40/><W94/><AGARI ba="0,1" hai="10,11,18,22,26,36,41,45,59,60,67,94,97,101" machi="94" ten="20,18000,2" yaku="1,1,2,1,0,1,7,1,52,2,53,0" doraHai="5" doraHaiUra="75" who="3" fromWho="3" sc="428,-60,194,-60,233,-60,135,190" /><INIT seed="3,1,0,0,0,38" ten="368,134,173,325" oya="3" hai0="130,91,84,4,20,106,16,58,121,66,43,77,68" hai1="98,97,103,99,127,29,79,18,92,7,36,107,32" hai2="9,72,119,31,76,128,60,57,63,116,12,114,81" hai3="123,105,37,65,70,11,104,14,22,2,8,109,78"/><W132/><G123/><T90/><D106/><U23/><E7/><V96/><F114/><W54/><G37/><T110/><D68/><U120/><E120/><V26/><F128/><W59/><G78/><T13/><D121/><U100/><E127/><V126/><F126/><W88/><G132/><T134/><D134/><U94/><E36/><V40/><F96/><W49/><G2/><T56/><D110/><U86/><E29/><V111/><F111/><W17/><G109/><T6/><D77/><U67/><E67/><V87/><F72/><W73/><G73/><T83/><D43/><U39/><E32/><V47/><F57/><N who="0" m="22122" /><D66/><U21/><E39/><V0/><F0/><W44/><G70/><T93/><D130/><U28/><E28/><V102/><F102/><W10/><G65/><T129/><D129/><U52/><E52/><V112/><F112/><W34/><G34/><T108/><D108/><U1/><E1/><V118/><F47/><W133/><G133/><T35/><D35/><U42/><E42/><V62/><F40/><W19/><G44/><T117/><D117/><U61/><E61/><V30/><REACH who="2" step="1"/><F26/><REACH who="2" ten="368,134,163,325" step="2"/><W101/><G101/><T48/><D48/><U85/><E99/><AGARI ba="1,1" hai="4,6,13,16,20,83,84,90,91,93,99" m="22122" machi="99" ten="30,2000,0" yaku="8,1,54,1" doraHai="38" who="0" fromWho="1" sc="368,33,134,-23,163,0,325,0" /><INIT seed="4,0,0,1,5,40" ten="401,111,163,325" oya="0" hai0="50,124,4,113,89,23,54,31,65,49,111,51,24" hai1="71,83,45,121,99,41,5,48,101,17,30,122,106" hai2="114,94,10,55,132,8,108,75,52,133,22,69,1" hai3="57,103,32,123,62,58,20,134,129,60,59,47,7"/><T84/><D113/><U39/><E71/><V96/><F69/><W85/><G32/><T46/><D124/><U26/><E5/><V109/><F75/><W18/><G134/><N who="2" m="51817" /><F22/><W107/><G129/><T14/><D111/><N who="2" m="42570" /><F114/><W70/><G70/><T16/><D4/><U36/><E17/><V135/><N who="2" m="51825" /><V56/><DORA hai="88" /><F1/><W95/><G7/><T38/><D38/><U6/><E6/><V72/><F72/><W80/><G123/><T12/><D65/><U3/><E3/><V28/><F28/><W73/><G73/><T13/><REACH who="0" step="1"/><D31/><REACH who="0" ten="391,111,163,325" step="2"/><U104/><E39/><V15/><F15/><W9/><G9/><T86/><D86/><U79/><E36/><V68/><F68/><W97/><G107/><T77/><D77/><U100/><E121/><V66/><F66/><W81/><G85/><T42/><D42/><U33/><E122/><V116/><F116/><W19/><G19/><T126/><D126/><U110/><E110/><V125/><F125/><W105/><G105/><T90/><D90/><U120/><E120/><V87/><F87/><W78/><G78/><T27/><D27/><U82/><E79/><V11/><F11/><W61/><G18/><T127/><D127/><U92/><REACH who="1" step="1"/><E106/><REACH who="1" ten="391,101,163,325" step="2"/><V74/><F8/><W93/><G20/><T118/><D118/><U115/><E115/><V102/><F10/><W128/><G128/><T34/><D34/><U67/><E67/><V25/><F74/><W131/><G131/><T21/><D21/><U76/><E76/><V37/><F37/><W35/><G35/><T98/><D98/><AGARI ba="0,2" hai="26,30,33,41,45,48,82,83,92,98,99,100,101,104" machi="98" ten="40,8000,1" yaku="1,1,52,2,53,1" doraHai="40,88" doraHaiUra="64,91" who="1" fromWho="0" sc="391,-80,101,100,163,0,325,0" /><INIT seed="5,0,0,1,5,10" ten="311,201,163,325" oya="1" hai0="87,11,24,66,0,97,104,50,109,64,114,132,129" hai1="68,127,60,15,70,107,21,106,76,96,26,18,108" hai2="35,62,119,74,16,42,39,40,3,32,113,12,133" hai3="44,22,122,29,28,72,63,134,2,1,88,79,4"/><U52/><E108/><V9/><F119/><W55/><G122/><T121/><D109/><U78/><E127/><V90/><F74/><W85/><G134/><T34/><D132/><U56/><E68/><V84/><F133/><W77/><G72/><T25/><D114/><U125/><E125/><V20/><F113/><W33/><G33/><T43/><D129/><U92/><E70/><V98/><F98/><W100/><G100/><T116/><D104/><U38/><E38/><V110/><F110/><W23/><G4/><T86/><D97/><U58/><E107/><V49/><F39/><W27/><G44/><T73/><D73/><U105/><E106/><V89/><F3/><W7/><G7/><T61/><D64/><N who="1" m="38919" /><E26/><N who="2" m="14599" /><F35/><W128/><G128/><T19/><D116/><U53/><E105/><V112/><F32/><W57/><G2/><T59/><D121/><U117/><E117/><V81/><F112/><W94/><G1/><T123/><D123/><U8/><E21/><V47/><F62/><W6/><G6/><T120/><D120/><U46/><E46/><V101/><F101/><W37/><G37/><T31/><D0/><U130/><E130/><V99/><F99/><W69/><G69/><T131/><D131/><U124/><E124/><V135/><F135/><W115/><G115/><T82/><D25/><AGARI ba="0,0" hai="22,23,25,27,28,29,55,57,63,77,79,85,88,94" machi="25" ten="40,5200,0" yaku="9,1,8,1,54,1" doraHai="10" who="3" fromWho="0" sc="311,-52,201,0,163,0,325,52" /><INIT seed="6,0,0,0,4,82" ten="259,201,163,377" oya="2" hai0="34,2,134,111,80,42,57,100,5,106,62,4,126" hai1="32,124,44,85,25,109,27,36,122,46,92,71,79" hai2="107,132,51,68,86,131,9,11,99,119,48,72,121" hai3="129,112,103,12,59,56,13,118,87,40,47,117,102"/><V7/><F121/><W75/><G75/><T45/><D111/><U108/><E71/><V78/><F119/><W120/><G120/><T115/><D34/><U61/><E61/><V123/><F123/><W24/><G129/><T66/><D115/><U83/><E122/><V52/><F68/><W41/><G24/><T96/><D134/><U35/><E92/><V21/><F131/><W135/><G47/><T30/><D30/><U0/><E0/><V110/><F132/><W67/><G135/><T8/><D126/><U38/><E83/><N who="2" m="47479" /><F72/><W77/><G77/><T74/><D5/><U84/><REACH who="1" step="1"/><E79/><REACH who="1" ten="259,191,163,377" step="2"/><V104/><F104/><W26/><G118/><T14/><D80/><U116/><E116/><V114/><F114/><W39/><G117/><T31/><D74/><U81/><E81/><V70/><F70/><W97/><G112/><T37/><REACH who="0" step="1"/><D31/><REACH who="0" ten="249,191,163,377" step="2"/><U128/><E128/><V113/><F113/><W43/><G39/><T125/><D125/><AGARI ba="0,2" hai="25,27,32,35,36,38,44,46,84,85,108,109,124,125" machi="125" ten="25,8000,1" yaku="1,1,22,2,52,2,53,0" doraHai="82" doraHaiUra="10" who="1" fromWho="0" sc="249,-80,191,100,163,0,377,0" /><INIT seed="7,0,0,4,0,111" ten="169,291,163,377" oya="3" hai0="134,18,48,93,112,119,7,42,57,11,117,71,29" hai1="84,74,109,131,124,64,16,133,114,128,68,35,66" hai2="83,123,44,13,85,10,54,108,37,0,43,88,90" hai3="73,100,62,99,36,27,58,95,3,1,87,129,65"/><W38/><G73/><T51/><D71/><U103/><E35/><V34/><F108/><W94/><G129/><T115/><D134/><U96/><E74/><V17/><F34/><W52/><G36/><T121/><D121/><U105/><E109/><V69/><F123/><W50/><G38/><T102/><D18/><U20/><E84/><V22/><F69/><W91/><G27/><T15/><D29/><U46/><E46/><AGARI ba="0,0" hai="1,3,46,50,52,58,62,65,87,91,94,95,99,100" machi="46" ten="30,2900,0" yaku="7,1,54,1" doraHai="111" who="3" fromWho="1" sc="169,0,291,-29,163,0,377,29" owari="169,-23.0,262,6.0,163,-34.0,406,51.0" /></mjloggm>