<mjloggm ver="2.3"><GO type="225" lobby="0"/><UN n0="%6B%61%6D%6F%73%75%6B%65" n1="%63%6F%61" n2="%E3%83%86%E3%82%A3%E3%82%AB%2D%CE%B3" n3="%E3%83%88%E3%83%88%E3%83%AA%E5%85%88%E7%94%9F%31%39%E6%AD%B3" dan="16,16,17,16" rate="2196.80,2133.99,2100.71,2156.37" sx="M,M,M,F"/><TAIKYOKU oya="0"/><INIT seed="0,0,0,5,5,91" ten="250,250,250,250" oya="0" hai0="95,80,108,85,17,72,114,130,24,45,101,67,69" hai1="12,62,54,38,124,94,36,39,99,32,9,78,134" hai2="77,132,60,4,1,135,79,83,121,118,11,22,20" hai3="90,14,102,27,47,87,0,21,115,81,88,55,103"/><T119/><D114/><U71/><E32/><V100/><F121/><W82/><G0/><T57/><D119/><U116/><E116/><V75/><F118/><W16/><G115/><T76/><D69/><U56/><E124/><V29/><F79/><W7/><G47/><T2/><D2/><U89/><E134/><V30/><F60/><W15/><G55/><T19/><D130/><U68/><REACH who="1" step="1"/><E78/><REACH who="1" ten="250,240,250,250" step="2"/><V104/><F132/><W70/><G70/><T126/><D126/><U63/><E63/><V86/><F77/><W46/><G46/><T23/><D45/><U3/><E3/><V127/><F1/><W31/><G7/><AGARI ba="0,1" hai="7,9,12,36,38,39,54,56,62,68,71,89,94,99" machi="7" ten="40,2600,0" yaku="1,1,52,1,53,0" doraHai="91" doraHaiUra="41" who="1" fromWho="3" sc="250,0,240,36,250,0,250,-26" /><INIT seed="1,0,0,3,5,82" ten="250,276,250,224" oya="1" hai0="60,33,58,104,103,94,52,25,95,66,78,54,57" hai1="2,99,46,6,1,108,106,59,14,15,40,35,111" hai2="41,22,123,23,50,39,79,8,10,30,38,105,61" hai3="67,68,42,75,85,81,44,76,49,125,12,17,7"/><U34/><E59/><V121/><F105/><W83/><G125/><T130/><D78/><U122/><E106/><V84/><F61/><W70/><G67/><T115/><D115/><U73/><E99/><V127/><F127/><W117/><G117/><T53/><D130/><U120/><E73/><V80/><F50/><W11/><REACH who="3" step="1"/><G17/><REACH who="3" ten="250,276,250,214" step="2"/><T87/><D66/><U13/><E6/><V77/><F123/><N who="1" m="47145" /><E40/><V112/><F41/><W64/><G64/><T92/><D60/><U113/><E113/><V45/><F121/><W5/><G5/><T100/><D104/><U18/><E18/><V21/><F112/><W110/><G110/><N who="1" m="42026" /><E46/><V98/><F45/><W88/><AGARI ba="0,1" hai="7,11,12,42,44,49,68,70,75,76,81,83,85,88" machi="88" ten="20,12000,2" yaku="1,1,0,1,7,1,52,1,54,1,53,1" doraHai="82" doraHaiUra="107" who="3" fromWho="3" sc="250,-30,276,-60,250,-30,214,130" /><INIT seed="2,0,0,5,1,76" ten="220,216,220,344" oya="2" hai0="108,77,55,132,32,96,1,73,52,98,59,92,64" hai1="111,113,15,70,31,34,105,122,29,65,11,56,35" hai2="53,86,36,72,27,87,9,60,2,117,114,58,82" hai3="24,41,71,130,128,7,90,78,5,94,33,44,134"/><V18/><F36/><W46/><G71/><T26/><D1/><U84/><E113/><V131/><F114/><W121/><G121/><T74/><D108/><U83/><E105/><V104/><F104/><W61/><G134/><T80/><D132/><U6/><E70/><V10/><F117/><W109/><G109/><T16/><D32/><U91/><E111/><V126/><F131/><N who="3" m="50219" /><G78/><T12/><D26/><U13/><E122/><V4/><F72/><W110/><G110/><T14/><D14/><N who="1" m="5495" /><E35/><V51/><F87/><N who="3" m="52575" /><G46/><T93/><D74/><U0/><E34/><V88/><F126/><W30/><G61/><N who="0" m="37951" /><D73/><U102/><E102/><V63/><REACH who="2" step="1"/><F9/><REACH who="2" ten="220,216,210,344" step="2"/><W54/><G54/><N who="0" m="20523" /><D98/><U101/><E0/><V62/><F62/><W21/><G33/><T49/><D96/><U79/><E101/><V118/><F118/><W48/><AGARI ba="0,1" hai="5,7,21,24,30,41,44,48" m="52575,50219" machi="48" ten="30,1100,0" yaku="19,1" doraHai="76" who="3" fromWho="3" sc="220,-3,216,-3,210,-5,344,21" /><INIT seed="3,0,0,2,3,86" ten="217,213,205,365" oya="3" hai0="64,40,124,132,73,98,114,25,93,54,45,52,94" hai1="5,87,75,88,72,55,56,79,19,43,103,99,80" hai2="24,101,135,113,11,118,7,8,100,106,105,65,34" hai3="63,0,12,27,112,84,30,39,35,74,102,44,14"/><W2/><G112/><T28/><D73/><U38/><E5/><V59/><F118/><W130/><G74/><T116/><D93/><N who="1" m="58863" /><E38/><V97/><F113/><W22/><G130/><T37/><D116/><U85/><E72/><V6/><F135/><W110/><G110/><T46/><D132/><U21/><E75/><V78/><F78/><W129/><G129/><T76/><D76/><U120/><E120/><V57/><F65/><W115/><G84/><T127/><D64/><U123/><E123/><V133/><F133/><W89/><G22/><N who="0" m="15415" /><D46/><U53/><E43/><V50/><F50/><W125/><G14/><T42/><D42/><U71/><E56/><V104/><F24/><W62/><G63/><T47/><D47/><U10/><E10/><N who="2" m="3627" /><F34/><W23/><G35/><T33/><D33/><U83/><E71/><V48/><F48/><W134/><G134/><T95/><D114/><U122/><E122/><V66/><F66/><W15/><G115/><T18/><D18/><U77/><E77/><V60/><F60/><W128/><G62/><T70/><D70/><U90/><E79/><V61/><F61/><W126/><G39/><T29/><D29/><U1/><E1/><V131/><F131/><W58/><G2/><T121/><D121/><U91/><E91/><V108/><F108/><W82/><G0/><T109/><D109/><U107/><E107/><N who="2" m="41035" /><F101/><W68/><G102/><N who="0" m="60759" /><D95/><U67/><E67/><V49/><F49/><W41/><G128/><T96/><D96/><U51/><E51/><V20/><F20/><W69/><G23/><T31/><D31/><U92/><E92/><RYUUKYOKU ba="0,0" sc="217,10,213,10,205,10,365,-30" hai0="37,40,45,52,54,124,127" hai1="19,21,53,55,80,83,85,87,88,90" hai2="6,7,57,59,97,100,106" owari="227,3.0,223,-18.0,215,-28.0,335,43.0" /></mjloggm>