<mjloggm ver="2.3"><GO type="169" lobby="0"/><UN n0="%64%75%72%72%72%72%72" n1="%50%6F%78%79" n2="%E3%82%A6%E3%83%AB%E3%83%88%E3%83%A9%E7%AB%8B%E7%9B%B4" n3="%4B%E3%80%82" dan="16,16,16,17" rate="2109.24,2103.15,2115.31,2055.40" sx="M,M,M,M"/><TAIKYOKU oya="0"/><INIT seed="0,0,0,4,4,4" ten="250,250,250,250" oya="0" hai0="3,67,49,76,126,108,14,94,37,2,72,130,45" hai1="73,99,9,34,6,64,41,66,100,7,65,119,47" hai2="103,63,61,117,42,98,43,44,48,51,112,29,89" hai3="79,40,39,71,118,115,11,62,18,78,113,16,24"/><T127/><D37/><U20/><E34/><V123/><F112/><W131/><G118/><T27/><D130/><U55/><E119/><V32/><F123/><W90/><G131/><T105/><D105/><U60/><E73/><V59/><F117/><W82/><G90/><T135/><D67/><U21/><E6/><V31/><F89/><W128/><G128/><T84/><D72/><U111/><E111/><V101/><F32/><W17/><G24/><T102/><D108/><U109/><E60/><V23/><F23/><W57/><G71/><T19/><D27/><U46/><E55/><V88/><F88/><W69/><G69/><T35/><D35/><U77/><E77/><V124/><F124/><N who="0" m="47658" /><D135/><U13/><E109/><V125/><F125/><W50/><G39/><T80/><D94/><U91/><E91/><V74/><F74/><W129/><G129/><T10/><D102/><U122/><E122/><V86/><F86/><N who="3" m="48471" /><G79/><T121/><D121/><U8/><E100/><V85/><F85/><W15/><G115/><T22/><D22/><U54/><E21/><V83/><F103/><W106/><G106/><T93/><D93/><U38/><E20/><V53/><F101/><W110/><G113/><T81/><D81/><U116/><E116/><V0/><F83/><W28/><G110/><T97/><D97/><U120/><E99/><V68/><F98/><W133/><G133/><T95/><D95/><U30/><E120/><V58/><F29/><W134/><G28/><T132/><D132/><U1/><E30/><V75/><F31/><W26/><G134/><T12/><D12/><RYUUKYOKU ba="0,0" sc="250,30,250,-10,250,-10,250,-10" hai0="2,3,10,14,19,45,49,76,80,84" /><INIT seed="0,1,0,2,1,76" ten="280,240,240,240" oya="0" hai0="103,114,50,78,64,107,9,22,77,15,86,113,109" hai1="49,124,2,102,110,65,63,135,39,75,132,82,91" hai2="7,56,97,33,89,62,1,53,42,125,126,38,88" hai3="28,90,0,61,71,16,130,31,17,118,106,81,101"/><T108/><D64/><U58/><E39/><V54/><F33/><W37/><G0/><T117/><D22/><U19/><E110/><N who="0" m="42601" /><D50/><U67/><E124/><N who="2" m="47723" /><F97/><W134/><G37/><T84/><D117/><U44/><E102/><V27/><F27/><W129/><G118/><T73/><D73/><U116/><E116/><V14/><F1/><W115/><G115/><N who="0" m="44043" /><D15/><U131/><E2/><V119/><F119/><W36/><G36/><T57/><D57/><U20/><E67/><V18/><F38/><W72/><G71/><T55/><D55/><U34/><E34/><V66/><F42/><W26/><G61/><T94/><D9/><U10/><E10/><N who="2" m="6487" /><F7/><W104/><G26/><T4/><D4/><U128/><E49/><V60/><F54/><W95/><G17/><T6/><D6/><U69/><E19/><V5/><F5/><W92/><G16/><T112/><D112/><U93/><E65/><V52/><F53/><W21/><G21/><T11/><D11/><U87/><E20/><V48/><F62/><W47/><G31/><T111/><D111/><U40/><E63/><V43/><F43/><W8/><G28/><T70/><D70/><AGARI ba="1,0" hai="48,52,56,60,66,70,88,89" m="6487,47723" machi="70" ten="30,3900,0" yaku="18,1,54,2" doraHai="76" who="2" fromWho="0" sc="280,-42,240,0,240,42,240,0" /><INIT seed="1,0,0,4,0,64" ten="238,240,282,240" oya="1" hai0="48,3,133,122,123,5,76,17,81,21,19,87,46" hai1="97,9,104,43,111,32,42,93,121,100,108,83,51" hai2="74,110,38,20,13,113,78,84,66,71,24,77,75" hai3="135,47,67,79,82,127,14,33,60,35,30,72,37"/><U15/><E32/><V117/><F38/><W116/><G127/><T114/><D114/><U91/><E121/><N who="0" m="46089" /><D133/><U4/><E83/><V132/><F117/><W54/><G116/><T62/><D62/><U34/><E34/><V26/><F84/><W120/><G120/><T7/><D3/><U126/><E126/><V57/><F57/><W98/><G135/><T115/><D115/><U118/><E118/><V55/><F55/><W99/><G14/><N who="0" m="9399" /><D19/><U80/><E80/><V50/><F13/><W88/><G30/><T39/><D39/><U102/><E102/><V95/><F24/><W52/><G37/><T59/><D59/><U73/><E73/><V22/><F26/><W125/><G125/><T129/><D129/><U29/><E29/><V70/><F75/><W6/><G6/><T86/><D86/><N who="1" m="52471" /><E51/><V65/><F50/><W36/><G36/><T109/><D109/><AGARI ba="0,0" hai="4,9,15,42,43,97,100,104,108,109,111" m="52471" machi="109" ten="30,2900,0" yaku="14,1,10,1" doraHai="64" who="1" fromWho="0" sc="238,-29,240,29,282,0,240,0" /><INIT seed="1,1,0,2,2,37" ten="209,269,282,240" oya="1" hai0="58,57,105,133,103,50,53,90,77,24,39,45,106" hai1="32,78,80,74,92,115,117,3,48,46,72,88,18" hai2="20,121,51,68,8,34,96,73,87,98,47,40,135" hai3="26,54,55,128,119,44,11,94,127,102,67,63,33"/><U112/><E117/><V52/><F73/><W100/><G119/><T36/><D133/><U79/><E32/><V60/><F34/><W113/><G113/><T83/><D90/><U19/><E3/><V25/><F121/><W82/><G127/><T111/><D58/><U99/><E112/><V14/><F135/><W104/><G104/><T65/><D106/><U2/><E2/><V59/><F87/><W10/><G33/><T5/><D111/><U15/><E115/><V95/><F68/><W114/><G114/><T84/><D5/><U120/><E120/><V108/><F108/><W134/><G26/><T129/><D129/><U56/><E56/><V110/><F110/><W12/><G128/><T126/><D126/><U70/><E70/><V7/><F95/><W125/><G125/><T107/><D24/><U76/><E19/><AGARI ba="1,0" hai="7,8,14,19,20,25,40,47,51,52,59,60,96,98" machi="19" ten="30,7700,0" yaku="7,1,8,1,52,1,54,1" doraHai="37" who="2" fromWho="1" sc="209,0,269,-80,282,80,240,0" /><INIT seed="2,0,0,5,0,135" ten="209,189,362,240" oya="2" hai0="118,105,84,4,86,19,63,112,53,61,54,62,34" hai1="55,102,91,73,32,92,96,38,3,82,98,7,9" hai2="24,100,80,26,128,36,39,12,14,8,99,22,95" hai3="104,21,132,117,107,134,52,93,56,47,120,69,15"/><V51/><F128/><W49/><G69/><T74/><D74/><U133/><E133/><N who="3" m="51306" /><G117/><T29/><D105/><U13/><E32/><V101/><F80/><W60/><G120/><T41/><D4/><U67/><E67/><V88/><F39/><W83/><G93/><T17/><D34/><U129/><E129/><V97/><F36/><W18/><G83/><T16/><D118/><U125/><E38/><V48/><F88/><W23/><G23/><T33/><D41/><AGARI ba="0,0" hai="15,18,21,41,47,49,52,56,60,104,107" m="51306" machi="41" ten="30,2000,0" yaku="20,1,54,1" doraHai="135" who="3" fromWho="0" sc="209,-20,189,0,362,0,240,20" /><INIT seed="3,0,0,1,3,62" ten="189,189,362,260" oya="3" hai0="56,102,131,39,17,91,4,126,55,89,18,109,133" hai1="118,83,107,26,123,71,33,110,112,125,52,66,70" hai2="87,67,50,12,103,0,108,40,69,41,38,94,46" hai3="1,72,100,27,63,101,76,11,20,45,2,8,54"/><W68/><G72/><T61/><D39/><U122/><E110/><V49/><F0/><W59/><G76/><T51/><D109/><U86/><E112/><V24/><F38/><W44/><G68/><T128/><D126/><U132/><E125/><V79/><F24/><W82/><G82/><T15/><D133/><U6/><E6/><V75/><F75/><W9/><G2/><T16/><D102/><N who="3" m="39529" /><G1/><T5/><D51/><U92/><E107/><V14/><F79/><W81/><G81/><T111/><D111/><U117/><E132/><V113/><F113/><W47/><G47/><T35/><D35/><U43/><E71/><V57/><F69/><W135/><G135/><T64/><D55/><U53/><E33/><V7/><F46/><W96/><G96/><T85/><D91/><U88/><E83/><V97/><F103/><W65/><G54/><N who="1" m="21098" /><E43/><V93/><F108/><W124/><G124/><T129/><D15/><U121/><E26/><V99/><F14/><W98/><G98/><T95/><AGARI ba="0,0" hai="4,5,16,17,18,56,61,64,85,89,95,128,129,131" machi="95" ten="40,8000,1" yaku="0,1,19,1,52,1,54,1" doraHai="62" who="0" fromWho="0" sc="189,80,189,-20,362,-20,260,-40" /><INIT seed="4,0,0,3,0,79" ten="269,169,342,220" oya="0" hai0="86,101,64,111,18,103,115,25,69,12,54,135,15" hai1="131,133,60,61,19,108,4,47,82,58,23,74,55" hai2="29,8,114,73,22,40,35,119,37,95,33,94,14" hai3="10,80,120,71,112,122,51,6,44,66,88,31,81"/><T118/><D118/><U106/><E108/><V17/><F73/><W65/><G31/><T116/><D116/><U41/><E106/><V38/><F119/><W39/><G39/><T30/><D111/><U102/><E102/><V0/><F114/><W32/><G32/><T59/><D115/><U20/><E131/><V50/><F35/><W63/><G66/><T7/><D69/><U104/><E104/><V90/><F50/><W96/><G112/><T45/><D64/><U129/><E133/><V36/><F40/><N who="3" m="24967" /><G96/><T52/><D135/><U2/><E129/><V77/><F77/><W26/><G26/><T130/><D130/><U70/><E61/><V123/><F123/><N who="3" m="47147" /><G88/><T128/><D45/><U124/><E70/><V49/><F90/><W34/><G34/><T89/><D128/><U11/><E124/><V98/><F98/><W76/><G76/><T78/><D25/><U91/><E74/><V21/><F38/><W48/><G48/><N who="0" m="31111" /><D30/><U109/><E109/><V127/><F37/><W132/><G132/><T46/><D54/><U68/><E68/><V85/><F36/><W57/><G71/><T87/><D46/><U62/><E55/><V27/><F33/><W53/><G53/><T75/><D75/><U5/><E47/><V28/><F28/><W83/><G10/><N who="0" m="4191" /><D78/><U113/><E113/><V121/><F121/><W56/><G56/><T105/><D105/><U67/><E58/><V107/><F107/><W84/><G6/><T9/><D86/><U3/><E67/><V125/><F85/><W134/><G134/><T126/><D126/><N who="2" m="48138" /><F49/><W93/><G84/><RYUUKYOKU ba="0,0" sc="269,10,169,-30,342,10,220,10" hai0="9,15,18,87,89,101,103" hai2="0,8,14,17,21,22,27,29,94,95" hai3="57,63,65,80,81,83,93" /><INIT seed="4,1,0,4,4,26" ten="279,139,352,230" oya="0" hai0="42,133,73,90,104,124,115,18,27,25,64,106,63" hai1="121,107,129,54,111,55,101,36,45,69,128,88,14" hai2="12,89,60,87,118,100,11,81,78,10,92,85,16" hai3="99,15,8,67,82,48,56,17,131,57,74,24,47"/><T65/><D73/><U6/><E69/><V86/><F118/><W132/><G132/><T77/><D133/><U93/><E111/><V123/><F123/><W58/><G131/><T21/><D77/><U75/><E121/><V94/><F60/><W105/><G105/><T84/><D115/><U41/><E75/><V44/><F44/><W68/><G68/><T43/><D124/><U66/><E66/><V9/><F100/><W125/><G125/><T46/><D27/><U33/><E33/><V109/><F109/><W35/><G99/><T23/><D23/><U59/><E101/><V52/><F52/><N who="1" m="20009" /><E59/><V37/><F37/><W80/><G67/><T1/><D1/><U122/><E107/><V31/><F31/><W20/><G35/><T72/><D72/><U13/><E6/><V49/><F49/><W51/><G74/><T96/><D65/><U62/><E62/><V135/><F135/><W112/><G112/><T40/><D96/><N who="1" m="57383" /><E122/><V70/><F70/><W50/><REACH who="3" step="1"/><G47/><REACH who="3" ten="279,139,352,220" step="2"/><T134/><D46/><U117/><E117/><V7/><F7/><AGARI ba="1,1" hai="7,8,15,17,20,24,48,50,51,56,57,58,80,82" machi="7" ten="40,8000,1" yaku="1,1,2,1,8,1,53,1" doraHai="26" doraHaiUra="5" who="3" fromWho="2" sc="279,0,139,0,352,-83,220,93" /><INIT seed="5,0,0,1,4,0" ten="279,139,269,313" oya="1" hai0="35,133,77,122,95,126,87,66,12,123,71,85,134" hai1="56,130,132,61,70,11,17,106,28,108,116,102,84" hai2="94,44,105,38,82,41,51,14,32,30,65,31,111" hai3="6,69,63,50,120,18,99,76,80,107,22,72,55"/><U114/><E116/><V15/><F105/><W93/><G107/><T13/><D35/><U52/><E114/><V121/><F121/><N who="0" m="46090" /><D126/><U83/><E130/><V20/><F111/><W86/><G72/><T118/><D118/><U49/><E108/><V5/><F32/><W29/><G120/><T79/><D66/><U101/><E132/><N who="0" m="50793" /><D71/><U24/><E106/><V47/><F65/><W46/><G69/><T1/><D1/><U129/><E129/><V113/><F113/><W115/><G63/><T58/><D58/><U57/><E70/><V26/><F94/><W64/><G64/><T10/><D12/><N who="1" m="7327" /><E24/><V19/><F82/><W124/><G124/><T131/><D131/><U42/><E28/><V127/><F127/><W36/><G29/><T67/><D67/><N who="1" m="39335" /><E42/><V119/><F119/><W91/><G115/><T135/><N who="0" m="50801" /><T2/><DORA hai="68" /><D2/><U75/><E75/><V33/><F30/><W78/><G55/><T39/><D39/><U8/><E8/><N who="2" m="4367" /><F38/><W43/><G36/><T109/><D109/><U27/><E27/><V73/><F73/><W74/><G74/><T104/><D104/><U45/><E57/><V90/><F47/><W21/><G46/><T110/><D110/><U128/><E128/><V48/><F44/><W92/><G22/><T9/><D9/><U89/><AGARI ba="0,0" hai="45,49,52,83,84,89,101,102" m="39335,7327" machi="89" ten="30,6000,0" yaku="25,1,8,1,54,1" doraHai="0,68" who="1" fromWho="1" sc="279,-20,139,60,269,-20,313,-20" /><INIT seed="5,1,0,2,3,28" ten="259,199,249,293" oya="1" hai0="129,23,135,109,119,22,57,24,125,93,91,58,115" hai1="77,96,37,106,108,89,127,7,59,111,36,73,30" hai2="117,12,43,11,98,48,3,130,31,4,112,133,128" hai3="118,39,123,6,95,122,67,19,132,18,1,71,41"/><U64/><E7/><V68/><F68/><W134/><G118/><T84/><D109/><N who="1" m="42059" /><E127/><V62/><F117/><W75/><G75/><T50/><D119/><U72/><E30/><V45/><F62/><N who="3" m="40439" /><G95/><T51/><D125/><U87/><E77/><V99/><F133/><N who="3" m="51307" /><G41/><T13/><D135/><U27/><E27/><V97/><F112/><W35/><G35/><T79/><D129/><N who="2" m="49770" /><F31/><W47/><G47/><T2/><D2/><AGARI ba="1,0" hai="2,3,4,11,12,43,45,48,97,98,99" m="49770" machi="2" ten="30,1000,0" yaku="19,1" doraHai="28" who="2" fromWho="0" sc="259,-13,199,0,249,13,293,0" /><INIT seed="6,0,0,2,4,113" ten="246,199,262,293" oya="2" hai0="75,84,16,81,2,69,85,109,80,90,132,122,114" hai1="42,82,29,83,18,89,21,105,39,10,27,15,96" hai2="108,35,64,101,100,31,40,48,9,103,13,50,49" hai3="102,4,88,93,36,128,30,86,6,106,0,134,51"/><V70/><F108/><W127/><G36/><T8/><D122/><U33/><E39/><V97/><F40/><W24/><G0/><T115/><D109/><U45/><E42/><V7/><F35/><W5/><G127/><T28/><D75/><U62/><E45/><V1/><F1/><W76/><G128/><T112/><D132/><U52/><E105/><V121/><F121/><W73/><G134/><T87/><D69/><U135/><E135/><V124/><F124/><W65/><G65/><T78/><D28/><U60/><E60/><V110/><F110/><W66/><G66/><T61/><D61/><U32/><E32/><V14/><F70/><W133/><G51/><T37/><D37/><U26/><E96/><V104/><F64/><W17/><G17/><T119/><D85/><U130/><E89/><V57/><F57/><W72/><G133/><T99/><D99/><U53/><E130/><V58/><F58/><W94/><G94/><T95/><D119/><U123/><E123/><V54/><F54/><W41/><G41/><T68/><D68/><U47/><E53/><V12/><F31/><W120/><G120/><T107/><D107/><U20/><E33/><V67/><F67/><W79/><G106/><T59/><D59/><N who="1" m="35175" /><E47/><V25/><F97/><N who="3" m="59695" /><G73/><T55/><D55/><U77/><E77/><V3/><F104/><W126/><G72/><T117/><D117/><U91/><E91/><V23/><F3/><W74/><G74/><T125/><D125/><U11/><E11/><V131/><F131/><W43/><G126/><T56/><D114/><U118/><E118/><RYUUKYOKU ba="0,0" sc="246,-15,199,15,262,15,293,-15" hai1="10,15,18,20,21,26,27,29,82,83" hai2="7,9,12,13,14,23,25,48,49,50,100,101,103" /><INIT seed="6,1,0,0,0,61" ten="231,214,277,278" oya="2" hai0="40,128,52,66,17,60,68,1,42,80,102,119,98" hai1="103,124,25,4,35,111,95,85,28,86,71,9,54" hai2="93,130,122,75,16,135,112,21,64,127,101,88,3" hai3="92,73,100,23,82,33,79,11,5,6,116,115,8"/><V97/><F122/><W34/><G116/><T96/><D1/><U49/><E111/><V12/><F3/><W121/><G121/><T131/><D119/><U107/><E124/><V108/><F75/><W113/><G23/><T78/><D17/><U134/><E134/><V84/><F135/><W2/><G92/><N who="0" m="58631" /><D98/><U87/><E71/><V19/><F127/><W125/><G100/><T32/><D52/><U51/><E107/><V13/><F130/><N who="0" m="49706" /><D32/><U50/><E103/><V30/><F30/><W44/><G125/><T27/><D27/><U91/><REACH who="1" step="1"/><E54/><REACH who="1" ten="231,204,277,278" step="2"/><V65/><F108/><W105/><G105/><T43/><D43/><U7/><E7/><V18/><F112/><W24/><G115/><T48/><D48/><U69/><E69/><V90/><F101/><W114/><G113/><T26/><D26/><U109/><E109/><V120/><F120/><W45/><G114/><T94/><D94/><U126/><E126/><V59/><F19/><W38/><G24/><T0/><D0/><AGARI ba="1,1" hai="0,4,9,25,28,35,49,50,51,85,86,87,91,95" machi="0" ten="40,1300,0" yaku="1,1,53,0" doraHai="61" doraHaiUra="58" who="1" fromWho="0" sc="231,-16,204,26,277,0,278,0" /><INIT seed="7,0,0,0,5,54" ten="215,230,277,278" oya="3" hai0="77,14,135,60,32,101,68,45,131,36,116,115,6" hai1="117,75,25,84,62,125,108,30,69,33,47,85,48" hai2="122,59,127,43,31,37,40,121,17,41,87,38,134" hai3="132,102,8,105,100,83,22,114,21,44,56,70,26"/><W74/><G70/><T93/><D116/><U27/><E108/><V39/><F31/><W29/><G105/><T18/><D32/><U0/><E75/><V71/><F71/><W11/><G74/><T67/><D135/><U80/><E0/><V63/><F134/><W1/><G1/><T107/><D107/><U92/><E125/><V126/><F87/><W49/><G114/><T123/><D123/><N who="2" m="47114" /><F17/><W7/><G7/><T88/><D115/><U98/><E80/><V50/><F50/><W89/><G22/><T65/><D65/><AGARI ba="0,0" hai="37,38,39,40,41,43,59,63,65,126,127" m="47114" machi="65" ten="40,8000,1" yaku="13,1,34,2,52,1" doraHai="54" who="2" fromWho="0" sc="215,-80,230,0,277,80,278,0" owari="135,-36.0,230,-17.0,357,45.0,278,8.0" /></mjloggm>