<mjloggm ver="2.3"><GO type="169" lobby="0"/><UN n0="%6B%6F%6B%75%73%68%69%61" n1="%E5%B0%B1%E6%B4%BB%E7%94%9F%40%E5%B7%9D%E6%9D%91%E8%BB%8D%E5%9B%A3" n2="%E3%81%82%E3%81%B2%E3%82%8B%E3%81%95%E3%82%93" n3="%E9%87%8E%E8%8F%9C%E3%81%98%E3%82%83%E3%81%AA%E3%81%84%E3%82%88" dan="16,16,17,16" rate="2114.49,2110.41,2133.88,2096.41" sx="M,M,M,F"/><TAIKYOKU oya="0"/><INIT seed="0,0,0,4,3,68" ten="250,250,250,250" oya="0" hai0="13,110,126,104,38,24,78,97,124,83,132,128,91" hai1="44,84,27,123,70,90,51,134,117,120,66,130,69" hai2="52,127,106,74,37,73,112,105,42,25,30,14,116" hai3="61,131,31,8,11,71,98,121,12,50,55,111,1"/><T35/><D128/><U95/><E117/><V81/><F112/><W23/><G1/><T29/><D132/><U32/><E130/><V88/><F127/><W77/><G131/><T118/><D118/><U22/><E134/><V93/><F116/><W49/><G111/><T80/><D110/><U26/><E32/><V101/><F101/><W33/><G77/><T115/><D115/><U108/><E108/><V129/><F129/><W87/><G87/><T119/><D119/><U135/><E135/><V0/><F0/><W109/><G109/><T102/><D13/><U18/><E27/><V113/><F113/><W96/><G33/><T54/><D54/><U40/><REACH who="1" step="1"/><E66/><REACH who="1" ten="250,240,250,250" step="2"/><V46/><F25/><N who="3" m="16831" /><G121/><AGARI ba="0,1" hai="18,22,26,40,44,51,69,70,84,90,95,120,121,123" machi="121" ten="40,2600,0" yaku="1,1,53,1" doraHai="68" doraHaiUra="47" who="1" fromWho="3" sc="250,0,240,36,250,0,250,-26" /><INIT seed="1,0,0,4,2,78" ten="250,276,250,224" oya="1" hai0="97,54,117,17,9,130,134,47,82,6,119,76,107" hai1="123,100,114,35,40,64,74,135,128,124,3,16,127" hai2="103,1,62,115,93,56,26,90,50,7,110,55,88" hai3="39,36,18,53,121,112,37,118,45,83,20,65,72"/><U24/><E74/><V84/><F110/><W96/><G112/><T4/><D130/><U86/><E100/><V81/><F115/><W99/><G121/><T109/><D109/><U12/><E40/><V94/><F1/><W49/><G118/><T34/><D34/><U30/><E114/><V73/><F7/><W19/><G65/><T38/><D134/><U95/><E64/><V120/><F120/><W122/><G122/><T33/><D33/><U48/><E123/><V41/><F73/><W67/><G67/><T31/><D31/><U129/><E48/><V2/><F2/><W69/><G69/><T125/><D125/><N who="1" m="48203" /><E135/><V116/><F116/><W11/><G11/><T68/><D68/><U25/><E3/><V14/><F41/><W58/><G58/><T28/><D28/><N who="1" m="19847" /><E95/><V46/><F103/><W105/><G105/><T22/><D107/><U89/><E89/><V87/><F94/><W132/><G132/><T5/><D119/><U32/><E86/><V111/><F111/><W113/><G113/><T108/><D117/><U106/><E106/><V57/><F62/><W75/><G72/><T126/><D126/><U21/><AGARI ba="0,0" hai="12,16,21,25,30,32,128,129" m="19847,48203" machi="21" ten="30,11700,0" yaku="18,1,34,2,54,1" doraHai="78" who="1" fromWho="1" sc="250,-39,276,117,250,-39,224,-39" /><INIT seed="1,1,0,4,4,76" ten="211,393,211,185" oya="1" hai0="134,17,135,59,60,47,35,44,87,24,27,25,7" hai1="92,127,122,91,57,54,73,52,97,85,109,32,6" hai2="48,79,115,101,56,113,62,26,22,53,4,110,102" hai3="0,130,77,105,71,125,82,119,96,106,124,120,18"/><U72/><E122/><V3/><F110/><W40/><G0/><T89/><D35/><U50/><E32/><V114/><F4/><W13/><G71/><T98/><D98/><U131/><E131/><V69/><F3/><W88/><G120/><T80/><D7/><U8/><E127/><N who="3" m="48714" /><G119/><T31/><D31/><U9/><E109/><V100/><F69/><W34/><G40/><T83/><D17/><U58/><E97/><V108/><F108/><W20/><G34/><T104/><D104/><U42/><E42/><V55/><F79/><W121/><G121/><T123/><D123/><U21/><E21/><V45/><REACH who="2" step="1"/><F101/><REACH who="2" ten="211,393,201,185" step="2"/><W90/><G130/><T116/><D116/><U1/><REACH who="1" step="1"/><E8/><REACH who="1" ten="211,383,201,185" step="2"/><V112/><N who="2" m="29184" /><DORA hai="43" /><V70/><F70/><W75/><G96/><T28/><D134/><U29/><E29/><AGARI ba="1,2" hai="22,26,29,45,48,53,55,56,62,100,102" m="29184" machi="29" ten="70,8000,1" yaku="1,1,11,1,52,1,53,0" doraHai="76,43" doraHaiUra="68,66" who="2" fromWho="1" sc="211,0,383,-83,201,103,185,0" /><INIT seed="2,0,0,1,1,47" ten="211,300,304,185" oya="2" hai0="48,108,5,118,67,83,4,81,82,85,18,119,33" hai1="34,121,30,1,55,107,134,79,44,32,60,52,105" hai2="132,57,24,50,12,116,63,128,35,17,9,62,51" hai3="65,56,73,112,94,31,135,124,37,80,59,125,23"/><V38/><F116/><W68/><G135/><T88/><D33/><U126/><E1/><V61/><F38/><W103/><G37/><T14/><D108/><U131/><E79/><V123/><F123/><W16/><G31/><T89/><D67/><U98/><E121/><V91/><F128/><W111/><G111/><T21/><D119/><U69/><E131/><V97/><F132/><W110/><G110/><T45/><D118/><U49/><E134/><V113/><F113/><W93/><G68/><T87/><REACH who="0" step="1"/><D81/><REACH who="0" ten="201,300,304,185" step="2"/><U95/><E34/><V64/><F64/><W109/><G65/><T58/><D58/><U39/><E69/><V13/><F57/><W15/><G109/><T29/><D29/><U40/><E32/><V115/><F115/><W72/><G80/><T0/><D0/><U96/><E30/><V100/><F35/><W46/><G59/><T7/><D7/><U2/><E2/><V53/><F63/><W127/><G56/><T6/><D6/><U10/><E60/><V20/><F62/><W106/><G112/><T77/><D77/><U90/><E126/><V74/><F61/><W22/><G46/><T117/><D117/><U133/><E133/><V26/><F17/><W104/><G124/><T41/><AGARI ba="0,1" hai="4,5,14,18,21,41,45,48,82,83,85,87,88,89" machi="41" ten="20,16000,3" yaku="1,1,0,1,7,1,9,1,8,1,52,1,54,1,53,2" doraHai="47" doraHaiUra="84" who="0" fromWho="0" sc="201,170,300,-40,304,-80,185,-40" /><INIT seed="3,0,0,1,4,52" ten="371,260,224,145" oya="3" hai0="29,62,84,4,80,115,34,38,72,21,10,109,30" hai1="100,5,101,23,117,89,90,40,125,60,16,70,102" hai2="129,54,106,130,28,103,67,118,57,123,97,112,9" hai3="131,8,64,78,120,17,50,35,73,36,15,75,63"/><W104/><G36/><T0/><D109/><U26/><E117/><V27/><F112/><W87/><G120/><T119/><D119/><U18/><E125/><V124/><F118/><W53/><G104/><T86/><D38/><U135/><E135/><V42/><F124/><W110/><G35/><T48/><D34/><U105/><E105/><V71/><F42/><W11/><G110/><T85/><D21/><U88/><E5/><V113/><F113/><W1/><G131/><T51/><D62/><U121/><E121/><V47/><F47/><W45/><G1/><T68/><D68/><U66/><REACH who="1" step="1"/><E40/><REACH who="1" ten="371,250,224,145" step="2"/><V69/><F123/><W22/><G75/><T126/><D4/><U59/><E59/><V31/><F71/><W65/><G73/><T91/><D72/><U49/><E49/><V37/><F37/><W128/><G128/><T74/><D48/><U7/><E7/><V58/><F69/><W79/><G63/><T108/><D51/><U25/><E25/><V32/><F130/><W132/><G132/><T98/><D74/><U39/><E39/><V134/><F129/><W122/><G122/><T96/><D126/><U107/><E107/><V116/><F134/><W81/><G78/><T41/><D41/><U33/><E33/><V3/><F32/><W20/><G22/><T43/><D43/><U12/><E12/><V56/><F116/><W55/><G20/><T14/><D14/><U6/><E6/><N who="2" m="1247" /><F27/><W76/><G79/><T83/><D115/><U46/><E46/><V127/><F127/><W94/><G76/><T82/><D0/><U44/><E44/><RYUUKYOKU ba="0,1" sc="371,-10,250,30,224,-10,145,-10" hai1="16,18,23,26,60,66,70,88,89,90,100,101,102" /><INIT seed="4,1,1,5,5,54" ten="361,280,214,135" oya="0" hai0="3,74,78,86,56,132,110,84,109,83,31,53,106" hai1="17,62,95,7,18,26,98,114,113,41,102,118,131" hai2="42,57,121,75,51,94,0,87,49,71,30,48,72" hai3="117,116,96,38,61,34,93,20,13,5,46,119,59"/><T76/><D132/><U24/><E131/><V124/><F71/><W120/><G34/><T33/><D106/><U97/><E118/><V50/><F121/><W105/><G105/><T130/><D130/><U112/><E7/><V126/><F0/><W108/><G108/><N who="0" m="41579" /><D3/><U91/><E41/><V67/><F30/><W80/><G120/><T58/><D78/><U99/><E62/><N who="2" m="38351" /><F42/><W66/><G80/><T101/><D101/><U115/><N who="1" m="29184" /><DORA hai="35" /><U44/><E44/><V85/><F48/><W2/><G46/><T28/><D58/><U21/><E102/><V60/><F60/><W104/><G104/><T107/><D107/><U134/><E134/><V11/><F11/><W92/><G38/><T70/><D70/><U127/><E127/><N who="2" m="48683" /><F94/><W23/><G2/><T100/><D100/><U45/><E45/><V63/><F63/><W123/><G123/><T27/><D28/><U77/><E77/><V36/><F36/><W40/><G40/><T52/><D53/><U32/><E32/><V19/><F19/><W103/><REACH who="3" step="1"/><G93/><REACH who="3" ten="361,280,214,125" step="2"/><T128/><D128/><U81/><E81/><V14/><F75/><W122/><G122/><T82/><D82/><U22/><AGARI ba="1,2" hai="17,18,21,22,24,26,91,95,97,98,99" m="29184" machi="22" ten="60,8000,1" yaku="0,1,9,1,15,1,11,1" doraHai="54,35" who="1" fromWho="1" sc="361,-41,280,103,214,-21,125,-21" /><INIT seed="5,0,0,0,3,68" ten="320,383,193,104" oya="1" hai0="7,113,111,27,0,72,44,24,94,99,28,87,105" hai1="74,15,3,122,70,31,83,126,67,98,8,100,50" hai2="51,106,61,19,38,16,42,112,2,25,58,96,4" hai3="17,49,123,120,104,81,97,95,34,125,65,77,63"/><U40/><E122/><V102/><F51/><W82/><G125/><T127/><D72/><U134/><E3/><V54/><F112/><W80/><G77/><T20/><D111/><U132/><E31/><V56/><F56/><W135/><G135/><T6/><D113/><U30/><E30/><V109/><F109/><W84/><G34/><T13/><D0/><U73/><E126/><V43/><F43/><W23/><G49/><T37/><D105/><U5/><E67/><V79/><F79/><W110/><G104/><T47/><D87/><U62/><E62/><V118/><F118/><W35/><G35/><T116/><D116/><U60/><E60/><V18/><F4/><W9/><G9/><T22/><D127/><U75/><E70/><V114/><F2/><W14/><G110/><T52/><D37/><U133/><E83/><V89/><F114/><W103/><REACH who="3" step="1"/><G84/><REACH who="3" ten="320,383,193,94" step="2"/><T48/><D48/><U130/><E50/><V12/><F106/><W108/><G108/><T41/><D44/><U129/><E40/><V59/><F42/><W115/><G115/><T45/><D47/><U85/><E85/><V88/><F61/><W26/><G26/><T71/><D24/><U78/><E78/><V124/><F25/><W33/><G33/><T11/><D27/><U10/><E8/><V101/><F124/><W55/><G55/><T93/><D11/><U117/><E117/><V128/><F54/><W53/><G53/><T29/><D52/><U86/><E86/><V91/><F59/><AGARI ba="0,1" hai="14,17,23,59,63,65,80,81,82,95,97,103,120,123" machi="59" ten="40,1300,0" yaku="1,1,53,0" doraHai="68" doraHaiUra="131" who="3" fromWho="2" sc="320,0,383,0,193,-13,94,23" /><INIT seed="6,0,0,3,1,28" ten="320,383,180,117" oya="2" hai0="25,69,132,89,23,53,97,83,12,14,50,129,105" hai1="111,42,102,76,39,1,118,133,54,87,29,3,13" hai2="52,122,96,7,40,56,80,125,124,8,73,58,77" hai3="62,119,123,116,10,128,18,108,66,95,26,33,24"/><V48/><F122/><W130/><G108/><T46/><D129/><N who="3" m="49769" /><G123/><T98/><D132/><U106/><E111/><V16/><F40/><W30/><G95/><T82/><D69/><U81/><E133/><V135/><F135/><W43/><G43/><T92/><D105/><U86/><E29/><V131/><F131/><W72/><G72/><T55/><D98/><U109/><E109/><V85/><F73/><W45/><G45/><T120/><D120/><U71/><E71/><V127/><F96/><W17/><G26/><T100/><D100/><U27/><E27/><V35/><F35/><W114/><G114/><T32/><D32/><U79/><E42/><V21/><F8/><W20/><G10/><T59/><D83/><U84/><E39/><V117/><F117/><N who="3" m="45131" /><G20/><T121/><D82/><U67/><E81/><V9/><F9/><W6/><G6/><T126/><D121/><U99/><E118/><V61/><F7/><W90/><G90/><T107/><D107/><U37/><E99/><V70/><F70/><AGARI ba="0,0" hai="17,18,24,30,33,62,66,70" m="45131,49769" machi="70" ten="30,2000,0" yaku="19,1,52,1" doraHai="28" who="3" fromWho="2" sc="320,0,383,0,180,-20,117,20" /><INIT seed="7,0,0,0,4,134" ten="320,383,160,137" oya="3" hai0="19,16,114,90,118,122,108,112,123,78,33,61,77" hai1="40,64,127,38,87,135,18,43,81,98,37,104,131" hai2="29,125,100,21,2,102,62,1,34,75,51,8,124" hai3="13,65,45,67,116,20,66,68,4,110,6,42,88"/><W121/><G121/><N who="0" m="46091" /><D108/><U63/><E127/><N who="2" m="48715" /><F75/><W91/><G116/><T27/><D118/><U83/><E98/><V93/><F34/><W86/><G68/><T10/><D61/><U15/><E104/><V44/><F62/><W52/><G110/><T79/><D10/><U128/><E135/><V120/><F120/><W101/><G101/><N who="2" m="39017" /><F8/><W109/><G109/><T130/><D130/><N who="1" m="49707" /><E40/><N who="2" m="24967" /><F93/><N who="3" m="54423" /><G91/><T32/><D90/><U14/><E43/><V107/><F107/><W17/><G42/><T85/><D85/><U28/><E87/><V132/><F132/><W84/><G84/><T89/><D89/><U35/><E35/><N who="0" m="13385" /><D27/><AGARI ba="0,0" hai="1,2,21,27,29" m="24967,39017,48715" machi="27" ten="30,7700,0" yaku="18,1,52,3" doraHai="134" who="2" fromWho="0" sc="320,-77,383,0,160,77,137,0" owari="243,4.0,383,48.0,237,-16.0,137,-36.0" /></mjloggm>