<mjloggm ver="2.3"><GO type="169" lobby="0"/><UN n0="%E3%82%A6%E3%83%AB%E3%83%88%E3%83%A9%E7%AB%8B%E7%9B%B4" n1="%E3%81%AE%E3%81%86%E3%81%AA%E3%82%81%E3%82%8D%E3%82%93" n2="%E3%82%A2%E3%82%AB%E3%82%AE%EF%BC%A0%E5%B7%9D%E6%9D%91%E8%BB%8D%E5%9B%A3" n3="%E3%81%8B%E3%81%AB%E3%83%9E%E3%82%B8%E3%83%B3" dan="17,16,17,17" rate="2175.14,2105.94,2201.37,2168.96" sx="M,M,M,M"/><TAIKYOKU oya="0"/><INIT seed="0,0,0,2,4,43" ten="250,250,250,250" oya="0" hai0="24,52,6,14,95,102,60,4,110,0,89,79,15" hai1="47,99,25,64,97,94,45,10,105,122,77,27,61" hai2="132,128,118,20,71,30,31,40,70,96,135,87,112" hai3="19,92,88,23,5,91,106,59,69,2,124,68,111"/><T48/><D110/><U34/><E122/><V104/><F112/><W74/><G106/><T90/><D79/><U133/><E133/><V46/><F128/><W8/><G74/><T98/><D60/><U17/><E77/><V29/><F118/><W75/><G75/><T130/><D130/><U13/><E105/><V113/><F113/><W101/><G101/><T116/><D116/><U93/><E34/><V16/><F87/><W18/><G111/><T28/><D0/><U22/><E94/><V117/><F117/><W83/><G124/><T82/><D82/><U7/><E27/><N who="2" m="14727" /><F96/><W33/><G33/><T81/><D81/><U127/><E127/><V85/><F85/><W125/><G83/><T36/><D36/><U76/><E76/><V103/><F103/><W121/><G125/><T11/><D14/><U78/><E78/><V100/><F100/><W55/><G19/><T114/><D4/><U84/><E84/><V32/><F32/><W58/><G58/><T57/><D114/><U12/><E12/><V49/><F104/><W51/><G121/><T73/><REACH who="0" step="1"/><D73/><REACH who="0" ten="240,250,250,250" step="2"/><U109/><E109/><V107/><F107/><W62/><G62/><T56/><D56/><N who="1" m="36903" /><E93/><V66/><F66/><W1/><G1/><T134/><D134/><AGARI ba="0,1" hai="29,30,31,40,46,49,70,71,132,134,135" m="14727" machi="134" ten="30,3900,0" yaku="20,1,52,1,54,1" doraHai="43" who="2" fromWho="0" sc="240,-39,250,0,250,49,250,0" /><INIT seed="1,0,0,1,5,44" ten="201,250,299,250" oya="1" hai0="125,18,106,97,63,79,68,16,34,47,27,10,131" hai1="112,87,19,119,14,132,108,42,61,96,25,113,118" hai2="90,22,99,46,109,62,33,123,134,73,30,100,111" hai3="74,127,107,80,104,82,129,5,39,3,67,54,105"/><U21/><E87/><V85/><F123/><W88/><G127/><T101/><D125/><U65/><E42/><V26/><F73/><W71/><G129/><T98/><D131/><U78/><E78/><V93/><F134/><W4/><G39/><T130/><D130/><U128/><E128/><V135/><F135/><W60/><G3/><T75/><D97/><U120/><E132/><V11/><F11/><W8/><G8/><T40/><D10/><U0/><E0/><V13/><F46/><W59/><G80/><T89/><D89/><U94/><E120/><V117/><F117/><W116/><G116/><T49/><D79/><U64/><E108/><N who="2" m="41547" /><F62/><W103/><G103/><T36/><D36/><U17/><E118/><V70/><F70/><W72/><G74/><T31/><D75/><U53/><E119/><V77/><F77/><W48/><REACH who="3" step="1"/><G72/><REACH who="3" ten="201,250,299,240" step="2"/><T91/><D91/><N who="1" m="55391" /><E113/><V76/><F76/><W41/><G41/><T6/><D6/><U43/><E112/><V37/><F37/><W86/><AGARI ba="0,1" hai="4,5,48,54,59,60,67,71,82,86,88,104,105,107" machi="86" ten="40,8000,1" yaku="1,1,0,1,52,1,54,1,53,1" doraHai="44" doraHaiUra="57" who="3" fromWho="3" sc="201,-20,250,-40,299,-20,240,90" /><INIT seed="2,0,0,2,3,18" ten="181,210,279,330" oya="2" hai0="90,133,25,63,125,118,37,53,8,7,31,69,120" hai1="74,94,56,87,5,78,24,55,10,19,130,21,6" hai2="115,128,29,93,103,39,80,95,47,32,123,102,12" hai3="57,16,60,13,52,79,51,100,76,117,65,46,64"/><V54/><F123/><W73/><G117/><T70/><D120/><U112/><E112/><V83/><F115/><W23/><G73/><T92/><D37/><U121/><E130/><V104/><F104/><W22/><G100/><T68/><D125/><U84/><E121/><V26/><F128/><W129/><G129/><T99/><D133/><U127/><E127/><V109/><F109/><W45/><G45/><T3/><D118/><U0/><E6/><V59/><F12/><W135/><G135/><T81/><D81/><U61/><REACH who="1" step="1"/><E94/><REACH who="1" ten="181,200,279,330" step="2"/><V114/><F95/><W116/><G116/><T71/><N who="0" m="17408" /><DORA hai="86" /><T97/><D97/><U35/><E35/><V67/><F93/><W9/><G64/><T27/><REACH who="0" step="1"/><D31/><REACH who="0" ten="171,200,279,330" step="2"/><U134/><E134/><V101/><F29/><W122/><G122/><T11/><D11/><U44/><E44/><V119/><F47/><W124/><G124/><T17/><D17/><U48/><E48/><V40/><F119/><W105/><G105/><T43/><D43/><U88/><E88/><V28/><F40/><W96/><G96/><T111/><D111/><U110/><E110/><V85/><F28/><W1/><G79/><T108/><D108/><U20/><E20/><V41/><F41/><W34/><G76/><T89/><D89/><U50/><E50/><V106/><F114/><W15/><G34/><T132/><D132/><U38/><E38/><V58/><F39/><W107/><G107/><T2/><D2/><U82/><AGARI ba="0,2" hai="0,5,10,19,21,24,55,56,61,74,78,82,84,87" machi="82" ten="30,7900,0" yaku="1,1,0,1,52,1,53,1" doraHai="18,86" doraHaiUra="49,30" who="1" fromWho="1" sc="171,-20,200,99,279,-39,330,-20" /><INIT seed="3,0,0,0,1,74" ten="151,299,240,310" oya="3" hai0="83,58,8,64,134,39,24,16,108,109,29,128,97" hai1="112,81,77,40,88,116,129,115,19,23,80,47,68" hai2="117,59,2,121,119,35,4,135,41,28,11,111,133" hai3="65,120,90,25,36,87,27,31,22,56,132,21,71"/><W89/><G36/><T130/><D39/><U37/><E68/><V55/><F41/><W26/><G120/><T124/><D97/><U12/><E129/><N who="0" m="49769" /><D64/><U61/><E116/><N who="2" m="44619" /><F55/><W104/><G104/><T131/><N who="0" m="49777" /><T51/><DORA hai="7" /><D51/><U100/><E100/><V20/><F59/><W114/><G71/><T85/><D58/><U1/><E1/><V63/><F63/><N who="3" m="38119" /><G132/><N who="2" m="50761" /><F121/><W14/><G114/><T62/><D62/><U30/><E30/><V32/><F111/><N who="0" m="42570" /><D134/><U72/><E61/><V122/><F122/><W94/><G89/><T60/><D60/><U107/><E107/><V84/><F84/><W92/><G92/><T15/><D124/><U33/><E33/><V66/><F66/><W82/><G94/><T123/><D123/><U52/><E52/><V6/><F6/><W101/><G101/><T44/><D44/><U67/><E67/><V96/><F96/><W38/><G38/><T34/><D85/><U95/><E81/><AGARI ba="0,0" hai="8,15,16,24,29,34,81,83" m="42570,49777" machi="81" ten="50,8000,1" yaku="19,1,14,1,52,1,54,1" doraHai="74,7" who="0" fromWho="1" sc="151,80,299,-80,240,0,310,0" /><INIT seed="4,0,0,2,1,71" ten="231,219,240,310" oya="0" hai0="107,61,57,60,94,86,118,49,20,50,111,59,80" hai1="23,131,8,27,29,135,125,103,40,91,128,113,48" hai2="109,93,112,90,76,17,120,96,81,39,85,26,68" hai3="126,121,97,24,43,12,41,62,34,105,53,117,72"/><T7/><D107/><U98/><E135/><V92/><F120/><W132/><G117/><T65/><D118/><U69/><E69/><V110/><F68/><W56/><G72/><T4/><D111/><U115/><E91/><V87/><F112/><N who="1" m="43081" /><E8/><V47/><F26/><W38/><G132/><T84/><D94/><N who="1" m="58839" /><E125/><V33/><F33/><W77/><G34/><T122/><D122/><U52/><E40/><V11/><F17/><W1/><G43/><T44/><D20/><U58/><AGARI ba="0,0" hai="23,27,29,48,52,58,128,131" m="58839,43081" machi="58" ten="30,4000,0" yaku="15,1,11,1,54,1" doraHai="71" who="1" fromWho="1" sc="231,-20,219,40,240,-10,310,-10" /><INIT seed="5,0,0,5,2,18" ten="211,259,230,300" oya="1" hai0="27,85,1,88,15,49,6,76,50,11,112,118,4" hai1="123,41,117,79,58,121,96,116,14,109,45,38,81" hai2="74,84,33,133,10,43,47,31,20,111,2,40,114" hai3="42,120,99,59,8,126,108,23,34,36,28,77,91"/><U132/><E132/><V100/><F111/><W128/><G108/><T57/><D118/><U110/><E110/><V129/><F133/><W95/><G34/><T60/><D112/><U97/><E109/><V24/><F129/><W63/><G128/><T12/><D76/><U5/><E58/><V71/><F71/><W7/><G120/><T82/><D27/><U32/><E32/><V25/><F114/><W113/><G113/><T56/><D56/><U127/><E127/><V106/><F74/><W37/><G126/><T70/><D70/><U69/><E69/><V17/><F84/><W61/><G77/><T101/><D101/><U92/><E117/><V80/><F80/><W93/><G42/><T104/><D104/><U130/><E130/><V19/><F47/><W125/><G61/><T98/><D98/><U115/><E116/><V30/><F43/><W44/><G44/><T119/><D119/><U66/><E66/><V16/><F40/><W13/><G95/><T54/><D1/><U68/><E68/><V86/><F86/><W26/><G125/><T73/><D73/><U134/><E134/><V9/><REACH who="2" step="1"/><F2/><REACH who="2" ten="211,259,220,300" step="2"/><W102/><G36/><T103/><D103/><U72/><E115/><V53/><F53/><N who="3" m="34287" /><G37/><T48/><REACH who="0" step="1"/><D15/><REACH who="0" ten="201,259,220,300" step="2"/><U124/><E124/><V3/><F3/><W0/><G0/><T90/><D90/><AGARI ba="0,2" hai="7,8,13,23,26,28,90,91,93,99,102" m="34287" machi="90" ten="30,2000,0" yaku="8,1,52,1" doraHai="18" who="3" fromWho="0" sc="201,-20,259,0,220,0,300,40" /><INIT seed="6,0,0,3,1,79" ten="181,259,220,340" oya="2" hai0="111,85,47,87,65,52,103,89,17,43,83,25,59" hai1="86,5,120,18,94,101,99,9,119,12,96,6,77" hai2="58,109,23,14,42,98,81,102,32,56,72,125,8" hai3="69,26,46,44,34,113,135,45,24,133,90,128,19"/><V51/><F32/><W132/><G113/><T4/><D111/><U40/><E119/><V122/><F122/><W73/><G128/><T22/><D65/><U21/><E120/><V66/><F109/><W36/><G69/><T30/><D4/><U29/><E40/><V16/><F125/><W37/><G73/><T95/><D43/><U91/><E77/><V126/><F126/><W68/><G68/><T15/><D47/><U70/><E70/><V134/><F134/><W20/><G90/><T1/><D1/><U60/><E60/><N who="2" m="38151" /><F72/><W123/><G123/><T67/><D67/><U10/><E29/><AGARI ba="0,0" hai="19,20,24,26,29,34,36,37,44,45,46,132,133,135" machi="29" ten="50,1600,0" yaku="20,1" doraHai="79" who="3" fromWho="1" sc="181,0,259,-16,220,0,340,16" /><INIT seed="7,0,0,3,5,30" ten="181,243,220,356" oya="3" hai0="48,41,129,107,40,18,17,109,99,5,4,69,92" hai1="50,46,122,64,76,63,39,103,74,131,101,124,100" hai2="13,115,121,7,104,16,35,93,31,43,44,81,36" hai3="102,126,83,117,49,78,14,95,71,45,25,53,105"/><W52/><G117/><T9/><D109/><U98/><E122/><V89/><F104/><W133/><G105/><T91/><D129/><U11/><E124/><V55/><F121/><W33/><G71/><T47/><D69/><U120/><E120/><V60/><F115/><W29/><G126/><T54/><D107/><U12/><E39/><V66/><F7/><W0/><G0/><T79/><D79/><U65/><E65/><V106/><F81/><W96/><G14/><T125/><D125/><U110/><E110/><V114/><F55/><W67/><G67/><T3/><D5/><U61/><E74/><V108/><F106/><W128/><G133/><T72/><D72/><U75/><E75/><V70/><F114/><W90/><G128/><T26/><D41/><U82/><E98/><V37/><F37/><W113/><G113/><T116/><D116/><U27/><E27/><V132/><F132/><W20/><G33/><T77/><D77/><U22/><E131/><V59/><F108/><W2/><G2/><T21/><REACH who="0" step="1"/><D40/><REACH who="0" ten="171,243,220,356" step="2"/><U51/><E76/><V88/><F70/><W87/><G78/><T127/><D127/><U58/><E101/><V32/><F89/><W134/><G134/><T42/><D42/><AGARI ba="0,1" hai="20,25,29,42,45,49,52,53,83,87,90,95,96,102" machi="42" ten="30,5800,0" yaku="7,1,8,1,54,1" doraHai="30" who="3" fromWho="0" sc="171,-58,243,0,220,0,356,68" owari="113,-39.0,243,4.0,220,-18.0,424,53.0" /></mjloggm>