<mjloggm ver="2.3"><GO type="225" lobby="0"/><UN n0="%E8%BF%A6%E9%99%B5%E9%A0%BB%E4%BC%BD" n1="%E3%82%82%E3%82%81%E3%82%93%E3%81%AA%E3%81%A1%E3%82%83%E3%81%84" n2="%E3%83%89%E3%83%A9%E3%83%AD%E3%83%B3%E3%83%80%E3%82%A4%E3%83%B4" n3="%E3%83%88%E3%83%88%E3%83%AA%E5%85%88%E7%94%9F%31%39%E6%AD%B3" dan="17,17,17,16" rate="2131.91,2189.74,2159.24,2085.62" sx="F,M,M,F"/><TAIKYOKU oya="0"/><INIT seed="0,0,0,1,0,12" ten="250,250,250,250" oya="0" hai0="135,18,112,88,120,74,26,31,43,11,119,53,0" hai1="28,33,20,117,37,62,115,35,131,75,24,51,45" hai2="64,80,61,77,81,42,71,105,94,58,27,129,57" hai3="102,54,14,47,95,19,22,5,90,52,40,16,127"/><T108/><D112/><U73/><E37/><V78/><F105/><W1/><G127/><T85/><D119/><U79/><E117/><V133/><F129/><W126/><G126/><T70/><D120/><U66/><E131/><V132/><F42/><W38/><G102/><T36/><D74/><U29/><E115/><V46/><F46/><W100/><G100/><T4/><D70/><U98/><E98/><V8/><F94/><W41/><G41/><T87/><D135/><N who="2" m="51786" /><F8/><W34/><G34/><T7/><D7/><U60/><E60/><V86/><F27/><W3/><G3/><T63/><D36/><U32/><E79/><V49/><F49/><N who="3" m="26855" /><G1/><T114/><D43/><U110/><E110/><V109/><F109/><W123/><G38/><T10/><D114/><U83/><E24/><V134/><N who="2" m="51794" /><V17/><DORA hai="124" /><F17/><N who="3" m="6731" /><G123/><T107/><D107/><U9/><E29/><V25/><F25/><W97/><G22/><N who="0" m="13655" /><D31/><U125/><E28/><V89/><F78/><W2/><G2/><T76/><D0/><U50/><E125/><V23/><F23/><W122/><G122/><T92/><D4/><U84/><E32/><V128/><F128/><W68/><G68/><T93/><D108/><U15/><E35/><V96/><F71/><W44/><G44/><T13/><D13/><U130/><E45/><V48/><F77/><W39/><G39/><T99/><D76/><U113/><E33/><V69/><F69/><W82/><G82/><T121/><D121/><U30/><E130/><V103/><F81/><W104/><G104/><T56/><D93/><U111/><E111/><RYUUKYOKU ba="0,0" sc="250,15,250,-15,250,-15,250,15" hai0="10,11,53,56,63,85,87,88,92,99" hai3="5,14,52,54,90,95,97" /><INIT seed="0,1,0,1,4,86" ten="265,235,235,265" oya="0" hai0="122,37,47,121,104,74,61,79,55,14,100,25,84" hai1="45,7,92,44,125,8,36,29,10,32,123,77,1" hai2="35,49,22,87,134,38,132,109,65,111,41,93,118" hai3="63,13,82,31,19,60,85,48,115,23,103,42,110"/><T120/><D14/><U30/><E123/><V116/><F35/><W73/><G73/><T43/><D84/><U81/><E125/><V51/><F38/><W130/><G115/><T102/><D25/><U119/><E119/><N who="2" m="45611" /><F65/><W131/><G110/><N who="2" m="41993" /><F22/><W5/><G103/><T71/><D100/><U75/><E32/><V27/><F27/><W83/><G5/><T50/><D102/><U78/><E78/><V89/><F41/><W94/><G31/><T101/><D101/><U54/><E10/><V52/><F51/><W28/><G28/><T39/><D104/><U6/><E6/><V24/><F24/><W96/><G96/><T18/><BYE who="3" /><D79/><U20/><E20/><V69/><F69/><W105/><G105/><T126/><D74/><UN n3="%E3%83%88%E3%83%88%E3%83%AA%E5%85%88%E7%94%9F%31%39%E6%AD%B3" /><U106/><E106/><V135/><F135/><W21/><G21/><T67/><D18/><U12/><E29/><V107/><F107/><W26/><G26/><T112/><D126/><U53/><E30/><V72/><F72/><W98/><G23/><T108/><D108/><U56/><E75/><V128/><F128/><W15/><G131/><T97/><D112/><U127/><E127/><V64/><F64/><W17/><G130/><T57/><D97/><U46/><E36/><AGARI ba="1,0" hai="36,37,39,43,47,50,55,57,61,67,71,120,121,122" machi="36" ten="40,12000,1" yaku="24,2,34,3" doraHai="86" who="0" fromWho="1" sc="265,123,235,-123,235,0,265,0" /><INIT seed="0,2,0,3,4,132" ten="388,112,235,265" oya="0" hai0="129,49,73,123,85,78,37,62,94,40,82,33,128" hai1="134,109,13,15,8,61,18,46,88,64,60,36,84" hai2="131,32,42,38,135,75,25,119,58,67,34,10,98" hai3="97,110,51,59,53,17,29,48,3,101,105,76,107"/><T9/><D123/><U70/><E134/><V30/><F75/><W45/><G110/><T71/><D33/><U21/><E109/><V57/><F135/><W116/><G116/><T118/><D118/><U121/><E121/><V11/><F119/><W5/><G29/><T92/><D37/><U79/><E79/><V19/><F34/><W20/><G76/><T4/><D71/><U127/><E127/><V81/><F131/><N who="0" m="50250" /><D62/><U65/><E36/><V14/><F81/><W41/><G107/><T43/><D73/><U26/><E46/><V50/><F38/><W106/><G106/><T77/><D78/><U113/><E113/><V1/><F67/><W130/><G130/><T102/><D49/><U91/><E84/><V24/><F24/><W56/><G3/><N who="0" m="159" /><D102/><U44/><E44/><V108/><F108/><W87/><G59/><T39/><D39/><U117/><E117/><V7/><F42/><AGARI ba="2,0" hai="40,42,43,77,82,85,92,94" m="159,50250" machi="42" ten="30,1500,0" yaku="19,1" doraHai="132" who="0" fromWho="2" sc="388,21,112,0,235,-21,265,0" /><INIT seed="0,3,0,1,0,74" ten="409,112,214,265" oya="0" hai0="70,24,31,44,117,11,114,20,3,7,67,87,4" hai1="95,120,45,26,57,110,28,19,102,13,104,124,132" hai2="49,59,29,63,83,123,34,56,12,119,10,108,98" hai3="68,0,32,9,115,79,61,47,71,64,54,81,88"/><T43/><D114/><U133/><E104/><V46/><F123/><W27/><G115/><T84/><D117/><U30/><E120/><V51/><F119/><W127/><G127/><T94/><D7/><U96/><E110/><V85/><F108/><W69/><G88/><T58/><D70/><U72/><E124/><V122/><F122/><W73/><G54/><T130/><D130/><U6/><E6/><V52/><F98/><W121/><G121/><T129/><D129/><U91/><E72/><V38/><F34/><W42/><G9/><T23/><D23/><U76/><E76/><V75/><F75/><W37/><REACH who="3" step="1"/><G0/><REACH who="3" ten="409,112,214,255" step="2"/><T131/><D131/><U39/><E91/><V80/><F10/><W66/><G66/><T89/><D67/><U62/><E133/><V97/><F52/><W93/><G93/><T106/><D106/><U105/><E105/><V16/><F83/><W126/><G126/><T128/><D128/><U18/><E132/><V92/><F80/><W103/><G103/><T48/><D94/><U41/><E13/><V111/><F92/><W14/><G14/><T107/><D89/><U113/><E113/><V35/><F12/><W50/><G50/><N who="0" m="26911" /><D107/><U60/><E60/><V82/><F63/><W125/><G125/><T101/><D101/><U1/><E1/><V90/><F111/><W78/><G78/><T2/><D3/><U40/><E40/><V99/><F90/><W5/><G5/><T36/><D2/><U135/><E135/><V86/><F82/><W100/><G100/><T21/><D4/><U116/><E116/><V17/><F38/><RYUUKYOKU ba="3,1" sc="409,-10,112,-10,214,-10,255,30" hai3="27,32,37,42,47,61,64,68,69,71,73,79,81" /><INIT seed="1,4,1,0,0,13" ten="399,102,204,285" oya="1" hai0="117,111,61,6,56,104,87,134,121,80,17,96,58" hai1="92,83,123,46,108,70,118,131,29,15,95,107,124" hai2="53,129,102,130,75,23,64,71,0,109,12,47,112" hai3="99,66,49,68,76,25,7,11,88,110,44,73,81"/><U93/><E123/><V22/><F0/><W122/><G110/><T60/><D111/><U127/><E118/><V128/><F75/><W28/><G122/><T77/><D6/><U116/><E108/><V86/><F109/><W52/><G66/><T74/><D74/><U114/><E116/><V69/><F112/><W72/><G68/><N who="2" m="26185" /><F64/><W3/><G73/><T91/><D134/><U51/><E70/><V27/><F102/><W98/><REACH who="3" step="1"/><G88/><REACH who="3" ten="399,102,204,275" step="2"/><T50/><D91/><U39/><E114/><V20/><F129/><W32/><AGARI ba="4,2" hai="3,7,11,25,28,32,44,49,52,72,76,81,98,99" machi="32" ten="20,8000,1" yaku="1,1,2,1,0,1,7,1,54,1,53,0" doraHai="13" doraHaiUra="100" who="3" fromWho="3" sc="399,-24,102,-44,204,-24,275,112" /><INIT seed="2,0,0,5,0,115" ten="375,58,180,387" oya="2" hai0="104,122,42,55,6,113,69,25,60,45,10,29,134" hai1="7,30,128,66,38,96,131,35,62,61,100,34,51" hai2="8,28,19,111,22,67,75,84,94,121,107,82,76" hai3="12,125,4,68,13,0,40,85,3,47,117,97,16"/><V58/><F121/><W37/><G117/><T39/><D113/><U80/><E38/><V72/><F107/><W36/><G68/><T135/><D104/><U93/><E7/><V11/><F28/><W15/><G125/><T88/><D122/><U108/><E108/><V26/><F111/><W132/><G132/><N who="0" m="50731" /><D88/><U17/><E51/><V41/><F41/><W114/><G114/><T21/><D55/><U126/><E126/><V65/><F75/><W33/><G33/><T63/><D69/><U27/><E35/><V1/><F1/><AGARI ba="0,0" hai="1,6,10,21,25,29,39,42,45,60,63" m="50731" machi="1" ten="30,1000,0" yaku="20,1" doraHai="115" who="0" fromWho="2" sc="375,10,58,0,180,-10,387,0" /><INIT seed="3,0,0,4,1,104" ten="385,58,170,387" oya="3" hai0="80,42,94,78,79,122,34,123,86,65,18,134,101" hai1="106,7,30,61,117,51,129,57,116,53,77,11,49" hai2="62,93,111,124,89,114,33,67,71,2,28,82,46" hai3="128,92,72,39,9,0,60,59,66,75,68,127,45"/><W99/><G128/><T97/><D34/><U15/><E106/><V24/><F111/><W56/><G127/><T22/><D65/><U88/><E129/><V69/><F124/><W110/><G110/><T23/><D42/><U21/><E117/><V50/><F2/><W27/><G56/><T52/><D123/><U13/><E116/><V135/><F135/><W81/><G81/><T63/><D122/><U103/><E103/><V31/><F31/><W32/><G32/><T108/><D108/><U98/><E77/><V70/><F82/><W5/><G27/><N who="0" m="14807" /><D134/><U20/><E30/><V36/><F36/><W1/><G1/><T131/><D131/><U40/><E40/><V6/><F6/><W107/><G107/><T96/><D23/><U73/><E73/><V109/><F109/><W58/><G68/><T115/><D115/><U112/><E112/><V132/><F132/><W17/><G17/><T14/><D14/><U83/><E21/><V29/><F29/><W12/><G0/><T125/><D125/><U41/><E41/><V74/><F74/><W35/><G35/><T48/><D97/><U113/><E113/><V54/><F114/><W19/><G5/><T64/><D79/><U85/><E98/><AGARI ba="0,0" hai="24,28,33,46,50,54,62,67,69,70,71,89,93,98" machi="98" ten="30,1000,0" yaku="7,1" doraHai="104" who="2" fromWho="1" sc="385,0,58,-10,170,10,387,0" owari="385,19.0,48,-45.0,180,-22.0,387,48.0" /></mjloggm>