<mjloggm ver="2.3"><GO type="225" lobby="0"/><UN n0="%E7%99%BE%E5%BC%8F%E8%A6%B3%E9%9F%B3" n1="%E3%81%BF%E3%81%A3%E3%81%A4%E3%81%83%EF%BD%9E" n2="%E5%B0%B1%E6%B4%BB%E7%94%9F%40%E5%B7%9D%E6%9D%91%E8%BB%8D%E5%9B%A3" n3="%E2%98%86%E9%BB%84%E7%80%AC%E3%82%84%E3%82%88%E3%81%84%E2%98%86" dan="17,16,16,17" rate="2180.53,2148.24,2056.09,2231.75" sx="M,F,M,M"/><TAIKYOKU oya="0"/><INIT seed="0,0,0,0,1,61" ten="250,250,250,250" oya="0" hai0="80,90,72,18,107,12,113,53,21,73,87,76,71" hai1="39,35,128,83,88,14,55,3,66,25,15,27,57" hai2="8,89,17,36,131,97,104,123,108,81,4,121,86" hai3="34,59,13,127,134,62,31,69,1,38,70,24,51"/><T42/><D113/><U2/><E39/><V7/><F36/><W30/><G1/><T115/><D115/><U82/><E128/><V26/><F131/><W68/><G38/><T20/><D107/><U47/><E35/><V5/><F108/><W58/><G134/><T133/><D133/><U11/><E2/><V101/><REACH who="2" step="1"/><F26/><REACH who="2" ten="250,250,240,250" step="2"/><W10/><G127/><T118/><D118/><U54/><E27/><V124/><F124/><W132/><G132/><T135/><D135/><U64/><E25/><V110/><F110/><W112/><G112/><T60/><D42/><U32/><E32/><V45/><F45/><W100/><G31/><T37/><D37/><U9/><E47/><V84/><F84/><W119/><G119/><T48/><D73/><U111/><E111/><V29/><F29/><W99/><G34/><T74/><D72/><U75/><E75/><V109/><F109/><W95/><G30/><T41/><D74/><U67/><E3/><V120/><F120/><W63/><G24/><T129/><D129/><U117/><E117/><V52/><F52/><N who="1" m="20009" /><E57/><V78/><F78/><W125/><G125/><T93/><D53/><U33/><E33/><V114/><F114/><W46/><G59/><T19/><D76/><U91/><E14/><AGARI ba="0,1" hai="4,5,7,8,14,17,81,86,89,97,101,104,121,123" machi="14" ten="40,1300,0" yaku="1,1,53,0" doraHai="61" doraHaiUra="105" who="2" fromWho="1" sc="250,0,250,-13,240,23,250,0" /><INIT seed="1,0,0,2,5,114" ten="250,237,263,250" oya="1" hai0="25,42,16,80,36,52,81,131,108,11,28,68,48" hai1="5,3,32,87,121,115,101,90,128,65,85,47,97" hai2="38,88,22,61,72,66,122,4,49,24,18,2,23" hai3="109,95,94,105,86,33,62,41,51,64,29,126,20"/><U26/><E115/><V67/><F38/><W100/><G109/><T96/><D108/><U6/><E121/><V43/><F72/><W13/><G126/><T46/><D68/><U55/><E128/><V120/><F2/><W17/><G105/><T70/><D70/><U45/><E65/><V102/><F4/><N who="1" m="1641" /><E32/><V19/><F102/><W37/><G37/><T116/><D116/><U130/><E3/><V57/><F67/><W54/><G41/><T7/><D131/><U31/><E101/><V35/><F35/><W135/><G135/><T71/><D71/><U56/><E97/><V84/><F49/><W58/><G100/><T73/><D96/><U21/><E87/><V27/><REACH who="2" step="1"/><F43/><REACH who="2" ten="250,237,253,250" step="2"/><W69/><G33/><T99/><D73/><U0/><E0/><V50/><F50/><W91/><REACH who="3" step="1"/><G29/><REACH who="3" ten="250,237,253,240" step="2"/><T76/><D28/><U82/><E130/><V8/><F8/><W30/><G30/><T111/><D11/><U14/><E31/><V89/><F89/><W113/><G113/><T10/><D42/><U15/><E90/><V132/><F132/><W60/><G60/><T53/><D36/><U83/><E21/><V129/><F129/><W118/><G118/><T79/><D111/><U78/><E78/><V123/><F123/><W98/><G98/><T104/><D99/><U103/><E103/><V92/><AGARI ba="0,2" hai="18,19,22,23,24,27,57,61,66,84,88,92,120,122" machi="92" ten="20,12000,2" yaku="1,1,0,1,7,1,9,1,54,1,53,2" doraHai="114" doraHaiUra="12" who="2" fromWho="2" sc="250,-30,237,-60,253,140,240,-30" /><INIT seed="2,0,0,5,2,111" ten="220,177,393,210" oya="2" hai0="26,116,18,17,64,114,132,31,3,7,38,51,35" hai1="56,74,75,45,77,117,11,124,131,28,5,24,6" hai2="52,57,120,83,30,92,113,127,20,59,90,76,54" hai3="43,95,62,100,115,123,48,121,89,9,36,61,40"/><V32/><F113/><W8/><G100/><T129/><D38/><U19/><E117/><V67/><F32/><W33/><G33/><T44/><D64/><U39/><E131/><V130/><F120/><W2/><G2/><T50/><D116/><U70/><E124/><V58/><F130/><W21/><G21/><T118/><D129/><U88/><E70/><V12/><F127/><W99/><G36/><T134/><D118/><U106/><E106/><V53/><F67/><W65/><G61/><T15/><D114/><U91/><E19/><V42/><F42/><W46/><G43/><T82/><D82/><N who="1" m="45367" /><E6/><V86/><F12/><W71/><G115/><T128/><D128/><U103/><E56/><V110/><F110/><W104/><G104/><T34/><D34/><N who="1" m="20743" /><E103/><V98/><F20/><W4/><G4/><T1/><D1/><N who="1" m="431" /><E75/><V25/><F25/><W119/><G119/><T105/><D105/><U135/><E135/><N who="0" m="51753" /><D44/><U122/><E122/><V97/><REACH who="2" step="1"/><F30/><REACH who="2" ten="220,177,383,210" step="2"/><W29/><G29/><T107/><D31/><U94/><E94/><V112/><F112/><W13/><G13/><T80/><D15/><U68/><E68/><V14/><F14/><W108/><G108/><T101/><D107/><U79/><E79/><V27/><F27/><W126/><G126/><T72/><D26/><U102/><E102/><V96/><AGARI ba="0,1" hai="52,53,54,57,58,59,76,83,86,90,92,96,97,98" machi="96" ten="40,12000,1" yaku="1,1,0,1,8,1,54,1,53,0" doraHai="111" doraHaiUra="66" who="2" fromWho="2" sc="220,-40,177,-40,383,130,210,-40" /><INIT seed="2,1,0,3,4,17" ten="180,137,513,170" oya="2" hai0="102,57,105,110,67,7,116,78,81,101,133,47,14" hai1="3,82,114,6,124,86,8,22,107,41,118,38,44" hai2="11,2,43,49,72,55,1,54,45,56,106,34,89" hai3="0,59,134,65,58,48,70,25,33,92,35,76,97"/><V90/><F34/><W62/><G0/><T122/><D122/><U103/><E114/><V120/><F106/><W123/><G123/><T91/><D105/><U126/><E118/><V112/><F72/><W84/><G134/><T104/><D104/><U18/><E107/><V98/><F112/><W135/><G135/><T16/><D133/><U88/><REACH who="1" step="1"/><E103/><REACH who="1" ten="180,127,513,170" step="2"/><V30/><F120/><W42/><G70/><T10/><D116/><U95/><E95/><V79/><F1/><W100/><G25/><AGARI ba="1,1" hai="3,6,8,18,22,25,38,41,44,82,86,88,124,126" machi="25" ten="40,5200,0" yaku="1,1,52,1,54,1,53,0" doraHai="17" doraHaiUra="115" who="1" fromWho="3" sc="180,0,127,65,513,0,170,-55" /><INIT seed="3,0,0,3,0,1" ten="180,192,513,115" oya="3" hai0="48,70,20,119,12,118,92,99,126,75,63,110,44" hai1="38,10,17,108,21,26,104,23,5,6,37,36,9" hai2="52,79,49,57,51,122,30,96,74,101,3,72,65" hai3="71,68,55,33,31,86,116,129,85,42,105,133,27"/><W97/><G116/><T89/><D75/><U2/><E104/><V134/><F3/><W125/><G42/><T91/><D110/><U11/><E2/><V80/><F122/><W45/><G129/><T102/><D126/><U107/><E107/><V43/><F134/><W14/><G125/><T112/><D112/><U95/><E108/><V135/><F135/><W53/><G133/><T83/><D119/><U41/><E41/><V117/><F117/><W132/><G132/><T24/><D118/><U25/><E95/><V8/><F30/><W77/><G14/><T15/><D63/><U111/><E111/><V13/><F65/><W61/><G45/><T0/><D70/><U62/><E62/><V94/><F43/><W88/><G77/><T35/><D35/><U69/><E69/><V59/><F74/><W50/><G50/><T16/><D0/><U54/><E54/><N who="3" m="20490" /><G71/><T60/><D60/><U28/><AGARI ba="0,0" hai="5,6,9,10,11,17,21,23,25,26,28,36,37,38" machi="28" ten="40,5200,0" yaku="0,1,52,2" doraHai="1" who="1" fromWho="1" sc="180,-13,192,52,513,-13,115,-26" owari="167,-23.0,244,4.0,500,60.0,89,-41.0" /></mjloggm>