<mjloggm ver="2.3"><GO type="97" lobby="0"/><UN n0="%E3%81%8A%E5%85%84%E6%A7%98" n1="%E3%81%9B%E3%82%93%E3%81%A8%E3%81%8F%E3%82%93%5A" n2="%E3%81%9F%E3%81%8C%E3%82%84%E3%81%99" n3="%E5%B0%B1%E6%B4%BB%E7%94%9F%40%E5%B7%9D%E6%9D%91%E8%BB%8D%E5%9B%A3" dan="14,14,14,14" rate="1933.57,1961.40,1943.72,1977.41" sx="M,M,M,M"/><TAIKYOKU oya="0"/><INIT seed="0,0,0,2,5,105" ten="250,250,250,250" oya="0" hai0="52,114,82,56,37,102,76,57,12,109,133,39,16" hai1="42,122,97,116,1,118,55,58,38,51,27,47,44" hai2="65,36,13,72,111,40,86,49,0,93,15,69,98" hai3="71,110,61,121,18,14,8,60,23,5,30,19,104"/><T95/><D114/><U125/><E1/><V24/><F0/><W130/><G104/><T100/><D57/><U81/><E27/><V90/><F36/><W77/><G121/><T63/><D133/><U10/><E10/><V132/><F69/><W67/><G130/><T59/><D59/><U46/><E122/><V75/><F65/><W74/><G110/><T131/><D109/><U124/><E81/><V96/><F24/><W68/><G30/><T134/><D134/><U7/><E7/><V85/><F132/><W135/><G135/><T84/><D131/><U119/><E97/><V50/><F40/><W92/><G92/><T34/><D34/><U107/><E107/><V99/><F99/><W106/><G106/><T25/><D25/><U91/><E91/><V20/><F90/><W70/><G61/><T78/><D78/><U80/><E80/><V6/><F93/><W112/><G112/><T94/><D39/><U129/><E129/><V127/><F6/><W83/><REACH who="3" step="1"/><G18/><REACH who="3" ten="250,250,250,240" step="2"/><T108/><D108/><U29/><E29/><V26/><F111/><W2/><AGARI ba="0,1" hai="2,5,8,14,19,23,60,67,68,70,71,74,77,83" machi="2" ten="20,8000,1" yaku="1,1,2,1,0,1,7,1,52,1,53,0" doraHai="105" doraHaiUra="101" who="3" fromWho="3" sc="250,-40,250,-20,250,-20,240,90" /><INIT seed="1,0,0,4,3,82" ten="210,230,230,330" oya="1" hai0="78,71,7,64,60,79,70,123,127,69,56,74,57" hai1="53,41,104,84,12,122,72,6,59,51,0,135,35" hai2="118,31,92,124,103,113,50,75,19,77,29,4,22" hai3="16,125,106,129,68,131,44,26,30,54,100,133,114"/><U130/><E104/><V37/><F37/><W15/><G68/><T105/><D74/><U91/><E122/><V97/><F124/><W80/><G114/><T28/><D28/><U119/><E119/><V14/><F118/><W99/><G125/><T101/><D127/><U17/><E72/><V134/><F134/><W66/><G66/><T132/><D123/><U90/><E135/><V33/><F33/><W49/><G133/><T63/><D7/><U85/><E130/><V65/><F65/><W73/><G73/><T111/><D132/><U34/><E41/><V121/><F121/><W18/><G80/><T96/><REACH who="0" step="1"/><D111/><REACH who="0" ten="200,230,230,330" step="2"/><U52/><E6/><V13/><F75/><W39/><G39/><T40/><D40/><U9/><E0/><V45/><F113/><W38/><G38/><T36/><D36/><U93/><E53/><AGARI ba="0,1" hai="53,56,57,60,63,64,69,70,71,78,79,96,101,105" machi="53" ten="40,1300,0" yaku="1,1,53,0" doraHai="82" doraHaiUra="76" who="0" fromWho="1" sc="200,23,230,-13,230,0,330,0" /><INIT seed="2,0,0,5,0,59" ten="223,217,230,330" oya="2" hai0="61,46,72,6,123,107,26,130,44,27,89,73,79" hai1="45,35,124,50,87,14,90,0,76,88,104,56,37" hai2="11,32,113,131,16,65,112,15,5,102,103,54,77" hai3="128,100,7,10,51,38,33,114,83,117,127,3,23"/><V17/><F32/><W119/><G33/><T110/><D123/><U41/><E104/><V39/><F39/><W78/><G114/><T30/><D130/><U95/><E0/><V21/><F131/><W19/><G38/><T109/><D6/><U64/><E35/><V86/><F65/><W36/><G36/><T67/><D107/><U91/><E124/><V134/><F134/><W68/><G68/><T94/><D46/><U22/><E37/><V63/><F5/><W101/><G127/><T118/><D44/><U97/><E76/><V108/><F108/><N who="0" m="41578" /><D118/><U82/><E97/><V47/><F47/><W18/><G128/><T57/><D79/><U92/><E92/><V75/><F75/><N who="0" m="28746" /><D30/><U115/><E95/><V70/><F70/><W55/><G117/><T25/><D25/><U133/><E115/><V48/><F113/><W116/><G119/><T85/><AGARI ba="0,0" hai="26,27,57,61,67,85,89,94" m="28746,41578" machi="85" ten="30,2000,0" yaku="14,1,52,1" doraHai="59" who="0" fromWho="0" sc="223,20,217,-5,230,-10,330,-5" /><INIT seed="3,0,0,2,1,3" ten="243,212,220,325" oya="3" hai0="75,66,99,120,36,85,41,91,53,22,107,129,114" hai1="19,47,97,65,11,6,88,73,42,8,2,109,119" hai2="111,55,101,26,16,132,77,112,126,68,28,134,56" hai3="38,103,76,87,86,35,23,37,52,121,128,115,51"/><W124/><G121/><T71/><D75/><U59/><E73/><V40/><F68/><W30/><G35/><T33/><D120/><U20/><E109/><V27/><F40/><W127/><G115/><T117/><D114/><U58/><E119/><V39/><F39/><W98/><G128/><T60/><D117/><U34/><E34/><V63/><F77/><W46/><G30/><T90/><D129/><U9/><E59/><V5/><F101/><W72/><G23/><T64/><D33/><U83/><E58/><V17/><F126/><N who="3" m="48171" /><G72/><T118/><D66/><U89/><E65/><V106/><F106/><N who="3" m="63863" /><G76/><T45/><D53/><U102/><E11/><V12/><F111/><W7/><G7/><T92/><D118/><U135/><E9/><N who="2" m="4143" /><F27/><W50/><G50/><T31/><D107/><U18/><E135/><N who="2" m="51755" /><F112/><W43/><G38/><T84/><D31/><U24/><E19/><V0/><F0/><W62/><G62/><T80/><D22/><AGARI ba="0,0" hai="16,17,22,26,28,55,56,63" m="51755,4143" machi="22" ten="30,3900,0" yaku="20,1,52,1,54,1" doraHai="3" who="2" fromWho="0" sc="243,-39,212,0,220,39,325,0" owari="204,-30.0,212,-19.0,259,6.0,325,43.0" /></mjloggm>