<mjloggm ver="2.3"><GO type="41" lobby="0"/><UN n0="%E3%82%8A%E3%81%9D%E3%81%86%E3%81%A2%E3%82%83%E3%82%93%E3%81%97%E2%99%AA" n1="%E5%B0%B1%E6%B4%BB%E7%94%9F%40%E5%B7%9D%E6%9D%91%E8%BB%8D%E5%9B%A3" n2="%E3%83%8A%E3%82%A4%E3%83%AB%E3%83%91%E3%83%BC%E3%83%81" n3="%E3%82%BB%E3%83%96%E3%83%B3%31%31" dan="15,16,14,13" rate="1999.88,2062.02,1921.45,1964.90" sx="M,M,M,M"/><TAIKYOKU oya="0"/><INIT seed="0,0,0,1,4,98" ten="250,250,250,250" oya="0" hai0="60,63,66,12,123,73,92,106,96,9,126,79,100" hai1="3,74,78,4,121,58,53,16,31,14,37,32,87" hai2="35,70,103,108,99,62,116,52,40,128,81,125,61" hai3="71,132,19,44,112,133,88,110,8,42,0,46,23"/><T17/><D123/><U97/><E37/><V49/><F108/><W38/><G112/><T21/><D126/><U28/><E121/><V120/><F128/><W89/><G71/><T48/><D106/><U117/><E74/><V67/><F125/><W113/><G113/><T131/><D131/><U18/><E117/><V114/><F120/><W69/><G69/><T111/><D111/><U101/><E3/><V122/><F116/><W107/><G107/><T15/><D66/><U47/><E47/><V134/><F40/><W76/><G76/><T59/><D79/><U39/><E39/><V26/><F134/><N who="3" m="51819" /><G44/><T118/><D73/><U51/><E4/><V43/><F43/><W36/><G110/><T50/><D118/><U105/><E32/><V41/><F41/><W84/><G36/><T93/><D93/><U115/><E115/><V91/><F61/><N who="0" m="23626" /><D59/><U72/><E72/><V124/><F124/><W135/><G84/><T45/><D45/><U119/><E119/><V22/><F114/><W2/><G8/><T65/><D65/><U104/><E104/><V94/><F122/><W10/><N who="3" m="51827" /><W55/><DORA hai="102" /><G55/><T85/><D85/><U95/><E105/><V30/><F81/><W82/><G82/><T27/><D15/><U1/><E87/><V130/><F130/><W33/><G33/><T13/><D13/><U86/><E1/><N who="3" m="618" /><G10/><T127/><D127/><U75/><E75/><V109/><F109/><W80/><G80/><T29/><AGARI ba="0,0" hai="9,12,17,21,27,29,48,50,92,96,100" m="23626" machi="29" ten="30,3000,0" yaku="8,1,52,1" doraHai="98,102" who="0" fromWho="0" sc="250,30,250,-10,250,-10,250,-10" /><INIT seed="0,1,0,0,1,107" ten="280,240,240,240" oya="0" hai0="82,114,99,98,65,68,12,56,24,135,36,11,0" hai1="96,76,66,87,84,48,52,46,10,115,125,3,47" hai2="103,14,108,81,7,102,38,26,49,25,109,43,8" hai3="71,132,126,58,122,78,74,72,4,45,133,123,53"/><T57/><D114/><U77/><E115/><V67/><F38/><W62/><G78/><T20/><D135/><N who="3" m="51785" /><G126/><T101/><D0/><U21/><E125/><V93/><F67/><N who="3" m="41463" /><G45/><T59/><D36/><U61/><E96/><N who="2" m="59663" /><F103/><W39/><G4/><N who="0" m="3175" /><D68/><U55/><E21/><V83/><F49/><N who="3" m="31023" /><G39/><T18/><D101/><U41/><E10/><V37/><F43/><W116/><G116/><T119/><D119/><U51/><E3/><V128/><F37/><W112/><G112/><T129/><D129/><U113/><E113/><V95/><F128/><W104/><G104/><T88/><D65/><U42/><E66/><V111/><F95/><W91/><G91/><T35/><D35/><U127/><E127/><V120/><F120/><AGARI ba="1,0" hai="72,74,120,122,123" m="31023,41463,51785" machi="120" ten="30,7700,0" yaku="13,1,20,1,52,2" doraHai="107" who="3" fromWho="2" sc="280,0,240,0,240,-80,240,80" /><INIT seed="1,0,0,1,4,80" ten="280,240,160,320" oya="1" hai0="41,126,133,73,19,62,134,72,75,9,39,132,107" hai1="61,53,22,34,95,86,43,67,112,57,127,35,108" hai2="118,91,3,87,31,113,54,83,128,50,74,81,98" hai3="1,16,88,8,40,38,45,124,44,46,60,13,78"/><U55/><E112/><V69/><F3/><W93/><G78/><T0/><D107/><U90/><E127/><V25/><F118/><W64/><G1/><T21/><D126/><U130/><E130/><V70/><F128/><W52/><G52/><T110/><D110/><U114/><E114/><V12/><F113/><W77/><G77/><T33/><D33/><U122/><E122/><V23/><F74/><W37/><G37/><T97/><D97/><U11/><E108/><V32/><F98/><W15/><G15/><T48/><D39/><U65/><E43/><V56/><F81/><W24/><G24/><T121/><D121/><U18/><E11/><V119/><F119/><W120/><G120/><T26/><D62/><U111/><E111/><V27/><REACH who="2" step="1"/><F12/><REACH who="2" ten="280,240,150,320" step="2"/><W76/><G124/><T14/><D0/><U100/><E100/><V28/><AGARI ba="0,1" hai="23,25,27,28,31,32,50,54,56,69,70,83,87,91" machi="28" ten="20,12000,2" yaku="1,1,2,1,0,1,7,1,52,1,53,1" doraHai="80" doraHaiUra="47" who="2" fromWho="2" sc="280,-30,240,-60,150,130,320,-30" /><INIT seed="2,0,0,0,1,20" ten="250,180,280,290" oya="2" hai0="25,60,7,128,5,14,46,63,82,93,27,17,130" hai1="119,21,28,81,55,74,124,99,3,26,35,22,95" hai2="114,76,122,40,64,29,6,19,41,105,38,48,68" hai3="78,111,23,16,129,87,116,89,11,2,49,12,83"/><V57/><F122/><W43/><G116/><T0/><D82/><U100/><E119/><V120/><F120/><W37/><G37/><T113/><D113/><U10/><E124/><V80/><F105/><W92/><G129/><N who="0" m="49771" /><D46/><U125/><E125/><V18/><F29/><W112/><G112/><T96/><D63/><U115/><E115/><V39/><F6/><N who="0" m="2058" /><D60/><U24/><E3/><V97/><F97/><W131/><G131/><T72/><D0/><U56/><E10/><V123/><F123/><W1/><G111/><T33/><D33/><U101/><E35/><V86/><F39/><W44/><REACH who="3" step="1"/><G11/><REACH who="3" ten="250,180,280,280" step="2"/><N who="0" m="6367" /><D72/><AGARI ba="0,1" hai="1,2,12,16,23,43,44,49,72,78,83,87,89,92" machi="72" ten="30,3900,0" yaku="1,1,7,1,54,1,53,0" doraHai="20" doraHaiUra="71" who="3" fromWho="0" sc="250,-39,180,0,280,0,280,49" /><INIT seed="3,0,0,1,2,43" ten="211,180,280,329" oya="3" hai0="85,77,116,90,108,112,10,14,68,133,64,132,65" hai1="42,61,31,105,16,82,29,125,2,84,96,23,7" hai2="134,135,83,62,127,24,35,75,129,118,117,21,120" hai3="92,0,40,67,110,34,45,6,130,109,18,123,55"/><W28/><G123/><T81/><D116/><U93/><E105/><V66/><F120/><W103/><G67/><N who="0" m="25675" /><D68/><U59/><E125/><V115/><F127/><W57/><G18/><N who="0" m="8535" /><D108/><N who="3" m="41577" /><G130/><T60/><D60/><U39/><E42/><V33/><F129/><W119/><G119/><T78/><D112/><U53/><E39/><V74/><F115/><W15/><G0/><T51/><D51/><U121/><E7/><V5/><F5/><W46/><G40/><T19/><D19/><U80/><E2/><V114/><F114/><W94/><G28/><N who="1" m="10826" /><E84/><V49/><F35/><W30/><G30/><T22/><D22/><U36/><E36/><V91/><F33/><W98/><G34/><T131/><D131/><U9/><E9/><V128/><F128/><W63/><G94/><T73/><D73/><U71/><E71/><V97/><F74/><W13/><G13/><T72/><D72/><U88/><E121/><V52/><F117/><W89/><G103/><T124/><D124/><U104/><E104/><V48/><F75/><W106/><G106/><T12/><D12/><AGARI ba="0,0" hai="12,16,23,53,59,61,80,82,88,93,96" m="10826" machi="12" ten="30,3900,0" yaku="8,1,54,2" doraHai="43" who="1" fromWho="0" sc="211,-39,180,39,280,0,329,0" /><INIT seed="4,0,0,5,3,124" ten="172,219,280,329" oya="0" hai0="27,95,10,104,9,3,116,28,110,57,92,84,29" hai1="59,1,5,128,52,101,82,22,32,83,71,65,55" hai2="40,11,133,47,89,23,109,73,13,6,80,72,130" hai3="107,48,86,15,100,70,54,8,16,46,35,66,123"/><T60/><D116/><U0/><E32/><V63/><F109/><W49/><G123/><T61/><D104/><U24/><E71/><V56/><F133/><W2/><G35/><T31/><D110/><U108/><E108/><V7/><F130/><W17/><G2/><T39/><D39/><U34/><E34/><V127/><F127/><W90/><G100/><T118/><D118/><U50/><E65/><V41/><F23/><W93/><G107/><T111/><D111/><U69/><E69/><V135/><F6/><W94/><G66/><T45/><D45/><U37/><E37/><V88/><F135/><W113/><G70/><T30/><D3/><U96/><E128/><V106/><F106/><W4/><G113/><T42/><D42/><U102/><E55/><V64/><F41/><W81/><G49/><T97/><D84/><U51/><E51/><V98/><F98/><W33/><G33/><T99/><N who="0" m="7168" /><DORA hai="74" /><T62/><D27/><U87/><E5/><V67/><F64/><W19/><AGARI ba="0,0" hai="4,8,15,16,17,19,46,48,54,81,86,90,93,94" machi="19" ten="30,4000,0" yaku="0,1,8,1,54,1" doraHai="124,74" who="3" fromWho="3" sc="172,-20,219,-10,280,-10,329,40" /><INIT seed="5,0,0,0,0,11" ten="152,209,270,369" oya="1" hai0="52,117,23,17,35,68,58,102,122,110,132,65,55" hai1="2,73,90,118,86,91,129,112,48,87,76,98,33" hai2="77,114,92,108,62,116,74,34,109,21,47,60,101" hai3="80,88,15,19,113,54,135,105,81,45,22,95,89"/><U27/><E2/><V100/><F116/><W20/><G105/><T46/><D117/><U83/><E118/><V104/><F34/><W39/><G135/><T72/><D35/><U24/><E112/><V36/><F104/><W30/><G113/><T44/><D72/><U41/><E129/><V13/><F114/><W9/><G89/><T124/><D122/><U29/><E98/><V115/><F77/><W57/><G45/><T59/><D132/><U131/><E131/><V85/><F74/><W119/><G39/><T4/><D4/><U93/><E27/><V51/><F36/><W10/><G119/><T121/><D121/><U75/><REACH who="1" step="1"/><E76/><REACH who="1" ten="152,199,270,369" step="2"/><V79/><F79/><W64/><G30/><T43/><D110/><U133/><E133/><V5/><F109/><W127/><G127/><T49/><D124/><U125/><E125/><V111/><F115/><W70/><G70/><T7/><D7/><U25/><E25/><V69/><F69/><W134/><G134/><T40/><D102/><U16/><E16/><N who="2" m="10383" /><F5/><W12/><G64/><T99/><D99/><U107/><E107/><V78/><F108/><W42/><G22/><T31/><D31/><U66/><E66/><V56/><F111/><W120/><G20/><T1/><D1/><U67/><E67/><N who="2" m="39303" /><F100/><W18/><G120/><T130/><D130/><U28/><E28/><V3/><F3/><W84/><G42/><N who="0" m="15915" /><D68/><U128/><E128/><V63/><F101/><W37/><G37/><T97/><D97/><U94/><E94/><V123/><F123/><W61/><AGARI ba="0,1" hai="9,10,12,15,18,19,54,57,61,80,81,84,88,95" machi="61" ten="20,12000,2" yaku="0,1,7,1,9,1,8,1,52,2,54,1" doraHai="11" who="3" fromWho="3" sc="152,-30,199,-60,270,-30,369,130" /><INIT seed="6,0,0,2,0,7" ten="122,139,240,499" oya="2" hai0="88,10,132,110,12,11,135,45,97,100,4,61,42" hai1="80,29,66,28,79,102,24,52,50,94,108,133,82" hai2="131,14,117,98,58,101,134,124,37,17,62,2,104" hai3="70,81,55,106,54,27,76,123,120,63,22,71,91"/><V129/><F117/><W48/><G106/><T57/><D110/><U5/><E108/><V127/><F2/><W47/><G91/><T74/><D74/><U15/><E133/><N who="0" m="51273" /><D4/><U51/><E66/><N who="2" m="39255" /><F37/><W59/><G120/><T68/><D12/><U87/><E51/><V119/><F119/><W125/><G125/><N who="2" m="48201" /><F134/><W20/><G123/><T31/><D31/><U113/><E82/><V93/><F93/><W83/><G22/><AGARI ba="0,0" hai="14,17,22,98,101,104,129,131" m="48201,39255" machi="22" ten="30,1500,0" yaku="18,1" doraHai="7" who="2" fromWho="3" sc="122,0,139,0,240,15,499,-15" /><INIT seed="6,1,0,1,3,134" ten="122,139,255,484" oya="2" hai0="49,127,15,60,66,28,30,83,62,118,42,123,116" hai1="114,63,2,97,135,125,132,31,0,105,100,59,90" hai2="53,34,94,120,51,39,70,113,24,37,110,126,86" hai3="108,52,89,129,92,99,48,57,1,61,117,50,36"/><V107/><F120/><W133/><G117/><N who="0" m="45163" /><D123/><U40/><E40/><V128/><F113/><W75/><G108/><T25/><D83/><U3/><E114/><V74/><F70/><W71/><G133/><N who="1" m="51274" /><E31/><N who="0" m="11817" /><D25/><U106/><E90/><V20/><F34/><W38/><G75/><T41/><D15/><U12/><E12/><V43/><F74/><W22/><G1/><N who="1" m="258" /><U17/><DORA hai="91" /><E17/><V44/><F110/><W8/><G8/><T76/><D76/><U72/><E72/><V111/><F107/><W84/><G129/><T58/><D127/><U46/><E46/><V14/><F126/><W79/><G71/><N who="0" m="42439" /><D49/><U88/><E125/><V101/><F128/><W104/><G38/><T93/><D93/><N who="1" m="56487" /><E100/><V4/><F111/><W33/><G36/><T35/><D35/><U45/><E45/><V131/><F37/><W26/><G33/><T81/><D81/><U56/><E56/><V54/><F39/><W77/><G104/><T5/><D5/><U80/><E80/><V47/><F44/><W55/><G61/><T27/><D27/><U121/><E121/><V6/><F131/><W95/><G26/><T102/><D102/><U11/><E11/><N who="2" m="4455" /><F6/><W112/><G22/><T67/><AGARI ba="1,0" hai="41,42,58,62,67" m="42439,11817,45163" machi="67" ten="30,1100,0" yaku="12,1" doraHai="134,91" who="0" fromWho="0" sc="122,14,139,-4,255,-6,484,-4" /><INIT seed="7,0,0,5,0,122" ten="136,135,249,480" oya="3" hai0="24,60,124,119,56,103,41,128,61,81,68,95,35" hai1="129,49,37,51,55,131,82,99,36,5,94,66,17" hai2="10,96,100,53,29,62,105,30,120,107,97,48,108" hai3="72,76,132,77,63,25,89,13,7,9,125,16,34"/><W15/><G72/><T23/><D119/><U33/><E33/><V65/><F108/><W88/><G132/><T130/><D35/><U126/><E126/><V84/><F120/><W110/><G125/><T1/><D1/><U44/><E5/><V112/><F112/><W104/><G104/><T115/><D115/><U90/><E66/><V127/><F10/><W135/><G135/><T57/><D124/><U42/><E17/><V50/><F84/><W93/><G110/><T12/><D12/><U117/><E82/><V116/><F116/><W106/><G106/><T26/><D41/><U74/><E74/><V111/><F111/><W18/><G34/><T27/><D23/><U73/><E73/><V47/><F50/><W4/><G63/><N who="0" m="24139" /><D68/><U91/><E91/><N who="3" m="34890" /><G93/><T21/><D21/><U70/><E70/><V43/><F43/><W118/><G25/><T102/><D81/><U32/><E32/><V85/><F85/><W19/><G118/><T113/><D113/><U6/><E6/><N who="3" m="2090" /><G9/><T75/><D75/><U78/><E78/><AGARI ba="0,0" hai="13,15,16,18,19,76,77,78" m="2090,34890" machi="78" ten="30,12000,1" yaku="28,2,8,1,54,2" doraHai="122" who="3" fromWho="1" sc="136,0,135,-120,249,0,480,120" owari="136,-26.0,15,-48.0,249,5.0,600,69.0" /></mjloggm>