<mjloggm ver="2.3"><GO type="97" lobby="0"/><UN n0="%E6%98%A5%E5%A5%88" n1="%E7%80%AC%E5%B0%BE%E6%99%B6" n2="%E7%99%BD%E7%9F%B3%E9%BA%BB%E8%A1%A3" n3="%E3%83%88%E3%83%88%E3%83%AA%E5%85%88%E7%94%9F%31%39%E6%AD%B3" dan="13,14,14,13" rate="1820.52,1921.85,1987.27,2038.24" sx="F,M,M,F"/><TAIKYOKU oya="0"/><INIT seed="0,0,0,2,4,102" ten="250,250,250,250" oya="0" hai0="7,135,68,86,120,88,81,98,0,16,123,46,90" hai1="110,59,91,20,48,58,108,65,54,34,11,107,43" hai2="67,60,99,92,105,27,32,8,53,134,116,89,77" hai3="52,30,131,12,10,83,26,47,37,104,121,80,49"/><T113/><D113/><U15/><E34/><V5/><F116/><W111/><G111/><N who="1" m="42538" /><E43/><V18/><F134/><W94/><G131/><T78/><D135/><U133/><E133/><V75/><F105/><W101/><G121/><T117/><D117/><U125/><E125/><V55/><F32/><W25/><G37/><T35/><D35/><U14/><E20/><V3/><F77/><W50/><G104/><T129/><D68/><U9/><E107/><V36/><F75/><W42/><G94/><T112/><D112/><U130/><E130/><V115/><F36/><W103/><G103/><T63/><D129/><U69/><E69/><V85/><F115/><W97/><G97/><T127/><D127/><U122/><E122/><V44/><F44/><N who="3" m="27719" /><G101/><T45/><D63/><N who="1" m="38135" /><E91/><V19/><F99/><W95/><G95/><T118/><D118/><U64/><E64/><V132/><F132/><W70/><G70/><T128/><D128/><U51/><E51/><V21/><REACH who="2" step="1"/><F19/><REACH who="2" ten="250,250,240,250" step="2"/><N who="3" m="8599" /><G30/><T100/><D120/><U24/><E24/><AGARI ba="0,1" hai="24,25,26,42,47,49,80,83" m="8599,27719" machi="24" ten="30,2000,0" yaku="8,1,54,1" doraHai="102" who="3" fromWho="1" sc="250,0,250,-20,240,0,250,30" /><INIT seed="1,0,0,2,5,109" ten="250,230,240,280" oya="1" hai0="135,17,56,14,25,18,30,98,46,43,104,23,48" hai1="75,8,50,85,40,94,29,111,33,78,45,62,130" hai2="65,112,120,90,100,134,96,47,5,74,113,63,60" hai3="10,125,89,123,49,76,128,122,54,11,41,88,70"/><U36/><E111/><V44/><F120/><W37/><G70/><T7/><D135/><U115/><E75/><V38/><F134/><W21/><G128/><T83/><D83/><U79/><E130/><V82/><F5/><W81/><G125/><T32/><D56/><U92/><E115/><N who="2" m="44107" /><F38/><W107/><G107/><T126/><D126/><U131/><E131/><V20/><F20/><W1/><G41/><T12/><D12/><U114/><E114/><V72/><F90/><W129/><G37/><T0/><D98/><U124/><E124/><V42/><F47/><W73/><G21/><T103/><D103/><U39/><E36/><N who="2" m="21575" /><F65/><W15/><G129/><T57/><D57/><U133/><E39/><V2/><F2/><W22/><G22/><T53/><D104/><U119/><E45/><V121/><F121/><W105/><G105/><T6/><D0/><U106/><E106/><N who="2" m="63751" /><F82/><W64/><G64/><T116/><D43/><U71/><E40/><V97/><F97/><W52/><G1/><T58/><D58/><U77/><E133/><V117/><F117/><W67/><G67/><T87/><D116/><U59/><E119/><V101/><F101/><W132/><G132/><T102/><D102/><U108/><E108/><V24/><F24/><W127/><G127/><T19/><D87/><U110/><E85/><V84/><F84/><W99/><G122/><T35/><D23/><U16/><E110/><V91/><F91/><W55/><G123/><T95/><D46/><U51/><E92/><V118/><F118/><W9/><G99/><T26/><D95/><U93/><E94/><RYUUKYOKU ba="0,0" sc="250,-10,230,-10,240,30,280,-10" hai2="60,63,72,74" /><INIT seed="2,1,0,4,3,0" ten="240,220,270,270" oya="2" hai0="83,39,112,28,121,116,10,2,3,33,61,9,37" hai1="5,56,79,22,74,25,65,16,115,107,48,54,23" hai2="77,80,59,71,6,14,20,88,125,36,135,75,24" hai3="100,133,102,19,17,104,126,113,34,92,101,122,46"/><V63/><F71/><W110/><G122/><T94/><D121/><U53/><E115/><V15/><F36/><W84/><G34/><T96/><D112/><U70/><E107/><V95/><F135/><W38/><G104/><T44/><D116/><U111/><E70/><V87/><F125/><W99/><G113/><T1/><D61/><N who="1" m="38055" /><E74/><V4/><F15/><W64/><G126/><T129/><D129/><U58/><E111/><V51/><F14/><W47/><G110/><T41/><D39/><U106/><E106/><V128/><F51/><W55/><G133/><T11/><D83/><U118/><E118/><V123/><F128/><W13/><G19/><T82/><D82/><U35/><E35/><V81/><F123/><W69/><G38/><T134/><D134/><U32/><E32/><V119/><F119/><W103/><G84/><T21/><D33/><U43/><E79/><V93/><F81/><W8/><G64/><T117/><D117/><U78/><E78/><V18/><F95/><W73/><G69/><T26/><REACH who="0" step="1"/><D1/><REACH who="0" ten="230,220,270,270" step="2"/><U30/><E43/><V131/><F131/><W130/><G130/><T45/><D45/><N who="3" m="16905" /><G73/><T108/><D108/><U89/><E48/><V31/><F31/><W40/><G55/><AGARI ba="1,1" hai="4,6,18,20,24,55,59,63,75,77,80,87,88,93" machi="55" ten="30,11600,0" yaku="7,1,52,2,54,1" doraHai="0" who="2" fromWho="3" sc="230,0,220,0,270,129,270,-119" /><INIT seed="2,2,0,0,3,130" ten="230,220,399,151" oya="2" hai0="80,110,98,9,100,34,6,74,117,73,11,29,47" hai1="54,119,25,64,131,2,81,115,19,7,53,15,126" hai2="40,5,44,38,30,132,35,65,118,113,88,62,69" hai3="87,32,125,133,66,112,78,79,109,43,106,51,107"/><V61/><F118/><W95/><G32/><T90/><D110/><U82/><E119/><V104/><F113/><W27/><G109/><T28/><D117/><U85/><E131/><V67/><F132/><W128/><G128/><T22/><D34/><U86/><E115/><V46/><F104/><N who="3" m="39979" /><G51/><T108/><D108/><U48/><E2/><V127/><F127/><W77/><G27/><T0/><D9/><N who="1" m="4543" /><E126/><V41/><F5/><W96/><G66/><T42/><D22/><N who="1" m="13535" /><E64/><V60/><F30/><W14/><G43/><T89/><D74/><U124/><E124/><V70/><F35/><W63/><G63/><T4/><D4/><U135/><E135/><V8/><F8/><W50/><G50/><T120/><D120/><U57/><E53/><V12/><F12/><W13/><G13/><T101/><D73/><U105/><E105/><V56/><F88/><N who="0" m="33898" /><D80/><AGARI ba="2,0" hai="48,54,57,80,81,82,85,86" m="13535,4543" machi="80" ten="30,1000,0" yaku="8,1" doraHai="130" who="1" fromWho="0" sc="230,-16,220,16,399,0,151,0" /><INIT seed="3,0,0,5,5,83" ten="214,236,399,151" oya="3" hai0="11,96,127,67,55,56,8,123,32,60,14,41,111" hai1="97,44,39,108,130,51,38,16,1,31,101,112,59" hai2="131,106,79,92,53,69,116,23,36,94,90,91,45" hai3="17,6,78,118,57,61,68,19,122,5,124,103,66"/><W99/><G118/><T10/><D123/><U24/><E112/><V86/><F131/><W129/><G122/><T77/><D111/><U4/><E108/><V71/><F116/><W26/><G129/><T12/><D127/><U25/><E130/><V81/><F106/><W63/><G124/><T80/><D32/><U98/><E59/><V58/><F45/><W46/><G78/><T100/><D41/><U27/><E31/><V85/><F36/><W48/><G26/><T74/><REACH who="0" step="1"/><D67/><REACH who="0" ten="204,236,399,151" step="2"/><U128/><E128/><V29/><F71/><W84/><G84/><T33/><D33/><U0/><E97/><V30/><F69/><W88/><G88/><T40/><D40/><U82/><E98/><V113/><F113/><W7/><G68/><T117/><D117/><U134/><E101/><V15/><F15/><W75/><G63/><T76/><D76/><U132/><E134/><V3/><F3/><W22/><G75/><T49/><D49/><U125/><E132/><V35/><F35/><W73/><G73/><T34/><D34/><U21/><E51/><N who="2" m="31039" /><F23/><W115/><G115/><T2/><D2/><U95/><E1/><V47/><F47/><W62/><G62/><T119/><D119/><U120/><E0/><V42/><F42/><N who="3" m="24663" /><G22/><T54/><D54/><U126/><E21/><V104/><F104/><AGARI ba="0,1" hai="8,10,11,12,14,55,56,60,74,77,80,96,100,104" machi="104" ten="40,2600,0" yaku="1,1,53,1" doraHai="83" doraHaiUra="105" who="0" fromWho="2" sc="204,36,236,0,399,-26,151,0" owari="240,4.0,236,-16.0,373,47.0,151,-35.0" /></mjloggm>