<mjloggm ver="2.3"><GO type="41" lobby="0"/><UN n0="%E6%B8%85%E6%B0%B4%40%E6%A3%84%E9%BA%BB%E8%BB%8D%E5%9C%98" n1="%74%61%6E%70%69%6E%38" n2="%E3%81%AA%E3%82%93%E3%81%A0%E3%81%8B%E3%81%AA%E3%83%BC" n3="%E5%B0%B1%E6%B4%BB%E7%94%9F%40%E5%B7%9D%E6%9D%91%E8%BB%8D%E5%9B%A3" dan="13,13,13,14" rate="1928.70,1863.40,1859.20,1974.44" sx="M,F,M,M"/><TAIKYOKU oya="0"/><INIT seed="0,0,0,4,1,30" ten="250,250,250,250" oya="0" hai0="87,46,106,133,103,105,1,47,70,122,48,0,127" hai1="132,39,116,52,102,15,40,75,100,96,20,41,88" hai2="82,111,79,37,72,128,9,16,68,5,101,35,54" hai3="97,71,55,49,123,124,130,23,50,11,126,42,65"/><T45/><D122/><U77/><E116/><V99/><F37/><W63/><G23/><T27/><D70/><U85/><E132/><V94/><F68/><W61/><G11/><T119/><D133/><U135/><E135/><V120/><F120/><W95/><G123/><T84/><D119/><U38/><E38/><V17/><F35/><W118/><G118/><T31/><D127/><N who="3" m="48681" /><G130/><T80/><D48/><U57/><E39/><V78/><F128/><W29/><G29/><T76/><D103/><U117/><E117/><V32/><F32/><W98/><G95/><T107/><REACH who="0" step="1"/><D84/><REACH who="0" ten="240,250,250,250" step="2"/><U67/><E102/><V62/><F62/><W33/><G63/><T7/><D7/><U109/><E100/><V86/><F86/><W22/><G50/><T51/><D51/><U83/><E85/><V34/><F101/><W4/><G49/><T134/><D134/><U90/><E75/><V36/><F5/><W74/><G61/><T125/><D125/><U114/><E114/><V56/><F72/><W113/><G71/><T44/><N who="0" m="11776" /><DORA hai="21" /><T104/><N who="0" m="27136" /><DORA hai="43" /><T115/><D115/><U69/><E69/><V8/><F36/><W13/><G74/><T93/><D93/><U53/><E41/><V121/><F94/><W59/><G4/><T64/><D64/><U2/><E67/><V129/><F129/><W26/><G113/><T131/><D131/><U12/><E40/><V10/><F121/><W91/><G65/><T25/><D25/><U58/><E83/><V89/><F82/><W92/><G26/><T112/><D112/><U110/><E110/><V3/><F111/><RYUUKYOKU ba="0,1" sc="240,30,250,-10,250,-10,250,-10" hai0="0,1,27,31,76,80,87" /><INIT seed="0,1,1,4,0,117" ten="270,240,240,240" oya="0" hai0="24,108,86,122,75,16,88,113,36,14,134,26,56" hai1="8,37,97,92,22,11,127,64,27,84,21,10,34" hai2="50,35,17,30,125,57,116,41,105,0,33,133,118" hai3="129,89,78,60,104,131,81,43,32,83,39,62,73"/><T5/><D113/><U120/><E37/><V102/><F0/><W68/><G104/><T77/><D36/><U103/><E64/><V52/><F133/><W66/><G32/><T58/><D134/><U82/><E34/><V112/><F112/><W115/><G115/><T29/><D122/><U46/><E127/><V20/><F125/><W12/><G62/><T59/><D108/><U79/><E120/><V1/><F1/><W95/><G81/><T93/><D5/><U123/><E123/><V72/><F72/><W13/><G43/><T3/><D3/><U90/><E46/><V40/><F40/><W61/><G61/><T76/><D75/><N who="1" m="43391" /><E27/><N who="0" m="10281" /><D29/><U96/><E96/><N who="2" m="61639" /><F41/><W70/><G70/><T4/><D4/><U94/><E94/><V124/><F124/><W49/><G49/><T45/><D45/><U74/><E74/><V18/><F30/><W111/><G111/><T63/><D63/><U99/><E99/><V44/><F44/><W6/><G39/><T9/><AGARI ba="1,1" hai="9,14,16,56,58,59,76,77,86,88,93" m="10281" machi="9" ten="30,6000,0" yaku="8,1,54,2" doraHai="117" who="0" fromWho="0" sc="270,73,240,-21,240,-21,240,-21" /><INIT seed="0,2,0,2,3,70" ten="343,219,219,219" oya="0" hai0="8,93,16,92,43,44,3,129,71,125,56,35,124" hai1="132,128,20,91,122,42,34,74,24,30,101,1,67" hai2="54,118,66,85,12,113,21,69,9,76,109,79,100" hai3="106,80,29,68,4,45,28,88,104,6,130,58,123"/><T116/><D71/><U95/><E122/><V18/><F113/><W90/><G68/><T49/><D35/><U126/><E74/><V39/><F39/><W14/><G123/><T99/><D116/><U108/><E1/><V94/><F118/><W105/><G130/><T10/><D129/><U23/><E128/><V107/><F107/><W32/><G58/><T47/><D56/><U2/><E2/><V36/><F109/><W37/><G32/><T57/><D57/><U115/><E34/><V87/><F36/><W110/><G110/><T50/><D3/><U11/><E108/><V133/><F133/><W46/><G80/><T63/><D63/><U77/><E101/><V22/><F69/><W60/><G60/><T26/><D93/><U84/><E77/><N who="2" m="29771" /><F66/><W112/><G14/><T97/><D99/><U40/><E67/><V98/><F54/><W31/><G112/><T119/><D119/><U131/><E115/><V59/><F59/><W121/><G121/><T72/><D72/><U38/><E38/><V73/><F73/><W82/><G82/><T114/><D114/><U62/><E131/><V19/><F22/><W53/><G53/><T75/><D75/><U102/><E20/><V135/><F135/><W61/><G61/><T83/><D83/><U65/><E11/><V15/><AGARI ba="2,0" hai="9,12,15,18,19,21,85,87,94,98,100" m="29771" machi="15" ten="30,1100,0" yaku="8,1" doraHai="70" who="2" fromWho="2" sc="343,-7,219,-5,219,17,219,-5" /><INIT seed="1,0,0,2,4,101" ten="336,214,236,214" oya="1" hai0="7,120,15,110,16,58,105,78,109,97,11,54,24" hai1="76,17,99,81,84,29,19,62,80,50,117,107,61" hai2="130,95,108,38,92,2,89,30,75,132,122,10,123" hai3="65,3,47,119,128,91,55,106,51,71,77,124,56"/><U43/><E117/><V90/><F38/><W121/><G3/><T59/><D120/><U48/><E29/><V126/><F30/><W1/><G1/><T23/><D78/><U52/><E43/><V53/><F2/><W100/><G121/><T64/><D64/><U104/><E81/><V116/><F53/><W86/><G119/><T103/><REACH who="0" step="1"/><D54/><REACH who="0" ten="326,214,236,214" step="2"/><U14/><E99/><V118/><F116/><W94/><G65/><T82/><D82/><U93/><E93/><V6/><F118/><W34/><G94/><T4/><D4/><U112/><E112/><V70/><F6/><W129/><G77/><T32/><D32/><U63/><E50/><V37/><F95/><W40/><G34/><T67/><D67/><U8/><REACH who="1" step="1"/><E19/><REACH who="1" ten="326,204,236,214" step="2"/><V98/><F92/><N who="3" m="54391" /><G51/><T18/><D18/><U0/><E0/><V33/><F123/><W96/><G40/><T22/><D22/><U13/><E13/><V73/><F122/><W127/><G96/><T131/><D131/><U135/><E135/><V111/><F132/><W42/><G129/><T36/><D36/><U125/><E125/><V44/><F126/><W28/><G42/><T41/><D41/><U133/><E133/><V5/><F130/><W57/><G128/><T69/><D69/><U68/><E68/><V134/><F70/><W27/><G127/><T35/><D35/><U114/><E114/><V83/><F134/><W88/><G124/><T45/><D45/><AGARI ba="0,2" hai="8,14,17,45,48,52,61,62,63,76,80,84,104,107" machi="45" ten="40,12000,1" yaku="1,1,52,2,54,1,53,0" doraHai="101" doraHaiUra="60" who="1" fromWho="0" sc="326,-120,204,140,236,0,214,0" /><INIT seed="1,1,0,2,4,38" ten="206,344,236,214" oya="1" hai0="16,17,89,93,87,25,105,98,126,110,81,27,75" hai1="7,48,45,80,44,37,47,82,116,3,5,115,111" hai2="53,102,14,65,8,88,34,92,99,112,132,4,78" hai3="9,12,22,119,32,133,29,108,57,21,15,2,134"/><U73/><E115/><V13/><F34/><W0/><G57/><T43/><D126/><U59/><E116/><V39/><F112/><W95/><G95/><T35/><D110/><U77/><E111/><V103/><F132/><N who="3" m="50795" /><G108/><T123/><D123/><U23/><E82/><V131/><F131/><W40/><G40/><T36/><D105/><U113/><E113/><V127/><F127/><W20/><G119/><T122/><D122/><U24/><E59/><V6/><F39/><W107/><G107/><T97/><D98/><U129/><E129/><V60/><F78/><W101/><G101/><T135/><D75/><U83/><E83/><V52/><F103/><W76/><G76/><T71/><D71/><U120/><E120/><V61/><F102/><W106/><G106/><T42/><D135/><U100/><E100/><V128/><F128/><W18/><G12/><T26/><D35/><U70/><E70/><V41/><F41/><N who="0" m="15370" /><D36/><U118/><E37/><V94/><F94/><W130/><G130/><T68/><D68/><U117/><E3/><N who="3" m="1066" /><G32/><T86/><D86/><N who="1" m="48399" /><E118/><V79/><F79/><AGARI ba="1,0" hai="16,17,25,26,27,79,81,87,89,93,97" m="15370" machi="79" ten="30,8000,1" yaku="8,1,52,3,54,1" doraHai="38" who="0" fromWho="2" sc="206,83,344,0,236,-83,214,0" /><INIT seed="2,0,0,2,0,98" ten="289,344,153,214" oya="2" hai0="14,90,5,134,82,104,86,23,32,18,26,131,89" hai1="71,121,40,25,84,76,102,79,19,47,128,78,97" hai2="109,103,61,73,80,110,53,12,85,77,83,96,49" hai3="105,48,33,13,95,16,34,2,125,99,54,59,88"/><V135/><F61/><W72/><G72/><T11/><D131/><U108/><E71/><V87/><F12/><W37/><G37/><T57/><D104/><U56/><E108/><N who="2" m="41579" /><F135/><W52/><G2/><T3/><D134/><U28/><E121/><V27/><F27/><W20/><G125/><T21/><D57/><U124/><E124/><V39/><F39/><W41/><G41/><T10/><REACH who="0" step="1"/><D90/><REACH who="0" ten="279,344,153,214" step="2"/><U130/><E56/><N who="2" m="32815" /><F83/><W93/><G105/><AGARI ba="0,1" hai="73,77,80,85,87,96,103,105" m="32815,41579" machi="105" ten="30,5800,0" yaku="14,1,10,1,52,1" doraHai="98" who="2" fromWho="3" sc="279,0,344,0,153,68,214,-58" /><INIT seed="2,1,0,5,0,40" ten="279,344,221,156" oya="2" hai0="123,128,31,11,55,59,76,121,122,127,75,23,69" hai1="115,47,2,82,120,9,6,60,81,101,49,102,83" hai2="42,125,109,107,58,44,78,77,96,111,99,103,74" hai3="91,24,117,22,18,10,84,1,15,62,135,13,57"/><V95/><F125/><W106/><G117/><T28/><D69/><U80/><E115/><V124/><F124/><W27/><G106/><T65/><D127/><U110/><E110/><N who="2" m="41995" /><F58/><W86/><G1/><T132/><D65/><U56/><N who="1" m="20992" /><DORA hai="30" /><U114/><E114/><V108/><N who="2" m="42003" /><V25/><DORA hai="98" /><F25/><W61/><G135/><T70/><D76/><U68/><E68/><V88/><F74/><W85/><G91/><T53/><D75/><U113/><E113/><V66/><F66/><W8/><G22/><T7/><D70/><U72/><E120/><V36/><AGARI ba="1,0" hai="36,42,44,77,78,88,95,96,99,103,107" m="42003" machi="36" ten="40,12000,1" yaku="14,1,10,1,52,2,54,1" doraHai="40,30,98" who="2" fromWho="2" sc="279,-41,344,-41,221,123,156,-41" /><INIT seed="2,2,0,4,3,104" ten="238,303,344,115" oya="2" hai0="135,43,96,37,94,100,123,33,66,105,113,12,99" hai1="70,109,68,92,102,103,131,30,45,119,59,31,25" hai2="62,88,29,75,132,16,65,51,41,63,80,28,55" hai3="128,1,23,54,32,93,124,40,24,11,20,26,67"/><V22/><F132/><W86/><G67/><T38/><D113/><U125/><E119/><V18/><F41/><W21/><G40/><T47/><D123/><U15/><E31/><V129/><F129/><W39/><G39/><T111/><D135/><U112/><E112/><V61/><F65/><W74/><G54/><T58/><D33/><U8/><E70/><V17/><F22/><W78/><G124/><T90/><D111/><U53/><E68/><V117/><F117/><W83/><G128/><T71/><D71/><U73/><E131/><V60/><N who="2" m="15872" /><DORA hai="9" /><V48/><F75/><W57/><G57/><T56/><D66/><U69/><E69/><V115/><F115/><W14/><G1/><T120/><D37/><U49/><E109/><V133/><F133/><W116/><G116/><T5/><D120/><U6/><E125/><V2/><F2/><W76/><G32/><T27/><D27/><U50/><E73/><V0/><F0/><W91/><REACH who="3" step="1"/><G76/><REACH who="3" ten="238,303,344,105" step="2"/><T36/><D38/><U87/><E59/><N who="2" m="33255" /><F51/><W72/><G72/><T34/><D34/><U118/><E50/><V130/><F130/><W107/><G107/><T101/><D43/><U122/><E118/><V35/><F35/><W97/><G97/><T10/><D36/><U52/><E53/><V3/><F3/><W44/><G44/><T64/><D47/><U77/><E77/><V82/><F88/><W13/><G13/><T85/><D64/><U19/><E122/><V121/><F121/><W4/><AGARI ba="2,1" hai="4,11,14,20,21,23,24,26,74,78,83,86,91,93" machi="4" ten="30,8000,1" yaku="1,1,0,1,52,2,53,1" doraHai="104,9" doraHaiUra="114,89" who="3" fromWho="3" sc="238,-22,303,-22,344,-42,105,96" /><INIT seed="3,0,0,1,0,36" ten="216,281,302,201" oya="3" hai0="33,40,101,91,67,128,102,117,82,38,76,20,30" hai1="44,86,125,22,70,12,68,9,84,99,6,47,0" hai2="108,132,42,129,127,114,1,56,28,92,134,74,62" hai3="24,35,39,77,112,51,124,90,69,55,97,119,81"/><W110/><G39/><T19/><D117/><U107/><E125/><V27/><F1/><W75/><G119/><T116/><D116/><U122/><E122/><V37/><F114/><W10/><G112/><T135/><D135/><N who="2" m="51754" /><F74/><W93/><G124/><T118/><D118/><U96/><E70/><V109/><F127/><W23/><G69/><T72/><D128/><U113/><E68/><V16/><F129/><W29/><G110/><N who="2" m="42601" /><F92/><W50/><G10/><T65/><D30/><U106/><E113/><V2/><F2/><W105/><G105/><T121/><D33/><U103/><E107/><V4/><F4/><W45/><REACH who="3" step="1"/><G51/><REACH who="3" ten="216,281,302,191" step="2"/><T71/><D121/><U5/><E106/><V89/><F37/><W87/><G87/><T11/><D71/><U32/><E86/><V66/><F89/><W61/><G61/><T21/><D91/><U57/><E84/><V60/><F60/><W79/><G79/><T73/><D72/><U52/><E99/><V123/><F123/><W120/><G120/><T64/><D38/><U104/><E96/><V8/><F8/><W85/><G85/><T54/><D11/><U130/><E104/><V15/><F62/><W59/><G59/><T95/><D76/><U53/><E57/><V131/><F56/><W25/><G25/><T34/><D73/><U83/><E9/><V41/><F131/><W18/><G18/><T7/><D19/><U63/><E63/><V48/><F48/><W58/><G58/><T49/><D7/><U115/><E6/><V100/><F66/><W17/><G17/><T98/><D49/><U94/><E130/><RYUUKYOKU ba="0,1" sc="216,-10,281,-10,302,-10,191,30" hai3="23,24,29,35,45,50,55,75,77,81,90,93,97" /><INIT seed="3,1,1,1,2,31" ten="206,271,292,221" oya="3" hai0="41,89,18,42,59,19,4,64,133,6,85,113,0" hai1="66,105,72,135,58,35,70,65,101,44,100,118,106" hai2="87,90,43,23,129,115,25,71,111,99,123,102,51" hai3="49,91,32,86,20,52,9,76,83,10,50,54,22"/><W120/><G120/><T63/><D113/><U97/><E72/><V2/><F115/><W17/><G32/><T112/><D112/><U88/><E70/><V36/><F123/><W53/><G76/><T74/><D74/><U38/><E100/><V45/><F71/><W15/><REACH who="3" step="1"/><G22/><REACH who="3" ten="206,271,292,211" step="2"/><T125/><D125/><U1/><E118/><V8/><F23/><W107/><G107/><T84/><D133/><U117/><E35/><V108/><F108/><W14/><G14/><T68/><D0/><U128/><E105/><V61/><F111/><W77/><G77/><T124/><D124/><U5/><E1/><V69/><F2/><W79/><G79/><T56/><D89/><U109/><E88/><V67/><F90/><W122/><G122/><T62/><D68/><U104/><E104/><V29/><F69/><W47/><G47/><T131/><D131/><U40/><E128/><V93/><F129/><W46/><G46/><T94/><D94/><U13/><E109/><V73/><F93/><W57/><G57/><T33/><D33/><U30/><E58/><V60/><F45/><W132/><G132/><T78/><D78/><U80/><E117/><V119/><F119/><W12/><G12/><T28/><D64/><U127/><E127/><V11/><F67/><W16/><G16/><T130/><D130/><U3/><E3/><V134/><F134/><W96/><G96/><T81/><D81/><U55/><E80/><V21/><F99/><W92/><G92/><T24/><D24/><U114/><E135/><V103/><F25/><W27/><G27/><T26/><D26/><RYUUKYOKU ba="1,2" sc="206,15,271,-15,292,-15,211,15" hai0="4,6,18,19,28,41,42,56,59,62,63,84,85" hai3="9,10,15,17,20,49,50,52,53,54,83,86,91" /><INIT seed="3,2,2,2,2,53" ten="221,256,277,226" oya="3" hai0="5,116,114,28,94,41,106,108,33,89,24,125,39" hai1="62,8,84,64,130,21,66,57,54,1,48,111,78" hai2="38,43,34,49,90,98,14,67,61,30,102,47,2" hai3="119,85,19,92,77,31,117,45,124,86,18,71,40"/><W93/><G71/><T97/><D116/><U105/><E105/><V10/><F2/><W29/><G77/><T81/><D108/><U110/><E130/><V122/><F122/><W11/><G11/><T22/><D125/><U36/><E36/><V96/><F96/><W79/><G79/><T88/><D114/><U128/><E128/><V91/><F38/><W123/><G123/><T59/><D106/><U42/><E42/><V4/><F34/><W118/><G45/><T69/><D69/><U72/><E72/><V26/><F26/><W32/><G40/><T132/><D132/><U13/><E1/><V87/><F30/><N who="3" m="11275" /><G32/><T127/><D127/><U109/><E21/><V25/><F25/><W135/><G135/><T65/><D5/><N who="1" m="3215" /><E48/><V0/><F0/><W68/><G68/><T51/><D39/><U6/><E6/><V46/><F46/><W9/><G9/><T50/><D41/><U129/><E129/><V35/><F35/><W23/><G23/><T17/><D81/><AGARI ba="2,2" hai="54,57,62,64,66,78,81,84,109,110,111" m="3215" machi="81" ten="30,2000,0" yaku="14,1,52,1" doraHai="53" who="1" fromWho="0" sc="221,-26,256,46,277,0,226,0" /><INIT seed="4,0,0,3,5,81" ten="195,302,277,226" oya="0" hai0="39,97,50,34,45,76,1,24,106,19,68,48,115" hai1="96,120,43,16,73,135,134,0,84,119,126,55,102" hai2="90,108,104,77,60,91,122,3,95,22,69,125,44" hai3="112,59,5,35,2,72,132,66,10,113,51,75,52"/><T26/><D68/><U29/><E73/><V87/><F108/><W78/><G35/><T94/><D106/><U6/><E119/><V7/><F122/><W111/><G111/><T71/><D71/><U32/><E120/><V93/><F104/><W129/><G129/><T118/><D1/><U36/><E126/><V41/><F125/><W109/><G109/><T30/><D118/><U133/><E29/><V98/><F77/><W116/><G116/><T82/><D115/><N who="3" m="44105" /><G132/><T130/><D130/><U8/><E32/><V57/><F69/><W47/><G78/><T65/><D65/><U58/><E43/><V89/><F91/><W49/><G66/><T12/><D26/><U121/><E36/><V54/><F22/><W9/><G9/><T42/><D19/><U105/><E121/><V40/><F3/><W25/><G25/><T79/><D12/><U101/><E101/><V70/><F7/><W110/><G110/><T31/><D30/><U56/><E55/><AGARI ba="0,0" hai="2,5,10,47,49,51,52,55,59,72,75" m="44105" machi="55" ten="30,2000,0" yaku="15,1,54,1" doraHai="81" who="3" fromWho="1" sc="195,0,302,-20,277,0,226,20" /><INIT seed="5,0,0,4,4,28" ten="195,282,277,246" oya="1" hai0="115,70,2,100,68,20,49,127,29,15,40,24,46" hai1="125,3,34,66,71,105,47,76,130,9,123,90,97" hai2="10,99,118,119,57,6,37,19,134,50,21,102,8" hai3="75,92,79,62,58,5,112,87,122,16,126,26,111"/><U42/><E123/><V22/><F37/><W31/><G111/><T116/><D116/><U98/><E97/><V18/><F99/><W17/><G122/><T86/><D2/><U80/><E90/><V135/><F50/><W88/><G5/><T45/><D127/><U59/><E59/><V113/><F57/><W52/><G126/><T51/><D115/><U94/><E94/><V67/><F102/><W36/><G36/><T84/><D100/><U55/><E55/><V30/><F67/><W72/><G112/><T23/><D20/><U82/><E82/><V56/><F56/><W124/><G124/><T27/><D24/><U60/><E125/><V95/><F95/><W91/><G91/><T83/><D15/><U35/><E130/><V77/><F77/><W131/><G131/><T12/><D12/><U103/><E80/><V101/><F101/><W93/><G93/><T11/><D11/><U25/><E76/><V117/><F117/><W0/><G0/><T48/><D49/><U65/><E65/><V73/><F73/><W132/><G132/><T120/><D120/><U78/><E78/><V85/><F85/><N who="3" m="52239" /><G75/><T129/><D129/><U96/><E96/><V114/><F6/><W121/><G72/><T13/><D13/><U38/><E25/><V108/><F30/><W81/><G121/><T109/><D109/><AGARI ba="0,0" hai="8,10,18,19,21,22,108,109,113,114,118,119,134,135" machi="109" ten="25,8000,1" yaku="22,2,34,3" doraHai="28" who="2" fromWho="0" sc="195,-80,282,0,277,80,246,0" /><INIT seed="6,0,0,3,0,53" ten="115,282,357,246" oya="2" hai0="81,36,113,132,106,134,41,93,37,112,55,91,77" hai1="24,50,78,110,109,0,15,76,123,35,28,22,31" hai2="114,17,25,102,30,11,122,90,96,43,70,23,57" hai3="27,38,95,121,56,100,71,79,87,16,125,67,6"/><V80/><F122/><W9/><G121/><T75/><D106/><U12/><E123/><V105/><F70/><W8/><G38/><T52/><D41/><U18/><E50/><V74/><F114/><N who="0" m="44138" /><D37/><U104/><E104/><V1/><F43/><W118/><G71/><T82/><D81/><U124/><E78/><V4/><F74/><W84/><G118/><T129/><D36/><U131/><E76/><V108/><F108/><W33/><G125/><T69/><D69/><U119/><E119/><V83/><F90/><N who="3" m="53703" /><G100/><T65/><D65/><U58/><E58/><V32/><REACH who="2" step="1"/><F57/><REACH who="2" ten="115,282,347,246" step="2"/><W63/><G56/><T40/><D40/><U59/><E59/><V116/><F116/><W47/><G67/><T117/><D117/><U21/><E124/><V60/><F60/><W29/><G63/><T92/><D129/><U42/><E42/><V94/><F94/><N who="0" m="36458" /><D91/><U73/><E73/><V2/><F2/><W62/><G62/><T127/><D127/><U99/><E131/><V46/><F46/><W111/><G47/><T126/><D126/><U107/><E0/><V97/><F97/><W88/><G111/><T61/><D61/><U133/><E99/><V72/><F72/><W39/><G88/><T135/><AGARI ba="0,1" hai="52,55,75,77,82,132,134,135" m="36458,44138" machi="135" ten="40,5200,0" yaku="20,1,15,1,54,1" doraHai="53" who="0" fromWho="0" sc="115,62,282,-13,347,-26,246,-13" /><INIT seed="7,0,0,2,4,74" ten="177,269,321,233" oya="3" hai0="44,26,120,18,93,0,43,132,70,89,128,19,85" hai1="13,112,103,7,17,83,108,10,45,25,55,76,100" hai2="68,88,86,125,12,66,52,133,60,28,1,87,135" hai3="20,97,31,75,48,72,102,78,92,109,46,35,2"/><W113/><G35/><T6/><D120/><U5/><E108/><V121/><F121/><W79/><G2/><T40/><D70/><U117/><E112/><V38/><F38/><W81/><G109/><T71/><D71/><U115/><E115/><V63/><F1/><W61/><G113/><T101/><D128/><U14/><E117/><V56/><F125/><W126/><G126/><T51/><D132/><N who="2" m="50762" /><F28/><W99/><G61/><T105/><D40/><U106/><E106/><V32/><F32/><W122/><G122/><T77/><D105/><U30/><E7/><V107/><F107/><W62/><G62/><T16/><D101/><U36/><E36/><V69/><F69/><W33/><G33/><T11/><REACH who="0" step="1"/><D26/><REACH who="0" ten="167,269,321,233" step="2"/><U104/><E104/><V58/><F68/><W73/><G99/><T130/><D130/><U8/><E103/><V24/><F24/><N who="3" m="16775" /><G72/><T37/><D37/><U49/><E100/><V129/><F129/><W124/><G75/><T95/><D95/><U111/><E111/><V82/><F86/><W116/><G73/><T131/><D131/><U65/><E25/><V53/><F66/><W57/><G124/><T94/><D94/><U54/><E65/><V127/><F127/><W50/><G116/><T15/><D15/><AGARI ba="0,1" hai="12,15,52,53,56,58,60,63,82,87,88" m="50762" machi="15" ten="30,3900,0" yaku="20,1,54,2" doraHai="74" who="2" fromWho="0" sc="167,-39,269,0,321,49,233,0" owari="128,-37.0,269,7.0,370,47.0,233,-17.0" /></mjloggm>