<mjloggm ver="2.3"><GO type="169" lobby="0"/><UN n0="%43%69%6E%65%63%75%73%73" n1="%64%6F%6D%65%73%75%31%36" n2="%E7%A9%B6%E6%A5%B5%41%49" n3="%E3%82%A6%E3%83%AB%E3%83%88%E3%83%A9%E7%AB%8B%E7%9B%B4" dan="17,16,16,17" rate="2144.48,2154.76,2032.95,2169.87" sx="M,M,M,M"/><TAIKYOKU oya="0"/><INIT seed="0,0,0,0,0,98" ten="250,250,250,250" oya="0" hai0="36,7,72,48,109,89,18,101,11,78,133,96,41" hai1="119,81,85,9,20,57,95,114,134,58,88,105,106" hai2="1,107,115,22,117,66,70,92,8,43,10,75,129" hai3="2,62,3,83,77,13,94,127,122,31,54,5,65"/><T82/><D133/><U55/><E119/><V34/><F34/><W35/><G127/><T44/><D109/><U17/><E134/><V100/><F115/><W23/><G122/><T86/><D18/><U38/><E114/><V29/><F107/><W61/><G35/><T32/><D32/><U67/><E38/><V104/><F104/><W120/><G120/><T25/><D25/><U126/><E126/><V47/><F75/><W40/><G40/><T130/><D130/><U45/><E9/><V64/><F129/><W131/><G131/><T102/><D48/><U103/><E45/><V132/><F132/><W0/><G54/><T19/><D96/><U6/><E6/><V68/><F92/><W69/><G62/><T4/><D19/><U125/><E125/><V63/><F47/><W28/><G28/><T21/><D21/><U52/><E67/><V24/><F22/><W135/><G135/><T14/><REACH who="0" step="1"/><D7/><REACH who="0" ten="240,250,250,250" step="2"/><U50/><E17/><V76/><F24/><W42/><G23/><T116/><D116/><U93/><E20/><V99/><F99/><W90/><G31/><T56/><D56/><U27/><E27/><V59/><F117/><W128/><G5/><T73/><D73/><U49/><E103/><V113/><F100/><W60/><G128/><T91/><D91/><U30/><E30/><V121/><F29/><W71/><G90/><T108/><D108/><U110/><E110/><V74/><F74/><W111/><G111/><T12/><D12/><U124/><E124/><V26/><F26/><W33/><G13/><T79/><D79/><U80/><E88/><RYUUKYOKU ba="0,1" sc="240,15,250,15,250,-15,250,-15" hai0="4,11,14,36,41,44,72,78,82,86,89,101,102" hai1="49,50,52,55,57,58,80,81,85,93,95,105,106" /><INIT seed="0,1,1,1,1,52" ten="255,265,235,235" oya="0" hai0="45,33,84,86,89,132,85,91,66,53,93,102,112" hai1="114,125,9,58,48,64,15,105,54,135,32,129,80" hai2="128,110,88,44,76,19,92,29,59,131,34,133,98" hai3="47,68,61,5,83,70,90,14,8,122,50,35,104"/><T57/><D33/><U43/><E105/><V23/><F110/><W39/><G39/><T41/><D66/><U56/><E32/><V69/><F69/><W107/><G35/><T3/><D3/><U108/><E108/><V16/><F133/><W109/><G122/><T31/><D31/><U77/><E135/><V1/><F1/><W62/><G109/><T27/><D27/><U82/><E114/><V11/><F34/><W72/><G70/><T78/><D78/><U20/><E129/><N who="2" m="49739" /><F76/><W36/><G36/><T37/><D132/><U134/><E134/><V4/><F44/><W106/><G68/><T46/><D46/><U30/><E125/><V18/><F59/><W100/><G100/><T22/><D22/><U99/><E99/><V123/><F123/><W121/><G121/><T111/><D111/><U103/><E103/><V113/><F113/><W87/><REACH who="3" step="1"/><G72/><REACH who="3" ten="255,265,235,225" step="2"/><T6/><D112/><U115/><E115/><V97/><F97/><W21/><G21/><T12/><D102/><U130/><E20/><V7/><F11/><W40/><AGARI ba="1,2" hai="5,8,14,40,47,50,61,62,83,87,90,104,106,107" machi="40" ten="30,2000,0" yaku="1,1,0,1,53,0" doraHai="52" doraHaiUra="116" who="3" fromWho="3" sc="255,-11,265,-6,235,-6,225,43" /><INIT seed="1,0,0,0,3,41" ten="244,259,229,268" oya="1" hai0="129,131,112,22,25,93,23,110,48,102,124,62,17" hai1="109,45,21,132,113,70,117,101,57,13,84,106,18" hai2="31,16,120,30,36,104,96,38,68,69,95,11,116" hai3="40,46,111,32,130,42,123,90,89,98,135,75,51"/><U64/><E117/><V37/><F116/><W115/><G123/><T39/><D39/><U26/><E113/><V103/><F120/><W81/><G115/><T5/><D112/><U56/><E132/><V29/><REACH who="2" step="1"/><F104/><REACH who="2" ten="244,259,219,268" step="2"/><W43/><G135/><T2/><D129/><U12/><E109/><V126/><F126/><W118/><G118/><T4/><D124/><U14/><E106/><V114/><F114/><W97/><G130/><T3/><D110/><U44/><E101/><V67/><F67/><W105/><G111/><T134/><D131/><U76/><E70/><V20/><F20/><W66/><G66/><T65/><D23/><U77/><E64/><V58/><F58/><N who="1" m="22633" /><E84/><V92/><F92/><N who="3" m="56471" /><G105/><T27/><D22/><U8/><E8/><V33/><F33/><W54/><G32/><T1/><D102/><U60/><E60/><V87/><F87/><N who="3" m="50415" /><G75/><T100/><D100/><U83/><E83/><V125/><F125/><W63/><G98/><T10/><D62/><AGARI ba="0,1" hai="40,42,43,46,51,54,62,63" m="50415,56471" machi="62" ten="30,2000,0" yaku="8,1,52,1" doraHai="41" who="3" fromWho="0" sc="244,-20,259,0,219,0,268,30" /><INIT seed="2,0,0,0,1,64" ten="224,259,219,298" oya="2" hai0="121,120,102,135,105,43,29,59,124,79,87,13,134" hai1="55,90,21,114,97,40,49,88,83,127,84,7,18" hai2="23,107,11,44,128,91,4,133,17,50,24,22,53" hai3="109,74,1,73,35,6,118,48,111,98,86,34,52"/><V27/><F107/><W104/><G118/><T93/><D29/><U19/><E127/><V37/><F133/><N who="0" m="50698" /><D43/><U31/><E114/><V125/><F125/><W113/><G86/><T15/><D124/><U71/><E7/><V65/><F128/><W60/><G60/><T0/><D0/><U106/><E71/><V51/><F65/><W5/><G113/><T77/><D59/><U12/><E40/><V42/><F91/><W69/><G98/><N who="0" m="61655" /><D15/><U126/><E126/><V110/><F110/><W26/><G104/><T132/><D13/><U94/><E106/><V46/><F37/><W117/><G117/><T30/><D30/><U28/><REACH who="1" step="1"/><E19/><REACH who="1" ten="224,249,219,298" step="2"/><V36/><F36/><W122/><G6/><T78/><D132/><U112/><E112/><V25/><REACH who="2" step="1"/><F23/><REACH who="2" ten="224,249,209,298" step="2"/><W33/><G109/><T99/><D87/><U108/><E108/><V8/><F8/><W66/><G111/><T85/><D85/><U82/><E82/><V10/><F10/><W129/><G34/><T32/><D32/><U103/><E103/><AGARI ba="0,2" hai="77,78,79,93,99,103,120,121" m="61655,50698" machi="103" ten="30,3900,0" yaku="20,1,34,2" doraHai="64" who="0" fromWho="1" sc="224,59,249,-39,209,0,298,0" /><INIT seed="3,0,0,3,4,72" ten="283,210,209,298" oya="3" hai0="1,3,47,32,100,49,41,60,79,10,130,104,20" hai1="63,118,28,12,58,102,19,113,50,16,25,70,131" hai2="115,53,64,5,112,67,35,17,42,74,99,78,84" hai3="8,71,96,135,92,9,13,48,52,39,133,0,110"/><W59/><G71/><T134/><D32/><U111/><E113/><V23/><F35/><W117/><G117/><T44/><D134/><N who="3" m="51209" /><G39/><T54/><D130/><U21/><E118/><V83/><F5/><W120/><G120/><T38/><D100/><U40/><E131/><V29/><F29/><W34/><G34/><T66/><D104/><U85/><E111/><V30/><F30/><W122/><G122/><T128/><D128/><U69/><E19/><V11/><F11/><W55/><G110/><T7/><D20/><U18/><E18/><V81/><F42/><W129/><G129/><T124/><D124/><U61/><E102/><V106/><F53/><N who="3" m="32167" /><G0/><T45/><D45/><U22/><E63/><V36/><F36/><W2/><G2/><T4/><D4/><U90/><E40/><V109/><F109/><W125/><G125/><T27/><D27/><U77/><E50/><V57/><F99/><W82/><G82/><T86/><D3/><U121/><E121/><V31/><F31/><W119/><G119/><T101/><D101/><U26/><E26/><V15/><F106/><W56/><G56/><T103/><D103/><U98/><E58/><V93/><F93/><W91/><G9/><T14/><D1/><U105/><E105/><V68/><F68/><W33/><G33/><T127/><D127/><U73/><E69/><V37/><F37/><W89/><G89/><T65/><D60/><U95/><E61/><N who="2" m="37935" /><F67/><W62/><G62/><T6/><D6/><AGARI ba="0,0" hai="6,8,13,52,55,91,92,96" m="32167,51209" machi="6" ten="30,2900,0" yaku="20,1,54,1" doraHai="72" who="3" fromWho="0" sc="283,-29,210,0,209,0,298,29" /><INIT seed="3,1,0,1,3,129" ten="254,210,209,327" oya="3" hai0="55,122,83,65,26,75,109,130,22,19,74,84,54" hai1="106,64,124,100,8,14,87,101,82,128,62,18,85" hai2="97,125,134,88,78,91,51,35,5,6,95,61,27" hai3="63,102,16,23,117,94,131,31,126,111,79,127,46"/><W11/><G117/><T60/><D122/><U66/><E128/><V24/><F125/><N who="3" m="47627" /><G131/><T121/><D109/><U90/><E124/><V20/><F35/><W1/><G111/><T15/><D121/><U29/><E106/><V114/><F114/><W7/><G79/><T34/><D130/><U73/><E73/><V38/><F38/><W36/><G31/><T42/><D42/><U120/><E120/><V105/><F105/><W98/><G63/><T28/><D75/><U115/><E115/><V13/><F78/><W52/><G36/><T37/><D37/><U77/><E29/><V3/><F3/><W53/><G46/><T30/><D30/><U67/><REACH who="1" step="1"/><E62/><REACH who="1" ten="254,200,209,327" step="2"/><V104/><F104/><W118/><G118/><T12/><D74/><U59/><E59/><V96/><F61/><W10/><G10/><T45/><D45/><U86/><E86/><V25/><F97/><W44/><G44/><T70/><REACH who="0" step="1"/><D15/><AGARI ba="1,1" hai="1,7,11,15,16,23,52,53,94,98,102" m="47627" machi="15" ten="30,5800,0" yaku="18,1,54,2" doraHai="129" who="3" fromWho="0" sc="254,-61,200,0,209,0,327,71" /><INIT seed="3,2,0,2,5,82" ten="193,200,209,398" oya="3" hai0="67,54,11,5,23,84,60,43,110,53,46,1,90" hai1="24,26,45,14,4,41,106,85,117,114,129,7,86" hai2="126,51,121,13,123,100,120,103,31,115,9,112,37" hai3="55,58,44,6,8,48,133,33,109,15,87,135,89"/><W17/><G33/><T22/><D110/><U80/><E114/><N who="2" m="43563" /><F37/><W65/><G109/><T52/><D46/><U102/><E117/><V75/><F75/><W70/><G70/><T56/><REACH who="0" step="1"/><D43/><REACH who="0" ten="183,200,209,398" step="2"/><U119/><E119/><V127/><F123/><W74/><G44/><T79/><D79/><U50/><E129/><V66/><F121/><W34/><G135/><T104/><D104/><U97/><E7/><V93/><F120/><W25/><G133/><T21/><D21/><U125/><E125/><V47/><F47/><W99/><G34/><T39/><D39/><U62/><E62/><V105/><F105/><W81/><G74/><T107/><D107/><U118/><E118/><V88/><F51/><W29/><G6/><T94/><AGARI ba="2,1" hai="1,5,11,22,23,52,53,54,56,60,67,84,90,94" machi="94" ten="30,7900,0" yaku="1,1,0,1,52,1,54,1,53,0" doraHai="82" doraHaiUra="116" who="0" fromWho="0" sc="183,95,200,-22,209,-22,398,-41" /><INIT seed="4,0,0,0,5,116" ten="278,178,187,357" oya="0" hai0="90,97,45,107,127,118,4,70,8,34,121,110,72" hai1="24,44,130,104,29,71,54,109,89,94,6,75,134" hai2="122,114,83,64,26,20,27,9,91,39,48,73,51" hai3="37,88,101,16,76,105,21,40,85,77,55,22,117"/><T126/><D70/><U78/><E109/><V100/><F39/><W95/><G117/><T52/><D72/><U65/><E104/><V112/><F100/><W120/><G120/><T17/><D34/><U84/><E130/><V132/><F132/><W33/><G33/><T53/><D118/><U86/><E134/><V14/><F64/><W46/><G22/><T49/><D17/><U59/><E6/><V133/><F133/><W23/><G23/><T5/><D110/><U119/><E119/><V12/><F20/><W61/><G61/><T69/><D69/><U66/><E71/><V82/><F73/><W7/><G7/><T98/><D107/><U80/><E44/><V93/><F93/><W19/><G19/><T32/><D32/><U35/><REACH who="1" step="1"/><E75/><REACH who="1" ten="278,168,187,357" step="2"/><V102/><F114/><W131/><G131/><T57/><D4/><U36/><E36/><V42/><F112/><W1/><G1/><N who="0" m="47" /><D121/><U111/><E111/><V13/><F9/><W106/><G106/><T79/><D79/><U50/><AGARI ba="0,1" hai="24,29,35,50,54,59,65,66,78,80,84,86,89,94" machi="50" ten="20,2700,0" yaku="1,1,0,1,7,1,53,0" doraHai="116" doraHaiUra="108" who="1" fromWho="1" sc="278,-13,168,37,187,-7,357,-7" /><INIT seed="5,0,0,0,1,20" ten="265,205,180,350" oya="1" hai0="46,45,7,72,88,55,101,40,103,77,107,24,135" hai1="5,115,31,109,92,62,104,2,86,54,18,11,114" hai2="80,69,21,47,102,38,58,76,124,19,59,106,4" hai3="28,17,126,36,15,99,116,85,75,56,84,35,83"/><U74/><E104/><V129/><F69/><W110/><G36/><T25/><D72/><U23/><E74/><V26/><F124/><W22/><G126/><T1/><D77/><U57/><E109/><V90/><F129/><W130/><G110/><T119/><D7/><U117/><E117/><V120/><F120/><W37/><G37/><T87/><D1/><U68/><E68/><V63/><F4/><W0/><G130/><T52/><D107/><U134/><E134/><V16/><F90/><W65/><G0/><T14/><D14/><U89/><REACH who="1" step="1"/><E31/><REACH who="1" ten="265,195,180,350" step="2"/><V131/><F131/><W44/><G75/><T98/><D135/><U60/><E60/><V71/><F71/><W100/><G28/><T43/><D119/><U91/><E91/><V79/><F106/><W70/><G70/><T13/><D13/><AGARI ba="0,1" hai="2,5,11,13,18,23,54,57,62,86,89,92,114,115" machi="13" ten="40,2000,0" yaku="1,1,53,0" doraHai="20" doraHaiUra="113" who="1" fromWho="0" sc="265,-20,195,30,180,0,350,0" /><INIT seed="5,1,0,4,5,1" ten="245,225,180,350" oya="1" hai0="124,122,77,85,68,49,106,131,79,115,78,117,104" hai1="118,94,116,90,121,129,33,26,76,30,53,9,54" hai2="34,111,112,39,86,24,17,82,18,71,73,65,75" hai3="59,58,13,27,105,22,35,132,128,135,5,127,109"/><U16/><E121/><V10/><F111/><W102/><G109/><T51/><D68/><U125/><E76/><V84/><F39/><W100/><G127/><T113/><D124/><U126/><E125/><V95/><F112/><N who="0" m="43082" /><D117/><U48/><E126/><V130/><F130/><W92/><G105/><N who="0" m="40555" /><D131/><U52/><E129/><V50/><F50/><N who="0" m="18954" /><D122/><U119/><E48/><V70/><F71/><W123/><G123/><T57/><D57/><U96/><REACH who="1" step="1"/><E116/><REACH who="1" ten="245,215,180,350" step="2"/><V43/><F43/><W12/><G128/><T97/><D97/><U66/><E66/><V45/><F65/><W134/><G135/><T42/><D42/><U80/><E80/><AGARI ba="1,1" hai="77,78,79,80,85" m="18954,40555,43082" machi="80" ten="40,1300,0" yaku="15,1" doraHai="1" who="0" fromWho="1" sc="245,26,215,-16,180,0,350,0" /><INIT seed="6,0,0,4,0,42" ten="271,199,180,350" oya="2" hai0="66,41,85,103,117,107,33,76,132,71,123,38,125" hai1="67,54,73,50,26,83,6,134,84,2,133,62,99" hai2="18,130,36,97,126,20,92,96,58,131,89,119,69" hai3="75,105,14,48,31,78,22,88,49,113,81,34,5"/><V3/><F69/><W8/><G105/><T4/><D85/><U12/><E73/><V23/><F3/><W77/><G77/><T24/><D76/><U82/><E2/><V80/><F119/><W53/><G113/><T135/><D4/><U129/><E99/><V27/><F36/><W21/><G49/><T74/><D41/><U19/><E26/><V124/><F80/><W1/><G1/><T30/><D66/><U7/><E129/><N who="2" m="49163" /><F58/><W86/><G31/><T87/><D87/><U114/><E114/><V95/><F23/><W104/><G104/><T28/><D30/><U35/><E35/><V46/><F46/><W127/><G34/><T72/><D28/><U39/><E39/><V61/><F61/><W47/><G127/><T51/><D33/><U93/><E93/><AGARI ba="0,0" hai="5,8,14,21,22,47,48,53,75,78,81,86,88,93" machi="93" ten="30,3900,0" yaku="7,1,52,1,54,1" doraHai="42" who="3" fromWho="1" sc="271,0,199,-39,180,0,350,39" /><INIT seed="7,0,0,4,4,104" ten="271,160,180,389" oya="3" hai0="39,34,40,3,41,102,70,117,67,105,101,16,110" hai1="29,87,46,133,47,64,37,10,60,99,51,73,31" hai2="9,65,80,5,62,13,81,90,12,11,94,49,91" hai3="92,103,126,38,0,93,121,6,100,132,32,59,108"/><W116/><G38/><T77/><D16/><U68/><E133/><V85/><F49/><W1/><G32/><T79/><D67/><U122/><E122/><V55/><F55/><W19/><G6/><T106/><D41/><U113/><E113/><V20/><F20/><W24/><G59/><T15/><D15/><U28/><E10/><V23/><F23/><W66/><G132/><T57/><D57/><U71/><E71/><V61/><F65/><W56/><G121/><T119/><D40/><U84/><E37/><V86/><REACH who="2" step="1"/><F94/><REACH who="2" ten="271,160,170,389" step="2"/><W82/><G93/><T52/><D52/><U95/><E73/><V8/><F8/><W76/><G92/><T130/><D39/><U124/><E124/><V72/><F72/><W109/><G66/><T89/><D106/><U42/><REACH who="1" step="1"/><E47/><REACH who="1" ten="271,150,170,389" step="2"/><V125/><F125/><W2/><G126/><T21/><D105/><U97/><E97/><V115/><F115/><W74/><G74/><T112/><D112/><U107/><E107/><V50/><F50/><W131/><G56/><T63/><D70/><U135/><E135/><V58/><F58/><W88/><G2/><T35/><D21/><U22/><E22/><V36/><F36/><W127/><G0/><T129/><D35/><U14/><E14/><V26/><F26/><W48/><G1/><T25/><D25/><U7/><E7/><AGARI ba="0,2" hai="5,7,9,11,12,13,61,62,80,81,85,86,90,91" machi="7" ten="30,12000,2" yaku="1,1,7,1,32,3,8,1,53,0" doraHai="104" doraHaiUra="17" who="2" fromWho="1" sc="271,0,150,-120,170,140,389,0" owari="271,-13.0,30,-47.0,310,11.0,389,49.0" /></mjloggm>