<mjloggm ver="2.3"><GO type="225" lobby="0"/><UN n0="%E8%B6%85%E4%BA%BA%EF%BC%AD" n1="%E5%8F%8B%47%46%49" n2="%E3%82%BB%E3%82%A4%E3%83%A8%E3%82%A6%E3%83%AA%E3%83%B3%E3%82%B4" n3="%E3%83%88%E3%83%88%E3%83%AA%E5%85%88%E7%94%9F%31%39%E6%AD%B3" dan="17,16,16,16" rate="2208.03,2122.29,2082.34,2156.45" sx="M,M,M,F"/><TAIKYOKU oya="0"/><INIT seed="0,0,0,3,0,38" ten="250,250,250,250" oya="0" hai0="135,27,2,100,31,50,65,106,48,32,30,11,51" hai1="82,131,20,13,39,60,21,33,75,41,56,52,5" hai2="113,24,105,70,90,107,71,116,121,61,84,35,44" hai3="80,49,18,53,103,47,122,79,54,14,63,68,124"/><T17/><D135/><U99/><E33/><V0/><F113/><W62/><G124/><T58/><D30/><U83/><E131/><V97/><F121/><W109/><G109/><T9/><D2/><U108/><E108/><V66/><F0/><W72/><G122/><T55/><D65/><U8/><E99/><V59/><F44/><W127/><G127/><T120/><D120/><U104/><E104/><V91/><F105/><W3/><G3/><T28/><D28/><U37/><E37/><V117/><F35/><W89/><G68/><T78/><D78/><U126/><E126/><V77/><F24/><W119/><G119/><N who="2" m="45641" /><F77/><W85/><G54/><T10/><D106/><U130/><E130/><V110/><F110/><W46/><G46/><T26/><REACH who="0" step="1"/><D100/><REACH who="0" ten="240,250,250,250" step="2"/><U15/><E75/><V101/><F91/><W98/><G72/><T34/><D34/><U22/><E83/><AGARI ba="0,1" hai="59,61,66,70,71,83,84,90,97,101,107" m="45641" machi="83" ten="30,1000,0" yaku="12,1" doraHai="38" who="2" fromWho="1" sc="240,0,250,-10,250,20,250,0" /><INIT seed="1,0,0,4,1,133" ten="240,240,270,250" oya="1" hai0="81,33,106,20,68,29,86,17,13,88,43,49,114" hai1="56,89,34,121,0,47,3,79,48,45,2,65,19" hai2="58,74,27,100,124,105,99,70,85,125,30,97,63" hai3="14,38,122,23,96,5,95,111,46,75,53,11,126"/><U52/><E121/><V60/><F70/><W103/><G122/><T25/><D68/><U73/><E34/><V134/><F134/><W80/><G111/><T69/><D69/><U22/><E65/><V120/><F74/><W21/><G126/><N who="2" m="48745" /><F120/><W7/><G7/><T108/><D106/><U76/><E89/><V94/><F85/><W129/><G129/><T28/><D28/><U101/><E101/><N who="2" m="60599" /><F58/><W31/><G75/><T113/><REACH who="0" step="1"/><D108/><REACH who="0" ten="230,240,270,250" step="2"/><U71/><E71/><V119/><F119/><W12/><G31/><T66/><D66/><U51/><E73/><V39/><F39/><W115/><G38/><T93/><D93/><U78/><REACH who="1" step="1"/><E48/><REACH who="1" ten="230,230,270,250" step="2"/><V62/><F62/><W61/><G61/><T32/><D32/><AGARI ba="0,2" hai="27,30,32,60,63,99,100,105" m="60599,48745" machi="32" ten="30,7700,0" yaku="18,1,52,3" doraHai="133" who="2" fromWho="0" sc="230,-77,230,0,270,97,250,0" /><INIT seed="2,0,0,5,2,114" ten="153,230,367,250" oya="2" hai0="65,132,129,120,23,33,89,117,59,112,17,107,85" hai1="98,66,26,46,93,1,94,133,61,19,71,80,123" hai2="88,56,74,38,109,131,70,37,108,40,116,18,101" hai3="7,41,6,90,69,121,76,72,24,127,63,83,99"/><V67/><F116/><W28/><G121/><T36/><D33/><U14/><E1/><V43/><F74/><W51/><G127/><T20/><D36/><N who="2" m="13930" /><F101/><W52/><G41/><N who="2" m="15945" /><F88/><W102/><G90/><T77/><D112/><U30/><E133/><V29/><F29/><W62/><G69/><T32/><D32/><U96/><E123/><V54/><F18/><W31/><G6/><T122/><D107/><U124/><E124/><V125/><F131/><W10/><G28/><T4/><D77/><U8/><E80/><V11/><F11/><W44/><G24/><T21/><D4/><U75/><E75/><V3/><F3/><W55/><G55/><T68/><D68/><U103/><E46/><V110/><F125/><W82/><G31/><T13/><D132/><U16/><E19/><V42/><N who="2" m="15953" /><V49/><DORA hai="106" /><F70/><W91/><G91/><T128/><D117/><U87/><E87/><V126/><F126/><W45/><G45/><T15/><D120/><U104/><E96/><V47/><F56/><W22/><G22/><AGARI ba="0,0" hai="8,14,16,22,26,30,61,66,71,93,94,98,103,104" machi="22" ten="30,2000,0" yaku="7,1,54,1" doraHai="114,106" who="1" fromWho="3" sc="153,0,230,20,367,0,250,-20" /><INIT seed="3,0,0,0,3,97" ten="153,250,367,230" oya="3" hai0="94,71,28,128,24,36,64,78,86,27,107,63,76" hai1="9,132,6,30,68,19,33,18,38,11,133,126,122" hai2="135,119,39,22,72,23,74,120,8,105,69,79,113" hai3="91,59,102,77,112,114,85,104,67,131,106,110,80"/><W98/><G67/><T47/><D107/><U49/><E38/><V61/><F8/><W90/><G59/><T43/><D128/><U103/><E68/><V10/><F10/><W87/><G131/><T42/><D42/><U84/><E122/><V118/><F61/><W45/><G45/><T96/><D86/><U32/><E126/><V134/><F69/><W35/><G35/><N who="1" m="13386" /><E84/><V93/><F39/><W101/><G110/><T109/><D109/><U58/><E103/><N who="3" m="39434" /><G98/><T0/><D0/><U121/><E30/><V111/><F105/><N who="3" m="40555" /><G77/><T20/><REACH who="0" step="1"/><D27/><REACH who="0" ten="143,250,367,230" step="2"/><U53/><E121/><V88/><F111/><W123/><G123/><T5/><D5/><U2/><E6/><V13/><F120/><W40/><G40/><T65/><D65/><U60/><E2/><V7/><F7/><W31/><G31/><T54/><D54/><U130/><E130/><V34/><F13/><W50/><G50/><T52/><D52/><U82/><E49/><V108/><F108/><W100/><N who="3" m="39442" /><AGARI ba="0,1" hai="20,24,28,36,43,47,63,64,71,76,78,94,96,100" machi="100" ten="30,8000,1" yaku="1,1,3,1,7,1,52,1,53,1" doraHai="97" doraHaiUra="89" who="0" fromWho="3" sc="143,90,250,0,367,0,230,-80" owari="233,-17.0,250,5.0,367,47.0,150,-35.0" /></mjloggm>