<mjloggm ver="2.3"><GO type="97" lobby="0"/><UN n0="%E3%81%82%E3%82%8F%E3%81%82%E3%82%8F%E2%98%86" n1="%E5%B0%B1%E6%B4%BB%E7%94%9F%40%E5%B7%9D%E6%9D%91%E8%BB%8D%E5%9B%A3" n2="%68%69%70%65%6E" n3="%75%6F%6B%6B%61%34%39%34" dan="14,15,13,14" rate="1937.66,2073.02,1868.17,1907.12" sx="F,M,M,M"/><TAIKYOKU oya="0"/><INIT seed="0,0,0,3,4,5" ten="250,250,250,250" oya="0" hai0="63,61,76,105,36,100,60,42,56,59,41,71,101" hai1="86,35,0,64,125,90,94,92,82,104,110,50,3" hai2="114,44,69,62,45,106,22,117,48,72,24,79,80" hai3="51,97,124,128,102,133,14,111,99,83,135,26,58"/><T119/><D119/><U93/><E35/><V7/><F117/><W9/><G111/><T120/><D76/><U37/><E104/><V75/><F114/><W65/><G124/><T88/><D105/><U70/><E37/><V6/><F106/><W131/><G26/><T33/><D33/><U12/><E125/><V73/><F69/><W46/><G83/><T77/><D77/><U19/><E110/><V127/><F127/><W130/><G58/><N who="0" m="22059" /><D36/><U78/><E78/><V108/><F62/><N who="0" m="15874" /><T17/><DORA hai="38" /><D17/><U55/><E64/><V115/><F115/><W2/><G65/><T67/><D67/><U31/><E31/><V11/><F7/><N who="3" m="3391" /><G2/><T4/><D4/><U29/><E29/><V8/><F6/><W96/><G102/><N who="0" m="39531" /><D88/><U20/><REACH who="1" step="1"/><E70/><REACH who="1" ten="250,240,250,250" step="2"/><V109/><F108/><W21/><G21/><T57/><D71/><U113/><E113/><V112/><F112/><W121/><G121/><T129/><D129/><N who="3" m="33025" /><W81/><DORA hai="53" /><G81/><T47/><D120/><U52/><E52/><AGARI ba="0,1" hai="46,51,52,96,97,99,133,135" m="33025,3391" machi="52" ten="50,6400,0" yaku="19,1,52,1,54,1" doraHai="5,38,53" who="3" fromWho="1" sc="250,0,240,-64,250,0,250,74" /><INIT seed="1,0,0,3,2,73" ten="250,176,250,324" oya="1" hai0="102,63,20,49,4,88,29,94,92,68,41,16,22" hai1="23,80,32,30,17,61,116,97,77,85,118,111,82" hai2="24,83,35,124,122,42,120,66,21,100,79,36,115" hai3="1,56,109,9,86,12,8,103,27,13,121,93,11"/><U37/><E37/><V15/><F115/><W48/><G121/><T69/><D4/><U44/><E111/><V58/><F100/><W113/><G1/><T132/><D132/><U99/><E32/><V130/><F130/><W74/><G74/><T106/><D106/><U119/><E30/><V53/><F66/><W126/><G113/><T25/><D102/><U65/><E44/><V134/><F134/><W38/><G38/><T34/><D94/><U59/><REACH who="1" step="1"/><E80/><REACH who="1" ten="250,166,250,324" step="2"/><V43/><F35/><W19/><G109/><T50/><D34/><U55/><E55/><V90/><F36/><W46/><G46/><T51/><D41/><U45/><E45/><V128/><F43/><W54/><G126/><T72/><D63/><U71/><E71/><V125/><F42/><W89/><G103/><T33/><D33/><U129/><E129/><V117/><F128/><W31/><G31/><T87/><REACH who="0" step="1"/><D72/><REACH who="0" ten="240,166,250,324" step="2"/><U81/><E81/><V75/><F83/><W108/><G108/><T131/><D131/><U57/><E57/><V3/><F58/><W5/><G5/><T107/><D107/><U91/><E91/><V127/><F90/><W28/><G28/><T2/><D2/><U62/><E62/><V10/><F3/><W95/><G95/><T123/><D123/><U78/><E78/><V14/><F75/><W64/><G64/><T98/><D98/><U84/><E84/><V18/><F122/><W101/><G101/><T0/><D0/><U96/><E96/><V133/><F124/><W7/><G7/><T70/><D70/><U52/><E52/><V26/><F127/><RYUUKYOKU ba="0,2" sc="240,10,166,10,250,-30,324,10" hai0="16,20,22,25,29,49,50,51,68,69,87,88,92" hai1="17,23,59,61,65,77,82,85,97,99,116,118,119" hai3="8,9,11,12,13,19,27,48,54,56,86,89,93" /><INIT seed="1,1,2,1,3,24" ten="250,176,220,334" oya="1" hai0="76,89,51,114,132,113,122,98,2,32,97,33,70" hai1="47,106,75,64,59,10,48,50,119,56,30,65,72" hai2="38,108,69,78,5,43,86,35,53,63,4,91,37" hai3="95,67,84,61,62,13,130,123,19,6,27,44,81"/><U83/><E106/><V52/><F78/><W21/><G123/><T18/><D70/><U79/><E119/><V66/><F35/><W12/><G130/><T49/><D2/><U135/><E135/><V15/><F108/><W11/><G95/><T29/><D76/><U20/><E75/><V101/><F101/><W40/><G67/><T74/><D74/><U96/><E96/><V41/><F41/><W104/><G27/><T116/><D116/><U127/><E127/><V68/><F68/><W42/><G42/><T92/><D18/><U31/><E10/><V100/><F100/><W103/><G103/><T121/><D89/><U94/><E94/><V115/><F115/><W26/><G26/><T71/><D71/><U60/><E20/><V109/><F109/><W85/><G85/><T131/><D92/><U17/><E17/><V102/><F102/><W58/><G58/><T9/><D9/><U39/><E39/><V82/><F15/><W90/><G104/><T111/><D111/><U87/><E72/><V99/><F99/><W14/><G14/><T28/><D132/><U0/><E0/><V55/><REACH who="2" step="1"/><F43/><REACH who="2" ten="250,176,210,334" step="2"/><W57/><G40/><T73/><D73/><U110/><E110/><V22/><F22/><W133/><G21/><T112/><D112/><U7/><E7/><AGARI ba="1,3" hai="4,5,7,37,38,52,53,55,63,66,69,82,86,91" machi="7" ten="40,2600,0" yaku="1,1,54,1,53,0" doraHai="24" doraHaiUra="126" who="2" fromWho="1" sc="250,0,176,-29,210,59,334,0" /><INIT seed="2,0,0,5,2,57" ten="250,147,269,334" oya="2" hai0="124,84,20,59,134,115,51,83,117,114,38,88,128" hai1="116,126,98,27,0,58,113,75,43,79,135,23,77" hai2="89,131,65,12,123,41,28,4,17,50,55,120,122" hai3="69,96,130,127,111,7,47,101,33,2,24,36,11"/><V52/><F131/><W14/><G14/><T54/><D38/><U104/><E0/><V6/><F41/><N who="3" m="22951" /><G130/><T63/><D128/><U97/><E116/><V48/><F28/><N who="3" m="19591" /><G127/><T64/><D124/><U61/><E113/><V45/><F89/><W74/><G111/><T56/><D134/><U100/><E135/><V99/><F99/><W90/><G90/><T73/><D117/><U118/><E126/><V110/><F65/><W109/><G109/><T44/><D73/><U129/><E129/><V106/><F106/><N who="3" m="63783" /><G74/><T53/><REACH who="0" step="1"/><D20/><REACH who="0" ten="240,147,269,334" step="2"/><U13/><E118/><V87/><F110/><W35/><G35/><T86/><D86/><U70/><E75/><V125/><F87/><W108/><G108/><T49/><AGARI ba="0,1" hai="44,49,51,53,54,56,59,63,64,83,84,88,114,115" machi="49" ten="20,8000,1" yaku="1,1,0,1,7,1,52,1,54,1,53,0" doraHai="57" doraHaiUra="72" who="0" fromWho="0" sc="240,90,147,-20,269,-40,334,-20" /><INIT seed="3,0,0,2,0,133" ten="330,127,229,314" oya="3" hai0="125,115,106,22,81,33,4,50,12,5,38,128,88" hai1="121,32,83,99,1,37,85,47,18,40,129,29,71" hai2="100,120,35,45,44,31,117,90,134,51,123,111,27" hai3="116,74,127,60,84,93,95,43,30,103,107,64,62"/><W61/><G116/><T131/><D125/><U78/><E121/><V126/><F117/><W55/><G107/><T2/><D38/><U20/><E129/><N who="0" m="49737" /><D33/><U34/><E1/><V87/><F134/><W68/><G74/><T56/><D106/><U54/><E71/><V130/><F111/><W9/><G127/><T98/><D2/><U53/><E99/><V114/><F130/><W15/><G30/><T92/><D115/><U105/><E105/><V0/><F114/><W112/><G112/><T96/><D98/><U6/><E6/><N who="0" m="2665" /><D22/><U42/><E42/><V91/><F0/><W79/><G43/><T49/><D12/><U28/><E34/><V108/><F108/><W10/><G103/><N who="0" m="60807" /><D56/><U46/><E32/><V75/><F75/><W26/><G26/><T89/><D89/><U110/><E110/><V16/><F91/><W122/><G122/><T17/><D17/><U11/><E11/><N who="3" m="4106" /><G68/><T63/><D63/><N who="3" m="24137" /><G64/><T67/><D67/><U72/><E72/><V73/><F100/><W23/><G15/><T14/><D14/><U13/><E46/><V77/><F90/><W124/><G23/><T8/><D8/><U135/><E135/><V70/><F70/><W86/><G124/><T94/><D94/><N who="3" m="35849" /><G79/><T59/><D59/><AGARI ba="0,0" hai="55,59,62,84,86" m="35849,24137,4106" machi="59" ten="30,1500,0" yaku="8,1" doraHai="133" who="3" fromWho="0" sc="330,-15,127,0,229,0,314,15" owari="315,12.0,127,-37.0,229,-17.0,329,42.0" /></mjloggm>