<mjloggm ver="2.3"><GO type="225" lobby="0"/><UN n0="%E3%83%88%E3%83%88%E3%83%AA%E5%85%88%E7%94%9F%31%39%E6%AD%B3" n1="%E5%90%91%E4%BA%95%E7%90%86" n2="%E3%81%86%E3%81%A9%E3%82%93%E5%B1%8B" n3="%73%65%6E%75%72%6C" dan="17,16,17,17" rate="2176.49,2171.87,2160.24,2253.70" sx="F,M,M,F"/><TAIKYOKU oya="0"/><INIT seed="0,0,0,2,1,96" ten="250,250,250,250" oya="0" hai0="97,122,37,78,28,5,72,23,53,33,102,47,7" hai1="127,35,111,124,41,89,131,27,118,69,54,49,82" hai2="63,61,46,125,9,30,79,31,34,90,87,50,103" hai3="52,14,18,126,71,133,36,115,104,29,77,114,80"/><T70/><D122/><U88/><E69/><V44/><F125/><N who="1" m="48201" /><E111/><V21/><F34/><W130/><G126/><T48/><D33/><U45/><E118/><V66/><F79/><W123/><G123/><T43/><D70/><U8/><E131/><V91/><F9/><W13/><G36/><T75/><D23/><U93/><E8/><V55/><F46/><W106/><G130/><T128/><D28/><N who="1" m="19871" /><E82/><V76/><F103/><W83/><G71/><T135/><D135/><U40/><E89/><N who="2" m="33803" /><F21/><W39/><G77/><T99/><D99/><AGARI ba="0,0" hai="40,41,45,49,54,88,93,99" m="19871,48201" machi="99" ten="30,2000,0" yaku="18,1,54,1" doraHai="96" who="1" fromWho="0" sc="250,-20,250,20,250,0,250,0" /><INIT seed="1,0,0,3,5,71" ten="230,270,250,250" oya="1" hai0="34,86,95,130,77,98,103,2,1,21,47,12,39" hai1="96,97,3,14,22,36,129,83,88,7,10,27,115" hai2="85,76,110,6,28,17,50,107,125,53,117,127,111" hai3="131,61,123,26,0,42,38,37,90,68,108,31,29"/><U116/><E116/><V134/><F107/><W13/><G123/><T91/><D34/><U133/><E115/><V33/><F117/><W67/><G0/><T72/><D130/><U119/><E119/><V48/><F134/><W118/><G118/><T43/><D21/><U101/><E129/><V74/><F74/><W102/><G131/><T114/><D114/><U51/><E3/><V113/><F113/><W23/><G42/><T49/><D49/><N who="2" m="19050" /><F6/><W65/><G108/><N who="2" m="41513" /><F53/><W94/><G67/><T69/><D69/><U5/><E133/><V46/><F46/><W41/><G41/><T122/><D122/><U11/><E36/><V124/><F17/><W89/><G31/><T55/><D55/><U132/><E132/><V73/><F73/><W60/><G60/><T20/><D77/><U135/><E135/><V81/><F28/><W104/><G104/><T106/><REACH who="0" step="1"/><D72/><REACH who="0" ten="220,270,250,250" step="2"/><U120/><E120/><V70/><F33/><N who="3" m="20663" /><G38/><T82/><D82/><U79/><E79/><V9/><F9/><W112/><G37/><T80/><D80/><U84/><E51/><V40/><F40/><W75/><G75/><T63/><D63/><U32/><E32/><V93/><F70/><W58/><G68/><T19/><AGARI ba="0,1" hai="1,2,12,19,20,39,43,47,86,91,95,98,103,106" machi="19" ten="30,4000,0" yaku="1,1,0,1,52,1,53,0" doraHai="71" doraHaiUra="121" who="0" fromWho="0" sc="220,50,270,-20,250,-10,250,-10" /><INIT seed="2,0,0,2,3,32" ten="270,250,240,240" oya="2" hai0="10,100,63,6,126,95,125,23,85,33,80,5,62" hai1="91,61,135,79,77,73,59,55,42,101,132,130,131" hai2="13,75,120,7,1,51,54,45,68,18,87,26,41" hai3="67,8,106,27,94,60,22,30,57,74,105,115,81"/><V97/><F75/><W92/><G115/><T119/><D33/><U99/><E91/><V40/><F120/><W20/><G20/><T113/><D113/><U34/><E42/><V48/><F68/><W19/><G74/><T65/><D119/><U82/><E77/><V11/><F97/><W116/><G116/><T38/><D38/><U49/><E61/><V127/><F127/><N who="0" m="48650" /><D95/><N who="3" m="36393" /><G106/><T21/><D100/><U2/><E2/><V108/><F108/><W70/><G70/><N who="0" m="42295" /><D63/><U83/><E83/><V107/><F107/><W64/><G105/><T133/><D133/><N who="1" m="51275" /><E34/><V122/><F122/><W109/><G109/><T46/><D46/><U25/><E25/><V111/><F111/><W118/><G118/><T123/><D123/><U17/><E17/><V72/><F26/><W16/><G81/><T44/><D44/><U117/><E117/><V124/><F124/><W31/><G67/><T29/><D29/><U52/><E55/><V56/><F41/><W102/><G102/><T93/><D93/><AGARI ba="0,0" hai="49,52,59,73,79,82,93,99,101,130,131" m="51275" machi="93" ten="30,2000,0" yaku="20,1,54,1" doraHai="32" who="1" fromWho="0" sc="270,-20,250,20,240,0,240,0" /><INIT seed="3,0,0,5,3,100" ten="250,270,240,240" oya="3" hai0="133,98,66,11,80,108,29,4,69,123,71,90,103" hai1="95,119,13,92,127,122,67,18,48,99,126,89,38" hai2="130,58,10,14,30,96,46,134,19,27,9,26,132" hai3="1,78,0,2,36,16,109,97,116,68,41,60,73"/><W51/><G116/><T62/><D123/><U124/><E38/><V12/><F46/><N who="3" m="23847" /><G16/><T104/><D108/><U112/><E122/><V129/><F58/><W8/><G51/><T74/><D133/><N who="2" m="51306" /><F96/><W15/><G15/><T3/><D90/><U105/><E119/><V82/><F82/><N who="3" m="45391" /><G97/><T61/><D29/><U101/><E112/><V52/><F52/><W53/><G53/><T79/><D62/><U86/><E48/><V7/><F27/><W83/><G83/><T87/><D87/><U107/><E67/><V120/><F120/><W94/><G94/><T20/><D20/><AGARI ba="0,0" hai="13,18,20,86,89,92,95,99,101,105,107,124,126,127" machi="20" ten="40,5200,0" yaku="18,1,52,2" doraHai="100" who="1" fromWho="0" sc="250,-52,270,52,240,0,240,0" /><AGARI ba="0,0" hai="7,9,10,12,14,19,20,26,30,129,130" m="51306" machi="20" ten="30,3900,0" yaku="20,1,34,2" doraHai="100" who="2" fromWho="0" sc="198,-39,322,0,240,39,240,0" owari="159,-34.0,322,42.0,279,8.0,240,-16.0" /></mjloggm>