<mjloggm ver="2.3"><GO type="169" lobby="0"/><UN n0="%E5%A4%AA%E3%81%8F%E3%81%AA%E3%81%84%E3%81%8A" n1="%E9%BA%BB%E7%94%9F%E9%9B%80%E5%AD%90" n2="%E3%82%A6%E3%83%AB%E3%83%88%E3%83%A9%E7%AB%8B%E7%9B%B4" n3="%E3%81%82%E3%81%B2%E3%82%8B%E3%81%95%E3%82%93" dan="17,17,17,16" rate="2186.24,2193.24,2163.74,2151.13" sx="F,F,M,M"/><TAIKYOKU oya="0"/><INIT seed="0,0,0,2,0,104" ten="250,250,250,250" oya="0" hai0="64,82,87,99,111,12,47,66,14,89,4,23,20" hai1="49,18,130,34,126,96,97,52,26,60,15,80,36" hai2="86,114,113,123,42,73,25,115,33,102,71,98,45" hai3="100,19,118,43,67,92,135,70,9,91,1,38,8"/><T112/><D112/><U90/><E36/><V129/><F86/><W69/><G100/><T55/><D111/><U65/><E130/><V75/><F71/><W51/><G38/><T88/><D47/><U103/><E126/><V56/><F56/><W119/><G1/><T105/><D55/><U54/><E34/><V35/><F123/><W83/><G70/><T106/><D4/><U5/><E5/><V2/><F2/><W61/><G135/><T128/><D128/><U46/><E26/><V44/><F129/><W63/><G63/><T27/><D99/><U37/><E37/><N who="2" m="21583" /><F45/><W124/><G43/><T11/><D11/><N who="1" m="6527" /><E54/><V121/><F121/><W109/><G8/><T122/><D122/><U77/><E103/><V110/><F110/><W16/><G9/><T132/><D27/><U116/><E77/><V117/><F117/><W13/><G109/><T59/><D59/><N who="1" m="37023" /><E116/><V48/><F48/><W22/><G51/><T101/><D101/><U0/><E0/><V40/><F40/><W78/><G124/><T125/><D125/><U21/><E21/><V127/><F127/><W62/><G62/><T53/><D53/><U93/><E93/><V120/><F120/><W72/><REACH who="3" step="1"/><G19/><REACH who="3" ten="250,250,250,240" step="2"/><T6/><D6/><U58/><E58/><V31/><F35/><W30/><G30/><T17/><D17/><U81/><E90/><V85/><F114/><W7/><G7/><T107/><D132/><U3/><E3/><V10/><F115/><W57/><G57/><T39/><D39/><U108/><E108/><V68/><F113/><W79/><G79/><T28/><D28/><RYUUKYOKU ba="0,1" sc="250,-15,250,15,250,-15,240,15" hai1="46,49,52,80,81,96,97" hai3="13,16,22,61,67,69,72,78,83,91,92,118,119" /><INIT seed="1,1,1,5,3,93" ten="235,265,235,255" oya="1" hai0="12,132,96,95,26,100,11,76,9,83,16,89,105" hai1="128,53,107,24,118,94,8,25,18,4,112,114,74" hai2="21,41,124,36,44,55,48,68,129,126,32,2,37" hai3="120,28,109,133,6,125,38,50,122,110,63,5,58"/><U57/><E107/><V77/><F32/><W127/><G38/><N who="2" m="14953" /><F21/><W134/><G50/><T54/><D132/><N who="3" m="50793" /><G58/><T81/><D26/><U1/><E74/><V85/><F2/><W39/><G63/><T102/><D54/><U45/><E118/><V59/><F85/><W60/><G60/><T69/><D69/><U75/><E75/><V27/><F77/><W31/><G39/><T103/><D105/><U106/><E106/><V130/><F27/><W131/><G131/><N who="2" m="50185" /><F68/><W30/><G5/><T33/><D33/><U65/><E128/><V88/><F88/><W15/><G15/><N who="0" m="7279" /><D76/><U104/><E104/><V87/><F87/><W101/><G6/><AGARI ba="1,1" hai="6,11,12,81,83,89,95,96,100,102,103" m="7279" machi="6" ten="30,3900,0" yaku="8,1,52,1,54,1" doraHai="93" who="0" fromWho="3" sc="235,52,265,0,235,0,255,-42" /><INIT seed="2,0,0,0,0,126" ten="287,265,235,213" oya="2" hai0="43,34,8,52,45,102,37,17,16,31,97,132,87" hai1="96,105,131,113,110,120,4,92,71,42,48,51,72" hai2="119,78,99,25,15,44,49,81,60,77,18,53,86" hai3="59,83,22,63,41,107,61,55,13,36,40,69,84"/><V80/><F119/><W112/><G107/><T3/><D132/><U20/><E105/><V101/><F25/><W23/><G112/><T32/><D87/><U57/><E71/><V82/><F60/><W89/><G36/><T58/><D3/><U85/><E72/><V122/><F122/><W10/><G69/><T93/><D31/><U127/><E120/><V124/><F124/><W28/><G63/><T47/><D47/><U35/><E35/><V21/><REACH who="2" step="1"/><F78/><REACH who="2" ten="287,265,225,213" step="2"/><W76/><G76/><T54/><D34/><U103/><E127/><V39/><F39/><W75/><G28/><T0/><D32/><U2/><E51/><V106/><AGARI ba="0,1" hai="15,18,21,44,49,53,77,80,81,82,86,99,101,106" machi="106" ten="20,3900,0" yaku="1,1,0,1,7,1,53,0" doraHai="126" doraHaiUra="130" who="2" fromWho="2" sc="287,-13,265,-13,225,49,213,-13" /><INIT seed="2,1,0,0,3,111" ten="274,252,274,200" oya="2" hai0="32,62,22,73,83,15,24,101,19,53,92,8,119" hai1="76,56,50,55,64,23,122,12,68,81,105,54,134" hai2="113,9,71,0,106,45,124,61,25,69,33,38,125" hai3="29,51,7,40,129,98,63,123,34,42,110,104,27"/><V120/><F106/><W99/><G123/><T17/><D119/><U31/><E105/><V65/><F71/><W87/><G110/><T90/><D32/><U82/><E122/><V4/><F120/><W103/><G129/><T121/><D121/><U21/><E134/><V77/><F77/><W67/><G7/><T20/><D101/><U41/><E41/><N who="2" m="22711" /><F113/><W26/><G99/><T131/><D131/><U10/><E76/><V49/><F49/><W58/><G26/><T80/><D73/><U78/><E78/><V91/><F91/><W13/><G13/><T35/><D35/><U84/><E64/><V93/><F93/><W102/><G102/><T133/><D133/><U60/><E68/><V95/><F95/><W70/><REACH who="3" step="1"/><G87/><REACH who="3" ten="274,252,274,190" step="2"/><T14/><D24/><N who="1" m="16783" /><E84/><V36/><F36/><W79/><G79/><T86/><D8/><U44/><E23/><V89/><F89/><W128/><G128/><T118/><D118/><U75/><E75/><V96/><F96/><W11/><G11/><T28/><D28/><AGARI ba="1,1" hai="0,4,9,25,28,33,61,65,69,124,125" m="22711" machi="28" ten="30,1500,0" yaku="23,1" doraHai="111" who="2" fromWho="0" sc="274,-18,252,0,274,28,190,0" /><INIT seed="2,2,0,0,4,68" ten="256,252,302,190" oya="2" hai0="94,25,14,108,104,110,23,36,28,18,122,106,98" hai1="12,114,127,90,22,61,39,112,69,8,123,118,41" hai2="121,45,103,4,63,56,85,7,99,29,62,47,76" hai3="77,113,72,16,129,6,88,96,73,86,42,60,31"/><V117/><F117/><W79/><G31/><T1/><D1/><U132/><E118/><V80/><F29/><W119/><G6/><T67/><D122/><U13/><E123/><V105/><F121/><W59/><G119/><T111/><D67/><U93/><E69/><V66/><F47/><W55/><G129/><T20/><REACH who="0" step="1"/><D36/><REACH who="0" ten="246,252,302,190" step="2"/><U84/><E39/><V109/><F109/><W115/><G115/><T35/><D35/><U131/><E112/><V102/><F102/><AGARI ba="2,1" hai="14,18,20,23,25,28,94,98,102,104,106,108,110,111" machi="102" ten="40,2600,0" yaku="1,1,14,1,53,0" doraHai="68" doraHaiUra="65" who="0" fromWho="2" sc="246,42,252,0,302,-32,190,0" /><INIT seed="3,0,0,3,4,131" ten="288,252,270,190" oya="3" hai0="32,79,128,26,13,78,3,54,42,31,89,67,109" hai1="124,111,120,97,20,83,134,71,96,11,37,126,115" hai2="102,87,1,29,133,0,66,99,103,25,74,24,38" hai3="9,52,21,68,92,107,100,125,27,65,98,113,80"/><W57/><G113/><T44/><D3/><U106/><E83/><V84/><F66/><W73/><G125/><T5/><D128/><U15/><E20/><V101/><F38/><W51/><G107/><T64/><D109/><U10/><E15/><V91/><F91/><W39/><G39/><T114/><D114/><U17/><E17/><V121/><F102/><W49/><G68/><T16/><D5/><U95/><E95/><V28/><F99/><W23/><G65/><T110/><D110/><U85/><E85/><V50/><F50/><W93/><G73/><T105/><D105/><U70/><E115/><V62/><F62/><W8/><G80/><T72/><D79/><U118/><E106/><V43/><F43/><W18/><G93/><T41/><D78/><U46/><E111/><V59/><F59/><W33/><G33/><T55/><D72/><U58/><E37/><V132/><REACH who="2" step="1"/><F74/><REACH who="2" ten="288,252,260,190" step="2"/><W30/><REACH who="3" step="1"/><G51/><REACH who="3" ten="288,252,260,180" step="2"/><T75/><D75/><U63/><E70/><V90/><F90/><W45/><G45/><T69/><D69/><U94/><E71/><V116/><F116/><W53/><G53/><T122/><D55/><U88/><E46/><V135/><F135/><W127/><G127/><T117/><D117/><U7/><E134/><V36/><F36/><W48/><G48/><N who="0" m="28935" /><D64/><U35/><E118/><V130/><F130/><W40/><G40/><T56/><D42/><U81/><E124/><V77/><F77/><W60/><G60/><T2/><D41/><U12/><E63/><V19/><F19/><W47/><G47/><T76/><D76/><U4/><E126/><RYUUKYOKU ba="0,2" sc="288,-15,252,-15,260,15,180,15" hai2="0,1,24,25,28,29,84,87,101,103,121,132,133" hai3="8,9,18,21,23,27,30,49,52,57,92,98,100" /><INIT seed="3,1,2,0,5,97" ten="273,237,275,195" oya="3" hai0="45,74,126,6,9,121,37,16,62,100,41,132,57" hai1="14,25,76,80,33,3,21,53,109,0,36,49,79" hai2="114,134,85,77,43,111,91,59,94,112,72,92,124" hai3="108,133,130,117,54,28,1,64,32,122,128,105,123"/><W47/><G117/><T119/><D119/><U127/><E36/><V52/><F43/><W67/><G1/><T135/><D121/><N who="3" m="46089" /><G28/><T101/><D74/><U26/><E127/><V20/><F124/><W27/><G32/><T29/><D29/><U35/><E80/><V82/><F134/><N who="0" m="51242" /><D126/><U89/><E89/><V56/><F56/><W81/><G133/><T90/><D90/><U61/><E61/><V10/><F94/><W129/><G27/><T78/><D78/><U50/><E14/><V103/><F103/><N who="0" m="39498" /><D16/><U63/><E21/><V70/><F20/><W17/><G17/><T102/><N who="0" m="39506" /><T113/><DORA hai="38" /><D113/><U115/><E115/><V68/><F112/><W19/><G19/><T7/><D9/><U71/><E33/><V88/><F114/><W116/><G116/><T34/><D34/><U23/><E35/><V44/><F91/><W75/><G105/><T12/><D12/><U58/><E23/><V84/><F10/><W83/><G75/><T86/><D86/><U22/><E22/><V69/><F85/><W125/><G125/><T18/><D18/><U104/><E26/><V110/><REACH who="2" step="1"/><F44/><REACH who="2" ten="273,237,265,195" step="2"/><W65/><G108/><T15/><D15/><U131/><E109/><V8/><F8/><W42/><G83/><T11/><D11/><U55/><E79/><V39/><F39/><N who="3" m="21983" /><G81/><T46/><D46/><U30/><E76/><V95/><F95/><W106/><G106/><T31/><D31/><U93/><E104/><V99/><F99/><W60/><G130/><T120/><D120/><U24/><E131/><V87/><F87/><W98/><G98/><RYUUKYOKU ba="1,3" sc="273,10,237,-30,265,10,195,10" hai0="6,7,37,41,45,57,62" hai2="52,59,68,69,70,72,77,82,84,88,92,110,111" hai3="54,60,64,65,67,128,129" /><INIT seed="3,2,3,1,3,38" ten="283,207,275,205" oya="3" hai0="107,126,26,87,75,42,55,3,114,94,61,7,32" hai1="80,110,30,6,62,46,132,0,60,93,59,121,70" hai2="117,16,89,13,111,85,17,4,47,88,100,68,36" hai3="92,49,86,12,99,9,130,131,81,24,31,101,127"/><W72/><G72/><T108/><D107/><U112/><E121/><V23/><F68/><W66/><G66/><T33/><D75/><U64/><E112/><V77/><F117/><W41/><G127/><T34/><D114/><U25/><E132/><V11/><F111/><W135/><G135/><T10/><D108/><U50/><E110/><V39/><F100/><W20/><G49/><T98/><D126/><U56/><E80/><N who="2" m="47247" /><F39/><W109/><G109/><T116/><D116/><U57/><E93/><V123/><F36/><W52/><G52/><T48/><D87/><U21/><E6/><V67/><F67/><W113/><G113/><T58/><D26/><U122/><E0/><V106/><F106/><W78/><REACH who="3" step="1"/><G41/><REACH who="3" ten="283,207,275,195" step="2"/><T69/><D42/><U118/><E118/><V73/><F73/><W51/><G51/><T115/><D115/><U45/><E122/><V120/><F120/><W97/><G97/><T105/><D48/><U8/><E64/><V18/><F123/><W1/><G1/><T134/><D134/><U14/><E70/><V84/><F47/><N who="1" m="17929" /><E50/><V74/><F74/><W83/><G83/><T19/><D69/><U29/><E29/><V119/><F119/><W95/><G95/><T5/><D105/><U125/><E125/><V27/><F84/><W28/><G28/><AGARI ba="2,4" hai="4,11,13,16,17,18,23,27,28,88,89" m="47247" machi="28" ten="30,3900,0" yaku="8,1,54,2" doraHai="38" who="2" fromWho="3" sc="283,0,207,0,275,85,195,-45" /><INIT seed="4,0,0,1,1,120" ten="283,207,360,150" oya="0" hai0="115,92,75,36,30,21,62,50,124,90,27,84,130" hai1="39,126,97,86,95,67,132,45,32,79,23,10,22" hai2="33,82,60,134,123,103,43,111,96,48,93,11,44" hai3="128,14,85,46,106,80,0,72,71,24,64,15,55"/><T107/><D36/><U87/><E32/><V51/><F33/><W52/><G0/><T81/><D107/><U35/><E35/><V91/><F123/><W99/><G72/><T70/><D115/><U56/><E132/><V122/><F122/><W34/><G128/><T102/><D130/><U5/><E126/><V49/><F134/><W76/><G15/><T4/><D124/><U28/><E39/><V69/><F69/><W53/><G14/><T58/><D4/><U1/><E45/><V3/><F3/><W9/><G9/><T38/><D38/><U19/><E79/><V129/><F129/><W113/><G46/><T26/><D70/><U131/><E22/><V109/><F60/><N who="3" m="40327" /><G55/><T110/><D50/><U8/><E131/><V78/><F11/><W59/><G59/><T88/><D27/><N who="1" m="16511" /><E8/><V135/><F135/><W61/><G61/><T12/><D12/><U54/><E54/><V16/><F48/><W29/><G113/><T20/><D20/><U118/><E19/><V65/><F16/><W68/><G68/><T42/><D42/><U25/><E25/><V41/><F65/><W104/><G104/><T31/><D75/><U83/><E118/><V47/><F91/><W6/><G6/><T94/><D90/><N who="1" m="55543" /><E83/><V100/><F100/><AGARI ba="0,0" hai="24,29,34,52,53,76,80,85,99,100,106" m="40327" machi="100" ten="30,2000,0" yaku="25,1,54,1" doraHai="120" who="3" fromWho="2" sc="283,0,207,0,360,-20,150,20" /><INIT seed="5,0,0,3,3,82" ten="283,207,340,170" oya="1" hai0="28,44,116,40,62,117,123,4,93,39,49,30,42" hai1="0,8,66,26,19,29,119,78,60,58,115,80,20" hai2="11,86,99,69,114,55,33,108,85,105,81,73,50" hai3="89,14,48,104,63,107,74,110,23,98,64,120,22"/><U32/><E119/><V118/><F69/><W103/><G110/><T91/><D4/><U59/><E115/><V38/><F38/><W65/><G74/><T45/><D123/><U37/><E37/><V15/><F33/><W135/><G107/><T113/><D113/><U24/><E0/><V51/><F108/><W34/><G34/><T36/><D49/><U96/><E96/><V109/><F118/><W134/><G120/><T131/><D131/><U112/><E8/><V7/><F114/><W128/><G128/><T1/><D1/><U5/><E5/><V31/><F31/><W111/><G111/><T106/><D106/><U126/><E126/><V53/><F109/><W83/><G48/><T25/><D62/><U84/><REACH who="1" step="1"/><E112/><REACH who="1" ten="283,197,340,170" step="2"/><V56/><F99/><W79/><G98/><T46/><D117/><U94/><E94/><V100/><F105/><W95/><G104/><T6/><D6/><U101/><E101/><V127/><F100/><W133/><G103/><T77/><D116/><U21/><E21/><V57/><F127/><W9/><G23/><T70/><D39/><U16/><E16/><V47/><F47/><W125/><G125/><T68/><D36/><U71/><AGARI ba="0,1" hai="19,20,24,26,29,32,58,59,60,66,71,78,80,84" machi="71" ten="20,12000,1" yaku="1,1,0,1,7,1,52,1,53,1" doraHai="82" doraHaiUra="76" who="1" fromWho="1" sc="283,-40,197,130,340,-40,170,-40" /><INIT seed="5,1,0,5,5,0" ten="243,327,300,130" oya="1" hai0="60,115,135,113,32,123,12,4,111,76,53,112,120" hai1="57,78,37,66,68,25,90,79,110,43,128,10,133" hai2="88,8,24,28,49,116,130,18,13,2,119,107,124" hai3="51,54,23,42,70,55,61,118,109,94,50,97,80"/><U102/><E128/><V16/><F107/><W7/><G109/><T131/><D111/><U108/><E68/><V59/><F49/><W99/><G42/><T92/><D32/><U27/><E133/><V9/><F59/><W129/><G129/><T3/><D131/><U89/><E102/><V15/><F130/><W46/><G118/><T100/><D3/><U63/><E110/><V5/><F88/><N who="1" m="33897" /><E108/><V82/><F82/><W11/><G80/><T71/><D76/><N who="1" m="29227" /><E37/><V19/><F124/><W58/><G70/><T65/><D53/><U105/><E105/><V75/><F75/><W48/><G23/><T84/><D135/><U132/><E132/><V45/><F45/><W85/><G85/><T86/><D100/><U91/><N who="1" m="33905" /><U101/><DORA hai="44" /><E101/><V33/><F2/><W81/><G81/><T93/><D86/><U41/><E10/><V96/><F96/><N who="3" m="36939" /><G94/><N who="0" m="36459" /><D84/><U117/><E117/><AGARI ba="1,0" hai="5,8,9,13,15,16,18,19,24,28,33,116,117,119" machi="117" ten="40,8000,1" yaku="34,3,52,1,54,1" doraHai="0,44" who="2" fromWho="1" sc="243,0,327,-83,300,83,130,0" /><INIT seed="6,0,0,5,1,9" ten="243,244,383,130" oya="2" hai0="111,85,54,64,81,130,126,133,93,15,98,72,34" hai1="39,16,12,4,47,37,0,105,27,88,59,65,7" hai2="92,118,123,131,78,46,66,99,67,69,56,24,63" hai3="8,110,60,44,33,52,89,11,70,95,116,62,25"/><V109/><F118/><W23/><G110/><T30/><D111/><U51/><E105/><V132/><F109/><W134/><G33/><T77/><D126/><U117/><E117/><V83/><F123/><W14/><G134/><T121/><D121/><U28/><E39/><V97/><F131/><W41/><G116/><T76/><D64/><U45/><E37/><V22/><F46/><N who="1" m="17417" /><E0/><V135/><F69/><W79/><G79/><T71/><D71/><U2/><E2/><V90/><F99/><N who="3" m="57839" /><G70/><T35/><D133/><U36/><E36/><V5/><F5/><N who="3" m="3343" /><G41/><T10/><D130/><U119/><E119/><V21/><F135/><W1/><G1/><T104/><D104/><U31/><E88/><V86/><F132/><W18/><G11/><T113/><D113/><U74/><E74/><V61/><F22/><W32/><G32/><T57/><D72/><U114/><E114/><V48/><F21/><W94/><G94/><T50/><D76/><U68/><E68/><V127/><F92/><W124/><G124/><T106/><D106/><U38/><E38/><V82/><F78/><W26/><G26/><T20/><D20/><N who="1" m="11271" /><E27/><V84/><F24/><W107/><G107/><T53/><D34/><U80/><E80/><V103/><F83/><W75/><G75/><T120/><D120/><U19/><E19/><V129/><F82/><W102/><G102/><N who="0" m="60751" /><D35/><U73/><E73/><V13/><F127/><W49/><AGARI ba="0,0" hai="18,23,25,44,49,52,60,62" m="3343,57839" machi="49" ten="30,4000,0" yaku="8,1,52,1,54,1" doraHai="9" who="3" fromWho="3" sc="243,-10,244,-10,383,-20,130,40" /><INIT seed="7,0,0,4,4,113" ten="233,234,363,170" oya="3" hai0="84,17,8,77,37,81,118,6,99,34,12,106,47" hai1="5,39,14,60,44,126,125,120,67,103,95,79,13" hai2="98,45,7,121,119,20,33,69,43,1,115,71,52" hai3="4,78,97,91,25,16,53,123,54,29,24,28,132"/><W100/><G123/><T59/><D118/><U105/><E105/><V61/><F119/><W86/><G78/><T22/><D34/><U129/><E129/><V62/><F33/><W36/><G36/><T72/><D59/><U109/><E79/><V76/><F1/><W32/><G132/><T111/><D111/><U42/><E109/><V55/><F7/><W134/><G134/><T93/><D106/><U75/><E75/><V102/><F98/><W116/><G4/><T124/><D124/><N who="1" m="47723" /><E5/><V11/><F102/><W70/><G70/><T89/><D37/><U73/><E73/><V87/><F87/><W85/><G116/><T101/><D47/><U117/><E117/><V114/><F76/><W80/><G86/><T64/><D64/><U9/><E9/><V26/><F121/><W0/><G0/><T90/><D72/><U104/><E104/><V82/><F82/><W88/><G91/><T135/><D135/><U40/><E40/><V15/><F69/><W122/><G122/><T30/><D30/><U127/><E127/><V46/><F71/><W112/><G112/><T23/><D23/><U3/><E3/><AGARI ba="0,0" hai="3,6,8,12,17,22,77,81,84,89,90,93,99,101" machi="3" ten="30,1000,0" yaku="7,1" doraHai="113" who="0" fromWho="1" sc="233,10,234,-10,363,0,170,0" owari="243,4.0,224,-18.0,363,47.0,170,-33.0" /></mjloggm>