<mjloggm ver="2.3"><GO type="97" lobby="0"/><UN n0="%E9%BB%92%E5%B4%8E" n1="%6D%6F%74%61%6D%6F%74%61" n2="%E3%83%88%E3%83%88%E3%83%AA%E5%85%88%E7%94%9F%31%39%E6%AD%B3" n3="%E3%82%86%E3%81%86%E3%81%98%E3%83%BC%E3%82%8B" dan="13,13,15,15" rate="1872.85,1834.12,2007.42,2092.09" sx="M,M,F,M"/><TAIKYOKU oya="0"/><INIT seed="0,0,0,1,3,14" ten="250,250,250,250" oya="0" hai0="20,118,38,127,108,12,114,5,60,72,57,48,133" hai1="34,10,90,70,126,89,23,79,101,123,97,83,105" hai2="25,131,85,102,120,41,40,78,86,30,29,82,104" hai3="94,69,55,47,91,31,95,128,45,37,65,107,121"/><T8/><BYE who="2" /><D114/><U88/><E70/><V113/><F113/><W129/><G107/><T109/><D118/><U68/><E68/><UN n2="%E3%83%88%E3%83%88%E3%83%AA%E5%85%88%E7%94%9F%31%39%E6%AD%B3" /><V84/><F120/><W122/><G31/><N who="2" m="11785" /><F104/><W19/><G19/><T35/><D35/><U103/><E34/><V132/><F131/><N who="3" m="50251" /><G91/><T134/><D38/><U76/><E23/><V43/><F132/><N who="0" m="50794" /><D72/><N who="1" m="43399" /><E10/><V116/><F116/><W6/><G6/><T96/><D96/><N who="1" m="61607" /><E126/><V39/><F39/><W56/><G95/><T110/><D127/><U16/><E16/><V9/><F102/><W74/><G94/><T26/><D48/><U18/><E18/><V27/><F9/><W73/><G73/><T77/><D77/><U22/><E22/><V75/><F75/><W0/><G74/><T130/><D130/><U50/><E50/><V51/><F78/><W58/><G0/><T125/><D125/><U99/><E123/><N who="3" m="47114" /><G37/><T81/><D81/><U92/><E79/><V1/><F1/><W49/><G69/><T17/><D60/><AGARI ba="0,0" hai="45,47,49,55,56,58,60,65" m="47114,50251" machi="60" ten="30,7700,0" yaku="19,1,13,1,34,2" doraHai="14" who="3" fromWho="0" sc="250,-77,250,0,250,0,250,77" /><INIT seed="1,0,0,0,0,31" ten="173,250,250,327" oya="1" hai0="120,7,67,122,20,66,117,3,125,64,118,44,22" hai1="130,24,97,37,80,126,62,25,101,8,19,91,18" hai2="115,16,12,52,27,21,113,10,57,132,102,90,53" hai3="6,116,48,96,128,59,34,13,82,1,69,72,30"/><U42/><E130/><V75/><F75/><W14/><G69/><T54/><D7/><U121/><E126/><V98/><F132/><W46/><G116/><N who="0" m="44651" /><D3/><U50/><E121/><N who="0" m="46697" /><D125/><U109/><E109/><V39/><F39/><W71/><G71/><T135/><D135/><U108/><E108/><V95/><F102/><W77/><G96/><T41/><D22/><U76/><E37/><V33/><F33/><W114/><G59/><T5/><D5/><U28/><E62/><N who="2" m="36135" /><F53/><W131/><G114/><N who="2" m="43529" /><F10/><W36/><G36/><N who="0" m="21543" /><D20/><U129/><E129/><V26/><AGARI ba="0,0" hai="12,16,21,26,27,90,95,98" m="43529,36135" machi="26" ten="30,4000,0" yaku="11,1,54,2" doraHai="31" who="2" fromWho="2" sc="173,-10,250,-20,250,40,327,-10" /><INIT seed="2,0,0,3,4,92" ten="163,230,290,317" oya="2" hai0="70,119,47,116,120,54,86,98,30,4,85,19,75" hai1="74,41,17,79,114,131,29,60,24,96,12,88,121" hai2="133,64,77,15,93,103,22,80,107,11,128,104,95" hai3="63,69,113,81,6,58,89,90,101,129,1,33,50"/><V45/><F128/><W109/><G33/><T130/><D120/><U135/><E131/><V52/><F133/><W115/><G129/><T111/><D130/><U32/><E114/><N who="3" m="43530" /><G109/><T26/><D75/><U72/><E135/><V108/><F108/><W56/><G101/><T3/><D70/><U39/><E121/><V42/><F64/><N who="3" m="41119" /><G81/><T106/><D111/><U2/><E2/><V84/><F22/><W126/><G126/><T57/><D47/><U83/><E60/><V43/><F104/><W21/><G21/><T118/><D19/><U127/><E127/><V87/><F107/><W36/><G36/><T0/><D98/><U31/><E31/><V134/><F134/><W67/><G67/><T46/><D46/><U94/><E41/><V38/><F87/><N who="0" m="33290" /><D4/><U40/><E40/><N who="2" m="15403" /><F38/><W123/><G123/><T7/><D7/><U71/><E71/><V122/><F103/><W105/><G105/><T124/><D106/><U34/><E39/><V59/><F122/><W55/><G58/><T99/><D99/><U44/><E44/><V27/><F45/><W35/><G35/><N who="0" m="20951" /><D124/><U132/><E132/><V100/><F27/><W25/><G25/><T91/><D91/><U97/><E74/><V8/><F100/><W49/><G49/><AGARI ba="0,0" hai="0,3,49,54,57,116,118,119" m="20951,33290" machi="49" ten="30,1000,0" yaku="12,1" doraHai="92" who="0" fromWho="3" sc="163,10,230,0,290,0,317,-10" /><INIT seed="3,0,0,4,0,103" ten="173,230,290,307" oya="3" hai0="21,86,0,26,40,22,9,99,122,112,124,12,31" hai1="48,3,82,129,57,4,133,120,51,14,67,94,90" hai2="19,20,58,105,7,52,37,72,113,109,45,56,17" hai3="98,59,104,126,121,13,2,123,116,75,50,81,69"/><W73/><G2/><T114/><D122/><U125/><E120/><V24/><F113/><N who="0" m="43626" /><D40/><U128/><E3/><V135/><F105/><W61/><G69/><T60/><D60/><U115/><E115/><V101/><F72/><W43/><G61/><T117/><D117/><U10/><E133/><V89/><F101/><W39/><G43/><T6/><D99/><U23/><E125/><V5/><F135/><W108/><G98/><T46/><D46/><U62/><E82/><V132/><F109/><W16/><G39/><T85/><D124/><U88/><E23/><N who="0" m="8713" /><D86/><U77/><E77/><V71/><F71/><W54/><G75/><T78/><D85/><U33/><E33/><V55/><F132/><W68/><G68/><T11/><D78/><U49/><REACH who="1" step="1"/><E90/><REACH who="1" ten="173,220,290,307" step="2"/><V1/><F1/><W100/><G81/><T64/><D64/><U53/><E53/><N who="2" m="20555" /><F37/><W29/><G126/><T80/><D80/><U28/><E28/><N who="2" m="17415" /><F45/><W34/><G123/><T87/><D87/><AGARI ba="0,1" hai="4,10,14,48,49,51,57,62,67,87,88,94,128,129" machi="87" ten="40,2600,0" yaku="1,1,54,1,53,0" doraHai="103" doraHaiUra="106" who="1" fromWho="0" sc="173,-26,220,36,290,0,307,0" owari="147,-35.0,256,-14.0,290,9.0,307,40.0" /></mjloggm>