<mjloggm ver="2.3"><GO type="225" lobby="0"/><UN n0="%E3%82%B7%E3%83%9F%E3%83%AA%E3%82%B9%EF%BC%94" n1="%E7%BE%A4%E9%9D%92%E6%97%A5%E5%92%8C%EF%BC%A0" n2="%E5%B0%B1%E6%B4%BB%E7%94%9F%40%E5%B7%9D%E6%9D%91%E8%BB%8D%E5%9B%A3" n3="%E3%83%88%E3%83%88%E3%83%AA%E5%85%88%E7%94%9F%31%39%E6%AD%B3" dan="16,16,17,18" rate="2062.86,2125.93,2200.53,2263.25" sx="F,F,M,F"/><TAIKYOKU oya="0"/><INIT seed="0,0,0,2,3,51" ten="250,250,250,250" oya="0" hai0="1,42,36,108,118,122,88,124,11,79,39,121,72" hai1="7,89,8,25,32,14,6,28,77,81,9,86,132" hai2="3,93,95,99,84,102,12,109,46,19,35,126,66" hai3="15,107,83,78,76,2,5,34,87,125,98,120,71"/><T75/><D118/><U117/><E132/><V113/><F126/><W92/><G71/><T56/><D56/><U38/><E38/><N who="0" m="14377" /><D42/><U30/><E30/><V127/><F109/><W115/><G115/><T128/><D88/><U63/><E63/><V49/><F127/><W73/><G34/><T70/><D124/><U64/><E64/><V101/><F35/><W103/><G120/><N who="0" m="46187" /><D108/><U17/><E117/><V22/><F3/><W134/><G134/><T24/><D24/><U40/><E40/><V110/><F110/><W61/><G2/><T130/><D70/><U85/><E9/><V67/><F113/><W82/><G125/><T10/><D79/><U123/><E123/><V104/><F104/><W97/><G61/><T111/><D111/><U57/><E57/><V100/><F84/><N who="3" m="48199" /><G5/><N who="0" m="1327" /><D11/><U91/><E77/><V27/><F27/><W31/><G15/><T133/><D133/><U74/><E74/><AGARI ba="0,0" hai="72,74,75,128,130" m="1327,46187,14377" machi="74" ten="40,2000,0" yaku="23,1" doraHai="51" who="0" fromWho="1" sc="250,20,250,-20,250,0,250,0" /><INIT seed="0,1,0,5,0,45" ten="270,230,250,250" oya="0" hai0="87,33,46,62,12,42,83,14,73,124,8,84,36" hai1="101,34,30,2,48,59,77,108,126,105,74,26,135" hai2="82,43,20,132,3,49,79,127,122,40,15,93,25" hai3="53,18,29,75,7,19,90,112,121,57,114,76,9"/><T72/><D33/><U133/><E126/><V97/><F3/><W44/><G121/><T119/><D119/><U98/><E108/><V23/><F122/><W52/><G29/><T103/><D103/><U51/><E2/><V104/><F104/><W41/><G53/><T24/><D124/><U131/><E131/><V28/><F132/><N who="1" m="50761" /><E59/><V6/><F127/><W47/><G47/><T10/><D24/><U96/><E98/><V86/><F49/><N who="1" m="19017" /><E74/><V22/><F25/><W35/><G75/><T80/><D62/><U32/><E77/><V118/><F28/><W38/><G76/><T37/><D46/><U85/><E85/><V4/><F118/><W61/><G112/><T94/><REACH who="0" step="1"/><D94/><REACH who="0" ten="260,230,250,250" step="2"/><U69/><E69/><V71/><F71/><W64/><G114/><T16/><D16/><U58/><E58/><V21/><N who="2" m="5632" /><DORA hai="117" /><V116/><F116/><W70/><G19/><T0/><D0/><U102/><E102/><N who="2" m="60719" /><F6/><W11/><G18/><T17/><D17/><U5/><E32/><V13/><F4/><AGARI ba="1,1" hai="4,5,26,30,34,96,101,105" m="19017,50761" machi="4" ten="30,7700,0" yaku="20,1,52,3" doraHai="45,117" who="1" fromWho="2" sc="260,0,230,90,250,-80,250,0" /><INIT seed="1,0,0,4,2,50" ten="260,320,170,250" oya="1" hai0="0,23,115,29,32,88,80,44,87,73,78,135,134" hai1="51,22,106,110,26,69,54,60,5,53,119,61,11" hai2="21,20,12,34,96,2,25,16,127,128,9,28,4" hai3="8,43,124,65,56,86,93,42,84,132,79,36,109"/><U90/><E119/><V37/><F37/><W83/><G109/><T129/><D115/><U3/><E106/><V33/><F96/><W99/><G132/><N who="0" m="50731" /><D0/><U72/><E72/><V30/><F127/><W103/><G124/><T113/><D113/><U35/><E35/><N who="2" m="13323" /><F128/><W125/><G125/><T17/><D129/><U13/><E110/><V40/><F40/><W15/><G36/><T123/><D123/><U77/><E77/><V66/><F66/><W41/><G86/><T31/><D44/><U74/><E74/><V45/><F45/><W81/><G81/><N who="0" m="49263" /><D32/><U89/><E3/><V62/><F62/><N who="1" m="24169" /><E69/><V48/><F48/><W100/><G56/><T39/><D39/><U94/><E51/><V101/><F101/><N who="3" m="60655" /><G65/><T97/><D97/><N who="1" m="57551" /><E90/><V10/><F10/><W64/><G64/><T18/><D18/><RYUUKYOKU type="ron3" ba="0,0" sc="260,0,320,0,170,0,250,0" hai1="5,11,13,22,26,53,54" hai2="2,4,9,12,16,20,21,25,28,30" hai3="8,15,41,42,43,79,83,84,100,103" /><INIT seed="1,1,0,5,0,100" ten="260,320,170,250" oya="1" hai0="25,51,45,92,14,40,114,74,34,18,10,118,49" hai1="103,75,83,13,24,99,4,108,67,11,48,31,22" hai2="64,102,28,107,72,42,89,96,87,62,117,132,44" hai3="36,122,60,69,73,35,125,85,135,120,98,93,91"/><U58/><E108/><V32/><F117/><W53/><G35/><T39/><D118/><U57/><E75/><V77/><F132/><W16/><G73/><T121/><D121/><U7/><E83/><V128/><F128/><W131/><G36/><T97/><D74/><U133/><E133/><V109/><F109/><W116/><G135/><T111/><D111/><U106/><E67/><V88/><F72/><W65/><G116/><T80/><D80/><U43/><E43/><V8/><F77/><W86/><G131/><T29/><REACH who="0" step="1"/><D114/><REACH who="0" ten="250,320,170,250" step="2"/><U3/><E3/><V26/><F8/><W112/><G112/><T21/><D21/><U33/><E22/><V1/><F1/><W123/><G125/><T71/><D71/><U134/><E134/><V79/><F79/><W101/><G120/><T55/><D55/><U23/><E23/><V104/><F104/><W129/><G53/><T47/><D47/><U0/><E0/><V110/><F110/><W30/><G129/><T68/><D68/><U41/><E41/><V54/><F54/><W5/><G123/><T124/><D124/><U56/><E11/><V61/><F64/><W94/><G122/><T20/><D20/><U127/><E127/><V105/><F105/><W63/><G65/><T12/><D12/><U19/><E13/><V81/><REACH who="2" step="1"/><F89/><AGARI ba="1,1" hai="10,14,18,25,29,34,39,40,45,49,51,89,92,97" machi="89" ten="30,3900,0" yaku="1,1,7,1,53,1" doraHai="100" doraHaiUra="15" who="0" fromWho="2" sc="250,52,320,0,170,-42,250,0" /><INIT seed="2,0,0,5,5,120" ten="302,320,128,250" oya="2" hai0="108,93,91,122,126,52,37,14,1,71,63,58,129" hai1="30,0,111,55,135,41,42,94,130,102,34,134,100" hai2="56,72,35,65,83,119,2,117,54,125,23,88,107" hai3="112,9,77,64,76,70,66,46,106,8,20,16,133"/><V90/><F107/><W22/><G106/><T43/><D122/><U67/><E130/><V12/><F35/><W47/><G133/><N who="1" m="50698" /><E0/><V132/><F2/><W89/><G112/><T127/><D1/><U49/><E67/><N who="3" m="25642" /><G70/><T75/><D75/><U13/><E111/><V114/><F132/><W69/><G69/><T44/><D108/><U95/><E13/><V80/><F119/><W97/><G22/><T128/><D14/><U3/><E3/><V73/><F117/><W86/><G97/><N who="0" m="57535" /><D71/><U17/><E17/><V28/><F114/><W82/><G9/><T4/><D4/><U62/><E62/><V11/><F125/><AGARI ba="0,0" hai="37,43,44,52,58,63,125,126,127,128,129" m="57535" machi="125" ten="30,2000,0" yaku="18,1,54,1" doraHai="120" who="0" fromWho="2" sc="302,20,320,0,128,-20,250,0" /><INIT seed="3,0,0,3,3,115" ten="322,320,108,250" oya="3" hai0="1,46,2,59,132,45,72,82,37,34,55,43,80" hai1="52,42,120,85,48,92,11,116,14,106,13,41,58" hai2="83,99,63,39,76,65,22,96,5,64,134,66,27" hai3="70,133,75,100,124,103,23,10,29,84,9,86,121"/><W95/><G121/><T93/><D34/><U53/><E120/><V3/><F39/><W109/><G70/><T19/><D46/><N who="1" m="27671" /><E106/><V111/><F111/><W98/><G75/><T32/><D32/><U49/><E116/><V78/><F134/><W127/><G133/><T89/><D132/><U126/><E126/><N who="3" m="48170" /><G109/><T131/><D131/><U102/><E14/><V104/><F104/><W60/><G60/><T26/><D82/><U81/><E102/><V129/><F129/><W112/><G103/><T110/><D110/><U79/><E92/><V91/><F63/><W90/><G112/><T94/><D94/><U67/><E67/><V105/><F105/><N who="3" m="63639" /><G84/><T61/><D80/><U114/><E114/><V47/><F47/><W69/><G69/><T108/><D72/><U28/><E28/><V62/><F62/><W123/><G123/><T135/><D108/><U87/><E87/><V88/><F83/><W117/><G117/><T107/><D107/><U38/><E38/><V125/><F125/><W51/><G51/><T122/><D122/><U71/><E71/><V54/><F96/><W56/><G56/><T77/><D135/><U44/><E58/><V119/><F99/><W16/><G29/><T57/><D57/><U8/><E8/><V128/><F119/><W36/><G36/><T6/><D77/><N who="2" m="29802" /><F128/><W25/><AGARI ba="0,0" hai="9,10,16,23,25,86,90,95" m="63639,48170" machi="25" ten="30,3000,0" yaku="18,1,54,1" doraHai="115" who="3" fromWho="3" sc="322,-10,320,-10,108,-10,250,30" /><INIT seed="3,1,0,3,1,91" ten="312,310,98,280" oya="3" hai0="115,127,22,114,21,133,8,38,18,124,28,83,29" hai1="70,23,19,61,103,92,6,60,4,24,72,122,57" hai2="116,39,47,85,79,17,125,1,98,76,16,56,80" hai3="99,101,45,27,7,87,89,46,40,34,30,90,104"/><W37/><G7/><T102/><D133/><U78/><E122/><V35/><F116/><W62/><G87/><T13/><D38/><U5/><E70/><V26/><F1/><W54/><G46/><T111/><D111/><U100/><E61/><V118/><F118/><W20/><G54/><T112/><D102/><U10/><E10/><V36/><F125/><N who="0" m="48202" /><D83/><U108/><E108/><V107/><F76/><W68/><G20/><AGARI ba="1,0" hai="8,13,18,20,21,22,28,29,112,114,115" m="48202" machi="20" ten="40,8000,1" yaku="11,1,18,1,34,2" doraHai="91" who="0" fromWho="3" sc="312,83,310,0,98,0,280,-83" owari="395,49.0,310,11.0,98,-40.0,197,-20.0" /></mjloggm>