<mjloggm ver="2.3"><GO type="225" lobby="0"/><UN n0="%E5%B0%B1%E6%B4%BB%E7%94%9F%40%E5%B7%9D%E6%9D%91%E8%BB%8D%E5%9B%A3" n1="%E3%82%AB%E3%83%9C%E3%83%81%E3%83%A3%E3%82%BF%E3%83%8D" n2="%63%6F%61" n3="%4D%61%6D%65%2D%79%61" dan="16,16,16,16" rate="2091.44,2201.28,2145.01,2192.82" sx="M,M,M,M"/><TAIKYOKU oya="0"/><INIT seed="0,0,0,2,0,99" ten="250,250,250,250" oya="0" hai0="58,113,91,107,50,123,1,110,135,24,83,120,26" hai1="63,87,49,33,118,41,72,98,126,82,18,70,101" hai2="109,27,97,39,134,7,47,35,22,102,125,32,85" hai3="34,19,104,112,67,42,57,84,93,45,66,73,75"/><T14/><D1/><U89/><E118/><V60/><F109/><W124/><G112/><T64/><D107/><U51/><E126/><V11/><F125/><W95/><G104/><T38/><D113/><U16/><E33/><V86/><F134/><W133/><G124/><T92/><D38/><U78/><E70/><V116/><F116/><W31/><G73/><T53/><D135/><U88/><E63/><V100/><F35/><W37/><G75/><T36/><D36/><U44/><E51/><V55/><F32/><W117/><G117/><T52/><D110/><U103/><E98/><V122/><F122/><W15/><G133/><T21/><D64/><U121/><E121/><V114/><F114/><W115/><G115/><T131/><D131/><U76/><E72/><V30/><F39/><W127/><G127/><T129/><D129/><U96/><E96/><V12/><F97/><W48/><G37/><T0/><D0/><U105/><E105/><V3/><F3/><W61/><G66/><T6/><D123/><U20/><E18/><V8/><F8/><N who="3" m="6631" /><G84/><N who="2" m="32361" /><F47/><W62/><G62/><N who="0" m="36167" /><D83/><U65/><E65/><V46/><F46/><W13/><G13/><T29/><D120/><U79/><E89/><V74/><F74/><W2/><G2/><T28/><D28/><U81/><E82/><V94/><F94/><N who="3" m="35851" /><G34/><T128/><D128/><U25/><AGARI ba="0,0" hai="16,20,25,41,44,49,76,78,79,81,87,88,101,103" machi="25" ten="30,12000,2" yaku="0,1,8,1,52,2,54,2" doraHai="99" who="1" fromWho="1" sc="250,-60,250,120,250,-30,250,-30" /><INIT seed="1,0,0,1,2,1" ten="190,370,220,220" oya="1" hai0="27,57,86,83,122,91,85,38,58,56,10,6,51" hai1="119,97,107,63,124,71,128,34,115,88,80,16,123" hai2="25,39,87,11,37,112,79,73,127,96,118,30,67" hai3="47,5,135,3,7,15,55,35,53,12,22,52,26"/><U82/><E115/><V18/><F118/><W125/><G35/><T68/><D122/><U100/><E119/><V126/><F73/><W50/><G135/><T4/><D38/><U84/><E123/><V81/><F112/><W48/><G125/><N who="2" m="47625" /><F67/><W72/><G72/><T106/><D106/><U41/><E124/><V110/><F110/><W21/><G3/><T101/><D68/><U23/><E34/><N who="2" m="20815" /><F96/><W89/><G89/><N who="0" m="51391" /><D101/><U94/><E41/><V32/><F32/><W0/><G0/><T114/><D10/><U120/><E128/><V69/><F69/><W36/><G36/><T61/><D61/><U98/><E120/><V92/><F92/><W42/><G48/><T117/><D117/><U132/><E132/><V54/><F54/><W90/><G90/><T29/><D51/><U134/><E134/><V40/><F40/><W9/><G26/><T75/><D75/><U74/><E74/><V20/><F11/><AGARI ba="0,0" hai="5,7,9,11,12,15,21,22,42,47,50,52,53,55" machi="11" ten="40,8000,1" yaku="9,1,8,1,52,2,54,1" doraHai="1" who="3" fromWho="2" sc="190,0,370,0,220,-80,220,80" /><INIT seed="2,0,0,1,4,34" ten="190,370,140,300" oya="2" hai0="6,113,60,29,11,115,18,73,74,59,64,120,40" hai1="61,127,102,70,39,130,42,109,103,106,119,81,3" hai2="101,95,48,85,117,125,98,99,114,89,38,23,96" hai3="17,133,25,31,86,116,134,124,122,28,56,7,104"/><V55/><F38/><W58/><G104/><T131/><D120/><U118/><E109/><V93/><F114/><W27/><G122/><T100/><D131/><U50/><E130/><V90/><F117/><W52/><G116/><T26/><D100/><U80/><E39/><V5/><F125/><W54/><G7/><T72/><D40/><U10/><E127/><V68/><F68/><W0/><G0/><T88/><D18/><U47/><E81/><V22/><F5/><W75/><G75/><T87/><D26/><U94/><E103/><V44/><REACH who="2" step="1"/><F85/><REACH who="2" ten="190,370,130,300" step="2"/><W110/><G86/><T79/><D79/><U14/><E70/><V46/><F46/><W129/><G124/><T107/><D107/><AGARI ba="0,1" hai="22,23,44,48,55,89,90,93,95,96,98,99,101,107" machi="107" ten="30,5800,0" yaku="1,1,7,1,9,1,53,0" doraHai="34" doraHaiUra="1" who="2" fromWho="0" sc="190,-58,370,0,130,68,300,0" /><INIT seed="2,1,0,1,2,117" ten="132,370,198,300" oya="2" hai0="9,11,96,61,127,110,70,97,66,67,106,128,12" hai1="72,116,3,33,129,101,10,4,81,39,63,41,133" hai2="24,16,131,22,31,82,57,134,118,28,15,23,45" hai3="99,47,85,107,13,120,17,98,126,62,104,88,80"/><V77/><F118/><W86/><G120/><T115/><D115/><U20/><E116/><V111/><F131/><W114/><G114/><T6/><D110/><U103/><E133/><V83/><F134/><W46/><G126/><T42/><D128/><U108/><E129/><V64/><F111/><W74/><G74/><T60/><D127/><U124/><E33/><V40/><F77/><W53/><G104/><T112/><D112/><U14/><E63/><V122/><F122/><W19/><G107/><T36/><D106/><U29/><E124/><V91/><F91/><W43/><G85/><T76/><D76/><N who="1" m="44167" /><E108/><V44/><F31/><W37/><G19/><T5/><D42/><U92/><E92/><V95/><F95/><W130/><G130/><T52/><D36/><U87/><E87/><V119/><F119/><W93/><G93/><T7/><D52/><U102/><E14/><V1/><F1/><W0/><G0/><T54/><D54/><U78/><E78/><V32/><F32/><W50/><REACH who="3" step="1"/><G62/><REACH who="3" ten="132,370,198,290" step="2"/><T25/><D25/><N who="1" m="16551" /><E103/><V69/><F83/><W2/><G2/><T73/><D73/><U71/><E71/><V89/><F69/><W8/><AGARI ba="1,1" hai="8,13,17,37,43,46,47,50,53,80,86,88,98,99" machi="8" ten="20,12000,2" yaku="1,1,0,1,7,1,25,2,54,1,53,1" doraHai="117" doraHaiUra="68" who="3" fromWho="3" sc="132,-31,370,-31,198,-61,290,133" /><INIT seed="3,0,0,2,4,36" ten="101,339,137,423" oya="3" hai0="68,53,7,91,17,83,119,75,129,40,34,14,58" hai1="8,37,126,63,51,125,24,128,127,131,20,22,18" hai2="16,45,27,35,69,86,135,76,98,85,9,50,30" hai3="134,79,80,97,70,124,54,5,121,88,117,77,103"/><W116/><G54/><T72/><D68/><U39/><E63/><V28/><F69/><W92/><G5/><T38/><D119/><U25/><E51/><V78/><F135/><W93/><G70/><T120/><D129/><N who="1" m="49739" /><E39/><V15/><F98/><W11/><G11/><T43/><D120/><U46/><E46/><V73/><F73/><W100/><G134/><T3/><D38/><U21/><E37/><V26/><F78/><W41/><G41/><N who="0" m="15947" /><D72/><U122/><E122/><V109/><F76/><W113/><G121/><T133/><D75/><U110/><E110/><V23/><F109/><W132/><G113/><T111/><D34/><U57/><E57/><V104/><F104/><W95/><G132/><T67/><D133/><U130/><N who="1" m="49747" /><U44/><DORA hai="60" /><E44/><V115/><F115/><W105/><G116/><T65/><D111/><U10/><E18/><V66/><F66/><N who="0" m="25098" /><D3/><U1/><E1/><V48/><REACH who="2" step="1"/><F48/><REACH who="2" ten="101,339,127,423" step="2"/><W108/><G108/><T123/><D123/><U74/><E74/><V112/><F112/><W55/><G117/><T101/><D101/><U118/><E118/><V107/><F107/><W94/><G103/><T71/><D71/><U6/><E6/><V96/><F96/><W2/><G97/><T42/><D7/><U52/><E52/><AGARI ba="0,1" hai="9,15,16,23,26,27,28,30,35,45,50,52,85,86" machi="52" ten="30,7700,0" yaku="1,1,7,1,54,2,53,0" doraHai="36,60" doraHaiUra="89,84" who="2" fromWho="1" sc="101,0,339,-77,127,87,423,0" owari="101,-40.0,262,6.0,214,-19.0,423,53.0" /></mjloggm>