<mjloggm ver="2.3"><GO type="41" lobby="0"/><UN n0="%E5%B5%8C%E5%BC%B5%E3%81%AE%E4%B8%8B%E6%9D%91" n1="%E3%81%BE%E3%81%99%E3%81%AE%E3%81%99%EF%BC%94" n2="%E5%B0%B1%E6%B4%BB%E7%94%9F%40%E5%B7%9D%E6%9D%91%E8%BB%8D%E5%9B%A3" n3="%E6%98%9F%E7%A5%AD" dan="13,15,15,14" rate="1879.06,1990.06,2015.06,1865.84" sx="M,M,M,M"/><TAIKYOKU oya="0"/><INIT seed="0,0,0,4,4,53" ten="250,250,250,250" oya="0" hai0="86,81,126,27,127,45,79,123,3,18,47,113,60" hai1="97,44,133,51,46,124,98,131,135,48,91,16,36" hai2="105,65,69,2,67,15,93,13,94,87,11,33,78" hai3="120,104,49,80,101,110,23,117,4,35,0,111,129"/><T17/><D123/><U5/><E124/><N who="0" m="47657" /><D113/><U14/><E131/><V118/><F33/><W39/><G120/><T66/><D3/><U64/><E36/><V54/><F118/><W26/><G117/><T12/><D27/><U52/><E5/><V21/><F105/><W1/><G39/><T58/><D18/><U108/><E108/><V22/><F69/><W99/><G35/><T10/><AGARI ba="0,0" hai="10,12,17,45,47,58,60,66,79,81,86" m="47657" machi="10" ten="30,3000,0" yaku="18,1,52,1" doraHai="53" who="0" fromWho="0" sc="250,30,250,-10,250,-10,250,-10" /><INIT seed="0,1,0,0,0,106" ten="280,240,240,240" oya="0" hai0="133,92,98,7,135,127,65,90,52,39,83,125,21" hai1="44,62,123,23,76,78,43,118,75,29,112,45,87" hai2="84,57,85,3,124,101,116,41,11,126,12,32,132" hai3="17,24,10,93,30,74,48,55,67,107,115,88,117"/><T31/><D65/><U38/><E118/><V33/><F3/><W122/><G117/><T81/><D39/><U40/><E123/><V26/><F116/><W16/><G115/><T86/><D7/><U2/><E2/><V129/><F101/><W77/><G107/><T72/><D52/><U37/><E112/><V54/><F41/><W69/><G122/><T111/><D111/><U58/><E87/><N who="2" m="33355" /><F26/><W61/><G10/><T27/><D72/><U71/><E71/><V51/><F129/><W95/><G77/><T108/><D108/><U113/><E113/><V99/><F99/><W79/><G79/><N who="0" m="46399" /><D83/><U120/><E120/><V114/><F114/><W20/><G74/><T5/><D5/><U13/><E75/><V18/><F132/><AGARI ba="1,0" hai="21,27,31,90,92,98,125,127,132,133,135" m="46399" machi="132" ten="30,1500,0" yaku="20,1" doraHai="106" who="0" fromWho="2" sc="280,18,240,0,240,-18,240,0" /><INIT seed="0,2,0,3,3,45" ten="298,240,222,240" oya="0" hai0="86,131,26,107,134,39,42,4,23,25,7,111,100" hai1="114,121,68,33,101,110,130,120,49,58,123,36,38" hai2="9,89,12,63,35,44,6,88,124,54,53,40,135" hai3="95,20,19,85,79,76,22,78,102,57,0,18,64"/><T67/><D134/><U82/><E33/><V17/><F35/><W127/><G0/><T74/><D131/><U115/><E101/><V62/><F135/><W133/><G133/><T61/><D74/><U28/><E28/><V104/><F124/><W29/><G29/><T71/><D111/><U14/><E14/><V98/><F104/><W31/><G127/><T92/><D107/><U50/><E110/><V87/><F98/><N who="3" m="59743" /><G85/><T106/><D106/><U24/><E24/><V48/><F89/><W72/><G72/><T13/><D39/><N who="1" m="14891" /><E82/><N who="2" m="49271" /><F6/><W83/><G83/><T65/><D42/><U128/><E68/><V113/><F113/><N who="1" m="43017" /><E58/><N who="2" m="35151" /><F63/><N who="3" m="37999" /><G22/><T41/><D71/><U32/><E32/><V75/><F75/><W99/><G99/><T55/><D100/><U46/><E46/><V37/><F37/><W97/><G97/><T16/><D86/><U3/><E3/><V59/><F59/><W8/><G8/><T118/><D92/><U96/><E96/><V34/><F34/><W43/><G43/><AGARI ba="2,0" hai="9,12,17,40,43,44,48,54" m="35151,49271" machi="43" ten="30,7700,0" yaku="25,1,8,1,52,1,54,1" doraHai="45" who="2" fromWho="3" sc="298,0,240,0,222,83,240,-83" /><INIT seed="1,0,0,2,1,5" ten="298,240,305,157" oya="1" hai0="12,58,127,30,134,9,52,41,54,87,99,92,63" hai1="15,72,3,10,48,120,91,112,96,0,132,109,20" hai2="55,123,129,82,70,7,89,80,50,25,59,11,16" hai3="114,71,24,119,135,76,121,113,111,18,110,57,44"/><U98/><E112/><N who="3" m="43114" /><G76/><T21/><D134/><U97/><E120/><V23/><F70/><W45/><G24/><N who="0" m="16655" /><D127/><U40/><E72/><V102/><F123/><W116/><G18/><N who="0" m="8463" /><D41/><U14/><E132/><V117/><F117/><N who="3" m="45131" /><G135/><T6/><D6/><U94/><E109/><N who="3" m="41482" /><G71/><T1/><D1/><U133/><E133/><V26/><F26/><W66/><G66/><N who="0" m="39287" /><D87/><U131/><E0/><V81/><F7/><W36/><G57/><T128/><D128/><U83/><E131/><V74/><F129/><W2/><G2/><T69/><D69/><U124/><E3/><V4/><F74/><W60/><G60/><T33/><D33/><U49/><E97/><V34/><F34/><W29/><G29/><T95/><D95/><U67/><E98/><V64/><F64/><W13/><G13/><T19/><D19/><U61/><E67/><V108/><F108/><W47/><G36/><T101/><AGARI ba="0,0" hai="52,54,92,99,101" m="39287,8463,16655" machi="101" ten="30,7900,0" yaku="25,1,8,1,52,1,54,1" doraHai="5" who="0" fromWho="0" sc="298,79,240,-39,305,-20,157,-20" /><INIT seed="2,0,0,5,0,100" ten="377,201,285,137" oya="2" hai0="73,120,122,14,79,134,8,17,40,108,105,27,70" hai1="99,57,97,29,2,125,43,51,98,69,91,16,109" hai2="7,123,101,133,28,71,95,56,39,80,19,113,66" hai3="59,129,72,38,35,86,75,88,49,22,83,21,111"/><V52/><F113/><W60/><G35/><T96/><D70/><U32/><E69/><V107/><F123/><W55/><G38/><T85/><D73/><U13/><E2/><V61/><F39/><W24/><G129/><T112/><D112/><U0/><E0/><V135/><F7/><W20/><G111/><T44/><D108/><U45/><E109/><V6/><F6/><W5/><G5/><T53/><D53/><U124/><E57/><V119/><F119/><W82/><G82/><T36/><D134/><N who="2" m="51210" /><F28/><W132/><G132/><T118/><D118/><U64/><E64/><V4/><F4/><W12/><G12/><T62/><D62/><U63/><E63/><N who="2" m="36231" /><F80/><W41/><G75/><T110/><D110/><U115/><E115/><V30/><F30/><N who="3" m="17671" /><G72/><T10/><D120/><U3/><E3/><V68/><F19/><W42/><G41/><T114/><D122/><U76/><E76/><V78/><F78/><W26/><G26/><T102/><D114/><U48/><E29/><V31/><F31/><W87/><G86/><T33/><D27/><U67/><E32/><V130/><F130/><W77/><G77/><T46/><D33/><U9/><E67/><V84/><F84/><W81/><G83/><T15/><D85/><U94/><REACH who="1" step="1"/><E48/><REACH who="1" ten="377,191,285,137" step="2"/><V74/><F74/><W131/><G131/><T1/><D79/><U58/><E58/><V25/><F71/><W103/><G59/><T89/><D1/><U65/><E65/><V93/><F25/><W34/><G49/><T92/><D46/><U126/><AGARI ba="0,1" hai="9,13,16,43,45,51,91,94,97,98,99,124,125,126" machi="126" ten="30,7900,0" yaku="1,1,0,1,18,1,54,1,53,0" doraHai="100" doraHaiUra="23" who="1" fromWho="1" sc="377,-20,191,89,285,-39,137,-20" /><INIT seed="3,0,0,5,0,76" ten="357,280,246,117" oya="3" hai0="69,65,46,6,11,100,4,52,27,25,19,5,85" hai1="96,97,58,45,59,106,18,7,12,2,60,61,37" hai2="119,49,50,29,122,17,118,44,120,51,0,68,103" hai3="3,117,77,1,98,123,21,124,111,130,14,26,48"/><W15/><G123/><N who="2" m="47145" /><F0/><W89/><G117/><N who="2" m="44553" /><F29/><W70/><G70/><T102/><D69/><U121/><E121/><V86/><F103/><N who="0" m="39466" /><D65/><U16/><E106/><V62/><F17/><W31/><G124/><T87/><D11/><U91/><E2/><V56/><F86/><N who="0" m="32778" /><D19/><U39/><E7/><V101/><F101/><W127/><G127/><T67/><D67/><U42/><E91/><V133/><F133/><W114/><G130/><T43/><D43/><U129/><E42/><N who="2" m="24727" /><F68/><W9/><G3/><T135/><D135/><U33/><E33/><V112/><F112/><W22/><G114/><T71/><D71/><U116/><E129/><V38/><F38/><W34/><G1/><T72/><D72/><U32/><E116/><V115/><F115/><W108/><G77/><T105/><D105/><U24/><E32/><V125/><F125/><W73/><G73/><T66/><D27/><U64/><E24/><V54/><AGARI ba="0,0" hai="50,51,54,56,62" m="24727,44553,47145" machi="54" ten="30,4000,0" yaku="13,1,34,2" doraHai="76" who="2" fromWho="2" sc="357,-10,280,-10,246,40,117,-20" /><INIT seed="4,0,0,4,5,131" ten="347,270,286,97" oya="0" hai0="108,68,5,15,9,92,45,79,100,120,8,54,130" hai1="122,126,112,72,80,114,66,95,97,19,102,63,129" hai2="81,27,73,123,13,71,101,125,14,29,48,41,2" hai3="83,67,35,37,106,26,93,87,69,32,38,57,88"/><T133/><D130/><U24/><E129/><V36/><F2/><W74/><G106/><T21/><D120/><U61/><E122/><V64/><F36/><W65/><G69/><T42/><D21/><U25/><E126/><V18/><F123/><W77/><G35/><T55/><D68/><U11/><E11/><V105/><F125/><W44/><G44/><T117/><D117/><U90/><E63/><V34/><F41/><W0/><G0/><T52/><D108/><U104/><E19/><V40/><F40/><W60/><G32/><T62/><D62/><U75/><E75/><V59/><F59/><W12/><G26/><T70/><D70/><U39/><E39/><V116/><F48/><W33/><G33/><T110/><D110/><U127/><E127/><V135/><F13/><W124/><G124/><T132/><D79/><U51/><E51/><V91/><F91/><W47/><G65/><T76/><D76/><U96/><E80/><V4/><F4/><W30/><G30/><T113/><D113/><N who="1" m="43627" /><E72/><V43/><F43/><W10/><G47/><T20/><D20/><U86/><E97/><N who="2" m="61615" /><F81/><W58/><REACH who="3" step="1"/><G58/><AGARI ba="0,0" hai="24,25,58,61,66,86,90,95,96,102,104" m="43627" machi="58" ten="30,2000,0" yaku="15,1,11,1" doraHai="131" who="1" fromWho="3" sc="347,0,270,20,286,0,97,-20" /><INIT seed="5,0,0,2,0,69" ten="347,290,286,77" oya="1" hai0="5,115,98,71,0,44,106,67,11,121,13,15,17" hai1="58,76,54,80,22,84,66,120,89,110,64,32,41" hai2="75,30,60,135,31,105,107,57,59,79,108,29,96" hai3="38,48,130,111,18,70,68,35,10,53,112,85,42"/><U25/><E32/><V88/><F108/><W128/><G111/><T16/><D115/><U125/><E110/><V127/><F127/><W119/><G35/><T122/><D44/><U49/><E120/><N who="0" m="46185" /><D71/><N who="3" m="27177" /><G18/><N who="0" m="7275" /><D67/><U102/><E125/><V45/><F135/><W52/><G10/><T94/><D106/><U56/><E102/><AGARI ba="0,0" hai="0,5,11,13,15,94,98,102" m="7275,46185" machi="102" ten="30,2000,0" yaku="13,1,54,1" doraHai="69" who="0" fromWho="1" sc="347,20,290,-20,286,0,77,0" /><INIT seed="6,0,0,0,4,102" ten="367,270,286,77" oya="2" hai0="85,77,12,84,128,43,105,94,4,24,13,60,100" hai1="66,53,104,86,42,49,112,134,115,65,8,131,55" hai2="99,81,70,69,18,119,121,31,109,96,44,20,133" hai3="7,129,79,17,71,74,114,132,110,54,36,5,46"/><V14/><F119/><W126/><G46/><T1/><D105/><U91/><E134/><V32/><F121/><W11/><G54/><T48/><D128/><U80/><E131/><V123/><F123/><W47/><G47/><T58/><D24/><U88/><E104/><V76/><F133/><W28/><G17/><T39/><D39/><U40/><E8/><V93/><F109/><W57/><G11/><T27/><D27/><U124/><E124/><V50/><F32/><W78/><G57/><T35/><D35/><U98/><E98/><V108/><F31/><W59/><G28/><T61/><D43/><U22/><E22/><V113/><F113/><N who="1" m="43593" /><E91/><V0/><F0/><W34/><G78/><T19/><D1/><U37/><E37/><V107/><F107/><W16/><G79/><T87/><D4/><U15/><E15/><V21/><F108/><W75/><G5/><T6/><D6/><U127/><E127/><V33/><F33/><W135/><G7/><T90/><D12/><U92/><E80/><V23/><F69/><W97/><G34/><T89/><D77/><U103/><E103/><N who="2" m="60815" /><F70/><W122/><G36/><T106/><D106/><U3/><E3/><V26/><F99/><W25/><G75/><T82/><D100/><U72/><E72/><V101/><F101/><W30/><G74/><T95/><D82/><U125/><E125/><V120/><F120/><W67/><G126/><T2/><D2/><U52/><E49/><V38/><F38/><W62/><G114/><T111/><D111/><U41/><AGARI ba="0,0" hai="40,41,42,52,53,55,65,66,86,88,92" m="43593" machi="41" ten="40,5200,0" yaku="15,1,54,2" doraHai="102" who="1" fromWho="1" sc="367,-13,270,52,286,-26,77,-13" /><INIT seed="7,0,0,2,3,62" ten="354,322,260,64" oya="3" hai0="16,33,83,28,135,123,0,103,102,6,36,17,23" hai1="49,71,52,96,113,74,132,10,38,19,4,45,55" hai2="39,104,21,75,90,85,60,3,88,114,128,1,133" hai3="134,111,31,30,112,65,120,97,70,24,126,130,14"/><W67/><G120/><T54/><D123/><U48/><E74/><V89/><F75/><W92/><G111/><T37/><D17/><U64/><E113/><V40/><F104/><W44/><G70/><T53/><D53/><U86/><E38/><V7/><F128/><W107/><G107/><T25/><D83/><U116/><E132/><V106/><F106/><W119/><G119/><T69/><D54/><U117/><E19/><V124/><F124/><W118/><G118/><N who="1" m="45674" /><E86/><V66/><F114/><W108/><G112/><T93/><D69/><U127/><E127/><V13/><F133/><W110/><G126/><T46/><D46/><U91/><E91/><V87/><F39/><N who="0" m="14922" /><D93/><U43/><E96/><V72/><F72/><W50/><G134/><T2/><D2/><N who="1" m="279" /><E48/><V73/><F73/><W95/><G130/><T57/><D135/><U47/><E47/><V101/><F101/><N who="3" m="60583" /><G95/><T84/><D102/><U59/><E71/><V12/><F40/><N who="3" m="24839" /><G14/><N who="2" m="5737" /><F1/><W51/><G51/><T77/><D103/><U125/><E125/><V58/><F3/><W79/><G79/><T122/><D77/><U34/><E34/><V94/><F7/><W61/><G61/><AGARI ba="0,0" hai="43,45,49,52,55,59,61,64" m="279,45674" machi="61" ten="30,3900,0" yaku="12,1,52,1,54,1" doraHai="62" who="1" fromWho="3" sc="354,0,322,39,260,0,64,-39" owari="354,15.0,361,46.0,260,-14.0,25,-47.0" /></mjloggm>