<mjloggm ver="2.3"><GO type="225" lobby="0"/><UN n0="%EF%BC%8A%E3%81%A9%E3%82%89%E3%81%BF%EF%BC%8A" n1="%E3%81%88%E3%82%8B%E3%81%9F%E3%81%9D" n2="%6A%64%75%68%67%72%79" n3="%E5%B0%B1%E6%B4%BB%E7%94%9F%40%E5%B7%9D%E6%9D%91%E8%BB%8D%E5%9B%A3" dan="18,16,16,16" rate="2158.53,2161.20,2105.06,2069.32" sx="M,F,M,M"/><TAIKYOKU oya="0"/><INIT seed="0,0,0,1,1,96" ten="250,250,250,250" oya="0" hai0="56,10,108,65,127,6,134,45,18,90,16,57,88" hai1="120,75,94,80,129,7,135,14,76,33,53,47,62" hai2="91,64,125,126,1,37,89,79,123,110,52,104,48" hai3="67,17,111,114,101,41,12,122,27,106,40,58,21"/><T61/><D127/><N who="2" m="48650" /><F37/><W3/><G114/><T32/><D32/><U82/><E120/><V117/><F123/><W83/><G3/><T0/><D134/><U112/><E129/><V22/><F1/><W54/><G111/><T26/><D108/><U15/><E33/><V34/><F34/><W68/><G122/><T115/><D115/><U87/><E94/><V25/><F110/><W100/><G106/><T73/><D73/><U97/><E97/><V95/><F104/><W131/><G131/><T46/><D57/><U42/><E7/><V99/><F79/><W86/><G68/><T43/><D46/><U128/><E128/><V35/><F35/><W38/><G67/><T84/><D26/><U132/><E112/><V81/><F64/><W72/><G72/><T4/><D4/><U107/><E107/><V8/><F8/><W11/><G38/><T121/><D121/><U103/><E135/><V105/><F105/><W49/><G41/><T118/><D118/><U51/><E132/><V2/><F2/><W130/><G40/><T55/><D65/><U69/><E42/><V63/><F63/><W77/><G130/><T31/><D31/><AGARI ba="0,0" hai="11,12,17,21,27,31,49,54,58,77,83,86,100,101" machi="31" ten="30,7700,0" yaku="7,1,8,1,52,2" doraHai="96" who="3" fromWho="0" sc="250,-77,250,0,250,0,250,77" /><INIT seed="1,0,0,4,5,1" ten="173,250,250,327" oya="1" hai0="86,22,117,49,82,131,135,132,35,80,95,85,91" hai1="53,118,130,47,27,120,78,121,29,17,127,128,122" hai2="18,92,75,125,124,111,109,50,16,52,54,5,116" hai3="119,99,38,90,37,77,87,96,76,2,133,62,81"/><U42/><E118/><V25/><F116/><W134/><G2/><T114/><D35/><U19/><E127/><N who="2" m="48715" /><F75/><W40/><G119/><T89/><D117/><U48/><E78/><N who="3" m="30314" /><G62/><T113/><D49/><U3/><E3/><V60/><F5/><W61/><G61/><T105/><D22/><U14/><E42/><V4/><F4/><W0/><G0/><T31/><D31/><U94/><E94/><V34/><F92/><W6/><G6/><T88/><D131/><N who="1" m="50219" /><E14/><V84/><F84/><W93/><G40/><T68/><D68/><U100/><E100/><V45/><F60/><W33/><G33/><AGARI ba="0,0" hai="17,19,27,29,33,47,48,53,120,121,122" m="50219" machi="33" ten="40,2000,0" yaku="19,1" doraHai="1" who="1" fromWho="3" sc="173,0,250,20,250,0,327,-20" /><INIT seed="1,1,0,1,3,25" ten="173,270,250,307" oya="1" hai0="39,55,50,11,61,33,124,51,115,27,99,87,5" hai1="13,45,17,131,26,24,14,117,10,48,77,110,119" hai2="104,106,59,79,111,127,70,52,36,125,105,19,60" hai3="67,62,112,9,102,130,113,68,65,34,122,42,74"/><U46/><E131/><V53/><F111/><W121/><G74/><T100/><D124/><N who="2" m="47690" /><F36/><W23/><G34/><T108/><D108/><U95/><E110/><V128/><F128/><W44/><G23/><T3/><D39/><U94/><E77/><V103/><F70/><W2/><G102/><T133/><D133/><U132/><E10/><V38/><F38/><N who="3" m="21591" /><G130/><T76/><D115/><N who="3" m="44105" /><G67/><T7/><D7/><AGARI ba="1,0" hai="2,7,9,62,65,68,121,122" m="44105,21591" machi="7" ten="30,1000,0" yaku="23,1" doraHai="25" who="3" fromWho="0" sc="173,-13,270,0,250,0,307,13" /><INIT seed="2,0,0,2,0,101" ten="160,270,250,320" oya="2" hai0="25,58,48,32,71,106,73,23,10,90,64,56,45" hai1="27,68,89,97,53,112,125,135,54,77,55,60,103" hai2="131,76,67,83,36,52,126,72,70,129,47,19,22" hai3="20,127,11,18,39,115,75,81,94,3,87,34,123"/><V124/><F70/><W128/><G34/><T14/><D73/><U111/><E112/><V92/><F67/><W50/><G123/><T100/><D32/><U15/><E77/><V74/><F74/><W102/><G39/><T44/><D71/><U120/><E111/><V35/><F35/><W121/><G75/><T99/><D90/><U104/><E125/><N who="2" m="48235" /><F92/><W1/><G128/><N who="2" m="49225" /><F36/><W57/><G115/><T2/><D2/><U80/><E68/><V118/><F118/><W85/><G3/><T49/><D64/><U38/><E38/><V63/><F63/><W65/><G1/><T16/><D49/><U9/><E60/><V95/><F95/><W31/><G94/><T93/><D106/><U79/><E104/><V96/><F96/><W46/><G121/><T40/><REACH who="0" step="1"/><D45/><REACH who="0" ten="150,270,250,320" step="2"/><U119/><E120/><V132/><F132/><W61/><G46/><T43/><D43/><U12/><E135/><V30/><F47/><W41/><G41/><T66/><D66/><U0/><E119/><V8/><F52/><W84/><G65/><T69/><D69/><U113/><E53/><V88/><F88/><W37/><G50/><T98/><D98/><U6/><E54/><V21/><F72/><W108/><G37/><T42/><D42/><U62/><E55/><V29/><F76/><W26/><G61/><T28/><AGARI ba="0,1" hai="10,14,16,23,25,28,40,44,48,56,58,93,99,100" machi="28" ten="20,12000,2" yaku="1,1,0,1,7,1,8,1,54,1,53,1" doraHai="101" doraHaiUra="13" who="0" fromWho="0" sc="150,130,270,-30,250,-60,320,-30" /><INIT seed="3,0,0,4,0,75" ten="280,240,190,290" oya="3" hai0="21,135,19,107,48,27,102,7,69,134,129,35,59" hai1="70,38,40,87,114,113,12,64,53,28,106,29,88" hai2="32,47,58,2,115,128,121,61,111,36,13,44,77" hai3="51,131,91,18,9,119,122,81,84,101,3,16,15"/><W66/><G122/><T23/><D69/><U37/><E106/><V30/><F115/><W60/><G119/><T109/><D107/><U54/><E12/><V116/><F116/><W120/><G120/><T98/><D102/><U1/><E1/><V99/><F121/><W8/><G131/><T104/><D104/><U123/><E123/><V125/><F2/><W33/><G33/><T24/><D98/><U86/><E40/><V74/><F128/><W22/><G101/><T10/><D129/><U45/><E45/><N who="2" m="17483" /><F36/><W79/><G51/><T42/><D42/><U20/><E64/><N who="2" m="38967" /><F32/><W46/><G46/><T41/><D41/><U92/><E70/><V89/><F74/><W62/><G66/><T90/><D35/><U78/><E114/><V6/><F111/><W103/><G103/><T133/><D109/><U117/><E113/><V50/><F125/><W55/><G55/><N who="1" m="21002" /><E37/><V43/><F43/><W11/><G3/><N who="0" m="383" /><D48/><U71/><E38/><V82/><F50/><W72/><REACH who="3" step="1"/><G18/><REACH who="3" ten="280,240,190,280" step="2"/><N who="0" m="12343" /><D59/><U94/><E71/><V95/><F30/><W34/><G34/><T127/><D127/><U26/><E117/><V63/><F63/><W5/><G5/><T31/><D31/><U105/><E29/><V57/><F57/><W93/><AGARI ba="0,1" hai="8,9,11,15,16,22,60,62,72,79,81,84,91,93" machi="93" ten="30,12000,1" yaku="1,1,0,1,52,1,54,1,53,1" doraHai="75" doraHaiUra="76" who="3" fromWho="3" sc="280,-40,240,-40,190,-40,280,130" owari="240,4.0,200,-20.0,150,-35.0,410,51.0" /></mjloggm>