<mjloggm ver="2.3"><GO type="41" lobby="0"/><UN n0="%E5%B0%B1%E6%B4%BB%E7%94%9F%40%E5%B7%9D%E6%9D%91%E8%BB%8D%E5%9B%A3" n1="%E2%98%85%E7%BE%8E%E9%88%B4%E2%98%86" n2="%E3%81%AF%E3%81%9A%E3%81%8D" n3="%E9%80%A2%E5%9D%82%E5%A4%A7%E6%B2%B3%21" dan="15,14,15,13" rate="1939.33,1894.86,2060.61,1893.16" sx="M,F,M,M"/><TAIKYOKU oya="0"/><INIT seed="0,0,0,0,1,13" ten="250,250,250,250" oya="0" hai0="19,83,2,105,8,96,123,42,58,35,65,102,71" hai1="77,87,66,33,89,135,72,47,125,16,99,21,81" hai2="68,48,22,78,39,55,9,45,63,114,93,76,100" hai3="4,107,60,104,116,79,32,103,118,27,80,34,101"/><T119/><D35/><U29/><E135/><V73/><F114/><W11/><G60/><T52/><D119/><U36/><E125/><V88/><F100/><W1/><G103/><T75/><D123/><U106/><E33/><N who="3" m="12906" /><G27/><T98/><D42/><U108/><E108/><V120/><F120/><W91/><G91/><T54/><D98/><U6/><E6/><V17/><F39/><W30/><G30/><T132/><D132/><U44/><E29/><V85/><F73/><N who="3" m="43119" /><G101/><T50/><D54/><U133/><E133/><V62/><F9/><W90/><G90/><T70/><D65/><U51/><E66/><V24/><F68/><W38/><G38/><T115/><D115/><U129/><E36/><V127/><F127/><W130/><G130/><T86/><D75/><U131/><E131/><V57/><REACH who="2" step="1"/><F62/><REACH who="2" ten="250,250,240,250" step="2"/><W7/><G7/><T64/><D70/><U69/><E69/><V82/><F82/><W10/><G10/><T113/><D113/><U109/><E129/><V117/><F117/><AGARI ba="0,1" hai="1,4,11,104,107,116,117,118" m="43119,12906" machi="117" ten="30,1000,0" yaku="23,1" doraHai="13" who="3" fromWho="2" sc="250,0,250,0,240,-10,250,20" /><INIT seed="1,0,0,5,1,77" ten="250,250,230,270" oya="1" hai0="41,71,80,103,51,26,15,3,73,94,74,107,16" hai1="102,57,132,113,120,105,4,82,44,97,104,63,28" hai2="22,23,126,8,1,133,123,24,135,56,40,2,65" hai3="37,21,83,115,101,10,6,45,81,11,47,86,131"/><U128/><E128/><V49/><F123/><W66/><G115/><T62/><D3/><N who="2" m="1034" /><F126/><W84/><G6/><T116/><D107/><U14/><E132/><N who="2" m="50763" /><F65/><W0/><G0/><T92/><D26/><U33/><E33/><V30/><F56/><W119/><G119/><T53/><D41/><U85/><E120/><V55/><F55/><W79/><G37/><T52/><D116/><U112/><E28/><V130/><F130/><W134/><G21/><T106/><D106/><U61/><E104/><V76/><F76/><N who="3" m="46119" /><G131/><T95/><D103/><U78/><E61/><V98/><F98/><W88/><G134/><T99/><D99/><U127/><E127/><V89/><F89/><W91/><G66/><T129/><D129/><U27/><E44/><N who="3" m="16970" /><G101/><T29/><D29/><U111/><E113/><V117/><F117/><W109/><G109/><T100/><D100/><U25/><E111/><V34/><F8/><AGARI ba="0,0" hai="8,10,11,79,83,86,88,91" m="16970,46119" machi="8" ten="30,7700,0" yaku="8,1,52,2,54,1" doraHai="77" who="3" fromWho="2" sc="250,0,250,0,230,-77,270,77" /><INIT seed="2,0,0,1,2,8" ten="250,250,153,347" oya="2" hai0="59,0,114,86,2,56,91,119,100,93,44,12,1" hai1="61,18,89,30,72,85,104,105,6,62,15,78,34" hai2="69,36,27,40,38,81,73,32,17,57,70,64,97" hai3="58,66,67,123,90,110,135,51,25,52,7,3,46"/><V31/><F57/><W9/><G123/><T113/><D119/><U115/><E72/><V122/><F122/><W42/><G135/><T108/><D108/><U71/><E78/><V14/><F40/><W112/><G110/><T124/><D124/><U103/><E115/><V53/><F53/><W83/><G112/><T13/><D100/><U132/><E132/><V21/><F97/><W50/><G25/><T77/><D114/><U20/><E6/><V74/><F70/><W99/><G99/><T55/><D113/><U10/><E34/><V75/><REACH who="2" step="1"/><F81/><REACH who="2" ten="250,250,143,347" step="2"/><W65/><G83/><T33/><D56/><U4/><E71/><V133/><F133/><W39/><REACH who="3" step="1"/><G90/><REACH who="3" ten="250,250,143,337" step="2"/><T43/><D77/><U47/><E103/><V128/><F128/><W134/><G134/><T129/><D129/><U54/><E105/><V92/><F92/><W22/><G22/><T118/><D118/><U19/><E104/><V102/><F102/><W131/><G131/><T87/><D33/><U106/><E106/><V130/><F130/><W26/><G26/><T49/><REACH who="0" step="1"/><D86/><REACH who="0" ten="240,250,143,337" step="2"/><U96/><E85/><V45/><F45/><W29/><G29/><T5/><D5/><U121/><E30/><V24/><F24/><W37/><AGARI ba="0,3" hai="3,7,9,37,39,42,46,50,51,52,58,65,66,67" machi="37" ten="30,4000,0" yaku="1,1,0,1,54,1,53,0" doraHai="8" doraHaiUra="116" who="3" fromWho="3" sc="240,-10,250,-10,143,-20,337,70" /><INIT seed="3,0,0,4,5,115" ten="230,240,123,407" oya="3" hai0="21,101,117,126,2,51,35,41,56,113,61,62,47" hai1="109,7,123,134,131,39,114,0,26,105,10,77,59" hai2="92,68,96,80,102,37,9,4,74,31,129,70,30" hai3="132,57,120,116,32,97,71,66,14,95,15,84,18"/><W121/><G32/><T100/><D35/><U52/><E105/><V82/><F129/><W112/><G116/><T42/><D2/><U48/><E39/><V60/><F31/><W110/><G110/><T5/><D113/><U11/><E114/><V23/><F37/><W89/><G132/><T73/><D73/><U106/><E106/><V69/><F60/><W63/><G112/><T88/><D117/><U125/><E123/><V76/><F80/><W6/><G6/><T16/><D5/><U17/><E109/><V107/><F107/><W103/><G71/><T72/><D72/><U19/><E125/><V87/><F74/><W43/><G43/><T53/><D126/><U119/><E119/><V122/><F122/><W78/><G78/><T64/><D42/><U27/><E131/><V83/><F83/><W79/><G79/><T28/><D28/><U99/><E134/><V85/><F85/><W25/><G25/><N who="0" m="14503" /><D62/><U22/><E77/><V93/><F93/><W65/><G65/><T20/><D20/><U81/><E81/><V50/><F50/><W91/><G91/><T98/><D64/><U46/><E27/><V127/><F127/><W135/><G135/><T54/><D41/><U90/><E90/><V36/><F36/><W67/><G67/><T130/><D130/><U49/><E11/><V104/><F104/><N who="3" m="63599" /><G15/><T8/><D8/><U12/><E0/><V118/><F118/><W38/><G38/><T111/><D111/><U24/><E24/><N who="2" m="16671" /><F69/><W13/><G13/><T128/><D128/><U33/><E33/><V58/><F58/><W108/><G108/><RYUUKYOKU ba="0,0" sc="230,10,240,-30,123,10,407,10" hai0="47,51,53,54,56,61,88,98,100,101" hai2="4,9,68,70,76,82,87,92,96,102" hai3="14,18,57,63,66,84,89,95,120,121" /><INIT seed="3,1,0,3,3,124" ten="240,210,133,417" oya="3" hai0="115,130,126,116,93,62,27,38,128,45,64,102,113" hai1="121,33,98,18,0,122,58,35,79,131,100,89,110" hai2="50,9,77,76,104,112,134,5,92,8,55,117,51" hai3="48,25,82,120,80,88,111,29,105,81,2,75,84"/><W94/><G120/><T99/><D126/><U11/><E110/><V7/><F104/><W30/><G2/><T133/><D116/><U19/><E79/><N who="2" m="30283" /><F112/><N who="0" m="43082" /><D133/><U52/><E131/><N who="0" m="50217" /><D27/><U10/><E89/><V108/><F108/><W78/><G75/><T72/><D72/><U97/><E100/><V96/><F134/><W114/><G111/><T106/><D45/><U90/><E90/><N who="2" m="55319" /><F117/><W74/><G114/><T12/><D12/><U65/><E65/><V87/><F87/><N who="3" m="48535" /><G105/><T34/><D34/><U47/><E47/><N who="2" m="28127" /><F51/><W13/><G74/><T103/><D38/><U101/><E101/><V59/><F59/><W36/><G36/><T46/><D46/><U71/><E58/><V37/><F37/><W32/><G32/><T22/><D22/><U42/><E0/><V14/><F9/><W135/><G135/><T70/><D106/><U28/><E28/><N who="3" m="10858" /><G25/><T24/><D24/><U26/><E26/><V91/><F91/><AGARI ba="1,0" hai="62,64,70,91,93,99,102,103" m="50217,43082" machi="91" ten="30,8000,1" yaku="11,1,19,1,52,3" doraHai="124" who="0" fromWho="2" sc="240,83,210,0,133,-83,417,0" /><INIT seed="4,0,0,5,2,1" ten="323,210,50,417" oya="0" hai0="103,19,110,88,134,20,31,72,99,112,80,11,98" hai1="37,58,55,78,108,56,133,81,132,70,87,13,95" hai2="30,125,38,89,82,26,120,43,116,107,96,10,39" hai3="100,118,104,126,122,12,28,129,4,50,79,77,48"/><T44/><D112/><U85/><E108/><V33/><F120/><W93/><G118/><T15/><D134/><N who="1" m="51819" /><E37/><V69/><F116/><W17/><G122/><T14/><D110/><U115/><E70/><V135/><F135/><W114/><G114/><T23/><D31/><U34/><E34/><V35/><F125/><W62/><G126/><T47/><D72/><U60/><E115/><V0/><F35/><W3/><G104/><T123/><D123/><U75/><E95/><V97/><F97/><W21/><G129/><T59/><D59/><U130/><E130/><V109/><F109/><W16/><G3/><T76/><D76/><N who="3" m="29257" /><G62/><T71/><D71/><U46/><E46/><V6/><F89/><W7/><G28/><T73/><D73/><U67/><E13/><V86/><F86/><W36/><G36/><T9/><D103/><U68/><E68/><V119/><F82/><W83/><G83/><T51/><D80/><U57/><E57/><V94/><F94/><W74/><G74/><T52/><D44/><U42/><E42/><V24/><F24/><N who="3" m="14375" /><G93/><N who="0" m="56615" /><D99/><U128/><E128/><V53/><F53/><W2/><G2/><T84/><D84/><U40/><E40/><V18/><F119/><W54/><G100/><T101/><D101/><U106/><E106/><V121/><F121/><W92/><G92/><T32/><D32/><U22/><E22/><N who="2" m="13655" /><F43/><W29/><G29/><T91/><D91/><U49/><AGARI ba="0,0" hai="49,55,56,58,60,67,75,78,81,85,87" m="51819" machi="49" ten="30,1100,0" yaku="20,1" doraHai="1" who="1" fromWho="1" sc="323,-5,210,11,50,-3,417,-3" /><INIT seed="5,0,0,3,0,108" ten="318,221,47,414" oya="1" hai0="33,29,17,36,14,61,126,113,111,106,22,119,30" hai1="129,58,85,130,79,70,41,39,124,9,64,48,87" hai2="128,92,47,4,95,13,37,60,72,34,35,42,102" hai3="31,0,104,15,54,134,65,55,86,1,32,11,114"/><U131/><E124/><V81/><F128/><W88/><G114/><T125/><D106/><U96/><E79/><V51/><F37/><W84/><G104/><T67/><D36/><U63/><E96/><V89/><F102/><W110/><G110/><T77/><D119/><U7/><E39/><V8/><F95/><W75/><G75/><T117/><D117/><U73/><E73/><V59/><F72/><W97/><G65/><T82/><D111/><U99/><E99/><V26/><F81/><W16/><G134/><T101/><D101/><U24/><E24/><V118/><F118/><W57/><G31/><T5/><D5/><U100/><E100/><V120/><F26/><W40/><G32/><T93/><D113/><U116/><E116/><V43/><F120/><W66/><G40/><T123/><D93/><U62/><E41/><V115/><F115/><W78/><G0/><T107/><D107/><U44/><E44/><V122/><F43/><W49/><G1/><T76/><D123/><U94/><E94/><V132/><F132/><W3/><G3/><T103/><D103/><U105/><E105/><V6/><F122/><W21/><G97/><T68/><D77/><U109/><E109/><V98/><REACH who="2" step="1"/><F6/><REACH who="2" ten="318,221,37,414" step="2"/><N who="3" m="3575" /><G78/><T71/><D76/><U52/><E63/><V127/><F127/><W46/><G86/><T83/><D83/><U90/><E90/><V18/><F18/><W10/><G88/><T12/><D82/><U45/><E70/><V25/><F25/><W80/><G84/><T20/><D71/><U112/><E112/><V2/><F2/><AGARI ba="0,1" hai="2,7,9,45,48,52,58,62,64,85,87,129,130,131" machi="2" ten="40,3900,0" yaku="19,1,54,1" doraHai="108" who="1" fromWho="2" sc="318,0,221,49,37,-39,414,0" owari="318,12.0,270,-13.0,-2,-50.0,414,51.0" /></mjloggm>