<mjloggm ver="2.3"><GO type="41" lobby="0"/><UN n0="%45%6C%67%69%6E%31%32%33" n1="%E5%B0%B1%E6%B4%BB%E7%94%9F%40%E5%B7%9D%E6%9D%91%E8%BB%8D%E5%9B%A3" n2="%74%68%69%72%74%65%65%6E" n3="%E3%82%8F%E3%81%9F%E5%AD%90" dan="15,15,13,14" rate="2015.12,1989.13,1850.34,1971.61" sx="M,M,M,F"/><TAIKYOKU oya="0"/><INIT seed="0,0,0,0,4,82" ten="250,250,250,250" oya="0" hai0="57,89,97,81,36,68,129,47,63,127,40,54,10" hai1="74,102,16,105,58,38,64,26,60,8,95,134,65" hai2="128,44,23,73,84,119,2,107,13,75,126,29,121" hai3="20,98,78,94,88,76,14,0,42,108,34,43,72"/><T25/><D129/><U62/><E134/><V15/><F2/><W37/><G0/><T132/><D132/><U90/><E74/><V7/><F128/><W27/><G37/><T109/><D127/><U114/><E38/><V41/><F126/><W123/><G108/><T53/><D109/><U133/><E133/><V117/><F121/><W110/><G110/><T30/><D68/><U92/><E114/><V91/><F107/><W112/><G112/><T5/><D97/><U1/><E1/><V4/><F73/><W52/><G72/><T33/><D89/><U28/><E105/><V6/><F75/><W59/><G14/><T24/><D81/><U11/><E95/><V111/><F111/><W70/><G34/><T49/><D24/><U83/><E83/><V22/><F29/><N who="3" m="17639" /><G70/><T31/><D31/><U66/><E102/><V104/><F104/><W79/><G123/><T93/><D93/><U9/><E58/><V67/><F67/><W12/><G12/><N who="2" m="4681" /><F119/><W55/><G55/><T35/><D36/><U46/><E46/><V131/><F117/><W50/><AGARI ba="0,0" hai="42,43,50,52,59,76,78,79,88,94,98" m="17639" machi="50" ten="30,4000,0" yaku="8,1,54,2" doraHai="82" who="3" fromWho="3" sc="250,-20,250,-10,250,-10,250,40" /><INIT seed="1,0,0,1,0,88" ten="230,240,240,290" oya="1" hai0="103,84,41,35,95,10,67,124,69,28,18,60,17" hai1="81,27,78,115,0,108,20,19,8,23,99,117,110" hai2="123,64,113,11,109,73,32,77,121,98,118,7,16" hai3="135,114,40,63,92,47,71,46,58,74,106,37,21"/><U2/><E117/><V120/><F118/><W49/><G106/><T131/><D124/><U122/><E122/><V3/><F32/><W102/><G74/><T52/><D41/><U100/><E115/><V12/><F113/><W128/><G114/><T44/><D131/><U25/><E81/><V133/><F109/><N who="1" m="42089" /><E78/><V76/><F133/><W24/><G135/><T55/><D44/><U42/><E42/><V33/><F33/><W59/><G128/><T38/><D38/><U1/><E99/><V56/><F73/><W83/><G83/><T85/><D85/><U125/><E100/><V53/><F64/><W9/><G71/><T39/><D39/><U51/><E51/><V54/><F98/><W132/><G132/><T93/><D93/><U130/><E130/><V119/><F119/><W57/><G63/><T91/><D103/><U134/><E134/><V101/><F101/><W80/><G80/><T97/><D97/><U104/><E104/><V89/><F89/><W112/><G102/><T111/><D111/><U48/><E48/><V30/><F30/><W34/><G92/><T86/><D86/><U29/><E125/><V31/><F31/><W70/><G112/><T94/><D94/><U22/><E22/><N who="2" m="11527" /><F53/><W72/><G34/><T43/><D43/><U50/><E50/><V61/><F77/><W75/><G49/><T68/><D68/><U45/><E45/><V82/><F82/><W105/><G47/><T5/><D28/><U129/><E129/><V65/><F76/><W66/><G70/><T13/><D35/><U4/><AGARI ba="0,0" hai="0,1,2,4,8,19,20,23,25,27,29" m="42089" machi="4" ten="30,11700,0" yaku="14,1,10,1,34,2" doraHai="88" who="1" fromWho="1" sc="230,-39,240,117,240,-39,290,-39" /><INIT seed="1,1,0,5,2,15" ten="191,357,201,251" oya="1" hai0="27,120,107,13,93,16,33,81,125,86,76,73,114" hai1="2,29,35,18,4,96,19,127,46,58,99,52,90" hai2="83,12,116,56,115,88,37,111,74,133,54,36,132" hai3="61,14,94,92,48,110,95,104,119,97,32,106,131"/><U91/><E127/><V38/><F116/><W59/><G32/><T77/><D125/><U62/><E2/><V123/><F123/><W134/><G119/><T22/><D120/><U117/><E117/><V89/><F111/><W66/><G110/><T122/><D122/><U51/><E4/><V3/><F3/><W17/><G131/><T118/><D118/><U130/><E130/><V20/><F115/><W5/><G134/><N who="2" m="51817" /><F74/><W7/><G48/><T79/><D107/><U65/><E35/><V100/><F100/><W40/><G40/><T41/><D41/><U71/><E29/><V21/><F83/><W84/><G84/><T121/><D121/><U34/><E34/><V1/><F1/><W42/><G42/><T80/><D114/><U64/><E71/><V69/><F69/><W50/><G50/><T57/><D57/><U105/><E65/><V23/><F12/><W28/><G106/><T98/><D79/><U103/><E91/><N who="2" m="34891" /><F56/><W126/><G126/><T113/><D113/><U112/><REACH who="1" step="1"/><E112/><REACH who="1" ten="191,347,201,251" step="2"/><V68/><F68/><W24/><G104/><T101/><REACH who="0" step="1"/><D33/><REACH who="0" ten="181,347,201,251" step="2"/><U6/><E6/><V44/><F54/><W85/><G7/><T129/><D129/><U49/><E49/><V26/><F44/><W109/><G5/><T135/><D135/><U55/><E55/><V82/><F82/><W63/><G109/><T43/><D43/><U67/><E67/><V25/><AGARI ba="1,2" hai="20,21,23,25,26,36,37,38" m="34891,51817" machi="25" ten="50,8000,1" yaku="28,2,20,1,54,1" doraHai="15" who="2" fromWho="2" sc="181,-21,347,-41,201,103,251,-21" /><INIT seed="2,0,0,1,5,54" ten="160,306,304,230" oya="2" hai0="33,57,94,118,66,59,61,13,19,63,130,5,52" hai1="124,132,32,127,48,25,89,28,55,30,129,119,88" hai2="69,4,73,77,102,103,45,111,97,116,135,35,81" hai3="2,6,24,43,3,49,134,71,98,68,53,17,120"/><V36/><F116/><W74/><G74/><T83/><D118/><U34/><E119/><V8/><F69/><W14/><G43/><T60/><D33/><U22/><E129/><V87/><F35/><N who="1" m="13353" /><E132/><V113/><F113/><W7/><G134/><T110/><D130/><U131/><E30/><V42/><F135/><W64/><G120/><T123/><D123/><U82/><E82/><V84/><F111/><W21/><G98/><T31/><D110/><U38/><E38/><V78/><F78/><W92/><G92/><T112/><D112/><U100/><E100/><V79/><F79/><W27/><G64/><T37/><D37/><U101/><E101/><V107/><REACH who="2" step="1"/><F103/><REACH who="2" ten="160,306,294,230" step="2"/><W56/><G71/><T91/><D31/><U117/><E117/><V39/><F39/><W125/><G68/><T96/><D83/><U11/><E131/><V133/><F133/><W76/><G125/><N who="1" m="48202" /><E11/><V20/><F20/><W50/><G76/><T99/><D5/><U86/><E86/><V51/><F51/><W62/><G7/><T41/><D41/><U9/><E9/><V12/><AGARI ba="0,1" hai="4,8,12,36,42,45,73,77,81,84,87,97,102,107" machi="12" ten="20,3900,0" yaku="1,1,0,1,7,1,53,0" doraHai="54" doraHaiUra="122" who="2" fromWho="2" sc="160,-13,306,-13,294,49,230,-13" /><INIT seed="2,1,0,2,3,99" ten="147,293,343,217" oya="2" hai0="117,88,120,90,52,97,101,32,127,128,1,115,3" hai1="53,118,56,26,72,82,70,27,77,49,121,4,94" hai2="11,5,46,15,57,43,79,60,132,12,36,0,25" hai3="16,87,98,35,114,17,55,38,74,75,106,92,119"/><V39/><F132/><W129/><G35/><T134/><D120/><U44/><E118/><V29/><F36/><W135/><G38/><T102/><D32/><U50/><E70/><V7/><F7/><W61/><G135/><T10/><D115/><U133/><E133/><V96/><F79/><W108/><G119/><T40/><D134/><U19/><E4/><V131/><F131/><W67/><G106/><T51/><D117/><U86/><E19/><V2/><F2/><W28/><G28/><T9/><D128/><U41/><E121/><V69/><F69/><W112/><G55/><T47/><D1/><U24/><E94/><V68/><F68/><W71/><G87/><T37/><D127/><U18/><E72/><V111/><F111/><W85/><G108/><T91/><D97/><U30/><REACH who="1" step="1"/><E18/><REACH who="1" ten="147,283,343,217" step="2"/><V113/><F113/><W81/><G129/><T14/><D3/><U105/><E105/><V34/><REACH who="2" step="1"/><F96/><REACH who="2" ten="147,283,333,217" step="2"/><W6/><G114/><T116/><D116/><U20/><AGARI ba="1,2" hai="20,24,26,27,30,41,44,49,50,53,56,77,82,86" machi="20" ten="20,5200,0" yaku="1,1,0,1,7,1,8,1,53,0" doraHai="99" doraHaiUra="130" who="1" fromWho="1" sc="147,-14,283,75,333,-27,217,-14" /><INIT seed="3,0,0,3,2,58" ten="133,358,306,203" oya="3" hai0="47,90,93,27,79,74,57,63,29,128,3,129,86" hai1="59,0,104,10,56,22,108,41,32,98,124,25,33" hai2="44,37,18,92,116,14,26,13,135,4,1,101,109" hai3="49,78,88,24,17,43,113,50,39,5,77,31,46"/><W35/><G113/><T85/><D3/><U6/><E41/><V7/><F116/><W75/><G5/><T103/><D74/><U9/><E59/><V36/><F101/><W53/><G75/><T130/><D47/><U100/><E124/><V114/><F114/><W34/><G34/><T107/><D107/><U11/><E108/><V84/><F109/><W60/><G17/><T110/><D110/><U102/><E102/><V76/><F135/><W23/><G35/><N who="0" m="20927" /><D103/><U105/><E105/><V19/><F1/><W106/><G106/><T119/><D119/><U99/><E99/><V71/><F71/><W40/><G39/><T115/><D115/><U16/><E33/><V134/><F134/><W20/><G20/><T121/><D121/><U131/><E131/><N who="0" m="33537" /><T81/><DORA hai="82" /><D79/><N who="3" m="30217" /><G88/><N who="0" m="51247" /><D57/><U38/><E38/><V83/><F44/><W87/><G87/><T30/><D30/><U94/><E104/><V52/><F84/><W73/><G73/><T127/><D63/><U62/><REACH who="1" step="1"/><E32/><REACH who="1" ten="133,348,306,203" step="2"/><V55/><F37/><W67/><G46/><T65/><D65/><AGARI ba="0,1" hai="0,6,9,10,11,16,22,25,56,62,65,94,98,100" machi="65" ten="30,8000,1" yaku="1,1,2,1,7,1,52,1,54,1,53,0" doraHai="58,82" doraHaiUra="64,122" who="1" fromWho="0" sc="133,-80,348,90,306,0,203,0" /><INIT seed="4,0,0,4,5,57" ten="53,438,306,203" oya="0" hai0="44,75,14,50,95,61,3,133,123,24,107,13,28" hai1="106,122,66,17,52,114,43,21,26,71,58,83,46" hai2="49,121,102,37,115,132,47,128,54,73,55,104,103" hai3="9,111,92,53,1,78,117,11,94,80,68,72,89"/><T110/><D123/><U76/><E106/><V15/><F121/><W36/><G36/><T6/><D107/><U82/><E122/><V18/><F115/><W79/><G79/><T23/><D75/><U41/><E114/><V39/><F128/><W65/><G111/><T69/><D110/><U45/><E71/><V12/><F132/><W97/><G117/><T84/><D133/><U70/><E70/><V35/><F35/><W81/><G81/><N who="1" m="30730" /><E66/><V0/><F0/><W135/><G1/><T101/><D3/><U96/><E96/><V124/><F73/><W130/><G130/><T20/><D6/><U5/><E5/><V118/><F118/><W4/><G4/><T51/><D51/><N who="1" m="31007" /><E76/><V27/><F104/><W93/><G65/><T22/><D13/><U63/><E63/><V34/><F15/><W109/><G68/><T7/><D14/><U10/><E10/><V86/><F12/><W2/><G2/><T90/><D7/><U32/><E32/><V38/><F34/><W16/><G135/><T77/><D101/><U29/><E29/><V31/><F31/><W33/><G33/><T105/><D105/><U129/><E129/><V87/><F103/><W59/><G109/><T30/><D30/><U74/><E74/><V126/><F102/><W113/><G113/><T48/><D77/><U42/><AGARI ba="0,0" hai="17,21,26,41,42,43,45,46" m="31007,30730" machi="42" ten="30,2000,0" yaku="8,1,54,1" doraHai="57" who="1" fromWho="1" sc="53,-10,438,20,306,-5,203,-5" /><INIT seed="5,0,0,4,5,91" ten="43,458,301,198" oya="1" hai0="7,87,109,41,24,59,125,97,99,90,103,39,47" hai1="67,14,100,43,45,95,124,122,42,134,46,130,61" hai2="28,11,82,114,108,102,84,35,93,104,73,79,132" hai3="1,15,123,27,5,115,60,131,70,80,120,13,126"/><U121/><E124/><V129/><F108/><W37/><G37/><T8/><D109/><U9/><E130/><V119/><F129/><W65/><G126/><T118/><D118/><U76/><E134/><V2/><F119/><W26/><G131/><T74/><D125/><U10/><E76/><V51/><F132/><W112/><G1/><T69/><D69/><U40/><E10/><V58/><F28/><W116/><G116/><T92/><D74/><U86/><E46/><V18/><F35/><W23/><G80/><T53/><D24/><U19/><E45/><V64/><F114/><N who="3" m="43563" /><G26/><T85/><D85/><U30/><E30/><V96/><F64/><W57/><G70/><T48/><REACH who="0" step="1"/><D103/><REACH who="0" ten="33,458,301,198" step="2"/><U111/><E111/><V33/><F84/><W4/><G27/><T66/><D66/><U105/><E86/><V17/><F102/><W127/><G127/><T38/><D38/><U52/><E100/><V133/><F133/><W3/><G65/><T34/><D34/><U21/><E67/><V94/><F33/><W20/><G123/><T44/><D44/><U75/><E121/><V128/><F73/><W0/><G120/><T55/><D55/><U81/><E75/><V113/><F128/><W83/><G57/><T89/><D89/><U77/><E52/><V78/><F58/><W98/><G98/><T12/><AGARI ba="0,1" hai="7,8,12,39,41,47,48,53,59,87,90,92,97,99" machi="12" ten="20,5200,0" yaku="1,1,0,1,7,1,52,1,53,0" doraHai="91" doraHaiUra="110" who="0" fromWho="0" sc="33,62,458,-26,301,-13,198,-13" /><INIT seed="6,0,0,3,5,12" ten="95,432,288,185" oya="2" hai0="37,44,4,77,105,48,135,81,56,1,71,92,49" hai1="129,88,35,6,25,59,130,76,20,45,39,36,18" hai2="61,31,60,109,34,16,42,40,50,68,51,115,91" hai3="99,83,3,63,112,79,57,28,32,123,21,117,69"/><V124/><F115/><W111/><G69/><T72/><D105/><U33/><E76/><V85/><F124/><W98/><G3/><T17/><D135/><U8/><E59/><V11/><F109/><W41/><G111/><T94/><D71/><U100/><E100/><V102/><F102/><W66/><G32/><N who="1" m="12362" /><E45/><V87/><F31/><W128/><G123/><T67/><D37/><U114/><E88/><V108/><F34/><W38/><G128/><N who="1" m="49258" /><E114/><V127/><F127/><W119/><G112/><T113/><D113/><U110/><E110/><V80/><F108/><W95/><G99/><T62/><D1/><AGARI ba="0,0" hai="1,6,8,18,20,25,36,39" m="49258,12362" machi="1" ten="30,2000,0" yaku="19,1,52,1" doraHai="12" who="1" fromWho="0" sc="95,-20,432,20,288,0,185,0" /><INIT seed="7,0,0,3,1,23" ten="75,452,288,185" oya="3" hai0="92,56,109,17,130,91,28,4,74,87,36,64,98" hai1="57,71,60,47,131,119,113,132,127,76,21,97,44" hai2="58,42,117,32,52,68,105,86,35,61,133,14,26" hai3="106,16,100,13,33,1,111,78,34,55,66,10,2"/><W5/><G66/><T46/><D4/><U80/><E97/><V70/><F117/><W104/><G78/><T54/><D17/><U115/><E71/><V50/><F105/><W72/><G72/><T95/><D28/><U6/><E6/><V9/><F133/><W75/><G75/><T49/><D74/><U88/><E88/><V48/><F35/><W84/><G111/><T120/><D120/><U118/><E21/><V89/><F70/><W134/><G134/><T116/><D116/><N who="1" m="44587" /><E131/><V40/><F68/><W7/><G84/><T8/><D130/><U82/><E127/><V112/><F112/><N who="1" m="43081" /><E132/><V18/><F40/><W128/><G128/><T29/><D109/><U39/><E39/><V51/><F42/><W125/><G125/><T19/><D8/><U101/><E101/><V20/><F32/><W3/><G100/><T37/><D29/><U67/><E82/><V65/><F65/><W94/><G106/><T0/><D0/><U107/><E107/><V108/><F108/><W69/><G104/><T31/><D31/><U129/><E129/><V53/><F53/><W102/><G69/><T30/><D30/><U90/><E90/><V121/><F121/><W43/><G43/><T123/><D123/><U135/><E135/><V99/><F99/><N who="3" m="59767" /><G55/><T38/><D19/><U59/><E59/><V96/><F96/><W93/><G93/><T122/><D122/><U85/><AGARI ba="0,0" hai="44,47,57,60,67,76,80,85" m="43081,44587" machi="85" ten="30,2000,0" yaku="12,1,15,1" doraHai="23" who="1" fromWho="1" sc="75,-5,452,20,288,-5,185,-10" owari="70,-43.0,472,57.0,283,8.0,175,-22.0" /></mjloggm>