<mjloggm ver="2.3"><GO type="41" lobby="0"/><UN n0="%E3%81%AE%E3%81%B9%E3%81%9F%E3%82%93%E3%81%9F%E3%82%93" n1="%E5%B0%B1%E6%B4%BB%E7%94%9F%40%E5%B7%9D%E6%9D%91%E8%BB%8D%E5%9B%A3" n2="%E6%BF%83%E3%81%84%E5%91%B3%30%25" n3="%2D%E4%B8%96%E7%95%8C%E3%81%AE%E4%BA%80%E4%BA%95%2D" dan="15,17,16,13" rate="1962.31,2136.35,2020.52,1924.23" sx="F,M,F,M"/><TAIKYOKU oya="0"/><INIT seed="0,0,0,0,1,112" ten="250,250,250,250" oya="0" hai0="51,100,21,36,92,61,7,28,44,113,50,127,133" hai1="86,77,94,45,91,82,106,97,114,98,135,1,132" hai2="66,20,31,117,130,87,129,62,123,9,13,89,120" hai3="126,118,75,90,33,46,42,73,2,71,72,116,101"/><T85/><D113/><U69/><E1/><V64/><F31/><W12/><G12/><T11/><D36/><U41/><E69/><V105/><F105/><W34/><G90/><T119/><D127/><U58/><E58/><N who="2" m="36951" /><F20/><W83/><G101/><T79/><D133/><N who="1" m="51275" /><E114/><V18/><F66/><W5/><G83/><T80/><D61/><U0/><E0/><V10/><F10/><N who="3" m="2359" /><G71/><T78/><D119/><N who="3" m="45609" /><G126/><T67/><D67/><U35/><E35/><V43/><F43/><W52/><G52/><T68/><D68/><U47/><E41/><V125/><F125/><W4/><G4/><T70/><D70/><U115/><E115/><V55/><F55/><W110/><G110/><T131/><D100/><AGARI ba="0,0" hai="45,47,77,82,86,91,94,97,98,100,106" m="51275" machi="100" ten="30,1000,0" yaku="20,1" doraHai="112" who="1" fromWho="0" sc="250,-10,250,10,250,0,250,0" /><INIT seed="1,0,0,2,0,73" ten="240,260,250,250" oya="1" hai0="5,116,134,90,124,92,113,41,21,133,47,44,111" hai1="93,84,104,48,16,12,82,42,65,81,63,109,9" hai2="25,96,40,19,34,91,101,22,1,64,23,38,132" hai3="29,71,60,130,26,85,89,87,58,4,13,114,80"/><U75/><E104/><V50/><F1/><W51/><G71/><T135/><D113/><U106/><E106/><V8/><F38/><W102/><G130/><T6/><D116/><U119/><E119/><V70/><F132/><W14/><G102/><T66/><D111/><U126/><E126/><V107/><F34/><W127/><G4/><T115/><D115/><U33/><E33/><V79/><F8/><W95/><G51/><T17/><D66/><U39/><E39/><V10/><F10/><W49/><G49/><T43/><D124/><U59/><E109/><V67/><F70/><W3/><G3/><T74/><D74/><U76/><E93/><V46/><F91/><W20/><G114/><T118/><D118/><U36/><E36/><V52/><F40/><W129/><G129/><T120/><D120/><U55/><E42/><V83/><REACH who="2" step="1"/><F23/><REACH who="2" ten="240,260,240,250" step="2"/><W2/><G2/><T117/><D117/><U32/><E32/><V56/><F56/><W128/><G127/><T123/><D43/><U37/><E37/><V27/><F27/><W121/><G128/><T97/><D123/><U77/><REACH who="1" step="1"/><E48/><REACH who="1" ten="240,250,240,250" step="2"/><V62/><F62/><W28/><G121/><T108/><D41/><U18/><E18/><V15/><F15/><W112/><G112/><T100/><D108/><U45/><E45/><V11/><F11/><W86/><G13/><N who="0" m="9391" /><D44/><U72/><E72/><AGARI ba="0,2" hai="19,22,25,46,50,52,64,67,72,79,83,96,101,107" machi="72" ten="30,7700,0" yaku="1,1,7,1,52,1,54,1,53,0" doraHai="73" doraHaiUra="53" who="2" fromWho="1" sc="240,0,250,-77,240,97,250,0" /><INIT seed="2,0,0,2,1,76" ten="240,173,337,250" oya="2" hai0="132,14,88,118,17,15,62,20,116,105,19,115,110" hai1="33,25,18,87,51,58,77,72,13,109,119,113,82" hai2="59,111,101,102,128,133,91,57,69,31,124,123,23" hai3="10,32,75,96,106,54,40,134,0,6,44,100,117"/><V130/><F123/><W21/><G54/><T37/><D37/><U5/><E113/><V68/><F124/><W66/><G21/><T34/><D105/><U24/><E119/><N who="0" m="45609" /><D34/><U94/><E109/><V81/><F133/><W30/><G66/><T74/><D74/><U11/><E33/><V27/><F111/><W16/><G16/><T107/><D107/><U103/><E5/><V112/><F112/><W78/><G117/><T7/><D115/><U114/><E114/><V55/><F102/><W22/><G22/><N who="0" m="11583" /><D7/><U125/><E125/><V92/><F101/><W43/><G43/><T129/><D110/><U4/><E4/><V83/><F69/><W90/><G32/><T1/><D1/><U79/><E72/><V61/><F68/><W35/><G35/><T85/><D129/><N who="2" m="49770" /><F59/><W89/><G30/><T108/><D108/><U80/><E58/><V41/><F41/><W9/><G9/><T98/><D98/><AGARI ba="0,0" hai="23,27,31,55,57,61,81,83,91,92,98" m="49770" machi="98" ten="30,5800,0" yaku="19,1,52,2" doraHai="76" who="2" fromWho="0" sc="240,-58,173,0,337,58,250,0" /><INIT seed="2,1,0,1,3,112" ten="182,173,395,250" oya="2" hai0="40,102,73,56,125,53,14,118,132,92,87,46,31" hai1="120,126,24,43,79,74,11,135,0,98,108,97,71" hai2="110,101,6,83,116,18,60,15,52,1,3,134,128" hai3="131,41,124,47,12,7,44,81,20,8,133,106,9"/><V85/><F128/><W17/><G106/><T25/><D73/><U93/><E71/><V54/><F134/><W32/><G124/><T61/><D125/><U42/><E126/><V130/><F130/><W91/><G32/><T2/><D2/><U22/><E120/><V21/><F116/><W28/><G133/><T66/><D132/><U34/><E34/><V57/><F110/><W77/><G91/><T69/><D118/><U19/><E135/><V49/><F101/><W127/><G127/><T33/><D14/><U29/><E108/><V75/><F75/><W35/><G9/><T121/><D121/><U59/><E98/><V84/><F6/><W38/><G44/><T107/><D87/><U36/><E36/><V114/><F85/><W76/><G81/><T96/><D92/><U58/><E79/><V78/><REACH who="2" step="1"/><F114/><REACH who="2" ten="182,173,385,250" step="2"/><W119/><G119/><T68/><REACH who="0" step="1"/><D66/><REACH who="0" ten="172,173,385,250" step="2"/><U122/><E74/><V94/><F94/><W70/><G131/><T48/><AGARI ba="1,2" hai="25,31,33,40,46,48,53,56,61,68,69,96,102,107" machi="48" ten="20,5200,0" yaku="1,1,2,1,0,1,7,1,53,0" doraHai="112" doraHaiUra="123" who="0" fromWho="0" sc="172,75,173,-14,385,-27,250,-14" /><INIT seed="3,0,0,4,3,97" ten="247,159,358,236" oya="3" hai0="84,93,56,29,117,6,45,27,120,72,9,83,25" hai1="96,30,85,122,90,17,15,26,3,20,101,64,54" hai2="110,125,7,70,40,4,0,111,77,88,124,128,69" hai3="121,106,58,118,71,44,22,126,42,63,52,133,109"/><W50/><G106/><T48/><D117/><U13/><E122/><V81/><F40/><W8/><G118/><T92/><D120/><U99/><E3/><V1/><F77/><W108/><G121/><T55/><D56/><U107/><E64/><V12/><F12/><W129/><G129/><T53/><D53/><U5/><E5/><N who="2" m="2123" /><F81/><W19/><G8/><T89/><D72/><U113/><E113/><V116/><F88/><W21/><G126/><N who="2" m="48745" /><F128/><W115/><G115/><T112/><D112/><U74/><E74/><V78/><F78/><W114/><G114/><T51/><D51/><U130/><E130/><V103/><F103/><W86/><G86/><T94/><REACH who="0" step="1"/><D29/><REACH who="0" ten="237,159,358,236" step="2"/><U80/><E54/><V104/><F116/><W62/><G52/><T119/><D119/><U41/><E41/><V57/><F57/><W34/><G58/><T16/><D16/><U60/><E60/><V59/><F59/><W131/><G19/><T76/><D76/><U132/><E132/><V33/><F70/><W35/><G71/><T61/><D61/><N who="3" m="23049" /><G131/><T127/><D127/><U67/><E67/><V91/><F69/><W75/><G75/><T37/><D37/><U47/><E47/><V105/><F1/><AGARI ba="0,1" hai="1,6,9,25,27,45,48,55,83,84,89,92,93,94" machi="1" ten="40,1300,0" yaku="1,1,53,0" doraHai="97" doraHaiUra="28" who="0" fromWho="2" sc="237,23,159,0,358,-13,236,0" /><INIT seed="4,0,0,3,5,102" ten="260,159,345,236" oya="0" hai0="35,41,117,79,100,124,47,78,94,62,77,99,24" hai1="57,63,120,81,12,17,104,45,98,48,88,11,50" hai2="7,121,130,3,107,40,92,113,109,112,74,6,80" hai3="44,129,8,110,122,20,33,95,66,131,90,68,132"/><T5/><D117/><U49/><E120/><V22/><F109/><W123/><G33/><T25/><D124/><U30/><E30/><V118/><F121/><N who="3" m="46091" /><G8/><T97/><D5/><U69/><E69/><V108/><F108/><W32/><G32/><T135/><D135/><U15/><E15/><V126/><F126/><W127/><G20/><T60/><D97/><U46/><E104/><V91/><F107/><W103/><G110/><T119/><D119/><U4/><E4/><V76/><F130/><N who="3" m="49675" /><G127/><T125/><D125/><U134/><E134/><V28/><F118/><W73/><G44/><T55/><D35/><U65/><REACH who="1" step="1"/><E81/><REACH who="1" ten="260,149,345,236" step="2"/><V59/><F6/><W38/><G68/><T84/><D25/><U13/><E13/><V9/><F7/><W52/><G132/><T29/><D24/><U34/><E34/><V58/><F80/><W2/><G2/><T16/><D29/><U133/><E133/><V53/><F28/><W10/><G10/><T75/><D75/><U56/><E56/><V89/><F74/><W114/><G73/><T0/><D0/><U106/><E106/><V115/><F58/><W43/><G95/><AGARI ba="0,1" hai="11,12,17,45,46,48,49,50,57,63,65,88,95,98" machi="95" ten="40,5200,0" yaku="1,1,8,1,54,1,53,0" doraHai="102" doraHaiUra="70" who="1" fromWho="3" sc="260,0,149,62,345,0,236,-52" /><INIT seed="5,0,0,1,2,20" ten="260,211,345,184" oya="1" hai0="50,25,27,70,63,61,54,43,23,105,45,6,116" hai1="91,84,15,0,81,12,86,1,107,60,48,52,129" hai2="47,32,55,83,4,26,132,125,96,74,117,58,8" hai3="3,89,51,98,13,77,134,30,35,39,2,120,130"/><U36/><E107/><V22/><F117/><W78/><G39/><T68/><D105/><U29/><E36/><V126/><F32/><W92/><G130/><T76/><D116/><U56/><E129/><V85/><F74/><W112/><G112/><T64/><D6/><U131/><E131/><V24/><F96/><W75/><G134/><T80/><D43/><U5/><E0/><N who="2" m="7" /><F47/><W59/><G120/><T42/><D23/><U65/><E29/><V82/><F22/><W115/><G115/><T95/><D95/><U102/><E102/><V97/><F97/><W114/><G114/><T133/><D133/><U90/><E5/><V93/><F93/><W57/><G13/><T103/><D103/><U124/><E1/><V11/><F11/><W100/><G77/><T121/><D121/><U7/><E7/><V16/><F16/><W106/><G59/><T73/><REACH who="0" step="1"/><D54/><REACH who="0" ten="250,211,345,184" step="2"/><U40/><E40/><V46/><F132/><W79/><G100/><T31/><D31/><U128/><E128/><V18/><F18/><W118/><G106/><T87/><D87/><U21/><E21/><V10/><F85/><W69/><G75/><T109/><D109/><U119/><E119/><V72/><F72/><W41/><G118/><T122/><D122/><U110/><E110/><V99/><F83/><W135/><G135/><T28/><D28/><U49/><E124/><V33/><F82/><W104/><G104/><T37/><D37/><U123/><E123/><V71/><F126/><W108/><G108/><T113/><D113/><U38/><E38/><V67/><F125/><W101/><G30/><RYUUKYOKU ba="0,1" sc="250,30,211,-10,345,-10,184,-10" hai0="25,27,42,45,50,61,63,64,68,70,73,76,80" /><INIT seed="6,1,1,1,3,72" ten="280,201,335,174" oya="2" hai0="67,50,58,15,4,109,5,103,2,1,83,12,11" hai1="48,108,105,54,116,57,118,81,119,34,32,130,65" hai2="44,10,20,104,79,35,86,46,135,66,28,110,38" hai3="128,3,0,95,90,7,121,21,25,80,51,23,122"/><V61/><F104/><W52/><G128/><T131/><D131/><U84/><E130/><V127/><F35/><W117/><G117/><T18/><D109/><U88/><E108/><V59/><F110/><W101/><G101/><T9/><D103/><U13/><E105/><V91/><F127/><W107/><G107/><T33/><D33/><U39/><E39/><V64/><F135/><W133/><G133/><T106/><D106/><U126/><E126/><V6/><F64/><W113/><G113/><T17/><D83/><U53/><E65/><V85/><F38/><W73/><G23/><T99/><D99/><U87/><E13/><N who="2" m="5335" /><F79/><W92/><G92/><T96/><D96/><U76/><REACH who="1" step="1"/><E53/><REACH who="1" ten="280,191,335,174" step="2"/><V69/><F69/><W114/><G122/><T16/><D67/><U49/><E49/><V40/><F40/><W24/><G121/><T120/><D120/><U100/><E100/><V43/><F43/><W97/><G114/><T124/><D124/><U26/><E26/><N who="2" m="16455" /><F85/><W63/><G24/><T8/><D50/><U47/><E47/><V19/><F86/><W82/><G63/><T132/><D132/><U102/><E102/><V93/><F44/><N who="3" m="27751" /><G73/><T111/><D111/><U98/><E98/><N who="2" m="57663" /><F46/><W45/><G45/><T56/><D17/><AGARI ba="1,2" hai="17,19,59,61,66" m="57663,16455,5335" machi="17" ten="30,1500,0" yaku="8,1" doraHai="72" who="2" fromWho="0" sc="280,-18,191,0,335,38,174,0" /><INIT seed="6,2,0,0,1,111" ten="262,191,373,174" oya="2" hai0="130,19,72,87,6,118,44,52,5,129,106,22,14" hai1="73,15,115,119,39,108,17,60,66,25,77,76,9" hai2="31,51,117,61,8,64,40,68,67,29,79,58,100" hai3="50,65,55,96,80,131,82,23,91,42,83,71,134"/><V2/><F117/><W13/><G131/><N who="0" m="50187" /><D72/><U49/><E108/><V75/><F100/><W34/><G34/><T98/><D118/><U18/><E39/><V35/><F35/><W4/><G134/><T101/><D87/><U69/><E119/><V1/><F67/><W88/><G42/><T103/><D103/><U10/><E73/><V95/><F95/><N who="3" m="56423" /><G65/><T46/><D46/><U48/><E115/><V113/><F113/><W126/><G71/><T47/><D47/><U99/><E99/><V105/><F105/><W116/><G126/><T128/><D128/><U36/><E36/><V59/><F79/><W7/><G116/><T30/><D30/><U21/><E9/><V11/><F75/><W124/><G124/><T97/><D97/><U62/><E62/><V120/><F120/><W121/><G121/><T122/><D122/><U107/><E107/><V3/><F29/><W85/><G23/><T56/><D44/><U90/><E90/><V125/><F31/><W123/><G123/><T43/><D43/><U16/><E17/><V114/><F40/><W74/><G74/><T12/><D12/><U110/><E110/><V135/><F125/><W112/><G112/><T41/><D41/><U24/><E24/><V37/><F114/><W127/><G127/><T94/><D106/><U70/><E70/><V53/><F3/><W89/><G89/><T63/><AGARI ba="2,0" hai="5,6,14,19,22,52,56,63,94,98,101" m="50187" machi="63" ten="30,2000,0" yaku="19,1,54,1" doraHai="111" who="0" fromWho="0" sc="262,26,191,-7,373,-12,174,-7" /><INIT seed="7,0,0,1,2,46" ten="288,184,361,167" oya="3" hai0="29,89,120,67,80,96,55,37,97,36,107,133,41" hai1="57,119,115,61,111,20,40,93,70,17,125,99,73" hai2="11,6,114,79,102,104,15,68,59,53,77,130,56" hai3="45,112,3,101,90,43,49,132,19,63,32,72,129"/><W50/><G3/><T92/><D67/><U105/><E105/><V88/><F68/><W131/><G112/><T22/><D133/><U128/><E70/><V85/><F114/><W31/><G132/><T28/><D120/><U106/><E106/><V23/><F130/><N who="3" m="49675" /><G72/><T69/><D69/><U117/><E73/><V109/><F109/><W87/><G101/><T98/><D80/><U39/><E128/><V71/><F71/><W26/><G63/><T13/><D107/><U0/><E0/><V116/><F116/><N who="1" m="44617" /><E125/><V14/><F102/><W21/><G32/><T27/><D41/><U110/><E40/><V25/><F15/><W38/><G31/><T5/><D29/><U62/><E39/><V83/><F104/><W8/><G8/><T18/><D5/><U47/><E47/><V33/><F33/><W54/><G54/><T66/><D55/><N who="1" m="33983" /><E62/><V16/><F53/><W4/><G4/><T122/><D122/><U34/><E34/><V94/><F79/><W124/><G124/><T91/><D66/><U10/><E10/><V75/><AGARI ba="0,0" hai="6,11,14,16,23,25,56,59,75,77,83,85,88,94" machi="75" ten="20,5200,0" yaku="0,1,7,1,54,2" doraHai="46" who="2" fromWho="2" sc="288,-13,184,-13,361,52,167,-26" owari="275,8.0,171,-23.0,413,51.0,141,-36.0" /></mjloggm>