<mjloggm ver="2.3"><GO type="97" lobby="0"/><UN n0="%43%68%61%74%65%6C%65%74" n1="%E6%9F%8F%E6%9C%A8%E3%82%A7%E3%82%A7" n2="%E5%B0%B1%E6%B4%BB%E7%94%9F%40%E5%B7%9D%E6%9D%91%E8%BB%8D%E5%9B%A3" n3="%28%C2%B4%E3%83%BB%E3%82%A7%E3%83%BB%EF%BD%80%29%E5%87%B8" dan="13,14,14,13" rate="1856.24,1963.95,1973.83,1914.71" sx="M,M,M,M"/><TAIKYOKU oya="0"/><INIT seed="0,0,0,4,4,50" ten="250,250,250,250" oya="0" hai0="53,107,79,0,58,7,19,91,130,67,129,122,44" hai1="2,52,82,126,102,133,118,77,104,56,132,69,60" hai2="3,61,18,117,11,17,62,113,127,26,6,12,66" hai3="75,27,101,30,128,110,64,89,73,120,42,15,39"/><T72/><D107/><U38/><E2/><V76/><F113/><W47/><G120/><T9/><D122/><U37/><E118/><V121/><F121/><W8/><G101/><T41/><D67/><N who="1" m="41191" /><E102/><V131/><F117/><W90/><G128/><N who="0" m="49259" /><D19/><U78/><E104/><V20/><F127/><W124/><G124/><T21/><D21/><U59/><E59/><V96/><F131/><W95/><G110/><T23/><D23/><U70/><E70/><V83/><F96/><W84/><G64/><T74/><D91/><U24/><E24/><V115/><F115/><W10/><G90/><T81/><D74/><N who="1" m="43319" /><E78/><V111/><F111/><W13/><G13/><T106/><D106/><U87/><E87/><V114/><F114/><W57/><G57/><T54/><D58/><U134/><E126/><V123/><F123/><W63/><G63/><AGARI ba="0,0" hai="37,38,52,56,63,132,133,134" m="43319,41191" machi="63" ten="30,3900,0" yaku="20,1,52,1,54,1" doraHai="50" who="1" fromWho="3" sc="250,0,250,39,250,0,250,-39" /><INIT seed="1,0,0,1,4,123" ten="250,289,250,211" oya="1" hai0="103,18,51,84,17,54,79,126,133,20,134,63,76" hai1="10,53,119,19,90,96,74,112,87,82,78,102,77" hai2="59,49,33,40,116,28,37,13,27,128,66,8,44" hai3="81,117,109,107,15,98,71,0,122,101,55,88,2"/><U111/><E112/><V72/><F116/><W29/><G122/><T124/><D103/><U113/><E113/><V93/><F128/><W69/><G109/><T5/><D5/><U48/><E119/><V12/><F72/><W115/><G115/><T132/><D63/><U58/><E111/><V34/><F34/><W16/><G117/><T25/><D84/><U52/><E53/><V36/><F93/><W92/><G29/><T23/><D23/><U70/><E70/><V104/><F104/><W11/><G81/><T130/><D18/><U39/><E39/><V118/><F118/><W75/><G75/><T100/><D100/><U3/><E74/><V21/><F33/><W6/><G0/><T4/><D4/><U46/><E58/><V26/><F26/><W45/><G45/><T22/><D22/><U64/><E64/><V41/><F41/><W67/><G67/><T83/><D51/><U97/><E3/><V47/><F47/><W89/><G55/><T86/><D54/><U95/><E97/><V43/><F43/><W60/><G60/><T24/><D24/><U80/><E82/><V1/><F1/><W94/><G107/><T110/><D110/><U56/><E56/><V61/><REACH who="2" step="1"/><F13/><AGARI ba="0,0" hai="10,13,19,46,48,52,77,78,80,87,90,95,96,102" machi="13" ten="40,12000,1" yaku="25,2,8,1,54,1" doraHai="123" who="1" fromWho="2" sc="250,0,289,120,250,-120,211,0" /><INIT seed="1,1,0,4,3,75" ten="250,409,130,211" oya="1" hai0="64,93,66,124,83,81,84,40,27,12,44,47,108" hai1="43,134,102,18,119,3,46,19,58,132,122,106,6" hai2="36,97,135,72,92,24,73,96,38,9,42,20,21" hai3="67,107,128,127,76,123,103,133,37,101,129,69,110"/><U48/><E119/><V26/><F92/><W11/><G11/><T71/><D71/><U91/><E122/><V95/><F95/><W74/><G37/><T22/><D124/><U13/><E3/><V117/><F9/><W0/><G0/><T131/><D131/><N who="3" m="50249" /><G67/><T94/><D108/><U65/><E6/><V86/><F86/><W7/><G7/><T51/><D51/><U118/><E118/><V61/><F117/><W14/><G14/><T31/><D12/><U33/><E33/><V62/><REACH who="2" step="1"/><F135/><REACH who="2" ten="250,409,120,211" step="2"/><W23/><G133/><T50/><D44/><U29/><E46/><V45/><F45/><W130/><G123/><T115/><D115/><U111/><E134/><V53/><F53/><W1/><G107/><T2/><D2/><U34/><E106/><V49/><F49/><W41/><G41/><AGARI ba="1,1" hai="20,21,24,26,36,38,41,42,61,62,72,73,96,97" machi="41" ten="25,3200,0" yaku="1,1,22,2,53,0" doraHai="75" doraHaiUra="63" who="2" fromWho="3" sc="250,0,409,0,120,45,211,-35" /><INIT seed="2,0,0,0,2,67" ten="250,409,165,176" oya="2" hai0="47,104,105,61,99,65,113,36,118,11,128,97,62" hai1="18,7,84,23,8,2,28,60,108,131,125,78,52" hai2="4,53,96,130,43,103,19,109,15,66,107,110,56" hai3="57,49,46,35,21,1,48,127,74,10,14,51,115"/><V32/><F32/><W94/><G35/><T73/><D113/><U88/><E108/><N who="2" m="41579" /><F130/><W134/><G74/><T5/><D118/><U42/><E131/><V132/><F132/><W135/><G1/><T0/><D128/><U86/><E125/><V13/><F43/><W119/><G119/><T133/><D62/><U37/><E28/><V50/><F4/><W85/><G127/><T116/><D99/><U20/><E78/><V82/><F82/><W71/><G71/><N who="0" m="42415" /><D116/><U89/><E42/><V120/><F120/><W39/><G39/><T77/><D133/><N who="3" m="50697" /><G115/><T92/><D92/><U87/><E37/><V111/><N who="2" m="41587" /><V38/><DORA hai="24" /><F38/><W40/><G21/><N who="1" m="8266" /><E7/><V79/><F79/><W30/><G30/><T41/><D97/><U83/><E2/><V45/><F19/><N who="3" m="8663" /><G57/><T58/><D58/><N who="1" m="34887" /><E83/><AGARI ba="0,0" hai="0,5,11,36,41,47,73,77,83,104,105" m="42415" machi="83" ten="30,7700,0" yaku="25,1,33,2,52,1" doraHai="67,24" who="0" fromWho="1" sc="250,77,409,-77,165,0,176,0" /><INIT seed="3,0,0,1,5,69" ten="327,332,165,176" oya="3" hai0="50,125,73,86,83,7,19,10,49,80,132,99,92" hai1="79,55,45,129,39,18,47,133,1,6,72,87,15" hai2="100,8,22,40,98,13,28,32,116,52,123,3,107" hai3="64,36,41,43,53,105,65,120,77,135,82,26,5"/><W63/><G120/><T118/><D118/><U38/><E129/><V111/><F116/><W127/><G105/><T119/><D119/><U78/><E133/><V94/><F123/><W112/><G112/><T31/><D132/><U114/><E114/><V101/><F111/><W29/><G135/><T84/><D125/><U102/><E102/><N who="2" m="60759" /><F32/><W12/><G127/><T11/><D73/><U9/><E87/><V44/><F3/><W76/><G36/><T131/><D131/><U109/><E109/><V35/><F35/><W54/><G5/><T59/><D31/><U89/><E89/><V33/><F33/><W75/><G12/><T96/><D19/><U122/><E122/><V90/><F40/><W85/><G75/><T51/><D59/><U113/><E113/><V42/><F42/><N who="3" m="15883" /><G77/><N who="0" m="46095" /><D7/><U48/><E47/><V117/><F107/><W56/><G65/><T104/><D104/><U14/><E1/><V37/><F37/><W2/><G2/><T115/><D115/><U27/><E27/><N who="2" m="16503" /><F90/><W17/><G29/><T24/><D24/><U68/><E68/><V103/><F117/><W23/><AGARI ba="0,0" hai="17,23,26,53,54,56,63,64,76,82,85" m="15883" machi="23" ten="30,1500,0" yaku="8,1" doraHai="69" who="3" fromWho="3" sc="327,-5,332,-5,165,-5,176,15" /><INIT seed="3,1,0,3,2,63" ten="322,327,160,191" oya="3" hai0="21,45,134,96,2,51,128,39,85,74,71,38,20" hai1="94,108,34,81,75,109,117,133,56,5,64,113,99" hai2="32,28,124,73,31,130,93,114,80,107,76,36,105" hai3="123,121,98,132,26,67,84,62,6,83,27,65,89"/><W122/><G132/><T33/><D74/><U77/><E113/><V103/><F114/><W50/><G6/><T29/><D2/><U119/><E34/><V58/><F130/><W16/><G62/><T4/><D128/><U17/><E133/><V82/><F124/><W59/><G98/><T120/><D120/><U88/><E5/><V3/><F36/><W55/><REACH who="3" step="1"/><G27/><REACH who="3" ten="322,327,160,181" step="2"/><T35/><D134/><U97/><E117/><V116/><F116/><W61/><G61/><T68/><D4/><U112/><E119/><V8/><F32/><W43/><G43/><T11/><D96/><U104/><E99/><V57/><F3/><W110/><G110/><T70/><D35/><U131/><E97/><V24/><F24/><W69/><G69/><T91/><D33/><U129/><E109/><V106/><F8/><W30/><G30/><T95/><D11/><U9/><E108/><V49/><F31/><W66/><G66/><T52/><REACH who="0" step="1"/><D29/><REACH who="0" ten="312,327,160,181" step="2"/><U86/><E129/><V118/><F28/><W44/><G44/><T40/><D40/><U135/><E131/><V19/><F118/><W92/><G92/><T25/><D25/><U72/><E94/><V23/><F93/><W54/><G54/><T48/><D48/><U1/><E135/><V37/><F37/><AGARI ba="1,2" hai="20,21,37,38,39,45,51,52,68,70,71,85,91,95" machi="37" ten="50,3200,0" yaku="1,1,54,1,53,0" doraHai="63" doraHaiUra="78" who="0" fromWho="2" sc="312,55,327,0,160,-35,181,0" owari="367,46.0,327,13.0,125,-37.0,181,-22.0" /></mjloggm>