<mjloggm ver="2.3"><GO type="225" lobby="0"/><UN n0="%E3%83%AF%E3%82%A4%E3%83%AB%E3%83%89" n1="%28%EF%BC%BE%CF%89%EF%BC%BE%29%E3%81%8A%E3%81%89%E3%82%93" n2="%E3%83%88%E3%83%88%E3%83%AA%E5%85%88%E7%94%9F%31%39%E6%AD%B3" n3="%64%61%7A%61%69" dan="16,16,16,16" rate="2166.24,2123.42,2091.89,2121.94" sx="M,F,F,F"/><TAIKYOKU oya="0"/><INIT seed="0,0,0,2,0,86" ten="250,250,250,250" oya="0" hai0="42,107,71,95,14,18,111,74,120,66,112,79,84" hai1="119,22,26,97,25,131,132,126,33,0,27,61,38" hai2="105,133,8,130,57,41,90,32,104,2,113,110,89" hai3="125,73,21,10,16,50,31,98,76,91,114,102,29"/><T82/><D120/><U69/><E38/><V24/><F113/><W5/><G114/><T58/><D112/><U109/><E119/><V47/><F57/><W85/><G125/><T116/><D116/><U19/><E0/><V3/><F32/><W54/><G76/><T40/><D71/><U36/><E36/><N who="2" m="21927" /><F24/><W78/><G78/><T123/><D123/><U15/><E126/><V134/><F110/><W135/><G73/><T100/><D111/><U103/><E131/><V88/><F130/><W72/><G72/><T117/><D117/><U106/><E132/><N who="2" m="50795" /><F8/><W9/><G135/><T99/><D58/><U48/><E109/><V128/><F128/><W46/><G98/><T63/><D63/><U23/><E48/><V49/><F49/><W108/><G102/><T77/><D66/><U96/><E96/><V39/><F39/><W118/><G108/><T59/><D59/><U129/><E129/><V28/><F28/><N who="3" m="10827" /><G5/><T83/><REACH who="0" step="1"/><D107/><AGARI ba="0,0" hai="2,3,88,89,90,104,105,107" m="50795,21927" machi="107" ten="40,8000,1" yaku="20,1,52,3,54,1" doraHai="86" who="2" fromWho="0" sc="250,-80,250,0,250,80,250,0" /><INIT seed="1,0,0,3,5,123" ten="170,250,330,250" oya="1" hai0="68,57,90,100,67,81,75,134,88,59,53,64,76" hai1="71,34,74,11,121,101,97,8,115,26,52,107,86" hai2="92,0,126,49,98,120,55,46,103,31,18,43,111" hai3="50,22,131,35,65,87,93,95,60,108,33,61,6"/><U54/><E121/><V13/><F120/><W122/><G122/><T27/><D134/><U16/><E74/><V110/><F0/><W2/><G2/><T41/><D68/><U44/><E115/><V38/><F31/><W24/><G131/><T114/><D114/><U23/><E71/><V79/><F79/><W96/><G6/><T20/><D41/><U48/><E34/><V89/><F126/><W36/><G36/><T39/><D39/><U14/><E54/><V1/><F1/><W25/><G50/><T132/><D132/><U70/><E70/><V42/><F103/><W19/><G108/><N who="2" m="41513" /><F38/><W10/><G87/><T40/><D100/><U58/><E44/><V47/><F47/><W82/><G82/><T12/><D40/><U109/><E109/><V77/><F77/><W51/><G51/><T7/><D7/><U133/><E133/><V125/><F125/><W104/><G104/><T5/><D5/><U117/><E117/><V99/><F99/><W102/><G95/><T128/><D12/><U15/><E15/><V37/><F37/><W3/><G61/><T135/><D128/><U105/><E105/><V30/><F30/><W21/><G35/><T85/><D135/><U78/><E14/><V112/><F112/><W80/><G80/><T130/><D130/><U66/><E66/><V94/><F94/><W62/><G33/><T124/><D124/><U116/><E116/><V63/><F63/><N who="3" m="24107" /><G65/><N who="0" m="25163" /><D75/><U84/><E78/><V56/><F56/><N who="0" m="21578" /><D53/><U45/><E58/><V29/><F29/><AGARI ba="0,0" hai="20,27,29,76,81,85,88,90" m="21578,25163" machi="29" ten="30,2000,0" yaku="8,1,54,1" doraHai="123" who="0" fromWho="2" sc="170,20,250,0,330,-20,250,0" /><INIT seed="2,0,0,0,4,11" ten="190,250,310,250" oya="2" hai0="105,99,103,121,131,98,76,110,9,70,89,102,28" hai1="82,106,134,63,40,18,29,46,54,88,14,50,111" hai2="90,31,130,74,78,73,5,0,33,72,117,20,91" hai3="115,104,42,52,67,84,71,7,120,68,36,95,30"/><V80/><F117/><W48/><G120/><T97/><D70/><U127/><E106/><V35/><F130/><W12/><G104/><N who="0" m="63567" /><D9/><N who="1" m="6479" /><E134/><V65/><F5/><W113/><G30/><T122/><D28/><U101/><E127/><V86/><F0/><W96/><G115/><T19/><D19/><U79/><E111/><V75/><F65/><W62/><G113/><T59/><D59/><N who="1" m="35319" /><E29/><V57/><F57/><W16/><G7/><T3/><D3/><U87/><E101/><V45/><F72/><W34/><G34/><T129/><D76/><AGARI ba="0,0" hai="40,46,50,76,79,82,87,88" m="35319,6479" machi="76" ten="30,3900,0" yaku="8,1,52,1,54,1" doraHai="11" who="1" fromWho="0" sc="190,-39,250,39,310,0,250,0" /><INIT seed="3,0,0,1,3,123" ten="151,289,310,250" oya="3" hai0="86,0,52,126,43,57,106,81,133,11,53,64,9" hai1="61,55,60,13,98,15,83,108,103,117,45,68,79" hai2="85,75,33,69,23,18,46,62,130,128,105,74,71" hai3="16,10,120,47,7,29,77,82,132,121,41,88,125"/><W44/><G132/><T36/><D106/><U66/><E108/><V63/><F105/><W110/><G125/><T12/><D126/><U58/><E117/><V114/><F114/><W111/><G29/><T32/><D32/><U113/><E113/><V72/><F33/><W3/><G47/><T54/><D133/><U14/><E45/><V25/><F85/><W28/><G28/><T50/><D36/><U38/><E38/><V67/><F46/><W2/><G2/><T92/><D0/><U102/><REACH who="1" step="1"/><E98/><REACH who="1" ten="151,279,310,250" step="2"/><V31/><F31/><W51/><G88/><T48/><D43/><U95/><E95/><V87/><F87/><AGARI ba="0,1" hai="13,14,15,55,58,60,61,66,68,79,83,87,102,103" machi="87" ten="40,1300,0" yaku="1,1,53,0" doraHai="123" doraHaiUra="30" who="1" fromWho="2" sc="151,0,279,23,310,-13,250,0" owari="151,-35.0,302,40.0,297,10.0,250,-15.0" /></mjloggm>