<mjloggm ver="2.3"><GO type="41" lobby="0"/><UN n0="%E5%B0%B1%E6%B4%BB%E7%94%9F%40%E5%B7%9D%E6%9D%91%E8%BB%8D%E5%9B%A3" n1="%E7%A0%82%E3%81%8F%E3%81%98%E3%82%89" n2="%66%61%62%6C%65" n3="%E3%82%AB%E3%82%BA%E3%83%A9" dan="15,13,15,15" rate="1990.91,1827.94,1994.32,1979.99" sx="M,M,M,M"/><TAIKYOKU oya="0"/><INIT seed="0,0,0,2,2,33" ten="250,250,250,250" oya="0" hai0="23,41,79,47,96,32,19,97,108,117,13,62,81" hai1="60,116,68,12,82,105,90,66,101,37,102,25,27" hai2="30,61,26,99,59,119,92,72,132,127,70,43,89" hai3="113,9,18,35,71,54,36,121,1,94,46,56,125"/><T49/><D117/><U74/><E116/><V100/><F70/><W86/><G113/><T95/><D32/><U11/><E37/><V7/><F132/><W15/><G71/><T40/><D108/><U8/><E8/><V3/><F127/><W55/><G125/><T126/><D126/><U107/><E105/><V20/><F119/><W58/><G35/><T16/><D62/><U52/><E102/><V78/><F43/><W93/><G121/><T111/><D111/><U110/><E110/><V0/><F7/><W42/><G1/><T106/><D106/><U39/><E39/><V83/><REACH who="2" step="1"/><F89/><REACH who="2" ten="250,250,240,250" step="2"/><W135/><G135/><T133/><D133/><U76/><E90/><V6/><F6/><W38/><G42/><T14/><D41/><U34/><E68/><V21/><F21/><W131/><G36/><T118/><D118/><U31/><E34/><V98/><F98/><W134/><G38/><T69/><D69/><U115/><E115/><V29/><F29/><W120/><G134/><T64/><D64/><AGARI ba="0,1" hai="0,3,20,26,30,59,61,64,72,78,83,92,99,100" machi="64" ten="30,12000,2" yaku="1,1,7,1,25,2,52,2,53,0" doraHai="33" doraHaiUra="4" who="2" fromWho="0" sc="250,-120,250,0,240,130,250,0" /><INIT seed="1,0,0,4,2,116" ten="130,250,370,250" oya="1" hai0="2,127,78,61,76,62,124,55,36,49,14,5,23" hai1="126,106,17,53,87,52,101,51,11,45,38,79,80" hai2="16,83,56,88,81,3,54,123,130,119,22,64,32" hai3="43,102,89,48,66,59,82,75,24,35,10,74,42"/><U121/><E126/><V34/><F123/><W117/><G117/><T21/><D2/><U104/><E38/><V113/><F130/><W98/><G10/><N who="0" m="4431" /><D36/><U1/><E121/><V70/><F3/><W112/><G112/><T4/><D4/><U26/><E101/><V86/><F119/><W20/><G35/><T28/><D124/><U63/><E1/><V6/><F6/><W69/><G69/><T109/><D109/><U8/><E106/><V131/><F131/><W97/><G74/><T72/><D72/><U92/><E104/><V133/><F133/><W118/><G118/><T40/><D40/><U100/><E26/><V107/><F107/><W91/><G75/><T108/><D108/><U135/><E17/><V7/><F7/><W65/><G82/><T93/><D93/><U115/><E135/><V95/><F64/><W41/><G102/><T19/><D28/><U9/><E115/><V57/><F70/><W27/><G41/><T114/><D114/><U60/><E53/><V134/><F134/><W31/><G31/><T0/><D0/><U110/><E110/><V15/><F113/><W128/><G128/><T73/><D73/><U39/><E39/><V58/><REACH who="2" step="1"/><F54/><REACH who="2" ten="130,250,360,250" step="2"/><W125/><G125/><T67/><D127/><U111/><E111/><V68/><F68/><W84/><G65/><T30/><D67/><U44/><REACH who="1" step="1"/><E45/><REACH who="1" ten="130,240,360,250" step="2"/><V46/><F46/><W85/><G66/><T37/><D55/><U96/><AGARI ba="0,2" hai="8,9,11,44,51,52,60,63,79,80,87,92,96,100" machi="96" ten="30,12000,1" yaku="1,1,2,1,0,1,8,1,54,1,53,0" doraHai="116" doraHaiUra="105" who="1" fromWho="1" sc="130,-40,240,140,360,-40,250,-40" /><INIT seed="1,1,0,1,4,120" ten="90,380,320,210" oya="1" hai0="11,107,53,78,116,67,35,52,131,91,103,106,82" hai1="97,122,55,31,90,18,127,39,130,29,100,85,88" hai2="30,111,68,112,124,89,76,71,17,5,51,105,98" hai3="125,79,32,108,10,70,57,56,1,119,65,66,92"/><U25/><E39/><V132/><F112/><W75/><G32/><T28/><D116/><U114/><E122/><V99/><F76/><W129/><G119/><T19/><D131/><U134/><E114/><V63/><F5/><W83/><G129/><T26/><D67/><U96/><E130/><V117/><F117/><W13/><G1/><T59/><D91/><U94/><E134/><V133/><F30/><W20/><G125/><T50/><D103/><U33/><E31/><V34/><F34/><W46/><G70/><T37/><D37/><U80/><E127/><V69/><F124/><W113/><G113/><T45/><D19/><U41/><E18/><V64/><F51/><W126/><G126/><T27/><D11/><U60/><E41/><V102/><F17/><W47/><G20/><T40/><D27/><U128/><E128/><V36/><F36/><W135/><G135/><N who="2" m="51785" /><F111/><W24/><G24/><T118/><D118/><U2/><E2/><V9/><F9/><W4/><G92/><AGARI ba="1,0" hai="63,64,68,69,71,89,92,98,99,102,105" m="51785" machi="92" ten="30,1000,0" yaku="20,1" doraHai="120" who="2" fromWho="3" sc="90,0,380,0,320,13,210,-13" /><INIT seed="2,0,0,2,4,13" ten="90,380,333,197" oya="2" hai0="9,120,67,125,112,102,27,90,28,89,59,72,26" hai1="87,82,37,83,106,30,93,6,100,119,80,49,44" hai2="105,133,17,7,53,42,31,35,0,77,71,107,38" hai3="34,22,43,122,16,11,116,117,63,51,19,55,74"/><V91/><F71/><W23/><G122/><T2/><D72/><U129/><E37/><V115/><F115/><W8/><G74/><T36/><D112/><U3/><E30/><V15/><F133/><W54/><G43/><T75/><D75/><U109/><E119/><V61/><F77/><W14/><G63/><T132/><D36/><U10/><E109/><V65/><F91/><W41/><G41/><T68/><D120/><U78/><E106/><V47/><F53/><W135/><G135/><T97/><D125/><U48/><E129/><V103/><F103/><W52/><G34/><T40/><D40/><U113/><E113/><V114/><F114/><W20/><G51/><T56/><D132/><U62/><E62/><V70/><F17/><N who="3" m="6731" /><G14/><T69/><D69/><U39/><E49/><V46/><F46/><W127/><G127/><T24/><D68/><U134/><E48/><V95/><F15/><W76/><G76/><T85/><D28/><U25/><E134/><V33/><F33/><W12/><G12/><T128/><D128/><U99/><E78/><V111/><F35/><W66/><G66/><T96/><D67/><U92/><E39/><V79/><F79/><W1/><G1/><T60/><D2/><U29/><E3/><V130/><F0/><W50/><G50/><T94/><D9/><AGARI ba="0,0" hai="8,9,11,20,22,23,52,54,55,116,117" m="6731" machi="9" ten="40,12000,2" yaku="28,2,52,3,54,2" doraHai="13" who="3" fromWho="0" sc="90,-120,380,0,333,0,197,120" owari="-30,-53.0,380,48.0,333,13.0,317,-8.0" /></mjloggm>