<mjloggm ver="2.3"><GO type="169" lobby="0"/><UN n0="%E3%82%A6%E3%83%AB%E3%83%88%E3%83%A9%E7%AB%8B%E7%9B%B4" n1="%E7%AB%8B%E8%8F%AF%E5%A5%8F" n2="%E5%AE%8C%E5%85%A8%E7%84%A1%E6%95%B5%E5%B0%91%E5%A5%B3%44%58" n3="%E3%82%AF%E3%83%AD%E3%83%8E%E3%82%B9%40" dan="17,16,17,18" rate="2157.91,2137.66,2172.39,2195.57" sx="M,F,M,M"/><TAIKYOKU oya="0"/><INIT seed="0,0,0,3,5,88" ten="250,250,250,250" oya="0" hai0="127,27,80,52,60,84,116,55,81,77,113,102,62" hai1="26,10,8,12,78,21,39,112,36,130,11,66,110" hai2="43,126,3,131,101,56,0,68,37,6,91,109,74" hai3="18,95,103,1,73,33,30,69,53,29,2,124,79"/><T25/><D127/><U122/><E110/><V105/><F56/><W132/><G69/><T40/><D116/><U42/><E122/><V14/><F14/><W61/><G124/><T107/><D113/><U70/><E130/><V71/><F91/><W93/><G103/><T59/><D40/><U89/><E112/><V38/><F126/><W98/><G98/><T108/><D108/><U82/><E42/><V129/><F74/><W23/><G132/><T83/><D102/><U63/><E12/><V46/><F109/><W16/><G33/><T47/><D107/><U133/><E133/><V45/><F101/><W90/><G73/><T135/><D135/><U35/><E35/><V31/><F31/><N who="3" m="11787" /><G79/><T34/><D34/><U134/><E134/><V121/><F105/><W128/><G128/><N who="2" m="49225" /><F121/><W123/><G123/><T65/><D77/><U28/><REACH who="1" step="1"/><E89/><REACH who="1" ten="250,240,250,250" step="2"/><V64/><F3/><W106/><G1/><T104/><D104/><U50/><E50/><V48/><F38/><W100/><G2/><T17/><D27/><U7/><E7/><V86/><F6/><W9/><G106/><T97/><D25/><U92/><E92/><N who="3" m="35402" /><G90/><T87/><D81/><U118/><E118/><V49/><F0/><W94/><G100/><T115/><D83/><U111/><E111/><V125/><F125/><W41/><G41/><T99/><D80/><U117/><E117/><V85/><F37/><W15/><N who="3" m="35410" /><W5/><DORA hai="119" /><G23/><T51/><D115/><U4/><E4/><V72/><F43/><W57/><AGARI ba="0,1" hai="5,9,15,16,18,53,57,61" m="35410,11787" machi="57" ten="40,12000,2" yaku="8,1,52,4,54,1" doraHai="88,119" who="3" fromWho="3" sc="250,-60,240,-30,250,-30,250,130" /><INIT seed="1,0,0,1,2,19" ten="190,210,220,380" oya="1" hai0="80,36,58,50,9,126,41,14,114,117,37,87,5" hai1="124,95,11,57,121,99,18,123,26,7,30,133,49" hai2="76,60,3,16,32,116,103,96,20,106,8,39,13" hai3="21,127,65,55,134,27,122,44,84,6,113,93,110"/><U53/><E124/><V10/><F116/><W100/><G122/><T83/><D117/><U71/><E71/><V48/><F39/><W105/><G113/><T72/><D114/><U75/><E75/><V17/><F32/><W101/><G105/><T2/><D126/><U120/><E18/><V88/><F76/><W129/><G127/><T82/><D72/><U29/><E133/><V63/><F48/><N who="3" m="29063" /><G110/><T28/><D2/><U94/><E99/><V104/><F104/><W24/><G24/><T47/><D28/><U46/><E46/><V23/><F88/><N who="3" m="53383" /><G129/><T43/><D43/><U132/><E132/><V131/><F131/><W42/><G42/><T74/><D74/><U52/><E53/><V115/><F115/><W1/><G1/><T51/><D37/><U130/><E130/><V73/><F73/><W64/><G6/><T38/><D36/><U34/><REACH who="1" step="1"/><E30/><REACH who="1" ten="190,200,220,380" step="2"/><V107/><F107/><W81/><G134/><T102/><D38/><U69/><E69/><V128/><F128/><W89/><G65/><T45/><D47/><U79/><E79/><V15/><F3/><AGARI ba="0,1" hai="3,7,11,26,29,34,49,52,57,94,95,120,121,123" machi="3" ten="40,12000,1" yaku="1,1,54,1,53,2" doraHai="19" doraHaiUra="90" who="1" fromWho="2" sc="190,0,200,130,220,-120,380,0" /><INIT seed="1,1,0,3,2,1" ten="190,330,100,380" oya="1" hai0="105,109,26,79,67,47,33,60,31,77,30,50,133" hai1="120,103,53,90,122,132,121,81,43,17,91,54,117" hai2="65,35,98,112,86,74,16,40,76,27,57,23,7" hai3="6,4,73,29,127,126,68,49,130,115,116,82,107"/><U41/><E117/><V25/><F112/><W69/><G107/><T10/><D109/><U63/><E103/><V48/><F74/><W59/><G115/><T104/><D133/><U123/><E132/><V2/><F98/><W9/><G116/><T62/><D62/><U14/><N who="1" m="30720" /><DORA hai="119" /><U19/><E63/><V0/><F65/><W51/><G130/><T42/><D31/><U95/><E81/><V111/><F111/><W89/><G29/><T70/><D104/><U100/><E100/><V64/><F64/><W44/><G59/><T18/><D105/><U55/><E14/><V110/><F110/><W97/><G97/><T72/><D72/><U101/><E101/><V75/><F75/><W24/><G24/><T131/><D131/><U11/><E11/><V71/><F2/><W92/><G92/><T28/><D28/><U88/><E95/><V15/><F0/><W36/><G9/><T20/><D10/><U87/><E87/><V38/><F71/><W8/><G8/><T78/><REACH who="0" step="1"/><D18/><AGARI ba="1,0" hai="17,18,19,41,43,53,54,55,88,90,91" m="30720" machi="18" ten="80,36000,4" yaku="29,2,28,2,26,2,52,4,54,1" doraHai="1,119" who="1" fromWho="0" sc="190,-363,330,363,100,0,380,0" owari="-173,-67.0,693,79.0,100,-30.0,380,18.0" /></mjloggm>