<mjloggm ver="2.3"><GO type="169" lobby="0"/><UN n0="%E8%A3%95%E7%BE%8E%E5%AD%90" n1="%61%69%73%79%6F" n2="%E3%82%A6%E3%83%AB%E3%83%88%E3%83%A9%E7%AB%8B%E7%9B%B4" n3="%E3%83%8A%E3%82%AC%E3%83%A4%E3%83%9E" dan="16,16,17,16" rate="2169.70,2191.63,2152.01,2045.91" sx="F,M,M,M"/><TAIKYOKU oya="0"/><INIT seed="0,0,0,2,3,41" ten="250,250,250,250" oya="0" hai0="27,116,42,63,94,6,115,58,34,17,122,70,128" hai1="90,14,92,84,101,25,29,40,35,104,48,61,109" hai2="123,117,127,98,32,110,74,12,125,7,31,0,47" hai3="126,15,28,121,130,108,53,39,93,91,75,71,22"/><T106/><D122/><U49/><E109/><V19/><F123/><W11/><G71/><T114/><D106/><U89/><E104/><V68/><F68/><W119/><G75/><T83/><D116/><U54/><E101/><V77/><F98/><W73/><G73/><T55/><D128/><U50/><E14/><V118/><F77/><W18/><G119/><N who="2" m="45577" /><F74/><W45/><G121/><T76/><D6/><U87/><E61/><V79/><F79/><W8/><G108/><T37/><D94/><U20/><E35/><V66/><F66/><W105/><G105/><T120/><D120/><U131/><E40/><V86/><F86/><W81/><G130/><T33/><D70/><U107/><E107/><V3/><F47/><W9/><G126/><N who="2" m="48137" /><F7/><W85/><G39/><T1/><D83/><N who="1" m="49311" /><E131/><V112/><F112/><W23/><G93/><T102/><D76/><U129/><E129/><V59/><F59/><AGARI ba="0,0" hai="20,25,29,48,49,50,54,59,87,90,92" m="49311" machi="59" ten="30,1000,0" yaku="8,1" doraHai="41" who="1" fromWho="2" sc="250,0,250,10,250,-10,250,0" /><INIT seed="1,0,0,1,1,35" ten="250,260,240,250" oya="1" hai0="128,100,2,23,115,5,92,40,101,67,68,116,89" hai1="48,45,85,3,73,75,97,78,112,56,7,43,38" hai2="47,20,119,55,118,131,29,27,6,37,39,26,80" hai3="125,117,46,42,28,111,74,17,69,129,109,33,110"/><U121/><E112/><V102/><F131/><W98/><G74/><T104/><D128/><U93/><E121/><V30/><F102/><W82/><G69/><T87/><D116/><U12/><E12/><V124/><F124/><W79/><G117/><T21/><D40/><U72/><E85/><V127/><F127/><W62/><G125/><T58/><D68/><U60/><E48/><V10/><F80/><W65/><G129/><T1/><D115/><U126/><E126/><V122/><F122/><W96/><G17/><T123/><D5/><U88/><E78/><V44/><F55/><W52/><G28/><T59/><D123/><U133/><E133/><V14/><F119/><W83/><G33/><T36/><D36/><U77/><E77/><V94/><F94/><W19/><G19/><T25/><D23/><U61/><REACH who="1" step="1"/><E56/><REACH who="1" ten="250,250,240,250" step="2"/><V9/><F118/><W64/><G79/><T90/><D59/><U31/><E31/><V130/><F130/><W76/><G76/><T4/><D104/><U103/><E103/><V91/><F39/><N who="3" m="21855" /><G98/><T0/><D89/><U106/><E106/><V57/><F91/><W18/><G96/><T22/><D100/><U13/><E13/><N who="2" m="5303" /><F37/><W49/><G49/><T99/><D99/><U63/><E63/><V11/><F57/><N who="3" m="35111" /><G18/><T34/><D101/><U24/><E24/><V135/><F27/><W53/><G110/><T81/><D25/><U114/><E114/><V54/><F29/><W134/><G111/><T66/><D34/><U15/><E15/><V107/><F14/><W50/><G109/><T41/><D87/><U8/><AGARI ba="0,1" hai="3,7,8,38,43,45,60,61,72,73,75,88,93,97" machi="8" ten="40,12000,1" yaku="1,1,5,1,0,1,52,1,54,1,53,0" doraHai="35" doraHaiUra="120" who="1" fromWho="1" sc="250,-40,250,130,240,-40,250,-40" /><INIT seed="1,1,0,1,1,6" ten="210,380,200,210" oya="1" hai0="9,128,98,43,31,101,50,49,8,17,84,115,51" hai1="92,7,32,130,132,35,121,27,85,78,123,38,1" hai2="67,48,73,88,4,33,126,10,112,45,100,117,5" hai3="106,87,58,129,72,120,55,70,44,2,14,69,23"/><U54/><E38/><V86/><F33/><W11/><G72/><T99/><D128/><U95/><E7/><V28/><F117/><W131/><G120/><T103/><D115/><U46/><E46/><V119/><F112/><W57/><G106/><T104/><D31/><U105/><E27/><V16/><F119/><W12/><G44/><T68/><D68/><N who="3" m="26217" /><G87/><T37/><D84/><U3/><E54/><N who="2" m="29967" /><F73/><W113/><G113/><T82/><D82/><U77/><E85/><V134/><F134/><W64/><G64/><T66/><D66/><U52/><E52/><V94/><F126/><W111/><G111/><T83/><D83/><U114/><E114/><V102/><F28/><W61/><G23/><T71/><D71/><U26/><E26/><V125/><F125/><W30/><G30/><T107/><D43/><U118/><E118/><V22/><F67/><N who="3" m="39343" /><G2/><T93/><D37/><U29/><E29/><V19/><F19/><W59/><G11/><T124/><D124/><U42/><E105/><V18/><F18/><W97/><G97/><T63/><D17/><U65/><E65/><V47/><F47/><W56/><G55/><T122/><D122/><U75/><E75/><V89/><F89/><W39/><G39/><T80/><D80/><U36/><E36/><V62/><F62/><W20/><G20/><T108/><D108/><U81/><E121/><V110/><F110/><W24/><G24/><T0/><D0/><U96/><E3/><N who="2" m="287" /><F5/><W133/><G133/><T135/><D135/><U74/><E132/><V25/><F25/><W76/><G76/><N who="1" m="29290" /><E123/><V91/><F91/><RYUUKYOKU ba="1,0" sc="210,-15,380,-15,200,15,210,15" hai2="16,22,86,88,94,100,102" hai3="12,14,56,58,59,129,131" /><INIT seed="2,2,0,3,4,91" ten="195,365,215,225" oya="2" hai0="93,78,90,44,60,13,87,49,99,16,6,88,119" hai1="98,113,125,48,83,132,102,3,43,68,86,29,127" hai2="17,40,81,95,4,134,72,130,58,124,20,22,50" hai3="122,2,30,8,111,80,14,59,74,27,0,70,62"/><V71/><F71/><W56/><G122/><T92/><D119/><U116/><E68/><V36/><F124/><N who="1" m="47689" /><E3/><V18/><F130/><W24/><G70/><T66/><D6/><U100/><E29/><V10/><F134/><W65/><G111/><T15/><D78/><U39/><E39/><V5/><F36/><W42/><G42/><N who="0" m="24727" /><D16/><N who="2" m="6250" /><F72/><W97/><G56/><AGARI ba="2,0" hai="13,15,56,60,66,87,88,90,92,93,99" m="24727" machi="56" ten="30,7700,0" yaku="8,1,52,2,54,1" doraHai="91" who="0" fromWho="3" sc="195,83,365,0,215,0,225,-83" /><INIT seed="3,0,0,0,2,49" ten="278,365,215,142" oya="3" hai0="68,58,102,85,88,7,10,75,52,81,6,115,48" hai1="64,8,94,119,51,132,4,104,31,19,23,127,0" hai2="9,105,13,54,87,124,107,78,60,61,14,109,120" hai3="97,46,32,99,95,35,21,73,69,117,29,98,28"/><W110/><G117/><T57/><D68/><U17/><E104/><V18/><F109/><W130/><G73/><T42/><D115/><U1/><E64/><V44/><F124/><W116/><G69/><T72/><D42/><U63/><E63/><V59/><F120/><W90/><G116/><T80/><D102/><U41/><E41/><V65/><F44/><W89/><G110/><T134/><D134/><U27/><E51/><V82/><REACH who="2" step="1"/><F14/><REACH who="2" ten="278,365,205,142" step="2"/><W125/><G125/><T47/><D75/><U131/><E127/><V135/><F135/><W55/><G130/><T50/><D72/><U38/><E131/><V71/><AGARI ba="0,1" hai="9,13,18,54,59,60,61,65,71,78,82,87,105,107" machi="71" ten="20,5200,0" yaku="1,1,0,1,7,1,52,1,53,0" doraHai="49" doraHaiUra="122" who="2" fromWho="2" sc="278,-13,365,-13,205,62,142,-26" /><INIT seed="4,0,0,2,0,26" ten="265,352,267,116" oya="0" hai0="69,116,101,124,50,15,135,128,64,5,93,31,103" hai1="83,131,82,61,121,108,97,45,85,81,110,37,89" hai2="74,102,21,70,133,100,130,46,8,2,107,58,12" hai3="33,111,87,17,71,123,62,39,27,60,72,35,73"/><T90/><D116/><U91/><E121/><V109/><F70/><W29/><G111/><T7/><D128/><U134/><E131/><V0/><F109/><W13/><G123/><T16/><D135/><U49/><E37/><V59/><F130/><W66/><G35/><T1/><D1/><U57/><E134/><V125/><F133/><W106/><G39/><T86/><D124/><U132/><E132/><V118/><F74/><W88/><G60/><T25/><D64/><U67/><E97/><V28/><F125/><W114/><G106/><T19/><D50/><U23/><E23/><V95/><F107/><W40/><G40/><T18/><D69/><U119/><E119/><V30/><F21/><W96/><G96/><T129/><D129/><U52/><E83/><V47/><F118/><W65/><G65/><T84/><D84/><AGARI ba="0,0" hai="45,49,52,57,61,67,81,82,84,85,89,91,108,110" machi="84" ten="40,2600,0" yaku="9,1,54,1" doraHai="26" who="1" fromWho="0" sc="265,-26,352,26,267,0,116,0" /><INIT seed="5,0,0,4,0,4" ten="239,378,267,116" oya="1" hai0="118,125,36,39,52,8,69,24,34,57,61,63,42" hai1="2,22,49,38,127,98,23,120,21,35,81,102,12" hai2="96,110,95,37,130,65,76,77,62,113,133,109,1" hai3="132,27,64,106,80,9,40,7,67,93,73,47,91"/><U131/><E38/><N who="0" m="14377" /><D34/><U70/><E70/><V97/><F37/><W116/><G106/><T58/><D24/><U72/><E35/><V103/><F1/><W48/><G116/><T78/><D78/><N who="2" m="30314" /><F62/><W19/><G132/><T117/><D8/><U104/><E81/><V25/><F65/><W114/><G114/><T55/><D125/><U33/><E33/><V85/><F25/><W0/><G80/><T89/><D89/><U105/><E72/><V3/><F3/><W6/><G73/><T84/><D84/><U108/><E127/><V99/><F133/><W46/><G46/><T121/><D42/><U135/><E135/><V100/><F130/><W41/><G41/><T115/><D115/><U44/><E131/><V32/><F32/><W71/><G7/><T17/><D17/><U107/><E21/><V53/><F113/><W13/><G27/><T74/><D74/><U83/><E23/><V128/><F128/><W82/><G82/><T66/><D121/><U59/><E22/><V124/><F124/><W31/><G31/><T126/><D126/><U87/><E120/><V75/><F75/><W68/><G68/><T54/><D54/><U16/><E2/><V123/><F123/><W86/><REACH who="3" step="1"/><G71/><REACH who="3" ten="239,378,267,106" step="2"/><T92/><D92/><U134/><E105/><V122/><F122/><W56/><G56/><T29/><D29/><U94/><E104/><V111/><F111/><W119/><G119/><T45/><D45/><U15/><E108/><V18/><F110/><W5/><G5/><T50/><AGARI ba="0,1" hai="50,52,55,57,58,61,63,66,69,117,118" m="14377" machi="50" ten="30,4000,0" yaku="34,2,54,1" doraHai="4" who="0" fromWho="0" sc="239,50,378,-20,267,-10,106,-10" /><INIT seed="6,0,0,0,4,22" ten="289,358,257,96" oya="2" hai0="105,82,104,48,36,79,84,81,61,65,39,97,30" hai1="35,50,33,54,76,99,70,119,87,44,58,0,120" hai2="8,12,9,43,123,118,2,24,121,57,77,88,62" hai3="133,42,6,114,55,103,19,116,21,93,110,71,125"/><V3/><F77/><W92/><G110/><T109/><D109/><U126/><E70/><V112/><F43/><W45/><G116/><T107/><D97/><U78/><E0/><V86/><F118/><W53/><G71/><T60/><D48/><U113/><E113/><V72/><F72/><W127/><G114/><T14/><D14/><U47/><E126/><N who="3" m="48138" /><G133/><T51/><D51/><U25/><E25/><V64/><F112/><W34/><G34/><T38/><D65/><U17/><E33/><V106/><F106/><W131/><G6/><T37/><N who="0" m="9216" /><DORA hai="135" /><T27/><REACH who="0" step="1"/><D82/><REACH who="0" ten="279,358,257,96" step="2"/><U90/><E50/><V31/><F3/><W102/><G131/><T100/><D100/><N who="3" m="38441" /><G42/><T10/><D10/><U95/><E119/><V134/><F9/><W11/><G11/><T69/><D69/><U74/><E120/><V1/><F134/><W29/><G29/><T56/><D56/><U5/><E58/><V132/><F132/><W89/><G45/><T4/><D4/><U85/><E47/><V122/><F122/><W94/><G89/><T130/><D130/><U115/><E90/><V46/><F46/><W67/><G67/><T68/><D68/><U75/><E44/><V98/><F123/><W7/><G7/><T101/><D101/><U124/><E115/><V91/><F121/><W28/><G28/><T66/><D66/><U83/><E124/><V111/><F111/><W20/><G20/><AGARI ba="0,1" hai="20,27,30,60,61,79,81,84,104,105,107" m="9216" machi="20" ten="70,8000,1" yaku="1,1,52,1,53,2" doraHai="22,135" doraHaiUra="40,59" who="0" fromWho="3" sc="279,90,358,0,257,0,96,-80" /><INIT seed="7,0,0,2,0,44" ten="369,358,257,16" oya="3" hai0="128,78,70,60,108,43,83,109,5,26,101,68,107" hai1="51,19,52,75,74,97,40,88,91,48,10,73,1" hai2="66,64,61,125,4,2,104,63,38,14,47,57,116" hai3="55,92,3,117,12,89,126,59,103,25,112,98,6"/><W24/><G117/><T22/><D43/><U34/><E34/><V114/><F104/><W62/><G112/><T20/><D5/><U100/><E40/><V36/><F2/><W80/><G126/><T32/><D128/><U132/><E51/><V0/><F0/><W30/><G3/><T16/><D70/><U124/><E124/><V37/><F14/><W11/><REACH who="3" step="1"/><G30/><REACH who="3" ten="369,358,257,6" step="2"/><N who="0" m="19543" /><D108/><U93/><E1/><V115/><F125/><W39/><G39/><T102/><D109/><U35/><E132/><V46/><F116/><W29/><G29/><T123/><D123/><U45/><E35/><V53/><F115/><W95/><G95/><T9/><D107/><U56/><E93/><V79/><F114/><W84/><AGARI ba="0,1" hai="6,11,12,24,25,55,59,62,80,84,89,92,98,103" machi="84" ten="30,6000,0" yaku="1,1,0,1,8,1,53,0" doraHai="44" doraHaiUra="134" who="3" fromWho="3" sc="369,-20,358,-20,257,-20,6,70" /><INIT seed="7,1,0,3,2,116" ten="349,338,237,76" oya="3" hai0="60,22,46,131,36,104,112,34,129,40,39,81,19" hai1="6,49,32,97,16,80,68,70,26,43,17,18,71" hai2="65,73,122,35,24,0,132,134,101,12,66,95,88" hai3="109,127,63,55,118,44,86,119,30,67,85,54,3"/><W25/><G3/><T82/><D34/><U120/><E120/><V15/><F73/><W64/><G127/><T47/><D104/><U126/><E126/><V91/><F101/><W53/><G109/><T75/><D60/><U59/><E6/><V20/><F35/><W108/><G108/><T114/><D75/><U5/><E5/><V77/><F77/><W135/><G135/><N who="2" m="51753" /><F0/><W41/><G119/><T2/><D2/><U29/><E80/><N who="0" m="30825" /><D46/><U48/><E43/><V110/><F110/><W56/><G67/><T52/><D52/><U72/><E72/><V121/><F65/><W83/><G118/><T94/><D39/><U78/><E78/><V9/><F66/><W4/><G4/><T61/><D94/><U69/><E69/><V8/><F91/><W133/><G133/><T90/><D90/><U62/><REACH who="1" step="1"/><E97/><REACH who="1" ten="349,328,237,76" step="2"/><N who="2" m="57575" /><F9/><W27/><G83/><T93/><D114/><U124/><E124/><V42/><F42/><W76/><G76/><T105/><D112/><U31/><E31/><N who="2" m="17799" /><F8/><W51/><REACH who="3" step="1"/><G25/><REACH who="3" ten="349,328,237,66" step="2"/><T28/><D129/><U79/><E79/><V37/><F37/><W1/><G1/><T45/><D36/><U107/><E107/><V74/><F74/><W11/><G11/><T14/><D105/><U38/><E38/><V21/><F15/><W13/><G13/><T130/><D14/><U111/><E111/><V100/><F100/><W103/><G103/><T33/><D131/><U10/><E10/><V113/><F113/><W106/><G106/><T125/><D130/><U128/><E128/><V115/><F115/><W89/><G89/><T7/><D125/><RYUUKYOKU ba="1,2" sc="349,-30,328,10,237,10,66,10" hai1="16,17,18,26,29,32,48,49,59,62,68,70,71" hai2="12,21,121,122" hai3="27,30,41,44,51,53,54,55,56,63,64,85,86" /><INIT seed="7,2,2,0,5,105" ten="319,338,247,76" oya="3" hai0="74,103,75,11,134,36,117,8,47,109,7,126,128" hai1="62,24,35,82,85,57,90,102,13,72,50,43,68" hai2="91,79,16,83,2,60,119,30,40,27,26,59,123" hai3="55,78,96,1,10,76,118,21,53,94,86,33,12"/><W132/><G33/><T61/><D117/><U115/><E72/><V131/><F119/><W34/><G34/><T124/><D109/><U107/><E115/><V46/><F2/><W114/><G118/><T45/><D128/><U3/><E3/><V54/><F131/><W99/><G114/><T56/><D103/><U73/><E73/><N who="0" m="27657" /><D134/><U9/><E68/><V70/><F70/><W108/><G132/><T120/><D120/><U38/><E38/><V100/><F100/><W44/><G108/><T65/><D36/><U93/><E107/><V112/><F112/><W64/><G64/><T110/><D110/><U116/><E116/><V135/><F135/><W18/><G96/><T88/><D88/><U19/><E19/><V125/><F125/><N who="0" m="48234" /><D8/><U23/><E35/><V63/><F91/><N who="3" m="55775" /><G1/><AGARI ba="2,2" hai="1,7,11,45,47,56,61,65" m="48234,27657" machi="1" ten="30,7700,0" yaku="18,1,52,3" doraHai="105" who="0" fromWho="3" sc="319,103,338,0,247,0,76,-83" owari="422,52.0,338,14.0,247,-15.0,-7,-51.0" /></mjloggm>