<mjloggm ver="2.3"><GO type="41" lobby="0"/><UN n0="%6B%61%7A%75%62%6F%62%7A" n1="%79%75%6B%69%31%32%31%33" n2="%E5%B0%B1%E6%B4%BB%E7%94%9F%40%E5%B7%9D%E6%9D%91%E8%BB%8D%E5%9B%A3" n3="%73%68%69%67%65%74%69%6F" dan="15,15,17,14" rate="2051.54,2034.42,2127.64,1920.31" sx="M,F,M,M"/><TAIKYOKU oya="0"/><INIT seed="0,0,0,2,5,61" ten="250,250,250,250" oya="0" hai0="125,133,113,91,77,112,132,129,39,69,3,1,89" hai1="41,135,5,90,17,31,10,51,128,100,42,131,73" hai2="88,60,15,40,103,101,86,84,45,2,93,114,81" hai3="33,4,65,22,85,124,16,87,63,104,108,74,68"/><T56/><D69/><U11/><E73/><V8/><F2/><N who="0" m="522" /><D56/><U18/><E100/><V57/><F114/><N who="0" m="44138" /><D77/><U109/><E90/><N who="0" m="34313" /><D39/><U116/><E51/><N who="2" m="27047" /><F84/><W118/><G74/><T36/><D36/><U79/><E79/><V14/><F81/><W126/><G33/><T66/><D129/><U35/><E35/><V59/><F59/><W115/><G115/><T48/><D48/><U24/><E128/><V62/><F62/><W122/><G68/><T134/><D125/><U49/><E49/><V127/><F127/><W38/><G38/><T83/><D83/><U121/><E42/><V58/><F58/><W97/><G126/><T76/><D76/><U34/><E41/><V120/><F120/><W28/><G63/><T96/><D96/><U6/><E121/><V130/><F130/><W71/><G71/><T95/><D95/><U107/><E131/><V12/><F8/><W32/><G122/><T72/><D72/><U52/><E11/><V44/><F44/><W19/><G124/><T7/><D7/><U43/><E10/><V102/><F102/><W46/><G97/><T111/><D111/><U25/><E109/><V82/><F82/><W75/><G108/><T23/><D23/><U110/><E110/><V99/><F99/><W21/><G75/><T20/><D20/><U55/><E5/><V9/><F9/><W123/><G4/><T13/><D13/><N who="2" m="3330" /><V119/><DORA hai="105" /><F119/><W30/><G118/><T37/><D37/><U54/><E116/><V67/><AGARI ba="0,0" hai="57,60,67,86,88,93,101,103" m="3330,27047" machi="67" ten="30,4000,0" yaku="8,1,52,1,54,1" doraHai="61,105" who="2" fromWho="2" sc="250,-20,250,-10,250,40,250,-10" /><INIT seed="1,0,0,3,4,109" ten="230,240,290,240" oya="1" hai0="117,83,115,129,70,60,119,92,59,48,86,76,1" hai1="38,116,94,39,132,122,19,113,34,108,53,121,30" hai2="43,84,133,50,42,56,88,72,47,3,5,101,17" hai3="28,11,64,81,66,57,44,105,58,65,6,46,106"/><U24/><E116/><V8/><F72/><W74/><G28/><T95/><D70/><U29/><E108/><V13/><F133/><W68/><G68/><T100/><D1/><U0/><E94/><V130/><F130/><W114/><G114/><T7/><D7/><U16/><E53/><V128/><F128/><W124/><G124/><T10/><D10/><U21/><E132/><V32/><F32/><W49/><G74/><T62/><D48/><U127/><E127/><V14/><F101/><W110/><G110/><T52/><D129/><U31/><E0/><V9/><F56/><W123/><G123/><N who="1" m="47114" /><E39/><V71/><F71/><W12/><G81/><T4/><D4/><U135/><E38/><V36/><F36/><W51/><G105/><T107/><D62/><U99/><E99/><V134/><F134/><W40/><REACH who="3" step="1"/><G106/><REACH who="3" ten="230,240,290,230" step="2"/><T96/><D115/><U79/><E135/><V27/><F3/><W20/><G20/><T69/><D69/><U33/><E113/><V118/><F118/><W98/><G98/><T22/><D22/><N who="1" m="13383" /><E79/><V45/><F42/><AGARI ba="0,1" hai="6,11,12,40,42,44,46,49,51,57,58,64,65,66" machi="42" ten="40,5200,0" yaku="1,1,9,1,8,1,53,0" doraHai="109" doraHaiUra="73" who="3" fromWho="2" sc="230,0,240,0,290,-52,230,62" /><INIT seed="2,0,0,4,1,122" ten="230,240,238,292" oya="2" hai0="109,36,76,51,9,19,26,127,38,27,101,88,22" hai1="31,50,5,0,91,67,132,64,135,2,1,95,29" hai2="107,23,77,86,60,120,17,105,58,103,97,66,79" hai3="110,81,80,70,13,124,131,44,8,72,94,59,46"/><V89/><F120/><W45/><G70/><T128/><D127/><U87/><E50/><V14/><REACH who="2" step="1"/><F107/><REACH who="2" ten="230,240,228,292" step="2"/><W62/><G124/><T56/><D128/><U85/><E5/><V4/><F4/><W12/><G131/><T53/><D38/><U34/><E34/><V42/><F42/><W32/><G32/><T30/><D36/><U39/><E39/><V71/><F71/><W111/><G72/><T52/><D101/><U75/><E75/><V41/><F41/><W7/><G94/><AGARI ba="0,1" hai="14,17,23,58,60,66,77,79,86,89,94,97,103,105" machi="94" ten="30,2900,0" yaku="1,1,7,1,53,0" doraHai="122" doraHaiUra="108" who="2" fromWho="3" sc="230,0,240,0,228,39,292,-29" /><INIT seed="2,1,0,3,2,19" ten="230,240,267,263" oya="2" hai0="127,10,2,69,64,48,81,109,27,71,79,17,34" hai1="62,90,116,55,39,74,77,24,123,11,120,100,78" hai2="97,87,61,119,16,92,52,21,132,80,63,56,86" hai3="25,5,96,14,32,66,28,82,36,101,84,98,58"/><V49/><F119/><W108/><G36/><T70/><D109/><U60/><E39/><V112/><F112/><W6/><G108/><T44/><D127/><U20/><E100/><N who="2" m="60455" /><F132/><W9/><G6/><T129/><D129/><U68/><E11/><V75/><F75/><W3/><G66/><T12/><D64/><U76/><E90/><N who="2" m="51527" /><F87/><W30/><G30/><T117/><D117/><U135/><E135/><V102/><F102/><W65/><G3/><T99/><D99/><U105/><E105/><V8/><F8/><W126/><G126/><T59/><D59/><N who="1" m="34943" /><E116/><V31/><F31/><W89/><G101/><T88/><D2/><U128/><E128/><V45/><F45/><W107/><G107/><T51/><D79/><U95/><E95/><V41/><F41/><W72/><G72/><T43/><D51/><U23/><E24/><AGARI ba="1,0" hai="16,21,24,49,52,56,61,63" m="51527,60455" machi="24" ten="30,11600,0" yaku="8,1,52,1,54,2" doraHai="19" who="2" fromWho="1" sc="230,0,240,-119,267,119,263,0" /><INIT seed="2,2,0,3,3,92" ten="230,121,386,263" oya="2" hai0="62,135,8,66,41,102,90,97,27,21,30,132,53" hai1="26,134,98,117,9,56,131,122,12,44,19,13,37" hai2="96,116,39,119,64,32,43,10,85,130,63,77,47" hai3="118,50,28,48,83,14,95,45,99,79,25,54,120"/><V5/><F32/><W1/><G118/><T128/><D41/><U75/><E117/><V24/><F130/><W2/><G120/><T108/><D128/><U49/><E75/><V70/><F24/><W15/><G2/><T57/><D108/><U7/><E122/><V61/><F61/><W123/><G1/><T112/><D112/><U101/><E134/><N who="0" m="51241" /><D8/><U3/><E131/><V52/><F52/><W94/><G94/><N who="0" m="58679" /><D90/><U113/><E113/><V68/><F68/><W4/><G4/><T40/><D40/><U72/><E72/><V73/><F85/><W87/><G50/><T67/><AGARI ba="2,0" hai="21,27,30,53,57,62,66,67" m="58679,51241" machi="67" ten="30,2000,0" yaku="20,1,52,1" doraHai="92" who="0" fromWho="0" sc="230,26,121,-7,386,-12,263,-7" /><INIT seed="3,0,0,5,4,121" ten="256,114,374,256" oya="3" hai0="61,48,102,25,81,57,129,96,63,130,62,47,103" hai1="68,40,29,83,116,64,90,35,105,95,13,10,133" hai2="54,19,16,73,2,109,51,28,17,134,94,123,27" hai3="89,91,76,38,72,84,14,97,6,52,118,119,65"/><W41/><G65/><T132/><D81/><U5/><E133/><V82/><F109/><W15/><G72/><T32/><D132/><U77/><E116/><V99/><F134/><W43/><G76/><T55/><D25/><U56/><E40/><V125/><F125/><W124/><G124/><T126/><D32/><U26/><E105/><V122/><F2/><W85/><G97/><T74/><D74/><U11/><E11/><V53/><F73/><W128/><G6/><T101/><D126/><U34/><E68/><V98/><F82/><W86/><G38/><T127/><D127/><U30/><E56/><V117/><F117/><W69/><G86/><T3/><D3/><U12/><E12/><V4/><F4/><W42/><G42/><T33/><D33/><U21/><E30/><V87/><F87/><W44/><G69/><T111/><D111/><U93/><E93/><V39/><F39/><W131/><REACH who="3" step="1"/><G44/><REACH who="3" ten="256,114,374,246" step="2"/><T108/><D108/><U60/><E64/><V100/><F99/><W115/><G115/><T75/><D75/><U107/><E107/><V20/><F54/><AGARI ba="0,1" hai="14,15,41,43,52,54,84,85,89,91,118,119,128,131" machi="54" ten="25,9600,0" yaku="1,1,22,2,54,1,53,0" doraHai="121" doraHaiUra="59" who="3" fromWho="2" sc="256,0,114,0,374,-96,246,106" /><INIT seed="3,1,0,3,4,2" ten="256,114,278,352" oya="3" hai0="1,81,71,30,113,68,24,61,46,134,34,82,87" hai1="114,16,95,35,126,23,21,72,49,66,125,57,124" hai2="104,44,3,26,117,74,11,54,31,76,59,118,130" hai3="62,69,40,75,50,128,94,102,129,131,17,85,52"/><W10/><G75/><T5/><D113/><U25/><E72/><V41/><F104/><W33/><G33/><T77/><D134/><U100/><E114/><V83/><F130/><W43/><G69/><T8/><D46/><U32/><E23/><V97/><F97/><W116/><G116/><T135/><D135/><U107/><E107/><V53/><F3/><W133/><G133/><T127/><D127/><U22/><E22/><V111/><F11/><W88/><G62/><T119/><D119/><U89/><E100/><V29/><F111/><W99/><G17/><T12/><D12/><U55/><REACH who="1" step="1"/><E66/><REACH who="1" ten="256,104,278,352" step="2"/><V0/><F117/><W96/><G96/><AGARI ba="1,1" hai="16,21,25,32,35,49,55,57,89,95,96,124,125,126" machi="96" ten="40,8000,1" yaku="1,1,2,1,18,1,54,1,53,1" doraHai="2" doraHaiUra="86" who="1" fromWho="3" sc="256,0,104,93,278,0,352,-83" /><INIT seed="4,0,0,0,2,69" ten="256,197,278,269" oya="0" hai0="83,8,19,82,122,49,10,98,85,64,102,35,43" hai1="80,111,50,55,87,34,95,104,1,93,30,47,17" hai2="28,15,97,113,58,114,90,44,132,75,112,31,59" hai3="107,37,48,126,91,4,9,57,42,32,24,110,3"/><T65/><D122/><U76/><E1/><V125/><F75/><W14/><G91/><T119/><D35/><U52/><E111/><V78/><F78/><W89/><G107/><T66/><D119/><U124/><E104/><V74/><F74/><W129/><G110/><T29/><D29/><U63/><E124/><V121/><F125/><W20/><G126/><T105/><D19/><U39/><E39/><V73/><F73/><W117/><G117/><T103/><D102/><U72/><E72/><V88/><F121/><W68/><G68/><T60/><D60/><U77/><E77/><V18/><F44/><W84/><G37/><T94/><D105/><U134/><E134/><V135/><F58/><W38/><G38/><T7/><D7/><U100/><E100/><V16/><F59/><W86/><G57/><T27/><D27/><U45/><E63/><V40/><F40/><W53/><G53/><T33/><D33/><U62/><E62/><V116/><F18/><W11/><G32/><T6/><D6/><U26/><REACH who="1" step="1"/><E17/><REACH who="1" ten="256,187,278,269" step="2"/><V25/><F116/><W115/><G3/><T21/><D103/><U61/><E61/><V131/><F132/><W99/><G48/><AGARI ba="0,1" hai="26,30,34,45,47,48,50,52,55,76,80,87,93,95" machi="48" ten="40,5200,0" yaku="1,1,9,1,54,1,53,0" doraHai="69" doraHaiUra="13" who="1" fromWho="3" sc="256,0,187,62,278,0,269,-52" /><INIT seed="5,0,0,2,5,84" ten="256,249,278,217" oya="1" hai0="56,131,95,36,5,16,0,32,80,115,100,133,51" hai1="4,104,34,79,72,69,122,58,22,111,7,83,6" hai2="20,15,1,54,88,123,31,78,11,125,132,52,112" hai3="108,105,21,77,26,91,29,66,45,76,39,53,86"/><U65/><E34/><V10/><F123/><W30/><G105/><T109/><D36/><U73/><E122/><V130/><F78/><W40/><G108/><T59/><D109/><U68/><E111/><V127/><F1/><W129/><G66/><T18/><D131/><U102/><E73/><V98/><F130/><W124/><G129/><T135/><D115/><U116/><E116/><V128/><F128/><W44/><G29/><T89/><D32/><U85/><E22/><V49/><F112/><W74/><G74/><T117/><D117/><U38/><E38/><V64/><F64/><W19/><G30/><T134/><D5/><U3/><E3/><V93/><F132/><W12/><G26/><T57/><D0/><U46/><E46/><N who="2" m="27703" /><F54/><W43/><G53/><T14/><D51/><U81/><E102/><V63/><F63/><W126/><G44/><T13/><D100/><U35/><E35/><V113/><F113/><W60/><G40/><T92/><D80/><U24/><E104/><V94/><F94/><W27/><G60/><T9/><D89/><U62/><REACH who="1" step="1"/><E24/><REACH who="1" ten="256,239,278,217" step="2"/><N who="2" m="16775" /><F15/><W67/><G12/><T17/><REACH who="0" step="1"/><D9/><REACH who="0" ten="246,239,278,217" step="2"/><U33/><E33/><V90/><F11/><W28/><G39/><T37/><D37/><U119/><E119/><V107/><F10/><W99/><G45/><T121/><D121/><U47/><E47/><V120/><F120/><W50/><G50/><T2/><D2/><U101/><E101/><N who="2" m="60623" /><F107/><W82/><G43/><T70/><D70/><U71/><E71/><V48/><F127/><W110/><G126/><T118/><D118/><U97/><E97/><RYUUKYOKU ba="0,2" sc="246,15,239,15,278,-15,217,-15" hai0="13,14,16,17,18,56,57,59,92,95,133,134,135" hai1="4,6,7,58,62,65,68,69,72,79,81,83,85" /><INIT seed="5,1,2,0,4,45" ten="261,254,263,202" oya="1" hai0="120,16,72,27,62,47,3,6,126,53,82,135,15" hai1="78,64,14,20,102,26,28,1,75,54,31,43,5" hai2="122,131,7,11,17,34,42,86,71,12,104,25,29" hai3="46,8,133,116,84,87,37,56,33,106,55,109,19"/><U61/><E102/><V101/><F71/><W21/><G109/><T76/><D120/><U93/><E93/><V73/><F73/><W9/><G33/><T77/><D135/><U99/><E99/><V119/><F122/><W117/><G106/><T32/><D126/><U41/><E54/><V23/><F119/><N who="3" m="45643" /><G46/><T103/><D103/><U10/><E31/><V18/><F131/><W127/><G133/><T63/><D77/><U96/><E96/><V85/><F42/><W81/><G127/><T40/><D6/><U35/><E78/><V30/><F30/><W51/><G37/><T98/><D3/><U13/><E13/><V129/><F129/><W113/><G113/><T89/><D27/><U49/><E49/><V50/><F50/><W95/><G95/><T80/><D32/><U67/><E75/><V57/><F57/><W36/><G36/><T24/><D24/><U38/><E38/><V90/><F18/><W121/><G121/><T115/><D115/><U69/><REACH who="1" step="1"/><E67/><REACH who="1" ten="261,244,263,202" step="2"/><V128/><F128/><W60/><G51/><T4/><D53/><U59/><E59/><V68/><F68/><W125/><G87/><T0/><D72/><U107/><E107/><V2/><F90/><N who="3" m="51471" /><G125/><T83/><D76/><U97/><E97/><AGARI ba="1,3" hai="2,7,11,12,17,23,25,29,34,85,86,97,101,104" machi="97" ten="40,2600,0" yaku="24,2" doraHai="45" who="2" fromWho="1" sc="261,0,244,-29,263,59,202,0" /><INIT seed="6,0,0,0,1,27" ten="261,215,322,202" oya="2" hai0="30,127,6,10,11,115,75,105,112,99,62,114,131" hai1="117,20,111,32,66,23,134,67,43,132,25,123,59" hai2="48,92,19,80,16,106,13,34,18,85,9,98,41" hai3="90,74,88,91,125,63,47,14,83,28,96,84,38"/><V55/><F34/><W36/><G74/><T135/><D75/><U12/><E117/><V103/><F41/><W3/><G3/><T21/><D105/><U101/><E111/><V22/><F106/><W97/><G125/><T110/><D99/><U49/><E101/><V68/><F68/><W4/><G38/><T39/><D39/><U78/><E123/><V77/><REACH who="2" step="1"/><F9/><REACH who="2" ten="261,215,312,202" step="2"/><N who="3" m="4391" /><G36/><T2/><D127/><U17/><E43/><V52/><F52/><W71/><G71/><T37/><D37/><U109/><E32/><V53/><F53/><W100/><G100/><T0/><D110/><U86/><E109/><V69/><F69/><W24/><G97/><T40/><D40/><U33/><E33/><V122/><F122/><W81/><G96/><T124/><D124/><U104/><E104/><V42/><F42/><W5/><G83/><T29/><D135/><U26/><E67/><V70/><F70/><W113/><G81/><T57/><D131/><U93/><E66/><V130/><F130/><W65/><G65/><T133/><D133/><U1/><E134/><V108/><F108/><W54/><G54/><T82/><D82/><U79/><E132/><V50/><F50/><W44/><G44/><AGARI ba="0,1" hai="13,16,18,19,22,44,48,55,77,80,85,92,98,103" machi="44" ten="30,12000,1" yaku="1,1,7,1,8,1,54,1,53,1" doraHai="27" doraHaiUra="46" who="2" fromWho="3" sc="261,0,215,0,312,130,202,-120" /><INIT seed="6,1,0,3,4,105" ten="261,215,442,82" oya="2" hai0="111,27,23,57,55,112,129,126,45,123,67,15,124" hai1="17,44,28,135,117,13,86,47,121,63,96,1,66" hai2="125,11,50,39,49,14,18,109,133,127,102,122,134" hai3="62,97,77,74,7,16,4,76,42,85,107,99,32"/><V22/><F39/><W3/><G32/><T69/><D15/><U90/><E1/><V80/><F102/><W106/><G3/><T94/><D23/><U98/><E117/><V5/><F122/><W31/><G62/><T72/><D27/><U40/><E135/><N who="2" m="51723" /><F80/><W51/><G31/><T43/><D94/><U115/><E28/><V37/><F37/><W87/><G51/><N who="2" m="19465" /><F109/><W34/><G34/><T132/><D132/><U48/><E115/><V21/><F5/><W0/><G0/><T54/><D112/><U30/><E30/><V8/><F22/><W61/><G61/><T103/><D111/><U130/><E130/><V64/><F64/><W19/><REACH who="3" step="1"/><G42/><REACH who="3" ten="261,215,442,72" step="2"/><T20/><D43/><U70/><E121/><V38/><F38/><W73/><AGARI ba="1,1" hai="4,7,16,19,73,74,76,77,85,87,97,99,106,107" machi="73" ten="25,16000,3" yaku="1,1,2,1,0,1,22,2,52,2,54,1,53,0" doraHai="105" doraHaiUra="52" who="3" fromWho="3" sc="261,-41,215,-41,442,-81,72,173" /><INIT seed="7,0,0,4,1,75" ten="220,174,361,245" oya="3" hai0="1,91,39,99,87,106,67,22,105,3,46,53,9" hai1="56,89,103,112,95,130,66,128,38,36,2,62,49" hai2="115,24,65,57,30,69,71,131,93,94,86,114,18" hai3="27,14,120,117,13,6,33,111,8,83,123,134,119"/><W52/><G83/><T28/><D67/><U129/><E2/><V90/><F131/><W76/><G76/><T5/><D3/><U109/><E109/><V63/><F18/><W74/><G74/><T41/><D99/><U98/><E112/><N who="2" m="43051" /><F94/><W110/><G52/><T81/><D53/><U12/><E12/><V19/><F19/><W48/><G48/><T92/><D92/><U17/><E17/><V73/><F73/><W20/><G33/><AGARI ba="0,0" hai="24,30,33,57,63,65,69,71,86,90,93" m="43051" machi="33" ten="30,1000,0" yaku="15,1" doraHai="75" who="2" fromWho="3" sc="220,0,174,0,361,10,245,-10" owari="220,-18.0,174,-33.0,371,47.0,235,4.0" /></mjloggm>