<mjloggm ver="2.3"><GO type="225" lobby="0"/><UN n0="%E3%82%81%E3%81%8C%EF%BC%93" n1="%E6%AE%8B%E3%81%A1%E3%82%83%E3%82%93" n2="%E5%B0%B1%E6%B4%BB%E7%94%9F%40%E5%B7%9D%E6%9D%91%E8%BB%8D%E5%9B%A3" n3="%E2%98%86%E9%BB%84%E7%80%AC%E3%82%84%E3%82%88%E3%81%84%E2%98%86" dan="16,17,17,16" rate="2114.86,2062.49,2105.27,2148.43" sx="M,M,M,M"/><TAIKYOKU oya="0"/><INIT seed="0,0,0,1,2,75" ten="250,250,250,250" oya="0" hai0="116,99,40,124,134,46,32,44,106,53,115,88,38" hai1="102,26,27,94,50,18,101,42,114,11,104,48,33" hai2="80,87,20,135,14,65,39,121,71,107,111,76,23" hai3="97,17,112,81,127,66,96,90,108,4,45,49,119"/><T41/><D116/><U37/><E104/><V98/><F121/><W29/><G112/><T30/><D115/><U43/><E114/><V3/><F39/><W16/><G119/><T69/><D69/><U57/><E37/><V82/><F3/><W129/><G108/><T9/><D134/><U62/><E33/><V52/><F111/><W51/><G127/><T8/><D124/><U113/><E113/><V60/><F135/><W10/><G129/><T15/><D53/><U77/><E94/><V72/><F14/><N who="3" m="5447" /><G29/><T91/><D106/><U100/><E11/><V28/><F28/><W78/><G66/><T93/><D91/><U74/><E74/><V25/><F25/><N who="1" m="9225" /><E77/><V24/><F24/><W110/><G110/><T58/><D58/><U36/><E36/><V1/><F1/><W125/><G125/><T85/><D32/><U21/><E21/><V120/><F120/><W117/><G117/><T122/><D30/><U95/><E95/><V63/><F98/><N who="3" m="37995" /><G90/><T103/><D122/><U105/><E105/><V126/><F107/><W123/><G123/><T47/><D38/><U83/><E18/><N who="3" m="7274" /><G45/><T0/><D0/><U86/><E102/><V68/><F126/><W13/><G13/><T35/><D35/><U67/><E101/><V132/><F132/><W6/><G6/><N who="0" m="3479" /><D9/><U118/><E100/><V64/><F72/><W2/><G2/><T31/><D31/><U5/><E5/><V12/><F12/><W34/><G34/><T73/><D73/><U7/><E7/><V56/><F80/><W55/><G55/><T130/><D130/><U89/><E118/><RYUUKYOKU ba="0,0" sc="250,0,250,0,250,0,250,0" hai0="40,41,44,46,47,85,88,93,99,103" hai1="42,43,48,50,57,62,67,83,86,89" hai2="20,23,52,56,60,63,64,65,68,71,76,82,87" hai3="49,51,78,81" /><INIT seed="0,1,0,4,0,18" ten="250,250,250,250" oya="0" hai0="54,75,89,52,19,128,98,107,126,39,134,59,97" hai1="42,46,47,13,31,5,127,120,29,22,87,51,6" hai2="135,10,102,76,61,109,95,90,121,30,111,1,69" hai3="114,67,77,27,112,36,119,73,96,88,91,43,118"/><T131/><D39/><U49/><E120/><V8/><F121/><W0/><G67/><T65/><D75/><U57/><E127/><V64/><F135/><W92/><G0/><T41/><D134/><U81/><E57/><V48/><F1/><W9/><G9/><T113/><D113/><N who="3" m="43625" /><G43/><T84/><D41/><N who="1" m="24783" /><E6/><V116/><F116/><N who="3" m="44587" /><G27/><T93/><D126/><U28/><E5/><V7/><F76/><W17/><G17/><T85/><D107/><U62/><E62/><V56/><F102/><N who="3" m="60679" /><G36/><T16/><D65/><U117/><E117/><V68/><F30/><W74/><G74/><T99/><D54/><U58/><E58/><V12/><F10/><W123/><G123/><T105/><D105/><U11/><E11/><V130/><F130/><N who="0" m="49706" /><D85/><U38/><E38/><V21/><F21/><W33/><G33/><T23/><D23/><U124/><E124/><V15/><F15/><W32/><G32/><T132/><D132/><U55/><E42/><V44/><F69/><W2/><G2/><T45/><D45/><U63/><E63/><AGARI ba="1,0" hai="16,19,52,59,63,84,89,93,97,98,99" m="49706" machi="63" ten="30,5800,0" yaku="19,1,54,2" doraHai="18" who="0" fromWho="1" sc="250,61,250,-61,250,0,250,0" /><INIT seed="0,2,0,2,1,61" ten="311,189,250,250" oya="0" hai0="110,97,113,134,3,33,120,116,60,128,6,118,131" hai1="106,5,38,82,87,57,14,90,45,72,75,20,73" hai2="86,95,30,19,102,25,1,108,71,98,68,44,8" hai3="16,58,52,121,88,114,115,28,83,70,119,62,93"/><T85/><D120/><U133/><E106/><V46/><F108/><W112/><G119/><T105/><D113/><U66/><E133/><V74/><F74/><W17/><G121/><T111/><D134/><U100/><E100/><V24/><F71/><W92/><G28/><T15/><D3/><U7/><E38/><V124/><F68/><W99/><G83/><T12/><D33/><U4/><E45/><V94/><F124/><W50/><REACH who="3" step="1"/><G93/><REACH who="3" ten="311,189,250,240" step="2"/><T10/><D118/><U126/><E126/><V37/><F30/><W96/><G96/><T132/><D116/><U127/><E127/><V0/><F94/><W21/><G21/><T91/><D132/><U64/><REACH who="1" step="1"/><E57/><REACH who="1" ten="311,179,250,240" step="2"/><V56/><F56/><W53/><G53/><T23/><D105/><U104/><E104/><V34/><F46/><W2/><G2/><T79/><D111/><U123/><E123/><V42/><F1/><W54/><G54/><T89/><D110/><U22/><E22/><V80/><F34/><W107/><G107/><T65/><D23/><U55/><E55/><V35/><F35/><W135/><G135/><T84/><D131/><U125/><E125/><V29/><F0/><W11/><G11/><T9/><D128/><U31/><E31/><V117/><F29/><W129/><G129/><T40/><D10/><U59/><E59/><V109/><F109/><W103/><G103/><T26/><D9/><U51/><E51/><N who="2" m="27031" /><F117/><W76/><G76/><T41/><D41/><U49/><E49/><V130/><F37/><W13/><G13/><T67/><D40/><U77/><E77/><N who="2" m="46351" /><F130/><W122/><G122/><RYUUKYOKU ba="2,2" sc="311,-30,179,10,250,10,240,10" hai1="4,5,7,14,20,64,66,72,73,75,82,87,90" hai2="8,19,24,25,95,98,102" hai3="16,17,50,52,58,62,70,88,92,99,112,114,115" /><INIT seed="1,3,2,0,0,75" ten="281,189,260,250" oya="1" hai0="112,130,70,77,76,85,43,89,30,40,56,126,87" hai1="32,91,58,55,62,100,11,64,54,26,48,34,45" hai2="66,105,81,113,133,80,122,5,128,97,33,107,117" hai3="57,22,88,37,29,134,41,110,16,104,1,6,39"/><U83/><E100/><N who="2" m="62607" /><F33/><W121/><G121/><T14/><D70/><U52/><E26/><V132/><F66/><W84/><G104/><T99/><D112/><U47/><E11/><V12/><F107/><W118/><G29/><T135/><D130/><U93/><E83/><N who="2" m="31819" /><F117/><W0/><G118/><T120/><D120/><U15/><E15/><V98/><F122/><W31/><G31/><T7/><D135/><N who="2" m="51786" /><F98/><W119/><G119/><T3/><D3/><U79/><E79/><V49/><F128/><W59/><G134/><T95/><D126/><U28/><E28/><V72/><F72/><W114/><G1/><T10/><D30/><U123/><E123/><V23/><F49/><W63/><G0/><T21/><D21/><U109/><E109/><V115/><F23/><W19/><G110/><T129/><D129/><U103/><E103/><V86/><F86/><N who="0" m="32778" /><D56/><U131/><E131/><V2/><F2/><W50/><G59/><T94/><D94/><U27/><E27/><V51/><F51/><W13/><G50/><T35/><D35/><U68/><E68/><V9/><AGARI ba="3,2" hai="5,9,12,113,115" m="51786,31819,62607" machi="9" ten="40,1500,0" yaku="20,1" doraHai="75" who="2" fromWho="2" sc="281,-7,189,-10,260,44,250,-7" /><INIT seed="2,0,0,4,2,26" ten="274,179,304,243" oya="2" hai0="105,38,89,103,43,35,8,78,56,60,9,48,21" hai1="67,98,114,84,12,10,31,85,130,128,4,133,63" hai2="112,62,27,116,11,46,102,119,83,0,131,37,104" hai3="79,24,72,134,96,49,50,2,80,29,132,28,97"/><V22/><F112/><W123/><G2/><T115/><D115/><U59/><E114/><V18/><F131/><W23/><G123/><T51/><D35/><U70/><E133/><N who="3" m="51306" /><G29/><T95/><D78/><U110/><E110/><V13/><F0/><W19/><G19/><T65/><D103/><U129/><E70/><V113/><F113/><W99/><AGARI ba="0,0" hai="23,24,28,49,50,72,79,80,96,97,99" m="51306" machi="99" ten="30,2000,0" yaku="20,1,52,1" doraHai="26" who="3" fromWho="3" sc="274,-5,179,-5,304,-10,243,20" /><INIT seed="3,0,0,5,3,8" ten="269,174,294,263" oya="3" hai0="121,83,75,13,97,86,26,20,81,33,99,124,120" hai1="74,123,119,48,21,32,31,107,112,93,9,49,60" hai2="62,10,131,72,117,68,18,73,114,66,79,52,82" hai3="108,45,110,42,69,25,126,14,76,0,54,11,19"/><W71/><G126/><T43/><D124/><U63/><E107/><V23/><F117/><W91/><G76/><T111/><D111/><N who="3" m="42537" /><G0/><T127/><D127/><U39/><E39/><V102/><F114/><W104/><G104/><T118/><D118/><U15/><E112/><V96/><F10/><W80/><G25/><T132/><D132/><U47/><E119/><V125/><F125/><W133/><G133/><T116/><D116/><U89/><E123/><V46/><F73/><W57/><G80/><T134/><D134/><U135/><E74/><V34/><F34/><W109/><G91/><T59/><D75/><U95/><E32/><V129/><F96/><W115/><G109/><T53/><D43/><U100/><E135/><V27/><F102/><W28/><G28/><T4/><D83/><U40/><E100/><V55/><F46/><W1/><G1/><T41/><D41/><U5/><E95/><V101/><F101/><W50/><G115/><T2/><D2/><U78/><E78/><V61/><F61/><AGARI ba="0,0" hai="11,14,19,42,45,50,54,57,61,69,71" m="42537" machi="61" ten="30,5800,0" yaku="14,1,10,1,52,1" doraHai="8" who="3" fromWho="2" sc="269,0,174,0,294,-58,263,58" owari="269,7.0,174,-33.0,236,-16.0,321,42.0" /></mjloggm>