<mjloggm ver="2.3"><GO type="225" lobby="0"/><UN n0="%E3%81%AF%E3%81%9B%E3%81%99%E3%81%91%EF%BC%8E" n1="%E3%83%B4%E3%83%A0%EF%BC%99%E3%81%A6" n2="%E5%B0%B1%E6%B4%BB%E7%94%9F%40%E5%B7%9D%E6%9D%91%E8%BB%8D%E5%9B%A3" n3="%E8%B6%B3%E3%81%AE%E8%B8%8F%E3%81%BF%E5%A0%B4%E3%82%82%E3%81%AA%E3%81%84" dan="16,16,16,17" rate="2096.95,2139.66,2014.94,2180.90" sx="M,M,M,M"/><TAIKYOKU oya="0"/><INIT seed="0,0,0,0,0,80" ten="250,250,250,250" oya="0" hai0="114,11,12,105,56,72,19,60,28,34,104,29,122" hai1="124,14,22,131,116,84,92,32,99,36,129,38,35" hai2="3,66,41,70,9,115,83,0,53,20,45,24,126" hai3="97,111,4,16,27,112,100,87,13,48,121,55,101"/><T117/><D114/><U93/><E116/><V44/><F115/><W52/><G112/><T135/><D117/><U78/><E124/><V74/><F126/><W71/><G71/><T8/><D122/><U23/><E78/><V108/><F108/><W134/><G111/><T39/><D39/><U49/><E49/><V81/><F70/><W6/><G134/><T68/><D68/><U58/><E58/><V64/><F53/><N who="3" m="20555" /><G48/><T17/><D72/><U21/><E14/><V76/><F83/><W50/><G50/><T103/><D135/><U10/><E10/><V133/><F133/><W7/><G27/><T59/><D103/><U82/><E82/><V120/><F120/><W118/><G118/><T37/><D37/><U110/><E110/><V2/><F9/><N who="3" m="6191" /><G97/><T51/><D51/><U86/><E21/><V94/><F41/><W96/><G96/><AGARI ba="0,0" hai="22,23,32,35,36,38,84,86,92,93,96,99,129,131" machi="96" ten="25,6400,0" yaku="22,2,52,2" doraHai="80" who="1" fromWho="3" sc="250,0,250,64,250,0,250,-64" /><INIT seed="1,0,0,2,2,32" ten="250,314,250,186" oya="1" hai0="124,66,4,58,56,88,76,71,25,107,34,12,8" hai1="49,108,27,17,112,46,86,94,69,114,102,57,134" hai2="87,15,59,67,18,10,131,70,99,96,55,20,89" hai3="48,113,54,79,130,19,74,91,72,127,0,105,126"/><U92/><E69/><V115/><F70/><W26/><G105/><T90/><D124/><N who="3" m="47657" /><G113/><T44/><D107/><U29/><E134/><V95/><F115/><W110/><G110/><T77/><D44/><U129/><E57/><N who="0" m="22121" /><D71/><U50/><E108/><V36/><F36/><W64/><G64/><T101/><D34/><U119/><E119/><V23/><F67/><W106/><G106/><T117/><D117/><U97/><E17/><V122/><F122/><W9/><G130/><T132/><D132/><U41/><E50/><V11/><F131/><W61/><G61/><T31/><D66/><U120/><E129/><V84/><F84/><W42/><G42/><T22/><D101/><U43/><E43/><V13/><F11/><W85/><G79/><AGARI ba="0,0" hai="4,8,12,22,25,31,76,77,79,88,90" m="22121" machi="79" ten="30,2000,0" yaku="8,1,54,1" doraHai="32" who="0" fromWho="3" sc="250,20,314,0,250,0,186,-20" /><INIT seed="2,0,0,2,1,33" ten="270,314,250,166" oya="2" hai0="83,86,69,74,117,102,106,51,10,90,27,97,103" hai1="65,16,43,30,105,92,44,5,128,47,70,95,57" hai2="127,2,24,76,120,39,78,31,99,37,42,9,121" hai3="3,23,93,15,61,49,18,79,14,63,77,111,53"/><V66/><F127/><W67/><G111/><T40/><D69/><U81/><E105/><V101/><F66/><W129/><G129/><T1/><D117/><U59/><E70/><V131/><F131/><W17/><G3/><T114/><D114/><U11/><E30/><V13/><F78/><W118/><G118/><T55/><D40/><U4/><E81/><V135/><F135/><W87/><G77/><T32/><D103/><U107/><E107/><V80/><F13/><W122/><G67/><T94/><D32/><U89/><E92/><V130/><F130/><W50/><G122/><T21/><D10/><U36/><E36/><V38/><F42/><W88/><G79/><T45/><D1/><U7/><E43/><V68/><F68/><W108/><G108/><T26/><D21/><U56/><E65/><V8/><F8/><W20/><G50/><T134/><D134/><U123/><E123/><V91/><F91/><W22/><G22/><T52/><D55/><U28/><E28/><V6/><F99/><W46/><AGARI ba="0,0" hai="14,15,17,18,20,23,46,49,53,61,63,87,88,93" machi="46" ten="20,8000,1" yaku="0,1,7,1,9,1,8,1,54,1" doraHai="33" who="3" fromWho="3" sc="270,-20,314,-20,250,-40,166,80" /><INIT seed="3,0,0,5,5,30" ten="250,294,210,246" oya="3" hai0="11,40,9,12,112,33,8,49,96,125,84,55,93" hai1="20,71,134,63,133,124,81,80,7,107,89,52,104" hai2="58,91,74,100,61,111,121,65,32,34,130,66,3" hai3="46,72,56,87,108,90,18,78,59,62,13,43,86"/><W88/><G72/><T98/><D125/><U129/><E124/><V122/><F74/><W120/><G120/><N who="2" m="46185" /><F3/><W60/><G78/><T127/><D127/><U106/><E129/><V103/><F130/><W126/><G126/><T76/><D112/><U0/><E20/><V110/><F91/><N who="3" m="34859" /><G108/><N who="2" m="41513" /><F65/><N who="3" m="39047" /><G46/><T118/><D33/><AGARI ba="0,0" hai="32,33,34,58,61,66,100,103" m="41513,46185" machi="33" ten="40,8000,1" yaku="13,1,14,1,52,3" doraHai="30" who="2" fromWho="0" sc="250,-80,294,0,210,80,246,0" /><INIT seed="4,0,0,4,3,21" ten="170,294,290,246" oya="0" hai0="28,69,30,97,71,47,33,1,53,48,118,79,17" hai1="60,24,7,29,75,49,86,133,129,32,9,73,123" hai2="101,39,63,115,117,40,14,66,107,130,50,102,6" hai3="59,19,5,120,62,82,67,98,57,104,81,127,23"/><T41/><D118/><U119/><E123/><V38/><F130/><W11/><G120/><T43/><D1/><U64/><E119/><V68/><F117/><W20/><G127/><T113/><D113/><U94/><E129/><V13/><F115/><W91/><G59/><T8/><D79/><U95/><E49/><V3/><F3/><W61/><G61/><T72/><D72/><U122/><E133/><V45/><F107/><W109/><G23/><T15/><D71/><U70/><E122/><V92/><F92/><N who="3" m="56607" /><G104/><T44/><D69/><U90/><E95/><V2/><F2/><AGARI ba="0,0" hai="2,7,9,24,29,32,60,64,70,73,75,86,90,94" machi="2" ten="30,2000,0" yaku="7,1,52,1" doraHai="21" who="1" fromWho="2" sc="170,0,294,20,290,-20,246,0" owari="170,-33.0,314,41.0,270,7.0,246,-15.0" /></mjloggm>