<mjloggm ver="2.3"><GO type="97" lobby="0"/><UN n0="%72%65%69%74%61%72%6F%75" n1="%E5%B0%B1%E6%B4%BB%E7%94%9F%40%E5%B7%9D%E6%9D%91%E8%BB%8D%E5%9B%A3" n2="%E3%83%8F%E3%82%A8%E5%A4%A9%E5%9B%BD" n3="%E7%99%BE%E7%9B%AE" dan="13,15,13,14" rate="1815.10,1958.13,1825.23,1935.13" sx="F,M,M,M"/><TAIKYOKU oya="0"/><INIT seed="0,0,0,3,3,107" ten="250,250,250,250" oya="0" hai0="66,2,32,110,42,109,18,118,27,29,17,11,92" hai1="46,113,126,90,75,36,132,114,97,15,53,117,124" hai2="39,5,106,116,125,45,72,19,133,127,28,43,111" hai3="80,82,81,134,13,33,23,135,115,87,16,4,48"/><T24/><D66/><U51/><E117/><V105/><F28/><W20/><G33/><N who="0" m="20647" /><D42/><N who="1" m="22855" /><E15/><V71/><F5/><W41/><G115/><N who="1" m="44042" /><E132/><N who="3" m="50730" /><G4/><N who="0" m="1431" /><D92/><N who="1" m="56471" /><E75/><V101/><F19/><N who="0" m="7178" /><D118/><U58/><AGARI ba="0,0" hai="51,53,58,124,126" m="56471,44042,22855" machi="58" ten="30,1100,0" yaku="11,1" doraHai="107" who="1" fromWho="1" sc="250,-5,250,11,250,-3,250,-3" /><INIT seed="1,0,0,0,0,104" ten="245,261,247,247" oya="1" hai0="132,53,80,91,106,126,119,50,13,85,61,114,100" hai1="49,107,20,48,71,83,73,19,45,98,117,89,108" hai2="102,31,4,12,59,62,25,115,27,112,56,118,111" hai3="14,35,43,93,101,34,109,65,124,9,116,52,86"/><U2/><E117/><V39/><F39/><W42/><G109/><T21/><D119/><U94/><E71/><V5/><F118/><W51/><G116/><T38/><D114/><N who="2" m="43562" /><F102/><W64/><G124/><T44/><D126/><U121/><E121/><V3/><F111/><W7/><G35/><T67/><D132/><U46/><E108/><V70/><F70/><W29/><G29/><T120/><D120/><U76/><E2/><V96/><F96/><N who="3" m="59535" /><G86/><T125/><D125/><U58/><E107/><V130/><F130/><W84/><G84/><T63/><D38/><U134/><E134/><V47/><F47/><N who="3" m="27775" /><G34/><T1/><D1/><U78/><E78/><V41/><F41/><AGARI ba="0,0" hai="7,9,14,41,42,43,64,65" m="27775,59535" machi="41" ten="30,2000,0" yaku="8,1,54,1" doraHai="104" who="3" fromWho="2" sc="245,0,261,0,247,-20,247,20" /><INIT seed="2,0,0,0,3,112" ten="245,261,227,267" oya="2" hai0="10,20,50,13,126,131,128,84,18,16,105,120,2" hai1="38,104,122,35,92,80,74,100,79,22,130,125,113" hai2="116,127,25,93,73,85,3,57,24,78,51,77,23" hai3="56,42,107,89,83,46,95,9,21,75,14,134,29"/><V132/><F3/><W117/><G107/><T111/><D105/><U123/><E35/><V110/><F73/><W41/><G134/><T31/><D84/><U81/><E38/><V47/><F132/><W8/><G117/><T96/><D96/><N who="1" m="61447" /><E22/><V5/><F116/><W101/><G75/><T40/><D50/><U118/><E118/><V39/><F39/><W62/><G83/><T15/><D40/><U63/><E63/><V129/><F5/><W52/><G101/><T76/><D76/><N who="1" m="44055" /><E113/><V64/><F129/><N who="0" m="49738" /><D120/><N who="1" m="46123" /><E130/><V58/><F127/><W72/><G72/><T59/><D59/><N who="2" m="22538" /><F64/><W54/><G29/><T17/><D126/><U60/><E60/><V4/><F4/><W68/><G21/><T34/><D111/><U6/><E6/><V121/><F110/><W19/><G68/><T86/><D86/><N who="1" m="48447" /><E125/><V43/><F121/><W70/><G70/><T133/><D133/><U55/><E55/><V71/><F71/><W37/><G42/><T36/><D36/><U53/><E53/><V27/><F23/><W90/><G54/><T108/><D108/><U99/><E99/><V98/><F98/><W11/><G11/><T65/><D65/><U49/><E49/><V67/><F67/><W7/><G9/><T97/><D97/><U87/><E87/><V119/><F119/><W88/><G7/><N who="0" m="1399" /><D15/><U32/><E32/><V33/><F33/><W44/><REACH who="3" step="1"/><G46/><REACH who="3" ten="245,261,227,257" step="2"/><T12/><D34/><U0/><E0/><V91/><AGARI ba="0,1" hai="24,25,27,43,47,51,77,78,85,91,93" m="22538" machi="91" ten="30,1500,0" yaku="8,1" doraHai="112" who="2" fromWho="2" sc="245,-5,261,-5,227,25,257,-5" /><INIT seed="2,1,0,4,1,17" ten="240,256,252,252" oya="2" hai0="54,59,3,40,19,98,63,134,130,26,13,127,64" hai1="78,25,71,2,128,6,69,22,90,120,104,33,91" hai2="35,65,5,125,48,56,79,60,42,73,112,132,97" hai3="100,121,14,76,47,102,95,88,123,113,80,99,46"/><V18/><F112/><W87/><G113/><T45/><D134/><U34/><E104/><V116/><F116/><W50/><G14/><T101/><D130/><U0/><E120/><V86/><F73/><W111/><G47/><T28/><D127/><U30/><E128/><V12/><F35/><W1/><G1/><T62/><D3/><U11/><E78/><V16/><F125/><W109/><G50/><T122/><D122/><N who="3" m="46601" /><G46/><T89/><D89/><U75/><E75/><V126/><F126/><W49/><G49/><T23/><D40/><U21/><E2/><V7/><F132/><W94/><G94/><N who="0" m="58583" /><D45/><U84/><E90/><V92/><F42/><W15/><G15/><T32/><D32/><U37/><E37/><V61/><F18/><W43/><G43/><T52/><D62/><U135/><E135/><V58/><F48/><W124/><G124/><T39/><D39/><U133/><E133/><V77/><F86/><W119/><G119/><T103/><D103/><AGARI ba="1,0" hai="76,80,87,88,95,99,100,102,103,109,111" m="46601" machi="103" ten="30,3900,0" yaku="34,2,54,1" doraHai="17" who="3" fromWho="0" sc="240,-42,256,0,252,0,252,42" /><INIT seed="3,0,0,4,1,36" ten="198,256,252,294" oya="3" hai0="94,10,114,23,64,26,89,18,29,113,2,72,63" hai1="31,117,83,65,91,99,17,97,76,46,135,0,59" hai2="40,108,54,42,112,116,50,132,125,88,82,79,67" hai3="103,25,35,130,44,73,61,48,8,109,58,49,15"/><W21/><G73/><T33/><D72/><U53/><E0/><V9/><F116/><W7/><G35/><T93/><D64/><U101/><E135/><V85/><F112/><N who="0" m="43114" /><D63/><U84/><E117/><V119/><F119/><W70/><G70/><T11/><D2/><U92/><E31/><V107/><F107/><W51/><G130/><T86/><D94/><U57/><E17/><V30/><F30/><N who="3" m="17711" /><G109/><T34/><D33/><U19/><E19/><V27/><F108/><W13/><G103/><T14/><AGARI ba="0,0" hai="10,11,14,18,23,26,29,34,86,89,93" m="43114" machi="14" ten="30,1100,0" yaku="11,1" doraHai="36" who="0" fromWho="0" sc="198,11,256,-3,252,-3,294,-5" /><INIT seed="4,0,0,2,0,15" ten="209,253,249,289" oya="0" hai0="13,134,107,28,72,75,5,110,58,108,95,93,20" hai1="12,111,119,89,104,67,25,21,18,49,87,0,10" hai2="94,102,43,53,23,74,11,50,103,109,6,39,117" hai3="61,46,35,41,131,66,16,91,45,98,70,52,86"/><T115/><D107/><U88/><E111/><N who="0" m="42537" /><D115/><U55/><E119/><V57/><F109/><W126/><G35/><T59/><D134/><U31/><E104/><V83/><F117/><W32/><G32/><T116/><D116/><U2/><E67/><V27/><F39/><W133/><G133/><T100/><D28/><U63/><E63/><V37/><F94/><N who="0" m="35850" /><D100/><U44/><REACH who="1" step="1"/><E89/><REACH who="1" ten="209,243,249,289" step="2"/><V120/><F120/><W97/><G97/><T122/><D122/><U36/><E36/><V68/><F68/><W30/><G98/><T105/><D105/><U60/><E60/><N who="2" m="35887" /><F37/><W113/><G113/><T114/><D114/><U14/><E14/><N who="2" m="5495" /><F74/><N who="0" m="28202" /><D5/><U62/><E62/><V34/><F50/><W42/><G61/><T17/><AGARI ba="0,1" hai="13,17,20,58,59" m="28202,35850,42537" machi="17" ten="40,3900,0" yaku="10,1,52,1" doraHai="15" who="0" fromWho="0" sc="209,49,243,-13,249,-13,289,-13" /><INIT seed="4,1,0,5,2,114" ten="258,230,236,276" oya="0" hai0="31,50,22,112,106,35,118,120,45,86,32,14,132" hai1="41,5,133,59,85,23,4,128,89,33,70,69,6" hai2="113,25,11,54,103,116,2,26,1,28,53,123,84" hai3="80,40,130,3,101,52,0,74,83,63,38,30,9"/><T108/><D106/><U127/><E33/><N who="0" m="12873" /><D86/><U34/><E34/><V115/><F123/><W88/><G101/><T75/><D75/><U94/><E128/><V17/><F103/><W126/><G30/><T91/><D91/><U20/><E133/><V10/><F84/><W7/><G130/><T36/><D36/><U18/><E127/><V110/><F110/><W47/><G126/><T125/><D125/><U37/><E23/><N who="2" m="13551" /><F53/><W24/><G3/><N who="2" m="1033" /><F54/><W65/><G24/><N who="0" m="16791" /><D50/><U16/><E18/><V107/><F107/><W76/><G52/><T62/><D45/><U19/><E19/><V72/><F72/><W98/><G83/><T49/><D49/><U61/><E41/><V60/><F60/><W92/><G63/><T46/><D62/><U48/><E37/><V21/><F115/><W124/><REACH who="3" step="1"/><G124/><REACH who="3" ten="258,230,236,266" step="2"/><T58/><D112/><U68/><E48/><V71/><F113/><W66/><AGARI ba="1,1" hai="0,7,9,38,40,47,65,66,74,76,80,88,92,98" machi="66" ten="30,12000,2" yaku="1,1,2,1,0,1,25,2,54,1,53,0" doraHai="114" doraHaiUra="109" who="3" fromWho="3" sc="258,-61,230,-31,236,-31,266,133" owari="197,-30.0,199,-20.0,205,1.0,399,49.0" /></mjloggm>