<mjloggm ver="2.3"><GO type="41" lobby="0"/><UN n0="%E6%AB%BB%E8%8A%B1%E9%80%B2%E7%8E%8B" n1="%6B%75%72%6F%74%6F%6D%6F" n2="%EF%BC%91%E7%95%AA%E3%82%B7%E3%83%A7%E3%83%BC%E3%83%88" n3="%E5%B0%B1%E6%B4%BB%E7%94%9F%40%E5%B7%9D%E6%9D%91%E8%BB%8D%E5%9B%A3" dan="15,14,15,17" rate="1984.05,1806.60,2018.25,2145.01" sx="M,M,M,M"/><TAIKYOKU oya="0"/><INIT seed="0,0,0,2,5,71" ten="250,250,250,250" oya="0" hai0="15,105,45,52,129,62,41,99,93,89,25,103,112" hai1="69,13,117,122,121,134,64,94,102,80,123,38,22" hai2="1,56,113,83,107,108,33,114,10,0,104,19,110" hai3="16,131,86,24,48,7,6,12,8,76,60,68,135"/><T50/><D112/><U49/><E117/><V35/><F10/><W58/><G131/><T66/><D129/><U77/><E69/><V111/><F83/><W54/><G135/><T70/><D15/><U17/><E64/><V128/><F56/><W46/><G68/><T20/><D41/><U65/><E65/><V82/><F82/><N who="3" m="47431" /><G24/><T96/><D25/><U124/><E134/><V26/><F26/><W14/><G14/><T63/><D63/><U3/><E3/><N who="2" m="1099" /><F19/><W73/><G73/><T5/><D20/><U101/><E124/><V98/><F98/><W133/><G133/><T100/><REACH who="0" step="1"/><D5/><REACH who="0" ten="240,250,250,250" step="2"/><U95/><E123/><V32/><F128/><W90/><G90/><AGARI ba="0,1" hai="45,50,52,62,66,70,89,90,93,96,99,100,103,105" machi="90" ten="40,7700,0" yaku="1,1,2,1,54,1,53,0" doraHai="71" doraHaiUra="23" who="0" fromWho="3" sc="240,87,250,0,250,0,250,-77" /><INIT seed="0,1,0,0,5,45" ten="327,250,250,173" oya="0" hai0="88,48,46,83,126,67,60,103,30,43,99,25,76" hai1="57,56,71,69,38,133,27,4,50,95,64,97,3" hai2="92,31,85,49,115,114,39,87,96,135,42,23,29" hai3="21,20,120,89,98,7,52,55,73,108,127,134,59"/><T6/><D126/><U91/><E38/><V24/><F39/><W33/><G73/><T119/><D119/><U58/><E133/><V70/><F70/><W125/><G33/><T9/><D30/><U8/><E27/><V72/><F72/><W47/><G134/><T124/><D124/><N who="3" m="47689" /><G7/><T53/><D25/><U90/><E90/><V93/><F135/><W68/><G68/><T51/><D88/><U11/><E64/><V17/><F93/><N who="3" m="56623" /><G120/><T107/><D53/><U40/><REACH who="1" step="1"/><E8/><REACH who="1" ten="327,240,250,173" step="2"/><V123/><F123/><W35/><G108/><T81/><D76/><U131/><E131/><V121/><F121/><W94/><G35/><T74/><D74/><U15/><E15/><V12/><F24/><W102/><G20/><T34/><D34/><U82/><E82/><V0/><F0/><W62/><G21/><T79/><D79/><U132/><E132/><V61/><F31/><W117/><G117/><T41/><D81/><U106/><E106/><V111/><F29/><W130/><G130/><T112/><D83/><U109/><E109/><V75/><F111/><W19/><G19/><T10/><D10/><U66/><E66/><V86/><F75/><W36/><G36/><T2/><D9/><U54/><E54/><V84/><F17/><W122/><G122/><T63/><D67/><U128/><E128/><V37/><F37/><W80/><G80/><T104/><D107/><U22/><E22/><V113/><F23/><W1/><G1/><T110/><D2/><U18/><E18/><V28/><F28/><W26/><G26/><T65/><D104/><U16/><E16/><RYUUKYOKU ba="1,1" sc="327,-10,240,30,250,-10,173,-10" hai1="3,4,11,40,50,56,57,58,69,71,91,95,97" /><INIT seed="1,2,1,3,3,112" ten="317,270,240,163" oya="1" hai0="25,97,125,126,8,79,118,27,20,89,109,86,67" hai1="4,65,38,68,99,120,71,31,16,9,46,135,78" hai2="24,111,119,98,108,51,123,107,104,70,77,49,105" hai3="17,91,60,130,102,87,14,62,29,106,56,23,80"/><U84/><E120/><V92/><F123/><W121/><G121/><T58/><D109/><N who="2" m="42058" /><F70/><W101/><G130/><T34/><D34/><U44/><E31/><V85/><F24/><W18/><G106/><T61/><D79/><U129/><E4/><V131/><F131/><W90/><G29/><T53/><D8/><U96/><E129/><V35/><F35/><W59/><G91/><T69/><D97/><U134/><E38/><V54/><F49/><W39/><G39/><T0/><D0/><U21/><E9/><V103/><F54/><N who="3" m="33815" /><G18/><T115/><D115/><U12/><E78/><V28/><F51/><W116/><G116/><T64/><D118/><U75/><E75/><V76/><F28/><W6/><G6/><T40/><D40/><U63/><E84/><V110/><N who="2" m="42066" /><V41/><DORA hai="52" /><F41/><W7/><G7/><T132/><D69/><U113/><E113/><V114/><F114/><W127/><G127/><N who="0" m="48651" /><D64/><AGARI ba="2,1" hai="14,17,23,59,62,64,80,87,90,101,102" m="33815" machi="64" ten="30,3900,0" yaku="8,1,52,2" doraHai="112,52" who="3" fromWho="0" sc="317,-45,270,0,240,0,163,55" /><INIT seed="2,0,0,4,5,120" ten="272,270,240,218" oya="2" hai0="9,104,41,47,24,128,76,66,107,2,124,55,46" hai1="52,72,20,17,26,78,108,84,13,112,53,125,113" hai2="130,38,16,119,10,49,75,89,11,123,45,94,103" hai3="25,70,97,31,92,22,121,98,59,79,43,19,63"/><V60/><F75/><W28/><G121/><T64/><D124/><U122/><E122/><V29/><F123/><W7/><G70/><T86/><D128/><U42/><E72/><V51/><F119/><W101/><G79/><T4/><D24/><U87/><E125/><V8/><F29/><W34/><G7/><T36/><D104/><U80/><E42/><V30/><F30/><W81/><G81/><T109/><D107/><U135/><E135/><V88/><F38/><W129/><G129/><T96/><D96/><U68/><E108/><V58/><F51/><W73/><G73/><T110/><D86/><U57/><E68/><V5/><F103/><W114/><G114/><T27/><D27/><U67/><E113/><V100/><F5/><W117/><G117/><T56/><D47/><U77/><E112/><V102/><F89/><W40/><G97/><T35/><D35/><U37/><E37/><V61/><F130/><W21/><G34/><T93/><D93/><U18/><E67/><N who="2" m="39319" /><F61/><W83/><G83/><T33/><D33/><U0/><E0/><V99/><F16/><W3/><G3/><T90/><D90/><N who="1" m="51463" /><E87/><V105/><F105/><W14/><REACH who="3" step="1"/><G31/><REACH who="3" ten="272,270,240,208" step="2"/><T134/><D76/><N who="1" m="29291" /><E57/><V62/><F62/><W116/><G116/><T126/><D126/><U132/><E132/><V111/><F100/><W44/><G44/><T106/><D134/><U15/><E26/><V71/><F102/><W133/><G133/><T32/><D32/><U6/><E6/><V115/><F71/><W69/><G69/><T39/><D46/><U85/><E85/><V1/><F115/><RYUUKYOKU ba="0,1" sc="272,-15,270,15,240,-15,208,15" hai1="13,15,17,18,20,52,53" hai3="14,19,21,22,25,28,40,43,59,63,92,98,101" /><INIT seed="3,1,1,1,2,124" ten="257,285,225,223" oya="3" hai0="125,16,71,8,76,52,39,80,12,40,108,15,2" hai1="122,118,33,18,67,9,98,86,21,100,38,104,50" hai2="41,22,37,49,120,90,119,123,35,97,127,34,59" hai3="51,58,93,23,46,13,19,79,81,45,102,89,66"/><W63/><G102/><T17/><D125/><U1/><E33/><V10/><F127/><W25/><G13/><T4/><D108/><U48/><E38/><V133/><F119/><W74/><REACH who="3" step="1"/><G51/><REACH who="3" ten="257,285,225,213" step="2"/><T105/><D15/><U107/><E48/><V64/><F49/><W132/><G132/><T60/><D12/><U44/><E50/><V110/><F133/><W43/><G43/><T32/><D40/><U62/><E100/><V99/><F41/><W3/><G3/><T54/><D39/><U72/><E1/><V11/><F37/><W116/><G116/><T111/><D111/><U42/><E118/><V114/><F110/><W27/><G27/><T14/><D14/><U135/><E42/><V134/><F134/><W83/><G83/><T56/><D105/><U7/><E107/><V87/><F114/><W29/><G29/><T55/><D80/><U73/><E104/><V31/><F31/><W85/><AGARI ba="1,2" hai="19,23,25,45,46,58,63,66,74,79,81,85,89,93" machi="85" ten="20,7800,0" yaku="1,1,0,1,7,1,53,1" doraHai="124" doraHaiUra="106" who="3" fromWho="3" sc="257,-27,285,-27,225,-27,213,101" /><INIT seed="3,2,0,0,0,77" ten="230,258,198,314" oya="3" hai0="42,50,126,110,31,82,66,135,58,134,34,67,46" hai1="63,29,119,117,12,68,79,5,53,19,35,124,16" hai2="84,38,1,129,113,10,39,2,120,15,32,13,90" hai3="9,51,99,88,132,36,56,125,97,122,127,101,106"/><W45/><G122/><T81/><D110/><U114/><E114/><V89/><F113/><W100/><G36/><T6/><D6/><U7/><E124/><N who="3" m="47690" /><G132/><N who="0" m="50731" /><D126/><U105/><E105/><V107/><F107/><N who="3" m="63887" /><G9/><T116/><D116/><U128/><E53/><V43/><F32/><W91/><G56/><T60/><D66/><U8/><E63/><V28/><F28/><W72/><G72/><T33/><D31/><U108/><E79/><V71/><F71/><W94/><G106/><T78/><D78/><U27/><E68/><V93/><F120/><W86/><G86/><T54/><D67/><U83/><E83/><AGARI ba="2,0" hai="33,34,42,46,50,54,58,60,81,82,83" m="50731" machi="83" ten="30,7700,0" yaku="20,1,52,3" doraHai="77" who="0" fromWho="1" sc="230,83,258,-83,198,0,314,0" /><INIT seed="4,0,0,4,5,73" ten="313,175,198,314" oya="0" hai0="74,22,100,42,11,86,16,39,123,46,113,117,55" hai1="57,109,134,104,66,78,24,135,45,106,35,83,43" hai2="12,91,130,110,13,103,15,67,70,36,3,125,127" hai3="80,31,102,52,87,4,27,51,76,6,48,116,68"/><T79/><D117/><U93/><E109/><V5/><F36/><W101/><G68/><T99/><D123/><U54/><E66/><V72/><F72/><W44/><G116/><T94/><D74/><N who="1" m="43479" /><E93/><V60/><F110/><W19/><G19/><T17/><D113/><U37/><E35/><V128/><F103/><N who="3" m="39435" /><G51/><T75/><D75/><U88/><E24/><V132/><F91/><W129/><G129/><N who="2" m="49769" /><F5/><W65/><G65/><T122/><D122/><U10/><E10/><V95/><F95/><W119/><G119/><T105/><D11/><U112/><E112/><V77/><F77/><W18/><G31/><T90/><D79/><U121/><E88/><V23/><F3/><W81/><G81/><T32/><D32/><U114/><E114/><V25/><F132/><N who="1" m="50729" /><E121/><V133/><F133/><W118/><G118/><T29/><REACH who="0" step="1"/><D55/><REACH who="0" ten="303,175,198,314" step="2"/><U63/><AGARI ba="0,1" hai="37,43,45,54,57,63,104,106" m="50729,43479" machi="63" ten="30,2000,0" yaku="20,1,52,1" doraHai="73" who="1" fromWho="1" sc="303,-10,175,30,198,-5,314,-5" /><INIT seed="5,0,0,3,5,61" ten="293,205,193,309" oya="1" hai0="8,42,78,71,115,57,109,1,69,0,60,99,127" hai1="82,75,67,5,3,12,101,7,74,86,15,83,81" hai2="11,96,41,58,27,30,22,111,116,19,130,63,122" hai3="114,39,132,125,126,117,113,54,85,88,121,118,91"/><U102/><E82/><V34/><F130/><W16/><G39/><T93/><D109/><U110/><E110/><V35/><F122/><W95/><G121/><T103/><D115/><N who="3" m="44041" /><G132/><T79/><D42/><U104/><E104/><V23/><F116/><N who="3" m="44651" /><G54/><T87/><D127/><U80/><E80/><V106/><F11/><W46/><G46/><T48/><D48/><U20/><E20/><V105/><F41/><W108/><G108/><T43/><D43/><U62/><E62/><V47/><F111/><W40/><G40/><T76/><D87/><U128/><E86/><V112/><F47/><W84/><G16/><T52/><REACH who="0" step="1"/><D8/><REACH who="0" ten="283,205,193,309" step="2"/><U51/><E51/><V133/><F112/><W55/><G85/><T134/><D134/><U66/><E3/><AGARI ba="0,1" hai="0,1,3,52,57,60,69,71,76,78,79,93,99,103" machi="3" ten="40,2600,0" yaku="1,1,54,1,53,0" doraHai="61" doraHaiUra="45" who="0" fromWho="1" sc="283,36,205,-26,193,0,309,0" /><INIT seed="6,0,0,3,5,10" ten="319,179,193,309" oya="2" hai0="53,8,0,126,23,96,123,2,63,5,40,135,68" hai1="92,80,14,90,3,32,134,47,16,91,55,116,44" hai2="102,4,59,101,33,125,65,105,83,127,28,120,21" hai3="19,94,31,76,84,20,109,131,58,95,41,38,111"/><V89/><F120/><W73/><G131/><T22/><D123/><U108/><E108/><V114/><F33/><W64/><G31/><T66/><D126/><N who="2" m="48138" /><F105/><W75/><G38/><T97/><D0/><U103/><E134/><V112/><F4/><W118/><G41/><T25/><D40/><U122/><E116/><V129/><F129/><W133/><G133/><T18/><D135/><U27/><E122/><V9/><F9/><W93/><G118/><T37/><D37/><U104/><E104/><V67/><F83/><W106/><G106/><T26/><D53/><U51/><E3/><V50/><F89/><N who="1" m="33801" /><E32/><V110/><F110/><W45/><G45/><T99/><D99/><N who="1" m="59879" /><E27/><N who="2" m="16495" /><F67/><W88/><G109/><T46/><D46/><N who="1" m="28151" /><E80/><V7/><F7/><W130/><G130/><T57/><D68/><U86/><E86/><V12/><F101/><W43/><G43/><T34/><D34/><U132/><E132/><V62/><F50/><W1/><G1/><T48/><D48/><U71/><E71/><V39/><F102/><W70/><G70/><T60/><D63/><U56/><E56/><V107/><F107/><W82/><G111/><T42/><D42/><U113/><E113/><N who="2" m="43627" /><F39/><W24/><G75/><T6/><D6/><U124/><E124/><V11/><F11/><AGARI ba="0,0" hai="11,14,16,44,47" m="28151,59879,33801" machi="11" ten="30,3900,0" yaku="8,1,52,1,54,1" doraHai="10" who="1" fromWho="2" sc="319,0,179,39,193,-39,309,0" /><INIT seed="7,0,0,5,3,41" ten="319,218,154,309" oya="3" hai0="105,14,129,71,134,63,131,50,72,13,36,85,21" hai1="20,60,59,8,116,106,10,12,75,104,7,3,5" hai2="100,16,64,27,135,103,123,132,32,22,86,4,28" hai3="78,97,95,23,46,87,98,30,126,24,18,26,6"/><W81/><G126/><T29/><D72/><U109/><E109/><V57/><F123/><W42/><G6/><T127/><D36/><U114/><E114/><V124/><F124/><W120/><G120/><T125/><D105/><U82/><E116/><V133/><F86/><W89/><G98/><T34/><D34/><U67/><REACH who="1" step="1"/><E20/><REACH who="1" ten="319,208,154,309" step="2"/><V77/><F77/><AGARI ba="0,1" hai="3,5,7,8,10,12,59,60,67,75,77,82,104,106" machi="77" ten="40,5200,0" yaku="1,1,2,1,53,1" doraHai="41" doraHaiUra="58" who="1" fromWho="2" sc="319,0,208,62,154,-52,309,0" owari="319,42.0,270,-13.0,102,-40.0,309,11.0" /></mjloggm>