<mjloggm ver="2.3"><GO type="97" lobby="0"/><UN n0="%E5%B0%B1%E6%B4%BB%E7%94%9F%40%E5%B7%9D%E6%9D%91%E8%BB%8D%E5%9B%A3" n1="%E9%BB%92%E5%B8%AF%E3%83%89%E3%83%A9%E3%82%B4%E3%83%B3" n2="%68%61%7A%61%72%64" n3="%E3%81%90%E3%82%89%E3%81%95%E3%82%93%EF%BC%88%E9%9B%80%E5%A3%AB%EF%BC%89" dan="15,14,14,13" rate="1979.56,1927.88,1915.13,1815.83" sx="M,M,M,M"/><TAIKYOKU oya="0"/><INIT seed="0,0,0,2,2,56" ten="250,250,250,250" oya="0" hai0="73,23,41,87,17,40,94,120,92,123,38,51,78" hai1="54,81,119,2,53,26,107,104,13,124,105,131,130" hai2="42,59,36,70,22,31,85,90,28,5,6,103,82" hai3="75,71,106,93,127,86,118,57,37,46,96,30,135"/><T19/><D38/><U1/><E26/><V0/><F70/><W45/><G118/><T101/><D73/><U84/><E119/><V8/><F6/><W122/><G122/><T58/><D120/><U44/><E13/><V111/><F111/><W100/><G135/><T10/><D123/><U95/><E95/><V34/><F34/><W83/><G127/><T110/><D110/><U133/><E44/><V126/><F126/><W129/><G129/><N who="1" m="49162" /><E124/><V112/><F112/><W24/><G71/><T27/><D92/><U114/><E114/><V48/><F36/><W69/><G69/><T21/><D10/><U67/><E67/><V9/><F9/><W117/><G117/><T128/><D128/><U64/><E64/><V33/><F33/><W65/><G37/><T7/><D7/><U43/><E43/><V98/><F22/><N who="3" m="15639" /><G106/><N who="1" m="27138" /><U35/><DORA hai="63" /><E35/><V3/><F0/><N who="1" m="105" /><E133/><V60/><F42/><W109/><G75/><T62/><D101/><U29/><E29/><V32/><F32/><W91/><G109/><T132/><D132/><U88/><AGARI ba="0,0" hai="53,54,81,84,88" m="105,27138,49162" machi="88" ten="50,3200,0" yaku="19,1,54,1" doraHai="56,63" who="1" fromWho="1" sc="250,-16,250,32,250,-8,250,-8" /><INIT seed="1,0,0,0,2,112" ten="234,282,242,242" oya="1" hai0="87,70,92,90,41,121,86,60,51,103,2,54,18" hai1="30,80,7,8,83,36,43,82,113,49,26,35,59" hai2="65,117,28,96,109,102,79,25,128,118,4,115,10" hai3="33,67,120,93,55,94,106,100,11,116,75,14,1"/><U78/><E113/><V9/><F115/><W81/><G120/><T34/><D121/><U45/><E36/><V114/><F114/><W108/><G108/><T15/><D2/><U84/><E59/><V132/><F109/><W68/><G1/><AGARI ba="0,0" hai="1,7,8,26,30,35,43,45,49,78,80,82,83,84" machi="1" ten="30,1500,0" yaku="7,1" doraHai="112" who="1" fromWho="3" sc="234,0,282,15,242,0,242,-15" /><INIT seed="1,1,0,1,1,112" ten="234,297,242,227" oya="1" hai0="43,73,83,101,45,64,128,27,38,62,81,96,85" hai1="23,100,30,121,39,20,8,18,131,80,41,72,25" hai2="115,32,87,127,79,4,19,66,129,76,61,57,53" hai3="35,44,2,133,16,82,74,116,56,102,71,78,1"/><U110/><E121/><V98/><F115/><W60/><G133/><T120/><D120/><U69/><E69/><V11/><F32/><W42/><G71/><T9/><D128/><U117/><E131/><V97/><F129/><W10/><G35/><T65/><D73/><U118/><E110/><V86/><F127/><W75/><G75/><T104/><D9/><U36/><E100/><V126/><F126/><W51/><G102/><T135/><D135/><U95/><E95/><V12/><F4/><W93/><G93/><T124/><D124/><U40/><E8/><V111/><F111/><W58/><G116/><T123/><D123/><U37/><E80/><V108/><F108/><W113/><G113/><T91/><D27/><U50/><E72/><V125/><F53/><W105/><G105/><T132/><D132/><U31/><E50/><V67/><F67/><W54/><REACH who="3" step="1"/><G56/><REACH who="3" ten="234,297,242,217" step="2"/><T24/><D83/><U84/><E84/><N who="2" m="32299" /><F125/><W7/><G7/><T103/><D103/><U33/><E33/><V47/><F47/><W34/><G34/><T28/><D62/><U88/><E118/><V107/><F107/><W5/><G5/><T13/><D104/><U109/><E109/><V17/><F17/><W92/><G92/><T48/><D101/><U55/><E117/><V106/><F106/><W119/><G119/><T49/><D81/><U94/><E18/><V114/><F114/><W89/><G89/><T70/><D91/><U63/><E88/><V21/><F19/><W52/><G52/><T99/><D70/><U68/><E55/><V26/><F57/><W0/><G0/><RYUUKYOKU ba="1,1" sc="234,-10,297,-10,242,-10,217,30" hai3="1,2,10,16,42,44,51,54,58,60,74,78,82" /><INIT seed="2,2,1,4,3,32" ten="224,287,232,247" oya="2" hai0="121,107,41,88,52,61,1,103,82,34,50,40,101" hai1="47,23,98,81,125,84,62,21,93,78,75,63,28" hai2="36,31,2,42,0,13,77,6,39,132,14,113,58" hai3="43,86,80,53,130,29,9,128,66,64,133,27,134"/><V115/><F77/><N who="3" m="46351" /><G43/><N who="0" m="16459" /><D1/><N who="2" m="618" /><F58/><W35/><G53/><T118/><D107/><U105/><E125/><V68/><F31/><W3/><G3/><T111/><D34/><U74/><E47/><V59/><F59/><W48/><G48/><T37/><D111/><U54/><E54/><V45/><F68/><W49/><G49/><T71/><D37/><N who="2" m="14410" /><F45/><W67/><G9/><T99/><D71/><U65/><E28/><V97/><F42/><W96/><G96/><T83/><D121/><U24/><E24/><V87/><F97/><W56/><G56/><N who="0" m="32791" /><D61/><U18/><E63/><V19/><F87/><W100/><G100/><N who="0" m="38475" /><D118/><U95/><E62/><V112/><F132/><AGARI ba="2,1" hai="27,29,35,64,66,67,128,130,132,133,134" m="46351" machi="132" ten="30,1000,0" yaku="20,1" doraHai="32" who="3" fromWho="2" sc="224,0,287,0,232,-16,247,26" /><INIT seed="3,0,0,4,5,20" ten="224,287,216,273" oya="3" hai0="17,102,27,72,81,10,54,61,112,58,41,80,99" hai1="103,28,30,82,40,135,127,77,45,101,68,21,36" hai2="35,47,55,93,123,89,108,25,130,32,116,92,31" hai3="121,90,53,134,118,5,18,9,98,73,106,48,109"/><W38/><G118/><T74/><D112/><U111/><E111/><V91/><F108/><W110/><G121/><T19/><D41/><U0/><E0/><V16/><F116/><W12/><G134/><T3/><D74/><U133/><E68/><V51/><F130/><W15/><G38/><T120/><D120/><U71/><E71/><V84/><F123/><W67/><G73/><T60/><D72/><U39/><E39/><V125/><F125/><W129/><G129/><T100/><D61/><U2/><E127/><V65/><F65/><W22/><G67/><T63/><D63/><U87/><E2/><V26/><F16/><W95/><REACH who="3" step="1"/><G106/><REACH who="3" ten="224,287,216,263" step="2"/><T94/><D102/><U131/><E103/><V105/><F105/><W64/><G64/><T85/><D3/><U6/><E101/><V97/><REACH who="2" step="1"/><F31/><REACH who="2" ten="224,287,206,263" step="2"/><W69/><G69/><T119/><D119/><U50/><E30/><V13/><F13/><W56/><AGARI ba="0,2" hai="5,9,12,15,18,22,48,53,56,90,95,98,109,110" machi="56" ten="30,3000,0" yaku="1,1,0,1,53,0" doraHai="20" doraHaiUra="23" who="3" fromWho="3" sc="224,-10,287,-10,206,-10,263,50" owari="214,-19.0,277,8.0,196,-30.0,313,41.0" /></mjloggm>