<mjloggm ver="2.3"><GO type="97" lobby="0"/><UN n0="%E3%81%BE%E3%81%99%E3%81%AE%E3%81%99%E3%81%97" n1="%E5%B0%B1%E6%B4%BB%E7%94%9F%40%E5%B7%9D%E6%9D%91%E8%BB%8D%E5%9B%A3" n2="%41%6D%75%73%61%6D%61" n3="%E3%82%AE%E3%83%BC%E5%A4%AA" dan="14,14,14,14" rate="1904.63,1989.31,1928.93,1979.08" sx="M,M,M,M"/><TAIKYOKU oya="0"/><INIT seed="0,0,0,0,2,98" ten="250,250,250,250" oya="0" hai0="79,2,44,91,118,99,74,14,97,53,48,96,103" hai1="29,130,67,92,120,35,132,80,51,50,33,82,84" hai2="23,58,20,54,121,124,56,86,111,6,119,123,0" hai3="101,5,41,87,126,3,83,65,1,112,15,78,18"/><T88/><D2/><U40/><E120/><V7/><F119/><W47/><G112/><T110/><D118/><U37/><E37/><V49/><F124/><W24/><G126/><T30/><D30/><U76/><E130/><V69/><F69/><W127/><G127/><T11/><D110/><U16/><E132/><V95/><F0/><W131/><G131/><T114/><D114/><U25/><E35/><V21/><F111/><W9/><G65/><T133/><D133/><U10/><E67/><V104/><F104/><W90/><G90/><N who="0" m="34347" /><D74/><U107/><E107/><V43/><F95/><W70/><G70/><T71/><D71/><U32/><E32/><V12/><F86/><W34/><G101/><T72/><D72/><U85/><E92/><V13/><F43/><W45/><G45/><T68/><D68/><U115/><E40/><V81/><F81/><W22/><REACH who="3" step="1"/><G34/><REACH who="3" ten="250,250,250,240" step="2"/><T52/><D79/><U8/><E115/><V134/><F134/><W55/><G55/><N who="0" m="30087" /><D103/><U38/><E38/><AGARI ba="0,1" hai="1,3,5,9,15,18,22,24,38,41,47,78,83,87" machi="38" ten="30,2000,0" yaku="1,1,7,1,53,0" doraHai="98" doraHaiUra="108" who="3" fromWho="1" sc="250,0,250,-20,250,0,240,30" /><INIT seed="1,0,0,3,0,111" ten="250,230,250,270" oya="1" hai0="100,69,91,27,84,93,0,41,87,60,7,21,54" hai1="22,130,71,28,39,122,49,43,101,106,102,48,83" hai2="96,97,116,13,86,62,125,114,53,44,98,103,19" hai3="115,51,85,59,47,9,16,6,67,89,94,117,134"/><U104/><E122/><V76/><F116/><W24/><G115/><T68/><D41/><U33/><E33/><V8/><F125/><W110/><G110/><T46/><D100/><U78/><E71/><V99/><F114/><W31/><G117/><T58/><D46/><U74/><E130/><V81/><F96/><W57/><G134/><T128/><D128/><U1/><E1/><V131/><F131/><W11/><G67/><T121/><D121/><U82/><E39/><V118/><F118/><W61/><G61/><T129/><D129/><U124/><E124/><V126/><F126/><W18/><G59/><T56/><D7/><U108/><E108/><V120/><F120/><W15/><G57/><T45/><D0/><U80/><E74/><V42/><F62/><W35/><REACH who="3" step="1"/><G9/><REACH who="3" ten="250,230,250,260" step="2"/><T119/><D119/><U113/><E113/><V40/><F103/><N who="1" m="39433" /><E106/><V25/><F8/><W79/><G79/><T95/><D58/><U36/><E104/><V133/><F76/><W109/><G109/><T29/><D45/><N who="1" m="25663" /><E36/><V88/><F133/><W63/><G63/><T20/><D69/><U123/><E123/><V72/><F44/><W73/><G73/><T5/><D68/><U3/><E49/><V32/><F72/><W30/><G30/><T26/><D29/><U4/><E78/><V23/><F32/><W127/><G127/><T12/><D60/><U112/><E112/><V14/><F53/><AGARI ba="0,1" hai="6,11,15,16,18,24,31,35,47,51,53,85,89,94" machi="53" ten="30,3900,0" yaku="1,1,7,1,54,1,53,0" doraHai="111" doraHaiUra="34" who="3" fromWho="2" sc="250,0,230,0,250,-39,260,49" /><INIT seed="2,0,0,2,5,7" ten="250,230,211,309" oya="2" hai0="135,29,88,28,102,3,0,27,50,26,17,96,10" hai1="8,21,117,108,126,71,73,14,32,92,9,76,72" hai2="39,62,67,45,12,60,124,11,114,30,105,55,46" hai3="81,97,115,107,116,129,51,20,87,113,106,91,6"/><V90/><F105/><W58/><G116/><T122/><D122/><U52/><E71/><V74/><F74/><W56/><G129/><T36/><D36/><U75/><E117/><V83/><F114/><N who="3" m="43531" /><G20/><T41/><D135/><U111/><E32/><V70/><F30/><W103/><G106/><T110/><D110/><N who="1" m="42027" /><E126/><V93/><F124/><W89/><G89/><T104/><D41/><U79/><E92/><V5/><F83/><W1/><G51/><T25/><D50/><U66/><E66/><V40/><F46/><W134/><G134/><T2/><REACH who="0" step="1"/><D88/><REACH who="0" ten="240,230,211,309" step="2"/><U98/><E98/><V54/><REACH who="2" step="1"/><F62/><REACH who="2" ten="240,230,201,309" step="2"/><W132/><G132/><T118/><D118/><U18/><E79/><V99/><AGARI ba="0,2" hai="5,11,12,39,40,45,54,55,60,67,70,90,93,99" machi="99" ten="20,12000,1" yaku="1,1,2,1,0,1,7,1,52,1,53,0" doraHai="7" doraHaiUra="109" who="2" fromWho="2" sc="240,-40,230,-40,201,140,309,-40" /><INIT seed="2,1,0,5,5,62" ten="200,190,341,269" oya="2" hai0="92,29,17,126,90,65,75,11,88,6,84,132,58" hai1="66,31,127,3,50,107,97,35,18,30,96,93,60" hai2="47,55,20,104,82,36,0,40,53,114,71,44,113" hai3="10,19,56,38,12,121,124,115,109,102,117,1,94"/><V64/><F104/><W100/><G121/><T120/><D120/><U43/><E127/><V81/><F0/><W57/><G117/><T46/><D75/><U39/><E3/><V110/><F20/><W91/><G124/><T78/><D126/><U101/><E39/><V111/><F82/><W79/><G38/><T13/><D132/><U42/><E18/><V76/><F76/><W80/><G109/><N who="2" m="41481" /><F81/><W123/><G123/><T33/><D78/><U5/><E5/><V9/><F9/><W98/><G115/><N who="2" m="44041" /><F44/><W74/><G1/><T134/><D46/><U15/><E15/><V21/><F21/><W118/><G118/><T135/><D134/><U108/><E108/><V51/><F51/><W133/><G133/><T14/><D135/><U130/><E50/><V83/><F83/><W52/><REACH who="3" step="1"/><G57/><REACH who="3" ten="200,190,341,259" step="2"/><T23/><D58/><U99/><E130/><V27/><F27/><W106/><G106/><T28/><D33/><U70/><E35/><V77/><F77/><W24/><G24/><T69/><REACH who="0" step="1"/><D90/><REACH who="0" ten="190,190,341,259" step="2"/><U25/><E101/><V67/><F71/><W95/><G95/><T4/><D4/><U73/><E93/><V22/><F22/><W45/><G45/><T116/><D116/><U87/><E107/><V32/><F32/><W48/><AGARI ba="1,2" hai="10,12,19,48,52,56,74,79,80,91,94,98,100,102" machi="48" ten="20,8000,1" yaku="1,1,0,1,7,1,54,1,53,1" doraHai="62" doraHaiUra="49" who="3" fromWho="3" sc="190,-21,190,-21,341,-41,259,103" /><INIT seed="3,0,0,3,2,82" ten="169,169,300,362" oya="3" hai0="89,108,69,132,29,126,9,85,2,73,25,83,71" hai1="100,135,10,34,32,46,94,41,31,110,36,67,75" hai2="57,13,14,53,84,96,70,78,17,117,15,105,127" hai3="55,76,113,61,86,103,0,107,114,27,90,49,22"/><W129/><G0/><T128/><D108/><U102/><E75/><V99/><F70/><W30/><G129/><T60/><D128/><U33/><E110/><V43/><F43/><W72/><G61/><T121/><D121/><U118/><E118/><V39/><F39/><W21/><G21/><T56/><D73/><U68/><E135/><V3/><F3/><W77/><G107/><T98/><D132/><U48/><E31/><V106/><F106/><W133/><G103/><T116/><D116/><U63/><E94/><V104/><F104/><W109/><G109/><T95/><D126/><U38/><REACH who="1" step="1"/><E10/><REACH who="1" ten="169,159,300,362" step="2"/><V66/><F117/><W50/><G133/><T115/><D115/><U97/><E97/><V81/><F127/><W59/><G72/><T35/><D9/><U134/><E134/><V20/><F105/><W44/><G113/><T12/><D2/><U64/><E64/><V40/><F66/><W88/><G114/><T26/><D26/><U74/><E74/><V92/><F40/><N who="3" m="24711" /><G90/><T51/><D12/><U93/><E93/><AGARI ba="0,1" hai="22,27,30,50,55,59,76,77,86,88,93" m="24711" machi="93" ten="30,5800,0" yaku="8,1,52,1,54,1" doraHai="82" who="3" fromWho="1" sc="169,0,159,-58,300,0,362,68" owari="169,-23.0,101,-40.0,300,10.0,430,53.0" /></mjloggm>