<mjloggm ver="2.3"><GO type="169" lobby="0"/><UN n0="%E6%98%9F%E3%81%AE%E3%81%8A%E3%81%98%E3%81%84%E6%A7%98" n1="%E3%83%AA%E3%83%BC%E3%83%81%EF%BC%91" n2="%E3%82%A6%E3%83%AB%E3%83%88%E3%83%A9%E7%AB%8B%E7%9B%B4" n3="%E6%A1%9C%E7%AB%9C%E2%80%A0%E3%82%BF%E3%83%9E" dan="16,18,17,16" rate="2142.20,2219.41,2170.48,2097.76" sx="F,M,M,F"/><TAIKYOKU oya="0"/><INIT seed="0,0,0,1,1,121" ten="250,250,250,250" oya="0" hai0="60,54,92,46,103,33,35,16,134,1,118,83,133" hai1="39,28,73,126,75,125,109,107,124,115,57,74,63" hai2="47,15,106,2,59,25,18,22,12,62,55,34,104" hai3="120,129,32,117,50,89,21,17,65,6,43,56,53"/><T3/><D118/><U23/><E107/><V97/><F2/><N who="0" m="522" /><D83/><U67/><E39/><V102/><F106/><W135/><G117/><T81/><D81/><U94/><E115/><V79/><F79/><W68/><G120/><T90/><D103/><U29/><E109/><V8/><F34/><W4/><G135/><N who="0" m="51723" /><D16/><U93/><REACH who="1" step="1"/><E23/><REACH who="1" ten="250,240,250,250" step="2"/><V99/><F104/><W110/><G110/><T101/><D101/><U51/><E51/><V48/><F102/><W78/><G32/><T66/><D35/><U76/><E76/><V52/><REACH who="2" step="1"/><F15/><REACH who="2" ten="250,240,240,250" step="2"/><W82/><G78/><T98/><D33/><U37/><E37/><V108/><F108/><W5/><G89/><T9/><D90/><U85/><E85/><V64/><F64/><W112/><G112/><T71/><D66/><U114/><E114/><V95/><F95/><AGARI ba="0,2" hai="28,29,57,63,67,73,74,75,93,94,95,124,125,126" machi="95" ten="50,3200,0" yaku="1,1,18,1,53,0" doraHai="121" doraHaiUra="13" who="1" fromWho="2" sc="250,0,240,52,240,-32,250,0" /><INIT seed="1,0,0,4,2,51" ten="250,292,208,250" oya="1" hai0="117,123,54,72,56,52,31,128,129,84,18,74,12" hai1="124,115,109,83,40,68,41,105,26,30,69,130,48" hai2="11,32,81,35,75,62,77,66,39,119,73,101,113" hai3="135,103,61,110,133,114,13,25,125,37,34,120,102"/><U88/><E105/><V92/><F119/><W132/><G120/><T118/><D31/><U97/><E115/><V89/><F113/><W112/><G37/><T8/><D123/><U87/><E124/><V55/><F75/><N who="0" m="28714" /><D84/><U10/><E130/><N who="0" m="50281" /><D54/><U43/><E97/><V131/><F131/><W82/><G125/><T85/><D85/><U59/><E109/><V20/><F101/><N who="3" m="38411" /><G110/><T16/><D18/><U63/><E48/><AGARI ba="0,0" hai="8,12,16,48,52,56,117,118" m="50281,28714" machi="48" ten="30,7700,0" yaku="19,1,52,1,54,2" doraHai="51" who="0" fromWho="1" sc="250,77,292,-77,208,0,250,0" /><INIT seed="2,0,0,0,0,4" ten="327,215,208,250" oya="2" hai0="86,46,18,30,47,39,27,11,99,85,51,131,107" hai1="96,114,33,16,64,56,135,110,132,36,20,5,17" hai2="120,61,42,26,7,75,65,128,54,111,100,29,67" hai3="43,41,130,76,66,31,80,133,102,9,109,14,57"/><V72/><F120/><W121/><G121/><T92/><D107/><U79/><E33/><V6/><F128/><W71/><G133/><N who="1" m="51274" /><E36/><V119/><F119/><W124/><G130/><T24/><D39/><U2/><E114/><V8/><F111/><W58/><G109/><T77/><D47/><U73/><E110/><V45/><F100/><W116/><G116/><T48/><D51/><U55/><E64/><V52/><F6/><W70/><G124/><T84/><D77/><U129/><E129/><V83/><F67/><W118/><G118/><T98/><D131/><U112/><E20/><V103/><F103/><W15/><G31/><T35/><D92/><U32/><E32/><V60/><F83/><W101/><G66/><T23/><REACH who="0" step="1"/><D11/><REACH who="0" ten="317,215,208,250" step="2"/><N who="1" m="2487" /><E112/><V40/><F75/><W50/><G50/><T28/><D28/><U68/><E79/><V78/><F78/><W63/><G76/><T59/><D59/><U89/><E68/><V19/><F72/><W25/><G80/><T1/><D1/><U38/><E38/><V122/><F29/><W117/><G117/><T123/><D123/><U91/><E73/><V126/><F122/><W134/><G63/><T93/><D93/><N who="1" m="56367" /><E91/><V44/><F126/><W22/><G134/><T62/><D62/><AGARI ba="0,1" hai="16,17,55,56,62" m="56367,2487,51274" machi="62" ten="30,3900,0" yaku="20,1,52,1,54,1" doraHai="4" who="1" fromWho="0" sc="317,-39,215,49,208,0,250,0" /><INIT seed="3,0,0,0,3,86" ten="278,264,208,250" oya="3" hai0="40,0,23,33,87,107,124,109,6,81,63,95,32" hai1="12,54,4,104,112,82,2,70,134,55,41,98,35" hai2="72,114,25,14,76,103,119,29,126,34,20,125,49" hai3="113,31,85,27,22,121,132,7,69,94,92,13,77"/><W64/><G121/><T111/><D107/><U9/><E112/><V130/><F114/><W50/><G113/><T105/><D105/><U3/><E134/><V61/><F119/><W18/><G132/><T19/><D124/><N who="2" m="47722" /><F103/><W88/><G77/><T17/><D95/><U66/><E35/><V120/><F61/><W1/><G50/><T16/><D40/><U46/><E70/><V57/><F130/><W10/><G64/><T110/><D63/><U56/><E66/><V122/><F76/><W38/><G69/><T62/><D62/><U93/><E104/><V79/><F79/><W100/><G38/><T99/><D99/><U45/><E56/><V131/><F72/><W21/><G100/><T5/><D23/><U24/><E46/><V37/><F37/><W43/><G43/><T106/><D106/><U65/><E65/><V42/><F131/><W83/><AGARI ba="0,0" hai="1,7,10,13,18,21,22,27,31,83,85,88,92,94" machi="83" ten="20,7800,0" yaku="0,1,7,1,52,1,54,1" doraHai="86" who="3" fromWho="3" sc="278,-26,264,-26,208,-26,250,78" /><INIT seed="3,1,0,0,4,0" ten="252,238,182,328" oya="3" hai0="17,27,1,88,41,4,3,28,131,90,132,103,65" hai1="64,126,32,57,29,82,70,58,97,61,24,9,98" hai2="13,21,84,121,91,123,106,102,110,59,15,71,46" hai3="52,72,83,74,54,120,105,55,68,95,117,39,76"/><W63/><G117/><T7/><D131/><U49/><E126/><V47/><F71/><W48/><G120/><N who="2" m="46153" /><F110/><W96/><G105/><T113/><D1/><U8/><E82/><V80/><F59/><W122/><G122/><T11/><D3/><U62/><E49/><V87/><F102/><W128/><G128/><T50/><D132/><U19/><E19/><N who="2" m="10479" /><F106/><W118/><G118/><T100/><D65/><U37/><E37/><V125/><F125/><W6/><G39/><T53/><D41/><U69/><E69/><V85/><F15/><W23/><G23/><N who="0" m="15487" /><D103/><U51/><E51/><V12/><F12/><W43/><G72/><T20/><D100/><U89/><E70/><V60/><F60/><W129/><G129/><T25/><D11/><U18/><E8/><V81/><F87/><W66/><G43/><T130/><D113/><U79/><E9/><V135/><F135/><W127/><G127/><T112/><D112/><U75/><E75/><V2/><F2/><W108/><G108/><T124/><D124/><U99/><E64/><V45/><F45/><W101/><REACH who="3" step="1"/><G48/><REACH who="3" ten="252,238,182,318" step="2"/><T44/><D130/><U86/><E62/><V5/><F5/><AGARI ba="1,1" hai="5,6,52,54,55,63,66,68,74,76,83,95,96,101" machi="5" ten="40,12000,1" yaku="1,1,2,1,52,2,54,1,53,0" doraHai="0" doraHaiUra="38" who="3" fromWho="2" sc="252,0,238,0,182,-123,318,133" /><AGARI ba="1,0" hai="4,5,7,17,20,25,44,50,53,88,90" m="15487" machi="5" ten="30,8000,1" yaku="8,1,52,3,54,1" doraHai="0" who="0" fromWho="2" sc="252,80,238,0,59,-80,451,0" owari="332,13.0,238,-16.0,-21,-52.0,451,55.0" /></mjloggm>