<mjloggm ver="2.3"><GO type="97" lobby="0"/><UN n0="%E3%81%97%E3%82%85%E3%81%B0%E3%82%8B%E3%81%A4" n1="%E5%B0%B1%E6%B4%BB%E7%94%9F%40%E5%B7%9D%E6%9D%91%E8%BB%8D%E5%9B%A3" n2="%6B%6E%75%64%33%71%32%34" n3="%E3%83%91%E3%83%8B%E3%82%AA" dan="14,14,13,13" rate="1849.91,2027.48,1828.01,1859.73" sx="M,M,M,M"/><TAIKYOKU oya="0"/><INIT seed="0,0,0,3,4,73" ten="250,250,250,250" oya="0" hai0="97,2,98,19,38,6,132,95,40,82,123,8,14" hai1="15,39,20,29,57,7,21,32,23,3,45,53,0" hai2="71,16,17,48,24,66,107,129,25,106,34,114,68" hai3="110,50,99,92,100,105,13,120,26,12,61,77,118"/><T44/><D123/><U87/><E39/><V117/><F129/><W56/><G118/><T104/><D104/><U49/><E32/><V96/><F117/><W86/><G110/><T128/><D128/><U42/><E29/><V81/><F114/><W35/><G120/><T36/><D36/><U62/><E7/><V46/><F25/><W130/><G130/><T89/><D132/><U108/><E108/><V133/><F133/><W74/><G50/><T41/><D41/><U65/><E15/><V76/><F71/><W93/><G26/><T109/><D109/><U69/><REACH who="1" step="1"/><E87/><REACH who="1" ten="250,240,250,250" step="2"/><V135/><F135/><W116/><G35/><T37/><D37/><U51/><AGARI ba="0,1" hai="0,3,20,21,23,42,45,49,51,53,57,62,65,69" machi="51" ten="30,4000,0" yaku="1,1,2,1,0,1,53,0" doraHai="73" doraHaiUra="30" who="1" fromWho="1" sc="250,-20,240,50,250,-10,250,-10" /><INIT seed="1,0,0,2,1,73" ten="230,290,240,240" oya="1" hai0="127,129,35,88,30,110,84,89,125,108,45,81,17" hai1="91,14,98,100,75,107,124,130,133,26,109,12,123" hai2="78,41,70,2,106,10,83,96,97,90,76,101,56" hai3="121,32,22,74,7,18,58,113,44,54,95,51,117"/><U131/><E123/><V5/><F70/><W87/><G32/><T119/><D119/><U23/><E75/><V77/><F41/><N who="3" m="24975" /><G74/><T63/><D129/><N who="1" m="49163" /><E124/><N who="0" m="47689" /><D17/><N who="1" m="12655" /><E133/><V122/><F56/><W6/><G117/><T27/><D63/><U40/><E40/><V13/><F122/><W102/><G113/><T80/><D45/><U85/><E109/><N who="0" m="42089" /><D81/><AGARI ba="0,0" hai="12,14,81,85,91,98,100,107" m="12655,49163" machi="81" ten="30,1500,0" yaku="19,1" doraHai="73" who="1" fromWho="0" sc="230,-15,290,15,240,0,240,0" /><INIT seed="1,1,0,1,1,118" ten="215,305,240,240" oya="1" hai0="120,70,56,50,90,39,97,24,85,115,32,40,15" hai1="55,49,127,68,80,63,74,34,25,13,125,94,47" hai2="21,76,77,42,86,126,53,17,58,19,109,108,61" hai3="51,31,99,88,0,130,66,71,111,116,121,59,29"/><U33/><E13/><V75/><F126/><N who="1" m="48137" /><E94/><V35/><F75/><W119/><G0/><T8/><D115/><U106/><E106/><V83/><F35/><N who="1" m="13321" /><E25/><V36/><F36/><W105/><G105/><T132/><D24/><U10/><E10/><V69/><F42/><W84/><G99/><T4/><D39/><U22/><E22/><V122/><F69/><W114/><G114/><T104/><D40/><U112/><E112/><V73/><F73/><W65/><G71/><T124/><D97/><U9/><E9/><V28/><F77/><W16/><G119/><T62/><D104/><U135/><E135/><V45/><F45/><W14/><G116/><T1/><D32/><U52/><E74/><V103/><F103/><W92/><G130/><T98/><D132/><U2/><E2/><V117/><F117/><W5/><G111/><N who="2" m="42569" /><F28/><N who="3" m="10827" /><G121/><T3/><D120/><U82/><E68/><V93/><F93/><W102/><G5/><T96/><D1/><U79/><E79/><V95/><F95/><W78/><G102/><T41/><D3/><U87/><E87/><V110/><N who="2" m="42577" /><V57/><DORA hai="38" /><F122/><W7/><G7/><T72/><D72/><U101/><E101/><V23/><F57/><AGARI ba="1,0" hai="47,49,52,55,57,63,80,82" m="13321,48137" machi="57" ten="30,2900,0" yaku="18,1,54,1" doraHai="118,38" who="1" fromWho="2" sc="215,0,305,32,240,-32,240,0" /><INIT seed="1,2,0,0,0,18" ten="215,337,208,240" oya="1" hai0="117,107,114,36,95,135,118,0,37,133,5,58,75" hai1="123,63,13,82,39,23,46,16,128,86,29,98,14" hai2="113,66,48,121,40,131,80,110,126,61,127,27,34" hai3="129,79,78,115,24,93,28,96,103,15,94,71,45"/><U53/><E123/><V7/><F121/><W6/><G71/><T51/><D114/><U59/><E128/><V9/><F110/><W134/><G129/><T88/><D107/><U111/><E111/><V31/><F113/><W130/><G134/><N who="0" m="51211" /><D75/><U89/><E29/><V69/><F80/><W100/><G115/><T41/><D0/><U83/><E98/><V120/><F120/><W42/><G6/><T33/><D5/><U116/><E116/><V50/><F131/><W77/><G15/><T124/><D124/><U60/><E14/><V21/><F34/><W68/><G68/><T17/><D17/><U70/><E70/><V26/><F26/><W125/><G125/><N who="2" m="47625" /><F40/><W109/><G109/><T52/><D33/><U35/><E35/><V85/><F85/><W119/><G119/><N who="0" m="45579" /><D41/><U25/><E39/><V43/><F43/><W38/><G130/><T4/><D4/><U22/><E46/><V74/><F74/><W97/><G24/><T54/><D54/><U49/><E82/><V57/><F69/><W65/><G28/><T67/><D67/><AGARI ba="2,0" hai="38,42,45,65,67,77,78,79,93,94,96,97,100,103" machi="67" ten="40,1300,0" yaku="9,1" doraHai="18" who="3" fromWho="0" sc="215,-19,337,0,208,0,240,19" /><INIT seed="2,0,0,0,5,62" ten="196,337,208,259" oya="2" hai0="87,106,1,50,6,40,36,93,66,30,63,118,90" hai1="14,31,4,79,13,16,34,55,24,54,107,51,59" hai2="47,113,23,60,81,25,108,91,22,43,103,18,104" hai3="111,8,105,58,0,73,89,71,11,99,26,38,17"/><V41/><F113/><W68/><G73/><T97/><D36/><U27/><E107/><V112/><F112/><W115/><G38/><T98/><D118/><U49/><E79/><V128/><F128/><W46/><G115/><T131/><D131/><U28/><E4/><V123/><F123/><W35/><G46/><T32/><D6/><U52/><E54/><V39/><F43/><W77/><G77/><T15/><D15/><U120/><E120/><V7/><F7/><W10/><G0/><T85/><D1/><U64/><E64/><V20/><F108/><W65/><G111/><T21/><D50/><U124/><E124/><V117/><F117/><W5/><G5/><T100/><D40/><U67/><E67/><V88/><F91/><W126/><G126/><T109/><D21/><U122/><E122/><V95/><F81/><W53/><G65/><T110/><D110/><U132/><E132/><V42/><F42/><W69/><G105/><T83/><D83/><U114/><E114/><V130/><F130/><W33/><G71/><N who="0" m="42463" /><D109/><U70/><E70/><V127/><F127/><W96/><G69/><T80/><D80/><U9/><E14/><V2/><F2/><W129/><G129/><T3/><D3/><U75/><E75/><V74/><F74/><W45/><G68/><T12/><D12/><U44/><E34/><V135/><F135/><W29/><G35/><T116/><D116/><U78/><E78/><V57/><F103/><W48/><G48/><T133/><D133/><U19/><E27/><AGARI ba="0,0" hai="27,30,32,85,87,90,93,97,98,100,106" m="42463" machi="27" ten="30,2000,0" yaku="25,1,52,1" doraHai="62" who="0" fromWho="1" sc="196,20,337,-20,208,0,259,0" /><INIT seed="3,0,0,1,3,45" ten="216,317,208,259" oya="3" hai0="7,125,9,13,54,91,11,1,52,32,132,71,63" hai1="117,53,100,55,5,78,120,129,112,130,46,37,92" hai2="97,44,135,107,16,25,93,0,61,95,6,14,81" hai3="76,119,98,79,18,27,110,22,64,127,36,85,41"/><W94/><G119/><T29/><D132/><U133/><E112/><V69/><F135/><W40/><G127/><T20/><D125/><U88/><E117/><V17/><F81/><N who="3" m="47271" /><G36/><T99/><D71/><U66/><E120/><V113/><F44/><W75/><G75/><T30/><D32/><U77/><E133/><V12/><F113/><W43/><G79/><T103/><D91/><U124/><E100/><V38/><F38/><W70/><G70/><T51/><D63/><U84/><E124/><V67/><F0/><W24/><G110/><T49/><D9/><U101/><E101/><V59/><F6/><W73/><G64/><T3/><D3/><U19/><E66/><V116/><F25/><N who="3" m="14551" /><G73/><T108/><D108/><U68/><E68/><V121/><F121/><W80/><G80/><T105/><D1/><U48/><E37/><V96/><F116/><W42/><N who="3" m="10752" /><DORA hai="28" /><W102/><AGARI ba="0,0" hai="24,27,94,98,102" m="10752,14551,47271" machi="102" ten="40,3900,0" yaku="4,1,8,1" doraHai="45,28" who="3" fromWho="3" sc="216,-13,317,-13,208,-13,259,39" /><INIT seed="3,1,0,4,3,38" ten="203,304,195,298" oya="3" hai0="70,116,134,122,128,104,32,56,31,88,25,97,47" hai1="19,108,7,44,84,81,102,29,117,119,12,41,100" hai2="93,85,45,48,86,110,50,95,0,9,64,51,94" hai3="18,17,5,21,58,28,101,46,11,125,66,92,65"/><W61/><G125/><T89/><D128/><U98/><E108/><V107/><F110/><W55/><G28/><T78/><D116/><N who="1" m="44619" /><E29/><V43/><F107/><W99/><G46/><T74/><D47/><U129/><E129/><V82/><F64/><N who="3" m="24683" /><G21/><T71/><D97/><U8/><E19/><N who="3" m="7178" /><G11/><T67/><D31/><U27/><E27/><V103/><F9/><W87/><G5/><T133/><D32/><U126/><E126/><V63/><F0/><W59/><G59/><T91/><D56/><U23/><E23/><V34/><F63/><N who="3" m="36319" /><G87/><N who="2" m="33289" /><F34/><W3/><G3/><T114/><D25/><U60/><E60/><AGARI ba="1,0" hai="60,61,92,99,101" m="36319,7178,24683" machi="60" ten="30,1500,0" yaku="8,1" doraHai="38" who="3" fromWho="1" sc="203,0,304,-18,195,0,298,18" owari="203,-20.0,286,9.0,195,-30.0,316,41.0" /></mjloggm>