<mjloggm ver="2.3"><GO type="97" lobby="0"/><UN n0="%E3%81%97%E3%81%9A%E3%82%82%E3%82%93" n1="%E8%97%A4%E7%94%B0%E5%92%B2" n2="%E5%B0%B1%E6%B4%BB%E7%94%9F%40%E5%B7%9D%E6%9D%91%E8%BB%8D%E5%9B%A3" n3="%E2%98%85%E6%98%9F%E9%A6%AC%E3%83%88%E3%83%83%E3%82%B7%E3%82%A4%E2%98%85" dan="13,13,14,13" rate="1978.68,1872.31,1972.74,1890.05" sx="F,M,M,M"/><TAIKYOKU oya="0"/><INIT seed="0,0,0,2,2,116" ten="250,250,250,250" oya="0" hai0="37,88,5,40,26,50,67,112,15,81,65,84,0" hai1="17,62,92,118,107,79,48,87,73,38,2,104,90" hai2="13,57,105,102,22,27,34,53,46,133,6,71,43" hai3="36,111,124,134,94,123,39,47,4,95,114,63,70"/><T68/><D112/><U49/><E38/><V35/><F71/><W103/><G114/><T126/><D37/><U29/><E118/><V83/><F133/><W115/><G134/><T3/><D126/><U45/><E2/><V30/><F105/><W58/><G115/><T59/><D68/><U72/><E49/><V55/><F102/><W93/><G124/><T74/><D74/><U41/><E62/><V7/><F55/><W44/><G111/><T127/><D127/><U78/><E29/><V11/><F83/><W23/><G103/><T117/><D117/><U76/><REACH who="1" step="1"/><E17/><REACH who="1" ten="250,240,250,250" step="2"/><V24/><F35/><W60/><G63/><T120/><D50/><U108/><E108/><V109/><F109/><W98/><G60/><T121/><D65/><U135/><E135/><V122/><F122/><W33/><G123/><T12/><D120/><U18/><E18/><V82/><F34/><W125/><G33/><T51/><D121/><U113/><E113/><V25/><F30/><W61/><G125/><T75/><D67/><U69/><E69/><V100/><F7/><W99/><G70/><T110/><D110/><U32/><E32/><V97/><F6/><W131/><G4/><T19/><D5/><U101/><E101/><V86/><F100/><W9/><G39/><T130/><D3/><U42/><E42/><V106/><F43/><W89/><G36/><T96/><D0/><U77/><N who="1" m="19968" /><DORA hai="28" /><U85/><E85/><V119/><F86/><W1/><G1/><T129/><D40/><U132/><E132/><V10/><F119/><W31/><G31/><T20/><D51/><RYUUKYOKU ba="0,1" sc="250,-10,240,30,250,-10,250,-10" hai1="41,45,48,72,73,87,90,92,104,107" /><INIT seed="1,1,1,0,5,99" ten="240,270,240,240" oya="1" hai0="45,105,63,132,19,115,50,57,12,36,28,38,108" hai1="117,95,9,4,66,120,100,84,80,39,59,41,114" hai2="58,101,71,103,89,20,68,110,64,27,29,109,128" hai3="24,83,76,11,113,104,23,102,7,124,111,0,77"/><U122/><E117/><V86/><F128/><W93/><G124/><T5/><D115/><U61/><E114/><V97/><F58/><W119/><G113/><T90/><D108/><N who="2" m="41578" /><F97/><W34/><G119/><T55/><D132/><U75/><E75/><V107/><F107/><W78/><G111/><T35/><D5/><U37/><E37/><V135/><F135/><W48/><G104/><T43/><D105/><U85/><E39/><V94/><F64/><W79/><G34/><T62/><D28/><U2/><E41/><V82/><F82/><W121/><G121/><T33/><D36/><U18/><E18/><V106/><F106/><W40/><N who="3" m="19456" /><DORA hai="53" /><W10/><G83/><T98/><D35/><U69/><E69/><AGARI ba="1,1" hai="20,27,29,68,69,71,86,89,94,101,103" m="41578" machi="69" ten="30,3900,0" yaku="14,1,52,2" doraHai="99,53" who="2" fromWho="1" sc="240,0,270,-42,240,52,240,0" /><INIT seed="2,0,0,3,5,135" ten="240,228,292,240" oya="2" hai0="100,33,0,57,59,124,110,65,40,123,67,35,2" hai1="103,43,89,13,61,112,107,21,133,105,95,16,24" hai2="102,60,72,37,6,30,27,56,128,58,108,49,96" hai3="93,81,70,86,20,22,84,34,38,116,39,118,15"/><V132/><F37/><W134/><G134/><T111/><D100/><U47/><E112/><V17/><F72/><W79/><G70/><T29/><D29/><U12/><E133/><V62/><F128/><W28/><G34/><T64/><D40/><U68/><E103/><V51/><F132/><W91/><G39/><T97/><D97/><U26/><E26/><V23/><F108/><N who="0" m="41514" /><D123/><U75/><E75/><V46/><F6/><W78/><G38/><T71/><D124/><U44/><E44/><V115/><F115/><W99/><G22/><T19/><D19/><U7/><E13/><V114/><F114/><W5/><G28/><T18/><D18/><U3/><E3/><N who="0" m="1065" /><D71/><U121/><E121/><V127/><F127/><W1/><G1/><T45/><D45/><U104/><E68/><V42/><F17/><W55/><G20/><T98/><D98/><U31/><E61/><V129/><F129/><W122/><G122/><T14/><D14/><U88/><E95/><N who="2" m="58655" /><F51/><W50/><G15/><T80/><D80/><U8/><REACH who="1" step="1"/><E7/><REACH who="1" ten="240,218,292,240" step="2"/><V130/><F130/><W66/><G5/><T106/><D106/><U54/><E54/><V125/><F125/><W41/><G41/><T109/><D109/><U101/><E101/><V10/><F60/><W36/><G66/><T119/><D119/><U69/><E69/><V77/><F62/><W74/><G74/><T117/><D117/><U52/><E52/><V83/><F56/><AGARI ba="0,1" hai="33,35,56,57,59,64,65,67" m="1065,41514" machi="56" ten="40,5200,0" yaku="28,2,14,1" doraHai="135" who="0" fromWho="2" sc="240,62,218,0,292,-52,240,0" /><INIT seed="3,0,0,1,5,94" ten="302,218,240,240" oya="3" hai0="101,105,51,96,130,54,131,8,9,63,100,110,72" hai1="132,31,60,98,117,57,24,103,59,116,74,37,104" hai2="48,126,18,68,95,115,108,92,81,127,79,55,53" hai3="134,52,56,49,106,41,69,97,39,123,0,26,42"/><W135/><G123/><T38/><D38/><U4/><E74/><N who="2" m="43255" /><F68/><W119/><G0/><T76/><D110/><U93/><E37/><V43/><F115/><W90/><G119/><N who="1" m="45642" /><E4/><V125/><F108/><W36/><G26/><T102/><D63/><U19/><E19/><V91/><F18/><W133/><G69/><T84/><D72/><U46/><E46/><N who="2" m="25695" /><F92/><N who="3" m="56471" /><G106/><T80/><D9/><U29/><E104/><V13/><F13/><W47/><G42/><T35/><D8/><U27/><E132/><N who="3" m="33794" /><W75/><DORA hai="44" /><G75/><T21/><D35/><N who="1" m="20903" /><E60/><AGARI ba="0,0" hai="36,39,41,47,49,52,56,60" m="33794,56471" machi="60" ten="40,12000,1" yaku="20,1,52,2,54,1" doraHai="94,44" who="3" fromWho="1" sc="302,0,218,-120,240,0,240,120" owari="302,10.0,98,-40.0,240,-16.0,360,46.0" /></mjloggm>