<mjloggm ver="2.3"><GO type="41" lobby="0"/><UN n0="%E3%82%AD%E3%83%A7%E3%83%B3%E3%83%89%E3%82%A6" n1="%E3%81%97%E3%81%BB%E3%81%B7%E3%81%85" n2="%E3%83%88%E3%83%88%E3%83%AA%E5%85%88%E7%94%9F%31%39%E6%AD%B3" n3="%E3%83%9D%E3%82%B8%E3%83%BC" dan="13,14,14,15" rate="1800.56,1928.71,2024.10,2021.64" sx="M,F,F,M"/><TAIKYOKU oya="0"/><INIT seed="0,0,0,4,5,20" ten="250,250,250,250" oya="0" hai0="43,94,117,6,102,103,75,115,112,10,54,4,130" hai1="122,19,45,99,58,13,39,71,89,87,9,27,55" hai2="83,133,73,121,82,3,131,106,126,57,26,16,105" hai3="62,2,8,90,134,113,46,84,63,123,33,97,92"/><T91/><D117/><U24/><E71/><V70/><F70/><W80/><G33/><T51/><D75/><U120/><E120/><V0/><F121/><W52/><G123/><T64/><D130/><U76/><E122/><V107/><F131/><W21/><G113/><T85/><D64/><U61/><E39/><V114/><F114/><W47/><G134/><T66/><D66/><U125/><E125/><V128/><F128/><W40/><G2/><T12/><D115/><U110/><E110/><V109/><F109/><W29/><G8/><T41/><D112/><U32/><E32/><V88/><F133/><W68/><G68/><T35/><D35/><U22/><E45/><V18/><F73/><W95/><G95/><T67/><D67/><U15/><E76/><V42/><F107/><W86/><G86/><T116/><D116/><U23/><E99/><V11/><F106/><W81/><G81/><T79/><D79/><U96/><E22/><V118/><F3/><W108/><G108/><T7/><D103/><U38/><E96/><V60/><F0/><W53/><G21/><T50/><D102/><U101/><E101/><V65/><F126/><W25/><G97/><T72/><D72/><U56/><E56/><V78/><F105/><W28/><G47/><N who="0" m="25967" /><D43/><U49/><E61/><V14/><F118/><W31/><G40/><T98/><D98/><U119/><E38/><V30/><F42/><W1/><G46/><AGARI ba="0,0" hai="4,6,7,10,12,46,51,54,85,91,94" m="25967" machi="46" ten="30,1500,0" yaku="8,1" doraHai="20" who="0" fromWho="3" sc="250,15,250,0,250,0,250,-15" /><INIT seed="0,1,0,2,5,108" ten="265,250,250,235" oya="0" hai0="32,40,25,47,104,101,31,95,0,2,68,36,44" hai1="102,119,22,118,51,37,43,63,49,20,111,48,46" hai2="90,50,67,123,98,33,4,29,135,80,15,117,109" hai3="85,65,26,5,127,75,129,8,3,66,91,1,107"/><T41/><D95/><U13/><E111/><V125/><F109/><W132/><G75/><T122/><D122/><U81/><E102/><V113/><F123/><W53/><G107/><T21/><D21/><U100/><E100/><V61/><F135/><W93/><G132/><T24/><D24/><U57/><E81/><V62/><F125/><W19/><G127/><T77/><D77/><U28/><E20/><V110/><F110/><W130/><G3/><T14/><D14/><U30/><E30/><V59/><F117/><W6/><G6/><T7/><D7/><U79/><E79/><V18/><F4/><W87/><G53/><T105/><D105/><U96/><E96/><V11/><F113/><W103/><G103/><T72/><D72/><U23/><E23/><V126/><F126/><W97/><G19/><T42/><D42/><U55/><REACH who="1" step="1"/><E13/><REACH who="1" ten="265,240,250,235" step="2"/><V70/><F29/><W83/><G26/><AGARI ba="1,1" hai="22,26,28,37,43,46,48,49,51,55,57,63,118,119" machi="26" ten="40,2600,0" yaku="1,1,2,1,53,0" doraHai="108" doraHaiUra="133" who="1" fromWho="3" sc="265,0,240,39,250,0,235,-29" /><INIT seed="1,0,0,4,1,74" ten="265,279,250,206" oya="1" hai0="128,30,61,16,98,72,92,5,33,53,4,31,96" hai1="44,131,93,126,130,36,124,2,129,64,88,135,99" hai2="70,0,94,15,87,65,103,86,6,79,49,50,77" hai3="100,120,25,11,7,56,39,76,12,1,21,45,121"/><U123/><E2/><V69/><F0/><W10/><G100/><T134/><D128/><U73/><E123/><V51/><F65/><W26/><G56/><T132/><D72/><U35/><E35/><V52/><F69/><W117/><G117/><T68/><D33/><U38/><E64/><V34/><F70/><W60/><G60/><T66/><D53/><U104/><E44/><V105/><F105/><W71/><G71/><T17/><D30/><U32/><E32/><V19/><F6/><W62/><G62/><T8/><D31/><U107/><E73/><V41/><F34/><W115/><G115/><T78/><D78/><N who="2" m="29706" /><F41/><W125/><G76/><T57/><D68/><U83/><E83/><V106/><F106/><N who="1" m="40489" /><E135/><N who="0" m="51753" /><D98/><U59/><E59/><V42/><F42/><W46/><G121/><T118/><D118/><U18/><E18/><N who="0" m="7273" /><D8/><U113/><E113/><V85/><F52/><W122/><G120/><T89/><AGARI ba="0,0" hai="4,5,57,61,66,89,92,96" m="7273,51753" machi="89" ten="30,2000,0" yaku="20,1,54,1" doraHai="74" who="0" fromWho="0" sc="265,20,279,-10,250,-5,206,-5" /><INIT seed="2,0,0,0,3,19" ten="285,269,245,201" oya="2" hai0="21,90,98,18,35,91,86,13,101,81,80,25,52" hai1="39,11,6,66,121,9,118,42,31,92,37,30,7" hai2="128,8,109,48,71,69,107,28,134,74,51,135,100" hai3="10,38,62,26,64,65,57,123,24,124,46,22,43"/><V0/><F74/><W84/><G123/><T3/><D3/><U14/><E118/><V125/><F128/><W82/><G124/><T112/><D112/><U88/><E121/><V104/><F125/><W68/><G10/><T2/><D2/><U70/><E70/><N who="2" m="26635" /><F8/><W103/><G103/><T105/><D35/><U54/><E66/><V93/><F0/><W122/><G122/><T61/><D25/><U130/><E130/><V110/><F93/><W29/><G68/><T1/><D1/><U126/><E126/><V45/><F28/><W75/><G75/><T67/><D52/><U72/><E72/><V97/><F107/><W5/><G5/><T50/><D50/><N who="2" m="18986" /><F45/><W111/><G26/><T113/><D113/><U4/><E14/><V15/><F15/><W16/><G29/><T127/><D127/><U55/><E42/><V49/><N who="2" m="18994" /><V17/><DORA hai="59" /><F17/><W53/><REACH who="3" step="1"/><G111/><AGARI ba="0,0" hai="97,100,104,109,110,111,134,135" m="18994,26635" machi="111" ten="40,3900,0" yaku="14,1,10,1" doraHai="19,59" who="2" fromWho="3" sc="285,0,269,0,245,39,201,-39" /><INIT seed="2,1,0,2,4,88" ten="285,269,284,162" oya="2" hai0="103,63,102,49,97,125,118,73,59,68,110,52,40" hai1="54,66,14,22,82,128,83,32,30,28,67,130,115" hai2="111,75,11,94,35,27,80,44,123,120,126,1,7" hai3="9,39,72,56,132,60,43,17,101,106,92,108,87"/><V116/><F116/><W20/><G72/><T113/><D113/><U91/><E115/><V107/><F107/><W89/><G108/><T109/><D73/><U70/><E70/><V23/><F35/><W119/><G119/><T90/><D118/><U48/><E32/><V114/><F114/><W78/><G78/><T135/><D125/><U84/><E82/><V51/><F126/><W41/><G132/><T47/><D135/><U8/><E30/><V71/><F71/><W117/><G117/><T85/><D68/><U36/><E22/><V31/><F111/><N who="0" m="42506" /><D97/><U38/><E28/><V19/><F31/><W96/><G9/><T129/><D129/><U121/><E121/><V95/><F80/><AGARI ba="1,0" hai="40,47,49,52,59,63,80,85,90,102,103" m="42506" machi="80" ten="30,2000,0" yaku="14,1,54,1" doraHai="88" who="0" fromWho="2" sc="285,23,269,0,284,-23,162,0" /><INIT seed="3,0,0,2,2,111" ten="308,269,261,162" oya="3" hai0="28,84,53,10,64,41,90,120,77,12,93,134,88" hai1="71,110,79,73,80,95,44,103,115,36,6,4,32" hai2="129,101,118,119,72,15,24,128,78,68,121,37,99" hai3="9,45,26,42,86,39,122,112,91,33,124,19,92"/><W67/><G122/><T130/><D120/><U85/><E110/><V16/><F121/><W43/><G124/><T105/><D105/><U14/><E71/><V48/><F37/><W60/><G43/><T108/><D108/><U62/><E32/><V52/><F24/><W13/><G112/><T116/><D116/><U40/><E115/><V82/><F68/><W104/><G104/><T70/><D130/><N who="2" m="50282" /><F99/><W35/><G26/><T106/><D134/><U5/><E62/><V18/><F101/><W131/><G131/><T69/><D106/><U54/><E54/><V22/><F18/><W1/><G1/><T125/><D125/><U117/><E117/><V57/><AGARI ba="0,0" hai="15,16,22,48,52,57,72,78,82,118,119" m="50282" machi="57" ten="30,4000,0" yaku="19,1,54,2" doraHai="111" who="2" fromWho="2" sc="308,-10,269,-10,261,40,162,-20" /><INIT seed="4,0,0,5,3,106" ten="298,259,301,142" oya="0" hai0="79,44,51,132,68,108,7,37,92,14,105,127,112" hai1="20,21,76,48,18,57,77,8,41,43,97,130,56" hai2="29,5,19,63,73,85,27,2,1,30,65,80,103" hai3="135,52,88,120,36,13,32,111,82,75,60,33,4"/><T17/><D112/><U9/><E130/><V89/><F5/><W23/><G36/><T119/><D119/><U104/><E104/><V129/><F129/><W38/><G38/><T64/><D105/><U83/><E97/><V45/><F103/><W0/><G0/><T114/><D114/><U70/><E70/><V121/><F121/><W49/><G120/><T53/><D7/><U16/><E48/><V25/><F19/><W84/><G111/><T24/><D108/><U58/><E58/><V71/><F45/><W124/><G135/><T46/><D132/><U40/><E40/><V115/><F115/><W11/><G124/><T98/><D127/><U93/><REACH who="1" step="1"/><E93/><REACH who="1" ten="298,249,301,142" step="2"/><V107/><F107/><W90/><G60/><T133/><D133/><U69/><E69/><V117/><F117/><W35/><G23/><T123/><D123/><U62/><E62/><V86/><F63/><W72/><REACH who="3" step="1"/><G90/><REACH who="3" ten="298,249,301,132" step="2"/><T96/><D37/><U131/><E131/><V99/><F89/><W102/><G102/><T101/><D101/><U39/><E39/><V109/><F109/><W26/><G26/><T134/><D24/><U122/><E122/><V118/><F118/><W59/><AGARI ba="0,2" hai="4,11,13,32,33,35,49,52,59,72,75,82,84,88" machi="59" ten="30,12000,2" yaku="1,1,0,1,52,2,54,2,53,1" doraHai="106" doraHaiUra="87" who="3" fromWho="3" sc="298,-60,249,-30,301,-30,132,140" /><INIT seed="5,0,0,2,0,111" ten="238,219,271,272" oya="1" hai0="1,71,50,76,32,110,53,62,64,116,131,119,3" hai1="37,87,18,135,103,54,52,77,31,23,89,101,9" hai2="84,56,44,59,96,83,88,43,24,5,15,0,35" hai3="93,2,21,106,130,38,14,72,108,27,115,19,28"/><U123/><E123/><V95/><F0/><W45/><G106/><T127/><D110/><U125/><E37/><V100/><F35/><W73/><G108/><T40/><D127/><U104/><E125/><V66/><F66/><W81/><G2/><T92/><D131/><U51/><E77/><V105/><F24/><W132/><G130/><T33/><D116/><U107/><E107/><V30/><F30/><W133/><G93/><T126/><D119/><U11/><E104/><V39/><F5/><W118/><G118/><T22/><D3/><U34/><E31/><V46/><F15/><W78/><G73/><T61/><D1/><U29/><E29/><V121/><F121/><W60/><G60/><T48/><D32/><U70/><E34/><V25/><F25/><W134/><G38/><T112/><D33/><U113/><E113/><V6/><F6/><W91/><G45/><T109/><D109/><U97/><E97/><V7/><F7/><W12/><G91/><T90/><D112/><U124/><E70/><V128/><F128/><W67/><G67/><T75/><D126/><U42/><E124/><V63/><F63/><W47/><G47/><T86/><D62/><U20/><E135/><V10/><F10/><N who="1" m="3593" /><E42/><V94/><F44/><W129/><G129/><T122/><D122/><U82/><E54/><V49/><F39/><W68/><G68/><T57/><D22/><N who="1" m="8235" /><E18/><V65/><F65/><W99/><G19/><T13/><D40/><U85/><E85/><V120/><F120/><W74/><G115/><T26/><D13/><N who="3" m="5225" /><G74/><T8/><D8/><U79/><E79/><RYUUKYOKU ba="0,0" sc="238,-30,219,10,271,10,272,10" hai1="51,52,82,87,89,101,103" hai2="43,46,49,56,59,83,84,88,94,95,96,100,105" hai3="21,27,28,72,78,81,99,132,133,134" /><INIT seed="5,1,0,2,2,23" ten="208,229,281,282" oya="1" hai0="97,20,49,118,48,42,117,112,93,7,76,113,128" hai1="127,131,33,86,54,62,8,44,108,59,13,95,114" hai2="120,71,12,67,64,123,134,101,115,10,72,37,0" hai3="74,110,69,3,90,9,121,41,83,60,39,107,132"/><U116/><E116/><V47/><F72/><W58/><G90/><T111/><D111/><U103/><E108/><V65/><F0/><W119/><G110/><T11/><D76/><U50/><E114/><V14/><F71/><W88/><G119/><T4/><D118/><U85/><E127/><V32/><F32/><W26/><G107/><T91/><D117/><U79/><E131/><V2/><F115/><N who="0" m="44106" /><D128/><U28/><E33/><V125/><F134/><W63/><G132/><T135/><D135/><U25/><E79/><V126/><F101/><W92/><G69/><T89/><D42/><U16/><E103/><V66/><F2/><W77/><G121/><N who="2" m="46665" /><F67/><W46/><G58/><T27/><D91/><U29/><E29/><V36/><F47/><W81/><G81/><T1/><D7/><U52/><E95/><V21/><F21/><W30/><G9/><T102/><D102/><U129/><E129/><V109/><F109/><W82/><G82/><T100/><D100/><U104/><E104/><V68/><F10/><W34/><REACH who="3" step="1"/><G3/><REACH who="3" ten="208,229,281,272" step="2"/><T130/><D130/><U22/><AGARI ba="1,1" hai="8,13,16,22,25,28,44,50,52,54,59,62,85,86" machi="22" ten="20,18000,2" yaku="0,1,7,1,8,1,52,1,54,2" doraHai="23" who="1" fromWho="1" sc="208,-61,229,193,281,-61,272,-61" /><INIT seed="5,2,0,2,3,15" ten="147,422,220,211" oya="1" hai0="63,41,105,67,118,119,120,8,82,113,40,56,31" hai1="115,96,87,3,42,47,9,37,5,109,102,108,124" hai2="10,11,50,0,99,7,86,59,110,55,4,61,27" hai3="69,92,77,112,21,2,57,123,48,65,14,129,93"/><U51/><E124/><V68/><F110/><N who="1" m="42601" /><E115/><V19/><F99/><W132/><G2/><T39/><D113/><U53/><E87/><V30/><F86/><W72/><G69/><T73/><D120/><U54/><E51/><V114/><F114/><W22/><G112/><T134/><D105/><AGARI ba="2,0" hai="3,5,9,37,42,47,53,54,96,102,105" m="42601" machi="105" ten="30,1500,0" yaku="10,1" doraHai="15" who="1" fromWho="0" sc="147,-21,422,21,220,0,211,0" /><INIT seed="5,3,0,0,0,105" ten="126,443,220,211" oya="1" hai0="42,81,23,59,123,78,131,56,132,18,100,76,77" hai1="128,19,10,106,22,52,28,82,67,126,50,49,26" hai2="51,125,98,110,24,74,91,104,127,121,37,115,114" hai3="93,0,27,109,134,92,55,64,53,4,66,21,118"/><U111/><E106/><V9/><F37/><W63/><G109/><T101/><D131/><U3/><E111/><V120/><F110/><W99/><G134/><T72/><D132/><U33/><E128/><V1/><F74/><W69/><G118/><T70/><D123/><N who="2" m="47178" /><F51/><W32/><G32/><T75/><D70/><U60/><E126/><N who="2" m="48139" /><F24/><W58/><G93/><T71/><D71/><U25/><E50/><V57/><F57/><W129/><G129/><T29/><D29/><U88/><E3/><V87/><F9/><W17/><G0/><T5/><D5/><U90/><E10/><V65/><F65/><W107/><G107/><T47/><D42/><U62/><E82/><N who="2" m="49655" /><F1/><W113/><G4/><T44/><D77/><U68/><E62/><V30/><F30/><W35/><G35/><T108/><D108/><U124/><E124/><V80/><F80/><W116/><G116/><T97/><D81/><U73/><E73/><V130/><F130/><W8/><G8/><T11/><D11/><U38/><E38/><V13/><F13/><W34/><G34/><T46/><D46/><AGARI ba="3,0" hai="19,22,25,26,28,33,46,49,52,60,67,68,88,90" machi="46" ten="30,5800,0" yaku="7,1,54,2" doraHai="105" who="1" fromWho="0" sc="126,-67,443,67,220,0,211,0" /><INIT seed="5,4,0,2,2,102" ten="59,510,220,211" oya="1" hai0="116,104,56,35,45,88,4,31,125,130,52,118,99" hai1="61,55,76,73,22,2,109,134,8,79,58,97,48" hai2="124,115,27,0,75,135,95,37,30,14,96,21,131" hai3="44,62,53,40,15,83,117,17,34,128,38,84,110"/><U11/><E109/><V77/><F0/><W24/><G110/><T121/><D125/><U100/><E134/><V41/><F135/><W51/><G128/><T33/><D130/><U91/><E91/><V29/><F131/><W57/><G117/><T54/><D4/><U50/><E73/><V36/><F124/><W93/><G93/><T59/><D121/><U123/><E123/><V63/><F115/><W112/><G112/><T7/><D45/><U105/><E2/><V90/><F41/><W5/><G5/><T12/><D7/><U87/><E76/><V106/><F106/><W28/><G38/><T103/><D12/><U114/><E22/><V72/><F30/><W1/><G1/><T6/><D6/><U111/><E111/><V20/><F75/><W82/><G84/><T69/><D69/><U49/><E114/><V98/><F98/><W85/><G85/><T122/><D122/><U42/><E42/><V113/><F113/><W108/><G108/><T46/><D46/><U60/><E60/><V80/><F63/><W32/><G32/><T18/><D18/><U66/><E66/><V74/><F74/><W133/><G133/><T92/><D118/><U132/><E132/><V129/><F129/><W126/><G126/><T101/><D116/><U68/><E68/><V71/><F71/><W13/><G13/><T67/><D101/><U3/><E3/><V94/><F14/><W64/><G40/><T78/><D78/><U119/><E119/><V89/><F21/><AGARI ba="4,0" hai="15,17,21,24,28,34,44,51,53,57,62,64,82,83" machi="21" ten="30,1000,0" yaku="7,1" doraHai="102" who="3" fromWho="2" sc="59,0,510,0,220,-22,211,22" /><INIT seed="6,0,0,4,2,96" ten="59,510,198,233" oya="2" hai0="35,21,81,31,71,100,24,90,63,86,25,66,0" hai1="104,84,45,110,97,2,111,29,91,75,126,64,9" hai2="79,122,87,67,22,65,94,80,13,102,124,109,4" hai3="134,58,113,112,99,6,16,69,85,38,36,77,33"/><V106/><F122/><W62/><G69/><T130/><D130/><U135/><E75/><V1/><F106/><W60/><G33/><T82/><D0/><U103/><E64/><N who="2" m="24651" /><F1/><W133/><G6/><T57/><D71/><U114/><E29/><V132/><F132/><N who="3" m="50795" /><G99/><T70/><D70/><U53/><E135/><V115/><F124/><W117/><G117/><T101/><REACH who="0" step="1"/><D82/><REACH who="0" ten="49,510,198,233" step="2"/><U72/><E2/><V19/><F80/><W127/><G127/><T107/><D107/><U55/><E104/><V61/><F109/><W18/><G113/><T26/><D26/><U28/><E111/><V40/><F115/><W17/><G112/><T39/><D39/><U105/><E105/><V93/><F93/><W89/><G38/><T42/><D42/><U12/><E114/><V128/><F40/><W20/><G36/><T30/><AGARI ba="0,1" hai="21,24,25,30,31,35,57,63,66,81,86,90,100,101" machi="30" ten="20,8000,1" yaku="1,1,0,1,7,1,52,2,53,0" doraHai="96" doraHaiUra="129" who="0" fromWho="0" sc="49,90,510,-20,198,-40,233,-20" /><INIT seed="7,0,0,2,1,16" ten="139,490,158,213" oya="3" hai0="31,48,101,94,5,81,2,131,57,130,134,100,64" hai1="124,106,95,50,54,13,79,63,87,91,6,108,99" hai2="22,52,8,97,18,85,109,55,37,58,122,116,120" hai3="51,89,69,121,107,15,49,19,80,35,14,90,119"/><W73/><G35/><T47/><D2/><U53/><E108/><V112/><F109/><W20/><G69/><T88/><D5/><U10/><E124/><V133/><F116/><W104/><G119/><T78/><D64/><U43/><E106/><V34/><F34/><W45/><G121/><N who="2" m="46697" /><F112/><W128/><G128/><N who="0" m="49195" /><D57/><U67/><E43/><V17/><F133/><W72/><G19/><N who="2" m="7177" /><F37/><W74/><G80/><T114/><D31/><U68/><E50/><N who="2" m="30999" /><F55/><W39/><G39/><T21/><D21/><U115/><E115/><V0/><F85/><W103/><G74/><N who="0" m="43223" /><D114/><U32/><E32/><V11/><F0/><W82/><G82/><T118/><D118/><U110/><E110/><V113/><F113/><W28/><G28/><T23/><D23/><U62/><E54/><V41/><F41/><W42/><G42/><N who="0" m="24695" /><D134/><U27/><E53/><V3/><F22/><W56/><G20/><T61/><D61/><U129/><E63/><V9/><F3/><W70/><G56/><T26/><D26/><U40/><E27/><V84/><F84/><AGARI ba="0,0" hai="84,88,94,100,101" m="24695,43223,49195" machi="84" ten="30,2000,0" yaku="19,1,54,1" doraHai="16" who="0" fromWho="2" sc="139,20,490,0,158,-20,213,0" owari="159,-24.0,490,59.0,138,-36.0,213,1.0" /></mjloggm>