<mjloggm ver="2.3"><GO type="41" lobby="0"/><UN n0="%6D%61%6B%6F%74%6F%31%34" n1="%E5%8F%8C%E8%91%89%70" n2="%E3%83%88%E3%83%88%E3%83%AA%E5%85%88%E7%94%9F%31%39%E6%AD%B3" n3="%E3%82%AE%E3%83%A3%E3%83%AA%E3%83%90%E3%83%B3" dan="13,14,15,14" rate="1891.47,1887.06,2045.80,2028.04" sx="M,M,F,M"/><TAIKYOKU oya="0"/><INIT seed="0,0,0,4,3,90" ten="250,250,250,250" oya="0" hai0="14,64,124,83,62,6,7,127,94,112,114,76,93" hai1="107,116,15,44,129,126,91,34,118,17,42,80,3" hai2="105,43,54,41,60,101,20,104,75,46,16,72,56" hai3="11,45,87,49,85,59,121,31,39,97,69,27,100"/><T53/><D53/><U111/><E3/><V40/><F46/><W1/><G69/><T0/><D0/><U21/><E107/><V122/><F122/><W61/><G39/><T50/><D50/><U8/><E34/><V57/><F57/><W58/><G59/><N who="0" m="36959" /><D14/><U125/><E129/><V108/><F108/><W77/><G77/><T115/><D7/><U103/><E103/><V130/><F130/><W26/><G26/><T133/><D6/><U29/><E111/><V22/><F22/><W38/><G27/><T4/><D4/><U55/><E55/><V32/><F32/><W23/><G49/><T36/><D133/><U51/><E29/><V135/><F135/><W28/><G11/><T134/><D36/><U102/><E102/><V33/><F33/><W113/><G45/><T52/><D52/><U95/><E8/><V96/><REACH who="2" step="1"/><F105/><REACH who="2" ten="250,250,240,250" step="2"/><W24/><G58/><T106/><D106/><U89/><E116/><V73/><F73/><W19/><G121/><T109/><D109/><U25/><E118/><V92/><F92/><W2/><G113/><T12/><D134/><U13/><E95/><V18/><F18/><W74/><G19/><T63/><D63/><U132/><E132/><V88/><F88/><N who="1" m="33865" /><E80/><V30/><F30/><W119/><G31/><T37/><D37/><U47/><E47/><V65/><F65/><W81/><G28/><T68/><D115/><U99/><E44/><V67/><F67/><W35/><G38/><T98/><D114/><U10/><E10/><V117/><F117/><W84/><G119/><T123/><D112/><U48/><E17/><RYUUKYOKU ba="0,1" sc="250,-10,250,-10,240,30,250,-10" hai2="16,20,40,41,43,54,56,60,72,75,96,101,104" /><INIT seed="1,1,1,5,2,88" ten="240,240,270,240" oya="1" hai0="46,15,24,6,67,34,93,62,54,94,82,105,130" hai1="81,27,47,28,122,107,51,72,42,108,132,75,117" hai2="20,30,109,92,1,78,31,98,83,59,18,58,33" hai3="14,2,19,114,79,87,90,7,116,123,70,115,134"/><U3/><E122/><V49/><F1/><W26/><G70/><T21/><D105/><U97/><E117/><V126/><F109/><W4/><G123/><T63/><D130/><U57/><E108/><V119/><F119/><W127/><G79/><T13/><D34/><U104/><E3/><V8/><F8/><W45/><G116/><T113/><D113/><U48/><E132/><V103/><F126/><W89/><G26/><T135/><D135/><U74/><E81/><V84/><F33/><W61/><G4/><T118/><D82/><U56/><E97/><V16/><F18/><W40/><G19/><N who="0" m="12351" /><D118/><U96/><E96/><V77/><F77/><W120/><G14/><N who="0" m="5131" /><D6/><U68/><E68/><V95/><F16/><W101/><G2/><T110/><D110/><U38/><E38/><V39/><F39/><W44/><G7/><T112/><D67/><U37/><E37/><V99/><F20/><W36/><G36/><T71/><D71/><U52/><REACH who="1" step="1"/><E57/><REACH who="1" ten="240,230,270,240" step="2"/><N who="2" m="21515" /><F49/><W55/><G134/><T64/><D112/><U60/><E60/><N who="0" m="23081" /><D64/><U111/><E111/><V128/><F128/><W66/><G61/><T53/><D53/><U86/><E86/><V121/><F121/><W12/><G87/><T131/><D131/><U43/><E43/><V5/><F5/><W35/><G40/><T102/><D102/><AGARI ba="1,2" hai="30,31,78,83,84,92,95,98,99,102,103" m="21515" machi="102" ten="30,3900,0" yaku="8,1,52,2" doraHai="88" who="2" fromWho="0" sc="240,-42,230,0,270,62,240,0" /><INIT seed="2,0,0,1,0,129" ten="198,230,332,240" oya="2" hai0="72,91,11,27,38,49,57,37,93,55,32,104,67" hai1="53,47,7,29,123,8,44,90,1,19,20,100,4" hai2="43,69,105,75,127,0,131,116,34,3,85,130,133" hai3="101,128,92,73,115,71,134,48,12,30,25,36,102"/><V81/><RYUUKYOKU type="yao9" ba="0,0" sc="198,0,230,0,332,0,240,0" hai2="0,3,34,43,69,75,81,85,105,116,127,130,131,133" /><INIT seed="2,1,0,3,1,41" ten="198,230,332,240" oya="2" hai0="70,24,25,107,33,23,46,18,38,119,65,126,79" hai1="121,86,125,13,12,42,74,95,29,80,131,112,111" hai2="96,7,4,132,110,108,19,63,43,94,128,51,76" hai3="73,39,114,89,10,8,53,122,91,26,82,134,92"/><V127/><F128/><W115/><G134/><T62/><D79/><U21/><E112/><N who="3" m="43050" /><G122/><T0/><D0/><U88/><E121/><V72/><F132/><W69/><G69/><T50/><D38/><U77/><E131/><V49/><F127/><W135/><G135/><T67/><D67/><U130/><E130/><V22/><F63/><W84/><G39/><T58/><D107/><U83/><E125/><V113/><F113/><W60/><G26/><T106/><D106/><U64/><E111/><N who="2" m="42539" /><F76/><N who="3" m="44303" /><G91/><T40/><D126/><U59/><E42/><V14/><F72/><W32/><G32/><T104/><D104/><U118/><E118/><V17/><F17/><W75/><G75/><T48/><D119/><U66/><E80/><V105/><F105/><W99/><G99/><T34/><D25/><U9/><E59/><AGARI ba="1,0" hai="8,10,53,59,60,84,89,92" m="44303,43050" machi="59" ten="30,1000,0" yaku="11,1" doraHai="41" who="3" fromWho="1" sc="198,0,230,-13,332,0,240,13" /><INIT seed="3,0,0,2,4,63" ten="198,217,332,253" oya="3" hai0="87,125,60,79,25,16,17,100,65,61,32,3,105" hai1="114,20,40,22,111,28,2,29,116,92,107,127,112" hai2="53,11,7,35,133,9,34,85,131,30,74,44,135" hai3="96,27,51,103,118,76,49,128,45,47,66,78,77"/><W64/><G118/><T98/><D60/><U18/><E107/><V21/><F74/><W72/><G72/><T95/><D3/><U38/><E116/><V15/><F85/><W70/><G70/><T8/><D8/><U6/><E92/><V123/><F53/><W46/><G27/><T14/><D14/><U104/><E104/><V120/><F44/><W48/><REACH who="3" step="1"/><G128/><REACH who="3" ten="198,217,332,243" step="2"/><T84/><D25/><N who="1" m="14487" /><E114/><V110/><F131/><W58/><G58/><T88/><D32/><U19/><E112/><V119/><F119/><W130/><G130/><T99/><D125/><U117/><E127/><V0/><F34/><W108/><G108/><T13/><D79/><U81/><E117/><V62/><F35/><W55/><G55/><T52/><D52/><U102/><E111/><V132/><F110/><W129/><G129/><T122/><D122/><U50/><E40/><V12/><F120/><W115/><G115/><T134/><D134/><U57/><E57/><V5/><F123/><W90/><G90/><T97/><D97/><U101/><E102/><V113/><F113/><W75/><G75/><T86/><REACH who="0" step="1"/><D13/><REACH who="0" ten="188,217,332,243" step="2"/><N who="1" m="9583" /><E2/><V26/><F0/><W59/><G59/><AGARI ba="0,2" hai="16,17,59,61,65,84,86,87,88,95,98,99,100,105" machi="59" ten="40,8000,1" yaku="1,1,52,1,54,2,53,1" doraHai="63" doraHaiUra="56" who="0" fromWho="3" sc="188,100,217,0,332,0,243,-80" /><INIT seed="4,0,0,2,1,2" ten="288,217,332,163" oya="0" hai0="31,58,59,71,17,92,93,108,128,110,55,131,28" hai1="87,22,81,104,64,109,118,94,82,32,135,8,84" hai2="5,124,79,26,107,29,75,90,120,9,119,60,83" hai3="126,116,68,13,49,103,129,132,36,12,41,122,88"/><T44/><D44/><U62/><E32/><V114/><F114/><W25/><G68/><T38/><D71/><U14/><E118/><V112/><F112/><W18/><G116/><T57/><D55/><U86/><E104/><V70/><F119/><W15/><G36/><T52/><D52/><U1/><E1/><V106/><F124/><W6/><G126/><T33/><D17/><U95/><E135/><V101/><F90/><W56/><G132/><T65/><D65/><U76/><E109/><N who="0" m="42089" /><D38/><U0/><E0/><N who="2" m="167" /><F101/><W72/><G129/><N who="0" m="49739" /><D33/><U34/><E22/><V61/><F61/><W11/><G15/><T91/><D93/><N who="1" m="35339" /><E34/><N who="2" m="20791" /><F120/><W73/><G13/><T69/><D69/><U78/><E62/><V53/><F53/><W16/><G12/><T45/><D45/><U46/><E46/><V123/><F123/><W20/><G41/><T127/><D127/><U80/><E64/><AGARI ba="0,0" hai="60,64,70,75,79,83,106,107" m="20791,167" machi="64" ten="30,3900,0" yaku="33,2,52,1" doraHai="2" who="2" fromWho="1" sc="288,0,217,-39,332,39,163,0" /><INIT seed="5,0,0,2,1,134" ten="288,178,371,163" oya="1" hai0="56,48,101,2,104,84,4,69,10,25,15,62,106" hai1="129,55,76,89,41,82,63,111,14,88,61,73,66" hai2="60,67,53,70,119,31,8,79,114,117,6,122,54" hai3="12,57,3,16,20,59,124,52,21,102,94,37,116"/><U0/><E0/><V125/><F122/><W46/><G3/><T130/><D130/><U38/><E129/><V29/><F79/><W64/><G116/><T112/><D112/><U105/><E105/><V65/><F114/><W92/><G37/><T27/><D69/><U131/><E131/><V58/><F70/><W45/><G124/><T93/><D106/><U115/><E115/><V103/><F103/><W77/><G77/><T132/><D104/><U5/><E111/><V90/><F90/><W47/><G102/><T85/><D48/><U7/><E55/><V68/><F68/><W121/><G121/><T74/><D74/><U44/><E63/><V133/><F60/><N who="3" m="37903" /><G21/><T80/><D2/><U19/><E5/><V9/><F6/><W39/><G39/><T50/><D50/><AGARI ba="0,0" hai="12,16,20,45,46,47,50,52,59,92,94" m="37903" machi="50" ten="30,3900,0" yaku="8,1,54,2" doraHai="134" who="3" fromWho="0" sc="288,-39,178,0,371,0,163,39" /><INIT seed="6,0,0,5,1,11" ten="249,178,371,202" oya="2" hai0="134,116,125,119,97,66,100,4,2,58,21,115,90" hai1="98,72,34,102,93,62,36,12,130,19,76,42,17" hai2="99,103,18,43,80,129,132,79,111,30,122,26,28" hai3="35,82,59,68,56,106,87,16,14,0,70,104,31"/><V88/><F122/><W67/><G0/><T75/><D75/><U83/><E34/><V1/><F1/><W15/><G106/><T22/><D90/><U32/><E32/><V109/><F129/><W131/><G104/><T53/><D66/><U5/><E130/><V49/><F132/><W41/><G70/><T69/><D69/><U124/><E124/><V127/><F127/><W77/><G68/><T74/><D74/><U65/><E42/><V121/><F121/><W89/><G131/><T52/><D134/><U105/><E36/><V38/><F38/><W133/><G133/><T6/><D53/><U86/><E62/><V84/><F79/><W57/><G35/><T47/><D47/><U55/><E55/><V81/><F81/><W117/><G31/><T73/><D73/><U10/><REACH who="1" step="1"/><E65/><REACH who="1" ten="249,168,371,202" step="2"/><V120/><F43/><W45/><G67/><T71/><D125/><U92/><E92/><V39/><F39/><W23/><G117/><T50/><D71/><U94/><E94/><V44/><F120/><W128/><G128/><T101/><D119/><U123/><E123/><V24/><F49/><N who="3" m="26799" /><G77/><T3/><D116/><U54/><E54/><V107/><F107/><W118/><G118/><T27/><D52/><U126/><E126/><V48/><F48/><W91/><G91/><AGARI ba="0,1" hai="5,10,12,17,19,72,76,83,86,91,93,98,102,105" machi="91" ten="40,8000,1" yaku="1,1,24,2,52,1,53,1" doraHai="11" doraHaiUra="8" who="1" fromWho="3" sc="249,0,168,90,371,0,202,-80" /><INIT seed="7,0,0,2,5,105" ten="249,258,371,122" oya="3" hai0="133,82,77,91,59,86,1,64,92,31,23,0,2" hai1="14,93,127,27,132,13,28,29,48,85,128,8,96" hai2="116,102,123,50,95,119,47,41,16,62,25,38,108" hai3="12,100,19,5,76,32,36,52,60,74,73,78,9"/><W15/><G36/><T124/><D133/><U122/><E122/><V97/><F108/><W120/><G32/><T80/><D80/><U121/><E121/><V37/><F123/><W39/><G120/><T45/><D45/><U21/><E132/><V43/><F62/><W68/><G39/><T67/><D124/><U111/><E111/><V125/><F125/><W87/><G100/><T56/><D59/><U89/><E127/><V4/><F4/><W18/><G5/><T11/><D11/><U26/><E128/><V70/><F70/><W71/><G87/><T79/><D77/><N who="3" m="29801" /><G60/><T34/><D34/><U130/><E130/><V3/><F3/><W44/><G9/><T57/><D67/><U83/><E48/><V17/><F50/><W33/><G44/><T22/><D64/><U72/><E72/><N who="3" m="27754" /><G33/><T49/><D49/><U10/><E10/><V75/><F75/><W94/><G94/><T110/><D110/><U101/><E8/><V55/><F47/><W51/><G51/><T134/><D134/><U99/><E99/><V114/><F95/><W90/><G90/><T106/><D106/><U6/><E6/><V113/><F97/><W69/><G52/><T115/><D57/><U117/><E101/><V107/><F102/><W65/><G65/><T58/><D56/><U135/><E135/><V54/><F107/><W53/><G53/><T35/><D58/><U112/><E85/><V104/><F104/><W24/><G24/><AGARI ba="0,0" hai="16,17,24,25,37,38,41,43,54,55,113,114,116,119" machi="24" ten="25,3200,0" yaku="22,2,54,1" doraHai="105" who="2" fromWho="3" sc="249,0,258,0,371,32,122,-32" owari="249,-15.0,258,6.0,403,50.0,90,-41.0" /></mjloggm>