<mjloggm ver="2.3"><GO type="169" lobby="0"/><UN n0="%E3%82%A6%E3%83%AB%E3%83%88%E3%83%A9%E7%AB%8B%E7%9B%B4" n1="%6D%6F%63%68%69%30" n2="%E3%81%B3%E3%82%8A%E3%81%B3%E3%82%8A%E2%98%86%E3%83%93%E3%83%AA%E3%83%BC" n3="%E5%AD%A3%E9%81%95%E3%81%84%E4%BF%B3%E4%BA%BA" dan="17,19,19,18" rate="2146.20,2286.39,2313.87,2234.82" sx="M,F,M,M"/><TAIKYOKU oya="0"/><INIT seed="0,0,0,5,4,72" ten="250,250,250,250" oya="0" hai0="42,60,19,71,47,89,95,62,59,110,96,55,92" hai1="48,27,124,79,25,113,86,105,107,67,94,39,112" hai2="11,22,117,134,10,68,103,53,131,111,23,65,74" hai3="17,91,88,9,51,133,83,85,32,87,99,28,125"/><T46/><D110/><U77/><E39/><V21/><F111/><W52/><G125/><T35/><D35/><U104/><E124/><V127/><F127/><W97/><G133/><T6/><D6/><U81/><E67/><V70/><F134/><W50/><G50/><T40/><D19/><U45/><E94/><V56/><F74/><W101/><G101/><T16/><D16/><U57/><E57/><V49/><F131/><W41/><G41/><N who="0" m="15979" /><D71/><U129/><E129/><V3/><F117/><W29/><G32/><T119/><D119/><U128/><E128/><V115/><F115/><N who="1" m="44105" /><E79/><V61/><F3/><W58/><G28/><T44/><D95/><U75/><E75/><V64/><REACH who="2" step="1"/><F103/><REACH who="2" ten="250,250,240,250" step="2"/><W33/><G33/><T8/><D8/><U135/><E135/><V7/><F7/><W43/><G29/><T37/><D37/><U120/><E120/><V31/><F31/><W108/><G108/><T76/><D76/><U30/><E30/><V4/><F4/><W36/><G36/><T130/><D130/><U126/><E126/><V34/><F34/><W12/><REACH who="3" step="1"/><G43/><AGARI ba="0,1" hai="25,27,43,45,48,77,81,86,104,105,107" m="44105" machi="43" ten="40,2600,0" yaku="11,1,52,1" doraHai="72" who="1" fromWho="3" sc="250,0,250,36,240,0,250,-26" /><INIT seed="1,0,0,2,1,79" ten="250,286,240,224" oya="1" hai0="99,7,56,69,112,96,74,49,107,6,84,57,8" hai1="129,32,0,50,102,94,5,117,90,108,22,29,77" hai2="73,21,89,59,125,62,88,100,27,9,43,93,135" hai3="1,83,24,46,113,85,48,80,115,42,4,18,121"/><U75/><E117/><V65/><F73/><W16/><G121/><T122/><D74/><U28/><E129/><V10/><F135/><W128/><G128/><T33/><D112/><U98/><E108/><V13/><F125/><W15/><G1/><T81/><D69/><U92/><E32/><V52/><F43/><W54/><G113/><T71/><D71/><U109/><E109/><V63/><F100/><W124/><G124/><T126/><D126/><U134/><E134/><V17/><F10/><N who="3" m="4551" /><G115/><T105/><D33/><U25/><E50/><V55/><F63/><W70/><G70/><T119/><D119/><U23/><E5/><V30/><F89/><N who="3" m="51367" /><G24/><T20/><D107/><U130/><E0/><V111/><F111/><W34/><G34/><T103/><D105/><U35/><E28/><V41/><F41/><W38/><G38/><T31/><D122/><U114/><E114/><V82/><F82/><W51/><G83/><T97/><D103/><U91/><E75/><V12/><REACH who="2" step="1"/><F13/><REACH who="2" ten="250,286,230,224" step="2"/><W118/><G118/><T120/><D120/><U104/><E130/><V110/><F110/><W66/><G66/><T60/><D8/><U86/><E77/><V106/><F106/><W44/><AGARI ba="0,1" hai="16,18,42,44,46,48,51,54" m="51367,4551" machi="44" ten="30,4000,0" yaku="8,1,52,1,54,1" doraHai="79" who="3" fromWho="3" sc="250,-10,286,-20,230,-10,224,50" /><INIT seed="2,0,0,1,3,82" ten="240,266,220,274" oya="2" hai0="49,74,97,11,116,104,16,132,78,15,124,127,55" hai1="14,18,92,89,24,60,129,105,58,8,128,36,27" hai2="56,65,26,64,53,118,70,77,71,67,72,80,57" hai3="2,117,4,25,90,88,40,121,108,28,54,75,34"/><V114/><F114/><W37/><G121/><T22/><D132/><U9/><E36/><V131/><F118/><W112/><G117/><T126/><D116/><U51/><E105/><V13/><F131/><W59/><G112/><T35/><D35/><U122/><E122/><V3/><F3/><W96/><G75/><T110/><D110/><U61/><E61/><V87/><F72/><W107/><G108/><T102/><D78/><U76/><E76/><V84/><F26/><W101/><G40/><T115/><D74/><U42/><E9/><V109/><F109/><W81/><G37/><T130/><D115/><U1/><E1/><V134/><F134/><W30/><G30/><T66/><D66/><U103/><E103/><V120/><F120/><W68/><G68/><T83/><D83/><U73/><E73/><V85/><F13/><W33/><G33/><T123/><D123/><U32/><E32/><V12/><F12/><W10/><REACH who="3" step="1"/><G81/><REACH who="3" ten="240,266,220,264" step="2"/><T41/><D41/><U7/><E129/><V47/><F71/><W31/><G31/><T113/><D113/><U6/><E128/><V99/><F70/><W17/><G17/><T44/><REACH who="0" step="1"/><D130/><REACH who="0" ten="230,266,220,264" step="2"/><U95/><E6/><V63/><F80/><W5/><G5/><T125/><N who="0" m="31744" /><DORA hai="46" /><T111/><D111/><U100/><E7/><V50/><F77/><W98/><G98/><T52/><D52/><U43/><E43/><V91/><F63/><AGARI ba="0,2" hai="2,4,10,25,28,34,54,59,63,88,90,96,101,107" machi="63" ten="30,8000,1" yaku="1,1,7,1,54,1,53,2" doraHai="82,46" doraHaiUra="86,135" who="3" fromWho="2" sc="230,0,266,0,220,-80,264,100" /><INIT seed="3,0,0,3,2,85" ten="230,266,140,364" oya="3" hai0="13,119,83,105,124,134,27,89,117,114,131,10,18" hai1="68,56,3,63,100,98,16,123,108,5,52,58,120" hai2="7,111,21,23,26,55,48,125,60,87,81,32,2" hai3="74,118,94,38,29,127,72,97,12,66,113,107,78"/><W122/><G38/><T116/><D105/><U121/><E108/><V22/><F111/><W20/><G118/><T53/><D124/><U54/><E68/><V112/><F112/><W41/><G113/><T0/><D114/><U47/><E47/><V45/><F125/><W70/><G122/><T43/><D131/><U39/><E39/><V73/><F73/><W128/><G41/><T57/><D134/><U86/><E86/><V67/><F32/><W101/><G128/><T76/><D43/><U77/><E77/><V88/><F7/><W64/><G127/><T8/><D27/><U36/><E36/><V69/><REACH who="2" step="1"/><F2/><REACH who="2" ten="230,266,130,364" step="2"/><W4/><G4/><T95/><D0/><U1/><E5/><V24/><AGARI ba="0,1" hai="21,22,23,24,26,45,48,55,60,67,69,81,87,88" machi="24" ten="30,8000,1" yaku="1,1,2,1,0,1,52,1,54,1,53,0" doraHai="85" doraHaiUra="102" who="2" fromWho="2" sc="230,-20,266,-20,130,90,364,-40" /><INIT seed="4,0,0,3,4,85" ten="210,246,220,324" oya="0" hai0="128,38,60,44,2,105,9,98,126,76,119,71,112" hai1="48,121,23,32,74,106,10,26,43,101,19,122,52" hai2="14,16,21,117,125,64,56,36,22,57,127,75,3" hai3="4,104,73,62,81,115,12,84,61,33,118,133,129"/><T28/><D119/><U6/><E74/><V1/><F36/><W25/><G118/><T124/><D128/><U31/><E43/><V67/><F117/><W24/><G115/><T88/><D76/><U41/><E41/><V95/><F75/><W68/><G73/><T91/><D28/><U120/><E101/><V27/><F95/><W79/><G104/><T55/><D112/><U65/><E65/><V0/><F67/><W35/><G129/><T130/><D130/><U69/><E69/><V45/><F45/><W123/><G68/><T135/><D135/><U96/><E96/><V58/><REACH who="2" step="1"/><F64/><REACH who="2" ten="210,246,210,324" step="2"/><W77/><G133/><T110/><D110/><U86/><E106/><V132/><F132/><W47/><G47/><T72/><D72/><U70/><E122/><V108/><F108/><W42/><G123/><T114/><D114/><U11/><E121/><V134/><F134/><W94/><G94/><T39/><D39/><U18/><E120/><V93/><F93/><W87/><G81/><T50/><D38/><U131/><E131/><V59/><N who="2" m="14336" /><DORA hai="78" /><V80/><F80/><W13/><G61/><T7/><D71/><U51/><E70/><V107/><F107/><W53/><G62/><T97/><D60/><U102/><E51/><V40/><F40/><W90/><G42/><T66/><D66/><U15/><E48/><V116/><F116/><W8/><G53/><T103/><REACH who="0" step="1"/><D98/><REACH who="0" ten="200,246,210,324" step="2"/><U109/><E109/><V17/><AGARI ba="0,2" hai="0,1,3,14,16,17,21,22,27,125,127" m="14336" machi="17" ten="50,6400,0" yaku="1,1,0,1,54,1,53,0" doraHai="85,78" doraHaiUra="89,46" who="2" fromWho="2" sc="200,-32,246,-16,210,84,324,-16" /><INIT seed="5,0,0,1,1,116" ten="168,230,294,308" oya="1" hai0="71,110,98,40,63,23,122,95,59,100,56,112,133" hai1="58,57,55,12,16,26,29,41,27,128,32,52,51" hai2="83,90,115,35,104,24,126,9,72,45,39,121,3" hai3="119,78,31,102,20,5,7,64,13,79,80,4,11"/><U48/><E128/><V0/><F104/><W17/><G119/><T81/><D110/><U127/><E127/><V107/><F107/><W96/><G64/><N who="0" m="41375" /><D40/><U123/><E123/><V60/><F126/><W69/><G69/><T37/><D37/><U84/><E41/><N who="2" m="22719" /><F90/><W62/><G62/><T130/><D130/><U36/><E36/><V120/><F60/><W46/><G46/><T106/><D106/><U15/><E84/><V93/><F93/><N who="3" m="58639" /><G80/><T1/><D1/><N who="2" m="586" /><F9/><W25/><AGARI ba="0,0" hai="4,5,7,11,13,17,20,25,31,78,79" m="58639" machi="25" ten="30,1100,0" yaku="8,1" doraHai="116" who="3" fromWho="3" sc="168,-3,230,-5,294,-3,308,11" /><INIT seed="6,0,0,2,4,44" ten="165,225,291,319" oya="2" hai0="67,10,57,122,27,21,118,11,132,112,47,102,22" hai1="49,46,5,119,127,96,18,124,62,3,37,34,70" hai2="59,133,53,63,110,87,32,0,123,134,17,25,52" hai3="15,65,108,101,38,6,69,19,120,58,94,33,91"/><V113/><F123/><W72/><G120/><T125/><D122/><U88/><E119/><V48/><F0/><W24/><G108/><T129/><D118/><U89/><E34/><V85/><F113/><W40/><G72/><T56/><D112/><U13/><E37/><V66/><F53/><W43/><G69/><T4/><D125/><N who="1" m="48203" /><E5/><V103/><F103/><W71/><G71/><T97/><D129/><U117/><E3/><V20/><F32/><W50/><G101/><T99/><D132/><N who="2" m="50794" /><F110/><W26/><G38/><T79/><D79/><U64/><E96/><V93/><F93/><W51/><G6/><T114/><D114/><U28/><E28/><V107/><F107/><W16/><G33/><T100/><D4/><U31/><E31/><V8/><F8/><N who="3" m="6247" /><G65/><T126/><D67/><U81/><E81/><V121/><F121/><W1/><G1/><T45/><REACH who="0" step="1"/><D126/><REACH who="0" ten="155,225,291,319" step="2"/><U82/><E117/><V80/><F80/><W84/><G19/><T74/><D74/><U78/><E82/><V35/><F35/><W109/><G109/><T86/><D86/><U23/><E78/><V68/><AGARI ba="0,1" hai="17,20,25,48,52,59,63,66,68,85,87" m="50794" machi="68" ten="30,6000,0" yaku="20,1,52,1,54,1" doraHai="44" who="2" fromWho="2" sc="155,-20,225,-20,291,70,319,-20" /><INIT seed="6,1,0,3,2,97" ten="135,205,361,299" oya="2" hai0="20,5,135,56,44,1,2,12,53,66,134,107,133" hai1="38,24,99,59,110,28,105,36,89,69,76,92,7" hai2="95,103,26,84,88,4,54,68,70,113,109,3,55" hai3="115,130,74,118,63,96,49,47,61,128,78,0,45"/><V37/><F37/><W121/><G118/><T127/><D127/><U65/><E110/><V11/><F109/><W6/><G121/><T122/><D122/><U64/><E7/><V132/><F113/><W106/><G115/><T73/><D73/><U52/><E76/><V13/><F132/><W101/><G0/><T9/><D107/><U18/><E105/><V27/><F3/><W58/><G6/><T114/><D114/><U100/><E89/><V125/><F125/><W35/><G35/><T86/><D86/><U32/><E18/><V17/><F70/><W41/><G45/><T34/><D34/><U117/><E117/><V60/><F68/><W30/><G30/><T50/><REACH who="0" step="1"/><D20/><REACH who="0" ten="125,205,361,299" step="2"/><U14/><E32/><V111/><F84/><W94/><G106/><T131/><D131/><U119/><E119/><V98/><F111/><W71/><G128/><T93/><D93/><U82/><E92/><V57/><F95/><W75/><G75/><T108/><D108/><U129/><E129/><V40/><F40/><W51/><G130/><T112/><D112/><U123/><E123/><V29/><F11/><W85/><G74/><T8/><D8/><U22/><E22/><V124/><F124/><W21/><G21/><T104/><D104/><U46/><E82/><V33/><F33/><W80/><G41/><T48/><D48/><U15/><E36/><V10/><F10/><W79/><G49/><T31/><D31/><U87/><E28/><V42/><F42/><W90/><G51/><T72/><D72/><U126/><E38/><V116/><F116/><W91/><G85/><RYUUKYOKU ba="1,1" sc="125,30,205,-10,361,-10,299,-10" hai0="1,2,5,9,12,44,50,53,56,66,133,134,135" /><INIT seed="7,2,1,3,4,16" ten="155,195,351,289" oya="3" hai0="57,49,44,93,109,60,71,6,121,17,112,63,72" hai1="55,21,108,92,94,113,81,131,100,66,26,50,114" hai2="64,7,27,75,39,68,134,122,90,5,111,74,117" hai3="120,46,73,118,33,29,123,32,103,34,97,35,61"/><W22/><G118/><T10/><D121/><U105/><E108/><V132/><F39/><W65/><G73/><T28/><D109/><U37/><E37/><V78/><F111/><W1/><G1/><T47/><D72/><U4/><E4/><V54/><F117/><W116/><G116/><T80/><D71/><U119/><E131/><V70/><F27/><W62/><G46/><N who="0" m="17451" /><D112/><N who="1" m="43115" /><E66/><V18/><F64/><W88/><G61/><N who="0" m="23627" /><D28/><N who="1" m="17487" /><E119/><V125/><F68/><W40/><G40/><T77/><D93/><U129/><E129/><V38/><F70/><W12/><G62/><T8/><D6/><U115/><E81/><V9/><F75/><W102/><G65/><T59/><D80/><U107/><E115/><V83/><F74/><W91/><G120/><T11/><D77/><U19/><E19/><V104/><F78/><W101/><G123/><T24/><D49/><U52/><E92/><V130/><F5/><W20/><G35/><T67/><D67/><U36/><E36/><V84/><F7/><W85/><G29/><T42/><D42/><U31/><E31/><V69/><F38/><W124/><G33/><T58/><D24/><U56/><E55/><V48/><F54/><W45/><G32/><T3/><D3/><U82/><E82/><V76/><F122/><W106/><G34/><T110/><D110/><U51/><E51/><V23/><F48/><W14/><G103/><T2/><D2/><U126/><E126/><V53/><F125/><W133/><G124/><T95/><D95/><U89/><E100/><V13/><F69/><W86/><G102/><T128/><D128/><RYUUKYOKU ba="2,1" sc="155,15,195,15,351,-15,289,-15" hai0="8,10,11,17,57,58,59" hai1="50,52,56,89,94,105,107" owari="170,-33.0,210,-19.0,346,45.0,274,7.0" /></mjloggm>