<mjloggm ver="2.3"><GO type="169" lobby="0"/><UN n0="%E3%82%A6%E3%83%AB%E3%83%88%E3%83%A9%E7%AB%8B%E7%9B%B4" n1="%E5%AE%AE%E9%96%93%E5%A4%95%E8%8F%9C" n2="%E7%9F%B3%E4%BA%95%E3%82%AF%E3%83%B3%E3%83%84%E6%98%8C%E5%AD%90" n3="%E3%83%A1%E3%83%AB%E3%82%AF" dan="17,16,16,16" rate="2138.10,2141.75,2162.24,2087.55" sx="M,F,M,M"/><TAIKYOKU oya="0"/><INIT seed="0,0,0,2,3,55" ten="250,250,250,250" oya="0" hai0="82,76,84,48,131,45,92,50,9,111,16,51,40" hai1="26,35,121,1,75,67,91,17,34,90,134,103,108" hai2="120,98,43,81,122,58,104,13,60,62,117,125,85" hai3="106,77,114,94,19,89,86,8,70,57,47,71,29"/><T53/><D131/><U96/><E121/><V63/><F125/><W87/><G106/><T22/><D111/><U15/><E1/><V6/><F122/><W118/><G118/><T46/><D92/><U69/><E75/><V30/><F120/><W99/><G29/><T119/><D119/><U97/><E108/><V11/><F117/><W83/><G47/><T72/><D9/><U73/><E73/><V109/><F109/><W93/><G114/><T54/><D72/><U113/><E113/><V129/><F129/><W18/><G8/><T133/><D133/><U3/><E3/><V126/><F126/><W68/><REACH who="3" step="1"/><G57/><REACH who="3" ten="250,250,250,240" step="2"/><T12/><REACH who="0" step="1"/><D46/><REACH who="0" ten="240,250,250,240" step="2"/><U28/><E134/><V116/><F116/><W56/><G56/><T132/><D132/><U31/><E69/><V124/><F124/><W38/><G38/><AGARI ba="0,2" hai="12,16,22,38,40,45,48,50,51,53,54,76,82,84" machi="38" ten="40,7700,0" yaku="1,1,54,1,53,1" doraHai="55" doraHaiUra="80" who="0" fromWho="3" sc="240,97,250,0,250,0,240,-77" /><INIT seed="0,1,0,3,5,102" ten="337,250,250,163" oya="0" hai0="77,28,38,71,87,1,110,96,19,4,127,120,5" hai1="131,48,8,74,93,13,66,106,84,105,36,50,61" hai2="24,22,113,35,11,116,124,125,73,45,32,88,78" hai3="83,121,69,68,79,75,107,12,2,7,17,14,30"/><T16/><D38/><U62/><E74/><V99/><F113/><W67/><G121/><T133/><D71/><U98/><E36/><V80/><F45/><W56/><G30/><T129/><D120/><U34/><E34/><V135/><F11/><W108/><G108/><T3/><D96/><U132/><E132/><V57/><F135/><W103/><G2/><T47/><D47/><U33/><E33/><V44/><F44/><W97/><G7/><T53/><D53/><U130/><E84/><V25/><F57/><W63/><REACH who="3" step="1"/><G14/><REACH who="3" ten="337,250,250,153" step="2"/><T43/><D5/><U10/><E13/><V81/><F116/><W117/><G117/><T18/><D28/><U40/><E131/><V109/><F109/><W119/><G119/><T115/><D4/><U46/><E130/><V42/><F125/><W95/><G95/><T122/><D1/><U51/><E93/><N who="2" m="56743" /><F124/><W59/><G59/><T100/><D3/><U60/><E46/><V70/><F70/><W91/><G91/><T37/><D129/><U23/><E40/><V15/><F15/><W20/><AGARI ba="1,1" hai="12,17,20,56,63,67,68,69,75,79,83,97,103,107" machi="20" ten="20,8000,1" yaku="1,1,0,1,7,1,52,1,53,1" doraHai="102" doraHaiUra="9" who="3" fromWho="3" sc="337,-41,250,-21,250,-21,153,93" /><INIT seed="1,0,0,0,1,124" ten="296,229,229,246" oya="1" hai0="28,22,21,6,130,20,118,114,119,57,31,69,59" hai1="4,108,41,77,12,71,109,17,8,120,78,29,126" hai2="115,7,128,19,36,72,87,55,15,117,23,1,9" hai3="56,132,98,93,105,10,13,63,127,60,122,84,82"/><U85/><E120/><V24/><F72/><W49/><G122/><T134/><D69/><U116/><E116/><V16/><F36/><W67/><G105/><T107/><D6/><U30/><E126/><V79/><F117/><W34/><G34/><T91/><D21/><U11/><E71/><V52/><F115/><W65/><G127/><T42/><D42/><U133/><E133/><V96/><F96/><W45/><G132/><T121/><D91/><U25/><E41/><V38/><F38/><W73/><G73/><T68/><D68/><U81/><E77/><V66/><F66/><W131/><G131/><T102/><D107/><U112/><E112/><V58/><F128/><W14/><G10/><T110/><D130/><U83/><E83/><V129/><F129/><W74/><G74/><T44/><D102/><U61/><E61/><V80/><REACH who="2" step="1"/><F58/><REACH who="2" ten="296,229,219,246" step="2"/><W103/><G65/><T113/><D134/><U2/><REACH who="1" step="1"/><E25/><REACH who="1" ten="296,219,219,246" step="2"/><V51/><F51/><W89/><G63/><T47/><D121/><U104/><E104/><V32/><F32/><W3/><G3/><T5/><D114/><U54/><E54/><AGARI ba="0,2" hai="13,14,45,49,54,56,60,67,82,84,89,93,98,103" machi="54" ten="30,2000,0" yaku="7,1,8,1" doraHai="124" who="3" fromWho="1" sc="296,0,219,-20,219,0,246,40" /><INIT seed="2,0,0,5,3,4" ten="296,199,219,286" oya="2" hai0="47,52,98,48,11,12,54,96,109,40,133,122,104" hai1="132,73,94,53,69,60,72,58,126,83,92,55,66" hai2="100,97,124,114,84,113,71,37,27,70,0,115,62" hai3="111,1,33,46,8,116,80,34,36,31,19,131,110"/><V9/><F124/><W81/><G116/><T88/><D122/><U6/><E126/><V63/><F37/><W17/><G131/><T41/><D109/><N who="3" m="41481" /><G46/><T57/><D104/><U59/><E132/><V85/><F27/><N who="3" m="18687" /><G36/><T82/><D98/><U38/><E38/><V117/><F117/><W10/><G34/><T123/><D133/><U22/><E6/><V129/><F129/><W68/><G68/><T64/><D64/><U30/><E69/><V49/><F49/><W25/><G1/><T103/><D103/><U32/><E32/><V61/><F71/><W118/><G118/><T91/><D123/><U106/><E106/><V21/><F70/><W86/><G81/><T35/><D35/><U77/><E72/><V93/><REACH who="2" step="1"/><F21/><REACH who="2" ten="296,199,209,286" step="2"/><N who="3" m="13487" /><G19/><T127/><D127/><U5/><E22/><V18/><F18/><W43/><G43/><T101/><D41/><U23/><E23/><V16/><F16/><W121/><G121/><T119/><D40/><U24/><E24/><V112/><N who="2" m="29184" /><DORA hai="102" /><V2/><F2/><W108/><G108/><T20/><D20/><U120/><E120/><V105/><F105/><W134/><G134/><T74/><D119/><U78/><E30/><V89/><F89/><AGARI ba="0,1" hai="8,10,80,86,89" m="13487,18687,41481" machi="89" ten="30,3900,0" yaku="14,1,52,2" doraHai="4,102" who="3" fromWho="2" sc="296,0,199,0,209,-39,286,49" /><INIT seed="3,0,0,4,3,47" ten="296,199,170,335" oya="3" hai0="67,100,35,120,133,0,10,33,26,107,62,77,17" hai1="32,128,75,23,25,96,99,88,53,64,16,19,12" hai2="58,90,103,40,121,119,117,118,78,27,98,57,2" hai3="46,30,106,8,112,115,65,43,125,130,38,39,109"/><W95/><G106/><T1/><D120/><U41/><E75/><V61/><F121/><W54/><G30/><T44/><D77/><U9/><E128/><V93/><F2/><W82/><G82/><T132/><D44/><U71/><E41/><V11/><F78/><W116/><G116/><T101/><D17/><U110/><E110/><V45/><F11/><W113/><G109/><T81/><D81/><U104/><E104/><V135/><F135/><N who="0" m="51786" /><D10/><U127/><E127/><V74/><F74/><W134/><G125/><T73/><D73/><U68/><E32/><V37/><F27/><W7/><G134/><T14/><D14/><U131/><E131/><V36/><F36/><W70/><G95/><T51/><D51/><U20/><E68/><V126/><F126/><W94/><G94/><T80/><D80/><U48/><E71/><V3/><F3/><N who="0" m="1098" /><D26/><U111/><E111/><V22/><F22/><W18/><G18/><T29/><D29/><U59/><E64/><V69/><F69/><W42/><G130/><T52/><D67/><U108/><E108/><V91/><REACH who="2" step="1"/><F58/><REACH who="2" ten="296,199,160,335" step="2"/><W102/><G70/><T79/><D79/><U89/><E9/><V124/><F124/><W129/><G8/><T6/><D33/><U76/><E76/><V123/><F123/><W86/><G38/><T15/><D35/><U97/><AGARI ba="0,1" hai="12,16,19,20,23,25,48,53,59,88,89,96,97,99" machi="97" ten="30,8000,1" yaku="0,1,8,1,52,1,54,2" doraHai="47" who="1" fromWho="1" sc="296,-20,199,90,160,-20,335,-40" /><INIT seed="4,0,0,0,0,57" ten="276,289,140,295" oya="0" hai0="16,63,55,103,9,86,117,102,121,3,106,107,87" hai1="82,99,30,19,84,112,11,61,48,116,134,29,64" hai2="51,31,119,105,122,65,8,97,125,129,83,40,45" hai3="70,49,101,74,95,18,54,104,2,17,127,20,15"/><T23/><D121/><U81/><E116/><V0/><F122/><W73/><G70/><T133/><D117/><U76/><E134/><V67/><F119/><W115/><G2/><T1/><D133/><U4/><E19/><V118/><F118/><W60/><G104/><T94/><D3/><U44/><E99/><V46/><F129/><W28/><G127/><T85/><D107/><U36/><E36/><V10/><F125/><W108/><G108/><T111/><D106/><U56/><E82/><V90/><F31/><W126/><G126/><T124/><D124/><U96/><E96/><V98/><F46/><W135/><G135/><T92/><D9/><U88/><E76/><V80/><F80/><W89/><G115/><T120/><D1/><U71/><E71/><V69/><F83/><W32/><G101/><N who="0" m="38411" /><D111/><U47/><E112/><V75/><F105/><W58/><G18/><T35/><D35/><U5/><E44/><V25/><F75/><W38/><G38/><T109/><D109/><U91/><E91/><V93/><F98/><W50/><G74/><T27/><D120/><U113/><E113/><V21/><F0/><W132/><G73/><T110/><D110/><U14/><E4/><V24/><F24/><N who="3" m="16391" /><G132/><T12/><D27/><U39/><E39/><V68/><F68/><W128/><G32/><T72/><D72/><U77/><E77/><V131/><F131/><W62/><G128/><T66/><D66/><N who="2" m="25098" /><F69/><W34/><G34/><T42/><D42/><AGARI ba="0,0" hai="5,11,14,29,30,42,47,48,56,61,64,81,84,88" machi="42" ten="30,7700,0" yaku="7,1,8,1,52,1,54,1" doraHai="57" who="1" fromWho="0" sc="276,-77,289,77,140,0,295,0" /><INIT seed="5,0,0,4,5,46" ten="199,366,140,295" oya="1" hai0="57,5,26,101,58,56,79,86,1,107,105,33,115" hai1="128,44,63,73,29,51,32,40,28,76,100,106,122" hai2="98,91,13,75,35,30,12,80,2,19,68,53,9" hai3="127,36,120,126,64,110,118,4,108,15,34,81,90"/><U22/><E122/><V111/><F68/><W85/><G120/><T109/><D101/><U60/><E32/><V62/><F111/><W39/><G34/><T16/><D109/><U78/><E76/><V133/><F2/><W38/><G64/><T61/><D33/><U94/><E106/><V17/><F133/><W21/><G118/><T41/><D5/><U54/><E78/><V0/><F0/><W37/><N who="3" m="9216" /><DORA hai="72" /><W27/><G15/><T8/><D1/><U116/><E73/><V125/><F125/><N who="3" m="47627" /><G4/><T74/><D74/><U47/><E116/><V123/><F123/><W50/><G50/><T6/><D6/><U69/><E69/><V102/><F75/><W7/><G7/><T134/><D61/><U84/><E63/><V117/><F117/><W130/><G130/><T14/><D14/><U20/><E60/><V59/><F30/><AGARI ba="0,0" hai="21,27,30,81,85,90,108,110" m="47627,9216" machi="30" ten="60,2000,0" yaku="18,1" doraHai="46,72" who="3" fromWho="2" sc="199,0,366,0,140,-20,295,20" /><INIT seed="6,0,0,2,3,80" ten="199,366,120,315" oya="2" hai0="117,130,0,94,20,101,126,86,67,68,87,2,43" hai1="127,48,125,49,74,66,62,135,28,4,119,15,57" hai2="96,63,32,76,64,79,103,41,120,34,45,27,69" hai3="75,99,16,30,50,55,72,10,29,47,131,73,19"/><V105/><F120/><W59/><G131/><T39/><D43/><U134/><E74/><V106/><F106/><W118/><G118/><T114/><D39/><U65/><E119/><V3/><F3/><W21/><G99/><T128/><D68/><U22/><E28/><V129/><F129/><W132/><G132/><N who="1" m="50730" /><E4/><V133/><F133/><W95/><G95/><T92/><D20/><U5/><E5/><V113/><F113/><W108/><G108/><T109/><D67/><N who="1" m="25611" /><E15/><V7/><F7/><W90/><G90/><T12/><D12/><U46/><E22/><V116/><F116/><W115/><G115/><T51/><D109/><U14/><E14/><V35/><REACH who="2" step="1"/><F27/><REACH who="2" ten="199,366,110,315" step="2"/><N who="3" m="14759" /><G73/><T77/><D114/><U6/><E6/><V70/><F70/><W11/><G75/><T83/><D117/><U110/><E110/><V93/><F93/><W44/><G72/><T85/><D94/><U121/><E121/><V60/><F60/><W31/><G10/><T71/><D92/><U53/><E62/><V88/><F88/><W107/><G107/><T8/><D71/><U18/><E127/><V61/><F61/><W84/><G11/><T58/><D126/><U123/><E123/><V33/><N who="2" m="8704" /><DORA hai="54" /><V25/><F25/><W36/><G36/><AGARI ba="0,1" hai="36,41,45,63,64,69,76,79,96,103,105" m="8704" machi="36" ten="70,3400,0" yaku="1,1,53,0" doraHai="80,54" doraHaiUra="52,122" who="2" fromWho="3" sc="199,0,366,0,110,44,315,-34" /><INIT seed="6,1,0,3,3,22" ten="199,366,154,281" oya="2" hai0="106,12,90,123,118,29,38,28,11,14,30,110,20" hai1="57,84,130,85,65,133,10,48,7,125,126,101,98" hai2="4,15,103,94,129,111,115,24,104,96,132,122,35" hai3="54,83,134,69,100,71,112,102,1,91,8,26,135"/><V62/><F122/><W124/><G124/><N who="1" m="47722" /><E133/><N who="3" m="50698" /><G112/><T73/><D73/><U58/><E130/><V25/><F132/><W67/><G54/><T19/><D106/><N who="1" m="63799" /><E65/><V6/><F115/><W41/><G41/><T77/><D77/><U34/><E34/><V21/><F129/><W53/><G53/><T59/><D38/><U63/><E48/><V33/><F111/><W27/><G100/><T117/><D59/><N who="1" m="22539" /><E63/><V131/><F131/><W9/><G102/><T80/><D90/><U89/><E89/><N who="2" m="55375" /><F35/><W2/><G67/><T44/><D80/><U93/><E93/><V114/><F33/><W45/><G45/><T95/><D44/><U49/><E49/><V36/><F36/><W119/><G119/><N who="0" m="45579" /><D95/><U50/><E50/><V37/><F37/><W13/><G91/><T97/><D97/><U108/><E108/><V23/><F104/><W74/><G83/><T66/><D66/><U61/><E61/><V70/><F70/><N who="3" m="26635" /><G74/><T82/><D82/><U52/><E52/><V78/><F114/><W76/><G76/><T16/><D110/><U75/><E75/><V79/><F103/><W17/><G1/><AGARI ba="1,0" hai="1,7,10,84,85" m="22539,63799,47722" machi="1" ten="30,1000,0" yaku="18,1" doraHai="22" who="1" fromWho="3" sc="199,0,366,13,154,0,281,-13" /><INIT seed="7,0,0,4,3,130" ten="199,379,154,268" oya="3" hai0="85,32,5,110,93,91,59,56,107,121,113,100,8" hai1="41,117,61,9,132,71,77,67,65,62,124,90,51" hai2="1,55,54,13,44,76,82,72,29,12,50,108,127" hai3="73,133,101,79,120,30,49,23,96,83,40,103,87"/><W94/><G120/><T102/><D32/><U75/><E90/><V2/><F108/><W7/><G7/><T125/><D107/><U112/><E9/><V19/><F127/><W89/><G133/><T25/><D25/><U119/><E77/><V134/><F29/><W52/><G40/><T126/><D121/><U28/><E75/><V105/><F105/><W131/><G131/><T33/><D33/><U43/><E28/><V4/><F134/><W46/><REACH who="3" step="1"/><G73/><REACH who="3" ten="199,379,154,258" step="2"/><T118/><D5/><U135/><E132/><V36/><F36/><W45/><G45/><T128/><D128/><U122/><E135/><V78/><F78/><W15/><G15/><T37/><D125/><U99/><E124/><V84/><F72/><W24/><AGARI ba="0,1" hai="23,24,30,46,49,52,79,83,87,89,94,96,101,103" machi="24" ten="30,11700,0" yaku="1,1,0,1,8,1,54,1,53,0" doraHai="130" doraHaiUra="10" who="3" fromWho="3" sc="199,-39,379,-39,154,-39,258,127" owari="160,-24.0,340,14.0,115,-38.0,385,48.0" /></mjloggm>