<mjloggm ver="2.3"><GO type="169" lobby="0"/><UN n0="%E3%82%A6%E3%83%AB%E3%83%88%E3%83%A9%E7%AB%8B%E7%9B%B4" n1="%E9%96%A2%E4%B8%83%E6%B5%B7" n2="%6B%75%6B%65%6B%65%6B%65" n3="%73%65%69%6C" dan="17,17,17,16" rate="2229.90,2136.04,2141.68,2120.46" sx="M,M,M,M"/><TAIKYOKU oya="0"/><INIT seed="0,0,0,2,5,87" ten="250,250,250,250" oya="0" hai0="46,81,4,8,86,42,114,28,73,83,65,121,132" hai1="49,110,6,108,55,54,117,107,112,116,22,67,105" hai2="70,69,62,20,1,127,131,14,29,98,66,120,75" hai3="53,95,57,125,90,0,115,104,94,19,30,39,27"/><T79/><D121/><U78/><E67/><V47/><F1/><W45/><G104/><N who="1" m="40010" /><E6/><V91/><F70/><W41/><G115/><T76/><D114/><U37/><E37/><V18/><F75/><W103/><G125/><T3/><D132/><U2/><E2/><V52/><F127/><W130/><G130/><T124/><D124/><U102/><E112/><V59/><F131/><W38/><G0/><T11/><D65/><U40/><E102/><V85/><F120/><W31/><G39/><T135/><D135/><U43/><E78/><V13/><F29/><W97/><G19/><T15/><D28/><U32/><E32/><V17/><F98/><W21/><G30/><T84/><D11/><U26/><E117/><V99/><F99/><W111/><G111/><T9/><D9/><U23/><E116/><V122/><F122/><W101/><REACH who="3" step="1"/><G94/><REACH who="3" ten="250,250,250,240" step="2"/><T63/><D3/><U36/><E36/><V24/><F17/><W10/><G10/><T92/><D92/><U34/><E108/><V7/><F7/><W123/><G123/><T118/><D118/><U48/><E110/><V133/><F133/><W77/><G77/><T33/><D73/><U74/><E74/><V100/><F18/><W12/><G12/><T88/><D76/><U25/><E25/><V56/><F24/><W134/><G134/><T64/><D33/><U44/><E34/><V113/><F14/><W50/><AGARI ba="0,1" hai="21,27,31,38,41,45,50,53,57,90,95,97,101,103" machi="50" ten="20,5200,0" yaku="1,1,0,1,7,1,52,1,53,0" doraHai="87" doraHaiUra="126" who="3" fromWho="3" sc="250,-26,250,-13,250,-13,240,62" /><INIT seed="1,0,0,0,3,85" ten="224,237,237,302" oya="1" hai0="22,116,93,35,69,135,47,51,81,101,46,132,62" hai1="129,70,64,76,121,87,32,63,24,5,113,4,34" hai2="33,77,74,53,37,105,104,79,18,100,83,120,31" hai3="42,86,66,3,38,60,96,54,75,117,119,61,39"/><U111/><E113/><V0/><F18/><W10/><G75/><T107/><D35/><U20/><E121/><V80/><F53/><W30/><G30/><T68/><D107/><U134/><E129/><V103/><F0/><W126/><G126/><T55/><D81/><U40/><E134/><N who="0" m="51241" /><D22/><U72/><E72/><N who="2" m="43047" /><F31/><W92/><G86/><T16/><D16/><U44/><E111/><V115/><F37/><W109/><G109/><T23/><D23/><U8/><E76/><V43/><F43/><W90/><G3/><T108/><D101/><N who="2" m="38986" /><F33/><W127/><G10/><T58/><D93/><U91/><E32/><V6/><F6/><W124/><G38/><T49/><D108/><U25/><E34/><V19/><F19/><W118/><G39/><T131/><D131/><U130/><E130/><V36/><F36/><W48/><G42/><N who="0" m="24791" /><D116/><U27/><E20/><V133/><F133/><W28/><G28/><T13/><D13/><U52/><E40/><AGARI ba="0,0" hai="40,47,51,55,58,62,68,69" m="24791,51241" machi="40" ten="30,3900,0" yaku="20,1,34,2" doraHai="85" who="0" fromWho="1" sc="224,39,237,-39,237,0,302,0" /><INIT seed="2,0,0,3,4,131" ten="263,198,237,302" oya="2" hai0="132,91,4,88,100,3,111,10,45,14,135,68,63" hai1="57,85,114,59,46,75,38,92,87,51,64,83,134" hai2="82,130,76,29,103,2,26,119,19,93,121,67,15" hai3="34,25,6,105,127,72,106,99,97,30,71,65,101"/><V35/><F2/><W27/><G127/><T69/><D100/><U120/><E114/><V70/><F119/><W129/><G129/><T98/><D111/><U122/><E38/><V5/><F130/><W126/><G126/><T7/><D7/><U61/><E75/><V74/><F121/><N who="1" m="46697" /><E92/><V115/><F5/><W42/><G42/><T108/><D108/><U77/><E85/><V37/><F37/><W90/><G6/><T36/><D3/><U32/><E32/><V18/><F115/><W104/><G72/><T52/><D98/><U109/><E109/><V95/><F103/><W23/><G90/><N who="0" m="34347" /><D36/><U54/><E134/><N who="0" m="51241" /><D63/><U24/><E24/><V49/><F26/><W60/><REACH who="3" step="1"/><G99/><REACH who="3" ten="263,198,237,292" step="2"/><T128/><D128/><U33/><E33/><V50/><F35/><W94/><G94/><T9/><D9/><U55/><E83/><V22/><F82/><W89/><G89/><T20/><D20/><U123/><E123/><V107/><F22/><W84/><G84/><T125/><D125/><U102/><E87/><V21/><F95/><W43/><G43/><T17/><D17/><AGARI ba="0,1" hai="17,23,25,27,30,34,60,65,71,97,101,104,105,106" machi="17" ten="30,7700,0" yaku="1,1,7,1,25,2,53,0" doraHai="131" doraHaiUra="110" who="3" fromWho="0" sc="263,-77,198,0,237,0,292,87" /><INIT seed="3,0,0,0,4,82" ten="186,198,237,379" oya="3" hai0="97,12,92,84,73,36,67,1,10,89,38,29,104" hai1="24,48,63,21,13,102,34,27,100,44,56,23,114" hai2="66,120,61,87,121,49,50,69,107,39,53,58,131" hai3="75,0,130,81,17,93,74,5,129,35,76,117,33"/><W118/><G17/><T127/><D1/><U101/><E34/><N who="3" m="12810" /><G93/><T109/><D127/><U32/><E32/><V108/><F87/><W8/><G75/><T91/><D109/><U3/><E3/><V78/><F78/><W64/><G64/><T94/><D73/><U113/><E13/><V52/><F107/><W65/><G65/><T22/><D104/><U30/><E56/><N who="2" m="32791" /><F108/><W16/><G16/><T47/><D67/><U20/><E63/><V7/><F7/><W41/><G41/><T124/><D124/><U9/><E9/><V103/><F103/><W70/><G70/><T98/><D47/><U25/><E30/><V31/><F31/><W54/><G54/><AGARI ba="0,0" hai="20,21,23,24,25,27,44,48,54,100,101,102,113,114" machi="54" ten="50,3200,0" yaku="29,2" doraHai="82" who="1" fromWho="3" sc="186,0,198,32,237,0,379,-32" /><INIT seed="4,0,0,4,0,59" ten="186,230,237,347" oya="0" hai0="116,43,130,10,87,70,18,93,36,135,67,117,77" hai1="125,121,115,38,24,39,91,26,90,56,89,35,51" hai2="57,69,111,76,96,118,73,133,30,97,109,37,127" hai3="13,60,61,31,92,114,80,119,55,126,12,120,78"/><T32/><D32/><U3/><E3/><V52/><F69/><W25/><G119/><T54/><D130/><U27/><E121/><V62/><F37/><W58/><G120/><T1/><D135/><U50/><E125/><V15/><F118/><W102/><G126/><T98/><D36/><U63/><E35/><V11/><F127/><W14/><G114/><T99/><D43/><U81/><E81/><V49/><F133/><W74/><G92/><T131/><D131/><U23/><E115/><V17/><F30/><W16/><G102/><T72/><D72/><U20/><E39/><V29/><F29/><W124/><G124/><T132/><D132/><U44/><E38/><V65/><F76/><W101/><G101/><T68/><D67/><N who="1" m="39399" /><E50/><V53/><F73/><W4/><G4/><N who="0" m="1295" /><D70/><U46/><E46/><V100/><F53/><AGARI ba="0,0" hai="20,23,24,26,27,44,51,53,89,90,91" m="39399" machi="53" ten="30,2000,0" yaku="8,1,52,1" doraHai="59" who="1" fromWho="2" sc="186,0,230,20,237,-20,347,0" /><INIT seed="5,0,0,1,5,132" ten="186,250,217,347" oya="1" hai0="99,133,72,20,106,126,91,67,4,59,70,124,1" hai1="95,134,68,78,128,14,135,22,120,13,47,63,75" hai2="17,56,26,87,64,108,111,74,71,116,65,107,85" hai3="112,131,27,7,55,45,127,21,2,122,50,5,40"/><U37/><E120/><V81/><F74/><W88/><G122/><T117/><D117/><U34/><E34/><V35/><F116/><W130/><G112/><T61/><D133/><N who="1" m="50699" /><E128/><N who="3" m="49194" /><G127/><N who="0" m="48683" /><D72/><U113/><E113/><V0/><F56/><N who="3" m="32887" /><G88/><T119/><D119/><U104/><E104/><V121/><F107/><W114/><G2/><T58/><D20/><U31/><E95/><V73/><F35/><W46/><G114/><T12/><D12/><U110/><E110/><V76/><F0/><W32/><G32/><T98/><D91/><U103/><E13/><V24/><F121/><W44/><G40/><T57/><D106/><U23/><E14/><V109/><F111/><W16/><AGARI ba="0,0" hai="5,7,16,21,27,44,45,46" m="32887,49194" machi="16" ten="30,2000,0" yaku="19,1,54,1" doraHai="132" who="3" fromWho="3" sc="186,-5,250,-10,217,-5,347,20" /><INIT seed="6,0,0,1,3,96" ten="181,240,212,367" oya="2" hai0="132,12,90,103,11,110,104,5,83,93,122,47,68" hai1="25,55,134,95,97,42,35,50,77,92,116,44,20" hai2="46,102,66,126,124,101,69,115,78,56,85,17,89" hai3="52,59,36,71,24,8,22,38,113,129,119,27,37"/><V108/><F69/><W51/><G119/><T107/><D110/><U53/><E116/><V29/><F78/><W112/><G71/><T114/><D122/><U63/><E35/><V80/><F108/><W49/><G129/><T67/><D114/><N who="3" m="44137" /><G8/><T123/><D123/><U13/><E13/><V16/><F29/><N who="3" m="17559" /><G27/><T117/><D117/><U26/><E26/><V91/><F115/><W61/><AGARI ba="0,0" hai="36,37,38,49,51,52,59,61" m="17559,44137" machi="61" ten="40,5200,0" yaku="15,1,11,1,54,1" doraHai="96" who="3" fromWho="3" sc="181,-13,240,-13,212,-26,367,52" /><INIT seed="7,0,0,1,3,5" ten="168,227,186,419" oya="3" hai0="110,100,94,96,126,50,45,76,109,117,4,78,114" hai1="49,89,82,66,86,36,7,2,134,57,122,33,71" hai2="97,56,44,9,0,34,129,69,24,74,135,70,113" hai3="101,42,73,105,77,84,46,48,21,124,83,67,80"/><W92/><G105/><T128/><D117/><U61/><E33/><V121/><F74/><W112/><G67/><T93/><D126/><U87/><E36/><V125/><F125/><W47/><G47/><T106/><D128/><U43/><E134/><V53/><F129/><W6/><G21/><T3/><D114/><U28/><E28/><N who="2" m="19719" /><F44/><W8/><G92/><T17/><D94/><U15/><E2/><V13/><F97/><W58/><G58/><T20/><D109/><U29/><E29/><V130/><F0/><W111/><G101/><T52/><D110/><U95/><E71/><V132/><F130/><W115/><G124/><T85/><D106/><U90/><E122/><V37/><F37/><W1/><G111/><T19/><D3/><U32/><E32/><V102/><F102/><W127/><G127/><T116/><D116/><U22/><E43/><V119/><F119/><W68/><G68/><T123/><D123/><U27/><E49/><N who="2" m="30767" /><F121/><W54/><G42/><T118/><D118/><U133/><E133/><N who="2" m="51275" /><F113/><W63/><G83/><N who="0" m="47335" /><D4/><AGARI ba="0,0" hai="4,9,13,69,70" m="51275,30767,19719" machi="4" ten="30,2000,0" yaku="20,1,52,1" doraHai="5" who="2" fromWho="0" sc="168,-20,227,0,186,20,419,0" owari="148,-35.0,227,3.0,206,-19.0,419,51.0" /></mjloggm>