<mjloggm ver="2.3"><GO type="97" lobby="0"/><UN n0="%E3%82%8A%E3%81%A3%E3%81%A1%E3%82%83%E3%82%93%E9%9A%8A%E5%93%A1" n1="%E5%B0%B1%E6%B4%BB%E7%94%9F%40%E5%B7%9D%E6%9D%91%E8%BB%8D%E5%9B%A3" n2="%73%61%6B%75%75%74%69" n3="%E5%8F%8C%E6%B5%B7%E4%BA%9C%E7%BE%8E" dan="15,14,14,15" rate="1981.00,1964.77,1899.07,1951.83" sx="F,M,M,F"/><TAIKYOKU oya="0"/><INIT seed="0,0,0,1,0,88" ten="250,250,250,250" oya="0" hai0="110,74,19,109,55,35,111,73,65,50,57,33,121" hai1="75,125,102,41,60,26,29,63,67,14,119,9,21" hai2="97,133,56,8,99,72,86,106,58,76,128,78,93" hai3="22,25,45,43,87,68,6,24,81,10,47,108,61"/><T83/><D121/><U42/><E119/><V69/><F69/><W27/><G108/><T114/><D114/><U101/><E75/><V77/><F128/><W127/><G127/><T48/><D65/><U53/><E125/><V79/><F133/><W66/><G22/><T17/><D83/><U39/><E53/><V0/><F72/><N who="0" m="27754" /><D55/><U129/><E129/><V23/><F106/><W12/><REACH who="3" step="1"/><G43/><REACH who="3" ten="250,250,250,240" step="2"/><T98/><D98/><U4/><E41/><V70/><F23/><W118/><G118/><T5/><D5/><U11/><E42/><V124/><F124/><W131/><G131/><T44/><D44/><U2/><E39/><V18/><F99/><W71/><G71/><T64/><D57/><U7/><E63/><V20/><F70/><AGARI ba="0,1" hai="2,4,7,9,11,14,21,26,29,60,67,70,101,102" machi="70" ten="30,1000,0" yaku="7,1" doraHai="88" who="1" fromWho="2" sc="250,0,250,20,250,-10,240,0" /><INIT seed="1,0,0,0,1,97" ten="250,270,240,240" oya="1" hai0="11,71,67,134,16,14,9,128,107,31,22,25,131" hai1="45,17,65,53,33,57,122,35,55,116,50,127,99" hai2="40,63,105,21,41,10,34,130,92,114,129,59,2" hai3="54,84,70,4,76,109,28,69,78,113,37,89,93"/><U26/><E116/><V77/><F105/><W72/><G113/><T49/><D107/><U85/><E122/><V58/><F34/><W68/><G37/><T100/><D100/><U90/><E127/><V98/><F114/><W83/><G109/><T19/><D49/><U36/><E65/><V132/><F132/><W62/><G28/><T111/><D111/><U1/><E1/><V88/><F77/><W74/><G4/><T101/><D101/><U102/><E17/><V112/><F112/><W51/><G62/><T79/><D79/><U115/><E115/><V135/><F135/><W23/><G23/><T12/><D67/><U91/><E91/><V117/><F117/><W42/><G42/><T108/><D71/><U6/><E6/><V0/><F21/><W60/><G60/><T80/><D80/><U46/><E26/><V7/><F0/><W15/><G15/><N who="0" m="5675" /><D108/><U124/><E124/><V30/><F30/><W29/><G76/><T66/><D66/><U24/><E24/><V48/><F48/><W61/><G74/><T44/><D44/><U103/><E36/><V125/><F125/><W133/><G133/><T110/><D110/><U18/><E35/><V82/><F82/><W126/><G126/><T73/><D73/><U87/><E33/><V86/><F86/><N who="1" m="32777" /><E18/><N who="0" m="6697" /><D134/><U5/><E5/><V3/><F2/><W47/><G69/><T120/><D120/><U106/><E106/><V81/><F81/><W75/><G68/><T64/><D64/><U56/><E90/><V94/><F3/><W13/><G70/><T20/><D20/><U8/><E50/><RYUUKYOKU ba="0,0" sc="250,30,270,-10,240,-10,240,-10" hai0="9,11,22,25,31,128,131" /><INIT seed="2,1,0,1,0,95" ten="280,260,230,230" oya="2" hai0="80,64,83,131,68,54,90,116,110,73,67,102,120" hai1="99,127,30,84,134,114,97,37,104,7,59,50,48" hai2="47,4,135,111,62,31,87,23,128,55,96,15,26" hai3="10,58,12,125,46,71,6,56,14,93,91,9,53"/><V16/><F4/><W98/><G71/><T86/><D120/><U3/><E37/><V18/><F128/><W63/><G125/><T89/><D131/><U79/><E104/><V66/><F135/><W29/><G29/><T72/><D110/><U60/><E114/><V5/><F111/><W1/><G46/><T88/><D54/><N who="1" m="33911" /><E3/><V20/><F87/><W112/><G112/><T101/><D116/><U78/><E7/><V107/><F5/><W75/><G75/><N who="0" m="28747" /><D68/><U2/><E2/><V118/><F118/><W27/><G27/><T81/><D67/><U61/><E127/><V132/><F132/><W32/><G32/><T109/><D64/><U106/><E106/><V77/><F77/><N who="1" m="29193" /><E30/><V41/><F55/><W13/><REACH who="3" step="1"/><G58/><REACH who="3" ten="280,260,230,220" step="2"/><T121/><D109/><U70/><E70/><V133/><F133/><W113/><G113/><T94/><D121/><U42/><E134/><V105/><F31/><W11/><AGARI ba="1,1" hai="1,6,9,10,11,12,13,14,53,56,63,91,93,98" machi="11" ten="30,4000,0" yaku="1,1,0,1,52,1,53,0" doraHai="95" doraHaiUra="38" who="3" fromWho="3" sc="280,-11,260,-11,230,-21,220,53" /><INIT seed="3,0,0,5,3,64" ten="269,249,209,273" oya="3" hai0="95,98,114,70,132,61,37,109,29,118,134,36,58" hai1="130,104,92,44,41,5,111,57,45,71,78,18,15" hai2="34,62,51,14,4,39,77,126,74,26,23,55,49" hai3="33,10,107,123,12,81,82,13,24,79,69,27,19"/><W67/><G107/><T108/><D70/><U7/><E104/><V91/><F34/><W125/><G123/><T25/><D118/><U0/><E0/><V42/><F39/><W120/><G120/><T89/><D114/><U129/><E111/><V35/><F35/><W131/><G131/><N who="1" m="50186" /><E78/><V1/><F1/><W110/><G125/><T86/><D86/><U94/><E71/><V115/><F115/><W50/><G110/><N who="0" m="42603" /><D25/><U90/><E57/><V53/><F126/><W100/><G100/><T60/><D29/><U31/><E31/><V127/><F127/><W93/><G33/><T65/><D61/><U3/><E3/><V72/><F42/><W85/><G93/><N who="1" m="35946" /><E90/><V22/><F62/><W38/><G69/><T6/><D6/><N who="1" m="2059" /><E41/><V135/><F91/><W76/><G67/><T28/><D28/><U30/><E30/><V46/><F77/><W103/><G79/><T112/><D112/><U43/><E43/><V2/><F2/><W124/><G124/><T80/><D80/><U59/><E59/><V47/><F4/><N who="3" m="3143" /><G82/><T101/><D89/><U56/><E56/><V102/><F14/><W83/><G81/><T133/><AGARI ba="0,0" hai="36,37,58,60,65,95,98,101,132,133,134" m="42603" machi="133" ten="40,2700,0" yaku="20,1,14,1" doraHai="64" who="0" fromWho="0" sc="269,27,249,-7,209,-7,273,-13" /><INIT seed="4,0,0,2,5,102" ten="296,242,202,260" oya="0" hai0="27,118,74,86,119,87,32,120,45,23,98,91,5" hai1="124,41,11,114,95,61,47,81,19,103,127,135,9" hai2="112,38,84,14,21,20,111,97,76,28,85,36,107" hai3="94,34,80,75,78,121,66,53,17,132,92,8,10"/><T101/><D120/><U134/><E81/><V40/><F111/><W25/><G66/><T93/><D74/><U105/><E61/><V83/><F112/><W42/><G42/><T51/><D5/><U88/><E114/><V33/><F33/><W79/><G121/><T63/><D63/><U6/><E19/><V64/><F64/><W131/><G131/><T68/><D32/><U62/><E62/><V39/><F20/><W126/><G126/><N who="1" m="48170" /><E103/><V1/><F1/><W116/><G116/><T109/><D68/><U4/><E105/><V0/><F0/><W49/><G79/><T82/><D87/><N who="1" m="52639" /><E9/><V117/><F117/><W122/><G122/><T110/><D110/><U44/><E6/><V90/><F40/><W96/><G92/><T130/><D130/><U2/><E41/><V56/><F56/><W43/><G43/><T46/><D109/><U70/><E70/><V29/><F29/><W73/><G73/><T125/><D125/><U108/><E108/><V123/><F123/><W50/><G17/><T115/><D115/><U12/><E12/><V15/><F15/><W77/><G77/><T55/><D46/><AGARI ba="0,0" hai="2,4,11,44,46,47,134,135" m="52639,48170" machi="46" ten="30,2000,0" yaku="18,1,54,1" doraHai="102" who="1" fromWho="0" sc="296,-20,242,20,202,0,260,0" /><INIT seed="5,0,0,1,4,30" ten="276,262,202,260" oya="1" hai0="23,85,74,58,87,119,69,40,27,39,111,114,89" hai1="48,84,115,72,52,33,64,67,56,86,83,75,26" hai2="79,77,9,121,12,55,60,11,45,76,28,53,108" hai3="15,65,19,49,93,13,2,122,31,1,5,54,99"/><U8/><E115/><V107/><F108/><W127/><G122/><T116/><D111/><U120/><E120/><V103/><F121/><W3/><G127/><T135/><D69/><U66/><E8/><V78/><F28/><W20/><G65/><T105/><D74/><U94/><E94/><V21/><F21/><W118/><G118/><T124/><D105/><U34/><E86/><V98/><N who="2" m="19968" /><DORA hai="47" /><V95/><F107/><W57/><G31/><T130/><D114/><U10/><E10/><V42/><F60/><W14/><REACH who="3" step="1"/><G5/><REACH who="3" ten="276,262,202,250" step="2"/><T102/><D124/><U18/><E75/><V104/><F104/><W97/><G97/><T73/><D73/><U50/><E72/><V32/><F32/><W109/><G109/><T0/><D119/><U131/><E34/><V71/><F71/><W6/><G6/><T117/><D116/><U88/><E131/><V29/><F29/><W62/><G62/><T100/><D117/><U46/><E33/><V59/><F59/><W110/><G110/><T82/><D130/><U37/><E37/><V36/><REACH who="2" step="1"/><F9/><REACH who="2" ten="276,262,192,250" step="2"/><W70/><G70/><T134/><D134/><U25/><E18/><AGARI ba="0,2" hai="11,12,18,36,42,45,53,55,95,98,103" m="19968" machi="18" ten="50,6400,0" yaku="1,1,2,1,53,1" doraHai="30,47" doraHaiUra="112,92" who="2" fromWho="1" sc="276,0,262,-64,192,84,250,0" /><INIT seed="6,0,0,1,1,36" ten="276,198,276,250" oya="2" hai0="74,100,84,62,46,56,99,117,132,122,5,83,120" hai1="66,38,3,97,45,49,76,42,10,27,11,12,72" hai2="119,111,109,40,17,115,79,32,24,53,14,96,50" hai3="78,108,128,88,81,114,71,18,133,104,34,6,125"/><V19/><F119/><W112/><G108/><N who="2" m="41545" /><F115/><N who="3" m="44075" /><G133/><T98/><D74/><U126/><E126/><V7/><F79/><W25/><G125/><T61/><D132/><U29/><E66/><V130/><F130/><W131/><G104/><T135/><D135/><U54/><E3/><V39/><F39/><W118/><G118/><T95/><D117/><U28/><E28/><N who="2" m="19463" /><F96/><W73/><G71/><T51/><D5/><U80/><E97/><V2/><F2/><W8/><G88/><T58/><D98/><U33/><REACH who="1" step="1"/><E12/><REACH who="1" ten="276,188,276,250" step="2"/><V35/><F14/><N who="3" m="5399" /><G131/><T129/><D129/><U26/><E26/><V48/><F35/><W77/><G128/><T90/><D122/><U4/><E4/><V67/><F7/><W105/><G34/><T110/><D120/><U21/><E21/><V106/><F67/><W89/><G25/><T69/><D110/><U93/><E93/><V121/><F106/><W107/><G107/><T103/><D99/><U70/><E70/><V127/><F127/><W91/><G105/><T41/><D95/><U1/><E1/><V123/><F123/><W13/><G13/><T85/><D69/><U94/><E94/><V92/><F92/><W15/><G15/><T37/><D103/><U64/><E64/><V52/><F121/><W102/><G102/><T16/><D100/><U30/><E30/><V59/><F40/><W9/><G18/><T124/><D16/><U101/><E101/><V82/><F82/><N who="3" m="45359" /><G9/><T0/><D124/><U55/><E55/><V20/><F20/><W87/><AGARI ba="0,1" hai="78,81,87,89,91" m="45359,5399,44075" machi="87" ten="30,2000,0" yaku="15,1,11,1" doraHai="36" who="3" fromWho="3" sc="276,-5,188,-5,276,-10,250,30" /><INIT seed="7,0,0,4,0,62" ten="271,183,266,280" oya="3" hai0="8,70,65,1,104,73,90,68,28,99,86,117,130" hai1="129,113,52,42,59,107,26,105,50,88,6,92,112" hai2="11,78,32,46,119,35,91,13,66,106,37,72,40" hai3="128,63,41,125,38,83,124,110,7,87,3,61,100"/><W64/><G128/><T120/><D130/><U9/><E129/><V108/><F108/><W103/><G110/><T81/><D120/><U4/><E42/><V60/><F106/><W95/><G3/><T53/><D28/><U114/><E26/><V123/><F119/><W31/><G7/><N who="0" m="1135" /><D53/><U20/><E20/><V49/><F37/><W39/><G31/><T17/><D17/><U76/><E76/><V44/><F44/><N who="3" m="23615" /><G38/><T69/><D117/><U5/><REACH who="1" step="1"/><E9/><REACH who="1" ten="271,173,266,280" step="2"/><V132/><F123/><W96/><G124/><T94/><D104/><U55/><E55/><V57/><F78/><W56/><G125/><T77/><D77/><U122/><E122/><V84/><F72/><W54/><G54/><T30/><D73/><U131/><E131/><V109/><F109/><W27/><G27/><T34/><D34/><U24/><E24/><V12/><F132/><W133/><G133/><T25/><D25/><U89/><E89/><V2/><F35/><W93/><G100/><N who="0" m="60535" /><D30/><U80/><E80/><V126/><F32/><W74/><G74/><T67/><D81/><U16/><E16/><V79/><F79/><W45/><G83/><T82/><D82/><U23/><E23/><V29/><F29/><W118/><G103/><T47/><D47/><U75/><E75/><V22/><F22/><W0/><G45/><T14/><D14/><U134/><E134/><V127/><F127/><W18/><G18/><T15/><D15/><U19/><E19/><V48/><F126/><W58/><G118/><T111/><D111/><U21/><E21/><V85/><F13/><W36/><G0/><RYUUKYOKU ba="0,1" sc="271,15,173,15,266,-15,280,-15" hai0="65,67,68,69,70,86,90" hai1="4,5,6,50,52,59,88,92,105,107,112,113,114" owari="296,39.0,188,-31.0,251,-15.0,265,7.0" /></mjloggm>