<mjloggm ver="2.3"><GO type="97" lobby="0"/><UN n0="%E4%BA%8B%E6%95%85" n1="%E5%B0%B1%E6%B4%BB%E7%94%9F%40%E5%B7%9D%E6%9D%91%E8%BB%8D%E5%9B%A3" n2="%E3%83%8A%E3%82%AB%39%39%39" n3="%E6%8D%A8%E3%81%A6%E5%9E%A2%30%34" dan="14,14,14,13" rate="1942.19,1952.56,1866.22,1892.27" sx="F,M,M,M"/><TAIKYOKU oya="0"/><INIT seed="0,0,0,3,2,58" ten="250,250,250,250" oya="0" hai0="96,126,133,106,77,101,130,79,85,14,115,110,76" hai1="93,2,131,123,71,35,30,98,95,87,63,18,19" hai2="15,122,3,104,49,8,132,125,70,11,83,113,55" hai3="68,38,24,47,31,97,69,66,117,33,13,21,53"/><T90/><D130/><U86/><E123/><V120/><F113/><W116/><G97/><T5/><D5/><U89/><E2/><V128/><F128/><W9/><G33/><T108/><D14/><U45/><E131/><V41/><F104/><W124/><G124/><T39/><D39/><U107/><E45/><V17/><F125/><W10/><G38/><T111/><D126/><U23/><E107/><V6/><F70/><W12/><G47/><T135/><D115/><U16/><E35/><V119/><F132/><W74/><G53/><T80/><AGARI ba="0,0" hai="76,77,79,80,85,90,96,101,106,108,110,111,133,135" machi="80" ten="40,18000,2" yaku="0,1,14,1,10,1,34,3" doraHai="58" who="0" fromWho="0" sc="250,180,250,-60,250,-60,250,-60" /><INIT seed="0,1,0,1,1,98" ten="430,190,190,190" oya="0" hai0="74,33,93,99,10,50,27,103,115,80,31,11,111" hai1="128,44,61,131,125,135,16,96,66,85,15,47,88" hai2="89,100,65,127,57,20,24,54,34,1,36,112,108" hai3="117,114,13,87,124,52,63,17,116,26,118,79,69"/><T23/><D115/><U38/><E135/><V6/><F112/><W81/><G114/><T90/><D33/><U59/><E125/><V28/><F36/><W70/><G124/><T119/><D119/><U122/><E122/><V39/><F39/><W53/><G26/><T40/><D74/><U105/><E105/><V48/><F127/><W104/><G104/><T84/><D111/><U51/><E96/><V18/><F108/><W92/><G92/><T2/><D2/><U58/><E38/><V60/><F89/><W46/><G46/><AGARI ba="1,0" hai="10,11,23,27,31,40,46,50,80,84,90,93,99,103" machi="46" ten="40,3900,0" yaku="8,1,52,1" doraHai="98" who="0" fromWho="3" sc="430,42,190,0,190,0,190,-42" /><INIT seed="0,2,0,0,4,52" ten="472,190,190,148" oya="0" hai0="42,105,83,10,78,112,55,135,3,106,63,12,99" hai1="47,5,8,32,27,9,29,119,102,120,13,40,88" hai2="108,90,17,114,36,71,41,111,97,18,57,75,67" hai3="82,66,68,48,130,21,131,28,11,93,81,92,49"/><T77/><D112/><U87/><E120/><V125/><F75/><W126/><G11/><T30/><D42/><U35/><E119/><V4/><F114/><W118/><G21/><T110/><D3/><U0/><E102/><V107/><F4/><W61/><G118/><T100/><D106/><U64/><E64/><V72/><F72/><W79/><G28/><T73/><D77/><U22/><E9/><V113/><F113/><W1/><G1/><T23/><D135/><U123/><E0/><V65/><F71/><W2/><G2/><T25/><D55/><U37/><REACH who="1" step="1"/><E123/><REACH who="1" ten="472,180,190,148" step="2"/><V129/><F67/><W133/><G133/><T134/><D134/><U104/><E104/><V59/><F65/><W96/><G126/><T121/><D121/><U132/><E132/><V15/><F125/><W34/><G34/><T46/><D105/><U94/><AGARI ba="2,1" hai="5,8,13,22,27,29,32,35,37,40,47,87,88,94" machi="94" ten="20,5200,0" yaku="1,1,0,1,7,1,54,1,53,0" doraHai="52" doraHaiUra="109" who="1" fromWho="1" sc="472,-28,180,68,190,-15,148,-15" /><INIT seed="1,0,0,1,3,12" ten="444,248,175,133" oya="1" hai0="84,55,43,8,128,100,30,70,44,77,34,36,32" hai1="93,133,9,81,63,118,125,102,24,21,105,73,86" hai2="83,54,5,110,87,75,123,94,130,42,22,13,4" hai3="15,69,52,113,10,67,96,56,76,129,91,31,88"/><U89/><E118/><V19/><F123/><W82/><G113/><T7/><D70/><U17/><E125/><V101/><F110/><W1/><G1/><T49/><D30/><U120/><E120/><V132/><F75/><W98/><G129/><T127/><D100/><U85/><E133/><V74/><F74/><W23/><G69/><T51/><D36/><U14/><E105/><V116/><F116/><W111/><G111/><T6/><D6/><U103/><E73/><V97/><F132/><W99/><G67/><T68/><D68/><U114/><E63/><V109/><F42/><W53/><G76/><T122/><D122/><U119/><E119/><V92/><F92/><W117/><G117/><T134/><D128/><U16/><E114/><V124/><F109/><W50/><G53/><T66/><D66/><U72/><E72/><V20/><F130/><W35/><G35/><T135/><D127/><U57/><E57/><V33/><F33/><W121/><G121/><T131/><D131/><U27/><E27/><V2/><F2/><W25/><REACH who="3" step="1"/><G82/><REACH who="3" ten="444,248,175,123" step="2"/><N who="0" m="47183" /><D32/><U46/><E46/><V62/><F124/><W26/><G26/><T29/><D34/><U65/><E65/><V108/><F108/><W38/><G38/><T104/><D134/><U61/><E61/><V115/><F115/><W112/><G112/><T107/><D135/><U3/><E3/><V106/><F106/><W80/><G80/><T0/><D104/><U28/><E28/><V126/><F126/><W90/><G90/><AGARI ba="0,1" hai="9,14,16,17,21,24,81,85,86,89,90,93,102,103" machi="90" ten="30,12000,1" yaku="7,1,8,1,52,2,54,1" doraHai="12" who="1" fromWho="3" sc="444,0,248,130,175,0,123,-120" /><INIT seed="1,1,0,0,5,18" ten="444,378,175,3" oya="1" hai0="84,4,86,104,118,29,8,129,55,102,15,73,107" hai1="41,19,81,11,78,60,23,53,5,2,16,70,115" hai2="94,105,51,22,124,61,30,38,127,43,111,103,0" hai3="32,35,56,65,54,27,88,25,126,130,28,63,74"/><U133/><E115/><V62/><F51/><W131/><G74/><T33/><D73/><U117/><E117/><V44/><F94/><W98/><G126/><N who="2" m="48169" /><F30/><W49/><G130/><T3/><D129/><U9/><E133/><V123/><F123/><W114/><G131/><T68/><D68/><U42/><E11/><V93/><F93/><W91/><G114/><T77/><D104/><U108/><E108/><V52/><F0/><W21/><G98/><T37/><D37/><U47/><E70/><V106/><F111/><W50/><G50/><T64/><D64/><U82/><E82/><V85/><F85/><W48/><G35/><T45/><D84/><U57/><E47/><V59/><F62/><W69/><G49/><T71/><D71/><U112/><E112/><V20/><F103/><W96/><G96/><T121/><D118/><U1/><E1/><V46/><F44/><W134/><G134/><T97/><D121/><U119/><E119/><V80/><F80/><W90/><G32/><T128/><D128/><U6/><E6/><V14/><F14/><W79/><G27/><T36/><D86/><U13/><REACH who="1" step="1"/><E19/><REACH who="1" ten="444,368,175,3" step="2"/><V31/><F31/><W7/><G7/><T40/><D29/><U34/><E34/><V58/><F59/><W122/><G122/><T89/><D33/><U132/><E132/><V66/><F66/><W100/><G100/><T92/><D3/><U76/><E76/><V17/><F17/><W101/><G79/><T83/><D77/><U10/><E10/><V110/><F110/><W12/><G101/><T24/><D83/><U87/><AGARI ba="1,1" hai="2,5,9,13,16,23,41,42,53,57,60,78,81,87" machi="87" ten="20,18000,2" yaku="1,1,5,1,0,1,7,1,52,1,54,1,53,0" doraHai="18" doraHaiUra="26" who="1" fromWho="1" sc="444,-61,368,193,175,-61,3,-61" owari="383,18.0,561,67.0,114,-29.0,-58,-56.0" /></mjloggm>