<mjloggm ver="2.3"><GO type="97" lobby="0"/><UN n0="%E3%81%88%E3%83%BC%E3%81%99%E3%81%A8%E3%81%85%EF%BC%81" n1="%E8%85%90%E6%95%97%E7%A5%9E%E8%A9%B1" n2="%E5%B0%B1%E6%B4%BB%E7%94%9F%40%E5%B7%9D%E6%9D%91%E8%BB%8D%E5%9B%A3" n3="%74%61%6B%65%6F%32" dan="14,13,15,13" rate="1954.24,1951.27,2081.72,1879.15" sx="M,M,M,M"/><TAIKYOKU oya="0"/><INIT seed="0,0,0,2,3,44" ten="250,250,250,250" oya="0" hai0="107,54,6,42,84,40,117,8,103,15,11,25,127" hai1="51,14,124,78,85,17,58,72,3,106,31,34,100" hai2="62,125,63,115,5,24,32,41,93,119,104,134,50" hai3="67,92,12,19,82,43,87,118,108,48,111,135,80"/><T102/><D127/><U16/><E72/><V9/><F104/><W20/><G118/><T64/><D64/><U73/><E73/><V47/><F119/><W99/><G67/><T133/><D133/><U90/><E3/><V121/><F115/><W27/><G135/><T71/><D71/><U38/><E38/><V65/><F121/><W81/><G43/><N who="0" m="16427" /><D107/><U30/><E124/><V112/><F112/><W39/><G39/><T77/><D77/><U88/><E100/><N who="0" m="38441" /><D25/><U60/><E106/><V13/><F134/><W70/><G70/><T89/><D117/><U57/><E78/><V36/><F125/><W33/><G99/><T97/><D97/><U2/><E2/><V26/><F36/><W75/><G75/><T46/><D46/><U0/><E0/><V126/><F126/><W96/><G96/><T52/><D11/><U56/><E60/><N who="2" m="23083" /><F32/><W18/><G92/><AGARI ba="0,0" hai="6,8,15,52,54,84,89,92" m="38441,16427" machi="92" ten="30,2900,0" yaku="8,1,54,1" doraHai="44" who="0" fromWho="3" sc="250,29,250,0,250,0,250,-29" /><INIT seed="0,1,0,3,5,90" ten="279,250,250,221" oya="0" hai0="43,112,48,57,12,118,129,87,76,124,20,126,101" hai1="120,131,94,46,15,114,68,50,81,29,107,115,135" hai2="104,97,65,33,0,70,7,77,109,133,103,123,78" hai3="89,28,99,35,66,74,40,134,119,4,72,79,38"/><T53/><D112/><U24/><E107/><V37/><F123/><W26/><G119/><T32/><D32/><U51/><E68/><V108/><F37/><W92/><G66/><T44/><D101/><U8/><E120/><V54/><F33/><W80/><G4/><T105/><D105/><U75/><E131/><V18/><F133/><W67/><G67/><T52/><D129/><U122/><E122/><V22/><F7/><W121/><G121/><T3/><D3/><U21/><E135/><V36/><F36/><W42/><G134/><T17/><D118/><U128/><E128/><V100/><F100/><W11/><G11/><T5/><D5/><U56/><E56/><V117/><F117/><W88/><G74/><T9/><D9/><U2/><E2/><V61/><F54/><W113/><G113/><N who="1" m="43018" /><E46/><V25/><REACH who="2" step="1"/><F0/><REACH who="2" ten="279,250,240,221" step="2"/><W93/><G38/><T63/><D53/><U111/><E111/><AGARI ba="1,1" hai="18,22,25,61,65,70,77,78,97,103,104,108,109,111" machi="111" ten="40,5200,0" yaku="1,1,2,1,14,1,53,0" doraHai="90" doraHaiUra="55" who="2" fromWho="1" sc="279,0,250,-55,240,65,221,0" /><INIT seed="1,0,0,1,1,99" ten="279,195,305,221" oya="1" hai0="118,56,29,58,51,127,21,26,16,81,106,2,33" hai1="80,104,82,130,132,87,134,74,63,13,85,125,42" hai2="7,62,103,60,107,31,95,101,72,34,109,79,92" hai3="28,65,100,94,36,49,119,77,115,96,18,39,123"/><U133/><E42/><V3/><F107/><W9/><G115/><T57/><D118/><U68/><E13/><V124/><F124/><W24/><G123/><T98/><D127/><U73/><E125/><V114/><F114/><W35/><G77/><T97/><D2/><U40/><E40/><V46/><F109/><W86/><G86/><N who="1" m="32778" /><E63/><N who="2" m="24107" /><F72/><N who="1" m="27753" /><E68/><V113/><F113/><W105/><G119/><T47/><D81/><N who="1" m="31339" /><E104/><V14/><F3/><W116/><G116/><T131/><D131/><AGARI ba="0,0" hai="130,131,132,133,134" m="31339,27753,32778" machi="131" ten="40,12000,1" yaku="28,2,20,1,34,2" doraHai="99" who="1" fromWho="0" sc="279,-120,195,120,305,0,221,0" /><INIT seed="1,1,0,0,4,128" ten="159,315,305,221" oya="1" hai0="111,125,21,14,84,104,81,45,76,54,74,67,27" hai1="115,72,58,7,39,123,55,34,26,89,83,114,30" hai2="10,130,66,33,23,116,56,108,131,9,103,113,117" hai3="37,133,101,121,127,49,22,64,102,25,3,100,68"/><U106/><E123/><V110/><F33/><W134/><G37/><T80/><D125/><U1/><E39/><V61/><F103/><W105/><G3/><T41/><D111/><N who="2" m="42538" /><F113/><W36/><G36/><T85/><D67/><U129/><E106/><V11/><F23/><W70/><G121/><T112/><D112/><U35/><E129/><AGARI ba="1,0" hai="9,10,11,56,61,66,116,117,129,130,131" m="42538" machi="129" ten="40,2600,0" yaku="19,1,14,1" doraHai="128" who="2" fromWho="1" sc="159,0,315,-29,305,29,221,0" /><INIT seed="2,0,0,4,0,91" ten="159,286,334,221" oya="2" hai0="15,24,56,28,135,26,5,84,106,7,0,25,49" hai1="61,74,6,67,55,100,120,101,76,134,22,41,58" hai2="114,122,87,62,42,83,103,124,104,102,1,72,57" hai3="117,125,18,40,65,60,110,31,47,11,21,111,34"/><V81/><F1/><W121/><G121/><T105/><D84/><U129/><E120/><V89/><F122/><W44/><G117/><T4/><D49/><U29/><E129/><V86/><F114/><W73/><G73/><T79/><D56/><U71/><E41/><V78/><F124/><W132/><G34/><T95/><D95/><U9/><E134/><V46/><F104/><W27/><G132/><T38/><D79/><U94/><E74/><V88/><F72/><W16/><G125/><T82/><D82/><U23/><E76/><V20/><F78/><W128/><G128/><T92/><D92/><U63/><E29/><V53/><REACH who="2" step="1"/><F20/><REACH who="2" ten="159,286,324,221" step="2"/><W51/><G47/><T119/><D119/><U131/><E131/><V93/><F93/><W37/><G37/><AGARI ba="0,1" hai="37,42,46,53,57,62,81,83,86,87,88,89,102,103" machi="37" ten="30,11600,0" yaku="1,1,7,1,9,1,54,1,53,0" doraHai="91" doraHaiUra="13" who="2" fromWho="3" sc="159,0,286,0,324,126,221,-116" /><INIT seed="2,1,0,5,4,71" ten="159,286,450,105" oya="2" hai0="19,69,76,0,126,79,116,94,84,34,57,101,32" hai1="43,60,112,72,104,82,117,81,115,113,15,59,87" hai2="129,83,130,27,64,90,95,110,107,12,67,7,89" hai3="77,119,88,13,135,31,37,46,52,96,14,25,51"/><V61/><F107/><W33/><G119/><T124/><D0/><U114/><E104/><V127/><F127/><N who="0" m="48682" /><D69/><U38/><E117/><V21/><F110/><W106/><G77/><N who="0" m="29771" /><D116/><U92/><E72/><V66/><F7/><W42/><G106/><T99/><D19/><U4/><E92/><V40/><F40/><W134/><G96/><T6/><D6/><U18/><E4/><V62/><F12/><N who="3" m="4715" /><G88/><N who="2" m="33897" /><F83/><W41/><G37/><T17/><D84/><U133/><E87/><V56/><F95/><W86/><G86/><T29/><D29/><U85/><E85/><V22/><F56/><W23/><G23/><N who="2" m="8713" /><F27/><W132/><AGARI ba="1,0" hai="25,31,33,41,42,46,51,52,132,134,135" m="4715" machi="132" ten="40,2700,0" yaku="20,1,54,1" doraHai="71" who="3" fromWho="3" sc="159,-8,286,-8,450,-14,105,30" /><INIT seed="3,0,0,0,2,40" ten="151,278,436,135" oya="3" hai0="75,70,98,54,121,59,53,111,2,24,123,19,29" hai1="66,11,77,106,108,41,72,101,68,46,128,71,32" hai2="34,50,135,79,55,51,105,84,6,36,38,88,20" hai3="78,8,113,1,81,100,58,122,57,73,124,12,103"/><W104/><G1/><T23/><D111/><U119/><E108/><V93/><F105/><W9/><G122/><T82/><D2/><U63/><E128/><V102/><F34/><W69/><G69/><T5/><D5/><U67/><E119/><V10/><F135/><W91/><G113/><T52/><D70/><U92/><E92/><V115/><F115/><W94/><G104/><T3/><D98/><U26/><E67/><V14/><F79/><W44/><G124/><T129/><D3/><U60/><E60/><V80/><F80/><W114/><G114/><T65/><D129/><U17/><E17/><V125/><F125/><W7/><G9/><T56/><D65/><U0/><E71/><V49/><F102/><W39/><G39/><T37/><D37/><N who="1" m="21807" /><E77/><V30/><REACH who="2" step="1"/><F55/><REACH who="2" ten="151,278,426,135" step="2"/><W47/><G103/><T42/><D54/><U110/><E110/><V99/><F99/><W134/><G100/><T27/><D82/><U76/><E76/><V95/><F95/><W126/><G126/><T61/><D75/><U28/><E72/><V48/><N who="2" m="12800" /><DORA hai="13" /><V33/><F33/><W116/><G134/><T127/><D127/><U31/><E101/><V120/><F120/><W96/><REACH who="3" step="1"/><G116/><REACH who="3" ten="151,278,426,125" step="2"/><T112/><D112/><U25/><E106/><V15/><F15/><W132/><G132/><T118/><D118/><U18/><E0/><V62/><F62/><W87/><G87/><T90/><D121/><U107/><E107/><V85/><F85/><W117/><G117/><T89/><D123/><U16/><E11/><V74/><F74/><W64/><G64/><T133/><D133/><RYUUKYOKU ba="0,2" sc="151,-30,278,10,426,10,125,10" hai1="16,18,25,26,28,31,32,63,66,68" hai2="6,10,14,20,30,36,38,84,88,93" hai3="7,8,12,44,47,57,58,73,78,81,91,94,96" /><INIT seed="3,1,2,3,1,15" ten="121,288,436,135" oya="3" hai0="37,73,1,135,8,130,87,103,119,51,42,3,4" hai1="53,76,56,50,89,29,96,18,34,60,52,83,108" hai2="122,97,54,28,129,74,57,33,48,45,110,94,2" hai3="12,6,95,46,43,49,35,102,40,69,105,90,61"/><W0/><G35/><T115/><D119/><U16/><E108/><V131/><F74/><W64/><G0/><T111/><D115/><U67/><E34/><V11/><F110/><W116/><G116/><T121/><D121/><U62/><E29/><V117/><F122/><W126/><G105/><T113/><D113/><U118/><E118/><V134/><F117/><W66/><G102/><T58/><D111/><U120/><E120/><V104/><F104/><W72/><G72/><T109/><D109/><U98/><E53/><V5/><F134/><W133/><G6/><T82/><D103/><U78/><E62/><V31/><F45/><W22/><G133/><T24/><D24/><U71/><E78/><V84/><F84/><W14/><G66/><T112/><D112/><U106/><E106/><V21/><F33/><W100/><G100/><T80/><D135/><U70/><E70/><V63/><F63/><W85/><G126/><T7/><D58/><U114/><E114/><V127/><F127/><W30/><G30/><T92/><D51/><U79/><E79/><V107/><F107/><W128/><G128/><N who="2" m="49225" /><F21/><W20/><REACH who="3" step="1"/><G43/><REACH who="3" ten="121,288,436,125" step="2"/><T17/><D130/><U36/><E36/><V25/><F25/><W32/><G32/><T77/><D17/><N who="1" m="6763" /><E71/><V38/><F38/><W124/><G124/><T19/><D19/><U10/><E10/><V23/><F23/><AGARI ba="1,3" hai="12,14,20,22,23,40,46,49,61,64,69,85,90,95" machi="23" ten="40,3900,0" yaku="1,1,53,1" doraHai="15" doraHaiUra="91" who="3" fromWho="2" sc="121,0,288,0,436,-42,125,72" /><INIT seed="3,2,0,3,1,1" ten="121,288,394,197" oya="3" hai0="69,16,0,55,80,31,86,92,89,101,106,91,19" hai1="132,68,30,97,63,98,102,126,110,115,33,47,45" hai2="22,11,26,104,51,109,118,28,43,44,14,75,29" hai3="12,114,2,113,93,40,129,128,122,127,108,84,119"/><W103/><G40/><T134/><D69/><U38/><E115/><N who="3" m="44042" /><G2/><T83/><D0/><U8/><E98/><V3/><F104/><W77/><G12/><T27/><D134/><U24/><E132/><V96/><F75/><W10/><G10/><T46/><D101/><U66/><E38/><V116/><F109/><W35/><G35/><T48/><D106/><N who="1" m="63823" /><E110/><V15/><F3/><W58/><G103/><T133/><D133/><U56/><E56/><V82/><F29/><W135/><G135/><T36/><D36/><U87/><E8/><V17/><F15/><W52/><G77/><T78/><D78/><U61/><E61/><V9/><F9/><W13/><G13/><T117/><D117/><U125/><E87/><V41/><F41/><W25/><G25/><T54/><D54/><U4/><E4/><V99/><F116/><W37/><G37/><T111/><D111/><U57/><E57/><V105/><F118/><W70/><G70/><T123/><D123/><U5/><E5/><V71/><F71/><W67/><G108/><T90/><D90/><U65/><E65/><V107/><F107/><W130/><G119/><T79/><D79/><U121/><E121/><V39/><F105/><W85/><G122/><T73/><D73/><U72/><E72/><V20/><F39/><W64/><G127/><AGARI ba="2,0" hai="24,30,33,45,47,63,66,68,125,126,127" m="63823" machi="127" ten="30,2000,0" yaku="25,1,18,1" doraHai="1" who="1" fromWho="3" sc="121,0,288,26,394,0,197,-26" owari="121,-38.0,314,11.0,394,50.0,171,-23.0" /></mjloggm>