<mjloggm ver="2.3"><GO type="97" lobby="0"/><UN n0="%64%6F%77%6E%6C%6F%61%64" n1="%72%68%79%6D%65" n2="%E5%B0%B1%E6%B4%BB%E7%94%9F%40%E5%B7%9D%E6%9D%91%E8%BB%8D%E5%9B%A3" n3="%61%6B%65%62%6F%73%68%69" dan="14,14,15,15" rate="1937.12,2002.91,2022.08,1961.88" sx="M,M,M,M"/><TAIKYOKU oya="0"/><INIT seed="0,0,0,2,5,35" ten="250,250,250,250" oya="0" hai0="119,114,28,1,126,20,94,124,129,37,41,112,26" hai1="14,134,95,84,27,72,31,106,51,44,82,2,71" hai2="12,135,13,50,66,15,102,67,30,59,24,97,122" hai3="85,69,127,81,48,64,128,99,16,22,54,33,117"/><T45/><D119/><U62/><E106/><V47/><F122/><W96/><G117/><T110/><D129/><U42/><E72/><V101/><F135/><W18/><G33/><N who="0" m="20631" /><D94/><U108/><E134/><V90/><F90/><W131/><G127/><N who="0" m="48683" /><D20/><U38/><E95/><V58/><F58/><W25/><G64/><T76/><D76/><U91/><E14/><V34/><F59/><W56/><G69/><T29/><D29/><U132/><E132/><V32/><F32/><W87/><G87/><T60/><D60/><U100/><E100/><V73/><F73/><W39/><G39/><T103/><D103/><U9/><E38/><V78/><F78/><W3/><G3/><T65/><D65/><U5/><E62/><V93/><REACH who="2" step="1"/><F101/><REACH who="2" ten="250,250,240,250" step="2"/><W109/><G109/><T88/><D88/><U49/><E108/><V133/><F133/><W53/><G131/><T40/><D110/><U125/><E125/><V63/><F63/><W121/><G128/><T116/><D116/><U61/><E61/><V130/><F130/><W74/><G121/><T113/><D41/><AGARI ba="0,1" hai="12,13,15,24,30,34,41,47,50,66,67,93,97,102" machi="41" ten="40,1300,0" yaku="1,1,53,0" doraHai="35" doraHaiUra="55" who="2" fromWho="0" sc="250,-13,250,0,240,23,250,0" /><INIT seed="1,0,0,4,0,6" ten="237,250,263,250" oya="1" hai0="135,61,133,35,37,52,92,15,84,105,69,116,113" hai1="112,53,0,13,98,127,81,79,85,4,2,1,117" hai2="109,70,33,31,26,91,103,111,124,132,58,129,107" hai3="114,66,8,41,78,94,125,75,89,22,93,25,99"/><U17/><E117/><V134/><F70/><W95/><G114/><T42/><D105/><U130/><E112/><V76/><F76/><W63/><G125/><T102/><D35/><U36/><E36/><V21/><F124/><W96/><G41/><T110/><D110/><N who="2" m="41994" /><F129/><W40/><G40/><T44/><D116/><U74/><E130/><V65/><F33/><W119/><G119/><T97/><D113/><U29/><E127/><V73/><F73/><W3/><G75/><T38/><D69/><U71/><E29/><V10/><F91/><W47/><G47/><T32/><D84/><U18/><E71/><V27/><F27/><W126/><G126/><T131/><D32/><U54/><E74/><V123/><F123/><W48/><G48/><T77/><D77/><U57/><E98/><N who="2" m="61943" /><F10/><W100/><G78/><T28/><D28/><U56/><E56/><V24/><F24/><W19/><G3/><T59/><D131/><U50/><REACH who="1" step="1"/><E54/><REACH who="1" ten="237,240,263,250" step="2"/><V55/><F65/><W49/><G49/><AGARI ba="0,1" hai="21,26,31,49,55,58,132,134" m="61943,41994" machi="49" ten="30,1000,0" yaku="14,1" doraHai="6" who="2" fromWho="3" sc="237,0,240,0,263,20,250,-10" /><INIT seed="2,0,0,3,1,73" ten="237,240,283,240" oya="2" hai0="49,26,18,127,58,32,55,132,89,0,133,9,23" hai1="129,72,85,29,110,57,45,43,59,119,31,134,8" hai2="92,67,79,90,53,25,22,82,95,86,40,109,125" hai3="96,13,37,126,66,63,19,115,121,27,10,93,118"/><V28/><F125/><W74/><G121/><T12/><D127/><U103/><E119/><V14/><F67/><W35/><G118/><T100/><D100/><U107/><E72/><V105/><F105/><W1/><G37/><T5/><D89/><U47/><E134/><V94/><F109/><W51/><G126/><T75/><D75/><U88/><E129/><V24/><F24/><W78/><G115/><T15/><D15/><U113/><E113/><V128/><F128/><W116/><G116/><T52/><D55/><U61/><E110/><V48/><F40/><W6/><G51/><T91/><D91/><U4/><E103/><V87/><REACH who="2" step="1"/><F14/><REACH who="2" ten="237,240,273,240" step="2"/><W42/><G42/><T41/><D41/><U111/><E107/><V83/><F83/><W30/><G74/><T101/><D101/><U64/><E43/><V62/><F62/><W112/><G112/><T17/><REACH who="0" step="1"/><D32/><REACH who="0" ten="227,240,273,240" step="2"/><U98/><E111/><V106/><F106/><W77/><G93/><T20/><AGARI ba="0,2" hai="0,5,9,12,17,18,20,23,26,49,52,58,132,133" machi="20" ten="30,7900,0" yaku="1,1,2,1,0,1,54,1,53,0" doraHai="73" doraHaiUra="122" who="0" fromWho="0" sc="227,99,240,-20,273,-39,240,-20" /><INIT seed="3,0,0,1,1,131" ten="326,220,234,220" oya="3" hai0="120,103,130,124,9,71,118,40,105,47,92,18,98" hai1="54,44,77,55,64,78,46,60,21,114,8,24,79" hai2="88,11,25,115,43,95,37,82,13,45,133,84,26" hai3="29,110,17,62,27,12,58,122,83,59,39,53,66"/><W65/><G122/><T49/><D120/><U132/><E114/><V94/><F115/><W68/><G39/><T128/><D118/><U34/><E34/><V3/><F3/><W85/><G110/><T4/><D71/><U74/><E74/><V16/><F133/><W126/><G126/><T76/><D124/><U123/><E123/><V22/><F26/><W2/><G2/><T99/><D76/><U23/><E8/><V90/><REACH who="2" step="1"/><F90/><REACH who="2" ten="326,220,224,220" step="2"/><W41/><G41/><T61/><D130/><U100/><E132/><V89/><F89/><W107/><G107/><T19/><D128/><U36/><E24/><V80/><F80/><W56/><G65/><T20/><D105/><U102/><E64/><V86/><F86/><W0/><G0/><T125/><D125/><U7/><E102/><V73/><F73/><W127/><G127/><T113/><D113/><U111/><E100/><V129/><F129/><W57/><N who="3" m="14336" /><DORA hai="72" /><W69/><G69/><T106/><D106/><U15/><E15/><V67/><F67/><W14/><G53/><T10/><D99/><U104/><E55/><V48/><F48/><W50/><G50/><T6/><D61/><U33/><E104/><V116/><F116/><W52/><G52/><T101/><D101/><U119/><E60/><V75/><F75/><W28/><G27/><T121/><D121/><U35/><E54/><V32/><F32/><W63/><G63/><T81/><D40/><U112/><E33/><V93/><F93/><W96/><G96/><T135/><D98/><U70/><E35/><V1/><F1/><W97/><G97/><RYUUKYOKU ba="0,1" sc="326,-10,220,-10,224,30,220,-10" hai2="11,13,16,22,25,37,43,45,82,84,88,94,95" owari="326,43.0,210,-19.0,254,5.0,210,-29.0" /></mjloggm>