<mjloggm ver="2.3"><GO type="169" lobby="0"/><UN n0="%E3%83%94%E3%82%AB%E5%90%BE%E9%83%8E" n1="%4B%E3%80%82" n2="%EF%BC%9D%E9%AB%98%E6%A9%8B%E3%83%91%E3%83%B3%E3%83%80%EF%BC%9D" n3="%E3%82%A6%E3%83%AB%E3%83%88%E3%83%A9%E7%AB%8B%E7%9B%B4" dan="17,17,16,17" rate="2133.80,2129.80,2142.87,2192.45" sx="M,M,M,M"/><TAIKYOKU oya="0"/><INIT seed="0,0,0,4,2,100" ten="250,250,250,250" oya="0" hai0="88,63,121,47,27,122,54,73,109,127,22,31,59" hai1="37,90,89,75,120,95,49,68,23,108,55,12,131" hai2="40,67,5,24,79,74,6,132,43,135,70,21,18" hai3="110,64,118,7,76,14,134,53,26,0,83,86,85"/><T65/><D73/><U119/><E120/><V107/><F107/><W130/><G118/><T114/><D127/><U104/><E104/><V111/><F111/><W125/><G110/><T36/><D109/><U48/><E37/><V77/><F67/><W98/><G130/><T103/><D114/><U9/><E68/><V102/><F102/><W38/><G134/><N who="2" m="51241" /><F70/><W39/><G125/><T29/><D103/><U58/><E75/><V66/><F66/><W33/><G0/><T15/><D31/><U113/><E119/><V94/><F94/><W84/><G64/><T17/><D36/><U115/><E131/><V123/><F123/><W78/><G98/><T13/><D13/><U8/><E108/><V28/><F28/><W117/><G117/><T80/><D47/><U96/><E113/><V69/><F69/><W97/><G97/><T44/><D44/><U41/><E115/><V2/><F2/><W35/><G39/><T34/><REACH who="0" step="1"/><D65/><REACH who="0" ten="240,250,250,250" step="2"/><U128/><E128/><V106/><F74/><W32/><G38/><T87/><AGARI ba="0,1" hai="15,17,22,27,29,34,54,59,63,80,87,88,121,122" machi="87" ten="30,11700,0" yaku="1,1,2,1,0,1,54,1,53,0" doraHai="100" doraHaiUra="46" who="0" fromWho="0" sc="240,127,250,-39,250,-39,250,-39" /><INIT seed="0,1,0,1,4,86" ten="367,211,211,211" oya="0" hai0="126,73,135,62,87,2,108,20,65,27,10,105,68" hai1="43,29,31,33,39,40,4,117,46,54,51,49,113" hai2="103,37,77,12,130,101,16,50,99,6,131,7,80" hai3="79,19,66,70,1,11,61,95,42,112,13,85,83"/><T5/><D73/><U58/><E117/><V89/><F37/><W82/><G112/><T64/><D105/><U90/><E113/><V59/><F77/><W81/><G1/><T67/><D126/><U52/><E4/><N who="2" m="1579" /><F131/><W107/><G107/><T34/><D34/><U32/><E40/><V35/><F35/><W48/><G42/><T109/><D135/><U53/><E33/><V104/><F104/><W133/><G133/><T88/><D62/><U21/><E32/><V96/><F96/><W57/><G70/><T47/><D47/><U114/><E114/><V38/><F38/><W28/><G48/><T45/><D45/><U75/><E75/><V121/><F121/><W111/><G28/><T122/><D68/><U56/><E21/><N who="2" m="11399" /><F130/><W9/><G111/><N who="0" m="42571" /><D122/><U17/><E17/><V74/><F74/><W44/><G44/><T41/><D41/><U129/><E129/><V91/><F80/><W127/><G127/><T26/><D20/><U116/><E116/><V94/><F103/><W84/><G11/><T72/><D72/><U102/><E102/><V119/><F119/><W71/><G71/><T18/><D18/><U128/><E128/><V36/><F36/><W100/><G100/><T76/><D76/><U92/><E53/><AGARI ba="1,0" hai="50,53,59,89,91,94,99,101" m="11399,1579" machi="53" ten="30,7700,0" yaku="8,1,52,2,54,1" doraHai="86" who="2" fromWho="1" sc="367,0,211,-80,211,80,211,0" /><INIT seed="1,0,0,4,3,73" ten="367,131,291,211" oya="1" hai0="130,48,111,71,109,53,120,100,135,114,88,129,32" hai1="67,79,7,127,13,59,62,50,108,81,51,58,98" hai2="104,65,126,85,57,122,116,52,47,91,132,128,26" hai3="95,9,103,22,66,110,54,0,97,17,134,31,89"/><U69/><E127/><V102/><F116/><W80/><G110/><N who="0" m="41995" /><D32/><U34/><E34/><V36/><F122/><W123/><G123/><T101/><D120/><U5/><E108/><V106/><F126/><W23/><G134/><T124/><D71/><U44/><E98/><V49/><F132/><W113/><G113/><T2/><D2/><U64/><E13/><V10/><F128/><N who="0" m="49258" /><D135/><U4/><E64/><V27/><F10/><W19/><G66/><T68/><D68/><U86/><REACH who="1" step="1"/><E51/><REACH who="1" ten="367,121,291,211" step="2"/><V99/><F65/><W70/><G97/><T29/><D124/><U40/><AGARI ba="0,1" hai="4,5,7,40,44,50,58,59,62,67,69,79,81,86" machi="40" ten="30,12000,1" yaku="1,1,2,1,0,1,52,1,53,1" doraHai="73" doraHaiUra="42" who="1" fromWho="1" sc="367,-40,121,130,291,-40,211,-40" /><INIT seed="1,1,0,1,5,25" ten="327,251,251,171" oya="1" hai0="41,81,53,73,10,36,62,47,1,14,55,18,106" hai1="86,76,84,116,5,43,59,30,45,133,22,33,95" hai2="112,67,27,50,85,63,31,97,80,77,120,134,111" hai3="46,60,58,121,0,51,123,7,15,32,34,13,125"/><U132/><E116/><V109/><F120/><W90/><G0/><T4/><D62/><U74/><E33/><V118/><F118/><W56/><G125/><T117/><D106/><U21/><E5/><V28/><F112/><W39/><G39/><T100/><D100/><U37/><E59/><N who="2" m="37375" /><F134/><N who="1" m="51817" /><E95/><V126/><F126/><W68/><G68/><T69/><D69/><U19/><E30/><N who="2" m="11307" /><F27/><W24/><G24/><T119/><D117/><U42/><E42/><V124/><F124/><W57/><G34/><T26/><D26/><N who="1" m="14655" /><E22/><V91/><F50/><W122/><G32/><T20/><D119/><U113/><E113/><V94/><F109/><W8/><G15/><T99/><D99/><U115/><E115/><V3/><F3/><W6/><G60/><T48/><D48/><U83/><AGARI ba="1,0" hai="37,43,45,74,76,83,84,86" m="14655,51817" machi="83" ten="30,1500,0" yaku="20,1" doraHai="25" who="1" fromWho="1" sc="327,-6,251,18,251,-6,171,-6" /><INIT seed="1,2,0,5,4,45" ten="321,269,245,165" oya="1" hai0="100,122,89,49,10,13,59,16,38,8,42,114,57" hai1="116,65,54,74,44,41,33,76,1,134,68,36,0" hai2="80,46,31,34,85,7,4,92,94,126,77,111,103" hai3="98,87,39,48,69,71,107,95,79,51,3,109,62"/><U15/><E116/><V125/><F111/><W5/><G39/><T73/><D38/><U55/><E33/><V2/><F31/><W82/><G109/><T21/><D73/><U124/><E124/><N who="2" m="47723" /><F34/><W104/><G5/><N who="2" m="2121" /><F2/><W128/><G3/><T56/><D114/><U67/><E67/><V108/><F108/><W106/><G128/><T14/><D100/><U105/><E105/><V27/><F27/><W101/><REACH who="3" step="1"/><G62/><REACH who="3" ten="321,269,245,155" step="2"/><T43/><D122/><U25/><E1/><V35/><F35/><W18/><G18/><T11/><D16/><U60/><E0/><V24/><F24/><W53/><G53/><N who="0" m="31791" /><D14/><U96/><E25/><V23/><F103/><W72/><G72/><T61/><D13/><U135/><E15/><V97/><F23/><W32/><G32/><T70/><D21/><U26/><E26/><V78/><F77/><W112/><G112/><T28/><D28/><U84/><E74/><V121/><F78/><W20/><G20/><T66/><D89/><U130/><E130/><V120/><F121/><W99/><G99/><T63/><D70/><AGARI ba="2,1" hai="48,51,69,70,71,79,82,87,95,98,101,104,106,107" machi="70" ten="50,6400,0" yaku="1,1,52,2,53,0" doraHai="45" doraHaiUra="50" who="3" fromWho="0" sc="321,-70,269,0,245,0,155,80" /><INIT seed="2,0,0,1,3,109" ten="251,269,245,235" oya="2" hai0="18,40,81,123,80,35,38,4,78,105,112,44,59" hai1="23,98,58,82,22,48,31,122,83,51,52,12,86" hai2="89,55,16,34,107,117,115,24,54,49,85,15,133" hai3="17,65,100,124,7,135,76,73,95,116,61,71,104"/><V13/><F117/><W45/><G116/><T43/><D105/><U128/><E122/><V74/><F74/><W1/><G95/><T41/><D35/><U90/><E128/><V113/><F107/><W66/><G17/><T72/><D123/><U93/><E31/><V21/><F133/><W79/><G79/><T99/><D99/><U32/><E32/><V11/><F34/><W57/><G57/><T70/><D70/><U62/><E83/><V106/><F106/><W110/><G66/><T37/><D112/><U2/><E2/><V97/><F97/><W88/><G88/><T67/><D81/><U9/><E51/><V53/><F49/><W75/><G45/><T126/><D126/><U125/><E62/><V94/><REACH who="2" step="1"/><F15/><REACH who="2" ten="251,269,235,235" step="2"/><W39/><G75/><T42/><D38/><U69/><E125/><V29/><AGARI ba="0,1" hai="11,13,16,21,24,29,53,54,55,85,89,94,113,115" machi="29" ten="30,18000,2" yaku="1,1,2,1,0,1,52,2,54,1,53,1" doraHai="109" doraHaiUra="19" who="2" fromWho="2" sc="251,-60,269,-60,235,190,235,-60" /><INIT seed="2,1,0,4,5,81" ten="191,209,425,175" oya="2" hai0="94,126,50,132,21,4,55,13,98,42,47,3,59" hai1="91,30,90,113,35,77,135,70,63,88,18,95,78" hai2="114,97,20,1,71,108,75,100,14,127,123,51,12" hai3="26,67,25,109,103,106,120,56,58,110,38,66,33"/><V104/><F123/><W61/><G38/><T64/><D132/><U134/><E113/><V121/><F121/><W89/><G89/><T24/><D126/><U84/><E18/><V116/><F1/><W73/><G120/><T86/><D3/><U65/><E90/><V131/><F75/><W85/><G73/><T19/><D64/><U34/><E91/><V87/><F71/><W80/><G33/><N who="1" m="12298" /><E30/><V72/><F72/><W15/><G15/><T115/><D115/><U52/><E52/><V7/><F114/><W45/><G80/><T22/><D98/><U53/><E53/><V125/><F116/><W101/><G106/><T79/><D94/><U92/><E92/><V36/><F14/><W118/><G45/><T83/><D4/><U76/><E76/><V62/><F7/><W37/><G37/><T119/><D119/><U99/><E99/><V102/><F36/><W96/><G96/><T69/><D69/><U41/><E41/><V46/><F97/><W57/><G57/><T5/><D5/><U74/><E74/><V82/><F104/><W27/><G118/><T40/><REACH who="0" step="1"/><D59/><REACH who="0" ten="181,209,425,175" step="2"/><U48/><E134/><V17/><F127/><W124/><G124/><T93/><D93/><U117/><E135/><V23/><F125/><W68/><G68/><T129/><D129/><U130/><E130/><V107/><F107/><W0/><G0/><T8/><D8/><U32/><E117/><V112/><F112/><W10/><G10/><T60/><D60/><U39/><E63/><V2/><F131/><W54/><G58/><T111/><D111/><U49/><E70/><RYUUKYOKU ba="1,1" sc="181,30,209,-10,425,-10,175,-10" hai0="13,19,21,22,24,40,42,47,50,55,79,83,86" /><INIT seed="3,2,1,1,0,26" ten="211,199,415,165" oya="3" hai0="23,39,98,75,125,53,113,77,71,130,7,134,133" hai1="47,56,110,41,94,35,31,6,40,105,44,58,101" hai2="57,131,124,62,60,54,25,9,102,81,93,84,91" hai3="119,55,13,115,127,82,116,70,76,19,36,85,86"/><W90/><G115/><T78/><D71/><U114/><E105/><V120/><F124/><W48/><G36/><T27/><D39/><U67/><E35/><V14/><F131/><W68/><G127/><T123/><D125/><U87/><E114/><V34/><F120/><W117/><G85/><T69/><D69/><U97/><E31/><V74/><F74/><W51/><G76/><T46/><D113/><U2/><E110/><V61/><F25/><W121/><G51/><N who="0" m="28919" /><D75/><U65/><E6/><N who="2" m="3383" /><F34/><W12/><G12/><T11/><D98/><AGARI ba="2,1" hai="54,57,60,61,62,81,84,91,93,98,102" m="3383" machi="98" ten="30,1000,0" yaku="8,1" doraHai="26" who="2" fromWho="0" sc="211,-16,199,0,415,26,165,0" /><INIT seed="4,0,0,5,3,24" ten="195,199,441,165" oya="0" hai0="20,79,114,6,42,78,22,93,68,27,49,9,113" hai1="36,37,11,17,63,108,83,59,0,67,18,1,58" hai2="101,106,12,70,129,13,71,73,91,55,115,50,111" hai3="124,84,99,81,133,28,23,75,53,65,26,3,4"/><T135/><D68/><U19/><E108/><V60/><F111/><W72/><G124/><T45/><D93/><U88/><E58/><V96/><F115/><N who="0" m="44042" /><D135/><U34/><E34/><V107/><F129/><W25/><G133/><T30/><D22/><U8/><E11/><V35/><F35/><W126/><G65/><T105/><D105/><U56/><E56/><V134/><F73/><W86/><G126/><T82/><D82/><U66/><E66/><V119/><F107/><W43/><G43/><T21/><D21/><U127/><E127/><V48/><F119/><W51/><G99/><T104/><D104/><U44/><E44/><V97/><F71/><W62/><G62/><T123/><D123/><U109/><E109/><V5/><F70/><W103/><G103/><T16/><D16/><U94/><E83/><V130/><F101/><W131/><G131/><T118/><D118/><U125/><E125/><V100/><F100/><W80/><G26/><T116/><D116/><U90/><E90/><V7/><F91/><W38/><G80/><T2/><AGARI ba="0,0" hai="2,6,9,20,27,30,42,45,49,78,79" m="44042" machi="2" ten="30,3000,0" yaku="15,1,52,1" doraHai="24" who="0" fromWho="0" sc="195,30,199,-10,441,-10,165,-10" /><INIT seed="4,1,0,1,3,82" ten="225,189,431,155" oya="0" hai0="62,118,63,92,114,54,23,126,16,103,3,120,26" hai1="96,117,72,115,49,93,38,15,87,74,43,109,17" hai2="22,40,7,8,135,24,20,86,132,6,88,130,108" hai3="5,94,30,34,10,83,55,76,89,75,31,13,129"/><T46/><D3/><U122/><E109/><V102/><F108/><W69/><G69/><T125/><D120/><U131/><E122/><V104/><F130/><W66/><G66/><T106/><D106/><U11/><E117/><V53/><F40/><W32/><G129/><T111/><D118/><U39/><E131/><V123/><F123/><W12/><G55/><T119/><D119/><U64/><E115/><V9/><F53/><W19/><G32/><T52/><D111/><U37/><E64/><V27/><F102/><W107/><G34/><T59/><D114/><U84/><E74/><V28/><F104/><W45/><G45/><T134/><D134/><N who="2" m="51242" /><F8/><W71/><G71/><T124/><D46/><U61/><E72/><V47/><F9/><W14/><G107/><T0/><D0/><U85/><E61/><N who="0" m="23049" /><D59/><U35/><E35/><V116/><F47/><W77/><G77/><T4/><D4/><U113/><E49/><V57/><F57/><W41/><G41/><T128/><D128/><U1/><E1/><V21/><F116/><W70/><G70/><T58/><D58/><U90/><REACH who="1" step="1"/><E113/><REACH who="1" ten="225,179,431,155" step="2"/><V105/><F28/><W110/><G110/><T36/><D36/><U98/><E98/><AGARI ba="1,1" hai="16,23,26,52,54,92,98,103,124,125,126" m="23049" machi="98" ten="40,7700,0" yaku="18,1,54,2" doraHai="82" who="0" fromWho="1" sc="225,90,179,-80,431,0,155,0" /><INIT seed="4,2,0,2,4,6" ten="315,99,431,155" oya="0" hai0="32,8,77,120,108,126,68,90,35,30,66,73,26" hai1="116,31,9,56,92,63,88,114,110,17,12,100,22" hai2="123,69,103,18,7,122,105,102,119,133,107,39,131" hai3="97,86,51,129,74,0,14,75,16,70,80,96,64"/><T27/><D120/><U5/><E116/><V50/><F50/><W47/><G0/><T132/><D132/><U84/><E110/><V128/><F18/><W62/><G129/><N who="2" m="49737" /><F69/><W49/><G97/><T83/><D126/><U111/><E111/><V29/><F29/><W54/><G96/><T59/><D108/><U109/><E109/><V82/><F39/><W95/><G95/><T55/><D66/><U38/><E114/><V98/><F7/><W13/><G13/><T4/><D68/><U37/><E100/><N who="2" m="38443" /><F133/><W3/><G3/><T94/><D27/><U104/><E104/><N who="2" m="40011" /><F119/><W25/><G25/><T106/><D106/><U135/><E31/><V43/><F43/><W72/><G51/><T127/><D127/><U10/><E135/><V57/><F57/><W19/><REACH who="3" step="1"/><G14/><REACH who="3" ten="315,99,431,145" step="2"/><T121/><D26/><U36/><REACH who="1" step="1"/><E5/><REACH who="1" ten="315,89,431,145" step="2"/><V41/><F123/><W52/><G52/><AGARI ba="2,2" hai="9,10,12,17,22,36,37,38,52,56,63,84,88,92" machi="52" ten="40,12000,2" yaku="1,1,2,1,52,2,54,2,53,0" doraHai="6" doraHaiUra="124" who="1" fromWho="3" sc="315,0,89,146,431,0,145,-126" /><INIT seed="5,0,0,5,2,119" ten="315,235,431,19" oya="1" hai0="94,79,133,77,29,42,80,109,8,86,106,2,23" hai1="54,18,102,123,31,99,59,13,75,45,82,53,112" hai2="11,126,110,36,15,62,92,20,118,19,132,81,107" hai3="37,67,46,73,10,5,30,111,87,85,3,105,135"/><U129/><E129/><V0/><F110/><W4/><G111/><T74/><D106/><U104/><E112/><V125/><F107/><W63/><G135/><T84/><D109/><U57/><E31/><V115/><F132/><W26/><G105/><T50/><D133/><U78/><E123/><V122/><F118/><W40/><G5/><T61/><D74/><U6/><E6/><V58/><F122/><W44/><G44/><T47/><D2/><U60/><E45/><V108/><F108/><W24/><G24/><T127/><D8/><U49/><E13/><V134/><F134/><W35/><G87/><T38/><D127/><N who="2" m="48650" /><F115/><W25/><G25/><N who="0" m="16575" /><D38/><U72/><REACH who="1" step="1"/><E75/><REACH who="1" ten="315,225,431,19" step="2"/><V69/><F15/><W17/><G85/><T28/><D28/><U114/><E114/><V124/><F124/><W16/><REACH who="3" step="1"/><G73/><REACH who="3" ten="315,225,431,9" step="2"/><T43/><D84/><U95/><E95/><V76/><F92/><W70/><AGARI ba="0,2" hai="3,4,10,16,17,26,30,35,37,40,46,63,67,70" machi="70" ten="20,8000,1" yaku="1,1,2,1,0,1,7,1,54,1,53,0" doraHai="119" doraHaiUra="97" who="3" fromWho="3" sc="315,-20,225,-40,431,-20,9,100" /><INIT seed="6,0,0,2,0,55" ten="295,185,411,109" oya="2" hai0="13,68,132,111,73,92,27,46,14,6,74,20,71" hai1="37,19,101,60,35,44,115,91,31,94,107,45,38" hai2="90,48,86,2,133,121,113,40,25,83,114,70,79" hai3="15,28,10,95,96,51,1,78,8,17,62,72,89"/><V49/><F70/><W21/><G1/><T106/><D106/><U57/><E107/><V82/><F121/><W122/><G122/><T125/><D111/><U67/><E101/><V103/><F103/><W3/><G3/><T53/><D92/><U97/><E115/><N who="2" m="44043" /><F133/><W104/><G104/><T93/><D93/><U18/><E38/><V65/><F2/><W108/><G108/><T5/><D27/><U77/><E77/><V33/><F65/><W30/><G62/><T59/><D46/><U76/><E76/><V32/><F40/><W26/><G72/><T131/><D20/><U4/><E4/><V124/><F124/><W11/><G78/><T116/><D53/><U69/><E69/><V129/><F129/><W85/><G96/><T112/><D112/><U41/><E44/><V87/><F25/><W7/><G30/><T126/><D132/><U22/><E35/><AGARI ba="0,0" hai="32,33,35,48,49,79,82,83,86,87,90" m="44043" machi="35" ten="30,1500,0" yaku="15,1" doraHai="55" who="2" fromWho="1" sc="295,0,185,-15,411,15,109,0" /><INIT seed="6,1,0,1,2,88" ten="295,170,426,109" oya="2" hai0="3,135,90,120,46,5,42,73,67,0,123,34,129" hai1="15,27,54,66,57,99,37,134,122,17,7,81,86" hai2="23,6,24,115,101,43,126,121,87,51,59,93,103" hai3="104,4,132,2,85,127,16,100,109,56,98,52,11"/><V78/><F121/><W19/><G109/><T113/><D34/><U13/><E37/><V82/><F115/><W47/><G127/><T9/><D113/><U38/><E38/><V45/><F126/><W70/><G70/><T50/><D3/><U25/><E134/><V31/><F59/><W111/><G132/><T63/><D135/><U1/><E1/><V114/><F114/><W107/><G111/><T65/><D73/><U95/><E66/><V118/><F118/><W55/><G107/><T119/><D67/><U39/><E39/><V69/><F69/><W92/><G47/><T91/><D129/><U26/><E7/><V125/><F125/><W79/><G55/><T68/><D119/><U84/><E122/><V20/><F20/><W94/><G79/><T53/><D91/><N who="1" m="55807" /><E17/><V76/><F76/><W10/><G85/><N who="1" m="32874" /><E81/><V14/><F93/><W8/><G8/><AGARI ba="1,0" hai="6,8,14,23,24,31,43,45,51,78,82,87,101,103" machi="8" ten="40,7700,0" yaku="25,2,8,1" doraHai="88" who="2" fromWho="3" sc="295,0,170,0,426,80,109,-80" /><INIT seed="6,2,0,0,2,6" ten="295,170,506,29" oya="2" hai0="51,64,16,133,60,23,114,7,100,99,98,90,77" hai1="22,27,31,43,85,76,28,78,128,87,5,17,93" hai2="34,20,40,103,96,116,121,18,105,125,9,0,71" hai3="119,83,14,24,4,46,3,12,53,67,102,73,39"/><V62/><F116/><W111/><G119/><T88/><D114/><U42/><E5/><V45/><F121/><W120/><G111/><T69/><D133/><U115/><E128/><V124/><F34/><W122/><G67/><T127/><D127/><U59/><E59/><V113/><F113/><W15/><G24/><T117/><D117/><U30/><E115/><V13/><F71/><W37/><G102/><T47/><D77/><N who="1" m="29803" /><E93/><V38/><F62/><W36/><G83/><T57/><D7/><U33/><E33/><V123/><F123/><W49/><REACH who="3" step="1"/><G73/><REACH who="3" ten="295,170,506,19" step="2"/><T26/><D69/><U52/><E27/><V68/><F68/><W82/><G82/><T74/><D74/><U21/><E30/><V107/><F107/><W11/><AGARI ba="2,1" hai="3,4,11,12,14,15,36,37,39,46,49,53,120,122" machi="11" ten="40,5200,0" yaku="1,1,0,1,52,1,53,0" doraHai="6" doraHaiUra="54" who="3" fromWho="3" sc="295,-15,170,-15,506,-28,19,68" /><INIT seed="7,0,0,1,1,71" ten="280,155,478,87" oya="3" hai0="30,99,9,119,13,68,83,52,14,67,74,40,32" hai1="34,2,125,106,38,56,46,100,12,48,63,7,118" hai2="47,105,87,91,24,23,94,78,3,88,8,108,42" hai3="123,90,93,11,129,81,64,77,70,33,15,72,76"/><W16/><G123/><T61/><D14/><U96/><E34/><V43/><F108/><W60/><G129/><T103/><D40/><U20/><E125/><V113/><F113/><W35/><REACH who="3" step="1"/><G77/><REACH who="3" ten="280,155,478,77" step="2"/><T112/><D112/><U39/><E118/><V4/><F78/><W26/><G26/><T131/><D119/><U133/><E133/><V6/><F24/><W73/><G73/><T126/><D74/><U130/><E130/><V53/><F3/><W89/><G89/><T55/><D131/><U95/><E2/><V132/><F88/><W65/><G65/><T66/><D66/><U1/><E1/><V19/><F91/><W25/><G25/><T21/><D67/><U17/><E7/><V28/><F4/><W82/><G82/><T18/><D83/><U54/><REACH who="1" step="1"/><E106/><REACH who="1" ten="280,145,478,77" step="2"/><V114/><F6/><W69/><G69/><T49/><D68/><U120/><E120/><V127/><F105/><W98/><AGARI ba="0,2" hai="11,15,16,33,35,60,64,70,72,76,81,90,93,98" machi="98" ten="20,7800,0" yaku="1,1,0,1,7,1,54,1,53,0" doraHai="71" doraHaiUra="135" who="3" fromWho="3" sc="280,-26,145,-26,478,-26,77,98" /><INIT seed="7,1,0,2,2,18" ten="254,119,452,175" oya="3" hai0="17,9,43,112,19,113,58,79,34,66,83,11,90" hai1="62,92,30,47,93,96,42,101,111,64,85,75,80" hai2="28,74,129,130,73,46,48,107,21,2,102,77,6" hai3="45,60,109,128,116,122,114,1,121,33,13,87,10"/><W29/><G60/><N who="0" m="38167" /><D90/><U52/><E111/><V56/><F56/><W89/><G45/><T133/><D43/><U86/><E75/><V36/><F36/><W31/><G87/><N who="0" m="48639" /><D34/><U8/><E8/><N who="0" m="3145" /><D133/><U134/><E134/><V38/><F28/><W118/><G89/><T15/><D15/><U105/><E30/><V55/><F6/><W103/><G103/><T126/><D126/><U37/><E85/><V135/><F74/><W12/><G128/><T40/><D40/><U41/><E41/><V72/><F73/><W81/><G81/><T0/><D0/><U100/><E100/><V124/><F72/><W65/><G65/><T94/><D94/><U61/><E61/><V25/><F102/><W82/><G82/><T16/><D113/><U97/><E97/><V5/><F124/><W49/><G49/><T69/><D69/><U23/><E23/><V115/><F48/><W99/><G99/><T44/><D112/><U104/><E92/><V22/><F115/><W26/><G114/><T88/><D88/><U3/><E3/><V84/><F2/><W4/><G109/><T76/><D44/><U50/><E37/><V7/><F38/><W120/><G29/><T53/><D53/><U132/><E42/><V70/><F135/><W71/><G71/><T98/><D98/><U57/><REACH who="1" step="1"/><E132/><REACH who="1" ten="254,109,452,175" step="2"/><V108/><F108/><W24/><G24/><T63/><D63/><U123/><E123/><V119/><F84/><W14/><AGARI ba="1,1" hai="1,4,10,12,13,14,26,31,33,116,118,120,121,122" machi="14" ten="40,12000,1" yaku="0,1,34,3" doraHai="18" who="3" fromWho="3" sc="254,-41,109,-41,452,-41,175,133" /><INIT seed="7,2,0,3,3,119" ten="213,68,411,308" oya="3" hai0="75,38,41,134,51,19,103,35,90,130,89,115,109" hai1="121,127,92,82,48,132,120,67,72,37,29,32,98" hai2="50,97,112,27,64,24,15,57,1,83,43,65,58" hai3="6,26,133,45,0,17,39,113,79,114,52,95,118"/><W84/><G118/><T76/><D35/><U5/><E37/><V25/><F1/><W23/><G133/><T56/><D38/><U33/><E132/><V93/><F112/><N who="3" m="43115" /><G39/><T54/><D115/><U21/><E127/><V12/><F83/><N who="3" m="47231" /><G95/><T104/><D41/><U78/><E5/><V77/><F77/><W111/><G111/><T16/><D109/><U122/><E67/><N who="2" m="25675" /><F43/><W110/><G110/><T81/><D134/><U20/><E48/><V2/><F2/><W31/><G6/><T105/><D130/><U34/><REACH who="1" step="1"/><E29/><REACH who="1" ten="213,58,411,308" step="2"/><V47/><F50/><N who="3" m="28751" /><G0/><T102/><D51/><U49/><E49/><V69/><F47/><W14/><G14/><T70/><D54/><U22/><E22/><V62/><F12/><W28/><AGARI ba="2,1" hai="17,23,26,28,31" m="28751,47231,43115" machi="28" ten="30,3000,0" yaku="15,1,54,1" doraHai="119" who="3" fromWho="3" sc="213,-12,58,-12,411,-12,308,46" /><INIT seed="7,3,0,1,0,12" ten="201,46,399,354" oya="3" hai0="82,101,98,97,56,33,64,134,62,86,17,78,131" hai1="37,91,57,81,58,130,40,110,79,23,99,8,36" hai2="95,26,46,74,11,39,92,66,103,76,122,100,89" hai3="34,102,117,124,44,49,67,60,116,106,70,113,22"/><W24/><G124/><T104/><D131/><U21/><E110/><V55/><F122/><W63/><G113/><T105/><D134/><U128/><E8/><V120/><F120/><W19/><G34/><T16/><D33/><U68/><E68/><V108/><F108/><W109/><G109/><T32/><D32/><U90/><E99/><V14/><F66/><W119/><G63/><T38/><REACH who="0" step="1"/><D38/><REACH who="0" ten="191,46,399,354" step="2"/><U18/><E81/><V85/><F39/><W25/><G119/><T83/><D83/><U129/><E129/><V59/><F74/><W2/><G117/><T48/><D48/><U118/><E118/><V135/><F135/><W9/><G116/><T30/><D30/><U43/><REACH who="1" step="1"/><E79/><REACH who="1" ten="191,36,399,354" step="2"/><V107/><F76/><W54/><G106/><T61/><D61/><U0/><E0/><V47/><F107/><W75/><G2/><T80/><D80/><U1/><E1/><V132/><F132/><W29/><G60/><T123/><D123/><U20/><E20/><V15/><F95/><W65/><G22/><T51/><D51/><U111/><E111/><V41/><F92/><W88/><G49/><T121/><D121/><U115/><E115/><V35/><F35/><W77/><G77/><T42/><D42/><U45/><E45/><V126/><F41/><W87/><G44/><T69/><D69/><U72/><E72/><V53/><F46/><W27/><G75/><T5/><D5/><U4/><E4/><V114/><F47/><W6/><G70/><T10/><D10/><U133/><E133/><V3/><F11/><W31/><G9/><T125/><D125/><RYUUKYOKU ba="3,2" sc="191,15,36,15,399,-15,354,-15" hai0="16,17,56,62,64,78,82,86,97,98,101,104,105" hai1="18,21,23,36,37,40,43,57,58,90,91,128,130" owari="206,-19.0,51,-45.0,404,50.0,339,14.0" /></mjloggm>