<mjloggm ver="2.3"><GO type="97" lobby="0"/><UN n0="%E3%81%82%E3%83%BC%E3%82%8A%E3%82%93%E3%81%A7%E3%81%99%E3%80%82%E2%98%86" n1="%6F%72%7A%2D%6F%72%7A" n2="%E5%B0%B1%E6%B4%BB%E7%94%9F%40%E5%B7%9D%E6%9D%91%E8%BB%8D%E5%9B%A3" n3="%6B%69%74%6F%6B%69%74%6F" dan="14,13,15,13" rate="1966.58,1896.39,1977.69,1823.19" sx="F,M,M,F"/><TAIKYOKU oya="0"/><INIT seed="0,0,0,2,1,47" ten="250,250,250,250" oya="0" hai0="111,90,16,128,30,70,123,94,32,93,21,59,57" hai1="55,66,17,83,48,15,79,133,135,126,102,129,24" hai2="3,75,118,40,7,4,12,10,6,29,134,54,92" hai3="116,104,37,56,73,95,20,52,91,13,69,46,41"/><T114/><D123/><U120/><E120/><V127/><F75/><W64/><G116/><T62/><D114/><U117/><E117/><V31/><F118/><W50/><G104/><T72/><D72/><U26/><E66/><V33/><F33/><W42/><G73/><T87/><D128/><U84/><E129/><V43/><F134/><N who="1" m="51209" /><E102/><V67/><F127/><W115/><G115/><T86/><D111/><U5/><E5/><N who="2" m="1283" /><V106/><DORA hai="81" /><F3/><W71/><G71/><T131/><D131/><U35/><E35/><V108/><F106/><W58/><G13/><N who="0" m="9359" /><D70/><U113/><E113/><V122/><F122/><W1/><G1/><T119/><D119/><U25/><E126/><V78/><F78/><W74/><G74/><T99/><D32/><U112/><E112/><V28/><F108/><W18/><G42/><N who="2" m="15913" /><F67/><W132/><G132/><T107/><D107/><U9/><E24/><V2/><F2/><W98/><G20/><T45/><D30/><U11/><E11/><V80/><F10/><W0/><G0/><T23/><D23/><U121/><E121/><V105/><F12/><W65/><G18/><T101/><D62/><U53/><E53/><V38/><F105/><W82/><G58/><AGARI ba="0,0" hai="9,15,17,25,26,48,55,58,79,83,84" m="51209" machi="58" ten="30,3900,0" yaku="20,1,52,2" doraHai="47,81" who="1" fromWho="3" sc="250,0,250,39,250,0,250,-39" /><INIT seed="1,0,0,0,2,16" ten="250,289,250,211" oya="1" hai0="60,64,66,3,6,7,90,96,23,22,18,98,118" hai1="83,129,9,131,42,54,25,87,115,105,0,107,113" hai2="81,13,5,80,17,12,101,32,45,28,61,58,67" hai3="47,91,65,37,123,55,49,15,4,70,106,8,116"/><U127/><E42/><V46/><F32/><W110/><G123/><T82/><D118/><U93/><E25/><V124/><F124/><W38/><G106/><N who="1" m="40458" /><E54/><V43/><F28/><W39/><G116/><T51/><D3/><U20/><E9/><N who="2" m="4143" /><F101/><W44/><G110/><T73/><D73/><U71/><E0/><V31/><F31/><W76/><G76/><T99/><D51/><U100/><E71/><V79/><F79/><W133/><G133/><T1/><D1/><U104/><N who="1" m="40466" /><U103/><DORA hai="10" /><E20/><N who="0" m="7721" /><D18/><U95/><E127/><V52/><F67/><N who="0" m="25642" /><D60/><U86/><E100/><V94/><F94/><N who="1" m="35849" /><E103/><V36/><F36/><W125/><G125/><T78/><D78/><N who="1" m="46455" /><E87/><AGARI ba="0,0" hai="6,7,82,87,90,96,98,99" m="25642,7721" machi="87" ten="30,7700,0" yaku="8,1,52,3" doraHai="16,10" who="0" fromWho="1" sc="250,77,289,-77,250,0,211,0" /><INIT seed="2,0,0,1,5,36" ten="327,212,250,211" oya="2" hai0="26,95,52,110,8,105,107,63,25,88,61,33,127" hai1="126,82,128,135,89,101,84,37,40,122,50,29,1" hai2="9,41,38,113,18,12,91,76,79,51,35,125,77" hai3="78,115,56,23,22,68,67,42,133,43,7,60,104"/><V103/><F38/><W71/><G104/><T99/><D110/><U124/><E37/><V94/><F35/><W100/><G7/><T53/><D127/><N who="1" m="48683" /><E1/><V81/><F113/><W72/><G100/><T54/><D33/><U66/><E66/><V5/><F125/><W3/><G3/><T83/><D105/><U114/><E114/><V21/><F103/><W14/><G115/><T118/><D118/><U102/><E122/><V130/><F130/><W44/><G72/><T109/><D109/><U69/><E69/><V92/><F81/><W58/><G78/><T116/><D107/><U15/><E29/><V19/><F91/><W90/><G133/><T28/><D116/><U48/><E135/><V16/><REACH who="2" step="1"/><F21/><REACH who="2" ten="327,212,240,211" step="2"/><W129/><G90/><T87/><D8/><U73/><E128/><V93/><F93/><W123/><G129/><T6/><D83/><U132/><E132/><V0/><F0/><W24/><G123/><T117/><D117/><U85/><E73/><V10/><F10/><W70/><G23/><T27/><D28/><U121/><E121/><V112/><F112/><W2/><G2/><T32/><D32/><U74/><E74/><V47/><AGARI ba="0,1" hai="5,9,12,16,18,19,41,47,51,76,77,79,92,94" machi="47" ten="40,12000,1" yaku="1,1,0,1,8,1,52,1,54,1,53,0" doraHai="36" doraHaiUra="65" who="2" fromWho="2" sc="327,-40,212,-40,240,130,211,-40" /><INIT seed="2,1,0,5,4,89" ten="287,172,370,171" oya="2" hai0="46,10,52,28,1,130,8,20,34,59,73,65,108" hai1="134,83,37,99,60,26,23,88,6,91,75,121,116" hai2="111,25,29,2,127,50,95,32,103,100,56,57,132" hai3="40,102,114,115,107,53,43,85,92,69,24,13,31"/><V9/><F127/><W81/><G69/><T35/><D73/><U64/><E116/><V126/><F126/><W122/><G122/><T76/><D76/><U39/><E6/><V58/><F132/><W129/><G107/><T113/><D113/><N who="3" m="43017" /><G129/><T109/><D130/><U67/><E121/><V93/><F111/><N who="0" m="42570" /><D65/><U38/><E134/><V16/><F50/><W72/><G72/><T27/><D46/><U47/><E47/><V101/><REACH who="2" step="1"/><F16/><REACH who="2" ten="287,172,360,171" step="2"/><W14/><G14/><T41/><D41/><U117/><E117/><V120/><F120/><W96/><G13/><T110/><D110/><U55/><E39/><V80/><F80/><W18/><G18/><T97/><D1/><U79/><E37/><V86/><F86/><W71/><G43/><T33/><D97/><U36/><E38/><V21/><F21/><N who="3" m="15759" /><G40/><T135/><D135/><U7/><E36/><V84/><F84/><W125/><G125/><T128/><D128/><U44/><E7/><AGARI ba="1,1" hai="2,7,9,25,29,32,56,57,58,93,95,100,101,103" machi="7" ten="40,7700,0" yaku="1,1,52,2,53,0" doraHai="89" doraHaiUra="19" who="2" fromWho="1" sc="287,0,172,-80,360,90,171,0" /><INIT seed="2,2,0,2,2,107" ten="287,92,450,171" oya="2" hai0="83,30,99,101,24,84,67,120,85,109,38,90,54" hai1="128,64,86,94,36,19,51,70,118,48,12,110,17" hai2="29,63,65,125,82,122,72,21,47,78,121,91,131" hai3="25,113,134,116,40,27,20,73,13,98,23,68,108"/><V95/><F125/><W28/><G116/><T96/><D120/><U112/><E118/><V16/><F131/><W31/><G68/><T105/><D38/><U56/><E128/><V11/><F29/><W44/><G108/><T55/><D96/><U53/><E112/><V106/><F106/><W66/><G66/><T103/><D103/><U9/><E110/><V18/><F47/><W15/><G113/><T127/><D127/><U126/><E36/><V133/><F133/><W93/><G98/><T6/><D6/><U100/><E126/><V102/><F102/><W45/><G134/><T60/><D84/><U7/><E70/><V43/><F43/><W52/><G93/><T22/><REACH who="0" step="1"/><D109/><REACH who="0" ten="277,92,450,171" step="2"/><U0/><E0/><V49/><F121/><W58/><G40/><T59/><AGARI ba="2,1" hai="22,24,30,54,55,59,60,67,83,85,90,99,101,105" machi="59" ten="20,5200,0" yaku="1,1,2,1,0,1,7,1,53,0" doraHai="107" doraHaiUra="42" who="0" fromWho="0" sc="277,68,92,-15,450,-28,171,-15" /><INIT seed="3,0,0,3,2,4" ten="345,77,422,156" oya="3" hai0="54,124,46,88,58,115,114,70,122,6,135,75,120" hai1="30,20,35,110,48,85,131,11,117,22,2,99,72" hai2="129,32,8,1,91,44,34,74,21,52,28,97,105" hai3="83,37,111,71,55,76,84,9,77,36,12,18,78"/><W128/><G71/><T40/><D75/><U14/><E72/><V123/><F74/><W25/><G128/><T53/><D6/><N who="1" m="1495" /><E85/><V13/><F123/><N who="0" m="47146" /><D88/><U80/><E99/><V130/><F1/><W67/><G67/><T98/><D98/><U45/><E80/><V107/><F91/><W94/><G111/><T86/><D86/><U63/><E48/><N who="2" m="28679" /><F21/><N who="1" m="8297" /><E63/><V65/><F65/><W100/><G36/><N who="0" m="21767" /><D124/><U112/><E45/><V50/><F50/><W109/><G37/><T119/><D135/><U113/><E117/><V3/><F3/><W43/><G109/><T104/><D104/><U93/><E110/><V33/><F28/><W96/><G25/><T39/><D119/><U121/><E93/><V29/><F29/><W42/><REACH who="3" step="1"/><G55/><REACH who="3" ten="345,77,422,146" step="2"/><T16/><D54/><U134/><E131/><N who="2" m="50187" /><F97/><W68/><G68/><T81/><D70/><U87/><E134/><V125/><F125/><W7/><G7/><AGARI ba="0,1" hai="7,8,13,32,33,34,105,107" m="50187,28679" machi="7" ten="40,5200,0" yaku="19,1,52,1,54,1" doraHai="4" who="2" fromWho="3" sc="345,0,77,0,422,62,146,-52" owari="345,15.0,77,-42.0,484,58.0,94,-31.0" /></mjloggm>