<mjloggm ver="2.3"><GO type="41" lobby="0"/><UN n0="%E3%82%A2%E3%83%99%E3%83%8E%E3%83%9F%E3%82%AF%E3%82%B9" n1="%6D%61%73%61%32%79%75%6B" n2="%6E%69%6B%75%6B%79%75%75" n3="%E5%B0%B1%E6%B4%BB%E7%94%9F%40%E5%B7%9D%E6%9D%91%E8%BB%8D%E5%9B%A3" dan="14,13,16,15" rate="1908.20,1839.40,2081.66,1989.86" sx="F,M,M,M"/><TAIKYOKU oya="0"/><INIT seed="0,0,0,3,5,133" ten="250,250,250,250" oya="0" hai0="0,120,126,104,76,14,92,129,74,51,113,10,34" hai1="43,88,27,35,59,106,52,49,58,61,84,99,44" hai2="98,39,70,36,115,109,124,102,21,127,118,3,53" hai3="117,78,69,8,38,77,87,46,25,60,48,83,67"/><T108/><RYUUKYOKU type="yao9" ba="0,0" sc="250,0,250,0,250,0,250,0" hai0="0,10,14,34,51,74,76,92,104,108,113,120,126,129" /><INIT seed="0,1,0,2,2,117" ten="250,250,250,250" oya="0" hai0="21,87,3,105,102,103,16,72,63,132,18,70,28" hai1="36,42,2,43,119,52,10,108,125,104,23,126,73" hai2="13,53,123,124,58,37,56,59,83,113,51,12,54" hai3="130,91,71,115,106,129,131,11,49,0,64,9,100"/><T55/><D72/><U101/><E119/><V81/><F37/><W80/><G115/><T8/><D132/><U122/><E108/><V32/><F113/><W134/><G134/><T25/><D105/><U62/><E73/><V86/><F124/><N who="1" m="47721" /><E101/><N who="0" m="38409" /><D70/><U92/><E92/><V77/><F32/><W61/><G0/><T118/><D3/><U6/><E104/><V78/><F59/><W111/><G111/><T33/><D33/><U107/><E23/><V48/><REACH who="2" step="1"/><F123/><REACH who="2" ten="250,250,240,250" step="2"/><W50/><G129/><T76/><D118/><U45/><E107/><V60/><F60/><W128/><G106/><T99/><D99/><U97/><E97/><V67/><F67/><W46/><G100/><T66/><D66/><U79/><E79/><V116/><F116/><W15/><G50/><T94/><D76/><U35/><E35/><V31/><F31/><W112/><G112/><T93/><D28/><U121/><E42/><V114/><F114/><W109/><G109/><T20/><D63/><U57/><AGARI ba="1,1" hai="2,6,10,36,43,45,52,57,62,121,122" m="47721" machi="57" ten="30,7900,0" yaku="18,1,52,2,54,1" doraHai="117" who="1" fromWho="1" sc="250,-40,250,92,240,-21,250,-21" /><INIT seed="1,0,0,3,4,130" ten="210,342,219,229" oya="1" hai0="110,135,134,91,71,118,59,40,13,78,29,45,28" hai1="6,94,11,124,48,32,100,7,105,22,66,52,98" hai2="75,85,119,99,79,8,88,62,49,57,107,34,43" hai3="14,37,15,114,95,83,47,58,106,50,36,131,127"/><U112/><E124/><V129/><F119/><W87/><G106/><T89/><D118/><U70/><E112/><V31/><F129/><W103/><G114/><T111/><D71/><U82/><E22/><V18/><F34/><W125/><G131/><T92/><D78/><U60/><E82/><V23/><F31/><N who="0" m="11850" /><D59/><U55/><E32/><V96/><F8/><W74/><G74/><T67/><D67/><U80/><E80/><V121/><F121/><W44/><G95/><T0/><D13/><U3/><E7/><V61/><F61/><W132/><G103/><T128/><D0/><U53/><REACH who="1" step="1"/><E105/><REACH who="1" ten="210,332,219,229" step="2"/><V12/><F107/><W126/><G15/><T101/><D128/><U17/><E17/><V122/><F122/><W30/><G14/><T76/><D76/><U46/><AGARI ba="0,1" hai="3,6,11,46,48,52,53,55,60,66,70,94,98,100" machi="46" ten="20,12000,1" yaku="1,1,0,1,7,1,54,1,53,1" doraHai="130" doraHaiUra="5" who="1" fromWho="1" sc="210,-40,332,130,219,-40,229,-40" /><INIT seed="1,1,0,0,0,87" ten="170,462,179,189" oya="1" hai0="38,96,86,44,27,23,122,12,114,42,121,49,45" hai1="65,30,126,106,67,101,117,95,135,66,62,48,55" hai2="76,116,104,130,132,98,64,83,71,129,1,10,63" hai3="0,13,120,118,109,112,107,75,8,31,6,52,100"/><U91/><E117/><V70/><F116/><W37/><G37/><T81/><D114/><U85/><E126/><V43/><F132/><W15/><G75/><T9/><D96/><U123/><E135/><V134/><F134/><W94/><G107/><T60/><D60/><U92/><E123/><V133/><F133/><W74/><G74/><T93/><D93/><U125/><E106/><V54/><F54/><W50/><G109/><T33/><D33/><U4/><E125/><V84/><F43/><W90/><G100/><T59/><D59/><U99/><E4/><V102/><F71/><W22/><G112/><T47/><D27/><U16/><E30/><V19/><REACH who="2" step="1"/><F19/><REACH who="2" ten="170,462,169,189" step="2"/><N who="3" m="10607" /><G118/><T131/><D42/><U41/><E41/><V2/><F2/><W36/><G0/><T28/><D122/><U24/><E16/><V51/><F51/><W128/><G36/><T46/><D49/><U124/><E124/><V58/><F58/><N who="3" m="33047" /><G128/><T17/><D131/><U69/><E24/><V89/><F89/><W88/><G120/><T56/><D38/><U82/><E82/><V20/><F20/><W68/><G68/><T35/><D121/><U57/><AGARI ba="1,1" hai="48,55,57,62,65,66,67,69,85,91,92,95,99,101" machi="57" ten="20,3900,0" yaku="0,1,7,1,52,1" doraHai="87" who="1" fromWho="1" sc="170,-14,462,52,169,-14,189,-14" /><INIT seed="1,2,0,1,0,126" ten="156,514,155,175" oya="1" hai0="97,71,30,99,103,23,59,128,111,21,0,89,83" hai1="26,19,27,2,24,38,9,46,39,120,4,124,54" hai2="57,1,25,35,33,18,49,86,79,119,81,108,123" hai3="132,72,11,125,43,131,105,115,52,80,28,68,29"/><U135/><E120/><V107/><F119/><W101/><G68/><T109/><D71/><U70/><E124/><V65/><F123/><W95/><G105/><T122/><D122/><U118/><E70/><V22/><F107/><W44/><G115/><T117/><D117/><U12/><E118/><V73/><F1/><W6/><G132/><T15/><D0/><U14/><E135/><V32/><F108/><N who="0" m="41546" /><D128/><U82/><E82/><V53/><REACH who="2" step="1"/><F65/><REACH who="2" ten="156,514,145,175" step="2"/><W17/><G125/><T42/><D103/><U84/><E39/><V78/><F78/><W130/><G101/><T85/><D42/><U112/><E112/><V8/><F8/><W74/><G11/><T16/><D59/><U114/><E114/><V13/><F13/><W62/><G43/><T91/><D91/><U116/><E116/><V113/><F113/><W63/><G74/><AGARI ba="2,1" hai="18,22,25,32,33,35,49,53,57,73,74,79,81,86" machi="74" ten="40,1300,0" yaku="1,1,53,0" doraHai="126" doraHaiUra="88" who="2" fromWho="3" sc="156,0,514,0,145,29,175,-19" /><INIT seed="2,0,0,1,1,91" ten="156,514,174,156" oya="2" hai0="99,80,34,90,57,77,47,70,75,25,63,68,38" hai1="23,66,5,2,74,71,129,13,46,33,7,8,52" hai2="40,111,65,123,54,29,127,28,42,64,51,72,95" hai3="44,76,50,107,1,93,22,37,105,86,58,18,103"/><V110/><F123/><W69/><G1/><T82/><D34/><U59/><E129/><V135/><F72/><W100/><G69/><T131/><D131/><U78/><E33/><V0/><F0/><W26/><G37/><T98/><D25/><U125/><E125/><V53/><F127/><W14/><G105/><T62/><D62/><U56/><E71/><V20/><F135/><W4/><G107/><T32/><D32/><U49/><E74/><V55/><F51/><W6/><G58/><T128/><D128/><U88/><E78/><V106/><F106/><W94/><G76/><T96/><D82/><U73/><E73/><V16/><F95/><N who="3" m="36363" /><G86/><T11/><D11/><U15/><E88/><V130/><F130/><W9/><G6/><T31/><D90/><U79/><E79/><V133/><F133/><W120/><G120/><T24/><D38/><U126/><E126/><V124/><F124/><W117/><G117/><T67/><D47/><U36/><E36/><V115/><F65/><W114/><G114/><T108/><D70/><U134/><E134/><V112/><F64/><W84/><G84/><T30/><D68/><U3/><E66/><V113/><F42/><AGARI ba="0,0" hai="4,9,14,18,22,26,42,44,50,100,103" m="36363" machi="42" ten="30,7700,0" yaku="8,1,52,3" doraHai="91" who="3" fromWho="2" sc="156,0,514,0,174,-77,156,77" /><INIT seed="3,0,0,2,0,122" ten="156,514,97,233" oya="3" hai0="88,99,109,72,11,48,101,112,87,21,81,93,36" hai1="126,111,65,34,67,125,59,43,73,91,33,78,60" hai2="42,3,25,77,83,129,102,108,75,71,130,57,95" hai3="104,98,120,17,29,2,38,110,133,97,40,46,80"/><W82/><G2/><T100/><D109/><U16/><E111/><V58/><F108/><W116/><G110/><T113/><D36/><U127/><E43/><V114/><F71/><W14/><G120/><T12/><D21/><U85/><E73/><V50/><F114/><N who="0" m="44138" /><D48/><U89/><E78/><V7/><F7/><W20/><G116/><T66/><D66/><U69/><E69/><V61/><F3/><W52/><G29/><T19/><D72/><U54/><E16/><V10/><F10/><W45/><G133/><T134/><D134/><U107/><E107/><V62/><F25/><W63/><G104/><T39/><D39/><U28/><E89/><AGARI ba="0,0" hai="11,12,19,81,87,88,89,93,99,100,101" m="44138" machi="89" ten="30,2000,0" yaku="11,1,54,1" doraHai="122" who="0" fromWho="1" sc="156,20,514,-20,97,0,233,0" /><INIT seed="4,0,0,0,5,2" ten="176,494,97,233" oya="0" hai0="52,112,134,107,48,85,128,93,28,91,111,35,56" hai1="127,4,104,69,133,18,23,84,120,19,105,10,66" hai2="61,26,113,88,103,13,73,59,82,71,126,89,115" hai3="38,67,37,12,108,31,86,63,15,76,51,21,83"/><T130/><D112/><N who="2" m="43082" /><F71/><W40/><G108/><T8/><D111/><U55/><E120/><V62/><F126/><W94/><G38/><T44/><D134/><U27/><E133/><V0/><F0/><W6/><G37/><T29/><D107/><U79/><E127/><V121/><F121/><W118/><G118/><T97/><D8/><U106/><E55/><N who="2" m="34047" /><F103/><W43/><G94/><T33/><D33/><U34/><E34/><V92/><F26/><N who="3" m="16847" /><G51/><T119/><D119/><U101/><E101/><V60/><F13/><N who="3" m="5195" /><G6/><T75/><D75/><U74/><E74/><V132/><F132/><W125/><G125/><T70/><D70/><U80/><E18/><V98/><F89/><W95/><G95/><T109/><D109/><U129/><E129/><N who="0" m="49769" /><D35/><U54/><E54/><V81/><F81/><W9/><G9/><T124/><D124/><U65/><REACH who="1" step="1"/><E69/><REACH who="1" ten="176,484,97,233" step="2"/><V41/><F41/><W20/><G43/><N who="0" m="24607" /><D97/><U87/><E87/><V49/><F73/><W50/><G86/><T1/><D1/><AGARI ba="0,1" hai="1,4,10,19,23,27,65,66,79,80,84,104,105,106" machi="1" ten="40,2600,0" yaku="1,1,52,1,53,0" doraHai="2" doraHaiUra="99" who="1" fromWho="0" sc="176,-26,484,36,97,0,233,0" /><INIT seed="5,0,0,2,0,72" ten="150,520,97,233" oya="1" hai0="133,117,28,42,127,135,62,6,82,88,8,80,123" hai1="107,87,63,32,69,56,71,93,15,49,101,1,91" hai2="73,118,59,112,12,35,75,89,54,5,7,22,53" hai3="131,39,74,70,60,121,113,116,84,95,21,34,90"/><U128/><E1/><V43/><F118/><W17/><G34/><T124/><D117/><U23/><E128/><V105/><F35/><W31/><G74/><T96/><D123/><U109/><E32/><V16/><F105/><W38/><G31/><T36/><D28/><U103/><E109/><V125/><F125/><N who="0" m="48202" /><D62/><U77/><E77/><V65/><F65/><W48/><G48/><T52/><D52/><U85/><E85/><V37/><F54/><W13/><G113/><T134/><D42/><U40/><E40/><V25/><F112/><W99/><G121/><T64/><D64/><U18/><E63/><V46/><F89/><W57/><G70/><T11/><D36/><U122/><E122/><V47/><F47/><W29/><G29/><T102/><D11/><U94/><E107/><V67/><F67/><W129/><G116/><T4/><D4/><U14/><E14/><V50/><REACH who="2" step="1"/><F5/><REACH who="2" ten="150,520,87,233" step="2"/><W20/><G131/><T79/><D88/><U106/><E106/><V0/><F0/><W30/><G129/><T92/><D79/><U78/><E78/><V3/><F3/><AGARI ba="0,1" hai="3,6,8,80,82,92,96,102,133,134,135" m="48202" machi="3" ten="40,2600,0" yaku="20,1,18,1" doraHai="72" who="0" fromWho="2" sc="150,36,520,0,87,-26,233,0" /><INIT seed="6,0,0,1,3,107" ten="186,520,61,233" oya="2" hai0="78,113,68,71,70,52,124,127,135,23,63,75,76" hai1="60,90,79,65,125,72,102,44,5,29,0,97,53" hai2="88,8,19,31,45,120,40,104,106,74,38,130,83" hai3="134,62,49,11,3,108,58,110,25,46,126,133,91"/><V24/><F120/><W12/><G3/><T95/><D113/><U2/><E125/><N who="0" m="48201" /><D135/><N who="3" m="51721" /><G25/><T41/><D41/><U109/><E90/><V28/><F130/><W101/><G101/><T7/><D7/><U103/><E109/><V93/><F19/><N who="3" m="8607" /><G91/><T87/><D75/><U64/><E29/><V37/><F8/><W42/><G126/><T17/><D95/><U114/><E114/><V57/><F38/><W92/><G92/><T100/><D100/><U33/><E33/><V69/><F69/><W67/><AGARI ba="0,0" hai="42,46,49,58,62,67,108,110" m="8607,51721" machi="67" ten="30,1100,0" yaku="20,1" doraHai="107" who="3" fromWho="3" sc="186,-3,520,-3,61,-5,233,11" /><INIT seed="7,0,0,3,4,81" ten="183,517,56,244" oya="3" hai0="3,42,114,124,31,46,59,77,89,4,38,36,28" hai1="108,41,95,98,74,1,30,127,85,11,132,112,99" hai2="21,49,76,90,116,50,12,56,45,55,35,67,65" hai3="120,106,14,111,19,96,87,105,24,131,94,109,135"/><W80/><G120/><T32/><D38/><U66/><E108/><N who="3" m="41546" /><G24/><T63/><D124/><U29/><E127/><V75/><F35/><W9/><G131/><T71/><D71/><U60/><E74/><V73/><F116/><W7/><G7/><T123/><D123/><U13/><E132/><V78/><F75/><W33/><G33/><T126/><D126/><U100/><E112/><V128/><F128/><W40/><G40/><T84/><D77/><U6/><E41/><V119/><F119/><W86/><G135/><T117/><D117/><U37/><E37/><V129/><F129/><W58/><G58/><T8/><D32/><U101/><E1/><V18/><F73/><W22/><G22/><T70/><D70/><U134/><E134/><V133/><F133/><W10/><G10/><T0/><D0/><U2/><E2/><V69/><F69/><W104/><G80/><T107/><D114/><U23/><E23/><V83/><F67/><W110/><N who="3" m="41554" /><W113/><DORA hai="48" /><G113/><T53/><REACH who="0" step="1"/><D107/><REACH who="0" ten="173,517,56,244" step="2"/><N who="3" m="27393" /><W57/><DORA hai="91" /><G57/><T115/><D115/><U125/><E125/><V15/><F15/><W68/><G68/><T51/><D51/><U79/><E13/><V47/><F65/><W122/><G122/><T93/><AGARI ba="0,1" hai="3,4,8,28,31,36,42,46,53,59,63,84,89,93" machi="93" ten="20,16000,3" yaku="1,1,0,1,7,1,52,3,53,2" doraHai="81,48,91" doraHaiUra="52,34,130" who="0" fromWho="0" sc="173,170,517,-40,56,-40,244,-80" owari="343,14.0,477,58.0,16,-48.0,164,-24.0" /></mjloggm>