<mjloggm ver="2.3"><GO type="169" lobby="0"/><UN n0="%52%69%2D%4D%6F%2D" n1="%E3%82%A6%E3%83%AB%E3%83%88%E3%83%A9%E7%AB%8B%E7%9B%B4" n2="%62%75%74%69%74%61%6D%61" n3="%28%E3%80%8C%E3%83%BB%60%CF%89%E3%83%BB%29%E3%80%8C" dan="16,17,17,18" rate="2054.69,2139.71,2128.18,2226.53" sx="M,M,M,M"/><TAIKYOKU oya="0"/><INIT seed="0,0,0,1,4,119" ten="250,250,250,250" oya="0" hai0="39,51,30,121,133,85,4,2,20,33,34,110,79" hai1="108,80,46,47,49,132,86,8,72,36,48,97,54" hai2="106,12,112,10,24,95,56,98,31,92,115,118,67" hai3="69,68,50,131,91,14,111,104,66,35,114,105,0"/><T123/><D39/><U122/><E36/><V76/><F106/><W83/><G0/><T44/><D133/><U125/><E132/><V15/><F118/><W53/><G35/><T126/><D126/><U21/><E125/><V59/><F76/><W32/><G32/><N who="0" m="12395" /><D51/><U88/><E108/><V103/><F15/><W43/><G111/><T116/><D44/><U9/><E72/><V52/><F67/><W113/><G43/><T89/><D85/><U82/><E122/><N who="0" m="46601" /><D89/><U90/><E21/><V130/><F59/><W74/><G91/><T128/><D79/><U124/><E124/><V81/><F81/><W41/><G50/><T61/><D61/><U1/><E1/><V99/><F24/><W7/><G41/><T109/><D128/><U134/><E134/><V75/><F75/><W101/><G74/><T71/><D71/><U135/><E135/><V96/><F130/><W37/><G37/><T94/><D94/><N who="1" m="56519" /><E82/><V87/><F87/><W78/><G83/><T73/><D73/><U100/><E100/><V42/><F42/><AGARI ba="0,0" hai="8,9,42,46,47,48,49,54,80,86,90" m="56519" machi="42" ten="30,2000,0" yaku="8,1,54,1" doraHai="119" who="1" fromWho="2" sc="250,0,250,20,250,-20,250,0" /><INIT seed="1,0,0,0,0,100" ten="250,270,230,250" oya="1" hai0="46,56,78,101,19,13,82,63,97,21,53,35,1" hai1="40,79,133,25,125,93,126,123,107,17,74,86,119" hai2="27,59,84,129,24,14,38,57,105,33,51,64,111" hai3="15,91,60,130,65,52,115,0,89,62,29,47,99"/><U43/><E123/><V32/><F38/><W66/><G0/><T5/><D35/><U90/><E119/><V128/><F111/><W98/><G29/><T116/><D116/><U31/><E133/><V108/><F108/><W48/><G130/><T77/><D1/><U110/><E110/><V106/><F14/><W104/><G115/><T34/><D34/><N who="2" m="13418" /><F84/><W6/><G6/><T67/><D5/><U95/><E31/><V69/><F69/><W44/><G15/><T94/><D82/><N who="1" m="45431" /><E95/><V41/><F41/><N who="1" m="15945" /><E17/><V118/><F118/><W61/><G44/><T12/><D12/><U131/><E25/><N who="2" m="9803" /><F51/><AGARI ba="0,0" hai="13,19,21,46,51,53,56,63,67,77,78,94,97,101" machi="51" ten="40,1300,0" yaku="8,1" doraHai="100" who="0" fromWho="2" sc="250,13,270,0,230,-13,250,0" /><INIT seed="2,0,0,4,2,48" ten="263,270,217,250" oya="2" hai0="102,50,98,60,72,49,5,135,2,52,105,40,47" hai1="91,126,71,66,57,119,94,8,134,113,96,30,97" hai2="103,58,7,18,46,27,20,115,104,64,107,22,73" hai3="25,51,36,29,10,35,0,99,76,53,34,117,85"/><V16/><F115/><W121/><G36/><T12/><D2/><U86/><E119/><V38/><F73/><W112/><G112/><T122/><D122/><U131/><E71/><V101/><F7/><W79/><G117/><T74/><D74/><U3/><E113/><V90/><F104/><W95/><G121/><T33/><D33/><U28/><E126/><V110/><F110/><W130/><G35/><T11/><D135/><U67/><E134/><V88/><F38/><W92/><G130/><T65/><D72/><U21/><E131/><V6/><F6/><W63/><G63/><T13/><D13/><U84/><E3/><V69/><F69/><W133/><G133/><T123/><D123/><U127/><E8/><V81/><F46/><W55/><G0/><T77/><D77/><U82/><E127/><V128/><F128/><W15/><G92/><T44/><REACH who="0" step="1"/><D60/><REACH who="0" ten="253,270,217,250" step="2"/><U108/><E108/><V41/><F107/><W31/><G76/><T61/><D61/><U4/><E4/><V106/><F106/><W93/><G34/><T118/><D118/><U100/><E21/><V14/><F14/><W78/><G78/><T59/><D59/><U19/><E57/><V129/><F129/><W75/><G75/><T56/><D56/><U89/><E100/><V23/><F58/><W124/><G124/><T70/><D70/><U111/><E111/><V109/><F109/><W45/><G79/><T42/><D42/><U62/><E62/><V43/><F23/><W68/><G68/><T26/><D26/><U24/><E24/><V1/><F27/><W17/><G25/><RYUUKYOKU ba="0,1" sc="253,30,270,-10,217,-10,250,-10" hai0="5,11,12,40,44,47,49,50,52,65,98,102,105" /><INIT seed="3,1,1,5,4,105" ten="283,260,207,240" oya="3" hai0="82,127,62,16,112,41,20,54,24,18,106,53,108" hai1="9,101,3,64,99,26,34,70,116,27,14,59,123" hai2="129,48,93,135,118,94,87,80,50,19,29,133,95" hai3="104,128,65,130,75,40,73,35,124,56,46,66,42"/><W61/><G104/><T32/><D108/><U69/><E123/><V44/><F118/><W91/><G124/><T2/><D127/><U114/><E3/><V43/><F129/><N who="3" m="49771" /><G35/><T52/><D106/><U131/><E114/><V38/><F29/><W83/><G66/><T5/><D112/><U111/><E111/><V7/><F7/><W96/><G40/><T67/><D32/><U33/><E116/><V110/><F19/><W109/><G109/><T23/><D41/><U21/><E131/><V17/><F17/><W47/><G47/><T86/><D5/><N who="1" m="3375" /><E70/><V122/><F122/><W31/><G31/><N who="0" m="17799" /><D2/><U0/><E69/><V55/><F110/><W22/><G22/><T58/><D23/><U28/><E0/><V68/><F68/><W74/><G96/><T120/><D120/><U90/><E33/><V77/><REACH who="2" step="1"/><F55/><REACH who="2" ten="283,260,197,240" step="2"/><W25/><G25/><T71/><D71/><U98/><E27/><V51/><AGARI ba="1,2" hai="38,43,44,48,50,51,77,80,87,93,94,95,133,135" machi="51" ten="40,5200,0" yaku="1,1,2,1,0,1,53,0" doraHai="105" doraHaiUra="132" who="2" fromWho="2" sc="283,-14,260,-14,197,75,240,-27" /><INIT seed="4,0,0,3,0,35" ten="269,246,272,213" oya="0" hai0="117,75,109,83,71,12,70,77,9,101,89,5,81" hai1="51,99,97,79,41,130,8,53,61,18,39,123,10" hai2="29,88,95,25,3,98,63,104,2,69,11,127,15" hai3="19,112,30,115,33,113,66,78,125,114,38,0,103"/><T90/><D117/><U26/><E123/><V60/><F127/><W54/><G38/><T37/><D37/><U110/><E110/><V126/><F126/><W57/><G125/><T52/><D109/><U28/><E130/><V58/><F104/><W111/><G111/><T65/><D101/><U96/><E39/><V22/><F69/><W55/><N who="3" m="28672" /><DORA hai="36" /><W76/><G103/><T67/><D52/><N who="3" m="20009" /><G19/><T100/><D100/><U92/><E79/><N who="3" m="30250" /><G0/><T24/><D71/><U48/><E61/><V13/><F13/><W122/><G122/><T21/><D70/><U102/><E18/><V107/><F107/><W85/><G85/><T14/><D75/><U129/><E129/><V128/><F128/><W47/><G47/><T121/><D121/><U34/><E97/><V94/><F94/><W132/><G132/><T40/><D77/><U50/><E99/><V119/><F119/><W108/><G108/><T106/><D106/><U91/><E102/><V44/><F44/><W42/><G42/><T105/><D40/><U120/><E120/><V80/><F80/><N who="0" m="30794" /><D105/><U86/><E86/><V72/><F72/><W32/><G30/><N who="0" m="17679" /><D12/><U118/><E118/><V64/><F63/><AGARI ba="0,0" hai="32,33,57,63,66" m="30250,20009,28672" machi="63" ten="60,3900,0" yaku="15,1,54,1" doraHai="35,36" who="3" fromWho="2" sc="269,0,246,0,272,-39,213,39" /><INIT seed="5,0,0,5,0,30" ten="269,246,233,252" oya="1" hai0="75,101,104,100,17,61,13,133,7,15,69,24,31" hai1="87,39,34,33,86,97,131,6,80,52,81,46,26" hai2="23,59,84,19,22,28,129,83,68,29,45,88,48" hai3="12,98,122,56,35,78,20,73,95,120,41,74,65"/><U66/><E131/><V32/><F68/><W111/><G41/><T70/><D133/><U79/><E6/><V2/><F2/><W62/><G111/><T37/><D37/><U127/><E127/><V21/><F129/><W76/><G35/><N who="0" m="20967" /><D100/><U89/><E66/><V55/><F32/><W49/><G76/><T107/><D107/><U18/><E97/><V114/><F114/><W27/><G12/><T96/><D75/><U134/><E134/><V1/><F1/><W123/><G78/><T94/><D94/><U0/><E0/><V38/><F38/><W44/><G44/><T51/><D70/><U42/><REACH who="1" step="1"/><E52/><REACH who="1" ten="269,236,233,252" step="2"/><N who="2" m="29711" /><F19/><W112/><G65/><N who="0" m="41135" /><D7/><U121/><E121/><V108/><F108/><W85/><G123/><T109/><D109/><U3/><E3/><V72/><F72/><W67/><G74/><T105/><D17/><U92/><E92/><V64/><F64/><W116/><G73/><T36/><D105/><U60/><E60/><AGARI ba="0,1" hai="21,22,23,28,29,55,59,60,83,84,88" m="29711" machi="60" ten="30,3900,0" yaku="8,1,54,2" doraHai="30" who="2" fromWho="1" sc="269,0,236,-39,233,49,252,0" /><INIT seed="6,0,0,5,1,83" ten="269,197,282,252" oya="2" hai0="111,12,81,9,130,11,75,3,120,28,5,8,40" hai1="135,16,10,0,20,61,66,39,123,32,107,106,116" hai2="110,92,121,56,91,38,47,53,88,112,94,117,33" hai3="109,36,101,115,103,4,70,19,45,108,54,6,97"/><V60/><F121/><W114/><G70/><T52/><D120/><U15/><E116/><V67/><F117/><W50/><G36/><T31/><D111/><U25/><E123/><V100/><F33/><W68/><G68/><T27/><D130/><U2/><E39/><V128/><F128/><W104/><G103/><T126/><D126/><U63/><E135/><V73/><F73/><W30/><G30/><T72/><D40/><U105/><E32/><V96/><F112/><N who="3" m="43051" /><G19/><T46/><D72/><U58/><REACH who="1" step="1"/><E63/><REACH who="1" ten="269,187,282,252" step="2"/><V124/><F124/><W80/><G109/><T51/><D3/><U99/><E99/><V131/><F131/><W59/><G108/><T41/><D5/><AGARI ba="0,1" hai="0,2,5,10,15,16,20,25,58,61,66,105,106,107" machi="5" ten="40,5200,0" yaku="1,1,54,1,53,1" doraHai="83" doraHaiUra="62" who="1" fromWho="0" sc="269,-52,187,62,282,0,252,0" /><INIT seed="7,0,0,3,5,113" ten="217,249,282,252" oya="3" hai0="38,65,129,76,125,100,133,42,56,93,67,51,64" hai1="19,68,107,27,63,126,11,98,40,14,29,104,96" hai2="81,24,115,26,41,102,48,18,135,70,1,117,44" hai3="3,32,132,82,116,69,91,101,15,37,73,10,13"/><W62/><G32/><T49/><D76/><U54/><E126/><V2/><F70/><W106/><G132/><T60/><D100/><U45/><E104/><V0/><F135/><W88/><G37/><T123/><D133/><U30/><E107/><V105/><F115/><W127/><G3/><T8/><D93/><U61/><E61/><V119/><F81/><W25/><G116/><T124/><D8/><U120/><E120/><V118/><REACH who="2" step="1"/><F18/><REACH who="2" ten="217,249,272,252" step="2"/><W52/><G69/><T35/><D35/><U34/><E68/><V72/><F72/><W111/><G73/><T33/><D33/><U84/><E19/><V57/><F57/><W114/><G114/><T85/><D123/><U59/><E59/><V112/><F112/><W79/><G82/><T17/><D17/><U89/><E34/><V86/><F86/><W109/><G109/><T20/><D85/><U87/><E84/><V31/><F31/><W95/><G111/><T12/><D129/><U134/><E30/><V43/><F43/><W130/><G130/><T77/><D77/><U80/><E134/><V23/><F23/><W39/><G79/><T108/><D108/><U6/><E29/><V99/><AGARI ba="0,1" hai="0,1,2,24,26,41,44,48,99,102,105,117,118,119" machi="99" ten="40,8000,1" yaku="1,1,0,1,52,3,53,0" doraHai="113" doraHaiUra="58" who="2" fromWho="2" sc="217,-20,249,-20,272,90,252,-40" owari="197,-30.0,229,3.0,362,46.0,212,-19.0" /></mjloggm>