<mjloggm ver="2.3"><GO type="41" lobby="0"/><UN n0="%E7%A9%B6%E6%A5%B5%41%49" n1="%E5%B0%B1%E6%B4%BB%E7%94%9F%40%E5%B7%9D%E6%9D%91%E8%BB%8D%E5%9B%A3" n2="%E3%82%80%E3%81%A6%E3%81%A6%E3%82%80" n3="%EF%BD%9E%E5%90%89%E7%95%99%E6%9C%AA%E6%98%A5%EF%BD%9E" dan="14,15,14,14" rate="1933.72,1973.50,1919.59,1978.95" sx="M,M,M,M"/><TAIKYOKU oya="0"/><INIT seed="0,0,0,2,0,7" ten="250,250,250,250" oya="0" hai0="128,111,82,32,87,58,105,80,2,46,72,74,1" hai1="78,3,38,50,15,127,49,61,40,88,20,99,69" hai2="77,85,37,9,30,51,109,47,81,123,14,122,83" hai3="106,117,133,115,104,57,125,27,21,95,67,116,28"/><T91/><D32/><U64/><E3/><V0/><F37/><W24/><G115/><T66/><D105/><U96/><E127/><V43/><F0/><W121/><G125/><T36/><D2/><U62/><E78/><V5/><F109/><W130/><G130/><T90/><D128/><U34/><E34/><V100/><F30/><W65/><G133/><T39/><D111/><U63/><E69/><V93/><F83/><W134/><G134/><T118/><D118/><U56/><E38/><V76/><F76/><W60/><G67/><T73/><D1/><U59/><E40/><V31/><F31/><W71/><G71/><T12/><D46/><U55/><E63/><V112/><F112/><W98/><G121/><T25/><D25/><U94/><E96/><AGARI ba="0,0" hai="5,9,14,43,47,51,77,81,85,93,96,100,122,123" machi="96" ten="40,5200,0" yaku="25,2,52,1" doraHai="7" who="2" fromWho="1" sc="250,0,250,-52,250,52,250,0" /><INIT seed="1,0,0,0,1,44" ten="250,198,302,250" oya="1" hai0="79,89,52,70,76,35,78,104,87,34,14,12,29" hai1="31,124,28,17,64,92,6,25,135,50,66,62,105" hai2="127,111,118,13,90,103,75,53,7,88,21,101,41" hai3="55,19,77,117,57,74,129,120,10,51,128,61,82"/><U60/><E105/><V0/><F0/><W95/><G120/><T81/><D104/><U56/><E124/><V18/><F118/><W22/><G10/><T38/><D38/><U113/><E113/><V131/><F75/><W30/><G30/><N who="1" m="11306" /><E135/><V3/><F127/><W46/><G95/><T63/><D29/><U134/><E6/><V73/><F73/><W116/><G117/><T123/><D123/><U86/><E134/><V125/><F125/><W42/><REACH who="3" step="1"/><G116/><REACH who="3" ten="250,198,302,240" step="2"/><T32/><D32/><U8/><E92/><V107/><F111/><W16/><G16/><T68/><D35/><U37/><E17/><V40/><F131/><W100/><G100/><N who="2" m="38473" /><F107/><W84/><G84/><T47/><D34/><U121/><E86/><V39/><F3/><W91/><G91/><N who="2" m="34857" /><F39/><W45/><G45/><T126/><D126/><U24/><E37/><V9/><F7/><W54/><G54/><T2/><D2/><U69/><E121/><V5/><F5/><W133/><G133/><T110/><D110/><U59/><E8/><V96/><F96/><W130/><G130/><T71/><D47/><U106/><E106/><V15/><F9/><W97/><G97/><T65/><D65/><U114/><E69/><V122/><F122/><W1/><G1/><T4/><D4/><U27/><E114/><V115/><F115/><W33/><G33/><T99/><D99/><U48/><AGARI ba="0,1" hai="24,25,27,48,50,56,59,60,62,64,66" m="11306" machi="48" ten="30,6000,0" yaku="8,1,52,2" doraHai="44" who="1" fromWho="1" sc="250,-20,198,70,302,-20,240,-20" /><INIT seed="1,1,0,4,5,82" ten="230,268,282,220" oya="1" hai0="36,55,73,65,63,9,79,14,120,49,93,78,83" hai1="111,80,28,104,124,35,131,17,99,122,68,6,56" hai2="50,85,87,3,23,64,26,115,21,46,15,67,91" hai3="53,0,54,8,4,134,127,39,129,117,48,81,114"/><U69/><E122/><V135/><F3/><W20/><G114/><T58/><D36/><U96/><E6/><V110/><F115/><W22/><G127/><T59/><D120/><U76/><E124/><V126/><F126/><W51/><G134/><T119/><D79/><U19/><E131/><V107/><F107/><W128/><G39/><T97/><D119/><U66/><E111/><V7/><F110/><W84/><G117/><T72/><D72/><U108/><E108/><V113/><F113/><W125/><G125/><T61/><D49/><U31/><E56/><V106/><F106/><W71/><G71/><T5/><D5/><U103/><E96/><V121/><F121/><W60/><G60/><T37/><D37/><U40/><E40/><V86/><F135/><W109/><G109/><T43/><D43/><U133/><E31/><V44/><F91/><W24/><G22/><N who="2" m="8201" /><F26/><W95/><G95/><T62/><D62/><N who="1" m="40023" /><E69/><V30/><F30/><N who="3" m="17671" /><G51/><T102/><D102/><U92/><E92/><V94/><F94/><W1/><G1/><T88/><D93/><U29/><E29/><V16/><F7/><W77/><G48/><T105/><D105/><U57/><E133/><V132/><F132/><W10/><G8/><T101/><D101/><U47/><E28/><V13/><F50/><W11/><G10/><T2/><D2/><U27/><E35/><V118/><F118/><W100/><G100/><T32/><D32/><U18/><E103/><V45/><F16/><N who="1" m="6249" /><E104/><V130/><F130/><AGARI ba="1,0" hai="0,4,11,53,54,77,81,84,128,129,130" m="17671" machi="130" ten="30,2000,0" yaku="19,1,52,1" doraHai="82" who="3" fromWho="2" sc="230,0,268,0,282,-23,220,23" /><INIT seed="2,0,0,5,4,0" ten="230,268,259,243" oya="2" hai0="89,106,72,124,125,41,13,109,86,115,103,73,52" hai1="61,26,57,113,120,112,27,22,65,105,78,53,34" hai2="14,93,92,83,49,23,6,82,55,64,104,87,56" hai3="135,28,90,36,130,85,63,3,12,122,35,79,18"/><V24/><F104/><W44/><G122/><T119/><D41/><U62/><E105/><V54/><F64/><W94/><G3/><T121/><D13/><U5/><E120/><V97/><F55/><W10/><G135/><T59/><D121/><U71/><E78/><V43/><F43/><W81/><G36/><T16/><D16/><U39/><E39/><V127/><F127/><N who="0" m="48714" /><D115/><U129/><E129/><V25/><F93/><W98/><G130/><T20/><D20/><U123/><E123/><V76/><F83/><W42/><G63/><N who="0" m="36327" /><D109/><U99/><E99/><V11/><REACH who="2" step="1"/><F23/><REACH who="2" ten="230,268,249,243" step="2"/><W7/><G42/><T2/><D106/><U4/><E34/><V134/><F134/><W96/><G35/><T66/><D66/><U126/><E126/><V32/><F32/><W107/><G107/><T77/><D103/><AGARI ba="0,1" hai="6,11,14,24,25,49,54,56,76,82,87,92,97,103" machi="103" ten="30,11600,0" yaku="1,1,7,1,8,1,52,1,53,0" doraHai="0" doraHaiUra="60" who="2" fromWho="0" sc="230,-116,268,0,249,126,243,0" /><INIT seed="2,1,0,3,4,98" ten="114,268,375,243" oya="2" hai0="122,121,8,126,51,127,34,99,77,33,114,46,128" hai1="22,112,29,66,15,0,88,101,113,35,45,21,59" hai2="74,4,132,20,94,27,44,134,115,117,37,81,56" hai3="30,85,78,1,25,39,118,18,75,89,48,60,92"/><V17/><F4/><W84/><G118/><T96/><D77/><U12/><E0/><V50/><F115/><W107/><G107/><T11/><D114/><U19/><E35/><N who="0" m="13321" /><D51/><U57/><E45/><V76/><F117/><W129/><G129/><T52/><D46/><U54/><E66/><V87/><F37/><W14/><G1/><T71/><D71/><U68/><E68/><V53/><F74/><W61/><G39/><T3/><D52/><U108/><E108/><V100/><F44/><W43/><G75/><T7/><D128/><U24/><E57/><V28/><F17/><W120/><G120/><N who="0" m="46187" /><D11/><U67/><E67/><V58/><F58/><W86/><G25/><T31/><D31/><U16/><E101/><V49/><REACH who="2" step="1"/><F49/><REACH who="2" ten="114,268,365,243" step="2"/><W10/><G30/><T26/><D26/><U65/><E65/><V5/><F5/><W91/><G48/><T123/><D123/><U23/><E88/><V110/><F110/><W79/><G43/><T83/><D7/><U131/><E131/><V62/><F62/><AGARI ba="1,1" hai="12,15,16,19,21,22,23,24,29,54,59,62,112,113" machi="62" ten="30,3900,0" yaku="7,1,9,1,54,1" doraHai="98" who="1" fromWho="2" sc="114,0,268,52,365,-42,243,0" /><INIT seed="3,0,0,2,0,55" ten="114,320,323,243" oya="3" hai0="59,31,8,61,105,43,10,23,65,0,49,48,7" hai1="92,87,110,81,125,107,5,32,90,62,54,36,4" hai2="99,111,113,85,80,66,38,104,124,16,39,37,131" hai3="121,56,21,79,17,26,123,118,72,112,83,114,73"/><W91/><G118/><T127/><D105/><U3/><E107/><V46/><F66/><W42/><G42/><T77/><D127/><U63/><E36/><V24/><F113/><W129/><G73/><T106/><D106/><U33/><E110/><V41/><F124/><W53/><G129/><T13/><D77/><U117/><E117/><V120/><F111/><W133/><G133/><T30/><D23/><U1/><E125/><V122/><F131/><W58/><G91/><T60/><D60/><U95/><E54/><V96/><F24/><W12/><G114/><T20/><D20/><U2/><E81/><V51/><F16/><W84/><G112/><T22/><D22/><U82/><E82/><V115/><F115/><W132/><G132/><T100/><D100/><U47/><E47/><V50/><F50/><W71/><G71/><T103/><D103/><U14/><E14/><V74/><F74/><W130/><G130/><T29/><REACH who="0" step="1"/><D43/><REACH who="0" ten="104,320,323,243" step="2"/><U78/><E78/><V11/><F11/><W89/><G123/><N who="2" m="47145" /><F104/><W88/><G121/><T108/><D108/><U18/><E32/><V67/><F67/><W86/><G26/><T98/><D98/><U109/><E33/><V35/><F35/><W9/><G21/><T64/><D64/><U44/><E44/><V126/><F126/><W19/><G53/><T102/><D102/><U28/><E109/><V101/><F101/><W97/><G97/><T135/><D135/><U70/><E70/><V68/><F68/><W40/><G40/><T94/><D94/><U75/><E95/><V119/><F119/><W69/><G69/><RYUUKYOKU ba="0,1" sc="104,15,320,-15,323,15,243,-15" hai0="0,7,8,10,13,29,30,31,48,49,59,61,65" hai2="37,38,39,41,46,51,80,85,96,99" /><INIT seed="4,1,1,0,4,19" ten="119,305,338,228" oya="0" hai0="93,62,3,75,91,38,39,20,12,98,130,32,113" hai1="5,120,31,105,133,26,68,81,71,46,114,16,80" hai2="82,7,67,60,23,128,30,96,48,99,43,111,37" hai3="92,117,6,22,85,132,84,64,14,121,54,42,122"/><T49/><D3/><U135/><E120/><N who="3" m="46186" /><G117/><T9/><D32/><U53/><E105/><V108/><F7/><W76/><G42/><T66/><D75/><U118/><E5/><V34/><F34/><W1/><G1/><T123/><D123/><U58/><E46/><V103/><F37/><W83/><G64/><T127/><D113/><U4/><E4/><V47/><F82/><N who="1" m="31849" /><E114/><V24/><F128/><W110/><G110/><T55/><D130/><U33/><E16/><V104/><REACH who="2" step="1"/><F99/><REACH who="2" ten="119,305,328,228" step="2"/><W88/><G132/><N who="1" m="50762" /><E118/><V0/><F0/><W36/><G36/><T100/><D39/><U59/><E59/><AGARI ba="1,2" hai="23,24,30,43,47,48,59,60,67,96,103,104,108,111" machi="59" ten="30,3900,0" yaku="1,1,7,1,52,1,53,0" doraHai="19" doraHaiUra="72" who="2" fromWho="1" sc="119,0,305,-42,328,62,228,0" /><INIT seed="5,0,0,0,5,15" ten="119,263,390,228" oya="1" hai0="42,102,86,52,116,1,38,17,66,50,40,28,130" hai1="126,65,18,55,89,103,46,100,6,132,113,115,26" hai2="90,9,95,118,74,10,22,94,83,73,85,75,60" hai3="97,119,107,124,111,47,77,49,67,105,128,2,62"/><U51/><E6/><V32/><F32/><W96/><G2/><T92/><D116/><U123/><E123/><V79/><F60/><W93/><G119/><T8/><D130/><U12/><E26/><V112/><F118/><W88/><G111/><T106/><D28/><U45/><E126/><V108/><F10/><W76/><G124/><T23/><D66/><U69/><E132/><V61/><F61/><W48/><G128/><T134/><D106/><U114/><E89/><V71/><F71/><W25/><G107/><T20/><D134/><U70/><E46/><V109/><F9/><W131/><G131/><T78/><D38/><U101/><REACH who="1" step="1"/><E65/><REACH who="1" ten="119,253,390,228" step="2"/><V34/><F34/><W135/><G135/><T63/><D102/><U122/><E122/><V87/><F22/><AGARI ba="0,1" hai="12,18,22,45,51,55,69,70,100,101,103,113,114,115" machi="22" ten="50,9600,0" yaku="1,1,15,1,52,1,53,0" doraHai="15" doraHaiUra="4" who="1" fromWho="2" sc="119,0,253,106,390,-96,228,0" /><INIT seed="5,1,0,0,1,92" ten="119,359,294,228" oya="1" hai0="72,53,121,59,35,117,0,36,75,63,25,31,17" hai1="52,19,7,8,38,46,125,49,114,28,100,81,55" hai2="107,48,40,73,131,113,111,122,24,30,106,68,110" hai3="21,69,89,56,2,34,45,77,13,26,115,20,64"/><U85/><E114/><V29/><F48/><W126/><G2/><T128/><D117/><U93/><E125/><V80/><F40/><W88/><G69/><T58/><D36/><U32/><E38/><V47/><F47/><W97/><G115/><T101/><D128/><U43/><E32/><V135/><F113/><W78/><G126/><T14/><D0/><U18/><E28/><V134/><F68/><W9/><G34/><T109/><D109/><N who="2" m="41482" /><F24/><W133/><G45/><T37/><D37/><U83/><E19/><V27/><F27/><W62/><G133/><N who="2" m="50697" /><F30/><N who="3" m="17735" /><G21/><T130/><D130/><U22/><E8/><V61/><F29/><W65/><G65/><T129/><D129/><U90/><E7/><V15/><F61/><W112/><G112/><T66/><D101/><U95/><E55/><V11/><F15/><W16/><G89/><T74/><D121/><U108/><E43/><V4/><F11/><W102/><G102/><T119/><D119/><U118/><E118/><V104/><F4/><W5/><G5/><T99/><D99/><N who="1" m="59503" /><E108/><V60/><F60/><W41/><G41/><T123/><D123/><U84/><E84/><V51/><F51/><W42/><G42/><T124/><D124/><U103/><E103/><V23/><F23/><W6/><G6/><T54/><REACH who="0" step="1"/><D59/><REACH who="0" ten="109,359,294,228" step="2"/><U57/><E57/><V79/><F131/><W91/><G97/><T105/><D105/><U98/><E85/><V1/><F1/><W3/><G3/><T70/><D70/><U127/><E127/><V12/><F12/><AGARI ba="1,1" hai="12,18,22,46,49,52,81,83,90,95,98" m="59503" machi="12" ten="30,11600,0" yaku="8,1,52,2,54,1" doraHai="92" who="1" fromWho="2" sc="109,0,359,129,294,-119,228,0" /><INIT seed="5,2,0,0,3,9" ten="109,488,175,228" oya="1" hai0="86,0,3,107,120,63,97,28,51,108,4,52,17" hai1="113,23,104,30,19,67,64,7,40,101,79,8,38" hai2="60,81,18,11,36,27,71,31,70,98,41,14,127" hai3="111,121,92,33,62,10,5,68,122,114,118,50,48"/><U115/><E30/><V73/><F36/><W129/><G33/><T45/><D108/><U90/><E79/><V47/><F127/><W125/><G92/><T35/><D120/><N who="3" m="46185" /><G10/><T83/><D4/><U53/><E53/><V116/><F116/><W123/><G123/><T110/><D110/><U100/><E40/><V12/><F41/><W132/><G5/><T91/><D63/><U29/><E29/><V37/><F37/><W102/><G102/><T78/><D17/><U59/><E38/><V1/><F47/><W109/><G118/><T134/><D134/><U75/><E90/><V65/><F81/><W96/><G96/><T56/><D45/><U106/><E75/><V39/><F39/><W66/><G125/><T87/><D97/><U89/><E89/><V84/><F73/><W42/><G132/><T126/><D107/><U21/><E59/><V103/><F84/><W55/><G129/><T25/><REACH who="0" step="1"/><D126/><REACH who="0" ten="99,488,175,228" step="2"/><U77/><E104/><V13/><F1/><W2/><G2/><T57/><D57/><U26/><E19/><V46/><F46/><N who="3" m="25687" /><G114/><T130/><D130/><U131/><E106/><V105/><REACH who="2" step="1"/><F71/><REACH who="2" ten="99,488,165,228" step="2"/><W20/><G111/><T93/><AGARI ba="2,2" hai="0,3,25,28,35,51,52,56,78,83,86,87,91,93" machi="93" ten="20,5200,0" yaku="1,1,0,1,7,1,54,1,53,0" doraHai="9" doraHaiUra="69" who="0" fromWho="0" sc="99,78,488,-28,165,-15,228,-15" /><INIT seed="6,0,0,1,4,135" ten="177,460,150,213" oya="2" hai0="31,99,122,77,116,98,87,35,83,134,21,66,38" hai1="3,92,54,89,115,2,100,47,41,131,65,129,16" hai2="90,69,57,40,85,28,79,62,7,64,27,71,73" hai3="0,106,13,102,45,70,76,110,103,101,108,132,84"/><V125/><F7/><W23/><G0/><T32/><D122/><U124/><E115/><V111/><F111/><N who="3" m="42539" /><G70/><T80/><D38/><U105/><E124/><V107/><F40/><W25/><G13/><T119/><D134/><U121/><E100/><V43/><F43/><W46/><G45/><T59/><D21/><U19/><E105/><V120/><F120/><W94/><G46/><T112/><D112/><U14/><E54/><V4/><F4/><W60/><G25/><T81/><D87/><U97/><E65/><V24/><F73/><W55/><G55/><T113/><D77/><U91/><E91/><V50/><F79/><W56/><G56/><T123/><D113/><U22/><E19/><V127/><F107/><W114/><G60/><T74/><D74/><U44/><E44/><V1/><F1/><W10/><G10/><T58/><D123/><U29/><E29/><V49/><F71/><W9/><G9/><T36/><D36/><U86/><E121/><V133/><F133/><W11/><G11/><T118/><D31/><U117/><E117/><V61/><F50/><W96/><G132/><T18/><D18/><U95/><E3/><V72/><F72/><W128/><G114/><T48/><D48/><N who="1" m="26735" /><E2/><V104/><F104/><W88/><G128/><N who="1" m="49226" /><E95/><V26/><F49/><W126/><G126/><N who="2" m="48137" /><F28/><W75/><G23/><T17/><D17/><U20/><E20/><V53/><F27/><W82/><AGARI ba="0,0" hai="75,76,82,84,88,94,96,101,102,103,106" m="42539" machi="82" ten="30,7900,0" yaku="24,1,34,2,54,1" doraHai="135" who="3" fromWho="3" sc="177,-20,460,-20,150,-39,213,79" /><INIT seed="7,0,0,1,4,122" ten="157,440,111,292" oya="3" hai0="0,37,19,20,16,110,30,84,85,134,93,107,91" hai1="34,8,74,46,31,83,75,127,100,64,72,33,123" hai2="28,10,50,18,53,106,128,44,55,95,13,48,21" hai3="119,49,97,98,43,71,99,120,54,69,7,56,130"/><W125/><G120/><T82/><D0/><U42/><E127/><V135/><F106/><W17/><G7/><T86/><D37/><U14/><E123/><V23/><F135/><W41/><G125/><T108/><D107/><U109/><E109/><V92/><F128/><W59/><G119/><T133/><D30/><U6/><E100/><V131/><F131/><W5/><G5/><T57/><D57/><N who="3" m="22089" /><G130/><T70/><D70/><N who="3" m="26633" /><G49/><T25/><D19/><U11/><E64/><V1/><F1/><W47/><G47/><T32/><D32/><U39/><E31/><V90/><F28/><W15/><G15/><T2/><D2/><U103/><E11/><V77/><F77/><W76/><G76/><T26/><D26/><U81/><E103/><V51/><F95/><W60/><G17/><T4/><D4/><U112/><E112/><V126/><F126/><W40/><G54/><T66/><D66/><U12/><E12/><V78/><F78/><W36/><G36/><T80/><D80/><U115/><E115/><V9/><F23/><W132/><G132/><N who="0" m="50795" /><D82/><U121/><E121/><V105/><F105/><W67/><G67/><T88/><D91/><U117/><E117/><V79/><F79/><W38/><G38/><T35/><D35/><N who="1" m="13323" /><E83/><V62/><F62/><AGARI ba="0,0" hai="40,41,43,60,62,97,98,99" m="26633,22089" machi="62" ten="40,3900,0" yaku="28,2" doraHai="122" who="3" fromWho="2" sc="157,0,440,0,111,-39,292,39" /><INIT seed="7,1,0,3,2,53" ten="157,440,72,331" oya="3" hai0="101,30,31,32,11,68,57,21,96,19,80,0,55" hai1="74,107,79,70,127,63,10,6,37,73,64,115,25" hai2="7,124,48,86,82,88,125,22,87,49,112,123,65" hai3="119,132,44,100,42,89,129,95,35,56,9,85,109"/><W118/><G35/><T51/><D68/><U130/><E115/><V13/><F65/><W134/><G9/><T91/><D32/><U117/><E117/><N who="3" m="44554" /><G44/><T52/><D0/><U12/><E127/><V40/><F112/><W34/><G34/><T110/><D110/><U131/><E107/><V58/><F123/><W47/><G47/><N who="0" m="27775" /><D11/><U83/><E37/><V77/><F125/><W76/><G42/><T105/><D105/><U106/><E106/><V17/><F124/><W5/><G5/><T121/><D101/><U20/><REACH who="1" step="1"/><E74/><REACH who="1" ten="157,430,72,331" step="2"/><V29/><F7/><W71/><G71/><T15/><D121/><U94/><E94/><V78/><F29/><AGARI ba="1,1" hai="6,10,12,20,25,29,63,64,70,73,79,83,130,131" machi="29" ten="40,1300,0" yaku="1,1,53,0" doraHai="53" doraHaiUra="92" who="1" fromWho="2" sc="157,0,430,26,72,-16,331,0" owari="157,-24.0,456,55.0,56,-44.0,331,13.0" /></mjloggm>