<mjloggm ver="2.3"><GO type="97" lobby="0"/><UN n0="%64%75%6B%61%63%68%69%6E" n1="%E5%B0%B1%E6%B4%BB%E7%94%9F%40%E5%B7%9D%E6%9D%91%E8%BB%8D%E5%9B%A3" n2="%28%C2%B4%E3%83%BB%E3%82%A7%E3%83%BB%EF%BD%80%29%E5%87%B8" n3="%6B%6B%6B%31%34%31%32%78" dan="15,15,14,13" rate="1944.00,2070.94,2002.15,1873.58" sx="F,M,M,M"/><TAIKYOKU oya="0"/><INIT seed="0,0,0,0,0,14" ten="250,250,250,250" oya="0" hai0="9,0,98,56,89,93,39,49,27,103,92,78,74" hai1="72,69,135,1,84,85,122,51,70,57,107,73,104" hai2="62,2,97,131,18,87,25,117,66,33,4,90,52" hai3="29,94,22,95,129,50,123,125,100,40,113,102,30"/><T114/><D39/><U119/><E57/><N who="2" m="37199" /><F2/><W17/><G113/><T109/><D114/><U65/><E65/><V15/><F33/><W48/><G125/><T34/><D109/><U124/><E51/><N who="3" m="19498" /><G123/><T120/><D120/><U79/><E79/><V86/><F4/><W31/><G129/><T106/><D74/><U105/><E1/><V91/><F25/><N who="3" m="14543" /><G40/><T55/><D78/><U112/><E112/><V23/><F131/><W24/><G24/><T116/><D116/><U5/><E5/><V54/><F117/><W82/><G82/><T38/><D38/><U13/><E119/><V26/><F26/><W63/><G63/><T132/><D132/><U43/><E135/><V80/><F97/><W133/><G133/><T127/><D127/><U37/><E37/><V134/><F134/><W10/><G10/><T46/><D0/><U96/><E43/><V12/><F12/><W3/><G3/><T76/><D9/><U58/><E105/><V16/><F18/><W118/><G118/><T126/><D126/><U130/><E124/><V77/><F77/><W11/><G11/><T59/><D76/><U115/><E115/><V20/><F20/><W28/><N who="3" m="7680" /><DORA hai="75" /><W88/><G95/><AGARI ba="0,0" hai="15,16,23,52,54,80,86,87,90,91,95" m="37199" machi="95" ten="30,7700,0" yaku="8,1,52,1,54,2" doraHai="14,75" who="2" fromWho="3" sc="250,0,250,0,250,77,250,-77" /><INIT seed="1,0,0,5,1,92" ten="250,250,327,173" oya="1" hai0="70,98,107,43,53,25,26,62,28,79,87,120,103" hai1="66,13,97,71,118,132,119,17,16,131,90,38,108" hai2="44,24,86,102,8,83,56,96,19,89,110,113,124" hai3="117,46,72,130,105,73,48,125,69,34,36,35,30"/><U57/><E71/><V106/><F113/><W122/><RYUUKYOKU type="yao9" ba="0,0" sc="250,0,250,0,327,0,173,0" hai3="30,34,35,36,46,48,69,72,73,105,117,122,125,130" /><INIT seed="1,1,0,4,0,89" ten="250,250,327,173" oya="1" hai0="92,100,57,98,9,76,42,59,25,11,94,37,38" hai1="109,3,49,1,70,106,24,21,68,20,63,104,39" hai2="131,116,122,117,133,105,19,29,13,46,73,60,84" hai3="103,130,120,115,23,99,33,69,110,43,111,134,10"/><U67/><E39/><V72/><F122/><W7/><G69/><T50/><D76/><U15/><E70/><V74/><F105/><W45/><G120/><T34/><D34/><U119/><E119/><V132/><F29/><W30/><G115/><T81/><D81/><U128/><E128/><V22/><F46/><W51/><G33/><T86/><D38/><U101/><E109/><V64/><F131/><W6/><G134/><N who="2" m="51817" /><F84/><W27/><G130/><T135/><D135/><U124/><E124/><V18/><F18/><W28/><G28/><T14/><D25/><U97/><E106/><V17/><F17/><W0/><REACH who="3" step="1"/><G7/><REACH who="3" ten="250,250,327,163" step="2"/><N who="0" m="3391" /><D37/><U95/><E68/><AGARI ba="1,1" hai="13,19,22,60,64,68,72,73,74,116,117" m="51817" machi="68" ten="40,1300,0" yaku="20,1" doraHai="89" who="2" fromWho="1" sc="250,0,250,-16,327,26,163,0" /><INIT seed="2,0,0,0,2,80" ten="250,234,353,163" oya="2" hai0="110,33,98,105,79,69,63,67,75,70,84,94,49" hai1="65,120,15,93,130,96,19,40,7,73,29,38,95" hai2="100,47,115,71,56,37,128,50,46,16,58,83,52" hai3="86,97,35,11,8,104,59,78,34,68,107,103,6"/><V108/><F115/><W134/><G68/><T61/><D110/><U132/><E73/><V25/><F71/><W111/><G134/><T118/><D118/><U117/><E117/><V27/><F37/><W76/><G111/><T99/><D33/><U113/><E130/><V44/><F108/><W0/><G104/><T9/><D75/><U89/><E132/><V126/><F128/><W17/><G59/><T42/><D105/><U18/><E120/><V54/><F126/><W102/><G102/><T13/><D70/><U123/><E113/><V127/><F127/><W10/><G17/><N who="0" m="8367" /><D69/><U85/><E29/><V82/><F100/><W77/><REACH who="3" step="1"/><G86/><REACH who="3" ten="250,234,353,153" step="2"/><T106/><D84/><U92/><E123/><V121/><F121/><W125/><G125/><T55/><D106/><U91/><E7/><V66/><F58/><W116/><G116/><T28/><D98/><U112/><E112/><V36/><F16/><W5/><G5/><T60/><D99/><U30/><E19/><V39/><F56/><W81/><G81/><T14/><D28/><U57/><E85/><V53/><F83/><W64/><G64/><T133/><D67/><U45/><E30/><V12/><F82/><W21/><G21/><T87/><D133/><U114/><E114/><V1/><F66/><W88/><G88/><T4/><D87/><U41/><E91/><V74/><F74/><W2/><G2/><T3/><D3/><U122/><E122/><V26/><F1/><W90/><G90/><T32/><D4/><U23/><E57/><V20/><F20/><W135/><G135/><T31/><D31/><RYUUKYOKU ba="0,1" sc="250,-10,234,-10,353,-10,153,30" hai3="0,6,8,10,11,34,35,76,77,78,97,103,107" /><INIT seed="3,1,1,0,3,32" ten="240,224,343,183" oya="3" hai0="31,5,132,130,121,28,57,83,13,41,122,39,124" hai1="115,16,20,18,15,98,77,33,82,74,42,103,127" hai2="7,9,58,111,37,64,120,19,117,30,23,61,99" hai3="93,60,38,133,106,55,27,97,67,62,107,52,71"/><W3/><G3/><T45/><BYE who="3" /><D124/><U17/><E127/><V11/><F117/><W35/><G35/><T102/><D130/><U81/><E115/><V72/><F37/><W75/><G75/><T108/><D132/><U44/><E81/><V76/><F72/><W6/><G6/><T84/><D108/><U0/><E0/><V96/><F76/><W59/><G59/><T113/><D113/><U135/><E33/><V29/><F120/><W92/><G92/><T46/><D102/><U104/><E135/><V125/><F125/><W128/><G128/><T116/><D116/><U49/><AGARI ba="1,1" hai="15,16,17,18,20,42,44,49,74,77,82,98,103,104" machi="49" ten="20,2700,0" yaku="0,1,7,1,54,1" doraHai="32" who="1" fromWho="1" sc="240,-8,224,40,343,-8,183,-14" owari="232,-17.0,264,6.0,335,44.0,169,-33.0" /></mjloggm>