<mjloggm ver="2.3"><GO type="97" lobby="0"/><UN n0="%E5%B0%B1%E6%B4%BB%E7%94%9F%40%E5%B7%9D%E6%9D%91%E8%BB%8D%E5%9B%A3" n1="%E3%82%89%E3%81%91" n2="%39%73%6F%47%61%6D%65" n3="%E6%9C%AB%E5%BA%83%E6%97%A5%E8%8F%9C%E5%AD%90" dan="15,15,13,15" rate="1940.59,2031.24,1883.46,2052.50" sx="M,M,M,F"/><TAIKYOKU oya="0"/><INIT seed="0,0,0,0,0,45" ten="250,250,250,250" oya="0" hai0="16,64,20,99,127,47,27,10,5,78,30,90,25" hai1="19,7,98,12,63,76,118,72,3,103,54,32,133" hai2="43,110,115,51,105,33,55,6,111,14,18,131,82" hai3="114,87,73,53,56,44,97,9,77,13,104,125,123"/><T1/><D127/><U84/><E32/><V113/><F105/><W26/><G114/><N who="2" m="43529" /><F43/><W34/><G73/><T2/><D78/><U62/><E72/><V121/><F33/><W70/><G70/><T85/><D64/><U124/><E124/><V22/><F82/><W89/><G77/><T37/><D99/><U132/><E7/><V68/><F68/><W31/><G44/><T49/><D37/><U39/><E3/><V50/><F55/><W81/><G125/><T91/><D2/><U60/><E39/><V24/><F121/><W122/><G97/><T74/><D74/><U67/><E54/><V23/><F6/><W106/><G122/><T92/><D90/><U75/><E75/><V69/><F69/><W107/><G107/><T96/><D96/><U11/><E67/><V42/><F42/><W79/><G79/><T40/><D30/><U86/><E76/><V83/><F83/><W57/><G123/><T21/><D21/><N who="2" m="7690" /><F24/><AGARI ba="0,0" hai="1,5,10,16,20,24,25,27,40,47,49,85,91,92" machi="24" ten="30,5800,0" yaku="7,1,52,1,54,1" doraHai="45" who="0" fromWho="2" sc="250,58,250,0,250,-58,250,0" /><INIT seed="0,1,0,0,2,56" ten="308,250,192,250" oya="0" hai0="112,66,27,46,107,19,50,127,54,15,75,63,0" hai1="40,101,37,31,131,132,7,60,26,108,77,12,100" hai2="4,6,18,130,61,91,99,116,17,121,8,57,43" hai3="53,119,123,72,69,13,105,103,128,23,47,22,114"/><T92/><D0/><U102/><E77/><V122/><F43/><W33/><G69/><T11/><D107/><U10/><E131/><V25/><F130/><W109/><G128/><T48/><D75/><U96/><E108/><V49/><F49/><W51/><G114/><T62/><D112/><U21/><E132/><V45/><F45/><W58/><G119/><T118/><D118/><U30/><E40/><V104/><F104/><W97/><G33/><T84/><D66/><U52/><E37/><V80/><F80/><W110/><G72/><T79/><D127/><U115/><E115/><V71/><F71/><W67/><G123/><T32/><D32/><U68/><E68/><V9/><F122/><W117/><G117/><T81/><D27/><U1/><E1/><V64/><F116/><W125/><G125/><T16/><D19/><N who="1" m="12607" /><E96/><V133/><F133/><W87/><G87/><T95/><D50/><U44/><E44/><V34/><F34/><W129/><G129/><T76/><D76/><U85/><E85/><V20/><F121/><W126/><G126/><T55/><D55/><U59/><AGARI ba="1,0" hai="7,10,12,30,31,52,59,60,100,101,102" m="12607" machi="59" ten="30,4000,0" yaku="8,1,52,1,54,1" doraHai="56" who="1" fromWho="1" sc="308,-21,250,43,192,-11,250,-11" /><INIT seed="1,0,0,1,3,37" ten="287,293,181,239" oya="1" hai0="133,7,90,4,118,5,22,112,36,46,23,88,45" hai1="103,42,111,84,57,80,91,71,52,127,56,110,81" hai2="30,13,132,66,59,101,60,83,10,31,93,47,131" hai3="128,50,98,94,78,76,28,123,113,124,129,122,29"/><U25/><E71/><V17/><F132/><W130/><G113/><T120/><D112/><U20/><E103/><V26/><F131/><W102/><G124/><T67/><D118/><U109/><E127/><V34/><F83/><W41/><G29/><T63/><D120/><N who="3" m="46121" /><G28/><T49/><D36/><U21/><E42/><V11/><F11/><W38/><G38/><T116/><D133/><U32/><E32/><V104/><F104/><W117/><G117/><T121/><D116/><U16/><E21/><N who="0" m="7689" /><D121/><U79/><E52/><V69/><F69/><W2/><G2/><T108/><D108/><U43/><REACH who="1" step="1"/><E43/><REACH who="1" ten="287,283,181,239" step="2"/><V8/><F8/><W61/><G61/><T114/><D114/><U9/><E9/><V40/><F31/><W72/><G41/><N who="0" m="24751" /><D46/><U68/><E68/><V3/><F3/><W27/><G50/><T89/><D63/><U12/><E12/><V18/><F101/><W35/><G35/><T55/><D55/><U65/><E65/><AGARI ba="0,1" hai="4,5,7,65,67,88,89,90" m="24751,7689" machi="65" ten="40,5200,0" yaku="8,1,52,1,54,1" doraHai="37" who="0" fromWho="1" sc="287,62,283,-52,181,0,239,0" /><INIT seed="2,0,0,0,5,24" ten="349,231,181,239" oya="2" hai0="47,72,96,64,61,110,54,102,115,3,94,134,44" hai1="76,68,41,21,65,114,78,13,99,86,62,14,36" hai2="4,40,15,125,0,121,109,39,27,123,23,106,127" hai3="53,9,30,42,111,10,48,95,56,2,119,91,28"/><V33/><F106/><W133/><G119/><T38/><D72/><U101/><E114/><V105/><F105/><W6/><G111/><T26/><D3/><U117/><E117/><V57/><F57/><W37/><G133/><T107/><D115/><U22/><E41/><V77/><F77/><W108/><G108/><T126/><D110/><U46/><E46/><V113/><F40/><W19/><G10/><T104/><D126/><N who="2" m="48138" /><F39/><W45/><REACH who="3" step="1"/><G19/><REACH who="3" ten="349,231,181,229" step="2"/><T25/><D134/><U120/><E120/><N who="2" m="46155" /><F109/><W129/><G129/><T128/><D128/><U79/><E36/><V71/><F71/><W69/><G69/><T43/><D107/><U103/><E68/><V89/><F89/><W87/><AGARI ba="0,1" hai="2,6,9,28,30,37,42,45,48,53,56,87,91,95" machi="87" ten="20,12000,2" yaku="1,1,0,1,7,1,52,2,53,1" doraHai="24" doraHaiUra="49" who="3" fromWho="3" sc="349,-30,231,-30,181,-60,229,130" /><BYE who="2" /><INIT seed="3,0,0,0,2,27" ten="319,201,121,359" oya="3" hai0="41,72,1,10,121,114,35,60,129,57,73,55,96" hai1="26,133,33,65,4,31,45,54,95,97,108,23,47" hai2="19,113,24,48,116,63,110,100,43,20,5,109,49" hai3="34,131,115,28,125,107,30,8,56,104,79,14,21"/><W90/><G115/><T59/><D121/><U87/><E133/><V76/><F76/><W68/><G68/><T89/><D114/><U122/><E108/><V124/><F124/><W46/><G34/><T53/><D129/><U98/><E122/><V15/><F15/><W86/><G79/><T32/><D41/><U94/><E4/><V126/><F126/><W16/><G125/><T12/><D1/><U82/><E33/><V119/><F119/><W11/><G131/><T130/><D130/><U6/><E6/><V105/><F105/><W50/><G56/><T127/><D127/><U91/><E65/><V36/><F36/><W2/><G104/><T134/><D134/><U61/><E61/><V44/><F44/><W64/><G64/><T112/><D112/><U83/><E54/><V9/><F9/><N who="3" m="3659" /><G107/><T101/><D89/><U0/><E0/><V18/><F18/><W84/><G84/><T39/><D39/><U128/><E83/><V80/><F80/><N who="3" m="49479" /><G2/><T123/><D123/><U99/><E128/><V69/><F69/><W93/><G93/><T103/><D73/><U74/><E74/><V3/><F3/><W13/><G14/><T7/><D72/><U52/><REACH who="1" step="1"/><E45/><REACH who="1" ten="319,191,121,359" step="2"/><V81/><F81/><W117/><G46/><T85/><D35/><U75/><E75/><V22/><F22/><W29/><G21/><T92/><D32/><U132/><E132/><V71/><F71/><W120/><G120/><T70/><D70/><U77/><E77/><V88/><F88/><W42/><G42/><T58/><D60/><U25/><E25/><V66/><F66/><RYUUKYOKU ba="0,1" sc="319,-10,191,30,121,-10,359,-10" hai1="23,26,31,47,52,82,87,91,94,95,97,98,99" owari="309,11.0,221,-18.0,111,-39.0,359,46.0" /></mjloggm>