<mjloggm ver="2.3"><GO type="97" lobby="0"/><UN n0="%4C%75%63%6B%79%2D%55" n1="%E9%AD%81%21%E3%83%9F%E3%83%83%E3%83%89%E3%83%8A%E3%82%A4%E3%83%88" n2="%5B%4B%61%69%72%69%5D" n3="%E5%B0%B1%E6%B4%BB%E7%94%9F%40%E5%B7%9D%E6%9D%91%E8%BB%8D%E5%9B%A3" dan="13,14,13,14" rate="1874.75,1983.29,1914.25,1966.39" sx="M,M,M,M"/><TAIKYOKU oya="0"/><INIT seed="0,0,0,3,4,134" ten="250,250,250,250" oya="0" hai0="87,121,19,46,25,30,117,89,53,92,27,102,1" hai1="108,118,79,34,99,70,78,57,54,14,106,95,122" hai2="52,130,7,66,26,20,38,124,88,80,5,101,42" hai3="8,51,74,22,47,43,23,90,83,41,65,37,31"/><T73/><D117/><U91/><E70/><V72/><F101/><W96/><G74/><T109/><D121/><U125/><E34/><V63/><F124/><W3/><G65/><T107/><D1/><U62/><E118/><V18/><F130/><W85/><G31/><T45/><D109/><U135/><E122/><V49/><F38/><W56/><G96/><T86/><D73/><U2/><E2/><V94/><F72/><W123/><G123/><T133/><D133/><U116/><E116/><V100/><F80/><W82/><G82/><T29/><D19/><U15/><E106/><V104/><F104/><W110/><G110/><T16/><D107/><U98/><E125/><V97/><F42/><W126/><G126/><T13/><D102/><U10/><E15/><V128/><F128/><W111/><G111/><T115/><D115/><U76/><E135/><V48/><F66/><W9/><G9/><N who="0" m="6191" /><D86/><N who="1" m="52727" /><E108/><V112/><F112/><W6/><REACH who="3" step="1"/><G43/><REACH who="3" ten="250,250,250,240" step="2"/><T103/><D103/><U75/><E75/><V60/><F100/><W17/><G17/><AGARI ba="0,1" hai="10,14,17,54,57,62,76,78,79,98,99" m="52727" machi="17" ten="30,1000,0" yaku="8,1" doraHai="134" who="1" fromWho="3" sc="250,0,250,20,250,0,240,-10" /><INIT seed="1,0,0,5,4,45" ten="250,270,250,230" oya="1" hai0="21,35,114,9,44,102,116,104,50,61,99,24,68" hai1="131,85,89,6,133,59,19,66,77,3,70,79,46" hai2="17,113,91,67,2,14,0,56,36,129,135,126,4" hai3="42,25,62,120,65,122,112,123,60,30,96,128,64"/><U40/><E70/><V111/><F36/><W47/><G112/><T121/><D114/><U90/><E6/><V23/><F67/><W31/><G128/><T125/><D125/><U5/><E5/><V54/><F113/><W101/><G64/><T80/><D116/><U95/><E3/><V74/><F74/><W41/><G41/><T134/><D134/><U115/><E115/><V7/><F0/><W38/><G62/><T34/><D121/><U93/><E131/><V105/><F2/><W130/><G130/><T10/><D34/><U29/><E29/><V8/><F135/><W100/><G25/><T1/><D80/><U108/><E108/><V26/><F105/><W124/><G124/><T72/><D72/><U12/><E59/><V109/><F126/><W37/><G37/><T132/><D132/><U82/><E66/><V71/><F71/><W98/><G98/><T49/><D35/><U33/><E33/><V103/><F103/><W119/><G119/><T63/><D44/><U57/><E57/><V27/><F27/><W53/><G53/><T13/><D1/><U20/><E133/><V117/><F117/><W11/><G11/><N who="0" m="4107" /><D13/><U16/><E19/><V84/><F129/><W22/><G22/><T55/><D68/><U94/><E79/><V69/><F69/><W39/><G39/><T81/><D81/><U18/><E18/><N who="2" m="12663" /><F111/><W73/><G73/><T127/><D127/><U28/><E28/><N who="3" m="10794" /><G96/><T51/><D55/><U32/><E32/><V110/><F110/><W58/><G123/><T48/><N who="0" m="12800" /><DORA hai="118" /><T106/><D106/><U83/><E83/><RYUUKYOKU ba="0,0" sc="250,10,270,10,250,-30,230,10" hai0="21,24,61,63,99,102,104" hai1="12,16,20,40,46,77,82,85,89,90,93,94,95" hai3="38,42,47,58,60,65,100,101,120,122" /><INIT seed="1,1,0,0,5,56" ten="260,280,220,240" oya="1" hai0="101,24,123,133,2,39,95,0,120,63,30,128,67" hai1="10,46,8,28,84,134,1,23,110,11,33,5,7" hai2="76,92,114,47,90,4,60,85,75,3,117,58,78" hai3="6,126,15,21,124,59,97,104,81,115,45,86,82"/><U112/><E112/><V70/><F70/><W103/><G115/><T17/><D39/><U38/><E84/><V55/><F3/><W51/><G59/><T27/><D128/><U26/><E46/><V57/><F4/><N who="1" m="1609" /><E38/><V122/><F75/><W100/><G100/><T99/><D133/><U129/><E134/><V37/><F122/><N who="0" m="46634" /><D17/><N who="1" m="12655" /><E129/><V44/><F117/><W12/><G21/><N who="0" m="15631" /><D27/><N who="1" m="18591" /><E110/><V22/><F114/><W79/><G82/><T35/><D35/><U36/><E36/><V96/><F37/><W132/><G132/><T109/><D109/><U54/><E54/><V48/><F85/><W87/><G87/><T18/><D101/><U135/><E135/><V94/><F94/><W130/><G130/><T41/><D99/><U74/><E74/><V66/><F78/><W89/><G89/><T16/><D95/><U88/><E88/><V32/><F76/><W72/><G72/><T49/><D41/><U102/><E102/><V62/><F62/><W61/><G61/><T13/><D49/><U64/><E64/><V80/><F80/><W65/><G65/><T68/><D63/><U125/><E125/><N who="3" m="48234" /><G6/><AGARI ba="1,0" hai="1,6,8,10,11" m="18591,12655,1609" machi="6" ten="30,12000,1" yaku="35,5" doraHai="56" who="1" fromWho="3" sc="260,0,280,123,220,0,240,-123" /><INIT seed="1,2,0,4,0,93" ten="260,403,220,117" oya="1" hai0="25,30,4,112,102,15,71,126,35,41,33,36,82" hai1="64,83,104,56,24,45,7,80,91,101,115,34,20" hai2="127,87,105,59,21,27,79,8,63,73,118,107,3" hai3="121,72,32,95,31,110,28,11,69,26,135,6,13"/><U66/><E34/><V47/><F73/><W60/><G121/><T88/><D112/><U1/><E1/><V103/><F118/><W5/><G72/><T9/><D126/><U23/><E7/><V130/><F130/><W0/><G135/><T120/><D120/><U128/><E101/><V109/><F109/><W57/><G110/><T84/><D71/><U39/><E104/><V38/><F87/><W17/><G69/><T48/><D36/><U12/><E45/><V51/><F79/><W78/><G78/><T16/><D4/><U108/><E39/><V106/><F38/><W123/><G123/><T62/><D62/><U29/><E115/><V70/><F8/><W124/><G124/><T113/><D113/><U50/><E128/><V125/><F3/><W49/><G31/><T76/><D102/><U10/><E23/><V90/><F70/><W75/><G75/><T94/><D35/><U119/><E119/><V96/><F90/><W117/><G117/><T116/><D116/><U42/><E108/><V129/><F129/><W86/><G49/><T100/><D100/><U89/><E42/><V44/><F44/><W46/><G46/><T99/><REACH who="0" step="1"/><D41/><REACH who="0" ten="250,403,220,117" step="2"/><U97/><E66/><N who="2" m="39295" /><F127/><W54/><G0/><T65/><D65/><U134/><E64/><V53/><F125/><W18/><G5/><T37/><D37/><U132/><E134/><V114/><F114/><W2/><G2/><T74/><D74/><U55/><E132/><V98/><F103/><W92/><G86/><T22/><D22/><U61/><E20/><V131/><F131/><W43/><G43/><RYUUKYOKU ba="2,1" sc="250,10,403,-30,220,10,117,10" hai0="9,15,16,25,30,33,48,76,82,84,88,94,99" hai2="21,27,47,51,53,96,98,105,106,107" hai3="6,11,13,17,18,26,28,32,54,57,60,92,95" /><INIT seed="2,3,1,3,5,116" ten="260,373,230,127" oya="2" hai0="93,113,20,70,133,126,56,102,48,41,26,18,15" hai1="46,80,134,90,79,25,43,40,11,49,22,36,5" hai2="37,127,31,84,81,121,89,66,117,12,88,103,125" hai3="122,44,82,57,28,112,104,83,128,59,132,135,47"/><V131/><F37/><W74/><G104/><T118/><D113/><U30/><E90/><V13/><F66/><W111/><G112/><T32/><D118/><U130/><E130/><V61/><F31/><W54/><G28/><T51/><D126/><N who="2" m="48138" /><F61/><W106/><G106/><T109/><D109/><U17/><E134/><V72/><F117/><W107/><G107/><T39/><D133/><U129/><E129/><V108/><F103/><W123/><G128/><T35/><D70/><U29/><E40/><V101/><F101/><W100/><G100/><T0/><D0/><U77/><E77/><N who="2" m="44199" /><F121/><W115/><G115/><T85/><D39/><U16/><E30/><V23/><F108/><W67/><G67/><T14/><D35/><U76/><E76/><V3/><F3/><W42/><G111/><T95/><D32/><U27/><E27/><V96/><F23/><W87/><G87/><T65/><D41/><U98/><E98/><V69/><F69/><W1/><G1/><T92/><D102/><U10/><E36/><V21/><F21/><W53/><REACH who="3" step="1"/><G42/><REACH who="3" ten="260,373,230,117" step="2"/><T94/><D85/><N who="1" m="48287" /><E11/><V34/><F34/><W68/><G68/><T78/><D65/><U8/><E8/><V45/><F131/><W55/><G55/><T91/><D91/><N who="2" m="34890" /><F96/><W99/><G99/><T62/><D18/><N who="1" m="7275" /><E10/><V71/><F71/><W9/><G9/><T119/><D119/><U7/><AGARI ba="3,2" hai="5,7,22,25,29,43,46,49" m="7275,48287" machi="7" ten="30,2000,0" yaku="8,1,54,1" doraHai="116" who="1" fromWho="1" sc="260,-8,373,49,230,-13,117,-8" /><INIT seed="3,0,0,5,5,41" ten="252,422,217,109" oya="3" hai0="29,69,82,60,22,51,94,76,48,6,12,5,71" hai1="40,57,25,26,97,118,74,128,134,106,32,101,122" hai2="96,130,4,35,103,44,56,77,8,2,115,36,28" hai3="54,78,125,95,135,18,72,84,16,13,10,87,81"/><W100/><G125/><T93/><D71/><U110/><E74/><V126/><F126/><W59/><G135/><T67/><D29/><U17/><E32/><V23/><F23/><W105/><G105/><T91/><D6/><U66/><E122/><V117/><F56/><W102/><G18/><T11/><D22/><U15/><E128/><V38/><F117/><W45/><G72/><T33/><D33/><U123/><E123/><V89/><F89/><N who="3" m="53671" /><G59/><T124/><D124/><U20/><E134/><V65/><F65/><W14/><G14/><T0/><D0/><U133/><E110/><V55/><F115/><W9/><G9/><T88/><D93/><N who="1" m="58543" /><E133/><V24/><F77/><W43/><G43/><T119/><D119/><U34/><E34/><V86/><F86/><W83/><G83/><T104/><D104/><U27/><E106/><V70/><F70/><W112/><G112/><T63/><D63/><N who="1" m="38255" /><E118/><V1/><F2/><W129/><G129/><T114/><D114/><U37/><E37/><V19/><F130/><W46/><G54/><T53/><D53/><U107/><E40/><V99/><F96/><W98/><G98/><N who="0" m="57671" /><D91/><U50/><E107/><V3/><F55/><W39/><G39/><T85/><D69/><U75/><E75/><V47/><F1/><W132/><G132/><T21/><D21/><N who="1" m="11455" /><E50/><N who="0" m="18985" /><D60/><U73/><E73/><V109/><F38/><W49/><G49/><T64/><AGARI ba="0,0" hai="5,11,12,64,67,76,82,85" m="18985,57671" machi="64" ten="30,2000,0" yaku="8,1,54,1" doraHai="41" who="0" fromWho="0" sc="252,20,422,-5,217,-5,109,-10" owari="272,7.0,417,52.0,212,-19.0,99,-40.0" /></mjloggm>