<mjloggm ver="2.3"><GO type="169" lobby="0"/><UN n0="%E3%82%A6%E3%83%AB%E3%83%88%E3%83%A9%E7%AB%8B%E7%9B%B4" n1="%E4%BF%BA%E3%81%AE%E3%83%84%E3%83%A2%E3%82%92%E8%A6%8B%E3%82%8D" n2="%E3%82%B5%E3%83%B3%E3%83%9E%E9%81%93%E6%A5%BD%E4%BB%A3%E8%A1%A8" n3="%EF%BC%91%EF%BC%92%EF%BC%94%EF%BC%98%EF%BC%91%EF%BC%96%EF%BC%93%EF%BC%92" dan="17,16,16,17" rate="2151.70,2014.69,2090.33,2161.77" sx="M,M,M,M"/><TAIKYOKU oya="0"/><INIT seed="0,0,0,3,5,5" ten="250,250,250,250" oya="0" hai0="7,9,104,14,60,109,23,102,81,12,52,20,88" hai1="68,110,39,74,59,69,90,6,98,123,66,122,65" hai2="70,119,56,128,18,92,71,49,24,63,120,117,94" hai3="107,57,73,87,47,127,100,17,113,83,131,114,67"/><T54/><D109/><U0/><E74/><V35/><F120/><W58/><G73/><T105/><D102/><U97/><E39/><V13/><F128/><W38/><G131/><T132/><D132/><U2/><E59/><V76/><F76/><W103/><G127/><T79/><D79/><U51/><E51/><V61/><F49/><W84/><G17/><T99/><D105/><U28/><E28/><V53/><F35/><W121/><G107/><T75/><D104/><U30/><E30/><V86/><F24/><W40/><G47/><T31/><D75/><U37/><E37/><V10/><F71/><W3/><G38/><T133/><D133/><U43/><E43/><V19/><F19/><W82/><G3/><T116/><D116/><N who="2" m="44618" /><F86/><W106/><G106/><T55/><D31/><U64/><E6/><V33/><F33/><W125/><G67/><AGARI ba="0,0" hai="10,13,18,53,56,61,63,67,70,92,94" m="44618" machi="67" ten="30,2000,0" yaku="12,1,52,1" doraHai="5" who="2" fromWho="3" sc="250,0,250,0,250,20,250,-20" /><INIT seed="1,0,0,2,1,34" ten="250,250,270,230" oya="1" hai0="115,42,79,74,7,0,22,86,95,106,73,28,15" hai1="62,56,119,108,10,126,89,29,58,122,90,4,98" hai2="116,121,65,124,21,80,27,5,118,46,110,102,35" hai3="11,8,100,39,93,52,134,125,127,17,75,85,57"/><U12/><E122/><V114/><F121/><W103/><G75/><T76/><D115/><U14/><E119/><V1/><F114/><W133/><G39/><T64/><D64/><U44/><E108/><V13/><F110/><W47/><G47/><T23/><D106/><U71/><E126/><N who="3" m="48138" /><G85/><T109/><D109/><U120/><E120/><V83/><F65/><W67/><G67/><T6/><D28/><U104/><E71/><V9/><F102/><N who="3" m="38955" /><G93/><T31/><D95/><U129/><E104/><V41/><F124/><W87/><G87/><T113/><D86/><U72/><E72/><V25/><F83/><W3/><G17/><T135/><D74/><U78/><E78/><V92/><F92/><W68/><G68/><T84/><D79/><U81/><E44/><V2/><F80/><W61/><G3/><N who="2" m="1033" /><F46/><W24/><G24/><T105/><D76/><U132/><E81/><V36/><F36/><W33/><G33/><T88/><D73/><U111/><E111/><V77/><F77/><W19/><G19/><T53/><D105/><U130/><E98/><V50/><F50/><W99/><G99/><T96/><D96/><U70/><E70/><V40/><F40/><W117/><G117/><N who="2" m="45161" /><F41/><W26/><G26/><N who="2" m="9737" /><F21/><W82/><G82/><T54/><D23/><U91/><E90/><V16/><F35/><W30/><G30/><T97/><D31/><U94/><E29/><V45/><F45/><W55/><G55/><T69/><D54/><U18/><E94/><V128/><F5/><W131/><G52/><T123/><D53/><U20/><E4/><N who="0" m="1577" /><D69/><U43/><E43/><RYUUKYOKU ba="0,0" sc="250,-10,250,-10,270,30,230,-10" hai2="9,13,16,128" /><INIT seed="2,1,0,3,4,31" ten="240,240,300,220" oya="2" hai0="90,120,27,48,5,54,132,128,79,86,50,124,111" hai1="17,94,74,113,81,122,134,57,98,133,44,0,89" hai2="40,126,13,21,45,59,4,91,43,15,22,121,61" hai3="41,9,71,119,70,24,46,118,75,28,99,95,82"/><V97/><F121/><W19/><G19/><T18/><D120/><U47/><E0/><V68/><F68/><W35/><G9/><T85/><D124/><U62/><E122/><V66/><F126/><W108/><G108/><T135/><D111/><U6/><E6/><V83/><F43/><W78/><G71/><T123/><D123/><U2/><E2/><V51/><F13/><W102/><REACH who="3" step="1"/><G70/><REACH who="3" ten="240,240,300,210" step="2"/><T106/><D18/><U76/><E17/><V112/><F112/><W56/><G56/><T36/><D5/><U14/><E113/><V11/><F97/><W55/><G55/><T131/><D54/><N who="1" m="34103" /><E14/><V49/><F49/><AGARI ba="1,1" hai="24,28,35,41,46,49,75,78,82,95,99,102,118,119" machi="49" ten="30,7700,0" yaku="1,1,7,1,52,1,53,1" doraHai="31" doraHaiUra="29" who="3" fromWho="2" sc="240,0,240,0,300,-80,210,90" /><INIT seed="3,0,0,0,1,4" ten="240,240,220,300" oya="3" hai0="54,69,100,36,115,79,114,42,98,3,103,39,94" hai1="78,51,45,34,40,6,0,73,74,86,92,102,62" hai2="1,43,127,93,106,113,19,117,14,109,17,90,85" hai3="121,21,57,104,15,38,29,129,52,77,24,75,60"/><W70/><G121/><T67/><D3/><U56/><E34/><V130/><F113/><N who="0" m="43018" /><D42/><U95/><E95/><V118/><F1/><W135/><G104/><T97/><D79/><U50/><E50/><V134/><F106/><W107/><G107/><N who="0" m="63887" /><D54/><U116/><E116/><V119/><F43/><W49/><G38/><T91/><D91/><U22/><E22/><V101/><F101/><W33/><G77/><T26/><D26/><U31/><E31/><V76/><F109/><W53/><G75/><T84/><D84/><U126/><E74/><V68/><F68/><W8/><G70/><T13/><D13/><U120/><E120/><V48/><F76/><W46/><G33/><T9/><D9/><U108/><E108/><V133/><F48/><W44/><G46/><T41/><D41/><U122/><E122/><V16/><F130/><W61/><G129/><T110/><D110/><U55/><E73/><V112/><F112/><W32/><G32/><T81/><D81/><U88/><E78/><V105/><F105/><W65/><G135/><N who="2" m="51721" /><F127/><W123/><G123/><T58/><D58/><U10/><REACH who="1" step="1"/><E102/><REACH who="1" ten="240,230,220,300" step="2"/><V37/><F37/><W80/><G80/><T89/><D103/><U87/><E87/><V66/><F66/><W27/><G65/><T11/><D36/><U72/><E72/><V59/><F59/><W20/><G57/><T64/><D39/><U131/><E131/><V18/><F119/><W28/><REACH who="3" step="1"/><G53/><REACH who="3" ten="240,230,220,290" step="2"/><T111/><D111/><U71/><E71/><V23/><AGARI ba="0,2" hai="14,16,17,18,19,23,85,90,93,117,118" m="51721" machi="23" ten="30,2000,0" yaku="20,1,54,1" doraHai="4" who="2" fromWho="2" sc="240,-5,230,-5,220,40,290,-10" /><INIT seed="4,0,0,1,1,69" ten="235,225,260,280" oya="0" hai0="24,88,100,23,26,2,46,101,78,56,47,3,1" hai1="38,103,10,16,90,13,74,98,68,15,126,65,42" hai2="25,18,127,22,93,77,107,133,48,35,76,36,12" hai3="14,50,129,45,40,41,102,128,86,0,92,81,17"/><T30/><D78/><U132/><E74/><V91/><F107/><W83/><G0/><T111/><D111/><U33/><E33/><V99/><F133/><W114/><G114/><T116/><D116/><U55/><E132/><V109/><F109/><W110/><G110/><T6/><D6/><U59/><E126/><V7/><F127/><W64/><G64/><T97/><D56/><U71/><E90/><V73/><F73/><W53/><G128/><T125/><D125/><U104/><E65/><V117/><F117/><W66/><G66/><T21/><D88/><U105/><E105/><V60/><F60/><W31/><G31/><T8/><D8/><U19/><E42/><N who="3" m="16490" /><G129/><T80/><D80/><U34/><E38/><V54/><F36/><W51/><G51/><T72/><D72/><U39/><E39/><V52/><F54/><W29/><G29/><T113/><D113/><U75/><E34/><V119/><F119/><W123/><G123/><T37/><D37/><U87/><E87/><V135/><F135/><W85/><G102/><T84/><D84/><N who="3" m="32361" /><G92/><T106/><REACH who="0" step="1"/><D101/><REACH who="0" ten="225,225,260,280" step="2"/><U70/><E75/><V61/><F61/><W79/><G79/><T28/><AGARI ba="0,1" hai="1,2,3,21,23,24,26,28,30,46,47,97,100,106" machi="28" ten="30,11700,0" yaku="1,1,2,1,0,1,9,1,53,0" doraHai="69" doraHaiUra="130" who="0" fromWho="0" sc="225,127,225,-39,260,-39,280,-39" /><INIT seed="4,1,0,4,0,43" ten="352,186,221,241" oya="0" hai0="102,104,133,23,106,71,100,35,13,25,92,41,109" hai1="81,58,84,52,20,51,123,39,68,118,0,96,115" hai2="60,29,87,130,15,42,74,91,28,48,17,24,10" hai3="135,4,7,46,67,76,2,6,26,30,90,3,38"/><T18/><D71/><U27/><E123/><V21/><F74/><W9/><G135/><T36/><D133/><U62/><E118/><V107/><F107/><W73/><G67/><T80/><D109/><U11/><E115/><V103/><F103/><W75/><G90/><T110/><D110/><U66/><E96/><V85/><F85/><W31/><G31/><T111/><D111/><U8/><E39/><V44/><F130/><W89/><G89/><T77/><D92/><U57/><E68/><V22/><F60/><W78/><G78/><T59/><D59/><U114/><E0/><V72/><F72/><W127/><G127/><T5/><D102/><U37/><E37/><V79/><F79/><W14/><G14/><T120/><D100/><U126/><E126/><V97/><F97/><W132/><G132/><T70/><D70/><U93/><E93/><V32/><REACH who="2" step="1"/><F28/><REACH who="2" ten="352,186,211,241" step="2"/><W69/><G76/><T131/><D131/><U116/><E116/><V112/><F112/><W129/><G129/><T99/><D99/><U50/><E114/><V47/><F47/><W61/><G75/><T122/><D106/><U16/><E50/><V65/><F65/><N who="3" m="41135" /><G73/><N who="0" m="43055" /><D104/><U124/><E124/><V40/><F40/><W95/><G46/><T33/><D122/><U101/><E101/><V45/><F45/><W105/><G105/><T88/><D120/><U49/><E49/><V117/><F117/><W125/><G125/><T1/><D36/><U121/><E121/><V108/><F108/><W63/><G38/><T64/><D64/><U128/><E128/><V134/><F134/><W53/><G63/><RYUUKYOKU ba="1,1" sc="352,-15,186,15,211,15,241,-15" hai1="8,11,16,20,27,51,52,57,58,62,66,81,84" hai2="10,15,17,21,22,24,29,32,42,44,48,87,91" /><INIT seed="5,2,1,1,1,29" ten="337,201,226,226" oya="1" hai0="22,19,116,15,26,70,103,95,50,34,44,1,31" hai1="59,131,89,35,125,61,99,87,24,40,10,97,20" hai2="49,48,79,4,42,92,69,66,45,62,32,65,106" hai3="112,85,90,118,54,51,23,73,55,104,0,27,52"/><U30/><E125/><V14/><F106/><W78/><G104/><T37/><D70/><U28/><E131/><V36/><F79/><W93/><G0/><T84/><D116/><U111/><E111/><V77/><F77/><W113/><G118/><T121/><D121/><U57/><E40/><V3/><F3/><W9/><G9/><T123/><D1/><U64/><E10/><V135/><F135/><W134/><G134/><T11/><D37/><U67/><E30/><V75/><F75/><W80/><REACH who="3" step="1"/><G51/><REACH who="3" ten="337,201,226,216" step="2"/><T74/><D11/><U7/><E7/><V129/><F49/><W13/><G13/><T71/><D15/><U132/><E132/><V102/><F14/><W6/><G6/><T133/><D50/><U119/><E119/><V58/><F4/><W126/><G126/><T101/><D133/><U2/><E2/><V17/><F48/><W5/><G5/><T110/><D44/><U105/><E105/><V38/><F45/><W127/><G127/><T8/><D8/><U122/><E122/><V68/><F36/><W83/><G83/><T115/><D123/><U41/><E41/><V47/><F47/><W86/><G86/><T25/><D84/><U46/><E46/><V16/><F42/><W82/><G82/><T124/><D124/><U39/><E39/><V100/><F38/><W117/><G117/><T56/><D74/><U120/><E120/><V72/><F72/><W91/><G91/><T60/><D110/><U96/><E89/><V109/><F109/><W128/><G128/><T88/><D88/><U130/><E130/><V107/><F129/><RYUUKYOKU ba="2,2" sc="337,-10,201,-10,226,-10,216,30" hai3="23,27,52,54,55,73,78,80,85,90,93,112,113" /><INIT seed="6,3,2,3,3,93" ten="327,191,216,246" oya="2" hai0="96,3,9,20,88,79,62,80,102,75,55,40,41" hai1="122,111,49,134,6,48,77,33,8,70,18,36,125" hai2="106,37,86,10,63,74,14,23,97,108,72,39,67" hai3="50,25,1,4,131,123,73,110,47,101,103,43,54"/><V132/><F132/><W59/><G110/><T120/><D120/><U126/><E36/><V21/><F108/><W124/><G123/><T115/><D115/><U87/><E122/><V109/><F109/><W52/><G73/><T128/><D128/><U94/><E111/><V71/><F74/><W26/><G131/><T95/><D20/><U45/><E70/><V107/><F72/><W61/><G124/><N who="1" m="47722" /><E134/><V32/><F107/><W129/><G129/><T46/><D9/><U60/><E60/><V28/><F86/><W0/><G0/><T76/><D76/><U66/><E66/><V53/><F53/><N who="3" m="34031" /><G1/><T116/><D3/><N who="1" m="95" /><E33/><V82/><F82/><W30/><G4/><T65/><D116/><U85/><E18/><N who="2" m="8535" /><F39/><W68/><G68/><T104/><D55/><N who="3" m="21033" /><G30/><T119/><D46/><U127/><E127/><V100/><F37/><W29/><G29/><T105/><D119/><U5/><E5/><V99/><F99/><W27/><AGARI ba="3,2" hai="25,26,27,43,47,50,101,103" m="21033,34031" machi="27" ten="30,2000,0" yaku="8,1,54,1" doraHai="93" who="3" fromWho="3" sc="327,-8,191,-8,216,-13,246,49" /><INIT seed="7,0,0,2,5,86" ten="319,183,203,295" oya="3" hai0="100,57,133,16,79,122,7,63,72,113,56,43,128" hai1="130,121,84,9,28,109,117,70,3,89,48,41,5" hai2="73,68,13,58,131,25,92,50,80,36,31,125,24" hai3="40,62,127,29,75,11,49,53,123,93,81,10,33"/><W98/><G123/><T94/><D7/><U60/><E121/><V38/><F68/><W51/><G127/><T61/><D43/><U52/><E109/><V114/><F125/><W12/><G33/><T26/><D79/><U6/><E117/><V106/><F106/><W115/><G29/><T76/><D76/><U55/><E130/><V110/><F110/><W90/><G115/><T54/><D72/><U103/><E28/><V124/><F124/><W101/><G75/><T120/><D128/><U23/><E23/><V134/><F131/><W82/><G62/><T85/><D133/><U83/><E103/><V116/><F116/><W71/><G71/><T87/><D113/><U1/><E70/><V44/><F114/><W66/><G66/><T78/><D78/><U135/><E135/><V37/><F134/><W99/><G40/><T32/><D32/><U65/><E65/><V19/><F80/><N who="3" m="30827" /><G51/><T45/><D63/><U108/><E108/><V104/><F104/><W22/><G22/><N who="0" m="13639" /><D61/><U118/><E118/><V39/><F73/><W47/><G12/><T14/><D14/><U129/><E129/><V119/><F119/><W17/><G17/><T91/><D122/><U97/><E60/><V21/><F31/><W126/><G126/><T88/><D100/><U64/><E64/><V20/><F37/><W27/><G27/><T18/><D18/><U0/><E0/><V132/><F132/><W34/><G34/><T102/><D102/><U15/><E3/><V4/><F25/><W107/><G107/><T112/><D120/><U69/><E1/><V74/><F74/><RYUUKYOKU ba="0,0" sc="319,-10,183,-10,203,-10,295,30" hai3="10,11,47,49,53,90,93,98,99,101" owari="309,11.0,173,-33.0,193,-21.0,325,43.0" /></mjloggm>