<mjloggm ver="2.3"><GO type="41" lobby="0"/><UN n0="%74%61%7A%75%79%61" n1="%E5%B0%B1%E6%B4%BB%E7%94%9F%40%E5%B7%9D%E6%9D%91%E8%BB%8D%E5%9B%A3" n2="%66%69%6E%76%65%73" n3="%E4%B8%83%E4%BA%94%E4%B8%89" dan="14,14,13,15" rate="1926.54,1955.36,1823.11,1845.87" sx="M,M,M,M"/><TAIKYOKU oya="0"/><INIT seed="0,0,0,0,1,95" ten="250,250,250,250" oya="0" hai0="25,26,66,60,134,33,30,52,89,101,122,15,23" hai1="124,51,114,2,81,3,64,55,63,4,112,27,132" hai2="97,28,9,37,24,82,105,65,48,20,39,91,109" hai3="59,128,50,98,68,43,80,92,88,103,87,119,31"/><T121/><D134/><U14/><E132/><V21/><F109/><W67/><G128/><T5/><D5/><U117/><E117/><V133/><F133/><W70/><G119/><T1/><D1/><U135/><E135/><V130/><F130/><W100/><G31/><T41/><D41/><U61/><E124/><V115/><F115/><N who="1" m="44073" /><E27/><V102/><F65/><W106/><G43/><T53/><D15/><U75/><E75/><V57/><F9/><W93/><G67/><T71/><D122/><U29/><E29/><V125/><F125/><W127/><G127/><T111/><D111/><U32/><E32/><V76/><F91/><W126/><G126/><T73/><D73/><U7/><E81/><V94/><F105/><W40/><G106/><T78/><D78/><U13/><E13/><V49/><F20/><W85/><G70/><T16/><D121/><U84/><E84/><V74/><F49/><W34/><G68/><T90/><D101/><N who="3" m="38985" /><G34/><T129/><D129/><U99/><E99/><V35/><F35/><W120/><G120/><T56/><REACH who="0" step="1"/><D53/><REACH who="0" ten="240,250,250,250" step="2"/><U83/><E14/><V108/><F108/><W38/><G40/><T6/><D6/><U118/><E4/><V46/><F57/><W18/><G38/><T17/><D17/><U113/><E7/><V131/><F131/><W22/><G18/><T110/><D110/><U42/><E113/><V8/><F8/><W69/><G22/><T54/><D54/><AGARI ba="0,1" hai="21,24,28,37,39,46,48,54,74,76,82,94,97,102" machi="54" ten="30,2000,0" yaku="7,1,52,1" doraHai="95" who="2" fromWho="0" sc="240,-20,250,0,250,30,250,0" /><INIT seed="1,0,0,2,5,89" ten="220,250,280,250" oya="1" hai0="38,71,10,64,129,132,37,116,107,92,95,25,54" hai1="55,1,113,119,91,128,40,115,76,72,114,53,44" hai2="131,45,19,135,83,32,59,90,126,33,3,12,63" hai3="134,94,78,100,49,7,103,86,26,123,30,81,20"/><U130/><E1/><V66/><F126/><W2/><G123/><T16/><D107/><U93/><E119/><V39/><F135/><W133/><G49/><T43/><D116/><U48/><E76/><V47/><F131/><N who="1" m="50217" /><E72/><V80/><F3/><W61/><G2/><T104/><D132/><N who="3" m="50793" /><G7/><T31/><D104/><U57/><E57/><V127/><F127/><W5/><G5/><T23/><D71/><U82/><E82/><V87/><F39/><W28/><G61/><T110/><D64/><U88/><E91/><V70/><F70/><W62/><G62/><T118/><D38/><U34/><E34/><V6/><F6/><W60/><G60/><T56/><D118/><U109/><E109/><V8/><F32/><W85/><G30/><T50/><D110/><U106/><E106/><V112/><F33/><W52/><G52/><N who="1" m="20042" /><E115/><V22/><F8/><W108/><G108/><T77/><D129/><U4/><E4/><V121/><F112/><W58/><G58/><T117/><D117/><U96/><AGARI ba="0,0" hai="40,44,48,88,93,96,113,114" m="20042,50217" machi="96" ten="30,11700,0" yaku="19,1,52,1,54,2" doraHai="89" who="1" fromWho="1" sc="220,-39,250,117,280,-39,250,-39" /><INIT seed="1,1,0,2,0,122" ten="181,367,241,211" oya="1" hai0="125,70,113,3,115,28,128,119,47,104,80,25,61" hai1="107,121,45,90,37,81,9,34,117,18,62,106,33" hai2="19,89,53,59,127,48,4,74,31,91,76,64,123" hai3="72,7,30,109,102,73,92,103,11,35,57,12,85"/><U135/><E117/><V54/><F123/><W46/><G73/><T5/><D119/><U95/><E121/><V69/><F127/><W79/><G72/><T112/><D125/><U101/><E135/><V124/><F124/><W118/><G118/><T42/><D80/><U23/><E81/><V58/><F31/><W55/><G46/><T15/><D15/><U13/><E101/><V26/><F4/><W38/><G38/><T14/><D14/><U120/><E120/><V84/><F74/><W133/><G133/><T21/><D128/><U1/><E62/><V130/><F130/><W8/><G8/><T116/><D116/><U67/><E67/><V93/><F64/><W27/><G109/><T111/><D61/><U71/><E71/><V52/><F69/><W66/><G66/><T88/><D111/><U43/><E106/><V50/><F76/><W44/><G44/><T68/><D104/><U6/><REACH who="1" step="1"/><E107/><REACH who="1" ten="181,357,241,211" step="2"/><V24/><F19/><W98/><G103/><T129/><D70/><U87/><AGARI ba="1,1" hai="1,6,9,13,18,23,33,34,37,43,45,87,90,95" machi="87" ten="20,7800,0" yaku="1,1,2,1,0,1,7,1,53,0" doraHai="122" doraHaiUra="56" who="1" fromWho="1" sc="181,-27,357,91,241,-27,211,-27" /><INIT seed="1,2,0,3,1,135" ten="154,448,214,184" oya="1" hai0="13,51,76,95,100,8,80,113,12,131,33,65,44" hai1="30,93,0,24,134,68,61,78,85,35,77,62,56" hai2="59,58,121,29,9,28,125,107,111,52,64,82,49" hai3="1,34,128,25,92,4,54,74,32,47,41,11,15"/><U101/><E0/><V122/><F107/><W5/><G128/><T120/><D33/><U97/><E134/><V27/><F9/><W70/><G70/><T99/><D113/><U40/><E40/><V21/><F111/><W87/><G74/><T94/><D131/><U91/><E68/><V119/><F119/><W42/><G54/><T48/><D65/><U106/><REACH who="1" step="1"/><E62/><REACH who="1" ten="154,438,214,184" step="2"/><V88/><F121/><W18/><G42/><T2/><D120/><U96/><E96/><V98/><F122/><W86/><G1/><T17/><D2/><U117/><E117/><V115/><F115/><W116/><G116/><T90/><D51/><U55/><AGARI ba="2,1" hai="24,30,35,55,56,61,77,78,85,91,93,97,101,106" machi="55" ten="20,3900,0" yaku="1,1,0,1,7,1,53,0" doraHai="135" doraHaiUra="126" who="1" fromWho="1" sc="154,-15,438,55,214,-15,184,-15" /><INIT seed="1,3,0,5,2,21" ten="139,493,199,169" oya="1" hai0="46,25,15,79,6,30,98,17,62,48,36,77,86" hai1="131,94,74,102,55,16,39,133,105,60,109,12,32" hai2="70,119,58,38,125,68,34,3,126,59,10,83,51" hai3="73,89,107,108,27,11,33,4,52,22,87,57,31"/><U121/><E105/><V96/><F34/><W41/><G108/><T56/><D36/><U88/><E121/><V84/><F38/><W45/><G107/><T28/><D6/><U50/><E39/><V111/><F119/><W100/><G100/><T91/><D98/><U65/><E74/><V2/><F96/><W112/><G73/><T75/><D75/><U85/><E32/><V120/><F120/><W20/><G112/><T0/><D0/><U132/><E109/><V124/><F111/><W9/><G45/><T66/><D77/><U8/><E102/><V99/><F99/><W130/><G41/><T35/><D30/><U64/><E131/><V18/><F51/><W134/><G134/><N who="1" m="51818" /><E60/><V103/><F103/><W14/><G11/><T42/><D79/><U54/><E54/><V115/><F2/><W69/><G69/><T82/><D15/><U114/><E114/><V104/><F104/><W76/><G76/><T110/><D110/><U19/><E19/><V113/><F18/><W127/><G127/><T5/><D17/><U92/><E92/><V81/><F10/><W43/><G43/><T7/><AGARI ba="3,0" hai="5,7,25,28,35,42,46,48,56,62,66,82,86,91" machi="7" ten="30,2000,0" yaku="0,1,52,1" doraHai="21" who="0" fromWho="0" sc="139,29,493,-13,199,-8,169,-8" /><INIT seed="2,0,0,3,5,86" ten="168,480,191,161" oya="2" hai0="95,132,30,91,109,71,128,24,106,121,115,81,98" hai1="99,130,32,92,15,63,100,116,7,10,119,53,0" hai2="112,51,76,48,13,73,134,102,45,67,72,33,2" hai3="50,79,96,62,120,124,129,87,82,29,135,127,84"/><V61/><F33/><W42/><G120/><T103/><D121/><U101/><E32/><V74/><F2/><W19/><G29/><T44/><D115/><U123/><E123/><V3/><F3/><W41/><G135/><T54/><D132/><U77/><E130/><V125/><F112/><W16/><G129/><T80/><D109/><U60/><E77/><V64/><F102/><W43/><G96/><T22/><D71/><U52/><E0/><V36/><F125/><N who="3" m="48203" /><G62/><N who="1" m="23594" /><E119/><V122/><F122/><W39/><G39/><T94/><D106/><U93/><E116/><V117/><F117/><W4/><G4/><T126/><D128/><U12/><E12/><V27/><F27/><W6/><G6/><T58/><D44/><U18/><E7/><V9/><F76/><W113/><G113/><T28/><D28/><U108/><E108/><V23/><F23/><W59/><G87/><N who="0" m="52607" /><D126/><U105/><E105/><V17/><F36/><W11/><G11/><T131/><D131/><U89/><E101/><V104/><F104/><W46/><G59/><T5/><D5/><U114/><E114/><V88/><F134/><W57/><G57/><T55/><D58/><U78/><E78/><V38/><F38/><W118/><G118/><T20/><D20/><U37/><E37/><V90/><F51/><W40/><AGARI ba="0,0" hai="16,19,40,41,42,43,46,50,79,82,84" m="48203" machi="40" ten="30,2000,0" yaku="18,1,54,1" doraHai="86" who="3" fromWho="3" sc="168,-5,480,-5,191,-10,161,20" /><INIT seed="3,0,0,4,2,23" ten="163,475,181,181" oya="3" hai0="120,84,6,92,19,93,48,1,11,104,32,113,87" hai1="53,74,80,66,49,2,75,13,0,54,24,46,124" hai2="8,121,42,127,111,52,102,29,134,100,30,105,44" hai3="35,117,132,115,9,129,133,34,61,81,16,14,98"/><W70/><G115/><T65/><D104/><U97/><E124/><V107/><F121/><W135/><G117/><T62/><D120/><U125/><E125/><V22/><F111/><W69/><G129/><T7/><D113/><U63/><E13/><V21/><F127/><W91/><G61/><T119/><D119/><U41/><E97/><V27/><F8/><W51/><G51/><T56/><D48/><U76/><E74/><V88/><F134/><W78/><G98/><T123/><D32/><N who="3" m="12329" /><G91/><N who="0" m="53351" /><D1/><U68/><E53/><V73/><F73/><AGARI ba="0,0" hai="9,14,16,69,70,73,78,81,132,133,135" m="12329" machi="73" ten="40,3900,0" yaku="20,1,54,1" doraHai="23" who="3" fromWho="2" sc="163,0,475,0,181,-39,181,39" /><INIT seed="3,1,0,4,0,54" ten="163,475,142,220" oya="3" hai0="50,32,123,20,119,133,84,75,14,77,115,108,49" hai1="65,134,59,114,88,23,1,99,9,41,97,70,21" hai2="27,118,10,61,6,39,95,48,93,68,124,3,105" hai3="52,2,13,121,86,35,28,76,67,128,101,31,53"/><W30/><G2/><T72/><D32/><U38/><E70/><V120/><F118/><W94/><G35/><T12/><D123/><U62/><E114/><V131/><F120/><W82/><G121/><T96/><D119/><U122/><E122/><V129/><F105/><W89/><G128/><N who="2" m="49225" /><F39/><W44/><G13/><T4/><D115/><U40/><E134/><V80/><F80/><W51/><G101/><T85/><D108/><U116/><E116/><V57/><F27/><W78/><G67/><T69/><D69/><U130/><E130/><V83/><F83/><W55/><REACH who="3" step="1"/><G78/><REACH who="3" ten="163,475,142,210" step="2"/><T22/><D77/><U43/><E1/><V42/><F124/><W24/><G24/><T113/><D113/><U63/><E38/><V126/><F126/><W36/><G36/><T29/><D133/><U104/><E104/><V127/><F127/><W19/><G19/><T47/><D4/><U111/><E111/><V135/><F135/><W0/><G0/><T7/><D7/><U5/><E23/><V15/><F3/><W56/><G56/><T100/><D22/><U58/><E21/><V103/><F103/><W26/><G26/><T25/><D14/><N who="1" m="5423" /><E88/><V45/><F68/><W110/><G110/><T16/><D12/><U66/><AGARI ba="1,1" hai="40,41,43,58,59,62,63,65,66,97,99" m="5423" machi="66" ten="30,4000,0" yaku="8,1,52,2" doraHai="54" who="1" fromWho="1" sc="163,-11,475,53,142,-11,210,-21" /><INIT seed="4,0,0,1,1,15" ten="152,528,131,189" oya="0" hai0="39,25,113,96,71,73,17,54,116,9,72,20,3" hai1="121,27,61,64,103,46,63,109,0,36,108,107,102" hai2="77,117,41,115,98,5,2,135,45,94,66,1,101" hai3="55,75,48,111,23,68,76,130,59,126,58,69,30"/><T67/><D116/><U99/><E121/><V78/><F117/><W114/><G111/><T124/><D39/><U106/><E0/><V32/><F115/><W14/><BYE who="2" /><G76/><T89/><D113/><U37/><E27/><V13/><F13/><W62/><G75/><T29/><D124/><U112/><E112/><V49/><F49/><W129/><G114/><T47/><D67/><U12/><E12/><V133/><F133/><W16/><G126/><T24/><D71/><U97/><E46/><V52/><F52/><N who="3" m="34119" /><G30/><T65/><D65/><AGARI ba="0,0" hai="36,37,61,63,64,65,97,99,102,103,106,107,108,109" machi="65" ten="25,1600,0" yaku="22,2" doraHai="15" who="1" fromWho="0" sc="152,-16,528,16,131,0,189,0" /><INIT seed="5,0,0,2,1,117" ten="136,544,131,189" oya="1" hai0="116,127,19,47,124,23,86,95,85,17,125,38,118" hai1="56,51,63,3,88,89,70,75,50,15,130,90,97" hai2="59,41,16,46,30,11,132,78,123,64,67,62,115" hai3="32,84,102,39,12,54,111,74,24,61,121,25,21"/><U4/><E130/><V69/><F69/><W92/><G74/><T99/><D38/><U35/><E70/><V73/><F73/><W135/><G111/><T103/><D47/><U7/><E35/><V98/><F98/><W33/><G39/><T18/><REACH who="0" step="1"/><D23/><REACH who="0" ten="126,544,131,189" step="2"/><U81/><E3/><V100/><F100/><W134/><G21/><T96/><D96/><U36/><E36/><V110/><F110/><W27/><G33/><T65/><D65/><U52/><E97/><V101/><F101/><W48/><G32/><T122/><D122/><U0/><E0/><V112/><F112/><W5/><G121/><T82/><D82/><U2/><E2/><V60/><F60/><W105/><G102/><T80/><D80/><U76/><REACH who="1" step="1"/><E15/><REACH who="1" ten="126,534,131,189" step="2"/><V57/><F57/><W13/><G12/><T126/><N who="0" m="32256" /><DORA hai="55" /><T104/><D104/><U83/><E83/><V43/><F43/><W106/><G105/><T34/><D34/><U113/><E113/><V93/><F93/><W119/><G106/><T14/><D14/><U129/><E129/><V45/><F45/><W29/><G13/><T68/><D68/><U107/><E107/><V72/><F72/><W79/><G135/><T71/><D71/><U66/><E66/><V58/><F58/><W131/><G134/><T109/><D109/><U37/><E37/><V9/><F9/><W94/><G131/><T133/><D133/><U114/><E114/><V22/><F22/><W42/><G119/><AGARI ba="0,2" hai="17,18,19,85,86,95,99,103,116,118,119" m="32256" machi="119" ten="70,8000,1" yaku="1,1,18,1,53,1" doraHai="117,55" doraHaiUra="44,91" who="0" fromWho="3" sc="126,100,534,0,131,0,189,-80" /><INIT seed="6,0,0,2,2,133" ten="226,534,131,109" oya="2" hai0="111,115,130,84,4,39,45,105,72,83,118,28,123" hai1="98,131,66,75,22,7,53,21,127,120,106,35,40" hai2="64,47,42,74,26,1,85,58,116,67,100,50,34" hai3="32,71,122,57,8,103,33,92,126,76,11,46,49"/><V5/><F5/><W89/><G71/><T70/><RYUUKYOKU type="yao9" ba="0,0" sc="226,0,534,0,131,0,109,0" hai0="4,28,39,45,70,72,83,84,105,111,115,118,123,130" /><INIT seed="6,1,0,1,0,30" ten="226,534,131,109" oya="2" hai0="13,33,121,3,96,129,122,123,75,48,112,68,32" hai1="114,77,101,126,67,62,124,40,94,1,47,128,65" hai2="106,49,89,83,27,118,79,132,50,58,12,35,98" hai3="16,131,80,39,88,22,82,6,15,11,21,104,87"/><V43/><F43/><W110/><G39/><T117/><D75/><U95/><E1/><V72/><F72/><W42/><G104/><T7/><D68/><U120/><E120/><V69/><F69/><W63/><G42/><T78/><D78/><U53/><E114/><V102/><F102/><W73/><G131/><T85/><D96/><U29/><E128/><V28/><F28/><W51/><G110/><T99/><D99/><U92/><E101/><V44/><F44/><W23/><G63/><T90/><D3/><U52/><E29/><V113/><F113/><W19/><G51/><T10/><D112/><U46/><E77/><V130/><F130/><W41/><G41/><T127/><D129/><U18/><E18/><V76/><F76/><W109/><G109/><T54/><D127/><N who="1" m="48683" /><E65/><V66/><F66/><W45/><G45/><N who="1" m="16906" /><E40/><V17/><F17/><N who="3" m="6731" /><G73/><T108/><D108/><U0/><E0/><V31/><F31/><W70/><G70/><AGARI ba="1,0" hai="52,53,62,67,70,92,94,95" m="16906,48683" machi="70" ten="30,2000,0" yaku="18,1,54,1" doraHai="30" who="1" fromWho="3" sc="226,0,534,23,131,0,109,-23" /><INIT seed="7,0,0,3,3,113" ten="226,557,131,86" oya="3" hai0="135,64,83,110,38,35,5,114,111,133,70,72,115" hai1="106,96,126,122,124,85,59,102,10,23,39,48,46" hai2="104,42,53,89,65,95,16,123,6,34,100,40,12" hai3="41,49,17,103,77,117,67,60,107,118,98,11,128"/><W84/><G84/><T90/><D38/><U9/><E122/><V101/><F101/><W99/><G77/><N who="0" m="44455" /><D35/><U75/><E75/><V55/><F55/><W93/><G41/><T3/><D90/><U74/><E74/><V63/><F63/><W47/><G128/><T8/><D64/><U78/><E39/><V44/><F44/><W31/><G31/><T4/><D4/><U32/><E32/><V29/><F29/><W76/><G76/><T71/><D114/><U97/><E97/><V121/><F121/><W132/><G11/><N who="1" m="4106" /><E23/><V109/><F109/><N who="0" m="41482" /><D115/><U81/><E59/><V24/><F24/><W105/><G17/><T87/><D87/><U86/><E81/><V68/><F68/><AGARI ba="0,0" hai="3,5,8,68,70,71,133,135" m="41482,44455" machi="68" ten="30,1000,0" yaku="23,1" doraHai="113" who="0" fromWho="2" sc="226,10,557,0,131,-10,86,0" owari="236,4.0,557,65.0,121,-28.0,86,-41.0" /></mjloggm>