<mjloggm ver="2.3"><GO type="169" lobby="0"/><UN n0="%4B%E3%80%82" n1="%E3%82%A6%E3%83%AB%E3%83%88%E3%83%A9%E7%AB%8B%E7%9B%B4" n2="%65%69%6B%31" n3="%E6%96%B0%E6%BD%9F%E3%83%89%E3%83%A9%E3%82%B4%E3%83%B3" dan="17,17,17,16" rate="2170.07,2210.08,2138.77,2061.86" sx="M,M,M,M"/><TAIKYOKU oya="0"/><INIT seed="0,0,0,1,2,58" ten="250,250,250,250" oya="0" hai0="79,127,129,59,62,116,73,40,94,69,78,119,77" hai1="117,31,125,1,96,37,106,39,33,38,92,110,104" hai2="26,30,81,5,42,113,16,102,82,36,99,20,72" hai3="135,47,50,0,87,131,93,130,44,11,15,122,114"/><T56/><D73/><U105/><E117/><V103/><F113/><W100/><G114/><T112/><D112/><U61/><E125/><V13/><F5/><W115/><G115/><T64/><D127/><U34/><E110/><V97/><F36/><W9/><G135/><T52/><D129/><U76/><E76/><V80/><F42/><W83/><G0/><T120/><D120/><U88/><E1/><V66/><F72/><W17/><G122/><T95/><D40/><U23/><REACH who="1" step="1"/><E61/><REACH who="1" ten="250,240,250,250" step="2"/><V22/><REACH who="2" step="1"/><F66/><REACH who="2" ten="250,240,240,250" step="2"/><W123/><G123/><T49/><D119/><U85/><E85/><V18/><F18/><W14/><G130/><T46/><D116/><U4/><E4/><V12/><F12/><W21/><G131/><T19/><D19/><U70/><E70/><V126/><F126/><W10/><G15/><T108/><D108/><U53/><E53/><V124/><F124/><W89/><G14/><T51/><REACH who="0" step="1"/><D69/><REACH who="0" ten="240,240,240,250" step="2"/><U25/><AGARI ba="0,3" hai="23,25,31,33,34,37,38,39,88,92,96,104,105,106" machi="25" ten="40,5200,0" yaku="1,1,0,1,54,1,53,0" doraHai="58" doraHaiUra="60" who="1" fromWho="1" sc="240,-26,240,82,240,-13,250,-13" /><INIT seed="1,0,0,0,0,35" ten="214,322,227,237" oya="1" hai0="112,36,42,121,98,114,123,33,79,95,8,30,129" hai1="13,96,12,128,28,97,135,111,14,39,43,126,38" hai2="105,27,50,92,110,125,76,22,113,75,9,99,41" hai3="124,93,133,101,65,57,48,45,72,100,26,32,69"/><U68/><E68/><V0/><F105/><W74/><G69/><T89/><D79/><U117/><E117/><V119/><F119/><W108/><G108/><T67/><D129/><U53/><E43/><V115/><F110/><W62/><G133/><T5/><D67/><U71/><E71/><V103/><F125/><W66/><G66/><T15/><D33/><U47/><E111/><V44/><F76/><W81/><G124/><T34/><D34/><U51/><E126/><V17/><REACH who="2" step="1"/><F75/><REACH who="2" ten="214,322,217,237" step="2"/><W20/><G74/><T19/><D121/><U29/><E128/><V37/><F37/><W2/><G72/><T88/><D123/><U55/><E135/><V4/><AGARI ba="0,1" hai="0,4,9,17,22,27,41,44,50,92,99,103,113,115" machi="4" ten="30,4000,0" yaku="1,1,0,1,52,1,53,0" doraHai="35" doraHaiUra="85" who="2" fromWho="2" sc="214,-10,322,-20,217,50,237,-10" /><INIT seed="2,0,0,2,0,80" ten="204,302,267,227" oya="2" hai0="113,72,121,66,124,127,67,131,48,118,132,6,81" hai1="34,55,22,10,76,74,111,39,104,52,13,25,112" hai2="126,32,91,19,40,21,69,31,41,1,36,2,33" hai3="128,122,43,110,37,42,7,51,59,16,109,107,8"/><V17/><F69/><W120/><G107/><T38/><D6/><U20/><E112/><V14/><F36/><W99/><G128/><T65/><D113/><U92/><E104/><V86/><F126/><N who="0" m="48170" /><D72/><U47/><E111/><N who="3" m="42506" /><G99/><T73/><D121/><N who="3" m="46697" /><G16/><T11/><D11/><U75/><E34/><V18/><F18/><W123/><N who="3" m="46705" /><W106/><DORA hai="95" /><G106/><T5/><D38/><U87/><E22/><V125/><F125/><W23/><G23/><T94/><D5/><U26/><E20/><V60/><F19/><W79/><G79/><T70/><D70/><U116/><E76/><V64/><F33/><W49/><G37/><T130/><D131/><U68/><E10/><V135/><F32/><W46/><G8/><T9/><D9/><U3/><E26/><V97/><F97/><W57/><G7/><T62/><D130/><U56/><E25/><V45/><F21/><W35/><G35/><T90/><D73/><U15/><E74/><V117/><F17/><W119/><G119/><T4/><D4/><U53/><E75/><V88/><F117/><W61/><G61/><T28/><D62/><U29/><E116/><V58/><F60/><W102/><G102/><T24/><D118/><U103/><E103/><V134/><F91/><W54/><G43/><T96/><D90/><U133/><E39/><V12/><F41/><W0/><G0/><T93/><D96/><U82/><E3/><V108/><F1/><W71/><G71/><T105/><D105/><U27/><E68/><V50/><F108/><W100/><G100/><T84/><D24/><U77/><E27/><RYUUKYOKU ba="0,0" sc="204,-10,302,-10,267,-10,227,30" hai3="42,46,49,51,54,57,59" /><INIT seed="3,1,0,2,3,37" ten="194,292,257,257" oya="3" hai0="8,102,6,112,2,61,54,45,120,106,127,44,108" hai1="111,30,63,125,67,135,49,85,119,35,98,50,123" hai2="126,97,134,90,48,12,104,82,5,76,115,27,101" hai3="28,29,39,65,32,46,7,59,13,34,3,16,11"/><W41/><G29/><T124/><D120/><U75/><E75/><V25/><F115/><W15/><G28/><T79/><D79/><U18/><E18/><V88/><F126/><N who="0" m="48170" /><D108/><U131/><E85/><V96/><F134/><W84/><G84/><T74/><D74/><U103/><E123/><V51/><F5/><W73/><G73/><T121/><D121/><U133/><E131/><V56/><F12/><W55/><G65/><T69/><D112/><U58/><E111/><V4/><F4/><W109/><G109/><T57/><D69/><N who="1" m="42239" /><E119/><V95/><F90/><W130/><G130/><T40/><D40/><U110/><E110/><V33/><F33/><W81/><G81/><T20/><D20/><U86/><E86/><V47/><F56/><W132/><G132/><N who="1" m="50762" /><E58/><V114/><F114/><W70/><G70/><T60/><D60/><U105/><E125/><V91/><F76/><W118/><G118/><T24/><D24/><AGARI ba="1,0" hai="24,30,35,49,50,98,103,105" m="50762,42239" machi="24" ten="30,2000,0" yaku="25,1,20,1" doraHai="37" who="1" fromWho="0" sc="194,-23,292,23,257,0,257,0" /><INIT seed="4,0,0,2,0,60" ten="171,315,257,257" oya="0" hai0="102,53,70,110,0,57,49,99,3,22,4,61,95" hai1="36,114,77,14,91,125,45,97,84,68,31,126,82" hai2="50,52,34,72,43,106,74,59,85,30,10,13,92" hai3="55,66,26,46,11,63,8,6,7,25,88,35,122"/><T81/><D110/><U132/><E31/><V100/><F106/><W119/><G119/><T127/><D127/><U33/><E33/><V113/><F113/><W18/><G122/><T64/><D4/><N who="3" m="1577" /><G35/><T93/><D81/><U78/><E68/><V96/><F43/><W133/><G133/><T130/><D130/><U51/><E36/><V105/><F30/><W128/><G128/><T58/><D70/><U47/><E132/><V118/><F34/><W2/><G2/><T103/><REACH who="0" step="1"/><D22/><REACH who="0" ten="161,315,257,257" step="2"/><U117/><E125/><V80/><F118/><W135/><G135/><T48/><D48/><U24/><E126/><V134/><F134/><W112/><G11/><T17/><D17/><U86/><E51/><V121/><F121/><W40/><G8/><T94/><D94/><U90/><E82/><V54/><F92/><W62/><G18/><T124/><D124/><U27/><E117/><V111/><F111/><W23/><G23/><T1/><D1/><U101/><E114/><V104/><F105/><W79/><G112/><T21/><D21/><U28/><E28/><V20/><F20/><W129/><G129/><T120/><D120/><U109/><E109/><V116/><F116/><W39/><G39/><T32/><D32/><U75/><E27/><V76/><F10/><W108/><G26/><T89/><D89/><U87/><E24/><V12/><F13/><W115/><G25/><T73/><D73/><U67/><E14/><V69/><F12/><W37/><G108/><T41/><D41/><U56/><E75/><N who="2" m="28715" /><F69/><W107/><G115/><T19/><D19/><U71/><E71/><RYUUKYOKU ba="0,1" sc="161,15,315,-15,257,15,257,-15" hai0="0,3,49,53,57,58,61,64,93,95,99,102,103" hai2="50,52,54,59,76,80,85,96,100,104" /><INIT seed="4,1,1,1,2,30" ten="176,300,272,242" oya="0" hai0="99,121,92,114,97,58,122,64,77,96,104,53,86" hai1="26,132,5,0,56,52,75,12,27,34,10,62,91" hai2="40,95,113,116,42,48,63,71,39,87,54,17,124" hai3="130,109,134,94,33,76,78,115,129,67,24,6,32"/><T105/><D64/><U60/><E132/><V1/><F1/><W81/><G109/><T127/><D114/><U85/><E75/><V16/><F113/><W106/><G106/><N who="0" m="41067" /><D58/><N who="1" m="34887" /><E34/><N who="3" m="13418" /><G24/><T69/><D69/><U68/><E0/><V19/><F116/><W118/><G118/><T135/><D53/><N who="1" m="34063" /><E68/><V88/><F39/><W66/><G6/><T84/><D135/><U47/><E47/><V123/><F71/><W83/><G94/><AGARI ba="1,1" hai="5,10,12,26,27,85,91,94" m="34063,34887" machi="94" ten="30,2000,0" yaku="8,1,54,1" doraHai="30" who="1" fromWho="3" sc="176,0,300,33,272,0,242,-23" /><INIT seed="5,0,0,2,1,111" ten="176,333,272,219" oya="1" hai0="42,34,68,11,110,130,27,46,55,73,131,32,90" hai1="78,112,31,84,86,60,91,10,135,132,115,96,133" hai2="59,76,126,121,15,94,107,127,38,23,62,19,25" hai3="69,36,89,53,83,52,82,7,8,61,45,85,57"/><U97/><E31/><V18/><F107/><W125/><G125/><N who="2" m="47625" /><F38/><W0/><G69/><T119/><D110/><U54/><E10/><N who="2" m="6519" /><F76/><W44/><G36/><T93/><D119/><U106/><E78/><V120/><F94/><W77/><REACH who="3" step="1"/><G53/><AGARI ba="0,0" hai="19,23,25,53,59,62,120,121" m="6519,47625" machi="53" ten="30,1000,0" yaku="18,1" doraHai="111" who="2" fromWho="3" sc="176,0,333,0,272,10,219,-10" /><INIT seed="6,0,0,2,1,14" ten="176,333,282,209" oya="2" hai0="52,85,82,107,63,91,5,19,11,49,4,13,35" hai1="79,55,123,76,61,93,130,69,127,122,135,119,46" hai2="40,102,84,111,103,44,34,134,42,32,31,58,89" hai3="24,116,51,1,39,38,65,110,41,33,12,56,6"/><V87/><F134/><W27/><G110/><T9/><D107/><U47/><E119/><V88/><F58/><W112/><G116/><T64/><D35/><U0/><E0/><V16/><F44/><N who="3" m="25999" /><G1/><T18/><D64/><U131/><E135/><V114/><F31/><W2/><G39/><T57/><D63/><U94/><E61/><V101/><F114/><W104/><G38/><T105/><D105/><U66/><E55/><V10/><F111/><W106/><G2/><AGARI ba="0,0" hai="2,4,5,9,11,13,18,19,49,52,57,82,85,91" machi="2" ten="30,7700,0" yaku="7,1,52,2,54,1" doraHai="14" who="0" fromWho="3" sc="176,77,333,0,282,0,209,-77" /><INIT seed="7,0,0,3,0,68" ten="253,333,282,132" oya="3" hai0="44,135,29,71,118,3,75,40,95,99,38,5,16" hai1="85,23,20,94,11,73,65,59,104,4,13,129,70" hai2="133,53,105,110,92,21,84,125,114,121,36,96,86" hai3="97,108,122,134,69,100,17,32,79,67,9,15,93"/><W7/><G122/><T117/><D135/><U66/><E104/><V131/><F36/><W33/><G134/><T102/><D71/><U28/><E73/><V61/><F133/><W56/><G108/><T26/><D75/><U103/><E70/><V83/><F110/><W0/><G69/><T106/><D95/><U78/><E129/><V24/><F105/><W41/><G79/><T116/><D16/><U132/><E132/><V127/><F131/><W12/><G41/><T48/><D48/><U35/><E35/><V60/><F114/><W39/><G39/><T46/><D46/><U51/><E51/><V87/><F83/><W31/><G31/><T80/><D80/><N who="1" m="47255" /><E59/><V101/><F121/><W120/><G120/><T130/><D130/><U91/><E103/><V52/><F127/><W82/><G82/><T6/><REACH who="0" step="1"/><D3/><REACH who="0" ten="243,333,282,132" step="2"/><U58/><E58/><V107/><F107/><W54/><G67/><N who="1" m="25610" /><E28/><N who="2" m="17423" /><F125/><W50/><REACH who="3" step="1"/><G0/><REACH who="3" ten="243,333,282,122" step="2"/><T10/><D10/><AGARI ba="0,2" hai="7,9,10,12,15,17,32,33,50,54,56,93,97,100" machi="10" ten="30,5800,0" yaku="1,1,2,1,7,1,53,0" doraHai="68" doraHaiUra="22" who="3" fromWho="0" sc="243,-58,333,0,282,0,122,78" /><INIT seed="7,1,0,3,3,57" ten="185,333,282,200" oya="3" hai0="79,135,127,81,36,75,12,91,90,30,45,49,3" hai1="0,129,117,17,67,131,118,27,116,64,63,78,113" hai2="133,9,19,114,60,89,41,69,35,85,115,47,11" hai3="102,52,71,28,126,6,22,105,39,53,48,21,40"/><W96/><G126/><T134/><D127/><U107/><E113/><N who="2" m="43019" /><F35/><W104/><G71/><T61/><D3/><U34/><E0/><V122/><F133/><N who="0" m="50698" /><D36/><U18/><E107/><V15/><F122/><W33/><G6/><T13/><D30/><N who="1" m="19807" /><E78/><V111/><F111/><W95/><G33/><T8/><D61/><U23/><E64/><N who="2" m="41095" /><F11/><W109/><G109/><T80/><D80/><U72/><E72/><V42/><F47/><W103/><G103/><T66/><D66/><U24/><E17/><V97/><F97/><W50/><G39/><T59/><D59/><AGARI ba="1,0" hai="18,23,24,59,63,67,116,117,118,129,131" m="19807" machi="59" ten="30,2000,0" yaku="12,1,52,1" doraHai="57" who="1" fromWho="0" sc="185,-23,333,23,282,0,200,0" owari="162,-34.0,356,46.0,282,8.0,200,-20.0" /></mjloggm>