<mjloggm ver="2.3"><GO type="169" lobby="0"/><UN n0="%E5%B0%B1%E6%B4%BB%E7%94%9F%40%E5%B7%9D%E6%9D%91%E8%BB%8D%E5%9B%A3" n1="%E3%82%A8%E3%83%83%E3%83%95%E3%82%A7%E3%83%AB%E5%A1%94" n2="%4A%57%49%4C%4C" n3="%E4%B8%96%E3%82%92%E7%9B%B4%E3%81%99%E8%80%85" dan="16,16,16,16" rate="2189.49,2161.66,2157.62,2064.99" sx="M,M,M,M"/><TAIKYOKU oya="0"/><INIT seed="0,0,0,3,4,79" ten="250,250,250,250" oya="0" hai0="8,109,6,104,131,4,76,71,9,63,80,64,21" hai1="24,50,46,105,135,87,72,2,99,66,82,52,0" hai2="34,26,93,85,45,10,123,69,35,90,112,83,107" hai3="1,91,14,106,56,43,100,116,61,119,49,110,65"/><T17/><D104/><U67/><E72/><V126/><F112/><W3/><G110/><T102/><D109/><U22/><E135/><V37/><F123/><W73/><G73/><T127/><D131/><U12/><E105/><V54/><F107/><W20/><G100/><T30/><D102/><U7/><E2/><V41/><F69/><W39/><G106/><T128/><D128/><U32/><E32/><V121/><F121/><W19/><G3/><T28/><D9/><N who="1" m="4159" /><E99/><V89/><F126/><W84/><G1/><T95/><D95/><U55/><E55/><V18/><F54/><W86/><G39/><T133/><D133/><U11/><E11/><V5/><F5/><W70/><G86/><T36/><D36/><U111/><E0/><V94/><F94/><W38/><G38/><T42/><D42/><U81/><E111/><V74/><F74/><W129/><G129/><T47/><D6/><U117/><E117/><V23/><REACH who="2" step="1"/><F10/><REACH who="2" ten="250,250,240,250" step="2"/><W60/><G70/><T113/><D127/><U101/><E101/><V15/><F15/><W118/><G119/><T44/><D113/><U132/><E132/><V59/><F59/><W16/><G118/><T75/><D8/><U134/><E134/><V115/><F115/><W97/><G116/><T13/><REACH who="0" step="1"/><D4/><REACH who="0" ten="240,250,240,250" step="2"/><U68/><E68/><V120/><F120/><W124/><G124/><T88/><D88/><N who="1" m="51311" /><E82/><V58/><F58/><W57/><G56/><T31/><AGARI ba="0,2" hai="13,17,21,28,30,31,44,47,63,64,71,75,76,80" machi="31" ten="30,18000,2" yaku="1,1,0,1,52,1,53,3" doraHai="79" doraHaiUra="27" who="0" fromWho="0" sc="240,200,250,-60,240,-60,250,-60" /><INIT seed="0,1,0,3,4,36" ten="440,190,180,190" oya="0" hai0="44,39,94,14,10,115,25,47,71,28,63,100,104" hai1="82,30,121,86,91,50,1,99,52,114,124,62,92" hai2="119,102,26,5,0,56,68,49,88,109,4,78,41" hai3="112,45,16,131,22,60,58,54,111,123,129,33,31"/><T29/><D115/><U98/><E1/><V70/><F102/><W61/><G112/><T20/><D104/><U12/><E114/><V97/><F78/><W59/><G111/><T53/><D29/><U127/><E121/><V64/><F109/><W34/><G123/><T90/><D100/><U38/><E38/><V108/><F108/><W106/><G106/><T107/><D107/><U67/><E30/><V103/><F26/><W73/><G73/><T87/><D39/><U43/><E12/><V74/><F74/><W83/><G83/><T23/><D23/><U101/><E99/><V37/><F37/><W89/><G89/><T40/><D40/><U7/><E7/><V2/><F2/><W8/><G8/><T93/><D94/><U9/><E9/><V122/><F122/><W80/><G80/><T79/><D79/><U18/><E18/><V55/><F103/><W21/><G45/><T84/><D84/><U17/><E17/><V35/><F35/><N who="3" m="13323" /><G31/><T125/><D125/><U57/><REACH who="1" step="1"/><E43/><REACH who="1" ten="440,180,180,190" step="2"/><V75/><F41/><W72/><G16/><N who="0" m="8279" /><D71/><AGARI ba="1,1" hai="50,52,57,62,67,71,82,86,91,92,98,101,124,127" machi="71" ten="40,8000,1" yaku="1,1,54,1,53,2" doraHai="36" doraHaiUra="133" who="1" fromWho="0" sc="440,-83,180,93,180,0,190,0" /><INIT seed="1,0,0,0,1,125" ten="357,273,180,190" oya="1" hai0="2,44,15,7,112,25,58,90,71,36,66,117,62" hai1="63,93,24,19,16,57,32,132,89,91,48,67,28" hai2="102,84,55,135,18,6,34,38,95,31,103,56,94" hai3="128,11,123,46,126,33,47,78,52,42,97,134,106"/><U64/><E132/><V29/><F38/><W0/><G123/><T114/><D2/><U4/><E4/><V105/><F135/><W104/><G134/><T99/><D117/><U107/><E107/><V130/><F6/><W76/><G33/><T39/><D25/><U14/><E19/><V121/><F121/><W20/><G126/><T127/><D127/><U101/><E67/><V86/><F105/><W70/><G70/><T65/><D7/><U23/><REACH who="1" step="1"/><E48/><REACH who="1" ten="357,263,180,190" step="2"/><V129/><F18/><W74/><G106/><T30/><D66/><U77/><E77/><V59/><F34/><W81/><G104/><T133/><D65/><U115/><E115/><V41/><REACH who="2" step="1"/><F55/><REACH who="2" ten="357,263,170,190" step="2"/><W45/><G52/><T131/><D133/><U109/><E109/><V26/><F26/><W88/><G0/><T22/><D114/><U51/><E51/><V49/><F49/><W98/><G42/><AGARI ba="0,2" hai="29,31,41,42,56,59,84,86,94,95,102,103,129,130" machi="42" ten="25,8000,1" yaku="1,1,22,2,52,2,53,0" doraHai="125" doraHaiUra="35" who="2" fromWho="3" sc="357,0,263,0,170,100,190,-80" /><INIT seed="2,0,0,0,1,99" ten="357,263,270,110" oya="2" hai0="90,54,100,94,44,74,46,72,73,92,37,122,64" hai1="126,50,89,59,2,115,4,26,29,95,133,18,116" hai2="88,98,58,0,70,132,53,56,124,91,113,51,20" hai3="123,1,55,96,60,35,87,45,13,105,25,32,23"/><V38/><F113/><W5/><G123/><T28/><D122/><U3/><E115/><V34/><F34/><W31/><G35/><T93/><D64/><U81/><E116/><V9/><F70/><W69/><G87/><T129/><D28/><U12/><E126/><V49/><F38/><W112/><G112/><T22/><D22/><U120/><E120/><V30/><F124/><W117/><G117/><T114/><D114/><U110/><E81/><V128/><F128/><W57/><G45/><T106/><D129/><U125/><E4/><V68/><F68/><W127/><G127/><T135/><D135/><U108/><E125/><V80/><F132/><W111/><G111/><T19/><D19/><U6/><E6/><V85/><F0/><W17/><G69/><T16/><D16/><U103/><E133/><V48/><F9/><W42/><G42/><T75/><D75/><U67/><E3/><V62/><F58/><W82/><G82/><T78/><D44/><U107/><E59/><V36/><F36/><W86/><G86/><N who="0" m="52311" /><D54/><U24/><E2/><V65/><F65/><W66/><G66/><T109/><D46/><U47/><E67/><V41/><F41/><W84/><G84/><T119/><D119/><U77/><E110/><V10/><F10/><N who="3" m="2351" /><G105/><T104/><D37/><U39/><E39/><V83/><F98/><AGARI ba="0,0" hai="13,17,23,25,31,32,55,57,60,96,98" m="2351" machi="98" ten="30,1000,0" yaku="24,1" doraHai="99" who="3" fromWho="2" sc="357,0,263,0,270,-10,110,10" /><INIT seed="3,0,0,1,1,34" ten="357,263,260,120" oya="3" hai0="120,29,22,30,105,121,128,125,17,90,79,135,99" hai1="16,61,12,45,111,63,81,47,27,65,97,112,83" hai2="64,69,39,107,66,31,109,28,122,56,53,85,113" hai3="35,13,2,70,15,95,57,84,1,36,0,108,116"/><W24/><G70/><T134/><D79/><U10/><E111/><V132/><F113/><W119/><G36/><T104/><D128/><U14/><E112/><V40/><F107/><N who="0" m="41034" /><D90/><U75/><E75/><V37/><F85/><W76/><G57/><T59/><D59/><U25/><E97/><V110/><F28/><N who="0" m="10858" /><D99/><U96/><E96/><V77/><F77/><W129/><G35/><T127/><D22/><U68/><E68/><V7/><F31/><W49/><G49/><T46/><D17/><U60/><E65/><V82/><F82/><N who="1" m="31241" /><E14/><N who="3" m="5130" /><G76/><T50/><D50/><U9/><E9/><V32/><F32/><W93/><G84/><T101/><D101/><U117/><E117/><N who="3" m="45130" /><G24/><AGARI ba="0,0" hai="10,12,16,24,25,27,45,47,60,61,63" m="31241" machi="24" ten="30,2000,0" yaku="8,1,54,1" doraHai="34" who="1" fromWho="3" sc="357,0,263,20,260,0,120,-20" /><INIT seed="4,0,0,0,0,108" ten="357,283,260,100" oya="0" hai0="28,48,3,10,71,67,84,5,62,21,86,122,133" hai1="78,101,32,72,114,87,112,53,97,69,18,109,7" hai2="124,63,85,76,118,107,92,88,89,80,19,83,1" hai3="95,91,56,82,79,74,29,116,13,15,27,14,65"/><T26/><D122/><U20/><E32/><V121/><F1/><W0/><G0/><T30/><D133/><U93/><E109/><V77/><F121/><W64/><G116/><T70/><D70/><U43/><E69/><V8/><F118/><W52/><G95/><T134/><D134/><U130/><E130/><V102/><F63/><W132/><G91/><T36/><D36/><U45/><E53/><V33/><F33/><W110/><G132/><T111/><D111/><U105/><E7/><V23/><F8/><W59/><G56/><T126/><D30/><U41/><E72/><V40/><F40/><W90/><G90/><T99/><D126/><U68/><E68/><V135/><F135/><W6/><G6/><T55/><REACH who="0" step="1"/><D99/><REACH who="0" ten="347,283,260,100" step="2"/><U73/><E73/><V58/><F124/><W47/><G110/><T9/><D9/><U39/><E43/><V44/><F44/><AGARI ba="0,1" hai="3,5,10,21,26,28,44,48,55,62,67,71,84,86" machi="44" ten="30,2900,0" yaku="1,1,7,1,53,0" doraHai="108" doraHaiUra="119" who="0" fromWho="2" sc="347,39,283,0,260,-29,100,0" /><INIT seed="4,1,0,4,5,62" ten="386,283,231,100" oya="0" hai0="26,69,79,59,24,119,64,117,81,113,91,9,104" hai1="12,133,34,80,118,99,131,1,67,106,97,3,73" hai2="53,2,83,87,70,55,50,31,101,132,72,65,41" hai3="114,0,89,16,74,124,60,5,28,107,15,111,45"/><T57/><D104/><U21/><E21/><V100/><F72/><W88/><G111/><T75/><D113/><U96/><E12/><V40/><F2/><W127/><G114/><T77/><D91/><U122/><E80/><V17/><F31/><W76/><G107/><T39/><D9/><U94/><E94/><V71/><F132/><W27/><G5/><T120/><D81/><U85/><E85/><V110/><F110/><W35/><G0/><T7/><D7/><U63/><E73/><V78/><F70/><W92/><G76/><T126/><D69/><U51/><E51/><V6/><F6/><W68/><G74/><T20/><D20/><U54/><E54/><V105/><F17/><W43/><G68/><T130/><D39/><U46/><E34/><V129/><F129/><W32/><G35/><T109/><D130/><U121/><E131/><V19/><F19/><W33/><G32/><T29/><D126/><N who="3" m="48169" /><G92/><T22/><D22/><U23/><E23/><V98/><F100/><W52/><G43/><T42/><D42/><U134/><E106/><V128/><F128/><W25/><G27/><T116/><D75/><U123/><E118/><V11/><F11/><N who="3" m="6271" /><G45/><T10/><D116/><U13/><E46/><V108/><F108/><W8/><G8/><T112/><D109/><U37/><E3/><V36/><F36/><W56/><AGARI ba="1,0" hai="25,28,33,52,56,60,88,89" m="6271,48169" machi="56" ten="30,7900,0" yaku="18,1,54,3" doraHai="62" who="3" fromWho="3" sc="386,-40,283,-21,231,-21,100,82" /><INIT seed="5,0,0,2,2,121" ten="346,262,210,182" oya="1" hai0="101,100,52,68,61,7,104,51,78,2,48,129,79" hai1="23,91,106,63,11,69,103,38,132,14,88,85,24" hai2="84,98,112,5,135,116,119,74,120,105,124,53,130" hai3="60,55,59,32,44,122,113,39,54,109,83,102,46"/><U18/><E132/><V125/><F5/><W31/><G122/><T86/><D104/><U12/><E38/><V89/><F53/><W37/><G102/><N who="0" m="39531" /><D68/><U77/><E106/><V19/><F19/><W87/><G113/><T25/><D2/><U22/><E103/><N who="2" m="62711" /><F120/><W0/><G0/><T42/><D7/><N who="1" m="3199" /><E69/><V15/><F15/><W70/><G31/><T45/><D129/><U26/><E63/><V33/><F33/><W30/><G30/><T27/><D61/><U9/><E77/><N who="0" m="29193" /><D86/><U97/><E97/><V1/><F1/><W128/><G32/><T71/><D71/><U36/><E36/><V58/><F58/><AGARI ba="0,0" hai="25,27,42,45,48,51,52,58" m="29193,39531" machi="58" ten="30,2000,0" yaku="8,1,54,1" doraHai="121" who="0" fromWho="2" sc="346,20,262,0,210,-20,182,0" /><INIT seed="6,0,0,5,1,125" ten="366,262,190,182" oya="2" hai0="56,66,109,59,54,91,73,128,15,94,41,8,32" hai1="48,81,44,49,99,30,78,90,115,25,124,83,36" hai2="24,2,60,13,39,64,120,70,76,127,52,27,58" hai3="67,93,14,35,121,12,9,104,63,28,126,74,92"/><V133/><F2/><W113/><G121/><T37/><D73/><U31/><E124/><V82/><F127/><W117/><G126/><T72/><D72/><U87/><E115/><V119/><F120/><W89/><G117/><T103/><D32/><U55/><E36/><V61/><F119/><W95/><G104/><T53/><D109/><U101/><E25/><V112/><F112/><W123/><G123/><T26/><D103/><U7/><E7/><V96/><F133/><W88/><G74/><T110/><D110/><U62/><E62/><V3/><F3/><W29/><G113/><T97/><D66/><U106/><REACH who="1" step="1"/><E48/><REACH who="1" ten="366,252,190,182" step="2"/><V68/><F39/><W40/><G63/><T57/><D26/><U129/><E129/><V21/><F68/><W47/><G35/><T46/><REACH who="0" step="1"/><D128/><REACH who="0" ten="356,252,190,182" step="2"/><U1/><E1/><V108/><F108/><W80/><G67/><T50/><D50/><U38/><E38/><V34/><F34/><W86/><G29/><T75/><D75/><AGARI ba="0,2" hai="30,31,44,49,55,75,78,81,83,87,90,99,101,106" machi="75" ten="30,2000,0" yaku="1,1,7,1,53,0" doraHai="125" doraHaiUra="132" who="1" fromWho="0" sc="356,-20,252,40,190,0,182,0" /><INIT seed="7,0,0,2,3,95" ten="336,292,190,182" oya="3" hai0="50,81,68,131,76,0,134,99,22,118,79,30,111" hai1="6,90,19,57,7,46,75,31,49,105,39,87,69" hai2="10,54,83,40,77,115,25,9,130,128,122,13,70" hai3="18,94,64,113,29,1,85,88,123,100,102,114,16"/><W127/><G123/><T119/><D0/><U20/><E75/><V78/><F70/><W74/><G127/><T82/><D68/><U110/><E69/><V2/><F122/><W124/><G124/><T51/><D111/><U8/><E39/><V72/><F115/><N who="3" m="44043" /><G74/><T98/><D134/><U27/><E105/><V93/><F78/><N who="0" m="29738" /><D131/><N who="2" m="50218" /><F40/><W52/><G1/><T108/><D108/><U96/><E110/><V65/><F65/><W47/><G64/><T120/><D22/><U129/><E57/><V66/><F66/><W104/><G29/><T67/><D30/><U92/><E129/><V48/><F2/><W109/><G109/><T86/><D86/><U43/><E87/><V89/><F25/><W44/><G47/><T116/><D67/><U71/><E71/><V91/><F13/><AGARI ba="0,0" hai="6,7,8,13,19,20,27,31,43,46,49,90,92,96" machi="13" ten="40,2600,0" yaku="8,1,52,1" doraHai="95" who="1" fromWho="2" sc="336,0,292,26,190,-26,182,0" owari="336,44.0,318,12.0,164,-34.0,182,-22.0" /></mjloggm>