<mjloggm ver="2.3"><GO type="169" lobby="0"/><UN n0="%E3%82%A6%E3%83%AB%E3%83%88%E3%83%A9%E7%AB%8B%E7%9B%B4" n1="%53%48%49%53%55%4B%45" n2="%E9%AD%94%E8%A1%93%E5%B8%AB%E3%83%A1%E3%83%AA%E3%83%BC" n3="%30%30%73%61%69" dan="17,16,16,18" rate="2226.59,2092.38,2143.37,2229.36" sx="M,M,F,M"/><TAIKYOKU oya="0"/><INIT seed="0,0,0,2,5,11" ten="250,250,250,250" oya="0" hai0="112,23,108,132,114,25,6,106,31,67,77,125,48" hai1="39,81,103,91,130,53,122,2,24,15,38,26,65" hai2="17,62,58,29,82,18,128,40,35,20,89,118,86" hai3="87,66,98,85,73,71,51,49,27,3,8,69,94"/><T16/><D106/><U121/><E2/><V12/><F128/><W13/><G73/><T127/><D77/><U72/><E130/><V92/><F40/><W95/><G3/><T52/><D67/><U10/><E103/><V14/><F118/><W4/><G66/><T44/><D6/><U57/><E65/><V34/><F29/><W41/><G27/><T119/><D119/><U32/><E39/><V56/><F82/><W42/><G8/><T104/><D104/><U61/><E38/><V90/><F90/><W47/><G98/><T83/><D83/><U84/><E72/><V1/><F1/><W54/><G54/><T33/><D132/><U80/><E80/><V43/><F43/><W101/><G101/><T45/><D45/><U102/><E102/><V120/><F120/><W115/><G47/><T21/><D33/><U133/><E133/><V64/><REACH who="2" step="1"/><F58/><REACH who="2" ten="250,250,240,250" step="2"/><W74/><G41/><T99/><D108/><U134/><E134/><V50/><F50/><W109/><G42/><T88/><D88/><U135/><E135/><V7/><F7/><W93/><G109/><T46/><D99/><U60/><E60/><V79/><F79/><W70/><G4/><T113/><REACH who="0" step="1"/><D46/><REACH who="0" ten="240,250,240,250" step="2"/><U30/><E121/><V63/><F63/><W37/><G37/><T126/><D126/><U96/><E122/><V97/><F97/><W100/><G70/><T5/><D5/><N who="1" m="3535" /><E96/><V76/><F76/><W0/><G71/><T36/><D36/><U75/><E75/><V129/><F129/><W9/><G69/><T55/><D55/><U59/><E59/><V116/><F116/><RYUUKYOKU ba="0,2" sc="240,10,250,10,240,10,250,-30" hai0="16,21,23,25,31,44,48,52,112,113,114,125,127" hai1="24,26,30,32,53,57,61,81,84,91" hai2="12,14,17,18,20,34,35,56,62,64,86,89,92" /><INIT seed="0,1,2,4,1,103" ten="250,260,250,220" oya="0" hai0="107,100,22,9,10,31,132,108,76,20,32,80,124" hai1="65,75,16,78,110,64,90,13,91,122,87,18,55" hai2="77,50,109,2,66,74,51,44,123,69,43,86,84" hai3="68,105,81,39,125,19,61,42,79,60,70,26,133"/><T52/><D124/><U37/><E37/><V120/><F109/><W128/><G125/><T121/><D121/><U85/><E122/><V131/><F131/><W58/><G128/><T127/><D127/><U3/><E3/><V71/><F2/><W11/><G133/><T7/><D108/><U34/><E34/><V33/><F33/><W28/><G60/><T67/><D132/><U98/><E75/><V35/><F35/><W8/><G42/><T6/><D67/><U62/><E78/><V82/><F120/><W93/><G39/><T63/><D32/><U112/><E112/><V99/><F123/><W73/><G105/><T36/><D36/><U101/><E55/><V47/><F99/><W23/><G93/><T46/><D100/><U129/><E129/><V88/><F66/><W117/><G117/><T53/><D107/><U59/><E65/><V92/><REACH who="2" step="1"/><F74/><REACH who="2" ten="250,260,240,220" step="2"/><W40/><G73/><T1/><D1/><U0/><E0/><V27/><F27/><W5/><G26/><T89/><D31/><U30/><E110/><V119/><F119/><W104/><G28/><T116/><D116/><U56/><E30/><V96/><F96/><W135/><G135/><T29/><D29/><U45/><E98/><V24/><F24/><W17/><G68/><T54/><D63/><U72/><E72/><V130/><F130/><W118/><G61/><T106/><D46/><U83/><E45/><V49/><F49/><W15/><G118/><T114/><D114/><U48/><E48/><V126/><F126/><W57/><G70/><T38/><D38/><U4/><E62/><RYUUKYOKU ba="1,3" sc="250,-10,260,-10,240,30,220,-10" hai2="43,44,47,50,51,69,71,77,82,84,86,88,92" /><INIT seed="1,2,3,0,1,16" ten="240,250,270,210" oya="1" hai0="2,11,94,66,36,116,48,20,107,97,83,125,24" hai1="38,21,74,84,26,133,9,73,29,42,59,4,76" hai2="57,31,18,13,101,47,35,69,22,131,58,56,128" hai3="67,8,5,93,123,90,65,33,103,100,43,119,130"/><U63/><E133/><V92/><F69/><W25/><G123/><T98/><D36/><U27/><E27/><N who="2" m="18943" /><F47/><W109/><G109/><T121/><D116/><U91/><E76/><V61/><F92/><W80/><G130/><N who="2" m="49705" /><F101/><N who="3" m="38987" /><G33/><T88/><D125/><U7/><E42/><V70/><F70/><W85/><G119/><T81/><D107/><U3/><E7/><V15/><F15/><N who="3" m="5519" /><G43/><T45/><D121/><U99/><E99/><V112/><F112/><W0/><G0/><T117/><D98/><U72/><E38/><V10/><F10/><W53/><G53/><AGARI ba="2,3" hai="13,18,22,53,56,57,58,61" m="49705,18943" machi="53" ten="30,2000,0" yaku="19,1,52,1" doraHai="16" who="2" fromWho="3" sc="240,0,250,0,270,56,210,-26" /><INIT seed="2,0,0,5,3,98" ten="240,250,326,184" oya="2" hai0="83,58,112,17,73,45,60,105,18,59,25,40,8" hai1="82,50,33,69,117,88,22,19,12,111,52,97,43" hai2="14,89,24,106,125,26,119,16,9,34,38,130,135" hai3="62,87,48,101,84,55,79,131,133,6,37,64,56"/><V95/><F106/><W100/><G37/><T107/><D112/><U86/><E33/><V65/><F119/><W81/><G131/><T124/><D124/><U78/><E69/><V96/><F125/><W21/><G133/><T80/><D105/><U5/><E117/><V72/><F135/><W20/><G6/><T27/><D107/><U63/><E111/><V128/><F38/><W126/><G126/><T13/><D73/><U103/><E5/><V3/><F72/><W71/><REACH who="3" step="1"/><G84/><REACH who="3" ten="240,250,326,174" step="2"/><T46/><D40/><U42/><E78/><V123/><F130/><W29/><G29/><T51/><D51/><U129/><E63/><V67/><F128/><W75/><G75/><T102/><D60/><U35/><E129/><V11/><F123/><W10/><G10/><T32/><D8/><U4/><E4/><V0/><F3/><W116/><G116/><T44/><D18/><U74/><E74/><V47/><F9/><W53/><G53/><T36/><D17/><U91/><E91/><V122/><F0/><W61/><G61/><T7/><D36/><U31/><E31/><V113/><F122/><W30/><G30/><T92/><D7/><U39/><E39/><V90/><F11/><W104/><G104/><T110/><D110/><U68/><E35/><V121/><F34/><W108/><G108/><T41/><D32/><U70/><E43/><V115/><F121/><W1/><G1/><T77/><D41/><U15/><E42/><V93/><F16/><W66/><G66/><N who="2" m="25097" /><F115/><W132/><G132/><T120/><D120/><U85/><E19/><V54/><F113/><RYUUKYOKU ba="0,1" sc="240,-10,250,-10,326,-10,174,30" hai3="20,21,48,55,56,62,64,71,79,81,87,100,101" /><INIT seed="3,1,1,4,1,6" ten="230,240,316,204" oya="3" hai0="49,32,81,28,76,89,119,44,26,112,82,115,85" hai1="86,122,130,3,64,55,71,42,45,88,17,35,9" hai2="132,31,74,51,129,34,43,30,116,48,25,95,40" hai3="78,106,100,41,123,33,20,73,133,124,23,39,54"/><W127/><G123/><T70/><D70/><U24/><E122/><V59/><F74/><W37/><G33/><T80/><D119/><U2/><E130/><V27/><F129/><W11/><G133/><T61/><D61/><U104/><E104/><V91/><F132/><W21/><G41/><T56/><D56/><U98/><E98/><V38/><F38/><W0/><G100/><T4/><D4/><U52/><E64/><V121/><F121/><W63/><G106/><T109/><D109/><U96/><E96/><V128/><F128/><W99/><G99/><T134/><D134/><U103/><E103/><V68/><F68/><W135/><G135/><T14/><D14/><U7/><E3/><V110/><F110/><W62/><G78/><T118/><D118/><U108/><E71/><V113/><F113/><N who="0" m="43594" /><D76/><U66/><E66/><V120/><F59/><N who="3" m="35191" /><G63/><T126/><D126/><N who="3" m="48169" /><G73/><T5/><D5/><AGARI ba="1,1" hai="0,5,11,20,21,23,37,39" m="48169,35191" machi="5" ten="30,2900,0" yaku="18,1,52,1" doraHai="6" who="3" fromWho="0" sc="230,-32,240,0,316,0,204,42" /><INIT seed="3,2,0,2,5,92" ten="198,240,316,246" oya="3" hai0="81,132,12,3,98,108,135,55,25,31,83,2,89" hai1="99,65,72,39,84,112,24,26,121,50,87,9,115" hai2="105,6,34,76,7,127,27,47,86,95,62,133,111" hai3="28,104,14,119,60,57,36,80,74,22,56,116,66"/><W61/><G36/><T15/><D55/><U69/><E39/><V90/><F105/><W118/><G104/><T35/><D83/><U8/><E72/><V37/><F111/><W114/><G114/><T113/><D81/><U40/><E121/><V38/><F133/><N who="0" m="51274" /><D89/><U100/><E69/><V11/><F127/><W91/><G91/><T131/><D98/><U13/><E65/><V16/><F76/><W103/><G103/><T79/><D79/><U17/><E40/><V101/><F7/><W44/><G44/><T122/><D122/><U88/><E50/><V102/><F62/><W73/><G80/><T125/><D108/><U43/><E43/><V5/><F5/><W58/><G14/><N who="0" m="5163" /><D125/><U21/><E87/><V134/><F47/><W96/><G96/><T128/><D113/><U59/><E59/><V30/><F38/><W64/><G56/><T46/><D46/><U71/><E71/><V123/><F37/><W42/><G42/><T130/><AGARI ba="2,0" hai="2,3,25,31,35,128,130,131" m="5163,51274" machi="130" ten="40,8000,1" yaku="19,1,20,1,34,2" doraHai="92" who="0" fromWho="0" sc="198,86,240,-22,316,-22,246,-42" /><INIT seed="4,0,0,1,4,121" ten="284,218,294,204" oya="0" hai0="133,111,13,71,78,83,43,21,70,44,94,16,118" hai1="69,128,85,77,132,126,112,109,17,104,89,47,88" hai2="32,12,19,105,91,97,1,66,129,46,114,134,37" hai3="120,34,75,61,50,56,95,28,90,11,76,2,51"/><T80/><D118/><U107/><E69/><V24/><F1/><W42/><G120/><T93/><D133/><U23/><E132/><V62/><F129/><W8/><G75/><T116/><D116/><U106/><E128/><V39/><F114/><W26/><G76/><T58/><D111/><U35/><E35/><V131/><F131/><W48/><G42/><T22/><D71/><U29/><E29/><N who="2" m="19495" /><F91/><W79/><G79/><T18/><D58/><U124/><E112/><V14/><F46/><W67/><REACH who="3" step="1"/><G2/><REACH who="3" ten="284,218,294,194" step="2"/><T30/><D43/><U5/><E77/><V125/><F134/><W127/><G127/><T123/><D78/><U82/><E126/><V63/><F125/><W64/><G64/><T3/><D3/><U110/><E124/><V98/><F66/><W45/><G45/><T55/><D44/><U54/><E5/><V81/><F39/><W74/><G74/><T92/><D123/><U119/><E119/><V38/><F37/><W52/><G52/><T135/><D55/><U84/><E54/><V49/><F38/><W40/><G40/><T15/><D135/><U72/><E47/><V27/><F62/><W41/><G41/><T6/><D6/><U117/><E117/><V53/><F63/><W122/><G122/><T113/><D113/><U25/><REACH who="1" step="1"/><E72/><REACH who="1" ten="284,208,294,194" step="2"/><V9/><F53/><W59/><G59/><T20/><D70/><U33/><E33/><V100/><F49/><W36/><G36/><T68/><D68/><U96/><E96/><AGARI ba="0,2" hai="8,11,26,28,34,48,50,51,56,61,67,90,95,96" machi="96" ten="40,1300,0" yaku="1,1,53,0" doraHai="121" doraHaiUra="73" who="3" fromWho="1" sc="284,0,208,-13,294,0,194,33" /><INIT seed="5,0,0,3,0,26" ten="284,195,294,227" oya="1" hai0="95,10,73,76,113,34,103,3,131,111,79,45,36" hai1="40,122,42,87,83,89,98,13,106,94,96,60,61" hai2="117,64,66,5,16,49,115,25,7,97,17,121,8" hai3="99,24,48,59,14,46,92,88,53,65,81,70,12"/><U74/><E122/><V0/><F121/><W31/><G70/><T101/><D79/><N who="1" m="44535" /><E13/><N who="2" m="7207" /><F0/><W112/><G112/><T37/><D37/><U41/><E96/><V135/><F135/><W123/><G123/><T18/><D95/><U118/><E118/><V50/><F117/><W21/><G81/><N who="0" m="45199" /><D113/><U29/><E29/><V107/><F107/><W68/><G68/><T102/><D34/><U19/><E19/><V22/><F97/><W78/><G78/><T35/><D35/><U124/><E124/><V20/><F115/><W105/><G105/><T119/><D18/><U72/><E72/><V57/><F22/><W30/><G30/><T86/><D86/><U120/><E120/><V51/><F57/><W63/><AGARI ba="0,0" hai="12,14,21,24,31,46,48,53,59,63,65,88,92,99" machi="63" ten="30,7900,0" yaku="0,1,8,1,52,1,54,1" doraHai="26" who="3" fromWho="3" sc="284,-20,195,-39,294,-20,227,79" /><INIT seed="6,0,0,3,5,38" ten="264,156,274,306" oya="2" hai0="77,65,25,36,14,31,6,121,97,52,8,69,124" hai1="49,80,53,127,99,63,130,122,21,82,103,96,39" hai2="34,17,56,112,1,101,67,128,115,29,90,104,59" hai3="47,92,109,33,32,125,88,27,50,95,20,119,4"/><V2/><F67/><W24/><G119/><T58/><D124/><U133/><E39/><V71/><F71/><W9/><G109/><T15/><D121/><U85/><E127/><V61/><F90/><W26/><G95/><T42/><D77/><U108/><E108/><V54/><F128/><W11/><G32/><T123/><D123/><U87/><E122/><V132/><F132/><W48/><G33/><T19/><D97/><U106/><E130/><V51/><F101/><W81/><G81/><T37/><D65/><U118/><E118/><V74/><F104/><W43/><G50/><T22/><D69/><U7/><E133/><V12/><F74/><W83/><G83/><T75/><D75/><U111/><E111/><V135/><F29/><N who="3" m="17543" /><G4/><T94/><D94/><U23/><E7/><V45/><F34/><W5/><G5/><T134/><D134/><U129/><E63/><V113/><F135/><W57/><G57/><N who="2" m="22089" /><F61/><W93/><G93/><T0/><D37/><U44/><E99/><V70/><F70/><W55/><G125/><T98/><D98/><U105/><E105/><V62/><F62/><W3/><G3/><T89/><D89/><U102/><E102/><V64/><F64/><W28/><G28/><T16/><D31/><U100/><E100/><V35/><F35/><W114/><G88/><T10/><D36/><U86/><E129/><V13/><F17/><W110/><G92/><T66/><D66/><U79/><REACH who="1" step="1"/><E80/><REACH who="1" ten="264,146,274,306" step="2"/><V91/><F112/><W131/><G114/><T30/><D6/><U73/><AGARI ba="0,1" hai="21,23,44,49,53,73,79,82,85,86,87,96,103,106" machi="73" ten="30,7900,0" yaku="1,1,2,1,0,1,53,1" doraHai="38" doraHaiUra="41" who="1" fromWho="1" sc="264,-20,146,89,274,-39,306,-20" /><INIT seed="7,0,0,3,2,113" ten="244,235,235,286" oya="3" hai0="34,71,6,41,56,35,49,126,70,123,105,37,1" hai1="54,128,50,55,79,32,11,87,31,66,7,103,111" hai2="19,36,13,84,15,109,112,89,43,18,131,57,0" hai3="107,74,46,101,45,86,77,59,60,72,3,42,58"/><W94/><G107/><T62/><D123/><U124/><E111/><V121/><F0/><W63/><G3/><T24/><D105/><U16/><E124/><V47/><F109/><W53/><G101/><T39/><D24/><U133/><E133/><V69/><F69/><W75/><G42/><T29/><D29/><U44/><E128/><V65/><F131/><W68/><G68/><T125/><D6/><U132/><E132/><V108/><F108/><W106/><G106/><T9/><D9/><U90/><E103/><V81/><F112/><W17/><G17/><T10/><D10/><U129/><E129/><V76/><F121/><W83/><G94/><T134/><D35/><U25/><E79/><V92/><F65/><W23/><G23/><T82/><D34/><U115/><E66/><V78/><F57/><W99/><G99/><T102/><D102/><U30/><E30/><V5/><F5/><W127/><G127/><N who="0" m="48651" /><D82/><U117/><E16/><V96/><REACH who="2" step="1"/><F78/><REACH who="2" ten="244,235,225,286" step="2"/><W61/><G61/><T95/><D1/><N who="1" m="495" /><E115/><V64/><F64/><W85/><G60/><T27/><D62/><U119/><E55/><V22/><F22/><W116/><G59/><T88/><D56/><U118/><E118/><V67/><F67/><W120/><G116/><T93/><D71/><U104/><E104/><V28/><F28/><W52/><G53/><T33/><D70/><U38/><E38/><V98/><F98/><W26/><G120/><T80/><D37/><U73/><E73/><N who="3" m="28266" /><G85/><N who="0" m="50215" /><D39/><U40/><E54/><V114/><F114/><W4/><G75/><T100/><D134/><U48/><E48/><RYUUKYOKU ba="0,1" sc="244,-15,235,15,225,15,286,-15" hai1="25,31,32,40,44,50,87,90,117,119" hai2="13,15,18,19,36,43,47,76,81,84,89,92,96" /><INIT seed="8,1,1,0,5,101" ten="229,250,240,271" oya="0" hai0="21,48,119,102,12,135,133,5,95,6,51,131,118" hai1="77,39,123,3,104,56,79,26,32,87,94,122,109" hai2="24,16,112,78,100,116,20,62,27,121,66,41,67" hai3="99,13,18,72,30,120,31,28,55,52,98,43,76"/><T111/><D131/><U29/><E39/><V54/><F112/><W70/><G70/><T47/><D111/><U45/><E109/><V108/><F108/><W9/><G120/><T68/><D68/><U33/><E3/><V128/><F128/><W4/><G72/><T88/><D102/><U22/><E104/><V107/><F121/><W89/><G76/><T114/><D114/><U14/><E122/><V125/><F41/><W17/><G43/><N who="0" m="24703" /><D51/><U64/><E123/><V103/><F125/><W126/><G126/><T0/><D0/><U127/><E127/><V105/><F78/><W2/><G2/><T69/><D69/><U84/><E45/><V37/><F37/><W19/><G89/><T57/><D57/><U60/><E33/><V73/><F73/><W25/><G25/><N who="2" m="9801" /><F107/><W97/><AGARI ba="1,1" hai="4,9,13,17,18,19,28,30,31,52,55,97,98,99" machi="97" ten="40,8000,1" yaku="0,1,29,2,8,1,54,1" doraHai="101" who="3" fromWho="3" sc="229,-41,250,-21,240,-21,271,93" owari="188,-31.0,229,3.0,219,-18.0,364,46.0" /></mjloggm>