<mjloggm ver="2.3"><GO type="169" lobby="0"/><UN n0="%6C%6F%4A%61%73%6B%69%6E" n1="%E3%82%BC%E3%83%AA%E3%83%BC%E7%8A%B6%E3%81%AE%E3%81%8A%E3%83%8A%E3%82%B9" n2="%E3%82%B7%E3%83%B3%E3%83%87%E3%83%AB%E3%83%A9" n3="%E3%82%A6%E3%83%AB%E3%83%88%E3%83%A9%E7%AB%8B%E7%9B%B4" dan="16,16,17,18" rate="2079.22,2042.62,2173.67,2203.40" sx="F,M,M,M"/><TAIKYOKU oya="0"/><INIT seed="0,0,0,0,2,101" ten="250,250,250,250" oya="0" hai0="80,62,41,63,5,44,24,91,66,43,9,114,11" hai1="83,112,134,55,88,126,57,40,45,23,111,42,32" hai2="35,95,116,131,69,94,36,20,81,22,84,85,97" hai3="21,105,28,67,13,48,135,52,127,132,93,59,130"/><T72/><D114/><U109/><E32/><V125/><F35/><W121/><G127/><T53/><D72/><U16/><E126/><V108/><F125/><W100/><G130/><T46/><D53/><U12/><E112/><V50/><F36/><W8/><G121/><T7/><D24/><U60/><E134/><N who="3" m="51242" /><G67/><T65/><D80/><U119/><E119/><V47/><F108/><N who="1" m="41545" /><E45/><V77/><F69/><W38/><G38/><T128/><REACH who="0" step="1"/><D91/><REACH who="0" ten="240,250,250,250" step="2"/><U25/><E25/><V76/><F131/><AGARI ba="0,1" hai="5,7,9,11,41,43,44,46,62,63,65,66,128,131" machi="131" ten="25,9600,0" yaku="1,1,2,1,22,2,53,0" doraHai="101" doraHaiUra="34" who="0" fromWho="2" sc="240,106,250,0,250,-96,250,0" /><INIT seed="0,1,0,1,2,36" ten="346,250,154,250" oya="0" hai0="47,124,5,21,29,58,132,117,59,12,3,113,33" hai1="92,17,55,27,66,69,77,61,51,28,49,4,131" hai2="48,104,72,108,70,2,75,86,109,50,13,34,102" hai3="11,134,91,68,37,103,67,119,41,111,123,74,105"/><T81/><D113/><U130/><E4/><V107/><F2/><W128/><G91/><T71/><D117/><U62/><E17/><V96/><F34/><W8/><G103/><T87/><D71/><U135/><E77/><V125/><F70/><W115/><G67/><T122/><D122/><U85/><E135/><V95/><F13/><W76/><G76/><T97/><D124/><U10/><E10/><V101/><F48/><W82/><G82/><T83/><D132/><U24/><E24/><V120/><F50/><W129/><G41/><T14/><D3/><U57/><E85/><V121/><F125/><W31/><G31/><T98/><D33/><U43/><E92/><V0/><F0/><W118/><G8/><T1/><D1/><U80/><E80/><V46/><F46/><W30/><G11/><T78/><D5/><U126/><E126/><V23/><F23/><W84/><G30/><T15/><D83/><U35/><E43/><V6/><F6/><W65/><G118/><T100/><D47/><U64/><REACH who="1" step="1"/><E51/><REACH who="1" ten="346,240,154,250" step="2"/><V40/><F40/><W52/><G134/><T25/><D98/><U22/><E22/><V73/><F86/><W112/><G84/><T116/><REACH who="0" step="1"/><D116/><REACH who="0" ten="336,240,154,250" step="2"/><U38/><E38/><V32/><F32/><W127/><G37/><T114/><D114/><U90/><E90/><N who="2" m="55415" /><F121/><W93/><G123/><T53/><D53/><U26/><E26/><V60/><F120/><W19/><G52/><T39/><D39/><U99/><E99/><V133/><F133/><W88/><G115/><T56/><D56/><AGARI ba="1,2" hai="27,28,35,49,55,56,57,61,62,64,66,69,130,131" machi="56" ten="40,5200,0" yaku="1,1,53,2" doraHai="36" doraHaiUra="63" who="1" fromWho="0" sc="336,-55,240,75,154,0,250,0" /><INIT seed="1,0,0,3,5,83" ten="281,315,154,250" oya="1" hai0="106,102,9,26,125,4,116,126,42,16,54,49,85" hai1="91,38,89,1,31,99,73,76,47,78,12,66,122" hai2="40,71,104,109,133,2,58,15,74,65,108,115,45" hai3="93,118,124,81,41,111,128,8,5,68,96,113,27"/><U21/><E1/><V10/><F133/><W88/><G113/><T53/><D116/><U35/><E35/><V117/><F117/><W84/><G118/><T77/><D106/><U134/><E122/><V121/><F121/><W130/><G68/><T79/><D102/><U43/><E134/><V44/><F115/><W103/><G124/><N who="0" m="47723" /><D77/><U92/><E73/><V105/><F74/><W86/><G111/><N who="2" m="42569" /><F71/><W119/><G119/><T61/><D61/><U114/><E114/><V132/><F2/><W110/><G110/><T67/><D67/><U34/><E34/><V95/><F95/><W39/><G27/><T69/><D69/><U97/><E66/><V25/><F25/><W135/><G135/><T101/><D101/><U18/><E31/><V127/><F127/><W75/><G75/><T82/><D49/><U59/><E59/><V46/><F40/><W13/><REACH who="3" step="1"/><G86/><REACH who="3" ten="281,315,154,240" step="2"/><T22/><D42/><U50/><E38/><V98/><F132/><W90/><G90/><T112/><D112/><U57/><E57/><V120/><F120/><W20/><G20/><T23/><D23/><U72/><E72/><V28/><F58/><W123/><G123/><T60/><D60/><U62/><E62/><V107/><F46/><AGARI ba="0,1" hai="5,8,13,39,41,46,81,84,88,93,96,103,128,130" machi="46" ten="40,5200,0" yaku="1,1,52,1,54,1,53,0" doraHai="83" doraHaiUra="29" who="3" fromWho="2" sc="281,0,315,0,154,-52,240,62" /><INIT seed="2,0,0,5,0,120" ten="281,315,102,302" oya="2" hai0="94,134,33,16,68,57,29,47,56,11,109,17,123" hai1="82,77,5,24,18,113,102,35,45,80,116,59,111" hai2="95,124,55,26,1,84,118,125,127,133,119,96,100" hai3="122,88,121,69,85,39,115,131,6,36,135,20,105"/><V9/><F133/><W58/><G69/><T48/><D123/><U12/><E116/><V43/><F43/><W28/><G105/><T60/><D68/><U75/><E113/><V63/><F26/><W8/><G135/><T54/><D134/><U40/><E102/><V30/><F30/><W44/><G131/><T66/><D109/><U110/><E80/><V128/><F128/><W108/><G108/><N who="1" m="41514" /><E5/><N who="2" m="1199" /><F84/><W19/><G28/><T104/><D104/><U42/><E59/><AGARI ba="0,0" hai="55,59,63,95,96,100,118,119,124,125,127" m="1199" machi="59" ten="30,1500,0" yaku="18,1" doraHai="120" who="2" fromWho="1" sc="281,0,315,-15,102,15,302,0" /><INIT seed="2,1,0,3,5,103" ten="281,300,117,302" oya="2" hai0="133,108,110,68,75,28,16,65,84,15,98,87,97" hai1="24,9,126,55,134,39,132,109,119,125,111,131,10" hai2="73,85,12,1,99,46,0,14,61,100,4,78,6" hai3="116,5,94,74,130,37,64,80,57,38,95,72,105"/><V50/><F73/><W3/><G116/><T123/><D75/><U77/><E39/><V34/><F34/><W32/><G32/><T115/><D115/><U27/><E77/><V127/><F127/><N who="1" m="48649" /><E55/><V67/><F85/><N who="0" m="32842" /><D123/><U17/><E119/><V36/><F36/><W23/><G57/><T81/><D81/><U51/><E51/><V71/><F78/><W76/><G23/><N who="0" m="11679" /><D28/><U96/><E96/><V7/><F0/><W69/><G94/><T33/><D33/><U63/><E63/><V31/><F31/><W122/><G95/><T25/><D25/><N who="1" m="9803" /><E131/><V52/><REACH who="2" step="1"/><F1/><REACH who="2" ten="281,300,107,302" step="2"/><W114/><G74/><T135/><D133/><N who="1" m="51307" /><E17/><V128/><F128/><W35/><G130/><T129/><D135/><U66/><E66/><V83/><F83/><W124/><G124/><T93/><D129/><U30/><E30/><V18/><F18/><W11/><G38/><T47/><D65/><U104/><E104/><AGARI ba="1,1" hai="4,6,7,12,14,46,50,52,61,67,71,99,100,104" machi="104" ten="40,12000,1" yaku="1,1,52,1,54,1,53,1" doraHai="103" doraHaiUra="60" who="2" fromWho="1" sc="281,0,300,-123,107,133,302,0" /><INIT seed="2,2,0,1,3,122" ten="281,177,240,302" oya="2" hai0="120,50,83,118,26,15,135,21,87,36,0,68,2" hai1="63,49,13,11,109,75,24,81,45,102,5,25,129" hai2="38,48,92,28,54,125,10,130,123,103,91,33,107" hai3="96,6,43,133,44,85,71,131,119,32,69,127,88"/><V98/><F123/><W121/><G121/><T18/><D36/><U23/><E129/><V82/><F125/><W106/><G119/><T113/><D113/><U105/><E63/><V134/><F134/><W20/><G32/><T90/><D135/><U94/><E105/><V14/><F130/><W9/><G133/><T52/><D68/><U67/><E67/><V86/><F38/><W117/><G117/><T47/><D118/><U8/><E8/><V97/><F33/><W132/><G132/><T126/><D126/><U27/><E75/><V31/><F98/><W34/><G34/><T19/><REACH who="0" step="1"/><D120/><REACH who="0" ten="271,177,240,302" step="2"/><U55/><E81/><V4/><REACH who="2" step="1"/><F107/><REACH who="2" ten="271,177,230,302" step="2"/><W74/><G106/><T60/><D60/><U29/><E29/><V3/><F3/><W84/><G127/><T104/><D104/><U12/><E102/><V37/><F37/><W64/><G131/><T124/><D124/><U76/><E76/><V42/><F42/><W72/><G43/><T35/><D35/><U99/><E99/><V93/><F93/><W110/><G96/><T115/><D115/><U1/><E94/><V114/><F114/><W95/><G95/><T66/><D66/><U62/><E62/><V61/><F61/><W22/><G64/><T39/><D39/><U79/><E79/><V70/><F70/><W80/><G71/><T17/><D17/><U59/><E49/><V41/><F41/><W53/><G69/><T16/><D16/><U51/><E51/><V46/><AGARI ba="2,2" hai="4,10,14,28,31,46,48,54,82,86,91,92,97,103" machi="46" ten="20,12000,1" yaku="1,1,0,1,7,1,8,1,53,1" doraHai="122" doraHaiUra="77" who="2" fromWho="2" sc="271,-42,177,-42,230,146,302,-42" /><INIT seed="2,3,0,4,2,84" ten="229,135,376,260" oya="2" hai0="14,100,71,13,59,110,134,55,121,44,57,126,115" hai1="20,79,125,23,120,99,17,21,36,8,109,116,29" hai2="96,42,95,94,37,124,60,9,10,2,111,130,62" hai3="104,40,7,112,24,85,4,75,81,69,66,51,127"/><V15/><F130/><W132/><G127/><T113/><D121/><U39/><E120/><V97/><F124/><W26/><G132/><T73/><D71/><U106/><E125/><V67/><F111/><W92/><G104/><T105/><D134/><U12/><E109/><V64/><F2/><W87/><G75/><T131/><D73/><U25/><E116/><V108/><F108/><W72/><G72/><T91/><D131/><U74/><E74/><V102/><F37/><W48/><G66/><T34/><D110/><U53/><E79/><V77/><F77/><W83/><G69/><T16/><D34/><U129/><E129/><V133/><F133/><W41/><G92/><T43/><D126/><U114/><E114/><AGARI ba="3,0" hai="4,7,24,26,40,41,48,51,81,83,85,87,112,114" machi="114" ten="25,1600,0" yaku="22,2" doraHai="84" who="3" fromWho="1" sc="229,0,135,-25,376,0,260,25" /><INIT seed="3,0,0,4,4,128" ten="229,110,376,285" oya="3" hai0="17,54,33,67,97,126,55,69,34,49,89,82,108" hai1="133,71,18,7,132,95,10,66,121,47,30,42,31" hai2="118,64,98,84,76,62,117,61,104,29,119,92,111" hai3="124,21,39,9,90,38,1,112,78,122,106,4,25"/><W2/><G122/><T6/><D108/><U85/><E121/><V63/><F111/><W32/><G106/><T40/><D126/><U103/><E18/><V51/><F104/><W35/><G112/><T109/><D6/><U56/><E71/><V0/><F0/><W83/><G124/><T57/><D40/><U46/><E56/><V8/><F29/><W72/><G1/><T127/><D69/><U131/><E66/><V115/><F115/><W37/><REACH who="3" step="1"/><G90/><REACH who="3" ten="229,110,376,275" step="2"/><T22/><D89/><N who="1" m="53679" /><E103/><V123/><F123/><W41/><G41/><T75/><D127/><U68/><E131/><V88/><F119/><W114/><G114/><T105/><D105/><U19/><E68/><V16/><F118/><W23/><G23/><T110/><D22/><U48/><E19/><AGARI ba="0,1" hai="2,4,9,19,21,25,32,35,37,38,39,72,78,83" machi="19" ten="40,2000,0" yaku="1,1,53,0" doraHai="128" doraHaiUra="129" who="3" fromWho="1" sc="229,0,110,-20,376,0,275,30" /><INIT seed="3,1,0,5,4,70" ten="229,90,376,305" oya="3" hai0="124,24,50,134,13,28,9,10,117,56,85,92,97" hai1="2,109,69,37,82,35,127,128,3,122,23,34,71" hai2="67,38,14,99,88,129,58,72,8,100,53,76,126" hai3="61,91,4,63,49,44,51,17,90,87,18,93,66"/><W112/><G112/><T47/><D117/><U116/><E23/><V110/><F110/><W114/><G114/><T119/><D124/><U19/><E19/><V30/><F129/><W25/><G4/><T59/><D119/><U39/><E82/><V27/><F126/><W103/><G103/><T11/><D13/><U84/><E84/><V131/><F131/><W89/><G51/><T15/><D15/><U64/><E64/><V31/><F38/><N who="1" m="14345" /><E116/><V102/><F67/><W118/><G118/><T5/><D5/><U74/><E127/><V123/><F123/><W65/><G93/><T96/><D85/><U54/><E54/><V22/><F31/><W133/><G87/><T80/><D80/><U101/><E101/><V41/><F102/><W95/><G95/><T113/><D113/><U40/><E40/><V111/><F41/><W1/><G90/><T83/><D83/><U60/><E60/><V135/><F88/><W106/><G91/><N who="0" m="55327" /><D97/><U55/><E55/><V107/><F53/><W6/><G89/><T29/><D29/><U16/><E16/><V125/><F125/><W75/><G17/><T68/><D28/><U32/><E128/><V81/><F30/><W73/><G18/><T121/><D9/><U77/><E122/><V52/><F8/><W105/><G63/><T46/><D121/><U62/><E62/><V7/><F100/><W132/><G61/><T0/><D10/><U20/><E20/><V104/><F22/><W45/><G66/><T36/><D11/><U78/><E109/><V79/><F111/><W57/><G65/><T115/><D115/><RYUUKYOKU ba="1,0" sc="229,0,90,0,376,0,305,0" /><INIT seed="4,2,0,0,4,57" ten="229,90,376,305" oya="0" hai0="1,106,123,22,72,45,120,38,37,91,13,24,103" hai1="49,50,14,59,3,27,68,134,121,98,105,48,18" hai2="60,100,85,64,104,61,83,75,86,96,56,99,90" hai3="20,119,58,53,102,93,113,62,78,32,69,29,87"/><T97/><D1/><U26/><E121/><V28/><F75/><W108/><G119/><T130/><D72/><U107/><E3/><V2/><F2/><W112/><G108/><T127/><D127/><U65/><E68/><V115/><F115/><N who="3" m="44107" /><G32/><T6/><D130/><U16/><E134/><V44/><F28/><W52/><G69/><T92/><D38/><U80/><E80/><V11/><F11/><W117/><G117/><T81/><D81/><U51/><N who="1" m="12288" /><DORA hai="84" /><U0/><E0/><V114/><F44/><W17/><G29/><T116/><D116/><U131/><E131/><V76/><F114/><W23/><G17/><T36/><D36/><U47/><E47/><V10/><F10/><W94/><G94/><T73/><D73/><U55/><E65/><V125/><F125/><W9/><G9/><T124/><D124/><U133/><E133/><V43/><F43/><W89/><G102/><T33/><D33/><U8/><E98/><V129/><F129/><W46/><G78/><T67/><D67/><U21/><REACH who="1" step="1"/><E27/><REACH who="1" ten="229,80,376,305" step="2"/><V79/><F99/><W66/><G46/><T15/><D45/><U110/><E110/><V111/><F111/><W77/><G77/><T95/><D37/><U12/><E12/><V42/><F79/><W122/><G122/><T31/><D15/><U74/><E74/><V135/><F135/><W35/><G66/><T41/><D123/><U118/><E118/><V63/><F42/><W30/><G53/><T101/><D120/><U109/><E109/><V71/><F71/><W88/><G52/><T70/><D70/><U40/><E40/><RYUUKYOKU ba="2,1" sc="229,-15,80,15,376,15,305,-15" hai1="8,14,16,18,21,26,55,59,105,107" hai2="56,60,61,63,64,76,83,85,86,90,96,100,104" /><INIT seed="5,3,1,3,4,34" ten="214,95,391,290" oya="1" hai0="36,117,43,20,49,24,120,74,48,30,133,57,86" hai1="47,27,1,31,131,45,13,11,40,128,85,61,91" hai2="12,113,68,28,83,124,10,16,19,80,75,22,42" hai3="92,58,110,87,41,82,6,123,63,103,125,35,59"/><U17/><E1/><V84/><F68/><W55/><G35/><T109/><D117/><U95/><E61/><V53/><F113/><W46/><G110/><T32/><D74/><U116/><E116/><V108/><F108/><W4/><G123/><T3/><D120/><U79/><E79/><V67/><F124/><W60/><G125/><T65/><D133/><U64/><E64/><V56/><F67/><W23/><G23/><T107/><D107/><U130/><REACH who="1" step="1"/><E40/><REACH who="1" ten="214,85,391,290" step="2"/><V132/><F42/><W112/><G41/><T76/><D3/><U9/><E9/><V7/><F10/><W62/><G62/><T129/><D109/><U98/><E98/><V90/><F53/><W104/><G60/><T115/><D43/><U2/><E2/><V105/><F132/><W70/><G63/><T102/><D65/><U93/><E93/><V81/><F105/><W14/><G92/><T18/><D76/><U77/><E77/><V97/><F97/><W126/><G104/><T50/><D115/><U114/><E114/><V127/><F127/><W101/><G55/><T44/><D49/><U88/><E88/><V72/><F90/><W100/><G126/><T78/><D50/><U118/><E118/><V21/><F75/><W39/><G112/><T51/><D48/><U66/><E66/><V121/><F72/><W135/><G135/><T38/><D51/><U5/><E5/><V119/><F7/><W8/><G4/><T26/><D78/><U29/><E29/><V122/><F119/><W52/><G6/><T96/><D30/><U106/><E106/><V37/><F28/><RYUUKYOKU ba="3,2" sc="214,-10,85,30,391,-10,290,-10" hai1="11,13,17,27,31,45,47,85,91,95,128,130,131" /><INIT seed="5,4,2,0,5,22" ten="204,115,381,280" oya="1" hai0="2,124,109,70,113,90,44,82,41,55,125,34,65" hai1="93,62,38,76,21,50,10,40,56,110,95,116,3" hai2="71,64,118,52,33,68,119,123,108,6,80,14,67" hai3="120,37,85,89,16,43,58,91,92,77,23,101,18"/><U111/><E116/><V100/><F33/><W46/><G120/><T69/><D109/><N who="1" m="41483" /><E38/><V4/><F108/><W45/><G45/><T35/><D113/><U11/><E76/><V78/><F123/><W130/><G130/><T36/><D2/><U5/><E11/><V74/><F100/><W26/><G58/><T128/><D128/><U121/><E121/><V87/><F87/><W99/><REACH who="3" step="1"/><G18/><REACH who="3" ten="204,115,381,270" step="2"/><T31/><D70/><U1/><E1/><V102/><F71/><W79/><G79/><T98/><D69/><U42/><E21/><V29/><F68/><W19/><G19/><T88/><D34/><U66/><E40/><V12/><F78/><W9/><G9/><T86/><D35/><U129/><E129/><V131/><F131/><W0/><G0/><T27/><D41/><U30/><E30/><V25/><F29/><W127/><G127/><T7/><D31/><U49/><E49/><V132/><F118/><W114/><G114/><T112/><D112/><U133/><E133/><V105/><F132/><W73/><G73/><T97/><D125/><U103/><E103/><V126/><F74/><W15/><G15/><T59/><D124/><U39/><E39/><V96/><F14/><W57/><G57/><T54/><D36/><U75/><E75/><V84/><F12/><W51/><G51/><T72/><D72/><U47/><AGARI ba="4,3" hai="3,5,10,42,47,50,56,62,66,93,95" m="41483" machi="47" ten="30,1500,0" yaku="10,1" doraHai="22" who="1" fromWho="1" sc="204,-9,115,57,381,-9,270,-9" /><INIT seed="5,5,0,4,5,96" ten="195,172,372,261" oya="1" hai0="117,22,40,64,54,20,76,79,72,2,70,63,10" hai1="82,21,113,61,34,59,13,16,75,93,88,102,107" hai2="26,24,123,39,51,27,19,37,109,111,94,73,99" hai3="62,130,45,133,89,32,127,44,100,33,55,69,77"/><U7/><E34/><V126/><F123/><W112/><G77/><T132/><D117/><U122/><E122/><V31/><F73/><W128/><G89/><T3/><D132/><U106/><E113/><V103/><F19/><W57/><G133/><T23/><D40/><U124/><E124/><V74/><F74/><W97/><G69/><T104/><D104/><U42/><E42/><V17/><F17/><W91/><G91/><T15/><D54/><U78/><E7/><V85/><F31/><W29/><G127/><T90/><D76/><U56/><E102/><V83/><F126/><W92/><G112/><T95/><D79/><U101/><E101/><V11/><F11/><W30/><G44/><T66/><D66/><U58/><REACH who="1" step="1"/><E61/><REACH who="1" ten="195,162,372,261" step="2"/><V86/><F103/><W1/><G33/><T116/><D116/><U131/><E131/><V80/><F111/><W6/><G32/><T38/><D38/><U52/><E52/><V108/><F39/><W129/><G6/><T119/><D119/><U49/><E49/><V120/><F51/><N who="3" m="29167" /><G1/><T50/><D50/><U81/><E81/><V118/><F80/><W53/><AGARI ba="5,1" hai="29,30,53,57,62,92,97,100,128,129,130" m="29167" machi="53" ten="30,2000,0" yaku="19,1,52,1" doraHai="96" who="3" fromWho="3" sc="195,-10,162,-15,372,-10,261,45" /><INIT seed="6,0,0,5,4,68" ten="185,147,362,306" oya="2" hai0="133,109,90,115,21,86,30,105,37,16,54,98,103" hai1="110,63,91,6,46,80,74,87,27,9,11,131,12" hai2="102,127,17,20,1,5,126,100,107,47,0,71,26" hai3="72,83,8,85,81,29,79,36,82,73,112,32,25"/><V78/><F71/><W15/><G112/><T99/><D109/><U95/><E110/><V84/><F47/><W89/><G81/><T88/><D133/><U70/><E131/><V66/><F66/><W125/><G125/><N who="2" m="47625" /><F107/><W92/><G36/><T130/><D37/><U28/><E70/><V123/><F123/><W108/><G108/><T76/><D30/><U75/><E63/><V50/><F50/><W19/><REACH who="3" step="1"/><G83/><REACH who="3" ten="185,147,362,296" step="2"/><T61/><D115/><U31/><E80/><N who="2" m="47127" /><F5/><W64/><G64/><T101/><D130/><U106/><E106/><V38/><F38/><W57/><G57/><T124/><D124/><U45/><E75/><AGARI ba="0,1" hai="8,15,19,25,29,32,72,73,75,79,82,85,89,92" machi="75" ten="30,2000,0" yaku="1,1,7,1,53,0" doraHai="68" doraHaiUra="18" who="3" fromWho="1" sc="185,0,147,-20,362,0,296,30" /><INIT seed="7,0,0,2,4,26" ten="185,127,362,326" oya="3" hai0="100,114,29,19,31,75,125,68,108,5,30,134,98" hai1="43,107,13,85,82,49,88,36,15,99,21,16,124" hai2="52,89,76,110,119,64,54,80,38,126,10,117,97" hai3="51,73,6,91,53,59,3,28,66,2,102,12,56"/><W18/><G73/><T11/><D75/><U111/><E36/><V87/><F110/><W78/><G78/><T58/><D108/><U61/><E111/><V95/><F38/><W41/><G102/><T46/><D68/><U120/><E120/><V35/><F35/><W104/><G104/><T94/><D134/><U132/><E132/><V115/><F115/><W7/><G41/><T118/><D118/><U127/><E15/><V84/><F126/><W1/><G91/><T77/><D125/><N who="1" m="48203" /><E61/><V47/><F64/><W0/><G0/><T90/><D77/><U4/><E4/><V92/><F10/><W71/><G71/><T24/><D114/><U33/><E43/><V81/><F95/><W34/><G59/><T128/><D128/><U96/><E107/><V106/><F106/><W14/><G66/><T122/><D122/><U23/><E33/><V55/><REACH who="2" step="1"/><F47/><REACH who="2" ten="185,127,352,326" step="2"/><W60/><G34/><T45/><D46/><U42/><E23/><V63/><F63/><W103/><G60/><T113/><D45/><AGARI ba="0,1" hai="13,16,21,42,45,49,82,85,88,96,99" m="48203" machi="45" ten="30,3900,0" yaku="18,1,54,2" doraHai="26" who="1" fromWho="0" sc="185,-39,127,49,352,0,326,0" owari="146,-35.0,176,-22.0,352,44.0,326,13.0" /></mjloggm>