<mjloggm ver="2.3"><GO type="225" lobby="0"/><UN n0="%E3%82%8A%E3%81%9D%E3%81%86%E3%81%A2%E3%82%83%E3%82%93%E3%81%97%E2%99%AA" n1="%E4%B8%8A%E5%AE%B6%E9%B3%B4%E3%81%8B%E3%81%9B%E3%82%8D" n2="%E3%83%88%E3%83%88%E3%83%AA%E5%85%88%E7%94%9F%31%39%E6%AD%B3" n3="%E4%B8%80%E3%83%8E%E7%80%AC%E5%85%AD%E6%89%8B" dan="16,16,18,16" rate="2051.58,2074.70,2262.49,2056.51" sx="M,M,F,M"/><TAIKYOKU oya="0"/><INIT seed="0,0,0,3,0,31" ten="250,250,250,250" oya="0" hai0="68,15,8,113,4,102,53,97,103,32,52,41,0" hai1="47,109,67,87,74,108,106,22,117,85,57,11,42" hai2="49,55,21,124,9,10,30,130,77,56,81,17,24" hai3="44,27,119,58,39,38,110,37,131,75,112,100,118"/><T46/><D113/><U128/><E74/><V135/><F130/><W3/><G112/><T5/><D68/><U35/><E117/><V84/><F135/><W101/><G131/><T71/><D71/><U13/><E128/><V88/><F124/><W12/><G3/><T48/><D32/><U98/><E22/><V82/><REACH who="2" step="1"/><F30/><REACH who="2" ten="250,250,240,250" step="2"/><W62/><G118/><T105/><D103/><U95/><E108/><V133/><F133/><W19/><G119/><T29/><D29/><U127/><E109/><V16/><F16/><W99/><G110/><T33/><D33/><U116/><E35/><V126/><F126/><W132/><G101/><T72/><D72/><AGARI ba="0,1" hai="9,10,17,21,24,49,55,56,72,77,81,82,84,88" machi="72" ten="30,3900,0" yaku="1,1,7,1,54,1,53,0" doraHai="31" doraHaiUra="125" who="2" fromWho="0" sc="250,-39,250,0,240,49,250,0" /><INIT seed="1,0,0,4,5,29" ten="211,250,289,250" oya="1" hai0="125,10,61,49,69,106,113,63,119,47,73,66,1" hai1="24,22,72,33,28,80,8,50,133,7,34,87,121" hai2="20,75,96,92,19,120,74,90,36,111,45,23,38" hai3="108,37,5,77,58,42,51,14,60,6,21,57,91"/><U13/><E121/><V67/><F120/><W123/><G123/><T31/><D113/><U79/><E133/><V124/><F111/><W88/><G108/><T52/><D119/><U93/><E72/><V53/><F124/><W135/><G135/><T107/><D125/><U25/><E93/><V11/><F23/><W115/><G115/><T132/><D132/><U130/><E130/><V70/><F11/><W71/><G71/><T64/><D73/><U86/><E86/><V109/><F109/><W105/><G105/><T9/><D31/><U68/><E68/><V100/><F38/><W41/><G37/><T116/><D116/><U98/><E98/><V101/><F67/><N who="3" m="39311" /><G77/><T82/><D82/><U17/><E50/><V46/><F70/><W15/><G58/><T65/><D69/><U103/><E103/><V55/><F74/><W112/><G112/><T44/><D1/><U97/><E97/><V85/><F75/><W54/><G51/><T117/><D117/><U12/><E12/><V122/><F122/><W18/><G15/><T84/><D84/><U131/><E131/><V134/><F101/><W59/><G91/><T78/><D78/><U110/><E110/><V35/><F134/><W4/><G88/><T128/><D128/><U32/><AGARI ba="0,0" hai="7,8,13,17,22,24,25,28,32,33,34,79,80,87" machi="32" ten="20,12000,1" yaku="0,1,7,1,52,3" doraHai="29" who="1" fromWho="1" sc="211,-40,250,120,289,-40,250,-40" /><INIT seed="1,1,0,1,1,27" ten="171,370,249,210" oya="1" hai0="62,8,23,114,109,87,89,18,125,20,0,54,17" hai1="126,110,86,74,72,65,67,26,57,134,95,92,97" hai2="84,103,90,123,9,111,38,75,10,69,71,115,4" hai3="56,70,99,52,124,130,66,131,21,128,77,133,129"/><U61/><E126/><V73/><F123/><W28/><G124/><T32/><D32/><U53/><E134/><V3/><F38/><W49/><G133/><T29/><D114/><U51/><E110/><V7/><F111/><W6/><G77/><T135/><D135/><U33/><E86/><V79/><F115/><W76/><G76/><T63/><D125/><U36/><E36/><V118/><F118/><W50/><G6/><T40/><D40/><U37/><E37/><V122/><F122/><W15/><G128/><T102/><D102/><U107/><E107/><V1/><F79/><W78/><G78/><T12/><D109/><U5/><E5/><V88/><F103/><W39/><G39/><T105/><D105/><U48/><E48/><V14/><F14/><W2/><G2/><T31/><D0/><U43/><E43/><V46/><F46/><W35/><G35/><T117/><D117/><U108/><E108/><V59/><F59/><W30/><G99/><T68/><D68/><U83/><E83/><V58/><F58/><W60/><G50/><T25/><D54/><U34/><E34/><V104/><F104/><W120/><G120/><T113/><D113/><U106/><E106/><V116/><F116/><W81/><G81/><N who="0" m="49391" /><D8/><U132/><E132/><V93/><REACH who="2" step="1"/><F90/><REACH who="2" ten="171,370,239,210" step="2"/><W100/><G100/><T19/><D12/><U119/><E119/><V80/><F80/><W41/><G41/><T94/><D94/><U44/><E95/><V121/><F121/><W98/><G98/><T55/><D55/><U112/><E112/><V45/><F45/><W42/><G42/><RYUUKYOKU ba="1,1" sc="171,10,370,-30,239,10,210,10" hai0="17,18,19,20,23,25,29,31,62,63" hai2="1,3,4,7,9,10,69,71,73,75,84,88,93" hai3="15,21,28,30,49,52,56,60,66,70,129,130,131" /><INIT seed="2,2,1,1,2,84" ten="181,340,249,220" oya="2" hai0="32,90,111,6,87,82,58,19,36,60,78,1,7" hai1="98,118,100,129,114,67,94,89,29,104,95,49,64" hai2="79,51,9,76,134,17,74,8,61,75,22,2,20" hai3="83,12,81,97,133,55,66,116,14,27,86,108,130"/><V85/><F134/><W23/><G133/><T4/><D111/><U101/><E114/><V119/><F119/><W106/><G116/><T125/><D125/><U54/><E118/><V63/><F85/><W128/><G108/><T122/><D122/><U131/><E29/><V113/><F51/><W41/><G41/><T126/><D126/><U105/><E105/><V30/><F30/><W33/><G33/><T120/><D120/><U127/><E127/><V5/><F17/><W70/><G55/><N who="0" m="33887" /><D32/><U44/><E95/><V21/><F113/><W52/><G70/><T115/><D36/><U124/><E124/><V68/><F68/><W62/><G66/><N who="1" m="25130" /><E104/><V110/><F110/><W0/><G0/><T57/><D115/><U45/><E45/><V69/><F69/><W39/><G39/><T93/><D1/><U25/><E25/><V59/><F59/><N who="3" m="35175" /><G106/><T121/><D121/><U135/><E135/><V123/><F123/><W38/><G38/><T71/><D71/><U72/><E72/><V43/><F75/><W56/><G56/><T34/><D57/><U73/><E73/><V31/><F74/><W109/><G109/><T3/><D34/><U117/><E117/><V80/><F63/><W88/><G83/><T24/><D3/><U35/><E35/><V53/><F80/><W28/><G97/><N who="0" m="57527" /><D6/><U50/><E50/><V42/><F5/><W92/><G81/><T102/><D102/><U91/><E101/><V40/><F2/><W16/><G28/><T18/><D18/><U48/><E48/><V132/><F31/><W112/><G112/><T96/><D96/><RYUUKYOKU ba="2,1" sc="181,10,340,10,249,-30,220,10" hai0="4,7,19,24,78,82,87" hai1="44,49,54,89,91,94,98,100,129,131" hai3="12,14,16,23,27,86,88,92,128,130" /><INIT seed="3,3,1,0,3,52" ten="191,350,219,230" oya="3" hai0="45,119,29,94,98,58,40,20,99,114,83,21,130" hai1="62,107,93,16,5,12,128,86,13,37,35,11,122" hai2="78,61,68,28,39,70,53,87,63,134,65,69,111" hai3="105,38,115,101,43,60,48,42,104,121,15,135,108"/><W0/><G115/><T18/><D119/><U88/><E107/><V125/><F39/><W133/><G121/><T59/><D130/><U72/><E72/><V97/><F111/><W55/><G108/><T127/><D127/><U89/><E128/><V23/><F125/><W117/><G117/><T26/><D114/><U132/><E132/><N who="3" m="50762" /><G0/><T102/><D83/><U81/><E37/><V7/><F134/><W66/><G15/><T9/><D9/><U76/><E35/><V50/><F7/><W85/><G85/><T4/><D4/><U129/><E129/><V1/><F1/><W54/><G101/><T131/><D99/><U79/><E122/><V22/><F28/><W74/><G74/><T3/><D3/><U32/><E32/><V56/><F97/><W77/><G77/><T8/><D8/><N who="1" m="6183" /><E62/><V49/><F70/><N who="3" m="42311" /><G54/><T116/><D131/><U123/><E123/><V25/><F69/><W31/><G31/><T10/><D10/><U113/><E113/><V110/><F110/><W17/><G17/><T51/><D116/><U34/><E34/><V82/><F68/><W30/><G30/><T120/><D120/><U95/><E81/><V103/><F82/><W33/><G33/><T92/><D92/><U64/><E64/><V96/><F65/><W2/><G2/><T41/><D41/><N who="3" m="15369" /><G38/><T126/><D126/><U71/><E71/><V84/><F78/><W67/><G67/><T19/><D29/><U109/><E109/><V24/><F103/><W46/><AGARI ba="3,1" hai="46,48,55,104,105" m="15369,42311,50762" machi="46" ten="30,1500,0" yaku="20,1" doraHai="52" who="3" fromWho="3" sc="191,-8,350,-8,219,-8,230,34" /><INIT seed="3,4,0,2,4,95" ten="183,342,211,264" oya="3" hai0="20,57,2,40,58,27,94,133,99,0,125,116,87" hai1="122,83,119,68,100,32,108,51,72,47,46,96,134" hai2="106,109,64,66,131,38,16,86,77,3,15,31,29" hai3="28,49,82,114,92,88,36,22,97,50,8,39,124"/><W130/><G114/><T84/><D116/><U132/><E122/><V121/><F3/><W1/><G124/><T6/><D133/><N who="1" m="51307" /><E108/><V123/><F38/><W127/><G127/><T98/><D125/><U110/><E110/><V56/><F106/><W61/><G130/><T90/><D40/><U24/><E119/><V11/><F109/><W48/><G61/><T91/><D6/><U13/><E68/><V5/><F131/><W19/><G82/><N who="0" m="49527" /><D2/><U115/><E115/><V89/><F77/><W113/><G113/><T81/><D0/><U103/><E103/><V65/><F56/><N who="0" m="21610" /><D81/><U44/><E13/><N who="2" m="5359" /><F121/><W111/><G111/><T9/><D9/><U79/><E24/><V69/><F69/><W37/><G1/><T17/><AGARI ba="4,0" hai="17,20,27,84,91,94,98,99" m="21610,49527" machi="17" ten="30,4000,0" yaku="8,1,52,2" doraHai="95" who="0" fromWho="0" sc="183,52,342,-14,211,-14,264,-24" owari="235,-16.0,328,42.0,197,-30.0,240,4.0" /></mjloggm>