<mjloggm ver="2.3"><GO type="169" lobby="0"/><UN n0="%E3%81%AD%E3%82%8A%E3%82%B4%E3%83%9E" n1="%E2%98%86%E2%98%85%E5%A4%A9%E6%B1%9F%E8%A1%A3%E2%98%85%E2%98%86" n2="%E3%82%A6%E3%83%AB%E3%83%88%E3%83%A9%E7%AB%8B%E7%9B%B4" n3="%62%6F%6E%6F%73%2E%2E" dan="16,16,17,16" rate="2108.83,2086.35,2189.21,2069.79" sx="M,M,M,M"/><TAIKYOKU oya="0"/><INIT seed="0,0,0,4,3,114" ten="250,250,250,250" oya="0" hai0="34,122,29,131,120,62,84,11,57,81,129,37,109" hai1="112,21,111,127,105,113,106,128,39,71,74,70,33" hai2="118,36,19,0,31,3,124,1,132,56,23,53,115" hai3="43,130,77,102,117,38,76,103,40,66,90,93,49"/><T7/><D37/><U51/><RYUUKYOKU type="yao9" ba="0,0" sc="250,0,250,0,250,0,250,0" hai1="21,33,39,51,70,71,74,105,106,111,112,113,127,128" /><INIT seed="0,1,0,0,3,70" ten="250,250,250,250" oya="0" hai0="15,122,31,130,73,36,67,29,101,100,120,126,42" hai1="95,90,47,34,45,127,21,26,96,59,24,132,119" hai2="82,76,64,103,121,23,63,88,60,3,52,104,102" hai3="55,66,18,30,91,92,28,46,108,111,13,37,94"/><T9/><D73/><U19/><E119/><V14/><F3/><W89/><G66/><T51/><D67/><U61/><E132/><V56/><F121/><W110/><G55/><T2/><D2/><U72/><E72/><V41/><F41/><N who="3" m="22831" /><G94/><T10/><D51/><U135/><E135/><V27/><F104/><W65/><G65/><T58/><D58/><U11/><E127/><V115/><F14/><W4/><G4/><T32/><D32/><U79/><E79/><V99/><F115/><W83/><G83/><T98/><D126/><U87/><E11/><V77/><F77/><W8/><G91/><T38/><D42/><U128/><E87/><AGARI ba="1,0" hai="8,13,18,28,30,87,89,92,108,110,111" m="22831" machi="87" ten="30,2000,0" yaku="14,1,52,1" doraHai="70" who="3" fromWho="1" sc="250,0,250,-23,250,0,250,23" /><INIT seed="1,0,0,5,2,67" ten="250,227,250,273" oya="1" hai0="122,20,3,13,119,126,56,58,48,84,110,33,106" hai1="28,46,57,59,62,26,90,123,131,68,24,41,65" hai2="79,8,31,7,77,98,100,9,51,21,80,103,83" hai3="64,81,114,125,97,50,108,105,35,70,0,95,61"/><U32/><E123/><V30/><F51/><W121/><G121/><T118/><D106/><U89/><E131/><V78/><F21/><W94/><G114/><T19/><D33/><U133/><E133/><V73/><F73/><W42/><G0/><T27/><D122/><U52/><E26/><V115/><F115/><W71/><G71/><T112/><D112/><U75/><E75/><V55/><F55/><W82/><G105/><T134/><D3/><U127/><E127/><V22/><F22/><W45/><G108/><T40/><D126/><U101/><E101/><V11/><F7/><W93/><G35/><T29/><D110/><U16/><E16/><V1/><F1/><W25/><G125/><T5/><D5/><U104/><E104/><V124/><F124/><W15/><G97/><T14/><D134/><U99/><E99/><V54/><F54/><W120/><G120/><T47/><D118/><U23/><E32/><V18/><F18/><W37/><G25/><T111/><D119/><U135/><E135/><V91/><F91/><W2/><G2/><T109/><D84/><U44/><E59/><V85/><F85/><W74/><G74/><T66/><D14/><U60/><E46/><V69/><F69/><W12/><G12/><T76/><D76/><U4/><REACH who="1" step="1"/><E4/><REACH who="1" ten="250,217,250,273" step="2"/><V117/><F117/><W36/><G15/><T130/><D130/><U96/><E96/><V102/><F98/><W88/><G45/><T43/><D43/><U38/><AGARI ba="0,1" hai="23,24,28,38,41,44,52,57,60,62,65,68,89,90" machi="38" ten="20,12000,1" yaku="1,1,0,1,7,1,52,1,54,1,53,0" doraHai="67" doraHaiUra="6" who="1" fromWho="1" sc="250,-40,217,130,250,-40,273,-40" /><INIT seed="1,1,0,2,4,29" ten="210,347,210,233" oya="1" hai0="54,69,83,47,84,59,68,77,11,55,126,46,98" hai1="62,66,39,27,38,132,85,95,67,10,70,73,75" hai2="3,117,115,122,53,114,21,51,8,56,103,135,20" hai3="63,5,1,130,88,41,26,110,25,71,79,125,32"/><U16/><E132/><V48/><F117/><W18/><G110/><T129/><D129/><U105/><E105/><V96/><F122/><W109/><G109/><T82/><D126/><U31/><E67/><V81/><F135/><W108/><G108/><T119/><D119/><U33/><E95/><V35/><F81/><W23/><G79/><T106/><D11/><U6/><E85/><V107/><F48/><W4/><G41/><T13/><D106/><U37/><REACH who="1" step="1"/><E16/><REACH who="1" ten="210,337,210,233" step="2"/><V60/><F107/><W50/><G18/><T134/><D84/><U112/><E112/><V120/><F115/><W104/><G104/><T12/><D134/><U102/><E102/><V58/><F103/><W15/><G125/><T90/><D98/><U9/><E9/><V80/><F96/><W76/><G130/><T87/><D87/><U121/><E121/><V97/><F97/><W57/><G26/><T123/><D123/><U92/><E92/><V128/><F128/><W72/><G25/><T17/><D17/><U36/><N who="1" m="9216" /><DORA hai="14" /><U44/><E44/><V116/><F8/><W19/><G19/><T2/><D82/><U61/><E61/><V118/><F60/><W89/><G63/><T0/><D83/><U28/><E28/><V74/><F80/><W91/><G72/><T113/><D113/><U111/><E111/><V86/><F74/><W94/><G94/><T64/><D64/><U34/><E34/><V52/><F120/><W42/><G32/><T127/><D127/><U43/><E43/><V101/><F35/><W45/><G42/><T22/><D77/><U24/><E24/><RYUUKYOKU ba="1,1" sc="210,-10,337,30,210,-10,233,-10" hai1="6,10,27,31,33,62,66,70,73,75" /><INIT seed="1,2,1,2,4,23" ten="200,367,200,223" oya="1" hai0="124,14,91,129,81,8,12,32,77,102,68,39,84" hai1="63,107,117,121,44,38,127,58,94,45,59,110,126" hai2="131,13,31,96,60,119,61,99,50,86,112,24,54" hai3="19,100,57,66,132,55,135,0,47,29,16,80,118"/><U82/><E107/><V113/><F119/><W122/><G122/><T41/><D68/><U20/><E117/><V108/><F13/><W71/><G0/><T92/><D32/><U9/><E121/><V52/><F86/><W2/><G2/><T98/><D124/><N who="1" m="47659" /><E110/><V64/><F108/><W134/><G118/><T43/><D129/><U10/><E82/><V70/><F61/><N who="3" m="40399" /><G47/><N who="1" m="17994" /><E38/><V25/><F131/><W33/><G100/><T46/><D41/><U115/><E115/><N who="2" m="44107" /><F31/><W36/><G80/><T109/><D109/><U69/><E94/><V67/><F67/><W103/><G103/><T128/><D128/><U21/><E69/><V73/><F73/><W114/><G36/><T125/><D125/><U6/><E59/><N who="2" m="33175" /><F54/><W26/><G114/><T4/><REACH who="0" step="1"/><D102/><REACH who="0" ten="190,367,200,223" step="2"/><U22/><E6/><V42/><F42/><W35/><G35/><T76/><D76/><U104/><E104/><V89/><F89/><W3/><G33/><T85/><D85/><U87/><E87/><V97/><AGARI ba="2,2" hai="24,25,60,64,70,96,97,99" m="33175,44107" machi="97" ten="30,7900,0" yaku="11,1,52,2,54,1" doraHai="23" who="2" fromWho="2" sc="190,-22,367,-41,200,105,223,-22" /><INIT seed="2,0,0,2,2,126" ten="168,326,305,201" oya="2" hai0="135,87,51,50,129,60,43,20,120,79,56,40,38" hai1="134,59,110,37,28,132,32,52,0,9,23,64,21" hai2="108,69,76,45,26,82,33,103,74,106,102,83,101" hai3="93,27,133,15,67,77,6,125,130,86,63,61,128"/><V109/><F69/><W22/><G125/><T96/><D120/><U5/><E110/><N who="2" m="42603" /><F45/><W116/><G116/><T34/><D34/><U44/><E32/><V104/><F26/><W122/><G122/><T17/><D38/><U118/><E118/><V113/><F33/><W123/><G123/><T121/><D121/><U89/><E89/><V95/><F113/><W119/><G119/><T8/><D135/><N who="1" m="51755" /><E64/><V111/><F111/><W88/><G77/><T114/><D114/><U85/><E28/><V117/><F117/><W71/><G133/><T18/><D129/><N who="3" m="49769" /><G61/><T75/><D75/><U84/><E44/><V127/><F127/><W105/><G105/><N who="2" m="40553" /><F83/><W98/><G98/><AGARI ba="0,0" hai="74,76,82,95,98,101,102,103" m="40553,42603" machi="98" ten="30,11600,0" yaku="14,1,10,1,34,2" doraHai="126" who="2" fromWho="3" sc="168,0,326,0,305,116,201,-116" /><INIT seed="2,1,0,2,2,87" ten="168,326,421,85" oya="2" hai0="97,81,102,59,134,107,115,85,94,60,108,6,30" hai1="49,105,13,35,73,55,70,122,124,93,129,61,120" hai2="92,56,119,2,117,36,101,14,67,63,112,29,131" hai3="111,20,65,82,103,74,80,72,135,66,83,95,39"/><V91/><F2/><W89/><G111/><T40/><D115/><U64/><E105/><V71/><F36/><W32/><G32/><T18/><D108/><U16/><E129/><V130/><F101/><W88/><G39/><T51/><D134/><U21/><E124/><V43/><F43/><W15/><G135/><T123/><D123/><N who="1" m="47147" /><E73/><V90/><F29/><W78/><G74/><T33/><D6/><U47/><E35/><V57/><F112/><W96/><G72/><T19/><D107/><U38/><E38/><V132/><F14/><W126/><G78/><T62/><D33/><U9/><E93/><V25/><F25/><W69/><G126/><T17/><D30/><U110/><E110/><V79/><F79/><W58/><G69/><T127/><D127/><U7/><E21/><V3/><F3/><W8/><G20/><T133/><D133/><U0/><E0/><V109/><F132/><W34/><G34/><T45/><REACH who="0" step="1"/><D59/><REACH who="0" ten="158,326,421,85" step="2"/><U50/><E7/><V52/><F109/><W118/><G58/><T26/><D26/><U4/><E4/><V1/><F57/><W42/><G118/><T114/><D114/><U128/><E128/><N who="2" m="49195" /><F119/><W98/><G42/><T99/><D99/><U68/><E68/><V86/><F117/><W116/><G116/><T75/><D75/><U22/><E70/><V23/><F71/><W121/><G121/><T100/><D100/><U125/><E125/><V12/><F1/><W41/><G41/><T31/><D31/><U10/><E13/><V24/><F12/><W53/><G103/><T48/><D48/><U76/><E50/><RYUUKYOKU ba="1,1" sc="158,30,326,-10,421,-10,85,-10" hai0="17,18,19,40,45,51,60,62,81,85,94,97,102" /><INIT seed="3,2,1,3,4,84" ten="188,316,411,75" oya="3" hai0="117,100,53,39,79,95,81,119,65,33,83,104,59" hai1="41,46,34,101,70,23,9,71,134,10,63,40,12" hai2="111,114,99,102,18,130,49,118,38,16,82,30,0" hai3="48,86,22,6,20,36,120,11,122,61,58,32,109"/><W131/><G36/><T25/><D39/><U105/><E134/><V67/><F38/><W24/><G131/><T31/><D104/><U54/><E34/><V108/><F0/><W26/><G109/><N who="2" m="42057" /><F118/><W77/><G48/><T78/><D65/><U19/><E54/><V55/><F67/><W110/><G110/><T74/><D95/><U45/><E63/><V60/><F60/><W97/><G97/><T91/><D91/><U90/><E71/><V133/><F133/><W107/><G107/><T62/><REACH who="0" step="1"/><D100/><REACH who="0" ten="178,316,411,75" step="2"/><U44/><E101/><V128/><F82/><W75/><G122/><T8/><D8/><U116/><E105/><V15/><F102/><W132/><G120/><T87/><AGARI ba="2,2" hai="25,31,33,53,59,62,74,78,79,81,83,87,117,119" machi="87" ten="20,5200,0" yaku="1,1,0,1,7,1,53,1" doraHai="84" doraHaiUra="50" who="0" fromWho="0" sc="178,78,316,-15,411,-15,75,-28" /><INIT seed="4,0,0,2,4,81" ten="256,301,396,47" oya="0" hai0="134,13,52,110,41,84,128,77,15,12,122,58,80" hai1="92,60,88,73,116,74,120,47,7,51,102,31,22" hai2="62,89,132,133,0,26,34,39,121,118,95,5,104" hai3="100,11,59,3,28,61,130,69,54,123,96,71,17"/><T4/><D122/><U6/><E120/><V63/><F121/><W106/><G130/><T98/><D128/><U78/><E116/><V21/><F104/><W30/><G123/><T8/><D134/><U57/><E102/><V46/><F34/><W20/><G71/><T55/><D110/><U38/><E38/><V87/><F118/><W48/><G3/><T94/><D41/><N who="1" m="25071" /><E74/><V32/><F32/><W36/><G11/><T70/><D70/><U18/><E78/><V19/><F5/><W1/><G1/><T27/><D27/><N who="1" m="14807" /><E31/><V72/><F72/><W35/><G36/><T49/><D55/><N who="1" m="33855" /><E73/><V86/><F0/><W37/><G37/><T65/><D65/><U124/><E124/><V107/><F107/><W44/><G35/><T91/><AGARI ba="0,0" hai="4,8,12,13,15,49,52,58,77,80,84,91,94,98" machi="91" ten="20,12000,1" yaku="0,1,7,1,8,1,52,1,54,1" doraHai="81" who="0" fromWho="0" sc="256,120,301,-40,396,-40,47,-40" /><INIT seed="4,1,0,0,4,95" ten="376,261,356,7" oya="0" hai0="47,10,133,103,98,62,93,3,100,131,122,125,13" hai1="7,38,26,16,18,94,106,129,0,135,49,39,9" hai2="55,108,65,90,86,117,113,70,40,1,60,59,8" hai3="71,50,12,48,53,46,33,118,45,111,11,91,36"/><T61/><D122/><U25/><E106/><V123/><F108/><W15/><G111/><T28/><D3/><U43/><E129/><V77/><F123/><W69/><G118/><T23/><D125/><U73/><E135/><V96/><F113/><W44/><G33/><T24/><D133/><U72/><E49/><V37/><F117/><W99/><G36/><T35/><D131/><U119/><E119/><V4/><F77/><W116/><G116/><T2/><D47/><U126/><E126/><V67/><F37/><W92/><G45/><T80/><D80/><U115/><E115/><V52/><F40/><W51/><G51/><T27/><D2/><U41/><E0/><V78/><F78/><W85/><G85/><T14/><D100/><U5/><E94/><V75/><F75/><W58/><G58/><T97/><D97/><U105/><E105/><V128/><F96/><W6/><G15/><T132/><D132/><U54/><E54/><AGARI ba="1,0" hai="6,11,12,44,46,48,50,53,54,69,71,91,92,99" machi="54" ten="30,3900,0" yaku="7,1,9,1,52,1" doraHai="95" who="3" fromWho="1" sc="376,0,261,-42,356,0,7,42" /><INIT seed="5,0,0,5,1,83" ten="376,219,356,49" oya="1" hai0="46,119,74,71,25,103,72,132,109,84,36,125,101" hai1="63,41,48,88,73,14,34,106,54,114,108,59,51" hai2="43,21,50,135,117,82,134,94,22,77,20,65,42" hai3="28,55,104,16,35,10,110,58,99,40,2,11,111"/><U75/><E114/><V98/><F65/><W107/><G40/><T38/><D109/><U70/><E108/><V53/><F117/><W96/><G111/><T32/><D71/><U90/><E106/><V9/><F9/><W31/><G110/><T18/><D119/><U122/><E122/><V69/><F69/><W131/><G131/><T118/><D118/><U26/><E51/><V95/><F95/><W76/><G76/><T23/><D132/><N who="2" m="50730" /><F53/><W1/><G58/><T39/><D125/><U113/><E113/><V4/><F4/><W102/><G35/><T120/><D120/><U115/><E115/><V62/><F62/><W92/><G92/><T121/><D121/><U91/><E14/><V12/><F12/><W15/><G55/><T37/><D32/><U8/><E8/><V93/><F93/><W86/><G86/><T81/><D46/><U130/><E130/><V80/><F80/><W57/><G57/><T97/><D37/><U105/><E105/><V30/><F30/><W126/><G126/><T79/><REACH who="0" step="1"/><D97/><REACH who="0" ten="366,219,356,49" step="2"/><U60/><E70/><V112/><F112/><W5/><REACH who="3" step="1"/><G2/><REACH who="3" ten="366,219,356,39" step="2"/><T123/><D123/><U7/><E34/><V68/><F68/><W128/><G128/><T87/><D87/><U13/><E75/><AGARI ba="0,2" hai="18,23,25,36,38,39,72,74,75,79,81,84,101,103" machi="75" ten="50,3200,0" yaku="1,1,52,1,53,0" doraHai="83" doraHaiUra="29" who="0" fromWho="1" sc="366,52,219,-32,356,0,39,0" /><INIT seed="6,0,0,1,2,31" ten="418,187,356,39" oya="2" hai0="51,98,7,76,80,131,48,86,105,128,34,41,95" hai1="5,107,38,36,112,46,43,125,114,99,27,2,101" hai2="119,33,8,52,9,87,134,32,18,6,89,94,108" hai3="90,61,62,47,0,24,106,85,45,29,58,111,1"/><V129/><F119/><W84/><G111/><T60/><D105/><U127/><E38/><V22/><F108/><W35/><G106/><T70/><D34/><U81/><E27/><V50/><F129/><N who="0" m="49738" /><D7/><U122/><E122/><V130/><F130/><W12/><G12/><T59/><D70/><U14/><E14/><N who="2" m="9559" /><F134/><W68/><G68/><T53/><D41/><U55/><E55/><V123/><F123/><W42/><G85/><T71/><D71/><U26/><E81/><V11/><F6/><W132/><G132/><T49/><D60/><U124/><REACH who="1" step="1"/><E26/><REACH who="1" ten="418,177,356,39" step="2"/><V104/><F104/><W69/><G24/><T39/><D39/><U82/><E82/><V65/><F65/><W121/><G121/><T67/><D67/><U110/><E110/><V109/><F109/><W20/><G0/><T3/><D3/><U96/><E96/><V37/><F37/><W16/><G1/><T120/><D120/><U79/><E79/><V78/><F78/><W83/><G83/><T113/><D98/><U118/><E118/><V92/><F92/><W64/><G64/><T17/><D95/><U135/><E135/><V126/><F126/><W30/><G69/><T103/><D76/><U15/><E15/><V74/><F74/><W44/><G42/><T100/><D80/><U63/><E63/><V117/><F117/><W91/><G62/><T116/><D116/><U23/><E23/><V13/><F13/><W66/><G20/><T115/><D49/><U10/><AGARI ba="0,1" hai="2,5,10,36,43,46,99,101,107,112,114,124,125,127" machi="10" ten="40,8000,1" yaku="1,1,0,1,18,1,23,2,53,0" doraHai="31" doraHaiUra="54" who="1" fromWho="1" sc="418,-20,177,90,356,-40,39,-20" /><INIT seed="7,0,0,4,4,126" ten="398,267,316,19" oya="3" hai0="122,127,105,75,117,26,106,92,52,37,66,85,34" hai1="58,0,33,97,56,71,20,15,1,115,98,120,47" hai2="14,46,83,131,48,55,18,84,32,13,24,8,65" hai3="123,78,94,74,29,54,35,61,90,87,102,79,43"/><W89/><G123/><T38/><D122/><U113/><E120/><V81/><F131/><W130/><G130/><T44/><D117/><U23/><E71/><V77/><F65/><W27/><G74/><T16/><D75/><U22/><E15/><V50/><F32/><W91/><G43/><T134/><D127/><U128/><E47/><V104/><F104/><W101/><G90/><T64/><D134/><U93/><E33/><V121/><F121/><W116/><G116/><T17/><D34/><U96/><E93/><V124/><F124/><W39/><G39/><T135/><D135/><U63/><E128/><V82/><F24/><W111/><G111/><T31/><D31/><U19/><E19/><N who="2" m="8615" /><F48/><W53/><G91/><T67/><D26/><U73/><E73/><V133/><F133/><W36/><G36/><T6/><D38/><U110/><E110/><V118/><F118/><W125/><G125/><T88/><D6/><U7/><E7/><V59/><F46/><W109/><G109/><T21/><D37/><U112/><REACH who="1" step="1"/><E63/><REACH who="1" ten="398,257,316,19" step="2"/><V68/><F68/><W2/><G2/><AGARI ba="0,1" hai="0,1,2,20,22,23,56,58,96,97,98,112,113,115" machi="2" ten="50,12000,2" yaku="1,1,2,1,29,2,28,2,15,1,53,0" doraHai="126" doraHaiUra="114" who="1" fromWho="3" sc="398,0,257,130,316,0,19,-120" owari="398,49.0,387,19.0,316,-8.0,-101,-60.0" /></mjloggm>