<mjloggm ver="2.3"><GO type="169" lobby="0"/><UN n0="%4A%61%6E%2D%4D%61%63%68" n1="%6A%75%6D%70%2D%75%70" n2="%6B%6F%6B%75%73%68%69%61" n3="%E3%82%A6%E3%83%AB%E3%83%88%E3%83%A9%E7%AB%8B%E7%9B%B4" dan="17,16,16,17" rate="2161.05,2068.65,2161.61,2169.77" sx="M,M,M,M"/><TAIKYOKU oya="0"/><INIT seed="0,0,0,3,4,125" ten="250,250,250,250" oya="0" hai0="80,0,26,119,131,120,41,111,44,103,116,102,98" hai1="32,86,126,101,45,129,109,61,15,96,79,17,70" hai2="51,134,89,23,122,90,108,113,52,82,114,22,74" hai3="42,36,105,132,106,64,63,50,4,39,28,68,123"/><T38/><D102/><U1/><E126/><V93/><F122/><W107/><G123/><T27/><D120/><U11/><E1/><V97/><F108/><W8/><G132/><T3/><D27/><U30/><E109/><V24/><F134/><W78/><G78/><T88/><D111/><U12/><E12/><V49/><F49/><W66/><G66/><T130/><D26/><U33/><E30/><V92/><F82/><W110/><G110/><T9/><D80/><U84/><E84/><V53/><F74/><W87/><G87/><T127/><D127/><U16/><E17/><V100/><F100/><W7/><G28/><T19/><D88/><U69/><E69/><V76/><F76/><W43/><G50/><T104/><D19/><U91/><E45/><V73/><F73/><W59/><G59/><T65/><D65/><U133/><E79/><V55/><F51/><W6/><REACH who="3" step="1"/><G8/><REACH who="3" ten="250,250,250,240" step="2"/><T29/><D29/><U124/><E133/><V62/><F62/><W117/><G117/><N who="0" m="45131" /><D9/><U112/><E124/><V121/><F121/><W128/><G128/><AGARI ba="0,1" hai="0,3,38,41,44,98,103,104,128,130,131" m="45131" machi="128" ten="30,12000,1" yaku="19,1,23,1,52,3" doraHai="125" who="0" fromWho="3" sc="250,130,250,0,250,0,240,-120" /><INIT seed="0,1,0,1,3,44" ten="380,250,250,120" oya="0" hai0="85,17,119,56,99,114,57,88,15,52,125,72,118" hai1="13,59,31,79,129,91,63,76,42,5,37,135,47" hai2="34,20,25,93,115,128,87,101,132,95,113,127,23" hai3="12,7,68,40,130,66,117,84,21,41,77,22,29"/><T19/><D72/><U102/><E135/><V121/><F121/><W45/><G117/><T126/><D99/><U124/><E129/><V2/><F2/><W6/><G130/><T133/><D57/><U81/><E124/><N who="0" m="47721" /><D114/><U39/><E102/><V70/><F70/><W26/><G66/><T97/><D97/><U65/><E31/><V30/><F132/><W82/><G68/><T18/><D133/><U27/><E27/><V122/><F122/><W96/><G96/><T107/><D107/><U94/><E37/><V36/><F36/><W110/><G41/><T69/><D15/><U105/><E105/><V78/><F128/><W73/><G73/><T4/><D4/><U106/><E106/><V35/><F127/><W100/><G100/><T24/><D24/><U3/><E3/><V92/><F101/><W80/><G80/><N who="0" m="49191" /><D69/><U54/><E94/><V58/><F58/><W86/><G86/><T62/><AGARI ba="1,0" hai="17,18,19,52,56,62,118,119" m="49191,47721" machi="62" ten="30,6000,0" yaku="18,1,54,2" doraHai="44" who="0" fromWho="0" sc="380,63,250,-21,250,-21,120,-21" /><INIT seed="0,2,0,0,5,111" ten="443,229,229,99" oya="0" hai0="53,13,114,119,11,91,50,65,83,96,59,10,90" hai1="122,69,24,39,15,19,134,42,20,118,112,75,47" hai2="7,67,6,26,76,77,52,61,128,109,116,49,43" hai3="100,17,85,127,70,2,23,21,135,1,94,32,45"/><T72/><D119/><U46/><E122/><V84/><F109/><W124/><G70/><T0/><D0/><U82/><E134/><V18/><F116/><W121/><G32/><T30/><D11/><U14/><E69/><V4/><F128/><W78/><G135/><T98/><D30/><U92/><E118/><V125/><F125/><W60/><G121/><T41/><D114/><U89/><E47/><V99/><F43/><W105/><G105/><T35/><D35/><U62/><E62/><V16/><F99/><N who="0" m="37930" /><D72/><U132/><E132/><V38/><F38/><W131/><G2/><T110/><D110/><U68/><E68/><V29/><F67/><W115/><G1/><T54/><D65/><U129/><E92/><V22/><F61/><W57/><G100/><T117/><D41/><U71/><E71/><V79/><REACH who="2" step="1"/><F84/><REACH who="2" ten="443,229,219,99" step="2"/><W95/><G131/><T40/><D40/><U9/><E129/><V123/><F123/><W120/><G120/><T101/><D117/><U33/><E75/><V106/><F106/><W103/><G127/><T34/><D101/><U88/><E42/><V104/><F104/><W58/><G103/><T37/><D37/><U31/><E39/><V25/><F25/><W86/><G124/><T27/><D27/><U81/><E24/><V48/><F48/><W108/><G60/><T44/><D54/><U133/><E133/><V80/><F80/><W56/><G108/><T64/><D83/><U74/><E81/><V107/><F107/><W55/><G55/><T8/><D53/><U130/><E82/><V113/><F113/><W126/><G115/><RYUUKYOKU ba="2,1" sc="443,-10,229,-10,219,30,99,-10" hai2="4,6,7,16,18,22,26,29,49,52,76,77,79" /><INIT seed="1,3,1,2,2,24" ten="433,219,249,89" oya="1" hai0="69,19,1,34,73,70,29,40,85,88,68,96,9" hai1="2,109,56,28,120,21,36,77,66,45,116,25,7" hai2="117,20,8,79,94,13,87,49,11,16,6,32,74" hai3="113,63,132,80,98,72,102,127,33,103,23,4,38"/><U15/><E116/><V59/><F117/><W67/><G113/><T62/><D73/><U3/><E120/><V53/><F32/><W51/><G127/><T10/><D40/><U123/><E123/><V17/><F74/><W126/><G126/><T129/><D96/><U57/><E77/><V82/><F94/><W31/><G132/><T131/><D19/><U81/><E81/><V75/><F75/><W18/><G38/><T93/><D62/><U37/><E37/><V108/><F108/><W111/><G111/><T114/><D114/><U41/><E109/><V46/><F11/><W64/><G4/><T89/><D89/><U35/><E66/><V86/><F86/><W135/><G135/><T107/><D107/><U60/><E60/><N who="2" m="35951" /><F20/><W0/><G0/><T65/><D65/><U134/><E134/><V39/><F39/><W12/><G67/><T99/><D85/><U84/><E84/><V58/><F58/><W22/><G33/><T27/><REACH who="0" step="1"/><D10/><REACH who="0" ten="423,219,249,89" step="2"/><N who="1" m="2423" /><E3/><V47/><F17/><AGARI ba="3,2" hai="15,17,21,25,28,35,36,41,45,56,57" m="2423" machi="17" ten="30,2900,0" yaku="24,1,52,1" doraHai="24" who="1" fromWho="2" sc="423,0,219,58,249,-38,89,0" /><INIT seed="1,4,0,4,2,75" ten="423,277,211,89" oya="1" hai0="101,62,57,103,87,107,102,27,131,117,115,22,0" hai1="24,71,113,54,127,63,5,11,66,84,68,41,61" hai2="3,89,72,111,67,33,98,1,133,81,6,100,128" hai3="78,50,29,105,39,42,77,80,135,99,58,36,108"/><U123/><E113/><V21/><F33/><W69/><G69/><T91/><D0/><U130/><E123/><V46/><F111/><W85/><G108/><T8/><D8/><U9/><E127/><V12/><F133/><W52/><G135/><T30/><D115/><U31/><E130/><V19/><F128/><W51/><G29/><T116/><D107/><U55/><E41/><V38/><F67/><W96/><G105/><T17/><D30/><U65/><E84/><V14/><F14/><W43/><G39/><T28/><D28/><U56/><E56/><V35/><F35/><W47/><G36/><T32/><D32/><U37/><E37/><V45/><F38/><W132/><G132/><T112/><D112/><U110/><E110/><V49/><F6/><W119/><G119/><N who="0" m="45643" /><D131/><U74/><E74/><V122/><F72/><W16/><G42/><T25/><D25/><U121/><E121/><V59/><F3/><W106/><G106/><T13/><D27/><U23/><E11/><V83/><F1/><AGARI ba="4,0" hai="1,5,9,23,24,31,54,55,61,63,65,66,68,71" machi="1" ten="30,2900,0" yaku="7,1,9,1" doraHai="75" who="1" fromWho="2" sc="423,0,277,41,211,-41,89,0" /><INIT seed="1,5,0,0,4,52" ten="423,318,170,89" oya="1" hai0="133,90,13,121,27,17,76,104,105,43,73,19,67" hai1="32,18,34,122,70,115,127,8,20,79,2,26,21" hai2="109,11,99,7,78,131,22,37,88,110,123,53,45" hai3="102,120,14,1,96,101,95,68,42,128,125,36,74"/><U65/><E70/><V3/><F131/><W124/><G1/><T107/><D43/><U89/><E65/><V61/><F123/><W41/><G68/><T46/><D46/><U39/><E39/><V135/><F135/><W72/><G14/><T112/><D67/><U118/><E89/><V47/><F78/><W51/><G51/><T81/><D112/><U23/><E79/><V25/><F37/><W64/><G64/><T129/><D129/><U86/><E86/><V38/><F38/><W113/><G128/><T114/><D114/><U92/><E92/><N who="2" m="56711" /><F109/><W29/><G36/><T103/><D90/><U111/><E115/><V80/><F80/><W69/><G113/><T97/><D133/><U59/><E122/><V71/><F110/><W85/><G85/><T48/><D48/><U54/><E118/><V60/><F60/><W30/><G95/><T117/><D117/><U84/><E34/><V50/><F50/><W57/><G69/><T134/><D134/><U0/><E32/><V83/><F83/><W24/><G120/><T5/><D121/><U66/><E2/><V126/><F126/><W31/><G74/><T28/><D107/><U63/><E127/><N who="3" m="48714" /><G72/><T82/><D82/><U75/><E75/><V33/><F33/><W44/><G102/><T10/><D104/><U9/><E111/><V6/><F71/><W91/><G91/><T119/><D119/><U77/><E0/><V106/><F106/><W108/><G108/><T100/><D100/><U56/><E77/><V132/><F132/><W15/><G101/><T116/><D116/><U93/><E84/><RYUUKYOKU ba="5,0" sc="423,30,318,-10,170,-10,89,-10" hai0="5,10,13,17,19,27,28,73,76,81,97,103,105" /><INIT seed="2,6,0,1,1,88" ten="453,308,160,79" oya="2" hai0="122,64,62,106,120,1,8,9,95,19,5,43,39" hai1="116,68,26,37,53,69,103,46,117,28,109,128,40" hai2="25,12,125,60,42,27,56,134,111,50,96,84,82" hai3="73,24,112,76,108,93,49,63,83,13,71,34,20"/><V99/><F125/><W130/><G108/><T10/><D106/><U15/><E109/><V74/><F74/><W59/><G130/><T115/><D115/><U41/><E128/><V87/><F111/><W132/><G132/><T44/><D10/><U75/><E75/><V104/><F134/><W113/><G34/><T124/><D124/><U98/><E40/><V118/><F118/><W2/><G13/><T123/><D9/><U121/><E68/><V77/><F104/><W57/><G2/><T105/><D19/><U133/><E69/><V31/><F12/><W54/><G71/><N who="0" m="42391" /><D95/><U135/><E121/><V7/><F7/><W131/><G131/><T81/><D81/><U66/><E66/><N who="2" m="39175" /><F87/><W86/><G73/><T30/><D30/><U3/><E37/><V127/><F127/><W16/><REACH who="3" step="1"/><G93/><REACH who="3" ten="453,308,160,69" step="2"/><T29/><D105/><U85/><E15/><V23/><F27/><W35/><G35/><T17/><D122/><U22/><E26/><V100/><F100/><W45/><G45/><AGARI ba="6,1" hai="23,25,31,42,45,50,77,82,84,96,99" m="39175" machi="45" ten="30,1500,0" yaku="8,1" doraHai="88" who="2" fromWho="3" sc="453,0,308,0,160,43,69,-33" /><INIT seed="2,7,0,3,1,2" ten="453,308,203,36" oya="2" hai0="38,36,79,133,57,102,24,30,74,66,105,54,40" hai1="135,69,120,4,109,77,52,124,127,45,18,128,22" hai2="62,71,104,61,3,83,101,21,113,56,26,106,110" hai3="11,125,53,63,114,91,89,10,88,122,103,70,43"/><V50/><F3/><W37/><G122/><T72/><D133/><U47/><E109/><V49/><F113/><W134/><G114/><T126/><D126/><U6/><E69/><V20/><F83/><W78/><G125/><N who="1" m="48202" /><E135/><V93/><F71/><W68/><G134/><T100/><D66/><U131/><E77/><V27/><F110/><W92/><G70/><T98/><D100/><U9/><E9/><V76/><F76/><W97/><G78/><T34/><D40/><U73/><E73/><V59/><F101/><W16/><G43/><T7/><D7/><N who="1" m="2603" /><E52/><V115/><F115/><W28/><G28/><T25/><D74/><U1/><E1/><V51/><F51/><W64/><G37/><T42/><D42/><U85/><E85/><V81/><F93/><W32/><G53/><T80/><D25/><N who="1" m="14551" /><E120/><V96/><F81/><W5/><G5/><T130/><D130/><AGARI ba="7,0" hai="45,47,128,130,131" m="14551,2603,48202" machi="130" ten="30,8000,1" yaku="19,1,18,1,52,3" doraHai="2" who="1" fromWho="0" sc="453,-101,308,101,203,0,36,0" /><INIT seed="3,0,0,5,1,130" ten="352,409,203,36" oya="3" hai0="103,47,107,111,92,5,78,124,15,36,84,28,99" hai1="0,53,89,67,49,21,14,42,19,1,127,126,90" hai2="25,43,119,74,132,2,54,41,40,122,34,66,86" hai3="129,39,64,35,96,108,133,29,3,120,104,106,38"/><W6/><G129/><T134/><D124/><N who="1" m="47659" /><E67/><V80/><F122/><W114/><G114/><T61/><D111/><U118/><E42/><V57/><F2/><N who="1" m="1129" /><E118/><V85/><F119/><W32/><G120/><T33/><D134/><U51/><E49/><V13/><F132/><W27/><G35/><T7/><D47/><AGARI ba="0,0" hai="14,19,21,47,51,53,89,90" m="1129,47659" machi="47" ten="30,1000,0" yaku="18,1" doraHai="130" who="1" fromWho="0" sc="352,-10,409,10,203,0,36,0" /><INIT seed="4,0,0,2,5,120" ten="342,419,203,36" oya="0" hai0="58,47,97,76,133,17,44,69,50,123,16,132,51" hai1="75,66,83,74,26,113,103,11,90,0,73,63,95" hai2="94,106,112,6,71,118,125,109,121,81,122,54,82" hai3="84,128,102,13,39,130,86,3,72,41,85,67,99"/><T10/><D123/><U37/><E113/><V124/><F6/><W43/><G3/><T42/><D69/><U34/><E37/><V127/><F71/><W52/><G67/><T114/><D114/><U116/><E116/><V8/><F8/><W20/><G72/><T100/><D76/><U14/><E103/><V77/><F112/><W15/><G39/><T48/><D58/><U30/><E83/><V31/><F31/><W23/><G99/><T107/><D50/><U9/><E0/><V45/><F118/><W21/><G52/><N who="0" m="29703" /><D10/><U93/><E11/><V78/><F106/><W101/><G101/><T126/><D126/><U131/><E131/><V117/><F117/><W4/><G4/><T53/><D53/><U79/><E79/><N who="2" m="30219" /><F54/><W19/><G102/><T65/><D65/><U49/><E90/><V61/><F45/><W59/><G59/><T62/><D62/><U119/><E119/><V111/><F61/><W57/><G57/><T33/><D33/><U108/><E63/><V25/><F121/><W22/><REACH who="3" step="1"/><G15/><REACH who="3" ten="342,419,203,26" step="2"/><T64/><D64/><U80/><E66/><V38/><F122/><W12/><G12/><T35/><D35/><U89/><E34/><V24/><F127/><W55/><G55/><T129/><D129/><AGARI ba="0,1" hai="13,19,20,21,22,23,41,43,84,85,86,128,129,130" machi="129" ten="50,3200,0" yaku="1,1,19,1,53,0" doraHai="120" doraHaiUra="70" who="3" fromWho="0" sc="342,-32,419,0,203,0,26,42" /><INIT seed="5,0,0,5,3,111" ten="310,419,203,68" oya="1" hai0="61,84,47,63,2,25,102,12,101,85,77,64,67" hai1="100,113,88,120,18,109,48,57,76,19,94,24,9" hai2="28,126,125,1,92,59,80,43,53,50,124,132,13" hai3="29,110,69,135,4,11,10,72,26,30,20,95,104"/><U6/><E113/><V46/><F1/><W23/><G104/><T83/><D2/><U7/><E120/><V22/><F132/><W112/><G69/><T79/><D25/><U73/><E100/><V27/><F80/><W86/><G72/><T36/><D36/><U56/><E73/><V107/><F107/><W91/><G110/><T16/><D47/><U52/><E76/><V58/><F92/><W103/><G103/><T97/><D97/><U34/><E109/><V3/><F3/><W128/><G128/><T114/><D114/><U82/><E82/><V62/><F58/><W68/><G68/><T0/><D0/><U108/><E108/><V117/><REACH who="2" step="1"/><F13/><REACH who="2" ten="310,419,193,68" step="2"/><W78/><G135/><T33/><D83/><U35/><E57/><V71/><F71/><W116/><G116/><AGARI ba="0,1" hai="22,27,28,43,46,50,53,59,62,116,117,124,125,126" machi="116" ten="40,5200,0" yaku="1,1,18,1,53,1" doraHai="111" doraHaiUra="37" who="2" fromWho="3" sc="310,0,419,0,193,62,68,-52" /><INIT seed="6,0,0,2,3,121" ten="310,419,255,16" oya="2" hai0="38,123,24,100,89,81,84,8,50,32,14,112,78" hai1="134,62,97,65,75,6,66,49,129,48,42,3,91" hai2="47,59,86,111,90,104,27,1,7,127,22,36,126" hai3="79,13,31,72,64,116,2,107,63,98,82,37,60"/><V117/><F104/><W5/><G13/><T109/><D38/><U33/><E134/><V23/><F117/><W73/><G60/><T28/><D123/><U18/><E129/><V51/><F36/><W19/><G19/><T26/><D100/><U54/><E75/><V119/><F119/><W74/><G31/><T70/><D70/><U45/><E33/><V114/><F114/><W68/><G116/><T25/><D112/><U88/><E6/><V41/><F59/><W11/><REACH who="3" step="1"/><G37/><REACH who="3" ten="310,419,255,6" step="2"/><T130/><D26/><U128/><E62/><V21/><F27/><W58/><G58/><T56/><D25/><U87/><E18/><V53/><F7/><W95/><G95/><T10/><D14/><U101/><E3/><V94/><F1/><W30/><G30/><T15/><D15/><U4/><E4/><V55/><REACH who="2" step="1"/><F111/><REACH who="2" ten="310,419,245,6" step="2"/><W12/><G12/><T108/><D109/><U77/><E128/><V57/><F57/><W133/><G133/><T115/><D108/><U124/><E45/><V9/><F9/><W71/><G71/><T135/><D130/><U40/><E66/><V0/><F0/><W20/><G20/><T83/><D135/><U85/><E65/><V92/><F92/><W67/><G67/><T118/><D118/><U39/><E39/><V17/><F17/><W131/><G131/><T35/><D8/><U103/><E49/><V99/><F99/><W113/><G113/><T43/><D115/><U122/><E48/><V106/><F106/><W105/><G105/><T120/><D10/><U52/><E97/><V102/><F102/><AGARI ba="0,2" hai="2,5,11,63,64,68,72,73,74,79,82,98,102,107" machi="102" ten="40,8000,1" yaku="1,1,33,3,53,0" doraHai="121" doraHaiUra="125" who="3" fromWho="2" sc="310,0,419,0,245,-80,6,100" /><INIT seed="7,0,0,5,0,37" ten="310,419,165,106" oya="3" hai0="11,71,118,120,79,112,12,104,53,95,129,18,130" hai1="48,111,43,0,93,109,101,19,54,91,74,67,127" hai2="90,105,7,5,92,45,100,50,10,80,52,6,135" hai3="126,34,98,44,13,107,117,55,75,96,51,23,87"/><W69/><G117/><T17/><D71/><U9/><E127/><V132/><F105/><W29/><G75/><T40/><D104/><U76/><E43/><V119/><F119/><W57/><G69/><T28/><D120/><U30/><E67/><V20/><F20/><W39/><G126/><T46/><D53/><U33/><E101/><V133/><F100/><W73/><G73/><T3/><D95/><U102/><E102/><V78/><F78/><W125/><G125/><T89/><D89/><U123/><E30/><V35/><F80/><W113/><G113/><T58/><D58/><U68/><E33/><V84/><F35/><W108/><G108/><T60/><D60/><U47/><E123/><V86/><F86/><W128/><G128/><N who="0" m="49259" /><D28/><U115/><E68/><V4/><F4/><W26/><G107/><T124/><D79/><U15/><E115/><V2/><AGARI ba="0,0" hai="2,5,6,7,10,45,50,52,84,90,92,132,133,135" machi="2" ten="30,4000,0" yaku="0,1,20,1,54,1" doraHai="37" who="2" fromWho="2" sc="310,-10,419,-10,165,40,106,-20" owari="300,10.0,409,50.0,205,-19.0,86,-41.0" /></mjloggm>