<mjloggm ver="2.3"><GO type="41" lobby="0"/><UN n0="%E5%A6%B9%6B%6F%6E" n1="%E3%83%9D%E3%83%94%E3%83%BC%E3%83%9D%E3%83%94%E3%83%BC%E3%83%9D" n2="%E5%B0%B1%E6%B4%BB%E7%94%9F%40%E5%B7%9D%E6%9D%91%E8%BB%8D%E5%9B%A3" n3="%64%65%73%68%69" dan="14,14,15,14" rate="1983.23,1942.35,1999.19,1990.77" sx="M,M,M,M"/><TAIKYOKU oya="0"/><INIT seed="0,0,0,1,3,31" ten="250,250,250,250" oya="0" hai0="66,131,26,105,124,121,38,99,68,4,64,111,22" hai1="83,87,91,54,93,0,16,18,3,135,24,133,107" hai2="88,41,114,33,100,80,73,48,108,9,59,98,51" hai3="92,79,44,63,1,113,40,5,134,21,34,10,7"/><T96/><D121/><U27/><E107/><V122/><F114/><W49/><G113/><T70/><D131/><U42/><E42/><V102/><F122/><W65/><G134/><N who="1" m="51210" /><E54/><V67/><F108/><W74/><G5/><T56/><D111/><U53/><E53/><V25/><F9/><W8/><G8/><T78/><D124/><U55/><E55/><V35/><F100/><W47/><G47/><T2/><D38/><U6/><E6/><V20/><F48/><W36/><G49/><T58/><D78/><U101/><E101/><V60/><F51/><W89/><G34/><T75/><D4/><U94/><E24/><V45/><F45/><W90/><G21/><T104/><D22/><N who="1" m="13767" /><E18/><V82/><F41/><W97/><G97/><T12/><D12/><U81/><E93/><N who="2" m="58703" /><F80/><AGARI ba="0,0" hai="0,3,80,81,83,87,91,94" m="13767,51210" machi="80" ten="30,2000,0" yaku="20,1,54,1" doraHai="31" who="1" fromWho="2" sc="250,0,250,20,250,-20,250,0" /><INIT seed="1,0,0,2,1,63" ten="250,270,230,250" oya="1" hai0="7,11,85,17,55,39,52,65,80,123,74,33,96" hai1="73,18,67,23,24,54,38,110,90,75,115,91,104" hai2="98,51,95,1,101,129,43,0,48,125,66,82,10" hai3="121,93,27,46,35,81,42,60,30,8,106,97,83"/><U15/><E38/><V89/><F125/><W114/><G106/><T105/><D74/><U88/><E115/><V71/><F129/><W84/><G121/><T68/><D39/><U72/><E104/><V62/><F48/><W44/><G114/><T87/><D17/><U112/><E112/><V135/><F135/><W19/><G46/><T26/><D123/><U69/><E110/><V56/><F10/><W86/><G60/><N who="0" m="39975" /><D85/><U118/><E118/><V49/><F49/><W20/><G8/><T4/><D4/><U50/><E69/><V134/><F134/><W76/><G81/><T79/><D11/><U9/><E67/><V116/><F116/><W113/><G113/><T128/><D7/><U34/><E34/><V32/><F32/><W100/><G35/><T21/><D21/><U2/><E2/><V22/><F22/><W111/><G111/><T14/><D14/><U47/><REACH who="1" step="1"/><E73/><REACH who="1" ten="250,260,230,250" step="2"/><V120/><F120/><W37/><G30/><AGARI ba="0,1" hai="9,15,18,23,24,30,47,50,54,72,75,88,90,91" machi="30" ten="40,7700,0" yaku="1,1,2,1,54,1,53,0" doraHai="63" doraHaiUra="122" who="1" fromWho="3" sc="250,0,260,87,230,0,250,-77" /><INIT seed="1,1,0,1,5,1" ten="250,347,230,173" oya="1" hai0="114,83,29,98,51,5,85,115,94,109,111,128,4" hai1="70,34,13,28,21,79,92,56,106,73,124,0,3" hai2="50,18,57,39,133,104,117,82,20,22,59,52,19" hai3="95,86,77,90,125,99,72,42,121,68,127,107,101"/><U2/><E70/><V40/><F104/><W80/><G68/><T71/><D71/><U69/><E69/><V131/><F117/><W100/><G42/><T36/><D128/><U7/><E106/><V55/><F131/><W35/><G35/><T75/><D75/><U12/><E92/><V27/><F133/><W44/><G44/><T6/><D36/><U105/><E56/><V96/><F96/><N who="3" m="61831" /><G121/><T15/><D29/><U89/><E89/><V103/><F103/><W108/><G108/><N who="0" m="41547" /><D15/><N who="1" m="5707" /><E105/><AGARI ba="1,0" hai="72,77,80,86,90,95,99,101,105,125,127" m="61831" machi="105" ten="30,3900,0" yaku="24,1,34,2" doraHai="1" who="3" fromWho="1" sc="250,0,347,-42,230,0,173,42" /><INIT seed="2,0,0,3,0,41" ten="250,305,230,215" oya="2" hai0="38,65,61,89,49,25,92,13,1,57,111,135,126" hai1="90,34,69,53,4,50,86,93,8,0,9,128,35" hai2="117,87,71,84,78,113,120,67,133,121,118,44,32" hai3="72,132,100,124,19,17,63,22,119,103,7,37,123"/><V130/><F32/><W79/><G72/><T51/><D1/><U10/><E69/><V99/><F113/><W104/><G37/><T109/><D126/><U129/><E34/><V15/><F130/><N who="1" m="50281" /><E35/><V48/><F133/><W30/><G119/><T110/><D135/><U75/><E75/><V98/><F71/><W39/><G39/><T102/><D38/><U28/><E28/><V66/><F15/><W43/><G43/><T27/><D13/><U23/><E23/><V70/><F70/><W77/><G123/><T85/><D102/><U26/><E26/><AGARI ba="0,0" hai="25,26,27,49,51,57,61,65,85,89,92,109,110,111" machi="26" ten="40,1300,0" yaku="14,1" doraHai="41" who="0" fromWho="1" sc="250,13,305,-13,230,0,215,0" /><INIT seed="3,0,0,5,0,28" ten="263,292,230,215" oya="3" hai0="26,135,6,56,10,82,83,5,21,44,17,25,106" hai1="109,18,121,41,113,58,2,86,107,16,108,68,120" hai2="51,70,38,29,102,115,27,94,118,19,67,130,91" hai3="79,63,90,4,95,80,97,13,42,50,74,40,131"/><W15/><G131/><T39/><D135/><U84/><E68/><V122/><F38/><W60/><G40/><T123/><D106/><U126/><E107/><V72/><F130/><W98/><G98/><T14/><D123/><U9/><E41/><V100/><F72/><W8/><REACH who="3" step="1"/><G15/><REACH who="3" ten="263,292,230,205" step="2"/><T20/><D39/><U53/><E120/><V119/><F122/><W73/><G73/><T124/><D124/><U37/><E126/><V11/><F119/><W129/><G129/><T128/><D128/><U111/><E121/><V54/><F118/><W117/><G117/><T65/><D14/><U85/><E37/><V76/><F115/><W22/><G22/><T75/><D75/><U34/><E113/><V31/><F102/><W99/><G99/><T93/><D10/><U45/><E109/><V69/><F100/><W92/><G92/><T23/><D93/><U46/><E108/><V1/><F1/><W12/><G12/><T48/><D21/><U7/><E111/><V81/><F11/><W103/><G103/><T88/><D20/><U127/><E127/><V71/><F94/><W77/><G77/><T110/><D110/><U104/><E104/><V134/><F76/><W43/><G43/><T3/><D3/><U55/><E2/><V62/><F91/><W52/><G52/><N who="0" m="29703" /><D82/><U24/><E53/><V87/><F81/><W61/><G61/><N who="0" m="38055" /><D25/><U36/><E24/><V49/><F87/><AGARI ba="0,1" hai="5,6,17,23,26,83,87,88" m="38055,29703" machi="87" ten="30,3900,0" yaku="8,1,54,2" doraHai="28" who="0" fromWho="2" sc="263,49,292,0,230,-39,205,0" /><INIT seed="4,0,0,3,3,93" ten="312,292,191,205" oya="0" hai0="91,38,130,31,10,117,13,63,47,89,26,4,18" hai1="114,39,110,30,6,7,49,5,104,128,14,27,105" hai2="120,57,127,88,42,48,134,21,16,98,20,79,84" hai3="101,23,69,67,74,56,85,8,29,78,83,122,113"/><T99/><D117/><U131/><E39/><V106/><F120/><W22/><G69/><T0/><D130/><N who="1" m="49707" /><E49/><V51/><F127/><W107/><G122/><T112/><D112/><U75/><E75/><V50/><F134/><W71/><G71/><T58/><D38/><U65/><E65/><V25/><F106/><N who="1" m="41065" /><E110/><V59/><F42/><W68/><G68/><T1/><D47/><U103/><E103/><V44/><F44/><W54/><G113/><T12/><D0/><U46/><E46/><V61/><F21/><W92/><G107/><T52/><D1/><U132/><E132/><V108/><F108/><W116/><G116/><T123/><D123/><U53/><E53/><V45/><F45/><W129/><G129/><T66/><D66/><U43/><E43/><V55/><F79/><W24/><G67/><T36/><D36/><U118/><E114/><V9/><F9/><W72/><G8/><T95/><D31/><U119/><E14/><V124/><F124/><W135/><G135/><T17/><D26/><U121/><E121/><V115/><F115/><W109/><G109/><T35/><D35/><AGARI ba="0,0" hai="5,6,7,27,30,35,118,119" m="41065,49707" machi="35" ten="40,1300,0" yaku="19,1" doraHai="93" who="1" fromWho="0" sc="312,-13,292,13,191,0,205,0" /><INIT seed="5,0,0,5,3,62" ten="299,305,191,205" oya="1" hai0="14,117,6,27,68,63,42,58,57,94,46,131,70" hai1="13,74,37,16,122,115,126,114,35,106,29,105,0" hai2="34,82,25,32,83,135,56,78,99,53,22,24,4" hai3="21,19,98,26,92,39,47,69,86,75,59,9,12"/><U60/><E122/><V108/><F135/><W28/><G69/><T119/><D117/><U20/><E37/><V100/><F108/><W89/><G75/><T3/><D119/><U73/><E0/><V50/><F4/><W112/><G112/><N who="1" m="43050" /><E60/><V76/><F34/><W61/><G39/><T93/><D131/><U110/><E110/><V129/><F32/><W8/><G47/><T66/><D3/><U88/><E126/><V17/><F129/><W125/><G125/><T90/><D27/><N who="1" m="18879" /><E88/><V71/><F71/><W121/><G121/><T104/><D104/><AGARI ba="0,0" hai="13,16,20,73,74,104,105,106" m="18879,43050" machi="104" ten="30,2900,0" yaku="15,1,54,1" doraHai="62" who="1" fromWho="0" sc="299,-29,305,29,191,0,205,0" /><INIT seed="5,1,0,0,4,132" ten="270,334,191,205" oya="1" hai0="51,129,17,109,107,123,124,128,31,106,42,11,80" hai1="125,25,57,45,24,56,73,41,90,120,114,133,103" hai2="18,111,119,13,54,122,113,38,100,22,35,66,121" hai3="43,64,27,14,78,70,99,12,101,118,59,110,131"/><U112/><E120/><V92/><F38/><W19/><G70/><T84/><D109/><U29/><E73/><V32/><F66/><W81/><G118/><T130/><D123/><U3/><E3/><V105/><F105/><W82/><G110/><T116/><D116/><U53/><E103/><V96/><F119/><W55/><G131/><T68/><D68/><U94/><E133/><V75/><F75/><W39/><G64/><T26/><D124/><U65/><E65/><V98/><F111/><W127/><G127/><T126/><D126/><U50/><E125/><V47/><F113/><N who="1" m="43625" /><E29/><V71/><F71/><W9/><G39/><T1/><D1/><U28/><E28/><V37/><F35/><W63/><G43/><T52/><D42/><U6/><E6/><V20/><F32/><W62/><G62/><T46/><D17/><U44/><E56/><V61/><F37/><W85/><G81/><T76/><REACH who="0" step="1"/><D11/><REACH who="0" ten="260,334,191,205" step="2"/><U134/><E41/><V102/><F121/><W8/><G8/><T117/><D117/><U33/><E134/><V30/><F122/><W108/><G108/><T79/><D79/><U15/><E33/><AGARI ba="1,1" hai="26,31,33,46,51,52,76,80,84,106,107,128,129,130" machi="33" ten="40,8000,1" yaku="1,1,19,1,54,1,53,1" doraHai="132" doraHaiUra="83" who="0" fromWho="1" sc="260,93,334,-83,191,0,205,0" /><INIT seed="6,0,0,0,5,76" ten="353,251,191,205" oya="2" hai0="16,52,24,44,39,94,81,42,33,40,110,85,25" hai1="7,86,38,133,21,56,108,107,57,23,69,36,87" hai2="82,26,13,112,92,101,64,120,66,123,1,54,117" hai3="8,15,118,116,48,119,102,88,51,2,115,126,9"/><V32/><F1/><W45/><G115/><T114/><D114/><U106/><E108/><V6/><F117/><W78/><G126/><T77/><D110/><U63/><E7/><V105/><F105/><W74/><G102/><T130/><D130/><U99/><E99/><N who="2" m="59623" /><F112/><W28/><G28/><T60/><D40/><U4/><E4/><V104/><F104/><W34/><G34/><T96/><D33/><U12/><E12/><V75/><F75/><W43/><G2/><T65/><D16/><U111/><E111/><V109/><F109/><W91/><G51/><N who="0" m="27031" /><D65/><N who="2" m="25194" /><F32/><W129/><G129/><T46/><D39/><U95/><E133/><V134/><F134/><W103/><G103/><N who="0" m="60823" /><D46/><U100/><E100/><V131/><F131/><W18/><REACH who="3" step="1"/><G8/><REACH who="3" ten="353,251,191,195" step="2"/><T31/><D31/><U128/><E128/><V80/><F123/><W113/><G113/><T35/><D35/><U41/><E36/><V11/><F120/><W22/><G22/><T10/><D10/><U58/><E38/><V29/><F29/><W97/><G97/><T19/><D19/><U89/><E23/><V20/><F20/><W27/><G27/><T17/><D17/><U47/><E21/><V50/><F26/><W93/><G93/><T30/><D30/><U73/><E73/><V0/><F0/><W83/><AGARI ba="0,1" hai="9,15,18,43,45,48,74,78,83,88,91,116,118,119" machi="83" ten="40,8000,1" yaku="1,1,0,1,52,1,54,1,53,0" doraHai="76" doraHaiUra="3" who="3" fromWho="3" sc="353,-20,251,-20,191,-40,195,90" /><INIT seed="7,0,0,3,5,62" ten="333,231,151,285" oya="3" hai0="49,44,72,64,83,46,95,68,121,33,51,78,81" hai1="18,98,82,17,76,84,53,71,134,15,122,37,87" hai2="65,86,59,104,7,73,116,101,58,1,115,129,67" hai3="16,14,92,103,48,125,107,36,93,28,130,19,135"/><W20/><G36/><T119/><D119/><U102/><E37/><V66/><F116/><W97/><G125/><T118/><D118/><U25/><E122/><V88/><F73/><W127/><G127/><T111/><D111/><U11/><E134/><V41/><F115/><W50/><G130/><T74/><D33/><U54/><E71/><V133/><F129/><W124/><G124/><T61/><D121/><U89/><E25/><V100/><F133/><W30/><G135/><T80/><D95/><U85/><E18/><V113/><F113/><W99/><G92/><T0/><D0/><U21/><E11/><V79/><F104/><W47/><G19/><T131/><D131/><U22/><E22/><V90/><F1/><W10/><G10/><T38/><D38/><U8/><E21/><V94/><F7/><W39/><G39/><T110/><D110/><U43/><E43/><V106/><F106/><W109/><G50/><T12/><D12/><U96/><E96/><N who="2" m="57415" /><F79/><W29/><G29/><T27/><D27/><U77/><E77/><V57/><F41/><W70/><G70/><T4/><D4/><U108/><E108/><V105/><F105/><W13/><G13/><T32/><D72/><U23/><E76/><V114/><F114/><W60/><G60/><T45/><D32/><U112/><E112/><V63/><F63/><W2/><G2/><T120/><D120/><U55/><E8/><V91/><F91/><N who="3" m="55487" /><G109/><T9/><D9/><U31/><E31/><V26/><F26/><W35/><G35/><T123/><D123/><U69/><E69/><V128/><F128/><RYUUKYOKU ba="0,0" sc="333,0,231,0,151,0,285,0" hai0="44,45,46,49,51,61,64,68,74,78,80,81,83" hai1="15,17,23,53,54,55,82,84,85,87,89,98,102" hai2="57,58,59,65,66,67,86,90,100,101" hai3="14,16,20,28,30,47,48,99,103,107" /><INIT seed="7,1,0,4,2,73" ten="333,231,151,285" oya="3" hai0="54,13,99,117,125,126,53,19,44,70,107,2,65" hai1="111,131,68,59,9,18,94,35,120,72,103,48,116" hai2="62,69,71,43,104,60,49,50,17,115,58,81,16" hai3="55,28,78,52,56,37,134,0,98,112,23,4,66"/><W25/><G37/><T97/><D117/><U51/><E72/><V14/><F104/><W106/><G112/><T119/><D2/><U108/><E68/><V40/><F115/><W24/><G134/><T113/><D119/><U124/><E116/><V21/><F81/><W46/><G0/><T122/><D113/><U87/><E35/><V133/><F133/><W27/><G4/><T132/><D122/><U123/><E124/><N who="0" m="47721" /><D132/><U47/><E131/><V85/><F85/><W96/><G106/><T41/><D107/><U3/><E3/><V95/><F95/><W92/><G66/><T22/><D65/><U6/><E6/><V114/><F114/><W129/><G129/><T109/><D70/><U61/><E87/><V74/><F74/><W89/><G98/><N who="0" m="37387" /><D109/><U8/><E108/><V135/><F135/><W45/><G78/><T110/><D110/><U15/><E111/><V101/><F101/><W20/><G27/><T33/><D33/><U34/><E34/><V79/><F58/><W83/><G83/><T90/><D90/><U10/><E120/><V88/><F88/><W80/><G80/><T82/><D82/><U102/><E123/><V84/><F84/><W93/><G93/><T1/><D1/><U36/><E102/><V5/><F5/><W105/><G105/><T38/><AGARI ba="1,0" hai="13,19,22,38,41,44,53,54" m="37387,47721" machi="38" ten="30,1100,0" yaku="18,1" doraHai="73" who="0" fromWho="0" sc="333,14,231,-4,151,-4,285,-6" owari="347,44.0,227,-17.0,147,-35.0,279,8.0" /></mjloggm>