<mjloggm ver="2.3"><GO type="225" lobby="0"/><UN n0="%E9%8C%AF%E4%B9%B1%E3%82%AB%E3%83%AB%E3%83%94%E3%82%B9" n1="%E3%83%88%E3%83%88%E3%83%AA%E5%85%88%E7%94%9F%31%39%E6%AD%B3" n2="%E3%81%AA%E3%81%A3%E3%81%8D%E3%82%8A" n3="%E3%81%BD%E3%83%BC%E3%82%93%64%65%E3%83%AA%E3%83%B3%E3%82%B0" dan="17,18,16,16" rate="2179.72,2260.36,2076.69,2144.94" sx="F,F,M,M"/><TAIKYOKU oya="0"/><INIT seed="0,0,0,2,3,133" ten="250,250,250,250" oya="0" hai0="25,115,134,43,81,51,57,49,45,96,95,123,135" hai1="63,70,17,78,127,91,116,102,50,99,58,82,44" hai2="53,32,110,120,87,77,22,9,6,71,1,18,39" hai3="21,61,4,107,34,114,106,126,2,13,80,117,109"/><T73/><D123/><U101/><E116/><V36/><F120/><W68/><G117/><T28/><D115/><U112/><E112/><V97/><F110/><W20/><G114/><T67/><D73/><U132/><E70/><V11/><F11/><W119/><G119/><T27/><D81/><U19/><E132/><N who="0" m="50729" /><D28/><U84/><E127/><V56/><F71/><W3/><G109/><T8/><D8/><U93/><E17/><V103/><F32/><W131/><G131/><T69/><D69/><U83/><E83/><V125/><F87/><W23/><G126/><T66/><D66/><N who="1" m="39287" /><E19/><V104/><F77/><W30/><G80/><T105/><D105/><U42/><AGARI ba="0,0" hai="42,44,50,78,82,84,91,93,99,101,102" m="39287" machi="42" ten="30,1100,0" yaku="8,1" doraHai="133" who="1" fromWho="1" sc="250,-5,250,11,250,-3,250,-3" /><INIT seed="1,0,0,3,0,89" ten="245,261,247,247" oya="1" hai0="129,10,45,37,47,118,103,98,112,25,33,119,24" hai1="108,126,83,28,53,125,79,85,73,72,30,48,44" hai2="13,55,0,38,115,102,64,63,107,124,58,82,117" hai3="70,11,2,27,87,52,131,122,101,15,8,110,16"/><U127/><REACH who="1" step="1"/><E108/><REACH who="1" ten="245,251,247,247" step="2"/><V4/><F55/><W121/><G110/><T113/><D113/><U128/><E128/><V46/><F115/><W59/><G131/><T134/><D112/><U94/><E94/><V132/><F107/><W75/><G52/><T21/><D129/><U20/><E20/><V49/><F82/><W65/><G121/><T77/><D21/><U35/><E35/><V67/><F67/><W69/><G65/><T66/><D33/><U29/><AGARI ba="0,1" hai="28,29,30,44,48,53,72,73,79,83,85,125,126,127" machi="29" ten="40,12000,1" yaku="21,2,0,1,18,1,53,0" doraHai="89" doraHaiUra="62" who="1" fromWho="1" sc="245,-40,251,130,247,-40,247,-40" /><INIT seed="1,1,0,1,4,134" ten="205,381,207,207" oya="1" hai0="46,124,63,110,126,69,6,129,114,88,57,61,97" hai1="67,120,98,60,1,13,10,91,104,64,30,22,77" hai2="53,79,76,78,66,42,121,93,5,32,131,81,34" hai3="112,59,113,107,29,20,71,45,125,105,47,92,117"/><U58/><E120/><V26/><F121/><W3/><G71/><T54/><D114/><U100/><E1/><V33/><F131/><W52/><G3/><T122/><D129/><U2/><E2/><V123/><F123/><W95/><G117/><T17/><D122/><U35/><E35/><V101/><F5/><W27/><G125/><N who="0" m="48235" /><D110/><U24/><E77/><V50/><F66/><W37/><G107/><T103/><D6/><U36/><E36/><V111/><F111/><W55/><G105/><N who="0" m="63727" /><D17/><U19/><E91/><V68/><F42/><W109/><G109/><T39/><D39/><U83/><E83/><V7/><F7/><W108/><G108/><T96/><D46/><U70/><E70/><V72/><F68/><W130/><G130/><T127/><N who="0" m="48243" /><T94/><DORA hai="4" /><D69/><U132/><E132/><V48/><F72/><W118/><G37/><T21/><D21/><U9/><E9/><V74/><F32/><W119/><G112/><T90/><D63/><U133/><E133/><V102/><F34/><W0/><G113/><T51/><D61/><U15/><E15/><V73/><F73/><W56/><G20/><T18/><D18/><U99/><E60/><V84/><F33/><W86/><G0/><T12/><D12/><U135/><E135/><V38/><F38/><W80/><G47/><T62/><D62/><U31/><E13/><V128/><F128/><W41/><G45/><T89/><AGARI ba="1,0" hai="51,54,57,88,89,90,94,96" m="63727,48243" machi="89" ten="40,12000,2" yaku="18,1,52,4,54,1" doraHai="134,4" who="0" fromWho="0" sc="205,123,381,-61,207,-31,207,-31" /><INIT seed="2,0,0,5,5,12" ten="328,320,176,176" oya="2" hai0="56,21,131,4,90,18,1,7,54,91,83,66,65" hai1="13,112,27,6,10,58,22,15,110,0,61,84,19" hai2="73,126,43,114,28,42,97,29,14,64,124,100,11" hai3="85,115,71,50,98,120,105,106,128,92,62,81,23"/><V101/><F73/><W9/><G120/><T48/><D131/><U132/><E112/><V3/><F3/><W78/><G128/><T63/><D1/><U2/><E110/><V116/><F116/><W70/><G115/><T108/><D108/><U111/><E111/><V93/><F64/><N who="0" m="24682" /><D63/><U133/><E84/><V51/><F101/><W67/><G71/><T86/><D91/><U123/><E123/><V26/><F114/><W107/><G9/><T46/><D46/><U94/><E94/><V44/><F43/><W89/><G50/><T82/><D82/><U96/><E96/><V59/><F59/><W8/><G8/><T118/><D118/><U134/><E58/><V40/><F40/><W35/><G35/><T34/><D34/><U47/><E61/><V75/><F75/><W95/><G23/><T121/><D121/><U88/><E88/><V122/><F122/><W32/><G32/><T39/><D39/><U20/><E47/><V36/><F36/><W57/><G70/><T55/><D55/><U119/><E119/><V76/><F76/><W99/><REACH who="3" step="1"/><G107/><REACH who="3" ten="328,320,176,166" step="2"/><T60/><D48/><U74/><E74/><V77/><F77/><W102/><AGARI ba="0,1" hai="57,62,67,78,81,85,89,92,95,98,99,102,105,106" machi="102" ten="20,5200,0" yaku="1,1,2,1,0,1,7,1,53,0" doraHai="12" doraHaiUra="37" who="3" fromWho="3" sc="328,-13,320,-13,176,-26,166,62" /><INIT seed="3,0,0,1,4,24" ten="315,307,150,228" oya="3" hai0="42,41,67,54,107,48,95,14,111,102,18,99,109" hai1="128,79,46,121,101,106,108,83,61,126,93,64,97" hai2="47,40,84,112,3,44,90,58,133,94,59,88,21" hai3="7,37,12,127,17,9,2,92,11,118,80,125,22"/><W55/><G118/><T28/><D28/><U34/><E121/><V115/><F3/><W15/><G37/><T20/><D67/><U130/><E108/><N who="0" m="41545" /><D107/><U105/><E126/><V110/><F110/><W62/><G80/><T36/><D36/><U60/><E46/><AGARI ba="0,0" hai="14,18,20,41,42,46,48,54,95,99,102" m="41545" machi="46" ten="30,1000,0" yaku="14,1" doraHai="24" who="0" fromWho="1" sc="315,10,307,-10,150,0,228,0" owari="325,42.0,297,10.0,150,-35.0,228,-17.0" /></mjloggm>