<mjloggm ver="2.3"><GO type="97" lobby="0"/><UN n0="%E5%B0%B1%E6%B4%BB%E7%94%9F%40%E5%B7%9D%E6%9D%91%E8%BB%8D%E5%9B%A3" n1="%E3%83%8A%E3%83%8F%E3%83%A9%E3%82%B8%E3%83%A3" n2="%E3%83%8F%E3%83%96%E3%82%B1%E3%82%A4%E3%82%B9%E3%82%B1" n3="%66%65%6C%66%65%6E" dan="15,14,14,13" rate="1957.14,1920.43,1880.54,1914.91" sx="M,M,M,F"/><TAIKYOKU oya="0"/><INIT seed="0,0,0,1,3,131" ten="250,250,250,250" oya="0" hai0="95,65,2,4,78,28,121,20,119,85,135,0,113" hai1="68,128,27,96,29,100,30,34,120,11,46,62,72" hai2="61,115,82,59,104,33,109,101,8,69,38,57,32" hai3="105,54,41,84,36,12,23,118,49,111,73,76,79"/><T37/><D119/><U77/><E120/><V106/><F38/><W126/><G118/><T87/><D121/><U56/><E46/><V48/><F8/><W7/><G73/><T10/><D37/><U51/><E11/><V80/><F48/><W127/><G111/><T102/><D113/><U93/><E30/><V44/><F44/><W6/><G105/><T45/><D2/><U13/><E13/><V60/><F101/><W107/><G107/><T22/><D65/><U39/><E39/><V125/><F69/><W116/><G116/><T25/><D45/><U91/><E51/><V15/><F15/><W19/><G84/><T97/><D135/><U123/><E123/><V99/><F99/><W52/><G36/><T43/><D43/><U24/><E24/><V110/><REACH who="2" step="1"/><F125/><REACH who="2" ten="250,250,240,250" step="2"/><N who="3" m="47627" /><G49/><T133/><D133/><U114/><E68/><V64/><F64/><W53/><G41/><T83/><D22/><U18/><E100/><V81/><F81/><W26/><G26/><T66/><D66/><U117/><E27/><V89/><F89/><W75/><G75/><AGARI ba="0,1" hai="0,4,10,20,25,28,75,78,83,85,87,95,97,102" machi="75" ten="30,1500,0" yaku="7,1" doraHai="131" who="0" fromWho="3" sc="250,25,250,0,240,0,250,-15" /><INIT seed="0,1,0,1,2,45" ten="275,250,240,235" oya="0" hai0="8,20,131,90,80,24,117,25,61,66,119,106,50" hai1="10,87,91,79,26,116,18,56,99,34,92,123,1" hai2="17,46,124,55,89,44,74,0,108,22,83,63,73" hai3="110,57,129,14,27,118,4,5,97,41,33,70,13"/><T86/><D106/><U35/><E116/><V68/><F0/><W111/><G70/><T37/><D37/><U42/><E123/><V128/><F108/><N who="3" m="41515" /><G118/><T133/><D131/><U69/><E69/><V84/><F124/><W12/><G97/><T48/><D133/><U109/><E1/><V31/><F31/><N who="3" m="19711" /><G41/><T100/><D100/><U16/><E42/><V21/><F21/><W113/><G57/><N who="0" m="37167" /><D119/><U104/><E104/><V134/><F134/><W32/><G32/><T67/><D117/><U72/><E72/><V2/><F2/><W3/><G3/><T82/><D67/><U120/><E120/><V96/><F96/><W114/><G129/><T59/><D8/><U9/><E99/><V115/><F128/><W28/><G28/><N who="0" m="17415" /><D59/><U15/><E56/><V51/><F115/><AGARI ba="1,0" hai="4,5,12,13,14,113,114,115" m="19711,41515" machi="115" ten="40,5200,0" yaku="14,1,34,2" doraHai="45" who="3" fromWho="2" sc="275,0,250,0,240,-55,235,55" /><INIT seed="1,0,0,3,1,109" ten="275,250,185,290" oya="1" hai0="135,60,98,41,79,64,99,69,24,77,112,80,74" hai1="56,21,6,2,92,16,14,26,106,27,115,32,87" hai2="29,46,53,101,116,23,89,57,37,25,128,61,54" hai3="85,94,75,105,111,43,7,133,10,1,58,22,47"/><U76/><E106/><V93/><F128/><W42/><G75/><T44/><D135/><U81/><E32/><V78/><F116/><W8/><G111/><T66/><D66/><U63/><E115/><V59/><F101/><W108/><G105/><T97/><D79/><U73/><E73/><V33/><F78/><W67/><G133/><T122/><D122/><U18/><E92/><V86/><F37/><W113/><G108/><T15/><D15/><U127/><E127/><V48/><F33/><W65/><G10/><T30/><D112/><U104/><E104/><V52/><REACH who="2" step="1"/><F59/><REACH who="2" ten="275,250,175,290" step="2"/><W134/><G113/><T4/><D77/><U70/><E70/><V124/><F124/><W62/><G134/><T132/><D132/><U39/><E39/><V20/><F20/><W38/><G22/><T82/><D74/><U55/><REACH who="1" step="1"/><E18/><REACH who="1" ten="275,240,175,290" step="2"/><V31/><F31/><W119/><G119/><T40/><D30/><U88/><E88/><V96/><F96/><W49/><G38/><N who="0" m="21527" /><D98/><U103/><E103/><V102/><F102/><W5/><G5/><T13/><D99/><U0/><E0/><V121/><F121/><W17/><G17/><T118/><D97/><U83/><E83/><V95/><F95/><W120/><G94/><T72/><D72/><U34/><E34/><V45/><F45/><W123/><G120/><T117/><D82/><U114/><E114/><V129/><F129/><W51/><G123/><T90/><D80/><U100/><E100/><V130/><F130/><W28/><G28/><T19/><D90/><U50/><E50/><V35/><F35/><W126/><G49/><RYUUKYOKU ba="0,2" sc="275,-15,240,15,175,15,290,-15" hai1="2,6,14,16,21,26,27,55,56,63,76,81,87" hai2="23,25,29,46,48,52,53,54,57,61,86,89,93" /><INIT seed="1,1,2,5,4,114" ten="260,255,190,275" oya="1" hai0="50,117,46,97,67,70,1,17,53,69,126,110,96" hai1="18,127,135,118,42,115,72,76,82,7,105,106,56" hai2="93,41,9,83,66,6,84,27,34,79,107,21,71" hai3="44,54,32,129,111,45,119,26,57,130,98,94,80"/><U4/><E115/><V81/><F107/><W125/><G111/><T74/><D1/><U20/><E42/><V16/><F34/><W5/><G125/><T112/><D74/><U116/><E127/><V37/><F93/><W62/><G5/><T60/><D110/><U39/><E39/><V52/><F71/><W0/><G0/><T10/><D126/><U43/><E43/><V77/><F66/><W113/><G113/><T33/><D33/><U88/><E135/><V134/><F134/><W91/><G80/><T47/><D112/><U75/><E56/><V63/><F41/><W23/><G32/><T73/><D73/><U22/><E82/><V12/><F37/><W132/><G119/><T11/><D117/><U86/><E86/><V85/><REACH who="2" step="1"/><F63/><REACH who="2" ten="260,255,180,275" step="2"/><W3/><G132/><T92/><D60/><U108/><E108/><V2/><F2/><W35/><G3/><T31/><D67/><U121/><E106/><V8/><F8/><W102/><G35/><T104/><D104/><U48/><E105/><V40/><F40/><W128/><REACH who="3" step="1"/><G102/><REACH who="3" ten="260,255,180,265" step="2"/><T58/><D70/><U109/><E109/><V29/><F29/><AGARI ba="1,4" hai="23,26,29,44,45,54,57,62,91,94,98,128,129,130" machi="29" ten="40,5200,0" yaku="1,1,2,1,19,1,53,0" doraHai="114" doraHaiUra="133" who="3" fromWho="2" sc="260,0,255,0,180,-55,265,95" /><INIT seed="2,0,0,2,5,47" ten="260,255,125,360" oya="2" hai0="29,128,2,28,108,72,101,77,36,126,117,30,64" hai1="3,129,94,111,100,25,73,83,89,48,31,9,4" hai2="66,80,112,67,110,13,41,96,39,115,42,52,0" hai3="37,26,12,15,97,46,85,76,61,23,107,82,8"/><V55/><F0/><W130/><G130/><T103/><D36/><U65/><E129/><V33/><F33/><W6/><G61/><T121/><D2/><U123/><E65/><N who="2" m="24587" /><F13/><W19/><G37/><T54/><D121/><U57/><E100/><V5/><F5/><W93/><G107/><T1/><D1/><U49/><E123/><V45/><F96/><W91/><G46/><T119/><D64/><U43/><E43/><N who="2" m="22783" /><F80/><W122/><G122/><T60/><D77/><U92/><E92/><V109/><F41/><W127/><G127/><T88/><D72/><U20/><E83/><V34/><F34/><W51/><G51/><T22/><D22/><U69/><E73/><V71/><F71/><W40/><G40/><T98/><D126/><U68/><E69/><V86/><F86/><W32/><G32/><T113/><D128/><U16/><E68/><V59/><F42/><W14/><AGARI ba="0,0" hai="6,8,12,14,15,19,23,26,76,82,85,91,93,97" machi="14" ten="20,2700,0" yaku="0,1,7,1,8,1" doraHai="47" who="3" fromWho="3" sc="260,-7,255,-7,125,-13,360,27" /><INIT seed="3,0,0,4,3,94" ten="253,248,112,387" oya="3" hai0="83,88,85,10,31,58,8,76,9,18,33,62,66" hai1="50,91,111,78,87,135,20,102,23,112,109,131,110" hai2="98,96,15,128,34,92,48,60,49,123,89,5,16" hai3="104,114,79,113,118,77,71,29,133,13,25,42,116"/><W61/><G104/><T106/><D106/><U75/><E112/><V70/><F128/><W64/><G42/><T124/><D124/><U90/><E131/><V105/><F123/><W100/><G100/><T74/><D33/><U56/><E102/><V129/><F129/><W2/><G2/><T52/><D31/><U117/><E117/><V37/><F37/><W14/><G133/><T122/><D122/><U132/><E75/><V80/><F34/><W55/><G118/><T43/><D43/><U40/><E78/><V53/><F5/><W97/><G97/><T41/><D41/><U4/><E4/><V46/><F80/><W130/><G130/><T11/><D74/><U69/><E69/><V47/><F70/><W30/><G116/><T84/><D18/><U6/><E6/><V73/><F73/><W95/><G95/><N who="0" m="54663" /><D10/><U121/><E121/><V44/><F105/><W107/><G25/><T3/><D3/><U126/><E126/><V35/><F35/><W17/><G55/><AGARI ba="0,0" hai="8,9,11,52,55,58,62,66,76,83,85" m="54663" machi="55" ten="30,3900,0" yaku="8,1,54,2" doraHai="94" who="0" fromWho="3" sc="253,39,248,0,112,0,387,-39" owari="292,9.0,248,-15.0,112,-39.0,348,45.0" /></mjloggm>