<mjloggm ver="2.3"><GO type="169" lobby="0"/><UN n0="%7A%6B%75%72%74" n1="%E3%82%A6%E3%83%AB%E3%83%88%E3%83%A9%E7%AB%8B%E7%9B%B4" n2="%E3%83%A4%E3%82%AD%E3%83%B3" n3="%6E%65%6F%40%75%6E%69" dan="18,17,18,18" rate="2200.53,2145.52,2228.99,2295.37" sx="M,M,M,M"/><TAIKYOKU oya="0"/><INIT seed="0,0,0,5,5,84" ten="250,250,250,250" oya="0" hai0="4,51,78,45,18,121,94,110,56,37,132,74,87" hai1="134,95,126,135,86,109,30,119,85,107,67,104,24" hai2="133,25,46,63,53,6,66,22,118,48,44,42,131" hai3="73,13,111,32,98,106,76,77,92,115,80,49,57"/><T50/><D121/><U3/><E3/><V102/><F133/><N who="1" m="50697" /><E119/><V55/><F131/><W14/><G32/><T39/><D132/><U103/><E67/><V20/><F118/><W72/><G106/><N who="1" m="40490" /><E109/><V123/><F102/><W130/><G115/><T91/><D110/><U0/><E0/><V113/><F113/><W19/><G130/><T35/><D35/><N who="1" m="20935" /><E126/><V64/><F64/><W33/><G33/><T75/><D4/><U105/><E105/><V16/><F6/><W100/><G19/><T28/><D28/><U81/><E81/><V120/><F22/><W15/><G111/><T93/><D18/><U82/><E82/><V125/><F125/><W79/><G80/><T65/><D78/><U12/><E12/><V116/><F116/><W101/><G101/><T71/><D71/><U59/><E59/><V29/><F29/><W117/><G117/><T26/><D26/><U2/><E2/><V61/><F66/><W97/><G97/><AGARI ba="0,0" hai="85,86,95,97,103" m="20935,40490,50697" machi="97" ten="30,1000,0" yaku="20,1" doraHai="84" who="1" fromWho="3" sc="250,0,250,10,250,0,250,-10" /><INIT seed="1,0,0,1,1,32" ten="250,260,250,240" oya="1" hai0="122,58,24,56,72,5,97,9,89,4,59,18,70" hai1="127,25,125,101,15,133,82,123,26,22,129,37,119" hai2="29,108,48,7,8,65,35,2,134,47,74,91,45" hai3="12,40,10,14,30,98,23,96,77,113,107,104,118"/><U80/><E37/><V46/><F74/><W21/><G77/><T128/><D70/><U121/><E101/><V117/><F117/><W78/><G78/><T131/><D72/><U132/><E15/><V69/><F108/><W81/><G10/><T105/><D122/><U71/><E71/><V90/><F134/><N who="1" m="51817" /><E119/><V0/><F48/><W3/><G30/><T67/><D67/><U111/><E111/><V51/><F51/><W76/><G76/><T57/><D105/><U53/><E53/><V61/><REACH who="2" step="1"/><F0/><REACH who="2" ten="250,260,240,240" step="2"/><W93/><G3/><T55/><D128/><U60/><E129/><V11/><F11/><W130/><G130/><T85/><D131/><U16/><E60/><V126/><F126/><N who="1" m="48137" /><E26/><AGARI ba="0,1" hai="2,7,8,26,29,35,45,46,47,61,65,69,90,91" machi="26" ten="40,2600,0" yaku="1,1,52,1,53,0" doraHai="32" doraHaiUra="36" who="2" fromWho="1" sc="250,0,260,-26,240,36,240,0" /><INIT seed="2,0,0,5,2,28" ten="250,234,276,240" oya="2" hai0="67,36,21,84,26,118,102,5,86,126,110,50,45" hai1="23,64,30,115,78,71,66,68,123,62,49,112,85" hai2="91,1,43,96,22,65,69,93,75,87,57,10,122" hai3="16,17,72,47,92,13,100,70,32,11,34,35,99"/><V29/><F75/><W24/><G70/><T42/><D110/><U117/><E117/><V48/><F69/><W128/><G72/><T38/><D118/><U106/><E106/><V14/><F1/><W58/><G58/><T20/><D126/><U125/><E125/><V7/><F122/><W6/><G128/><T97/><D67/><U130/><E130/><V59/><F65/><W44/><REACH who="3" step="1"/><G24/><REACH who="3" ten="250,234,276,230" step="2"/><T103/><D26/><U27/><E123/><V76/><F59/><W33/><N who="3" m="8192" /><DORA hai="74" /><W120/><G120/><T134/><D134/><U88/><E68/><V12/><F57/><W83/><G83/><T3/><D38/><U52/><E71/><V9/><F48/><W113/><G113/><T119/><D36/><U63/><E112/><V121/><F121/><W37/><G37/><T90/><D50/><U73/><E73/><V55/><F55/><W101/><G101/><T135/><D103/><U94/><E115/><V2/><F43/><W53/><G53/><T82/><D102/><U51/><E51/><V114/><F114/><W25/><G25/><T54/><D42/><U18/><E49/><V124/><F124/><W31/><G31/><T81/><D54/><U89/><E30/><V77/><F29/><W15/><G15/><T41/><D41/><U19/><E52/><V56/><F56/><W40/><G40/><T127/><D127/><U104/><E27/><V131/><F131/><W79/><G79/><T133/><D133/><U129/><E78/><V111/><F77/><W39/><G39/><T60/><D135/><U116/><E129/><V8/><F76/><RYUUKYOKU ba="0,1" sc="250,-10,234,-10,276,-10,230,30" hai3="6,11,13,16,17,44,47,92,99,100" /><INIT seed="3,1,1,5,5,30" ten="240,224,266,260" oya="3" hai0="99,91,66,112,129,104,4,125,109,92,1,111,110" hai1="113,80,10,19,135,20,71,134,85,67,130,81,72" hai2="128,78,53,17,39,132,103,74,26,5,32,84,23" hai3="108,8,34,50,97,52,62,93,68,94,77,55,41"/><W56/><G77/><T133/><D133/><N who="1" m="50699" /><E113/><V13/><F39/><W54/><G34/><T69/><D112/><U11/><E130/><V42/><F42/><W106/><G106/><T116/><D116/><U47/><E47/><V24/><F74/><W101/><G108/><T131/><D125/><U31/><E31/><V7/><F128/><N who="0" m="49226" /><D104/><U88/><E67/><V124/><F103/><W98/><G8/><N who="0" m="2063" /><D66/><U90/><E71/><AGARI ba="1,1" hai="69,71,91,92,99,109,110,111" m="2063,49226" machi="71" ten="40,2600,0" yaku="14,1,19,1" doraHai="30" who="0" fromWho="1" sc="240,39,224,-29,266,0,260,0" /><INIT seed="4,0,0,0,4,70" ten="279,195,266,260" oya="0" hai0="4,43,69,15,134,81,51,73,110,45,21,40,9" hai1="17,56,22,37,89,104,101,30,113,19,99,12,68" hai2="13,59,84,130,20,129,85,133,67,35,63,94,127" hai3="121,18,105,118,52,39,128,47,119,32,117,125,14"/><T26/><D69/><U57/><E68/><V38/><F35/><W120/><G105/><T98/><D134/><U115/><E30/><V16/><F133/><W42/><G32/><T33/><D33/><U46/><E89/><N who="2" m="53543" /><F85/><W7/><G7/><T28/><D110/><U71/><E71/><V77/><F77/><W91/><G91/><T132/><D132/><U60/><E19/><V10/><F10/><W112/><G112/><N who="1" m="43082" /><E60/><V23/><F23/><W107/><G107/><T62/><D62/><U75/><E75/><V24/><F24/><W3/><G3/><T116/><D116/><U135/><E135/><V72/><F72/><W8/><G128/><N who="2" m="49257" /><F127/><W97/><G97/><T66/><D98/><U1/><E1/><V92/><F92/><W25/><G125/><T31/><D73/><U41/><AGARI ba="0,0" hai="12,17,22,37,41,46,56,57,99,101,104" m="43082" machi="41" ten="30,4000,0" yaku="15,1,11,1,52,1" doraHai="70" who="1" fromWho="1" sc="279,-20,195,40,266,-10,260,-10" /><INIT seed="5,0,0,5,3,38" ten="259,235,256,250" oya="1" hai0="78,33,117,119,5,40,22,86,37,48,104,34,51" hai1="31,121,80,68,45,74,96,110,16,46,129,6,29" hai2="87,12,42,72,95,112,131,85,36,88,24,10,67" hai3="3,62,97,82,115,19,101,17,41,113,0,84,135"/><U56/><E68/><V107/><F72/><W53/><G135/><T1/><D104/><U26/><E121/><V11/><F107/><W102/><G53/><T50/><D22/><N who="1" m="13639" /><E74/><V93/><F131/><W63/><G84/><T55/><D55/><U59/><E129/><V21/><F67/><W106/><G106/><T128/><D128/><U134/><E134/><V122/><F122/><W83/><G97/><T116/><D1/><U126/><E126/><V69/><F69/><W7/><G7/><T65/><D5/><U76/><E6/><V108/><F108/><W127/><REACH who="3" step="1"/><G41/><REACH who="3" ten="259,235,256,240" step="2"/><T118/><D118/><U125/><E96/><V49/><F87/><W4/><G4/><T71/><D86/><N who="1" m="48391" /><E125/><AGARI ba="0,1" hai="0,3,17,19,62,63,82,83,101,102,113,115,125,127" machi="125" ten="25,8000,1" yaku="1,1,22,2,53,2" doraHai="38" doraHaiUra="111" who="3" fromWho="1" sc="259,0,235,-80,256,0,240,90" /><INIT seed="6,0,0,1,5,125" ten="259,155,256,330" oya="2" hai0="132,96,61,45,68,14,48,101,46,15,52,4,25" hai1="117,106,98,42,8,84,114,53,26,7,93,97,49" hai2="133,43,31,32,122,5,29,121,90,130,64,58,51" hai3="113,80,116,11,89,50,88,3,107,57,81,40,27"/><V55/><F133/><W69/><G69/><T35/><D132/><U131/><E117/><V24/><F31/><W82/><G107/><T13/><D45/><U36/><E114/><V23/><F5/><W28/><G113/><T118/><D118/><U72/><E72/><V44/><F64/><W1/><G1/><T108/><D108/><U85/><E42/><V119/><F119/><W99/><G99/><T33/><D4/><U30/><E36/><V34/><F90/><W19/><G40/><T59/><D68/><U124/><E124/><V41/><F41/><W112/><G3/><T135/><D25/><U62/><E62/><V134/><F134/><W123/><G123/><T92/><REACH who="0" step="1"/><D135/><REACH who="0" ten="249,155,256,330" step="2"/><U128/><E26/><V91/><F122/><W127/><G27/><T73/><D73/><U71/><E71/><V12/><F121/><W20/><G116/><T110/><D110/><U66/><E30/><V78/><F24/><W83/><G28/><T10/><D10/><U9/><E66/><AGARI ba="0,1" hai="13,14,15,33,35,46,48,52,59,61,66,92,96,101" machi="66" ten="40,2600,0" yaku="1,1,54,1,53,0" doraHai="125" doraHaiUra="65" who="0" fromWho="1" sc="249,36,155,-26,256,0,330,0" /><INIT seed="7,0,0,2,0,49" ten="285,129,256,330" oya="3" hai0="46,12,42,100,14,123,68,69,19,51,111,117,25" hai1="8,133,103,115,113,53,85,59,32,96,124,56,57" hai2="105,50,90,127,0,39,47,78,2,11,87,121,77" hai3="17,9,15,30,10,106,37,109,52,92,79,35,99"/><W40/><G79/><T61/><D111/><U58/><E32/><V26/><F105/><W3/><G106/><T4/><D123/><U130/><E124/><V81/><F39/><W72/><G72/><T122/><D117/><U108/><E108/><V101/><F101/><W134/><G40/><T62/><D100/><U76/><E130/><V107/><F107/><W63/><G37/><T114/><D122/><U24/><E133/><V82/><F127/><W75/><G75/><T126/><D126/><U120/><E120/><V80/><F26/><W102/><G30/><T88/><D114/><U34/><E8/><V38/><F38/><W65/><G65/><T7/><D25/><U116/><E116/><V60/><F60/><W27/><G27/><T83/><D68/><U31/><E85/><V104/><F104/><W132/><G35/><T33/><D33/><U54/><N who="1" m="14336" /><DORA hai="64" /><U95/><REACH who="1" step="1"/><E76/><REACH who="1" ten="285,119,256,330" step="2"/><N who="2" m="46471" /><F121/><W5/><G109/><T55/><D62/><U97/><E97/><V20/><F78/><W18/><G63/><T112/><D61/><U84/><E84/><V128/><F77/><W74/><G134/><T135/><D135/><U13/><E13/><V43/><F128/><W119/><G15/><T91/><D12/><U67/><E67/><V125/><F125/><W6/><G132/><T89/><D14/><U94/><E94/><V98/><F11/><W16/><G10/><T23/><D7/><U73/><E73/><V28/><F0/><W48/><G3/><T110/><D4/><U129/><E129/><V21/><F2/><W118/><G118/><T36/><D110/><RYUUKYOKU ba="0,1" sc="285,-10,119,30,256,-10,330,-10" hai1="24,31,34,53,54,95,96,103,113,115" owari="275,8.0,149,-35.0,246,-15.0,330,42.0" /></mjloggm>