<mjloggm ver="2.3"><GO type="97" lobby="0"/><UN n0="%E7%8B%AD%E5%B1%B1%E3%81%AE%E8%8C%B6" n1="%E3%81%99%E3%81%A6%E3%81%8A%EF%BC%BE%EF%BC%BE%EF%BD%82" n2="%E3%81%82%2E%E3%81%BB%E3%83%BC%E3%81%99%2E" n3="%E5%B0%B1%E6%B4%BB%E7%94%9F%40%E5%B7%9D%E6%9D%91%E8%BB%8D%E5%9B%A3" dan="14,13,15,15" rate="1842.50,1898.33,2003.03,2070.18" sx="M,M,M,M"/><TAIKYOKU oya="0"/><INIT seed="0,0,0,5,4,100" ten="250,250,250,250" oya="0" hai0="63,49,130,134,18,53,77,76,41,15,73,120,81" hai1="109,29,58,9,103,0,31,122,59,57,21,102,71" hai2="98,23,10,92,104,51,79,39,82,108,30,3,28" hai3="119,25,50,55,78,121,75,68,83,64,26,12,17"/><T99/><D120/><U107/><E122/><V95/><F39/><W89/><G119/><T105/><D134/><U127/><E71/><V84/><F108/><W13/><G121/><T129/><D41/><U42/><E127/><V111/><F111/><W110/><G110/><T56/><D76/><U11/><E109/><V45/><F104/><W40/><G40/><T1/><D1/><U87/><E42/><V61/><F61/><W62/><G89/><T123/><D123/><U85/><E0/><V34/><F34/><W32/><G12/><T27/><D27/><U46/><E46/><V118/><F118/><W80/><G32/><T14/><D63/><U2/><E2/><V131/><F131/><N who="0" m="50186" /><D18/><U128/><E21/><V69/><F69/><W90/><G83/><T117/><D117/><U24/><E128/><V135/><F135/><W8/><REACH who="3" step="1"/><G90/><REACH who="3" ten="250,250,250,240" step="2"/><T88/><D88/><U70/><E70/><V67/><F82/><W47/><AGARI ba="0,1" hai="8,13,17,25,26,47,50,55,62,64,68,75,78,80" machi="47" ten="20,5200,0" yaku="1,1,2,1,0,1,7,1,53,0" doraHai="100" doraHaiUra="97" who="3" fromWho="3" sc="250,-26,250,-13,250,-13,240,62" /><INIT seed="1,0,0,5,4,1" ten="224,237,237,302" oya="1" hai0="58,118,114,66,39,123,106,15,8,81,6,104,38" hai1="103,99,59,90,42,30,72,65,13,45,19,43,16" hai2="22,70,37,126,34,32,77,119,68,88,26,5,63" hai3="120,48,121,112,79,18,12,128,87,2,23,40,52"/><U74/><E72/><V33/><F37/><W130/><G2/><T75/><D118/><U102/><E74/><V9/><F119/><W17/><G112/><T93/><D114/><U89/><E30/><V129/><F126/><W7/><G40/><T100/><D123/><U96/><E59/><V49/><F129/><N who="3" m="49771" /><G17/><T107/><D93/><U14/><E45/><V82/><F49/><W4/><G79/><T69/><D69/><U124/><E124/><V133/><F133/><W101/><G101/><T134/><D134/><U55/><E55/><V98/><F77/><W115/><G87/><T76/><REACH who="0" step="1"/><D100/><REACH who="0" ten="214,237,237,302" step="2"/><U71/><REACH who="1" step="1"/><E71/><REACH who="1" ten="214,227,237,302" step="2"/><V54/><F68/><W116/><G116/><T132/><D132/><U60/><E60/><AGARI ba="0,2" hai="6,8,15,38,39,58,60,66,75,76,81,104,106,107" machi="60" ten="40,2600,0" yaku="1,1,52,1,53,0" doraHai="1" doraHaiUra="31" who="0" fromWho="1" sc="214,46,227,-26,237,0,302,0" /><INIT seed="2,0,0,0,3,90" ten="260,201,237,302" oya="2" hai0="11,18,57,113,50,28,126,26,100,17,0,3,101" hai1="111,42,115,122,79,8,118,124,6,24,41,51,94" hai2="39,68,19,23,22,30,128,15,37,82,2,49,14" hai3="5,116,12,25,135,4,92,99,125,40,83,91,20"/><V121/><F121/><W120/><G116/><T132/><D126/><U46/><E118/><V62/><F2/><W71/><G120/><T55/><D132/><U84/><E115/><V31/><F128/><W89/><G71/><T21/><D113/><U1/><E122/><V27/><F82/><W88/><G135/><T74/><D74/><U58/><E111/><V76/><F76/><W75/><G125/><T93/><D3/><U72/><E124/><V45/><F68/><W86/><G75/><T73/><D73/><U133/><E133/><V98/><F62/><W123/><G123/><T64/><D64/><U10/><E72/><V102/><F31/><N who="3" m="17831" /><G40/><T48/><D48/><U43/><E10/><V60/><F60/><W36/><G36/><T106/><D106/><U108/><E108/><V34/><F34/><W107/><G107/><T97/><REACH who="0" step="1"/><D101/><REACH who="0" ten="250,201,237,302" step="2"/><U61/><E24/><V63/><F63/><W80/><G12/><T134/><D134/><U66/><REACH who="1" step="1"/><E79/><REACH who="1" ten="250,191,237,302" step="2"/><V9/><F14/><W65/><G65/><T56/><D56/><U87/><E87/><AGARI ba="0,2" hai="4,5,80,83,86,87,88,89,91,92,99" m="17831" machi="87" ten="30,3900,0" yaku="8,1,52,1,54,1" doraHai="90" who="3" fromWho="1" sc="250,0,191,-39,237,0,302,59" /><INIT seed="3,0,0,0,2,124" ten="250,152,237,361" oya="3" hai0="54,70,29,119,55,75,82,74,109,114,18,13,130" hai1="122,30,58,106,117,62,36,40,22,47,59,25,135" hai2="96,123,32,133,1,11,100,76,43,81,31,83,0" hai3="125,37,63,67,93,23,88,20,51,66,2,64,108"/><W89/><G2/><T9/><D70/><U28/><E122/><V128/><F123/><W87/><G37/><T27/><D119/><U35/><E135/><V116/><F133/><W8/><G125/><T61/><D109/><U86/><E106/><N who="2" m="63751" /><F83/><N who="3" m="49279" /><G63/><T60/><D114/><U15/><E117/><V78/><F78/><W39/><G39/><T56/><D75/><U118/><E118/><V26/><F116/><W113/><G113/><T129/><D82/><U105/><E105/><V84/><F84/><N who="3" m="52391" /><G108/><T17/><D74/><U50/><E36/><V24/><F43/><W79/><G79/><T90/><D90/><U49/><E49/><V94/><F94/><W34/><G34/><T5/><D29/><U38/><E38/><V126/><F126/><W111/><G111/><T102/><D102/><U134/><E134/><V3/><F26/><W95/><G95/><T131/><D27/><U91/><E62/><V19/><F76/><W48/><G8/><T107/><D107/><U104/><E104/><V112/><F81/><W46/><G51/><T21/><D21/><U33/><E33/><V16/><F112/><W115/><G115/><T65/><D65/><U77/><E77/><V41/><F11/><W4/><G4/><T6/><D6/><U97/><E97/><V44/><F3/><W68/><G68/><T14/><D14/><U85/><E85/><V69/><F1/><W12/><G12/><T101/><D101/><U45/><E45/><V98/><F0/><W57/><G46/><T121/><D121/><U73/><E73/><V132/><F44/><W72/><G72/><RYUUKYOKU ba="0,0" sc="250,15,152,-15,237,-15,361,15" hai0="5,9,13,17,18,54,55,56,60,61,129,130,131" hai3="20,23,48,57,64,66,67" owari="265,7.0,137,-36.0,222,-18.0,376,47.0" /></mjloggm>