<mjloggm ver="2.3"><GO type="41" lobby="0"/><UN n0="%E8%B5%A4%E3%81%AE%E6%B4%9E%E7%AA%9F" n1="%73%69%6E%31%31%32%35" n2="%E5%B0%B1%E6%B4%BB%E7%94%9F%40%E5%B7%9D%E6%9D%91%E8%BB%8D%E5%9B%A3" n3="%E3%81%8D%E3%81%BF%E3%81%9F%E3%81%BE%E3%81%94" dan="15,15,15,15" rate="2023.27,1986.40,1971.48,1964.66" sx="M,M,M,M"/><TAIKYOKU oya="0"/><INIT seed="0,0,0,2,5,82" ten="250,250,250,250" oya="0" hai0="47,89,2,57,54,4,74,99,56,6,31,48,70" hai1="78,60,62,132,29,77,69,88,17,1,106,15,26" hai2="107,134,28,135,96,65,129,16,18,104,10,111,80" hai3="122,83,43,87,52,55,24,84,5,44,118,42,7"/><T9/><D70/><U37/><E1/><V23/><F111/><W76/><G118/><T109/><D74/><U12/><E106/><V105/><F129/><W90/><G122/><T8/><D31/><U126/><E37/><V61/><F80/><N who="3" m="49415" /><G24/><T114/><D114/><U75/><E75/><V131/><F131/><W53/><G44/><T72/><D72/><U119/><E69/><V35/><F96/><W92/><G92/><T113/><D113/><U117/><E26/><N who="2" m="16479" /><F10/><W45/><G45/><T14/><D109/><U93/><E29/><V81/><F81/><W11/><G11/><T102/><REACH who="0" step="1"/><D89/><REACH who="0" ten="240,250,250,250" step="2"/><U20/><E88/><V3/><F35/><W121/><G121/><T25/><D25/><U51/><E119/><V0/><F0/><W13/><G13/><T94/><AGARI ba="0,1" hai="2,4,6,8,9,14,47,48,54,56,57,94,99,102" machi="94" ten="20,3900,0" yaku="1,1,0,1,7,1,53,0" doraHai="82" doraHaiUra="68" who="0" fromWho="0" sc="240,49,250,-13,250,-13,250,-13" /><INIT seed="0,1,0,3,1,60" ten="289,237,237,237" oya="0" hai0="95,115,50,59,39,47,71,17,2,4,31,0,77" hai1="75,65,16,49,25,84,9,74,18,126,34,124,94" hai2="112,120,69,128,7,101,48,130,27,98,122,86,12" hai3="26,135,64,14,83,55,62,28,11,121,111,110,134"/><T114/><D71/><U104/><E104/><N who="2" m="63543" /><F69/><N who="3" m="42135" /><G83/><T51/><D39/><U68/><E49/><V21/><F48/><W79/><G79/><T63/><D77/><U127/><E84/><V96/><F12/><W87/><G87/><T13/><D31/><N who="1" m="19823" /><E94/><V30/><F7/><N who="3" m="3455" /><G55/><T52/><D95/><U35/><E35/><V118/><F112/><W123/><G26/><T125/><D51/><U103/><E103/><V88/><F96/><W80/><G80/><T90/><D90/><U133/><E133/><N who="3" m="50698" /><G28/><T6/><D2/><U102/><E102/><V109/><F109/><AGARI ba="1,0" hai="109,110,111,121,123" m="50698,3455,42135" machi="109" ten="30,3900,0" yaku="14,1,20,1,52,1" doraHai="60" who="3" fromWho="2" sc="289,0,237,0,237,-42,237,42" /><INIT seed="1,0,0,0,4,46" ten="289,237,195,279" oya="1" hai0="82,6,77,83,18,59,45,32,33,12,30,38,123" hai1="122,116,49,63,65,117,48,54,109,9,99,107,67" hai2="1,47,15,104,2,97,100,62,124,20,102,101,93" hai3="129,4,113,39,70,130,8,36,22,112,121,44,72"/><U50/><E107/><V23/><F124/><W115/><G22/><T131/><D123/><U27/><E122/><V10/><F2/><N who="3" m="23" /><G121/><T19/><D131/><N who="3" m="50185" /><G70/><T43/><D6/><U60/><E99/><V105/><F1/><W110/><G110/><T134/><D134/><U69/><E109/><V119/><F119/><N who="1" m="45641" /><E27/><V81/><F81/><W0/><G0/><T106/><D106/><U114/><E9/><V71/><F104/><W128/><N who="3" m="50193" /><W94/><DORA hai="55" /><G72/><T98/><D98/><U79/><E79/><V78/><F78/><W135/><G135/><T40/><D40/><U42/><E114/><V127/><F127/><W14/><G14/><T37/><D37/><N who="3" m="14409" /><G44/><T28/><D83/><U21/><E21/><V96/><F47/><W17/><G94/><T58/><D33/><U35/><E35/><V16/><REACH who="2" step="1"/><F100/><REACH who="2" ten="289,237,185,279" step="2"/><W75/><G75/><T61/><D82/><U87/><E42/><V132/><F132/><W26/><G115/><T92/><D77/><U3/><E3/><V51/><F51/><W64/><G113/><T133/><D133/><U126/><E126/><V52/><F52/><W90/><G112/><T84/><D45/><N who="1" m="27919" /><E87/><V57/><F57/><AGARI ba="0,1" hai="49,50,57,60,63,65,67,69" m="27919,45641" machi="57" ten="30,18000,2" yaku="34,2,52,4" doraHai="46,55" who="1" fromWho="2" sc="289,0,237,190,185,-180,279,0" /><INIT seed="1,1,0,1,3,39" ten="289,427,5,279" oya="1" hai0="46,53,69,65,62,16,7,99,119,61,96,125,10" hai1="87,107,110,85,44,42,19,49,72,13,124,30,68" hai2="135,86,29,126,114,106,41,73,51,80,5,38,123" hai3="104,133,109,17,66,22,43,21,56,111,4,24,130"/><U27/><E107/><V103/><F73/><W59/><G104/><T94/><D125/><U58/><E68/><V28/><F38/><W48/><G4/><T32/><D32/><U121/><E124/><V88/><F123/><W89/><G133/><T3/><D119/><U23/><E72/><V97/><F126/><W78/><G78/><T18/><D99/><U20/><E121/><V122/><F122/><W101/><G101/><T45/><D45/><U127/><E127/><V37/><F37/><W92/><G130/><T35/><D35/><U132/><E132/><V95/><F135/><W77/><G77/><T25/><D25/><U70/><E70/><V113/><F5/><W6/><G6/><T9/><D9/><U0/><E0/><V67/><F67/><W83/><G83/><T12/><D3/><U26/><E110/><N who="3" m="41994" /><G22/><T105/><D105/><U76/><E76/><V8/><F8/><W50/><G66/><T60/><D65/><U100/><E100/><V102/><F102/><W82/><G82/><T116/><D69/><U81/><E81/><V112/><F106/><W11/><G11/><T2/><D2/><U90/><E90/><V131/><F131/><W33/><G33/><T91/><D116/><U1/><E1/><V71/><F71/><W57/><G43/><T118/><D118/><U54/><REACH who="1" step="1"/><E27/><REACH who="1" ten="289,417,5,279" step="2"/><V34/><F34/><W128/><G128/><T15/><D15/><U120/><E120/><V14/><F14/><W31/><G31/><T79/><D79/><U36/><AGARI ba="1,1" hai="13,19,20,23,26,30,36,42,44,49,54,58,85,87" machi="36" ten="20,7800,0" yaku="1,1,0,1,7,1,52,1,53,0" doraHai="39" doraHaiUra="63" who="1" fromWho="1" sc="289,-27,417,91,5,-27,279,-27" owari="262,6.0,508,61.0,-22,-52.0,252,-15.0" /></mjloggm>