<mjloggm ver="2.3"><GO type="41" lobby="0"/><UN n0="%E3%82%A2%E3%82%AF%E3%82%A2%E3%83%8D%E3%82%B3" n1="%E5%B0%B1%E6%B4%BB%E7%94%9F%40%E5%B7%9D%E6%9D%91%E8%BB%8D%E5%9B%A3" n2="%E7%84%A1%E7%9F%A5%E3%81%A8%E3%81%AE%E9%81%AD%E9%81%87" n3="%79%75%6B%69%62%7A%7A" dan="13,14,14,14" rate="1960.13,2007.19,1838.14,1893.41" sx="M,M,M,M"/><TAIKYOKU oya="0"/><INIT seed="0,0,0,3,0,116" ten="250,250,250,250" oya="0" hai0="39,90,104,68,100,64,65,111,71,89,110,2,96" hai1="30,130,127,106,84,83,24,1,42,120,132,82,51" hai2="18,57,3,73,76,124,105,93,8,32,72,62,131" hai3="11,22,48,119,5,118,56,12,125,66,14,37,15"/><T108/><D2/><U58/><E106/><V53/><F32/><W94/><G37/><T36/><D90/><U55/><E1/><V70/><F105/><W0/><G125/><T6/><D6/><U9/><E127/><V114/><F124/><W10/><G94/><T81/><D89/><U112/><E130/><V20/><F114/><W85/><G85/><T46/><D81/><U109/><E132/><V74/><F131/><W123/><G66/><N who="0" m="25707" /><D46/><U25/><E112/><V16/><F70/><AGARI ba="0,0" hai="36,39,68,70,71,96,100,104,108,110,111" m="25707" machi="70" ten="40,3900,0" yaku="14,1,10,1" doraHai="116" who="0" fromWho="2" sc="250,39,250,0,250,-39,250,0" /><INIT seed="0,1,0,1,5,2" ten="289,250,211,250" oya="0" hai0="116,64,118,105,11,79,132,113,38,18,41,33,40" hai1="83,45,126,82,81,88,124,7,117,77,115,15,62" hai2="120,101,60,26,49,6,47,70,112,97,31,114,35" hai3="103,95,59,121,100,71,80,13,99,78,68,23,111"/><T4/><D113/><U12/><E115/><V129/><F120/><W87/><G121/><T19/><D33/><U58/><E117/><V66/><F129/><W96/><G111/><T36/><D105/><U63/><E45/><V51/><F6/><W109/><G109/><T24/><D64/><U10/><E77/><V9/><F9/><W76/><G59/><T43/><D79/><U84/><E15/><V28/><F28/><W128/><G128/><T20/><D132/><U42/><E42/><V125/><F125/><N who="1" m="48233" /><E62/><V72/><F72/><W130/><G130/><T98/><D98/><U74/><E74/><V22/><F22/><W108/><G108/><T93/><D93/><U17/><E17/><V1/><F51/><W53/><G53/><AGARI ba="1,0" hai="7,10,12,53,58,63,81,82,83,84,88" m="48233" machi="53" ten="30,3900,0" yaku="18,1,52,1,54,1" doraHai="2" who="1" fromWho="3" sc="289,0,250,42,211,0,250,-42" /><INIT seed="1,0,0,5,3,95" ten="289,292,211,208" oya="1" hai0="108,17,31,35,19,89,61,3,2,12,68,63,91" hai1="47,32,71,6,104,44,130,99,59,45,53,38,112" hai2="124,66,109,34,111,51,36,15,78,84,83,113,74" hai3="129,101,18,67,96,119,25,90,79,27,14,60,23"/><U22/><E71/><V28/><F36/><W114/><G119/><T92/><D68/><U77/><E32/><V100/><F66/><W134/><G129/><T132/><D35/><U48/><E112/><V102/><F124/><W33/><G134/><T110/><D132/><U121/><E121/><V133/><F133/><W126/><G114/><T105/><D31/><U125/><E125/><V54/><F113/><W57/><G79/><T30/><D30/><U0/><E130/><V64/><F64/><W39/><G126/><T49/><D49/><U122/><E77/><V41/><F41/><W80/><G39/><T62/><D105/><U127/><E127/><V85/><F74/><W94/><G33/><T58/><D58/><U123/><E38/><V21/><F34/><W56/><G56/><T55/><D55/><U86/><E86/><AGARI ba="0,0" hai="14,18,23,25,27,57,60,67,80,86,90,94,96,101" machi="86" ten="40,2600,0" yaku="8,1,52,1" doraHai="95" who="3" fromWho="1" sc="289,0,292,-26,211,0,208,26" /><INIT seed="2,0,0,2,3,129" ten="289,266,211,234" oya="2" hai0="98,102,39,25,34,133,67,77,112,14,118,119,125" hai1="32,61,0,18,46,103,106,93,90,82,30,48,19" hai2="56,95,117,36,79,92,28,15,9,122,63,33,53" hai3="35,105,113,85,62,37,99,16,89,123,59,44,132"/><V5/><F36/><W110/><G123/><T96/><D112/><U26/><E0/><V10/><F122/><W134/><G35/><T42/><D125/><U20/><E82/><V100/><F117/><W7/><G7/><T71/><D77/><U78/><E78/><V69/><F69/><W128/><G113/><T107/><D14/><U52/><E61/><V109/><F79/><W116/><G128/><T38/><D98/><U21/><E103/><V70/><F70/><W60/><G116/><T81/><D81/><U41/><E106/><V87/><F109/><W8/><G105/><T51/><D51/><U24/><E41/><V66/><F28/><W73/><G99/><T64/><D64/><U40/><E40/><V75/><F33/><W76/><G110/><T124/><D124/><U54/><E54/><V94/><F75/><W83/><G37/><T22/><D22/><U131/><E131/><V74/><F74/><W47/><G62/><N who="0" m="40439" /><D118/><U6/><E6/><V65/><F100/><W45/><G73/><T120/><D120/><U3/><E3/><V108/><F108/><W58/><G76/><T2/><D119/><U11/><E11/><V57/><F87/><W72/><G72/><T121/><D121/><U86/><E32/><V17/><REACH who="2" step="1"/><F57/><REACH who="2" ten="289,266,201,234" step="2"/><W88/><G59/><T55/><D39/><U1/><E1/><AGARI ba="0,1" hai="1,5,9,10,15,17,53,56,63,65,66,92,94,95" machi="1" ten="40,7700,0" yaku="1,1,2,1,53,1" doraHai="129" doraHaiUra="49" who="2" fromWho="1" sc="289,0,266,-77,201,87,234,0" /><INIT seed="2,1,0,5,4,9" ten="289,189,288,234" oya="2" hai0="84,19,95,28,93,54,98,3,63,66,10,30,102" hai1="116,81,111,101,133,25,135,62,125,127,123,126,64" hai2="61,27,5,37,79,69,39,91,70,18,14,130,88" hai3="44,67,92,51,94,60,68,47,72,24,21,82,0"/><V109/><F130/><W77/><G0/><T58/><D3/><U118/><E101/><V50/><F70/><W43/><REACH who="3" step="1"/><G47/><REACH who="3" ten="289,189,288,224" step="2"/><T15/><D66/><U128/><E128/><V41/><F109/><W134/><G134/><N who="1" m="51210" /><E111/><V33/><F33/><W100/><G100/><T56/><D102/><U46/><E123/><V57/><F79/><W40/><G40/><T122/><D122/><U78/><E25/><V121/><F27/><W113/><G113/><T96/><D58/><N who="1" m="36951" /><E46/><V7/><F121/><W52/><G52/><T31/><D56/><U87/><AGARI ba="1,1" hai="78,81,87,116,118,125,126,127" m="36951,51210" machi="87" ten="40,2700,0" yaku="18,1,20,1" doraHai="9" who="1" fromWho="1" sc="289,-8,189,40,288,-14,224,-8" /><INIT seed="3,0,0,3,5,114" ten="281,229,274,216" oya="3" hai0="112,104,47,89,59,58,73,123,132,50,118,105,52" hai1="55,91,131,43,84,7,127,133,1,72,100,32,79" hai2="41,95,125,96,18,26,101,13,81,35,90,93,68" hai3="23,2,134,70,82,27,74,87,61,33,6,40,83"/><W124/><G134/><T92/><D123/><U78/><E32/><V85/><F68/><W77/><G124/><T135/><D73/><U128/><E1/><V64/><F64/><W106/><G40/><T15/><D112/><U8/><E43/><V119/><F119/><W71/><G33/><T42/><D118/><U113/><E113/><V45/><F125/><W129/><G106/><T3/><D3/><U20/><E20/><V12/><F12/><W17/><G129/><N who="1" m="49738" /><E8/><V60/><F60/><W48/><G2/><T122/><D15/><U76/><E55/><V130/><F130/><W107/><G6/><T9/><D122/><U65/><E65/><V21/><F35/><W0/><G0/><T30/><D9/><U29/><E29/><V22/><F22/><W121/><G107/><T56/><D30/><U98/><E7/><V54/><F54/><W126/><G126/><T86/><D42/><U4/><E4/><V110/><F110/><W102/><G102/><T109/><D109/><U5/><E5/><V11/><F93/><W63/><G48/><T14/><D14/><U94/><E127/><V39/><F11/><W88/><REACH who="3" step="1"/><G121/><REACH who="3" ten="281,229,274,206" step="2"/><T80/><D135/><U37/><E133/><V53/><F41/><W111/><G111/><T62/><D132/><U66/><E37/><V44/><F39/><W103/><G103/><T117/><D50/><U46/><E46/><V116/><F101/><W38/><G38/><T75/><D47/><U115/><E115/><V108/><F108/><W24/><G24/><T10/><D10/><U57/><E100/><V67/><F45/><RYUUKYOKU ba="0,1" sc="281,-10,229,-10,274,-10,206,30" hai3="17,23,27,61,63,70,71,74,77,82,83,87,88" /><INIT seed="3,1,1,0,2,32" ten="271,219,264,236" oya="3" hai0="10,2,43,78,1,15,35,41,132,100,90,119,36" hai1="135,65,95,5,105,108,66,29,68,118,96,114,82" hai2="125,110,55,86,129,70,0,44,16,69,45,79,7" hai3="57,81,13,123,9,72,102,98,93,106,74,30,73"/><W91/><G30/><T6/><D119/><U38/><E38/><V46/><F110/><W117/><G117/><T109/><D35/><U134/><E105/><V19/><F125/><W120/><G57/><T107/><D78/><U49/><E118/><V56/><F129/><W52/><G52/><T111/><D132/><N who="1" m="50731" /><E108/><N who="0" m="41545" /><D36/><U27/><E68/><V61/><F0/><N who="0" m="106" /><D90/><N who="1" m="55415" /><E5/><V4/><F4/><W77/><G13/><T130/><D130/><U92/><E114/><V26/><F7/><W23/><G23/><T103/><D107/><U87/><E92/><V88/><F79/><W20/><G20/><T116/><D116/><U18/><E18/><N who="2" m="6699" /><F69/><W14/><G14/><T60/><D60/><U76/><E49/><V37/><F37/><W124/><G9/><T51/><D51/><U113/><E113/><V31/><F70/><W75/><G124/><T28/><D28/><U59/><E59/><V39/><F39/><W121/><REACH who="3" step="1"/><G121/><REACH who="3" ten="271,219,264,226" step="2"/><T33/><D33/><AGARI ba="1,2" hai="27,29,33,65,66,76,82,87" m="55415,50731" machi="33" ten="30,1000,0" yaku="20,1" doraHai="32" who="1" fromWho="0" sc="271,-13,219,33,264,0,226,0" /><INIT seed="4,0,0,5,2,75" ten="258,252,264,226" oya="0" hai0="72,24,34,135,112,98,66,90,93,70,106,117,91" hai1="51,133,96,32,129,44,57,73,113,19,56,81,132" hai2="48,39,111,76,67,121,25,78,61,83,99,101,64" hai3="82,26,69,53,20,33,131,110,58,13,7,52,120"/><T55/><D117/><U71/><E71/><V22/><F39/><W37/><G120/><T31/><D72/><U95/><E32/><V54/><F121/><W63/><G69/><T17/><D135/><N who="1" m="51787" /><E129/><V114/><F111/><W65/><G110/><T85/><D112/><U6/><E6/><V100/><F114/><W103/><G131/><T119/><D119/><U59/><E113/><V35/><F35/><W38/><G33/><T29/><D29/><U87/><E19/><N who="2" m="12511" /><F61/><W50/><G103/><N who="2" m="39497" /><F99/><W4/><G65/><N who="2" m="25161" /><F83/><W11/><G7/><T60/><D106/><U62/><E73/><V3/><F3/><W9/><G82/><T42/><D42/><N who="1" m="24983" /><E62/><V21/><F21/><W68/><G11/><T27/><D55/><U123/><E123/><V30/><F30/><W8/><G8/><T130/><D130/><U5/><E5/><V105/><F105/><W36/><G68/><T49/><D24/><U0/><E0/><V41/><F41/><W80/><G80/><T14/><D49/><U88/><E81/><V102/><N who="2" m="39505" /><V47/><AGARI ba="0,0" hai="47,48,54,76,78" m="25161,39505,12511" machi="47" ten="40,8000,1" yaku="4,1,8,1,52,2" doraHai="75" who="2" fromWho="2" sc="258,-40,252,-20,264,80,226,-20" /><INIT seed="5,0,0,0,2,15" ten="218,232,344,206" oya="1" hai0="77,126,37,84,44,20,99,79,88,8,95,69,122" hai1="71,129,87,19,100,67,28,132,111,81,13,27,128" hai2="108,134,26,63,60,52,72,10,125,24,74,119,1" hai3="94,5,56,106,45,41,73,83,18,89,110,42,51"/><U22/><E111/><V97/><F119/><W113/><G106/><T86/><D69/><U38/><E38/><V16/><F108/><W31/><G113/><T114/><D114/><U32/><E132/><V130/><F1/><W121/><G110/><T112/><D112/><U36/><E36/><V124/><F134/><W118/><G121/><T29/><D122/><U120/><E120/><V80/><F130/><N who="1" m="50281" /><E100/><V34/><F97/><W57/><G118/><T98/><D37/><U43/><E43/><V17/><F10/><W50/><G73/><T85/><D8/><U64/><E71/><V53/><F80/><W12/><G83/><T107/><D126/><U75/><E75/><V70/><F70/><W21/><G5/><T39/><D107/><U3/><E3/><V76/><F76/><AGARI ba="0,0" hai="13,19,22,27,28,32,64,67,76,81,87" m="50281" machi="76" ten="30,2900,0" yaku="19,1,52,1" doraHai="15" who="1" fromWho="2" sc="218,0,232,29,344,-29,206,0" /><INIT seed="5,1,0,4,5,82" ten="218,261,315,206" oya="1" hai0="60,42,88,102,6,61,91,59,110,104,15,32,2" hai1="70,114,13,38,81,7,28,11,9,112,17,55,86" hai2="46,133,65,131,51,67,27,99,50,31,89,124,36" hai3="115,130,25,54,107,77,121,56,26,64,103,48,57"/><U90/><E70/><V125/><F36/><W72/><G121/><T98/><D110/><U41/><E28/><V118/><F118/><W96/><G115/><T93/><D32/><U10/><E38/><V23/><F133/><W63/><G130/><T4/><D42/><U5/><E41/><N who="2" m="24911" /><F131/><W87/><G72/><T83/><D2/><U34/><E34/><V108/><F108/><W122/><G122/><T16/><D83/><U101/><E101/><V12/><F12/><W85/><G77/><T75/><D75/><U1/><REACH who="1" step="1"/><E55/><REACH who="1" ten="218,251,315,206" step="2"/><V126/><F126/><W111/><G111/><T24/><D102/><U66/><E66/><V117/><F117/><W14/><REACH who="3" step="1"/><G14/><AGARI ba="1,1" hai="1,5,7,9,10,11,13,14,17,81,86,90,112,114" machi="14" ten="40,7700,0" yaku="1,1,52,1,53,1" doraHai="82" doraHaiUra="33" who="1" fromWho="3" sc="218,0,251,90,315,0,206,-80" /><INIT seed="5,2,0,3,1,70" ten="218,341,315,126" oya="1" hai0="63,2,42,130,8,17,10,114,113,87,128,54,48" hai1="65,6,76,125,67,85,122,117,123,9,104,97,102" hai2="5,59,52,93,3,106,58,14,77,57,43,118,121" hai3="75,108,92,28,135,132,109,78,1,68,119,46,56"/><U107/><E107/><V45/><F106/><W27/><G1/><T33/><D33/><U20/><E117/><V49/><F118/><W110/><G68/><T90/><D42/><U131/><E125/><V64/><F3/><W79/><G119/><T88/><D63/><U50/><E131/><N who="0" m="50217" /><D90/><U4/><E20/><V16/><F121/><W44/><G92/><N who="0" m="54303" /><D17/><U74/><E74/><V22/><F77/><N who="3" m="29195" /><G56/><N who="0" m="32839" /><D2/><U112/><E50/><N who="2" m="30871" /><F5/><W11/><G11/><AGARI ba="2,0" hai="8,10,11,113,114" m="32839,54303,50217" machi="11" ten="30,2000,0" yaku="19,1,54,1" doraHai="70" who="0" fromWho="3" sc="218,26,341,0,315,0,126,-26" /><INIT seed="6,0,0,4,3,55" ten="244,341,315,100" oya="2" hai0="24,75,126,51,128,40,133,58,36,130,112,76,35" hai1="104,98,47,22,62,96,39,107,38,46,122,17,37" hai2="105,5,111,0,60,4,101,110,43,83,69,116,109" hai3="8,33,16,134,48,50,14,20,61,11,68,132,89"/><V2/><F116/><W65/><G33/><T30/><D112/><U93/><E122/><V113/><F113/><W86/><G132/><T41/><D133/><U56/><E46/><V18/><F43/><N who="0" m="16458" /><D36/><U115/><E47/><V119/><F119/><W106/><G106/><T123/><D123/><U71/><E71/><V15/><F83/><W108/><G108/><T3/><D3/><N who="2" m="1066" /><F105/><W49/><REACH who="3" step="1"/><G134/><REACH who="3" ten="244,341,315,90" step="2"/><T59/><D35/><U90/><E115/><V78/><F111/><W42/><G42/><T52/><D130/><U91/><E107/><V57/><F110/><W127/><G127/><T44/><D126/><U85/><E104/><V29/><F109/><W125/><G125/><T10/><D128/><U9/><E9/><V23/><F29/><W45/><G45/><T100/><D30/><U135/><E135/><V88/><F4/><W19/><G19/><T77/><D10/><U94/><E17/><V66/><F5/><W26/><G26/><T1/><D24/><U80/><E22/><V131/><F23/><W34/><G34/><T124/><D124/><U27/><E27/><V99/><F18/><W67/><G67/><T121/><D121/><U13/><E13/><V84/><F15/><W117/><G117/><T82/><D1/><U31/><E31/><V72/><F131/><W73/><G73/><T97/><D75/><U63/><E37/><V54/><F72/><W87/><G87/><N who="0" m="48583" /><D77/><U32/><E32/><V6/><F78/><W64/><G64/><T53/><D53/><N who="1" m="34063" /><E39/><V25/><F66/><W95/><AGARI ba="0,1" hai="8,11,14,16,20,48,49,50,61,65,68,86,89,95" machi="95" ten="30,4000,0" yaku="1,1,0,1,54,1,53,0" doraHai="55" doraHaiUra="79" who="3" fromWho="3" sc="244,-10,341,-10,315,-20,90,50" /><INIT seed="7,0,0,5,3,117" ten="234,331,295,140" oya="3" hai0="55,89,62,42,66,78,48,17,82,116,118,64,119" hai1="67,109,95,36,91,107,57,54,52,27,75,83,126" hai2="72,19,25,132,8,16,35,86,63,28,68,24,50" hai3="76,74,1,33,12,51,15,106,13,0,127,45,41"/><W9/><G33/><T22/><D42/><U59/><E107/><V85/><F72/><W30/><G106/><T90/><D66/><U26/><E36/><V129/><F132/><W104/><G104/><T37/><D37/><U6/><E6/><V40/><F129/><W124/><G30/><T102/><D102/><U130/><E67/><V60/><F68/><W4/><G74/><T61/><D61/><N who="1" m="36007" /><E75/><V32/><F50/><W103/><G103/><T100/><D82/><U69/><E69/><V39/><F39/><W14/><REACH who="3" step="1"/><G76/><REACH who="3" ten="234,331,295,130" step="2"/><T71/><D78/><U133/><E133/><V101/><F101/><W18/><G18/><T121/><D100/><U111/><E130/><V92/><F28/><W21/><G21/><T114/><D17/><U87/><E111/><V44/><F8/><W70/><G70/><T31/><D22/><U38/><E109/><V20/><F20/><W10/><G10/><T134/><D31/><U131/><E131/><V123/><F35/><W105/><G105/><T3/><D134/><U58/><E27/><V98/><F32/><W122/><G122/><T99/><D121/><U135/><E26/><V115/><F123/><W34/><G34/><T5/><D118/><U113/><E135/><V110/><F110/><W108/><G108/><T23/><D119/><U125/><E125/><AGARI ba="0,1" hai="0,1,4,9,12,13,14,15,41,45,51,124,125,127" machi="125" ten="40,3900,0" yaku="1,1,18,1,53,0" doraHai="117" doraHaiUra="96" who="3" fromWho="1" sc="234,0,331,-39,295,0,130,49" /><INIT seed="7,1,0,3,2,43" ten="234,292,295,179" oya="3" hai0="86,7,80,63,18,125,57,46,26,5,58,109,1" hai1="133,67,74,91,120,130,3,107,85,39,19,54,113" hai2="114,12,83,4,9,29,100,96,112,30,15,66,35" hai3="101,135,75,87,36,2,76,92,33,123,27,34,0"/><W50/><G36/><T93/><D109/><U47/><E3/><V98/><F66/><W97/><G75/><T128/><D128/><U53/><E74/><V25/><F30/><W60/><G123/><T110/><D110/><U134/><E107/><N who="2" m="63879" /><F98/><W56/><G135/><N who="1" m="51722" /><E120/><V89/><F89/><W82/><G50/><T90/><D125/><U81/><E113/><N who="2" m="43627" /><F83/><W48/><G48/><T38/><D1/><AGARI ba="1,0" hai="1,4,9,12,15,25,29,35" m="43627,63879" machi="1" ten="30,1000,0" yaku="15,1" doraHai="43" who="2" fromWho="0" sc="234,-13,292,0,295,13,179,0" owari="221,-18.0,292,9.0,308,41.0,179,-32.0" /></mjloggm>