<mjloggm ver="2.3"><GO type="169" lobby="0"/><UN n0="%E3%82%A6%E3%83%AB%E3%83%88%E3%83%A9%E7%AB%8B%E7%9B%B4" n1="%73%68%6F%6F%74%33%39" n2="%E3%82%AB%E3%83%A9%E3%82%B9%E3%81%AE%E5%AD%90" n3="%E3%83%98%E3%82%AF%E3%82%B5%E3%83%BC" dan="17,18,16,16" rate="2163.63,2202.44,2120.74,2161.95" sx="M,M,M,M"/><TAIKYOKU oya="0"/><INIT seed="0,0,0,4,0,18" ten="250,250,250,250" oya="0" hai0="11,64,110,9,13,84,78,33,88,79,20,39,81" hai1="58,129,66,40,0,24,120,53,45,30,37,25,60" hai2="117,36,77,16,82,52,133,89,27,32,28,76,121" hai3="73,49,41,130,113,118,42,108,14,97,132,111,19"/><T8/><D33/><U2/><E120/><V135/><F121/><W31/><G113/><T86/><D39/><U38/><E38/><V95/><F36/><W93/><G118/><T96/><D110/><N who="3" m="42025" /><G130/><T83/><D64/><U90/><E129/><V7/><F7/><W71/><G132/><T26/><D96/><U87/><E24/><V57/><F117/><W134/><G134/><N who="2" m="51209" /><F82/><W91/><G71/><T85/><D13/><U99/><E99/><N who="2" m="57839" /><F16/><W107/><G73/><T126/><D126/><U63/><E90/><V12/><F12/><W55/><G31/><N who="0" m="17863" /><D85/><U119/><E87/><V35/><F35/><W104/><G104/><T94/><D83/><U75/><E75/><V17/><F17/><W29/><G29/><T127/><D127/><U80/><E80/><V68/><F68/><W69/><G69/><T34/><D34/><U102/><E119/><V114/><F114/><W5/><G107/><T128/><D128/><U4/><E4/><V65/><F65/><W46/><G5/><T125/><D125/><U116/><E116/><V103/><F103/><W48/><G14/><T1/><D1/><U62/><E102/><V101/><F101/><W51/><G19/><T131/><D131/><U61/><E66/><V100/><F100/><W92/><G92/><T21/><D21/><N who="1" m="15663" /><E0/><V122/><F122/><W47/><G97/><T44/><D79/><U43/><E2/><V3/><F3/><W10/><G91/><T105/><D105/><U15/><E15/><V72/><F72/><W123/><G123/><T106/><D106/><U6/><E6/><V124/><F124/><RYUUKYOKU ba="0,0" sc="250,10,250,10,250,10,250,-30" hai0="8,9,11,44,78,81,84,86,88,94" hai1="37,40,43,45,53,58,60,61,62,63" hai2="27,28,32,52,57,76,77" /><INIT seed="0,1,0,4,5,75" ten="260,260,260,220" oya="0" hai0="9,78,77,23,82,119,6,19,30,32,47,69,28" hai1="118,34,67,66,74,29,98,33,70,53,92,55,91" hai2="90,27,79,39,5,15,113,97,59,131,11,104,35" hai3="1,51,54,117,31,135,122,96,73,26,109,94,130"/><T8/><D69/><U93/><E118/><V60/><F113/><W24/><G117/><T46/><D32/><U13/><E74/><V124/><F39/><W25/><G109/><T115/><D115/><U38/><E38/><V4/><F131/><W127/><G130/><T49/><D119/><U40/><E40/><V16/><F124/><W52/><G127/><T87/><D78/><U81/><E81/><V84/><F35/><W88/><G135/><T126/><D126/><U2/><E2/><V7/><F27/><W45/><G122/><T111/><D111/><U37/><E37/><V133/><F133/><W106/><G1/><T3/><D9/><U21/><E70/><V132/><F132/><W44/><G106/><T108/><D108/><U114/><E33/><V36/><F36/><W129/><G129/><T14/><REACH who="0" step="1"/><D47/><REACH who="0" ten="250,260,260,220" step="2"/><U100/><E114/><V125/><F125/><W18/><G73/><T134/><D134/><U42/><E34/><V105/><F79/><W89/><G18/><T86/><D86/><U83/><E29/><V61/><F84/><W103/><G31/><T85/><D85/><U20/><E20/><V64/><F11/><W128/><G128/><T10/><D10/><U57/><E21/><V123/><F123/><W101/><G89/><T121/><D121/><U112/><E91/><V63/><F90/><W107/><G107/><T95/><D95/><U22/><E93/><V68/><F105/><W12/><G88/><T102/><D102/><U110/><E100/><N who="2" m="62479" /><F68/><W50/><G101/><T58/><D58/><U0/><E112/><V56/><F59/><RYUUKYOKU ba="1,1" sc="250,10,260,-30,260,10,220,10" hai0="3,6,8,14,19,23,28,30,46,49,77,82,87" hai2="4,5,7,15,16,56,60,61,63,64" hai3="12,24,25,26,44,45,50,51,52,54,94,96,103" /><INIT seed="0,2,1,3,5,5" ten="260,230,270,230" oya="0" hai0="83,131,9,86,52,96,45,124,55,93,85,26,111" hai1="36,61,98,66,4,29,129,18,6,71,78,117,20" hai2="30,106,35,33,41,112,53,79,68,114,80,125,37" hai3="84,46,105,123,88,25,132,109,63,57,13,108,102"/><T38/><D38/><U107/><E117/><V7/><F106/><W39/><G132/><T15/><D124/><U67/><E36/><V51/><F68/><W81/><G123/><T87/><D131/><U104/><E78/><V12/><F125/><W31/><G13/><T135/><D135/><U70/><E29/><V62/><F62/><W97/><G39/><T8/><D111/><U92/><E129/><V11/><F37/><W54/><REACH who="3" step="1"/><G46/><REACH who="3" ten="260,230,270,220" step="2"/><T119/><D119/><U69/><E69/><V77/><F12/><W16/><G16/><T32/><D15/><U130/><E130/><V127/><F114/><W89/><G89/><T121/><D121/><U75/><E4/><V22/><F112/><W128/><G128/><T115/><D115/><U74/><E6/><V58/><F7/><W24/><G24/><T40/><D26/><U113/><E113/><V72/><F127/><W19/><G19/><T65/><D45/><U116/><E116/><V2/><F2/><W17/><G17/><T82/><D40/><U76/><E71/><V27/><F41/><W110/><G110/><T94/><D32/><AGARI ba="2,2" hai="25,31,32,54,57,63,81,84,88,97,102,105,108,109" machi="32" ten="40,2600,0" yaku="1,1,54,1,53,0" doraHai="5" doraHaiUra="91" who="3" fromWho="0" sc="260,-32,230,0,270,0,220,52" /><INIT seed="1,0,0,5,5,47" ten="228,230,270,272" oya="1" hai0="119,7,81,122,123,63,22,9,53,87,19,115,1" hai1="65,4,18,64,60,83,6,105,90,100,67,70,109" hai2="69,85,73,94,75,132,98,38,57,130,111,45,33" hai3="96,51,24,129,0,133,95,8,32,99,30,13,68"/><U21/><E105/><V121/><F69/><W41/><G133/><T37/><D37/><U35/><E35/><V126/><F121/><N who="0" m="46090" /><D115/><U113/><E113/><V58/><F33/><W84/><G129/><T42/><D42/><U36/><E36/><V103/><F132/><W49/><G0/><T107/><D107/><U89/><E100/><V3/><F130/><W104/><G68/><T79/><D119/><U106/><E106/><V29/><F126/><W127/><G127/><T135/><D135/><U72/><E70/><V108/><F3/><W62/><G62/><T50/><D63/><U86/><E72/><V16/><F75/><W120/><G120/><T48/><D53/><U134/><E134/><V2/><F73/><W39/><G39/><T78/><D78/><U10/><E60/><V128/><F2/><W28/><G41/><T117/><D117/><U97/><E109/><V80/><F38/><W54/><G30/><T17/><D17/><U131/><E131/><V20/><F128/><W52/><G104/><T59/><D59/><U93/><REACH who="1" step="1"/><E10/><REACH who="1" ten="228,220,270,272" step="2"/><V71/><F71/><W74/><G74/><T46/><D46/><U114/><E114/><V14/><F111/><W77/><G8/><T55/><D55/><U40/><E40/><V112/><F108/><W25/><G54/><T11/><D11/><U5/><E5/><V44/><F112/><W26/><G52/><T82/><D9/><U61/><E61/><V124/><F124/><W34/><G34/><T56/><D7/><U92/><E92/><V15/><F94/><W118/><G95/><T23/><D1/><RYUUKYOKU ba="0,1" sc="228,-10,220,30,270,-10,272,-10" hai1="4,6,18,21,64,65,67,83,86,89,90,93,97" /><INIT seed="1,1,1,4,5,4" ten="218,250,260,262" oya="1" hai0="79,12,49,76,24,20,82,42,112,17,125,66,77" hai1="132,83,46,48,102,95,58,72,29,7,105,52,94" hai2="116,128,63,109,62,67,51,41,35,119,0,54,89" hai3="40,74,11,68,84,22,91,9,10,23,80,44,34"/><U101/><E132/><V14/><F0/><W73/><G34/><T31/><D112/><U135/><E135/><V78/><F35/><W103/><G68/><T65/><D125/><U37/><E29/><V133/><F133/><W123/><G123/><T90/><D82/><U8/><E105/><V129/><F78/><W115/><G115/><T1/><D1/><U124/><E124/><V6/><F89/><W38/><REACH who="3" step="1"/><G103/><REACH who="3" ten="218,250,260,252" step="2"/><T93/><D42/><U110/><E102/><V69/><F41/><W108/><G108/><T3/><D3/><U39/><E101/><V122/><F69/><W28/><G28/><T59/><D59/><U45/><E110/><V99/><F109/><W57/><G57/><T70/><D70/><U5/><E58/><V113/><F122/><W15/><G15/><T96/><REACH who="0" step="1"/><D49/><REACH who="0" ten="208,250,260,252" step="2"/><U26/><E48/><V64/><F51/><W53/><G53/><T98/><D98/><U85/><E52/><V13/><F99/><W126/><G126/><T30/><D30/><U21/><E39/><V32/><F54/><W117/><G117/><T2/><D2/><U27/><E37/><V131/><F113/><W81/><G81/><T134/><D134/><U127/><E83/><V43/><F43/><W92/><G92/><T88/><D88/><U60/><E95/><V47/><F119/><W97/><G97/><T61/><D61/><U121/><E94/><V120/><F116/><W118/><G118/><T25/><D25/><U111/><E127/><V19/><F120/><W100/><G100/><T107/><D107/><U104/><E111/><V55/><F55/><RYUUKYOKU ba="1,3" sc="208,15,250,-15,260,-15,252,15" hai0="12,17,20,24,31,65,66,76,77,79,90,93,96" hai3="9,10,11,22,23,38,40,44,73,74,80,84,91" /><INIT seed="2,2,3,5,4,127" ten="223,235,245,267" oya="2" hai0="4,12,58,108,38,18,68,6,88,117,55,103,23" hai1="134,15,86,98,82,85,72,16,29,80,44,46,54" hai2="41,11,64,116,37,65,73,90,10,3,25,36,99" hai3="124,63,24,21,102,121,42,107,0,96,1,132,109"/><V95/><F116/><W125/><G121/><T115/><D115/><U71/><E72/><V78/><F37/><W19/><G109/><T57/><D68/><U62/><E71/><V111/><F111/><W22/><G132/><T130/><D38/><U79/><E29/><V66/><F25/><W27/><G42/><T126/><D108/><U100/><E134/><V51/><F51/><W123/><G123/><T75/><D75/><U83/><E62/><V77/><F3/><W31/><REACH who="3" step="1"/><G63/><REACH who="3" ten="223,235,245,257" step="2"/><T48/><D117/><U97/><E100/><V20/><F41/><W33/><G33/><T8/><D126/><AGARI ba="2,4" hai="0,1,19,21,22,24,27,31,96,102,107,124,125,126" machi="126" ten="40,2600,0" yaku="1,1,18,1,53,0" doraHai="127" doraHaiUra="120" who="3" fromWho="0" sc="223,-32,235,0,245,0,257,72" /><INIT seed="3,0,0,5,5,51" ten="191,235,245,329" oya="3" hai0="67,46,126,12,43,75,24,133,98,10,114,3,99" hai1="36,7,91,20,128,42,38,77,81,23,80,18,113" hai2="120,64,69,132,107,109,30,87,32,57,15,26,13" hai3="115,108,47,58,79,74,2,8,111,96,125,116,106"/><W34/><G116/><T39/><D126/><U53/><E113/><V60/><F109/><N who="3" m="42059" /><G115/><T6/><D133/><U131/><E7/><V103/><F132/><W59/><G125/><T37/><D114/><U85/><E42/><V73/><F120/><W92/><G34/><T65/><D39/><U94/><E80/><V122/><F122/><W16/><G106/><T95/><D12/><U44/><E38/><V112/><F112/><W119/><G119/><T1/><D1/><U123/><E123/><V88/><F73/><W82/><G47/><T110/><D110/><U89/><E89/><V4/><F57/><W68/><G68/><T63/><D75/><U134/><E134/><V29/><F30/><W121/><G121/><T104/><D104/><U0/><E0/><V135/><F4/><N who="3" m="1047" /><G16/><T33/><D33/><U17/><E17/><V14/><F135/><W101/><AGARI ba="0,0" hai="58,59,74,79,82,92,96,101" m="1047,42059" machi="101" ten="30,3000,0" yaku="14,1,10,1" doraHai="51" who="3" fromWho="3" sc="191,-10,235,-10,245,-10,329,30" /><INIT seed="3,1,0,3,1,104" ten="181,225,235,359" oya="3" hai0="33,14,31,54,34,11,115,40,73,69,37,6,130" hai1="113,112,36,55,123,24,128,42,41,101,106,35,27" hai2="4,38,99,17,90,132,111,30,122,0,121,127,75" hai3="80,56,86,88,120,57,87,89,134,126,100,3,39"/><W102/><G39/><T93/><D130/><U84/><E84/><V68/><F38/><W95/><G3/><T28/><D115/><U5/><E55/><V52/><F68/><W2/><G2/><T129/><D69/><U64/><E5/><V47/><F0/><W22/><G120/><T135/><D129/><U118/><E64/><V83/><F111/><W13/><G126/><T74/><D135/><U46/><E41/><V50/><F127/><W76/><G134/><T26/><D54/><U72/><E24/><V59/><F4/><W94/><G13/><T29/><D93/><U82/><E123/><N who="2" m="47115" /><F132/><W110/><G22/><T23/><D40/><U21/><E21/><V9/><F30/><W119/><G119/><T60/><D60/><U63/><E63/><V12/><F59/><W25/><G25/><T18/><REACH who="0" step="1"/><D37/><REACH who="0" ten="171,225,235,359" step="2"/><U133/><E133/><V70/><F70/><W53/><G110/><T10/><D10/><U97/><E128/><V92/><F83/><W79/><G53/><T124/><D124/><U78/><E118/><V45/><F47/><W43/><G43/><T15/><D15/><U66/><E66/><V8/><F9/><W44/><G80/><T117/><D117/><U32/><E27/><V125/><F125/><W91/><G91/><T48/><D48/><U96/><E96/><V1/><F1/><W116/><G116/><T107/><D107/><U20/><E20/><V58/><F45/><AGARI ba="1,1" hai="44,45,56,57,76,79,86,87,88,89,94,95,100,102" machi="45" ten="25,9600,0" yaku="22,2,8,1,54,1" doraHai="104" who="3" fromWho="2" sc="171,0,225,0,235,-99,359,109" /><INIT seed="3,2,0,3,1,18" ten="171,225,136,468" oya="3" hai0="20,109,25,99,30,117,112,105,0,4,26,22,63" hai1="120,54,50,57,39,49,127,69,29,32,132,28,38" hai2="6,126,9,101,133,60,8,107,128,31,134,15,11" hai3="88,90,119,108,110,114,62,76,48,131,77,24,118"/><W5/><G114/><T75/><D75/><U81/><E69/><V102/><F107/><W94/><G5/><T71/><D117/><N who="3" m="44553" /><G48/><T115/><D109/><N who="3" m="42089" /><G131/><T1/><D99/><U123/><E50/><V47/><F102/><W55/><G24/><T106/><D71/><U104/><E49/><V67/><F101/><W21/><G21/><T13/><D63/><U61/><E61/><V51/><F128/><W72/><G72/><T82/><D82/><U42/><E81/><V17/><F126/><W45/><G90/><T96/><D96/><U124/><E127/><V79/><F79/><W84/><G45/><T89/><D89/><U78/><E78/><V121/><F121/><W59/><AGARI ba="2,0" hai="55,59,62,76,77,84,88,94" m="42089,44553" machi="59" ten="40,7800,0" yaku="14,1,10,1,54,1" doraHai="18" who="3" fromWho="3" sc="171,-28,225,-28,136,-28,468,84" /><INIT seed="3,3,0,4,0,115" ten="143,197,108,552" oya="3" hai0="50,24,117,42,102,128,1,103,98,61,135,14,99" hai1="59,110,15,105,88,32,31,63,17,40,48,129,62" hai2="7,109,38,6,4,3,20,2,65,79,114,123,55" hai3="30,68,83,116,52,78,134,60,54,45,86,75,28"/><W76/><G134/><T119/><D1/><U57/><E105/><V122/><F38/><W37/><G116/><N who="0" m="44619" /><D61/><U21/><E32/><V107/><F107/><W29/><G68/><T74/><D14/><U51/><E31/><V22/><F65/><W89/><G60/><T130/><D24/><U25/><E25/><V8/><F79/><N who="3" m="30251" /><G37/><T66/><D66/><U41/><E15/><V108/><F55/><N who="3" m="21035" /><G75/><T35/><D35/><U73/><E73/><V71/><F71/><W127/><G127/><T19/><D19/><U67/><E67/><V104/><F104/><W90/><G45/><T106/><D135/><U23/><E17/><V11/><REACH who="2" step="1"/><F7/><REACH who="2" ten="143,197,98,552" step="2"/><W27/><G90/><T131/><D74/><U39/><E88/><V36/><F36/><W18/><G18/><T5/><D5/><U26/><E39/><V43/><F43/><W91/><G89/><T93/><D50/><U53/><E53/><V9/><F9/><W120/><G120/><T13/><D13/><U77/><E48/><V82/><F82/><W56/><G56/><T113/><D113/><AGARI ba="3,1" hai="2,3,4,6,8,11,20,22,108,109,113,114,122,123" machi="113" ten="25,12000,2" yaku="1,1,22,2,34,3,53,0" doraHai="115" doraHaiUra="72" who="2" fromWho="0" sc="143,-129,197,0,98,139,552,0" /><INIT seed="4,0,0,4,2,0" ten="14,197,237,552" oya="0" hai0="80,69,122,35,131,87,103,128,83,110,22,20,6" hai1="13,65,68,27,32,93,39,129,61,73,109,92,130" hai2="28,75,50,108,36,15,125,1,51,37,84,48,38" hai3="40,98,24,52,97,104,99,54,116,81,63,112,19"/><T34/><D69/><U124/><E109/><V72/><F108/><W126/><G104/><T121/><D103/><U71/><E39/><V100/><F1/><W111/><G111/><T11/><D110/><U41/><E41/><V4/><F100/><W12/><G116/><T31/><D87/><U133/><E73/><V89/><F125/><W86/><G112/><T56/><D56/><U18/><E124/><V114/><F28/><W134/><G126/><T47/><D47/><U49/><E49/><V46/><F114/><W3/><G3/><N who="0" m="479" /><D83/><U33/><E71/><V117/><F46/><W10/><G40/><T78/><D80/><U74/><E74/><V79/><F117/><W66/><G134/><T9/><D78/><U45/><E133/><V91/><F79/><N who="3" m="46399" /><G24/><N who="0" m="16791" /><D9/><N who="1" m="6447" /><E45/><V102/><F102/><W119/><G119/><T26/><D20/><U105/><E105/><V42/><F42/><W30/><G66/><T77/><D77/><U106/><E106/><V17/><F75/><W55/><G30/><N who="0" m="19799" /><D35/><U118/><E118/><V67/><F72/><W14/><G63/><T58/><D58/><U88/><E33/><V96/><F37/><W90/><G90/><T70/><D70/><U29/><E88/><V59/><F38/><W101/><G101/><T53/><D53/><U7/><E93/><V16/><F36/><W127/><G127/><T120/><AGARI ba="0,0" hai="120,121,122,128,131" m="19799,16791,479" machi="120" ten="40,7800,0" yaku="34,2,52,1" doraHai="0" who="0" fromWho="0" sc="14,78,197,-26,237,-26,552,-26" /><INIT seed="4,1,0,2,0,124" ten="92,171,211,526" oya="0" hai0="111,120,125,52,70,28,75,12,101,94,92,82,98" hai1="81,38,126,40,69,5,2,72,99,76,115,16,132" hai2="96,104,106,84,110,71,95,107,3,61,86,43,88" hai3="100,14,62,8,33,53,30,77,66,18,97,93,113"/><T63/><D120/><U83/><E126/><V134/><F3/><W22/><G113/><T21/><D125/><U9/><E115/><V17/><F43/><W74/><G33/><T118/><D118/><U129/><E132/><V85/><F134/><W46/><G74/><T68/><D111/><U39/><E69/><V19/><F110/><W49/><G77/><T89/><D75/><U121/><E121/><V78/><F78/><W131/><G131/><T117/><D117/><U64/><E64/><V47/><F47/><W20/><G30/><T25/><D82/><U103/><E83/><V51/><F51/><W6/><G6/><T1/><D1/><U0/><E129/><V54/><F71/><AGARI ba="1,0" hai="8,14,18,20,22,46,49,53,62,66,71,93,97,100" machi="71" ten="30,1000,0" yaku="7,1" doraHai="124" who="3" fromWho="2" sc="92,0,171,0,211,-13,526,13" /><INIT seed="5,0,0,0,3,99" ten="92,171,198,539" oya="1" hai0="50,25,48,13,12,111,71,42,6,103,112,33,41" hai1="90,107,124,125,28,65,128,45,126,55,29,85,5" hai2="80,106,38,27,95,32,22,36,21,127,118,60,43" hai3="54,44,68,98,16,57,15,0,18,113,20,108,49"/><U7/><E65/><V66/><F118/><W123/><G108/><T133/><D71/><U67/><E67/><V74/><F106/><W132/><G123/><T19/><D33/><U47/><E107/><V116/><F116/><W94/><G0/><T117/><D111/><U9/><E128/><V91/><F127/><W26/><G68/><T53/><D133/><U131/><E131/><V46/><F38/><W88/><G113/><T61/><D112/><U102/><E102/><V24/><F80/><W121/><G121/><T100/><D117/><U59/><E45/><V39/><F74/><W37/><G132/><T110/><D110/><U87/><E47/><V77/><F77/><W34/><G34/><T63/><D25/><U93/><E87/><V35/><F39/><W17/><REACH who="3" step="1"/><G15/><REACH who="3" ten="92,171,198,529" step="2"/><T64/><D13/><N who="1" m="5295" /><E7/><V52/><F32/><W8/><G8/><T58/><D6/><U129/><E129/><V51/><F35/><W72/><G72/><T84/><D12/><U135/><E135/><V11/><F11/><W120/><G120/><T69/><D69/><U2/><E2/><V86/><F24/><W79/><G79/><T14/><D14/><U56/><E126/><V62/><F27/><W122/><G122/><T1/><D1/><U109/><E109/><V115/><F115/><W83/><G83/><T4/><D4/><U31/><E125/><V23/><F23/><W89/><G89/><T40/><D19/><U30/><E124/><V104/><F21/><W96/><G96/><T82/><D82/><U81/><N who="1" m="7168" /><DORA hai="70" /><U97/><E81/><V101/><F22/><RYUUKYOKU ba="0,1" sc="92,-10,171,-10,198,-10,529,30" hai3="16,17,18,20,26,37,44,49,54,57,88,94,98" /><INIT seed="6,1,1,4,0,50" ten="82,161,188,559" oya="2" hai0="133,88,33,30,91,60,82,62,76,72,36,108,117" hai1="115,78,15,112,135,95,54,7,92,119,45,26,38" hai2="97,113,40,37,21,29,47,0,61,74,25,64,134" hai3="107,34,5,41,66,96,51,43,116,2,70,109,71"/><V18/><F74/><W131/><G116/><T101/><D108/><U121/><E119/><V129/><F0/><W4/><G34/><T118/><D117/><U39/><E78/><V65/><F113/><N who="1" m="43593" /><E121/><V59/><F134/><W106/><G51/><T67/><D118/><U127/><E135/><V98/><F129/><W85/><G85/><T73/><D133/><U104/><E104/><V99/><REACH who="2" step="1"/><F29/><REACH who="2" ten="82,161,178,559" step="2"/><W56/><G2/><T111/><D72/><U132/><E132/><V79/><F79/><W84/><G131/><T9/><D30/><U89/><E127/><V28/><F28/><W1/><G1/><T55/><D76/><U14/><E14/><V94/><F94/><W105/><G105/><T114/><D73/><U31/><E95/><V42/><F42/><W11/><G107/><T32/><D114/><U120/><E15/><V57/><F57/><W69/><G43/><T80/><D111/><U46/><E31/><V77/><F77/><W128/><G109/><T126/><D126/><U63/><E26/><V122/><F122/><W27/><G128/><T93/><D93/><U81/><E120/><V58/><F58/><W24/><G41/><T103/><D80/><U100/><E81/><V6/><F6/><W44/><G56/><T49/><D82/><U17/><E7/><N who="3" m="2634" /><G24/><T22/><D33/><U110/><E110/><V68/><F68/><W13/><G27/><T8/><D32/><U20/><E92/><V125/><F125/><W130/><G70/><T52/><D101/><U124/><E100/><V75/><F75/><W3/><G69/><N who="0" m="42215" /><D103/><U90/><E124/><RYUUKYOKU ba="1,2" sc="82,-10,161,-10,178,30,559,-10" hai2="18,21,25,37,40,47,59,61,64,65,97,98,99" /><INIT seed="6,2,2,4,3,28" ten="72,151,208,549" oya="2" hai0="17,13,75,57,86,11,82,92,128,105,120,42,34" hai1="85,68,112,39,91,132,117,124,113,90,37,110,54" hai2="0,80,31,9,58,1,15,121,44,130,122,27,88" hai3="106,18,133,26,12,89,71,116,30,20,49,95,96"/><V123/><F130/><W73/><G116/><T69/><D120/><U19/><E117/><V111/><F44/><W107/><G133/><T51/><D128/><U23/><E110/><V53/><F111/><W59/><G73/><T102/><D69/><U35/><E68/><V70/><F70/><W104/><G71/><T52/><D34/><U84/><E35/><V5/><F80/><W47/><G59/><T131/><D131/><U67/><E67/><V62/><REACH who="2" step="1"/><F88/><REACH who="2" ten="72,151,198,549" step="2"/><W66/><G47/><T55/><D42/><U100/><E91/><V99/><F99/><W22/><G89/><T48/><D75/><U63/><E90/><V127/><F127/><W72/><G72/><T119/><D119/><U98/><E124/><V41/><F41/><W83/><G83/><T114/><D114/><U94/><E112/><V4/><F4/><W97/><G97/><N who="0" m="59687" /><D105/><U81/><E113/><V2/><F2/><W118/><G118/><T87/><D82/><U135/><E81/><V10/><F10/><W29/><G96/><T3/><D3/><U60/><E85/><V78/><F78/><W38/><G107/><T24/><D24/><N who="1" m="14463" /><E84/><V64/><F64/><W129/><G66/><T43/><D43/><U56/><E135/><V115/><F115/><W93/><G129/><T21/><D11/><U77/><E77/><V109/><F109/><W40/><G104/><T14/><D14/><U65/><E132/><V103/><F103/><W108/><G106/><T125/><D125/><U74/><E74/><V79/><F79/><W33/><G108/><T6/><D6/><U46/><E46/><AGARI ba="2,3" hai="13,17,21,46,48,51,52,55,57,86,87" m="59687" machi="46" ten="30,3900,0" yaku="6,1,8,1,54,1" doraHai="28" who="0" fromWho="1" sc="72,75,151,-45,198,0,549,0" /><INIT seed="7,0,0,2,3,125" ten="147,106,198,549" oya="3" hai0="117,53,32,90,94,42,108,97,51,122,40,16,29" hai1="24,62,72,112,82,119,86,58,13,83,120,60,81" hai2="66,127,92,133,91,128,21,78,80,23,41,106,130" hai3="87,1,44,22,77,43,2,129,25,12,96,104,99"/><W93/><G129/><N who="2" m="49769" /><F127/><W110/><G110/><T57/><D32/><U9/><E120/><V132/><F106/><W88/><G12/><T35/><D35/><U111/><E111/><V105/><F105/><W19/><G77/><T116/><D29/><U3/><E3/><V10/><F66/><W39/><REACH who="3" step="1"/><G99/><REACH who="3" ten="147,106,198,539" step="2"/><T114/><D97/><U56/><E119/><V64/><F78/><W14/><G14/><T34/><D116/><U98/><E72/><V15/><F15/><W54/><G54/><T95/><D53/><U6/><E112/><V11/><F11/><W74/><G74/><T123/><D114/><U102/><E24/><V85/><F10/><W76/><G76/><T63/><D108/><U59/><REACH who="1" step="1"/><E86/><REACH who="1" ten="147,96,198,539" step="2"/><V65/><F85/><W5/><G5/><T17/><D117/><U68/><E68/><V84/><F84/><W45/><G45/><T118/><D118/><U135/><E135/><V48/><F133/><W36/><G36/><T49/><D123/><U69/><E69/><V126/><F132/><W121/><G121/><T134/><D122/><U101/><E101/><AGARI ba="0,2" hai="1,2,19,22,25,39,43,44,87,88,93,96,101,104" machi="101" ten="40,12000,1" yaku="1,1,54,1,53,2" doraHai="125" doraHaiUra="33" who="3" fromWho="1" sc="147,0,96,-120,198,0,539,140" owari="147,-25.0,-24,-52.0,198,0.0,679,77.0" /></mjloggm>