<mjloggm ver="2.3"><GO type="169" lobby="0"/><UN n0="%E3%82%A6%E3%83%AB%E3%83%88%E3%83%A9%E7%AB%8B%E7%9B%B4" n1="%E3%81%BF%E3%81%A9%E3%82%8A%E8%8C%B6" n2="%E3%83%94%E3%82%AB%E5%90%BE%E9%83%8E" n3="%E6%9D%BE%E5%B1%8B%E3%81%8A%E3%81%98%E3%81%95%E3%82%93" dan="17,16,16,17" rate="2172.65,2107.38,2094.18,2134.91" sx="M,M,M,M"/><TAIKYOKU oya="0"/><INIT seed="0,0,0,1,1,45" ten="250,250,250,250" oya="0" hai0="9,60,127,73,20,131,113,7,6,56,8,134,42" hai1="103,0,79,90,3,74,53,15,17,108,112,85,43" hai2="97,2,70,105,124,133,93,109,72,62,49,101,57" hai3="87,48,40,102,59,123,121,11,13,88,95,69,92"/><T98/><D73/><U28/><E28/><V10/><BYE who="1" /><F72/><W66/><G69/><T75/><D113/><U46/><E46/><V135/><F109/><W25/><G25/><T24/><D75/><U118/><E118/><V84/><F124/><W36/><G36/><T34/><D127/><U63/><E63/><V21/><F21/><W30/><G30/><T32/><D131/><U27/><E27/><V110/><F110/><W91/><G102/><T76/><D76/><U31/><E31/><V55/><F10/><W26/><G26/><T82/><D42/><U65/><E65/><UN n1="%E3%81%BF%E3%81%A9%E3%82%8A%E8%8C%B6" /><V1/><F62/><W58/><G66/><T99/><D134/><N who="2" m="51210" /><F70/><W4/><G40/><T80/><D60/><U132/><E43/><V35/><F35/><W130/><G130/><T52/><D24/><U125/><E3/><N who="2" m="1035" /><F84/><W94/><G87/><T107/><D20/><U68/><E85/><V119/><F119/><W128/><G128/><T50/><D107/><AGARI ba="0,0" hai="49,55,57,93,97,101,105,107" m="1035,51210" machi="107" ten="30,2000,0" yaku="20,1,52,1" doraHai="45" who="2" fromWho="0" sc="250,-20,250,0,250,20,250,0" /><INIT seed="1,0,0,4,5,135" ten="230,250,270,250" oya="1" hai0="48,128,43,74,101,61,12,88,64,54,39,17,7" hai1="107,32,81,21,29,15,75,113,67,31,131,57,98" hai2="116,121,132,79,13,108,49,85,55,102,93,63,47" hai3="40,123,72,70,99,87,130,86,10,104,18,120,125"/><U58/><E113/><V41/><F116/><W9/><G70/><T127/><D74/><U46/><E131/><V68/><F121/><W109/><G72/><T96/><D128/><U20/><E32/><V80/><F132/><W26/><G130/><T126/><D7/><U45/><E15/><V76/><F108/><W5/><G40/><T69/><D88/><U115/><E75/><V4/><F68/><W133/><G133/><T118/><D118/><U114/><E81/><V11/><F63/><W95/><G104/><T122/><D122/><U124/><E98/><N who="2" m="59727" /><F55/><W36/><G36/><T105/><D43/><U66/><REACH who="1" step="1"/><E107/><REACH who="1" ten="230,240,270,250" step="2"/><V92/><F92/><W65/><G99/><T90/><D96/><U6/><E6/><V60/><F60/><W82/><G95/><T30/><D105/><U38/><E38/><V117/><F117/><W110/><G5/><T27/><D39/><U33/><E33/><V28/><F79/><W84/><G82/><T97/><D97/><U89/><E89/><V50/><F50/><W8/><G123/><T112/><D90/><U53/><E53/><V129/><F129/><W52/><G120/><T73/><D73/><U78/><E78/><V22/><F76/><W94/><G94/><T77/><D77/><U56/><E56/><V35/><F35/><W24/><G109/><T1/><D112/><U37/><E37/><V83/><F85/><W106/><G106/><T100/><D100/><U71/><E71/><V16/><F4/><W91/><G91/><T62/><D101/><U14/><E14/><V0/><F0/><W23/><G110/><RYUUKYOKU ba="0,1" sc="230,-15,240,15,270,15,250,-15" hai1="20,21,29,31,45,46,57,58,66,67,114,115,124" hai2="11,13,16,22,28,41,47,49,80,83" /><INIT seed="1,1,1,2,4,41" ten="215,255,285,235" oya="1" hai0="98,15,2,76,60,126,105,50,131,123,133,77,63" hai1="25,128,70,94,119,7,124,87,93,17,44,1,37" hai2="30,71,52,122,27,20,0,100,65,59,16,106,35" hai3="115,130,47,49,125,129,135,121,92,34,111,81,32"/><U104/><E119/><V12/><F122/><W99/><G115/><T85/><D2/><U39/><E104/><V108/><F0/><W57/><G121/><T112/><D112/><U102/><E70/><V40/><F71/><W19/><G111/><T66/><D123/><U67/><E67/><V88/><F65/><W54/><G125/><T33/><D126/><U21/><E124/><V38/><F108/><W53/><G81/><T116/><D116/><U89/><E128/><N who="3" m="49258" /><G19/><T28/><D131/><U90/><E102/><V80/><F100/><N who="3" m="60519" /><G135/><T117/><D133/><U42/><E7/><V24/><F106/><W4/><G4/><T72/><D105/><U29/><E1/><V23/><F80/><W22/><G22/><T74/><D74/><U86/><REACH who="1" step="1"/><E17/><REACH who="1" ten="215,245,285,235" step="2"/><V110/><F110/><W36/><G36/><AGARI ba="1,2" hai="21,25,29,36,37,39,42,44,86,87,89,90,93,94" machi="36" ten="30,12000,1" yaku="1,1,2,1,7,1,9,1,52,1,53,0" doraHai="41" doraHaiUra="78" who="1" fromWho="3" sc="215,0,245,143,285,0,235,-123" /><INIT seed="1,2,0,2,5,59" ten="215,388,285,112" oya="1" hai0="132,92,1,98,94,18,110,40,36,128,21,45,114" hai1="0,73,75,95,106,48,67,9,111,104,87,78,85" hai2="26,55,57,49,44,60,2,70,5,64,3,115,16" hai3="124,96,46,134,79,8,71,65,35,63,50,39,80"/><U12/><E0/><V6/><F115/><W27/><G124/><T4/><D114/><U91/><E111/><V31/><F3/><W20/><G35/><T33/><D33/><U38/><E38/><V93/><F2/><W68/><G134/><T37/><D132/><U125/><E125/><V53/><F93/><W120/><G120/><T28/><D128/><U119/><E119/><V109/><F109/><W81/><G39/><T88/><D28/><U42/><E104/><V25/><F25/><W121/><G121/><T118/><D118/><U7/><E67/><V100/><F100/><W89/><G8/><T61/><D110/><U52/><E106/><V130/><F130/><W15/><G15/><T34/><D34/><U17/><E42/><V10/><F31/><W14/><G14/><T108/><D108/><U133/><E7/><V116/><F116/><W99/><G71/><T117/><D117/><U24/><E24/><V13/><F26/><W72/><G89/><T77/><D77/><U58/><E133/><V102/><F102/><W74/><G81/><T103/><D37/><U113/><E113/><V41/><F55/><W11/><G11/><T129/><D129/><U47/><E47/><V101/><F101/><W69/><G69/><T86/><D4/><U107/><E107/><V56/><F57/><W76/><G76/><T23/><D1/><U97/><E78/><V29/><F29/><N who="3" m="17639" /><G72/><T30/><D30/><U131/><E131/><V51/><AGARI ba="2,0" hai="5,6,10,13,16,41,44,49,51,53,56,60,64,70" machi="51" ten="20,5200,0" yaku="0,1,7,1,52,1,54,1" doraHai="59" who="2" fromWho="2" sc="215,-15,388,-28,285,58,112,-15" /><INIT seed="2,0,0,4,0,41" ten="200,360,343,97" oya="2" hai0="69,98,28,85,90,73,61,79,3,36,6,130,30" hai1="47,132,88,19,89,111,20,10,127,1,24,52,120" hai2="87,114,8,32,5,29,84,83,16,40,31,46,113" hai3="78,50,112,23,27,12,35,80,108,13,91,125,105"/><V94/><F32/><W74/><G105/><T97/><D130/><U37/><E132/><V57/><F57/><W53/><G108/><T70/><D36/><U48/><E120/><V11/><F113/><W117/><G117/><T42/><D42/><U49/><E111/><V106/><F106/><W129/><G129/><T59/><D73/><U121/><E121/><V44/><F40/><W62/><G35/><T25/><D79/><U82/><E37/><V43/><F43/><W60/><G125/><T38/><D38/><U131/><E131/><V54/><F54/><W110/><G110/><T133/><D133/><U51/><E127/><V99/><F5/><W77/><G77/><T55/><D70/><U103/><E103/><N who="2" m="60919" /><F11/><W93/><G62/><T102/><D69/><U100/><E100/><V122/><F122/><W81/><G60/><T92/><D6/><U66/><E66/><V119/><F87/><W9/><G112/><T71/><D3/><U72/><E72/><V134/><F119/><W64/><G64/><T96/><D71/><U107/><E107/><V126/><F126/><W123/><G123/><T4/><D4/><U22/><E1/><V86/><F86/><W115/><G9/><T109/><D109/><U116/><E10/><V18/><F134/><W26/><G80/><T56/><D56/><U45/><E116/><V68/><F68/><W39/><G39/><T63/><D63/><U101/><E82/><V104/><F114/><W7/><G115/><T34/><D102/><U128/><E101/><V14/><F104/><W65/><G74/><T76/><D76/><RYUUKYOKU ba="0,0" sc="200,30,360,-10,343,-10,97,-10" hai0="25,28,30,34,55,59,61,85,90,92,96,97,98" /><INIT seed="3,1,0,5,2,49" ten="230,350,333,87" oya="3" hai0="84,114,33,41,29,1,134,120,15,5,28,94,125" hai1="117,35,132,60,65,39,24,123,130,2,58,91,88" hai2="128,83,119,0,79,116,18,107,135,124,54,105,3" hai3="106,75,48,95,22,122,74,46,26,76,66,13,10"/><W68/><G106/><T133/><D41/><U9/><E123/><V63/><F124/><W31/><G122/><T6/><D84/><U113/><E117/><V86/><F128/><W4/><G76/><T102/><D94/><U109/><E113/><V101/><F107/><W25/><G95/><T126/><D102/><U11/><E39/><V108/><F108/><W127/><G127/><N who="0" m="48651" /><D120/><U78/><E78/><V42/><F42/><W40/><REACH who="3" step="1"/><G26/><REACH who="3" ten="230,350,333,77" step="2"/><N who="0" m="18583" /><D114/><U90/><E109/><V30/><F105/><W61/><AGARI ba="1,1" hai="4,10,13,22,25,31,40,46,48,61,66,68,74,75" machi="61" ten="30,3000,0" yaku="1,1,0,1,53,0" doraHai="49" doraHaiUra="131" who="3" fromWho="3" sc="230,-11,350,-11,333,-11,77,43" /><INIT seed="3,2,0,2,0,4" ten="219,339,322,120" oya="3" hai0="59,52,93,98,123,19,109,64,27,128,132,116,48" hai1="135,130,80,75,44,12,126,14,30,105,40,86,0" hai2="118,54,124,22,73,112,106,81,66,53,90,62,91" hai3="102,21,122,51,131,104,92,13,76,120,41,61,57"/><W36/><G36/><T3/><D3/><U99/><E135/><V55/><F106/><W85/><G104/><T45/><D123/><U78/><E130/><V26/><F112/><W125/><G131/><T88/><D116/><U111/><E111/><V71/><F118/><W33/><G33/><T83/><D128/><U119/><E119/><V7/><F124/><W113/><G113/><T39/><D109/><U50/><E126/><V97/><F7/><W56/><G125/><T23/><D132/><U6/><E30/><V100/><F73/><W101/><G120/><T117/><D117/><U31/><E31/><V35/><F81/><N who="3" m="47271" /><G122/><T32/><D32/><U133/><E133/><V77/><F77/><W60/><G41/><T87/><D39/><U20/><E20/><V70/><F70/><W72/><G72/><T49/><D64/><U95/><E105/><N who="2" m="63631" /><F22/><W47/><G47/><T38/><D38/><U17/><E75/><V5/><F5/><W110/><G92/><T25/><D45/><U10/><E17/><V46/><F46/><W11/><G21/><T127/><D127/><U16/><E16/><V65/><F66/><N who="3" m="39175" /><G51/><T67/><D67/><U42/><E42/><V134/><F134/><W2/><G2/><T37/><D37/><U82/><REACH who="1" step="1"/><E82/><REACH who="1" ten="219,329,322,120" step="2"/><V29/><AGARI ba="2,1" hai="26,29,35,53,54,55,62,65,71,90,91" m="63631" machi="29" ten="30,1100,0" yaku="25,1" doraHai="4" who="2" fromWho="2" sc="219,-5,329,-5,322,27,120,-7" /><INIT seed="4,0,0,0,4,75" ten="214,324,349,113" oya="0" hai0="32,122,126,51,106,97,39,90,38,134,18,50,103" hai1="25,77,69,89,119,37,128,132,110,46,43,15,62" hai2="2,17,29,78,6,85,112,27,114,95,113,24,108" hai3="111,71,88,129,23,13,36,117,52,47,73,64,83"/><T120/><D32/><U67/><E110/><V55/><F108/><W58/><G111/><T54/><D126/><U35/><E128/><V63/><F6/><W105/><G105/><T26/><D134/><U44/><E132/><V48/><F2/><W92/><G117/><T53/><D90/><U74/><E119/><V41/><F95/><W60/><G129/><T82/><D82/><U81/><E46/><V20/><F41/><W99/><G23/><T14/><D26/><U115/><E15/><V109/><F63/><W10/><G36/><T100/><D14/><U19/><E89/><V1/><F1/><W96/><G47/><T135/><D135/><U49/><E115/><V107/><F107/><W34/><G34/><T16/><D106/><U12/><E35/><V121/><F109/><W28/><G28/><T76/><D97/><U124/><E25/><V9/><F121/><W42/><G42/><T22/><D22/><U57/><E124/><V33/><F9/><W91/><G96/><T86/><D86/><U118/><E118/><V87/><REACH who="2" step="1"/><F78/><AGARI ba="0,0" hai="16,18,38,39,50,51,53,54,76,78,100,103,120,122" machi="78" ten="25,12000,1" yaku="22,2,52,2,54,1" doraHai="75" who="0" fromWho="2" sc="214,120,324,0,349,-120,113,0" /><INIT seed="4,1,0,2,5,114" ten="334,324,229,113" oya="0" hai0="119,39,110,53,84,36,95,18,75,16,68,113,116" hai1="10,96,21,64,131,57,20,79,15,41,70,46,44" hai2="32,54,42,81,24,9,22,117,51,1,122,99,109" hai3="69,92,90,8,43,127,12,98,78,17,65,11,13"/><T4/><D75/><U101/><E131/><V132/><F32/><W48/><G127/><T62/><D4/><U34/><E34/><V123/><F109/><W128/><G128/><T94/><D84/><U129/><E129/><V40/><F132/><W100/><G78/><T91/><D91/><U0/><E0/><V82/><F122/><W111/><G111/><T102/><D110/><U77/><E44/><V61/><F61/><W120/><G120/><T125/><D62/><U71/><E71/><V133/><F133/><W93/><G69/><T60/><D60/><U63/><E70/><V86/><F82/><W124/><G124/><T118/><D68/><U126/><E21/><V2/><F9/><W104/><G65/><T87/><D87/><U89/><E20/><V56/><F123/><W30/><G30/><T85/><D85/><U58/><E89/><V52/><F54/><W106/><G43/><T50/><D125/><U3/><E58/><V38/><F38/><N who="0" m="14378" /><D102/><U115/><E126/><V23/><F2/><W112/><G112/><T97/><D97/><U45/><E115/><V88/><F1/><W27/><G27/><T14/><D113/><U103/><E3/><V74/><F74/><W6/><G48/><T26/><D26/><U76/><E96/><AGARI ba="1,0" hai="6,8,11,12,13,17,90,92,93,96,98,100,104,106" machi="96" ten="30,1000,0" yaku="7,1" doraHai="114" who="3" fromWho="1" sc="334,0,324,-13,229,0,113,13" /><INIT seed="5,0,0,1,2,41" ten="334,311,229,126" oya="1" hai0="110,28,9,34,52,48,95,38,133,13,109,40,105" hai1="8,10,99,51,106,104,29,3,117,4,116,82,25" hai2="80,35,98,103,39,107,77,111,5,57,14,15,130" hai3="24,46,30,62,122,58,45,63,66,61,88,83,74"/><U33/><E104/><V68/><F68/><W2/><G2/><T21/><D105/><U12/><E82/><V115/><F35/><W101/><G101/><T55/><D34/><U65/><E65/><V26/><F111/><W73/><G122/><T56/><D133/><U120/><E120/><V23/><F39/><W85/><G73/><T78/><D78/><U18/><E106/><V75/><F130/><W7/><G7/><T36/><D36/><U94/><REACH who="1" step="1"/><E51/><REACH who="1" ten="334,301,229,126" step="2"/><V20/><F80/><W53/><G74/><T92/><D38/><U54/><E54/><V118/><F75/><W81/><G81/><T113/><D55/><U119/><E119/><V112/><F118/><W1/><G1/><T91/><D52/><U132/><E132/><V79/><F79/><W6/><G6/><T127/><D48/><U102/><AGARI ba="0,1" hai="3,4,8,10,12,18,25,29,33,94,99,102,116,117" machi="102" ten="20,3900,0" yaku="1,1,0,1,7,1,53,0" doraHai="41" doraHaiUra="50" who="1" fromWho="1" sc="334,-13,301,49,229,-13,126,-13" /><INIT seed="5,1,0,0,0,134" ten="321,350,216,113" oya="1" hai0="78,1,20,8,130,17,38,107,26,57,36,50,23" hai1="123,106,87,94,95,4,48,68,125,29,0,35,51" hai2="82,97,67,135,113,66,37,110,88,79,7,42,124" hai3="72,120,13,47,103,55,65,133,39,33,127,89,59"/><U75/><E75/><V122/><F110/><W129/><G72/><T92/><D107/><U109/><E106/><V131/><F122/><W46/><G33/><T119/><D119/><U84/><E123/><V30/><F30/><W43/><G103/><T76/><D130/><U15/><E15/><V93/><F131/><W56/><G89/><T114/><D114/><U115/><E4/><V9/><F135/><W32/><G13/><N who="0" m="7335" /><D38/><U27/><E68/><V44/><F113/><W86/><G32/><T116/><D36/><U28/><E115/><V19/><F19/><W11/><G11/><T74/><D74/><U49/><E109/><V102/><F102/><W58/><G129/><T41/><D116/><U69/><E69/><V12/><F124/><W108/><G86/><AGARI ba="1,0" hai="7,9,12,37,42,44,66,67,79,82,86,88,93,97" machi="86" ten="30,2000,0" yaku="7,1,54,1" doraHai="134" who="2" fromWho="3" sc="321,0,350,0,216,23,113,-23" /><INIT seed="6,0,0,4,4,42" ten="321,350,239,90" oya="2" hai0="102,13,112,134,120,106,133,92,127,113,107,116,91" hai1="115,94,132,49,37,28,128,125,65,82,15,6,51" hai2="96,108,131,109,101,135,118,69,31,56,47,93,20" hai3="16,32,114,80,67,24,98,126,33,43,74,36,124"/><V72/><F69/><W38/><G67/><T97/><D13/><U0/><E115/><N who="0" m="44105" /><D120/><U25/><E128/><V58/><F72/><W88/><G114/><T103/><D127/><N who="3" m="48681" /><G74/><T4/><D4/><U26/><E65/><V53/><F118/><W44/><G36/><T18/><D18/><U54/><E51/><N who="2" m="28927" /><F131/><W121/><G121/><T14/><D14/><U19/><E49/><V81/><F81/><W7/><G7/><T66/><D66/><U117/><E54/><V111/><F135/><N who="0" m="51722" /><D116/><U77/><E82/><V86/><F86/><N who="3" m="50247" /><G98/><T40/><D40/><U76/><E37/><V122/><F122/><W30/><G16/><T3/><D3/><U68/><E19/><V61/><F61/><W89/><G89/><T5/><D5/><U22/><E15/><V29/><F29/><W90/><G90/><T123/><D123/><U34/><E28/><V39/><F39/><W130/><G130/><T27/><D27/><AGARI ba="0,0" hai="20,27,31,56,58,93,96,101,108,109,111" m="28927" machi="27" ten="30,2900,0" yaku="10,1,52,1" doraHai="42" who="2" fromWho="0" sc="321,-29,350,0,239,29,90,0" /><INIT seed="6,1,0,5,4,46" ten="292,350,268,90" oya="2" hai0="19,32,16,14,51,18,56,39,112,120,58,33,9" hai1="93,106,62,104,76,61,128,115,83,0,48,110,35" hai2="17,71,99,21,95,11,108,98,73,97,100,114,113" hai3="3,63,7,49,89,64,103,12,28,123,10,124,60"/><V87/><F71/><W31/><G123/><T117/><D39/><U92/><E0/><V26/><F73/><W27/><G124/><T44/><D120/><U6/><E6/><V42/><F108/><W111/><G111/><T101/><D112/><N who="2" m="43114" /><F42/><W36/><G36/><T85/><D117/><U127/><E35/><V122/><F122/><W80/><G103/><T107/><D33/><U78/><E128/><V20/><F11/><W129/><G129/><T130/><D32/><U69/><E110/><V81/><F21/><W105/><G105/><T4/><D130/><U66/><E115/><V126/><F126/><W2/><G63/><T38/><D38/><U133/><E127/><V25/><F26/><W67/><G67/><T50/><D107/><U131/><E131/><V53/><F53/><W5/><G27/><T132/><D132/><U57/><E66/><V70/><F70/><W121/><G121/><T75/><D75/><U40/><E69/><V1/><F1/><W23/><G23/><T47/><D101/><U41/><E57/><N who="0" m="22121" /><D85/><U45/><E45/><AGARI ba="1,0" hai="4,9,14,16,18,19,44,45,47,50,51" m="22121" machi="45" ten="30,7700,0" yaku="8,1,52,2,54,1" doraHai="46" who="0" fromWho="1" sc="292,80,350,-80,268,0,90,0" /><INIT seed="7,0,0,5,2,0" ten="372,270,268,90" oya="3" hai0="125,89,66,37,30,73,6,12,39,53,96,93,7" hai1="67,78,19,135,74,51,95,43,60,80,128,115,110" hai2="25,120,85,81,109,29,63,11,22,98,57,131,72" hai3="44,3,111,121,82,102,56,127,9,126,105,134,101"/><W91/><G121/><T130/><D73/><U124/><E110/><V34/><F109/><W13/><G3/><T107/><D107/><U119/><E119/><V10/><F72/><W1/><G1/><T26/><D66/><U32/><E32/><V8/><F131/><W75/><G111/><T99/><D39/><U31/><E128/><V61/><F120/><W14/><G134/><T16/><D37/><U122/><E122/><V129/><F129/><W2/><G2/><T50/><D99/><U36/><E36/><V70/><F70/><W108/><G108/><T47/><D125/><N who="3" m="47625" /><G105/><T62/><D62/><U123/><E124/><V5/><F34/><W116/><G116/><T41/><D41/><U28/><E123/><V23/><F98/><W27/><G27/><T20/><D130/><U114/><E135/><V17/><F57/><W133/><G133/><T90/><D90/><U132/><E132/><V46/><F46/><W59/><G44/><T4/><D30/><U18/><E95/><V106/><F106/><W58/><G91/><T24/><AGARI ba="0,0" hai="4,6,7,12,16,20,24,26,47,50,53,89,93,96" machi="24" ten="30,12000,2" yaku="0,1,8,1,52,3,54,1" doraHai="0" who="0" fromWho="0" sc="372,120,270,-30,268,-30,90,-60" owari="492,59.0,240,4.0,238,-16.0,30,-47.0" /></mjloggm>