<mjloggm ver="2.3"><GO type="41" lobby="0"/><UN n0="%4D%6F%2D%72%69%2D" n1="%E3%82%8F%E3%81%8B%E3%81%A0%E3%82%93" n2="%E5%B0%B1%E6%B4%BB%E7%94%9F%40%E5%B7%9D%E6%9D%91%E8%BB%8D%E5%9B%A3" n3="%64%61%61%61%61%61" dan="13,13,16,15" rate="1949.76,1911.69,2069.69,2074.40" sx="M,M,M,M"/><TAIKYOKU oya="0"/><INIT seed="0,0,0,1,1,118" ten="250,250,250,250" oya="0" hai0="20,119,53,67,133,69,126,54,123,130,95,134,73" hai1="46,19,114,87,92,70,90,18,21,65,3,79,72" hai2="100,24,49,66,17,27,96,135,29,55,2,60,122" hai3="116,59,9,32,74,62,30,56,101,98,52,12,39"/><T76/><D119/><U106/><E3/><V51/><F2/><W129/><G116/><T28/><D95/><U23/><E106/><V88/><F135/><N who="0" m="51722" /><D73/><U5/><E5/><V115/><F115/><W71/><G74/><T45/><D76/><U110/><E114/><V14/><F122/><W124/><G71/><T82/><D82/><U125/><E72/><V44/><F51/><W63/><G129/><T0/><D0/><U33/><E33/><V26/><F29/><W86/><G124/><T7/><D7/><U94/><E79/><V128/><F128/><W42/><G86/><T99/><D130/><U120/><E125/><V80/><F100/><W40/><G39/><T81/><D126/><U85/><E70/><V117/><F117/><W31/><G30/><T1/><D1/><U35/><E35/><V36/><F36/><W121/><G31/><T41/><D81/><U68/><E68/><V107/><F107/><W127/><G127/><T108/><D99/><U6/><E6/><V10/><F96/><W25/><G25/><N who="0" m="16423" /><D108/><U91/><E110/><V8/><F8/><W77/><G77/><T4/><D4/><U64/><E46/><V97/><F97/><W61/><G32/><T104/><D104/><U37/><E37/><V84/><F26/><W131/><G131/><T103/><D103/><U105/><E105/><V102/><F102/><W83/><G101/><T11/><D11/><U43/><E43/><V109/><F109/><W75/><G42/><T13/><D13/><U48/><E48/><V113/><F113/><W57/><G40/><T132/><D132/><RYUUKYOKU ba="0,0" sc="250,-15,250,15,250,15,250,-15" hai1="18,19,21,23,64,65,85,87,90,91,92,94,120" hai2="10,14,17,24,27,44,49,55,60,66,80,84,88" /><INIT seed="1,1,0,2,2,47" ten="235,265,265,235" oya="1" hai0="7,101,60,98,31,97,103,62,69,108,87,22,38" hai1="129,120,10,24,81,95,1,100,58,37,128,91,2" hai2="15,23,107,110,3,113,70,73,124,90,59,134,102" hai3="63,26,49,57,122,68,83,32,9,126,25,36,42"/><U40/><E120/><V94/><F3/><W16/><G122/><T61/><D69/><U133/><E37/><V71/><F73/><W86/><G126/><T43/><D108/><U51/><E133/><V28/><F113/><W106/><G106/><T44/><D7/><U17/><E100/><V72/><F72/><W88/><G68/><T77/><D31/><U53/><E40/><V121/><F121/><W84/><G36/><T13/><D13/><U41/><E41/><V99/><F124/><W74/><G74/><T112/><D22/><N who="1" m="13391" /><E10/><V35/><F134/><W89/><G32/><T19/><D19/><U33/><E33/><V78/><F78/><W67/><G26/><T93/><D112/><U109/><E81/><V64/><F110/><W11/><G42/><T18/><D18/><U75/><E75/><V20/><F35/><W65/><G65/><T5/><D5/><U48/><E109/><V14/><F71/><W4/><G4/><T29/><D29/><U105/><E105/><V8/><F70/><W56/><G56/><T92/><D62/><N who="1" m="36175" /><E1/><V104/><F104/><W132/><G132/><T66/><D66/><U118/><E118/><V125/><F125/><W117/><G117/><T127/><D127/><U52/><E52/><V119/><F119/><W45/><G45/><T115/><D115/><U34/><E2/><V130/><F130/><N who="1" m="50281" /><E34/><V85/><F8/><W131/><G131/><T21/><D21/><N who="2" m="8266" /><F28/><W39/><G39/><T0/><D0/><U82/><E82/><AGARI ba="1,0" hai="38,43,44,60,61,77,82,87,92,93,97,98,101,103" machi="82" ten="40,1300,0" yaku="9,1" doraHai="47" who="0" fromWho="1" sc="235,16,265,-16,265,0,235,0" /><INIT seed="2,0,0,3,4,46" ten="251,249,265,235" oya="2" hai0="84,85,79,8,28,97,120,22,31,83,107,82,99" hai1="19,38,117,100,109,65,42,122,133,55,114,40,18" hai2="14,43,34,72,95,52,1,103,104,127,16,69,94" hai3="62,2,115,129,106,89,25,45,56,124,50,44,4"/><V113/><F1/><W29/><G124/><T68/><D68/><U60/><E117/><V47/><F72/><W71/><G129/><T101/><D120/><U91/><E114/><V6/><F69/><W116/><G116/><T93/><D22/><U48/><E122/><V24/><F113/><W77/><G115/><T130/><D8/><U118/><E118/><V51/><F127/><W35/><G106/><T10/><D10/><U105/><E133/><V123/><F123/><W63/><G77/><T86/><D28/><U20/><E109/><V30/><F6/><W5/><G2/><T128/><D31/><U21/><E105/><V134/><F134/><W41/><G89/><T27/><D27/><U135/><E100/><V3/><F3/><W88/><G71/><T70/><D70/><U9/><E38/><V131/><F131/><N who="0" m="50218" /><D79/><U121/><E121/><V110/><F110/><W12/><G12/><T112/><D112/><U73/><E135/><V0/><F0/><W17/><G17/><T81/><D81/><U125/><E125/><V49/><F104/><W58/><G45/><T80/><D80/><U53/><E9/><V90/><F103/><AGARI ba="0,0" hai="82,83,84,85,86,93,97,99,101,103,107" m="50218" machi="103" ten="30,3900,0" yaku="19,1,34,2" doraHai="46" who="0" fromWho="2" sc="251,39,249,0,265,-39,235,0" /><INIT seed="3,0,0,1,2,65" ten="290,249,226,235" oya="3" hai0="26,104,129,38,83,4,109,61,106,87,15,94,98" hai1="133,31,80,128,59,123,56,108,48,64,105,101,72" hai2="96,9,67,29,79,52,13,23,99,93,70,3,22" hai3="17,92,68,111,71,85,91,51,122,97,33,47,135"/><W127/><G122/><T95/><D38/><U74/><E123/><V130/><F3/><W5/><G5/><T63/><D109/><U37/><E37/><V86/><F130/><W6/><G6/><T10/><D129/><U12/><E128/><V73/><F73/><W66/><G33/><T124/><D124/><U27/><E133/><V90/><F29/><W60/><G135/><T42/><D42/><U77/><E108/><V82/><F99/><W107/><G111/><T2/><D2/><U115/><E12/><V8/><F8/><W113/><G113/><T62/><D26/><U75/><E56/><V116/><F116/><W32/><G127/><T0/><D0/><U30/><E30/><V100/><F79/><W55/><G32/><T112/><D112/><U57/><E57/><V117/><F117/><W88/><G17/><T35/><D35/><N who="1" m="20991" /><E48/><V28/><F28/><W132/><G107/><T20/><D20/><U114/><E59/><V103/><F103/><W110/><G110/><T69/><D69/><U36/><E36/><V41/><F41/><W119/><G119/><T11/><D11/><U50/><E50/><V121/><F121/><W118/><G118/><T43/><D43/><U58/><E58/><V7/><REACH who="2" step="1"/><F52/><REACH who="2" ten="290,249,216,235" step="2"/><W125/><G132/><T25/><D106/><U1/><E1/><V131/><F131/><W134/><G134/><T76/><D104/><U19/><E115/><V49/><F49/><W81/><G125/><T40/><D40/><U89/><E114/><V16/><F16/><W53/><G53/><T44/><D98/><U21/><E19/><RYUUKYOKU ba="0,1" sc="290,-15,249,-15,216,15,235,15" hai2="7,9,13,22,23,67,70,82,86,90,93,96,100" hai3="47,51,55,60,66,68,71,81,85,88,91,92,97" /><INIT seed="3,1,1,0,3,40" ten="275,234,231,250" oya="3" hai0="76,64,105,72,59,84,131,81,96,123,25,58,77" hai1="118,78,132,61,5,34,45,101,117,35,19,80,71" hai2="57,30,114,83,98,27,20,86,49,121,111,23,39" hai3="18,85,128,107,26,104,0,37,113,127,52,47,119"/><W36/><G119/><T8/><D123/><U126/><E19/><V124/><F39/><W133/><G113/><T43/><D131/><U7/><E101/><V99/><F114/><W24/><G128/><T91/><D25/><U6/><E126/><V28/><F121/><W97/><G0/><T82/><D8/><U115/><E132/><V66/><F111/><W90/><G127/><T3/><D3/><U103/><E103/><V112/><F112/><W125/><G125/><T116/><D116/><N who="1" m="44651" /><E115/><V102/><F124/><W95/><G133/><T106/><D43/><U41/><E61/><N who="2" m="38191" /><F49/><W51/><G107/><N who="0" m="40971" /><D58/><U60/><E60/><V53/><F53/><W16/><G104/><T135/><D59/><U4/><E71/><V74/><F74/><W31/><G26/><T69/><D64/><U29/><E29/><N who="2" m="11371" /><F102/><W9/><G37/><T14/><D69/><U42/><N who="1" m="1536" /><DORA hai="67" /><U122/><E122/><V65/><F65/><W50/><G36/><T38/><D38/><N who="1" m="21687" /><E42/><V89/><F27/><W48/><G97/><AGARI ba="1,1" hai="20,23,83,86,89,97,98,99" m="11371,38191" machi="97" ten="30,1000,0" yaku="8,1" doraHai="40,67" who="2" fromWho="3" sc="275,0,234,0,231,23,250,-13" /><INIT seed="4,0,0,5,5,104" ten="275,234,254,237" oya="0" hai0="82,98,36,117,4,106,16,33,76,62,58,59,71" hai1="90,116,20,9,108,128,123,53,24,28,93,132,41" hai2="127,92,110,1,114,61,91,115,47,121,135,86,78" hai3="101,46,14,126,95,109,26,73,83,64,133,66,113"/><T84/><D117/><U38/><E123/><V118/><F1/><W5/><G113/><N who="2" m="43017" /><F121/><W75/><G109/><T19/><D36/><U130/><E108/><V77/><F110/><W49/><G126/><T97/><D33/><U27/><E116/><V68/><F118/><W87/><G133/><T0/><D0/><U79/><E132/><V17/><F135/><W105/><G105/><T15/><D106/><U54/><E9/><V103/><F127/><W102/><G26/><T25/><D71/><U88/><E79/><V34/><F34/><W43/><G66/><T48/><D48/><U6/><E6/><V21/><F103/><W70/><G64/><T51/><D51/><U8/><E8/><V56/><F47/><W42/><G42/><T37/><D37/><U94/><E38/><V10/><F10/><W55/><G70/><T67/><D58/><U13/><E41/><V29/><F29/><W50/><G102/><T89/><D4/><U74/><E28/><V52/><F68/><W39/><G39/><T119/><D119/><U60/><E13/><AGARI ba="0,0" hai="13,17,21,52,56,61,77,78,86,91,92" m="43017" machi="13" ten="30,2000,0" yaku="15,1,54,1" doraHai="104" who="2" fromWho="1" sc="275,0,234,-20,254,20,237,0" /><INIT seed="5,0,0,1,0,42" ten="275,214,274,237" oya="1" hai0="29,8,75,67,102,110,24,46,15,2,20,28,125" hai1="25,1,111,21,49,33,119,98,4,60,47,118,95" hai2="17,19,80,115,100,108,129,68,7,0,54,79,99" hai3="43,36,88,50,90,73,117,64,124,16,27,109,51"/><U96/><E33/><V13/><F68/><W66/><G109/><T123/><D75/><U52/><E98/><V41/><F108/><W72/><G124/><T112/><D110/><U26/><E111/><V63/><F0/><W134/><G43/><T37/><D2/><U12/><E1/><V78/><F41/><W14/><G27/><T107/><D125/><U128/><E128/><V104/><F129/><W56/><G56/><T105/><D123/><U39/><E39/><V45/><F115/><W82/><G82/><T38/><D112/><U106/><E106/><V101/><F101/><W22/><G36/><T9/><D29/><U11/><E26/><V71/><F71/><W114/><G114/><T127/><D127/><U40/><E60/><V32/><F32/><W76/><G76/><T84/><D107/><U135/><E135/><V121/><F121/><W77/><G77/><T83/><D105/><U85/><E85/><V87/><F79/><W44/><G134/><T58/><D102/><U81/><E81/><V69/><F69/><W93/><G117/><T3/><D3/><U113/><E40/><V116/><F116/><W97/><G90/><N who="0" m="51487" /><D38/><U86/><E86/><V74/><F74/><W130/><G130/><T91/><D37/><U59/><E113/><V30/><F30/><W133/><G133/><T6/><D91/><N who="1" m="55423" /><E118/><V5/><F63/><W31/><G31/><T53/><D9/><U48/><E119/><V23/><F19/><W131/><G131/><T89/><D89/><U126/><E126/><V65/><F65/><W57/><G66/><T132/><D67/><RYUUKYOKU ba="0,0" sc="275,-10,214,-10,274,30,237,-10" hai2="5,7,13,17,23,45,54,78,80,87,99,100,104" /><INIT seed="6,1,0,3,0,90" ten="265,204,304,227" oya="2" hai0="16,89,15,22,80,65,42,100,47,49,113,79,1" hai1="37,104,93,19,123,31,64,5,14,77,25,130,133" hai2="106,13,99,97,54,6,35,26,20,81,87,71,78" hai3="8,63,41,10,73,84,82,135,69,94,98,127,119"/><V108/><F71/><W101/><G119/><T44/><D1/><U21/><E104/><V95/><F106/><W131/><G135/><T121/><D121/><U105/><E105/><V83/><F108/><W59/><G131/><T91/><D113/><U110/><E110/><V11/><F35/><W111/><G127/><T23/><D23/><U33/><E37/><V56/><F83/><W17/><G111/><T66/><D44/><U36/><E36/><V67/><F67/><W2/><G69/><T128/><D128/><U60/><E130/><V120/><F120/><W28/><G28/><T125/><D125/><U109/><E133/><V116/><F116/><W9/><G41/><T12/><D12/><U40/><E40/><V115/><F115/><W124/><G124/><T72/><D100/><U88/><E77/><V58/><F54/><W32/><G73/><T24/><D24/><U52/><E123/><V68/><F68/><W0/><G32/><T118/><D118/><U30/><E109/><V18/><REACH who="2" step="1"/><F99/><REACH who="2" ten="265,204,294,227" step="2"/><W48/><G0/><T134/><D134/><U96/><E64/><V86/><F86/><W61/><G2/><T46/><D66/><U126/><E33/><V27/><F27/><W29/><G84/><T102/><D65/><U3/><E3/><V39/><F39/><W92/><G82/><T50/><D102/><AGARI ba="1,1" hai="6,11,13,18,20,26,56,58,78,81,87,95,97,102" machi="102" ten="30,11600,0" yaku="1,1,7,1,8,1,52,1,53,0" doraHai="90" doraHaiUra="117" who="2" fromWho="0" sc="265,-119,204,0,294,129,227,0" /><INIT seed="6,2,0,2,3,92" ten="146,204,423,227" oya="2" hai0="98,14,33,26,0,123,45,37,64,24,39,11,101" hai1="108,78,21,126,62,52,131,34,25,87,97,20,89" hai2="43,135,35,84,36,13,49,134,72,91,100,3,94" hai3="6,80,69,61,103,127,60,18,15,19,82,50,65"/><V44/><F3/><W124/><G60/><T77/><D77/><U10/><E108/><V119/><F72/><W59/><G6/><T112/><D112/><U9/><E34/><V107/><F35/><W120/><G120/><T71/><D123/><U28/><E21/><V128/><F128/><W22/><G103/><T104/><D45/><U4/><E4/><V83/><F119/><W38/><G38/><T23/><D24/><U110/><E110/><V7/><F36/><W133/><G133/><T93/><D93/><N who="1" m="56495" /><E126/><N who="3" m="48170" /><G18/><T99/><D99/><U75/><E75/><V5/><F107/><W53/><AGARI ba="2,0" hai="15,19,22,50,53,59,61,65,69,80,82" m="48170" machi="53" ten="30,1100,0" yaku="18,1" doraHai="92" who="3" fromWho="3" sc="146,-5,204,-5,423,-7,227,17" /><INIT seed="7,0,0,4,0,53" ten="141,199,416,244" oya="3" hai0="40,72,94,2,126,36,27,97,103,70,105,123,32" hai1="79,41,95,24,102,118,89,130,17,47,134,67,127" hai2="54,93,10,131,61,133,101,52,81,58,31,0,8" hai3="129,100,78,124,12,113,23,98,75,115,66,14,119"/><W73/><G66/><T59/><D123/><U9/><E118/><V121/><F121/><W13/><G119/><T50/><D2/><U63/><E130/><V46/><F131/><W1/><G129/><T128/><D72/><U29/><E127/><V96/><F133/><W122/><G122/><T60/><D128/><U28/><E79/><V116/><F116/><W68/><G68/><T109/><D109/><U135/><E102/><V77/><F0/><W4/><G124/><T80/><D126/><U22/><E9/><N who="2" m="3691" /><F31/><W91/><G91/><T90/><D80/><U71/><E135/><V104/><F104/><W87/><G4/><T16/><D36/><U76/><E76/><V33/><F33/><W38/><G38/><T30/><D40/><U92/><E92/><V19/><F19/><W83/><G1/><T55/><D70/><U49/><E134/><V26/><F26/><W34/><G23/><T107/><D103/><U25/><E25/><V82/><F77/><W20/><G20/><T64/><REACH who="0" step="1"/><D16/><REACH who="0" ten="131,199,416,244" step="2"/><U39/><E39/><V112/><F112/><N who="3" m="43083" /><G34/><T56/><AGARI ba="0,1" hai="27,30,32,50,55,56,59,60,64,90,94,97,105,107" machi="56" ten="20,8000,1" yaku="1,1,0,1,7,1,52,2,53,0" doraHai="53" doraHaiUra="99" who="0" fromWho="0" sc="131,90,199,-20,416,-20,244,-40" owari="221,2.0,179,-32.0,396,50.0,204,-20.0" /></mjloggm>