<mjloggm ver="2.3"><GO type="169" lobby="0"/><UN n0="%4A%57%49%4C%4C" n1="%E3%82%A6%E3%83%AB%E3%83%88%E3%83%A9%E7%AB%8B%E7%9B%B4" n2="%E3%81%BB%E3%81%97%E3%81%AE%E3%81%99%E3%81%9A%E3%81%BF" n3="%6B%6F%75%33%32%38%34" dan="16,17,16,16" rate="2155.52,2224.16,2136.54,2169.99" sx="M,M,F,F"/><TAIKYOKU oya="0"/><INIT seed="0,0,0,4,2,113" ten="250,250,250,250" oya="0" hai0="6,79,84,65,119,87,46,112,31,105,76,93,124" hai1="58,127,68,97,130,85,132,98,107,45,134,24,117" hai2="32,88,71,120,129,59,20,83,61,41,5,53,121" hai3="116,101,37,40,56,30,9,114,52,91,1,18,57"/><T27/><D112/><U48/><E68/><V103/><F32/><W86/><G114/><T44/><D105/><U43/><E127/><V62/><F103/><W54/><G30/><T94/><D6/><U106/><E130/><V74/><F41/><W99/><G116/><T72/><D65/><U26/><E85/><V15/><F129/><W102/><G40/><T4/><D4/><U135/><E117/><V75/><F75/><W125/><G37/><T38/><D124/><U89/><E58/><V35/><F35/><W109/><G125/><T82/><D119/><U73/><E73/><V42/><F42/><W108/><G1/><T78/><D72/><U110/><E110/><N who="3" m="42602" /><G9/><T122/><D122/><U111/><E111/><V64/><F74/><W7/><G18/><T23/><D38/><U34/><E34/><V126/><F126/><W70/><G70/><T22/><D82/><U63/><E63/><V51/><F62/><N who="3" m="36103" /><G99/><T90/><REACH who="0" step="1"/><D23/><REACH who="0" ten="240,250,250,250" step="2"/><U19/><E134/><V50/><F121/><W115/><G7/><T104/><D104/><U14/><E107/><V118/><F120/><W67/><G67/><T21/><D21/><N who="1" m="11511" /><E106/><V47/><F118/><W66/><G66/><T8/><D8/><U60/><E135/><V12/><F20/><W13/><G115/><T11/><D11/><U95/><E132/><V10/><F5/><W3/><G3/><T2/><D2/><U55/><E98/><V69/><F10/><W131/><G131/><T0/><D0/><U49/><E97/><V33/><F33/><W92/><G13/><T28/><D28/><U29/><E29/><RYUUKYOKU ba="0,1" sc="240,15,250,-15,250,-15,250,15" hai0="22,27,31,44,46,76,78,79,84,87,90,93,94" hai3="54,57,86,91,92,101,102" /><INIT seed="0,1,1,1,4,58" ten="255,235,235,265" oya="0" hai0="70,23,65,84,82,42,129,43,72,40,104,125,115" hai1="80,51,73,47,10,62,133,117,71,97,7,6,26" hai2="99,123,30,35,100,119,127,9,95,131,11,108,27" hai3="111,31,78,74,130,54,34,93,132,87,53,83,13"/><T118/><D118/><U14/><E117/><V15/><F119/><W59/><G111/><T33/><D33/><U96/><E133/><V92/><F108/><W75/><G132/><T110/><D115/><U1/><E1/><V112/><F112/><W4/><G130/><T63/><D110/><U21/><E7/><V12/><F131/><W25/><G53/><T88/><D129/><U2/><E2/><V56/><F123/><W94/><G4/><T103/><D125/><U124/><E124/><V38/><F38/><W68/><G68/><T81/><D23/><U77/><E71/><V89/><F127/><W22/><G94/><T46/><D46/><U29/><REACH who="1" step="1"/><E62/><REACH who="1" ten="255,225,235,265" step="2"/><V121/><F121/><W39/><G39/><T44/><D44/><U55/><AGARI ba="1,2" hai="6,10,14,21,26,29,47,51,55,73,77,80,96,97" machi="55" ten="20,8000,1" yaku="1,1,2,1,0,1,7,1,53,1" doraHai="58" doraHaiUra="106" who="1" fromWho="1" sc="255,-41,225,103,235,-21,265,-21" /><INIT seed="1,0,0,1,3,11" ten="214,328,214,244" oya="1" hai0="55,107,38,42,96,30,115,59,8,28,87,108,18" hai1="92,25,47,17,119,46,0,88,134,116,53,80,94" hai2="90,127,91,33,62,89,113,13,48,52,105,79,120" hai3="60,21,129,7,29,41,125,65,66,100,86,71,4"/><U5/><E134/><V133/><F120/><W68/><G129/><T70/><D70/><U103/><E0/><V130/><F105/><W10/><G125/><T106/><D115/><U51/><E5/><V39/><F39/><W40/><G100/><T26/><D108/><U43/><E80/><V12/><F33/><W121/><G121/><T76/><D76/><U131/><E131/><V49/><F133/><W57/><G86/><T109/><D87/><U124/><E124/><V50/><F130/><W95/><G95/><T123/><D109/><U14/><E94/><V16/><F127/><W111/><G111/><T93/><D123/><U97/><E25/><V132/><F132/><W6/><G10/><T56/><D56/><U74/><E74/><V83/><F113/><W44/><G65/><T2/><D42/><U104/><E104/><V82/><F79/><W20/><G40/><T114/><D38/><U58/><E103/><V72/><F72/><W61/><G61/><N who="0" m="36095" /><D114/><U78/><E78/><V102/><F102/><W75/><G75/><T35/><D28/><U15/><E46/><V3/><F3/><W118/><G29/><T64/><D64/><U98/><E98/><V126/><F126/><W37/><G118/><T128/><D128/><U99/><E99/><V117/><F117/><W27/><G27/><T36/><D36/><U84/><E97/><V9/><F13/><N who="1" m="4617" /><E119/><V24/><F24/><W81/><G81/><N who="2" m="30729" /><F62/><W32/><G32/><T77/><D77/><U73/><E73/><V19/><F19/><W67/><G71/><T110/><D110/><U1/><E116/><RYUUKYOKU ba="0,0" sc="214,-15,328,-15,214,15,244,15" hai2="9,12,16,48,49,50,52,89,90,91" hai3="4,6,7,20,21,37,41,44,57,60,66,67,68" /><INIT seed="2,1,0,3,5,29" ten="199,313,229,259" oya="2" hai0="97,119,52,69,73,81,7,68,110,126,93,83,45" hai1="11,79,13,82,62,128,49,14,8,103,96,22,114" hai2="28,92,31,63,75,118,67,10,102,89,131,91,41" hai3="112,36,46,37,60,18,27,44,87,42,21,106,99"/><V85/><F75/><W80/><G112/><T120/><D120/><U108/><E114/><V86/><F118/><W107/><G60/><T65/><D119/><U3/><E3/><V50/><F102/><W9/><G99/><T104/><D104/><U0/><E0/><V17/><F131/><W113/><G113/><T30/><D7/><U59/><E108/><V94/><F41/><W64/><G64/><T135/><D110/><U55/><E128/><V33/><F50/><W32/><G9/><T129/><D129/><U130/><E130/><V53/><F33/><W84/><G84/><T124/><D30/><U5/><E22/><V38/><F53/><W43/><REACH who="3" step="1"/><G32/><REACH who="3" ten="199,313,229,249" step="2"/><T24/><D65/><U122/><E62/><V132/><F132/><W71/><G71/><T121/><D135/><U111/><E11/><V117/><F117/><W61/><G61/><T34/><D69/><U48/><E8/><V133/><F133/><W15/><G15/><T127/><D68/><U56/><E14/><N who="2" m="7383" /><F38/><W123/><G123/><T101/><D121/><U90/><E122/><V115/><F115/><W116/><G116/><T40/><D34/><U98/><E13/><V74/><F74/><W77/><AGARI ba="1,1" hai="18,21,27,36,37,42,43,44,46,77,80,87,106,107" machi="77" ten="20,5200,0" yaku="1,1,0,1,7,1,9,1,53,0" doraHai="29" doraHaiUra="4" who="3" fromWho="3" sc="199,-14,313,-14,229,-27,249,65" /><INIT seed="3,0,0,0,2,112" ten="185,299,202,314" oya="3" hai0="19,132,48,50,57,12,36,9,34,100,66,71,35" hai1="104,49,16,117,72,3,74,45,85,41,106,10,37" hai2="97,25,123,96,122,80,129,59,63,78,113,102,119" hai3="118,83,46,47,87,68,27,73,94,8,115,39,89"/><W13/><G115/><T22/><D36/><U90/><E49/><V126/><F113/><W111/><G68/><T134/><D100/><U23/><E117/><V2/><F2/><W0/><G0/><T1/><D71/><U32/><E32/><V127/><F129/><W38/><G118/><T110/><D110/><U64/><E64/><V14/><F14/><W65/><G65/><T108/><D108/><U128/><E128/><V28/><F119/><W67/><G67/><T11/><D50/><U5/><E104/><V4/><F4/><W61/><G61/><T18/><D66/><U101/><E101/><V31/><F59/><W42/><G27/><T116/><D116/><U26/><REACH who="1" step="1"/><E106/><REACH who="1" ten="185,289,202,314" step="2"/><V51/><F102/><W86/><G111/><T77/><D48/><U103/><E103/><V98/><F51/><W54/><G39/><T44/><D34/><U75/><E75/><V20/><F63/><W70/><G54/><T81/><D35/><U43/><E43/><V92/><F122/><W76/><G70/><T56/><D56/><U7/><E7/><V29/><F123/><W109/><G109/><T125/><D57/><U107/><E107/><V121/><F121/><W130/><G130/><T30/><D44/><U60/><E60/><V79/><F126/><W120/><G120/><T62/><D125/><U53/><E53/><V40/><F127/><W58/><G58/><T114/><D62/><U55/><E55/><V84/><F40/><W124/><G124/><T52/><D52/><U15/><E15/><V33/><F33/><W88/><G42/><T99/><D12/><RYUUKYOKU ba="0,1" sc="185,-10,289,30,202,-10,314,-10" hai1="3,5,10,16,23,26,37,41,45,72,74,85,90" /><INIT seed="4,1,1,3,2,5" ten="175,319,192,304" oya="0" hai0="29,32,2,120,101,28,115,102,111,13,79,4,122" hai1="121,67,61,90,112,14,116,24,75,42,69,71,58" hai2="64,56,92,106,76,114,12,54,84,48,86,57,1" hai3="128,41,82,74,45,62,43,33,52,38,10,15,130"/><T44/><D2/><U125/><E75/><V11/><F1/><W20/><G33/><T7/><D79/><U18/><E116/><V47/><F106/><W17/><G43/><T108/><D44/><U110/><E110/><N who="0" m="42025" /><D32/><U60/><E112/><V123/><F123/><N who="0" m="47146" /><D115/><U66/><E125/><V85/><F114/><W119/><G119/><T95/><D95/><U81/><E121/><V103/><F76/><W117/><G117/><T8/><D102/><U96/><E42/><V51/><F103/><W46/><G82/><T100/><D100/><U65/><E81/><V26/><F92/><W73/><G46/><T37/><D101/><U127/><E127/><V87/><F47/><W16/><G73/><T40/><D40/><U118/><E118/><V63/><N who="2" m="21504" /><DORA hai="0" /><V59/><F26/><W53/><G74/><T3/><D37/><U22/><E90/><V109/><F109/><W133/><G133/><T36/><D36/><U49/><E96/><V135/><F135/><W31/><G62/><T97/><D97/><U70/><E49/><N who="2" m="30799" /><F57/><W124/><G124/><T6/><D3/><U105/><E105/><V98/><F98/><W89/><G89/><T91/><D91/><U94/><E58/><V88/><F88/><W27/><G17/><AGARI ba="1,1" hai="4,6,7,8,13,17,28,29" m="47146,42025" machi="17" ten="40,18000,2" yaku="10,1,34,2,52,4" doraHai="5,0" who="0" fromWho="3" sc="175,193,319,0,192,0,304,-183" /><AGARI ba="1,0" hai="11,12,17,48,51,59,63,64" m="30799,21504" machi="17" ten="40,2600,0" yaku="8,1,52,1" doraHai="5,0" who="2" fromWho="3" sc="368,0,319,0,192,26,121,-26" /><INIT seed="4,2,0,3,5,46" ten="368,319,218,95" oya="0" hai0="80,101,3,75,65,10,114,88,1,63,125,49,47" hai1="25,122,107,77,99,43,41,109,72,104,9,84,113" hai2="61,97,55,17,0,21,102,134,13,48,27,94,23" hai3="14,111,87,126,121,105,15,96,5,123,70,116,38"/><T57/><D114/><U26/><E122/><N who="3" m="46602" /><G70/><T69/><D125/><U59/><E109/><V58/><F0/><W29/><G38/><T6/><D101/><U127/><E127/><V118/><F134/><W71/><G71/><T42/><D3/><U110/><E72/><V92/><F118/><W103/><G126/><T16/><D69/><U117/><E104/><V86/><F86/><W54/><G111/><T8/><D75/><U89/><E77/><V31/><F61/><W4/><G116/><T82/><REACH who="0" step="1"/><D88/><REACH who="0" ten="358,319,218,95" step="2"/><U37/><E89/><V39/><F102/><W52/><G87/><T53/><D53/><N who="3" m="20585" /><G29/><T32/><D32/><U74/><E84/><V85/><F85/><W45/><G45/><T28/><D28/><U76/><E117/><V83/><F97/><W90/><G90/><T68/><D68/><U24/><E99/><V112/><F112/><W128/><G128/><T132/><D132/><U51/><E113/><V7/><F31/><W119/><G119/><T73/><D73/><U30/><E74/><V34/><F34/><W11/><G4/><T40/><D40/><U91/><E41/><V78/><F7/><W19/><G5/><T108/><D108/><U20/><E43/><V95/><F17/><W66/><G66/><T35/><D35/><U130/><E30/><V79/><F79/><W131/><G131/><T60/><D60/><U12/><E130/><V64/><F78/><W93/><G105/><T133/><D133/><U56/><E107/><V106/><F64/><W115/><G115/><T124/><D124/><U62/><E110/><V98/><F106/><RYUUKYOKU ba="2,1" sc="358,15,319,-15,218,-15,95,15" hai0="1,6,8,10,16,42,47,49,57,63,65,80,82" hai3="11,14,15,19,93,96,103" /><INIT seed="4,3,1,3,3,102" ten="373,304,203,110" oya="0" hai0="20,84,79,123,111,100,28,65,26,101,35,71,51" hai1="105,90,47,129,98,13,115,80,72,134,92,70,8" hai2="32,77,41,10,7,56,50,29,31,60,33,17,114" hai3="118,16,109,40,15,58,69,3,128,95,104,34,45"/><T125/><D123/><U78/><E70/><V54/><F77/><W5/><G109/><T59/><D111/><U106/><E129/><V19/><F114/><W25/><G118/><T116/><D116/><U91/><E115/><V110/><F110/><W2/><G69/><T18/><D125/><U66/><E66/><V119/><F119/><W9/><G128/><T89/><D79/><U83/><E134/><V27/><F41/><W117/><G117/><T121/><D121/><U21/><E21/><V42/><F42/><W122/><G122/><T126/><D126/><U38/><E38/><V96/><F96/><W135/><G135/><T124/><D71/><U68/><E68/><V30/><F60/><W88/><G58/><T87/><D124/><U14/><E47/><V11/><F11/><W99/><G104/><T43/><D43/><U108/><E108/><V120/><F120/><W55/><G55/><N who="0" m="32255" /><D65/><U76/><E91/><V12/><F31/><W0/><G34/><T63/><D63/><U36/><E36/><V131/><F131/><W94/><G94/><N who="0" m="54567" /><D87/><U74/><E14/><AGARI ba="3,1" hai="14,18,20,26,28,35,100,101" m="54567,32255" machi="14" ten="30,1500,0" yaku="25,1" doraHai="102" who="0" fromWho="1" sc="373,34,304,-24,203,0,110,0" /><INIT seed="4,4,0,3,3,114" ten="407,280,203,110" oya="0" hai0="61,105,70,73,63,133,10,90,110,44,8,1,129" hai1="88,29,112,56,60,96,82,91,55,67,49,122,95" hai2="66,80,17,104,132,94,108,77,135,41,107,113,57" hai3="34,116,115,69,125,23,124,13,89,83,76,9,86"/><T43/><D105/><U58/><E112/><V84/><F108/><W134/><G34/><T42/><D110/><U31/><E122/><V53/><F41/><W40/><G69/><T117/><D73/><U81/><REACH who="1" step="1"/><E91/><REACH who="1" ten="407,270,203,110" step="2"/><V71/><F113/><W35/><G115/><T100/><D90/><U38/><E38/><V24/><F132/><W45/><G134/><T3/><D133/><U103/><E103/><V126/><F135/><W20/><G89/><T97/><D100/><U131/><E131/><V68/><F126/><W102/><G102/><T75/><D129/><U14/><E14/><V123/><F123/><W39/><G124/><T21/><D3/><U118/><E118/><V15/><F15/><W54/><G125/><T50/><D117/><U99/><E99/><V28/><F24/><W101/><G101/><T59/><D97/><U6/><E6/><V72/><F104/><W37/><G37/><T47/><D1/><U127/><E127/><V18/><F107/><W93/><G116/><T0/><D0/><U111/><E111/><V92/><F77/><W36/><G36/><T85/><D75/><U87/><E87/><V128/><F72/><W64/><G86/><T4/><D85/><U30/><AGARI ba="4,1" hai="29,30,31,49,55,56,58,60,67,81,82,88,95,96" machi="30" ten="30,8000,1" yaku="1,1,0,1,8,1,54,1,53,1" doraHai="114" doraHaiUra="62" who="1" fromWho="1" sc="407,-44,270,102,203,-24,110,-24" /><INIT seed="5,0,0,3,3,5" ten="363,372,179,86" oya="1" hai0="92,80,31,59,111,36,101,86,85,9,11,74,110" hai1="72,14,0,41,125,33,70,83,102,98,44,96,38" hai2="51,17,55,132,75,71,87,84,126,1,42,6,3" hai3="30,73,91,113,8,82,19,57,27,76,47,77,124"/><U63/><E125/><V99/><F75/><W109/><G109/><T20/><D36/><U127/><E127/><V90/><F126/><W103/><G124/><T35/><D35/><U117/><E117/><V133/><F71/><W13/><G113/><T120/><D74/><U37/><E14/><V118/><F118/><W100/><G76/><T79/><D111/><U78/><E96/><V68/><F68/><W39/><G57/><T129/><D110/><U2/><E33/><V48/><F42/><W114/><G114/><T4/><D4/><U88/><E88/><V25/><F99/><W10/><G91/><N who="0" m="53367" /><D101/><U45/><E45/><V81/><F87/><W40/><REACH who="3" step="1"/><G10/><REACH who="3" ten="363,372,179,76" step="2"/><N who="0" m="3595" /><D129/><U89/><E89/><V121/><F90/><W53/><G53/><T65/><D120/><U128/><E128/><V26/><F55/><W60/><G60/><N who="0" m="38047" /><D20/><AGARI ba="0,1" hai="8,13,19,20,27,30,39,40,47,73,77,82,100,103" machi="20" ten="30,7700,0" yaku="1,1,7,1,52,1,53,1" doraHai="5" doraHaiUra="69" who="3" fromWho="0" sc="363,-77,372,0,179,0,76,87" /><INIT seed="6,0,0,1,4,94" ten="286,372,179,163" oya="2" hai0="96,131,123,89,92,18,71,99,45,102,21,22,42" hai1="66,91,43,112,32,68,63,25,34,87,33,62,56" hai2="36,30,75,31,51,40,77,55,120,39,72,10,6" hai3="9,129,73,134,84,95,79,0,8,105,86,107,93"/><V14/><F120/><W58/><G0/><T17/><D123/><U38/><E112/><V85/><F55/><W54/><G58/><T126/><D71/><U19/><E43/><V46/><F31/><W23/><G54/><T57/><D131/><U64/><E38/><N who="2" m="14379" /><F30/><W130/><G23/><T41/><D126/><U117/><E117/><V20/><F20/><W26/><G26/><T132/><D132/><U44/><E44/><V100/><F100/><W3/><G3/><T106/><D57/><U82/><REACH who="1" step="1"/><E19/><REACH who="1" ten="286,362,179,163" step="2"/><V101/><F101/><W109/><G134/><T116/><D116/><U115/><E115/><V103/><F103/><W76/><REACH who="3" step="1"/><G73/><REACH who="3" ten="286,362,179,153" step="2"/><T16/><REACH who="0" step="1"/><D42/><REACH who="0" ten="276,362,179,153" step="2"/><U127/><E127/><V111/><F111/><AGARI ba="0,3" hai="8,9,76,79,84,86,93,95,105,107,109,111,129,130" machi="111" ten="25,12000,2" yaku="1,1,2,1,22,2,53,2" doraHai="94" doraHaiUra="124" who="3" fromWho="2" sc="276,0,362,0,179,-120,153,150" /><INIT seed="7,0,0,5,1,91" ten="276,362,59,303" oya="3" hai0="69,47,8,121,60,14,120,48,106,66,64,96,19" hai1="35,100,105,85,112,113,70,4,73,94,99,28,95" hai2="22,127,75,38,116,86,56,82,1,132,27,88,16" hai3="72,93,134,65,58,5,115,101,71,31,102,62,61"/><W87/><G72/><T68/><D66/><U6/><E73/><V24/><F116/><W117/><G117/><T55/><D69/><U83/><E70/><V46/><F132/><W50/><G5/><N who="1" m="2154" /><E28/><V63/><F1/><W108/><G31/><T77/><D77/><N who="1" m="46319" /><E35/><V122/><F122/><W80/><G115/><AGARI ba="0,0" hai="94,95,99,100,105,112,113,115" m="46319,2154" machi="115" ten="30,3900,0" yaku="15,1,52,2" doraHai="91" who="1" fromWho="3" sc="276,0,362,39,59,0,303,-39" owari="276,8.0,401,50.0,59,-44.0,264,-14.0" /></mjloggm>