<mjloggm ver="2.3"><GO type="169" lobby="0"/><UN n0="%E3%82%82%E3%82%84%E3%81%97%E3%82%82%E3%82%93" n1="%6F%6E%65%73%74%61%72" n2="%E3%82%B8%E3%83%A3%E3%82%B9%E3%82%BF%E3%82%A6%E3%82%A7%E3%82%A4" n3="%E3%82%A6%E3%83%AB%E3%83%88%E3%83%A9%E7%AB%8B%E7%9B%B4" dan="16,17,17,17" rate="2180.17,2200.84,2171.42,2120.63" sx="F,M,M,M"/><TAIKYOKU oya="0"/><INIT seed="0,0,0,5,2,105" ten="250,250,250,250" oya="0" hai0="108,2,87,109,78,85,33,135,22,69,73,114,27" hai1="45,99,59,104,49,51,126,44,96,34,23,122,1" hai2="7,129,89,94,50,63,25,107,86,9,100,13,41" hai3="111,3,47,115,57,17,61,95,130,24,54,19,101"/><T118/><D114/><U83/><E34/><V67/><F129/><W120/><G115/><T38/><D118/><U124/><E1/><V66/><F107/><W70/><G3/><T18/><D135/><U64/><E122/><V75/><F100/><W6/><G70/><T30/><D2/><U28/><E83/><V21/><F75/><W110/><G6/><T58/><D69/><U79/><E79/><V97/><F86/><W12/><G130/><T40/><D58/><U31/><E104/><V113/><F113/><W106/><G106/><T88/><D38/><U11/><E23/><V112/><F112/><W84/><G120/><T92/><D40/><U26/><E59/><V103/><F89/><W91/><G101/><T32/><D85/><U43/><E64/><V20/><F20/><W134/><G134/><T132/><D132/><U39/><E39/><V29/><REACH who="2" step="1"/><F63/><REACH who="2" ten="250,250,240,250" step="2"/><W56/><G61/><T37/><D37/><U127/><E124/><V123/><F123/><W0/><G84/><T14/><REACH who="0" step="1"/><D33/><REACH who="0" ten="240,250,240,250" step="2"/><U116/><E116/><V46/><AGARI ba="0,2" hai="7,9,13,21,25,29,41,46,50,66,67,94,97,103" machi="46" ten="30,4000,0" yaku="1,1,0,1,8,1,53,0" doraHai="105" doraHaiUra="65" who="2" fromWho="2" sc="240,-20,250,-10,240,60,250,-10" /><INIT seed="1,0,0,4,0,55" ten="220,240,300,240" oya="1" hai0="71,32,76,100,122,33,123,52,84,68,72,103,25" hai1="92,64,31,108,23,90,128,110,87,113,16,42,120" hai2="114,9,0,89,132,112,53,81,8,116,86,19,75" hai3="82,37,107,12,79,58,18,35,78,45,96,5,60"/><U62/><E113/><N who="2" m="43627" /><F116/><W3/><G35/><N who="0" m="13387" /><D72/><U44/><E128/><V22/><F132/><W57/><G3/><T124/><D25/><U24/><E120/><N who="0" m="46121" /><D124/><U26/><E31/><V94/><F0/><W56/><G5/><T48/><D76/><N who="3" m="29225" /><G37/><T29/><D29/><U77/><E77/><N who="2" m="44223" /><F53/><N who="3" m="33807" /><G107/><T129/><D84/><U93/><E93/><V119/><F119/><W91/><G45/><N who="0" m="27663" /><D129/><U66/><E26/><AGARI ba="0,0" hai="8,9,19,22,26,86,89,94" m="44223,43627" machi="26" ten="30,1000,0" yaku="11,1" doraHai="55" who="2" fromWho="1" sc="220,0,240,-10,300,10,240,0" /><INIT seed="2,0,0,0,1,37" ten="220,230,310,240" oya="2" hai0="75,23,90,17,15,108,10,50,110,91,2,132,3" hai1="66,80,126,68,69,56,38,94,1,123,135,29,128" hai2="31,25,65,59,96,53,60,99,107,129,102,19,104" hai3="54,67,34,58,6,20,87,14,47,52,9,46,0"/><V11/><F129/><W79/><G34/><T61/><D132/><U93/><E1/><N who="0" m="9" /><D75/><U74/><E38/><V103/><F11/><W7/><G0/><T92/><D61/><U49/><E29/><V109/><F109/><N who="0" m="42090" /><D50/><U55/><E69/><V22/><REACH who="2" step="1"/><F31/><REACH who="2" ten="220,230,300,240" step="2"/><W32/><G9/><T134/><D134/><U78/><E135/><V127/><F127/><W118/><G118/><T86/><D10/><U121/><E126/><V101/><F101/><W42/><G7/><T26/><D91/><U28/><E128/><V24/><F24/><AGARI ba="0,1" hai="15,17,23,24,26,86,90,92" m="42090,9" machi="24" ten="30,1000,0" yaku="14,1" doraHai="37" who="0" fromWho="2" sc="220,20,230,0,300,-10,240,0" /><INIT seed="3,0,0,5,4,43" ten="240,230,290,240" oya="3" hai0="135,63,99,91,90,9,88,73,82,49,72,14,42" hai1="5,41,76,112,69,12,52,67,39,133,100,92,77" hai2="93,10,1,74,110,96,79,65,19,28,108,35,11" hai3="25,131,111,127,109,32,44,22,78,61,71,56,54"/><W118/><G32/><T119/><D135/><U129/><E112/><V17/><F65/><W8/><G71/><T130/><D119/><U115/><E115/><V2/><F79/><W75/><G118/><T83/><D130/><U125/><E125/><V120/><F74/><W51/><G8/><N who="2" m="3113" /><F93/><W80/><G127/><T6/><D99/><U30/><E67/><V59/><F59/><W24/><G131/><T37/><D37/><U40/><E92/><V106/><F96/><W117/><G117/><T94/><D94/><U4/><E100/><V47/><F47/><W34/><G34/><T123/><D123/><U87/><E87/><V38/><F38/><W124/><G124/><T114/><D114/><U105/><E105/><V0/><F106/><W70/><G70/><T116/><D116/><U103/><E103/><V3/><F3/><W16/><REACH who="3" step="1"/><G24/><REACH who="3" ten="240,230,290,230" step="2"/><T98/><D98/><U45/><E69/><V113/><F113/><W13/><G13/><T128/><D128/><U122/><E12/><V68/><F68/><W27/><G27/><T62/><D73/><U84/><E129/><V85/><F120/><W53/><AGARI ba="0,1" hai="16,22,25,44,51,53,54,56,61,75,78,80,109,111" machi="53" ten="30,11700,0" yaku="1,1,0,1,52,1,54,1,53,0" doraHai="43" doraHaiUra="95" who="3" fromWho="3" sc="240,-39,230,-39,290,-39,230,127" /><INIT seed="3,1,0,3,5,8" ten="201,191,251,357" oya="3" hai0="84,26,62,73,87,17,67,21,0,64,93,118,2" hai1="81,45,109,13,65,134,60,37,111,112,12,71,89" hai2="100,110,107,48,83,30,46,125,130,51,25,40,94" hai3="79,11,15,123,124,66,103,78,4,50,29,97,42"/><W27/><G124/><T120/><D118/><U98/><E134/><V88/><F110/><N who="1" m="41993" /><E112/><V106/><F125/><W116/><G123/><T22/><D120/><U32/><E32/><V133/><F130/><W102/><G66/><T63/><D73/><U80/><E98/><V1/><F1/><W92/><G103/><T20/><D93/><U3/><E3/><N who="0" m="1065" /><D17/><U132/><E132/><V77/><F133/><W126/><G126/><T5/><D5/><U122/><E122/><V68/><F48/><W61/><G61/><N who="0" m="23051" /><D26/><U108/><N who="1" m="42001" /><U10/><DORA hai="115" /><E10/><V117/><F117/><W19/><G116/><T34/><D34/><U58/><E71/><V82/><F68/><W33/><REACH who="3" step="1"/><G4/><REACH who="3" ten="201,191,251,347" step="2"/><T6/><D6/><U114/><E114/><V28/><F100/><W104/><G104/><T44/><D67/><U31/><E65/><V74/><F107/><W90/><G90/><T128/><D64/><U54/><E89/><V47/><F106/><W36/><G36/><T129/><D129/><U69/><E69/><V57/><F88/><W119/><G119/><T39/><D128/><U131/><E131/><V52/><F51/><W72/><G72/><T38/><D38/><U35/><E37/><V41/><F74/><W18/><G18/><T43/><D39/><U7/><E7/><V16/><F16/><W105/><G105/><T101/><D101/><U121/><E121/><V96/><F30/><W9/><G9/><T70/><D70/><U86/><E31/><V59/><F28/><W76/><G76/><T56/><D84/><U49/><E86/><V113/><F113/><RYUUKYOKU ba="1,1" sc="201,-10,191,-10,251,-10,347,30" hai3="11,15,19,27,29,33,42,50,78,79,92,97,102" /><INIT seed="3,2,1,1,4,26" ten="191,181,241,377" oya="3" hai0="101,103,84,57,48,49,128,52,70,8,102,21,7" hai1="127,83,32,3,95,40,80,74,41,11,44,66,45" hai2="88,34,42,16,106,100,110,97,2,64,39,91,72" hai3="35,133,119,63,0,75,55,10,121,92,38,29,123"/><W69/><G92/><T130/><D70/><U132/><E66/><V46/><F110/><W47/><G55/><T87/><D21/><U15/><E32/><V86/><F72/><W105/><G63/><T31/><D49/><U22/><E132/><V19/><F2/><W6/><G47/><N who="1" m="17994" /><E3/><V82/><F34/><W54/><G54/><T30/><D87/><U117/><E74/><V98/><REACH who="2" step="1"/><F64/><REACH who="2" ten="191,181,231,377" step="2"/><W36/><G35/><T58/><D58/><U129/><E117/><V50/><F50/><W120/><G0/><N who="0" m="103" /><D84/><U126/><E127/><V1/><F1/><W28/><G121/><T116/><D116/><U124/><E126/><V108/><F108/><W24/><G123/><T56/><D56/><U111/><E124/><V109/><F109/><W13/><G120/><T122/><D122/><U134/><E111/><V113/><F113/><W73/><G119/><T71/><D71/><U107/><E40/><V112/><F112/><W17/><G73/><T65/><D65/><U51/><E51/><V135/><F135/><W4/><G75/><T85/><D85/><U68/><E134/><V90/><F90/><W81/><G133/><T12/><D128/><U23/><E129/><V59/><F59/><W99/><G69/><T53/><D130/><U114/><E68/><V14/><F14/><W61/><G13/><T9/><D53/><U33/><E41/><V20/><F20/><W27/><G38/><T89/><D89/><U104/><E114/><V125/><F125/><W93/><G36/><T37/><D37/><U96/><E22/><V94/><AGARI ba="2,2" hai="16,19,39,42,46,82,86,88,91,94,97,98,100,106" machi="94" ten="30,7900,0" yaku="1,1,0,1,54,2,53,0" doraHai="26" doraHaiUra="115" who="2" fromWho="2" sc="191,-22,181,-22,231,105,377,-41" /><INIT seed="4,0,0,0,1,82" ten="169,159,336,336" oya="0" hai0="31,79,58,91,56,85,21,104,23,81,35,62,75" hai1="42,110,99,52,24,109,97,39,86,55,134,107,122" hai2="120,49,131,132,30,76,69,126,129,70,72,60,4" hai3="88,130,11,13,2,18,124,7,101,102,22,40,28"/><T87/><D104/><U27/><E122/><V68/><F120/><W121/><G124/><T37/><D37/><U93/><E107/><V44/><F4/><W46/><G130/><N who="2" m="49673" /><F30/><W106/><G106/><T6/><D6/><U111/><E134/><V0/><F0/><W135/><G135/><T41/><D41/><U80/><E39/><V71/><F132/><W114/><G114/><T127/><D127/><U89/><E42/><N who="2" m="24727" /><F76/><W9/><G28/><T78/><D75/><U34/><E99/><V100/><F100/><W94/><G22/><N who="0" m="8203" /><D35/><U10/><E10/><V17/><F72/><W95/><G121/><T43/><D31/><U5/><E5/><V12/><F126/><W123/><G123/><T50/><D78/><U1/><E1/><V36/><F36/><W51/><REACH who="3" step="1"/><G94/><REACH who="3" ten="169,159,336,326" step="2"/><N who="0" m="54639" /><D62/><U96/><E34/><V3/><F60/><W32/><G32/><T45/><AGARI ba="0,1" hai="43,45,50,56,58,79,81,87" m="54639,8203" machi="45" ten="30,6000,0" yaku="8,1,52,2" doraHai="82" who="0" fromWho="0" sc="169,70,159,-20,336,-20,326,-20" /><INIT seed="4,1,0,2,3,89" ten="239,139,316,306" oya="0" hai0="84,106,8,108,81,74,60,133,79,14,6,18,78" hai1="63,19,9,1,77,0,130,102,75,103,82,29,51" hai2="107,98,125,123,4,44,105,110,57,113,50,43,126" hai3="23,86,17,55,90,120,21,100,127,56,37,34,124"/><T24/><D133/><U65/><E130/><V35/><F110/><W31/><G37/><T88/><D108/><U22/><E29/><V47/><F35/><W129/><G100/><T96/><D74/><U39/><E39/><V36/><F123/><W53/><G129/><T109/><D109/><U12/><E51/><V40/><F113/><W16/><G34/><T114/><D114/><U115/><E115/><V91/><F4/><W122/><G31/><T66/><D106/><U117/><E117/><V87/><F57/><W48/><G21/><N who="0" m="13367" /><D96/><U10/><E10/><V20/><F20/><W112/><G55/><T94/><D81/><U41/><E41/><V121/><F121/><N who="3" m="46699" /><G112/><T58/><AGARI ba="1,0" hai="6,8,14,58,60,66,78,79,84,88,94" m="13367" machi="58" ten="30,6000,0" yaku="8,1,52,1,54,1" doraHai="89" who="0" fromWho="0" sc="239,63,139,-21,316,-21,306,-21" /><INIT seed="4,2,0,4,0,74" ten="302,118,295,285" oya="0" hai0="64,99,30,119,16,11,131,100,127,35,20,19,69" hai1="42,55,0,4,111,18,39,130,60,54,76,38,101" hai2="51,32,82,122,61,9,26,63,113,50,44,90,97" hai3="107,6,13,21,28,108,102,92,24,128,77,103,135"/><T17/><D119/><U27/><E111/><V85/><F122/><W83/><G108/><T67/><D127/><U94/><E130/><V115/><F9/><N who="3" m="4279" /><G107/><T87/><D131/><U62/><E4/><V123/><F123/><W105/><G105/><T22/><D11/><U125/><E0/><V75/><F75/><W15/><G135/><T3/><D3/><U1/><E1/><V14/><F14/><W41/><G128/><T52/><D69/><U73/><E73/><V48/><F97/><N who="3" m="59687" /><G41/><T89/><D35/><U33/><E42/><V12/><F12/><W81/><G103/><T45/><D30/><U121/><E101/><V126/><F44/><W118/><G118/><T84/><D99/><U43/><E43/><V88/><F126/><W40/><G40/><T93/><D100/><U53/><E38/><V65/><F90/><W8/><G77/><T29/><D87/><U31/><E39/><V36/><F36/><W5/><AGARI ba="2,0" hai="5,8,15,21,24,28,81,83" m="59687,4279" machi="5" ten="30,1100,0" yaku="8,1" doraHai="74" who="3" fromWho="3" sc="302,-7,118,-5,295,-5,285,17" /><INIT seed="5,0,0,3,3,55" ten="295,113,290,302" oya="1" hai0="75,29,79,52,68,118,11,107,132,112,126,121,45" hai1="110,40,106,38,64,84,9,63,69,70,22,19,43" hai2="8,101,36,17,72,35,18,119,120,73,58,1,30" hai3="125,105,7,80,0,100,56,3,131,14,122,115,65"/><U23/><E106/><V20/><F36/><W28/><G28/><T37/><RYUUKYOKU type="yao9" ba="0,0" sc="295,0,113,0,290,0,302,0" hai0="11,29,37,45,52,68,75,79,107,112,118,121,126,132" /><INIT seed="5,1,0,1,3,85" ten="295,113,290,302" oya="1" hai0="45,40,70,17,32,86,25,75,0,104,46,89,43" hai1="63,10,100,27,15,47,65,41,14,31,26,125,105" hai2="113,36,107,77,55,76,33,111,118,135,110,133,129" hai3="74,60,42,132,22,9,54,23,116,87,106,48,13"/><U64/><E125/><V57/><F33/><W21/><G74/><T19/><D75/><U88/><E65/><V84/><F107/><W124/><G106/><T11/><D104/><U120/><E120/><V66/><F36/><W58/><G124/><T30/><D70/><U2/><E2/><V50/><F118/><W37/><G132/><N who="2" m="50761" /><F129/><W59/><G116/><T108/><D108/><N who="2" m="41514" /><F113/><W127/><G37/><T28/><D0/><U18/><E15/><V102/><F102/><W131/><G131/><T134/><D134/><U53/><E53/><V39/><F39/><W98/><G98/><T123/><D11/><U51/><E31/><V81/><F66/><W103/><G103/><T20/><D123/><U71/><REACH who="1" step="1"/><E88/><AGARI ba="1,0" hai="50,55,57,76,77,81,84,88" m="41514,50761" machi="88" ten="30,3900,0" yaku="20,1,52,1,54,1" doraHai="85" who="2" fromWho="1" sc="295,0,113,-42,290,42,302,0" /><INIT seed="6,0,0,5,5,22" ten="295,71,332,302" oya="2" hai0="92,119,103,49,26,124,63,85,31,106,65,105,66" hai1="102,131,135,20,45,62,67,33,129,113,99,76,32" hai2="8,53,11,97,43,9,13,80,109,4,27,18,44" hai3="15,101,88,21,59,112,81,54,116,95,0,89,61"/><V38/><F109/><W70/><G0/><T14/><D124/><U42/><E76/><V46/><F97/><N who="3" m="59583" /><G70/><T23/><D119/><U3/><E135/><V82/><F9/><W94/><G116/><T121/><D121/><U86/><E86/><V24/><F80/><W35/><G35/><T50/><D66/><U40/><E20/><V83/><F83/><W128/><G128/><T34/><D34/><U114/><E3/><V77/><F46/><W118/><G118/><T68/><D14/><U17/><E17/><V48/><F53/><W57/><G112/><N who="1" m="43114" /><E32/><V29/><F29/><W10/><G81/><T75/><D75/><U117/><E33/><V71/><F71/><W41/><G41/><N who="1" m="15978" /><E99/><V51/><F51/><N who="3" m="30943" /><G94/><T74/><D74/><U107/><E102/><V110/><F110/><W111/><G111/><T100/><D105/><U5/><E107/><V122/><F122/><W25/><G15/><T98/><D100/><U39/><E117/><V84/><F38/><W55/><G10/><T93/><D106/><U79/><E79/><V58/><F58/><W36/><G36/><T96/><D85/><U6/><E45/><V87/><F84/><W64/><G55/><T19/><D31/><AGARI ba="0,0" hai="21,25,31,59,61,64,88,89" m="30943,59583" machi="31" ten="30,7700,0" yaku="25,1,8,1,52,1,54,1" doraHai="22" who="3" fromWho="0" sc="295,-77,71,0,332,0,302,77" /><INIT seed="7,0,0,2,0,24" ten="218,71,332,379" oya="3" hai0="96,41,84,121,113,21,12,99,43,9,44,27,0" hai1="87,39,66,23,115,33,102,108,42,109,8,36,130" hai2="17,116,82,32,81,2,59,51,46,132,98,63,110" hai3="55,104,74,91,10,77,5,48,30,22,56,26,85"/><W75/><G104/><T67/><D121/><U52/><E33/><V16/><F2/><W124/><G77/><T126/><D84/><U97/><E23/><V78/><F110/><W135/><G124/><T4/><D67/><U38/><E87/><V100/><F132/><W123/><G135/><T80/><D80/><U94/><E130/><V68/><F68/><W50/><G50/><N who="0" m="26895" /><D0/><U76/><E76/><V131/><F116/><W83/><G123/><T53/><D43/><U90/><E66/><V79/><F131/><W101/><G101/><T125/><D113/><U64/><E64/><V105/><F32/><W134/><G134/><T112/><D112/><U73/><E42/><V7/><F7/><W29/><G29/><N who="0" m="17647" /><D53/><U58/><E73/><V70/><F70/><W11/><G11/><T120/><D120/><U34/><E34/><V128/><F128/><W54/><G54/><T133/><D133/><U89/><E8/><V88/><F81/><W57/><G57/><T37/><D37/><U13/><E13/><AGARI ba="0,0" hai="5,10,13,22,26,30,48,55,56,74,75,83,85,91" machi="13" ten="30,2900,0" yaku="7,1,52,1" doraHai="24" who="3" fromWho="1" sc="218,0,71,-29,332,0,379,29" owari="218,-18.0,42,-46.0,332,13.0,408,51.0" /></mjloggm>