<mjloggm ver="2.3"><GO type="169" lobby="0"/><UN n0="%E3%82%A6%E3%83%AB%E3%83%88%E3%83%A9%E7%AB%8B%E7%9B%B4" n1="%E3%83%8D%E3%83%BC%E3%83%A0%E3%83%AC%E3%82%B9%EF%BC%97" n2="%62%75%2D%62%75%2D" n3="%E9%AC%BC%E5%8F%A3%E3%81%BE%E3%81%93%E3%81%A8" dan="17,18,16,16" rate="2179.54,2170.26,2051.57,2130.11" sx="M,M,M,M"/><TAIKYOKU oya="0"/><INIT seed="0,0,0,2,3,22" ten="250,250,250,250" oya="0" hai0="135,122,92,47,65,113,52,131,45,56,27,42,82" hai1="133,59,87,18,55,62,130,41,84,98,66,81,24" hai2="83,5,10,6,80,38,44,79,76,19,64,115,34" hai3="89,37,11,33,29,12,0,96,68,110,103,93,114"/><T117/><D122/><U57/><E133/><V17/><F115/><W23/><G37/><T30/><D113/><U53/><E130/><V58/><F34/><W51/><G68/><T9/><D117/><U108/><E108/><V127/><F127/><W70/><G70/><T49/><D131/><U15/><E41/><V40/><F64/><W16/><G114/><T1/><D135/><U71/><E98/><V105/><F58/><W36/><G36/><T90/><D82/><U13/><E71/><V72/><F5/><W63/><G63/><T7/><D65/><U112/><E112/><V75/><F105/><W88/><G110/><T73/><D73/><U78/><E66/><V106/><REACH who="2" step="1"/><F106/><REACH who="2" ten="250,250,240,250" step="2"/><W121/><G121/><T126/><D126/><U35/><E35/><V97/><F97/><W95/><G33/><T111/><D111/><U28/><E59/><V67/><F67/><W32/><G32/><T74/><D47/><U132/><E57/><V101/><F101/><W31/><G103/><T118/><D118/><U69/><E132/><V3/><AGARI ba="0,1" hai="3,6,10,17,19,38,40,44,72,75,76,79,80,83" machi="3" ten="20,12000,2" yaku="1,1,0,1,7,1,9,1,25,2,53,0" doraHai="22" doraHaiUra="129" who="2" fromWho="2" sc="250,-60,250,-30,240,130,250,-30" /><INIT seed="1,0,0,2,2,78" ten="190,220,370,220" oya="1" hai0="48,45,98,112,108,97,110,73,35,32,39,36,23" hai1="40,3,60,123,71,109,107,95,119,77,4,129,68" hai2="99,120,103,126,96,117,26,37,5,118,33,72,43" hai3="81,66,11,65,130,46,94,29,74,16,111,87,88"/><U106/><E119/><V84/><F72/><W7/><G29/><T18/><D73/><U102/><E123/><V9/><F120/><W82/><G111/><N who="0" m="42539" /><D112/><U91/><E109/><V69/><F126/><W89/><G130/><T15/><D97/><U133/><E129/><V10/><F69/><W59/><G74/><T44/><D98/><U128/><E128/><V104/><F99/><W42/><G59/><T131/><D131/><U62/><E133/><V14/><F9/><W56/><G56/><T135/><D135/><U51/><E77/><V134/><F134/><W115/><G115/><T34/><D45/><U22/><E102/><V114/><F114/><W64/><G89/><T83/><D83/><U1/><E4/><V100/><F84/><W52/><G42/><AGARI ba="0,0" hai="15,18,23,32,34,35,36,39,42,44,48" m="42539" machi="42" ten="40,1300,0" yaku="14,1" doraHai="78" who="0" fromWho="3" sc="190,13,220,0,370,0,220,-13" /><INIT seed="2,0,0,1,2,93" ten="203,220,370,207" oya="2" hai0="30,62,111,105,44,67,56,124,46,32,78,81,18" hai1="70,49,75,25,103,14,110,135,29,129,50,88,79" hai2="98,116,22,109,125,89,65,12,0,5,17,72,54" hai3="13,8,60,43,97,28,27,34,19,92,58,90,133"/><V134/><F72/><W119/><G43/><T3/><D124/><U87/><E70/><V118/><F125/><W76/><G76/><T130/><D130/><U21/><E129/><V101/><F134/><W84/><G133/><T127/><D127/><U108/><E135/><V94/><F65/><W37/><G37/><T4/><D111/><N who="1" m="42539" /><E103/><V16/><F109/><W126/><G126/><T123/><D123/><U61/><E61/><V120/><F120/><W15/><G15/><T91/><D105/><U71/><E71/><V39/><F39/><W38/><G38/><T114/><D114/><U122/><E122/><V82/><F5/><W113/><G113/><T24/><D91/><U2/><E2/><V96/><F0/><W115/><G115/><T35/><D35/><U45/><E14/><V41/><F41/><W102/><G119/><T85/><REACH who="0" step="1"/><D18/><REACH who="0" ten="193,220,370,207" step="2"/><U26/><E79/><V9/><F17/><W51/><G51/><T48/><D48/><U68/><E50/><V80/><F118/><W57/><REACH who="3" step="1"/><G60/><REACH who="3" ten="193,220,370,197" step="2"/><T107/><D107/><AGARI ba="0,2" hai="8,13,19,27,28,34,57,58,84,90,92,97,102,107" machi="107" ten="30,7700,0" yaku="1,1,2,1,7,1,52,1,53,0" doraHai="93" doraHaiUra="73" who="3" fromWho="0" sc="193,-77,220,0,370,0,197,97" /><INIT seed="3,0,0,0,2,120" ten="116,220,370,294" oya="3" hai0="19,16,78,40,94,83,51,72,26,105,47,25,122" hai1="9,90,75,108,2,10,98,48,64,22,112,79,23" hai2="43,50,57,84,58,100,4,92,71,3,85,130,70" hai3="87,15,124,111,93,27,77,95,115,29,6,42,54"/><W36/><G115/><T133/><D122/><U39/><E112/><V31/><F31/><W73/><G73/><T99/><D105/><U91/><E39/><V114/><F130/><W127/><G54/><T65/><D65/><U131/><E131/><V0/><F114/><W28/><G42/><T102/><D133/><U32/><E32/><V116/><F92/><N who="3" m="35403" /><G36/><T37/><REACH who="0" step="1"/><D37/><REACH who="0" ten="106,220,370,294" step="2"/><U62/><E98/><V7/><F116/><W76/><G127/><T126/><D126/><U5/><E64/><V107/><F107/><W46/><G124/><T118/><D118/><U24/><E2/><V14/><F100/><W41/><G41/><T11/><D11/><U134/><E9/><V121/><F43/><W104/><G104/><T21/><D21/><U30/><E10/><V61/><F121/><W96/><G96/><T18/><AGARI ba="0,1" hai="16,18,19,25,26,40,47,51,72,78,83,94,99,102" machi="18" ten="30,4000,0" yaku="1,1,0,1,54,1,53,0" doraHai="120" doraHaiUra="52" who="0" fromWho="0" sc="106,50,220,-10,370,-10,294,-20" /><INIT seed="4,0,0,3,3,134" ten="156,210,360,274" oya="0" hai0="74,42,3,135,91,122,20,10,59,123,109,95,1" hai1="19,38,80,113,85,30,62,40,100,60,117,25,4" hai2="115,111,56,58,128,83,6,130,36,28,126,103,119" hai3="12,86,77,66,64,32,104,43,68,120,98,105,81"/><T47/><D135/><U61/><E117/><V106/><F6/><W69/><G43/><T118/><D118/><U90/><E113/><V31/><F83/><W45/><G45/><T22/><D74/><U92/><E4/><V23/><F103/><W114/><G12/><T65/><D109/><U57/><E38/><V87/><F87/><W27/><G114/><T97/><D10/><U16/><E40/><V21/><F119/><W94/><G68/><T131/><D131/><U52/><E100/><V33/><F106/><W15/><G15/><T73/><D73/><U63/><REACH who="1" step="1"/><E80/><REACH who="1" ten="156,200,360,274" step="2"/><V125/><F115/><W14/><G81/><T26/><D122/><U84/><E84/><V96/><F96/><W53/><G86/><T72/><D123/><U37/><E37/><V0/><F36/><W133/><G98/><T88/><D72/><U11/><E11/><V34/><F111/><W71/><G120/><T78/><D1/><AGARI ba="0,1" hai="0,1,21,23,28,31,33,34,56,58,125,126,128,130" machi="1" ten="25,6400,0" yaku="22,2,52,2" doraHai="134" who="2" fromWho="0" sc="156,-64,200,0,360,74,274,0" /><INIT seed="5,0,0,3,5,9" ten="92,200,434,274" oya="1" hai0="11,84,15,13,99,124,54,134,65,131,80,48,32" hai1="2,12,0,17,69,30,74,103,106,89,10,116,115" hai2="51,86,31,36,128,47,26,70,135,101,126,43,55" hai3="23,85,27,72,123,96,42,35,63,132,64,125,60"/><U25/><E116/><V104/><F70/><W38/><G72/><T7/><D32/><U41/><E74/><V24/><F128/><W40/><G35/><T98/><D131/><U111/><E115/><V28/><F126/><W79/><G125/><T46/><D124/><U73/><E73/><V118/><F135/><W33/><G33/><T8/><D65/><U29/><E69/><V19/><F118/><W102/><G38/><T93/><D93/><U4/><E111/><V61/><F104/><W108/><G108/><T58/><D58/><U82/><E41/><V83/><F101/><W110/><G110/><T37/><D37/><U68/><E68/><V88/><F61/><W20/><G20/><T100/><D100/><U75/><E103/><V105/><F105/><W6/><G6/><T3/><D3/><N who="1" m="1067" /><E89/><V66/><F66/><W67/><G123/><T71/><D71/><U95/><E95/><V114/><F114/><W87/><G79/><T107/><D107/><U76/><E106/><V112/><F112/><W1/><G1/><T129/><D129/><U94/><E94/><V121/><F121/><W81/><G81/><T57/><D57/><U45/><E45/><V113/><F113/><W120/><G120/><T62/><D62/><U39/><E39/><V22/><F26/><W49/><G102/><T18/><D134/><U78/><E78/><AGARI ba="0,0" hai="7,8,11,13,15,18,46,48,54,78,80,84,98,99" machi="78" ten="30,7700,0" yaku="7,1,8,1,52,2" doraHai="9" who="0" fromWho="1" sc="92,77,200,-77,434,0,274,0" /><INIT seed="6,0,0,2,3,37" ten="169,123,434,274" oya="2" hai0="77,48,51,75,19,88,102,122,24,72,60,55,74" hai1="30,83,89,101,12,129,17,104,21,128,118,92,49" hai2="97,132,41,14,99,13,5,82,117,85,111,27,3" hai3="133,40,62,71,45,76,113,39,20,90,59,73,47"/><V86/><F117/><W124/><G90/><T61/><D122/><U110/><E110/><V35/><F111/><W23/><G23/><T126/><D126/><U134/><E118/><V105/><F132/><W91/><G91/><T28/><D102/><U34/><E134/><V120/><F120/><W64/><G20/><T9/><D77/><U42/><E104/><V32/><F3/><W68/><G76/><T0/><D88/><U81/><E101/><V57/><F57/><W87/><G87/><T26/><D19/><U67/><E67/><V8/><F105/><W79/><G79/><T96/><D96/><U52/><E34/><V16/><F41/><N who="3" m="22719" /><G73/><T131/><D28/><U25/><E128/><V7/><F32/><W58/><G133/><T53/><D131/><U98/><E129/><V115/><F35/><W15/><G15/><T95/><D95/><U94/><E94/><V69/><F27/><W106/><G106/><T56/><D9/><U44/><E30/><V109/><F16/><W11/><G11/><T22/><D0/><U43/><E25/><V119/><F8/><W80/><G80/><AGARI ba="0,0" hai="12,17,21,42,43,44,49,52,80,81,83,89,92,98" machi="80" ten="40,8000,1" yaku="8,1,52,2,54,1" doraHai="37" who="1" fromWho="3" sc="169,0,123,80,434,0,274,-80" /><INIT seed="7,0,0,1,0,93" ten="169,203,434,194" oya="3" hai0="102,26,80,55,3,19,17,101,38,121,25,5,24" hai1="124,114,77,18,66,57,23,132,89,95,45,111,11" hai2="16,7,13,116,34,84,122,69,134,39,51,86,14" hai3="0,91,107,37,103,128,113,22,44,79,98,35,96"/><W40/><G35/><T71/><D71/><U125/><E111/><V115/><F34/><W70/><G70/><T50/><D38/><U47/><E114/><V76/><F39/><W109/><G113/><T118/><D118/><U110/><E110/><V2/><F69/><W68/><G68/><T48/><D121/><U120/><E120/><V135/><F2/><W59/><G109/><T10/><D80/><U8/><E132/><V75/><F116/><W36/><G36/><T127/><D127/><U46/><E77/><V78/><F122/><W133/><G0/><T52/><D101/><U43/><E43/><V105/><F105/><W53/><G79/><T28/><D102/><U54/><E66/><V61/><F61/><W30/><G133/><T88/><D88/><U29/><E29/><V12/><F7/><W63/><G128/><T92/><D92/><U104/><E104/><V112/><F14/><W9/><G9/><T20/><D28/><U21/><E21/><V32/><F51/><W108/><G108/><T6/><D6/><U94/><E94/><V130/><F32/><W64/><G91/><T65/><D65/><U99/><E125/><V117/><F130/><W62/><G62/><T97/><D97/><U4/><E4/><V106/><F117/><W85/><G85/><T42/><D42/><U73/><E73/><V31/><F106/><W72/><G72/><T41/><D41/><U123/><E123/><V1/><F1/><W100/><G100/><T15/><D19/><U126/><E126/><V49/><F75/><W81/><G103/><T87/><D87/><RYUUKYOKU ba="0,0" sc="169,30,203,-10,434,-10,194,-10" hai0="3,5,10,15,17,20,24,25,26,48,50,52,55" owari="199,0.0,193,-21.0,424,53.0,184,-32.0" /></mjloggm>