<mjloggm ver="2.3"><GO type="169" lobby="0"/><UN n0="%E3%81%B4%E3%81%88%E2%98%86" n1="%E3%81%A1%E3%82%83%E3%81%9D%E2%98%86" n2="%E3%82%A6%E3%83%AB%E3%83%88%E3%83%A9%E7%AB%8B%E7%9B%B4" n3="%73%68%75%6E%70%79" dan="17,17,17,16" rate="2159.65,2112.38,2151.47,2088.37" sx="M,M,M,M"/><TAIKYOKU oya="0"/><INIT seed="0,0,0,5,0,55" ten="250,250,250,250" oya="0" hai0="14,28,39,57,84,46,26,95,4,118,88,85,119" hai1="33,51,105,38,109,60,53,29,111,106,17,30,129" hai2="127,63,50,1,71,70,76,43,79,121,125,25,40" hai3="99,48,52,98,92,124,115,27,32,101,122,116,113"/><T81/><D4/><U134/><E38/><V74/><F1/><W123/><G32/><T15/><D46/><U35/><E129/><V75/><F25/><W112/><G27/><T31/><D39/><U133/><E60/><V37/><F37/><W120/><G124/><N who="2" m="47689" /><F63/><W65/><G65/><T45/><D45/><U103/><E17/><V36/><F50/><W7/><G7/><T68/><D68/><N who="2" m="26154" /><F36/><W24/><G24/><T13/><D57/><U54/><REACH who="1" step="1"/><E103/><REACH who="1" ten="250,240,250,250" step="2"/><V69/><F121/><W130/><G130/><T10/><D10/><U44/><E44/><V135/><F69/><W19/><G19/><T12/><N who="0" m="3072" /><DORA hai="16" /><T77/><REACH who="0" step="1"/><D31/><REACH who="0" ten="240,240,250,250" step="2"/><U131/><E131/><V91/><F43/><W102/><G116/><T42/><D42/><U8/><E8/><V73/><F40/><W104/><G115/><T126/><D126/><U61/><E61/><V97/><F135/><W34/><G34/><AGARI ba="0,2" hai="26,28,34,77,81,84,85,88,95,118,119" m="3072" machi="34" ten="50,9600,0" yaku="1,1,54,1,53,1" doraHai="55,16" doraHaiUra="6,87" who="0" fromWho="3" sc="240,116,240,0,250,0,250,-96" /><INIT seed="0,1,0,2,2,74" ten="356,240,250,154" oya="0" hai0="134,102,80,67,131,70,116,14,135,85,73,90,34" hai1="40,31,79,49,47,7,108,129,84,8,82,66,20" hai2="117,75,104,30,121,19,106,53,23,123,126,130,59" hai3="99,62,89,83,9,125,21,0,55,100,111,93,50"/><T3/><D3/><U63/><E108/><V96/><F30/><W15/><G111/><T52/><D34/><U78/><E129/><V118/><F75/><W32/><G32/><T132/><D116/><N who="2" m="44650" /><F126/><W48/><G125/><T10/><D131/><U18/><E31/><V76/><F76/><W115/><G115/><T29/><D29/><U112/><E112/><V92/><F130/><W81/><G0/><T114/><D114/><U25/><E79/><V45/><F45/><W44/><G62/><N who="0" m="40311" /><D102/><U36/><E36/><V58/><F104/><W133/><G133/><T12/><D73/><U51/><E51/><N who="2" m="31039" /><F59/><W94/><G48/><T60/><D10/><U87/><E87/><V103/><F106/><W28/><G28/><T38/><D38/><U109/><E109/><V5/><F5/><N who="3" m="3503" /><G21/><T39/><D39/><U128/><E128/><V43/><F43/><W77/><G77/><T56/><AGARI ba="1,0" hai="12,14,52,56,60,80,85,90,132,134,135" m="40311" machi="56" ten="40,3900,0" yaku="20,1,54,1" doraHai="74" who="0" fromWho="0" sc="356,42,240,-14,250,-14,154,-14" /><INIT seed="0,2,0,5,4,92" ten="398,226,236,140" oya="0" hai0="125,109,107,26,71,50,134,9,85,86,79,64,17" hai1="110,128,15,2,120,16,11,96,52,47,62,122,22" hai2="65,58,38,49,59,99,132,115,72,66,29,77,106" hai3="3,4,94,53,87,83,0,36,78,118,27,88,89"/><T93/><D107/><U129/><E110/><V42/><F29/><W24/><G36/><T43/><D109/><U61/><E2/><V95/><F106/><W25/><G118/><T40/><D125/><U6/><E96/><V100/><F38/><W131/><G131/><N who="1" m="50250" /><E61/><V121/><F115/><W51/><G4/><T10/><D71/><U68/><E68/><V130/><F130/><W112/><G112/><T114/><D64/><U20/><E20/><V33/><F33/><W13/><G13/><T82/><D134/><U70/><E70/><V1/><F1/><W108/><G108/><T116/><D116/><U39/><E39/><V19/><F132/><W103/><G103/><T127/><D127/><U117/><E117/><V123/><F66/><W46/><REACH who="3" step="1"/><G89/><REACH who="3" ten="398,226,236,130" step="2"/><N who="0" m="53431" /><D114/><U98/><E6/><V23/><F100/><W111/><G111/><T75/><D26/><U113/><E113/><V12/><F12/><W84/><AGARI ba="2,1" hai="0,3,24,25,27,46,51,53,78,83,84,87,88,94" machi="84" ten="30,4000,0" yaku="1,1,0,1,54,1,53,0" doraHai="92" doraHaiUra="119" who="3" fromWho="3" sc="398,-22,226,-12,236,-12,130,56" /><INIT seed="1,0,0,2,3,98" ten="376,214,224,186" oya="1" hai0="44,71,62,69,123,104,20,58,78,67,33,135,126" hai1="111,61,108,10,12,125,52,118,55,11,29,100,41" hai2="47,4,80,54,102,18,105,23,77,97,37,117,9" hai3="68,106,40,48,85,95,81,8,72,103,57,21,32"/><U92/><E118/><V39/><F117/><W49/><G68/><T96/><D33/><U16/><E41/><V56/><F23/><W22/><G32/><T14/><D135/><U35/><E125/><V19/><F47/><W116/><G116/><T127/><D78/><U75/><E75/><V132/><F132/><W82/><G8/><T128/><D128/><U113/><E113/><V7/><F7/><W109/><G109/><N who="1" m="42058" /><E10/><V90/><F90/><W74/><G40/><T42/><D123/><U3/><E3/><V13/><F39/><W79/><G57/><T31/><D127/><U87/><E61/><V112/><F37/><W88/><G49/><T0/><D0/><U66/><E66/><V25/><F25/><W53/><G53/><N who="1" m="20554" /><E87/><V64/><F64/><W101/><G48/><T27/><D126/><U83/><E83/><V84/><F112/><W93/><G22/><T45/><D42/><U130/><E130/><V34/><F34/><W115/><G21/><T114/><D114/><U43/><E43/><V15/><F15/><W73/><G115/><T131/><D14/><U70/><E70/><V91/><F77/><N who="3" m="44215" /><G72/><T89/><D131/><U24/><E92/><N who="3" m="35402" /><G106/><T99/><D104/><U51/><E51/><AGARI ba="0,0" hai="4,9,13,18,19,51,54,56,80,84,91,97,102,105" machi="51" ten="30,2000,0" yaku="7,1,52,1" doraHai="98" who="2" fromWho="1" sc="376,0,214,-20,224,20,186,0" /><INIT seed="2,0,0,0,1,128" ten="376,194,244,186" oya="2" hai0="0,64,53,124,130,55,29,33,45,67,81,121,13" hai1="108,38,127,22,112,58,32,105,41,48,39,7,47" hai2="61,18,78,15,52,97,20,80,70,4,26,120,36" hai3="1,113,65,34,131,5,11,106,98,85,95,111,69"/><V12/><F36/><W68/><G95/><T3/><D13/><U125/><E112/><V117/><F117/><W133/><G85/><T49/><D81/><U126/><E32/><V59/><F120/><W82/><G82/><T87/><D87/><U8/><E108/><V114/><F114/><W118/><G65/><T21/><D33/><U54/><E22/><V96/><F70/><W43/><G43/><T88/><D29/><U72/><E105/><V86/><F4/><W100/><G11/><T62/><D21/><U46/><E72/><V123/><F123/><W14/><G14/><AGARI ba="0,0" hai="12,14,15,18,20,26,52,59,61,78,80,86,96,97" machi="14" ten="40,3900,0" yaku="8,1,54,1" doraHai="128" who="2" fromWho="3" sc="376,0,194,0,244,39,186,-39" /><INIT seed="2,1,0,2,2,51" ten="376,194,283,147" oya="2" hai0="122,18,1,86,117,19,121,33,98,70,21,132,96" hai1="93,37,47,115,42,46,15,83,22,6,106,40,23" hai2="119,99,124,114,90,129,74,125,12,8,43,101,56" hai3="28,53,67,108,76,89,111,63,118,103,66,30,100"/><V44/><F74/><W97/><G76/><T105/><D70/><U52/><E106/><V9/><F119/><W107/><G118/><T104/><D33/><U62/><E115/><V92/><F114/><W133/><G133/><T16/><D117/><U69/><E93/><V54/><F129/><W3/><G3/><T131/><D1/><U112/><E112/><V50/><F101/><W58/><G100/><T75/><D75/><U57/><E69/><V27/><F27/><W72/><G72/><T77/><D21/><U2/><E2/><V49/><REACH who="2" step="1"/><F9/><REACH who="2" ten="376,194,273,147" step="2"/><W71/><G89/><T116/><D116/><U31/><E31/><V7/><AGARI ba="1,1" hai="7,8,12,43,44,49,50,54,56,90,92,99,124,125" machi="7" ten="30,11700,0" yaku="1,1,2,1,0,1,52,1,53,0" doraHai="51" doraHaiUra="35" who="2" fromWho="2" sc="376,-40,194,-40,273,130,147,-40" /><INIT seed="2,2,0,0,2,75" ten="336,154,403,107" oya="2" hai0="30,57,131,83,1,126,32,114,127,112,92,35,78" hai1="96,132,34,58,122,51,48,23,106,36,4,7,21" hai2="11,119,54,0,43,10,103,17,94,19,59,72,99" hai3="105,8,37,12,74,60,95,27,66,53,101,18,120"/><V98/><F119/><W13/><G105/><T25/><D1/><U55/><E34/><V121/><F121/><W14/><G37/><T117/><D35/><U84/><E36/><V73/><F43/><W77/><G120/><T133/><D117/><U3/><E122/><V47/><F47/><W24/><G53/><T46/><D92/><U39/><E39/><V108/><F108/><W107/><G107/><T134/><D46/><U93/><E106/><V28/><F28/><W135/><G135/><N who="0" m="51723" /><D57/><U49/><E84/><V79/><F0/><W123/><G123/><T76/><D131/><U69/><E69/><V100/><F54/><W85/><G74/><N who="0" m="43415" /><D78/><U64/><E3/><V61/><F59/><N who="3" m="37151" /><G101/><T22/><D22/><U88/><E132/><V31/><F61/><W52/><G52/><T111/><D111/><U118/><E118/><V65/><F65/><W42/><G42/><T15/><D15/><N who="3" m="5705" /><G95/><T125/><AGARI ba="2,0" hai="25,30,32,112,114,125,126,127" m="43415,51723" machi="125" ten="40,8000,1" yaku="18,1,20,1,23,1,52,1" doraHai="75" who="0" fromWho="0" sc="336,86,154,-22,403,-42,107,-22" /><INIT seed="3,0,0,0,3,35" ten="422,132,361,85" oya="3" hai0="94,61,108,4,115,10,59,31,123,6,135,79,110" hai1="134,92,16,100,3,113,25,76,101,45,43,41,69" hai2="42,119,105,95,60,32,85,44,124,20,63,67,90" hai3="118,112,96,37,39,103,88,22,70,55,19,129,111"/><W87/><G70/><T8/><D123/><U50/><E113/><V12/><F32/><W122/><G112/><T9/><D115/><U28/><E134/><V57/><F105/><W26/><G122/><T66/><D135/><U116/><E69/><V13/><F119/><W24/><G118/><T7/><D79/><U131/><E131/><V0/><F0/><W132/><G132/><T29/><REACH who="0" step="1"/><D94/><REACH who="0" ten="412,132,361,85" step="2"/><U91/><E92/><V47/><F124/><W120/><G120/><T54/><D54/><U52/><E76/><V80/><F95/><W56/><G129/><T126/><D126/><U1/><E52/><V68/><F44/><W84/><G111/><AGARI ba="0,1" hai="4,6,7,8,9,10,29,31,59,61,66,108,110,111" machi="111" ten="50,8000,1" yaku="1,1,14,1,53,3" doraHai="35" doraHaiUra="2" who="0" fromWho="3" sc="412,90,132,0,361,0,85,-80" /><INIT seed="4,0,0,3,3,121" ten="502,132,361,5" oya="0" hai0="67,48,4,5,37,9,0,14,77,64,66,32,13" hai1="49,21,52,6,76,29,80,114,68,112,92,15,55" hai2="53,40,61,124,51,111,18,104,39,83,105,130,63" hai3="1,118,2,93,54,47,89,44,113,133,75,45,57"/><T74/><D37/><U127/><E68/><V70/><F18/><W17/><G75/><T101/><D32/><U43/><E127/><V134/><F83/><W7/><G118/><T24/><D24/><U120/><E120/><V109/><F105/><W115/><G133/><T26/><D26/><U86/><E92/><V96/><F96/><N who="3" m="57391" /><G7/><T33/><D33/><U122/><E122/><V65/><F104/><W20/><G2/><T46/><D101/><U60/><E43/><V34/><F34/><W110/><G1/><T102/><D102/><U79/><E79/><V128/><F61/><N who="3" m="36023" /><G110/><N who="2" m="41993" /><F124/><W135/><G135/><T78/><D74/><U81/><E81/><V41/><F134/><W59/><G59/><T16/><D5/><U85/><E60/><V10/><F10/><W73/><G73/><T36/><D4/><U22/><E6/><V62/><F62/><W31/><G31/><T69/><D16/><U90/><E29/><V56/><F39/><W82/><G82/><T28/><D36/><U94/><E80/><V30/><F30/><W42/><G42/><T84/><D9/><U11/><E11/><V97/><F97/><W108/><G108/><T131/><D28/><U125/><E125/><V87/><F87/><W126/><G126/><T88/><D84/><U132/><E85/><V98/><F98/><W95/><G95/><T71/><D78/><U19/><E76/><V23/><F23/><W123/><G123/><T3/><D77/><U119/><E132/><V12/><F12/><W117/><G117/><T8/><D8/><U72/><E119/><V106/><F106/><RYUUKYOKU ba="0,0" sc="502,-15,132,-15,361,15,5,15" hai2="40,41,51,53,56,63,65,70,128,130" hai3="17,20,44,45,47,113,115" /><INIT seed="5,1,0,0,5,56" ten="487,117,376,20" oya="1" hai0="66,121,88,105,15,18,73,10,97,46,0,83,7" hai1="25,120,51,75,8,108,107,30,4,49,59,78,95" hai2="122,110,65,40,6,9,106,84,92,53,58,21,27" hai3="72,71,129,77,62,85,14,35,61,81,3,68,37"/><U70/><E107/><V13/><F106/><W31/><G14/><T47/><D121/><U126/><E70/><V131/><F131/><W33/><G85/><T17/><D17/><U101/><E120/><V90/><F110/><W104/><G129/><T22/><D66/><U109/><E78/><V64/><F40/><W74/><G104/><T42/><D73/><U19/><E75/><N who="3" m="28714" /><G81/><T1/><D1/><U54/><E19/><V132/><F132/><W79/><G3/><T87/><D42/><U100/><E95/><V134/><F134/><W119/><G31/><T63/><D63/><N who="3" m="24073" /><G37/><T111/><D111/><U80/><E109/><V34/><F34/><N who="3" m="12811" /><G119/><T20/><D105/><U16/><E108/><V99/><F84/><W112/><G112/><T76/><D0/><U117/><E80/><V124/><F122/><W39/><G39/><T32/><D32/><U96/><E117/><V57/><F57/><W115/><G115/><T89/><D15/><U24/><E59/><V82/><F82/><W116/><G116/><T125/><D83/><U128/><E30/><N who="2" m="17775" /><F65/><W29/><G29/><T94/><D87/><U113/><E128/><V52/><F64/><W5/><G5/><T114/><D7/><U60/><E4/><V45/><F58/><W103/><G103/><T123/><D114/><U2/><E100/><V67/><F67/><W44/><G44/><T69/><D123/><U86/><E101/><V133/><F133/><W26/><G26/><T93/><D47/><U118/><E113/><V11/><F45/><W48/><G48/><T41/><D46/><U135/><E135/><RYUUKYOKU ba="1,0" sc="487,-10,117,-10,376,-10,20,30" hai3="68,71,77,79" /><INIT seed="6,2,0,2,2,59" ten="477,107,366,50" oya="2" hai0="127,20,92,103,14,79,84,115,107,64,55,58,32" hai1="80,36,82,4,53,74,2,3,29,104,112,60,98" hai2="6,89,99,18,25,13,1,24,88,91,27,0,69" hai3="26,73,83,37,131,11,43,102,49,41,72,125,134"/><V71/><F99/><W120/><G37/><T61/><D32/><U12/><E36/><V57/><F6/><W132/><G120/><T45/><D115/><U113/><E29/><V47/><F47/><W38/><G38/><T68/><D127/><U23/><E53/><V76/><F76/><W22/><G102/><T110/><D110/><U95/><E60/><V63/><F71/><W50/><G11/><T62/><D45/><U42/><E104/><V86/><F69/><W101/><G101/><T94/><D103/><U34/><E42/><N who="3" m="15882" /><G83/><N who="1" m="31786" /><E34/><V135/><F135/><N who="3" m="51755" /><G125/><T15/><D107/><U44/><E74/><N who="3" m="28778" /><G131/><T17/><D79/><U87/><E112/><V75/><F75/><W90/><G90/><T133/><D133/><U105/><E105/><V111/><F111/><W126/><G126/><T118/><D68/><U121/><E113/><V30/><F30/><AGARI ba="2,0" hai="22,26,30,49,50" m="28778,51755,15882" machi="30" ten="30,1000,0" yaku="20,1" doraHai="59" who="3" fromWho="2" sc="477,0,107,0,366,-16,50,16" /><INIT seed="7,0,0,2,3,3" ten="477,107,350,66" oya="3" hai0="85,88,97,101,129,116,132,125,82,26,87,12,78" hai1="62,79,15,99,91,1,38,81,27,28,60,123,25" hai2="103,19,102,135,34,80,64,52,20,63,127,67,70" hai3="55,33,84,113,69,48,50,42,124,10,94,54,47"/><W23/><G33/><T92/><D12/><U130/><E1/><V105/><F105/><W107/><G107/><T11/><D11/><U74/><E130/><V72/><F34/><W117/><G117/><T96/><D26/><U39/><E123/><V14/><F127/><W100/><G69/><T119/><D129/><U36/><E15/><V76/><F135/><W21/><G124/><T109/><D125/><U111/><E111/><V37/><F37/><W18/><G113/><T131/><D131/><U93/><REACH who="1" step="1"/><E25/><REACH who="1" ten="477,97,350,66" step="2"/><V86/><F72/><W30/><G30/><T126/><D126/><U77/><E77/><V104/><F104/><W98/><G84/><N who="0" m="48215" /><D109/><U73/><E73/><V133/><F133/><W83/><G83/><T32/><D32/><AGARI ba="0,1" hai="27,28,32,36,38,39,60,62,74,79,81,91,93,99" machi="32" ten="40,2600,0" yaku="1,1,53,1" doraHai="3" doraHaiUra="31" who="1" fromWho="0" sc="477,-26,97,36,350,0,66,0" owari="451,55.0,133,-27.0,350,15.0,66,-43.0" /></mjloggm>