<mjloggm ver="2.3"><GO type="41" lobby="0"/><UN n0="%E3%81%9D%E3%81%86%E3%81%A7%E3%81%99%E3%81%8B" n1="%52%48%43" n2="%E7%8E%84%E5%92%B2%E3%81%84%E3%81%A1%E3%81%94" n3="%E5%B0%B1%E6%B4%BB%E7%94%9F%40%E5%B7%9D%E6%9D%91%E8%BB%8D%E5%9B%A3" dan="15,13,13,15" rate="1967.30,1836.76,1892.81,1989.18" sx="F,M,F,M"/><TAIKYOKU oya="0"/><INIT seed="0,0,0,3,4,125" ten="250,250,250,250" oya="0" hai0="9,52,49,89,18,76,127,99,69,79,44,29,25" hai1="15,11,100,63,92,135,113,43,19,73,3,40,21" hai2="91,17,58,94,37,0,130,14,70,87,8,59,88" hai3="129,47,105,134,90,77,55,78,62,53,61,103,66"/><T112/><D112/><U133/><E73/><V82/><F70/><W36/><G134/><N who="1" m="51210" /><E113/><V117/><F37/><W30/><G30/><T34/><D69/><U128/><E63/><V119/><F130/><W110/><G90/><T108/><D108/><U51/><E51/><V20/><F0/><W107/><G103/><T116/><D116/><N who="2" m="44618" /><F8/><W72/><G72/><T67/><D67/><U45/><E3/><V102/><F102/><W126/><G47/><T28/><D28/><U101/><E43/><V122/><F122/><W74/><G74/><T31/><D31/><U4/><E92/><V121/><F121/><W33/><G33/><T131/><D131/><U80/><E80/><V111/><F111/><W124/><G36/><T54/><D54/><U75/><E75/><V71/><F71/><W120/><G66/><T64/><D64/><U68/><E68/><V56/><F56/><W106/><G106/><T27/><D127/><U12/><E128/><V95/><F95/><W65/><G65/><T16/><D9/><U86/><E86/><AGARI ba="0,0" hai="14,17,20,58,59,82,86,87,88,91,94" m="44618" machi="86" ten="30,2000,0" yaku="12,1,54,1" doraHai="125" who="2" fromWho="1" sc="250,0,250,-20,250,20,250,0" /><INIT seed="1,0,0,2,3,10" ten="250,230,270,250" oya="1" hai0="72,26,51,39,25,55,37,104,120,122,53,112,46" hai1="79,85,40,126,67,74,121,63,101,14,119,107,131" hai2="52,80,34,73,11,42,91,109,18,62,118,88,82" hai3="7,60,125,30,134,59,90,128,127,103,43,70,95"/><U68/><E121/><V105/><F118/><W81/><G95/><T71/><D71/><U78/><E119/><V65/><F42/><W113/><G90/><T23/><D72/><U93/><E126/><V3/><F34/><W2/><G103/><T16/><D104/><U15/><E131/><V130/><F130/><W97/><G97/><T108/><D108/><U75/><E40/><V5/><F105/><W69/><G81/><T45/><D112/><U124/><E124/><V8/><F109/><W64/><G30/><T100/><D100/><U86/><E93/><V38/><F38/><W76/><G7/><T84/><D84/><U92/><E92/><V94/><F52/><W110/><G2/><T0/><D0/><U24/><E24/><V57/><F73/><W114/><G76/><T132/><D132/><U56/><E68/><V36/><F36/><W77/><G77/><T4/><D4/><U102/><E56/><V117/><F117/><W106/><G106/><T6/><D6/><U98/><E98/><V19/><F91/><W133/><G43/><T49/><D26/><U31/><E107/><V135/><F135/><W22/><G22/><T47/><D45/><U44/><E31/><V29/><F29/><W32/><G32/><T20/><D20/><U12/><E44/><V54/><F18/><W99/><G99/><T1/><D1/><U27/><E27/><V83/><F19/><W13/><G13/><T89/><D89/><U17/><E15/><V33/><F33/><W9/><G9/><T123/><AGARI ba="0,0" hai="16,23,25,37,39,46,47,49,51,53,55,120,122,123" machi="123" ten="30,7900,0" yaku="0,1,9,1,13,1,54,1" doraHai="10" who="0" fromWho="0" sc="250,79,230,-39,270,-20,250,-20" /><INIT seed="2,0,0,4,2,9" ten="329,191,250,230" oya="2" hai0="65,27,126,26,61,128,37,8,83,125,47,50,15" hai1="2,104,118,110,80,0,81,116,99,21,106,112,88" hai2="68,92,5,95,3,35,113,24,32,49,86,40,63" hai3="109,103,91,90,14,96,98,123,117,36,1,55,57"/><V119/><F113/><W67/><G36/><T66/><D128/><U131/><E21/><V122/><F119/><W52/><G1/><T42/><D83/><U76/><E2/><V46/><F122/><W73/><G73/><T60/><D37/><U101/><E0/><V69/><F24/><W25/><G25/><T54/><D125/><U72/><E112/><V135/><F135/><W127/><G127/><T19/><D126/><U115/><E115/><V108/><F108/><W38/><G38/><T74/><D74/><U12/><E12/><V28/><F28/><W43/><G123/><T121/><D121/><U132/><E132/><V18/><F18/><W56/><G109/><T94/><D94/><N who="1" m="58615" /><E110/><V10/><F92/><W17/><G117/><N who="1" m="45162" /><E131/><V87/><F63/><W133/><G43/><T23/><D42/><U107/><E81/><V64/><F64/><N who="0" m="24682" /><D27/><U39/><E39/><V33/><F68/><W70/><G98/><T6/><AGARI ba="0,0" hai="6,8,15,19,23,26,47,50,54,60,61" m="24682" machi="6" ten="30,2000,0" yaku="8,1,52,1" doraHai="9" who="0" fromWho="0" sc="329,20,191,-5,250,-10,230,-5" /><INIT seed="3,0,0,1,1,131" ten="349,186,240,225" oya="3" hai0="73,14,118,33,111,41,74,124,69,49,59,57,86" hai1="98,101,16,84,10,6,125,113,77,79,44,46,2" hai2="97,81,104,52,80,25,100,11,22,129,29,89,45" hai3="55,9,135,94,7,13,71,112,39,106,123,126,76"/><W53/><G94/><T18/><D118/><U50/><E113/><V68/><F68/><W65/><G55/><T17/><D33/><U38/><E125/><V87/><F129/><W127/><G53/><T56/><D69/><U26/><E84/><V102/><F102/><W67/><G65/><T40/><D124/><U90/><E90/><V58/><F45/><W133/><G67/><T114/><D114/><U66/><E66/><V105/><F11/><W47/><G47/><T30/><D30/><U8/><E44/><V61/><REACH who="2" step="1"/><F81/><REACH who="2" ten="349,186,230,225" step="2"/><W119/><G76/><T12/><D111/><U82/><E82/><V31/><F31/><W60/><G13/><T20/><D59/><U109/><E38/><V132/><F132/><W103/><G60/><T92/><D57/><U15/><E109/><V54/><F54/><W28/><G28/><T42/><D56/><U93/><REACH who="1" step="1"/><E26/><REACH who="1" ten="349,176,230,225" step="2"/><V72/><F72/><W21/><G9/><T116/><D73/><U27/><E27/><V51/><F51/><W115/><G103/><T64/><D74/><U99/><E99/><V37/><F37/><W91/><G21/><T110/><D49/><U70/><E70/><V36/><F36/><W35/><G91/><T23/><D110/><U134/><E134/><V3/><F3/><W4/><G4/><T5/><D64/><U1/><E1/><V34/><F34/><W24/><G24/><T32/><D32/><U107/><E107/><AGARI ba="0,2" hai="22,25,29,52,58,61,80,87,89,97,100,104,105,107" machi="107" ten="30,7700,0" yaku="1,1,7,1,54,1,53,1" doraHai="131" doraHaiUra="95" who="2" fromWho="1" sc="349,0,176,-77,230,97,225,0" /><INIT seed="4,0,0,5,2,114" ten="349,99,327,225" oya="0" hai0="15,86,43,83,30,84,95,6,37,76,97,131,39" hai1="75,102,134,99,49,1,55,45,71,5,124,51,67" hai2="56,129,48,81,92,132,109,0,116,72,54,94,23" hai3="59,24,4,63,8,70,80,135,50,27,33,11,42"/><T61/><D131/><U12/><E124/><V88/><F109/><W60/><G70/><T117/><D117/><U121/><E121/><V125/><F0/><W78/><G135/><T127/><D127/><U91/><E134/><V98/><F125/><W7/><G33/><T126/><D126/><U17/><E75/><V20/><F132/><W31/><G31/><T3/><D3/><U10/><E67/><V62/><F129/><W111/><G111/><T52/><D30/><U26/><E71/><V133/><F133/><W89/><G89/><T73/><D43/><U100/><E51/><V41/><F116/><W115/><G115/><T82/><D73/><U32/><E91/><N who="2" m="55583" /><F81/><W28/><G28/><T103/><D15/><U74/><E74/><V57/><F72/><W53/><G42/><T107/><D6/><U44/><E44/><N who="2" m="25615" /><F57/><W128/><G128/><T16/><D107/><U113/><E113/><V108/><F108/><W47/><G47/><T87/><D37/><U35/><E100/><V64/><F64/><W66/><G66/><T101/><D39/><U77/><E77/><V9/><F9/><W58/><G50/><T105/><D105/><U69/><E69/><V110/><F110/><W122/><G122/><T104/><D104/><U96/><E35/><V25/><F25/><W19/><G19/><T106/><D106/><U123/><E123/><V21/><F21/><W22/><G80/><N who="0" m="47111" /><D101/><U120/><E102/><V36/><F36/><W14/><G78/><T90/><D103/><U13/><E120/><V38/><F38/><W130/><G130/><T79/><D79/><RYUUKYOKU ba="0,0" sc="349,-10,99,-10,327,30,225,-10" hai2="20,23,54,56,62,88,94" /><INIT seed="5,1,0,2,0,74" ten="339,89,357,215" oya="1" hai0="2,130,62,86,70,27,50,5,19,76,59,96,127" hai1="89,106,72,123,91,56,110,32,111,116,67,112,108" hai2="45,57,87,66,92,118,39,63,17,131,54,7,105" hai3="121,115,38,100,47,93,8,119,40,34,30,99,68"/><U95/><E32/><V128/><F118/><W37/><G30/><T60/><D70/><U132/><E67/><V124/><F7/><W61/><G8/><T122/><D122/><U109/><E56/><V14/><F124/><W64/><G93/><T75/><D75/><U43/><E43/><V81/><F105/><W83/><G83/><T88/><D127/><U13/><E13/><V134/><F92/><W23/><G23/><T55/><D130/><N who="2" m="49706" /><F134/><W125/><G125/><T53/><D5/><U26/><E26/><V15/><F17/><W133/><G38/><T48/><D2/><U33/><E33/><V82/><F82/><W97/><G97/><T51/><D76/><U129/><E129/><V79/><F66/><W107/><G119/><T101/><D101/><U117/><E112/><V103/><F103/><W114/><G133/><T44/><D96/><N who="1" m="57455" /><E123/><V29/><F29/><W28/><G121/><T1/><D1/><U113/><E113/><V11/><F11/><W102/><G102/><T52/><D27/><U3/><E3/><V41/><AGARI ba="1,0" hai="14,15,39,41,45,54,57,63,79,81,87" m="49706" machi="41" ten="30,2000,0" yaku="19,1,52,1" doraHai="74" who="2" fromWho="2" sc="339,-6,89,-11,357,23,215,-6" /><INIT seed="6,0,0,2,3,31" ten="333,78,380,209" oya="2" hai0="89,57,61,15,74,25,88,66,64,27,5,107,129" hai1="36,115,12,67,131,30,76,97,17,6,99,105,121" hai2="73,24,62,1,81,69,59,49,100,53,60,75,101" hai3="102,42,124,109,123,98,95,130,55,116,103,56,10"/><V104/><F1/><W65/><G65/><T38/><D38/><U43/><E115/><V118/><F118/><W34/><G34/><T94/><D107/><U83/><E131/><V52/><F24/><W39/><G39/><T112/><D74/><U8/><E121/><V93/><F104/><W48/><G48/><T3/><D3/><U126/><E126/><V63/><F69/><W134/><G134/><T50/><D129/><U2/><E67/><V79/><F75/><W120/><G120/><T135/><D135/><U96/><E30/><V78/><F78/><W35/><G35/><T85/><D112/><U122/><E122/><V23/><F23/><W20/><G20/><T110/><D110/><U32/><E32/><V84/><REACH who="2" step="1"/><F53/><REACH who="2" ten="333,78,370,209" step="2"/><W127/><G127/><T22/><D50/><U21/><E105/><V7/><F7/><W86/><G98/><T33/><D33/><U14/><E99/><V128/><F128/><W26/><G56/><T46/><D46/><U37/><E14/><V58/><F58/><W29/><G102/><T90/><D64/><U80/><E36/><V28/><F28/><W16/><G95/><T132/><D132/><U111/><E111/><V0/><F0/><W72/><G42/><T13/><D5/><U11/><E11/><V119/><F119/><W44/><G109/><T82/><D22/><U113/><E113/><V68/><F68/><W133/><G44/><T91/><REACH who="0" step="1"/><D82/><REACH who="0" ten="323,78,370,209" step="2"/><N who="1" m="31275" /><E76/><V47/><F47/><W18/><G86/><T114/><D114/><U117/><E117/><V54/><F54/><W71/><G55/><T92/><D92/><RYUUKYOKU ba="0,2" sc="323,10,78,10,370,10,209,-30" hai0="13,15,25,27,57,61,66,85,88,89,90,91,94" hai1="2,6,8,12,17,21,37,43,96,97" hai2="49,52,59,60,62,63,73,79,81,84,93,100,101" /><INIT seed="6,1,2,1,0,110" ten="333,88,380,179" oya="2" hai0="89,12,94,24,90,135,28,26,7,121,95,123,88" hai1="92,114,122,61,53,81,19,23,4,13,79,76,85" hai2="82,69,86,14,103,59,120,25,73,52,34,108,126" hai3="66,46,15,17,50,111,44,37,99,118,18,93,100"/><V129/><F120/><W77/><G118/><T98/><D135/><U39/><E39/><V5/><F69/><W113/><G113/><T87/><D24/><U56/><E122/><V116/><F116/><W104/><G104/><T115/><D115/><U97/><E114/><V74/><F108/><W0/><G0/><T105/><D105/><U3/><E3/><V91/><F126/><W64/><G64/><T101/><D121/><U54/><E4/><V102/><F129/><W11/><G11/><T72/><D72/><U60/><E60/><V31/><F103/><W67/><G67/><T109/><D109/><U125/><E125/><V47/><F47/><W45/><G45/><T10/><REACH who="0" step="1"/><D123/><REACH who="0" ten="323,88,380,179" step="2"/><U40/><E40/><V117/><F117/><W119/><G18/><T80/><D80/><U38/><E38/><V106/><F106/><W62/><G44/><T22/><AGARI ba="1,3" hai="7,10,12,22,26,28,87,88,89,90,94,95,98,101" machi="22" ten="20,8000,1" yaku="1,1,0,1,7,1,8,1,54,1,53,0" doraHai="110" doraHaiUra="128" who="0" fromWho="0" sc="323,113,88,-21,380,-41,179,-21" /><INIT seed="7,0,0,2,3,112" ten="436,67,339,158" oya="3" hai0="90,45,35,14,53,103,41,49,115,16,38,0,95" hai1="34,48,107,31,76,97,87,129,46,85,135,77,21" hai2="132,67,80,127,125,126,119,102,98,128,65,75,66" hai3="92,93,55,2,1,61,17,8,5,58,13,83,59"/><W42/><G42/><T10/><D35/><U25/><E135/><V71/><F132/><W3/><G83/><T57/><D0/><U89/><E129/><V101/><F128/><W28/><G28/><T27/><D115/><U36/><E36/><V118/><F71/><W32/><G32/><T19/><D103/><N who="2" m="39434" /><F98/><W124/><G124/><T12/><D27/><U86/><E107/><V134/><F134/><W4/><G4/><T79/><D79/><AGARI ba="0,0" hai="65,66,67,75,79,80,118,119,125,126,127" m="39434" machi="79" ten="40,5200,0" yaku="18,1,52,2" doraHai="112" who="2" fromWho="0" sc="436,-52,67,0,339,52,158,0" owari="384,18.0,67,-43.0,391,49.0,158,-24.0" /></mjloggm>