<mjloggm ver="2.3"><GO type="97" lobby="0"/><UN n0="%41%54%4C%45" n1="%E5%B0%B1%E6%B4%BB%E7%94%9F%40%E5%B7%9D%E6%9D%91%E8%BB%8D%E5%9B%A3" n2="%35%35%35%35%35" n3="%E4%BD%90%E8%97%A4%E3%83%95%E3%83%AA%E3%83%BC%E3%82%B6" dan="14,15,14,15" rate="1959.43,2069.06,1863.24,1993.70" sx="M,M,M,F"/><TAIKYOKU oya="0"/><INIT seed="0,0,0,2,0,0" ten="250,250,250,250" oya="0" hai0="65,6,4,108,87,16,50,72,69,30,100,83,53" hai1="99,106,64,117,33,95,127,88,5,62,111,74,56" hai2="98,94,20,28,66,57,112,13,110,125,105,23,46" hai3="107,40,116,76,132,126,128,2,86,45,92,79,14"/><T43/><D72/><U49/><E33/><V18/><F112/><W78/><G2/><T15/><D30/><U52/><E111/><V81/><F110/><W48/><G116/><T129/><D108/><U109/><E109/><V102/><F46/><W37/><G132/><T63/><D43/><U38/><E38/><V1/><F1/><W8/><G128/><T9/><D100/><U68/><E117/><V22/><F125/><W21/><G126/><T135/><D135/><U130/><E130/><V120/><F120/><W27/><G107/><T124/><D124/><U36/><E36/><V67/><F105/><W54/><G92/><T41/><D41/><U7/><E127/><V103/><F81/><W47/><G86/><T131/><D131/><U61/><E74/><V31/><F103/><W59/><G59/><T115/><D115/><U118/><E118/><V84/><F84/><W19/><REACH who="3" step="1"/><G79/><REACH who="3" ten="250,250,250,240" step="2"/><T121/><D129/><U85/><E106/><V34/><F57/><W25/><G25/><T35/><D35/><U75/><E75/><V44/><F34/><W73/><G73/><T101/><D101/><U39/><E39/><V12/><F102/><W58/><G58/><T113/><D113/><U42/><E85/><V11/><F94/><W82/><G82/><T3/><D3/><U24/><E24/><V114/><F114/><W80/><G80/><T70/><D70/><U123/><E123/><V55/><F98/><W122/><G122/><T91/><D121/><U17/><E68/><V10/><F44/><AGARI ba="0,1" hai="4,6,9,15,16,44,50,53,63,65,69,83,87,91" machi="44" ten="30,18000,2" yaku="7,1,25,2,52,2,54,1" doraHai="0" who="0" fromWho="2" sc="250,190,250,0,250,-180,240,0" /><INIT seed="0,1,0,3,3,20" ten="440,250,70,240" oya="0" hai0="49,41,1,6,70,123,23,53,3,16,116,26,87" hai1="17,35,115,133,125,37,92,31,128,65,69,97,64" hai2="94,119,57,0,131,5,81,10,44,60,48,22,43" hai3="127,38,67,45,113,50,104,91,90,25,12,30,29"/><T28/><D123/><U34/><E37/><V68/><F131/><W82/><G113/><T73/><D73/><U118/><E118/><V61/><F119/><W66/><G127/><T101/><D70/><U129/><E115/><V40/><F40/><W9/><G38/><T2/><D41/><U98/><E125/><V108/><F108/><W33/><G104/><T80/><D101/><U117/><E117/><V63/><F68/><W107/><G107/><T114/><D114/><U21/><E133/><V14/><F94/><W112/><G30/><T51/><D51/><U110/><E110/><V93/><F93/><W76/><G112/><T11/><D28/><U126/><E126/><V24/><F0/><W19/><G67/><N who="1" m="25674" /><E31/><V121/><F121/><W111/><G66/><T32/><D32/><N who="1" m="12331" /><E92/><V72/><F72/><W120/><G111/><T124/><D124/><U106/><E106/><V96/><F81/><W99/><G120/><T89/><D116/><U4/><E4/><V15/><F15/><W47/><G99/><T13/><D1/><U75/><E75/><V46/><F96/><W88/><REACH who="3" step="1"/><G50/><REACH who="3" ten="440,250,70,230" step="2"/><T56/><AGARI ba="1,1" hai="2,3,6,11,13,16,23,26,49,53,56,80,87,89" machi="56" ten="20,7800,0" yaku="0,1,7,1,52,1,54,1" doraHai="20" who="0" fromWho="0" sc="440,91,250,-27,70,-27,230,-27" /><INIT seed="0,2,0,2,3,64" ten="531,223,43,203" oya="0" hai0="41,98,126,30,96,128,5,99,10,101,0,19,47" hai1="107,111,130,134,34,69,113,105,18,83,122,40,87" hai2="114,20,43,2,38,37,16,4,124,14,1,39,93" hai3="28,76,12,84,44,60,11,100,112,61,29,8,48"/><T62/><D30/><N who="3" m="11881" /><G112/><T121/><D121/><U77/><E34/><V49/><F114/><W67/><G100/><T85/><D128/><U123/><E113/><V80/><F124/><W51/><G67/><T58/><D126/><U54/><E40/><V119/><F119/><W110/><G110/><T88/><D19/><U9/><E9/><N who="3" m="3658" /><G12/><T133/><D133/><U32/><E32/><V26/><F80/><N who="3" m="47111" /><G51/><T86/><D86/><U17/><E111/><V132/><F132/><W6/><G6/><T82/><D101/><U75/><E75/><V53/><F4/><W50/><G50/><T23/><D23/><U115/><E115/><V66/><F66/><W91/><G91/><T35/><D35/><U63/><E107/><V125/><F14/><W27/><G27/><T117/><D117/><U79/><E105/><V24/><F24/><W81/><G81/><T59/><REACH who="0" step="1"/><D62/><REACH who="0" ten="521,223,43,203" step="2"/><U52/><E63/><V131/><F125/><W116/><G116/><T57/><D57/><U33/><E33/><V135/><F135/><W46/><G48/><AGARI ba="2,1" hai="0,5,10,41,47,48,58,59,82,85,88,96,98,99" machi="48" ten="40,3900,0" yaku="1,1,54,1,53,0" doraHai="64" doraHaiUra="90" who="0" fromWho="3" sc="521,55,223,0,43,0,203,-45" /><INIT seed="0,3,0,0,5,28" ten="576,223,43,158" oya="0" hai0="66,97,69,114,3,128,43,83,99,49,112,62,38" hai1="47,86,25,58,96,1,21,72,95,14,121,56,30" hai2="77,107,116,23,126,85,51,70,9,61,110,103,18" hai3="100,93,120,54,63,57,73,39,115,59,135,46,65"/><T108/><D3/><U88/><E72/><V80/><F110/><W10/><G73/><T133/><D83/><U45/><E1/><V71/><F9/><W92/><G115/><T113/><D99/><U31/><E31/><V7/><F7/><W64/><G135/><T34/><D97/><U105/><E105/><V6/><F6/><W79/><G120/><T67/><D67/><U13/><E96/><V26/><F107/><W41/><G79/><T130/><D133/><U55/><E58/><V29/><F103/><W20/><G10/><T76/><D76/><U98/><E98/><V87/><F126/><W101/><G20/><T17/><D17/><U16/><E121/><V5/><F5/><W127/><G127/><T48/><D34/><U122/><E122/><V40/><F18/><W52/><G100/><T123/><D123/><U90/><E90/><V60/><F71/><W125/><G125/><T22/><D22/><N who="1" m="15671" /><E13/><V24/><F70/><W4/><G4/><T42/><D108/><U33/><E33/><V50/><F29/><W11/><G11/><T89/><D89/><U37/><E37/><V82/><F23/><W134/><G134/><T119/><D119/><U75/><E75/><V36/><F36/><W2/><G2/><T78/><D78/><U129/><E129/><N who="0" m="49769" /><D38/><U132/><E132/><V104/><F116/><W32/><G32/><T118/><D118/><U124/><E124/><V12/><F77/><W44/><G101/><T111/><D111/><U91/><E91/><V19/><F104/><W106/><G106/><T94/><D94/><N who="3" m="36457" /><G59/><T35/><D35/><RYUUKYOKU ba="3,0" sc="576,10,223,10,43,-30,158,10" hai0="42,43,48,49,62,66,69,112,113,114" hai1="14,16,21,45,47,55,56,86,88,95" hai3="39,41,44,46,52,54,57,63,64,65" /><INIT seed="0,4,0,5,3,105" ten="586,233,13,168" oya="0" hai0="57,7,101,31,97,8,130,27,114,117,10,76,48" hai1="36,54,65,62,13,102,80,88,104,29,115,39,47" hai2="9,95,98,34,85,87,73,129,83,69,92,22,90" hai3="128,19,14,43,35,86,51,56,16,110,135,93,68"/><T82/><D117/><U70/><E115/><V25/><F34/><W106/><G106/><T109/><D114/><U71/><E71/><V32/><F32/><W103/><G68/><T20/><D130/><U78/><E29/><V120/><F69/><W58/><G128/><T53/><D109/><U131/><E131/><V134/><F129/><W118/><G110/><T61/><D48/><U96/><E13/><V84/><F9/><W119/><G135/><T49/><D49/><U63/><E88/><N who="2" m="53279" /><F22/><W11/><G35/><T28/><D28/><U125/><E125/><V124/><F25/><W55/><G43/><T37/><D37/><U116/><E116/><V72/><F134/><W6/><G119/><T60/><D60/><U132/><E132/><V21/><F21/><W46/><G118/><T30/><D30/><U15/><E15/><V99/><F124/><W38/><G38/><T111/><D111/><U107/><E107/><V24/><F24/><W74/><G74/><N who="2" m="28777" /><F120/><W79/><G16/><T4/><D4/><U113/><E113/><V23/><F23/><W12/><G12/><T42/><D42/><U112/><E112/><V108/><F108/><W123/><G19/><T89/><D7/><U1/><E1/><V91/><AGARI ba="4,0" hai="83,84,85,90,91,95,98,99" m="28777,53279" machi="91" ten="30,16000,3" yaku="35,5,52,3,54,1" doraHai="105" who="2" fromWho="2" sc="586,-84,233,-44,13,172,168,-44" /><INIT seed="1,0,0,4,1,100" ten="502,189,185,124" oya="1" hai0="77,13,58,27,66,116,12,124,54,15,88,125,37" hai1="128,39,16,101,130,98,121,107,112,131,97,11,45" hai2="41,82,117,46,44,109,83,85,76,59,32,69,67" hai3="80,6,118,10,78,126,48,87,92,24,103,71,9"/><U20/><E121/><V115/><F32/><W22/><G126/><N who="0" m="48747" /><D37/><U127/><E127/><V73/><F117/><W81/><G71/><T29/><D77/><U93/><E112/><V34/><F34/><W49/><G118/><T35/><D66/><U70/><E70/><V133/><F69/><W106/><G106/><T5/><D116/><U61/><E11/><V129/><F115/><W36/><G36/><T134/><D134/><U95/><E61/><N who="2" m="38335" /><F41/><W3/><G10/><N who="0" m="4175" /><D88/><N who="1" m="55463" /><E39/><V65/><F65/><W111/><G111/><T102/><D102/><U14/><E45/><V105/><F46/><W31/><G103/><T38/><D38/><U122/><E122/><V114/><F44/><W47/><G47/><T4/><D4/><U0/><E0/><V68/><F114/><W21/><G92/><AGARI ba="0,0" hai="14,16,20,92,95,98,101,107,128,130,131" m="55463" machi="92" ten="30,11600,0" yaku="19,1,52,1,54,2" doraHai="100" who="1" fromWho="3" sc="502,0,189,116,185,0,124,-116" /><INIT seed="1,1,0,4,2,21" ten="502,305,185,8" oya="1" hai0="49,70,87,115,84,94,132,103,75,121,86,95,19" hai1="59,135,7,26,63,108,23,124,34,10,31,100,117" hai2="74,27,32,43,53,90,116,2,78,111,80,5,13" hai3="50,104,98,44,88,69,42,125,56,17,106,81,73"/><U12/><E117/><V38/><F116/><W109/><G125/><T64/><D70/><U9/><E108/><V101/><F101/><W96/><G109/><T45/><D115/><U20/><E124/><V66/><F66/><W131/><G69/><T57/><D75/><U79/><E135/><V102/><F102/><W55/><G131/><T24/><D132/><U36/><E36/><V128/><F13/><W33/><G33/><T1/><D1/><U76/><E100/><V0/><F111/><W77/><G98/><T60/><D103/><U89/><E89/><V85/><F53/><W110/><G110/><T18/><D121/><U118/><E118/><V68/><F68/><W112/><G112/><T29/><D29/><U22/><REACH who="1" step="1"/><E9/><REACH who="1" ten="502,295,185,8" step="2"/><V83/><F90/><W97/><G97/><T122/><D122/><U134/><E134/><V40/><F38/><W61/><G96/><T65/><D65/><AGARI ba="1,1" hai="7,10,12,20,22,23,26,31,34,59,63,65,76,79" machi="65" ten="40,3900,0" yaku="1,1,52,1,53,0" doraHai="21" doraHaiUra="99" who="1" fromWho="0" sc="502,-42,295,52,185,0,8,0" /><INIT seed="1,2,0,1,4,11" ten="460,347,185,8" oya="1" hai0="87,60,101,88,56,83,113,5,35,122,64,59,2" hai1="66,90,84,61,52,25,30,4,106,54,19,17,8" hai2="104,23,72,34,116,41,62,57,110,92,133,40,98" hai3="100,99,45,67,75,27,79,33,0,16,9,103,73"/><U76/><E106/><V36/><F116/><W128/><G128/><T10/><D35/><U95/><E76/><V6/><F34/><W14/><G67/><T22/><D113/><U48/><E19/><V89/><F72/><W117/><G117/><T115/><D115/><U29/><E17/><V121/><F110/><W124/><G124/><T42/><D101/><U38/><E38/><V46/><F41/><W44/><G103/><T129/><D129/><U70/><E25/><V63/><F121/><W53/><G53/><T37/><D122/><U18/><E18/><V119/><F119/><W65/><G65/><T85/><D22/><U105/><E105/><V96/><F96/><W50/><G50/><T112/><D112/><U68/><E68/><V55/><F104/><W47/><G79/><T39/><D42/><U80/><E95/><V13/><F133/><W131/><G131/><T74/><D74/><U91/><E91/><V132/><F23/><W49/><G49/><T93/><D59/><U82/><E82/><V7/><F132/><W69/><G69/><T111/><D111/><U118/><E118/><V134/><F134/><W107/><G0/><T126/><D126/><U97/><E97/><V26/><F98/><W32/><G32/><T21/><D21/><U15/><REACH who="1" step="1"/><E54/><REACH who="1" ten="460,337,185,8" step="2"/><V81/><F55/><W123/><G123/><T130/><D130/><U114/><E114/><V28/><F36/><W135/><G135/><T109/><D109/><U127/><E127/><V102/><F89/><AGARI ba="2,1" hai="2,5,10,37,39,56,60,64,83,85,87,88,89,93" machi="89" ten="30,2000,0" yaku="7,1,54,1" doraHai="11" who="0" fromWho="2" sc="460,36,337,0,185,-26,8,0" /><INIT seed="2,0,0,5,1,53" ten="496,337,159,8" oya="2" hai0="40,101,130,128,19,88,41,54,91,29,46,76,2" hai1="89,66,57,35,115,72,78,38,117,104,42,90,120" hai2="48,116,16,10,64,47,107,81,5,34,31,75,99" hai3="18,95,7,112,111,123,86,74,56,73,27,77,79"/><V24/><F116/><W65/><G111/><T33/><D2/><U133/><E35/><V83/><F64/><W98/><G112/><T58/><D101/><U12/><E104/><V103/><F75/><W39/><G39/><T45/><D76/><N who="3" m="29257" /><G123/><T105/><D105/><U25/><E117/><V52/><REACH who="2" step="1"/><F16/><REACH who="2" ten="496,337,149,8" step="2"/><W108/><G74/><T22/><D19/><U97/><E66/><V68/><F68/><W106/><G73/><T118/><D118/><U124/><E115/><V9/><F9/><W20/><G108/><T1/><D130/><U92/><E120/><V135/><F135/><W4/><G106/><T67/><D128/><U43/><E133/><V23/><F23/><W49/><G86/><T87/><D67/><U59/><E72/><V69/><F69/><W6/><G65/><T37/><D22/><U55/><E25/><V8/><F8/><W96/><G95/><T51/><D33/><U94/><E92/><V26/><F26/><W32/><G32/><T110/><D110/><U93/><E94/><V63/><F63/><W121/><G121/><T50/><D29/><U113/><E93/><V134/><F134/><W60/><G60/><T28/><D28/><U129/><E113/><V84/><F84/><W119/><G119/><T70/><D70/><U109/><E129/><V80/><F80/><W131/><G131/><T126/><D87/><U17/><E109/><V71/><F71/><W85/><G85/><T122/><D122/><U14/><E17/><V61/><F61/><W132/><G132/><T30/><D30/><U15/><E97/><V114/><F114/><RYUUKYOKU ba="0,1" sc="496,-15,337,-15,149,15,8,15" hai2="5,10,24,31,34,47,48,52,81,83,99,103,107" hai3="4,6,7,18,20,27,49,56,96,98" /><INIT seed="2,1,1,5,1,117" ten="481,322,164,23" oya="2" hai0="42,87,103,54,74,68,40,121,28,11,104,118,82" hai1="21,37,5,59,119,51,107,45,7,35,71,98,27" hai2="55,60,62,0,133,92,90,13,124,132,91,63,94" hai3="130,66,96,128,23,70,78,64,93,114,73,31,102"/><V129/><F0/><W41/><G114/><T6/><D121/><U109/><E71/><V101/><F101/><W34/><G41/><T24/><D74/><U106/><E119/><V134/><F13/><W105/><G23/><T22/><D68/><U38/><E35/><V80/><F80/><W50/><G50/><T58/><D103/><U88/><E109/><V85/><F124/><W72/><G93/><T1/><D104/><U32/><E32/><V135/><F129/><W4/><G4/><T99/><D99/><U36/><E59/><V48/><N who="2" m="33792" /><DORA hai="3" /><V56/><REACH who="2" step="1"/><F48/><REACH who="2" ten="481,322,154,23" step="2"/><W30/><G30/><T15/><D1/><U123/><E51/><V43/><F43/><W8/><G8/><T75/><D118/><U52/><E38/><V95/><F95/><W47/><G47/><T83/><D83/><U2/><E36/><V116/><F116/><W19/><G19/><T49/><D42/><U125/><E2/><V97/><AGARI ba="1,2" hai="55,56,60,62,63,85,90,91,92,94,97" m="33792" machi="97" ten="60,11700,0" yaku="1,1,0,1,20,1,53,0" doraHai="117,3" doraHaiUra="10,108" who="2" fromWho="2" sc="481,-40,322,-40,154,140,23,-40" owari="441,55.0,282,-12.0,294,9.0,-17,-52.0" /></mjloggm>