<mjloggm ver="2.3"><GO type="225" lobby="0"/><UN n0="%E3%83%9C%E3%83%AD%E3%83%83%E3%83%86" n1="%E5%B0%B1%E6%B4%BB%E7%94%9F%40%E5%B7%9D%E6%9D%91%E8%BB%8D%E5%9B%A3" n2="%E9%AC%BC%E5%8F%A3%E3%81%BE%E3%81%93%E3%81%A8" n3="%E3%81%AF%E3%81%BF%E3%82%82%E3%82%93" dan="16,17,16,17" rate="2109.42,2086.95,2218.69,2178.96" sx="M,M,M,M"/><TAIKYOKU oya="0"/><INIT seed="0,0,0,5,1,114" ten="250,250,250,250" oya="0" hai0="31,59,122,124,19,128,69,121,110,126,46,61,65" hai1="101,21,14,11,38,32,106,42,98,74,17,44,80" hai2="16,111,86,60,123,134,83,43,49,58,55,9,26" hai3="39,54,67,129,7,119,27,112,45,73,50,135,47"/><T87/><D31/><U51/><E32/><V20/><F111/><W91/><G73/><T82/><D19/><U66/><E66/><V33/><F134/><W41/><G7/><T48/><D87/><U8/><E74/><V5/><F33/><W13/><G112/><T23/><D23/><U97/><E97/><V88/><F123/><W103/><G103/><T52/><D82/><U64/><E64/><V104/><F104/><W79/><G79/><T105/><D105/><U24/><E80/><V127/><F127/><N who="0" m="48682" /><D128/><U131/><E131/><V78/><F43/><W94/><G27/><T2/><D2/><U96/><E96/><V92/><F49/><W84/><G135/><T15/><D15/><U116/><E116/><V4/><REACH who="2" step="1"/><F9/><REACH who="2" ten="250,250,240,250" step="2"/><W57/><G50/><N who="0" m="31127" /><D110/><U115/><E115/><V90/><F90/><W81/><G91/><T25/><D25/><U0/><E0/><V99/><AGARI ba="0,1" hai="4,5,16,20,26,55,58,60,78,83,86,88,92,99" machi="99" ten="20,16000,3" yaku="1,1,0,1,7,1,25,2,8,1,54,2,53,0" doraHai="114" doraHaiUra="28" who="2" fromWho="2" sc="250,-80,250,-40,240,170,250,-40" /><INIT seed="1,0,0,4,2,41" ten="170,210,410,210" oya="1" hai0="39,77,67,30,115,35,38,104,65,40,74,54,7" hai1="85,56,88,80,58,130,118,15,98,81,20,10,127" hai2="71,135,105,91,72,12,87,89,18,96,16,97,3" hai3="53,6,128,42,23,27,24,107,45,79,90,0,5"/><U112/><E118/><V33/><F3/><W119/><G107/><T83/><D104/><U47/><E112/><V75/><F33/><W37/><G128/><T62/><D115/><U121/><E121/><V25/><F71/><W76/><G119/><T21/><D35/><U126/><E130/><V48/><F105/><W69/><G69/><T134/><D134/><U93/><E20/><N who="2" m="13447" /><F72/><W49/><G24/><T113/><D113/><U133/><E133/><V14/><F75/><W32/><G32/><T60/><D39/><U57/><E47/><V120/><F120/><W29/><G90/><N who="2" m="34313" /><F87/><W70/><G70/><T132/><D132/><U66/><E66/><V17/><F135/><W52/><G0/><T110/><D110/><U78/><REACH who="1" step="1"/><E80/><REACH who="1" ten="170,200,410,210" step="2"/><V116/><F116/><W11/><G23/><T22/><D22/><U129/><E129/><V28/><F28/><W46/><G29/><T111/><D21/><U2/><E2/><V26/><F26/><W99/><G27/><T114/><D30/><U34/><E34/><V68/><F12/><W125/><G11/><T101/><D111/><U102/><E102/><V117/><F117/><W94/><G46/><N who="0" m="23831" /><D101/><U131/><E131/><V84/><F14/><W108/><G108/><T59/><D114/><U31/><E31/><V100/><F100/><W61/><G45/><T13/><D67/><U63/><E63/><V124/><F124/><W4/><G61/><N who="0" m="36087" /><D65/><U123/><E123/><V109/><F109/><W64/><G64/><T106/><D106/><U50/><E50/><V8/><F68/><W95/><G49/><T44/><D44/><RYUUKYOKU ba="0,1" sc="170,15,200,15,410,-15,210,-15" hai0="7,13,60,62,74,77,83" hai1="10,15,56,57,58,78,81,85,88,93,98,126,127" /><INIT seed="1,1,1,1,1,126" ten="185,215,395,195" oya="1" hai0="12,41,68,117,86,83,16,125,48,74,58,24,98" hai1="55,82,64,65,130,10,110,59,47,1,94,120,119" hai2="101,11,127,75,135,26,20,31,122,129,37,29,93" hai3="76,27,115,105,92,77,7,84,124,34,0,56,38"/><U79/><E119/><V109/><F37/><W39/><G105/><T62/><D117/><U35/><E120/><V22/><F75/><W21/><G34/><T131/><D125/><U123/><E123/><V70/><F70/><W116/><G115/><T15/><D74/><U67/><E35/><V23/><F122/><W6/><G39/><T100/><D68/><U103/><E110/><V4/><F127/><W80/><G38/><T18/><D18/><U104/><E104/><V87/><F87/><W96/><G77/><T60/><D60/><U14/><E1/><N who="2" m="399" /><F93/><W113/><G0/><T61/><D61/><U134/><E134/><V57/><F57/><W121/><G113/><T69/><D69/><U42/><E130/><V132/><F101/><W52/><G116/><T43/><D43/><U97/><E47/><V66/><F66/><W54/><G54/><T46/><D131/><U53/><E42/><V89/><F89/><N who="3" m="55311" /><G124/><T30/><D30/><N who="2" m="11274" /><F129/><W19/><G121/><T112/><D112/><U90/><E103/><V81/><F81/><W133/><G133/><N who="2" m="51273" /><F109/><W78/><G78/><T95/><D58/><U33/><E33/><V45/><F45/><W50/><AGARI ba="1,1" hai="6,7,19,21,27,50,52,56,76,80,84" m="55311" machi="50" ten="30,2000,0" yaku="8,1,54,1" doraHai="126" who="3" fromWho="3" sc="185,-6,215,-11,395,-6,195,33" /><INIT seed="2,0,0,2,2,79" ten="179,204,389,228" oya="2" hai0="96,40,78,127,119,121,118,0,125,28,69,84,105" hai1="18,85,51,83,108,52,13,43,12,11,110,129,37" hai2="14,109,46,10,106,65,72,123,20,48,21,130,3" hai3="17,100,82,27,36,38,42,31,94,67,131,6,63"/><V39/><F106/><W117/><G6/><T89/><D69/><U73/><E73/><V102/><F102/><W50/><G17/><T90/><D0/><U60/><E129/><V104/><F104/><W74/><G117/><N who="0" m="44555" /><D40/><U93/><E93/><V45/><F3/><W116/><G50/><T34/><D34/><U95/><E95/><V132/><F65/><W41/><G131/><T15/><D15/><N who="1" m="7551" /><E60/><V81/><F48/><W71/><G38/><T59/><D59/><N who="1" m="33183" /><E43/><V76/><F46/><W33/><G36/><T49/><D49/><U97/><E97/><V61/><F61/><W32/><G32/><T77/><D28/><U44/><E44/><V101/><F45/><W55/><G116/><T88/><D121/><U111/><E37/><V26/><F123/><W80/><G55/><T86/><D86/><U56/><E56/><V4/><F39/><W22/><G33/><T47/><D47/><U8/><E8/><V66/><F10/><W1/><G1/><T53/><D53/><U124/><E124/><N who="0" m="47689" /><D84/><U62/><E62/><V112/><F66/><W103/><G42/><T91/><N who="0" m="22528" /><DORA hai="128" /><T19/><D19/><U135/><E135/><V107/><F132/><W25/><G41/><T115/><D115/><U114/><E114/><V122/><F112/><W58/><G71/><T35/><D35/><U30/><E30/><V5/><F122/><W23/><G31/><T9/><D9/><U2/><E2/><V54/><F54/><W68/><G58/><T7/><D7/><U98/><E98/><V57/><F4/><W75/><G68/><T126/><D126/><RYUUKYOKU ba="0,0" sc="179,15,204,15,389,-15,228,-15" hai0="77,78,96,105" hai1="12,13,83,85,108,110,111" /><INIT seed="3,1,0,1,2,33" ten="194,219,374,213" oya="3" hai0="2,96,123,89,23,51,100,129,69,54,35,86,101" hai1="90,132,32,103,74,6,21,105,133,102,7,77,67" hai2="16,82,92,106,20,44,57,88,61,59,43,65,64" hai3="24,81,115,13,1,66,28,130,42,68,38,122,114"/><W116/><G1/><T15/><D123/><U52/><E32/><V60/><F106/><W97/><G122/><T109/><D69/><U85/><E67/><V76/><F82/><W56/><G116/><T49/><D35/><U83/><E52/><V4/><F76/><W11/><G68/><T41/><D41/><U62/><E62/><V99/><F4/><N who="1" m="1577" /><E21/><V58/><F58/><W3/><G3/><T5/><D129/><U118/><E118/><V94/><F94/><W120/><G130/><T30/><D109/><U111/><E111/><V22/><F16/><W19/><G120/><T127/><D127/><U26/><E26/><V12/><F12/><W75/><G24/><T80/><D51/><AGARI ba="1,0" hai="20,22,43,44,51,57,59,60,61,64,65,88,92,99" machi="51" ten="30,7700,0" yaku="7,1,9,1,8,1,54,1" doraHai="33" who="2" fromWho="0" sc="194,-80,219,0,374,80,213,0" owari="114,-39.0,219,2.0,454,56.0,213,-19.0" /></mjloggm>