<mjloggm ver="2.3"><GO type="169" lobby="0"/><UN n0="%30%30%73%61%69" n1="%E3%82%A6%E3%83%AB%E3%83%88%E3%83%A9%E7%AB%8B%E7%9B%B4" n2="%E3%81%9F%E3%82%93%E3%81%AB%E3%82%83%E3%81%8A%EF%BC%81" n3="%E9%B7%B9%E6%AD%A3%E3%81%AE%E5%80%85%EF%BC%9D%E5%AF%8C%E7%8C%AB" dan="16,17,16,16" rate="2086.94,2160.16,2072.82,2051.88" sx="M,M,M,M"/><TAIKYOKU oya="0"/><INIT seed="0,0,0,2,2,113" ten="250,250,250,250" oya="0" hai0="35,41,60,18,59,132,97,128,69,34,37,43,86" hai1="85,134,45,30,6,72,99,5,71,46,114,88,119" hai2="9,135,84,125,2,90,27,94,61,112,48,20,109" hai3="63,31,123,121,8,52,51,26,0,1,117,102,78"/><T122/><D122/><N who="3" m="46601" /><G102/><T16/><D69/><U127/><E72/><V15/><F112/><W111/><G111/><T7/><D35/><U91/><E71/><V89/><F2/><W96/><G96/><T126/><D34/><U62/><E30/><V76/><F109/><W10/><G63/><T39/><D39/><U133/><E62/><V36/><F36/><W3/><G78/><T110/><D37/><U67/><E67/><V98/><F135/><W54/><G117/><T80/><D132/><N who="1" m="50795" /><E127/><V108/><F108/><W32/><G54/><N who="0" m="33911" /><D7/><N who="1" m="2571" /><E114/><V104/><F104/><W130/><G130/><T19/><D128/><U95/><E119/><V107/><F125/><W21/><G32/><T12/><D126/><U29/><E29/><V81/><F61/><W120/><N who="3" m="46609" /><W57/><AGARI ba="0,0" hai="0,1,3,8,10,21,26,31,51,52,57" m="46609" machi="57" ten="50,6400,0" yaku="4,1,13,1,54,1" doraHai="113" who="3" fromWho="3" sc="250,-32,250,-16,250,-16,250,64" /><INIT seed="1,0,0,4,3,71" ten="218,234,234,314" oya="1" hai0="11,12,92,117,127,70,24,36,78,26,125,19,65" hai1="103,2,105,98,25,73,74,132,93,104,69,126,54" hai2="57,58,29,106,131,82,44,46,79,100,6,13,41" hai3="18,134,84,30,123,8,15,42,64,128,31,7,21"/><U4/><E69/><V50/><F131/><W135/><G123/><T62/><D117/><U109/><E4/><V130/><F130/><W97/><G128/><T120/><D120/><U99/><E2/><V122/><F122/><W113/><G113/><T77/><D92/><N who="1" m="58855" /><E54/><V34/><F106/><N who="1" m="41065" /><E25/><N who="0" m="9833" /><D36/><U83/><E126/><AGARI ba="0,0" hai="11,12,19,62,65,70,77,78,125,126,127" m="9833" machi="126" ten="30,1000,0" yaku="18,1" doraHai="71" who="0" fromWho="1" sc="218,10,234,-10,234,0,314,0" /><INIT seed="2,0,0,5,4,114" ten="228,224,234,314" oya="2" hai0="58,107,112,37,24,130,52,4,45,69,17,95,26" hai1="12,92,85,63,86,103,18,127,82,111,75,40,5" hai2="102,7,55,72,98,121,104,32,89,105,46,116,0" hai3="73,22,80,115,132,106,28,79,35,9,97,11,25"/><V128/><F32/><W93/><G115/><T100/><D107/><U3/><E127/><V33/><F33/><W2/><G132/><T8/><D69/><U29/><E111/><V76/><F121/><W83/><G83/><T34/><D112/><U67/><E29/><V113/><F113/><W14/><G2/><T134/><D134/><U87/><E75/><V65/><F65/><W38/><G38/><T42/><D130/><U41/><E5/><V109/><F128/><W90/><G35/><T20/><D34/><U10/><E3/><V66/><F66/><W129/><G129/><T60/><D26/><U125/><E125/><V96/><F109/><W39/><G39/><T49/><D37/><U54/><E54/><V101/><F89/><W30/><G11/><T44/><D44/><U21/><E10/><N who="2" m="2407" /><F55/><W126/><G126/><T70/><D70/><U51/><E82/><N who="2" m="45319" /><F46/><W62/><G62/><T23/><D23/><U122/><E122/><V56/><F56/><W19/><REACH who="3" step="1"/><G106/><REACH who="3" ten="228,224,234,304" step="2"/><T88/><D8/><U77/><E77/><V91/><F104/><W131/><G131/><T110/><D110/><U133/><E133/><V27/><F105/><W68/><G68/><T50/><D4/><AGARI ba="0,1" hai="4,9,14,19,22,25,28,30,73,79,80,90,93,97" machi="4" ten="30,3900,0" yaku="1,1,7,1,53,1" doraHai="114" doraHaiUra="84" who="3" fromWho="0" sc="228,-39,224,0,234,0,304,49" /><INIT seed="3,0,0,2,4,120" ten="189,224,234,353" oya="3" hai0="71,118,7,31,128,74,16,27,116,113,117,59,84" hai1="86,87,90,88,57,18,89,83,0,42,5,54,127" hai2="39,80,134,21,62,104,101,14,36,76,108,122,24" hai3="68,46,17,131,73,65,58,35,29,49,13,66,48"/><W121/><G121/><T12/><D74/><U2/><E127/><V47/><F122/><W98/><G73/><T51/><D71/><U28/><E28/><V25/><F134/><W77/><G77/><T19/><D84/><U133/><E133/><V123/><F123/><W72/><G72/><T6/><D59/><U75/><E42/><V94/><F104/><W81/><G81/><T109/><D51/><U41/><E41/><V110/><F14/><W111/><G68/><T135/><D135/><U3/><E18/><N who="0" m="6697" /><D128/><U43/><E43/><N who="2" m="23039" /><F36/><W37/><G37/><T23/><D113/><U93/><E75/><N who="2" m="43039" /><F62/><W10/><G46/><T126/><D126/><U85/><E83/><V30/><F25/><W91/><G131/><T26/><D12/><U102/><E102/><V33/><F101/><W40/><G40/><T105/><D105/><U34/><E34/><V22/><F94/><W79/><G79/><T96/><D96/><U4/><E93/><V99/><F99/><W67/><G91/><T82/><D82/><U11/><E11/><V64/><F64/><W103/><G98/><T56/><D56/><U55/><E57/><V50/><F50/><W69/><G103/><T112/><D112/><U132/><E132/><V20/><F33/><W78/><G78/><T129/><D129/><U61/><E61/><V32/><F32/><W15/><G15/><T106/><D106/><U9/><E9/><V45/><F30/><W92/><G92/><T124/><D124/><U95/><E95/><V115/><F115/><W52/><G69/><T53/><D31/><U60/><E60/><RYUUKYOKU ba="0,0" sc="189,-10,224,30,234,-10,353,-10" hai1="0,2,3,4,5,54,55,85,86,87,88,89,90" /><INIT seed="4,1,0,4,2,104" ten="179,254,224,343" oya="0" hai0="15,37,79,103,64,135,23,126,26,92,116,49,87" hai1="36,55,67,8,123,69,62,46,99,93,45,66,0" hai2="65,118,84,41,115,131,10,18,16,59,95,12,34" hai3="47,86,30,20,28,81,89,80,82,132,72,120,31"/><T52/><D37/><U134/><E123/><V119/><F34/><W105/><G105/><T88/><D116/><N who="2" m="44586" /><F115/><W4/><G120/><T60/><D126/><U19/><E134/><V73/><F131/><W91/><G132/><T25/><D135/><U33/><E33/><V53/><F41/><W58/><G72/><T85/><D103/><U57/><E36/><V90/><F65/><W44/><G58/><N who="0" m="36887" /><D15/><U101/><E67/><V61/><F73/><W50/><G4/><AGARI ba="1,0" hai="4,10,12,16,18,53,59,61,84,90,95" m="44586" machi="4" ten="30,2000,0" yaku="12,1,54,1" doraHai="104" who="2" fromWho="3" sc="179,0,254,0,224,23,343,-23" /><INIT seed="5,0,0,1,1,135" ten="179,254,247,320" oya="1" hai0="33,82,89,114,91,16,125,36,51,23,100,67,44" hai1="43,94,8,3,26,25,123,1,21,130,35,32,38" hai2="131,2,45,115,20,9,70,4,132,92,90,40,118" hai3="30,78,93,104,7,62,85,18,126,66,72,108,28"/><U81/><E43/><V14/><F70/><W95/><G104/><T133/><D36/><U58/><E38/><V11/><F118/><W84/><G72/><T134/><D33/><U111/><E58/><V75/><F75/><W88/><G7/><T64/><D114/><U34/><E81/><V56/><F132/><N who="0" m="50794" /><D100/><U121/><E94/><V86/><F131/><W17/><G126/><T6/><D6/><U83/><E83/><V98/><F115/><W110/><G62/><T46/><D125/><U65/><E65/><N who="0" m="25161" /><D82/><U0/><E130/><V53/><F20/><W55/><G66/><T74/><D74/><U39/><E39/><V49/><F98/><W101/><G55/><N who="0" m="30183" /><D46/><U50/><E50/><V73/><F73/><W76/><G101/><T96/><D96/><U60/><E60/><V54/><F2/><W103/><G103/><T99/><D99/><U59/><E8/><V24/><F11/><W116/><G116/><T52/><D52/><U71/><E21/><V124/><F54/><W77/><G77/><T42/><D42/><U107/><E107/><V129/><F129/><W19/><G78/><T57/><D57/><U79/><E79/><V10/><F10/><W120/><G76/><T13/><AGARI ba="0,0" hai="13,16,23,89,91" m="30183,25161,50794" machi="13" ten="30,2000,0" yaku="20,1,54,1" doraHai="135" who="0" fromWho="0" sc="179,20,254,-10,247,-5,320,-5" /><INIT seed="6,0,0,3,2,49" ten="199,244,242,315" oya="2" hai0="13,96,3,15,104,98,25,52,70,108,50,8,116" hai1="66,78,48,43,87,134,91,42,69,0,84,124,77" hai2="109,34,106,60,120,35,102,53,100,101,30,90,44" hai3="86,117,126,7,6,61,45,4,22,125,76,56,119"/><V122/><F106/><W58/><G45/><N who="0" m="27727" /><D70/><U12/><E0/><V28/><F90/><W92/><G22/><T85/><D104/><U16/><E124/><N who="3" m="47722" /><G58/><T59/><D108/><U36/><E36/><V115/><F109/><W33/><G33/><T88/><D3/><U121/><E134/><V72/><F72/><W80/><G92/><N who="0" m="54287" /><D116/><U103/><E103/><V54/><F44/><W38/><G38/><T82/><D82/><U62/><E121/><N who="2" m="46699" /><F60/><W57/><G57/><T95/><D25/><U2/><E2/><V128/><F128/><W113/><G113/><T107/><D107/><U94/><E48/><V65/><F65/><AGARI ba="0,0" hai="4,6,7,56,61,65,76,80,86,117,119" m="47722" machi="65" ten="30,1000,0" yaku="18,1" doraHai="49" who="3" fromWho="2" sc="199,0,244,0,242,-10,315,10" /><INIT seed="7,0,0,4,2,96" ten="199,244,232,325" oya="3" hai0="117,88,22,30,54,2,76,107,26,47,25,23,122" hai1="60,112,95,86,65,13,104,58,4,135,125,39,17" hai2="50,102,45,44,127,28,52,42,133,77,94,7,70" hai3="64,41,35,114,69,66,101,72,3,82,131,1,20"/><W15/><G35/><T109/><D109/><U53/><E104/><V93/><F70/><W92/><G41/><T63/><D117/><U40/><E112/><V126/><F133/><W119/><G69/><T18/><D122/><U84/><E4/><V110/><F110/><W81/><G20/><T115/><D2/><U62/><E40/><V98/><F7/><W103/><G92/><T130/><D107/><U111/><E39/><N who="2" m="21599" /><F28/><W132/><G15/><T49/><D130/><U85/><E125/><N who="2" m="47627" /><F77/><W14/><G14/><T19/><D115/><U36/><E36/><V99/><F99/><W56/><G72/><T21/><D76/><U118/><E118/><V46/><F94/><W134/><G114/><T89/><D63/><U57/><E111/><V71/><F71/><W43/><G43/><T116/><D116/><U105/><E105/><V0/><F0/><W97/><G97/><T9/><D9/><N who="1" m="6319" /><E135/><V27/><F27/><AGARI ba="0,0" hai="18,19,21,22,23,25,26,27,30,47,49,54,88,89" machi="27" ten="30,7700,0" yaku="7,1,9,1,8,1,54,1" doraHai="96" who="0" fromWho="2" sc="199,77,244,0,232,-77,325,0" owari="276,8.0,244,-16.0,155,-34.0,325,42.0" /></mjloggm>