<mjloggm ver="2.3"><GO type="169" lobby="0"/><UN n0="%E3%82%A6%E3%83%AB%E3%83%88%E3%83%A9%E7%AB%8B%E7%9B%B4" n1="%4B%69%72%63%68%65" n2="%61%69%73%79%6F" n3="%E3%83%95%E3%82%A7%E3%83%AB%E3%83%A1%E3%83%BC%E3%83%AB" dan="17,16,18,16" rate="2154.38,2082.16,2224.49,2128.52" sx="M,M,M,M"/><TAIKYOKU oya="0"/><INIT seed="0,0,0,2,5,103" ten="250,250,250,250" oya="0" hai0="59,42,5,47,19,95,93,56,65,107,99,77,62" hai1="3,39,12,45,132,35,66,112,125,86,31,98,120" hai2="18,119,38,40,111,104,76,44,69,110,121,73,36" hai3="1,43,37,11,84,9,58,33,68,22,4,102,34"/><T54/><D5/><U109/><E3/><V135/><F121/><W17/><G68/><T122/><D122/><U71/><E120/><V0/><F119/><W85/><G11/><T72/><D72/><U123/><E123/><V133/><F18/><W134/><G134/><N who="2" m="51209" /><F38/><W55/><G85/><T83/><D19/><U24/><E112/><V97/><F69/><W21/><G21/><T115/><D115/><U2/><E2/><V64/><F64/><W116/><G116/><T127/><D127/><U53/><E125/><V128/><F128/><W94/><G43/><T89/><D95/><U90/><E98/><V131/><F0/><W124/><G37/><T78/><D107/><U15/><E109/><N who="2" m="41483" /><F131/><W49/><G124/><T96/><D96/><U80/><E39/><V130/><F130/><W41/><G41/><T7/><D7/><U92/><E71/><V57/><F57/><W82/><G102/><T79/><D42/><U48/><E66/><V75/><F76/><W63/><G63/><T67/><D67/><U26/><E132/><V60/><F60/><W51/><G51/><N who="0" m="29055" /><D59/><U129/><E129/><V106/><F106/><W114/><G114/><T46/><D46/><U61/><E61/><V70/><F70/><W50/><G50/><T87/><AGARI ba="0,0" hai="56,62,65,77,78,79,83,87,89,93,99" m="29055" machi="87" ten="30,1500,0" yaku="8,1" doraHai="103" who="0" fromWho="0" sc="250,15,250,-5,250,-5,250,-5" /><INIT seed="0,1,0,3,3,11" ten="265,245,245,245" oya="0" hai0="49,43,42,123,107,134,9,106,39,70,7,60,31" hai1="114,13,75,82,105,129,26,23,91,90,19,3,32" hai2="68,15,77,69,71,72,48,95,2,81,133,40,57" hai3="54,73,55,29,110,112,117,97,89,4,104,83,122"/><T52/><D123/><U37/><E37/><V10/><F133/><W36/><G112/><T33/><D134/><U63/><E114/><V130/><F130/><W99/><G117/><T0/><D31/><U100/><E129/><V135/><F135/><W14/><G36/><T46/><D33/><U66/><E3/><V67/><F2/><W65/><G122/><T76/><D76/><U132/><E132/><V93/><F67/><W79/><G65/><N who="0" m="41255" /><D43/><U59/><E105/><V88/><F40/><W96/><G104/><T53/><D53/><U120/><E100/><V62/><F48/><W85/><G29/><T111/><D111/><U25/><E32/><V27/><F27/><W121/><G121/><T87/><D87/><U12/><E120/><V51/><F51/><W38/><G38/><T101/><D101/><U56/><E59/><AGARI ba="1,0" hai="0,7,9,39,42,46,49,52,59,106,107" m="41255" machi="59" ten="30,2900,0" yaku="24,1,54,1" doraHai="11" who="0" fromWho="1" sc="265,32,245,-32,245,0,245,0" /><INIT seed="0,2,0,0,5,76" ten="297,213,245,245" oya="0" hai0="135,34,40,102,47,124,100,117,129,24,50,55,96" hai1="112,2,125,83,36,26,106,107,75,56,62,54,5" hai2="33,78,4,115,131,66,133,59,32,85,82,81,28" hai3="98,122,111,114,57,123,35,14,23,130,86,7,108"/><T109/><D117/><U60/><E36/><V79/><F115/><W95/><G114/><T21/><D34/><U121/><E112/><V13/><F133/><W20/><G35/><T119/><D119/><U93/><E121/><N who="3" m="46090" /><G130/><T25/><D129/><U51/><E125/><V10/><F131/><W94/><G57/><T80/><D124/><U19/><E107/><V61/><REACH who="2" step="1"/><F28/><REACH who="2" ten="297,213,235,245" step="2"/><W1/><G108/><T8/><D135/><U49/><E106/><V46/><F46/><W12/><G111/><T58/><D109/><U53/><E2/><V89/><F89/><W101/><G1/><T6/><D100/><U27/><E5/><V90/><F90/><N who="3" m="53591" /><G7/><T67/><D102/><U134/><E134/><V127/><F127/><W70/><G70/><T71/><D71/><U41/><E19/><V97/><F97/><W88/><G101/><T48/><D96/><U39/><E39/><V43/><F43/><W110/><G110/><T38/><D38/><U37/><E41/><V15/><F15/><AGARI ba="2,1" hai="12,14,15,20,23,88,95,98" m="53591,46090" machi="15" ten="30,2000,0" yaku="13,1,54,1" doraHai="76" who="3" fromWho="2" sc="297,0,213,0,235,-26,245,36" /><INIT seed="1,0,0,5,5,1" ten="297,213,209,281" oya="1" hai0="135,59,51,60,97,56,47,65,55,76,78,109,19" hai1="5,84,104,72,11,20,37,12,134,77,75,10,30" hai2="124,96,123,54,63,29,118,116,102,31,39,112,71" hai3="115,14,105,38,79,3,43,28,90,22,8,80,121"/><U23/><E104/><V83/><F123/><W49/><G121/><T34/><D34/><U126/><E37/><V130/><F112/><W103/><G105/><T128/><D109/><U73/><E126/><V119/><F39/><W82/><G103/><T122/><D128/><U24/><E134/><V52/><F130/><W46/><G115/><T106/><D135/><U25/><E84/><V111/><F111/><W45/><G90/><T66/><D122/><U117/><E117/><V40/><F40/><W64/><G64/><T95/><D106/><U0/><E77/><V101/><F124/><W4/><G79/><T87/><D87/><U94/><E94/><V44/><F83/><W113/><G113/><T69/><D19/><U132/><E132/><V125/><F125/><W53/><G14/><T57/><REACH who="0" step="1"/><D66/><REACH who="0" ten="287,213,209,281" step="2"/><U89/><E89/><AGARI ba="0,1" hai="47,51,55,56,57,59,60,65,69,76,78,89,95,97" machi="89" ten="40,5200,0" yaku="1,1,2,1,53,1" doraHai="1" doraHaiUra="48" who="0" fromWho="1" sc="287,62,213,-52,209,0,281,0" /><INIT seed="2,0,0,1,4,24" ten="349,161,209,281" oya="2" hai0="81,26,128,122,7,23,57,6,40,116,30,92,12" hai1="68,78,131,134,93,126,59,42,5,21,100,36,61" hai2="101,53,117,16,112,83,51,129,27,109,124,121,123" hai3="73,133,14,18,79,106,76,34,97,118,0,17,98"/><V54/><F117/><W47/><G118/><T95/><D122/><U70/><E126/><V119/><F112/><W48/><G0/><T25/><D128/><U77/><E131/><V11/><F124/><W104/><G133/><T63/><D116/><U1/><E134/><V86/><F101/><W32/><G48/><T46/><D81/><U13/><E1/><V20/><F129/><W66/><G47/><T130/><D130/><U38/><E70/><V111/><F11/><W94/><G66/><T74/><D74/><U52/><E68/><V43/><F43/><W9/><G73/><T58/><D26/><U4/><E38/><V67/><F67/><W120/><G94/><T113/><D58/><U60/><E60/><V56/><F53/><W29/><G9/><N who="0" m="4151" /><D7/><N who="1" m="2635" /><E42/><V45/><F56/><W50/><G50/><N who="0" m="26951" /><D113/><U37/><E37/><V15/><F119/><W127/><G127/><T62/><D62/><U85/><E36/><V8/><F123/><W115/><G120/><T31/><D31/><U114/><E114/><V3/><F3/><W132/><G132/><T72/><D72/><U99/><E85/><V71/><F71/><W87/><G115/><T84/><D84/><U88/><E100/><V90/><REACH who="2" step="1"/><F121/><REACH who="2" ten="349,161,199,281" step="2"/><W49/><G87/><T75/><D75/><U19/><AGARI ba="0,1" hai="13,19,21,52,59,61,77,78,88,93,99" m="2635" machi="19" ten="30,4000,0" yaku="8,1,54,2" doraHai="24" who="1" fromWho="1" sc="349,-10,161,50,199,-20,281,-10" /><INIT seed="3,0,0,1,1,33" ten="339,211,179,271" oya="3" hai0="89,8,86,49,119,10,110,67,132,91,42,43,95" hai1="133,118,6,98,15,111,0,78,135,90,14,1,107" hai2="46,23,18,48,102,103,68,54,76,74,65,41,101" hai3="117,25,4,39,24,77,20,21,26,5,108,13,70"/><W131/><G117/><T87/><D110/><U81/><E111/><V121/><F121/><W61/><G108/><T7/><D119/><U134/><E118/><V28/><F28/><W32/><G39/><T128/><D128/><U56/><E56/><V60/><F76/><W64/><G32/><T79/><D132/><U30/><E30/><V122/><F74/><W59/><G131/><T123/><D123/><U104/><E90/><V55/><REACH who="2" step="1"/><F122/><REACH who="2" ten="339,211,169,271" step="2"/><W45/><G77/><T40/><D79/><U88/><E78/><V109/><F109/><W130/><G130/><T63/><D40/><U94/><E81/><V73/><F73/><W92/><G92/><T66/><D42/><U2/><E6/><V50/><F50/><W82/><G82/><T85/><D49/><U83/><E83/><V116/><F116/><W96/><G5/><T71/><D43/><U51/><E51/><V22/><F22/><W75/><G75/><T3/><D95/><U37/><E37/><V69/><F69/><W29/><G70/><T97/><D71/><U57/><E57/><V84/><F84/><W125/><G96/><T115/><D87/><U106/><AGARI ba="0,1" hai="0,1,2,14,15,88,94,98,104,106,107,133,134,135" machi="106" ten="50,16000,3" yaku="0,1,29,2,20,1,52,3,54,1" doraHai="33" who="1" fromWho="1" sc="339,-40,211,170,169,-40,271,-80" /><INIT seed="4,0,0,2,0,33" ten="299,381,129,191" oya="0" hai0="65,55,126,121,64,77,17,48,117,62,19,87,94" hai1="105,47,28,27,104,99,32,97,40,128,106,69,4" hai2="115,26,111,68,15,34,127,73,5,103,11,81,133" hai3="3,49,120,70,129,96,101,76,113,78,2,16,37"/><T36/><D36/><U50/><E69/><V60/><F111/><W8/><G37/><T84/><D121/><U123/><E123/><V23/><F115/><W85/><G70/><T61/><D117/><U134/><E4/><V72/><F133/><W31/><G120/><T80/><D126/><U42/><E134/><V22/><F127/><W56/><G31/><T0/><D0/><U59/><E40/><V58/><F68/><W20/><G113/><T13/><D62/><U83/><E128/><V41/><F41/><W57/><G129/><T95/><D61/><U79/><E79/><V102/><F34/><W131/><G131/><T91/><D94/><U125/><E83/><V6/><F6/><W24/><G8/><T119/><D119/><U107/><E125/><V29/><F23/><W98/><G85/><T92/><D92/><U44/><E44/><V124/><F124/><W75/><G75/><T52/><D55/><U53/><N who="1" m="26624" /><DORA hai="114" /><U43/><REACH who="1" step="1"/><E43/><REACH who="1" ten="299,371,129,191" step="2"/><V39/><F39/><AGARI ba="0,1" hai="27,28,32,39,42,47,50,53,59,97,99" m="26624" machi="39" ten="70,4500,0" yaku="1,1,2,1,53,0" doraHai="33,114" doraHaiUra="1,67" who="1" fromWho="2" sc="299,0,371,55,129,-45,191,0" /><INIT seed="5,0,0,0,0,35" ten="299,426,84,191" oya="1" hai0="37,52,1,113,62,30,97,84,42,83,81,25,105" hai1="12,95,128,119,72,107,69,121,0,39,111,31,58" hai2="133,80,96,16,134,124,50,26,61,116,125,87,28" hai3="18,53,73,90,8,11,98,93,10,6,29,34,77"/><U92/><RYUUKYOKU type="yao9" ba="0,0" sc="299,0,426,0,84,0,191,0" hai1="0,12,31,39,58,69,72,92,95,107,111,119,121,128" /><INIT seed="5,1,0,0,2,38" ten="299,426,84,191" oya="1" hai0="41,97,52,121,14,113,80,101,91,42,99,88,129" hai1="29,40,54,74,123,72,85,49,127,69,22,66,10" hai2="98,43,3,56,44,8,122,120,94,73,17,133,65" hai3="18,6,25,92,86,115,96,82,15,79,2,4,32"/><U125/><E123/><V111/><F111/><W30/><G115/><T21/><D113/><U81/><E10/><V1/><F73/><W19/><G2/><T33/><D33/><U50/><E69/><V31/><F133/><W67/><G67/><T27/><D14/><U60/><E66/><V135/><F135/><W58/><G58/><T118/><D118/><U24/><E60/><V55/><F31/><W100/><G19/><N who="0" m="12735" /><D129/><U134/><E134/><V75/><F65/><W57/><G57/><T106/><D106/><U36/><E36/><V5/><F75/><W0/><G0/><T39/><D39/><U7/><E7/><V87/><F87/><W48/><G48/><T28/><D28/><U51/><E54/><V64/><F64/><W102/><G102/><T90/><D80/><U34/><E34/><V11/><F44/><W131/><G131/><T110/><D110/><U104/><E104/><V105/><F105/><W116/><G116/><T62/><D121/><U84/><E84/><V71/><F71/><W13/><G13/><T45/><D101/><U117/><E117/><V61/><F17/><W107/><G107/><T78/><D78/><N who="1" m="46263" /><E74/><V12/><F3/><W93/><G93/><T37/><D37/><U89/><E72/><V26/><F122/><W130/><G130/><T112/><D112/><U114/><E114/><V126/><F120/><W47/><G47/><T109/><D109/><U35/><E35/><V77/><F1/><W20/><AGARI ba="1,0" hai="4,6,15,18,20,25,30,32,79,82,86,92,96,100" machi="20" ten="20,1500,0" yaku="0,1,7,1" doraHai="38" who="3" fromWho="3" sc="299,-5,426,-8,84,-5,191,18" /><INIT seed="6,0,0,5,4,80" ten="294,418,79,209" oya="2" hai0="59,87,113,61,56,54,1,38,98,115,123,70,51" hai1="94,15,29,52,101,107,86,130,111,57,25,133,103" hai2="125,31,18,28,50,6,127,77,16,30,108,46,21" hai3="41,47,105,110,126,79,92,81,128,132,45,17,100"/><V85/><F6/><W91/><G110/><T60/><D1/><U72/><E72/><V78/><F108/><W49/><G128/><T36/><D98/><U58/><E111/><V33/><F33/><W8/><G132/><T14/><D14/><U26/><E107/><V0/><F0/><W5/><G126/><N who="2" m="48137" /><F21/><W35/><G35/><T3/><D87/><U63/><E133/><V97/><F97/><W102/><G47/><T62/><D3/><U34/><E130/><V44/><F44/><W75/><G17/><N who="2" m="6761" /><F85/><W109/><G109/><T48/><D123/><U66/><E15/><V119/><F119/><W64/><G105/><T10/><D10/><U20/><E26/><V7/><F7/><W121/><G121/><T68/><D115/><U69/><E34/><V39/><F39/><N who="0" m="14890" /><D113/><U122/><E122/><V116/><F116/><W134/><G134/><T19/><D19/><U114/><E114/><V131/><F131/><W23/><G23/><T117/><D117/><U93/><E86/><V95/><F95/><N who="1" m="36361" /><E69/><V11/><F11/><W99/><G8/><T67/><D70/><U53/><E20/><V24/><F24/><W22/><G5/><T82/><D82/><U12/><E12/><V104/><F104/><W73/><G22/><T9/><D9/><U129/><E129/><V88/><F88/><W96/><G73/><T2/><D2/><U27/><E27/><V76/><F76/><W42/><G91/><T40/><D40/><AGARI ba="0,0" hai="28,30,31,40,46,50,77,78" m="6761,48137" machi="40" ten="30,2900,0" yaku="18,1,54,1" doraHai="80" who="2" fromWho="0" sc="294,-29,418,0,79,29,209,0" /><INIT seed="6,1,0,1,3,17" ten="265,418,108,209" oya="2" hai0="121,118,48,65,122,124,79,14,112,133,39,9,1" hai1="66,3,16,31,19,6,69,129,70,120,71,56,87" hai2="116,46,127,43,88,117,111,26,62,49,5,100,29" hai3="8,132,108,15,110,61,72,95,98,40,102,47,52"/><V67/><F127/><W92/><G72/><T10/><D39/><U83/><E120/><V78/><F111/><W4/><G132/><T81/><D133/><U13/><E3/><V11/><F100/><W58/><G92/><T32/><D32/><U36/><E36/><AGARI ba="1,0" hai="4,8,15,36,40,47,52,58,61,95,98,102,108,110" machi="36" ten="30,2000,0" yaku="7,1,54,1" doraHai="17" who="3" fromWho="1" sc="265,0,418,-23,108,0,209,23" /><INIT seed="7,0,0,3,0,106" ten="265,395,108,232" oya="3" hai0="59,96,133,92,97,67,51,24,28,95,22,41,19" hai1="72,131,125,30,64,128,91,62,16,132,6,119,21" hai2="25,99,101,65,87,9,94,88,100,79,55,50,112" hai3="81,40,107,14,3,83,117,27,15,57,1,42,29"/><W114/><G117/><T122/><D133/><U53/><E132/><V80/><F112/><W63/><G114/><T102/><D122/><U35/><E119/><V47/><F65/><W7/><G107/><T78/><D78/><U49/><E6/><V126/><F126/><W32/><G14/><T124/><D124/><U61/><E125/><V44/><F25/><W17/><G3/><T73/><D73/><U34/><E72/><V36/><F36/><W116/><G116/><T104/><D104/><U130/><E91/><V70/><F70/><W68/><G68/><T74/><D74/><U113/><E113/><V98/><F44/><W71/><G71/><T134/><D134/><U48/><E48/><V86/><F100/><W13/><G13/><T2/><D2/><U75/><E75/><V12/><REACH who="2" step="1"/><F101/><REACH who="2" ten="265,395,98,232" step="2"/><W58/><G27/><T118/><D67/><U45/><E64/><V103/><F103/><W108/><G108/><T43/><D102/><U11/><E45/><V105/><F105/><W77/><G57/><T8/><D59/><U90/><E131/><V129/><F129/><W23/><G58/><T4/><D24/><U82/><E130/><V33/><F33/><W127/><G32/><T52/><D118/><U135/><E35/><V38/><F38/><W93/><G127/><T10/><D43/><U121/><E34/><V0/><F0/><W5/><G1/><T26/><D41/><U54/><E128/><V120/><F120/><W123/><G123/><T39/><D39/><U69/><E121/><V84/><F84/><W31/><G40/><T66/><D26/><RYUUKYOKU ba="0,1" sc="265,-10,395,-10,98,30,232,-10" hai2="9,12,47,50,55,79,80,86,87,88,94,98,99" owari="255,6.0,395,49.0,128,-37.0,222,-18.0" /></mjloggm>