<mjloggm ver="2.3"><GO type="97" lobby="0"/><UN n0="%E5%B0%B1%E6%B4%BB%E7%94%9F%40%E5%B7%9D%E6%9D%91%E8%BB%8D%E5%9B%A3" n1="%E6%84%9B%E7%9F%A5" n2="%E7%89%9B%E4%B9%B3%E4%B8%80%E6%B0%97%E9%A3%B2%E3%81%BF" n3="%E5%B9%B3%E7%AD%89%E9%99%A2%E9%B3%B3%E5%87%B0%E5%A0%82" dan="16,15,14,14" rate="2095.37,2053.88,1922.10,1945.09" sx="M,M,M,M"/><TAIKYOKU oya="0"/><INIT seed="0,0,0,3,0,39" ten="250,250,250,250" oya="0" hai0="69,71,5,103,46,45,55,99,41,40,130,10,79" hai1="54,122,115,51,109,114,33,95,65,15,126,31,3" hai2="96,105,78,43,120,70,57,82,73,94,74,2,131" hai3="113,106,34,20,60,44,88,62,7,118,119,121,24"/><T112/><D112/><N who="1" m="43051" /><E3/><V8/><F70/><W64/><G113/><T30/><D130/><U85/><E109/><V32/><F32/><W87/><G106/><T128/><D128/><U135/><E126/><V132/><F131/><W49/><G34/><T98/><D79/><U29/><E135/><V48/><F132/><W16/><G7/><T9/><D30/><U67/><E15/><V23/><F120/><W125/><G125/><T36/><D55/><U76/><E122/><V84/><F23/><W59/><G62/><T93/><D98/><U133/><E133/><V17/><F57/><W75/><G75/><T12/><REACH who="0" step="1"/><D9/><REACH who="0" ten="240,250,250,250" step="2"/><U80/><E31/><V68/><F68/><W21/><G121/><T18/><D18/><U134/><E134/><V42/><F48/><AGARI ba="0,1" hai="5,10,12,36,40,41,45,46,48,69,71,93,99,103" machi="48" ten="30,11600,0" yaku="1,1,7,1,52,2,53,0" doraHai="39" doraHaiUra="13" who="0" fromWho="2" sc="240,126,250,0,250,-116,250,0" /><INIT seed="0,1,0,3,4,11" ten="366,250,134,250" oya="0" hai0="34,57,29,107,33,127,35,92,2,28,10,4,131" hai1="1,134,45,66,20,80,81,19,112,89,123,63,111" hai2="18,40,65,90,102,79,76,126,91,72,132,73,74" hai3="105,128,44,47,68,8,135,82,122,100,12,120,78"/><T52/><D107/><U125/><E111/><V60/><F40/><W96/><G68/><T49/><D127/><U58/><E134/><V43/><F43/><W55/><G135/><T62/><D131/><U6/><E123/><N who="3" m="47146" /><G55/><T38/><D38/><U113/><E125/><V114/><F126/><W117/><G117/><T108/><D108/><U101/><E101/><V110/><F132/><W118/><G118/><T53/><REACH who="0" step="1"/><D92/><REACH who="0" ten="356,250,134,250" step="2"/><U46/><E113/><V64/><F114/><W121/><G128/><T116/><D116/><U17/><E112/><V48/><F110/><W97/><G121/><T31/><D31/><U13/><E80/><V27/><F102/><W23/><G100/><T9/><D9/><U77/><E81/><V7/><F7/><N who="3" m="3103" /><G105/><T109/><D109/><U106/><E6/><V88/><F48/><W115/><G115/><T25/><D25/><U54/><E106/><V98/><F60/><W21/><G21/><T94/><D94/><U67/><E20/><V69/><F69/><W99/><G23/><T129/><D129/><U56/><E63/><V70/><F70/><W32/><G32/><T86/><D86/><AGARI ba="1,1" hai="44,47,78,82,86,96,97,99" m="3103,47146" machi="86" ten="30,2000,0" yaku="13,1,52,1" doraHai="11" who="3" fromWho="0" sc="356,-23,250,0,134,0,250,33" /><INIT seed="1,0,0,2,5,120" ten="333,250,134,283" oya="1" hai0="109,43,72,9,108,47,95,0,81,62,125,104,10" hai1="123,2,71,13,100,118,114,74,116,31,34,49,99" hai2="135,22,124,50,28,1,87,134,4,90,5,24,113" hai3="126,82,79,19,77,101,68,61,21,64,17,38,35"/><U55/><E123/><V119/><F50/><W41/><G35/><T58/><D104/><U121/><E121/><V130/><F87/><W6/><G126/><T85/><D125/><U128/><E128/><V105/><F105/><W42/><G101/><T106/><D106/><U11/><E71/><V18/><F90/><W92/><G6/><T3/><D72/><U25/><E2/><V93/><F93/><W66/><G92/><T111/><D95/><U15/><E15/><V110/><F124/><W76/><G82/><T8/><D47/><U30/><E30/><V84/><F84/><W88/><G38/><T103/><D43/><U98/><E74/><V57/><F57/><W73/><G73/><T7/><D103/><U96/><E114/><V20/><F113/><W36/><G66/><N who="0" m="39255" /><D7/><N who="2" m="2634" /><F1/><W102/><G102/><T45/><D45/><U86/><E86/><V129/><F119/><W97/><G36/><T107/><D107/><U78/><E78/><AGARI ba="0,0" hai="0,3,8,9,10,78,81,85,108,109,111" m="39255" machi="78" ten="40,8000,1" yaku="14,1,52,3" doraHai="120" who="0" fromWho="1" sc="333,80,250,-80,134,0,283,0" /><INIT seed="2,0,0,5,4,37" ten="413,170,134,283" oya="2" hai0="50,77,53,9,36,10,60,78,84,112,130,119,24" hai1="14,62,109,73,126,3,44,85,121,129,102,99,35" hai2="7,33,42,72,49,41,111,43,59,64,13,11,17" hai3="20,86,115,6,26,21,46,134,15,104,128,116,45"/><V90/><F33/><W97/><G116/><T5/><D36/><U68/><E3/><V0/><F72/><W101/><G134/><T89/><D119/><U2/><E2/><V56/><F111/><W124/><G124/><T47/><D112/><U131/><E35/><V123/><F123/><W31/><G115/><T69/><D130/><U40/><E73/><V79/><F79/><W82/><G128/><T114/><D114/><U105/><E109/><V106/><F106/><W19/><G6/><T80/><D24/><U93/><E126/><V71/><F90/><AGARI ba="0,0" hai="15,19,20,21,26,31,45,46,82,86,90,97,101,104" machi="90" ten="30,1000,0" yaku="7,1" doraHai="37" who="3" fromWho="2" sc="413,0,170,0,134,-10,283,10" /><INIT seed="3,0,0,4,2,51" ten="413,170,124,293" oya="3" hai0="121,45,88,83,50,95,111,25,30,38,33,81,115" hai1="69,23,44,71,103,10,22,17,84,104,58,59,90" hai2="57,32,8,98,24,124,114,122,109,42,123,55,12" hai3="77,19,70,62,125,13,112,1,73,130,48,101,100"/><W92/><G1/><T105/><D121/><U72/><E72/><V18/><F42/><W129/><G112/><T74/><D105/><U7/><E103/><V133/><F114/><W53/><G125/><T119/><D119/><U76/><E104/><V117/><F117/><W107/><G107/><T67/><D38/><U28/><E76/><V6/><F124/><W78/><G70/><T46/><D115/><U21/><E28/><V14/><F98/><N who="3" m="59463" /><G62/><T87/><D111/><U41/><E17/><V49/><F109/><W40/><G40/><T4/><D4/><U66/><E71/><V36/><F36/><W47/><G101/><T106/><D106/><U86/><E69/><V60/><F133/><W118/><G118/><T3/><D3/><U96/><E96/><V0/><F14/><W131/><G73/><T35/><D67/><U15/><E66/><V20/><F60/><W56/><G47/><T11/><D33/><U99/><E99/><V128/><F128/><W64/><G64/><T29/><D29/><AGARI ba="0,0" hai="0,6,8,12,18,20,24,29,32,49,55,57,122,123" machi="29" ten="40,5200,0" yaku="24,2,52,1" doraHai="51" who="2" fromWho="0" sc="413,-52,170,0,124,52,293,0" owari="361,46.0,170,-33.0,176,-22.0,293,9.0" /></mjloggm>