<mjloggm ver="2.3"><GO type="97" lobby="0"/><UN n0="%E6%9F%B3%E7%94%9F%E5%AE%97%E5%8E%B3" n1="%E9%95%B7%E5%B7%9E%E3%81%AE%E5%85%8B" n2="%E5%B0%B1%E6%B4%BB%E7%94%9F%40%E5%B7%9D%E6%9D%91%E8%BB%8D%E5%9B%A3" n3="%E5%85%8E%E2%98%85%E5%96%B0" dan="13,15,15,13" rate="1860.78,1989.02,2023.01,2108.43" sx="M,M,M,F"/><TAIKYOKU oya="0"/><INIT seed="0,0,0,2,5,106" ten="250,250,250,250" oya="0" hai0="124,81,133,131,65,67,95,77,28,27,35,118,37" hai1="80,38,84,44,126,63,107,0,108,4,130,1,30" hai2="104,20,79,119,99,111,127,101,91,134,5,17,16" hai3="51,10,58,83,64,23,22,132,121,88,112,113,85"/><T11/><D118/><U19/><E107/><V92/><F119/><W93/><G132/><T94/><D133/><U100/><E100/><V7/><F134/><W135/><G135/><T8/><D124/><U53/><E108/><V46/><F127/><W96/><G121/><T102/><D131/><U34/><E130/><V18/><F111/><W82/><G82/><T129/><D129/><U68/><E19/><V75/><F20/><W41/><G10/><T90/><D37/><U116/><E4/><V3/><F3/><W12/><G12/><T36/><D36/><U98/><E98/><V26/><F26/><W74/><G74/><T117/><D117/><U13/><E13/><V128/><F46/><N who="3" m="26063" /><G113/><T122/><D122/><U123/><E30/><V87/><F128/><W59/><G112/><T56/><D11/><U60/><E34/><V25/><F25/><W120/><G120/><T89/><D102/><U43/><E123/><V21/><F21/><N who="3" m="7691" /><G64/><T61/><D8/><U110/><E116/><V6/><F6/><W54/><G54/><T114/><D114/><U115/><E110/><V33/><F33/><W72/><G72/><T103/><D103/><AGARI ba="0,0" hai="58,59,83,85,88,93,96,103" m="7691,26063" machi="103" ten="30,2000,0" yaku="8,1,54,1" doraHai="106" who="3" fromWho="0" sc="250,-20,250,0,250,0,250,20" /><INIT seed="1,0,0,0,2,57" ten="230,250,250,270" oya="1" hai0="12,97,111,70,33,4,64,128,6,130,133,69,67" hai1="59,66,23,116,82,83,76,100,122,117,34,37,74" hai2="41,24,115,85,19,9,134,78,96,71,107,103,84" hai3="113,121,101,118,52,88,77,93,60,31,20,36,120"/><U17/><E34/><V124/><F115/><W131/><G36/><T16/><D33/><U90/><E37/><V45/><F71/><W11/><G113/><T99/><D111/><U40/><E40/><V38/><F124/><W75/><G101/><T15/><D133/><U80/><E122/><V126/><F126/><W56/><G131/><T135/><D135/><U119/><E100/><V68/><F68/><W28/><G118/><T92/><D92/><U125/><E125/><V98/><F134/><W32/><G32/><T29/><D29/><U18/><E90/><V43/><F43/><W58/><G11/><T2/><D2/><U94/><E94/><V22/><F78/><W110/><G110/><T42/><D42/><U1/><E1/><V89/><F9/><W8/><G8/><T129/><D130/><U5/><E5/><V81/><F85/><N who="3" m="52367" /><G75/><T54/><D54/><U62/><REACH who="1" step="1"/><E17/><AGARI ba="0,0" hai="4,6,12,15,16,17,64,67,69,70,97,99,128,129" machi="17" ten="25,3200,0" yaku="22,2,54,1" doraHai="57" who="0" fromWho="1" sc="230,32,250,-32,250,0,270,0" /><INIT seed="2,0,0,3,1,119" ten="262,218,250,270" oya="2" hai0="94,69,116,117,11,73,52,58,64,102,3,21,16" hai1="122,15,108,6,129,4,115,118,133,101,82,84,111" hai2="126,0,131,76,33,25,103,112,128,123,96,35,62" hai3="114,39,75,80,89,37,22,135,40,95,7,49,30"/><V18/><F112/><W10/><G114/><T86/><D73/><U31/><E118/><N who="0" m="45673" /><D64/><U87/><E115/><V100/><F0/><N who="3" m="359" /><G49/><N who="0" m="30991" /><D69/><U74/><E101/><V46/><F76/><N who="3" m="44063" /><G39/><T127/><D127/><U54/><E31/><V104/><F126/><W20/><G30/><T106/><D106/><U36/><E36/><V105/><F62/><W110/><G110/><T125/><D125/><U90/><E129/><N who="2" m="49739" /><F46/><N who="3" m="23823" /><G135/><T63/><D63/><U19/><E133/><V67/><F67/><W113/><G113/><T34/><D34/><N who="2" m="12810" /><F25/><W8/><G8/><T72/><D72/><U13/><E74/><V121/><F18/><W47/><G47/><T83/><D11/><U48/><E6/><V92/><F92/><W2/><G2/><T57/><D3/><U97/><E111/><V43/><F43/><W24/><G24/><T78/><D57/><U71/><E4/><V23/><F23/><W98/><AGARI ba="0,0" hai="20,22,89,95,98" m="23823,44063,359" machi="98" ten="30,1100,0" yaku="25,1" doraHai="119" who="3" fromWho="3" sc="262,-3,218,-3,250,-5,270,11" /><INIT seed="3,0,0,5,2,23" ten="259,215,245,281" oya="3" hai0="131,61,8,78,114,68,11,82,134,135,98,130,133" hai1="97,116,44,121,21,38,101,48,4,54,53,77,112" hai2="66,55,115,89,103,117,128,36,33,42,92,127,37" hai3="65,3,91,13,99,73,126,31,50,47,96,90,57"/><W86/><G3/><T1/><D98/><N who="3" m="37417" /><G73/><N who="0" m="43343" /><D1/><U110/><E112/><V129/><F33/><W0/><G0/><T74/><D74/><U111/><E121/><V71/><F103/><W94/><G126/><T32/><D32/><U39/><E4/><V93/><F115/><W60/><G31/><T88/><D114/><U9/><E77/><V132/><F117/><W72/><G72/><T109/><D109/><N who="1" m="41483" /><E9/><N who="0" m="3657" /><D61/><U56/><E21/><V95/><F132/><W113/><G113/><T41/><D41/><U58/><E116/><V85/><F127/><W87/><G13/><T35/><D35/><U70/><E70/><V120/><F120/><W67/><G67/><T75/><D75/><U52/><E97/><V46/><F36/><N who="1" m="13865" /><E101/><V100/><F100/><W108/><G108/><T122/><D122/><U34/><E34/><V63/><REACH who="2" step="1"/><F55/><AGARI ba="0,0" hai="44,48,52,53,54,55,56,58" m="13865,41483" machi="55" ten="40,8000,1" yaku="14,1,34,2,54,1" doraHai="23" who="1" fromWho="2" sc="259,0,215,80,245,-80,281,0" /><INIT seed="4,0,0,4,0,0" ten="259,295,165,281" oya="0" hai0="64,59,32,13,15,84,42,69,21,60,57,45,6" hai1="127,120,10,98,73,92,22,85,19,30,129,110,74" hai2="83,18,101,27,72,61,4,124,96,134,40,66,48" hai3="31,77,93,116,109,100,104,121,86,37,25,12,47"/><T53/><D32/><U115/><E110/><V88/><F124/><W26/><G109/><T94/><D69/><U1/><E120/><V131/><F134/><W38/><G116/><T36/><D21/><U63/><E127/><V103/><F131/><W29/><G104/><T107/><D107/><U106/><E85/><N who="2" m="50239" /><F72/><W28/><G121/><T117/><D117/><U91/><E106/><V7/><F66/><W128/><G128/><T49/><D6/><N who="2" m="2090" /><F61/><W68/><G68/><T75/><D75/><U23/><E73/><V55/><F40/><W114/><G114/><T20/><D20/><U43/><E115/><V122/><F122/><W3/><G3/><T89/><AGARI ba="0,0" hai="13,15,36,42,45,49,53,57,59,60,64,84,89,94" machi="89" ten="30,1500,0" yaku="0,1" doraHai="0" who="0" fromWho="0" sc="259,15,295,-5,165,-5,281,-5" /><INIT seed="4,1,0,0,5,70" ten="274,290,160,276" oya="0" hai0="39,16,71,102,59,10,108,131,15,28,13,66,129" hai1="33,43,69,103,47,127,81,52,100,83,84,50,9" hai2="19,86,101,64,92,130,111,2,109,123,93,22,88" hai3="126,82,24,97,20,40,90,115,68,42,26,21,46"/><T114/><D114/><U5/><E69/><V117/><F2/><W35/><G68/><T104/><D108/><U18/><E33/><V132/><F123/><W55/><G35/><T36/><D28/><U7/><E127/><V11/><F117/><W67/><G67/><T17/><D71/><U65/><E65/><V6/><F130/><N who="0" m="49674" /><D102/><N who="1" m="38955" /><E81/><V122/><F122/><W77/><G126/><T48/><D104/><U91/><E43/><N who="3" m="16426" /><G115/><T12/><D12/><AGARI ba="1,0" hai="5,7,9,12,18,47,50,52,83,84,91" m="38955" machi="12" ten="30,3900,0" yaku="25,1,8,1,54,1" doraHai="70" who="1" fromWho="0" sc="274,-42,290,42,160,0,276,0" owari="232,-17.0,332,43.0,160,-34.0,276,8.0" /></mjloggm>