<mjloggm ver="2.3"><GO type="41" lobby="0"/><UN n0="%E5%B0%B1%E6%B4%BB%E7%94%9F%40%E5%B7%9D%E6%9D%91%E8%BB%8D%E5%9B%A3" n1="%79%6F%75%70%72" n2="%E3%81%93%E3%81%90%E3%81%BE%E3%81%96" n3="%6B%74%74%31%30%30%37%37" dan="15,13,14,13" rate="1959.97,1871.20,1945.48,1831.83" sx="M,M,M,M"/><TAIKYOKU oya="0"/><INIT seed="0,0,0,3,4,1" ten="250,250,250,250" oya="0" hai0="97,92,8,9,20,124,78,77,30,107,105,48,63" hai1="33,54,110,19,57,72,41,111,99,50,65,101,3" hai2="89,82,34,17,70,100,88,6,12,91,38,87,52" hai3="66,116,115,129,18,46,84,2,36,67,15,51,103"/><T23/><D124/><U40/><E72/><V53/><F34/><W43/><G2/><T108/><D107/><U79/><E79/><N who="0" m="30217" /><D105/><U55/><E33/><V59/><F70/><W106/><G115/><T14/><D108/><U47/><E65/><V102/><F38/><W11/><G129/><T35/><D35/><U16/><E3/><V5/><F82/><W10/><G116/><T31/><D63/><U130/><E130/><V58/><F87/><W45/><G106/><T122/><D48/><U114/><E114/><V125/><F125/><W117/><G103/><N who="2" m="39465" /><F58/><W127/><G117/><T27/><D122/><U126/><E126/><V42/><F42/><N who="1" m="16489" /><E57/><V73/><F73/><W21/><G127/><T132/><D132/><U29/><E29/><N who="0" m="10761" /><D27/><U86/><E86/><V81/><F81/><W68/><G68/><T71/><D71/><U62/><E62/><N who="2" m="36199" /><F53/><N who="3" m="29935" /><G36/><T120/><D120/><U94/><E55/><V56/><F56/><W85/><G46/><T98/><D9/><AGARI ba="0,0" hai="5,6,9,12,17,88,89,91" m="36199,39465" machi="9" ten="30,8000,1" yaku="8,1,52,2,54,2" doraHai="1" who="2" fromWho="0" sc="250,-80,250,0,250,80,250,0" /><INIT seed="1,0,0,5,4,111" ten="170,250,330,250" oya="1" hai0="98,45,66,76,104,77,26,86,107,118,75,60,28" hai1="63,133,67,44,38,120,89,5,55,9,121,96,130" hai2="17,43,73,105,72,15,131,100,126,14,30,37,12" hai3="22,57,103,71,102,114,7,91,99,112,59,61,3"/><U135/><E89/><V68/><F68/><W109/><G3/><T34/><D75/><U78/><E78/><V25/><F17/><W53/><G7/><T32/><D118/><U62/><E96/><V134/><F134/><N who="1" m="51209" /><E9/><V90/><F126/><W52/><G71/><T110/><D110/><U64/><E5/><V49/><F37/><W79/><G79/><T116/><D116/><U16/><E16/><V93/><F131/><W88/><G109/><T115/><D34/><U84/><E84/><V106/><F100/><N who="3" m="38443" /><G22/><T33/><D33/><U6/><E6/><V85/><F73/><W113/><G61/><N who="1" m="23050" /><E130/><V80/><F72/><W41/><G41/><T19/><D19/><U81/><E81/><V40/><F106/><W58/><G99/><T2/><D2/><U54/><E54/><AGARI ba="0,0" hai="52,53,54,57,58,59,88,91,112,113,114" m="38443" machi="54" ten="40,12000,2" yaku="28,2,52,3,54,2" doraHai="111" who="3" fromWho="1" sc="170,0,250,-120,330,0,250,120" /><INIT seed="2,0,0,4,5,76" ten="170,130,330,370" oya="2" hai0="42,92,83,29,49,124,0,56,66,112,129,51,114" hai1="54,73,3,34,23,132,16,127,28,71,99,22,61" hai2="98,96,94,113,133,21,53,102,67,14,103,135,120" hai3="65,20,13,26,46,121,108,107,4,85,48,115,91"/><V119/><F120/><W122/><G107/><T79/><D0/><U134/><E3/><V33/><F119/><W93/><G108/><T35/><D124/><U89/><E73/><V7/><F113/><W1/><G1/><T31/><D129/><U68/><E127/><V72/><F33/><W55/><G115/><T32/><D92/><N who="1" m="56719" /><E34/><V104/><F72/><W88/><G65/><T74/><D114/><U19/><E28/><V125/><F125/><W38/><G38/><T58/><D112/><U11/><E11/><V40/><F40/><W118/><G118/><T17/><D42/><U117/><E117/><V45/><F67/><W109/><G109/><T18/><D74/><U69/><E54/><V78/><F78/><W52/><G122/><T15/><D66/><U57/><E57/><V81/><F81/><N who="3" m="49199" /><G121/><T30/><D79/><U59/><E59/><V100/><F100/><W95/><G55/><T84/><D31/><U39/><E61/><V24/><F14/><W77/><G77/><T63/><D15/><U37/><E37/><V2/><F7/><W126/><G126/><T36/><D36/><U80/><E80/><V10/><F10/><N who="3" m="4295" /><G91/><T64/><D64/><U110/><E110/><V75/><F75/><W111/><G111/><T50/><D63/><U131/><E131/><V90/><F102/><W60/><G60/><T27/><D58/><U101/><E101/><V128/><F2/><W106/><G106/><T116/><D56/><U47/><E47/><V70/><F70/><W25/><G25/><N who="0" m="18479" /><D116/><U86/><E39/><V123/><F128/><W105/><G105/><RYUUKYOKU ba="0,0" sc="170,15,130,-15,330,-15,370,15" hai0="17,18,27,30,35,49,50,51,83,84" hai3="20,26,46,48,52,93,95" /><INIT seed="3,1,0,0,1,53" ten="185,115,315,385" oya="3" hai0="7,55,49,19,85,134,2,111,65,120,88,61,0" hai1="39,126,14,11,60,95,104,78,77,98,93,56,46" hai2="66,71,47,40,64,116,59,113,38,13,107,73,127" hai3="5,79,74,22,123,112,103,4,99,26,48,34,69"/><W83/><G112/><T21/><D120/><U30/><E126/><V102/><F113/><W62/><G123/><T23/><D111/><U129/><E129/><V35/><F116/><W119/><G119/><T117/><D117/><U6/><E104/><V67/><F127/><W1/><G48/><T12/><D134/><U68/><E68/><V16/><F35/><W31/><G1/><T41/><D41/><U94/><E98/><V20/><F73/><W133/><G133/><T135/><D135/><U96/><E96/><V44/><F71/><W109/><G109/><T63/><D7/><U75/><E75/><V54/><F44/><W29/><G29/><T81/><D23/><U15/><E30/><V101/><REACH who="2" step="1"/><F107/><REACH who="2" ten="185,115,305,385" step="2"/><W43/><G34/><T89/><D2/><U84/><E46/><V37/><F37/><W97/><G43/><T27/><D0/><U105/><E105/><V124/><F124/><W57/><G69/><T100/><D100/><U131/><E131/><V125/><F125/><W132/><G132/><T36/><D36/><U122/><E122/><V128/><F128/><W72/><G72/><T3/><D3/><U110/><E110/><V52/><F52/><W25/><G103/><T58/><D65/><U115/><E115/><V24/><F24/><W9/><G26/><T17/><D89/><U42/><E42/><V80/><F80/><W50/><G25/><T114/><D114/><U87/><E39/><V10/><F10/><W91/><G9/><T28/><D12/><U18/><E15/><V70/><F70/><W82/><G82/><T92/><D81/><RYUUKYOKU ba="1,1" sc="185,15,115,-15,305,15,385,-15" hai0="17,19,21,27,28,49,55,58,61,63,85,88,92" hai2="13,16,20,38,40,47,54,59,64,66,67,101,102" /><INIT seed="4,2,1,3,3,67" ten="200,100,320,370" oya="0" hai0="119,8,16,27,102,37,36,115,123,74,116,23,127" hai1="94,68,95,120,75,114,101,71,32,61,40,130,6" hai2="90,76,111,88,87,45,73,65,80,15,56,91,63" hai3="12,52,134,25,126,10,121,19,55,5,11,107,28"/><T24/><D123/><U79/><E120/><V99/><F111/><W72/><G107/><T39/><D74/><U18/><E32/><V104/><F45/><W131/><G72/><T57/><D115/><U69/><E40/><V22/><F15/><W86/><G121/><T51/><D127/><U100/><E61/><V9/><F9/><W122/><G122/><T109/><D109/><U35/><E35/><V46/><F22/><W129/><G126/><T62/><D102/><U26/><E130/><N who="3" m="49674" /><G134/><T85/><D8/><U64/><E64/><V106/><F46/><W38/><G86/><T49/><D27/><U96/><E114/><V98/><REACH who="2" step="1"/><F87/><REACH who="2" ten="200,100,310,370" step="2"/><W1/><G38/><T108/><D108/><U92/><E6/><V43/><F43/><W29/><G29/><T83/><D116/><U93/><E18/><V118/><F118/><W132/><G132/><T44/><D119/><U3/><E3/><V47/><F47/><W128/><G128/><T110/><D110/><U34/><E34/><AGARI ba="2,2" hai="1,5,10,11,12,19,25,28,34,52,55" m="49674" machi="34" ten="30,2000,0" yaku="19,1,54,1" doraHai="67" who="3" fromWho="1" sc="200,0,100,-26,310,0,370,46" /><INIT seed="5,0,0,5,5,56" ten="200,74,310,416" oya="1" hai0="1,125,58,113,84,72,3,4,133,126,21,100,129" hai1="120,50,68,112,69,70,97,14,95,64,86,109,36" hai2="127,20,32,110,108,117,87,54,89,94,76,96,30" hai3="53,39,118,5,25,90,31,45,114,2,71,103,115"/><U16/><E120/><V44/><F117/><W101/><G71/><T85/><D72/><U75/><E112/><V15/><F32/><W130/><G130/><T73/><D73/><U124/><E124/><N who="0" m="47721" /><D113/><U57/><E109/><V28/><F127/><W48/><G48/><T111/><D133/><U55/><E36/><V116/><F116/><W35/><G118/><T47/><D47/><U82/><E75/><V61/><F110/><W135/><G135/><T24/><D4/><U121/><E121/><V107/><F107/><W77/><G90/><T80/><D100/><U66/><E82/><N who="2" m="47559" /><F108/><W131/><G131/><T98/><D98/><U23/><REACH who="1" step="1"/><E86/><REACH who="1" ten="200,64,310,416" step="2"/><V7/><F96/><W10/><G115/><T0/><D111/><U92/><E92/><V67/><F94/><W106/><G106/><T41/><D129/><U128/><E128/><V93/><F93/><W63/><G39/><T40/><D84/><U9/><E9/><V88/><F89/><AGARI ba="0,1" hai="14,16,23,50,55,57,64,66,68,69,70,89,95,97" machi="89" ten="40,7700,0" yaku="1,1,54,1,53,1" doraHai="56" doraHaiUra="13" who="1" fromWho="2" sc="200,0,64,87,310,-77,416,0" /><INIT seed="5,1,0,5,1,57" ten="200,151,233,416" oya="1" hai0="21,15,124,117,108,129,12,59,71,79,86,69,50" hai1="23,19,113,105,64,18,30,104,28,72,100,127,133" hai2="34,61,33,123,118,70,122,76,130,13,97,25,85" hai3="92,77,35,134,11,99,88,128,54,126,132,90,2"/><U82/><E113/><V111/><F118/><W52/><G35/><T51/><D117/><U84/><E72/><V131/><F111/><W44/><G77/><T120/><D108/><U39/><E39/><V62/><F70/><W4/><G128/><N who="2" m="49193" /><F97/><W49/><G126/><T0/><D0/><U27/><E133/><N who="3" m="51306" /><G54/><T96/><D124/><U60/><E127/><V47/><F13/><W114/><G114/><T94/><D129/><U31/><E19/><V46/><F25/><W121/><G121/><N who="2" m="46089" /><F76/><W116/><G116/><T115/><D115/><U112/><E112/><V29/><F85/><W107/><G107/><T65/><D120/><U9/><E9/><V48/><F29/><W102/><AGARI ba="1,0" hai="2,4,11,44,49,52,88,90,92,99,102" m="51306" machi="102" ten="30,4000,0" yaku="20,1,54,2" doraHai="57" who="3" fromWho="3" sc="200,-11,151,-21,233,-11,416,43" /><INIT seed="6,0,0,1,3,72" ten="189,130,222,459" oya="2" hai0="129,66,39,82,98,105,96,127,108,43,53,131,47" hai1="54,48,94,121,73,2,11,133,45,63,12,57,123" hai2="125,42,67,86,20,85,118,120,46,126,93,38,115" hai3="83,8,77,80,34,79,88,13,19,69,36,23,104"/><V60/><F120/><N who="1" m="46153" /><E2/><V135/><F118/><W75/><G34/><T76/><D108/><U58/><E73/><V95/><F135/><W15/><G69/><T56/><D127/><N who="2" m="48650" /><F20/><W1/><G36/><T17/><D66/><N who="1" m="39279" /><E94/><N who="2" m="35851" /><F115/><W81/><G104/><T116/><D116/><U113/><E113/><V50/><F38/><W71/><G71/><AGARI ba="0,0" hai="42,46,50,60,67,71,85,86" m="35851,48650" machi="71" ten="30,1500,0" yaku="18,1" doraHai="72" who="2" fromWho="3" sc="189,0,130,0,222,15,459,-15" /><INIT seed="6,1,0,1,3,34" ten="189,130,237,444" oya="2" hai0="82,4,27,104,68,96,55,44,132,2,120,83,71" hai1="7,93,0,78,67,21,107,14,54,61,75,42,81" hai2="119,22,64,9,38,18,102,66,53,8,26,46,15" hai3="41,126,57,50,45,122,30,106,19,10,131,60,129"/><V28/><F119/><W52/><G106/><T121/><D132/><U47/><E107/><V39/><F102/><W29/><G122/><T16/><D71/><U110/><E110/><V133/><F133/><W113/><G126/><T3/><D68/><U77/><E77/><V31/><F38/><W62/><G113/><T130/><D130/><N who="3" m="49673" /><G62/><T135/><D135/><U105/><E105/><V92/><F31/><N who="3" m="11787" /><G19/><T90/><D121/><U123/><E123/><V65/><F92/><W100/><G10/><T80/><D120/><U70/><E93/><V13/><F39/><W48/><G48/><T85/><D96/><U51/><E21/><V117/><F117/><W134/><G134/><T84/><D104/><U32/><E32/><V43/><F43/><W35/><G35/><T94/><D4/><U118/><E14/><N who="2" m="5131" /><F18/><W1/><G1/><T97/><D84/><U103/><E103/><AGARI ba="1,0" hai="41,45,50,52,57,60,100,103" m="11787,49673" machi="103" ten="30,2000,0" yaku="19,1,54,1" doraHai="34" who="3" fromWho="1" sc="189,0,130,-23,237,0,444,23" /><INIT seed="7,0,0,0,4,74" ten="189,107,237,467" oya="3" hai0="80,73,62,126,86,3,77,40,78,25,5,4,27" hai1="59,32,91,52,18,44,134,102,100,88,120,109,63" hai2="0,22,57,58,112,17,93,105,123,117,132,20,1" hai3="24,41,38,72,8,95,115,84,31,10,36,98,103"/><W75/><G115/><T124/><D40/><U35/><E109/><V97/><F117/><W69/><G69/><T12/><D3/><U46/><E134/><V114/><F105/><W34/><G38/><T15/><D62/><U9/><E120/><V45/><F132/><W70/><G70/><T118/><D118/><U19/><E9/><V66/><F45/><W55/><G8/><T125/><D73/><U16/><E19/><V60/><F58/><W53/><G41/><T11/><D78/><U49/><E49/><V79/><F79/><W68/><G68/><T89/><D89/><U47/><E47/><V96/><F123/><W13/><G36/><T107/><D107/><U26/><E26/><V37/><F37/><W110/><G110/><T2/><D2/><U133/><E133/><V127/><F0/><W23/><G34/><T119/><D119/><U28/><E28/><V7/><F1/><W104/><G72/><T81/><D81/><U90/><E35/><V108/><F7/><W113/><G75/><T131/><D131/><U111/><E111/><V85/><F108/><W135/><G113/><T43/><D43/><U116/><E116/><V48/><F114/><W106/><G135/><T94/><D94/><U54/><E32/><V128/><F112/><W14/><G106/><T87/><D87/><U30/><E30/><V29/><F85/><W92/><G104/><T83/><D83/><U42/><E42/><V130/><F97/><W51/><G84/><T122/><D122/><U33/><E33/><V6/><F130/><W50/><G98/><T101/><D101/><RYUUKYOKU ba="0,0" sc="189,30,107,-10,237,-10,467,-10" hai0="4,5,11,12,15,25,27,77,80,86,124,125,126" owari="219,-18.0,97,-40.0,227,3.0,457,55.0" /></mjloggm>