<mjloggm ver="2.3"><GO type="97" lobby="0"/><UN n0="%E5%A4%A9%E3%83%91%EF%BC%A0%E9%A3%AF%E5%A1%9A%E8%BB%8D%E5%9B%A3" n1="%E9%87%8C%E4%B8%AD%E4%BA%9C%E7%9F%A2%E5%AD%90" n2="%E3%83%88%E3%83%8B%E3%83%BC%E2%98%86%E5%BD%A1" n3="%E5%B0%B1%E6%B4%BB%E7%94%9F%40%E5%B7%9D%E6%9D%91%E8%BB%8D%E5%9B%A3" dan="13,14,15,15" rate="2046.68,1932.29,2017.61,2004.73" sx="M,F,M,M"/><TAIKYOKU oya="0"/><INIT seed="0,0,0,5,4,0" ten="250,250,250,250" oya="0" hai0="40,135,5,6,10,25,75,119,89,124,12,55,80" hai1="106,94,128,44,20,113,45,24,79,35,86,53,63" hai2="57,54,15,17,39,7,87,107,16,47,129,70,92" hai3="134,104,43,33,32,58,76,56,9,13,34,117,118"/><T111/><D119/><U97/><E35/><V114/><F114/><W71/><G71/><T73/><D75/><U95/><E106/><V127/><F129/><W121/><G104/><T59/><D73/><U18/><E128/><V133/><F107/><W100/><G100/><T62/><D124/><U65/><E113/><V105/><F105/><W115/><G115/><T52/><D135/><U85/><E95/><V108/><F70/><W130/><G130/><T1/><D1/><U109/><E109/><V28/><F28/><W48/><G121/><T101/><D40/><U126/><E126/><V116/><F127/><W91/><G76/><T41/><D41/><U103/><E53/><V31/><F31/><W120/><G120/><T131/><D131/><U22/><E22/><V11/><F133/><W8/><G134/><T74/><D74/><U64/><E64/><V132/><F132/><W68/><G68/><T51/><D101/><U77/><E77/><V78/><F108/><W123/><G123/><T84/><D25/><U66/><E66/><V110/><F110/><W30/><G117/><T50/><D111/><U90/><E79/><V23/><F116/><W27/><G118/><T3/><D3/><U37/><E37/><V69/><F69/><W14/><G91/><T42/><D42/><U60/><E85/><V102/><F78/><W36/><G36/><T112/><D112/><U61/><REACH who="1" step="1"/><E65/><REACH who="1" ten="250,240,250,250" step="2"/><V83/><F87/><W88/><G34/><T4/><D55/><U98/><E98/><V38/><F54/><N who="3" m="31815" /><G33/><T29/><D29/><U49/><E49/><AGARI ba="0,1" hai="4,5,6,10,12,49,50,51,52,59,62,80,84,89" machi="49" ten="40,12000,1" yaku="8,1,52,3,54,1" doraHai="0" who="0" fromWho="1" sc="250,130,240,-120,250,0,250,0" /><INIT seed="0,1,0,1,4,73" ten="380,120,250,250" oya="0" hai0="92,126,38,77,106,3,54,4,130,125,112,104,61" hai1="20,101,69,15,70,76,48,123,102,23,58,27,63" hai2="28,11,88,127,55,99,129,66,81,49,1,12,100" hai3="8,86,52,75,47,39,21,90,60,128,31,133,34"/><T53/><D38/><U40/><E123/><V41/><F1/><W122/><G75/><T35/><D35/><U95/><E40/><V0/><F0/><W44/><G34/><T74/><D112/><U111/><E111/><V5/><F129/><W22/><G122/><T9/><D92/><U32/><E32/><V6/><F66/><W7/><G39/><T108/><D130/><U18/><E48/><V51/><F28/><W10/><G133/><T118/><D118/><U43/><E43/><V80/><F127/><N who="0" m="48650" /><D108/><U78/><E70/><V89/><F41/><W116/><G116/><T64/><D54/><N who="1" m="34263" /><E69/><V107/><F51/><N who="3" m="28775" /><G128/><T2/><D53/><U79/><E95/><V13/><F81/><N who="3" m="49487" /><G47/><T83/><D2/><U30/><AGARI ba="1,0" hai="15,18,20,23,27,30,76,78,79,101,102" m="34263" machi="30" ten="30,7900,0" yaku="8,1,52,3" doraHai="73" who="1" fromWho="1" sc="380,-40,120,82,250,-21,250,-21" /><INIT seed="1,0,0,0,5,36" ten="340,202,229,229" oya="1" hai0="25,32,53,97,44,38,63,108,127,84,83,76,20" hai1="48,35,9,34,14,40,87,101,29,41,49,2,132" hai2="3,4,109,92,61,77,64,122,46,56,52,39,116" hai3="94,88,7,124,119,0,80,12,89,117,123,82,54"/><U67/><E2/><V106/><F122/><W133/><G0/><T134/><D32/><U8/><E67/><V121/><F121/><W96/><G123/><T60/><D108/><U131/><E101/><V75/><F106/><W112/><G112/><T65/><D127/><U69/><E69/><V28/><F116/><N who="3" m="44619" /><G124/><T78/><D134/><U33/><E29/><V81/><F28/><W66/><G66/><T104/><D78/><U95/><E132/><V19/><F19/><W24/><G24/><T13/><D13/><U125/><E125/><V93/><F109/><W72/><G72/><T103/><D65/><U50/><E131/><V129/><F129/><W47/><G133/><T6/><D6/><U27/><E27/><V105/><F105/><W18/><G7/><T22/><D22/><U114/><E114/><V115/><F115/><W59/><G47/><T57/><D38/><U30/><E30/><V107/><F107/><W1/><G89/><T51/><D44/><U71/><E71/><V16/><F16/><AGARI ba="0,0" hai="16,20,25,51,53,57,60,63,76,83,84,97,103,104" machi="16" ten="30,2000,0" yaku="7,1,54,1" doraHai="36" who="0" fromWho="2" sc="340,20,202,0,229,-20,229,0" /><INIT seed="2,0,0,1,2,20" ten="360,202,209,229" oya="2" hai0="100,70,56,25,44,86,124,121,55,4,66,89,112" hai1="98,60,16,48,97,71,95,11,53,113,69,42,93" hai2="7,46,31,30,90,101,32,14,125,35,59,13,34" hai3="118,8,29,38,65,76,82,72,108,103,33,22,122"/><V62/><F101/><W52/><G118/><T92/><D70/><U54/><E113/><V109/><F46/><W91/><G38/><T87/><D112/><U21/><E11/><V50/><F50/><W105/><G33/><T40/><D4/><U85/><E71/><V41/><F41/><W73/><G73/><T45/><D66/><U67/><E42/><V17/><F90/><W0/><G108/><T117/><D121/><U115/><E115/><V134/><F134/><W78/><G78/><T107/><D107/><U37/><E37/><V15/><F62/><W102/><G65/><T23/><D100/><U132/><E132/><V80/><F59/><W18/><G105/><T84/><D117/><U126/><E126/><V28/><F80/><W119/><G119/><T2/><D124/><U58/><E54/><V77/><F77/><W6/><G122/><T12/><D2/><U88/><REACH who="1" step="1"/><E95/><REACH who="1" ten="360,192,209,229" step="2"/><V39/><F39/><W9/><G52/><T57/><D40/><U74/><E74/><V3/><F125/><W131/><G9/><T129/><D92/><U43/><E43/><V51/><F51/><W24/><G131/><T36/><D129/><U128/><E128/><V133/><F133/><W61/><G61/><T49/><D55/><U110/><E110/><V83/><F109/><W47/><G47/><T64/><D45/><U10/><E10/><N who="2" m="2431" /><F83/><W81/><G81/><T26/><D44/><U79/><E79/><V68/><F68/><W114/><G114/><T5/><D56/><U111/><E111/><V27/><F31/><W94/><G29/><T99/><D36/><RYUUKYOKU ba="0,1" sc="360,-30,192,10,209,10,229,10" hai1="16,21,48,53,58,60,67,69,85,88,93,97,98" hai2="13,14,15,17,27,28,30,32,34,35" hai3="0,6,8,18,22,24,72,76,82,91,94,102,103" /><INIT seed="2,1,1,2,3,110" ten="330,202,219,239" oya="2" hai0="7,72,8,27,3,24,64,83,60,94,21,62,26" hai1="1,51,43,23,130,104,117,81,46,32,37,22,113" hai2="18,6,92,121,105,13,33,56,17,65,100,88,38" hai3="115,45,95,50,25,99,40,73,82,98,19,54,53"/><V63/><F121/><W124/><G124/><T14/><D94/><U119/><E113/><V9/><F38/><W126/><G126/><T34/><D72/><U112/><E112/><V44/><F33/><W122/><G122/><T127/><D83/><U75/><E104/><V87/><REACH who="2" step="1"/><F44/><REACH who="2" ten="330,202,209,239" step="2"/><W108/><G108/><T41/><D34/><U76/><E32/><V118/><F118/><W125/><G125/><T84/><D127/><U131/><E119/><V102/><F102/><W5/><G115/><T77/><D27/><U36/><E117/><V31/><F31/><W12/><G25/><T20/><D26/><U49/><E36/><V116/><F116/><W134/><G134/><T47/><D24/><U29/><E29/><V70/><F70/><W109/><G109/><T86/><D3/><U42/><E1/><V114/><F114/><W68/><G68/><T15/><D14/><U96/><E37/><V61/><F61/><W67/><G12/><T97/><D60/><U85/><E131/><V135/><F135/><W74/><G45/><T106/><D62/><U93/><E130/><V89/><F89/><W4/><G73/><T69/><D47/><N who="1" m="25847" /><E75/><V58/><F58/><W129/><G74/><T132/><D69/><U91/><AGARI ba="1,2" hai="22,23,43,46,51,76,81,85,91,93,96" m="25847" machi="91" ten="30,1100,0" yaku="8,1" doraHai="110" who="1" fromWho="1" sc="330,-4,202,34,209,-6,239,-4" /><INIT seed="3,0,0,5,0,110" ten="326,236,203,235" oya="3" hai0="120,113,22,63,47,79,67,12,15,68,103,100,77" hai1="132,13,25,126,32,125,78,44,31,41,50,86,5" hai2="34,45,98,76,112,66,26,123,6,36,88,20,105" hai3="43,87,111,58,106,80,2,64,101,75,53,1,29"/><W39/><G111/><T119/><D120/><U59/><E59/><V8/><F34/><W89/><G75/><T27/><D119/><U9/><E132/><V124/><F123/><W83/><G64/><T21/><D47/><U92/><E92/><V16/><F66/><W131/><G131/><T62/><D67/><U49/><REACH who="1" step="1"/><E50/><REACH who="1" ten="326,226,203,235" step="2"/><V3/><F124/><W107/><G107/><T7/><D68/><U118/><E118/><V84/><F112/><W121/><G106/><T42/><D113/><U56/><E56/><V133/><F133/><W81/><G39/><T94/><D94/><U4/><E4/><V90/><F36/><W61/><G121/><T55/><D7/><U95/><E95/><V60/><F45/><W109/><G109/><T108/><D108/><U97/><E97/><V11/><F60/><W73/><G73/><T54/><D62/><U65/><E65/><V117/><F117/><W128/><G128/><T96/><D63/><U57/><E57/><V28/><F105/><W18/><G83/><AGARI ba="0,1" hai="5,9,13,25,31,32,41,44,49,78,83,86,125,126" machi="83" ten="40,5200,0" yaku="1,1,25,2,53,0" doraHai="110" doraHaiUra="51" who="1" fromWho="3" sc="326,0,226,62,203,0,235,-52" owari="326,43.0,288,9.0,203,-20.0,183,-32.0" /></mjloggm>