<mjloggm ver="2.3"><GO type="169" lobby="0"/><UN n0="%E5%89%8D%E6%88%AF%33%30%E5%88%86" n1="%E5%B0%B1%E6%B4%BB%E7%94%9F%40%E5%B7%9D%E6%9D%91%E8%BB%8D%E5%9B%A3" n2="%E4%B8%8A%E6%9F%BF%E3%82%81%E3%81%90%E3%81%BF" n3="%E3%81%82%E3%81%84%E3%81%82%E3%81%8A%E3%81%84" dan="16,16,17,17" rate="2155.32,2063.11,2183.84,2097.61" sx="M,M,F,M"/><TAIKYOKU oya="0"/><INIT seed="0,0,0,2,5,90" ten="250,250,250,250" oya="0" hai0="130,67,65,43,94,5,22,75,121,93,42,78,135" hai1="100,96,71,59,101,131,103,13,3,104,27,28,85" hai2="4,76,19,44,20,123,61,55,52,127,124,115,108" hai3="23,49,38,36,68,37,51,87,9,86,134,48,50"/><T7/><D121/><U15/><E3/><V62/><F115/><W32/><G32/><T111/><D75/><U114/><E114/><V109/><F76/><W82/><G68/><T77/><D130/><U128/><E71/><V133/><F4/><N who="0" m="1610" /><D135/><U25/><E59/><V18/><F20/><W1/><G134/><T17/><D111/><N who="2" m="42570" /><F133/><W53/><G1/><T12/><D77/><U64/><E64/><N who="0" m="24649" /><D78/><U106/><E85/><V79/><F79/><W10/><G23/><T24/><D24/><U116/><E116/><V46/><F123/><W80/><N who="3" m="12288" /><DORA hai="69" /><W54/><G86/><T63/><D63/><N who="2" m="24074" /><F19/><W105/><G105/><N who="1" m="40554" /><E28/><V58/><F18/><W40/><G40/><AGARI ba="0,0" hai="12,17,22,40,42,43,93,94" m="24649,1610" machi="40" ten="30,5800,0" yaku="8,1,52,2" doraHai="90,69" who="0" fromWho="3" sc="250,58,250,0,250,0,250,-58" /><INIT seed="0,1,0,5,0,25" ten="308,250,250,192" oya="0" hai0="46,60,27,133,81,39,120,8,54,109,7,135,84" hai1="102,41,92,71,38,6,97,52,89,83,37,61,58" hai2="36,15,14,17,107,108,68,48,78,75,30,62,70" hai3="91,33,88,57,23,66,130,101,126,104,110,3,63"/><T18/><D120/><U124/><E124/><V20/><F36/><W77/><G33/><T59/><D109/><U21/><E71/><V121/><F121/><W24/><G3/><T67/><D18/><U45/><E6/><V90/><F107/><W22/><G126/><T115/><D115/><U2/><E2/><V112/><F112/><W94/><G110/><T100/><D100/><U128/><E128/><V51/><F108/><W35/><G35/><T47/><D39/><U122/><E122/><V76/><F75/><W56/><G130/><T32/><D54/><U72/><E37/><V53/><F68/><W42/><G42/><T1/><D27/><U11/><E11/><V87/><F70/><W85/><G77/><N who="0" m="46127" /><D32/><U80/><E72/><V82/><F14/><W93/><G57/><T9/><D9/><U134/><E134/><AGARI ba="1,0" hai="1,7,8,46,47,59,60,67,133,134,135" m="46127" machi="134" ten="30,1500,0" yaku="20,1" doraHai="25" who="0" fromWho="1" sc="308,18,250,-18,250,0,192,0" /><INIT seed="0,2,0,5,1,58" ten="326,232,250,192" oya="0" hai0="119,21,106,68,67,33,37,24,31,134,114,32,120" hai1="85,52,13,17,29,15,105,38,65,135,128,125,6" hai2="16,96,27,73,8,118,42,133,94,46,74,69,95" hai3="2,99,92,84,72,14,43,79,111,70,116,86,59"/><T53/><D119/><U64/><E105/><V76/><F69/><W129/><G70/><T101/><D120/><U88/><E38/><V0/><F74/><W115/><G2/><T44/><D114/><U102/><E135/><V131/><F133/><W80/><G116/><T4/><D4/><U12/><E125/><V124/><F131/><W19/><G115/><T5/><D5/><U39/><E39/><N who="2" m="21855" /><F96/><W93/><G129/><T54/><D21/><U20/><E128/><V61/><F124/><W81/><G43/><N who="0" m="22639" /><D134/><U11/><E102/><V35/><F61/><W1/><G1/><T23/><D23/><U98/><E98/><V55/><F55/><W22/><G111/><T113/><D33/><U87/><E87/><V10/><F10/><W112/><G112/><T36/><D36/><U34/><E34/><V62/><F62/><W126/><G126/><T127/><D113/><U30/><E52/><V7/><F118/><W83/><G59/><T26/><D127/><U71/><E15/><V51/><F51/><W78/><REACH who="3" step="1"/><G99/><REACH who="3" ten="326,232,250,182" step="2"/><N who="0" m="61759" /><D68/><U45/><E45/><V117/><F117/><W103/><G103/><T75/><D53/><U25/><E71/><V91/><F0/><W132/><G132/><T50/><D54/><U28/><REACH who="1" step="1"/><E25/><REACH who="1" ten="326,222,250,182" step="2"/><V89/><F27/><W77/><AGARI ba="2,2" hai="14,19,22,72,77,78,79,80,81,83,84,86,92,93" machi="77" ten="20,5200,0" yaku="1,1,0,1,7,1,9,1,53,0" doraHai="58" doraHaiUra="3" who="3" fromWho="3" sc="326,-28,222,-15,250,-15,182,78" /><INIT seed="1,0,0,5,2,87" ten="298,207,235,260" oya="1" hai0="103,126,128,101,88,96,116,27,28,37,129,34,86" hai1="112,135,51,18,45,41,83,26,44,31,50,30,132" hai2="106,104,108,82,7,122,114,109,84,80,131,110,127" hai3="2,0,1,48,73,76,49,99,69,9,10,72,38"/><U39/><E112/><V54/><F114/><W134/><G69/><T77/><D116/><U125/><E125/><V91/><F122/><W67/><G67/><T111/><D126/><U33/><E30/><V105/><F7/><W32/><G32/><T66/><D37/><U74/><E18/><V89/><F127/><W43/><G134/><T98/><D66/><U29/><E29/><V16/><F54/><W94/><G38/><T24/><D77/><U11/><E11/><V8/><F131/><N who="0" m="50250" /><D111/><U102/><E102/><N who="0" m="38921" /><D27/><U47/><E47/><V25/><F82/><AGARI ba="0,0" hai="24,28,34,82,86,88,96,98" m="38921,50250" machi="82" ten="30,3900,0" yaku="19,1,52,1,54,1" doraHai="87" who="0" fromWho="2" sc="298,39,207,0,235,-39,260,0" /><INIT seed="2,0,0,0,3,20" ten="337,207,196,260" oya="2" hai0="86,118,21,2,101,79,128,119,31,69,43,129,93" hai1="97,41,89,62,123,108,71,104,52,27,63,37,59" hai2="72,90,135,24,49,16,30,51,0,73,46,58,34" hai3="82,60,8,76,11,124,84,98,91,53,122,6,50"/><V12/><F135/><W116/><G122/><T120/><D69/><U29/><E123/><V115/><F115/><W74/><G116/><N who="0" m="44587" /><D2/><U85/><E108/><V125/><F125/><W35/><G35/><T77/><D43/><U7/><E7/><V96/><F0/><W55/><G124/><T87/><D31/><U68/><E37/><V80/><F58/><W9/><G60/><T33/><D21/><U111/><E41/><V127/><F127/><W81/><G98/><N who="0" m="59599" /><D33/><U114/><E114/><V14/><F51/><W102/><G102/><T95/><D95/><U28/><E28/><V103/><F12/><W94/><G94/><T112/><D120/><U67/><E111/><V19/><F19/><W25/><G25/><T132/><D132/><U92/><E104/><V133/><F133/><W117/><G117/><T3/><D3/><U5/><E5/><V10/><F103/><W65/><G65/><T83/><D112/><U45/><E45/><V109/><F109/><W56/><REACH who="3" step="1"/><G55/><REACH who="3" ten="337,207,196,250" step="2"/><T110/><D110/><U134/><E134/><V13/><F96/><W1/><AGARI ba="0,1" hai="1,6,8,9,11,50,53,56,74,76,81,82,84,91" machi="1" ten="20,5200,0" yaku="1,1,2,1,0,1,7,1,53,0" doraHai="20" doraHaiUra="15" who="3" fromWho="3" sc="337,-13,207,-13,196,-26,250,62" /><INIT seed="3,0,0,4,3,109" ten="324,194,170,312" oya="3" hai0="110,7,70,119,111,99,91,64,37,8,11,115,23" hai1="54,122,10,50,117,30,62,5,33,96,18,12,102" hai2="14,82,132,40,24,35,19,58,81,52,116,98,13" hai3="78,123,29,57,17,49,55,47,88,108,71,15,59"/><W44/><G71/><T94/><D119/><U92/><E122/><V48/><F132/><W129/><G123/><T72/><D37/><U127/><E127/><V45/><F116/><W21/><G129/><T113/><D72/><U89/><E117/><V121/><F121/><W125/><G125/><T26/><D64/><U68/><E33/><V112/><F14/><W2/><G2/><N who="0" m="119" /><D11/><U95/><E30/><V126/><F126/><W65/><G78/><T67/><D67/><U73/><E73/><V120/><F120/><W104/><G104/><T31/><D70/><U85/><E68/><V1/><F1/><W118/><G118/><T87/><D87/><U77/><E62/><V101/><F24/><W6/><G6/><T39/><D39/><U69/><E69/><V51/><F112/><AGARI ba="0,0" hai="23,26,31,91,94,99,110,111,112,113,115" m="119" machi="112" ten="30,7700,0" yaku="11,1,52,3" doraHai="109" who="0" fromWho="2" sc="324,77,194,0,170,-77,312,0" /><INIT seed="4,0,0,1,2,123" ten="401,194,93,312" oya="0" hai0="95,18,132,69,126,85,63,102,50,108,74,89,131" hai1="45,64,22,16,99,91,76,10,15,46,75,82,122" hai2="5,96,32,68,8,87,39,107,44,12,113,115,2" hai3="21,35,105,135,65,30,1,104,117,133,78,81,27"/><T116/><D74/><U11/><E122/><V54/><F68/><W31/><G1/><T94/><D116/><U25/><E11/><V125/><F32/><W79/><G117/><T26/><D126/><U119/><E119/><V120/><F120/><W19/><G79/><T49/><D131/><U53/><E64/><V73/><F125/><W58/><G65/><T100/><D132/><N who="3" m="50761" /><G58/><T66/><D108/><U29/><E53/><V42/><F87/><N who="3" m="48567" /><G30/><T127/><D127/><U7/><E91/><V47/><F47/><W33/><G33/><T111/><D111/><U37/><E37/><V134/><F134/><W103/><G103/><T98/><D100/><U56/><E56/><V71/><F71/><W124/><G124/><T6/><D6/><U40/><E99/><V24/><F96/><W51/><G51/><T13/><D26/><AGARI ba="0,0" hai="19,21,26,27,31,35,104,105" m="48567,50761" machi="26" ten="30,1000,0" yaku="20,1" doraHai="123" who="3" fromWho="0" sc="401,-10,194,0,93,0,312,10" /><INIT seed="5,0,0,5,1,89" ten="391,194,93,322" oya="1" hai0="52,47,29,10,97,112,15,96,78,32,36,98,31" hai1="90,107,100,125,134,30,104,28,22,1,44,54,121" hai2="91,13,35,43,33,133,55,34,63,64,42,16,39" hai3="8,12,81,106,83,103,21,88,115,37,17,9,113"/><U80/><E1/><V23/><F133/><W38/><G103/><T79/><D112/><N who="3" m="43081" /><G106/><T95/><D36/><N who="3" m="13929" /><G88/><N who="0" m="55399" /><D32/><U86/><E125/><V75/><F39/><W135/><G135/><T53/><D47/><U123/><E134/><V7/><F75/><W132/><G132/><T77/><D97/><U105/><E100/><V130/><F130/><W131/><G131/><T3/><D3/><U76/><E76/><V2/><F55/><N who="0" m="21066" /><D98/><U14/><E123/><V74/><F74/><W45/><G45/><T50/><D50/><U40/><E121/><V118/><F118/><W11/><AGARI ba="0,0" hai="8,9,11,12,17,21,81,83" m="13929,43081" machi="11" ten="40,1500,0" yaku="15,1" doraHai="89" who="3" fromWho="3" sc="391,-4,194,-7,93,-4,322,15" /><INIT seed="6,0,0,4,5,113" ten="387,187,89,337" oya="2" hai0="44,74,68,30,62,94,111,87,53,131,96,88,22" hai1="103,104,80,98,39,8,57,29,107,129,20,41,56" hai2="24,18,117,122,67,4,46,26,5,65,61,19,32" hai3="127,108,54,132,40,125,7,135,13,36,92,2,14"/><V106/><F122/><W10/><G40/><T35/><D35/><U110/><E110/><V63/><F106/><W78/><G54/><T73/><D111/><U123/><E107/><V23/><F32/><W48/><G48/><N who="0" m="28807" /><D73/><U69/><E69/><V70/><F46/><W71/><G71/><T109/><D74/><U31/><E39/><V115/><F115/><W50/><G50/><T85/><D68/><U105/><E41/><V0/><F70/><W86/><G36/><T33/><D33/><U97/><E57/><V42/><F42/><W99/><G86/><T95/><D131/><U27/><E56/><V60/><F0/><W16/><G78/><T12/><D109/><U75/><E129/><V90/><F90/><W15/><G108/><T121/><D121/><U37/><E37/><V128/><F128/><W49/><G49/><T17/><D30/><U101/><E123/><V91/><F91/><W116/><G116/><T124/><D124/><N who="3" m="47689" /><G92/><T28/><D28/><U25/><E8/><V114/><F114/><W45/><G99/><N who="0" m="57799" /><D62/><U58/><E58/><V102/><F102/><AGARI ba="0,0" hai="12,17,22,85,87,95,96,102" m="57799,28807" machi="102" ten="30,2000,0" yaku="8,1,54,1" doraHai="113" who="0" fromWho="2" sc="387,20,187,0,89,-20,337,0" /><INIT seed="7,0,0,3,2,18" ten="407,187,69,337" oya="3" hai0="2,67,94,111,10,46,120,86,105,12,131,31,73" hai1="103,1,52,36,55,11,15,37,91,98,64,23,58" hai2="50,48,42,74,5,60,96,123,87,113,45,135,109" hai3="124,128,26,61,75,68,78,134,83,49,63,92,84"/><W72/><G134/><T21/><D73/><U39/><E1/><V4/><F109/><W104/><G104/><T33/><D111/><U65/><E91/><V59/><F74/><W13/><G124/><T97/><D105/><U121/><E121/><V70/><F96/><W125/><G125/><T6/><D120/><U126/><E126/><V54/><F123/><W107/><G107/><T90/><D131/><U66/><E23/><V118/><F87/><W27/><G128/><T3/><D67/><U28/><E28/><V76/><F76/><W38/><G38/><T114/><D114/><U30/><E30/><V77/><F77/><W19/><G49/><T47/><D2/><U110/><E110/><V119/><F5/><W85/><G75/><T93/><D33/><U108/><E108/><V122/><F4/><W56/><G68/><T44/><D3/><U32/><E32/><V127/><F127/><W0/><G0/><T89/><D21/><U81/><E81/><V43/><F122/><W115/><G115/><T79/><D31/><U95/><E58/><V88/><F135/><W112/><G112/><T34/><D34/><U62/><E62/><N who="3" m="23562" /><G56/><T25/><D25/><N who="3" m="9225" /><G92/><T14/><D14/><U22/><E11/><V69/><F113/><W132/><G132/><T17/><D79/><U100/><E100/><V53/><F88/><W101/><G101/><T102/><D102/><U99/><E99/><V24/><F24/><W41/><G41/><N who="2" m="15369" /><F50/><W82/><G82/><T20/><D10/><U7/><E7/><AGARI ba="0,0" hai="6,7,12,17,20,44,46,47,86,89,90,93,94,97" machi="7" ten="40,2600,0" yaku="8,1,52,1" doraHai="18" who="0" fromWho="1" sc="407,26,187,-26,69,0,337,0" owari="433,53.0,161,-24.0,69,-43.0,337,14.0" /></mjloggm>