<mjloggm ver="2.3"><GO type="97" lobby="0"/><UN n0="%E8%BE%BB%E7%94%B0%E3%81%99%E3%81%A0%E3%81%A1" n1="%E3%81%A6%E3%81%91%E3%81%A8%E3%83%BC%E3%81%BF%E3%82%93%E2%98%86%E5%BD%A1" n2="%E5%B0%B1%E6%B4%BB%E7%94%9F%40%E5%B7%9D%E6%9D%91%E8%BB%8D%E5%9B%A3" n3="%E3%81%B2%E3%81%8E%E3%81%83" dan="14,15,15,13" rate="1978.62,1994.93,2067.84,1858.28" sx="F,F,M,M"/><TAIKYOKU oya="0"/><INIT seed="0,0,0,1,1,133" ten="250,250,250,250" oya="0" hai0="75,21,101,90,56,110,10,11,123,51,39,79,128" hai1="125,31,84,6,46,52,96,20,63,42,88,59,106" hai2="0,22,45,109,25,44,122,102,89,105,37,13,57" hai3="14,94,107,29,135,76,1,48,70,23,65,24,126"/><T43/><D123/><U40/><E125/><V134/><F0/><W82/><G126/><T71/><D71/><U36/><E6/><V112/><F134/><W68/><G135/><T93/><D128/><U30/><E42/><V117/><F109/><W17/><G1/><T54/><D110/><U73/><E73/><V124/><F124/><W77/><G107/><T113/><D113/><U35/><E35/><V55/><F112/><W99/><G65/><T104/><D39/><U131/><E131/><V98/><F122/><W8/><G48/><T129/><D43/><U19/><E96/><V5/><F37/><W100/><REACH who="3" step="1"/><G77/><REACH who="3" ten="250,250,250,240" step="2"/><T69/><D69/><U130/><E106/><V2/><F2/><W86/><AGARI ba="0,1" hai="8,14,17,23,24,29,68,70,76,82,86,94,99,100" machi="86" ten="20,12000,2" yaku="1,1,2,1,0,1,7,1,53,2" doraHai="133" doraHaiUra="66" who="3" fromWho="3" sc="250,-60,250,-30,250,-30,240,130" /><INIT seed="1,0,0,1,1,119" ten="190,220,220,370" oya="1" hai0="45,131,76,28,84,126,47,20,22,33,107,7,11" hai1="62,120,128,106,102,85,37,116,94,89,0,117,92" hai2="35,6,60,95,13,104,97,69,121,66,112,80,125" hai3="130,103,93,18,24,105,46,5,57,64,113,68,71"/><U87/><E37/><V58/><F112/><W41/><G113/><T63/><D107/><U27/><E0/><V53/><F35/><W29/><G105/><T132/><D132/><U44/><E44/><V48/><F125/><W67/><G5/><T42/><D126/><U122/><E27/><V40/><F104/><W65/><G130/><T77/><D131/><U16/><E16/><V90/><F40/><W23/><G57/><T15/><D47/><U19/><E19/><V36/><F36/><W101/><G29/><T83/><D77/><U118/><E62/><V14/><F6/><W109/><G109/><T2/><D63/><U4/><E4/><V38/><F38/><W21/><G21/><T30/><D2/><U25/><E25/><V123/><REACH who="2" step="1"/><F80/><REACH who="2" ten="190,220,210,370" step="2"/><W124/><G41/><T52/><D33/><U129/><E106/><V17/><F17/><W75/><G18/><T3/><D42/><U9/><E9/><V78/><F78/><W50/><G124/><T70/><D70/><U91/><REACH who="1" step="1"/><E102/><REACH who="1" ten="190,210,210,370" step="2"/><V43/><F43/><W73/><G103/><T88/><D3/><U81/><E81/><V61/><F61/><W26/><G101/><T100/><D100/><U55/><E55/><V135/><F135/><W8/><G8/><T115/><D115/><U114/><E114/><V74/><F74/><W96/><G75/><T12/><D30/><U108/><E108/><V110/><F110/><W1/><G73/><N who="0" m="43407" /><D28/><U82/><E82/><V111/><F111/><W86/><G1/><T127/><D127/><U133/><E133/><V54/><F54/><W59/><G68/><RYUUKYOKU ba="0,2" sc="190,-15,210,15,210,15,370,-15" hai1="85,87,89,91,92,94,116,117,118,120,122,128,129" hai2="13,14,48,53,58,60,66,69,90,95,97,121,123" /><INIT seed="1,1,2,3,3,3" ten="175,225,225,355" oya="1" hai0="12,49,6,28,21,17,95,77,40,67,102,23,1" hai1="96,123,81,42,66,97,99,115,107,89,10,128,131" hai2="106,85,2,35,74,118,8,19,38,61,46,79,4" hai3="63,32,18,37,36,92,125,43,135,93,133,57,52"/><U14/><E66/><V5/><F118/><W105/><G105/><T44/><D77/><U91/><E42/><N who="2" m="22871" /><F35/><W54/><G32/><T20/><D67/><U100/><E14/><V33/><F33/><W47/><G125/><T29/><D1/><U9/><E9/><N who="2" m="2199" /><F85/><W64/><G18/><T86/><D6/><U130/><E10/><V62/><F19/><W27/><G27/><T110/><D110/><U124/><E124/><V65/><F65/><W90/><G37/><T129/><D129/><U51/><E51/><V58/><F58/><W71/><G71/><T94/><D94/><N who="3" m="36457" /><G90/><N who="1" m="34314" /><E123/><V82/><F106/><W84/><G84/><T48/><D48/><U121/><E121/><V111/><F111/><W112/><G112/><T126/><D126/><U26/><E26/><V83/><F83/><W0/><G0/><AGARI ba="1,2" hai="0,5,8,61,62,74,79,82" m="2199,22871" machi="0" ten="30,3900,0" yaku="25,1,52,2" doraHai="3" who="2" fromWho="3" sc="175,0,225,0,225,62,355,-42" /><INIT seed="2,0,0,1,3,97" ten="175,225,287,313" oya="2" hai0="108,66,35,111,93,63,75,82,46,25,73,56,64" hai1="65,122,34,18,19,99,10,4,133,48,55,102,74" hai2="5,36,33,30,115,124,90,8,62,91,77,126,59" hai3="130,68,44,72,123,120,6,86,53,61,45,20,78"/><V24/><F36/><W105/><G130/><T112/><D112/><U11/><E133/><V60/><F77/><W81/><G105/><T134/><D134/><U39/><E122/><V15/><F115/><W67/><G6/><T129/><D129/><U1/><E34/><V71/><F71/><W92/><G20/><T47/><D64/><U21/><E39/><V0/><F60/><W119/><G119/><T31/><D93/><U40/><E74/><V85/><F0/><W76/><G76/><T100/><D100/><U23/><E40/><V87/><F87/><W135/><G135/><T104/><D104/><U41/><E41/><V16/><F5/><W26/><G26/><T17/><D17/><U109/><E65/><V2/><F2/><W106/><G106/><T57/><D57/><U52/><E109/><V88/><REACH who="2" step="1"/><F85/><REACH who="2" ten="175,225,277,313" step="2"/><N who="3" m="48311" /><G61/><T54/><D66/><AGARI ba="0,1" hai="8,15,16,24,30,33,59,62,66,88,90,91,124,126" machi="66" ten="40,7700,0" yaku="1,1,54,2,53,0" doraHai="97" doraHaiUra="43" who="2" fromWho="0" sc="175,-77,225,0,277,87,313,0" /><INIT seed="2,1,0,2,0,56" ten="98,225,364,313" oya="2" hai0="50,74,130,73,22,92,90,28,119,21,52,3,15" hai1="53,66,33,95,7,123,96,54,55,67,105,77,32" hai2="104,46,97,38,36,17,85,116,37,133,11,19,14" hai3="5,39,121,98,110,4,115,120,30,86,1,48,57"/><V83/><F116/><W51/><G39/><T76/><D76/><U20/><BYE who="0" /><E105/><V69/><F133/><UN n0="%E8%BE%BB%E7%94%B0%E3%81%99%E3%81%A0%E3%81%A1" /><W18/><G30/><T84/><D119/><U91/><E77/><V81/><F69/><W42/><G115/><T126/><D3/><U102/><E123/><V129/><F129/><W113/><G113/><T78/><D130/><U24/><E7/><V29/><F29/><W35/><G35/><T71/><D126/><U80/><E33/><V2/><F2/><W58/><G98/><T6/><D71/><U62/><E32/><V132/><F132/><W61/><G1/><T111/><D111/><U107/><E80/><V27/><F81/><W0/><G0/><T100/><D100/><U60/><E107/><V45/><F97/><W134/><G134/><T12/><D6/><U114/><E102/><V16/><F104/><W75/><G18/><T40/><D40/><U70/><E114/><V43/><F46/><W26/><G26/><T34/><D34/><U125/><E125/><V124/><F124/><W135/><G135/><T112/><D112/><U127/><E127/><V13/><F27/><W63/><G42/><T128/><D78/><U25/><REACH who="1" step="1"/><E20/><REACH who="1" ten="98,215,364,313" step="2"/><V109/><F109/><W94/><G94/><T101/><D101/><U93/><E93/><V103/><F103/><W9/><G120/><T8/><D8/><U79/><E79/><V47/><F83/><W44/><G9/><T41/><D41/><U68/><AGARI ba="1,1" hai="24,25,53,54,55,60,62,66,67,68,70,91,95,96" machi="68" ten="30,8000,1" yaku="1,1,0,1,9,1,52,2,53,0" doraHai="56" doraHaiUra="108" who="1" fromWho="1" sc="98,-21,215,93,364,-41,313,-21" /><INIT seed="3,0,0,2,3,109" ten="77,308,323,292" oya="3" hai0="98,60,20,33,85,2,30,55,39,94,47,52,64" hai1="95,112,79,61,40,119,70,81,62,72,118,135,123" hai2="114,54,21,8,103,97,77,92,35,76,122,104,44" hai3="108,41,102,93,9,25,27,14,120,127,12,56,80"/><W100/><G120/><T50/><D50/><U53/><E123/><V116/><F114/><W86/><G108/><T126/><D126/><U10/><E135/><V130/><F35/><W113/><G113/><T42/><D42/><U66/><E112/><V59/><F116/><N who="1" m="44585" /><E40/><V90/><F130/><W110/><G110/><T125/><D125/><U48/><E61/><V106/><F44/><W67/><G127/><T13/><D13/><N who="3" m="5225" /><G9/><T129/><D129/><U124/><E124/><V111/><F111/><W57/><G41/><T46/><D46/><N who="1" m="27799" /><E95/><V73/><F73/><W15/><BYE who="0" /><G15/><T74/><D74/><U91/><E91/><V37/><F37/><W68/><G68/><T51/><D51/><U89/><E89/><V133/><F133/><W45/><G45/><T88/><D88/><U78/><E78/><N who="2" m="30315" /><F104/><W1/><G1/><T6/><D6/><U83/><E83/><V65/><F106/><W134/><G134/><T22/><D22/><U121/><E121/><V18/><F122/><W99/><G100/><T3/><D3/><U24/><E24/><N who="3" m="9290" /><G67/><T128/><D128/><U32/><E10/><V131/><F131/><W29/><G29/><T63/><D63/><U36/><E36/><V17/><F65/><W34/><G34/><AGARI ba="0,0" hai="32,34,62,66,70,72,79,81" m="27799,44585" machi="34" ten="30,1000,0" yaku="12,1" doraHai="109" who="1" fromWho="3" sc="77,0,308,10,323,0,292,-10" owari="77,-42.0,318,12.0,323,42.0,282,-12.0" /></mjloggm>