<mjloggm ver="2.3"><GO type="97" lobby="0"/><UN n0="%62%61%62%61%62%61" n1="%68%79%70%73%69%6E" n2="%E9%80%B1%E5%88%8A%E3%82%A8%E3%82%B9%E3%83%86" n3="%E3%83%88%E3%83%88%E3%83%AA%E5%85%88%E7%94%9F%31%39%E6%AD%B3" dan="14,15,13,15" rate="1881.36,1957.97,1846.84,2028.06" sx="F,M,M,F"/><TAIKYOKU oya="0"/><INIT seed="0,0,0,0,0,121" ten="250,250,250,250" oya="0" hai0="76,18,14,17,19,24,134,120,102,99,59,43,107" hai1="123,124,61,33,117,78,9,6,67,52,98,22,93" hai2="127,125,73,119,36,50,8,88,26,21,109,110,53" hai3="68,96,97,101,54,81,63,12,1,5,56,130,69"/><T7/><D120/><U116/><E33/><V4/><F36/><W126/><G1/><T113/><D113/><U90/><E123/><V31/><F73/><W27/><G130/><T55/><D134/><U10/><E78/><V13/><F119/><W135/><G135/><T62/><D43/><U57/><E124/><N who="2" m="47691" /><F88/><W115/><G115/><T23/><D76/><U65/><E9/><V106/><F106/><W38/><G38/><T108/><D108/><N who="2" m="41578" /><F53/><W111/><G111/><T82/><D82/><U95/><E117/><V20/><F50/><W49/><G126/><T15/><REACH who="0" step="1"/><D7/><REACH who="0" ten="240,250,250,250" step="2"/><U91/><E116/><V64/><F64/><N who="3" m="39015" /><G5/><T3/><D3/><U77/><E67/><V32/><AGARI ba="0,1" hai="4,8,13,20,21,26,31,32" m="41578,47691" machi="32" ten="30,12000,2" yaku="18,1,14,1,34,2,52,3" doraHai="121" who="2" fromWho="2" sc="240,-60,250,-30,250,130,250,-30" /><INIT seed="1,0,0,3,2,123" ten="180,220,380,220" oya="1" hai0="20,35,52,55,112,23,41,88,29,85,71,2,104" hai1="66,45,8,108,61,83,0,48,105,134,131,22,82" hai2="111,3,44,68,69,135,39,38,96,26,36,122,46" hai3="57,78,114,97,101,28,102,62,89,116,86,118,133"/><U99/><E131/><V27/><F3/><W65/><G114/><T110/><D112/><U72/><E134/><V14/><F135/><W24/><G78/><T16/><D104/><U13/><E22/><V53/><F122/><W125/><G133/><T21/><D2/><U34/><E0/><V6/><F96/><W12/><G12/><T67/><D71/><U51/><E72/><V129/><F129/><W124/><G86/><T49/><D67/><U91/><E34/><V93/><F93/><N who="3" m="58543" /><G89/><T106/><D106/><U87/><E105/><V42/><F14/><W5/><G102/><T32/><D32/><U58/><E99/><V54/><F6/><W31/><G5/><T9/><D35/><U120/><E82/><V92/><F92/><W127/><G24/><N who="0" m="16519" /><D110/><U77/><E120/><V103/><F103/><W126/><N who="3" m="31744" /><DORA hai="100" /><W17/><G17/><T79/><D79/><U40/><E108/><V121/><F121/><W43/><G43/><T94/><D41/><U98/><E77/><V25/><F111/><W84/><G84/><T47/><D55/><N who="2" m="21002" /><F42/><W119/><AGARI ba="0,0" hai="28,31,57,62,65,116,118,119" m="31744,58543" machi="119" ten="70,4700,0" yaku="12,1,18,1" doraHai="123,100" who="3" fromWho="3" sc="180,-12,220,-23,380,-12,220,47" /><INIT seed="2,0,0,2,3,3" ten="168,197,368,267" oya="2" hai0="36,122,101,63,109,37,107,21,92,133,8,34,86" hai1="11,39,127,129,18,56,42,1,5,126,51,98,70" hai2="75,25,28,2,113,0,121,10,115,47,96,54,68" hai3="85,14,45,89,117,95,43,112,110,134,123,130,87"/><V26/><F68/><W61/><G117/><T38/><D122/><U13/><E70/><V16/><F75/><W19/><G123/><T55/><D109/><U15/><E98/><V24/><F121/><W7/><G112/><T120/><D120/><U118/><E118/><V69/><F69/><W6/><G110/><T40/><D133/><U82/><E129/><V111/><F111/><W94/><G134/><T50/><D107/><U62/><E39/><V88/><F2/><W128/><G61/><T23/><D34/><U100/><E100/><V31/><F0/><W48/><G130/><T125/><D125/><N who="1" m="47627" /><E82/><V27/><F115/><W35/><G35/><T91/><D101/><U135/><E135/><V71/><F71/><W76/><G128/><T32/><D32/><U59/><E18/><V57/><F47/><W41/><G41/><T108/><D108/><U116/><E116/><V124/><F113/><W4/><G76/><T60/><D40/><U131/><E131/><V52/><F54/><W12/><G19/><T49/><D8/><U78/><E78/><V46/><F46/><W79/><G94/><T58/><REACH who="0" step="1"/><D49/><REACH who="0" ten="158,197,368,267" step="2"/><U84/><E42/><V114/><F124/><W67/><G48/><T97/><D97/><U65/><E51/><N who="2" m="30879" /><F114/><W119/><G119/><T105/><D105/><U74/><E11/><V20/><F10/><W73/><G43/><T93/><D93/><AGARI ba="0,1" hai="16,20,24,25,26,27,28,31,88,93,96" m="30879" machi="93" ten="30,11600,0" yaku="8,1,54,3" doraHai="3" who="2" fromWho="0" sc="158,-116,197,0,368,126,267,0" /><INIT seed="2,1,0,3,2,6" ten="42,197,494,267" oya="2" hai0="16,10,31,132,46,92,123,40,106,69,19,8,20" hai1="14,26,48,52,63,56,38,129,66,24,108,130,9" hai2="53,81,86,118,133,59,15,51,41,17,33,35,89" hai3="21,71,50,12,125,55,112,93,29,128,87,107,27"/><V28/><F118/><W3/><G3/><T61/><D123/><U119/><E38/><V43/><F133/><W23/><G71/><T49/><D106/><U113/><E113/><V115/><F115/><W74/><G74/><T47/><D132/><U0/><E0/><V91/><F35/><W25/><G107/><T39/><D31/><U96/><E96/><V30/><F33/><W97/><G112/><T42/><D19/><N who="1" m="8655" /><E119/><V7/><F7/><W82/><G128/><N who="1" m="49258" /><E108/><V79/><F79/><N who="3" m="46559" /><G12/><T2/><D2/><U84/><E84/><V127/><F127/><W99/><G93/><T78/><D78/><U32/><E32/><V22/><F91/><W76/><G76/><T98/><D69/><AGARI ba="1,0" hai="24,26,48,52,56,63,66,69" m="49258,8655" machi="69" ten="30,3900,0" yaku="19,1,52,1,54,1" doraHai="6" who="1" fromWho="0" sc="42,-42,197,42,494,0,267,0" /><INIT seed="3,0,0,5,2,108" ten="0,239,494,267" oya="3" hai0="7,77,81,66,84,125,2,20,52,18,133,58,110" hai1="113,99,35,40,126,83,56,89,119,74,135,24,62" hai2="8,101,85,103,79,63,41,0,123,131,15,116,120" hai3="107,105,90,71,121,93,42,17,80,132,45,98,95"/><W33/><G121/><T129/><D110/><U4/><E119/><V51/><F0/><W65/><G33/><T76/><D133/><U48/><E135/><V21/><F131/><W61/><G132/><T28/><D129/><U134/><E4/><V106/><F21/><W26/><G80/><T16/><D125/><U32/><E134/><V130/><F130/><W92/><G92/><T124/><D124/><U75/><E126/><V114/><F63/><W69/><G69/><T128/><D128/><U59/><E24/><V67/><F67/><W102/><G17/><T91/><D2/><U117/><E117/><V86/><F114/><W96/><G26/><N who="0" m="16455" /><D7/><U70/><E83/><V5/><F106/><W112/><G112/><T22/><D66/><U30/><E30/><V111/><F111/><W10/><G10/><T115/><D115/><U14/><E14/><V37/><F37/><W122/><G122/><N who="2" m="46633" /><F116/><W12/><G12/><N who="0" m="9479" /><D18/><U55/><E70/><V11/><F11/><W88/><G102/><N who="2" m="38921" /><F79/><W87/><REACH who="3" step="1"/><G87/><REACH who="3" ten="0,239,494,257" step="2"/><T73/><D73/><U6/><E113/><V60/><F86/><W47/><G47/><T104/><D104/><U9/><E75/><V127/><F85/><W78/><G78/><T19/><D19/><U109/><E74/><V49/><F127/><W46/><G46/><T72/><D72/><U44/><E109/><V94/><F94/><W13/><G13/><T97/><D97/><U43/><E99/><V68/><F68/><W27/><G27/><T118/><D118/><U36/><E9/><V34/><F8/><W53/><G53/><T38/><D38/><AGARI ba="0,1" hai="38,42,45,61,65,71,88,90,93,95,96,98,105,107" machi="38" ten="30,18000,2" yaku="1,1,6,1,7,1,9,1,54,1,53,2" doraHai="108" doraHaiUra="100" who="3" fromWho="0" sc="0,-180,239,0,494,0,257,190" owari="-180,-68.0,239,-16.0,494,59.0,447,25.0" /></mjloggm>