<mjloggm ver="2.3"><GO type="169" lobby="0"/><UN n0="%E3%83%95%E3%83%AC%E3%83%BC%E3%82%BA%E3%83%8E" n1="%E3%82%A6%E3%82%A3%E3%83%89%E3%82%A5%EF%BC%A0%E9%98%AA%E7%A5%9E" n2="%E3%83%90%E3%83%88%E3%83%AB%E3%83%89%E3%83%BC%E3%83%A0%EF%BC%81" n3="%E3%82%A6%E3%83%AB%E3%83%88%E3%83%A9%E7%AB%8B%E7%9B%B4" dan="16,17,16,16" rate="2094.65,2183.72,2058.50,2117.29" sx="M,M,M,M"/><TAIKYOKU oya="0"/><INIT seed="0,0,0,3,1,103" ten="250,250,250,250" oya="0" hai0="29,53,74,16,34,23,21,24,62,55,81,71,116" hai1="132,127,112,36,26,58,5,108,20,76,109,131,54" hai2="89,56,85,126,106,100,129,39,107,113,57,13,1" hai3="9,3,51,123,104,67,49,63,28,82,32,11,50"/><T27/><D116/><U98/><E36/><V44/><F1/><W64/><G123/><T83/><D71/><U46/><E112/><V38/><F113/><W122/><G122/><T30/><D74/><U125/><E46/><V4/><F100/><W111/><G104/><T95/><D95/><U90/><E76/><V110/><F110/><N who="1" m="42601" /><E5/><V128/><F126/><W117/><G117/><T42/><D42/><U17/><E131/><N who="2" m="50251" /><F44/><W73/><G3/><T25/><REACH who="0" step="1"/><D62/><REACH who="0" ten="240,250,250,250" step="2"/><N who="1" m="36183" /><E132/><V22/><F39/><W47/><G63/><T7/><D7/><U14/><E127/><V75/><F38/><W79/><G111/><T33/><D33/><U59/><E125/><V114/><F75/><W93/><G73/><T72/><D72/><U87/><E98/><V102/><F114/><W43/><G43/><T35/><D35/><U135/><E135/><V61/><F61/><W0/><G32/><T97/><D97/><U92/><E59/><N who="2" m="22603" /><F4/><W133/><G133/><T99/><D99/><U91/><E92/><N who="2" m="54319" /><F102/><W121/><G93/><T84/><D84/><U101/><E87/><V124/><F124/><W77/><G121/><T60/><D60/><U70/><E101/><V10/><F10/><W15/><G11/><T19/><D19/><AGARI ba="0,1" hai="13,19,22,106,107" m="54319,22603,50251" machi="19" ten="30,3900,0" yaku="19,1,52,2" doraHai="103" who="2" fromWho="0" sc="240,-39,250,0,250,49,250,0" /><INIT seed="1,0,0,3,4,95" ten="201,250,299,250" oya="1" hai0="40,27,102,59,92,60,0,63,98,2,109,106,84" hai1="133,101,61,96,5,57,48,69,1,44,80,12,81" hai2="3,122,50,131,77,28,118,87,124,115,51,114,123" hai3="108,6,75,82,110,19,71,126,17,73,93,78,62"/><U90/><E69/><V129/><F3/><W97/><G6/><T134/><D109/><N who="3" m="42089" /><G75/><T29/><D134/><U99/><E1/><V41/><F28/><W55/><G126/><T18/><D40/><N who="1" m="24583" /><E133/><V23/><F23/><W132/><G132/><T91/><D18/><U22/><E101/><V35/><F35/><W105/><G105/><T53/><REACH who="0" step="1"/><D60/><REACH who="0" ten="191,250,299,250" step="2"/><U8/><E22/><AGARI ba="0,1" hai="0,2,22,27,29,53,59,63,84,91,92,98,102,106" machi="22" ten="30,7700,0" yaku="1,1,2,1,7,1,52,1,53,0" doraHai="95" doraHaiUra="72" who="0" fromWho="1" sc="191,87,250,-77,299,0,250,0" /><INIT seed="2,0,0,4,4,46" ten="278,173,299,250" oya="2" hai0="49,52,33,82,30,25,88,18,130,66,4,77,20" hai1="119,59,100,101,107,83,92,21,37,132,122,121,97" hai2="27,120,127,29,2,56,109,85,81,43,3,91,16" hai3="50,57,15,126,134,106,76,123,67,0,129,116,90"/><V5/><F120/><N who="1" m="46185" /><E37/><V68/><F68/><W87/><G0/><T89/><D66/><U14/><E14/><V41/><F109/><W131/><G123/><T125/><D4/><U78/><E21/><V79/><F127/><W39/><G39/><T102/><D102/><N who="1" m="60711" /><E59/><V53/><F3/><W115/><G67/><T63/><D130/><U28/><E28/><V42/><F2/><W112/><G15/><T44/><D63/><U94/><E119/><V45/><F5/><W60/><G60/><T105/><D105/><U51/><E51/><N who="2" m="27071" /><F29/><W7/><G106/><T95/><D95/><U113/><E113/><V69/><F69/><W11/><G112/><T32/><D125/><U9/><E9/><V70/><F70/><W133/><G11/><T23/><D33/><U99/><E132/><V73/><F73/><W110/><G7/><T61/><D61/><U17/><E17/><V40/><F79/><W108/><G76/><T104/><D104/><U62/><E62/><N who="2" m="36111" /><F27/><W34/><G34/><T55/><D32/><U54/><E54/><V124/><F124/><W80/><G126/><T135/><D55/><U38/><E38/><V114/><F114/><W6/><G115/><T64/><D64/><U98/><E78/><V35/><F35/><W12/><G134/><T13/><D135/><U75/><E75/><AGARI ba="0,0" hai="13,18,20,23,25,30,44,49,52,75,77,82,88,89" machi="75" ten="30,7700,0" yaku="7,1,52,1,54,2" doraHai="46" who="0" fromWho="1" sc="278,77,173,-77,299,0,250,0" /><INIT seed="3,0,0,1,2,0" ten="355,96,299,250" oya="3" hai0="44,4,104,111,113,130,41,95,103,131,105,59,61" hai1="32,57,76,92,125,106,18,88,56,118,22,28,69" hai2="8,47,3,26,54,120,72,84,49,112,42,85,81" hai3="87,60,62,93,21,65,75,124,19,6,115,119,40"/><W114/><G75/><T39/><D111/><U16/><E69/><V127/><F112/><W38/><G119/><T30/><D113/><U83/><E106/><V94/><F127/><W43/><G124/><T74/><D74/><U9/><E125/><V71/><F120/><W2/><G114/><T101/><D30/><U7/><E32/><V51/><F71/><W15/><G115/><T116/><D116/><U77/><E118/><V91/><F72/><W24/><G2/><T25/><D25/><N who="1" m="16439" /><E83/><V102/><F102/><N who="0" m="38922" /><D4/><U121/><E121/><V45/><F26/><W5/><G24/><T110/><D95/><U17/><E76/><V134/><F134/><W70/><G60/><T135/><D110/><U20/><E20/><V122/><F122/><W108/><G108/><T129/><D135/><U46/><E46/><V123/><F123/><W99/><G87/><T53/><AGARI ba="0,0" hai="39,41,44,53,59,61,104,105,129,130,131" m="38922" machi="53" ten="40,1500,0" yaku="19,1" doraHai="0" who="0" fromWho="0" sc="355,15,96,-4,299,-4,250,-7" /><INIT seed="4,0,0,0,5,24" ten="370,92,295,243" oya="0" hai0="74,18,36,95,76,15,72,129,22,104,16,53,63" hai1="134,61,109,79,11,50,60,47,97,57,77,83,103" hai2="35,17,98,90,39,26,102,118,106,87,40,114,4" hai3="29,117,131,113,96,127,5,33,27,1,41,23,108"/><T111/><D104/><U67/><E134/><V38/><F114/><W135/><G41/><T7/><D7/><U85/><E109/><V52/><F118/><W10/><G96/><T42/><D129/><U91/><E61/><V125/><F125/><W73/><G73/><T43/><D111/><U37/><E37/><V112/><F112/><W122/><G108/><T130/><D130/><U19/><E97/><V68/><F68/><W82/><G82/><T45/><D76/><U69/><E103/><V116/><F4/><W54/><G54/><T20/><D43/><U94/><E69/><V65/><F65/><W100/><G100/><T62/><D62/><U66/><E66/><V101/><F101/><W126/><G113/><T3/><D3/><U32/><E32/><V6/><F6/><W92/><G92/><T51/><D95/><U30/><E94/><N who="2" m="54623" /><F40/><W55/><G55/><T121/><D63/><U28/><E19/><V124/><F124/><N who="3" m="47659" /><G131/><T75/><D121/><U88/><E11/><V49/><F116/><W133/><G117/><T84/><D84/><U9/><E9/><V89/><F89/><N who="1" m="34377" /><E79/><V25/><F39/><W56/><G56/><T44/><D72/><U14/><E14/><AGARI ba="0,0" hai="14,15,16,18,20,22,36,42,44,45,51,53,74,75" machi="14" ten="30,5800,0" yaku="7,1,9,1,54,1" doraHai="24" who="0" fromWho="1" sc="370,58,92,-58,295,0,243,0" /><INIT seed="4,1,0,0,3,119" ten="428,34,295,243" oya="0" hai0="118,55,34,72,43,1,16,20,113,33,10,87,89" hai1="54,28,109,75,31,94,57,61,76,22,132,0,44" hai2="69,66,127,37,134,24,90,58,8,128,85,98,135" hai3="23,78,81,47,117,91,25,116,60,97,14,49,21"/><T120/><D113/><U103/><E109/><V122/><F69/><W63/><G116/><T4/><D118/><U68/><E0/><V51/><F37/><W32/><G32/><T83/><D120/><U131/><E131/><V108/><F108/><W12/><G91/><T102/><D102/><U121/><E132/><V18/><F98/><W59/><G97/><T124/><D124/><U114/><E114/><V9/><F127/><W50/><G117/><T73/><D43/><U105/><E105/><V77/><F77/><W115/><G115/><T5/><D5/><U3/><E3/><V39/><F39/><W70/><G70/><T6/><D6/><U126/><E121/><V112/><F112/><W40/><G50/><T7/><D7/><U41/><E68/><V26/><F122/><W46/><G47/><T13/><REACH who="0" step="1"/><D55/><REACH who="0" ten="418,34,295,243" step="2"/><U53/><E126/><V101/><F101/><W96/><G40/><T129/><D129/><U56/><E103/><V2/><F128/><W64/><G64/><T62/><D62/><U125/><E125/><V67/><F66/><W80/><G63/><T52/><D52/><U92/><E53/><V19/><F67/><W48/><G60/><T104/><D104/><U82/><E57/><V35/><F58/><W100/><G59/><T111/><D111/><U95/><REACH who="1" step="1"/><E22/><REACH who="1" ten="418,24,295,243" step="2"/><V107/><F134/><W38/><G21/><T88/><D88/><U45/><E45/><V86/><F90/><W123/><G123/><T106/><D106/><U17/><E17/><V15/><F107/><N who="3" m="63879" /><G46/><T11/><D11/><U65/><E65/><V99/><F18/><RYUUKYOKU ba="1,2" sc="418,15,24,15,295,-15,243,-15" hai0="1,4,10,13,16,20,33,34,72,73,83,87,89" hai1="28,31,41,44,54,56,61,75,76,82,92,94,95" /><INIT seed="4,2,2,1,3,125" ten="433,39,280,228" oya="0" hai0="59,108,84,47,45,11,33,61,53,40,65,72,31" hai1="115,12,131,28,109,42,122,124,68,101,120,51,105" hai2="110,80,126,16,8,78,27,4,121,71,74,114,52" hai3="19,112,135,60,41,13,79,5,44,89,73,95,64"/><T26/><D72/><U54/><E109/><V119/><F110/><W20/><G135/><T35/><D108/><U66/><E28/><V15/><F71/><W1/><G112/><T55/><D33/><U85/><E105/><V93/><F114/><W129/><G1/><T87/><D11/><U113/><E101/><V29/><F126/><W76/><G5/><T9/><D9/><U132/><E85/><V34/><F121/><N who="1" m="46697" /><E12/><V81/><F119/><W83/><G76/><T62/><D47/><N who="1" m="26103" /><E124/><V32/><F32/><W118/><G118/><T75/><D75/><U127/><E127/><V100/><F81/><W94/><G89/><T10/><D10/><U97/><E97/><V25/><F52/><W3/><G3/><T18/><D18/><U99/><E99/><V70/><F70/><N who="3" m="42247" /><G95/><T134/><D55/><U38/><E132/><V104/><F104/><W43/><G94/><T90/><D90/><U96/><E96/><V30/><F100/><W77/><G79/><T46/><D134/><U21/><E21/><V86/><F93/><W24/><G24/><T102/><D102/><U17/><E17/><V49/><F74/><W128/><G44/><T111/><D46/><U14/><E14/><V58/><F4/><W116/><G116/><T69/><D111/><U37/><E115/><V130/><F16/><W92/><G92/><T91/><D91/><U39/><E113/><V23/><F23/><W50/><G50/><AGARI ba="2,2" hai="26,31,35,40,45,50,53,59,61,62,65,69,84,87" machi="50" ten="30,1500,0" yaku="7,1" doraHai="125" who="0" fromWho="3" sc="433,41,39,0,280,0,228,-21" /><INIT seed="4,3,0,3,3,133" ten="474,39,280,207" oya="0" hai0="118,75,91,0,51,22,84,135,129,112,20,74,32" hai1="97,30,13,15,105,68,38,40,119,54,56,66,108" hai2="43,70,25,1,85,128,106,37,78,65,29,94,6" hai3="116,93,26,61,127,73,41,60,18,14,111,90,86"/><T11/><D32/><U17/><E108/><V76/><F106/><W117/><G73/><T67/><D118/><U44/><E119/><V59/><F128/><W52/><G111/><T104/><D104/><U99/><E30/><V9/><F70/><W110/><G110/><T115/><D67/><U101/><E99/><V95/><F76/><W77/><G77/><T82/><D129/><U31/><E31/><V120/><F120/><W16/><G41/><T23/><D135/><U10/><E13/><V63/><F43/><W130/><G130/><T8/><D51/><U24/><E24/><V39/><F94/><W46/><G127/><T53/><D53/><U5/><E5/><V125/><F125/><W42/><G42/><T34/><D34/><U96/><E96/><V7/><F7/><W123/><G123/><T33/><D33/><U134/><E134/><V19/><F19/><W122/><G122/><T21/><D21/><U62/><REACH who="1" step="1"/><E68/><REACH who="1" ten="474,29,280,207" step="2"/><V3/><F6/><W88/><G117/><T83/><D0/><U132/><E132/><V126/><F29/><W80/><G26/><T81/><D8/><U89/><E89/><V92/><F9/><N who="3" m="6223" /><G116/><T98/><D11/><U107/><E107/><V55/><F3/><W2/><G2/><T72/><D98/><U50/><E50/><V71/><F1/><W103/><G18/><T69/><D69/><U79/><E79/><V58/><F78/><W27/><G27/><T121/><D121/><U48/><E48/><V49/><F25/><W45/><G90/><T12/><D12/><U28/><E28/><V109/><F71/><RYUUKYOKU ba="3,1" sc="474,15,29,15,280,-15,207,-15" hai0="20,22,23,72,74,75,81,82,83,84,91,112,115" hai1="10,15,17,38,40,44,54,56,62,66,97,101,105" /><INIT seed="4,4,1,3,0,135" ten="489,44,265,192" oya="0" hai0="89,95,100,21,63,84,11,134,103,78,59,8,128" hai1="48,26,86,33,81,72,66,50,132,111,71,70,18" hai2="25,94,121,107,82,35,12,102,110,65,1,27,60" hai3="77,91,58,127,44,22,23,75,29,99,53,28,15"/><T62/><D134/><U56/><E132/><V97/><F110/><W54/><G77/><T101/><D128/><U96/><E111/><V122/><F1/><W47/><G75/><T88/><D78/><U64/><E72/><V106/><F12/><W46/><G15/><T7/><D21/><N who="3" m="7689" /><G127/><T43/><D43/><U80/><E33/><V32/><F82/><N who="1" m="31849" /><E26/><V10/><F10/><N who="0" m="3626" /><D7/><U49/><E18/><V51/><F106/><W123/><G123/><T13/><D13/><U41/><E41/><V69/><F94/><N who="3" m="56799" /><G54/><T52/><D89/><U113/><E113/><V55/><F35/><W83/><G83/><T131/><D131/><U20/><E20/><V74/><F74/><W37/><G37/><T0/><D0/><U42/><E42/><V117/><F117/><W61/><AGARI ba="4,1" hai="28,29,44,46,47,53,58,61" m="56799,7689" machi="61" ten="30,1100,0" yaku="8,1" doraHai="135" who="3" fromWho="3" sc="489,-9,44,-7,265,-7,192,33" /><INIT seed="5,0,0,2,0,45" ten="480,37,258,225" oya="1" hai0="9,2,16,34,48,53,100,12,85,20,132,6,71" hai1="106,131,61,83,0,134,99,121,35,5,39,66,56" hai2="130,18,111,127,21,22,17,38,90,93,27,120,29" hai3="72,28,129,50,69,54,133,91,89,94,25,43,1"/><U47/><E121/><V23/><F111/><W84/><G72/><T44/><D71/><U51/><E35/><V112/><F120/><W58/><G1/><T108/><D108/><U122/><E122/><V101/><F38/><W13/><G69/><T118/><D118/><U59/><E131/><V40/><F40/><W80/><G133/><T97/><D34/><U19/><E134/><V124/><F101/><W57/><G43/><T65/><D65/><U87/><E39/><V49/><F130/><W103/><G13/><T102/><D132/><U3/><E59/><V77/><F77/><W113/><G113/><T73/><D73/><U135/><E135/><V46/><F112/><W96/><G129/><T115/><D115/><U42/><E5/><V98/><F18/><W92/><G92/><T104/><D85/><U4/><E4/><V79/><F79/><W55/><G55/><T82/><D82/><U70/><E70/><V24/><F22/><N who="3" m="15415" /><G58/><T32/><D102/><AGARI ba="0,0" hai="50,54,57,80,84,89,91,94,96,102,103" m="15415" machi="102" ten="30,2000,0" yaku="8,1,52,1" doraHai="45" who="3" fromWho="0" sc="480,-20,37,0,258,0,225,20" /><INIT seed="6,0,0,3,5,127" ten="460,37,258,245" oya="2" hai0="22,67,63,37,94,36,58,114,10,135,112,98,120" hai1="68,107,39,73,18,9,79,69,27,105,126,123,30" hai2="77,108,47,122,103,85,60,113,45,29,26,82,115" hai3="32,64,1,59,80,87,62,99,89,110,24,86,7"/><V12/><F122/><W78/><G110/><T8/><D135/><U81/><E126/><V2/><F2/><W74/><G74/><T15/><D22/><U44/><E18/><V54/><F108/><W76/><G32/><T101/><D120/><U21/><E123/><V50/><F103/><W100/><G1/><T66/><D66/><U84/><E84/><V129/><F129/><W20/><G7/><N who="0" m="3487" /><D10/><U125/><E125/><V70/><F12/><W116/><G87/><T118/><D118/><U23/><E23/><V49/><F60/><W17/><REACH who="3" step="1"/><G116/><REACH who="3" ten="460,37,258,235" step="2"/><T95/><D114/><N who="2" m="43530" /><F70/><W83/><G83/><T40/><D112/><U130/><E69/><V11/><F11/><W92/><AGARI ba="0,1" hai="17,20,24,59,62,64,76,78,80,86,89,92,99,100" machi="92" ten="20,5200,0" yaku="1,1,0,1,7,1,8,1,53,0" doraHai="127" doraHaiUra="109" who="3" fromWho="3" sc="460,-13,37,-13,258,-26,235,62" /><INIT seed="7,0,0,1,5,57" ten="447,24,232,297" oya="3" hai0="15,46,13,125,105,21,124,123,31,1,18,80,39" hai1="64,77,113,131,2,133,41,40,51,119,42,47,76" hai2="98,104,67,58,5,116,8,0,4,91,24,29,107" hai3="33,43,118,20,11,49,38,78,95,50,93,111,74"/><W112/><G20/><T134/><D1/><U85/><E2/><V121/><F116/><W79/><G11/><T81/><D105/><U109/><E85/><V60/><F121/><W14/><G14/><T97/><D123/><U25/><E25/><V75/><F75/><W100/><G43/><N who="0" m="22911" /><D31/><U56/><E77/><V10/><F91/><W45/><G112/><T126/><D134/><U61/><E76/><V65/><F98/><W36/><G45/><T99/><D15/><U19/><E19/><V16/><F67/><W129/><G129/><T26/><D26/><U71/><E109/><V114/><F114/><W86/><G86/><T48/><D48/><U23/><E23/><V22/><REACH who="2" step="1"/><F29/><REACH who="2" ten="447,24,222,297" step="2"/><W87/><G74/><T17/><D99/><U128/><E113/><V94/><F94/><W101/><G118/><T73/><D97/><U66/><E119/><V90/><F90/><W88/><G88/><T110/><D73/><U103/><E103/><V63/><F63/><W54/><G95/><T6/><D110/><U9/><E133/><V108/><F108/><W89/><G93/><T92/><D92/><U68/><E9/><V62/><F62/><W132/><G89/><T32/><D81/><U69/><REACH who="1" step="1"/><E66/><REACH who="1" ten="447,14,222,297" step="2"/><V12/><AGARI ba="0,2" hai="0,4,5,8,10,12,16,22,24,58,60,65,104,107" machi="12" ten="20,8000,1" yaku="1,1,0,1,7,1,52,1,54,1,53,0" doraHai="57" doraHaiUra="44" who="2" fromWho="2" sc="447,-20,14,-20,222,100,297,-40" owari="427,53.0,-6,-51.0,322,12.0,257,-14.0" /></mjloggm>