<mjloggm ver="2.3"><GO type="41" lobby="0"/><UN n0="%E3%81%90%E3%83%BC%E3%81%A1%E3%82%83%E3%82%93%EF%BC%94" n1="%E5%B0%B1%E6%B4%BB%E7%94%9F%40%E5%B7%9D%E6%9D%91%E8%BB%8D%E5%9B%A3" n2="%75%79%67%75%79%67%75%69" n3="%73%7A%6B%73%68%6F%33" dan="14,14,13,14" rate="2057.43,1970.13,1848.03,1915.26" sx="M,M,M,M"/><TAIKYOKU oya="0"/><INIT seed="0,0,0,0,5,63" ten="250,250,250,250" oya="0" hai0="54,40,13,133,127,22,106,6,78,12,90,43,108" hai1="5,55,112,45,39,117,29,110,107,88,131,23,17" hai2="38,33,75,14,2,11,102,77,81,47,53,89,85" hai3="62,41,46,64,134,36,32,10,52,16,115,69,9"/><T67/><D106/><U116/><E107/><V1/><F33/><W95/><G115/><T120/><D120/><U60/><E29/><V103/><F1/><W70/><G134/><T96/><D133/><U7/><E112/><V18/><F2/><W0/><G32/><T34/><D34/><U3/><E39/><V51/><REACH who="2" step="1"/><F38/><REACH who="2" ten="250,250,240,250" step="2"/><W126/><G0/><T114/><D114/><U132/><E3/><V118/><F118/><W74/><G126/><T80/><D127/><U129/><E132/><V124/><F124/><W30/><G30/><T98/><D6/><U21/><E7/><V44/><F44/><W111/><G111/><T84/><D108/><U93/><E5/><V72/><F72/><W68/><G74/><T79/><D22/><U82/><E110/><V91/><F91/><W28/><G28/><T8/><D90/><U135/><E135/><V56/><F56/><W35/><G35/><T48/><D78/><U71/><E88/><V49/><F49/><W128/><G128/><T130/><D130/><U83/><E17/><V104/><F104/><W24/><G70/><T66/><D98/><U99/><E71/><V123/><F123/><W101/><G68/><T59/><D96/><U4/><E4/><V97/><F97/><W26/><G101/><T27/><D48/><U19/><E19/><V119/><F119/><W125/><G125/><T65/><D8/><U87/><E99/><V109/><F109/><W31/><G31/><T122/><D122/><U20/><E116/><V121/><F121/><W113/><G113/><T86/><D84/><U42/><E117/><RYUUKYOKU ba="0,1" sc="250,-10,250,-10,240,30,250,-10" hai2="11,14,18,47,51,53,75,77,81,85,89,102,103" /><INIT seed="1,1,1,1,3,5" ten="240,240,270,240" oya="1" hai0="89,16,85,34,100,14,69,32,3,11,110,111,130" hai1="50,76,52,83,60,67,107,56,55,103,84,116,61" hai2="1,74,88,87,97,15,27,86,13,12,33,48,80" hai3="4,82,40,23,98,68,53,123,134,95,0,72,64"/><U117/><E107/><V26/><F1/><W18/><G123/><T42/><D69/><U119/><E103/><V28/><F74/><W41/><G134/><T58/><D130/><U128/><E128/><V127/><F127/><W115/><G115/><T21/><D100/><U19/><E19/><V59/><F97/><W108/><G108/><N who="0" m="41515" /><D42/><U113/><E113/><V17/><F27/><W70/><G53/><T112/><D112/><U47/><REACH who="1" step="1"/><E119/><REACH who="1" ten="240,230,270,240" step="2"/><V129/><F129/><W114/><G114/><T30/><D30/><U57/><AGARI ba="1,2" hai="47,50,52,55,56,57,60,61,67,76,83,84,116,117" machi="57" ten="20,12000,1" yaku="1,1,2,1,0,1,7,1,54,1,53,0" doraHai="5" doraHaiUra="35" who="1" fromWho="1" sc="240,-41,230,143,270,-41,240,-41" /><INIT seed="1,2,0,0,0,33" ten="199,373,229,199" oya="1" hai0="36,8,129,24,65,62,59,126,28,51,118,87,107" hai1="74,9,12,48,133,131,130,119,86,105,83,91,68" hai2="113,2,93,63,32,70,135,10,16,21,92,103,42" hai3="88,54,19,89,101,97,77,106,90,127,134,30,7"/><U45/><E68/><V44/><F135/><W26/><G127/><T95/><D36/><U53/><E133/><V98/><F113/><W52/><G134/><T6/><D118/><U34/><E34/><V41/><F32/><W125/><G125/><T29/><D107/><U4/><E105/><V120/><F120/><W17/><G77/><T85/><D126/><U72/><REACH who="1" step="1"/><E119/><REACH who="1" ten="199,363,229,199" step="2"/><V3/><F92/><W20/><REACH who="3" step="1"/><G7/><REACH who="3" ten="199,363,229,189" step="2"/><T31/><D6/><U115/><E115/><V112/><F112/><W35/><G35/><T71/><D71/><U96/><E96/><V80/><F80/><W100/><G100/><T46/><D95/><U18/><E18/><AGARI ba="2,2" hai="17,18,19,20,26,30,52,54,88,89,90,97,101,106" machi="18" ten="40,5200,0" yaku="1,1,54,2,53,0" doraHai="33" doraHaiUra="0" who="3" fromWho="1" sc="199,0,363,-58,229,0,189,78" /><INIT seed="2,0,0,5,3,92" ten="199,305,229,267" oya="2" hai0="32,57,65,133,76,31,107,72,94,40,89,88,62" hai1="73,81,64,78,29,10,111,25,106,37,70,2,93" hai2="116,124,26,110,115,119,30,82,75,55,123,22,21" hai3="66,27,4,105,52,96,132,129,109,54,49,112,102"/><V135/><F75/><W56/><G109/><T46/><D107/><U108/><E93/><V79/><F79/><W86/><G129/><T83/><D133/><U23/><E106/><V43/><F82/><W20/><G132/><T127/><D127/><U58/><E37/><V7/><F43/><W9/><G112/><T130/><D130/><U74/><E74/><V59/><F55/><W131/><G131/><T45/><D45/><U12/><E2/><V41/><F59/><W0/><G66/><T120/><D120/><U104/><E104/><V15/><F41/><W121/><G121/><T101/><D31/><U63/><REACH who="1" step="1"/><E70/><REACH who="1" ten="199,295,229,267" step="2"/><V91/><F135/><W98/><G54/><T84/><D32/><U6/><AGARI ba="0,1" hai="6,10,12,23,25,29,58,63,64,73,78,81,108,111" machi="6" ten="30,8000,1" yaku="1,1,2,1,0,1,53,2" doraHai="92" doraHaiUra="122" who="1" fromWho="1" sc="199,-20,295,90,229,-40,267,-20" /><INIT seed="3,0,0,4,0,134" ten="179,385,189,247" oya="3" hai0="105,135,44,125,20,92,122,30,73,53,117,34,94" hai1="120,91,75,100,109,42,10,115,18,12,112,87,52" hai2="11,130,54,7,132,108,61,19,121,127,37,13,3" hai3="68,59,129,33,90,28,76,131,47,107,6,5,62"/><W36/><G107/><T1/><D73/><U83/><E109/><V21/><F37/><W16/><G68/><T56/><D1/><U8/><E120/><V41/><F41/><W32/><G76/><T65/><D105/><U55/><E42/><V93/><F108/><W24/><G33/><T84/><D122/><U95/><E10/><V81/><F132/><W111/><G111/><T49/><D135/><U96/><REACH who="1" step="1"/><E75/><REACH who="1" ten="179,375,189,247" step="2"/><V119/><F121/><W97/><G131/><T123/><D123/><U101/><E101/><V39/><F130/><W85/><G129/><T70/><D117/><U124/><E124/><V116/><F127/><W46/><G36/><T106/><D125/><U38/><E38/><V27/><F39/><W35/><G35/><T60/><D34/><U67/><E67/><V45/><F119/><W89/><G97/><T15/><D106/><U31/><E31/><V29/><F116/><W104/><G104/><T64/><D30/><U57/><E57/><V50/><F29/><W74/><G74/><T79/><D70/><U103/><E103/><V113/><F113/><AGARI ba="0,1" hai="8,12,18,52,55,83,87,91,95,96,100,112,113,115" machi="113" ten="40,5200,0" yaku="1,1,54,1,53,1" doraHai="134" doraHaiUra="80" who="1" fromWho="2" sc="179,0,375,62,189,-52,247,0" /><INIT seed="4,0,0,4,5,51" ten="179,437,137,247" oya="0" hai0="91,44,100,132,104,110,6,19,28,43,111,121,46" hai1="38,127,65,23,79,105,93,52,36,34,14,62,5" hai2="131,96,112,1,26,118,77,31,101,129,9,66,119" hai3="60,125,122,108,50,115,88,135,76,97,94,114,70"/><T106/><D121/><U41/><E34/><N who="2" m="20855" /><F66/><W21/><G108/><N who="0" m="41515" /><D28/><U113/><E105/><N who="0" m="40553" /><D6/><U20/><E79/><V15/><F77/><W47/><G135/><T67/><D67/><U39/><E41/><V123/><F96/><W90/><G125/><T87/><D132/><U57/><E127/><V53/><F101/><W30/><G76/><T99/><D19/><U71/><E113/><V75/><F75/><W80/><G122/><T134/><D134/><U0/><E0/><V133/><F123/><W10/><G10/><T4/><D4/><U63/><E5/><N who="2" m="1199" /><F133/><W103/><G70/><T83/><D43/><U11/><E11/><V54/><F15/><W37/><G37/><T12/><D12/><U33/><E14/><V73/><F73/><W126/><G60/><T82/><D82/><U92/><E33/><V32/><F32/><W13/><G126/><T117/><D117/><N who="2" m="44554" /><F112/><N who="3" m="43051" /><G80/><T109/><N who="0" m="41523" /><T27/><DORA hai="130" /><D27/><U86/><E38/><V24/><F24/><N who="3" m="16655" /><G13/><T45/><D99/><U58/><E39/><V95/><F95/><N who="1" m="36425" /><E71/><V25/><F25/><W89/><G103/><AGARI ba="0,0" hai="44,45,46,83,87,91,100,103" m="40553,41523" machi="103" ten="50,2400,0" yaku="10,1" doraHai="51,130" who="0" fromWho="3" sc="179,24,437,0,137,0,247,-24" /><INIT seed="4,1,0,4,0,76" ten="203,437,137,223" oya="0" hai0="26,53,30,67,6,105,0,104,129,47,45,13,80" hai1="56,21,63,110,37,119,112,20,83,122,132,117,82" hai2="59,40,27,70,99,36,61,64,29,5,77,116,133" hai3="93,118,106,17,44,12,8,98,91,88,101,78,52"/><T126/><D126/><U111/><E37/><V62/><F116/><W120/><G118/><T18/><D129/><U124/><E124/><V23/><F133/><W14/><G120/><T97/><D67/><U24/><E122/><V65/><F36/><W19/><G78/><T100/><D105/><U11/><E11/><V55/><F40/><W134/><G106/><T16/><D0/><U79/><E79/><V130/><F130/><W87/><G134/><T84/><D6/><U135/><E24/><V35/><F5/><W43/><G43/><T114/><D114/><U96/><E96/><V60/><F35/><W31/><G31/><T92/><D104/><U75/><E75/><V74/><F99/><W66/><G66/><T72/><D72/><U73/><E73/><V15/><F15/><W109/><G109/><T39/><D39/><U123/><E123/><V131/><F131/><W57/><G44/><N who="0" m="16971" /><D53/><U34/><E34/><V1/><F1/><W115/><G87/><T3/><D3/><U49/><E49/><V85/><F74/><W121/><G115/><T125/><D125/><U51/><E51/><V41/><F41/><W28/><G28/><T86/><D86/><U95/><E112/><V81/><REACH who="2" step="1"/><F65/><REACH who="2" ten="203,437,127,223" step="2"/><W46/><G121/><T94/><D13/><U108/><E110/><V42/><F42/><W22/><G46/><T102/><D97/><U69/><E111/><V89/><F89/><W103/><G91/><T10/><D102/><U54/><E108/><V128/><F128/><W71/><G71/><T9/><D100/><U33/><E132/><V58/><F58/><RYUUKYOKU ba="1,1" sc="203,-15,437,-15,127,15,223,15" hai2="23,27,29,55,59,60,61,62,64,70,77,81,85" hai3="8,12,14,17,19,22,52,57,88,93,98,101,103" /><INIT seed="5,2,1,5,4,89" ten="188,422,142,238" oya="1" hai0="113,0,107,11,106,76,61,26,3,112,31,5,40" hai1="19,1,69,117,49,9,66,7,54,62,94,99,56" hai2="37,102,74,77,95,133,71,8,96,93,57,21,130" hai3="114,29,22,64,82,83,78,25,118,42,90,72,35"/><U20/><E117/><V119/><F71/><W27/><G114/><N who="0" m="44139" /><D40/><U104/><E104/><N who="0" m="39977" /><D61/><U41/><E41/><V123/><F37/><W2/><G2/><N who="0" m="439" /><D76/><U67/><E69/><V109/><F119/><W70/><G118/><T68/><D68/><U50/><E50/><V129/><F109/><W111/><G111/><T10/><D10/><U4/><E49/><V88/><F123/><W75/><G42/><T60/><D60/><U84/><E7/><V135/><F57/><W122/><G122/><T38/><D38/><U120/><E120/><V48/><F21/><AGARI ba="2,1" hai="0,3,21,26,31" m="439,39977,44139" machi="21" ten="30,1000,0" yaku="15,1" doraHai="89" who="0" fromWho="2" sc="188,26,422,0,142,-16,238,0" /><INIT seed="6,0,0,4,4,113" ten="214,422,126,238" oya="2" hai0="100,77,38,98,21,88,86,3,51,1,14,74,133" hai1="108,92,33,102,128,30,39,11,96,26,116,12,72" hai2="18,45,16,49,42,134,103,61,13,69,63,70,115" hai3="109,46,117,106,84,131,119,82,132,29,130,67,91"/><V90/><F115/><W89/><G109/><T32/><D32/><U37/><E116/><V112/><F112/><W5/><G106/><T65/><D38/><U25/><E72/><V124/><F124/><W83/><G132/><T53/><D133/><U79/><E79/><V35/><F134/><W58/><G5/><T71/><D65/><U95/><E108/><V101/><F35/><W111/><G111/><T81/><D71/><U55/><E128/><N who="3" m="49194" /><G29/><T50/><D50/><U60/><E26/><V48/><F90/><N who="3" m="34315" /><G46/><T43/><D43/><U22/><E95/><V31/><F31/><W135/><G135/><T20/><D3/><U104/><E104/><V118/><F118/><N who="3" m="45067" /><G84/><T99/><D1/><U76/><E33/><V41/><F13/><W97/><G97/><T15/><D14/><U126/><E12/><V94/><F94/><W0/><G0/><T36/><D15/><U23/><E92/><V7/><F7/><W110/><G110/><T54/><D99/><U105/><E96/><V10/><F10/><W120/><G120/><T66/><D21/><U2/><E23/><V114/><F114/><W19/><G19/><T122/><D20/><U62/><E22/><V125/><F125/><W107/><G107/><T80/><D122/><U40/><E11/><V59/><F45/><W127/><G127/><T78/><D86/><U73/><E105/><V34/><F34/><W56/><G67/><T121/><D66/><U75/><E2/><V87/><F87/><W28/><G28/><T85/><D85/><U27/><E126/><V129/><F129/><W47/><G47/><RYUUKYOKU ba="0,0" sc="214,-15,422,-15,126,15,238,15" hai2="16,18,41,42,48,49,59,61,63,69,70,101,103" hai3="56,58,82,83" /><INIT seed="6,1,0,1,1,74" ten="199,407,141,253" oya="2" hai0="124,120,125,91,28,66,16,79,53,67,25,60,133" hai1="9,80,98,7,37,113,33,118,86,81,2,89,58" hai2="47,6,24,27,72,135,57,4,92,101,39,78,108" hai3="64,38,83,95,87,77,100,114,126,110,88,26,121"/><V128/><F108/><W35/><G110/><T22/><D120/><U15/><E118/><V104/><F128/><W115/><G38/><T69/><D133/><U52/><E37/><V93/><F135/><W62/><G121/><T94/><D67/><U106/><E33/><V105/><F105/><W11/><G126/><N who="0" m="48747" /><D53/><U132/><E113/><N who="3" m="43018" /><G11/><T51/><D51/><U56/><E56/><V41/><F57/><N who="3" m="36943" /><G100/><T13/><D28/><U19/><E132/><V84/><F93/><W23/><G35/><T61/><D60/><U75/><E106/><V76/><F72/><N who="3" m="43431" /><G23/><T32/><D32/><U68/><E75/><V3/><F3/><W20/><G20/><T123/><D123/><U131/><E68/><V50/><F39/><W0/><G26/><N who="2" m="9769" /><F104/><W21/><G21/><T17/><D25/><U48/><E131/><V111/><F111/><W82/><G0/><T109/><D109/><U54/><E2/><V103/><F103/><W42/><G42/><T127/><D127/><U29/><E9/><V59/><F59/><W117/><G95/><T73/><D94/><U99/><E58/><V134/><F134/><W1/><G1/><T44/><D44/><U70/><E70/><V119/><F119/><AGARI ba="1,0" hai="82,87,88,117,119" m="43431,36943,43018" machi="119" ten="30,7700,0" yaku="15,1,11,1,52,1,54,1" doraHai="74" who="3" fromWho="2" sc="199,0,407,0,141,-80,253,80" /><INIT seed="7,0,0,4,0,7" ten="199,407,61,333" oya="3" hai0="42,134,117,79,60,8,112,115,90,120,77,2,21" hai1="35,25,39,105,16,119,132,124,93,61,110,11,33" hai2="114,108,84,47,14,133,37,49,6,83,45,23,73" hai3="54,20,82,86,109,89,80,68,111,104,58,3,75"/><W63/><G68/><T81/><D117/><U116/><E105/><V99/><F114/><W9/><G104/><T103/><D120/><U88/><E39/><V101/><F133/><W0/><G20/><T1/><D134/><U12/><E110/><V41/><F108/><N who="3" m="41547" /><G9/><T70/><D42/><U85/><E132/><V22/><F73/><W38/><G38/><T62/><D70/><U44/><E124/><V26/><F26/><W71/><G71/><T66/><D66/><U32/><E61/><V40/><F99/><W78/><AGARI ba="0,0" hai="0,3,54,58,63,75,78,80,82,86,89" m="41547" machi="78" ten="30,1500,0" yaku="10,1" doraHai="7" who="3" fromWho="3" sc="199,-5,407,-5,61,-5,333,15" /><INIT seed="7,1,0,3,1,44" ten="194,402,56,348" oya="3" hai0="16,131,17,27,28,96,53,133,21,36,102,2,14" hai1="25,134,38,33,74,82,120,37,126,55,109,84,99" hai2="64,57,35,1,19,119,103,100,85,65,48,70,24" hai3="106,72,94,61,130,107,132,46,67,10,69,129,93"/><W31/><G72/><T101/><D36/><U39/><E74/><V41/><F119/><W108/><G132/><T43/><D43/><U5/><E109/><V90/><F1/><W52/><G130/><T12/><D131/><U135/><E120/><V75/><F75/><W13/><G108/><T95/><D133/><N who="1" m="50699" /><E126/><V91/><F70/><W40/><G31/><T7/><D53/><U115/><E115/><V18/><F35/><W125/><G125/><T20/><D101/><U80/><E5/><V110/><F110/><W78/><G78/><T113/><D113/><U122/><E122/><V63/><F85/><W22/><G22/><T0/><REACH who="0" step="1"/><D7/><REACH who="0" ten="184,402,56,348" step="2"/><U73/><E55/><V9/><F9/><AGARI ba="1,1" hai="0,2,9,12,14,16,17,20,21,27,28,95,96,102" machi="9" ten="30,8000,1" yaku="1,1,2,1,7,1,54,1,53,1" doraHai="44" doraHaiUra="26" who="0" fromWho="2" sc="184,93,402,0,56,-83,348,0" owari="277,-12.0,402,50.0,-27,-53.0,348,15.0" /></mjloggm>