<mjloggm ver="2.3"><GO type="169" lobby="0"/><UN n0="%E3%81%A0%E3%81%A3%E3%81%A6%E3%81%84%E3%81%86" n1="%E3%82%A6%E3%83%AB%E3%83%88%E3%83%A9%E7%AB%8B%E7%9B%B4" n2="%E3%81%B5%E3%81%86%E3%81%8C%E2%99%AA" n3="%62%75%74%69%74%61%6D%61" dan="17,17,16,17" rate="2156.80,2136.90,2077.70,2164.52" sx="M,M,M,M"/><TAIKYOKU oya="0"/><INIT seed="0,0,0,0,0,114" ten="250,250,250,250" oya="0" hai0="26,11,30,119,43,103,106,39,56,71,76,57,87" hai1="12,122,6,62,54,82,105,29,37,65,115,110,81" hai2="24,130,117,77,32,100,25,8,5,134,13,93,107" hai3="27,42,41,63,7,69,74,90,108,49,58,4,34"/><T78/><D71/><U3/><E115/><V109/><F107/><W10/><G74/><T14/><D106/><U46/><E122/><V52/><F109/><W44/><G69/><T59/><D103/><U104/><E110/><V67/><F67/><W19/><G108/><T60/><D119/><U132/><E3/><V45/><F77/><W98/><G42/><T9/><D9/><U128/><E128/><V97/><F130/><W72/><G72/><T23/><D60/><U18/><E6/><V22/><F134/><W50/><G50/><T116/><D116/><U84/><E132/><V95/><F32/><W101/><G90/><T96/><D96/><U53/><E29/><V75/><F75/><W124/><G124/><T17/><REACH who="0" step="1"/><D87/><REACH who="0" ten="240,250,250,250" step="2"/><U135/><E62/><V55/><F117/><W102/><G102/><T80/><D80/><U64/><E84/><V70/><F70/><W94/><G10/><T35/><D35/><U66/><E135/><V21/><F93/><W113/><G34/><T127/><D127/><U89/><E104/><V88/><F100/><W0/><G113/><T61/><D61/><U1/><E105/><V31/><REACH who="2" step="1"/><F45/><AGARI ba="0,1" hai="11,14,17,23,26,30,39,43,45,56,57,59,76,78" machi="45" ten="40,3900,0" yaku="1,1,53,1" doraHai="114" doraHaiUra="20" who="0" fromWho="2" sc="240,49,250,0,250,-39,250,0" /><INIT seed="0,1,0,2,0,48" ten="289,250,211,250" oya="0" hai0="44,51,38,108,106,80,24,4,39,47,113,102,112" hai1="64,10,55,115,110,122,65,22,69,85,72,42,75" hai2="123,36,28,114,2,117,63,100,6,74,43,49,79" hai3="81,73,90,60,97,93,89,70,46,87,92,32,131"/><T20/><D4/><U57/><E122/><V124/><F114/><W11/><G32/><T104/><D108/><U91/><E110/><V9/><F123/><W62/><G131/><T37/><D80/><U54/><E115/><V17/><F124/><W130/><G130/><T29/><D47/><U7/><E69/><V5/><F28/><W31/><G31/><T77/><D77/><U135/><E135/><V120/><F120/><W95/><G70/><T1/><D1/><U78/><E42/><V26/><F49/><W68/><G68/><T19/><D106/><U50/><E22/><N who="2" m="13647" /><F63/><N who="3" m="24107" /><G73/><T67/><D67/><N who="1" m="25675" /><E78/><V101/><F6/><W21/><G11/><T34/><D102/><U133/><E133/><V15/><F15/><W59/><G46/><T76/><D76/><U96/><E75/><V84/><F117/><W8/><G8/><T66/><D66/><U18/><E72/><V71/><F71/><W83/><G21/><T33/><D33/><U41/><E7/><V30/><F30/><W3/><G3/><T121/><D104/><U88/><E10/><V126/><F126/><W98/><G59/><T111/><D121/><U27/><E18/><V16/><F16/><W45/><G45/><T105/><D105/><U40/><E27/><V107/><F107/><W134/><G134/><T94/><D111/><U129/><E129/><V53/><F74/><W118/><G118/><T35/><D35/><U61/><E96/><V12/><F2/><W86/><AGARI ba="1,0" hai="81,83,86,87,89,90,92,93,95,97,98" m="24107" machi="86" ten="30,1100,0" yaku="8,1" doraHai="48" who="3" fromWho="3" sc="289,-6,250,-4,211,-4,250,14" /><INIT seed="1,0,0,0,5,60" ten="283,246,207,264" oya="1" hai0="76,82,23,94,125,57,129,111,117,21,72,108,92" hai1="120,90,45,85,122,17,121,29,105,55,42,54,13" hai2="63,107,12,4,62,18,81,88,20,128,95,112,109" hai3="44,65,67,38,118,75,106,130,11,41,100,116,19"/><U127/><E105/><V34/><F109/><N who="0" m="42058" /><D117/><N who="3" m="45161" /><G75/><T86/><D129/><U1/><E1/><V46/><F128/><W51/><G130/><T5/><D5/><U132/><E29/><V14/><F107/><W77/><G77/><T133/><D133/><U22/><E132/><V96/><F112/><W124/><G124/><T66/><D125/><U73/><E73/><V52/><F34/><W40/><G40/><T134/><D134/><U74/><E74/><V7/><F81/><W0/><G38/><T32/><D32/><U37/><REACH who="1" step="1"/><E127/><REACH who="1" ten="283,236,207,264" step="2"/><V36/><F36/><W69/><G0/><T47/><D72/><U2/><E2/><V61/><F14/><N who="3" m="7647" /><G69/><T58/><D92/><AGARI ba="0,1" hai="13,17,22,37,42,45,54,55,85,90,92,120,121,122" machi="92" ten="40,3900,0" yaku="1,1,53,1" doraHai="60" doraHaiUra="71" who="1" fromWho="0" sc="283,-39,236,49,207,0,264,0" /><INIT seed="1,1,0,0,2,34" ten="244,285,207,264" oya="1" hai0="121,52,131,31,42,19,28,35,97,23,105,135,58" hai1="20,10,64,30,73,124,66,72,132,70,83,65,37" hai2="103,88,76,36,78,4,32,26,104,96,11,55,12" hai3="9,118,106,15,94,82,6,92,126,49,81,74,99"/><U85/><E124/><V113/><F36/><W56/><G126/><T129/><D121/><U22/><E132/><V8/><F113/><W51/><G118/><T69/><D69/><U119/><E119/><V84/><F55/><N who="3" m="31855" /><G106/><T77/><D42/><U40/><E70/><V110/><F110/><W44/><G74/><T93/><D77/><U90/><E10/><V1/><F32/><W130/><G130/><N who="0" m="49675" /><D105/><U102/><E102/><V0/><F26/><W53/><G94/><T57/><D57/><U62/><E62/><V33/><F33/><W16/><G6/><T14/><D35/><U46/><REACH who="1" step="1"/><E30/><REACH who="1" ten="244,275,207,264" step="2"/><V17/><REACH who="2" step="1"/><F0/><REACH who="2" ten="244,275,197,264" step="2"/><W87/><G9/><T109/><D135/><U59/><E59/><V60/><F60/><W86/><G44/><T21/><D109/><U48/><E48/><V98/><F98/><W120/><G51/><N who="0" m="31007" /><D21/><AGARI ba="1,2" hai="20,21,22,37,40,46,64,65,66,72,73,83,85,90" machi="21" ten="40,2000,0" yaku="1,1,53,0" doraHai="34" doraHaiUra="123" who="1" fromWho="0" sc="244,-23,275,43,197,0,264,0" /><INIT seed="1,2,0,4,1,90" ten="221,318,197,264" oya="1" hai0="71,103,35,91,120,17,74,108,126,87,135,97,60" hai1="134,26,85,112,40,113,22,96,20,65,19,10,69" hai2="67,13,39,43,28,50,61,98,123,0,9,48,73" hai3="30,45,116,7,49,105,82,118,14,81,42,38,1"/><U33/><E134/><V124/><F123/><W79/><G105/><T54/><D120/><U131/><E131/><V41/><F124/><W117/><G30/><T56/><D74/><U107/><E40/><V127/><F127/><W29/><G29/><T46/><D126/><U100/><E85/><V83/><F28/><W21/><G1/><T23/><D108/><U109/><E109/><V24/><F24/><W84/><G82/><T110/><D110/><U36/><E36/><V75/><F0/><W70/><G70/><T2/><D2/><U93/><E10/><V62/><F39/><W16/><G7/><T44/><D71/><U72/><E72/><V57/><F98/><W5/><G5/><T89/><D35/><U115/><E22/><V94/><F83/><W128/><REACH who="3" step="1"/><G38/><REACH who="3" ten="221,318,197,254" step="2"/><T114/><D135/><U3/><E3/><V92/><F73/><W76/><G76/><T55/><D114/><U132/><E132/><V78/><F75/><W111/><G111/><T18/><D18/><U121/><E121/><V86/><F78/><W133/><G133/><T80/><D91/><U77/><E77/><V47/><F86/><W106/><G106/><T12/><REACH who="0" step="1"/><D55/><REACH who="0" ten="211,318,197,254" step="2"/><U64/><E69/><V125/><F125/><W6/><G6/><T102/><D102/><U34/><E34/><V129/><F129/><AGARI ba="2,2" hai="14,16,21,42,45,49,79,81,84,116,117,118,128,129" machi="129" ten="50,6400,0" yaku="1,1,12,1,54,1,53,0" doraHai="90" doraHaiUra="53" who="3" fromWho="2" sc="211,0,318,0,197,-70,254,90" /><INIT seed="2,0,0,3,5,42" ten="211,318,127,344" oya="2" hai0="32,80,25,55,47,78,128,33,122,16,100,10,97" hai1="2,36,5,66,90,69,127,103,31,62,119,79,133" hai2="50,109,19,17,77,48,99,135,123,65,57,120,0" hai3="63,37,105,91,89,34,49,46,12,73,39,111,101"/><V61/><F135/><W124/><G73/><T74/><D122/><U75/><E90/><V51/><F0/><W93/><G34/><T131/><D10/><N who="1" m="2359" /><E119/><V117/><F117/><W116/><G105/><T3/><D3/><U72/><E31/><V64/><F109/><W114/><G101/><T71/><D71/><U53/><E53/><V118/><F118/><W43/><G111/><T7/><D7/><U14/><E14/><V1/><F1/><W92/><G124/><T132/><D132/><U54/><E54/><V23/><F77/><W4/><G114/><T70/><D70/><U40/><E103/><V8/><F65/><W113/><G113/><T68/><D68/><U112/><E112/><V82/><F82/><W126/><G126/><T86/><D74/><U94/><E94/><V134/><F134/><W95/><G63/><T22/><D32/><U104/><E72/><V24/><REACH who="2" step="1"/><F99/><REACH who="2" ten="211,318,117,344" step="2"/><W110/><G116/><T108/><D108/><U6/><E133/><V76/><F76/><W52/><G110/><T98/><D98/><U30/><E79/><V115/><F115/><W129/><G129/><T130/><D131/><U67/><E67/><V35/><F35/><W102/><G102/><T29/><D97/><U38/><E66/><V28/><F28/><W83/><G83/><T45/><D100/><U125/><E30/><V27/><F27/><W20/><G91/><T84/><D130/><U87/><E127/><V106/><F106/><W81/><G89/><T85/><D128/><U96/><E125/><V41/><F41/><W11/><G81/><T21/><D55/><RYUUKYOKU ba="0,1" sc="211,-10,318,-10,117,30,344,-10" hai2="8,17,19,23,24,48,50,51,57,61,64,120,123" /><INIT seed="2,1,1,2,1,41" ten="201,308,147,334" oya="2" hai0="72,101,6,80,11,82,131,29,124,28,129,118,51" hai1="70,96,116,36,56,55,108,35,94,109,64,48,42" hai2="34,21,63,2,65,79,69,53,26,38,54,58,84" hai3="89,20,17,50,67,90,61,10,105,81,74,44,133"/><V125/><F2/><W93/><G105/><T126/><D118/><U114/><E35/><V104/><F104/><W117/><G117/><T0/><D101/><U97/><E114/><V27/><F125/><N who="0" m="48234" /><D51/><U5/><E5/><V60/><F38/><W95/><G133/><T15/><D0/><U99/><E94/><V92/><F34/><W83/><G10/><T66/><D66/><U25/><E25/><V52/><F27/><W32/><G32/><T98/><D98/><U57/><E57/><V127/><F127/><W102/><G102/><T87/><D72/><U68/><E116/><V18/><REACH who="2" step="1"/><F79/><REACH who="2" ten="201,308,137,334" step="2"/><W39/><G39/><T132/><D132/><U121/><E36/><V59/><F59/><N who="3" m="37311" /><G90/><AGARI ba="1,2" hai="18,21,26,52,53,54,58,60,63,65,69,84,90,92" machi="90" ten="40,3900,0" yaku="1,1,54,1,53,0" doraHai="41" doraHaiUra="112" who="2" fromWho="3" sc="201,0,308,0,137,62,334,-42" /><INIT seed="2,2,0,1,1,64" ten="201,308,199,292" oya="2" hai0="40,41,68,73,94,12,127,87,18,108,53,84,126" hai1="130,65,59,51,83,49,60,110,95,89,79,100,23" hai2="107,45,132,16,56,120,103,61,3,25,7,36,131" hai3="39,34,106,70,63,97,42,101,26,123,35,118,31"/><V8/><F120/><W33/><G118/><T117/><D108/><U69/><E110/><V66/><F131/><W98/><G98/><T6/><D73/><U74/><E130/><V90/><F132/><W52/><G52/><T13/><D117/><U44/><E23/><V121/><F121/><W72/><G72/><T54/><D6/><U4/><E4/><V113/><F113/><W48/><G48/><T124/><D94/><U0/><E0/><V28/><F90/><W115/><G115/><T20/><D68/><U10/><E10/><V2/><F2/><W43/><G43/><N who="0" m="16459" /><D12/><U135/><E135/><V32/><F45/><N who="3" m="23775" /><G123/><T46/><D54/><U134/><E134/><V85/><F85/><W109/><G109/><T15/><D15/><U57/><E100/><V82/><F82/><W91/><G91/><T111/><D111/><U102/><E102/><V24/><F36/><W58/><G58/><T71/><D71/><U29/><E29/><V17/><REACH who="2" step="1"/><F25/><REACH who="2" ten="201,308,189,292" step="2"/><W114/><G114/><T75/><D75/><U30/><E44/><V119/><F119/><W92/><G92/><T27/><D27/><U96/><E95/><V81/><F81/><W104/><G104/><T88/><D88/><U77/><E89/><V93/><F93/><W55/><G106/><T5/><D46/><U67/><E83/><V37/><F37/><W80/><G80/><T86/><D127/><U9/><E74/><V22/><F22/><W122/><G26/><N who="0" m="14615" /><D124/><U128/><E128/><V21/><F21/><W47/><G122/><T11/><D126/><U38/><E38/><V76/><F76/><RYUUKYOKU ba="2,1" sc="201,15,308,-15,189,15,292,-15" hai0="5,11,13,53,84,86,87" hai2="3,7,8,16,17,24,28,32,56,61,66,103,107" /><INIT seed="2,3,1,5,4,107" ten="216,293,204,277" oya="2" hai0="22,42,12,89,68,49,31,103,86,83,14,102,72" hai1="70,16,95,28,59,75,100,84,18,52,21,41,15" hai2="96,108,34,71,101,122,66,1,118,120,25,36,77" hai3="78,87,10,62,3,115,17,113,82,74,93,106,53"/><V7/><F118/><W67/><G106/><T124/><D68/><U38/><E70/><V131/><F131/><W117/><G53/><T19/><D124/><U51/><E75/><V13/><F13/><N who="3" m="7351" /><G3/><T6/><D72/><U114/><E114/><N who="3" m="43530" /><G117/><T112/><D112/><U80/><E38/><V132/><F36/><W43/><G43/><T30/><D6/><U73/><E73/><V129/><F129/><W32/><G32/><T111/><D14/><U116/><E41/><V60/><F77/><W0/><G0/><T125/><D125/><U85/><E116/><V126/><F132/><W64/><G62/><T46/><REACH who="0" step="1"/><D111/><REACH who="0" ten="206,293,204,277" step="2"/><U134/><E15/><V37/><F126/><W79/><G79/><T50/><D50/><U24/><E134/><V40/><F108/><W104/><G104/><T121/><D121/><U92/><E85/><V27/><F122/><W5/><G5/><T58/><D58/><U56/><E56/><V2/><F120/><W11/><G11/><T63/><D63/><U57/><E57/><V135/><F135/><W76/><G76/><T44/><D44/><U9/><E9/><V98/><F7/><W33/><G74/><T97/><D97/><N who="1" m="59431" /><E80/><V29/><F96/><W94/><G82/><T99/><D99/><U54/><E54/><V61/><F61/><W69/><G69/><T45/><D45/><U8/><E8/><V123/><F123/><W4/><G4/><T39/><D39/><U88/><AGARI ba="3,2" hai="16,18,21,24,28,51,52,59,84,88,95" m="59431" machi="88" ten="30,7900,0" yaku="8,1,54,3" doraHai="107" who="1" fromWho="1" sc="206,-23,293,108,204,-42,277,-23" /><INIT seed="3,0,0,2,0,134" ten="183,401,162,254" oya="3" hai0="114,43,37,10,133,84,93,104,7,96,124,112,71" hai1="80,135,3,67,53,16,64,42,36,117,62,22,77" hai2="0,76,116,54,11,125,21,27,23,30,8,20,94" hai3="74,12,115,99,119,103,59,33,86,72,1,52,111"/><W57/><G1/><T48/><D71/><U50/><E3/><V66/><F76/><W55/><G119/><T32/><D32/><U24/><E117/><V107/><F107/><W128/><G115/><N who="0" m="44075" /><D133/><U65/><E36/><V47/><F116/><W17/><G33/><T13/><D104/><U58/><E135/><V108/><F108/><W118/><G118/><T83/><D43/><U123/><E123/><V29/><F66/><W38/><G38/><T88/><D37/><U90/><E90/><V34/><F94/><W61/><G86/><T130/><D48/><U41/><REACH who="1" step="1"/><E50/><REACH who="1" ten="183,391,162,254" step="2"/><V98/><F0/><W129/><G111/><T60/><D60/><U81/><E81/><V2/><F2/><W102/><G128/><T87/><D130/><U122/><E122/><V70/><F34/><W120/><G129/><T46/><D96/><U6/><E6/><V4/><F98/><W79/><G120/><T14/><D83/><U132/><E132/><V106/><F4/><W44/><G99/><T25/><D88/><U15/><E15/><V127/><F27/><W78/><G12/><T131/><D25/><U26/><E26/><V28/><F106/><W101/><G61/><T51/><D131/><U82/><E82/><V91/><F91/><W68/><G102/><T110/><D14/><U113/><E113/><V89/><F89/><W69/><G103/><T35/><D35/><U39/><E39/><V109/><F109/><W95/><G101/><T100/><D110/><U97/><E97/><V92/><F92/><W126/><G95/><T45/><D93/><U9/><E9/><RYUUKYOKU ba="0,1" sc="183,-10,391,30,162,-10,254,-10" hai1="16,22,24,41,42,53,58,62,64,65,67,77,80" /><INIT seed="4,1,1,4,0,6" ten="173,421,152,244" oya="0" hai0="129,39,125,16,110,60,132,38,83,37,126,50,30" hai1="115,109,114,93,15,53,127,28,120,54,29,90,79" hai2="55,1,70,67,64,134,31,91,113,27,74,102,24" hai3="57,107,128,68,49,69,40,95,84,47,62,82,96"/><T45/><D30/><U3/><E3/><V85/><F74/><W56/><G107/><T21/><D110/><U98/><E120/><V51/><F1/><W87/><G128/><T8/><D129/><U18/><E109/><V42/><F134/><W59/><G62/><T22/><D132/><U58/><E79/><V52/><F113/><N who="1" m="43017" /><E127/><N who="0" m="48649" /><D60/><N who="1" m="35919" /><E54/><N who="2" m="20523" /><F70/><W65/><G65/><N who="2" m="25161" /><F102/><W75/><G75/><T130/><D130/><U35/><E35/><V86/><F31/><W73/><G73/><T5/><D83/><U10/><AGARI ba="1,1" hai="10,15,18,28,29,90,93,98" m="35919,43017" machi="10" ten="30,4000,0" yaku="15,1,11,1,52,1" doraHai="6" who="1" fromWho="1" sc="173,-21,421,53,152,-11,244,-11" /><INIT seed="5,0,0,0,2,84" ten="152,474,141,233" oya="1" hai0="81,9,60,69,79,117,89,64,127,24,2,99,21" hai1="119,112,86,104,94,47,3,61,97,4,70,133,75" hai2="10,5,57,59,19,44,118,82,134,124,121,67,126" hai3="95,83,102,85,54,63,58,26,103,108,15,87,107"/><U106/><E119/><V66/><F118/><W80/><G108/><T105/><D117/><U46/><E75/><V123/><F19/><W29/><G107/><T7/><D127/><N who="2" m="48682" /><F82/><W90/><G15/><T45/><D45/><U78/><E46/><V100/><F100/><W13/><G13/><T40/><D40/><U34/><E34/><V114/><F134/><W76/><REACH who="3" step="1"/><G83/><REACH who="3" ten="152,474,141,223" step="2"/><T25/><D25/><U16/><E106/><V130/><F123/><W8/><G8/><T12/><D2/><U35/><E104/><V56/><F121/><W62/><G62/><T27/><D27/><U135/><E61/><V109/><F109/><W43/><G43/><T48/><D105/><U129/><E133/><V96/><F114/><W55/><G55/><T18/><D81/><U111/><E112/><V33/><F130/><W92/><G92/><T20/><D24/><U101/><E94/><V88/><F33/><AGARI ba="0,1" hai="26,29,33,54,58,63,76,80,85,87,90,95,102,103" machi="33" ten="30,7700,0" yaku="1,1,7,1,52,1,53,1" doraHai="84" doraHaiUra="51" who="3" fromWho="2" sc="152,0,474,0,141,-77,223,87" /><INIT seed="6,0,0,5,3,92" ten="152,474,64,310" oya="2" hai0="124,14,120,6,78,41,28,132,18,32,4,76,135" hai1="58,116,84,114,104,110,89,134,117,96,53,87,127" hai2="118,0,38,97,49,8,65,81,11,103,29,52,88" hai3="77,133,27,68,123,19,55,57,1,105,61,31,108"/><V3/><F38/><W86/><G105/><T131/><D120/><U99/><E110/><V34/><F118/><W10/><G108/><T24/><D41/><U75/><E75/><V125/><F65/><W44/><G123/><T113/><D113/><U115/><E104/><V15/><F125/><W60/><G133/><N who="0" m="51275" /><D124/><U45/><E45/><V22/><F34/><W42/><G77/><N who="0" m="29803" /><D131/><U94/><E127/><V121/><F121/><W33/><G86/><T64/><D64/><U48/><E87/><N who="2" m="50287" /><F0/><W126/><G126/><T72/><D72/><U107/><E134/><V71/><F71/><W43/><G68/><T25/><D25/><U85/><E85/><V26/><F3/><W40/><G61/><T100/><D100/><N who="1" m="62879" /><E84/><V63/><F63/><W102/><G102/><T16/><D18/><U5/><E5/><V39/><F39/><W2/><G44/><T111/><D111/><U47/><E47/><N who="2" m="27711" /><F15/><W95/><G1/><T122/><D122/><U66/><E66/><V54/><F54/><W56/><G2/><T80/><D80/><U46/><E46/><V50/><F50/><W130/><G55/><T91/><D91/><U12/><E12/><V101/><F101/><W36/><G36/><T74/><D74/><U90/><E90/><V9/><F103/><W59/><G60/><T79/><D79/><U20/><E116/><V37/><F37/><W13/><G130/><T106/><D106/><U82/><E117/><V112/><F112/><N who="1" m="43049" /><E82/><V62/><F62/><W23/><G33/><T35/><D35/><U129/><E129/><V109/><F109/><W51/><G51/><RYUUKYOKU ba="0,0" sc="152,0,474,0,64,0,310,0" hai0="4,6,14,16,24,28,32" hai1="20,48,53,58,89,94,96" hai2="8,9,11,22,26,29,97" hai3="10,13,19,23,27,31,40,42,43,56,57,59,95" /><INIT seed="6,1,0,1,2,6" ten="152,474,64,310" oya="2" hai0="10,80,33,56,15,79,41,73,130,45,28,19,70" hai1="95,30,34,57,84,48,22,16,99,18,90,47,89" hai2="113,8,53,5,115,135,54,1,42,123,100,111,52" hai3="0,4,101,64,11,125,77,108,103,91,96,58,132"/><V59/><F123/><W78/><G108/><T85/><D70/><U122/><E34/><V82/><F135/><W88/><G132/><T127/><D130/><U51/><E122/><V74/><F111/><W110/><G103/><T120/><D127/><U117/><E117/><V129/><F129/><W24/><G110/><T126/><D126/><U61/><E30/><V66/><F100/><W68/><G68/><T17/><D120/><U133/><E133/><V9/><F42/><W83/><G78/><T116/><D116/><U114/><E114/><N who="2" m="43531" /><F9/><W98/><G98/><T81/><D56/><U2/><E2/><V75/><F82/><W97/><G97/><T87/><D28/><U23/><E47/><V32/><F32/><W119/><G119/><T69/><D69/><U105/><E105/><V62/><AGARI ba="1,0" hai="1,5,8,52,53,54,59,62,66,74,75" m="43531" machi="62" ten="40,7800,0" yaku="15,1,52,1,54,1" doraHai="6" who="2" fromWho="2" sc="152,-27,474,-27,64,81,310,-27" /><INIT seed="6,2,0,3,3,103" ten="125,447,145,283" oya="2" hai0="25,107,10,74,15,99,100,53,111,12,64,109,38" hai1="13,113,66,67,34,63,101,114,46,125,0,9,102" hai2="8,35,108,45,86,81,40,39,128,14,68,65,3" hai3="11,36,51,72,22,43,82,92,106,104,130,122,76"/><V23/><F128/><W98/><G122/><T117/><D74/><U58/><E34/><V37/><F35/><W124/><G124/><T1/><D117/><U47/><E0/><V54/><F108/><W60/><G130/><T105/><D38/><U95/><E125/><V129/><F129/><W126/><G126/><T116/><D116/><U73/><E73/><V94/><F37/><W57/><G51/><T77/><D105/><U87/><E67/><V29/><F3/><W131/><G131/><T31/><D77/><U83/><E95/><V52/><F94/><W132/><G132/><T133/><D133/><U134/><E134/><V19/><F68/><W69/><G69/><T91/><D64/><U55/><E102/><V48/><F65/><W24/><G11/><T16/><D91/><N who="1" m="51711" /><E101/><V27/><REACH who="2" step="1"/><F39/><REACH who="2" ten="125,447,135,283" step="2"/><W70/><G70/><T6/><D1/><U120/><E66/><V115/><F115/><W75/><G36/><T127/><D127/><U90/><E114/><V21/><F21/><W17/><G92/><T59/><D111/><U62/><E113/><V118/><F118/><W33/><G22/><N who="0" m="15799" /><D109/><U71/><E71/><V79/><AGARI ba="2,1" hai="8,14,19,23,27,29,40,45,48,52,54,79,81,86" machi="79" ten="20,12000,1" yaku="1,1,0,1,7,1,8,1,54,1,53,0" doraHai="103" doraHaiUra="88" who="2" fromWho="2" sc="125,-42,447,-42,135,136,283,-42" /><INIT seed="6,3,0,2,2,60" ten="83,405,271,241" oya="2" hai0="126,84,83,128,17,131,132,47,78,25,134,81,10" hai1="98,32,120,22,80,16,36,74,43,28,53,104,87" hai2="21,15,39,45,111,1,52,117,88,62,122,108,50" hai3="90,44,19,101,13,127,11,30,35,18,121,92,68"/><V95/><F1/><W103/><G121/><T64/><D47/><U130/><E74/><V97/><F117/><W115/><G127/><T29/><D81/><U118/><E118/><V23/><F122/><W110/><G110/><N who="2" m="42025" /><F39/><W93/><G115/><T69/><D69/><U14/><E43/><V124/><F124/><W41/><G68/><T56/><D17/><U61/><E36/><V82/><F82/><W100/><G35/><T89/><D10/><U31/><E32/><V94/><F94/><W72/><G30/><T0/><D0/><U46/><E104/><V57/><F15/><W33/><G33/><T3/><D3/><U102/><E120/><V70/><F70/><W65/><G72/><T7/><D7/><U133/><E80/><V51/><F51/><N who="3" m="27023" /><G19/><T114/><D114/><U106/><E14/><V119/><F119/><W63/><G90/><T67/><D56/><U24/><E106/><V77/><F77/><W125/><G125/><T76/><D76/><U99/><E31/><V38/><F38/><W42/><G42/><AGARI ba="3,0" hai="21,23,42,45,50,52,57,62,88,95,97" m="42025" machi="42" ten="30,5800,0" yaku="10,1,54,2" doraHai="60" who="2" fromWho="3" sc="83,0,405,0,271,67,241,-67" /><INIT seed="6,4,0,2,0,81" ten="83,405,338,174" oya="2" hai0="69,44,85,31,111,94,109,64,28,67,24,106,35" hai1="61,82,75,15,122,62,20,127,78,26,73,17,96" hai2="43,80,84,130,132,16,89,50,107,27,33,23,110" hai3="72,5,119,95,10,48,52,54,29,36,102,124,19"/><V3/><F130/><W125/><G36/><T53/><D106/><U131/><E75/><V4/><F132/><W57/><G72/><T77/><D31/><U9/><E131/><V30/><F107/><W66/><G119/><T42/><D53/><U103/><E127/><N who="3" m="48714" /><G29/><T18/><D18/><U105/><REACH who="1" step="1"/><E122/><REACH who="1" ten="83,395,338,174" step="2"/><V98/><F110/><W121/><G121/><T123/><D123/><U51/><E51/><V21/><F33/><W92/><G66/><T70/><D111/><U88/><E88/><V101/><F50/><N who="3" m="30871" /><G102/><T112/><D109/><U86/><E86/><V97/><F101/><W45/><G5/><AGARI ba="4,1" hai="5,9,15,17,20,26,61,62,73,78,82,96,103,105" machi="5" ten="30,2000,0" yaku="1,1,7,1,53,0" doraHai="81" doraHaiUra="71" who="1" fromWho="3" sc="83,0,395,42,338,0,174,-32" /><INIT seed="7,0,0,5,3,51" ten="83,437,338,142" oya="3" hai0="55,105,8,14,87,45,63,86,88,25,61,76,64" hai1="60,94,53,96,58,71,112,77,23,29,5,110,75" hai2="1,66,24,68,30,38,73,10,99,132,113,11,34" hai3="37,79,74,16,43,82,118,19,125,56,98,126,114"/><W120/><G118/><T17/><D105/><U107/><E107/><V42/><F73/><W27/><G120/><T33/><D33/><U121/><E110/><V44/><F113/><W46/><G114/><T32/><D32/><U59/><E71/><V89/><F132/><W95/><G56/><N who="0" m="34975" /><D45/><U103/><E112/><V106/><F1/><W35/><G35/><T72/><D72/><U100/><E121/><V117/><F117/><W78/><G78/><T15/><D86/><U122/><E122/><V4/><F89/><W133/><G133/><T116/><D76/><U69/><E69/><V104/><F4/><W3/><G3/><T18/><D116/><U115/><E115/><V109/><F109/><W119/><G119/><T22/><D63/><U81/><E5/><V28/><F28/><W20/><REACH who="3" step="1"/><G19/><REACH who="3" ten="83,437,338,132" step="2"/><N who="0" m="12511" /><D64/><U9/><E59/><V83/><F66/><W85/><G85/><T62/><D62/><U36/><E58/><V80/><F68/><W84/><G84/><T7/><D15/><U13/><E60/><V40/><F34/><W0/><G0/><T92/><AGARI ba="0,1" hai="7,8,14,17,18,87,88,92" m="12511,34975" machi="92" ten="30,4000,0" yaku="8,1,52,1,54,1" doraHai="51" who="0" fromWho="0" sc="83,50,437,-10,338,-10,132,-20" owari="133,-27.0,427,53.0,328,13.0,112,-39.0" /></mjloggm>