<mjloggm ver="2.3"><GO type="169" lobby="0"/><UN n0="%E3%83%BD%7C%C2%B4%EF%BD%80%2A%CE%BE%7C%E3%83%8E" n1="%54%2E%54%2E%38" n2="%E3%82%A6%E3%83%AB%E3%83%88%E3%83%A9%E7%AB%8B%E7%9B%B4" n3="%73%73%74%61%72%6F" dan="17,16,17,18" rate="2094.75,2127.35,2125.13,2148.84" sx="M,M,M,M"/><TAIKYOKU oya="0"/><INIT seed="0,0,0,4,0,108" ten="250,250,250,250" oya="0" hai0="69,42,131,87,130,51,134,70,129,49,107,73,114" hai1="56,111,127,17,33,77,58,122,113,121,62,89,44" hai2="104,43,27,120,60,40,6,72,52,25,53,24,21" hai3="128,102,125,8,94,16,118,65,101,110,109,68,13"/><T91/><D73/><U12/><E33/><V54/><F104/><W124/><G118/><T116/><D107/><U133/><E133/><V20/><F72/><W67/><G128/><N who="0" m="49259" /><D116/><U14/><E111/><N who="3" m="42506" /><G68/><N who="0" m="26219" /><D134/><U47/><E77/><V36/><F36/><W5/><G5/><T96/><D96/><U4/><E4/><V135/><F135/><W63/><G63/><T80/><D42/><N who="2" m="15914" /><F120/><W50/><G50/><T23/><N who="0" m="49267" /><T123/><DORA hai="92" /><D123/><U117/><E122/><V79/><F6/><W95/><G95/><T22/><D114/><U99/><E121/><V45/><F45/><W105/><G105/><T64/><D64/><N who="3" m="24649" /><G94/><T41/><D41/><U39/><E117/><V97/><F60/><W82/><G82/><T18/><D22/><N who="2" m="8810" /><F79/><W66/><N who="3" m="24657" /><W48/><DORA hai="59" /><G48/><T28/><D28/><U34/><E113/><V0/><F0/><W2/><G2/><T1/><D1/><U10/><E62/><V30/><F30/><W46/><G46/><T112/><D112/><U71/><E47/><V85/><F85/><W75/><G75/><T11/><D11/><U88/><E44/><V31/><F31/><W74/><G74/><T84/><D84/><U55/><E10/><V81/><F81/><W76/><G76/><T103/><D103/><AGARI ba="0,0" hai="8,13,16,101,102,103,124,125" m="24657,42506" machi="103" ten="40,2600,0" yaku="14,1,54,1" doraHai="108,92,59" who="3" fromWho="0" sc="250,-26,250,0,250,0,250,26" /><INIT seed="1,0,0,4,4,84" ten="224,250,250,276" oya="1" hai0="56,123,135,26,68,120,104,54,111,22,20,28,55" hai1="39,10,88,72,66,102,100,103,65,76,134,11,21" hai2="114,2,113,0,32,91,60,17,16,18,3,97,29" hai3="9,115,45,85,47,14,71,5,40,109,34,127,119"/><U43/><E134/><V19/><N who="2" m="4096" /><DORA hai="13" /><V82/><F60/><W35/><G115/><N who="2" m="44041" /><F82/><W48/><G71/><T130/><D68/><U98/><E43/><V52/><F52/><W62/><G62/><T74/><D104/><U107/><E107/><V80/><F80/><W96/><G47/><T121/><D74/><U116/><E116/><V8/><F8/><W81/><G119/><T61/><D61/><U110/><BYE who="0" /><E10/><UN n0="%E3%83%BD%7C%C2%B4%EF%BD%80%2A%CE%BE%7C%E3%83%8E" /><V90/><F97/><W64/><G64/><T57/><D111/><U69/><E11/><V15/><F15/><W117/><G109/><T126/><D130/><U133/><E110/><V79/><F79/><W70/><G117/><T106/><D126/><U77/><E98/><V105/><F105/><W78/><G127/><T53/><D135/><U86/><E77/><V93/><F93/><W37/><G96/><T41/><D41/><U24/><E133/><V7/><F7/><W101/><G5/><T31/><D106/><U4/><E76/><V51/><F51/><W59/><G48/><T89/><D89/><N who="2" m="33802" /><F29/><W94/><G81/><T128/><D128/><U36/><E4/><V122/><F32/><W73/><G35/><T25/><AGARI ba="0,0" hai="20,22,25,26,28,31,53,54,55,56,57,120,121,123" machi="25" ten="40,5200,0" yaku="0,1,9,1,13,1" doraHai="84,13" who="0" fromWho="0" sc="224,52,250,-26,250,-13,276,-13" /><INIT seed="2,0,0,0,3,42" ten="276,224,237,263" oya="2" hai0="7,125,36,22,79,98,77,11,20,35,53,45,124" hai1="130,12,19,106,2,5,64,93,37,55,100,96,83" hai2="131,40,113,127,122,67,71,29,99,59,108,46,72" hai3="120,80,84,117,81,75,121,105,51,15,4,129,14"/><V109/><F122/><W31/><G117/><T21/><D35/><U134/><E130/><V3/><F113/><W111/><G129/><T69/><D69/><U91/><E134/><V116/><F116/><W133/><G133/><T94/><D36/><U6/><E37/><V135/><F72/><W32/><G105/><T10/><D53/><U17/><E55/><V25/><F3/><W0/><G111/><N who="2" m="42569" /><F135/><W95/><G75/><T114/><D45/><U44/><E2/><V126/><F71/><W82/><G0/><T118/><D114/><U128/><E64/><V63/><F99/><W132/><G132/><T85/><D118/><U58/><E128/><V1/><F1/><W66/><G66/><T88/><D10/><U16/><E12/><V34/><F131/><W115/><G15/><T43/><D43/><U9/><E9/><V101/><F101/><W50/><G14/><T112/><D112/><U107/><E106/><V68/><F68/><W47/><G115/><T65/><D65/><U92/><E107/><V30/><F30/><W87/><G31/><T13/><REACH who="0" step="1"/><D98/><REACH who="0" ten="266,224,237,263" step="2"/><U52/><E6/><V102/><F102/><W90/><G4/><T73/><D73/><U54/><E5/><V76/><F76/><AGARI ba="0,1" hai="7,11,13,20,21,22,76,77,79,85,88,94,124,125" machi="76" ten="40,2600,0" yaku="1,1,54,1,53,0" doraHai="42" doraHaiUra="38" who="0" fromWho="2" sc="266,36,224,0,237,-26,263,0" /><INIT seed="3,0,0,0,3,53" ten="302,224,211,263" oya="3" hai0="4,25,47,24,40,38,30,134,130,57,116,45,119" hai1="15,89,104,118,76,39,58,102,66,71,72,9,103" hai2="117,74,60,20,99,112,43,61,34,79,84,86,48" hai3="28,21,101,46,65,109,113,97,8,64,123,56,83"/><W44/><G123/><T107/><D107/><U42/><E118/><V126/><F34/><W68/><G113/><T100/><D100/><U54/><E71/><V10/><F112/><W95/><G68/><T31/><D130/><U67/><E89/><V36/><F36/><W81/><G109/><T78/><D134/><U128/><E128/><V88/><F74/><W115/><G115/><T120/><D120/><U96/><E102/><V5/><F20/><W82/><G8/><T26/><D78/><U85/><E72/><V133/><F126/><W122/><G122/><T7/><D47/><U77/><E42/><V22/><F22/><W0/><G0/><T51/><D38/><U110/><E39/><V124/><F124/><W50/><G64/><T73/><D73/><U23/><E23/><V18/><F18/><W2/><G2/><T108/><D108/><U16/><E110/><V63/><F79/><W11/><G11/><T125/><D125/><U59/><E85/><V49/><F133/><W33/><G33/><T12/><D57/><U14/><E14/><N who="2" m="5455" /><F117/><W91/><G91/><T87/><D87/><N who="2" m="33322" /><F43/><W106/><G106/><T93/><D93/><AGARI ba="0,0" hai="48,49,60,61,63,88,93,99" m="33322,5455" machi="93" ten="30,2000,0" yaku="8,1,54,1" doraHai="53" who="2" fromWho="0" sc="302,-20,224,0,211,20,263,0" /><INIT seed="4,0,0,1,2,26" ten="282,224,231,263" oya="0" hai0="76,74,38,51,99,19,64,65,25,80,119,31,130" hai1="84,85,82,100,125,36,44,67,87,62,128,12,97" hai2="53,63,30,41,134,71,116,24,66,20,14,11,121" hai3="18,23,60,110,59,120,33,1,72,83,70,3,90"/><T78/><D38/><U111/><E128/><V54/><F121/><W88/><G33/><T9/><D119/><U103/><E125/><V50/><F116/><W49/><G120/><T32/><D130/><U124/><E111/><V105/><F105/><W132/><G110/><T16/><D76/><U129/><E124/><V17/><REACH who="2" step="1"/><F134/><REACH who="2" ten="282,224,221,263" step="2"/><W2/><G132/><T4/><D99/><U39/><E129/><V79/><F79/><W133/><G133/><T42/><D42/><U45/><E97/><V68/><F68/><W101/><G70/><T28/><D31/><U61/><E82/><V34/><F34/><W13/><G83/><T94/><D94/><U7/><E87/><V109/><F109/><W5/><G72/><T46/><D64/><U29/><E67/><V73/><F73/><W96/><G5/><T75/><D65/><U106/><E7/><V112/><F112/><W81/><G81/><T56/><D74/><U114/><E106/><V95/><F95/><W131/><G131/><T118/><D118/><U113/><E29/><V10/><F10/><W98/><G98/><T0/><REACH who="0" step="1"/><D46/><AGARI ba="0,1" hai="11,14,17,20,24,30,41,46,50,53,54,63,66,71" machi="46" ten="40,2600,0" yaku="1,1,52,1,53,0" doraHai="26" doraHaiUra="115" who="2" fromWho="0" sc="282,-26,224,0,221,36,263,0" /><INIT seed="5,0,0,2,4,1" ten="256,224,257,263" oya="1" hai0="92,100,107,128,114,56,104,91,90,105,109,66,18" hai1="62,8,108,33,122,124,11,36,67,85,37,123,57" hai2="111,58,60,34,16,12,134,76,24,52,53,77,113" hai3="4,2,27,35,74,63,22,112,71,121,96,13,103"/><U7/><E33/><V28/><F111/><W65/><G74/><T43/><D109/><U93/><E108/><V79/><F134/><W135/><G121/><T3/><D3/><U10/><E124/><V82/><F113/><W26/><G112/><T83/><D43/><U125/><E125/><V19/><F19/><W73/><G73/><T29/><D114/><U42/><E42/><V78/><F78/><W72/><G72/><T106/><D29/><U87/><E7/><V94/><F94/><W99/><G135/><T41/><D41/><U130/><E130/><V6/><F6/><W21/><G2/><T120/><D128/><U75/><E75/><V97/><F97/><W98/><G103/><T133/><D133/><U95/><E123/><V14/><F14/><W126/><G126/><T30/><D120/><U131/><E122/><V101/><F101/><W45/><G45/><T118/><D30/><U5/><E5/><V64/><REACH who="2" step="1"/><F82/><REACH who="2" ten="256,224,247,263" step="2"/><W50/><G99/><T116/><D118/><U15/><E131/><V40/><F40/><W86/><G98/><N who="0" m="59463" /><D116/><U23/><E15/><V102/><F102/><W129/><G96/><T119/><D18/><U38/><REACH who="1" step="1"/><E23/><AGARI ba="0,1" hai="12,16,23,24,28,34,52,53,58,60,64,76,77,79" machi="23" ten="40,8000,1" yaku="1,1,54,2,53,1" doraHai="1" doraHaiUra="59" who="2" fromWho="1" sc="256,0,224,-80,247,90,263,0" /><INIT seed="6,0,0,3,2,131" ten="256,144,337,263" oya="2" hai0="31,93,118,111,87,30,81,68,35,113,51,41,32" hai1="43,103,34,106,114,61,63,56,53,5,96,117,80" hai2="75,65,47,59,40,42,71,107,99,38,133,108,26" hai3="92,33,98,134,15,29,110,17,0,4,97,2,129"/><V1/><F1/><W18/><G129/><T62/><D111/><U104/><E117/><V52/><F75/><W46/><G110/><T44/><D118/><U89/><E114/><V76/><F76/><W16/><G134/><T100/><D113/><U94/><E43/><V123/><F42/><W86/><G33/><T6/><D6/><U102/><E34/><V58/><F58/><W8/><G29/><T73/><D73/><U112/><E112/><V95/><F107/><W25/><G25/><T22/><D31/><U3/><E3/><V70/><F26/><W9/><G0/><T67/><D100/><U72/><E5/><V119/><F123/><W23/><G46/><T126/><D126/><U78/><E63/><N who="2" m="40255" /><F71/><W109/><G109/><T88/><D81/><U124/><E124/><V122/><F122/><W37/><G37/><T7/><REACH who="0" step="1"/><D7/><REACH who="0" ten="246,144,337,263" step="2"/><U79/><REACH who="1" step="1"/><E79/><REACH who="1" ten="246,134,337,263" step="2"/><V39/><F119/><W105/><G4/><T21/><D21/><U132/><E132/><V66/><F133/><W36/><G23/><T135/><D135/><U49/><E49/><V85/><F39/><W11/><G2/><T10/><D10/><BYE who="0" /><UN n0="%E3%83%BD%7C%C2%B4%EF%BD%80%2A%CE%BE%7C%E3%83%8E" /><U69/><E69/><V60/><F108/><W57/><G36/><T84/><D84/><U83/><E83/><V127/><F85/><W24/><G86/><T27/><AGARI ba="0,2" hai="22,27,30,32,35,41,44,51,62,67,68,87,88,93" machi="27" ten="30,4000,0" yaku="1,1,0,1,54,1,53,0" doraHai="131" doraHaiUra="74" who="0" fromWho="0" sc="246,60,134,-10,337,-20,263,-10" /><INIT seed="7,0,0,1,5,24" ten="306,124,317,253" oya="3" hai0="117,70,82,57,108,130,25,17,135,8,39,6,0" hai1="51,126,95,2,60,16,43,28,121,9,122,48,128" hai2="81,83,98,106,111,44,7,72,127,109,76,87,62" hai3="133,78,27,107,49,120,132,92,131,30,32,23,63"/><W36/><G36/><T114/><D70/><U47/><E128/><V21/><F7/><W31/><G107/><T125/><D108/><U93/><E126/><V75/><F62/><W19/><G131/><T84/><D39/><U35/><E122/><V101/><F44/><W38/><G38/><T15/><D130/><U89/><E121/><V5/><F5/><W88/><G120/><T11/><D117/><U55/><E60/><V46/><F46/><W99/><G78/><T112/><D125/><U102/><E2/><V41/><F41/><W116/><G116/><T71/><D71/><U65/><E65/><V69/><F69/><W123/><G123/><T74/><D74/><N who="2" m="28202" /><F21/><W80/><G63/><T97/><D135/><N who="3" m="51785" /><G32/><T3/><D3/><U68/><E68/><V94/><F127/><W105/><G105/><T14/><D97/><U37/><E37/><V4/><F106/><W66/><G66/><T124/><D124/><U90/><E102/><V42/><F42/><W18/><G80/><N who="2" m="30793" /><F4/><W115/><G115/><N who="0" m="44075" /><D25/><U12/><E35/><V10/><F111/><W50/><G19/><N who="0" m="8647" /><D57/><U113/><E113/><V103/><F76/><W79/><G79/><N who="0" m="46175" /><D6/><U29/><E43/><V54/><F109/><W96/><G96/><T73/><D0/><U1/><E1/><V104/><F98/><W59/><G59/><T77/><D73/><U22/><E51/><AGARI ba="0,0" hai="18,23,27,30,31,49,50,51,88,92,99" m="51785" machi="51" ten="30,11600,0" yaku="20,1,52,2,54,1" doraHai="24" who="3" fromWho="1" sc="306,0,124,-116,317,0,253,116" owari="306,-9.0,8,-49.0,317,12.0,369,46.0" /></mjloggm>