<mjloggm ver="2.3"><GO type="225" lobby="0"/><UN n0="%E3%83%88%E3%83%88%E3%83%AA%E5%85%88%E7%94%9F%31%39%E6%AD%B3" n1="%E7%89%B9%E4%B8%8A%E3%81%AE%E9%A4%8A%E5%88%86" n2="%E3%81%94%E3%82%93%E3%81%96%E3%81%B6%E3%82%8D%E3%83%BC" n3="%E6%9D%8E%E7%A9%8E%E8%97%8D" dan="17,16,17,16" rate="2178.28,2072.75,2169.87,2151.80" sx="F,M,M,M"/><TAIKYOKU oya="0"/><INIT seed="0,0,0,5,1,25" ten="250,250,250,250" oya="0" hai0="119,70,67,115,92,9,13,117,93,98,56,89,47" hai1="134,81,5,102,132,55,2,18,96,50,111,11,123" hai2="45,108,97,26,91,61,4,22,31,79,100,84,32" hai3="51,78,118,38,39,54,16,122,6,42,36,46,66"/><T74/><D115/><U135/><E123/><V33/><F108/><W110/><G118/><T23/><D74/><U114/><E111/><V120/><F120/><W35/><G110/><T95/><D70/><U14/><E114/><V86/><F4/><W106/><G6/><T107/><D47/><U62/><E62/><V48/><F61/><W12/><G122/><T76/><D76/><U90/><E81/><V58/><F58/><W131/><G66/><T88/><D56/><U20/><E90/><N who="0" m="34921" /><D67/><U130/><E130/><V37/><F37/><W59/><G131/><T17/><D107/><U49/><REACH who="1" step="1"/><E55/><REACH who="1" ten="250,240,250,250" step="2"/><V8/><F79/><W21/><G78/><T101/><D117/><U105/><AGARI ba="0,1" hai="2,5,11,14,18,20,49,50,96,102,105,132,134,135" machi="105" ten="30,8000,1" yaku="1,1,2,1,0,1,20,1,53,1" doraHai="25" doraHaiUra="99" who="1" fromWho="1" sc="250,-40,240,90,250,-20,250,-20" /><INIT seed="1,0,0,5,2,77" ten="210,330,230,230" oya="1" hai0="1,95,33,22,129,69,12,78,17,18,58,42,32" hai1="46,132,6,59,115,19,38,91,130,20,94,23,40" hai2="25,36,61,112,135,92,73,14,41,90,50,68,109" hai3="43,75,133,128,82,98,131,27,134,34,60,114,102"/><U26/><E115/><V89/><F112/><W64/><G43/><T116/><D69/><U71/><E71/><V88/><F36/><W21/><G114/><T45/><D116/><U79/><E132/><N who="3" m="50794" /><G34/><T63/><D1/><U84/><E130/><N who="3" m="49706" /><G75/><T49/><D129/><U104/><E104/><V31/><F73/><W107/><G82/><T16/><D78/><U8/><E23/><V99/><F135/><W51/><G51/><T66/><D33/><U124/><E59/><V106/><F50/><W127/><G60/><T74/><D32/><U54/><E40/><V111/><F41/><W35/><G35/><T86/><D74/><U4/><E38/><V80/><F80/><W123/><G64/><T65/><D65/><U30/><E54/><V83/><F83/><W117/><G123/><T103/><D103/><U97/><E46/><V28/><F61/><W47/><G47/><T29/><D29/><U44/><E30/><V121/><F28/><N who="3" m="17519" /><G117/><T96/><REACH who="0" step="1"/><D86/><REACH who="0" ten="200,330,230,230" step="2"/><U126/><E84/><V52/><F31/><W76/><G76/><T3/><D3/><U125/><E79/><V57/><F68/><W13/><G13/><T110/><D110/><U87/><E87/><V37/><F14/><W10/><G10/><T7/><D7/><U2/><E6/><V24/><F111/><W122/><G122/><T62/><D62/><U119/><E119/><V100/><F109/><W56/><G56/><T48/><D48/><U67/><E67/><V81/><F121/><W11/><G11/><T85/><D85/><U72/><E72/><V118/><F118/><W70/><G70/><RYUUKYOKU ba="0,1" sc="200,10,330,10,230,-30,230,10" hai0="12,16,17,18,22,42,45,49,58,63,66,95,96" hai1="2,4,8,19,20,26,44,91,94,97,124,125,126" hai3="98,102,107,127" /><INIT seed="1,1,1,5,0,11" ten="210,340,200,240" oya="1" hai0="2,114,89,14,12,4,46,119,36,61,94,116,97" hai1="112,132,68,128,52,21,51,93,131,96,47,23,64" hai2="103,35,104,118,125,88,133,24,130,16,122,72,124" hai3="3,34,17,84,41,29,108,120,110,58,123,1,107"/><U102/><E112/><V6/><F118/><W78/><G107/><T90/><D114/><U111/><E132/><V32/><F72/><W95/><G41/><T113/><D113/><U15/><E111/><N who="3" m="42538" /><G58/><T26/><D2/><N who="3" m="521" /><G95/><N who="0" m="56559" /><D36/><U62/><REACH who="1" step="1"/><E15/><REACH who="1" ten="210,330,200,240" step="2"/><N who="0" m="5673" /><D119/><U74/><E74/><V79/><F133/><W100/><G123/><T66/><D116/><U50/><E50/><V115/><F115/><W10/><G120/><T67/><D26/><U0/><E0/><V54/><F24/><W117/><G117/><T106/><D106/><U44/><E44/><V129/><F122/><W7/><G7/><T98/><D4/><U69/><E69/><V134/><F6/><W22/><G10/><T49/><D61/><U20/><AGARI ba="1,2" hai="20,21,23,47,51,52,62,64,68,93,96,102,128,131" machi="20" ten="30,6000,0" yaku="1,1,0,1,54,1,53,0" doraHai="11" doraHaiUra="39" who="1" fromWho="1" sc="210,-21,330,83,200,-21,240,-21" /><INIT seed="1,2,0,1,3,6" ten="189,413,179,219" oya="1" hai0="128,13,28,96,2,26,123,64,75,52,44,19,77" hai1="71,38,135,94,120,36,16,25,104,46,41,119,39" hai2="65,98,130,24,14,51,59,125,114,80,122,45,11" hai3="121,1,133,127,87,116,118,112,53,102,8,74,78"/><U48/><E104/><V58/><F122/><W95/><G121/><T60/><D123/><U124/><E71/><V55/><F114/><W20/><G112/><T91/><D128/><U89/><E119/><N who="3" m="45610" /><G74/><T10/><D75/><U62/><E120/><V84/><F130/><W81/><G127/><T56/><D77/><U17/><E124/><V61/><F125/><W37/><G37/><T29/><D2/><U23/><E135/><V108/><F108/><W86/><G133/><T5/><D44/><U47/><E62/><V68/><F98/><N who="3" m="59743" /><G20/><N who="0" m="13599" /><D64/><U4/><E4/><V88/><REACH who="2" step="1"/><F24/><REACH who="2" ten="189,413,169,219" step="2"/><W63/><G87/><T50/><D50/><U100/><E48/><V79/><F79/><W93/><G78/><T18/><D5/><AGARI ba="2,1" hai="5,11,14,45,51,55,58,59,61,65,68,80,84,88" machi="5" ten="30,8000,1" yaku="1,1,7,1,52,1,54,1,53,1" doraHai="6" doraHaiUra="42" who="2" fromWho="0" sc="189,-86,413,0,169,96,219,0" /><INIT seed="2,0,0,0,3,7" ten="103,413,265,219" oya="2" hai0="88,82,128,47,130,129,28,116,111,57,70,37,90" hai1="2,112,48,50,80,86,73,109,11,20,94,0,67" hai2="83,107,96,132,29,25,51,121,114,122,10,108,66" hai3="125,27,71,93,97,77,59,6,76,54,30,68,61"/><V124/><F114/><W21/><G125/><T44/><D70/><U118/><E112/><V56/><F124/><W99/><G99/><T75/><D111/><U17/><E118/><V58/><F108/><W4/><G71/><T126/><D126/><U5/><E109/><V98/><F132/><W131/><G131/><T78/><D116/><U81/><E67/><V14/><F107/><W55/><G68/><T36/><D28/><U23/><E2/><V62/><F83/><W42/><G42/><T43/><REACH who="0" step="1"/><D57/><REACH who="0" ten="93,413,265,219" step="2"/><U40/><E40/><AGARI ba="0,1" hai="36,37,40,43,44,47,75,78,82,88,90,128,129,130" machi="40" ten="40,8000,1" yaku="1,1,2,1,9,1,19,1,54,1,53,0" doraHai="7" doraHaiUra="123" who="0" fromWho="1" sc="93,90,413,-80,265,0,219,0" /><INIT seed="3,0,0,3,1,66" ten="183,333,265,219" oya="3" hai0="45,54,133,33,119,63,59,23,5,98,34,10,124" hai1="97,120,19,24,76,109,11,99,43,103,38,27,79" hai2="39,75,40,44,16,68,114,116,102,134,118,7,42" hai3="25,77,111,126,70,125,3,9,12,52,15,88,53"/><W36/><G36/><T55/><D119/><U31/><E120/><V1/><F102/><W81/><G3/><T65/><D133/><U107/><E109/><V122/><F122/><W46/><G111/><T94/><D124/><N who="3" m="47721" /><G25/><T51/><D23/><U101/><E43/><V105/><F42/><W37/><G70/><T32/><D54/><N who="3" m="21097" /><G46/><T131/><D131/><U86/><E38/><V13/><F68/><W128/><G37/><T100/><REACH who="0" step="1"/><D34/><REACH who="0" ten="173,333,265,219" step="2"/><U49/><E11/><V21/><F134/><W56/><G128/><T8/><D8/><U69/><E107/><V2/><F105/><W6/><G15/><AGARI ba="0,1" hai="5,10,15,32,33,45,51,55,59,63,65,94,98,100" machi="15" ten="30,3900,0" yaku="1,1,7,1,53,1" doraHai="66" doraHaiUra="57" who="0" fromWho="3" sc="173,49,333,0,265,0,219,-39" owari="222,-18.0,333,43.0,265,7.0,180,-32.0" /></mjloggm>