<mjloggm ver="2.3"><GO type="97" lobby="0"/><UN n0="%E8%84%B1%E8%90%BD%E8%80%85%40%51%4C%26%CE%B2" n1="%E3%83%88%E3%83%88%E3%83%AA%E5%85%88%E7%94%9F%31%39%E6%AD%B3" n2="%6B%79%6F%73%65%6E" n3="%4C%63%64%34%34%30" dan="15,15,15,13" rate="1999.91,2055.74,1992.53,1808.13" sx="M,F,M,M"/><TAIKYOKU oya="0"/><INIT seed="0,0,0,5,5,119" ten="250,250,250,250" oya="0" hai0="96,33,27,130,25,109,87,8,117,61,64,5,73" hai1="112,22,47,44,46,127,18,50,134,107,103,20,58" hai2="32,116,21,84,2,29,94,124,100,133,57,99,14" hai3="114,82,49,59,19,65,88,121,53,75,35,39,12"/><T9/><D73/><U54/><E134/><V45/><F116/><W105/><G35/><T131/><D117/><U81/><E127/><V86/><F2/><W51/><G39/><T4/><D87/><U128/><E128/><N who="0" m="49193" /><D96/><U56/><E112/><V55/><F124/><W115/><G105/><T89/><D89/><U69/><E69/><V104/><F32/><W77/><G65/><T34/><D109/><U85/><E107/><V23/><F104/><W16/><G115/><T70/><D33/><U111/><E111/><V126/><F126/><W79/><G79/><T97/><D97/><U6/><E103/><V0/><F133/><W31/><G31/><N who="0" m="19823" /><D27/><U74/><E74/><V17/><F45/><N who="1" m="17513" /><E6/><AGARI ba="0,0" hai="4,5,6,8,9,61,64,70" m="19823,49193" machi="6" ten="30,1500,0" yaku="19,1" doraHai="119" who="0" fromWho="1" sc="250,15,250,-15,250,0,250,0" /><INIT seed="0,1,0,1,3,122" ten="265,235,250,250" oya="0" hai0="42,7,104,123,25,11,35,3,1,40,28,116,65" hai1="93,14,60,52,54,2,20,95,70,87,120,47,30" hai2="94,127,55,126,4,38,89,128,19,66,13,82,10" hai3="63,48,41,125,31,73,17,134,78,72,58,69,74"/><T8/><D104/><U46/><E120/><V86/><F38/><W39/><G31/><T90/><D123/><U53/><E2/><V85/><F128/><W113/><G113/><T21/><D116/><U101/><E70/><V107/><F107/><W99/><G125/><N who="2" m="47625" /><F66/><W44/><G134/><T129/><D65/><U92/><E101/><V110/><F55/><W37/><G99/><T111/><D90/><U105/><E105/><V98/><F86/><W43/><G17/><T108/><D129/><U62/><E87/><V45/><F45/><N who="1" m="16905" /><E14/><V71/><F71/><W119/><G119/><T103/><D103/><U109/><E109/><N who="0" m="42057" /><D35/><U15/><E15/><V32/><F110/><W12/><G12/><T24/><D24/><AGARI ba="1,0" hai="20,24,30,52,53,54,60,62,92,93,95" m="16905" machi="24" ten="40,2600,0" yaku="8,1,54,1" doraHai="122" who="1" fromWho="0" sc="265,-29,235,29,250,0,250,0" /><INIT seed="1,0,0,2,5,6" ten="236,264,250,250" oya="1" hai0="12,117,127,126,79,108,4,17,9,71,1,3,94" hai1="52,39,135,95,2,8,31,41,99,84,109,86,92" hai2="74,123,125,11,16,87,114,82,124,112,101,68,76" hai3="21,70,56,105,72,107,67,98,81,50,97,93,27"/><U25/><E135/><V90/><F68/><W18/><G70/><T89/><D71/><U122/><E122/><V42/><F42/><W19/><G72/><T85/><D117/><U104/><E104/><V80/><F101/><W43/><G81/><T40/><D40/><U66/><E66/><V46/><F46/><W26/><G107/><T73/><D108/><U5/><E109/><V88/><F123/><W29/><G105/><T116/><D116/><U48/><E41/><V7/><F16/><N who="3" m="6187" /><G98/><T61/><D61/><U10/><E10/><V60/><F60/><N who="3" m="38279" /><G27/><T63/><D63/><U33/><E39/><V20/><F20/><W49/><G43/><T58/><D58/><U100/><E95/><V24/><F24/><W78/><G78/><T113/><D113/><N who="2" m="43626" /><F90/><AGARI ba="0,0" hai="21,26,29,49,50,90,93,97" m="38279,6187" machi="90" ten="30,2000,0" yaku="8,1,54,1" doraHai="6" who="3" fromWho="2" sc="236,0,264,0,250,-20,250,20" /><INIT seed="2,0,0,4,2,60" ten="236,264,230,270" oya="2" hai0="23,6,43,30,64,70,0,72,119,103,111,130,13" hai1="133,50,88,113,125,71,80,97,86,100,20,27,39" hai2="81,118,102,94,16,91,83,59,122,92,58,74,42" hai3="53,47,127,14,87,62,131,19,78,1,110,75,21"/><V67/><F122/><W68/><G1/><T134/><D134/><U98/><E113/><V5/><F118/><W120/><G120/><T18/><D119/><U63/><E39/><V24/><F5/><W49/><G75/><T34/><D72/><U37/><E37/><V2/><F2/><W66/><G127/><T44/><D111/><U73/><E133/><V107/><F42/><W25/><G131/><T79/><D79/><U41/><E125/><V52/><F107/><W114/><G114/><T135/><D135/><U35/><E73/><V112/><F74/><W57/><G110/><T51/><D130/><U132/><E35/><V117/><F102/><W4/><G78/><T54/><D103/><U123/><E123/><V116/><F112/><W8/><REACH who="3" step="1"/><G87/><REACH who="3" ten="236,264,230,260" step="2"/><T40/><D0/><U9/><E86/><N who="2" m="50639" /><F117/><W93/><G93/><T90/><D90/><U128/><E88/><V45/><F116/><W11/><G11/><T82/><D82/><U12/><E80/><V106/><F106/><W104/><G104/><T124/><D124/><U17/><E128/><V115/><F115/><W77/><G77/><T69/><D69/><AGARI ba="0,1" hai="4,8,14,19,21,25,47,49,53,57,62,66,68,69" machi="69" ten="40,5200,0" yaku="1,1,52,1,53,1" doraHai="60" doraHaiUra="10" who="3" fromWho="0" sc="236,-52,264,0,230,0,260,62" /><INIT seed="3,0,0,4,3,18" ten="184,264,230,322" oya="3" hai0="0,7,112,23,103,102,15,97,25,81,34,124,131" hai1="5,57,64,115,129,80,98,123,92,16,122,54,68" hai2="17,126,89,100,37,65,114,13,90,117,113,20,6" hai3="72,130,31,134,14,125,60,39,107,42,66,40,116"/><W82/><G107/><T135/><D135/><U87/><E115/><V91/><F117/><W69/><G116/><T86/><D112/><U119/><E119/><V9/><F37/><W44/><G31/><T120/><D120/><U104/><E104/><V59/><F126/><W63/><G125/><T52/><D124/><U11/><E129/><V132/><F132/><W121/><G14/><T45/><D131/><U61/><E68/><V94/><F100/><W70/><G82/><T71/><D71/><U46/><E46/><V38/><F38/><W50/><G72/><T62/><D0/><U29/><E29/><V93/><F113/><W35/><G35/><T27/><D34/><U43/><E43/><V101/><F101/><W32/><G32/><T75/><D75/><U79/><E64/><V105/><F105/><W26/><G26/><T85/><D85/><U127/><E127/><V2/><REACH who="2" step="1"/><F114/><REACH who="2" ten="184,264,220,322" step="2"/><W8/><G130/><T28/><D103/><U24/><E122/><V49/><F49/><W109/><G121/><T47/><D27/><U12/><E24/><V1/><F1/><W33/><G134/><T55/><D15/><U106/><E106/><V77/><F77/><W74/><G39/><T73/><D73/><U53/><E123/><V83/><F83/><W96/><G50/><T19/><D7/><U51/><E5/><V48/><F48/><W36/><G36/><T21/><D97/><U58/><E98/><V108/><F108/><W128/><G96/><T110/><D102/><U133/><E133/><V41/><F41/><W118/><G109/><T10/><D110/><RYUUKYOKU ba="0,1" sc="184,-15,264,15,220,15,322,-15" hai1="11,12,16,51,53,54,57,58,61,79,80,87,92" hai2="2,6,9,13,17,20,59,65,89,90,91,93,94" owari="169,-33.0,279,8.0,235,-16.0,317,41.0" /></mjloggm>