<mjloggm ver="2.3"><GO type="225" lobby="0"/><UN n0="%EF%BC%8A%E3%81%A9%E3%82%89%E3%81%BF%EF%BC%8A" n1="%53%65%6E%61%72" n2="%E3%83%88%E3%83%88%E3%83%AA%E5%85%88%E7%94%9F%31%39%E6%AD%B3" n3="%E4%B8%87%E8%83%BD%E3%81%AD%E3%81%8E" dan="17,17,18,16" rate="2110.09,2136.76,2263.58,2046.25" sx="M,M,F,M"/><TAIKYOKU oya="0"/><INIT seed="0,0,0,4,4,83" ten="250,250,250,250" oya="0" hai0="7,109,14,32,133,97,11,5,58,107,81,131,85" hai1="96,50,76,70,86,101,59,127,78,117,69,75,65" hai2="134,135,43,26,72,114,64,79,68,4,67,1,66" hai3="20,45,60,124,113,98,29,63,19,56,111,42,39"/><T62/><D32/><U33/><E117/><V35/><F114/><W92/><G113/><T0/><D133/><N who="2" m="50698" /><F43/><W9/><G111/><T125/><D125/><U23/><E33/><V36/><F36/><W118/><G124/><T112/><D112/><U108/><E108/><V38/><F38/><W25/><G118/><T90/><D109/><U8/><E75/><V6/><F68/><W21/><G9/><T71/><D71/><U130/><E130/><V122/><F122/><W126/><G56/><T18/><D131/><U132/><E132/><V89/><F1/><W129/><G126/><T100/><REACH who="0" step="1"/><D0/><REACH who="0" ten="240,250,250,250" step="2"/><U119/><E127/><V74/><F35/><W28/><G129/><T93/><D93/><U16/><E119/><V103/><F72/><W105/><G105/><T82/><D82/><U49/><E70/><V15/><F74/><W34/><G34/><T27/><D27/><U48/><E69/><V37/><F26/><W30/><REACH who="3" step="1"/><G21/><REACH who="3" ten="240,250,250,240" step="2"/><T73/><D73/><U51/><E23/><V84/><F6/><W120/><G120/><T95/><D95/><U2/><E2/><V12/><F4/><W123/><G123/><T53/><AGARI ba="0,2" hai="5,7,11,14,18,53,58,62,81,85,90,97,100,107" machi="53" ten="20,7800,0" yaku="1,1,0,1,7,1,52,1,53,0" doraHai="83" doraHaiUra="115" who="0" fromWho="0" sc="240,98,250,-26,250,-26,240,-26" /><INIT seed="0,1,0,2,0,89" ten="338,224,224,214" oya="0" hai0="57,126,72,108,87,107,65,6,51,24,116,71,119" hai1="54,80,23,59,83,122,11,128,131,8,38,113,84" hai2="60,100,96,88,9,21,46,101,124,95,127,47,91" hai3="52,42,13,1,20,73,82,2,79,66,40,14,103"/><T61/><D72/><U19/><E122/><V104/><F9/><W67/><G103/><T74/><D74/><U75/><E38/><V118/><F118/><W120/><G120/><T133/><D6/><U110/><E110/><V62/><F21/><W25/><G14/><T33/><D87/><U53/><E75/><V39/><F39/><W0/><G13/><T69/><D107/><U77/><E113/><V64/><F91/><W27/><G27/><T70/><D24/><U111/><E83/><V45/><F62/><W114/><G114/><T4/><D4/><U98/><E98/><V121/><F121/><W37/><G37/><T43/><D33/><U32/><E32/><V109/><F109/><W58/><G42/><T99/><D99/><U26/><E111/><V78/><F78/><W90/><G90/><T76/><D76/><U5/><E54/><V55/><F55/><W56/><G56/><T50/><D108/><U132/><E132/><V105/><F101/><W17/><REACH who="3" step="1"/><G40/><REACH who="3" ten="338,224,224,204" step="2"/><T92/><D43/><U15/><REACH who="1" step="1"/><E11/><REACH who="1" ten="338,214,224,204" step="2"/><V30/><F104/><W18/><G18/><T68/><D119/><U35/><E35/><V16/><F16/><W102/><G102/><T7/><D116/><U34/><E34/><V129/><F30/><W28/><G28/><T85/><D7/><U44/><E44/><V97/><REACH who="2" step="1"/><F129/><REACH who="2" ten="338,214,214,204" step="2"/><W41/><G41/><T3/><D133/><U134/><E134/><V106/><F106/><W130/><G130/><T49/><D65/><U36/><E36/><V115/><F115/><W123/><G123/><T63/><N who="0" m="17408" /><DORA hai="94" /><T29/><D29/><RYUUKYOKU ba="1,3" sc="338,-30,214,10,214,10,204,10" hai1="5,8,15,19,23,26,53,59,77,80,84,128,131" hai2="45,46,47,60,64,88,95,96,97,100,105,124,127" hai3="0,1,2,17,20,25,52,58,66,67,73,79,82" /><INIT seed="1,2,3,2,1,91" ten="308,224,224,214" oya="1" hai0="9,14,12,103,76,28,77,30,89,132,105,61,13" hai1="7,24,45,88,124,80,121,69,49,4,51,48,37" hai2="21,46,133,56,27,66,90,35,68,22,11,102,126" hai3="2,10,94,82,33,6,65,122,58,25,18,81,19"/><U107/><E121/><V41/><F68/><W96/><G122/><T131/><D105/><U125/><E107/><V8/><F35/><W84/><G65/><T115/><D115/><U130/><E69/><V62/><F133/><W129/><G129/><T5/><D103/><U100/><E100/><V97/><F126/><N who="1" m="48745" /><E24/><V53/><F53/><W20/><G58/><T54/><D132/><U3/><E130/><V111/><F90/><W108/><G108/><T57/><D131/><U47/><E3/><V31/><F22/><W1/><G1/><T44/><D44/><N who="1" m="16971" /><E37/><V78/><F78/><N who="0" m="30314" /><D89/><U110/><E110/><V128/><F128/><W120/><G120/><T95/><D95/><U32/><E32/><V29/><F111/><W17/><G33/><T50/><D61/><U42/><E42/><V114/><F114/><W73/><G73/><T135/><D135/><U119/><E119/><V67/><F31/><AGARI ba="2,3" hai="5,9,12,13,14,28,30,31,50,54,57" m="30314" machi="31" ten="30,1000,0" yaku="8,1" doraHai="91" who="0" fromWho="2" sc="308,46,224,0,224,-16,214,0" /><INIT seed="2,0,0,5,5,88" ten="354,224,208,214" oya="2" hai0="28,62,132,10,135,124,27,47,118,46,95,122,81" hai1="15,36,103,91,30,72,23,65,34,29,7,70,11" hai2="113,116,67,51,8,108,16,0,2,32,19,13,12" hai3="111,50,64,131,31,38,94,109,87,4,119,104,114"/><V17/><F113/><W60/><G38/><T18/><D122/><U78/><E36/><V102/><F116/><W90/><G119/><T43/><D118/><U26/><E103/><V54/><F32/><W58/><G114/><T126/><D81/><U59/><E70/><V1/><F108/><N who="3" m="41547" /><G131/><T40/><D95/><U55/><E65/><V123/><F123/><W69/><G104/><T52/><D18/><U130/><E130/><V92/><F67/><W76/><G76/><T68/><D10/><U85/><E72/><V128/><F128/><W71/><G4/><T77/><D77/><U93/><E78/><V121/><F121/><W110/><N who="3" m="41555" /><W66/><DORA hai="129" /><G66/><T73/><D73/><U98/><E34/><V6/><F12/><W79/><G79/><T80/><D80/><U3/><E3/><V14/><F14/><W133/><G133/><T42/><D68/><N who="3" m="26185" /><G50/><T48/><D62/><N who="1" m="36223" /><E30/><AGARI ba="0,0" hai="30,31,58,60,64,87,90,94" m="26185,41555" machi="30" ten="50,3200,0" yaku="14,1,52,1" doraHai="88,129" who="3" fromWho="1" sc="354,0,224,-32,208,0,214,32" /><INIT seed="3,0,0,4,4,64" ten="354,192,208,246" oya="3" hai0="91,101,103,27,15,19,7,58,30,102,32,53,122" hai1="68,6,60,95,131,79,18,37,42,41,65,81,96" hai2="111,13,12,22,55,61,46,8,100,76,120,23,90" hai3="4,119,86,135,99,17,94,47,82,130,67,125,112"/><W124/><G119/><T3/><D122/><U117/><E117/><V25/><F120/><W80/><G4/><T26/><D26/><U70/><E131/><V113/><F113/><W106/><G112/><T16/><D3/><U2/><E18/><N who="2" m="10575" /><F111/><W36/><G106/><T54/><D54/><U43/><E37/><V62/><F76/><W51/><G86/><T126/><D126/><U39/><E39/><V57/><F100/><W40/><G82/><T129/><D129/><U52/><E52/><N who="2" m="33959" /><F90/><W128/><G80/><T71/><D91/><U104/><E104/><V85/><F85/><W72/><G36/><T5/><D103/><U29/><E29/><V77/><F77/><W105/><G105/><T21/><D102/><U92/><E96/><V38/><F38/><W118/><G72/><T123/><D101/><U97/><E97/><V10/><F12/><W69/><G118/><T24/><D24/><U115/><E115/><V34/><F34/><W89/><G130/><T48/><D123/><U121/><E121/><V84/><F84/><W75/><G128/><T93/><D93/><U98/><E98/><V88/><F88/><W0/><G89/><T83/><D83/><U109/><E109/><V1/><F1/><W11/><G0/><T114/><D114/><U107/><E107/><V9/><F46/><W108/><G47/><T116/><D116/><U87/><REACH who="1" step="1"/><E70/><REACH who="1" ten="354,182,208,246" step="2"/><V78/><F78/><W63/><G69/><T31/><D71/><U49/><E49/><V127/><F127/><W35/><G124/><T14/><D48/><U44/><E44/><V73/><F73/><RYUUKYOKU ba="0,1" sc="354,-10,182,30,208,-10,246,-10" hai1="2,6,41,42,43,60,65,68,79,81,87,92,95" owari="354,45.0,212,-19.0,198,-30.0,236,4.0" /></mjloggm>