<mjloggm ver="2.3"><GO type="169" lobby="0"/><UN n0="%E5%B0%B1%E6%B4%BB%E7%94%9F%40%E5%B7%9D%E6%9D%91%E8%BB%8D%E5%9B%A3" n1="%E9%96%A2%E4%B8%83%E6%B5%B7" n2="%52%4F%4C%4C%59" n3="%79%6F%6A%6F" dan="17,17,16,16" rate="2206.21,2138.47,2172.57,2141.90" sx="M,M,M,F"/><TAIKYOKU oya="0"/><INIT seed="0,0,0,5,0,20" ten="250,250,250,250" oya="0" hai0="66,90,114,125,88,97,3,124,32,119,79,132,127" hai1="17,50,19,121,61,86,54,43,77,69,9,5,93" hai2="72,58,131,118,1,133,47,56,96,109,64,37,128" hai3="122,55,106,22,28,73,107,48,4,16,36,12,74"/><T21/><D32/><U84/><E121/><V129/><F96/><W14/><G36/><T13/><D3/><U6/><E69/><V38/><F72/><W103/><G122/><T100/><D119/><U57/><E6/><V35/><F35/><W130/><G130/><T75/><D66/><U112/><E112/><V126/><F1/><W34/><G34/><T29/><D114/><U82/><E93/><V101/><F101/><W46/><G28/><T10/><D132/><U105/><E86/><V45/><F118/><W81/><G103/><T7/><D79/><U104/><E104/><V26/><F26/><W71/><G71/><T33/><D75/><U78/><E105/><V11/><F11/><W25/><G74/><T63/><D63/><U113/><E77/><V51/><F109/><W91/><G14/><T59/><D59/><U87/><E87/><V67/><F128/><W41/><G41/><T76/><D76/><U27/><E27/><V83/><F83/><W15/><G15/><T85/><D33/><U98/><E98/><V108/><F51/><W0/><G0/><T116/><D85/><U44/><REACH who="1" step="1"/><E113/><REACH who="1" ten="250,240,250,250" step="2"/><V52/><F108/><W8/><G73/><T70/><D70/><U42/><E42/><V110/><F110/><W60/><G81/><T115/><D115/><U31/><E31/><V92/><F92/><W95/><G60/><T40/><D40/><U53/><E53/><V102/><F52/><W135/><G135/><T123/><D123/><U120/><E120/><V18/><F133/><W49/><G49/><T65/><D7/><U39/><E39/><RYUUKYOKU ba="0,1" sc="250,-15,240,15,250,-15,250,15" hai1="5,9,17,19,43,44,50,54,57,61,78,82,84" hai3="4,8,12,16,22,25,46,48,55,91,95,106,107" /><INIT seed="1,1,1,4,1,34" ten="235,255,235,265" oya="1" hai0="88,125,36,44,104,42,98,64,18,97,111,121,76" hai1="91,16,4,37,70,119,123,133,72,96,129,103,35" hai2="14,8,65,27,47,10,105,80,30,81,92,24,38" hai3="7,62,63,39,48,128,99,51,73,55,41,57,59"/><U86/><E123/><V40/><F105/><W113/><G73/><T71/><D121/><U132/><E119/><V11/><F65/><W134/><G7/><T83/><D111/><U116/><E116/><V45/><F14/><W54/><G99/><T29/><D125/><U60/><E72/><V46/><F40/><W109/><G113/><T84/><D29/><U127/><E37/><V100/><F38/><W49/><G109/><T53/><D104/><U117/><E117/><V1/><F1/><W110/><G110/><T124/><D124/><U66/><E35/><V82/><F30/><W3/><G3/><T31/><D31/><U17/><E127/><V114/><F114/><W69/><G128/><T5/><D5/><U56/><E70/><V58/><F58/><W28/><G28/><T26/><D26/><U22/><E4/><V75/><F75/><W74/><G74/><T79/><D18/><U135/><E22/><V77/><F77/><W32/><G32/><T122/><D122/><U85/><E129/><V0/><F0/><W33/><G33/><T94/><D53/><U112/><E112/><V89/><F100/><W106/><G106/><T95/><D76/><U107/><REACH who="1" step="1"/><E86/><AGARI ba="1,1" hai="8,10,11,24,27,45,46,47,80,81,82,86,89,92" machi="86" ten="50,8000,1" yaku="29,2,26,2,8,1" doraHai="34" who="2" fromWho="1" sc="235,0,255,-83,235,93,265,0" /><INIT seed="2,0,0,0,4,91" ten="235,172,328,265" oya="2" hai0="110,121,117,51,113,80,133,27,22,12,87,62,53" hai1="89,10,81,85,92,94,69,108,5,14,124,135,52" hai2="0,82,28,76,75,60,38,78,46,41,119,74,32" hai3="43,109,72,4,65,86,50,26,31,118,30,59,17"/><V61/><F119/><W16/><G118/><T84/><D113/><U37/><E69/><V107/><F61/><W21/><G72/><T15/><D117/><U42/><E108/><V90/><F60/><N who="3" m="38047" /><G109/><T102/><D121/><U9/><E124/><V24/><F90/><W125/><G125/><T128/><D110/><U40/><E135/><V6/><F107/><W111/><G111/><T68/><D102/><U25/><E25/><V56/><F56/><W129/><G129/><T83/><D128/><U126/><E126/><V23/><F23/><N who="3" m="13679" /><G4/><T58/><D133/><U120/><E120/><V79/><F74/><W54/><G86/><N who="0" m="32811" /><D62/><U97/><E10/><AGARI ba="0,0" hai="0,6,10,24,28,32,38,41,46,75,76,78,79,82" machi="10" ten="40,3900,0" yaku="25,2" doraHai="91" who="2" fromWho="1" sc="235,0,172,-39,328,39,265,0" /><INIT seed="2,1,0,3,5,29" ten="235,133,367,265" oya="2" hai0="104,38,56,0,70,134,125,6,83,18,86,4,61" hai1="118,100,62,54,67,28,130,103,2,76,115,95,48" hai2="58,127,10,47,96,126,8,27,11,66,97,69,133" hai3="19,123,112,92,72,119,75,111,105,131,122,60,40"/><V110/><F69/><W132/><G60/><T39/><D104/><U64/><E115/><V114/><F114/><W50/><G50/><T73/><D70/><U3/><E118/><V12/><F110/><W25/><G40/><T78/><D125/><N who="2" m="47626" /><F133/><W20/><G20/><T107/><D107/><U135/><E135/><V63/><F27/><W46/><G19/><T16/><D134/><U55/><E76/><V80/><F80/><W117/><G46/><T5/><D73/><N who="3" m="28233" /><G25/><T106/><D106/><U35/><E62/><V13/><F47/><W129/><G132/><T124/><D0/><U36/><E36/><V71/><F71/><W85/><G105/><T116/><D116/><N who="3" m="44617" /><G112/><T15/><D124/><U7/><E48/><V109/><F109/><W32/><G32/><T43/><D18/><U59/><E59/><V88/><F13/><W37/><G37/><T42/><D39/><U44/><E44/><V52/><F12/><W113/><G113/><T53/><REACH who="0" step="1"/><D38/><REACH who="0" ten="225,133,367,265" step="2"/><U121/><E3/><V31/><F31/><W17/><G17/><T49/><D49/><U9/><E2/><V34/><F66/><W22/><G111/><T101/><D101/><U102/><E102/><V79/><F63/><W98/><G123/><T45/><D45/><U14/><E121/><V87/><F58/><W65/><G65/><N who="1" m="25162" /><E103/><V99/><F11/><AGARI ba="1,1" hai="4,5,6,11,15,16,42,43,53,56,61,78,83,86" machi="11" ten="40,8000,1" yaku="1,1,8,1,54,1,53,1" doraHai="29" doraHaiUra="82" who="0" fromWho="2" sc="225,93,133,0,367,-83,265,0" /><INIT seed="3,0,0,2,4,73" ten="318,133,284,265" oya="3" hai0="134,80,63,23,101,82,78,27,28,131,11,84,120" hai1="110,0,57,44,60,62,4,117,100,130,103,14,94" hai2="76,85,45,77,90,47,15,17,128,30,98,116,86" hai3="20,16,6,72,95,65,21,92,118,29,55,104,12"/><W13/><G104/><T113/><D120/><U102/><E110/><V50/><F116/><W132/><G118/><T96/><D131/><U68/><E68/><V79/><F30/><W2/><G72/><T122/><D134/><U70/><E70/><V69/><F69/><W39/><G39/><T38/><D122/><U10/><E117/><V8/><F128/><W121/><G121/><T41/><D113/><U119/><E119/><V53/><F47/><W25/><G132/><T105/><D63/><U108/><E108/><V5/><F5/><W129/><G129/><T56/><D56/><U43/><E0/><V111/><F111/><W126/><G126/><T34/><D11/><U3/><E3/><V74/><F74/><W75/><G75/><T61/><D61/><U31/><E31/><V91/><F91/><W124/><G124/><T109/><D109/><U87/><E130/><V127/><F127/><W54/><G65/><T64/><D64/><U46/><E43/><V18/><F18/><W26/><G2/><T93/><D82/><U37/><E37/><V48/><F48/><W133/><G133/><T83/><D83/><U66/><REACH who="1" step="1"/><E60/><REACH who="1" ten="318,123,284,265" step="2"/><V71/><F71/><W24/><G29/><T59/><D41/><U19/><E19/><V135/><F135/><W114/><G114/><T88/><D38/><U52/><E52/><N who="3" m="20010" /><G6/><T7/><D7/><U42/><E42/><V99/><REACH who="2" step="1"/><F86/><REACH who="2" ten="318,123,274,265" step="2"/><W115/><G115/><T40/><D40/><U22/><E22/><V81/><AGARI ba="0,2" hai="8,15,17,45,50,53,76,77,79,81,85,90,98,99" machi="81" ten="30,16000,3" yaku="1,1,2,1,0,1,25,2,8,1,52,3,53,0" doraHai="73" doraHaiUra="1" who="2" fromWho="2" sc="318,-40,123,-40,274,180,265,-80" /><INIT seed="4,0,0,5,0,76" ten="278,83,454,185" oya="0" hai0="14,102,128,70,9,81,2,134,122,95,93,117,28" hai1="71,113,112,130,61,116,121,40,55,43,12,88,86" hai2="123,64,22,78,37,67,6,110,92,20,21,48,8" hai3="26,80,103,74,34,125,36,1,5,44,63,4,50"/><T100/><D70/><U15/><E116/><V16/><F37/><W51/><G36/><T111/><D2/><U60/><E121/><V109/><F123/><W108/><G108/><T132/><D111/><U104/><E104/><V91/><F78/><W135/><G135/><N who="0" m="51755" /><D28/><U54/><E130/><V73/><F73/><W131/><G125/><T114/><D122/><U58/><E15/><N who="2" m="7271" /><F109/><W85/><G74/><T77/><D114/><N who="1" m="44139" /><E12/><V124/><F110/><W120/><G131/><T57/><D57/><N who="1" m="34871" /><E71/><V87/><F124/><W49/><G103/><N who="0" m="39467" /><D128/><U7/><E7/><V106/><F106/><W101/><G4/><N who="0" m="3367" /><D117/><U96/><E96/><V98/><F6/><W107/><G5/><T79/><D79/><U11/><E11/><V29/><F29/><W127/><G127/><T66/><D66/><U89/><E89/><V72/><F72/><AGARI ba="0,0" hai="72,77,81,93,95" m="3367,39467,51755" machi="72" ten="30,2900,0" yaku="20,1,52,1" doraHai="76" who="0" fromWho="2" sc="278,29,83,0,454,-29,185,0" /><INIT seed="4,1,0,4,2,133" ten="307,83,425,185" oya="0" hai0="25,120,48,10,20,106,92,116,15,42,17,3,125" hai1="74,100,95,71,81,85,108,4,75,63,70,9,87" hai2="0,18,55,44,104,28,19,96,54,129,105,51,61" hai3="2,76,122,59,40,50,57,80,111,65,128,90,102"/><T98/><D116/><U107/><E108/><V41/><F0/><W77/><G111/><T66/><D120/><U119/><E119/><V23/><F129/><W32/><G32/><T47/><D106/><U11/><E107/><V16/><F105/><W60/><G2/><T69/><D3/><U24/><E24/><N who="2" m="16415" /><F104/><W79/><G128/><T114/><D114/><U123/><E123/><V127/><F127/><W29/><G29/><T112/><D112/><U117/><E117/><V53/><F96/><W31/><G31/><T97/><D125/><U13/><E11/><V101/><F101/><W89/><G102/><T83/><D83/><U131/><E131/><V94/><F94/><W14/><G122/><T27/><D27/><U26/><E26/><V38/><F38/><W8/><G80/><T46/><D47/><U6/><E6/><V49/><F49/><W22/><G22/><T110/><D110/><U1/><E1/><V52/><F41/><W118/><G118/><T93/><D66/><U121/><E121/><V30/><F30/><W43/><G43/><T12/><D69/><U5/><E71/><V86/><F86/><W103/><G103/><N who="0" m="60839" /><D10/><U64/><E9/><V84/><F84/><W36/><G36/><T68/><D68/><U39/><E39/><V82/><F82/><W115/><G115/><T126/><D126/><U134/><E87/><V130/><F130/><W99/><G99/><T124/><D124/><U56/><E70/><V7/><F7/><N who="3" m="3359" /><G40/><T62/><D62/><AGARI ba="1,0" hai="16,18,19,44,51,52,53,54,55,61,62" m="16415" machi="62" ten="30,3900,0" yaku="8,1,54,2" doraHai="133" who="2" fromWho="0" sc="307,-42,83,0,425,42,185,0" /><INIT seed="5,0,0,2,4,90" ten="265,83,467,185" oya="1" hai0="111,66,133,113,106,88,82,37,15,10,29,67,31" hai1="85,95,1,118,36,39,104,44,14,25,2,73,87" hai2="7,28,97,83,34,131,48,114,108,64,62,84,124" hai3="122,93,11,89,75,79,99,49,117,19,132,9,101"/><U50/><E104/><V13/><F108/><W81/><G122/><T71/><D106/><U32/><E73/><V129/><F124/><W94/><G132/><T33/><D37/><U58/><E118/><V8/><F48/><W6/><G117/><T110/><D133/><U17/><E36/><V123/><F114/><W24/><G49/><T135/><D113/><U30/><E39/><V86/><F123/><W27/><G19/><T40/><D135/><U61/><E85/><V42/><F42/><W18/><G18/><T53/><D40/><U52/><E87/><V56/><F97/><W100/><G11/><T23/><D33/><U76/><E76/><V74/><F74/><W126/><G126/><T91/><D71/><U102/><E102/><V5/><F5/><W41/><G41/><T98/><D23/><U127/><E127/><V72/><F72/><W115/><G115/><T120/><D120/><U65/><REACH who="1" step="1"/><E95/><REACH who="1" ten="265,73,467,185" step="2"/><V92/><F92/><W112/><G112/><T57/><D110/><U70/><E70/><V26/><F86/><W43/><G100/><T22/><D111/><U116/><E116/><V109/><F109/><W69/><G69/><T45/><D91/><U78/><E78/><V121/><F121/><W105/><G94/><T4/><D88/><U125/><E125/><V51/><F84/><N who="3" m="52391" /><G43/><T107/><D107/><U134/><E134/><V80/><F83/><W35/><G35/><T54/><D82/><U103/><E103/><V119/><F80/><W47/><G101/><T12/><D98/><U16/><E16/><V3/><F119/><W68/><G68/><RYUUKYOKU ba="0,1" sc="265,-10,73,30,467,-10,185,-10" hai1="1,2,14,17,25,30,32,44,50,52,58,61,65" /><INIT seed="5,1,1,4,0,131" ten="255,103,457,175" oya="1" hai0="104,117,95,88,60,33,80,74,70,129,7,8,52" hai1="35,96,34,22,9,76,110,10,108,29,58,119,68" hai2="32,126,105,75,41,69,62,124,128,21,132,79,36" hai3="2,42,28,53,0,82,67,31,26,24,77,20,17"/><U23/><E68/><V78/><F128/><W100/><G100/><T130/><D104/><U116/><E76/><V135/><F32/><N who="1" m="12329" /><E96/><V61/><F105/><W72/><G67/><T12/><D33/><U11/><E58/><V106/><F106/><W5/><G53/><T66/><D117/><N who="1" m="45131" /><E29/><V14/><F14/><W65/><G65/><T15/><D15/><U112/><E112/><V1/><F1/><W71/><G71/><T48/><D80/><U25/><E25/><V73/><F21/><AGARI ba="1,1" hai="9,10,11,21,22,23,108,110" m="45131,12329" machi="21" ten="40,12000,1" yaku="28,2,34,2" doraHai="131" who="1" fromWho="2" sc="255,0,103,133,457,-123,175,0" /><INIT seed="5,2,0,3,0,9" ten="255,236,334,175" oya="1" hai0="30,68,0,82,120,105,26,76,4,134,103,58,99" hai1="44,13,88,102,36,24,53,117,64,32,129,38,5" hai2="33,119,14,89,87,28,113,95,16,22,3,83,63" hai3="29,121,18,61,52,42,1,40,122,79,91,7,124"/><U75/><E75/><V73/><F119/><W20/><G124/><T37/><D120/><U57/><E117/><V51/><F3/><W6/><G29/><T106/><D134/><U59/><E102/><V107/><F107/><W123/><G79/><T109/><D106/><U39/><E64/><V132/><F132/><W135/><G135/><T118/><D118/><U78/><E78/><V21/><F33/><W15/><G91/><T43/><D58/><U84/><E129/><V94/><F113/><W54/><G54/><T69/><D109/><U116/><E116/><V90/><F73/><W133/><G133/><T25/><D25/><U35/><E44/><V8/><F63/><W55/><G55/><T41/><D41/><U66/><E66/><V27/><F51/><W81/><G81/><T77/><D77/><U34/><E24/><N who="2" m="16407" /><F89/><W130/><G130/><T92/><D92/><U23/><E53/><V49/><F49/><W56/><REACH who="3" step="1"/><G1/><REACH who="3" ten="255,236,334,165" step="2"/><T65/><D82/><U96/><E88/><V111/><F111/><W100/><G100/><T110/><D76/><U12/><E35/><V72/><F72/><W74/><G74/><T67/><D110/><U47/><E34/><V104/><F104/><W86/><G86/><T98/><D103/><U71/><E84/><V85/><F85/><W50/><G50/><T17/><D105/><U31/><E32/><V101/><F101/><W93/><G93/><T112/><D99/><U127/><E96/><V80/><F95/><W10/><G10/><N who="0" m="2311" /><D98/><U115/><E127/><V128/><F128/><W48/><G48/><T11/><D11/><RYUUKYOKU ba="2,1" sc="255,-15,236,-15,334,15,165,15" hai2="8,14,16,21,27,80,83,87,90,94" hai3="6,7,15,18,20,40,42,52,56,61,121,122,123" /><INIT seed="6,3,1,3,2,118" ten="240,221,349,180" oya="2" hai0="98,44,90,9,88,14,54,32,15,129,106,109,21" hai1="128,70,131,16,2,132,93,127,61,82,3,74,23" hai2="19,26,71,58,83,87,33,45,119,41,31,1,51" hai3="105,92,126,113,17,130,115,116,122,79,63,8,95"/><V75/><F75/><W60/><G116/><T114/><D32/><U48/><E132/><V102/><F71/><W100/><G130/><N who="1" m="49706" /><E127/><V77/><F119/><W57/><G126/><T96/><D109/><U108/><E108/><V35/><F1/><W39/><G39/><T43/><D129/><U5/><E5/><V46/><F102/><W69/><G79/><T85/><D114/><N who="3" m="43529" /><G122/><T49/><D90/><U107/><E107/><V0/><F0/><W112/><N who="3" m="43537" /><W52/><DORA hai="66" /><G69/><T27/><D106/><U120/><E120/><V13/><F33/><W117/><G117/><T30/><D43/><U59/><E2/><V50/><F58/><N who="3" m="34887" /><G105/><T78/><D15/><N who="1" m="9631" /><E3/><V42/><F13/><N who="3" m="7335" /><G100/><T6/><D78/><N who="1" m="44375" /><E48/><V121/><F19/><W65/><AGARI ba="3,1" hai="57,63,65,92,95" m="7335,34887,43537" machi="65" ten="40,5200,0" yaku="15,1,11,1,54,1" doraHai="118,66" who="3" fromWho="3" sc="240,-16,221,-16,349,-29,180,71" /><INIT seed="7,0,0,0,0,57" ten="224,205,320,251" oya="3" hai0="91,85,73,43,60,107,133,65,27,123,131,15,76" hai1="77,26,78,109,13,8,11,51,125,110,101,120,49" hai2="5,7,33,28,74,75,135,9,114,80,1,58,81" hai3="121,84,96,112,19,128,59,94,100,0,117,132,46"/><W4/><G121/><T31/><D123/><U115/><E120/><V98/><F114/><W2/><G117/><T20/><D107/><U44/><E115/><V50/><F135/><W89/><G112/><T10/><D133/><U63/><E101/><V124/><F7/><W119/><G119/><T102/><D131/><U82/><E125/><V55/><F124/><W45/><G132/><T61/><D102/><U122/><E122/><V23/><F33/><W126/><G126/><T83/><D43/><U130/><E130/><V52/><F55/><W25/><G128/><T24/><D24/><U72/><E26/><N who="2" m="16479" /><F75/><W105/><G2/><T16/><D65/><U48/><E44/><V40/><F74/><W99/><G0/><T35/><D35/><U12/><E77/><V68/><F68/><W129/><G4/><T127/><D127/><U17/><REACH who="1" step="1"/><E63/><REACH who="1" ten="224,195,320,251" step="2"/><N who="2" m="36295" /><F1/><W113/><G113/><T79/><D79/><U53/><E53/><V92/><F40/><W95/><G129/><T108/><D108/><U104/><E104/><V47/><F47/><W88/><G46/><T6/><D6/><AGARI ba="0,1" hai="6,8,11,12,13,17,48,49,51,72,78,82,109,110" machi="6" ten="40,1300,0" yaku="1,1,53,0" doraHai="57" doraHaiUra="18" who="1" fromWho="0" sc="224,-13,195,23,320,0,251,0" owari="211,-29.0,218,-18.0,320,42.0,251,5.0" /></mjloggm>