<mjloggm ver="2.3"><GO type="41" lobby="0"/><UN n0="%E6%97%85%E4%BA%BA%E3%81%A1%E3%82%88%E3%81%99%E3%81%91" n1="%41%50%53%68%6F%74%21%21" n2="%E3%81%AB%E3%81%97%E3%81%8A%E3%81%8B%E3%82%86%E3%83%BC%E3%81%86%E3%81%8D" n3="%E5%B0%B1%E6%B4%BB%E7%94%9F%40%E5%B7%9D%E6%9D%91%E8%BB%8D%E5%9B%A3" dan="15,15,14,17" rate="1943.36,1982.43,1920.21,2138.71" sx="M,F,M,M"/><TAIKYOKU oya="0"/><INIT seed="0,0,0,5,0,63" ten="250,250,250,250" oya="0" hai0="88,114,14,79,29,86,135,11,53,89,112,51,58" hai1="62,133,74,80,55,132,102,122,39,42,73,124,84" hai2="47,41,126,1,49,13,134,24,22,15,72,125,6" hai3="78,27,128,105,71,40,17,107,130,70,129,43,113"/><T21/><D135/><N who="1" m="51787" /><E124/><N who="2" m="47723" /><F72/><W131/><G113/><T25/><D79/><N who="1" m="46111" /><E102/><V48/><F134/><W65/><G78/><T98/><D98/><U23/><E23/><V34/><F34/><W119/><G119/><T127/><D127/><U9/><E9/><N who="2" m="2255" /><F49/><W92/><G92/><T81/><REACH who="0" step="1"/><D89/><REACH who="0" ten="240,250,250,250" step="2"/><U4/><E122/><V36/><F36/><W91/><G91/><T8/><D8/><U60/><E39/><V110/><F110/><W116/><G129/><T37/><D37/><U50/><E42/><V115/><F115/><W94/><G43/><T32/><D32/><U109/><E109/><V26/><F22/><W106/><G40/><T77/><D77/><U20/><E20/><V87/><F87/><W104/><G130/><T19/><AGARI ba="0,1" hai="11,14,19,21,25,29,51,53,58,81,86,88,112,114" machi="19" ten="20,7800,0" yaku="1,1,0,1,7,1,54,1,53,0" doraHai="63" doraHaiUra="30" who="0" fromWho="0" sc="240,88,250,-26,250,-26,250,-26" /><INIT seed="0,1,0,0,4,64" ten="328,224,224,224" oya="0" hai0="27,132,61,113,52,98,49,46,97,112,29,74,4" hai1="17,76,131,33,103,15,96,23,30,108,119,87,11" hai2="70,79,41,20,126,54,118,36,47,18,106,43,115" hai3="101,121,26,44,67,117,100,90,99,109,77,53,122"/><T10/><D74/><U21/><E119/><V57/><F106/><W93/><G117/><T104/><D132/><U88/><E108/><V114/><F118/><W38/><G109/><T19/><D19/><U16/><E76/><V130/><F43/><W116/><G116/><T80/><D80/><U28/><E131/><V9/><F130/><W6/><G6/><T5/><D5/><U89/><E11/><V55/><F70/><W85/><G67/><T129/><D61/><U42/><E42/><V95/><F79/><W68/><G68/><T12/><D129/><U75/><E75/><V62/><F126/><W111/><G111/><T65/><D65/><U8/><E8/><V78/><F78/><W73/><G26/><T32/><REACH who="0" step="1"/><D104/><REACH who="0" ten="318,224,224,224" step="2"/><U110/><E110/><V83/><F83/><W66/><G66/><T102/><D102/><U135/><E135/><V84/><F62/><W25/><G101/><T45/><D45/><U124/><E124/><V82/><F18/><W120/><G121/><T34/><D34/><U0/><E33/><V58/><F47/><W60/><G120/><T86/><D86/><U40/><E103/><V94/><F84/><W59/><G122/><T107/><D107/><U69/><E87/><V72/><F82/><N who="3" m="45359" /><G44/><T133/><D133/><U125/><E125/><V35/><F35/><W2/><G100/><T91/><D91/><U31/><E89/><V50/><F72/><W7/><G85/><T105/><D105/><U24/><E88/><V3/><F9/><N who="3" m="2295" /><G25/><T134/><D134/><U1/><E24/><V123/><F123/><W127/><G127/><RYUUKYOKU ba="1,1" sc="318,15,224,-15,224,-15,224,15" hai0="4,10,12,27,29,32,46,49,52,97,98,112,113" hai3="38,53,59,60,90,93,99" /><INIT seed="0,2,1,5,4,58" ten="333,209,209,239" oya="0" hai0="8,118,131,6,9,32,52,23,113,57,89,26,73" hai1="77,81,78,28,19,53,91,126,83,63,133,24,117" hai2="125,107,5,40,120,62,44,86,59,41,22,38,95" hai3="85,64,36,97,17,35,18,70,123,42,121,65,98"/><T47/><D113/><U15/><E117/><V99/><F120/><N who="3" m="46155" /><G35/><T55/><D118/><U80/><E133/><V56/><F40/><W101/><G85/><T127/><D73/><U31/><E91/><V108/><F108/><W84/><G84/><T102/><D32/><U68/><E126/><V112/><F112/><W30/><G30/><N who="1" m="11306" /><E68/><V109/><F109/><W130/><G130/><T13/><D131/><U20/><E15/><V90/><F125/><W4/><G4/><T132/><D132/><U25/><E25/><V79/><F5/><W103/><G42/><T87/><D127/><U75/><E75/><V94/><F107/><N who="3" m="63919" /><G36/><T105/><D8/><U10/><E10/><V135/><F135/><W21/><G70/><T16/><D47/><U96/><E96/><V50/><F79/><W1/><G1/><T11/><D105/><U37/><E37/><V71/><F38/><W34/><G34/><T110/><D110/><U69/><E69/><V82/><F71/><W7/><G7/><T0/><D102/><U119/><E119/><V88/><F59/><AGARI ba="2,1" hai="19,20,24,53,59,63,77,78,80,81,83" m="11306" machi="59" ten="30,2000,0" yaku="8,1,52,1" doraHai="58" who="1" fromWho="2" sc="333,0,209,36,209,-26,239,0" /><INIT seed="1,0,0,2,2,65" ten="333,245,183,239" oya="1" hai0="116,52,40,115,41,31,37,126,14,119,123,69,27" hai1="86,58,127,19,107,30,97,11,22,81,28,55,44" hai2="8,72,42,23,128,7,101,117,61,53,20,130,82" hai3="56,16,84,78,13,3,114,121,66,98,129,46,32"/><U29/><E127/><V134/><F117/><W6/><G32/><T87/><D115/><U64/><E11/><V96/><F42/><W111/><G114/><T50/><D126/><U15/><E44/><V83/><F134/><W133/><G111/><T92/><D69/><U39/><E39/><V5/><F53/><W75/><G75/><T35/><D123/><U60/><E107/><V135/><F135/><W109/><G109/><T21/><D37/><U89/><E97/><V106/><F61/><W43/><G133/><T71/><D71/><U90/><E64/><V62/><F62/><W104/><G129/><N who="2" m="49769" /><F7/><W24/><G24/><T113/><D113/><U73/><E73/><V10/><F10/><W79/><G6/><T18/><D116/><U124/><E124/><V80/><F72/><W34/><G34/><T122/><D122/><U47/><REACH who="1" step="1"/><E47/><REACH who="1" ten="333,235,183,239" step="2"/><V51/><F8/><W110/><G46/><T95/><D119/><U2/><E2/><V38/><F38/><W91/><G3/><T74/><D74/><U132/><E132/><V76/><F96/><W26/><G98/><T118/><D118/><U33/><E33/><V1/><F1/><W77/><G66/><T102/><D35/><U68/><E68/><V103/><F106/><W112/><G110/><T12/><D40/><U88/><AGARI ba="0,1" hai="15,19,22,28,29,30,55,58,60,81,86,88,89,90" machi="88" ten="30,11700,0" yaku="1,1,0,1,8,1,54,1,53,0" doraHai="65" doraHaiUra="100" who="1" fromWho="1" sc="333,-39,235,127,183,-39,239,-39" /><INIT seed="1,1,0,3,1,116" ten="294,362,144,200" oya="1" hai0="85,49,90,75,62,54,76,24,117,10,32,36,132" hai1="46,118,119,128,29,20,35,79,28,83,71,23,19" hai2="78,7,133,55,45,115,40,88,101,68,127,95,61" hai3="53,113,14,77,86,58,16,51,44,43,104,87,94"/><U60/><E128/><V17/><F7/><W59/><G113/><T74/><D117/><U1/><E35/><V22/><F115/><W34/><G34/><T91/><D36/><U30/><E1/><V123/><F78/><W2/><G2/><T126/><D76/><U80/><E23/><V84/><F127/><W63/><G104/><T100/><D100/><U107/><E107/><V72/><F72/><W6/><G6/><T47/><D91/><U18/><E18/><V111/><F111/><W26/><G26/><T57/><D132/><U124/><E124/><V56/><F68/><W122/><G122/><T82/><D126/><U99/><E99/><V41/><F133/><W48/><G94/><T11/><D75/><U9/><E9/><V64/><F101/><W8/><REACH who="3" step="1"/><G77/><REACH who="3" ten="294,362,144,190" step="2"/><T131/><D32/><U105/><E105/><V66/><F123/><W31/><G31/><T73/><D24/><U27/><E119/><V81/><F95/><W89/><G89/><T67/><D131/><U0/><E0/><V25/><REACH who="2" step="1"/><F41/><REACH who="2" ten="294,362,134,190" step="2"/><W92/><G92/><T93/><D93/><U33/><E118/><V13/><F13/><W50/><G50/><AGARI ba="1,2" hai="17,22,25,40,45,50,55,56,61,64,66,81,84,88" machi="50" ten="30,7700,0" yaku="1,1,7,1,8,1,54,1,53,0" doraHai="116" doraHaiUra="125" who="2" fromWho="3" sc="294,0,362,0,134,100,190,-80" /><INIT seed="2,0,0,4,4,87" ten="294,362,234,110" oya="2" hai0="79,32,8,37,29,81,21,6,119,130,110,30,77" hai1="18,135,48,5,16,109,117,115,4,62,106,113,107" hai2="58,33,89,108,60,129,52,85,96,31,22,74,75" hai3="68,88,10,36,27,61,101,28,84,114,45,63,42"/><V1/><F1/><W112/><G101/><T38/><D32/><U126/><E109/><V20/><F33/><W70/><G10/><T131/><D110/><U55/><E62/><V124/><F108/><W104/><G104/><T91/><D119/><U86/><E86/><V39/><F39/><W125/><G125/><T19/><D19/><U57/><E135/><V43/><F43/><W49/><G61/><T132/><D132/><U50/><E57/><V7/><F7/><W120/><G36/><T65/><D65/><U83/><E83/><V133/><F124/><W93/><G120/><T122/><D81/><U103/><E103/><V46/><F46/><W134/><G134/><T64/><D8/><U71/><E55/><V78/><F133/><W11/><G11/><T14/><D6/><U2/><E2/><V102/><F78/><W53/><G42/><T100/><D100/><U94/><E94/><V47/><F47/><W67/><REACH who="3" step="1"/><G70/><REACH who="3" ten="294,362,234,100" step="2"/><T99/><D38/><U17/><E126/><V9/><F9/><W66/><G66/><T92/><D37/><U127/><E127/><V118/><F118/><W111/><G111/><T12/><D64/><U23/><E71/><V15/><F60/><W116/><G116/><T35/><D122/><U34/><E117/><V123/><F102/><W13/><G13/><T44/><D14/><U69/><E69/><V73/><F15/><W24/><G24/><T128/><D12/><U98/><E107/><V121/><F121/><W51/><G51/><T82/><D130/><U0/><E106/><V76/><F123/><W80/><G80/><RYUUKYOKU ba="0,1" sc="294,-10,362,-10,234,-10,100,30" hai3="27,28,45,49,53,63,67,68,84,88,93,112,114" /><INIT seed="3,1,1,0,0,85" ten="284,352,224,130" oya="3" hai0="70,78,99,93,112,100,94,61,117,80,66,15,101" hai1="60,124,68,39,97,87,71,109,24,129,121,86,72" hai2="106,50,38,119,65,10,12,83,34,33,58,107,74" hai3="102,89,29,132,128,76,63,54,92,5,122,114,77"/><W51/><G122/><T26/><D117/><U49/><E121/><V23/><F38/><W75/><G114/><T43/><D112/><U73/><E39/><V44/><F34/><W98/><G128/><T35/><D43/><U30/><E109/><V81/><F33/><W127/><G132/><T118/><D118/><U133/><E124/><V69/><F69/><W28/><G127/><T91/><D15/><U82/><E87/><V120/><F120/><W125/><G125/><T123/><D123/><U111/><E111/><V113/><F113/><W3/><G3/><T40/><D40/><U126/><E49/><V67/><F74/><W22/><G5/><T0/><D0/><U134/><E129/><V25/><F106/><W7/><G7/><T90/><D26/><U20/><E97/><V19/><F107/><W2/><G2/><T84/><D35/><U52/><E71/><V27/><F27/><N who="3" m="16503" /><G75/><AGARI ba="1,1" hai="61,66,70,75,78,80,84,90,91,93,94,99,100,101" machi="75" ten="30,3900,0" yaku="7,1,52,2" doraHai="85" who="0" fromWho="3" sc="284,52,352,0,224,0,130,-42" /><INIT seed="4,0,0,2,1,56" ten="336,352,224,88" oya="0" hai0="72,9,14,32,12,95,24,1,0,2,16,37,57" hai1="8,40,44,33,126,85,130,70,82,90,134,132,22" hai2="46,45,10,48,47,78,55,75,93,51,81,104,92" hai3="96,103,127,13,53,62,59,97,4,100,50,3,31"/><T114/><D72/><U119/><E33/><V6/><F104/><W107/><G3/><T19/><D114/><U133/><E119/><V131/><F131/><W68/><G127/><T61/><D37/><U27/><E8/><V101/><F101/><W38/><G38/><T98/><D32/><U120/><E70/><V122/><F122/><W135/><G135/><T15/><D24/><U87/><E130/><V73/><F75/><W113/><G113/><T49/><D49/><N who="1" m="26759" /><E87/><V60/><F60/><W41/><G31/><T18/><D9/><U105/><E105/><V65/><F65/><W25/><G25/><T5/><D5/><U117/><E117/><V110/><F110/><W7/><G13/><T91/><REACH who="0" step="1"/><D1/><REACH who="0" ten="326,352,224,88" step="2"/><U88/><E120/><V116/><F116/><W34/><G34/><T36/><D36/><U29/><E126/><V108/><F108/><W77/><G77/><AGARI ba="0,1" hai="22,27,29,77,82,85,88,90,132,133,134" m="26759" machi="77" ten="30,2000,0" yaku="20,1,54,1" doraHai="56" who="1" fromWho="3" sc="326,0,352,30,224,0,88,-20" /><INIT seed="5,0,0,4,5,12" ten="326,382,224,68" oya="1" hai0="46,39,10,125,100,103,65,42,105,2,108,76,111" hai1="68,25,113,21,73,98,3,64,135,36,123,38,120" hai2="66,11,97,110,81,19,92,32,129,52,63,16,24" hai3="127,28,87,117,119,114,30,109,131,37,96,74,77"/><U133/><E113/><V79/><F110/><W61/><G61/><T89/><D65/><U99/><E3/><V59/><F129/><W22/><G87/><T104/><D89/><U29/><E73/><V51/><F11/><W44/><G96/><N who="1" m="36906" /><E64/><V27/><F32/><W31/><G109/><T33/><D33/><U124/><E68/><V107/><F107/><W71/><G44/><T115/><D115/><U50/><E50/><V23/><F27/><W112/><G71/><T106/><D103/><U78/><E78/><V94/><F97/><W48/><G48/><T86/><D100/><U85/><E85/><V72/><REACH who="2" step="1"/><F19/><REACH who="2" ten="326,382,214,68" step="2"/><W69/><G131/><T18/><D108/><U54/><E123/><V118/><F118/><W55/><G127/><T35/><D35/><U34/><E34/><V80/><F80/><W41/><G114/><T45/><D125/><U122/><E124/><V126/><F126/><W56/><G112/><T121/><D111/><U128/><E128/><V62/><F62/><W95/><G119/><T102/><D102/><U90/><E122/><V4/><F4/><W101/><G117/><T13/><D121/><U9/><E9/><V134/><F134/><W17/><G17/><T83/><D2/><U0/><E0/><V116/><F116/><W88/><G31/><T84/><D105/><U5/><E5/><V60/><F60/><W20/><G30/><T26/><D104/><U67/><E120/><V58/><AGARI ba="0,1" hai="16,23,24,51,52,58,59,63,66,72,79,81,92,94" machi="58" ten="20,12000,2" yaku="1,1,0,1,7,1,52,1,54,2,53,1" doraHai="12" doraHaiUra="49" who="2" fromWho="2" sc="326,-30,382,-60,214,130,68,-30" /><INIT seed="6,0,0,5,3,36" ten="296,322,344,38" oya="2" hai0="90,38,47,58,66,61,96,51,116,49,72,103,84" hai1="73,92,107,70,39,69,13,121,99,40,21,131,24" hai2="94,9,1,29,35,134,87,3,105,97,27,101,91" hai3="45,4,86,0,102,5,106,10,19,114,60,15,65"/><V75/><F134/><W129/><G114/><T26/><D72/><U57/><E73/><V126/><F126/><W56/><G129/><T118/><D38/><U93/><E107/><V133/><F133/><W112/><G112/><T34/><D34/><U2/><E2/><V83/><REACH who="2" step="1"/><F9/><REACH who="2" ten="296,322,334,38" step="2"/><W22/><G102/><T18/><D118/><U14/><E131/><V16/><F16/><W74/><G106/><T120/><D116/><U41/><E121/><V115/><F115/><W52/><G5/><T111/><D120/><U127/><E127/><V20/><F20/><W25/><G74/><T11/><D111/><U28/><E21/><V33/><F33/><W64/><G86/><T113/><D113/><U53/><E28/><V109/><F109/><W71/><G71/><T130/><D130/><U88/><E70/><V100/><F100/><W98/><G98/><T23/><D11/><U108/><E69/><V17/><F17/><W62/><G62/><T8/><D8/><U32/><E108/><V117/><F117/><W59/><G59/><T55/><D96/><U63/><E32/><V77/><AGARI ba="0,1" hai="1,3,27,29,35,75,77,83,87,91,94,97,101,105" machi="77" ten="30,11700,0" yaku="1,1,0,1,24,2,53,0" doraHai="36" doraHaiUra="122" who="2" fromWho="2" sc="296,-39,322,-39,334,127,38,-39" owari="257,-14.0,283,8.0,461,56.0,-1,-50.0" /></mjloggm>