<mjloggm ver="2.3"><GO type="169" lobby="0"/><UN n0="%E3%83%8D%E3%83%BC%E3%83%A0%E3%83%AC%E3%82%B9%EF%BC%97" n1="%E3%83%88%E3%83%88%E3%83%AA%E5%85%88%E7%94%9F%31%39%E6%AD%B3" n2="%33%E7%95%AA%44%48%E4%BA%95%E7%AB%AF" n3="%E3%81%A8%E3%81%A3%E3%81%93%E3%83%BC%E3%81%A1%E3%82%83%E3%82%93" dan="16,17,16,16" rate="2071.30,2245.51,2129.50,2075.96" sx="M,F,M,F"/><TAIKYOKU oya="0"/><INIT seed="0,0,0,2,5,116" ten="250,250,250,250" oya="0" hai0="114,46,64,87,69,66,15,70,112,122,125,48,124" hai1="89,49,90,0,52,6,13,43,120,56,51,107,4" hai2="65,28,8,128,5,38,21,47,118,74,50,93,81" hai3="67,97,23,3,88,117,126,68,32,30,101,63,62"/><T24/><D15/><U36/><E36/><V31/><F118/><W99/><G117/><T14/><D14/><U79/><E107/><V94/><F128/><W39/><G126/><N who="0" m="48747" /><D87/><U19/><E120/><V55/><F38/><W121/><G3/><T113/><D24/><U133/><E133/><V86/><F65/><N who="0" m="25194" /><D122/><U127/><E127/><V2/><F74/><W111/><G32/><T34/><D34/><U16/><E79/><V37/><F37/><W102/><G30/><T20/><D20/><U115/><E115/><V10/><F10/><W132/><G23/><T35/><D35/><U7/><E0/><V42/><F28/><W71/><G67/><T130/><D130/><U109/><E109/><V72/><F72/><W57/><G101/><T119/><D119/><U96/><E96/><V106/><F106/><W135/><G102/><T22/><D22/><N who="1" m="11535" /><E19/><V75/><F75/><W9/><G99/><T85/><D85/><U83/><E83/><V131/><F131/><W98/><G98/><T41/><AGARI ba="0,0" hai="41,46,48,69,70,112,113,114" m="25194,48747" machi="41" ten="40,7800,0" yaku="18,1,34,2" doraHai="116" who="0" fromWho="0" sc="250,78,250,-26,250,-26,250,-26" /><INIT seed="0,1,0,4,4,24" ten="328,224,224,224" oya="0" hai0="107,55,106,15,129,41,85,87,103,90,21,91,7" hai1="78,27,110,16,93,0,48,5,65,112,70,132,109" hai2="26,105,61,99,44,94,79,13,51,134,36,73,71" hai3="104,101,76,95,45,68,100,63,37,92,22,53,6"/><T38/><D38/><U72/><E132/><V56/><F134/><W1/><G76/><T96/><D41/><U19/><E112/><V81/><F105/><N who="0" m="39946" /><D21/><N who="1" m="13735" /><E19/><V75/><F71/><W77/><G6/><T59/><D15/><U67/><E70/><V2/><F2/><W111/><G1/><T3/><D55/><U11/><E93/><V102/><F36/><W125/><G37/><T127/><D59/><U25/><E78/><V57/><F75/><W32/><G45/><T46/><D46/><U122/><E72/><V69/><F13/><W14/><G32/><T116/><D7/><U49/><E122/><V18/><F69/><W31/><G14/><T89/><D3/><U74/><E74/><V23/><F61/><W39/><G63/><T34/><D34/><U35/><E49/><V28/><F18/><W130/><G39/><T33/><D33/><U133/><E48/><V108/><F57/><W117/><G53/><T20/><D20/><U29/><E133/><V64/><F56/><W62/><G62/><T43/><D43/><U98/><E98/><V12/><F64/><W120/><G22/><T119/><D127/><U60/><E60/><V88/><F51/><W97/><G125/><T30/><D30/><U114/><E114/><V66/><F66/><W131/><G31/><T42/><D42/><U40/><E40/><V9/><F28/><W4/><G4/><T83/><D129/><U58/><E58/><V86/><F23/><W80/><G68/><T124/><D124/><U82/><E82/><V123/><F81/><W118/><G130/><T126/><D126/><RYUUKYOKU ba="1,0" sc="328,-10,224,30,224,-10,224,-10" hai1="0,5,11,25,29,35,65,67,109,110" /><INIT seed="1,2,0,0,2,74" ten="318,254,214,214" oya="1" hai0="125,3,31,80,99,63,85,87,7,32,50,97,129" hai1="59,79,98,96,45,72,60,70,131,26,106,114,30" hai2="2,128,120,46,122,16,27,24,48,6,109,75,42" hai3="124,113,54,92,91,34,68,89,117,44,132,67,36"/><U73/><E114/><V14/><F109/><W35/><G113/><T64/><D3/><U22/><E131/><V104/><F128/><W39/><G117/><T61/><D7/><U47/><E70/><V81/><F104/><W94/><G67/><T29/><D32/><U62/><E73/><V20/><F2/><W84/><G68/><T5/><D5/><U135/><E135/><V78/><REACH who="2" step="1"/><F6/><REACH who="2" ten="318,254,204,214" step="2"/><W9/><G132/><T0/><D129/><U102/><E98/><V69/><F69/><W33/><G124/><T76/><D0/><U116/><E116/><V111/><F111/><W53/><G9/><T71/><D125/><U83/><REACH who="1" step="1"/><E62/><REACH who="1" ten="318,244,204,214" step="2"/><V66/><F66/><AGARI ba="2,2" hai="22,26,30,45,47,59,60,66,72,79,83,96,102,106" machi="66" ten="30,12000,1" yaku="1,1,2,1,7,1,52,1,53,1" doraHai="74" doraHaiUra="56" who="1" fromWho="2" sc="318,0,244,146,204,-126,214,0" /><INIT seed="1,3,0,4,2,62" ten="318,390,78,214" oya="1" hai0="130,34,67,81,50,132,16,116,52,120,0,19,33" hai1="118,113,26,49,102,20,38,74,28,91,18,2,31" hai2="103,29,8,87,72,14,17,109,56,66,61,73,104" hai3="58,24,85,122,129,135,83,133,77,126,22,79,12"/><U47/><E113/><V80/><F109/><W92/><G122/><T124/><D0/><U3/><E118/><V32/><F103/><W131/><G12/><T115/><D115/><U90/><E38/><V111/><F104/><W119/><G58/><N who="0" m="33047" /><D116/><U106/><E74/><V100/><F100/><W76/><G119/><T98/><D34/><U41/><E3/><V65/><F111/><W1/><G1/><T123/><D33/><U39/><E2/><V84/><F84/><W134/><G22/><T68/><D132/><U48/><E102/><V42/><F42/><W23/><G23/><T101/><D81/><U35/><E106/><V44/><F44/><W125/><G92/><N who="0" m="58567" /><D130/><N who="3" m="49673" /><G24/><T94/><D94/><U37/><E37/><V99/><F72/><W45/><G45/><T95/><D95/><U25/><E31/><V88/><F73/><W6/><G6/><T93/><D93/><U13/><E25/><V78/><F99/><W89/><AGARI ba="3,0" hai="76,77,79,83,85,89,125,126,133,134,135" m="49673" machi="89" ten="40,12000,2" yaku="30,2,20,1,19,1,34,2" doraHai="62" who="3" fromWho="3" sc="318,-33,390,-63,78,-33,214,129" /><INIT seed="2,0,0,5,2,70" ten="285,327,45,343" oya="2" hai0="82,34,107,91,87,100,71,2,65,52,97,57,12" hai1="37,108,104,84,27,33,32,29,86,124,63,83,103" hai2="81,132,95,31,22,133,28,76,39,89,21,79,43" hai3="88,30,18,120,118,90,78,48,77,38,115,36,1"/><V112/><F112/><W66/><G18/><T64/><D2/><U121/><E108/><V20/><F43/><W59/><G1/><T7/><D34/><U114/><E114/><V135/><F39/><W126/><G118/><T67/><D71/><U5/><E124/><V13/><F13/><W16/><G120/><T49/><D7/><U106/><E121/><V55/><F55/><W42/><G30/><T131/><REACH who="0" step="1"/><D12/><REACH who="0" ten="275,327,45,343" step="2"/><U80/><E5/><V10/><F10/><W6/><G6/><T99/><D99/><U92/><E32/><V19/><F19/><W116/><G115/><T122/><D122/><U40/><E33/><V46/><F46/><W102/><G116/><T11/><D11/><U69/><E69/><V14/><F14/><W111/><G126/><T15/><D15/><U68/><E68/><V4/><F4/><W128/><G111/><T134/><D134/><U45/><E29/><V105/><F105/><W123/><G123/><T61/><D61/><U130/><E63/><V129/><F129/><AGARI ba="0,1" hai="49,52,57,64,65,67,82,87,91,97,100,107,129,131" machi="129" ten="40,2600,0" yaku="1,1,54,1,53,0" doraHai="70" doraHaiUra="3" who="0" fromWho="2" sc="275,36,327,0,45,-26,343,0" /><INIT seed="3,0,0,0,3,4" ten="311,327,19,343" oya="3" hai0="42,86,109,87,51,27,116,39,17,94,59,13,112" hai1="83,100,1,29,21,35,30,8,34,2,121,80,127" hai2="118,104,7,63,111,67,93,129,65,45,117,91,134" hai3="43,131,64,89,14,101,128,84,122,103,97,19,46"/><W98/><G64/><T53/><D116/><U85/><E121/><V44/><F111/><W55/><G55/><T82/><D39/><U26/><E100/><V114/><F104/><W110/><G122/><T49/><D109/><U58/><E127/><V81/><F114/><W119/><G119/><T123/><D123/><U52/><E83/><V130/><F134/><W15/><G110/><T0/><D0/><U60/><E8/><V126/><F81/><W99/><G15/><T11/><D112/><U108/><E108/><V90/><F7/><W32/><G32/><T3/><D3/><U133/><E133/><V47/><F126/><W72/><G72/><T73/><D73/><U54/><E21/><V120/><F120/><W5/><G5/><T16/><D94/><U76/><E54/><V88/><F93/><W56/><G56/><T61/><D42/><U106/><E106/><V50/><F50/><N who="0" m="18954" /><D82/><U135/><E135/><V96/><F96/><W77/><G46/><T48/><D48/><U75/><E75/><V24/><F24/><AGARI ba="0,0" hai="1,2,24,26,29,30,34,35,52,58,60,76,80,85" machi="24" ten="40,2600,0" yaku="9,1,54,1" doraHai="4" who="1" fromWho="2" sc="311,0,327,26,19,-26,343,0" owari="311,-9.0,353,46.0,-7,-51.0,343,14.0" /></mjloggm>