<mjloggm ver="2.3"><GO type="97" lobby="0"/><UN n0="%E5%8D%B0%E5%8D%97%E3%81%BE%E3%81%B2%E3%82%8B" n1="%E5%B0%B1%E6%B4%BB%E7%94%9F%40%E5%B7%9D%E6%9D%91%E8%BB%8D%E5%9B%A3" n2="%6B%6F%64%6F%6F" n3="%E3%81%B2%E3%82%8D%E3%82%86%E3%81%8D%EF%BD%83%EF%BD%83%EF%BD%83" dan="13,15,14,15" rate="1961.53,2073.60,1900.63,1970.05" sx="F,M,M,M"/><TAIKYOKU oya="0"/><INIT seed="0,0,0,1,2,103" ten="250,250,250,250" oya="0" hai0="29,57,112,52,2,38,41,49,58,110,94,34,3" hai1="74,1,53,119,20,106,75,62,109,46,123,24,67" hai2="83,17,39,30,11,13,56,104,124,85,12,92,4" hai3="126,47,51,35,76,90,19,127,101,80,77,28,59"/><T60/><D112/><U96/><E119/><V36/><F30/><W54/><G101/><T102/><D38/><U105/><E1/><V113/><F113/><W63/><G19/><T132/><D132/><U61/><E123/><V81/><F124/><N who="3" m="47659" /><G28/><T44/><D110/><U125/><E109/><V107/><F92/><W89/><G35/><T68/><D68/><U133/><E125/><V93/><F93/><W130/><G130/><T135/><D135/><U26/><E133/><V95/><F95/><W65/><G77/><T129/><D129/><U33/><E33/><V98/><F98/><W45/><G47/><T25/><REACH who="0" step="1"/><D57/><REACH who="0" ten="240,250,250,250" step="2"/><U84/><E46/><V7/><F56/><W18/><G18/><T78/><D78/><U88/><E75/><AGARI ba="0,1" hai="45,51,54,59,63,65,75,76,80,89,90" m="47659" machi="75" ten="30,1000,0" yaku="18,1" doraHai="103" who="3" fromWho="1" sc="240,0,250,-10,250,0,250,20" /><INIT seed="1,0,0,4,4,116" ten="240,240,250,270" oya="1" hai0="25,134,88,15,42,46,77,6,81,60,95,61,124" hai1="90,94,114,120,79,2,3,91,7,34,33,82,50" hai2="63,35,73,28,24,98,20,72,36,19,87,92,59" hai3="115,103,101,106,16,78,127,128,32,37,41,22,85"/><U96/><E114/><V8/><F36/><W83/><G115/><T111/><D111/><U109/><E109/><V99/><F8/><W11/><G32/><T93/><D134/><U13/><E120/><V125/><F87/><W4/><G127/><T5/><D124/><U112/><E112/><V23/><F35/><W43/><G128/><T9/><D6/><U51/><E13/><V58/><F125/><W17/><G106/><T0/><D0/><U40/><E40/><V70/><F70/><W67/><G67/><T80/><D25/><U65/><E65/><V126/><F126/><W14/><G37/><T48/><D95/><U133/><E133/><V131/><F131/><W132/><G132/><T84/><REACH who="0" step="1"/><D81/><REACH who="0" ten="230,240,250,270" step="2"/><U27/><E27/><V56/><F92/><W62/><G4/><T18/><D18/><U29/><E7/><V119/><F119/><W38/><G38/><T89/><D89/><U100/><E29/><V53/><F72/><AGARI ba="0,1" hai="5,9,15,42,46,48,60,61,72,77,80,84,88,93" machi="72" ten="30,3900,0" yaku="1,1,7,1,54,1,53,0" doraHai="116" doraHaiUra="54" who="0" fromWho="2" sc="230,49,240,0,250,-39,270,0" /><INIT seed="2,0,0,2,5,125" ten="279,240,211,270" oya="2" hai0="38,20,32,4,90,116,101,109,36,87,65,124,31" hai1="112,102,63,97,96,43,26,81,75,54,86,5,110" hai2="34,100,35,115,16,25,78,50,60,1,61,95,59" hai3="33,51,42,13,123,55,24,27,48,127,114,19,84"/><V64/><F1/><W69/><G127/><T118/><D124/><U62/><E112/><V8/><F115/><W131/><G123/><T103/><D32/><U18/><E75/><V104/><F104/><W113/><G114/><T129/><D4/><U53/><E110/><V71/><F78/><W119/><G69/><T135/><D135/><U89/><E43/><V10/><F50/><W21/><G113/><T40/><D65/><U92/><E5/><V77/><F77/><W73/><G73/><T49/><D109/><U132/><E132/><V126/><F126/><W82/><G131/><T14/><D49/><N who="3" m="19017" /><G33/><T79/><D79/><U28/><E97/><V15/><F25/><N who="3" m="9803" /><G119/><T2/><D2/><U12/><E62/><V3/><F95/><W6/><G6/><T107/><D40/><U130/><E130/><V37/><F37/><W56/><G42/><T9/><D129/><U80/><E63/><V76/><F76/><W72/><G72/><T0/><D0/><U105/><E105/><V111/><F111/><W88/><G56/><T23/><D36/><U58/><E58/><V85/><F100/><W30/><G30/><T99/><D103/><U106/><E81/><V22/><F85/><W117/><G117/><N who="0" m="45163" /><D31/><U121/><E121/><V93/><F93/><W7/><G7/><N who="0" m="3391" /><D38/><U68/><E68/><V66/><F3/><W74/><G74/><T98/><D98/><U44/><E106/><V120/><F120/><W70/><G70/><T128/><D128/><U122/><E122/><V52/><F66/><W94/><G94/><AGARI ba="0,0" hai="20,23,87,90,94,99,101,107" m="3391,45163" machi="94" ten="30,1000,0" yaku="12,1" doraHai="125" who="0" fromWho="3" sc="279,10,240,0,211,0,270,-10" /><INIT seed="3,0,0,1,5,28" ten="289,240,211,260" oya="3" hai0="100,127,110,38,31,85,114,25,119,98,2,10,52" hai1="50,14,91,22,19,53,15,130,39,13,3,17,111" hai2="115,44,1,94,104,27,35,126,76,5,63,79,71" hai3="96,33,9,23,124,128,21,84,11,62,122,92,120"/><W107/><G33/><T47/><D119/><U109/><E39/><V18/><F104/><W42/><G124/><T101/><D127/><U43/><E43/><V20/><F115/><W95/><G107/><T36/><D110/><N who="1" m="41995" /><E3/><V59/><F71/><W66/><G42/><T70/><D70/><U51/><E130/><V88/><F126/><W40/><G40/><T6/><D114/><U131/><E131/><V135/><F44/><W69/><G128/><T134/><D100/><U118/><E118/><V12/><F135/><W108/><G84/><T129/><D85/><U72/><E72/><V65/><F1/><W125/><G108/><T103/><D103/><U8/><E91/><V86/><F35/><W90/><G125/><T60/><D134/><U34/><E34/><V24/><F5/><W97/><G122/><T61/><D129/><U99/><E99/><V106/><REACH who="2" step="1"/><F106/><REACH who="2" ten="289,240,201,260" step="2"/><W123/><G123/><T0/><D0/><U87/><E87/><V80/><F80/><W81/><G81/><T68/><D68/><U7/><E53/><V82/><F82/><W67/><G120/><T29/><D47/><U16/><E22/><V45/><F45/><W83/><G83/><T117/><D117/><U57/><E57/><V41/><F41/><W54/><G54/><T121/><D121/><U93/><E93/><V102/><F102/><N who="3" m="60679" /><G67/><T26/><D52/><U113/><E113/><V89/><F89/><W58/><G69/><T75/><D101/><U55/><E55/><V30/><F30/><N who="0" m="11274" /><D2/><U105/><E105/><V4/><F4/><W48/><G48/><N who="1" m="18474" /><E7/><V77/><AGARI ba="0,1" hai="12,18,20,24,27,59,63,65,76,77,79,86,88,94" machi="77" ten="30,8000,1" yaku="1,1,5,1,0,1,8,1,54,1,53,0" doraHai="28" doraHaiUra="46" who="2" fromWho="2" sc="289,-20,240,-20,201,90,260,-40" /><INIT seed="4,0,0,1,4,104" ten="269,220,291,220" oya="0" hai0="34,63,56,65,87,85,66,125,20,9,62,84,70" hai1="88,135,48,133,27,93,134,71,94,83,131,99,25" hai2="11,120,39,43,117,128,57,95,80,0,89,92,5" hai3="91,64,50,38,60,90,14,67,121,52,127,46,126"/><T24/><D125/><N who="3" m="47625" /><G121/><T81/><D9/><U40/><E71/><V42/><F120/><W49/><G38/><T86/><D34/><U7/><E131/><V132/><F128/><W28/><G28/><T76/><REACH who="0" step="1"/><D87/><REACH who="0" ten="259,220,291,220" step="2"/><U44/><E7/><V107/><F11/><W72/><G72/><T113/><D113/><U108/><E108/><V114/><F5/><W110/><G110/><T2/><D2/><U130/><E130/><V12/><F0/><W55/><G14/><T53/><D53/><U19/><E25/><V32/><F12/><W103/><G67/><T122/><D122/><U30/><E30/><AGARI ba="0,1" hai="20,24,30,56,62,63,65,66,70,76,81,84,85,86" machi="30" ten="30,2900,0" yaku="1,1,7,1,53,0" doraHai="104" doraHaiUra="102" who="0" fromWho="1" sc="259,39,220,-29,291,0,220,0" /><INIT seed="4,1,0,2,1,39" ten="298,191,291,220" oya="0" hai0="2,51,85,100,46,125,55,114,96,83,80,126,36" hai1="4,90,62,70,78,73,20,127,50,10,31,16,134" hai2="48,18,94,111,124,43,57,30,71,86,129,47,49" hai3="28,11,112,54,75,93,65,22,77,35,40,110,66"/><T13/><D114/><U99/><E134/><V34/><F71/><W45/><G110/><T105/><D2/><U130/><E127/><N who="0" m="48649" /><D36/><U67/><E130/><V44/><F111/><W15/><G112/><T122/><D122/><U132/><E132/><V103/><F129/><W117/><G35/><T37/><D37/><U104/><E31/><V82/><F57/><W74/><G117/><T135/><D135/><U27/><E50/><V79/><F124/><W42/><G75/><T98/><D98/><U6/><E10/><V5/><F5/><N who="3" m="3567" /><G77/><N who="0" m="46223" /><D83/><U56/><E70/><V118/><F118/><W8/><G93/><N who="0" m="58383" /><D13/><U3/><E3/><V25/><F103/><W7/><G74/><T12/><D12/><U58/><E58/><V109/><F109/><W95/><G95/><T123/><D123/><U32/><E32/><V69/><F94/><W23/><G7/><T38/><D38/><U92/><E104/><AGARI ba="1,0" hai="46,51,55,104,105" m="58383,46223,48649" machi="104" ten="30,1500,0" yaku="18,1" doraHai="39" who="0" fromWho="1" sc="298,18,191,-18,291,0,220,0" owari="316,42.0,173,-33.0,291,9.0,220,-18.0" /></mjloggm>