<mjloggm ver="2.3"><GO type="225" lobby="0"/><UN n0="%46%4C%41%4D%45" n1="%EF%BC%8A%E3%81%A9%E3%82%89%E3%81%BF%EF%BC%8A" n2="%E3%83%88%E3%83%88%E3%83%AA%E5%85%88%E7%94%9F%31%39%E6%AD%B3" n3="%E3%81%A4%E3%81%A3%E3%81%8D%EF%BD%9E%32%6E%64" dan="16,17,17,16" rate="2167.52,2182.44,2234.36,2127.76" sx="M,M,F,M"/><TAIKYOKU oya="0"/><INIT seed="0,0,0,2,0,24" ten="250,250,250,250" oya="0" hai0="68,57,39,92,76,11,135,95,77,19,18,61,113" hai1="20,47,50,16,74,35,104,12,116,89,84,80,37" hai2="13,67,111,52,36,128,107,33,129,114,44,75,109" hai3="123,41,26,46,63,1,40,62,64,34,108,102,2"/><T110/><D113/><U112/><E116/><V48/><F114/><W55/><G108/><N who="2" m="41545" /><F75/><W93/><G123/><T130/><D39/><U27/><E112/><V82/><F107/><W122/><G122/><T105/><D105/><U133/><E104/><V88/><F33/><W96/><G55/><T23/><D68/><U134/><E37/><V70/><F36/><W43/><G46/><T115/><D115/><U17/><E74/><V5/><F5/><W91/><G91/><T98/><D110/><U6/><E6/><V53/><F13/><W103/><G103/><T59/><D130/><N who="2" m="50282" /><F67/><W60/><REACH who="3" step="1"/><G64/><REACH who="3" ten="250,250,250,240" step="2"/><N who="0" m="38959" /><D135/><U28/><REACH who="1" step="1"/><E17/><REACH who="1" ten="250,240,250,240" step="2"/><V32/><F44/><W3/><G3/><T9/><D19/><U126/><E126/><V100/><F48/><W72/><G72/><T38/><D18/><U15/><E15/><V42/><F42/><AGARI ba="0,2" hai="12,16,20,27,28,35,42,47,50,80,84,89,133,134" machi="42" ten="40,5200,0" yaku="1,1,52,1,54,1,53,0" doraHai="24" doraHaiUra="4" who="1" fromWho="2" sc="250,0,240,72,250,-52,240,0" /><INIT seed="1,0,0,3,0,14" ten="250,312,198,240" oya="1" hai0="75,89,119,39,1,74,87,71,32,13,110,129,79" hai1="114,86,123,115,10,34,112,41,133,25,59,12,17" hai2="126,82,93,19,98,21,9,22,65,111,46,6,69" hai3="28,56,73,66,24,60,58,36,47,45,101,113,96"/><U102/><E102/><V134/><F111/><W103/><G113/><T78/><D32/><U100/><E100/><V124/><F134/><W40/><G73/><T121/><D1/><U84/><E123/><V15/><F82/><W26/><G103/><T127/><D39/><U81/><E133/><V67/><F46/><W55/><G47/><T33/><D33/><U94/><E41/><V120/><F120/><W30/><G24/><T64/><D64/><U57/><E94/><V4/><F22/><W11/><G11/><T68/><D121/><U117/><E117/><V108/><F108/><W27/><G27/><T105/><D110/><U23/><E34/><V61/><F67/><W70/><G26/><T3/><D3/><U5/><REACH who="1" step="1"/><E86/><REACH who="1" ten="250,302,198,240" step="2"/><V135/><F135/><W16/><G40/><T118/><D87/><U97/><E97/><V29/><F93/><W132/><G96/><T72/><D119/><U31/><E31/><V80/><F98/><W37/><G30/><T122/><D118/><U7/><E7/><V63/><F29/><W90/><G28/><T128/><D74/><U107/><E107/><V99/><F99/><W88/><G101/><T53/><D105/><U116/><E116/><V48/><F6/><W130/><G132/><T62/><D75/><U43/><E43/><V51/><F4/><W109/><G109/><T125/><D122/><U20/><E20/><V91/><F21/><W49/><G37/><T92/><D72/><U0/><E0/><V85/><F126/><W95/><G36/><T35/><D127/><U104/><E104/><V54/><F124/><RYUUKYOKU ba="0,1" sc="250,-15,302,15,198,15,240,-15" hai1="5,10,12,17,23,25,57,59,81,84,112,114,115" hai2="9,15,19,48,51,54,61,63,65,69,80,85,91" /><INIT seed="1,1,1,5,5,81" ten="235,317,213,225" oya="1" hai0="105,67,100,70,34,77,47,79,115,20,13,42,101" hai1="4,60,133,127,44,15,130,89,66,121,76,51,59" hai2="134,39,28,45,65,36,108,83,6,31,95,113,125" hai3="75,32,63,49,33,131,78,0,94,17,1,118,92"/><U61/><E121/><V107/><F107/><W124/><G131/><T93/><D34/><U116/><E116/><V96/><F108/><W128/><G128/><T122/><D105/><U69/><E130/><V52/><F134/><W74/><G118/><T12/><D115/><U21/><E133/><V18/><F113/><W114/><G114/><T3/><D3/><U25/><E127/><V106/><F106/><W71/><G124/><T119/><D119/><U50/><E76/><V35/><F125/><W90/><G49/><T5/><D122/><U80/><E15/><V64/><F6/><W103/><G103/><T97/><D100/><U111/><E4/><V56/><F35/><W26/><G17/><N who="0" m="10279" /><D67/><N who="2" m="25674" /><F45/><W11/><G71/><T30/><D30/><N who="2" m="11306" /><F36/><W110/><G110/><T91/><D70/><U132/><E44/><V112/><F39/><W109/><G33/><T73/><D101/><U72/><E132/><V2/><F2/><W37/><G37/><T102/><D102/><U7/><E7/><V24/><F112/><W46/><G32/><T129/><D73/><U82/><E111/><V85/><F95/><W55/><G75/><T68/><D68/><U57/><E69/><V27/><F18/><W84/><G74/><T8/><D129/><U19/><E72/><V22/><F96/><W135/><G109/><T43/><D47/><U10/><E19/><V123/><F22/><W53/><G46/><T23/><D23/><U86/><E21/><V40/><F123/><W126/><G135/><T62/><D62/><U104/><E104/><V9/><F9/><W88/><G126/><RYUUKYOKU ba="1,1" sc="235,30,317,-10,213,-10,225,-10" hai0="5,8,13,42,43,77,79,91,93,97" /><INIT seed="2,2,1,0,5,69" ten="265,307,203,215" oya="2" hai0="111,52,100,125,131,73,15,113,71,108,0,96,127" hai1="38,46,134,123,90,43,1,36,13,31,20,72,39" hai2="53,97,67,2,122,99,129,24,98,63,132,54,101" hai3="10,81,37,26,58,30,95,112,18,33,78,55,12"/><V28/><F122/><W93/><G112/><T66/><D0/><U117/><E117/><V105/><F2/><W3/><G3/><T94/><D113/><U5/><E123/><V103/><F129/><W40/><G40/><T133/><D73/><U29/><E72/><V56/><F132/><W107/><G107/><T124/><D133/><U85/><E134/><V128/><F128/><W119/><G119/><T16/><D131/><U104/><E104/><V62/><F105/><W65/><G65/><T59/><D66/><U25/><E1/><V17/><F17/><W9/><G9/><N who="0" m="6255" /><D71/><U114/><E114/><V42/><F42/><W126/><G126/><N who="0" m="32259" /><T86/><DORA hai="109" /><D86/><U35/><E31/><V50/><F54/><W82/><G37/><T11/><D11/><U135/><E135/><V8/><F8/><W44/><G44/><T34/><D34/><U41/><E41/><V115/><F115/><W14/><G14/><T121/><D121/><U68/><E68/><V83/><F83/><W79/><G82/><T92/><D92/><U7/><E35/><V51/><F101/><W60/><REACH who="3" step="1"/><G78/><REACH who="3" ten="265,307,203,205" step="2"/><T76/><D76/><U48/><E13/><V49/><F103/><W130/><G130/><T77/><D77/><U4/><E4/><V118/><F118/><W45/><G45/><T89/><D100/><U64/><E64/><V22/><F67/><W19/><G19/><T32/><D32/><U116/><E116/><V61/><AGARI ba="2,2" hai="22,24,28,49,50,51,53,56,61,62,63,97,98,99" machi="61" ten="40,3900,0" yaku="0,1,8,1" doraHai="69,109" who="2" fromWho="2" sc="265,-15,307,-15,203,65,205,-15" /><INIT seed="2,3,0,5,2,94" ten="250,292,268,190" oya="2" hai0="6,110,48,4,41,116,9,111,100,44,66,63,12" hai1="2,16,31,56,20,109,71,97,0,135,89,118,107" hai2="120,64,34,36,11,103,47,27,18,23,124,78,88" hai3="53,134,40,122,73,74,51,101,50,21,87,81,121"/><V119/><F119/><W19/><G134/><T85/><D116/><U90/><E118/><V105/><F120/><W129/><G129/><T80/><D100/><U112/><E71/><V98/><F124/><W126/><G126/><T104/><D104/><U10/><E112/><V3/><F34/><W15/><G40/><T49/><D49/><U131/><E31/><V130/><F130/><W92/><G73/><T45/><D45/><U55/><E131/><V59/><F78/><W5/><G5/><T70/><REACH who="0" step="1"/><D4/><REACH who="0" ten="240,292,268,190" step="2"/><U113/><E107/><N who="2" m="63991" /><F47/><W96/><G51/><T84/><D84/><U128/><E128/><V26/><F105/><W42/><G74/><T38/><D38/><U117/><E117/><V65/><F36/><W123/><G42/><T69/><D69/><U79/><E113/><V75/><F75/><W54/><REACH who="3" step="1"/><G50/><REACH who="3" ten="240,292,268,180" step="2"/><T115/><D115/><U13/><E135/><V91/><F59/><W60/><G60/><T106/><D106/><U28/><E56/><V86/><F86/><W29/><G29/><T72/><D72/><U32/><E28/><V61/><F61/><W76/><AGARI ba="3,2" hai="15,19,21,53,54,76,81,87,92,96,101,121,122,123" machi="76" ten="30,4000,0" yaku="1,1,0,1,52,1,53,0" doraHai="94" doraHaiUra="52" who="3" fromWho="3" sc="240,-13,292,-13,268,-23,180,69" /><INIT seed="3,0,0,5,2,86" ten="227,279,245,249" oya="3" hai0="16,73,42,18,11,117,21,14,119,107,89,100,81" hai1="124,57,13,101,122,34,76,41,102,111,9,39,35" hai2="71,131,7,129,130,92,15,26,4,23,50,59,52" hai3="69,64,127,96,47,60,30,19,126,61,70,58,8"/><W125/><G30/><T37/><D100/><U87/><E122/><V121/><F71/><W114/><G114/><T22/><D107/><U0/><E0/><V46/><F121/><W28/><G28/><T120/><D120/><U78/><E111/><V83/><F15/><N who="3" m="7655" /><G47/><T2/><D37/><U82/><E78/><V74/><F74/><W75/><G75/><T88/><D42/><U77/><E77/><V17/><F83/><W72/><G72/><T27/><D73/><U132/><E41/><V3/><F3/><W63/><G96/><T128/><D128/><U103/><E39/><V90/><F46/><W80/><G80/><T65/><D65/><U67/><E35/><V48/><F48/><W38/><G38/><T118/><REACH who="0" step="1"/><D81/><REACH who="0" ten="217,279,245,249" step="2"/><U56/><E67/><V94/><F94/><W32/><G64/><T55/><D55/><U99/><E82/><V31/><F31/><W43/><G43/><T6/><AGARI ba="0,1" hai="2,6,11,14,16,18,21,22,27,88,89,117,118,119" machi="6" ten="40,16000,3" yaku="1,1,0,1,52,2,54,2,53,2" doraHai="86" doraHaiUra="12" who="0" fromWho="0" sc="217,170,279,-40,245,-40,249,-80" owari="387,48.0,239,4.0,205,-19.0,169,-33.0" /></mjloggm>