<mjloggm ver="2.3"><GO type="97" lobby="0"/><UN n0="%E5%B6%BA%E4%B8%8A%E9%86%A4%40%E6%9D%8F%E6%9D%8F%E8%BB%8D%E5%9C%98" n1="%E5%B0%B1%E6%B4%BB%E7%94%9F%40%E5%B7%9D%E6%9D%91%E8%BB%8D%E5%9B%A3" n2="%54%61%6E%79" n3="%6E%65%77%6A%61%63%6B" dan="14,14,14,13" rate="1945.89,2005.29,1936.35,1929.14" sx="M,M,M,M"/><TAIKYOKU oya="0"/><INIT seed="0,0,0,5,2,134" ten="250,250,250,250" oya="0" hai0="86,87,84,1,22,93,70,9,92,73,125,64,63" hai1="18,3,133,59,89,34,88,29,52,116,107,124,58" hai2="108,5,11,69,130,79,35,40,37,49,110,82,102" hai3="41,109,83,118,97,77,126,90,36,106,53,120,7"/><T113/><D73/><U76/><E107/><V50/><F102/><W129/><G36/><T128/><D113/><U104/><E116/><V38/><F35/><W4/><G41/><T45/><D128/><U135/><E104/><V6/><F69/><W67/><G67/><T33/><D33/><U25/><E3/><V8/><F130/><W31/><G118/><T119/><D119/><U81/><E18/><V42/><F82/><W17/><G129/><T111/><D111/><U48/><E59/><V114/><REACH who="2" step="1"/><F79/><REACH who="2" ten="250,250,240,250" step="2"/><W51/><G77/><T62/><D70/><U72/><REACH who="1" step="1"/><E124/><REACH who="1" ten="250,240,240,250" step="2"/><V12/><F12/><W127/><G106/><T71/><D125/><N who="3" m="47625" /><G120/><T14/><D14/><U26/><E26/><V122/><F122/><W96/><G109/><T39/><D1/><U10/><E10/><V98/><F98/><W61/><G97/><T121/><D121/><U100/><E100/><V131/><F131/><W99/><G99/><T55/><D9/><U28/><E28/><V57/><F57/><N who="3" m="34991" /><G31/><T101/><D101/><U95/><E95/><V112/><AGARI ba="0,2" hai="5,6,8,11,37,38,40,42,49,50,108,110,112,114" machi="112" ten="25,6400,0" yaku="1,1,0,1,22,2,53,0" doraHai="134" doraHaiUra="23" who="2" fromWho="2" sc="250,-32,240,-16,240,84,250,-16" /><INIT seed="1,0,0,5,1,31" ten="218,224,324,234" oya="1" hai0="65,105,22,86,19,110,118,63,7,5,26,51,2" hai1="72,12,18,41,36,91,60,130,90,122,21,104,66" hai2="120,103,97,43,129,23,83,68,11,79,15,34,84" hai3="132,124,76,16,64,62,42,131,81,107,33,88,39"/><U96/><E122/><V116/><F120/><W50/><G39/><T119/><D105/><U6/><E72/><V78/><F116/><W54/><G42/><T89/><D51/><U9/><E130/><V4/><F68/><W29/><G107/><T24/><D110/><U3/><E41/><V125/><F125/><W70/><G124/><T126/><D126/><U37/><E91/><V71/><F71/><W69/><G69/><T27/><D118/><U10/><E10/><V112/><F112/><W52/><G131/><T106/><D106/><U133/><E133/><V135/><F135/><W98/><G132/><T95/><D119/><U111/><E111/><V20/><F129/><W32/><G29/><T57/><REACH who="0" step="1"/><D2/><REACH who="0" ten="208,224,324,234" step="2"/><U109/><E109/><V49/><F49/><W117/><G117/><T59/><D59/><U77/><E77/><V123/><F123/><W82/><G76/><T1/><D1/><U8/><E36/><V80/><F79/><W56/><G54/><T100/><D100/><U35/><E37/><V113/><F103/><W85/><G82/><T87/><D87/><U38/><E38/><V30/><F83/><W128/><G128/><T93/><D93/><N who="1" m="56375" /><E104/><V92/><F80/><W17/><REACH who="3" step="1"/><G98/><REACH who="3" ten="208,224,324,224" step="2"/><T55/><D55/><U108/><E108/><V14/><F97/><W0/><G0/><T102/><D102/><U67/><E3/><V75/><F78/><W44/><G44/><T115/><D115/><U127/><E127/><V121/><F113/><W73/><G73/><T46/><D46/><U58/><E67/><V40/><F121/><W61/><G61/><RYUUKYOKU ba="0,2" sc="208,15,224,-15,324,-15,224,15" hai0="5,7,19,22,24,26,27,57,63,65,86,89,95" hai3="16,17,32,33,50,52,56,62,64,70,81,85,88" /><INIT seed="2,1,2,1,5,49" ten="223,209,309,239" oya="2" hai0="25,80,113,79,39,44,117,45,20,106,97,121,41" hai1="11,108,101,102,92,15,54,94,22,104,6,64,7" hai2="114,61,2,83,125,17,30,4,27,32,132,31,134" hai3="67,57,131,75,86,78,70,33,116,24,119,69,12"/><V40/><F114/><W38/><G75/><T66/><D113/><U58/><E108/><V10/><F125/><W23/><G131/><T91/><D121/><U52/><E7/><V0/><F40/><W107/><G38/><T5/><D5/><U28/><E104/><V71/><F83/><W110/><G110/><T14/><D14/><U81/><E81/><V127/><F127/><W93/><G107/><T98/><D117/><U99/><E64/><V90/><F90/><W118/><G33/><T18/><D66/><U53/><E58/><V124/><F124/><W51/><G12/><T130/><D130/><U111/><E111/><V126/><F126/><W96/><G86/><T8/><D8/><U37/><E37/><V60/><F71/><W88/><G78/><T47/><D91/><N who="1" m="55711" /><E94/><V129/><F129/><W122/><G122/><T43/><D106/><U87/><E87/><V59/><F61/><W50/><G50/><T112/><D112/><U109/><E109/><V74/><F74/><W85/><G85/><N who="0" m="48287" /><D39/><U56/><E56/><V76/><F76/><W63/><REACH who="3" step="1"/><G51/><REACH who="3" ten="223,209,309,229" step="2"/><T73/><D73/><U95/><E95/><V16/><F32/><W115/><G115/><T42/><AGARI ba="1,3" hai="18,20,25,41,42,43,44,45,47,97,98" m="48287" machi="42" ten="30,1100,0" yaku="8,1" doraHai="49" who="0" fromWho="0" sc="223,44,209,-4,309,-6,229,-4" /><INIT seed="3,0,0,0,0,92" ten="267,205,303,225" oya="3" hai0="52,22,47,84,96,135,66,110,120,116,40,0,87" hai1="65,10,49,33,46,105,111,82,28,41,100,113,58" hai2="16,31,108,35,6,59,90,85,5,128,114,19,30" hai3="63,76,122,43,103,97,55,34,109,44,1,132,127"/><W101/><G122/><T7/><D120/><U89/><E113/><V61/><F114/><W130/><G130/><T107/><D116/><U124/><E111/><V81/><F108/><W26/><G132/><T68/><D110/><U18/><E124/><V37/><F37/><W115/><G127/><T12/><D135/><U98/><E33/><V94/><F128/><W48/><G109/><T78/><D0/><U57/><E28/><N who="2" m="10795" /><F35/><W71/><G115/><T131/><D52/><U38/><E65/><N who="2" m="39103" /><F81/><W42/><G1/><T91/><D131/><U134/><E134/><V93/><F93/><W64/><G76/><T2/><D2/><U27/><E38/><V125/><F125/><W79/><G79/><T95/><D107/><U72/><E72/><V9/><F9/><W117/><G117/><T24/><D68/><U112/><E112/><V51/><F51/><W25/><G103/><T80/><D66/><U77/><E77/><V23/><F19/><W54/><G54/><T106/><D106/><U67/><E67/><V104/><F104/><N who="3" m="63535" /><G26/><AGARI ba="0,0" hai="5,6,16,23,26,85,90,94" m="39103,10795" machi="26" ten="30,2000,0" yaku="8,1,54,1" doraHai="92" who="2" fromWho="3" sc="267,0,205,0,303,20,225,-20" owari="267,7.0,205,-19.0,323,41.0,205,-29.0" /></mjloggm>