<mjloggm ver="2.3"><GO type="169" lobby="0"/><UN n0="%72%6F%61%73%73%6F%32%38" n1="%E3%83%99%E3%82%BF%E3%82%AA%E3%83%AA%E3%82%B9%E3%82%AF" n2="%E4%B8%AD%E5%B1%B1%E9%87%8E%E8%8D%89" n3="%E3%82%A6%E3%83%AB%E3%83%88%E3%83%A9%E7%AB%8B%E7%9B%B4" dan="16,17,17,17" rate="2063.34,2193.20,2152.99,2181.31" sx="M,M,M,M"/><TAIKYOKU oya="0"/><INIT seed="0,0,0,2,5,90" ten="250,250,250,250" oya="0" hai0="109,39,4,12,100,1,118,68,22,35,13,82,56" hai1="29,113,48,5,76,129,37,74,116,52,36,25,123" hai2="47,125,77,89,111,27,38,61,54,128,14,88,69" hai3="62,130,72,132,70,87,134,75,33,122,17,67,104"/><T114/><D68/><U30/><E116/><V99/><F128/><W24/><G130/><T44/><D118/><U49/><E123/><V51/><F125/><W96/><G87/><T98/><D114/><U60/><E29/><V28/><F111/><W115/><G115/><T73/><D35/><U97/><E129/><V66/><F77/><W57/><G57/><T64/><D109/><U43/><E5/><V59/><F14/><W81/><G17/><T131/><D131/><U94/><E60/><V117/><F117/><W3/><G3/><T101/><D101/><U50/><E43/><N who="2" m="23031" /><F99/><W71/><G71/><T93/><D64/><U127/><E127/><V120/><F120/><W41/><G41/><N who="0" m="22591" /><D22/><AGARI ba="0,0" hai="22,27,28,51,54,59,61,66,69,88,89" m="23031" machi="22" ten="30,2000,0" yaku="24,1,54,1" doraHai="90" who="2" fromWho="0" sc="250,-20,250,0,250,20,250,0" /><INIT seed="1,0,0,3,5,120" ten="230,250,270,250" oya="1" hai0="54,88,5,1,90,73,93,112,99,21,91,17,12" hai1="130,33,66,53,122,39,92,42,30,128,118,6,8" hai2="52,34,107,63,62,27,87,60,69,78,67,51,86" hai3="25,124,72,3,129,83,104,24,22,64,68,131,125"/><U40/><E122/><V48/><F107/><W111/><G104/><T49/><D112/><U41/><E118/><V55/><F34/><W106/><G106/><T31/><D73/><U85/><E66/><V134/><F134/><W109/><G3/><T105/><D105/><U82/><E92/><V46/><F27/><W119/><G119/><T132/><D132/><U126/><E126/><N who="3" m="48746" /><G64/><T29/><D5/><U115/><E115/><V74/><F74/><W20/><G68/><T110/><D1/><U26/><E53/><V127/><F127/><W14/><G14/><T0/><D110/><N who="3" m="41993" /><G83/><T10/><D0/><U9/><E82/><V45/><F69/><W70/><G70/><T97/><D97/><U80/><E80/><V116/><F67/><W77/><G77/><T58/><D10/><U79/><E9/><V43/><F78/><W102/><G102/><AGARI ba="0,0" hai="12,17,21,29,31,49,54,58,88,90,91,93,99,102" machi="102" ten="40,2600,0" yaku="8,1,54,1" doraHai="120" who="0" fromWho="3" sc="230,26,250,0,270,0,250,-26" /><INIT seed="2,0,0,0,3,129" ten="256,250,270,224" oya="2" hai0="58,36,30,111,28,73,40,55,23,39,103,109,74" hai1="106,20,21,80,38,94,98,85,35,89,124,57,7" hai2="2,87,121,19,99,133,86,96,135,100,33,113,72" hai3="18,12,15,77,32,29,63,93,126,125,114,101,67"/><V16/><F121/><W104/><G114/><T8/><D103/><U44/><E35/><V37/><F113/><W53/><G77/><T91/><D8/><U102/><E124/><V108/><F72/><N who="0" m="27754" /><D40/><U6/><E57/><V24/><F2/><W69/><G53/><T128/><D23/><U76/><E38/><N who="0" m="14377" /><D91/><U14/><E44/><V34/><F37/><W60/><G93/><T132/><D128/><U62/><E62/><V5/><F5/><W68/><G15/><T119/><D119/><U9/><REACH who="1" step="1"/><E7/><REACH who="1" ten="256,240,270,224" step="2"/><V51/><F34/><W134/><G63/><T127/><D127/><U105/><E105/><V120/><F33/><W49/><G125/><T78/><D58/><U64/><E64/><V122/><F122/><W25/><G126/><T71/><D71/><U115/><E115/><V17/><F120/><W123/><G123/><T42/><D42/><U92/><E92/><V61/><F61/><W90/><G69/><T110/><D55/><U43/><E43/><V95/><F51/><W27/><G49/><T83/><D83/><U81/><E81/><V97/><F95/><W116/><G60/><T65/><D65/><U22/><E22/><V107/><F107/><W50/><G67/><T131/><D131/><U84/><AGARI ba="0,1" hai="6,9,14,20,21,76,80,84,85,89,94,98,102,106" machi="84" ten="20,2700,0" yaku="1,1,0,1,7,1,53,0" doraHai="129" doraHaiUra="47" who="1" fromWho="1" sc="256,-7,240,37,270,-13,224,-7" /><INIT seed="3,0,0,3,3,133" ten="249,277,257,217" oya="3" hai0="102,1,48,47,32,63,8,46,30,4,0,131,14" hai1="70,113,127,6,50,29,84,122,98,80,65,25,68" hai2="85,87,86,93,31,110,39,71,116,22,132,82,18" hai3="13,88,38,89,78,112,128,41,45,33,124,75,108"/><W40/><G112/><T56/><D131/><U34/><E122/><V36/><F71/><W125/><G33/><T76/><D102/><U55/><E113/><V67/><F67/><W96/><G128/><T126/><D126/><N who="3" m="48745" /><G108/><T92/><D47/><U54/><E127/><V106/><F110/><W100/><G13/><T28/><D76/><U81/><E65/><V83/><F132/><W62/><G62/><T94/><D0/><U52/><E50/><V103/><F39/><W95/><G41/><N who="0" m="24655" /><D1/><U90/><E6/><V2/><F2/><W9/><G9/><T73/><D73/><U43/><E43/><V120/><F120/><W130/><G130/><T37/><D32/><U23/><E34/><V114/><F114/><W115/><G115/><T129/><D37/><U101/><E81/><AGARI ba="0,0" hai="38,40,45,75,78,81,88,89,95,96,100" m="48745" machi="81" ten="30,12000,1" yaku="18,1,52,3,54,1" doraHai="133" who="3" fromWho="1" sc="249,0,277,-120,257,0,217,120" /><INIT seed="3,1,0,5,5,23" ten="249,157,257,337" oya="3" hai0="82,12,30,20,71,21,130,6,60,74,84,120,97" hai1="119,67,56,44,15,62,10,70,76,104,35,28,90" hai2="107,81,50,22,73,54,5,99,109,38,127,121,101" hai3="108,96,124,118,83,89,123,32,126,134,113,106,1"/><W49/><G49/><T68/><D120/><U117/><E104/><V3/><F121/><W41/><G41/><T43/><D74/><U128/><E76/><V16/><F127/><W111/><G1/><T31/><D43/><U34/><E128/><V45/><F109/><N who="3" m="42059" /><G32/><T135/><D130/><U131/><E131/><V52/><F38/><W33/><G33/><T29/><D97/><U7/><E44/><V100/><F100/><N who="3" m="62727" /><G123/><T39/><D135/><U88/><E35/><V36/><F36/><W93/><G113/><T94/><D39/><U77/><E77/><V114/><F114/><W69/><G69/><T8/><D94/><U116/><REACH who="1" step="1"/><E70/><REACH who="1" ten="249,147,257,337" step="2"/><V129/><F129/><W53/><G134/><T40/><D68/><U48/><E48/><V57/><F50/><W125/><G118/><T0/><D40/><U122/><E122/><V112/><F45/><W85/><G53/><T37/><D37/><U92/><E92/><AGARI ba="1,1" hai="83,85,89,92,93,124,125,126" m="62727,42059" machi="92" ten="40,12000,1" yaku="18,1,14,1,10,1,34,2" doraHai="23" who="3" fromWho="1" sc="249,0,147,-123,257,0,337,133" /><INIT seed="3,2,0,5,3,14" ten="249,24,257,470" oya="3" hai0="50,25,133,44,19,79,106,81,52,125,109,10,15" hai1="11,70,126,132,65,135,26,28,12,95,24,23,47" hai2="16,88,20,77,56,37,69,46,104,51,103,42,87" hai3="55,22,36,27,110,85,74,9,127,21,92,114,5"/><W1/><G114/><T117/><D117/><U13/><E70/><V2/><F2/><W71/><G74/><T43/><D106/><U113/><E65/><V119/><F119/><W33/><G127/><T49/><D125/><U53/><E126/><V97/><F69/><W17/><G36/><T131/><D131/><U0/><E113/><V34/><F34/><W124/><G124/><T61/><D109/><U4/><E95/><V118/><F118/><W40/><G40/><T3/><D133/><U38/><E26/><V111/><F111/><W29/><G110/><T45/><D61/><U59/><E47/><V31/><F31/><W107/><G107/><T76/><D3/><U128/><E38/><V67/><F77/><W86/><G71/><T30/><D81/><U68/><E68/><V8/><F8/><W98/><G55/><T60/><D60/><U90/><E90/><V99/><F37/><W39/><G22/><AGARI ba="2,0" hai="10,15,19,22,25,30,43,44,45,49,50,52,76,79" machi="22" ten="30,7700,0" yaku="7,1,8,1,52,1,54,1" doraHai="14" who="0" fromWho="3" sc="249,83,24,0,257,0,470,-83" /><INIT seed="4,0,0,5,1,114" ten="332,24,257,387" oya="0" hai0="43,20,34,66,24,25,92,129,49,83,112,88,76" hai1="101,75,30,97,35,106,91,113,130,56,85,22,110" hai2="4,69,95,98,28,93,124,68,100,71,2,27,10" hai3="45,39,131,51,119,31,40,63,116,133,5,41,7"/><T77/><D112/><U122/><E113/><V42/><F124/><W55/><G31/><T104/><D104/><U109/><E75/><V57/><F42/><N who="3" m="22751" /><G5/><T67/><D129/><U26/><E122/><V72/><F72/><W8/><G8/><T96/><D34/><U86/><E130/><V50/><F50/><W78/><G78/><N who="0" m="30315" /><D83/><U94/><E86/><V15/><F57/><N who="3" m="33023" /><G7/><T123/><D123/><U127/><E127/><V132/><F132/><W84/><G84/><T9/><D9/><U105/><E105/><V80/><F80/><W79/><G79/><T117/><D117/><N who="3" m="45129" /><G133/><T73/><D73/><U90/><E35/><V3/><F93/><W14/><G14/><T38/><D25/><U125/><E125/><V103/><F103/><W44/><G131/><T87/><D87/><U37/><E91/><V11/><F11/><W82/><G82/><T64/><D20/><U121/><E22/><V17/><F4/><W99/><G99/><T33/><D24/><U111/><E26/><V21/><AGARI ba="0,0" hai="2,3,10,15,17,21,27,28,68,69,71,95,98,100" machi="21" ten="30,1100,0" yaku="0,1" doraHai="114" who="2" fromWho="2" sc="332,-5,24,-3,257,11,387,-3" /><INIT seed="5,0,0,0,1,95" ten="327,21,268,384" oya="1" hai0="16,123,44,53,61,97,102,64,75,76,110,8,126" hai1="10,48,98,72,114,128,39,22,2,46,85,60,103" hai2="116,119,113,51,94,56,37,42,17,52,120,38,9" hai3="14,30,57,43,115,109,20,71,3,81,121,78,4"/><U125/><E72/><V23/><F120/><W133/><G71/><T86/><D110/><U104/><E39/><V74/><F74/><W108/><G121/><T105/><D123/><U40/><E114/><V36/><F113/><W19/><G115/><T100/><D126/><U26/><E125/><V96/><F9/><W66/><G133/><T83/><D102/><U7/><E128/><V27/><REACH who="2" step="1"/><F42/><REACH who="2" ten="327,21,258,384" step="2"/><W111/><G43/><T70/><D75/><U11/><E11/><V99/><F99/><W69/><G109/><T135/><D135/><U132/><E132/><V28/><F28/><W41/><G30/><T18/><REACH who="0" step="1"/><D8/><REACH who="0" ten="317,21,258,384" step="2"/><U54/><E85/><V15/><F15/><W88/><G14/><T89/><D89/><AGARI ba="0,2" hai="17,23,27,36,37,38,51,52,56,89,94,96,116,119" machi="89" ten="40,5200,0" yaku="1,1,52,1,54,1,53,0" doraHai="95" doraHaiUra="79" who="2" fromWho="0" sc="317,-52,21,0,258,72,384,0" /><INIT seed="6,0,0,3,3,68" ten="265,21,330,384" oya="2" hai0="45,128,33,16,86,66,120,88,84,53,61,80,118" hai1="90,34,89,122,15,100,79,28,125,46,48,7,85" hai2="93,5,19,24,23,39,78,70,81,106,123,31,94" hai3="72,52,38,63,95,127,108,133,13,27,11,82,51"/><V8/><F106/><W111/><G38/><T36/><D120/><U74/><E125/><V59/><F70/><W21/><G127/><T32/><D128/><U132/><E122/><V92/><F123/><W1/><G1/><T30/><D118/><U58/><E132/><V54/><F39/><W91/><G133/><T83/><D53/><U113/><E113/><V126/><F126/><W40/><G40/><T107/><D107/><U50/><E100/><V131/><F131/><W10/><G10/><T29/><D32/><U114/><E114/><V9/><F31/><W69/><G82/><T17/><D45/><U42/><E74/><V35/><F35/><W65/><G72/><T110/><D110/><U77/><E28/><N who="0" m="10857" /><D36/><U60/><E34/><V0/><F8/><W87/><G27/><T62/><D33/><U47/><E7/><V97/><F78/><W103/><G103/><T56/><D62/><U3/><E3/><V67/><F81/><W57/><G21/><T64/><D66/><U73/><E73/><V25/><F25/><W20/><G20/><T22/><D22/><U104/><E104/><V112/><F67/><W2/><G2/><T26/><D26/><U102/><E15/><V119/><F119/><W43/><G43/><T71/><D71/><U44/><E102/><N who="2" m="60711" /><F112/><W14/><G14/><T76/><AGARI ba="0,0" hai="16,17,56,61,64,76,80,83,84,86,88" m="10857" machi="76" ten="30,4000,0" yaku="8,1,54,2" doraHai="68" who="0" fromWho="0" sc="265,40,21,-10,330,-20,384,-10" /><INIT seed="7,0,0,2,3,1" ten="305,11,310,374" oya="3" hai0="3,16,69,135,10,63,27,72,96,109,54,78,98" hai1="55,87,50,43,70,117,125,115,8,24,119,38,5" hai2="92,95,83,121,81,26,19,32,107,11,7,74,31" hai3="47,106,85,46,53,128,23,113,130,101,108,52,68"/><W34/><G34/><T90/><D109/><U12/><E70/><V123/><F107/><W58/><G68/><T84/><D135/><U105/><E105/><V114/><F19/><W111/><G113/><T64/><D72/><U116/><E115/><V97/><F114/><W103/><G85/><T91/><D78/><U73/><E73/><V110/><F110/><W2/><G23/><T71/><D71/><U22/><E125/><V67/><F67/><W42/><G58/><T77/><D77/><U13/><E43/><V75/><F75/><W59/><G59/><T61/><D90/><U9/><E38/><V37/><F37/><W76/><G42/><T44/><D27/><U104/><E87/><V25/><F25/><W94/><G2/><T126/><D126/><U49/><E104/><V35/><F35/><W129/><G130/><T20/><D20/><U30/><E55/><V15/><F92/><W88/><G94/><T33/><D33/><U65/><E65/><V122/><REACH who="2" step="1"/><F74/><REACH who="2" ten="305,11,300,374" step="2"/><W80/><G106/><T14/><D3/><U0/><E0/><V18/><F18/><AGARI ba="0,1" hai="5,8,9,12,13,18,22,24,30,49,50,116,117,119" machi="18" ten="40,2600,0" yaku="12,1,52,1" doraHai="1" who="1" fromWho="2" sc="305,0,11,36,300,-26,374,0" owari="305,11.0,47,-45.0,274,-13.0,374,47.0" /></mjloggm>