<mjloggm ver="2.3"><GO type="169" lobby="0"/><UN n0="%E2%80%A0%58%54%45%4E%44%E2%80%A0" n1="%E5%B0%B1%E6%B4%BB%E7%94%9F%40%E5%B7%9D%E6%9D%91%E8%BB%8D%E5%9B%A3" n2="%6D%61%74%69%67%75%73%61" n3="%74%61%6E%69%6D%6F%40" dan="17,17,16,16" rate="2166.20,2209.42,2117.57,2090.72" sx="F,M,M,M"/><TAIKYOKU oya="0"/><INIT seed="0,0,0,1,0,79" ten="250,250,250,250" oya="0" hai0="51,69,40,72,101,78,63,77,94,58,115,117,99" hai1="126,107,120,74,112,7,14,92,13,52,95,116,67" hai2="91,109,56,114,80,132,86,6,76,35,123,127,21" hai3="31,47,22,29,3,134,1,102,88,26,57,28,60"/><T55/><D117/><U20/><E107/><V122/><F35/><W32/><G134/><T75/><D115/><U64/><E74/><V48/><F114/><W71/><G71/><T17/><D69/><U54/><E112/><V45/><F132/><W135/><G135/><T59/><D40/><U110/><E110/><V37/><F109/><W89/><G102/><T128/><D128/><U108/><E108/><V104/><F104/><W68/><G68/><T34/><D34/><U53/><E116/><V100/><F100/><W15/><G32/><T36/><D36/><U62/><E126/><V12/><F37/><W93/><G15/><T23/><D75/><U24/><E120/><V111/><F111/><W18/><G47/><T8/><D8/><N who="1" m="4255" /><E14/><V10/><F127/><W65/><REACH who="3" step="1"/><G89/><REACH who="3" ten="250,250,250,240" step="2"/><T27/><REACH who="0" step="1"/><D72/><REACH who="0" ten="240,250,250,240" step="2"/><U121/><E121/><V119/><F119/><W113/><G113/><T125/><D125/><U61/><E61/><V105/><F123/><W46/><G46/><T90/><D90/><U129/><E129/><V50/><F122/><W87/><AGARI ba="0,2" hai="1,3,18,22,26,28,29,31,57,60,65,87,88,93" machi="87" ten="30,4000,0" yaku="1,1,0,1,54,1,53,0" doraHai="79" doraHaiUra="66" who="3" fromWho="3" sc="240,-20,250,-10,250,-10,240,60" /><INIT seed="1,0,0,4,2,65" ten="220,240,240,300" oya="1" hai0="35,83,88,55,114,46,60,127,49,15,112,133,1" hai1="68,38,115,58,85,99,59,123,32,70,109,63,45" hai2="102,66,126,105,54,121,107,12,64,36,67,16,117" hai3="18,19,3,14,2,103,78,86,81,134,50,6,116"/><U53/><E32/><V84/><F117/><W106/><G134/><T79/><D1/><U113/><E99/><V73/><F73/><W25/><G116/><T122/><D35/><U29/><E29/><V82/><F121/><W17/><G6/><T57/><D133/><U20/><E20/><V10/><F126/><W75/><G25/><T40/><D127/><U94/><E94/><V97/><F36/><W56/><G3/><T120/><D15/><U11/><E11/><V74/><F74/><W69/><G69/><N who="1" m="26730" /><E85/><V27/><F54/><W101/><G2/><T104/><D104/><U8/><E8/><V77/><REACH who="2" step="1"/><F27/><REACH who="2" ten="220,240,230,300" step="2"/><W87/><G75/><T51/><D122/><U124/><E123/><V24/><F24/><W21/><G19/><T108/><D120/><U34/><E124/><V125/><F125/><W48/><G18/><T62/><D55/><N who="1" m="34271" /><E34/><V135/><F135/><W47/><G17/><T52/><D114/><U31/><E31/><V5/><F5/><W33/><G33/><T95/><D112/><U9/><E9/><V118/><F118/><W131/><G21/><T37/><D83/><U72/><E72/><V39/><F39/><W111/><G81/><T96/><D37/><U26/><E26/><V44/><F44/><W23/><G47/><T98/><D46/><U100/><E109/><V89/><F89/><W91/><G91/><T22/><D88/><U92/><E45/><V13/><F13/><W128/><G14/><T90/><D90/><U4/><E38/><V129/><F129/><W119/><G111/><T80/><D108/><U76/><E113/><RYUUKYOKU ba="0,1" sc="220,-10,240,-10,230,30,300,-10" hai2="10,12,16,64,66,67,77,82,84,97,102,105,107" /><INIT seed="2,1,1,5,1,135" ten="210,230,260,290" oya="2" hai0="18,86,91,26,52,98,19,123,78,115,15,132,39" hai1="128,60,99,59,114,93,2,38,73,71,51,58,40" hai2="47,100,41,10,119,16,55,121,103,30,96,29,87" hai3="82,46,130,131,49,54,23,44,95,69,84,37,35"/><V66/><F119/><W22/><G35/><T27/><D115/><U124/><E114/><V13/><F121/><W70/><G95/><T56/><D123/><U90/><E73/><V43/><F66/><W85/><G85/><T8/><D39/><U111/><E2/><V102/><F96/><W1/><G1/><T72/><D132/><U107/><E107/><V122/><F122/><W125/><G125/><T83/><D19/><U17/><E71/><V92/><F55/><W113/><G113/><T116/><D116/><U21/><E38/><V45/><F92/><W80/><G37/><T134/><D134/><U36/><E36/><V63/><F63/><W57/><G57/><T31/><D31/><N who="2" m="11786" /><F87/><W65/><G65/><T6/><D6/><U64/><E128/><N who="3" m="49194" /><G46/><AGARI ba="1,1" hai="10,13,16,41,43,45,46,47,100,102,103" m="11786" machi="46" ten="30,2900,0" yaku="8,1,54,1" doraHai="135" who="2" fromWho="3" sc="210,0,230,0,260,42,290,-32" /><INIT seed="2,2,0,3,0,100" ten="210,230,302,258" oya="2" hai0="49,29,110,88,2,112,77,94,21,123,18,76,134" hai1="28,32,101,39,47,124,37,45,35,33,132,65,19" hai2="43,130,78,85,34,128,97,8,62,69,90,4,54" hai3="83,7,131,16,50,66,86,119,5,80,46,82,15"/><V0/><F34/><W98/><G119/><T117/><D112/><U103/><E28/><V108/><F43/><W109/><G109/><T99/><D123/><U135/><E65/><V56/><F78/><W72/><G72/><T127/><D2/><U55/><E55/><V59/><F69/><W64/><G98/><T113/><D113/><U24/><E24/><V91/><F108/><W114/><G114/><T11/><D110/><U122/><E19/><V40/><F40/><W84/><G66/><T92/><D127/><U111/><E111/><V6/><F6/><N who="3" m="2059" /><G64/><T53/><D134/><N who="1" m="51243" /><E124/><V58/><F97/><W93/><G93/><T75/><D75/><U79/><E79/><V61/><F58/><W22/><G131/><N who="2" m="50217" /><F85/><W44/><G44/><N who="1" m="16970" /><E122/><V9/><F9/><W20/><G20/><T13/><D11/><U30/><E30/><V89/><F59/><W115/><G115/><T126/><D126/><U60/><E60/><AGARI ba="2,0" hai="0,4,8,54,56,60,61,62,89,90,91" m="50217" machi="60" ten="30,1500,0" yaku="19,1" doraHai="100" who="2" fromWho="1" sc="210,0,230,-21,302,21,258,0" /><INIT seed="2,3,0,2,2,125" ten="210,209,323,258" oya="2" hai0="87,15,6,33,119,37,46,10,51,94,55,79,118" hai1="77,5,92,36,7,43,68,49,16,81,86,34,89" hai2="41,63,47,25,59,72,29,102,126,127,54,18,48" hai3="11,44,61,66,82,80,12,35,30,121,113,131,4"/><V135/><F72/><W24/><G121/><T97/><D33/><U65/><E34/><V2/><F2/><W62/><G113/><T116/><D37/><U134/><E36/><V83/><F18/><W96/><G44/><T117/><N who="0" m="29696" /><DORA hai="100" /><T9/><D9/><U110/><E110/><V99/><F83/><W85/><G131/><T95/><REACH who="0" step="1"/><D97/><REACH who="0" ten="200,209,323,258" step="2"/><U23/><E134/><V13/><F135/><W17/><G96/><T57/><D57/><U132/><E132/><V73/><F127/><W84/><G4/><T56/><D56/><U26/><E68/><V64/><F126/><W14/><G35/><T111/><D111/><U38/><E38/><V128/><F99/><W107/><G84/><T52/><D52/><U88/><E65/><V124/><F124/><W120/><G85/><T115/><D115/><U91/><E92/><V76/><F64/><W67/><G67/><T109/><D109/><U8/><E8/><V32/><F54/><W45/><G66/><T50/><D50/><U40/><E40/><V104/><F59/><W28/><G11/><T71/><D71/><U20/><E20/><V112/><F112/><W58/><G58/><T75/><D75/><U22/><E23/><V93/><F73/><W106/><G62/><T39/><D39/><U101/><E43/><V1/><F63/><W27/><G61/><T53/><D53/><U0/><E0/><V70/><F1/><W69/><G69/><T98/><D98/><U60/><E49/><V74/><F70/><W42/><G42/><T133/><D133/><U114/><E114/><V130/><F41/><RYUUKYOKU ba="3,1" sc="200,30,209,-10,323,-10,258,-10" hai0="6,10,15,46,51,55,79,87,94,95" /><INIT seed="3,4,1,3,3,61" ten="230,199,313,248" oya="3" hai0="99,119,76,97,104,135,124,74,24,117,134,84,45" hai1="11,108,50,26,0,28,56,87,68,5,121,126,123" hai2="127,125,89,82,38,86,73,33,98,91,130,92,107" hai3="70,52,111,49,114,71,101,23,25,30,53,116,3"/><W41/><G3/><T90/><D45/><U106/><E68/><V15/><F33/><W51/><G116/><N who="0" m="44619" /><D24/><U43/><E106/><V58/><F38/><W72/><G114/><T62/><D62/><U132/><E126/><N who="2" m="48139" /><F58/><W110/><G72/><T9/><D9/><U16/><E132/><N who="0" m="50729" /><D124/><U54/><E108/><N who="3" m="41514" /><G101/><T18/><D18/><U14/><E87/><V67/><F15/><W2/><G2/><T22/><D22/><U40/><E121/><V94/><F73/><W105/><G105/><T65/><D65/><U120/><E120/><V118/><F118/><W36/><G36/><T102/><D99/><U66/><E66/><V10/><F67/><W78/><G78/><T44/><D44/><U63/><E123/><V81/><F98/><W85/><G85/><T115/><D115/><U21/><REACH who="1" step="1"/><E63/><REACH who="1" ten="230,189,313,248" step="2"/><V131/><F86/><W59/><G41/><T19/><D74/><U112/><E112/><V32/><F107/><W8/><G8/><AGARI ba="4,2" hai="0,5,8,11,14,16,21,26,28,40,43,50,54,56" machi="8" ten="30,3900,0" yaku="1,1,7,1,54,1,53,0" doraHai="61" doraHaiUra="133" who="1" fromWho="3" sc="230,0,189,71,313,0,248,-51" /><INIT seed="4,0,0,2,2,103" ten="230,260,313,197" oya="0" hai0="72,60,0,10,48,76,126,56,118,46,1,9,55" hai1="105,132,133,108,26,5,107,127,29,49,93,123,31" hai2="59,78,53,24,99,102,51,41,101,18,61,66,111" hai3="100,94,129,112,115,85,117,65,92,30,13,33,27"/><T11/><D118/><U95/><E108/><V119/><F111/><W14/><G117/><T113/><D113/><U82/><E123/><V17/><F119/><W43/><G129/><T32/><D32/><U114/><E5/><V109/><F109/><W4/><G43/><T44/><D126/><U62/><E127/><V75/><F75/><W122/><G65/><T96/><D46/><U106/><E114/><N who="3" m="43562" /><G122/><T120/><D120/><U110/><E110/><V38/><F78/><W67/><G67/><T89/><D72/><U63/><E49/><V79/><F79/><W15/><G4/><T21/><D76/><U71/><E82/><V8/><F102/><W2/><G2/><T52/><REACH who="0" step="1"/><D21/><REACH who="0" ten="220,260,313,197" step="2"/><U3/><E3/><V88/><F38/><W73/><G73/><T58/><D58/><U91/><E71/><V40/><F59/><W54/><G33/><T19/><D19/><U81/><E31/><V25/><F17/><W42/><G30/><T22/><D22/><U84/><E29/><V87/><F18/><W20/><G20/><T36/><D36/><U97/><E26/><V50/><F24/><W39/><G27/><T12/><D12/><U16/><E16/><V104/><F25/><W70/><G13/><T23/><D23/><U74/><E63/><V80/><F61/><W121/><G121/><T135/><D135/><N who="1" m="51787" /><E62/><V37/><F37/><W90/><G70/><T35/><D35/><U134/><E134/><V6/><F50/><W47/><G54/><T83/><D83/><U34/><E34/><V45/><F66/><W57/><G57/><T131/><D131/><RYUUKYOKU ba="0,1" sc="220,10,260,-30,313,10,197,10" hai0="0,1,9,10,11,44,48,52,55,56,60,89,96" hai2="6,8,40,41,45,51,53,80,87,88,99,101,104" hai3="14,15,39,42,47,85,90,92,94,100" /><INIT seed="4,1,1,1,3,118" ten="230,230,323,207" oya="0" hai0="133,28,73,104,77,75,115,35,91,22,76,98,45" hai1="87,49,19,20,116,13,101,38,80,27,18,132,124" hai2="17,117,57,7,0,113,135,74,93,62,108,65,44" hai3="83,2,29,92,15,88,84,70,125,109,61,129,33"/><T51/><D35/><U25/><E38/><V121/><F74/><W90/><G2/><T107/><D115/><U71/><E116/><V103/><F117/><W40/><G109/><T69/><D69/><U64/><E124/><V97/><F108/><W67/><G40/><T85/><D133/><U100/><E132/><V50/><F135/><W63/><G125/><T10/><D10/><N who="1" m="6455" /><E71/><V46/><F0/><W96/><G129/><T32/><D32/><U126/><E126/><V114/><F7/><W1/><G1/><T120/><D75/><U66/><E27/><V48/><F17/><W36/><G36/><T94/><D120/><U105/><E105/><V16/><F121/><W23/><G33/><T8/><D8/><U6/><E49/><N who="2" m="19051" /><F16/><N who="3" m="10655" /><G70/><T24/><D73/><U31/><E31/><V4/><F4/><W110/><G110/><T43/><REACH who="0" step="1"/><D104/><REACH who="0" ten="220,230,323,207" step="2"/><U47/><E6/><V12/><F114/><W130/><G130/><T37/><D37/><U127/><E127/><V11/><F113/><W14/><G29/><T5/><D5/><U68/><E68/><V21/><F11/><W95/><G14/><T128/><D128/><U52/><E20/><V30/><F12/><W72/><G72/><T122/><D122/><U55/><E25/><AGARI ba="1,2" hai="21,25,30,44,46,57,62,65,93,97,103" m="19051" machi="25" ten="30,2000,0" yaku="25,1,8,1" doraHai="118" who="2" fromWho="1" sc="220,0,230,-23,323,43,207,0" /><INIT seed="5,0,0,5,0,96" ten="220,207,366,207" oya="1" hai0="38,55,92,45,117,12,17,34,0,87,125,22,16" hai1="48,50,135,57,108,94,13,95,134,11,100,77,54" hai2="128,101,79,118,67,102,37,42,40,91,89,31,27" hai3="68,14,43,121,115,71,7,114,53,106,126,1,56"/><U83/><E108/><V19/><F37/><W62/><G121/><T78/><D0/><U69/><E69/><V122/><F122/><W105/><G1/><T132/><D34/><U25/><E25/><V10/><F118/><W30/><G30/><T28/><D117/><U26/><E26/><V73/><F73/><W9/><G43/><N who="2" m="16425" /><F128/><W88/><G126/><T124/><D28/><U35/><E35/><V74/><F74/><W58/><G71/><T47/><D38/><U59/><E59/><V36/><F36/><W49/><G68/><T70/><D132/><N who="1" m="50731" /><E50/><V33/><F33/><W129/><G129/><T20/><D70/><U97/><E94/><V107/><F107/><W127/><G127/><N who="0" m="48715" /><D55/><U6/><E83/><V63/><F79/><AGARI ba="0,0" hai="6,11,13,48,54,57,77,79,95,97,100" m="50731" machi="79" ten="30,2900,0" yaku="20,1,52,1" doraHai="96" who="1" fromWho="2" sc="220,0,207,29,366,-29,207,0" /><INIT seed="5,1,0,4,4,124" ten="220,236,337,207" oya="1" hai0="97,118,74,94,91,90,126,80,60,93,67,18,25" hai1="127,31,30,46,44,128,120,59,43,72,17,5,12" hai2="45,95,78,3,53,99,130,32,86,63,123,96,66" hai3="117,8,87,108,103,106,105,121,15,73,16,75,113"/><U41/><E120/><V135/><F3/><W65/><G121/><T49/><D118/><U6/><E72/><V109/><F32/><W134/><G108/><T24/><D126/><U61/><E127/><V131/><F123/><W14/><G117/><T129/><D49/><U98/><E98/><V111/><F135/><W42/><G42/><N who="1" m="15882" /><E128/><N who="2" m="49195" /><F53/><W2/><G65/><T36/><D36/><U62/><E31/><V69/><F45/><N who="1" m="17513" /><E30/><V132/><F132/><W115/><G2/><T102/><D74/><U19/><E61/><V104/><F104/><W23/><G75/><T50/><D60/><U48/><E48/><V4/><F4/><N who="1" m="1641" /><E12/><V0/><F0/><W20/><G73/><T13/><D50/><U55/><AGARI ba="1,0" hai="17,19,55,59,62" m="1641,17513,15882" machi="55" ten="30,1500,0" yaku="8,1" doraHai="124" who="1" fromWho="1" sc="220,-6,236,18,337,-6,207,-6" /><INIT seed="5,2,0,2,2,57" ten="214,254,331,201" oya="1" hai0="66,23,41,31,104,134,95,5,53,78,34,3,50" hai1="61,127,126,113,17,133,105,102,89,54,109,0,14" hai2="130,55,42,100,123,98,62,47,16,86,93,76,27" hai3="108,85,64,117,91,26,32,28,56,84,121,29,69"/><U75/><E0/><V11/><F123/><W110/><G121/><T111/><D111/><U35/><E35/><V20/><F130/><W2/><G2/><T25/><D104/><U90/><E75/><V82/><F11/><W125/><G125/><N who="1" m="47626" /><E113/><V52/><REACH who="2" step="1"/><F62/><REACH who="2" ten="214,254,321,201" step="2"/><W80/><G110/><T88/><D3/><U43/><E109/><V37/><AGARI ba="2,1" hai="16,20,27,37,42,47,52,55,76,82,86,93,98,100" machi="37" ten="20,12000,2" yaku="1,1,2,1,0,1,7,1,54,2,53,1" doraHai="57" doraHaiUra="81" who="2" fromWho="2" sc="214,-32,254,-62,321,136,201,-32" /><INIT seed="6,0,0,2,4,84" ten="182,192,457,169" oya="2" hai0="98,45,12,0,49,7,113,118,63,80,21,46,1" hai1="99,115,18,13,129,119,27,59,62,71,6,58,66" hai2="96,35,43,77,97,127,11,102,26,34,67,114,50" hai3="24,48,89,124,20,112,135,116,122,108,92,100,47"/><V51/><F11/><W40/><G108/><T30/><D113/><U22/><E119/><V32/><F26/><W55/><G122/><T65/><D118/><U10/><E115/><V130/><F67/><W88/><G124/><T105/><D80/><U75/><E75/><V3/><F77/><W4/><G135/><T123/><D123/><U57/><E129/><V133/><F43/><W16/><G116/><T39/><D39/><U68/><E68/><V37/><F37/><W109/><G109/><T19/><D30/><U107/><E107/><V93/><F93/><W128/><G128/><T78/><D78/><U14/><E99/><V117/><F34/><W25/><G4/><T134/><D134/><U23/><E71/><V82/><F96/><N who="3" m="59399" /><G112/><T29/><D29/><AGARI ba="0,0" hai="6,10,13,14,18,22,23,27,29,57,58,59,62,66" machi="29" ten="30,2000,0" yaku="7,1,8,1" doraHai="84" who="1" fromWho="0" sc="182,-20,192,20,457,0,169,0" /><INIT seed="7,0,0,5,5,119" ten="162,212,457,169" oya="3" hai0="5,96,131,71,60,130,50,94,0,125,6,19,51" hai1="68,90,86,120,77,127,91,26,72,112,88,116,33" hai2="57,107,16,24,7,109,32,83,70,25,110,36,8" hai3="98,44,69,40,79,13,28,106,17,78,39,22,82"/><W93/><G69/><T27/><D125/><U133/><E120/><V117/><F70/><W41/><G106/><T103/><D19/><U113/><E68/><V85/><F117/><W2/><G2/><T52/><D27/><U62/><E62/><V15/><F36/><W123/><G40/><T46/><D51/><U128/><E128/><N who="0" m="49193" /><D0/><U29/><E133/><V9/><F107/><W42/><G42/><T115/><D115/><N who="1" m="44107" /><E127/><V97/><F97/><W102/><G123/><T118/><D118/><U122/><E122/><V105/><F105/><W35/><REACH who="3" step="1"/><G82/><REACH who="3" ten="162,212,457,159" step="2"/><T48/><D48/><U4/><E116/><V92/><F83/><W80/><G80/><T67/><AGARI ba="0,1" hai="5,6,46,50,52,60,67,71,94,96,103" m="49193" machi="67" ten="30,2000,0" yaku="19,1,54,1" doraHai="119" who="0" fromWho="0" sc="162,30,212,-5,457,-5,159,-10" owari="192,-21.0,207,1.0,452,55.0,149,-35.0" /></mjloggm>