<mjloggm ver="2.3"><GO type="97" lobby="0"/><UN n0="%E5%A4%A9%E8%A1%8C%E8%80%85" n1="%74%74%65%72" n2="%E5%B0%B1%E6%B4%BB%E7%94%9F%40%E5%B7%9D%E6%9D%91%E8%BB%8D%E5%9B%A3" n3="%44%48%4B" dan="13,15,16,14" rate="1927.62,1946.30,2069.04,1965.01" sx="M,M,M,M"/><TAIKYOKU oya="0"/><INIT seed="0,0,0,4,3,45" ten="250,250,250,250" oya="0" hai0="29,111,135,113,15,86,101,39,123,80,119,102,116" hai1="132,50,0,9,58,88,2,37,118,100,23,47,108" hai2="8,63,14,105,71,92,44,125,81,106,56,77,4" hai3="13,27,64,133,66,68,43,49,73,7,17,59,98"/><T67/><D39/><U131/><E118/><V20/><F125/><W82/><G68/><T41/><D123/><U62/><E37/><V52/><F71/><W24/><G7/><T87/><D113/><U115/><E100/><V22/><F92/><W85/><G73/><T31/><D41/><U57/><E108/><V10/><F10/><W79/><G98/><T28/><D67/><N who="3" m="25641" /><G133/><T70/><D135/><U54/><E132/><V84/><REACH who="2" step="1"/><F44/><REACH who="2" ten="250,250,240,250" step="2"/><N who="3" m="25759" /><G59/><T40/><D70/><U25/><E115/><V53/><F53/><W134/><G134/><T96/><D119/><U83/><E131/><V117/><F117/><W18/><G18/><T103/><D116/><U36/><E57/><V114/><F114/><W5/><G5/><T127/><D127/><U94/><E9/><AGARI ba="0,1" hai="9,13,17,24,27,79,82,85" m="25759,25641" machi="9" ten="30,2000,0" yaku="8,1,52,1" doraHai="45" who="3" fromWho="1" sc="250,0,250,-20,240,0,250,30" /><INIT seed="1,0,0,1,2,54" ten="250,230,240,280" oya="1" hai0="0,85,128,107,39,67,116,114,87,63,113,94,109" hai1="20,32,105,117,112,45,111,43,127,101,24,22,57" hai2="51,6,3,125,27,16,4,33,34,124,95,13,42" hai3="123,131,37,61,84,60,59,36,10,62,29,76,70"/><U8/><E117/><V35/><F42/><W69/><G29/><T96/><D116/><U49/><E112/><V135/><F135/><W21/><G21/><T53/><D0/><U75/><E75/><V80/><F80/><W23/><G23/><T78/><D39/><N who="3" m="14921" /><G10/><T38/><D53/><U18/><E32/><V104/><F104/><W46/><G84/><T56/><D38/><U93/><E105/><V129/><F129/><W74/><G76/><T118/><D118/><U40/><E40/><V65/><F65/><W99/><G99/><T134/><D128/><U102/><E8/><N who="2" m="6183" /><F51/><W25/><G25/><T14/><D134/><U106/><E106/><V88/><F27/><W133/><G123/><T97/><D109/><U26/><E111/><V108/><F3/><W48/><G74/><T41/><D14/><U12/><E127/><N who="2" m="48715" /><F108/><W55/><G131/><T119/><D119/><U122/><E122/><V83/><F83/><W31/><G31/><T68/><D107/><U121/><E121/><V86/><AGARI ba="0,0" hai="4,6,33,34,35,86,88,95" m="48715,6183" machi="86" ten="40,5200,0" yaku="18,1,54,2" doraHai="54" who="2" fromWho="2" sc="250,-13,230,-26,240,52,280,-13" /><INIT seed="2,0,0,2,2,26" ten="237,204,292,267" oya="2" hai0="38,44,107,108,133,111,3,17,22,109,70,48,29" hai1="75,119,40,47,129,120,53,60,84,8,116,92,20" hai2="106,36,15,78,94,125,5,52,124,73,6,126,55" hai3="45,99,96,112,4,63,95,18,23,83,50,62,90"/><V37/><F106/><W128/><G128/><T68/><D38/><N who="2" m="14954" /><F94/><W121/><G121/><T43/><D107/><U118/><E75/><V9/><F5/><W69/><G69/><T58/><D3/><U34/><E129/><V77/><F73/><W59/><G4/><T46/><D46/><U49/><E34/><V14/><F14/><W81/><G112/><T122/><D122/><U86/><E120/><V57/><F55/><N who="3" m="34175" /><G63/><AGARI ba="0,0" hai="6,9,15,52,57,63,77,78,124,125,126" m="14954" machi="63" ten="40,3900,0" yaku="18,1,54,1" doraHai="26" who="2" fromWho="3" sc="237,0,204,0,292,39,267,-39" /><INIT seed="2,1,0,4,5,34" ten="237,204,331,228" oya="2" hai0="21,31,128,77,115,90,111,120,15,8,64,36,71" hai1="100,112,60,82,132,91,44,2,0,3,89,88,22" hai2="118,108,65,23,121,134,33,66,93,42,4,62,101" hai3="17,76,107,123,67,12,75,95,11,37,13,52,48"/><V54/><F33/><W109/><G107/><T122/><D36/><U135/><E112/><V87/><F118/><W96/><G37/><T105/><D115/><U72/><E100/><V74/><F74/><W25/><G67/><T94/><D105/><U39/><E22/><V113/><F121/><W130/><G130/><T127/><D77/><U18/><E18/><V41/><F113/><W79/><G75/><T98/><D128/><U97/><E60/><V51/><F4/><W45/><G109/><T14/><D111/><U6/><E97/><V126/><F126/><W29/><G12/><T46/><D127/><U104/><E104/><V73/><F73/><W40/><G40/><T57/><D71/><U56/><E56/><V55/><F134/><N who="1" m="51241" /><E72/><V38/><F38/><W119/><G119/><T28/><D46/><U7/><E82/><V9/><F9/><W110/><G123/><T114/><D114/><U69/><E69/><V117/><F117/><W43/><G43/><AGARI ba="1,0" hai="0,2,3,6,7,39,43,44,88,89,91" m="51241" machi="43" ten="40,8000,1" yaku="20,1,52,3,54,1" doraHai="34" who="1" fromWho="3" sc="237,0,204,83,331,0,228,-83" /><INIT seed="3,0,0,1,1,124" ten="237,287,331,145" oya="3" hai0="119,101,65,102,125,81,48,59,52,133,97,89,79" hai1="15,62,99,86,95,126,38,32,58,67,108,21,5" hai2="2,54,129,71,41,66,9,91,105,3,14,22,46" hai3="114,117,74,12,37,73,53,42,27,11,113,122,103"/><W132/><G103/><T40/><D119/><U20/><E32/><V134/><F105/><W106/><G53/><T57/><D125/><U17/><E126/><V111/><F134/><W75/><G106/><T109/><D133/><U25/><E38/><V23/><F111/><W55/><G132/><T85/><D109/><U64/><E108/><V131/><F54/><W128/><G55/><T118/><D40/><U7/><E64/><V51/><F91/><W1/><G27/><T35/><D35/><U107/><E86/><V94/><F94/><W76/><G117/><T6/><D6/><U39/><E39/><V69/><F23/><W68/><G68/><T82/><D97/><U13/><E13/><V63/><F22/><W110/><G110/><T47/><D118/><U31/><E107/><V90/><F90/><W121/><G12/><T4/><D4/><U61/><E61/><V93/><F93/><W80/><G128/><N who="2" m="49225" /><F71/><W24/><G24/><T70/><D70/><U100/><AGARI ba="0,0" hai="5,7,15,17,20,21,25,31,58,62,67,95,99,100" machi="100" ten="20,8000,1" yaku="0,1,7,1,25,2,8,1" doraHai="124" who="1" fromWho="1" sc="237,-20,287,80,331,-20,145,-40" owari="217,-18.0,367,46.0,311,11.0,105,-39.0" /></mjloggm>