<mjloggm ver="2.3"><GO type="225" lobby="0"/><UN n0="%E3%82%81%E3%81%8C%EF%BC%93" n1="%E3%83%88%E3%83%88%E3%83%AA%E5%85%88%E7%94%9F%31%39%E6%AD%B3" n2="%E8%BF%A6%E9%99%B5%E9%A0%BB%E4%BC%BD" n3="%E6%B4%BE%E9%81%A3%E3%81%AE%E3%82%B8%E3%83%A3%E3%83%83%E3%82%AF" dan="16,18,17,17" rate="2072.55,2187.36,2107.66,2194.88" sx="M,F,F,M"/><TAIKYOKU oya="0"/><INIT seed="0,0,0,5,3,15" ten="250,250,250,250" oya="0" hai0="49,26,114,97,48,126,132,8,54,99,11,33,118" hai1="3,66,74,109,44,117,104,63,71,43,59,103,17" hai2="32,83,128,122,94,91,13,93,101,14,73,79,6" hai3="125,7,98,12,121,40,107,106,50,133,21,77,41"/><T76/><D118/><U82/><E117/><V61/><F122/><W102/><G121/><T100/><D114/><U70/><E3/><V47/><F32/><W28/><G125/><T113/><D113/><U119/><E119/><V68/><F101/><W123/><G123/><T69/><D69/><U134/><E109/><V45/><F128/><W16/><G133/><T24/><D126/><U4/><E4/><V65/><F94/><W42/><G77/><T27/><D76/><U78/><E134/><V108/><F108/><W46/><G28/><T30/><D132/><U55/><E103/><V31/><F31/><W10/><REACH who="3" step="1"/><G107/><REACH who="3" ten="250,250,250,240" step="2"/><T9/><D30/><U95/><E104/><V0/><F0/><AGARI ba="0,1" hai="0,7,10,12,16,21,40,41,42,46,50,98,102,106" machi="0" ten="30,8000,1" yaku="1,1,2,1,7,1,52,1,54,1,53,0" doraHai="15" doraHaiUra="67" who="3" fromWho="2" sc="250,0,250,0,250,-80,240,90" /><INIT seed="1,0,0,3,4,48" ten="250,250,170,330" oya="1" hai0="116,64,75,10,58,120,93,83,38,104,100,122,18" hai1="92,123,62,2,20,29,94,17,78,61,82,66,45" hai2="21,26,67,119,63,74,46,98,105,34,124,27,5" hai3="8,53,86,44,81,60,103,49,52,23,22,134,50"/><U132/><E123/><N who="0" m="47145" /><D116/><U68/><E2/><V111/><F111/><W89/><G134/><T73/><D38/><U97/><E132/><V1/><F119/><W57/><G103/><T4/><D104/><U71/><E29/><V9/><F74/><W110/><G110/><T11/><D83/><U51/><E97/><V79/><F79/><W125/><G125/><T130/><D130/><U28/><E28/><V87/><F124/><W59/><G8/><T84/><D18/><U126/><E126/><V47/><F87/><W106/><G106/><T70/><D70/><U55/><E62/><V15/><F34/><W85/><G85/><T117/><D117/><U115/><E71/><V101/><F1/><W36/><G36/><T135/><D135/><U129/><E129/><V39/><F39/><W30/><G30/><T109/><D109/><U41/><E115/><V113/><F113/><W112/><G112/><T128/><D128/><U24/><REACH who="1" step="1"/><E41/><AGARI ba="0,0" hai="22,23,41,44,49,50,52,53,57,59,60,81,86,89" machi="41" ten="30,8000,1" yaku="7,1,8,1,52,2,54,1" doraHai="48" who="3" fromWho="1" sc="250,0,250,-80,170,0,330,80" /><INIT seed="2,0,0,0,3,79" ten="250,170,170,410" oya="2" hai0="55,73,18,42,25,102,116,49,11,117,47,82,113" hai1="98,70,85,125,22,115,126,66,111,132,86,101,63" hai2="15,104,71,122,81,96,99,51,107,119,134,17,28" hai3="78,26,41,92,72,106,59,9,13,109,53,89,80"/><V114/><F114/><W32/><G109/><T69/><D69/><U83/><E115/><V31/><F119/><N who="0" m="45642" /><D113/><U0/><E0/><V123/><F71/><W2/><G26/><T103/><D42/><U48/><E111/><V37/><F37/><W112/><G92/><T95/><D95/><N who="1" m="58591" /><E132/><V97/><F134/><W110/><G59/><T3/><D3/><U6/><E6/><V129/><F129/><W27/><G9/><T4/><D4/><U39/><E39/><V88/><F107/><W44/><G89/><T118/><D118/><U75/><E22/><N who="2" m="11583" /><F104/><W105/><G44/><T62/><D62/><U64/><E64/><V30/><F123/><W124/><G32/><T67/><D67/><U57/><E48/><V34/><F122/><W135/><G2/><T46/><D46/><U40/><E40/><V94/><F34/><W29/><G27/><T74/><D82/><U131/><E131/><V93/><F51/><W5/><G112/><T23/><D11/><U10/><E10/><V108/><F108/><W127/><G110/><T120/><D120/><U8/><E8/><V36/><F36/><W56/><G135/><T35/><D35/><U65/><E65/><V68/><F68/><W121/><G121/><T12/><D25/><U91/><E70/><V14/><F14/><W133/><G29/><N who="2" m="7425" /><V38/><DORA hai="24" /><F38/><W19/><G133/><T1/><D1/><U90/><E75/><AGARI ba="0,0" hai="12,18,23,47,49,55,73,74,75,102,103" m="45642" machi="75" ten="30,1000,0" yaku="12,1" doraHai="79,24" who="0" fromWho="1" sc="250,10,170,-10,170,0,410,0" /><INIT seed="3,0,0,2,4,96" ten="260,160,170,410" oya="3" hai0="10,54,29,12,119,50,7,22,0,116,75,122,86" hai1="107,105,103,48,38,135,49,85,82,132,113,18,134" hai2="94,40,17,6,110,74,63,89,42,53,95,61,5" hai3="79,91,80,8,9,57,65,32,21,47,112,125,90"/><W76/><G90/><T66/><D122/><U13/><E113/><V43/><F110/><W93/><G57/><T131/><D75/><U52/><E38/><V68/><F74/><W34/><G21/><T24/><D131/><U123/><E123/><V16/><F68/><W127/><G93/><N who="2" m="35337" /><F89/><W30/><G47/><T56/><D0/><U118/><E118/><V19/><F53/><W121/><G80/><T69/><D86/><U55/><E55/><V11/><F11/><W129/><G30/><T128/><D128/><U130/><E130/><V70/><F70/><W71/><G91/><T35/><D35/><U111/><E111/><V20/><F20/><W84/><G84/><T133/><D133/><U27/><E27/><V120/><F120/><W114/><G121/><T2/><D2/><U33/><E33/><V39/><F39/><W92/><G71/><T97/><D69/><U72/><E72/><V14/><F14/><W23/><G23/><T51/><D66/><U41/><E103/><V25/><F25/><W67/><G92/><T45/><D24/><U78/><E49/><V109/><F109/><W126/><G126/><T98/><D51/><U62/><E62/><AGARI ba="0,0" hai="5,6,16,17,19,40,42,43,61,62,63" m="35337" machi="62" ten="40,8000,1" yaku="28,2,8,1,54,1" doraHai="96" who="2" fromWho="1" sc="260,0,160,-80,170,80,410,0" owari="260,6.0,80,-42.0,250,-15.0,410,51.0" /></mjloggm>