<mjloggm ver="2.3"><GO type="169" lobby="0"/><UN n0="%E5%83%95%E3%83%A2%E3%83%8E%E3%82%AF%E3%83%9E%E3%81%86%E3%81%B7%E3%81%B7" n1="%E3%81%9F%E3%81%8B%E3%81%AA%E3%81%97%E3%81%B2%E3%81%AA%EF%BC%93%E6%89%8D" n2="%E3%82%A6%E3%83%AB%E3%83%88%E3%83%A9%E7%AB%8B%E7%9B%B4" n3="%53%69%6D%6F%6F%6E" dan="16,16,17,17" rate="2337.01,2102.86,2170.61,2155.01" sx="M,F,M,M"/><TAIKYOKU oya="0"/><INIT seed="0,0,0,0,0,97" ten="250,250,250,250" oya="0" hai0="103,60,38,70,127,29,120,58,64,108,77,114,4" hai1="34,25,24,124,10,51,107,91,36,83,6,90,113" hai2="18,89,80,121,105,102,0,14,19,2,13,11,135" hai3="63,126,84,129,69,99,123,86,40,53,104,21,67"/><T110/><D4/><U125/><E36/><V66/><F66/><W56/><G126/><N who="1" m="48746" /><E107/><V16/><F121/><W45/><G129/><T106/><D127/><U118/><E118/><V119/><F119/><W132/><G132/><T5/><D120/><U128/><E128/><V62/><F62/><W49/><G123/><T75/><D38/><U15/><E113/><V3/><F135/><W32/><G21/><T68/><D114/><U116/><E116/><V117/><F117/><W76/><G76/><T57/><D5/><U100/><E51/><V115/><F115/><W35/><G35/><T37/><D37/><U12/><E15/><V74/><F14/><W101/><REACH who="3" step="1"/><G32/><REACH who="3" ten="250,250,250,240" step="2"/><T48/><D77/><U82/><E34/><V93/><F74/><W61/><AGARI ba="0,1" hai="40,45,49,53,56,61,63,67,69,84,86,99,101,104" machi="61" ten="20,12000,2" yaku="1,1,2,1,0,1,7,1,52,1,53,1" doraHai="97" doraHaiUra="47" who="3" fromWho="3" sc="250,-60,250,-30,250,-30,240,130" /><INIT seed="1,0,0,5,2,116" ten="190,220,220,370" oya="1" hai0="13,76,101,120,125,74,94,15,2,106,52,83,124" hai1="62,67,99,54,51,58,45,31,75,122,117,98,79" hai2="42,109,82,4,7,104,70,133,28,10,47,87,85" hai3="105,14,135,123,134,43,44,93,128,69,38,91,0"/><U49/><E117/><V92/><F104/><W50/><G0/><T95/><D2/><U108/><E108/><V84/><F70/><W6/><G105/><T37/><D37/><U55/><E122/><V12/><F109/><W89/><G123/><T3/><D3/><U56/><E75/><V64/><F64/><W32/><G32/><T86/><D120/><U1/><E1/><V9/><F28/><W126/><G69/><T97/><D13/><U22/><REACH who="1" step="1"/><E79/><REACH who="1" ten="190,210,220,370" step="2"/><V36/><F133/><W27/><G134/><T61/><D74/><U119/><E119/><V29/><F85/><W66/><G135/><T113/><D86/><U59/><E59/><V78/><F87/><W100/><G126/><T73/><D124/><U40/><E40/><V20/><F84/><W21/><G43/><T118/><D125/><U57/><E57/><V26/><F42/><W88/><G44/><T18/><D118/><U16/><E16/><V39/><F47/><W114/><G114/><T71/><D113/><U81/><E81/><V25/><F82/><W110/><G110/><T63/><D71/><U130/><E130/><V96/><F78/><W30/><G6/><T77/><D77/><U102/><E102/><V41/><F41/><W46/><G100/><T17/><D17/><U131/><E131/><V33/><F39/><W111/><G38/><T53/><D18/><U60/><E60/><V103/><F36/><W90/><G128/><T80/><D76/><U107/><E107/><V129/><F129/><W5/><G111/><T127/><D127/><U11/><E11/><N who="2" m="4223" /><F4/><W115/><G5/><RYUUKYOKU ba="0,1" sc="190,-15,210,15,220,15,370,-15" hai1="22,31,45,49,51,54,55,56,58,62,67,98,99" hai2="9,10,20,25,26,29,33,92,96,103" /><INIT seed="1,1,1,4,2,49" ten="175,225,235,355" oya="1" hai0="2,19,15,130,79,72,44,123,120,104,55,111,60" hai1="32,78,87,118,7,103,74,94,110,101,126,46,68" hai2="50,47,21,107,84,77,13,102,66,54,18,64,91" hai3="58,73,71,70,53,135,67,62,90,17,1,105,97"/><U82/><E68/><V36/><F36/><W42/><G73/><T35/><D111/><U3/><E32/><V51/><F77/><W116/><G1/><T81/><D130/><U113/><E113/><V88/><F102/><W93/><G105/><T112/><D112/><U6/><E118/><V134/><F107/><W92/><G135/><T80/><D2/><U133/><E133/><V48/><F134/><W22/><G42/><T40/><D35/><U114/><E114/><V83/><F51/><W95/><G116/><T56/><D81/><U115/><E115/><V132/><F132/><W34/><G34/><T125/><D104/><U25/><E126/><V28/><F28/><W75/><G75/><T20/><REACH who="0" step="1"/><D125/><REACH who="0" ten="165,225,235,355" step="2"/><U122/><E110/><V27/><F27/><W89/><G97/><T96/><D96/><U65/><E25/><V52/><F91/><W29/><G89/><T127/><D127/><U24/><E24/><V11/><F21/><W8/><G90/><T119/><D119/><U14/><E3/><V33/><F33/><W76/><G76/><T128/><D128/><U59/><E78/><V23/><F23/><W38/><G22/><T129/><D129/><U16/><E82/><V109/><F109/><W31/><G31/><T108/><D108/><U39/><E101/><V43/><F43/><W106/><G29/><T12/><D12/><U98/><E103/><V131/><F131/><W61/><G106/><T86/><D86/><U57/><E14/><V45/><AGARI ba="1,2" hai="11,13,18,45,47,48,50,52,54,64,66,83,84,88" machi="45" ten="20,16000,3" yaku="0,1,7,1,9,1,25,2,8,1,52,2,54,2" doraHai="49" who="2" fromWho="2" sc="165,-41,225,-81,235,183,355,-41" /><INIT seed="2,0,0,1,5,122" ten="124,144,418,314" oya="2" hai0="45,0,58,88,96,48,76,40,72,108,110,103,44" hai1="21,114,57,113,13,120,63,132,100,87,46,95,36" hai2="9,84,91,56,67,51,116,23,20,80,85,29,111" hai3="82,59,81,17,135,27,77,79,32,38,6,92,109"/><V15/><F116/><W60/><G38/><T134/><D0/><U1/><E1/><V105/><F105/><W131/><G131/><T61/><D134/><U117/><E117/><V53/><F29/><W18/><G135/><T90/><D45/><U86/><E120/><V101/><F101/><W73/><G6/><T123/><D123/><U94/><E132/><V16/><F67/><W7/><G7/><T112/><D112/><U69/><E69/><V71/><F71/><W41/><G41/><T30/><D30/><U75/><E75/><V74/><F74/><W102/><G27/><T127/><D127/><U12/><E46/><V78/><F111/><N who="0" m="42538" /><D76/><U37/><E100/><V99/><F99/><W133/><G32/><T49/><D49/><U10/><E63/><V129/><F129/><W128/><G128/><T98/><D72/><U66/><E57/><V118/><F118/><W26/><G59/><T11/><D11/><U119/><E119/><V31/><F31/><W2/><G133/><T28/><D28/><U62/><E62/><V64/><F64/><W89/><G60/><T4/><D4/><U8/><E66/><V130/><F130/><W65/><G65/><N who="0" m="39095" /><D98/><U3/><E3/><V24/><F24/><W43/><G26/><T42/><D42/><U47/><E47/><V126/><F126/><W93/><G43/><T70/><D70/><U121/><E121/><V124/><F124/><W5/><G109/><T125/><D125/><U52/><E52/><V35/><F35/><W50/><G73/><T83/><D83/><AGARI ba="0,0" hai="9,15,16,20,23,51,53,56,78,80,83,84,85,91" machi="83" ten="30,5800,0" yaku="7,1,8,1,54,1" doraHai="122" who="2" fromWho="0" sc="124,-58,144,0,418,58,314,0" /><INIT seed="2,1,0,0,4,49" ten="66,144,476,314" oya="2" hai0="99,61,17,81,53,59,43,128,39,5,30,119,2" hai1="73,106,102,50,41,121,97,26,87,98,113,114,74" hai2="130,3,20,100,60,67,4,83,46,44,8,131,25" hai3="48,63,16,105,108,7,120,116,77,117,70,133,75"/><V132/><F132/><W103/><G48/><T127/><D128/><N who="2" m="49194" /><F83/><W19/><G63/><T125/><D119/><U10/><E26/><V11/><F11/><W14/><G103/><T135/><D135/><U18/><E121/><V78/><F78/><W34/><G14/><T88/><D30/><U134/><E41/><V47/><F100/><W38/><G7/><T12/><D5/><U107/><E50/><V54/><F44/><W65/><G77/><T86/><D2/><U129/><E18/><V42/><F42/><W40/><G40/><T71/><D71/><U104/><E10/><V76/><F76/><W37/><G37/><T126/><D99/><N who="1" m="61535" /><E129/><V124/><F124/><W101/><G70/><T118/><D118/><U110/><E134/><V66/><F47/><W94/><G133/><T29/><D29/><U90/><E110/><V24/><F24/><W57/><G108/><T92/><D81/><N who="1" m="49519" /><E114/><V91/><F25/><W31/><G116/><T109/><D109/><U0/><E0/><V13/><F13/><W96/><G117/><T112/><D112/><U123/><E123/><V122/><F122/><W1/><G1/><T72/><D72/><N who="1" m="27755" /><E113/><V6/><F6/><W51/><G120/><T45/><REACH who="0" step="1"/><D126/><REACH who="0" ten="56,144,476,314" step="2"/><U56/><E56/><N who="2" m="34839" /><F4/><W22/><G31/><T95/><D95/><U64/><E98/><V80/><F3/><W55/><G96/><T62/><D62/><U9/><E97/><V115/><F115/><W36/><G34/><T35/><D35/><U58/><E106/><V111/><F111/><W84/><G105/><T27/><D27/><U32/><E107/><RYUUKYOKU ba="1,1" sc="56,30,144,-10,476,-10,314,-10" hai0="12,17,39,43,45,53,59,61,86,88,92,125,127" /><INIT seed="3,2,1,5,3,121" ten="86,134,466,304" oya="3" hai0="76,112,85,77,87,46,45,100,6,127,90,110,65" hai1="66,74,111,126,47,27,62,84,92,25,58,113,0" hai2="37,72,108,71,81,36,67,116,96,23,49,95,134" hai3="97,5,115,86,109,50,129,16,53,101,2,125,11"/><W80/><G115/><T31/><D112/><U24/><E113/><V44/><F116/><W133/><G125/><T7/><D127/><U57/><E74/><V103/><F67/><W89/><G133/><T22/><D65/><U82/><E126/><V14/><F71/><W32/><G32/><T51/><D100/><U99/><E0/><V70/><F70/><W13/><G129/><T73/><D73/><U41/><E111/><V69/><F69/><W128/><G109/><T35/><D35/><U17/><E58/><V88/><F134/><W59/><G128/><T94/><D110/><U114/><E114/><V132/><F132/><W38/><G38/><T42/><D46/><U106/><E106/><V1/><F1/><W75/><G75/><T15/><D87/><U61/><E61/><V18/><F108/><W39/><G39/><T28/><D28/><U54/><E54/><V4/><F4/><N who="0" m="1578" /><D15/><U52/><E66/><V26/><F14/><W102/><REACH who="3" step="1"/><G97/><REACH who="3" ten="86,134,466,294" step="2"/><T55/><D42/><U118/><E118/><V29/><F37/><W107/><G107/><T93/><D93/><U120/><E41/><V91/><F36/><W117/><G117/><T12/><D12/><U10/><E92/><V123/><F72/><W68/><G68/><T79/><D94/><U119/><E119/><V98/><F98/><W135/><G135/><T48/><D85/><U83/><E99/><V105/><F105/><W60/><G60/><T20/><D48/><N who="1" m="28703" /><E84/><N who="2" m="50191" /><F49/><W122/><G122/><T64/><D51/><U34/><E120/><V19/><F123/><W3/><G3/><T78/><D64/><RYUUKYOKU ba="2,2" sc="86,-10,134,-10,466,-10,294,30" hai3="2,5,11,13,16,50,53,59,80,86,89,101,102" /><INIT seed="3,3,2,0,3,45" ten="76,124,456,324" oya="3" hai0="57,47,55,14,96,50,65,75,5,38,34,89,28" hai1="79,64,33,37,44,80,113,63,104,100,130,53,72" hai2="60,131,2,91,81,46,115,32,43,20,68,6,25" hai3="18,42,29,66,102,76,78,90,74,19,4,111,23"/><W77/><G74/><T0/><D75/><U107/><E113/><V112/><F32/><W126/><G102/><T105/><D0/><U120/><E120/><V121/><F6/><W3/><G3/><T51/><D38/><U127/><E127/><V108/><F2/><W73/><G73/><T54/><D65/><U8/><E130/><V83/><F83/><W40/><G126/><T101/><D89/><U135/><E135/><V94/><F81/><W93/><G4/><T30/><REACH who="0" step="1"/><D34/><REACH who="0" ten="66,124,456,324" step="2"/><U41/><E33/><V48/><F121/><W85/><G66/><T12/><D12/><U10/><E53/><V56/><F131/><W1/><G1/><T103/><D103/><U134/><E134/><V49/><F108/><W106/><G111/><T52/><D52/><U27/><E27/><V21/><F112/><W70/><G70/><T132/><D132/><U24/><E24/><V110/><F68/><W117/><G117/><T71/><D71/><U61/><E64/><N who="2" m="38919" /><F25/><N who="3" m="16575" /><G106/><T31/><D31/><U59/><E104/><V84/><F110/><W124/><G124/><T114/><D114/><U58/><E107/><V119/><F115/><W82/><G82/><T16/><D16/><AGARI ba="3,3" hai="16,18,19,40,42,76,77,78,85,90,93" m="16575" machi="16" ten="30,2900,0" yaku="8,1,54,1" doraHai="45" who="3" fromWho="0" sc="66,-38,124,0,456,0,324,68" /><INIT seed="3,4,0,2,0,73" ten="28,124,456,392" oya="3" hai0="12,88,41,64,59,40,81,119,8,24,47,90,67" hai1="116,127,19,101,118,57,115,107,122,44,55,51,128" hai2="129,86,97,126,15,121,56,70,58,60,102,82,87" hai3="117,85,93,104,113,98,78,34,66,80,11,39,35"/><W69/><G117/><T0/><D119/><N who="1" m="45611" /><E107/><V36/><F36/><W134/><G39/><T110/><D0/><U32/><E32/><V45/><F70/><W75/><G113/><T89/><D110/><U95/><E115/><V28/><F58/><W106/><G134/><T5/><D24/><U37/><E122/><V99/><F45/><W1/><G104/><T84/><D59/><U91/><E127/><V23/><F99/><W33/><G11/><T94/><D41/><N who="1" m="22575" /><E128/><V123/><F129/><W79/><G1/><T2/><D2/><U6/><E6/><V132/><F15/><W63/><G106/><T43/><D43/><U29/><E29/><V9/><F9/><W52/><G52/><T17/><D17/><U50/><E19/><V72/><F132/><W7/><G7/><T26/><D26/><U54/><E101/><V108/><F126/><W111/><G111/><T68/><D68/><U14/><E14/><V30/><F108/><W25/><G25/><T16/><D5/><U62/><E54/><V131/><F30/><W27/><G27/><T22/><D8/><U112/><E112/><V48/><F28/><W76/><REACH who="3" step="1"/><G75/><REACH who="3" ten="28,124,456,382" step="2"/><T13/><D13/><U83/><E55/><V10/><F72/><W18/><G18/><T100/><D40/><U4/><E4/><V20/><F10/><W42/><G42/><T53/><D53/><U105/><E51/><V49/><F123/><W103/><AGARI ba="4,1" hai="33,34,35,63,66,69,76,78,79,80,85,93,98,103" machi="103" ten="30,12000,1" yaku="1,1,0,1,52,3,53,0" doraHai="73" doraHaiUra="46" who="3" fromWho="3" sc="28,-44,124,-44,456,-44,382,142" owari="-16,-52.0,80,-32.0,412,21.0,524,63.0" /></mjloggm>