<mjloggm ver="2.3"><GO type="97" lobby="0"/><UN n0="%E5%B0%B1%E6%B4%BB%E7%94%9F%40%E5%B7%9D%E6%9D%91%E8%BB%8D%E5%9B%A3" n1="%E6%A1%9C%E7%AB%9C%E2%80%A0%E3%82%BF%E3%83%9E" n2="%E3%82%B9%E3%83%AB%E3%83%A1" n3="%74%72%69%63%6B%79" dan="14,14,14,14" rate="2001.31,2009.74,1930.26,1928.28" sx="M,F,M,M"/><TAIKYOKU oya="0"/><INIT seed="0,0,0,1,4,3" ten="250,250,250,250" oya="0" hai0="35,131,17,24,70,101,92,8,29,109,36,111,124" hai1="10,4,90,81,18,125,68,98,52,88,96,51,45" hai2="78,75,117,57,105,69,30,25,7,135,2,102,128" hai3="79,104,32,73,41,114,82,14,0,37,119,121,42"/><T115/><D70/><U21/><E125/><V60/><F57/><W49/><G119/><T97/><D36/><U62/><E68/><V63/><F117/><W123/><G114/><T13/><D115/><U93/><E62/><V1/><F135/><W110/><G110/><N who="0" m="41995" /><D131/><U34/><E34/><N who="2" m="20815" /><F128/><W47/><G32/><T118/><D118/><U106/><E106/><V20/><F20/><W76/><G104/><T9/><D124/><U113/><E113/><V65/><F60/><W61/><G61/><T23/><AGARI ba="0,0" hai="8,9,13,17,23,24,29,35,92,97,101" m="41995" machi="23" ten="30,3000,0" yaku="14,1,10,1" doraHai="3" who="0" fromWho="0" sc="250,30,250,-10,250,-10,250,-10" /><INIT seed="0,1,0,1,0,106" ten="280,240,240,240" oya="0" hai0="79,93,5,75,70,88,81,118,31,102,9,46,21" hai1="63,120,73,3,34,6,38,20,14,52,101,16,40" hai2="8,42,22,125,24,98,103,97,110,67,41,57,15" hai3="86,122,104,135,123,72,128,4,0,84,109,119,100"/><T36/><D118/><U13/><E120/><N who="3" m="46122" /><G0/><T28/><D70/><U32/><E101/><V133/><F110/><W49/><G4/><T48/><D102/><U64/><E13/><V107/><F133/><W127/><G49/><T66/><D66/><U132/><E132/><V85/><F125/><W50/><G50/><T112/><D21/><U116/><E116/><V91/><F97/><N who="3" m="61455" /><G135/><T108/><D108/><U45/><E73/><V35/><F35/><W69/><G69/><T54/><D36/><U89/><E89/><V44/><F44/><W121/><G109/><T90/><D112/><U96/><E96/><V126/><F126/><W114/><G127/><T129/><D129/><U23/><E23/><V27/><F27/><W19/><G19/><T62/><D62/><U61/><E61/><V29/><F57/><W39/><G39/><T95/><D90/><U105/><E105/><V74/><F67/><W131/><G119/><T60/><D60/><U33/><E52/><V12/><F12/><W2/><G2/><T43/><D43/><U68/><REACH who="1" step="1"/><E33/><REACH who="1" ten="280,230,240,240" step="2"/><V55/><F55/><W77/><G121/><T134/><D134/><U7/><E7/><V53/><F53/><W113/><G72/><T99/><D95/><U76/><E76/><V130/><F74/><W117/><G77/><T25/><D25/><U124/><E124/><V78/><F78/><W115/><G117/><T92/><D92/><U11/><AGARI ba="1,1" hai="3,6,11,14,16,20,32,34,38,40,45,63,64,68" machi="11" ten="30,4000,0" yaku="1,1,0,1,54,1,53,0" doraHai="106" doraHaiUra="47" who="1" fromWho="1" sc="280,-21,230,53,240,-11,240,-11" /><INIT seed="1,0,0,5,4,0" ten="259,283,229,229" oya="1" hai0="16,13,98,85,119,87,4,48,54,3,112,120,91" hai1="115,5,27,17,71,65,109,6,104,62,15,7,107" hai2="121,113,35,52,116,51,105,74,29,124,76,126,26" hai3="59,96,23,46,83,41,125,92,106,122,22,44,117"/><U50/><E115/><V118/><F121/><W75/><G122/><T99/><D112/><U2/><E2/><V100/><F113/><W110/><G117/><T38/><D38/><U24/><E109/><V132/><F132/><W64/><G110/><T88/><D119/><U36/><E36/><V63/><F63/><W72/><G106/><T129/><D3/><U18/><E50/><V133/><F133/><W19/><G72/><T37/><D37/><U45/><E45/><V81/><F100/><W97/><G125/><N who="2" m="48233" /><F105/><W89/><G41/><T94/><D4/><U80/><E80/><V103/><F103/><W42/><G42/><T108/><D129/><U12/><E107/><V31/><F31/><W40/><G97/><T39/><D39/><U60/><E104/><V20/><F35/><W11/><G11/><N who="0" m="6207" /><D108/><U53/><E53/><V127/><N who="2" m="48241" /><V47/><AGARI ba="0,0" hai="20,26,29,47,51,52,74,76,81,116,118" m="48241" machi="47" ten="40,5200,0" yaku="4,1,18,1,54,1" doraHai="0" who="2" fromWho="2" sc="259,-13,283,-26,229,52,229,-13" /><INIT seed="2,0,0,2,3,58" ten="246,257,281,216" oya="2" hai0="68,65,55,42,7,112,50,91,27,78,134,124,100" hai1="59,101,54,22,99,116,52,86,35,69,110,98,53" hai2="105,85,0,39,83,77,71,43,11,97,70,57,111" hai3="130,17,106,76,94,34,36,56,66,115,48,37,135"/><V102/><F111/><W81/><G106/><T107/><D112/><U16/><E35/><V41/><F57/><W131/><G34/><T8/><D124/><U49/><E69/><V120/><F120/><W80/><G115/><T62/><D134/><U125/><E110/><V23/><F23/><W104/><G104/><T1/><D42/><U87/><E125/><V123/><F123/><W103/><G135/><T12/><D78/><U24/><E116/><V51/><F51/><W119/><G119/><T46/><D27/><U28/><E28/><V88/><F77/><W95/><G103/><T122/><D122/><U14/><E24/><V3/><F41/><W21/><G36/><T60/><D91/><U72/><E72/><V132/><F132/><W133/><G37/><T5/><D62/><U45/><E54/><V90/><F90/><W117/><G117/><T118/><D118/><U67/><E67/><V31/><F31/><W114/><G114/><T25/><D25/><U128/><E128/><V64/><F64/><W73/><G133/><T32/><D32/><U61/><E99/><V89/><F89/><W10/><G10/><T126/><D126/><U19/><E19/><V63/><F63/><N who="3" m="38247" /><G48/><T4/><REACH who="0" step="1"/><D1/><REACH who="0" ten="236,257,281,216" step="2"/><U96/><REACH who="1" step="1"/><E96/><AGARI ba="0,1" hai="4,5,7,8,12,46,50,55,60,65,68,96,100,107" machi="96" ten="40,8000,1" yaku="1,1,2,1,52,1,53,1" doraHai="58" doraHaiUra="40" who="0" fromWho="1" sc="236,90,257,-80,281,0,216,0" /><INIT seed="3,0,0,3,4,104" ten="326,177,281,216" oya="3" hai0="53,38,57,22,41,113,98,99,118,81,6,3,134" hai1="121,64,110,119,122,65,50,13,26,17,103,34,117" hai2="97,115,54,5,62,69,9,127,43,1,108,135,42" hai3="86,55,85,90,45,47,56,16,27,75,105,14,40"/><W51/><G105/><T93/><D118/><N who="1" m="45067" /><E103/><V24/><F115/><W7/><G86/><T35/><D35/><U111/><E50/><V102/><F108/><N who="1" m="41513" /><E64/><V129/><F129/><W94/><G75/><T72/><D113/><U124/><E65/><V73/><F127/><W46/><G7/><T114/><D114/><U18/><E124/><V66/><F135/><W84/><G27/><T28/><D134/><U131/><E131/><V20/><F73/><W70/><G84/><T82/><D41/><U19/><E13/><V130/><F54/><W33/><G33/><T80/><D38/><U123/><E34/><V44/><F44/><W67/><G67/><T96/><D72/><U128/><E128/><V112/><F112/><W100/><G70/><T92/><D6/><U126/><E126/><V10/><F130/><W125/><G125/><T0/><D0/><U48/><E48/><V12/><F97/><W58/><G58/><T88/><D3/><U31/><E31/><V32/><F32/><W76/><G76/><T95/><D28/><U71/><E71/><V52/><F102/><W109/><G109/><T101/><D101/><U49/><E49/><V25/><F52/><W74/><G74/><T63/><D22/><AGARI ba="0,0" hai="17,18,19,22,26,121,122,123" m="41513,45067" machi="22" ten="40,8000,1" yaku="12,1,14,1,34,2" doraHai="104" who="1" fromWho="0" sc="326,-80,177,80,281,0,216,0" /><INIT seed="4,0,0,3,5,125" ten="246,257,281,216" oya="0" hai0="110,34,38,87,26,122,109,33,104,16,96,106,81" hai1="60,85,88,120,95,128,72,78,129,92,64,100,124" hai2="76,119,9,11,123,73,82,10,47,45,105,130,126" hai3="134,21,15,55,58,121,43,80,22,36,41,83,20"/><T132/><D122/><U86/><E120/><V107/><F126/><W12/><G121/><T17/><D38/><U37/><E37/><V14/><F123/><W44/><G134/><T113/><D113/><U57/><E124/><V67/><F130/><N who="1" m="50281" /><E72/><V27/><F119/><W32/><G32/><N who="0" m="12395" /><D132/><U79/><E86/><V54/><F67/><W52/><G36/><T28/><D28/><U97/><AGARI ba="0,0" hai="57,60,64,78,79,85,88,92,95,97,100" m="50281" machi="97" ten="30,8000,1" yaku="19,1,52,3,54,1" doraHai="125" who="1" fromWho="1" sc="246,-40,257,80,281,-20,216,-20" owari="206,-19.0,337,43.0,261,6.0,196,-30.0" /></mjloggm>