<mjloggm ver="2.3"><GO type="97" lobby="0"/><UN n0="%E3%83%AD%E3%83%9C%E3%82%B3%E3%83%97" n1="%79%75%6B%6B%6F%32%32" n2="%E5%B0%B1%E6%B4%BB%E7%94%9F%40%E5%B7%9D%E6%9D%91%E8%BB%8D%E5%9B%A3" n3="%E3%81%88%E3%82%8B%E3%81%9F%E3%81%9D" dan="14,14,14,14" rate="1941.09,2030.02,2021.49,1958.39" sx="M,M,M,F"/><TAIKYOKU oya="0"/><INIT seed="0,0,0,5,1,15" ten="250,250,250,250" oya="0" hai0="103,95,26,22,35,111,124,34,69,14,128,7,66" hai1="61,89,37,85,0,24,91,4,27,93,68,36,25" hai2="19,23,51,102,54,119,117,96,55,63,90,62,104" hai3="39,48,49,113,47,59,88,3,118,106,1,129,70"/><T13/><D69/><U33/><E33/><N who="0" m="12297" /><D66/><U41/><E0/><V107/><F107/><W28/><G70/><T53/><D103/><U82/><E4/><V74/><F74/><W9/><G106/><T38/><D53/><U109/><E109/><V56/><F90/><W116/><G39/><T100/><D95/><U72/><E72/><V105/><F105/><W99/><G59/><T127/><D100/><U94/><E82/><V31/><F31/><W8/><G49/><T18/><D38/><U130/><E130/><V20/><F20/><W46/><G48/><T73/><D73/><U115/><E115/><V42/><F42/><W30/><G113/><T29/><D111/><U110/><E110/><V87/><F87/><W45/><G129/><T10/><D128/><U65/><REACH who="1" step="1"/><E41/><REACH who="1" ten="250,240,250,250" step="2"/><V108/><F108/><W11/><G1/><T76/><D76/><U98/><AGARI ba="0,1" hai="24,25,27,36,37,61,65,68,85,89,91,93,94,98" machi="98" ten="30,4000,0" yaku="1,1,2,1,0,1,53,0" doraHai="15" doraHaiUra="40" who="1" fromWho="1" sc="250,-20,240,50,250,-10,250,-10" /><INIT seed="1,0,0,0,5,83" ten="230,290,240,240" oya="1" hai0="18,44,1,34,92,17,55,26,103,35,124,104,126" hai1="23,21,115,121,27,133,80,134,66,130,5,110,11" hai2="53,57,73,129,97,86,117,89,64,114,90,49,16" hai3="125,8,79,120,105,87,101,54,98,75,4,85,61"/><U14/><E66/><V88/><F73/><W33/><G33/><N who="0" m="12299" /><D1/><U25/><E115/><V122/><F117/><W28/><G28/><T82/><D104/><U128/><E80/><N who="2" m="49223" /><F122/><W95/><G120/><T15/><D26/><N who="1" m="9739" /><E121/><V0/><F0/><W47/><G105/><T107/><D107/><U58/><E58/><V39/><F129/><N who="1" m="49769" /><E110/><V74/><F39/><W56/><G125/><N who="0" m="48235" /><D82/><U99/><E99/><V94/><F74/><W118/><G118/><T102/><D92/><U113/><E113/><V76/><F76/><W42/><G75/><T116/><D116/><U123/><E123/><V31/><F31/><W78/><G79/><T37/><D17/><U13/><E13/><V36/><F36/><W81/><G78/><T29/><D29/><U109/><E109/><V43/><F43/><W51/><G81/><T108/><D108/><U48/><E48/><V59/><F114/><W20/><G20/><AGARI ba="0,0" hai="5,11,14,20,21,23,133,134" m="49769,9739" machi="20" ten="30,5800,0" yaku="19,1,34,2" doraHai="83" who="1" fromWho="3" sc="230,0,290,58,240,0,240,-58" /><INIT seed="1,1,0,5,5,88" ten="230,348,240,182" oya="1" hai0="56,14,128,44,92,54,25,23,41,135,2,74,0" hai1="81,15,103,126,32,78,64,59,129,79,91,5,95" hai2="115,21,80,43,53,119,109,66,58,18,82,22,35" hai3="27,76,57,102,84,55,12,86,124,28,63,3,98"/><U34/><E126/><V26/><F35/><W17/><G3/><T125/><D74/><U39/><E39/><V107/><F107/><W52/><G124/><T6/><D125/><U83/><E129/><V118/><F115/><W7/><G7/><T77/><D128/><U117/><E103/><V19/><F109/><W130/><G130/><T134/><D77/><U71/><E71/><V60/><F43/><W62/><G76/><T51/><D92/><U72/><E64/><V99/><F66/><W30/><G30/><N who="0" m="17727" /><D14/><U50/><E117/><V93/><F118/><W132/><G132/><N who="0" m="50731" /><D6/><U67/><E5/><V121/><F121/><W75/><G75/><T36/><AGARI ba="1,0" hai="0,2,36,41,44,51,54,56" m="50731,17727" machi="36" ten="30,1100,0" yaku="20,1" doraHai="88" who="0" fromWho="0" sc="230,14,348,-6,240,-4,182,-4" /><INIT seed="2,0,0,0,4,94" ten="244,342,236,178" oya="2" hai0="115,22,129,101,113,128,133,8,3,87,78,0,34" hai1="28,56,116,19,121,111,91,30,36,118,64,42,134" hai2="85,83,93,58,32,110,125,90,38,59,107,76,62" hai3="124,108,29,18,26,61,132,89,82,80,122,17,105"/><V33/><F38/><W45/><G122/><T15/><D101/><U117/><E121/><V103/><F125/><W23/><G105/><T46/><D46/><U16/><E111/><V67/><F110/><W60/><G108/><T48/><D48/><U102/><E102/><V112/><F112/><N who="0" m="43082" /><D87/><U2/><E2/><N who="0" m="553" /><D78/><U70/><E70/><V14/><F14/><W92/><G124/><T95/><D95/><U21/><E134/><V31/><F31/><W106/><G132/><T37/><D37/><U51/><E36/><V119/><F119/><W109/><G109/><T99/><D99/><U5/><E42/><V96/><REACH who="2" step="1"/><F58/><REACH who="2" ten="244,342,226,178" step="2"/><W120/><G120/><T75/><D133/><U88/><E56/><V1/><F1/><W57/><G106/><T52/><D34/><U97/><E117/><V126/><F126/><W43/><G17/><T27/><D15/><U66/><E5/><V84/><AGARI ba="0,1" hai="32,33,59,62,67,76,83,84,85,90,93,96,103,107" machi="84" ten="20,12000,1" yaku="1,1,0,1,7,1,52,1,53,1" doraHai="94" doraHaiUra="98" who="2" fromWho="2" sc="244,-40,342,-40,226,130,178,-40" /><INIT seed="2,1,0,5,1,131" ten="204,302,356,138" oya="2" hai0="126,36,24,93,63,53,75,123,78,8,13,57,82" hai1="66,38,106,122,18,31,67,113,70,59,20,54,65" hai2="32,132,72,133,91,107,77,33,25,108,128,47,118" hai3="130,43,51,97,129,19,64,104,22,46,50,80,0"/><V61/><F128/><N who="3" m="49259" /><G0/><T116/><D123/><U124/><E106/><V81/><F107/><W127/><G64/><T9/><D36/><U125/><E31/><V74/><F74/><W2/><G2/><T134/><D116/><U60/><E122/><V37/><F118/><W73/><G127/><N who="1" m="48714" /><E38/><V35/><F108/><W103/><G80/><T105/><D105/><U39/><E39/><V135/><F91/><W68/><G51/><T119/><D126/><U114/><E18/><V112/><F112/><N who="1" m="43113" /><E20/><V42/><F61/><AGARI ba="1,0" hai="54,59,60,61,65,66,67,70" m="43113,48714" machi="61" ten="30,3900,0" yaku="18,1,34,2" doraHai="131" who="1" fromWho="2" sc="204,0,302,42,356,-42,138,0" /><INIT seed="3,0,0,3,5,13" ten="204,344,314,138" oya="3" hai0="23,89,79,82,110,12,10,98,2,65,116,78,74" hai1="66,39,96,6,95,25,44,34,62,77,106,130,61" hai2="73,53,132,108,72,122,121,127,117,33,67,41,32" hai3="40,84,17,129,126,42,109,11,94,70,123,57,50"/><W71/><G123/><N who="2" m="47113" /><F117/><W26/><G71/><T14/><D116/><U91/><E106/><V46/><F67/><W9/><G70/><T68/><D110/><U8/><E77/><V133/><F53/><N who="3" m="31927" /><G109/><T88/><D2/><U131/><E34/><N who="2" m="13419" /><F108/><W37/><G37/><T52/><D68/><U16/><E66/><V1/><F1/><W35/><G35/><T31/><D65/><U27/><E16/><V114/><F127/><W4/><G126/><T22/><D79/><U93/><E39/><N who="2" m="21823" /><F114/><W105/><G105/><T47/><D98/><U60/><E95/><V100/><F100/><W85/><G129/><N who="1" m="49162" /><E44/><V18/><F18/><W54/><G54/><T64/><D64/><U113/><E113/><V102/><F102/><W103/><G4/><T69/><D69/><U125/><E125/><V124/><F124/><W92/><G42/><T43/><D52/><U81/><E81/><V104/><F104/><W80/><G40/><T36/><D74/><AGARI ba="0,0" hai="72,73,74,132,133" m="21823,13419,47113" machi="74" ten="40,2600,0" yaku="13,1,23,1" doraHai="13" who="2" fromWho="0" sc="204,-26,344,0,314,26,138,0" owari="178,-22.0,344,44.0,340,14.0,138,-36.0" /></mjloggm>