<mjloggm ver="2.3"><GO type="97" lobby="0"/><UN n0="%4D%41%53%41%E3%83%BB%53" n1="%E6%B5%B7%E6%9C%88%E6%A1%83%E9%A6%99" n2="%E5%A5%B3%E5%9B%9A%E3%81%95%E3%81%9D%E3%82%8A" n3="%E5%B0%B1%E6%B4%BB%E7%94%9F%40%E5%B7%9D%E6%9D%91%E8%BB%8D%E5%9B%A3" dan="15,14,14,14" rate="2019.04,1918.64,1946.64,1975.64" sx="M,F,F,M"/><TAIKYOKU oya="0"/><INIT seed="0,0,0,0,1,115" ten="250,250,250,250" oya="0" hai0="27,104,100,68,17,96,52,64,6,133,4,124,39" hai1="29,94,135,106,88,89,123,3,54,47,79,51,83" hai2="12,59,5,8,114,90,11,120,15,49,127,34,46" hai3="129,86,23,9,2,81,121,42,38,10,56,66,122"/><T119/><D119/><U16/><E123/><N who="3" m="47114" /><G129/><T128/><D124/><U25/><E106/><V71/><F120/><W18/><G38/><T134/><D39/><U67/><E3/><V84/><F114/><W50/><G42/><T14/><D128/><U117/><E117/><V58/><F71/><W53/><G66/><T26/><D64/><U70/><E135/><N who="0" m="51721" /><D68/><U91/><E67/><V132/><F34/><W95/><G95/><T110/><D110/><U45/><E70/><V125/><F132/><W98/><G98/><T92/><D104/><U77/><E47/><V118/><F118/><W78/><G2/><T61/><D6/><U22/><E29/><V111/><F111/><W31/><G31/><T1/><D4/><U21/><E21/><V73/><F73/><W85/><G85/><T35/><D35/><U87/><REACH who="1" step="1"/><E79/><REACH who="1" ten="250,240,250,250" step="2"/><V19/><F127/><W116/><G116/><T24/><D1/><U48/><E48/><V80/><F125/><W102/><G10/><N who="0" m="6359" /><D61/><U108/><E108/><V109/><F109/><W32/><G9/><T0/><D0/><U76/><E76/><V60/><F60/><W63/><G32/><T103/><D103/><U75/><AGARI ba="0,1" hai="16,22,25,45,51,54,75,77,83,87,88,89,91,94" machi="75" ten="20,8000,1" yaku="1,1,0,1,7,1,54,2,53,0" doraHai="115" doraHaiUra="69" who="1" fromWho="1" sc="250,-40,240,90,250,-20,250,-20" /><INIT seed="1,0,0,3,2,41" ten="210,330,230,230" oya="1" hai0="92,76,121,100,20,81,5,99,60,28,117,127,16" hai1="40,39,48,84,88,46,2,55,107,109,135,59,30" hai2="83,72,103,35,101,50,85,15,23,6,51,97,93" hai3="124,70,3,74,78,18,116,14,123,132,91,105,129"/><U44/><E107/><V38/><F38/><W26/><RYUUKYOKU type="yao9" ba="0,0" sc="210,0,330,0,230,0,230,0" hai3="3,14,18,26,70,74,78,91,105,116,123,124,129,132" /><INIT seed="1,1,0,0,3,102" ten="210,330,230,230" oya="1" hai0="83,122,80,111,37,66,63,107,11,77,0,117,97" hai1="39,42,101,40,53,125,96,41,76,32,29,45,65" hai2="75,99,94,132,78,114,72,3,124,56,33,25,28" hai3="38,47,134,59,55,1,103,116,121,110,19,52,31"/><U120/><E120/><V82/><F3/><W6/><G121/><T130/><D117/><U13/><E125/><V58/><F124/><W24/><G116/><T30/><D122/><U16/><E76/><V93/><F132/><W106/><G110/><T54/><D111/><U57/><E65/><V15/><F114/><W50/><G134/><T20/><D37/><U12/><E12/><V35/><F35/><W105/><G103/><T23/><D130/><U64/><E64/><V128/><F128/><W61/><G38/><T74/><D80/><U118/><E118/><V115/><F115/><W44/><G44/><T112/><D54/><U18/><E29/><V126/><F126/><W51/><G19/><T69/><D112/><U81/><E81/><V4/><F75/><W49/><G49/><T67/><D66/><U129/><E32/><V131/><F131/><W7/><G61/><T95/><D30/><U60/><E129/><V92/><F99/><W27/><G27/><T123/><D123/><U133/><E133/><V79/><F78/><W70/><G70/><T127/><D127/><U86/><E86/><V108/><F108/><W113/><G113/><T85/><D0/><U88/><E18/><V48/><F48/><W87/><G87/><T62/><D11/><U119/><E119/><V17/><REACH who="2" step="1"/><F4/><REACH who="2" ten="210,330,220,230" step="2"/><N who="3" m="1579" /><G1/><T14/><D63/><U84/><E96/><V46/><F46/><W10/><G47/><T98/><D98/><U91/><E101/><V2/><F2/><W21/><G50/><T26/><D97/><U71/><E45/><V90/><F90/><W104/><G55/><RYUUKYOKU ba="1,1" sc="210,-15,330,-15,220,15,230,15" hai2="15,17,25,28,33,56,58,72,79,82,92,93,94" hai3="10,21,24,31,51,52,59,104,105,106" /><INIT seed="2,2,1,0,0,108" ten="195,315,235,245" oya="2" hai0="3,89,29,98,75,135,68,12,128,26,34,63,94" hai1="133,7,112,36,31,77,87,122,115,105,69,88,125" hai2="53,20,62,119,10,82,95,107,23,65,90,79,59" hai3="4,57,102,130,35,131,96,129,28,103,84,126,11"/><V56/><F107/><W32/><G126/><T83/><D128/><U46/><E69/><V86/><F10/><W93/><G103/><T76/><D135/><U8/><E105/><V30/><F30/><W123/><G123/><T99/><D3/><U81/><E125/><V109/><F119/><W52/><G28/><T13/><D98/><U60/><E133/><V73/><REACH who="2" step="1"/><F109/><REACH who="2" ten="195,315,225,245" step="2"/><W114/><G114/><T74/><D75/><U48/><E31/><V22/><F22/><W17/><G17/><T118/><REACH who="0" step="1"/><D118/><REACH who="0" ten="185,315,225,245" step="2"/><U121/><E121/><V124/><F124/><W106/><G11/><T120/><D120/><U45/><E122/><V111/><F111/><W104/><G4/><T85/><D85/><U80/><E8/><V67/><F67/><AGARI ba="2,3" hai="12,13,26,29,34,63,67,68,74,76,83,89,94,99" machi="67" ten="40,5200,0" yaku="1,1,53,2" doraHai="108" doraHaiUra="9" who="0" fromWho="2" sc="185,88,315,0,225,-58,245,0" /><INIT seed="3,0,0,1,0,65" ten="273,315,167,245" oya="3" hai0="48,120,3,133,20,13,41,130,26,12,112,79,81" hai1="129,88,22,27,113,93,128,91,14,104,39,109,5" hai2="0,76,45,74,107,75,118,97,134,25,19,59,92" hai3="55,49,90,56,11,117,62,38,43,42,17,101,61"/><W51/><G117/><T67/><D120/><U114/><E109/><V53/><F118/><W29/><G38/><T86/><D130/><N who="1" m="50283" /><E104/><V135/><F0/><W131/><G131/><T69/><D3/><U16/><E39/><V47/><F107/><W66/><G101/><T2/><D2/><U31/><E5/><V83/><F74/><W24/><G90/><N who="1" m="34346" /><E93/><V37/><F37/><W50/><G11/><AGARI ba="0,0" hai="11,14,16,22,27,31,113,114" m="34346,50283" machi="11" ten="30,3900,0" yaku="19,1,54,2" doraHai="65" who="1" fromWho="3" sc="273,0,315,39,167,0,245,-39" owari="273,7.0,354,45.0,167,-33.0,206,-19.0" /></mjloggm>