<mjloggm ver="2.3"><GO type="97" lobby="0"/><UN n0="%73%61%69%73%73%37%37%37" n1="%E5%B0%B1%E6%B4%BB%E7%94%9F%40%E5%B7%9D%E6%9D%91%E8%BB%8D%E5%9B%A3" n2="%E7%99%BD%E9%AF%9B%E7%B4%A0%E4%B9%85" n3="%64%72%61%35" dan="14,15,15,13" rate="1959.85,2075.62,1975.26,1835.75" sx="M,M,M,M"/><TAIKYOKU oya="0"/><INIT seed="0,0,0,3,3,135" ten="250,250,250,250" oya="0" hai0="78,35,52,19,119,25,97,33,30,91,13,49,102" hai1="84,126,94,26,65,90,1,20,87,112,66,2,34" hai2="61,79,85,83,106,38,116,18,103,58,101,96,47" hai3="76,36,7,14,42,77,110,24,108,114,21,80,28"/><T39/><D119/><U62/><E34/><V60/><F116/><W111/><G114/><T27/><D39/><U123/><E123/><V17/><F61/><W128/><G128/><T105/><D78/><U4/><E112/><V56/><F56/><W69/><G69/><T22/><D91/><U121/><E121/><V57/><F58/><W16/><G7/><T15/><REACH who="0" step="1"/><D35/><REACH who="0" ten="240,250,250,250" step="2"/><U12/><E90/><V11/><F103/><W54/><G77/><T68/><D68/><U48/><E84/><V10/><F38/><W117/><G117/><T29/><D29/><U118/><E87/><V95/><F85/><W32/><G76/><T89/><D89/><U98/><E98/><V72/><F79/><W100/><G100/><T120/><D120/><U127/><E118/><V99/><F96/><W9/><G80/><T124/><D124/><U81/><E126/><V55/><F99/><W5/><G108/><T104/><D104/><U0/><E81/><V75/><F106/><W88/><G110/><T46/><AGARI ba="0,1" hai="13,15,19,22,25,27,30,33,46,49,52,97,102,105" machi="46" ten="20,12000,1" yaku="1,1,0,1,7,1,54,1,53,1" doraHai="135" doraHaiUra="45" who="0" fromWho="0" sc="240,130,250,-40,250,-40,250,-40" /><INIT seed="0,1,0,3,4,117" ten="370,210,210,210" oya="0" hai0="100,103,8,58,84,124,93,18,102,73,97,26,5" hai1="129,23,105,31,61,131,17,35,71,126,90,2,69" hai2="39,88,110,37,25,122,66,53,14,57,46,108,112" hai3="36,87,74,95,24,132,123,121,65,99,107,0,111"/><T62/><D73/><U29/><E105/><V128/><F112/><W33/><G74/><T20/><D124/><U13/><E2/><V32/><F128/><N who="1" m="49225" /><E126/><V104/><F104/><W64/><G36/><T28/><D84/><U79/><E79/><V125/><F125/><W42/><G42/><T106/><D106/><U11/><E35/><V96/><F66/><N who="3" m="25707" /><G0/><T16/><D103/><U19/><E90/><V101/><F14/><W80/><G107/><T127/><D102/><U56/><E56/><V30/><F122/><N who="3" m="46603" /><G111/><N who="2" m="42537" /><F101/><N who="3" m="60671" /><G132/><T60/><D60/><U72/><E72/><V59/><F39/><W41/><G41/><T21/><D21/><U70/><E61/><V4/><F37/><W133/><G133/><T76/><D76/><U7/><E7/><V27/><F4/><W50/><G50/><T91/><D127/><U45/><E45/><V134/><F134/><W43/><G43/><T130/><D130/><U120/><E120/><V118/><F46/><W77/><G24/><AGARI ba="1,0" hai="11,13,17,19,23,24,29,31,69,70,71" m="49225" machi="24" ten="40,1300,0" yaku="19,1" doraHai="117" who="1" fromWho="3" sc="370,0,210,16,210,0,210,-16" /><INIT seed="1,0,0,3,3,15" ten="370,226,210,194" oya="1" hai0="106,71,134,29,84,107,27,26,34,37,124,33,25" hai1="9,135,46,14,115,41,76,0,85,36,72,119,91" hai2="20,10,89,32,74,93,59,121,68,75,52,8,83" hai3="4,35,22,123,70,122,79,111,102,78,82,100,128"/><U126/><E119/><V49/><F32/><W30/><G35/><T47/><D71/><U17/><E115/><V21/><F121/><W23/><G70/><T110/><D134/><U80/><E135/><V16/><F68/><W28/><G4/><T2/><D2/><U64/><E126/><V53/><F75/><W129/><G82/><T69/><D124/><U108/><E108/><AGARI ba="0,0" hai="22,23,28,30,78,79,100,102,108,111,122,123,128,129" machi="108" ten="25,1600,0" yaku="22,2" doraHai="15" who="3" fromWho="1" sc="370,0,226,-16,210,0,194,16" /><INIT seed="2,0,0,4,0,65" ten="370,210,210,210" oya="2" hai0="86,41,67,25,0,87,118,108,109,28,72,5,26" hai1="27,130,89,93,84,129,126,63,85,2,132,112,23" hai2="123,34,15,83,94,37,14,21,46,22,47,33,125" hai3="64,98,135,52,119,32,39,48,103,9,128,42,110"/><V61/><F123/><W8/><G32/><T91/><D72/><U90/><E2/><V101/><F37/><W124/><G119/><T6/><D118/><U100/><E112/><V10/><F125/><W54/><G124/><T55/><D41/><U20/><E100/><V121/><F121/><W76/><G76/><T74/><D74/><U81/><E126/><V58/><F33/><W116/><G116/><T35/><D55/><U1/><E1/><V71/><F71/><W68/><G39/><T77/><D67/><U80/><E132/><V13/><F34/><W106/><G135/><T3/><D77/><U17/><E93/><V30/><F83/><W45/><G128/><T59/><D35/><U97/><E97/><N who="2" m="59575" /><F10/><W53/><G110/><T75/><D75/><U131/><E63/><V73/><F73/><W24/><REACH who="3" step="1"/><G24/><REACH who="3" ten="370,210,210,200" step="2"/><T70/><D26/><U120/><E120/><V99/><F99/><W105/><G105/><T57/><D25/><U66/><E27/><N who="2" m="16751" /><F22/><W4/><G4/><T29/><D109/><U16/><E130/><V51/><F51/><W95/><G95/><T96/><D108/><U92/><E92/><V36/><F36/><W11/><G11/><T102/><D29/><U69/><E69/><V114/><F114/><W88/><G88/><T134/><D28/><U18/><E18/><V38/><F38/><W12/><G12/><T122/><D134/><U78/><E78/><V44/><F14/><W56/><G56/><T133/><D122/><U62/><E129/><V107/><F107/><W60/><AGARI ba="0,1" hai="8,9,42,45,48,52,53,54,60,64,68,98,103,106" machi="60" ten="30,8000,1" yaku="1,1,0,1,52,1,54,1,53,1" doraHai="65" doraHaiUra="43" who="3" fromWho="3" sc="370,-20,210,-20,210,-40,200,90" /><INIT seed="3,0,0,4,0,129" ten="350,190,170,290" oya="3" hai0="74,20,3,9,29,85,72,111,2,134,117,113,118" hai1="135,63,101,68,99,4,105,128,50,14,44,133,62" hai2="78,71,121,126,19,112,102,36,75,56,97,76,119" hai3="77,81,25,47,79,10,16,8,98,106,109,18,110"/><W11/><G106/><T28/><D111/><N who="3" m="42505" /><G98/><T100/><D134/><N who="1" m="51211" /><E128/><V0/><F71/><W94/><G94/><T55/><D85/><U33/><E33/><V96/><F119/><W37/><G37/><T87/><D118/><U1/><E1/><V73/><F112/><W35/><G47/><T120/><D3/><U24/><E24/><V48/><F0/><W43/><G43/><T125/><D2/><U93/><E105/><V89/><F36/><W6/><G6/><T15/><D74/><N who="2" m="28170" /><F19/><N who="3" m="7211" /><G81/><T116/><D72/><U60/><E68/><V90/><F48/><W103/><G103/><T131/><D113/><U38/><E38/><V42/><F56/><W84/><G84/><T61/><D87/><U45/><E50/><V115/><F42/><W127/><G127/><T40/><D100/><U34/><E34/><V122/><F126/><W23/><G35/><T108/><D125/><U82/><E82/><V114/><F115/><W123/><G123/><N who="2" m="47113" /><F114/><W66/><G66/><T104/><D131/><U58/><E58/><V86/><F97/><W80/><G80/><T130/><D108/><U41/><E41/><V32/><F32/><W53/><G53/><T31/><D40/><U7/><E7/><V59/><F59/><W65/><G65/><T49/><D130/><U91/><E101/><V51/><F51/><W69/><G69/><T67/><D49/><U21/><E21/><V132/><F132/><W107/><G107/><T57/><D20/><U54/><E54/><V95/><F102/><W13/><G13/><T12/><D55/><U124/><E124/><V70/><F70/><RYUUKYOKU ba="0,0" sc="350,-30,190,10,170,10,290,10" hai1="4,14,44,45,60,62,63,91,93,99" hai2="76,78,86,89,90,95,96" hai3="8,10,11,23,25,77,79" /><INIT seed="3,1,0,3,2,108" ten="320,200,180,300" oya="3" hai0="82,100,45,68,99,134,48,109,21,37,22,27,70" hai1="25,54,58,135,97,52,124,28,130,76,111,5,4" hai2="95,15,113,24,49,29,42,104,103,106,78,121,86" hai3="11,93,71,31,94,114,62,128,44,98,66,30,10"/><W14/><G114/><T32/><D109/><U43/><E111/><V0/><F113/><W120/><G120/><T105/><D37/><U96/><E124/><V19/><F0/><W60/><G128/><T51/><D134/><U3/><E135/><V57/><F121/><W110/><G110/><T102/><D32/><U59/><E130/><V64/><F104/><W83/><G60/><T73/><D82/><U39/><E76/><V88/><F106/><W118/><G118/><T92/><D73/><U46/><E3/><V61/><F78/><W7/><G11/><T117/><D117/><U107/><E107/><V127/><F127/><W77/><G44/><T8/><D8/><U12/><E96/><V35/><F103/><W18/><G7/><T74/><D74/><U63/><E97/><V2/><F2/><W81/><G81/><T85/><D85/><U89/><E12/><V87/><F49/><W65/><G65/><T79/><D79/><U53/><E89/><V34/><F42/><W36/><G36/><T80/><D80/><U119/><E119/><V84/><F35/><W67/><G67/><T55/><D105/><U91/><E91/><V131/><F131/><W41/><G41/><T123/><D102/><U23/><E54/><V75/><F75/><N who="3" m="43455" /><G93/><T129/><D123/><U132/><E132/><V13/><F13/><W1/><G1/><T40/><D129/><U116/><E116/><V16/><F16/><W9/><G9/><AGARI ba="1,0" hai="9,15,19,24,29,34,57,61,64,84,86,87,88,95" machi="9" ten="30,2000,0" yaku="7,1,54,1" doraHai="108" who="2" fromWho="3" sc="320,0,200,0,180,23,300,-23" owari="320,42.0,200,-30.0,203,-20.0,277,8.0" /></mjloggm>