<mjloggm ver="2.3"><GO type="193" lobby="0"/><UN n0="%41%53%41%53%53" n1="%E3%81%AE%E3%82%93%E3%81%8D%E3%81%99%E3%81%91%E5%85%B6%E3%81%AE%E4%BA%8C" n2="%61%69%6E%61%6D%61%6E%33" n3="%E3%83%88%E3%83%88%E3%83%AA%E5%85%88%E7%94%9F%31%39%E6%AD%B3" dan="13,8,10,9" rate="1789.03,1716.55,1559.65,1888.21" sx="M,M,F,F"/><TAIKYOKU oya="0"/><INIT seed="0,0,0,4,5,87" ten="250,250,250,250" oya="0" hai0="133,72,126,117,4,110,106,101,127,53,129,27,19" hai1="107,112,8,120,47,65,54,67,116,100,16,80,3" hai2="42,128,12,71,85,119,24,105,122,18,60,13,118" hai3="93,61,111,89,39,62,132,17,10,69,82,125,28"/><T96/><D117/><U91/><E116/><V108/><F105/><W113/><G113/><T97/><D72/><U37/><E112/><V29/><F42/><W66/><G39/><T81/><D129/><U32/><E120/><V0/><F71/><W2/><G111/><T15/><D4/><U124/><E124/><N who="0" m="47657" /><D133/><U45/><E32/><V134/><F60/><W30/><G125/><T38/><D38/><U103/><E47/><V84/><F85/><W35/><G132/><T88/><D110/><U52/><E37/><V130/><F84/><W95/><G82/><T73/><D73/><U86/><E54/><V55/><F55/><W33/><G93/><N who="0" m="56359" /><D81/><U50/><E3/><V23/><F0/><W34/><G62/><T68/><D53/><U58/><E58/><V59/><F59/><W94/><G94/><T9/><D68/><U63/><E63/><V83/><F108/><W14/><REACH who="3" step="1"/><G2/><REACH who="3" ten="250,250,250,240" step="2"/><T51/><D51/><U79/><E79/><V21/><F83/><W135/><G135/><T40/><D27/><U109/><E109/><V90/><F134/><W76/><G76/><T31/><D106/><U75/><E75/><V46/><F119/><W121/><G121/><T99/><D99/><AGARI ba="0,1" hai="10,14,17,28,30,33,34,35,61,66,69,89,95,99" machi="99" ten="40,2600,0" yaku="1,1,52,1,53,0" doraHai="87" doraHaiUra="74" who="3" fromWho="0" sc="250,-26,250,0,250,0,240,36" /><INIT seed="1,0,0,0,0,102" ten="224,250,250,276" oya="1" hai0="106,15,78,48,121,24,31,124,0,110,99,14,109" hai1="85,52,66,97,60,34,108,90,58,119,33,27,86" hai2="61,21,69,29,91,43,13,36,25,89,47,59,74" hai3="46,88,113,117,10,132,12,65,23,40,79,83,20"/><U94/><E119/><V95/><F74/><W18/><G113/><T71/><D121/><U9/><E108/><N who="0" m="41577" /><D124/><U76/><E9/><V70/><F13/><W107/><G107/><T104/><D0/><U127/><E127/><V51/><F91/><W103/><G103/><T8/><D71/><U49/><E27/><V81/><F81/><W92/><G65/><T64/><D64/><U118/><E118/><V55/><F36/><W17/><G132/><T68/><D68/><U41/><E41/><V53/><F43/><W96/><G117/><T26/><D78/><U126/><E126/><V37/><F37/><W22/><G40/><T128/><D128/><U123/><E123/><V98/><AGARI ba="0,0" hai="21,25,29,47,51,53,55,59,61,69,70,89,95,98" machi="98" ten="20,1500,0" yaku="0,1,7,1" doraHai="102" who="2" fromWho="2" sc="224,-4,250,-7,250,15,276,-4" /><INIT seed="2,0,0,2,5,26" ten="220,243,265,272" oya="2" hai0="73,2,51,90,107,36,23,111,4,70,24,135,99" hai1="86,75,7,95,13,79,108,102,42,46,130,41,47" hai2="98,61,91,126,3,106,19,121,114,120,25,44,97" hai3="48,82,16,52,38,28,22,119,49,56,31,50,116"/><V32/><F3/><W134/><G38/><T60/><D73/><U105/><E108/><V123/><F114/><W66/><G134/><T55/><D135/><U133/><E133/><V15/><F44/><W104/><G104/><T85/><D36/><U100/><E130/><V93/><F126/><W110/><G110/><T68/><D111/><U10/><E75/><V57/><F106/><W109/><G109/><T18/><D60/><U128/><E128/><V59/><F98/><W67/><G82/><T21/><D2/><U11/><E105/><V40/><F40/><W34/><G34/><T45/><D4/><U71/><E71/><V132/><F132/><W20/><G119/><T65/><D65/><N who="3" m="24585" /><G116/><T78/><D23/><N who="3" m="8745" /><G16/><T14/><D14/><U92/><E79/><V54/><F59/><W80/><G80/><T76/><D76/><U115/><E115/><V88/><F91/><W101/><G101/><T125/><D125/><U96/><E86/><V53/><F53/><W129/><G129/><T33/><D33/><U27/><E27/><V103/><F103/><W0/><G0/><T30/><D18/><U58/><E58/><V118/><F118/><W1/><G1/><T43/><D43/><U94/><E96/><V127/><F127/><W39/><G39/><T35/><D35/><U5/><REACH who="1" step="1"/><E95/><REACH who="1" ten="220,233,265,272" step="2"/><V84/><F84/><W117/><G117/><T122/><D107/><U12/><AGARI ba="0,1" hai="5,7,10,11,12,13,41,42,46,47,92,94,100,102" machi="12" ten="25,12000,2" yaku="1,1,2,1,0,1,22,2,8,1,53,0" doraHai="26" doraHaiUra="72" who="1" fromWho="1" sc="220,-30,233,130,265,-60,272,-30" /><INIT seed="3,0,0,3,4,44" ten="190,363,205,242" oya="3" hai0="128,36,107,124,7,65,81,125,120,9,69,99,42" hai1="133,76,6,32,95,119,37,89,0,83,126,111,63" hai2="90,70,55,58,88,103,62,33,41,17,47,8,134" hai3="35,85,31,71,25,97,68,45,118,87,135,3,50"/><W132/><G118/><T116/><D116/><U108/><E119/><V53/><F33/><W11/><G97/><T48/><D120/><U24/><E133/><N who="3" m="51274" /><G11/><T73/><D128/><U130/><E126/><N who="0" m="48745" /><D48/><U82/><E130/><V10/><F134/><W22/><G35/><T113/><D113/><U15/><E0/><V38/><F103/><W14/><G14/><T56/><D56/><U101/><E101/><V4/><F17/><W61/><G3/><N who="0" m="255" /><D81/><U117/><E117/><V1/><F10/><W78/><G78/><T26/><D26/><U102/><E102/><V57/><REACH who="2" step="1"/><F70/><REACH who="2" ten="190,363,195,242" step="2"/><N who="3" m="26667" /><G61/><AGARI ba="0,1" hai="1,4,8,38,41,47,53,55,57,58,61,62,88,90" machi="61" ten="30,8000,1" yaku="1,1,7,1,9,1,54,1,53,1" doraHai="44" doraHaiUra="43" who="2" fromWho="3" sc="190,0,363,0,195,90,242,-80" owari="190,-21.0,363,46.0,285,9.0,162,-34.0" /></mjloggm>