<mjloggm ver="2.3"><GO type="41" lobby="0"/><UN n0="%56%49%50%74%65%72%75" n1="%E3%81%A8%E3%81%8D%E3%82%81%E3%81%8D%E3%83%8F%E3%83%83%E3%82%AB%E3%83%BC" n2="%E5%B0%B1%E6%B4%BB%E7%94%9F%40%E5%B7%9D%E6%9D%91%E8%BB%8D%E5%9B%A3" n3="%66%75%6D%69%33" dan="13,15,15,14" rate="1950.94,2005.12,2050.20,1947.59" sx="M,M,M,M"/><TAIKYOKU oya="0"/><INIT seed="0,0,0,4,3,66" ten="250,250,250,250" oya="0" hai0="58,10,5,26,94,12,116,114,30,125,15,31,33" hai1="115,60,121,21,48,117,3,13,82,11,50,99,4" hai2="104,6,57,27,87,81,20,98,63,74,24,2,46" hai3="1,84,101,131,16,91,71,70,0,22,51,28,9"/><T93/><D116/><U7/><E121/><V76/><F2/><W88/><G28/><T80/><D114/><U111/><E115/><V102/><F6/><W47/><G101/><T39/><D39/><U61/><E117/><V25/><F46/><W53/><G131/><T120/><D120/><U68/><E111/><V62/><F62/><W130/><G130/><T112/><D112/><U23/><E99/><V135/><F135/><W37/><G37/><T64/><D125/><U119/><E119/><V129/><F129/><W92/><G91/><T113/><D113/><U75/><E7/><V126/><F126/><W41/><G41/><T69/><D80/><U34/><E34/><V90/><F20/><W118/><G118/><T38/><D31/><U105/><E105/><V19/><F19/><W18/><G18/><T72/><D38/><U97/><E97/><V127/><F127/><W83/><G92/><T110/><D72/><U35/><E35/><V79/><REACH who="2" step="1"/><F74/><REACH who="2" ten="250,250,240,250" step="2"/><W85/><G85/><T14/><D5/><U52/><E3/><N who="3" m="1098" /><G22/><T78/><D10/><U36/><E11/><V45/><F45/><W43/><G43/><T95/><D33/><U8/><E21/><V17/><F17/><W89/><G89/><T65/><D30/><U40/><E23/><V132/><F132/><W100/><G100/><T106/><D110/><U108/><E108/><V29/><F29/><W128/><G128/><T73/><D73/><U67/><E75/><V42/><F42/><W56/><G56/><T86/><D86/><U122/><E122/><V109/><F109/><W124/><G124/><RYUUKYOKU ba="0,1" sc="250,-15,250,-15,240,15,250,15" hai2="24,25,27,57,63,76,79,81,87,90,98,102,104" hai3="9,16,47,51,53,70,71,83,84,88" /><INIT seed="1,1,1,5,5,80" ten="235,235,255,265" oya="1" hai0="7,115,6,28,131,113,133,79,63,70,32,1,101" hai1="16,24,60,40,112,48,66,116,125,132,45,84,14" hai2="57,77,9,117,96,29,2,95,41,111,43,34,99" hai3="3,58,102,44,31,51,21,91,123,71,35,87,36"/><U109/><E116/><V129/><F117/><W33/><G3/><T25/><D7/><U5/><E112/><V105/><F105/><W38/><G71/><T106/><D131/><U122/><E122/><V103/><F129/><W56/><G102/><T55/><D55/><U89/><E125/><V62/><F111/><W69/><G69/><T110/><D79/><U121/><E121/><V37/><F37/><W90/><G21/><T20/><D20/><U53/><E132/><V100/><F77/><W124/><G31/><T93/><D93/><U22/><E109/><V54/><F34/><W86/><G123/><T73/><D110/><U118/><E118/><V134/><F29/><W88/><G124/><T68/><D133/><U17/><E5/><V11/><F134/><W61/><G61/><T47/><D47/><U46/><E66/><V67/><F67/><W127/><G127/><T64/><D70/><U72/><E72/><V42/><F2/><W120/><G120/><T92/><D92/><N who="1" m="54311" /><E60/><V119/><F119/><W65/><G65/><T18/><D73/><U13/><E17/><V76/><F76/><W74/><G74/><T94/><D18/><U10/><E10/><V107/><AGARI ba="1,1" hai="9,11,41,42,43,54,57,62,95,96,99,100,103,107" machi="107" ten="30,1100,0" yaku="0,1" doraHai="80" who="2" fromWho="2" sc="235,-4,235,-6,255,24,265,-4" /><INIT seed="2,0,0,0,3,41" ten="231,229,279,261" oya="2" hai0="85,19,37,99,35,30,72,58,79,69,87,97,81" hai1="110,116,55,105,27,77,129,74,94,86,10,90,118" hai2="65,3,130,80,48,78,103,39,91,117,93,14,53" hai3="128,56,108,88,44,25,26,73,134,12,64,84,6"/><V83/><F3/><W125/><G73/><T95/><D69/><U47/><E27/><V123/><F39/><W106/><G106/><T124/><D124/><U98/><E10/><V45/><F123/><W9/><G125/><T40/><D58/><U71/><E71/><V33/><F117/><N who="1" m="45161" /><E47/><V28/><F130/><W17/><G108/><T38/><D19/><U32/><E55/><V20/><F103/><W0/><G134/><T13/><D13/><U29/><E29/><V42/><F65/><W111/><G111/><T31/><D35/><U132/><E32/><V43/><F33/><W68/><G68/><T126/><D126/><U96/><E110/><V23/><F23/><W51/><G128/><T133/><D133/><U113/><E132/><V101/><F101/><W121/><G121/><T120/><D120/><U109/><E109/><V66/><F66/><W22/><G56/><T122/><D122/><U46/><E46/><V59/><F78/><W119/><G64/><T70/><D30/><U89/><E129/><V62/><F43/><W61/><G61/><T92/><D31/><U1/><E1/><V75/><F75/><W107/><G107/><T8/><D8/><U104/><E113/><V76/><F76/><W100/><G100/><T60/><D60/><U7/><E7/><V57/><F57/><W135/><G135/><T49/><D70/><U63/><E63/><V2/><F2/><W114/><G114/><T34/><D49/><U21/><E21/><V50/><F62/><W67/><G67/><T102/><D34/><U11/><E105/><V127/><F127/><RYUUKYOKU ba="0,0" sc="231,0,229,0,279,0,261,0" /><INIT seed="3,1,0,5,1,30" ten="231,229,279,261" oya="3" hai0="75,118,110,113,120,60,97,14,31,39,82,126,98" hai1="117,85,89,17,124,70,74,123,116,51,57,93,27" hai2="131,108,79,26,114,81,101,135,2,66,92,62,43" hai3="54,132,134,23,44,12,10,50,78,121,15,0,28"/><W119/><G121/><T84/><D120/><U37/><E37/><V107/><F2/><W1/><G78/><T67/><D118/><N who="1" m="45675" /><E70/><V61/><F114/><W86/><G119/><T90/><D39/><U55/><E123/><V46/><F107/><W19/><G28/><T4/><D113/><U45/><E74/><V129/><F108/><W80/><G12/><T130/><D75/><U18/><E124/><V111/><F111/><W33/><G33/><T109/><D110/><U94/><E94/><V6/><F6/><W83/><G83/><T77/><D109/><U34/><E45/><V122/><F26/><W127/><G127/><T29/><D126/><U87/><E87/><V103/><F135/><N who="3" m="51755" /><G23/><T105/><D98/><U42/><E42/><V102/><F92/><W35/><G35/><T72/><D130/><N who="2" m="49674" /><F66/><W22/><G22/><T3/><D105/><U99/><E99/><V48/><F122/><W13/><G13/><T53/><D3/><U95/><E95/><V52/><F43/><W21/><G21/><T73/><D53/><U56/><E56/><V76/><F76/><W11/><G11/><N who="0" m="4455" /><D72/><AGARI ba="1,0" hai="46,48,52,61,62,72,79,81,101,102,103" m="49674" machi="72" ten="30,2000,0" yaku="19,1,54,1" doraHai="30" who="2" fromWho="0" sc="231,-23,229,0,279,23,261,0" /><INIT seed="4,0,0,2,5,25" ten="208,229,302,261" oya="0" hai0="116,89,72,115,43,93,60,112,134,80,106,61,68" hai1="73,66,37,79,114,39,118,91,36,41,77,120,26" hai2="52,7,28,65,14,127,125,99,8,105,11,59,38" hai3="30,83,111,94,119,20,46,33,67,133,107,74,78"/><T85/><D106/><U47/><E120/><V63/><F38/><W108/><G107/><T3/><D116/><U75/><E118/><V49/><F28/><W34/><G119/><T19/><D3/><U12/><E66/><V117/><F117/><W129/><G67/><T6/><D6/><U16/><E26/><V45/><REACH who="2" step="1"/><F8/><REACH who="2" ten="208,229,292,261" step="2"/><W10/><G10/><T13/><D115/><U124/><E114/><V4/><F4/><W58/><G111/><T96/><D112/><U113/><E113/><V15/><F15/><W21/><G108/><T132/><D68/><U97/><E37/><V76/><F76/><W56/><G34/><T70/><D70/><U23/><E39/><V40/><F40/><W100/><G33/><T9/><D43/><U87/><E77/><V98/><F98/><W55/><G20/><T84/><D134/><U44/><E97/><V27/><F27/><N who="3" m="16751" /><G133/><T130/><D132/><U5/><E5/><V50/><F50/><N who="3" m="29143" /><G129/><T92/><D130/><U101/><E36/><V22/><F22/><W71/><G71/><T95/><D96/><U103/><E23/><V104/><F104/><W18/><G18/><T121/><D121/><U0/><E16/><V17/><F17/><W53/><G53/><T126/><D72/><U109/><E75/><V48/><F48/><W110/><G110/><T82/><REACH who="0" step="1"/><D126/><REACH who="0" ten="198,229,292,261" step="2"/><U24/><E124/><V81/><F81/><W90/><G74/><T122/><D122/><U54/><E73/><V1/><F1/><W135/><G135/><T131/><D131/><U64/><E0/><V62/><F62/><W88/><G78/><AGARI ba="0,2" hai="9,13,19,60,61,78,80,82,84,85,89,92,93,95" machi="78" ten="40,7700,0" yaku="1,1,6,1,8,1,53,0" doraHai="25" doraHaiUra="29" who="0" fromWho="3" sc="198,97,229,0,292,0,261,-77" /><INIT seed="4,1,0,1,5,43" ten="295,229,292,184" oya="0" hai0="71,0,44,131,55,22,40,76,73,35,130,38,68" hai1="72,109,20,128,85,53,42,57,126,95,92,60,129" hai2="122,8,29,32,79,34,67,46,90,65,118,108,110" hai3="4,91,19,104,26,96,70,106,84,77,58,100,28"/><T31/><D0/><U116/><E72/><V121/><F79/><W30/><G70/><T5/><D22/><U103/><E109/><V2/><F90/><W10/><G77/><T119/><D55/><U21/><E116/><V69/><F46/><W123/><G123/><T62/><D119/><U17/><E126/><V93/><F93/><W63/><G106/><T1/><D62/><U47/><E85/><V127/><F127/><W49/><G19/><T88/><D88/><U74/><E74/><V51/><F51/><W111/><G49/><T125/><D125/><U112/><E112/><V14/><F67/><W48/><G48/><T25/><D130/><N who="1" m="50283" /><E103/><V9/><F65/><W18/><G18/><T113/><D113/><U78/><E78/><V59/><F59/><W132/><G26/><T3/><D131/><U11/><E11/><V94/><F69/><N who="0" m="26698" /><D5/><U23/><E17/><N who="2" m="8391" /><F94/><W101/><G132/><T7/><D7/><U56/><E56/><V99/><F99/><W39/><G101/><T107/><D107/><U105/><E105/><V133/><F118/><W83/><G39/><AGARI ba="1,0" hai="20,21,23,39,42,47,53,57,60,92,95" m="50283" machi="39" ten="30,2000,0" yaku="19,1,52,1" doraHai="43" who="1" fromWho="3" sc="295,0,229,23,292,0,184,-23" /><INIT seed="5,0,0,5,2,20" ten="295,252,292,161" oya="1" hai0="95,37,100,71,125,35,79,111,42,19,76,102,135" hai1="84,86,67,120,115,128,26,22,81,91,106,116,53" hai2="66,41,38,134,25,32,93,14,24,52,110,39,119" hai3="133,109,89,7,62,99,121,78,9,51,101,104,74"/><U29/><E120/><V46/><F119/><W122/><G109/><T28/><D111/><U112/><E116/><V18/><F110/><W2/><G51/><T27/><D102/><U16/><E106/><V70/><F39/><W45/><G45/><T69/><D79/><U21/><E128/><V60/><F134/><W50/><G50/><T63/><D125/><U12/><E67/><V124/><F124/><W17/><G17/><T11/><D135/><U88/><REACH who="1" step="1"/><E53/><REACH who="1" ten="295,242,292,161" step="2"/><V1/><F52/><W8/><G133/><T118/><D118/><U6/><E6/><V59/><F70/><W117/><G117/><T129/><D129/><U0/><E0/><V68/><F1/><W65/><G122/><T30/><D69/><U61/><E61/><V82/><F68/><W77/><G121/><T33/><D63/><U126/><E126/><V48/><F60/><W80/><G62/><T3/><D3/><U54/><E54/><V130/><F66/><W108/><G65/><T83/><D71/><U64/><E64/><V96/><F130/><W34/><G108/><T132/><D132/><U55/><E55/><V40/><F40/><W73/><G7/><T15/><D42/><U98/><E98/><V36/><F96/><W57/><G2/><T13/><D37/><U123/><E123/><V113/><F38/><W97/><G97/><T87/><D15/><U44/><E44/><V4/><F36/><W94/><G104/><T75/><D13/><U105/><E105/><V5/><F46/><W43/><G43/><T58/><D58/><U23/><E23/><V131/><F41/><RYUUKYOKU ba="0,1" sc="295,-10,242,30,292,-10,161,-10" hai1="12,16,21,22,26,29,81,84,86,88,91,112,115" /><INIT seed="5,1,1,4,5,51" ten="285,272,282,151" oya="1" hai0="111,48,116,44,54,33,81,42,19,75,100,6,9" hai1="114,84,123,109,82,85,34,58,65,103,119,122,133" hai2="127,67,12,56,112,2,96,21,35,23,104,128,91" hai3="125,1,102,97,64,118,46,88,121,0,135,39,14"/><U40/><E34/><V78/><F35/><W117/><G64/><T5/><D111/><U38/><E38/><V130/><F2/><W79/><G79/><T59/><D33/><U37/><E103/><V86/><F78/><W131/><G121/><T132/><D116/><U25/><E25/><V69/><F69/><W18/><G39/><T8/><D100/><U57/><E119/><N who="3" m="45578" /><G46/><T70/><D70/><U20/><E20/><V93/><F127/><W126/><G135/><T134/><D81/><U32/><E32/><V43/><F43/><W71/><G71/><T7/><D75/><U68/><E85/><V95/><F112/><W15/><G102/><T74/><D74/><U62/><E84/><V52/><F67/><W66/><G66/><T29/><D29/><U49/><E82/><V53/><F104/><W92/><G131/><N who="2" m="50217" /><F56/><N who="1" m="21609" /><E133/><N who="0" m="51305" /><D19/><U73/><E73/><V26/><F12/><N who="3" m="4651" /><G18/><T63/><AGARI ba="1,1" hai="5,6,7,8,9,42,44,48,54,59,63" m="51305" machi="63" ten="30,2000,0" yaku="20,1,52,1" doraHai="51" who="0" fromWho="0" sc="285,33,272,-11,282,-6,151,-6" /><INIT seed="6,0,0,3,3,71" ten="318,261,276,145" oya="2" hai0="24,3,36,62,41,126,103,6,65,50,130,113,131" hai1="42,39,95,76,118,85,7,115,134,89,78,106,51" hai2="17,92,107,55,27,31,68,58,105,81,104,129,63" hai3="34,11,0,43,20,35,101,70,33,96,88,53,90"/><V99/><F129/><N who="0" m="49162" /><D103/><U54/><E106/><V121/><F121/><W49/><G70/><T21/><D6/><U97/><E118/><V75/><F68/><W93/><G20/><T64/><D3/><U45/><E134/><V132/><F132/><W74/><G74/><T111/><D111/><U73/><E115/><V67/><F17/><W124/><G124/><T114/><D126/><U94/><E73/><V1/><F1/><W56/><REACH who="3" step="1"/><G43/><REACH who="3" ten="318,261,276,135" step="2"/><T30/><D50/><U37/><E7/><AGARI ba="0,1" hai="0,7,11,33,34,35,49,53,56,88,90,93,96,101" machi="7" ten="40,5200,0" yaku="1,1,2,1,54,1,53,0" doraHai="71" doraHaiUra="9" who="3" fromWho="1" sc="318,0,261,-52,276,0,135,62" /><INIT seed="7,0,0,0,2,89" ten="318,209,276,197" oya="3" hai0="61,69,33,50,36,100,134,38,40,20,101,124,91" hai1="34,46,92,43,127,76,17,5,59,45,117,16,105" hai2="8,104,63,135,25,112,82,32,72,57,109,13,79" hai3="23,96,31,52,108,113,75,77,1,21,110,119,29"/><W90/><G1/><T30/><D33/><U125/><E105/><V42/><F109/><N who="3" m="42091" /><G119/><T115/><D100/><U102/><E34/><V0/><F112/><W12/><G113/><T83/><D115/><U65/><E65/><V15/><F104/><W73/><G77/><T55/><D101/><U103/><E117/><V48/><F135/><W133/><G133/><T71/><D134/><U66/><E5/><V3/><F32/><W26/><G52/><T44/><D20/><N who="3" m="7753" /><G12/><T58/><D30/><N who="3" m="11273" /><G26/><T120/><D120/><U99/><E76/><V122/><F25/><W47/><G47/><N who="1" m="17930" /><E43/><V129/><F42/><W10/><G10/><T64/><D91/><U94/><E125/><V41/><F13/><W95/><AGARI ba="0,0" hai="73,75,90,95,96" m="11273,7753,42091" machi="95" ten="40,3900,0" yaku="10,1,52,1" doraHai="89" who="3" fromWho="3" sc="318,-13,209,-13,276,-13,197,39" /><INIT seed="7,1,0,2,0,100" ten="305,196,263,236" oya="3" hai0="77,83,15,92,47,49,132,42,67,105,59,123,45" hai1="14,104,1,115,55,113,68,107,10,53,3,80,8" hai2="72,22,99,101,13,111,54,116,6,12,57,89,19" hai3="37,70,31,23,125,41,35,103,133,46,108,75,85"/><W102/><G70/><T79/><D123/><U112/><E68/><V28/><F72/><W117/><G117/><T96/><D132/><U81/><E113/><V5/><F111/><W73/><G133/><T84/><D105/><U11/><E11/><V109/><F109/><W4/><G4/><T62/><D47/><U110/><E110/><V87/><F28/><W9/><G108/><T56/><D56/><U82/><E82/><N who="2" m="49399" /><F13/><AGARI ba="1,0" hai="1,3,8,10,13,14,53,55,80,81,104,107,112,115" machi="13" ten="25,6400,0" yaku="22,2,52,2" doraHai="100" who="1" fromWho="2" sc="305,0,196,67,263,-67,236,0" owari="305,40.0,263,6.0,196,-30.0,236,-16.0" /></mjloggm>