<mjloggm ver="2.3"><GO type="41" lobby="0"/><UN n0="%E5%B0%B1%E6%B4%BB%E7%94%9F%40%E5%B7%9D%E6%9D%91%E8%BB%8D%E5%9B%A3" n1="%52%4F%4C%4C%59" n2="%E9%97%87%E3%81%AE%E3%82%A4%E3%83%8A%E3%82%BA%E3%83%9E" n3="%E5%87%BA%E5%BC%B5%E6%97%8F" dan="16,15,13,14" rate="2135.32,2071.67,1945.33,1905.83" sx="M,M,M,M"/><TAIKYOKU oya="0"/><INIT seed="0,0,0,0,1,81" ten="250,250,250,250" oya="0" hai0="103,83,29,63,82,67,4,52,106,65,62,22,94" hai1="64,100,132,53,2,42,104,41,113,0,35,19,26" hai2="76,18,85,130,98,49,54,121,129,90,93,50,3" hai3="73,32,99,51,92,25,46,77,60,14,134,23,84"/><T115/><D106/><U31/><E132/><V110/><F121/><W20/><G134/><T112/><D4/><U58/><E64/><V48/><F3/><W126/><G73/><T43/><D43/><U124/><E124/><V119/><F119/><W21/><G126/><T8/><D8/><U74/><E74/><V96/><F110/><W102/><G60/><T80/><D112/><U135/><E135/><V117/><F18/><W122/><G122/><T79/><D79/><U133/><E133/><V55/><F117/><W28/><G14/><T27/><D115/><U34/><E34/><V36/><F36/><W125/><G125/><T95/><D103/><U72/><E72/><V38/><F38/><W37/><G37/><T71/><REACH who="0" step="1"/><D52/><REACH who="0" ten="240,250,250,250" step="2"/><N who="2" m="20010" /><F76/><W12/><G12/><T75/><D75/><U11/><E2/><V116/><F116/><W89/><G77/><T78/><D78/><U131/><E0/><V87/><F130/><W6/><G6/><T5/><D5/><U127/><E131/><V114/><F114/><W30/><G46/><T101/><D101/><U107/><E100/><N who="2" m="60495" /><F129/><W1/><G1/><T69/><AGARI ba="0,1" hai="22,27,29,62,63,65,67,69,71,80,82,83,94,95" machi="69" ten="30,12000,1" yaku="1,1,0,1,9,1,53,2" doraHai="81" doraHaiUra="59" who="0" fromWho="0" sc="240,130,250,-40,250,-40,250,-40" /><INIT seed="0,1,0,3,0,134" ten="370,210,210,210" oya="0" hai0="22,107,23,18,66,29,13,65,106,116,4,123,44" hai1="67,30,36,88,113,54,61,46,105,117,124,53,52" hai2="122,41,43,81,135,56,42,99,96,3,127,55,78" hai3="48,126,34,5,108,9,85,80,77,98,91,92,97"/><T83/><D116/><U131/><E117/><V84/><F122/><W26/><G126/><T27/><D123/><U110/><E105/><V35/><F3/><W100/><G108/><T125/><D125/><U118/><E118/><V76/><F35/><W38/><G38/><T121/><D121/><U102/><E102/><V69/><F69/><W75/><G48/><T7/><D106/><U28/><E124/><V73/><F135/><W17/><G5/><N who="0" m="2123" /><D107/><U50/><E110/><V130/><F130/><W11/><G34/><T104/><D104/><U64/><E131/><V6/><F6/><W20/><G98/><T51/><D83/><AGARI ba="1,0" hai="9,11,17,20,26,75,77,80,83,85,91,92,97,100" machi="83" ten="30,1000,0" yaku="7,1" doraHai="134" who="3" fromWho="0" sc="370,-13,210,0,210,0,210,13" /><INIT seed="1,0,0,5,3,50" ten="357,210,210,223" oya="1" hai0="84,115,119,131,79,105,0,28,83,45,117,78,94" hai1="66,127,44,7,40,114,10,120,125,42,62,134,109" hai2="86,35,95,116,101,51,69,89,43,97,25,46,121" hai3="60,14,88,128,80,87,53,29,9,133,106,41,76"/><U27/><E114/><V12/><F121/><W98/><G128/><T77/><D0/><U74/><E120/><V36/><F116/><W15/><G133/><T5/><D5/><U37/><E134/><V107/><F69/><W34/><G41/><T39/><D115/><U68/><E42/><V126/><F126/><N who="1" m="48137" /><E27/><V122/><F122/><W67/><G106/><T99/><D131/><U129/><E129/><V118/><F118/><W4/><G15/><T75/><D28/><U113/><E113/><V96/><F25/><W30/><G34/><T22/><D39/><U8/><E8/><V54/><F35/><W61/><G98/><T49/><D105/><U59/><E74/><V81/><F12/><W52/><G76/><T108/><D108/><U19/><E19/><V112/><F112/><W23/><G61/><T1/><D1/><N who="1" m="367" /><E59/><V91/><REACH who="2" step="1"/><F36/><REACH who="2" ten="357,210,200,223" step="2"/><W3/><G3/><T17/><D117/><U33/><E33/><V102/><F102/><W71/><REACH who="3" step="1"/><G30/><REACH who="3" ten="357,210,200,213" step="2"/><T93/><D119/><U104/><E104/><V73/><F73/><W135/><G135/><T11/><D75/><U18/><E18/><V130/><F130/><W103/><G103/><T82/><D17/><U85/><E85/><V132/><F132/><W26/><AGARI ba="0,2" hai="4,9,14,23,26,29,52,53,60,67,71,80,87,88" machi="26" ten="30,12000,2" yaku="1,1,0,1,52,2,54,2,53,1" doraHai="50" doraHaiUra="57" who="3" fromWho="3" sc="357,-30,210,-60,200,-30,213,140" /><INIT seed="2,0,0,0,4,2" ten="327,150,170,353" oya="2" hai0="8,114,6,72,43,119,35,4,11,107,90,9,51" hai1="131,113,75,66,41,37,23,133,19,86,89,122,10" hai2="80,18,14,44,38,13,30,102,52,40,112,45,69" hai3="53,83,73,87,32,94,93,92,22,109,59,42,68"/><V100/><F112/><W60/><G109/><T96/><D35/><U7/><E75/><V125/><F69/><W67/><G32/><T25/><D72/><U12/><E113/><V132/><F132/><W81/><G42/><T134/><D114/><U76/><E133/><V33/><F125/><W3/><G3/><T34/><D119/><U74/><E131/><V117/><F117/><W58/><G73/><T103/><D134/><U126/><E126/><V55/><F13/><W104/><G104/><T120/><D120/><U48/><E37/><V118/><F118/><W123/><G123/><T20/><D34/><U116/><E116/><V17/><F17/><W95/><G22/><T106/><D106/><U50/><E122/><V57/><F45/><W64/><G68/><T36/><D36/><U46/><E66/><N who="3" m="25130" /><G59/><T121/><D90/><AGARI ba="0,0" hai="53,58,60,81,83,87,90,92,93,94,95" m="25130" machi="90" ten="30,1000,0" yaku="8,1" doraHai="2" who="3" fromWho="0" sc="327,-10,150,0,170,0,353,10" /><INIT seed="3,0,0,4,4,112" ten="317,150,170,363" oya="3" hai0="134,18,8,111,85,87,70,51,30,123,108,29,4" hai1="74,127,106,72,38,44,115,122,132,41,82,133,98" hai2="22,104,131,23,65,56,25,27,86,35,103,75,58" hai3="5,109,113,67,68,26,81,28,129,6,90,59,92"/><W17/><G113/><T121/><D70/><U55/><E115/><V54/><F75/><W77/><G68/><T21/><D51/><U102/><E122/><N who="0" m="46601" /><D87/><U34/><E127/><V60/><F131/><W13/><G129/><T117/><D85/><U63/><E55/><V73/><F73/><W10/><G81/><T78/><D78/><U42/><E42/><V45/><F35/><W76/><G109/><N who="0" m="42059" /><D117/><U20/><E20/><V36/><F103/><W52/><G67/><T48/><D48/><U53/><E53/><V16/><F104/><W125/><G125/><T39/><D39/><U96/><E96/><V1/><F1/><W11/><G77/><T97/><D97/><U43/><E43/><V128/><F128/><W79/><G76/><T66/><D66/><U62/><E34/><V84/><F36/><W135/><G79/><T114/><D134/><N who="1" m="51819" /><E82/><V118/><F45/><W69/><G135/><T9/><D114/><U40/><E40/><V33/><F33/><W50/><G69/><T95/><D95/><U46/><E46/><V88/><F118/><W101/><G101/><T93/><D93/><U31/><E31/><N who="0" m="11785" /><D4/><U130/><E130/><V32/><F32/><W89/><G6/><T71/><D71/><U107/><E106/><V2/><F86/><W24/><G92/><T110/><N who="0" m="42067" /><T3/><DORA hai="37" /><D3/><U91/><E91/><N who="3" m="34826" /><G28/><T47/><D47/><U61/><AGARI ba="0,0" hai="38,41,44,61,62,63,72,74,98,102,107" m="51819" machi="61" ten="30,2000,0" yaku="20,1,52,1" doraHai="112,37" who="1" fromWho="1" sc="317,-5,150,20,170,-5,363,-10" /><INIT seed="4,0,0,0,3,24" ten="312,170,165,353" oya="0" hai0="47,30,116,95,4,132,55,113,11,13,104,40,99" hai1="82,22,74,37,114,27,15,86,127,70,89,124,67" hai2="14,109,129,135,50,42,60,68,0,122,90,102,120" hai3="35,88,125,26,58,21,100,79,46,6,33,12,18"/><T51/><D132/><U107/><E37/><V131/><F0/><W83/><G125/><N who="1" m="48202" /><E107/><V112/><F102/><W77/><G100/><T9/><D113/><U53/><E74/><V103/><F103/><W20/><G35/><T57/><D116/><U126/><N who="1" m="48210" /><U62/><DORA hai="5" /><E15/><V128/><F14/><W2/><G2/><T31/><D104/><U63/><E114/><V52/><F90/><W8/><G33/><T41/><D11/><U64/><E53/><V92/><F92/><W98/><G46/><T134/><D134/><U110/><E110/><V72/><F72/><W111/><G111/><T69/><D69/><N who="1" m="42135" /><E22/><V32/><F32/><W29/><G58/><T7/><D7/><U48/><E48/><V54/><F112/><W121/><G121/><N who="2" m="46697" /><F135/><W39/><G39/><T65/><D65/><U36/><E27/><V43/><F109/><W96/><G88/><N who="0" m="55783" /><D41/><N who="2" m="15370" /><F50/><AGARI ba="0,0" hai="4,9,13,30,31,40,47,50,51,55,57" m="55783" machi="50" ten="30,12000,1" yaku="8,1,52,3,54,1" doraHai="24,5" who="0" fromWho="2" sc="312,120,170,0,165,-120,353,0" /><INIT seed="4,1,0,5,3,104" ten="432,170,45,353" oya="0" hai0="68,62,42,17,15,105,28,133,102,21,12,67,70" hai1="101,16,2,95,57,26,94,92,121,86,127,6,22" hai2="35,51,131,48,43,103,119,52,113,13,134,75,29" hai3="30,4,49,87,83,39,20,66,79,106,84,108,135"/><T31/><D133/><U76/><E121/><V0/><F0/><W64/><G106/><T117/><D117/><U46/><E127/><V7/><F134/><W82/><G39/><T45/><D70/><U25/><E101/><V85/><F119/><W61/><G135/><T107/><D15/><U128/><E128/><V93/><F131/><W99/><G108/><T109/><D109/><U56/><E46/><V54/><F113/><W19/><G4/><T37/><D107/><U55/><E25/><V116/><F116/><W18/><G99/><T69/><D69/><U96/><E96/><V74/><F43/><W3/><G49/><T73/><D73/><U129/><E129/><V124/><F124/><W44/><G44/><T23/><D102/><U122/><E122/><V50/><F29/><W91/><G3/><T47/><D105/><U24/><E24/><V118/><F35/><W126/><G126/><T5/><D5/><U115/><E115/><V53/><F118/><W60/><G30/><T100/><D100/><U97/><E97/><V110/><F110/><W125/><G125/><T33/><D33/><U132/><E132/><V80/><F93/><W36/><G36/><T40/><REACH who="0" step="1"/><D21/><REACH who="0" ten="422,170,45,353" step="2"/><U112/><E112/><V58/><F103/><W89/><G20/><T90/><D90/><U71/><E71/><V114/><F114/><W111/><REACH who="3" step="1"/><G111/><REACH who="3" ten="422,170,45,343" step="2"/><T130/><D130/><U123/><E123/><V14/><F58/><W78/><AGARI ba="1,2" hai="18,19,60,61,64,66,78,79,82,83,84,87,89,91" machi="78" ten="25,12000,2" yaku="1,1,2,1,0,1,22,2,8,1,53,0" doraHai="104" doraHaiUra="8" who="3" fromWho="3" sc="422,-61,170,-31,45,-31,343,143" /><INIT seed="5,0,0,0,5,114" ten="361,139,14,486" oya="1" hai0="48,89,17,34,134,28,44,47,3,95,92,127,18" hai1="79,126,45,40,119,32,1,61,63,16,80,88,21" hai2="133,49,109,54,7,70,66,52,129,104,78,10,25" hai3="43,55,125,110,122,12,2,4,38,106,14,15,62"/><U74/><E32/><V77/><F109/><W124/><G110/><T105/><D3/><U118/><E1/><V26/><F104/><W96/><G122/><T90/><D105/><U99/><E126/><N who="3" m="48746" /><G2/><T76/><D76/><U65/><E99/><V67/><F133/><W112/><G112/><T30/><D134/><U19/><E88/><V82/><F129/><W46/><G4/><T123/><D123/><U120/><E120/><V91/><F70/><W85/><G85/><T42/><D34/><U69/><E63/><V73/><F73/><W9/><G9/><T37/><D127/><U86/><E74/><V94/><F82/><W0/><G0/><T59/><D59/><U135/><E135/><V13/><F7/><W128/><G128/><T72/><D72/><U93/><E93/><V36/><F36/><W60/><G55/><T53/><D30/><U108/><E108/><V8/><F94/><W56/><G56/><T5/><D5/><U102/><E102/><AGARI ba="0,0" hai="12,14,15,38,43,46,60,62,96,102,106" m="48746" machi="102" ten="30,1000,0" yaku="18,1" doraHai="114" who="3" fromWho="1" sc="361,0,139,-10,14,0,486,10" /><INIT seed="6,0,0,5,5,124" ten="361,129,14,496" oya="2" hai0="30,106,21,39,24,55,57,101,108,20,120,92,43" hai1="78,130,112,125,63,60,127,121,117,44,1,2,85" hai2="45,40,48,99,102,54,22,12,88,10,119,91,133" hai3="34,50,98,62,90,128,58,41,94,49,17,105,28"/><V93/><F119/><W9/><G105/><T81/><D106/><U67/><E117/><V32/><F32/><W25/><G128/><T132/><D108/><U70/><E130/><V114/><F114/><W87/><G41/><T74/><D132/><U31/><E112/><V16/><F133/><W11/><G9/><T26/><D120/><U71/><E121/><V52/><F10/><W115/><G115/><T118/><D118/><U109/><E109/><V72/><F72/><W18/><G18/><T61/><D39/><U8/><E31/><V29/><F29/><W110/><G110/><T27/><D43/><U64/><E44/><V33/><F33/><W35/><G35/><T84/><D74/><U53/><E53/><AGARI ba="0,0" hai="12,16,22,40,45,48,52,53,54,88,91,93,99,102" machi="53" ten="40,12000,1" yaku="8,1,54,3" doraHai="124" who="2" fromWho="1" sc="361,0,129,-120,14,120,496,0" /><INIT seed="6,1,0,4,5,121" ten="361,9,134,496" oya="2" hai0="5,68,13,46,21,9,7,98,16,105,34,49,35" hai1="39,97,50,75,100,83,93,87,70,28,61,106,81" hai2="85,95,52,19,123,124,14,30,23,66,10,82,24" hai3="38,130,104,48,117,119,77,44,74,109,103,6,126"/><V133/><F123/><W134/><G48/><T36/><D68/><U26/><E39/><V107/><F107/><W96/><G126/><T27/><D36/><U51/><E75/><V53/><F133/><W78/><G78/><T91/><D7/><U67/><E93/><V63/><F124/><W88/><G88/><T47/><D47/><U101/><E101/><V58/><F95/><W73/><G134/><T108/><D108/><U86/><E86/><V131/><F131/><W32/><G130/><T11/><D11/><U92/><E92/><V37/><F37/><W2/><G109/><T15/><D15/><U3/><E3/><V110/><F110/><W4/><G6/><T128/><D128/><U84/><E84/><V90/><AGARI ba="1,0" hai="10,14,19,23,24,30,52,53,58,63,66,82,85,90" machi="90" ten="20,7800,0" yaku="0,1,7,1,8,1,54,1" doraHai="121" who="2" fromWho="2" sc="361,-27,9,-27,134,81,496,-27" owari="334,13.0,-18,-52.0,215,-18.0,469,57.0" /></mjloggm>