<mjloggm ver="2.3"><GO type="41" lobby="0"/><UN n0="%46%6F%78%30%32%33" n1="%74%68%72%69%6C%6C%65%72" n2="%E3%82%A2%E3%83%AB%E3%83%87%E3%83%B3%E3%83%86" n3="%E5%B0%B1%E6%B4%BB%E7%94%9F%40%E5%B7%9D%E6%9D%91%E8%BB%8D%E5%9B%A3" dan="14,14,14,16" rate="1829.06,1909.04,2005.32,2029.06" sx="M,M,M,M"/><TAIKYOKU oya="0"/><INIT seed="0,0,0,2,3,71" ten="250,250,250,250" oya="0" hai0="118,45,80,17,29,56,9,88,123,103,72,74,12" hai1="28,11,21,108,111,107,30,19,92,39,84,38,43" hai2="97,2,36,57,50,90,61,81,35,13,64,127,68" hai3="23,121,113,109,82,135,7,54,131,120,5,53,119"/><T58/><D103/><U67/><E107/><V62/><F2/><W47/><G82/><T59/><D123/><U49/><E67/><V91/><F35/><W73/><G47/><T40/><D118/><U31/><E11/><V22/><F127/><W89/><G23/><T37/><D29/><U117/><E117/><V106/><F50/><W110/><G89/><T10/><REACH who="0" step="1"/><D9/><REACH who="0" ten="240,250,250,250" step="2"/><U25/><E43/><V48/><F106/><W70/><G119/><T75/><D75/><U78/><E49/><V65/><F48/><W83/><G73/><T86/><AGARI ba="0,1" hai="10,12,17,37,40,45,56,58,59,72,74,80,86,88" machi="86" ten="30,12000,1" yaku="1,1,0,1,52,1,54,1,53,1" doraHai="71" doraHaiUra="69" who="0" fromWho="0" sc="240,130,250,-40,250,-40,250,-40" /><INIT seed="0,1,0,3,2,47" ten="370,210,210,210" oya="0" hai0="88,11,27,35,102,134,31,64,68,97,26,85,110" hai1="94,59,90,38,84,86,111,117,72,16,37,83,60" hai2="20,129,105,120,3,2,132,22,6,124,23,79,107" hai3="125,89,28,34,10,63,77,66,53,32,4,121,75"/><T95/><D134/><U92/><E111/><V81/><F132/><W56/><G125/><T25/><D110/><U30/><E117/><V74/><F124/><W80/><G121/><T21/><D21/><U114/><E114/><V70/><F120/><W103/><G103/><T33/><D33/><U93/><E30/><V1/><F129/><W91/><G28/><T99/><D11/><U50/><E50/><V130/><F130/><W43/><G43/><T40/><D40/><U36/><E72/><V61/><REACH who="2" step="1"/><F6/><REACH who="2" ten="370,210,200,210" step="2"/><W42/><G34/><T58/><D35/><U109/><E109/><V126/><F126/><W8/><G32/><T55/><D31/><U127/><E127/><V57/><F57/><W29/><G29/><T115/><D68/><U5/><E5/><V13/><F13/><W106/><G4/><T52/><D115/><U113/><E113/><V76/><F76/><W67/><G56/><T41/><D102/><U15/><E90/><V100/><F100/><W87/><G89/><T82/><D82/><U135/><E83/><V65/><AGARI ba="1,1" hai="1,2,3,20,22,23,61,65,70,74,79,81,105,107" machi="65" ten="40,2700,0" yaku="1,1,0,1,53,0" doraHai="47" doraHaiUra="69" who="2" fromWho="2" sc="370,-14,210,-8,200,40,210,-8" /><INIT seed="1,0,0,0,0,57" ten="356,202,240,202" oya="1" hai0="17,9,135,128,89,107,118,28,108,58,85,34,60" hai1="61,16,77,102,53,71,40,115,56,70,104,74,43" hai2="24,35,18,63,33,130,114,97,62,100,29,15,112" hai3="4,73,69,106,55,51,91,124,116,129,90,123,36"/><U105/><E115/><N who="2" m="44075" /><F130/><W80/><G36/><T41/><D118/><U87/><E74/><V11/><F33/><W67/><G123/><T20/><D107/><AGARI ba="0,0" hai="11,15,18,24,29,35,62,63,97,100,107" m="44075" machi="107" ten="30,3900,0" yaku="11,1,52,2" doraHai="57" who="2" fromWho="0" sc="356,-39,202,0,240,39,202,0" /><INIT seed="2,0,0,0,0,81" ten="317,202,279,202" oya="2" hai0="26,42,52,50,108,43,57,114,87,49,12,7,9" hai1="99,59,94,98,61,24,113,91,85,119,69,31,40" hai2="46,86,105,79,1,96,65,74,54,67,51,20,33" hai3="38,19,60,133,72,10,125,83,128,124,120,6,11"/><V0/><F33/><W44/><G72/><T34/><D108/><U71/><E119/><V68/><F74/><W131/><G38/><T89/><D114/><U117/><E117/><V84/><F0/><N who="3" m="327" /><G44/><T47/><D26/><U76/><E113/><V97/><F1/><W2/><G83/><N who="0" m="49407" /><D34/><U29/><E69/><V92/><F105/><W5/><G60/><T37/><D37/><U22/><E71/><V55/><F20/><W132/><G19/><T118/><D118/><U88/><E76/><V27/><F27/><W13/><G13/><T78/><D78/><U134/><E134/><N who="3" m="51818" /><G120/><T3/><D3/><U110/><E110/><V25/><F25/><W63/><G63/><T21/><D21/><U80/><E40/><AGARI ba="0,0" hai="7,9,12,40,42,43,47,49,50,52,57" m="49407" machi="40" ten="30,3900,0" yaku="8,1,52,1,54,1" doraHai="81" who="0" fromWho="1" sc="317,39,202,-39,279,0,202,0" /><INIT seed="3,0,0,5,4,125" ten="356,163,279,202" oya="3" hai0="16,3,27,13,90,97,74,101,47,59,60,43,40" hai1="42,77,135,31,63,24,25,50,107,70,103,122,123" hai2="92,8,64,6,46,5,113,73,71,117,118,114,30" hai3="56,39,96,58,45,86,126,41,57,124,66,79,108"/><W11/><G96/><T19/><D74/><U81/><E135/><V116/><F73/><W93/><G11/><T84/><D3/><U129/><E129/><V104/><F104/><W132/><G93/><N who="0" m="58543" /><D47/><U17/><E42/><N who="0" m="15913" /><D13/><U53/><E17/><V36/><F30/><W65/><G86/><T109/><D27/><U100/><E24/><V54/><F36/><W87/><G87/><T133/><D133/><U112/><E112/><V94/><F64/><N who="3" m="24683" /><G79/><T61/><D109/><U2/><E2/><V78/><F78/><W134/><G108/><T29/><D29/><U102/><E107/><V51/><F71/><W67/><N who="3" m="24691" /><W22/><DORA hai="48" /><G22/><T80/><D59/><N who="3" m="15105" /><W20/><DORA hai="55" /><G20/><T110/><D110/><U128/><E128/><V82/><F82/><W91/><G91/><T37/><D37/><U121/><E63/><AGARI ba="0,0" hai="16,19,60,61,63,80,84,90" m="15913,58543" machi="63" ten="30,2000,0" yaku="8,1,54,1" doraHai="125,48,55" who="0" fromWho="1" sc="356,20,163,-20,279,0,202,0" /><INIT seed="4,0,0,3,3,45" ten="376,143,279,202" oya="0" hai0="85,98,30,36,82,14,103,128,130,21,70,123,40" hai1="12,26,64,55,67,127,83,79,35,4,9,49,124" hai2="8,89,100,11,47,87,74,48,88,58,94,66,63" hai3="108,97,122,119,5,135,86,105,34,115,62,17,65"/><T90/><D70/><U125/><E35/><V37/><F37/><W46/><G34/><T10/><D123/><U113/><E113/><V132/><F132/><W111/><G5/><T73/><D73/><U29/><E29/><V120/><F74/><W0/><G0/><T81/><D40/><U95/><E26/><V76/><F100/><W1/><G1/><T133/><D36/><U15/><E95/><N who="2" m="54687" /><F76/><W16/><G105/><T78/><D78/><U134/><E15/><V44/><F44/><W71/><G115/><T114/><D114/><U131/><E131/><N who="0" m="50217" /><D21/><U32/><E32/><V101/><F101/><W69/><G119/><T102/><D30/><U104/><E104/><V19/><F19/><W13/><G135/><T20/><D20/><U118/><E134/><V92/><F120/><W52/><G122/><T25/><D25/><U121/><E118/><V117/><F117/><W56/><G71/><T43/><D43/><U112/><E112/><V42/><F92/><W54/><G69/><T77/><D133/><U50/><E121/><V6/><F6/><W41/><G111/><T59/><D59/><U96/><E96/><AGARI ba="0,0" hai="8,11,42,47,48,58,63,66,89,94,96" m="54687" machi="96" ten="30,3900,0" yaku="8,1,52,1,54,1" doraHai="45" who="2" fromWho="1" sc="376,0,143,-39,279,39,202,0" /><INIT seed="5,0,0,5,1,109" ten="376,104,318,202" oya="1" hai0="52,89,41,62,81,22,34,99,93,6,46,126,50" hai1="27,127,47,94,121,100,135,4,59,13,31,108,5" hai2="28,131,14,9,116,114,24,80,15,57,25,110,42" hai3="105,106,86,79,75,92,29,98,125,2,23,11,37"/><U74/><E121/><V61/><F110/><W40/><G125/><T88/><D34/><U104/><E108/><V3/><F131/><W55/><G55/><T101/><D6/><U119/><E119/><V58/><F116/><W123/><G86/><T113/><D113/><U115/><E115/><V134/><F134/><W72/><G23/><T30/><D81/><U69/><E69/><V21/><F42/><W85/><G85/><T87/><D87/><U76/><E104/><V43/><F43/><W1/><G29/><T120/><D126/><U53/><E135/><V65/><F80/><N who="3" m="45159" /><G1/><T18/><D30/><U0/><E0/><V64/><F24/><W124/><G75/><T84/><D84/><U90/><E100/><V128/><F128/><W132/><G132/><T32/><D32/><U78/><E74/><V8/><F114/><W107/><G123/><T38/><D120/><U20/><E127/><V39/><F39/><W97/><G92/><T63/><D38/><U91/><E47/><V66/><F3/><W77/><G77/><N who="1" m="29802" /><E13/><N who="2" m="4619" /><F58/><W67/><G67/><AGARI ba="0,0" hai="8,9,21,25,28,57,61,64,65,66,67" m="4619" machi="67" ten="30,1000,0" yaku="8,1" doraHai="109" who="2" fromWho="3" sc="376,0,104,0,318,10,202,-10" /><INIT seed="6,0,0,4,4,115" ten="376,104,328,192" oya="2" hai0="41,107,42,98,67,70,62,40,17,74,75,114,130" hai1="69,51,66,92,103,106,61,84,52,5,82,112,109" hai2="113,58,33,48,6,54,81,55,95,57,116,110,37" hai3="9,3,35,108,88,89,25,36,99,80,0,16,26"/><V34/><F37/><W122/><G108/><T135/><D114/><U47/><E109/><V43/><F110/><W101/><G122/><T44/><D135/><U85/><E112/><V64/><F116/><W39/><G35/><T45/><D130/><U60/><E106/><V118/><F118/><W121/><G121/><T124/><D124/><U38/><E5/><V93/><F43/><W32/><G32/><T86/><D86/><U49/><E38/><V77/><F6/><W14/><G36/><T56/><D17/><U134/><E134/><V23/><F64/><W15/><G39/><T4/><D4/><U12/><E61/><V78/><F23/><W7/><G0/><T46/><REACH who="0" step="1"/><D70/><REACH who="0" ten="366,104,328,192" step="2"/><U127/><E127/><V31/><F113/><W11/><G3/><T59/><D59/><U117/><E117/><V125/><F125/><W111/><G111/><T76/><D76/><U53/><E82/><V120/><F78/><W21/><G80/><T10/><D10/><U94/><E12/><V123/><F123/><W126/><G126/><T105/><D105/><U91/><E103/><AGARI ba="0,1" hai="40,41,42,44,45,46,56,62,67,74,75,98,103,107" machi="103" ten="40,2600,0" yaku="1,1,53,1" doraHai="115" doraHaiUra="63" who="0" fromWho="1" sc="366,36,104,-26,328,0,192,0" /><INIT seed="7,0,0,0,3,28" ten="402,78,328,192" oya="3" hai0="8,91,7,126,94,34,92,61,93,117,51,47,86" hai1="69,88,115,78,79,121,104,15,44,124,96,3,53" hai2="24,1,113,131,12,0,118,64,31,11,2,56,67" hai3="89,9,16,76,108,128,48,37,66,33,114,17,29"/><W49/><G37/><T62/><D117/><U27/><E115/><V70/><F118/><W18/><G76/><T135/><D135/><U129/><E129/><V4/><F70/><W13/><G128/><T125/><D34/><U130/><E124/><N who="0" m="47721" /><D93/><U112/><E130/><V57/><F131/><W87/><G114/><T63/><D91/><U73/><E3/><V120/><F113/><W134/><G134/><T40/><D86/><U109/><E73/><V58/><REACH who="2" step="1"/><F120/><REACH who="2" ten="402,78,318,192" step="2"/><W5/><G108/><T68/><D68/><U54/><E121/><V72/><F72/><W133/><G133/><T19/><D19/><U74/><E112/><V46/><F46/><W26/><REACH who="3" step="1"/><G66/><REACH who="3" ten="402,78,318,182" step="2"/><T83/><D83/><AGARI ba="0,2" hai="5,9,13,16,17,18,26,29,33,48,49,83,87,89" machi="83" ten="40,12000,1" yaku="1,1,2,1,52,1,54,1,53,1" doraHai="28" doraHaiUra="10" who="3" fromWho="0" sc="402,-120,78,0,318,0,182,140" owari="282,-12.0,78,-42.0,318,12.0,322,42.0" /></mjloggm>