<mjloggm ver="2.3"><GO type="97" lobby="0"/><UN n0="%41%4C%42%32%30%31%33" n1="%E5%B0%B1%E6%B4%BB%E7%94%9F%40%E5%B7%9D%E6%9D%91%E8%BB%8D%E5%9B%A3" n2="%E6%89%93%E5%80%92%E9%80%A3%E7%9B%9F%E9%9B%80%E5%A3%AB" n3="%E6%B0%B4%E7%84%A1%E7%80%AC%E6%B5%81%E5%8D%97" dan="13,15,13,14" rate="1863.49,2003.49,1804.59,1955.65" sx="M,M,M,M"/><TAIKYOKU oya="0"/><INIT seed="0,0,0,3,5,76" ten="250,250,250,250" oya="0" hai0="97,14,4,1,43,17,117,96,60,37,101,22,107" hai1="51,105,119,34,130,120,71,128,103,26,125,133,6" hai2="62,114,31,39,21,113,93,123,95,131,68,48,52" hai3="36,115,87,19,111,56,5,83,135,129,132,65,24"/><T78/><D117/><U18/><E71/><V11/><F123/><W58/><G36/><T102/><D1/><U80/><E119/><V112/><F39/><W10/><G115/><T75/><D4/><U25/><E120/><V61/><F131/><N who="1" m="50217" /><E133/><N who="3" m="51274" /><G129/><T30/><D37/><U8/><E125/><V66/><F61/><W99/><G99/><T104/><D43/><U90/><E34/><V85/><F11/><W12/><G65/><T72/><D60/><U91/><E51/><V49/><F49/><W127/><G127/><T134/><D134/><U7/><E103/><V73/><F73/><W23/><G111/><T47/><D47/><U124/><E105/><V63/><F63/><W46/><G46/><T45/><D45/><U109/><E109/><V118/><F118/><W41/><G41/><T27/><REACH who="0" step="1"/><D78/><AGARI ba="0,0" hai="5,10,12,19,23,24,56,58,78,83,87" m="51274" machi="78" ten="30,2000,0" yaku="20,1,52,1" doraHai="76" who="3" fromWho="0" sc="250,-20,250,0,250,0,250,20" /><INIT seed="1,0,0,1,4,13" ten="230,250,250,270" oya="1" hai0="54,49,7,129,72,52,95,53,40,132,68,127,43" hai1="108,88,6,64,0,74,25,100,59,105,110,96,69" hai2="45,22,80,2,86,120,82,67,47,55,15,8,94" hai3="44,16,73,99,48,114,97,93,103,23,63,37,128"/><U18/><E74/><V112/><F120/><W91/><G73/><T26/><D72/><U61/><E0/><V87/><F112/><W130/><G37/><T19/><D127/><U116/><E6/><V28/><F2/><W92/><G63/><T76/><D129/><U115/><E116/><V4/><F67/><W24/><REACH who="3" step="1"/><G114/><REACH who="3" ten="230,250,250,260" step="2"/><T36/><D132/><U77/><E115/><V123/><F123/><W62/><G62/><T51/><D36/><U98/><E77/><V119/><F119/><W84/><G84/><T71/><D76/><U39/><E39/><V102/><F87/><W35/><G35/><T20/><D68/><U81/><E69/><V56/><F86/><W89/><G89/><T134/><D71/><U32/><E81/><V75/><F80/><W122/><G122/><T107/><D134/><U90/><E32/><V11/><F82/><W85/><G85/><T66/><D66/><U83/><E83/><V60/><F75/><W33/><G33/><T3/><D107/><U27/><E96/><V57/><F60/><W65/><G65/><T131/><D131/><U21/><REACH who="1" step="1"/><E25/><REACH who="1" ten="230,240,250,260" step="2"/><V104/><F4/><W111/><G111/><AGARI ba="0,2" hai="18,21,27,59,61,64,88,90,98,100,105,108,110,111" machi="111" ten="40,18000,2" yaku="1,1,2,1,14,1,10,1,52,1,54,1,53,0" doraHai="13" doraHaiUra="125" who="1" fromWho="3" sc="230,0,240,200,250,0,260,-180" /><INIT seed="1,1,0,5,2,4" ten="230,440,250,80" oya="1" hai0="3,56,87,84,115,10,114,90,24,35,119,67,5" hai1="66,43,38,106,29,124,131,134,13,128,26,28,50" hai2="74,99,31,117,49,55,18,17,60,78,57,101,83" hai3="85,89,37,14,105,97,100,20,48,91,123,32,2"/><U65/><E106/><V80/><F117/><W40/><G2/><T130/><D119/><U93/><E38/><V70/><F83/><W47/><G32/><T86/><D130/><U15/><E93/><V82/><F82/><W104/><G37/><T122/><D122/><U22/><E124/><V71/><F71/><W127/><G127/><T34/><D67/><U73/><E73/><V61/><F70/><W0/><G0/><T95/><D56/><U118/><E118/><V92/><F31/><W133/><G133/><T33/><REACH who="0" step="1"/><D24/><REACH who="0" ten="220,440,250,80" step="2"/><U45/><E66/><V108/><F108/><W120/><G120/><T39/><D39/><U102/><E65/><V126/><F126/><W109/><G123/><T64/><D64/><U59/><E134/><V1/><F1/><W76/><G109/><T46/><D46/><U81/><E59/><V25/><F25/><W7/><G104/><T121/><D121/><U42/><E45/><V94/><F61/><W41/><G41/><T58/><D58/><U51/><E43/><V98/><REACH who="2" step="1"/><F60/><REACH who="2" ten="220,440,240,80" step="2"/><W72/><G72/><T19/><D19/><U16/><E16/><V135/><F135/><W110/><G110/><T88/><D88/><AGARI ba="1,2" hai="17,18,49,55,57,74,78,80,88,92,94,98,99,101" machi="88" ten="30,3900,0" yaku="1,1,7,1,54,1,53,0" doraHai="4" doraHaiUra="30" who="2" fromWho="0" sc="220,-42,440,0,240,62,80,0" /><INIT seed="2,0,0,2,4,109" ten="178,440,302,80" oya="2" hai0="40,118,10,114,35,43,55,70,94,3,28,2,52" hai1="120,18,23,119,73,66,85,49,90,91,86,57,22" hai2="25,121,53,126,42,101,81,132,29,45,102,76,75" hai3="115,107,27,106,24,26,125,97,33,67,80,135,111"/><V100/><F121/><W61/><G135/><T133/><D70/><U89/><E119/><V41/><F132/><W47/><G125/><T62/><D118/><U11/><E73/><V31/><F126/><W93/><G47/><T68/><D68/><U83/><E120/><V37/><F41/><W64/><G111/><T12/><D133/><U71/><E71/><V87/><F87/><W96/><G33/><T122/><D122/><U16/><E11/><V95/><F95/><W6/><G6/><T51/><D35/><U0/><E0/><V8/><F8/><W17/><G17/><N who="1" m="6762" /><E89/><V130/><F130/><W82/><G61/><T84/><D28/><U72/><E72/><V4/><F4/><W123/><G123/><T30/><D30/><U108/><E108/><V36/><F36/><W1/><G93/><T38/><D38/><U5/><E5/><V99/><F99/><W39/><G39/><T48/><D3/><U65/><E49/><V134/><F134/><W110/><G110/><T32/><D32/><U124/><E124/><V15/><F15/><W129/><G1/><T113/><D2/><U44/><E44/><V117/><F117/><W54/><G54/><T79/><D62/><N who="1" m="38095" /><E66/><V59/><REACH who="2" step="1"/><F25/><REACH who="2" ten="178,440,292,80" step="2"/><W77/><G26/><T78/><D84/><U74/><E74/><V98/><F98/><W69/><G69/><T50/><D94/><AGARI ba="0,1" hai="22,23,83,85,86,90,91,94" m="38095,6762" machi="94" ten="30,2000,0" yaku="8,1,54,1" doraHai="109" who="1" fromWho="0" sc="178,-20,440,30,292,0,80,0" /><INIT seed="3,0,0,1,5,25" ten="158,470,292,80" oya="3" hai0="39,134,83,108,16,131,104,71,23,30,58,99,91" hai1="62,107,42,129,24,88,46,3,68,50,13,10,123" hai2="29,89,126,115,55,119,48,122,44,52,75,81,103" hai3="87,85,4,133,92,135,114,63,84,100,53,96,28"/><W74/><G114/><T18/><D108/><U132/><E107/><V60/><F115/><W67/><G74/><T57/><D134/><N who="3" m="51209" /><G4/><T47/><D131/><U113/><E113/><V77/><F119/><W73/><G73/><T66/><D71/><U2/><E123/><V45/><F122/><W90/><G53/><T78/><D104/><U15/><E129/><V118/><F118/><W21/><G63/><T7/><D39/><U19/><E132/><V5/><F5/><W61/><G61/><T1/><D1/><U64/><E24/><V70/><F126/><W79/><G67/><T49/><D7/><U12/><E12/><V0/><F0/><W82/><G21/><T43/><D99/><U26/><E26/><V41/><F103/><W34/><G34/><T31/><D91/><U102/><E102/><V20/><F89/><W106/><G28/><N who="0" m="10795" /><D66/><U11/><E88/><V130/><F130/><W112/><G112/><T76/><D18/><AGARI ba="0,0" hai="2,3,10,11,13,15,18,19,42,46,50,62,64,68" machi="18" ten="30,2000,0" yaku="7,1,9,1" doraHai="25" who="1" fromWho="0" sc="158,-20,470,20,292,0,80,0" owari="138,-26.0,490,59.0,292,9.0,80,-42.0" /></mjloggm>