<mjloggm ver="2.3"><GO type="169" lobby="0"/><UN n0="%E3%82%A6%E3%83%AB%E3%83%88%E3%83%A9%E7%AB%8B%E7%9B%B4" n1="%E9%BA%BB%E9%9B%80%E3%81%AE%E6%89%89" n2="%4E%75%74%61%37%39" n3="%E9%9D%92%E3%83%99%E3%82%AC" dan="16,16,17,16" rate="2115.28,2057.80,2167.70,2009.97" sx="M,M,M,F"/><TAIKYOKU oya="0"/><INIT seed="0,0,0,2,3,75" ten="250,250,250,250" oya="0" hai0="102,68,66,31,80,50,42,85,91,46,25,4,52" hai1="30,70,38,15,132,77,51,81,101,11,36,72,96" hai2="104,9,13,33,90,2,124,122,86,89,133,18,55" hai3="103,93,1,73,74,35,114,129,108,58,44,37,117"/><T82/><D102/><U23/><E70/><V29/><F104/><W41/><G1/><T84/><D4/><U87/><E132/><V115/><F115/><W126/><G35/><T59/><D68/><U60/><E60/><V135/><F124/><W26/><G114/><T119/><D66/><U111/><E111/><V79/><F2/><W40/><G117/><T43/><D119/><U34/><E34/><V6/><F122/><W78/><G108/><T64/><D64/><U56/><E72/><V63/><F18/><W95/><G40/><T109/><D109/><U107/><E23/><V57/><F29/><W98/><G129/><T123/><D123/><U14/><E30/><V49/><F33/><W112/><G112/><T61/><D43/><U118/><E15/><V92/><F89/><W28/><G126/><T67/><D67/><U130/><E130/><V21/><F21/><W62/><G95/><T12/><D12/><U120/><E120/><V71/><F71/><W3/><G3/><T10/><D10/><U127/><E127/><V16/><F6/><W0/><G0/><T5/><D5/><U7/><E118/><V24/><F24/><W131/><G131/><T134/><D134/><N who="2" m="51210" /><F63/><W105/><G105/><T97/><D97/><U27/><E27/><V128/><F128/><W8/><G8/><T17/><D17/><U32/><E32/><V69/><F69/><W54/><G74/><T116/><D116/><U53/><AGARI ba="0,0" hai="7,11,14,36,38,51,53,56,77,81,87,96,101,107" machi="53" ten="30,2000,0" yaku="0,1,52,1" doraHai="75" who="1" fromWho="1" sc="250,-10,250,20,250,-5,250,-5" /><INIT seed="1,0,0,5,1,42" ten="240,270,245,245" oya="1" hai0="24,21,109,83,92,84,114,129,113,70,0,95,41" hai1="131,71,55,66,50,81,46,107,7,59,17,27,18" hai2="25,54,38,53,16,34,75,60,33,26,97,79,96" hai3="51,58,57,87,123,115,22,11,14,80,121,74,40"/><U37/><E107/><V111/><F38/><W49/><G115/><T10/><D70/><U106/><E106/><V36/><F36/><W89/><G74/><T91/><D129/><U73/><E131/><V1/><F1/><W94/><G121/><T117/><D117/><U82/><E7/><V28/><F111/><W93/><G123/><T12/><D0/><U86/><E73/><V3/><F3/><W63/><G22/><T85/><D109/><U133/><E133/><V119/><F119/><W76/><G93/><T132/><D132/><U43/><E27/><V13/><F75/><W101/><G101/><T5/><D41/><U78/><E82/><V72/><F72/><W20/><G20/><T69/><D69/><U8/><E8/><V48/><F79/><W52/><G58/><T88/><REACH who="0" step="1"/><D83/><REACH who="0" ten="230,270,245,245" step="2"/><U2/><E2/><V4/><F33/><W31/><G40/><T126/><D126/><U30/><E30/><AGARI ba="0,1" hai="5,10,12,21,24,30,84,85,88,91,92,95,113,114" machi="30" ten="30,7700,0" yaku="1,1,7,1,9,1,54,1,53,0" doraHai="42" doraHaiUra="118" who="0" fromWho="1" sc="230,87,270,-77,245,0,245,0" /><INIT seed="2,0,0,2,4,43" ten="317,193,245,245" oya="2" hai0="120,64,17,40,84,117,106,118,35,115,39,78,44" hai1="87,91,29,5,41,128,3,66,10,98,111,134,101" hai2="51,38,86,20,63,31,68,93,25,113,80,42,14" hai3="37,105,124,79,48,131,9,122,47,16,95,28,70"/><V83/><F38/><W129/><G105/><T103/><D115/><U114/><E114/><V26/><F113/><W67/><G122/><T71/><D120/><U60/><E134/><V6/><F25/><W94/><G37/><T12/><D35/><U135/><E135/><V121/><F121/><W69/><G28/><T0/><D0/><U99/><E128/><N who="3" m="49226" /><G79/><T119/><D64/><U102/><E111/><V7/><F63/><N who="3" m="40191" /><G70/><T13/><D71/><U100/><E29/><V46/><F68/><W23/><G9/><T110/><D110/><U34/><E34/><V126/><F126/><W53/><G124/><T4/><D4/><N who="2" m="1578" /><F14/><AGARI ba="0,0" hai="14,16,23,47,48,53,94,95" m="40191,49226" machi="14" ten="30,3900,0" yaku="19,1,52,1,54,1" doraHai="43" who="3" fromWho="2" sc="317,0,193,0,245,-39,245,39" /><INIT seed="3,0,0,4,3,102" ten="317,193,206,284" oya="3" hai0="29,101,3,126,7,111,87,21,74,106,127,65,130" hai1="30,27,41,77,121,91,18,84,107,4,16,67,36" hai2="34,90,57,129,59,128,133,86,83,32,89,75,70" hai3="44,110,114,69,117,5,118,105,64,0,120,97,39"/><W49/><G114/><T12/><D74/><U14/><E121/><V47/><F75/><W24/><G120/><T135/><D130/><N who="2" m="50282" /><F70/><W72/><G72/><T125/><D135/><U71/><E77/><V85/><F47/><W8/><G49/><T116/><D116/><U42/><E4/><V45/><F45/><W104/><G24/><T56/><D87/><N who="2" m="33290" /><F83/><W123/><G123/><T22/><D111/><U78/><E78/><V99/><F99/><W37/><G110/><T95/><D95/><U81/><E36/><N who="3" m="13898" /><G44/><T6/><D3/><U103/><E71/><V26/><F133/><W61/><G97/><N who="0" m="61743" /><D29/><U52/><E30/><V15/><F26/><W82/><G82/><T62/><D12/><U94/><E81/><V63/><F15/><W28/><G28/><T19/><D19/><U60/><E27/><V46/><F46/><W68/><G68/><T25/><D25/><U13/><E18/><V79/><F79/><W88/><G88/><N who="2" m="33897" /><F63/><W38/><N who="3" m="13906" /><W108/><DORA hai="93" /><G108/><T23/><AGARI ba="0,0" hai="6,7,21,22,23,56,62,65,125,126,127" m="61743" machi="23" ten="40,5200,0" yaku="18,1,52,2" doraHai="102,93" who="0" fromWho="0" sc="317,52,193,-13,206,-13,284,-26" /><INIT seed="4,0,0,1,3,42" ten="369,180,193,258" oya="0" hai0="93,69,87,15,29,115,31,20,80,17,94,57,83" hai1="49,129,70,56,81,124,10,52,105,108,89,95,65" hai2="11,112,50,19,35,97,130,26,64,27,119,102,78" hai3="22,103,77,133,0,5,88,28,3,68,14,107,79"/><T72/><D69/><U12/><E105/><V51/><F112/><W106/><G68/><T9/><D115/><U98/><E108/><V121/><F121/><W41/><G107/><T101/><D72/><U126/><E129/><V75/><F130/><W92/><G133/><T116/><D116/><U21/><E21/><V44/><F51/><W54/><G41/><T30/><D57/><U18/><REACH who="1" step="1"/><E81/><REACH who="1" ten="369,170,193,258" step="2"/><V43/><F119/><W47/><G22/><T113/><D113/><U60/><AGARI ba="0,1" hai="10,12,18,49,52,56,60,65,70,89,95,98,124,126" machi="60" ten="30,7900,0" yaku="1,1,2,1,0,1,54,1,53,0" doraHai="42" doraHaiUra="118" who="1" fromWho="1" sc="369,-39,170,89,193,-20,258,-20" /><INIT seed="5,0,0,3,5,122" ten="330,259,173,238" oya="1" hai0="50,43,83,16,93,60,125,2,124,98,72,34,51" hai1="66,135,6,119,0,87,11,97,20,52,133,39,25" hai2="26,111,54,74,58,115,90,48,110,41,116,129,86" hai3="130,81,127,35,46,7,10,94,84,126,99,21,128"/><U28/><E39/><V92/><F116/><W30/><G35/><T77/><D34/><U13/><E119/><V9/><F74/><W79/><G46/><T114/><D2/><U61/><E97/><V36/><F129/><N who="3" m="49771" /><G21/><T17/><D60/><U62/><E87/><V42/><F115/><W91/><G30/><T85/><D72/><U31/><E31/><V65/><F65/><W73/><G10/><T112/><D51/><U12/><E61/><V134/><F134/><N who="1" m="51209" /><E52/><V49/><F36/><W29/><G7/><T80/><D50/><U40/><E40/><V8/><F26/><W88/><G29/><T105/><D43/><U95/><E95/><AGARI ba="0,0" hai="73,79,81,84,88,91,94,95,99,126,127" m="49771" machi="95" ten="30,7700,0" yaku="19,1,34,2,54,1" doraHai="122" who="3" fromWho="1" sc="330,0,259,-77,173,0,238,77" /><INIT seed="6,0,0,5,2,77" ten="330,182,173,315" oya="2" hai0="13,119,41,21,109,89,25,112,12,31,116,74,111" hai1="122,86,97,96,14,110,4,43,30,76,16,17,58" hai2="124,94,44,88,9,8,135,50,28,55,27,7,38" hai3="26,15,131,99,84,63,2,95,73,39,18,0,125"/><V69/><F135/><W121/><G73/><T51/><D74/><U98/><E122/><V70/><F124/><W45/><G125/><T133/><D89/><U87/><E110/><N who="0" m="41993" /><D51/><U37/><E30/><V5/><F38/><W108/><G108/><T126/><D41/><U128/><E128/><V46/><F46/><W107/><G131/><T103/><D103/><U114/><E114/><V100/><F100/><W91/><G26/><T64/><D64/><U62/><E43/><V102/><F102/><W20/><G107/><T90/><D90/><U71/><E71/><V75/><F75/><W32/><G32/><T85/><D85/><U40/><E40/><V113/><F113/><W82/><G39/><T130/><D126/><U81/><E86/><V118/><F118/><N who="0" m="45098" /><D130/><U127/><E37/><V132/><F132/><W48/><G63/><T93/><D93/><U106/><E106/><V42/><F42/><W123/><G123/><T129/><D129/><U79/><E79/><V53/><F53/><W1/><G121/><T29/><D112/><U65/><E127/><V11/><F69/><W36/><G36/><T105/><D105/><U24/><E24/><V47/><F70/><W56/><G56/><T49/><D49/><U3/><E3/><V60/><F47/><W34/><G34/><N who="0" m="20783" /><D133/><U35/><E35/><N who="2" m="20895" /><F60/><W57/><G57/><T83/><D83/><U67/><E67/><V22/><F22/><W59/><G59/><T72/><D72/><U80/><E80/><V115/><F115/><W104/><G104/><T78/><D78/><U68/><E68/><V120/><F120/><RYUUKYOKU ba="0,0" sc="330,10,182,10,173,10,315,-30" hai0="12,13,21,31" hai1="4,14,16,17,58,62,65,76,81,87,96,97,98" hai2="5,7,8,9,11,44,50,55,88,94" /><INIT seed="6,1,0,2,2,66" ten="340,192,183,285" oya="2" hai0="70,47,115,90,17,35,6,12,56,63,135,124,42" hai1="55,109,76,84,57,54,117,32,80,74,68,98,18" hai2="101,134,118,85,125,120,59,114,22,3,34,77,41" hai3="27,130,58,73,106,121,62,52,23,75,48,20,40"/><V7/><F120/><W50/><G121/><T39/><D35/><U51/><E117/><V127/><F118/><W92/><G106/><T104/><D104/><U14/><E32/><V94/><F134/><W13/><G130/><T78/><D78/><U102/><E109/><V72/><F34/><W37/><G37/><T25/><D25/><U60/><E68/><V131/><F114/><W116/><G75/><T103/><D103/><U86/><E102/><V122/><F122/><W4/><G73/><T29/><D29/><U81/><E98/><V53/><F72/><W82/><G82/><N who="1" m="31850" /><E76/><V83/><F131/><W38/><G38/><T16/><D70/><U10/><E74/><V69/><F69/><W119/><G92/><T129/><D129/><U31/><E31/><V95/><F41/><W89/><G89/><T96/><D115/><U5/><E5/><V100/><F7/><W126/><G126/><N who="2" m="48137" /><F3/><W26/><G116/><T107/><D124/><U11/><E11/><V99/><F22/><N who="3" m="8235" /><G119/><T91/><D42/><U112/><E112/><V133/><F133/><W30/><G30/><T21/><D21/><U2/><E2/><V110/><F110/><W49/><G40/><N who="0" m="22943" /><D6/><U28/><E28/><V33/><F33/><W67/><G67/><N who="0" m="39399" /><D135/><U8/><E8/><AGARI ba="1,0" hai="4,8,13,26,27,48,49,50,52,58,62" m="8235" machi="8" ten="30,2000,0" yaku="8,1,54,1" doraHai="66" who="3" fromWho="1" sc="340,0,192,-23,183,0,285,23" /><INIT seed="7,0,0,2,1,8" ten="340,169,183,308" oya="3" hai0="126,124,134,52,25,3,76,12,100,55,18,67,87" hai1="19,79,107,102,20,89,123,75,33,22,113,49,59" hai2="73,93,64,128,9,105,99,69,44,98,74,122,103" hai3="71,101,23,0,118,88,82,97,116,46,111,121,58"/><W4/><G121/><T92/><D3/><U66/><E33/><V29/><F122/><W53/><G71/><T27/><D67/><U50/><E123/><V61/><F128/><W120/><G120/><T129/><D129/><U38/><E38/><V112/><F112/><W77/><G46/><T110/><D110/><U28/><E113/><V32/><F9/><W90/><G111/><T11/><D134/><U35/><E35/><V115/><F44/><W60/><G4/><T127/><D100/><U24/><E107/><V63/><F63/><W40/><G40/><T1/><D1/><U62/><E102/><N who="2" m="62687" /><F115/><W70/><G0/><T86/><D92/><U47/><E47/><V68/><F68/><W45/><G45/><T17/><D17/><U72/><E72/><V51/><F51/><W57/><G70/><T13/><D13/><N who="1" m="9327" /><E75/><V2/><F2/><W48/><G23/><T39/><D39/><U30/><E79/><V5/><F5/><W130/><G130/><T132/><D76/><U21/><E89/><N who="3" m="34410" /><G97/><T43/><D132/><U114/><E114/><V78/><F78/><W80/><G101/><T125/><D43/><U96/><E96/><V131/><F131/><W41/><G41/><T104/><D127/><U84/><E84/><N who="0" m="32297" /><D104/><U94/><E94/><V31/><F32/><W16/><G16/><T6/><D18/><U36/><E36/><V7/><F7/><W106/><G106/><T108/><D108/><U119/><E119/><N who="3" m="45610" /><G77/><T42/><D42/><U34/><E34/><V83/><F74/><W135/><G135/><T37/><D37/><U81/><E81/><RYUUKYOKU ba="0,0" sc="340,0,169,0,183,0,308,0" hai0="6,11,12,25,27,52,55,124,125,126" hai1="21,22,24,28,30,49,50,59,62,66" hai2="29,31,61,64,69,73,83,93,98,103" hai3="48,53,57,58,60,80,82" /><INIT seed="7,1,0,1,4,39" ten="340,169,183,308" oya="3" hai0="24,59,118,122,94,53,77,52,30,56,41,2,51" hai1="37,80,95,112,45,85,134,79,7,70,83,9,19" hai2="90,102,119,60,17,121,75,18,74,0,97,6,129" hai3="22,55,88,25,58,20,23,8,124,123,33,67,86"/><W99/><G123/><T132/><D2/><U73/><E70/><V113/><F121/><W96/><G124/><T48/><D122/><U32/><E32/><V31/><F129/><W130/><G130/><T133/><D118/><U115/><E134/><N who="0" m="51817" /><D77/><N who="1" m="46319" /><E95/><V54/><F74/><W65/><G33/><N who="0" m="20679" /><D94/><U131/><E19/><V66/><F18/><W111/><G111/><T135/><D135/><U64/><E64/><N who="3" m="24650" /><G8/><T71/><D41/><N who="1" m="22703" /><E131/><V42/><F42/><W43/><G43/><T120/><D120/><U57/><E57/><V114/><F17/><W1/><G1/><AGARI ba="1,0" hai="1,7,9,73,79,80,112,115" m="22703,46319" machi="1" ten="30,2000,0" yaku="25,1,52,1" doraHai="39" who="1" fromWho="3" sc="340,0,169,23,183,0,308,-23" owari="340,44.0,192,-21.0,183,-32.0,285,9.0" /></mjloggm>