<mjloggm ver="2.3"><GO type="225" lobby="0"/><UN n0="%E3%81%BF%E3%81%A3%E3%81%A4%E3%81%83%EF%BD%9E" n1="%E3%81%84%E3%81%91%E3%81%9F%E3%82%93" n2="%E3%83%88%E3%83%88%E3%83%AA%E5%85%88%E7%94%9F%31%39%E6%AD%B3" n3="%E2%97%87%E8%87%B3%E8%AA%A0%E5%A1%BE%E2%97%87" dan="18,17,17,17" rate="2218.42,2082.18,2133.93,2145.92" sx="F,M,F,M"/><TAIKYOKU oya="0"/><INIT seed="0,0,0,5,5,99" ten="250,250,250,250" oya="0" hai0="121,119,19,26,9,54,66,120,71,34,62,51,128" hai1="80,44,106,36,41,122,131,112,81,70,93,8,4" hai2="1,33,21,105,42,77,48,76,103,18,92,115,95" hai3="14,10,116,130,39,73,94,52,83,110,87,118,29"/><T133/><D119/><U6/><E106/><V23/><F1/><W135/><G39/><T125/><D128/><U127/><E122/><V72/><F33/><W22/><G130/><T12/><D133/><U97/><E70/><V126/><F115/><W134/><G73/><T69/><D69/><U3/><E131/><V5/><F5/><W15/><G110/><T86/><D125/><U43/><E127/><V100/><F105/><W32/><G32/><T78/><D34/><U65/><E65/><V13/><F72/><W2/><G94/><N who="2" m="35881" /><F126/><W102/><G102/><N who="2" m="38953" /><F21/><W63/><G2/><T38/><D38/><U114/><E6/><V96/><F96/><W53/><G118/><T17/><D121/><U84/><E112/><V108/><F108/><W59/><G116/><T20/><D120/><U90/><E114/><V55/><F42/><W82/><G22/><T109/><D109/><U124/><E124/><V46/><AGARI ba="0,0" hai="13,18,23,46,48,55,76,77" m="38953,35881" machi="46" ten="30,7900,0" yaku="8,1,52,3" doraHai="99" who="2" fromWho="2" sc="250,-39,250,-20,250,79,250,-20" /><INIT seed="1,0,0,5,3,35" ten="211,230,329,230" oya="1" hai0="85,0,5,32,9,84,80,26,25,30,53,110,28" hai1="82,59,47,38,100,10,121,49,93,78,125,81,123" hai2="13,22,19,7,131,58,34,96,37,15,41,115,1" hai3="74,24,21,109,118,103,112,45,63,36,122,127,107"/><U44/><E125/><V12/><F131/><W3/><RYUUKYOKU type="yao9" ba="0,0" sc="211,0,230,0,329,0,230,0" hai3="3,21,24,36,45,63,74,103,107,109,112,118,122,127" /><INIT seed="1,1,0,4,1,38" ten="211,230,329,230" oya="1" hai0="125,122,97,40,80,61,114,15,110,132,127,90,65" hai1="70,124,86,89,24,67,35,62,9,109,47,48,23" hai2="59,45,0,111,83,20,25,135,134,119,87,115,76" hai3="128,46,4,36,107,51,37,72,11,123,121,79,31"/><U131/><E131/><V32/><F119/><W120/><G107/><T81/><D114/><U28/><E124/><N who="0" m="47689" /><D110/><U102/><E109/><V39/><F111/><W129/><G31/><T108/><D132/><N who="2" m="50730" /><F0/><N who="3" m="391" /><G51/><T26/><D122/><U21/><E9/><V12/><F115/><W82/><G37/><T64/><D26/><U22/><E102/><V8/><F32/><W85/><G85/><N who="0" m="50471" /><D81/><U55/><REACH who="1" step="1"/><E35/><REACH who="1" ten="211,220,329,230" step="2"/><V18/><F8/><W133/><G133/><T41/><D108/><U118/><E118/><V7/><F20/><W10/><G10/><T101/><D15/><U105/><E105/><V66/><F12/><W53/><G53/><T95/><D65/><U30/><E30/><V99/><F66/><W42/><AGARI ba="1,1" hai="36,42,46,72,79,82,120,121,123,128,129" m="391" machi="42" ten="40,5200,0" yaku="25,1,23,1,52,1" doraHai="38" who="3" fromWho="3" sc="211,-14,220,-27,329,-14,230,65" /><INIT seed="2,0,0,3,2,104" ten="197,193,315,295" oya="2" hai0="5,100,58,84,35,48,134,16,126,60,129,108,62" hai1="96,123,32,89,22,105,92,14,23,37,130,114,80" hai2="42,11,46,61,10,74,6,27,1,78,106,73,119" hai3="47,15,91,8,127,4,133,88,40,102,54,120,122"/><V50/><F119/><W51/><G133/><T24/><D108/><U76/><E32/><V93/><F106/><W63/><G127/><T81/><D129/><U87/><E37/><V82/><F27/><W56/><REACH who="3" step="1"/><G102/><REACH who="3" ten="197,193,315,285" step="2"/><T41/><D134/><U95/><E123/><AGARI ba="0,1" hai="4,8,15,40,47,51,54,56,63,88,91,120,122,123" machi="123" ten="40,5200,0" yaku="1,1,2,1,54,1,53,0" doraHai="104" doraHaiUra="26" who="3" fromWho="1" sc="197,0,193,-52,315,0,285,62" /><INIT seed="3,0,0,2,4,104" ten="197,141,315,347" oya="3" hai0="19,57,117,62,131,94,36,105,123,24,133,49,63" hai1="2,120,90,72,101,37,132,56,51,47,84,111,126" hai2="26,121,0,116,113,6,22,127,130,9,64,85,135" hai3="1,14,45,68,87,107,77,3,129,12,102,125,66"/><W106/><G125/><T71/><D105/><U30/><E120/><V95/><F64/><W55/><G129/><T29/><D36/><U34/><E2/><V20/><F95/><W80/><G66/><T35/><D71/><U40/><E126/><V18/><F85/><W10/><G68/><T124/><D117/><U78/><E111/><V52/><F127/><W76/><G77/><T38/><D123/><U17/><E132/><V5/><F121/><W92/><G14/><T91/><D38/><U98/><E17/><N who="2" m="12559" /><F52/><W8/><G8/><T93/><D131/><U83/><E56/><V122/><F122/><W21/><G21/><T75/><D75/><U65/><E65/><V108/><F130/><W28/><G28/><T110/><D110/><U99/><E37/><V109/><F116/><W86/><G3/><T23/><D133/><U48/><E48/><V89/><F89/><W112/><G1/><T25/><D94/><U118/><E118/><V134/><F134/><W79/><G112/><T32/><D32/><U103/><E103/><V82/><F82/><W4/><G102/><T81/><D81/><U74/><E90/><V73/><F135/><W96/><G96/><T13/><D25/><U60/><E60/><V42/><F113/><W41/><G107/><T61/><D124/><U7/><E7/><N who="2" m="1255" /><F42/><W67/><G67/><T114/><D114/><U11/><E11/><V43/><F43/><W53/><G106/><T39/><D39/><U31/><E99/><V15/><F73/><W115/><G115/><T100/><D62/><U70/><E70/><V54/><F109/><RYUUKYOKU ba="0,0" sc="197,0,141,0,315,0,347,0" owari="197,-20.0,141,-36.0,315,12.0,347,44.0" /></mjloggm>