<mjloggm ver="2.3"><GO type="41" lobby="0"/><UN n0="%E8%B5%A4%E6%9C%A8%E7%AB%9C%E4%B9%9F" n1="%E3%83%99%E3%82%BF%E3%82%AA%E3%83%AA%E3%82%B9%E3%82%AF" n2="%E5%B0%B1%E6%B4%BB%E7%94%9F%40%E5%B7%9D%E6%9D%91%E8%BB%8D%E5%9B%A3" n3="%E9%9B%80%E6%97%A5%E9%80%A3%E7%99%BD%E6%B3%A2%E7%80%AC" dan="15,15,15,15" rate="2014.96,1959.33,2016.06,1950.75" sx="M,M,M,M"/><TAIKYOKU oya="0"/><INIT seed="0,0,0,0,3,16" ten="250,250,250,250" oya="0" hai0="10,45,127,81,105,27,68,128,9,109,67,7,62" hai1="84,53,90,86,2,107,47,78,28,103,112,65,106" hai2="13,0,100,61,35,30,118,20,34,39,95,59,17" hai3="75,88,120,43,38,32,49,51,37,89,66,52,79"/><T4/><D128/><U48/><E2/><V124/><F118/><W93/><G32/><T94/><D127/><U96/><E107/><V21/><F124/><W36/><G120/><T50/><D105/><U29/><E112/><V99/><F39/><W122/><G122/><T77/><D109/><U91/><E78/><V97/><F0/><W5/><G5/><T80/><D94/><U33/><E33/><V58/><F58/><W98/><G66/><T56/><D68/><U110/><E110/><V70/><F70/><W121/><G121/><T6/><D27/><U11/><E65/><V23/><F97/><W73/><G89/><T46/><D46/><U14/><E90/><V117/><F117/><W31/><G31/><T104/><D104/><U76/><E76/><V55/><REACH who="2" step="1"/><F35/><REACH who="2" ten="250,250,240,250" step="2"/><W42/><G38/><T129/><D129/><U87/><REACH who="1" step="1"/><E91/><REACH who="1" ten="250,240,240,250" step="2"/><V114/><F114/><W63/><G88/><T24/><D77/><U57/><E57/><V113/><F113/><W64/><G79/><T119/><D119/><U12/><E12/><V71/><F71/><W44/><G64/><T54/><D24/><AGARI ba="0,2" hai="13,17,20,21,23,24,30,34,55,59,61,95,99,100" machi="24" ten="40,8000,1" yaku="1,1,52,3,53,0" doraHai="16" doraHaiUra="60" who="2" fromWho="0" sc="250,-80,240,0,240,100,250,0" /><INIT seed="1,0,0,5,4,113" ten="170,240,340,250" oya="1" hai0="120,45,72,102,61,53,103,15,101,117,41,55,89" hai1="16,123,78,0,68,48,109,70,96,77,127,33,5" hai2="51,32,29,60,88,98,75,107,104,10,134,40,81" hai3="67,39,100,124,66,21,49,37,63,52,50,84,118"/><U7/><E123/><V26/><F134/><W47/><G100/><T65/><D120/><U13/><E33/><V74/><F74/><W93/><G21/><T126/><D72/><U1/><E109/><V44/><F75/><W3/><G3/><T129/><D129/><U82/><E127/><V73/><F73/><W62/><G93/><T71/><D126/><U12/><E48/><V106/><F10/><W99/><G84/><T35/><D35/><U86/><E86/><V69/><F81/><W115/><G99/><T80/><D117/><U76/><E82/><V97/><F88/><W116/><G115/><T27/><D27/><U94/><E94/><V87/><F87/><W90/><G90/><T23/><D89/><U8/><E96/><V43/><F43/><N who="3" m="24831" /><G124/><T133/><D133/><U25/><E25/><V108/><F108/><W17/><G17/><T34/><D34/><U119/><E78/><V22/><F22/><W54/><G54/><T125/><D125/><U83/><E83/><V28/><F28/><W18/><G18/><N who="0" m="10719" /><D80/><U58/><E16/><V92/><F92/><W130/><G130/><T122/><D122/><U79/><E79/><V46/><F98/><W20/><G20/><T111/><D111/><U24/><E24/><V128/><F128/><W132/><G132/><T36/><D103/><U85/><E85/><V135/><F135/><W38/><G63/><N who="0" m="40383" /><D55/><U112/><E112/><V9/><F97/><W64/><G62/><T11/><D11/><U19/><E8/><V131/><F131/><W56/><AGARI ba="0,0" hai="37,38,39,50,52,56,64,66,67,116,118" m="24831" machi="56" ten="40,8000,1" yaku="34,2,52,2,54,1" doraHai="113" who="3" fromWho="3" sc="170,-20,240,-40,340,-20,250,80" /><INIT seed="2,0,0,5,0,128" ten="150,200,320,330" oya="2" hai0="104,0,107,59,33,77,119,34,37,113,101,132,54" hai1="61,89,60,25,83,15,71,51,99,1,19,81,110" hai2="90,64,115,20,24,45,87,73,118,114,75,48,11" hai3="23,121,96,55,66,2,127,65,69,85,134,67,80"/><V106/><F118/><W8/><G121/><T17/><D113/><U86/><E1/><V126/><F106/><W4/><G127/><T32/><D119/><U18/><E110/><V40/><F126/><W30/><G69/><T116/><D116/><U26/><E71/><V62/><F75/><W78/><G96/><T16/><D0/><U92/><E51/><V38/><F73/><W21/><G30/><T93/><D37/><U124/><E83/><V6/><F38/><W100/><G100/><T131/><D131/><U72/><E72/><V109/><F109/><W117/><G117/><T91/><D77/><U74/><E74/><V123/><F123/><W135/><G55/><T94/><D107/><U70/><E70/><V9/><F6/><W103/><G103/><T35/><D104/><U47/><E47/><V82/><F114/><W88/><G78/><T105/><D105/><U39/><E39/><V44/><F44/><W43/><G43/><T5/><D5/><U12/><E12/><V125/><F125/><W50/><G50/><T29/><D29/><U133/><E19/><V122/><F122/><W22/><AGARI ba="0,0" hai="2,4,8,21,22,23,65,66,67,80,85,88,134,135" machi="22" ten="40,8000,1" yaku="0,1,52,2,54,1" doraHai="128" who="3" fromWho="3" sc="150,-20,200,-20,320,-40,330,80" /><INIT seed="3,0,0,3,5,130" ten="130,180,280,410" oya="3" hai0="61,93,58,128,36,77,79,62,55,49,10,40,94" hai1="52,31,3,23,85,88,28,50,35,18,27,73,60" hai2="81,57,124,22,56,129,70,82,0,86,38,76,13" hai3="21,19,80,75,25,47,125,111,122,118,109,5,95"/><W92/><G122/><T74/><D128/><U135/><E73/><V110/><F70/><W113/><G118/><T89/><D89/><U126/><BYE who="0" /><E3/><V45/><F0/><W83/><G113/><T132/><D132/><U116/><E126/><V64/><F124/><W16/><G125/><T87/><D87/><U120/><E120/><V63/><F110/><N who="3" m="41995" /><G5/><UN n0="%E8%B5%A4%E6%9C%A8%E7%AB%9C%E4%B9%9F" /><T42/><D74/><U43/><E35/><V117/><F117/><W121/><G121/><T66/><D10/><U24/><E24/><V53/><F129/><W97/><G47/><T67/><D36/><U46/><E135/><V9/><F38/><W91/><G75/><T20/><D55/><U34/><E34/><V59/><F81/><N who="3" m="31307" /><G95/><T2/><D2/><U78/><E78/><V104/><F104/><W90/><G90/><T65/><D65/><U8/><E116/><V131/><F131/><W48/><G48/><T127/><D127/><U123/><E123/><V71/><F22/><W112/><G112/><T107/><D20/><U134/><E134/><V72/><F72/><W103/><G91/><T17/><D107/><U69/><E8/><V37/><F37/><W51/><G51/><T98/><D49/><U106/><E106/><V133/><F133/><W29/><AGARI ba="0,0" hai="16,19,21,25,29,92,97,103" m="31307,41995" machi="29" ten="30,6000,0" yaku="14,1,10,1,54,1" doraHai="130" who="3" fromWho="3" sc="130,-20,180,-20,280,-20,410,60" /><INIT seed="3,1,0,4,1,10" ten="110,160,260,470" oya="3" hai0="68,104,116,111,14,38,97,88,71,133,5,43,115" hai1="18,50,78,39,81,113,127,83,1,33,118,62,57" hai2="80,86,76,134,130,128,95,20,129,84,2,102,131" hai3="41,32,89,121,73,22,34,106,70,99,87,60,11"/><W94/><G121/><T109/><D116/><U66/><E39/><V12/><F2/><W96/><G73/><T103/><D133/><U101/><E33/><V36/><F36/><W48/><G22/><T132/><D132/><U21/><E1/><V117/><F117/><W67/><G11/><N who="0" m="4463" /><D115/><U120/><E120/><V51/><F134/><W9/><G9/><T6/><D6/><U46/><E118/><V40/><N who="2" m="33280" /><DORA hai="59" /><V135/><F135/><W13/><G13/><T23/><D23/><U123/><E123/><V124/><F124/><W105/><G105/><T42/><D88/><U28/><E28/><V35/><F35/><W55/><G41/><N who="0" m="15371" /><D38/><U126/><E101/><V98/><F51/><W47/><G106/><T61/><D61/><U82/><E78/><V7/><F40/><W75/><G75/><T119/><D119/><U65/><E113/><V44/><F44/><W53/><G53/><T25/><D25/><U90/><E65/><V49/><F49/><W4/><G4/><T58/><D58/><U74/><E74/><V15/><F7/><W37/><G37/><T63/><D63/><U108/><E90/><N who="2" m="53703" /><F20/><W92/><REACH who="3" step="1"/><G87/><REACH who="3" ten="110,160,260,460" step="2"/><T52/><D52/><U69/><E127/><V122/><F122/><W27/><G27/><T64/><D64/><U85/><E126/><V26/><F26/><W31/><G31/><T24/><D24/><N who="1" m="14391" /><E85/><V17/><F17/><W30/><G30/><T93/><D104/><AGARI ba="1,1" hai="12,15,76,80,86,98,102,104" m="53703,33280" machi="104" ten="60,7700,0" yaku="19,1,52,2" doraHai="10,59" who="2" fromWho="0" sc="110,-80,160,0,260,90,460,0" /><INIT seed="4,0,0,4,5,16" ten="30,160,350,460" oya="0" hai0="47,135,82,80,26,24,5,76,52,68,21,88,53" hai1="3,46,14,101,48,13,67,123,84,125,99,15,95" hai2="33,60,131,62,90,86,17,124,7,83,78,45,98" hai3="59,25,8,70,81,34,94,1,133,54,109,107,130"/><T40/><D68/><U56/><E3/><V117/><F33/><W108/><G107/><T110/><D5/><U18/><E125/><V44/><F117/><W120/><G70/><T27/><D135/><U74/><E74/><V85/><F7/><W43/><G133/><T118/><D118/><U35/><E35/><V19/><F124/><W93/><G43/><T10/><D10/><N who="1" m="6455" /><E123/><V100/><F131/><W92/><G130/><T114/><D114/><U29/><E29/><V20/><F19/><W42/><G42/><T39/><D110/><U71/><E71/><V87/><F60/><W11/><G120/><T112/><D112/><U57/><E84/><V127/><F62/><W32/><G81/><T132/><D132/><U128/><E67/><V61/><F61/><W96/><G96/><T51/><D39/><U111/><E111/><V115/><F115/><W97/><G97/><T36/><D36/><U122/><E122/><V4/><F4/><W30/><G34/><T65/><D65/><U6/><E128/><V75/><F127/><W126/><G126/><T49/><D49/><U22/><E22/><V31/><F31/><W104/><G104/><T77/><D21/><U0/><E0/><V55/><F55/><N who="0" m="21066" /><D80/><U72/><E72/><V28/><F28/><W66/><G66/><T38/><D38/><U69/><E69/><V37/><F37/><W106/><G106/><T116/><D116/><U119/><E119/><V9/><F9/><N who="3" m="3659" /><G1/><T105/><D105/><U64/><E64/><V41/><F41/><W12/><G12/><N who="1" m="4650" /><E6/><V63/><F75/><W58/><G54/><AGARI ba="0,0" hai="46,48,54,56,57,95,99,101" m="4650,6455" machi="54" ten="30,2000,0" yaku="6,1,8,1" doraHai="16" who="1" fromWho="3" sc="30,0,160,20,350,0,460,-20" /><INIT seed="5,0,0,5,0,92" ten="30,180,350,440" oya="1" hai0="52,118,51,5,116,41,40,19,114,124,101,132,135" hai1="68,120,29,16,4,35,1,112,20,8,30,88,25" hai2="44,119,109,50,122,110,108,9,43,81,34,107,62" hai3="28,126,100,2,22,134,106,127,14,48,69,91,21"/><U121/><E68/><V12/><F34/><W33/><G2/><T37/><D101/><U64/><E64/><V93/><F107/><W103/><G69/><T49/><D5/><U66/><E66/><V125/><F119/><N who="0" m="45610" /><D19/><U79/><E79/><V98/><F122/><N who="1" m="47209" /><E88/><V87/><F125/><N who="3" m="47627" /><G134/><N who="0" m="51243" /><D124/><U57/><E57/><V94/><F62/><W111/><G111/><T38/><D114/><U60/><E60/><V39/><F39/><N who="0" m="14858" /><D49/><U129/><E30/><V104/><F104/><W130/><G106/><T97/><D97/><U85/><E112/><V76/><REACH who="2" step="1"/><F98/><REACH who="2" ten="30,180,340,440" step="2"/><W31/><G33/><T113/><D113/><U55/><E35/><V36/><F36/><W80/><G48/><T67/><D67/><U3/><E3/><V99/><F99/><W18/><G28/><T7/><D7/><AGARI ba="0,1" hai="7,9,12,43,44,50,76,81,87,93,94,108,109,110" machi="7" ten="40,5200,0" yaku="1,1,25,2,53,0" doraHai="92" doraHaiUra="53" who="2" fromWho="0" sc="30,-52,180,0,340,62,440,0" owari="-22,-52.0,180,-22.0,402,20.0,440,54.0" /></mjloggm>