<mjloggm ver="2.3"><GO type="169" lobby="0"/><UN n0="%E3%82%A6%E3%83%AB%E3%83%88%E3%83%A9%E7%AB%8B%E7%9B%B4" n1="%EF%BD%9E%E9%9A%BC%EF%BD%9E" n2="%E3%82%86%E3%81%84%E3%81%A1%E3%82%83%E3%82%93%E3%81%AE%E3%83%91%E3%83%91" n3="%E6%97%A5%E6%AF%94%E9%87%8E%E7%9C%9F%E7%90%B4" dan="17,16,18,16" rate="2120.91,2110.14,2253.90,2061.71" sx="M,M,M,F"/><TAIKYOKU oya="0"/><INIT seed="0,0,0,0,1,8" ten="250,250,250,250" oya="0" hai0="14,15,7,20,73,74,41,131,75,57,68,24,3" hai1="121,101,81,134,106,27,67,120,116,35,82,100,45" hai2="0,32,44,10,119,55,108,5,36,122,79,97,110" hai3="26,62,90,124,77,130,49,53,93,103,43,4,16"/><T78/><D68/><U109/><E116/><V72/><F122/><W25/><G124/><T11/><D131/><U29/><E109/><V48/><F32/><W88/><G130/><T63/><D78/><U51/><E134/><V52/><F119/><W129/><G129/><T54/><REACH who="0" step="1"/><D41/><REACH who="0" ten="240,250,250,250" step="2"/><U132/><E132/><V22/><F79/><W50/><G77/><T107/><D107/><U1/><E106/><V84/><F108/><W40/><G40/><T30/><AGARI ba="0,1" hai="3,7,11,14,15,20,24,30,54,57,63,73,74,75" machi="30" ten="30,11700,0" yaku="1,1,0,1,52,2,53,0" doraHai="8" doraHaiUra="61" who="0" fromWho="0" sc="240,127,250,-39,250,-39,250,-39" /><INIT seed="0,1,0,0,2,3" ten="367,211,211,211" oya="0" hai0="135,66,105,40,64,48,54,7,101,36,79,11,78" hai1="108,21,92,33,42,99,37,13,16,85,98,80,5" hai2="51,18,14,116,29,111,117,112,67,94,128,76,24" hai3="74,23,47,8,90,44,87,69,109,107,62,75,1"/><T45/><D135/><U110/><E33/><V132/><F76/><W131/><G107/><T27/><D79/><U20/><E42/><V120/><F67/><W103/><G103/><T96/><D27/><U77/><E37/><V15/><F94/><W35/><G35/><T34/><D34/><U91/><E5/><V32/><F51/><W50/><G109/><N who="1" m="42090" /><E20/><V55/><F55/><W26/><G131/><T4/><D78/><U84/><AGARI ba="1,0" hai="13,16,21,77,80,84,85,91,92,98,99" m="42090" machi="84" ten="30,2000,0" yaku="14,1,54,1" doraHai="3" who="1" fromWho="1" sc="367,-11,211,23,211,-6,211,-6" /><INIT seed="1,0,0,5,4,76" ten="356,234,205,205" oya="1" hai0="25,134,119,38,115,39,102,122,96,73,65,109,40" hai1="80,55,95,110,91,108,127,9,21,120,68,29,43" hai2="78,67,1,125,5,94,14,26,51,101,27,70,81" hai3="28,92,4,135,131,2,33,84,97,57,112,44,52"/><U18/><E120/><V19/><F1/><W113/><G131/><T79/><D65/><U130/><E68/><V128/><F5/><W6/><G135/><T93/><D40/><U50/><E130/><V7/><F7/><W3/><G4/><T13/><D39/><U104/><E104/><V103/><F128/><W17/><G44/><T16/><D38/><U35/><E127/><V118/><F118/><W111/><G111/><N who="1" m="42538" /><E43/><V31/><F125/><W24/><G17/><T56/><D134/><U0/><E80/><V20/><F27/><W34/><G34/><T30/><D119/><U41/><E41/><V63/><F51/><W105/><G105/><T8/><D122/><U75/><E75/><V72/><REACH who="2" step="1"/><F94/><REACH who="2" ten="356,234,195,205" step="2"/><W59/><G3/><T23/><D93/><U69/><E0/><V82/><F82/><W49/><G2/><T15/><D109/><U98/><E35/><AGARI ba="0,1" hai="14,19,20,26,31,35,63,67,70,72,78,81,101,103" machi="35" ten="30,3900,0" yaku="1,1,7,1,52,1,53,0" doraHai="76" doraHaiUra="129" who="2" fromWho="1" sc="356,0,234,-39,195,49,205,0" /><INIT seed="2,0,0,1,3,62" ten="356,195,244,205" oya="2" hai0="17,40,131,87,116,23,112,77,72,119,41,95,18" hai1="86,57,125,64,91,101,55,25,33,85,110,12,46" hai2="65,75,120,117,99,108,59,115,37,84,107,2,93" hai3="133,103,8,79,28,16,70,20,0,27,80,3,78"/><V126/><RYUUKYOKU type="yao9" ba="0,0" sc="356,0,195,0,244,0,205,0" hai2="2,37,59,65,75,84,93,99,107,108,115,117,120,126" /><INIT seed="2,1,0,0,0,132" ten="356,195,244,205" oya="2" hai0="42,126,37,133,96,51,134,50,112,56,65,97,99" hai1="104,135,35,103,121,89,75,129,106,114,58,47,78" hai2="117,26,36,124,59,101,82,105,18,84,23,118,94" hai3="25,67,38,62,27,79,19,86,68,48,71,63,28"/><V110/><F36/><W10/><G38/><T32/><D32/><U14/><E35/><V17/><F105/><W123/><G123/><T111/><D112/><U74/><E114/><V61/><F110/><W55/><G79/><T31/><D31/><U52/><E121/><V69/><F69/><W8/><G86/><T29/><D29/><U30/><E30/><V41/><F41/><W24/><G28/><T22/><D22/><U21/><E129/><V83/><F124/><W85/><G85/><T102/><D126/><U40/><E135/><N who="0" m="51721" /><D102/><U43/><E43/><V87/><F118/><W34/><G34/><T109/><D37/><U130/><E130/><V80/><F117/><W95/><G95/><T116/><D116/><U16/><E89/><V122/><F122/><W119/><G119/><T77/><D77/><U91/><E91/><V60/><F18/><W107/><G107/><T73/><D73/><U20/><E20/><V4/><F4/><W6/><G19/><T57/><D65/><U66/><E66/><N who="2" m="39199" /><F61/><W49/><G63/><T44/><D51/><U92/><E104/><V108/><F108/><AGARI ba="1,0" hai="42,44,50,56,57,96,97,99,108,109,111" m="51721" machi="108" ten="40,2600,0" yaku="14,1,20,1" doraHai="132" who="0" fromWho="2" sc="356,29,195,0,244,-29,205,0" /><INIT seed="3,0,0,5,0,108" ten="385,195,215,205" oya="3" hai0="78,95,38,65,17,83,22,107,19,117,89,55,24" hai1="48,18,28,36,42,76,62,123,73,5,46,125,40" hai2="96,8,21,94,82,99,29,53,3,44,20,135,14" hai3="67,64,66,45,10,90,87,31,119,74,1,37,41"/><W0/><G119/><T26/><D107/><U15/><E123/><V113/><F3/><W112/><G74/><T63/><D38/><U72/><E125/><V25/><F135/><W6/><G31/><T126/><D126/><U128/><E128/><V118/><F118/><W103/><G103/><T69/><D55/><U30/><E5/><V61/><F113/><W93/><REACH who="3" step="1"/><G0/><REACH who="3" ten="385,195,215,195" step="2"/><T7/><D117/><U84/><E73/><V13/><F29/><W52/><G52/><T23/><D7/><U70/><E72/><V132/><F53/><W57/><G57/><T127/><D127/><U120/><E30/><V124/><F124/><W51/><G51/><T102/><D102/><U77/><E28/><V86/><F132/><W27/><G27/><T121/><D121/><U106/><E48/><V12/><F25/><W58/><G58/><T75/><D75/><U109/><E120/><V9/><F14/><W101/><G101/><T50/><D50/><U130/><E15/><V111/><F13/><W32/><G32/><T122/><D122/><U2/><E2/><V98/><F12/><W54/><G54/><T114/><D24/><U91/><E36/><V33/><F33/><W97/><G97/><T16/><D26/><U79/><E130/><V134/><F98/><W129/><G129/><T81/><D19/><U92/><E40/><V104/><F134/><W116/><G116/><T47/><D16/><U110/><E42/><V59/><F99/><W43/><G43/><T11/><D17/><U49/><E18/><V60/><F96/><W56/><G56/><T131/><D131/><RYUUKYOKU ba="0,1" sc="385,-10,195,-10,215,-10,195,30" hai3="1,6,10,37,41,45,64,66,67,87,90,93,112" /><INIT seed="3,1,1,0,4,24" ten="375,185,205,225" oya="3" hai0="2,97,3,54,46,120,68,87,8,43,7,115,6" hai1="57,119,95,63,32,31,44,82,0,61,11,132,121" hai2="128,27,66,72,20,62,49,116,39,35,81,65,126" hai3="96,23,13,101,51,104,58,52,18,22,78,134,100"/><W28/><G134/><T17/><D68/><U76/><E121/><V9/><F39/><W92/><G78/><T99/><D120/><U103/><E119/><V70/><F116/><W102/><G104/><T84/><D17/><U56/><E44/><V1/><F65/><W59/><G58/><T79/><D54/><U110/><E110/><V34/><F126/><W19/><REACH who="3" step="1"/><G28/><REACH who="3" ten="375,185,205,215" step="2"/><T90/><D79/><U10/><E31/><V131/><F70/><W108/><G108/><T122/><D122/><U117/><E56/><V125/><F125/><W98/><G98/><T80/><D115/><U112/><E57/><V83/><F128/><W91/><G91/><T94/><D97/><U118/><E76/><V29/><F131/><W26/><AGARI ba="1,2" hai="13,18,19,22,23,26,51,52,59,92,96,100,101,102" machi="26" ten="20,12000,1" yaku="1,1,0,1,7,1,8,1,54,1,53,0" doraHai="24" doraHaiUra="42" who="3" fromWho="3" sc="375,-41,185,-41,205,-41,215,143" /><INIT seed="3,2,0,5,3,101" ten="334,144,164,358" oya="3" hai0="77,88,120,33,59,1,39,45,5,23,26,10,132" hai1="122,58,68,22,115,72,66,80,86,50,8,28,7" hai2="0,106,24,104,55,117,36,108,65,20,97,14,85" hai3="79,135,100,87,71,113,30,95,29,2,17,42,67"/><W62/><G113/><T99/><D120/><U91/><E72/><V11/><F0/><W38/><G2/><T46/><D132/><U134/><E115/><V53/><F117/><W92/><G135/><T107/><D77/><U49/><E122/><V78/><F36/><W96/><G38/><T40/><D46/><U98/><E134/><V31/><F65/><W47/><G17/><T75/><D75/><U83/><E68/><V114/><F114/><W4/><G4/><T81/><D33/><U124/><E124/><V6/><F108/><W112/><G112/><T82/><D59/><U56/><E98/><V19/><F97/><W43/><G95/><T13/><D13/><U103/><E103/><V44/><F6/><W41/><REACH who="3" step="1"/><G47/><REACH who="3" ten="334,144,164,348" step="2"/><T25/><D1/><U21/><E7/><V60/><F44/><W123/><G123/><T63/><D5/><U76/><E80/><AGARI ba="2,1" hai="29,30,41,42,43,62,67,71,79,80,87,92,96,100" machi="80" ten="40,12000,1" yaku="1,1,53,3" doraHai="101" doraHaiUra="37" who="3" fromWho="1" sc="334,0,144,-126,164,0,348,136" /><INIT seed="3,3,0,2,3,67" ten="334,18,164,484" oya="3" hai0="39,8,1,19,124,26,23,131,6,97,54,135,117" hai1="44,25,21,71,130,102,85,27,129,90,83,59,133" hai2="114,22,10,72,33,73,16,81,38,116,111,110,75" hai3="35,112,78,99,20,40,5,53,113,109,61,98,47"/><W105/><G35/><T126/><D39/><U46/><E133/><V43/><F116/><W120/><G120/><T88/><D117/><U49/><E102/><V107/><F107/><W24/><G109/><T18/><D54/><N who="1" m="32207" /><E71/><V91/><F33/><W13/><G78/><T12/><D97/><U55/><E27/><V9/><F114/><W89/><G105/><T77/><D88/><U115/><E115/><V80/><F43/><W95/><G40/><T132/><D77/><U104/><E104/><V57/><F38/><W58/><G47/><T50/><D50/><U41/><E41/><V86/><F57/><W76/><G76/><T28/><D131/><N who="1" m="50187" /><E55/><V82/><F110/><W94/><G112/><T121/><D121/><U119/><E119/><V51/><F51/><W56/><G56/><T103/><D103/><U122/><E122/><V125/><F111/><W96/><G113/><T11/><REACH who="0" step="1"/><D28/><AGARI ba="3,0" hai="21,25,28,44,46,83,85,90" m="50187,32207" machi="28" ten="30,1000,0" yaku="19,1" doraHai="67" who="1" fromWho="0" sc="334,-19,18,19,164,0,484,0" /><INIT seed="4,0,0,3,3,100" ten="315,37,164,484" oya="0" hai0="27,73,34,115,80,111,91,131,105,44,108,112,65" hai1="14,89,21,81,33,12,40,63,117,7,1,29,103" hai2="116,134,5,99,72,95,125,87,109,22,18,9,0" hai3="50,10,101,2,58,83,133,107,126,113,13,84,130"/><T26/><D65/><U30/><E117/><V4/><F72/><W106/><G2/><T6/><D6/><U55/><E33/><V66/><F5/><W127/><G101/><T45/><D131/><U120/><E120/><V20/><F109/><N who="0" m="42058" /><D34/><U86/><E40/><V78/><F116/><W123/><G113/><N who="0" m="43595" /><D105/><N who="3" m="39945" /><G133/><T28/><D28/><N who="1" m="10859" /><E103/><V3/><F125/><N who="3" m="47627" /><G123/><T25/><D91/><U71/><E71/><V70/><F134/><W16/><G130/><T57/><D57/><N who="1" m="35263" /><E1/><V67/><F3/><W118/><G118/><T98/><D98/><U59/><E59/><V11/><F99/><W104/><G104/><T23/><D23/><U46/><E46/><N who="0" m="18025" /><D73/><U69/><E69/><V32/><F22/><W43/><G58/><T61/><D61/><U54/><E54/><V119/><F119/><W47/><G47/><T38/><D38/><U31/><E7/><V102/><F4/><W8/><G43/><T39/><D39/><U135/><E135/><V114/><F0/><W41/><G41/><T64/><D64/><U97/><E97/><V36/><F67/><W19/><G19/><T77/><D77/><U24/><AGARI ba="0,0" hai="12,14,21,24,31,81,86,89" m="35263,10859" machi="24" ten="30,1100,0" yaku="8,1" doraHai="100" who="1" fromWho="1" sc="315,-5,37,11,164,-3,484,-3" /><INIT seed="5,0,0,4,3,62" ten="310,48,161,481" oya="1" hai0="113,44,68,104,14,96,124,122,70,12,35,87,72" hai1="42,126,131,86,77,36,80,66,13,34,109,38,6" hai2="27,47,135,83,82,17,11,16,5,118,24,74,71" hai3="3,61,79,55,132,112,106,57,95,37,63,32,102"/><U18/><E34/><V0/><F118/><W92/><G37/><T125/><D87/><U28/><E131/><V103/><F71/><W84/><G3/><T22/><D44/><U49/><E126/><V101/><F135/><W40/><G40/><T4/><D22/><U94/><E28/><V98/><F47/><W73/><G73/><T115/><D96/><U15/><E109/><V8/><F98/><N who="3" m="59743" /><G106/><T85/><D85/><U30/><E30/><V90/><F0/><W65/><G112/><T67/><D72/><U97/><E66/><V59/><F74/><W64/><G132/><T88/><D67/><N who="3" m="25673" /><G32/><T75/><D35/><U20/><E42/><V78/><F59/><W31/><G31/><T53/><D115/><U128/><E128/><V99/><F99/><W26/><G26/><T39/><D113/><U50/><E38/><V51/><F27/><W121/><G121/><T127/><D39/><U56/><E56/><V23/><F24/><W2/><G2/><T43/><D43/><U120/><E36/><V25/><F25/><W9/><G9/><T93/><D122/><U105/><E105/><V76/><F11/><W48/><G92/><T41/><D104/><U45/><E45/><V19/><F8/><W108/><G108/><T54/><D41/><U116/><E116/><V7/><F23/><W133/><G133/><T46/><D125/><U29/><E120/><V89/><F19/><W119/><G119/><T123/><D124/><U60/><E29/><V130/><F130/><W58/><G58/><T81/><D127/><U10/><E60/><V117/><F117/><RYUUKYOKU ba="0,0" sc="310,-30,48,10,161,10,481,10" hai1="6,10,13,15,18,20,49,50,77,80,86,94,97" hai2="5,7,16,17,51,76,78,82,83,89,90,101,103" hai3="48,55,57,61,63,79,84" /><INIT seed="5,1,0,0,3,49" ten="280,58,171,491" oya="1" hai0="33,110,32,12,105,78,38,72,39,100,111,97,21" hai1="129,24,102,63,125,53,77,94,8,56,96,3,107" hai2="118,127,0,76,9,106,113,92,131,26,104,43,74" hai3="87,40,128,73,20,135,69,36,84,11,123,61,80"/><U103/><E129/><V85/><F26/><W68/><G20/><T48/><D12/><U31/><E125/><V55/><F118/><W46/><G123/><T1/><D21/><U108/><E108/><V89/><F43/><W101/><G101/><T119/><D48/><U88/><E77/><V112/><F0/><W65/><G135/><T62/><D62/><U28/><E107/><V124/><F9/><W14/><G128/><T79/><D79/><U10/><E31/><V15/><F15/><W91/><G84/><T35/><D1/><U83/><E3/><V98/><F131/><W27/><G27/><T45/><D119/><U81/><E103/><N who="2" m="62583" /><F55/><W122/><G73/><T121/><D121/><U58/><E58/><V71/><F71/><W54/><G54/><T67/><D67/><U99/><E99/><V25/><F25/><W50/><G122/><T37/><D45/><U66/><E66/><V19/><F19/><W17/><G50/><T95/><D95/><U52/><E53/><V109/><F109/><W41/><G41/><T4/><D4/><U86/><E83/><AGARI ba="1,0" hai="32,33,35,37,38,39,72,78,83,97,100,105,110,111" machi="83" ten="50,3200,0" yaku="23,2" doraHai="49" who="0" fromWho="1" sc="280,35,58,-35,171,0,491,0" /><INIT seed="6,0,0,4,3,104" ten="315,23,171,491" oya="2" hai0="10,101,88,2,26,1,122,132,60,108,118,56,55" hai1="45,13,23,64,33,94,121,66,38,92,72,28,67" hai2="130,70,124,126,134,95,83,12,103,133,99,79,65" hai3="37,90,0,48,111,69,24,18,36,52,8,7,73"/><V42/><F42/><W9/><G111/><T102/><D122/><U49/><E121/><V86/><F12/><W96/><G69/><T27/><D108/><U61/><E38/><V135/><F65/><W100/><G73/><T5/><D132/><U74/><E61/><V17/><F70/><W84/><G9/><T75/><D75/><U31/><E33/><V113/><F17/><W81/><G24/><T129/><D129/><U114/><E114/><V123/><F123/><W120/><G18/><T47/><D47/><U119/><E119/><V112/><F130/><W58/><G120/><T11/><D118/><U22/><E66/><V30/><F30/><W115/><G115/><AGARI ba="0,0" hai="79,83,86,95,99,103,112,113,115,124,126,133,134,135" machi="115" ten="50,12000,1" yaku="15,1,20,1,34,3" doraHai="104" who="2" fromWho="3" sc="315,0,23,0,171,120,491,-120" /><INIT seed="6,1,0,4,5,99" ten="315,23,291,371" oya="2" hai0="51,134,72,84,124,98,50,43,86,102,87,14,79" hai1="10,27,105,95,71,131,126,60,89,113,3,92,61" hai2="11,119,40,21,76,15,33,6,67,24,130,53,28" hai3="77,82,94,122,117,57,38,133,121,101,9,7,81"/><V112/><F119/><W66/><G38/><T29/><D124/><U8/><E105/><V103/><F112/><W46/><G117/><T100/><D134/><U39/><E39/><V90/><F130/><W127/><G127/><T107/><D29/><U70/><E126/><V85/><F40/><W118/><G133/><T135/><D135/><U49/><E131/><V45/><F67/><W12/><G118/><T13/><D72/><U19/><E27/><V78/><F33/><W116/><G116/><T22/><D79/><U18/><E49/><N who="0" m="18441" /><D43/><U74/><E74/><V80/><F103/><N who="0" m="39466" /><D107/><U109/><E109/><V1/><F1/><W129/><G46/><T75/><D75/><U56/><E3/><V55/><REACH who="2" step="1"/><F45/><REACH who="2" ten="315,23,281,371" step="2"/><W25/><G129/><T23/><D98/><U88/><REACH who="1" step="1"/><E56/><REACH who="1" ten="315,13,281,371" step="2"/><V93/><F93/><W83/><G94/><T104/><D104/><U0/><E0/><V65/><F65/><W115/><G57/><T114/><D114/><AGARI ba="1,2" hai="8,10,18,19,60,61,70,71,88,89,92,95,113,114" machi="114" ten="25,6400,0" yaku="1,1,22,2,54,1,53,0" doraHai="99" doraHaiUra="26" who="1" fromWho="0" sc="315,-67,13,87,281,0,371,0" /><INIT seed="7,0,0,4,2,86" ten="248,100,281,371" oya="3" hai0="123,68,113,66,74,96,23,27,61,92,73,14,99" hai1="35,12,107,134,10,67,109,50,24,32,106,26,77" hai2="72,129,133,13,87,53,60,85,29,58,63,56,19" hai3="124,46,89,71,15,25,5,2,6,9,90,118,52"/><W59/><G71/><T36/><D123/><U38/><E38/><V128/><F72/><W62/><G118/><T21/><D36/><U120/><E67/><V127/><F29/><W44/><G124/><T75/><D113/><U76/><E50/><V18/><F127/><W3/><G25/><T41/><D41/><U48/><E48/><V47/><F47/><N who="3" m="17963" /><G3/><T1/><D1/><U69/><E134/><V16/><F133/><W104/><G104/><T22/><D14/><U105/><E109/><V114/><F114/><W132/><G2/><T45/><D45/><U108/><E108/><V115/><F115/><W78/><G78/><T116/><D116/><U7/><E120/><V112/><F112/><W101/><G101/><T42/><D42/><U91/><E69/><V55/><F13/><N who="3" m="5295" /><G132/><T97/><REACH who="0" step="1"/><D27/><REACH who="0" ten="238,100,281,371" step="2"/><U95/><E26/><V65/><F65/><W94/><G15/><T37/><D37/><U80/><E24/><V82/><REACH who="2" step="1"/><F87/><REACH who="2" ten="238,100,271,371" step="2"/><W51/><G6/><T43/><D43/><U122/><E122/><V135/><F135/><W130/><G130/><T110/><D110/><U131/><E131/><V39/><F39/><W40/><G40/><T28/><D28/><U0/><E0/><V49/><F49/><W100/><G51/><T83/><D83/><U64/><E64/><V4/><F4/><W117/><G117/><T102/><AGARI ba="0,2" hai="21,22,23,61,66,68,73,74,75,92,96,97,99,102" machi="102" ten="40,2700,0" yaku="1,1,0,1,53,0" doraHai="86" doraHaiUra="11" who="0" fromWho="0" sc="238,47,100,-7,271,-7,371,-13" owari="285,9.0,93,-41.0,264,-14.0,358,46.0" /></mjloggm>