<mjloggm ver="2.3"><GO type="169" lobby="0"/><UN n0="%E3%82%BF%EF%BD%9E%E5%9D%8A" n1="%44%26%46" n2="%E3%82%A6%E3%83%AB%E3%83%88%E3%83%A9%E7%AB%8B%E7%9B%B4" n3="%E3%82%AB%E3%83%9C%E3%83%81%E3%83%A3%E3%82%BF%E3%83%8D" dan="16,16,17,16" rate="2117.29,2070.78,2174.70,2144.97" sx="M,M,M,M"/><TAIKYOKU oya="0"/><INIT seed="0,0,0,1,5,1" ten="250,250,250,250" oya="0" hai0="38,75,91,128,59,52,82,60,63,125,11,101,80" hai1="35,103,32,113,8,84,42,69,78,130,17,74,47" hai2="110,50,92,107,39,104,2,108,135,97,3,36,53" hai3="12,65,129,33,31,122,49,51,100,126,119,71,96"/><T131/><D38/><N who="2" m="14378" /><F135/><W37/><G119/><T99/><D125/><U106/><E69/><V70/><F92/><W67/><G129/><N who="0" m="49739" /><D91/><U117/><E84/><V14/><F14/><W98/><G37/><T90/><D90/><U27/><E117/><V93/><F93/><W68/><G126/><T16/><D63/><U4/><E113/><V54/><F97/><W134/><G134/><T29/><D29/><U46/><E78/><V6/><F70/><W127/><G127/><T133/><D133/><U83/><E83/><V24/><F24/><W121/><G12/><N who="0" m="7199" /><D75/><U25/><E103/><V120/><F120/><W123/><G31/><T77/><D77/><U43/><E35/><V45/><F2/><W61/><G33/><T58/><D58/><U118/><E32/><V124/><F124/><W66/><G61/><T44/><D44/><U40/><E74/><V48/><F3/><W116/><G116/><T62/><D62/><U22/><E118/><V21/><F45/><W64/><G64/><T5/><D5/><U109/><E47/><V102/><F6/><W81/><G81/><T0/><D0/><U115/><E46/><V73/><F73/><W56/><G56/><T88/><D88/><U105/><E4/><V23/><F102/><W85/><G85/><T95/><AGARI ba="0,0" hai="52,59,60,80,82,95,99,101" m="7199,49739" machi="95" ten="30,6000,0" yaku="19,1,54,2" doraHai="1" who="0" fromWho="0" sc="250,60,250,-20,250,-20,250,-20" /><INIT seed="0,1,0,0,0,129" ten="310,230,230,230" oya="0" hai0="102,10,106,81,22,109,26,4,27,55,20,114,7" hai1="107,62,130,50,49,65,104,74,47,99,98,39,8" hai2="9,110,18,80,135,32,131,90,57,58,52,68,72" hai3="25,60,103,82,28,101,19,6,123,5,46,33,75"/><T121/><D114/><U116/><E74/><V94/><F68/><W3/><G123/><T48/><D121/><U45/><E130/><V40/><F131/><W117/><G117/><T119/><D119/><U70/><E116/><V85/><F32/><W35/><G35/><T36/><D36/><U66/><E39/><V127/><F110/><W24/><G60/><T63/><D109/><U93/><E8/><V87/><F127/><W122/><G122/><T108/><D108/><U21/><E21/><V13/><F40/><W76/><G46/><T71/><D81/><U30/><E30/><V0/><F0/><W124/><G124/><T73/><D73/><U88/><E66/><V12/><F72/><W89/><G89/><T1/><D7/><U43/><REACH who="1" step="1"/><E99/><REACH who="1" ten="310,220,230,230" step="2"/><V112/><F112/><W92/><G28/><T84/><D22/><U17/><E17/><V96/><F96/><W115/><G19/><T37/><D37/><U111/><E111/><V118/><F118/><W61/><G75/><T31/><D31/><U15/><E15/><V64/><F64/><W69/><G115/><T29/><D29/><U44/><E44/><V79/><F13/><W56/><G33/><T126/><D126/><U100/><E100/><V14/><F14/><W128/><G128/><T78/><D102/><U2/><E2/><V53/><F57/><W23/><G56/><T59/><D59/><U86/><E86/><V54/><F58/><W11/><G103/><T42/><D84/><U125/><E125/><V91/><F79/><W77/><G101/><T16/><D20/><U34/><E34/><RYUUKYOKU ba="1,1" sc="310,-15,220,15,230,15,230,-15" hai1="43,45,47,49,50,62,65,70,88,93,98,104,107" hai2="9,12,18,52,53,54,80,85,87,90,91,94,135" /><INIT seed="1,2,1,3,5,105" ten="295,235,245,215" oya="1" hai0="32,10,37,109,67,0,101,79,66,35,14,50,25" hai1="41,23,121,127,36,128,83,21,27,123,12,2,77" hai2="94,102,43,132,134,88,46,86,135,16,3,97,80" hai3="28,70,30,34,91,20,82,17,64,61,39,33,120"/><U106/><E2/><V44/><F3/><W48/><G120/><T87/><D37/><U81/><E106/><V11/><F43/><W15/><G39/><T85/><D0/><U18/><E127/><V126/><F126/><W119/><G119/><T38/><D38/><U130/><E41/><V65/><F65/><W60/><G60/><T124/><D124/><U22/><E36/><V13/><AGARI ba="2,1" hai="11,13,16,44,46,80,86,88,94,97,102,132,134,135" machi="13" ten="40,8000,1" yaku="0,1,20,1,54,2" doraHai="105" who="2" fromWho="2" sc="295,-22,235,-42,245,96,215,-22" /><INIT seed="2,0,0,2,5,114" ten="273,193,341,193" oya="2" hai0="42,15,73,58,103,25,2,19,131,87,14,67,115" hai1="112,44,102,117,79,24,84,45,93,33,113,63,3" hai2="83,70,23,18,1,119,99,94,48,85,68,53,56" hai3="28,61,97,35,71,74,69,124,9,41,81,91,111"/><V49/><F1/><W0/><G111/><T5/><D73/><U88/><E3/><V116/><F49/><W39/><G124/><T128/><D115/><U98/><E79/><V133/><F133/><W108/><G108/><T130/><D42/><U78/><E78/><V29/><F29/><W59/><G97/><T121/><D121/><U122/><E122/><V37/><F37/><W43/><G43/><T106/><D2/><U34/><E113/><V66/><F83/><W30/><G30/><T31/><D5/><U120/><E120/><V109/><F109/><W20/><G20/><N who="0" m="15783" /><D87/><U27/><E34/><V110/><F110/><W107/><G107/><T10/><D15/><U92/><E112/><V21/><F21/><W95/><G41/><T77/><D77/><U47/><E33/><V26/><F85/><W55/><G81/><T65/><D58/><U100/><E100/><V11/><F11/><W72/><G39/><T80/><D80/><U6/><E6/><V134/><F134/><W126/><G71/><T90/><D90/><U51/><E51/><V123/><F123/><W52/><G69/><T7/><D7/><U82/><E82/><V12/><F12/><W50/><G9/><T125/><D125/><U57/><E27/><V13/><F26/><N who="3" m="18839" /><G126/><T62/><D62/><U89/><E24/><V60/><F70/><W22/><G22/><T32/><D32/><U104/><E104/><V54/><F54/><W17/><G0/><T4/><D4/><U16/><E89/><AGARI ba="0,0" hai="13,18,23,48,53,56,60,66,68,89,94,99,116,119" machi="89" ten="30,5800,0" yaku="7,1,52,2" doraHai="114" who="2" fromWho="1" sc="273,0,193,-58,341,58,193,0" /><INIT seed="2,1,0,5,3,2" ten="273,135,399,193" oya="2" hai0="96,20,133,115,31,81,55,126,78,114,77,69,51" hai1="48,54,128,87,32,116,25,0,95,15,117,123,90" hai2="57,36,13,86,62,47,42,22,41,23,71,72,35" hai3="108,91,30,110,66,109,58,59,7,63,84,103,101"/><V37/><F72/><W76/><G76/><T68/><D126/><U67/><E0/><V88/><F35/><W99/><G30/><T38/><D38/><U111/><E67/><V129/><F71/><W39/><G39/><T14/><D133/><U24/><E111/><V28/><F129/><W50/><G7/><T131/><D131/><U40/><E40/><V122/><F122/><W27/><G27/><T44/><D78/><U26/><E128/><V120/><F120/><W125/><G125/><T43/><D96/><U83/><E123/><V19/><F28/><W46/><G59/><T92/><D92/><U75/><E32/><V11/><F41/><W112/><G112/><T5/><D55/><U107/><E107/><V94/><REACH who="2" step="1"/><F37/><REACH who="2" ten="273,135,389,193" step="2"/><W4/><G108/><T53/><D69/><U130/><E130/><V93/><F93/><W21/><G110/><T60/><D68/><U61/><E116/><V105/><F105/><W8/><G109/><T56/><D31/><U9/><E117/><V100/><F100/><W33/><G33/><T124/><D124/><U73/><E95/><V74/><F74/><W79/><G103/><T49/><D115/><U1/><E75/><V12/><F12/><W113/><G113/><T118/><D114/><U104/><E73/><V16/><F16/><W10/><G101/><T89/><D118/><U119/><E119/><V98/><F98/><W135/><G99/><T6/><D43/><U29/><E104/><V80/><F80/><W132/><G132/><T102/><D81/><U18/><E29/><V65/><AGARI ba="1,1" hai="11,13,19,22,23,36,42,47,57,62,65,86,88,94" machi="65" ten="20,18000,2" yaku="1,1,0,1,7,1,54,1,53,2" doraHai="2" doraHaiUra="17" who="2" fromWho="2" sc="273,-61,135,-61,389,193,193,-61" /><INIT seed="2,2,0,1,4,14" ten="212,74,582,132" oya="2" hai0="42,0,35,110,41,24,109,45,2,93,36,67,56" hai1="119,83,12,69,9,43,106,7,86,10,22,29,80" hai2="15,60,114,112,97,20,105,79,26,135,27,13,128" hai3="108,70,8,122,84,116,90,39,124,46,72,62,3"/><V64/><F128/><W129/><RYUUKYOKU type="yao9" ba="2,0" sc="212,0,74,0,582,0,132,0" hai3="3,8,39,46,62,70,72,84,90,108,116,122,124,129" /><INIT seed="2,3,0,4,1,44" ten="212,74,582,132" oya="2" hai0="102,33,24,100,39,37,87,115,3,79,85,19,101" hai1="11,123,81,38,76,73,45,69,107,18,9,1,132" hai2="116,105,68,7,95,117,49,99,93,131,32,2,77" hai3="23,35,58,34,59,130,133,125,56,74,90,84,17"/><V75/><F32/><W53/><G74/><T83/><D3/><U104/><E11/><V127/><F68/><W134/><G130/><T80/><D115/><U52/><E132/><N who="3" m="50794" /><G125/><T108/><D108/><U92/><E123/><V111/><F2/><W88/><G53/><T129/><D129/><U135/><E135/><V41/><F7/><W6/><G6/><T106/><D106/><U43/><E69/><V82/><F131/><W0/><G0/><T29/><REACH who="0" step="1"/><D19/><REACH who="0" ten="202,74,582,132" step="2"/><U13/><E1/><V12/><F111/><W124/><G124/><T67/><D67/><U50/><REACH who="1" step="1"/><E92/><REACH who="1" ten="202,64,582,132" step="2"/><V4/><F95/><N who="3" m="54663" /><G90/><AGARI ba="3,2" hai="24,29,33,37,39,79,80,83,85,87,90,100,101,102" machi="90" ten="40,8000,1" yaku="1,1,53,3" doraHai="44" doraHaiUra="98" who="0" fromWho="3" sc="202,109,64,0,582,0,132,-89" /><INIT seed="3,0,0,2,1,4" ten="311,64,582,43" oya="3" hai0="16,96,32,69,106,22,92,71,105,123,55,120,90" hai1="1,132,129,44,76,31,63,62,41,118,54,68,12" hai2="134,107,21,5,39,67,74,72,79,46,87,18,37" hai3="17,10,57,23,114,25,102,70,127,126,81,0,80"/><W73/><G114/><T77/><D32/><U82/><E1/><V6/><F107/><W85/><G70/><T95/><D77/><U30/><E132/><V121/><F121/><W7/><G102/><T64/><D106/><U117/><E129/><V88/><F67/><W113/><G113/><T103/><D105/><U111/><E111/><V53/><F39/><W38/><G38/><T84/><D55/><U43/><E30/><V119/><F119/><N who="1" m="45577" /><E31/><V124/><F124/><N who="3" m="47659" /><G73/><T58/><D58/><N who="1" m="35159" /><E12/><V15/><F134/><W48/><G85/><T112/><D112/><U27/><E27/><V3/><F74/><W86/><G86/><T116/><D116/><U52/><E68/><V8/><F72/><W125/><N who="3" m="47667" /><W89/><DORA hai="59" /><G89/><T36/><D36/><U56/><E44/><V51/><F37/><W34/><G34/><T26/><REACH who="0" step="1"/><D71/><REACH who="0" ten="301,64,582,43" step="2"/><U75/><AGARI ba="0,1" hai="41,43,52,56,63,75,76,82" m="35159,45577" machi="75" ten="30,7900,0" yaku="12,1,52,2,54,1" doraHai="4,59" who="1" fromWho="1" sc="301,-20,64,89,582,-20,43,-39" /><INIT seed="4,0,0,5,3,57" ten="281,153,562,4" oya="0" hai0="66,21,130,32,106,104,48,92,105,16,36,134,64" hai1="13,135,70,89,98,117,8,77,47,7,20,60,42" hai2="27,62,84,74,63,97,112,81,44,126,31,79,35" hai3="29,85,110,115,55,39,76,114,9,56,121,17,87"/><T50/><D36/><U38/><E135/><V37/><F112/><W23/><G110/><T72/><D32/><U109/><E109/><V43/><F126/><W88/><G39/><T83/><D130/><U45/><E77/><V125/><F125/><W131/><G131/><T59/><D134/><U40/><E117/><V46/><F84/><W95/><G121/><T30/><D30/><U111/><E111/><V96/><F46/><W127/><G127/><T6/><D6/><U113/><E113/><N who="3" m="43018" /><G9/><T11/><D11/><U2/><E98/><V118/><F118/><W129/><G129/><T10/><D10/><U99/><E99/><V67/><F63/><N who="3" m="36255" /><G29/><T14/><D92/><U133/><E133/><V15/><F15/><N who="3" m="9663" /><G76/><T93/><D93/><U116/><E116/><V54/><F54/><W132/><G85/><T68/><D68/><AGARI ba="0,0" hai="27,31,35,37,43,44,62,67,68,74,79,81,96,97" machi="68" ten="30,2000,0" yaku="7,1,52,1" doraHai="57" who="2" fromWho="0" sc="281,-20,153,0,562,20,4,0" /><INIT seed="5,0,0,0,2,92" ten="261,153,582,4" oya="1" hai0="104,31,106,6,8,121,22,28,50,100,119,57,84" hai1="32,42,80,20,9,26,109,131,133,48,21,67,54" hai2="33,72,62,7,82,126,64,91,49,77,117,61,60" hai3="115,135,40,74,122,132,88,45,63,10,13,44,68"/><U37/><E131/><V34/><F117/><W73/><G122/><T52/><D119/><U70/><E133/><N who="3" m="51274" /><G115/><T24/><D121/><U56/><E109/><V120/><F64/><N who="3" m="40991" /><G88/><T16/><D84/><U87/><E32/><V79/><F79/><W15/><G45/><T110/><D110/><U38/><E9/><V43/><F91/><W47/><G44/><T55/><D55/><U17/><E42/><V53/><F43/><W118/><G118/><T19/><D19/><U30/><E67/><V108/><F108/><W94/><G94/><T98/><REACH who="0" step="1"/><D106/><REACH who="0" ten="251,153,582,4" step="2"/><U85/><E85/><V111/><F111/><W29/><G29/><T65/><D65/><U113/><E113/><V51/><F120/><W3/><G3/><AGARI ba="0,1" hai="3,6,8,16,22,24,28,31,50,52,57,98,100,104" machi="3" ten="30,12000,2" yaku="1,1,7,1,52,1,54,2,53,1" doraHai="92" doraHaiUra="101" who="0" fromWho="3" sc="251,130,153,0,582,0,4,-120" owari="381,18.0,153,-25.0,582,69.0,-116,-62.0" /></mjloggm>