<mjloggm ver="2.3"><GO type="97" lobby="0"/><UN n0="%73%6F%75%72%69%72%65" n1="%E5%AE%89%E8%97%A4%E3%81%A7%E3%81%94%E3%81%96%E3%82%8B" n2="%31%33%36%30" n3="%E5%B0%B1%E6%B4%BB%E7%94%9F%40%E5%B7%9D%E6%9D%91%E8%BB%8D%E5%9B%A3" dan="14,14,14,15" rate="1882.21,1874.78,1914.09,2074.26" sx="M,F,M,M"/><TAIKYOKU oya="0"/><INIT seed="0,0,0,5,3,89" ten="250,250,250,250" oya="0" hai0="21,74,68,98,95,73,84,35,94,119,55,77,70" hai1="29,113,107,121,100,31,76,63,9,38,28,86,85" hai2="52,50,3,79,110,17,14,93,51,132,116,90,126" hai3="87,37,8,49,23,92,12,105,118,33,48,81,7"/><T66/><D119/><U13/><E113/><V61/><F3/><W117/><G105/><T67/><D35/><U112/><E112/><V27/><F110/><W57/><G37/><T109/><D109/><U46/><E121/><V65/><F116/><W26/><G33/><T131/><D131/><U99/><E63/><V133/><F79/><W56/><G118/><T75/><D21/><U69/><E69/><V53/><F27/><W78/><G117/><T91/><D55/><N who="2" m="21066" /><F126/><W58/><REACH who="3" step="1"/><G92/><REACH who="3" ten="250,250,250,240" step="2"/><T134/><D134/><N who="2" m="51818" /><F61/><W0/><G0/><T4/><D4/><U62/><E62/><V36/><F36/><W43/><G43/><T32/><D32/><U122/><E122/><V129/><F129/><W97/><G97/><T123/><D123/><U59/><E99/><N who="2" m="57783" /><F65/><W45/><G45/><T71/><REACH who="0" step="1"/><D77/><REACH who="0" ten="240,250,250,240" step="2"/><U2/><E76/><V106/><F106/><W96/><G96/><T64/><D64/><U120/><E107/><V103/><F103/><AGARI ba="0,2" hai="66,67,68,70,71,73,74,75,84,91,94,95,98,103" machi="103" ten="50,9600,0" yaku="1,1,52,2,53,0" doraHai="89" doraHaiUra="124" who="0" fromWho="2" sc="240,116,250,0,250,-96,240,0" /><INIT seed="0,1,0,0,1,70" ten="356,250,154,240" oya="0" hai0="129,2,58,88,44,37,102,126,5,128,98,7,80" hai1="13,50,130,49,134,93,27,34,75,14,45,30,71" hai2="46,31,1,113,10,79,23,39,18,51,83,33,78" hai3="95,59,100,87,111,35,101,118,85,8,32,41,92"/><T62/><D126/><U12/><E71/><V20/><F39/><W63/><G118/><T122/><D122/><U119/><E119/><V105/><F23/><W42/><G111/><T133/><D133/><U117/><E117/><V65/><F65/><W121/><G121/><T3/><D37/><U91/><E134/><V81/><F105/><W110/><G110/><T96/><D44/><U116/><E116/><V109/><F109/><W16/><G35/><T74/><D74/><U82/><E130/><N who="0" m="50281" /><D80/><U76/><REACH who="1" step="1"/><E45/><REACH who="1" ten="356,240,154,240" step="2"/><V60/><F113/><W43/><G32/><T54/><D2/><U21/><E21/><V115/><F115/><W68/><G68/><T107/><D3/><U103/><E103/><V22/><F22/><W29/><G29/><T56/><D56/><U86/><AGARI ba="1,1" hai="12,13,14,27,30,34,49,50,75,76,82,86,91,93" machi="86" ten="30,2000,0" yaku="1,1,0,1,53,0" doraHai="70" doraHaiUra="131" who="1" fromWho="1" sc="356,-11,240,33,154,-6,240,-6" /><INIT seed="1,0,0,0,3,8" ten="345,273,148,234" oya="1" hai0="95,126,97,104,43,20,11,76,109,67,7,5,131" hai1="125,73,102,118,86,94,120,49,37,75,0,41,47" hai2="54,32,27,135,33,35,3,31,50,111,106,46,122" hai3="17,100,134,39,103,6,88,128,14,12,18,127,23"/><U89/><E120/><V85/><F106/><W15/><G39/><T123/><D123/><U117/><E125/><V21/><F122/><W70/><G70/><T45/><D126/><U63/><E0/><V62/><F135/><W40/><G128/><T115/><D131/><U99/><E63/><V25/><F111/><W19/><G134/><T91/><D115/><U78/><E37/><V66/><F3/><W72/><G72/><T38/><D109/><U53/><E53/><V98/><F98/><W101/><G127/><T92/><D67/><U1/><E1/><V2/><F2/><W87/><G40/><T129/><D129/><U26/><E26/><V116/><F85/><W29/><G29/><T56/><D104/><N who="1" m="63583" /><E73/><V96/><F96/><W79/><G79/><T36/><D76/><U52/><E41/><V82/><F82/><AGARI ba="0,0" hai="47,49,52,75,78,82,86,89,94,117,118" m="63583" machi="82" ten="30,2900,0" yaku="24,1,54,1" doraHai="8" who="1" fromWho="2" sc="345,0,273,29,148,-29,234,0" /><INIT seed="1,1,0,4,0,110" ten="345,302,119,234" oya="1" hai0="63,113,57,118,21,135,108,50,94,95,70,20,127" hai1="61,14,66,123,35,11,17,117,45,48,64,97,125" hai2="96,27,37,38,12,74,58,18,84,114,10,101,132" hai3="67,72,131,98,29,25,55,79,128,54,32,90,52"/><U13/><E35/><V36/><F74/><W109/><G109/><T69/><D108/><U119/><E123/><V82/><F132/><W33/><G67/><T73/><D118/><U8/><E125/><V41/><F58/><W46/><G33/><T34/><D127/><U22/><E97/><V77/><F27/><W53/><G72/><T107/><D135/><U44/><E22/><V65/><F65/><W68/><G68/><T56/><D107/><U116/><E61/><V2/><F41/><W47/><G79/><T102/><D73/><U30/><E30/><V134/><F2/><W60/><G60/><T130/><D130/><N who="3" m="49705" /><G55/><T103/><D34/><U87/><E87/><V19/><F134/><W104/><G104/><T51/><D63/><U86/><E86/><V31/><F31/><W76/><G76/><T112/><AGARI ba="1,0" hai="20,21,50,51,56,57,69,70,94,95,102,103,112,113" machi="112" ten="25,8000,1" yaku="0,1,22,2,52,2" doraHai="110" who="0" fromWho="0" sc="345,83,302,-41,119,-21,234,-21" /><INIT seed="2,0,0,3,1,124" ten="428,261,98,213" oya="2" hai0="94,44,70,135,4,113,80,117,121,81,112,30,1" hai1="43,26,52,11,23,73,35,128,57,133,92,56,76" hai2="85,84,96,98,129,39,122,119,78,2,134,28,54" hai3="99,125,101,68,7,3,93,19,88,71,38,12,90"/><V72/><F39/><W95/><G38/><T83/><D117/><U116/><E116/><V37/><F37/><W20/><G125/><T49/><D121/><U86/><E35/><V55/><F2/><W103/><G3/><T130/><D70/><U50/><E133/><V75/><F28/><W126/><G126/><T108/><D135/><U33/><E33/><V66/><F119/><W15/><G71/><T120/><D108/><U40/><E128/><V118/><F118/><W115/><G68/><T69/><D130/><U109/><E109/><V51/><F51/><W79/><G79/><T5/><D69/><U114/><E114/><V106/><F66/><W123/><G123/><T34/><D120/><U102/><E73/><V100/><F122/><W107/><G107/><T74/><D94/><U87/><E11/><V41/><F41/><N who="1" m="15945" /><E57/><V32/><F134/><W13/><G115/><T131/><D74/><U45/><E45/><V111/><F32/><W63/><G63/><T97/><D113/><U9/><E9/><V21/><F111/><W0/><G0/><T18/><D112/><U17/><E76/><V58/><F21/><W60/><G60/><T64/><D1/><U62/><E62/><V31/><F58/><W42/><G42/><T25/><D34/><U127/><E127/><V65/><F65/><W53/><G53/><T6/><D64/><U132/><E132/><V67/><F67/><W36/><G36/><T47/><D18/><U77/><E77/><V82/><F82/><W24/><G7/><T22/><D83/><U61/><E61/><V104/><F104/><RYUUKYOKU ba="0,0" sc="428,-15,261,15,98,-15,213,15" hai1="17,23,26,50,52,56,86,87,92,102" hai3="12,13,15,19,20,24,88,90,93,95,99,101,103" /><INIT seed="3,1,0,0,2,14" ten="413,276,83,228" oya="3" hai0="113,12,94,52,81,105,120,42,122,66,65,5,131" hai1="44,70,80,16,78,108,35,93,96,30,130,11,46" hai2="116,9,98,6,127,2,43,83,18,89,20,10,33" hai3="102,21,59,48,101,87,8,57,85,119,39,0,97"/><W129/><G119/><T23/><D105/><U64/><E130/><V74/><F116/><W86/><G39/><T58/><D131/><U41/><E70/><V17/><F43/><W7/><G129/><T56/><D113/><U67/><E35/><V26/><F98/><W126/><G126/><T110/><D110/><U73/><E30/><N who="2" m="19671" /><F89/><W128/><G128/><T62/><D81/><U50/><E46/><V95/><F95/><W125/><G125/><T51/><D94/><U76/><E108/><V37/><F83/><W84/><G84/><T13/><D120/><U49/><E49/><V32/><F37/><W40/><G21/><T132/><D122/><U69/><E69/><V71/><F71/><W25/><G25/><T24/><D132/><U75/><E75/><V55/><F55/><W22/><G22/><T68/><D66/><U103/><E78/><V111/><F74/><W118/><G118/><T112/><D112/><U61/><E61/><V54/><F54/><W31/><G31/><N who="0" m="17823" /><D68/><U72/><E72/><V135/><F111/><W92/><G102/><T117/><D42/><U36/><E36/><V88/><F88/><W3/><G3/><T45/><D117/><U38/><E38/><V104/><F104/><W115/><G115/><T133/><D133/><U90/><E103/><V47/><F47/><W100/><G100/><T15/><D5/><U109/><E109/><V34/><F135/><W63/><G63/><N who="0" m="38119" /><D45/><U114/><E114/><V91/><F127/><W27/><G40/><T1/><D1/><U79/><E79/><V123/><F123/><W134/><G134/><RYUUKYOKU ba="1,0" sc="413,15,276,15,83,-15,228,-15" hai0="12,13,15,51,52,58,62" hai1="11,16,41,44,50,64,67,73,76,80,90,93,96" owari="428,53.0,291,9.0,68,-43.0,213,-19.0" /></mjloggm>