<mjloggm ver="2.3"><GO type="41" lobby="0"/><UN n0="%E3%83%AC%E3%82%AA%E5%90%89%E3%81%A4%E3%81%81%E3%82%93" n1="%6D%65%33%4D%48%7A" n2="%63%6C%6F%6F%77%64%6F" n3="%E5%B0%B1%E6%B4%BB%E7%94%9F%40%E5%B7%9D%E6%9D%91%E8%BB%8D%E5%9B%A3" dan="14,14,15,15" rate="1934.51,1920.40,2012.25,1975.95" sx="M,F,M,M"/><TAIKYOKU oya="0"/><INIT seed="0,0,0,0,3,91" ten="250,250,250,250" oya="0" hai0="2,50,112,27,94,59,89,29,54,75,125,121,26" hai1="81,108,115,42,36,20,4,111,21,24,14,52,113" hai2="37,17,63,41,31,71,39,51,6,129,119,116,74" hai3="76,61,45,128,69,34,7,70,11,73,30,56,33"/><T90/><D121/><U122/><E122/><V67/><F74/><W18/><G128/><T120/><D120/><U114/><E36/><N who="2" m="13899" /><F6/><W3/><G18/><T32/><D75/><U98/><E42/><V101/><F31/><W15/><G15/><T46/><D125/><U134/><E81/><V110/><F17/><W132/><G132/><T82/><D112/><U80/><E80/><V58/><F101/><W87/><G45/><T0/><D27/><U133/><E98/><V12/><F12/><W28/><G73/><T40/><D82/><U124/><E124/><V103/><F103/><W131/><G131/><T105/><D89/><U48/><E4/><V22/><F22/><N who="1" m="8809" /><E14/><V107/><F107/><W97/><G97/><T13/><D105/><U62/><E24/><V47/><F129/><W95/><G34/><T123/><D13/><U106/><E106/><V1/><F1/><W127/><G127/><T126/><D126/><U109/><E62/><N who="2" m="40439" /><F110/><W86/><G33/><T118/><D123/><U88/><E88/><V38/><F38/><W100/><G76/><T78/><D78/><U77/><E77/><V35/><F35/><W60/><G87/><T8/><D8/><U83/><E83/><V10/><F10/><W19/><G19/><T55/><D2/><U104/><E104/><V117/><F117/><W65/><G86/><N who="0" m="52567" /><D118/><U92/><E92/><V43/><F43/><W53/><G70/><T25/><D0/><U66/><E66/><AGARI ba="0,0" hai="41,47,51,58,63,66,116,119" m="40439,13899" machi="66" ten="30,2000,0" yaku="34,2" doraHai="91" who="2" fromWho="1" sc="250,0,250,-20,250,20,250,0" /><INIT seed="1,0,0,1,2,113" ten="250,230,270,250" oya="1" hai0="41,58,87,86,44,99,110,132,50,65,68,43,48" hai1="125,9,42,52,10,119,129,94,118,24,117,33,101" hai2="66,88,60,81,1,17,107,21,133,25,51,82,131" hai3="36,14,28,59,32,53,38,57,78,85,134,26,97"/><U111/><E42/><N who="0" m="15881" /><D99/><U122/><E122/><V102/><F133/><W124/><G134/><T40/><D87/><U4/><E129/><V27/><F131/><W95/><G124/><T114/><D86/><U30/><E125/><V108/><F108/><W127/><G127/><T75/><D75/><U123/><E101/><V11/><F51/><N who="0" m="19498" /><D132/><U71/><E71/><V84/><F102/><W12/><G36/><N who="0" m="21511" /><D114/><U80/><E123/><V121/><F121/><W96/><G38/><T15/><D15/><U64/><E64/><V128/><F128/><W18/><G12/><T76/><D76/><U39/><E80/><V116/><F107/><W49/><G78/><T135/><D135/><U16/><E39/><V2/><F84/><W98/><G85/><T61/><D110/><U70/><E70/><AGARI ba="0,0" hai="58,61,65,68,70" m="21511,19498,15881" machi="70" ten="30,8000,1" yaku="35,5" doraHai="113" who="0" fromWho="1" sc="250,80,230,-80,270,0,250,0" /><INIT seed="2,0,0,1,4,129" ten="330,150,270,250" oya="2" hai0="21,25,37,86,116,3,24,124,51,105,63,60,84" hai1="113,69,65,72,10,48,56,13,103,115,130,131,87" hai2="52,82,109,2,128,135,78,32,127,91,49,1,80" hai3="44,117,123,74,39,76,132,36,99,14,6,98,22"/><V41/><F128/><N who="1" m="49193" /><E72/><V15/><F32/><W26/><G123/><T42/><D105/><U8/><E103/><V125/><F41/><W20/><G117/><T9/><D116/><U101/><E101/><V89/><F15/><W33/><G33/><T53/><D124/><N who="2" m="47690" /><F109/><W31/><G76/><T96/><D37/><U35/><E35/><V54/><F135/><W134/><G74/><T122/><D42/><U59/><E87/><N who="0" m="33321" /><D3/><N who="2" m="1034" /><F78/><W17/><G6/><T71/><D71/><U70/><E13/><V19/><F19/><W50/><G39/><T88/><D122/><U77/><E77/><V23/><F23/><W34/><G36/><T64/><D9/><N who="1" m="3691" /><E65/><V58/><F54/><W97/><REACH who="3" step="1"/><G34/><REACH who="3" ten="330,150,270,240" step="2"/><T68/><D68/><N who="1" m="26219" /><E48/><V30/><F30/><W102/><G102/><T73/><D73/><U119/><E119/><V57/><F57/><AGARI ba="0,1" hai="56,57,59,113,115" m="26219,3691,49193" machi="57" ten="40,5200,0" yaku="28,2,19,1" doraHai="129" who="1" fromWho="2" sc="330,0,150,62,270,-52,240,0" /><INIT seed="3,0,0,2,4,10" ten="330,212,218,240" oya="3" hai0="99,134,103,64,118,16,94,95,61,32,92,123,129" hai1="34,24,89,75,39,56,48,132,30,63,100,102,12" hai2="20,70,28,58,52,101,86,97,55,131,43,108,22" hai3="25,11,29,121,74,38,35,54,23,15,17,90,62"/><W76/><G121/><T114/><D123/><U117/><E75/><V4/><F70/><W65/><G38/><T96/><D118/><U98/><E117/><V84/><F108/><W122/><G122/><T37/><D32/><U106/><E39/><V82/><F43/><W8/><G54/><T14/><D37/><U109/><E109/><V83/><F4/><W33/><G90/><T7/><D114/><U81/><E132/><V73/><F73/><W31/><G31/><T36/><D36/><U60/><E102/><V18/><F131/><W21/><G35/><T51/><D134/><U116/><E116/><V77/><F28/><W79/><G33/><T40/><D129/><U78/><E89/><V41/><F41/><W1/><G74/><T107/><D7/><U124/><E124/><V85/><F82/><W68/><REACH who="3" step="1"/><G1/><REACH who="3" ten="330,212,218,230" step="2"/><T91/><D40/><U49/><E78/><AGARI ba="0,1" hai="8,11,15,17,21,23,25,29,62,65,68,76,78,79" machi="78" ten="40,7700,0" yaku="1,1,2,1,52,1,53,0" doraHai="10" doraHaiUra="80" who="3" fromWho="1" sc="330,0,212,-77,218,0,230,87" /><INIT seed="3,1,0,4,0,63" ten="330,135,218,317" oya="3" hai0="118,119,121,1,7,66,80,39,20,113,91,76,51" hai1="59,124,125,30,13,129,105,37,101,64,132,41,67" hai2="110,3,50,61,5,95,115,42,28,36,122,112,18" hai3="77,126,53,33,45,35,40,71,68,84,130,11,48"/><W62/><G126/><N who="1" m="48746" /><E105/><V104/><F104/><W54/><G130/><T108/><D39/><U83/><E101/><V69/><F36/><W43/><G35/><T100/><D121/><U10/><E83/><V25/><F110/><W82/><G33/><T90/><D100/><U133/><E30/><V97/><F18/><W94/><G43/><T114/><D20/><U16/><E129/><V46/><F5/><W14/><G94/><T87/><D51/><U52/><E41/><V93/><F3/><W117/><G117/><T120/><D120/><U70/><E70/><V107/><F107/><W135/><G135/><N who="1" m="51786" /><E37/><V31/><F122/><W73/><G73/><T60/><D119/><U21/><E10/><V81/><F81/><W9/><G9/><T72/><D118/><U75/><E75/><V109/><F109/><W4/><G71/><T134/><D108/><U89/><E89/><V85/><F31/><W65/><AGARI ba="1,0" hai="4,11,14,40,45,48,53,54,62,65,68,77,82,84" machi="65" ten="30,11700,0" yaku="0,1,25,2,52,1" doraHai="63" who="3" fromWho="3" sc="330,-40,135,-40,218,-40,317,120" /><INIT seed="3,2,0,3,0,114" ten="290,95,178,437" oya="3" hai0="92,118,48,29,21,121,83,38,73,94,63,8,72" hai1="33,11,58,47,22,30,130,104,70,37,122,75,117" hai2="17,99,24,7,53,126,93,42,69,12,101,81,88" hai3="0,64,4,25,23,98,68,74,102,49,89,35,95"/><W55/><G35/><T19/><D121/><U115/><RYUUKYOKU type="yao9" ba="2,0" sc="290,0,95,0,178,0,437,0" hai1="11,22,30,33,37,47,58,70,75,104,115,117,122,130" /><INIT seed="3,3,0,4,1,43" ten="290,95,178,437" oya="3" hai0="92,125,123,77,126,62,27,134,40,23,28,4,53" hai1="85,101,91,24,86,17,78,29,49,35,21,58,87" hai2="122,10,67,102,129,34,9,115,11,64,68,110,60" hai3="133,81,99,93,88,104,119,79,89,76,118,51,116"/><W66/><G133/><T1/><D123/><U36/><E36/><V109/><F115/><W45/><G104/><T114/><D77/><U59/><E78/><V74/><F122/><W80/><G66/><T16/><D92/><U103/><E91/><V33/><F74/><W0/><G0/><T132/><D40/><U83/><E83/><V73/><F73/><W100/><G79/><T84/><D84/><U124/><E124/><N who="0" m="47721" /><D62/><U47/><E103/><V20/><F102/><W22/><G22/><N who="0" m="15479" /><D53/><U31/><E31/><V98/><F98/><W8/><G8/><N who="0" m="2063" /><D114/><U107/><E101/><V18/><F67/><W19/><G19/><T105/><D105/><U111/><E107/><V50/><F50/><W12/><G81/><T46/><D46/><U131/><E111/><N who="2" m="42507" /><F60/><W63/><G63/><T61/><D61/><U70/><E70/><V117/><F64/><W108/><G108/><T26/><AGARI ba="3,0" hai="16,23,26,132,134" m="2063,15479,47721" machi="26" ten="30,7900,0" yaku="18,1,34,2,54,1" doraHai="43" who="0" fromWho="0" sc="290,88,95,-23,178,-23,437,-42" /><INIT seed="4,0,0,5,5,103" ten="378,72,155,395" oya="0" hai0="59,67,125,75,11,15,87,134,58,68,16,86,66" hai1="55,35,102,117,23,1,90,21,40,93,47,96,74" hai2="50,81,38,32,34,94,113,114,101,19,85,95,9" hai3="0,121,41,49,39,115,44,17,54,7,10,52,70"/><T118/><D118/><U78/><E35/><N who="2" m="13355" /><F38/><W24/><G70/><T110/><D75/><U69/><E117/><V48/><F9/><W56/><G121/><T111/><D68/><U112/><E1/><V132/><F19/><W77/><G115/><N who="2" m="44041" /><F132/><W51/><G77/><T61/><D134/><U108/><E69/><V60/><F60/><W130/><G130/><T104/><D125/><U27/><E108/><N who="0" m="41513" /><D104/><U71/><E71/><V131/><F131/><W53/><G39/><T127/><D127/><U106/><E112/><V20/><F20/><W76/><G76/><T98/><D98/><U73/><E78/><N who="2" m="46263" /><F101/><W89/><G24/><T79/><D79/><U135/><E135/><V29/><F29/><W46/><G17/><T122/><D122/><U3/><E3/><V8/><F8/><W128/><G128/><T97/><D97/><U133/><E133/><V13/><F13/><W22/><G22/><T80/><D80/><U63/><E21/><V64/><F64/><W12/><G0/><T88/><D88/><U14/><E14/><V105/><F105/><W100/><G89/><T4/><D4/><U30/><E63/><AGARI ba="0,0" hai="11,15,16,58,59,61,63,66,67,86,87" m="41513" machi="63" ten="30,2900,0" yaku="10,1,54,1" doraHai="103" who="0" fromWho="1" sc="378,29,72,-29,155,0,395,0" /><INIT seed="4,1,0,0,0,80" ten="407,43,155,395" oya="0" hai0="44,49,50,30,29,89,31,107,99,98,39,36,129" hai1="33,9,58,93,43,72,75,0,134,82,131,54,55" hai2="124,6,18,108,14,127,78,5,47,25,121,63,10" hai3="11,109,120,64,15,68,116,74,2,42,57,8,40"/><T51/><D129/><U101/><E33/><V111/><F63/><W22/><G74/><T16/><D107/><U133/><E131/><V26/><F47/><W112/><G68/><T34/><D34/><U119/><E119/><V77/><F121/><W7/><G120/><T67/><D67/><U87/><E43/><V76/><F76/><W28/><G109/><N who="2" m="42057" /><F77/><W52/><G64/><T21/><D44/><U69/><E69/><V23/><F78/><W122/><G122/><T88/><D21/><U20/><E20/><N who="2" m="13591" /><F5/><W102/><G102/><T132/><D16/><AGARI ba="1,0" hai="6,10,14,16,23,25,124,127" m="13591,42057" machi="16" ten="30,3900,0" yaku="34,2,54,1" doraHai="80" who="2" fromWho="0" sc="407,-42,43,0,155,42,395,0" /><INIT seed="5,0,0,1,1,108" ten="365,43,197,395" oya="1" hai0="77,122,18,55,115,14,40,27,103,117,61,92,7" hai1="82,39,38,99,41,8,121,76,90,67,94,68,128" hai2="79,132,65,62,36,114,101,33,60,16,29,72,25" hai3="71,78,30,109,69,119,70,35,95,43,127,37,22"/><U116/><E116/><V85/><F36/><W10/><G109/><T44/><D117/><U106/><E121/><V89/><F101/><W120/><G120/><T19/><D77/><U96/><E128/><V84/><F72/><W124/><G119/><T135/><D135/><U32/><E32/><V34/><F34/><W4/><G35/><T42/><D122/><U133/><E133/><V86/><F79/><W129/><G129/><T83/><D115/><U102/><E41/><N who="0" m="15977" /><D83/><U12/><E67/><V74/><F114/><W52/><G78/><T110/><D110/><U6/><REACH who="1" step="1"/><E68/><REACH who="1" ten="365,33,197,395" step="2"/><V93/><F33/><W54/><G71/><T105/><D105/><U118/><E118/><V46/><F132/><W91/><G70/><T26/><D92/><U2/><E2/><V98/><F93/><W15/><G69/><T111/><D111/><U23/><E23/><V100/><F65/><W31/><G43/><T50/><D103/><U45/><E45/><V56/><F46/><W17/><G37/><T13/><D44/><U107/><E107/><V64/><F100/><W51/><G54/><T97/><D55/><U87/><AGARI ba="0,1" hai="6,8,12,38,39,76,82,87,90,94,96,99,102,106" machi="87" ten="20,3900,0" yaku="1,1,0,1,7,1,53,0" doraHai="108" doraHaiUra="28" who="1" fromWho="1" sc="365,-13,33,49,197,-13,395,-13" /><INIT seed="5,1,0,4,3,56" ten="352,82,184,382" oya="1" hai0="1,119,10,84,41,61,116,63,27,15,107,42,97" hai1="49,47,104,39,50,3,46,9,18,95,86,118,60" hai2="66,122,87,77,54,102,91,100,4,28,105,26,135" hai3="29,110,14,103,48,94,96,131,67,108,79,21,20"/><U64/><E104/><V75/><F122/><W33/><G33/><T38/><D1/><U35/><E35/><V25/><F66/><W74/><G131/><T34/><D38/><U31/><E31/><V59/><F4/><W90/><G67/><T7/><D119/><U32/><E32/><V85/><F75/><W89/><G74/><T92/><D107/><U13/><E3/><V112/><F105/><W126/><G79/><T62/><D116/><U133/><E118/><V55/><F135/><W44/><G126/><T65/><D65/><U121/><E121/><V81/><F112/><W0/><G0/><T80/><D27/><N who="2" m="10250" /><F28/><W76/><G76/><N who="0" m="46087" /><D34/><U57/><E133/><V58/><F58/><W71/><G71/><T53/><D53/><N who="2" m="19978" /><F59/><W127/><G29/><T113/><D113/><U51/><E39/><V88/><F77/><W111/><G127/><T101/><AGARI ba="1,0" hai="7,10,15,41,42,61,62,63,92,97,101" m="46087" machi="101" ten="30,7900,0" yaku="8,1,52,3" doraHai="56" who="0" fromWho="0" sc="352,82,82,-40,184,-21,382,-21" /><INIT seed="6,0,0,2,2,54" ten="434,42,163,361" oya="2" hai0="58,21,111,36,65,112,63,123,61,99,86,106,124" hai1="127,22,37,70,64,14,83,55,47,81,130,117,34" hai2="51,69,26,18,101,120,9,39,72,59,52,122,45" hai3="68,115,35,24,53,31,82,100,121,131,88,4,113"/><V73/><F101/><W118/><G68/><T87/><D123/><U44/><E34/><V125/><F125/><W60/><G121/><T85/><D111/><U96/><E127/><V25/><F122/><W95/><G118/><T20/><D36/><U110/><E117/><V98/><F98/><W109/><G109/><T135/><D124/><U57/><E110/><V119/><F119/><W1/><G131/><T133/><D112/><N who="3" m="43081" /><G100/><T89/><D63/><U78/><E130/><V62/><F120/><W0/><G82/><T19/><D106/><U76/><E96/><V41/><F9/><W132/><G4/><T12/><D21/><U50/><E83/><V91/><F91/><W16/><G16/><T5/><D5/><U93/><E93/><V97/><F97/><N who="3" m="57575" /><G132/><N who="0" m="50763" /><D99/><U6/><E81/><AGARI ba="0,0" hai="12,19,20,58,61,65,81,85,86,87,89" m="50763" machi="81" ten="30,2000,0" yaku="20,1,52,1" doraHai="54" who="0" fromWho="1" sc="434,20,42,-20,163,0,361,0" /><INIT seed="7,0,0,3,3,116" ten="454,22,163,361" oya="3" hai0="24,119,4,39,112,74,88,130,104,72,19,93,96" hai1="23,6,105,113,42,90,1,134,29,46,66,22,11" hai2="28,67,47,16,121,128,2,7,94,82,76,32,114" hai3="5,34,31,86,80,52,89,37,13,38,0,99,73"/><W118/><G0/><T126/><D119/><U3/><E105/><V8/><F121/><W60/><G118/><T35/><D39/><U58/><E113/><V122/><F122/><W27/><G73/><T68/><D68/><U78/><E134/><V14/><F114/><W98/><G37/><T12/><D112/><U81/><E29/><V135/><F135/><W133/><G38/><T62/><D4/><U111/><E111/><V26/><F128/><W124/><G124/><T123/><D123/><U132/><E1/><V56/><F47/><W18/><G5/><T83/><D126/><U85/><E132/><V41/><F41/><W25/><G25/><T100/><D62/><U75/><E66/><V77/><F94/><W108/><G108/><T10/><D83/><U53/><E58/><V131/><F131/><W49/><G60/><T55/><D55/><U97/><E53/><V102/><F102/><W21/><REACH who="3" step="1"/><G133/><REACH who="3" ten="454,22,163,351" step="2"/><T129/><D129/><U63/><E63/><N who="2" m="38375" /><F82/><W117/><G117/><T43/><D130/><U91/><E75/><V33/><F33/><W17/><G17/><T51/><D35/><U79/><E6/><V120/><F120/><W61/><G61/><T65/><D24/><U30/><E3/><V71/><F71/><W101/><G101/><T36/><D36/><U40/><E30/><V109/><F109/><W125/><G125/><T95/><D74/><U84/><E81/><V64/><F64/><W15/><G15/><T48/><D65/><U92/><E79/><V20/><AGARI ba="0,1" hai="2,7,8,14,16,20,26,28,32,76,77" m="38375" machi="20" ten="30,2000,0" yaku="24,1,54,1" doraHai="116" who="2" fromWho="2" sc="454,-5,22,-5,163,30,351,-10" owari="449,55.0,17,-48.0,193,-21.0,341,14.0" /></mjloggm>