<mjloggm ver="2.3"><GO type="97" lobby="0"/><UN n0="%63%68%69%62%69%38%36%35" n1="%E6%B3%A2%E7%91%A0" n2="%42%6C%69%6E%78" n3="%E5%B0%B1%E6%B4%BB%E7%94%9F%40%E5%B7%9D%E6%9D%91%E8%BB%8D%E5%9B%A3" dan="15,14,14,15" rate="1964.75,1897.20,1933.26,2032.18" sx="M,M,M,M"/><TAIKYOKU oya="0"/><INIT seed="0,0,0,0,4,14" ten="250,250,250,250" oya="0" hai0="130,25,11,34,120,111,99,6,106,39,90,129,67" hai1="58,24,38,33,97,47,9,134,30,105,61,96,26" hai2="128,80,107,79,28,29,37,49,65,132,10,62,63" hai3="5,74,103,51,18,60,88,75,1,133,71,44,53"/><T23/><D39/><U16/><E134/><V41/><F37/><W118/><G118/><T83/><D34/><U94/><E105/><V110/><F132/><W125/><G133/><T114/><D114/><U77/><E77/><V81/><F107/><W92/><G103/><T17/><D67/><U135/><E135/><V87/><F110/><W20/><G125/><T93/><D120/><U48/><E38/><V98/><F98/><W91/><G5/><T112/><D112/><U59/><E97/><V36/><F36/><W56/><G1/><T76/><D106/><U104/><E104/><V22/><F128/><W64/><G91/><T0/><REACH who="0" step="1"/><D111/><REACH who="0" ten="240,250,250,250" step="2"/><U2/><E2/><V109/><F109/><W85/><REACH who="3" step="1"/><G71/><REACH who="3" ten="240,250,250,240" step="2"/><T43/><D43/><U35/><E35/><V19/><F41/><W68/><G68/><T127/><D127/><U115/><E115/><V113/><F113/><W108/><G108/><T116/><D116/><U13/><E33/><V82/><F65/><W54/><G54/><T124/><D124/><U78/><E78/><V7/><F79/><W117/><G117/><T50/><D50/><U27/><E48/><V57/><F49/><W21/><G21/><T8/><D8/><U86/><E9/><V131/><F10/><W101/><G101/><T40/><D40/><U121/><E121/><V46/><F63/><W55/><G55/><T32/><D32/><U122/><E61/><V73/><F62/><W119/><G119/><T123/><D123/><U70/><E122/><V31/><F73/><AGARI ba="0,2" hai="0,6,11,17,23,25,73,76,83,90,93,99,129,130" machi="73" ten="40,3900,0" yaku="1,1,52,1,53,0" doraHai="14" doraHaiUra="66" who="0" fromWho="2" sc="240,59,250,0,250,-39,240,0" /><INIT seed="0,1,0,0,3,40" ten="299,250,211,240" oya="0" hai0="49,46,89,35,30,67,96,118,3,112,93,85,123" hai1="47,73,129,108,79,10,64,71,25,11,133,0,115" hai2="32,39,38,7,60,74,16,65,24,68,18,110,97" hai3="28,130,56,92,106,22,99,2,75,12,98,80,57"/><T131/><D112/><U86/><E115/><V94/><F110/><W52/><G2/><T132/><D118/><U111/><E73/><V29/><F74/><W124/><G130/><T81/><D123/><U42/><E129/><V63/><F7/><W100/><G124/><T90/><D132/><U87/><E133/><V117/><F117/><W23/><G57/><T37/><D131/><U62/><E25/><V91/><F63/><W61/><G28/><T4/><D67/><U84/><E0/><V21/><REACH who="2" step="1"/><F18/><REACH who="2" ten="299,250,201,240" step="2"/><W82/><G75/><T33/><D4/><U41/><E108/><V50/><F50/><W127/><G127/><T44/><D3/><U58/><E111/><V121/><F121/><W55/><G55/><T119/><D119/><U6/><E6/><V5/><F5/><W26/><G12/><AGARI ba="1,1" hai="12,16,21,24,29,32,38,39,60,65,68,91,94,97" machi="12" ten="30,3900,0" yaku="1,1,7,1,54,1,53,0" doraHai="40" doraHaiUra="125" who="2" fromWho="3" sc="299,0,250,0,201,52,240,-42" /><INIT seed="1,0,0,1,0,25" ten="299,250,253,198" oya="1" hai0="57,98,76,89,121,67,64,113,86,60,8,126,36" hai1="51,28,52,55,77,49,87,109,47,127,59,41,46" hai2="134,80,43,88,102,101,72,78,13,93,94,128,90" hai3="99,114,63,119,35,58,62,16,116,108,29,53,132"/><U85/><E127/><V21/><F43/><W38/><G114/><T120/><D36/><U81/><E109/><V45/><F45/><W129/><G38/><T118/><D113/><U4/><E4/><V9/><F21/><W14/><G108/><T61/><D126/><U10/><E10/><V103/><F13/><W18/><G129/><T66/><D76/><U2/><E2/><V0/><F9/><W135/><G63/><T31/><D8/><U95/><E95/><N who="2" m="36363" /><F0/><W27/><G99/><T56/><D98/><U123/><E123/><N who="0" m="47177" /><D118/><N who="3" m="45097" /><G14/><T91/><D86/><U3/><E3/><V1/><F1/><W124/><G124/><T65/><D31/><U111/><E111/><V15/><F15/><W17/><AGARI ba="0,0" hai="16,17,18,27,29,35,53,58,62,132,135" m="45097" machi="17" ten="40,5200,0" yaku="12,1,52,1,54,1" doraHai="25" who="3" fromWho="3" sc="299,-13,250,-26,253,-13,198,52" /><INIT seed="2,0,0,1,5,13" ten="286,224,240,250" oya="2" hai0="21,78,113,120,97,92,124,94,65,64,48,40,7" hai1="107,126,56,50,82,10,85,59,27,132,32,15,106" hai2="55,20,111,57,44,134,54,19,99,73,38,104,6" hai3="45,77,79,72,8,76,70,29,93,83,103,88,16"/><V89/><F73/><W28/><G70/><T24/><D113/><U116/><E116/><V86/><F134/><W109/><G109/><T68/><D68/><U84/><E132/><V60/><F111/><W66/><G66/><T123/><D124/><U135/><E135/><V118/><F118/><W110/><G110/><T14/><D78/><U63/><E126/><V102/><F6/><W131/><G131/><T39/><D39/><U46/><E32/><V11/><F11/><W100/><G45/><T114/><D114/><U91/><E27/><V75/><F75/><W49/><G49/><T115/><D115/><U31/><E31/><N who="3" m="11850" /><G83/><T23/><D24/><U61/><E107/><V47/><F54/><W69/><G69/><T101/><D7/><U80/><E106/><V112/><F38/><W81/><G81/><T90/><D123/><U34/><E34/><V36/><F36/><W129/><G129/><T5/><D23/><U121/><E121/><V22/><F112/><W30/><G30/><T42/><D120/><U96/><E96/><V125/><F125/><W71/><G71/><T53/><D65/><U37/><E37/><V41/><F41/><W133/><G133/><T35/><D64/><U12/><E63/><V74/><F74/><W98/><G72/><T119/><D35/><U25/><E61/><V122/><F122/><W3/><G3/><T4/><D119/><U105/><E105/><V17/><F22/><W95/><G95/><T130/><D94/><U26/><E59/><V18/><F20/><W1/><G1/><T62/><D21/><U51/><E56/><RYUUKYOKU ba="0,0" sc="286,-15,224,-15,240,15,250,15" hai2="17,18,19,44,47,55,57,60,86,89,99,102,104" hai3="8,16,76,77,79,88,93,98,100,103" /><INIT seed="2,1,0,2,4,94" ten="271,209,255,265" oya="2" hai0="101,46,130,128,123,74,39,9,37,87,84,22,88" hai1="122,4,92,135,40,109,31,23,91,64,16,93,3" hai2="18,82,102,124,29,97,55,56,61,65,48,73,47" hai3="67,20,76,81,126,99,30,118,71,6,95,57,107"/><V62/><F124/><W24/><G118/><T43/><D123/><U69/><E109/><V113/><F113/><W45/><G126/><T106/><D74/><U38/><E122/><V53/><F29/><W32/><G107/><T33/><D33/><U89/><E135/><V36/><F36/><W54/><G6/><T80/><D22/><U83/><E83/><V105/><F18/><W41/><G67/><T13/><D39/><U129/><E129/><N who="0" m="49769" /><D87/><U60/><E31/><V34/><F34/><W78/><G71/><T12/><D9/><U0/><E4/><V85/><F73/><W27/><G81/><T98/><AGARI ba="1,0" hai="12,13,37,43,46,80,84,88,98,101,106" m="49769" machi="98" ten="30,4000,0" yaku="19,1,52,1,54,1" doraHai="94" who="0" fromWho="0" sc="271,43,209,-11,255,-21,265,-11" /><INIT seed="3,0,0,0,0,24" ten="314,198,234,254" oya="3" hai0="99,81,43,126,19,92,1,42,103,89,119,44,106" hai1="102,38,55,80,63,110,128,33,59,124,96,86,57" hai2="131,26,69,90,31,12,10,45,109,123,67,48,41" hai3="118,116,40,107,23,39,4,75,84,61,68,37,5"/><W49/><G75/><T65/><D126/><U20/><E124/><V111/><F123/><W36/><G107/><T88/><D119/><U2/><E110/><N who="2" m="41995" /><F131/><W95/><G23/><T122/><D122/><U125/><E125/><V52/><F90/><W64/><G5/><T133/><D133/><U93/><E128/><V13/><F41/><W72/><G4/><T21/><D1/><U101/><E33/><N who="2" m="20727" /><F10/><W82/><G72/><T30/><D65/><U76/><E38/><V32/><F32/><W113/><G113/><T46/><D106/><U11/><E20/><V62/><AGARI ba="0,0" hai="12,13,45,48,52,62,67,69" m="20727,41995" machi="62" ten="30,4000,0" yaku="14,1,52,1,54,1" doraHai="24" who="2" fromWho="2" sc="314,-10,198,-10,234,40,254,-20" owari="304,41.0,188,-31.0,274,7.0,234,-17.0" /></mjloggm>