<mjloggm ver="2.3"><GO type="169" lobby="0"/><UN n0="%38%37%73%65%66" n1="%E3%82%A6%E3%83%AB%E3%83%88%E3%83%A9%E7%AB%8B%E7%9B%B4" n2="%E3%81%86%E3%81%83%E3%83%BC%E3%81%A1%E3%82%83%E3%82%93" n3="%3A%63%6F%63%75%61%3A" dan="16,17,17,16" rate="2115.52,2189.41,2237.82,2105.32" sx="F,M,M,M"/><TAIKYOKU oya="0"/><INIT seed="0,0,0,0,3,126" ten="250,250,250,250" oya="0" hai0="46,90,132,59,69,85,2,106,16,20,6,131,105" hai1="65,74,9,97,42,25,89,28,98,30,67,33,18" hai2="48,43,29,75,83,84,17,40,134,51,99,34,95" hai3="31,62,93,55,3,38,109,12,111,110,121,4,10"/><T114/><D114/><U81/><E42/><V56/><F75/><W76/><G121/><T32/><D69/><U7/><E28/><V124/><F124/><W100/><G38/><T21/><D32/><U71/><E71/><V41/><F134/><W22/><G76/><T53/><D132/><U0/><E97/><V39/><F39/><W119/><G119/><T102/><D131/><U128/><E128/><V94/><F29/><W66/><G55/><T127/><D6/><U92/><E74/><V70/><F34/><W91/><G100/><T50/><D2/><U129/><E129/><V72/><F72/><W101/><G101/><T8/><D127/><U113/><E113/><V47/><F70/><N who="3" m="42327" /><G31/><T116/><D116/><U15/><REACH who="1" step="1"/><E81/><REACH who="1" ten="250,240,250,250" step="2"/><V68/><F68/><W49/><G110/><T80/><D106/><U37/><E37/><V135/><F135/><W57/><G109/><T120/><D105/><U130/><E130/><V23/><F99/><W26/><G111/><T117/><D117/><U60/><E60/><V19/><F41/><W45/><G49/><N who="0" m="31151" /><D120/><U78/><E78/><N who="2" m="46199" /><F40/><W52/><G93/><T24/><D50/><U79/><E79/><V107/><F107/><W1/><G91/><T115/><D115/><U133/><E133/><V63/><F51/><N who="3" m="28783" /><G57/><T96/><D90/><U112/><E112/><V123/><F123/><W108/><G108/><T61/><D80/><U82/><E82/><V88/><F88/><W125/><G125/><T35/><D96/><U86/><E86/><V44/><F48/><W104/><G104/><T5/><D85/><U87/><E87/><RYUUKYOKU ba="0,1" sc="250,-15,240,15,250,-15,250,15" hai1="0,7,9,15,18,25,30,33,65,67,89,92,98" hai3="1,3,4,10,12,22,26" /><INIT seed="1,1,1,4,5,75" ten="235,255,235,265" oya="1" hai0="112,105,29,88,23,51,30,94,10,86,3,40,42" hai1="65,132,80,79,99,16,15,21,57,47,20,73,119" hai2="59,130,27,97,66,39,62,74,90,43,102,69,107" hai3="56,61,81,118,82,104,28,127,120,128,133,41,93"/><U55/><E119/><V58/><F74/><W36/><G120/><T125/><D105/><U38/><E132/><V5/><F130/><W124/><G133/><T54/><D112/><U8/><E65/><V122/><F122/><W92/><G104/><T11/><D125/><N who="3" m="48201" /><G128/><T111/><D111/><U37/><E99/><V26/><F5/><W91/><G28/><N who="0" m="10859" /><D23/><U115/><E115/><V1/><F1/><W70/><G70/><T109/><D3/><U68/><E68/><V87/><F26/><W83/><G118/><T100/><D100/><U44/><E47/><V32/><F43/><N who="0" m="16426" /><D109/><U52/><E44/><AGARI ba="1,1" hai="10,11,44,51,54,86,88,94" m="16426,10859" machi="44" ten="30,2000,0" yaku="8,1,54,1" doraHai="75" who="0" fromWho="1" sc="235,33,255,-23,235,0,265,0" /><INIT seed="2,0,0,3,0,68" ten="268,232,235,265" oya="2" hai0="93,15,87,59,21,110,108,125,98,89,73,132,130" hai1="101,53,8,63,88,131,95,128,115,50,71,118,43" hai2="22,92,79,103,27,100,5,76,78,67,32,4,31" hai3="66,7,106,30,51,114,86,123,111,91,124,84,102"/><V58/><F32/><W17/><G123/><T122/><D73/><U60/><E118/><V48/><F48/><W107/><G66/><T57/><D122/><U33/><E33/><V26/><F26/><W126/><G30/><T1/><D1/><U54/><E101/><V75/><F75/><W97/><G7/><T52/><D132/><U74/><E74/><V39/><F39/><W56/><G111/><N who="0" m="42539" /><D130/><U23/><E8/><V109/><F109/><W82/><G114/><T72/><D72/><U119/><E119/><V19/><F19/><W81/><G17/><N who="0" m="10431" /><D125/><N who="3" m="48233" /><G51/><N who="0" m="30879" /><D59/><U28/><E115/><V64/><F4/><W40/><G56/><T29/><D29/><U2/><E2/><V112/><F5/><W55/><G55/><T0/><D0/><U90/><E54/><V96/><F112/><W116/><G40/><T80/><D98/><U45/><E131/><V18/><F31/><W24/><G116/><T35/><D35/><U13/><E128/><V12/><F58/><W47/><G47/><T99/><D99/><U121/><E121/><V16/><REACH who="2" step="1"/><F103/><REACH who="2" ten="268,232,225,265" step="2"/><W36/><G36/><T37/><D37/><U127/><E127/><V113/><F113/><W120/><G120/><T3/><D3/><U9/><E28/><V20/><AGARI ba="0,1" hai="12,16,18,20,22,27,64,67,76,78,79,92,96,100" machi="20" ten="30,11700,0" yaku="1,1,0,1,8,1,54,1,53,0" doraHai="68" doraHaiUra="46" who="2" fromWho="2" sc="268,-39,232,-39,225,127,265,-39" /><INIT seed="2,1,0,5,5,123" ten="229,193,352,226" oya="2" hai0="46,114,77,119,73,41,16,78,55,132,63,130,83" hai1="33,88,102,90,115,8,18,120,131,56,70,94,57" hai2="40,69,98,127,12,125,109,101,9,100,54,15,25" hai3="89,47,44,49,64,110,4,65,126,66,133,105,108"/><V26/><F69/><W42/><G105/><T85/><D114/><U35/><E70/><V71/><F71/><W104/><G104/><T95/><D132/><U0/><E120/><V53/><F40/><N who="3" m="24711" /><G133/><T124/><D130/><U135/><E135/><V24/><F109/><N who="3" m="42091" /><G4/><T61/><D73/><U84/><E102/><V39/><F39/><N who="3" m="21983" /><G89/><T36/><D36/><U91/><E88/><V5/><F101/><W116/><G116/><T13/><D41/><U3/><E91/><V93/><REACH who="2" step="1"/><F12/><REACH who="2" ten="229,193,342,226" step="2"/><W117/><G117/><T30/><D13/><U97/><E0/><V107/><F107/><W76/><G76/><T37/><D78/><U52/><E3/><V113/><F113/><W58/><G126/><AGARI ba="1,1" hai="5,9,15,24,25,26,53,54,93,98,100,125,126,127" machi="126" ten="40,3900,0" yaku="1,1,18,1,53,0" doraHai="123" doraHaiUra="118" who="2" fromWho="3" sc="229,0,193,0,342,52,226,-42" /><INIT seed="2,2,0,5,1,51" ten="229,193,394,184" oya="2" hai0="83,4,53,45,46,101,110,124,0,134,128,99,75" hai1="86,58,56,132,120,3,57,8,113,41,95,66,135" hai2="127,89,10,65,76,105,131,100,84,55,92,80,129" hai3="13,59,42,104,97,12,1,49,44,67,19,36,114"/><V25/><F65/><W22/><G114/><T54/><D110/><U121/><E3/><V125/><F10/><W60/><G1/><T77/><D134/><N who="1" m="51243" /><E95/><V21/><F55/><W126/><G126/><N who="2" m="48137" /><F21/><W115/><G115/><T11/><D124/><U61/><E86/><V39/><F25/><W31/><G31/><T122/><D122/><N who="1" m="47211" /><E8/><V52/><F52/><W108/><G108/><T16/><D128/><N who="2" m="49226" /><F39/><W24/><G36/><T82/><D82/><U117/><E113/><V68/><F68/><W6/><G6/><T78/><D78/><U112/><E112/><V79/><F80/><W116/><G116/><T111/><D111/><U93/><E117/><V43/><F43/><W27/><G24/><T20/><D46/><U15/><E15/><V73/><F73/><W94/><REACH who="3" step="1"/><G104/><REACH who="3" ten="229,193,394,174" step="2"/><T102/><D45/><U72/><E72/><V103/><F105/><W133/><G133/><T33/><D33/><U106/><E106/><V30/><F30/><W81/><G81/><T70/><D0/><U14/><E14/><V74/><F74/><W71/><G71/><T5/><D70/><N who="1" m="42319" /><E93/><V119/><F119/><W9/><G9/><T91/><D11/><U26/><E26/><V37/><F37/><W90/><AGARI ba="2,1" hai="12,13,19,22,27,42,44,49,59,60,67,90,94,97" machi="90" ten="20,8000,1" yaku="1,1,0,1,7,1,8,1,53,1" doraHai="51" doraHaiUra="87" who="3" fromWho="3" sc="229,-22,193,-22,394,-42,174,96" /><INIT seed="3,0,0,0,1,38" ten="207,171,352,270" oya="3" hai0="129,100,40,2,37,120,116,127,96,14,117,134,111" hai1="18,50,62,43,6,76,61,88,30,9,8,121,21" hai2="42,126,35,31,104,135,23,22,29,46,64,84,54" hai3="0,87,79,28,101,114,68,77,70,113,107,89,74"/><W81/><G0/><T131/><D14/><U123/><E76/><V85/><F104/><W34/><G77/><T73/><D96/><U59/><E30/><V133/><F64/><W109/><G109/><T99/><D99/><U20/><E6/><V27/><F54/><W118/><G118/><T102/><D100/><U93/><E123/><V90/><F126/><W41/><G41/><T49/><D102/><U75/><E75/><V25/><F35/><W10/><G10/><N who="1" m="4202" /><E121/><V124/><F124/><W33/><G89/><T132/><D73/><U32/><E32/><N who="3" m="12394" /><G87/><T39/><D2/><U94/><E94/><V56/><F135/><N who="0" m="51754" /><D120/><U44/><E18/><V67/><F133/><W92/><G92/><T83/><D83/><U7/><E7/><V17/><F17/><W52/><G52/><T110/><D49/><U5/><E5/><V78/><F78/><W105/><G28/><T11/><D127/><U91/><E62/><N who="2" m="38343" /><F90/><N who="1" m="34345" /><E93/><V45/><F29/><W55/><G101/><T97/><D97/><U86/><E86/><V16/><F84/><W69/><G105/><T119/><D11/><U4/><E4/><V58/><F85/><W51/><G107/><T19/><D19/><U13/><E13/><V65/><F31/><W1/><G1/><T66/><D66/><AGARI ba="0,0" hai="20,21,43,44,50,59,61,66" m="34345,4202" machi="66" ten="30,3900,0" yaku="8,1,52,1,54,1" doraHai="38" who="1" fromWho="0" sc="207,-39,171,39,352,0,270,0" /><INIT seed="4,0,0,3,5,86" ten="168,210,352,270" oya="0" hai0="32,19,85,1,103,111,114,131,24,88,33,74,28" hai1="122,63,71,7,109,119,48,47,78,133,18,135,87" hai2="51,17,92,134,61,37,49,91,110,72,21,6,65" hai3="117,41,15,0,83,125,31,12,20,94,105,9,84"/><T75/><D1/><U14/><E119/><V26/><F37/><W102/><G117/><T44/><D33/><U76/><E109/><V104/><F104/><W67/><G0/><T81/><D114/><U2/><E122/><V68/><F72/><W93/><G67/><T77/><D131/><U29/><E29/><V25/><F110/><W120/><G120/><T108/><D103/><U69/><E7/><V101/><F134/><N who="1" m="51209" /><E63/><V57/><F101/><W36/><G125/><T73/><D19/><U82/><E76/><V38/><F38/><W106/><G36/><T123/><D123/><U34/><E34/><V16/><F68/><W126/><G41/><T66/><D66/><U56/><E56/><V30/><F6/><W64/><G64/><T116/><D116/><U124/><E2/><V5/><F5/><W115/><G115/><T100/><D100/><U27/><E27/><V58/><F58/><W52/><G102/><T55/><REACH who="0" step="1"/><D77/><REACH who="0" ten="158,210,352,270" step="2"/><U112/><E112/><V107/><F107/><W59/><G105/><T60/><D60/><U70/><E124/><V42/><F17/><N who="3" m="10303" /><G106/><T127/><D127/><U46/><E48/><AGARI ba="0,1" hai="24,28,32,44,48,55,73,74,75,81,85,88,108,111" machi="48" ten="50,9600,0" yaku="1,1,52,1,54,1,53,0" doraHai="86" doraHaiUra="132" who="0" fromWho="1" sc="158,106,210,-96,352,0,270,0" /><INIT seed="4,1,0,5,2,103" ten="264,114,352,270" oya="0" hai0="123,6,74,35,64,3,71,46,70,115,18,118,116" hai1="97,113,54,31,19,41,32,76,134,44,131,45,120" hai2="51,27,53,126,78,28,5,107,68,8,96,125,10" hai3="128,21,82,73,87,2,79,112,80,111,57,38,36"/><T15/><D123/><U9/><E120/><V132/><F68/><W62/><G112/><T61/><D74/><U86/><E113/><V101/><F132/><W11/><G128/><T114/><D35/><U105/><E134/><V83/><F5/><W40/><G111/><T117/><D71/><U39/><E131/><V29/><F29/><W55/><G40/><T30/><D30/><U33/><E31/><V119/><F119/><W88/><REACH who="3" step="1"/><G21/><REACH who="3" ten="264,114,352,260" step="2"/><T17/><D115/><U1/><E33/><V106/><F125/><W81/><G81/><T129/><D114/><U95/><E32/><V121/><F126/><W98/><G98/><T65/><D129/><U22/><E41/><V99/><F121/><W16/><G16/><T37/><D18/><U58/><E39/><V26/><F99/><W89/><G89/><T109/><D109/><U47/><E22/><V56/><F83/><W130/><G130/><T100/><D17/><U84/><E19/><V77/><F96/><W127/><G127/><T50/><D37/><U0/><E76/><V72/><F77/><W14/><G14/><T85/><D15/><U135/><E135/><V52/><F78/><W7/><AGARI ba="1,1" hai="2,7,11,36,38,55,57,62,73,79,80,82,87,88" machi="7" ten="30,4000,0" yaku="1,1,0,1,54,1,53,0" doraHai="103" doraHaiUra="67" who="3" fromWho="3" sc="264,-21,114,-11,352,-11,260,53" /><INIT seed="5,0,0,2,4,105" ten="243,103,341,313" oya="1" hai0="79,55,14,96,119,81,26,50,113,30,126,73,114" hai1="49,65,132,21,25,93,42,19,135,78,39,9,70" hai2="12,127,57,120,64,58,54,128,11,89,52,37,134" hai3="85,100,68,131,117,99,36,1,41,62,27,40,101"/><U31/><E39/><V80/><F37/><W38/><G1/><T15/><D126/><U59/><E70/><V56/><F120/><W121/><G121/><T43/><D43/><U0/><E78/><V104/><F104/><W125/><G117/><T74/><D96/><U63/><E93/><V123/><F123/><W116/><G116/><T82/><D119/><U47/><REACH who="1" step="1"/><E19/><REACH who="1" ten="243,93,341,313" step="2"/><V130/><F127/><W3/><G68/><T97/><D79/><U33/><E33/><V87/><F134/><W4/><G125/><T88/><D114/><U16/><E16/><N who="2" m="8223" /><F64/><W53/><G38/><T75/><D113/><U84/><E84/><V24/><F128/><W8/><G85/><T67/><D67/><U90/><E90/><V20/><F130/><W83/><G36/><T72/><D88/><U17/><E17/><AGARI ba="0,1" hai="17,20,24,52,54,56,57,58,80,87,89" m="8223" machi="17" ten="30,3900,0" yaku="8,1,54,2" doraHai="105" who="2" fromWho="1" sc="243,0,93,-39,341,49,313,0" /><INIT seed="6,0,0,1,4,39" ten="243,54,390,313" oya="2" hai0="124,9,119,5,74,92,113,128,72,132,98,15,64" hai1="48,104,24,41,57,103,18,50,7,130,49,81,4" hai2="85,6,30,20,33,133,44,114,69,111,97,66,60" hai3="106,120,108,22,101,31,102,134,90,54,95,94,86"/><V29/><F133/><W36/><G108/><T68/><D132/><U19/><E130/><V32/><F111/><W122/><G36/><T35/><D35/><U63/><E104/><V84/><F114/><W75/><G134/><T83/><D83/><U27/><E103/><V11/><F44/><W26/><G75/><T135/><D135/><U96/><E96/><V73/><F97/><W59/><G106/><T116/><D113/><U77/><E77/><V3/><F20/><W70/><G70/><T23/><D124/><U62/><E81/><V99/><F73/><W53/><G53/><T43/><D128/><U115/><E115/><V76/><F76/><W52/><G54/><T38/><D23/><U51/><E51/><V121/><F121/><W14/><G14/><T34/><D34/><U123/><E123/><V71/><F71/><W125/><G125/><T12/><D12/><U88/><E88/><V47/><F47/><W16/><G31/><T17/><D64/><U1/><E1/><V65/><F65/><W45/><G45/><N who="0" m="23799" /><D5/><U0/><E0/><V100/><F30/><W131/><G131/><T110/><D68/><U58/><REACH who="1" step="1"/><E49/><REACH who="1" ten="243,44,390,313" step="2"/><V61/><F33/><W28/><G122/><T89/><D110/><U56/><E56/><V118/><F32/><N who="3" m="20503" /><G120/><T93/><D93/><U67/><E67/><V117/><F66/><W112/><G112/><T46/><D74/><U127/><E127/><V13/><F3/><W105/><G105/><T55/><D72/><U82/><E82/><V37/><F37/><W126/><G126/><T91/><D91/><U79/><E79/><RYUUKYOKU ba="0,1" sc="243,15,44,15,390,-15,313,-15" hai0="9,15,17,46,55,89,92,98,116,119" hai1="4,7,18,19,24,27,41,48,50,57,58,62,63" /><INIT seed="7,1,1,1,2,2" ten="258,59,375,298" oya="3" hai0="93,46,70,22,97,127,52,45,31,36,15,91,11" hai1="106,121,133,88,113,5,129,55,21,41,60,81,98" hai2="96,71,23,86,8,19,48,37,120,89,53,40,94" hai3="111,134,124,83,35,14,101,84,130,66,57,50,3"/><W125/><G3/><T115/><D70/><U49/><E121/><V27/><F71/><W69/><G134/><T42/><D127/><N who="3" m="48713" /><G35/><T103/><D31/><U112/><E133/><V0/><F120/><W104/><G130/><T128/><D128/><U123/><E123/><V80/><F0/><W131/><G131/><T110/><D110/><U33/><E33/><V6/><F37/><W64/><G69/><T78/><D78/><U59/><E129/><V72/><F72/><W67/><G111/><T109/><D109/><U18/><E106/><V1/><F40/><W105/><G101/><T7/><D115/><U102/><E113/><V12/><F1/><W87/><G14/><T44/><D22/><U29/><E112/><V25/><F25/><W75/><G75/><T122/><D122/><U73/><E73/><V51/><F53/><N who="3" m="31927" /><G87/><T30/><D30/><U107/><E29/><V56/><F56/><W99/><G99/><T32/><D32/><U28/><E28/><V26/><F26/><W114/><G114/><T108/><D108/><U82/><E102/><AGARI ba="1,1" hai="6,8,12,19,23,27,48,51,80,86,89,94,96,102" machi="102" ten="30,3900,0" yaku="7,1,8,1,52,1" doraHai="2" who="2" fromWho="1" sc="258,0,59,-42,375,52,298,0" owari="258,-14.0,17,-48.0,427,52.0,298,10.0" /></mjloggm>