<mjloggm ver="2.3"><GO type="97" lobby="0"/><UN n0="%E6%80%A8%E3%81%BF%E5%B1%8B%E6%9C%AC%E8%88%97" n1="%52%69%2D%4D%6F%2D" n2="%E3%83%9E%E3%82%B8%E3%82%81" n3="%E5%B0%B1%E6%B4%BB%E7%94%9F%40%E5%B7%9D%E6%9D%91%E8%BB%8D%E5%9B%A3" dan="14,15,13,15" rate="1911.22,2039.74,1903.93,1952.42" sx="M,M,M,M"/><TAIKYOKU oya="0"/><INIT seed="0,0,0,2,5,36" ten="250,250,250,250" oya="0" hai0="107,82,74,116,127,46,40,8,35,77,135,113,130" hai1="124,44,117,98,105,25,68,64,65,50,89,33,27" hai2="92,111,41,81,101,132,123,66,114,39,19,1,49" hai3="17,30,3,32,87,45,7,99,43,11,133,48,28"/><T103/><D116/><U95/><E117/><V4/><F123/><W29/><G133/><T37/><D135/><U15/><E124/><V18/><F114/><W16/><G32/><T22/><D113/><U79/><E68/><V75/><F49/><W80/><REACH who="3" step="1"/><G99/><REACH who="3" ten="250,250,250,240" step="2"/><T60/><D35/><U128/><E33/><V38/><F132/><W109/><G109/><T118/><D118/><U67/><E128/><V104/><F111/><W20/><G20/><T14/><D22/><U112/><E112/><V52/><F104/><W21/><G21/><T78/><D107/><U134/><E134/><V86/><F101/><W10/><G10/><T129/><D8/><U76/><E105/><V54/><F1/><W47/><G47/><T97/><D46/><U91/><E98/><V70/><F4/><W0/><G0/><T63/><D103/><U57/><E44/><V85/><F41/><W131/><G131/><T84/><D40/><U56/><E25/><V71/><F92/><W110/><G110/><T12/><D97/><U88/><E27/><V83/><F75/><W100/><G100/><T9/><D74/><U72/><E95/><V122/><F122/><W34/><G34/><T126/><D130/><U69/><E72/><V13/><F13/><W106/><G106/><T90/><D14/><U108/><E15/><V115/><F115/><W58/><G58/><N who="1" m="22634" /><E108/><V42/><F42/><W53/><G53/><T51/><D12/><U61/><E50/><V96/><F96/><W31/><N who="3" m="7680" /><DORA hai="94" /><W73/><G73/><T125/><D51/><U5/><E5/><V24/><F24/><RYUUKYOKU ba="0,1" sc="250,-30,250,10,250,10,240,10" hai1="61,64,65,67,69,76,79,88,89,91" hai2="18,19,38,39,52,54,66,70,71,81,83,85,86" hai3="3,7,11,16,17,43,45,48,80,87" /><INIT seed="1,1,1,4,3,41" ten="220,260,260,250" oya="1" hai0="53,90,125,82,3,84,108,124,105,68,77,40,115" hai1="129,69,75,8,76,33,1,28,74,132,9,38,126" hai2="43,55,97,88,58,66,16,106,96,118,101,81,123" hai3="6,99,22,45,104,54,50,98,51,46,37,49,17"/><U70/><E126/><N who="0" m="48745" /><D115/><U117/><E117/><V26/><F123/><W80/><G37/><T24/><D108/><U13/><E129/><V42/><F118/><W85/><G6/><T87/><D105/><U112/><E112/><V121/><F121/><W134/><G104/><T100/><D100/><U48/><E132/><V31/><F66/><W47/><G54/><T57/><D68/><U34/><E48/><V91/><F91/><N who="3" m="51623" /><G134/><T2/><D24/><AGARI ba="1,1" hai="17,22,24,45,46,47,49,50,51,98,99" m="51623" machi="24" ten="30,7700,0" yaku="8,1,52,3" doraHai="41" who="3" fromWho="0" sc="220,-80,260,0,260,0,250,90" /><INIT seed="2,0,0,0,2,129" ten="140,260,260,340" oya="2" hai0="44,79,56,135,2,52,60,62,107,128,45,100,126" hai1="104,58,11,5,88,19,80,16,82,111,67,127,27" hai2="85,55,61,64,66,46,47,21,84,113,109,89,131" hai3="92,37,43,123,118,124,40,94,112,30,53,28,95"/><V50/><F113/><W72/><G123/><T119/><D128/><U12/><E111/><V25/><F131/><W26/><G72/><T49/><D2/><U74/><E127/><V42/><F109/><W71/><G118/><T83/><D126/><U93/><E104/><V15/><F15/><W0/><G0/><T63/><D119/><U101/><E101/><V17/><F85/><W78/><G124/><T76/><D135/><U32/><E74/><V117/><F117/><W133/><G71/><T41/><D44/><U96/><E32/><V73/><F73/><W39/><G112/><T36/><REACH who="0" step="1"/><D83/><REACH who="0" ten="130,260,260,340" step="2"/><U125/><E125/><V57/><F47/><W132/><G132/><T20/><D20/><N who="1" m="13703" /><E82/><AGARI ba="0,1" hai="17,21,25,42,46,50,55,57,61,64,66,82,84,89" machi="82" ten="30,2900,0" yaku="7,1,8,1" doraHai="129" who="2" fromWho="1" sc="130,0,260,-29,260,39,340,0" /><INIT seed="2,1,0,0,5,108" ten="130,231,299,340" oya="2" hai0="134,22,106,61,0,38,39,47,128,118,52,129,96" hai1="122,12,34,95,81,16,20,78,94,73,36,91,72" hai2="65,5,23,30,63,79,26,6,32,88,110,4,80" hai3="28,131,119,49,7,8,69,11,113,84,40,93,117"/><V82/><F110/><W107/><G69/><T83/><D0/><U13/><E34/><V126/><F126/><W77/><G107/><T19/><D83/><U90/><E122/><V27/><F88/><N who="3" m="53383" /><G131/><N who="0" m="50251" /><D134/><U35/><E35/><V132/><F132/><W99/><G77/><T124/><D124/><U135/><E135/><V130/><F130/><W127/><G127/><T76/><D76/><U37/><E78/><V15/><F15/><W53/><G40/><T101/><D118/><U133/><E133/><V123/><F123/><W97/><G28/><T1/><D1/><U29/><E81/><V98/><F98/><N who="3" m="37387" /><G113/><T9/><D9/><N who="3" m="3657" /><G117/><T70/><D70/><U104/><E20/><V42/><F42/><W87/><G87/><T120/><D120/><U56/><E56/><V25/><F32/><W115/><G115/><T121/><D121/><U31/><E104/><V71/><REACH who="2" step="1"/><F82/><REACH who="2" ten="130,231,289,340" step="2"/><W68/><G119/><T60/><D38/><U86/><E13/><V17/><F17/><W111/><G111/><T18/><D39/><U10/><E12/><V41/><F41/><W125/><G125/><T74/><D18/><U66/><E16/><V51/><F51/><W89/><G89/><T62/><D19/><U21/><E37/><V116/><F116/><W103/><G7/><T59/><D22/><U114/><E36/><V85/><AGARI ba="1,1" hai="4,5,6,23,25,26,27,30,63,65,71,79,80,85" machi="85" ten="30,3000,0" yaku="1,1,0,1,53,0" doraHai="108" doraHaiUra="44" who="2" fromWho="2" sc="130,-11,231,-11,289,43,340,-11" /><INIT seed="2,2,0,2,3,91" ten="119,220,332,329" oya="2" hai0="92,32,82,63,9,28,75,23,131,51,99,81,133" hai1="2,11,49,12,52,105,116,98,78,113,88,55,3" hai2="110,121,26,64,13,126,45,34,7,61,65,33,35" hai3="87,100,112,20,122,39,77,95,106,6,1,27,0"/><V114/><F121/><W66/><G122/><T57/><D32/><U62/><E113/><V59/><F114/><W24/><G112/><T38/><D38/><U80/><E116/><V53/><F45/><W127/><G39/><T94/><D75/><U42/><E62/><V68/><F126/><W84/><G127/><T69/><D133/><U107/><E107/><V5/><F26/><W37/><G37/><T103/><D131/><U109/><E109/><V22/><F110/><W21/><G106/><T47/><D69/><U43/><E3/><V60/><F65/><W71/><G71/><T123/><D123/><U115/><E2/><V4/><F22/><W31/><G66/><T58/><D9/><U29/><E29/><V111/><F111/><W83/><G6/><T90/><D28/><U128/><E128/><V124/><F124/><W129/><G129/><T102/><D23/><U48/><E105/><V15/><AGARI ba="2,0" hai="4,5,7,13,15,33,34,35,53,59,60,61,64,68" machi="15" ten="40,2100,0" yaku="0,1" doraHai="91" who="2" fromWho="2" sc="119,-9,220,-9,332,27,329,-9" /><INIT seed="2,3,0,2,2,29" ten="110,211,359,320" oya="2" hai0="72,128,93,34,125,5,42,24,23,51,83,106,123" hai1="12,58,111,71,88,28,27,4,57,50,95,35,109" hai2="33,61,117,79,119,53,30,69,133,62,10,73,64" hai3="54,102,48,2,41,80,0,63,68,56,18,32,118"/><V16/><F133/><W43/><G118/><T14/><D106/><U21/><E71/><V66/><F53/><W70/><G32/><T26/><D123/><U25/><E4/><V74/><F79/><W131/><G131/><T135/><D128/><U9/><E9/><V91/><F91/><W76/><G102/><T113/><D113/><U38/><E38/><V40/><F40/><W130/><G130/><T110/><D110/><N who="1" m="41995" /><E50/><V22/><F10/><W31/><G31/><T104/><D104/><U85/><E12/><V116/><F30/><AGARI ba="3,0" hai="21,25,27,28,30,35,57,58,85,88,95" m="41995" machi="30" ten="30,3900,0" yaku="14,1,52,1,54,1" doraHai="29" who="1" fromWho="2" sc="110,0,211,48,359,-48,320,0" /><INIT seed="3,0,0,1,0,88" ten="110,259,311,320" oya="3" hai0="4,127,25,77,6,49,12,70,26,90,100,42,45" hai1="133,13,55,40,104,46,63,22,41,124,20,5,117" hai2="72,82,8,19,68,10,134,76,103,75,106,54,111" hai3="38,31,3,102,57,59,33,71,114,39,95,44,37"/><W84/><G114/><T43/><D127/><U83/><E124/><V78/><F68/><W116/><G3/><T34/><D77/><U32/><E32/><V120/><F134/><W79/><G116/><T97/><D70/><U105/><E133/><V51/><F120/><W123/><G71/><T53/><D34/><U36/><E41/><V119/><F119/><W74/><G123/><T126/><D126/><U29/><E83/><V64/><F64/><W23/><G33/><T47/><D100/><U62/><E29/><V125/><F125/><W129/><G129/><T66/><D66/><U69/><E13/><V107/><F111/><W7/><G7/><T21/><D12/><U50/><E5/><V113/><F113/><W0/><G0/><T2/><D2/><U122/><E63/><V14/><F10/><W110/><G110/><T1/><D1/><U9/><E9/><V121/><F121/><W67/><G67/><T52/><D4/><U35/><E35/><V135/><F135/><W85/><G44/><T108/><D6/><U118/><E122/><V93/><F76/><W101/><G74/><T96/><D108/><U92/><E69/><V98/><F75/><W15/><G79/><T48/><D21/><U128/><E20/><V28/><F28/><W18/><G31/><T109/><REACH who="0" step="1"/><D109/><REACH who="0" ten="100,259,311,320" step="2"/><U17/><E22/><V73/><F72/><W94/><G101/><T30/><D30/><U81/><E117/><V58/><AGARI ba="0,1" hai="8,14,19,51,54,58,73,78,82,93,98,103,106,107" machi="58" ten="20,2700,0" yaku="0,1,7,1,52,1" doraHai="88" who="2" fromWho="2" sc="100,-7,259,-7,311,37,320,-13" owari="93,-41.0,252,-15.0,348,45.0,307,11.0" /></mjloggm>