<mjloggm ver="2.3"><GO type="41" lobby="0"/><UN n0="%E3%82%A2%E3%83%90%E3%83%90%E2%80%95%E3%82%BA" n1="%E6%B3%A2%E6%BA%9C%E6%99%B4%EF%BC%81" n2="%E3%82%A6%E3%82%A7%E3%83%AB" n3="%E5%B0%B1%E6%B4%BB%E7%94%9F%40%E5%B7%9D%E6%9D%91%E8%BB%8D%E5%9B%A3" dan="14,14,15,15" rate="1908.59,1895.12,2121.98,2006.03" sx="M,M,F,M"/><TAIKYOKU oya="0"/><INIT seed="0,0,0,1,1,110" ten="250,250,250,250" oya="0" hai0="113,71,99,28,47,21,5,52,77,37,63,88,125" hai1="82,4,8,62,35,112,74,92,84,51,78,109,48" hai2="76,66,118,70,72,46,59,6,91,101,42,17,60" hai3="111,38,93,121,50,126,68,3,102,12,123,57,97"/><T11/><D71/><U95/><E35/><V81/><F118/><W75/><G3/><T86/><D77/><U14/><E109/><V120/><F120/><W24/><G38/><T83/><D125/><U114/><E62/><V132/><F132/><W45/><G68/><T100/><D37/><U1/><E1/><V36/><F91/><W89/><G75/><T108/><D108/><U39/><E39/><V19/><F101/><W129/><G111/><T94/><D113/><N who="1" m="43627" /><E74/><V73/><F73/><W18/><G126/><T49/><D63/><U135/><E135/><V85/><F85/><W43/><G129/><T31/><REACH who="0" step="1"/><D21/><REACH who="0" ten="240,250,250,250" step="2"/><U32/><E32/><V27/><F70/><W116/><G123/><T64/><D64/><U67/><E67/><V127/><F127/><W80/><G121/><T53/><D53/><U41/><E41/><V119/><F119/><W7/><G116/><T10/><D10/><U98/><E95/><V117/><F117/><W20/><G93/><T9/><D9/><U15/><E15/><AGARI ba="0,1" hai="5,11,15,28,31,47,49,52,83,86,88,94,99,100" machi="15" ten="30,12000,1" yaku="1,1,7,1,8,1,54,2,53,0" doraHai="110" doraHaiUra="61" who="0" fromWho="1" sc="240,130,250,-120,250,0,250,0" /><INIT seed="0,1,0,1,0,128" ten="370,130,250,250" oya="0" hai0="27,67,10,54,5,31,73,36,66,93,101,89,112" hai1="45,3,61,44,113,16,119,121,117,83,34,37,50" hai2="24,8,114,48,68,70,106,58,87,0,104,85,42" hai3="129,20,98,63,56,35,90,47,97,120,29,11,134"/><T26/><D73/><U115/><E3/><V92/><F114/><N who="1" m="43529" /><E34/><V100/><F0/><W74/><G35/><T32/><D36/><U82/><E16/><V21/><F8/><W133/><G74/><T118/><D118/><U60/><E82/><V40/><F100/><W57/><G129/><T12/><D101/><U18/><E18/><V22/><F58/><W4/><G47/><T30/><D54/><N who="1" m="30023" /><E83/><V51/><F24/><N who="3" m="16519" /><G90/><T110/><D112/><U28/><E28/><N who="0" m="10793" /><D32/><U9/><E9/><V7/><F92/><W131/><G57/><T124/><D27/><U23/><E23/><V88/><REACH who="2" step="1"/><F7/><REACH who="2" ten="370,130,240,250" step="2"/><W17/><G120/><T78/><D26/><U107/><E121/><V43/><F43/><W53/><G131/><T127/><D5/><U64/><E107/><V25/><F25/><W130/><G130/><T65/><D10/><U86/><E86/><V95/><F95/><W55/><G4/><T52/><D12/><U46/><E46/><V80/><F80/><W72/><G11/><T96/><D93/><U39/><E45/><V41/><F41/><W15/><G15/><T69/><D78/><U75/><E75/><V1/><F1/><W76/><G72/><T125/><D89/><AGARI ba="1,1" hai="21,22,40,42,48,51,68,70,85,87,88,89,104,106" machi="89" ten="25,12000,2" yaku="1,1,22,2,54,1,53,2" doraHai="128" doraHaiUra="102" who="2" fromWho="0" sc="370,-123,130,0,240,133,250,0" /><INIT seed="1,0,0,2,1,92" ten="247,130,373,250" oya="1" hai0="57,32,115,51,5,11,26,72,70,113,112,130,13" hai1="61,131,37,16,63,125,30,41,76,79,18,73,36" hai2="132,91,15,77,14,104,116,47,74,117,84,81,22" hai3="128,100,3,97,118,45,83,1,101,64,67,99,78"/><U103/><E103/><V39/><F104/><W133/><G118/><T23/><D70/><U8/><E30/><V20/><F132/><W110/><G133/><T129/><D72/><U94/><E94/><V59/><F39/><W114/><G114/><T69/><D69/><U43/><E8/><V88/><F47/><W38/><G128/><N who="0" m="49259" /><D57/><U35/><E131/><V106/><F106/><W82/><G110/><T54/><D51/><U56/><E56/><V62/><F116/><W66/><G78/><T2/><D54/><U55/><E55/><V6/><F117/><W109/><G109/><T123/><D123/><U25/><E25/><V87/><F74/><W12/><G12/><N who="2" m="4649" /><F6/><W52/><G38/><T122/><D122/><U28/><E28/><V105/><F105/><W75/><G75/><T71/><D71/><U120/><E35/><V34/><F34/><W49/><G3/><T4/><D32/><U127/><REACH who="1" step="1"/><E73/><REACH who="1" ten="247,120,373,250" step="2"/><V85/><F81/><N who="3" m="30731" /><G1/><T102/><D2/><U134/><E134/><V107/><F107/><W10/><G10/><T124/><D11/><U17/><E17/><V86/><F77/><W90/><G100/><T19/><D102/><U68/><E68/><V96/><N who="2" m="21504" /><DORA hai="44" /><V33/><F33/><W58/><G101/><T31/><D19/><U7/><E7/><V121/><F121/><AGARI ba="0,1" hai="16,18,36,37,41,43,61,63,76,79,120,121,125,127" machi="121" ten="25,18000,2" yaku="1,1,22,2,54,1,53,2" doraHai="92,44" doraHaiUra="135,108" who="1" fromWho="2" sc="247,0,120,190,373,-180,250,0" /><INIT seed="1,1,0,4,2,88" ten="247,310,193,250" oya="1" hai0="51,98,80,75,117,78,119,22,79,64,95,11,129" hai1="86,92,43,105,107,4,24,84,12,101,130,56,122" hai2="114,82,74,21,7,13,108,127,34,87,67,48,93" hai3="32,94,128,30,135,19,96,65,121,15,60,47,27"/><U81/><E122/><V118/><F118/><W52/><G128/><T132/><D129/><U2/><E2/><V35/><F34/><W77/><G135/><T69/><D79/><U71/><E71/><V55/><F35/><W76/><G121/><T104/><D104/><U99/><E130/><V18/><F108/><W133/><G133/><T5/><D132/><U103/><E24/><V113/><F67/><W123/><G123/><T54/><D64/><U23/><E43/><V44/><F127/><W50/><G15/><T100/><D22/><U25/><E56/><V31/><F31/><W126/><G19/><T33/><D69/><U91/><E4/><V40/><F7/><W116/><G126/><T61/><D33/><U106/><E12/><V38/><F74/><W6/><G6/><T26/><D26/><U20/><E25/><V97/><F87/><W73/><G73/><T85/><D61/><U0/><E0/><V102/><F82/><W10/><G10/><T39/><D39/><U89/><E23/><V124/><REACH who="2" step="1"/><F124/><REACH who="2" ten="247,310,183,250" step="2"/><W41/><G116/><T70/><D75/><U37/><E20/><V3/><F3/><W59/><REACH who="3" step="1"/><G65/><REACH who="3" ten="247,310,183,240" step="2"/><T62/><D117/><U90/><E37/><V42/><F42/><W29/><G29/><T66/><D119/><U8/><E8/><V36/><F36/><W68/><G68/><T57/><D11/><U49/><E49/><V134/><F134/><W28/><G28/><T45/><D5/><U125/><E125/><V17/><F17/><W111/><G111/><T120/><D120/><U83/><AGARI ba="1,2" hai="81,83,84,86,89,90,91,92,99,101,103,105,106,107" machi="83" ten="30,24000,3" yaku="0,1,9,1,35,6,52,1" doraHai="88" who="1" fromWho="1" sc="247,-81,310,263,183,-81,240,-81" /><INIT seed="1,2,0,5,4,114" ten="166,573,102,159" oya="1" hai0="96,86,102,18,32,106,116,95,133,11,9,56,105" hai1="2,24,121,38,50,80,31,126,108,1,129,67,104" hai2="46,6,74,87,13,17,28,54,93,66,128,98,42" hai3="35,29,58,107,124,135,8,84,65,41,4,115,119"/><U59/><E121/><V90/><F128/><W47/><G107/><T94/><D32/><U60/><E38/><V5/><F74/><W45/><G115/><T48/><D116/><U82/><E104/><V70/><F28/><W122/><G122/><T44/><D133/><U63/><E129/><V69/><F69/><W0/><G135/><T101/><D106/><U71/><E126/><V30/><F30/><W75/><G75/><T91/><D56/><U21/><E50/><V22/><F54/><W125/><G29/><T78/><D78/><U36/><E36/><V3/><F3/><W97/><G35/><T130/><D130/><U14/><E108/><V110/><F110/><W43/><G97/><T120/><D120/><U92/><E92/><V118/><F118/><W73/><G73/><T113/><D102/><U19/><E1/><V16/><F17/><W37/><G84/><T88/><D113/><U72/><E2/><V127/><F127/><N who="3" m="48715" /><G58/><T68/><D68/><U117/><E117/><V132/><F132/><W81/><G65/><T61/><D101/><U109/><E109/><V76/><F66/><W33/><G81/><T103/><D103/><U52/><E72/><V40/><F70/><W7/><G7/><N who="2" m="2569" /><F46/><W134/><G134/><T112/><D112/><U62/><E62/><V79/><F98/><W27/><G119/><T131/><D131/><U12/><E12/><V89/><F89/><W10/><G33/><AGARI ba="2,0" hai="14,19,21,24,31,33,52,59,60,63,67,71,80,82" machi="33" ten="30,2900,0" yaku="7,1,54,1" doraHai="114" who="1" fromWho="3" sc="166,0,573,35,102,0,159,-35" /><INIT seed="1,3,0,4,2,37" ten="166,608,102,124" oya="1" hai0="17,124,126,75,34,115,97,66,12,30,131,122,50" hai1="92,93,47,13,27,84,69,7,120,99,110,98,68" hai2="85,28,109,78,129,82,130,81,36,87,58,43,3" hai3="95,29,111,67,55,91,1,121,106,77,113,94,23"/><U0/><E120/><V15/><F3/><W48/><G106/><T56/><D75/><U86/><E0/><V54/><F109/><W90/><G1/><T123/><D115/><U14/><E27/><V103/><F28/><W5/><G111/><T21/><D131/><U8/><E47/><V35/><F35/><W83/><G121/><N who="0" m="46091" /><D97/><U42/><E8/><V24/><F24/><N who="3" m="16543" /><G5/><T62/><D50/><U74/><E7/><V38/><F103/><W133/><G67/><T80/><D80/><U79/><E79/><V65/><F65/><W76/><G83/><T96/><D30/><U40/><REACH who="1" step="1"/><E74/><REACH who="1" ten="166,598,102,124" step="2"/><V73/><F73/><W101/><G77/><T52/><D34/><U119/><E119/><V31/><F78/><W71/><G76/><T134/><D126/><U25/><E25/><V72/><F72/><W46/><G113/><T108/><D124/><U88/><E88/><V112/><F112/><W116/><G91/><T61/><D108/><AGARI ba="3,1" hai="13,14,40,42,68,69,84,86,92,93,98,99,108,110" machi="108" ten="25,12000,1" yaku="1,1,22,2,52,2,53,0" doraHai="37" doraHaiUra="70" who="1" fromWho="0" sc="166,-129,598,139,102,0,124,0" /><INIT seed="1,4,0,2,5,135" ten="37,737,102,124" oya="1" hai0="129,20,56,21,84,118,114,61,120,2,43,127,36" hai1="35,14,101,132,104,64,133,122,85,80,44,110,131" hai2="32,27,126,5,79,99,113,47,40,55,58,115,53" hai3="41,59,103,0,38,78,30,17,125,119,97,1,24"/><U12/><E35/><V130/><F130/><W52/><G119/><T68/><D2/><U63/><E122/><V62/><F79/><W112/><G112/><T87/><D114/><N who="2" m="43530" /><F126/><W105/><G125/><T26/><D68/><U37/><E104/><V73/><F73/><W69/><G69/><T95/><D127/><U9/><E101/><V71/><F5/><W51/><G78/><T109/><D109/><U7/><E131/><V134/><F134/><N who="1" m="51817" /><E37/><N who="2" m="21903" /><F99/><W60/><G38/><T42/><D36/><U8/><E44/><V48/><F32/><W98/><G98/><T31/><D129/><U11/><E7/><V91/><F27/><W124/><G124/><T50/><D84/><U39/><E39/><V6/><F91/><W15/><G41/><T45/><D43/><U102/><E102/><V70/><F6/><W66/><G17/><T90/><D120/><U57/><E110/><V123/><F123/><W19/><G19/><T107/><D107/><U128/><E128/><V74/><F74/><W93/><G15/><T28/><D118/><U83/><E83/><V33/><F33/><W89/><G89/><AGARI ba="4,0" hai="8,9,11,12,14,57,63,64,80,85,89" m="51817" machi="89" ten="30,1500,0" yaku="20,1" doraHai="135" who="1" fromWho="3" sc="37,0,737,27,102,0,124,-27" /><INIT seed="1,5,0,5,2,7" ten="37,764,102,97" oya="1" hai0="57,124,19,68,23,90,56,24,58,134,70,51,10" hai1="132,117,111,102,87,28,92,99,27,127,83,94,59" hai2="13,114,4,76,107,43,39,86,74,72,101,42,116" hai3="95,50,61,103,36,128,88,105,100,17,93,119,32"/><U75/><E117/><V82/><F116/><W29/><G36/><T112/><D112/><U1/><E1/><V18/><F4/><W60/><G105/><T125/><D134/><U85/><E59/><V34/><F34/><W121/><G121/><T106/><D106/><U133/><E27/><V9/><F114/><W6/><G32/><T11/><D51/><U54/><E54/><V35/><F35/><W20/><G29/><T77/><D77/><N who="1" m="44479" /><E28/><V62/><F101/><N who="3" m="38987" /><G128/><T129/><D129/><U108/><E127/><N who="0" m="48713" /><D90/><N who="1" m="53327" /><E87/><V104/><F86/><N who="3" m="52375" /><G6/><T3/><D3/><U22/><E22/><V118/><F118/><W53/><G95/><T126/><N who="0" m="48721" /><T12/><DORA hai="30" /><D12/><U8/><E8/><AGARI ba="5,0" hai="8,10,11,19,23,24,56,57,58,68,70" m="48721" machi="8" ten="50,8000,1" yaku="18,1,52,3" doraHai="7,30" who="0" fromWho="1" sc="37,95,764,-95,102,0,97,0" /><INIT seed="2,0,0,4,0,31" ten="132,669,102,97" oya="2" hai0="44,9,133,97,116,107,132,86,66,26,110,45,38" hai1="0,87,112,88,19,52,60,6,29,61,20,41,123" hai2="35,121,106,63,27,113,99,119,53,127,131,122,49" hai3="75,135,84,103,2,79,81,25,93,8,14,23,118"/><V128/><F113/><W55/><G118/><T125/><D116/><U33/><E112/><V47/><F119/><W42/><G2/><T37/><D66/><U108/><E41/><V54/><F127/><W90/><G135/><T72/><D72/><U71/><E71/><V48/><F106/><W105/><G42/><T40/><D40/><U100/><E100/><V80/><F80/><W104/><G55/><N who="2" m="21001" /><F99/><W67/><G67/><T77/><D26/><U1/><E108/><V109/><F35/><W134/><G134/><T22/><D110/><U56/><E123/><N who="2" m="47115" /><F27/><W69/><G69/><T120/><D9/><U126/><E126/><V24/><F24/><W73/><G73/><T130/><D120/><U101/><E101/><V5/><F5/><W98/><G105/><T115/><D125/><U16/><E61/><V43/><F109/><W18/><G25/><T12/><D107/><U111/><E111/><V70/><F48/><W51/><G51/><T39/><D115/><U102/><E102/><V15/><F15/><W68/><G68/><T50/><D50/><U65/><E19/><V78/><F78/><W4/><REACH who="3" step="1"/><G23/><REACH who="3" ten="132,669,102,87" step="2"/><T92/><D133/><U13/><E1/><V82/><F82/><W64/><G64/><AGARI ba="0,1" hai="43,47,49,63,64,70,128,131" m="47115,21001" machi="64" ten="30,2900,0" yaku="34,2" doraHai="31" who="2" fromWho="3" sc="132,0,669,0,102,39,87,-29" /><INIT seed="2,1,0,4,3,122" ten="132,669,141,58" oya="2" hai0="52,82,50,7,25,81,93,8,101,60,104,119,28" hai1="34,24,63,76,56,22,16,57,114,134,46,74,83" hai2="35,121,87,65,84,129,124,79,117,9,86,70,120" hai3="80,132,36,58,130,73,85,128,5,6,109,31,115"/><V106/><F35/><W123/><G73/><T103/><D104/><U126/><E114/><V112/><F112/><W20/><G123/><T67/><D119/><U12/><E126/><V32/><F32/><W89/><G115/><T94/><D93/><U15/><E134/><V75/><F117/><W51/><G36/><T61/><D28/><U100/><E100/><N who="0" m="38473" /><D25/><U90/><E90/><V40/><F40/><W54/><G132/><T41/><D41/><U2/><E2/><V91/><F70/><W38/><G38/><T10/><D94/><U111/><E111/><V17/><F65/><W77/><G109/><T78/><D7/><U113/><E113/><V47/><F47/><W127/><G127/><T59/><D78/><U43/><E34/><V4/><F4/><W26/><G130/><T108/><D108/><U68/><E68/><V99/><F124/><W105/><G128/><T44/><D61/><U55/><E57/><V66/><F129/><W116/><G105/><T23/><D23/><U97/><E97/><V92/><F106/><W118/><G118/><T72/><D72/><U13/><E13/><V29/><F29/><W131/><G116/><T18/><D18/><U98/><E98/><N who="2" m="57631" /><F66/><W48/><G131/><T135/><D135/><U69/><E69/><V19/><F19/><W3/><G3/><T64/><D64/><U107/><E107/><V125/><F125/><W11/><G77/><T45/><D45/><U133/><E133/><V62/><F62/><N who="3" m="36183" /><G11/><AGARI ba="1,0" hai="8,10,11,44,50,52,59,60,67,81,82" m="38473" machi="11" ten="30,2000,0" yaku="8,1,54,1" doraHai="122" who="0" fromWho="3" sc="132,23,669,0,141,0,58,-23" /><INIT seed="3,0,0,4,0,103" ten="155,669,141,35" oya="3" hai0="107,74,110,11,62,129,31,102,21,99,58,50,28" hai1="116,87,88,38,83,111,67,22,101,19,85,108,25" hai2="118,127,106,48,13,135,20,30,6,78,113,131,0" hai3="49,47,79,29,14,54,94,1,7,61,60,104,76"/><W33/><G1/><T42/><D74/><U71/><E38/><V56/><F118/><W63/><G104/><T121/><D121/><U43/><E43/><V97/><F113/><W120/><G120/><T12/><D129/><U46/><E46/><V96/><F127/><W132/><G132/><T89/><D21/><U133/><E133/><V115/><F131/><W92/><G33/><T18/><D110/><U91/><E101/><V124/><F124/><W40/><G29/><T112/><D112/><U73/><E73/><V34/><F106/><W41/><G7/><T77/><D77/><N who="3" m="29769" /><G14/><T95/><D50/><U80/><E116/><V37/><F115/><W59/><G41/><T10/><D11/><U52/><E52/><V8/><F78/><W65/><G65/><T44/><D44/><U45/><E45/><V2/><F2/><W98/><G92/><T55/><REACH who="0" step="1"/><D42/><REACH who="0" ten="145,669,141,35" step="2"/><U117/><E117/><V5/><F135/><W82/><G82/><T72/><D72/><U134/><E134/><V100/><F37/><W125/><G125/><T15/><D15/><U93/><E93/><V51/><F13/><W114/><G114/><T3/><D3/><U90/><E90/><AGARI ba="0,1" hai="40,47,49,54,59,60,61,63,90,94,98" m="29769" machi="90" ten="30,1500,0" yaku="8,1" doraHai="103" who="3" fromWho="1" sc="145,0,669,-15,141,0,35,25" /><INIT seed="3,1,0,5,4,39" ten="145,654,141,60" oya="3" hai0="70,26,105,63,101,62,22,130,53,123,87,65,118" hai1="17,4,133,16,78,5,14,57,117,19,49,56,76" hai2="0,96,74,36,68,18,73,121,40,61,116,114,106" hai3="107,47,21,67,31,29,50,113,1,93,10,34,119"/><W83/><G107/><T111/><D118/><U85/><E133/><V75/><F116/><W15/><G119/><T80/><D123/><U79/><E117/><V77/><F114/><W23/><G113/><T89/><D111/><U104/><E104/><V94/><F94/><W72/><G1/><T55/><D62/><U45/><E85/><V52/><F18/><N who="3" m="8567" /><G72/><T102/><D130/><U124/><E124/><V125/><F125/><W132/><G34/><T48/><D53/><U110/><E110/><V91/><F52/><N who="3" m="29791" /><G132/><T37/><D37/><U24/><E24/><V43/><F121/><W120/><G120/><T84/><D105/><U58/><REACH who="1" step="1"/><E14/><REACH who="1" ten="145,644,141,60" step="2"/><V44/><F0/><W92/><G83/><T33/><D80/><U109/><E109/><V127/><F127/><W112/><G112/><T7/><D26/><U9/><E9/><V3/><F3/><W95/><G67/><T46/><D65/><U82/><E82/><V126/><F126/><W64/><G64/><T60/><D70/><U11/><E11/><V30/><F68/><W41/><G41/><AGARI ba="1,1" hai="4,5,16,17,19,41,45,49,56,57,58,76,78,79" machi="41" ten="50,12000,2" yaku="1,1,29,2,8,1,52,1,54,1,53,0" doraHai="39" doraHaiUra="99" who="1" fromWho="3" sc="145,0,644,133,141,0,60,-123" owari="145,-5.0,777,87.0,141,-26.0,-63,-56.0" /></mjloggm>