<mjloggm ver="2.3"><GO type="169" lobby="0"/><UN n0="%E3%82%BF%E3%82%B1%E3%82%BF%E3%82%B1%E3%82%BF%E3%82%B1" n1="%E3%82%82%E3%82%81%E3%82%93%E3%81%AA%E3%81%A1%E3%82%83%E3%81%84" n2="%E5%B0%B1%E6%B4%BB%E7%94%9F%40%E5%B7%9D%E6%9D%91%E8%BB%8D%E5%9B%A3" n3="%4A%65%66%66" dan="17,17,16,16" rate="2185.00,2168.84,2083.89,2044.90" sx="M,F,M,M"/><TAIKYOKU oya="0"/><INIT seed="0,0,0,1,2,118" ten="250,250,250,250" oya="0" hai0="92,77,42,55,95,33,100,128,99,31,52,119,84" hai1="22,97,87,35,78,32,8,39,68,102,28,72,133" hai2="91,79,4,124,80,66,131,17,63,46,106,70,96" hai3="82,76,116,30,83,135,64,19,40,121,104,98,26"/><T109/><D119/><U101/><E72/><V123/><F124/><W65/><G116/><T15/><D128/><U21/><E39/><V127/><F131/><W48/><G135/><T34/><D109/><U117/><E117/><V94/><F127/><W67/><G82/><T7/><D42/><U56/><E68/><V41/><F4/><W45/><G19/><T1/><D1/><U10/><E133/><V75/><F17/><W69/><G98/><T126/><D126/><U86/><E56/><V13/><F13/><W5/><G5/><T6/><D33/><U20/><E97/><V9/><F9/><W44/><G44/><T2/><D2/><U0/><E0/><V3/><F3/><W89/><G89/><T112/><D112/><U73/><E73/><V58/><F106/><W105/><G69/><T129/><D129/><U27/><E78/><V74/><F74/><W18/><G18/><T113/><D113/><U59/><E59/><V14/><F14/><W57/><G57/><T93/><D34/><U38/><E38/><V11/><F11/><W125/><G121/><T107/><D31/><U61/><E22/><V23/><F23/><W122/><G122/><T85/><D77/><U51/><E28/><V36/><REACH who="2" step="1"/><F70/><REACH who="2" ten="250,250,240,250" step="2"/><W60/><G125/><T37/><D6/><U53/><E20/><V43/><F43/><W16/><G16/><T115/><D7/><U71/><E32/><V114/><F114/><W90/><G104/><T81/><D15/><U54/><E35/><V47/><F47/><W88/><G105/><T108/><D115/><U29/><E21/><RYUUKYOKU ba="0,1" sc="250,-10,250,-10,240,30,250,-10" hai2="36,41,46,58,63,66,75,79,80,91,94,96,123" /><INIT seed="1,1,1,4,2,96" ten="240,240,270,240" oya="1" hai0="5,68,74,109,53,47,19,93,125,27,98,0,76" hai1="114,56,6,14,82,131,79,67,54,23,75,106,37" hai2="46,100,115,35,25,97,127,113,21,116,34,44,73" hai3="7,71,28,49,24,135,16,26,52,134,94,42,51"/><U90/><E114/><N who="2" m="43531" /><F116/><W15/><G71/><T45/><D68/><U58/><E37/><V117/><F73/><W83/><G7/><T1/><D47/><N who="2" m="17962" /><F127/><W129/><G49/><T48/><D109/><U20/><E131/><V2/><F2/><W104/><G42/><T85/><D74/><U55/><E67/><V133/><F133/><N who="3" m="50699" /><G104/><T11/><D0/><U39/><E106/><N who="2" m="63759" /><F117/><W8/><G83/><T102/><D125/><U105/><E105/><V60/><F60/><W33/><G129/><T130/><D130/><U78/><E39/><V92/><F92/><W108/><G94/><T110/><D110/><U123/><E75/><V95/><F95/><W32/><G108/><T128/><D128/><U87/><E123/><V124/><F124/><W120/><G120/><T66/><D66/><U50/><E6/><V13/><F13/><W99/><G99/><T132/><D132/><U103/><E103/><V112/><N who="2" m="43539" /><V3/><DORA hai="59" /><F3/><W30/><G51/><T17/><REACH who="0" step="1"/><D27/><REACH who="0" ten="230,240,270,240" step="2"/><U65/><E65/><V61/><F61/><W107/><G26/><T31/><D31/><AGARI ba="1,2" hai="21,25,31,34,35" m="63759,17962,43539" machi="31" ten="40,2600,0" yaku="11,1,52,1" doraHai="96,59" who="2" fromWho="0" sc="230,-29,240,0,270,49,240,0" /><INIT seed="2,0,0,3,1,12" ten="201,240,319,240" oya="2" hai0="36,22,35,120,14,56,119,114,123,18,133,73,86" hai1="20,85,107,79,121,48,104,25,0,46,64,129,96" hai2="32,33,26,10,71,63,91,45,112,87,95,82,34" hai3="27,13,29,110,115,135,54,43,128,116,125,81,40"/><V113/><F71/><W53/><G116/><T72/><D36/><U52/><E0/><V47/><F63/><W126/><G115/><T93/><D35/><U108/><E108/><V130/><F130/><W98/><G128/><T7/><D114/><U5/><E5/><V88/><F112/><W28/><G110/><T17/><D7/><U97/><E129/><V16/><F113/><W38/><G38/><T124/><D119/><U101/><E121/><V11/><F11/><W37/><G37/><T3/><D3/><U83/><E64/><V89/><F10/><W134/><G13/><T102/><D133/><N who="3" m="50697" /><G27/><T44/><D44/><U67/><E67/><V55/><F55/><N who="3" m="21003" /><G98/><T132/><D132/><U62/><E62/><V84/><REACH who="2" step="1"/><F91/><REACH who="2" ten="201,240,309,240" step="2"/><W59/><G59/><T65/><D56/><U99/><REACH who="1" step="1"/><E107/><REACH who="1" ten="201,230,309,240" step="2"/><V90/><F90/><W94/><G126/><T31/><D124/><U21/><E21/><AGARI ba="0,2" hai="16,21,26,32,33,34,45,47,82,84,87,88,89,95" machi="21" ten="40,12000,1" yaku="1,1,52,1,54,2,53,0" doraHai="12" doraHaiUra="2" who="2" fromWho="1" sc="201,0,230,-120,309,140,240,0" /><INIT seed="2,1,0,5,1,34" ten="201,110,449,240" oya="2" hai0="35,25,110,72,94,89,114,82,16,2,38,96,126" hai1="67,70,1,122,44,56,14,59,66,129,22,101,121" hai2="61,128,104,43,88,75,132,29,69,15,47,7,79" hai3="92,42,100,51,90,81,12,98,111,24,4,130,3"/><V23/><F104/><W19/><G130/><T105/><D38/><U8/><E129/><V9/><F128/><W53/><G111/><T64/><D110/><U127/><E127/><V115/><F115/><W97/><G42/><T18/><D114/><U41/><E101/><V48/><F132/><W5/><G24/><T73/><D105/><U21/><E70/><V0/><F75/><W119/><G3/><T32/><D2/><U26/><E14/><V37/><F79/><W117/><G119/><T77/><D73/><U30/><E22/><V39/><F61/><W55/><G55/><T63/><D126/><U112/><E112/><V124/><F69/><W71/><G71/><T102/><D89/><U54/><E66/><V95/><F124/><W133/><G133/><T28/><D35/><U103/><E103/><V85/><REACH who="2" step="1"/><F29/><REACH who="2" ten="201,110,439,240" step="2"/><W134/><G134/><T93/><D63/><U6/><E67/><V49/><F49/><W106/><G117/><T118/><D64/><U60/><REACH who="1" step="1"/><E59/><REACH who="1" ten="201,100,439,240" step="2"/><V58/><F58/><W10/><G81/><T108/><D118/><U107/><E107/><V83/><F83/><W46/><AGARI ba="1,2" hai="4,5,10,12,19,46,51,53,90,92,97,98,100,106" machi="46" ten="20,1500,0" yaku="0,1,7,1" doraHai="34" who="3" fromWho="3" sc="201,-5,100,-5,439,-8,240,38" /><INIT seed="3,0,0,5,2,37" ten="196,95,431,278" oya="3" hai0="58,75,21,19,55,130,9,48,128,132,118,43,61" hai1="28,99,67,88,66,56,97,5,81,40,73,95,13" hai2="91,103,114,29,54,3,107,134,45,119,23,68,129" hai3="135,7,70,96,59,17,35,122,109,102,33,110,72"/><W51/><G70/><T86/><D75/><U57/><E28/><V47/><F3/><W116/><G122/><T125/><D118/><U90/><E73/><V60/><F114/><W98/><G72/><T36/><D9/><U105/><E105/><V126/><F107/><W24/><G116/><T31/><D31/><U8/><E40/><V87/><F103/><W82/><G7/><T77/><D125/><U4/><E81/><V71/><F47/><W15/><G135/><T18/><D132/><U12/><REACH who="1" step="1"/><E8/><REACH who="1" ten="196,85,431,278" step="2"/><V76/><F29/><N who="3" m="19623" /><G82/><T20/><D43/><U108/><E108/><N who="3" m="41578" /><G35/><T80/><D80/><U39/><E39/><V112/><F134/><W111/><G111/><T101/><D36/><U32/><E32/><V49/><F126/><W27/><G102/><T44/><D101/><U133/><E133/><V83/><F83/><W63/><G27/><T93/><D130/><U106/><E106/><V131/><F129/><W30/><G30/><T84/><D128/><U121/><E121/><V1/><F131/><W113/><G113/><T62/><D93/><AGARI ba="0,1" hai="4,5,12,13,56,57,66,67,88,90,93,95,97,99" machi="93" ten="25,12000,2" yaku="1,1,22,2,8,1,54,1,53,2" doraHai="37" doraHaiUra="2" who="1" fromWho="0" sc="196,-120,85,130,431,0,278,0" /><INIT seed="4,0,0,3,0,81" ten="76,215,431,278" oya="0" hai0="102,122,104,3,60,127,105,39,84,9,75,12,112" hai1="36,43,62,73,52,128,4,126,74,14,133,27,123" hai2="77,108,16,66,91,94,19,5,45,30,28,15,70" hai3="76,89,90,103,79,65,115,26,132,55,71,72,131"/><T41/><D122/><U49/><E123/><V17/><F108/><W96/><G72/><T10/><D75/><U67/><E126/><V44/><F77/><N who="3" m="29771" /><G71/><T6/><D127/><U99/><E133/><V35/><F70/><W134/><G65/><T58/><D112/><U20/><E128/><V107/><F107/><N who="3" m="63975" /><G26/><T117/><D102/><U22/><E43/><V18/><F66/><W33/><G55/><T120/><D120/><U124/><E36/><V129/><F129/><W92/><G33/><T80/><D117/><U34/><E34/><V48/><F35/><W68/><G68/><T54/><D41/><U64/><E64/><V113/><F113/><W37/><G37/><T100/><D100/><U2/><E2/><V109/><F5/><W86/><G131/><T78/><REACH who="0" step="1"/><D39/><REACH who="0" ten="66,215,431,278" step="2"/><U111/><E124/><V32/><F109/><W135/><G115/><T114/><D114/><U53/><E111/><V29/><F32/><W42/><G42/><T85/><D85/><U23/><E73/><V57/><F57/><W97/><G90/><T82/><D82/><U98/><E74/><V38/><F38/><W59/><G86/><T56/><D56/><AGARI ba="0,1" hai="56,59,89,92,97,132,134,135" m="63975,29771" machi="56" ten="40,1300,0" yaku="20,1" doraHai="81" who="3" fromWho="0" sc="66,-13,215,0,431,0,278,23" /><INIT seed="5,0,0,1,1,59" ten="53,215,431,301" oya="1" hai0="80,17,27,74,39,36,108,90,16,105,14,99,25" hai1="20,116,111,18,120,53,127,63,124,5,82,9,126" hai2="77,37,50,43,75,131,28,4,101,33,62,48,100" hai3="8,68,97,94,13,60,30,44,84,103,41,10,57"/><U56/><E120/><V92/><F131/><W2/><G68/><T125/><D108/><U107/><E116/><V78/><F37/><W117/><G117/><T69/><D69/><U119/><E119/><V35/><F4/><W11/><G30/><T52/><D125/><U85/><E107/><V67/><F75/><W51/><G84/><T24/><D74/><U3/><E111/><V115/><F115/><W132/><G2/><T0/><D0/><U29/><E29/><V79/><F43/><W71/><G71/><T55/><D80/><U112/><E112/><V95/><F28/><W89/><G132/><T129/><D129/><U81/><REACH who="1" step="1"/><E85/><REACH who="1" ten="53,205,431,301" step="2"/><V66/><F77/><W7/><REACH who="3" step="1"/><G103/><REACH who="3" ten="53,205,431,291" step="2"/><T134/><D134/><U130/><E130/><V1/><F1/><W46/><G46/><T135/><D135/><U114/><E114/><V123/><F123/><W22/><G22/><T88/><D99/><U122/><E122/><V19/><F100/><W86/><G86/><T73/><D73/><U113/><E113/><V104/><F101/><W87/><G87/><T93/><D105/><U15/><AGARI ba="0,2" hai="3,5,9,15,18,20,53,56,63,81,82,124,126,127" machi="15" ten="30,11700,0" yaku="1,1,0,1,18,1,52,1,53,0" doraHai="59" doraHaiUra="23" who="1" fromWho="1" sc="53,-39,205,137,431,-39,291,-39" /><INIT seed="5,1,0,4,4,64" ten="14,342,392,252" oya="1" hai0="6,120,37,26,125,19,91,51,80,62,66,92,30" hai1="99,17,25,44,16,52,58,74,106,8,35,39,133" hai2="83,132,38,97,5,94,61,40,55,118,128,131,129" hai3="86,115,45,68,95,102,28,42,110,69,78,63,117"/><U73/><E133/><V10/><F118/><W87/><G110/><T56/><D37/><U88/><E39/><V76/><F132/><W127/><G28/><T36/><D36/><U130/><E44/><N who="2" m="23575" /><F55/><W59/><G78/><T123/><D125/><U1/><E130/><V54/><F54/><W122/><G122/><T82/><D19/><U53/><E53/><V98/><F61/><W116/><G102/><T14/><D51/><U89/><E89/><V65/><F65/><N who="3" m="39167" /><G95/><T13/><D123/><U71/><E71/><N who="3" m="27210" /><G115/><T27/><D120/><U2/><E106/><V31/><F31/><W85/><G127/><T34/><D27/><U84/><E99/><V9/><F94/><W32/><G32/><T46/><D46/><U29/><E73/><N who="2" m="43407" /><F10/><W81/><G81/><T135/><D135/><U67/><E74/><V3/><AGARI ba="1,0" hai="3,5,9,97,98,128,129,131" m="43407,23575" machi="3" ten="30,2000,0" yaku="25,1,19,1" doraHai="64" who="2" fromWho="2" sc="14,-6,342,-11,392,23,252,-6" /><INIT seed="6,0,0,4,3,61" ten="8,331,415,246" oya="2" hai0="116,31,50,52,106,1,119,25,36,74,17,82,80" hai1="133,86,90,63,69,14,2,117,83,77,43,97,118" hai2="5,68,56,65,32,39,121,44,8,16,40,120,73" hai3="35,125,96,89,9,113,28,102,47,87,46,122,134"/><V93/><F32/><W6/><G122/><T128/><D106/><U38/><E2/><V66/><F68/><W11/><G35/><T123/><D123/><U13/><E133/><V105/><F105/><W10/><G28/><T110/><D110/><U99/><E43/><V7/><F73/><W20/><G134/><T49/><D36/><U37/><E37/><V101/><F7/><W104/><G20/><N who="0" m="15783" /><D1/><U62/><E38/><V19/><F56/><W78/><G78/><T3/><D3/><U95/><E62/><V64/><F120/><W126/><G113/><T15/><D74/><U0/><E0/><V51/><F39/><W76/><G76/><T23/><D128/><U60/><E60/><V79/><F79/><W130/><G130/><T72/><D72/><U12/><REACH who="1" step="1"/><E99/><REACH who="1" ten="8,321,415,246" step="2"/><N who="2" m="59631" /><F121/><W24/><G6/><T98/><D98/><U100/><E100/><V85/><F85/><W45/><REACH who="3" step="1"/><G24/><REACH who="3" ten="8,321,415,236" step="2"/><T127/><D127/><U92/><E92/><AGARI ba="0,2" hai="9,10,11,45,46,47,87,89,92,96,102,104,125,126" machi="92" ten="40,2600,0" yaku="1,1,2,1,53,0" doraHai="61" doraHaiUra="124" who="3" fromWho="1" sc="8,0,321,-26,415,0,236,46" /><INIT seed="7,0,0,0,0,72" ten="8,295,415,282" oya="3" hai0="71,55,119,68,110,131,43,76,85,75,113,84,104" hai1="58,130,45,11,67,112,25,134,129,118,21,98,125" hai2="127,29,3,96,22,90,17,79,38,103,56,41,34" hai3="5,121,101,106,123,94,116,66,99,95,10,7,92"/><W64/><G116/><T70/><D43/><U27/><E118/><V89/><F3/><W91/><G91/><T46/><D46/><U128/><E112/><V105/><F127/><W132/><G132/><T57/><D57/><U88/><E125/><V47/><F79/><W77/><G77/><T115/><D76/><U28/><E134/><V69/><F69/><W36/><G36/><T82/><D55/><U6/><E45/><V108/><F108/><W135/><G135/><T86/><D82/><U117/><E117/><V14/><F56/><W97/><G99/><T126/><D86/><U93/><E27/><V54/><F54/><W124/><G124/><T12/><D12/><N who="1" m="5239" /><E58/><V100/><F100/><W53/><G53/><T109/><D85/><U18/><E67/><V8/><F34/><W48/><G48/><T73/><D84/><U74/><E28/><V122/><F122/><W13/><REACH who="3" step="1"/><G5/><REACH who="3" ten="8,295,415,272" step="2"/><T39/><D73/><AGARI ba="0,1" hai="18,21,25,73,74,88,93,98,128,129,130" m="5239" machi="73" ten="30,2000,0" yaku="19,1,54,1" doraHai="72" who="1" fromWho="0" sc="8,-20,295,30,415,0,272,0" owari="-12,-51.0,325,13.0,415,51.0,272,-13.0" /></mjloggm>