<mjloggm ver="2.3"><GO type="169" lobby="0"/><UN n0="%E5%AE%AE%E6%9C%AC%E4%BE%86%E5%A4%8F" n1="%E3%82%AF%E3%83%AD%E3%83%8E%E3%82%B9%40" n2="%E8%A5%BF%E6%9D%91%E9%9B%84%E4%B8%80%E9%83%8E" n3="%E3%82%A6%E3%83%AB%E3%83%88%E3%83%A9%E7%AB%8B%E7%9B%B4" dan="16,19,16,17" rate="2103.98,2322.87,2108.72,2168.52" sx="F,M,M,M"/><TAIKYOKU oya="0"/><INIT seed="0,0,0,5,1,108" ten="250,250,250,250" oya="0" hai0="77,67,94,74,126,37,112,72,23,54,117,114,129" hai1="60,7,28,76,4,124,0,17,66,1,6,115,47" hai2="75,102,68,128,5,70,39,18,10,85,16,134,33" hai3="79,8,44,22,27,58,3,11,135,65,59,53,78"/><T32/><D117/><U12/><E76/><V123/><F75/><W34/><G34/><T118/><D32/><U113/><E47/><V121/><F39/><W101/><G135/><T52/><D118/><U20/><E124/><V13/><F134/><W88/><G101/><T83/><D126/><U109/><E109/><V122/><F128/><W130/><G130/><T35/><D129/><U104/><E104/><V119/><F119/><W97/><G44/><T31/><D35/><U82/><E82/><V107/><F33/><W25/><G27/><T63/><D37/><U103/><E103/><V29/><F29/><W55/><G3/><T133/><D94/><U50/><E50/><V51/><F85/><W64/><G25/><T127/><D74/><U57/><E28/><V105/><F51/><W91/><G22/><T69/><D133/><U125/><E125/><V36/><F36/><W42/><G97/><T41/><D41/><AGARI ba="0,0" hai="8,11,41,42,53,55,58,59,64,65,78,79,88,91" machi="41" ten="25,6400,0" yaku="22,2,8,1,54,1" doraHai="108" who="3" fromWho="0" sc="250,-64,250,0,250,0,250,64" /><INIT seed="1,0,0,4,1,71" ten="186,250,250,314" oya="1" hai0="95,108,49,119,22,19,125,124,4,48,42,110,47" hai1="9,43,120,115,131,14,130,35,5,40,116,82,31" hai2="44,32,60,88,6,105,90,57,73,37,96,65,104" hai3="53,30,17,126,74,97,123,112,107,94,8,113,29"/><U46/><E115/><V61/><F32/><W51/><G123/><T26/><D119/><U23/><E116/><V93/><F73/><W41/><G126/><N who="0" m="48747" /><D4/><U92/><E120/><V76/><F76/><W67/><G74/><T109/><D95/><U39/><E35/><V79/><F79/><W55/><G107/><T127/><N who="0" m="48755" /><T117/><DORA hai="2" /><D117/><U66/><E66/><V91/><F6/><W25/><G41/><T80/><D80/><U68/><E68/><V36/><F61/><W20/><G55/><T7/><D7/><U129/><E82/><V77/><F77/><W83/><G67/><T50/><AGARI ba="0,0" hai="19,22,26,42,47,48,49,50,108,109,110" m="48755" machi="50" ten="50,3200,0" yaku="14,1,18,1" doraHai="71,2" who="0" fromWho="0" sc="186,32,250,-16,250,-8,314,-8" /><INIT seed="2,0,0,3,0,82" ten="218,234,242,306" oya="2" hai0="95,104,30,15,21,89,60,120,101,92,43,76,83" hai1="27,75,80,37,36,74,127,18,116,39,20,134,67" hai2="63,48,40,110,3,71,96,16,113,107,68,26,88" hai3="13,56,94,4,50,38,129,72,91,102,23,85,22"/><V70/><F113/><W33/><G129/><T2/><D120/><U105/><E116/><V41/><F3/><W77/><G38/><T64/><D2/><U111/><E105/><V100/><F110/><W130/><G130/><T103/><D43/><U90/><E134/><V29/><F48/><W35/><G102/><T124/><D104/><U87/><E127/><V59/><F16/><N who="3" m="10511" /><G72/><T109/><D124/><U135/><E135/><V115/><F115/><W133/><G35/><T69/><D92/><U108/><REACH who="1" step="1"/><E67/><REACH who="1" ten="218,224,242,306" step="2"/><V55/><REACH who="2" step="1"/><F88/><REACH who="2" ten="218,224,232,306" step="2"/><W118/><G133/><T131/><D89/><U52/><E52/><V97/><F97/><W112/><G91/><T51/><D131/><U65/><E65/><V53/><F53/><W57/><G112/><T0/><D64/><U98/><E98/><V58/><F58/><W42/><G57/><T123/><D109/><AGARI ba="0,2" hai="18,20,27,36,37,39,74,75,80,87,90,108,109,111" machi="109" ten="50,12000,2" yaku="1,1,14,1,52,1,53,3" doraHai="82" doraHaiUra="121" who="1" fromWho="0" sc="218,-120,224,140,232,0,306,0" /><INIT seed="3,0,0,3,4,4" ten="98,364,232,306" oya="3" hai0="33,109,105,64,71,92,30,131,44,47,122,49,133" hai1="134,123,120,125,51,54,14,11,88,39,121,79,2" hai2="118,128,90,50,46,45,76,9,82,111,20,21,89" hai3="93,60,17,115,69,73,35,113,56,83,19,98,5"/><W101/><G35/><T124/><D105/><U116/><E39/><V18/><F118/><W70/><G5/><T53/><D122/><U58/><E116/><V94/><F111/><W87/><G73/><T106/><D106/><U28/><E134/><V7/><F128/><W26/><G70/><T103/><D109/><U91/><E79/><V52/><F45/><W0/><G69/><T32/><D131/><U36/><E36/><V40/><F40/><W1/><G0/><T67/><D133/><U75/><E75/><V114/><F114/><W16/><G1/><T48/><D71/><U24/><BYE who="0" /><E2/><V29/><F29/><W22/><G115/><T55/><D55/><U23/><REACH who="1" step="1"/><E125/><REACH who="1" ten="98,354,232,306" step="2"/><V57/><F76/><N who="3" m="46567" /><G113/><UN n0="%E5%AE%AE%E6%9C%AC%E4%BE%86%E5%A4%8F" /><T25/><D124/><U100/><E100/><V110/><F110/><W85/><G85/><T80/><D103/><U112/><E112/><V31/><F89/><W3/><G3/><T99/><D33/><U10/><E10/><V126/><F9/><W129/><G129/><T59/><D32/><U37/><E37/><V13/><F126/><W34/><G34/><T102/><D102/><U130/><E130/><V6/><F90/><W66/><AGARI ba="0,1" hai="16,17,19,22,26,56,60,66,93,98,101" m="46567" machi="66" ten="30,3000,0" yaku="8,1,54,1" doraHai="4" who="3" fromWho="3" sc="98,-10,354,-10,232,-10,306,40" /><INIT seed="3,1,0,3,5,71" ten="88,344,222,346" oya="3" hai0="64,52,26,6,31,99,10,41,57,20,115,122,63" hai1="78,32,130,116,101,51,48,9,58,15,102,4,17" hai2="107,83,109,23,135,24,60,25,1,50,79,88,5" hai3="22,77,75,92,59,62,87,56,100,127,117,2,124"/><W42/><G117/><T96/><D122/><U3/><E130/><V113/><F107/><W37/><G2/><T28/><D115/><U104/><E116/><V91/><F113/><W16/><G75/><T44/><D28/><U85/><E104/><V35/><F35/><W98/><G87/><T89/><D89/><U47/><E32/><V46/><F25/><W97/><G77/><T53/><D53/><N who="1" m="32039" /><E4/><V76/><F60/><W121/><G98/><T84/><D84/><U40/><E3/><V134/><F109/><W103/><G100/><T120/><D64/><U123/><E123/><V86/><F5/><W128/><G128/><T49/><REACH who="0" step="1"/><D120/><REACH who="0" ten="78,344,222,346" step="2"/><U105/><E105/><V43/><F91/><W108/><G121/><T80/><D80/><AGARI ba="1,1" hai="9,15,17,40,47,51,78,80,85,101,102" m="32039" machi="80" ten="30,1000,0" yaku="8,1" doraHai="71" who="1" fromWho="0" sc="78,-13,344,23,222,0,346,0" /><INIT seed="4,0,0,1,0,42" ten="65,367,222,346" oya="0" hai0="119,134,14,92,86,31,111,112,109,132,32,84,3" hai1="9,135,30,62,123,45,97,70,39,10,114,103,35" hai2="93,74,17,125,80,40,57,121,38,56,75,16,1" hai3="88,22,61,105,96,118,50,44,20,64,63,67,87"/><T115/><D3/><U117/><E123/><V4/><F121/><W91/><G118/><T29/><D14/><U55/><E135/><N who="0" m="51753" /><D32/><U128/><E128/><V43/><F93/><W8/><G8/><T101/><D101/><U7/><E117/><V6/><F80/><W37/><G37/><T54/><D54/><U95/><E114/><N who="0" m="43561" /><D92/><U124/><E124/><V0/><F38/><W113/><G113/><T79/><D79/><U66/><E39/><V21/><F21/><W77/><G77/><T78/><D78/><U59/><E70/><V130/><F130/><W28/><G20/><T98/><D98/><U85/><E85/><N who="0" m="32873" /><D119/><U72/><E35/><V27/><F27/><W5/><G22/><T19/><D19/><U2/><E2/><V15/><F125/><W46/><G96/><T18/><D18/><U89/><E103/><V34/><F34/><W129/><G129/><T90/><D90/><U104/><E89/><V53/><F53/><W49/><G87/><T51/><D51/><N who="1" m="29167" /><E95/><V71/><F15/><W110/><G88/><T60/><D60/><U81/><E97/><V100/><F100/><W127/><G63/><T25/><D25/><U11/><E62/><V102/><F102/><W120/><G61/><T68/><D68/><AGARI ba="0,0" hai="0,1,4,6,16,17,40,43,56,57,68,71,74,75" machi="68" ten="25,3200,0" yaku="22,2,54,1" doraHai="42" who="2" fromWho="0" sc="65,-32,367,0,222,32,346,0" /><INIT seed="5,0,0,5,2,135" ten="33,367,254,346" oya="1" hai0="4,87,74,43,18,128,59,16,108,127,110,32,39" hai1="63,6,106,102,56,131,68,103,101,100,133,41,79" hai2="8,2,29,126,134,54,92,121,13,122,89,70,17" hai3="0,113,82,66,58,62,64,130,15,123,28,24,44"/><U73/><E68/><V22/><F134/><W5/><G123/><T19/><D74/><U23/><E133/><V36/><F36/><W71/><G130/><T26/><D128/><U57/><E131/><V112/><F70/><W129/><G129/><T20/><D32/><U61/><E41/><V1/><F112/><W67/><G113/><T78/><D4/><U72/><E6/><V124/><F54/><W38/><G0/><N who="2" m="105" /><F89/><W118/><G118/><T53/><D43/><U21/><E79/><V30/><F92/><W93/><G38/><T85/><D39/><U97/><E73/><V46/><F46/><W99/><G44/><T37/><D37/><U48/><E48/><V84/><F84/><W3/><G82/><T96/><D96/><U65/><REACH who="1" step="1"/><E72/><REACH who="1" ten="33,357,254,346" step="2"/><V95/><F121/><W119/><G71/><T42/><D42/><U14/><E14/><V52/><F122/><W81/><G3/><T80/><D108/><U109/><E109/><V69/><F69/><W75/><G75/><T94/><D110/><U76/><E76/><V125/><F125/><W7/><G62/><T120/><D120/><U33/><E33/><V111/><F111/><W50/><G50/><T12/><D127/><U88/><E88/><V10/><F13/><W90/><G15/><T45/><D12/><U83/><E83/><V60/><F60/><N who="3" m="37911" /><G81/><T27/><D78/><U86/><E86/><V117/><F126/><W40/><G40/><T105/><D80/><U34/><E34/><V49/><F124/><W51/><G51/><T132/><D132/><U55/><AGARI ba="0,1" hai="21,23,55,56,57,61,63,65,97,100,101,102,103,106" machi="55" ten="30,3000,0" yaku="1,1,0,1,53,0" doraHai="135" doraHaiUra="25" who="1" fromWho="1" sc="33,-10,357,40,254,-10,346,-10" /><INIT seed="5,1,0,2,3,120" ten="23,397,244,336" oya="1" hai0="75,14,123,126,43,82,17,37,93,24,26,70,99" hai1="86,114,108,63,100,96,117,22,130,45,44,112,5" hai2="38,98,133,106,19,124,60,129,69,48,41,27,57" hai3="135,103,127,33,13,113,110,111,116,52,73,62,115"/><U15/><E117/><V131/><F133/><W16/><G73/><T72/><D70/><U104/><E130/><V11/><F124/><W9/><G33/><T56/><D126/><U91/><E63/><V53/><F106/><W77/><G127/><T40/><D123/><U64/><E64/><N who="2" m="41095" /><F98/><W50/><G77/><T42/><D37/><U65/><E65/><V49/><F27/><W85/><G62/><T34/><D34/><U21/><E108/><V94/><F94/><W51/><G51/><T54/><D82/><U71/><E71/><V28/><F28/><W122/><G122/><T30/><D30/><U125/><E125/><V61/><F19/><W31/><G31/><T76/><D76/><U32/><E32/><V79/><F11/><W102/><G85/><T59/><D59/><U118/><E118/><V7/><F7/><W46/><G116/><T128/><D128/><N who="2" m="49226" /><F79/><W2/><G2/><T18/><D75/><U55/><E5/><V74/><F74/><W119/><G119/><T132/><D132/><U92/><BYE who="0" /><E22/><UN n0="%E5%AE%AE%E6%9C%AC%E4%BE%86%E5%A4%8F" /><V4/><F4/><W134/><G135/><T23/><D72/><U83/><E104/><V80/><F80/><W101/><G134/><T67/><D67/><U109/><E21/><V68/><F68/><W95/><G95/><T10/><D24/><U3/><E92/><V6/><F6/><W88/><G88/><N who="0" m="55719" /><D42/><U36/><E91/><V12/><F12/><W39/><G39/><T90/><D90/><N who="1" m="51551" /><E36/><V121/><F121/><W107/><G107/><T97/><D97/><U84/><E96/><V20/><F38/><W66/><G66/><RYUUKYOKU ba="1,0" sc="23,15,397,-15,244,-15,336,15" hai0="10,14,17,18,23,26,40,43,54,56" hai3="9,13,16,46,50,52,101,102,103,110,111,113,115" /><INIT seed="6,2,0,0,2,20" ten="38,382,229,351" oya="2" hai0="56,33,72,0,16,73,71,22,3,35,90,116,23" hai1="104,91,119,5,113,106,53,83,69,31,50,41,15" hai2="98,92,17,78,128,102,60,81,58,86,40,74,48" hai3="28,38,7,123,42,67,115,105,118,21,44,85,95"/><V103/><F128/><W80/><G118/><T93/><D71/><U39/><E69/><V49/><F40/><W37/><G105/><T100/><D116/><U18/><E119/><V96/><F17/><W114/><G123/><T13/><D100/><U47/><E113/><N who="3" m="43018" /><G67/><T61/><D73/><U54/><E5/><V30/><F30/><W109/><G95/><T63/><D72/><U9/><E31/><V8/><F8/><W120/><G7/><T34/><D61/><U66/><E66/><V1/><F1/><W51/><G109/><T121/><D121/><U36/><E54/><V12/><F12/><W89/><G120/><T46/><D46/><U79/><E39/><V129/><F129/><W124/><G124/><T126/><D126/><U11/><E11/><V111/><F111/><W57/><G57/><T122/><D122/><U127/><E127/><V45/><F45/><W62/><G62/><T24/><D56/><U52/><E53/><V25/><F74/><W101/><G101/><T130/><D63/><U6/><E6/><V75/><F75/><W131/><G131/><T14/><D130/><U108/><E108/><V133/><F60/><W110/><G110/><T134/><D134/><U2/><BYE who="0" /><E106/><N who="2" m="63815" /><F133/><W55/><G42/><UN n0="%E5%AE%AE%E6%9C%AC%E4%BE%86%E5%A4%8F" /><T32/><N who="0" m="8192" /><DORA hai="117" /><T112/><D112/><U125/><E104/><V97/><F58/><W84/><G84/><T135/><D135/><U76/><E125/><V87/><F87/><W19/><G28/><T94/><D94/><U64/><BYE who="0" /><E64/><V82/><F98/><W26/><AGARI ba="2,0" hai="19,21,26,37,38,44,51,55,80,85,89" m="43018" machi="26" ten="30,4000,0" yaku="15,1,11,1,52,1" doraHai="20,117" who="3" fromWho="3" sc="38,-12,382,-12,229,-22,351,46" /><INIT seed="7,0,0,4,0,8" ten="26,370,207,397" oya="3" hai0="123,87,115,108,102,26,38,35,40,101,6,85,2" hai1="88,20,83,1,92,130,43,97,132,23,113,13,25" hai2="106,103,107,86,121,55,31,60,109,24,118,53,36" hai3="129,47,125,100,17,79,52,29,90,68,44,51,131"/><W28/><G68/><T110/><D110/><U124/><E1/><V33/><F36/><UN n0="%E5%AE%AE%E6%9C%AC%E4%BE%86%E5%A4%8F" /><W116/><G125/><T133/><D40/><U77/><E124/><V96/><F118/><W120/><G116/><T134/><D26/><U3/><E3/><V42/><F42/><W0/><G0/><T7/><D6/><U5/><E113/><V117/><F107/><W78/><G120/><T39/><D7/><U89/><E130/><N who="3" m="49674" /><G100/><T122/><D122/><U82/><BYE who="0" /><E132/><V135/><F135/><W64/><G64/><T15/><D15/><U71/><E71/><V98/><F98/><W41/><G90/><T73/><D73/><U62/><E43/><V114/><F114/><W14/><G14/><T127/><D127/><U57/><E89/><V112/><F109/><W48/><G17/><T70/><D70/><U67/><E77/><AGARI ba="0,0" hai="28,29,41,44,47,48,51,52,77,78,79" m="49674" machi="77" ten="30,2900,0" yaku="19,1,54,1" doraHai="8" who="3" fromWho="1" sc="26,0,370,-29,207,0,397,29" owari="26,-47.0,341,14.0,207,-19.0,426,52.0" /></mjloggm>