<mjloggm ver="2.3"><GO type="41" lobby="0"/><UN n0="%E3%81%BE%E3%81%A4%E3%81%94%E3%82%8D" n1="%6A%75%73%74%79%31%32%33" n2="%E5%B0%B1%E6%B4%BB%E7%94%9F%40%E5%B7%9D%E6%9D%91%E8%BB%8D%E5%9B%A3" n3="%E3%81%97%E3%82%8D%E3%83%AF%E3%83%83%E3%82%B5%E3%83%B3" dan="15,13,15,14" rate="2015.60,1832.67,2016.76,1868.30" sx="M,M,M,M"/><TAIKYOKU oya="0"/><INIT seed="0,0,0,2,3,69" ten="250,250,250,250" oya="0" hai0="11,57,39,56,106,7,60,107,96,54,19,128,134" hai1="130,98,30,93,97,5,52,48,23,101,129,95,66" hai2="110,87,92,55,53,83,102,33,21,32,20,104,1" hai3="126,34,47,63,67,24,15,76,116,132,118,4,90"/><T77/><D128/><U78/><E66/><V6/><F104/><W31/><G132/><T100/><D134/><U84/><E5/><V0/><F110/><W111/><G111/><T125/><D125/><U86/><E30/><V58/><F33/><W88/><G126/><T51/><D77/><U127/><E127/><V113/><F32/><W109/><G109/><T37/><D19/><U29/><E29/><V41/><F41/><W68/><G76/><T122/><D122/><U45/><E23/><V59/><F6/><W26/><G26/><T79/><D79/><U117/><E117/><V114/><F92/><W38/><G4/><T64/><D107/><U27/><E27/><V70/><F70/><W135/><G15/><AGARI ba="0,0" hai="7,11,15,37,39,51,54,56,57,60,64,96,100,106" machi="15" ten="30,5800,0" yaku="7,1,52,2" doraHai="69" who="0" fromWho="3" sc="250,58,250,0,250,0,250,-58" /><INIT seed="0,1,0,3,5,8" ten="308,250,250,192" oya="0" hai0="51,115,40,17,76,30,117,133,92,127,13,20,135" hai1="42,19,0,109,120,62,52,18,63,98,70,93,129" hai2="75,59,77,33,57,56,101,50,111,104,58,119,83" hai3="124,122,84,49,48,108,6,126,95,39,113,14,32"/><T45/><D117/><U66/><E120/><V118/><F33/><W79/><G39/><T74/><D115/><U91/><E0/><V7/><F7/><W102/><G108/><T5/><D92/><U103/><E109/><V1/><F1/><W116/><G116/><N who="2" m="44585" /><F111/><W87/><G113/><T61/><D127/><N who="3" m="48681" /><G32/><T31/><D5/><U88/><E42/><V100/><F104/><W43/><G122/><T68/><D76/><U72/><E72/><V123/><F123/><W21/><G79/><T130/><D74/><U85/><E129/><V10/><F10/><N who="3" m="4439" /><G21/><T114/><D130/><U105/><REACH who="1" step="1"/><E91/><REACH who="1" ten="308,240,250,192" step="2"/><V90/><F90/><W55/><G43/><T106/><D114/><U96/><E96/><V24/><F101/><W132/><G102/><T4/><D106/><U73/><E73/><V134/><F100/><W128/><G128/><T99/><D99/><U89/><E89/><V41/><F134/><N who="0" m="51210" /><D4/><U26/><E26/><V27/><F41/><W64/><G132/><T3/><D3/><U53/><E53/><AGARI ba="1,1" hai="24,27,50,53,56,57,58,59,75,77,83" m="44585" machi="53" ten="30,1000,0" yaku="12,1" doraHai="8" who="2" fromWho="1" sc="308,0,240,-13,250,23,192,0" /><INIT seed="1,0,0,3,1,108" ten="308,227,273,192" oya="1" hai0="73,8,32,87,44,125,80,55,135,33,16,51,104" hai1="37,2,88,90,38,92,116,86,58,106,89,124,14" hai2="121,0,123,114,117,30,41,81,17,53,42,78,60" hai3="52,83,132,101,39,28,100,72,45,47,27,19,34"/><U82/><E2/><V70/><F0/><W50/><G132/><T126/><D73/><U35/><E116/><V91/><F117/><W129/><G129/><T127/><D104/><U102/><E35/><V128/><F128/><W1/><G1/><T79/><D135/><U75/><E14/><AGARI ba="0,0" hai="8,14,16,32,33,44,51,55,79,80,87,125,126,127" machi="14" ten="40,2600,0" yaku="18,1,54,1" doraHai="108" who="0" fromWho="1" sc="308,26,227,-26,273,0,192,0" /><INIT seed="2,0,0,5,5,69" ten="334,201,273,192" oya="2" hai0="71,0,15,90,49,117,62,40,36,108,80,65,128" hai1="92,66,131,41,22,99,12,68,77,60,30,95,76" hai2="86,37,83,54,105,118,13,35,106,56,27,16,28" hai3="42,5,107,11,98,58,2,6,26,63,19,44,110"/><V89/><F118/><W75/><G110/><T116/><D0/><U39/><E131/><V51/><REACH who="2" step="1"/><F37/><REACH who="2" ten="334,201,263,192" step="2"/><W132/><G132/><T102/><D108/><U125/><E39/><V121/><F121/><W88/><G2/><T4/><D128/><U109/><E109/><V34/><F34/><W59/><G42/><T20/><D116/><U32/><E32/><V70/><F70/><W61/><G107/><T18/><D117/><U53/><E41/><V101/><F101/><W119/><G119/><T52/><D102/><U124/><E68/><V103/><F103/><W94/><G75/><T115/><D115/><U43/><E43/><V46/><F46/><W96/><G44/><T100/><D100/><U123/><E123/><V47/><F47/><W3/><G3/><T93/><D36/><U23/><E124/><V38/><F38/><W129/><G129/><T104/><D40/><U25/><E125/><V135/><F135/><W85/><G59/><T67/><D104/><U114/><E114/><V1/><F1/><W33/><G58/><T73/><D71/><U130/><E130/><V87/><F87/><W45/><G33/><T9/><D73/><U14/><E99/><V10/><AGARI ba="0,1" hai="10,13,16,27,28,35,51,54,56,83,86,89,105,106" machi="10" ten="20,7800,0" yaku="1,1,0,1,7,1,54,1,53,0" doraHai="69" doraHaiUra="91" who="2" fromWho="2" sc="334,-26,201,-26,263,88,192,-26" /><INIT seed="2,1,0,3,0,103" ten="308,175,351,166" oya="2" hai0="97,105,25,95,17,110,108,36,81,59,53,92,121" hai1="61,2,54,19,104,52,62,56,91,38,129,101,6" hai2="48,15,55,47,66,42,134,113,22,46,63,115,45" hai3="80,28,13,94,21,64,18,114,9,78,71,107,87"/><V85/><F134/><W14/><G114/><T39/><D121/><U23/><E38/><V4/><F115/><W30/><G94/><T82/><D95/><U131/><E2/><V111/><F113/><W0/><G0/><T50/><D92/><U93/><E6/><V69/><F111/><N who="0" m="42538" /><D25/><U67/><E101/><V86/><F46/><W51/><G30/><T32/><D17/><U102/><E102/><V99/><F99/><W128/><G128/><N who="1" m="49226" /><E104/><V20/><F20/><W1/><G1/><T73/><D32/><U77/><E77/><V7/><F7/><W34/><G34/><T125/><D125/><U3/><E3/><V132/><F132/><W117/><G117/><T37/><D73/><U24/><E61/><V89/><F89/><W49/><G107/><T84/><D84/><AGARI ba="1,0" hai="19,23,24,52,54,56,62,67,84,91,93" m="49226" machi="84" ten="30,2000,0" yaku="19,1,54,1" doraHai="103" who="1" fromWho="0" sc="308,-23,175,23,351,0,166,0" /><INIT seed="3,0,0,4,3,133" ten="285,198,351,166" oya="3" hai0="14,27,107,97,88,89,51,53,135,112,34,5,128" hai1="113,114,131,55,81,127,87,30,108,64,134,60,13" hai2="70,95,41,45,80,49,101,93,19,54,73,21,121" hai3="74,47,75,78,62,94,22,25,129,123,46,92,126"/><W118/><G123/><T42/><D128/><U28/><E134/><V6/><F70/><W37/><G118/><T71/><D135/><U109/><E131/><V105/><F121/><W117/><G117/><T122/><D42/><U16/><E55/><V15/><F105/><W83/><G129/><T18/><D122/><U116/><E116/><V26/><F101/><W20/><G62/><T12/><D71/><U56/><E30/><V106/><F106/><W23/><G25/><T76/><D76/><N who="1" m="46503" /><E28/><V36/><F80/><W52/><G75/><T31/><D112/><U110/><E127/><V99/><F73/><W61/><G126/><T125/><D125/><U9/><AGARI ba="0,0" hai="9,13,16,56,60,64,108,109,110,113,114" m="46503" machi="9" ten="30,2000,0" yaku="14,1,54,1" doraHai="133" who="1" fromWho="1" sc="285,-5,198,20,351,-5,166,-10" /><INIT seed="4,0,0,4,3,105" ten="280,218,346,156" oya="0" hai0="12,76,32,112,10,29,102,115,107,48,61,73,70" hai1="1,23,114,30,54,25,47,89,2,109,90,85,42" hai2="0,84,38,35,39,28,59,24,58,37,19,121,120" hai3="124,15,3,36,123,82,52,5,95,51,72,103,79"/><T67/><D48/><U91/><E109/><V34/><F0/><W9/><G36/><T44/><D44/><U31/><E114/><N who="0" m="43561" /><D12/><U78/><E54/><V127/><F127/><W119/><G119/><T13/><D13/><U50/><E1/><V94/><F34/><W83/><G123/><T43/><D43/><U40/><E2/><V122/><F19/><W111/><G111/><T65/><D65/><U66/><E66/><V68/><F68/><W20/><G124/><T60/><D60/><U130/><E130/><V93/><REACH who="2" step="1"/><F84/><REACH who="2" ten="280,218,336,156" step="2"/><W132/><G3/><T33/><D29/><U4/><E4/><V133/><F133/><W92/><G132/><T117/><D117/><U97/><E31/><V88/><F88/><W64/><G5/><T62/><D10/><U101/><E85/><V71/><F71/><W87/><G9/><T22/><D22/><U118/><E118/><V116/><F116/><W128/><G20/><T96/><D61/><U125/><E125/><V17/><F17/><W110/><G110/><T100/><D100/><U69/><E69/><V7/><F7/><W98/><G103/><T126/><D126/><U106/><E78/><V80/><F80/><AGARI ba="0,1" hai="32,33,62,67,70,73,76,80,96,102,107" m="43561" machi="80" ten="30,5800,0" yaku="15,1,23,1,52,1" doraHai="105" who="0" fromWho="2" sc="280,68,218,0,336,-58,156,0" /><INIT seed="4,1,0,1,4,22" ten="348,218,278,156" oya="0" hai0="89,80,33,15,120,119,107,78,20,69,35,86,3" hai1="49,108,38,67,82,29,36,43,16,25,57,122,132" hai2="2,68,74,75,85,130,42,0,46,83,13,54,45" hai3="95,11,135,115,26,12,112,47,62,125,106,39,96"/><T71/><D119/><U79/><E122/><V94/><F68/><W97/><G135/><T76/><D120/><U91/><E132/><V127/><F130/><W58/><G125/><T64/><D3/><U123/><E123/><V118/><F127/><W5/><G106/><T105/><D64/><U7/><E7/><V87/><F118/><W128/><G128/><T10/><D20/><U30/><E108/><V1/><F13/><W124/><G124/><T37/><D37/><U133/><E133/><V53/><F94/><W14/><G14/><T44/><D44/><N who="2" m="17002" /><F83/><W24/><G97/><T88/><D71/><U121/><E43/><V99/><F99/><W70/><G70/><T48/><D69/><U131/><E91/><V34/><F34/><W110/><G110/><T17/><D35/><U52/><E131/><V93/><F93/><W92/><G92/><T63/><D33/><U100/><E67/><V111/><F42/><W61/><G61/><T81/><D63/><U50/><E100/><V84/><F111/><W60/><G60/><T90/><REACH who="0" step="1"/><D48/><REACH who="0" ten="338,218,278,156" step="2"/><N who="1" m="30855" /><E36/><V18/><F2/><W51/><G39/><T41/><D41/><U116/><E38/><V101/><F1/><W31/><G62/><T66/><D66/><U40/><E116/><V77/><F0/><W114/><G58/><T19/><D19/><U103/><E121/><V59/><F18/><W129/><G129/><T21/><D21/><N who="1" m="13479" /><E40/><V117/><F117/><W73/><G31/><T102/><D102/><U27/><E103/><V126/><F101/><N who="3" m="60575" /><G73/><AGARI ba="1,1" hai="10,15,17,73,76,78,80,81,86,88,89,90,105,107" machi="73" ten="40,3900,0" yaku="1,1,54,1,53,0" doraHai="22" doraHaiUra="32" who="0" fromWho="3" sc="338,52,218,0,278,0,156,-42" /><INIT seed="4,2,0,0,1,131" ten="390,218,278,114" oya="0" hai0="117,80,132,123,50,121,59,10,83,55,97,96,77" hai1="103,49,69,6,84,82,95,101,94,109,35,26,0" hai2="125,76,90,56,108,88,68,43,130,27,107,22,67" hai3="48,13,39,36,73,20,29,114,93,38,44,92,128"/><T57/><D117/><U112/><E109/><V41/><F107/><W100/><G73/><T116/><D132/><U1/><E69/><V18/><F68/><W31/><G128/><T126/><D116/><U37/><E37/><V106/><F106/><W65/><G114/><T58/><D126/><U129/><E129/><V61/><F108/><W122/><G122/><T74/><D83/><U72/><E72/><V16/><F125/><W28/><G65/><T102/><D97/><U63/><E63/><V4/><F130/><W113/><G113/><T87/><D10/><U71/><E71/><V70/><F70/><W89/><G100/><T124/><D124/><U33/><E112/><V30/><F76/><W5/><G89/><N who="2" m="34409" /><F4/><W45/><G45/><T23/><D74/><U64/><E6/><V34/><F34/><W134/><G134/><T9/><D9/><U42/><E82/><V3/><F3/><W32/><G32/><T120/><REACH who="0" step="1"/><D23/><REACH who="0" ten="380,218,278,114" step="2"/><U98/><E33/><V40/><AGARI ba="2,1" hai="16,18,22,27,30,40,41,43,56,61,67" m="34409" machi="40" ten="30,4000,0" yaku="8,1,54,2" doraHai="131" who="2" fromWho="2" sc="380,-22,218,-12,278,56,114,-12" /><INIT seed="5,0,0,1,5,99" ten="358,206,334,102" oya="1" hai0="126,75,122,120,47,104,32,13,96,97,113,0,41" hai1="55,6,132,81,118,33,86,76,80,117,4,128,3" hai2="2,40,95,92,53,39,20,72,48,42,101,83,11" hai3="19,98,59,61,93,102,9,130,68,44,43,28,15"/><U51/><E128/><V65/><F65/><W49/><G68/><T71/><D0/><U135/><E33/><V84/><F72/><W29/><REACH who="3" step="1"/><G130/><REACH who="3" ten="358,206,334,92" step="2"/><T127/><D71/><U110/><E117/><V45/><F2/><W70/><G70/><T8/><D32/><U31/><E118/><V36/><F36/><W34/><G34/><T12/><D75/><U111/><E3/><V27/><F11/><W88/><G88/><T85/><D8/><U1/><E1/><V64/><F64/><AGARI ba="0,1" hai="9,15,19,28,29,43,44,49,59,61,64,93,98,102" machi="64" ten="30,7700,0" yaku="1,1,7,1,8,1,52,1,53,0" doraHai="99" doraHaiUra="100" who="3" fromWho="2" sc="358,0,206,0,334,-77,92,87" /><INIT seed="6,0,0,3,0,78" ten="358,206,257,179" oya="2" hai0="110,17,24,29,91,1,2,20,5,22,46,60,14" hai1="133,120,84,68,3,66,70,90,13,43,71,0,69" hai2="96,36,49,98,82,63,95,25,109,67,97,12,81" hai3="94,101,125,40,39,130,126,41,59,21,79,102,119"/><V35/><F36/><W129/><G119/><T99/><D110/><U93/><E133/><V42/><F109/><W47/><G40/><T118/><D118/><U127/><E127/><N who="3" m="48650" /><G79/><T92/><D5/><U55/><E120/><V26/><F95/><W134/><G134/><T121/><D121/><U45/><E55/><V11/><F49/><W28/><G94/><T16/><D17/><U89/><E89/><V123/><F42/><W19/><G28/><T112/><D112/><U88/><E90/><V108/><F108/><W37/><G59/><T111/><D111/><U131/><E131/><N who="3" m="50186" /><G39/><T103/><D46/><U33/><E33/><V132/><F132/><W10/><G10/><T8/><D8/><U15/><E66/><V86/><F123/><W23/><G23/><T9/><D9/><U64/><E64/><V105/><F105/><W76/><G76/><T62/><D103/><U56/><E56/><N who="2" m="37351" /><F35/><W52/><G52/><T116/><D116/><U6/><N who="1" m="17920" /><DORA hai="117" /><U74/><E74/><V135/><F135/><W48/><G48/><T73/><D73/><U30/><E30/><V72/><F72/><W104/><G104/><T58/><D62/><U80/><E93/><V57/><F57/><W32/><G32/><T124/><D124/><U34/><E34/><V106/><F106/><W38/><G38/><T107/><D107/><U54/><E54/><AGARI ba="0,0" hai="1,2,14,16,20,22,24,29,54,58,60,91,92,99" machi="54" ten="30,2000,0" yaku="7,1,54,1" doraHai="78,117" who="0" fromWho="1" sc="358,20,206,-20,257,0,179,0" /><INIT seed="7,0,0,3,2,48" ten="378,186,257,179" oya="3" hai0="59,19,116,39,121,112,3,103,72,9,31,26,125" hai1="4,119,122,79,110,34,126,52,105,120,111,130,106" hai2="66,35,115,23,118,58,65,80,12,57,91,86,73" hai3="45,124,16,20,32,127,0,107,56,17,2,97,123"/><W15/><G123/><N who="1" m="47146" /><E79/><V18/><F35/><W100/><G32/><T117/><D121/><U78/><E34/><V94/><F115/><W113/><G113/><T64/><D72/><U50/><E78/><V77/><F118/><W109/><G109/><N who="1" m="41482" /><E4/><V133/><F133/><W96/><G96/><T83/><D112/><U60/><E105/><V88/><F91/><W30/><G30/><T74/><D103/><U25/><E25/><V76/><F76/><W131/><G45/><T51/><D83/><U27/><E27/><V98/><F73/><W13/><G56/><AGARI ba="0,0" hai="12,18,23,56,57,58,65,66,77,80,86,88,94,98" machi="56" ten="40,2600,0" yaku="8,1,54,1" doraHai="48" who="2" fromWho="3" sc="378,0,186,0,257,26,179,-26" owari="378,48.0,186,-21.0,283,8.0,153,-35.0" /></mjloggm>