<mjloggm ver="2.3"><GO type="97" lobby="0"/><UN n0="%6B%69%6E%6E%74%79%6F%75" n1="%73%61%69%62%61%6E%65" n2="%E3%83%9E%E3%82%B8%E3%82%81" n3="%E5%B0%B1%E6%B4%BB%E7%94%9F%40%E5%B7%9D%E6%9D%91%E8%BB%8D%E5%9B%A3" dan="14,13,15,14" rate="1918.26,1881.28,2046.48,1927.58" sx="M,M,M,M"/><TAIKYOKU oya="0"/><INIT seed="0,0,0,0,3,33" ten="250,250,250,250" oya="0" hai0="93,100,49,32,132,76,89,85,102,73,29,111,135" hai1="72,51,107,114,122,22,95,129,47,130,70,133,5" hai2="42,14,123,58,77,112,97,48,9,37,128,45,92" hai3="19,61,41,103,65,3,30,8,17,131,35,134,117"/><T63/><D111/><U2/><E107/><V59/><F123/><W74/><G117/><T26/><D63/><U34/><E122/><V120/><F112/><W28/><G74/><T78/><D49/><U94/><E72/><V13/><F120/><W126/><G131/><N who="1" m="50186" /><E70/><V75/><F128/><W79/><G134/><N who="0" m="51243" /><D73/><U31/><E114/><V7/><F14/><W69/><G126/><T12/><D12/><U113/><E113/><V88/><REACH who="2" step="1"/><F37/><REACH who="2" ten="250,250,240,250" step="2"/><W27/><G3/><T56/><D56/><U64/><E2/><V124/><F124/><W104/><G69/><T80/><D80/><AGARI ba="0,1" hai="7,9,13,42,45,48,58,59,75,77,80,88,92,97" machi="80" ten="40,2600,0" yaku="1,1,54,1,53,0" doraHai="33" doraHaiUra="71" who="2" fromWho="0" sc="250,-26,250,0,240,36,250,0" /><INIT seed="1,0,0,0,1,5" ten="224,250,276,250" oya="1" hai0="134,8,112,41,27,107,73,110,124,46,65,12,127" hai1="23,2,31,117,93,81,9,90,47,25,97,48,98" hai2="125,104,102,69,52,120,63,101,6,123,103,78,133" hai3="75,86,15,114,55,111,95,77,62,99,135,84,45"/><U29/><E117/><V115/><F104/><W30/><G114/><T122/><D112/><U58/><E58/><V7/><F115/><W88/><G135/><T131/><D73/><U72/><E31/><V119/><F119/><W11/><G111/><T130/><D107/><U126/><E126/><N who="0" m="48169" /><D110/><U1/><E98/><V105/><F125/><W116/><G116/><T91/><D27/><U106/><E106/><V28/><F105/><W64/><G75/><T54/><D54/><U53/><REACH who="1" step="1"/><E9/><REACH who="1" ten="224,240,276,250" step="2"/><V44/><F133/><W14/><G30/><T19/><D134/><U24/><E24/><V85/><F28/><W109/><G109/><T26/><D122/><U42/><E42/><V17/><F69/><W96/><G96/><T67/><D26/><U132/><E132/><V10/><F123/><W40/><G40/><T3/><D3/><U87/><E87/><V16/><F120/><W66/><G84/><T118/><D118/><U39/><E39/><V129/><F10/><W79/><G99/><T61/><D61/><U74/><E74/><V43/><F63/><W35/><G35/><T37/><D91/><U18/><E18/><V56/><F17/><N who="3" m="8415" /><G15/><T108/><D108/><U57/><E57/><V51/><F16/><W32/><G32/><T76/><D76/><AGARI ba="0,1" hai="1,2,23,25,29,47,48,53,72,76,81,90,93,97" machi="76" ten="40,2000,0" yaku="1,1,53,0" doraHai="5" doraHaiUra="4" who="1" fromWho="0" sc="224,-20,240,30,276,0,250,0" /><INIT seed="1,1,0,2,5,19" ten="204,270,276,250" oya="1" hai0="1,124,87,76,113,119,91,71,33,74,99,100,39" hai1="82,88,16,50,59,18,78,37,42,130,26,133,121" hai2="29,94,14,49,69,97,56,96,36,7,128,89,27" hai3="81,77,12,118,109,120,127,32,17,105,115,63,103"/><U48/><E121/><V104/><F36/><W44/><G120/><T3/><D71/><U47/><E133/><V31/><F69/><W58/><G115/><T72/><D33/><U65/><E130/><V134/><F128/><W62/><G32/><T34/><D34/><U53/><E37/><V75/><F75/><W25/><G118/><T110/><D39/><U41/><E41/><V11/><F134/><W98/><G127/><T5/><D119/><U80/><E65/><V122/><F122/><W54/><G109/><T111/><D113/><U46/><E46/><V60/><F49/><W112/><G112/><T93/><D124/><U22/><E78/><V85/><F104/><W24/><G44/><T131/><D131/><U52/><E42/><V66/><REACH who="2" step="1"/><F31/><REACH who="2" ten="204,270,266,250" step="2"/><W28/><G28/><T6/><D74/><U108/><E108/><N who="0" m="41513" /><D72/><U106/><E106/><V61/><F61/><W135/><G63/><T129/><D129/><U10/><E88/><V64/><F64/><W132/><G132/><T79/><D79/><U126/><E126/><V86/><F86/><W4/><G135/><T23/><D76/><U35/><E35/><AGARI ba="1,1" hai="7,11,14,27,29,35,56,60,66,85,89,94,96,97" machi="35" ten="30,3900,0" yaku="1,1,7,1,53,1" doraHai="19" doraHaiUra="8" who="2" fromWho="1" sc="204,0,270,-42,266,52,250,0" /><INIT seed="2,0,0,0,1,34" ten="204,228,318,250" oya="2" hai0="72,86,5,58,106,41,70,29,82,43,81,38,27" hai1="103,59,130,95,127,123,79,78,2,129,20,7,83" hai2="48,90,85,109,49,110,64,80,13,124,77,21,134" hai3="18,113,74,117,19,92,111,84,12,75,122,53,11"/><V55/><F64/><W39/><G122/><T6/><D70/><U99/><E123/><V15/><F134/><W60/><G117/><T0/><D106/><U69/><E127/><V1/><F1/><W44/><G113/><T91/><D58/><U100/><E69/><V131/><F124/><W66/><G111/><N who="2" m="42505" /><F131/><N who="1" m="50185" /><E103/><V61/><F77/><W114/><G114/><T32/><D6/><U68/><E68/><V33/><F33/><W126/><G126/><T132/><D132/><U121/><E121/><V23/><F61/><W25/><G25/><T116/><D116/><U102/><E102/><V57/><F49/><W125/><G125/><T35/><D35/><U107/><E107/><V36/><F36/><W87/><G19/><T3/><D5/><U65/><E20/><AGARI ba="0,0" hai="13,15,20,21,23,48,55,57,80,85,90" m="42505" machi="20" ten="30,2900,0" yaku="14,1,10,1" doraHai="34" who="2" fromWho="1" sc="204,0,228,-29,318,29,250,0" /><INIT seed="2,1,0,4,3,12" ten="204,199,347,250" oya="2" hai0="89,6,7,53,40,112,99,134,35,62,1,87,65" hai1="25,17,52,5,127,70,24,128,94,73,78,4,44" hai2="51,117,36,63,75,54,124,34,97,43,42,3,113" hai3="115,59,96,10,49,13,39,30,69,82,105,133,2"/><V55/><F117/><W85/><G69/><T29/><D112/><U123/><E70/><V111/><F75/><W27/><G39/><T100/><D53/><U114/><E114/><V45/><F3/><W90/><G115/><T33/><D40/><U88/><E128/><V107/><F34/><W61/><G133/><T131/><D134/><U68/><E68/><V132/><F113/><W77/><G2/><T91/><D131/><U48/><E127/><V9/><F132/><W104/><G49/><T84/><D1/><U122/><E73/><V18/><F124/><W125/><G125/><T93/><D35/><U26/><E78/><V38/><F38/><W103/><G105/><T129/><D29/><U50/><E50/><V110/><F36/><W41/><G41/><T46/><D46/><U98/><REACH who="1" step="1"/><E17/><REACH who="1" ten="204,189,347,250" step="2"/><V20/><F43/><W79/><G79/><T31/><D129/><U108/><E108/><N who="2" m="41515" /><F63/><W14/><G77/><T86/><D31/><U71/><E71/><V118/><F118/><W121/><G121/><AGARI ba="1,1" hai="4,5,24,25,26,44,48,52,88,94,98,121,122,123" machi="121" ten="40,8000,1" yaku="1,1,13,1,54,2,53,0" doraHai="12" doraHaiUra="37" who="1" fromWho="3" sc="204,0,189,93,347,0,250,-83" /><INIT seed="3,0,0,1,4,121" ten="204,282,347,167" oya="3" hai0="105,70,112,134,62,102,88,14,90,36,8,32,0" hai1="40,83,58,71,30,53,76,57,2,34,35,18,29" hai2="109,45,42,98,92,119,4,7,51,127,66,59,19" hai3="68,80,54,81,87,75,101,56,123,93,125,15,9"/><W10/><G123/><T135/><D36/><U12/><E71/><V111/><F119/><W85/><G68/><T79/><D0/><U97/><E2/><V3/><F19/><W5/><G125/><T1/><D1/><U60/><E40/><V25/><F25/><W91/><G75/><T23/><D23/><U73/><E58/><V61/><F127/><W94/><G101/><T24/><D112/><U86/><E73/><V63/><F63/><W6/><G56/><T99/><D79/><U128/><E128/><V78/><F78/><W131/><G131/><T110/><D110/><N who="2" m="41994" /><F3/><W16/><G54/><T126/><D126/><U64/><E53/><V31/><F31/><W48/><G48/><T50/><D50/><U49/><E60/><V22/><F22/><W124/><G124/><T122/><D122/><U65/><E49/><V74/><F74/><W72/><G72/><T52/><D70/><U39/><E76/><V114/><F114/><W129/><G129/><T41/><D41/><U67/><E29/><V130/><F130/><W96/><G96/><T21/><D32/><U89/><E97/><V37/><F37/><W17/><REACH who="3" step="1"/><G15/><REACH who="3" ten="204,282,347,157" step="2"/><T33/><D14/><U47/><E12/><V82/><F82/><W26/><G26/><T132/><D24/><U84/><E39/><V115/><F115/><W69/><G69/><T43/><D52/><U28/><E34/><V100/><AGARI ba="0,1" hai="4,7,42,45,51,59,61,66,92,98,100" m="41994" machi="100" ten="30,7900,0" yaku="14,1,52,3" doraHai="121" who="2" fromWho="2" sc="204,-20,282,-20,347,89,157,-39" owari="184,-22.0,262,6.0,436,54.0,118,-38.0" /></mjloggm>