<mjloggm ver="2.3"><GO type="41" lobby="0"/><UN n0="%E5%B0%B1%E6%B4%BB%E7%94%9F%40%E5%B7%9D%E6%9D%91%E8%BB%8D%E5%9B%A3" n1="%52%6F%6D%6F%39%39%39%39" n2="%E3%82%B9%E3%83%88%E3%83%91%E3%83%B3%E7%B4%B3%E5%A3%AB" n3="%E5%90%8D%E7%84%A1%E3%81%97%EF%BC%A0%E5%B7%9D%E6%9D%91%E8%BB%8D%E5%9B%A3" dan="15,14,15,14" rate="2003.21,1926.63,1922.42,1958.13" sx="M,M,F,M"/><TAIKYOKU oya="0"/><INIT seed="0,0,0,5,4,88" ten="250,250,250,250" oya="0" hai0="7,129,33,44,23,2,134,110,10,6,97,131,98" hai1="56,81,25,64,1,43,90,96,112,118,20,116,91" hai2="60,39,69,22,83,117,53,122,21,4,86,40,75" hai3="59,50,55,71,65,29,105,119,95,17,111,14,106"/><T16/><D33/><U113/><E1/><V79/><F122/><W92/><G119/><T125/><D125/><U80/><E43/><V8/><F117/><W109/><G29/><T123/><D123/><U127/><E127/><V41/><F41/><W74/><G74/><T19/><D134/><U115/><E118/><V70/><F86/><W24/><G24/><T5/><D110/><N who="3" m="41993" /><G65/><T120/><D120/><U133/><E133/><V78/><F78/><W42/><G42/><T94/><D97/><U15/><E15/><V13/><F53/><W132/><G71/><T87/><D87/><U130/><E130/><N who="0" m="49673" /><D44/><U35/><E35/><V101/><F101/><W34/><G34/><T104/><D104/><N who="3" m="40041" /><G132/><T85/><D85/><U93/><E90/><V67/><F70/><W68/><G68/><T82/><D82/><U37/><E37/><V26/><F26/><W0/><G0/><T45/><D45/><U135/><E135/><V51/><F51/><W11/><AGARI ba="0,0" hai="11,14,17,50,55,59,92,95" m="40041,41993" machi="11" ten="30,4000,0" yaku="14,1,52,2" doraHai="88" who="3" fromWho="3" sc="250,-20,250,-10,250,-10,250,40" /><INIT seed="1,0,0,1,0,44" ten="230,240,240,290" oya="1" hai0="77,54,121,35,79,98,8,113,101,18,27,80,123" hai1="0,69,65,127,73,3,126,114,82,76,97,89,58" hai2="32,70,16,104,62,132,81,93,43,10,112,61,72" hai3="125,5,56,108,83,92,4,85,15,45,42,64,99"/><U24/><E114/><V119/><F104/><W39/><G108/><T51/><D113/><U21/><E69/><V87/><F32/><W48/><G125/><T100/><D35/><U12/><E12/><V34/><F119/><W30/><G30/><T128/><D128/><U88/><E65/><V60/><F70/><W129/><G129/><T11/><D101/><U133/><E58/><V109/><F112/><W46/><G64/><T95/><D11/><U49/><E49/><V131/><F131/><W41/><G56/><T9/><D9/><U111/><E133/><V25/><F132/><W17/><G92/><T71/><D71/><U22/><E22/><N who="2" m="13511" /><F34/><W37/><G99/><T2/><D79/><U19/><E111/><V1/><F72/><W105/><G105/><T53/><D53/><U122/><E122/><V102/><F1/><W90/><REACH who="3" step="1"/><G37/><REACH who="3" ten="230,240,240,280" step="2"/><T29/><D121/><U107/><E127/><V6/><F109/><W7/><G7/><T75/><D123/><U20/><E126/><V103/><F6/><W66/><G66/><T63/><D63/><U50/><E107/><V84/><F93/><W106/><G106/><T28/><D2/><U91/><E97/><V52/><F62/><W120/><G120/><T134/><D134/><U96/><E96/><V124/><F61/><W14/><G14/><T74/><D27/><U31/><E3/><V130/><F124/><W57/><G57/><T110/><D110/><U68/><E0/><V117/><F130/><W67/><G67/><T116/><D95/><U40/><E68/><V33/><F60/><W13/><G13/><RYUUKYOKU ba="0,1" sc="230,-10,240,-10,240,-10,280,30" hai3="4,5,15,17,39,41,42,45,46,48,83,85,90" /><INIT seed="2,1,1,4,4,69" ten="220,230,230,310" oya="2" hai0="29,61,19,86,38,41,27,80,78,0,6,118,129" hai1="109,65,51,50,125,96,3,2,9,131,5,128,107" hai2="10,89,21,73,91,43,23,62,87,77,100,58,36" hai3="57,31,37,24,48,106,116,112,66,60,1,103,15"/><V30/><F73/><W39/><G116/><T114/><D118/><U25/><E65/><V84/><F100/><W85/><G1/><T90/><D114/><U52/><E109/><V18/><F30/><W47/><G112/><T70/><D129/><U17/><E125/><V53/><F77/><W11/><G106/><T93/><D19/><U44/><E3/><V14/><F43/><W4/><G103/><T71/><D61/><U102/><E51/><V92/><REACH who="2" step="1"/><F36/><REACH who="2" ten="220,230,220,310" step="2"/><W59/><G39/><T135/><D41/><U110/><E110/><V130/><F130/><W97/><G37/><T55/><D38/><U127/><E127/><V22/><F22/><W76/><G31/><T7/><D135/><U98/><E131/><V101/><F101/><W42/><G42/><T82/><D78/><U124/><E128/><V132/><F132/><W88/><G76/><T67/><D29/><U12/><E124/><V83/><AGARI ba="1,2" hai="10,14,18,21,23,53,58,62,83,84,87,89,91,92" machi="83" ten="20,7800,0" yaku="1,1,0,1,7,1,8,1,53,0" doraHai="69" doraHaiUra="34" who="2" fromWho="2" sc="220,-27,230,-27,220,101,310,-27" /><INIT seed="2,2,0,4,3,19" ten="193,203,321,283" oya="2" hai0="75,27,5,3,13,66,95,113,15,133,105,100,125" hai1="10,48,80,129,56,127,116,109,69,76,122,22,18" hai2="34,21,78,103,9,88,32,1,11,60,46,123,62" hai3="45,4,39,54,130,17,104,53,25,44,84,131,119"/><V90/><F123/><W102/><G119/><T114/><D105/><U92/><E69/><V58/><F32/><W71/><G71/><T65/><D75/><U28/><E116/><V128/><F34/><W82/><G4/><T16/><D133/><U72/><E122/><V50/><F1/><W64/><G64/><T115/><D125/><U40/><E127/><V59/><F128/><N who="3" m="49195" /><G104/><T2/><D27/><U63/><E109/><V41/><F78/><N who="3" m="46167" /><G102/><T74/><D74/><U12/><E129/><V57/><F103/><W68/><G68/><T47/><D47/><N who="3" m="17993" /><G39/><T94/><D5/><U30/><E92/><V52/><F21/><AGARI ba="2,0" hai="17,21,25,53,54" m="17993,46167,49195" machi="21" ten="30,2000,0" yaku="19,1,52,1" doraHai="19" who="3" fromWho="2" sc="193,0,203,0,321,-26,283,26" /><INIT seed="3,0,0,3,1,44" ten="193,203,295,309" oya="3" hai0="77,53,89,125,111,103,33,27,62,110,28,87,25" hai1="131,31,108,47,66,120,102,132,54,39,60,46,128" hai2="130,41,6,38,50,101,59,35,48,112,16,68,93" hai3="64,71,23,126,22,26,134,63,61,5,8,29,51"/><W114/><G114/><T14/><D125/><U115/><E115/><V96/><F68/><W81/><G126/><T88/><D103/><U45/><E102/><V69/><F69/><W109/><G134/><T0/><D0/><U106/><E106/><V18/><F112/><W57/><G109/><N who="0" m="41483" /><D27/><U121/><E31/><V2/><F38/><W119/><G119/><T122/><D122/><N who="1" m="47211" /><E132/><V20/><F35/><W30/><G81/><N who="0" m="47535" /><D14/><U75/><E75/><V116/><F116/><W58/><G30/><T83/><D83/><U107/><E107/><V117/><F130/><N who="1" m="49705" /><E108/><V133/><F133/><W70/><G23/><T55/><D62/><U15/><E15/><V67/><F20/><W79/><G79/><T86/><D86/><U32/><E32/><V7/><F117/><W123/><G123/><T98/><D98/><U17/><E17/><V3/><F16/><W4/><G4/><T34/><D34/><U40/><E54/><AGARI ba="0,0" hai="25,28,33,53,54,55,88,89" m="47535,41483" machi="54" ten="30,2000,0" yaku="14,1,54,1" doraHai="44" who="0" fromWho="1" sc="193,20,203,-20,295,0,309,0" /><INIT seed="4,0,0,1,3,12" ten="213,183,295,309" oya="0" hai0="120,7,80,22,118,84,125,74,8,5,18,16,78" hai1="109,28,72,70,60,101,64,99,36,66,35,51,100" hai2="15,69,57,30,119,94,71,117,126,82,104,49,62" hai3="135,76,127,1,88,55,130,132,83,26,67,17,44"/><T4/><D120/><U6/><E36/><V40/><F104/><W73/><G1/><T25/><D118/><N who="2" m="45066" /><F126/><W48/><G67/><T41/><D125/><U23/><E109/><V58/><F94/><W116/><G116/><T13/><REACH who="0" step="1"/><D41/><REACH who="0" ten="203,183,295,309" step="2"/><U39/><E72/><AGARI ba="0,1" hai="4,5,7,8,13,16,18,22,25,72,74,78,80,84" machi="72" ten="40,18000,2" yaku="1,1,2,1,52,2,54,1,53,2" doraHai="12" doraHaiUra="107" who="0" fromWho="1" sc="203,190,183,-180,295,0,309,0" /><INIT seed="4,1,0,2,3,59" ten="393,3,295,309" oya="0" hai0="72,105,29,18,58,47,7,70,118,42,68,19,26" hai1="10,53,99,67,33,64,80,93,60,6,25,0,124" hai2="81,98,30,9,90,129,51,121,2,40,21,123,75" hai3="88,115,110,107,1,86,17,52,96,74,100,4,122"/><T127/><D118/><U37/><E37/><V135/><F129/><W131/><G110/><T38/><D105/><U23/><E124/><V32/><F32/><W111/><G111/><T41/><D127/><U50/><E33/><V104/><F135/><W89/><G115/><T94/><D72/><U87/><E67/><V35/><F35/><W134/><G134/><T45/><D7/><U28/><E50/><V130/><F130/><W119/><G119/><T76/><D76/><U12/><E53/><V132/><F132/><W78/><G122/><T112/><D112/><U103/><E0/><V5/><F40/><W113/><G113/><T8/><D58/><U43/><E43/><V13/><F51/><W3/><G4/><T49/><D94/><U97/><E97/><V15/><F15/><W56/><G89/><T22/><D8/><U34/><E34/><V85/><F75/><W31/><G31/><T48/><D38/><U39/><E39/><V120/><F2/><W65/><G65/><T125/><REACH who="0" step="1"/><D125/><REACH who="0" ten="383,3,295,309" step="2"/><U82/><E87/><V91/><F121/><W63/><G131/><T116/><D116/><U27/><E27/><N who="2" m="16751" /><F120/><W11/><G11/><T102/><D102/><U71/><AGARI ba="1,1" hai="6,10,12,23,25,28,60,64,71,80,82,93,99,103" machi="71" ten="20,2700,0" yaku="0,1,7,1,52,1" doraHai="59" who="1" fromWho="1" sc="383,-14,3,40,295,-8,309,-8" /><INIT seed="5,0,0,2,2,99" ten="369,43,287,301" oya="1" hai0="132,63,80,107,37,43,23,91,15,106,33,56,126" hai1="98,118,73,112,4,97,100,117,29,68,92,133,113" hai2="64,53,110,115,76,28,21,35,3,65,105,20,58" hai3="104,85,109,60,22,5,1,10,134,6,89,31,26"/><U40/><E68/><V52/><F3/><W72/><G72/><T121/><D33/><U94/><E73/><V116/><F116/><N who="1" m="44649" /><E40/><V128/><F110/><W25/><G109/><T103/><D121/><U13/><E29/><V18/><F35/><W86/><G134/><T39/><D132/><U75/><E133/><V12/><F128/><W67/><G104/><T41/><D126/><U32/><E32/><V114/><F105/><W77/><G77/><T129/><D129/><U87/><E75/><V130/><F130/><W14/><G86/><N who="0" m="50631" /><D39/><U49/><E49/><V36/><F76/><W78/><G78/><T119/><D107/><U55/><E55/><N who="2" m="21067" /><F36/><W46/><G46/><T101/><D106/><U27/><E27/><N who="2" m="16487" /><F58/><W0/><G26/><T69/><D69/><U59/><E87/><V66/><F114/><N who="1" m="44137" /><E59/><V95/><F115/><W88/><G60/><T57/><D37/><U30/><E30/><V51/><F51/><W125/><G67/><N who="0" m="39399" /><D57/><U7/><E13/><V71/><F71/><W61/><G61/><T38/><D38/><U44/><E44/><V82/><F66/><W83/><G85/><T50/><D119/><U62/><E62/><V127/><F127/><W47/><G125/><T70/><D70/><U135/><E135/><V124/><F124/><W79/><G47/><N who="0" m="25967" /><D43/><U93/><E98/><V81/><F65/><W54/><G54/><T90/><D90/><U48/><E48/><V108/><F64/><W24/><G89/><T45/><D45/><U74/><E74/><V120/><F108/><W131/><G88/><T19/><AGARI ba="0,0" hai="15,19,23,101,103" m="25967,39399,50631" machi="19" ten="30,4000,0" yaku="8,1,52,2" doraHai="99" who="0" fromWho="0" sc="369,40,43,-20,287,-10,301,-10" /><INIT seed="6,0,0,3,3,5" ten="409,23,277,291" oya="2" hai0="70,42,110,88,61,52,72,79,24,36,135,112,60" hai1="93,82,133,76,7,58,75,128,8,31,134,113,15" hai2="49,23,132,130,84,111,16,57,71,28,9,46,87" hai3="47,101,19,21,40,18,41,32,26,73,43,48,100"/><V66/><F71/><W114/><G73/><T17/><D110/><U25/><E113/><V12/><F111/><W95/><G32/><T34/><D135/><U78/><E128/><V115/><F130/><W39/><G39/><T129/><D129/><U122/><E122/><V126/><F132/><W125/><G125/><T98/><D112/><U104/><E134/><V107/><F126/><W30/><G114/><T56/><D72/><U50/><E133/><V64/><F115/><W86/><G101/><T74/><D74/><U13/><E104/><V106/><F107/><W67/><G67/><T96/><D79/><U44/><E58/><V97/><F106/><W10/><G30/><T90/><D36/><U22/><E78/><V91/><F97/><W81/><G100/><T0/><D0/><U20/><E93/><V38/><F38/><W37/><G95/><T35/><D42/><U54/><REACH who="1" step="1"/><E13/><REACH who="1" ten="409,13,277,291" step="2"/><N who="2" m="9615" /><F57/><W89/><G37/><T59/><D70/><U6/><E6/><N who="2" m="3127" /><F28/><W62/><G62/><T80/><D80/><U127/><E127/><V2/><F2/><W102/><G102/><T131/><D131/><U45/><E45/><V69/><F69/><W55/><G19/><T124/><D124/><U33/><AGARI ba="0,1" hai="7,8,15,20,22,25,31,33,44,50,54,75,76,82" machi="33" ten="20,5200,0" yaku="1,1,0,1,7,1,52,1,53,0" doraHai="5" doraHaiUra="99" who="1" fromWho="1" sc="409,-13,13,62,277,-26,291,-13" /><INIT seed="7,0,0,4,1,63" ten="396,75,251,278" oya="3" hai0="41,91,33,32,77,14,115,97,51,103,28,30,59" hai1="72,39,124,76,40,50,126,78,61,83,9,135,13" hai2="7,105,88,57,129,58,117,46,94,99,47,122,101" hai3="27,36,69,79,132,93,35,37,16,1,109,3,119"/><W6/><G119/><T73/><D115/><U118/><E118/><V86/><F117/><W66/><G79/><T70/><D70/><U84/><E39/><V19/><F7/><W64/><G69/><T100/><D73/><U18/><E135/><V75/><F75/><W98/><G132/><T60/><D77/><U108/><E108/><V120/><F129/><W15/><G109/><T125/><D125/><U130/><E130/><V89/><F19/><W4/><G37/><T71/><D71/><U116/><E116/><V106/><F106/><W62/><G62/><T112/><D112/><U20/><E126/><V31/><F31/><N who="3" m="19967" /><G4/><T81/><D14/><U111/><E111/><V121/><F89/><N who="3" m="55599" /><G36/><T26/><D51/><U87/><E124/><V43/><F43/><W74/><G74/><T134/><D41/><U92/><E72/><V67/><F67/><W44/><G44/><AGARI ba="0,0" hai="44,46,47,57,58,86,88,94,99,101,105,120,121,122" machi="44" ten="40,2600,0" yaku="13,1,54,1" doraHai="63" who="2" fromWho="3" sc="396,0,75,0,251,26,278,-26" owari="396,49.0,75,-42.0,277,8.0,252,-15.0" /></mjloggm>