<mjloggm ver="2.3"><GO type="97" lobby="0"/><UN n0="%74%6F%69%69%74%75" n1="%E5%85%BC%E6%A5%AD%E8%BE%B2%E5%AE%B6" n2="%E5%B0%B1%E6%B4%BB%E7%94%9F%40%E5%B7%9D%E6%9D%91%E8%BB%8D%E5%9B%A3" n3="%E8%B1%9A%E3%81%AE%E4%B8%B8%E7%84%BC%E3%81%8D" dan="14,15,14,13" rate="1914.72,2007.17,1914.07,1904.22" sx="M,M,M,M"/><TAIKYOKU oya="0"/><INIT seed="0,0,0,1,1,120" ten="250,250,250,250" oya="0" hai0="14,134,72,18,48,36,87,69,45,104,105,40,32" hai1="74,39,53,1,91,125,133,130,10,43,59,4,64" hai2="117,97,103,33,102,78,27,75,26,22,57,80,29" hai3="122,81,108,2,17,54,67,135,5,84,86,98,73"/><T46/><D72/><U42/><E74/><V19/><F117/><W109/><G73/><T66/><D134/><U113/><E133/><V12/><F97/><W65/><G135/><T31/><D87/><N who="3" m="33321" /><G81/><T94/><D94/><U90/><E130/><V3/><F3/><W93/><G122/><T68/><D32/><U79/><E125/><V34/><REACH who="2" step="1"/><F57/><REACH who="2" ten="250,250,240,250" step="2"/><W30/><G30/><AGARI ba="0,1" hai="12,19,22,26,27,29,30,33,34,75,78,80,102,103" machi="30" ten="40,8000,1" yaku="1,1,2,1,9,1,53,1" doraHai="120" doraHaiUra="77" who="2" fromWho="3" sc="250,0,250,0,240,90,250,-80" /><INIT seed="1,0,0,2,2,77" ten="250,250,330,170" oya="1" hai0="61,13,33,94,44,101,42,78,5,86,1,106,98" hai1="60,23,11,118,115,38,69,99,22,100,82,92,87" hai2="54,40,63,88,21,59,4,125,7,107,117,75,29" hai3="80,108,66,128,102,47,83,112,72,116,3,45,8"/><U84/><E118/><V6/><F107/><W28/><G112/><T55/><D1/><U34/><E115/><V58/><F75/><W74/><G3/><T43/><D33/><U35/><E38/><V64/><F125/><W24/><G8/><N who="0" m="4239" /><D106/><U71/><E11/><V121/><F121/><W76/><G102/><T79/><D61/><U32/><E84/><V19/><F29/><W25/><G66/><T16/><D16/><U131/><E131/><V105/><F105/><W122/><G76/><N who="0" m="29227" /><D86/><U90/><REACH who="1" step="1"/><E60/><REACH who="1" ten="250,240,330,170" step="2"/><N who="2" m="35927" /><F117/><W91/><G91/><T15/><D15/><U26/><E26/><N who="3" m="10346" /><G116/><T104/><D104/><U133/><E133/><V123/><F88/><W12/><G12/><T57/><D101/><U95/><E95/><V17/><F123/><W20/><G20/><AGARI ba="0,1" hai="20,22,23,32,34,35,69,71,82,87,90,92,99,100" machi="20" ten="40,3900,0" yaku="1,1,52,1,53,0" doraHai="77" doraHaiUra="68" who="1" fromWho="3" sc="250,0,240,49,330,0,170,-39" /><INIT seed="1,1,0,3,0,4" ten="250,289,330,131" oya="1" hai0="17,22,109,15,14,0,31,7,85,114,30,123,16" hai1="29,76,102,18,97,62,78,96,90,130,54,107,63" hai2="33,65,68,19,111,52,47,128,91,56,69,26,20" hai3="79,73,6,53,71,11,100,93,48,32,126,101,124"/><U131/><E29/><N who="0" m="10761" /><D85/><U34/><E34/><V42/><F33/><W38/><G32/><T121/><D114/><U37/><E37/><V46/><F111/><W117/><G71/><T110/><D0/><U39/><E39/><V98/><F128/><N who="1" m="49193" /><E18/><V72/><F72/><W58/><G38/><T87/><D7/><U64/><E54/><V89/><F65/><W125/><G117/><T66/><D66/><U59/><E63/><N who="2" m="36231" /><F91/><W112/><G112/><T118/><D87/><U135/><E135/><V43/><F69/><W36/><G36/><T99/><D118/><U95/><AGARI ba="1,0" hai="59,62,64,76,78,90,95,96,97,102,107" m="49193" machi="95" ten="30,1500,0" yaku="19,1" doraHai="4" who="1" fromWho="1" sc="250,-6,289,18,330,-6,131,-6" /><INIT seed="1,2,0,4,1,38" ten="244,307,324,125" oya="1" hai0="41,57,59,9,19,118,49,37,23,18,79,58,27" hai1="94,134,29,43,54,68,36,115,82,121,120,116,14" hai2="60,101,99,84,70,39,51,26,42,93,45,98,81" hai3="40,69,8,129,52,86,117,112,12,104,114,67,91"/><U13/><E116/><V11/><F39/><W55/><G104/><T109/><D109/><U119/><E119/><V32/><F11/><W25/><G117/><T5/><D118/><U0/><E115/><V76/><F98/><W44/><G129/><T16/><D37/><U97/><E0/><V72/><F70/><W46/><G25/><T24/><D79/><U95/><E68/><V107/><F60/><W31/><G31/><T123/><D123/><U111/><E29/><V74/><F32/><W110/><G110/><T130/><D23/><U30/><E111/><V71/><F71/><W34/><G34/><T75/><D75/><U96/><E30/><V126/><F26/><W135/><G135/><T53/><D130/><U6/><E134/><V127/><REACH who="2" step="1"/><F107/><REACH who="2" ten="244,307,314,125" step="2"/><W28/><G28/><T56/><REACH who="0" step="1"/><D41/><REACH who="0" ten="234,307,314,125" step="2"/><U85/><E43/><V4/><F4/><W64/><G114/><T65/><D65/><U78/><E6/><V88/><F88/><W128/><G112/><T87/><D87/><U1/><E85/><V90/><F90/><W33/><G33/><T124/><D124/><AGARI ba="2,2" hai="42,45,51,72,74,76,81,84,93,99,101,124,126,127" machi="124" ten="40,8000,1" yaku="1,1,18,1,52,1,53,1" doraHai="38" doraHaiUra="89" who="2" fromWho="0" sc="234,-86,307,0,314,106,125,0" /><INIT seed="2,0,0,4,5,25" ten="148,307,420,125" oya="2" hai0="102,71,30,26,21,52,67,12,0,111,3,56,118" hai1="125,90,42,57,109,77,23,130,88,43,105,68,107" hai2="129,45,50,27,47,82,1,123,18,134,49,2,7" hai3="46,55,14,5,8,114,6,19,58,128,120,36,91"/><V100/><F123/><W66/><G120/><T51/><D111/><U54/><E68/><V15/><F129/><W79/><G128/><T37/><D37/><U115/><E130/><V81/><F134/><W41/><G114/><T76/><D118/><U64/><E115/><V132/><F132/><W31/><G66/><T124/><D124/><U4/><E125/><V35/><F100/><W80/><G91/><T39/><D39/><U9/><E64/><V126/><F126/><W59/><G59/><T96/><D76/><U85/><E109/><V34/><F27/><W53/><G53/><T122/><D122/><U40/><E77/><V61/><F61/><W101/><G101/><T131/><D131/><U104/><E23/><V33/><F7/><W98/><G98/><T116/><D12/><U48/><REACH who="1" step="1"/><E85/><REACH who="1" ten="148,297,420,125" step="2"/><V17/><F35/><W87/><REACH who="3" step="1"/><G31/><REACH who="3" ten="148,297,420,115" step="2"/><N who="0" m="17871" /><D67/><U92/><E92/><V10/><F81/><W29/><G29/><T13/><D30/><U60/><E60/><AGARI ba="0,2" hai="5,6,8,14,19,36,41,46,55,58,60,79,80,87" machi="60" ten="30,2000,0" yaku="1,1,7,1,53,0" doraHai="25" doraHaiUra="99" who="3" fromWho="1" sc="148,0,297,-20,420,0,115,40" /><INIT seed="3,0,0,2,0,21" ten="148,277,420,155" oya="3" hai0="33,16,56,68,4,37,67,48,87,82,28,14,132" hai1="114,39,62,18,104,113,0,45,92,97,75,63,96" hai2="88,126,10,3,106,117,8,105,22,31,25,58,98" hai3="123,15,41,84,100,91,30,38,61,12,1,94,81"/><W66/><G123/><T76/><D37/><U43/><E0/><V131/><F117/><W119/><G1/><T102/><D68/><U40/><E75/><V128/><F126/><W57/><G119/><T72/><D4/><U101/><E18/><V49/><F3/><W24/><G38/><T108/><D132/><U127/><E127/><V55/><F105/><W35/><G41/><T11/><D108/><U86/><E86/><V59/><F59/><W133/><G133/><T125/><D125/><U124/><E124/><V36/><F36/><W2/><G2/><T121/><D121/><U85/><E85/><V99/><F99/><W78/><REACH who="3" step="1"/><G100/><REACH who="3" ten="148,277,420,145" step="2"/><T52/><D102/><U51/><E40/><V69/><F131/><W50/><G50/><T122/><D122/><U5/><E39/><V109/><F109/><W90/><G90/><T29/><D67/><U26/><E113/><V103/><F128/><W130/><G130/><T89/><REACH who="0" step="1"/><D33/><REACH who="0" ten="138,277,420,145" step="2"/><U20/><E114/><V111/><F103/><W95/><G95/><AGARI ba="0,2" hai="11,14,16,28,29,48,52,56,72,76,82,87,89,95" machi="95" ten="30,12000,2" yaku="1,1,2,1,7,1,54,2,53,1" doraHai="21" doraHaiUra="13" who="0" fromWho="3" sc="138,140,277,0,420,0,145,-120" owari="278,8.0,277,-12.0,420,51.0,25,-47.0" /></mjloggm>