<mjloggm ver="2.3"><GO type="41" lobby="0"/><UN n0="%E3%82%AD%E3%83%A9%E3%83%BC%E3%83%9E%E3%82%B8%E3%83%B3%E3%82%AC%E6%A7%98" n1="%E6%B3%95%E9%9C%8A%E5%B4%8E" n2="%E9%BB%92%E3%81%AE%E6%97%8B%E9%A2%A8" n3="%E5%B0%B1%E6%B4%BB%E7%94%9F%40%E5%B7%9D%E6%9D%91%E8%BB%8D%E5%9B%A3" dan="15,14,15,14" rate="1976.05,1961.68,1997.56,1992.36" sx="M,M,M,M"/><TAIKYOKU oya="0"/><INIT seed="0,0,0,5,5,75" ten="250,250,250,250" oya="0" hai0="106,17,36,14,35,94,18,3,122,57,51,42,81" hai1="50,86,54,33,25,125,21,101,70,52,59,41,78" hai2="55,132,135,127,93,82,11,134,128,62,111,69,96" hai3="47,90,88,4,110,66,109,89,34,87,120,23,63"/><T44/><D106/><U19/><E70/><V76/><F111/><N who="3" m="42507" /><G120/><T80/><D3/><U114/><E101/><V37/><F37/><W73/><G73/><T32/><D122/><U64/><E33/><V29/><F128/><W121/><G121/><T65/><D94/><U58/><E125/><V119/><F119/><W12/><G34/><T24/><D35/><U27/><E64/><V104/><F104/><W124/><G124/><T103/><D103/><U83/><E114/><V105/><F105/><W2/><G2/><T28/><D18/><U56/><REACH who="1" step="1"/><E27/><REACH who="1" ten="250,240,250,250" step="2"/><V68/><F68/><N who="3" m="42079" /><G47/><AGARI ba="0,1" hai="19,21,25,41,47,50,52,54,56,58,59,78,83,86" machi="47" ten="40,8000,1" yaku="1,1,8,1,52,1,54,1,53,1" doraHai="75" doraHaiUra="43" who="1" fromWho="3" sc="250,0,240,90,250,0,250,-80" /><INIT seed="1,0,0,0,5,27" ten="250,330,250,170" oya="1" hai0="94,133,79,87,60,56,74,135,83,25,9,95,44" hai1="109,124,111,51,120,45,118,130,131,125,24,126,121" hai2="39,14,34,108,107,89,116,132,129,23,17,62,21" hai3="42,102,98,19,52,128,77,28,69,5,92,99,15"/><U41/><E118/><V7/><F116/><W35/><G69/><T37/><D9/><U68/><E68/><V40/><F107/><W57/><G128/><N who="1" m="49194" /><E24/><V63/><F129/><W114/><G114/><T112/><D112/><U134/><E134/><N who="0" m="51209" /><D74/><U113/><E113/><V88/><F34/><W26/><G5/><T11/><D11/><U10/><E10/><V54/><F39/><W78/><G42/><N who="0" m="22607" /><D25/><U32/><E32/><V46/><F40/><W33/><G99/><T22/><D22/><U31/><E31/><V106/><F106/><W30/><G30/><T20/><D20/><U48/><E51/><N who="2" m="29047" /><F7/><W6/><G6/><T80/><D83/><U29/><E29/><V117/><F117/><W67/><G35/><T101/><D101/><U72/><E72/><V53/><F132/><W96/><G96/><T8/><D8/><U38/><E38/><V84/><F23/><N who="3" m="15455" /><G67/><AGARI ba="0,0" hai="56,60,67,79,80,87,94,95" m="22607,51209" machi="67" ten="30,1000,0" yaku="20,1" doraHai="27" who="0" fromWho="3" sc="250,10,330,0,250,0,170,-10" /><INIT seed="2,0,0,3,2,23" ten="260,330,250,160" oya="2" hai0="88,69,82,76,115,75,108,111,114,17,124,21,31" hai1="79,95,27,25,83,39,72,80,40,93,89,28,57" hai2="38,19,37,107,9,131,102,130,121,1,34,109,106" hai3="86,10,112,41,49,4,35,32,84,85,65,16,73"/><V119/><F119/><W47/><G73/><T56/><D69/><U105/><E105/><N who="2" m="39947" /><F121/><W52/><G112/><T71/><D71/><U12/><E39/><N who="2" m="14859" /><F19/><W101/><G101/><T133/><D133/><U54/><E40/><V127/><F102/><W91/><G65/><T18/><D124/><U6/><E28/><V42/><F42/><W126/><G126/><T29/><D56/><U104/><E104/><V0/><F127/><W92/><G41/><T2/><D2/><N who="2" m="1130" /><F9/><W7/><G35/><T123/><D123/><U24/><E89/><V132/><F34/><W44/><G44/><T94/><D17/><U33/><E33/><V67/><F67/><W128/><G32/><T98/><D114/><U78/><E72/><V45/><F45/><W51/><G51/><T97/><D115/><U103/><E103/><V36/><N who="2" m="14867" /><V63/><DORA hai="70" /><F63/><W64/><G64/><T96/><D18/><U90/><E6/><V122/><F122/><W99/><REACH who="3" step="1"/><G128/><REACH who="3" ten="260,330,250,150" step="2"/><N who="2" m="49193" /><F109/><W81/><G81/><T43/><D43/><U46/><E80/><V22/><F22/><W55/><G55/><T30/><D21/><U13/><E46/><V15/><F15/><AGARI ba="0,1" hai="4,7,10,15,16,47,49,52,84,85,86,91,92,99" machi="15" ten="40,12000,2" yaku="1,1,8,1,54,2,53,2" doraHai="23,70" doraHaiUra="5,87" who="3" fromWho="2" sc="260,0,330,0,250,-120,150,130" /><INIT seed="3,0,0,0,4,110" ten="260,330,130,280" oya="3" hai0="125,100,95,68,97,69,81,112,118,63,50,36,80" hai1="92,84,102,9,31,133,46,52,29,103,90,62,107" hai2="87,54,82,56,44,91,25,60,108,6,47,37,61" hai3="99,98,26,30,51,88,27,21,7,16,0,114,33"/><W77/><G114/><T79/><D118/><U106/><E107/><V14/><F108/><W96/><G77/><T85/><D36/><U121/><E106/><V57/><F37/><W129/><G129/><T28/><D125/><U55/><E121/><V119/><F119/><W66/><G66/><T65/><D28/><N who="1" m="10827" /><E133/><V11/><REACH who="2" step="1"/><F25/><REACH who="2" ten="260,330,120,280" step="2"/><W93/><G0/><T34/><D112/><U20/><E20/><V130/><F130/><W48/><REACH who="3" step="1"/><G7/><REACH who="3" ten="260,330,120,270" step="2"/><T86/><D34/><U71/><E71/><V117/><F117/><W4/><G4/><T40/><D69/><U101/><E9/><V124/><F124/><W128/><G128/><T2/><D2/><U3/><E3/><V75/><F75/><W76/><G76/><T131/><D131/><U45/><E55/><AGARI ba="0,2" hai="6,11,14,44,47,54,55,56,57,60,61,82,87,91" machi="55" ten="30,7700,0" yaku="1,1,7,1,9,1,8,1,53,0" doraHai="110" doraHaiUra="104" who="2" fromWho="1" sc="260,0,330,-77,120,97,270,0" /><INIT seed="4,0,0,4,0,57" ten="260,253,217,270" oya="0" hai0="47,7,74,130,70,49,82,124,123,29,9,33,112" hai1="75,35,85,55,105,65,100,46,22,58,64,0,51" hai2="125,91,104,80,71,128,14,40,8,37,81,20,131" hai3="54,126,68,28,107,72,15,1,56,36,120,113,27"/><T24/><D123/><U86/><E35/><V122/><F122/><W62/><G1/><T83/><D112/><U78/><E0/><V32/><F32/><W52/><G107/><T34/><D130/><U66/><E105/><V67/><F104/><W110/><G72/><T111/><D124/><U114/><E100/><V103/><F103/><W92/><G110/><T12/><D111/><U99/><E99/><V63/><F125/><W30/><G36/><T133/><D133/><U59/><E75/><V135/><F135/><W13/><G68/><T3/><D34/><U89/><E114/><V95/><F20/><N who="3" m="15463" /><G30/><T39/><D39/><U94/><REACH who="1" step="1"/><E22/><REACH who="1" ten="260,243,217,270" step="2"/><V17/><F131/><W5/><G113/><T106/><D106/><U97/><E97/><V19/><F128/><W26/><G126/><T116/><D74/><U79/><E79/><V118/><F118/><W69/><G120/><T41/><D116/><U60/><E60/><V76/><F76/><W2/><G2/><T134/><D134/><U108/><E108/><V18/><F37/><W43/><G62/><T101/><D101/><U87/><E87/><V90/><F40/><W21/><G21/><T109/><D109/><U50/><E50/><V84/><F80/><AGARI ba="0,1" hai="46,51,55,58,59,64,65,66,78,80,85,86,89,94" machi="80" ten="40,5200,0" yaku="1,1,8,1,53,1" doraHai="57" doraHaiUra="42" who="1" fromWho="2" sc="260,0,243,62,217,-52,270,0" /><INIT seed="5,0,0,4,5,4" ten="260,305,165,270" oya="1" hai0="70,56,125,93,23,135,120,83,26,100,78,95,44" hai1="68,1,28,0,38,126,63,94,132,92,57,48,49" hai2="85,64,50,51,6,14,71,34,35,42,29,67,81" hai3="54,121,59,65,41,10,123,45,58,131,8,7,66"/><U88/><E38/><V37/><F37/><W115/><G131/><T110/><D110/><U21/><E68/><V102/><F102/><W84/><G115/><T72/><D70/><U130/><E0/><V11/><F71/><W31/><G31/><T32/><D32/><U13/><E1/><V122/><F122/><W52/><G7/><T69/><D69/><U129/><E132/><V79/><F51/><N who="3" m="27055" /><G121/><T60/><D135/><U91/><E126/><V5/><F5/><W55/><G84/><T25/><D120/><U2/><E2/><V117/><F117/><W74/><G74/><T111/><D111/><U99/><E129/><V109/><F109/><W82/><G82/><T86/><D125/><U80/><E80/><V36/><F36/><W87/><G87/><T17/><D72/><U33/><E33/><V43/><F43/><W116/><G116/><T62/><D100/><U103/><E103/><V118/><F118/><W96/><G96/><T16/><D44/><U15/><E130/><V105/><F105/><W61/><G123/><T22/><D62/><AGARI ba="0,0" hai="8,10,52,54,55,58,59,61,62,65,66" m="27055" machi="62" ten="30,7700,0" yaku="8,1,52,2,54,1" doraHai="4" who="3" fromWho="0" sc="260,-77,305,0,165,0,270,77" /><INIT seed="6,0,0,0,4,123" ten="183,305,165,347" oya="2" hai0="102,80,13,64,82,112,130,118,85,23,21,91,39" hai1="49,12,76,16,55,24,101,84,81,4,27,70,61" hai2="57,43,59,111,135,36,96,60,19,31,26,83,44" hai3="46,6,67,45,129,77,78,117,131,128,86,1,75"/><V73/><F135/><W32/><G117/><T110/><D39/><U104/><E4/><V11/><F59/><W114/><G75/><T90/><D110/><U126/><E126/><V97/><F111/><W15/><G32/><T14/><D118/><U133/><E133/><V127/><F127/><W65/><G114/><T105/><D112/><U18/><E18/><V99/><F19/><W66/><G1/><T94/><D130/><U48/><E48/><V28/><F11/><N who="3" m="4599" /><G86/><N who="0" m="50503" /><D105/><U108/><E108/><V134/><F134/><W17/><G17/><T37/><D37/><U92/><E104/><V88/><F26/><W62/><G62/><T0/><D64/><U3/><E61/><V106/><F106/><W2/><G2/><T53/><D53/><U41/><E70/><V109/><F109/><W68/><G68/><T30/><D0/><U10/><E41/><V47/><F47/><AGARI ba="0,0" hai="45,46,47,65,66,67,77,78,128,129,131" m="4599" machi="47" ten="40,1300,0" yaku="19,1" doraHai="123" who="3" fromWho="2" sc="183,0,305,0,165,-13,347,13" /><INIT seed="7,0,0,0,3,53" ten="183,305,152,360" oya="3" hai0="110,11,93,63,70,41,38,58,52,114,46,71,135" hai1="106,123,98,116,57,68,20,78,80,95,29,124,74" hai2="25,97,43,12,6,1,121,75,17,22,56,30,44" hai3="133,65,107,2,130,37,72,33,54,55,16,67,49"/><W96/><G37/><T79/><D110/><U129/><E68/><V83/><F121/><W127/><G33/><T112/><D79/><U113/><E123/><V13/><F75/><W105/><G2/><T101/><D135/><U10/><E10/><V117/><F117/><W131/><G72/><T77/><D77/><U51/><E116/><V111/><F111/><W119/><G119/><T126/><D126/><U28/><E124/><V47/><F83/><W39/><G39/><T9/><D70/><U3/><E106/><V4/><F97/><W69/><G69/><T36/><D36/><U14/><E3/><V66/><F1/><W128/><G127/><T118/><D71/><U50/><E50/><V90/><F90/><W35/><G55/><T125/><D125/><U81/><E81/><V85/><F85/><W91/><G35/><T40/><D40/><U94/><E94/><V18/><F4/><W100/><G133/><T132/><D132/><U26/><E26/><V21/><F6/><W31/><G31/><T32/><D32/><U5/><E5/><V45/><F43/><W82/><G107/><T99/><D118/><U120/><E120/><V84/><F84/><W115/><G82/><T24/><D24/><U7/><E7/><V8/><REACH who="2" step="1"/><F47/><REACH who="2" ten="183,305,142,360" step="2"/><N who="3" m="27967" /><G105/><T88/><D88/><U34/><E80/><V19/><F19/><W15/><G91/><T64/><D99/><U60/><E98/><V61/><AGARI ba="0,1" hai="8,12,13,17,18,21,22,25,30,44,45,56,61,66" machi="61" ten="30,7900,0" yaku="1,1,0,1,8,1,52,1,53,0" doraHai="53" doraHaiUra="92" who="2" fromWho="2" sc="183,-20,305,-20,142,89,360,-39" owari="163,-34.0,285,9.0,231,-17.0,321,42.0" /></mjloggm>