<mjloggm ver="2.3"><GO type="169" lobby="0"/><UN n0="%E3%83%87%E3%83%AB%E3%83%90%E3%83%A9%E3%83%89" n1="%61%69%73%79%6F" n2="%E3%81%91%E3%81%84%E3%81%99%E3%81%91%EF%BC%A0%EF%BC%AB%EF%BC%B5" n3="%E3%82%A6%E3%83%AB%E3%83%88%E3%83%A9%E7%AB%8B%E7%9B%B4" dan="16,17,16,17" rate="2134.53,2213.64,2091.08,2122.30" sx="M,M,M,M"/><TAIKYOKU oya="0"/><INIT seed="0,0,0,1,1,47" ten="250,250,250,250" oya="0" hai0="57,111,82,117,98,2,122,76,43,112,51,114,40" hai1="28,5,102,58,49,50,62,110,41,127,124,104,12" hai2="15,80,38,105,54,108,72,45,22,24,71,84,63" hai3="75,119,9,91,79,20,46,21,68,97,31,83,101"/><T123/><D2/><U81/><E110/><V99/><F108/><W32/><G119/><T16/><D111/><U26/><E41/><V116/><F72/><W126/><G126/><N who="1" m="48170" /><E81/><V23/><F116/><W6/><G68/><T69/><D69/><U1/><E1/><V88/><F15/><W3/><G32/><T25/><D117/><U93/><E104/><V95/><F105/><W19/><G31/><T130/><D123/><U36/><E36/><V78/><F38/><W8/><G91/><T90/><D122/><U100/><E12/><V61/><F71/><W56/><G9/><T94/><D130/><U128/><E5/><V10/><F10/><W4/><G4/><T52/><D114/><U60/><E60/><N who="2" m="23115" /><F24/><W120/><G120/><T55/><D55/><N who="1" m="34143" /><E128/><V53/><F53/><W86/><G75/><T14/><D25/><U39/><E39/><V96/><F99/><W59/><G97/><T87/><D112/><U103/><E93/><V7/><F7/><W33/><G6/><T17/><D17/><U64/><E64/><V113/><F113/><W134/><G19/><T35/><D35/><AGARI ba="0,0" hai="26,28,35,49,50,100,102,103" m="34143,48170" machi="35" ten="30,3900,0" yaku="18,1,52,2" doraHai="47" who="1" fromWho="0" sc="250,-39,250,39,250,0,250,0" /><INIT seed="1,0,0,4,4,0" ten="211,289,250,250" oya="1" hai0="23,68,5,15,100,73,57,92,125,103,134,122,124" hai1="31,129,119,107,112,41,98,37,105,128,116,64,16" hai2="97,40,72,34,55,42,126,106,117,56,39,48,20" hai3="24,77,26,59,3,71,49,33,114,4,94,53,81"/><U93/><E64/><V30/><F72/><W58/><G71/><T109/><D68/><U12/><E31/><V61/><F117/><N who="1" m="45129" /><E112/><V127/><F34/><W14/><G114/><T28/><D73/><U130/><E41/><V101/><F39/><W2/><G33/><T78/><D78/><U69/><E37/><V84/><F84/><N who="3" m="48175" /><G3/><T67/><D122/><U86/><E86/><V74/><F74/><W60/><G2/><T1/><D1/><U36/><E36/><V32/><F32/><W21/><G94/><T133/><D28/><U19/><E69/><V96/><F96/><W83/><G83/><T121/><D121/><U89/><E19/><V54/><F30/><W88/><G88/><T22/><D67/><U9/><AGARI ba="0,0" hai="9,12,16,89,93,98,105,107,128,129,130" m="45129" machi="9" ten="40,3900,0" yaku="19,1,54,1" doraHai="0" who="1" fromWho="1" sc="211,-13,289,39,250,-13,250,-13" /><INIT seed="1,1,0,0,3,31" ten="198,328,237,237" oya="1" hai0="106,9,10,44,129,131,133,42,90,50,49,8,72" hai1="46,127,0,97,96,95,76,27,110,80,55,39,43" hai2="134,22,126,60,4,14,51,54,79,105,1,108,117" hai3="11,25,15,35,75,94,33,115,32,53,82,34,83"/><U61/><E127/><V84/><F117/><W114/><G94/><T38/><D72/><U123/><E123/><V88/><F105/><W112/><G53/><T78/><D78/><U89/><E110/><V21/><F108/><W18/><G75/><T47/><D133/><U62/><E96/><V71/><F134/><W118/><G118/><T67/><D67/><U124/><E124/><V104/><F126/><W66/><G66/><T70/><D70/><U107/><E107/><V111/><F104/><W121/><G121/><T2/><D106/><U74/><E55/><V132/><F1/><W6/><N who="3" m="8192" /><DORA hai="99" /><W20/><AGARI ba="1,0" hai="6,11,15,18,20,25,82,83,112,114,115" m="8192" machi="20" ten="70,12000,2" yaku="4,1,0,1,52,4" doraHai="31,99" who="3" fromWho="3" sc="198,-31,328,-61,237,-31,237,123" /><INIT seed="2,0,0,2,3,2" ten="167,267,206,360" oya="2" hai0="66,81,11,54,0,102,79,122,90,108,103,99,14" hai1="120,118,28,64,40,114,96,43,18,123,5,45,47" hai2="77,12,85,51,94,133,106,60,58,112,119,62,63" hai3="128,35,130,15,134,132,116,89,76,84,56,86,131"/><V88/><F119/><W24/><G116/><T87/><D122/><U72/><E72/><V23/><F112/><W7/><G56/><T125/><D125/><U83/><E114/><V1/><F1/><W26/><G76/><T59/><D0/><U20/><E28/><V31/><F106/><W21/><G35/><T101/><D66/><U67/><E96/><V50/><F133/><N who="3" m="51307" /><G86/><T97/><D79/><U36/><E83/><V104/><F104/><W52/><G52/><T46/><D108/><U124/><E124/><V113/><F77/><W3/><G3/><T37/><D37/><U91/><E36/><V95/><F113/><W8/><G21/><T110/><D110/><U129/><E20/><V22/><F95/><AGARI ba="0,0" hai="7,8,15,24,26,84,89,95,128,130,131" m="51307" machi="95" ten="40,5200,0" yaku="19,1,20,1,52,1" doraHai="2" who="3" fromWho="2" sc="167,0,267,0,206,-52,360,52" /><INIT seed="3,0,0,3,1,49" ten="167,267,154,412" oya="3" hai0="132,123,129,47,126,80,27,76,64,29,39,73,4" hai1="83,14,96,18,106,66,118,11,97,43,59,115,120" hai2="41,17,135,110,100,8,119,112,45,127,48,75,65" hai3="89,107,34,57,40,56,37,116,125,28,87,20,102"/><W31/><G116/><T67/><D123/><U35/><E35/><V9/><F119/><W101/><G34/><T134/><D4/><U38/><E118/><V130/><F112/><W46/><G125/><T51/><D39/><U91/><E115/><V109/><F127/><W71/><G71/><T36/><D36/><U79/><E38/><V94/><F75/><W78/><G78/><T68/><D126/><U10/><E43/><V95/><F135/><N who="0" m="51754" /><D129/><U32/><E32/><V90/><F130/><W103/><G107/><T92/><D92/><U114/><E114/><V117/><F117/><W42/><G42/><N who="0" m="25079" /><D68/><U74/><E106/><V121/><F121/><W70/><G70/><T1/><D1/><U104/><E104/><V50/><F65/><W105/><G105/><T0/><D0/><U24/><E120/><V55/><F100/><W60/><G37/><T6/><D6/><U128/><E128/><V2/><F2/><W69/><G69/><T133/><N who="0" m="51762" /><T58/><DORA hai="99" /><D58/><U26/><E59/><N who="2" m="33255" /><F17/><W25/><G57/><T23/><AGARI ba="0,0" hai="23,27,29,64,67,73,76,80" m="25079,51762" machi="23" ten="40,1500,0" yaku="20,1" doraHai="49,99" who="0" fromWho="0" sc="167,15,267,-4,154,-4,412,-7" /><INIT seed="4,0,0,0,0,54" ten="182,263,150,405" oya="0" hai0="52,58,29,87,51,125,28,81,56,45,86,4,105" hai1="32,77,82,41,12,47,100,57,102,85,113,61,9" hai2="63,74,15,43,103,76,84,78,20,132,26,135,111" hai3="0,127,60,42,133,17,3,130,66,79,122,7,95"/><T18/><D105/><U67/><E32/><V62/><F111/><W48/><G79/><N who="2" m="30249" /><F74/><W94/><G7/><T23/><D125/><U1/><E1/><V73/><F73/><W120/><G17/><T107/><D107/><U11/><E11/><V115/><F103/><W31/><G31/><N who="0" m="11851" /><D4/><U55/><E55/><V134/><F115/><W33/><G33/><T89/><D87/><U36/><REACH who="1" step="1"/><E113/><REACH who="1" ten="182,253,150,405" step="2"/><V49/><F15/><AGARI ba="0,1" hai="15,18,23,45,51,52,56,58,81,86,89" m="11851" machi="15" ten="30,11600,0" yaku="8,1,52,2,54,1" doraHai="54" who="0" fromWho="2" sc="182,126,253,0,150,-116,405,0" /><INIT seed="4,1,0,3,2,81" ten="308,253,34,405" oya="0" hai0="91,108,17,18,57,52,120,111,22,2,44,37,21" hai1="65,25,130,63,62,24,34,85,99,89,95,88,23" hai2="47,20,53,76,33,4,118,51,87,64,1,102,43" hai3="59,19,128,35,77,115,82,103,16,126,98,119,5"/><T42/><D2/><U55/><E130/><V6/><F118/><W132/><G35/><T101/><D120/><U116/><E116/><V92/><F33/><W78/><G119/><T39/><D101/><U105/><E34/><V3/><F1/><W29/><G29/><T107/><D107/><U96/><E25/><V97/><F3/><W127/><G5/><T83/><D39/><U74/><E74/><V38/><F64/><W80/><G59/><T50/><D21/><U41/><E41/><V58/><F20/><W117/><G128/><T10/><D10/><U45/><E105/><V72/><F72/><W54/><G54/><T122/><D122/><U61/><E65/><V75/><F75/><W84/><G115/><T114/><D114/><U110/><E110/><N who="0" m="42025" /><D22/><U68/><E68/><V32/><F32/><W71/><G71/><T106/><D106/><U100/><E100/><V27/><F27/><W129/><G129/><T79/><D91/><U73/><E89/><V36/><F36/><W70/><G70/><T0/><D0/><U69/><E69/><V7/><F76/><W9/><G9/><T14/><D14/><U131/><E131/><V125/><F125/><W46/><G117/><T13/><D13/><U40/><E23/><V12/><F12/><W113/><G113/><T124/><D124/><U60/><E24/><V94/><F94/><W123/><G123/><T49/><D37/><N who="1" m="21647" /><E73/><AGARI ba="1,0" hai="17,18,42,44,49,50,52,57,73,79,83" m="42025" machi="73" ten="30,2900,0" yaku="10,1,54,1" doraHai="81" who="0" fromWho="1" sc="308,32,253,-32,34,0,405,0" /><INIT seed="4,2,0,1,0,26" ten="340,221,34,405" oya="0" hai0="106,39,79,20,99,24,74,101,83,100,111,66,15" hai1="11,86,44,61,75,31,84,130,54,62,17,60,102" hai2="4,63,89,97,118,48,49,16,77,67,133,116,27" hai3="123,28,125,36,132,127,129,46,2,35,9,121,65"/><T19/><D39/><U45/><E75/><V3/><F133/><W78/><G65/><T73/><D111/><U1/><E130/><V85/><F77/><W82/><G129/><T30/><D101/><U37/><E102/><V64/><F97/><W8/><G132/><T135/><D135/><U56/><E1/><V43/><F4/><W32/><G46/><N who="1" m="18026" /><E31/><V115/><F3/><W59/><G59/><T22/><REACH who="0" step="1"/><D66/><REACH who="0" ten="330,221,34,405" step="2"/><U51/><E37/><V131/><F131/><W91/><G36/><T113/><D113/><U119/><E119/><V12/><F115/><W117/><G117/><T29/><D29/><U57/><E57/><V134/><F134/><W81/><G28/><T96/><D96/><U50/><E50/><V107/><F116/><W110/><G110/><T128/><D128/><U6/><E6/><V58/><F118/><W40/><G121/><T53/><D53/><U42/><E42/><V21/><F43/><W87/><G123/><T10/><D10/><U124/><E124/><V94/><F67/><W105/><G40/><T93/><D93/><U80/><E51/><V33/><F107/><W103/><G9/><T90/><D90/><U95/><E54/><V5/><F33/><W47/><G32/><T13/><D13/><N who="1" m="7359" /><E95/><V14/><F5/><N who="3" m="1079" /><G35/><T23/><D23/><U69/><E56/><V68/><F68/><W71/><G71/><T18/><D18/><U76/><E69/><V104/><F104/><W109/><G109/><T108/><D108/><U112/><E112/><V25/><F25/><W126/><G125/><T55/><D55/><U70/><E70/><RYUUKYOKU ba="2,1" sc="330,10,221,10,34,10,405,-30" hai0="15,19,20,22,24,30,73,74,79,83,99,100,106" hai1="60,61,62,76,80,84,86" hai2="12,14,16,21,27,48,49,58,63,64,85,89,94" /><INIT seed="4,3,1,0,3,106" ten="340,231,44,375" oya="0" hai0="22,59,124,33,61,110,27,126,130,91,70,13,92" hai1="71,123,109,122,87,43,77,121,104,108,80,30,37" hai2="82,85,69,49,14,96,54,118,46,36,81,64,83" hai3="73,11,19,62,57,131,12,9,45,76,16,115,134"/><T47/><D70/><U10/><E71/><V117/><F36/><W34/><G34/><T100/><D130/><U116/><E30/><V39/><F39/><W8/><G131/><T4/><D100/><U2/><E104/><V95/><F14/><N who="3" m="7263" /><G73/><T7/><D33/><U32/><E32/><V72/><F64/><W98/><G76/><T133/><D47/><N who="1" m="24047" /><E87/><V48/><F69/><W56/><G115/><T101/><D101/><U60/><E60/><V53/><F85/><W120/><G134/><T65/><D133/><U21/><E21/><V58/><F117/><W125/><G125/><N who="0" m="48235" /><D13/><U25/><E116/><V67/><F67/><N who="3" m="39367" /><G120/><T1/><D1/><U119/><E119/><V68/><F68/><W74/><G45/><T17/><D110/><U18/><E109/><V29/><F29/><W99/><G74/><T132/><D132/><U28/><E108/><V42/><F118/><W6/><G57/><T102/><D102/><U114/><E28/><V50/><F42/><W79/><G79/><T52/><D65/><U97/><E121/><V38/><F38/><W75/><G75/><T41/><D41/><U20/><E122/><V63/><F72/><W0/><G0/><T135/><D135/><U128/><E123/><V88/><AGARI ba="3,1" hai="46,48,49,50,53,54,58,63,81,82,83,88,95,96" machi="88" ten="30,4000,0" yaku="0,1,8,1,54,1" doraHai="106" who="2" fromWho="2" sc="340,-23,231,-13,44,59,375,-13" /><INIT seed="5,0,0,4,5,20" ten="317,218,103,362" oya="1" hai0="113,101,122,2,71,0,17,46,60,7,3,5,93" hai1="26,76,75,50,68,35,72,87,51,66,1,65,114" hai2="13,14,61,12,126,28,47,15,128,107,100,64,97" hai3="95,123,32,57,22,18,103,134,98,118,73,104,86"/><U4/><E114/><V96/><F126/><W89/><G32/><T102/><D113/><U38/><E38/><V39/><F128/><W42/><G123/><T55/><D122/><U78/><E1/><V16/><F13/><W111/><G111/><T119/><D119/><U24/><E4/><V58/><F96/><W131/><G134/><T48/><D93/><U124/><E87/><V133/><F133/><W121/><G121/><T31/><D31/><U67/><E67/><V109/><F109/><W90/><G131/><T116/><D116/><U70/><E35/><V44/><F28/><W41/><G73/><T81/><D81/><U54/><E54/><V77/><F77/><W8/><G8/><T106/><D7/><U74/><E74/><V112/><F112/><W10/><G10/><T21/><D5/><U117/><E117/><V11/><REACH who="2" step="1"/><F47/><REACH who="2" ten="317,218,93,362" step="2"/><W37/><G98/><T80/><D3/><U56/><E56/><V82/><F82/><W30/><G57/><T59/><D80/><U49/><E124/><V33/><F33/><W40/><G30/><T43/><D71/><U99/><E99/><V63/><F63/><W135/><G135/><T94/><D2/><U52/><E78/><V125/><F125/><W84/><G118/><T62/><D0/><U36/><E76/><V105/><F105/><W108/><G104/><T69/><D106/><U6/><E68/><V45/><F45/><W85/><G108/><T19/><D69/><U129/><E70/><V120/><F120/><W53/><G95/><T88/><D94/><U91/><E129/><V110/><F110/><RYUUKYOKU ba="0,1" sc="317,-10,218,-10,93,30,362,-10" hai2="11,12,14,15,16,39,44,58,61,64,97,100,107" /><INIT seed="6,1,1,5,2,44" ten="307,208,123,352" oya="2" hai0="8,113,103,41,123,3,88,34,132,71,126,21,98" hai1="120,46,28,31,22,72,87,97,53,14,117,19,13" hai2="27,17,108,37,26,33,50,130,56,76,58,91,111" hai3="94,2,104,128,59,65,51,45,105,42,81,114,52"/><V55/><F37/><W10/><G128/><T70/><D123/><U77/><E72/><V23/><F130/><W96/><G114/><T131/><D34/><U78/><E117/><V107/><F76/><N who="1" m="29289" /><E120/><V24/><F107/><W6/><G81/><T80/><D131/><U66/><E66/><V48/><F91/><W15/><G65/><T68/><D113/><U93/><E87/><V4/><F4/><W20/><G20/><T135/><D126/><U127/><E127/><V47/><F33/><W11/><G11/><T79/><D21/><U30/><E13/><V60/><F60/><W84/><G84/><N who="0" m="50183" /><D79/><U122/><E122/><V82/><F82/><W49/><G2/><T36/><D8/><U99/><E93/><V64/><F64/><W67/><G67/><T74/><D74/><U69/><E69/><V102/><F102/><AGARI ba="1,1" hai="6,10,15,42,45,49,51,52,59,94,96,102,104,105" machi="102" ten="30,7700,0" yaku="7,1,52,2,54,1" doraHai="44" who="3" fromWho="2" sc="307,0,208,0,123,-80,352,90" /><INIT seed="7,0,0,2,4,13" ten="307,208,43,442" oya="3" hai0="0,8,53,124,80,132,85,116,3,78,88,11,64" hai1="69,99,84,32,5,133,61,129,87,115,105,34,25" hai2="26,60,110,111,37,7,62,56,96,104,89,30,75" hai3="9,95,108,54,118,126,51,4,91,109,45,35,10"/><W76/><G35/><T12/><D116/><U42/><E34/><V114/><F7/><W83/><G126/><T100/><D132/><U77/><E42/><V120/><F114/><W19/><G4/><T39/><D39/><U101/><E84/><V16/><F120/><W86/><G19/><T24/><D124/><U15/><E129/><V20/><F37/><W58/><G45/><T14/><D3/><U40/><E40/><V82/><F62/><W73/><G118/><T36/><D36/><U50/><E50/><V70/><F70/><W121/><G121/><T23/><D100/><U28/><E133/><V47/><F47/><W134/><G134/><T31/><D64/><U103/><E103/><V90/><F90/><W22/><G22/><T81/><D53/><U67/><E115/><V102/><F30/><W49/><G49/><T55/><D55/><U57/><E57/><V94/><F82/><W128/><G128/><T65/><D65/><U41/><E41/><V131/><F75/><W98/><G73/><T52/><D0/><U59/><E59/><V18/><F131/><W71/><G71/><T68/><D68/><U27/><E87/><V46/><F46/><W6/><G6/><T106/><D106/><U72/><E77/><V127/><F127/><W107/><G107/><T66/><D66/><U29/><E72/><V63/><F63/><W21/><G54/><T33/><D52/><U93/><E61/><V112/><F112/><W79/><G58/><T123/><D123/><U130/><E69/><V97/><F18/><W113/><G113/><T122/><D122/><RYUUKYOKU ba="0,0" sc="307,-10,208,-10,43,30,442,-10" hai2="16,20,26,56,60,89,94,96,97,102,104,110,111" owari="297,10.0,198,-20.0,73,-43.0,432,53.0" /></mjloggm>