<mjloggm ver="2.3"><GO type="41" lobby="0"/><UN n0="%E5%B0%B1%E6%B4%BB%E7%94%9F%40%E5%B7%9D%E6%9D%91%E8%BB%8D%E5%9B%A3" n1="%E3%83%AB%E3%83%BC%E3%83%89%33%72%64" n2="%53%31%34" n3="%6C%61%68%61%6D%75" dan="14,13,13,13" rate="1981.25,1831.19,1845.26,1828.59" sx="M,M,F,M"/><TAIKYOKU oya="0"/><INIT seed="0,0,0,1,4,91" ten="250,250,250,250" oya="0" hai0="14,106,42,58,89,114,66,75,6,31,26,13,61" hai1="130,116,82,23,107,10,97,98,2,53,79,65,126" hai2="44,24,62,101,55,1,77,22,74,83,95,5,7" hai3="63,52,115,124,19,54,103,39,134,0,112,108,20"/><T73/><D114/><U48/><E116/><V12/><F1/><W21/><G0/><T41/><D106/><U121/><E121/><V132/><F132/><W87/><G134/><T4/><D75/><U93/><E130/><V100/><F12/><W40/><G124/><T113/><D73/><U30/><E126/><V51/><F62/><W131/><G131/><T34/><D113/><U110/><E110/><V59/><F59/><W70/><G108/><T92/><D14/><U37/><E37/><V36/><F36/><W94/><G70/><T135/><D135/><U72/><E65/><V32/><F32/><W105/><G105/><T85/><REACH who="0" step="1"/><D13/><REACH who="0" ten="240,250,250,250" step="2"/><U78/><E107/><V11/><F74/><W128/><G128/><T118/><D118/><U64/><E79/><V84/><F100/><W50/><G115/><T18/><D18/><U129/><E129/><V96/><REACH who="2" step="1"/><F11/><REACH who="2" ten="240,250,240,250" step="2"/><W111/><G112/><T38/><D38/><U122/><E122/><V127/><F127/><W86/><G39/><T133/><D133/><U27/><E10/><V45/><F45/><W117/><G117/><T35/><D35/><U56/><E2/><V49/><F49/><W119/><G50/><T3/><D3/><U9/><E9/><V46/><F46/><W25/><G119/><T17/><D17/><AGARI ba="0,2" hai="5,7,17,22,24,44,51,55,77,83,84,95,96,101" machi="17" ten="30,7700,0" yaku="1,1,7,1,8,1,52,1,53,0" doraHai="91" doraHaiUra="102" who="2" fromWho="0" sc="240,-77,250,0,240,97,250,0" /><INIT seed="1,0,0,0,0,105" ten="163,250,337,250" oya="1" hai0="31,25,121,39,37,16,6,64,106,63,83,56,98" hai1="82,127,74,116,2,93,124,70,101,65,99,72,27" hai2="132,28,35,60,71,91,33,88,4,23,36,15,107" hai3="58,66,80,96,45,125,90,75,87,46,24,84,133"/><U79/><E2/><V134/><F36/><W51/><G133/><N who="2" m="51305" /><F107/><W52/><G125/><N who="1" m="48202" /><E116/><V92/><F4/><W20/><G96/><T53/><D121/><U59/><E27/><N who="2" m="16511" /><F15/><W78/><G66/><T18/><D6/><U3/><E3/><V44/><F44/><W62/><G87/><T61/><D39/><U19/><E19/><V54/><F71/><W135/><G135/><T22/><D37/><U30/><E30/><V49/><F60/><W29/><G62/><T102/><REACH who="0" step="1"/><D83/><AGARI ba="0,0" hai="20,24,29,45,46,51,52,58,75,78,80,83,84,90" machi="83" ten="30,3900,0" yaku="7,1,52,1,54,1" doraHai="105" who="3" fromWho="0" sc="163,-39,250,0,337,0,250,39" /><INIT seed="2,0,0,4,3,84" ten="124,250,337,289" oya="2" hai0="59,25,7,111,107,31,27,131,53,112,16,1,32" hai1="121,22,123,51,17,46,103,87,126,70,33,122,99" hai2="79,80,102,63,8,100,50,96,74,124,56,4,38" hai3="20,15,12,110,21,54,92,104,60,24,34,26,118"/><V129/><F38/><W29/><G104/><T86/><D107/><U115/><E70/><V82/><F82/><W40/><G40/><T19/><D112/><U10/><E33/><V67/><F124/><W120/><G120/><T49/><D131/><U39/><E126/><V130/><F50/><W108/><G118/><T23/><D111/><N who="3" m="42537" /><G54/><T128/><D128/><N who="2" m="49258" /><F96/><W72/><G60/><T83/><D1/><AGARI ba="0,0" hai="1,4,8,56,63,67,74,79,80,100,102" m="49258" machi="1" ten="30,1500,0" yaku="19,1" doraHai="84" who="2" fromWho="0" sc="124,-15,250,0,337,15,289,0" /><INIT seed="2,1,0,4,4,35" ten="109,250,352,289" oya="2" hai0="91,134,121,108,15,86,128,103,111,81,45,107,29" hai1="109,74,113,14,76,72,130,88,53,119,58,46,34" hai2="39,43,116,63,126,11,60,69,47,40,120,38,17" hai3="77,24,65,66,52,96,41,92,16,112,50,2,8"/><V97/><F120/><W87/><G2/><T18/><D121/><U1/><E119/><V110/><F116/><W68/><G68/><T30/><D128/><U54/><E113/><V117/><F117/><W106/><G41/><T104/><D134/><U100/><E130/><V85/><F126/><W55/><G106/><T124/><D124/><U56/><E109/><V118/><F118/><W79/><G55/><T23/><D45/><U90/><E34/><V27/><F110/><N who="0" m="42026" /><D103/><U4/><E100/><V49/><F69/><W57/><G112/><T61/><D61/><U78/><E46/><V123/><F123/><W135/><G135/><T122/><D122/><U80/><E14/><V95/><F85/><W7/><G7/><T62/><D62/><U64/><E64/><N who="3" m="24682" /><G87/><T98/><D98/><U101/><E101/><V25/><F38/><W28/><G28/><AGARI ba="1,0" hai="15,18,23,28,29,30,81,86,91,104,107" m="42026" machi="28" ten="30,1000,0" yaku="14,1" doraHai="35" who="0" fromWho="3" sc="109,13,250,0,352,0,289,-13" /><INIT seed="3,0,0,4,5,55" ten="122,250,352,276" oya="3" hai0="135,98,129,81,105,42,8,88,48,130,53,36,46" hai1="84,51,13,32,38,24,107,76,128,49,41,54,133" hai2="4,74,111,71,87,16,118,59,18,99,70,60,7" hai3="124,114,85,28,123,106,73,1,65,121,115,10,3"/><W2/><G106/><T78/><D135/><U82/><E133/><V97/><F74/><W113/><G73/><T17/><D105/><U20/><E128/><N who="0" m="49257" /><D8/><U5/><E107/><V37/><F118/><W14/><G85/><N who="0" m="48311" /><D17/><N who="2" m="6762" /><F37/><W34/><G65/><T120/><D120/><U96/><E32/><V116/><F116/><W95/><G95/><N who="0" m="56679" /><D36/><U43/><E96/><N who="2" m="36939" /><F71/><W83/><G83/><T100/><D100/><U27/><E38/><V108/><F70/><W9/><G124/><T57/><D42/><N who="1" m="15883" /><E49/><V6/><F87/><W101/><G101/><T64/><D64/><U86/><E86/><V19/><F19/><N who="3" m="8655" /><G10/><T75/><D75/><U58/><E20/><V66/><F108/><W102/><G102/><T92/><D92/><U56/><E5/><V131/><F111/><W44/><G44/><AGARI ba="0,0" hai="44,46,48,53,57" m="56679,48311,49257" machi="44" ten="30,3900,0" yaku="19,1,52,1,54,1" doraHai="55" who="0" fromWho="3" sc="122,39,250,0,352,0,276,-39" /><INIT seed="4,0,0,2,5,97" ten="161,250,352,237" oya="0" hai0="101,55,77,37,11,94,0,18,39,43,131,61,104" hai1="96,109,89,2,25,126,45,53,108,60,121,12,65" hai2="33,10,57,24,119,130,15,86,54,5,49,14,83" hai3="17,27,36,128,44,42,102,7,87,4,90,20,92"/><T29/><D104/><U1/><E121/><V30/><F119/><W38/><G128/><T81/><D131/><U72/><E72/><V56/><F130/><W19/><G36/><T68/><D29/><U13/><E126/><V111/><F111/><W47/><G47/><T48/><D43/><U120/><E120/><V66/><F66/><W26/><G102/><T115/><D115/><U16/><E25/><V106/><F106/><W9/><G9/><T134/><D134/><U123/><E123/><V133/><F133/><W74/><G74/><T34/><D34/><U78/><E78/><V28/><F28/><W88/><G90/><T41/><D41/><U52/><E96/><V107/><F107/><W116/><G116/><T40/><D40/><U50/><E53/><V80/><F56/><W98/><G98/><T114/><D61/><U71/><E89/><V79/><REACH who="2" step="1"/><F83/><REACH who="2" ten="161,250,342,237" step="2"/><W124/><G124/><T23/><D68/><U82/><E82/><V103/><F103/><W112/><G112/><T113/><D113/><U6/><E6/><V127/><F127/><W85/><G85/><T117/><D114/><U93/><E93/><V21/><F21/><AGARI ba="0,1" hai="4,7,17,19,20,21,26,27,38,42,44,87,88,92" machi="21" ten="40,2600,0" yaku="9,1,54,1" doraHai="97" who="3" fromWho="2" sc="161,0,250,0,342,-26,237,36" /><INIT seed="5,0,0,3,3,62" ten="161,250,316,273" oya="1" hai0="21,43,35,39,14,57,26,68,124,85,110,83,81" hai1="125,93,133,103,134,9,135,89,97,50,0,32,105" hai2="65,41,126,80,67,76,72,34,99,130,111,54,23" hai3="91,96,10,114,36,25,53,117,19,78,56,16,98"/><U59/><E32/><V58/><F34/><W8/><G36/><T44/><D68/><U127/><E0/><V60/><F111/><W128/><G128/><T95/><D110/><U129/><E9/><N who="3" m="3690" /><G114/><T87/><D124/><N who="1" m="47691" /><E59/><V69/><F130/><W17/><G78/><T73/><D35/><U37/><E50/><V116/><F116/><W49/><G117/><T6/><D73/><U77/><E37/><V108/><F108/><W63/><G91/><T15/><D6/><U102/><E129/><V38/><F126/><W61/><G25/><T104/><D104/><U66/><E66/><N who="2" m="25099" /><F69/><W123/><G123/><T131/><D57/><U1/><E1/><V71/><F71/><W11/><N who="3" m="3698" /><W86/><DORA hai="28" /><G86/><T20/><D131/><U30/><E30/><V84/><F72/><W24/><G24/><T88/><D95/><N who="1" m="56559" /><E105/><V82/><F38/><W74/><G74/><T70/><D70/><U132/><N who="1" m="33792" /><DORA hai="51" /><U109/><E109/><V94/><F41/><W52/><G53/><T112/><D112/><U113/><E113/><V100/><F23/><W118/><G118/><T4/><D4/><U27/><E27/><V18/><F18/><W13/><G13/><T101/><D21/><U122/><E122/><V2/><F2/><W92/><G92/><T90/><REACH who="0" step="1"/><D101/><REACH who="0" ten="151,250,316,273" step="2"/><N who="1" m="38411" /><E93/><V33/><F33/><W45/><G56/><T48/><D48/><U31/><E31/><AGARI ba="0,1" hai="14,15,20,26,31,39,43,44,81,83,85,87,88,90" machi="31" ten="30,7700,0" yaku="1,1,7,1,9,1,54,1,53,0" doraHai="62,28,51" doraHaiUra="55,3,75" who="0" fromWho="1" sc="151,87,250,-77,316,0,273,0" /><INIT seed="6,0,0,3,4,68" ten="238,173,316,273" oya="2" hai0="128,87,41,122,28,7,117,26,97,102,129,40,19" hai1="66,13,81,132,6,70,8,109,39,90,121,46,75" hai2="130,30,59,45,98,42,9,64,69,51,133,92,71" hai3="88,78,32,134,135,118,21,126,83,20,31,22,47"/><V112/><F112/><W37/><G118/><T100/><D122/><U33/><E109/><V14/><F130/><N who="0" m="50282" /><D117/><U123/><E132/><N who="3" m="50730" /><G126/><T93/><D7/><U23/><E23/><V82/><F133/><W57/><G57/><T0/><D0/><N who="1" m="71" /><E66/><V108/><F30/><W80/><G32/><N who="0" m="20503" /><D102/><U61/><E13/><V104/><F104/><W38/><G31/><T54/><D87/><U15/><E90/><V58/><F82/><W125/><G125/><T99/><D99/><U67/><E15/><V101/><F108/><W89/><G47/><T2/><D2/><U107/><E33/><V84/><F84/><N who="3" m="48151" /><G83/><T10/><D54/><U116/><E107/><V86/><F86/><W72/><G72/><T110/><D110/><U79/><E116/><V115/><F115/><W95/><G89/><T65/><D65/><U35/><E35/><V53/><F64/><W55/><G55/><T36/><D36/><U111/><E111/><V131/><F131/><W29/><G29/><T3/><D3/><U96/><E96/><AGARI ba="0,0" hai="20,21,22,37,38,88,95,96" m="48151,50730" machi="96" ten="30,7700,0" yaku="20,1,52,2,54,1" doraHai="68" who="3" fromWho="1" sc="238,0,173,-77,316,0,273,77" /><INIT seed="7,0,0,3,3,103" ten="238,96,316,350" oya="3" hai0="28,59,110,63,96,89,52,46,30,15,6,106,87" hai1="72,108,130,90,73,32,85,34,21,123,65,71,83" hai2="8,98,120,66,48,20,43,36,40,1,111,109,128" hai3="70,114,7,33,51,60,124,113,19,69,22,53,82"/><W23/><G33/><T133/><D110/><U74/><E65/><V84/><F66/><W134/><G60/><T118/><D118/><U11/><E21/><V24/><F109/><W68/><G134/><T14/><D133/><U100/><E108/><V12/><F111/><W88/><G124/><T5/><D46/><U135/><E71/><V39/><F1/><W78/><G88/><T64/><D64/><U132/><E11/><V58/><F36/><W54/><G7/><T47/><D47/><U122/><E34/><V50/><F39/><W55/><G51/><T107/><D15/><U18/><E18/><V126/><F126/><W119/><G119/><T93/><D6/><U67/><E32/><V105/><F84/><W49/><G49/><T104/><REACH who="0" step="1"/><D96/><REACH who="0" ten="228,96,316,350" step="2"/><U80/><E67/><V45/><F120/><W56/><G56/><T35/><D35/><U115/><E115/><V101/><F58/><W57/><G57/><T26/><D26/><U121/><E130/><V29/><F128/><W41/><G114/><T44/><D44/><U77/><REACH who="1" step="1"/><E100/><REACH who="1" ten="228,86,316,350" step="2"/><V16/><F48/><W62/><G113/><T13/><D13/><U31/><E31/><V79/><F79/><W75/><G62/><T38/><D38/><U37/><E37/><V92/><REACH who="2" step="1"/><F43/><REACH who="2" ten="228,86,306,350" step="2"/><W86/><G41/><T25/><D25/><U116/><E116/><V95/><AGARI ba="0,3" hai="8,12,16,20,24,29,40,45,50,92,95,98,101,105" machi="95" ten="30,8000,1" yaku="1,1,2,1,0,1,52,1,54,1,53,0" doraHai="103" doraHaiUra="61" who="2" fromWho="2" sc="228,-20,86,-20,306,110,350,-40" owari="208,-19.0,66,-43.0,416,51.0,310,11.0" /></mjloggm>