<mjloggm ver="2.3"><GO type="41" lobby="0"/><UN n0="%E7%9C%9F%E5%9F%8E%E2%98%86%E3%82%8A%E3%81%BE" n1="%6D%79%5F" n2="%E5%B0%B1%E6%B4%BB%E7%94%9F%40%E5%B7%9D%E6%9D%91%E8%BB%8D%E5%9B%A3" n3="%E3%83%8F%E3%82%A4%E3%82%B8" dan="15,14,14,13" rate="1981.24,1989.16,1954.53,1932.86" sx="F,F,M,M"/><TAIKYOKU oya="0"/><INIT seed="0,0,0,4,1,108" ten="250,250,250,250" oya="0" hai0="114,15,54,20,18,83,110,117,33,4,2,14,36" hai1="79,96,89,35,125,59,76,94,41,32,101,131,39" hai2="70,24,37,46,29,13,135,16,26,7,113,0,3" hai3="64,122,53,104,106,129,38,57,58,80,127,25,56"/><T44/><D117/><U51/><E39/><V19/><F70/><W74/><G122/><T43/><D110/><U133/><E133/><V49/><F37/><W60/><G129/><T121/><D121/><U123/><E123/><V84/><F135/><W9/><G38/><T69/><D69/><U90/><E131/><V73/><F73/><W116/><G116/><T111/><D111/><U11/><E125/><V48/><F84/><W109/><G127/><T112/><D33/><U124/><E124/><V40/><F113/><W55/><G109/><T65/><D65/><U107/><E11/><V98/><F98/><W87/><G74/><T134/><D134/><U103/><E41/><V27/><F48/><W128/><G128/><T8/><D54/><U52/><E90/><V45/><F45/><W126/><G126/><T71/><D71/><U93/><E107/><V91/><F91/><W63/><G64/><T100/><D100/><U132/><E132/><V67/><F67/><W78/><G57/><T85/><D2/><N who="2" m="554" /><F49/><W66/><G66/><T120/><REACH who="0" step="1"/><D120/><REACH who="0" ten="240,250,250,250" step="2"/><U5/><E103/><V21/><F40/><W12/><REACH who="3" step="1"/><G25/><REACH who="3" ten="240,250,250,240" step="2"/><N who="2" m="9833" /><F46/><W119/><G119/><T31/><D31/><U75/><E32/><V81/><F27/><W97/><G97/><T72/><D72/><U28/><E75/><V23/><F29/><W10/><G10/><T130/><D130/><U99/><E35/><V62/><F23/><W22/><G22/><T1/><D1/><U17/><E28/><V92/><F21/><W115/><G115/><T50/><D50/><U6/><E17/><AGARI ba="0,2" hai="9,12,17,53,55,56,58,60,63,78,80,87,104,106" machi="17" ten="30,3900,0" yaku="1,1,7,1,9,1,53,0" doraHai="108" doraHaiUra="88" who="3" fromWho="1" sc="240,0,250,-39,250,0,240,59" /><INIT seed="1,0,0,5,2,101" ten="240,211,250,299" oya="1" hai0="34,105,110,133,69,111,78,35,73,7,6,75,71" hai1="8,109,38,52,70,89,77,14,5,134,63,31,45" hai2="2,54,0,28,72,74,12,19,1,58,79,120,10" hai3="83,49,80,102,48,62,65,51,113,26,116,15,85"/><U121/><E121/><V42/><F120/><W127/><G113/><T64/><D133/><U96/><E77/><V33/><F42/><W20/><G116/><T130/><D130/><U95/><E134/><V97/><F97/><W50/><G127/><T21/><D21/><U135/><E135/><V61/><F79/><W100/><G15/><T129/><D129/><U27/><E70/><N who="0" m="26633" /><D64/><U32/><E38/><V36/><F36/><W132/><G132/><T18/><D18/><U41/><E41/><V91/><F28/><W88/><N who="3" m="12288" /><DORA hai="47" /><W131/><G131/><T86/><D86/><U81/><E45/><V17/><F33/><N who="0" m="12298" /><D78/><U87/><E109/><N who="0" m="41481" /><D105/><U112/><E112/><V114/><F114/><W115/><G115/><T68/><N who="0" m="26641" /><T11/><DORA hai="53" /><D11/><U4/><E4/><AGARI ba="0,0" hai="4,6,7,73,75" m="41481,12298,26641" machi="4" ten="50,6400,0" yaku="28,2,14,1" doraHai="101,47,53" who="0" fromWho="1" sc="240,64,211,-64,250,0,299,0" /><INIT seed="2,0,0,2,4,108" ten="304,147,250,299" oya="2" hai0="43,9,23,22,116,38,81,117,32,37,87,42,59" hai1="88,63,126,113,100,7,122,4,64,11,102,46,53" hai2="28,104,114,48,120,30,10,41,94,71,56,17,15" hai3="47,35,14,83,111,34,25,106,134,51,97,80,84"/><V95/><F71/><W31/><G111/><T75/><D32/><U5/><E122/><V1/><F104/><W119/><G119/><N who="0" m="45643" /><D75/><U82/><E126/><V3/><F120/><W33/><G134/><T49/><D9/><U109/><E109/><V21/><F114/><W73/><G73/><T24/><D23/><U0/><E113/><V50/><F3/><W67/><G67/><T103/><D103/><U89/><E46/><N who="2" m="25679" /><F1/><W85/><G106/><T29/><D43/><U96/><E53/><N who="2" m="31799" /><F10/><W26/><G97/><T44/><D59/><U99/><E102/><V128/><F128/><W110/><G110/><T127/><D127/><U77/><E7/><V57/><F57/><W132/><G132/><T130/><D130/><U52/><E5/><V129/><F129/><W90/><G14/><T65/><D65/><U69/><E52/><V107/><F107/><W12/><G12/><T45/><D45/><U92/><REACH who="1" step="1"/><E99/><REACH who="1" ten="304,137,250,299" step="2"/><V61/><F61/><W125/><G125/><T70/><D70/><U58/><E58/><V93/><AGARI ba="0,1" hai="15,17,21,28,30,93,94,95" m="31799,25679" machi="93" ten="30,1500,0" yaku="8,1" doraHai="108" who="2" fromWho="2" sc="304,-5,137,-5,250,25,299,-5" /><INIT seed="2,1,0,5,5,64" ten="299,132,275,294" oya="2" hai0="36,20,60,116,101,38,16,123,99,58,113,106,126" hai1="68,76,39,135,87,65,85,88,75,67,51,128,0" hai2="70,29,37,25,10,40,105,100,117,79,12,28,18" hai3="41,46,14,82,125,73,107,93,80,89,121,50,90"/><V119/><F79/><W71/><G121/><T23/><D123/><U112/><E39/><V94/><F105/><W91/><G107/><T96/><D113/><U77/><E0/><V108/><F108/><W69/><G93/><T31/><D126/><U15/><E112/><V48/><F37/><W81/><G125/><T133/><D133/><U13/><E51/><V95/><F28/><W17/><REACH who="3" step="1"/><G73/><REACH who="3" ten="299,132,275,284" step="2"/><T62/><D116/><U52/><E75/><V42/><F94/><W84/><G84/><T124/><D124/><U115/><E115/><V98/><F117/><W102/><G102/><T92/><D92/><U43/><E87/><V61/><F119/><W8/><AGARI ba="1,1" hai="8,14,17,41,46,50,69,71,80,81,82,89,90,91" machi="8" ten="30,7900,0" yaku="1,1,0,1,52,2,53,0" doraHai="64" doraHaiUra="118" who="3" fromWho="3" sc="299,-21,132,-21,275,-40,284,92" /><INIT seed="3,0,0,3,3,68" ten="278,111,235,376" oya="3" hai0="18,86,126,50,57,37,105,63,134,69,65,128,88" hai1="95,80,87,4,15,115,26,94,92,59,35,38,90" hai2="102,74,54,58,97,17,70,23,103,19,6,5,3" hai3="101,104,125,47,8,64,107,52,123,76,2,61,9"/><W117/><G123/><T78/><D105/><U93/><E115/><V112/><F74/><W27/><G117/><T14/><D134/><U121/><E121/><V130/><F70/><W45/><G76/><T31/><D31/><U75/><E38/><V32/><F112/><W51/><G125/><T11/><D126/><U21/><E59/><V119/><F32/><W42/><G101/><T73/><D128/><U109/><E109/><V60/><F119/><W41/><G27/><T67/><D37/><U99/><E75/><V72/><F72/><W62/><G2/><T13/><D73/><U82/><E35/><V16/><F130/><W120/><G120/><T83/><D13/><U133/><E133/><V81/><F3/><W46/><G46/><T40/><D69/><U113/><E113/><V122/><F122/><W24/><G24/><T116/><D116/><U49/><E49/><V1/><F1/><W0/><G0/><T34/><D34/><U39/><E39/><V132/><F132/><W10/><G10/><T43/><D67/><U33/><E33/><V28/><F81/><W96/><G51/><T22/><D50/><U44/><E44/><V7/><F97/><W106/><G106/><T98/><REACH who="0" step="1"/><D11/><REACH who="0" ten="268,111,235,376" step="2"/><U110/><E110/><V25/><AGARI ba="0,1" hai="5,6,7,16,17,19,23,25,28,54,58,60,102,103" machi="25" ten="40,5200,0" yaku="0,1,8,1,54,1" doraHai="68" who="2" fromWho="2" sc="268,-13,111,-13,235,62,376,-26" /><INIT seed="4,0,0,2,3,106" ten="255,98,297,350" oya="0" hai0="99,36,122,82,107,135,120,102,17,61,8,126,85" hai1="38,45,109,104,91,22,115,51,59,42,6,40,90" hai2="4,119,93,110,57,13,108,74,43,46,49,44,124" hai3="87,105,117,88,19,127,32,41,65,20,0,70,50"/><T128/><D36/><U134/><E104/><V125/><F93/><W83/><G117/><T7/><D128/><U75/><E109/><N who="2" m="42091" /><F74/><W80/><G32/><T73/><D135/><U26/><E75/><V64/><F13/><W48/><G105/><T23/><D126/><N who="2" m="48746" /><F4/><W31/><G127/><T130/><D130/><U111/><E6/><V96/><F96/><W63/><G0/><T77/><D61/><U29/><E111/><V66/><F119/><W98/><G31/><T28/><D28/><U52/><E134/><V27/><F27/><W33/><G33/><T30/><D30/><U79/><E79/><V55/><F46/><W121/><G121/><T69/><D69/><U86/><E38/><AGARI ba="0,0" hai="38,43,44,49,55,57,64,66" m="48746,42091" machi="38" ten="30,3900,0" yaku="18,1,34,2" doraHai="106" who="2" fromWho="1" sc="255,0,98,-39,297,39,350,0" /><INIT seed="5,0,0,5,5,39" ten="255,59,336,350" oya="1" hai0="13,131,29,48,47,126,128,67,109,44,20,36,41" hai1="33,132,64,107,58,89,0,75,101,55,30,59,19" hai2="134,24,54,1,121,111,14,72,22,65,56,26,94" hai3="114,57,27,61,68,104,60,53,6,81,93,133,38"/><U122/><E0/><V98/><F1/><W83/><G104/><T103/><D103/><U96/><E75/><V110/><F72/><W130/><G114/><T12/><D109/><U86/><E122/><V49/><F121/><W90/><G38/><T106/><D106/><U129/><E129/><N who="0" m="49737" /><D67/><U92/><E132/><V31/><F134/><W105/><G133/><T43/><D126/><U76/><E33/><V63/><F14/><N who="0" m="5738" /><D20/><U88/><E30/><AGARI ba="0,0" hai="29,30,36,41,43,44,47,48" m="5738,49737" machi="30" ten="30,3900,0" yaku="19,1,52,2" doraHai="39" who="0" fromWho="1" sc="255,39,59,-39,336,0,350,0" /><INIT seed="6,0,0,0,2,36" ten="294,20,336,350" oya="2" hai0="112,12,80,97,95,40,25,56,127,106,82,123,128" hai1="13,41,120,88,9,70,117,46,84,93,32,60,37" hai2="111,38,107,115,113,2,64,114,48,59,78,108,102" hai3="110,27,73,52,53,104,23,94,90,87,49,86,34"/><V26/><F2/><W74/><G110/><N who="2" m="42025" /><F78/><W4/><G34/><T116/><D123/><U81/><E32/><V21/><F38/><W92/><G104/><T30/><D116/><U51/><E117/><V85/><F107/><W31/><G4/><T11/><D128/><U89/><E120/><V129/><F129/><W133/><G133/><T130/><D130/><U125/><E125/><V45/><F102/><W20/><G20/><N who="0" m="15655" /><D106/><U8/><E37/><V121/><F121/><W100/><G53/><T118/><D118/><U105/><E105/><V131/><F131/><W57/><G100/><N who="0" m="60479" /><D127/><U62/><E70/><V79/><F79/><W3/><G3/><T19/><D112/><U35/><E35/><V119/><F85/><W69/><G69/><T44/><D56/><U65/><E65/><V101/><F101/><W54/><G54/><T50/><AGARI ba="0,0" hai="11,12,19,40,44,50,80,82" m="60479,15655" machi="50" ten="30,2000,0" yaku="8,1,52,1" doraHai="36" who="0" fromWho="0" sc="294,20,20,-5,336,-10,350,-5" /><INIT seed="7,0,0,4,2,120" ten="314,15,326,345" oya="3" hai0="98,1,25,41,83,3,58,71,104,13,115,47,82" hai1="26,107,80,39,59,61,62,108,102,129,105,42,133" hai2="111,87,106,103,17,89,57,8,43,113,101,53,19" hai3="63,10,131,70,23,110,40,81,16,73,92,76,132"/><W118/><G118/><T84/><D115/><U0/><E80/><N who="2" m="49383" /><F111/><W36/><G10/><T68/><D68/><U15/><E102/><N who="2" m="38923" /><F106/><W72/><G132/><T20/><D71/><U5/><E15/><N who="2" m="7399" /><F113/><W4/><G4/><T14/><D104/><U54/><E5/><V122/><F122/><W99/><G131/><T121/><D121/><U18/><E18/><V33/><F33/><W128/><G128/><T55/><D98/><U135/><E26/><V38/><F38/><W2/><G2/><T134/><D134/><U127/><E42/><V46/><F19/><W48/><G36/><T24/><D41/><U86/><E86/><V51/><F43/><W34/><G34/><T65/><D84/><U74/><E54/><V32/><F32/><W9/><G9/><T50/><D65/><U66/><E66/><V124/><F124/><W12/><G110/><T94/><D94/><U125/><E59/><AGARI ba="0,0" hai="46,51,53,57,59" m="7399,38923,49383" machi="59" ten="30,2000,0" yaku="25,1,8,1" doraHai="120" who="2" fromWho="1" sc="314,0,15,-20,326,20,345,0" owari="314,-9.0,-5,-51.0,346,45.0,345,15.0" /></mjloggm>