<mjloggm ver="2.3"><GO type="41" lobby="0"/><UN n0="%E3%83%96%E3%83%AB%E3%81%A8%E3%83%99%E3%82%A2" n1="%E5%B0%B1%E6%B4%BB%E7%94%9F%40%E5%B7%9D%E6%9D%91%E8%BB%8D%E5%9B%A3" n2="%68%69%72%6F%30%30%30%37" n3="%E3%83%94%E3%82%B3%E3%83%9E%E3%82%B9%E3%83%86%E3%82%A3%E3%83%95" dan="14,15,14,14" rate="1872.26,2015.93,1948.98,2205.60" sx="M,M,M,M"/><TAIKYOKU oya="0"/><INIT seed="0,0,0,1,1,57" ten="250,250,250,250" oya="0" hai0="66,106,83,132,114,121,84,125,133,70,86,80,13" hai1="9,51,37,73,1,103,116,128,76,117,45,60,75" hai2="81,115,23,61,78,18,64,47,92,65,104,101,130" hai3="0,93,25,48,21,98,29,3,72,112,89,74,126"/><T90/><D121/><U56/><E128/><V100/><F130/><W77/><G112/><T14/><D114/><U127/><E127/><V11/><F115/><W131/><G131/><T19/><D106/><U36/><E103/><V85/><F104/><W87/><G126/><T124/><D66/><U41/><E37/><V68/><F65/><W34/><G34/><T91/><D19/><U99/><E99/><V129/><F129/><W69/><G69/><AGARI ba="0,0" hai="13,14,69,70,80,83,84,86,90,91,124,125,132,133" machi="69" ten="25,2400,0" yaku="22,2" doraHai="57" who="0" fromWho="3" sc="250,24,250,0,250,0,250,-24" /><INIT seed="0,1,0,0,2,79" ten="274,250,250,226" oya="0" hai0="47,32,77,4,24,53,100,87,101,120,132,82,64" hai1="115,10,118,37,16,111,119,35,46,50,89,43,41" hai2="95,92,116,97,71,106,56,23,7,108,18,22,25" hai3="20,29,51,11,26,74,17,90,36,88,12,96,28"/><T38/><D120/><U73/><E35/><V78/><F108/><W98/><G36/><T99/><D132/><U60/><E73/><V105/><F71/><W109/><G109/><T57/><D64/><U31/><E31/><V107/><F116/><W13/><G74/><T14/><D38/><U93/><E115/><V125/><F125/><W124/><G124/><T127/><D47/><U58/><E111/><V6/><F78/><W49/><G28/><T39/><D39/><U3/><E43/><V134/><F134/><W33/><G98/><T63/><D127/><U44/><E44/><V128/><F128/><W5/><REACH who="3" step="1"/><G96/><REACH who="3" ten="274,250,250,216" step="2"/><T123/><D99/><U68/><E37/><V83/><F106/><W45/><G45/><T30/><D123/><U21/><E118/><V133/><F133/><W65/><G65/><T122/><D122/><U34/><E119/><V121/><F121/><W76/><G76/><T40/><D40/><U54/><E34/><V94/><F97/><W42/><G42/><T66/><D66/><U102/><E102/><V85/><F107/><W80/><G80/><T135/><D135/><U81/><E46/><V117/><F117/><W126/><G126/><T62/><D101/><U52/><E41/><V2/><F105/><W59/><G59/><T27/><D100/><U61/><E68/><V69/><F69/><W84/><G84/><T104/><D104/><U103/><E103/><V8/><F56/><W131/><G131/><T113/><D32/><U67/><E58/><V91/><F2/><W112/><G112/><T9/><D113/><U86/><E3/><RYUUKYOKU ba="1,1" sc="274,-10,250,-10,250,-10,216,30" hai3="5,11,12,13,17,20,26,29,33,49,51,88,90" /><INIT seed="1,2,1,3,0,51" ten="264,240,240,246" oya="1" hai0="10,123,58,18,110,14,22,62,43,117,87,72,81" hai1="13,135,89,104,88,115,35,92,66,124,73,7,121" hai2="86,109,108,55,125,75,17,61,48,54,8,46,25" hai3="97,2,45,36,93,132,15,53,114,129,29,30,119"/><U4/><E121/><V70/><F75/><W16/><G2/><T85/><D117/><U84/><E104/><V57/><F125/><W41/><G114/><T77/><D123/><U91/><E115/><V120/><F120/><W98/><G119/><T100/><D110/><N who="2" m="42602" /><F70/><W5/><G5/><T27/><D43/><U71/><E73/><V74/><F74/><W128/><G132/><T0/><D100/><U122/><E122/><V99/><F99/><W107/><G107/><T111/><D0/><U28/><E135/><V67/><F86/><W56/><G30/><T78/><D78/><U83/><E124/><V32/><F8/><W101/><G29/><T118/><D118/><U38/><E38/><V52/><F32/><W90/><G97/><T24/><D24/><U50/><E66/><V3/><F3/><W65/><G65/><T131/><D111/><U37/><E37/><V134/><F134/><W105/><G101/><T69/><D69/><U49/><E71/><N who="2" m="42479" /><F17/><W64/><G64/><T76/><D76/><N who="1" m="46183" /><E35/><V34/><F34/><W103/><G103/><T20/><D72/><U95/><E28/><V23/><F57/><W133/><G105/><T11/><D77/><U1/><E1/><V68/><F68/><W39/><G133/><T12/><D81/><U44/><E4/><V63/><F63/><N who="3" m="36239" /><G36/><T40/><D62/><U47/><E13/><V79/><F79/><W19/><G15/><T42/><D14/><U31/><E31/><V102/><F102/><W6/><G6/><T106/><D12/><U82/><E7/><V112/><F112/><W60/><G60/><RYUUKYOKU ba="2,1" sc="264,-15,240,-15,240,15,246,15" hai2="23,25,46,48,52,54,55" hai3="16,19,39,41,45,90,93,98,128,129" /><INIT seed="2,3,1,3,4,79" ten="249,225,255,261" oya="2" hai0="42,60,58,101,106,12,54,28,25,64,100,92,16" hai1="31,52,104,6,116,55,90,35,48,115,9,71,131" hai2="13,15,91,7,135,97,65,44,119,37,8,61,11" hai3="57,130,34,108,89,109,102,113,56,26,69,3,110"/><V133/><F119/><W121/><G69/><T27/><D106/><U59/><E116/><V70/><F97/><W53/><G121/><T14/><D42/><U83/><E115/><V117/><F117/><W86/><G113/><T23/><D54/><U134/><E131/><V124/><F124/><W112/><G112/><T50/><D50/><U74/><E71/><V41/><REACH who="2" step="1"/><F91/><REACH who="2" ten="249,225,245,261" step="2"/><W84/><G102/><T128/><D101/><U122/><E122/><V76/><F76/><W33/><G130/><T43/><D128/><U80/><E104/><V73/><F73/><W107/><G107/><T24/><D100/><U105/><E105/><V82/><F82/><W132/><G89/><T94/><D28/><U51/><E90/><V62/><F62/><W49/><G109/><T72/><D72/><U111/><E74/><V118/><F118/><W98/><G98/><T32/><D94/><U78/><E111/><V20/><F20/><W127/><G127/><T85/><D32/><U19/><E78/><V36/><F36/><W17/><G110/><T120/><D120/><U114/><E114/><V126/><F126/><W18/><G108/><T96/><D96/><U38/><E38/><V93/><F93/><W95/><G95/><T47/><D92/><U30/><E35/><V40/><F40/><W87/><G33/><T77/><D77/><U68/><E30/><V5/><AGARI ba="3,2" hai="5,7,8,11,13,15,37,41,44,61,65,70,133,135" machi="5" ten="30,6000,0" yaku="1,1,0,1,9,1,53,0" doraHai="79" doraHaiUra="29" who="2" fromWho="2" sc="249,-23,225,-23,245,89,261,-23" /><INIT seed="2,4,0,1,1,97" ten="226,202,334,238" oya="2" hai0="109,81,22,29,101,79,4,27,83,92,65,80,125" hai1="118,23,0,25,135,113,57,98,32,90,127,131,15" hai2="45,94,103,106,112,44,47,99,70,13,40,50,1" hai3="7,66,20,76,74,10,37,105,107,38,36,110,31"/><V82/><F112/><W116/><G116/><T75/><D109/><U130/><E90/><V28/><F1/><N who="3" m="367" /><G20/><T54/><D125/><U21/><E98/><V121/><F121/><W84/><G84/><T63/><D4/><U117/><E57/><V102/><F70/><W132/><G31/><T119/><D119/><N who="1" m="45579" /><E0/><V30/><F82/><N who="3" m="45335" /><G110/><T35/><D54/><U78/><E78/><V56/><F56/><W72/><G132/><T89/><D35/><U64/><E64/><V134/><F134/><W17/><G17/><T96/><REACH who="0" step="1"/><D89/><REACH who="0" ten="216,202,334,238" step="2"/><U9/><E127/><V3/><F40/><W14/><G66/><T42/><D42/><U6/><E135/><V100/><F106/><W34/><G34/><T18/><D18/><U68/><E113/><V73/><F73/><W114/><G114/><T86/><D86/><U62/><E32/><V128/><F128/><N who="1" m="49193" /><E25/><V43/><F43/><W124/><G124/><T41/><D41/><U126/><E126/><V48/><F3/><W85/><G85/><T52/><D52/><U69/><E62/><V71/><F71/><AGARI ba="4,1" hai="22,27,29,63,65,71,75,79,80,81,83,92,96,101" machi="71" ten="30,3900,0" yaku="1,1,7,1,52,1,53,0" doraHai="97" doraHaiUra="115" who="0" fromWho="2" sc="216,61,202,0,334,-51,238,0" /><AGARI ba="4,0" hai="6,9,15,21,23,68,69,71" m="49193,45579" machi="71" ten="40,1300,0" yaku="19,1" doraHai="97" who="1" fromWho="2" sc="277,0,202,13,283,-13,238,0" /><INIT seed="3,0,0,0,5,26" ten="277,215,270,238" oya="3" hai0="91,115,20,121,61,97,46,102,67,104,117,108,127" hai1="87,94,113,53,134,107,70,103,11,80,79,135,128" hai2="129,69,1,84,38,110,34,22,19,132,92,130,21" hai3="106,36,131,73,66,33,90,122,32,41,75,50,14"/><W83/><G122/><T85/><D117/><U120/><E70/><V16/><F69/><W76/><G131/><N who="2" m="50185" /><F38/><W47/><G75/><T48/><D121/><U124/><E128/><V58/><F110/><W65/><G106/><T57/><D108/><U62/><E11/><V17/><F132/><N who="1" m="50729" /><E53/><V116/><F116/><W56/><G90/><T25/><D127/><U81/><E62/><V55/><F1/><W111/><G111/><T123/><D123/><U119/><E120/><V95/><F34/><W15/><G33/><T51/><D115/><U39/><E39/><V13/><F84/><W40/><G32/><T126/><D126/><U10/><E10/><V86/><F86/><W6/><G6/><T72/><D72/><U2/><E2/><V118/><F118/><W7/><G7/><T28/><REACH who="0" step="1"/><D46/><REACH who="0" ten="267,215,270,238" step="2"/><U98/><E124/><V9/><F22/><W105/><G73/><T23/><D23/><U60/><E119/><V89/><F21/><W63/><G47/><T31/><D31/><U101/><E113/><V42/><F42/><W71/><G40/><T82/><AGARI ba="0,1" hai="20,25,28,48,51,57,61,67,82,85,91,97,102,104" machi="82" ten="20,8000,1" yaku="1,1,0,1,7,1,52,1,53,1" doraHai="26" doraHaiUra="100" who="0" fromWho="0" sc="267,90,215,-20,270,-20,238,-40" /><INIT seed="4,0,0,3,2,24" ten="357,195,250,198" oya="0" hai0="39,60,19,90,43,54,59,104,22,50,88,128,69" hai1="11,16,113,124,93,135,114,26,108,10,132,37,7" hai2="61,133,112,86,131,40,49,3,27,66,119,29,95" hai3="8,83,100,78,21,70,109,87,72,67,57,0,99"/><T25/><D104/><U30/><E37/><V91/><F112/><N who="1" m="43113" /><E93/><V79/><F133/><N who="1" m="51273" /><E108/><V94/><F119/><W14/><G70/><T110/><D128/><U117/><E117/><V74/><F131/><W71/><G71/><T48/><D110/><U34/><E124/><V103/><F3/><W92/><G0/><T32/><D50/><U31/><E34/><V44/><F74/><W106/><G109/><T38/><D32/><U47/><E47/><V51/><F79/><W55/><G67/><N who="0" m="41191" /><D39/><U65/><E65/><V63/><F51/><W2/><G2/><T80/><D80/><U126/><E126/><V116/><F116/><W84/><G21/><T46/><AGARI ba="0,0" hai="19,22,25,38,43,46,48,54,59,88,90" m="41191" machi="46" ten="30,3000,0" yaku="24,1,54,1" doraHai="24" who="0" fromWho="0" sc="357,30,195,-10,250,-10,198,-10" /><INIT seed="4,1,0,2,3,40" ten="387,185,240,188" oya="0" hai0="29,117,53,8,1,119,105,92,124,121,60,69,59" hai1="21,46,76,28,102,130,18,34,16,72,62,33,15" hai2="84,82,39,20,54,90,13,7,113,64,98,83,36" hai3="65,44,63,81,11,78,80,50,4,103,125,110,12"/><T30/><D105/><U41/><E130/><V101/><F113/><W107/><G110/><T127/><D121/><U89/><E102/><V132/><F132/><W6/><G125/><N who="0" m="48203" /><D69/><U123/><E123/><V25/><F64/><W42/><G107/><T31/><D92/><U116/><E116/><V128/><F128/><W19/><G103/><T49/><D60/><U126/><E126/><V35/><F35/><W70/><REACH who="3" step="1"/><G81/><REACH who="3" ten="387,185,240,178" step="2"/><T133/><D133/><U43/><E72/><AGARI ba="1,1" hai="4,6,11,12,19,42,44,50,63,65,70,72,78,80" machi="72" ten="30,8000,1" yaku="1,1,2,1,7,1,52,1,53,1" doraHai="40" doraHaiUra="38" who="3" fromWho="1" sc="387,0,185,-83,240,0,178,93" /><INIT seed="5,0,0,1,2,7" ten="387,102,240,271" oya="1" hai0="60,69,120,35,129,85,106,77,43,132,36,31,14" hai1="25,52,58,49,116,71,105,88,13,20,38,110,12" hai2="84,75,81,104,17,135,55,122,65,115,78,62,41" hai3="1,101,64,99,67,50,100,109,92,40,27,2,73"/><U9/><E116/><V123/><F135/><W87/><G109/><T11/><D106/><U80/><E71/><V53/><F104/><W102/><G73/><T29/><D132/><U48/><E38/><V47/><F115/><W108/><G108/><T45/><D129/><U134/><E105/><V68/><F17/><W93/><G1/><T111/><D120/><U42/><E134/><V33/><F33/><W107/><G107/><T113/><D113/><U32/><E32/><V24/><F24/><W126/><G2/><T91/><D77/><U57/><E110/><V97/><F97/><W51/><G126/><T30/><D111/><U82/><E13/><V26/><F26/><W70/><G70/><T90/><D35/><U3/><E3/><V5/><F5/><W8/><G27/><T72/><D72/><U95/><E42/><V19/><F19/><W128/><G128/><T6/><D85/><N who="1" m="52623" /><E48/><V124/><F124/><W121/><G51/><T4/><D4/><N who="1" m="3111" /><E57/><V15/><F15/><W131/><G50/><T94/><D69/><U56/><E56/><V117/><F117/><W10/><G40/><T125/><D125/><U63/><E63/><V59/><F68/><W37/><G37/><T21/><D60/><U98/><E98/><V130/><F130/><W119/><G119/><T118/><D118/><U16/><AGARI ba="0,0" hai="16,20,25,49,52,58,80,82" m="3111,52623" machi="16" ten="30,12000,1" yaku="8,1,52,1,54,3" doraHai="7" who="1" fromWho="1" sc="387,-40,102,120,240,-40,271,-40" /><INIT seed="5,1,0,1,0,44" ten="347,222,200,231" oya="1" hai0="92,1,73,84,33,34,125,8,32,126,68,54,102" hai1="41,94,97,52,120,37,106,59,46,129,105,25,50" hai2="124,55,22,5,20,117,62,85,56,49,131,112,111" hai3="21,79,122,133,51,28,135,4,88,43,36,12,90"/><U98/><E120/><V104/><F117/><W23/><G122/><T19/><D73/><U14/><E129/><V71/><F111/><W80/><G36/><T107/><D68/><U108/><E108/><V121/><F121/><W40/><G28/><T29/><D107/><U100/><E25/><V57/><F131/><W109/><G109/><T99/><D84/><U0/><E0/><V9/><F104/><W101/><G101/><T45/><D29/><U7/><REACH who="1" step="1"/><E97/><REACH who="1" ten="347,212,200,231" step="2"/><V113/><F112/><W27/><G27/><T16/><D1/><U35/><E35/><V123/><F123/><W127/><G127/><T60/><D34/><U128/><E128/><V114/><F124/><W83/><G12/><T119/><D33/><U72/><E72/><V38/><F114/><W130/><G130/><T82/><D32/><U110/><E110/><V70/><F113/><W48/><G79/><T10/><D126/><U96/><E96/><V39/><F85/><W58/><G58/><N who="0" m="34903" /><D125/><U77/><E77/><V95/><F70/><W18/><G133/><T93/><D99/><U47/><E47/><V26/><F71/><W30/><G135/><T31/><D45/><U78/><E78/><V53/><F26/><W6/><G30/><T76/><D31/><U103/><E103/><V132/><F132/><W11/><G90/><T74/><D102/><U15/><E15/><V116/><F116/><W69/><G88/><T87/><D119/><U63/><E63/><V13/><F95/><N who="0" m="36426" /><D74/><U86/><E86/><V24/><F24/><W17/><G69/><T66/><D87/><U75/><E75/><RYUUKYOKU ba="1,1" sc="347,-30,212,10,200,10,231,10" hai1="7,14,37,41,46,50,52,59,94,98,100,105,106" hai2="5,9,13,20,22,38,39,49,53,55,56,57,62" hai3="4,6,11,17,18,21,23,40,43,48,51,80,83" /><INIT seed="5,2,1,1,4,91" ten="317,222,210,241" oya="1" hai0="74,40,65,70,135,33,38,2,76,130,57,94,6" hai1="66,82,1,17,5,97,124,13,35,104,87,128,133" hai2="21,32,99,121,88,107,86,16,114,96,12,42,23" hai3="4,93,9,26,131,132,73,89,95,119,101,77,52"/><U53/><E35/><V7/><F121/><W10/><G132/><T103/><D33/><U24/><E133/><V3/><F32/><W69/><G69/><T48/><D135/><U110/><E128/><V30/><F114/><W109/><G109/><T112/><D112/><U18/><E110/><V64/><F64/><W54/><G131/><T134/><D134/><U125/><E66/><V62/><F62/><W84/><G119/><T31/><D31/><U8/><E53/><V122/><F122/><W100/><G26/><T39/><D130/><U123/><E123/><V27/><F107/><W108/><G108/><T61/><D76/><U98/><E24/><N who="2" m="16671" /><F3/><W19/><G73/><T85/><D74/><U11/><E18/><N who="2" m="12727" /><F42/><W113/><G77/><T49/><D39/><U20/><E20/><N who="2" m="11271" /><F7/><W14/><G113/><T34/><D34/><U47/><E47/><V90/><F90/><N who="3" m="53447" /><G4/><T25/><D6/><U127/><E104/><V118/><F118/><W68/><G68/><T58/><D2/><U79/><AGARI ba="2,1" hai="1,5,8,11,13,17,79,82,87,97,98,124,125,127" machi="79" ten="30,3000,0" yaku="0,1,18,1" doraHai="91" who="1" fromWho="1" sc="317,-12,222,46,210,-12,241,-12" /><INIT seed="5,3,0,3,4,25" ten="305,268,198,229" oya="1" hai0="35,107,7,5,73,93,2,121,77,114,91,86,82" hai1="119,32,51,57,112,85,103,133,116,84,134,27,70" hai2="90,14,47,80,59,94,60,130,72,79,62,122,34" hai3="102,31,28,33,92,23,83,48,128,110,66,4,81"/><U74/><E70/><V87/><F122/><W129/><G110/><T56/><D121/><U15/><E74/><V42/><F130/><N who="3" m="50283" /><G33/><T131/><D131/><U19/><E103/><V41/><F34/><W101/><G66/><T3/><D114/><U39/><E39/><V37/><F42/><W118/><G118/><N who="1" m="45098" /><E57/><V123/><F123/><W54/><G4/><T0/><D56/><U13/><E51/><V40/><F40/><W52/><G23/><T20/><D35/><U64/><E64/><V115/><F115/><W127/><G127/><T10/><D107/><U53/><E53/><N who="3" m="20586" /><G48/><T45/><D7/><U61/><E61/><V49/><F49/><W43/><G43/><T17/><D45/><U58/><E58/><V75/><F75/><W55/><G55/><T26/><AGARI ba="3,0" hai="0,2,3,5,10,17,20,26,73,77,82,86,91,93" machi="26" ten="20,1500,0" yaku="0,1,7,1" doraHai="25" who="0" fromWho="0" sc="305,24,268,-10,198,-7,229,-7" /><INIT seed="6,0,0,0,3,73" ten="329,258,191,222" oya="2" hai0="40,64,4,23,91,132,10,38,71,59,18,53,105" hai1="112,119,70,65,36,32,87,68,104,17,34,79,25" hai2="109,95,134,84,21,28,67,24,86,88,26,58,116" hai3="57,55,82,107,126,45,77,42,9,89,43,131,66"/><V124/><F116/><W61/><G107/><T123/><D123/><U128/><E104/><V63/><F134/><W106/><G106/><T62/><D105/><U12/><E36/><V13/><F124/><W54/><G126/><T5/><D132/><U108/><E108/><V50/><F109/><W121/><G121/><T81/><D10/><U14/><E119/><V98/><F13/><W115/><G131/><T75/><D91/><U111/><E111/><V11/><F11/><W35/><G35/><T99/><D99/><U33/><E128/><V129/><F129/><W51/><G115/><T16/><D18/><U29/><E112/><V118/><F118/><W3/><G89/><T93/><D93/><U19/><E65/><V130/><F130/><W85/><G3/><T94/><D94/><U69/><E87/><V30/><REACH who="2" step="1"/><F50/><REACH who="2" ten="329,258,181,222" step="2"/><N who="3" m="29007" /><G9/><T49/><D49/><U7/><E7/><V110/><F110/><W114/><G114/><T74/><D5/><U125/><E125/><V39/><F39/><W46/><AGARI ba="0,1" hai="42,43,46,51,55,57,61,66,77,82,85" m="29007" machi="46" ten="30,2000,0" yaku="8,1,52,1" doraHai="73" who="3" fromWho="3" sc="329,-5,258,-5,181,-10,222,30" /><INIT seed="7,0,0,5,5,16" ten="324,253,171,252" oya="3" hai0="128,80,34,56,50,39,132,49,133,127,48,30,117" hai1="65,33,8,42,59,100,15,43,10,55,108,125,119" hai2="20,6,72,84,28,79,87,103,36,4,45,62,78" hai3="92,60,63,17,27,19,35,81,66,126,74,57,1"/><W102/><G1/><T123/><D39/><U135/><E108/><V32/><F32/><W58/><G126/><T52/><D117/><U40/><E33/><V75/><F103/><W113/><G113/><T51/><D123/><U91/><E119/><V14/><F62/><W105/><G105/><T101/><D101/><U7/><E100/><V118/><F118/><W41/><G41/><T26/><D127/><U21/><E125/><V11/><F36/><W47/><G47/><T23/><D80/><U122/><E122/><V121/><F121/><W88/><G102/><T22/><D128/><U98/><E135/><AGARI ba="0,0" hai="22,23,26,30,34,48,49,50,51,52,56,132,133,135" machi="135" ten="40,8000,1" yaku="20,1,52,2,54,1" doraHai="16" who="0" fromWho="1" sc="324,80,253,-80,171,0,252,0" owari="404,51.0,173,-23.0,171,-33.0,252,5.0" /></mjloggm>