<mjloggm ver="2.3"><GO type="41" lobby="0"/><UN n0="%E5%B0%B1%E6%B4%BB%E7%94%9F%40%E5%B7%9D%E6%9D%91%E8%BB%8D%E5%9B%A3" n1="%50%45%4E%5A%50%45%4E" n2="%65%6B%65%72%6F%6D%61" n3="%77%61%77%61%33%30%33%30" dan="15,16,15,14" rate="1981.39,2010.80,1982.19,1970.07" sx="M,M,F,M"/><TAIKYOKU oya="0"/><INIT seed="0,0,0,3,5,1" ten="250,250,250,250" oya="0" hai0="75,29,114,38,50,71,2,76,123,90,126,89,36" hai1="109,30,87,77,44,106,100,15,55,6,56,5,61" hai2="7,127,41,73,99,117,107,65,23,51,125,94,133" hai3="103,128,28,45,11,74,129,111,104,134,62,69,21"/><T78/><D123/><U120/><E120/><V58/><F107/><W47/><G74/><T97/><D114/><U0/><E0/><V19/><F73/><W82/><G11/><T4/><D71/><U130/><E106/><V20/><F133/><W113/><G82/><T108/><D108/><U43/><E130/><V105/><F105/><W3/><G3/><T59/><D126/><N who="2" m="48138" /><F117/><W66/><G111/><T131/><D131/><U27/><E109/><V57/><F23/><W92/><G104/><T96/><D29/><U83/><E15/><N who="2" m="9343" /><F65/><W67/><G67/><T63/><D50/><N who="1" m="26911" /><E100/><N who="2" m="60535" /><F7/><N who="1" m="2569" /><E27/><V35/><F35/><W81/><G128/><T9/><D38/><U98/><E98/><V52/><F41/><W70/><G129/><T33/><D36/><U16/><E16/><V112/><F112/><W88/><G113/><T25/><D75/><U17/><E17/><V102/><F102/><W115/><G103/><T46/><D33/><U85/><E85/><V135/><F135/><W122/><G134/><T80/><D25/><U12/><E12/><V64/><F64/><W53/><G66/><T37/><D37/><U95/><E95/><V49/><F49/><W91/><G92/><T54/><D2/><U31/><AGARI ba="0,0" hai="30,31,55,56,61,77,83,87" m="2569,26911" machi="31" ten="30,7900,0" yaku="8,1,52,3" doraHai="1" who="1" fromWho="1" sc="250,-39,250,79,250,-20,250,-20" /><INIT seed="1,0,0,3,5,62" ten="211,329,230,230" oya="1" hai0="85,13,61,76,11,5,15,80,29,108,1,38,71" hai1="63,115,24,4,33,94,23,42,70,128,111,133,56" hai2="89,77,87,0,3,127,101,65,79,44,119,34,10" hai3="106,102,48,55,72,43,37,121,17,97,93,125,84"/><U130/><E115/><V91/><F34/><W124/><G121/><T73/><D108/><U46/><E70/><V116/><F101/><W96/><G37/><T41/><D29/><N who="1" m="17567" /><E33/><V88/><F127/><W109/><G43/><T135/><D135/><U49/><E133/><V131/><F131/><N who="1" m="50217" /><E4/><V35/><F35/><W57/><G72/><T22/><D22/><U16/><E111/><V36/><F65/><W50/><G109/><T40/><D40/><U112/><E112/><V20/><F20/><W95/><G84/><T7/><D7/><U66/><E94/><V105/><F105/><W83/><G83/><T6/><D6/><U86/><E86/><V60/><F60/><W118/><G118/><T113/><D113/><U26/><E26/><V69/><F69/><W75/><G75/><T32/><D32/><U2/><E2/><V123/><F123/><W39/><G39/><T132/><D132/><U82/><E82/><V31/><F31/><W99/><G17/><AGARI ba="0,0" hai="16,17,42,46,49,56,63,66" m="50217,17567" machi="17" ten="30,5800,0" yaku="19,1,52,1,54,1" doraHai="62" who="1" fromWho="3" sc="211,0,329,58,230,0,230,-58" /><INIT seed="1,1,0,1,3,74" ten="211,387,230,172" oya="1" hai0="129,128,8,106,101,80,17,120,62,61,84,89,44" hai1="63,54,51,79,7,38,16,126,36,69,110,105,14" hai2="46,6,43,29,41,60,22,25,119,127,31,103,121" hai3="32,71,104,95,94,0,4,118,72,39,27,23,45"/><U98/><E126/><V21/><F121/><W86/><G104/><T124/><D120/><U109/><E7/><V42/><F119/><W114/><G71/><T76/><D124/><U48/><E79/><V108/><F127/><W56/><G72/><T96/><D44/><N who="1" m="27911" /><E51/><V12/><F103/><W85/><G4/><T73/><D17/><U10/><E69/><V100/><F100/><W40/><G0/><T52/><D8/><U125/><E63/><V49/><F60/><W28/><G32/><T132/><D132/><U5/><E105/><V37/><F37/><N who="1" m="14441" /><E98/><V82/><F82/><W68/><G68/><T3/><D3/><U107/><E107/><V93/><F93/><W92/><G118/><T26/><D26/><U131/><E5/><V35/><F108/><N who="1" m="41577" /><E125/><V130/><F6/><W13/><G114/><T24/><D24/><U9/><E131/><N who="0" m="50249" /><D52/><U64/><E64/><V112/><F112/><W50/><G39/><T135/><D135/><U70/><E70/><V102/><F49/><W57/><G13/><T81/><AGARI ba="1,0" hai="61,62,73,76,80,81,84,89,96,101,106" m="50249" machi="81" ten="30,2000,0" yaku="19,1,52,1" doraHai="74" who="0" fromWho="0" sc="211,23,387,-11,230,-6,172,-6" /><INIT seed="2,0,0,0,3,31" ten="234,376,224,166" oya="2" hai0="11,16,131,13,96,123,0,17,80,106,28,84,42" hai1="70,58,90,122,18,112,66,56,25,59,128,39,10" hai2="50,35,65,116,129,88,46,113,2,41,132,85,57" hai3="12,98,48,30,102,74,135,44,126,40,21,1,4"/><V53/><F116/><W79/><G1/><T82/><D123/><U86/><E39/><V8/><F113/><W104/><G126/><T75/><D131/><U93/><E70/><V3/><F65/><W124/><G124/><T91/><D28/><U83/><E112/><V101/><F101/><W49/><G135/><T15/><D0/><U33/><E33/><V45/><F129/><W38/><G4/><T133/><D133/><U9/><E122/><V120/><F120/><W27/><REACH who="3" step="1"/><G12/><REACH who="3" ten="234,376,224,156" step="2"/><T47/><D15/><N who="1" m="7535" /><E128/><V117/><F3/><W60/><G60/><T121/><D121/><U94/><E66/><V87/><F2/><W68/><G68/><T119/><D119/><U105/><E105/><V76/><F132/><W111/><G111/><T22/><D13/><U69/><E69/><V114/><F117/><W23/><G23/><T134/><D22/><U32/><E32/><V77/><F35/><W109/><G109/><T36/><D11/><U67/><E67/><V103/><F114/><W34/><G34/><T62/><D62/><U14/><E14/><V29/><F8/><W99/><G99/><T107/><D134/><U5/><E10/><V55/><F29/><W72/><G72/><T43/><D96/><U54/><E5/><V110/><F110/><W24/><G24/><T78/><D107/><U95/><E54/><N who="2" m="31959" /><F103/><W89/><G89/><T64/><D106/><U20/><E20/><V127/><F127/><W61/><G61/><T100/><D100/><U130/><E130/><V108/><F108/><W125/><G125/><T51/><D64/><U118/><E118/><RYUUKYOKU ba="0,1" sc="234,10,376,10,224,-30,156,10" hai0="16,17,36,42,43,47,51,75,78,80,82,84,91" hai1="25,56,58,59,83,86,90,93,94,95" hai3="21,27,30,38,40,44,48,49,74,79,98,102,104" /><INIT seed="3,1,1,4,3,24" ten="244,386,194,166" oya="3" hai0="92,93,130,132,135,98,11,50,40,94,120,1,0" hai1="77,126,103,60,7,39,10,9,21,86,3,85,27" hai2="45,82,129,31,99,72,58,49,111,91,79,62,110" hai3="26,30,97,34,32,109,15,68,100,2,66,83,81"/><W33/><G2/><T41/><D120/><U13/><E126/><V80/><F129/><W8/><G109/><N who="2" m="41481" /><F31/><W17/><G66/><T46/><D130/><U71/><E39/><V38/><F38/><W107/><REACH who="3" step="1"/><G68/><REACH who="3" ten="244,386,194,156" step="2"/><T133/><D1/><U88/><E71/><V125/><F125/><W29/><G29/><T65/><D65/><U37/><E3/><V51/><F45/><W117/><G117/><T56/><D0/><U76/><E37/><V12/><F12/><W84/><G84/><T123/><D123/><U70/><E86/><N who="2" m="50631" /><F99/><W89/><G89/><T121/><D121/><U115/><E85/><V53/><AGARI ba="1,2" hai="49,51,53,58,62,72,79,82" m="50631,41481" machi="53" ten="30,1100,0" yaku="14,1" doraHai="24" who="2" fromWho="2" sc="244,-4,386,-4,194,34,156,-6" /><INIT seed="4,0,0,0,3,135" ten="240,382,228,150" oya="0" hai0="126,62,13,86,47,56,29,118,25,127,99,7,130" hai1="87,8,45,48,10,117,6,114,120,43,57,98,37" hai2="104,16,52,123,35,97,18,119,27,81,58,121,30" hai3="65,93,24,77,59,113,31,72,69,61,40,82,76"/><T91/><D118/><U116/><E120/><V44/><F119/><W68/><G113/><T90/><D130/><U80/><E114/><V46/><F81/><W101/><G77/><T9/><D99/><U53/><E10/><V73/><F73/><W17/><G17/><T42/><D29/><U96/><E116/><V131/><F131/><W107/><G40/><T122/><D25/><U55/><E55/><V22/><F18/><W26/><G26/><T95/><D91/><U128/><E128/><V28/><F28/><W51/><G51/><T102/><D102/><U79/><E117/><V15/><F121/><W106/><G68/><T109/><D109/><U134/><E134/><V78/><F78/><W21/><REACH who="3" step="1"/><G69/><REACH who="3" ten="240,382,228,140" step="2"/><T105/><D122/><U85/><E37/><V84/><F123/><W60/><G60/><T92/><D105/><U23/><E79/><V49/><F104/><W2/><G2/><T14/><D14/><U38/><E43/><V63/><F63/><W4/><G4/><T1/><D1/><U108/><E38/><V3/><F3/><W12/><G12/><T129/><D129/><U41/><E108/><V70/><F70/><W100/><G100/><T39/><REACH who="0" step="1"/><D92/><REACH who="0" ten="230,382,228,140" step="2"/><U112/><E112/><V36/><F15/><W103/><G103/><T71/><D71/><U125/><E125/><V111/><F27/><W19/><G19/><T50/><D50/><U115/><E48/><V64/><F49/><W74/><G74/><T75/><D75/><U110/><E115/><V32/><F111/><W33/><G33/><T34/><D34/><U83/><E110/><RYUUKYOKU ba="0,2" sc="230,15,382,-15,228,-15,140,15" hai0="7,9,13,39,42,47,56,62,86,90,95,126,127" hai3="21,24,31,59,61,65,72,76,82,93,101,106,107" /><INIT seed="4,1,2,3,5,55" ten="245,367,213,155" oya="0" hai0="116,38,121,109,61,110,111,65,75,54,70,126,72" hai1="103,78,36,131,96,135,14,56,22,74,16,73,71" hai2="24,12,23,112,35,6,83,127,114,1,41,19,31" hai3="133,57,86,104,122,33,13,81,50,118,25,132,42"/><T128/><D116/><U101/><E71/><V28/><F41/><W123/><G104/><T4/><D121/><N who="3" m="46089" /><G118/><T92/><D126/><U95/><E36/><V26/><F83/><W59/><G13/><T84/><D38/><U77/><E135/><N who="3" m="51786" /><G42/><T115/><D115/><N who="2" m="44074" /><F127/><W0/><G50/><T37/><D37/><U79/><E131/><V68/><F68/><W40/><G40/><T91/><D128/><U85/><E85/><V17/><F17/><W106/><G0/><T125/><D125/><U51/><REACH who="1" step="1"/><E103/><REACH who="1" ten="245,357,213,155" step="2"/><V88/><F35/><W49/><G106/><T100/><D100/><U2/><E2/><V105/><F105/><W98/><G98/><T21/><D72/><U39/><E39/><V15/><F1/><W32/><G49/><T97/><D75/><U3/><E3/><V60/><F6/><W10/><G10/><T45/><D84/><U29/><E29/><V5/><F31/><N who="3" m="19567" /><G33/><T53/><D109/><U7/><E7/><V62/><F28/><W76/><AGARI ba="1,3" hai="57,59,76,81,86" m="19567,51786,46089" machi="76" ten="30,7900,0" yaku="13,1,20,1,52,2" doraHai="55" who="3" fromWho="3" sc="245,-40,357,-21,213,-21,155,112" /><INIT seed="5,0,0,4,4,26" ten="205,336,192,267" oya="1" hai0="43,47,117,135,102,95,60,72,103,127,14,63,87" hai1="107,101,56,9,57,34,25,36,91,45,81,21,44" hai2="90,62,32,65,41,66,10,97,49,1,15,0,106" hai3="114,75,37,109,121,48,98,27,93,100,125,46,33"/><U130/><E34/><V17/><F32/><W96/><G75/><T120/><D72/><U92/><E107/><V77/><F77/><W42/><G114/><T3/><D3/><U86/><E130/><V22/><F66/><W83/><G125/><T132/><D117/><U19/><E36/><V84/><F97/><W55/><G121/><T24/><D120/><U35/><E35/><V123/><F106/><W94/><G83/><T112/><D112/><U105/><E105/><V4/><F123/><W128/><G128/><T78/><D127/><U99/><E9/><V74/><F74/><W5/><G5/><T39/><D14/><U82/><E81/><V129/><F129/><W134/><G134/><N who="0" m="51243" /><D24/><U70/><E70/><V88/><F84/><W80/><G80/><N who="0" m="47511" /><D95/><U119/><E119/><V13/><F0/><W50/><G55/><T111/><D111/><U116/><E116/><V11/><F49/><W68/><G68/><T29/><D29/><U69/><E69/><V118/><F41/><W8/><G8/><T131/><D131/><U30/><E19/><V76/><F76/><W2/><G2/><T79/><D79/><U108/><E108/><V67/><F118/><W7/><G7/><T6/><D6/><U18/><E18/><V85/><F85/><W51/><G109/><T23/><D23/><U31/><E31/><V110/><F110/><W52/><G33/><T89/><D89/><N who="2" m="34410" /><F62/><AGARI ba="0,0" hai="39,43,47,60,62,63,102,103" m="47511,51243" machi="62" ten="30,1000,0" yaku="20,1" doraHai="26" who="0" fromWho="2" sc="205,10,336,0,192,-10,267,0" /><INIT seed="6,0,0,5,4,79" ten="215,336,182,267" oya="2" hai0="126,63,112,42,57,44,41,10,81,92,119,127,76" hai1="96,38,77,50,83,43,90,133,2,58,108,109,33" hai2="18,14,88,3,120,122,73,95,7,15,89,20,98" hai3="32,39,97,23,117,118,59,75,72,61,46,105,52"/><V26/><F73/><W130/><G32/><T55/><D119/><U134/><E33/><V86/><F3/><W102/><G130/><T101/><D112/><U78/><E2/><V64/><F64/><W121/><G121/><T17/><D101/><U107/><E38/><V124/><F124/><N who="0" m="47658" /><D92/><N who="1" m="56343" /><E107/><V25/><F25/><W80/><G75/><N who="0" m="43167" /><D44/><N who="1" m="25887" /><E77/><V0/><F0/><W48/><G39/><T87/><D87/><N who="1" m="48631" /><E58/><V67/><F67/><W132/><G72/><T28/><D28/><U1/><E1/><V5/><F122/><W9/><G132/><AGARI ba="0,0" hai="108,109,132,133,134" m="48631,25887,56343" machi="132" ten="30,2000,0" yaku="20,1,52,1" doraHai="79" who="1" fromWho="3" sc="215,0,336,20,182,0,267,-20" /><INIT seed="7,0,0,4,2,65" ten="215,356,182,247" oya="3" hai0="70,110,46,109,97,79,52,60,24,62,96,21,41" hai1="117,40,48,78,123,28,50,42,135,107,33,75,9" hai2="61,112,64,12,25,94,22,121,55,106,71,30,119" hai3="32,38,63,85,126,36,90,8,59,54,27,92,53"/><W67/><G126/><T82/><D109/><U16/><E123/><V99/><F121/><W29/><REACH who="3" step="1"/><G8/><REACH who="3" ten="215,356,182,237" step="2"/><T7/><D110/><U124/><E9/><V73/><F119/><W0/><G0/><T86/><D7/><U88/><E124/><V51/><F112/><W6/><G6/><T74/><D74/><U118/><E117/><V89/><F73/><W131/><G131/><T132/><D132/><U10/><E118/><V44/><F106/><W101/><G101/><T31/><D62/><U133/><E75/><V102/><REACH who="2" step="1"/><F12/><REACH who="2" ten="215,356,172,237" step="2"/><W100/><G100/><AGARI ba="0,2" hai="22,25,30,44,51,55,61,64,71,89,94,99,100,102" machi="100" ten="40,5200,0" yaku="1,1,2,1,52,1,53,0" doraHai="65" doraHaiUra="3" who="2" fromWho="3" sc="215,0,356,0,172,72,237,-52" owari="215,-18.0,356,45.0,244,4.0,185,-31.0" /></mjloggm>