<mjloggm ver="2.3"><GO type="97" lobby="0"/><UN n0="%E6%98%9F%E7%A9%BA%E3%81%AB%E8%AA%93%E3%81%86" n1="%E3%83%87%E3%82%B8" n2="%E2%98%85%E9%9B%85%E2%98%85" n3="%E5%B0%B1%E6%B4%BB%E7%94%9F%40%E5%B7%9D%E6%9D%91%E8%BB%8D%E5%9B%A3" dan="13,14,14,15" rate="1834.68,1877.92,1965.37,2057.49" sx="M,M,M,M"/><TAIKYOKU oya="0"/><INIT seed="0,0,0,2,2,89" ten="250,250,250,250" oya="0" hai0="2,30,48,82,25,109,85,104,121,19,111,110,77" hai1="96,74,112,71,106,38,3,42,51,126,113,100,93" hai2="0,122,20,115,56,131,97,90,79,6,83,80,50" hai3="9,60,130,135,43,16,78,114,102,45,8,5,103"/><T94/><D121/><U107/><E71/><V68/><F115/><N who="1" m="44105" /><E74/><V28/><F68/><W87/><G114/><T10/><D104/><U70/><E3/><V33/><F33/><W73/><G73/><N who="0" m="43311" /><D48/><U75/><E126/><V4/><F0/><W101/><G130/><T99/><D85/><U59/><E70/><V98/><F131/><W35/><G35/><N who="0" m="20943" /><D19/><U69/><E69/><V37/><F37/><W88/><G135/><T15/><D2/><U61/><E38/><V1/><F1/><W132/><G78/><T86/><D86/><U44/><E75/><V27/><F122/><W7/><G132/><T62/><D62/><U65/><AGARI ba="0,0" hai="42,44,51,59,61,65,93,96,100,106,107" m="44105" machi="65" ten="30,2000,0" yaku="11,1,52,1" doraHai="89" who="1" fromWho="1" sc="250,-10,250,20,250,-5,250,-5" /><INIT seed="1,0,0,0,2,58" ten="240,270,245,245" oya="1" hai0="99,26,13,101,17,55,47,54,57,38,60,69,113" hai1="84,106,121,76,1,34,8,63,83,64,108,115,23" hai2="53,92,39,85,9,119,30,4,12,135,29,67,73" hai3="40,61,104,27,128,70,21,81,89,52,79,88,44"/><U19/><E106/><V74/><F39/><W2/><G104/><T35/><D113/><U111/><E34/><V130/><F119/><W117/><G2/><T114/><D114/><U133/><E121/><V96/><F135/><W103/><G117/><T77/><D69/><N who="1" m="42143" /><E133/><V91/><F130/><W123/><G123/><T131/><D77/><U102/><E102/><V51/><F67/><W72/><G128/><T65/><D131/><U50/><E115/><V94/><F74/><W15/><G103/><T16/><D35/><U129/><E129/><V82/><F73/><W93/><G15/><T116/><D116/><U32/><E32/><V48/><F48/><W22/><G22/><N who="0" m="13647" /><D38/><U78/><E78/><V87/><F87/><W100/><G100/><T14/><D47/><U20/><E50/><V62/><F62/><W31/><G93/><N who="2" m="35945" /><F96/><W68/><G68/><T56/><D101/><U80/><E80/><V90/><F90/><W36/><REACH who="3" step="1"/><G70/><REACH who="3" ten="240,270,245,235" step="2"/><T41/><D14/><N who="1" m="7623" /><E1/><V18/><F4/><W127/><G127/><T5/><D5/><U28/><E28/><V7/><F7/><W33/><G33/><T95/><D41/><U59/><E59/><AGARI ba="0,1" hai="9,12,18,29,30,51,53,59,82,85,91" m="35945" machi="59" ten="30,1000,0" yaku="8,1" doraHai="58" who="2" fromWho="1" sc="240,0,270,-10,245,20,235,0" /><AGARI ba="0,0" hai="21,27,31,36,40,44,52,59,61,72,79,81,88,89" machi="59" ten="40,8000,1" yaku="1,1,52,1,54,2,53,0" doraHai="58" doraHaiUra="132" who="3" fromWho="1" sc="240,0,260,-80,265,0,235,80" /><INIT seed="2,0,0,4,3,39" ten="240,180,265,315" oya="2" hai0="49,84,100,122,97,25,63,58,19,123,83,108,134" hai1="11,128,82,91,20,34,22,55,87,60,17,95,131" hai2="115,15,9,32,112,16,99,4,77,102,44,66,119" hai3="3,6,98,110,89,50,24,116,27,88,7,70,23"/><V47/><F119/><W135/><G70/><T120/><D134/><U14/><E34/><V81/><F32/><W103/><G116/><T0/><D0/><U35/><E35/><V12/><F66/><W94/><G110/><T92/><D108/><U67/><E55/><V72/><F115/><W93/><G135/><T76/><D49/><U101/><E131/><V38/><F112/><W62/><G3/><T74/><D19/><U127/><E127/><V73/><F73/><W29/><G27/><T1/><D1/><U85/><E128/><V13/><F38/><W111/><G111/><T71/><D25/><U21/><E101/><V125/><F125/><W117/><G117/><T10/><D10/><U90/><REACH who="1" step="1"/><E22/><REACH who="1" ten="240,170,265,315" step="2"/><V126/><F126/><W37/><G23/><T96/><D100/><U26/><E26/><V129/><F129/><W59/><G24/><T18/><D123/><U45/><E45/><V86/><F72/><W53/><G103/><T124/><D122/><U109/><E109/><V104/><F13/><W133/><G133/><T61/><D120/><U107/><E107/><V68/><F68/><AGARI ba="0,1" hai="11,14,17,20,21,60,67,68,82,85,87,90,91,95" machi="68" ten="30,2000,0" yaku="1,1,7,1,53,0" doraHai="39" doraHaiUra="43" who="1" fromWho="2" sc="240,0,170,30,265,-20,315,0" /><INIT seed="3,0,0,2,0,20" ten="240,200,245,315" oya="3" hai0="81,59,69,34,112,130,4,56,122,90,49,12,60" hai1="11,55,95,126,15,135,18,8,41,52,45,107,66" hai2="51,16,29,24,131,13,87,43,5,134,44,21,7" hai3="97,89,33,120,88,91,48,128,22,76,79,67,46"/><W61/><G120/><T30/><D122/><U65/><E107/><V116/><F116/><W75/><G128/><T115/><D130/><U83/><E126/><V32/><F131/><W121/><G121/><T70/><D34/><U94/><E135/><V23/><F134/><W82/><G33/><T42/><D30/><U47/><E83/><V93/><F32/><W72/><G97/><T39/><D39/><U31/><E31/><V10/><F10/><W77/><G22/><T2/><D2/><U80/><E80/><V9/><F9/><W85/><G75/><T101/><D101/><U28/><E28/><V102/><F102/><W37/><G37/><T58/><D4/><U71/><E71/><N who="0" m="27145" /><D12/><U113/><E113/><N who="0" m="43593" /><D81/><U3/><E3/><V40/><F40/><N who="3" m="24647" /><G72/><T132/><D90/><AGARI ba="0,0" hai="5,7,13,16,21,23,24,29,43,44,51,87,90,93" machi="90" ten="40,5200,0" yaku="8,1,52,1,54,1" doraHai="20" who="2" fromWho="0" sc="240,-52,200,0,245,52,315,0" owari="188,-31.0,200,-20.0,297,10.0,315,41.0" /></mjloggm>