<mjloggm ver="2.3"><GO type="225" lobby="0"/><UN n0="%E8%B6%85%E4%BA%BA%EF%BC%AD" n1="%E3%83%88%E3%83%88%E3%83%AA%E5%85%88%E7%94%9F%31%39%E6%AD%B3" n2="%E3%81%BF%E3%81%A3%E3%81%A4%E3%81%83%EF%BD%9E" n3="%6B%79%6F%6E%6B%6F%31%31" dan="16,18,18,17" rate="2237.00,2268.54,2154.96,2201.43" sx="M,F,F,M"/><TAIKYOKU oya="0"/><INIT seed="0,0,0,1,0,75" ten="250,250,250,250" oya="0" hai0="115,132,54,72,133,111,113,19,25,23,42,6,59" hai1="118,21,89,95,125,61,55,63,68,12,49,38,102" hai2="33,117,65,79,53,81,34,3,14,56,32,83,71" hai3="13,22,96,69,108,30,129,43,112,8,0,85,90"/><T123/><D72/><U92/><E118/><V45/><F3/><W98/><G69/><T57/><D123/><U1/><E1/><V87/><F117/><W17/><G112/><T47/><D6/><U106/><E106/><V101/><F71/><W48/><G108/><T16/><D19/><N who="1" m="10471" /><E38/><V28/><F101/><W126/><G126/><T100/><D100/><U37/><E37/><V9/><F45/><N who="3" m="25663" /><G129/><T82/><D82/><U94/><E68/><V4/><F83/><N who="3" m="49471" /><G0/><T52/><D111/><U135/><E135/><N who="0" m="51785" /><D42/><U41/><E41/><V15/><F65/><W107/><G107/><T64/><D64/><U70/><E70/><V36/><F15/><N who="3" m="9535" /><G30/><T40/><D40/><U24/><E125/><V121/><F36/><W27/><G27/><T20/><D20/><U18/><E102/><V120/><REACH who="2" step="1"/><F28/><REACH who="2" ten="250,250,240,250" step="2"/><W99/><G99/><T86/><D47/><N who="1" m="28095" /><E95/><V7/><F7/><AGARI ba="0,1" hai="7,8,13,96,98" m="9535,49471,25663" machi="7" ten="30,1000,0" yaku="8,1" doraHai="75" who="3" fromWho="2" sc="250,0,250,0,240,-10,250,20" /><INIT seed="1,0,0,3,2,66" ten="250,250,230,270" oya="1" hai0="4,19,39,51,43,134,127,16,91,40,78,38,103" hai1="124,30,17,72,20,79,123,53,73,113,54,6,24" hai2="13,133,0,96,94,64,82,116,15,50,35,84,87" hai3="106,48,88,23,86,80,119,110,36,122,65,126,7"/><U99/><E113/><V45/><F35/><W98/><G36/><T89/><D4/><U47/><E123/><V118/><F0/><W14/><G122/><T27/><D78/><U100/><E124/><V120/><F120/><W10/><G126/><T83/><D127/><U52/><E6/><V12/><F133/><W22/><G110/><T3/><D3/><U41/><E30/><V34/><F34/><W97/><G119/><T2/><D2/><U67/><E79/><V130/><F130/><W101/><G65/><T1/><D1/><U131/><E67/><V25/><F25/><W114/><G114/><T105/><D134/><U132/><E131/><V55/><F64/><W125/><G125/><T60/><D60/><U63/><E63/><V59/><F84/><W8/><G48/><T33/><D51/><U90/><E90/><N who="0" m="34313" /><D83/><U49/><REACH who="1" step="1"/><E132/><REACH who="1" ten="250,240,230,270" step="2"/><V109/><F116/><W81/><G98/><N who="0" m="61687" /><D39/><U57/><E57/><V107/><F118/><W11/><G81/><T61/><D61/><U117/><E117/><V76/><F59/><W121/><G121/><T85/><D38/><U42/><E42/><V71/><F82/><W28/><G28/><N who="0" m="19615" /><D43/><U69/><E69/><V102/><F71/><W74/><G7/><T70/><D40/><U5/><E5/><V95/><F76/><W68/><G68/><T18/><D70/><U46/><E46/><V115/><F115/><W128/><G128/><T77/><D77/><U56/><E56/><V31/><F31/><W58/><G58/><T129/><D129/><U93/><AGARI ba="0,1" hai="17,20,24,41,47,49,52,53,54,72,73,93,99,100" machi="93" ten="30,11700,0" yaku="1,1,0,1,54,1,53,1" doraHai="66" doraHaiUra="37" who="1" fromWho="1" sc="250,-39,240,127,230,-39,270,-39" /><INIT seed="1,1,0,0,3,50" ten="211,367,191,231" oya="1" hai0="92,34,43,89,6,113,87,24,80,127,103,75,104" hai1="86,17,22,29,126,121,28,38,96,84,30,62,45" hai2="108,42,47,33,120,95,9,20,102,78,112,58,98" hai3="48,57,2,83,135,111,107,8,11,88,132,14,76"/><U63/><E121/><V130/><F33/><W44/><G107/><T32/><D113/><U85/><E126/><V36/><F120/><W41/><G111/><T21/><D43/><U5/><E5/><V101/><F108/><W93/><G2/><T90/><D6/><U37/><E96/><V94/><F112/><W27/><G27/><T99/><D127/><U53/><E45/><V79/><F130/><W7/><G57/><T0/><D0/><U3/><E3/><V100/><F9/><W133/><G8/><T19/><D90/><U39/><E53/><V23/><F58/><W117/><G117/><T65/><REACH who="0" step="1"/><D65/><REACH who="0" ten="201,367,191,231" step="2"/><U66/><E66/><V123/><F123/><W69/><G69/><T52/><D52/><U56/><E56/><V54/><F54/><W10/><G10/><T35/><D35/><U25/><AGARI ba="1,1" hai="17,22,25,28,29,30,37,38,39,62,63,84,85,86" machi="25" ten="40,7800,0" yaku="0,1,29,2" doraHai="50" who="1" fromWho="1" sc="201,-27,367,91,191,-27,231,-27" /><INIT seed="1,2,0,0,4,70" ten="174,458,164,204" oya="1" hai0="126,3,116,8,9,55,118,60,64,71,75,133,40" hai1="85,5,84,78,76,128,62,4,92,77,45,35,82" hai2="47,2,39,46,63,69,103,57,86,135,50,122,93" hai3="56,99,109,29,22,21,112,58,108,24,14,28,18"/><U49/><E35/><V125/><F2/><W19/><G99/><T36/><D75/><U44/><E128/><V53/><F122/><W68/><G68/><T38/><D9/><U48/><E62/><V37/><F69/><W80/><G80/><T15/><D3/><U41/><E92/><V98/><F135/><W20/><G58/><T72/><D72/><U59/><E59/><V67/><F125/><W6/><G56/><T52/><D126/><U120/><E120/><V101/><F101/><W102/><G102/><T16/><D133/><U12/><E12/><V31/><F47/><W11/><G112/><T127/><D127/><U115/><E115/><V43/><F43/><W87/><G87/><T81/><D81/><U107/><E107/><V134/><F134/><W97/><G97/><T74/><D74/><U110/><E84/><V106/><REACH who="2" step="1"/><F31/><REACH who="2" ten="174,458,154,204" step="2"/><W25/><G19/><T17/><D17/><U0/><E45/><V66/><F66/><W13/><AGARI ba="2,1" hai="6,11,13,14,18,20,21,22,24,25,28,29,108,109" machi="13" ten="30,8000,1" yaku="0,1,9,1,34,3" doraHai="70" who="3" fromWho="3" sc="174,-22,458,-42,154,-22,204,96" /><INIT seed="2,0,0,2,1,104" ten="152,416,132,300" oya="2" hai0="2,123,134,25,130,78,84,33,51,74,85,83,50" hai1="119,115,77,52,26,98,49,28,22,31,107,113,48" hai2="131,24,112,27,108,96,18,101,4,106,11,66,125" hai3="15,46,132,129,64,69,72,55,76,12,100,59,86"/><V73/><F112/><W63/><G129/><T124/><D123/><U79/><E119/><V121/><F121/><W105/><G132/><T23/><D2/><U75/><E48/><V36/><F36/><W40/><G105/><T54/><D33/><U87/><E31/><V42/><F42/><W53/><G100/><T89/><D130/><U110/><E110/><V99/><F131/><W29/><G29/><T133/><D51/><U117/><E117/><V102/><F108/><W0/><G0/><T34/><D34/><U45/><E75/><V47/><F47/><W9/><G72/><T43/><D43/><U62/><E107/><V38/><F38/><W8/><G69/><T128/><D128/><U94/><E87/><V58/><F73/><W127/><G127/><T7/><D7/><U81/><E81/><V32/><F125/><W3/><G3/><T116/><D116/><U90/><E113/><V97/><F106/><W13/><G86/><T67/><D67/><U91/><E91/><V57/><F32/><W10/><REACH who="3" step="1"/><G76/><REACH who="3" ten="152,416,132,290" step="2"/><T44/><D124/><U103/><E103/><N who="2" m="39435" /><F66/><W5/><G5/><T109/><D109/><U21/><E115/><V118/><F4/><W65/><G65/><T135/><REACH who="0" step="1"/><D89/><REACH who="0" ten="142,416,132,290" step="2"/><U82/><E90/><V6/><F6/><W20/><G20/><T30/><AGARI ba="0,2" hai="23,25,30,44,50,54,74,78,83,84,85,133,134,135" machi="30" ten="30,8000,1" yaku="1,1,2,1,0,1,20,1,52,1,53,0" doraHai="104" doraHaiUra="70" who="0" fromWho="0" sc="142,100,416,-20,132,-40,290,-20" /><INIT seed="3,0,0,4,1,129" ten="242,396,92,270" oya="3" hai0="124,60,65,106,132,10,101,3,95,112,76,86,114" hai1="127,32,7,34,17,113,81,36,98,128,125,5,35" hai2="29,44,120,111,28,1,15,24,116,73,0,46,58" hai3="67,54,80,9,4,52,14,63,25,85,16,94,39"/><W6/><G39/><T71/><D124/><N who="1" m="47691" /><E128/><V27/><F58/><W41/><G41/><T50/><D106/><U31/><E113/><N who="0" m="43625" /><D50/><U87/><E36/><V134/><F73/><W12/><G94/><T92/><D101/><U118/><E118/><V55/><F15/><W77/><G25/><T22/><D22/><U93/><E17/><V115/><F55/><W45/><G45/><T126/><D126/><U20/><E20/><V18/><F18/><W84/><G84/><T97/><D97/><U33/><E31/><V56/><F56/><W121/><G121/><T75/><D75/><U72/><E72/><V89/><F89/><W119/><G119/><T62/><D62/><U49/><E49/><V109/><F116/><W99/><G99/><T103/><D103/><N who="1" m="60879" /><E33/><V100/><F115/><W21/><REACH who="3" step="1"/><G6/><REACH who="3" ten="242,396,92,260" step="2"/><N who="0" m="1375" /><D95/><U8/><E8/><V82/><F100/><W38/><G38/><T66/><D92/><U91/><AGARI ba="0,1" hai="5,7,32,34,35,81,87,91" m="60879,47691" machi="91" ten="40,1500,0" yaku="18,1" doraHai="129" who="1" fromWho="1" sc="242,-4,396,25,92,-4,260,-7" owari="238,-16.0,421,52.0,88,-41.0,253,5.0" /></mjloggm>