<mjloggm ver="2.3"><GO type="97" lobby="0"/><UN n0="%E3%81%A1%E3%82%86%E3%81%A1%E3%82%83%E3%82%93" n1="%E5%B0%B1%E6%B4%BB%E7%94%9F%40%E5%B7%9D%E6%9D%91%E8%BB%8D%E5%9B%A3" n2="%74%61%6B%65%6F%32" n3="%6C%6F%6E%64%62%65%6C" dan="13,15,15,13" rate="1916.87,2002.30,1897.86,1866.78" sx="F,M,M,M"/><TAIKYOKU oya="0"/><INIT seed="0,0,0,5,5,83" ten="250,250,250,250" oya="0" hai0="9,66,116,71,22,45,50,134,135,43,108,111,20" hai1="8,5,124,36,99,3,58,73,72,90,123,11,97" hai2="26,120,44,94,121,47,0,46,55,10,37,42,131" hai3="30,54,88,82,6,60,105,48,80,92,103,52,25"/><T4/><D116/><U104/><E123/><V2/><F121/><W68/><G6/><T114/><D114/><U86/><E124/><V117/><F120/><W57/><G105/><T12/><D71/><U81/><E36/><V129/><F117/><W112/><G103/><T77/><D66/><U32/><E32/><V75/><F75/><W98/><G112/><T62/><D62/><U63/><E11/><V133/><F133/><N who="0" m="50698" /><D77/><U126/><E126/><V106/><F106/><W102/><G102/><T67/><D67/><U15/><E3/><V127/><F127/><W130/><G130/><N who="2" m="49673" /><F26/><W109/><G109/><AGARI ba="0,0" hai="4,9,12,20,22,43,45,50,108,109,111" m="50698" machi="109" ten="30,5800,0" yaku="14,1,10,1,20,1" doraHai="83" who="0" fromWho="3" sc="250,58,250,0,250,0,250,-58" /><INIT seed="0,1,0,5,5,23" ten="308,250,250,192" oya="0" hai0="97,129,120,96,131,69,30,10,66,50,52,133,112" hai1="68,77,72,13,122,35,116,47,19,54,57,22,34" hai2="44,125,64,123,56,118,114,5,113,111,93,84,94" hai3="79,75,98,24,46,27,17,63,132,108,43,1,126"/><T65/><D112/><U124/><E122/><V55/><F123/><W121/><G121/><T62/><D120/><U2/><E116/><V103/><F114/><W7/><G126/><T135/><D30/><U18/><E124/><V0/><F113/><W49/><G132/><N who="0" m="50763" /><D10/><U25/><E2/><V86/><F125/><W71/><G17/><T101/><D101/><U16/><E68/><V85/><F0/><W128/><G128/><N who="0" m="49227" /><D66/><U88/><E47/><AGARI ba="1,0" hai="47,50,52,62,65,69,96,97" m="49227,50763" machi="47" ten="30,5800,0" yaku="20,1,19,1,54,1" doraHai="23" who="0" fromWho="1" sc="308,61,250,-61,250,0,192,0" /><INIT seed="0,2,0,2,2,70" ten="369,189,250,192" oya="0" hai0="17,61,90,83,92,69,14,10,21,112,111,35,8" hai1="82,30,79,52,62,72,16,107,7,31,18,110,75" hai2="32,77,60,57,3,119,89,86,67,116,131,42,122" hai3="50,129,71,115,133,88,15,106,125,134,87,34,121"/><T37/><D112/><U105/><E75/><V6/><F122/><W135/><G121/><T91/><D35/><U45/><E7/><V123/><F123/><W101/><G115/><T22/><D22/><U36/><E110/><V26/><F131/><W0/><G34/><T5/><D111/><U103/><E31/><V102/><F77/><W93/><G71/><T54/><D10/><U19/><E30/><V132/><F132/><W25/><G0/><T43/><D83/><U55/><E103/><V56/><F102/><W124/><G25/><T46/><D54/><U58/><REACH who="1" step="1"/><E55/><REACH who="1" ten="369,179,250,192" step="2"/><V24/><F6/><W28/><G28/><T4/><D5/><U114/><E114/><V74/><F74/><W27/><G129/><T85/><D91/><U78/><E78/><V65/><F89/><W53/><G101/><T38/><D4/><U51/><E51/><V130/><F130/><W48/><G48/><T84/><D90/><U9/><E9/><V118/><F3/><W80/><G106/><T68/><D8/><U49/><E49/><V1/><F1/><W64/><G53/><T63/><D17/><U81/><E81/><V40/><F32/><W12/><G50/><T96/><D92/><U97/><E97/><V108/><F108/><W94/><G93/><T128/><D96/><U104/><E104/><V76/><F76/><W23/><G94/><T109/><D128/><U113/><E113/><V11/><F11/><W44/><G135/><T47/><D109/><U20/><E20/><V39/><F119/><W41/><G134/><T100/><D21/><U117/><E117/><RYUUKYOKU ba="2,1" sc="369,-10,179,30,250,-10,192,-10" hai1="16,18,19,36,45,52,58,62,72,79,82,105,107" /><INIT seed="1,3,1,5,2,56" ten="359,209,240,182" oya="1" hai0="135,2,95,12,57,30,99,86,14,87,126,129,107" hai1="49,96,37,52,25,104,75,10,117,98,18,15,24" hai2="20,70,82,112,115,79,118,44,46,122,58,60,94" hai3="92,31,74,127,71,29,132,40,35,9,22,47,1"/><U134/><E37/><V120/><F94/><W101/><G74/><T109/><D2/><U7/><E75/><V125/><F20/><W93/><G71/><T130/><D109/><U111/><E117/><V5/><F5/><W97/><G35/><T108/><D108/><U8/><E111/><V110/><F110/><W113/><G132/><T17/><D135/><U19/><E134/><V27/><F27/><N who="1" m="10313" /><E104/><V48/><F82/><W61/><G113/><N who="2" m="43593" /><F79/><W73/><G73/><T89/><D126/><U131/><E131/><N who="0" m="50185" /><D30/><N who="3" m="11273" /><G127/><T91/><D57/><N who="1" m="32911" /><E10/><V68/><F118/><W43/><G1/><T59/><D59/><U128/><E128/><V67/><F125/><W119/><G9/><T114/><D114/><U124/><E124/><V88/><F88/><N who="3" m="55431" /><G119/><T83/><D17/><AGARI ba="3,1" hai="7,8,15,17,18,19,96,98" m="32911,10313" machi="17" ten="30,2900,0" yaku="8,1,54,1" doraHai="56" who="1" fromWho="0" sc="359,-38,209,48,240,0,182,0" /><INIT seed="1,4,0,3,3,4" ten="321,257,240,182" oya="1" hai0="41,53,127,78,103,97,88,68,11,0,106,62,125" hai1="20,79,92,121,15,36,131,70,64,69,37,16,96" hai2="34,67,83,58,27,72,86,124,43,101,39,65,25" hai3="38,33,75,19,117,102,30,55,57,22,89,12,1"/><U50/><E121/><V26/><F72/><W122/><G38/><T71/><D78/><U109/><E131/><V2/><F34/><W59/><G122/><T13/><D0/><U3/><E3/><V18/><F2/><W5/><G117/><T9/><D41/><U42/><E109/><V35/><F35/><W48/><G75/><T23/><D88/><U76/><E37/><V119/><F119/><W84/><G102/><T45/><D13/><U130/><E36/><V52/><F39/><W134/><G134/><T108/><D23/><U32/><E32/><V133/><F124/><N who="0" m="47690" /><D108/><U93/><E130/><V107/><F133/><W56/><G30/><T31/><D31/><U114/><E114/><V115/><F115/><W87/><G87/><T132/><D132/><U120/><E120/><V10/><F43/><W61/><G33/><T81/><D81/><U8/><E20/><V99/><F18/><W110/><G110/><T46/><D62/><U94/><E96/><V24/><N who="2" m="6656" /><DORA hai="6" /><V116/><F116/><W95/><G61/><T90/><D90/><U29/><E29/><V128/><F128/><W40/><G40/><T105/><D105/><U60/><REACH who="1" step="1"/><E70/><REACH who="1" ten="321,247,240,182" step="2"/><V91/><F99/><W80/><REACH who="3" step="1"/><G80/><REACH who="3" ten="321,247,240,172" step="2"/><T100/><D97/><U85/><E85/><V123/><F83/><W129/><G129/><T51/><D71/><U63/><E63/><V66/><F86/><W126/><G126/><T104/><D68/><U7/><E7/><V112/><F123/><W49/><G49/><T74/><D74/><U111/><E111/><V82/><F82/><W17/><G17/><RYUUKYOKU ba="4,2" sc="321,-15,247,15,240,-15,172,15" hai1="8,15,16,42,50,60,64,69,76,79,92,93,94" hai3="1,5,12,19,22,48,55,56,57,59,84,89,95" /><INIT seed="1,5,2,5,5,50" ten="306,262,225,187" oya="1" hai0="36,95,25,2,131,130,74,4,90,88,14,87,17" hai1="23,26,65,118,117,28,85,37,38,40,78,121,92" hai2="71,49,111,91,96,103,21,82,60,104,89,1,134" hai3="107,48,33,57,132,101,30,110,77,32,108,22,63"/><U66/><E121/><V112/><F1/><W116/><G132/><T72/><D36/><U105/><E105/><V3/><F3/><W10/><G116/><T47/><D47/><U55/><E118/><V102/><F71/><W114/><G114/><T61/><D25/><U58/><E117/><V53/><F134/><W113/><G113/><T86/><D4/><U8/><E38/><V15/><F112/><W41/><G77/><T99/><D2/><U43/><E8/><V120/><F120/><W9/><G101/><T0/><D0/><U98/><E85/><N who="0" m="32265" /><D61/><N who="1" m="36063" /><E78/><V12/><F60/><W52/><G107/><T123/><D123/><U129/><E129/><N who="0" m="49161" /><D90/><N who="1" m="55575" /><E37/><V80/><F104/><W51/><G33/><T56/><D56/><U5/><E5/><V115/><F115/><W106/><G106/><T19/><D19/><U124/><E124/><V46/><F91/><W45/><G32/><T35/><D35/><U100/><E100/><V18/><F103/><W70/><G30/><T29/><D29/><U133/><E133/><V109/><F102/><W125/><G22/><AGARI ba="5,2" hai="14,17,22,72,74,88,95,99" m="49161,32265" machi="22" ten="30,2000,0" yaku="19,1,54,1" doraHai="50" who="0" fromWho="3" sc="306,55,262,0,225,0,187,-35" /><INIT seed="2,0,0,2,4,122" ten="361,262,225,152" oya="2" hai0="60,103,129,110,33,36,31,67,100,128,40,44,98" hai1="37,108,51,56,49,101,48,86,123,22,74,126,111" hai2="70,95,21,52,46,102,15,127,29,97,78,75,5" hai3="68,106,14,134,85,42,17,84,55,115,24,120,28"/><V11/><F70/><W107/><G134/><T4/><D4/><U8/><E74/><V92/><F127/><W13/><G120/><T113/><D113/><U132/><E37/><V6/><F75/><W135/><G68/><N who="0" m="42087" /><D110/><N who="1" m="42027" /><E123/><V89/><F78/><W93/><G135/><T82/><D82/><U20/><E132/><V83/><F83/><W62/><G42/><T23/><D23/><N who="1" m="8747" /><E126/><V26/><F6/><W25/><G62/><T79/><D79/><U32/><E32/><V69/><F69/><W81/><G55/><T72/><D72/><U7/><E101/><V41/><F52/><W77/><G115/><T16/><D16/><U2/><E86/><V94/><REACH who="2" step="1"/><F102/><REACH who="2" ten="361,262,215,152" step="2"/><W54/><G81/><T18/><D103/><U121/><E121/><V57/><F57/><AGARI ba="0,1" hai="2,7,8,48,49,51,56,57" m="8747,42027" machi="57" ten="40,8000,1" yaku="14,1,52,3" doraHai="122" who="1" fromWho="2" sc="361,0,262,90,215,-80,152,0" /><INIT seed="3,0,0,3,4,5" ten="361,352,135,152" oya="3" hai0="21,119,53,83,4,129,40,95,59,65,49,7,63" hai1="46,54,133,118,125,58,103,62,92,124,91,56,37" hai2="36,135,85,134,12,15,94,112,89,16,86,8,74" hai3="127,50,6,30,97,104,39,70,67,9,17,84,77"/><W23/><G39/><T51/><D119/><U110/><E110/><V72/><F36/><W116/><G30/><T71/><D129/><U76/><E118/><V99/><F112/><W64/><G70/><T122/><D122/><U106/><E133/><N who="2" m="50699" /><F12/><N who="3" m="5175" /><G104/><T3/><D3/><U105/><E76/><V81/><F86/><W47/><G97/><T80/><D21/><U117/><E117/><V100/><AGARI ba="0,0" hai="8,15,16,72,74,81,85,89,94,99,100" m="50699" machi="100" ten="30,4000,0" yaku="20,1,52,1,54,1" doraHai="5" who="2" fromWho="2" sc="361,-10,352,-10,135,40,152,-20" owari="351,45.0,342,14.0,175,-22.0,132,-37.0" /></mjloggm>