<mjloggm ver="2.3"><GO type="169" lobby="0"/><UN n0="%E3%82%B7%E3%83%B3%E3%83%87%E3%83%AB%E3%83%A9" n1="%E3%82%A6%E3%83%AB%E3%83%88%E3%83%A9%E7%AB%8B%E7%9B%B4" n2="%E5%A5%B3%E3%81%AA%E3%81%AE%E3%81%82%E3%81%8C%E3%82%89%E3%81%9B%E3%81%A6" n3="%E3%81%8A%E3%83%BC%E3%81%84%E3%81%8A%E8%8C%B6" dan="17,17,16,17" rate="2185.04,2120.43,2090.56,2177.98" sx="M,M,F,M"/><TAIKYOKU oya="0"/><INIT seed="0,0,0,0,3,37" ten="250,250,250,250" oya="0" hai0="93,68,18,5,129,97,125,62,50,70,21,75,113" hai1="55,16,38,64,82,109,69,63,33,59,24,15,28" hai2="107,26,12,71,32,29,3,103,27,58,53,87,90" hai3="130,0,120,1,31,25,57,124,10,86,51,65,22"/><T108/><D113/><U114/><E109/><V123/><F123/><W48/><G120/><T52/><D108/><U76/><E38/><V39/><F39/><W67/><G130/><T80/><D129/><U89/><E89/><V110/><F3/><W127/><G86/><T79/><D125/><U13/><E114/><V102/><F71/><W56/><G10/><T72/><D5/><U121/><E121/><V96/><F102/><W112/><G112/><T91/><D72/><U45/><E45/><V6/><F27/><W66/><G1/><T19/><D19/><U126/><E126/><N who="3" m="48170" /><G0/><T115/><D115/><U43/><E43/><V88/><F87/><W131/><G131/><T17/><D17/><U84/><E16/><V4/><F110/><W78/><G78/><T99/><D99/><U47/><E47/><V134/><F134/><W9/><G9/><T135/><D135/><U49/><AGARI ba="0,0" hai="13,15,24,28,33,49,55,59,63,64,69,76,82,84" machi="49" ten="20,1500,0" yaku="0,1,7,1" doraHai="37" who="1" fromWho="1" sc="250,-7,250,15,250,-4,250,-4" /><INIT seed="1,0,0,4,3,121" ten="243,265,246,246" oya="1" hai0="98,115,20,66,133,70,30,88,25,99,81,8,97" hai1="71,94,114,90,128,12,60,123,102,7,5,68,4" hai2="62,56,45,127,51,9,135,46,109,22,116,106,95" hai3="77,41,52,44,72,15,108,112,93,61,54,118,38"/><U21/><E123/><V105/><F116/><W130/><G112/><T126/><D115/><U58/><E114/><V19/><F127/><W132/><G118/><T53/><D126/><U69/><E128/><V59/><F109/><W101/><G130/><T100/><D133/><U113/><E113/><V120/><F135/><W0/><G0/><T27/><D8/><U28/><E102/><V3/><F120/><W96/><G132/><T86/><D53/><U125/><E125/><V80/><F95/><W47/><G108/><T49/><D49/><U57/><E60/><V82/><F56/><W75/><G77/><T131/><D131/><U6/><N who="1" m="1024" /><DORA hai="119" /><U134/><E134/><V67/><F3/><W31/><G31/><T89/><D89/><U111/><E111/><V17/><F45/><W1/><G1/><T29/><D66/><U24/><REACH who="1" step="1"/><E12/><REACH who="1" ten="243,255,246,246" step="2"/><N who="2" m="7311" /><F106/><W11/><G61/><T32/><REACH who="0" step="1"/><D70/><REACH who="0" ten="233,255,246,246" step="2"/><U91/><E91/><V85/><F67/><W23/><G101/><AGARI ba="0,2" hai="20,25,27,29,30,32,81,86,88,97,98,99,100,101" machi="101" ten="40,8000,1" yaku="1,1,2,1,54,1,53,1" doraHai="121,119" doraHaiUra="122,76" who="0" fromWho="3" sc="233,100,255,0,246,0,246,-80" /><INIT seed="2,0,0,5,4,135" ten="333,255,246,166" oya="2" hai0="10,105,115,22,38,31,121,1,72,98,16,104,35" hai1="88,4,50,118,89,75,69,129,96,101,133,64,127" hai2="131,51,32,125,86,33,34,87,73,123,29,19,15" hai3="113,107,49,63,97,94,43,37,7,13,48,44,81"/><V71/><F123/><W134/><G134/><T114/><D121/><U52/><E75/><V47/><F71/><W109/><G107/><T122/><D122/><U3/><E118/><V76/><F131/><W60/><G109/><T111/><D38/><U23/><E133/><V36/><F36/><W12/><G113/><T26/><D72/><U24/><E129/><V53/><F125/><W74/><G74/><T39/><D39/><U84/><E127/><V27/><F73/><W99/><G81/><T8/><D111/><U80/><E89/><V128/><F128/><W102/><G37/><T120/><D120/><U42/><E42/><V77/><F87/><W116/><G116/><T46/><D46/><U90/><E90/><V92/><F92/><W58/><G99/><T5/><D10/><U59/><E4/><V126/><F126/><W100/><G100/><N who="0" m="62487" /><D105/><U28/><E3/><V67/><F67/><W119/><G119/><T65/><D65/><U79/><E79/><V55/><F55/><N who="3" m="32111" /><G12/><AGARI ba="0,0" hai="1,5,8,12,16,22,26,31,35,114,115" m="62487" machi="12" ten="30,2000,0" yaku="24,1,54,1" doraHai="135" who="0" fromWho="3" sc="333,20,255,0,246,0,166,-20" /><INIT seed="3,0,0,0,2,124" ten="353,255,246,146" oya="3" hai0="123,95,118,117,32,21,24,107,38,18,106,55,53" hai1="74,42,85,89,112,99,29,57,36,47,86,84,27" hai2="43,101,0,39,104,28,1,67,40,115,58,63,72" hai3="65,108,59,22,98,62,81,90,4,114,82,19,121"/><W111/><G114/><T126/><D123/><U23/><E74/><V127/><F115/><W73/><G121/><T103/><D38/><U93/><E112/><V102/><F127/><W8/><G73/><T113/><D126/><U128/><E128/><V9/><F28/><W78/><G78/><T64/><D113/><U61/><E84/><V6/><F0/><W66/><G66/><AGARI ba="0,0" hai="23,27,29,36,42,47,57,61,66,85,86,89,93,99" machi="66" ten="30,1000,0" yaku="7,1" doraHai="124" who="1" fromWho="3" sc="353,0,255,10,246,0,146,-10" /><INIT seed="4,0,0,1,1,135" ten="353,265,246,136" oya="0" hai0="123,131,43,54,33,105,10,101,69,23,12,46,86" hai1="120,47,8,71,99,104,67,132,34,87,26,0,91" hai2="57,15,115,96,61,98,60,72,84,134,107,93,116" hai3="20,125,113,58,63,44,73,59,55,28,32,22,88"/><T117/><D117/><U37/><E132/><V52/><F115/><W94/><G73/><T51/><D123/><U119/><E119/><V122/><F122/><W3/><G3/><T16/><D33/><U106/><E91/><N who="2" m="53479" /><F72/><W53/><G113/><T17/><D131/><U75/><E87/><V77/><F77/><W30/><G125/><T19/><D69/><U62/><E75/><V41/><F107/><W68/><G68/><T29/><D105/><U13/><E13/><V83/><F83/><W89/><G44/><T124/><D124/><U66/><E66/><V109/><F109/><W21/><G32/><T127/><D127/><U42/><E99/><N who="2" m="37931" /><F41/><W1/><G1/><T65/><D101/><U2/><E120/><V25/><F25/><W114/><G114/><T18/><D65/><U110/><E0/><V97/><F97/><W76/><G76/><T24/><REACH who="0" step="1"/><D86/><REACH who="0" ten="343,265,246,136" step="2"/><U92/><E106/><V108/><F116/><W14/><G14/><T7/><D7/><U38/><E104/><V95/><F134/><W50/><REACH who="3" step="1"/><G94/><REACH who="3" ten="343,265,246,126" step="2"/><T103/><D103/><U80/><E92/><V36/><F95/><W4/><G4/><T85/><D85/><U130/><E2/><V112/><F15/><W79/><G79/><T9/><D9/><U56/><E8/><V48/><F112/><W64/><G64/><T27/><D27/><U11/><E11/><V35/><F35/><W128/><G128/><T49/><D49/><U81/><E130/><V78/><F48/><W121/><G121/><T118/><D118/><U31/><E71/><V5/><F78/><W126/><G126/><RYUUKYOKU ba="0,2" sc="343,15,265,-15,246,-15,126,15" hai0="10,12,16,17,18,19,23,24,29,43,46,51,54" hai3="20,21,22,28,30,50,53,55,58,59,63,88,89" /><INIT seed="4,1,2,2,5,99" ten="358,250,231,141" oya="0" hai0="21,0,37,6,94,79,98,55,120,123,104,41,89" hai1="42,95,28,63,127,58,45,8,133,70,105,40,13" hai2="62,128,106,67,126,107,91,33,69,1,43,65,60" hai3="74,96,110,61,68,14,92,51,125,93,26,135,48"/><T101/><D79/><U4/><E105/><V15/><F1/><W25/><G110/><T56/><D21/><U35/><E127/><V36/><F128/><W83/><G125/><T108/><D108/><U31/><E70/><V100/><F33/><W113/><G113/><T85/><D41/><U124/><E124/><V97/><F107/><W122/><G135/><T5/><D37/><U86/><E133/><V84/><F126/><W117/><G117/><T20/><D20/><U46/><E35/><V53/><F15/><W49/><G122/><T30/><D30/><U76/><E45/><V10/><F10/><W47/><G47/><T111/><D111/><U73/><E73/><V2/><F2/><W27/><G14/><T7/><REACH who="0" step="1"/><D0/><REACH who="0" ten="348,250,231,141" step="2"/><U115/><E42/><V17/><F43/><W102/><G74/><T112/><D112/><U78/><E78/><V12/><F36/><W22/><G22/><T116/><D116/><U87/><E76/><V77/><F77/><W9/><G9/><T11/><D11/><U103/><E31/><V134/><F134/><W24/><G24/><T71/><D71/><U75/><E28/><V72/><F72/><W54/><G68/><T50/><AGARI ba="1,3" hai="5,6,7,50,55,56,85,89,94,98,101,104,120,123" machi="50" ten="30,11700,0" yaku="1,1,0,1,52,1,53,1" doraHai="99" doraHaiUra="82" who="0" fromWho="0" sc="348,150,250,-40,231,-40,141,-40" /><INIT seed="4,2,0,1,0,34" ten="498,210,191,101" oya="0" hai0="49,119,130,92,123,66,38,113,101,78,88,135,19" hai1="8,22,131,68,48,105,112,4,37,13,5,104,56" hai2="69,55,3,45,44,83,15,99,132,25,47,107,79" hai3="87,96,125,40,65,106,70,20,27,57,26,134,10"/><T118/><D38/><U98/><E68/><V58/><F132/><W84/><G70/><T36/><D36/><U60/><E37/><V109/><F109/><W103/><G134/><T89/><D135/><U6/><E131/><V97/><F69/><W18/><G125/><T121/><D66/><U50/><E104/><V75/><F15/><W62/><G40/><T85/><D19/><N who="1" m="8615" /><E105/><V128/><F128/><W108/><G108/><T126/><D49/><U71/><E71/><V30/><F107/><W24/><REACH who="3" step="1"/><G10/><REACH who="3" ten="498,210,191,91" step="2"/><T54/><D126/><U110/><E110/><V35/><REACH who="2" step="1"/><F3/><REACH who="2" ten="498,210,181,91" step="2"/><W7/><G7/><T122/><D130/><U114/><E4/><V28/><F28/><W1/><G1/><T64/><D123/><U41/><E5/><V116/><F116/><W93/><G93/><T74/><D92/><U11/><E6/><V91/><F91/><W129/><G129/><T127/><D88/><U90/><E90/><V120/><F120/><W14/><AGARI ba="2,2" hai="14,18,20,24,26,27,57,62,65,84,87,96,103,106" machi="14" ten="30,2000,0" yaku="1,1,0,1,53,0" doraHai="34" doraHaiUra="67" who="3" fromWho="3" sc="498,-12,210,-7,181,-7,91,46" /><INIT seed="5,0,0,4,0,102" ten="486,203,174,137" oya="1" hai0="122,73,91,76,124,29,84,53,5,75,63,46,109" hai1="85,2,79,56,24,92,107,64,65,30,57,55,135" hai2="105,20,101,130,72,60,27,32,22,38,118,6,62" hai3="10,67,100,106,44,89,15,9,90,93,19,114,111"/><U98/><E2/><V104/><F118/><W87/><G111/><T28/><D109/><U8/><E135/><V26/><F38/><W117/><G114/><T112/><D124/><U41/><E41/><V23/><F72/><W132/><G132/><T61/><D5/><U49/><E8/><V99/><F130/><W42/><G117/><T77/><D84/><U48/><E107/><V125/><F125/><W70/><G9/><T52/><D46/><U69/><E69/><V36/><F36/><W7/><G7/><T128/><D91/><U66/><E79/><V51/><F6/><W115/><G115/><T34/><D112/><U12/><E12/><V4/><F4/><W16/><G19/><T121/><D34/><U83/><E83/><V43/><F104/><W78/><G78/><T35/><D35/><U68/><E85/><V0/><F0/><W129/><G90/><T110/><D110/><U17/><E17/><V18/><F32/><W47/><G129/><AGARI ba="0,0" hai="28,29,52,53,61,63,73,75,76,77,121,122,128,129" machi="129" ten="25,3200,0" yaku="22,2,54,1" doraHai="102" who="0" fromWho="3" sc="486,32,203,0,174,0,137,-32" /><INIT seed="6,0,0,1,4,47" ten="518,203,174,105" oya="2" hai0="11,55,66,77,69,86,26,22,127,0,51,9,84" hai1="115,119,45,67,74,7,25,49,75,4,36,23,103" hai2="108,10,53,105,117,37,88,133,19,57,21,41,129" hai3="39,82,64,128,87,107,70,30,62,3,56,46,80"/><V48/><F117/><W52/><G107/><T12/><D0/><U91/><E119/><V114/><F114/><W92/><G3/><T83/><D127/><U61/><E36/><V106/><F129/><W123/><G123/><T120/><D120/><U15/><E103/><V135/><F108/><W95/><G128/><T97/><D97/><U124/><E124/><V63/><F10/><W79/><G30/><T94/><D66/><U14/><E91/><V102/><F37/><W59/><G59/><T60/><D60/><U1/><E1/><V72/><F72/><W6/><G6/><T29/><D69/><U121/><E121/><V111/><F111/><W112/><G112/><T85/><D94/><U81/><E115/><V78/><F78/><W31/><G31/><T38/><D38/><U68/><E81/><V34/><F34/><W76/><G39/><T18/><D9/><U98/><E98/><V40/><F88/><W113/><G113/><T89/><D89/><U96/><E96/><N who="2" m="61639" /><F63/><W32/><G32/><T35/><D35/><U20/><E75/><V43/><F106/><W58/><G70/><T16/><D18/><U110/><E74/><V126/><F126/><W134/><G46/><AGARI ba="0,0" hai="11,12,16,22,26,29,46,51,55,77,83,84,85,86" machi="46" ten="30,7700,0" yaku="7,1,8,1,52,1,54,1" doraHai="47" who="0" fromWho="3" sc="518,77,203,0,174,0,105,-77" /><INIT seed="7,0,0,4,4,124" ten="595,203,174,28" oya="3" hai0="14,26,33,29,134,98,19,131,42,119,105,106,77" hai1="37,114,56,118,84,31,71,73,6,86,28,45,27" hai2="58,1,70,66,53,61,59,129,110,115,113,120,43" hai3="96,82,52,49,87,122,32,62,69,16,2,93,36"/><W91/><G122/><T4/><D131/><U23/><E71/><V125/><F1/><W39/><G2/><T64/><D119/><U44/><E73/><V57/><F129/><W60/><G32/><T133/><D4/><U10/><E114/><N who="2" m="43531" /><F110/><W75/><G75/><T80/><D64/><U25/><E56/><N who="2" m="21611" /><F125/><W83/><G69/><T47/><D80/><N who="3" m="30761" /><G39/><N who="0" m="21983" /><D77/><U74/><E74/><V63/><F43/><W79/><G36/><T11/><D98/><U48/><E37/><V78/><F78/><W81/><G16/><T94/><D94/><U46/><E48/><V135/><F135/><AGARI ba="0,0" hai="11,14,19,26,29,33,105,106,133,134,135" m="21983" machi="135" ten="30,1000,0" yaku="20,1" doraHai="124" who="0" fromWho="2" sc="595,10,203,0,174,-10,28,0" owari="605,71.0,203,0.0,164,-24.0,28,-47.0" /></mjloggm>